<mjloggm ver="2.3"><GO type="169" lobby="0"/><UN n0="%E3%81%9F%E3%81%BE%E5%AD%90" n1="%E4%B8%83%E7%94%9F%E5%A4%95" n2="%65%78%69%73%74%2D%79" n3="%E6%95%97%E5%8C%97%E8%80%85%E3%81%AD%E3%82%8B" dan="16,16,16,17" rate="2155.90,2101.79,2088.74,2201.70" sx="M,M,M,F"/><TAIKYOKU oya="0"/><INIT seed="0,0,0,3,5,24" ten="250,250,250,250" oya="0" hai0="50,133,116,113,77,25,74,134,120,65,32,54,13" hai1="117,38,105,129,70,118,99,20,98,115,52,121,47" hai2="33,23,79,10,39,66,59,14,132,57,3,18,78" hai3="89,103,37,124,43,55,62,75,48,11,92,1,87"/><T110/><D113/><U93/><E121/><V119/><F132/><N who="0" m="50794" /><D120/><U35/><E35/><V58/><F39/><W83/><G124/><T31/><D116/><U85/><E129/><V109/><F119/><W34/><G34/><T123/><D123/><U84/><E70/><V67/><F109/><W15/><G1/><T107/><D107/><U102/><E115/><V106/><F106/><W130/><G130/><T44/><D110/><U9/><E117/><V29/><F3/><W125/><G125/><T17/><D65/><N who="2" m="24586" /><F33/><W0/><G0/><T69/><D69/><U36/><E9/><V41/><F41/><W4/><G62/><T46/><D77/><N who="2" m="29194" /><F29/><W63/><G63/><T61/><D61/><U135/><E118/><V90/><F90/><W112/><G112/><T101/><D101/><U91/><E135/><V76/><N who="2" m="29202" /><V19/><DORA hai="22" /><F59/><W73/><G103/><T40/><D74/><U97/><E38/><V104/><F104/><W26/><G37/><T2/><D2/><U64/><E36/><V82/><F82/><W108/><G83/><T114/><D114/><U96/><E64/><V8/><F8/><W127/><G127/><T16/><D13/><AGARI ba="0,0" hai="10,13,14,18,19,23,57,58" m="29202,24586" machi="13" ten="40,1300,0" yaku="8,1" doraHai="24,22" who="2" fromWho="0" sc="250,-13,250,0,250,13,250,0" /><INIT seed="1,0,0,2,2,112" ten="237,250,263,250" oya="1" hai0="84,48,7,133,114,1,10,30,83,15,93,118,57" hai1="47,38,44,119,104,64,76,39,101,63,68,111,135" hai2="17,37,73,110,125,33,113,5,98,127,99,59,128" hai3="54,67,28,130,77,94,126,56,90,75,86,23,87"/><U58/><E119/><V4/><F113/><W55/><G130/><T102/><D114/><U115/><E76/><V6/><F73/><W51/><G126/><N who="2" m="48137" /><F37/><N who="1" m="13833" /><E101/><V16/><F128/><W52/><G75/><T100/><D133/><U71/><E104/><V25/><F110/><W20/><G67/><T82/><D30/><U26/><E26/><V11/><F59/><W72/><G72/><T106/><D106/><U69/><E115/><V123/><F123/><W49/><G28/><T36/><D36/><U19/><E19/><N who="2" m="7243" /><F99/><W9/><G9/><T40/><D1/><U117/><E111/><V41/><F41/><W120/><G120/><T50/><D118/><U13/><E13/><N who="2" m="5351" /><F98/><W14/><G14/><T116/><D116/><U24/><E24/><V21/><F33/><W29/><G29/><AGARI ba="0,0" hai="5,6,21,25,29" m="5351,7243,48137" machi="29" ten="30,7700,0" yaku="18,1,34,2,54,1" doraHai="112" who="2" fromWho="3" sc="237,0,250,0,263,77,250,-77" /><INIT seed="2,0,0,1,4,50" ten="237,250,340,173" oya="2" hai0="46,36,83,119,25,123,49,70,122,131,1,3,44" hai1="21,57,96,99,77,0,103,107,66,65,134,42,88" hai2="115,47,106,120,33,128,30,97,23,32,58,28,51" hai3="4,60,69,67,18,68,110,26,127,7,24,16,126"/><V48/><F115/><W5/><G110/><T102/><D131/><U63/><E0/><V41/><F120/><W89/><G89/><T95/><D70/><N who="3" m="27241" /><G60/><T113/><D113/><U80/><E134/><V54/><F128/><W53/><G53/><T22/><D119/><U114/><E114/><V109/><F109/><W132/><G67/><T112/><D112/><U78/><E42/><V35/><REACH who="2" step="1"/><F23/><REACH who="2" ten="237,250,330,173" step="2"/><W90/><G132/><T27/><D22/><U64/><E77/><V31/><F31/><W91/><G91/><T105/><D122/><U125/><E21/><V93/><F93/><W59/><G90/><T75/><D95/><U12/><E88/><V6/><F6/><W14/><G4/><T135/><D123/><U111/><E111/><V39/><F39/><W52/><G5/><T73/><D135/><U37/><E37/><V71/><F71/><W100/><G7/><T56/><D36/><U82/><E78/><V61/><F61/><N who="3" m="36071" /><G100/><AGARI ba="0,1" hai="28,30,32,33,35,41,47,48,51,54,58,97,100,106" machi="100" ten="40,3900,0" yaku="1,1,52,1,53,0" doraHai="50" doraHaiUra="34" who="2" fromWho="3" sc="237,0,250,0,330,49,173,-39" /><INIT seed="2,1,0,0,1,125" ten="237,250,379,134" oya="2" hai0="56,70,117,127,105,81,49,46,36,73,54,85,66" hai1="99,18,40,30,129,62,13,4,52,38,39,55,104" hai2="19,128,120,98,50,65,43,26,68,89,2,93,110" hai3="124,14,122,48,67,8,131,121,100,44,116,84,103"/><V126/><F120/><W10/><G116/><T0/><D117/><U95/><E104/><V15/><F126/><W90/><G124/><T41/><D105/><U33/><E4/><V86/><F2/><W60/><G121/><T58/><D127/><U123/><E123/><V37/><F37/><W7/><G122/><T115/><D115/><U109/><E109/><V102/><F110/><W80/><G8/><T28/><D28/><U75/><E75/><V83/><F26/><W51/><G51/><T45/><D0/><U69/><E30/><V6/><F6/><W96/><G96/><T106/><D73/><U20/><E33/><V53/><F43/><W21/><G21/><T74/><D74/><U9/><E9/><V71/><F65/><W25/><G25/><T57/><D106/><U133/><E133/><V3/><F3/><W78/><G90/><T42/><D85/><U61/><E40/><V97/><F97/><W119/><G131/><T29/><D81/><U94/><E129/><V22/><F128/><W17/><G17/><T59/><D29/><U118/><E118/><V101/><F101/><W47/><G47/><AGARI ba="1,0" hai="15,19,22,47,50,53,68,71,83,86,89,93,98,102" machi="47" ten="30,1500,0" yaku="7,1" doraHai="125" who="2" fromWho="3" sc="237,0,250,0,379,18,134,-18" /><INIT seed="2,2,0,2,2,85" ten="237,250,397,116" oya="2" hai0="13,127,37,41,132,106,47,95,125,33,118,98,116" hai1="8,5,121,123,135,94,87,35,104,40,92,124,19" hai2="55,120,31,52,111,81,82,75,78,89,48,2,59" hai3="115,102,32,62,20,100,66,109,23,14,24,6,101"/><V70/><F120/><W11/><G109/><T36/><D33/><U84/><E35/><V96/><F70/><W34/><G115/><T16/><D106/><U60/><E104/><V122/><F122/><N who="1" m="46601" /><E40/><V7/><F31/><W57/><REACH who="3" step="1"/><G20/><REACH who="3" ten="237,250,397,106" step="2"/><N who="0" m="11279" /><D132/><U54/><E135/><V68/><F111/><W39/><G39/><T130/><D36/><U110/><E110/><V51/><F68/><W38/><G38/><T134/><D134/><U133/><E133/><V103/><F75/><W28/><AGARI ba="2,1" hai="6,11,14,23,24,28,32,34,57,62,66,100,101,102" machi="28" ten="30,7900,0" yaku="1,1,0,1,53,2" doraHai="85" doraHaiUra="30" who="3" fromWho="3" sc="237,-22,250,-22,397,-41,106,95" /><INIT seed="3,0,0,1,2,113" ten="215,228,356,201" oya="3" hai0="10,104,19,135,17,120,24,86,124,116,97,0,9" hai1="50,114,129,21,15,12,131,13,23,100,133,118,75" hai2="33,57,92,80,94,31,65,127,32,99,78,48,91" hai3="52,96,58,122,125,79,18,110,108,130,49,107,71"/><W103/><G122/><T8/><D120/><U67/><E75/><V53/><F127/><W34/><G34/><T29/><D86/><U7/><E100/><V41/><F92/><W117/><G117/><T82/><D82/><U62/><E114/><V84/><F31/><W81/><G71/><T121/><D97/><U111/><E111/><N who="3" m="42538" /><G125/><T101/><D101/><U126/><E126/><V55/><F65/><W72/><G18/><N who="0" m="6667" /><D104/><U5/><E50/><V27/><F27/><W69/><G69/><T42/><D42/><U47/><E47/><V66/><F66/><W1/><G1/><T46/><D46/><U56/><E133/><V51/><F41/><W38/><G130/><N who="1" m="49674" /><E118/><V106/><F106/><W61/><G38/><T35/><D124/><U25/><E25/><V16/><F16/><W45/><G45/><AGARI ba="0,0" hai="32,33,45,48,51,53,55,57,78,80,84,91,94,99" machi="45" ten="30,1000,0" yaku="7,1" doraHai="113" who="2" fromWho="3" sc="215,0,228,0,356,10,201,-10" /><INIT seed="4,0,0,4,5,61" ten="215,228,366,191" oya="0" hai0="31,15,69,112,50,11,79,73,43,88,28,134,42" hai1="22,0,128,52,74,54,40,57,131,104,95,90,105" hai2="115,71,63,20,70,72,33,116,92,4,3,129,45" hai3="82,68,100,12,35,25,135,5,18,125,119,124,49"/><T117/><D117/><U133/><E74/><V102/><F115/><W32/><G68/><T67/><D112/><U101/><E0/><V55/><F72/><W59/><G100/><T6/><D134/><U81/><E133/><V23/><F129/><N who="1" m="49737" /><E40/><V91/><F33/><W58/><G119/><T34/><D79/><U87/><E22/><V56/><F116/><W83/><G135/><T121/><D73/><U93/><E54/><V21/><F102/><W36/><G36/><T46/><D121/><U66/><E66/><V47/><F70/><W29/><G5/><T114/><D114/><U80/><E93/><V85/><REACH who="2" step="1"/><F71/><REACH who="2" ten="215,228,356,191" step="2"/><W96/><G35/><T24/><D31/><U113/><E113/><V7/><F7/><W8/><G125/><T77/><D77/><U39/><E101/><V109/><F109/><W10/><G124/><T41/><REACH who="0" step="1"/><D88/><REACH who="0" ten="205,228,356,191" step="2"/><U60/><E90/><V84/><F84/><W62/><G29/><T13/><D13/><U14/><E14/><V122/><F122/><W48/><G12/><T97/><D97/><U53/><E87/><V9/><AGARI ba="0,2" hai="3,4,9,20,21,23,45,47,55,56,63,85,91,92" machi="9" ten="30,2000,0" yaku="1,1,0,1,53,0" doraHai="61" doraHaiUra="132" who="2" fromWho="2" sc="205,-10,228,-5,356,40,191,-5" /><INIT seed="5,0,0,5,4,60" ten="195,223,396,186" oya="1" hai0="58,41,98,113,73,19,43,11,103,105,77,111,121" hai1="101,56,44,135,6,49,5,51,10,39,102,123,89" hai2="130,42,9,76,63,59,37,117,125,23,53,35,62" hai3="115,7,132,75,124,34,129,68,33,61,128,18,15"/><U86/><E123/><V110/><F35/><N who="3" m="13323" /><G75/><T120/><D111/><U17/><E39/><V69/><F76/><W104/><G104/><T45/><D113/><U50/><E135/><V26/><F9/><N who="3" m="4543" /><G61/><T81/><D41/><U96/><E17/><V72/><F23/><W30/><G68/><T80/><D80/><U70/><E70/><V21/><F21/><W90/><G90/><T64/><D19/><U24/><E24/><V122/><F26/><W74/><G74/><T82/><D82/><U88/><E56/><N who="2" m="35087" /><F72/><W55/><G55/><T0/><D58/><U134/><E134/><V4/><F4/><N who="1" m="1641" /><E10/><V78/><F78/><W66/><G66/><T107/><D107/><U71/><E71/><V65/><F122/><N who="0" m="47210" /><D11/><U1/><E1/><V22/><F22/><W16/><G132/><T36/><D0/><U119/><E44/><N who="2" m="23631" /><F110/><W79/><G79/><T99/><D99/><U126/><E96/><V116/><F69/><W133/><G133/><T3/><D3/><U118/><E101/><V28/><F28/><W114/><G30/><T92/><D105/><U100/><E102/><V47/><F47/><W94/><G94/><T2/><D2/><U48/><E100/><V40/><F40/><W109/><G109/><T127/><D64/><U131/><E89/><V85/><F85/><W46/><G46/><T25/><D25/><U112/><E88/><V93/><F93/><W106/><G106/><T87/><D73/><U14/><E86/><V67/><F67/><W57/><G57/><T13/><D13/><U38/><N who="1" m="12288" /><DORA hai="83" /><U91/><E14/><V84/><F59/><RYUUKYOKU ba="0,0" sc="195,30,223,-10,396,-10,186,-10" hai0="36,43,45,77,81,87,92,98,103,127" /><INIT seed="6,1,0,5,4,129" ten="225,213,386,176" oya="2" hai0="45,67,54,10,14,70,24,113,127,12,64,58,4" hai1="73,25,106,121,128,135,118,43,56,48,3,134,88" hai2="0,96,18,119,71,62,98,124,23,28,55,13,21" hai3="111,60,81,20,77,101,123,50,2,102,61,7,79"/><V109/><F0/><W29/><G123/><T22/><D113/><U49/><E118/><V130/><F119/><W34/><G111/><T117/><D117/><U76/><E3/><V46/><F109/><W90/><G34/><T47/><D127/><U44/><E106/><V112/><F130/><W63/><G2/><T74/><D74/><U126/><E128/><V105/><F124/><W15/><G7/><T97/><D97/><U125/><E121/><V91/><F112/><W122/><G122/><T39/><D14/><U116/><E25/><N who="2" m="16431" /><F71/><W33/><G33/><T66/><D39/><U51/><E116/><V69/><F69/><W41/><G90/><T85/><D85/><U99/><E76/><V19/><F105/><W37/><G37/><T78/><D78/><U30/><E30/><V31/><F31/><W65/><G65/><T89/><D89/><U94/><E73/><V53/><F91/><W16/><G29/><N who="0" m="17559" /><D70/><U131/><E131/><V11/><F55/><W93/><G93/><T75/><D75/><U100/><E88/><V104/><F104/><W40/><G79/><T9/><D9/><U103/><E103/><N who="3" m="39434" /><G50/><AGARI ba="1,0" hai="4,10,12,45,47,50,54,58,64,66,67" m="17559" machi="50" ten="30,1000,0" yaku="8,1" doraHai="129" who="0" fromWho="3" sc="225,13,213,0,386,0,176,-13" /><INIT seed="7,0,0,0,5,76" ten="238,213,386,163" oya="3" hai0="41,26,77,74,71,126,120,93,1,75,129,94,102" hai1="35,96,111,33,19,11,43,49,20,117,2,108,130" hai2="113,88,56,4,98,100,116,14,78,39,61,104,59" hai3="123,92,114,9,40,86,133,57,82,60,79,51,89"/><W44/><G114/><T87/><D71/><U115/><E96/><V30/><F113/><W64/><G133/><T21/><D1/><U90/><E115/><V118/><F39/><W36/><G123/><T3/><D3/><U128/><E90/><V46/><F78/><W6/><G36/><T70/><D70/><U16/><E49/><V22/><F46/><W67/><G57/><T38/><D129/><N who="1" m="49771" /><E43/><V81/><F59/><W0/><REACH who="3" step="1"/><G60/><REACH who="3" ten="238,213,386,153" step="2"/><T15/><D38/><U124/><E117/><V23/><F116/><W135/><G135/><T55/><D120/><U122/><E122/><V68/><F118/><W5/><G5/><T131/><D131/><U34/><E124/><V83/><F56/><W37/><G37/><T45/><D126/><U32/><N who="1" m="8192" /><DORA hai="25" /><U72/><E72/><AGARI ba="0,1" hai="0,6,9,40,44,51,64,67,72,79,82,86,89,92" machi="72" ten="30,11600,0" yaku="1,1,7,1,52,1,53,1" doraHai="76,25" doraHaiUra="105,17" who="3" fromWho="1" sc="238,0,213,-116,386,0,153,126" /><INIT seed="7,1,0,1,5,25" ten="238,97,386,279" oya="3" hai0="108,3,6,120,1,133,125,93,62,8,31,54,119" hai1="52,79,85,46,73,47,38,76,94,95,9,92,65" hai2="71,87,24,14,41,0,11,118,83,66,105,107,104" hai3="19,56,28,113,70,59,29,110,117,39,100,15,88"/><W69/><G117/><T106/><D106/><U122/><E122/><V21/><F118/><W42/><G39/><T82/><D119/><U63/><E73/><V131/><F0/><W58/><G42/><T109/><D82/><U81/><E38/><V84/><F41/><W61/><G113/><T22/><D93/><U33/><E33/><V90/><F131/><W10/><G110/><N who="0" m="42603" /><D54/><U40/><E40/><V26/><F87/><W127/><G127/><T112/><D62/><U20/><E76/><V51/><F51/><W114/><G114/><T53/><D53/><U126/><E126/><V49/><F49/><W115/><G115/><T2/><D112/><U74/><E74/><V97/><F66/><W4/><G100/><T7/><D125/><U128/><E128/><V102/><F71/><W35/><G35/><T91/><D91/><U12/><E65/><V130/><F130/><W99/><G70/><T77/><D77/><U17/><REACH who="1" step="1"/><E9/><REACH who="1" ten="238,87,386,279" step="2"/><V23/><F11/><N who="3" m="6655" /><G69/><T103/><D120/><U57/><AGARI ba="1,1" hai="12,17,20,46,47,52,57,63,79,81,85,92,94,95" machi="57" ten="30,8000,1" yaku="1,1,0,1,8,1,54,1,53,1" doraHai="25" doraHaiUra="75" who="1" fromWho="1" sc="238,-21,87,93,386,-21,279,-41" owari="217,-18.3,180,-32.0,365,46.5,238,3.8" /></mjloggm>