<mjloggm ver="2.3"><GO type="169" lobby="0"/><UN n0="%E3%81%82%E3%81%95%E3%81%B4%E3%82%93%EF%BC%A0%EF%BD%8D%EF%BD%8A" n1="%6D%65%6C%65%78" n2="%E4%B9%9D%E7%B4%8B%E9%BE%8D%E5%8F%B2%E9%80%B2" n3="%6D%79%6D%65%6C%6F%58%58" dan="18,16,19,17" rate="2293.70,2087.15,2285.64,2199.95" sx="M,M,M,M"/><TAIKYOKU oya="0"/><INIT seed="0,0,0,4,1,36" ten="250,250,250,250" oya="0" hai0="81,2,46,109,94,135,38,18,28,69,120,88,12" hai1="72,40,66,107,123,13,93,108,87,59,98,116,51" hai2="9,100,110,11,114,3,96,83,49,55,80,126,4" hai3="52,44,101,16,89,10,64,58,39,121,85,54,1"/><T78/><D120/><U119/><E123/><V132/><F114/><W50/><G121/><T92/><D69/><U20/><E72/><V17/><F110/><W7/><G39/><T111/><D2/><U45/><E107/><V97/><F132/><W82/><G101/><T112/><D112/><U122/><E122/><V118/><F126/><W23/><G64/><T41/><D28/><U99/><E108/><N who="0" m="41545" /><D135/><U113/><E113/><V102/><F118/><W61/><G1/><T15/><D92/><U74/><E74/><V71/><F71/><W70/><G70/><T105/><D105/><U73/><E73/><V60/><F60/><W5/><G10/><T77/><D81/><U21/><E87/><V133/><F133/><W25/><AGARI ba="0,0" hai="5,7,16,23,25,44,50,52,54,58,61,82,85,89" machi="25" ten="20,8000,1" yaku="0,1,7,1,8,1,54,2" doraHai="36" who="3" fromWho="3" sc="250,-40,250,-20,250,-20,250,80" /><INIT seed="1,0,0,0,1,32" ten="210,230,230,330" oya="1" hai0="25,83,89,116,102,30,134,87,23,86,79,96,85" hai1="40,51,98,120,94,78,29,90,95,92,88,123,76" hai2="46,69,4,13,2,117,35,37,9,106,93,48,7" hai3="125,131,34,109,53,80,58,74,26,0,61,64,16"/><U103/><E29/><V15/><F106/><W112/><G112/><T81/><D134/><U1/><E1/><V14/><F117/><W11/><G109/><T77/><D116/><U75/><E51/><V135/><F135/><W44/><G125/><T84/><REACH who="0" step="1"/><D89/><REACH who="0" ten="200,230,230,330" step="2"/><N who="1" m="34411" /><E40/><V133/><F133/><W97/><G131/><T6/><D6/><U12/><E12/><V52/><F7/><W67/><G0/><T27/><D27/><U65/><E65/><V71/><F35/><W91/><G64/><T118/><D118/><U19/><E19/><V73/><F14/><W39/><G16/><T107/><AGARI ba="0,1" hai="23,25,30,77,79,81,83,84,85,86,87,96,102,107" machi="107" ten="20,8000,1" yaku="1,1,0,1,7,1,9,1,53,1" doraHai="32" doraHaiUra="22" who="0" fromWho="0" sc="200,90,230,-40,230,-20,330,-20" /><INIT seed="2,0,0,1,5,33" ten="290,190,210,310" oya="2" hai0="36,2,1,120,88,96,21,50,94,118,71,9,119" hai1="60,73,95,93,23,82,103,49,122,52,3,79,30" hai2="15,78,45,69,0,55,127,77,123,74,8,76,13" hai3="16,38,109,39,135,20,17,89,90,85,41,22,70"/><V28/><F123/><W113/><G70/><T125/><D120/><U18/><E122/><V64/><F74/><W47/><G109/><T27/><D36/><U111/><E111/><V42/><F127/><W75/><G75/><T67/><D125/><U126/><E126/><V97/><F28/><W48/><G135/><T61/><D50/><U6/><E30/><V66/><F55/><W114/><G48/><T53/><D53/><U99/><E60/><V32/><F32/><W100/><G100/><T29/><REACH who="0" step="1"/><D9/><REACH who="0" ten="280,190,210,310" step="2"/><U110/><E110/><V63/><F66/><W128/><G39/><T46/><D46/><U102/><E49/><V129/><F129/><W26/><G128/><T62/><D62/><U124/><E52/><V34/><F45/><W19/><G38/><T115/><D115/><U92/><E124/><V116/><F42/><W80/><G47/><T5/><D5/><U11/><REACH who="1" step="1"/><E103/><REACH who="1" ten="280,180,210,310" step="2"/><V105/><F63/><W44/><G44/><T104/><D104/><U87/><E87/><V59/><F105/><W81/><G41/><T43/><D43/><U14/><AGARI ba="0,2" hai="3,6,11,14,18,23,73,79,82,92,93,95,99,102" machi="14" ten="20,5200,0" yaku="1,1,0,1,7,1,52,1,53,0" doraHai="33" doraHaiUra="130" who="1" fromWho="1" sc="280,-13,180,72,210,-26,310,-13" /><INIT seed="3,0,0,0,3,40" ten="267,252,184,297" oya="3" hai0="5,115,108,70,94,75,62,103,21,60,59,129,16" hai1="110,85,43,113,126,8,14,11,9,10,52,22,91" hai2="38,128,37,34,20,42,46,96,132,117,102,23,80" hai3="28,76,7,99,83,27,4,118,51,112,134,49,68"/><W67/><G112/><T107/><D75/><U39/><E113/><V0/><F117/><W77/><G118/><T73/><D73/><U98/><E110/><V109/><F109/><W124/><G124/><T55/><D108/><U48/><E126/><V1/><F34/><W74/><G77/><T114/><D107/><U127/><E127/><V64/><F128/><W81/><G81/><T72/><D72/><U131/><E131/><V58/><F132/><W78/><G78/><T69/><D129/><U101/><E39/><V119/><F80/><W45/><G51/><T122/><D122/><U18/><E43/><V31/><F37/><W87/><G74/><T86/><D5/><U130/><E130/><V135/><F135/><W32/><G134/><T100/><D114/><U12/><E101/><N who="0" m="38985" /><D69/><U6/><E98/><V106/><F119/><W65/><G99/><T121/><D70/><U26/><N who="1" m="2048" /><DORA hai="97" /><U79/><E79/><V61/><REACH who="2" step="1"/><F31/><REACH who="2" ten="267,252,174,297" step="2"/><W3/><G3/><AGARI ba="0,1" hai="0,1,3,20,23,38,42,46,58,61,64,96,102,106" machi="3" ten="40,12000,2" yaku="1,1,2,1,52,2,53,3" doraHai="40,97" doraHaiUra="53,19" who="2" fromWho="3" sc="267,0,252,0,174,130,297,-120" /><INIT seed="4,0,0,5,2,26" ten="267,252,304,177" oya="0" hai0="110,101,107,48,40,3,135,18,15,116,123,132,50" hai1="64,102,103,37,21,134,19,73,131,111,41,34,59" hai2="71,22,74,115,106,86,80,10,51,91,32,61,65" hai3="92,93,105,85,52,87,95,56,13,127,60,75,68"/><T125/><D116/><U27/><E111/><V53/><F32/><W33/><G33/><T128/><D123/><U63/><E73/><V130/><F106/><W100/><G75/><T114/><D3/><U11/><E131/><V94/><F115/><W36/><G127/><T7/><D7/><U84/><E134/><N who="0" m="51241" /><D114/><U129/><E129/><V24/><F10/><W113/><G113/><T112/><D112/><U12/><E34/><V82/><F74/><W117/><G117/><T47/><D128/><U90/><E41/><V76/><F76/><W58/><G36/><N who="0" m="21895" /><D125/><U66/><E66/><V8/><F8/><W17/><G68/><T2/><D2/><U96/><E96/><V81/><F130/><W14/><G105/><T72/><D72/><U119/><E37/><V43/><F43/><W57/><G100/><T121/><D121/><U6/><REACH who="1" step="1"/><E119/><REACH who="1" ten="267,242,304,177" step="2"/><V109/><F109/><W0/><G0/><T55/><D110/><U97/><E97/><V30/><REACH who="2" step="1"/><F94/><AGARI ba="0,1" hai="6,11,12,19,21,27,59,63,64,84,90,94,102,103" machi="94" ten="30,7700,0" yaku="1,1,7,1,8,1,53,1" doraHai="26" doraHaiUra="9" who="1" fromWho="2" sc="267,0,242,87,304,-77,177,0" /><INIT seed="5,0,0,2,0,26" ten="267,329,227,177" oya="1" hai0="7,104,133,119,24,70,123,23,115,108,60,9,83" hai1="126,6,94,65,103,66,21,53,87,19,95,135,91" hai2="96,130,29,88,33,27,16,41,46,4,81,122,32" hai3="99,54,114,8,49,50,100,45,80,5,97,118,131"/><U56/><E126/><V84/><F122/><W79/><G114/><T117/><D104/><U59/><E135/><V63/><F130/><W111/><G111/><T10/><D108/><U38/><E38/><V68/><F4/><W15/><G131/><T128/><D128/><U75/><E75/><V106/><F32/><W77/><G118/><T37/><D37/><U31/><E6/><V58/><F68/><W48/><G79/><T62/><D115/><U14/><E56/><V28/><F106/><W86/><REACH who="3" step="1"/><G99/><REACH who="3" ten="267,329,227,167" step="2"/><T71/><D119/><U73/><E73/><V42/><F96/><W11/><G11/><T74/><D10/><U121/><E121/><V127/><F127/><W89/><G89/><T105/><D9/><U129/><E129/><V39/><F42/><W93/><AGARI ba="0,1" hai="5,8,15,45,48,49,50,54,77,80,86,93,97,100" machi="93" ten="20,8000,1" yaku="1,1,0,1,7,1,8,1,53,1" doraHai="26" doraHaiUra="82" who="3" fromWho="3" sc="267,-20,329,-40,227,-20,167,90" /><INIT seed="6,0,0,4,0,70" ten="247,289,207,257" oya="2" hai0="54,53,93,26,127,28,82,102,112,118,132,6,91" hai1="20,114,10,34,40,130,23,49,87,12,135,58,129" hai2="17,66,86,97,119,106,75,4,95,33,65,107,133" hai3="96,83,124,42,39,60,7,115,57,47,120,35,36"/><V117/><F75/><W38/><G120/><T32/><D112/><U56/><E114/><V76/><F33/><W24/><G115/><T99/><D132/><U81/><E34/><V16/><F4/><W101/><G124/><T1/><D127/><U92/><E135/><V74/><F133/><W64/><G7/><T45/><D118/><U37/><E92/><V22/><F74/><W103/><G83/><T131/><D131/><N who="1" m="50187" /><E56/><V21/><F86/><W73/><G73/><T110/><D110/><U71/><E71/><V121/><F95/><W25/><G103/><T61/><D61/><U128/><E37/><V29/><F29/><W62/><G62/><T88/><D82/><U19/><N who="1" m="50195" /><U0/><DORA hai="105" /><E0/><V5/><F5/><W59/><G59/><T84/><D45/><N who="1" m="25767" /><E58/><V2/><F2/><W50/><REACH who="3" step="1"/><G35/><REACH who="3" ten="247,289,207,247" step="2"/><T134/><D134/><U98/><E98/><V89/><F97/><W68/><G68/><T44/><D102/><U18/><E18/><V14/><F121/><W3/><G3/><T13/><D1/><U113/><E113/><V55/><F17/><W41/><G41/><T79/><D99/><U109/><E109/><V126/><F126/><W72/><G72/><T27/><D6/><U85/><E85/><V67/><F16/><W51/><G51/><T77/><D84/><U30/><E30/><V108/><F108/><W63/><G63/><T104/><D28/><U11/><E87/><V80/><F80/><W111/><G111/><T43/><D43/><U116/><E81/><V46/><F119/><W31/><G31/><T52/><D32/><RYUUKYOKU ba="0,1" sc="247,-10,289,-10,207,-10,247,30" hai3="24,25,36,38,39,42,47,50,57,60,64,96,101" /><INIT seed="7,1,1,1,3,35" ten="237,279,197,277" oya="3" hai0="88,68,91,125,134,21,124,118,130,76,127,9,90" hai1="81,32,60,34,52,109,20,123,8,110,55,99,17" hai2="74,71,61,37,135,87,16,96,77,66,59,73,15" hai3="122,95,40,121,54,36,57,64,70,83,108,53,7"/><W42/><G7/><T26/><D118/><U114/><E123/><V62/><F37/><W51/><G95/><T22/><D68/><U0/><E114/><V86/><F135/><W98/><G98/><T14/><D134/><U28/><E81/><V117/><F117/><W111/><G83/><T49/><D130/><U100/><E110/><N who="3" m="42026" /><G54/><T12/><D76/><U115/><E115/><V126/><F126/><W56/><G56/><T30/><D49/><U75/><E75/><V89/><F96/><W43/><G36/><T63/><D63/><AGARI ba="1,1" hai="40,42,43,51,53,57,63,64,70,121,122" m="42026" machi="63" ten="30,5800,0" yaku="10,1,34,2" doraHai="35" who="3" fromWho="0" sc="237,-61,279,0,197,0,277,71" owari="176,-32.4,279,7.9,197,-20.3,348,44.8" /></mjloggm>