<mjloggm ver="2.3"><GO type="169" lobby="0"/><UN n0="%E3%82%82%E3%81%BF%E3%81%95%E3%81%92" n1="%E3%81%BE%E3%81%88%E3%81%9F" n2="%E3%82%AD%E3%83%B3%E3%82%B0%E3%83%98%E3%82%A4%E3%83%AD" n3="%47%68%6F%73%74%55%30" dan="17,16,16,16" rate="2190.64,2189.06,2087.60,2130.17" sx="M,F,M,M"/><TAIKYOKU oya="0"/><INIT seed="0,0,0,2,4,73" ten="250,250,250,250" oya="0" hai0="35,112,6,30,124,17,72,79,40,1,70,36,120" hai1="52,113,81,107,106,64,53,83,102,3,103,54,84" hai2="16,48,100,94,60,47,116,5,105,90,65,131,20" hai3="2,93,111,13,51,68,49,69,34,23,75,129,97"/><T108/><RYUUKYOKU type="yao9" ba="0,0" sc="250,0,250,0,250,0,250,0" hai0="1,6,17,30,35,36,40,70,72,79,108,112,120,124" /><INIT seed="0,1,0,0,3,10" ten="250,250,250,250" oya="0" hai0="116,28,0,122,31,18,39,77,66,29,125,121,43" hai1="129,71,11,128,97,87,76,101,59,26,5,16,22" hai2="132,15,92,91,19,36,61,46,94,17,57,98,79" hai3="14,48,89,60,110,95,32,80,99,13,96,47,40"/><T131/><D116/><U44/><E71/><V3/><F132/><W8/><G32/><T72/><D66/><U58/><E44/><V115/><F3/><W35/><G35/><T112/><D112/><U123/><E123/><V113/><F79/><W127/><G110/><T12/><D77/><U64/><E64/><V52/><F19/><W27/><G127/><T102/><D102/><U88/><E76/><V24/><F24/><W126/><G126/><T105/><D105/><U114/><E114/><V133/><F133/><W118/><G118/><T49/><D72/><U2/><E128/><V124/><F124/><W107/><G27/><T83/><D39/><U90/><E129/><V25/><F25/><W21/><G80/><T41/><D131/><U62/><E62/><V73/><F73/><W4/><G60/><T54/><D0/><U7/><E7/><V23/><REACH who="2" step="1"/><F94/><REACH who="2" ten="250,250,240,250" step="2"/><W56/><G107/><T117/><D125/><U1/><E1/><V6/><F6/><W65/><G65/><T93/><D93/><U119/><E119/><V68/><F68/><W38/><G99/><T85/><D117/><U103/><E97/><V74/><F74/><W45/><G21/><N who="0" m="11463" /><D122/><U34/><E34/><V51/><F51/><W120/><G120/><T81/><D121/><U50/><E50/><V84/><F84/><W100/><G13/><T42/><D85/><U75/><E75/><V111/><F111/><W104/><G104/><T30/><N who="0" m="7168" /><DORA hai="70" /><T108/><D108/><U109/><E109/><V33/><F33/><W86/><G86/><T55/><D49/><U9/><E87/><RYUUKYOKU ba="1,1" sc="250,15,250,-15,240,15,250,-15" hai0="41,42,43,54,55,81,83" hai2="15,17,23,36,46,52,57,61,91,92,98,113,115" /><INIT seed="0,2,1,0,3,21" ten="265,235,255,235" oya="0" hai0="57,40,14,92,20,123,7,76,95,41,66,49,65" hai1="16,1,115,78,121,110,26,67,90,135,80,34,9" hai2="12,117,116,89,93,133,84,126,127,124,4,103,30" hai3="38,94,122,77,85,22,114,71,109,56,104,8,64"/><T105/><D105/><U63/><E121/><V48/><F30/><W129/><G114/><T27/><D123/><U18/><E110/><V46/><F133/><W42/><G122/><T112/><D112/><U79/><E115/><V61/><F61/><W59/><G104/><T97/><D76/><U83/><E135/><V35/><F35/><W119/><G119/><T98/><D7/><U33/><E90/><V125/><N who="2" m="31744" /><DORA hai="60" /><V6/><F103/><W45/><G129/><T62/><D14/><U86/><E34/><V100/><F100/><W82/><G8/><T17/><D65/><U99/><E99/><V0/><F0/><W107/><G107/><T88/><D49/><U10/><E1/><V58/><F58/><W106/><G106/><T111/><D111/><U5/><E5/><N who="2" m="2155" /><F12/><W28/><G28/><T75/><D75/><U70/><E33/><V102/><F102/><AGARI ba="2,1" hai="17,20,27,40,41,57,62,66,88,92,95,97,98,102" machi="102" ten="30,12000,1" yaku="7,1,8,1,52,2,54,1" doraHai="21,60" who="0" fromWho="2" sc="265,136,235,0,255,-126,235,0" /><INIT seed="0,3,0,0,4,116" ten="401,235,129,235" oya="0" hai0="62,52,118,22,42,20,50,84,87,101,89,35,69" hai1="54,77,65,31,58,91,19,131,68,78,24,122,117" hai2="33,98,15,55,34,74,114,30,36,81,6,2,17" hai3="123,9,96,133,28,73,103,64,16,70,76,127,124"/><T60/><D35/><U61/><E117/><V47/><F114/><W8/><G28/><T90/><D101/><U37/><E131/><V134/><F134/><W56/><G70/><T66/><D118/><U41/><E19/><V5/><F98/><W79/><G133/><T51/><D42/><U107/><E107/><V4/><F2/><W82/><G76/><T72/><D72/><U125/><E125/><N who="3" m="48202" /><G56/><T46/><D62/><U40/><E91/><V26/><F34/><W95/><G64/><T80/><REACH who="0" step="1"/><D51/><REACH who="0" ten="391,235,129,235" step="2"/><U75/><E75/><V1/><F36/><W83/><G73/><T86/><D86/><U85/><E85/><V105/><F74/><W99/><G103/><T7/><D7/><U115/><E40/><V0/><F105/><W13/><G96/><T110/><D110/><U126/><E126/><V59/><F1/><W29/><G99/><T135/><D135/><U94/><E41/><V53/><F0/><W3/><G3/><T14/><D14/><U18/><E37/><V128/><F15/><W111/><G13/><T25/><D25/><U23/><E61/><V109/><F26/><W32/><G111/><T57/><D57/><U106/><E58/><V27/><F109/><W130/><G32/><T102/><D102/><U120/><E24/><V132/><F33/><W88/><G130/><T12/><D12/><U93/><E68/><V119/><F128/><W92/><G8/><T49/><D49/><U121/><E115/><V108/><F119/><W38/><G9/><T97/><D97/><U44/><E44/><V129/><F132/><W104/><G38/><RYUUKYOKU ba="3,1" sc="391,30,235,-10,129,-10,235,-10" hai0="20,22,46,50,52,60,66,69,80,84,87,89,90" /><INIT seed="0,4,1,3,5,69" ten="421,225,119,225" oya="0" hai0="19,98,52,75,130,42,111,86,93,115,127,3,14" hai1="36,94,13,87,56,88,20,41,83,73,116,106,50" hai2="109,62,120,51,65,34,100,7,17,85,97,119,129" hai3="105,59,128,45,26,22,66,54,12,44,2,112,78"/><T126/><D115/><U108/><E116/><V33/><F120/><W5/><G112/><T132/><D3/><U31/><E108/><V76/><F109/><W118/><G118/><T38/><D75/><U39/><E106/><V80/><F119/><W135/><G2/><T15/><D111/><U8/><E73/><V49/><F129/><W57/><G105/><T35/><D130/><U16/><E83/><V18/><F7/><W103/><G103/><T4/><D35/><U53/><REACH who="1" step="1"/><E41/><REACH who="1" ten="421,215,119,225" step="2"/><V32/><F17/><W133/><G128/><T68/><D42/><U74/><E74/><V122/><F18/><W121/><G121/><T21/><D19/><U23/><E23/><V43/><F43/><W1/><G22/><T30/><D21/><U25/><AGARI ba="4,2" hai="8,13,16,20,25,31,36,39,50,53,56,87,88,94" machi="25" ten="30,12000,2" yaku="1,1,0,1,52,2,54,2,53,0" doraHai="69" doraHaiUra="64" who="1" fromWho="1" sc="421,-64,215,152,119,-34,225,-34" /><INIT seed="1,0,0,2,4,126" ten="357,367,85,191" oya="1" hai0="57,115,130,97,22,21,51,54,72,39,59,93,11" hai1="46,121,34,75,135,114,49,69,119,80,103,3,132" hai2="128,88,120,5,13,108,87,96,30,32,116,131,19" hai3="18,83,99,91,61,109,58,66,47,86,12,44,24"/><U110/><E49/><V42/><F116/><W84/><G109/><T1/><D39/><U105/><E46/><V89/><F120/><W127/><G127/><T74/><D115/><U50/><E50/><V16/><F42/><W122/><G122/><T62/><D74/><U55/><E55/><V73/><F73/><W112/><G112/><T38/><D72/><U41/><E41/><V14/><F96/><W70/><G70/><T104/><D104/><U90/><E90/><V100/><F100/><W77/><G24/><T8/><D38/><U37/><E80/><V71/><F71/><W101/><G99/><T6/><D8/><U76/><E76/><V17/><F108/><W78/><G101/><T20/><D20/><U26/><E26/><N who="2" m="18519" /><F5/><W64/><G64/><T111/><D111/><U133/><E103/><V25/><F25/><W45/><REACH who="3" step="1"/><G84/><REACH who="3" ten="357,367,85,181" step="2"/><T35/><D97/><U53/><E133/><V123/><F123/><W56/><G56/><T94/><D59/><U65/><E65/><V106/><F106/><W15/><G15/><N who="2" m="5641" /><F87/><W9/><AGARI ba="0,1" hai="9,12,18,44,45,47,58,61,66,77,78,83,86,91" machi="9" ten="30,7900,0" yaku="1,1,0,1,8,1,53,1" doraHai="126" doraHaiUra="63" who="3" fromWho="3" sc="357,-20,367,-39,85,-20,181,89" /><INIT seed="2,0,0,1,3,12" ten="337,328,65,270" oya="2" hai0="126,114,52,38,115,88,54,98,20,59,4,118,55" hai1="80,79,91,9,19,41,110,25,124,32,86,121,119" hai2="13,93,53,104,105,134,36,49,128,94,66,29,10" hai3="101,87,8,27,61,111,56,26,28,84,68,43,2"/><V129/><F36/><W113/><G111/><T11/><D38/><U103/><E119/><V33/><F66/><W0/><G68/><T70/><D70/><U37/><E110/><V30/><F134/><W90/><G43/><T75/><D75/><U58/><E124/><V89/><F104/><W40/><G40/><T74/><D74/><U130/><E130/><N who="2" m="50283" /><F105/><W81/><G101/><T106/><D126/><U50/><E103/><V85/><F94/><W116/><G116/><T14/><D118/><U92/><E37/><V44/><F33/><W108/><G108/><T23/><D59/><U60/><E32/><V83/><F93/><W100/><G100/><T5/><D5/><AGARI ba="0,0" hai="5,10,13,29,30,44,49,53,83,85,89" m="50283" machi="5" ten="30,1500,0" yaku="19,1" doraHai="12" who="2" fromWho="0" sc="337,-15,328,0,65,15,270,0" /><INIT seed="2,1,0,4,3,11" ten="322,328,80,270" oya="2" hai0="99,43,61,77,28,72,127,62,83,123,71,30,98" hai1="45,92,68,100,79,14,41,65,15,131,58,121,118" hai2="0,73,60,56,57,36,124,93,46,59,87,5,40" hai3="109,111,29,104,13,134,113,27,24,91,132,64,3"/><V32/><F32/><W48/><G104/><T96/><D123/><U21/><E118/><V12/><F124/><W25/><G64/><T66/><D127/><U126/><E68/><V86/><F0/><W97/><G3/><T120/><D120/><U105/><E105/><V101/><F73/><W18/><G48/><T106/><D106/><U117/><E126/><V84/><F101/><W115/><G91/><T20/><D43/><U128/><E79/><V70/><F70/><W76/><G97/><T67/><REACH who="0" step="1"/><D20/><REACH who="0" ten="312,328,80,270" step="2"/><U19/><E121/><V17/><F5/><W26/><G76/><T75/><D75/><U74/><E74/><V108/><F108/><N who="3" m="41547" /><G29/><T129/><D129/><U9/><E131/><V34/><F34/><W33/><N who="3" m="6144" /><DORA hai="78" /><W107/><G33/><T39/><D39/><U52/><E128/><V69/><F69/><AGARI ba="1,1" hai="28,30,61,62,66,67,69,71,72,77,83,96,98,99" machi="69" ten="40,5200,0" yaku="1,1,9,1,52,1,53,0" doraHai="11,78" doraHaiUra="90,119" who="0" fromWho="2" sc="312,65,328,0,80,-55,270,0" /><INIT seed="3,0,0,5,1,77" ten="377,328,25,270" oya="3" hai0="68,81,85,31,17,59,128,130,25,88,19,34,109" hai1="7,98,86,101,108,43,18,133,96,132,73,12,13" hai2="80,5,87,122,134,58,120,102,94,36,47,21,79" hai3="117,57,89,123,60,28,52,9,127,113,115,82,50"/><W56/><G123/><N who="2" m="47145" /><F5/><W63/><G117/><T116/><D116/><U44/><E73/><N who="2" m="43119" /><F58/><W131/><G28/><T4/><D68/><U103/><E7/><V10/><F10/><W51/><G127/><T75/><D75/><U48/><E108/><V114/><F21/><W69/><G69/><T40/><D109/><U46/><E86/><V15/><F15/><W107/><G107/><T55/><D40/><U95/><E44/><V124/><F47/><W62/><G9/><T112/><D112/><U76/><E76/><V104/><F36/><W100/><G100/><T118/><D118/><U24/><E24/><V3/><F3/><W121/><G131/><N who="0" m="50219" /><D4/><U32/><E32/><V129/><F114/><W22/><G22/><T74/><D74/><U39/><E39/><V11/><F11/><W35/><G35/><T30/><D31/><U1/><E1/><V111/><F129/><W70/><G70/><T54/><D54/><U6/><E6/><V78/><F111/><W45/><G121/><T23/><D34/><U135/><REACH who="1" step="1"/><E18/><REACH who="1" ten="377,318,25,270" step="2"/><V126/><F134/><W14/><G14/><T64/><D64/><U41/><E41/><V119/><F119/><W66/><G115/><T33/><D33/><U42/><E42/><V49/><F49/><AGARI ba="0,1" hai="17,19,23,25,30,49,55,59,81,85,88" m="50219" machi="49" ten="30,3900,0" yaku="19,1,52,1,54,1" doraHai="77" who="0" fromWho="2" sc="377,49,318,0,25,-39,270,0" owari="426,52.6,318,11.8,-14,-51.4,270,-13.0" /></mjloggm>