<mjloggm ver="2.3"><GO type="169" lobby="0"/><UN n0="%41%4C%50%45%52%49%4E" n1="%E3%81%97%E3%82%87%E3%81%BC%E3%82%93%EF%BD%8E" n2="%E3%82%AB%E3%82%B6%E3%83%A9%E3%82%AD" n3="%E3%81%86%E3%81%9A%E3%82%89%E5%8D%B5%E3%83%95%E3%83%A9%E3%82%A4" dan="16,17,17,16" rate="2198.65,2226.47,2202.11,2036.13" sx="M,M,M,M"/><TAIKYOKU oya="0"/><INIT seed="0,0,0,2,1,5" ten="250,250,250,250" oya="0" hai0="43,125,97,101,135,47,45,91,117,58,120,36,73" hai1="44,22,18,106,119,32,17,108,104,87,76,123,48" hai2="83,9,71,115,52,126,68,25,107,51,109,65,20" hai3="12,34,6,96,61,42,88,62,56,41,57,122,75"/><T35/><D117/><U13/><E123/><V124/><F115/><W4/><G34/><T78/><D120/><U38/><E119/><V116/><F116/><W67/><G75/><T53/><D35/><U92/><E38/><V84/><F107/><W54/><G122/><T55/><D125/><N who="2" m="48234" /><F65/><W86/><G96/><T14/><D135/><U37/><E37/><V26/><F109/><W72/><G72/><T80/><D91/><U2/><E2/><V59/><F9/><N who="3" m="4135" /><G6/><T49/><D14/><U31/><E108/><V77/><F25/><W40/><G40/><T50/><D97/><U69/><E69/><V64/><F64/><W23/><G23/><T131/><REACH who="0" step="1"/><D101/><REACH who="0" ten="240,250,250,250" step="2"/><U60/><E13/><V103/><F103/><W39/><G39/><T11/><D11/><U28/><E32/><V8/><F8/><W29/><G29/><AGARI ba="0,1" hai="20,26,29,51,52,59,68,71,77,83,84" m="48234" machi="29" ten="30,2000,0" yaku="18,1,54,1" doraHai="5" who="2" fromWho="3" sc="240,0,250,0,250,30,250,-20" /><INIT seed="1,0,0,1,4,58" ten="240,250,280,230" oya="1" hai0="38,17,75,70,82,30,64,54,131,51,26,69,57" hai1="80,130,56,100,101,3,29,129,107,13,46,8,53" hai2="128,121,110,78,59,102,120,124,115,127,114,12,1" hai3="93,60,52,15,62,96,73,74,6,61,111,126,16"/><U81/><E3/><V19/><F78/><W22/><G111/><T20/><D131/><N who="1" m="50187" /><E29/><V48/><F128/><W94/><G126/><N who="2" m="48169" /><F102/><N who="1" m="39529" /><E46/><V105/><F105/><W76/><G6/><T43/><D64/><U99/><E99/><V68/><F68/><W28/><G28/><T84/><D75/><U47/><E47/><V65/><F110/><W35/><G35/><T134/><D134/><U77/><E77/><V122/><F1/><W119/><G119/><T14/><D43/><U88/><E88/><V98/><F98/><W49/><G96/><T103/><D103/><U7/><E107/><V135/><F135/><W72/><REACH who="3" step="1"/><G76/><REACH who="3" ten="240,250,280,220" step="2"/><T24/><D38/><U32/><E32/><V0/><F0/><W2/><G2/><T118/><D118/><U55/><E55/><N who="2" m="32231" /><F65/><W113/><G113/><T90/><REACH who="0" step="1"/><D26/><REACH who="0" ten="230,250,280,220" step="2"/><U9/><E53/><V23/><AGARI ba="0,2" hai="12,19,23,114,115,120,121,122" m="32231,48169" machi="23" ten="40,1500,0" yaku="18,1" doraHai="58" who="2" fromWho="2" sc="230,-4,250,-7,280,35,220,-4" /><INIT seed="2,0,0,2,1,52" ten="226,243,315,216" oya="2" hai0="62,78,31,125,18,65,111,38,27,91,134,14,34" hai1="83,130,53,108,12,106,6,68,117,105,112,88,87" hai2="100,99,94,133,25,0,101,120,33,19,90,84,121" hai3="23,86,92,107,1,3,37,126,97,119,57,4,22"/><V93/><F0/><W109/><G119/><T103/><D111/><U5/><E112/><V131/><F131/><W98/><G37/><T13/><D38/><U75/><E117/><V122/><F133/><W17/><G109/><T77/><D125/><U58/><E68/><V81/><F19/><W44/><G107/><T54/><D134/><U102/><E108/><V76/><F25/><W46/><G86/><T16/><D103/><U36/><E36/><V82/><F33/><W64/><G126/><T55/><D91/><U80/><E130/><V124/><F124/><W72/><G72/><T128/><D128/><U21/><E21/><V2/><F2/><W104/><G104/><T79/><D14/><U135/><E135/><V9/><F9/><W24/><G98/><T61/><D61/><U49/><E12/><V32/><F32/><W110/><G110/><T85/><D85/><U39/><E39/><V7/><F7/><W41/><G41/><T127/><D127/><U40/><E40/><V51/><F51/><W116/><G23/><T96/><D96/><U74/><E74/><V67/><F67/><W8/><G1/><T26/><D26/><U95/><E80/><V66/><F66/><W29/><G17/><N who="0" m="6763" /><D13/><U113/><E113/><V45/><F45/><W60/><G116/><T132/><D132/><U10/><E10/><V20/><F20/><W35/><G35/><T15/><D15/><U43/><E106/><N who="2" m="63775" /><F101/><AGARI ba="0,0" hai="3,4,8,22,24,29,44,46,57,60,64,92,97,101" machi="101" ten="30,7700,0" yaku="7,1,25,2,52,1" doraHai="52" who="3" fromWho="2" sc="226,0,243,0,315,-77,216,77" /><INIT seed="3,0,0,5,5,11" ten="226,243,238,293" oya="3" hai0="3,65,47,133,20,97,108,36,103,114,41,40,120" hai1="131,8,79,13,29,66,52,134,64,10,42,1,46" hai2="14,63,53,45,93,26,121,123,88,16,38,107,127" hai3="70,81,78,91,75,57,112,2,87,98,25,35,6"/><W28/><G112/><T86/><D120/><N who="2" m="46154" /><F107/><W106/><G70/><T22/><D108/><U32/><E131/><V125/><F26/><W100/><G57/><T76/><D133/><U119/><E119/><V118/><F118/><W113/><G113/><T34/><D114/><U23/><E134/><V117/><F117/><W82/><REACH who="3" step="1"/><G6/><REACH who="3" ten="226,243,238,283" step="2"/><T110/><D110/><U94/><E46/><V9/><F63/><W56/><G56/><T12/><D47/><U85/><E66/><V69/><F69/><W62/><G62/><T24/><D40/><U128/><E64/><V0/><F0/><AGARI ba="0,1" hai="0,2,25,28,35,75,78,81,82,87,91,98,100,106" machi="0" ten="40,3900,0" yaku="1,1,53,1" doraHai="11" doraHaiUra="72" who="3" fromWho="2" sc="226,0,243,0,238,-39,283,49" /><INIT seed="3,1,0,0,2,67" ten="226,243,199,332" oya="3" hai0="31,61,109,78,126,27,104,41,127,106,134,95,99" hai1="71,102,107,81,22,69,11,38,77,40,47,7,30" hai2="2,17,123,64,70,63,58,53,114,43,87,48,82" hai3="119,37,133,86,4,88,36,29,14,135,85,45,130"/><W72/><G72/><T50/><D109/><U51/><E22/><V66/><F114/><W125/><G119/><T46/><D134/><N who="3" m="51209" /><G130/><T65/><D78/><U10/><E30/><V20/><F123/><W13/><G125/><T44/><D44/><U5/><E10/><V18/><F2/><W113/><G113/><T75/><D75/><N who="1" m="43199" /><E51/><V39/><F66/><W131/><G85/><T111/><D111/><U3/><E5/><V6/><F6/><W129/><G29/><T110/><D110/><U122/><E122/><V128/><F128/><N who="3" m="49227" /><G4/><T112/><D112/><U74/><E74/><V132/><F132/><W60/><G60/><T49/><D49/><U97/><AGARI ba="1,0" hai="3,7,11,38,40,47,69,71,97,102,107" m="43199" machi="97" ten="30,8000,1" yaku="25,1,33,2,52,2" doraHai="67" who="1" fromWho="1" sc="226,-21,243,83,199,-21,332,-41" /><INIT seed="4,0,0,5,4,43" ten="205,326,178,291" oya="0" hai0="25,122,26,92,45,40,33,63,11,95,88,130,90" hai1="107,61,93,97,22,17,133,71,49,94,108,34,62" hai2="109,8,58,101,13,100,24,30,99,48,112,44,98" hai3="91,119,36,73,37,27,89,85,66,96,6,57,128"/><T42/><D122/><U121/><E108/><V19/><F109/><W16/><G73/><T32/><D130/><U111/><E34/><V47/><F112/><W31/><G119/><T120/><D11/><U131/><E121/><V41/><F58/><W29/><G6/><T104/><D120/><U132/><E111/><V0/><F0/><W123/><G123/><T118/><D63/><N who="1" m="24075" /><E71/><V46/><F99/><W125/><G37/><T3/><D3/><U72/><E72/><V2/><F2/><W20/><G36/><T15/><D15/><U124/><E49/><V4/><F4/><W28/><G128/><T78/><D78/><U64/><E64/><V77/><F77/><W23/><G57/><T127/><D104/><U126/><E94/><V86/><F86/><W51/><G51/><T7/><D7/><U69/><E107/><V110/><F110/><W74/><G66/><T53/><D53/><U14/><E69/><V80/><F80/><N who="3" m="49319" /><G74/><T81/><D81/><U113/><E131/><V21/><F101/><W105/><G105/><AGARI ba="0,0" hai="8,13,19,21,24,30,41,44,46,47,48,98,100,105" machi="105" ten="30,7700,0" yaku="7,1,52,3" doraHai="43" who="2" fromWho="3" sc="205,0,326,0,178,77,291,-77" /><INIT seed="5,0,0,4,5,68" ten="205,326,255,214" oya="1" hai0="102,81,72,48,133,112,111,0,115,41,15,76,77" hai1="86,121,113,124,75,116,5,79,30,10,63,22,47" hai2="11,90,7,104,70,88,110,108,89,134,52,106,85" hai3="97,117,29,36,13,62,19,40,94,3,107,135,1"/><U23/><E116/><V114/><F70/><W126/><G117/><T49/><D0/><U50/><E121/><V93/><F134/><W120/><G120/><T12/><D111/><U96/><E113/><N who="0" m="43593" /><D133/><U35/><E75/><V119/><F114/><W128/><G135/><T100/><D41/><U87/><E124/><V132/><F132/><W71/><G126/><T99/><D77/><U92/><E35/><V18/><F119/><W44/><G107/><N who="0" m="63903" /><D102/><U123/><E79/><V14/><F106/><W21/><G128/><T37/><D37/><U33/><E87/><V67/><F104/><W66/><REACH who="3" step="1"/><G29/><REACH who="3" ten="205,326,255,204" step="2"/><T82/><D82/><U28/><E28/><V125/><F125/><W59/><G59/><T73/><D72/><U129/><E30/><V27/><F110/><W51/><G51/><AGARI ba="0,1" hai="12,15,48,49,51,73,76,81" m="63903,43593" machi="51" ten="30,1000,0" yaku="15,1" doraHai="68" who="0" fromWho="3" sc="205,20,326,0,255,0,204,-10" /><INIT seed="6,0,0,0,4,30" ten="225,326,255,194" oya="2" hai0="75,22,74,42,100,48,117,52,59,104,91,58,103" hai1="92,79,8,115,80,68,17,24,57,118,125,44,111" hai2="11,37,112,135,106,87,65,28,18,41,64,102,12" hai3="96,40,23,108,105,131,72,32,16,7,63,1,38"/><V55/><F112/><W77/><G108/><T71/><D117/><U113/><E68/><V85/><F135/><W121/><G121/><T101/><D104/><U128/><E111/><V2/><F2/><W88/><G131/><T25/><D71/><U19/><E118/><V4/><F4/><W43/><G38/><T132/><D132/><U51/><E125/><V73/><F73/><W14/><G32/><T33/><D42/><U27/><E57/><V98/><F55/><W54/><G72/><T122/><D122/><U20/><E92/><V124/><F124/><W82/><G77/><T46/><D33/><U49/><E128/><V9/><F9/><W45/><G7/><T31/><D59/><U6/><E19/><V134/><F134/><W76/><G1/><T83/><REACH who="0" step="1"/><D46/><REACH who="0" ten="215,326,255,194" step="2"/><U21/><E44/><V35/><F41/><W86/><G105/><T94/><D94/><U110/><E113/><V47/><F47/><W107/><G45/><T84/><AGARI ba="0,1" hai="22,25,31,48,52,58,74,75,83,84,91,100,101,103" machi="84" ten="30,4000,0" yaku="1,1,0,1,54,1,53,0" doraHai="30" doraHaiUra="66" who="0" fromWho="0" sc="215,50,326,-10,255,-20,194,-10" /><INIT seed="7,0,0,0,4,85" ten="265,316,235,184" oya="3" hai0="133,15,119,13,73,30,84,80,12,66,46,83,130" hai1="124,100,109,82,20,45,111,23,41,62,33,35,2" hai2="135,67,77,68,37,27,42,74,21,1,10,125,129" hai3="65,99,26,63,11,7,43,90,57,134,32,88,56"/><W117/><G117/><T4/><D119/><U8/><E100/><V102/><F102/><W120/><G120/><T127/><D127/><U39/><E20/><V5/><F125/><W6/><G134/><T61/><D133/><U81/><E81/><N who="2" m="45239" /><F135/><W36/><G36/><T76/><D130/><U103/><E23/><V19/><F129/><W128/><G128/><T105/><D105/><U95/><E95/><V58/><F58/><N who="3" m="37111" /><G32/><N who="1" m="12362" /><E124/><V17/><F67/><W70/><G70/><T94/><D30/><U69/><E82/><V114/><F68/><W60/><G43/><T106/><D106/><U91/><E103/><V92/><F92/><N who="3" m="56711" /><G26/><T86/><D73/><U118/><E118/><V25/><F114/><W110/><G110/><T9/><D94/><U107/><E107/><V116/><F116/><W14/><G56/><N who="0" m="37159" /><D46/><U97/><E69/><V31/><F27/><W16/><G90/><AGARI ba="0,0" hai="4,9,12,13,15,76,80,83,84,86,90" m="37159" machi="90" ten="30,2000,0" yaku="8,1,52,1" doraHai="85" who="0" fromWho="3" sc="265,20,316,0,235,0,184,-20" owari="285,8.5,316,41.6,235,-16.5,164,-33.6" /></mjloggm>