<mjloggm ver="2.3"><GO type="169" lobby="0"/><UN n0="%62%73%64%5F%33" n1="%70%6F%6E%2D%65%6E" n2="%E8%B5%A4%E7%BE%8E%E6%BF%83%E3%81%BE%E3%81%90%E3%82%8D" n3="%6B%65%79%33" dan="17,16,17,16" rate="2166.50,2117.48,2194.73,2069.44" sx="F,F,M,M"/><TAIKYOKU oya="0"/><INIT seed="0,0,0,0,3,35" ten="250,250,250,250" oya="0" hai0="46,99,126,122,7,66,70,82,37,72,130,56,28" hai1="131,54,23,12,49,124,24,63,123,62,108,48,51" hai2="32,71,50,61,10,97,102,41,25,111,83,113,98" hai3="67,0,6,14,27,59,68,112,44,22,114,105,69"/><T42/><D122/><U103/><E123/><V9/><F113/><W2/><G105/><T132/><D132/><U38/><E38/><V91/><F111/><W33/><G59/><T57/><D126/><U8/><E108/><V115/><F115/><W11/><G44/><T78/><D130/><U58/><E131/><V64/><F50/><N who="1" m="19561" /><E103/><V117/><F41/><W110/><G110/><T60/><D28/><N who="1" m="17439" /><E124/><V43/><F43/><W118/><G67/><T88/><REACH who="0" step="1"/><D7/><AGARI ba="0,0" hai="7,8,12,51,54,58,62,63" m="17439,19561" machi="7" ten="30,1000,0" yaku="8,1" doraHai="35" who="1" fromWho="0" sc="250,-10,250,10,250,0,250,0" /><INIT seed="1,0,0,2,1,57" ten="240,260,250,250" oya="1" hai0="59,115,111,25,89,118,92,100,98,96,122,90,130" hai1="113,31,15,45,49,68,116,40,97,114,120,101,74" hai2="27,103,0,133,112,19,71,39,43,34,77,117,5" hai3="91,72,88,20,24,105,131,102,46,95,33,94,23"/><U44/><E116/><V107/><F19/><W125/><G72/><T79/><D115/><U109/><E120/><V11/><F77/><W76/><G76/><T85/><D118/><U127/><E74/><V81/><F81/><W41/><G131/><T124/><D130/><U35/><E127/><V67/><F117/><W28/><G125/><T110/><D25/><U69/><E35/><V32/><F133/><W52/><G105/><T4/><D4/><U75/><E31/><V84/><F84/><W70/><G70/><T36/><D36/><U61/><E75/><V66/><F66/><W56/><G33/><T16/><D124/><U86/><E86/><V14/><F14/><W29/><G20/><T134/><D122/><U37/><E15/><V47/><F27/><W42/><G102/><T73/><D134/><U48/><E109/><N who="0" m="41481" /><D59/><U6/><E6/><V9/><F9/><W87/><G46/><T53/><D53/><U108/><E108/><V104/><F112/><W7/><G29/><T22/><D73/><U128/><E128/><V60/><F107/><W121/><G7/><T51/><D51/><N who="1" m="19531" /><E45/><V99/><AGARI ba="0,0" hai="0,5,11,32,34,39,43,47,60,67,71,99,103,104" machi="99" ten="30,8000,1" yaku="0,1,33,3,52,1" doraHai="57" who="2" fromWho="2" sc="240,-20,260,-40,250,80,250,-20" /><INIT seed="2,0,0,1,1,132" ten="220,220,330,230" oya="2" hai0="108,47,118,89,61,119,112,73,94,57,98,102,9" hai1="50,82,101,4,58,22,53,85,26,19,80,110,18" hai2="51,56,35,79,92,76,20,14,21,96,134,95,54" hai3="83,75,27,87,120,81,33,88,135,16,12,114,31"/><V23/><F134/><W122/><G135/><T25/><D112/><U17/><E110/><V15/><F35/><W63/><G114/><T130/><D108/><U28/><E4/><V111/><F111/><W86/><G63/><T13/><D73/><U10/><E101/><V43/><F43/><W45/><G45/><T32/><D130/><U7/><REACH who="1" step="1"/><E85/><REACH who="1" ten="220,210,330,230" step="2"/><V64/><F96/><W52/><G75/><T105/><D119/><U59/><E59/><V84/><F84/><W11/><REACH who="3" step="1"/><G52/><REACH who="3" ten="220,210,330,220" step="2"/><T41/><D118/><U8/><E8/><V55/><F55/><W115/><G115/><T72/><D9/><U40/><E40/><V78/><F64/><W71/><G71/><T104/><D41/><U62/><E62/><V70/><F70/><W39/><G39/><T44/><D61/><U42/><E42/><V29/><F54/><W124/><G124/><T133/><D72/><U48/><E48/><V91/><F51/><W103/><G103/><T113/><D133/><U123/><E123/><V68/><F68/><W117/><G117/><T90/><D102/><U24/><E24/><V93/><F56/><W69/><G69/><T74/><D74/><U67/><E67/><V107/><F107/><W34/><G34/><T37/><D105/><U116/><E116/><V36/><F36/><W65/><G65/><T0/><D104/><U106/><E106/><V129/><F129/><W131/><G131/><T60/><D37/><U100/><E100/><V128/><F128/><W109/><G109/><T38/><D113/><U77/><E77/><AGARI ba="0,2" hai="11,12,16,27,31,33,77,81,83,86,87,88,120,122" machi="77" ten="30,7700,0" yaku="1,1,7,1,54,2,53,0" doraHai="132" doraHaiUra="125" who="3" fromWho="1" sc="220,0,210,-77,330,0,220,97" /><INIT seed="3,0,0,5,0,74" ten="220,133,330,317" oya="3" hai0="61,78,40,37,66,90,82,39,53,47,85,70,45" hai1="105,32,9,44,124,135,84,48,125,123,23,77,95" hai2="86,101,2,97,110,83,59,112,130,132,28,79,69" hai3="93,50,64,25,8,16,122,133,131,99,35,117,30"/><W62/><G117/><T129/><D129/><U56/><E32/><V92/><F69/><W51/><G122/><T96/><D53/><U17/><E105/><V80/><F2/><W72/><G72/><T36/><D47/><U7/><E123/><V46/><F112/><W19/><G131/><T68/><D68/><U75/><E56/><V121/><F121/><W102/><G133/><T116/><D116/><U89/><E135/><V91/><F130/><W6/><G51/><T42/><D42/><U22/><E75/><V31/><F132/><W15/><REACH who="3" step="1"/><G50/><REACH who="3" ten="220,133,330,307" step="2"/><T49/><D49/><U24/><E125/><V104/><F110/><W88/><G88/><T54/><D90/><U134/><E124/><V127/><F127/><W106/><G106/><T113/><D113/><U60/><E134/><V5/><F104/><W103/><G103/><T76/><D37/><U34/><E48/><V108/><F108/><W21/><G21/><T63/><D36/><U55/><E23/><V11/><F46/><W18/><G18/><T67/><D45/><U100/><E100/><V41/><F41/><W4/><G4/><T120/><D40/><U111/><E111/><V94/><F5/><W26/><G26/><T107/><D39/><U33/><E44/><V128/><F128/><W27/><G27/><T43/><D43/><U73/><E7/><V58/><F101/><W12/><G12/><T119/><D119/><U81/><E9/><V13/><F13/><W109/><G109/><T65/><D107/><U87/><E73/><N who="2" m="43119" /><F11/><W52/><G52/><T118/><D118/><U14/><E14/><RYUUKYOKU ba="0,1" sc="220,-15,133,15,330,-15,307,15" hai1="17,22,24,33,34,55,60,77,81,84,87,89,95" hai3="6,8,15,16,19,25,30,35,62,64,93,99,102" /><INIT seed="3,1,1,0,0,117" ten="205,148,315,322" oya="3" hai0="65,52,12,73,15,87,66,60,48,112,32,36,14" hai1="53,44,40,56,55,100,95,18,123,19,76,72,90" hai2="125,102,124,62,13,84,104,93,108,106,11,130,70" hai3="68,88,24,39,74,131,23,78,58,16,119,37,22"/><W109/><G119/><T3/><D73/><U110/><E123/><V9/><F108/><W133/><G68/><T33/><D112/><U7/><E110/><V114/><F114/><W57/><G109/><T26/><D3/><U101/><E7/><V1/><F1/><W27/><G78/><T46/><D36/><U30/><E30/><V91/><F130/><W127/><G74/><T98/><D98/><U80/><E100/><V28/><F28/><W132/><G131/><T135/><D135/><U50/><E101/><V21/><F21/><W2/><G2/><T5/><D5/><U116/><E55/><V41/><F41/><W61/><G127/><N who="2" m="48713" /><F102/><W35/><G35/><T77/><D26/><U126/><E116/><V4/><F11/><W89/><G61/><T0/><D0/><U118/><E118/><V97/><F97/><W75/><REACH who="3" step="1"/><G75/><REACH who="3" ten="205,148,315,312" step="2"/><T99/><D60/><U115/><E126/><V105/><F62/><W79/><G79/><T42/><D32/><U81/><E115/><V82/><F70/><W85/><G85/><T20/><D33/><U83/><E72/><V10/><F84/><W43/><G43/><T34/><D34/><U63/><E76/><V134/><F134/><W45/><G45/><T38/><D87/><AGARI ba="1,2" hai="18,19,40,44,50,53,56,63,80,81,83,87,90,95" machi="87" ten="40,1300,0" yaku="8,1" doraHai="117" who="1" fromWho="0" sc="205,-16,148,36,315,0,312,0" /><INIT seed="4,0,0,5,3,134" ten="189,184,315,312" oya="0" hai0="38,46,131,64,9,34,102,101,2,61,132,36,88" hai1="127,77,133,125,17,23,16,79,94,114,37,45,93" hai2="28,22,90,120,115,100,59,72,58,113,7,26,108" hai3="123,32,6,42,48,118,112,80,68,82,10,20,57"/><T85/><D132/><U71/><E133/><V73/><F120/><W15/><G32/><T129/><D34/><U66/><E114/><N who="2" m="43531" /><F108/><W96/><G68/><T35/><D35/><U4/><E4/><V65/><F100/><N who="0" m="38506" /><D46/><U84/><E71/><V30/><F30/><W111/><G111/><T130/><D9/><U14/><E66/><V47/><F7/><W24/><G118/><T29/><D29/><U83/><E77/><V126/><F126/><N who="1" m="48137" /><E17/><V12/><F12/><W105/><G15/><T21/><D21/><U106/><E106/><V49/><F90/><W63/><G105/><T69/><D2/><U5/><E5/><V97/><F97/><W39/><G6/><T121/><D121/><U89/><E89/><V92/><F92/><AGARI ba="0,0" hai="36,38,61,64,69,85,88,92,129,130,131" m="38506" machi="92" ten="30,2900,0" yaku="19,1,54,1" doraHai="134" who="0" fromWho="2" sc="189,29,184,0,315,-29,312,0" /><INIT seed="4,1,0,5,0,109" ten="218,184,286,312" oya="0" hai0="34,131,80,37,15,22,113,2,6,100,7,39,66" hai1="59,92,128,103,55,117,98,112,23,111,27,3,132" hai2="79,46,120,73,60,49,44,10,57,40,110,43,63" hai3="101,30,127,91,11,0,19,96,126,36,86,82,90"/><T45/><D34/><U56/><E111/><V95/><F120/><W107/><G36/><T31/><D131/><U25/><E117/><V123/><F123/><W75/><G30/><T53/><D2/><U50/><E128/><V26/><F110/><W124/><G75/><T129/><D129/><U28/><E3/><V97/><F73/><W29/><G29/><T54/><D66/><U130/><E130/><V58/><F79/><W99/><G19/><T77/><D100/><U122/><E122/><V8/><F26/><W106/><G11/><T133/><D133/><U12/><E132/><V119/><F119/><W42/><G42/><T67/><D67/><U135/><E135/><V74/><F74/><W14/><G14/><T62/><D62/><U47/><E27/><V1/><F1/><W9/><G9/><T38/><D45/><U71/><E71/><V13/><F63/><W78/><G0/><T121/><D121/><U93/><E112/><V61/><F61/><W72/><G72/><N who="0" m="43047" /><D113/><U88/><REACH who="1" step="1"/><E12/><REACH who="1" ten="218,174,286,312" step="2"/><V104/><F13/><W83/><G126/><T125/><D125/><U51/><E51/><V89/><F49/><W69/><G69/><T105/><D15/><U48/><E48/><V41/><F60/><W17/><G124/><T114/><D114/><U84/><AGARI ba="1,1" hai="23,25,28,47,50,55,56,59,84,88,92,93,98,103" machi="84" ten="20,8000,1" yaku="1,1,0,1,7,1,8,1,54,1,53,0" doraHai="109" doraHaiUra="64" who="1" fromWho="1" sc="218,-41,174,93,286,-21,312,-21" /><INIT seed="5,0,0,0,3,95" ten="177,267,265,291" oya="1" hai0="71,114,85,113,9,67,90,3,6,105,98,5,47" hai1="51,48,104,75,115,81,65,78,100,42,7,46,125" hai2="74,27,96,30,15,97,11,0,84,109,26,129,32" hai3="54,41,101,22,40,57,121,18,66,1,130,60,111"/><U91/><E115/><V35/><F109/><W39/><G111/><T14/><D71/><U76/><E125/><V53/><F74/><W72/><G121/><T20/><D67/><U94/><E78/><V56/><F0/><W62/><G1/><T108/><D108/><U64/><E7/><V118/><F118/><W17/><G130/><T92/><D47/><U16/><E51/><V10/><F129/><W86/><G72/><T24/><D6/><U50/><E50/><V126/><F126/><W80/><G101/><T63/><D63/><U23/><E104/><V28/><F84/><W2/><G17/><T106/><D3/><U79/><E79/><V36/><F36/><W38/><G39/><T58/><D58/><U55/><E100/><V119/><F119/><W93/><G93/><T68/><D68/><U13/><REACH who="1" step="1"/><E42/><REACH who="1" ten="177,257,265,291" step="2"/><V82/><F82/><W4/><G4/><T112/><REACH who="0" step="1"/><D85/><AGARI ba="0,1" hai="13,16,23,46,48,55,64,65,75,76,81,85,91,94" machi="85" ten="30,11600,0" yaku="1,1,2,1,7,1,54,1,53,0" doraHai="95" doraHaiUra="117" who="1" fromWho="0" sc="177,-116,257,126,265,0,291,0" /><INIT seed="5,1,0,4,1,38" ten="61,383,265,291" oya="1" hai0="26,34,89,29,46,16,48,1,24,134,53,116,50" hai1="18,109,15,61,9,115,135,32,56,42,74,72,41" hai2="90,44,98,119,103,6,73,63,19,67,102,79,85" hai3="120,2,99,28,62,131,111,86,95,40,93,65,14"/><U33/><E115/><V59/><F119/><W130/><G2/><T54/><D116/><U112/><E112/><V70/><F73/><W121/><G28/><T22/><D134/><U80/><E135/><V83/><F6/><W12/><G111/><T5/><D89/><U101/><E109/><V36/><F70/><W17/><G86/><T39/><D39/><U20/><E101/><V66/><F66/><W45/><G12/><T31/><D31/><U51/><E51/><V30/><F30/><W7/><G7/><T60/><D60/><U125/><E125/><V107/><F103/><W118/><G118/><T27/><D27/><U35/><E9/><V123/><F19/><W84/><G84/><T108/><D108/><U106/><E106/><V133/><F133/><W10/><G93/><T96/><D96/><U94/><E94/><V37/><F123/><W105/><G105/><T76/><D76/><U3/><E3/><V78/><F36/><N who="3" m="21639" /><G95/><T43/><REACH who="0" step="1"/><D50/><REACH who="0" ten="51,383,265,291" step="2"/><U127/><E127/><V88/><F79/><W113/><G99/><T91/><D91/><U58/><E61/><V8/><F90/><W114/><G113/><T110/><D110/><U55/><E33/><V97/><F97/><W122/><G114/><T21/><D21/><U81/><E35/><V57/><F78/><W75/><G62/><T132/><D132/><U128/><E32/><V117/><F117/><W13/><G120/><T71/><D71/><U124/><E20/><V126/><F126/><W77/><G121/><T0/><D0/><U49/><E124/><V23/><F23/><W92/><G122/><RYUUKYOKU ba="1,1" sc="51,30,383,-10,265,-10,291,-10" hai0="1,5,16,22,24,26,29,34,43,46,48,53,54" /><INIT seed="6,2,1,2,0,18" ten="81,373,255,281" oya="2" hai0="45,21,52,121,10,80,7,81,125,14,34,124,13" hai1="133,123,119,40,35,114,88,91,17,111,68,46,67" hai2="118,116,4,6,135,134,89,0,44,107,41,96,102" hai3="5,69,106,61,16,29,77,101,23,84,109,3,55"/><V31/><F31/><W99/><G109/><T48/><D121/><U39/><E35/><V82/><F6/><W120/><G120/><T27/><D34/><U117/><E111/><V108/><F108/><W66/><G29/><T60/><D60/><U100/><E100/><V8/><F89/><W58/><G77/><T43/><D14/><U87/><E133/><N who="2" m="50699" /><F82/><W37/><G37/><AGARI ba="2,1" hai="0,4,8,37,41,44,96,102,107,116,118" m="50699" machi="37" ten="30,2900,0" yaku="20,1,23,1" doraHai="18" who="2" fromWho="3" sc="81,0,373,0,255,45,281,-35" /><INIT seed="6,3,0,5,0,115" ten="81,373,300,246" oya="2" hai0="106,48,6,1,110,98,62,49,18,81,7,85,14" hai1="67,78,95,134,116,24,75,66,35,19,68,130,12" hai2="31,109,113,99,25,79,89,39,65,74,3,114,40" hai3="46,22,90,126,34,105,58,76,94,63,45,100,82"/><V30/><F3/><W41/><G34/><T60/><D110/><U119/><E75/><V108/><F65/><W13/><G126/><T57/><D1/><U5/><E78/><V0/><F0/><W111/><G100/><T53/><D106/><U20/><E67/><V16/><F16/><N who="3" m="10511" /><G105/><T56/><D98/><U92/><E66/><V55/><F55/><N who="3" m="34271" /><G111/><N who="2" m="42569" /><F79/><W26/><G26/><T102/><D102/><U29/><E68/><V36/><F74/><W135/><G135/><T125/><D125/><U51/><E51/><V42/><F25/><W11/><G11/><T37/><D37/><N who="2" m="14410" /><F89/><W73/><G73/><T122/><D122/><U132/><E5/><V54/><F54/><W83/><G76/><T104/><D104/><U97/><E134/><V38/><F99/><N who="3" m="57815" /><G41/><N who="2" m="15977" /><F38/><W123/><G123/><T61/><D6/><U91/><E132/><V10/><F10/><W23/><G23/><T107/><D7/><U52/><E52/><V4/><F4/><W43/><G43/><T88/><D107/><U133/><E133/><V69/><F69/><W32/><G32/><T118/><D53/><U84/><E35/><V71/><F71/><W87/><G87/><T124/><D124/><U129/><E29/><AGARI ba="3,0" hai="29,30,31,113,114" m="15977,14410,42569" machi="29" ten="40,7700,0" yaku="28,2,10,1" doraHai="115" who="2" fromWho="1" sc="81,0,373,-86,300,86,246,0" /><INIT seed="6,4,0,5,0,41" ten="81,287,386,246" oya="2" hai0="80,1,9,109,79,37,54,133,114,66,24,18,34" hai1="2,118,126,92,112,42,75,130,128,12,107,88,3" hai2="113,102,108,99,6,11,64,101,121,38,55,15,135" hai3="72,16,57,85,81,100,78,115,104,39,44,77,87"/><V0/><F38/><W127/><G127/><T83/><D109/><U48/><E107/><V103/><F121/><W32/><G32/><T47/><D114/><U74/><E118/><V122/><F122/><W19/><G115/><T61/><D133/><U58/><E112/><V123/><F123/><W25/><G100/><T95/><D83/><U91/><E126/><V98/><F64/><W119/><G104/><T76/><D76/><U71/><E71/><V52/><F135/><W8/><G119/><T132/><D132/><U35/><E35/><V93/><F108/><W49/><G57/><T106/><D106/><U67/><E12/><V94/><F113/><W89/><G39/><T40/><D95/><U68/><E91/><V17/><REACH who="2" step="1"/><F102/><REACH who="2" ten="81,287,376,246" step="2"/><W116/><G116/><T105/><D66/><U60/><E128/><V51/><F51/><W27/><G49/><T23/><D61/><U36/><E130/><V26/><F26/><W110/><G25/><T29/><D37/><U33/><E36/><V53/><F53/><W4/><G27/><T117/><D54/><U134/><E134/><V111/><F111/><W20/><G110/><T45/><D117/><U69/><E67/><V28/><F28/><W5/><G72/><N who="0" m="43111" /><D40/><U86/><E74/><V125/><F125/><W56/><G81/><T46/><D29/><U63/><E75/><V124/><F124/><W7/><G78/><T31/><D31/><U62/><E42/><V22/><AGARI ba="4,1" hai="0,6,11,15,17,22,52,55,93,94,98,99,101,103" machi="22" ten="20,18000,2" yaku="1,1,0,1,7,1,9,1,54,1,53,1" doraHai="41" doraHaiUra="13" who="2" fromWho="2" sc="81,-64,287,-64,376,202,246,-64" /><INIT seed="6,5,0,0,5,131" ten="17,223,578,182" oya="2" hai0="35,63,104,123,30,111,64,38,27,130,116,97,101" hai1="17,117,45,110,119,135,79,10,66,61,72,32,9" hai2="53,107,103,124,96,14,88,41,89,28,105,31,36" hai3="54,113,106,102,21,98,40,0,59,47,44,100,69"/><V57/><F124/><W132/><G0/><T78/><D123/><U48/><E135/><V68/><F68/><W49/><G69/><T5/><D111/><U118/><E32/><V8/><F107/><W33/><G33/><T134/><D130/><U1/><E110/><V50/><F36/><W90/><G113/><T34/><D116/><U120/><E120/><V26/><F41/><W16/><G132/><T55/><D55/><U133/><E133/><V7/><REACH who="2" step="1"/><F28/><REACH who="2" ten="17,223,568,182" step="2"/><W19/><G40/><T22/><D134/><U77/><E118/><V85/><F85/><W93/><G106/><T29/><D38/><U60/><E117/><V75/><F75/><W58/><G19/><T99/><D30/><U46/><E72/><V70/><F70/><W23/><G16/><T80/><D99/><U37/><E17/><V51/><F51/><W87/><G87/><T92/><D104/><U84/><E84/><V13/><F13/><W121/><G121/><T43/><D43/><U109/><E48/><V65/><F65/><W95/><G49/><T127/><D127/><U20/><E66/><V125/><F125/><W122/><G98/><T12/><D12/><U74/><BYE who="0" /><E74/><UN n0="%62%73%64%5F%33" /><V25/><F25/><W108/><G122/><T128/><D128/><U56/><E37/><V62/><F62/><W73/><G73/><N who="0" m="43087" /><D5/><U129/><E60/><V114/><F114/><W11/><G108/><T3/><D3/><U112/><E61/><V86/><F86/><W82/><G93/><T115/><D115/><U76/><E119/><V91/><F91/><W15/><G95/><T2/><D2/><RYUUKYOKU ba="5,1" sc="17,15,223,-15,568,15,182,-15" hai0="22,27,29,34,35,63,64,92,97,101" hai2="7,8,14,26,31,50,53,57,88,89,96,103,105" /><INIT seed="6,6,1,4,2,67" ten="32,208,583,167" oya="2" hai0="92,82,51,24,13,93,89,102,53,109,12,98,48" hai1="76,126,127,28,21,31,72,41,45,107,116,49,44" hai2="54,106,20,121,26,115,80,47,108,71,30,39,0" hai3="4,55,23,88,57,84,52,129,90,35,62,111,60"/><V59/><F106/><W38/><G35/><T69/><D109/><U123/><E107/><V100/><F115/><W133/><G111/><T104/><D104/><U66/><E66/><V56/><F121/><W6/><G129/><T122/><D122/><U64/><E64/><V131/><F108/><W77/><G38/><T68/><D82/><N who="1" m="45319" /><E21/><V110/><F0/><W91/><G133/><T101/><D24/><U95/><E95/><V18/><F110/><W2/><G2/><T117/><D117/><U75/><E75/><V70/><F131/><W130/><G23/><T81/><D81/><U58/><E58/><V94/><F80/><N who="3" m="47119" /><G130/><T65/><D65/><U10/><E10/><V103/><F59/><AGARI ba="6,1" hai="4,6,52,55,57,59,60,62,88,90,91" m="47119" machi="59" ten="30,3900,0" yaku="8,1,54,2" doraHai="67" who="3" fromWho="2" sc="32,0,208,0,583,-57,167,67" /><INIT seed="7,0,0,2,0,42" ten="32,208,526,234" oya="3" hai0="86,134,35,36,123,33,110,98,24,109,53,67,55" hai1="65,61,120,14,114,3,111,63,89,21,79,7,6" hai2="131,113,16,129,81,18,48,12,46,54,2,97,26" hai3="104,40,102,117,108,29,115,69,27,28,121,76,95"/><W80/><G117/><T59/><D59/><U91/><E111/><V126/><F2/><W87/><G115/><T124/><D67/><U44/><E120/><V43/><F113/><W116/><G116/><T62/><D62/><U96/><E3/><V130/><F126/><W31/><G121/><T122/><D98/><U32/><E32/><V34/><F97/><W1/><G1/><T135/><D86/><U88/><E114/><V56/><F12/><W50/><G104/><T94/><D94/><U101/><E79/><V8/><F8/><W127/><G127/><T118/><D124/><U25/><E14/><V106/><F106/><W103/><G69/><T71/><D71/><U77/><E77/><V10/><F10/><W73/><G108/><T105/><D105/><U72/><E72/><V17/><F81/><W84/><G73/><T90/><D90/><U57/><E63/><N who="2" m="36247" /><F34/><W74/><G74/><T60/><D60/><U70/><E70/><V78/><F78/><W99/><G87/><T45/><D118/><U85/><E85/><V75/><F75/><W132/><G102/><T58/><D58/><U100/><E100/><V93/><F93/><W51/><G103/><T37/><REACH who="0" step="1"/><D24/><AGARI ba="0,0" hai="16,17,18,24,26,43,46,48,129,130,131" m="36247" machi="24" ten="40,5200,0" yaku="19,1,52,1,54,1" doraHai="42" who="2" fromWho="0" sc="32,-52,208,0,526,52,234,0" owari="-20,-52.0,208,-19.2,578,67.8,234,3.4" /></mjloggm>