<mjloggm ver="2.3"><GO type="169" lobby="0"/><UN n0="%4C%61%72%72%6B" n1="%E5%81%BD%E5%96%84%E8%80%85%E9%AB%98%E6%A9%8B%E3%81%BF%E3%81%AA%E3%81%BF" n2="%E8%B5%A4%E5%BA%A7%E3%81%82%E3%81%8B%E3%82%8A%45%58" n3="%E3%81%9B%E3%81%A9%E3%81%AA%E3%82%8A%E3%81%82%E3%82%93" dan="16,17,16,17" rate="2146.62,2176.58,2162.70,2195.61" sx="M,F,M,F"/><TAIKYOKU oya="0"/><INIT seed="0,0,0,4,2,16" ten="250,250,250,250" oya="0" hai0="44,113,111,109,18,85,78,38,95,56,99,34,89" hai1="110,134,3,11,117,25,54,91,115,116,46,49,128" hai2="98,53,20,22,105,21,33,80,1,102,133,19,6" hai3="129,2,83,92,86,67,101,126,24,87,15,4,9"/><T8/><D113/><U32/><E110/><N who="0" m="41993" /><D34/><U5/><E115/><V30/><F133/><W124/><G67/><T106/><D56/><U70/><E70/><V107/><F107/><W51/><G129/><T7/><D18/><U69/><E69/><V76/><F53/><W103/><G2/><T121/><D121/><U28/><E134/><V88/><F88/><N who="3" m="53271" /><G51/><T26/><D26/><U13/><E128/><V63/><F63/><W58/><G58/><T31/><D31/><U27/><E27/><N who="2" m="18655" /><F80/><W118/><G118/><T100/><D78/><U43/><E91/><V96/><F96/><W90/><G24/><T65/><D65/><U40/><E3/><V123/><F76/><W120/><G120/><T84/><D44/><U36/><E40/><V68/><F68/><W61/><G61/><T112/><D38/><U94/><E94/><V14/><F123/><W10/><G10/><AGARI ba="0,0" hai="1,6,10,14,19,20,21,22,98,102,105" m="18655" machi="10" ten="30,7700,0" yaku="24,1,52,3" doraHai="16" who="2" fromWho="3" sc="250,0,250,0,250,77,250,-77" /><INIT seed="1,0,0,2,3,96" ten="250,250,327,173" oya="1" hai0="2,87,64,135,78,42,46,81,114,80,49,118,85" hai1="5,69,112,48,76,55,4,122,94,74,134,6,102" hai2="109,127,66,115,0,9,129,89,132,126,103,7,110" hai3="12,3,33,90,25,47,17,133,44,70,104,50,28"/><U93/><E112/><V51/><F115/><W23/><G70/><T105/><D114/><U34/><E122/><V26/><F66/><W101/><G133/><T116/><D135/><U27/><E69/><V91/><F132/><W119/><G119/><T19/><D2/><U45/><E134/><V16/><F51/><W120/><G120/><T38/><D105/><U32/><E27/><V30/><F103/><W113/><G113/><T54/><D64/><U8/><E8/><V67/><F67/><W60/><G60/><T77/><REACH who="0" step="1"/><D19/><REACH who="0" ten="240,250,327,173" step="2"/><U43/><E4/><V100/><F16/><W71/><G3/><T75/><D75/><U131/><E5/><V61/><F7/><W14/><G104/><T29/><D29/><U52/><E6/><V88/><F30/><W92/><G28/><T59/><AGARI ba="0,1" hai="38,42,46,49,54,59,77,78,80,81,85,87,116,118" machi="59" ten="20,5200,0" yaku="1,1,0,1,7,1,9,1,53,0" doraHai="96" doraHaiUra="84" who="0" fromWho="0" sc="240,62,250,-26,327,-13,173,-13" /><INIT seed="2,0,0,3,1,109" ten="302,224,314,160" oya="2" hai0="130,129,117,93,96,121,134,98,112,54,35,29,57" hai1="6,16,42,28,113,18,91,52,12,17,84,122,77" hai2="106,100,61,31,10,92,33,39,45,44,50,74,114" hai3="97,135,56,23,73,37,65,95,2,115,7,1,25"/><V60/><F74/><W125/><G37/><T40/><D40/><U133/><E133/><V124/><F106/><W15/><G73/><T81/><D121/><U24/><E122/><V85/><F124/><W102/><G135/><T27/><D134/><U120/><E120/><V118/><F118/><W36/><G36/><T80/><D117/><U49/><E77/><V105/><F105/><W51/><G125/><T132/><D132/><U59/><E42/><V26/><F39/><W8/><G115/><T66/><D112/><U89/><E113/><V131/><F131/><N who="0" m="50186" /><D66/><U4/><E12/><V110/><F114/><W103/><G103/><N who="0" m="60815" /><D98/><U123/><E123/><V78/><F100/><W128/><G128/><T94/><D94/><U38/><E38/><V43/><F45/><W101/><G101/><T75/><D75/><U127/><E127/><V68/><F68/><W14/><G1/><T126/><D126/><U82/><REACH who="1" step="1"/><E91/><REACH who="1" ten="302,214,314,160" step="2"/><V47/><F78/><W32/><G14/><T69/><D69/><U88/><E88/><V11/><F110/><W20/><G15/><T67/><D67/><U55/><E55/><V21/><F43/><W119/><G119/><T0/><D0/><U34/><AGARI ba="0,1" hai="4,6,16,17,18,24,28,34,49,52,59,82,84,89" machi="34" ten="30,7900,0" yaku="1,1,0,1,54,2,53,0" doraHai="109" doraHaiUra="19" who="1" fromWho="1" sc="302,-20,214,89,314,-39,160,-20" /><INIT seed="3,0,0,2,2,102" ten="282,303,275,140" oya="3" hai0="19,113,30,71,89,28,10,100,105,29,9,123,5" hai1="60,59,109,22,42,39,79,37,54,47,122,124,117" hai2="114,88,63,53,24,35,76,80,84,46,130,111,112" hai3="44,64,18,56,87,86,69,34,13,99,62,127,81"/><W6/><G127/><T15/><D71/><U91/><E122/><V31/><F111/><W95/><G34/><T26/><D89/><U125/><E79/><V78/><F130/><W120/><G120/><T73/><D73/><U7/><E109/><V12/><F12/><W38/><G69/><T115/><D123/><U1/><E117/><V66/><F78/><W94/><G6/><T126/><D100/><U83/><E37/><V43/><F53/><W2/><G2/><T70/><D70/><U0/><E22/><V49/><REACH who="2" step="1"/><F76/><REACH who="2" ten="282,303,265,140" step="2"/><W93/><G99/><T74/><D126/><N who="1" m="48747" /><E7/><V57/><AGARI ba="0,1" hai="24,31,35,43,46,49,57,63,66,80,84,88,112,114" machi="57" ten="20,5200,0" yaku="1,1,0,1,7,1,54,1,53,0" doraHai="102" doraHaiUra="75" who="2" fromWho="2" sc="282,-13,303,-13,265,62,140,-26" /><INIT seed="4,0,0,4,0,91" ten="269,290,327,114" oya="0" hai0="2,128,29,114,45,78,52,102,25,0,90,48,19" hai1="123,20,22,10,131,11,132,54,58,127,53,82,73" hai2="8,99,101,27,41,92,77,134,107,117,122,40,72" hai3="59,4,47,113,36,6,1,96,116,103,125,115,43"/><T24/><D114/><U56/><E123/><V135/><F122/><W97/><G116/><T86/><D128/><U124/><E82/><N who="2" m="45351" /><F117/><W111/><G111/><T13/><D78/><U68/><E68/><V105/><F27/><W79/><G125/><T112/><D102/><U26/><E73/><V126/><F8/><W71/><G71/><T15/><D112/><N who="3" m="43081" /><G79/><T14/><D19/><U121/><E26/><V50/><F126/><W106/><G1/><T88/><D90/><U119/><E132/><N who="2" m="50731" /><F50/><W17/><G17/><T34/><REACH who="0" step="1"/><D24/><REACH who="0" ten="259,290,327,114" step="2"/><U5/><E131/><V62/><F101/><W67/><G103/><T70/><D70/><U55/><E121/><V63/><F107/><W39/><G106/><T18/><D18/><U33/><E119/><V46/><F105/><W66/><G4/><T108/><D108/><U81/><E5/><V28/><F28/><W7/><G6/><T120/><D120/><U85/><E127/><V87/><F87/><W110/><G7/><T64/><D64/><U100/><E100/><V129/><F129/><W130/><G110/><T16/><D16/><U3/><E124/><V30/><F30/><W21/><G67/><T76/><D76/><U23/><E10/><V133/><F133/><W60/><G130/><T93/><AGARI ba="0,1" hai="0,2,13,14,15,25,29,34,45,48,52,86,88,93" machi="93" ten="30,12000,1" yaku="1,1,0,1,52,1,54,2,53,0" doraHai="91" doraHaiUra="69" who="0" fromWho="0" sc="259,130,290,-40,327,-40,114,-40" /><INIT seed="4,1,0,5,1,38" ten="389,250,287,74" oya="0" hai0="108,59,126,54,132,74,17,9,61,15,103,70,22" hai1="86,111,133,58,69,72,29,118,0,104,8,46,67" hai2="128,127,11,4,99,120,116,135,20,75,94,37,81" hai3="119,106,98,101,39,35,112,26,51,131,84,68,123"/><T44/><D74/><U92/><E133/><V114/><F37/><W23/><G119/><T125/><D132/><U85/><E104/><V82/><F135/><W100/><G39/><T33/><D33/><U64/><E69/><V71/><F71/><W19/><G112/><T105/><D108/><U129/><E129/><V14/><F120/><W7/><G131/><T89/><D70/><U62/><E72/><V40/><F128/><W49/><G101/><T121/><D121/><U18/><E29/><V45/><F114/><W48/><G7/><T5/><D105/><U1/><E118/><V30/><F75/><W56/><G123/><T41/><D89/><U31/><E31/><V16/><F30/><W52/><G35/><T32/><D103/><U2/><E67/><V83/><F127/><W109/><G109/><T115/><D115/><U110/><E46/><V60/><F60/><W107/><G107/><T91/><D91/><N who="1" m="53359" /><E86/><V3/><F116/><W63/><REACH who="3" step="1"/><G84/><REACH who="3" ten="389,250,287,64" step="2"/><T73/><D73/><U88/><E111/><V25/><F99/><W113/><G113/><T21/><D32/><U122/><E110/><V76/><F4/><W36/><G36/><N who="0" m="21543" /><D5/><U53/><E122/><V57/><F3/><W13/><G13/><T10/><D126/><U78/><E0/><V130/><F130/><W134/><G134/><T80/><D125/><U6/><E1/><V34/><F34/><W12/><G12/><T27/><D80/><U50/><E2/><V47/><F83/><W28/><G28/><T102/><D102/><U77/><E6/><N who="2" m="3447" /><F82/><W90/><G90/><T24/><D15/><RYUUKYOKU ba="1,1" sc="389,15,250,-15,287,-15,64,15" hai0="9,10,17,21,22,24,27,54,59,61" hai3="19,23,26,48,49,51,52,56,63,68,98,100,106" /><INIT seed="4,2,1,0,1,105" ten="404,235,272,79" oya="0" hai0="126,70,127,8,83,26,122,96,11,21,121,12,9" hai1="32,110,51,106,29,85,113,67,98,75,76,62,117" hai2="68,118,58,79,108,6,107,77,4,23,18,25,84" hai3="59,119,72,102,5,131,37,36,22,81,56,28,10"/><T60/><D70/><N who="1" m="42359" /><E110/><V133/><F68/><W74/><G119/><T33/><D60/><U53/><E85/><V55/><F107/><W48/><G102/><T3/><D96/><U78/><E78/><V64/><F108/><W111/><G111/><T24/><D83/><N who="1" m="45471" /><E53/><V43/><F43/><W45/><G131/><T86/><D86/><U7/><E7/><V92/><F64/><W132/><G132/><T71/><D71/><U65/><E51/><N who="2" m="31103" /><F133/><W49/><G81/><T120/><D12/><U38/><E65/><V15/><F118/><W35/><G35/><T99/><D99/><U14/><E14/><V128/><F128/><W100/><G100/><T109/><D109/><U123/><E117/><V63/><F63/><W104/><G104/><T125/><D3/><U27/><E38/><V93/><F93/><W124/><G5/><N who="2" m="2153" /><F15/><W87/><G87/><T134/><D134/><U40/><E40/><V57/><F57/><W89/><G45/><T101/><D101/><N who="1" m="62775" /><E123/><V44/><F44/><W39/><G39/><T103/><D103/><U114/><AGARI ba="2,1" hai="27,29,32,113,114" m="62775,45471,42359" machi="114" ten="30,4000,0" yaku="25,1,23,1,52,1" doraHai="105" who="1" fromWho="1" sc="404,-22,235,56,272,-12,79,-12" /><INIT seed="5,0,0,0,5,61" ten="382,291,260,67" oya="1" hai0="31,12,16,7,117,73,128,96,23,32,122,34,54" hai1="2,113,8,95,42,107,1,68,110,62,123,89,106" hai2="41,93,101,111,64,0,14,130,92,39,4,67,69" hai3="28,51,44,48,53,3,63,56,27,74,87,72,20"/><U22/><E123/><V49/><F111/><W115/><G115/><T97/><D73/><U46/><E113/><V10/><F69/><W132/><G132/><T58/><D117/><U76/><E76/><V99/><F39/><W120/><G120/><T135/><D122/><U26/><E110/><V43/><F130/><W70/><G3/><T25/><D135/><U85/><E106/><V33/><F33/><W98/><G87/><T71/><D128/><U114/><E107/><V126/><F126/><W36/><G98/><T81/><D71/><U90/><E114/><V29/><F29/><W102/><G102/><T104/><D34/><U24/><E90/><V59/><F0/><W129/><G129/><T57/><D104/><U79/><E79/><V9/><F10/><W134/><G134/><T55/><D81/><U52/><E24/><V35/><F35/><W118/><G118/><T50/><REACH who="0" step="1"/><D7/><REACH who="0" ten="372,291,260,67" step="2"/><U75/><E75/><V77/><F77/><W11/><G72/><T83/><D83/><U38/><E68/><V66/><REACH who="2" step="1"/><F92/><REACH who="2" ten="372,291,250,67" step="2"/><W13/><G70/><T108/><D108/><U124/><E95/><V84/><F84/><W119/><G74/><T100/><D100/><U47/><E85/><V116/><F116/><W94/><G94/><T19/><D19/><U78/><E78/><V45/><F45/><W131/><G119/><T5/><D5/><N who="1" m="1071" /><E46/><V125/><F125/><W17/><G131/><T112/><D112/><U88/><E124/><V109/><F109/><W40/><G44/><T103/><D103/><U6/><E6/><V65/><N who="2" m="16384" /><DORA hai="82" /><V127/><F127/><RYUUKYOKU ba="0,2" sc="372,10,291,-30,250,10,67,10" hai0="12,16,23,25,31,32,50,54,55,57,58,96,97" hai2="4,9,14,41,43,49,59,93,99,101" hai3="11,13,17,20,27,28,36,40,48,51,53,56,63" /><INIT seed="6,1,2,2,2,75" ten="382,261,260,77" oya="2" hai0="45,53,95,129,87,43,113,120,0,108,103,76,57" hai1="84,39,24,56,74,12,3,73,47,110,27,130,1" hai2="68,122,96,20,124,118,6,7,116,100,18,78,127" hai3="119,131,66,135,72,8,77,83,93,41,36,90,13"/><V48/><F68/><W10/><G119/><N who="2" m="45609" /><F48/><W86/><G131/><T105/><D0/><N who="1" m="75" /><E12/><N who="2" m="9287" /><F122/><W97/><G135/><T81/><D120/><U125/><E84/><V32/><F32/><W104/><G66/><T128/><D108/><U115/><E56/><V30/><F30/><W114/><G114/><T16/><D105/><U132/><E47/><V85/><F85/><W62/><G62/><T60/><D16/><U117/><E130/><V25/><F25/><N who="1" m="9801" /><E125/><N who="2" m="48203" /><F78/><W29/><G29/><T82/><D113/><U28/><E28/><V40/><F40/><W79/><G13/><T102/><D129/><U35/><E35/><V94/><AGARI ba="1,2" hai="6,7,94,96,100" m="48203,9287,45609" machi="94" ten="30,1500,0" yaku="18,1" doraHai="75" who="2" fromWho="2" sc="382,-6,261,-6,260,38,77,-6" /><INIT seed="6,2,0,0,0,51" ten="376,255,298,71" oya="2" hai0="132,46,85,27,108,29,12,99,111,81,118,128,61" hai1="95,22,36,70,112,56,88,37,39,127,57,135,26" hai2="24,65,6,43,0,35,45,54,41,134,106,30,74" hai3="100,48,125,76,79,8,90,122,25,18,110,31,58"/><V17/><F74/><W19/><G125/><T50/><D132/><U72/><E70/><V101/><F134/><W116/><G116/><T96/><D118/><U119/><E135/><V11/><F65/><W113/><G122/><T123/><D123/><U40/><E119/><V5/><F5/><W98/><G110/><T120/><D120/><U129/><E127/><V103/><F17/><W52/><G113/><T87/><D128/><U62/><E129/><V114/><F114/><W7/><G90/><T105/><D61/><U20/><E72/><V42/><REACH who="2" step="1"/><F106/><REACH who="2" ten="376,255,288,71" step="2"/><W80/><G18/><T94/><D105/><U15/><E112/><V102/><F102/><W34/><G19/><T73/><D73/><U13/><E37/><V121/><F121/><W84/><G100/><T14/><D111/><U38/><E38/><V4/><F4/><W2/><REACH who="3" step="1"/><G98/><REACH who="3" ten="376,255,288,61" step="2"/><T75/><D99/><U49/><E39/><V44/><F44/><W60/><G60/><T10/><D46/><U109/><E36/><V78/><F78/><W33/><G33/><T91/><D96/><U89/><E62/><V104/><F104/><W28/><G28/><T1/><D29/><U32/><E32/><V115/><F115/><W107/><G107/><T124/><D108/><U9/><E109/><V21/><F21/><W53/><G53/><T64/><D124/><U71/><E22/><V63/><F63/><W92/><G92/><T82/><D94/><U16/><E95/><V93/><F93/><W59/><G59/><N who="1" m="22602" /><E26/><V117/><F117/><W23/><G23/><T77/><D27/><U83/><E20/><RYUUKYOKU ba="2,2" sc="376,-15,255,-15,288,15,61,15" hai2="0,6,11,24,30,35,41,42,43,45,54,101,103" hai3="2,7,8,25,31,34,48,52,58,76,79,80,84" /><INIT seed="6,3,2,1,2,67" ten="361,240,303,76" oya="2" hai0="130,32,89,122,80,50,10,113,65,9,21,66,17" hai1="26,31,84,15,126,30,43,61,93,8,99,88,129" hai2="52,125,74,37,0,12,19,120,46,118,27,56,5" hai3="77,117,29,103,18,38,104,41,109,82,11,128,76"/><V40/><F118/><W60/><G117/><T91/><D32/><U85/><E129/><V106/><F120/><W131/><G109/><T79/><D122/><U53/><E126/><V47/><F106/><W102/><G29/><N who="1" m="10762" /><E43/><V48/><F74/><W81/><G41/><T96/><D113/><U42/><E42/><V44/><F125/><W119/><G119/><T101/><D130/><N who="3" m="49705" /><G38/><T63/><D50/><U132/><E26/><V94/><F27/><W24/><G60/><T134/><D65/><U78/><E78/><N who="3" m="30314" /><G11/><T97/><D9/><U72/><E72/><V124/><F124/><W57/><G57/><T116/><D10/><U54/><E132/><V1/><F5/><W16/><G24/><T105/><D134/><U115/><E115/><V55/><F94/><W23/><G23/><T127/><D21/><U20/><E20/><V35/><F35/><W33/><G33/><T13/><D127/><U114/><E114/><V92/><F92/><W90/><G90/><T107/><D91/><U4/><E61/><V6/><F6/><W87/><G87/><AGARI ba="3,2" hai="4,8,15,53,54,84,85,87,88,93,99" m="10762" machi="87" ten="30,2000,0" yaku="8,1,54,1" doraHai="67" who="1" fromWho="3" sc="361,0,240,49,303,0,76,-29" /><INIT seed="7,0,0,5,3,126" ten="361,289,303,47" oya="3" hai0="112,103,16,29,118,11,33,3,45,47,134,91,67" hai1="37,34,31,80,23,56,8,63,119,124,110,122,25" hai2="133,53,20,121,59,1,64,41,50,51,76,66,132" hai3="70,36,101,100,49,115,9,82,30,75,13,2,85"/><W77/><G115/><T128/><D118/><U113/><E110/><V26/><F1/><W38/><G70/><T58/><D103/><U93/><E122/><V28/><F76/><W86/><G2/><T68/><D68/><U19/><E124/><V94/><F121/><W5/><G30/><T35/><D29/><U61/><E37/><V73/><F73/><W130/><G36/><T127/><D33/><U131/><E119/><V54/><F41/><W74/><G38/><T83/><D35/><U52/><E113/><V48/><F94/><W96/><G85/><T71/><D3/><U95/><E8/><V116/><F116/><W109/><G109/><T120/><D11/><U27/><E131/><V79/><F79/><W117/><G117/><T0/><D71/><U111/><E111/><V129/><F129/><W123/><G123/><T32/><D0/><U15/><E27/><V108/><F108/><W62/><G62/><T14/><D32/><U87/><E61/><N who="2" m="37951" /><F66/><W46/><G130/><T98/><D128/><U55/><E55/><V60/><F60/><W44/><G44/><T104/><D112/><U6/><E6/><V107/><F107/><W97/><G101/><T39/><D104/><U18/><E18/><V78/><F78/><AGARI ba="0,0" hai="15,19,23,25,31,34,52,56,63,78,80,87,93,95" machi="78" ten="30,2000,0" yaku="7,1,54,1" doraHai="126" who="1" fromWho="2" sc="361,0,289,20,303,-20,47,0" owari="361,46.1,309,10.9,283,-11.7,47,-45.3" /></mjloggm>