<mjloggm ver="2.3"><GO type="169" lobby="0"/><UN n0="%E5%8F%97%E3%81%91%E5%85%A5%E3%82%8C%E9%87%8D%E8%A6%96" n1="%41%72%69%61" n2="%73%69%65%72%61%34%30%31" n3="%70%65%6E%74%6F%6C%61" dan="16,16,17,16" rate="2161.42,2138.81,2247.47,2192.94" sx="M,F,F,M"/><TAIKYOKU oya="0"/><INIT seed="0,0,0,1,0,127" ten="250,250,250,250" oya="0" hai0="102,6,66,71,123,121,22,87,125,10,47,9,79" hai1="30,110,69,11,57,105,77,115,113,112,21,70,76" hai2="75,44,2,89,68,5,53,124,135,93,104,14,92" hai3="25,117,120,56,24,18,59,131,126,109,91,83,38"/><T1/><D102/><U7/><E105/><V132/><F68/><N who="1" m="26217" /><E57/><V134/><F104/><W55/><G126/><T97/><D97/><U16/><E30/><V65/><F124/><W106/><G120/><T114/><D125/><U32/><E32/><V99/><F75/><W28/><G117/><T50/><D114/><U100/><E100/><V63/><F2/><W4/><G38/><T40/><D9/><U78/><E110/><V108/><F108/><W62/><G4/><T42/><D42/><U58/><E58/><V20/><F65/><W8/><G106/><T27/><D66/><U39/><E39/><V86/><F63/><W103/><G103/><T128/><D71/><U43/><E43/><V48/><F5/><W95/><G83/><T26/><D26/><N who="1" m="14631" /><E78/><V45/><F45/><W36/><G36/><T23/><D23/><U98/><E98/><V37/><F37/><W19/><G59/><T17/><D121/><U72/><E72/><V130/><F14/><AGARI ba="0,0" hai="7,11,14,76,77,112,113,115" m="14631,26217" machi="14" ten="40,2600,0" yaku="11,1,54,1" doraHai="127" who="1" fromWho="2" sc="250,0,250,26,250,-26,250,0" /><INIT seed="1,0,0,1,0,5" ten="250,276,224,250" oya="1" hai0="125,111,73,84,131,123,81,68,19,15,3,39,8" hai1="82,20,42,130,17,69,22,18,92,99,95,121,50" hai2="2,64,21,91,126,110,112,83,75,114,59,129,55" hai3="108,71,25,72,119,45,97,116,120,53,98,14,100"/><U10/><E69/><V4/><F110/><W93/><G71/><T31/><D111/><U47/><E121/><V104/><F104/><W48/><G108/><T77/><D123/><U76/><E130/><V35/><F35/><W127/><G72/><T124/><D131/><U87/><E10/><V32/><F32/><W94/><G120/><T66/><D39/><U56/><E56/><V62/><F126/><W36/><G36/><T113/><D113/><U40/><E40/><V61/><F129/><W7/><G25/><T46/><D31/><U49/><E49/><V78/><F91/><W52/><G127/><T65/><D3/><U128/><E128/><V67/><F21/><N who="1" m="8297" /><E95/><V74/><F74/><W23/><G53/><T109/><D109/><U54/><E42/><V107/><F107/><W122/><G122/><T133/><D124/><U33/><E33/><V90/><F2/><W85/><G85/><T29/><D125/><U57/><E57/><V58/><F4/><W79/><G79/><T135/><D29/><U102/><AGARI ba="0,0" hai="17,18,47,50,54,76,82,87,92,99,102" m="8297" machi="102" ten="30,1500,0" yaku="8,1" doraHai="5" who="1" fromWho="1" sc="250,-5,276,15,224,-5,250,-5" /><INIT seed="1,1,0,4,2,98" ten="245,291,219,245" oya="1" hai0="132,13,89,91,61,42,19,119,107,8,40,9,130" hai1="23,95,88,39,87,24,35,131,30,53,45,51,124" hai2="121,26,127,92,104,135,80,44,120,67,6,32,134" hai3="81,66,73,18,85,128,103,7,21,60,1,46,133"/><U109/><E124/><V0/><F44/><W93/><G128/><T102/><D119/><U99/><E131/><V37/><F92/><W17/><G73/><T56/><D130/><U38/><E109/><V117/><F67/><W69/><G133/><N who="2" m="50697" /><F80/><W78/><G7/><T126/><D126/><U101/><REACH who="1" step="1"/><E35/><REACH who="1" ten="245,281,219,245" step="2"/><V59/><F32/><W5/><G1/><T111/><D111/><U112/><E112/><V34/><F34/><W29/><G5/><T3/><D132/><U84/><E84/><V31/><F6/><W64/><G64/><T49/><D3/><U2/><E2/><V12/><F0/><W118/><G118/><T14/><D8/><U123/><E123/><V106/><F127/><W22/><G22/><T25/><D9/><U20/><E20/><V68/><F117/><W10/><G10/><T58/><D13/><U116/><E116/><V41/><F12/><W96/><REACH who="3" step="1"/><G46/><REACH who="3" ten="245,281,219,235" step="2"/><T28/><D14/><U70/><E70/><V50/><F68/><W52/><G52/><T72/><D72/><U11/><E11/><V71/><F71/><W122/><G122/><T74/><D74/><U94/><AGARI ba="1,2" hai="23,24,30,38,39,45,51,53,87,88,94,95,99,101" machi="94" ten="20,12000,1" yaku="1,1,0,1,7,1,52,1,54,1,53,0" doraHai="98" doraHaiUra="77" who="1" fromWho="1" sc="245,-41,281,143,219,-41,235,-41" /><INIT seed="1,2,0,0,1,103" ten="204,424,178,194" oya="1" hai0="97,124,80,93,91,109,74,89,123,78,61,7,39" hai1="86,87,111,126,72,129,14,12,117,33,68,120,20" hai2="75,51,54,98,63,9,17,18,104,65,13,53,34" hai3="81,118,55,24,121,6,1,41,31,52,62,100,45"/><U57/><E120/><V30/><F75/><W23/><G121/><T47/><D123/><U84/><E68/><V101/><F18/><W77/><G118/><T112/><D112/><U85/><E33/><V29/><F34/><W76/><G100/><T102/><D109/><U25/><E72/><V127/><F127/><W133/><G133/><T114/><D114/><U99/><E117/><V43/><F43/><W2/><G76/><T79/><D124/><U90/><E126/><V70/><REACH who="2" step="1"/><F54/><REACH who="2" ten="204,424,168,194" step="2"/><W40/><G40/><T19/><D19/><U8/><E111/><V21/><F21/><W115/><G115/><T119/><D119/><U131/><E129/><V48/><F48/><W128/><G128/><T107/><D74/><U35/><E35/><V88/><F88/><W83/><G55/><T27/><D89/><U5/><E131/><V28/><F28/><W49/><G6/><T10/><D91/><U122/><E5/><V96/><F96/><W59/><G81/><T4/><D80/><U94/><E122/><V113/><F113/><W42/><G42/><T22/><D4/><U56/><E99/><V105/><F105/><W0/><G83/><T82/><D107/><U108/><E108/><V135/><F135/><W15/><G77/><T38/><D82/><U11/><E20/><V116/><F116/><W106/><G106/><T26/><D79/><U36/><E90/><V73/><F73/><W92/><G92/><T32/><D78/><U125/><E94/><V64/><F64/><W110/><G110/><T132/><D93/><U16/><N who="1" m="21504" /><DORA hai="44" /><U95/><E125/><RYUUKYOKU ba="2,1" sc="204,-15,424,-15,168,15,194,15" hai2="9,13,17,29,30,51,53,63,65,70,98,101,104" hai3="0,1,2,15,23,24,31,41,45,49,52,59,62" /><INIT seed="2,3,1,3,1,96" ten="189,409,183,209" oya="2" hai0="119,48,30,100,77,125,97,39,74,4,12,103,28" hai1="19,117,124,36,106,35,46,115,42,63,27,126,93" hai2="59,67,91,41,40,44,80,120,47,114,73,133,128" hai3="131,60,102,6,52,111,7,33,22,109,68,21,92"/><V70/><F114/><W98/><G33/><T25/><D39/><U54/><E106/><V24/><F120/><W13/><G131/><T3/><D3/><U0/><E117/><V51/><F128/><W49/><G68/><T89/><D119/><U45/><E0/><V90/><F133/><W132/><G60/><T134/><D134/><U81/><E115/><V9/><F70/><W17/><G22/><T94/><D125/><U85/><E93/><V104/><F104/><W83/><G83/><T11/><D28/><U107/><E107/><V5/><F24/><W16/><G17/><T87/><D74/><U10/><E35/><V129/><F129/><W23/><G23/><N who="0" m="15679" /><D48/><N who="1" m="28951" /><E63/><V50/><F67/><W127/><G127/><T123/><D123/><U112/><E27/><V15/><REACH who="2" step="1"/><F59/><REACH who="2" ten="189,409,173,209" step="2"/><W56/><REACH who="3" step="1"/><G132/><REACH who="3" ten="189,409,173,199" step="2"/><T99/><D77/><AGARI ba="3,3" hai="5,9,15,40,41,44,47,50,51,73,77,80,90,91" machi="77" ten="40,7700,0" yaku="1,1,2,1,9,1,53,0" doraHai="96" doraHaiUra="130" who="2" fromWho="0" sc="189,-86,409,0,173,116,199,0" /><INIT seed="2,4,0,5,1,58" ten="103,409,289,199" oya="2" hai0="114,53,119,76,90,21,97,111,8,69,130,34,113" hai1="31,81,10,112,102,107,92,50,62,73,129,6,51" hai2="103,36,110,133,49,24,86,19,43,17,94,0,115" hai3="83,77,74,42,15,20,56,4,7,9,122,30,106"/><V117/><F115/><W12/><G122/><T72/><D34/><U47/><E112/><V100/><F117/><W41/><G106/><T79/><D113/><U27/><E107/><V18/><F0/><W123/><G123/><T99/><D114/><U13/><E129/><V26/><F36/><W22/><G22/><T89/><D69/><U33/><E73/><V37/><F37/><W55/><G30/><T80/><D130/><U132/><E132/><V85/><F133/><W120/><G120/><T64/><D64/><U134/><E134/><V124/><F124/><W87/><G74/><T91/><D119/><U71/><E81/><V65/><F65/><W16/><REACH who="3" step="1"/><G7/><REACH who="3" ten="103,409,289,189" step="2"/><T11/><D111/><U93/><E6/><V105/><F105/><W108/><G108/><T78/><D21/><U35/><E35/><V61/><F110/><W96/><G96/><T125/><D125/><U14/><E31/><V127/><F127/><W67/><G67/><T84/><D72/><U66/><E33/><V25/><F86/><W59/><G59/><T98/><REACH who="0" step="1"/><D53/><REACH who="0" ten="93,409,289,189" step="2"/><U29/><E66/><V70/><F70/><W1/><G1/><T5/><D5/><U82/><E71/><V118/><F118/><W54/><G54/><T135/><D135/><U75/><E75/><V104/><F104/><W126/><G126/><T44/><D44/><U68/><E47/><V131/><F131/><W63/><AGARI ba="4,2" hai="4,9,12,15,16,20,41,42,55,56,63,77,83,87" machi="63" ten="20,12000,2" yaku="1,1,0,1,7,1,8,1,52,1,54,1,53,0" doraHai="58" doraHaiUra="109" who="3" fromWho="3" sc="93,-34,409,-34,289,-64,189,152" /><INIT seed="3,0,0,4,5,96" ten="59,375,225,341" oya="3" hai0="110,3,11,26,53,118,77,5,13,42,109,102,6" hai1="70,107,125,34,15,69,37,100,28,83,27,121,33" hai2="99,134,2,40,74,90,105,43,114,132,67,85,94" hai3="120,51,48,25,129,127,119,135,84,64,81,47,52"/><W65/><G119/><T56/><D118/><U16/><E121/><V66/><F2/><W58/><G120/><T68/><D68/><U122/><E122/><V49/><F74/><W45/><G127/><T55/><D42/><U104/><E34/><V86/><F114/><W115/><G115/><T80/><D26/><U113/><E113/><V35/><F35/><W36/><G129/><T131/><D131/><U95/><E37/><V29/><F29/><W79/><G135/><T54/><D5/><U4/><E4/><V32/><F32/><W106/><G106/><T57/><D3/><U44/><E107/><V103/><F85/><W60/><G36/><T8/><D8/><U39/><E104/><V18/><F18/><W130/><G130/><T117/><D117/><U22/><E125/><V31/><F31/><W62/><G25/><T46/><D46/><U98/><REACH who="1" step="1"/><E83/><REACH who="1" ten="59,365,225,341" step="2"/><V7/><F7/><W24/><G24/><T61/><D102/><U89/><E89/><V92/><F90/><W123/><G123/><T93/><D93/><U41/><AGARI ba="0,1" hai="15,16,22,27,28,33,39,41,44,69,70,95,98,100" machi="41" ten="30,7900,0" yaku="1,1,0,1,52,1,54,1,53,0" doraHai="96" doraHaiUra="82" who="1" fromWho="1" sc="59,-20,365,89,225,-20,341,-39" /><INIT seed="4,0,0,1,3,134" ten="39,454,205,302" oya="0" hai0="114,107,97,15,26,47,76,116,65,25,5,55,40" hai1="23,81,111,112,74,44,20,127,13,73,130,105,9" hai2="39,103,132,124,93,126,80,85,31,11,70,120,82" hai3="2,27,77,22,24,58,91,106,50,53,38,125,51"/><T86/><D116/><U45/><E105/><V110/><F110/><W59/><G38/><T131/><D65/><U3/><E111/><V62/><F120/><W33/><G106/><T109/><D109/><U30/><E3/><V60/><F39/><W100/><G2/><T129/><D55/><U75/><E81/><V88/><F132/><W37/><G37/><T7/><D114/><U42/><E130/><N who="0" m="49673" /><D76/><U12/><E30/><V52/><F31/><W117/><G100/><N who="0" m="62863" /><D86/><U101/><E101/><V18/><F103/><W14/><G77/><T99/><D99/><U69/><E69/><V135/><F135/><W10/><G117/><T118/><D118/><U63/><E63/><N who="2" m="24107" /><F52/><W32/><G53/><T46/><D15/><N who="1" m="5707" /><E42/><V41/><F41/><W6/><G14/><T28/><D25/><U87/><E87/><V79/><F70/><W119/><G119/><T71/><D71/><U72/><E112/><V67/><F67/><W8/><G27/><T89/><D89/><U43/><E43/><V68/><F68/><W29/><G91/><T113/><D113/><U92/><E75/><V95/><F11/><W4/><G24/><T56/><D56/><U90/><E9/><V57/><F57/><W84/><G84/><T133/><D133/><U108/><E74/><N who="2" m="43127" /><F82/><W115/><G115/><T83/><D83/><U48/><E108/><V16/><F93/><W36/><G36/><N who="0" m="21767" /><D47/><U96/><E45/><V54/><F54/><W35/><G59/><T21/><AGARI ba="0,0" hai="5,7,21,26,28" m="21767,62863,49673" machi="21" ten="30,1500,0" yaku="19,1" doraHai="134" who="0" fromWho="0" sc="39,15,454,-5,205,-5,302,-5" /><INIT seed="4,1,0,4,0,76" ten="54,449,200,297" oya="0" hai0="2,77,117,21,135,103,126,46,13,105,71,96,19" hai1="38,24,102,45,57,8,106,82,58,121,36,50,129" hai2="119,123,62,109,28,17,18,94,116,113,133,55,80" hai3="98,20,16,56,11,66,124,118,107,37,61,53,78"/><T83/><D117/><N who="2" m="45130" /><F109/><W101/><G124/><T3/><D126/><U35/><E121/><V112/><F123/><W9/><G118/><T87/><D71/><U23/><E35/><V6/><F6/><W44/><G78/><T130/><D130/><U26/><E38/><V0/><F0/><W33/><G33/><T68/><D68/><U67/><E36/><V59/><F28/><W51/><REACH who="3" step="1"/><G37/><REACH who="3" ten="54,449,200,287" step="2"/><T32/><D32/><U88/><E129/><V27/><F113/><W39/><G39/><T114/><D114/><U52/><E26/><AGARI ba="1,1" hai="9,11,16,20,26,44,51,53,56,61,66,98,101,107" machi="26" ten="30,3900,0" yaku="1,1,7,1,54,1,53,0" doraHai="76" doraHaiUra="34" who="3" fromWho="1" sc="54,0,449,-42,200,0,287,52" /><INIT seed="5,0,0,2,3,47" ten="54,407,200,339" oya="1" hai0="109,58,122,135,105,101,23,111,17,125,52,127,34" hai1="15,53,132,8,134,1,103,37,19,77,11,82,46" hai2="113,59,72,43,41,61,96,21,40,104,71,56,10" hai3="76,31,88,91,84,2,118,90,67,117,75,39,0"/><U73/><E103/><V50/><F72/><W13/><G39/><T102/><D34/><U44/><E53/><V100/><F113/><W33/><G13/><T114/><D114/><U7/><REACH who="1" step="1"/><E46/><REACH who="1" ten="54,397,200,339" step="2"/><V120/><F100/><W128/><G128/><T66/><D66/><U62/><E62/><V110/><F61/><W27/><G67/><T107/><D101/><U126/><E126/><N who="0" m="48137" /><D135/><U60/><E60/><V49/><F41/><AGARI ba="0,1" hai="1,7,8,11,15,19,37,41,44,73,77,82,132,134" machi="41" ten="40,7700,0" yaku="1,1,25,2,53,0" doraHai="47" doraHaiUra="116" who="1" fromWho="2" sc="54,0,397,87,200,-77,339,0" /><INIT seed="5,1,0,4,0,89" ten="54,484,123,339" oya="1" hai0="96,76,93,133,60,98,106,68,101,103,53,124,78" hai1="119,129,74,91,123,6,21,23,131,64,27,50,34" hai2="132,25,99,115,4,5,127,9,112,12,56,43,30" hai3="71,82,62,41,114,87,111,134,24,75,18,47,88"/><U92/><E74/><V2/><F43/><W95/><G111/><T86/><D124/><U117/><E64/><V79/><F79/><W126/><G126/><T85/><D133/><U13/><E50/><V16/><F127/><W59/><G71/><T40/><D40/><U121/><E34/><N who="2" m="20815" /><F56/><W37/><G114/><N who="2" m="43561" /><F99/><W15/><G134/><T17/><D17/><N who="1" m="10415" /><E6/><N who="2" m="1239" /><F132/><W1/><G24/><T102/><D68/><U44/><E44/><V69/><F69/><W55/><G1/><T48/><D60/><U77/><E77/><N who="0" m="29801" /><D48/><U19/><E91/><V105/><F105/><W46/><G46/><T116/><D53/><U120/><E92/><V26/><F26/><W61/><G75/><T3/><D3/><U33/><E33/><V130/><F130/><AGARI ba="1,0" hai="19,23,27,117,119,120,121,123,129,130,131" m="10415" machi="130" ten="40,7700,0" yaku="19,1,34,2" doraHai="89" who="1" fromWho="2" sc="54,0,484,80,123,-80,339,0" /><INIT seed="5,2,0,1,1,75" ten="54,564,43,339" oya="1" hai0="103,52,57,69,96,48,95,132,116,97,40,76,18" hai1="77,42,66,22,117,114,73,46,99,62,67,37,61" hai2="119,98,120,93,20,33,13,94,71,78,56,90,65" hai3="108,19,0,7,91,63,80,32,135,6,109,2,74"/><U34/><E34/><V21/><F120/><W30/><G63/><T50/><D116/><U113/><E99/><V17/><F33/><W107/><G107/><T41/><D69/><N who="1" m="42191" /><E22/><V36/><F119/><W123/><G91/><T27/><D132/><U28/><E28/><V87/><F71/><W122/><G80/><T49/><D76/><U84/><E84/><V51/><F36/><W29/><G74/><T134/><D134/><U3/><E3/><V118/><F118/><W15/><G135/><T110/><D110/><U127/><E117/><V68/><F68/><W131/><G32/><T121/><D121/><U31/><E31/><V14/><F65/><W47/><G47/><T1/><D1/><U8/><E8/><V125/><F125/><W16/><G131/><T4/><D4/><U58/><E73/><V100/><F78/><W44/><G44/><T89/><D27/><U59/><E77/><V105/><F105/><W72/><G72/><T54/><D18/><U25/><E25/><V130/><F130/><W79/><G79/><T39/><D39/><U64/><E127/><V55/><REACH who="2" step="1"/><F21/><REACH who="2" ten="54,564,33,339" step="2"/><W26/><G26/><AGARI ba="2,1" hai="13,14,17,20,26,51,55,56,87,90,93,94,98,100" machi="26" ten="30,8000,1" yaku="1,1,2,1,7,1,8,1,53,1" doraHai="75" doraHaiUra="82" who="2" fromWho="3" sc="54,0,564,0,33,96,339,-86" /><INIT seed="6,0,0,2,4,113" ten="54,564,129,253" oya="2" hai0="47,108,30,3,130,127,6,107,126,53,128,0,117" hai1="69,82,75,35,87,125,63,34,94,46,19,85,23" hai2="33,67,115,79,37,39,114,7,15,16,74,110,78" hai3="122,25,42,11,90,8,86,95,29,27,93,99,26"/><V77/><F74/><W134/><G122/><T17/><D107/><U18/><E125/><N who="0" m="47625" /><D53/><U124/><E75/><V20/><F110/><W5/><G134/><T121/><D47/><U58/><E69/><V80/><F33/><W119/><G119/><T135/><D121/><U88/><E46/><V120/><F120/><W100/><G42/><T22/><D108/><U123/><E124/><V102/><F102/><W12/><REACH who="3" step="1"/><G11/><REACH who="3" ten="54,564,129,243" step="2"/><T70/><D135/><U14/><E123/><V24/><F114/><W96/><G96/><T84/><D117/><U109/><E109/><V81/><F115/><W49/><G49/><T45/><D70/><U51/><E51/><V52/><F39/><W36/><G36/><T89/><D45/><U92/><E35/><AGARI ba="0,1" hai="5,8,12,25,26,27,29,35,86,90,93,95,99,100" machi="35" ten="30,2000,0" yaku="1,1,7,1,53,0" doraHai="113" doraHaiUra="68" who="3" fromWho="1" sc="54,0,564,-20,129,0,243,30" /><INIT seed="7,0,0,3,1,90" ten="54,544,129,273" oya="3" hai0="83,24,113,46,44,79,76,110,112,75,29,80,102" hai1="100,15,35,48,72,56,22,51,37,54,7,23,121" hai2="31,116,118,57,28,11,63,39,89,68,135,111,132" hai3="55,50,87,73,103,93,21,71,133,128,64,74,52"/><W67/><G128/><T59/><D110/><U0/><E35/><V1/><F39/><W109/><G133/><N who="2" m="51273" /><F68/><W66/><G109/><T42/><D59/><U60/><E37/><V124/><F124/><W119/><G119/><N who="2" m="45609" /><F111/><W27/><G71/><T33/><D102/><U105/><E121/><V38/><F38/><W97/><G87/><T45/><REACH who="0" step="1"/><D42/><REACH who="0" ten="44,544,129,273" step="2"/><U92/><E100/><V19/><F57/><W25/><G25/><T134/><D134/><U47/><E51/><V30/><F63/><W122/><G122/><T32/><D32/><U41/><E92/><V125/><F125/><W49/><G49/><T94/><D94/><U88/><E88/><V101/><F101/><W53/><REACH who="3" step="1"/><G50/><REACH who="3" ten="44,544,129,263" step="2"/><T13/><D13/><U126/><E15/><V115/><F115/><W123/><G123/><T3/><D3/><U43/><E126/><V14/><F1/><W99/><G99/><T58/><D58/><U17/><E0/><V117/><F117/><W96/><G96/><T5/><D5/><U120/><E7/><V127/><F127/><W82/><G82/><T106/><D106/><U77/><E105/><V34/><F34/><W6/><G6/><T84/><AGARI ba="0,2" hai="24,29,33,44,45,46,75,76,79,80,83,84,112,113" machi="84" ten="30,2000,0" yaku="1,1,0,1,53,0" doraHai="90" doraHaiUra="85" who="0" fromWho="0" sc="44,40,544,-5,129,-5,263,-10" owari="84,-41.6,539,63.9,124,-27.6,253,5.3" /></mjloggm>