<mjloggm ver="2.3"><GO type="169" lobby="0"/><UN n0="%E8%B5%A4%E5%BA%A7%E3%81%82%E3%81%8B%E3%82%8A%45%58" n1="%E2%97%8E%E3%82%88%E3%81%97%E2%97%8E" n2="%E7%99%BE%E9%87%8E%E3%81%95%E3%82%93" n3="%E8%A6%9A%E9%86%92%E3%81%97%E3%81%9F%E3%81%A8%E3%81%BE%E3%81%A8" dan="16,17,17,16" rate="2146.39,2169.60,2198.20,2128.16" sx="M,M,M,M"/><TAIKYOKU oya="0"/><INIT seed="0,0,0,0,0,16" ten="250,250,250,250" oya="0" hai0="78,62,5,8,95,115,118,11,94,59,55,52,74" hai1="128,122,124,21,133,88,93,6,2,72,58,4,33" hai2="22,114,1,12,126,86,39,27,108,105,41,127,31" hai3="0,28,43,54,24,106,34,73,135,25,131,98,85"/><T60/><D115/><U3/><E33/><V96/><F114/><W7/><G73/><T70/><D118/><U102/><E72/><V48/><F1/><W15/><G135/><T113/><D113/><U107/><E122/><V66/><F39/><W65/><G131/><T111/><D111/><U76/><E76/><V63/><F108/><W90/><G43/><T32/><D32/><U82/><E82/><V36/><F36/><W57/><G65/><T17/><D70/><U46/><E3/><V104/><F86/><W130/><G25/><T64/><D64/><U117/><E2/><V20/><F48/><W49/><G0/><T100/><D100/><U110/><E102/><V87/><F87/><W109/><G109/><T45/><D78/><U75/><E107/><V67/><F41/><W132/><G130/><T50/><D62/><U103/><E103/><V13/><F66/><W121/><G121/><T23/><D74/><U89/><E75/><V129/><F129/><W38/><G38/><T116/><D116/><U47/><E117/><V40/><F40/><W112/><G112/><T56/><D45/><U97/><E128/><V53/><F53/><W35/><G106/><N who="2" m="41065" /><F96/><W51/><G98/><T37/><D37/><U119/><E119/><V42/><F42/><W77/><G49/><T80/><D80/><U84/><E97/><V92/><F92/><N who="0" m="35370" /><D5/><U19/><E4/><V120/><F120/><W10/><G7/><T91/><D91/><U68/><E6/><V101/><F101/><W125/><G90/><T134/><D134/><U123/><E133/><V61/><F67/><RYUUKYOKU ba="0,0" sc="250,30,250,-10,250,-10,250,-10" hai0="8,11,17,23,50,52,55,56,59,60" /><INIT seed="0,1,0,2,2,133" ten="280,240,240,240" oya="0" hai0="0,108,78,62,33,29,119,117,22,28,18,132,112" hai1="102,129,127,4,8,48,36,116,86,19,110,25,69" hai2="30,83,57,26,131,12,32,60,10,27,103,70,126" hai3="21,17,125,74,111,43,38,82,58,53,50,44,45"/><T118/><D78/><U63/><E36/><V55/><F126/><W67/><G111/><T37/><D37/><U72/><E72/><V105/><F131/><W24/><G74/><T99/><D62/><U2/><E102/><V89/><F27/><W106/><G106/><T16/><D99/><U75/><E75/><V20/><F70/><W13/><G82/><T91/><D91/><U61/><E61/><V6/><F32/><W52/><G67/><T46/><D46/><U80/><E25/><V113/><F113/><W41/><G125/><T123/><D112/><U84/><E63/><V100/><F105/><W109/><G109/><T96/><D96/><U14/><E69/><V31/><F31/><N who="0" m="11850" /><D108/><U7/><E110/><V130/><F130/><W81/><G81/><T42/><D42/><U98/><E129/><V87/><AGARI ba="1,0" hai="6,10,12,20,26,30,55,57,60,83,87,89,100,103" machi="87" ten="30,2000,0" yaku="0,1,8,1" doraHai="133" who="2" fromWho="2" sc="280,-11,240,-6,240,23,240,-6" /><INIT seed="1,0,0,2,5,91" ten="269,234,263,234" oya="1" hai0="96,86,125,3,32,7,34,52,48,42,72,69,14" hai1="115,73,51,81,124,63,104,112,47,21,55,108,78" hai2="128,68,50,66,38,43,101,0,5,118,64,77,26" hai3="11,97,106,135,74,54,103,100,87,134,9,120,116"/><U15/><E104/><V25/><F118/><W2/><G120/><T65/><D72/><U129/><E124/><V88/><F38/><W27/><G74/><T82/><D3/><U6/><E129/><V80/><F101/><W59/><G116/><T113/><D113/><U105/><E105/><V92/><F128/><W28/><G103/><T133/><D42/><U110/><E63/><V8/><F66/><W18/><G87/><T85/><D133/><N who="3" m="50697" /><G18/><T12/><D86/><U93/><E93/><V56/><F68/><W24/><G2/><T107/><D125/><U75/><E75/><V130/><F130/><W131/><G131/><T60/><D96/><U79/><E78/><V127/><F127/><W53/><G24/><T19/><D7/><U36/><E36/><V98/><F43/><W114/><G114/><T76/><D12/><U126/><E126/><V37/><F37/><W123/><G123/><T44/><REACH who="0" step="1"/><D107/><REACH who="0" ten="259,234,263,234" step="2"/><U61/><E6/><V121/><F0/><W35/><G54/><T13/><D13/><U102/><E112/><V20/><F121/><W16/><G106/><T45/><D45/><U49/><E115/><V4/><F5/><W10/><G97/><T122/><D122/><U1/><E1/><V57/><F4/><W17/><G100/><T29/><D29/><U39/><E102/><V23/><F98/><W31/><G28/><T67/><D67/><U90/><E47/><V22/><F64/><W83/><G83/><T58/><D58/><N who="1" m="35039" /><E39/><V33/><F80/><W84/><G84/><T95/><D95/><U30/><E30/><N who="2" m="17703" /><F92/><W109/><G31/><RYUUKYOKU ba="0,1" sc="259,30,234,-10,263,-10,234,-10" hai0="14,19,32,34,44,48,52,60,65,69,76,82,85" /><INIT seed="2,1,1,0,2,59" ten="289,224,253,224" oya="2" hai0="95,40,54,75,52,5,72,76,109,126,8,113,51" hai1="7,98,9,17,112,55,18,108,58,26,131,20,90" hai2="57,66,23,33,92,65,118,69,91,77,67,27,89" hai3="103,85,25,106,102,71,125,63,132,83,110,84,47"/><V104/><F33/><W74/><G110/><T34/><D34/><U70/><E108/><V48/><F104/><W93/><G132/><T15/><D109/><U119/><E131/><V121/><F118/><W38/><G125/><T107/><D107/><U29/><E119/><V41/><F121/><W19/><G106/><T56/><D113/><U0/><E70/><V122/><F122/><W133/><G133/><T21/><D76/><U124/><E124/><V11/><F69/><W24/><G74/><T2/><D40/><U82/><E112/><V13/><F77/><W46/><G71/><T4/><D126/><U81/><E18/><N who="2" m="8511" /><F92/><W114/><G38/><T79/><D79/><U105/><E29/><N who="2" m="17663" /><F41/><W50/><G114/><T1/><D1/><U6/><E6/><V36/><F36/><W61/><G93/><T111/><D111/><U129/><E129/><V96/><F96/><W39/><G39/><T86/><D5/><U127/><E127/><V100/><F100/><W3/><G3/><T97/><D86/><U130/><E130/><V22/><F22/><W44/><G19/><T99/><D99/><U37/><E37/><V60/><F48/><W68/><G68/><T88/><D2/><U78/><E78/><V35/><F35/><W94/><G94/><T115/><D115/><U45/><E105/><V116/><F116/><W62/><G50/><N who="0" m="30743" /><D21/><U101/><E101/><N who="3" m="38410" /><G85/><T53/><D51/><N who="1" m="31103" /><E45/><V117/><F117/><W80/><G84/><T32/><D32/><U135/><E135/><V134/><F134/><W43/><G43/><T30/><D30/><U120/><E120/><RYUUKYOKU ba="1,1" sc="289,0,224,0,253,0,224,0" hai0="4,8,15,53,54,72,75,88,95,97" hai1="0,7,9,17,20,26,81,82,90,98" hai2="57,60,65,66,67,89,91" hai3="24,25,44,46,47,61,62,63,80,83" /><INIT seed="2,2,1,2,2,108" ten="289,224,253,224" oya="2" hai0="40,113,21,30,114,8,105,51,60,89,2,32,84" hai1="70,9,121,73,7,53,71,93,103,62,94,28,23" hai2="46,117,123,59,81,14,1,74,85,132,3,118,56" hai3="67,100,76,19,5,17,49,48,37,90,31,72,83"/><V20/><F123/><W66/><G37/><T63/><D105/><U15/><E73/><V79/><F132/><W110/><G110/><T34/><D21/><U86/><E121/><V6/><F74/><W68/><G100/><T129/><D129/><U13/><E93/><V47/><F3/><W97/><G5/><T22/><D22/><U58/><E15/><V95/><F1/><W16/><G31/><T12/><D2/><U101/><E101/><V109/><F109/><W42/><G68/><T106/><D106/><U128/><E128/><V92/><F118/><W11/><G11/><T33/><D30/><U107/><E107/><V61/><F59/><W135/><G135/><T102/><D102/><U55/><E55/><V91/><F117/><W0/><G0/><T111/><D111/><U65/><E53/><N who="2" m="33935" /><F6/><W43/><G49/><T78/><D78/><U134/><E134/><V27/><F14/><W126/><G126/><T44/><D60/><U124/><E124/><V87/><F95/><W54/><G67/><T122/><D63/><U98/><REACH who="1" step="1"/><E86/><REACH who="1" ten="289,214,253,224" step="2"/><V64/><F64/><W112/><G66/><T24/><D122/><U18/><E18/><AGARI ba="2,2" hai="18,20,27,46,47,79,81,85,87,91,92" m="33935" machi="18" ten="30,1500,0" yaku="8,1" doraHai="108" who="2" fromWho="1" sc="289,0,214,-21,253,41,224,0" /><INIT seed="2,3,0,1,2,106" ten="289,193,294,224" oya="2" hai0="72,15,83,13,105,111,102,18,77,122,89,38,53" hai1="92,66,69,109,29,96,43,104,79,8,55,24,59" hai2="10,60,64,22,47,46,68,40,86,115,123,74,41" hai3="7,120,0,95,17,16,114,52,48,71,42,87,70"/><V121/><F115/><W124/><G120/><T108/><D38/><U81/><E109/><N who="0" m="42057" /><D122/><U26/><E43/><V93/><F22/><W49/><G114/><T5/><D5/><U78/><E104/><V101/><F10/><W50/><G124/><T100/><D105/><U39/><E39/><V27/><F27/><W130/><G130/><T113/><D113/><U82/><E8/><V51/><F74/><W54/><G7/><T126/><D126/><U62/><E81/><V84/><F84/><W127/><G0/><T91/><D53/><N who="3" m="20585" /><G71/><T4/><D4/><U6/><E6/><V36/><F86/><W133/><G70/><T33/><D33/><U57/><E79/><V129/><F129/><W80/><G133/><T90/><D13/><U19/><E19/><N who="3" m="7242" /><G127/><T56/><D56/><U125/><E125/><V107/><F93/><W2/><G2/><T20/><AGARI ba="3,0" hai="15,18,20,72,77,83,89,90,91,100,102" m="42057" machi="20" ten="30,2000,0" yaku="14,1,52,1" doraHai="106" who="0" fromWho="0" sc="289,29,193,-8,294,-13,224,-8" /><INIT seed="3,0,0,4,2,86" ten="318,185,281,216" oya="3" hai0="25,120,0,16,89,67,105,70,22,91,7,34,1" hai1="20,61,24,44,131,28,111,75,84,107,82,4,123" hai2="106,26,21,130,59,98,127,9,110,73,81,74,68" hai3="134,118,78,97,39,33,11,58,43,52,135,126,124"/><W90/><G118/><T133/><D120/><U14/><E123/><V55/><F68/><W30/><G78/><T132/><D105/><U29/><E111/><V99/><F110/><W92/><G11/><N who="0" m="2535" /><D1/><U88/><E107/><V103/><F130/><W93/><G30/><N who="0" m="19791" /><D67/><U66/><E75/><V6/><F127/><N who="3" m="48683" /><G33/><T63/><D63/><U17/><E44/><V23/><F98/><N who="3" m="57623" /><G43/><T108/><D70/><U77/><E77/><V32/><F32/><W56/><G39/><T102/><D102/><U113/><E131/><V54/><F23/><W5/><G5/><T27/><D108/><U35/><E113/><V15/><F54/><W31/><G31/><T128/><D128/><U69/><REACH who="1" step="1"/><E35/><REACH who="1" ten="318,175,281,216" step="2"/><V42/><F74/><W121/><G121/><T119/><D119/><U83/><E83/><V60/><F73/><W112/><G112/><T96/><D96/><U46/><E46/><V3/><F81/><W114/><G114/><T94/><D94/><U45/><E45/><V100/><F106/><W40/><G40/><T79/><D79/><U122/><E122/><V36/><F99/><W10/><G93/><T8/><D8/><AGARI ba="0,1" hai="4,8,14,17,20,24,28,29,61,66,69,82,84,88" machi="8" ten="40,8000,1" yaku="1,1,52,1,54,1,53,1" doraHai="86" doraHaiUra="80" who="1" fromWho="0" sc="318,-80,175,90,281,0,216,0" /><INIT seed="4,0,0,3,3,83" ten="238,265,281,216" oya="0" hai0="61,122,107,96,57,70,13,79,11,37,113,130,22" hai1="121,118,27,33,88,45,127,60,116,51,132,18,4" hai2="24,86,104,73,0,135,41,72,47,103,84,25,123" hai3="29,28,101,82,78,114,91,17,30,46,106,15,36"/><T117/><D117/><U125/><E121/><V129/><F123/><W85/><G114/><T80/><D122/><U97/><E4/><V7/><F135/><W74/><G36/><T89/><D37/><U26/><E60/><V10/><F129/><W93/><G46/><T100/><D70/><U119/><E132/><V134/><F134/><W90/><G91/><T9/><D113/><U63/><E63/><V68/><F68/><W19/><REACH who="3" step="1"/><G15/><REACH who="3" ten="238,265,281,206" step="2"/><T105/><D89/><U21/><E125/><V32/><F47/><W1/><G1/><T2/><D2/><U120/><E127/><V20/><F0/><W109/><G109/><T38/><D38/><U102/><E120/><V16/><F41/><W50/><G50/><T49/><D49/><U14/><E88/><V54/><F103/><W59/><G59/><T81/><D130/><U56/><E56/><V69/><F69/><W99/><AGARI ba="0,1" hai="17,19,28,29,30,74,78,82,85,90,93,99,101,106" machi="99" ten="30,8000,1" yaku="1,1,0,1,24,2,52,1,53,0" doraHai="83" doraHaiUra="111" who="3" fromWho="3" sc="238,-40,265,-20,281,-20,206,90" /><INIT seed="5,0,0,4,2,101" ten="198,245,261,296" oya="1" hai0="53,126,29,106,117,5,27,43,73,14,34,79,22" hai1="98,54,90,123,80,20,122,86,6,100,15,107,2" hai2="96,55,87,69,4,83,105,124,94,121,135,3,116" hai3="78,45,67,21,102,41,12,51,7,128,92,28,38"/><U109/><E109/><V10/><F116/><W0/><G128/><T63/><D117/><U113/><E113/><V11/><F121/><W97/><G0/><T118/><D118/><U85/><E2/><V32/><F32/><W115/><G115/><T82/><D126/><U131/><E131/><V50/><F69/><W59/><G78/><T31/><D43/><U49/><E86/><V9/><F124/><W35/><G35/><T134/><D134/><U132/><E132/><V64/><F64/><W56/><G38/><T125/><D125/><U24/><E15/><V111/><F111/><W8/><G67/><T37/><D37/><U13/><E13/><V70/><F70/><W33/><G33/><T104/><D63/><U91/><E91/><V17/><F105/><W16/><G7/><T19/><D31/><U103/><E100/><V68/><F68/><W1/><G1/><T112/><D112/><U72/><E72/><V130/><F130/><W65/><G65/><T61/><REACH who="0" step="1"/><D5/><REACH who="0" ten="188,245,261,296" step="2"/><U23/><E6/><V88/><F135/><W127/><G127/><T75/><D75/><U99/><E122/><V48/><F4/><N who="3" m="3079" /><G28/><T119/><D119/><U133/><E123/><V52/><F3/><W120/><G120/><T44/><D44/><U58/><E133/><V108/><F108/><W76/><G76/><T95/><D95/><U47/><E47/><V71/><F17/><W36/><G36/><T25/><D25/><AGARI ba="0,1" hai="16,21,25,41,45,51,56,59,92,97,102" m="3079" machi="25" ten="30,2000,0" yaku="8,1,54,1" doraHai="101" who="3" fromWho="0" sc="188,-20,245,0,261,0,296,30" /><INIT seed="6,0,0,4,5,127" ten="168,245,261,326" oya="2" hai0="60,50,21,35,135,74,125,133,37,61,86,15,119" hai1="110,62,4,68,58,42,81,9,93,132,54,117,40" hai2="109,128,69,46,99,18,63,107,27,30,67,83,13" hai3="89,16,57,36,75,78,76,90,87,131,26,101,70"/><V34/><F109/><W134/><G70/><T73/><D86/><U124/><E117/><V108/><F108/><W116/><G36/><T56/><D21/><U113/><E124/><V96/><F46/><W92/><G116/><T10/><D125/><U0/><E132/><N who="0" m="50761" /><D119/><U17/><E113/><V14/><F83/><W88/><G134/><T80/><D80/><U103/><E81/><V100/><F96/><N who="3" m="59527" /><G75/><N who="0" m="28683" /><D37/><U72/><E72/><V28/><F28/><W20/><G131/><T65/><D35/><U12/><E110/><V112/><F112/><W38/><G38/><T23/><D23/><U29/><E29/><V114/><F114/><W39/><G39/><T49/><D61/><U118/><E118/><V51/><F51/><W79/><G57/><T111/><D111/><U105/><E68/><V98/><F98/><W59/><G59/><T5/><AGARI ba="0,0" hai="5,10,15,49,50,56,60,65" m="28683,50761" machi="5" ten="30,1100,0" yaku="20,1" doraHai="127" who="0" fromWho="0" sc="168,11,245,-3,261,-5,326,-3" /><INIT seed="7,0,0,5,3,105" ten="179,242,256,323" oya="3" hai0="129,74,67,112,86,93,104,38,87,122,47,31,123" hai1="117,59,22,72,134,61,58,82,126,85,28,68,26" hai2="81,79,6,78,44,13,24,120,94,75,14,11,29" hai3="57,91,39,80,8,69,77,40,45,4,107,111,88"/><W132/><G69/><T108/><D67/><U115/><E115/><V9/><F120/><N who="0" m="46122" /><D47/><U96/><E126/><V21/><F79/><W119/><G132/><T52/><D52/><N who="1" m="33991" /><E72/><V48/><F94/><W54/><G119/><T60/><D60/><U130/><E117/><V114/><F114/><W135/><G107/><T27/><D27/><U55/><E134/><V50/><F44/><W131/><G111/><T98/><D31/><U100/><E130/><V83/><F83/><W15/><G135/><T102/><D38/><U34/><E34/><V133/><F133/><W33/><G33/><T35/><D35/><U101/><E96/><V121/><F121/><W118/><G118/><T20/><D20/><U43/><E43/><V97/><F97/><W49/><G131/><T66/><D66/><U56/><E68/><V19/><AGARI ba="0,0" hai="6,9,11,13,14,19,21,24,29,48,50,75,78,81" machi="19" ten="20,2700,0" yaku="0,1,7,1,52,1" doraHai="105" who="2" fromWho="2" sc="179,-7,242,-7,256,27,323,-13" owari="172,-32.8,235,-16.5,283,8.3,310,41.0" /></mjloggm>