<mjloggm ver="2.3"><GO type="169" lobby="0"/><UN n0="%68%75%69%68%75%69" n1="%E5%A4%A9%E6%89%8D%E9%BA%BB%E5%B0%86%E6%99%BA%E4%B9%83" n2="%41%4C%50%45%52%49%4E" n3="%E3%81%BE%E3%81%A8%E3%81%9F" dan="16,16,17,16" rate="2094.37,2138.34,2191.00,2095.20" sx="M,M,M,M"/><TAIKYOKU oya="0"/><INIT seed="0,0,0,4,4,135" ten="250,250,250,250" oya="0" hai0="133,134,126,95,105,131,118,40,67,50,122,86,89" hai1="17,61,115,127,36,49,39,103,123,42,4,85,13" hai2="109,27,107,29,20,43,64,106,3,37,51,121,57" hai3="48,72,11,120,18,73,98,23,119,75,74,130,110"/><T116/><D105/><U60/><E123/><V117/><F121/><W53/><G120/><T41/><D122/><U125/><E4/><V56/><F117/><N who="0" m="45162" /><D67/><U78/><E103/><V93/><F109/><W24/><G110/><T28/><D28/><U96/><E96/><V84/><F3/><W83/><G130/><T65/><D65/><U77/><E115/><V66/><F37/><W14/><G98/><T10/><D10/><U113/><E113/><V6/><F6/><W44/><G119/><T132/><D131/><U82/><E49/><V99/><F84/><W114/><G114/><T9/><D9/><U26/><E26/><V5/><F5/><W55/><N who="3" m="18432" /><DORA hai="35" /><W68/><G83/><T34/><D34/><U62/><E78/><V31/><F31/><W129/><G129/><T91/><D91/><U101/><E101/><V19/><F29/><W94/><G94/><T16/><D16/><U47/><REACH who="1" step="1"/><E39/><REACH who="1" ten="250,240,250,250" step="2"/><V108/><F99/><W59/><G24/><T76/><D76/><U69/><E69/><V33/><F27/><W8/><REACH who="3" step="1"/><G68/><REACH who="3" ten="250,240,250,240" step="2"/><T30/><D30/><U70/><E70/><V71/><F71/><W7/><G7/><T2/><D2/><U52/><E52/><V100/><F108/><W124/><G124/><T46/><D40/><U97/><E97/><V15/><F43/><W63/><AGARI ba="0,2" hai="8,11,14,18,23,44,48,53,55,59,63" m="18432" machi="63" ten="60,4000,0" yaku="1,1,0,1,53,0" doraHai="135,35" doraHaiUra="79,80" who="3" fromWho="3" sc="250,-20,240,-10,250,-10,240,60" /><INIT seed="1,0,0,4,5,96" ten="230,230,240,300" oya="1" hai0="1,124,14,107,86,35,65,46,33,47,31,95,63" hai1="60,23,123,2,135,72,40,22,44,133,32,110,9" hai2="83,29,113,115,66,50,77,4,59,69,0,19,8" hai3="54,15,64,116,7,99,11,28,76,55,128,41,57"/><U10/><E123/><V102/><F69/><W71/><G128/><T79/><D1/><U111/><E32/><V119/><F119/><W52/><G116/><T20/><D107/><U6/><E72/><V68/><F68/><W37/><G76/><T104/><D104/><U122/><E122/><V101/><F29/><W90/><G28/><T118/><D118/><U97/><E60/><N who="2" m="38175" /><F50/><W73/><G73/><T43/><D47/><U58/><E58/><V134/><F19/><W103/><G90/><T80/><D95/><U62/><E62/><V70/><F70/><W84/><G84/><T100/><D100/><N who="2" m="38506" /><F134/><N who="1" m="51209" /><E10/><V38/><F38/><W81/><G37/><T27/><D33/><U114/><E97/><V85/><F0/><W53/><G71/><T82/><D63/><U78/><E78/><V89/><F8/><W127/><G11/><T5/><D65/><U30/><E30/><V94/><F4/><W75/><G64/><T42/><D5/><U88/><E88/><V26/><F77/><W109/><G7/><T61/><D79/><U16/><E16/><V25/><F83/><W126/><G81/><T49/><D80/><U56/><E56/><V91/><F89/><W51/><G75/><T98/><D35/><U129/><E129/><V108/><F108/><N who="1" m="41513" /><E114/><AGARI ba="0,0" hai="25,26,85,91,94,113,114,115" m="38506,38175" machi="114" ten="30,7700,0" yaku="11,1,52,3" doraHai="96" who="2" fromWho="1" sc="230,0,230,-77,240,77,300,0" /><INIT seed="2,0,0,0,0,111" ten="230,153,317,300" oya="2" hai0="2,81,108,67,83,69,127,97,54,13,44,103,114" hai1="61,26,131,70,64,38,129,19,45,130,27,110,79" hai2="80,74,106,82,23,52,115,11,41,113,56,15,59" hai3="84,86,3,73,21,128,30,122,133,135,102,32,107"/><V1/><F106/><W120/><G73/><T31/><D2/><U90/><E110/><V8/><F41/><W124/><G32/><T65/><D108/><U40/><E79/><V34/><F34/><W109/><G3/><T117/><D69/><U94/><REACH who="1" step="1"/><E19/><REACH who="1" ten="230,143,317,300" step="2"/><V49/><F74/><W112/><G109/><T58/><D117/><U72/><E72/><V101/><F113/><W123/><G122/><T68/><D114/><U24/><E24/><V60/><F115/><W17/><G112/><T93/><D127/><U62/><E62/><V78/><F78/><W16/><G124/><T28/><D31/><U25/><E25/><V85/><F60/><W14/><G30/><T95/><D28/><U6/><E6/><V35/><F35/><W134/><G17/><T66/><D68/><U121/><E121/><N who="3" m="46666" /><G128/><T92/><D13/><U63/><E63/><V132/><F15/><W48/><G14/><T18/><D18/><U12/><E12/><V126/><F126/><W20/><G16/><T29/><D29/><U75/><E75/><V39/><F1/><W77/><G77/><T53/><D58/><U10/><E10/><V87/><F11/><W4/><G4/><T51/><REACH who="0" step="1"/><D53/><REACH who="0" ten="220,143,317,300" step="2"/><U98/><AGARI ba="0,2" hai="26,27,38,40,45,61,64,70,90,94,98,129,130,131" machi="98" ten="30,4000,0" yaku="1,1,0,1,19,1,53,0" doraHai="111" doraHaiUra="7" who="1" fromWho="1" sc="220,-10,143,60,317,-20,300,-10" /><INIT seed="3,0,0,0,0,50" ten="210,203,297,290" oya="3" hai0="73,80,69,0,87,23,51,106,67,70,14,35,81" hai1="6,58,1,91,64,4,134,42,37,46,131,7,114" hai2="56,21,63,116,65,109,112,98,111,24,132,12,120" hai3="71,77,33,97,82,72,89,22,68,83,103,99,121"/><W85/><G33/><T113/><D35/><U107/><E114/><V62/><F116/><W32/><G32/><T34/><D34/><U93/><E107/><V133/><F112/><W17/><G121/><T95/><D106/><U49/><E131/><V38/><F38/><W40/><G40/><T75/><D0/><U76/><E134/><N who="2" m="51819" /><F120/><W123/><G97/><T88/><D73/><U126/><E126/><V127/><F127/><W31/><G31/><T135/><D113/><U118/><E118/><V43/><F43/><W119/><G123/><T129/><D135/><U57/><E76/><V20/><F98/><W53/><G119/><T25/><D14/><U55/><E64/><V110/><F63/><W47/><G47/><T48/><D129/><U36/><E58/><V19/><F24/><W3/><G3/><T102/><D75/><U44/><E1/><V5/><F5/><W9/><G71/><T2/><D2/><U30/><E30/><V104/><F104/><W10/><G68/><T84/><D69/><U130/><E130/><V101/><F101/><W54/><G99/><N who="0" m="59775" /><D70/><U78/><E78/><V39/><F39/><W94/><G103/><T29/><D67/><U122/><E122/><V105/><F105/><W52/><REACH who="3" step="1"/><G94/><REACH who="3" ten="210,203,297,280" step="2"/><T13/><D13/><AGARI ba="0,1" hai="9,10,13,17,22,52,53,54,72,77,82,83,85,89" machi="13" ten="40,18000,2" yaku="1,1,2,1,52,3,54,1,53,1" doraHai="50" doraHaiUra="18" who="3" fromWho="0" sc="210,-180,203,0,297,0,280,190" /><INIT seed="3,1,0,4,2,92" ten="30,203,297,470" oya="3" hai0="3,80,71,26,4,19,57,73,117,35,16,63,90" hai1="125,118,47,62,12,121,27,24,119,132,95,20,21" hai2="48,89,28,66,36,64,130,94,53,104,112,1,114" hai3="67,5,54,100,91,59,76,82,11,74,32,22,88"/><W134/><G32/><T18/><D117/><N who="1" m="44555" /><E47/><V93/><F104/><W131/><G131/><T101/><D71/><U106/><E106/><V123/><F1/><W120/><G67/><T30/><D3/><U61/><E121/><V38/><F130/><W124/><G134/><T34/><D4/><U84/><E132/><V102/><F123/><W33/><G33/><T111/><D111/><U83/><E95/><V15/><F28/><W135/><G135/><T78/><D90/><U60/><E125/><V127/><F127/><W72/><G100/><T128/><D128/><U126/><E126/><V69/><F15/><W17/><G74/><T129/><D129/><U44/><E44/><V37/><F102/><W70/><G70/><T107/><D34/><U116/><N who="1" m="44563" /><U31/><DORA hai="29" /><E12/><V8/><F8/><W46/><G46/><T109/><D109/><U87/><E83/><V0/><F0/><N who="3" m="423" /><G120/><T14/><D14/><U10/><E10/><V110/><F110/><W85/><G124/><T9/><D9/><U86/><E31/><V39/><F94/><W52/><G82/><T25/><D26/><U75/><E75/><V99/><N who="2" m="9216" /><DORA hai="97" /><V115/><REACH who="2" step="1"/><F69/><REACH who="2" ten="30,203,287,470" step="2"/><W55/><G22/><AGARI ba="1,1" hai="20,21,22,24,27,60,61,62,84,86,87" m="44563" machi="22" ten="50,6400,0" yaku="28,2,12,1" doraHai="92,29,97" who="1" fromWho="3" sc="30,0,203,77,287,0,470,-67" /><INIT seed="4,0,0,5,4,69" ten="30,280,287,403" oya="0" hai0="76,85,34,90,83,92,105,53,78,134,62,82,97" hai1="0,70,25,66,30,37,12,20,79,54,51,128,43" hai2="56,44,60,49,42,46,121,127,96,80,17,106,41" hai3="9,129,100,26,65,63,6,113,64,99,81,130,57"/><T133/><D34/><U124/><E0/><V40/><F127/><W93/><G113/><T21/><D21/><U87/><E124/><V35/><F121/><W117/><G117/><T3/><D3/><U19/><E128/><V126/><F35/><W38/><G38/><T74/><D53/><U32/><E70/><V4/><F126/><W55/><G81/><T33/><D62/><U77/><E66/><V95/><F106/><W67/><G26/><T91/><D33/><U110/><E110/><V120/><F120/><W71/><G71/><T102/><REACH who="0" step="1"/><D90/><REACH who="0" ten="20,280,287,403" step="2"/><U11/><E32/><V50/><F60/><W68/><G68/><T31/><D31/><U48/><E54/><V73/><F42/><W28/><G28/><T59/><D59/><U84/><E43/><V14/><F56/><W132/><G55/><T52/><D52/><U75/><E30/><V86/><F41/><W103/><G67/><T101/><D101/><U131/><E20/><V36/><F40/><W116/><G65/><T16/><D16/><U15/><E19/><V108/><F17/><W18/><G18/><T94/><D94/><U2/><E2/><V22/><F95/><W125/><G125/><T119/><D119/><U122/><E122/><V98/><F46/><W47/><G47/><T114/><D114/><U7/><E11/><V29/><F44/><W115/><G116/><T1/><D1/><U61/><E61/><V5/><F29/><W23/><G115/><T118/><D118/><U104/><E25/><V135/><F4/><W89/><G23/><T24/><D24/><U88/><E7/><RYUUKYOKU ba="0,1" sc="20,30,280,-10,287,-10,403,-10" hai0="74,76,78,82,83,85,91,92,97,102,105,133,134" /><INIT seed="4,1,1,3,5,131" ten="50,270,277,393" oya="0" hai0="53,85,32,18,77,69,105,90,24,108,28,124,38" hai1="122,109,92,78,132,93,49,14,102,23,91,87,125" hai2="56,71,16,110,115,45,134,4,98,81,101,66,9" hai3="88,29,41,10,113,126,119,99,51,26,65,114,50"/><T55/><D105/><U5/><E109/><V12/><F115/><W22/><G119/><T72/><D69/><U104/><E122/><V59/><F110/><W118/><G118/><T95/><D108/><U20/><E125/><V106/><F134/><W129/><G129/><T123/><D38/><U58/><E104/><V96/><F71/><W52/><G65/><T97/><D123/><U48/><E78/><V76/><F66/><W36/><G36/><T40/><D40/><U133/><E58/><V39/><F96/><W31/><G126/><T37/><D37/><U6/><E91/><V27/><F27/><W11/><G31/><T2/><D2/><U67/><E67/><V19/><F19/><W80/><G50/><T15/><D72/><U79/><E79/><V116/><F4/><W127/><G41/><T70/><D124/><U43/><E43/><V100/><F100/><W103/><G127/><T0/><D0/><U73/><E87/><V64/><F64/><W17/><G29/><T107/><D70/><U68/><E68/><V117/><F117/><W57/><G103/><T86/><D86/><U89/><E89/><V112/><F112/><N who="3" m="43115" /><G80/><T120/><D120/><U33/><E102/><V34/><F34/><W75/><G75/><T44/><D44/><U35/><E14/><V47/><F116/><W135/><G135/><T94/><D107/><U61/><E73/><N who="2" m="43151" /><F39/><W74/><G74/><T8/><REACH who="0" step="1"/><D77/><REACH who="0" ten="40,270,277,393" step="2"/><U21/><E132/><V1/><F1/><W25/><G57/><N who="2" m="22089" /><F47/><W60/><G60/><T84/><D84/><U121/><E61/><V111/><F45/><RYUUKYOKU ba="1,2" sc="40,15,270,-15,277,15,393,-15" hai0="8,15,18,24,28,32,53,55,85,90,94,95,97" hai2="9,12,16,98,101,106,111" /><INIT seed="4,2,2,0,0,39" ten="55,255,292,378" oya="0" hai0="30,2,46,71,113,14,32,78,116,118,122,21,51" hai1="4,49,94,6,27,25,31,13,3,41,110,105,55" hai2="104,96,37,84,66,107,60,70,17,42,76,82,120" hai3="115,35,48,50,101,127,83,33,52,131,125,8,61"/><T44/><D122/><U80/><E105/><V10/><F120/><W47/><G115/><T119/><D113/><U111/><E3/><V1/><F96/><W12/><G101/><T135/><D2/><U73/><E27/><V134/><F134/><W123/><G123/><T45/><D135/><U126/><E126/><BYE who="1" /><N who="3" m="48138" /><G131/><T69/><D78/><U85/><E85/><V58/><F70/><UN n1="%E5%A4%A9%E6%89%8D%E9%BA%BB%E5%B0%86%E6%99%BA%E4%B9%83" /><W112/><G112/><T124/><D124/><U63/><E94/><V57/><F57/><N who="3" m="34983" /><G83/><T16/><REACH who="0" step="1"/><D51/><REACH who="0" ten="45,255,292,378" step="2"/><N who="3" m="19497" /><G47/><T67/><D67/><U62/><E73/><V64/><F64/><W121/><G121/><T74/><D74/><U19/><E49/><V98/><F1/><W36/><G36/><T75/><D75/><U68/><E111/><V56/><F37/><W34/><G34/><T108/><D108/><U93/><E110/><V87/><F66/><W100/><G100/><T97/><D97/><U22/><E63/><V15/><F60/><W79/><G79/><T133/><D133/><U88/><E62/><V43/><F98/><W11/><G35/><T77/><D77/><U89/><E55/><V9/><F76/><W81/><G33/><T129/><D129/><U7/><E68/><V72/><F72/><W99/><G99/><T40/><D40/><U90/><E41/><V0/><F0/><W128/><G128/><T114/><D114/><U53/><E53/><V24/><F43/><W103/><G103/><T95/><D95/><U106/><E93/><V109/><F42/><W54/><G54/><T130/><D130/><U18/><E80/><V92/><F82/><W91/><G81/><RYUUKYOKU ba="2,3" sc="45,30,255,-10,292,-10,378,-10" hai0="14,16,21,30,32,44,45,46,69,71,116,118,119" /><INIT seed="4,3,3,2,2,14" ten="75,245,282,368" oya="0" hai0="96,112,116,26,126,72,36,132,130,95,64,2,48" hai1="68,101,25,128,120,91,9,99,107,69,6,28,113" hai2="13,111,122,38,52,97,10,131,71,4,55,33,58" hai3="127,103,37,65,16,83,11,115,54,133,106,61,49"/><T35/><RYUUKYOKU type="yao9" ba="3,3" sc="75,0,245,0,282,0,368,0" hai0="2,26,35,36,48,64,72,95,96,112,116,126,130,132" /><INIT seed="4,4,3,4,5,12" ten="75,245,282,368" oya="0" hai0="60,130,106,43,31,72,2,16,95,125,131,48,124" hai1="7,21,116,74,51,104,53,122,49,126,103,41,118" hai2="133,24,0,28,20,120,35,11,40,70,99,15,64" hai3="98,94,117,1,123,107,100,121,112,4,36,33,10"/><T109/><D106/><U75/><E122/><N who="3" m="46602" /><G36/><T6/><D72/><U82/><E7/><N who="2" m="1511" /><F120/><W39/><G112/><T14/><D109/><U76/><E75/><V71/><F133/><W54/><G117/><T3/><D31/><U86/><E126/><N who="0" m="48745" /><D60/><U113/><E113/><V96/><F40/><W134/><G134/><T92/><D43/><U97/><E41/><V37/><F37/><W66/><G66/><T23/><D48/><U58/><E51/><V59/><F59/><W29/><G39/><T80/><D80/><U90/><REACH who="1" step="1"/><E21/><REACH who="1" ten="75,235,282,368" step="2"/><V83/><F20/><W114/><G114/><T85/><D6/><U69/><E69/><V13/><F71/><W62/><G4/><T42/><D42/><U129/><E129/><N who="0" m="49161" /><D85/><U17/><E17/><V34/><F70/><W50/><G50/><T77/><D77/><U22/><E22/><V111/><F111/><W73/><G73/><T52/><D52/><U135/><E135/><V88/><F28/><W26/><G54/><T89/><D89/><U132/><E132/><V119/><F88/><W87/><G62/><T9/><D23/><U38/><E38/><V8/><F35/><W81/><G33/><T105/><D105/><U108/><E108/><V102/><F34/><N who="3" m="20791" /><G107/><T56/><D56/><U44/><E44/><V101/><F102/><W47/><G47/><T67/><D67/><U63/><E63/><V45/><F101/><W79/><G79/><T61/><D61/><U55/><E55/><V30/><F64/><W18/><G87/><T65/><D65/><U68/><E68/><V5/><F45/><W127/><G127/><RYUUKYOKU ba="4,4" sc="75,15,235,15,282,-15,368,-15" hai0="2,3,9,14,16,92,95" hai1="49,53,58,74,76,82,86,90,97,103,104,116,118" /><INIT seed="4,5,4,0,2,97" ten="90,250,267,353" oya="0" hai0="108,132,120,30,84,67,2,69,46,44,41,71,93" hai1="27,56,106,63,74,31,3,43,105,58,33,32,79" hai2="127,112,14,133,39,96,19,51,49,45,57,6,103" hai3="23,91,50,107,115,128,10,102,25,1,113,65,122"/><T12/><D2/><U52/><E3/><V21/><F127/><W82/><G128/><T72/><D72/><U116/><E116/><V0/><F112/><N who="3" m="43083" /><G122/><T119/><D120/><U38/><E33/><V83/><F133/><W9/><G1/><T28/><D119/><U111/><E111/><V101/><F96/><N who="3" m="61895" /><G65/><T66/><D132/><U26/><E26/><V54/><F83/><W135/><G50/><T35/><D108/><U125/><E125/><V90/><F39/><W130/><G130/><T129/><D129/><U88/><E79/><V42/><REACH who="2" step="1"/><F90/><REACH who="2" ten="90,250,257,353" step="2"/><W87/><G135/><T85/><D35/><U20/><E32/><V77/><F77/><W75/><G75/><T13/><REACH who="0" step="1"/><D41/><REACH who="0" ten="80,250,257,353" step="2"/><U47/><E74/><V89/><F89/><W36/><G36/><T94/><AGARI ba="5,6" hai="12,13,28,30,44,46,66,67,69,71,84,85,93,94" machi="94" ten="25,12000,1" yaku="1,1,2,1,0,1,22,2,53,0" doraHai="97" doraHaiUra="134" who="0" fromWho="0" sc="80,195,250,-45,257,-45,353,-45" /><INIT seed="4,6,0,5,4,15" ten="275,205,212,308" oya="0" hai0="40,108,73,122,41,95,26,20,100,64,25,132,67" hai1="28,97,107,71,118,75,12,52,104,88,42,72,39" hai2="34,86,126,27,35,37,84,51,47,10,1,99,110" hai3="117,45,106,14,96,101,3,17,115,4,68,50,83"/><T7/><D73/><U60/><E118/><V77/><F110/><W119/><G68/><T38/><D122/><U111/><E111/><V114/><F114/><W92/><G115/><T127/><D108/><U63/><E39/><V29/><F37/><W55/><G106/><T32/><D7/><U89/><E42/><V98/><F126/><W58/><G83/><T66/><D127/><U130/><E12/><V94/><F35/><W13/><G3/><T16/><D132/><U74/><E28/><V43/><F77/><W48/><G13/><T90/><D100/><U21/><E21/><V134/><F134/><W61/><G50/><T131/><D38/><U49/><E130/><V19/><F99/><W91/><G4/><T76/><D76/><U9/><E9/><V62/><F62/><W53/><REACH who="3" step="1"/><G101/><REACH who="3" ten="275,205,212,298" step="2"/><T23/><D131/><U8/><E71/><V109/><F109/><W0/><G0/><T59/><D32/><U44/><E107/><V56/><F1/><W57/><G57/><T11/><D59/><U79/><E104/><V80/><F56/><W78/><G78/><T18/><D11/><AGARI ba="6,1" hai="11,14,17,45,48,53,55,58,61,91,92,96,117,119" machi="11" ten="30,3900,0" yaku="1,1,7,1,52,1,53,0" doraHai="15" doraHaiUra="128" who="3" fromWho="0" sc="275,-57,205,0,212,0,298,67" /><INIT seed="5,0,0,3,5,55" ten="218,205,212,365" oya="1" hai0="132,75,89,59,38,29,52,12,13,61,66,67,123" hai1="131,30,4,124,5,78,64,103,117,69,126,114,34" hai2="71,83,74,135,50,31,100,107,9,130,48,122,80" hai3="17,58,6,33,73,106,98,24,97,22,121,102,118"/><U128/><E69/><V47/><F122/><W65/><G73/><T28/><D75/><U127/><E64/><N who="0" m="24617" /><D38/><U76/><E103/><V85/><F71/><W134/><G121/><T0/><D0/><U23/><E117/><V116/><F116/><W120/><G134/><T26/><D123/><U11/><E114/><V45/><F130/><N who="1" m="49705" /><E34/><V15/><F135/><W72/><G97/><T3/><D3/><N who="1" m="415" /><E5/><V46/><F31/><N who="0" m="11850" /><D132/><U56/><E56/><V112/><F112/><W79/><G6/><T90/><D26/><AGARI ba="0,0" hai="23,26,30,76,78,124,126,127" m="415,49705" machi="26" ten="40,3900,0" yaku="18,1,19,1" doraHai="55" who="1" fromWho="0" sc="218,-39,205,39,212,0,365,0" /><INIT seed="5,1,0,2,5,72" ten="179,244,212,365" oya="1" hai0="43,21,87,28,120,70,93,12,131,25,18,83,40" hai1="24,84,130,48,7,96,67,92,45,104,5,133,51" hai2="89,118,125,97,111,56,17,80,71,75,119,59,98" hai3="20,63,4,110,112,57,105,11,54,42,122,19,29"/><U88/><E130/><V94/><F111/><W0/><G122/><T99/><D70/><U86/><E133/><V36/><F71/><W103/><G110/><T76/><D120/><U15/><E67/><V14/><F36/><W35/><G42/><T128/><D131/><U27/><E104/><V116/><F125/><W74/><G74/><T46/><D46/><U102/><E51/><V91/><F98/><W129/><G129/><T13/><D13/><U33/><E33/><V100/><F91/><W114/><G103/><T8/><REACH who="0" step="1"/><D128/><REACH who="0" ten="169,244,212,365" step="2"/><U32/><E15/><V123/><F123/><W121/><G121/><T81/><D81/><U9/><E45/><V1/><F1/><W30/><G0/><T31/><D31/><U23/><E5/><V90/><F59/><W38/><G30/><T126/><D126/><U115/><E7/><V55/><F56/><W60/><G29/><T62/><D62/><U53/><E48/><V2/><F2/><W108/><G63/><T22/><D22/><U50/><E50/><V78/><REACH who="2" step="1"/><F55/><REACH who="2" ten="169,244,202,365" step="2"/><W64/><G54/><T47/><D47/><U77/><E53/><V65/><F65/><W124/><G57/><T3/><D3/><U61/><E61/><V85/><F85/><W79/><G60/><T68/><D68/><U69/><E69/><V34/><F34/><W101/><G64/><T106/><D106/><U44/><E32/><V49/><F49/><W26/><G35/><T117/><D117/><U37/><E86/><V95/><F95/><W41/><G124/><T82/><D82/><U107/><E84/><V73/><F73/><RYUUKYOKU ba="1,2" sc="169,15,244,-15,202,15,365,-15" hai0="8,12,18,21,25,28,40,43,76,83,87,93,99" hai2="14,17,75,78,80,89,90,94,97,100,116,118,119" /><INIT seed="6,2,2,2,5,61" ten="184,229,217,350" oya="2" hai0="34,112,106,52,55,44,98,23,12,108,8,4,51" hai1="69,121,85,43,58,103,120,78,114,31,131,93,122" hai2="30,109,82,63,70,64,14,92,68,47,80,38,123" hai3="27,118,95,127,88,0,53,104,75,105,81,77,5"/><V128/><F123/><W15/><G0/><T16/><D108/><U116/><E116/><V26/><F109/><W41/><G41/><N who="0" m="24975" /><D34/><U111/><E111/><V3/><F3/><W76/><G27/><N who="0" m="14823" /><D106/><U46/><E69/><V71/><F128/><W10/><G77/><T22/><D112/><U101/><E131/><V67/><F92/><W7/><G7/><T124/><D124/><U117/><E117/><V96/><F96/><W110/><G118/><T134/><D134/><U40/><E114/><V126/><F126/><W59/><G110/><T135/><D135/><U50/><E40/><V54/><F14/><W60/><G127/><T89/><D22/><U35/><E78/><V24/><F24/><W113/><G113/><T21/><D21/><U49/><E35/><V57/><F38/><W48/><G48/><T2/><D2/><U100/><E31/><V132/><F132/><W56/><G56/><T36/><D36/><N who="1" m="21863" /><E58/><V86/><F47/><W133/><G133/><T84/><D98/><AGARI ba="2,2" hai="5,10,15,53,59,60,75,76,81,88,95,98,104,105" machi="98" ten="30,2000,0" yaku="7,1,54,1" doraHai="61" who="3" fromWho="0" sc="184,-26,229,0,217,0,350,46" /><INIT seed="7,0,0,4,2,18" ten="158,229,217,396" oya="3" hai0="126,67,100,52,75,72,53,26,110,51,102,22,91" hai1="10,20,121,64,133,123,59,63,41,122,9,94,33" hai2="99,71,120,89,73,3,83,48,15,114,29,34,85" hai3="61,97,7,27,2,42,116,107,56,40,55,37,23"/><W129/><G37/><T103/><D110/><U30/><E33/><V93/><F3/><W79/><G79/><T132/><D132/><U80/><E41/><V12/><F71/><W60/><G60/><T13/><D126/><U127/><E127/><V44/><F73/><W4/><G4/><T32/><D67/><U5/><E133/><V65/><F65/><W105/><G105/><T108/><D108/><U31/><E80/><V0/><F0/><W128/><G97/><T104/><D104/><U58/><E94/><V81/><F114/><W95/><G95/><T74/><D32/><U19/><E59/><V45/><F120/><W111/><G107/><T87/><D13/><U130/><E130/><V106/><F106/><W1/><G116/><T84/><D91/><U16/><E19/><V131/><F131/><W112/><G112/><T46/><REACH who="0" step="1"/><D53/><REACH who="0" ten="148,229,217,396" step="2"/><U78/><E123/><V98/><F15/><W134/><G134/><T62/><D62/><U35/><E35/><V69/><F12/><W119/><G111/><T125/><D125/><U82/><E122/><V101/><F34/><W66/><G128/><T113/><D113/><U21/><E121/><V96/><F101/><W88/><G1/><T109/><D109/><U38/><E64/><V17/><F89/><W68/><G88/><T117/><D117/><U76/><E63/><V57/><F69/><N who="3" m="42191" /><G119/><T50/><D50/><U92/><E38/><V43/><F48/><W49/><G129/><T70/><D70/><U118/><E118/><V36/><F36/><W90/><G68/><T11/><D11/><U6/><E10/><RYUUKYOKU ba="0,1" sc="148,30,229,-10,217,-10,396,-10" hai0="22,26,46,51,52,72,74,75,84,87,100,102,103" owari="178,-32.2,219,1.9,207,-19.3,396,49.6" /></mjloggm>