<mjloggm ver="2.3"><GO type="169" lobby="0"/><UN n0="%E7%9C%9F%E4%B8%80" n1="%62%73%64%5F%33" n2="%62%69%70%73%64" n3="%4F%4D%41%4E%54%41" dan="17,16,18,17" rate="2254.46,2040.52,2231.24,2194.48" sx="M,F,M,M"/><TAIKYOKU oya="0"/><INIT seed="0,0,0,2,4,93" ten="250,250,250,250" oya="0" hai0="24,66,122,135,92,60,71,30,83,56,75,86,5" hai1="96,73,111,41,43,2,39,126,48,6,33,104,50" hai2="132,87,133,53,47,15,37,18,64,49,13,117,52" hai3="82,62,20,99,103,112,55,77,79,7,100,29,76"/><T12/><D122/><U68/><E111/><V134/><F117/><W95/><G112/><T38/><D38/><U36/><E126/><V131/><F131/><W14/><G103/><T108/><D135/><U88/><E33/><V130/><F130/><W25/><G82/><T124/><D124/><U70/><E73/><V120/><F120/><W0/><G0/><T16/><D108/><U107/><E6/><V21/><F37/><W45/><G45/><T9/><D75/><U115/><E2/><V113/><F113/><W51/><G62/><T3/><D92/><U78/><E78/><V22/><F64/><W101/><G101/><T116/><D116/><U4/><E4/><V28/><F87/><W121/><G121/><T81/><D71/><U119/><E115/><V35/><F35/><W34/><G34/><T125/><D125/><U59/><E59/><V94/><F94/><W58/><REACH who="3" step="1"/><G77/><REACH who="3" ten="250,250,250,240" step="2"/><T90/><D83/><U74/><E119/><V65/><F65/><W40/><G40/><T69/><D3/><U109/><E109/><V84/><F53/><W102/><G102/><T8/><D69/><U23/><E43/><V10/><F133/><W63/><G63/><T118/><D118/><U46/><E46/><V42/><F42/><W67/><G67/><T114/><D114/><U105/><E41/><V97/><F47/><W110/><G110/><T26/><D60/><U31/><E68/><V80/><F132/><W27/><G27/><T98/><D26/><N who="1" m="16863" /><E70/><V1/><F134/><W19/><G19/><T127/><D66/><U129/><E36/><V61/><F1/><RYUUKYOKU ba="0,1" sc="250,-10,250,-10,250,-10,240,30" hai3="7,14,20,25,29,51,55,58,76,79,95,99,100" /><INIT seed="1,1,1,1,0,44" ten="240,240,240,270" oya="1" hai0="55,62,19,11,121,48,111,131,9,13,104,60,35" hai1="81,6,29,115,18,74,3,88,130,32,79,76,10" hai2="83,107,102,77,109,117,63,50,51,22,112,98,105" hai3="114,40,135,59,85,49,73,71,24,113,1,30,129"/><U123/><E123/><V54/><F117/><W110/><G73/><T91/><D111/><U42/><E115/><V90/><F112/><W26/><G71/><T7/><D121/><U23/><E130/><V103/><F109/><W58/><G110/><T116/><D116/><U37/><E76/><V64/><F90/><W118/><G118/><T122/><D122/><U56/><E56/><V12/><F54/><W46/><G1/><T134/><D131/><U72/><E42/><V45/><F45/><W133/><G129/><T39/><D39/><U43/><E74/><V8/><F22/><W87/><G46/><N who="0" m="28055" /><D35/><U31/><E43/><V20/><F20/><W82/><G40/><T80/><D104/><U52/><E37/><V53/><F53/><W108/><G108/><T124/><D124/><U93/><E52/><V89/><F89/><W100/><G100/><T106/><D106/><U33/><E33/><V25/><F25/><W101/><G101/><T78/><D78/><U128/><E32/><V16/><F103/><W120/><G120/><T47/><D134/><U84/><REACH who="1" step="1"/><E128/><REACH who="1" ten="240,230,240,270" step="2"/><V125/><F107/><W21/><G59/><T36/><D36/><U27/><AGARI ba="1,2" hai="3,6,10,18,23,27,29,31,72,79,81,84,88,93" machi="27" ten="20,18000,2" yaku="1,1,2,1,0,1,7,1,54,1,53,1" doraHai="44" doraHaiUra="0" who="1" fromWho="1" sc="240,-61,230,203,240,-61,270,-61" /><INIT seed="1,2,0,4,3,100" ten="179,433,179,209" oya="1" hai0="83,66,63,130,118,3,117,21,60,49,116,2,107" hai1="52,36,65,133,34,6,1,93,24,70,77,81,114" hai2="80,62,74,102,68,113,67,56,10,135,42,33,17" hai3="105,94,13,128,48,41,59,92,78,47,19,53,123"/><U5/><E114/><V125/><F33/><W7/><G128/><T15/><D130/><U87/><E36/><V97/><F135/><W35/><G35/><T119/><N who="0" m="29696" /><DORA hai="37" /><T99/><D49/><U23/><E34/><V127/><F113/><W8/><G123/><T86/><D21/><U26/><E1/><V9/><F68/><W124/><G105/><T16/><D63/><U31/><E70/><V103/><F103/><W27/><G124/><T101/><D16/><U109/><E65/><V84/><F74/><W75/><G78/><T46/><D46/><U54/><E109/><V131/><F131/><W44/><G75/><T91/><REACH who="0" step="1"/><D15/><REACH who="0" ten="169,433,179,209" step="2"/><U76/><E23/><V50/><F17/><W39/><G27/><T43/><D43/><U134/><E26/><V55/><F42/><W115/><G115/><T126/><D126/><U96/><E24/><V110/><F127/><W20/><G44/><T45/><D45/><U112/><E112/><V90/><F125/><W108/><G108/><T58/><AGARI ba="2,1" hai="2,3,58,60,66,83,86,91,99,101,107" m="29696" machi="58" ten="60,8000,1" yaku="1,1,0,1,52,1,53,2" doraHai="100,37" doraHaiUra="61,79" who="0" fromWho="0" sc="169,96,433,-42,179,-22,209,-22" /><INIT seed="2,0,0,4,4,70" ten="265,391,157,187" oya="2" hai0="14,132,47,79,94,32,17,107,73,39,61,10,15" hai1="52,42,101,71,100,96,0,1,30,118,89,69,124" hai2="83,29,81,102,80,4,117,45,44,27,129,120,106" hai3="97,11,64,67,88,46,60,50,34,92,38,135,74"/><V108/><F117/><W86/><G74/><T128/><D107/><U75/><E118/><V62/><F120/><W105/><G135/><T2/><D32/><U123/><E75/><V104/><F129/><W59/><G34/><T66/><D128/><U78/><E78/><V8/><F108/><W115/><G115/><T63/><D132/><U25/><E124/><V55/><F102/><W9/><G38/><T98/><D2/><U72/><E72/><V65/><F106/><W21/><G67/><T33/><D33/><U134/><E42/><V82/><N who="2" m="20480" /><DORA hai="23" /><V51/><F104/><W24/><G86/><T57/><D73/><U121/><E89/><V7/><F44/><W43/><REACH who="3" step="1"/><G105/><REACH who="3" ten="265,391,157,177" step="2"/><T126/><D39/><U76/><E134/><V40/><F40/><W103/><G103/><T95/><D79/><U99/><E76/><V16/><F29/><AGARI ba="0,1" hai="9,11,21,24,29,43,46,50,59,60,64,88,92,97" machi="29" ten="30,12000,2" yaku="1,1,7,1,8,1,52,1,54,1,53,1" doraHai="70,23" doraHaiUra="53,116" who="3" fromWho="2" sc="265,0,391,0,157,-120,177,130" /><INIT seed="3,0,0,5,5,117" ten="265,391,37,307" oya="3" hai0="127,13,129,115,57,102,6,81,15,20,94,49,95" hai1="120,36,43,50,21,58,85,27,19,107,105,118,7" hai2="52,101,17,121,55,37,112,39,106,61,44,31,90" hai3="76,47,65,92,56,46,86,2,104,54,80,75,11"/><W8/><G104/><T77/><D127/><U114/><E114/><V103/><F112/><W67/><G75/><T34/><D34/><U113/><E113/><V131/><F31/><W84/><G92/><T4/><D129/><U74/><E74/><V60/><F106/><W9/><G2/><T5/><D115/><U22/><E36/><V66/><F44/><N who="3" m="16939" /><G86/><N who="0" m="48431" /><D20/><U89/><E43/><V35/><F66/><W38/><G38/><T108/><D108/><U134/><E7/><V48/><F131/><W16/><G16/><T32/><D32/><U51/><E19/><V23/><F17/><W93/><G93/><N who="0" m="35339" /><D102/><U97/><E105/><V98/><F48/><AGARI ba="0,0" hai="8,9,11,48,54,56,65,67,76,80,84" m="16939" machi="48" ten="30,1500,0" yaku="8,1" doraHai="117" who="3" fromWho="2" sc="265,0,391,0,37,-15,307,15" /><INIT seed="3,1,0,4,3,115" ten="265,391,22,322" oya="3" hai0="46,72,22,35,6,34,114,116,42,107,40,118,37" hai1="87,103,27,41,54,130,124,28,32,82,132,90,33" hai2="76,106,24,123,97,128,14,68,61,78,101,65,110" hai3="21,0,134,86,89,83,52,117,53,111,131,18,96"/><W88/><G117/><N who="0" m="45163" /><D22/><U70/><E132/><V62/><F110/><W48/><G131/><T100/><D42/><U19/><E70/><V10/><F128/><W109/><G134/><T36/><D114/><U99/><E130/><V64/><F123/><W59/><G0/><T129/><D129/><U13/><E124/><V98/><F98/><W55/><G111/><T104/><D6/><U44/><E54/><V81/><F81/><W16/><G109/><T93/><D93/><U77/><E77/><V120/><F120/><W121/><G121/><T43/><D72/><U17/><E32/><N who="0" m="12329" /><D100/><U79/><E13/><V2/><F24/><N who="3" m="14375" /><G18/><T7/><D7/><U60/><E90/><V92/><F92/><AGARI ba="1,0" hai="48,52,53,55,59,83,86,88,89,92,96" m="14375" machi="92" ten="30,11600,0" yaku="8,1,54,3" doraHai="115" who="3" fromWho="2" sc="265,0,391,0,22,-119,322,119" owari="265,-13.5,391,19.1,-97,-59.7,441,54.1" /></mjloggm>