<mjloggm ver="2.3"><GO type="169" lobby="0"/><UN n0="%E2%97%8E%E3%82%88%E3%81%97%E2%97%8E" n1="%E8%A6%9A%E9%86%92%E3%81%97%E3%81%9F%E3%81%A8%E3%81%BE%E3%81%A8" n2="%48%65%69%68%65%69%30%35" n3="%E3%81%BD%E3%81%A3%E3%81%91%E3%81%95%E3%82%93" dan="17,16,16,17" rate="2175.27,2133.50,2044.81,2177.55" sx="M,M,M,M"/><TAIKYOKU oya="0"/><INIT seed="0,0,0,0,4,31" ten="250,250,250,250" oya="0" hai0="116,63,40,44,51,103,27,32,52,60,108,45,20" hai1="56,67,34,132,70,101,4,69,26,25,22,59,14" hai2="17,118,128,74,10,115,87,93,39,48,80,7,73" hai3="110,127,35,15,13,62,125,117,11,2,9,124,49"/><T5/><D116/><U111/><E111/><V79/><F118/><W131/><G117/><T133/><D133/><U85/><E132/><V86/><F115/><W38/><G38/><T16/><D108/><U75/><E75/><V64/><F39/><W24/><G110/><T77/><D103/><U90/><E101/><V36/><F36/><W134/><G49/><T96/><D96/><U53/><E67/><V0/><F64/><W78/><G62/><T106/><D106/><U66/><E66/><V114/><F114/><W29/><G78/><T43/><D5/><U71/><E59/><V37/><F37/><W47/><G47/><N who="0" m="27775" /><D77/><U30/><E14/><N who="3" m="5130" /><G134/><T105/><D32/><U92/><E4/><V97/><F74/><W50/><G50/><N who="0" m="26887" /><D105/><U99/><E85/><V95/><F97/><W129/><G2/><T135/><D135/><U113/><E113/><V89/><F0/><W6/><G6/><T12/><D12/><U100/><E100/><V81/><F7/><W46/><G46/><T83/><D83/><U28/><REACH who="1" step="1"/><E71/><REACH who="1" ten="250,240,250,250" step="2"/><V119/><F73/><W122/><G122/><T55/><D43/><U104/><E104/><V91/><F119/><W120/><G120/><T33/><D45/><U61/><AGARI ba="0,1" hai="22,25,26,28,30,34,53,56,61,69,70,90,92,99" machi="61" ten="20,5200,0" yaku="1,1,0,1,7,1,52,1,53,0" doraHai="31" doraHaiUra="130" who="1" fromWho="1" sc="250,-26,240,62,250,-13,250,-13" /><INIT seed="1,0,0,1,2,104" ten="224,302,237,237" oya="1" hai0="67,49,0,13,29,118,66,73,36,68,100,33,80" hai1="51,133,121,127,10,84,128,20,97,109,105,126,95" hai2="72,101,103,87,34,79,129,82,116,52,56,75,94" hai3="2,35,45,42,134,117,24,23,19,91,132,5,55"/><U135/><E121/><V130/><F34/><W57/><G117/><T60/><D0/><U37/><E37/><V102/><F116/><W30/><G91/><T43/><D118/><U58/><E10/><V106/><F106/><W99/><G99/><T85/><D36/><U25/><E51/><N who="2" m="30751" /><F94/><W26/><G5/><T123/><D67/><U53/><E109/><V63/><F63/><W125/><G2/><T17/><D100/><U15/><E15/><V120/><F120/><W107/><G107/><T38/><D38/><U69/><E69/><V22/><F22/><W98/><G98/><T92/><D92/><U4/><E4/><V11/><F11/><W28/><G45/><T62/><D62/><N who="1" m="36175" /><E84/><V44/><F44/><W9/><G42/><T110/><D43/><U27/><E105/><V41/><F41/><W90/><G9/><T64/><D68/><U8/><E8/><V3/><F3/><W71/><G71/><T32/><D32/><U115/><E115/><V114/><F114/><W54/><G35/><T112/><D33/><U48/><E48/><V78/><F79/><W96/><G23/><T59/><D49/><U70/><E70/><V31/><F31/><W21/><G21/><T18/><D112/><U16/><E27/><V83/><F83/><W76/><G26/><T88/><D123/><U7/><E7/><V46/><F46/><W61/><G24/><T86/><D80/><U50/><E50/><V47/><F47/><W14/><G61/><T131/><D60/><U122/><E122/><V6/><F6/><W124/><G14/><T74/><D64/><RYUUKYOKU ba="0,0" sc="224,-10,302,-10,237,30,237,-10" hai2="72,75,78,82,87,101,102,103,129,130" /><INIT seed="2,1,0,1,4,37" ten="214,292,267,227" oya="2" hai0="105,11,72,83,60,123,38,21,4,130,45,66,24" hai1="36,10,50,134,119,26,87,93,56,90,17,111,97" hai2="23,57,62,112,79,9,81,104,99,127,61,70,128" hai3="120,27,71,44,126,106,116,16,19,53,59,0,84"/><V28/><F112/><W1/><G71/><T82/><D105/><U118/><E111/><V78/><F128/><W131/><G116/><T58/><D130/><U8/><E36/><V7/><F127/><W103/><G120/><T32/><D32/><U30/><E134/><V107/><F79/><W76/><G131/><T129/><D123/><U74/><E74/><V18/><F28/><W13/><G126/><T122/><D72/><U34/><E119/><V108/><F70/><W114/><G114/><T85/><D122/><U46/><E118/><V63/><F99/><W15/><G27/><T69/><D69/><U64/><E17/><V109/><F57/><W92/><G106/><T14/><D129/><U51/><E97/><V41/><F41/><W39/><G103/><T25/><D83/><U67/><E51/><V77/><F77/><W43/><G15/><T22/><D24/><U6/><E56/><V121/><F121/><W80/><G92/><T40/><REACH who="0" step="1"/><D25/><REACH who="0" ten="204,292,267,227" step="2"/><U95/><E93/><V12/><F104/><W48/><REACH who="3" step="1"/><G19/><REACH who="3" ten="204,292,267,217" step="2"/><T135/><D135/><U86/><E95/><V54/><F107/><W132/><G132/><T52/><D52/><U102/><E26/><V73/><F54/><W89/><G89/><AGARI ba="1,2" hai="4,11,14,21,22,38,40,45,58,60,66,82,85,89" machi="89" ten="30,3900,0" yaku="1,1,7,1,52,1,53,0" doraHai="37" doraHaiUra="124" who="0" fromWho="3" sc="204,62,292,0,267,0,217,-42" /><INIT seed="3,0,0,0,4,55" ten="266,292,267,175" oya="3" hai0="53,119,72,113,50,43,129,39,16,26,91,126,22" hai1="12,131,84,23,9,66,99,51,61,65,104,120,11" hai2="82,74,25,13,38,45,86,60,59,122,116,87,71" hai3="88,18,37,132,48,90,128,56,57,6,17,105,0"/><W44/><G37/><T42/><D119/><U28/><E120/><V111/><F116/><W125/><G105/><T14/><D72/><U106/><E131/><V47/><F122/><W96/><G128/><T83/><D39/><U89/><E51/><V15/><F71/><W67/><G67/><T77/><D126/><U62/><E99/><V75/><F87/><W76/><G76/><T58/><D113/><U103/><E103/><V94/><F25/><W33/><G33/><T64/><D64/><U4/><E106/><V3/><F3/><W117/><G117/><T5/><D129/><U2/><E104/><V127/><F127/><W31/><G125/><T112/><D112/><U10/><E23/><V24/><F24/><W92/><G31/><T95/><D83/><U34/><E28/><V133/><F111/><W40/><G132/><T21/><D77/><U70/><E34/><V93/><F75/><W124/><G124/><T35/><D5/><U102/><E102/><V30/><F74/><W110/><G110/><T7/><D7/><U130/><E2/><V19/><F30/><W68/><G68/><T8/><D35/><U81/><REACH who="1" step="1"/><E130/><REACH who="1" ten="266,282,267,175" step="2"/><V80/><F38/><W46/><G0/><T73/><D22/><U69/><AGARI ba="0,1" hai="4,9,10,11,12,61,62,65,66,69,70,81,84,89" machi="69" ten="20,8000,1" yaku="1,1,2,1,0,1,7,1,9,1,53,0" doraHai="55" doraHaiUra="101" who="1" fromWho="1" sc="266,-20,282,90,267,-20,175,-40" /><INIT seed="4,0,0,4,1,19" ten="246,372,247,135" oya="0" hai0="91,98,76,68,95,61,4,14,34,22,47,21,96" hai1="77,56,12,100,90,57,117,13,30,6,82,132,5" hai2="25,26,2,81,135,7,20,106,41,78,104,85,0" hai3="66,62,88,112,70,8,28,48,93,59,127,67,128"/><T118/><D118/><U121/><E117/><V49/><F26/><W27/><G112/><T36/><D34/><U35/><E121/><V129/><F135/><W107/><G107/><T86/><D68/><U123/><E123/><V53/><F41/><W32/><G128/><T3/><D3/><U60/><E132/><V110/><F110/><W17/><G127/><T73/><D73/><U114/><E114/><V69/><F69/><W102/><G102/><T83/><D61/><U9/><E100/><V51/><F51/><W52/><G67/><T87/><D36/><U29/><E90/><V40/><F40/><W119/><G119/><T105/><D47/><U71/><E71/><V103/><F7/><W133/><G133/><T120/><D120/><U55/><E35/><V45/><F129/><W72/><G72/><T44/><D44/><U18/><E57/><V80/><F80/><W15/><REACH who="3" step="1"/><G93/><REACH who="3" ten="246,372,247,125" step="2"/><T75/><D75/><U124/><E124/><V31/><REACH who="2" step="1"/><F103/><REACH who="2" ten="246,372,237,125" step="2"/><W33/><G33/><T122/><D122/><U65/><E82/><V92/><F92/><W63/><G63/><T42/><D105/><AGARI ba="0,2" hai="0,2,20,25,31,45,49,53,78,81,85,104,105,106" machi="105" ten="40,2600,0" yaku="1,1,52,1,53,0" doraHai="19" doraHaiUra="126" who="2" fromWho="0" sc="246,-26,372,0,237,46,125,0" /><INIT seed="5,0,0,2,3,27" ten="220,372,283,125" oya="1" hai0="7,42,116,29,97,75,13,102,23,127,67,83,19" hai1="106,24,124,46,35,94,92,90,69,77,130,39,61" hai2="111,28,123,64,134,54,99,5,103,95,91,9,100" hai3="66,63,87,55,86,79,50,33,0,114,49,36,132"/><U57/><E106/><V20/><F111/><W119/><G36/><T76/><D116/><U131/><E124/><V107/><F123/><W128/><G0/><T2/><D127/><U129/><E69/><V88/><F134/><W78/><G132/><T89/><D89/><U101/><E77/><V43/><F43/><W34/><G63/><T32/><D67/><U93/><E101/><V1/><F64/><W58/><G66/><T52/><D42/><N who="1" m="22879" /><E24/><V118/><F118/><W56/><G119/><T31/><D32/><U65/><E35/><V135/><F135/><W70/><G70/><T14/><D14/><U105/><E105/><V38/><F38/><W104/><G104/><T26/><D13/><U84/><AGARI ba="0,0" hai="57,61,65,84,90,92,93,94,129,130,131" m="22879" machi="84" ten="30,1500,0" yaku="19,1" doraHai="27" who="1" fromWho="1" sc="220,-5,372,15,283,-5,125,-5" /><INIT seed="5,1,0,1,0,47" ten="215,387,278,120" oya="1" hai0="41,40,33,117,62,92,126,102,54,11,59,44,23" hai1="63,91,3,46,114,105,83,80,106,70,60,123,110" hai2="0,19,79,1,26,93,82,6,111,103,74,2,100" hai3="28,129,68,118,135,71,128,107,77,98,35,52,30"/><U34/><E114/><V32/><F111/><W29/><G35/><T130/><D33/><U51/><E34/><V12/><F93/><W16/><G77/><T53/><D117/><U15/><E110/><V50/><F6/><W66/><G118/><T58/><D126/><U120/><E3/><V25/><F25/><W109/><G109/><T56/><D130/><N who="3" m="50281" /><G66/><T125/><D125/><U48/><E46/><V36/><F36/><W73/><G73/><T75/><D75/><U85/><E85/><V115/><F115/><W72/><G72/><T27/><D11/><U119/><E119/><V61/><F61/><W112/><G112/><T124/><D124/><U14/><E91/><V8/><F26/><W4/><G4/><T57/><D41/><U9/><E9/><V90/><F90/><W133/><G16/><N who="0" m="12775" /><D40/><U55/><E55/><N who="0" m="21001" /><D44/><U99/><E99/><V67/><F32/><W95/><G107/><T88/><D102/><U101/><E101/><V131/><F131/><W127/><G127/><T20/><D20/><U21/><E21/><V69/><F100/><N who="3" m="60511" /><G52/><N who="0" m="34055" /><D59/><U134/><E70/><AGARI ba="1,0" hai="28,29,30,68,70,71,133,135" m="60511,50281" machi="70" ten="40,1300,0" yaku="19,1" doraHai="47" who="3" fromWho="1" sc="215,0,387,-16,278,0,120,16" /><INIT seed="6,0,0,5,0,135" ten="215,371,278,136" oya="2" hai0="21,45,91,53,93,88,68,61,54,10,110,17,120" hai1="111,34,18,26,92,57,75,55,112,49,4,115,83" hai2="103,44,27,117,7,32,130,24,39,102,35,38,43" hai3="132,85,46,16,90,59,126,98,71,13,51,29,25"/><V129/><F7/><W106/><G71/><T107/><D107/><U134/><E134/><V133/><F117/><W33/><G132/><T80/><D110/><U15/><E111/><V124/><F133/><W113/><G59/><T48/><D120/><U0/><E0/><V58/><F58/><W19/><G113/><N who="1" m="43594" /><E92/><V30/><F124/><W77/><G77/><T96/><D10/><N who="1" m="4551" /><E18/><V108/><F108/><W81/><G126/><T72/><D72/><U64/><E64/><V123/><F123/><W40/><REACH who="3" step="1"/><G13/><REACH who="3" ten="215,371,278,126" step="2"/><N who="0" m="9391" /><D68/><U28/><E75/><V82/><F44/><W22/><G22/><T79/><D79/><U70/><E70/><V37/><F35/><W5/><G5/><T14/><D14/><U3/><E3/><V109/><F109/><W95/><G95/><N who="0" m="56423" /><D80/><AGARI ba="0,1" hai="26,28,34,49,55,57,80,83" m="4551,43594" machi="80" ten="30,1000,0" yaku="15,1" doraHai="135" who="1" fromWho="0" sc="215,-10,371,20,278,0,126,0" /><INIT seed="7,0,0,2,4,93" ten="205,391,278,126" oya="3" hai0="66,131,84,113,11,87,101,106,130,102,55,132,4" hai1="64,40,99,94,9,70,37,120,42,61,39,72,17" hai2="90,111,25,56,134,1,75,53,49,45,118,28,27" hai3="122,57,23,67,133,114,121,14,32,59,89,3,91"/><W8/><G32/><T127/><D132/><U34/><E72/><V6/><F111/><W54/><G133/><T58/><D66/><U85/><E34/><V124/><F75/><W62/><G114/><T19/><D19/><U108/><E108/><V105/><F118/><W83/><G3/><N who="0" m="415" /><D106/><U60/><E120/><V129/><F105/><W30/><G122/><T48/><D113/><U103/><E61/><V115/><F115/><W117/><G117/><T100/><D127/><U128/><E128/><AGARI ba="0,0" hai="48,55,58,84,87,100,101,102,128,130,131" m="415" machi="128" ten="30,1000,0" yaku="19,1" doraHai="93" who="0" fromWho="1" sc="205,10,391,-10,278,0,126,0" owari="215,-18.5,381,48.1,278,7.8,126,-37.4" /></mjloggm>