<mjloggm ver="2.3"><GO type="169" lobby="0"/><UN n0="%E4%BA%9C%E6%9C%88" n1="%E3%83%A4%E3%83%8A%E3%83%AA%E3%83%B3%E3%82%B9%E3%82%AD%E3%83%BC" n2="%67%6F%67%6F%2D%E3%82%B4%E3%83%AA%E3%83%A9" n3="%E3%81%BE%E3%81%88%E3%81%9F" dan="17,17,19,16" rate="2189.42,2161.85,2277.59,2191.31" sx="M,M,M,F"/><TAIKYOKU oya="0"/><INIT seed="0,0,0,5,1,101" ten="250,250,250,250" oya="0" hai0="64,56,10,61,49,126,24,36,38,20,4,127,74" hai1="73,85,23,109,97,0,52,76,133,5,58,124,119" hai2="59,135,77,90,54,63,7,31,46,103,47,8,35" hai3="81,78,40,66,70,19,27,34,107,105,71,113,114"/><T122/><D122/><U69/><E119/><V9/><F135/><W102/><G102/><T99/><D74/><U39/><E69/><N who="3" m="26122" /><G66/><T121/><D121/><U96/><E133/><V116/><F116/><W13/><G13/><T26/><D49/><U117/><E117/><V11/><F77/><W42/><G19/><T65/><D65/><U41/><E85/><V118/><F118/><W125/><G42/><T6/><D6/><U45/><E23/><V37/><F7/><W100/><G40/><T51/><D51/><U104/><E109/><V115/><F115/><N who="3" m="44043" /><G100/><T28/><D26/><U91/><E5/><V2/><F103/><W60/><G60/><T82/><D82/><U123/><E41/><V89/><F2/><W120/><G120/><T44/><D99/><U95/><E97/><V94/><F37/><W111/><G111/><T18/><D18/><U72/><E0/><V93/><F35/><W108/><G108/><T68/><D68/><U134/><E39/><V62/><F31/><N who="3" m="19839" /><G125/><N who="0" m="47627" /><D44/><U3/><E45/><V79/><F63/><W84/><G84/><T112/><D112/><U88/><E124/><V75/><F47/><W29/><G29/><T129/><D38/><U128/><E123/><V21/><F46/><W57/><G57/><T33/><D36/><U98/><E58/><V87/><F21/><W86/><G86/><T67/><D20/><U132/><E132/><V43/><F43/><W16/><G16/><T130/><D67/><U106/><E134/><V50/><F50/><W30/><G30/><T17/><D17/><U1/><E1/><AGARI ba="0,0" hai="1,4,10,24,28,33,56,61,64,129,130" m="47627" machi="1" ten="30,1500,0" yaku="18,1" doraHai="101" who="0" fromWho="1" sc="250,15,250,-15,250,0,250,0" /><INIT seed="0,1,0,3,4,131" ten="265,235,250,250" oya="0" hai0="57,65,100,7,48,53,42,74,12,77,101,119,106" hai1="27,71,68,35,32,28,34,79,11,64,63,50,19" hai2="97,9,90,38,0,89,113,125,110,93,107,16,94" hai3="108,72,58,61,67,23,134,81,109,46,129,51,111"/><T14/><D119/><U103/><E71/><V54/><F113/><W80/><G129/><T6/><D106/><U87/><E79/><V78/><F38/><W3/><G3/><T117/><D117/><U82/><E50/><V25/><F110/><W20/><G134/><T31/><D31/><U66/><E66/><V26/><F125/><W118/><G118/><T85/><D74/><U112/><E112/><V22/><F78/><N who="3" m="44103" /><G81/><N who="0" m="47279" /><D42/><AGARI ba="1,0" hai="20,23,42,46,51,58,61,67,108,109,111" m="44103" machi="42" ten="30,1000,0" yaku="14,1" doraHai="131" who="3" fromWho="0" sc="265,-13,235,0,250,0,250,13" /><INIT seed="1,0,0,4,2,113" ten="252,235,250,263" oya="1" hai0="77,27,17,82,81,16,122,69,21,119,40,48,83" hai1="7,62,10,120,80,54,133,28,78,51,59,126,125" hai2="68,101,106,84,64,124,36,37,5,115,26,90,22" hai3="19,38,30,63,9,56,72,6,65,57,3,108,87"/><U123/><E28/><V18/><F115/><W67/><G72/><T71/><D122/><U24/><E24/><V49/><F124/><N who="1" m="47721" /><E133/><V89/><F5/><W132/><G38/><T107/><D107/><U52/><E80/><V135/><F135/><W121/><G132/><T98/><D98/><U43/><E78/><V76/><F76/><W131/><G30/><T75/><D75/><U39/><E10/><V34/><F49/><W127/><G127/><T92/><D77/><U0/><E7/><V1/><F1/><W20/><G121/><N who="1" m="46666" /><E0/><V110/><F34/><W14/><G87/><T74/><D74/><U12/><E12/><V35/><F35/><W15/><G3/><T86/><D17/><U130/><E130/><V97/><F84/><W93/><G131/><T53/><D82/><U94/><E94/><V11/><F11/><W88/><G14/><T118/><D92/><U100/><E100/><V105/><F105/><W23/><G6/><T129/><D83/><U50/><E54/><V103/><F103/><W79/><G79/><T109/><D129/><U25/><E25/><V104/><F26/><W47/><G9/><T42/><D81/><U91/><E91/><V112/><F90/><W85/><G23/><T114/><D114/><U55/><E55/><V102/><F112/><W31/><G31/><T58/><D21/><U41/><E41/><V32/><F22/><W117/><G20/><T8/><D40/><U70/><E70/><V134/><F32/><W13/><G88/><T29/><D42/><U111/><E111/><V96/><F110/><W45/><G108/><RYUUKYOKU ba="0,0" sc="252,-10,235,30,250,-10,263,-10" hai1="39,43,50,51,52,59,62" /><INIT seed="1,1,0,3,5,28" ten="242,265,240,253" oya="1" hai0="5,42,64,43,66,59,71,38,129,2,89,130,95" hai1="17,94,56,83,85,24,96,65,127,34,134,33,67" hai2="80,46,22,9,107,16,116,58,51,99,29,120,97" hai3="115,132,111,108,78,119,104,15,27,30,92,31,100"/><U11/><E127/><V112/><F116/><W39/><G115/><T40/><D38/><U63/><E67/><V62/><F120/><W77/><G104/><T12/><D2/><U91/><E134/><V20/><F112/><W125/><G39/><T68/><D59/><U103/><REACH who="1" step="1"/><E24/><REACH who="1" ten="242,255,240,253" step="2"/><V41/><F107/><W44/><G27/><T8/><D66/><U131/><E131/><N who="0" m="50185" /><D64/><U122/><E122/><V79/><F29/><W81/><G30/><T75/><D75/><U37/><E37/><V19/><F99/><AGARI ba="1,1" hai="5,8,12,40,42,43,68,71,89,95,99" m="50185" machi="99" ten="30,1000,0" yaku="19,1" doraHai="28" who="0" fromWho="2" sc="242,23,255,0,240,-13,253,0" /><INIT seed="2,0,0,0,4,82" ten="265,255,227,253" oya="2" hai0="29,132,119,118,15,72,87,25,22,93,76,86,19" hai1="4,12,9,133,106,52,65,77,95,116,53,73,42" hai2="67,46,107,108,111,18,89,23,7,112,66,24,1" hai3="71,128,114,103,43,11,56,90,97,127,83,13,126"/><V8/><F112/><W57/><G71/><T37/><D37/><U80/><E116/><N who="0" m="44585" /><D132/><U40/><E106/><V36/><F107/><W55/><G114/><T94/><D72/><U78/><E133/><V123/><F123/><W134/><G43/><T6/><D6/><U31/><E65/><V45/><F89/><W10/><G134/><T16/><D19/><U117/><E117/><V105/><F105/><W98/><G128/><T92/><D76/><U54/><E31/><V75/><F75/><W47/><G47/><N who="2" m="17929" /><F36/><W125/><G56/><T113/><D113/><U26/><E78/><V32/><F32/><AGARI ba="0,0" hai="15,16,22,25,29,32,86,87,92,93,94" m="44585" machi="32" ten="30,7700,0" yaku="12,1,52,2,54,1" doraHai="82" who="0" fromWho="2" sc="265,77,255,0,227,-77,253,0" /><INIT seed="3,0,0,3,5,87" ten="342,255,150,253" oya="3" hai0="31,39,49,43,63,89,24,11,82,20,53,50,30" hai1="81,129,48,108,107,67,135,78,18,113,16,126,29" hai2="70,19,33,128,103,122,28,80,3,21,134,51,106" hai3="61,54,55,59,130,7,1,98,10,5,45,9,100"/><W27/><G130/><T23/><D39/><U44/><E113/><V105/><F128/><W77/><G77/><T41/><D11/><U37/><E129/><V57/><F70/><W74/><G74/><T102/><D102/><U26/><E107/><V99/><F134/><W111/><G111/><T12/><D63/><U58/><E135/><V117/><F117/><W62/><G27/><N who="0" m="16743" /><D12/><U121/><E121/><V35/><F122/><W2/><G45/><N who="0" m="27823" /><D50/><U132/><E132/><V47/><F106/><W84/><G84/><AGARI ba="0,0" hai="23,24,31,41,43,82,84,89" m="27823,16743" machi="84" ten="30,2000,0" yaku="8,1,52,1" doraHai="87" who="0" fromWho="3" sc="342,20,255,0,150,0,253,-20" /><INIT seed="4,0,0,2,3,41" ten="362,255,150,233" oya="0" hai0="115,133,94,129,45,85,49,101,121,58,52,73,35" hai1="71,117,123,74,112,6,69,21,64,31,42,65,114" hai2="80,62,13,78,111,3,82,84,120,70,66,17,100" hai3="105,8,4,38,61,5,0,16,99,88,44,95,110"/><T28/><D121/><U30/><E6/><V76/><F120/><W11/><G110/><T67/><D73/><U29/><E74/><V63/><F111/><W96/><G61/><T59/><D115/><N who="1" m="44075" /><E123/><V98/><F3/><W131/><G131/><T86/><D129/><U1/><E1/><V126/><F126/><W20/><G105/><T118/><D118/><U10/><E10/><V56/><F63/><W90/><G8/><T46/><D133/><U33/><E117/><V27/><F27/><W22/><G5/><T107/><D107/><U72/><E72/><V122/><F122/><W55/><G38/><T23/><D35/><U87/><E33/><V116/><F116/><W108/><G108/><T15/><D59/><U60/><E87/><N who="0" m="33289" /><D67/><N who="1" m="25675" /><E60/><V89/><F82/><W103/><G96/><N who="0" m="59543" /><D28/><U39/><E21/><V109/><F109/><W81/><G81/><T119/><D119/><U125/><E125/><V19/><F70/><W102/><G22/><T48/><D48/><U97/><E97/><V127/><F127/><W53/><G103/><T50/><D49/><U128/><E128/><V51/><F51/><W7/><G102/><T9/><D23/><U14/><E14/><V25/><F25/><W132/><G20/><T75/><D75/><U104/><E104/><N who="2" m="63511" /><F13/><W32/><G32/><T57/><D15/><U68/><E42/><V77/><F77/><W91/><G0/><T18/><D9/><U26/><E26/><V40/><F40/><W130/><G11/><T83/><D50/><U47/><E39/><V124/><F124/><W37/><G37/><T93/><D83/><RYUUKYOKU ba="0,0" sc="362,-15,255,15,150,15,233,-15" hai1="29,30,31,47,68,69,71" hai2="17,19,56,62,66,76,78,80,84,89" /><INIT seed="5,1,0,0,2,22" ten="347,270,165,218" oya="1" hai0="122,131,75,64,30,53,97,20,43,59,79,51,45" hai1="12,56,26,6,63,120,128,118,61,88,130,3,69" hai2="105,99,117,133,134,129,25,111,9,24,135,83,49" hai3="98,52,74,38,57,126,7,1,66,113,121,84,13"/><U72/><E118/><V123/><F111/><W8/><G74/><T31/><D131/><N who="1" m="50219" /><E120/><V19/><F129/><W14/><G121/><T112/><D112/><U28/><E72/><V103/><F123/><W16/><G38/><T2/><D2/><U21/><E3/><V68/><F117/><W4/><G113/><T114/><D114/><U11/><E69/><V70/><F49/><W77/><G126/><T82/><D122/><U5/><E5/><V132/><N who="2" m="33792" /><DORA hai="115" /><V55/><F55/><W44/><G98/><T109/><D109/><U41/><BYE who="0" /><E41/><V96/><F83/><N who="3" m="47215" /><G1/><T108/><D108/><U32/><E32/><UN n0="%E4%BA%9C%E6%9C%88" /><V106/><F106/><W89/><G89/><T10/><D64/><U37/><E37/><V0/><F99/><W80/><G80/><T76/><D97/><U85/><E56/><V94/><F105/><W110/><G110/><T33/><D33/><U95/><AGARI ba="1,0" hai="6,11,12,21,26,28,61,63,85,88,95" m="50219" machi="95" ten="30,6000,0" yaku="19,1,52,1,54,1" doraHai="22,115" who="1" fromWho="1" sc="347,-21,270,63,165,-21,218,-21" /><INIT seed="5,2,0,5,2,118" ten="326,333,144,197" oya="1" hai0="22,120,13,31,74,107,23,90,132,69,45,101,106" hai1="43,75,129,10,12,68,30,60,108,24,87,83,80" hai2="19,39,21,70,94,35,89,26,111,82,41,114,17" hai3="81,84,123,29,112,93,86,58,110,59,37,49,38"/><U3/><E129/><V133/><F111/><W88/><G110/><T67/><D74/><U113/><E108/><V0/><F70/><W27/><G112/><T33/><D132/><U28/><E113/><V20/><F114/><W96/><G86/><T99/><D107/><U92/><E3/><V64/><F64/><W79/><G123/><T91/><D45/><U6/><E43/><V5/><F133/><W32/><REACH who="3" step="1"/><G49/><REACH who="3" ten="326,333,144,187" step="2"/><T72/><D72/><U63/><E75/><V47/><F82/><W124/><G124/><T103/><D99/><U85/><E80/><V66/><F66/><W100/><G100/><T119/><D101/><U127/><E127/><V128/><F128/><W97/><G97/><T98/><D98/><U57/><E85/><V1/><F35/><W52/><G52/><T44/><D103/><U18/><E83/><V14/><F5/><W16/><G16/><T62/><D67/><U130/><E130/><V122/><F122/><W53/><G53/><T50/><D120/><U71/><E18/><V102/><F102/><W51/><G51/><T15/><D50/><U56/><E87/><AGARI ba="2,1" hai="0,1,14,17,19,20,21,26,39,41,47,87,89,94" machi="87" ten="30,1000,0" yaku="7,1" doraHai="118" who="2" fromWho="1" sc="326,0,333,-16,144,26,187,0" /><INIT seed="6,0,0,4,4,41" ten="326,317,170,187" oya="2" hai0="51,12,36,66,40,60,86,98,44,2,67,14,97" hai1="134,53,16,127,50,45,88,111,85,1,110,115,20" hai2="77,124,131,26,135,24,101,30,103,116,29,4,99" hai3="69,87,52,96,18,25,113,7,93,47,82,9,68"/><V108/><F116/><W62/><G113/><T27/><D2/><U83/><E115/><V104/><F135/><W54/><G54/><T49/><D36/><U61/><E134/><V121/><F121/><W65/><G25/><T21/><D86/><U105/><E127/><V75/><F124/><W32/><G32/><T122/><D122/><U84/><E105/><V107/><F131/><W94/><G18/><T15/><D49/><U112/><E1/><V0/><F108/><W48/><G96/><N who="0" m="36971" /><D60/><U63/><E112/><V33/><F103/><W56/><G69/><T71/><D71/><U109/><REACH who="1" step="1"/><E84/><REACH who="1" ten="326,307,170,187" step="2"/><V89/><F104/><W19/><G68/><T23/><D23/><U133/><E133/><V64/><F0/><W90/><G7/><T55/><D40/><U46/><E46/><V8/><F4/><W37/><G37/><T78/><D78/><U43/><E43/><V119/><F77/><W100/><G100/><T128/><D128/><U91/><E91/><V118/><F89/><W132/><G132/><T130/><D130/><U76/><E76/><V58/><F75/><W129/><G129/><T72/><D72/><U59/><E59/><V125/><F125/><W11/><G47/><T35/><D35/><U79/><E79/><V34/><REACH who="2" step="1"/><F8/><REACH who="2" ten="326,307,160,187" step="2"/><W117/><G117/><T28/><AGARI ba="0,2" hai="12,14,15,21,27,28,44,51,55,66,67" m="36971" machi="28" ten="30,2000,0" yaku="8,1,52,1" doraHai="41" who="0" fromWho="0" sc="326,40,307,-5,160,-10,187,-5" /><INIT seed="7,0,0,3,2,28" ten="366,302,150,182" oya="3" hai0="50,98,27,128,40,19,129,79,78,30,73,8,63" hai1="89,11,33,72,135,131,51,122,39,85,48,83,91" hai2="22,88,64,70,81,62,54,18,94,71,119,49,42" hai3="80,106,67,132,114,69,103,117,34,20,58,115,41"/><W68/><G117/><T110/><D110/><U75/><E122/><V56/><F119/><W109/><G109/><T4/><D73/><U3/><E39/><V108/><F108/><W53/><G132/><T46/><D19/><U104/><E104/><V118/><F118/><W12/><G41/><T57/><D98/><U26/><E131/><N who="0" m="50249" /><D27/><U9/><E135/><V35/><F42/><W15/><G80/><T47/><D47/><U133/><E133/><V120/><F120/><W101/><G20/><T10/><D30/><U96/><E96/><V31/><F81/><W99/><G103/><T74/><D74/><U44/><E3/><V123/><F123/><W112/><G34/><T29/><D29/><U134/><E134/><V6/><F6/><W43/><G43/><T25/><D25/><U45/><E26/><V59/><F31/><W95/><G106/><T1/><D8/><U87/><E83/><V23/><F35/><AGARI ba="0,0" hai="9,11,33,35,44,45,48,51,72,75,85,87,89,91" machi="35" ten="25,6400,0" yaku="22,2,52,2" doraHai="28" who="1" fromWho="2" sc="366,0,302,64,150,-64,182,0" owari="366,46.6,366,16.6,86,-41.4,182,-21.8" /></mjloggm>