<mjloggm ver="2.3"><GO type="169" lobby="0"/><UN n0="%E5%8D%93%E4%B8%8A%E3%81%AE%E5%85%AC%E5%8B%99%E5%93%A1" n1="%E3%82%A4%E3%82%AB%E3%81%AB%E3%82%82%E6%9D%B1%E5%8C%97" n2="%E3%81%9F%E3%81%8B%E3%81%AA" n3="%E5%BE%A1%E5%BD%B1%E3%82%86%E3%81%9A%E3%81%8D" dan="16,16,19,17" rate="2125.79,2165.63,2241.74,2201.37" sx="M,M,M,M"/><TAIKYOKU oya="0"/><INIT seed="0,0,0,4,2,114" ten="250,250,250,250" oya="0" hai0="70,106,60,109,11,18,55,126,33,42,29,120,112" hai1="88,17,101,16,40,31,133,74,27,15,41,107,99" hai2="63,91,64,44,124,117,8,122,12,68,13,9,4" hai3="134,84,61,103,28,24,14,72,59,35,96,53,92"/><T20/><D42/><U48/><E74/><V23/><F122/><W57/><G72/><T69/><D55/><U77/><E77/><V36/><F124/><W43/><G134/><T34/><D60/><U94/><E133/><V52/><F23/><W73/><G73/><T116/><D11/><U110/><E110/><V58/><F91/><W45/><G59/><T6/><D6/><U105/><E105/><V118/><F44/><W76/><G14/><T90/><D18/><U81/><E81/><V26/><F26/><W95/><G76/><T100/><D20/><U0/><E0/><V71/><F36/><W83/><G83/><T132/><D29/><U115/><E115/><V89/><F89/><W25/><G84/><T113/><D90/><U135/><E135/><V46/><F46/><W37/><REACH who="3" step="1"/><G25/><REACH who="3" ten="250,250,250,240" step="2"/><T75/><D113/><U47/><E15/><V78/><F78/><W30/><G30/><T130/><D70/><U49/><E40/><V54/><F68/><W131/><G131/><T129/><D129/><U67/><E67/><V1/><F13/><W50/><G50/><T21/><D100/><U3/><E49/><V123/><F54/><W102/><G102/><T121/><D121/><U62/><E3/><V97/><F123/><W22/><G22/><T10/><D21/><N who="1" m="15855" /><E62/><V87/><F87/><W93/><AGARI ba="0,1" hai="24,28,35,37,43,45,53,57,61,92,93,95,96,103" machi="93" ten="20,2700,0" yaku="1,1,0,1,7,1,53,0" doraHai="114" doraHaiUra="80" who="3" fromWho="3" sc="250,-13,250,-7,250,-7,240,37" /><INIT seed="1,0,0,2,4,47" ten="237,243,243,277" oya="1" hai0="0,93,60,134,58,43,124,8,82,66,52,26,2" hai1="74,4,64,78,65,126,32,17,116,53,48,70,94" hai2="95,96,105,63,20,45,31,29,38,87,16,46,13" hai3="99,59,79,40,115,97,90,30,23,49,88,80,98"/><U15/><E116/><V119/><F119/><W41/><G115/><T7/><D134/><U36/><E36/><V135/><F135/><W56/><G30/><T71/><D124/><U109/><E32/><V42/><F45/><W61/><G23/><T50/><D43/><U18/><E126/><V81/><F63/><W24/><G24/><T125/><D125/><U19/><E70/><V34/><F105/><W62/><G49/><T107/><D107/><U44/><E109/><V54/><F54/><W69/><G69/><T128/><D128/><U3/><E3/><V89/><REACH who="2" step="1"/><F34/><REACH who="2" ten="237,243,233,277" step="2"/><W55/><G41/><T85/><D93/><U131/><E131/><V101/><AGARI ba="0,1" hai="13,16,20,29,31,38,42,46,81,87,89,95,96,101" machi="101" ten="20,12000,2" yaku="1,1,2,1,0,1,7,1,54,1,53,1" doraHai="47" doraHaiUra="91" who="2" fromWho="2" sc="237,-30,243,-60,233,130,277,-30" /><INIT seed="2,0,0,2,3,47" ten="207,183,363,247" oya="2" hai0="132,107,42,114,48,56,67,105,62,102,15,7,49" hai1="45,10,40,18,131,95,88,53,51,96,85,9,58" hai2="78,91,76,129,0,126,19,84,89,34,22,87,124" hai3="46,122,127,23,4,112,60,100,86,70,133,63,120"/><V99/><F34/><W29/><G100/><T74/><D74/><U111/><E111/><V61/><F0/><W54/><G4/><T21/><D114/><U50/><E131/><V92/><F61/><W32/><G32/><T108/><D108/><U121/><E121/><V123/><F22/><W101/><G101/><T79/><D42/><U43/><E43/><V33/><F33/><W16/><G112/><T82/><D132/><U28/><E28/><V55/><F19/><W13/><G133/><T75/><D102/><N who="1" m="60703" /><E18/><V24/><F24/><W134/><G134/><T72/><D72/><U17/><E17/><V93/><F55/><W12/><G29/><T117/><D117/><U115/><E115/><V44/><F44/><W6/><G70/><T8/><REACH who="0" step="1"/><D21/><REACH who="0" ten="197,183,363,247" step="2"/><U109/><E109/><V31/><F123/><W110/><G23/><T11/><D11/><U90/><E90/><V81/><F129/><W1/><G110/><T69/><D69/><U35/><E35/><V71/><F71/><W39/><G122/><T65/><D65/><U119/><E119/><V3/><F91/><W41/><G120/><T64/><D64/><U37/><E37/><V130/><F89/><W106/><G41/><T113/><D113/><U66/><E66/><V77/><F130/><W80/><G39/><T94/><D94/><AGARI ba="0,1" hai="9,10,40,45,50,51,53,58,85,88,94" m="60703" machi="94" ten="30,7700,0" yaku="8,1,52,2,54,1" doraHai="47" who="1" fromWho="0" sc="197,-77,183,87,363,0,247,0" /><INIT seed="3,0,0,0,5,45" ten="120,270,363,247" oya="3" hai0="128,22,126,94,59,19,63,135,66,60,0,4,123" hai1="82,32,53,61,40,105,85,103,6,90,111,92,18" hai2="75,58,69,11,73,131,2,98,89,1,44,34,65" hai3="74,107,99,112,78,52,14,9,41,24,30,57,15"/><W21/><G112/><T50/><D123/><U104/><E32/><V46/><F34/><W23/><G41/><T110/><D4/><U76/><E111/><V42/><F69/><W96/><G107/><T43/><D0/><U37/><E6/><V84/><F98/><W100/><G100/><T130/><D110/><U106/><E37/><V48/><F131/><N who="0" m="50218" /><D126/><U39/><E39/><V117/><F117/><W36/><G36/><T134/><D94/><U125/><E40/><V72/><F44/><W132/><G132/><N who="0" m="50731" /><D66/><U121/><E125/><V109/><F109/><W16/><G78/><T64/><D64/><U17/><E121/><V70/><F1/><W5/><REACH who="3" step="1"/><G74/><REACH who="3" ten="120,270,363,237" step="2"/><T33/><D33/><U51/><E103/><V26/><F73/><W124/><G124/><T25/><D43/><U102/><E102/><V12/><F72/><W95/><G95/><T31/><D31/><U129/><E129/><V91/><F75/><W83/><G83/><T88/><D88/><U77/><E77/><V133/><F133/><W120/><G120/><T7/><D7/><U27/><E76/><V119/><F89/><W56/><G56/><T35/><D35/><U80/><E80/><V47/><F58/><W68/><G68/><T115/><D115/><U13/><E82/><V113/><F113/><W3/><G3/><T10/><D10/><U122/><E122/><V93/><F2/><W116/><G116/><T127/><D127/><U114/><E114/><V67/><F119/><W49/><AGARI ba="0,1" hai="5,9,14,15,16,21,23,24,30,49,52,57,96,99" machi="49" ten="20,24000,3" yaku="1,1,0,1,7,1,8,1,52,1,54,2,53,1" doraHai="45" doraHaiUra="55" who="3" fromWho="3" sc="120,-80,270,-80,363,-80,237,250" /><INIT seed="3,1,0,4,1,135" ten="40,190,283,487" oya="3" hai0="41,22,8,109,24,108,29,0,7,57,98,37,16" hai1="84,28,72,9,12,130,96,33,54,115,13,128,122" hai2="59,58,19,75,95,36,134,66,114,52,43,18,133" hai3="27,39,104,11,31,73,47,117,90,92,82,38,70"/><W50/><G70/><T111/><D37/><U81/><E122/><V30/><F75/><W74/><G104/><T25/><D41/><U4/><E115/><V99/><F30/><W45/><G117/><T3/><D98/><U97/><E72/><V121/><F114/><W102/><G102/><T83/><D83/><U23/><E33/><V2/><F2/><W78/><G11/><T118/><D57/><U44/><E54/><V76/><F76/><W60/><G60/><T63/><D63/><U131/><E44/><N who="2" m="23655" /><F59/><W110/><G47/><T126/><D126/><U14/><E28/><V35/><F35/><W79/><G79/><T106/><D106/><U124/><E124/><V94/><F94/><W40/><G73/><T87/><D87/><U68/><E68/><V17/><F66/><W64/><G64/><T127/><D127/><U69/><E69/><V6/><F6/><W89/><G89/><T61/><D61/><U42/><E42/><V5/><F5/><W48/><G39/><T20/><D118/><U21/><E21/><V129/><F121/><W123/><G123/><T80/><D80/><U55/><E55/><V10/><F10/><W46/><G46/><T112/><D112/><U56/><E56/><V91/><F129/><W85/><REACH who="3" step="1"/><G110/><REACH who="3" ten="40,190,283,477" step="2"/><T107/><D107/><U103/><E103/><V93/><F133/><W1/><G1/><AGARI ba="1,1" hai="0,1,3,7,8,16,20,22,24,25,29,108,109,111" machi="1" ten="40,8000,1" yaku="14,1,34,3,54,1" doraHai="135" who="0" fromWho="3" sc="40,93,190,0,283,0,477,-83" /><INIT seed="4,0,0,2,5,3" ten="133,190,283,394" oya="0" hai0="13,90,121,59,30,14,73,54,99,29,66,133,78" hai1="80,120,64,50,122,115,92,106,11,40,89,112,100" hai2="18,27,107,8,117,102,56,91,95,88,82,83,123" hai3="19,125,126,38,93,1,71,22,87,65,2,67,7"/><T47/><D121/><N who="1" m="46699" /><E64/><N who="3" m="24650" /><G38/><T134/><D78/><U28/><E28/><N who="0" m="10857" /><D73/><U119/><E50/><V55/><F123/><W110/><G71/><T118/><D118/><U79/><E40/><V35/><F35/><W24/><G110/><T5/><D13/><U58/><E58/><V85/><F117/><W46/><G46/><T97/><D47/><U63/><E11/><V77/><F107/><W62/><G62/><T17/><D66/><U113/><E63/><V86/><F102/><W81/><G93/><N who="0" m="56503" /><D17/><U128/><E119/><V39/><F39/><W72/><G72/><T135/><D99/><N who="1" m="61727" /><E128/><V84/><F27/><W96/><G96/><T15/><D5/><U104/><E104/><V33/><F33/><W111/><G7/><T116/><D116/><U4/><E4/><V109/><F109/><W131/><G111/><T43/><D43/><U130/><E130/><V42/><F42/><W76/><G131/><T94/><D94/><U26/><E26/><V49/><F18/><W25/><G25/><T57/><D57/><U21/><E21/><V37/><F37/><W69/><G69/><T74/><D74/><N who="1" m="43127" /><E115/><V60/><F8/><W124/><AGARI ba="0,0" hai="1,2,19,22,24,76,81,87,124,125,126" m="24650" machi="124" ten="40,1500,0" yaku="18,1" doraHai="3" who="3" fromWho="3" sc="133,-7,190,-4,283,-4,394,15" /><INIT seed="5,0,0,5,4,11" ten="126,186,279,409" oya="1" hai0="15,95,104,103,8,35,129,43,126,18,54,68,51" hai1="59,36,85,128,119,73,1,87,27,50,123,72,30" hai2="41,5,23,67,64,115,20,47,22,57,74,100,89" hai3="45,44,14,102,133,118,78,56,121,19,88,113,71"/><U48/><E123/><V125/><F74/><W60/><G121/><T81/><D68/><U69/><E119/><V83/><F125/><W66/><G118/><T28/><D104/><U135/><E36/><V7/><F100/><W108/><G108/><T42/><D126/><U96/><E69/><V4/><F57/><W61/><G102/><T134/><D134/><U2/><E128/><V127/><F127/><W12/><G78/><T117/><D129/><U24/><E59/><V33/><F33/><W31/><G31/><T76/><D28/><U26/><E30/><V97/><F115/><W106/><G106/><T77/><D35/><U21/><E21/><V49/><F97/><W101/><G101/><T84/><D77/><U32/><E32/><V70/><F70/><W130/><G130/><T17/><D17/><U46/><E46/><V65/><F89/><W94/><G133/><T122/><D117/><U38/><E38/><V40/><F83/><W9/><G113/><T3/><D3/><N who="1" m="1035" /><E96/><V109/><F109/><W124/><G124/><T62/><D62/><U131/><E131/><V99/><F99/><N who="3" m="57799" /><G60/><T6/><D6/><U114/><E114/><V91/><F91/><W29/><G29/><T93/><D103/><U55/><E135/><V37/><F37/><W86/><G86/><N who="1" m="32778" /><E55/><AGARI ba="0,0" hai="4,5,7,20,22,23,40,41,47,49,55,64,65,67" machi="55" ten="50,6400,0" yaku="29,2,8,1" doraHai="11" who="2" fromWho="1" sc="126,0,186,-64,279,64,409,0" /><INIT seed="6,0,0,2,4,51" ten="126,122,343,409" oya="2" hai0="0,113,72,19,8,96,88,119,11,61,32,118,132" hai1="101,13,48,123,100,112,108,66,5,122,57,84,114" hai2="97,62,12,76,116,64,47,99,45,67,86,93,110" hai3="130,77,129,70,54,59,69,23,75,105,87,128,83"/><V16/><F116/><N who="0" m="44586" /><D72/><U60/><E108/><V74/><F74/><W15/><G105/><T29/><D132/><U31/><E31/><V133/><F133/><W7/><G75/><T18/><D113/><N who="1" m="43627" /><E84/><V21/><F110/><W10/><G23/><T82/><D61/><AGARI ba="0,0" hai="7,10,15,54,59,61,69,70,77,83,87,128,129,130" machi="61" ten="40,2600,0" yaku="19,1,52,1" doraHai="51" who="3" fromWho="0" sc="126,-26,122,0,343,0,409,26" /><INIT seed="7,0,0,3,5,73" ten="100,122,343,435" oya="3" hai0="11,58,34,24,25,65,69,91,107,40,121,10,23" hai1="96,94,1,19,131,134,71,81,37,18,105,6,72" hai2="85,102,119,84,108,126,83,132,29,12,14,51,74" hai3="2,67,59,13,110,62,3,128,61,41,116,53,52"/><W33/><G116/><T20/><D69/><U118/><E37/><V123/><F119/><W64/><G33/><T130/><D107/><U26/><E71/><V79/><F108/><W17/><G110/><T56/><D91/><U95/><E118/><V93/><F126/><W88/><G41/><T70/><D70/><U89/><E131/><V117/><F117/><W7/><G128/><T55/><D130/><U99/><E105/><V98/><F132/><W47/><G88/><T36/><D34/><U90/><E134/><V106/><F123/><W129/><G129/><T109/><D109/><U9/><E26/><V77/><F29/><W87/><G87/><T125/><D40/><U38/><E38/><V101/><F51/><W30/><G30/><T60/><D36/><U68/><E68/><V66/><F66/><W0/><G7/><T63/><D125/><U104/><E104/><V97/><F74/><W75/><G75/><T92/><D92/><U50/><E50/><V49/><F49/><W80/><G47/><T43/><D43/><U44/><E44/><V76/><REACH who="2" step="1"/><F85/><REACH who="2" ten="100,122,333,435" step="2"/><W82/><G64/><T54/><REACH who="0" step="1"/><D65/><REACH who="0" ten="90,122,333,435" step="2"/><U114/><E72/><V35/><F35/><W100/><G67/><T122/><AGARI ba="0,2" hai="10,11,20,23,24,25,54,55,56,58,60,63,121,122" machi="122" ten="25,12000,2" yaku="1,1,2,1,0,1,22,2,53,2" doraHai="73" doraHaiUra="22" who="0" fromWho="0" sc="90,140,122,-30,333,-30,435,-60" owari="230,-17.0,92,-40.8,303,10.3,375,47.5" /></mjloggm>