<mjloggm ver="2.3"><GO type="169" lobby="0"/><UN n0="%E6%A8%AA%E6%B5%9C%E3%81%AE%E3%81%B2%E3%82%88%E3%81%93" n1="%E5%B5%8C%E5%85%AB" n2="%4D%41%43%4F%54%4F" n3="%E5%B0%8F%E5%AE%AE%E7%95%B3%E5%BA%97" dan="16,16,16,16" rate="2141.07,2108.19,2064.11,2090.96" sx="M,M,F,M"/><TAIKYOKU oya="0"/><INIT seed="0,0,0,2,0,40" ten="250,250,250,250" oya="0" hai0="105,38,115,134,84,123,67,27,133,96,2,5,14" hai1="112,89,46,23,128,73,98,51,10,22,37,100,53" hai2="16,62,28,26,18,42,103,110,54,1,35,113,65" hai3="47,76,104,116,114,88,90,109,79,125,15,21,122"/><T135/><D115/><U95/><E128/><V20/><F113/><W7/><G104/><T108/><D123/><U94/><E73/><V32/><F1/><W19/><G114/><T77/><D108/><U44/><E112/><V80/><F110/><W111/><G116/><T118/><D118/><U39/><E39/><V64/><F103/><W9/><G122/><T71/><D2/><U69/><E69/><V92/><F42/><W121/><G121/><T93/><D38/><U36/><E36/><V87/><F92/><W82/><G111/><T3/><D3/><U63/><E63/><V58/><F35/><W43/><G109/><T56/><D71/><U126/><E126/><V60/><F32/><W132/><G132/><T25/><D105/><U97/><E37/><V4/><F4/><W124/><G79/><T130/><D130/><U41/><E41/><V52/><F64/><W70/><G70/><T81/><D56/><N who="1" m="32831" /><E10/><V61/><F65/><W78/><G78/><T29/><D67/><U131/><E131/><V75/><F75/><W106/><G106/><T85/><D85/><U6/><E6/><V34/><F34/><W17/><G125/><T11/><REACH who="0" step="1"/><D29/><REACH who="0" ten="240,250,250,250" step="2"/><U91/><E100/><AGARI ba="0,1" hai="5,11,14,25,27,77,81,84,93,96,100,133,134,135" machi="100" ten="40,7700,0" yaku="1,1,2,1,20,1,53,0" doraHai="40" doraHaiUra="120" who="0" fromWho="1" sc="240,87,250,-77,250,0,250,0" /><INIT seed="0,1,0,0,2,85" ten="327,173,250,250" oya="0" hai0="76,48,83,62,55,98,54,53,131,127,102,108,78" hai1="39,94,65,106,21,1,68,101,66,51,69,75,125" hai2="27,128,44,130,119,13,58,46,45,16,28,5,117" hai3="77,111,34,105,113,49,42,118,32,88,59,112,116"/><T120/><D120/><U96/><E39/><V97/><F5/><W99/><G59/><T134/><D131/><N who="2" m="50218" /><F58/><W9/><G49/><T79/><D134/><U29/><E1/><V121/><F121/><W43/><G9/><T71/><D127/><U122/><E122/><V82/><F97/><W36/><G36/><T95/><D108/><U15/><E75/><V3/><F82/><W22/><G22/><T92/><D92/><U56/><E125/><V132/><F3/><W63/><G63/><T18/><D18/><U24/><E106/><V17/><F132/><W57/><G57/><T10/><D10/><U114/><E114/><N who="3" m="44138" /><G77/><T100/><D48/><U7/><E66/><V91/><F17/><W126/><G105/><T6/><D6/><U11/><REACH who="1" step="1"/><E51/><REACH who="1" ten="327,163,250,250" step="2"/><V4/><F117/><N who="3" m="45163" /><G126/><T70/><D62/><AGARI ba="1,1" hai="7,11,15,21,24,29,56,62,65,68,69,94,96,101" machi="62" ten="40,8000,1" yaku="1,1,25,2,53,1" doraHai="85" doraHaiUra="61" who="1" fromWho="0" sc="327,-83,163,93,250,0,250,0" /><INIT seed="1,0,0,2,1,22" ten="244,256,250,250" oya="1" hai0="100,59,54,49,24,28,65,67,113,45,40,125,4" hai1="118,109,62,23,107,56,5,72,93,129,13,115,101" hai2="74,99,50,42,70,89,55,26,75,8,44,119,52" hai3="108,112,21,106,110,126,86,132,114,30,95,64,63"/><U130/><E115/><N who="3" m="44074" /><G106/><T102/><D113/><U105/><E118/><V37/><F70/><W18/><G95/><T90/><D125/><U122/><E122/><V43/><F119/><W80/><G30/><T46/><D4/><U76/><E109/><N who="3" m="42090" /><G126/><T135/><D135/><U9/><E72/><V47/><F8/><W85/><G80/><T19/><D19/><U116/><E116/><V77/><F75/><W78/><G78/><T83/><D46/><U36/><E36/><V1/><F1/><W103/><G103/><T127/><D127/><U120/><E76/><V3/><F3/><W133/><G63/><T2/><D2/><U131/><E120/><V60/><F77/><W20/><G64/><T29/><D29/><U25/><E93/><V57/><F74/><W31/><G31/><T111/><D111/><U124/><E101/><V27/><F99/><W6/><G6/><T33/><D102/><U91/><E91/><V123/><F123/><W12/><BYE who="2" /><G21/><T39/><REACH who="0" step="1"/><D100/><REACH who="0" ten="234,256,250,250" step="2"/><U41/><E124/><V14/><F14/><W34/><G34/><T121/><D121/><U94/><E13/><V11/><F11/><W17/><G17/><T16/><D16/><U81/><E9/><V68/><F68/><W58/><G58/><T84/><AGARI ba="0,1" hai="24,28,33,39,40,45,49,54,59,65,67,83,84,90" machi="84" ten="30,7900,0" yaku="1,1,0,1,52,1,53,1" doraHai="22" doraHaiUra="82" who="0" fromWho="0" sc="234,89,256,-39,250,-20,250,-20" /><UN n2="%4D%41%43%4F%54%4F" /><INIT seed="2,0,0,3,1,66" ten="323,217,230,230" oya="2" hai0="69,75,132,77,106,8,20,54,117,4,102,47,97" hai1="7,80,18,128,112,59,14,50,114,43,38,23,116" hai2="2,115,30,53,73,57,87,74,89,32,95,1,109" hai3="121,70,58,0,126,46,93,49,33,100,3,13,44"/><V17/><F115/><W37/><G121/><T26/><D132/><U67/><E116/><V9/><F109/><W79/><G33/><T120/><D120/><U131/><E38/><V45/><F45/><W105/><G105/><T83/><D117/><U40/><E7/><V34/><F1/><W29/><G29/><T76/><D76/><U90/><E40/><V35/><F30/><W5/><G126/><T65/><D54/><N who="1" m="32215" /><E67/><V63/><REACH who="2" step="1"/><F17/><REACH who="2" ten="323,217,220,230" step="2"/><W118/><G46/><T133/><D47/><U22/><E43/><V60/><F60/><W119/><G118/><T96/><D133/><U123/><E123/><V129/><F129/><W92/><G37/><T52/><D4/><AGARI ba="0,1" hai="2,4,9,32,34,35,53,57,63,73,74,87,89,95" machi="4" ten="40,2000,0" yaku="1,1,53,0" doraHai="66" doraHaiUra="113" who="2" fromWho="0" sc="323,-20,217,0,220,30,230,0" /><INIT seed="2,1,0,4,5,108" ten="303,217,250,230" oya="2" hai0="42,32,93,110,60,123,69,31,11,0,5,112,9" hai1="3,88,1,135,15,62,21,70,101,132,91,8,100" hai2="66,97,72,107,46,54,7,114,58,38,130,28,4" hai3="6,45,106,47,34,57,117,18,124,76,86,17,95"/><V103/><F114/><W10/><G106/><T127/><D123/><U63/><E21/><V113/><F72/><W116/><G34/><T92/><D112/><U56/><E56/><V27/><F113/><W24/><G124/><T14/><D110/><U50/><E50/><V98/><F130/><W99/><G117/><T120/><D120/><U82/><E15/><V84/><F84/><W36/><G116/><T51/><D127/><U35/><E8/><V64/><F98/><W73/><G24/><T80/><D31/><U126/><E126/><V105/><F105/><W13/><G73/><T119/><D32/><U87/><E35/><V89/><F89/><W90/><G57/><T53/><D42/><U37/><E37/><V128/><F128/><W48/><G45/><T77/><D60/><U67/><E87/><V20/><F46/><W109/><G36/><T41/><D69/><U96/><E96/><V79/><F79/><W49/><G49/><T83/><D41/><U16/><E16/><V115/><F38/><W111/><G111/><T118/><D118/><U65/><REACH who="1" step="1"/><E82/><REACH who="1" ten="303,207,250,230" step="2"/><V71/><F20/><W129/><G129/><T122/><D80/><U133/><E133/><V55/><F58/><W29/><G29/><T23/><D23/><U26/><E26/><V2/><F27/><W33/><G33/><T134/><D134/><U12/><E12/><V44/><F28/><W52/><G109/><T68/><D14/><U19/><E19/><V94/><F115/><W78/><G86/><T125/><D119/><U25/><E25/><V61/><F97/><W30/><G30/><RYUUKYOKU ba="1,1" sc="303,-15,207,15,250,-15,230,15" hai1="1,3,62,63,65,67,70,88,91,100,101,132,135" hai3="6,10,13,17,18,47,48,52,76,78,90,95,99" /><INIT seed="3,2,1,1,3,126" ten="288,222,235,245" oya="3" hai0="115,78,97,59,44,62,75,108,66,77,104,70,34" hai1="58,88,107,1,33,67,12,119,71,79,9,32,92" hai2="120,24,100,29,10,16,2,130,128,94,68,65,0" hai3="35,23,69,124,83,91,102,86,39,60,122,98,109"/><W37/><G122/><T96/><D108/><U49/><E107/><V64/><F120/><W61/><G124/><T76/><D115/><U43/><E1/><V101/><F68/><W131/><G109/><T17/><D75/><U87/><E71/><V132/><F132/><W117/><G117/><T99/><D70/><U72/><E119/><V21/><F0/><W114/><G114/><T30/><D34/><U95/><E67/><N who="2" m="25675" /><F94/><W81/><G69/><T129/><D30/><U22/><E72/><V51/><F51/><W20/><G35/><T90/><D104/><U111/><E79/><V105/><F105/><W85/><G91/><T26/><D44/><U54/><E43/><V28/><F2/><W127/><G127/><T125/><D90/><U7/><E111/><V38/><F38/><W135/><G98/><T55/><D66/><U134/><E134/><V36/><F36/><W27/><G27/><T74/><D74/><U116/><E116/><V8/><F8/><W15/><G15/><T84/><D84/><U47/><E47/><V113/><F113/><W52/><G135/><T103/><D125/><U5/><E33/><V118/><F118/><W123/><G123/><T13/><D26/><U93/><E32/><V19/><F19/><W48/><G48/><T46/><D46/><U110/><E110/><V41/><F41/><W50/><G50/><T57/><D17/><N who="1" m="10535" /><E7/><V11/><F11/><W106/><G106/><T112/><D112/><U14/><AGARI ba="2,1" hai="5,9,14,49,54,58,87,88,92,93,95" m="10535" machi="14" ten="30,4000,0" yaku="25,1,8,1,54,1" doraHai="126" who="1" fromWho="1" sc="288,-12,222,56,235,-12,245,-22" /><INIT seed="4,0,0,2,0,100" ten="276,278,223,223" oya="0" hai0="42,26,106,14,81,13,71,108,17,76,44,59,92" hai1="64,132,77,33,12,51,112,67,116,45,24,10,32" hai2="104,130,133,1,117,126,34,0,93,36,110,72,63" hai3="2,82,68,61,73,57,95,105,7,23,69,54,6"/><T9/><D71/><U74/><E116/><V49/><F49/><W18/><G105/><T28/><D108/><U98/><E132/><V58/><F58/><W125/><G125/><T135/><D135/><U40/><E112/><V85/><F63/><W80/><G68/><T66/><D14/><U31/><E32/><V109/><F93/><W48/><G2/><T11/><D92/><U3/><E3/><V35/><F85/><W4/><G73/><T62/><D106/><U25/><E25/><V5/><F5/><W41/><G69/><T101/><D101/><U22/><E98/><V56/><F56/><W39/><G39/><T84/><D9/><U8/><E33/><V47/><F47/><N who="3" m="25711" /><G95/><T118/><D118/><U94/><E94/><V97/><F97/><W86/><G86/><T124/><D124/><U122/><E122/><V53/><F53/><W127/><G127/><T16/><D17/><U120/><E10/><V131/><F35/><W46/><G46/><T99/><D99/><U43/><E43/><V60/><F0/><W113/><G113/><T119/><D119/><U27/><E120/><V115/><F110/><W102/><G102/><T103/><D103/><U37/><E37/><V75/><F75/><W129/><G129/><T21/><D44/><U107/><E107/><V83/><F83/><W30/><G30/><T88/><D42/><U96/><E96/><V123/><F60/><W79/><G79/><AGARI ba="0,0" hai="11,13,16,21,26,28,59,62,66,76,79,81,84,88" machi="79" ten="40,7700,0" yaku="8,1,54,2" doraHai="100" who="0" fromWho="3" sc="276,77,278,0,223,0,223,-77" /><INIT seed="4,1,0,5,3,47" ten="353,278,223,146" oya="0" hai0="42,83,48,19,125,103,11,55,8,10,100,26,3" hai1="30,86,22,52,79,61,92,69,85,14,15,97,40" hai2="53,54,16,117,122,57,62,94,73,108,28,39,49" hai3="123,44,128,45,72,9,132,35,21,38,116,29,112"/><T96/><D125/><U99/><E40/><V130/><F122/><W104/><RYUUKYOKU type="yao9" ba="1,0" sc="353,0,278,0,223,0,146,0" hai3="9,21,29,35,38,44,45,72,104,112,116,123,128,132" /><INIT seed="4,2,0,0,0,41" ten="353,278,223,146" oya="0" hai0="124,104,50,26,125,92,28,46,44,77,131,82,31" hai1="127,120,61,45,10,128,23,81,130,68,88,93,29" hai2="16,12,60,25,72,134,113,53,135,122,54,3,75" hai3="129,33,91,66,13,4,85,102,47,121,63,98,62"/><T51/><D104/><U119/><E119/><V1/><F122/><W49/><G121/><T57/><D92/><U35/><E120/><V117/><F113/><W110/><G110/><T103/><D103/><U2/><E127/><N who="0" m="48713" /><D131/><N who="1" m="50219" /><E35/><V67/><F25/><W22/><G33/><N who="0" m="20631" /><D31/><U78/><E23/><V9/><F117/><W37/><G37/><T70/><D70/><U30/><E45/><N who="0" m="17513" /><D57/><U11/><E30/><V114/><F114/><W87/><G129/><T116/><D116/><U132/><E29/><V34/><F34/><W101/><G102/><T56/><D56/><U21/><E68/><V74/><F1/><W19/><G101/><T5/><D5/><U123/><E2/><V105/><F3/><W39/><G4/><T40/><D40/><U73/><E123/><V112/><F112/><W76/><G39/><T18/><D18/><U84/><E21/><V99/><F105/><W71/><G98/><T94/><D94/><U69/><E132/><N who="2" m="50731" /><F99/><W83/><G71/><AGARI ba="2,0" hai="9,12,16,53,54,60,67,71,72,74,75" m="50731" machi="71" ten="40,2600,0" yaku="20,1,54,1" doraHai="41" who="2" fromWho="3" sc="353,0,278,0,223,32,146,-32" /><INIT seed="5,0,0,5,1,127" ten="353,278,255,114" oya="1" hai0="39,79,25,11,54,15,4,24,111,75,122,95,99" hai1="61,84,13,8,130,31,112,1,14,133,55,5,98" hai2="116,7,46,34,27,16,108,128,132,58,6,105,107" hai3="69,29,125,129,110,117,3,93,10,89,62,28,87"/><U32/><E112/><V35/><F116/><W9/><G110/><T120/><D111/><U26/><E133/><V17/><F108/><W66/><G117/><T96/><D39/><U37/><E37/><V92/><F132/><W104/><G125/><T114/><D114/><U50/><E61/><V12/><F46/><W85/><G104/><T18/><D79/><U57/><E98/><V51/><F51/><W124/><G124/><T23/><D75/><U80/><REACH who="1" step="1"/><E130/><REACH who="1" ten="353,268,255,114" step="2"/><V83/><F128/><W45/><G129/><T49/><D99/><U77/><AGARI ba="0,1" hai="1,5,8,13,14,26,31,32,50,55,57,77,80,84" machi="77" ten="20,7800,0" yaku="1,1,2,1,0,1,7,1,53,0" doraHai="127" doraHaiUra="135" who="1" fromWho="1" sc="353,-26,268,88,255,-26,114,-26" /><INIT seed="5,1,0,0,1,7" ten="327,356,229,88" oya="1" hai0="109,78,37,75,32,66,82,123,131,81,41,126,120" hai1="97,68,122,61,21,102,105,15,34,0,112,47,99" hai2="86,43,5,46,74,80,31,117,13,53,111,62,134" hai3="39,84,30,35,36,113,115,116,24,20,124,69,26"/><U125/><E122/><N who="0" m="46633" /><D109/><U67/><E112/><N who="3" m="43082" /><G69/><T16/><D131/><U28/><E125/><V44/><F117/><W19/><G124/><T104/><D32/><U18/><E99/><V49/><F74/><W63/><G63/><T23/><D104/><U95/><E0/><V51/><F134/><W135/><G135/><T17/><D66/><U10/><E95/><V6/><F31/><W3/><G3/><T45/><D126/><U55/><E47/><V29/><F29/><W14/><G116/><T100/><D100/><U9/><E55/><V52/><F111/><W83/><G26/><AGARI ba="1,0" hai="9,10,15,18,21,26,28,34,61,67,68,97,102,105" machi="26" ten="40,12000,1" yaku="25,2,52,2" doraHai="7" who="1" fromWho="3" sc="327,0,356,123,229,0,88,-123" owari="327,12.7,479,57.9,229,-17.1,-35,-53.5" /></mjloggm>