<mjloggm ver="2.3"><GO type="169" lobby="0"/><UN n0="%46%E5%92%B8%E9%AD%9A%E5%92%B8%E9%AD%9A%E5%92%B8" n1="%44%61%6C%69" n2="%E6%9C%88%E5%A4%9C%E3%81%AB%E9%A2%A8" n3="%62%73%64%5F%33" dan="16,17,16,17" rate="2073.80,2199.23,2050.40,2152.33" sx="M,M,M,F"/><TAIKYOKU oya="0"/><INIT seed="0,0,0,0,5,79" ten="250,250,250,250" oya="0" hai0="10,7,81,34,39,84,35,112,61,123,60,108,91" hai1="113,129,42,22,114,64,106,68,36,107,76,1,85" hai2="29,78,83,62,100,87,130,11,12,44,94,15,5" hai3="118,110,8,50,105,25,111,45,127,18,120,71,59"/><T104/><D112/><N who="1" m="43115" /><E1/><V74/><F130/><W57/><G71/><T54/><D123/><U30/><E129/><V51/><F62/><W37/><G118/><T6/><D104/><U72/><E72/><V40/><F29/><W80/><G105/><T117/><D117/><U73/><E73/><V56/><F56/><W124/><G120/><T46/><D6/><U116/><E116/><V55/><F74/><W101/><G101/><T17/><D108/><N who="3" m="41513" /><G37/><T69/><D17/><U119/><E119/><V133/><F133/><W115/><G115/><T66/><D61/><N who="1" m="39951" /><E42/><V20/><F40/><W49/><G80/><T135/><D135/><U32/><E32/><V122/><F122/><W23/><G8/><T4/><D4/><U128/><E36/><V9/><F20/><W65/><G65/><T75/><D75/><U28/><E128/><V109/><F109/><W26/><G50/><T126/><D39/><U27/><E30/><V0/><REACH who="2" step="1"/><F11/><REACH who="2" ten="250,250,240,250" step="2"/><W86/><G59/><T3/><REACH who="0" step="1"/><D126/><REACH who="0" ten="240,250,240,250" step="2"/><U67/><E67/><V90/><F90/><W43/><G127/><T41/><D41/><U48/><E48/><AGARI ba="0,2" hai="3,7,10,34,35,46,48,54,60,66,69,81,84,91" machi="48" ten="40,3900,0" yaku="1,1,52,1,53,0" doraHai="79" doraHaiUra="70" who="0" fromWho="1" sc="240,59,250,-39,240,0,250,0" /><INIT seed="0,1,0,5,2,15" ten="299,211,240,250" oya="0" hai0="87,103,11,49,2,134,111,22,46,133,85,115,45" hai1="120,98,48,39,92,42,12,112,8,88,105,43,1" hai2="74,13,125,5,52,18,101,124,72,16,107,126,57" hai3="66,130,84,23,96,0,6,127,131,94,47,90,70"/><T132/><D115/><U32/><E120/><V58/><F5/><W99/><G127/><T38/><D103/><U30/><E1/><V82/><F13/><W21/><G70/><T80/><D111/><U91/><E39/><V79/><F74/><W119/><G119/><T128/><D128/><N who="3" m="49193" /><G66/><T93/><D38/><U76/><E76/><V62/><F58/><W102/><G47/><T118/><D118/><U35/><E105/><V64/><F64/><W71/><G71/><T36/><D36/><U41/><E112/><V110/><F110/><W25/><G99/><AGARI ba="1,0" hai="16,18,52,57,62,72,79,82,99,101,107,124,125,126" machi="99" ten="40,8000,1" yaku="18,1,52,2,54,2" doraHai="15" who="2" fromWho="3" sc="299,0,211,0,240,83,250,-83" /><INIT seed="1,0,0,3,1,109" ten="299,211,323,167" oya="1" hai0="59,96,122,23,3,47,38,104,15,77,61,43,36" hai1="64,101,19,33,7,31,39,28,13,125,29,66,9" hai2="126,0,67,117,119,60,93,75,85,81,21,58,2" hai3="123,18,32,72,90,83,69,82,89,80,132,27,20"/><U24/><E39/><V118/><F126/><W102/><G123/><T97/><D3/><U25/><E101/><V5/><F75/><W55/><G69/><T110/><D110/><U116/><E64/><V84/><F5/><W106/><G132/><T70/><D122/><U133/><E66/><V98/><F21/><W57/><G27/><N who="1" m="10314" /><E133/><V11/><F11/><W134/><G134/><T50/><D70/><U62/><E62/><V6/><F6/><W46/><G32/><T108/><D108/><U49/><E49/><V26/><F26/><W76/><G46/><T56/><D77/><U91/><E91/><V103/><REACH who="2" step="1"/><F85/><REACH who="2" ten="299,211,313,167" step="2"/><W41/><G72/><T44/><D23/><N who="1" m="11759" /><E125/><V1/><F1/><W115/><G20/><T105/><D36/><U114/><E116/><V14/><F14/><W71/><G18/><T16/><D15/><N who="1" m="5567" /><E33/><V120/><F120/><W40/><G76/><AGARI ba="0,1" hai="0,2,58,60,67,76,81,84,93,98,103,117,118,119" machi="76" ten="40,1300,0" yaku="1,1,53,0" doraHai="109" doraHaiUra="65" who="2" fromWho="3" sc="299,0,211,0,313,23,167,-13" /><INIT seed="2,0,0,3,0,87" ten="299,211,336,154" oya="2" hai0="101,127,42,51,46,40,77,34,37,27,53,54,70" hai1="134,83,3,106,21,5,135,61,122,47,82,73,38" hai2="49,133,15,60,112,92,55,107,0,85,109,113,28" hai3="117,57,44,116,68,11,20,65,45,93,16,125,76"/><V64/><F0/><W99/><G125/><T9/><D127/><U100/><E21/><V71/><F107/><W8/><G68/><T103/><D77/><N who="1" m="44335" /><E61/><V79/><F133/><W74/><G74/><T19/><D70/><U13/><E13/><V39/><F109/><W63/><G76/><T123/><D123/><U104/><E83/><V108/><F108/><W14/><G117/><T6/><D34/><U130/><E130/><V131/><F131/><W23/><G116/><T43/><D37/><U81/><E81/><V128/><F39/><W12/><G23/><N who="0" m="13823" /><D54/><U90/><E5/><V94/><F28/><W31/><G31/><T91/><D91/><U56/><E3/><V105/><F105/><W110/><G110/><T4/><D9/><U10/><E10/><V66/><F128/><W115/><G115/><T80/><D80/><U69/><E104/><V62/><F79/><W35/><G35/><T89/><D89/><U97/><E90/><V95/><F85/><W1/><G1/><T129/><D129/><U86/><E86/><V114/><F15/><W18/><G20/><T124/><D124/><U36/><E122/><V58/><REACH who="2" step="1"/><F113/><REACH who="2" ten="299,211,326,154" step="2"/><W2/><G2/><T118/><D118/><U126/><E38/><V22/><F22/><W48/><G48/><T32/><D32/><U50/><E36/><V26/><F26/><W41/><G41/><T121/><D121/><U119/><E126/><V84/><F84/><W96/><G96/><T132/><D132/><U72/><E119/><V24/><F24/><W33/><G33/><T25/><D25/><U102/><E134/><RYUUKYOKU ba="0,1" sc="299,10,211,-30,326,10,154,10" hai0="4,6,40,42,43,46,51,53,101,103" hai2="49,55,58,60,62,64,66,71,92,94,95,112,114" hai3="8,11,12,14,16,18,44,45,57,63,65,93,99" /><INIT seed="2,1,1,5,5,82" ten="309,181,336,164" oya="2" hai0="106,70,27,5,57,14,120,0,46,20,50,84,128" hai1="71,38,8,88,19,68,25,109,64,72,22,80,95" hai2="123,73,97,74,15,76,59,102,115,133,124,29,16" hai3="121,54,99,37,78,34,13,17,39,126,12,117,7"/><V83/><F115/><W53/><G34/><T101/><D120/><U69/><E38/><V42/><F123/><W47/><G121/><T2/><D70/><U41/><E109/><V81/><F124/><W51/><G117/><T35/><D128/><U10/><E41/><V77/><F133/><W23/><G126/><T92/><D57/><U61/><E72/><V110/><F110/><W3/><G3/><T26/><D35/><U103/><E80/><V105/><F59/><W30/><G30/><T4/><D106/><U58/><REACH who="1" step="1"/><E103/><REACH who="1" ten="309,171,336,164" step="2"/><V119/><F42/><W55/><G37/><T127/><D101/><U49/><E49/><V63/><F119/><W9/><G39/><T113/><D50/><U45/><E45/><V67/><F63/><W75/><G75/><T98/><D46/><U89/><E89/><V32/><F32/><W116/><G116/><T100/><D100/><U66/><E66/><V36/><F36/><W94/><G78/><T112/><D127/><U90/><E90/><AGARI ba="1,2" hai="7,9,12,13,17,23,47,51,53,54,55,90,94,99" machi="90" ten="30,2000,0" yaku="7,1,8,1" doraHai="82" who="3" fromWho="1" sc="309,0,171,-23,336,0,164,43" /><INIT seed="3,0,0,2,5,104" ten="309,148,336,207" oya="3" hai0="44,132,86,91,13,17,6,76,27,58,122,5,62" hai1="125,18,1,118,110,3,61,23,92,114,82,64,0" hai2="96,100,29,69,41,21,33,119,15,75,16,46,53" hai3="90,20,107,51,60,120,117,88,48,103,59,11,83"/><W19/><G117/><T133/><D122/><U54/><E114/><V77/><F119/><W102/><G120/><T26/><D76/><U2/><E118/><V30/><F69/><W78/><G11/><T40/><D5/><U45/><E110/><V70/><F70/><W63/><G107/><T128/><D6/><U35/><E35/><V99/><F53/><W115/><G115/><T49/><D128/><U55/><E125/><V93/><F96/><W42/><G103/><T129/><D129/><U126/><E126/><V106/><F106/><W94/><G102/><T73/><D73/><U98/><E82/><V47/><F33/><W105/><G105/><T56/><D133/><U8/><E45/><V71/><F71/><W9/><G9/><N who="0" m="6319" /><D132/><U116/><E8/><V24/><F75/><W87/><G42/><T112/><D112/><U109/><E109/><V12/><F77/><W134/><G90/><T85/><D58/><U80/><E80/><V81/><F81/><W89/><G89/><T97/><D97/><U57/><N who="1" m="0" /><DORA hai="124" /><U39/><E39/><V131/><F46/><W66/><G60/><T4/><D4/><U52/><E116/><V95/><F95/><W37/><G37/><T50/><D50/><U14/><REACH who="1" step="1"/><E64/><REACH who="1" ten="309,138,336,207" step="2"/><V101/><F131/><W113/><G113/><T84/><D91/><AGARI ba="0,1" hai="14,18,23,52,54,55,57,61,91,92,98" m="0" machi="91" ten="70,12000,2" yaku="1,1,2,1,54,1,53,4" doraHai="104,124" doraHaiUra="32,7" who="1" fromWho="0" sc="309,-120,138,130,336,0,207,0" /><INIT seed="4,0,0,1,3,5" ten="189,268,336,207" oya="0" hai0="132,9,135,124,12,47,48,123,38,86,35,28,94" hai1="129,27,21,39,1,100,68,58,110,82,119,4,14" hai2="15,45,18,99,20,77,53,107,34,76,25,95,85" hai3="63,55,114,130,78,3,75,0,23,52,118,79,33"/><T102/><D123/><U69/><E110/><V93/><F107/><W127/><G33/><T31/><D124/><U83/><E39/><V71/><F71/><W101/><G118/><T134/><D38/><U70/><E119/><V37/><F34/><W111/><G111/><T7/><D35/><U44/><E129/><V54/><F85/><W19/><G130/><T73/><D73/><U121/><E121/><V22/><F37/><W109/><G109/><T49/><D49/><U29/><E100/><V42/><F42/><W108/><G114/><T2/><D2/><U13/><E58/><V113/><F95/><W56/><G127/><T133/><N who="0" m="33792" /><DORA hai="103" /><T81/><D94/><U120/><E120/><V92/><F92/><W57/><G101/><T8/><D8/><U60/><E60/><V112/><F112/><W106/><G106/><T96/><D96/><U11/><E44/><V10/><F22/><W122/><G122/><T65/><D65/><U126/><E126/><V26/><F26/><N who="3" m="14719" /><G108/><T36/><D36/><U87/><REACH who="1" step="1"/><E83/><REACH who="1" ten="189,258,336,207" step="2"/><V131/><F131/><W62/><G75/><T104/><D102/><U105/><E105/><V91/><F45/><W50/><G63/><T74/><D104/><U40/><E40/><V67/><F113/><W30/><G62/><T72/><D72/><U128/><E128/><V64/><F64/><W90/><G56/><T24/><D74/><U66/><E66/><V89/><F67/><W117/><G117/><T116/><D116/><U43/><E43/><V115/><F115/><W41/><G57/><T84/><D81/><U32/><E32/><RYUUKYOKU ba="0,1" sc="189,-10,258,30,336,-10,207,-10" hai1="1,4,11,13,14,21,27,29,68,69,70,82,87" /><INIT seed="5,1,1,5,3,21" ten="179,288,326,197" oya="1" hai0="49,7,10,44,9,39,24,16,132,35,62,34,86" hai1="130,2,108,27,134,89,94,76,83,97,110,6,70" hai2="79,104,73,99,92,42,90,127,125,63,77,126,12" hai3="123,23,95,48,46,71,4,111,15,58,120,98,14"/><U69/><E6/><V105/><F42/><W55/><G71/><T124/><D39/><U115/><E2/><V30/><F63/><W32/><G32/><T122/><D62/><U28/><E115/><V116/><F12/><W17/><G111/><N who="1" m="42538" /><E134/><V101/><F30/><W113/><G113/><T80/><D132/><U93/><E93/><N who="2" m="58607" /><F116/><W74/><G74/><T107/><D107/><N who="2" m="41034" /><F73/><W29/><G29/><T26/><D124/><U68/><E130/><V31/><F31/><W0/><G0/><T85/><D122/><U103/><E103/><V47/><F47/><W84/><G46/><T121/><D121/><U36/><E36/><V119/><F119/><W43/><G43/><T88/><D86/><AGARI ba="1,1" hai="77,79,86,90,92,125,126,127" m="41034,58607" machi="86" ten="40,5200,0" yaku="18,1,34,2" doraHai="21" who="2" fromWho="0" sc="179,-55,288,0,326,65,197,0" /><INIT seed="6,0,0,3,0,5" ten="124,288,391,197" oya="2" hai0="80,101,33,77,81,34,86,107,109,69,25,120,2" hai1="28,90,65,115,73,92,126,35,105,67,53,74,31" hai2="125,112,111,26,30,122,110,43,39,84,54,97,60" hai3="117,91,78,100,61,124,66,32,85,24,57,68,36"/><V37/><F122/><W130/><G117/><T48/><D109/><N who="2" m="41482" /><F112/><W15/><G36/><T87/><D120/><U98/><E115/><V3/><F3/><W22/><G130/><T21/><D48/><U131/><E126/><V76/><F43/><W106/><G78/><T58/><D69/><U16/><E131/><V64/><F54/><W23/><G106/><T9/><D58/><U0/><E0/><V96/><F84/><W51/><G68/><T19/><D101/><U89/><E105/><V40/><F76/><W72/><G72/><T133/><D107/><U20/><E73/><V14/><F14/><W18/><G100/><T88/><REACH who="0" step="1"/><D133/><REACH who="0" ten="114,288,391,197" step="2"/><U121/><E121/><V94/><F39/><W114/><G114/><T119/><D119/><U44/><E44/><V71/><F71/><W128/><G128/><T47/><D47/><U11/><E74/><V12/><F37/><W41/><G51/><T70/><D70/><U46/><E46/><V134/><F134/><W82/><G124/><T4/><AGARI ba="0,1" hai="2,4,9,19,21,25,33,34,77,80,81,86,87,88" machi="4" ten="30,12000,2" yaku="1,1,0,1,52,1,54,1,53,2" doraHai="5" doraHaiUra="79" who="0" fromWho="0" sc="114,130,288,-30,391,-60,197,-30" /><INIT seed="7,0,0,0,1,42" ten="244,258,331,167" oya="3" hai0="83,32,59,53,21,124,125,77,46,38,108,69,51" hai1="47,37,127,76,48,126,82,96,101,39,61,63,86" hai2="18,98,120,129,130,112,87,4,54,13,91,85,73" hai3="15,92,27,122,70,45,107,62,68,104,17,79,75"/><W12/><G122/><T109/><D32/><U1/><E1/><V115/><F73/><W3/><G3/><T58/><D21/><U99/><E61/><V117/><F117/><W19/><G27/><T110/><D69/><U94/><E63/><V60/><F4/><W55/><G92/><T123/><D123/><U102/><E126/><N who="0" m="48745" /><D38/><U135/><E135/><V103/><F54/><W20/><G70/><T105/><D105/><U118/><E118/><V40/><F40/><W35/><G35/><T89/><D89/><U65/><E65/><V22/><F60/><W34/><G34/><T29/><D29/><U50/><E127/><V128/><F120/><W71/><G71/><T2/><D2/><U114/><E114/><N who="2" m="43563" /><F91/><W93/><G68/><T36/><D36/><U8/><E8/><V72/><F72/><AGARI ba="0,0" hai="46,51,53,58,59,72,77,83,108,109,110" m="48745" machi="72" ten="40,2600,0" yaku="18,1,52,1" doraHai="42" who="0" fromWho="2" sc="244,26,258,0,331,-26,167,0" owari="270,7.0,258,-14.2,305,40.5,167,-33.3" /></mjloggm>