<mjloggm ver="2.3"><GO type="169" lobby="0"/><UN n0="%71%75%65%79%69%6D%65%6E" n1="%E3%82%80%E3%81%97%E6%AD%AF" n2="%E8%A6%9A%E9%86%92%E3%81%97%E3%81%9F%E3%81%A8%E3%81%BE%E3%81%A8" n3="%E8%B5%A4%E4%BA%94%E7%AB%8B%E7%9B%B4" dan="16,17,16,16" rate="2125.43,2172.62,2155.23,2151.90" sx="M,M,M,F"/><TAIKYOKU oya="0"/><INIT seed="0,0,0,0,2,93" ten="250,250,250,250" oya="0" hai0="69,43,14,24,85,134,75,12,94,6,102,115,46" hai1="25,54,91,0,13,21,74,57,18,107,52,62,22" hai2="5,48,32,58,130,45,118,121,42,37,82,72,108" hai3="88,26,71,9,17,60,44,36,8,104,135,20,61"/><T39/><D75/><U68/><E74/><V132/><F118/><W103/><G135/><T50/><D134/><U56/><E0/><V117/><F121/><W86/><G71/><T113/><D69/><U65/><E107/><V41/><F132/><W3/><G3/><T81/><D39/><U40/><E40/><V92/><F117/><W120/><G120/><T63/><D63/><U11/><E91/><V38/><F108/><W77/><G77/><T125/><D125/><U78/><E78/><V123/><F130/><W67/><G60/><T124/><D124/><U111/><E111/><V114/><F114/><W122/><G122/><T96/><D24/><U106/><E106/><V35/><F123/><W119/><G119/><T133/><D133/><U129/><E129/><V79/><F5/><W31/><G36/><T27/><D27/><U4/><E68/><V97/><F58/><W110/><G44/><T34/><D34/><U70/><E22/><V76/><F79/><W126/><G31/><T66/><D66/><U109/><E109/><V30/><F30/><W83/><G110/><T16/><D6/><U47/><E47/><V15/><F15/><W59/><REACH who="3" step="1"/><G126/><REACH who="3" ten="250,250,250,240" step="2"/><T112/><REACH who="0" step="1"/><D16/><REACH who="0" ten="240,250,250,240" step="2"/><U53/><AGARI ba="0,2" hai="4,11,13,18,21,25,52,53,54,56,57,62,65,70" machi="53" ten="30,2000,0" yaku="0,1,54,1" doraHai="93" who="1" fromWho="1" sc="240,-10,250,40,250,-5,240,-5" /><INIT seed="1,0,0,2,2,97" ten="230,290,245,235" oya="1" hai0="42,39,126,53,85,17,88,8,89,92,45,115,93" hai1="98,119,65,58,23,72,84,30,20,55,94,35,130" hai2="19,111,36,75,109,49,110,7,69,56,3,44,61" hai3="5,102,122,103,68,37,28,0,46,80,33,125,123"/><U108/><E72/><V62/><F75/><W117/><G68/><T6/><D126/><U29/><E119/><V127/><F19/><W1/><G125/><T70/><D70/><U90/><E130/><V66/><F127/><W40/><G117/><T14/><D115/><U31/><E35/><V79/><F79/><W34/><G80/><T96/><REACH who="0" step="1"/><D53/><REACH who="0" ten="220,290,245,235" step="2"/><U16/><E108/><V107/><F69/><W78/><G122/><T113/><D113/><U116/><E116/><V57/><F111/><W99/><G123/><T64/><D64/><U43/><E65/><V41/><F110/><W13/><G40/><T38/><D38/><U129/><E129/><V86/><F109/><W47/><G37/><T101/><D101/><U63/><E43/><V87/><F36/><W25/><G102/><T95/><D95/><U48/><E48/><V77/><F107/><W104/><G78/><T112/><D112/><U18/><E98/><V120/><F120/><W76/><G76/><T82/><D82/><U71/><E71/><V118/><F77/><W60/><G60/><T12/><D12/><N who="1" m="9223" /><E31/><V24/><F118/><W26/><G13/><AGARI ba="0,1" hai="13,18,23,29,30,55,58,63,84,90,94" m="9223" machi="13" ten="30,2900,0" yaku="8,1,54,1" doraHai="97" who="1" fromWho="3" sc="220,0,290,39,245,0,235,-29" /><INIT seed="1,1,0,2,2,99" ten="220,329,245,206" oya="1" hai0="51,50,121,93,95,85,30,112,110,111,97,68,103" hai1="130,22,114,58,20,123,55,11,70,2,101,53,77" hai2="79,4,109,66,64,40,47,107,54,69,90,23,91" hai3="45,133,52,74,134,81,87,57,60,125,132,8,96"/><U61/><E114/><V88/><F109/><N who="0" m="41482" /><D68/><U33/><E123/><V120/><F120/><W119/><G125/><T12/><D121/><U108/><E108/><V78/><F107/><W82/><G119/><T37/><D37/><U18/><E33/><V73/><F54/><W63/><G74/><T86/><D112/><U21/><E70/><V80/><F79/><W17/><G45/><T83/><D30/><U46/><E130/><V62/><F66/><W102/><G63/><T44/><D95/><U1/><E77/><V39/><F4/><W129/><G129/><T59/><D12/><U94/><E2/><V10/><F10/><W118/><G118/><T126/><D126/><U35/><E35/><V100/><REACH who="2" step="1"/><F23/><REACH who="2" ten="220,329,235,206" step="2"/><W38/><G8/><T36/><D36/><U6/><E53/><V42/><F42/><W72/><G38/><T106/><D106/><U9/><E9/><V127/><F127/><W32/><G32/><T92/><D92/><U135/><E11/><V56/><F56/><W26/><G72/><T113/><D113/><U3/><E6/><V49/><F49/><W116/><G116/><T29/><D59/><U16/><E3/><V14/><F14/><W5/><G5/><T0/><D51/><U75/><E1/><V25/><F25/><W117/><G117/><T31/><D0/><U84/><E58/><V131/><F131/><W124/><G124/><T65/><D65/><U89/><E55/><V76/><F76/><W24/><G24/><T28/><D83/><U34/><E34/><V98/><F98/><W48/><G48/><T128/><D128/><RYUUKYOKU ba="1,1" sc="220,15,329,-15,235,15,206,-15" hai0="28,29,31,44,50,85,86,93,97,103" hai2="39,40,47,62,64,69,73,78,80,88,90,91,100" /><INIT seed="2,2,1,4,0,23" ten="235,314,250,191" oya="2" hai0="32,34,55,110,48,122,28,123,30,93,111,43,44" hai1="128,3,13,76,100,70,0,45,130,20,126,65,6" hai2="131,73,69,132,18,84,38,64,60,61,21,53,1" hai3="46,80,74,29,50,66,12,14,96,78,112,107,10"/><V68/><F73/><W58/><G112/><T119/><D119/><U134/><E126/><V81/><F132/><W88/><G29/><N who="0" m="11371" /><D93/><U83/><E134/><V72/><F131/><N who="1" m="50217" /><E100/><V8/><F38/><W99/><G99/><T25/><D55/><U5/><E45/><V56/><F72/><W87/><G66/><T63/><D63/><N who="1" m="40255" /><E20/><V19/><F69/><W95/><G58/><T11/><D11/><N who="1" m="4335" /><E6/><V36/><F36/><W33/><G33/><N who="0" m="12907" /><D25/><U35/><E35/><V67/><F64/><W86/><G10/><T27/><D27/><U75/><AGARI ba="2,1" hai="0,3,75,76,83" m="4335,40255,50217" machi="75" ten="30,1100,0" yaku="19,1" doraHai="23" who="1" fromWho="1" sc="235,-5,314,27,250,-7,191,-5" /><INIT seed="3,0,0,2,3,36" ten="230,341,243,186" oya="3" hai0="83,64,56,18,43,29,12,91,68,31,26,69,87" hai1="73,110,63,119,80,121,57,30,9,79,82,23,112" hai2="84,94,130,50,104,113,102,108,117,1,17,42,45" hai3="100,122,92,55,10,27,128,54,53,21,66,24,99"/><W5/><G122/><T20/><D31/><U71/><E71/><V105/><F113/><W134/><G128/><T7/><D7/><U129/><E112/><V70/><F117/><W126/><G126/><T75/><D75/><U98/><E121/><V67/><F130/><W120/><G134/><T78/><D78/><U132/><E129/><V51/><F108/><W86/><G120/><T125/><D125/><U48/><E110/><V19/><F1/><W16/><G66/><T97/><D97/><U52/><E132/><V37/><F67/><W93/><G27/><T76/><D76/><U44/><E82/><V2/><F70/><W85/><REACH who="3" step="1"/><G93/><REACH who="3" ten="230,341,243,176" step="2"/><T95/><D95/><U77/><E119/><V114/><F94/><W35/><G35/><T38/><D64/><U8/><E80/><V15/><F114/><W90/><G90/><T46/><REACH who="0" step="1"/><D56/><REACH who="0" ten="220,341,243,176" step="2"/><U65/><E57/><V106/><F105/><W25/><G25/><T123/><D123/><U13/><E77/><V22/><F106/><W111/><G111/><T109/><D109/><U11/><E79/><V131/><F104/><W0/><AGARI ba="0,2" hai="0,5,10,16,21,24,53,54,55,85,86,92,99,100" machi="0" ten="30,11700,0" yaku="1,1,0,1,54,1,53,1" doraHai="36" doraHaiUra="33" who="3" fromWho="3" sc="220,-39,341,-39,243,-39,176,137" /><INIT seed="3,1,0,0,2,12" ten="181,302,204,313" oya="3" hai0="67,53,64,8,135,13,114,48,2,130,124,10,99" hai1="29,28,93,21,15,131,17,108,18,61,46,92,82" hai2="125,97,72,9,106,11,60,100,49,128,113,98,69" hai3="75,127,102,51,118,91,104,0,32,94,43,95,58"/><W112/><G112/><T56/><D114/><U14/><E108/><V74/><F113/><W133/><G118/><T44/><D135/><U37/><E131/><V4/><F128/><W84/><G0/><T47/><D130/><U77/><E61/><V105/><F125/><W123/><G123/><T3/><D124/><U85/><E37/><V42/><F49/><W65/><G32/><T57/><D99/><U132/><E132/><V83/><F42/><W73/><G104/><T19/><D2/><U55/><E55/><V41/><F41/><W134/><G127/><T90/><D90/><U31/><REACH who="1" step="1"/><E46/><REACH who="1" ten="181,292,204,313" step="2"/><V103/><F60/><N who="3" m="38039" /><G134/><T25/><D47/><U68/><E68/><V22/><F69/><W27/><G133/><T96/><D44/><U59/><E59/><V34/><F106/><W38/><G38/><T70/><D70/><U16/><E16/><V126/><F105/><W71/><G71/><T30/><D57/><U26/><E26/><V36/><F36/><W40/><G40/><T81/><D25/><U35/><E35/><V88/><F34/><W80/><G43/><T79/><D56/><U116/><E116/><V89/><F126/><W52/><G27/><T54/><D54/><U78/><E78/><V24/><F4/><W129/><G129/><T117/><D79/><U33/><E33/><V120/><F24/><W5/><G5/><T20/><D53/><U39/><E39/><V115/><F115/><W107/><G52/><T6/><D117/><U62/><E62/><V76/><F76/><W63/><G63/><T121/><D6/><U87/><E87/><RYUUKYOKU ba="1,1" sc="181,-10,292,30,204,-10,313,-10" hai1="14,15,17,18,21,28,29,31,77,82,85,92,93" /><INIT seed="4,2,1,3,2,117" ten="171,322,194,303" oya="0" hai0="63,78,83,88,45,57,95,80,3,82,113,10,48" hai1="60,42,77,36,7,84,102,123,112,25,59,41,81" hai2="46,104,110,23,30,103,101,61,97,66,107,49,22" hai3="71,114,5,13,34,27,118,65,79,17,85,134,124"/><T0/><D113/><U135/><E123/><V100/><F110/><W40/><G118/><T14/><D0/><U58/><E112/><V93/><F107/><W120/><G114/><T127/><D3/><U54/><E135/><V69/><F104/><W35/><G134/><T99/><D127/><U129/><E129/><V51/><F51/><W111/><G111/><T72/><D57/><U2/><E102/><V75/><F75/><W4/><G40/><T62/><D72/><U11/><E36/><V130/><F130/><W55/><G124/><T37/><D78/><U122/><E122/><V108/><F108/><W131/><G120/><T105/><D105/><U86/><E86/><V76/><F76/><W32/><G27/><T29/><D29/><U116/><E116/><V53/><REACH who="2" step="1"/><F30/><REACH who="2" ten="171,322,184,303" step="2"/><W26/><G79/><T38/><D38/><U20/><REACH who="1" step="1"/><E59/><REACH who="1" ten="171,312,184,303" step="2"/><V8/><F8/><W31/><G131/><T9/><D37/><U39/><E39/><V68/><F68/><W96/><G71/><T1/><D9/><U21/><E21/><AGARI ba="2,3" hai="21,22,23,46,49,53,61,66,69,93,97,100,101,103" machi="21" ten="40,1300,0" yaku="1,1,53,0" doraHai="117" doraHaiUra="132" who="2" fromWho="1" sc="171,0,312,-19,184,49,303,0" /><INIT seed="5,0,0,1,4,72" ten="171,293,233,303" oya="1" hai0="76,44,120,71,99,101,49,68,22,89,129,97,36" hai1="135,53,113,35,116,47,45,41,121,5,1,122,130" hai2="57,37,104,10,31,117,46,21,108,77,80,34,59" hai3="16,106,126,128,66,20,58,134,3,90,96,63,124"/><U110/><E116/><V118/><F108/><W91/><G128/><T0/><D129/><U28/><E130/><V69/><F69/><W42/><G134/><T119/><D0/><U109/><E135/><V33/><F104/><W52/><G3/><T79/><D36/><U78/><E113/><V74/><F10/><W85/><G42/><T29/><D119/><U131/><E131/><V43/><F118/><W84/><G66/><T81/><D71/><U11/><E53/><V64/><F117/><W127/><G106/><T39/><D39/><N who="1" m="21695" /><E47/><V133/><F133/><W15/><G96/><N who="0" m="36939" /><D68/><U87/><E87/><AGARI ba="0,0" hai="15,16,20,52,58,63,84,85,87,90,91,124,126,127" machi="87" ten="40,5200,0" yaku="18,1,54,2" doraHai="72" who="3" fromWho="1" sc="171,0,293,-52,233,0,303,52" /><INIT seed="6,0,0,0,5,78" ten="171,241,233,355" oya="2" hai0="113,97,70,127,23,120,129,34,122,83,30,121,26" hai1="106,110,31,65,77,67,85,89,135,111,116,119,81" hai2="56,50,79,100,0,109,105,39,40,22,71,123,12" hai3="20,91,32,47,130,69,25,6,64,80,21,42,8"/><V102/><F123/><W101/><G32/><T15/><D70/><U4/><E4/><V59/><F109/><N who="1" m="41481" /><E31/><V9/><F71/><W57/><G69/><T13/><D113/><U117/><E65/><V52/><F105/><W88/><G101/><T18/><D97/><U133/><E67/><V104/><F104/><W61/><G130/><T46/><D46/><U99/><E106/><V108/><F108/><W14/><G80/><T63/><D63/><U72/><E99/><V125/><F125/><W19/><G21/><T134/><D129/><U75/><E89/><V124/><F124/><W28/><G28/><T33/><D127/><U41/><E41/><V53/><F79/><W93/><G93/><T2/><D83/><U115/><E115/><V43/><F22/><W90/><G90/><T107/><D107/><U66/><E66/><V5/><F0/><W60/><G60/><T11/><D134/><AGARI ba="0,0" hai="72,75,77,81,85,116,117,119,133,134,135" m="41481" machi="134" ten="40,8000,1" yaku="20,1,34,2,52,1" doraHai="78" who="1" fromWho="0" sc="171,-80,241,80,233,0,355,0" /><INIT seed="7,0,0,2,1,95" ten="91,321,233,355" oya="3" hai0="103,61,34,72,93,111,76,106,112,41,17,83,82" hai1="35,57,75,127,79,70,33,90,124,25,24,48,6" hai2="100,92,43,0,60,120,31,129,37,96,45,107,21" hai3="86,104,29,2,9,71,5,18,94,117,109,74,40"/><W56/><G71/><T26/><D41/><U118/><E70/><V27/><F129/><W11/><G74/><T62/><D26/><U28/><E6/><V23/><F120/><W87/><G117/><T89/><D17/><U99/><E118/><V133/><F133/><W84/><G104/><T13/><D13/><U22/><E79/><V7/><F7/><W131/><G131/><T12/><D12/><U36/><E36/><V85/><F0/><W101/><G29/><T134/><D34/><U44/><E75/><V130/><F130/><W98/><G109/><T42/><D42/><U110/><E57/><V113/><F113/><W65/><G40/><T80/><D62/><U66/><E66/><V119/><F119/><W14/><G65/><T97/><D61/><U67/><E67/><V63/><F85/><W81/><G56/><T126/><D111/><U64/><E64/><V8/><F8/><W69/><G69/><T52/><D52/><U128/><E128/><V1/><F1/><W47/><G47/><T30/><D30/><U88/><E110/><V135/><F135/><W68/><G68/><T116/><D134/><U53/><E35/><V10/><F10/><W123/><G123/><T49/><D49/><U46/><E33/><V50/><F37/><W115/><G115/><T19/><D19/><U78/><E28/><V4/><F4/><W54/><G54/><T91/><D116/><U55/><E53/><V102/><F23/><W121/><G121/><T39/><D39/><U73/><E22/><V20/><F21/><W3/><G3/><T32/><D32/><RYUUKYOKU ba="0,0" sc="91,-15,321,-15,233,15,355,15" hai2="20,27,31,43,45,50,60,63,92,96,100,102,107" hai3="2,5,9,11,14,18,81,84,86,87,94,98,101" owari="76,-42.4,306,10.6,248,-15.2,370,47.0" /></mjloggm>