<mjloggm ver="2.3"><GO type="169" lobby="0"/><UN n0="%E6%9C%AC%E5%AE%B6%E3%81%8B%E3%81%BE%E3%81%A9%E3%82%84" n1="%E4%BA%BA%E5%8F%82%E5%BD%B9%E8%80%85%E3%81%8F%E3%82%93" n2="%62%73%64%5F%33" n3="%71%75%61%72%6B" dan="16,17,17,16" rate="2129.48,2147.88,2131.64,2042.73" sx="M,M,F,M"/><TAIKYOKU oya="0"/><INIT seed="0,0,0,4,0,26" ten="250,250,250,250" oya="0" hai0="44,81,79,98,64,118,51,76,12,60,80,119,66" hai1="17,132,106,35,52,1,30,43,57,15,14,48,46" hai2="127,75,39,8,134,33,69,21,90,7,5,38,101" hai3="55,19,62,78,45,89,122,93,71,91,135,128,111"/><T102/><D118/><U73/><E132/><V20/><F33/><W58/><G111/><T41/><D119/><U123/><E123/><V29/><F69/><W13/><G128/><T114/><D114/><U108/><E108/><V18/><F75/><W88/><G135/><T95/><D12/><U59/><E1/><V86/><F101/><W53/><G122/><T103/><D103/><U23/><E73/><V50/><F127/><W83/><G71/><T4/><D4/><U24/><E106/><V63/><F63/><W37/><G37/><T133/><D133/><U110/><E110/><V28/><F50/><W116/><G116/><T36/><D36/><U70/><E70/><V32/><F32/><W126/><G126/><T9/><D9/><U117/><E117/><V25/><F134/><W131/><G131/><T96/><D98/><U10/><REACH who="1" step="1"/><E43/><REACH who="1" ten="250,240,250,250" step="2"/><V31/><F39/><W85/><G45/><T3/><D3/><U87/><E87/><V130/><F38/><W61/><G61/><T115/><D115/><U105/><E105/><V40/><F40/><W97/><REACH who="3" step="1"/><G55/><REACH who="3" ten="250,240,250,240" step="2"/><T124/><D124/><U42/><E42/><V77/><F130/><W56/><G56/><N who="0" m="36871" /><D66/><U82/><E82/><AGARI ba="0,2" hai="41,44,51,76,79,80,81,82,95,96,102" m="36871" machi="82" ten="30,1500,0" yaku="8,1" doraHai="26" who="0" fromWho="1" sc="250,35,240,-15,250,0,240,0" /><INIT seed="0,1,0,5,1,104" ten="285,225,250,240" oya="0" hai0="120,75,87,51,108,70,0,123,74,63,42,57,47" hai1="18,68,121,110,3,11,20,122,36,134,130,100,26" hai2="119,14,8,93,89,78,97,117,66,81,88,50,135" hai3="125,132,77,17,23,69,107,90,71,7,43,105,10"/><T84/><D0/><U37/><E68/><V30/><F66/><W91/><G132/><T115/><D115/><U129/><E100/><V72/><F30/><W67/><G125/><T65/><D70/><U1/><E37/><V94/><F135/><W131/><G131/><N who="1" m="50186" /><E36/><V27/><F27/><W5/><G43/><T60/><D108/><U55/><E55/><V92/><F50/><W64/><G77/><T106/><D106/><U111/><E134/><V19/><REACH who="2" step="1"/><F93/><REACH who="2" ten="285,225,240,240" step="2"/><W34/><G107/><T25/><D25/><U38/><E38/><V103/><F103/><W13/><G105/><T114/><D114/><U28/><E28/><V59/><F59/><W82/><G67/><T113/><D113/><U133/><E133/><V76/><F76/><W62/><G71/><T48/><D48/><U29/><E29/><V56/><F56/><W98/><G64/><T31/><D31/><U45/><E45/><V116/><F116/><W61/><G69/><T128/><D128/><U4/><E1/><V16/><F16/><W22/><G17/><T41/><D51/><U83/><E83/><V86/><AGARI ba="1,1" hai="8,14,19,72,78,81,86,88,89,92,94,97,117,119" machi="86" ten="30,7900,0" yaku="1,1,0,1,52,1,54,1,53,0" doraHai="104" doraHaiUra="127" who="2" fromWho="2" sc="285,-40,225,-21,240,92,240,-21" /><INIT seed="1,0,0,2,5,32" ten="245,204,332,219" oya="1" hai0="90,46,2,41,94,30,120,53,95,79,10,58,27" hai1="4,109,104,12,130,112,22,0,117,44,13,125,69" hai2="107,43,37,88,128,33,51,86,61,29,132,127,101" hai3="118,47,92,49,26,99,55,24,73,31,89,115,131"/><U5/><E69/><V87/><F37/><W76/><G115/><T15/><D120/><U85/><E104/><V78/><F132/><W18/><G131/><T23/><D79/><U9/><E112/><V135/><F135/><W98/><G118/><T126/><D126/><U1/><E117/><V106/><F33/><W11/><G73/><T129/><D129/><U34/><E130/><V108/><F29/><W77/><G98/><T116/><D90/><U124/><E34/><V91/><F61/><W111/><G111/><T97/><D97/><U45/><E85/><V50/><F43/><W74/><G74/><T56/><D2/><U134/><E134/><V65/><F65/><W100/><G100/><T105/><D105/><U119/><E119/><V8/><F8/><W39/><G39/><T19/><D116/><U7/><E22/><V114/><F128/><W36/><G36/><T6/><D6/><N who="1" m="2667" /><E109/><V110/><F101/><W81/><G81/><T20/><D20/><U93/><E93/><N who="0" m="35337" /><D41/><U59/><E59/><V16/><F78/><N who="3" m="30315" /><G31/><T38/><D38/><U113/><E113/><V96/><F114/><W66/><G66/><T42/><D42/><U70/><E70/><V68/><F68/><W121/><G121/><T102/><D102/><U63/><E63/><V57/><F96/><W3/><G3/><N who="1" m="1098" /><E13/><AGARI ba="0,0" hai="11,13,18,24,26,47,49,55,89,92,99" m="30315" machi="13" ten="30,1000,0" yaku="8,1" doraHai="32" who="3" fromWho="1" sc="245,0,204,-10,332,0,219,10" /><INIT seed="2,0,0,0,3,112" ten="245,194,332,229" oya="2" hai0="80,127,18,10,129,131,35,65,53,14,84,31,82" hai1="46,56,52,130,45,67,74,8,98,116,69,64,68" hai2="13,76,58,44,57,135,48,125,33,104,110,97,121" hai3="39,15,78,103,22,115,49,134,23,100,2,6,43"/><V27/><F121/><W42/><G115/><T106/><D106/><U41/><E74/><V30/><F135/><W120/><G120/><T86/><D65/><N who="1" m="25163" /><E98/><V118/><F125/><W36/><G2/><T79/><D127/><U62/><E8/><V38/><F38/><W59/><G78/><T47/><D31/><U12/><E12/><V83/><F110/><W111/><G6/><T88/><REACH who="0" step="1"/><D35/><REACH who="0" ten="235,194,332,229" step="2"/><U16/><E130/><V0/><F30/><W72/><G111/><T26/><D26/><U4/><E4/><V114/><F27/><W99/><G134/><T50/><AGARI ba="0,1" hai="10,14,18,47,50,53,79,80,82,84,86,88,129,131" machi="50" ten="30,8000,1" yaku="1,1,0,1,25,2,54,1,53,0" doraHai="112" doraHaiUra="113" who="0" fromWho="0" sc="235,90,194,-20,332,-40,229,-20" /><INIT seed="3,0,0,4,0,48" ten="325,174,292,209" oya="3" hai0="54,9,21,94,81,67,79,115,116,19,76,93,41" hai1="10,51,133,114,95,12,31,124,87,109,130,128,28" hai2="40,74,1,0,14,117,29,64,80,65,104,103,6" hai3="131,38,119,27,110,58,107,30,13,24,16,100,90"/><W123/><G119/><T73/><D116/><U86/><E114/><V71/><F71/><W52/><G123/><T70/><D41/><U63/><E109/><V22/><F40/><W15/><G38/><T101/><D79/><U42/><E124/><V122/><F104/><W85/><G110/><T78/><D76/><U2/><E2/><V111/><F103/><W53/><G131/><N who="1" m="50218" /><E63/><V120/><F111/><W96/><G53/><T134/><D134/><U127/><E127/><V89/><F74/><W82/><G30/><N who="1" m="11306" /><E95/><V112/><F0/><W32/><G32/><T77/><D94/><U88/><E133/><V20/><F1/><W5/><G5/><T84/><D93/><N who="1" m="54423" /><E87/><V49/><F112/><W113/><G113/><T121/><D84/><U99/><E99/><V33/><F117/><W102/><G102/><T69/><D101/><U135/><E135/><V66/><F122/><W7/><G7/><T98/><D98/><U37/><E37/><V61/><F6/><W108/><G108/><T11/><D73/><U60/><E60/><V68/><F61/><W46/><G46/><T45/><D45/><N who="1" m="26039" /><E12/><V50/><F14/><W106/><G106/><T57/><D115/><U83/><E83/><V8/><F80/><W129/><G129/><T56/><D81/><U35/><E35/><V36/><F33/><W47/><G47/><T125/><D125/><U44/><E44/><V91/><F29/><W25/><REACH who="3" step="1"/><G16/><REACH who="3" ten="325,174,292,199" step="2"/><T55/><D19/><U118/><E118/><V17/><F36/><W3/><G3/><T23/><D121/><U75/><E10/><V4/><F120/><RYUUKYOKU ba="0,1" sc="325,10,174,10,292,-30,199,10" hai0="9,11,21,23,54,55,56,57,67,69,70,77,78" hai1="75" hai3="13,15,24,25,27,52,58,82,85,90,96,100,107" /><INIT seed="3,1,1,0,5,71" ten="335,184,262,209" oya="3" hai0="121,4,25,19,31,10,68,88,54,65,114,118,105" hai1="95,130,38,134,79,6,104,69,60,73,36,57,101" hai2="1,12,125,127,135,53,75,102,115,30,94,51,129" hai3="84,23,89,98,103,17,62,33,13,126,14,40,100"/><W66/><G33/><T87/><D118/><U44/><E130/><V41/><F1/><W45/><G126/><T63/><D121/><U116/><E116/><V39/><F115/><W120/><G120/><T106/><D114/><U91/><E69/><V47/><F75/><W35/><G35/><T27/><D54/><U3/><E134/><V123/><F123/><W86/><G13/><T20/><D27/><U124/><E124/><N who="2" m="47691" /><F129/><W74/><G74/><T5/><D31/><U8/><E101/><V46/><F30/><W82/><G86/><T111/><D111/><U50/><E104/><V67/><F12/><W122/><G98/><T96/><D96/><U77/><E73/><V112/><F112/><W72/><G72/><T92/><D5/><U61/><E79/><V43/><F94/><W34/><G34/><T93/><REACH who="0" step="1"/><D92/><REACH who="0" ten="325,184,262,209" step="2"/><U59/><E95/><V80/><F53/><W107/><G122/><T97/><D97/><U117/><E6/><V9/><F67/><W18/><G107/><T85/><D85/><U90/><E117/><V58/><F135/><W99/><G99/><T109/><D109/><U64/><E64/><V2/><F102/><W55/><G55/><T70/><D70/><U26/><E26/><V7/><F7/><W81/><G18/><T21/><D21/><U16/><E16/><V133/><F133/><W42/><G100/><T52/><D52/><U56/><E56/><V78/><F58/><N who="3" m="37207" /><G103/><T32/><D32/><U110/><E59/><V131/><F131/><W22/><G22/><T76/><D76/><U83/><E57/><V108/><F108/><RYUUKYOKU ba="1,2" sc="325,30,184,-10,262,-10,209,-10" hai0="4,10,19,20,25,63,65,68,87,88,93,105,106" /><INIT seed="4,2,2,1,2,100" ten="355,174,252,199" oya="0" hai0="121,62,19,90,39,85,53,63,70,42,78,110,74" hai1="76,116,129,99,27,111,103,95,71,28,127,72,43" hai2="135,65,94,68,37,118,10,12,14,124,73,15,108" hai3="20,82,35,51,96,113,18,3,54,69,123,58,130"/><T114/><D121/><U128/><E116/><V23/><F108/><W125/><G69/><T79/><D110/><U88/><E111/><V29/><F73/><W1/><G35/><T60/><D114/><U16/><E71/><V4/><F37/><W56/><G123/><T24/><D70/><U32/><E127/><V59/><F68/><W44/><G113/><T40/><D74/><U47/><E76/><N who="0" m="29225" /><D53/><U64/><E72/><V80/><F124/><W133/><G125/><T104/><D104/><U84/><E16/><V134/><F118/><W38/><G130/><T102/><D102/><U105/><REACH who="1" step="1"/><E64/><REACH who="1" ten="355,164,252,199" step="2"/><V66/><F66/><W30/><G18/><T41/><D39/><AGARI ba="2,3" hai="27,28,32,39,43,47,84,88,95,99,103,105,128,129" machi="39" ten="40,8000,1" yaku="1,1,2,1,52,1,54,1,53,0" doraHai="100" doraHaiUra="9" who="1" fromWho="0" sc="355,-86,164,116,252,0,199,0" /><INIT seed="5,0,0,2,5,111" ten="269,280,252,199" oya="1" hai0="31,2,28,24,21,23,134,11,77,91,20,13,121" hai1="47,108,71,40,116,133,64,100,126,45,102,122,76" hai2="43,14,59,132,89,82,42,94,53,98,131,49,37" hai3="117,46,115,48,84,30,83,85,3,60,9,109,110"/><U128/><E76/><V33/><F132/><W26/><G117/><T36/><D36/><U103/><E116/><V107/><F131/><W52/><G60/><T106/><D106/><U73/><E122/><V22/><F33/><W97/><G97/><T1/><D91/><U124/><E73/><V57/><F37/><W123/><G123/><T119/><D77/><U62/><E128/><V92/><F107/><W129/><G129/><T87/><D87/><U19/><E133/><V6/><F82/><W88/><G115/><T4/><D119/><U32/><E32/><V18/><F6/><W8/><G85/><T104/><D104/><U90/><E108/><V5/><F5/><W44/><G44/><T127/><D121/><U7/><E7/><V10/><F10/><W17/><G3/><N who="0" m="1035" /><D127/><N who="1" m="48683" /><E19/><V66/><F66/><W113/><G113/><T135/><D31/><U27/><E27/><V25/><F25/><W16/><G109/><T79/><D79/><U80/><E40/><V112/><F112/><W105/><G105/><T130/><D130/><U29/><E29/><V65/><F94/><W15/><G110/><T54/><D54/><U81/><E90/><V125/><F125/><W56/><G56/><T74/><D74/><U51/><E47/><V118/><F118/><W41/><G41/><T86/><D86/><U63/><E63/><AGARI ba="0,0" hai="14,18,22,42,43,49,53,57,59,63,65,89,92,98" machi="63" ten="40,1300,0" yaku="8,1" doraHai="111" who="2" fromWho="1" sc="269,0,280,-13,252,13,199,0" /><INIT seed="6,0,0,2,2,103" ten="269,267,265,199" oya="2" hai0="37,112,89,41,75,42,2,93,61,25,29,129,38" hai1="68,121,87,55,133,23,102,9,98,130,76,50,54" hai2="106,71,81,40,114,111,113,96,122,57,59,17,3" hai3="11,1,126,49,131,60,92,79,28,123,27,51,35"/><V108/><F3/><W26/><G123/><T84/><D129/><U16/><E68/><V90/><F71/><W125/><G131/><T65/><D112/><N who="2" m="43114" /><F122/><W127/><G79/><T115/><D75/><U56/><E130/><V86/><F40/><W21/><G60/><T132/><D2/><U72/><E121/><V100/><F17/><W12/><G92/><T4/><D4/><U33/><E33/><V0/><F0/><W45/><G45/><T94/><D132/><U78/><E133/><V10/><F10/><W95/><G95/><T107/><D38/><U135/><E9/><V67/><F67/><W97/><G97/><T128/><D37/><U53/><E72/><V83/><F83/><W13/><G1/><T119/><D128/><U116/><E135/><V88/><F90/><W32/><G13/><T63/><D65/><U22/><E22/><V39/><F39/><W70/><G70/><T82/><D42/><U19/><E19/><V73/><F73/><W47/><G27/><T30/><D41/><U110/><E16/><V18/><F18/><N who="3" m="8479" /><G49/><T14/><D25/><U24/><E24/><V8/><F8/><W91/><G91/><T20/><D14/><U31/><E50/><V117/><F117/><W80/><G80/><T64/><D20/><U74/><E116/><V7/><F7/><W66/><G66/><T101/><D119/><U15/><E23/><V34/><F34/><W99/><G99/><T52/><D64/><U77/><E15/><V134/><F134/><W118/><G118/><T6/><D115/><U58/><E74/><V46/><F46/><RYUUKYOKU ba="0,0" sc="269,-15,267,-15,265,15,199,15" hai2="57,59,81,86,88,96,100,106,108,111" hai3="21,26,28,32,35,47,51,125,126,127" /><INIT seed="6,1,0,1,3,68" ten="254,252,280,214" oya="2" hai0="112,92,65,63,50,13,70,32,0,105,33,19,55" hai1="28,94,53,75,39,102,61,31,114,125,41,97,109" hai2="6,120,72,9,7,11,126,12,104,91,98,60,40" hai3="30,34,8,66,122,82,77,4,101,93,83,124,59"/><V76/><F120/><W107/><G122/><T27/><D0/><U80/><E109/><V128/><F128/><W49/><G124/><T87/><D105/><U20/><E114/><V73/><F76/><W15/><G107/><T36/><D112/><U86/><E75/><V118/><F118/><W5/><G34/><T51/><D51/><U58/><E125/><V110/><F110/><W26/><G4/><T17/><D36/><U71/><E71/><V56/><F40/><W43/><G66/><T23/><D87/><U35/><E35/><V69/><F69/><W88/><G101/><T132/><D92/><U100/><E100/><V113/><F113/><W115/><G115/><T64/><D64/><U131/><E20/><V21/><F21/><N who="3" m="15695" /><G77/><T10/><REACH who="0" step="1"/><D132/><REACH who="0" ten="244,252,280,214" step="2"/><U67/><E131/><V135/><F135/><W37/><G37/><T78/><D78/><U95/><E94/><N who="2" m="56671" /><F104/><W90/><G90/><T45/><AGARI ba="1,1" hai="10,13,17,19,23,27,32,33,45,50,55,63,65,70" machi="45" ten="20,2700,0" yaku="1,1,0,1,7,1,53,0" doraHai="68" doraHaiUra="108" who="0" fromWho="0" sc="244,40,252,-8,280,-14,214,-8" /><INIT seed="7,0,0,2,0,13" ten="284,244,266,206" oya="3" hai0="129,106,23,55,80,87,102,90,135,123,113,51,122" hai1="52,128,88,38,28,12,4,73,65,57,130,125,36" hai2="85,31,127,44,103,82,6,54,53,56,26,41,126" hai3="30,27,112,98,61,25,50,95,97,7,22,70,40"/><W104/><G112/><T9/><D113/><U63/><E73/><V11/><F103/><W84/><G7/><T59/><D129/><N who="1" m="49771" /><E125/><V111/><F111/><W1/><G1/><T49/><D135/><U132/><E28/><V101/><F101/><W92/><G104/><T107/><D9/><N who="1" m="4135" /><E132/><V21/><F56/><W37/><G37/><N who="1" m="14442" /><E88/><V131/><F131/><W115/><G115/><T79/><D90/><U76/><E76/><V5/><F5/><W16/><G70/><T78/><D79/><U71/><E71/><V100/><F100/><W118/><G118/><T67/><D102/><U74/><E74/><V81/><F81/><W2/><G2/><T64/><D78/><U19/><E19/><V15/><F127/><W109/><G109/><T42/><D87/><U121/><E121/><V18/><F31/><W94/><G61/><T124/><D124/><U120/><E120/><V58/><F126/><W72/><G84/><T20/><D80/><U96/><E96/><V43/><F44/><N who="3" m="25863" /><G72/><T117/><D117/><U110/><E110/><V14/><F85/><W83/><G83/><T77/><D77/><U60/><E60/><V46/><F82/><W91/><G91/><T29/><D29/><U68/><E68/><V105/><F105/><W32/><G32/><T35/><D35/><U10/><E10/><N who="2" m="6487" /><F46/><W66/><G66/><AGARI ba="0,0" hai="52,57,63,65,66" m="14442,4135,49771" machi="66" ten="30,2000,0" yaku="19,1,54,1" doraHai="13" who="1" fromWho="3" sc="284,0,244,20,266,0,206,-20" /><INIT seed="8,0,0,1,3,21" ten="284,264,266,186" oya="0" hai0="59,113,102,71,45,31,77,64,35,125,51,1,5" hai1="128,93,28,52,119,63,54,117,0,12,15,60,25" hai2="79,17,4,127,129,46,18,134,30,19,49,20,92" hai3="132,100,65,112,40,14,42,111,78,39,120,37,89"/><T97/><D113/><U34/><E0/><V118/><F129/><W86/><G112/><T90/><D125/><U11/><E128/><V82/><F134/><W23/><G111/><T85/><D77/><U96/><E63/><V126/><F118/><N who="1" m="45065" /><E60/><V33/><F33/><W43/><G132/><T47/><D71/><U123/><E123/><V6/><F92/><W122/><G100/><T56/><D5/><N who="1" m="3183" /><E15/><V68/><F68/><W109/><G109/><T135/><D1/><U108/><E108/><V91/><F6/><W114/><G114/><T7/><D7/><U72/><E72/><V55/><F4/><W87/><G65/><T27/><D64/><U32/><E32/><V104/><F79/><W124/><G124/><T115/><D135/><U99/><E99/><V130/><F130/><W73/><G73/><T13/><D13/><U101/><AGARI ba="0,0" hai="25,28,34,52,54,93,96,101" m="3183,45065" machi="101" ten="30,4000,0" yaku="16,1,52,1,54,1" doraHai="21" who="1" fromWho="1" sc="284,-20,264,40,266,-10,186,-10" owari="264,6.4,304,40.4,256,-14.4,176,-32.4" /></mjloggm>