<mjloggm ver="2.3"><GO type="225" lobby="0"/><UN n0="%E6%98%93%E5%88%A9%E8%96%A9%E4%BC%AF" n1="%E6%9C%88%E5%B3%B6%E5%9F%BA" n2="%E4%BF%BA%E3%81%A8%E5%A6%96%E5%A4%A2" n3="%E3%83%96%E3%83%83%E3%83%91%E3%82%AA%E3%83%96%E3%83%81%E3%82%AD%E3%83%B3" dan="17,17,16,16" rate="2243.98,2226.96,2141.16,2166.20" sx="F,M,F,M"/><TAIKYOKU oya="0"/><INIT seed="0,0,0,5,5,104" ten="250,250,250,250" oya="0" hai0="68,79,102,72,9,74,56,96,125,121,35,54,41" hai1="89,49,120,23,62,33,53,130,112,90,64,99,78" hai2="134,34,109,16,131,63,58,36,94,32,106,83,100" hai3="51,7,29,26,40,110,101,133,84,55,117,3,73"/><T46/><D121/><U43/><E120/><V67/><F106/><W77/><G117/><T111/><D68/><U5/><E33/><V128/><F36/><W75/><G110/><T52/><D35/><U92/><E130/><N who="2" m="49707" /><F109/><W31/><G40/><T85/><D111/><U2/><E112/><V28/><F134/><W93/><G133/><T107/><D125/><U80/><E43/><V37/><F37/><W60/><G60/><T20/><D9/><U15/><E2/><V0/><F0/><W87/><G31/><T59/><D20/><U42/><E42/><V81/><F16/><W124/><G124/><T118/><D118/><U70/><E90/><V50/><F50/><W47/><G7/><T98/><D98/><U127/><E127/><V44/><F44/><W10/><G10/><T48/><D85/><U66/><E66/><V12/><F12/><W76/><G3/><T69/><D69/><U115/><E115/><V38/><F38/><W19/><G19/><T18/><D18/><U1/><E1/><V6/><F6/><W24/><G24/><T103/><D103/><U22/><E15/><V113/><F113/><W17/><G17/><T21/><D21/><U95/><E5/><V135/><F135/><W14/><G14/><T122/><D122/><U30/><E30/><V65/><F65/><W108/><G108/><T126/><D126/><U97/><E23/><V116/><F116/><W82/><G101/><T8/><D8/><U13/><E22/><V119/><F119/><W61/><G61/><N who="0" m="35975" /><D79/><U105/><E105/><V129/><N who="2" m="49715" /><V123/><DORA hai="27" /><F123/><RYUUKYOKU ba="0,0" sc="250,30,250,-10,250,-10,250,-10" hai0="41,46,48,54,59,72,74,96,102,107" /><INIT seed="0,1,0,3,5,85" ten="280,240,240,240" oya="0" hai0="105,31,121,40,53,119,84,88,50,14,13,103,115" hai1="61,7,47,41,107,16,5,54,102,133,51,18,17" hai2="83,91,89,2,27,132,60,128,3,1,73,79,100" hai3="15,36,92,21,65,82,95,118,109,110,67,12,130"/><T55/><D115/><U57/><REACH who="1" step="1"/><E133/><REACH who="1" ten="280,230,240,240" step="2"/><V10/><F132/><W49/><G110/><T8/><D119/><U38/><E38/><V129/><F100/><W120/><G36/><T59/><D103/><U108/><E108/><V28/><F10/><W97/><G109/><T39/><D8/><U117/><E117/><V114/><F114/><W76/><G118/><T11/><D11/><U58/><E58/><V62/><F129/><W113/><G130/><T86/><D39/><U72/><E72/><V123/><F128/><W99/><G113/><T77/><D121/><U101/><E101/><V66/><F123/><W48/><G120/><T94/><D105/><U44/><E44/><V124/><F124/><W0/><G0/><T32/><D59/><U78/><E78/><V24/><F73/><W81/><REACH who="3" step="1"/><G76/><REACH who="3" ten="280,230,240,230" step="2"/><T42/><D77/><U45/><E45/><V33/><F79/><W90/><G90/><T34/><D88/><U87/><E87/><V46/><F1/><W6/><G6/><T22/><D86/><U68/><E68/><V131/><F131/><W30/><G30/><T56/><D84/><U125/><E125/><V127/><F127/><W71/><G71/><T69/><D69/><U20/><E20/><AGARI ba="1,2" hai="12,15,20,21,48,49,65,67,81,82,92,95,97,99" machi="20" ten="25,6400,0" yaku="1,1,22,2,8,1,53,0" doraHai="85" doraHaiUra="64" who="3" fromWho="1" sc="280,0,230,-67,240,0,230,87" /><INIT seed="1,0,0,1,5,22" ten="280,163,240,317" oya="1" hai0="6,15,59,3,61,24,110,118,52,73,57,115,29" hai1="36,23,75,109,78,68,97,39,7,33,16,92,113" hai2="91,77,81,102,128,19,80,31,51,120,83,44,2" hai3="119,8,25,134,76,67,108,72,46,123,93,9,20"/><U111/><E113/><V135/><F120/><W114/><G123/><T122/><D115/><U58/><E68/><V99/><F2/><W49/><G114/><T79/><D122/><U74/><E33/><V101/><F135/><W66/><G134/><T117/><D3/><U132/><E7/><V105/><F128/><W126/><G108/><N who="1" m="41546" /><E58/><V87/><F102/><W63/><G126/><T64/><D110/><U12/><E132/><V42/><F31/><W95/><G119/><T112/><D112/><U48/><E48/><V41/><F41/><N who="3" m="24783" /><G76/><T96/><D6/><U35/><E35/><V10/><F10/><N who="3" m="4203" /><G72/><N who="1" m="27690" /><E78/><V107/><F77/><W54/><G54/><T14/><D79/><U84/><E84/><V85/><F87/><W4/><G4/><T43/><D73/><U116/><E116/><V104/><REACH who="2" step="1"/><F19/><REACH who="2" ten="280,163,230,317" step="2"/><N who="3" m="12447" /><G63/><T47/><D61/><U50/><E50/><V89/><F89/><AGARI ba="0,1" hai="12,16,23,36,39,89,92,97" m="27690,41546" machi="89" ten="30,5800,0" yaku="14,1,10,1,54,1" doraHai="22" who="1" fromWho="2" sc="280,0,163,68,230,-58,317,0" /><INIT seed="1,1,0,4,3,8" ten="280,231,172,317" oya="1" hai0="15,31,4,53,55,43,125,57,52,6,33,130,132" hai1="25,30,75,106,63,90,89,47,36,20,127,22,17" hai2="121,104,118,24,77,46,134,99,87,62,64,93,74" hai3="102,110,128,83,28,78,91,101,37,111,32,1,23"/><U19/><E106/><V73/><F118/><W7/><G37/><T14/><D130/><U72/><E127/><V12/><F121/><W48/><G32/><T123/><D125/><U3/><E3/><V35/><F134/><W76/><G128/><T114/><D114/><U51/><E36/><V66/><F66/><W109/><G1/><T126/><D126/><U39/><E39/><V16/><F104/><W42/><G7/><N who="0" m="2603" /><D33/><U60/><E30/><V13/><F74/><N who="3" m="43415" /><G78/><T103/><D31/><U129/><E129/><V94/><F73/><W120/><G120/><T98/><D43/><U69/><E69/><V97/><F35/><W108/><G108/><T2/><D2/><U45/><E51/><V18/><F24/><AGARI ba="1,0" hai="17,19,20,22,24,25,45,47,60,63,72,75,89,90" machi="24" ten="25,2400,0" yaku="22,2" doraHai="8" who="1" fromWho="2" sc="280,0,231,27,172,-27,317,0" /><INIT seed="1,2,0,2,3,32" ten="280,258,145,317" oya="1" hai0="44,17,121,118,69,62,53,82,41,113,52,66,56" hai1="28,38,1,3,80,92,59,14,89,19,50,67,133" hai2="124,9,90,103,132,25,68,88,86,127,18,16,71" hai3="58,87,45,30,105,99,81,120,116,40,114,83,48"/><U129/><E38/><V35/><F103/><W2/><G120/><T23/><D113/><U15/><E133/><V115/><F132/><W84/><G114/><T75/><D118/><U91/><E129/><V11/><F115/><W36/><G116/><T49/><D121/><U21/><E28/><V6/><F35/><W125/><G125/><N who="2" m="48201" /><F25/><W95/><G105/><T101/><D101/><U111/><E111/><V76/><F76/><N who="3" m="46119" /><G2/><T119/><D119/><U22/><E80/><N who="2" m="49223" /><F90/><N who="3" m="51583" /><G36/><T134/><D134/><U77/><E77/><V109/><F109/><W102/><G30/><T123/><D123/><U74/><E74/><V63/><F63/><W4/><G4/><T5/><D5/><U94/><E19/><N who="2" m="7211" /><F11/><W70/><G70/><T43/><D75/><U8/><E8/><V108/><F108/><W104/><G104/><T107/><D107/><U51/><E59/><AGARI ba="2,0" hai="40,45,48,58,59,95,99,102" m="51583,46119" machi="59" ten="30,1000,0" yaku="8,1" doraHai="32" who="3" fromWho="1" sc="280,0,258,-16,145,0,317,16" /><INIT seed="2,0,0,0,2,95" ten="280,242,145,333" oya="2" hai0="121,18,78,0,62,99,52,42,6,41,123,35,70" hai1="119,4,84,36,8,61,15,67,3,88,106,47,5" hai2="97,48,130,125,110,89,69,58,114,94,39,37,112" hai3="102,120,104,85,68,93,129,31,63,32,59,56,126"/><V132/><F69/><W116/><G116/><T71/><D35/><U72/><E119/><V23/><F132/><W26/><G120/><T87/><D0/><U2/><E72/><V28/><F130/><W11/><G129/><T38/><D6/><U34/><E34/><V57/><F125/><W91/><G126/><T124/><D124/><U76/><E76/><V80/><F110/><W17/><G17/><T86/><D18/><U29/><E29/><V90/><F39/><W77/><G11/><T12/><D12/><U14/><E106/><V75/><F37/><W21/><G21/><T54/><D38/><U50/><E36/><V81/><F75/><W51/><G77/><T43/><D99/><U128/><E128/><V92/><F48/><W53/><G68/><T9/><D9/><U1/><E1/><V108/><F108/><W115/><G115/><T49/><D78/><U33/><E33/><V44/><F44/><W55/><G104/><T20/><D20/><U79/><E79/><V82/><F114/><W74/><G74/><T40/><D87/><U27/><E3/><V127/><F112/><W111/><G111/><T122/><D86/><U113/><E2/><V100/><F127/><W66/><G102/><T19/><D19/><U60/><E50/><V117/><F117/><W107/><G107/><T22/><D22/><U46/><E113/><V133/><F133/><W96/><G85/><T131/><D131/><U101/><E47/><V135/><F135/><W109/><G109/><T65/><D71/><U24/><E46/><AGARI ba="0,0" hai="40,41,42,43,46,49,52,54,62,65,70,121,122,123" machi="46" ten="50,8000,1" yaku="34,3,54,1" doraHai="95" who="0" fromWho="1" sc="280,80,242,-80,145,0,333,0" /><INIT seed="3,0,0,1,5,85" ten="360,162,145,333" oya="3" hai0="135,107,133,27,30,48,9,35,101,6,129,124,114" hai1="34,74,82,22,8,53,44,65,45,51,56,43,72" hai2="104,91,123,41,94,117,11,31,25,15,5,3,78" hai3="131,42,26,128,71,88,86,58,79,13,62,115,36"/><W59/><G115/><T80/><D129/><N who="3" m="49737" /><G79/><T20/><D124/><U130/><E34/><V132/><F117/><W40/><G13/><T93/><D114/><U75/><E130/><V84/><F104/><W67/><G26/><T102/><D107/><U28/><E75/><V96/><F132/><N who="0" m="50762" /><D80/><U127/><E82/><N who="2" m="47191" /><F3/><W7/><G7/><T16/><D48/><U98/><E74/><V116/><F116/><W73/><G73/><T69/><D69/><U19/><E72/><V50/><F123/><W126/><G126/><T49/><D49/><U100/><E127/><V119/><F119/><W33/><G33/><T21/><D93/><U87/><E51/><V55/><F41/><N who="3" m="15979" /><G36/><T122/><D122/><U77/><E43/><V38/><F38/><W118/><G118/><T60/><D60/><U4/><E77/><V17/><F31/><W110/><G110/><T24/><D35/><U109/><E109/><V125/><F125/><W99/><G99/><T113/><D113/><U81/><E98/><V12/><F25/><W106/><G106/><T39/><D39/><U14/><E87/><V121/><F121/><W64/><G64/><T46/><D46/><U32/><E45/><N who="2" m="28111" /><F15/><AGARI ba="0,0" hai="6,9,15,16,20,21,24,27,30,101,102" m="50762" machi="15" ten="30,2000,0" yaku="20,1,54,1" doraHai="85" who="0" fromWho="2" sc="360,20,162,0,145,-20,333,0" owari="380,48.0,162,-23.8,125,-37.5,333,13.3" /></mjloggm>