<mjloggm ver="2.3"><GO type="169" lobby="0"/><UN n0="%42%42%E3%81%A7%E3%81%99%E3%80%82" n1="%E3%83%A8%E3%83%BC%E3%83%BB%E3%83%9E%E3%82%A4%E3%82%AB" n2="%E8%99%B9%E8%89%B2%E3%82%B8%E3%83%A7%E3%83%BC%E3%82%AB%E3%83%BC" n3="%E3%81%9F%E3%81%8B%E3%81%AA" dan="17,17,17,19" rate="2181.34,2169.55,2211.27,2218.08" sx="M,M,M,M"/><TAIKYOKU oya="0"/><INIT seed="0,0,0,4,0,50" ten="250,250,250,250" oya="0" hai0="82,117,112,9,20,63,106,37,15,1,55,16,25" hai1="95,118,57,101,47,32,61,97,31,46,73,38,119" hai2="111,19,108,90,121,7,71,105,131,125,34,75,27" hai3="44,65,23,64,89,17,30,67,33,11,26,53,110"/><T0/><D37/><U92/><E73/><V68/><F75/><W77/><G110/><T13/><D106/><U98/><E32/><V115/><F105/><W116/><G116/><T12/><D117/><U107/><E31/><V123/><F7/><W80/><G89/><T103/><D112/><U129/><E107/><V21/><F115/><W41/><G11/><T128/><D128/><U78/><E78/><V84/><F34/><W22/><G17/><T130/><D130/><U54/><E129/><V58/><F131/><W70/><G70/><N who="2" m="26665" /><F125/><W109/><G109/><N who="2" m="42057" /><F58/><W124/><G124/><T85/><D103/><U2/><E2/><V56/><F56/><W88/><G88/><N who="0" m="51255" /><D0/><U39/><E57/><V100/><F100/><W45/><G77/><T66/><D66/><U133/><E101/><V28/><F28/><W59/><G80/><AGARI ba="0,0" hai="19,21,27,80,84,90,121,123" m="42057,26665" machi="80" ten="30,1000,0" yaku="14,1" doraHai="50" who="2" fromWho="3" sc="250,0,250,0,250,10,250,-10" /><INIT seed="1,0,0,3,3,95" ten="250,250,260,240" oya="1" hai0="49,32,128,14,105,120,69,7,83,1,114,92,47" hai1="112,44,39,106,0,60,25,50,77,88,76,86,22" hai2="131,118,70,3,58,127,87,85,129,19,98,134,102" hai3="42,81,133,30,75,126,90,74,110,82,10,17,24"/><U57/><E112/><V34/><F70/><W78/><G110/><T89/><D114/><U91/><E39/><V29/><F3/><W108/><G108/><T104/><D32/><U48/><E0/><V51/><F118/><W72/><G126/><T84/><D69/><U4/><E4/><V2/><F2/><W73/><G133/><T41/><D1/><U31/><E106/><V61/><F51/><W135/><G135/><T68/><D68/><U71/><E71/><V132/><F19/><W46/><G10/><T52/><D128/><N who="2" m="49226" /><F127/><W124/><G17/><T121/><D41/><U8/><E8/><V55/><F87/><W56/><G56/><T116/><D116/><U16/><E31/><V23/><F85/><W103/><G124/><T66/><D66/><N who="1" m="39183" /><E91/><V65/><F34/><W18/><G18/><T15/><D83/><N who="1" m="49247" /><E48/><V111/><F111/><W26/><G30/><T93/><D7/><U119/><E119/><V94/><F65/><W21/><G73/><T123/><REACH who="0" step="1"/><D92/><REACH who="0" ten="240,250,260,240" step="2"/><U115/><E115/><V80/><F80/><W125/><G125/><T9/><D9/><U109/><E109/><V100/><F134/><W113/><G113/><T28/><D28/><U36/><E36/><V97/><F132/><W117/><G117/><T59/><D59/><U79/><E79/><V122/><F29/><W12/><G78/><T53/><D53/><AGARI ba="0,1" hai="16,22,25,44,50,53,76,77" m="49247,39183" machi="53" ten="30,5800,0" yaku="8,1,54,2" doraHai="95" who="1" fromWho="0" sc="240,-58,250,68,260,0,240,0" /><INIT seed="1,1,0,5,2,121" ten="182,318,260,240" oya="1" hai0="42,32,89,64,109,123,20,63,77,102,9,81,116" hai1="134,93,11,54,101,16,124,106,23,46,56,113,12" hai2="70,28,48,95,85,60,10,108,27,114,49,69,130" hai3="18,94,30,83,41,35,14,103,50,0,128,34,133"/><U100/><E113/><V111/><F114/><W120/><G120/><T67/><D116/><U122/><E122/><V84/><F130/><W25/><G128/><T31/><D123/><U37/><E124/><V125/><F10/><W58/><G133/><T79/><D32/><U97/><E134/><V4/><F4/><W119/><G119/><T1/><D102/><U73/><E73/><V91/><F85/><W53/><G0/><T19/><D42/><U15/><E37/><V87/><F87/><W5/><G5/><T72/><D1/><U51/><E46/><V61/><F61/><W71/><G71/><N who="2" m="27145" /><F60/><W118/><G35/><T107/><D63/><U66/><E66/><V110/><F125/><W29/><G29/><T117/><D9/><U55/><E54/><V98/><F84/><W24/><G118/><T21/><D31/><U2/><E2/><V57/><F57/><W36/><G83/><T112/><D81/><U43/><E43/><V129/><F129/><W131/><G131/><T59/><D59/><U8/><E101/><V96/><F98/><N who="3" m="59863" /><G36/><T6/><D6/><U47/><E47/><V7/><F7/><W99/><G99/><T22/><D72/><U115/><E115/><V38/><F38/><W127/><G127/><T62/><D112/><U80/><E80/><V26/><F27/><N who="3" m="18783" /><G41/><T74/><D74/><U76/><E76/><V44/><F44/><W68/><G68/><T40/><D79/><U104/><REACH who="1" step="1"/><E11/><REACH who="1" ten="182,308,260,240" step="2"/><V78/><F78/><W45/><G45/><T65/><D77/><U88/><E88/><V17/><F28/><W105/><G105/><RYUUKYOKU ba="1,1" sc="182,-30,308,10,260,10,240,10" hai1="8,12,15,16,23,51,55,56,93,97,100,104,106" hai2="17,26,48,49,91,95,96,108,110,111" hai3="14,18,24,25,50,53,58" /><INIT seed="1,2,1,3,2,4" ten="152,318,270,250" oya="1" hai0="126,98,122,120,7,58,86,19,12,69,129,13,66" hai1="15,134,87,33,67,115,5,85,39,132,107,29,113" hai2="62,125,37,105,79,63,42,21,94,106,102,99,111" hai3="78,131,59,83,27,92,97,56,41,36,61,16,90"/><U96/><E67/><V117/><F117/><W72/><G131/><T26/><D69/><U47/><E47/><V88/><F111/><W123/><G123/><N who="0" m="47147" /><D126/><U40/><E40/><V34/><F34/><W46/><REACH who="3" step="1"/><G61/><REACH who="3" ten="152,318,270,240" step="2"/><N who="0" m="38199" /><D129/><U51/><E51/><V128/><F128/><W77/><G77/><T60/><D60/><U82/><E39/><V10/><F63/><W114/><G114/><T1/><D98/><U23/><E96/><V6/><F62/><W11/><G11/><N who="0" m="2543" /><D86/><U110/><E85/><V18/><F99/><W64/><G64/><T130/><D130/><U22/><E87/><V112/><F112/><W25/><G25/><T109/><D109/><U124/><E110/><V9/><F79/><W74/><G74/><T44/><D44/><U65/><E65/><V17/><F37/><W108/><G108/><T8/><D26/><N who="1" m="18615" /><E113/><V84/><F84/><W76/><G76/><T43/><D43/><U38/><E115/><V116/><F42/><W24/><G24/><T35/><D35/><U135/><E124/><V100/><F125/><W52/><G52/><T31/><D31/><U95/><E38/><V103/><F21/><AGARI ba="2,2" hai="16,21,27,36,41,46,56,59,72,78,83,90,92,97" machi="21" ten="40,5200,0" yaku="1,1,54,1,53,1" doraHai="4" doraHaiUra="91" who="3" fromWho="2" sc="152,0,318,0,270,-58,240,78" /><INIT seed="2,0,0,5,0,72" ten="152,318,212,318" oya="2" hai0="28,89,122,48,24,83,133,40,34,73,95,70,130" hai1="81,42,60,22,111,44,25,21,36,68,104,126,3" hai2="88,82,77,79,51,39,12,4,6,129,37,118,75" hai3="102,26,27,20,52,19,59,125,1,62,108,120,54"/><V109/><F118/><W128/><G108/><T91/><D122/><U132/><E111/><V100/><F109/><W93/><G120/><T55/><D70/><U31/><E126/><V32/><F32/><W96/><G125/><T15/><D130/><U99/><E132/><V61/><F129/><W87/><G128/><T106/><D106/><U11/><E22/><V92/><F100/><W76/><G1/><T85/><D133/><U2/><E11/><V63/><F39/><W135/><G135/><T8/><D40/><U67/><E81/><V9/><F37/><W16/><G54/><T112/><D73/><U33/><E21/><V131/><F131/><W43/><G43/><T84/><D112/><U90/><E90/><V10/><F51/><W134/><G134/><T110/><D110/><U49/><E49/><V107/><F107/><W30/><G26/><T97/><D97/><U78/><E78/><V124/><F79/><W7/><G7/><T86/><D95/><U56/><E56/><V0/><F124/><W65/><G52/><T58/><REACH who="0" step="1"/><D91/><REACH who="0" ten="142,318,212,318" step="2"/><U57/><E57/><V41/><F41/><W13/><G13/><T121/><D121/><U105/><E104/><V123/><F123/><W53/><G53/><T45/><D45/><U113/><E113/><V14/><F0/><W94/><G93/><T98/><D98/><AGARI ba="0,1" hai="4,6,9,10,12,14,61,63,75,77,82,88,92,98" machi="98" ten="30,11600,0" yaku="7,1,9,1,52,1,54,1" doraHai="72" who="2" fromWho="0" sc="142,-116,318,0,212,126,318,0" /><INIT seed="2,1,0,5,0,12" ten="26,318,338,318" oya="2" hai0="121,57,26,97,46,124,0,135,107,41,102,15,64" hai1="125,70,115,122,83,59,100,32,21,94,4,71,37" hai2="77,35,58,116,101,44,19,129,123,95,28,134,23" hai3="62,63,10,133,29,48,91,39,130,8,36,67,50"/><V103/><F123/><W88/><G29/><T30/><D121/><U80/><E32/><V90/><F116/><W96/><G96/><T76/><D0/><U106/><E122/><V5/><F134/><W31/><G31/><T131/><D135/><U66/><E115/><V78/><F129/><W1/><G133/><T24/><D131/><U56/><E37/><V72/><F5/><W93/><G130/><T61/><D124/><U75/><E4/><V2/><F2/><W68/><G1/><T109/><D109/><U22/><E75/><V60/><F44/><W69/><G93/><T114/><D114/><U132/><E132/><V51/><F51/><W108/><REACH who="3" step="1"/><G67/><REACH who="3" ten="26,318,338,308" step="2"/><T18/><D30/><U27/><E94/><V74/><F28/><W104/><G104/><T13/><D76/><N who="2" m="29290" /><F35/><W45/><G45/><T79/><D79/><U38/><E66/><N who="2" m="39191" /><F74/><W65/><G65/><T89/><D89/><U92/><E106/><V54/><F72/><W42/><G42/><T118/><D118/><U17/><E125/><V111/><F111/><AGARI ba="1,1" hai="8,10,36,39,48,50,62,63,68,69,88,91,108,111" machi="111" ten="25,6400,0" yaku="1,1,22,2,54,1,53,0" doraHai="12" doraHaiUra="49" who="3" fromWho="2" sc="26,0,318,0,338,-67,308,77" /><INIT seed="3,0,0,3,2,55" ten="26,318,271,385" oya="3" hai0="115,109,101,14,91,7,116,128,106,30,67,107,54" hai1="72,81,75,51,86,83,49,69,9,129,111,63,120" hai2="62,60,82,94,39,5,40,89,18,8,133,96,127" hai3="125,34,53,70,23,88,12,110,11,103,15,112,28"/><W68/><G112/><T104/><D116/><U43/><E111/><V126/><F18/><W74/><G74/><T22/><D109/><U32/><E120/><V10/><F133/><W100/><G110/><T84/><D128/><U4/><E32/><V85/><F40/><W135/><G34/><T71/><D115/><U65/><E129/><V95/><F39/><W122/><G122/><T58/><D71/><U123/><E123/><V124/><F94/><W41/><G41/><T20/><D67/><U121/><E121/><V6/><F10/><W44/><G135/><T45/><D45/><U131/><E131/><V99/><F99/><W117/><G117/><T105/><N who="0" m="26624" /><DORA hai="52" /><T98/><D30/><U21/><E21/><V66/><F8/><W31/><G125/><T3/><D3/><U102/><E102/><N who="3" m="38954" /><G70/><T33/><D33/><U93/><E93/><V26/><F26/><W114/><G68/><T73/><D73/><U16/><E16/><V17/><F17/><N who="3" m="10687" /><G88/><T29/><D101/><U80/><E75/><V36/><F36/><W13/><G13/><T48/><D98/><U50/><E72/><V132/><F132/><W57/><G44/><T56/><D56/><U130/><E130/><V2/><F2/><W27/><G27/><T61/><D29/><U90/><REACH who="1" step="1"/><E43/><REACH who="1" ten="26,308,271,385" step="2"/><V92/><F126/><W78/><G114/><T119/><D119/><U37/><E37/><V77/><F127/><W25/><G25/><T38/><D38/><U42/><E42/><V1/><F124/><W47/><G31/><T35/><D35/><U97/><E97/><V24/><F96/><RYUUKYOKU ba="0,1" sc="26,-10,308,30,271,-10,385,-10" hai1="4,9,49,50,51,63,65,69,80,81,83,86,90" /><INIT seed="4,1,1,4,0,98" ten="16,338,261,375" oya="0" hai0="83,9,12,129,77,47,2,16,115,104,107,17,11" hai1="62,22,52,100,37,7,24,20,26,123,75,78,81" hai2="99,130,126,116,119,97,42,14,35,132,4,76,0" hai3="13,112,6,65,71,118,117,127,29,3,10,80,95"/><T63/><D115/><U61/><E123/><V39/><F35/><W33/><G112/><T101/><D129/><U60/><E37/><V68/><F68/><W19/><G80/><T134/><D134/><U114/><E114/><V87/><F132/><W40/><G40/><T44/><D63/><U125/><E125/><V57/><F0/><W128/><G95/><T41/><D101/><U66/><E7/><V94/><F99/><W110/><G110/><T103/><D103/><U64/><E100/><V36/><F42/><W45/><G45/><T124/><D124/><U43/><E43/><V49/><F97/><W31/><G127/><T55/><D55/><U74/><E52/><N who="2" m="31887" /><F130/><W50/><G50/><T91/><D91/><U82/><E60/><V25/><F25/><N who="3" m="18607" /><G31/><T72/><D47/><U69/><E69/><V70/><F70/><W88/><G88/><T89/><D89/><U93/><E93/><V67/><F67/><W85/><G85/><T135/><D135/><U92/><E92/><V32/><F32/><W5/><G128/><T30/><D30/><U21/><E21/><V105/><F105/><W79/><G3/><T8/><D17/><U28/><E28/><V59/><F59/><W90/><G90/><T133/><D133/><U108/><E78/><V122/><F94/><W34/><G34/><T46/><D46/><U1/><E1/><V54/><F54/><W23/><G79/><T106/><REACH who="0" step="1"/><D2/><REACH who="0" ten="6,338,261,375" step="2"/><U111/><AGARI ba="1,2" hai="20,22,24,26,61,62,64,66,74,75,81,82,108,111" machi="111" ten="25,3200,0" yaku="0,1,22,2" doraHai="98" who="1" fromWho="1" sc="6,-17,338,55,261,-9,375,-9" owari="-11,-51.1,393,49.3,252,-14.8,366,16.6" /></mjloggm>