<mjloggm ver="2.3"><GO type="169" lobby="0"/><UN n0="%2D%E8%B1%8A%E5%8F%A3%E3%82%81%E3%81%90%E3%81%BF%2D" n1="%6D%62%72%63%68%61%6E" n2="%E7%9C%9F%E9%BE%8D%E5%85%84%E8%B2%B4" n3="%E3%83%AD%E3%83%99%E3%83%AB%E3%82%BF%E3%81%95%E3%82%93%EF%BC%A0" dan="17,16,16,16" rate="2177.08,2130.06,2058.45,2130.25" sx="F,M,M,F"/><TAIKYOKU oya="0"/><INIT seed="0,0,0,4,1,91" ten="250,250,250,250" oya="0" hai0="2,13,75,122,29,43,100,32,87,79,61,111,26" hai1="33,126,73,30,37,67,17,5,51,106,90,11,98" hai2="49,47,38,78,60,27,16,104,92,99,127,97,114" hai3="52,116,81,0,59,124,19,15,117,82,71,48,20"/><T96/><D122/><U95/><E37/><V34/><F114/><W93/><G124/><T128/><D2/><U6/><E126/><V135/><F127/><W123/><G71/><T88/><D128/><U45/><E73/><V110/><F38/><W72/><G0/><T12/><D111/><U39/><E39/><V120/><F120/><W50/><G123/><T131/><D131/><U118/><E118/><V22/><F135/><W74/><G74/><T85/><D43/><U129/><E106/><V44/><F110/><W66/><G66/><T23/><D61/><U70/><E129/><V121/><F121/><W56/><G72/><T57/><D57/><U101/><E33/><V35/><F78/><W46/><G59/><T89/><D75/><U64/><E30/><V105/><F60/><W94/><G117/><T125/><D125/><U113/><E113/><V3/><F3/><W109/><G109/><T63/><D63/><U53/><E70/><V25/><F47/><W133/><G133/><T42/><D42/><U107/><E17/><V36/><F36/><W62/><G116/><T1/><D1/><U55/><E55/><V80/><F80/><N who="3" m="30827" /><G62/><T9/><D32/><U54/><E54/><AGARI ba="0,0" hai="15,19,20,46,48,50,52,54,56,93,94" m="30827" machi="54" ten="30,7700,0" yaku="8,1,52,2,54,1" doraHai="91" who="3" fromWho="1" sc="250,0,250,-77,250,0,250,77" /><INIT seed="1,0,0,2,0,83" ten="250,173,250,327" oya="1" hai0="49,21,129,22,120,0,81,5,69,85,76,131,32" hai1="11,113,117,102,14,105,135,130,36,33,51,116,68" hai2="100,28,16,90,110,88,18,27,124,92,35,19,82" hai3="109,50,111,65,115,41,87,118,96,94,89,73,25"/><U17/><E113/><V62/><F110/><W123/><G73/><T61/><D32/><U47/><E36/><V24/><F124/><W132/><G132/><T45/><D120/><U80/><E135/><V4/><F4/><W107/><G118/><T95/><D0/><U77/><E130/><N who="0" m="49673" /><D5/><U57/><E68/><V29/><F62/><W79/><G123/><T133/><D133/><U42/><E33/><V112/><F112/><W3/><G3/><T114/><D114/><U60/><E102/><V13/><F13/><W126/><G126/><T55/><D95/><U6/><E105/><V64/><F64/><AGARI ba="0,0" hai="21,22,45,49,55,61,64,69,76,81,85" m="49673" machi="64" ten="30,2000,0" yaku="19,1,52,1" doraHai="83" who="0" fromWho="2" sc="250,20,173,0,250,-20,327,0" /><INIT seed="2,0,0,2,0,51" ten="270,173,230,327" oya="2" hai0="115,99,54,133,95,110,77,7,123,12,127,32,38" hai1="49,76,55,105,125,39,46,8,68,74,57,9,48" hai2="52,93,117,98,81,24,69,72,63,97,130,36,73" hai3="82,34,116,108,5,91,27,33,132,111,89,14,11"/><V129/><F117/><W64/><G132/><T60/><D123/><U26/><E125/><V100/><F36/><W19/><G116/><T61/><D115/><U109/><E109/><N who="3" m="42058" /><G64/><T18/><D110/><U101/><E68/><V37/><F37/><W58/><G58/><T22/><D32/><N who="3" m="12393" /><G82/><T4/><D38/><U31/><E39/><V86/><F69/><W62/><G62/><T53/><D77/><U70/><E70/><V59/><F24/><W103/><G103/><T84/><D84/><U42/><E76/><V114/><F97/><W0/><G27/><T6/><D127/><U126/><E74/><V50/><F114/><W128/><G128/><N who="2" m="49257" /><F63/><N who="0" m="24138" /><D133/><U3/><E126/><V16/><F16/><W28/><G28/><T1/><D1/><U87/><E3/><V67/><F67/><W135/><G135/><T66/><D66/><U120/><E120/><V56/><F56/><W71/><G71/><T107/><D107/><U122/><E122/><V106/><F106/><W25/><G25/><T94/><D94/><U20/><REACH who="1" step="1"/><E87/><REACH who="1" ten="270,163,230,327" step="2"/><V90/><AGARI ba="0,1" hai="50,52,59,72,73,81,86,90,93,98,100" m="49257" machi="90" ten="30,6000,0" yaku="19,1,52,1,54,1" doraHai="51" who="2" fromWho="2" sc="270,-20,163,-20,230,70,327,-20" /><INIT seed="2,1,0,0,3,1" ten="250,143,300,307" oya="2" hai0="102,70,20,79,58,8,120,36,109,37,7,56,4" hai1="61,128,13,101,42,41,73,86,131,87,34,77,35" hai2="130,81,32,50,48,21,94,40,62,47,119,17,68" hai3="71,132,59,88,100,90,99,80,11,127,67,45,25"/><V23/><F119/><W134/><G127/><T53/><D70/><U76/><E101/><V24/><F130/><N who="1" m="49705" /><E61/><V64/><F32/><N who="1" m="12329" /><E13/><V10/><F94/><W93/><G71/><T121/><D79/><N who="1" m="30283" /><E73/><V95/><F81/><W126/><G80/><T55/><D102/><U65/><E65/><V29/><F95/><W135/><G67/><T106/><D20/><U110/><E110/><V16/><F10/><W74/><G11/><T38/><D8/><U66/><E66/><V82/><F82/><W44/><G93/><T57/><D106/><U129/><N who="1" m="49713" /><U103/><DORA hai="133" /><E103/><V115/><F115/><W2/><G74/><T51/><D109/><U124/><E124/><V75/><F75/><W6/><G126/><T83/><D83/><U12/><E12/><V52/><REACH who="2" step="1"/><F21/><REACH who="2" ten="250,143,290,307" step="2"/><W112/><G112/><T105/><D105/><U39/><E39/><V54/><F54/><N who="0" m="20490" /><D51/><U69/><E69/><V92/><F92/><W19/><G135/><T125/><D125/><U18/><E18/><V104/><F104/><W30/><G19/><T31/><D31/><U78/><E78/><V108/><F108/><W15/><G30/><T9/><D9/><U117/><E117/><V22/><F22/><W0/><G134/><T72/><D72/><U85/><AGARI ba="1,1" hai="41,42,85,86,87" m="30283,12329,49713" machi="85" ten="50,6400,0" yaku="28,2,19,1" doraHai="1,133" who="1" fromWho="1" sc="250,-17,143,77,290,-33,307,-17" /><INIT seed="3,0,0,3,5,112" ten="233,220,257,290" oya="3" hai0="119,121,130,125,22,71,117,132,59,72,84,96,24" hai1="135,25,88,78,95,5,58,99,127,65,8,11,89" hai2="57,0,60,64,129,33,118,107,56,20,29,104,49" hai3="50,76,109,102,98,40,15,108,63,133,48,6,36"/><W26/><G133/><T68/><D72/><U134/><E127/><V39/><F39/><W90/><G76/><T73/><D73/><U67/><E78/><V131/><F33/><W2/><G2/><T100/><D121/><U111/><E111/><N who="3" m="42570" /><G90/><T3/><D3/><U62/><E67/><V14/><F0/><W17/><G6/><T12/><D12/><U80/><E25/><V47/><F57/><W86/><G86/><T30/><D125/><U61/><E61/><V81/><F81/><W70/><G26/><T110/><D110/><U44/><E44/><V54/><F29/><W34/><G34/><T83/><D132/><N who="1" m="50731" /><E5/><V35/><F35/><W23/><G40/><T27/><D27/><U31/><E31/><V16/><REACH who="2" step="1"/><F118/><REACH who="2" ten="233,220,247,290" step="2"/><W41/><G36/><T97/><D119/><U93/><E80/><V9/><F9/><W7/><G70/><T91/><D117/><U92/><E92/><V101/><F101/><W42/><G102/><T4/><D71/><U51/><E51/><V113/><F113/><W38/><G50/><T74/><D68/><U123/><E123/><V53/><F53/><W18/><G48/><T85/><D100/><U114/><E114/><V126/><F126/><W1/><G38/><T46/><D83/><U28/><E28/><V37/><F37/><W45/><G1/><T106/><D30/><U122/><E122/><V105/><AGARI ba="0,1" hai="14,16,20,47,49,54,56,60,64,104,105,107,129,131" machi="105" ten="40,5200,0" yaku="1,1,0,1,54,1,53,0" doraHai="112" doraHaiUra="75" who="2" fromWho="2" sc="233,-13,220,-13,247,62,290,-26" /><INIT seed="4,0,0,0,5,42" ten="220,207,309,264" oya="0" hai0="19,54,132,93,2,7,1,20,88,74,14,11,117" hai1="27,112,50,131,61,105,94,23,85,10,100,55,110" hai2="82,109,98,73,104,111,15,37,133,80,24,95,90" hai3="89,13,115,113,43,125,6,127,18,99,92,65,120"/><T134/><D74/><U81/><E110/><V57/><F37/><W40/><G120/><T79/><D79/><U84/><E105/><V77/><F24/><W72/><G6/><T22/><D117/><U35/><E35/><V21/><F21/><W29/><G65/><T122/><D122/><U60/><E131/><V97/><F15/><W9/><G29/><T59/><D22/><U38/><E38/><V108/><F57/><W39/><G72/><T75/><D75/><U123/><E112/><N who="3" m="43082" /><G39/><T32/><D32/><U17/><E10/><V102/><F82/><W0/><G0/><T33/><D33/><U41/><E41/><AGARI ba="0,0" hai="9,13,18,40,41,43,89,92,99,125,127" m="43082" machi="41" ten="30,1000,0" yaku="15,1" doraHai="42" who="3" fromWho="1" sc="220,0,207,-10,309,0,264,10" /><INIT seed="5,0,0,1,3,6" ten="220,197,309,274" oya="1" hai0="14,0,75,96,1,62,93,66,121,16,84,90,89" hai1="41,112,86,9,92,52,116,72,49,32,129,25,63" hai2="15,28,110,95,115,39,117,4,128,30,20,82,36" hai3="102,55,81,18,58,48,118,109,23,126,123,132,108"/><U77/><E116/><V60/><F117/><W29/><G132/><T24/><D75/><U69/><E72/><V85/><F110/><W99/><G126/><T10/><D121/><U101/><E129/><V79/><F128/><W80/><G123/><T2/><D24/><U27/><E112/><V127/><F127/><W56/><G118/><T11/><D90/><U133/><E133/><V21/><F36/><W74/><G29/><T114/><D114/><U57/><E32/><V5/><F39/><W94/><G74/><T105/><D105/><U70/><E70/><V61/><F115/><W50/><G108/><T125/><D125/><U78/><E9/><V88/><F28/><W119/><G119/><T124/><D124/><U130/><E130/><V51/><F51/><W8/><G8/><T59/><REACH who="0" step="1"/><D96/><REACH who="0" ten="210,197,309,274" step="2"/><N who="1" m="59527" /><E69/><V98/><F98/><W46/><G109/><T35/><D35/><U53/><E41/><V120/><F120/><W87/><G87/><T67/><D67/><U71/><E71/><V113/><F85/><W131/><G131/><T111/><D111/><U38/><E38/><V45/><F113/><W40/><REACH who="3" step="1"/><G56/><REACH who="3" ten="210,197,309,264" step="2"/><T33/><D33/><U106/><E86/><V26/><F79/><N who="1" m="30217" /><E106/><V100/><F82/><W7/><G7/><AGARI ba="0,2" hai="0,1,2,7,10,11,14,16,59,62,66,84,89,93" machi="7" ten="40,8000,1" yaku="1,1,52,2,54,1,53,0" doraHai="6" doraHaiUra="68" who="0" fromWho="3" sc="210,100,197,0,309,0,264,-80" /><INIT seed="6,0,0,0,1,92" ten="310,197,309,184" oya="2" hai0="133,26,81,0,105,30,72,97,102,28,115,87,36" hai1="40,46,33,24,53,84,51,44,98,14,48,127,122" hai2="20,124,13,89,66,109,80,32,2,31,39,74,104" hai3="57,29,123,6,134,69,132,8,42,91,135,99,5"/><V37/><F124/><W4/><G123/><T17/><D36/><U120/><E127/><V113/><F2/><W107/><G69/><T75/><D0/><U61/><E84/><V118/><F118/><W50/><G29/><T86/><D115/><U85/><E85/><V117/><F113/><W1/><G91/><T101/><D133/><U78/><E78/><V16/><F117/><W83/><G83/><T58/><D17/><U55/><E14/><V114/><F114/><W59/><G59/><T76/><D102/><U22/><E33/><V73/><F66/><W125/><G125/><T49/><D30/><U7/><E7/><V10/><F32/><W129/><G129/><T96/><D96/><U116/><E116/><V131/><F131/><W41/><G41/><T82/><D49/><U121/><E98/><V71/><F71/><W27/><G27/><T130/><D58/><N who="1" m="35023" /><E22/><V128/><F128/><W111/><G111/><T18/><D18/><U62/><E24/><V103/><F109/><W9/><G1/><T47/><D47/><U94/><E94/><V38/><F31/><W64/><G64/><T11/><D11/><U15/><E15/><V45/><F45/><N who="3" m="25911" /><G57/><T112/><D130/><U95/><E95/><V19/><F74/><W54/><G54/><T93/><D93/><U119/><E119/><V65/><F65/><W12/><G12/><T68/><D68/><U90/><E90/><V3/><F3/><W110/><G110/><T43/><D112/><U60/><AGARI ba="0,0" hai="40,44,46,48,51,55,60,62,120,121,122" m="35023" machi="60" ten="40,5200,0" yaku="13,1,34,2" doraHai="92" who="1" fromWho="1" sc="310,-13,197,52,309,-26,184,-13" /><INIT seed="7,0,0,3,4,72" ten="297,249,283,171" oya="3" hai0="118,126,119,6,111,19,37,80,65,115,103,71,1" hai1="49,47,52,60,56,121,120,70,29,83,102,63,107" hai2="101,78,106,13,127,68,42,0,113,26,75,134,99" hai3="28,76,16,45,46,94,124,85,38,125,112,123,122"/><W41/><G28/><T15/><D111/><U129/><E129/><V24/><F0/><W133/><G112/><T130/><D37/><U116/><E29/><V32/><F113/><W8/><G46/><T73/><D115/><U84/><E116/><V22/><F68/><W108/><G133/><T93/><D6/><U39/><E102/><V40/><F134/><W34/><G34/><T87/><D1/><U2/><E107/><V17/><F127/><N who="3" m="48715" /><G108/><T135/><D135/><U4/><E4/><V53/><F53/><W109/><G109/><T62/><D130/><U18/><E18/><V74/><F74/><W54/><G54/><T10/><D73/><U12/><E12/><V96/><F96/><W57/><G57/><T86/><D126/><U61/><E2/><V92/><F106/><W69/><G69/><T44/><D44/><U43/><REACH who="1" step="1"/><E70/><REACH who="1" ten="297,239,283,171" step="2"/><V55/><F32/><W21/><G8/><T25/><D119/><U88/><AGARI ba="0,1" hai="39,43,47,49,52,56,60,61,63,83,84,88,120,121" machi="88" ten="30,12000,2" yaku="1,1,2,1,0,1,54,2,53,1" doraHai="72" doraHaiUra="77" who="1" fromWho="1" sc="297,-30,239,130,283,-30,171,-60" owari="267,6.7,369,46.9,253,-14.7,111,-38.9" /></mjloggm>