<mjloggm ver="2.3"><GO type="169" lobby="0"/><UN n0="%E3%82%A8%E3%82%B0%E3%83%81%E3%80%81" n1="%41%6D%69%63%68%61%6E" n2="%E6%8C%91%E6%88%A6%E8%80%85%EF%BC%81" n3="%2D%E8%B1%8A%E5%8F%A3%E3%82%81%E3%81%90%E3%81%BF%2D" dan="17,16,17,17" rate="2197.50,2092.17,2185.00,2146.67" sx="M,F,M,F"/><TAIKYOKU oya="0"/><INIT seed="0,0,0,1,1,74" ten="250,250,250,250" oya="0" hai0="27,135,19,43,41,82,113,114,38,3,90,98,111" hai1="9,57,117,0,85,39,89,35,93,8,7,51,132" hai2="45,120,75,24,10,15,66,59,100,88,119,78,21" hai3="87,124,28,84,116,109,97,13,46,17,22,108,52"/><T31/><D3/><U62/><E39/><V134/><F120/><W95/><G116/><T61/><D135/><U86/><E132/><V129/><F134/><W101/><G124/><T80/><D111/><N who="3" m="42569" /><G28/><T12/><D61/><U54/><E35/><V2/><F2/><W23/><G23/><T73/><D114/><U68/><E117/><V25/><F119/><W104/><G104/><T83/><D113/><U81/><E9/><V16/><F100/><W30/><G30/><T99/><D73/><U77/><REACH who="1" step="1"/><E68/><REACH who="1" ten="250,240,250,250" step="2"/><V5/><F129/><W96/><G96/><T115/><D115/><U70/><E70/><V94/><F45/><W122/><G122/><T36/><D38/><U103/><E103/><V79/><F75/><W65/><G97/><T33/><D36/><U40/><E40/><V48/><F25/><W47/><G47/><T58/><D58/><U42/><E42/><V107/><F107/><W106/><G101/><T123/><D123/><U63/><AGARI ba="0,1" hai="0,7,8,51,54,57,62,63,77,81,85,86,89,93" machi="63" ten="30,4000,0" yaku="1,1,0,1,52,1,53,0" doraHai="74" doraHaiUra="130" who="1" fromWho="1" sc="250,-20,240,50,250,-10,250,-10" /><INIT seed="1,0,0,3,5,76" ten="230,290,240,240" oya="1" hai0="118,59,116,31,61,56,82,0,21,113,29,78,5" hai1="120,22,105,110,125,103,106,6,88,63,85,104,7" hai2="77,42,32,58,20,130,108,95,28,30,24,35,132" hai3="62,119,50,128,74,27,41,8,133,44,96,86,135"/><U57/><E120/><V90/><F108/><W37/><G74/><T11/><D113/><U18/><E125/><V71/><F71/><W52/><G128/><T69/><D69/><U124/><E124/><V102/><F130/><W101/><G119/><T109/><D109/><U17/><E110/><V134/><F42/><W98/><G62/><T83/><D59/><U70/><E70/><V55/><F102/><W66/><G66/><T16/><D118/><U91/><E103/><V65/><F65/><W60/><G60/><T117/><D117/><U1/><E1/><V131/><F77/><W79/><G27/><T123/><D123/><U9/><E9/><V75/><F75/><W53/><G8/><T40/><D40/><U87/><E91/><V51/><F131/><W45/><G53/><T10/><D10/><U68/><E68/><V36/><F36/><W19/><G19/><T2/><D2/><U72/><E72/><V122/><F122/><W64/><G64/><T34/><D78/><U115/><E115/><V100/><F100/><W14/><G14/><N who="0" m="9367" /><D31/><U89/><E89/><V13/><F13/><W4/><G4/><T94/><D94/><U46/><E46/><V67/><F67/><W84/><G79/><T99/><D99/><N who="3" m="37929" /><G101/><T97/><D97/><U33/><E33/><N who="2" m="12875" /><F30/><W126/><G126/><T47/><D47/><U112/><E112/><V121/><F121/><W111/><G111/><T23/><D116/><U38/><E38/><V43/><F43/><W93/><G93/><T49/><D49/><U25/><E106/><V48/><F48/><N who="3" m="28679" /><G37/><T15/><D0/><RYUUKYOKU ba="0,0" sc="230,-15,290,-15,240,15,240,15" hai2="20,24,28,51,55,58,90,95,132,134" hai3="41,45,50,84,86,133,135" /><INIT seed="2,1,0,0,2,125" ten="215,275,255,255" oya="2" hai0="86,8,115,119,69,75,50,83,113,130,15,28,12" hai1="80,40,79,0,23,34,19,90,88,129,44,36,27" hai2="5,122,102,99,56,110,120,54,14,16,2,94,18" hai3="31,105,134,13,71,49,84,117,77,10,39,81,60"/><V21/><F110/><W123/><G117/><T74/><D119/><U118/><E118/><V51/><F2/><W111/><G123/><T112/><D69/><U38/><E0/><V132/><F132/><W45/><G105/><T66/><D66/><U47/><E34/><V57/><F5/><W63/><G134/><T67/><D67/><U107/><E107/><V126/><F126/><W97/><G39/><T101/><D101/><U127/><E127/><V135/><F135/><W20/><G71/><T11/><D28/><U124/><E124/><V7/><F7/><W92/><G20/><T4/><D130/><U93/><E93/><V89/><F57/><W116/><G31/><T106/><D106/><U1/><E1/><V109/><F109/><W17/><G111/><T48/><D48/><U78/><E129/><V3/><F3/><W65/><G65/><T128/><D128/><U70/><E70/><V6/><F6/><W68/><G68/><T96/><D96/><U29/><E29/><V104/><REACH who="2" step="1"/><F18/><REACH who="2" ten="215,275,245,255" step="2"/><W9/><G116/><T131/><D131/><U30/><E30/><V76/><F76/><W98/><G17/><T64/><D113/><U62/><E79/><V58/><F58/><W108/><G108/><T95/><D115/><U59/><E59/><V73/><F73/><W103/><G77/><N who="0" m="46447" /><D112/><U72/><E62/><V61/><F61/><W133/><G133/><T24/><D75/><U55/><E72/><V32/><F32/><W91/><G63/><T25/><D74/><U52/><E78/><V35/><F35/><W87/><G60/><T85/><D64/><RYUUKYOKU ba="1,1" sc="215,-10,275,-10,245,30,255,-10" hai2="14,16,21,51,54,56,89,94,99,102,104,120,122" /><INIT seed="2,2,1,1,1,56" ten="205,265,275,245" oya="2" hai0="119,133,66,128,107,125,95,34,71,18,106,57,130" hai1="85,9,96,39,0,110,25,124,50,76,42,15,93" hai2="70,5,86,109,52,115,113,69,129,111,49,126,37" hai3="27,59,28,98,24,65,103,13,120,117,33,22,83"/><V88/><F37/><W48/><G117/><T23/><D119/><U12/><E110/><N who="2" m="41995" /><F5/><W134/><G120/><T47/><D125/><U108/><E108/><V61/><F129/><N who="0" m="49770" /><D34/><U64/><E124/><V116/><F116/><W94/><G134/><T73/><D73/><U78/><E0/><V75/><F75/><W77/><G13/><T105/><D133/><U131/><E131/><V97/><F97/><W51/><G27/><N who="0" m="14839" /><D47/><U19/><E39/><V3/><F3/><W20/><G20/><T8/><D8/><U58/><E9/><V60/><F126/><W102/><G102/><T89/><D71/><N who="2" m="27146" /><F115/><W32/><G32/><T135/><D135/><U43/><E96/><V4/><F4/><W44/><G44/><T67/><D57/><U80/><E58/><N who="2" m="33039" /><F113/><W68/><G68/><T21/><D21/><U53/><E85/><AGARI ba="2,1" hai="66,67,85,89,95,105,106,107" m="14839,49770" machi="85" ten="40,1300,0" yaku="19,1" doraHai="56" who="0" fromWho="1" sc="205,29,265,-19,275,0,245,0" /><INIT seed="3,0,0,1,2,91" ten="234,246,275,245" oya="3" hai0="104,129,59,53,62,1,24,60,118,58,72,87,65" hai1="101,2,90,103,18,131,114,4,75,34,110,123,79" hai2="31,135,109,119,89,12,48,113,33,26,42,116,16" hai3="120,107,28,77,126,84,122,35,85,86,133,40,69"/><W74/><G69/><T14/><D129/><U0/><E114/><V93/><F113/><W106/><G40/><T56/><D118/><U8/><E123/><V50/><F109/><W27/><G126/><T127/><D127/><U23/><E131/><V49/><F135/><W51/><G133/><T19/><D72/><U95/><E110/><V32/><F32/><W36/><G36/><T37/><D1/><U130/><E34/><V7/><F7/><W97/><G51/><T70/><D37/><U92/><E130/><V29/><F29/><W67/><G67/><T9/><D104/><U73/><E2/><V88/><F89/><W128/><G128/><T44/><D44/><U99/><E79/><V17/><F17/><W108/><G108/><T13/><D24/><U5/><E5/><V22/><REACH who="2" step="1"/><F42/><REACH who="2" ten="234,246,265,245" step="2"/><W71/><G122/><T6/><REACH who="0" step="1"/><D87/><AGARI ba="0,1" hai="12,16,22,26,31,33,48,49,50,87,88,93,116,119" machi="87" ten="40,16000,3" yaku="1,1,2,1,52,1,54,2,53,3" doraHai="91" doraHaiUra="45" who="2" fromWho="0" sc="234,-160,246,0,265,170,245,0" /><INIT seed="4,0,0,4,0,129" ten="74,246,435,245" oya="0" hai0="32,126,0,91,116,95,36,17,134,127,99,104,132" hai1="12,103,98,8,117,102,128,72,83,119,35,7,97" hai2="24,133,55,88,58,49,18,21,92,85,13,106,37" hai3="62,86,4,1,121,64,47,23,63,51,118,93,16"/><T114/><D114/><U90/><E128/><V89/><F133/><N who="0" m="51306" /><D116/><U40/><E35/><V123/><F123/><W15/><G118/><T46/><D32/><U68/><E68/><V82/><F37/><W9/><G121/><T108/><D108/><U101/><E40/><V115/><F115/><W38/><G38/><T56/><D0/><U43/><E43/><V20/><F106/><W41/><G64/><T78/><D36/><U124/><E124/><N who="0" m="47657" /><D46/><U10/><E10/><N who="2" m="6455" /><F24/><N who="3" m="14439" /><G1/><T33/><D33/><U75/><E119/><V110/><F110/><W5/><G5/><T48/><D17/><U25/><E25/><V69/><F69/><W67/><G67/><T80/><D104/><U28/><E28/><V27/><F27/><W131/><G131/><T3/><D3/><U130/><E117/><V45/><F45/><W74/><G47/><T100/><D56/><U125/><E125/><V29/><F29/><W79/><G4/><T111/><D111/><U96/><E130/><V19/><F19/><W11/><G11/><T42/><D42/><U66/><E66/><V53/><F53/><W2/><G9/><T60/><D60/><U14/><E14/><V30/><F30/><W57/><G15/><T22/><D22/><U54/><E54/><V120/><F120/><W61/><G2/><T39/><D39/><U70/><E70/><V59/><F59/><W26/><G26/><T81/><D48/><U94/><E12/><V122/><F122/><W77/><G41/><T84/><D81/><U44/><E8/><V113/><F113/><W109/><G109/><T52/><D52/><RYUUKYOKU ba="0,0" sc="74,15,246,-15,435,15,245,-15" hai0="78,80,84,91,95,99,100" hai2="20,21,49,55,58,82,85,88,89,92" /><INIT seed="4,1,0,0,2,119" ten="89,231,450,230" oya="0" hai0="96,42,124,69,98,26,126,130,62,8,43,39,82" hai1="32,70,109,131,88,127,21,25,90,36,93,120,89" hai2="71,80,28,75,115,132,116,13,102,129,111,108,99" hai3="125,77,40,61,46,57,101,87,106,45,18,100,117"/><T128/><D26/><U1/><E109/><V6/><F71/><W19/><G117/><T97/><D8/><U29/><E36/><V34/><F116/><W114/><G114/><T85/><D69/><U51/><E1/><V63/><F115/><W15/><G125/><N who="0" m="48235" /><D62/><U0/><E70/><V67/><F129/><N who="0" m="49770" /><D39/><U49/><E0/><V113/><F113/><W121/><G121/><T10/><D10/><U5/><E127/><V54/><F63/><W65/><G106/><T2/><D2/><U47/><E131/><V105/><F28/><W95/><G19/><T31/><D31/><U92/><E120/><V79/><F34/><W104/><G104/><T64/><D64/><U91/><E5/><V59/><F67/><W30/><G30/><T55/><D55/><N who="1" m="30143" /><E32/><V86/><F13/><W84/><G40/><N who="0" m="15403" /><D85/><N who="1" m="52335" /><E51/><V4/><F108/><W20/><G87/><AGARI ba="1,0" hai="21,25,29,87,88,89,90,93" m="52335,30143" machi="87" ten="30,2000,0" yaku="8,1,54,1" doraHai="119" who="1" fromWho="3" sc="89,0,231,23,450,0,230,-23" /><INIT seed="5,0,0,4,1,28" ten="89,254,450,207" oya="1" hai0="112,38,97,15,119,73,8,37,62,78,69,70,49" hai1="56,11,7,90,19,58,121,13,102,47,104,24,45" hai2="25,115,48,26,2,50,33,95,118,17,65,120,74" hai3="54,98,122,43,81,71,44,27,96,21,85,23,66"/><U124/><E121/><V63/><F120/><W88/><G122/><T79/><D112/><U5/><E124/><V3/><F118/><W127/><G127/><T106/><D119/><U135/><E135/><V84/><F74/><W39/><G23/><T9/><D49/><U72/><E72/><V111/><F111/><W77/><G54/><T55/><D73/><U31/><E102/><V4/><F4/><W6/><G6/><T46/><D55/><U109/><E104/><V22/><F2/><W35/><G35/><T94/><D106/><U113/><E109/><V83/><F3/><W76/><G71/><T114/><D62/><U0/><E113/><V93/><F115/><W64/><G98/><T110/><D114/><U68/><E68/><V103/><F33/><W101/><G64/><T86/><D86/><U20/><E90/><V41/><F26/><W30/><REACH who="3" step="1"/><G66/><REACH who="3" ten="89,254,450,197" step="2"/><T80/><D110/><U1/><E7/><V18/><F65/><W131/><G131/><T34/><D34/><N who="1" m="20839" /><E1/><V36/><F22/><W59/><G59/><AGARI ba="0,1" hai="0,5,11,13,19,20,45,47,56,58,59" m="20839" machi="59" ten="30,2900,0" yaku="24,1,52,1" doraHai="28" who="1" fromWho="3" sc="89,0,254,39,450,0,197,-29" /><INIT seed="5,1,0,4,2,12" ten="89,293,450,168" oya="1" hai0="90,104,126,129,52,68,106,36,61,63,70,25,113" hai1="17,32,77,107,18,24,96,0,33,87,15,134,59" hai2="13,92,74,21,8,127,26,65,40,35,55,43,116" hai3="46,41,84,48,108,121,11,117,105,62,14,44,75"/><U64/><E0/><V20/><F74/><W81/><G121/><T49/><D113/><U50/><E134/><V80/><F116/><W112/><G108/><T69/><D126/><U29/><E107/><V94/><F65/><W135/><G112/><T86/><D36/><U101/><E33/><V72/><F35/><W2/><G75/><T5/><D129/><U54/><E64/><V111/><F20/><W124/><G105/><T128/><D128/><U9/><E87/><V42/><F111/><W34/><G34/><T7/><D106/><U102/><E77/><V132/><F127/><W125/><G2/><T99/><D25/><U23/><REACH who="1" step="1"/><E96/><REACH who="1" ten="89,283,450,168" step="2"/><V73/><F132/><W60/><G135/><T118/><D118/><U27/><AGARI ba="1,1" hai="9,15,17,18,23,24,27,29,32,50,54,59,101,102" machi="27" ten="20,18000,2" yaku="1,1,2,1,0,1,7,1,52,2,53,0" doraHai="12" doraHaiUra="85" who="1" fromWho="1" sc="89,-61,283,193,450,-61,168,-61" /><INIT seed="5,2,0,4,1,80" ten="28,476,389,107" oya="1" hai0="110,22,43,3,62,74,65,134,1,5,87,17,130" hai1="122,113,27,40,91,133,55,89,99,52,12,67,54" hai2="10,49,131,106,121,103,48,56,96,79,102,107,57" hai3="36,51,114,19,76,11,98,68,50,33,71,46,132"/><U39/><E122/><V13/><F131/><W63/><G33/><T83/><D110/><U109/><E109/><V47/><F121/><W15/><G114/><T45/><D130/><U88/><E113/><V25/><F25/><W7/><G36/><T108/><D74/><U100/><E133/><V60/><F79/><W82/><G132/><T58/><D5/><U44/><E67/><V28/><F28/><W123/><G123/><T72/><D72/><U95/><E12/><V32/><F32/><W115/><G115/><T101/><D101/><U81/><REACH who="1" step="1"/><E27/><REACH who="1" ten="28,466,389,107" step="2"/><V61/><F13/><W116/><G15/><T59/><D108/><U124/><E124/><V78/><F10/><W117/><G11/><T127/><D134/><U24/><E24/><V125/><F125/><W35/><G116/><T129/><D127/><U4/><E4/><V64/><F64/><W77/><G117/><T97/><D129/><U75/><E75/><V16/><F107/><W119/><G119/><T85/><D1/><U90/><E90/><V120/><F106/><W23/><G7/><T128/><D3/><U84/><AGARI ba="2,1" hai="39,40,44,52,54,55,81,84,88,89,91,95,99,100" machi="84" ten="30,12000,1" yaku="1,1,0,1,52,1,54,2,53,0" doraHai="80" doraHaiUra="21" who="1" fromWho="1" sc="28,-42,466,136,389,-42,107,-42" owari="-14,-51.4,602,70.2,347,14.7,65,-33.5" /></mjloggm>