<mjloggm ver="2.3"><GO type="169" lobby="0"/><UN n0="%E6%9D%BE%E6%9C%AC%E5%81%A5%E7%94%B7" n1="%67%6F%73%68%69%6B%6B%75" n2="%E3%81%82%E3%81%95%E3%81%B4%E3%82%93%EF%BC%A0%EF%BD%8D%EF%BD%8A" n3="%53%69%6C%76%65%72%44%46" dan="17,16,18,17" rate="2248.69,2153.05,2237.64,2206.51" sx="M,F,M,M"/><TAIKYOKU oya="0"/><INIT seed="0,0,0,4,1,11" ten="250,250,250,250" oya="0" hai0="28,120,1,97,106,4,92,7,119,47,14,56,87" hai1="85,65,70,110,96,122,127,62,21,130,44,61,18" hai2="0,73,109,68,15,5,30,63,76,34,60,24,48" hai3="52,13,88,116,66,104,6,112,99,86,115,98,100"/><T118/><D120/><U64/><E122/><V123/><F123/><W51/><G116/><T117/><D1/><U19/><E110/><V81/><F109/><W67/><G99/><T134/><D134/><U133/><E133/><V20/><F68/><W69/><G6/><T72/><D72/><U128/><E127/><V108/><F108/><W131/><G13/><T23/><D47/><U75/><E75/><V114/><F114/><W27/><G27/><T84/><D106/><U107/><E44/><V45/><F0/><W124/><G131/><N who="1" m="50218" /><E85/><N who="2" m="48295" /><F34/><W41/><G41/><T39/><D39/><U132/><E21/><V16/><F73/><W53/><G53/><T9/><D7/><U40/><E40/><N who="2" m="24615" /><F30/><W94/><G124/><T89/><REACH who="0" step="1"/><D56/><REACH who="0" ten="240,250,250,250" step="2"/><N who="1" m="36903" /><E132/><V42/><F42/><W31/><G69/><T37/><D37/><U2/><E2/><V121/><F121/><W71/><G71/><T25/><AGARI ba="0,1" hai="4,9,14,23,25,28,84,87,89,92,97,117,118,119" machi="25" ten="40,12000,1" yaku="1,1,0,1,52,1,53,1" doraHai="11" doraHaiUra="26" who="0" fromWho="0" sc="240,130,250,-40,250,-40,250,-40" /><INIT seed="0,1,0,2,1,83" ten="370,210,210,210" oya="0" hai0="80,34,6,106,53,61,90,56,118,27,25,28,9" hai1="26,11,99,92,121,18,126,128,70,130,132,58,112" hai2="95,97,116,131,135,123,31,94,1,108,32,93,71" hai3="96,17,22,86,125,41,91,47,120,79,62,43,75"/><T23/><D106/><U33/><E70/><V103/><F1/><W101/><G125/><T45/><D118/><U35/><E121/><V105/><F71/><W59/><G79/><T50/><D80/><U133/><E112/><V21/><F32/><W51/><G75/><T109/><D90/><U46/><E46/><V8/><F8/><W15/><G120/><T100/><D100/><U85/><E58/><V44/><F123/><W20/><G43/><T119/><D119/><U117/><E85/><V38/><F116/><W81/><G15/><T74/><D74/><U76/><E76/><V24/><F108/><W13/><G13/><T69/><D69/><U84/><E84/><V48/><F131/><N who="1" m="50217" /><E11/><V134/><REACH who="2" step="1"/><F38/><REACH who="2" ten="370,210,200,210" step="2"/><W73/><G73/><T57/><D109/><U110/><E110/><V5/><F5/><W67/><REACH who="3" step="1"/><G17/><REACH who="3" ten="370,210,200,200" step="2"/><T29/><REACH who="0" step="1"/><D61/><REACH who="0" ten="360,210,200,200" step="2"/><U113/><E117/><V10/><F10/><W30/><G30/><T40/><D40/><AGARI ba="1,3" hai="21,24,31,40,44,48,93,94,95,97,103,105,134,135" machi="40" ten="40,5200,0" yaku="1,1,53,2" doraHai="83" doraHaiUra="129" who="2" fromWho="0" sc="360,-55,210,0,200,85,200,0" /><INIT seed="1,0,0,0,2,87" ten="305,210,285,200" oya="1" hai0="96,30,134,118,133,27,35,102,123,126,23,99,59" hai1="115,42,15,111,130,67,101,58,79,49,73,129,51" hai2="113,21,14,106,2,124,16,41,44,18,38,109,95" hai3="122,40,97,10,86,80,127,77,53,107,100,37,3"/><U39/><E115/><V83/><F106/><W103/><G122/><T66/><D118/><U47/><E101/><V84/><F113/><W128/><G128/><N who="1" m="49258" /><E15/><V74/><F2/><W112/><G112/><T45/><D123/><U25/><E25/><V110/><F124/><W20/><G127/><T61/><D126/><U116/><E79/><V91/><F74/><W93/><G40/><T62/><D99/><U63/><E73/><V4/><F4/><W43/><G43/><T135/><D61/><U68/><E116/><V85/><REACH who="2" step="1"/><F18/><REACH who="2" ten="305,210,275,200" step="2"/><W11/><G3/><T108/><D108/><U89/><E111/><V104/><F104/><W125/><G107/><N who="0" m="63943" /><D45/><U98/><E68/><V6/><F6/><W120/><G125/><T46/><D46/><U52/><E67/><V131/><F131/><W34/><G120/><T50/><D50/><U75/><E75/><V76/><AGARI ba="0,1" hai="14,16,21,38,41,44,76,83,84,85,91,95,109,110" machi="76" ten="30,7900,0" yaku="1,1,0,1,52,1,54,1,53,0" doraHai="87" doraHaiUra="94" who="2" fromWho="2" sc="305,-20,210,-39,275,89,200,-20" /><INIT seed="2,0,0,0,5,74" ten="285,171,364,180" oya="2" hai0="77,16,30,105,111,128,106,104,97,14,67,34,81" hai1="134,87,26,1,32,4,9,19,125,65,3,5,58" hai2="29,44,117,49,122,6,41,99,76,8,36,113,118" hai3="126,31,0,51,75,79,96,68,21,70,92,63,53"/><V103/><F113/><W131/><G0/><N who="1" m="74" /><E65/><V10/><F122/><W45/><G131/><T60/><D111/><U55/><E58/><V33/><F36/><W114/><G126/><T84/><D128/><U52/><E52/><V112/><F112/><W47/><G114/><T119/><D119/><U116/><E55/><V124/><F124/><W38/><G31/><T90/><D30/><N who="1" m="19543" /><E87/><V78/><F29/><W71/><G21/><T132/><D34/><U107/><E107/><V123/><F33/><W82/><G38/><T73/><D132/><U18/><E134/><V42/><F123/><W43/><G43/><N who="2" m="16393" /><F118/><W83/><G83/><T102/><D90/><U133/><E133/><V23/><F23/><W127/><G127/><T80/><D80/><U25/><E116/><V100/><F117/><W91/><REACH who="3" step="1"/><G45/><REACH who="3" ten="285,171,364,170" step="2"/><T93/><D73/><U50/><E125/><V129/><F129/><W35/><G35/><T61/><REACH who="0" step="1"/><D67/><AGARI ba="0,1" hai="47,51,53,63,67,68,70,71,75,79,82,91,92,96" machi="67" ten="40,2600,0" yaku="1,1,52,1,53,0" doraHai="74" doraHaiUra="27" who="3" fromWho="0" sc="285,-26,171,0,364,0,170,36" /><INIT seed="3,0,0,2,0,27" ten="259,171,364,206" oya="3" hai0="134,73,129,115,113,5,61,8,65,70,16,57,112" hai1="37,19,28,32,11,25,63,40,78,105,52,135,109" hai2="51,48,71,6,44,76,83,87,1,4,33,122,95" hai3="103,2,43,79,127,93,80,128,23,82,118,117,100"/><W15/><G2/><T102/><D129/><U14/><E109/><V59/><F71/><W72/><G128/><T29/><D134/><U88/><E105/><V7/><F33/><W12/><G127/><T69/><D73/><U120/><E120/><V126/><F122/><W132/><G132/><T10/><D102/><U96/><E135/><V30/><F126/><W124/><G124/><T74/><D74/><U94/><E78/><V123/><F123/><W31/><G43/><T108/><D29/><U121/><E121/><V81/><F1/><W53/><G82/><T42/><D108/><U116/><E116/><V107/><F107/><W91/><G53/><T98/><D98/><U68/><E40/><N who="2" m="24583" /><F30/><W92/><G15/><N who="0" m="7287" /><D42/><U119/><E119/><V62/><F51/><W50/><G50/><T24/><D24/><U77/><E77/><V38/><F38/><W106/><G100/><T89/><D89/><U133/><E133/><V111/><F111/><W125/><G125/><T66/><D65/><U45/><E37/><V36/><F36/><W3/><G3/><AGARI ba="0,0" hai="3,5,8,57,61,66,69,70,112,113,115" m="7287" machi="3" ten="30,2000,0" yaku="11,1,54,1" doraHai="27" who="0" fromWho="3" sc="259,20,171,0,364,0,206,-20" /><INIT seed="4,0,0,1,5,33" ten="279,171,364,186" oya="0" hai0="117,106,31,78,38,101,13,99,24,8,53,45,43" hai1="133,100,7,120,39,26,89,74,127,69,68,107,36" hai2="115,105,46,111,103,66,119,4,96,125,129,20,41" hai3="42,50,104,128,75,97,87,32,63,108,18,98,3"/><T113/><D113/><U81/><E120/><V9/><F111/><W37/><G108/><T70/><D117/><U76/><E127/><V114/><F125/><W95/><G75/><T30/><D70/><U88/><E133/><V91/><F119/><W1/><G32/><T65/><D65/><U12/><E26/><V77/><F129/><W116/><G116/><T83/><D53/><U71/><E100/><V92/><F20/><W5/><G37/><T49/><D24/><U135/><E107/><V86/><F66/><W14/><G5/><T131/><D38/><U62/><E62/><V123/><F77/><W110/><G110/><T23/><D23/><U34/><E34/><V118/><F123/><W93/><G104/><T27/><D27/><U15/><E15/><V60/><F60/><W52/><G87/><T102/><D102/><U72/><E72/><V130/><F130/><W2/><G42/><T40/><D40/><U17/><E7/><V35/><F35/><W10/><G63/><T90/><D90/><U121/><E135/><V19/><F19/><W85/><G128/><T6/><REACH who="0" step="1"/><D131/><REACH who="0" ten="269,171,364,186" step="2"/><U134/><E134/><V25/><F25/><W67/><G67/><T59/><D59/><U112/><E112/><V124/><F118/><W16/><G18/><T29/><D29/><U55/><E121/><V56/><F56/><W44/><REACH who="3" step="1"/><G85/><AGARI ba="0,1" hai="6,8,13,30,31,43,45,49,78,83,85,99,101,106" machi="85" ten="30,12000,1" yaku="1,1,7,1,25,2,53,1" doraHai="33" doraHaiUra="94" who="0" fromWho="3" sc="269,130,171,0,364,0,186,-120" /><INIT seed="4,1,0,5,4,85" ten="399,171,364,66" oya="0" hai0="26,45,123,99,66,71,77,17,53,81,133,63,95" hai1="19,101,14,100,111,129,79,91,34,74,33,28,134" hai2="44,41,76,73,86,35,93,32,1,130,25,10,89" hai3="55,110,121,104,9,48,51,82,92,20,13,94,88"/><T67/><D133/><U21/><E111/><V65/><F130/><W98/><G110/><T116/><D116/><U5/><E129/><V62/><F73/><W11/><G104/><T128/><D123/><U27/><E134/><V49/><F76/><W103/><G82/><T57/><D45/><U47/><E34/><V16/><F1/><W122/><G51/><T30/><D128/><U97/><E79/><V39/><F39/><W64/><G64/><T132/><D132/><U119/><E74/><V3/><F3/><W83/><G83/><T135/><D17/><U118/><E47/><V23/><REACH who="2" step="1"/><F10/><REACH who="2" ten="399,171,354,66" step="2"/><W90/><G122/><T80/><D135/><U107/><E119/><V131/><F131/><W42/><G121/><T117/><D117/><U78/><E78/><V12/><F12/><W50/><G42/><T127/><D77/><U15/><E15/><V58/><AGARI ba="1,1" hai="16,23,25,32,35,41,44,49,58,62,65,86,89,93" machi="58" ten="20,8000,1" yaku="1,1,0,1,7,1,52,1,54,1,53,0" doraHai="85" doraHaiUra="115" who="2" fromWho="2" sc="399,-41,171,-21,354,93,66,-21" /><INIT seed="5,0,0,1,4,131" ten="358,150,447,45" oya="1" hai0="41,7,29,103,59,122,5,12,24,26,108,8,23" hai1="85,109,6,45,87,112,96,27,19,61,124,88,83" hai2="32,104,40,65,90,43,53,133,135,99,22,134,121" hai3="98,130,11,106,100,37,62,10,101,31,56,115,67"/><U13/><E112/><V120/><F32/><W79/><G37/><T81/><D108/><U63/><E124/><V75/><F75/><W36/><G36/><T86/><D122/><N who="2" m="47210" /><F65/><W47/><G130/><T15/><D103/><U55/><E96/><V14/><F53/><W129/><G129/><T128/><D41/><U52/><E27/><V42/><F90/><W57/><G115/><T73/><D128/><U38/><E6/><V89/><F89/><W4/><G101/><T70/><D70/><U71/><E38/><V107/><F99/><W18/><G47/><T94/><D26/><U51/><E71/><V69/><F69/><W77/><G31/><T102/><D59/><U92/><E55/><V74/><F74/><W64/><G18/><AGARI ba="0,0" hai="14,18,22,40,42,43,104,107,133,134,135" m="47210" machi="18" ten="40,8000,1" yaku="20,1,52,3" doraHai="131" who="2" fromWho="3" sc="358,0,150,0,447,80,45,-80" owari="358,15.8,150,-25.0,527,62.7,-35,-53.5" /></mjloggm>