<mjloggm ver="2.3"><GO type="169" lobby="0"/><UN n0="%E3%81%9F%E3%81%8C%E3%82%84%E3%81%99" n1="%79%61%6E%72%6F%75" n2="%57%49%4E%44%59%58%58" n3="%48%41%43%4F" dan="16,16,17,16" rate="2173.84,2160.09,2145.46,2066.01" sx="M,M,M,M"/><TAIKYOKU oya="0"/><INIT seed="0,0,0,4,0,27" ten="250,250,250,250" oya="0" hai0="53,5,122,73,49,58,20,61,94,48,56,4,45" hai1="98,99,108,2,25,88,17,43,16,24,80,52,123" hai2="112,13,104,34,89,105,107,96,81,39,77,3,120" hai3="78,38,132,110,115,40,22,42,86,97,69,117,18"/><T109/><D73/><U47/><E123/><V113/><F3/><W82/><G110/><T11/><D122/><U102/><E108/><V46/><F34/><W128/><G115/><N who="2" m="44105" /><F13/><W54/><G69/><T30/><D109/><U21/><E2/><V23/><F23/><W55/><G117/><T51/><D94/><N who="1" m="58711" /><E43/><V103/><F46/><W0/><G128/><T116/><D116/><U72/><E72/><N who="2" m="43175" /><F39/><W93/><G132/><T131/><D131/><U124/><E124/><V119/><F120/><W59/><G54/><T95/><D95/><N who="1" m="56807" /><E80/><V9/><F9/><W37/><G37/><T125/><D125/><U68/><E68/><V7/><F7/><N who="0" m="2634" /><D11/><U121/><E121/><V100/><F119/><W133/><G133/><T111/><D111/><U126/><E126/><V134/><F134/><W74/><G74/><T118/><D118/><U92/><E92/><AGARI ba="0,0" hai="89,92,96,100,103,104,105,107" m="43175,44105" machi="92" ten="40,2600,0" yaku="34,2" doraHai="27" who="2" fromWho="1" sc="250,0,250,-26,250,26,250,0" /><INIT seed="1,0,0,4,3,73" ten="250,224,276,250" oya="1" hai0="71,114,14,58,17,70,103,55,37,121,57,92,107" hai1="89,128,127,86,90,34,35,29,44,56,13,77,67" hai2="125,99,50,79,97,38,111,46,122,74,113,131,8" hai3="98,78,36,10,41,31,116,16,119,100,32,49,61"/><U105/><E128/><V64/><F122/><W39/><G32/><T88/><D37/><U45/><E105/><V33/><F111/><W110/><G31/><T47/><D114/><U4/><E127/><V101/><F33/><W12/><G110/><T9/><D121/><U120/><E120/><V94/><F131/><W52/><G61/><T20/><D103/><U3/><E3/><V109/><F109/><W2/><G2/><T0/><D47/><U75/><E75/><V42/><F125/><W102/><G102/><T6/><D58/><U60/><E35/><V24/><F64/><W66/><G66/><T5/><D5/><U28/><E90/><V130/><F113/><W123/><G78/><T19/><D19/><U22/><E77/><V81/><F24/><W40/><G39/><T59/><D59/><U93/><E34/><V85/><F8/><W53/><G53/><T27/><D107/><U134/><E134/><V87/><F130/><W48/><G48/><T108/><D108/><U72/><E72/><V69/><F69/><W133/><G133/><T112/><D112/><U18/><REACH who="1" step="1"/><E4/><REACH who="1" ten="250,214,276,250" step="2"/><V124/><F124/><W25/><G123/><T135/><D135/><U91/><E91/><V115/><F115/><W82/><G100/><T84/><REACH who="0" step="1"/><D0/><REACH who="0" ten="240,214,276,250" step="2"/><U96/><E96/><V83/><F99/><W132/><G98/><T68/><D68/><U62/><E62/><AGARI ba="0,2" hai="6,9,14,17,20,27,55,57,62,70,71,84,88,92" machi="62" ten="30,7700,0" yaku="1,1,7,1,54,1,53,1" doraHai="73" doraHaiUra="54" who="0" fromWho="1" sc="240,97,214,-77,276,0,250,0" /><INIT seed="2,0,0,0,3,60" ten="337,137,276,250" oya="2" hai0="74,108,81,90,83,69,10,91,52,34,116,55,2" hai1="22,65,97,18,27,129,133,11,16,72,42,121,8" hai2="44,111,4,15,40,132,134,122,45,53,93,104,47" hai3="68,99,71,49,77,128,64,110,57,59,61,3,0"/><V80/><F122/><W105/><G110/><T119/><D34/><U101/><E129/><V96/><F104/><W78/><G128/><T118/><D69/><U70/><E133/><N who="2" m="51307" /><F111/><W79/><G71/><T24/><D24/><U135/><E121/><V29/><F29/><W126/><G126/><T5/><D108/><U37/><E72/><V109/><F109/><W17/><G17/><T33/><D33/><U25/><E135/><V127/><F127/><W14/><G14/><T102/><D102/><U36/><E42/><V85/><F53/><N who="0" m="20554" /><D83/><U114/><E114/><V20/><F20/><W35/><G35/><T112/><D112/><U19/><E37/><V113/><F113/><W23/><G49/><T12/><D2/><U76/><E76/><AGARI ba="0,0" hai="5,10,12,74,76,81,90,91,116,118,119" m="20554" machi="76" ten="40,2600,0" yaku="12,1,54,1" doraHai="60" who="0" fromWho="1" sc="337,26,137,-26,276,0,250,0" /><INIT seed="3,0,0,2,3,26" ten="363,111,276,250" oya="3" hai0="115,51,18,97,95,127,130,120,16,73,104,99,89" hai1="105,86,14,122,11,0,92,112,91,132,17,126,29" hai2="87,114,13,62,22,88,119,27,107,125,98,12,31" hai3="106,50,131,68,76,110,81,108,124,47,60,5,30"/><W41/><G106/><T56/><D73/><U75/><E126/><V65/><F119/><W67/><G5/><T49/><D120/><U20/><E112/><V59/><F114/><W74/><G124/><T32/><D127/><U109/><E109/><N who="3" m="42090" /><G30/><T10/><D115/><U37/><E75/><V128/><F128/><AGARI ba="0,0" hai="41,47,50,60,67,68,74,76,81,128,131" m="42090" machi="128" ten="30,2900,0" yaku="14,1,10,1" doraHai="26" who="3" fromWho="2" sc="363,0,111,0,276,-29,250,29" /><INIT seed="3,1,0,5,5,105" ten="363,111,247,279" oya="3" hai0="79,121,71,10,113,112,76,118,47,49,16,27,108" hai1="53,104,33,40,37,134,83,30,45,128,65,38,67" hai2="19,119,91,86,77,36,44,57,55,0,74,94,25" hai3="132,127,107,8,111,117,4,18,89,109,84,41,22"/><W78/><G107/><T130/><D71/><U90/><E134/><V35/><F119/><W51/><G117/><T80/><D118/><U31/><E128/><V115/><F115/><N who="0" m="44106" /><D121/><U32/><E104/><V12/><F0/><W43/><G132/><T21/><D130/><U26/><E37/><V100/><F100/><W68/><G68/><T6/><D108/><N who="3" m="41545" /><G127/><T24/><D27/><U34/><E53/><V3/><F3/><N who="3" m="31" /><G51/><T95/><D95/><U125/><E125/><V114/><F114/><W61/><G61/><T17/><D17/><U123/><E123/><V87/><F25/><N who="3" m="14551" /><G78/><T131/><D131/><U99/><E30/><V54/><F36/><W11/><G11/><T82/><D79/><U46/><E46/><V5/><F44/><W101/><G101/><T20/><D76/><U120/><E120/><V64/><F77/><W81/><AGARI ba="1,0" hai="41,43,81,84,89" m="14551,31,41545" machi="81" ten="30,3000,0" yaku="14,1,10,1" doraHai="105" who="3" fromWho="3" sc="363,-11,111,-11,247,-11,279,33" /><INIT seed="3,2,0,3,0,70" ten="352,100,236,312" oya="3" hai0="63,99,75,18,49,44,0,57,59,48,83,25,117" hai1="55,7,9,110,121,78,94,51,22,26,102,12,53" hai2="8,109,90,124,1,52,88,50,30,125,98,32,103" hai3="127,79,95,85,54,134,10,61,126,67,17,111,135"/><W33/><G33/><T14/><D0/><U66/><E110/><V114/><F114/><W84/><G10/><T80/><D117/><U97/><E121/><V100/><F109/><W43/><G17/><T13/><D75/><U45/><E66/><V130/><F130/><W115/><G79/><T93/><D25/><U42/><REACH who="1" step="1"/><E78/><REACH who="1" ten="352,90,236,312" step="2"/><V68/><F68/><N who="3" m="42095" /><G111/><T118/><D118/><U76/><E76/><V65/><F65/><W116/><G116/><T58/><D63/><U6/><E6/><V96/><F124/><W21/><G115/><T104/><D104/><U24/><E24/><V4/><F125/><W27/><G27/><T105/><D105/><U101/><E101/><V107/><F32/><W112/><G112/><T34/><D34/><U106/><E106/><V28/><F30/><AGARI ba="2,1" hai="7,9,12,22,26,30,42,45,51,53,55,94,97,102" machi="30" ten="30,3900,0" yaku="1,1,7,1,8,1,53,0" doraHai="70" doraHaiUra="120" who="1" fromWho="2" sc="352,0,90,55,236,-45,312,0" /><INIT seed="4,0,0,5,1,15" ten="352,145,191,312" oya="0" hai0="102,79,49,125,8,107,58,111,17,24,48,108,61" hai1="91,38,13,64,86,120,73,46,51,63,9,112,122" hai2="56,0,52,101,78,59,18,14,3,16,106,23,94" hai3="67,32,36,76,33,119,74,7,44,115,11,117,72"/><T12/><D79/><U71/><E73/><V30/><F106/><W70/><G115/><T45/><D125/><U77/><E38/><V39/><F39/><W53/><G53/><T82/><D82/><U65/><E64/><V113/><F113/><W132/><G132/><T110/><D24/><U20/><E20/><V41/><F30/><W109/><G109/><T21/><D21/><U130/><E130/><V95/><F41/><N who="3" m="22567" /><G72/><T92/><D107/><U127/><E127/><V25/><F78/><W121/><G121/><T47/><D92/><U134/><E134/><V1/><F59/><W55/><G55/><T89/><D89/><U34/><E34/><V62/><REACH who="2" step="1"/><F101/><REACH who="2" ten="352,145,181,312" step="2"/><W98/><G76/><T123/><D102/><U81/><E112/><V118/><F118/><W40/><G40/><T83/><D123/><U10/><E77/><V43/><F43/><W90/><G74/><T129/><D111/><U68/><E71/><V66/><F66/><W126/><G67/><T133/><D110/><U128/><E128/><V75/><F75/><W104/><G70/><T29/><D108/><U105/><E105/><V80/><F80/><W50/><G104/><T99/><D83/><U135/><E135/><V88/><F88/><W87/><G90/><T28/><D133/><U37/><E37/><V54/><F54/><W97/><G119/><T2/><D129/><U84/><E122/><V6/><F6/><W31/><G117/><T114/><D114/><U116/><E116/><V96/><F96/><W57/><G97/><T60/><D99/><U26/><E120/><V35/><F35/><RYUUKYOKU ba="0,1" sc="352,-10,145,-10,181,30,312,-10" hai2="0,1,3,14,16,18,23,25,52,56,62,94,95" /><INIT seed="5,1,1,3,3,50" ten="342,135,211,302" oya="1" hai0="93,55,80,129,131,96,123,70,76,3,98,111,127" hai1="71,99,119,85,65,108,46,81,20,97,69,113,26" hai2="117,105,8,118,51,116,66,86,13,56,109,68,38" hai3="53,47,78,11,30,63,27,73,60,14,112,40,92"/><U107/><E119/><V103/><F109/><W135/><G112/><T110/><D3/><U124/><E113/><V10/><F105/><W37/><G135/><T100/><D70/><U121/><E121/><V134/><F103/><W7/><G73/><T52/><D123/><U130/><E124/><V79/><F38/><W115/><G115/><T12/><D12/><U54/><E130/><N who="0" m="49673" /><D127/><U45/><E108/><N who="0" m="41513" /><D98/><U84/><E107/><V23/><F134/><W35/><G78/><T0/><D0/><U44/><E84/><AGARI ba="1,1" hai="52,55,76,80,84,93,96,100" m="41513,49673" machi="84" ten="30,7700,0" yaku="19,1,52,2,54,1" doraHai="50" who="0" fromWho="1" sc="342,90,135,-80,211,0,302,0" /><INIT seed="6,0,0,4,1,20" ten="432,55,211,302" oya="2" hai0="49,16,2,113,129,59,21,48,24,105,42,76,86" hai1="124,119,55,87,106,6,51,15,44,82,58,73,101" hai2="71,57,112,52,0,4,29,18,107,72,68,89,62" hai3="53,34,132,36,56,126,9,100,25,81,88,22,14"/><V30/><F72/><W103/><G34/><T65/><D105/><U26/><E124/><V3/><F107/><W43/><G36/><T80/><D2/><U85/><E119/><V46/><F0/><W39/><G39/><T98/><D113/><U64/><E73/><V45/><F112/><W17/><G43/><T135/><D135/><U133/><E133/><V134/><F134/><W75/><G126/><T50/><D129/><U127/><E127/><V121/><F121/><W41/><G41/><T123/><D123/><U32/><E106/><V108/><F4/><W120/><G120/><T115/><D115/><U12/><E101/><V63/><F3/><W116/><G116/><T33/><D33/><U102/><E102/><V92/><F71/><W90/><G75/><T114/><D98/><U47/><E85/><N who="2" m="52271" /><F68/><W19/><G90/><T66/><D114/><U28/><E64/><N who="0" m="24681" /><D42/><U11/><REACH who="1" step="1"/><E12/><REACH who="1" ten="432,45,211,302" step="2"/><V130/><F130/><W128/><G128/><T97/><D97/><U31/><E31/><N who="2" m="11787" /><F108/><W122/><G132/><T35/><D35/><U67/><E67/><V104/><F104/><W83/><G122/><T23/><D23/><U1/><E1/><V109/><F109/><W110/><G110/><T40/><D40/><U27/><E27/><V79/><F52/><AGARI ba="0,1" hai="16,21,24,48,49,50,52,59,76,80,86" m="24681" machi="52" ten="30,7700,0" yaku="8,1,52,1,54,2" doraHai="20" who="0" fromWho="2" sc="432,87,45,0,211,-77,302,0" /><INIT seed="7,0,0,4,2,58" ten="519,45,134,302" oya="3" hai0="39,35,54,95,30,59,133,15,112,67,40,114,73" hai1="53,117,132,5,23,109,13,52,100,16,80,101,120" hai2="42,33,128,122,77,105,56,84,29,92,113,10,87" hai3="75,4,38,94,50,97,103,62,88,25,110,0,118"/><W125/><G118/><T3/><D3/><U123/><E109/><V8/><F105/><W106/><G38/><T129/><D73/><U116/><E132/><V65/><F113/><N who="0" m="43626" /><D133/><U81/><E5/><V11/><F42/><W41/><G110/><T47/><D129/><U44/><E44/><V31/><F128/><W19/><G75/><T121/><D121/><U130/><E130/><V69/><F69/><W124/><G0/><T85/><D67/><U26/><E26/><V27/><F122/><W76/><G4/><T14/><D30/><U93/><E93/><V60/><F33/><W36/><G36/><T90/><D35/><U70/><E70/><V2/><F27/><W82/><G41/><T108/><D108/><U115/><E115/><V21/><F21/><N who="3" m="13503" /><G50/><AGARI ba="0,0" hai="14,15,39,40,47,50,54,59,85,90,95" m="43626" machi="50" ten="30,2000,0" yaku="15,1,11,1" doraHai="58" who="0" fromWho="3" sc="519,20,45,0,134,0,302,-20" owari="539,63.9,45,-45.5,134,-26.6,282,8.2" /></mjloggm>