<mjloggm ver="2.3"><GO type="169" lobby="0"/><UN n0="%E9%A6%AC%E5%BC%95%E7%81%AB%33" n1="%E3%81%94%E3%82%8B%E3%81%AF%E3%82%80%33%30" n2="%74%6B%34%32" n3="%73%6F%63%63%68%79" dan="16,17,16,16" rate="2128.99,2207.47,2068.84,2084.75" sx="M,F,M,M"/><TAIKYOKU oya="0"/><INIT seed="0,0,0,3,1,82" ten="250,250,250,250" oya="0" hai0="77,124,98,65,44,69,130,13,29,133,111,70,9" hai1="60,0,78,94,131,116,45,50,105,64,107,102,87" hai2="83,37,91,39,28,16,71,104,59,47,135,3,22" hai3="113,27,54,67,53,21,5,86,30,92,114,34,2"/><T63/><D124/><U93/><E0/><V40/><F135/><W126/><G126/><T121/><D121/><U120/><E120/><V127/><F127/><W61/><G2/><T129/><D133/><U75/><E116/><V6/><F71/><W26/><G5/><T19/><D77/><U7/><E7/><V89/><F104/><W66/><G114/><T4/><D29/><U74/><E131/><N who="0" m="50185" /><D111/><U55/><E74/><V99/><F37/><W132/><G113/><T52/><D98/><U115/><E115/><V36/><F39/><W24/><G67/><T100/><D100/><U90/><E75/><V119/><F28/><W51/><G132/><T41/><D4/><U20/><E78/><V17/><F59/><W97/><G86/><T15/><D15/><U68/><REACH who="1" step="1"/><E20/><REACH who="1" ten="250,240,250,250" step="2"/><V118/><F6/><W125/><G125/><T33/><D33/><U10/><E10/><V81/><F3/><W11/><G11/><T122/><D122/><U128/><E128/><V73/><F73/><W134/><G134/><T38/><D52/><U35/><E35/><V57/><F118/><W84/><G54/><T79/><D79/><U76/><E76/><V49/><F119/><W72/><G72/><T80/><D80/><U14/><E14/><V101/><F83/><W112/><G112/><T58/><AGARI ba="0,1" hai="9,13,19,38,41,44,58,63,65,69,70" m="50185" machi="58" ten="30,1500,0" yaku="19,1" doraHai="82" who="0" fromWho="0" sc="250,25,240,-5,250,-5,250,-5" /><INIT seed="0,1,0,4,0,12" ten="275,235,245,245" oya="0" hai0="30,69,82,107,60,100,128,106,61,7,96,116,34" hai1="28,122,4,62,16,3,29,91,112,73,84,42,17" hai2="48,132,14,105,87,1,47,101,5,71,65,58,21" hai3="31,39,99,38,104,44,32,64,53,108,72,23,52"/><T94/><D116/><U15/><E73/><V81/><F132/><W20/><G72/><T115/><D115/><U77/><E122/><V27/><F71/><W93/><G104/><T8/><D128/><U51/><E112/><V9/><F1/><W86/><G32/><T11/><D82/><U103/><E77/><V67/><F105/><W130/><G130/><T76/><D76/><U79/><E79/><V129/><F101/><W68/><G86/><T89/><D106/><U125/><E103/><V113/><F113/><W98/><G108/><T46/><D46/><N who="1" m="26071" /><E3/><V123/><F58/><W54/><G99/><T2/><D69/><U131/><E125/><V22/><F22/><W57/><G68/><T114/><D114/><U13/><E62/><V126/><F126/><W88/><G44/><T127/><D127/><U25/><E4/><V49/><F49/><W40/><G40/><T134/><D134/><U59/><E59/><V63/><F63/><W97/><G97/><T43/><D43/><U6/><E6/><V120/><F120/><W75/><G75/><T55/><D55/><U102/><E102/><V45/><F45/><W36/><REACH who="3" step="1"/><G31/><REACH who="3" ten="275,235,245,235" step="2"/><N who="1" m="11850" /><E131/><V117/><F129/><W19/><G19/><N who="1" m="7242" /><E25/><V50/><F117/><W118/><G118/><T110/><D107/><U109/><E109/><V10/><F123/><W33/><G33/><T66/><D34/><U119/><E119/><V37/><F27/><W26/><G26/><T35/><D35/><U85/><E85/><V133/><F87/><W135/><G135/><T0/><D110/><U74/><E74/><V83/><F133/><RYUUKYOKU ba="1,1" sc="275,-15,235,15,245,-15,235,15" hai1="13,15,84,91" hai3="20,23,36,38,39,52,53,54,57,64,88,93,98" /><INIT seed="1,2,1,1,4,65" ten="260,250,230,250" oya="1" hai0="107,34,105,70,0,30,22,68,82,49,58,11,50" hai1="64,76,44,63,92,43,7,88,77,129,110,59,5" hai2="114,112,117,2,116,108,6,18,125,57,135,74,85" hai3="53,96,23,80,39,78,120,47,60,95,91,130,122"/><U3/><E129/><V87/><F74/><W81/><G130/><T25/><D58/><U128/><E128/><V31/><F108/><W15/><G81/><T61/><D61/><U124/><E124/><V46/><F46/><W89/><G91/><T21/><D21/><U36/><E110/><V103/><F103/><W41/><G53/><T71/><D22/><U1/><E1/><V123/><F123/><W69/><G15/><T73/><D50/><U84/><REACH who="1" step="1"/><E3/><REACH who="1" ten="260,240,230,250" step="2"/><V26/><F125/><W12/><G122/><T48/><D48/><U126/><E126/><V10/><F135/><W102/><G120/><T42/><D49/><U66/><E66/><V38/><F38/><W118/><G39/><T13/><D42/><U19/><E19/><V94/><F18/><W127/><G41/><T111/><D111/><U131/><E131/><V29/><F31/><W55/><G127/><T28/><D28/><U72/><E72/><V27/><F29/><W24/><G118/><T83/><D0/><U17/><E17/><V97/><F117/><W93/><G12/><T37/><D37/><U8/><E8/><V32/><F116/><W52/><G24/><T106/><REACH who="0" step="1"/><D73/><REACH who="0" ten="250,240,230,250" step="2"/><U20/><E20/><V98/><F2/><W109/><G23/><T100/><D100/><U45/><E45/><V90/><F10/><W67/><G109/><T101/><D101/><U121/><E121/><V54/><F32/><W62/><G47/><T9/><D9/><U113/><E113/><V133/><F112/><W99/><G60/><T119/><D119/><U86/><E86/><AGARI ba="2,3" hai="52,55,62,67,69,78,80,86,89,93,95,96,99,102" machi="86" ten="30,3900,0" yaku="7,1,52,1,54,1" doraHai="65" who="3" fromWho="1" sc="250,0,240,-45,230,0,250,75" /><INIT seed="2,0,0,5,1,1" ten="250,195,230,325" oya="2" hai0="107,52,37,111,122,53,12,24,33,18,45,42,34" hai1="74,32,91,55,86,93,67,15,76,105,80,54,63" hai2="49,81,103,31,25,30,82,89,40,87,95,16,21" hai3="61,83,48,11,102,46,133,106,72,101,120,14,117"/><V97/><F40/><W66/><G117/><T22/><D111/><U2/><E2/><V59/><F49/><W29/><G120/><T125/><D122/><U57/><E32/><V60/><REACH who="2" step="1"/><F81/><REACH who="2" ten="250,195,220,325" step="2"/><W41/><G83/><T116/><D116/><U47/><E47/><V44/><F44/><W113/><G48/><T0/><D45/><U20/><E105/><V70/><F70/><W131/><G41/><T92/><D42/><U23/><E80/><V98/><F98/><W3/><G106/><T90/><D107/><U19/><E74/><V62/><F62/><W73/><G61/><T35/><D37/><U77/><E54/><AGARI ba="0,1" hai="16,21,25,30,31,54,59,60,82,87,89,95,97,103" machi="54" ten="30,12000,1" yaku="1,1,7,1,8,1,54,1,53,1" doraHai="1" doraHaiUra="78" who="2" fromWho="1" sc="250,0,195,-120,220,130,325,0" /><INIT seed="2,1,0,1,2,86" ten="250,75,350,325" oya="2" hai0="135,26,28,47,130,59,3,82,80,4,72,55,31" hai1="102,10,13,11,22,30,109,134,95,126,62,118,113" hai2="83,2,129,12,75,133,107,24,121,33,98,76,46" hai3="8,106,40,84,70,14,131,41,111,17,27,104,61"/><V15/><F121/><W112/><G111/><T119/><D130/><U100/><E109/><V78/><F129/><W99/><G131/><T114/><D114/><U94/><E113/><V103/><F133/><W73/><G73/><T6/><D135/><U108/><E108/><V63/><F2/><W44/><G112/><T37/><D119/><U7/><E118/><V51/><F78/><W45/><G99/><T29/><D26/><U93/><E134/><V79/><F79/><W117/><G117/><T34/><D34/><U50/><E126/><V21/><F63/><W66/><G27/><T38/><D72/><U101/><E30/><V81/><F81/><W128/><G84/><T123/><D123/><U68/><E50/><V97/><F97/><W116/><G116/><T91/><D47/><U85/><E22/><V54/><REACH who="2" step="1"/><F33/><REACH who="2" ten="250,75,340,325" step="2"/><W18/><G128/><T60/><D3/><U48/><E62/><V1/><F1/><W122/><G122/><T58/><D82/><U110/><E110/><V88/><F88/><W5/><G106/><T67/><D91/><U105/><E105/><V90/><F90/><W77/><G104/><T65/><D80/><U92/><E92/><V52/><F52/><W25/><G77/><T69/><D67/><U120/><E120/><V89/><F89/><W71/><G61/><N who="0" m="36063" /><D69/><N who="3" m="26121" /><G66/><T57/><D60/><U42/><E68/><V20/><F20/><N who="3" m="13455" /><G41/><T127/><D127/><U132/><E132/><V19/><AGARI ba="1,1" hai="12,15,19,21,24,46,51,54,75,76,83,98,103,107" machi="19" ten="20,7800,0" yaku="1,1,0,1,7,1,53,1" doraHai="86" doraHaiUra="43" who="2" fromWho="2" sc="250,-27,75,-27,340,91,325,-27" /><INIT seed="2,2,0,0,3,60" ten="223,48,431,298" oya="2" hai0="90,81,58,26,13,15,63,41,83,85,55,134,14" hai1="56,97,62,40,31,38,59,46,88,75,64,4,70" hai2="102,42,79,51,108,107,119,9,52,3,0,73,54" hai3="106,109,132,121,2,110,89,11,125,92,113,112,7"/><V49/><F119/><W78/><G106/><T126/><D134/><U53/><E75/><V115/><F115/><N who="3" m="44107" /><G132/><T135/><D135/><U114/><E114/><V130/><F130/><W10/><G125/><T19/><D126/><U45/><E4/><V105/><F108/><N who="3" m="41579" /><G78/><T67/><D41/><U120/><E31/><V28/><F42/><W76/><G76/><T69/><D83/><U6/><E6/><V86/><F28/><W33/><G33/><T48/><REACH who="0" step="1"/><D26/><REACH who="0" ten="213,48,431,298" step="2"/><U30/><E40/><V20/><F73/><W91/><G121/><T84/><D84/><U61/><E120/><V8/><F86/><N who="3" m="52279" /><G11/><AGARI ba="2,1" hai="11,13,14,15,19,48,55,58,63,67,69,81,85,90" machi="11" ten="30,7700,0" yaku="1,1,7,1,52,1,53,1" doraHai="60" doraHaiUra="82" who="0" fromWho="3" sc="213,93,48,0,431,0,298,-83" /><INIT seed="3,0,0,5,3,117" ten="306,48,431,215" oya="3" hai0="35,130,92,24,42,0,91,10,97,73,109,66,127" hai1="50,132,48,72,8,134,125,53,54,105,106,87,59" hai2="69,18,58,37,115,77,116,55,65,122,57,128,32" hai3="51,7,70,103,61,60,111,22,43,80,47,6,110"/><W21/><G103/><T41/><D109/><N who="3" m="41481" /><G80/><T31/><D127/><U75/><E125/><V89/><F32/><W82/><G82/><T16/><D130/><U4/><E87/><V85/><F37/><W95/><G95/><T79/><D66/><U27/><E27/><V81/><F69/><W123/><G123/><T23/><D79/><U38/><E38/><V3/><F3/><W49/><G49/><T52/><D73/><U124/><E124/><V74/><F122/><W100/><G100/><T20/><D20/><N who="3" m="7785" /><G70/><T88/><D91/><U33/><E33/><V76/><F89/><W17/><G17/><T71/><D71/><U126/><E126/><V62/><F18/><W56/><G61/><T39/><D39/><U9/><E59/><V12/><F57/><W26/><G26/><T14/><D52/><AGARI ba="0,0" hai="6,7,43,47,51,52,56,60" m="7785,41481" machi="52" ten="30,5800,0" yaku="14,1,10,1,54,1" doraHai="117" who="3" fromWho="0" sc="306,-58,48,0,431,0,215,58" /><INIT seed="3,1,0,3,3,118" ten="248,48,431,273" oya="3" hai0="131,12,94,10,16,56,39,83,70,113,3,72,122" hai1="89,63,28,114,88,22,109,50,79,59,35,44,2" hai2="111,33,107,92,121,5,19,71,6,133,0,52,96" hai3="101,23,91,128,82,37,36,130,73,48,78,25,135"/><W116/><G116/><T112/><D131/><N who="3" m="50217" /><G135/><T57/><D70/><U24/><E114/><N who="0" m="44137" /><D39/><U38/><E109/><V21/><F111/><W77/><G101/><T76/><D3/><U104/><E38/><V93/><F33/><W47/><G91/><T119/><D119/><U80/><E104/><V87/><F71/><W95/><G95/><T134/><D134/><U97/><E2/><V75/><F75/><W53/><G78/><T68/><D68/><U14/><E14/><V17/><F0/><W127/><G127/><T60/><D94/><U126/><E35/><V120/><F133/><W62/><G62/><T27/><D27/><U55/><E97/><V65/><F65/><W99/><G99/><T18/><D18/><AGARI ba="1,0" hai="18,23,25,36,37,47,48,53,73,77,82" m="50217" machi="18" ten="30,1500,0" yaku="19,1" doraHai="118" who="3" fromWho="0" sc="248,-18,48,0,431,0,273,18" /><INIT seed="3,2,0,2,5,84" ten="230,48,431,291" oya="3" hai0="50,43,39,30,37,135,48,60,110,129,29,85,119" hai1="78,93,75,1,13,127,104,121,19,45,23,3,22" hai2="10,64,112,61,102,96,101,17,63,8,99,115,98" hai3="41,54,57,4,58,68,94,125,33,100,70,51,21"/><W65/><G33/><T89/><D119/><U52/><E104/><V113/><F17/><W44/><G125/><T46/><D110/><U11/><E127/><V87/><F87/><W76/><G76/><T90/><D129/><U72/><E121/><V7/><F7/><W114/><G114/><T92/><D135/><U31/><E22/><V106/><F64/><W80/><G4/><T55/><D37/><U20/><E23/><V111/><F111/><W79/><G21/><T69/><D90/><U130/><E130/><V32/><F32/><W128/><G128/><T91/><D91/><U71/><E71/><V97/><F97/><W134/><G58/><N who="0" m="33127" /><D50/><U73/><E78/><V40/><F40/><W38/><G65/><AGARI ba="2,0" hai="29,30,39,43,46,60,65,69,85,89,92" m="33127" machi="65" ten="30,2000,0" yaku="24,1,52,1" doraHai="84" who="0" fromWho="3" sc="230,26,48,0,431,0,291,-26" /><INIT seed="4,0,0,3,1,123" ten="256,48,431,265" oya="0" hai0="135,100,35,46,126,89,129,109,28,84,88,127,34" hai1="17,48,83,107,124,10,69,30,58,29,40,76,43" hai2="64,92,67,32,2,60,96,42,95,121,33,53,74" hai3="27,120,106,50,37,26,115,59,61,36,14,39,4"/><T13/><D135/><U116/><E69/><V81/><F121/><W79/><G120/><T24/><D129/><U73/><E116/><V52/><F2/><W15/><G106/><T80/><D100/><U103/><E124/><N who="0" m="47657" /><D13/><U82/><E82/><V101/><F42/><W44/><G79/><N who="0" m="46111" /><D34/><U51/><E103/><V16/><F64/><W108/><G115/><T117/><D117/><U104/><E104/><V68/><F92/><W71/><G71/><T85/><D46/><U99/><E99/><V66/><F66/><W90/><G90/><N who="0" m="34923" /><D85/><U54/><E107/><V45/><F32/><W22/><G15/><T77/><D77/><U130/><E130/><V86/><F74/><W18/><G4/><T93/><D93/><U62/><E83/><V65/><F65/><W1/><G1/><T21/><D35/><U5/><E76/><V112/><F45/><W3/><G3/><T9/><D9/><U98/><E98/><V132/><F33/><W11/><G11/><T23/><D23/><U94/><E94/><V122/><F122/><W31/><G14/><T97/><D97/><U87/><E87/><V102/><F102/><W12/><G12/><T133/><D133/><U75/><E5/><V70/><F132/><W78/><G78/><T47/><D47/><N who="1" m="25703" /><E75/><V55/><F112/><W72/><G72/><T110/><AGARI ba="0,0" hai="21,24,28,109,110" m="34923,46111,47657" machi="110" ten="40,12000,1" yaku="18,1,52,2,54,1" doraHai="123" who="0" fromWho="0" sc="256,120,48,-40,431,-40,265,-40" /><INIT seed="4,1,0,2,3,17" ten="376,8,391,225" oya="0" hai0="58,10,79,113,51,59,104,133,60,63,109,72,103" hai1="11,54,38,16,12,122,9,28,129,132,131,64,92" hai2="52,71,85,40,15,112,98,75,78,8,77,90,14" hai3="117,123,41,62,110,135,22,33,114,2,125,82,124"/><T80/><D113/><U55/><E122/><V5/><F112/><W30/><G62/><T130/><D133/><U93/><E132/><V101/><F71/><W7/><G82/><T106/><D130/><N who="1" m="49675" /><E38/><V76/><F40/><W18/><G41/><T66/><D109/><U99/><E64/><V19/><F75/><W43/><G43/><T4/><D103/><N who="1" m="60903" /><E28/><V25/><F25/><N who="3" m="18639" /><G135/><T88/><D88/><U13/><E93/><N who="2" m="58575" /><F52/><N who="1" m="20009" /><E13/><N who="2" m="7591" /><F5/><W111/><G114/><T57/><D51/><U105/><E105/><V102/><F102/><W97/><G97/><T100/><D100/><U118/><E118/><V61/><F61/><W31/><G31/><T35/><D58/><U1/><E1/><V83/><AGARI ba="1,0" hai="14,15,76,77,78,83,85,90" m="7591,58575" machi="83" ten="30,1100,0" yaku="8,1" doraHai="17" who="2" fromWho="2" sc="376,-6,8,-4,391,14,225,-4" /><INIT seed="5,0,0,5,1,121" ten="370,4,405,221" oya="1" hai0="86,102,19,106,21,107,16,40,12,96,39,111,82" hai1="78,47,112,53,120,66,58,23,126,91,67,125,119" hai2="88,114,90,71,30,70,77,85,42,108,124,135,34" hai3="18,6,7,127,27,37,65,56,69,50,97,38,118"/><U1/><E120/><V54/><F108/><W62/><G127/><N who="1" m="48650" /><E119/><V113/><F124/><W59/><G118/><T129/><D129/><U115/><E1/><V3/><F3/><W68/><G97/><T20/><D111/><U24/><E78/><V0/><F0/><W64/><G18/><T131/><D131/><U43/><E91/><N who="2" m="34859" /><F42/><W79/><G79/><T105/><D40/><U31/><E47/><V14/><F135/><W89/><G89/><T35/><D35/><U73/><E73/><V93/><F93/><W49/><G27/><T92/><D39/><U28/><E28/><V51/><F14/><W103/><G62/><T33/><D33/><U17/><E31/><V132/><F34/><W10/><G103/><T134/><D134/><U32/><E32/><V8/><F8/><AGARI ba="0,0" hai="6,7,8,10,37,38,49,50,56,59,64,65,68,69" machi="8" ten="25,1600,0" yaku="22,2" doraHai="121" who="3" fromWho="2" sc="370,0,4,0,405,-16,221,16" /><INIT seed="6,0,0,1,1,121" ten="370,4,389,237" oya="2" hai0="10,64,125,91,56,92,120,26,66,118,119,87,3" hai1="53,110,61,35,93,34,78,94,90,21,17,7,62" hai2="44,46,55,49,126,127,60,108,15,36,130,114,105" hai3="104,97,57,107,102,28,47,9,75,16,81,128,65"/><V70/><F105/><W33/><G128/><T63/><D120/><U31/><E7/><V67/><F114/><W20/><G47/><T41/><D41/><U84/><E78/><V123/><F123/><W19/><G75/><T69/><D125/><N who="2" m="47626" /><F130/><W103/><G81/><T18/><D69/><U117/><E117/><N who="0" m="44553" /><D66/><U6/><E6/><V2/><F2/><W76/><G76/><T115/><D115/><U74/><E74/><V133/><F15/><W1/><G57/><T73/><D73/><U82/><E31/><V72/><F72/><W77/><G77/><T85/><D3/><U113/><E113/><V129/><F129/><W27/><G65/><T5/><D5/><U80/><E53/><V132/><F108/><W52/><G1/><T96/><D10/><U99/><E99/><V39/><F44/><W42/><G42/><T38/><D38/><AGARI ba="0,0" hai="36,38,39,46,49,55,60,67,70,132,133" m="47626" machi="38" ten="30,5800,0" yaku="18,1,34,2" doraHai="121" who="2" fromWho="0" sc="370,-58,4,0,389,58,237,0" /><INIT seed="6,1,0,1,2,103" ten="312,4,447,237" oya="2" hai0="42,74,132,91,100,65,88,84,133,98,2,7,126" hai1="90,54,135,27,107,17,118,60,55,80,66,11,110" hai2="59,10,94,30,127,29,58,101,13,52,46,56,77" hai3="70,22,63,116,3,57,124,41,16,37,109,49,119"/><V45/><F127/><W28/><G3/><T8/><D74/><U96/><E118/><V69/><F69/><W112/><G109/><T35/><D35/><U12/><E110/><V61/><F77/><W111/><G111/><T6/><D126/><U9/><E135/><N who="0" m="51785" /><D65/><U14/><E27/><V67/><F46/><W92/><G124/><T121/><D121/><U32/><E32/><V31/><F45/><W89/><G37/><T79/><D6/><U76/><E90/><V15/><F67/><W105/><G105/><N who="0" m="63639" /><D42/><U43/><E43/><V20/><F20/><W24/><G70/><T82/><AGARI ba="1,0" hai="2,7,8,79,82,84,88,91" m="63639,51785" machi="82" ten="30,4000,0" yaku="20,1,52,1,54,1" doraHai="103" who="0" fromWho="0" sc="312,43,4,-11,447,-21,237,-11" owari="355,15.5,-7,-50.7,426,52.6,226,-17.4" /></mjloggm>