<mjloggm ver="2.3"><GO type="169" lobby="0"/><UN n0="%E8%8C%B6%E8%BE%BA%E6%B9%BE%E5%BE%8C" n1="%E4%BA%8C%E6%8A%9E%E4%BA%BA" n2="%4F%4D%41%4E%54%41" n3="%68%69%73%61%74%6F%E6%A3%92" dan="16,16,17,16" rate="2072.16,2032.12,2194.51,2165.37" sx="M,F,M,M"/><TAIKYOKU oya="0"/><INIT seed="0,0,0,1,3,114" ten="250,250,250,250" oya="0" hai0="63,37,46,12,93,41,72,39,24,50,52,36,2" hai1="82,8,58,20,67,128,33,76,73,29,134,121,19" hai2="75,103,94,83,84,88,30,109,10,124,132,14,104" hai3="53,122,51,45,69,89,7,115,0,17,66,125,79"/><T95/><D2/><U80/><E121/><V130/><F109/><W62/><G115/><T105/><D105/><U118/><E128/><V100/><F130/><W25/><G125/><T110/><D72/><U35/><E134/><V38/><F38/><W32/><G79/><T61/><D110/><U90/><E8/><V91/><F132/><W101/><G101/><T74/><D74/><U21/><E21/><V70/><F70/><W5/><G0/><T22/><D12/><U57/><E57/><V26/><F104/><W16/><G32/><T54/><D63/><U4/><E4/><V34/><F124/><W15/><G17/><T49/><D61/><U56/><E56/><V107/><F107/><W108/><G25/><T106/><D106/><U131/><E131/><V11/><F11/><W55/><G55/><T13/><D13/><U92/><E82/><V42/><F42/><W123/><G108/><T47/><REACH who="0" step="1"/><D41/><REACH who="0" ten="240,250,250,250" step="2"/><U1/><E1/><V71/><F71/><W78/><G122/><T64/><D64/><U40/><E67/><V86/><REACH who="2" step="1"/><F75/><REACH who="2" ten="240,250,240,250" step="2"/><W48/><G123/><T116/><D116/><U85/><E40/><V99/><F99/><W126/><G126/><T111/><D111/><U77/><E118/><V81/><F81/><W127/><G127/><T18/><AGARI ba="0,2" hai="18,22,24,36,37,39,46,47,49,50,52,54,93,95" machi="18" ten="30,18000,2" yaku="1,1,0,1,9,1,54,1,53,2" doraHai="114" doraHaiUra="43" who="0" fromWho="0" sc="240,200,250,-60,240,-60,250,-60" /><INIT seed="0,1,0,4,3,14" ten="440,190,180,190" oya="0" hai0="31,103,101,48,52,62,94,112,51,75,122,23,0" hai1="16,128,111,59,133,28,9,84,24,70,49,54,11" hai2="120,40,46,132,88,66,87,41,71,6,124,39,93" hai3="114,7,119,127,92,98,102,12,2,134,80,32,68"/><T26/><D112/><U100/><E111/><V77/><F120/><W113/><G68/><T130/><D122/><U97/><E128/><V72/><F124/><W69/><G69/><T126/><D75/><U33/><E70/><V5/><F132/><W45/><G32/><T58/><D0/><U109/><E109/><V65/><F41/><W22/><G127/><T106/><D126/><U42/><E42/><V110/><F110/><W3/><G45/><T104/><D130/><U79/><E133/><V129/><F129/><W17/><G119/><T108/><D108/><U10/><E84/><V116/><F116/><W4/><G80/><T135/><D135/><U55/><E55/><V50/><F39/><W27/><G134/><T73/><D73/><U56/><E56/><V43/><F43/><W36/><G36/><T61/><D51/><U131/><E79/><V117/><F117/><W25/><G3/><T121/><D121/><U44/><E44/><V18/><F77/><W82/><G82/><T20/><D20/><U13/><REACH who="1" step="1"/><E131/><REACH who="1" ten="440,180,180,190" step="2"/><V60/><F72/><W1/><G113/><T38/><D38/><U53/><E53/><V19/><REACH who="2" step="1"/><F66/><REACH who="2" ten="440,180,170,190" step="2"/><W74/><G74/><T30/><D52/><U125/><E125/><V63/><F63/><W95/><G114/><T76/><D62/><U85/><E85/><V118/><F118/><W34/><G98/><T115/><D61/><U47/><E47/><V107/><F107/><AGARI ba="1,2" hai="9,10,11,13,16,24,28,33,49,54,59,97,100,107" machi="107" ten="30,8000,1" yaku="1,1,7,1,52,1,54,1,53,1" doraHai="14" doraHaiUra="8" who="1" fromWho="2" sc="440,0,180,103,170,-83,190,0" /><INIT seed="1,0,0,2,5,5" ten="440,283,87,190" oya="1" hai0="25,107,117,54,0,14,85,32,15,46,39,114,23" hai1="122,71,93,131,61,119,81,35,65,102,104,112,123" hai2="75,134,13,11,96,28,43,83,69,89,80,125,10" hai3="1,79,30,8,133,95,26,97,7,120,40,58,38"/><U84/><E112/><V59/><F69/><W64/><G79/><T87/><D114/><U73/><E119/><V20/><F125/><W115/><G133/><T9/><D107/><U24/><E131/><V56/><F134/><W3/><G3/><T57/><D32/><U101/><E101/><V128/><F128/><W94/><G94/><T106/><D106/><U116/><E116/><V63/><F43/><W98/><G98/><T53/><D117/><U132/><E132/><V19/><F28/><W76/><G76/><T74/><D74/><U88/><E73/><V55/><F75/><W92/><G92/><T2/><D39/><U127/><E81/><N who="2" m="31307" /><F59/><W41/><G38/><T50/><D2/><U52/><E52/><V4/><F4/><W37/><G37/><T118/><D0/><U33/><E33/><V34/><F34/><W77/><G77/><T100/><D100/><U91/><E91/><V60/><F60/><W6/><G6/><N who="0" m="3383" /><D15/><U62/><E62/><V29/><F29/><W90/><G120/><T17/><D118/><U129/><E127/><V86/><F96/><W16/><G30/><T48/><AGARI ba="0,0" hai="17,23,25,46,48,50,53,54,57,85,87" m="3383" machi="48" ten="30,2000,0" yaku="8,1,52,1" doraHai="5" who="0" fromWho="0" sc="440,20,283,-10,87,-5,190,-5" /><INIT seed="2,0,0,5,3,55" ten="460,273,82,185" oya="2" hai0="86,14,24,118,93,1,45,131,56,54,42,106,119" hai1="50,103,85,0,36,7,16,32,12,130,21,28,17" hai2="33,74,58,6,76,29,95,128,5,97,83,105,20" hai3="34,124,57,126,92,79,30,13,66,133,18,117,62"/><V82/><F128/><W90/><G79/><T23/><D1/><U121/><E36/><V48/><F33/><W87/><G133/><T2/><D2/><U63/><E103/><V110/><F105/><W43/><G43/><T127/><D106/><U8/><E130/><V65/><F110/><W53/><G30/><T60/><D131/><U77/><E50/><V46/><F83/><W15/><G15/><T68/><D68/><U37/><E37/><V129/><F129/><W91/><G34/><T22/><D127/><N who="3" m="48681" /><G91/><N who="0" m="53495" /><D14/><U101/><E101/><V122/><F122/><W71/><G117/><N who="0" m="44555" /><D24/><N who="1" m="18439" /><E121/><V109/><F109/><W38/><G38/><AGARI ba="0,0" hai="22,23,38,42,45,54,56,60" m="44555,53495" machi="38" ten="30,2000,0" yaku="12,1,52,1" doraHai="55" who="0" fromWho="3" sc="460,20,273,0,82,0,185,-20" /><INIT seed="3,0,0,0,3,28" ten="480,273,82,165" oya="3" hai0="32,72,51,43,44,106,115,113,128,130,76,80,89" hai1="82,102,11,30,54,35,103,73,71,40,6,86,127" hai2="120,93,16,125,60,75,34,68,29,4,74,116,38" hai3="129,84,107,134,0,64,79,2,15,94,63,27,101"/><W126/><G134/><T96/><D32/><U50/><E71/><V14/><F38/><W31/><G129/><N who="0" m="49771" /><D89/><U12/><E73/><V62/><F116/><W105/><G15/><T23/><D23/><U39/><E39/><V59/><F125/><W98/><G126/><T58/><D58/><U81/><E81/><V112/><F4/><W61/><G61/><T26/><D26/><U110/><E110/><V24/><F112/><W42/><G42/><T121/><D121/><U135/><E135/><V119/><F119/><W95/><G105/><T8/><D8/><U91/><E40/><V133/><F133/><W25/><G25/><T87/><D87/><U92/><E127/><V3/><F3/><W104/><G104/><T10/><D10/><U22/><E35/><V7/><F7/><W20/><G107/><T124/><D124/><U18/><E92/><V33/><F33/><W85/><G85/><T17/><D17/><U122/><E122/><V97/><F120/><W36/><G36/><T9/><D9/><U65/><E65/><N who="2" m="39071" /><F62/><W131/><G131/><T111/><D111/><U109/><E109/><V47/><F47/><W70/><G94/><T41/><D41/><U132/><E132/><V99/><F68/><W13/><G13/><T21/><D21/><U69/><E69/><V53/><F53/><W77/><G77/><T90/><D90/><U57/><REACH who="1" step="1"/><E30/><REACH who="1" ten="480,263,82,165" step="2"/><V78/><F93/><W114/><REACH who="3" step="1"/><G114/><REACH who="3" ten="480,263,82,155" step="2"/><T55/><D43/><U19/><E19/><V5/><F5/><W117/><G117/><T118/><D118/><U66/><E66/><V37/><F37/><RYUUKYOKU ba="0,2" sc="480,10,263,10,82,-30,155,10" hai0="44,51,55,72,76,80,96,106,113,115" hai1="6,11,12,18,22,50,54,57,82,86,91,102,103" hai3="0,2,20,27,31,63,64,70,79,84,95,98,101" /><INIT seed="3,1,2,5,3,88" ten="490,273,52,165" oya="3" hai0="79,102,70,74,78,112,51,92,3,62,81,38,52" hai1="6,59,13,36,108,25,117,64,10,40,44,43,50" hai2="103,56,12,32,85,45,19,33,41,115,135,104,96" hai3="69,105,48,20,134,26,39,99,110,123,132,5,66"/><W90/><G39/><T124/><D3/><U128/><E108/><V131/><F115/><W55/><G5/><T46/><D112/><U100/><E128/><V95/><F131/><W23/><G123/><T63/><D124/><U61/><E117/><V118/><F118/><W18/><G20/><T1/><D1/><U28/><E100/><V16/><F135/><W29/><G29/><T126/><D126/><U67/><E40/><V9/><F19/><W11/><G11/><T7/><D7/><U84/><E84/><V71/><F71/><W120/><G120/><T58/><D79/><U73/><E73/><V106/><F56/><W111/><G66/><T54/><D38/><U82/><E82/><V72/><F72/><W94/><G105/><T60/><REACH who="0" step="1"/><D70/><REACH who="0" ten="480,273,52,165" step="2"/><U0/><E0/><V91/><REACH who="2" step="1"/><F106/><REACH who="2" ten="480,273,42,165" step="2"/><W109/><G69/><T75/><D75/><U14/><E6/><V83/><F83/><W22/><G132/><T31/><D31/><U57/><E28/><V97/><F97/><AGARI ba="1,4" hai="46,51,52,54,58,60,62,63,74,78,81,92,97,102" machi="97" ten="40,8000,1" yaku="1,1,52,1,54,1,53,1" doraHai="88" doraHaiUra="93" who="0" fromWho="2" sc="480,123,273,0,42,-83,165,0" owari="603,70.3,273,7.3,-41,-54.1,165,-23.5" /></mjloggm>