<mjloggm ver="2.3"><GO type="169" lobby="0"/><UN n0="%6E%69%73%69%35%30%32%38" n1="%E5%B0%8F%E7%81%AB%E4%BA%BA%73%73" n2="%68%69%73%61%74%6F%E6%A3%92" n3="%E6%89%8B%E6%8A%BC%E3%81%97%E8%BB%8A" dan="16,16,16,16" rate="2105.60,2071.85,2144.61,2107.69" sx="M,M,M,M"/><TAIKYOKU oya="0"/><INIT seed="0,0,0,1,3,48" ten="250,250,250,250" oya="0" hai0="22,27,69,50,68,73,112,45,37,113,92,13,53" hai1="133,111,63,74,30,135,24,100,75,105,90,108,107" hai2="46,97,87,66,115,10,117,78,43,38,94,128,39" hai3="99,12,20,5,110,83,56,49,29,104,80,23,36"/><T32/><D73/><N who="1" m="27659" /><E63/><V7/><F128/><W88/><G36/><T42/><D32/><U125/><E30/><V70/><F115/><W8/><G110/><N who="1" m="42026" /><E24/><V132/><F132/><N who="1" m="50761" /><E125/><V134/><F117/><W14/><G104/><T101/><D13/><U91/><E100/><V85/><F39/><W67/><G14/><T96/><D68/><U47/><E47/><V86/><F70/><W6/><G6/><T34/><D34/><U84/><E91/><V26/><F26/><N who="3" m="16583" /><G23/><T11/><D11/><U60/><E60/><V129/><F66/><W2/><G2/><T103/><D103/><U55/><E55/><V79/><F129/><W17/><G5/><T18/><REACH who="0" step="1"/><D69/><REACH who="0" ten="240,250,250,250" step="2"/><U89/><E89/><V35/><F35/><W72/><G72/><T61/><D61/><U0/><E0/><V65/><F134/><W95/><G67/><T19/><D19/><U44/><E44/><AGARI ba="0,1" hai="18,22,27,37,42,44,45,50,53,92,96,101,112,113" machi="44" ten="30,5800,0" yaku="1,1,7,1,52,1,53,0" doraHai="48" doraHaiUra="123" who="0" fromWho="1" sc="240,68,250,-58,250,0,250,0" /><INIT seed="0,1,0,5,3,33" ten="308,192,250,250" oya="0" hai0="36,119,112,43,55,49,40,90,13,14,118,54,114" hai1="129,88,24,11,116,48,70,120,94,50,61,10,97" hai2="92,31,44,73,98,115,87,121,96,32,4,64,26" hai3="1,66,53,89,124,23,133,104,91,131,125,2,0"/><T57/><D90/><U35/><E116/><N who="0" m="44585" /><D13/><U84/><E129/><V51/><F73/><W105/><G131/><T132/><D14/><U8/><E120/><V113/><F4/><W77/><G77/><T68/><D132/><U123/><E123/><V107/><F64/><W67/><G133/><T6/><D6/><U9/><N who="1" m="2048" /><DORA hai="3" /><U135/><E135/><V30/><F30/><W16/><G53/><N who="0" m="31919" /><D68/><U126/><E126/><N who="3" m="48746" /><G89/><T28/><D28/><U20/><E35/><V100/><F87/><W99/><G91/><T109/><D109/><U78/><E84/><V76/><F76/><W52/><G52/><N who="0" m="20011" /><D36/><U22/><E78/><V108/><F108/><W60/><G99/><T110/><D110/><U85/><E85/><V69/><F69/><N who="3" m="42183" /><G67/><T37/><D37/><U63/><E22/><V41/><F121/><W81/><G81/><T117/><N who="0" m="44593" /><T38/><DORA hai="58" /><D38/><U83/><E70/><V46/><F98/><W134/><G134/><T19/><D19/><N who="1" m="12319" /><E83/><V62/><F107/><W56/><G56/><T127/><D127/><U39/><E39/><V5/><F96/><W72/><G72/><T27/><D27/><AGARI ba="1,0" hai="0,1,2,16,23,27,104,105" m="42183,48746" machi="27" ten="40,12000,2" yaku="18,1,52,4,54,1" doraHai="33,3,58" who="3" fromWho="0" sc="308,-123,192,0,250,0,250,123" /><INIT seed="1,0,0,4,0,5" ten="185,192,250,373" oya="1" hai0="59,42,71,99,128,114,80,105,25,91,124,47,8" hai1="119,26,115,54,127,98,7,33,77,111,28,123,126" hai2="89,66,15,14,73,69,76,36,120,109,108,16,51" hai3="4,94,83,122,13,0,32,75,72,29,93,88,104"/><U41/><E123/><V65/><F36/><W62/><G104/><T134/><D114/><U131/><E119/><V117/><F15/><W35/><G0/><T61/><D128/><U74/><E115/><V39/><F39/><W57/><G122/><T63/><D124/><U106/><E131/><V100/><F100/><W31/><G83/><T12/><D71/><U58/><E74/><V22/><F73/><W132/><G132/><T27/><D63/><U67/><E77/><V101/><F101/><W85/><G32/><T17/><D105/><U21/><E106/><V45/><F76/><W129/><G129/><T10/><D134/><U24/><E98/><V79/><F79/><W49/><G49/><N who="0" m="26871" /><D10/><U9/><E111/><N who="2" m="42571" /><F69/><W84/><G35/><T55/><D99/><U11/><E41/><N who="2" m="25007" /><F117/><W52/><G75/><T6/><D6/><U1/><E67/><V97/><F120/><W30/><G72/><T43/><D43/><U56/><E11/><V135/><F135/><W95/><G84/><AGARI ba="0,0" hai="8,12,17,25,27,55,59,61,80,84,91" m="26871" machi="84" ten="30,2000,0" yaku="8,1,52,1" doraHai="5" who="0" fromWho="3" sc="185,20,192,0,250,0,373,-20" /><INIT seed="2,0,0,2,1,125" ten="205,192,250,353" oya="2" hai0="119,73,8,63,21,87,29,36,57,99,129,122,85" hai1="3,86,26,83,59,14,135,70,84,89,13,97,31" hai2="128,34,124,114,12,38,48,93,37,104,80,110,20" hai3="95,64,75,103,96,40,50,81,134,35,98,132,2"/><V16/><F114/><W33/><G2/><T56/><D122/><U78/><E70/><V88/><F104/><W105/><G64/><T39/><D73/><U116/><E3/><V1/><F34/><W115/><G40/><T46/><D8/><U113/><E113/><V108/><F80/><W25/><G50/><T62/><D119/><U82/><E135/><N who="3" m="51754" /><G115/><T49/><D99/><U5/><E116/><V55/><F128/><W102/><G25/><T109/><D129/><U17/><E5/><V15/><F15/><W67/><G67/><T92/><D109/><N who="2" m="42090" /><F124/><W19/><G19/><T79/><D79/><AGARI ba="0,0" hai="33,35,75,79,81,95,96,98,102,103,105" m="51754" machi="79" ten="30,1000,0" yaku="20,1" doraHai="125" who="3" fromWho="0" sc="205,-10,192,0,250,0,353,10" /><INIT seed="3,0,0,2,1,8" ten="195,192,250,363" oya="3" hai0="93,14,35,42,67,10,82,57,12,19,122,4,121" hai1="134,11,60,17,97,56,3,0,63,127,135,77,116" hai2="70,39,108,64,103,119,21,41,16,7,2,94,81" hai3="88,62,38,27,99,96,58,43,24,23,76,31,98"/><W30/><G76/><T104/><D104/><U111/><E111/><V71/><F81/><W26/><G38/><T5/><D35/><U45/><E127/><V131/><F131/><W129/><G43/><T124/><D42/><U114/><E114/><V46/><F119/><W15/><G129/><T85/><D124/><U123/><E123/><V109/><F64/><W106/><G106/><T132/><D132/><N who="1" m="50731" /><E116/><V126/><F126/><W83/><G83/><T48/><D93/><U6/><E77/><V28/><F28/><W100/><G100/><T65/><D122/><U86/><E86/><V84/><F7/><W90/><G15/><N who="0" m="5675" /><D121/><U40/><E97/><V87/><F2/><W80/><G80/><T72/><D72/><U9/><E3/><V128/><F128/><W92/><G90/><N who="0" m="51511" /><D19/><U101/><E101/><V50/><F39/><W125/><G125/><T74/><D74/><U29/><E17/><V73/><F73/><W115/><G115/><T78/><D78/><U22/><E40/><V118/><F118/><W68/><G68/><T32/><D32/><U79/><E79/><V55/><F41/><W33/><REACH who="3" step="1"/><G27/><REACH who="3" ten="195,192,250,353" step="2"/><T54/><D10/><U120/><E11/><V34/><F70/><W52/><AGARI ba="0,1" hai="23,24,26,30,31,33,52,58,62,88,92,96,98,99" machi="52" ten="20,18000,2" yaku="1,1,2,1,0,1,7,1,54,2,53,0" doraHai="8" doraHaiUra="105" who="3" fromWho="3" sc="195,-60,192,-60,250,-60,353,190" /><INIT seed="3,1,0,5,1,119" ten="135,132,190,543" oya="3" hai0="47,54,91,26,82,40,92,79,53,72,88,132,102" hai1="30,75,64,34,18,130,95,13,74,7,59,86,105" hai2="135,63,12,66,128,111,37,56,11,29,25,133,134" hai3="124,113,16,104,35,24,9,71,39,17,110,27,99"/><W129/><G39/><T121/><D121/><U97/><E130/><V117/><F37/><W108/><G71/><T106/><D132/><U41/><E7/><V22/><F117/><W61/><G61/><T80/><D80/><U109/><E109/><N who="3" m="42090" /><G129/><T10/><D26/><N who="3" m="9769" /><G113/><T116/><D116/><U51/><E30/><V8/><F111/><W14/><G35/><T32/><D32/><U122/><E34/><V6/><F8/><W45/><G45/><T115/><D10/><U21/><E105/><V78/><F78/><W123/><G124/><T0/><D0/><U81/><E64/><V114/><F128/><W65/><G65/><T100/><D115/><AGARI ba="1,0" hai="6,11,12,22,25,29,56,63,66,114,115,133,134,135" machi="115" ten="40,1300,0" yaku="20,1" doraHai="119" who="2" fromWho="0" sc="135,-16,132,0,190,16,543,0" /><INIT seed="4,0,0,1,3,34" ten="119,132,206,543" oya="0" hai0="7,24,97,74,81,23,70,29,126,53,123,3,36" hai1="21,10,47,99,117,106,59,133,41,56,78,18,119" hai2="15,16,52,27,40,84,13,25,121,109,91,116,135" hai3="110,60,19,107,5,8,72,33,92,51,67,87,111"/><T124/><D123/><U32/><E32/><V130/><F135/><W11/><G72/><T55/><D70/><U73/><E133/><V93/><F40/><W22/><G33/><T68/><D68/><U64/><E10/><V42/><F42/><W49/><G107/><T31/><D36/><U66/><E73/><V9/><F130/><W39/><G39/><T37/><D37/><U69/><E78/><V75/><F75/><W89/><G110/><T98/><D74/><U127/><E127/><N who="0" m="48681" /><D81/><U102/><E66/><V50/><F116/><W17/><G111/><T129/><D31/><U62/><E117/><V45/><F121/><W2/><G11/><N who="0" m="2559" /><D129/><U79/><E119/><V4/><F109/><W61/><G19/><T12/><D12/><U58/><E79/><V100/><F100/><W131/><G131/><T86/><D86/><U96/><E96/><AGARI ba="0,0" hai="23,24,29,53,55,96,97,98" m="2559,48681" machi="96" ten="30,2900,0" yaku="18,1,52,1" doraHai="34" who="0" fromWho="1" sc="119,29,132,-29,206,0,543,0" /><INIT seed="4,1,0,2,0,52" ten="148,103,206,543" oya="0" hai0="82,9,21,7,3,112,15,37,54,36,69,20,5" hai1="96,28,0,119,84,65,43,31,122,118,106,77,22" hai2="27,72,51,14,134,99,10,55,53,105,107,91,2" hai3="61,42,18,32,11,115,126,63,128,110,132,46,58"/><T50/><D69/><U93/><E122/><V79/><F2/><W131/><G32/><T111/><D112/><U12/><E0/><V88/><F27/><W81/><G115/><T62/><D62/><U45/><E106/><V41/><F41/><W104/><G104/><T83/><D111/><U73/><E73/><V78/><F72/><W92/><G110/><T40/><D40/><U4/><E65/><V39/><F39/><W1/><G63/><T59/><D36/><U76/><E118/><V100/><F105/><W80/><G92/><T64/><D64/><U38/><E119/><V75/><F134/><W108/><G132/><T34/><D34/><U95/><E95/><V124/><F55/><W68/><G68/><T123/><D37/><U130/><E130/><V85/><F124/><W47/><G47/><T71/><D71/><U33/><E33/><V8/><F91/><W74/><G18/><T101/><D101/><U24/><E31/><V121/><F10/><W103/><G103/><T16/><D123/><U113/><E84/><V29/><F29/><W135/><G135/><T114/><D114/><U67/><E67/><V120/><F75/><W66/><G126/><T17/><D7/><U56/><E56/><V116/><F116/><W102/><G102/><T109/><D109/><U97/><E113/><V98/><F120/><W127/><G127/><T133/><D133/><U6/><E97/><V13/><F98/><W57/><G108/><T23/><D23/><U44/><E44/><N who="2" m="27879" /><F121/><W129/><G129/><T35/><D35/><U60/><E96/><V86/><F99/><RYUUKYOKU ba="1,0" sc="148,30,103,-10,206,-10,543,-10" hai0="3,5,9,15,16,17,20,21,50,54,59,82,83" /><INIT seed="4,2,0,3,1,64" ten="178,93,196,533" oya="0" hai0="95,78,43,134,98,70,63,13,79,34,23,46,74" hai1="84,37,57,77,17,9,85,90,48,125,92,47,20" hai2="123,33,3,89,16,62,55,44,36,40,49,66,8" hai3="118,129,102,24,45,80,1,117,65,121,69,135,128"/><T39/><D34/><U50/><E125/><V26/><F33/><W131/><G1/><T115/><D115/><U31/><E37/><V109/><F3/><W94/><G121/><T97/><D74/><U18/><E57/><V60/><F109/><W51/><G135/><T87/><D134/><U59/><E59/><V12/><F26/><W126/><G80/><T122/><D122/><U10/><E31/><V6/><F6/><W100/><G24/><T113/><D113/><U96/><E50/><V103/><F103/><N who="3" m="39467" /><G94/><T81/><D79/><U110/><E110/><V107/><F107/><W104/><G104/><T42/><D42/><U108/><E108/><V114/><F114/><W132/><G126/><T2/><D2/><U19/><E20/><V93/><F66/><W73/><G73/><T30/><D30/><U116/><E116/><V58/><F123/><W29/><G29/><T112/><D112/><U28/><E28/><V83/><F83/><W25/><G25/><T38/><D38/><U75/><E75/><V0/><F0/><W4/><G4/><T91/><D97/><AGARI ba="2,0" hai="8,12,16,36,40,44,49,55,58,60,62,89,93,97" machi="97" ten="30,2000,0" yaku="7,1,54,1" doraHai="64" who="2" fromWho="0" sc="178,-26,93,0,196,26,533,0" /><INIT seed="5,0,0,0,1,63" ten="152,93,222,533" oya="1" hai0="59,109,122,28,46,24,117,50,61,58,132,114,84" hai1="93,86,62,69,91,53,49,116,127,51,105,102,103" hai2="90,131,115,56,45,125,9,70,110,96,100,113,42" hai3="44,27,18,68,5,123,33,19,135,57,82,6,73"/><U13/><E116/><V54/><F70/><W72/><G68/><T101/><D109/><U47/><E127/><V80/><F9/><W3/><G123/><T14/><D117/><U7/><E105/><V26/><F26/><W4/><G57/><T0/><D0/><U67/><REACH who="1" step="1"/><E51/><REACH who="1" ten="152,83,222,533" step="2"/><V23/><F125/><W48/><G48/><T94/><D50/><U98/><E98/><V79/><F110/><W43/><G135/><T55/><D132/><U74/><E74/><V20/><F113/><W37/><G72/><T52/><D114/><U12/><E12/><V107/><F115/><W88/><G73/><T119/><D14/><U16/><E16/><V111/><F111/><W40/><G18/><T124/><D119/><U75/><E75/><V25/><F25/><W81/><G19/><T64/><D124/><U83/><E83/><V126/><F80/><W85/><G81/><T112/><D112/><U60/><E60/><V66/><F96/><W71/><G27/><T30/><D24/><U89/><E89/><V104/><F90/><W76/><G88/><N who="0" m="53511" /><D122/><U29/><E29/><V133/><F126/><W92/><G82/><T38/><D28/><U22/><E22/><V97/><F133/><W130/><G3/><T95/><D30/><U108/><E108/><V106/><F104/><W118/><G118/><T36/><D61/><U10/><AGARI ba="0,1" hai="7,10,13,47,49,53,62,67,69,86,91,93,102,103" machi="10" ten="30,6000,0" yaku="1,1,0,1,52,1,53,0" doraHai="63" doraHaiUra="34" who="1" fromWho="1" sc="152,-20,83,70,222,-20,533,-20" /><INIT seed="5,1,0,4,5,63" ten="132,153,202,513" oya="1" hai0="106,110,82,55,124,25,79,19,112,69,32,51,75" hai1="20,74,16,26,87,115,126,38,132,4,116,114,3" hai2="24,93,134,109,29,67,88,43,70,120,37,52,94" hai3="1,47,77,119,14,113,104,7,101,6,17,54,96"/><U125/><E74/><V99/><F109/><W13/><G1/><T68/><D110/><U117/><E38/><V131/><F134/><W33/><G33/><T64/><D112/><N who="1" m="43051" /><E132/><V130/><F94/><W123/><G113/><T36/><D36/><U80/><E80/><V86/><F99/><W81/><G123/><T22/><D124/><N who="1" m="47723" /><E87/><V65/><F70/><W21/><G13/><T34/><D106/><U118/><E118/><V41/><F43/><W11/><G11/><AGARI ba="1,0" hai="3,4,11,16,20,26,116,117" m="47723,43051" machi="11" ten="30,12000,1" yaku="15,1,18,1,34,2,54,1" doraHai="63" who="1" fromWho="3" sc="132,0,153,123,202,0,513,-123" /><INIT seed="5,2,0,5,4,51" ten="132,276,202,390" oya="1" hai0="99,94,96,77,118,44,8,65,45,62,58,4,89" hai1="59,107,12,126,19,41,125,131,100,17,40,130,26" hai2="22,25,135,114,33,6,61,18,86,46,132,72,67" hai3="11,88,112,93,103,120,69,76,79,73,109,92,36"/><U134/><E26/><V31/><F72/><W121/><G36/><T0/><D118/><U98/><E59/><V43/><F6/><W117/><G69/><T83/><REACH who="0" step="1"/><D99/><REACH who="0" ten="122,276,202,390" step="2"/><U24/><E98/><V102/><F132/><W55/><G117/><T5/><D5/><U35/><E134/><V32/><F135/><W78/><G109/><T101/><D101/><U124/><E100/><V39/><F102/><W20/><G103/><T90/><D90/><U47/><E126/><V127/><F127/><W21/><G88/><T64/><D64/><U9/><E125/><V30/><F114/><W128/><G112/><T91/><D91/><U68/><E124/><V85/><F32/><W1/><G78/><T104/><D104/><U115/><E107/><V54/><F33/><W84/><G79/><T87/><AGARI ba="2,1" hai="0,4,8,44,45,58,62,65,77,83,87,89,94,96" machi="87" ten="20,2700,0" yaku="1,1,0,1,7,1,53,0" doraHai="51" doraHaiUra="116" who="0" fromWho="0" sc="122,43,276,-15,202,-9,390,-9" /><INIT seed="6,0,0,0,3,122" ten="165,261,193,381" oya="2" hai0="93,5,125,18,32,67,31,103,110,127,75,46,42" hai1="48,14,68,54,124,8,60,10,55,25,50,99,131" hai2="56,57,3,45,84,106,26,116,98,20,102,28,80" hai3="78,35,130,13,89,132,47,53,115,134,85,79,9"/><V11/><F116/><W129/><G35/><T91/><D75/><U40/><E124/><N who="0" m="47689" /><D67/><U77/><E68/><V7/><REACH who="2" step="1"/><F45/><REACH who="2" ten="165,261,183,381" step="2"/><W83/><G47/><T41/><D110/><U2/><E131/><V120/><F120/><W112/><G129/><T90/><D46/><U135/><E135/><N who="3" m="51754" /><G130/><T104/><D41/><U88/><E40/><V39/><F39/><W30/><G53/><T17/><D42/><U0/><E55/><V66/><F66/><W71/><G115/><T43/><D43/><U94/><E54/><V24/><F24/><W70/><G112/><T44/><D44/><U22/><E25/><V123/><F123/><W126/><G126/><T12/><D32/><U82/><E50/><V15/><F15/><W95/><G30/><T27/><D31/><U34/><E48/><V1/><F1/><W87/><G78/><AGARI ba="0,1" hai="3,7,11,20,26,28,56,57,78,80,84,98,102,106" machi="78" ten="30,5800,0" yaku="1,1,7,1,53,1" doraHai="122" doraHaiUra="101" who="2" fromWho="3" sc="165,0,261,0,183,68,381,-58" /><INIT seed="6,1,0,5,4,14" ten="165,261,251,323" oya="2" hai0="56,5,63,51,2,53,61,9,62,100,91,23,99" hai1="129,95,101,57,119,54,33,109,65,125,16,11,19" hai2="128,40,122,69,22,32,110,18,1,24,20,15,112" hai3="86,76,36,114,113,37,121,31,126,7,10,97,34"/><V27/><F69/><W67/><G121/><T88/><REACH who="0" step="1"/><D23/><REACH who="0" ten="155,261,251,323" step="2"/><U92/><E33/><V13/><F122/><W47/><G34/><T42/><D42/><U127/><E109/><V98/><F40/><W25/><G126/><T79/><D79/><U107/><E125/><V132/><F110/><W90/><G76/><T68/><D68/><U3/><E127/><V39/><F128/><W134/><G114/><T105/><AGARI ba="1,1" hai="2,5,9,51,53,56,61,62,63,88,91,99,100,105" machi="105" ten="30,7900,0" yaku="21,2,0,1,54,1,53,0" doraHai="14" doraHaiUra="73" who="0" fromWho="0" sc="155,92,261,-21,251,-40,323,-21" /><INIT seed="7,0,0,3,1,107" ten="247,240,211,302" oya="3" hai0="113,35,87,80,100,7,135,88,71,122,60,106,32" hai1="41,108,16,77,47,44,86,93,130,10,59,104,27" hai2="29,2,12,90,73,75,70,45,64,56,112,24,19" hai3="131,111,99,97,85,61,123,127,126,115,9,83,121"/><W18/><G111/><T50/><D122/><U31/><E104/><V33/><F2/><W82/><G82/><T132/><D7/><U0/><E108/><V76/><F70/><W96/><G61/><T25/><D50/><U52/><E130/><V125/><F76/><W79/><G131/><T74/><D74/><U129/><E129/><V6/><F6/><W66/><G66/><N who="0" m="41415" /><D113/><U20/><E41/><V120/><F120/><W48/><G115/><T128/><D128/><U22/><E10/><V69/><F69/><W89/><G48/><T62/><D62/><N who="1" m="36199" /><E0/><V110/><F110/><W21/><G9/><T43/><D43/><U57/><E57/><V118/><F56/><W101/><G79/><T54/><D54/><U40/><E40/><V84/><F64/><W116/><G101/><T8/><D8/><U42/><E42/><V114/><F118/><W30/><G30/><N who="0" m="19535" /><D35/><U117/><E117/><V94/><F112/><W38/><G38/><T67/><D67/><U68/><E68/><V13/><F13/><N who="3" m="9423" /><G116/><T98/><AGARI ba="0,0" hai="80,87,88,98,100,106,132,135" m="19535,41415" machi="98" ten="30,2000,0" yaku="25,1,54,1" doraHai="107" who="0" fromWho="0" sc="247,20,240,-5,211,-5,302,-10" /><INIT seed="8,0,0,3,1,8" ten="267,235,206,292" oya="0" hai0="68,85,21,77,24,19,84,102,91,28,20,38,57" hai1="31,41,1,132,80,54,44,73,4,123,61,118,106" hai2="56,81,66,97,23,2,34,7,90,22,3,30,88" hai3="86,119,27,79,9,17,108,39,109,120,131,115,93"/><T104/><D68/><U112/><E123/><V134/><F34/><W100/><G39/><T113/><D38/><U126/><E106/><V35/><F35/><W18/><G115/><T76/><D113/><U111/><E111/><V83/><F7/><W53/><G120/><T64/><D104/><U125/><E112/><V82/><F134/><W72/><G72/><T128/><D102/><U124/><E132/><V60/><F97/><N who="3" m="59439" /><G108/><T40/><D40/><U87/><E31/><V25/><REACH who="2" step="1"/><F23/><REACH who="2" ten="267,235,196,292" step="2"/><N who="3" m="13807" /><G109/><T69/><D21/><U12/><E4/><V65/><F65/><W42/><G119/><T127/><D64/><U14/><E118/><V55/><F55/><W59/><G42/><T110/><D20/><U43/><E43/><V46/><F46/><W29/><G131/><T16/><D128/><U89/><E1/><AGARI ba="0,1" hai="1,2,3,22,25,30,56,60,66,81,82,83,88,90" machi="1" ten="40,5200,0" yaku="1,1,54,1,53,1" doraHai="8" doraHaiUra="52" who="2" fromWho="1" sc="267,0,235,-52,196,62,292,0" /><INIT seed="9,0,0,4,4,75" ten="267,183,258,292" oya="1" hai0="55,82,21,48,62,46,131,74,111,33,20,108,41" hai1="132,0,72,115,100,65,38,79,18,122,99,125,57" hai2="16,26,130,58,50,76,134,51,4,109,120,67,44" hai3="129,60,133,19,85,27,68,6,5,64,96,88,47"/><U77/><E122/><V119/><F134/><W14/><G133/><T1/><D33/><U73/><E132/><V61/><F119/><W93/><G27/><T103/><D1/><U30/><E38/><V118/><F118/><W24/><G24/><T117/><D117/><U113/><E0/><V56/><F130/><W123/><G129/><T110/><D103/><U7/><E7/><V135/><F4/><W94/><G47/><T25/><D131/><U52/><E65/><V126/><F126/><W49/><G49/><T29/><D21/><U70/><E70/><V107/><F107/><W128/><G123/><T13/><D13/><U89/><E125/><V63/><F109/><W92/><G128/><T53/><REACH who="0" step="1"/><D62/><REACH who="0" ten="257,183,258,292" step="2"/><U37/><E37/><V121/><F135/><W106/><G106/><T23/><D23/><U36/><E36/><V12/><F26/><W80/><REACH who="3" step="1"/><G96/><REACH who="3" ten="257,183,258,282" step="2"/><T78/><AGARI ba="0,2" hai="20,25,29,41,46,48,53,55,74,78,82,108,110,111" machi="78" ten="40,5200,0" yaku="1,1,0,1,52,1,53,0" doraHai="75" doraHaiUra="97" who="0" fromWho="0" sc="257,72,183,-26,258,-13,282,-13" owari="329,42.9,157,-34.3,245,-15.5,269,6.9" /></mjloggm>