<mjloggm ver="2.3"><GO type="169" lobby="0"/><UN n0="%4C%61%72%72%6B" n1="%6B%61%7A%75%73%61" n2="%E6%B7%B3%E5%AD%90%E3%81%A7%E3%81%99" n3="%E9%87%A3%E3%82%8A%E6%97%A5%E5%92%8C" dan="16,17,17,17" rate="2153.05,2143.41,2166.25,2205.99" sx="M,F,M,M"/><TAIKYOKU oya="0"/><INIT seed="0,0,0,3,4,33" ten="250,250,250,250" oya="0" hai0="19,34,46,79,12,2,64,21,121,48,86,30,51" hai1="5,77,0,43,73,11,45,42,112,124,32,111,115" hai2="131,26,69,88,49,35,41,39,91,108,71,53,59" hai3="66,80,117,24,29,10,28,127,27,56,67,89,58"/><T18/><D121/><U60/><E111/><V70/><F108/><W8/><G80/><T106/><D106/><U54/><E124/><V119/><F131/><W92/><G92/><T23/><D64/><U94/><E32/><V96/><F119/><W120/><G89/><T25/><D2/><U116/><E116/><V133/><F133/><W132/><G117/><T65/><D65/><U47/><E94/><V68/><F96/><W36/><G36/><T123/><D123/><U135/><E135/><V85/><N who="2" m="17408" /><DORA hai="128" /><V122/><F122/><W113/><G120/><T84/><D79/><U6/><E6/><V16/><F85/><W9/><G9/><T114/><D51/><U82/><E60/><V78/><F78/><W1/><G127/><T98/><D98/><U50/><REACH who="1" step="1"/><E54/><REACH who="1" ten="250,240,250,250" step="2"/><V90/><F35/><W134/><REACH who="3" step="1"/><G113/><REACH who="3" ten="250,240,250,240" step="2"/><T100/><D114/><U55/><E55/><V104/><F104/><W75/><G75/><T107/><D107/><U14/><E14/><V62/><F62/><W57/><G57/><T87/><D100/><U7/><E7/><V52/><F53/><W74/><G74/><T22/><REACH who="0" step="1"/><D12/><REACH who="0" ten="240,240,250,240" step="2"/><U17/><E17/><V20/><F41/><AGARI ba="0,3" hai="18,19,21,22,23,25,30,34,41,46,48,84,86,87" machi="41" ten="40,3900,0" yaku="1,1,2,1,53,0" doraHai="33,128" doraHaiUra="4,95" who="0" fromWho="2" sc="240,69,240,0,250,-39,240,0" /><INIT seed="0,1,0,3,4,40" ten="309,240,211,240" oya="0" hai0="59,69,81,5,26,24,113,110,109,89,49,85,124" hai1="121,70,13,88,0,61,67,133,132,90,62,32,71" hai2="16,63,42,22,44,126,125,93,12,122,83,65,46" hai3="53,50,116,103,15,33,73,98,25,10,19,23,21"/><T66/><D113/><U77/><E121/><V58/><F122/><W97/><G73/><T17/><D5/><U2/><E32/><V29/><F29/><W55/><G116/><T38/><D38/><U119/><E77/><V92/><F83/><W100/><G33/><T120/><D120/><U43/><E43/><V52/><F65/><W30/><G23/><T104/><D104/><U34/><E34/><V3/><F3/><W8/><G8/><T108/><D124/><N who="2" m="47722" /><F46/><W134/><G134/><N who="1" m="51818" /><E119/><V86/><F86/><W1/><G1/><N who="1" m="618" /><E13/><V106/><F106/><W68/><G68/><N who="1" m="26154" /><E67/><V127/><N who="2" m="47730" /><V18/><DORA hai="80" /><F18/><W114/><G114/><T41/><D17/><U112/><E112/><V130/><F130/><W118/><G118/><T84/><D84/><U105/><E105/><V79/><F79/><W102/><REACH who="3" step="1"/><G55/><REACH who="3" ten="309,240,211,230" step="2"/><N who="0" m="32239" /><D41/><U87/><E87/><V27/><F27/><N who="0" m="10282" /><D69/><U39/><E39/><AGARI ba="1,1" hai="12,16,22,39,42,44,52,58,63,92,93" m="47730" machi="39" ten="40,8000,1" yaku="18,1,52,1,54,2" doraHai="40,80" who="2" fromWho="1" sc="309,0,240,-83,211,93,230,0" /><INIT seed="1,0,0,4,1,1" ten="309,157,304,230" oya="1" hai0="134,100,47,24,32,112,99,68,51,129,46,126,105" hai1="131,52,43,58,57,113,81,45,50,116,124,97,5" hai2="0,54,39,20,83,13,59,36,38,37,18,101,3" hai3="11,27,84,40,71,108,90,73,2,25,80,104,110"/><U7/><E113/><V30/><F30/><W75/><G71/><T21/><D112/><U4/><E116/><V6/><F101/><W135/><G104/><T10/><D68/><U69/><E69/><V67/><F67/><W63/><G63/><T132/><D126/><U8/><E124/><V122/><F122/><W119/><G40/><T123/><D123/><U117/><E117/><V26/><F83/><W107/><G107/><T96/><D32/><U128/><E97/><V106/><F106/><W35/><G135/><T92/><D129/><N who="1" m="49739" /><E81/><V60/><N who="2" m="9216" /><DORA hai="48" /><V109/><REACH who="2" step="1"/><F109/><REACH who="2" ten="309,157,294,230" step="2"/><W125/><G119/><T23/><D105/><U114/><E114/><V120/><F120/><W82/><G125/><T62/><D100/><U17/><E17/><V56/><F56/><N who="1" m="21609" /><E43/><V121/><F121/><W22/><G80/><T115/><D115/><U118/><E118/><V76/><F76/><W77/><G77/><T98/><D134/><U29/><E29/><V15/><F15/><AGARI ba="0,1" hai="4,5,7,8,15,45,50,52" m="21609,49739" machi="15" ten="30,18000,2" yaku="19,1,52,4,54,1" doraHai="1,48" who="1" fromWho="2" sc="309,0,157,190,294,-180,230,0" /><INIT seed="1,1,0,5,2,55" ten="309,347,114,230" oya="1" hai0="7,124,108,12,123,104,67,133,1,125,61,135,6" hai1="95,75,86,51,91,98,65,72,36,105,24,62,103" hai2="18,111,33,14,15,118,112,120,107,82,49,99,26" hai3="4,89,27,11,19,129,47,116,39,131,134,102,96"/><U119/><E119/><V128/><F118/><W130/><G134/><N who="0" m="51211" /><D104/><U122/><E122/><V13/><F120/><W2/><G116/><T132/><D123/><U100/><E36/><V41/><F111/><W37/><G89/><T127/><N who="0" m="51219" /><T28/><DORA hai="85" /><D108/><U54/><E103/><V69/><F128/><W126/><G126/><T113/><D113/><U45/><REACH who="1" step="1"/><E24/><REACH who="1" ten="309,337,114,230" step="2"/><V110/><F110/><W81/><G27/><T57/><D1/><U73/><E73/><V46/><F112/><W29/><G39/><T23/><D12/><U21/><E21/><V66/><F33/><W80/><G37/><T92/><D23/><U115/><E115/><V101/><F26/><W59/><G2/><T48/><D127/><U56/><AGARI ba="1,1" hai="45,51,54,56,62,65,72,75,86,91,95,98,100,105" machi="56" ten="20,18000,2" yaku="1,1,0,1,7,1,52,2,53,1" doraHai="55,85" doraHaiUra="25,84" who="1" fromWho="1" sc="309,-61,337,193,114,-61,230,-61" /><INIT seed="1,2,0,2,5,82" ten="248,530,53,169" oya="1" hai0="110,116,120,111,65,121,67,60,127,21,0,32,85" hai1="18,135,58,97,66,10,31,118,122,88,89,107,62" hai2="133,30,8,101,90,93,36,34,104,7,78,108,46" hai3="84,43,71,92,105,96,27,124,132,114,37,20,11"/><U128/><E118/><V125/><F108/><N who="0" m="41514" /><D32/><U74/><E122/><N who="0" m="47209" /><D0/><U49/><E128/><V76/><F125/><W115/><G71/><T106/><D106/><U12/><E74/><V16/><F133/><W40/><G124/><T86/><D127/><U103/><E135/><V77/><F101/><W119/><G119/><T95/><D116/><U54/><REACH who="1" step="1"/><E31/><REACH who="1" ten="248,520,53,169" step="2"/><V38/><F104/><W61/><G132/><T98/><D21/><U5/><E5/><V57/><F30/><W70/><G20/><T79/><D79/><U68/><AGARI ba="2,1" hai="10,12,18,49,54,58,62,66,68,88,89,97,103,107" machi="68" ten="20,7800,0" yaku="1,1,0,1,7,1,54,1,53,0" doraHai="82" doraHaiUra="113" who="1" fromWho="1" sc="248,-28,520,94,53,-28,169,-28" /><INIT seed="1,3,0,1,1,54" ten="220,614,25,141" oya="1" hai0="31,99,89,50,76,42,52,21,109,10,73,101,129" hai1="96,64,83,62,60,70,115,3,71,24,6,84,86" hai2="49,121,7,128,30,122,5,16,35,1,55,72,53" hai3="127,113,112,36,123,119,69,107,47,8,14,27,94"/><U131/><E115/><V93/><F72/><W15/><G107/><T133/><D109/><U39/><E39/><V51/><F30/><W19/><G123/><T78/><D129/><U132/><E131/><V57/><F35/><W88/><G69/><T81/><D133/><U28/><E132/><V61/><F128/><W77/><G127/><T92/><D42/><U95/><E6/><V41/><F41/><W9/><G119/><T104/><D10/><U110/><E3/><V58/><F61/><W105/><G105/><T44/><D76/><U68/><E110/><V4/><F1/><W45/><G27/><T97/><D21/><U120/><E120/><V130/><F130/><W114/><G77/><T74/><D31/><U59/><E60/><V0/><F0/><W48/><G36/><T20/><D20/><U106/><E106/><V85/><F16/><W116/><G116/><T12/><D12/><U46/><E46/><V2/><F2/><W37/><G37/><T87/><AGARI ba="3,0" hai="44,50,52,73,74,78,81,87,89,92,97,99,101,104" machi="87" ten="20,2700,0" yaku="0,1,7,1,54,1" doraHai="54" who="0" fromWho="0" sc="220,36,614,-16,25,-10,141,-10" /><INIT seed="2,0,0,2,2,76" ten="256,598,15,131" oya="2" hai0="120,133,88,31,89,82,51,135,23,56,117,100,7" hai1="0,41,86,30,33,64,34,47,87,60,81,106,80" hai2="19,90,48,68,12,16,53,75,21,15,37,113,116" hai3="107,71,25,77,14,10,9,119,46,94,85,73,74"/><V52/><F75/><W110/><G107/><T127/><D120/><U2/><E106/><V42/><F113/><W131/><G119/><T95/><D117/><U130/><E130/><V115/><F116/><W70/><G131/><T123/><D123/><U62/><E30/><V29/><F68/><W78/><G110/><T58/><D7/><U22/><E22/><V98/><F115/><W96/><G25/><N who="0" m="16831" /><D127/><U49/><E49/><V93/><F29/><W36/><G77/><T40/><D135/><U91/><E91/><N who="0" m="34889" /><D133/><U66/><E47/><N who="2" m="25719" /><F37/><W79/><G79/><T50/><D82/><U69/><E41/><V105/><F105/><W132/><G73/><T67/><D51/><U45/><E45/><V4/><F4/><W124/><G46/><N who="0" m="25927" /><D67/><U126/><E69/><V35/><F35/><W125/><G74/><T43/><D43/><U104/><E104/><V32/><F32/><W92/><G36/><T63/><D63/><U38/><E38/><V8/><AGARI ba="0,0" hai="8,12,15,16,19,21,52,53,90,93,98" m="25719" machi="8" ten="30,6000,0" yaku="8,1,54,2" doraHai="76" who="2" fromWho="2" sc="256,-20,598,-20,15,60,131,-20" /><INIT seed="2,1,0,3,2,91" ten="236,578,75,111" oya="2" hai0="36,77,9,51,31,4,124,76,5,133,131,70,27" hai1="32,55,73,59,39,101,34,79,38,82,116,125,42" hai2="96,99,56,84,74,46,43,49,66,132,93,104,127" hai3="128,24,30,81,33,54,26,47,121,89,111,86,122"/><V88/><F74/><W61/><G111/><T92/><D36/><U120/><E116/><V67/><F127/><W90/><G128/><T83/><D70/><U71/><E125/><V7/><F132/><W97/><G24/><T78/><D124/><U117/><E117/><V94/><F7/><W72/><G72/><T108/><D133/><U103/><E71/><V113/><F113/><W1/><G1/><T19/><D108/><U130/><E130/><V20/><F104/><W11/><G11/><T6/><D131/><U15/><E120/><V112/><F84/><W17/><G17/><T100/><D83/><U80/><E80/><V110/><F112/><W53/><G61/><T126/><D126/><U102/><E38/><V58/><F20/><W115/><G115/><T65/><D65/><N who="2" m="24586" /><F110/><W0/><G0/><T3/><D3/><U40/><E40/><V129/><F129/><W123/><REACH who="3" step="1"/><G47/><REACH who="3" ten="236,578,75,101" step="2"/><T119/><D119/><U87/><E73/><V62/><F62/><W109/><G109/><T21/><D9/><U85/><E79/><V69/><F69/><W16/><G16/><T2/><D19/><U29/><E29/><V75/><F75/><W45/><G45/><T52/><D2/><U35/><E35/><V25/><F25/><W118/><G118/><T22/><D27/><U68/><E34/><V14/><F14/><W135/><G135/><T134/><D31/><U48/><E32/><V8/><F8/><W95/><AGARI ba="1,1" hai="26,30,33,53,54,81,86,89,90,95,97,121,122,123" machi="95" ten="40,5200,0" yaku="1,1,0,1,52,1,53,0" doraHai="91" doraHaiUra="107" who="3" fromWho="3" sc="236,-14,578,-14,75,-27,101,65" /><INIT seed="3,0,0,0,0,60" ten="222,564,48,166" oya="3" hai0="63,2,122,119,72,50,129,70,93,77,120,4,45" hai1="110,22,123,106,37,91,86,21,39,9,99,71,33" hai2="42,12,48,56,44,102,1,90,46,125,54,61,66" hai3="115,38,7,81,20,84,6,18,23,94,97,43,27"/><W25/><G115/><T107/><D107/><U68/><E123/><V113/><F1/><W130/><G130/><T111/><D119/><U131/><E131/><V14/><F113/><W104/><G104/><T32/><D129/><U8/><E33/><V105/><F125/><W79/><G43/><T36/><D32/><U13/><E110/><V112/><F112/><W117/><G38/><T47/><D93/><U95/><E37/><V127/><F127/><W75/><G75/><T29/><D29/><U11/><E39/><V78/><F78/><W24/><G117/><T114/><D111/><U3/><E3/><V31/><F31/><W62/><G62/><T134/><D114/><U55/><E13/><V59/><F102/><W108/><G108/><T88/><D50/><U126/><E126/><V40/><F90/><W17/><REACH who="3" step="1"/><G27/><REACH who="3" ten="222,564,48,156" step="2"/><T57/><D36/><U5/><E106/><V89/><F105/><W118/><G118/><T132/><D63/><U85/><E5/><V124/><F124/><W87/><G87/><T34/><D4/><U82/><E85/><V10/><F89/><AGARI ba="0,1" hai="6,7,17,18,20,23,24,25,79,81,84,89,94,97" machi="89" ten="30,11600,0" yaku="1,1,7,1,9,1,8,1,53,0" doraHai="60" doraHaiUra="26" who="3" fromWho="2" sc="222,0,564,0,48,-116,156,126" owari="222,-17.8,564,66.4,-68,-56.8,282,8.2" /></mjloggm>