<mjloggm ver="2.3"><GO type="169" lobby="0"/><UN n0="%E3%81%82%E3%81%BE%E3%81%82%E3%82%93" n1="%E6%8E%A2%39" n2="%E3%81%82%E3%81%95%E3%81%B4%E3%82%93%EF%BC%A0%EF%BD%8D%EF%BD%8A" n3="%E3%83%94%E3%83%B3%E3%82%B5%E3%83%AD%E5%BA%97%E5%93%A1" dan="16,17,18,17" rate="2076.88,2155.99,2243.95,2243.61" sx="M,M,M,M"/><TAIKYOKU oya="0"/><INIT seed="0,0,0,4,0,34" ten="250,250,250,250" oya="0" hai0="48,79,124,77,85,31,64,43,27,120,12,24,105" hai1="90,3,82,53,54,42,91,98,89,25,9,36,21" hai2="133,61,62,69,134,109,114,117,0,56,45,66,122" hai3="41,76,125,99,118,39,1,17,80,28,130,14,115"/><T86/><D120/><U97/><E36/><V59/><F122/><W81/><G115/><T104/><D124/><U135/><E42/><V29/><F29/><W67/><G118/><T127/><D127/><U16/><E135/><N who="2" m="51723" /><F114/><W7/><G125/><T75/><D64/><U84/><E3/><V95/><F95/><W100/><G28/><T128/><D128/><U92/><E9/><V26/><F26/><W131/><G67/><T11/><D75/><U119/><E119/><V116/><F0/><W2/><G41/><T106/><D48/><U108/><E108/><V38/><F109/><W20/><G39/><T49/><D49/><U47/><E47/><V4/><F4/><W55/><G55/><T46/><D46/><U19/><E19/><V50/><F38/><W110/><G110/><T74/><D74/><U123/><E123/><V23/><F23/><W8/><G2/><T94/><D43/><U40/><E40/><N who="2" m="24871" /><F69/><W32/><G32/><T96/><D24/><U51/><E51/><V121/><F121/><W88/><G81/><T72/><D27/><U5/><E5/><V22/><F22/><W44/><G44/><T107/><D31/><U58/><E58/><V33/><F33/><W13/><G13/><T103/><D107/><U87/><E98/><V111/><F111/><W112/><G112/><T93/><D11/><U6/><E6/><V37/><F37/><W65/><G131/><T18/><D18/><U10/><E10/><V83/><F83/><AGARI ba="0,0" hai="16,21,25,53,54,82,83,84,87,89,90,91,92,97" machi="83" ten="30,7700,0" yaku="7,1,9,1,8,1,54,1" doraHai="34" who="1" fromWho="2" sc="250,0,250,77,250,-77,250,0" /><INIT seed="1,0,0,3,1,16" ten="250,327,173,250" oya="1" hai0="69,42,59,114,84,53,77,94,62,120,109,116,39" hai1="38,33,66,80,111,134,115,44,106,0,88,2,131" hai2="118,46,102,63,93,107,58,60,76,26,12,56,82" hai3="14,15,95,48,22,83,51,72,41,81,133,108,21"/><U74/><RYUUKYOKU type="yao9" ba="0,0" sc="250,0,327,0,173,0,250,0" hai1="0,2,33,38,44,66,74,80,88,106,111,115,131,134" /><INIT seed="1,1,0,3,4,37" ten="250,327,173,250" oya="1" hai0="76,79,101,111,30,97,61,102,54,58,24,43,126" hai1="14,33,125,29,0,64,127,74,82,91,12,10,128" hai2="39,47,25,110,35,134,85,123,36,34,77,80,8" hai3="89,100,83,53,70,3,5,135,120,118,23,92,26"/><U71/><E128/><V22/><F123/><W38/><G120/><T113/><D113/><U28/><E71/><V67/><F110/><W103/><G70/><T116/><D116/><U11/><E64/><V78/><F134/><W90/><G135/><T88/><D111/><U81/><E91/><V84/><F67/><W6/><G118/><T60/><D126/><N who="1" m="48139" /><E74/><V98/><F98/><W55/><G38/><T41/><D61/><U65/><E65/><V9/><F22/><W18/><G3/><T107/><D101/><N who="3" m="38985" /><G83/><N who="1" m="31754" /><E33/><V112/><F80/><W124/><G90/><T119/><D119/><U130/><E0/><V95/><F95/><W31/><G124/><T45/><D88/><U42/><E42/><V4/><F112/><W132/><G132/><T56/><D56/><U51/><E51/><V66/><F66/><W19/><G53/><T72/><D72/><U94/><E130/><V133/><F133/><W96/><G55/><T121/><D121/><U20/><E94/><V7/><F47/><W15/><G31/><N who="1" m="11850" /><E20/><AGARI ba="1,0" hai="5,6,15,18,19,20,23,26,89,92,96" m="38985" machi="20" ten="30,1000,0" yaku="8,1" doraHai="37" who="3" fromWho="1" sc="250,0,327,-13,173,0,250,13" /><INIT seed="2,0,0,3,0,128" ten="250,314,173,263" oya="2" hai0="80,40,72,103,19,22,6,110,38,85,49,93,32" hai1="123,88,1,24,120,112,12,35,135,4,68,69,122" hai2="78,20,18,133,30,37,26,56,73,25,76,64,113" hai3="134,62,81,77,111,101,27,28,98,132,53,79,83"/><V131/><F113/><W45/><G111/><T54/><D32/><U114/><E88/><V2/><F37/><W99/><G62/><T87/><D110/><U95/><E95/><V17/><F2/><W16/><G53/><T9/><D38/><U86/><E86/><V115/><F115/><N who="1" m="44073" /><E68/><V43/><F43/><W105/><G45/><T109/><D109/><U124/><E69/><V3/><F3/><W130/><G130/><T48/><D40/><U5/><E124/><V0/><F0/><W67/><G67/><T31/><D31/><N who="1" m="19943" /><E1/><V51/><F73/><W90/><G90/><T116/><D72/><U33/><E33/><V70/><F70/><W89/><G89/><T84/><D80/><N who="3" m="30793" /><G98/><T117/><D54/><U118/><E118/><V107/><F64/><W97/><G97/><N who="0" m="59823" /><D116/><U14/><E135/><N who="3" m="51754" /><G28/><T29/><D29/><U36/><E36/><V119/><F30/><W34/><G34/><T13/><D117/><U121/><E121/><V46/><F133/><W63/><G63/><T127/><D127/><U11/><E123/><V60/><F119/><W50/><G50/><T108/><D108/><U74/><E74/><V82/><F131/><W52/><G52/><T39/><D39/><U23/><E23/><AGARI ba="0,0" hai="16,23,27,77,79,99,101,105" m="51754,30793" machi="23" ten="30,8000,1" yaku="20,1,52,3,54,1" doraHai="128" who="3" fromWho="1" sc="250,0,314,-80,173,0,263,80" /><INIT seed="3,0,0,2,0,39" ten="250,234,173,343" oya="3" hai0="69,56,88,63,82,102,15,45,61,10,20,83,14" hai1="36,5,9,113,78,99,65,101,104,24,4,28,94" hai2="127,7,125,2,110,98,35,117,103,123,105,21,96" hai3="22,126,80,106,19,66,122,48,41,25,95,84,111"/><W43/><G122/><T58/><D69/><U133/><E113/><V62/><F117/><W38/><G106/><T53/><D102/><U32/><E133/><V50/><F35/><W77/><G38/><T121/><D121/><U59/><E36/><V64/><F123/><W97/><G126/><T90/><D20/><U100/><E78/><V26/><F98/><W47/><G111/><T27/><D27/><U73/><E73/><V12/><F2/><W87/><G66/><T29/><D29/><U0/><E4/><V6/><F110/><W30/><G87/><T3/><D3/><U135/><E135/><V54/><F12/><W18/><REACH who="3" step="1"/><G41/><REACH who="3" ten="250,234,173,333" step="2"/><T76/><D53/><U51/><E104/><V13/><F125/><W107/><G107/><T129/><D129/><U132/><E65/><V70/><F127/><W130/><G130/><T55/><D55/><U134/><E134/><V108/><F108/><W116/><G116/><T119/><D119/><U49/><E132/><V112/><F112/><W40/><G40/><T1/><D10/><U79/><E99/><V89/><F54/><W81/><G81/><T52/><D52/><U34/><E9/><V68/><F96/><W23/><G23/><T42/><D42/><U60/><E32/><V57/><F21/><W92/><G92/><T131/><D131/><U115/><E115/><V74/><F105/><W44/><G44/><T8/><D8/><N who="1" m="2087" /><E94/><V109/><F109/><W37/><G37/><T118/><D118/><U11/><E11/><V124/><F124/><W46/><G46/><T17/><D82/><U31/><E34/><RYUUKYOKU ba="0,1" sc="250,-10,234,-10,173,-10,333,30" hai3="18,19,22,25,30,43,47,48,77,80,84,95,97" /><INIT seed="3,1,1,4,1,4" ten="240,224,163,363" oya="3" hai0="52,2,104,67,50,27,38,123,72,61,129,74,64" hai1="9,48,95,47,87,89,59,99,82,25,114,5,117" hai2="51,7,1,57,86,62,127,116,84,132,120,83,115" hai3="49,125,21,70,41,113,110,107,134,100,56,60,109"/><W131/><G21/><T10/><D123/><U42/><E117/><V71/><F116/><W81/><G81/><T119/><D119/><U97/><E114/><V94/><F115/><W31/><G31/><T122/><D122/><U77/><E59/><V63/><F120/><W135/><G113/><T18/><D38/><U118/><E118/><V39/><F39/><W43/><G100/><T75/><D104/><U93/><E25/><V58/><F71/><W6/><G6/><T20/><D129/><U53/><E53/><V96/><F132/><N who="3" m="50731" /><G107/><T102/><D102/><U13/><REACH who="1" step="1"/><E95/><REACH who="1" ten="240,214,163,363" step="2"/><V0/><F58/><W23/><G131/><T11/><D2/><U12/><E12/><V45/><F57/><W36/><G70/><T130/><D130/><U37/><E37/><V80/><F94/><W15/><G36/><T44/><REACH who="0" step="1"/><D64/><REACH who="0" ten="230,214,163,363" step="2"/><U22/><E22/><V73/><F0/><W133/><G133/><T32/><D32/><U19/><E19/><V85/><F1/><W88/><G23/><T128/><D128/><U91/><E91/><V90/><F90/><W29/><G88/><T26/><D26/><U14/><E14/><V65/><F65/><W69/><G15/><T112/><D112/><U111/><E111/><V79/><F7/><W55/><G110/><T76/><D76/><U35/><E35/><V34/><F34/><W126/><G109/><T30/><D30/><U54/><E54/><V28/><F28/><W105/><G29/><T124/><D124/><N who="3" m="47721" /><G105/><T17/><D17/><U24/><E24/><V108/><F127/><W121/><G121/><T103/><D103/><RYUUKYOKU ba="1,3" sc="230,10,214,10,163,-30,363,10" hai0="10,11,18,20,27,44,50,52,61,67,72,74,75" hai1="5,9,13,42,47,48,77,82,87,89,93,97,99" hai3="41,43,49,55,56,60,69" /><INIT seed="3,2,3,0,3,36" ten="240,224,133,373" oya="3" hai0="24,33,5,126,106,68,102,61,81,20,6,120,131" hai1="125,64,108,30,63,100,23,119,38,1,62,8,79" hai2="27,2,41,12,39,49,44,115,26,101,51,48,60" hai3="34,10,57,75,17,76,129,65,77,35,53,86,0"/><W83/><G129/><T37/><D120/><U71/><E119/><V97/><F2/><W18/><G65/><T43/><D131/><U67/><E108/><V22/><F115/><W46/><G76/><T134/><D126/><U19/><E125/><V89/><F89/><W73/><G0/><T54/><D134/><U52/><E30/><V58/><F12/><W107/><G107/><T16/><D33/><U80/><E100/><V72/><F72/><W127/><G127/><T21/><D81/><U56/><E38/><V78/><F78/><W109/><G109/><T47/><D54/><U99/><E99/><V91/><F91/><W25/><G46/><T14/><D102/><U133/><E133/><V9/><F9/><W113/><G113/><T114/><D106/><U31/><E31/><V82/><F82/><W110/><G110/><T7/><D114/><U59/><E1/><V40/><F40/><W69/><G69/><T3/><D3/><U94/><E94/><N who="2" m="58551" /><F39/><W15/><G35/><T29/><REACH who="0" step="1"/><D6/><REACH who="0" ten="230,224,133,373" step="2"/><U121/><E121/><V112/><F112/><W117/><G34/><T103/><D103/><U70/><E80/><V118/><F118/><W55/><G117/><T128/><D128/><U74/><E74/><V116/><F116/><W28/><G75/><T84/><D84/><U92/><E92/><V105/><F105/><W11/><G73/><T135/><D135/><U13/><E79/><V104/><F104/><W132/><G132/><T130/><D130/><U90/><E90/><V124/><F124/><W42/><G77/><T95/><D95/><U111/><E111/><RYUUKYOKU ba="2,4" sc="230,30,224,-10,133,-10,373,-10" hai0="5,7,14,16,20,21,24,29,37,43,47,61,68" /><INIT seed="4,3,4,5,4,17" ten="260,214,123,363" oya="0" hai0="43,34,67,42,44,46,93,24,113,88,40,12,18" hai1="109,108,48,38,4,9,37,27,85,61,90,66,25" hai2="83,117,2,77,124,51,99,65,30,36,56,111,115" hai3="130,21,6,80,123,128,5,73,114,15,22,116,81"/><T112/><D67/><U11/><E48/><V59/><F111/><W89/><G116/><T3/><D3/><U131/><E131/><N who="3" m="50218" /><G114/><N who="0" m="44139" /><D24/><U75/><E75/><V97/><F36/><W8/><G123/><T96/><D34/><U133/><E90/><V64/><F115/><W102/><G102/><T105/><D105/><U0/><E85/><N who="2" m="48367" /><F2/><W118/><G118/><T41/><N who="0" m="10240" /><DORA hai="134" /><T92/><D92/><U74/><E74/><V135/><F117/><W91/><G6/><T122/><D122/><U86/><E4/><V55/><F135/><W52/><G52/><T31/><D31/><U119/><E133/><V69/><F69/><W62/><G62/><T28/><D28/><U35/><E61/><V1/><F1/><W58/><G58/><T57/><D57/><U76/><E0/><V121/><F30/><W126/><G80/><T10/><AGARI ba="3,4" hai="10,12,18,44,46,88,93,96" m="10240,44139" machi="10" ten="50,4800,0" yaku="15,1,54,1" doraHai="17,134" who="0" fromWho="0" sc="260,97,214,-19,123,-19,363,-19" /><INIT seed="4,4,0,0,0,47" ten="357,195,104,344" oya="0" hai0="132,59,101,28,69,15,62,3,5,89,74,107,124" hai1="32,27,68,46,33,11,108,75,117,22,85,25,10" hai2="82,60,51,135,61,77,76,133,103,80,125,87,6" hai3="114,7,20,38,112,24,50,9,66,41,105,26,31"/><T73/><D3/><U65/><E75/><V109/><F109/><W45/><G105/><T115/><D69/><U17/><E65/><V21/><F125/><W106/><G106/><T119/><D119/><U54/><E68/><V102/><F6/><W55/><G66/><T23/><D124/><U52/><E108/><V63/><F21/><W88/><G26/><T64/><D115/><U18/><E85/><V39/><F39/><W35/><G35/><T90/><D132/><N who="2" m="50762" /><F51/><W48/><G88/><T113/><D113/><N who="3" m="43625" /><G55/><T98/><D28/><U43/><E117/><V120/><F120/><W100/><G100/><N who="2" m="38441" /><F87/><W99/><G99/><T92/><D89/><U14/><E33/><V97/><F97/><W71/><G71/><T40/><D40/><U121/><E121/><V84/><F84/><W94/><G94/><T53/><D64/><U127/><E32/><V0/><F0/><AGARI ba="4,0" hai="0,7,9,20,24,31,38,41,45,48,50" m="43625" machi="0" ten="30,3900,0" yaku="15,1,52,2" doraHai="47" who="3" fromWho="2" sc="357,0,195,0,104,-51,344,51" /><INIT seed="5,0,0,1,0,45" ten="357,195,53,395" oya="1" hai0="69,48,36,33,43,80,19,95,131,1,103,72,98" hai1="101,104,34,5,3,84,58,38,50,135,37,12,17" hai2="78,111,100,9,68,40,121,126,53,87,18,102,49" hai3="128,14,108,97,79,94,91,93,134,56,26,35,30"/><U81/><E34/><V60/><F111/><W109/><G128/><T20/><D33/><U105/><E5/><V132/><F121/><W24/><G134/><T61/><D131/><U59/><E3/><V125/><F132/><W124/><G124/><N who="2" m="47721" /><F40/><W96/><G79/><T112/><D112/><U0/><E0/><V127/><N who="2" m="47729" /><V89/><DORA hai="77" /><F78/><W7/><G26/><T117/><D117/><U86/><E101/><V27/><F60/><W46/><G56/><T88/><D36/><U83/><E12/><N who="2" m="7439" /><F27/><W66/><G66/><T70/><D1/><U6/><E135/><V116/><F68/><W16/><G7/><T29/><D72/><U54/><E6/><V2/><F116/><W44/><G109/><T25/><D61/><U75/><E75/><V23/><F23/><W71/><G71/><T32/><D32/><U110/><E110/><V130/><F2/><W22/><REACH who="3" step="1"/><G108/><REACH who="3" ten="357,195,53,385" step="2"/><T55/><D70/><U76/><E76/><V133/><F133/><W107/><G107/><T52/><D69/><U106/><E106/><V90/><F130/><W28/><G28/><T129/><D29/><U114/><E105/><V15/><F15/><W11/><G11/><T119/><D129/><U113/><E104/><V8/><F8/><W73/><G73/><T67/><D119/><U4/><E4/><V99/><F99/><W10/><G10/><T47/><D67/><U122/><E114/><V21/><F21/><W42/><G42/><T92/><D43/><U57/><E113/><V82/><F90/><AGARI ba="0,1" hai="14,16,22,24,30,35,44,46,90,91,93,94,96,97" machi="90" ten="30,12000,2" yaku="1,1,7,1,9,1,54,1,53,3" doraHai="45,77" doraHaiUra="13,85" who="3" fromWho="2" sc="357,0,195,0,53,-120,385,130" owari="357,15.7,195,-20.5,-67,-56.7,515,61.5" /></mjloggm>