<mjloggm ver="2.3"><GO type="225" lobby="0"/><UN n0="%E3%81%BF%E3%81%BF%E3%81%9A" n1="%E3%82%B3%E3%83%90%E3%83%AC%E3%82%A4" n2="%E6%B4%BE%E9%81%A3%E3%81%AE%E3%82%B8%E3%83%A3%E3%83%83%E3%82%AF" n3="%E7%B4%94%E6%BD%94%E3%83%94%E3%83%A9%E3%83%8B%E3%82%A2" dan="17,16,17,17" rate="2224.23,2154.85,2163.11,2204.89" sx="M,M,M,M"/><TAIKYOKU oya="0"/><INIT seed="0,0,0,2,5,67" ten="250,250,250,250" oya="0" hai0="102,90,34,22,74,10,69,49,97,76,82,64,113" hai1="63,132,3,72,125,78,15,99,46,81,116,71,7" hai2="25,121,21,128,53,68,95,18,85,42,24,38,0" hai3="27,111,29,61,36,45,56,39,115,130,35,80,54"/><T14/><D113/><U2/><E116/><V58/><F121/><W98/><G115/><T19/><D34/><U89/><E132/><V135/><F0/><W13/><G111/><T92/><D49/><U123/><E125/><V110/><F110/><W73/><G130/><T83/><D64/><U118/><E123/><V105/><F105/><W8/><G98/><T16/><D83/><U32/><E32/><V26/><F135/><W107/><G107/><T17/><D69/><U31/><E31/><V47/><F128/><W62/><G62/><T96/><REACH who="0" step="1"/><D10/><REACH who="0" ten="240,250,250,250" step="2"/><U51/><E118/><V23/><F68/><W79/><REACH who="3" step="1"/><G45/><REACH who="3" ten="240,250,250,240" step="2"/><T4/><D4/><AGARI ba="0,2" hai="4,8,13,27,29,35,36,39,54,56,61,73,79,80" machi="4" ten="30,3900,0" yaku="1,1,2,1,7,1,53,0" doraHai="67" doraHaiUra="120" who="3" fromWho="0" sc="240,-39,250,0,250,0,240,59" /><INIT seed="1,0,0,3,3,77" ten="201,250,250,299" oya="1" hai0="121,83,117,72,65,133,126,46,1,27,119,43,129" hai1="95,62,22,70,39,20,45,134,78,108,101,90,48" hai2="68,14,58,71,7,113,59,11,75,31,104,107,76" hai3="74,131,10,67,61,19,69,115,99,118,47,6,36"/><U25/><E39/><V5/><F31/><W18/><G115/><T82/><D1/><U64/><E134/><V105/><F113/><W89/><G74/><T17/><D65/><U96/><E78/><V26/><F26/><W91/><G131/><T12/><D27/><U35/><E108/><V103/><F103/><W60/><G60/><T40/><D72/><U114/><E114/><V15/><F68/><W85/><G99/><T63/><D63/><U51/><E51/><V135/><F71/><W55/><G91/><T125/><D133/><U34/><E20/><V29/><F29/><W2/><G118/><N who="0" m="45067" /><D129/><U42/><REACH who="1" step="1"/><E101/><REACH who="1" ten="201,240,250,299" step="2"/><V122/><F135/><W86/><G36/><N who="0" m="21767" /><D43/><U49/><E49/><V32/><F32/><W123/><G61/><T30/><D121/><U4/><E4/><V106/><F122/><W41/><G6/><T21/><D30/><AGARI ba="0,1" hai="22,25,30,34,35,42,45,48,62,64,70,90,95,96" machi="30" ten="30,2900,0" yaku="1,1,7,1,53,0" doraHai="77" doraHaiUra="112" who="1" fromWho="0" sc="201,-29,240,39,250,0,299,0" /><INIT seed="1,1,0,0,1,60" ten="172,279,250,299" oya="1" hai0="112,23,116,92,28,115,101,32,50,121,104,129,80" hai1="88,15,90,44,66,31,9,51,14,83,78,70,119" hai2="130,87,65,43,85,40,79,76,77,72,24,117,38" hai3="5,81,12,55,67,48,19,133,100,0,54,34,47"/><U124/><E119/><V29/><F117/><W127/><G133/><T111/><D116/><U131/><E124/><V49/><F38/><W35/><G127/><T99/><D129/><U36/><E36/><V3/><F3/><W71/><G100/><T64/><D111/><U105/><E105/><V11/><F11/><W37/><G5/><T45/><D121/><U53/><E15/><V6/><F6/><W118/><G0/><T17/><D32/><U63/><E31/><V26/><F72/><W110/><G110/><T30/><D104/><U75/><E131/><V8/><F8/><W20/><G118/><T103/><D103/><U42/><E53/><V126/><F130/><W22/><G55/><T74/><D112/><U41/><E41/><V91/><F126/><W62/><G22/><T107/><D115/><U95/><E95/><V58/><F85/><W18/><G18/><AGARI ba="1,0" hai="9,14,18,42,44,51,63,66,70,75,78,83,88,90" machi="18" ten="30,5800,0" yaku="7,1,52,1,54,1" doraHai="60" who="1" fromWho="3" sc="172,0,279,61,250,0,299,-61" /><INIT seed="1,2,0,0,1,80" ten="172,340,250,238" oya="1" hai0="45,118,42,30,82,115,65,54,5,121,31,104,134" hai1="79,102,8,26,22,60,50,57,32,13,112,70,101" hai2="94,117,98,49,10,28,21,69,132,25,47,111,27" hai3="56,122,62,24,114,124,108,33,58,3,116,78,120"/><U55/><E112/><V4/><F117/><W92/><G3/><T77/><D115/><U90/><E32/><V43/><F69/><W89/><G114/><T133/><D118/><U88/><E79/><V103/><F111/><W76/><G108/><T72/><D104/><U74/><E74/><V67/><F132/><W130/><G116/><T97/><D97/><U128/><E128/><V18/><F67/><W75/><G130/><T34/><D65/><U29/><E70/><V41/><F41/><W109/><G58/><T51/><D121/><U113/><E113/><V37/><F37/><W66/><G124/><T11/><D34/><U40/><E40/><V126/><F126/><W135/><G135/><T46/><D133/><U84/><E60/><V16/><REACH who="2" step="1"/><F27/><REACH who="2" ten="172,340,240,238" step="2"/><W107/><G109/><T12/><REACH who="0" step="1"/><D134/><REACH who="0" ten="162,340,240,238" step="2"/><U110/><E110/><V20/><F20/><W68/><G120/><T85/><D85/><U95/><REACH who="1" step="1"/><E90/><REACH who="1" ten="162,330,240,238" step="2"/><V123/><F123/><W63/><G122/><T19/><D19/><AGARI ba="2,3" hai="8,13,19,22,26,29,50,55,57,84,88,95,101,102" machi="19" ten="30,18000,2" yaku="1,1,2,1,7,1,8,1,52,1,54,1,53,1" doraHai="80" doraHaiUra="7" who="1" fromWho="0" sc="162,-186,330,216,240,0,238,0" owari="-24,-52.4,546,64.6,240,4.0,238,-16.2" /></mjloggm>