<mjloggm ver="2.3"><GO type="169" lobby="0"/><UN n0="%E6%A1%9C%E6%B2%A2%E5%A2%A8" n1="%E3%81%8B%E3%81%97%E3%81%8B%E3%81%8A" n2="%E5%A4%A9%E6%89%8D%E9%BA%BB%E5%B0%86%E6%99%BA%E4%B9%83" n3="%E5%8F%97%E3%81%91%E5%85%A5%E3%82%8C%E9%87%8D%E8%A6%96" dan="16,16,16,16" rate="2040.56,2135.88,2154.11,2149.31" sx="F,M,M,M"/><TAIKYOKU oya="0"/><INIT seed="0,0,0,2,2,72" ten="250,250,250,250" oya="0" hai0="131,74,121,55,29,22,70,108,93,67,82,95,69" hai1="98,123,24,39,10,59,101,58,126,37,26,28,62" hai2="65,60,85,48,105,97,25,75,1,81,61,40,129" hai3="117,42,73,89,71,27,122,86,107,2,106,64,78"/><T125/><D121/><U132/><E123/><V92/><F1/><W9/><G122/><T4/><D4/><U49/><E126/><V134/><F129/><W20/><G117/><T103/><D125/><U80/><E132/><V46/><F134/><W83/><G42/><T38/><D38/><U50/><E10/><V30/><F75/><W104/><G2/><T52/><D131/><U56/><E62/><V5/><F105/><W47/><G9/><T79/><D108/><U34/><E37/><V113/><F113/><W119/><G119/><T7/><D7/><U114/><E39/><V76/><F65/><W0/><G0/><T84/><D95/><U109/><E109/><V91/><REACH who="2" step="1"/><F5/><REACH who="2" ten="250,250,240,250" step="2"/><W115/><G115/><T102/><D67/><U111/><E114/><V99/><F99/><W11/><G64/><T63/><D74/><U41/><E111/><V77/><F77/><W90/><G73/><T31/><D79/><U118/><E118/><V13/><F13/><W116/><G116/><T6/><D6/><U110/><E110/><V3/><F3/><W45/><G107/><T94/><D84/><U44/><E24/><V54/><F54/><W36/><G106/><T14/><D14/><U15/><E15/><V66/><F66/><W51/><G104/><T87/><D87/><U53/><E80/><V12/><F12/><W19/><G83/><T130/><D82/><U33/><E33/><AGARI ba="0,1" hai="25,30,33,40,46,48,60,61,76,81,85,91,92,97" machi="33" ten="30,7700,0" yaku="1,1,7,1,52,1,53,1" doraHai="72" doraHaiUra="21" who="2" fromWho="1" sc="250,0,250,-77,240,87,250,0" /><INIT seed="1,0,0,1,0,126" ten="250,173,327,250" oya="1" hai0="91,31,2,61,29,124,72,10,106,127,38,16,104" hai1="71,5,69,74,56,132,45,27,116,44,51,97,105" hai2="50,41,4,64,53,111,15,8,109,52,34,90,39" hai3="122,103,117,114,99,1,115,57,80,17,87,6,18"/><U24/><E116/><V119/><F119/><W65/><G117/><T77/><D38/><U93/><E74/><V95/><F34/><W36/><G36/><T134/><D134/><U37/><E105/><V14/><F64/><W19/><G122/><T88/><D61/><U58/><E132/><V11/><F39/><W130/><G130/><T30/><D77/><U48/><E37/><V113/><F113/><W96/><G99/><T76/><D76/><U79/><E79/><V135/><F135/><W101/><G103/><T49/><D72/><U120/><E5/><V86/><F41/><W123/><G123/><T82/><D49/><U70/><E120/><V23/><F23/><W40/><G40/><T129/><D129/><U128/><E128/><V102/><F102/><W133/><G133/><T9/><D2/><U63/><E93/><V33/><F33/><W121/><G121/><T94/><D82/><U81/><E81/><V55/><REACH who="2" step="1"/><F50/><REACH who="2" ten="250,173,317,250" step="2"/><N who="1" m="18985" /><E97/><V0/><F0/><W59/><G114/><T21/><D127/><U20/><E20/><V13/><F13/><W42/><G42/><T62/><D124/><U66/><E24/><V12/><F12/><W26/><G115/><T43/><D43/><U73/><E27/><V67/><F67/><W46/><G26/><T22/><D22/><U83/><E73/><V60/><F60/><W100/><G1/><T110/><D62/><N who="1" m="38215" /><E83/><V107/><F107/><W92/><G80/><T98/><D104/><U112/><E112/><V28/><F28/><N who="0" m="10858" /><D106/><U131/><E131/><V108/><F108/><W118/><G118/><T85/><D110/><RYUUKYOKU ba="0,1" sc="250,-15,173,15,317,15,250,-15" hai1="44,45,58,63,69,70,71" hai2="4,8,11,14,15,52,53,55,86,90,95,109,111" /><INIT seed="1,1,1,4,0,115" ten="235,188,332,235" oya="1" hai0="20,4,113,51,14,5,47,26,29,122,98,58,111" hai1="80,99,79,1,18,35,69,24,75,62,106,40,6" hai2="64,74,25,114,66,90,53,43,76,61,94,120,30" hai3="81,31,67,118,110,32,23,92,119,52,34,54,89"/><U131/><E18/><V60/><F120/><W46/><G67/><T59/><D113/><U8/><E40/><V17/><F114/><W50/><G81/><T126/><D122/><U28/><E131/><V72/><F17/><W0/><G0/><T57/><D111/><U84/><E84/><V103/><F103/><W9/><G9/><T96/><D126/><U82/><E82/><V102/><F102/><W73/><G73/><T19/><D4/><U109/><E109/><V129/><F43/><W128/><G110/><T130/><D5/><U105/><E99/><V107/><F107/><W124/><G124/><T91/><D91/><U101/><E101/><V45/><F76/><W121/><G121/><T12/><D12/><U133/><E133/><V108/><F129/><W117/><G128/><T116/><D116/><U112/><E112/><V13/><F13/><W93/><G54/><T127/><D127/><U65/><AGARI ba="1,1" hai="1,6,8,24,28,35,62,65,69,75,79,80,105,106" machi="65" ten="30,11700,0" yaku="0,1,33,3" doraHai="115" who="1" fromWho="1" sc="235,-40,188,130,332,-40,235,-40" /><INIT seed="1,2,0,2,3,98" ten="195,318,292,195" oya="1" hai0="49,21,12,93,9,113,28,26,4,51,73,20,108" hai1="22,14,18,46,105,72,96,40,129,19,56,25,63" hai2="52,24,77,112,90,103,55,3,110,100,132,119,10" hai3="117,35,30,126,16,71,124,31,33,43,13,104,11"/><U106/><E72/><V86/><F119/><W116/><G104/><T34/><D113/><U62/><E129/><V54/><F112/><W94/><G94/><T0/><D73/><U76/><E76/><V89/><F110/><W2/><G43/><T29/><D108/><U70/><E70/><V118/><F118/><N who="3" m="45675" /><G2/><T41/><D41/><U131/><E131/><V84/><F132/><W37/><G37/><T8/><D93/><U57/><E57/><V5/><F77/><W50/><G50/><T85/><D85/><U114/><E114/><V69/><F69/><W47/><G47/><T101/><D101/><U32/><E32/><N who="3" m="12362" /><G71/><T111/><D111/><U123/><E123/><V1/><F1/><W82/><G82/><T66/><D66/><U125/><E125/><AGARI ba="2,0" hai="11,13,16,30,31,124,125,126" m="12362,45675" machi="125" ten="40,8000,1" yaku="18,1,12,1,34,2,54,1" doraHai="98" who="3" fromWho="1" sc="195,0,318,-86,292,0,195,86" /><INIT seed="2,0,0,3,0,22" ten="195,232,292,281" oya="2" hai0="28,32,86,129,95,130,8,77,119,70,47,0,104" hai1="110,84,45,68,61,118,49,16,12,42,5,46,81" hai2="71,100,20,79,64,52,1,6,2,128,91,48,131" hai3="59,38,126,102,115,72,112,26,36,135,88,67,121"/><V50/><F100/><W78/><G121/><T73/><D104/><U56/><E118/><V21/><F79/><W41/><G102/><T107/><D107/><U103/><E110/><V114/><F114/><W11/><G126/><T54/><D70/><U51/><E68/><V31/><F71/><W76/><G135/><T87/><D119/><U123/><E123/><V24/><F64/><W120/><G120/><T106/><D106/><U29/><E103/><V10/><F48/><W58/><G11/><T85/><D73/><U66/><E29/><V25/><F91/><W117/><G117/><T89/><D77/><U44/><E5/><V92/><F92/><W17/><G88/><T7/><D54/><U133/><E49/><V34/><F2/><W75/><G17/><T124/><D47/><U23/><REACH who="1" step="1"/><E133/><REACH who="1" ten="195,222,292,281" step="2"/><V83/><F34/><W116/><G116/><T62/><D124/><U134/><E134/><V53/><F50/><W125/><G125/><T60/><D28/><U82/><E82/><V35/><F83/><W109/><G109/><T108/><D32/><U55/><E55/><V105/><F35/><W93/><G67/><T101/><D101/><U30/><E30/><N who="2" m="17671" /><F105/><W19/><G115/><T74/><D108/><U96/><E96/><V4/><F6/><W65/><G112/><T37/><D37/><U27/><E27/><V57/><F57/><W3/><G65/><T15/><D7/><U9/><E9/><V122/><F122/><W18/><G58/><T132/><D8/><U40/><E40/><V113/><F113/><W111/><G111/><T43/><D132/><RYUUKYOKU ba="0,1" sc="195,-15,222,15,292,15,281,-15" hai1="12,16,23,42,44,45,46,51,56,61,66,81,84" hai2="1,4,10,21,25,31,52,53,128,131" /><INIT seed="2,1,1,2,4,62" ten="180,237,307,266" oya="2" hai0="38,135,102,123,101,98,58,9,6,51,40,124,107" hai1="13,97,12,41,91,8,64,3,120,121,14,103,55" hai2="21,10,0,83,71,15,47,7,130,19,96,35,108" hai3="132,42,87,27,46,56,133,70,1,86,82,95,2"/><V89/><F71/><W39/><G70/><T48/><D123/><N who="1" m="47179" /><E41/><V125/><F130/><W75/><G75/><T69/><D69/><U49/><E91/><V92/><F125/><W72/><G72/><T100/><D124/><U122/><E64/><V74/><F35/><W131/><G131/><T78/><D135/><N who="3" m="51785" /><G95/><T128/><D128/><U117/><E117/><V44/><REACH who="2" step="1"/><F108/><REACH who="2" ten="180,237,297,266" step="2"/><W88/><G87/><T111/><D111/><U61/><E122/><V77/><AGARI ba="1,2" hai="0,7,10,15,19,21,44,47,74,77,83,89,92,96" machi="77" ten="30,6000,0" yaku="1,1,2,1,0,1,53,0" doraHai="62" doraHaiUra="26" who="2" fromWho="2" sc="180,-21,237,-21,297,83,266,-21" /><INIT seed="2,2,0,4,2,47" ten="159,216,380,245" oya="2" hai0="93,91,92,89,87,108,1,29,0,132,72,97,122" hai1="124,12,25,44,58,20,111,75,10,130,131,84,57" hai2="69,26,127,120,64,65,73,60,45,67,4,102,94" hai3="32,118,24,100,22,105,7,86,38,6,119,31,78"/><V128/><F120/><W2/><G38/><T52/><D122/><U5/><E75/><V68/><F73/><W16/><G100/><T116/><D108/><U117/><E117/><V125/><F4/><W123/><G105/><T41/><D41/><U126/><E111/><V42/><F26/><W63/><G123/><T13/><D72/><U114/><E114/><V39/><F128/><N who="1" m="49193" /><E84/><V50/><F94/><W71/><G71/><N who="2" m="27209" /><F102/><W103/><G63/><T28/><D132/><U88/><E88/><V135/><F135/><W133/><G103/><T21/><D116/><U8/><E44/><N who="2" m="23647" /><F60/><W37/><G37/><T18/><D0/><U70/><E70/><V96/><F96/><W49/><G133/><T11/><D1/><N who="1" m="47" /><E57/><V90/><F90/><W9/><G7/><T107/><D107/><U54/><E12/><V134/><F134/><W95/><G95/><T74/><D74/><U85/><E85/><V115/><F115/><W101/><G101/><T104/><D104/><U109/><E109/><V79/><F79/><W51/><G118/><T33/><D89/><U55/><E10/><V56/><F56/><W53/><G119/><T34/><D11/><U3/><E3/><V81/><F81/><W113/><G113/><T62/><D92/><U66/><E25/><V46/><F46/><W59/><G86/><T98/><D87/><U77/><E77/><V80/><F80/><W106/><G106/><T17/><D98/><U27/><E27/><V15/><F15/><N who="3" m="9503" /><G78/><T76/><D76/><U83/><E83/><V23/><F23/><W43/><G59/><N who="0" m="35175" /><D18/><U112/><E112/><RYUUKYOKU ba="2,0" sc="159,15,216,-15,380,15,245,-15" hai0="13,17,21,28,29,33,34,91,93,97" hai2="45,50,64,65,67,125,127" /><INIT seed="2,3,0,5,3,42" ten="174,201,395,230" oya="2" hai0="18,47,3,33,123,59,112,60,90,5,66,87,122" hai1="86,48,9,85,80,95,109,2,103,62,15,76,74" hai2="65,82,10,54,79,16,94,43,6,55,88,89,125" hai3="135,57,26,69,118,113,124,68,12,84,7,96,19"/><V21/><F125/><W126/><G118/><T41/><D112/><U131/><E2/><V77/><F65/><W34/><G113/><T111/><D33/><U28/><E109/><V97/><F43/><W78/><G7/><T20/><D111/><U25/><E131/><V101/><F101/><W51/><G96/><T36/><D5/><U56/><E48/><V99/><F99/><W83/><G135/><T8/><D8/><U114/><E114/><V45/><F89/><W100/><G100/><T39/><D3/><U129/><E129/><V73/><F79/><W58/><G26/><T27/><REACH who="0" step="1"/><D39/><REACH who="0" ten="164,201,395,230" step="2"/><U22/><E103/><V92/><F10/><W133/><G34/><T67/><D67/><U1/><E1/><V31/><F6/><W75/><G133/><T24/><D24/><U70/><E9/><V53/><F31/><W37/><G37/><T134/><D134/><U98/><E15/><V11/><F11/><W40/><G124/><T23/><D23/><U119/><E119/><V64/><F64/><W17/><G126/><T106/><D106/><U63/><E22/><V81/><F21/><W108/><G108/><T128/><D128/><U38/><E38/><V121/><F121/><W127/><G127/><T91/><D91/><N who="1" m="55679" /><E28/><V107/><F107/><W44/><G12/><T102/><D102/><U30/><E30/><V13/><F13/><W29/><G29/><T130/><D130/><U61/><E25/><V116/><F116/><W14/><G14/><T4/><D4/><U35/><E35/><V105/><F105/><W71/><G17/><T72/><D72/><RYUUKYOKU ba="3,1" sc="164,30,201,-10,395,-10,230,-10" hai0="18,20,27,36,41,47,59,60,66,87,90,122,123" /><INIT seed="3,4,1,4,4,33" ten="194,191,385,220" oya="3" hai0="60,112,69,6,76,70,84,133,105,114,91,34,102" hai1="5,39,99,97,113,108,135,90,129,109,45,1,49" hai2="115,87,16,89,26,17,37,64,44,83,128,54,38" hai3="74,19,2,77,65,52,85,20,57,75,120,107,9"/><W131/><G107/><T53/><D34/><U126/><E113/><N who="0" m="43625" /><D76/><U119/><E39/><V86/><F115/><W50/><G120/><T27/><D133/><U10/><E135/><V31/><F128/><W98/><G131/><T30/><D6/><U11/><E129/><V103/><F64/><W130/><G130/><T79/><D79/><U81/><E126/><V4/><F38/><W23/><G98/><N who="0" m="61655" /><D27/><U7/><E119/><V117/><F117/><W62/><G85/><T43/><D43/><U32/><E32/><V127/><F103/><W94/><G94/><N who="0" m="54631" /><D30/><U132/><E132/><V47/><F4/><W55/><G77/><T61/><D53/><U14/><E81/><V96/><F54/><W28/><G28/><T42/><D42/><U46/><E90/><V124/><F37/><W111/><G55/><T21/><D21/><U13/><REACH who="1" step="1"/><E49/><REACH who="1" ten="194,181,385,220" step="2"/><V118/><F89/><W40/><G50/><T71/><AGARI ba="4,2" hai="60,61,69,70,71" m="54631,61655,43625" machi="71" ten="40,1500,0" yaku="11,1" doraHai="33" who="0" fromWho="0" sc="194,47,181,-8,385,-8,220,-11" /><INIT seed="4,0,0,3,3,93" ten="241,173,377,209" oya="0" hai0="62,69,4,14,110,48,23,75,52,16,119,101,94" hai1="40,106,127,63,85,60,54,81,123,96,77,57,99" hai2="67,109,27,132,121,64,82,21,117,71,129,103,116" hai3="90,84,130,28,38,100,108,29,13,92,34,41,24"/><T70/><D119/><N who="2" m="45642" /><F109/><W47/><G108/><T7/><D110/><U18/><E123/><V3/><F129/><W8/><G130/><T1/><D75/><U2/><E2/><V30/><F132/><W87/><G100/><T58/><D1/><U12/><E127/><V74/><F121/><W36/><G28/><T128/><D128/><U95/><E40/><V89/><F71/><W10/><G36/><T112/><D112/><U79/><E106/><V124/><F124/><W33/><G33/><T86/><D70/><U120/><E120/><V22/><F103/><W32/><G32/><T56/><D69/><U19/><E77/><N who="2" m="44343" /><F3/><W98/><REACH who="3" step="1"/><G8/><REACH who="3" ten="241,173,377,199" step="2"/><T9/><D9/><U17/><E60/><V6/><F21/><W45/><G45/><T105/><D105/><U88/><REACH who="1" step="1"/><E12/><REACH who="1" ten="241,163,377,199" step="2"/><V80/><F27/><W76/><G76/><T20/><D20/><U97/><AGARI ba="0,2" hai="17,18,19,54,57,63,79,81,85,88,95,96,97,99" machi="97" ten="30,16000,3" yaku="1,1,2,1,0,1,8,1,52,3,54,1,53,0" doraHai="93" doraHaiUra="113" who="1" fromWho="1" sc="241,-80,163,180,377,-40,199,-40" /><INIT seed="5,0,0,3,1,32" ten="161,343,337,159" oya="1" hai0="93,62,58,63,67,74,105,133,121,15,59,128,100" hai1="110,131,57,51,125,104,78,5,35,95,20,123,46" hai2="6,73,76,64,0,107,27,111,102,98,41,112,55" hai3="25,83,115,124,99,84,53,135,8,109,86,117,71"/><U49/><E123/><V77/><F111/><W91/><G109/><T9/><D74/><U92/><E35/><V14/><F0/><W10/><G71/><T68/><D105/><U22/><E57/><V132/><F132/><W113/><G135/><T24/><D133/><U17/><E17/><V12/><F41/><W37/><G37/><T81/><D121/><U19/><E19/><V80/><F64/><W40/><G40/><T69/><D128/><U7/><E104/><V42/><F42/><W33/><G99/><T54/><D81/><U65/><E65/><V101/><F101/><W122/><G122/><T34/><D100/><U129/><E78/><V21/><F6/><W119/><G124/><T28/><REACH who="0" step="1"/><D93/><REACH who="0" ten="151,343,337,159" step="2"/><U31/><E110/><V43/><F102/><W89/><G83/><T70/><D70/><U66/><E125/><V97/><F80/><W13/><G119/><T1/><D1/><U130/><E95/><V108/><F107/><W114/><G117/><T60/><D60/><U61/><E92/><V11/><F108/><W16/><G113/><T72/><D72/><U26/><E61/><V96/><F73/><W56/><G115/><T82/><D82/><U79/><E131/><V116/><F112/><W39/><G114/><T75/><D75/><U29/><E130/><V23/><F116/><W85/><G91/><T118/><D118/><U38/><E129/><V50/><F77/><W3/><G89/><T94/><D94/><U44/><E79/><V2/><F76/><W36/><G3/><T88/><D88/><U47/><E38/><V87/><F2/><RYUUKYOKU ba="0,1" sc="151,30,343,-10,337,-10,159,-10" hai0="9,15,24,28,34,54,58,59,62,63,67,68,69" /><INIT seed="6,1,1,2,2,19" ten="181,333,327,149" oya="2" hai0="129,50,46,1,15,13,93,23,64,22,72,59,127" hai1="107,100,39,41,74,58,101,118,11,87,99,128,45" hai2="7,38,115,31,53,120,42,80,36,83,102,106,75" hai3="89,3,30,110,124,24,84,66,79,92,27,9,21"/><V18/><F120/><W33/><G110/><T10/><D72/><U26/><E118/><V49/><F42/><W111/><G111/><T44/><D1/><U91/><E74/><V17/><F7/><W125/><G66/><T131/><D127/><U126/><E128/><N who="0" m="49225" /><D93/><U119/><E119/><V4/><F4/><W57/><G57/><T43/><D46/><U104/><E11/><V68/><F68/><W113/><G113/><T54/><D64/><U6/><E6/><V96/><F31/><W117/><G117/><T130/><N who="0" m="49233" /><T109/><DORA hai="69" /><D109/><U47/><E58/><V67/><F67/><W95/><G79/><T32/><D32/><U28/><E126/><N who="3" m="48746" /><G9/><T63/><D10/><U14/><E45/><V40/><F115/><W133/><G3/><T105/><D105/><U94/><E14/><AGARI ba="1,1" hai="13,14,15,22,23,43,44,50,54,59,63" m="49233" machi="14" ten="40,5200,0" yaku="19,1,52,2" doraHai="19,69" who="0" fromWho="1" sc="181,65,333,-55,327,0,149,0" /><INIT seed="7,0,0,3,5,57" ten="246,278,327,149" oya="3" hai0="70,104,34,25,52,98,87,58,71,27,126,89,2" hai1="129,29,48,36,22,120,42,60,118,103,12,134,100" hai2="44,101,114,0,46,20,108,131,86,28,79,94,64" hai3="53,116,92,6,110,11,113,81,15,122,123,41,76"/><W80/><G116/><T111/><D111/><U135/><E120/><V133/><F0/><W18/><G110/><T66/><D2/><U40/><E36/><V112/><F131/><W39/><G113/><N who="2" m="43625" /><F133/><W5/><G80/><T35/><D126/><U121/><E121/><V59/><F79/><W21/><G92/><T61/><D25/><U99/><E103/><V47/><F108/><W91/><G91/><T56/><D104/><U77/><E77/><V72/><F72/><W124/><G124/><T88/><D98/><U125/><E125/><V67/><F59/><W130/><G130/><T102/><D102/><U3/><E3/><V128/><F128/><W115/><G115/><T97/><D97/><U109/><E109/><V85/><F101/><W62/><G5/><T30/><D34/><U132/><E118/><V84/><F94/><W93/><G93/><T26/><D26/><AGARI ba="0,0" hai="20,26,28,44,46,47,64,67,84,85,86" m="43625" machi="26" ten="40,1300,0" yaku="15,1" doraHai="57" who="2" fromWho="0" sc="246,-13,278,0,327,13,149,0" owari="233,-16.7,278,7.8,340,44.0,149,-35.1" /></mjloggm>