<mjloggm ver="2.3"><GO type="169" lobby="0"/><UN n0="%73%61%69%63%68%61%6E%7A" n1="%E6%8E%A2%39" n2="%E7%9C%9F%E9%BE%8D%E5%85%84%E8%B2%B4" n3="%E7%99%BE%E9%87%8E%E3%81%95%E3%82%93" dan="16,17,16,17" rate="2141.73,2159.99,2062.62,2200.18" sx="M,M,M,M"/><TAIKYOKU oya="0"/><INIT seed="0,0,0,3,0,28" ten="250,250,250,250" oya="0" hai0="35,110,56,49,106,39,36,116,128,12,74,95,88" hai1="59,34,132,65,79,63,43,44,98,13,51,53,29" hai2="123,20,15,38,89,7,71,86,52,42,48,6,8" hai3="97,9,64,127,75,131,27,120,5,37,33,19,104"/><T96/><D116/><U68/><E132/><V10/><F123/><W111/><G111/><T99/><D110/><U90/><E79/><V18/><F71/><W55/><G131/><T119/><D119/><U2/><E2/><V121/><F121/><W70/><G127/><T60/><D128/><U92/><E13/><V134/><F134/><W32/><G75/><T118/><D118/><U69/><REACH who="1" step="1"/><E65/><REACH who="1" ten="250,240,250,250" step="2"/><V101/><F7/><W17/><G120/><T11/><D12/><U62/><E62/><V109/><F109/><W129/><G64/><T122/><D60/><U0/><E0/><V25/><F10/><W46/><G129/><T105/><D11/><U26/><AGARI ba="0,1" hai="26,29,34,43,44,51,53,59,63,68,69,90,92,98" machi="26" ten="30,4000,0" yaku="1,1,0,1,52,1,53,0" doraHai="28" doraHaiUra="16" who="1" fromWho="1" sc="250,-20,240,50,250,-10,250,-10" /><INIT seed="1,0,0,4,5,74" ten="230,290,240,240" oya="1" hai0="62,67,123,11,55,45,132,6,78,126,97,118,35" hai1="103,133,60,13,85,0,111,39,57,34,98,116,70" hai2="24,114,3,59,96,16,86,100,56,44,75,91,94" hai3="130,54,88,105,33,134,99,69,106,92,115,9,82"/><U18/><E116/><V40/><F3/><W2/><G115/><T19/><D118/><U31/><E0/><V124/><F124/><W10/><G33/><T47/><D126/><U58/><E39/><V32/><F75/><W135/><G69/><T14/><D132/><N who="3" m="50729" /><G130/><T63/><D123/><U48/><E133/><V73/><F73/><W76/><G54/><T53/><D35/><U113/><E113/><V102/><F114/><W52/><G52/><N who="0" m="20043" /><D97/><U36/><E36/><V12/><F24/><W125/><G125/><T22/><D78/><U81/><E48/><V84/><F32/><W66/><G66/><T8/><D8/><N who="3" m="3177" /><G2/><T109/><D109/><U122/><E122/><V42/><F42/><W27/><G27/><N who="0" m="14815" /><D67/><U95/><E70/><V72/><F72/><AGARI ba="0,0" hai="72,76,82,88,92,99,105,106" m="3177,50729" machi="72" ten="30,3900,0" yaku="20,1,52,1,54,1" doraHai="74" who="3" fromWho="2" sc="230,0,290,0,240,-39,240,39" /><INIT seed="2,0,0,2,1,33" ten="230,290,201,279" oya="2" hai0="61,10,35,92,41,113,36,93,78,98,86,111,116" hai1="24,90,12,125,68,135,54,47,63,79,77,11,88" hai2="126,32,9,38,132,25,131,16,102,51,49,6,105" hai3="7,39,128,87,97,23,129,60,117,76,5,20,82"/><V110/><F38/><W67/><G117/><T96/><D113/><U115/><E115/><V52/><F126/><W122/><G122/><T48/><D35/><U1/><E125/><V2/><F131/><N who="3" m="50251" /><G39/><T65/><D36/><U114/><E135/><V133/><F110/><W57/><G97/><T59/><D111/><U55/><E24/><V34/><F51/><W94/><G94/><T134/><D134/><N who="2" m="51818" /><F105/><W91/><G76/><T106/><D116/><U4/><E114/><V108/><F102/><W26/><G23/><T31/><D31/><AGARI ba="0,0" hai="5,7,20,26,31,57,60,67,82,87,91" m="50251" machi="31" ten="30,1000,0" yaku="19,1" doraHai="33" who="3" fromWho="0" sc="230,-10,290,0,201,0,279,10" /><INIT seed="3,0,0,0,3,13" ten="220,290,201,289" oya="3" hai0="84,46,48,129,4,115,123,3,2,109,119,97,81" hai1="66,15,80,67,20,114,49,57,33,82,102,106,99" hai2="12,87,70,9,40,128,118,105,69,96,44,42,43" hai3="22,54,23,122,72,17,59,35,75,132,30,55,94"/><W21/><G122/><T116/><D123/><U98/><E33/><V16/><F118/><W90/><G35/><T134/><D109/><U58/><E114/><V50/><F128/><W101/><G132/><T29/><D129/><U110/><E110/><V88/><F105/><W93/><G30/><T124/><D134/><U14/><E49/><V117/><F96/><N who="3" m="59535" /><G75/><T91/><D115/><U121/><E20/><N who="3" m="7786" /><G59/><T0/><D29/><U38/><E121/><V8/><F8/><W47/><G47/><T86/><D97/><U112/><E38/><V65/><F117/><W60/><G60/><T104/><D104/><U56/><E112/><V45/><F65/><W77/><G77/><T27/><D119/><U103/><E57/><V74/><F74/><W34/><G34/><T125/><D116/><U133/><E106/><V111/><F111/><W120/><G72/><T36/><D27/><U108/><E108/><V79/><F79/><W32/><G32/><T10/><D36/><U95/><E133/><V131/><F131/><W1/><G1/><T68/><D68/><U113/><E113/><V89/><F89/><W64/><G64/><T24/><D24/><U63/><E63/><V28/><F28/><W130/><G130/><T26/><D26/><U31/><E31/><V11/><F11/><W37/><G37/><T135/><D135/><U62/><E62/><V53/><REACH who="2" step="1"/><F44/><REACH who="2" ten="220,290,191,289" step="2"/><W85/><G120/><T92/><D3/><U76/><E76/><V7/><F7/><W25/><AGARI ba="0,1" hai="17,23,25,54,55,85,90,94" m="7786,59535" machi="25" ten="30,3000,0" yaku="8,1,52,1" doraHai="13" who="3" fromWho="3" sc="220,-10,290,-10,191,-10,289,40" /><INIT seed="3,1,0,2,3,64" ten="210,280,181,329" oya="3" hai0="127,73,50,49,62,61,12,0,88,109,54,87,107" hai1="28,48,37,65,10,58,126,99,60,39,94,56,78" hai2="53,129,18,110,84,67,124,74,24,32,90,91,115" hai3="25,114,26,97,69,44,27,108,34,118,72,3,106"/><W98/><G114/><T6/><D0/><U77/><E126/><V38/><F115/><W101/><G118/><T83/><D127/><U71/><E28/><V131/><F124/><W130/><G3/><T5/><D109/><U8/><E39/><V121/><F74/><W86/><G130/><T92/><D107/><U132/><E37/><V82/><F38/><W133/><G72/><T123/><D123/><U30/><E132/><V55/><F110/><W112/><G112/><T40/><D40/><U113/><E113/><V41/><F41/><W15/><G108/><T35/><D35/><U93/><E30/><V80/><F121/><W79/><G34/><T89/><D50/><U119/><E119/><V43/><F43/><W52/><G133/><T117/><D117/><U111/><E111/><V85/><F67/><W47/><G97/><T63/><D12/><U16/><E93/><V13/><F24/><W33/><G33/><T120/><D120/><U19/><E71/><V9/><REACH who="2" step="1"/><F32/><REACH who="2" ten="210,280,171,329" step="2"/><W46/><G27/><T104/><D73/><U122/><E65/><V57/><F57/><W11/><G26/><T31/><D31/><U17/><E56/><V128/><AGARI ba="1,1" hai="9,13,18,53,55,80,82,84,85,90,91,128,129,131" machi="128" ten="30,12000,2" yaku="1,1,0,1,9,1,19,1,53,2" doraHai="64" doraHaiUra="81" who="2" fromWho="2" sc="210,-31,280,-31,171,133,329,-61" /><INIT seed="4,0,0,1,5,110" ten="179,249,304,268" oya="0" hai0="26,15,135,58,131,94,95,106,98,97,74,84,43" hai1="70,67,87,12,117,62,3,13,129,59,10,83,88" hai2="1,44,53,51,55,90,64,41,73,109,92,61,18" hai3="108,29,47,4,134,118,30,63,104,52,50,60,20"/><T86/><D131/><U7/><E129/><V127/><F73/><W0/><G108/><T69/><D69/><U16/><E117/><V71/><F109/><W40/><G118/><T34/><D135/><U49/><E49/><V126/><F1/><W113/><G104/><T124/><D124/><N who="2" m="47658" /><F18/><W116/><G116/><T128/><D128/><U103/><E103/><V46/><F46/><W130/><G130/><T101/><D74/><U56/><REACH who="1" step="1"/><E3/><REACH who="1" ten="179,239,304,268" step="2"/><V35/><F35/><W28/><G0/><T11/><D34/><U85/><E85/><AGARI ba="0,1" hai="41,44,51,53,55,61,64,71,85,90,92" m="47658" machi="85" ten="30,1000,0" yaku="18,1" doraHai="110" who="2" fromWho="1" sc="179,0,239,-10,304,20,268,0" /><INIT seed="5,0,0,1,0,99" ten="179,229,324,268" oya="1" hai0="82,92,117,52,9,122,15,75,84,90,100,38,120" hai1="68,121,105,1,23,108,132,4,96,126,128,6,13" hai2="42,16,83,35,116,7,130,3,95,0,106,46,131" hai3="28,74,26,49,56,119,67,66,19,104,133,102,47"/><U33/><RYUUKYOKU type="yao9" ba="0,0" sc="179,0,229,0,324,0,268,0" hai1="1,4,6,13,23,33,68,96,105,108,121,126,128,132" /><INIT seed="5,1,0,3,5,23" ten="179,229,324,268" oya="1" hai0="75,67,89,31,47,55,7,119,81,76,17,19,132" hai1="0,39,99,9,34,123,64,50,95,69,56,4,134" hai2="82,115,59,3,91,21,88,6,83,120,53,117,18" hai3="111,68,104,41,72,73,133,62,58,25,63,27,24"/><U108/><E123/><V5/><F117/><W1/><G111/><T129/><D119/><U43/><E108/><V14/><F120/><W51/><G1/><T124/><D124/><U102/><E134/><V79/><F115/><W97/><G133/><T22/><D132/><U103/><E34/><V113/><F113/><W33/><G33/><T118/><D118/><U26/><E69/><V80/><F79/><W52/><G68/><T122/><D122/><U16/><E39/><V105/><F105/><W71/><G71/><T54/><D129/><U110/><E110/><V107/><F107/><W15/><G15/><T85/><D67/><U13/><E0/><V42/><F42/><W46/><REACH who="3" step="1"/><G62/><REACH who="3" ten="179,229,324,258" step="2"/><T77/><D7/><N who="2" m="2570" /><F3/><W37/><G37/><T78/><D75/><U60/><E4/><V92/><F92/><W86/><G86/><T121/><D121/><U57/><E60/><AGARI ba="1,1" hai="14,18,21,53,59,60,80,82,83,88,91" m="2570" machi="60" ten="30,2000,0" yaku="8,1,54,1" doraHai="23" who="2" fromWho="1" sc="179,0,229,-23,324,33,258,0" /><INIT seed="6,0,0,5,1,66" ten="179,206,357,258" oya="2" hai0="97,104,81,10,98,64,26,128,109,42,82,106,61" hai1="91,35,107,118,123,63,45,8,114,2,5,113,68" hai2="18,89,33,47,7,31,79,108,96,58,44,1,27" hai3="110,0,80,6,120,70,133,124,50,121,85,30,83"/><V52/><F108/><W39/><G110/><T25/><D109/><U99/><E118/><V71/><F79/><W105/><G39/><T3/><D128/><U57/><E35/><V134/><F134/><W76/><G105/><T12/><D3/><U4/><E4/><V40/><F71/><W49/><G133/><T9/><D42/><U126/><E126/><V74/><F74/><W48/><G124/><T135/><D135/><U41/><E123/><V20/><F7/><W32/><G70/><T14/><D64/><N who="1" m="40991" /><E57/><V131/><F1/><W36/><G36/><T75/><D61/><U93/><E107/><V102/><F89/><W15/><G0/><T101/><REACH who="0" step="1"/><D75/><REACH who="0" ten="169,206,357,258" step="2"/><U119/><E119/><V94/><F40/><W116/><G116/><T24/><D24/><U132/><E132/><V100/><F131/><W65/><G121/><T11/><D11/><U53/><E41/><V43/><F43/><W69/><G120/><T22/><D22/><U46/><E53/><V87/><F33/><W17/><G32/><T13/><D13/><U55/><E55/><V56/><F52/><W62/><G15/><T34/><D34/><U72/><E72/><V73/><F73/><W117/><G117/><T103/><AGARI ba="0,1" hai="9,10,12,14,25,26,81,82,97,98,101,103,104,106" machi="103" ten="25,6400,0" yaku="1,1,0,1,22,2,53,0" doraHai="66" doraHaiUra="88" who="0" fromWho="0" sc="169,74,206,-16,357,-32,258,-16" /><INIT seed="7,0,0,5,0,103" ten="243,190,325,242" oya="3" hai0="7,58,23,49,116,2,89,5,57,122,62,1,84" hai1="92,135,9,133,34,18,67,128,77,118,95,80,0" hai2="132,134,68,6,31,45,43,127,40,11,13,63,72" hai3="10,100,27,82,39,71,64,107,91,75,106,35,85"/><W20/><G39/><T14/><D116/><U3/><E34/><V90/><F72/><W50/><G35/><T88/><D122/><U65/><E118/><V37/><F43/><W55/><G75/><T78/><D2/><N who="1" m="555" /><E9/><V73/><F73/><W51/><G10/><T29/><D1/><U61/><E18/><V81/><F127/><W109/><G109/><T99/><D99/><U69/><E61/><V44/><F44/><W119/><G119/><T36/><D36/><U111/><E111/><V25/><F90/><W97/><G55/><N who="0" m="31983" /><D78/><U131/><E80/><V101/><F81/><W70/><G106/><T87/><D14/><U105/><E77/><V42/><F42/><W12/><G12/><T24/><D89/><U124/><E105/><V52/><F101/><W56/><G71/><T48/><D48/><U113/><E69/><V123/><F123/><W110/><G70/><T96/><D96/><U115/><E124/><V126/><F126/><W76/><G110/><T117/><D117/><U41/><E41/><V93/><F68/><W102/><G102/><T54/><D87/><U104/><E104/><V94/><F63/><W112/><G76/><T83/><AGARI ba="0,0" hai="5,7,23,24,29,54,58,62,83,84,88" m="31983" machi="83" ten="30,2000,0" yaku="8,1,54,1" doraHai="103" who="0" fromWho="0" sc="243,20,190,-5,325,-5,242,-10" owari="263,6.3,185,-31.5,320,42.0,232,-16.8" /></mjloggm>