<mjloggm ver="2.3"><GO type="225" lobby="0"/><UN n0="%E3%81%BF%E3%81%BF%E3%81%9A" n1="%E6%A0%B9%E5%85%83%E3%81%8B%E3%82%89%E5%90%B9%E3%81%A3%E9%A3%9B%E3%81%B6" n2="%E3%81%AF%E3%82%88%E3%81%8A%E3%81%98%E3%81%95%E3%82%93" n3="%E6%9C%88%E5%B3%B6%E5%9F%BA" dan="17,16,16,17" rate="2242.56,2155.24,2214.39,2217.93" sx="M,F,M,M"/><TAIKYOKU oya="0"/><INIT seed="0,0,0,1,3,78" ten="250,250,250,250" oya="0" hai0="127,36,32,124,97,98,31,94,105,120,3,84,101" hai1="107,79,74,119,7,69,62,30,43,16,42,26,68" hai2="14,85,8,13,96,115,49,29,2,108,93,109,81" hai3="17,55,38,23,103,76,77,135,50,39,99,128,100"/><T48/><D36/><U19/><E119/><V20/><F115/><W67/><G128/><T70/><D3/><U129/><E129/><V126/><F126/><N who="0" m="48170" /><D70/><U57/><E107/><V63/><F63/><W114/><G114/><T87/><D32/><U86/><E74/><V60/><F60/><W46/><G135/><T95/><D31/><U73/><E73/><V66/><F66/><W47/><G67/><T59/><D59/><U0/><E0/><V91/><F49/><W112/><G112/><T102/><D48/><U25/><E7/><V58/><F58/><W35/><G35/><T104/><D120/><U51/><E69/><V89/><F2/><W88/><G39/><T41/><D41/><N who="1" m="15371" /><E51/><V18/><REACH who="2" step="1"/><F29/><REACH who="2" ten="250,250,240,250" step="2"/><W37/><G37/><T133/><D133/><U106/><E30/><V123/><F123/><W116/><G38/><T64/><D64/><U53/><E68/><V121/><F121/><W61/><G61/><T1/><D1/><U22/><E57/><V90/><F90/><W40/><G50/><T21/><D21/><U118/><E62/><V65/><F65/><W45/><G40/><T5/><D5/><AGARI ba="0,1" hai="5,8,13,14,18,20,81,85,89,91,93,96,108,109" machi="5" ten="40,2600,0" yaku="1,1,52,1,53,0" doraHai="78" doraHaiUra="24" who="2" fromWho="0" sc="250,-26,250,0,240,36,250,0" /><INIT seed="1,0,0,4,4,21" ten="224,250,276,250" oya="1" hai0="50,48,19,27,107,11,74,23,78,118,59,110,37" hai1="133,40,43,115,127,58,60,100,92,106,56,95,44" hai2="41,84,79,15,65,71,49,45,25,123,35,2,97" hai3="6,87,103,42,30,47,124,121,72,102,63,3,28"/><U69/><E115/><V109/><F2/><W39/><G121/><T89/><D118/><U31/><E127/><V96/><F123/><W132/><G124/><T98/><D37/><U46/><E133/><V66/><F109/><W113/><G113/><T7/><D110/><U130/><E130/><V120/><F120/><W22/><G132/><T70/><D70/><U24/><E69/><V83/><F71/><W5/><G72/><T51/><D74/><U128/><E106/><V32/><F32/><W55/><G102/><T13/><D78/><U117/><E117/><V17/><F25/><W0/><G103/><T114/><D114/><U129/><E60/><V108/><F35/><W135/><G3/><T126/><D126/><U68/><E68/><V16/><F17/><W86/><G0/><T134/><D134/><U29/><E100/><V34/><F34/><W36/><G36/><T131/><D131/><U4/><E4/><V73/><F73/><W62/><G6/><T20/><D107/><U77/><E77/><V1/><F1/><W116/><G5/><T12/><D59/><U53/><E53/><V104/><F108/><W91/><G116/><T94/><REACH who="0" step="1"/><D23/><REACH who="0" ten="214,250,276,250" step="2"/><U80/><E129/><V8/><F104/><W75/><G75/><T85/><D85/><U101/><E128/><V93/><F97/><W54/><G87/><T67/><D67/><U18/><E58/><V105/><F105/><W88/><G86/><T57/><D57/><U9/><E56/><V122/><F122/><W81/><G135/><T119/><D119/><U82/><E46/><V33/><F33/><RYUUKYOKU ba="0,1" sc="214,15,250,-15,276,15,250,-15" hai0="7,11,12,13,19,20,27,48,50,51,89,94,98" hai2="8,15,16,41,45,49,65,66,79,83,84,93,96" /><INIT seed="2,1,1,1,0,83" ten="229,235,291,235" oya="2" hai0="41,5,86,51,7,111,89,48,58,68,117,31,3" hai1="135,127,104,38,53,132,17,67,87,63,88,12,56" hai2="34,82,107,4,71,13,96,23,74,92,46,80,101" hai3="105,114,93,14,69,60,115,77,116,64,26,99,85"/><V52/><F34/><W40/><G116/><T133/><D68/><U8/><E104/><V62/><F107/><W102/><G40/><T2/><D117/><U91/><E38/><V134/><F134/><N who="1" m="51241" /><E127/><V103/><F103/><W45/><G45/><N who="0" m="25647" /><D3/><U126/><E126/><V19/><F74/><W44/><G44/><T29/><D2/><U95/><E91/><V37/><F4/><N who="0" m="1610" /><D111/><U39/><E39/><V97/><F96/><W28/><G14/><T100/><D100/><U1/><E1/><V24/><F71/><W33/><G93/><N who="0" m="54455" /><D133/><U66/><AGARI ba="1,1" hai="8,12,17,53,56,63,66,67,87,88,95" m="51241" machi="66" ten="30,4000,0" yaku="20,1,52,1,54,1" doraHai="83" who="1" fromWho="1" sc="229,-11,235,53,291,-21,235,-11" /><INIT seed="3,0,0,2,4,120" ten="218,288,270,224" oya="3" hai0="86,85,33,4,39,62,97,84,36,132,95,2,64" hai1="34,127,123,131,59,54,107,119,113,96,0,122,80" hai2="118,22,9,121,52,63,72,3,124,44,57,110,101" hai3="30,134,15,8,106,94,83,55,99,69,117,58,114"/><W50/><G114/><T116/><D116/><U92/><E0/><V38/><F118/><W37/><G117/><T130/><D33/><U125/><E34/><V74/><F121/><W91/><G134/><T100/><D132/><U24/><E113/><V6/><F124/><N who="1" m="47689" /><E119/><V79/><F110/><W56/><G69/><T111/><D130/><U105/><E24/><V5/><F5/><N who="3" m="3471" /><G37/><T115/><D115/><U78/><E59/><V126/><F126/><W98/><G106/><N who="1" m="40458" /><E131/><V29/><F101/><W104/><G104/><T28/><D28/><U129/><E129/><V13/><F79/><W53/><G30/><T12/><D2/><U17/><E17/><V11/><F11/><W20/><G20/><T43/><D4/><U112/><E54/><V7/><F7/><W31/><G31/><T67/><D12/><U35/><E35/><V75/><F29/><W102/><G55/><T27/><D27/><U16/><E16/><V89/><F22/><W49/><G58/><T18/><D18/><U45/><E45/><V21/><F21/><W93/><G83/><T26/><D26/><U42/><E42/><N who="2" m="22615" /><F13/><W81/><G81/><T40/><D40/><U76/><E76/><V109/><F9/><W135/><G135/><T82/><D82/><U71/><E71/><V128/><F128/><W73/><G73/><T23/><D23/><U32/><E32/><V25/><F25/><W48/><AGARI ba="0,0" hai="48,49,50,53,56,91,93,94,98,99,102" m="3471" machi="48" ten="30,1500,0" yaku="8,1" doraHai="120" who="3" fromWho="3" sc="218,-5,288,-5,270,-5,224,15" /><INIT seed="3,1,0,2,5,115" ten="213,283,265,239" oya="3" hai0="16,67,116,134,40,100,24,34,52,132,96,33,59" hai1="105,36,101,18,74,135,84,128,126,109,25,70,69" hai2="21,23,86,8,131,71,88,89,26,65,57,58,35" hai3="130,73,3,91,0,44,37,113,111,75,51,120,2"/><W5/><G113/><T7/><D40/><U117/><RYUUKYOKU type="yao9" ba="1,0" sc="213,0,283,0,265,0,239,0" hai1="18,25,36,69,70,74,84,101,105,109,117,126,128,135" /><INIT seed="3,2,0,5,0,87" ten="213,283,265,239" oya="3" hai0="18,5,11,77,4,19,14,1,8,34,126,99,111" hai1="117,74,118,88,28,97,53,121,29,64,108,72,54" hai2="23,58,91,62,92,93,57,60,130,135,45,128,25" hai3="129,115,22,84,85,80,27,26,39,127,59,125,56"/><W98/><G115/><T134/><D77/><U75/><E64/><V49/><F135/><W32/><G39/><T107/><D134/><U96/><E108/><V65/><F93/><W15/><G129/><T0/><D111/><U13/><E13/><V113/><F113/><W30/><G15/><N who="0" m="7527" /><D99/><N who="1" m="37963" /><E88/><V6/><F6/><N who="0" m="2666" /><D107/><U78/><E78/><V51/><F45/><W55/><G98/><T12/><D126/><N who="3" m="48137" /><G80/><T106/><D106/><U68/><E68/><V46/><F46/><W112/><G112/><T7/><D34/><U2/><E2/><V71/><F71/><W131/><G131/><T94/><D94/><U76/><E76/><V3/><F3/><W124/><G124/><T52/><D52/><N who="1" m="20075" /><E121/><V40/><F130/><W103/><G55/><T95/><D95/><U63/><E63/><V43/><F128/><W133/><G133/><T44/><D44/><U10/><E10/><AGARI ba="2,0" hai="0,1,7,10,11,12,14,19" m="2666,7527" machi="10" ten="30,8000,1" yaku="35,5" doraHai="87" who="0" fromWho="1" sc="213,86,283,-86,265,0,239,0" /><INIT seed="4,0,0,5,5,107" ten="299,197,265,239" oya="0" hai0="61,98,24,95,84,125,9,91,21,77,131,54,19" hai1="47,36,110,116,2,13,129,38,80,103,30,119,100" hai2="14,57,132,97,123,87,115,51,96,127,114,35,0" hai3="56,89,108,122,28,39,93,27,34,83,111,45,70"/><T62/><D125/><U67/><E110/><V73/><F0/><W71/><G122/><T85/><D131/><U117/><E2/><V112/><F123/><W99/><G71/><T135/><D135/><U133/><E129/><V43/><F35/><W20/><G70/><T81/><D54/><U121/><E133/><V10/><F132/><W65/><G34/><T59/><D59/><U52/><E121/><V105/><F127/><W68/><G68/><T55/><D55/><U48/><E67/><V74/><F87/><W32/><G32/><T126/><D126/><U113/><E113/><V134/><F134/><W92/><G83/><N who="0" m="47215" /><D9/><U58/><E30/><V124/><F124/><W8/><G8/><T18/><D19/><U79/><E13/><V49/><F57/><W46/><G39/><T11/><D11/><U25/><E25/><V118/><F118/><W104/><G104/><T78/><AGARI ba="0,0" hai="18,21,24,61,62,78,81,85,91,95,98" m="47215" machi="78" ten="30,1500,0" yaku="8,1" doraHai="107" who="0" fromWho="0" sc="299,15,197,-5,265,-5,239,-5" owari="314,41.4,192,-30.8,260,6.0,234,-16.6" /></mjloggm>