<mjloggm ver="2.3"><GO type="225" lobby="0"/><UN n0="%E6%97%A5%E6%9B%9C%E6%97%A5%E3%82%88%E3%82%8A%E3%81%AE%E4%BD%BF%E8%80%85" n1="%E4%BF%BA%E3%81%A8%E5%A6%96%E5%A4%A2" n2="%E5%B0%8F%E9%B3%A5%E9%81%8A%E7%B7%B4%E7%84%A1%32%31%E6%AD%B3" n3="%72%61%6B%33" dan="17,16,16,16" rate="2197.96,2141.71,2173.53,2083.67" sx="M,F,F,M"/><TAIKYOKU oya="0"/><INIT seed="0,0,0,4,0,112" ten="250,250,250,250" oya="0" hai0="40,53,30,85,73,35,24,105,130,38,104,4,5" hai1="100,121,78,84,87,113,60,27,42,50,102,117,31" hai2="91,109,46,93,25,36,83,61,55,6,65,129,115" hai3="127,119,20,9,108,120,125,49,106,110,124,19,123"/><T23/><D73/><U72/><E121/><N who="3" m="46666" /><G106/><T67/><D67/><U131/><E113/><V11/><F109/><N who="3" m="42091" /><G49/><T28/><D130/><U54/><E131/><V21/><F129/><W88/><G88/><T51/><D40/><U94/><E60/><V80/><F115/><W90/><G90/><T17/><D38/><U34/><E42/><V132/><F36/><W29/><G119/><T1/><D85/><U82/><E117/><V59/><F46/><W98/><G98/><T69/><D69/><U66/><E66/><V64/><F132/><W128/><G128/><T122/><D122/><U48/><E48/><V68/><F68/><W92/><G92/><T0/><D104/><U95/><E95/><V13/><F65/><W15/><G29/><N who="0" m="19879" /><D105/><U114/><E114/><V99/><REACH who="2" step="1"/><F64/><REACH who="2" ten="250,250,240,250" step="2"/><W22/><AGARI ba="0,1" hai="9,15,19,20,22,124,125,127" m="42091,46666" machi="22" ten="40,8000,1" yaku="18,1,13,1,14,1,34,2" doraHai="112" who="3" fromWho="3" sc="250,-40,250,-20,240,-20,250,90" /><INIT seed="1,0,0,0,0,62" ten="210,230,220,340" oya="1" hai0="118,106,110,61,101,85,11,63,96,19,41,48,68" hai1="31,16,117,44,122,72,120,108,42,54,124,24,130" hai2="57,116,94,99,17,115,39,114,18,50,129,73,64" hai3="35,28,43,128,46,104,26,52,88,6,22,82,80"/><U4/><E117/><V7/><F39/><W81/><G128/><T84/><D118/><U5/><E72/><V60/><F116/><W10/><G104/><T14/><D110/><U93/><E130/><V34/><F73/><W70/><G70/><T59/><D68/><U134/><E108/><V135/><F129/><W23/><G88/><T95/><D106/><U25/><E134/><V89/><F34/><W30/><G30/><T76/><D76/><U66/><E66/><V37/><F37/><W109/><G109/><T74/><D74/><U123/><E124/><V86/><F135/><W132/><G132/><T126/><D126/><U58/><E93/><V79/><F7/><W32/><G32/><T8/><D8/><U2/><E2/><V119/><F50/><W15/><REACH who="3" step="1"/><G52/><REACH who="3" ten="210,230,220,330" step="2"/><N who="0" m="32135" /><D41/><U45/><E42/><V113/><F119/><W87/><G87/><AGARI ba="0,1" hai="11,14,19,61,63,84,85,87,95,96,101" m="32135" machi="87" ten="30,2000,0" yaku="8,1,54,1" doraHai="62" who="0" fromWho="3" sc="210,30,230,0,220,0,330,-20" /><INIT seed="2,0,0,3,3,126" ten="240,230,220,310" oya="2" hai0="10,88,34,94,18,29,116,102,7,112,97,16,50" hai1="83,69,93,64,67,129,81,53,11,66,15,131,24" hai2="3,22,61,103,26,63,70,128,84,60,125,45,65" hai3="114,40,80,120,86,82,57,134,51,59,73,132,104"/><V2/><F125/><W92/><G104/><T100/><D112/><U55/><E69/><V17/><F103/><W71/><G71/><T123/><D123/><U111/><E111/><V47/><F84/><W46/><G120/><T127/><D127/><U75/><E24/><V44/><REACH who="2" step="1"/><F128/><REACH who="2" ten="240,230,210,310" step="2"/><N who="1" m="49225" /><E75/><V4/><F4/><W21/><G73/><T130/><D130/><U107/><E107/><V1/><AGARI ba="0,1" hai="1,2,3,17,22,26,44,45,47,60,61,63,65,70" machi="1" ten="40,3900,0" yaku="1,1,0,1,53,0" doraHai="126" doraHaiUra="95" who="2" fromWho="2" sc="240,-13,230,-13,210,49,310,-13" /><INIT seed="2,1,0,3,5,131" ten="227,217,259,297" oya="2" hai0="30,88,78,17,29,91,105,27,32,38,65,58,6" hai1="64,94,54,11,46,63,23,75,4,111,73,41,103" hai2="96,71,72,59,130,85,53,92,84,0,90,57,79" hai3="24,102,9,18,14,8,1,93,22,37,99,80,135"/><V98/><F71/><W115/><G115/><T21/><D105/><U43/><E111/><V5/><F130/><W119/><G135/><T39/><D78/><U133/><E54/><V128/><F128/><W42/><G119/><T134/><D134/><U120/><E120/><V67/><F72/><W123/><G123/><T45/><D6/><U87/><E41/><V106/><F106/><W108/><G108/><T51/><D39/><U68/><E23/><V132/><F132/><W89/><G1/><T110/><D38/><U127/><E127/><V121/><F67/><W25/><G42/><T100/><D100/><U10/><E10/><N who="3" m="4202" /><G37/><T52/><D110/><U36/><E133/><V48/><F5/><W2/><G2/><T13/><REACH who="0" step="1"/><D30/><REACH who="0" ten="217,217,259,297" step="2"/><U12/><REACH who="1" step="1"/><E103/><REACH who="1" ten="217,207,259,297" step="2"/><V34/><F121/><W19/><G102/><T95/><D95/><U56/><E56/><V77/><F59/><W47/><G93/><T118/><D118/><U69/><E69/><V49/><F92/><W31/><G31/><T55/><D55/><U107/><E107/><V50/><F53/><W97/><G80/><T117/><D117/><U125/><E125/><V60/><F57/><W40/><G40/><T70/><D70/><U66/><E66/><V122/><F122/><W62/><G47/><T113/><D113/><U61/><E61/><AGARI ba="1,2" hai="13,17,21,27,29,32,45,51,52,58,61,65,88,91" machi="61" ten="40,5200,0" yaku="1,1,54,2,53,0" doraHai="131" doraHaiUra="116" who="0" fromWho="1" sc="217,75,207,-55,259,0,297,0" /><INIT seed="3,0,0,3,3,88" ten="292,152,259,297" oya="3" hai0="96,116,126,27,20,34,129,10,19,102,38,11,22" hai1="65,21,24,5,103,69,37,106,41,67,16,118,85" hai2="74,122,93,58,92,133,8,77,132,62,1,18,48" hai3="70,86,112,55,26,107,99,3,115,135,79,2,127"/><W17/><G70/><T40/><D116/><U83/><E118/><V105/><F105/><W72/><G72/><T60/><D34/><U111/><E111/><V71/><F122/><W134/><G127/><T36/><D36/><U64/><E5/><V61/><F77/><W90/><G55/><T50/><D38/><U66/><E37/><V78/><F78/><W7/><G79/><T125/><D60/><N who="2" m="23146" /><F71/><W91/><G17/><N who="0" m="12687" /><D129/><U101/><N who="1" m="16384" /><DORA hai="54" /><U14/><E69/><V15/><F1/><W4/><G26/><N who="0" m="14687" /><D50/><U45/><E106/><V68/><F74/><W131/><G131/><T94/><D40/><U23/><E45/><V128/><F128/><W42/><G42/><T110/><D110/><U32/><E41/><V33/><F33/><W29/><G29/><T57/><D57/><U51/><E51/><V56/><F68/><W113/><G107/><T39/><D39/><U124/><E32/><V82/><F48/><W52/><G52/><T30/><D30/><N who="1" m="17679" /><E124/><AGARI ba="0,0" hai="10,11,94,96,102,124,125,126" m="14687,12687" machi="124" ten="30,2000,0" yaku="18,1,52,1" doraHai="88,54" who="0" fromWho="1" sc="292,20,152,-20,259,0,297,0" owari="312,41.2,132,-36.8,259,-14.1,297,9.7" /></mjloggm>