<mjloggm ver="2.3"><GO type="169" lobby="0"/><UN n0="%E3%81%A8%E3%82%8D%E3%82%8D%E3%81%9D%E3%81%B0" n1="%E3%82%A2%E3%83%B3%E3%81%95%E3%82%93" n2="%E9%A6%AC%E3%81%AE%E8%80%B3%E3%81%AB%E5%BF%B5%E4%BB%8F" n3="%E4%BB%8A%E6%97%A5%E4%B8%80" dan="17,18,17,17" rate="2235.35,2236.08,2173.93,2222.88" sx="M,M,M,M"/><TAIKYOKU oya="0"/><INIT seed="0,0,0,4,4,113" ten="250,250,250,250" oya="0" hai0="125,122,11,106,61,17,4,115,70,26,35,51,108" hai1="75,29,19,91,77,84,53,18,13,0,95,60,102" hai2="3,94,89,79,104,93,117,66,37,1,33,50,87" hai3="32,15,86,25,65,128,8,57,135,52,126,12,72"/><T24/><BYE who="3" /><D115/><U68/><E0/><UN n3="%E4%BB%8A%E6%97%A5%E4%B8%80" /><V10/><F37/><W45/><G45/><T129/><BYE who="3" /><D122/><UN n3="%E4%BB%8A%E6%97%A5%E4%B8%80" /><U105/><E29/><V39/><F104/><W103/><G72/><T90/><D106/><U67/><E53/><V55/><F39/><W82/><G103/><T78/><D78/><U88/><E91/><V100/><F33/><W127/><G135/><T132/><D132/><U58/><E68/><V40/><F40/><W5/><G65/><T46/><D125/><N who="3" m="47625" /><G128/><T14/><D129/><U81/><REACH who="1" step="1"/><E13/><REACH who="1" ten="250,240,250,250" step="2"/><V2/><F89/><N who="3" m="51415" /><G25/><T34/><D26/><U47/><E47/><V118/><F55/><W133/><G133/><T96/><D24/><U114/><E114/><V63/><F100/><W116/><G32/><T99/><D35/><U76/><E76/><V130/><F79/><W7/><G15/><T28/><D34/><U44/><E44/><V74/><F130/><W54/><G54/><T6/><D90/><U83/><E83/><V131/><F131/><W23/><G23/><T97/><D28/><U111/><E111/><V80/><F80/><W42/><G42/><T98/><D108/><U119/><E119/><V109/><F1/><W73/><G116/><T21/><D21/><U124/><E124/><V43/><F43/><W71/><G71/><T49/><D46/><U41/><E41/><V9/><F109/><W112/><G112/><T20/><D20/><U38/><E38/><V121/><F117/><W69/><G69/><T85/><D70/><U22/><E22/><V107/><F118/><W30/><G12/><T92/><N who="0" m="24576" /><DORA hai="36" /><T101/><D14/><RYUUKYOKU ba="0,1" sc="250,-10,240,30,250,-10,250,-10" hai1="18,19,58,60,67,75,77,81,84,88,95,102,105" /><INIT seed="1,1,1,2,0,61" ten="240,270,240,240" oya="1" hai0="44,86,122,74,99,73,125,80,127,23,104,55,29" hai1="48,46,38,121,18,45,67,47,51,132,43,117,30" hai2="92,19,2,34,62,96,56,65,83,93,129,98,25" hai3="95,57,58,77,97,135,9,8,68,53,26,17,28"/><U116/><E121/><V7/><F129/><W126/><G126/><N who="0" m="48139" /><D29/><U41/><E30/><V10/><F83/><W88/><G135/><T33/><D33/><U108/><E18/><V113/><F113/><W78/><G68/><T39/><D23/><U32/><E32/><V128/><F128/><W4/><G17/><T22/><D22/><U36/><E132/><V90/><F34/><W94/><G95/><T109/><D109/><U5/><E5/><V59/><F19/><W131/><G131/><T63/><D39/><U40/><E108/><V106/><F106/><W15/><G58/><N who="0" m="35295" /><D44/><U111/><E111/><V71/><REACH who="2" step="1"/><F25/><REACH who="2" ten="240,270,230,240" step="2"/><W120/><G120/><T134/><D122/><U3/><E3/><V81/><F81/><W76/><G4/><T107/><D134/><U101/><E101/><AGARI ba="1,2" hai="2,7,10,56,59,62,65,71,90,92,93,96,98,101" machi="101" ten="30,3900,0" yaku="1,1,7,1,52,1,53,0" doraHai="61" doraHaiUra="105" who="2" fromWho="1" sc="240,0,270,-42,230,62,240,0" /><INIT seed="2,0,0,4,1,19" ten="240,228,292,240" oya="2" hai0="47,16,48,5,116,1,57,55,53,22,113,127,135" hai1="34,39,74,122,126,68,42,8,70,28,52,21,115" hai2="9,117,125,108,61,89,101,129,67,65,123,45,92" hai3="58,37,76,43,98,131,20,14,86,10,107,13,130"/><V87/><F117/><W88/><G76/><T80/><D113/><U44/><E115/><V69/><F123/><W71/><G71/><T94/><D127/><U23/><E126/><V120/><F120/><W17/><G58/><T114/><D114/><U134/><E122/><V91/><F125/><W132/><G132/><T32/><D32/><U121/><E121/><V84/><F101/><W103/><G43/><T104/><D104/><U66/><E74/><V38/><F129/><N who="3" m="49163" /><G37/><T0/><D135/><U99/><E134/><V12/><F67/><W49/><G49/><T118/><D94/><U41/><E41/><V97/><F108/><W7/><G14/><N who="0" m="9495" /><D80/><U79/><E70/><V73/><F73/><W75/><G75/><T62/><D5/><U110/><E110/><V56/><F45/><W83/><G7/><T82/><D82/><U72/><E72/><V24/><F38/><W63/><G63/><T27/><D27/><U60/><E60/><V2/><F24/><W112/><G112/><T85/><D85/><U29/><E68/><V133/><F133/><W119/><G119/><AGARI ba="0,0" hai="0,1,47,48,53,55,57,62,116,118,119" m="9495" machi="119" ten="30,3900,0" yaku="12,1,52,1,54,1" doraHai="19" who="0" fromWho="3" sc="240,39,228,0,292,0,240,-39" /><INIT seed="3,0,0,5,0,117" ten="279,228,292,201" oya="3" hai0="64,32,85,106,135,126,92,83,131,115,76,0,105" hai1="97,109,121,62,112,66,10,19,123,73,86,71,60" hai2="128,107,114,17,87,28,12,54,74,13,33,42,108" hai3="82,119,58,5,57,133,7,23,29,39,101,4,55"/><W127/><G119/><T91/><D0/><U77/><E112/><V50/><F74/><W25/><G133/><T94/><D32/><U40/><E109/><V59/><F107/><W15/><G127/><T80/><D64/><U38/><E73/><V43/><F108/><W52/><G39/><T100/><D135/><U99/><E38/><V65/><F114/><W98/><G82/><T93/><D115/><U20/><E40/><V49/><F65/><W41/><G41/><T1/><D1/><U26/><E62/><V81/><F33/><W9/><G57/><T63/><D63/><U30/><E86/><V8/><F28/><W104/><REACH who="3" step="1"/><G55/><REACH who="3" ten="279,228,292,191" step="2"/><T75/><D126/><U113/><E113/><V37/><F37/><W69/><G69/><T96/><D131/><U16/><E77/><V46/><F128/><W22/><G22/><T79/><D106/><U47/><E47/><V120/><F42/><W14/><G14/><T88/><AGARI ba="0,1" hai="75,76,79,80,83,85,88,91,92,93,94,96,100,105" machi="88" ten="30,16000,3" yaku="0,1,35,6,54,1" doraHai="117" who="0" fromWho="0" sc="279,170,228,-40,292,-40,191,-80" /><INIT seed="4,0,0,4,5,116" ten="449,188,252,111" oya="0" hai0="72,39,117,66,29,128,98,48,52,37,65,135,99" hai1="30,44,67,106,62,130,80,129,14,18,86,21,49" hai2="111,4,28,119,89,59,24,78,23,6,54,11,64" hai3="85,26,45,5,133,9,10,83,75,32,38,35,125"/><T120/><D117/><U2/><E106/><V46/><F111/><W76/><G133/><T94/><D72/><U25/><E2/><V131/><F119/><W36/><G125/><T105/><D135/><U92/><E92/><V15/><F131/><W7/><G85/><T33/><D128/><U110/><E110/><V114/><F114/><W13/><G26/><T77/><D77/><U90/><E62/><V74/><F74/><W16/><G7/><T8/><D8/><U109/><E109/><V103/><F103/><W0/><REACH who="3" step="1"/><G38/><REACH who="3" ten="449,188,252,101" step="2"/><T70/><D39/><U118/><E118/><V102/><F4/><W34/><G34/><T41/><D37/><U47/><E129/><V134/><F24/><W1/><G1/><T122/><D33/><U79/><E130/><V63/><F6/><W19/><G19/><T58/><D29/><U126/><E126/><V108/><F28/><W40/><AGARI ba="0,1" hai="0,5,9,10,13,16,32,35,36,40,45,75,76,83" machi="40" ten="30,8000,1" yaku="1,1,0,1,25,2,54,1,53,0" doraHai="116" doraHaiUra="81" who="3" fromWho="3" sc="449,-40,188,-20,252,-20,101,90" /><INIT seed="5,0,0,4,1,80" ten="409,168,232,191" oya="1" hai0="62,104,60,114,116,100,79,121,25,57,19,53,15" hai1="11,31,50,35,40,55,39,67,94,21,33,32,1" hai2="38,72,49,81,119,89,109,87,103,44,124,78,51" hai3="125,47,16,45,112,23,22,84,122,115,27,2,95"/><U20/><E67/><V12/><F109/><W102/><G122/><T7/><D116/><U92/><E40/><V52/><F119/><W28/><G2/><T101/><D114/><N who="3" m="43561" /><G125/><T36/><D36/><U26/><E39/><V107/><F124/><W74/><G74/><T110/><D110/><U58/><REACH who="1" step="1"/><E21/><REACH who="1" ten="409,158,232,191" step="2"/><V77/><F38/><W99/><G84/><T48/><D121/><U59/><E59/><V61/><F72/><W5/><G5/><AGARI ba="0,1" hai="1,5,11,20,26,31,32,33,35,50,55,58,92,94" machi="5" ten="40,2000,0" yaku="1,1,53,0" doraHai="80" doraHaiUra="130" who="1" fromWho="3" sc="409,0,158,30,232,0,191,-20" /><INIT seed="5,1,0,3,2,54" ten="409,188,232,171" oya="1" hai0="41,35,75,64,10,99,39,132,96,40,11,25,67" hai1="106,100,51,130,114,95,15,33,3,118,66,73,129" hai2="78,74,111,56,125,45,9,120,32,84,91,31,50" hai3="126,34,22,80,38,46,16,89,112,123,83,55,49"/><U87/><E118/><V4/><F111/><W134/><G123/><T101/><D75/><U115/><E3/><V60/><F78/><W17/><G134/><T23/><D35/><U124/><E33/><V13/><F74/><W20/><G126/><T86/><D39/><U103/><E66/><V79/><F79/><W26/><G112/><N who="1" m="43050" /><E51/><V81/><F125/><W88/><G34/><T70/><D67/><U77/><E15/><V65/><F32/><W133/><G133/><T72/><D64/><U92/><E124/><V61/><F61/><W29/><G38/><T135/><D70/><U69/><E69/><V94/><F31/><W42/><G42/><T14/><D14/><U18/><E18/><N who="3" m="7274" /><G22/><T109/><D10/><U102/><E106/><V113/><F120/><W122/><G122/><T2/><D11/><U7/><E7/><V97/><F113/><W5/><G5/><T24/><D2/><U48/><E48/><V127/><F127/><W90/><AGARI ba="1,0" hai="20,26,29,46,49,55,80,83,88,89,90" m="7274" machi="90" ten="30,4000,0" yaku="8,1,54,2" doraHai="54" who="3" fromWho="3" sc="409,-11,188,-21,232,-11,171,43" /><INIT seed="6,0,0,1,2,37" ten="398,167,221,214" oya="2" hai0="36,81,15,28,120,129,29,21,56,103,122,78,49" hai1="45,85,108,23,87,116,109,75,7,71,73,33,88" hai2="89,74,50,98,1,5,112,115,22,123,126,58,9" hai3="24,114,119,35,48,4,59,93,95,124,79,27,110"/><V105/><F74/><N who="1" m="28169" /><E23/><V94/><F123/><W86/><G119/><T102/><D36/><U26/><E26/><V47/><F105/><W135/><G110/><T65/><D129/><U18/><E18/><V134/><F134/><W54/><G135/><T60/><D49/><U127/><E45/><V17/><F58/><W63/><G124/><T113/><D113/><U19/><E19/><V52/><REACH who="2" step="1"/><F126/><REACH who="2" ten="398,167,211,214" step="2"/><W12/><G114/><T2/><D122/><U43/><E127/><V104/><F104/><W32/><G59/><T131/><D120/><U13/><E109/><V14/><AGARI ba="0,1" hai="1,5,9,14,17,22,47,50,52,89,94,98,112,115" machi="14" ten="30,11700,0" yaku="1,1,0,1,54,1,53,1" doraHai="37" doraHaiUra="11" who="2" fromWho="2" sc="398,-39,167,-39,211,127,214,-39" /><INIT seed="6,1,0,3,1,17" ten="359,128,338,175" oya="2" hai0="30,35,4,70,18,83,126,57,112,89,50,133,40" hai1="39,99,127,60,56,78,58,110,107,87,124,68,80" hai2="27,104,9,121,37,71,93,129,0,65,106,130,66" hai3="117,116,115,79,20,69,2,19,16,3,32,63,44"/><V6/><F121/><W45/><G79/><T100/><D70/><U72/><E110/><V33/><F37/><W135/><G32/><T125/><D4/><U76/><E39/><V7/><F93/><W1/><G135/><T24/><D133/><U34/><E34/><V81/><F81/><W75/><G75/><T73/><D100/><N who="1" m="62879" /><E56/><V108/><F7/><W59/><G69/><T23/><D112/><U10/><E58/><V22/><F33/><W88/><G115/><T86/><D73/><U84/><E10/><V13/><F13/><W62/><G88/><T103/><D103/><U55/><E55/><V64/><F71/><W119/><G19/><T53/><REACH who="0" step="1"/><D40/><REACH who="0" ten="349,128,338,175" step="2"/><U131/><E68/><V102/><F108/><W14/><REACH who="3" step="1"/><G63/><REACH who="3" ten="349,128,338,165" step="2"/><T25/><AGARI ba="1,2" hai="18,23,24,25,30,35,50,53,57,83,86,89,125,126" machi="25" ten="30,8000,1" yaku="1,1,2,1,0,1,52,1,53,1" doraHai="17" doraHaiUra="49" who="0" fromWho="0" sc="349,103,128,-21,338,-41,165,-21" /><INIT seed="7,0,0,2,0,105" ten="452,107,297,144" oya="3" hai0="135,92,97,126,2,36,45,99,25,100,27,11,131" hai1="75,76,12,18,58,68,47,15,31,84,79,26,78" hai2="77,81,107,128,123,35,86,118,49,90,14,4,87" hai3="8,28,113,32,17,22,104,21,6,129,56,72,60"/><W108/><G72/><T103/><D126/><U112/><E68/><V50/><F118/><W37/><G37/><T54/><D131/><U24/><E112/><V0/><F128/><W55/><G113/><T121/><D121/><U42/><E12/><V48/><F0/><W120/><G120/><T59/><D135/><U10/><E24/><V67/><F107/><W61/><G129/><T102/><D102/><U69/><E69/><V109/><F109/><W95/><G104/><T66/><D2/><U38/><E84/><V53/><F35/><W125/><G125/><T117/><D11/><U29/><E58/><V91/><F67/><W82/><G82/><T51/><D117/><U127/><E127/><V3/><F3/><W122/><G122/><T13/><D13/><U98/><E98/><V101/><F101/><W74/><G74/><T46/><D36/><U114/><E114/><V52/><F123/><W132/><G132/><T40/><D66/><U134/><E134/><V39/><F39/><W71/><G108/><T44/><D40/><U5/><E5/><V19/><F4/><W83/><G83/><T57/><D57/><U119/><E119/><V64/><F64/><N who="3" m="41351" /><G95/><AGARI ba="0,0" hai="25,27,44,45,46,51,54,59,92,95,97,99,100,103" machi="95" ten="40,2600,0" yaku="9,1,8,1" doraHai="105" who="0" fromWho="3" sc="452,26,107,0,297,0,144,-26" owari="478,57.8,107,-39.3,297,9.7,118,-28.2" /></mjloggm>