<mjloggm ver="2.3"><GO type="169" lobby="0"/><UN n0="%E8%80%81%E6%A5%BD" n1="%E6%AF%94%E5%98%89%E6%84%9B%E6%9C%AA" n2="%E3%82%B5%E3%83%83%E3%83%9D%E3%83%AD%E4%B8%80%E7%95%AA%E5%91%B3%E5%99%8C" n3="%40%75" dan="17,19,16,17" rate="2171.50,2270.79,2142.34,2183.54" sx="M,F,M,F"/><TAIKYOKU oya="0"/><INIT seed="0,0,0,5,5,108" ten="250,250,250,250" oya="0" hai0="52,92,116,70,29,33,93,6,24,9,71,62,0" hai1="133,83,66,135,76,8,5,82,86,67,122,34,106" hai2="61,95,118,68,21,80,23,134,15,44,54,22,39" hai3="96,37,49,89,119,1,112,35,105,79,94,110,12"/><T123/><D116/><U130/><E122/><V17/><F134/><N who="1" m="51209" /><E130/><V84/><F118/><W109/><G37/><T99/><D93/><U124/><E124/><V11/><F68/><W47/><G1/><T48/><D62/><U58/><E34/><V57/><F39/><W90/><G35/><T45/><REACH who="0" step="1"/><D123/><REACH who="0" ten="240,250,250,250" step="2"/><U115/><E106/><V63/><F95/><W131/><G105/><T46/><D46/><U97/><E97/><V31/><F44/><W18/><G119/><T26/><D26/><U43/><E58/><V32/><F61/><W36/><G96/><T102/><AGARI ba="0,1" hai="0,6,9,24,29,33,45,48,52,70,71,92,99,102" machi="102" ten="20,12000,1" yaku="1,1,0,1,7,1,54,1,53,1" doraHai="108" doraHaiUra="30" who="0" fromWho="0" sc="240,130,250,-40,250,-40,250,-40" /><INIT seed="0,1,0,3,0,128" ten="370,210,210,210" oya="0" hai0="95,74,6,125,41,50,46,68,73,94,35,22,123" hai1="25,54,134,105,110,130,33,14,98,24,91,59,86" hai2="79,92,67,90,15,78,119,28,120,131,26,114,70" hai3="117,8,30,55,48,113,127,83,16,88,96,1,45"/><T81/><D123/><U63/><E130/><V101/><F120/><W107/><G113/><T77/><D35/><U56/><E110/><V12/><F131/><W7/><G117/><T80/><D68/><U3/><E3/><V97/><F114/><W31/><G127/><T60/><D125/><U115/><E115/><V82/><F119/><W29/><G107/><T17/><D6/><U23/><E33/><V27/><F67/><W47/><G47/><T19/><D60/><U10/><E134/><V104/><F70/><W84/><G96/><T0/><D0/><U72/><E72/><V100/><F79/><W93/><REACH who="3" step="1"/><G16/><REACH who="3" ten="370,210,210,200" step="2"/><T57/><D19/><N who="1" m="8663" /><E105/><V44/><F44/><W106/><G106/><T39/><D17/><U116/><E116/><V32/><F27/><W58/><G58/><T34/><D57/><N who="1" m="35255" /><E98/><V42/><F104/><W62/><G62/><T11/><D46/><U122/><E122/><V75/><F42/><W4/><G4/><T53/><D41/><U71/><E71/><V9/><F9/><W69/><G69/><T111/><D11/><U135/><E24/><V87/><F97/><W21/><G21/><T99/><D22/><U40/><E40/><V109/><F109/><W13/><G13/><T18/><D111/><U112/><E112/><V129/><F129/><W103/><G103/><N who="2" m="39497" /><F12/><W61/><G61/><T5/><D5/><U102/><E102/><V132/><F15/><W133/><G133/><T121/><D121/><U49/><E135/><V2/><F2/><W66/><G66/><T89/><D18/><N who="1" m="12535" /><E49/><V65/><F65/><W38/><G38/><RYUUKYOKU ba="1,1" sc="370,-30,210,10,210,10,200,10" hai1="56,59,86,91" hai2="26,28,32,75,78,82,87,90,92,132" hai3="1,7,8,29,30,31,45,48,55,83,84,88,93" /><INIT seed="1,2,1,2,3,87" ten="340,220,220,210" oya="1" hai0="68,32,39,106,5,17,26,11,88,89,10,97,66" hai1="121,74,81,12,28,98,107,49,118,92,54,133,29" hai2="131,91,31,20,18,82,14,57,34,113,61,117,36" hai3="37,67,51,25,22,62,119,50,13,127,8,83,80"/><U35/><E118/><V122/><F117/><W9/><G127/><T128/><D39/><U7/><E121/><V104/><F122/><W1/><G37/><T115/><D115/><U71/><E107/><V42/><F131/><W38/><G38/><T15/><D128/><U105/><E105/><V23/><F104/><W63/><G1/><T125/><D125/><U79/><E71/><V96/><F34/><W135/><G135/><T44/><D44/><U100/><E35/><V27/><F36/><W21/><G119/><T101/><D11/><U99/><E133/><V43/><F113/><W120/><G120/><T60/><D17/><U124/><E124/><V0/><F0/><W6/><G67/><T69/><REACH who="0" step="1"/><D68/><REACH who="0" ten="330,220,220,210" step="2"/><U103/><E7/><V53/><F31/><AGARI ba="2,2" hai="5,10,15,26,31,32,60,66,69,88,89,97,101,106" machi="31" ten="40,12000,2" yaku="1,1,2,1,25,2,52,2,54,1,53,0" doraHai="87" doraHaiUra="46" who="0" fromWho="2" sc="330,146,220,0,220,-126,210,0" /><INIT seed="2,0,0,5,0,104" ten="476,220,94,210" oya="2" hai0="6,50,52,45,42,1,82,126,128,58,57,100,109" hai1="124,15,55,10,85,75,14,22,83,108,2,116,62" hai2="17,56,18,90,37,86,8,38,20,118,36,54,95" hai3="97,28,32,70,103,115,25,106,89,96,87,65,13"/><V30/><F118/><W67/><G115/><T63/><D109/><U119/><E108/><V66/><F66/><W26/><G97/><T40/><D126/><U12/><E124/><V41/><F8/><W111/><G111/><T69/><D128/><U68/><E75/><V19/><F30/><W72/><G72/><T46/><D100/><U120/><E120/><V135/><F135/><W125/><G125/><T51/><D82/><U133/><E133/><V81/><F81/><W5/><G26/><T74/><D74/><U80/><E80/><V24/><REACH who="2" step="1"/><F41/><REACH who="2" ten="476,220,84,210" step="2"/><W113/><G67/><N who="0" m="41215" /><D1/><U79/><E2/><V34/><F34/><W107/><G32/><T110/><D110/><U129/><E10/><V127/><F127/><W73/><G28/><T47/><D6/><U7/><E7/><V132/><F132/><W61/><G5/><T16/><D16/><U43/><E116/><V71/><F71/><W122/><G70/><T9/><D9/><U27/><E68/><V59/><F59/><W91/><G65/><T101/><D101/><U78/><E119/><V64/><F64/><W130/><G103/><T29/><D29/><U98/><E83/><V123/><F123/><W11/><G122/><T134/><D134/><U48/><E22/><V23/><F23/><W88/><G11/><T131/><D131/><U99/><E129/><V93/><F93/><W0/><G130/><T44/><D58/><U21/><E21/><V77/><F77/><W112/><G106/><T35/><D35/><U94/><E78/><V49/><AGARI ba="0,1" hai="17,18,19,20,24,36,37,38,49,54,56,86,90,95" machi="49" ten="30,3000,0" yaku="1,1,0,1,53,0" doraHai="104" doraHaiUra="76" who="2" fromWho="2" sc="476,-10,220,-10,84,40,210,-10" /><INIT seed="2,1,0,5,5,74" ten="466,210,124,200" oya="2" hai0="106,102,50,32,69,99,45,126,71,134,78,83,13" hai1="43,47,39,67,90,58,61,105,15,60,22,130,3" hai2="125,109,65,2,21,17,131,100,86,123,23,51,7" hai3="54,124,33,88,16,11,24,4,133,42,29,110,59"/><V64/><F123/><W10/><G110/><T91/><D32/><U94/><E3/><V48/><F125/><W111/><G111/><T5/><D126/><U63/><E105/><V41/><F109/><W98/><G124/><T1/><D1/><U101/><E101/><V55/><F131/><W56/><G133/><T38/><D38/><U117/><E117/><V135/><F135/><W27/><G42/><T20/><D91/><U6/><E130/><V79/><F100/><W108/><G108/><T57/><D57/><U81/><E81/><N who="2" m="47423" /><F7/><W82/><G56/><T121/><D121/><U68/><E68/><V34/><F23/><W95/><G82/><T9/><D20/><U128/><E128/><V73/><F73/><W92/><G92/><T12/><D12/><U129/><E129/><V44/><F34/><W26/><G11/><T36/><D36/><U35/><E35/><V37/><F37/><W14/><REACH who="3" step="1"/><G4/><REACH who="3" ten="466,210,124,190" step="2"/><T75/><D134/><U127/><E127/><V53/><F41/><AGARI ba="1,1" hai="5,9,13,41,45,50,69,71,75,78,83,99,102,106" machi="41" ten="30,2000,0" yaku="7,1,52,1" doraHai="74" who="0" fromWho="2" sc="466,33,210,0,124,-23,190,0" /><INIT seed="3,0,0,0,4,78" ten="499,210,101,190" oya="3" hai0="39,50,23,33,99,51,56,59,126,132,26,30,100" hai1="2,130,102,17,42,81,70,11,9,45,0,16,73" hai2="29,101,4,5,19,53,77,120,87,32,21,105,14" hai3="129,85,72,37,119,107,15,27,8,46,55,115,12"/><W71/><G115/><T62/><D39/><U20/><E70/><V94/><F120/><W133/><G119/><T13/><D126/><U111/><E111/><V109/><F109/><W97/><G72/><T61/><D132/><U110/><E110/><V82/><F105/><W86/><G71/><T69/><D33/><U106/><E130/><V118/><F118/><W76/><G133/><T64/><D13/><U116/><E116/><V114/><F114/><W60/><G129/><T57/><REACH who="0" step="1"/><D62/><REACH who="0" ten="489,210,101,190" step="2"/><U44/><E2/><V117/><F117/><W58/><G15/><T43/><D43/><U92/><E42/><V49/><F32/><W22/><G37/><T128/><D128/><U10/><E0/><V41/><F41/><W63/><G63/><T113/><D113/><U96/><E9/><V103/><F29/><W91/><G12/><T84/><D84/><U95/><E10/><V68/><F4/><W74/><G86/><T83/><D83/><U123/><E81/><V127/><F127/><W40/><G85/><T3/><D3/><U98/><E11/><V80/><F80/><W93/><G8/><T36/><D36/><U112/><E112/><V35/><F5/><W18/><G40/><T28/><D28/><U79/><E73/><V121/><F35/><W124/><G124/><T54/><D54/><U31/><E31/><V134/><F87/><W66/><G74/><T75/><D75/><U25/><E79/><V24/><F134/><W135/><G76/><T122/><D122/><U131/><E123/><V47/><F121/><W104/><G135/><T108/><D108/><RYUUKYOKU ba="0,1" sc="489,15,210,-15,101,-15,190,15" hai0="23,26,30,50,51,56,57,59,61,64,69,99,100" hai3="18,22,27,46,55,58,60,66,91,93,97,104,107" /><INIT seed="3,1,1,2,2,35" ten="504,195,86,205" oya="3" hai0="7,74,104,89,92,85,33,10,29,54,75,32,28" hai1="121,37,41,58,26,9,55,2,77,73,25,94,47" hai2="12,17,23,79,127,64,71,52,124,68,20,42,76" hai3="69,21,56,93,70,91,108,86,135,120,40,63,133"/><W0/><G120/><T50/><D104/><U16/><E121/><V98/><F42/><W19/><G40/><T13/><D32/><U113/><E113/><V105/><F64/><W111/><G0/><T132/><D132/><N who="3" m="50761" /><G19/><T51/><D51/><N who="1" m="31103" /><E94/><V57/><F23/><W126/><G21/><T95/><D33/><U45/><E16/><N who="2" m="10247" /><F105/><W78/><G78/><N who="2" m="29737" /><F98/><W6/><G6/><T102/><D75/><U110/><E73/><V117/><F117/><W14/><G14/><T128/><D128/><U62/><E41/><V3/><F3/><W114/><G114/><T83/><D74/><U97/><E2/><V39/><F17/><W43/><G43/><T123/><D123/><U53/><E37/><V87/><F87/><W48/><G48/><T100/><D95/><U84/><E84/><V118/><F118/><W66/><G126/><N who="2" m="48169" /><F39/><W44/><G44/><N who="0" m="27975" /><D92/><U96/><E47/><V11/><F11/><W1/><G1/><T24/><D24/><U27/><E9/><V30/><F30/><AGARI ba="1,1" hai="7,10,13,28,29,30,83,85,89,100,102" m="27975" machi="30" ten="30,1000,0" yaku="8,1" doraHai="35" who="0" fromWho="2" sc="504,23,195,0,86,-13,205,0" /><INIT seed="4,0,0,4,1,55" ten="527,195,73,205" oya="0" hai0="102,91,36,99,79,13,109,135,29,32,100,42,80" hai1="127,86,116,48,16,126,73,66,110,130,7,56,43" hai2="88,119,78,83,103,31,77,75,93,37,118,21,58" hai3="17,30,114,0,106,20,22,39,113,51,92,60,94"/><T97/><D32/><U15/><E116/><N who="2" m="44587" /><F37/><W52/><G106/><T41/><D29/><U128/><E73/><V133/><F133/><W131/><G39/><T19/><D36/><U14/><E110/><V50/><F103/><W81/><G0/><T33/><D33/><U10/><E86/><N who="2" m="52375" /><F77/><W57/><G131/><N who="1" m="50218" /><E43/><V122/><F122/><W38/><G38/><T101/><D135/><U4/><E48/><V132/><F132/><W5/><G5/><N who="1" m="2122" /><E14/><V3/><F3/><W59/><G81/><T8/><D109/><U105/><E105/><V117/><N who="2" m="44595" /><V107/><DORA hai="64" /><F107/><W104/><G104/><T27/><D27/><U49/><E49/><V96/><F96/><W47/><G114/><T44/><D99/><U120/><E120/><V26/><F50/><W71/><G113/><T67/><D97/><U72/><E72/><V45/><F45/><W112/><G112/><T70/><D44/><U121/><E121/><V84/><F75/><W108/><G108/><T12/><D79/><U6/><N who="1" m="2130" /><U11/><DORA hai="74" /><E11/><V40/><F40/><W90/><G47/><T62/><REACH who="0" step="1"/><D12/><REACH who="0" ten="517,195,73,205" step="2"/><U2/><E2/><V68/><F78/><W115/><G115/><T76/><D76/><U111/><E111/><V89/><F26/><W61/><G30/><T25/><D25/><U34/><BYE who="2" /><E34/><UN n2="%E3%82%B5%E3%83%83%E3%83%9D%E3%83%AD%E4%B8%80%E7%95%AA%E5%91%B3%E5%99%8C" /><V129/><F129/><W54/><G90/><T18/><D18/><U53/><E16/><V9/><F31/><W125/><G17/><T63/><D63/><U24/><E24/><V85/><F89/><W124/><G61/><T69/><D69/><U134/><BYE who="2" /><E134/><RYUUKYOKU ba="0,1" sc="517,30,195,-10,73,-10,205,-10" hai0="8,13,19,41,42,62,67,70,80,91,100,101,102" /><UN n2="%E3%82%B5%E3%83%83%E3%83%9D%E3%83%AD%E4%B8%80%E7%95%AA%E5%91%B3%E5%99%8C" /><INIT seed="4,1,1,4,0,76" ten="547,185,63,195" oya="0" hai0="33,18,20,86,10,6,108,122,13,43,71,61,62" hai1="15,105,96,4,120,7,44,129,60,107,2,46,102" hai2="98,25,36,133,21,131,132,100,22,115,78,23,1" hai3="53,32,38,39,49,40,109,83,27,106,104,75,52"/><T17/><D122/><U123/><E2/><V41/><F1/><W5/><G109/><T58/><D33/><U112/><E129/><V34/><F131/><W37/><G5/><T28/><D108/><U73/><E73/><V26/><F115/><W77/><G40/><T66/><D43/><U135/><E135/><N who="2" m="51787" /><F34/><W116/><G116/><T42/><D42/><U72/><E72/><V113/><F113/><W35/><G53/><T92/><D28/><U12/><E112/><V9/><F9/><W103/><G103/><T70/><D17/><U24/><E102/><V11/><F11/><W48/><G48/><T14/><D61/><U134/><E134/><V126/><F126/><W67/><G67/><T114/><D114/><U30/><E60/><V50/><F36/><W118/><G118/><T0/><D0/><U51/><E51/><V121/><F121/><W88/><G88/><T128/><D128/><U63/><E63/><V81/><F50/><W94/><G94/><T130/><D130/><U65/><E65/><V45/><F45/><W93/><G93/><T90/><AGARI ba="1,1" hai="6,10,13,14,18,20,58,62,66,70,71,86,90,92" machi="90" ten="30,1500,0" yaku="0,1" doraHai="76" who="0" fromWho="0" sc="547,28,185,-6,63,-6,195,-6" /><INIT seed="4,2,0,5,1,118" ten="575,179,57,189" oya="0" hai0="117,65,10,40,124,91,89,55,79,134,103,25,122" hai1="119,128,110,76,7,49,92,26,46,32,100,6,3" hai2="47,98,30,102,14,68,53,77,62,44,22,113,0" hai3="56,43,87,112,24,54,45,96,4,127,101,81,105"/><T95/><D40/><U21/><E119/><V64/><F0/><W94/><G112/><T75/><D55/><U2/><E110/><V99/><F113/><W29/><G127/><T9/><D65/><U20/><E32/><V67/><F77/><W84/><G4/><T83/><D25/><U33/><E33/><V90/><F67/><W17/><G17/><T57/><D57/><U86/><E128/><V59/><F90/><N who="0" m="34314" /><D10/><U31/><E2/><V108/><F108/><W38/><G105/><T23/><D23/><U41/><E3/><V11/><F98/><W116/><G81/><T69/><D9/><U42/><E42/><V8/><F8/><W50/><REACH who="3" step="1"/><G116/><REACH who="3" ten="575,179,57,179" step="2"/><T37/><D117/><U18/><E7/><V123/><F123/><W109/><G109/><T15/><D83/><U88/><E6/><V39/><F39/><W16/><G16/><T80/><D80/><U27/><E76/><V63/><F11/><W93/><G93/><T130/><D95/><U106/><E106/><V107/><F14/><W61/><G61/><T104/><D15/><U115/><E115/><V51/><F62/><W35/><AGARI ba="2,1" hai="24,29,35,38,43,45,50,54,56,84,87,94,96,101" machi="35" ten="20,2700,0" yaku="1,1,0,1,7,1,53,0" doraHai="118" doraHaiUra="133" who="3" fromWho="3" sc="575,-15,179,-9,57,-9,179,43" /><INIT seed="5,0,0,2,0,58" ten="560,170,48,222" oya="1" hai0="60,106,119,81,22,67,31,130,21,77,25,54,47" hai1="41,61,129,10,72,53,7,33,93,83,127,110,95" hai2="24,42,96,70,134,46,115,101,116,15,14,19,49" hai3="55,87,64,94,78,23,26,76,8,13,30,108,120"/><U135/><E33/><V121/><F116/><W113/><G108/><T133/><D106/><U27/><E135/><V89/><F121/><W132/><G120/><T32/><D130/><U68/><E129/><V18/><F134/><W73/><G73/><T20/><D119/><U105/><E105/><V3/><F3/><W66/><G113/><T16/><D133/><U102/><E127/><V39/><F115/><W28/><G132/><T104/><D54/><U98/><E41/><V92/><F70/><W109/><G28/><T17/><D47/><U59/><E110/><V111/><F111/><W48/><G109/><T35/><D104/><U2/><E68/><V112/><F112/><W12/><G94/><T56/><REACH who="0" step="1"/><D32/><REACH who="0" ten="550,170,48,222" step="2"/><U63/><E53/><V100/><F24/><W65/><G55/><T40/><D40/><U69/><E27/><V85/><F39/><W117/><G117/><T107/><D107/><U52/><E52/><V126/><F126/><W128/><G128/><T122/><D122/><U125/><E125/><V57/><F46/><W84/><G26/><T4/><D4/><U79/><E7/><V34/><F42/><W91/><G65/><T29/><D29/><U0/><E0/><V51/><F34/><W5/><G30/><T88/><D88/><U82/><E2/><V11/><F49/><W50/><G50/><T103/><D103/><U75/><E102/><V124/><F124/><W97/><G48/><T1/><D1/><U36/><E36/><V118/><F101/><W131/><G131/><T6/><D6/><U62/><E79/><N who="3" m="30250" /><G64/><T86/><AGARI ba="0,1" hai="16,17,20,21,22,25,31,35,56,60,67,77,81,86" machi="86" ten="30,12000,2" yaku="1,1,5,1,0,1,52,1,54,1,53,1" doraHai="58" doraHaiUra="80" who="0" fromWho="0" sc="550,130,170,-60,48,-30,222,-30" /><INIT seed="6,0,0,1,1,41" ten="680,110,18,192" oya="2" hai0="81,13,85,132,90,30,105,76,78,6,0,84,18" hai1="119,96,21,92,53,118,112,113,100,63,42,122,114" hai2="125,94,36,129,79,44,3,60,115,12,107,48,134" hai3="34,2,99,39,5,52,55,35,108,98,131,133,64"/><V88/><F107/><W33/><G108/><T25/><D105/><U71/><E122/><V17/><F3/><W43/><G64/><T101/><D101/><U123/><E123/><V10/><F36/><W24/><G131/><T65/><D65/><N who="1" m="41407" /><E42/><N who="2" m="24599" /><F125/><W62/><G133/><T109/><D109/><U127/><E127/><V28/><F115/><W57/><G24/><T37/><D37/><U74/><E74/><V95/><F134/><W45/><REACH who="3" step="1"/><G55/><REACH who="3" ten="680,110,18,182" step="2"/><T32/><D132/><U56/><E53/><V116/><F129/><W29/><G29/><T14/><D25/><U135/><E135/><V91/><F116/><W106/><G106/><T38/><D30/><U124/><E124/><V27/><F79/><W66/><G66/><T19/><D76/><U54/><E118/><V47/><F27/><W126/><G126/><T16/><D78/><U89/><E119/><V75/><F28/><W121/><G121/><T50/><D32/><U40/><E112/><V7/><F75/><W80/><G80/><T1/><D81/><U128/><E128/><V70/><F17/><W51/><G51/><T72/><D18/><U117/><E117/><V87/><F70/><W58/><G58/><T110/><D19/><U4/><E113/><V103/><F60/><W111/><G111/><T68/><D16/><U67/><E114/><V9/><F9/><AGARI ba="0,1" hai="2,5,9,33,34,35,39,43,45,52,57,62,98,99" machi="9" ten="40,5200,0" yaku="1,1,52,1,54,1,53,0" doraHai="41" doraHaiUra="46" who="3" fromWho="2" sc="680,0,110,0,18,-52,182,62" owari="680,78.0,110,-29.0,-34,-53.4,244,4.4" /></mjloggm>