<mjloggm ver="2.3"><GO type="169" lobby="0"/><UN n0="%E3%81%95%E3%81%8F%E3%82%88%E3%81%93%E3%81%A1%E3%82%83%E3%82%93" n1="%E3%83%A2%E3%83%AD%E3%83%98%E3%82%A4%E3%83%A4" n2="%E3%82%BF%E3%82%A4%E4%BA%BA%EF%BC%A0%E3%83%90%E3%83%B3%E3%82%B3%E3%82%AF" n3="%E6%B9%98%E5%8C%97%E2%91%AD%E4%B8%89%E4%BA%95%E5%AF%BF" dan="16,16,16,16" rate="2085.43,2096.07,2162.33,2156.80" sx="F,M,M,M"/><TAIKYOKU oya="0"/><INIT seed="0,0,0,4,1,13" ten="250,250,250,250" oya="0" hai0="101,97,107,17,28,52,60,88,4,35,75,64,1" hai1="11,120,67,106,23,127,55,102,9,40,86,79,125" hai2="85,19,21,90,108,36,100,121,74,95,71,25,65" hai3="7,105,117,93,92,39,135,31,34,66,87,58,16"/><T81/><D1/><U42/><E120/><V69/><F121/><W54/><G105/><T116/><D4/><U82/><E67/><V48/><F36/><W103/><G39/><T123/><D123/><U110/><E110/><V98/><F74/><W133/><G7/><T18/><D116/><U8/><E55/><V130/><F108/><W26/><G66/><T104/><D104/><U2/><E2/><V43/><F130/><W77/><G117/><T20/><D20/><U14/><E102/><V124/><F65/><W15/><G103/><T37/><D37/><U118/><E106/><V12/><F124/><N who="1" m="47689" /><E118/><V32/><F48/><N who="3" m="31047" /><G77/><N who="0" m="44223" /><D88/><U73/><E73/><V6/><F43/><N who="1" m="16425" /><E23/><V128/><F128/><W57/><G57/><T129/><D52/><U91/><E79/><V78/><F78/><W109/><G109/><T122/><D122/><U22/><E22/><V76/><F76/><W72/><G72/><T83/><D129/><U38/><E38/><V10/><REACH who="2" step="1"/><F32/><REACH who="2" ten="250,250,240,250" step="2"/><W96/><G34/><T46/><D35/><U27/><E27/><V111/><F111/><W50/><G26/><T80/><D64/><U113/><E113/><V94/><AGARI ba="0,1" hai="6,10,12,19,21,25,69,71,85,90,94,95,98,100" machi="94" ten="20,5200,0" yaku="1,1,0,1,7,1,52,1,53,0" doraHai="13" doraHaiUra="134" who="2" fromWho="2" sc="250,-26,250,-13,240,62,250,-13" /><INIT seed="1,0,0,1,5,107" ten="224,237,302,237" oya="1" hai0="55,42,14,45,76,106,98,96,8,0,91,39,68" hai1="11,94,103,26,86,79,130,126,108,88,119,69,56" hai2="99,73,82,62,81,109,17,1,12,116,31,29,43" hai3="48,23,92,112,18,61,41,54,32,114,75,34,131"/><U78/><E69/><V27/><F116/><W102/><G131/><T19/><D68/><U46/><E119/><V120/><F1/><W4/><G4/><T38/><D38/><U80/><E130/><V15/><F120/><W90/><G102/><T57/><D0/><U44/><E126/><V122/><F122/><W101/><G101/><T128/><D128/><U9/><E108/><V127/><F43/><W84/><G41/><T74/><D106/><U70/><E70/><V67/><F109/><W134/><G61/><T95/><D76/><U72/><E78/><V24/><F99/><W10/><G10/><T7/><D7/><U30/><E56/><V21/><F127/><W113/><G75/><T47/><D47/><U65/><E65/><V104/><F104/><W105/><G105/><T36/><D36/><U110/><E103/><V132/><F73/><W71/><G71/><T20/><D8/><U77/><E77/><V66/><F21/><W5/><G5/><T124/><D124/><U3/><E110/><V2/><F2/><W28/><G28/><T37/><D37/><U51/><E46/><V117/><F62/><W63/><G63/><T35/><D35/><U97/><E72/><V93/><F117/><W6/><G6/><T16/><D19/><U123/><E3/><V85/><F67/><W125/><G125/><T100/><D74/><U121/><E121/><V59/><F66/><W40/><G40/><T129/><D129/><U133/><E123/><V135/><F59/><N who="3" m="33223" /><G134/><T60/><D100/><U33/><E133/><V64/><F64/><W87/><G87/><AGARI ba="0,0" hai="14,16,20,39,42,45,55,57,60,87,91,95,96,98" machi="87" ten="30,3900,0" yaku="6,1,7,1,54,1" doraHai="107" who="0" fromWho="3" sc="224,39,237,0,302,0,237,-39" /><INIT seed="2,0,0,4,4,40" ten="263,237,302,198" oya="2" hai0="113,105,8,38,42,120,5,9,121,104,16,47,28" hai1="132,23,66,60,131,45,13,2,72,22,106,10,88" hai2="48,69,11,73,95,126,82,43,134,90,63,125,99" hai3="78,96,91,24,129,109,123,71,31,4,44,51,102"/><V26/><F134/><W75/><G71/><T114/><D28/><U130/><E106/><V79/><F26/><W30/><G123/><N who="0" m="47179" /><D16/><U14/><E72/><V1/><F69/><W25/><G109/><T97/><D9/><U107/><E107/><N who="0" m="41033" /><D97/><U92/><E2/><AGARI ba="0,0" hai="2,5,8,38,42,47,113,114" m="41033,47179" machi="2" ten="30,2000,0" yaku="23,1,52,1" doraHai="40" who="0" fromWho="1" sc="263,20,237,-20,302,0,198,0" /><INIT seed="3,0,0,4,5,55" ten="283,217,302,198" oya="3" hai0="35,30,124,109,34,17,84,60,31,40,16,80,125" hai1="37,98,106,58,87,131,93,9,52,24,29,72,32" hai2="94,79,65,83,75,78,115,62,135,127,6,116,8" hai3="130,4,41,54,33,21,129,126,70,19,71,88,18"/><W47/><G33/><N who="0" m="12299" /><D40/><U111/><E72/><V11/><F115/><W15/><G126/><N who="0" m="48747" /><D109/><U105/><E37/><V36/><F36/><W122/><G4/><T134/><D134/><U69/><E69/><V7/><F135/><W77/><G77/><N who="0" m="46095" /><D60/><U132/><E132/><V73/><F116/><W43/><G122/><T49/><D49/><U57/><E111/><V23/><F23/><W1/><G1/><T2/><D2/><U108/><E108/><V25/><F25/><W74/><G74/><T3/><D3/><U102/><E131/><N who="3" m="50186" /><G54/><T104/><D104/><U121/><E121/><V0/><F127/><W81/><G19/><AGARI ba="0,0" hai="16,17,19,30,31" m="46095,48747,12299" machi="19" ten="30,2000,0" yaku="18,1,54,1" doraHai="55" who="0" fromWho="3" sc="283,20,217,0,302,0,198,-20" /><INIT seed="4,0,0,3,0,45" ten="303,217,302,178" oya="0" hai0="135,108,7,115,68,14,124,114,32,81,35,94,96" hai1="34,72,0,38,104,26,51,36,15,75,39,74,76" hai2="56,29,95,126,10,112,107,46,4,43,24,55,110" hai3="61,130,25,80,13,99,40,3,91,116,87,90,133"/><T12/><D68/><U1/><E104/><V28/><F107/><W106/><G116/><T120/><D120/><U85/><E15/><N who="0" m="5673" /><D124/><U23/><E34/><V97/><F110/><W92/><G3/><N who="1" m="1098" /><E85/><V8/><F126/><W48/><G130/><T42/><D7/><U47/><E76/><V65/><F4/><W134/><G106/><T89/><D108/><U70/><E70/><V57/><F112/><N who="0" m="43050" /><D135/><N who="3" m="51721" /><G25/><T59/><D42/><N who="1" m="25079" /><E23/><V79/><F79/><W6/><G61/><T20/><D59/><U105/><E105/><V67/><F57/><W113/><G113/><T63/><D63/><U44/><E44/><V53/><F56/><W102/><G40/><T101/><D20/><U132/><E132/><V5/><F46/><W33/><G33/><N who="0" m="12875" /><D81/><U64/><E26/><V109/><F5/><W62/><G62/><T117/><D117/><U88/><E88/><AGARI ba="0,0" hai="88,89,94,96,101" m="12875,43050,5673" machi="88" ten="40,3900,0" yaku="15,1,54,1" doraHai="45" who="0" fromWho="1" sc="303,39,217,-39,302,0,178,0" /><INIT seed="4,1,0,3,2,33" ten="342,178,302,178" oya="0" hai0="92,68,39,63,132,129,0,6,98,29,133,56,51" hai1="22,76,87,111,5,72,88,58,26,115,107,48,1" hai2="97,120,28,126,3,14,50,114,44,17,8,131,62" hai3="100,71,94,83,25,96,10,69,89,37,79,101,95"/><T84/><D39/><U24/><E107/><V106/><F120/><W21/><G37/><T18/><D129/><U19/><E111/><V36/><F131/><W121/><G121/><T47/><D29/><U125/><E125/><V55/><F126/><W119/><G119/><T34/><D34/><U41/><E72/><V134/><F114/><W117/><G117/><T64/><D84/><U35/><E76/><V49/><F36/><W74/><G10/><N who="0" m="2375" /><D18/><U23/><E35/><V59/><F28/><W116/><G116/><T112/><D112/><U75/><E75/><V82/><F82/><W61/><G61/><T130/><D130/><U78/><E78/><V2/><F134/><N who="0" m="51818" /><D47/><U99/><E99/><V91/><F50/><W85/><REACH who="3" step="1"/><G101/><REACH who="3" ten="342,178,302,168" step="2"/><N who="0" m="60615" /><D51/><U66/><E48/><V65/><REACH who="2" step="1"/><F91/><REACH who="2" ten="342,178,292,168" step="2"/><W52/><G52/><T113/><D113/><U15/><E88/><V128/><F128/><W127/><G127/><T86/><D63/><U43/><E115/><V9/><F9/><W11/><G11/><T31/><D64/><U38/><E66/><V20/><F20/><W32/><G32/><T124/><D124/><U16/><E23/><V108/><F108/><W67/><G67/><T104/><D68/><U90/><E22/><V13/><F13/><W60/><G60/><T57/><D31/><AGARI ba="1,2" hai="21,25,31,69,71,74,79,83,85,89,94,95,96,100" machi="31" ten="30,2000,0" yaku="1,1,7,1,53,0" doraHai="33" doraHaiUra="110" who="3" fromWho="0" sc="342,-23,178,0,292,0,168,43" /><INIT seed="5,0,0,4,3,77" ten="319,178,292,211" oya="1" hai0="125,80,88,105,129,71,28,114,62,115,45,10,30" hai1="58,79,95,0,128,69,53,39,84,41,27,118,112" hai2="25,110,116,132,81,67,124,126,127,49,54,106,55" hai3="91,108,103,86,89,61,57,51,60,59,130,111,40"/><U101/><E0/><V134/><F116/><W48/><G103/><T78/><D129/><U29/><E69/><V1/><F1/><W47/><G130/><T133/><D133/><N who="2" m="51306" /><F106/><W20/><G111/><T5/><D105/><U52/><E128/><V56/><F25/><W4/><G4/><T85/><D125/><U64/><E118/><V120/><F81/><N who="3" m="49359" /><G108/><T131/><D131/><U18/><E18/><V21/><F21/><W98/><G20/><T34/><D45/><U19/><E19/><V90/><F90/><W36/><G36/><T31/><D34/><U2/><E2/><V46/><F110/><W87/><G98/><T13/><REACH who="0" step="1"/><D78/><REACH who="0" ten="309,178,292,211" step="2"/><U75/><E79/><V76/><F76/><W37/><G37/><T65/><AGARI ba="0,1" hai="5,10,13,28,30,31,62,65,71,80,85,88,114,115" machi="65" ten="30,8000,1" yaku="1,1,2,1,0,1,52,1,54,1,53,0" doraHai="77" doraHaiUra="96" who="0" fromWho="0" sc="309,90,178,-40,292,-20,211,-20" /><INIT seed="6,0,0,5,3,23" ten="399,138,272,191" oya="2" hai0="84,70,21,112,52,130,63,120,20,43,3,62,122" hai1="53,91,46,50,71,94,110,76,129,109,73,96,56" hai2="33,107,103,80,32,29,39,89,34,58,65,13,1" hai3="24,60,93,100,7,27,8,72,113,97,40,88,135"/><V108/><F39/><W28/><G72/><T6/><D112/><U42/><E71/><V17/><F1/><W45/><G113/><T75/><D75/><U4/><E129/><V55/><F65/><W37/><G135/><T47/><D130/><U115/><E115/><V57/><F108/><W83/><G28/><T18/><D84/><U105/><E105/><V48/><F103/><W90/><G60/><T61/><D70/><U10/><E73/><V30/><F107/><W128/><G128/><T79/><D79/><U5/><E76/><V31/><F80/><W51/><G37/><T12/><D21/><U44/><E44/><V106/><F89/><N who="3" m="34411" /><G83/><T14/><D3/><U64/><E64/><V59/><REACH who="2" step="1"/><F106/><REACH who="2" ten="399,138,262,191" step="2"/><W67/><G67/><T117/><D122/><U9/><E110/><V104/><F104/><W92/><G93/><T81/><D120/><U134/><E109/><V131/><F131/><W116/><G116/><T125/><D117/><U87/><E134/><V82/><F82/><W16/><G7/><T74/><D81/><U25/><E96/><V123/><F123/><W101/><G100/><T36/><D6/><U19/><E5/><V41/><F41/><W118/><G118/><T132/><D43/><U119/><E4/><V11/><AGARI ba="0,1" hai="11,13,17,29,30,31,32,33,34,48,55,57,58,59" machi="11" ten="40,3900,0" yaku="1,1,0,1,53,0" doraHai="23" doraHaiUra="0" who="2" fromWho="2" sc="399,-13,138,-13,262,49,191,-13" /><INIT seed="6,1,0,4,3,5" ten="386,125,311,178" oya="2" hai0="71,84,75,110,85,132,82,12,90,48,62,135,58" hai1="96,111,3,116,94,44,4,24,17,40,27,113,88" hai2="129,34,28,37,114,69,15,9,86,2,76,124,63" hai3="64,100,99,89,131,102,32,26,23,118,119,39,127"/><V38/><F114/><W6/><G39/><T21/><D110/><U7/><E111/><V14/><F129/><W130/><G32/><T73/><D71/><U74/><E74/><V121/><F121/><W52/><G64/><T25/><D48/><U95/><E116/><V107/><F107/><W31/><G127/><T91/><D12/><U13/><E3/><V108/><F124/><W67/><G67/><N who="0" m="39383" /><D85/><U43/><E113/><V30/><F108/><W0/><G89/><T19/><D91/><U77/><E77/><V57/><F69/><W83/><G83/><T115/><D115/><U59/><E59/><V20/><F2/><W50/><G118/><T81/><D81/><U72/><E72/><V93/><F34/><W87/><G87/><T128/><D128/><N who="3" m="49193" /><G99/><T103/><D103/><U106/><E106/><V41/><F41/><W126/><G126/><T22/><D22/><U105/><E105/><V49/><F49/><W109/><G119/><T101/><D101/><U36/><E40/><V92/><F38/><W112/><G112/><T65/><D65/><U51/><E36/><V61/><F37/><W46/><G109/><T55/><D55/><U123/><E123/><V54/><F63/><W78/><G78/><T122/><D122/><U33/><E95/><N who="2" m="36427" /><F86/><W134/><G134/><AGARI ba="1,0" hai="19,21,25,73,75,82,84,90,132,134,135" m="39383" machi="134" ten="30,1000,0" yaku="20,1" doraHai="5" who="0" fromWho="3" sc="386,13,125,0,311,0,178,-13" /><INIT seed="7,0,0,5,5,94" ten="399,125,311,165" oya="3" hai0="133,49,81,77,53,12,24,89,31,85,41,56,108" hai1="76,120,112,39,84,96,128,65,111,97,42,1,87" hai2="106,51,71,88,75,107,114,54,6,36,5,33,68" hai3="45,18,93,104,101,50,103,11,67,8,14,72,26"/><W74/><G104/><T21/><D108/><U66/><E1/><V79/><F36/><W83/><G67/><N who="1" m="25610" /><E111/><V0/><F33/><W119/><G119/><T46/><D133/><U125/><E120/><V135/><F135/><W90/><G74/><T2/><D2/><U124/><E112/><V109/><F109/><W130/><G130/><T122/><D122/><U126/><E128/><V110/><F110/><W58/><G72/><T38/><D12/><U17/><E17/><V34/><F34/><W13/><G83/><T52/><D53/><U28/><E28/><V63/><F63/><W27/><G58/><T44/><D44/><N who="1" m="23647" /><E87/><V105/><F79/><W92/><G93/><T22/><D22/><U59/><E59/><V15/><F75/><W64/><G64/><T131/><D131/><U32/><E32/><V7/><F0/><W132/><G132/><T70/><D70/><U60/><E60/><V69/><F114/><W37/><G37/><T55/><D55/><U116/><E116/><V127/><F15/><W9/><G27/><T117/><D117/><U82/><AGARI ba="0,0" hai="76,82,84,96,97,124,125,126" m="23647,25610" machi="82" ten="40,5200,0" yaku="18,1,52,2" doraHai="94" who="1" fromWho="1" sc="399,-13,125,52,311,-13,165,-26" owari="386,48.6,177,-22.3,298,9.8,139,-36.1" /></mjloggm>