<mjloggm ver="2.3"><GO type="169" lobby="0"/><UN n0="%4D%75%64%46%6C%6F%77" n1="%E3%83%A9%E3%83%B3%E3%82%B0%E3%83%A9" n2="%E3%81%9F%E3%81%BE%E3%82%82%E3%82%84%E3%82%93" n3="%71%75%61%72%6B" dan="16,16,16,16" rate="2117.75,2078.40,2094.69,2039.76" sx="M,M,F,M"/><TAIKYOKU oya="0"/><INIT seed="0,0,0,0,3,5" ten="250,250,250,250" oya="0" hai0="83,10,91,85,74,127,80,42,2,79,25,53,61" hai1="76,22,1,49,27,87,133,8,28,39,11,126,48" hai2="110,108,97,66,69,105,117,0,13,82,102,99,101" hai3="135,71,125,100,103,9,84,45,94,34,134,24,7"/><T64/><D127/><U113/><E39/><V65/><F0/><W62/><G125/><T106/><D106/><U40/><E126/><V50/><F50/><W18/><G45/><T121/><D121/><U20/><E1/><V115/><F115/><W130/><G130/><T112/><D112/><U124/><E124/><V123/><F123/><W3/><G84/><T16/><D42/><U77/><E113/><V12/><F82/><W51/><G51/><N who="1" m="19530" /><E40/><V114/><F114/><W33/><G71/><T55/><D55/><U96/><E133/><N who="3" m="50698" /><G62/><T70/><D53/><U31/><E96/><V118/><REACH who="2" step="1"/><F69/><REACH who="2" ten="250,250,240,250" step="2"/><W129/><G129/><T59/><D70/><U15/><E77/><V119/><F119/><W6/><G3/><T17/><REACH who="0" step="1"/><D25/><REACH who="0" ten="240,250,240,250" step="2"/><N who="1" m="16423" /><E15/><V44/><F44/><W14/><G24/><T37/><D37/><U60/><E60/><V86/><F86/><W52/><G14/><T67/><D67/><U81/><AGARI ba="0,2" hai="8,11,22,27,31,76,81,87" m="16423,19530" machi="81" ten="30,4000,0" yaku="8,1,52,2" doraHai="5" who="1" fromWho="1" sc="240,-20,250,60,240,-10,250,-10" /><INIT seed="1,0,0,5,0,104" ten="220,310,230,240" oya="1" hai0="78,16,30,125,37,128,83,122,59,73,47,4,31" hai1="57,50,126,69,41,28,25,48,15,93,12,130,9" hai2="66,40,79,3,123,53,108,18,35,109,106,6,115" hai3="68,127,65,124,89,38,62,13,7,131,55,67,45"/><U5/><E69/><V22/><F123/><W117/><G131/><T49/><D128/><U61/><E130/><V129/><F129/><W10/><G117/><T88/><D125/><N who="3" m="48201" /><G89/><T21/><D122/><U99/><E126/><V91/><F79/><W76/><G76/><T98/><D4/><U71/><E15/><V96/><F40/><N who="3" m="22679" /><G67/><T58/><D37/><U26/><E71/><V8/><F66/><W97/><G97/><T51/><D51/><U134/><E41/><V81/><F115/><W39/><G39/><T29/><D98/><U105/><E105/><V17/><F81/><W64/><G64/><T118/><D88/><N who="1" m="55719" /><E134/><V110/><F53/><AGARI ba="0,0" hai="7,10,13,53,55,62,65,68" m="22679,48201" machi="53" ten="30,1000,0" yaku="18,1" doraHai="104" who="3" fromWho="2" sc="220,0,310,0,230,-10,240,10" /><INIT seed="2,0,0,5,3,132" ten="220,310,220,250" oya="2" hai0="31,95,64,103,115,79,105,1,58,51,130,93,32" hai1="128,74,55,131,108,36,53,98,111,94,110,37,71" hai2="113,112,126,92,52,82,86,135,0,83,28,23,15" hai3="123,72,80,11,39,30,47,57,42,25,20,24,125"/><V104/><F104/><W54/><G123/><T68/><D1/><U34/><E34/><V65/><F135/><W49/><G11/><T2/><D2/><U129/><E71/><V87/><F0/><W60/><G125/><T3/><D3/><U75/><E94/><V69/><F69/><W33/><G72/><N who="1" m="27690" /><E98/><V29/><F65/><W35/><G80/><T70/><D79/><U27/><E27/><V77/><F126/><W100/><G100/><T13/><D13/><U61/><E61/><V22/><F92/><W81/><G81/><T67/><D51/><U107/><E107/><V14/><REACH who="2" step="1"/><F77/><REACH who="2" ten="220,310,210,250" step="2"/><W8/><G35/><T101/><D105/><U97/><E97/><V121/><F121/><W89/><G33/><T21/><D32/><U62/><E62/><V116/><F116/><W38/><G60/><T45/><D67/><U44/><E44/><V84/><F84/><W106/><G47/><T5/><D64/><U26/><E26/><V19/><F19/><W90/><G25/><T127/><D45/><U102/><E102/><V88/><F88/><W40/><G106/><T119/><D103/><U43/><E43/><N who="3" m="16426" /><G90/><T114/><D101/><U120/><E120/><V85/><F85/><W117/><G89/><T41/><D70/><U10/><E55/><AGARI ba="0,1" hai="14,15,22,23,28,29,52,55,82,83,86,87,112,113" machi="55" ten="25,9600,0" yaku="1,1,22,2,54,1,53,0" doraHai="132" doraHaiUra="4" who="2" fromWho="1" sc="220,0,310,-96,210,106,250,0" /><INIT seed="2,1,0,2,4,8" ten="220,214,316,250" oya="2" hai0="7,38,50,112,102,62,134,41,19,52,64,78,70" hai1="2,132,88,27,33,77,119,109,120,66,44,97,95" hai2="37,20,99,73,46,11,26,101,6,45,39,16,60" hai3="55,53,63,25,113,59,71,36,56,9,65,122,21"/><V61/><F73/><W127/><G122/><T75/><D112/><U100/><E2/><V69/><F45/><W67/><G127/><T80/><D134/><U40/><E119/><V14/><F46/><W82/><G113/><T121/><D121/><U129/><E120/><V89/><F89/><W93/><G36/><T85/><D7/><U131/><E132/><V4/><F4/><W81/><G71/><T34/><D34/><U104/><E66/><V1/><F69/><W13/><G93/><T94/><D19/><U86/><E109/><V18/><F39/><W106/><G106/><T54/><D38/><U96/><E96/><V83/><F37/><W107/><G107/><T98/><D41/><U15/><E77/><V130/><F83/><N who="3" m="31755" /><G21/><T58/><REACH who="0" step="1"/><D54/><REACH who="0" ten="210,214,316,250" step="2"/><U108/><E108/><V32/><F32/><W24/><G55/><T133/><D133/><U87/><E33/><V48/><F18/><N who="3" m="8495" /><G67/><T128/><D128/><U29/><E40/><V28/><F130/><W123/><G123/><T31/><D31/><U76/><E131/><V74/><F28/><W47/><G47/><T0/><D0/><U23/><E129/><V110/><F1/><W84/><G65/><T22/><D22/><U117/><E44/><V68/><F110/><W126/><G53/><T116/><D116/><U125/><E117/><V79/><F6/><W5/><G5/><T43/><D43/><U51/><E23/><V91/><F20/><W42/><G42/><T3/><D3/><U35/><E35/><V49/><F16/><W103/><G126/><T10/><D10/><U57/><E125/><RYUUKYOKU ba="1,1" sc="210,30,214,-10,316,-10,250,-10" hai0="50,52,58,62,64,70,75,78,80,85,94,98,102" /><INIT seed="3,2,1,5,1,51" ten="240,204,306,240" oya="3" hai0="9,26,47,134,41,29,7,82,99,45,100,114,58" hai1="5,8,16,76,10,56,32,4,129,115,112,15,79" hai2="96,108,39,44,130,84,94,69,60,106,90,49,132" hai3="125,40,24,20,88,104,67,13,87,63,53,135,11"/><W57/><G135/><T128/><D134/><U105/><E105/><V37/><F132/><W42/><G125/><T120/><D120/><U3/><E32/><V36/><F108/><W121/><G104/><T6/><D128/><U62/><E129/><V75/><F130/><W52/><G121/><T0/><D6/><U65/><REACH who="1" step="1"/><E4/><REACH who="1" ten="240,194,306,240" step="2"/><V19/><F106/><W116/><G116/><T35/><D114/><AGARI ba="2,2" hai="3,5,8,10,15,16,56,62,65,76,79,112,114,115" machi="114" ten="40,8000,1" yaku="1,1,2,1,54,1,53,1" doraHai="51" doraHaiUra="59" who="1" fromWho="0" sc="240,-86,194,106,306,0,240,0" /><INIT seed="4,0,0,0,5,118" ten="154,300,306,240" oya="0" hai0="26,68,58,113,49,44,125,65,23,129,54,128,20" hai1="94,43,114,6,121,36,33,32,123,14,25,81,66" hai2="40,60,48,89,70,69,76,92,112,73,45,41,9" hai3="42,10,122,105,8,130,124,100,7,59,71,97,131"/><T22/><D113/><U63/><E36/><V18/><F73/><W126/><G71/><T116/><D116/><U87/><E43/><V83/><F41/><W91/><G42/><T21/><D125/><N who="3" m="48233" /><G59/><T55/><D68/><U101/><E114/><V120/><F120/><W109/><G109/><T39/><D65/><U11/><E94/><V53/><F112/><W96/><G122/><T24/><D39/><U27/><E101/><V34/><F34/><W46/><G46/><T30/><REACH who="0" step="1"/><D26/><REACH who="0" ten="144,300,306,240" step="2"/><U3/><E27/><V72/><F70/><W61/><G131/><T103/><D103/><U78/><E25/><V135/><F69/><W64/><G130/><T84/><D84/><U29/><E66/><V35/><F72/><W74/><G74/><T77/><D77/><U111/><E87/><V37/><F76/><W12/><G64/><T47/><D47/><U52/><E78/><V104/><F45/><W15/><G100/><T62/><AGARI ba="0,1" hai="20,21,22,23,24,30,44,49,54,55,58,62,128,129" machi="62" ten="30,3000,0" yaku="1,1,0,1,53,0" doraHai="118" doraHaiUra="110" who="0" fromWho="0" sc="144,40,300,-10,306,-10,240,-10" /><INIT seed="4,1,0,2,1,23" ten="184,290,296,230" oya="0" hai0="95,107,24,126,55,37,88,5,102,4,78,86,92" hai1="65,124,100,56,105,120,27,12,127,40,103,57,101" hai2="28,61,39,14,83,32,106,116,6,29,128,15,122" hai3="16,111,18,33,34,63,97,2,130,74,50,41,48"/><T44/><D126/><N who="1" m="48171" /><E120/><V109/><F106/><W131/><G111/><T10/><D78/><U66/><E105/><V31/><F61/><W20/><G74/><T11/><D107/><U118/><E118/><V42/><F83/><W71/><G2/><T98/><D37/><U90/><E40/><V21/><F42/><W67/><G97/><T69/><D69/><U114/><E12/><N who="2" m="4651" /><F39/><W108/><G108/><T53/><D24/><U62/><E114/><V117/><F122/><W52/><G41/><T82/><D82/><U22/><E90/><V99/><F99/><W70/><G63/><T35/><D35/><U134/><E134/><V64/><F64/><N who="1" m="24681" /><E62/><V17/><F109/><W115/><G67/><T110/><D110/><U123/><E123/><V76/><F32/><W129/><G115/><T9/><REACH who="0" step="1"/><D44/><REACH who="0" ten="174,290,296,230" step="2"/><U3/><E3/><V84/><F76/><W75/><G129/><T54/><AGARI ba="1,1" hai="4,5,9,10,11,53,54,55,86,88,92,95,98,102" machi="54" ten="30,18000,2" yaku="1,1,2,1,0,1,8,1,54,1,53,1" doraHai="23" doraHaiUra="80" who="0" fromWho="0" sc="174,193,290,-61,296,-61,230,-61" /><INIT seed="4,2,0,0,1,26" ten="367,229,235,169" oya="0" hai0="77,57,4,62,101,93,28,29,55,23,122,61,49" hai1="35,27,95,66,31,30,44,106,33,111,103,87,119" hai2="58,36,7,3,42,15,20,107,32,52,65,64,130" hai3="118,76,125,96,51,117,124,43,134,24,81,54,97"/><T73/><D122/><U135/><E111/><V10/><F107/><W129/><G43/><T50/><D73/><U71/><E119/><N who="3" m="45578" /><G54/><N who="0" m="31951" /><D77/><U59/><E135/><V38/><F130/><W121/><G51/><T39/><D39/><U48/><E71/><V56/><F56/><W99/><G24/><N who="0" m="16415" /><D4/><U37/><E106/><V16/><F38/><W70/><G70/><T22/><D22/><U89/><E37/><V47/><REACH who="2" step="1"/><F32/><REACH who="2" ten="367,229,225,169" step="2"/><W34/><G34/><T1/><D62/><AGARI ba="2,1" hai="3,7,10,15,16,20,36,42,47,52,58,62,64,65" machi="62" ten="30,8000,1" yaku="1,1,2,1,7,1,54,2,53,0" doraHai="26" doraHaiUra="90" who="2" fromWho="0" sc="367,-86,229,0,225,96,169,0" /><INIT seed="5,0,0,2,5,93" ten="281,229,321,169" oya="1" hai0="6,98,114,43,57,117,47,99,28,122,2,45,73" hai1="51,75,13,118,33,55,25,130,44,27,8,39,32" hai2="88,97,0,79,103,124,81,83,90,52,66,127,69" hai3="132,116,26,23,19,49,36,58,115,84,94,111,64"/><U1/><E118/><V110/><F0/><W9/><G111/><T131/><D117/><U20/><E75/><V70/><F110/><W82/><G36/><T29/><D73/><U104/><E130/><V125/><F52/><N who="3" m="32015" /><G116/><T95/><D131/><U63/><E1/><V77/><F66/><W87/><G132/><T38/><D114/><U11/><E104/><N who="2" m="63599" /><F69/><W5/><G115/><T106/><D47/><U71/><E39/><V60/><F60/><W67/><G94/><T107/><D57/><U133/><E25/><V121/><F70/><W30/><G87/><T128/><D128/><U112/><E133/><V10/><F10/><W72/><G72/><T126/><D6/><U14/><E112/><V129/><F121/><W31/><G5/><T54/><D2/><U12/><E71/><V50/><F50/><W61/><G61/><T105/><D54/><U16/><REACH who="1" step="1"/><E63/><REACH who="1" ten="281,219,321,169" step="2"/><V108/><F129/><W85/><G31/><T78/><D28/><U21/><E21/><V37/><F37/><W41/><G30/><T113/><D29/><U65/><E65/><V101/><F108/><W3/><G67/><T135/><D113/><U35/><AGARI ba="0,1" hai="8,11,12,13,14,16,20,27,32,33,35,44,51,55" machi="35" ten="40,7800,0" yaku="1,1,0,1,54,1,53,0" doraHai="93" doraHaiUra="68" who="1" fromWho="1" sc="281,-26,219,88,321,-26,169,-26" /><INIT seed="5,1,0,1,3,2" ten="255,307,295,143" oya="1" hai0="11,21,122,56,113,75,28,96,126,47,94,127,45" hai1="55,19,131,46,89,63,24,29,34,133,23,62,67" hai2="123,98,115,69,30,27,129,52,77,50,33,42,0" hai3="101,99,106,35,109,6,44,124,58,97,84,125,117"/><U85/><E131/><V114/><F123/><W79/><G35/><T10/><D75/><U91/><E133/><V105/><F129/><W49/><G109/><T51/><D113/><N who="2" m="43018" /><F0/><W1/><G117/><T8/><D122/><U93/><E67/><V112/><F69/><W53/><G99/><T61/><D21/><U39/><E91/><V86/><F42/><W87/><G44/><T48/><D28/><U104/><E104/><V37/><F37/><W31/><G31/><T17/><D17/><U119/><E119/><V71/><F71/><W32/><G32/><T132/><D132/><U65/><E65/><V128/><F128/><W36/><G36/><T111/><D111/><U43/><REACH who="1" step="1"/><E55/><REACH who="1" ten="255,297,295,143" step="2"/><V100/><F112/><W4/><G79/><T66/><D126/><N who="3" m="48745" /><G1/><T107/><D107/><U59/><E59/><N who="2" m="33175" /><F77/><W74/><G74/><T90/><D127/><U5/><E5/><AGARI ba="1,1" hai="4,5,6,49,53,58,84,87,97,101,106" m="48745" machi="5" ten="30,7700,0" yaku="18,1,52,3" doraHai="2" who="3" fromWho="1" sc="255,0,297,-80,295,0,143,90" /><INIT seed="6,0,0,5,3,25" ten="255,217,295,233" oya="2" hai0="18,130,75,77,55,53,15,31,27,120,97,0,24" hai1="58,95,96,128,106,8,131,47,122,30,1,28,113" hai2="82,37,33,22,10,73,116,134,125,52,84,78,50" hai3="115,74,123,21,80,13,11,29,2,85,34,98,83"/><V71/><F116/><W94/><G123/><T88/><D120/><U61/><E122/><V132/><F33/><W35/><G2/><T62/><D0/><U44/><E106/><V70/><F37/><W119/><G119/><T99/><D130/><N who="1" m="49707" /><E113/><V68/><F125/><W114/><G74/><T38/><D38/><U104/><E104/><V117/><F117/><W112/><G21/><N who="0" m="15759" /><D75/><U49/><E8/><V12/><F22/><W109/><G109/><T19/><D77/><U6/><E6/><V90/><F78/><N who="3" m="46231" /><G83/><T56/><D27/><U89/><E1/><V9/><F73/><W133/><G133/><N who="2" m="51305" /><F12/><W4/><G29/><N who="1" m="11370" /><E49/><V100/><F100/><AGARI ba="0,0" hai="4,11,13,34,35,94,98,100,112,114,115" m="46231" machi="100" ten="30,2000,0" yaku="15,1,11,1" doraHai="25" who="3" fromWho="2" sc="255,0,217,0,295,-20,233,20" /><INIT seed="7,0,0,3,1,32" ten="255,217,275,253" oya="3" hai0="80,14,109,35,94,38,58,54,66,77,127,0,15" hai1="104,95,108,85,64,53,100,96,61,73,114,134,39" hai2="68,37,120,8,57,27,99,63,116,26,88,52,13" hai3="124,87,4,60,65,129,72,69,12,41,132,92,33"/><W67/><G72/><T45/><D35/><U105/><E108/><V121/><F37/><W49/><G33/><T81/><D109/><U42/><E73/><V115/><F68/><W119/><G119/><T29/><D29/><U44/><E114/><V50/><F50/><W7/><G132/><T130/><D0/><U90/><E134/><V76/><F76/><W34/><G34/><T5/><D130/><U91/><E53/><V1/><F1/><W20/><G129/><T43/><D66/><U133/><E133/><V98/><F98/><W125/><G67/><T111/><D111/><U83/><REACH who="1" step="1"/><E100/><REACH who="1" ten="255,207,275,253" step="2"/><V84/><F115/><W75/><G75/><T122/><D54/><U126/><E126/><V18/><F116/><W123/><G125/><T86/><D127/><U74/><E74/><V110/><F110/><W59/><G124/><T70/><D122/><N who="2" m="47210" /><F99/><W71/><G123/><T51/><D86/><U103/><E103/><V30/><F30/><W128/><G128/><T107/><D43/><U56/><AGARI ba="0,1" hai="39,42,44,56,61,64,83,85,90,91,95,96,104,105" machi="56" ten="20,2700,0" yaku="1,1,0,1,7,1,53,0" doraHai="32" doraHaiUra="135" who="1" fromWho="1" sc="255,-7,207,37,275,-7,253,-13" /><INIT seed="8,0,0,5,1,111" ten="248,244,268,240" oya="0" hai0="84,58,12,80,11,64,27,39,23,108,102,94,36" hai1="104,83,14,4,71,54,66,95,105,133,10,63,125" hai2="101,19,69,42,90,47,59,35,32,30,81,34,45" hai3="120,16,118,3,1,87,130,70,9,51,18,86,61"/><T88/><D108/><U38/><E125/><V13/><F69/><W22/><G118/><T41/><D41/><U98/><E133/><V92/><F30/><W85/><G130/><T100/><D39/><U53/><E38/><V77/><F101/><W82/><G120/><T115/><D115/><U43/><E43/><V78/><F59/><W110/><G110/><T107/><D107/><U109/><E109/><V29/><F29/><W31/><G51/><T121/><D36/><U25/><E83/><V46/><F81/><W55/><G82/><T134/><D134/><U5/><E5/><V60/><F60/><W48/><G31/><N who="0" m="17919" /><D121/><U15/><E25/><V132/><F42/><W99/><G99/><T97/><D58/><U79/><E79/><V89/><F132/><W128/><G128/><T119/><D119/><U7/><E105/><V91/><F92/><W50/><G1/><T68/><D68/><U116/><E104/><V17/><F17/><W75/><G75/><T67/><D102/><U26/><E26/><V62/><F62/><W20/><G3/><T117/><D117/><U126/><E126/><V135/><F135/><W40/><G40/><T73/><D73/><U74/><E74/><V129/><F129/><W0/><G70/><T72/><D72/><U56/><E116/><V65/><F65/><W52/><G61/><T106/><D106/><U123/><E123/><V93/><F93/><W28/><G28/><T33/><D33/><U37/><E37/><V8/><AGARI ba="0,0" hai="8,13,19,32,34,35,45,46,47,77,78,89,90,91" machi="8" ten="40,5200,0" yaku="0,1,29,2" doraHai="111" who="2" fromWho="2" sc="248,-26,244,-13,268,52,240,-13" owari="222,-27.8,231,3.1,320,42.0,227,-17.3" /></mjloggm>