<mjloggm ver="2.3"><GO type="169" lobby="0"/><UN n0="%E3%81%9D%E3%81%86%E3%81%9F%E3%81%A3%E3%81%9F" n1="%61%6B%61%69%6B%69" n2="%E3%82%A2%E3%83%A9%E3%82%B5%E3%83%BC%E3%81%A0%E3%82%88%21%21" n3="%E3%81%B5%E3%81%98%E3%81%8A" dan="16,17,18,16" rate="2201.25,2215.13,2229.16,2127.46" sx="M,M,F,M"/><TAIKYOKU oya="0"/><INIT seed="0,0,0,2,3,14" ten="250,250,250,250" oya="0" hai0="28,17,44,11,135,37,111,59,131,119,48,93,32" hai1="106,120,12,36,1,25,74,89,21,92,40,85,3" hai2="133,19,70,86,118,29,69,57,34,109,4,132,77" hai3="108,82,10,116,9,50,13,2,107,100,126,51,72"/><T66/><D119/><U6/><E120/><V35/><F109/><W54/><G116/><T95/><D37/><U71/><E71/><V30/><F118/><W61/><G108/><T102/><D131/><U112/><E106/><V24/><F4/><W20/><G126/><T41/><D135/><N who="2" m="51786" /><F57/><W55/><G2/><T79/><D79/><U123/><E74/><V76/><F19/><W5/><G61/><T49/><D111/><U18/><E123/><V38/><F38/><W104/><G20/><T110/><D32/><N who="2" m="12330" /><F86/><W64/><G64/><T7/><D110/><U98/><E85/><V15/><F15/><W130/><G130/><T101/><D17/><U56/><E56/><V65/><F65/><W63/><G63/><T124/><D124/><U45/><REACH who="1" step="1"/><E112/><REACH who="1" ten="250,240,250,250" step="2"/><V88/><F70/><W0/><G72/><T62/><D59/><U73/><E73/><V128/><F69/><W87/><G107/><T75/><D75/><U115/><E115/><V90/><F128/><W97/><G87/><T22/><D66/><U125/><E125/><V99/><F99/><W67/><G97/><T134/><D134/><U43/><E43/><V52/><F77/><W42/><G42/><T23/><D41/><U81/><E81/><V39/><F76/><W33/><G82/><T8/><D95/><U16/><E16/><V46/><F30/><W94/><G104/><T122/><D93/><U83/><E83/><V26/><F29/><W114/><G94/><T129/><D28/><U105/><E105/><V27/><F39/><W127/><G114/><T58/><D122/><U31/><E31/><RYUUKYOKU ba="0,1" sc="250,-15,240,15,250,15,250,-15" hai1="1,3,6,12,18,21,25,36,40,45,89,92,98" hai2="24,26,27,46,52,88,90" /><INIT seed="1,1,1,1,5,117" ten="235,255,265,235" oya="1" hai0="13,135,76,21,37,89,35,77,100,30,90,28,112" hai1="34,88,26,25,41,4,14,55,44,17,54,116,5" hai2="0,36,92,111,132,32,10,98,29,91,6,131,99" hai3="122,51,33,11,82,53,128,105,84,130,70,7,95"/><U74/><E116/><V27/><F111/><W64/><G105/><T119/><D37/><U60/><E74/><V3/><F36/><W134/><G33/><T22/><D35/><U93/><E34/><V61/><F132/><W123/><G134/><T133/><D119/><U86/><E26/><V106/><F131/><N who="3" m="50219" /><G95/><T83/><D13/><U19/><E25/><V102/><REACH who="2" step="1"/><F61/><REACH who="2" ten="235,255,255,235" step="2"/><N who="3" m="40207" /><G51/><T118/><D118/><U127/><E60/><V46/><F46/><W103/><G103/><T56/><D100/><U85/><E44/><V81/><F81/><W43/><G43/><T20/><D83/><U16/><E41/><V120/><F120/><N who="3" m="46123" /><G53/><T48/><D133/><U39/><E39/><V78/><F78/><N who="3" m="46167" /><G11/><T126/><D48/><U52/><E127/><V23/><F23/><W18/><G7/><N who="1" m="2634" /><E86/><V73/><F73/><W58/><G18/><T75/><D135/><U110/><E110/><V9/><F9/><AGARI ba="1,2" hai="9,14,16,17,19,52,54,55,85,88,93" m="2634" machi="9" ten="30,11600,0" yaku="8,1,54,3" doraHai="117" who="1" fromWho="2" sc="235,0,255,139,255,-119,235,0" /><INIT seed="1,2,0,4,3,100" ten="235,394,136,235" oya="1" hai0="44,84,115,75,49,95,108,22,2,121,25,51,114" hai1="98,29,12,134,13,63,48,59,124,58,113,57,109" hai2="33,91,15,107,111,27,67,92,133,76,36,87,3" hai3="72,88,83,77,53,5,85,101,129,31,1,66,64"/><U21/><E113/><V32/><F3/><W104/><G129/><T70/><D75/><U11/><E124/><V103/><F111/><W120/><G120/><T71/><D2/><U118/><E118/><V20/><F133/><W26/><G53/><T50/><D44/><U43/><E134/><V62/><F36/><W52/><G5/><T78/><D108/><U123/><E109/><V55/><F76/><W81/><G1/><T131/><D131/><U82/><E123/><V102/><F55/><W28/><G28/><T80/><D95/><U37/><E37/><V35/><F15/><W38/><G38/><T61/><D121/><U47/><E98/><V105/><F103/><W125/><G125/><T16/><REACH who="0" step="1"/><D61/><REACH who="0" ten="225,394,136,235" step="2"/><U132/><E132/><V94/><F94/><W117/><G117/><T128/><D128/><U19/><E82/><V68/><REACH who="2" step="1"/><F102/><REACH who="2" ten="225,394,126,235" step="2"/><W18/><G101/><T106/><D106/><U126/><E126/><V6/><F6/><W74/><G104/><T93/><D93/><U69/><E63/><V112/><F112/><AGARI ba="2,2" hai="16,22,25,49,50,51,70,71,78,80,84,112,114,115" machi="112" ten="40,2600,0" yaku="1,1,54,1,53,0" doraHai="100" doraHaiUra="86" who="0" fromWho="2" sc="225,52,394,0,126,-32,235,0" /><INIT seed="2,0,0,1,1,61" ten="277,394,94,235" oya="2" hai0="133,1,6,40,20,30,132,109,120,57,72,12,66" hai1="36,92,97,86,18,10,35,63,7,89,46,128,100" hai2="59,70,37,117,134,131,76,44,43,110,94,71,13" hai3="99,42,85,48,24,51,115,27,82,91,108,107,65"/><V75/><F117/><W15/><G108/><T22/><D72/><U118/><E118/><V21/><F134/><N who="0" m="51818" /><D40/><U5/><E35/><V69/><F131/><W33/><G115/><T129/><D57/><U62/><E128/><V28/><F110/><W96/><G15/><T103/><D103/><U49/><E36/><V45/><F45/><W119/><G119/><T31/><D66/><U95/><E18/><V9/><F59/><W114/><G114/><T112/><D109/><U53/><REACH who="1" step="1"/><E7/><REACH who="1" ten="277,384,94,235" step="2"/><V88/><F28/><W2/><G33/><T87/><D6/><U64/><E64/><V122/><F122/><W78/><G65/><T56/><D30/><U84/><E84/><V3/><F75/><W8/><G85/><T123/><D87/><U98/><E98/><V54/><F76/><W101/><G96/><T41/><D31/><U47/><E47/><V80/><F44/><W16/><G99/><T14/><D129/><U130/><E130/><V17/><F17/><W11/><G16/><T77/><D120/><U127/><E127/><V73/><F73/><W34/><G34/><T135/><D123/><U121/><E121/><V67/><F67/><W32/><G32/><T25/><D135/><U113/><E113/><V79/><F79/><W50/><G78/><T126/><D77/><U105/><E105/><V29/><F37/><W124/><G107/><T102/><D126/><U106/><E106/><V0/><F29/><W52/><G124/><T26/><D112/><U58/><E58/><V93/><F69/><W4/><G4/><T90/><D56/><U125/><E125/><RYUUKYOKU ba="0,1" sc="277,-10,384,30,94,-10,235,-10" hai1="5,10,46,49,53,62,63,86,89,92,95,97,100" /><INIT seed="3,1,1,5,4,84" ten="267,414,84,225" oya="3" hai0="105,62,114,80,68,75,124,15,4,30,130,108,74" hai1="8,129,98,22,97,59,41,134,79,13,21,121,44" hai2="48,111,86,127,83,47,18,29,103,96,23,101,33" hai3="92,112,64,106,95,135,31,99,132,3,77,57,81"/><W35/><G3/><T109/><D105/><U100/><E121/><V125/><F111/><W43/><G112/><T131/><D30/><U115/><E115/><V9/><F29/><W19/><G43/><T117/><D114/><U36/><E129/><N who="0" m="49161" /><D124/><N who="2" m="47690" /><F33/><W52/><G64/><N who="0" m="40983" /><D117/><U90/><E134/><N who="3" m="51242" /><G19/><T60/><D60/><U42/><E79/><V11/><F23/><W128/><G128/><T7/><D80/><U20/><E42/><N who="2" m="24695" /><F18/><W1/><G1/><T14/><D4/><U6/><E100/><N who="2" m="38475" /><F96/><W85/><G106/><T58/><D7/><U91/><REACH who="1" step="1"/><E59/><REACH who="1" ten="267,404,84,225" step="2"/><V70/><F70/><W118/><G118/><T40/><D58/><U122/><E122/><V116/><F116/><W88/><G77/><AGARI ba="1,2" hai="9,11,77,83,86" m="38475,24695,47690" machi="77" ten="30,1000,0" yaku="18,1" doraHai="84" who="2" fromWho="3" sc="267,0,404,0,84,33,225,-13" /><INIT seed="4,0,0,5,4,32" ten="267,404,117,212" oya="0" hai0="134,86,23,12,119,35,10,84,133,74,83,20,116" hai1="0,13,48,68,61,55,132,90,72,121,53,42,49" hai2="25,112,88,15,110,39,28,97,125,118,4,98,27" hai3="76,78,130,104,127,108,44,115,43,114,66,9,95"/><T85/><D35/><U111/><E121/><V38/><F110/><W80/><G108/><T71/><D71/><U91/><E111/><V34/><F118/><W73/><G104/><T126/><D20/><U5/><E72/><V124/><F112/><W92/><G130/><T128/><D23/><U100/><E132/><N who="0" m="50793" /><D12/><U36/><E13/><V6/><F15/><W56/><G127/><T37/><D37/><U33/><E33/><V41/><F34/><W135/><G135/><T3/><D10/><U30/><E30/><V67/><F67/><W75/><G9/><T129/><D3/><U14/><E14/><V17/><F88/><W58/><G66/><T102/><D102/><U70/><E100/><V106/><F106/><W7/><G7/><T40/><D40/><U105/><E105/><V19/><REACH who="2" step="1"/><F41/><REACH who="2" ten="267,404,107,212" step="2"/><W113/><G78/><N who="0" m="44503" /><D126/><U94/><E42/><V82/><F82/><W62/><G75/><T99/><D99/><U46/><E0/><V87/><F87/><W52/><REACH who="3" step="1"/><G58/><REACH who="3" ten="267,404,107,202" step="2"/><T2/><D2/><U120/><E68/><V96/><F96/><W21/><G21/><T47/><D119/><U64/><E70/><V101/><F101/><W79/><G79/><T59/><D59/><U22/><E22/><V11/><F11/><W60/><G60/><T63/><D116/><U26/><E61/><V24/><F24/><W54/><G54/><T122/><D63/><U107/><E64/><V51/><F51/><AGARI ba="0,2" hai="43,44,51,52,56,62,73,76,80,92,95,113,114,115" machi="51" ten="40,5200,0" yaku="1,1,15,1,54,1,53,0" doraHai="32" doraHaiUra="123" who="3" fromWho="2" sc="267,0,404,0,107,-52,202,72" /><INIT seed="5,0,0,4,2,121" ten="267,404,55,274" oya="1" hai0="114,82,97,128,52,47,27,4,124,119,134,26,118" hai1="28,5,56,102,123,127,126,43,64,58,1,94,12" hai2="0,129,41,85,103,23,15,49,32,68,120,36,14" hai3="45,115,89,16,8,131,44,98,125,75,30,117,73"/><U21/><E123/><V109/><F120/><W60/><G115/><T29/><D114/><U108/><E43/><V7/><F32/><W33/><G131/><T71/><D71/><U57/><E64/><V67/><F129/><W96/><G125/><N who="1" m="47626" /><E1/><V72/><F72/><W106/><G117/><T55/><D4/><U65/><E65/><V42/><F103/><W19/><G60/><T91/><D124/><U84/><E5/><V59/><F85/><W113/><G113/><T40/><D134/><U112/><E112/><V92/><F23/><W130/><G130/><T132/><D132/><U135/><E135/><V80/><F0/><W88/><G8/><T110/><D40/><U100/><E108/><V105/><F109/><W133/><G133/><T122/><D110/><U90/><E28/><V101/><F36/><W37/><G30/><T83/><D29/><U18/><AGARI ba="0,0" hai="12,18,21,56,57,58,84,90,94,100,102" m="47626" machi="18" ten="40,2100,0" yaku="18,1" doraHai="121" who="1" fromWho="1" sc="267,-7,404,21,55,-7,274,-7" /><INIT seed="5,1,0,2,3,78" ten="260,425,48,267" oya="1" hai0="3,110,33,12,50,108,20,54,44,39,124,14,69" hai1="46,27,115,80,0,64,24,9,106,52,121,135,75" hai2="32,107,26,63,59,109,30,15,76,126,125,13,4" hai3="97,37,41,92,116,25,2,112,22,19,130,91,40"/><U72/><E121/><V111/><F107/><W60/><G112/><T10/><D33/><U89/><E106/><V98/><F98/><W42/><G130/><T47/><D69/><U38/><E64/><V79/><F79/><W128/><G128/><T100/><D3/><U65/><E65/><V122/><F76/><W120/><G120/><T48/><D39/><U90/><E115/><V51/><F51/><W29/><G2/><T8/><D20/><U114/><E114/><V101/><F101/><W99/><G116/><T134/><D100/><U56/><E135/><V127/><F122/><W70/><G37/><T132/><REACH who="0" step="1"/><D54/><REACH who="0" ten="250,425,48,267" step="2"/><U18/><E0/><V57/><F109/><W103/><G70/><T6/><D6/><U85/><E38/><V58/><F111/><W84/><G103/><T35/><D35/><U62/><E52/><V86/><F4/><W49/><G22/><T53/><D53/><U82/><E9/><V83/><REACH who="2" step="1"/><F63/><REACH who="2" ten="250,425,38,267" step="2"/><W117/><G60/><T43/><D43/><U5/><E5/><V68/><F68/><W102/><G42/><T81/><D81/><U61/><E82/><V123/><F123/><W119/><G41/><T7/><D7/><U71/><E80/><V74/><F74/><N who="1" m="28201" /><E61/><V96/><F96/><W23/><G97/><T67/><D67/><U105/><E62/><V73/><F73/><W55/><G117/><T88/><D88/><U45/><E90/><V28/><F28/><W131/><G119/><T34/><D34/><U17/><E89/><V21/><F21/><W113/><G29/><T36/><D36/><U1/><E71/><RYUUKYOKU ba="1,2" sc="250,15,425,-15,38,15,267,-15" hai0="8,10,12,14,44,47,48,50,108,110,124,132,134" hai2="13,15,26,30,32,57,58,59,83,86,125,126,127" /><INIT seed="6,2,2,1,0,43" ten="265,410,53,252" oya="2" hai0="32,20,37,121,2,70,65,126,129,46,30,112,56" hai1="35,75,15,94,123,104,1,52,133,29,14,17,116" hai2="48,62,105,27,102,122,10,96,108,19,115,72,98" hai3="34,16,71,97,66,114,128,21,24,36,26,58,57"/><V7/><F115/><W86/><G36/><T63/><D2/><U85/><E116/><V8/><F122/><W74/><G74/><T73/><D73/><U100/><E1/><V90/><F72/><W78/><G114/><T31/><D32/><U38/><E75/><V132/><F132/><W44/><G128/><T25/><D121/><U49/><E38/><V113/><F113/><W93/><G71/><T109/><D109/><U120/><E104/><V95/><F108/><W127/><G127/><T89/><D129/><U69/><E69/><V6/><F62/><W0/><G0/><T107/><D107/><U33/><E15/><V61/><F61/><W80/><G66/><T110/><D126/><U59/><E133/><V134/><F134/><W42/><G26/><T68/><D31/><U111/><E111/><V135/><F135/><W82/><G82/><T12/><D12/><U131/><E131/><V117/><F117/><W11/><G11/><N who="2" m="4137" /><F48/><N who="3" m="26647" /><G34/><N who="1" m="12810" /><E29/><V91/><F91/><AGARI ba="2,2" hai="16,21,24,57,58,78,80,86,91,93,97" m="26647" machi="91" ten="30,3900,0" yaku="8,1,52,1,54,1" doraHai="43" who="3" fromWho="2" sc="265,0,410,0,53,-45,252,65" /><INIT seed="7,0,0,3,5,50" ten="265,410,8,317" oya="3" hai0="78,45,132,124,65,12,103,126,121,3,11,104,30" hai1="105,86,41,35,21,23,83,106,99,112,111,27,118" hai2="60,52,56,130,94,18,76,0,115,73,117,82,109" hai3="72,17,55,110,31,88,57,87,4,91,81,102,34"/><W19/><G110/><T116/><D65/><U61/><E111/><V16/><F109/><W26/><G72/><T7/><D45/><U129/><E112/><V43/><F117/><W123/><G123/><T89/><D89/><U70/><E129/><V92/><F130/><W119/><G119/><T20/><D103/><N who="1" m="62719" /><E41/><V75/><F115/><W40/><G40/><T134/><D78/><N who="1" m="46455" /><E106/><V90/><F73/><W28/><G102/><T49/><D49/><U84/><E84/><V58/><F0/><W38/><G38/><T114/><D104/><U36/><E36/><V79/><F79/><W108/><G108/><T133/><D114/><U24/><E24/><V44/><F92/><W66/><G66/><T22/><D116/><U42/><E42/><V46/><F58/><W39/><G39/><T54/><D54/><U135/><E135/><V67/><F67/><W68/><G68/><T113/><D113/><U131/><E131/><V125/><F125/><N who="0" m="48234" /><D121/><U100/><E100/><V5/><F5/><W80/><G4/><N who="0" m="3175" /><D30/><N who="1" m="19935" /><E118/><V15/><F43/><W64/><G64/><AGARI ba="0,0" hai="21,23,61,64,70" m="19935,46455,62719" machi="64" ten="30,1000,0" yaku="25,1" doraHai="50" who="1" fromWho="3" sc="265,0,410,10,8,0,317,-10" owari="265,-13.5,420,52.0,8,-49.2,307,10.7" /></mjloggm>