<mjloggm ver="2.3"><GO type="225" lobby="0"/><UN n0="%E7%B4%94%E6%BD%94%E3%83%94%E3%83%A9%E3%83%8B%E3%82%A2" n1="%43%55%4B%45%59" n2="%E5%B0%8F%E9%B3%A5%E9%81%8A%E7%B7%B4%E7%84%A1%32%31%E6%AD%B3" n3="%72%61%6B%33" dan="16,16,16,16" rate="2176.72,2062.90,2153.65,2093.43" sx="M,M,F,M"/><TAIKYOKU oya="0"/><INIT seed="0,0,0,1,4,79" ten="250,250,250,250" oya="0" hai0="125,60,132,99,39,83,51,55,122,32,58,37,80" hai1="26,73,67,40,81,101,134,13,23,0,2,98,102" hai2="43,97,90,89,115,124,72,3,129,121,9,14,82" hai3="38,86,93,92,78,130,24,94,53,47,6,16,19"/><T107/><D122/><U88/><E134/><V28/><F121/><W85/><G130/><T119/><D119/><U15/><E0/><V42/><F3/><W50/><G38/><T103/><D32/><U64/><E2/><V29/><F115/><W48/><G6/><T77/><D132/><U104/><E40/><N who="2" m="15403" /><F129/><W33/><G33/><T10/><D125/><U65/><E73/><V41/><F72/><W61/><G24/><T113/><D113/><U118/><E118/><V57/><N who="2" m="15411" /><V63/><DORA hai="84" /><F97/><W31/><G31/><N who="2" m="11849" /><F82/><N who="3" m="47319" /><G50/><T131/><D131/><U114/><E114/><V27/><F27/><W18/><G61/><T105/><D105/><U46/><E104/><V20/><F20/><W30/><G30/><T127/><D127/><U87/><E46/><V62/><F124/><W75/><G75/><T34/><D34/><U106/><REACH who="1" step="1"/><E102/><REACH who="1" ten="250,240,250,250" step="2"/><V116/><F116/><W1/><G1/><T70/><D37/><U59/><E59/><V128/><F128/><W76/><G76/><T21/><D39/><U25/><E25/><V74/><F74/><W8/><G8/><T123/><D123/><U12/><E12/><V45/><F45/><W17/><N who="3" m="4096" /><DORA hai="44" /><W112/><G112/><T133/><D133/><U56/><E56/><V108/><F57/><W95/><N who="3" m="23552" /><DORA hai="126" /><W35/><G35/><T120/><D120/><U52/><E52/><V96/><F14/><W100/><G86/><T4/><D77/><U5/><E5/><V69/><F9/><W36/><G36/><T11/><D11/><U71/><E71/><V49/><F69/><W117/><G117/><RYUUKYOKU ba="0,1" sc="250,-15,240,15,250,-15,250,15" hai1="13,15,23,26,64,65,67,81,87,88,98,101,106" hai3="47,48,53,100" /><INIT seed="1,1,1,3,2,78" ten="235,255,235,265" oya="1" hai0="87,28,125,4,1,91,34,133,31,52,112,21,114" hai1="62,33,44,134,75,98,29,26,27,76,3,5,94" hai2="118,70,122,102,117,106,65,79,38,7,50,49,15" hai3="55,10,69,73,17,101,99,80,56,41,83,36,22"/><U45/><E134/><V12/><F38/><W47/><G69/><T116/><D116/><U30/><E62/><V8/><F122/><W97/><G10/><T105/><D105/><U6/><E75/><V63/><F12/><W108/><G108/><T121/><D121/><U89/><E76/><V71/><F71/><W46/><G46/><T16/><D133/><U18/><E18/><V92/><F106/><W84/><G73/><T107/><D107/><U53/><E3/><V0/><F0/><W104/><G84/><T60/><D125/><U51/><REACH who="1" step="1"/><E45/><REACH who="1" ten="235,245,235,265" step="2"/><V81/><F118/><W119/><G119/><T14/><D1/><U86/><E86/><V127/><F117/><W126/><G126/><T82/><D4/><U130/><E130/><V66/><F127/><W67/><G99/><T131/><D131/><U88/><E88/><V90/><F66/><W35/><G67/><T37/><D37/><U95/><E95/><V124/><F124/><W39/><G39/><T135/><D135/><U93/><E93/><V42/><F90/><W77/><G77/><T113/><REACH who="0" step="1"/><D34/><AGARI ba="1,2" hai="5,6,26,27,29,30,33,34,44,51,53,89,94,98" machi="34" ten="30,5800,0" yaku="1,1,7,1,9,1,53,0" doraHai="78" doraHaiUra="54" who="1" fromWho="0" sc="235,-61,245,81,235,0,265,0" /><INIT seed="1,2,0,5,2,34" ten="174,326,235,265" oya="1" hai0="11,130,127,111,64,89,36,37,52,135,117,90,33" hai1="118,22,103,80,46,112,79,91,125,9,67,74,86" hai2="48,65,8,100,15,0,23,98,19,116,119,92,70" hai3="84,49,110,44,53,10,13,63,134,4,93,7,27"/><U108/><E118/><V71/><F48/><W96/><G110/><T1/><D117/><U68/><E125/><V40/><F40/><W122/><G122/><T121/><D33/><U58/><E112/><V6/><REACH who="2" step="1"/><F71/><REACH who="2" ten="174,326,225,265" step="2"/><W106/><G49/><T124/><D121/><U115/><E68/><V51/><F51/><W83/><G44/><T18/><D111/><U72/><E46/><V5/><F5/><W94/><G4/><T105/><D124/><U41/><E41/><V16/><F16/><W77/><G7/><T21/><D127/><U113/><E108/><V35/><F35/><W131/><G131/><T25/><D130/><U14/><E113/><V132/><F132/><W69/><G69/><T50/><D135/><U97/><E115/><V76/><F76/><W133/><G77/><T95/><D36/><U24/><E79/><V30/><F30/><W61/><G134/><T123/><D37/><U87/><E58/><V109/><F109/><W2/><G133/><T17/><D123/><U42/><E42/><V12/><F12/><W88/><G13/><T120/><D120/><U47/><E47/><V56/><F56/><W45/><G45/><T39/><D39/><U28/><E72/><V57/><F57/><W43/><G43/><T99/><D1/><U55/><E74/><V129/><F129/><W82/><G2/><T66/><D17/><U85/><E55/><V102/><F102/><W114/><G53/><T38/><D38/><U29/><E29/><V54/><F54/><W26/><G114/><T78/><D78/><U81/><E28/><V32/><F32/><RYUUKYOKU ba="2,1" sc="174,-10,326,-10,225,30,265,-10" hai2="0,6,8,15,19,23,65,70,92,98,100,116,119" /><INIT seed="2,3,1,3,5,47" ten="164,316,255,255" oya="2" hai0="37,4,67,125,61,91,123,15,35,48,68,127,70" hai1="63,19,76,133,52,132,117,105,122,93,104,131,38" hai2="18,32,78,92,60,40,66,36,42,62,75,121,107" hai3="82,7,58,129,25,64,96,24,45,55,115,26,3"/><V23/><F32/><W27/><G129/><T116/><D35/><U65/><E38/><V71/><F107/><W73/><G115/><T46/><D123/><U87/><E122/><V2/><F121/><W119/><G119/><T108/><D116/><U103/><E117/><V81/><F2/><W39/><G96/><T90/><D68/><U31/><E31/><V6/><F6/><W113/><G64/><T130/><D37/><U126/><E126/><N who="0" m="48137" /><D130/><U49/><E131/><V1/><F1/><W20/><G7/><T98/><D98/><N who="1" m="59855" /><E19/><V84/><F36/><W51/><G3/><T134/><D134/><N who="1" m="51819" /><E76/><V59/><F92/><W109/><G113/><T16/><D108/><U14/><E14/><V29/><F29/><W0/><G0/><T50/><D4/><U9/><E9/><V77/><F78/><W111/><G39/><T43/><D48/><U41/><E87/><V124/><F84/><W57/><G73/><T100/><D100/><U33/><E33/><V106/><F124/><W22/><G111/><T95/><D95/><U118/><E118/><V10/><F106/><W85/><G109/><T80/><D80/><U135/><E135/><V102/><F102/><W28/><REACH who="3" step="1"/><G20/><AGARI ba="3,1" hai="15,16,20,43,46,50,61,67,70,90,91" m="48137" machi="20" ten="30,3900,0" yaku="18,1,52,1,54,1" doraHai="47" who="0" fromWho="3" sc="164,58,316,0,255,0,255,-48" /><INIT seed="3,0,0,5,3,47" ten="222,316,255,207" oya="3" hai0="76,129,26,48,89,108,75,134,105,111,77,18,34" hai1="6,78,90,64,24,113,103,57,44,45,8,104,125" hai2="133,81,115,94,110,119,51,31,128,13,97,16,40" hai3="84,50,17,55,69,27,71,1,114,132,37,107,33"/><W95/><G114/><T11/><D105/><U126/><E78/><N who="0" m="30313" /><D75/><U61/><E24/><V63/><F115/><W23/><G107/><T101/><D101/><U43/><E90/><V49/><F119/><W87/><G37/><T35/><D134/><U98/><E113/><V122/><F40/><W12/><G132/><T62/><D62/><U70/><E57/><V29/><F110/><N who="0" m="42026" /><D129/><U28/><E28/><N who="2" m="10827" /><F128/><W80/><G1/><T58/><D89/><U86/><E86/><V2/><F2/><W20/><G33/><T68/><D68/><U19/><E19/><V38/><F38/><W41/><G41/><T130/><D130/><U118/><E118/><V56/><F81/><W96/><G71/><T39/><D39/><U4/><E43/><V65/><F122/><W124/><G69/><T59/><D59/><U15/><E6/><V99/><F133/><W10/><G124/><AGARI ba="0,0" hai="4,8,15,44,45,61,64,70,98,103,104,124,125,126" machi="124" ten="40,1300,0" yaku="18,1" doraHai="47" who="1" fromWho="3" sc="222,0,316,13,255,0,207,-13" owari="222,-17.8,329,42.9,255,5.5,194,-30.6" /></mjloggm>