<mjloggm ver="2.3"><GO type="169" lobby="0"/><UN n0="%E3%82%88%E3%81%97%E3%81%A0%E3%81%84%E3%81%9F%E3%82%8B" n1="%E3%81%97%E3%82%87%E3%81%86%40%34%38%36%39" n2="%E3%81%82%E3%81%BE%E3%81%82%E3%82%93" n3="%E3%83%95%E3%83%AB%E3%82%BC%E3%83%B3%E3%83%84%E3%81%8F%E3%82%93" dan="16,16,17,16" rate="2168.52,2146.00,2128.82,2179.31" sx="M,M,M,F"/><TAIKYOKU oya="0"/><INIT seed="0,0,0,4,5,65" ten="250,250,250,250" oya="0" hai0="83,103,128,61,27,91,77,68,10,57,93,53,81" hai1="135,66,104,94,24,63,97,1,126,19,130,0,52" hai2="6,5,75,46,42,22,100,113,85,67,62,36,132" hai3="54,33,20,9,90,45,40,98,58,106,108,28,49"/><T2/><D128/><U111/><E130/><V31/><F75/><W71/><G106/><T124/><D124/><U14/><E104/><V30/><F113/><W89/><G108/><T129/><D129/><U48/><E111/><V96/><F132/><W41/><G33/><T69/><D103/><U109/><E135/><V17/><F85/><W47/><G9/><T92/><D92/><U43/><E43/><V15/><F30/><W102/><G71/><T120/><D120/><U50/><E24/><V7/><F31/><W76/><G76/><T3/><D27/><U114/><E48/><V18/><F18/><W133/><G20/><T105/><D105/><U107/><E107/><V125/><F125/><W87/><G28/><T12/><D3/><U23/><E114/><V117/><F117/><W110/><G90/><T25/><D25/><U64/><E64/><V118/><F118/><W32/><G32/><T38/><D38/><U51/><E51/><V88/><F100/><W112/><G112/><T34/><D2/><U116/><E109/><V79/><F79/><W74/><G74/><T60/><D60/><U35/><E35/><V29/><F29/><W37/><G133/><T123/><D123/><U101/><E126/><V78/><F78/><W11/><G11/><T122/><D122/><U134/><E116/><V56/><F88/><W59/><G110/><T72/><D83/><U131/><E131/><V86/><F86/><W73/><G73/><T21/><D34/><U16/><E134/><V55/><F96/><W80/><G40/><T8/><D72/><U82/><E101/><RYUUKYOKU ba="0,0" sc="250,-15,250,-15,250,15,250,15" hai2="5,6,7,15,17,22,36,42,46,55,56,62,67" hai3="37,41,45,47,49,54,58,59,80,87,89,98,102" /><INIT seed="1,1,0,4,1,123" ten="235,235,265,265" oya="1" hai0="122,130,37,3,48,75,71,112,26,35,15,20,19" hai1="96,76,55,4,133,110,81,84,25,49,54,128,85" hai2="43,131,124,121,23,12,102,72,69,58,66,100,31" hai3="57,11,113,119,126,50,77,5,74,103,117,82,65"/><U13/><E133/><V39/><F121/><W18/><G113/><T109/><RYUUKYOKU type="yao9" ba="1,0" sc="235,0,235,0,265,0,265,0" hai0="3,15,19,20,26,35,37,48,71,75,109,112,122,130" /><INIT seed="1,2,0,3,5,62" ten="235,235,265,265" oya="1" hai0="131,75,1,4,25,26,49,34,119,59,103,7,40" hai1="15,112,77,96,98,129,29,134,72,91,71,17,74" hai2="83,57,51,8,16,10,81,20,113,135,102,48,80" hai3="114,37,118,130,66,22,44,45,32,121,128,99,90"/><U79/><E29/><V11/><F135/><W14/><G121/><T132/><D75/><N who="1" m="28715" /><E17/><V38/><F38/><W109/><G114/><T30/><D119/><U97/><E15/><V35/><F35/><W53/><G32/><T41/><D59/><U23/><E23/><V110/><F110/><W120/><G109/><T84/><D49/><U92/><E71/><V95/><F113/><W94/><G118/><T125/><D132/><U50/><E50/><V19/><F19/><N who="3" m="10615" /><G37/><T133/><D133/><U36/><E36/><V86/><F57/><W88/><G53/><T107/><D30/><U61/><E61/><V55/><F55/><W123/><G90/><T124/><D1/><U104/><E134/><V67/><F67/><W52/><G66/><T43/><D43/><U28/><E28/><V122/><F122/><N who="3" m="46635" /><G52/><T82/><D41/><U108/><E108/><V65/><F65/><W93/><G93/><T126/><D40/><U100/><E112/><V115/><F115/><W18/><G18/><T117/><D117/><U46/><E46/><V47/><F47/><W6/><G6/><T70/><D7/><U33/><E33/><V69/><F69/><W63/><G63/><T21/><D70/><U85/><E129/><AGARI ba="2,0" hai="44,45,88,94,99,128,129,130" m="46635,10615" machi="129" ten="30,2000,0" yaku="19,1,54,1" doraHai="62" who="3" fromWho="1" sc="235,0,235,-26,265,0,265,26" /><INIT seed="2,0,0,1,0,33" ten="235,209,265,291" oya="2" hai0="54,3,93,112,117,98,52,70,49,78,6,133,16" hai1="40,0,4,31,5,75,63,97,135,115,85,58,64" hai2="65,128,7,25,95,125,56,130,91,94,102,18,24" hai3="15,10,19,76,35,83,129,110,17,103,59,14,99"/><V41/><F7/><W92/><G110/><T11/><D112/><U42/><E75/><V57/><F41/><W39/><G129/><T101/><D133/><U71/><E115/><V21/><F125/><W23/><G35/><T36/><D36/><U73/><E73/><V55/><F25/><W60/><G39/><T47/><D117/><U32/><E135/><V46/><F102/><W123/><G123/><T90/><D70/><U100/><E85/><V45/><F94/><W124/><G124/><T37/><D37/><U50/><E58/><V72/><F72/><W105/><G105/><T86/><D78/><U28/><E28/><V122/><F122/><W68/><G68/><T114/><D114/><U89/><E89/><V9/><F9/><W26/><G26/><T120/><D120/><U87/><E87/><V13/><F24/><W121/><G121/><T104/><REACH who="0" step="1"/><D16/><REACH who="0" ten="225,209,265,291" step="2"/><U111/><E71/><V38/><F38/><W61/><G59/><T118/><D118/><U113/><E113/><V84/><F130/><W79/><G76/><T82/><D82/><U134/><E134/><V106/><F128/><W43/><G43/><AGARI ba="0,1" hai="3,6,11,43,47,49,52,54,86,90,93,98,101,104" machi="43" ten="30,7700,0" yaku="1,1,7,1,52,1,54,1,53,0" doraHai="33" doraHaiUra="69" who="0" fromWho="3" sc="225,87,209,0,265,0,291,-77" /><INIT seed="3,0,0,0,1,5" ten="312,209,265,214" oya="3" hai0="65,25,82,58,36,31,100,61,107,71,37,18,111" hai1="0,103,44,70,7,120,35,77,102,130,131,52,6" hai2="79,29,10,75,93,33,57,1,4,99,98,78,132" hai3="41,24,46,119,23,9,15,62,39,101,94,42,135"/><W121/><G119/><T133/><D111/><U96/><E120/><V69/><F69/><W38/><G121/><T19/><D133/><U67/><E77/><V125/><F132/><W12/><G135/><T55/><D82/><U40/><E35/><V27/><F125/><W87/><G62/><T3/><D3/><U113/><E113/><V108/><F108/><W97/><G87/><T126/><D126/><U105/><E103/><V2/><F2/><W95/><G95/><T26/><D26/><U88/><E52/><V22/><F75/><W60/><G60/><T13/><D58/><U14/><E14/><V110/><F110/><W91/><G101/><T54/><D37/><U51/><E67/><V106/><F106/><W124/><G124/><T117/><D36/><U74/><E74/><V50/><F33/><W68/><G68/><T84/><D84/><U32/><E32/><V48/><F98/><W115/><G115/><T66/><D66/><U28/><E28/><V30/><F30/><W59/><G59/><T118/><D19/><U90/><E70/><V109/><F109/><W134/><G134/><T89/><D89/><N who="1" m="34411" /><E0/><V34/><F34/><W80/><G80/><T72/><D72/><U112/><E112/><V64/><F64/><W129/><G39/><T16/><D118/><U127/><E127/><V86/><F57/><W47/><G38/><T49/><D117/><U11/><E6/><V43/><F86/><W81/><G81/><T116/><D116/><U20/><E20/><V104/><F78/><W45/><G23/><N who="0" m="11663" /><D71/><U128/><E128/><V17/><F79/><RYUUKYOKU ba="0,0" sc="312,-10,209,30,265,-10,214,-10" hai1="7,11,40,44,51,96,102,105,130,131" /><INIT seed="4,1,0,1,4,68" ten="302,239,255,204" oya="0" hai0="20,59,129,57,130,117,111,75,79,16,64,110,1" hai1="91,127,38,77,84,22,61,4,119,132,135,32,105" hai2="70,53,93,112,18,80,121,44,17,103,6,0,47" hai3="46,8,83,109,102,33,25,52,133,39,26,101,62"/><T126/><D1/><U35/><E105/><V27/><F121/><W28/><G109/><N who="0" m="41483" /><D117/><U45/><E119/><V92/><F70/><W118/><G118/><T54/><D126/><U113/><E77/><V58/><F0/><W37/><G133/><T104/><D104/><U34/><E4/><V14/><F112/><W82/><G8/><T88/><D64/><U10/><E10/><V60/><F6/><W86/><G83/><N who="0" m="45567" /><D88/><U87/><E127/><V73/><F73/><W116/><G116/><T30/><D30/><U31/><E113/><V65/><F80/><W43/><G25/><N who="0" m="14471" /><D54/><U9/><E84/><V51/><F103/><W2/><G2/><T98/><D98/><U122/><E122/><V74/><F74/><W42/><G86/><T50/><D50/><U100/><E100/><V55/><F27/><W49/><G82/><T69/><D69/><U94/><E61/><V3/><F3/><W72/><G72/><T134/><D134/><U5/><E31/><V125/><F125/><W29/><G28/><T78/><D78/><U19/><E135/><V114/><F114/><W67/><G67/><T71/><D71/><U128/><E132/><V120/><F120/><W36/><G62/><T99/><D99/><U97/><E97/><V63/><F63/><W24/><G24/><T124/><D124/><U13/><E87/><V48/><REACH who="2" step="1"/><F18/><REACH who="2" ten="302,239,245,204" step="2"/><W107/><G107/><T90/><D90/><U11/><E91/><V96/><F96/><W40/><AGARI ba="1,1" hai="26,29,33,36,37,39,40,42,43,46,49,52,101,102" machi="40" ten="40,8000,1" yaku="0,1,52,3,54,1" doraHai="68" who="3" fromWho="3" sc="302,-41,239,-21,245,-21,204,93" /><INIT seed="5,0,0,4,0,83" ten="261,218,224,297" oya="1" hai0="99,94,74,29,16,114,127,119,112,105,87,8,41" hai1="34,91,48,81,96,98,44,51,116,2,39,62,19" hai2="1,13,68,90,65,117,131,89,60,67,77,115,78" hai3="124,61,7,38,50,25,40,59,106,21,14,9,132"/><U46/><E116/><V30/><F1/><W10/><G106/><T55/><D119/><U93/><E34/><V79/><F117/><W45/><G132/><T18/><D74/><U88/><E2/><V24/><F131/><W130/><G130/><T63/><D127/><U97/><E39/><V107/><F107/><W104/><G104/><T134/><D41/><U35/><E35/><V4/><F67/><W12/><G124/><T69/><D29/><U15/><E62/><V56/><F68/><W6/><G38/><T5/><D105/><U71/><E71/><V3/><F3/><W33/><G33/><T128/><D128/><U95/><E81/><V64/><F64/><W111/><G111/><T80/><D99/><U123/><E98/><V72/><F72/><W32/><G32/><T103/><D94/><U82/><E82/><V22/><REACH who="2" step="1"/><F115/><REACH who="2" ten="261,218,214,297" step="2"/><W113/><G113/><T70/><D70/><U126/><E126/><V129/><F129/><W100/><G100/><T52/><D103/><U43/><E123/><V49/><F49/><W47/><G50/><N who="1" m="18986" /><E43/><V122/><F122/><W73/><G73/><T101/><D101/><U120/><E120/><V42/><F42/><W125/><G40/><T109/><D114/><U76/><E44/><V84/><F84/><W75/><G75/><T133/><D112/><U121/><E46/><V85/><F85/><W66/><G125/><T110/><D69/><U37/><E37/><V108/><F108/><W102/><G102/><T17/><D110/><U86/><E121/><V20/><F20/><W53/><G66/><T92/><D109/><RYUUKYOKU ba="0,1" sc="261,-15,218,-15,214,15,297,15" hai2="4,13,22,24,30,56,60,65,77,78,79,89,90" hai3="6,7,9,10,12,14,21,25,45,47,53,59,61" /><INIT seed="6,1,1,3,4,70" ten="246,203,229,312" oya="2" hai0="3,135,17,113,42,75,53,10,104,38,68,93,76" hai1="105,134,9,69,125,119,65,51,106,77,99,44,97" hai2="18,46,130,19,28,26,95,72,73,120,33,22,66" hai3="116,117,128,14,74,49,34,0,87,103,1,98,60"/><V114/><F120/><W81/><G74/><T102/><D53/><U124/><E119/><V96/><F114/><W13/><G34/><T63/><D93/><U129/><E77/><V89/><F130/><W107/><G128/><T108/><D17/><U78/><E78/><V132/><F132/><W88/><G0/><T101/><D108/><U111/><E129/><V121/><F121/><W61/><G1/><T71/><D102/><U21/><E111/><V92/><F66/><W109/><G109/><T57/><D57/><U123/><E123/><V35/><F19/><W58/><G49/><T131/><D63/><N who="1" m="40127" /><E21/><V64/><F64/><W2/><G2/><T27/><D27/><U30/><E9/><V55/><F35/><W59/><G116/><T115/><D135/><U12/><E12/><V82/><F82/><W8/><G117/><T54/><D54/><N who="1" m="30055" /><E30/><V25/><REACH who="2" step="1"/><F92/><REACH who="2" ten="246,203,219,312" step="2"/><W83/><G83/><N who="0" m="45471" /><D131/><U122/><E134/><V90/><F90/><W5/><G88/><T127/><D115/><U67/><E67/><V31/><F31/><W50/><G81/><T40/><D113/><U45/><E122/><V52/><F52/><W6/><G107/><T126/><D71/><U100/><E106/><V41/><F41/><W80/><G80/><T20/><D42/><U91/><E91/><V7/><F7/><W56/><G5/><N who="0" m="1343" /><D68/><U47/><E105/><V29/><F29/><W84/><G6/><T32/><D32/><U86/><E100/><V48/><AGARI ba="1,2" hai="18,22,25,26,28,33,46,48,55,72,73,89,95,96" machi="48" ten="30,6000,0" yaku="1,1,0,1,53,1" doraHai="70" doraHaiUra="15" who="2" fromWho="2" sc="246,-21,203,-21,219,83,312,-21" /><INIT seed="6,2,0,5,3,42" ten="225,182,302,291" oya="2" hai0="102,30,134,57,26,111,9,0,125,68,85,93,133" hai1="131,69,80,28,5,106,76,2,108,99,116,1,101" hai2="35,122,130,14,100,95,112,40,109,11,90,18,121" hai3="21,12,32,86,17,124,56,61,75,58,105,8,44"/><V66/><F35/><W113/><G75/><T92/><D111/><U10/><E108/><V7/><F109/><W72/><G72/><T67/><D68/><U48/><E131/><V15/><F130/><W79/><G32/><T123/><D123/><U104/><E116/><V88/><F112/><W110/><G105/><T54/><D67/><U39/><E28/><V65/><F100/><W103/><G103/><T91/><D125/><U89/><E89/><V36/><F90/><W51/><G124/><T74/><D74/><U34/><E34/><V27/><F27/><W33/><G33/><T98/><D9/><U29/><E29/><V97/><F66/><W59/><G113/><T45/><D0/><U77/><E1/><V52/><F65/><N who="3" m="39079" /><G8/><T46/><D134/><U129/><E39/><V43/><F43/><N who="3" m="24991" /><G110/><T115/><D115/><U31/><E69/><V49/><F40/><W81/><AGARI ba="2,0" hai="12,17,21,58,59,79,81,86" m="24991,39079" machi="81" ten="30,2000,0" yaku="8,1,52,1" doraHai="42" who="3" fromWho="3" sc="225,-7,182,-7,302,-12,291,26" /><INIT seed="7,0,0,3,0,106" ten="218,175,290,317" oya="3" hai0="20,56,116,85,135,107,65,15,125,50,91,1,6" hai1="5,87,132,123,46,69,49,40,36,114,82,53,67" hai2="81,32,10,121,51,9,126,98,27,113,23,44,39" hai3="21,25,4,120,54,55,133,100,89,109,88,35,127"/><W22/><G120/><T78/><D116/><U14/><E123/><V93/><F32/><W48/><G35/><T117/><D117/><U86/><E114/><V76/><F39/><W17/><G133/><T108/><D108/><U59/><E132/><V131/><F121/><W60/><G100/><T52/><D107/><U95/><E95/><V66/><F66/><W7/><G127/><T38/><D38/><U41/><E41/><N who="2" m="24975" /><F131/><W28/><G60/><T119/><D119/><U80/><E87/><N who="2" m="48551" /><F113/><W73/><G73/><T118/><D1/><U102/><E102/><N who="2" m="60751" /><F126/><W24/><G109/><T2/><D2/><U72/><E72/><V37/><F37/><W68/><G68/><T12/><D20/><U58/><E58/><V33/><F33/><W110/><G110/><T13/><D65/><U30/><E30/><AGARI ba="0,0" hai="9,10,23,27,30" m="60751,48551,24975" machi="30" ten="30,1000,0" yaku="8,1" doraHai="106" who="2" fromWho="1" sc="218,0,175,-10,290,10,317,0" owari="218,-18.2,165,-33.5,300,10.0,317,41.7" /></mjloggm>