<mjloggm ver="2.3"><GO type="169" lobby="0"/><UN n0="%E7%9C%9F%E3%81%AE%E9%9B%80%E5%A3%AB%E3%81%86%E3%81%BE%E3%81%9F%E3%82%93" n1="%41%63%75%6E%61%4A%72" n2="%E3%81%88%E3%81%8C%E3%82%8F%E3%82%8A%E3%81%8A" n3="%52%65%61%6C%58" dan="16,17,16,16" rate="2073.31,2255.07,2141.82,2177.28" sx="M,M,M,F"/><TAIKYOKU oya="0"/><INIT seed="0,0,0,1,0,24" ten="250,250,250,250" oya="0" hai0="71,59,100,13,107,25,101,36,58,102,76,132,23" hai1="6,129,34,96,108,32,106,66,88,17,115,16,72" hai2="37,48,94,8,18,119,73,110,5,63,83,35,19" hai3="90,81,40,134,2,133,44,121,0,39,98,105,29"/><T131/><D71/><U122/><E122/><V95/><F37/><W52/><G121/><T11/><D36/><U51/><E72/><V85/><F110/><W124/><G124/><T61/><D131/><U77/><E108/><V22/><F35/><W78/><G90/><T67/><D132/><N who="3" m="50793" /><G98/><T126/><D126/><U33/><E77/><V31/><F73/><N who="3" m="43215" /><G105/><T49/><D76/><U27/><E129/><V86/><F119/><W15/><G15/><T91/><D91/><U103/><E115/><V123/><F123/><W69/><G69/><T99/><D58/><U45/><E66/><V54/><F63/><W109/><G109/><T64/><D49/><U130/><E130/><V1/><F85/><W97/><G97/><T21/><D67/><U42/><E6/><V60/><F60/><W53/><G29/><T70/><D70/><U80/><REACH who="1" step="1"/><E27/><REACH who="1" ten="250,240,250,250" step="2"/><V28/><F5/><W120/><G120/><T7/><D25/><U46/><E46/><V12/><F1/><AGARI ba="0,1" hai="0,1,2,39,40,44,52,53" m="43215,50793" machi="1" ten="30,2000,0" yaku="20,1,54,1" doraHai="24" who="3" fromWho="2" sc="250,0,240,0,250,-20,250,30" /><INIT seed="1,0,0,5,3,85" ten="250,240,230,280" oya="1" hai0="125,121,3,134,112,83,99,40,73,127,44,65,22" hai1="5,37,130,92,103,120,16,117,42,91,74,60,88" hai2="135,68,57,78,106,56,58,62,63,35,51,97,27" hai3="4,96,76,64,129,84,36,19,52,17,25,21,98"/><U13/><E117/><V118/><F118/><W101/><G129/><T72/><D112/><U29/><E120/><V115/><F135/><W119/><G36/><T113/><D113/><U124/><E74/><V45/><F115/><W14/><G64/><T89/><D134/><U71/><E130/><V107/><F78/><W110/><G110/><T93/><D121/><U105/><E105/><V50/><F68/><W61/><G4/><T11/><D65/><U86/><E71/><V0/><F0/><W24/><G24/><T95/><D22/><U108/><E60/><V55/><F97/><W28/><G19/><T20/><D20/><U33/><E108/><V53/><F27/><W49/><G61/><T15/><D95/><U32/><E5/><V6/><F6/><W122/><G122/><T46/><D3/><U132/><E132/><V10/><F10/><N who="3" m="6359" /><G101/><T133/><D133/><U102/><E124/><V94/><F35/><W38/><G38/><N who="0" m="21527" /><D73/><U26/><E33/><V116/><F116/><W30/><G30/><T9/><D72/><U8/><REACH who="1" step="1"/><E91/><REACH who="1" ten="250,230,230,280" step="2"/><V81/><F106/><W111/><G111/><T23/><D89/><U128/><E128/><V79/><F107/><W39/><G119/><T43/><D127/><U82/><E82/><V7/><F7/><W75/><G75/><T126/><D83/><U67/><E67/><V80/><F80/><N who="3" m="47111" /><G39/><N who="0" m="21887" /><D126/><U87/><E87/><V131/><F131/><W123/><G123/><T31/><D125/><U90/><E90/><V77/><F81/><W47/><AGARI ba="0,1" hai="21,25,28,47,49,52,96,98" m="47111,6359" machi="47" ten="30,2000,0" yaku="8,1,54,1" doraHai="85" who="3" fromWho="3" sc="250,-5,230,-10,230,-5,280,30" /><INIT seed="2,0,0,0,5,30" ten="245,220,225,310" oya="2" hai0="110,84,65,134,132,31,76,21,40,130,94,60,96" hai1="95,8,6,87,103,39,113,120,91,33,35,56,119" hai2="27,43,50,23,99,44,66,34,100,32,57,105,9" hai3="68,98,17,64,129,1,72,116,28,37,29,61,15"/><V133/><F133/><N who="0" m="51306" /><D110/><U12/><E113/><V128/><F128/><W58/><G116/><T19/><D130/><U97/><E119/><V11/><F11/><W13/><G1/><T122/><D31/><U67/><E39/><V107/><F107/><W114/><G72/><T41/><D84/><U89/><E120/><V88/><F9/><W121/><G121/><T117/><D76/><U80/><REACH who="1" step="1"/><E103/><REACH who="1" ten="245,210,225,310" step="2"/><V81/><F100/><W109/><G37/><T123/><D117/><U63/><AGARI ba="0,1" hai="6,8,12,33,35,56,63,67,80,87,89,91,95,97" machi="63" ten="30,12000,2" yaku="1,1,2,1,0,1,52,2,53,1" doraHai="30" doraHaiUra="7" who="1" fromWho="1" sc="245,-30,210,130,225,-60,310,-30" /><INIT seed="3,0,0,4,1,22" ten="215,340,165,280" oya="3" hai0="69,33,81,12,73,112,105,44,51,87,54,66,41" hai1="21,50,15,132,65,61,119,70,88,115,31,106,11" hai2="101,42,96,57,47,64,91,62,86,27,95,13,109" hai3="113,37,79,75,130,58,98,128,71,67,118,1,99"/><W18/><G118/><T56/><D112/><U52/><E115/><V122/><F109/><W6/><G113/><T135/><D135/><U94/><E106/><V53/><F122/><W82/><G71/><T38/><D105/><U127/><E132/><V76/><F76/><W0/><G0/><T26/><D73/><U25/><E127/><V74/><F74/><W93/><G37/><T85/><D12/><U34/><E119/><V7/><F64/><W77/><G77/><T5/><D5/><U29/><E34/><V2/><F2/><W83/><G83/><T28/><REACH who="0" step="1"/><D81/><REACH who="0" ten="205,340,165,280" step="2"/><U63/><E15/><V120/><F120/><W8/><G93/><T107/><D107/><U111/><E111/><V39/><F13/><W92/><G92/><T104/><D104/><U45/><E11/><V89/><F7/><W78/><G82/><T110/><D110/><U134/><E134/><V129/><F129/><W24/><G75/><T68/><D68/><U32/><E70/><V3/><F3/><W114/><G114/><T103/><D103/><U16/><E94/><V84/><F101/><W30/><G128/><T14/><D14/><U121/><E121/><V55/><F95/><W19/><G130/><T90/><D90/><U20/><E88/><V80/><F91/><W43/><G8/><T133/><D133/><U125/><E125/><V124/><F124/><W131/><G6/><T60/><AGARI ba="0,1" hai="26,28,33,38,41,44,51,54,56,60,66,69,85,87" machi="60" ten="30,12000,2" yaku="1,1,0,1,24,2,52,1,53,1" doraHai="22" doraHaiUra="23" who="0" fromWho="0" sc="205,130,340,-30,165,-30,280,-60" /><INIT seed="4,0,0,0,4,130" ten="335,310,135,220" oya="0" hai0="128,62,72,0,41,52,44,90,112,17,118,86,60" hai1="22,129,76,79,93,97,56,132,36,84,26,113,7" hai2="12,78,13,68,102,95,3,124,49,104,61,27,94" hai3="15,42,11,46,123,29,39,108,67,10,57,122,73"/><T28/><D118/><U114/><E36/><V33/><F3/><W18/><G108/><T21/><D72/><U4/><E129/><V74/><F124/><W25/><G73/><T106/><D106/><U70/><E70/><V87/><F49/><W20/><G67/><T47/><D0/><U110/><E110/><V55/><F74/><W58/><REACH who="3" step="1"/><G10/><REACH who="3" ten="335,310,135,210" step="2"/><T53/><D128/><U125/><E125/><V30/><F68/><W135/><G135/><T92/><D112/><U117/><E132/><V37/><F12/><W126/><G126/><T71/><D71/><U50/><E114/><V115/><F13/><W134/><G134/><T69/><D69/><U131/><E113/><V120/><F115/><W48/><G48/><N who="0" m="26639" /><D28/><U105/><E131/><V19/><F30/><W100/><G100/><T101/><D101/><U16/><E117/><V75/><F102/><W111/><G111/><T51/><D53/><U63/><E50/><V116/><F55/><W24/><G24/><AGARI ba="0,1" hai="17,21,24,47,51,52,60,62,86,90,92" m="26639" machi="24" ten="30,2900,0" yaku="8,1,54,1" doraHai="130" who="0" fromWho="3" sc="335,39,310,0,135,0,210,-29" /><INIT seed="4,1,0,4,2,9" ten="374,310,135,181" oya="0" hai0="41,104,29,44,28,100,113,26,73,81,122,85,36" hai1="77,95,16,6,54,47,43,33,109,127,40,48,13" hai2="55,7,35,30,34,0,129,58,24,92,133,128,120" hai3="32,118,64,8,83,134,108,25,17,103,132,131,60"/><T67/><D122/><U90/><E109/><V111/><F111/><W18/><G118/><T76/><D113/><U115/><E127/><V2/><F120/><W46/><G108/><T91/><D67/><U82/><E33/><V117/><F117/><W11/><G131/><N who="2" m="50249" /><F133/><N who="3" m="51307" /><G83/><T93/><REACH who="0" step="1"/><D26/><REACH who="0" ten="364,310,135,181" step="2"/><U78/><E115/><V69/><F69/><W106/><G25/><T96/><AGARI ba="1,1" hai="28,29,36,41,44,73,76,81,85,91,93,96,100,104" machi="96" ten="30,12000,1" yaku="1,1,2,1,0,1,24,2,53,0" doraHai="9" doraHaiUra="130" who="0" fromWho="0" sc="364,133,310,-41,135,-41,181,-41" /><INIT seed="4,2,0,2,5,5" ten="497,269,94,140" oya="0" hai0="85,112,106,43,46,62,116,84,89,41,29,92,7" hai1="3,132,52,2,117,40,1,110,115,120,0,25,94" hai2="37,45,42,122,44,111,38,113,39,67,133,19,56" hai3="59,131,9,55,61,31,129,100,54,103,50,81,128"/><T65/><D116/><U104/><E104/><V121/><F111/><W48/><G31/><T99/><D112/><U14/><E110/><V109/><F109/><W82/><G61/><T77/><D106/><U23/><E117/><V88/><F113/><W125/><G125/><T34/><D77/><U134/><E40/><V71/><F71/><W15/><G100/><T76/><D76/><U83/><E115/><V32/><F32/><W127/><G103/><T119/><D119/><U90/><E83/><V74/><F74/><W101/><G101/><T135/><D135/><U63/><E120/><V126/><F133/><N who="1" m="51305" /><E14/><V58/><F126/><W73/><G73/><T28/><D43/><U107/><E0/><V78/><F78/><W98/><G98/><T36/><D99/><N who="1" m="57815" /><E107/><V114/><F114/><W91/><G91/><T72/><D89/><U57/><E1/><V17/><F42/><W4/><REACH who="3" step="1"/><G127/><REACH who="3" ten="497,269,94,130" step="2"/><T20/><D72/><U53/><E53/><V68/><F88/><W51/><G51/><T93/><D41/><U6/><E52/><V130/><F38/><W10/><G10/><T11/><D36/><U33/><E63/><V95/><F39/><W64/><G64/><T13/><D62/><U22/><E33/><V118/><F37/><W79/><G79/><T24/><D65/><U123/><E23/><V60/><F67/><W108/><G108/><T80/><D20/><U16/><E22/><V66/><F66/><W49/><G49/><T47/><D28/><U75/><E75/><V21/><F60/><W69/><G69/><T18/><D29/><U97/><E97/><RYUUKYOKU ba="2,1" sc="497,-10,269,-10,94,-10,130,30" hai3="4,9,15,48,50,54,55,59,81,82,128,129,131" /><INIT seed="5,3,1,1,1,37" ten="487,259,84,160" oya="1" hai0="105,125,3,106,109,4,61,100,31,131,7,17,94" hai1="35,71,81,59,128,97,103,0,23,2,135,63,67" hai2="40,72,85,21,122,82,116,1,36,25,33,10,84" hai3="57,16,45,73,89,6,41,96,43,75,83,12,108"/><U70/><E35/><V104/><F116/><W87/><G108/><T93/><D109/><U120/><E120/><V95/><F104/><W69/><G69/><T114/><D17/><U66/><E135/><V102/><F122/><W118/><G118/><T54/><D54/><U9/><E128/><V133/><F133/><W79/><G6/><T27/><D100/><U117/><E117/><V30/><F72/><W42/><G45/><T50/><D114/><U51/><E81/><V130/><F130/><W121/><G121/><T74/><D125/><U53/><E23/><V18/><F1/><W115/><G115/><T52/><D106/><U55/><E55/><V28/><F10/><W32/><G32/><T78/><D52/><U68/><E9/><V123/><F123/><W119/><G119/><T38/><D131/><U110/><E110/><V64/><F64/><W60/><G96/><T20/><D20/><U99/><E99/><V24/><F30/><W49/><G49/><T56/><D50/><U77/><E77/><V22/><F33/><W26/><G26/><T34/><D78/><U65/><REACH who="1" step="1"/><E63/><REACH who="1" ten="487,249,84,160" step="2"/><V29/><F82/><W112/><G112/><T124/><D34/><U101/><E101/><V134/><F134/><W107/><G79/><T13/><D61/><U86/><E86/><V132/><F132/><W126/><G75/><T76/><D76/><U62/><E62/><V11/><F11/><N who="3" m="6175" /><G73/><T15/><D74/><U98/><E98/><V91/><F102/><W88/><G87/><T39/><D124/><U46/><E46/><N who="2" m="23815" /><F84/><W48/><G126/><T90/><D90/><RYUUKYOKU ba="3,2" sc="487,-15,249,15,84,15,160,-15" hai1="0,2,51,53,59,65,66,67,68,70,71,97,103" hai2="18,21,22,24,25,28,29,85,91,95" /><INIT seed="5,4,2,4,5,60" ten="472,264,99,145" oya="1" hai0="39,123,61,98,10,9,125,108,86,55,68,111,122" hai1="43,0,78,118,41,51,20,70,45,134,90,15,7" hai2="102,62,75,37,65,8,63,44,83,67,47,104,31" hai3="97,107,76,18,4,14,64,5,113,117,52,53,26"/><U1/><E118/><V74/><F31/><W33/><G117/><T130/><D39/><U58/><E70/><V21/><F21/><W121/><G121/><N who="0" m="46091" /><D130/><U72/><E134/><V89/><F8/><N who="0" m="3178" /><D125/><U115/><E7/><V35/><F35/><W38/><G38/><T2/><D2/><U92/><E115/><V109/><F109/><W40/><G40/><T112/><D112/><U22/><E43/><V28/><F28/><W19/><G113/><T132/><D132/><U17/><E22/><V12/><F12/><W114/><G114/><T84/><D98/><U16/><E17/><V49/><F37/><W119/><G119/><T110/><D68/><U56/><E78/><V80/><F49/><W99/><G76/><T79/><D79/><U54/><E72/><V81/><F102/><W25/><G107/><T96/><D96/><U48/><REACH who="1" step="1"/><E56/><AGARI ba="4,2" hai="55,56,61,84,86,108,110,111" m="3178,46091" machi="56" ten="40,1300,0" yaku="13,1" doraHai="60" who="0" fromWho="1" sc="472,45,264,-25,99,0,145,0" /><INIT seed="6,0,0,2,1,1" ten="517,239,99,145" oya="2" hai0="120,71,86,108,56,32,20,72,5,43,16,2,33" hai1="85,84,91,113,22,124,93,4,64,94,53,58,83" hai2="12,63,52,19,82,11,129,59,88,28,76,0,75" hai3="42,90,45,111,29,69,110,130,60,27,81,123,61"/><V23/><F129/><W78/><G123/><T112/><D16/><U18/><E113/><V10/><F28/><W13/><G130/><T51/><D5/><U40/><E40/><V131/><F131/><W135/><G135/><T36/><D51/><U73/><E73/><V104/><F104/><W15/><G90/><T38/><D86/><U118/><E118/><V7/><REACH who="2" step="1"/><F88/><REACH who="2" ten="517,239,89,145" step="2"/><W105/><G105/><T132/><D132/><U87/><E93/><V14/><F14/><W9/><G15/><T115/><D115/><U102/><E94/><V37/><F37/><W101/><G101/><T70/><D38/><U65/><E102/><V122/><F122/><W121/><G121/><T116/><D36/><U126/><E91/><V39/><F39/><W25/><G29/><T107/><D120/><U49/><E124/><V62/><F62/><W24/><G110/><T3/><D108/><U97/><E126/><V26/><F26/><W96/><G111/><T125/><D112/><U8/><E97/><V41/><F41/><W21/><G96/><T48/><D43/><U46/><E83/><V77/><F77/><W35/><G27/><T74/><D125/><U95/><E95/><V68/><F68/><W54/><G69/><T80/><D71/><U109/><E109/><V34/><F34/><W98/><G42/><T134/><D70/><U66/><E49/><V133/><F133/><W92/><G35/><T119/><D33/><U99/><E99/><V114/><F114/><W103/><G81/><T89/><D32/><U127/><E127/><V57/><F57/><W50/><G98/><RYUUKYOKU ba="0,1" sc="517,-10,239,-10,89,30,145,-10" hai2="0,7,10,11,12,19,23,52,59,63,75,76,82" /><INIT seed="6,1,1,0,3,62" ten="507,229,119,135" oya="2" hai0="120,76,44,108,95,11,13,115,66,65,68,22,107" hai1="128,119,70,83,12,126,58,42,51,2,74,84,109" hai2="97,1,69,4,123,72,25,53,54,10,104,8,48" hai3="133,49,30,37,34,56,121,36,93,91,5,122,27"/><V3/><F123/><W47/><G133/><T59/><D59/><U45/><E2/><V100/><F72/><W116/><G116/><T43/><D65/><U92/><E70/><V60/><F25/><W52/><G5/><T46/><D66/><U17/><E109/><V15/><F8/><W18/><G18/><T23/><D95/><U129/><E126/><V21/><F21/><W99/><REACH who="3" step="1"/><G47/><REACH who="3" ten="507,229,119,125" step="2"/><T16/><D44/><N who="1" m="26007" /><E119/><V6/><F6/><W131/><G131/><T86/><D16/><U79/><E45/><V7/><F7/><W9/><G9/><T124/><D11/><U113/><E17/><V38/><F1/><W77/><G77/><T112/><D76/><U31/><E79/><V71/><F3/><W89/><G89/><T64/><D46/><U87/><E129/><V111/><F111/><W118/><G118/><T26/><D108/><U28/><E128/><V50/><F4/><W96/><G96/><T75/><D120/><AGARI ba="1,2" hai="27,30,34,36,37,49,52,56,91,93,99,120,121,122" machi="120" ten="40,5200,0" yaku="1,1,54,1,53,1" doraHai="62" doraHaiUra="24" who="3" fromWho="0" sc="507,-55,229,0,119,0,125,75" /><INIT seed="7,0,0,5,2,89" ten="452,229,119,200" oya="3" hai0="92,104,84,43,103,15,130,48,59,51,47,88,121" hai1="99,63,3,135,125,21,81,78,129,115,107,112,14" hai2="29,18,46,109,65,100,7,98,96,134,62,12,91" hai3="37,10,39,32,33,106,120,76,36,26,97,24,82"/><W116/><G116/><T73/><D121/><U28/><E3/><V66/><F109/><W69/><G120/><T8/><D73/><U90/><E125/><V133/><F7/><W127/><G127/><T101/><D104/><U64/><E135/><V122/><F122/><W95/><G106/><T70/><D70/><U54/><E54/><V5/><F5/><W9/><G69/><T31/><D31/><U119/><E129/><V2/><F2/><W74/><G26/><T25/><D25/><U30/><E14/><V13/><F29/><W19/><G19/><N who="0" m="8679" /><D130/><U113/><E21/><V86/><F46/><W128/><G128/><T17/><D17/><U132/><E132/><V50/><F50/><W23/><G23/><T110/><D110/><U11/><E11/><V108/><F108/><W34/><REACH who="3" step="1"/><G24/><REACH who="3" ten="452,229,119,190" step="2"/><T111/><D111/><U58/><E119/><V49/><F133/><W44/><G44/><N who="0" m="25631" /><D59/><U4/><E4/><V124/><F134/><W123/><G123/><T85/><D85/><N who="1" m="48311" /><E107/><V79/><F124/><W27/><G27/><T80/><D47/><U61/><E115/><V126/><F126/><W57/><G57/><T40/><D84/><U42/><E113/><V83/><F86/><W77/><G77/><T38/><D38/><U41/><E112/><V22/><F79/><W118/><G118/><T55/><D40/><N who="1" m="15467" /><E63/><V68/><F68/><W35/><N who="3" m="8192" /><DORA hai="75" /><W117/><G117/><T52/><D51/><U1/><E1/><V16/><F49/><W45/><G45/><T87/><D87/><U53/><E53/><V102/><F62/><W67/><G67/><RYUUKYOKU ba="0,1" sc="452,-15,229,15,119,-15,190,15" hai1="28,30,58,61,64,90,99" hai3="9,10,36,37,39,74,76,82,95,97" /><INIT seed="7,1,1,4,3,70" ten="437,244,104,205" oya="3" hai0="95,77,6,23,119,96,121,107,18,130,128,17,0" hai1="87,26,101,75,39,54,100,7,20,65,36,74,42" hai2="104,60,112,131,21,86,49,34,108,66,116,94,1" hai3="59,24,114,132,80,129,47,12,105,90,35,29,55"/><W111/><G114/><T126/><D119/><U31/><E7/><V19/><F116/><W56/><G105/><T134/><D121/><U40/><E65/><V91/><F112/><W123/><G123/><T69/><D69/><U79/><E42/><V117/><F117/><W2/><G2/><T25/><D107/><U62/><E40/><V46/><F108/><W73/><G129/><N who="0" m="49771" /><D126/><U92/><E75/><V15/><F104/><W30/><G132/><T125/><D77/><U5/><E5/><V11/><F34/><W72/><G30/><N who="0" m="17727" /><D125/><U97/><E100/><V43/><F131/><W102/><G102/><N who="0" m="60703" /><D134/><U83/><E74/><V103/><F103/><W9/><G111/><T4/><D4/><U27/><E27/><V82/><F1/><W8/><G73/><T3/><D3/><U33/><E54/><V28/><F28/><W50/><G72/><T38/><D38/><U48/><E62/><V78/><F21/><W76/><G9/><AGARI ba="1,1" hai="0,6,9,17,18" m="60703,17727,49771" machi="9" ten="30,1000,0" yaku="19,1" doraHai="70" who="0" fromWho="3" sc="437,23,244,0,104,0,205,-13" owari="460,56.0,244,4.4,104,-39.6,192,-20.8" /></mjloggm>