<mjloggm ver="2.3"><GO type="169" lobby="0"/><UN n0="%E3%81%8D%E3%81%B3%E3%81%A0%E3%82%93%E3%81%94%CE%B1" n1="%E7%A7%98%E6%89%93%E7%99%BD%E9%B3%A5%E3%81%AE%E6%B9%96" n2="%6C%6E%61%69" n3="%79%61%6E%72%6F%75" dan="17,17,16,16" rate="2138.89,2138.18,2043.18,2153.87" sx="M,M,M,M"/><TAIKYOKU oya="0"/><INIT seed="0,0,0,4,4,52" ten="250,250,250,250" oya="0" hai0="60,36,108,99,117,0,4,90,49,34,55,66,101" hai1="43,96,56,37,27,132,9,18,104,77,127,45,93" hai2="10,118,83,24,20,14,79,25,68,48,58,30,121" hai3="71,3,7,88,35,89,11,33,135,95,78,85,19"/><T59/><D117/><U116/><E116/><V1/><F121/><W69/><G135/><T119/><D119/><U17/><E132/><V129/><F68/><W126/><G126/><T44/><D34/><U113/><E127/><V97/><F1/><W75/><G75/><T81/><D108/><U82/><E104/><V38/><F38/><W2/><G78/><T15/><D0/><U26/><E113/><V92/><F118/><W29/><G2/><T50/><D36/><U32/><E9/><V100/><F24/><W13/><G89/><T41/><D4/><U22/><E32/><V61/><F48/><W31/><G35/><T57/><D15/><U47/><E47/><V105/><F105/><W80/><G80/><T123/><D123/><U6/><E6/><V70/><F70/><W63/><G63/><T111/><D111/><U112/><E112/><V46/><F46/><W8/><G31/><T62/><D81/><U91/><E56/><V120/><F129/><W110/><G110/><T84/><D84/><U53/><E53/><V39/><F39/><W107/><G107/><T74/><D74/><U131/><E131/><V103/><F103/><W114/><G114/><T128/><D128/><U12/><REACH who="1" step="1"/><E18/><REACH who="1" ten="250,240,250,250" step="2"/><V106/><F106/><W102/><G71/><T73/><D73/><AGARI ba="0,1" hai="12,17,22,26,27,37,43,45,73,77,82,91,93,96" machi="73" ten="30,3900,0" yaku="1,1,2,1,7,1,53,0" doraHai="52" doraHaiUra="124" who="1" fromWho="0" sc="250,-39,240,49,250,0,250,0" /><INIT seed="1,0,0,0,3,36" ten="211,289,250,250" oya="1" hai0="61,26,94,106,30,31,64,124,60,63,111,125,86" hai1="100,67,98,90,79,45,115,35,97,57,114,59,132" hai2="1,50,113,102,44,16,127,21,130,48,135,71,38" hai3="41,108,92,43,7,73,89,116,19,85,54,55,46"/><U83/><E35/><V62/><F1/><W23/><G108/><T119/><D106/><U11/><E132/><V29/><F135/><W14/><G73/><T39/><D119/><U129/><E129/><V104/><F130/><W109/><G109/><T110/><D64/><U81/><E11/><V18/><F127/><N who="0" m="48714" /><D39/><U56/><E67/><V112/><F71/><W70/><G70/><T34/><D31/><U2/><E2/><V84/><F62/><W13/><G116/><T122/><D122/><U32/><E32/><V5/><F5/><W6/><G6/><T42/><D42/><N who="3" m="15881" /><G46/><T75/><D75/><U58/><E45/><V37/><F29/><W15/><G7/><T99/><D86/><U9/><E59/><V12/><F84/><W17/><G14/><T126/><N who="0" m="48722" /><T123/><DORA hai="74" /><D123/><U8/><E58/><V28/><F104/><W77/><G77/><T69/><D69/><U121/><E121/><V88/><F37/><W49/><G49/><T72/><D72/><U101/><E90/><AGARI ba="0,0" hai="26,30,34,60,61,63,90,94,99,110,111" m="48722" machi="90" ten="50,1600,0" yaku="18,1" doraHai="36,74" who="0" fromWho="1" sc="211,16,289,-16,250,0,250,0" /><INIT seed="2,0,0,3,3,107" ten="227,273,250,250" oya="2" hai0="84,123,111,0,37,31,60,12,95,28,120,1,97" hai1="63,129,98,83,34,71,131,135,50,59,127,9,58" hai2="7,93,96,39,78,11,36,74,117,40,42,10,87" hai3="134,80,20,48,101,56,35,22,68,75,61,116,92"/><V133/><F117/><W14/><G116/><T79/><D37/><U110/><E34/><V82/><F133/><W3/><G3/><T122/><D111/><U88/><E110/><V16/><F87/><W15/><G35/><T132/><D132/><U47/><E135/><V13/><F36/><W8/><G68/><T99/><D12/><U77/><E127/><V94/><F39/><W6/><G48/><T52/><D99/><U76/><E71/><V23/><F10/><W21/><G134/><T66/><D0/><U65/><E58/><V125/><F125/><W113/><G113/><T89/><D1/><U106/><E9/><V105/><F105/><W57/><G15/><T2/><D2/><U130/><E106/><V91/><REACH who="2" step="1"/><F94/><REACH who="2" ten="227,273,240,250" step="2"/><W72/><G80/><T73/><D84/><N who="1" m="50207" /><E98/><V45/><F45/><W30/><G30/><T29/><D29/><U25/><E25/><AGARI ba="0,1" hai="7,11,13,16,23,25,40,42,74,78,82,91,93,96" machi="25" ten="30,11600,0" yaku="1,1,7,1,52,1,54,1,53,0" doraHai="107" doraHaiUra="100" who="2" fromWho="1" sc="227,0,273,-116,240,126,250,0" /><INIT seed="2,1,0,4,0,77" ten="227,157,366,250" oya="2" hai0="135,79,121,26,63,65,44,80,122,45,48,129,37" hai1="33,88,21,71,130,115,85,1,10,36,23,56,58" hai2="93,101,46,29,62,103,7,102,78,105,47,30,18" hai3="52,8,40,19,133,22,24,13,3,104,112,89,123"/><V86/><F105/><W51/><G133/><T111/><D135/><U70/><E33/><V4/><F18/><W117/><G123/><T99/><D111/><U120/><E115/><V110/><F110/><W2/><G112/><T20/><D129/><U15/><E36/><V16/><F62/><W92/><G104/><T11/><D11/><U119/><E119/><V127/><F127/><W50/><G40/><T31/><D99/><U25/><E1/><V38/><F38/><W67/><G50/><T75/><D45/><N who="2" m="16906" /><F16/><W76/><G76/><T118/><D37/><U94/><E130/><V116/><F116/><W0/><G67/><T106/><D106/><U74/><E74/><V27/><F27/><W49/><G49/><T57/><REACH who="0" step="1"/><D118/><REACH who="0" ten="217,157,366,250" step="2"/><U72/><E10/><V84/><F4/><W34/><G117/><T128/><D128/><U90/><E120/><V107/><F7/><W125/><G125/><T95/><D95/><U114/><E94/><V12/><F107/><W17/><G8/><T55/><AGARI ba="1,1" hai="20,26,31,44,48,55,57,63,65,75,79,80,121,122" machi="55" ten="20,5200,0" yaku="1,1,0,1,7,1,52,1,53,0" doraHai="77" doraHaiUra="113" who="0" fromWho="0" sc="217,65,157,-14,366,-27,250,-14" /><INIT seed="3,0,0,0,0,106" ten="282,143,339,236" oya="3" hai0="13,75,121,21,46,116,65,10,78,71,84,70,98" hai1="52,33,97,79,133,22,131,69,122,30,4,87,54" hai2="107,81,55,80,19,101,118,29,48,47,120,108,60" hai3="28,32,105,117,68,6,2,25,135,104,100,16,73"/><W88/><G117/><T9/><D116/><U63/><E122/><V129/><F118/><W72/><G135/><T53/><D121/><U86/><E33/><V67/><F120/><W76/><G76/><T14/><D84/><U51/><E133/><V38/><F108/><W124/><G124/><T35/><D35/><U39/><E39/><V20/><F29/><W43/><G43/><T102/><D21/><U96/><E4/><V11/><F11/><W3/><G88/><T103/><D53/><U31/><E131/><V92/><F107/><W0/><G105/><T49/><D49/><U42/><E42/><V56/><F129/><W82/><G82/><T132/><D46/><U59/><E69/><V15/><F38/><W130/><G130/><T34/><D34/><U27/><E31/><V40/><F67/><W94/><G94/><T62/><D71/><U89/><E79/><V111/><F111/><W8/><G68/><T37/><D37/><U66/><E66/><V50/><F60/><W36/><G16/><N who="0" m="8239" /><D98/><AGARI ba="0,0" hai="15,19,20,40,47,48,50,55,56,80,81,92,98,101" machi="98" ten="40,1300,0" yaku="8,1" doraHai="106" who="2" fromWho="0" sc="282,-13,143,0,339,13,236,0" /><INIT seed="4,0,0,2,0,126" ten="269,143,352,236" oya="0" hai0="87,69,84,40,18,29,36,28,10,68,19,12,0" hai1="6,108,107,20,9,124,118,94,125,46,111,72,103" hai2="91,85,30,74,47,98,60,115,113,61,127,134,65" hai3="8,100,110,64,43,101,21,26,53,67,119,55,11"/><T24/><D0/><U33/><E72/><V71/><F74/><W109/><G43/><T15/><D40/><U95/><E33/><V41/><F127/><N who="1" m="48713" /><E107/><V14/><F134/><W7/><G21/><T90/><D36/><U1/><E46/><V27/><F98/><W81/><G26/><T131/><D131/><U97/><E118/><V76/><F76/><W63/><G63/><T4/><D4/><U133/><E133/><V52/><F14/><W22/><G22/><T56/><D56/><U39/><E39/><V120/><F120/><W23/><G23/><T82/><D87/><U122/><E122/><V32/><F60/><W16/><G7/><T89/><D89/><U54/><E54/><V135/><F135/><W45/><G45/><T93/><D82/><U17/><E95/><V73/><F73/><W105/><G81/><T77/><D77/><U102/><E102/><V42/><F52/><W2/><G2/><T37/><D37/><U128/><E128/><V13/><F13/><AGARI ba="0,0" hai="1,6,9,13,17,20,94,97,103,108,111" m="48713" machi="13" ten="30,1000,0" yaku="18,1" doraHai="126" who="1" fromWho="2" sc="269,0,143,10,352,-10,236,0" /><INIT seed="5,0,0,5,0,112" ten="269,153,342,236" oya="1" hai0="2,10,110,119,6,125,32,77,124,102,29,19,8" hai1="59,3,35,73,109,101,4,18,54,72,126,98,38" hai2="78,70,129,28,111,117,71,25,11,74,16,68,55" hai3="30,13,60,95,133,83,104,84,80,97,88,47,56"/><U114/><E38/><V107/><F111/><W79/><G133/><T48/><D77/><U87/><E35/><V46/><F107/><W63/><G104/><T49/><D102/><U21/><E114/><V12/><F129/><W27/><G60/><T90/><D110/><U99/><E109/><V22/><F78/><W41/><G13/><N who="0" m="7591" /><D90/><U23/><E126/><N who="0" m="48745" /><D49/><U64/><E64/><V130/><F74/><W122/><G122/><T82/><D48/><U39/><E39/><V53/><F130/><W24/><G80/><T118/><D82/><U123/><E123/><V135/><F135/><W57/><G57/><T116/><D29/><U96/><E101/><V108/><F108/><W93/><G30/><T89/><D89/><U1/><E87/><V115/><F46/><W81/><G81/><T5/><D5/><U134/><E134/><V103/><F103/><W44/><G95/><T31/><D31/><U51/><E4/><V20/><F115/><W131/><G131/><T61/><D61/><U15/><REACH who="1" step="1"/><E23/><REACH who="1" ten="269,143,342,236" step="2"/><V127/><F22/><W106/><G106/><T65/><D32/><U26/><E26/><N who="3" m="9770" /><G41/><T45/><D65/><AGARI ba="0,1" hai="44,47,56,63,65,79,83,84,88,93,97" m="9770" machi="65" ten="30,2000,0" yaku="8,1,54,1" doraHai="112" who="3" fromWho="0" sc="269,-20,143,0,342,0,236,30" /><INIT seed="6,0,0,5,1,93" ten="249,143,342,266" oya="2" hai0="123,134,6,79,35,109,78,11,72,116,28,30,65" hai1="86,49,26,111,7,97,66,132,8,27,68,126,23" hai2="13,36,51,75,81,32,61,74,85,90,100,9,55" hai3="124,108,42,114,58,24,59,118,106,3,4,38,117"/><V39/><F32/><W14/><G3/><T53/><D123/><U44/><E111/><V88/><F100/><W1/><G1/><T84/><D109/><U129/><E129/><V34/><F34/><W20/><G106/><T56/><D72/><U64/><E126/><V113/><F113/><W48/><G38/><T46/><D134/><U92/><E132/><V10/><F61/><W21/><G124/><T37/><D116/><U5/><E86/><V54/><F85/><W2/><G2/><T19/><D19/><U101/><E27/><V40/><F51/><W62/><G114/><T98/><D98/><U120/><E120/><V96/><F81/><W57/><G108/><T115/><D35/><U45/><E45/><V91/><F91/><W43/><G117/><T133/><D65/><U31/><E68/><V110/><F110/><W76/><G62/><N who="0" m="36111" /><D79/><U17/><E17/><V33/><F33/><W94/><G76/><T50/><D37/><U15/><REACH who="1" step="1"/><E5/><REACH who="1" ten="249,133,342,266" step="2"/><V52/><F74/><W89/><G4/><T122/><D122/><U63/><E63/><V107/><F75/><W18/><G118/><T0/><D133/><U70/><E70/><V87/><F87/><N who="3" m="52543" /><G48/><T103/><D115/><U25/><E25/><V127/><F39/><W47/><G47/><T95/><D84/><U83/><E83/><V112/><F36/><W105/><G24/><T135/><D135/><U77/><E77/><V16/><F127/><W80/><G80/><T119/><D78/><U29/><E29/><V60/><F112/><W12/><G18/><T104/><D119/><U67/><E67/><RYUUKYOKU ba="0,1" sc="249,-10,133,30,342,-10,266,-10" hai1="7,8,15,23,26,31,44,49,64,66,92,97,101" /><INIT seed="7,1,1,0,1,69" ten="239,163,332,256" oya="3" hai0="12,21,87,49,63,58,108,124,105,129,25,15,117" hai1="62,131,29,30,122,134,119,45,31,6,67,90,112" hai2="135,82,120,88,56,86,113,74,14,114,97,132,73" hai3="8,81,13,39,9,18,60,103,94,130,76,121,5"/><W107/><G121/><T77/><D117/><U61/><E122/><V128/><F120/><W55/><G107/><T23/><D108/><U127/><E119/><V27/><F128/><W126/><G130/><T78/><D105/><U46/><E131/><V102/><F27/><W4/><G39/><T92/><D124/><U96/><E127/><V34/><F34/><W40/><G40/><T109/><D49/><U53/><E112/><N who="2" m="43115" /><F14/><N who="0" m="5162" /><D109/><U16/><E6/><V125/><F56/><N who="3" m="34847" /><G8/><T65/><D129/><U20/><E134/><N who="2" m="51243" /><F125/><W11/><G9/><T68/><D68/><U0/><E0/><V28/><F28/><W2/><G2/><T123/><D123/><U93/><E53/><V115/><F115/><W22/><G11/><T80/><D92/><AGARI ba="1,1" hai="73,74,82,86,88,92,97,102" m="51243,43115" machi="92" ten="30,8000,1" yaku="15,1,20,1,34,2,54,1" doraHai="69" who="2" fromWho="0" sc="239,-83,163,0,332,93,256,0" owari="156,-34.4,163,-23.7,425,52.5,256,5.6" /></mjloggm>