<mjloggm ver="2.3"><GO type="169" lobby="0"/><UN n0="%E7%99%BE%E9%87%8E%E3%81%95%E3%82%93" n1="%64%69%76%61" n2="%E8%B5%A4%E3%81%84%E9%83%A8%E5%B1%8B" n3="%4D%75%64%46%6C%6F%77" dan="17,16,17,16" rate="2191.23,2057.70,2137.13,2105.57" sx="M,M,M,M"/><TAIKYOKU oya="0"/><INIT seed="0,0,0,5,0,34" ten="250,250,250,250" oya="0" hai0="133,25,119,120,111,6,55,88,80,100,26,81,21" hai1="65,31,50,3,115,40,67,124,45,0,128,14,83" hai2="71,98,29,23,105,2,94,125,62,44,97,82,64" hai3="24,86,53,57,63,135,51,76,1,15,107,33,93"/><T77/><D119/><U122/><E122/><V5/><F125/><W9/><G107/><T70/><D120/><U85/><E124/><V90/><F44/><W42/><G135/><T20/><D133/><U130/><E31/><V102/><F82/><W41/><G33/><T109/><D100/><U131/><E14/><V114/><F114/><W69/><G24/><T54/><D70/><U19/><E19/><V11/><F23/><W108/><G108/><N who="0" m="41547" /><D6/><U116/><E115/><V10/><F10/><W39/><G39/><T118/><D118/><U99/><E99/><V37/><F37/><W17/><G1/><N who="1" m="586" /><E116/><V52/><REACH who="2" step="1"/><F29/><REACH who="2" ten="250,250,240,250" step="2"/><W7/><G9/><T123/><D123/><U58/><E58/><V56/><F56/><W126/><G57/><T117/><D117/><U28/><E28/><V27/><F27/><N who="0" m="10250" /><D80/><U106/><E106/><V84/><F84/><W16/><G86/><N who="0" m="50255" /><D77/><AGARI ba="0,1" hai="40,45,50,65,67,77,83,85,128,130,131" m="586" machi="77" ten="40,8000,1" yaku="19,1,52,3" doraHai="34" who="1" fromWho="0" sc="250,-80,250,90,240,0,250,0" /><INIT seed="1,0,0,0,1,17" ten="170,340,240,250" oya="1" hai0="54,38,113,28,73,52,76,36,109,4,60,14,90" hai1="107,89,124,9,7,66,125,62,51,134,123,69,92" hai2="122,82,31,131,86,40,128,22,97,78,12,117,71" hai3="119,46,101,127,19,13,105,93,44,63,39,115,106"/><U21/><E123/><V135/><F71/><W34/><G34/><T10/><D113/><U96/><E107/><V75/><F122/><W30/><G30/><T56/><D109/><U2/><E134/><V64/><F117/><W42/><G115/><T18/><D28/><U108/><E108/><V32/><F64/><W85/><G127/><N who="1" m="48714" /><E51/><V132/><F40/><W24/><G24/><T114/><D114/><U99/><E99/><V121/><F121/><W68/><G44/><T91/><D54/><U8/><E8/><V50/><F50/><W37/><G37/><T20/><D38/><U47/><E47/><V83/><F32/><W55/><G119/><T58/><D36/><U74/><E74/><V43/><F43/><W126/><G126/><T80/><REACH who="0" step="1"/><D58/><REACH who="0" ten="160,340,240,250" step="2"/><U102/><E69/><V110/><F110/><W120/><G120/><T0/><AGARI ba="0,1" hai="0,4,10,14,18,20,52,56,60,73,76,80,90,91" machi="0" ten="20,12000,2" yaku="1,1,2,1,0,1,7,1,52,1,54,1,53,0" doraHai="17" doraHaiUra="25" who="0" fromWho="0" sc="160,130,340,-60,240,-30,250,-30" /><INIT seed="2,0,0,5,3,60" ten="290,280,210,220" oya="2" hai0="7,95,85,84,72,133,114,107,87,36,29,33,91" hai1="130,8,134,123,108,81,100,135,61,66,68,112,30" hai2="32,90,78,94,13,117,27,67,65,131,31,37,53" hai3="2,92,46,38,62,74,105,116,113,44,128,71,79"/><V106/><F117/><W76/><G105/><T122/><D114/><U41/><E112/><V40/><F106/><W48/><G116/><T89/><D122/><U63/><E123/><V83/><F131/><W22/><G113/><T73/><D36/><U64/><E130/><V88/><F53/><W39/><G2/><T125/><D107/><U82/><E108/><V34/><F34/><W118/><G118/><T93/><D125/><U77/><E41/><V14/><F14/><W47/><G74/><T49/><D133/><N who="1" m="50699" /><E100/><V19/><F40/><W55/><G92/><T58/><D7/><U1/><E30/><V6/><F6/><W50/><G22/><T126/><D126/><U75/><E82/><V86/><F37/><N who="3" m="13835" /><G76/><T98/><D29/><U101/><E101/><V54/><F54/><N who="3" m="29959" /><G79/><T127/><D33/><U9/><E1/><V52/><F52/><W4/><G4/><T124/><D127/><U24/><E24/><V0/><F0/><W57/><G128/><T110/><D124/><U115/><E115/><V42/><F42/><W3/><G3/><T51/><D73/><U132/><N who="1" m="50707" /><U109/><DORA hai="70" /><E109/><V129/><F129/><W120/><G120/><T99/><D72/><U56/><AGARI ba="0,0" hai="8,9,56,61,63,64,66,68,75,77,81" m="50707" machi="56" ten="40,5200,0" yaku="20,1,52,2" doraHai="60,70" who="1" fromWho="1" sc="290,-13,280,52,210,-26,220,-13" /><INIT seed="3,0,0,3,1,90" ten="277,332,184,207" oya="3" hai0="15,21,125,1,106,13,62,28,33,53,47,117,59" hai1="109,39,77,97,122,63,38,79,103,104,93,14,18" hai2="70,112,0,56,5,31,66,61,73,32,114,64,49" hai3="35,130,52,88,10,110,2,133,45,72,107,102,3"/><W111/><G72/><T101/><D117/><U23/><E109/><N who="3" m="41482" /><G35/><T94/><D1/><U124/><E124/><V120/><F73/><W30/><G30/><T118/><D118/><U8/><E122/><V41/><F0/><W44/><G130/><T86/><D125/><U78/><E104/><V134/><F5/><N who="3" m="1335" /><G3/><T11/><D106/><U60/><REACH who="1" step="1"/><E8/><REACH who="1" ten="277,322,184,207" step="2"/><V42/><F120/><W82/><G133/><T96/><D11/><U89/><E89/><V17/><F134/><W22/><G22/><T9/><D9/><U19/><E19/><V87/><F17/><W135/><G135/><T55/><D33/><U115/><E115/><V7/><F112/><W69/><G107/><T113/><D21/><U65/><E65/><V132/><F114/><W84/><G102/><T126/><D113/><U58/><E58/><V40/><F132/><W57/><G69/><T26/><D126/><U131/><E131/><V119/><F70/><W25/><G25/><T95/><D26/><U100/><E100/><V83/><F32/><W50/><AGARI ba="0,1" hai="44,45,50,52,57,82,84,88" m="1335,41482" machi="50" ten="30,11700,0" yaku="14,1,10,1,54,2" doraHai="90" who="3" fromWho="3" sc="277,-39,322,-39,184,-39,207,127" /><INIT seed="3,1,0,2,1,107" ten="238,283,145,334" oya="3" hai0="39,126,104,6,54,82,12,68,87,90,31,30,20" hai1="14,110,115,36,60,65,40,22,9,128,58,25,133" hai2="33,56,13,85,35,52,130,109,131,4,112,44,57" hai3="0,59,117,63,21,121,124,26,32,95,47,11,27"/><W15/><G117/><T46/><D126/><U16/><E115/><V49/><F112/><W41/><G121/><T64/><D104/><U118/><E128/><N who="2" m="49195" /><F109/><W38/><G124/><T97/><D68/><U106/><E110/><V122/><F122/><W100/><G0/><T101/><D64/><U24/><E118/><V134/><F134/><W3/><G3/><T19/><D6/><U77/><E133/><V2/><F2/><W1/><G1/><T74/><D39/><U61/><E106/><V132/><F132/><W23/><G32/><N who="2" m="12361" /><F85/><W5/><G26/><T28/><D74/><U114/><E114/><V125/><F125/><W80/><G27/><T51/><D101/><U8/><E77/><V120/><F120/><W45/><G45/><T34/><D34/><U88/><E25/><V108/><F108/><W79/><G100/><T119/><D119/><U18/><E8/><AGARI ba="1,0" hai="4,8,13,44,49,52,56,57" m="12361,49195" machi="8" ten="30,2000,0" yaku="19,1,54,1" doraHai="107" who="2" fromWho="1" sc="238,0,283,-23,145,23,334,0" /><INIT seed="4,0,0,2,3,93" ten="238,260,168,334" oya="0" hai0="97,22,42,80,112,8,89,72,76,135,127,0,5" hai1="53,36,124,113,7,104,23,118,34,106,2,14,133" hai2="11,33,4,78,121,67,49,69,128,44,122,126,110" hai3="15,91,90,10,45,71,111,35,61,74,25,107,73"/><T85/><D112/><U28/><E118/><V66/><F110/><W77/><G111/><T62/><D127/><U59/><E36/><V95/><F126/><W29/><G107/><T101/><D135/><U98/><E133/><V86/><F33/><W26/><G26/><T79/><D42/><U117/><E117/><V43/><F128/><W68/><G45/><T63/><D22/><U47/><E113/><V130/><F130/><W84/><G91/><T81/><REACH who="0" step="1"/><D76/><REACH who="0" ten="228,260,168,334" step="2"/><U87/><E124/><V64/><F69/><W83/><G77/><T20/><D20/><U46/><E23/><V115/><F115/><W56/><G71/><T9/><D9/><U58/><E34/><V18/><F121/><W50/><G68/><T40/><D40/><U105/><E28/><V37/><F122/><W60/><G10/><T12/><D12/><U6/><E14/><V129/><F129/><W65/><G15/><T82/><D82/><U31/><E31/><V39/><F78/><W27/><G29/><T1/><D1/><U88/><E2/><V30/><F30/><W92/><G35/><T54/><D54/><U16/><E53/><V57/><F11/><W55/><G83/><T123/><D123/><U32/><E32/><V94/><F43/><W119/><G119/><T108/><D108/><U51/><E6/><V102/><F4/><W114/><G114/><T17/><D17/><U109/><E16/><V24/><F18/><W134/><G134/><T75/><D75/><U103/><E109/><V70/><F70/><W116/><G116/><T52/><D52/><U131/><E7/><RYUUKYOKU ba="0,1" sc="228,30,260,-10,168,-10,334,-10" hai0="0,5,8,62,63,72,79,80,81,85,89,97,101" /><INIT seed="4,1,1,4,0,87" ten="258,250,158,324" oya="0" hai0="135,92,64,67,57,117,47,124,77,29,11,38,76" hai1="121,56,53,75,33,37,90,30,63,44,69,40,48" hai2="24,83,8,10,71,66,119,109,112,115,82,43,99" hai3="84,129,52,103,35,93,15,0,34,79,127,133,14"/><T31/><D117/><U58/><E121/><V110/><F43/><W98/><G0/><T32/><D32/><U101/><E75/><V17/><F71/><W16/><G129/><T25/><D124/><U95/><E101/><V70/><F70/><W100/><G100/><T28/><D135/><U96/><E33/><V18/><F66/><N who="0" m="25130" /><D38/><U65/><REACH who="1" step="1"/><E30/><REACH who="1" ten="258,240,158,324" step="2"/><V104/><F119/><W107/><G34/><T5/><D31/><U113/><E113/><V126/><F126/><W91/><G35/><T102/><D29/><U120/><E120/><V55/><F115/><W60/><G127/><T12/><D28/><U13/><E13/><V81/><F112/><W125/><G15/><T20/><D25/><U4/><E4/><V61/><F24/><W9/><G125/><T23/><D5/><U41/><E41/><V111/><F18/><W50/><G133/><T54/><D12/><U7/><E7/><V49/><F17/><W131/><G131/><T118/><D118/><U128/><E128/><V97/><F110/><W1/><G1/><T51/><D11/><U72/><E72/><V86/><F109/><W42/><G42/><T45/><D20/><U73/><E73/><V26/><F26/><W80/><G107/><T85/><D23/><U89/><E89/><V62/><F111/><W78/><REACH who="3" step="1"/><G60/><REACH who="3" ten="258,240,158,314" step="2"/><T19/><D102/><U21/><E21/><V22/><F104/><W27/><G27/><T6/><D6/><U132/><E132/><V116/><F62/><W94/><G94/><T68/><D19/><U74/><E74/><V108/><F61/><W39/><G39/><RYUUKYOKU ba="1,3" sc="258,-15,240,15,158,-15,314,15" hai1="37,40,44,48,53,56,58,63,65,69,90,95,96" hai3="9,14,16,50,52,78,79,80,84,91,93,98,103" /><INIT seed="5,2,3,2,1,119" ten="243,255,143,329" oya="1" hai0="133,103,75,92,13,33,105,80,28,116,129,94,108" hai1="53,30,69,37,18,117,113,27,25,98,20,74,78" hai2="121,71,97,45,26,4,22,58,111,47,35,107,62" hai3="118,0,102,106,70,66,83,21,12,122,84,16,29"/><U17/><E117/><V19/><F111/><W48/><G118/><T38/><D116/><U60/><E37/><V82/><F4/><W42/><G0/><T46/><D108/><U86/><E74/><V130/><F130/><W72/><G72/><T65/><D129/><U96/><E113/><V63/><F63/><W44/><G122/><T54/><D133/><U55/><E69/><V95/><F71/><W67/><G70/><T101/><D65/><U9/><E9/><V81/><F107/><W88/><REACH who="3" step="1"/><G29/><REACH who="3" ten="243,255,143,319" step="2"/><T125/><D28/><U90/><E30/><V8/><F121/><W73/><G73/><T123/><D75/><U39/><E39/><V76/><F35/><W14/><G14/><T36/><D33/><U91/><E86/><N who="2" m="48423" /><F8/><W120/><G120/><T5/><D123/><U41/><E20/><V104/><F104/><W2/><G2/><T131/><D105/><U112/><E112/><V79/><F79/><W52/><G52/><T115/><D115/><U114/><E114/><V50/><F82/><W85/><G85/><T110/><D80/><U134/><E78/><V15/><F15/><W64/><G64/><T23/><D13/><U43/><E134/><V93/><F93/><W31/><G31/><T57/><D94/><U132/><E132/><V51/><F95/><W3/><G3/><T126/><D92/><U6/><E6/><V61/><F97/><AGARI ba="2,4" hai="12,16,21,42,44,48,66,67,83,84,88,97,102,106" machi="97" ten="40,8000,1" yaku="1,1,54,2,53,1" doraHai="119" doraHaiUra="40" who="3" fromWho="2" sc="243,0,255,0,143,-86,319,126" /><INIT seed="6,0,0,2,1,11" ten="243,255,57,445" oya="2" hai0="111,25,125,94,124,19,67,98,126,63,33,18,41" hai1="104,45,26,30,22,80,35,123,82,102,128,118,115" hai2="21,99,85,114,12,130,10,79,61,93,86,66,96" hai3="120,2,109,107,103,56,40,87,65,84,133,29,60"/><V13/><F114/><W129/><G109/><T108/><D41/><U46/><E115/><V6/><F130/><W117/><G120/><T59/><D33/><U91/><E118/><V127/><F127/><W57/><G2/><T3/><D3/><U62/><E128/><V0/><F79/><W105/><G117/><T89/><D25/><U53/><E104/><V20/><F20/><W52/><G40/><T121/><D121/><U92/><E102/><V15/><F21/><W48/><G133/><T39/><D39/><U68/><E68/><V50/><F50/><W74/><G74/><T43/><D43/><U110/><E110/><AGARI ba="0,0" hai="18,19,59,63,67,89,94,98,108,110,111,124,125,126" machi="110" ten="50,1600,0" yaku="18,1" doraHai="11" who="0" fromWho="1" sc="243,16,255,-16,57,0,445,0" /><INIT seed="7,0,0,5,2,37" ten="259,239,57,445" oya="3" hai0="20,42,7,14,99,129,51,76,78,117,105,86,100" hai1="88,107,66,74,81,131,3,4,90,25,114,123,72" hai2="33,8,91,41,80,108,48,63,34,120,30,21,10" hai3="32,98,39,134,115,112,6,43,109,75,85,26,95"/><W84/><G75/><T61/><D117/><U58/><E123/><V116/><F80/><W54/><G6/><T13/><D129/><U55/><E107/><V50/><F91/><W19/><G134/><T31/><D61/><U22/><E131/><V1/><F63/><W87/><G109/><T23/><D76/><U132/><E132/><V118/><F21/><W126/><G54/><T106/><D106/><U83/><E72/><V56/><F56/><W71/><G71/><T0/><D0/><U94/><E74/><V70/><F70/><W35/><G126/><T52/><D31/><N who="1" m="17847" /><E3/><V104/><F104/><W103/><G19/><T15/><D7/><U133/><E133/><V29/><F1/><W125/><G125/><T89/><D78/><U60/><E114/><N who="3" m="43562" /><G26/><T40/><D23/><U119/><E119/><V93/><F93/><W36/><G36/><T28/><D28/><U73/><E73/><V46/><F46/><AGARI ba="0,0" hai="32,35,39,43,46,84,85,87,95,98,103" m="43562" machi="46" ten="30,2900,0" yaku="15,1,52,1" doraHai="37" who="3" fromWho="2" sc="259,0,239,0,57,-29,445,29" owari="259,5.9,239,-16.1,28,-47.2,474,57.4" /></mjloggm>