<mjloggm ver="2.3"><GO type="169" lobby="0"/><UN n0="%E8%B5%A4%E6%9C%A8%E3%81%97%E3%81%92%E3%82%8B" n1="%6F%74%79%6D%32%34" n2="%45%7A%61%6B%69" n3="%E3%81%8B%E3%81%AA%E3%81%8D%E3%83%BC" dan="16,16,16,17" rate="2089.76,2059.69,2110.95,2240.44" sx="M,M,M,F"/><TAIKYOKU oya="0"/><INIT seed="0,0,0,5,4,117" ten="250,250,250,250" oya="0" hai0="60,58,8,18,104,27,128,89,82,4,3,66,28" hai1="29,115,65,112,110,51,123,56,26,130,96,108,100" hai2="135,37,64,22,76,10,14,30,55,12,32,31,95" hai3="90,121,132,2,80,38,120,45,24,107,23,39,74"/><T92/><D128/><U72/><E72/><V0/><F37/><W97/><G2/><T91/><D104/><U57/><E130/><V46/><F64/><W75/><G75/><T103/><D82/><U98/><E51/><V106/><F106/><W25/><G25/><T119/><D18/><U33/><E123/><N who="3" m="47178" /><G132/><T6/><D6/><U94/><E98/><V34/><F76/><N who="3" m="44055" /><G45/><T79/><D79/><U52/><E65/><V126/><F95/><N who="3" m="56567" /><G107/><T93/><D3/><U21/><E33/><N who="2" m="12907" /><F55/><W124/><G124/><T47/><D27/><U7/><E52/><V101/><F46/><W13/><G13/><N who="2" m="5225" /><F101/><W1/><G1/><T15/><D47/><U78/><E100/><V71/><F71/><W49/><G49/><T83/><D103/><U77/><E57/><V54/><F54/><W86/><G86/><T102/><D58/><U9/><E56/><V17/><F126/><W122/><N who="3" m="47186" /><W43/><DORA hai="5" /><G43/><T131/><D102/><U67/><E96/><V85/><F85/><W69/><G69/><T50/><D131/><U113/><E113/><V53/><F53/><W68/><G68/><T87/><D50/><U44/><E44/><V62/><F135/><W61/><G61/><T99/><D60/><U16/><E115/><V111/><F62/><W35/><G35/><T40/><D40/><U134/><E112/><V127/><F127/><W36/><G36/><T20/><D87/><U105/><E134/><V70/><F70/><W73/><G73/><T118/><D118/><U63/><E63/><V42/><F42/><W11/><G11/><T84/><D119/><RYUUKYOKU ba="0,0" sc="250,-10,250,-10,250,-10,250,30" hai3="23,24,38,39" /><INIT seed="1,1,0,0,5,89" ten="240,240,240,280" oya="1" hai0="90,112,127,108,86,4,21,80,134,125,37,104,95" hai1="74,46,34,103,91,101,88,71,68,33,55,85,56" hai2="41,122,16,59,48,72,9,76,109,6,17,0,49" hai3="35,130,29,121,102,28,67,47,107,120,133,128,11"/><U64/><E74/><V83/><F122/><W14/><G67/><T65/><D37/><U13/><E46/><V51/><F109/><W36/><G107/><T110/><D4/><U77/><E77/><V87/><F41/><W31/><G102/><T106/><D65/><U111/><E111/><N who="0" m="42537" /><D112/><U105/><E91/><V24/><F59/><W54/><G36/><T60/><D60/><U1/><E1/><V57/><F57/><W115/><G54/><T97/><D21/><U8/><E34/><V126/><F126/><N who="0" m="48138" /><D134/><U3/><E33/><V100/><F100/><AGARI ba="1,0" hai="80,86,90,95,97,100,104,106" m="48138,42537" machi="100" ten="30,8000,1" yaku="14,1,18,1,34,2,52,1" doraHai="89" who="0" fromWho="2" sc="240,83,240,0,240,-83,280,0" /><INIT seed="2,0,0,4,1,59" ten="323,240,157,280" oya="2" hai0="104,38,120,63,118,61,62,7,66,98,109,132,17" hai1="9,64,47,83,130,125,84,13,48,21,42,20,10" hai2="72,103,52,106,67,8,122,129,37,116,88,14,35" hai3="95,115,90,68,99,110,25,73,87,43,32,96,26"/><V31/><F122/><W12/><G110/><T5/><D120/><U94/><E130/><V97/><F116/><W75/><G115/><T71/><D38/><U85/><E125/><V49/><F129/><W44/><G68/><T15/><D109/><U45/><E64/><V22/><F37/><W133/><G133/><T3/><D132/><U54/><E94/><V91/><F72/><W76/><G32/><T124/><D124/><U65/><E65/><V27/><F67/><W92/><G12/><T102/><D118/><U80/><E13/><V50/><F35/><W28/><G76/><T112/><D112/><U105/><E48/><V19/><REACH who="2" step="1"/><F49/><REACH who="2" ten="323,240,147,280" step="2"/><W111/><G73/><T11/><REACH who="0" step="1"/><D5/><REACH who="0" ten="313,240,147,280" step="2"/><U53/><E105/><V135/><F135/><W77/><G111/><T39/><D39/><U131/><E131/><V113/><F113/><W128/><G128/><T69/><D69/><U123/><E123/><V114/><F114/><W36/><G36/><T29/><D29/><U101/><E42/><V82/><F82/><W89/><G28/><T57/><D57/><AGARI ba="0,2" hai="8,14,19,22,27,31,50,52,57,88,91,97,103,106" machi="57" ten="30,11600,0" yaku="1,1,7,1,54,2,53,0" doraHai="59" doraHaiUra="34" who="2" fromWho="0" sc="313,-116,240,0,147,136,280,0" /><INIT seed="2,1,0,2,4,62" ten="197,240,283,280" oya="2" hai0="56,64,66,98,42,80,117,27,19,114,135,45,112" hai1="88,14,33,11,34,57,120,72,96,3,54,126,90" hai2="61,128,70,32,103,60,129,28,132,125,0,51,87" hai3="95,13,67,36,101,73,119,92,78,110,133,84,50"/><V37/><F37/><W131/><G119/><T121/><D121/><U104/><E3/><V81/><F0/><W79/><G36/><T93/><D117/><U4/><E72/><V15/><F125/><W105/><G110/><T100/><D135/><U106/><E126/><V46/><F132/><W63/><G131/><T115/><D56/><U86/><E120/><V39/><F39/><W7/><G50/><T9/><D80/><U21/><E21/><V83/><F103/><W55/><G55/><T118/><D118/><U134/><E134/><V1/><F1/><W94/><G73/><T75/><D75/><U116/><E116/><V59/><F15/><W10/><G84/><T71/><D71/><U25/><E90/><V69/><F32/><W89/><G89/><T35/><D9/><U123/><E123/><V53/><F28/><W24/><G24/><T108/><D108/><U29/><E96/><V41/><F83/><W49/><G49/><T102/><D102/><U76/><E76/><V113/><F113/><W48/><G48/><T5/><D5/><U130/><E34/><V30/><F30/><W65/><G133/><T47/><D42/><U18/><E4/><V44/><F87/><W82/><G82/><T109/><D109/><U20/><E33/><V107/><F81/><W91/><G91/><T97/><D97/><U6/><E130/><N who="2" m="50283" /><F107/><W127/><G127/><T12/><D12/><U22/><E29/><V85/><F85/><W52/><G105/><T17/><D35/><U8/><E106/><V58/><F46/><N who="0" m="17418" /><D27/><N who="1" m="14743" /><E104/><V23/><F23/><W16/><G101/><RYUUKYOKU ba="1,0" sc="197,15,240,-15,283,15,280,-15" hai0="17,19,64,66,93,98,100,112,114,115" hai2="41,44,51,53,58,59,60,61,69,70" /><INIT seed="2,2,0,4,4,95" ten="212,225,298,265" oya="2" hai0="109,11,44,86,84,100,131,38,75,57,101,72,89" hai1="16,21,120,96,88,71,33,118,34,58,32,5,55" hai2="73,129,8,9,76,37,56,49,128,130,103,123,115" hai3="68,124,18,92,61,125,133,67,30,108,132,51,91"/><V94/><F37/><W126/><G108/><T19/><D38/><U77/><E118/><V62/><F123/><W81/><G30/><T43/><D131/><U48/><E120/><V114/><F49/><W90/><G18/><T65/><D109/><U46/><E71/><V127/><F127/><W40/><G81/><T82/><D75/><U106/><E77/><V122/><F122/><W22/><G22/><T116/><D116/><U0/><E46/><V66/><F76/><W134/><REACH who="3" step="1"/><G92/><REACH who="3" ten="212,225,298,255" step="2"/><T27/><D19/><U12/><E34/><V99/><REACH who="2" step="1"/><F73/><REACH who="2" ten="212,225,288,255" step="2"/><W110/><G110/><T98/><D72/><U111/><E111/><V50/><F50/><W104/><G104/><T69/><D43/><U59/><E106/><V45/><F45/><AGARI ba="2,2" hai="40,45,51,61,67,68,90,91,124,125,126,132,133,134" machi="45" ten="50,8000,1" yaku="1,1,18,1,20,1,53,1" doraHai="95" doraHaiUra="64" who="3" fromWho="2" sc="212,0,225,0,288,-86,255,106" /><INIT seed="3,0,0,4,1,93" ten="212,225,202,361" oya="3" hai0="134,11,84,30,7,58,106,47,17,125,107,126,49" hai1="67,62,31,123,94,26,116,27,102,115,88,69,133" hai2="42,97,77,64,120,118,36,73,12,92,15,113,119" hai3="90,22,34,99,51,61,56,9,127,72,121,131,122"/><W124/><G34/><T135/><D30/><U57/><E123/><V40/><F113/><W0/><G72/><T25/><D58/><U53/><E115/><V85/><F120/><W48/><G131/><T110/><D84/><U75/><E133/><N who="0" m="50697" /><D110/><U13/><E116/><V35/><F35/><W28/><G122/><T21/><D49/><U87/><E75/><V60/><F73/><W80/><G48/><T98/><D47/><U29/><E102/><V129/><F129/><W130/><G51/><T50/><D50/><U108/><E108/><V32/><F32/><W24/><G130/><T86/><D86/><U103/><E103/><V45/><F42/><W54/><G121/><T33/><D33/><U109/><E109/><V65/><F119/><W68/><G68/><T6/><D98/><U10/><E69/><V117/><F117/><W81/><G81/><T38/><D38/><U100/><E100/><V112/><F112/><W19/><G80/><T14/><D106/><U104/><E104/><V59/><F65/><W83/><G83/><T3/><D107/><U2/><E67/><V79/><F118/><W1/><G28/><N who="1" m="10826" /><E2/><V128/><F128/><W46/><G46/><T18/><D6/><AGARI ba="0,0" hai="6,10,13,26,27,53,57,62,87,88,94" m="10826" machi="6" ten="30,2000,0" yaku="8,1,54,1" doraHai="93" who="1" fromWho="0" sc="212,-20,225,20,202,0,361,0" /><INIT seed="4,0,0,0,5,96" ten="192,245,202,361" oya="0" hai0="124,98,1,41,6,73,16,20,117,75,133,70,60" hai1="118,40,115,49,24,27,107,3,29,54,67,84,38" hai2="76,113,45,7,28,34,25,135,130,134,102,92,125" hai3="114,128,63,95,106,83,36,19,53,30,23,46,44"/><T78/><D133/><N who="2" m="50698" /><F113/><W103/><G106/><T10/><D124/><U129/><E118/><V15/><F125/><W32/><G128/><T11/><D117/><U110/><E110/><V59/><F130/><W121/><G114/><T57/><D70/><U112/><E129/><V0/><F0/><W22/><G32/><T48/><D11/><U116/><E3/><V33/><F76/><W13/><G36/><T89/><D78/><U93/><E38/><V50/><F59/><N who="3" m="35311" /><G83/><T71/><D71/><U55/><E116/><V2/><F2/><W72/><G72/><T86/><D98/><U80/><E112/><V51/><F34/><W35/><G35/><T77/><D77/><U74/><E74/><V79/><F79/><W109/><G121/><T14/><D48/><N who="2" m="18474" /><F45/><W18/><G109/><T52/><REACH who="0" step="1"/><D41/><REACH who="0" ten="182,245,202,361" step="2"/><U91/><E40/><V82/><F7/><W17/><G44/><T104/><D104/><U81/><E107/><V4/><F4/><W126/><G46/><T5/><D5/><U61/><E115/><V65/><F33/><W64/><G126/><T66/><D66/><U100/><E67/><V88/><F65/><W68/><G64/><T39/><D39/><U42/><E42/><V123/><F123/><W127/><G127/><T120/><D120/><U12/><E49/><V47/><F47/><W69/><G69/><T21/><D21/><U87/><E55/><V37/><F37/><W131/><G68/><T99/><D99/><U85/><E54/><V94/><F28/><W31/><G131/><T108/><D108/><U8/><E29/><N who="3" m="10762" /><G22/><T43/><D43/><RYUUKYOKU ba="0,1" sc="182,15,245,-15,202,-15,361,15" hai0="1,6,10,14,16,20,52,57,60,73,75,86,89" hai3="13,17,18,19,23,95,103" /><INIT seed="4,1,1,2,5,117" ten="197,230,187,376" oya="0" hai0="57,84,15,130,1,21,116,41,5,129,46,19,77" hai1="80,35,31,97,135,22,66,11,95,112,18,47,105" hai2="42,44,126,43,32,36,93,127,113,56,69,52,121" hai3="134,120,118,131,24,132,115,40,39,91,23,94,87"/><T89/><D116/><U128/><E105/><V14/><F32/><W34/><G34/><T67/><D77/><U106/><E106/><V92/><F113/><W68/><G118/><T96/><D96/><U12/><E112/><V85/><F69/><W74/><G115/><T108/><D108/><U81/><E128/><N who="0" m="49257" /><D5/><U101/><E135/><V3/><F3/><W2/><G131/><T63/><D1/><U122/><E35/><V54/><F14/><W75/><G2/><T20/><D21/><U55/><E122/><V65/><F85/><W111/><G120/><T119/><D119/><U123/><E123/><V83/><F121/><W64/><G111/><T45/><D41/><U37/><E66/><V72/><F43/><W61/><G40/><T4/><D4/><U8/><E37/><V58/><F65/><W99/><G39/><T88/><D89/><U28/><E22/><V78/><F56/><W104/><G104/><T9/><D9/><U48/><REACH who="1" step="1"/><E11/><REACH who="1" ten="197,220,187,376" step="2"/><V38/><F38/><W60/><G132/><T79/><D79/><U103/><E103/><V49/><REACH who="2" step="1"/><F54/><REACH who="2" ten="197,220,177,376" step="2"/><W62/><G134/><T51/><D67/><U26/><E26/><V82/><F82/><AGARI ba="1,3" hai="8,12,18,28,31,47,48,55,80,81,82,95,97,101" machi="82" ten="40,5200,0" yaku="1,1,8,1,53,1" doraHai="117" doraHaiUra="98" who="1" fromWho="2" sc="197,0,220,85,177,-55,376,0" /><INIT seed="5,0,0,0,0,26" ten="197,305,122,376" oya="1" hai0="75,108,122,131,32,84,95,79,10,62,61,54,90" hai1="11,123,15,45,77,56,51,85,28,104,27,115,37" hai2="129,72,97,86,125,49,29,17,80,30,98,117,120" hai3="135,21,18,64,58,7,38,33,35,39,96,66,107"/><U53/><E123/><V132/><F120/><W106/><G135/><T101/><D32/><U99/><E115/><V24/><F117/><W13/><G7/><T81/><D108/><U31/><E104/><V124/><F72/><W0/><G0/><T134/><D122/><U83/><E99/><V67/><F132/><W60/><G66/><T19/><D54/><U127/><E127/><N who="2" m="48715" /><F67/><W119/><G119/><T40/><D40/><U16/><E37/><V42/><F129/><W1/><G1/><T74/><D74/><U9/><E27/><V91/><F17/><W43/><G107/><T57/><D131/><U128/><E128/><V94/><F24/><W82/><G82/><T102/><D134/><U105/><E105/><V25/><F25/><W47/><REACH who="3" step="1"/><G38/><REACH who="3" ten="197,305,122,366" step="2"/><T4/><D4/><U126/><E126/><V44/><F98/><W12/><G12/><N who="0" m="7575" /><D75/><U89/><E77/><AGARI ba="0,1" hai="29,30,42,44,49,77,80,86,91,94,97" m="48715" machi="77" ten="30,3900,0" yaku="18,1,52,2" doraHai="26" who="2" fromWho="1" sc="197,0,305,-39,122,49,366,0" /><INIT seed="6,0,0,5,3,124" ten="197,266,171,366" oya="2" hai0="91,112,86,4,17,49,116,87,16,44,64,72,11" hai1="42,34,54,129,2,96,5,101,84,18,93,13,111" hai2="102,55,103,135,1,15,127,28,89,98,75,88,35" hai3="109,80,29,97,19,107,8,69,66,68,23,76,130"/><V26/><F127/><W81/><G109/><T39/><D72/><U105/><E111/><V31/><F1/><W95/><G107/><T90/><D112/><U117/><E117/><V92/><F135/><W40/><G130/><T45/><D116/><U52/><E34/><V108/><F108/><W9/><G40/><T110/><D110/><U21/><E129/><V14/><F75/><W61/><G69/><T122/><D122/><U7/><E42/><V38/><F38/><W70/><G68/><T24/><D64/><U65/><E65/><V133/><F133/><W115/><G29/><T67/><D67/><U56/><E2/><V132/><F132/><W123/><G81/><N who="0" m="49487" /><D39/><U0/><E0/><V119/><F119/><W37/><G37/><T43/><D44/><U57/><E105/><V22/><F55/><N who="1" m="21033" /><E84/><V12/><REACH who="2" step="1"/><F103/><REACH who="2" ten="197,266,161,366" step="2"/><W104/><G66/><T53/><D43/><U113/><E113/><V126/><F126/><W73/><G115/><T118/><D118/><U47/><E101/><V131/><F131/><W94/><G73/><T6/><D11/><U79/><E47/><V106/><F106/><W3/><G104/><T120/><D120/><U46/><E46/><V128/><F128/><W25/><G123/><T59/><D45/><U121/><E121/><V48/><F48/><W60/><G3/><T125/><D125/><U36/><E36/><V58/><F58/><W100/><G70/><T114/><D114/><U71/><E71/><V63/><F63/><W32/><G61/><T27/><D59/><U85/><E57/><V78/><F78/><W50/><G76/><RYUUKYOKU ba="0,1" sc="197,-10,266,-10,161,30,366,-10" hai2="12,14,15,22,26,28,31,35,88,89,92,98,102" /><INIT seed="6,1,1,3,1,48" ten="187,256,191,356" oya="2" hai0="28,118,33,37,88,123,97,52,64,9,110,62,12" hai1="36,114,120,19,11,95,127,32,61,91,47,63,82" hai2="109,29,74,23,7,2,24,71,72,15,79,35,122" hai3="5,14,59,111,92,45,46,40,135,21,115,133,89"/><V1/><F122/><W51/><G111/><T55/><D37/><U102/><E32/><V68/><F109/><W41/><G115/><T16/><D110/><U90/><E114/><V27/><F15/><W112/><G112/><T60/><D123/><U85/><E120/><V81/><F72/><W10/><G59/><T31/><D118/><U58/><E102/><V30/><REACH who="2" step="1"/><F7/><REACH who="2" ten="187,256,181,356" step="2"/><W18/><G5/><T93/><D33/><U103/><E127/><V106/><F106/><W116/><G14/><T96/><D96/><U78/><E11/><V101/><F101/><W73/><G10/><T66/><D28/><U119/><E103/><V104/><F104/><W56/><G73/><T75/><D75/><U99/><E119/><V53/><F53/><N who="0" m="20554" /><D31/><U42/><E19/><V50/><F50/><W43/><G51/><T8/><D9/><U38/><E38/><V70/><AGARI ba="1,2" hai="1,2,23,24,27,29,30,35,68,70,71,74,79,81" machi="70" ten="30,3000,0" yaku="1,1,0,1,53,0" doraHai="48" doraHaiUra="69" who="2" fromWho="2" sc="187,-11,256,-11,181,53,356,-11" /><INIT seed="6,2,0,4,3,47" ten="176,245,234,345" oya="2" hai0="95,41,135,18,106,31,115,73,40,23,83,14,49" hai1="76,109,114,33,75,16,85,45,11,10,98,59,67" hai2="29,123,131,37,84,82,4,44,1,70,92,63,86" hai3="96,90,12,54,19,91,50,111,100,5,46,87,34"/><V103/><F123/><W42/><G111/><T3/><D106/><U8/><E33/><V39/><F131/><W113/><G34/><T17/><D3/><U60/><E109/><V27/><F1/><W55/><G5/><T116/><D135/><U58/><E75/><V93/><F4/><W110/><G113/><T56/><D115/><U53/><E114/><V0/><F0/><W43/><G55/><N who="0" m="31855" /><D116/><U97/><E45/><V105/><F105/><W69/><G69/><T51/><D73/><U99/><E16/><N who="0" m="6249" /><D14/><U122/><E122/><V65/><F86/><W22/><G110/><T6/><D6/><U48/><E85/><V118/><F118/><W88/><REACH who="3" step="1"/><G87/><REACH who="3" ten="176,245,234,335" step="2"/><T130/><D130/><U36/><E53/><V128/><F128/><W66/><G66/><T108/><D108/><U101/><E67/><V80/><F84/><W52/><G52/><T71/><D83/><U117/><E117/><V26/><F65/><W129/><G129/><T89/><D71/><U125/><E99/><V72/><F70/><W15/><G15/><T61/><D40/><U64/><E64/><V30/><F72/><W124/><G124/><T78/><D41/><U120/><E98/><V21/><F82/><W132/><G132/><T32/><D78/><U25/><E125/><V107/><F80/><W77/><G77/><T20/><D32/><U126/><E76/><V134/><F134/><W9/><G9/><T62/><D20/><U74/><E126/><V94/><F21/><W112/><G112/><T133/><D133/><U13/><E74/><V104/><F63/><W127/><G127/><RYUUKYOKU ba="2,1" sc="176,-10,245,-10,234,-10,335,30" hai3="12,19,22,42,43,46,50,54,88,90,91,96,100" /><INIT seed="7,3,1,1,1,7" ten="166,235,224,365" oya="3" hai0="4,40,52,72,105,83,109,50,22,45,121,135,108" hai1="127,47,113,93,8,6,65,57,134,92,100,41,25" hai2="111,29,14,0,58,90,68,11,81,60,28,101,46" hai3="119,48,30,114,94,99,71,43,24,53,54,97,86"/><W17/><G119/><T33/><D105/><U110/><E110/><V133/><F111/><W116/><G116/><T115/><D121/><U3/><E113/><V66/><F133/><W23/><G71/><T112/><D33/><U35/><E134/><V27/><F0/><W20/><G43/><T56/><D135/><U63/><E127/><V32/><F29/><W34/><G53/><T26/><D4/><U103/><E35/><V102/><F46/><W21/><G21/><T44/><D44/><U95/><REACH who="1" step="1"/><E25/><REACH who="1" ten="166,225,224,365" step="2"/><V18/><F68/><W69/><G24/><T19/><D72/><U79/><E79/><V62/><F62/><W89/><G114/><N who="0" m="43563" /><D83/><U70/><E70/><V36/><F36/><AGARI ba="3,2" hai="19,22,26,36,40,45,50,52,56,108,109" m="43563" machi="36" ten="30,3900,0" yaku="15,1,11,1,54,1" doraHai="7" who="0" fromWho="2" sc="166,68,225,0,224,-48,365,0" /><AGARI ba="3,0" hai="3,6,8,36,41,47,57,63,65,92,93,95,100,103" machi="36" ten="40,5200,0" yaku="1,1,52,1,53,1" doraHai="7" doraHaiUra="38" who="1" fromWho="2" sc="234,0,225,52,176,-52,365,0" owari="234,-16.6,277,7.7,124,-37.6,365,46.5" /></mjloggm>