<mjloggm ver="2.3"><GO type="169" lobby="0"/><UN n0="%31%74%61" n1="%E7%BD%AA%E5%88%91%E6%B3%95%E5%AE%9A%E4%B8%BB%E7%BE%A9" n2="%E7%9C%9F%E4%B8%80" n3="%65%6B%61%72%75%74%65" dan="18,17,17,16" rate="2285.00,2239.10,2259.16,2096.00" sx="M,M,M,M"/><TAIKYOKU oya="0"/><INIT seed="0,0,0,4,0,2" ten="250,250,250,250" oya="0" hai0="76,111,43,41,45,26,123,116,91,117,65,4,92" hai1="70,14,112,62,86,37,109,38,30,100,12,49,19" hai2="130,9,74,17,101,98,94,106,6,32,95,46,128" hai3="54,47,81,31,29,122,121,55,102,107,63,119,56"/><T120/><D76/><U85/><E109/><V0/><F74/><W83/><G119/><T28/><D111/><U23/><E30/><N who="3" m="11274" /><G107/><T75/><D75/><U20/><E112/><V11/><F32/><W93/><G122/><T59/><D117/><U126/><E126/><V66/><F66/><N who="3" m="39271" /><G121/><T15/><D116/><U132/><E132/><V51/><F17/><W25/><G25/><T99/><D43/><U10/><E100/><V103/><F9/><W87/><G47/><T64/><D59/><U42/><E23/><V82/><F82/><N who="3" m="31243" /><G102/><T7/><D123/><U73/><E73/><V115/><F115/><W58/><G58/><T60/><D60/><U90/><E38/><V124/><F124/><W44/><G44/><T89/><D89/><AGARI ba="0,0" hai="54,55,87,89,93" m="31243,39271,11274" machi="89" ten="30,1000,0" yaku="8,1" doraHai="2" who="3" fromWho="0" sc="250,-10,250,0,250,0,250,10" /><INIT seed="1,0,0,5,5,3" ten="240,250,250,260" oya="1" hai0="129,24,89,31,85,6,10,1,91,121,16,45,55" hai1="80,83,27,69,41,25,92,13,102,119,49,133,125" hai2="42,44,71,67,72,81,106,58,82,48,88,135,11" hai3="75,54,57,53,12,40,23,70,120,8,56,118,65"/><U64/><E119/><V22/><F106/><W38/><G120/><T66/><D129/><U79/><E133/><V34/><F34/><W21/><G118/><T95/><D121/><U111/><E125/><V110/><F135/><W5/><G75/><T74/><D74/><U9/><E69/><V30/><F71/><W51/><G65/><T61/><D91/><U36/><E36/><V39/><F110/><W93/><G70/><T78/><D78/><U114/><E114/><V105/><F105/><W7/><G93/><T35/><D66/><U77/><E64/><V84/><F11/><W46/><REACH who="3" step="1"/><G5/><REACH who="3" ten="240,250,250,250" step="2"/><T107/><D107/><U104/><E104/><V63/><F72/><W97/><G97/><T76/><D95/><U124/><E111/><V18/><F39/><W130/><G130/><T126/><D6/><N who="1" m="3255" /><E124/><V131/><F131/><W96/><G96/><T128/><D126/><U103/><E83/><N who="2" m="49183" /><F30/><W113/><G113/><T29/><D29/><U115/><E115/><V33/><F33/><W108/><G108/><T122/><D128/><U60/><E92/><V26/><AGARI ba="0,1" hai="18,22,26,42,44,48,58,63,67,81,82" m="49183" machi="26" ten="30,2000,0" yaku="8,1,54,1" doraHai="3" who="2" fromWho="2" sc="240,-5,250,-10,250,30,250,-5" /><INIT seed="2,0,0,3,0,132" ten="235,240,280,245" oya="2" hai0="47,64,129,24,100,126,40,31,11,27,44,94,60" hai1="54,15,2,3,82,77,33,115,39,117,48,32,76" hai2="41,78,135,118,69,130,0,17,108,90,61,4,98" hai3="70,28,37,104,119,22,110,65,50,12,38,8,86"/><V103/><F118/><W6/><G119/><T81/><D129/><U123/><E39/><V102/><F78/><W74/><G74/><T93/><D126/><U85/><E117/><V42/><F0/><W10/><G104/><T52/><D81/><U105/><E105/><V133/><F4/><W89/><G110/><T5/><D27/><U131/><E115/><V125/><F130/><W18/><G70/><T96/><D94/><U134/><E131/><V58/><F69/><W66/><G38/><T88/><D100/><U23/><E134/><N who="2" m="51211" /><F108/><W56/><G28/><T91/><D91/><U26/><E77/><V101/><F17/><W87/><G37/><T128/><D128/><U72/><E72/><V29/><F29/><W63/><G66/><T75/><D75/><U51/><E2/><V124/><F90/><W19/><G50/><T1/><D40/><N who="2" m="15466" /><F98/><W7/><G87/><T59/><REACH who="0" step="1"/><D64/><AGARI ba="0,0" hai="58,61,64,101,102,103,124,125" m="15466,51211" machi="64" ten="40,7700,0" yaku="20,1,52,2" doraHai="132" who="2" fromWho="0" sc="235,-77,240,0,280,77,245,0" /><INIT seed="2,1,0,1,1,35" ten="158,240,357,245" oya="2" hai0="52,16,3,8,74,71,1,114,122,0,2,34,111" hai1="126,27,105,132,54,125,101,124,38,72,10,17,58" hai2="47,22,61,42,76,134,120,81,92,63,62,9,110" hai3="5,40,18,113,7,127,48,103,97,94,57,121,88"/><V106/><F106/><W79/><G121/><T6/><D71/><U78/><E38/><V11/><F120/><W59/><G127/><T112/><D122/><U21/><E132/><V55/><F134/><W108/><G108/><T85/><D74/><U70/><E70/><V12/><F110/><W53/><G113/><T80/><D111/><U83/><E10/><V95/><F55/><W131/><G131/><T102/><D34/><U123/><E123/><V128/><F22/><W107/><G40/><T115/><D102/><U65/><E65/><V51/><F128/><W37/><G37/><T66/><D66/><U36/><E36/><V82/><F9/><W15/><G59/><T39/><D39/><U135/><E135/><V14/><F14/><W49/><G49/><T23/><D52/><U28/><E101/><V91/><F76/><W89/><G79/><T32/><D32/><U96/><E96/><N who="2" m="57375" /><F95/><W60/><G60/><T130/><D130/><U30/><REACH who="1" step="1"/><E105/><REACH who="1" ten="158,230,357,245" step="2"/><V43/><F42/><W119/><G119/><T20/><REACH who="0" step="1"/><D16/><AGARI ba="1,1" hai="11,12,16,43,47,51,61,62,63,81,82" m="57375" machi="16" ten="30,2900,0" yaku="8,1,54,1" doraHai="35" who="2" fromWho="0" sc="158,-32,230,0,357,42,245,0" /><INIT seed="2,2,0,3,1,108" ten="126,230,399,245" oya="2" hai0="24,37,117,29,80,88,31,90,22,6,116,87,127" hai1="131,73,76,112,97,107,34,15,96,129,50,56,77" hai2="55,20,64,115,98,68,10,134,101,46,94,30,33" hai3="128,105,109,67,66,82,28,104,93,118,124,43,41"/><V18/><F115/><W42/><G118/><N who="0" m="45675" /><D37/><U70/><E70/><V81/><F134/><W16/><G109/><T83/><D6/><U135/><E34/><V36/><F33/><W40/><N who="3" m="10240" /><DORA hai="133" /><W130/><G28/><N who="0" m="17431" /><D127/><U84/><E135/><V23/><F36/><W85/><G93/><T103/><D103/><U89/><E15/><V71/><F64/><N who="3" m="24619" /><G16/><T120/><D120/><U121/><E50/><V7/><F30/><N who="0" m="11274" /><D80/><N who="1" m="45071" /><E56/><V78/><F23/><W79/><G124/><T119/><N who="0" m="45683" /><T11/><DORA hai="26" /><D11/><U123/><E77/><AGARI ba="2,0" hai="77,83,87,88,90" m="11274,17431,45683" machi="77" ten="40,12000,2" yaku="12,1,52,4,54,1" doraHai="108,133,26" who="0" fromWho="1" sc="126,126,230,-126,399,0,245,0" /><INIT seed="3,0,0,2,4,37" ten="252,104,399,245" oya="3" hai0="30,90,26,115,85,1,106,69,108,126,23,79,76" hai1="74,70,78,54,88,100,13,120,31,25,84,38,82" hai2="58,131,112,101,123,67,61,129,92,94,4,50,87" hai3="132,49,63,71,124,102,36,64,24,11,57,27,128"/><W95/><G36/><T109/><D106/><U66/><E120/><V22/><F112/><W34/><G124/><T86/><D115/><U32/><E38/><V99/><F123/><W59/><G128/><T53/><D69/><U46/><E100/><V5/><F129/><W110/><G132/><T9/><D126/><U68/><E66/><N who="2" m="39223" /><F131/><W114/><G114/><T8/><D53/><U60/><E13/><V39/><F39/><W81/><G110/><N who="0" m="42603" /><D85/><U127/><E127/><V48/><F67/><W6/><G81/><N who="0" m="49487" /><D1/><U103/><E103/><V19/><F92/><W33/><G33/><T47/><D47/><U98/><E98/><V7/><F87/><W122/><G122/><T119/><D119/><U10/><E10/><AGARI ba="0,0" hai="8,9,10,23,26,30,76,79" m="49487,42603" machi="10" ten="30,1000,0" yaku="14,1" doraHai="37" who="0" fromWho="1" sc="252,10,104,-10,399,0,245,0" /><INIT seed="4,0,0,2,1,30" ten="262,94,399,245" oya="0" hai0="97,120,25,2,20,46,83,13,7,53,93,58,78" hai1="69,98,122,61,17,62,103,102,60,16,72,81,37" hai2="4,1,106,124,3,82,88,40,67,117,52,91,85" hai3="95,29,63,114,104,43,90,75,44,36,123,42,55"/><T134/><D134/><U99/><E122/><V125/><F117/><W24/><G123/><T130/><D130/><U135/><E135/><V132/><F132/><W118/><G118/><T128/><D128/><U112/><E37/><V48/><F106/><W41/><G104/><T127/><D127/><N who="2" m="48714" /><F40/><W119/><G119/><T10/><D46/><U23/><E112/><V47/><F67/><W121/><G121/><T33/><D120/><U9/><E69/><V54/><F4/><W5/><G114/><T111/><D111/><U109/><E109/><V76/><F54/><W38/><G75/><T45/><D45/><U22/><E72/><V108/><F108/><W8/><G63/><T39/><D39/><U71/><E71/><V26/><F26/><W34/><G55/><T73/><D33/><U96/><E81/><N who="2" m="49199" /><F91/><W100/><G100/><T129/><D129/><U6/><E6/><V70/><F70/><W113/><G38/><T19/><D93/><U110/><E110/><V107/><F107/><W115/><G113/><T32/><D97/><U14/><REACH who="1" step="1"/><E9/><REACH who="1" ten="262,84,399,245" step="2"/><V56/><F56/><W131/><G115/><T65/><D58/><U74/><E74/><AGARI ba="0,1" hai="1,3,47,48,52,74,76,82" m="49199,48714" machi="74" ten="30,3900,0" yaku="18,1,54,2" doraHai="30" who="2" fromWho="1" sc="262,0,84,-39,399,49,245,0" /><INIT seed="5,0,0,3,1,32" ten="262,45,448,245" oya="1" hai0="44,66,37,96,28,111,69,127,52,81,125,75,56" hai1="50,99,72,124,61,114,112,135,49,63,86,95,118" hai2="25,68,94,133,74,104,30,87,100,123,116,77,31" hai3="36,83,48,97,84,129,45,19,12,117,119,73,23"/><U41/><E72/><V64/><F31/><W134/><G129/><T34/><D111/><U15/><E86/><V91/><F123/><W17/><G134/><T24/><D96/><U21/><E118/><N who="3" m="45066" /><G73/><T132/><D132/><U35/><E35/><V26/><F133/><W110/><G110/><T101/><D101/><U106/><E106/><V33/><F116/><W2/><G2/><T40/><D66/><U16/><E135/><V3/><F25/><W126/><G126/><N who="0" m="48139" /><D69/><U102/><E124/><V29/><F30/><W113/><G113/><N who="1" m="43626" /><E41/><V1/><F64/><W115/><G115/><T80/><D75/><U57/><E63/><AGARI ba="0,0" hai="24,28,34,37,40,44,52,56,63,80,81" m="48139" machi="63" ten="30,2000,0" yaku="18,1,54,1" doraHai="32" who="0" fromWho="1" sc="262,20,45,-20,448,0,245,0" /><INIT seed="6,0,0,4,2,41" ten="282,25,448,245" oya="2" hai0="5,59,128,55,12,100,125,52,15,4,21,94,40" hai1="75,56,24,98,35,72,96,112,83,84,38,2,116" hai2="121,78,53,99,80,66,43,16,46,30,109,124,27" hai3="97,92,104,88,106,13,132,7,108,32,36,119,63"/><V19/><F121/><W33/><G119/><T127/><D128/><U122/><E56/><V44/><F124/><N who="0" m="47690" /><D40/><U130/><E24/><V105/><F109/><W51/><G108/><T6/><D21/><U115/><E35/><V10/><F66/><W67/><G36/><T111/><D111/><U123/><E2/><V129/><F129/><W85/><G132/><T102/><D55/><U101/><E38/><V77/><F105/><W95/><G106/><T25/><D25/><U42/><E42/><V45/><F43/><W87/><G104/><T54/><D54/><U50/><E50/><V60/><F99/><W14/><G33/><T29/><D29/><U18/><E18/><N who="2" m="6699" /><F10/><W48/><G32/><T107/><D107/><U3/><E3/><V68/><F68/><W65/><G97/><N who="0" m="59447" /><D102/><U22/><E22/><N who="2" m="15735" /><F80/><W20/><G20/><T23/><D23/><U47/><E47/><V70/><F70/><W86/><G67/><T81/><D81/><U89/><E130/><V103/><F103/><W73/><G65/><T117/><D117/><U58/><E58/><AGARI ba="0,0" hai="44,45,46,53,58,60,77,78" m="15735,6699" machi="58" ten="30,12000,1" yaku="8,1,52,3,54,1" doraHai="41" who="2" fromWho="1" sc="282,0,25,-120,448,120,245,0" owari="282,8.2,-95,-59.5,568,66.8,245,-15.5" /></mjloggm>