<mjloggm ver="2.3"><GO type="169" lobby="0"/><UN n0="%63%61%72%6C%6F%73%6E" n1="%68%61%73%68%69%30%30%31" n2="%62%6B%78" n3="%7A%6F%6F%31%39%36%34" dan="17,16,16,17" rate="2179.96,2079.35,2062.06,2197.46" sx="M,M,M,M"/><TAIKYOKU oya="0"/><INIT seed="0,0,0,5,3,64" ten="250,250,250,250" oya="0" hai0="76,5,1,81,132,63,125,47,80,51,133,105,66" hai1="13,10,55,56,118,38,115,83,114,24,33,94,8" hai2="27,36,49,11,44,75,102,2,59,46,121,61,28" hai3="22,95,120,111,78,101,127,9,20,96,68,32,93"/><T39/><D39/><U131/><E38/><V113/><F121/><W34/><G120/><T16/><D105/><U53/><E83/><V85/><F75/><W52/><G111/><T43/><D125/><U37/><E37/><V109/><F113/><W71/><G127/><T90/><D90/><U129/><E94/><V25/><F109/><W57/><G78/><T87/><D80/><U48/><E33/><V86/><F36/><W18/><G9/><T3/><D16/><N who="1" m="8231" /><E24/><V73/><F73/><W91/><G22/><T134/><REACH who="0" step="1"/><D5/><REACH who="0" ten="240,250,250,250" step="2"/><U74/><E10/><V72/><F11/><W103/><G103/><T106/><D106/><U12/><E12/><V88/><F102/><W104/><G104/><T6/><D6/><U17/><E17/><V58/><F88/><W100/><G100/><T50/><D50/><N who="1" m="30775" /><E118/><V130/><F49/><W60/><G34/><T21/><D21/><U29/><E29/><V84/><F28/><W14/><REACH who="3" step="1"/><G32/><REACH who="3" ten="240,250,250,240" step="2"/><T110/><D110/><U7/><E7/><V54/><F2/><W82/><G82/><T65/><D65/><U108/><E108/><V77/><F77/><W30/><G30/><T19/><D19/><U89/><E89/><V122/><F122/><W67/><G67/><T92/><D92/><U4/><E4/><V40/><F72/><W35/><G35/><T97/><D97/><AGARI ba="0,2" hai="14,18,20,52,57,60,68,71,91,93,95,96,97,101" machi="97" ten="30,8000,1" yaku="1,1,7,1,52,2,54,1,53,0" doraHai="64" doraHaiUra="69" who="3" fromWho="0" sc="240,-80,250,0,250,0,240,100" /><INIT seed="1,0,0,5,4,94" ten="160,250,250,340" oya="1" hai0="17,33,129,92,45,19,66,0,8,2,16,125,61" hai1="59,132,37,78,126,25,63,89,58,15,52,70,55" hai2="84,34,13,77,18,97,6,44,21,127,118,117,112" hai3="10,91,53,28,100,79,43,131,99,31,116,32,107"/><U135/><E78/><V11/><F34/><W14/><G116/><T109/><D33/><U124/><E25/><V4/><F127/><N who="1" m="48681" /><E89/><V5/><F112/><W62/><G131/><T27/><D125/><U111/><E15/><V90/><F44/><W98/><G43/><T67/><D129/><U65/><E37/><V115/><F115/><W30/><G79/><T46/><D109/><U81/><E81/><N who="2" m="47151" /><F118/><W39/><G39/><T134/><D134/><N who="1" m="51243" /><E111/><V85/><F117/><W108/><G108/><T49/><D27/><U1/><E1/><V38/><F38/><W83/><G32/><T20/><D20/><U80/><E80/><N who="2" m="49447" /><F97/><W69/><G83/><T95/><D0/><U128/><E128/><V24/><AGARI ba="0,0" hai="4,5,6,11,13,18,21,24" m="49447,47151" machi="24" ten="30,1100,0" yaku="8,1" doraHai="94" who="2" fromWho="2" sc="160,-3,250,-5,250,11,340,-3" /><INIT seed="2,0,0,4,3,129" ten="157,245,261,337" oya="2" hai0="20,117,78,115,28,25,113,123,4,135,106,48,72" hai1="22,3,118,100,62,41,97,98,87,91,37,63,69" hai2="71,90,99,94,0,29,9,34,114,102,68,130,58" hai3="110,121,17,88,92,96,1,36,30,125,95,19,40"/><V53/><F114/><W27/><G121/><T55/><D123/><U65/><E3/><V75/><F75/><W43/><G1/><T83/><D106/><U60/><E118/><V126/><F130/><W124/><G110/><T18/><D117/><U46/><E22/><V64/><F126/><N who="3" m="48747" /><G95/><T84/><D4/><U134/><E134/><V93/><F64/><W21/><G36/><T39/><D39/><U79/><E79/><V104/><F104/><W133/><G133/><T49/><D135/><U45/><E45/><V32/><F0/><W7/><G7/><T89/><D28/><U51/><E37/><V132/><F132/><W80/><G80/><T24/><D24/><U6/><E6/><V56/><F9/><W42/><AGARI ba="0,0" hai="17,19,21,27,30,40,42,43,88,92,96" m="48747" machi="42" ten="30,2000,0" yaku="18,1,54,1" doraHai="129" who="3" fromWho="3" sc="157,-5,245,-5,261,-10,337,20" /><INIT seed="3,0,0,0,4,115" ten="152,240,251,357" oya="3" hai0="83,62,42,124,23,0,113,22,30,89,54,47,3" hai1="90,111,102,87,33,99,130,28,69,26,117,97,34" hai2="92,67,70,2,127,12,9,52,71,31,39,79,78" hai3="57,4,24,7,134,77,123,45,20,125,72,101,40"/><W129/><G123/><T16/><D124/><U15/><E111/><V43/><F2/><W131/><G125/><T135/><D113/><U5/><E130/><N who="3" m="49674" /><G101/><T55/><D135/><U106/><E99/><V35/><F127/><W96/><G96/><T128/><D128/><U85/><E34/><V8/><F39/><W29/><G57/><T119/><D30/><U108/><E108/><V120/><F43/><W94/><G94/><T103/><D23/><U6/><E87/><V73/><F120/><W118/><G118/><T11/><D103/><U76/><E76/><V114/><F114/><W53/><G53/><T13/><D119/><U37/><E37/><V60/><F71/><W126/><G126/><T98/><D62/><U109/><E109/><V17/><F73/><W116/><G134/><T112/><D112/><U21/><E69/><V86/><F52/><W107/><G107/><T38/><D0/><U50/><E50/><V104/><F104/><W59/><G59/><T65/><D65/><U19/><E117/><V88/><F78/><W49/><G116/><T100/><D89/><U93/><AGARI ba="0,0" hai="5,6,15,19,21,26,28,33,85,90,93,97,102,106" machi="93" ten="20,1500,0" yaku="0,1,7,1" doraHai="115" who="1" fromWho="1" sc="152,-4,240,15,251,-4,357,-7" /><INIT seed="4,0,0,4,1,26" ten="148,255,247,350" oya="0" hai0="44,62,67,6,49,46,52,42,83,54,19,3,72" hai1="75,124,58,27,98,69,135,112,119,11,109,36,105" hai2="96,134,77,28,12,66,100,106,68,89,23,47,45" hai3="22,55,56,2,74,13,91,102,95,92,99,101,86"/><T117/><D117/><U32/><E58/><V127/><F127/><W51/><G74/><T29/><D19/><U90/><E27/><V70/><F134/><W133/><G133/><T88/><D72/><U5/><E90/><V17/><F77/><W110/><G2/><T111/><D111/><U33/><E98/><V4/><F4/><W24/><G110/><T48/><D6/><U1/><E11/><V123/><F123/><W0/><G0/><T108/><D3/><U79/><E79/><V31/><F89/><N who="3" m="55791" /><G13/><T9/><D9/><U94/><E94/><V97/><F97/><W113/><G113/><T81/><D108/><U84/><E84/><V63/><REACH who="2" step="1"/><F70/><REACH who="2" ten="148,255,237,350" step="2"/><W64/><G64/><T39/><D88/><U53/><E5/><V125/><F125/><W116/><G116/><T121/><D121/><U71/><E71/><V114/><F114/><W93/><G102/><T21/><D39/><U20/><E124/><V61/><F61/><W104/><G101/><T128/><D128/><U60/><E60/><V18/><F18/><N who="3" m="12375" /><G104/><T82/><D62/><U10/><E105/><V25/><F25/><W16/><G16/><T103/><D103/><U126/><E135/><V118/><F118/><W35/><G86/><T131/><D131/><U78/><E126/><V8/><F8/><W87/><G87/><T120/><D120/><U15/><E119/><V132/><F132/><W30/><G91/><T50/><D21/><U73/><E73/><V59/><F59/><W37/><G37/><T7/><D7/><U14/><E36/><V34/><F34/><W80/><G80/><RYUUKYOKU ba="0,1" sc="148,-15,255,-15,237,15,350,15" hai2="12,17,23,28,31,45,47,63,66,68,96,100,106" hai3="30,35,51,55,56,92,93" /><INIT seed="5,1,1,2,3,106" ten="133,240,252,365" oya="1" hai0="62,125,66,111,26,34,130,94,47,86,131,69,1" hai1="22,31,20,73,104,35,25,9,49,59,55,6,82" hai2="93,88,4,110,77,133,108,115,57,90,81,14,16" hai3="122,46,17,75,70,21,103,119,52,84,5,83,71"/><U87/><E104/><V135/><F4/><W28/><G122/><T72/><D111/><U44/><E59/><V45/><F115/><W61/><G28/><T60/><D1/><U54/><E54/><V85/><F45/><W120/><G120/><T32/><D125/><U105/><E105/><V132/><F57/><W39/><G5/><T24/><D62/><U78/><REACH who="1" step="1"/><E87/><REACH who="1" ten="133,230,252,365" step="2"/><N who="2" m="52383" /><F110/><W40/><G84/><T12/><D86/><U29/><E29/><V3/><F108/><W129/><G52/><T36/><D131/><U50/><E50/><V91/><F3/><AGARI ba="1,2" hai="3,6,9,20,22,25,31,35,44,49,55,73,78,82" machi="3" ten="30,5800,0" yaku="1,1,7,1,52,1,53,0" doraHai="106" doraHaiUra="114" who="1" fromWho="2" sc="133,0,230,81,252,-61,365,0" /><INIT seed="5,2,0,4,3,96" ten="133,311,191,365" oya="1" hai0="74,46,55,26,100,18,20,8,16,81,5,118,54" hai1="59,32,126,98,116,79,10,31,130,132,28,61,129" hai2="21,77,9,73,94,33,52,110,78,120,4,115,48" hai3="89,13,101,34,0,88,65,50,63,123,85,64,122"/><U84/><E116/><V29/><F110/><W15/><G0/><T1/><D118/><U97/><E126/><V23/><F120/><W82/><G34/><T58/><D46/><U80/><E10/><V22/><F115/><W107/><G65/><T47/><D47/><U19/><E19/><V40/><F40/><W91/><G50/><T131/><D131/><N who="1" m="50187" /><E132/><V37/><F37/><W53/><G53/><T45/><D45/><U93/><E97/><V106/><F106/><W90/><G13/><T70/><D70/><U75/><E75/><V117/><F117/><W24/><G15/><T12/><D58/><U43/><E43/><V87/><F73/><W86/><G24/><T14/><D26/><U112/><E32/><V7/><F33/><W51/><G51/><T92/><D74/><U42/><E42/><V60/><F60/><W69/><REACH who="3" step="1"/><G86/><REACH who="3" ten="133,311,191,355" step="2"/><T127/><D1/><U125/><E125/><V119/><F119/><W67/><G67/><T36/><D127/><U25/><E25/><V108/><F48/><W83/><G83/><T76/><D81/><U66/><E112/><V3/><F3/><W99/><AGARI ba="2,1" hai="63,64,69,82,85,88,89,90,91,99,101,107,122,123" machi="99" ten="30,7900,0" yaku="1,1,0,1,52,1,54,1,53,0" doraHai="96" doraHaiUra="105" who="3" fromWho="3" sc="133,-22,311,-41,191,-22,355,95" /><INIT seed="6,0,0,1,4,132" ten="111,270,169,450" oya="2" hai0="43,123,73,13,63,135,69,105,117,114,77,49,126" hai1="66,127,113,57,14,18,32,34,23,99,130,71,30" hai2="60,92,5,101,53,29,22,26,110,46,48,72,79" hai3="56,38,28,108,109,119,84,41,86,67,74,106,87"/><V134/><F134/><W33/><G74/><T36/><RYUUKYOKU type="yao9" ba="0,0" sc="111,0,270,0,169,0,450,0" hai0="13,36,43,49,63,69,73,77,105,114,117,123,126,135" /><INIT seed="6,1,0,4,3,61" ten="111,270,169,450" oya="2" hai0="89,26,121,68,128,43,78,55,134,94,62,96,10" hai1="46,66,15,74,45,60,40,18,92,20,82,105,71" hai2="90,122,79,11,101,3,36,84,28,30,129,34,38" hai3="0,56,19,27,91,72,106,63,133,50,59,83,117"/><V88/><F122/><W8/><G106/><T65/><D121/><U112/><E112/><V33/><F101/><W124/><G117/><T54/><D128/><U57/><E105/><V118/><F118/><W76/><G133/><T80/><D134/><U6/><E92/><V86/><F11/><W125/><G91/><T67/><D43/><U100/><E100/><V35/><F3/><W77/><G77/><T111/><D111/><U4/><E46/><V102/><F102/><W107/><G107/><T32/><D10/><U24/><E71/><V2/><F2/><W114/><G114/><T120/><D120/><U49/><E74/><V93/><F79/><W25/><G50/><T103/><D103/><U51/><E51/><V97/><F97/><W95/><G95/><T37/><D37/><U98/><E82/><V70/><F70/><W75/><G59/><T126/><D126/><N who="3" m="48745" /><G75/><T132/><D132/><U52/><E98/><V116/><F116/><W5/><G19/><T109/><D109/><U64/><E24/><V29/><F129/><W81/><G83/><T58/><D26/><U130/><REACH who="1" step="1"/><E130/><REACH who="1" ten="111,260,169,450" step="2"/><V87/><F93/><W16/><G27/><T53/><D32/><U21/><E21/><V85/><N who="2" m="21504" /><DORA hai="73" /><V99/><F99/><W108/><G108/><T9/><D68/><U113/><E113/><V13/><F13/><W31/><G31/><T47/><D80/><U1/><E1/><V7/><F7/><AGARI ba="1,1" hai="4,6,7,15,18,20,40,45,49,52,57,60,64,66" machi="7" ten="40,12000,2" yaku="1,1,8,1,52,2,54,1,53,1" doraHai="61,73" doraHaiUra="42,69" who="1" fromWho="2" sc="111,0,260,133,169,-123,450,0" /><INIT seed="7,0,0,5,2,19" ten="111,393,46,450" oya="3" hai0="45,124,59,111,65,129,108,88,23,134,92,32,66" hai1="14,85,9,84,61,91,20,15,26,27,117,3,52" hai2="103,131,22,76,63,69,51,115,135,64,48,130,12" hai3="94,93,97,54,21,35,102,33,17,36,1,10,28"/><W50/><G36/><T75/><D32/><U34/><E117/><V107/><F115/><W47/><G28/><T116/><D116/><U60/><E34/><V119/><F119/><W29/><G29/><T72/><D129/><U82/><E27/><V78/><F135/><W105/><G94/><T127/><D134/><U121/><E3/><V86/><F107/><W57/><G105/><T110/><D45/><U0/><E0/><V11/><F103/><W99/><G99/><N who="0" m="57735" /><D23/><U31/><E121/><V8/><F130/><W112/><G112/><T18/><D18/><U100/><E100/><V123/><F131/><W70/><G70/><T13/><D13/><U101/><E101/><V80/><F123/><W113/><G113/><T58/><D58/><U37/><E37/><V109/><F109/><W71/><G71/><T53/><D66/><U62/><E85/><V122/><F122/><W132/><G132/><T30/><D65/><U81/><E81/><V90/><F48/><W104/><G93/><T125/><D30/><U95/><E95/><V6/><F8/><W118/><G118/><T38/><D38/><U120/><E120/><V40/><F40/><W16/><G10/><T114/><D114/><U98/><E98/><V133/><F133/><W106/><G1/><T2/><D2/><U87/><E87/><V44/><REACH who="2" step="1"/><F22/><REACH who="2" ten="111,393,36,450" step="2"/><W79/><G21/><T56/><D110/><U7/><REACH who="1" step="1"/><E14/><REACH who="1" ten="111,383,36,450" step="2"/><V25/><F25/><W39/><G35/><T4/><D111/><U77/><E77/><V5/><F5/><W89/><G79/><T24/><D108/><U67/><E67/><RYUUKYOKU ba="0,2" sc="111,-15,383,15,36,15,450,-15" hai1="7,9,15,20,26,31,52,60,61,62,82,84,91" hai2="6,11,12,44,51,63,64,69,76,78,80,86,90" owari="96,-30.4,398,19.8,51,-44.9,455,55.5" /></mjloggm>