<mjloggm ver="2.3"><GO type="169" lobby="0"/><UN n0="%E3%81%91%E3%82%93%E3%81%9E%E3%83%BC%E3%83%99%E3%82%A4" n1="%E3%83%81%E3%83%83%E3%82%BF%E3%82%BD%E3%83%BC" n2="%62%61%6B%75%72%61%30%38" n3="%E5%A4%A9%E6%89%8D%E9%BA%BB%E5%B0%86%E6%99%BA%E4%B9%83" dan="16,16,17,16" rate="2081.64,2149.27,2175.21,2149.03" sx="M,F,M,M"/><TAIKYOKU oya="0"/><INIT seed="0,0,0,3,5,54" ten="250,250,250,250" oya="0" hai0="45,57,124,67,28,56,19,101,15,97,104,27,93" hai1="127,120,14,61,105,126,84,99,13,122,60,132,117" hai2="71,22,115,128,39,80,123,95,38,30,63,23,88" hai3="85,51,77,65,106,10,64,8,35,2,134,74,131"/><T75/><D75/><U26/><E26/><V11/><F123/><N who="1" m="47145" /><E117/><V102/><F115/><W72/><G106/><T76/><D76/><U121/><N who="1" m="47153" /><U111/><DORA hai="58" /><E84/><V6/><F128/><W129/><G35/><T100/><D124/><N who="1" m="47659" /><E111/><V50/><F50/><W119/><G119/><T91/><D45/><U52/><E132/><V92/><F102/><W18/><G134/><T69/><D101/><N who="1" m="62655" /><E52/><V25/><F92/><W55/><G85/><T90/><D69/><U89/><E89/><V46/><F80/><W42/><G77/><T59/><D67/><U113/><E113/><V17/><F46/><W116/><G116/><T112/><D112/><U12/><AGARI ba="0,0" hai="12,13,14,60,61" m="62655,47659,47153" machi="12" ten="50,6400,0" yaku="18,1,52,2" doraHai="54,58" who="1" fromWho="1" sc="250,-32,250,64,250,-16,250,-16" /><INIT seed="1,0,0,1,3,60" ten="218,314,234,234" oya="1" hai0="26,100,32,13,46,82,7,22,101,92,77,2,118" hai1="31,10,87,44,19,42,117,73,54,8,127,52,108" hai2="39,49,113,6,23,83,88,105,41,103,130,55,112" hai3="123,40,74,18,65,53,91,95,94,110,24,124,64"/><U11/><E117/><V90/><F130/><W131/><G123/><T79/><D79/><U129/><E73/><V80/><F6/><W85/><G131/><T128/><D118/><U97/><E129/><V16/><F41/><W38/><G74/><T1/><D1/><U3/><E3/><V122/><F39/><W109/><G124/><T115/><D115/><N who="2" m="44106" /><F122/><W96/><G53/><T66/><D32/><U62/><E127/><V59/><F103/><W17/><G40/><T35/><D35/><U45/><E31/><V63/><F105/><W98/><G38/><T119/><D2/><U102/><E19/><N who="3" m="7178" /><G24/><T14/><D119/><U107/><E108/><N who="3" m="41578" /><G98/><T50/><D128/><U29/><E29/><V28/><F28/><W120/><G120/><T86/><D7/><U51/><E44/><V106/><F106/><W99/><G99/><T104/><D104/><U126/><E126/><V78/><F49/><W116/><G116/><T111/><D111/><U9/><N who="1" m="2048" /><DORA hai="5" /><U125/><E125/><V121/><F121/><W25/><G25/><T34/><D34/><U47/><E47/><V43/><F43/><W48/><G48/><T67/><D50/><U56/><REACH who="1" step="1"/><E87/><REACH who="1" ten="218,304,234,234" step="2"/><V20/><F16/><W84/><G84/><T37/><D46/><U71/><E71/><V12/><F12/><W75/><G75/><T58/><D13/><U69/><E69/><V30/><F30/><W57/><G57/><T89/><D14/><U0/><E0/><V36/><F59/><W33/><G33/><T81/><D58/><U132/><E132/><V135/><F135/><W4/><G4/><RYUUKYOKU ba="0,1" sc="218,-15,304,15,234,-15,234,15" hai1="42,45,51,52,54,56,62,97,102,107" hai3="64,65,85,91,94,95,96" /><INIT seed="1,1,1,0,0,14" ten="203,319,219,249" oya="1" hai0="44,45,75,108,130,77,107,135,64,119,13,114,51" hai1="48,133,127,128,83,94,73,82,112,60,39,31,62" hai2="63,84,35,22,68,34,7,66,74,36,12,96,111" hai3="24,76,98,131,3,115,90,59,19,17,41,0,1"/><U72/><E112/><V87/><F74/><W15/><G115/><T89/><D114/><U132/><E39/><V54/><F36/><W46/><G76/><T81/><D119/><U47/><E31/><V33/><F111/><W109/><G109/><T105/><D108/><U20/><E127/><V50/><F96/><W55/><G131/><T100/><D64/><U69/><E128/><V110/><F110/><W113/><G113/><T32/><D32/><U123/><E123/><V116/><F116/><W122/><G122/><T80/><D135/><N who="1" m="51787" /><E94/><V8/><REACH who="2" step="1"/><F22/><REACH who="2" ten="203,319,209,249" step="2"/><W61/><G98/><T79/><D75/><U125/><E73/><V124/><F124/><W104/><G104/><T101/><D107/><U106/><E125/><V102/><F102/><W86/><G24/><T23/><D101/><U93/><E72/><V38/><F38/><W91/><G15/><T9/><D13/><U53/><E106/><V16/><F16/><W37/><REACH who="3" step="1"/><G90/><REACH who="3" ten="203,319,209,239" step="2"/><T6/><D89/><U99/><E99/><V43/><F43/><W28/><G28/><T70/><D105/><U67/><E20/><V42/><F42/><W118/><G118/><T85/><D23/><U58/><E93/><AGARI ba="1,3" hai="0,1,3,17,19,37,41,46,55,59,61,86,91,93" machi="93" ten="40,5200,0" yaku="1,1,52,2,53,0" doraHai="14" doraHaiUra="30" who="3" fromWho="1" sc="203,0,319,-55,209,0,239,85" /><INIT seed="2,0,0,3,4,101" ten="203,264,209,324" oya="2" hai0="111,92,108,70,66,61,41,22,134,93,65,71,132" hai1="52,80,2,5,55,23,124,135,121,7,86,122,32" hai2="25,58,54,48,82,14,29,47,53,68,128,6,127" hai3="81,51,28,4,112,26,59,75,3,100,18,35,107"/><V129/><F68/><W94/><G94/><T13/><D93/><U38/><E38/><V33/><F127/><W60/><G51/><T50/><D92/><U91/><E32/><V1/><F1/><W64/><G112/><T90/><D90/><U31/><E124/><V16/><F6/><N who="1" m="2057" /><E2/><V123/><F123/><N who="1" m="47113" /><E135/><N who="0" m="51753" /><D22/><U77/><E77/><V130/><F82/><W114/><G114/><T40/><D13/><U97/><E97/><V78/><F78/><W46/><G46/><N who="0" m="25927" /><D41/><U125/><E125/><V115/><F115/><W116/><G18/><T104/><D104/><U126/><E126/><V88/><F88/><W96/><G4/><T84/><D84/><U103/><E103/><V87/><F87/><W95/><G75/><T24/><D24/><AGARI ba="0,0" hai="23,24,31,52,55,80,86,91" m="47113,2057" machi="24" ten="30,2000,0" yaku="13,1,54,1" doraHai="101" who="1" fromWho="0" sc="203,-20,264,20,209,0,324,0" /><INIT seed="3,0,0,0,2,118" ten="183,284,209,324" oya="3" hai0="12,5,88,87,130,4,84,105,86,46,62,123,120" hai1="94,70,31,113,95,71,80,20,16,52,67,18,126" hai2="58,106,51,38,26,104,19,76,91,73,93,109,36" hai3="72,107,37,85,97,43,127,96,132,83,39,14,13"/><W99/><G107/><T24/><D105/><U8/><E113/><V23/><F109/><W60/><G72/><T81/><D130/><U9/><E126/><V48/><F104/><W124/><G60/><T68/><D24/><U61/><E71/><V40/><F106/><W44/><G39/><T108/><D108/><U133/><E133/><V135/><F135/><W54/><G54/><T98/><D46/><U69/><E70/><V116/><F116/><W57/><G57/><T100/><D100/><U42/><E42/><V1/><F1/><W45/><G45/><T119/><D119/><U33/><E33/><V75/><F40/><W0/><G0/><T82/><D12/><U32/><E32/><V56/><F56/><W79/><G132/><T89/><D98/><U64/><E64/><V59/><F59/><W101/><G101/><T77/><D4/><U90/><E31/><V34/><F34/><W17/><REACH who="3" step="1"/><G14/><REACH who="3" ten="183,284,209,314" step="2"/><T50/><D50/><U10/><E52/><N who="2" m="32007" /><F73/><W78/><G78/><T53/><D53/><U7/><E61/><V28/><F51/><W74/><G74/><T121/><D62/><U2/><E2/><V25/><F76/><W134/><G134/><T122/><D68/><U110/><E69/><V3/><F3/><W92/><G92/><N who="0" m="54279" /><D123/><U66/><E95/><V49/><F49/><W65/><G65/><T128/><D5/><U35/><E94/><V117/><F75/><W125/><G125/><T15/><D15/><U114/><E66/><V63/><F63/><W102/><G102/><T6/><D6/><U115/><E67/><V55/><F55/><RYUUKYOKU ba="0,1" sc="183,15,284,-15,209,-15,314,15" hai0="77,81,82,86,87,89,120,121,122,128" hai3="13,17,37,43,44,79,83,85,96,97,99,124,127" /><INIT seed="3,1,1,0,1,89" ten="198,269,194,329" oya="3" hai0="53,56,38,126,26,47,33,104,44,130,83,5,100" hai1="30,88,2,118,94,105,119,93,27,133,117,92,29" hai2="63,103,112,4,108,97,121,43,1,60,61,55,21" hai3="0,57,102,41,52,76,114,131,19,134,69,34,62"/><W107/><G114/><T35/><D5/><U73/><E2/><V124/><F108/><W58/><G69/><T68/><D68/><U86/><E73/><V116/><F116/><W123/><G123/><T11/><D11/><U10/><E133/><V25/><F112/><W42/><G0/><T7/><D7/><U67/><E105/><V13/><F1/><W135/><G34/><T84/><D126/><U22/><E10/><N who="2" m="4295" /><F124/><W71/><G71/><T6/><D6/><U80/><E67/><V132/><F132/><N who="3" m="50731" /><G131/><T125/><D125/><U49/><E49/><V127/><F121/><W3/><G3/><T90/><D130/><U128/><E128/><V111/><F111/><W96/><G76/><T95/><D104/><U78/><E78/><V28/><F127/><W36/><G36/><T48/><D38/><U85/><E85/><V72/><F72/><W81/><G81/><T109/><D109/><U64/><E64/><V15/><F43/><W40/><G58/><T9/><D9/><U79/><E79/><V129/><F129/><W8/><G8/><T99/><REACH who="0" step="1"/><D35/><REACH who="0" ten="188,269,194,329" step="2"/><U106/><E106/><V45/><F21/><W98/><G107/><T24/><D24/><U14/><E14/><V16/><F15/><W113/><G113/><T46/><D46/><U120/><E120/><V66/><F45/><W101/><G19/><AGARI ba="1,2" hai="19,22,27,29,30,80,86,88,92,93,94,117,118,119" machi="19" ten="50,8000,1" yaku="12,1,52,3,54,1" doraHai="89" who="1" fromWho="3" sc="188,0,269,103,194,0,329,-83" /><INIT seed="4,0,0,2,4,8" ten="188,372,194,246" oya="0" hai0="69,71,92,65,91,98,50,31,2,88,14,114,109" hai1="56,104,59,30,15,84,134,107,70,124,120,58,64" hai2="5,53,10,49,112,125,94,12,115,44,118,54,110" hai3="16,35,68,82,42,105,25,80,83,119,117,102,26"/><T122/><D2/><U135/><E120/><V0/><F110/><W97/><G68/><T46/><D122/><U28/><E124/><V75/><F75/><W1/><G1/><T116/><D116/><U55/><E55/><V22/><F125/><W85/><G42/><T13/><D31/><U106/><E84/><V19/><F118/><W52/><G85/><T67/><D109/><U39/><E39/><V127/><F127/><W23/><G35/><T79/><D71/><U77/><E77/><V73/><F73/><W131/><G131/><T128/><D79/><U86/><E86/><V21/><F94/><W113/><G113/><N who="2" m="43593" /><F22/><W38/><G38/><T66/><D114/><U6/><E70/><V96/><F96/><W103/><G26/><T76/><D76/><U90/><E90/><N who="0" m="34345" /><D128/><U48/><E48/><V45/><F54/><W123/><G123/><T62/><D62/><U27/><E64/><V37/><F37/><W41/><G41/><N who="0" m="24911" /><D69/><U78/><E78/><V11/><F44/><W133/><G103/><AGARI ba="0,0" hai="13,14,65,66,67,92,98,103" m="24911,34345" machi="103" ten="30,11600,0" yaku="8,1,52,2,54,1" doraHai="8" who="0" fromWho="3" sc="188,116,372,0,194,0,246,-116" /><INIT seed="4,1,0,1,0,15" ten="304,372,194,130" oya="0" hai0="10,115,56,65,79,37,135,71,25,57,35,83,53" hai1="103,87,106,54,97,118,11,68,67,98,30,116,85" hai2="88,4,73,1,18,72,41,131,125,43,26,107,58" hai3="77,50,29,42,36,95,80,70,91,59,14,111,64"/><T55/><D37/><U113/><E113/><V63/><F107/><W129/><G111/><T78/><D115/><U23/><E11/><V110/><F110/><W84/><G129/><T12/><D71/><U114/><E114/><V112/><F112/><W40/><G36/><T126/><D135/><U82/><E97/><V39/><F131/><W48/><G70/><T121/><D126/><U16/><E30/><V66/><F125/><W20/><G50/><T102/><D102/><U119/><E54/><V108/><F108/><W33/><G33/><T22/><D35/><U81/><E82/><V132/><F132/><W5/><G5/><T62/><D121/><U46/><E46/><V8/><F39/><W90/><G90/><T17/><D83/><U94/><E106/><V61/><F61/><W3/><G3/><T69/><D69/><U124/><E124/><V75/><REACH who="2" step="1"/><F88/><REACH who="2" ten="304,372,184,130" step="2"/><W21/><G48/><N who="0" m="30759" /><D65/><U6/><E116/><V51/><F51/><W133/><G133/><T86/><D86/><U32/><E87/><V134/><F134/><W130/><G130/><T89/><D89/><U76/><E118/><V104/><F104/><W9/><G64/><T92/><D92/><U0/><E119/><V31/><F31/><AGARI ba="1,1" hai="10,12,17,22,25,31,55,57,62,78,79" m="30759" machi="31" ten="30,2900,0" yaku="8,1,52,1" doraHai="15" who="0" fromWho="2" sc="304,42,372,0,184,-32,130,0" /><INIT seed="4,2,0,4,0,60" ten="346,372,152,130" oya="0" hai0="37,21,104,28,92,15,123,51,125,30,94,112,126" hai1="96,12,59,121,129,115,117,74,35,82,133,132,105" hai2="47,45,107,70,40,32,57,44,52,77,23,109,113" hai3="48,85,25,118,61,81,75,63,39,103,10,38,135"/><T79/><D123/><U26/><E117/><V114/><F32/><W62/><G118/><T67/><D37/><N who="3" m="13833" /><G75/><T56/><D104/><U18/><E121/><V119/><F107/><W66/><G103/><T42/><D79/><U34/><E115/><N who="2" m="44043" /><F119/><W13/><G25/><T19/><D112/><U116/><E116/><V97/><F109/><W108/><G85/><T50/><D94/><U69/><E69/><V20/><F70/><N who="3" m="42319" /><G81/><T106/><D106/><U33/><E129/><V24/><F77/><W16/><G108/><T76/><D76/><U91/><E26/><V71/><F71/><W78/><G78/><T8/><D92/><U98/><E105/><V55/><F40/><W120/><G48/><T64/><D42/><U84/><E74/><V86/><F86/><W93/><G93/><T87/><D87/><U14/><E12/><V68/><F68/><W111/><G111/><T43/><D43/><U65/><E96/><V4/><F4/><W3/><G3/><T128/><D50/><U131/><E98/><V46/><F97/><W27/><G27/><N who="0" m="16495" /><D30/><U22/><E131/><V53/><N who="2" m="11264" /><DORA hai="127" /><V124/><F23/><W102/><G102/><T9/><D9/><U88/><E91/><V29/><F124/><N who="0" m="47722" /><D128/><U100/><E100/><V1/><F1/><W0/><G0/><T11/><D11/><U41/><E41/><V72/><F72/><W49/><G120/><T54/><AGARI ba="2,0" hai="8,15,19,51,54,56,64,67" m="47722,16495" machi="54" ten="30,6000,0" yaku="18,1,52,2" doraHai="60,127" who="0" fromWho="0" sc="346,66,372,-22,152,-22,130,-22" /><INIT seed="4,3,0,5,5,130" ten="412,350,130,108" oya="0" hai0="31,116,37,99,69,103,108,84,93,53,52,22,12" hai1="8,62,117,82,11,97,71,1,14,13,132,0,63" hai2="113,78,35,6,120,54,109,57,122,60,80,119,110" hai3="21,3,38,66,27,123,127,42,92,135,95,61,30"/><T44/><D116/><U75/><E97/><V45/><F35/><W9/><G127/><T48/><D69/><U77/><E117/><V40/><F6/><W58/><G123/><N who="2" m="47145" /><F80/><W126/><G126/><T96/><D37/><U15/><E132/><V121/><N who="2" m="47153" /><V87/><DORA hai="72" /><F87/><W94/><G135/><T111/><D96/><U115/><E115/><V90/><F90/><W76/><G76/><T5/><D84/><U16/><E13/><V26/><F26/><W20/><G20/><T79/><D79/><U59/><E71/><V17/><F17/><W25/><G25/><T55/><D31/><U102/><E102/><V47/><F78/><W49/><G38/><T105/><D105/><U64/><REACH who="1" step="1"/><E62/><REACH who="1" ten="412,340,130,108" step="2"/><V33/><F119/><W104/><G104/><T74/><D12/><U50/><E50/><N who="2" m="26919" /><F113/><W10/><REACH who="3" step="1"/><G3/><REACH who="3" ten="412,340,130,98" step="2"/><T128/><D111/><U86/><E86/><V73/><F109/><W70/><G70/><T91/><D108/><U65/><E65/><V41/><F110/><W7/><G7/><AGARI ba="3,2" hai="0,1,7,8,11,14,15,16,59,63,64,75,77,82" machi="7" ten="30,8000,1" yaku="1,1,7,1,52,1,54,1,53,1" doraHai="130,72" doraHaiUra="133,106" who="1" fromWho="3" sc="412,0,340,109,130,0,98,-89" /><INIT seed="5,0,0,1,2,42" ten="412,449,130,9" oya="1" hai0="22,126,48,68,94,76,7,115,102,37,63,29,74" hai1="105,32,64,44,20,79,99,131,50,100,10,117,124" hai2="88,3,120,75,38,70,80,113,108,93,128,47,87" hai3="24,21,2,45,62,26,78,12,96,103,27,5,43"/><U35/><E117/><V92/><F108/><W16/><G2/><T118/><D37/><U33/><E124/><V61/><F120/><W133/><G133/><T4/><D118/><U58/><E131/><V112/><F3/><W98/><G78/><T77/><D126/><U69/><E69/><V66/><F128/><W130/><G130/><T110/><D115/><N who="2" m="44106" /><F75/><W83/><G83/><T65/><D110/><U122/><E122/><V13/><F13/><W34/><G34/><T132/><D132/><U119/><E119/><V73/><F73/><W40/><G40/><AGARI ba="0,0" hai="38,40,47,61,66,70,80,87,88,92,93" m="44106" machi="40" ten="30,7700,0" yaku="15,1,11,1,52,1,54,1" doraHai="42" who="2" fromWho="3" sc="412,0,449,0,130,77,9,-77" owari="412,21.2,449,54.9,207,-19.3,-68,-56.8" /></mjloggm>