<mjloggm ver="2.3"><GO type="169" lobby="0"/><UN n0="%72%61%69%32%31%31" n1="%E3%81%A5%E3%81%8B%E5%AD%90" n2="%E5%A4%A9%E6%89%8D%E3%82%A4%E3%83%99%E3%83%AA%E3%82%B3%E8%B1%9A" n3="%E5%A4%A9%E6%89%8D%E9%BA%BB%E5%B0%86%E6%99%BA%E4%B9%83" dan="16,16,16,16" rate="2160.53,2144.98,2070.96,2159.30" sx="M,M,F,M"/><TAIKYOKU oya="0"/><INIT seed="0,0,0,0,1,90" ten="250,250,250,250" oya="0" hai0="54,66,124,26,14,25,38,88,4,33,59,2,42" hai1="101,115,95,35,27,126,50,103,91,114,119,96,97" hai2="39,85,107,5,45,86,51,111,77,1,76,72,62" hai3="41,17,123,60,36,89,92,116,134,110,56,19,130"/><T24/><D124/><U70/><E70/><V46/><F111/><W37/><G116/><T128/><D128/><U69/><E69/><V58/><F107/><W57/><G110/><T109/><D109/><U105/><E119/><V127/><F127/><W16/><G130/><T0/><D33/><U53/><E126/><V102/><F46/><W79/><G134/><T71/><D71/><U131/><E131/><V129/><F129/><W100/><G123/><T23/><D66/><U120/><E120/><V11/><F102/><W74/><G100/><T132/><D132/><U63/><E63/><V108/><F108/><W99/><G41/><T65/><D65/><U28/><REACH who="1" step="1"/><E101/><REACH who="1" ten="250,240,250,250" step="2"/><V47/><F39/><W7/><G37/><T80/><D38/><U13/><E13/><V113/><F113/><W135/><G36/><T8/><D42/><U75/><E75/><V12/><F72/><W10/><G135/><T68/><D68/><U84/><E84/><V106/><F1/><W125/><G125/><T3/><D23/><U118/><E118/><V21/><F21/><W15/><REACH who="3" step="1"/><G60/><REACH who="3" ten="250,240,250,240" step="2"/><T40/><D40/><U117/><E117/><V112/><F112/><W64/><G64/><T43/><D43/><U55/><E55/><V133/><F133/><W82/><AGARI ba="0,2" hai="7,10,15,16,17,19,56,57,74,79,82,89,92,99" machi="82" ten="30,7900,0" yaku="1,1,0,1,52,1,54,1,53,0" doraHai="90" doraHaiUra="22" who="3" fromWho="3" sc="250,-39,240,-20,250,-20,240,99" /><INIT seed="1,0,0,5,5,23" ten="211,220,230,339" oya="1" hai0="135,112,100,33,50,60,28,42,80,101,56,14,57" hai1="110,46,37,130,83,0,31,71,111,89,45,63,96" hai2="65,17,21,10,70,86,131,88,61,13,49,52,129" hai3="43,123,22,114,91,67,98,102,117,109,51,24,30"/><U34/><E0/><V72/><F72/><W77/><G114/><T125/><D112/><U93/><E130/><V44/><REACH who="2" step="1"/><F21/><REACH who="2" ten="211,220,220,339" step="2"/><W18/><G123/><T95/><D135/><U66/><E83/><AGARI ba="0,1" hai="10,13,17,44,49,52,61,65,70,83,86,88,129,131" machi="83" ten="40,12000,2" yaku="1,1,2,1,25,2,54,2,53,0" doraHai="23" doraHaiUra="2" who="2" fromWho="1" sc="211,0,220,-120,220,130,339,0" /><INIT seed="2,0,0,1,2,110" ten="211,100,350,339" oya="2" hai0="93,25,0,29,75,105,83,50,47,113,1,65,114" hai1="49,24,89,28,2,33,77,51,55,122,72,34,36" hai2="92,11,79,59,131,20,32,26,126,128,68,99,27" hai3="97,22,7,104,82,21,40,74,102,134,109,13,3"/><V15/><F68/><W70/><G70/><T9/><D105/><U121/><E36/><V31/><F79/><W100/><G109/><T124/><D124/><U41/><E2/><V39/><F39/><W86/><G134/><T106/><D106/><U44/><E89/><V30/><F126/><W116/><G116/><T43/><D65/><U62/><E62/><V117/><F117/><W80/><G3/><T12/><D0/><U63/><E63/><V52/><F15/><W53/><G40/><T69/><D69/><U73/><E34/><V78/><F78/><W112/><G102/><T118/><D118/><U81/><REACH who="1" step="1"/><E73/><REACH who="1" ten="211,90,350,339" step="2"/><V90/><REACH who="2" step="1"/><F11/><REACH who="2" ten="211,90,340,339" step="2"/><W64/><G74/><T88/><D1/><U103/><E103/><V87/><F87/><W71/><G86/><T14/><D75/><U38/><E38/><V91/><F91/><W95/><G100/><T18/><D12/><U132/><E132/><V58/><F58/><AGARI ba="0,2" hai="24,28,33,41,44,49,51,55,58,72,77,81,121,122" machi="58" ten="40,1300,0" yaku="1,1,53,0" doraHai="110" doraHaiUra="133" who="1" fromWho="2" sc="211,0,90,33,340,-13,339,0" /><INIT seed="3,0,0,2,0,90" ten="211,123,327,339" oya="3" hai0="98,69,49,45,7,37,110,83,32,23,96,100,79" hai1="59,2,120,82,54,40,76,107,3,114,70,86,15" hai2="113,33,21,56,0,133,89,85,60,53,80,106,13" hai3="1,9,64,63,42,20,31,119,101,72,18,44,75"/><W47/><G119/><T81/><D32/><U92/><E120/><V78/><F113/><W91/><G101/><T102/><D69/><U52/><E107/><V34/><F0/><W39/><G31/><T104/><D37/><U132/><E70/><V36/><F133/><W5/><G47/><T24/><D110/><U125/><E114/><V65/><F106/><W73/><G91/><T57/><D7/><U74/><E125/><V25/><F13/><W109/><G109/><T30/><D57/><U77/><E132/><V94/><F53/><W14/><REACH who="3" step="1"/><G72/><REACH who="3" ten="211,123,327,329" step="2"/><T111/><D111/><U67/><E74/><V16/><F36/><W93/><G93/><T19/><D30/><U134/><E92/><V27/><REACH who="2" step="1"/><F25/><REACH who="2" ten="211,123,317,329" step="2"/><W17/><G17/><T124/><D19/><U11/><E134/><V103/><F103/><W95/><G95/><T68/><D24/><U4/><E2/><V28/><F28/><W62/><G62/><T118/><D102/><U112/><E3/><V122/><F122/><W88/><G88/><T10/><D104/><U55/><E112/><V8/><F8/><W22/><G22/><T58/><D23/><U127/><E127/><V87/><AGARI ba="0,2" hai="16,21,27,33,34,56,60,65,78,80,85,87,89,94" machi="87" ten="20,8000,1" yaku="1,1,0,1,7,1,52,1,54,1,53,0" doraHai="90" doraHaiUra="126" who="2" fromWho="2" sc="211,-20,123,-20,317,100,329,-40" /><INIT seed="4,0,0,3,1,20" ten="191,103,417,289" oya="0" hai0="54,99,42,89,1,110,121,39,104,29,75,32,55" hai1="35,7,128,64,135,21,43,83,38,86,51,73,3" hai2="63,71,85,25,37,108,119,16,74,81,66,92,31" hai3="127,77,59,41,93,50,109,15,82,90,34,9,87"/><T69/><D121/><U33/><E128/><V97/><F108/><W105/><G109/><T72/><D1/><U46/><E135/><V116/><F37/><W47/><G127/><T130/><D110/><U113/><E113/><V131/><F131/><W45/><G105/><T123/><D123/><U101/><E64/><V100/><F16/><W19/><G34/><T6/><D6/><U26/><E101/><V60/><F74/><W111/><G111/><T80/><D69/><U132/><E51/><V49/><F49/><W14/><G47/><T10/><D10/><N who="1" m="2431" /><E86/><V107/><F92/><W23/><G77/><T98/><D130/><U67/><E67/><V95/><F95/><W94/><REACH who="3" step="1"/><G59/><REACH who="3" ten="191,103,417,279" step="2"/><T2/><D32/><U79/><E132/><V56/><F56/><W115/><G115/><T125/><D125/><U129/><E129/><V8/><F107/><W28/><G28/><AGARI ba="0,1" hai="21,26,28,33,35,38,43,46,73,79,83" m="2431" machi="28" ten="30,2000,0" yaku="25,1,52,1" doraHai="20" who="1" fromWho="3" sc="191,0,103,30,417,0,279,-20" /><INIT seed="5,0,0,5,1,79" ten="191,133,417,259" oya="1" hai0="13,113,3,78,57,15,70,109,12,96,72,93,91" hai1="74,71,33,117,10,126,59,119,123,85,52,132,116" hai2="133,55,41,73,129,58,46,43,45,122,86,9,22" hai3="90,20,112,67,65,127,38,48,101,28,77,125,102"/><U94/><E123/><V17/><F73/><W118/><G38/><T120/><D109/><U98/><E74/><V107/><F122/><W5/><G112/><T0/><D120/><U128/><E71/><V134/><F107/><W62/><G118/><T7/><D70/><U115/><E115/><V30/><F129/><W47/><G77/><T37/><D37/><U50/><E33/><V8/><F30/><W35/><G35/><T51/><D113/><U121/><E121/><V87/><F46/><W124/><G5/><T60/><D51/><U49/><E126/><V14/><F43/><N who="3" m="24703" /><G90/><T24/><D24/><U36/><E36/><V75/><F75/><W42/><G42/><T61/><D7/><U64/><E64/><N who="3" m="24650" /><G62/><T26/><D61/><U56/><E128/><V108/><F45/><W83/><G83/><T21/><D78/><U130/><E130/><V69/><F41/><W32/><G32/><T106/><D106/><U97/><E50/><V31/><F108/><W25/><AGARI ba="0,0" hai="20,25,28,101,102,124,125,127" m="24650,24703" machi="25" ten="40,1500,0" yaku="18,1" doraHai="79" who="3" fromWho="3" sc="191,-4,133,-7,417,-4,259,15" /><INIT seed="6,0,0,1,2,33" ten="187,126,413,274" oya="2" hai0="135,21,68,88,77,81,20,24,2,112,86,3,59" hai1="37,128,11,61,97,27,129,98,0,73,69,29,67" hai2="114,44,9,93,57,58,95,111,48,92,131,10,133" hai3="103,85,43,52,117,76,8,83,60,84,1,34,35"/><V30/><F114/><W132/><G117/><T116/><D68/><U115/><E73/><V118/><F118/><W72/><G132/><T82/><D116/><U108/><E108/><V109/><F133/><W49/><G103/><T5/><D135/><U18/><E37/><V126/><F30/><W89/><G43/><T80/><D112/><U134/><E134/><V120/><F120/><W28/><G60/><T36/><D36/><U53/><E115/><V125/><F131/><W23/><G23/><T13/><D59/><N who="2" m="22538" /><F44/><W40/><G40/><T32/><D32/><U90/><E53/><V75/><F75/><W19/><G28/><T87/><D81/><U54/><E54/><V124/><F48/><W14/><G72/><T110/><D110/><AGARI ba="0,0" hai="9,10,92,93,95,109,110,111,124,125,126" m="22538" machi="110" ten="40,12000,1" yaku="28,2,10,1,18,1" doraHai="33" who="2" fromWho="0" sc="187,-120,126,0,413,120,274,0" /><INIT seed="6,1,0,2,2,134" ten="67,126,533,274" oya="2" hai0="36,88,95,93,120,13,55,53,98,73,70,66,104" hai1="84,19,114,131,91,62,92,113,94,133,40,7,108" hai2="49,71,80,59,129,6,132,124,61,135,9,57,11" hai3="47,33,123,27,18,17,121,101,75,107,29,69,8"/><V32/><F32/><W100/><G75/><T24/><D120/><U14/><E133/><N who="2" m="51275" /><F129/><W45/><G69/><T83/><D36/><U102/><E108/><V125/><F80/><W42/><G107/><T48/><D104/><U67/><E131/><V85/><F85/><W119/><G119/><T99/><D24/><U54/><E7/><V58/><F49/><W46/><G42/><T0/><D0/><U130/><E40/><V37/><F37/><W106/><G106/><T44/><D70/><U25/><E130/><V4/><F71/><W72/><G72/><T30/><D30/><U26/><E54/><V90/><F90/><W23/><G8/><N who="2" m="3145" /><F61/><W109/><G109/><T1/><D1/><U77/><E77/><V81/><F81/><W22/><G33/><T12/><D66/><U78/><E78/><V64/><F64/><W127/><G46/><T63/><D83/><U96/><E62/><V105/><F105/><W97/><G97/><T122/><D73/><U103/><E67/><V35/><F35/><W117/><G117/><T115/><D122/><U10/><REACH who="1" step="1"/><E103/><REACH who="1" ten="67,116,533,274" step="2"/><V52/><F52/><W5/><G101/><T87/><D63/><U38/><E38/><V51/><F51/><W60/><G100/><T74/><D55/><U116/><E116/><V79/><F79/><W82/><G60/><T86/><D53/><U76/><E76/><V111/><F111/><W65/><G65/><T34/><D74/><U3/><E3/><V112/><F112/><AGARI ba="1,1" hai="10,14,19,25,26,84,91,92,94,96,102,112,113,114" machi="112" ten="40,2600,0" yaku="1,1,15,1,53,0" doraHai="134" doraHaiUra="128" who="1" fromWho="2" sc="67,0,116,39,533,-29,274,0" /><INIT seed="7,0,0,2,3,115" ten="67,155,504,274" oya="3" hai0="114,78,14,75,62,41,121,30,70,99,40,77,21" hai1="44,39,98,54,133,71,27,82,56,9,63,5,61" hai2="79,19,47,15,67,45,116,43,25,12,120,4,86" hai3="1,83,90,0,2,89,26,50,132,32,53,22,13"/><W100/><G132/><T112/><D121/><U55/><E133/><V51/><F116/><W64/><G64/><T57/><D99/><U128/><E128/><V80/><F120/><W127/><G127/><T20/><D14/><U135/><E135/><V58/><F4/><W124/><G124/><T73/><D57/><U94/><E82/><V23/><F47/><W130/><G130/><T74/><D30/><U88/><E27/><V24/><F25/><W68/><G68/><T108/><D62/><AGARI ba="0,0" hai="12,15,19,23,24,43,45,51,58,62,67,79,80,86" machi="62" ten="40,1300,0" yaku="8,1" doraHai="115" who="2" fromWho="0" sc="67,-13,155,0,504,13,274,0" owari="54,-44.6,155,-24.5,517,61.7,274,7.4" /></mjloggm>