<mjloggm ver="2.3"><GO type="169" lobby="0"/><UN n0="%6B%6F%75%36%38%36" n1="%E6%8C%91%E6%88%A6%E8%80%85%EF%BC%81" n2="%E3%81%82%E3%81%95%E3%81%B4%E3%82%93%EF%BC%A0%EF%BD%8D%EF%BD%8A" n3="%E6%A8%AA%E6%B5%9C%E3%81%AE%E3%81%B2%E3%82%88%E3%81%93" dan="16,17,18,16" rate="2117.89,2184.08,2286.13,2144.42" sx="M,M,M,M"/><TAIKYOKU oya="0"/><INIT seed="0,0,0,0,5,21" ten="250,250,250,250" oya="0" hai0="81,97,32,37,6,114,115,29,39,135,9,126,44" hai1="12,24,79,47,91,55,53,45,50,66,125,101,54" hai2="16,76,38,90,95,69,89,57,5,60,61,59,77" hai3="107,63,85,96,78,128,4,52,23,40,100,11,116"/><T127/><D97/><U51/><E125/><N who="0" m="47625" /><D81/><U27/><E66/><V25/><F38/><N who="0" m="14346" /><D44/><U74/><E101/><V35/><F69/><W111/><G40/><T73/><D73/><U88/><E74/><V80/><F5/><W134/><G116/><T1/><D135/><U22/><E79/><N who="2" m="30283" /><F35/><W3/><G134/><T118/><D118/><U43/><E43/><V102/><F80/><W103/><G78/><T71/><D71/><U15/><E55/><N who="2" m="33855" /><F102/><W18/><G100/><T131/><D131/><U17/><E12/><V130/><F95/><W68/><G128/><T83/><D83/><U121/><E121/><V0/><F0/><W112/><G112/><T49/><D49/><U65/><E65/><N who="2" m="39103" /><F130/><W8/><G68/><T42/><D42/><U87/><E91/><V13/><F25/><AGARI ba="0,0" hai="1,6,9,25,29,32,114,115" m="14346,47625" machi="25" ten="30,5800,0" yaku="18,1,23,1,52,1" doraHai="21" who="0" fromWho="2" sc="250,58,250,0,250,-58,250,0" /><INIT seed="0,1,0,5,1,21" ten="308,250,192,250" oya="0" hai0="83,72,64,22,104,124,90,122,47,135,112,70,18" hai1="87,77,33,97,20,71,63,38,111,62,67,92,134" hai2="65,118,82,31,115,8,52,110,57,32,132,85,98" hai3="125,86,88,41,46,114,48,4,56,84,107,133,93"/><T78/><D112/><U49/><E33/><V23/><F115/><W66/><G114/><T123/><D122/><U36/><E111/><V54/><F110/><W94/><G133/><T73/><D123/><U6/><E134/><V100/><F132/><W44/><G125/><T113/><D113/><U9/><E49/><V2/><F32/><W89/><G107/><T96/><D135/><U25/><E62/><N who="2" m="38095" /><F2/><W105/><G105/><T51/><D124/><U55/><E55/><V19/><F8/><W130/><G130/><T103/><D64/><U108/><E108/><V58/><F58/><W37/><G4/><T128/><D128/><U79/><E87/><V43/><F43/><W99/><G56/><T50/><D70/><U45/><E45/><V53/><F118/><W121/><G66/><T119/><D119/><U120/><E36/><V129/><F129/><W35/><G35/><T75/><D90/><U12/><E38/><V59/><F59/><W69/><G121/><T26/><REACH who="0" step="1"/><D51/><REACH who="0" ten="298,250,192,250" step="2"/><U29/><E120/><V81/><F100/><AGARI ba="1,1" hai="6,9,12,20,25,29,63,67,71,77,79,92,97,100" machi="100" ten="30,2000,0" yaku="7,1,52,1" doraHai="21" who="1" fromWho="2" sc="298,0,250,33,192,-23,250,0" /><INIT seed="1,0,0,1,4,74" ten="298,283,169,250" oya="1" hai0="112,4,67,59,108,111,52,8,68,93,62,6,34" hai1="126,2,125,72,102,53,40,92,89,122,119,118,77" hai2="123,84,107,30,21,109,73,24,50,117,3,37,18" hai3="12,41,65,0,83,58,57,130,9,38,105,7,99"/><U127/><E2/><V135/><F117/><W10/><G130/><T54/><D112/><U64/><E40/><V81/><F123/><W1/><G65/><T33/><D93/><U27/><E64/><V113/><F37/><W103/><G0/><T95/><D95/><U23/><E122/><V98/><F73/><W91/><G41/><T129/><D129/><U45/><E102/><V35/><F109/><N who="0" m="42058" /><D54/><U114/><E114/><V96/><F135/><W13/><G38/><T15/><D4/><U43/><E53/><V56/><F107/><W90/><G1/><T66/><D66/><U132/><E132/><V17/><F113/><W78/><G58/><T36/><D36/><U88/><E89/><V47/><F56/><W79/><G57/><T80/><D80/><N who="1" m="45095" /><E45/><V133/><F133/><W131/><G131/><T14/><D15/><U29/><E43/><N who="2" m="24959" /><F35/><W42/><G42/><T32/><D34/><U116/><E116/><V97/><F3/><W26/><G26/><T22/><D22/><U49/><E49/><AGARI ba="0,0" hai="6,8,14,32,33,49,52,59,62,67,68" m="42058" machi="49" ten="30,2000,0" yaku="14,1,54,1" doraHai="74" who="0" fromWho="1" sc="298,20,283,-20,169,0,250,0" /><INIT seed="2,0,0,5,4,103" ten="318,263,169,250" oya="2" hai0="33,92,20,37,73,28,60,27,13,85,45,114,39" hai1="106,6,47,7,52,43,12,90,42,14,23,118,51" hai2="135,22,98,129,120,5,36,105,69,83,88,82,16" hai3="48,11,61,76,119,17,81,3,18,97,40,10,63"/><V133/><F120/><W62/><G119/><T65/><D73/><U24/><E118/><V132/><F69/><W19/><G3/><T116/><D114/><U32/><E32/><V127/><F36/><W78/><G97/><T77/><D116/><U72/><E72/><V109/><F129/><W121/><G121/><T94/><D45/><U111/><E106/><V74/><F127/><W104/><G104/><T100/><D39/><U31/><E90/><V80/><F5/><N who="1" m="1545" /><E111/><V84/><F109/><W130/><G130/><T56/><D37/><U101/><E101/><N who="2" m="62647" /><F74/><W68/><G68/><T117/><D117/><U30/><E30/><V123/><F123/><W41/><G48/><T96/><D13/><AGARI ba="0,0" hai="12,13,14,23,24,31,42,43,47,51,52" m="1545" machi="13" ten="30,2000,0" yaku="8,1,54,1" doraHai="103" who="1" fromWho="0" sc="318,-20,263,20,169,0,250,0" /><AGARI ba="0,0" hai="13,16,22,80,82,83,84,88,132,133,135" m="62647" machi="13" ten="30,11600,0" yaku="20,1,52,1,54,2" doraHai="103" who="2" fromWho="0" sc="298,-116,283,0,169,116,250,0" /><INIT seed="2,1,0,1,0,3" ten="182,283,285,250" oya="2" hai0="92,13,64,11,104,45,26,89,122,108,74,112,33" hai1="28,16,111,37,97,50,12,34,113,55,114,85,124" hai2="30,120,52,25,63,70,102,65,23,132,22,60,134" hai3="125,87,46,51,57,9,123,78,47,40,7,0,35"/><V84/><F120/><W4/><G123/><T67/><D108/><U76/><E37/><V43/><F43/><W17/><G125/><T127/><D112/><U90/><E111/><V72/><F72/><W103/><G35/><T19/><D127/><U82/><E124/><V54/><F102/><W95/><G46/><T126/><D126/><U101/><E76/><V81/><F22/><W118/><G118/><T2/><D122/><U109/><E28/><V80/><F80/><W129/><G129/><T133/><D133/><N who="2" m="51306" /><F63/><W6/><G17/><T119/><D104/><U31/><E31/><V69/><F69/><W53/><G78/><AGARI ba="1,0" hai="23,25,30,52,54,60,65,70,78,81,84" m="51306" machi="78" ten="30,2900,0" yaku="20,1,54,1" doraHai="3" who="2" fromWho="3" sc="182,0,283,0,285,32,250,-32" /><INIT seed="2,2,0,3,2,12" ten="182,283,317,218" oya="2" hai0="3,118,21,105,107,104,92,75,71,82,116,30,130" hai1="50,23,34,9,70,41,4,99,39,47,7,66,6" hai2="43,114,49,16,124,65,77,117,19,85,8,26,113" hai3="42,90,131,97,111,72,79,76,67,18,110,87,38"/><V15/><F117/><N who="0" m="45162" /><D3/><U91/><E34/><V122/><F122/><W2/><G131/><T74/><D30/><U56/><E99/><V78/><F124/><W22/><G2/><T93/><D21/><U103/><E103/><V33/><F65/><W27/><G67/><T57/><D57/><U64/><E91/><V84/><F113/><W24/><G97/><T121/><D71/><U133/><E133/><V106/><F106/><N who="0" m="27138" /><T119/><N who="0" m="45170" /><DORA hai="115" /><T134/><DORA hai="44" /><D134/><U86/><E23/><N who="2" m="13695" /><F114/><W54/><G72/><N who="0" m="27691" /><D121/><U68/><E70/><V32/><F33/><W132/><G132/><T62/><D62/><U36/><E68/><V25/><F32/><W11/><G11/><T81/><D130/><U88/><E9/><V98/><F98/><W55/><G24/><T102/><D102/><U28/><E28/><V123/><F25/><W31/><G31/><T135/><D135/><U128/><E128/><V73/><F123/><W100/><G100/><T37/><D37/><U61/><REACH who="1" step="1"/><E66/><REACH who="1" ten="182,273,317,218" step="2"/><V80/><F8/><W125/><G22/><T112/><D112/><U96/><E96/><V59/><F16/><W109/><G18/><T20/><D20/><U129/><E129/><V35/><F35/><W48/><G27/><T13/><D13/><U51/><E51/><V29/><F15/><W5/><G48/><T126/><D126/><U0/><E0/><V101/><F29/><W89/><G125/><T60/><D60/><U53/><E53/><V127/><F127/><W52/><G55/><T63/><D63/><U94/><AGARI ba="2,1" hai="4,6,7,36,39,41,47,50,56,61,64,86,88,94" machi="94" ten="30,8000,1" yaku="1,1,0,1,52,1,54,1,53,1" doraHai="12,115,44" doraHaiUra="58,17,108" who="1" fromWho="1" sc="182,-22,273,96,317,-42,218,-22" /><INIT seed="3,0,0,2,3,5" ten="160,369,275,196" oya="3" hai0="70,62,77,22,52,84,48,36,61,80,98,38,47" hai1="114,25,34,32,99,73,112,134,127,43,82,57,124" hai2="67,31,126,101,16,79,53,51,64,102,9,133,59" hai3="15,68,135,69,100,42,56,17,132,94,89,63,0"/><W39/><G0/><T95/><D70/><U85/><E73/><V41/><F133/><N who="3" m="51275" /><G100/><N who="2" m="38505" /><F126/><W35/><G35/><T110/><D110/><U115/><E134/><V46/><F31/><W18/><G42/><T30/><D38/><U72/><E72/><V81/><F81/><W125/><G39/><T1/><D1/><U23/><E99/><V93/><F93/><W122/><G122/><T106/><D106/><U118/><E118/><V45/><F79/><W4/><G4/><T14/><D36/><U11/><E43/><V49/><F46/><W97/><G125/><N who="1" m="48202" /><E57/><V116/><F116/><W86/><G97/><T3/><D3/><U91/><E11/><V128/><F128/><W75/><G75/><T66/><D66/><U55/><E55/><V60/><F51/><W65/><G18/><AGARI ba="0,0" hai="18,23,25,32,34,82,85,91,112,114,115" m="48202" machi="18" ten="40,1300,0" yaku="18,1" doraHai="5" who="1" fromWho="3" sc="160,0,369,13,275,0,196,-13" /><INIT seed="4,0,0,0,4,133" ten="160,382,275,183" oya="0" hai0="4,48,45,93,54,9,95,103,10,106,11,77,49" hai1="128,62,65,46,17,63,97,2,25,6,75,20,82" hai2="78,59,8,55,114,121,58,69,120,29,28,118,34" hai3="129,32,88,85,36,94,119,37,135,101,111,99,113"/><T126/><D106/><U26/><E128/><V24/><F69/><W27/><G111/><T122/><D122/><U68/><E63/><V89/><F114/><W131/><G119/><T100/><D77/><U16/><E97/><V71/><F71/><W86/><G113/><T1/><D126/><U87/><E75/><V90/><F118/><W67/><G67/><T41/><D1/><U72/><E72/><V35/><F8/><W30/><G135/><T50/><D4/><U21/><E46/><V12/><F12/><W42/><G86/><T14/><D14/><U23/><E6/><V70/><F70/><W19/><G19/><T112/><D112/><U123/><E2/><V96/><F96/><W92/><REACH who="3" step="1"/><G42/><REACH who="3" ten="160,382,275,173" step="2"/><T13/><D13/><U80/><E123/><V60/><F120/><W127/><G127/><T44/><REACH who="0" step="1"/><D49/><REACH who="0" ten="150,382,275,173" step="2"/><U109/><E109/><V39/><F121/><W47/><G47/><T64/><D64/><U105/><E65/><V98/><F78/><W130/><AGARI ba="0,2" hai="27,30,32,36,37,85,88,92,94,99,101,129,130,131" machi="130" ten="30,7900,0" yaku="1,1,0,1,19,1,54,1,53,0" doraHai="133" doraHaiUra="117" who="3" fromWho="3" sc="150,-39,382,-20,275,-20,173,99" /><INIT seed="5,0,0,1,0,95" ten="111,362,255,272" oya="1" hai0="125,89,20,62,6,12,27,25,87,117,30,16,7" hai1="120,0,104,119,135,68,66,46,76,39,112,57,129" hai2="33,107,55,97,26,24,124,88,5,86,17,4,51" hai3="105,127,14,38,31,2,103,96,101,34,1,65,29"/><U109/><RYUUKYOKU type="yao9" ba="0,0" sc="111,0,362,0,255,0,272,0" hai1="0,39,46,57,66,68,76,104,109,112,119,120,129,135" /><INIT seed="5,1,0,5,3,51" ten="111,362,255,272" oya="1" hai0="69,81,23,117,28,54,87,78,122,35,79,89,94" hai1="93,20,2,123,6,84,105,68,37,29,58,64,108" hai2="77,116,15,4,18,53,26,40,41,50,24,120,111" hai3="97,61,3,125,48,49,62,47,33,131,115,17,16"/><U39/><E105/><V118/><F111/><W106/><G115/><T134/><D117/><U12/><E68/><V11/><F120/><W88/><G131/><T128/><D134/><U90/><E123/><V96/><F77/><W0/><G33/><T42/><D128/><U133/><E133/><V119/><F96/><W52/><G0/><T27/><D122/><U86/><E108/><V130/><F130/><W67/><G3/><T135/><D135/><U107/><E107/><V99/><F99/><W80/><G125/><T71/><D42/><U19/><E86/><V126/><F126/><W83/><G106/><T132/><D132/><U1/><E1/><V22/><REACH who="2" step="1"/><F26/><REACH who="2" ten="111,362,245,272" step="2"/><W60/><G67/><T14/><D79/><U43/><E64/><V109/><F109/><W46/><G97/><T85/><D35/><U59/><E84/><V114/><F114/><W63/><N who="3" m="15360" /><DORA hai="127" /><W30/><G88/><T31/><D31/><U100/><E29/><V91/><F91/><W110/><G110/><T103/><D103/><U121/><E90/><V32/><F32/><W75/><G30/><T104/><D104/><U70/><E100/><V102/><F102/><W101/><G101/><T25/><D25/><U55/><E121/><V38/><F38/><W112/><G112/><T8/><REACH who="0" step="1"/><D54/><REACH who="0" ten="101,362,245,272" step="2"/><U76/><E55/><V21/><F21/><W7/><G52/><T92/><D92/><U13/><E93/><V72/><F72/><W82/><G75/><T74/><D74/><U5/><E20/><V9/><F9/><W57/><G80/><T124/><D124/><U56/><E76/><RYUUKYOKU ba="1,2" sc="101,15,362,-15,245,15,272,-15" hai0="8,14,23,27,28,69,71,78,81,85,87,89,94" hai2="4,11,15,18,22,24,40,41,50,53,116,118,119" /><INIT seed="6,2,2,2,3,71" ten="116,347,260,257" oya="2" hai0="28,62,54,122,66,14,80,38,131,56,0,42,45" hai1="132,112,52,91,36,90,26,24,40,84,127,35,11" hai2="6,41,22,106,82,17,10,53,5,93,44,13,73" hai3="81,100,18,29,68,4,75,119,104,98,20,15,30"/><V121/><F106/><W74/><G119/><T33/><D0/><U109/><E109/><V87/><F121/><W128/><G68/><T125/><D122/><U101/><E101/><V57/><F73/><W69/><G69/><T58/><D125/><U37/><E127/><V111/><F111/><W94/><G128/><T83/><D131/><U7/><E112/><V96/><F41/><W47/><G74/><T8/><D28/><U118/><E118/><V117/><F117/><W46/><G4/><T25/><D25/><U107/><E107/><V65/><F65/><W123/><G123/><T32/><D32/><U134/><E40/><V23/><F44/><W48/><G47/><T50/><REACH who="0" step="1"/><D33/><REACH who="0" ten="106,347,260,257" step="2"/><U79/><E35/><V27/><F27/><N who="3" m="14743" /><G29/><T9/><D9/><U105/><E11/><V113/><F10/><W92/><G30/><T72/><D72/><U85/><E24/><V116/><F116/><W135/><G75/><T99/><D99/><U129/><E26/><V49/><F22/><W124/><G98/><T102/><D102/><U64/><E129/><V95/><F113/><W76/><G100/><T43/><D43/><U34/><E34/><V3/><F3/><W61/><G124/><T16/><AGARI ba="2,3" hai="8,14,16,38,42,45,50,54,56,58,62,66,80,83" machi="16" ten="20,8000,1" yaku="1,1,0,1,7,1,52,1,54,1,53,0" doraHai="71" doraHaiUra="1" who="0" fromWho="0" sc="106,116,347,-22,260,-42,257,-22" /><INIT seed="7,0,0,3,2,100" ten="222,325,218,235" oya="3" hai0="13,82,53,79,16,117,99,7,110,50,39,75,92" hai1="81,42,94,11,96,60,90,19,34,95,43,72,45" hai2="125,71,24,54,105,120,68,83,38,102,87,76,106" hai3="116,124,40,6,58,51,115,17,62,44,9,18,31"/><W80/><G115/><T121/><D110/><U8/><E34/><V127/><F38/><W111/><G124/><N who="2" m="47689" /><F120/><W65/><G116/><T134/><D121/><U109/><E109/><V2/><F2/><W1/><G111/><T114/><D117/><U131/><E131/><V107/><F102/><W63/><G31/><T47/><D134/><U55/><E72/><V0/><F0/><W101/><G80/><T46/><D114/><U88/><E81/><V52/><F24/><W23/><G23/><N who="0" m="11663" /><D39/><U12/><E8/><V123/><F123/><W122/><G122/><T66/><D66/><U32/><E32/><V30/><F30/><W48/><G101/><N who="0" m="60647" /><D75/><U85/><E60/><V132/><F132/><W113/><G113/><T67/><D67/><U57/><E57/><V56/><F54/><W135/><G135/><T70/><D70/><U77/><E77/><V78/><F78/><W5/><G62/><AGARI ba="0,0" hai="52,56,62,68,71,76,83,87,105,106,107" m="47689" machi="62" ten="40,8000,1" yaku="18,1,52,3,54,1" doraHai="100" who="2" fromWho="3" sc="222,0,325,0,218,80,235,-80" owari="222,-17.8,325,42.5,298,9.8,155,-34.5" /></mjloggm>