<mjloggm ver="2.3"><GO type="169" lobby="0"/><UN n0="%65%76%31%36%33%38%34" n1="%E3%81%BE%E3%81%A1%E3%82%83" n2="%53%69%6C%76%65%72%44%46" n3="%E3%83%95%E3%82%AF%E3%83%AD%E3%82%A6%E3%82%B5%E3%83%B3" dan="17,16,17,17" rate="2161.10,2061.74,2220.18,2189.22" sx="M,F,M,M"/><TAIKYOKU oya="0"/><INIT seed="0,0,0,1,3,24" ten="250,250,250,250" oya="0" hai0="111,129,130,59,65,89,131,46,120,34,125,39,1" hai1="19,9,81,106,70,28,22,55,23,101,61,3,21" hai2="123,53,77,58,107,73,47,72,118,76,29,60,109" hai3="31,25,112,10,5,14,94,100,17,54,128,20,6"/><T8/><D120/><U117/><E117/><V119/><F123/><W90/><G112/><T16/><D125/><U2/><E106/><V78/><F107/><W132/><G132/><T40/><D34/><U110/><E101/><V113/><F113/><W64/><G128/><T26/><D111/><U12/><E55/><V13/><F109/><W82/><G64/><T96/><D1/><N who="1" m="11" /><E81/><V69/><F69/><W135/><G135/><T11/><D65/><U41/><E41/><V121/><F121/><W15/><G100/><T38/><D59/><U50/><E50/><V85/><F13/><W97/><G82/><T18/><D39/><U104/><E61/><V68/><F68/><W75/><G75/><T57/><D57/><U7/><E104/><V124/><F124/><W86/><G97/><T79/><D79/><U48/><E48/><V88/><F47/><W127/><G127/><T84/><D96/><U102/><E102/><V115/><F29/><W99/><G54/><T51/><D38/><U32/><E70/><V133/><F133/><W63/><G63/><T103/><D103/><U105/><E105/><V98/><F98/><W92/><REACH who="3" step="1"/><G15/><REACH who="3" ten="250,250,250,240" step="2"/><T126/><D126/><U114/><E114/><V66/><F66/><W45/><G45/><T83/><REACH who="0" step="1"/><D26/><REACH who="0" ten="240,250,250,240" step="2"/><N who="1" m="18455" /><E110/><V108/><F108/><W49/><G49/><T35/><D35/><U95/><E95/><N who="2" m="54671" /><F115/><W43/><G43/><T4/><D4/><AGARI ba="0,2" hai="4,7,9,12,19,21,22,23" m="18455,11" machi="4" ten="30,12000,2" yaku="35,5,52,1" doraHai="24" who="1" fromWho="0" sc="240,-120,250,140,250,0,240,0" /><INIT seed="1,0,0,5,5,25" ten="120,390,250,240" oya="1" hai0="99,41,80,39,37,89,72,98,91,101,31,65,16" hai1="77,134,21,84,54,105,26,13,23,93,28,68,3" hai2="20,45,127,27,63,33,124,123,71,114,55,76,50" hai3="66,129,5,59,79,57,109,48,113,6,106,87,44"/><U12/><E105/><V52/><F123/><W126/><G113/><T120/><D120/><U67/><E3/><V73/><F33/><W102/><G109/><T111/><D65/><U132/><E67/><N who="2" m="41471" /><F76/><W86/><G129/><T34/><D111/><U8/><E68/><V104/><F73/><W62/><G126/><N who="2" m="48169" /><F104/><W2/><G106/><T88/><D16/><N who="1" m="10375" /><E54/><N who="2" m="30031" /><F114/><W61/><G102/><T14/><D14/><U94/><E84/><N who="3" m="32298" /><G79/><T42/><D72/><U121/><E77/><V128/><F128/><W35/><G35/><T96/><D80/><U9/><E9/><V43/><F43/><N who="0" m="16394" /><D34/><U18/><E121/><V131/><F131/><W53/><G2/><T97/><N who="0" m="24576" /><DORA hai="112" /><T56/><D101/><U103/><E103/><V29/><AGARI ba="0,0" hai="20,27,29,52,55" m="30031,48169,41471" machi="29" ten="30,4000,0" yaku="18,1,52,1,54,1" doraHai="25,112" who="2" fromWho="2" sc="120,-10,390,-20,250,40,240,-10" /><INIT seed="2,0,0,1,4,23" ten="110,370,290,230" oya="2" hai0="24,73,108,89,59,72,131,126,121,95,56,46,50" hai1="107,76,31,49,69,40,45,20,78,60,114,67,128" hai2="122,88,8,27,100,110,26,91,18,129,9,1,11" hai3="116,64,101,25,123,87,21,33,41,35,125,102,12"/><V71/><F122/><W22/><G123/><T127/><D121/><U2/><E114/><V10/><F71/><W82/><G116/><T103/><D103/><U16/><E107/><V74/><F74/><N who="0" m="28778" /><D108/><U4/><E31/><V118/><F118/><W80/><G125/><N who="0" m="47627" /><D131/><U3/><E128/><V92/><F129/><W93/><G41/><N who="0" m="24911" /><D24/><N who="2" m="9258" /><F1/><W55/><G64/><T134/><D134/><U17/><E17/><V133/><F110/><W132/><G132/><T7/><D7/><U62/><E3/><V37/><F37/><W104/><G104/><T68/><D68/><U54/><E4/><V119/><F133/><W75/><G75/><T115/><D115/><U53/><E2/><V79/><F79/><W112/><G112/><T48/><D48/><U32/><E32/><V5/><F5/><W0/><G0/><T85/><AGARI ba="0,0" hai="56,59,85,89,95" m="24911,47627,28778" machi="85" ten="30,1100,0" yaku="18,1" doraHai="23" who="0" fromWho="0" sc="110,11,370,-3,290,-5,230,-3" /><INIT seed="3,0,0,2,3,110" ten="121,367,285,227" oya="3" hai0="118,72,60,120,91,101,63,26,44,61,59,62,104" hai1="42,134,125,35,123,122,33,55,53,48,95,24,87" hai2="76,67,16,15,23,20,100,102,113,25,14,10,92" hai3="82,89,39,19,94,132,28,64,80,88,51,124,30"/><W99/><G39/><T37/><D118/><U81/><E42/><V128/><F128/><W78/><G132/><T119/><D119/><U3/><E3/><V17/><F113/><W108/><G124/><T32/><D120/><U54/><E125/><V38/><F38/><W116/><G116/><T107/><D72/><U71/><E71/><V103/><F67/><W31/><G108/><T22/><D32/><U41/><E95/><V127/><F127/><W52/><G64/><T97/><D91/><U9/><E9/><V11/><F76/><W46/><G78/><T69/><D69/><U7/><E7/><V56/><F56/><W43/><G19/><T73/><D73/><U121/><E24/><V50/><F50/><W74/><G74/><T98/><D98/><U112/><E112/><V115/><F115/><W96/><G43/><T58/><D107/><U85/><E134/><V65/><F65/><W12/><G12/><T47/><D37/><U129/><E129/><V70/><F70/><W1/><G1/><T75/><D75/><U40/><E48/><V117/><F117/><W135/><G135/><T0/><D0/><U109/><E109/><V106/><F106/><W131/><G131/><T86/><D86/><N who="1" m="32779" /><E81/><V83/><F83/><W27/><G27/><T105/><D105/><U2/><E2/><V57/><F92/><AGARI ba="0,0" hai="28,30,31,46,51,52,80,82,88,89,92,94,96,99" machi="92" ten="40,12000,1" yaku="9,1,8,1,54,2" doraHai="110" who="3" fromWho="2" sc="121,0,367,0,285,-120,227,120" /><INIT seed="3,1,0,5,0,55" ten="121,367,165,347" oya="3" hai0="94,6,114,66,77,118,15,99,128,51,20,89,109" hai1="18,78,122,84,17,60,21,27,127,49,124,113,4" hai2="65,73,123,117,82,100,68,134,121,43,86,69,96" hai3="70,25,120,35,135,47,104,19,71,74,115,95,24"/><W87/><G74/><T32/><D118/><U88/><E122/><N who="2" m="46603" /><F117/><W116/><G104/><T56/><D32/><U52/><E113/><V130/><F73/><W54/><G115/><T108/><D114/><U85/><E60/><V93/><F134/><W76/><G116/><T28/><D128/><U12/><E4/><V59/><F43/><W0/><G0/><T42/><D77/><U61/><E61/><N who="2" m="38079" /><F130/><W97/><G120/><T40/><D109/><U131/><E78/><AGARI ba="1,0" hai="68,69,78,82,86,93,96,100" m="38079,46603" machi="78" ten="30,2000,0" yaku="13,1,52,1" doraHai="55" who="2" fromWho="1" sc="121,0,367,-23,165,23,347,0" /><INIT seed="4,0,0,2,3,96" ten="121,344,188,347" oya="0" hai0="50,26,113,100,35,21,130,41,31,33,129,62,28" hai1="61,37,103,34,74,121,3,120,55,68,114,39,118" hai2="51,94,57,45,38,104,85,52,128,65,60,9,63" hai3="67,59,124,132,6,43,54,16,123,8,58,93,133"/><T15/><D62/><U83/><E118/><V109/><F109/><W115/><G115/><T18/><D113/><U13/><E13/><V14/><F104/><W12/><G124/><T29/><D50/><U7/><E55/><V135/><F135/><N who="3" m="51787" /><G123/><T81/><D81/><U30/><E114/><V25/><F128/><N who="0" m="49258" /><D41/><U131/><E103/><V101/><F38/><W102/><G43/><T125/><D100/><U32/><E131/><V112/><F112/><W69/><G69/><T22/><D125/><U86/><E74/><V76/><F25/><W66/><G58/><T90/><D90/><U116/><E116/><V48/><F76/><W73/><G73/><T0/><D0/><U24/><E61/><N who="2" m="38063" /><F48/><N who="3" m="31175" /><G6/><T20/><D26/><U79/><E39/><V10/><F85/><W111/><G111/><T78/><D78/><U19/><E79/><V71/><F71/><W84/><G84/><T53/><D53/><U106/><E86/><V110/><F63/><W1/><G1/><T70/><D70/><U40/><E68/><V56/><F60/><W27/><G27/><T23/><AGARI ba="0,0" hai="15,18,20,21,22,23,28,29,31,33,35" m="49258" machi="23" ten="40,7800,0" yaku="19,1,34,2" doraHai="96" who="0" fromWho="0" sc="121,78,344,-26,188,-26,347,-26" /><INIT seed="4,1,0,1,3,68" ten="199,318,162,321" oya="0" hai0="130,66,114,81,75,117,32,16,135,80,90,59,60" hai1="121,122,12,86,56,63,104,71,107,127,96,124,67" hai2="69,79,126,35,100,110,72,105,131,8,52,106,93" hai3="37,7,125,28,2,77,73,33,65,120,78,21,45"/><T20/><D117/><U46/><E86/><V39/><F35/><W3/><G65/><T61/><D32/><U55/><E12/><V82/><F69/><W118/><G21/><T44/><D114/><U103/><E46/><V24/><F110/><W74/><G118/><T123/><D123/><U53/><E107/><V89/><F131/><W99/><G99/><T134/><D130/><U50/><REACH who="1" step="1"/><E53/><REACH who="1" ten="199,308,162,321" step="2"/><V133/><F52/><W76/><G45/><T10/><D44/><U34/><E34/><V115/><F106/><W6/><G33/><T1/><D1/><U4/><E4/><V95/><F105/><W23/><G6/><T15/><D75/><U26/><E26/><V111/><F24/><W48/><G7/><T97/><D135/><U57/><E57/><V13/><F13/><W94/><G73/><T18/><D134/><U54/><E54/><V17/><F133/><W11/><G74/><T91/><D59/><U58/><E58/><V51/><F72/><W88/><G2/><T43/><D43/><U22/><E22/><V62/><F115/><W0/><G23/><T70/><D20/><U38/><E38/><V92/><F39/><W42/><G37/><T41/><D41/><U101/><E101/><V19/><F100/><W132/><G42/><T116/><D15/><U49/><E49/><V36/><F51/><W40/><G0/><T25/><D25/><U109/><E109/><V5/><F36/><W30/><G132/><T31/><D70/><U27/><E27/><V9/><F111/><W84/><G3/><T113/><D113/><U64/><E64/><RYUUKYOKU ba="1,1" sc="199,-10,308,30,162,-10,321,-10" hai1="50,55,56,63,67,71,96,103,104,121,122,124,127" /><INIT seed="5,2,1,0,0,26" ten="189,338,152,311" oya="1" hai0="95,65,91,124,58,52,120,14,92,45,6,98,71" hai1="93,115,10,0,33,50,135,80,44,34,41,62,5" hai2="74,83,9,38,125,16,105,3,32,100,69,73,96" hai3="35,1,134,130,119,106,90,111,68,20,37,107,104"/><U70/><E115/><V72/><F125/><W88/><RYUUKYOKU type="yao9" ba="2,1" sc="189,0,338,0,152,0,311,0" hai3="1,20,35,37,68,88,90,104,106,107,111,119,130,134" /><INIT seed="5,3,1,5,2,109" ten="189,338,152,311" oya="1" hai0="35,100,116,115,104,80,37,96,68,45,38,30,135" hai1="24,63,129,103,0,81,107,8,84,106,71,10,75" hai2="44,114,40,6,70,127,27,76,69,126,57,77,131" hai3="119,98,85,58,23,65,112,43,54,60,88,87,19"/><U26/><E129/><V125/><F131/><W50/><G119/><T31/><D116/><U93/><E71/><N who="2" m="27147" /><F6/><W110/><G110/><T4/><D31/><U117/><E63/><V28/><F57/><W118/><G118/><T124/><D135/><U113/><E107/><V36/><F114/><W5/><G5/><T92/><D92/><U90/><E117/><V128/><F128/><W3/><G3/><T21/><D21/><AGARI ba="3,1" hai="21,27,28,36,40,44,76,77,125,126,127" m="27147" machi="21" ten="40,1300,0" yaku="18,1" doraHai="109" who="2" fromWho="0" sc="189,-22,338,0,152,32,311,0" /><INIT seed="6,0,0,2,5,127" ten="167,338,184,311" oya="2" hai0="75,117,111,110,25,43,119,114,0,121,93,109,118" hai1="36,129,71,57,134,89,38,18,53,47,105,78,73" hai2="16,135,82,115,3,97,69,59,41,99,4,12,44" hai3="30,126,23,46,17,67,6,124,77,21,74,72,87"/><V81/><F69/><W42/><G6/><T35/><D75/><U102/><E71/><V122/><F122/><W86/><G67/><T40/><D93/><U104/><E134/><V10/><F115/><W108/><G30/><N who="0" m="19919" /><D43/><U24/><E78/><V50/><F135/><W88/><G108/><T80/><D80/><U120/><E73/><N who="3" m="28266" /><G77/><T85/><D85/><N who="3" m="32265" /><G88/><T27/><D27/><U32/><E89/><V100/><F59/><W62/><G62/><T14/><D40/><U33/><E24/><V9/><REACH who="2" step="1"/><F99/><REACH who="2" ten="167,338,174,311" step="2"/><W103/><G124/><T96/><D96/><U7/><E57/><V55/><F55/><W64/><G126/><T63/><D63/><U125/><E53/><V84/><F84/><W95/><G64/><T132/><D132/><U29/><E125/><V52/><F52/><W76/><G76/><T13/><D121/><U31/><E120/><V51/><F51/><W20/><G42/><T133/><D133/><U131/><E38/><V26/><F26/><W15/><G46/><T65/><D65/><U113/><E36/><V101/><F101/><W112/><G112/><T2/><D114/><U39/><E113/><V34/><F34/><W8/><G103/><T91/><D91/><U123/><E123/><V128/><F128/><W130/><G130/><T37/><D37/><U48/><E39/><V66/><F66/><W68/><G68/><T56/><D56/><U79/><E129/><V106/><AGARI ba="0,1" hai="3,4,9,10,12,16,41,44,50,81,82,97,100,106" machi="106" ten="20,7800,0" yaku="1,1,0,1,7,1,54,1,53,0" doraHai="127" doraHaiUra="70" who="2" fromWho="2" sc="167,-26,338,-26,174,88,311,-26" /><INIT seed="6,1,0,1,0,8" ten="141,312,262,285" oya="2" hai0="32,53,64,65,95,54,49,19,10,55,47,99,72" hai1="51,133,20,42,110,12,86,62,75,7,119,18,87" hai2="66,100,122,50,33,94,132,59,79,90,74,46,22" hai3="77,28,78,26,24,2,5,109,11,73,98,120,58"/><V113/><F122/><W15/><G109/><T107/><D72/><U30/><E110/><V129/><F33/><W23/><G120/><T56/><D32/><U111/><E75/><V91/><F113/><W61/><G73/><T114/><D107/><U84/><E119/><V128/><F132/><W67/><G24/><T16/><D114/><U83/><E111/><V117/><F117/><W38/><G38/><T13/><D19/><U43/><E133/><V17/><F100/><W44/><G44/><T121/><D121/><U124/><E124/><V96/><F91/><W97/><G2/><T82/><D82/><U37/><E37/><V112/><F112/><W57/><G57/><T130/><D130/><U27/><E7/><V70/><F70/><W52/><G67/><T126/><D126/><U34/><E62/><V104/><F104/><W102/><G98/><T93/><D93/><AGARI ba="1,0" hai="5,11,15,23,26,28,52,58,61,77,78,93,97,102" machi="93" ten="30,7700,0" yaku="7,1,8,1,52,1,54,1" doraHai="8" who="3" fromWho="0" sc="141,-80,312,0,262,0,285,80" /><INIT seed="7,0,0,1,1,75" ten="61,312,262,365" oya="3" hai0="87,15,6,49,50,104,78,44,97,123,69,135,25" hai1="88,113,22,118,56,80,59,107,134,93,105,54,74" hai2="63,3,8,82,109,84,119,103,35,114,99,33,21" hai3="96,34,65,9,0,130,30,52,73,89,28,115,122"/><W128/><G73/><T72/><D135/><U124/><E134/><V18/><F109/><W106/><G122/><T79/><D123/><U4/><E113/><V10/><F119/><W43/><G115/><T61/><D72/><U17/><E124/><V31/><F114/><W120/><G120/><T133/><D133/><U102/><E102/><V94/><F31/><W41/><G65/><T101/><D104/><U121/><E4/><V108/><F108/><W131/><G52/><T71/><D69/><U66/><E118/><V77/><F63/><W100/><G89/><T83/><D71/><U51/><E121/><V7/><REACH who="2" step="1"/><F8/><REACH who="2" ten="61,312,252,365" step="2"/><W90/><G28/><T1/><D1/><U20/><E20/><V117/><F117/><W60/><G60/><T86/><D61/><U98/><E66/><V91/><F91/><W19/><G90/><T62/><D62/><U39/><E88/><V111/><F111/><W5/><G30/><T38/><D38/><U48/><E22/><V116/><F116/><W67/><G67/><T110/><D110/><U57/><E39/><V29/><F29/><W16/><G34/><T40/><D25/><AGARI ba="0,1" hai="3,7,10,18,21,25,33,35,77,82,84,94,99,103" machi="25" ten="30,3900,0" yaku="1,1,7,1,52,1,53,0" doraHai="75" doraHaiUra="58" who="2" fromWho="0" sc="61,-39,312,0,252,49,365,0" owari="22,-47.8,312,11.2,301,-9.9,365,46.5" /></mjloggm>