<mjloggm ver="2.3"><GO type="225" lobby="0"/><UN n0="%70%68%65%6E%6F%6D%65" n1="%E3%82%BC%E3%83%AB%E3%83%80%E3%81%AE%E4%BC%9D%E8%AA%AC" n2="%E3%83%96%E3%83%83%E3%83%91%E3%82%AA%E3%83%96%E3%83%81%E3%82%AD%E3%83%B3" n3="%E3%81%BF%E3%81%BF%E3%81%9A" dan="16,17,16,17" rate="2180.31,2108.88,2129.48,2259.37" sx="M,M,M,M"/><TAIKYOKU oya="0"/><INIT seed="0,0,0,3,0,69" ten="250,250,250,250" oya="0" hai0="120,52,65,99,48,81,59,5,37,111,42,117,70" hai1="135,131,72,51,122,64,108,26,82,28,29,89,67" hai2="123,50,87,56,118,126,4,91,78,11,105,113,22" hai3="55,34,119,97,71,66,60,0,76,93,1,54,35"/><T112/><D5/><U74/><E122/><V9/><F123/><W16/><G119/><T32/><D120/><U134/><E108/><V43/><F113/><W84/><G34/><T103/><D32/><U62/><E131/><V100/><F126/><W44/><G35/><T88/><D112/><U104/><E104/><V14/><F118/><W57/><G76/><T18/><D117/><U102/><E102/><V41/><F78/><W125/><G84/><T128/><D128/><U6/><E6/><V8/><F105/><W127/><G16/><T116/><D116/><U31/><E26/><V25/><F100/><W20/><G20/><T47/><D18/><U53/><E89/><V27/><F27/><W61/><G44/><T90/><D81/><U96/><E96/><V101/><F101/><N who="3" m="60591" /><G54/><T132/><D132/><N who="1" m="50731" /><E82/><V95/><F11/><W15/><G15/><T79/><D79/><U24/><E24/><V13/><F9/><W10/><G10/><T77/><D77/><U75/><E62/><V46/><F14/><W98/><G98/><T36/><D111/><U114/><E114/><V2/><F2/><W80/><G80/><T121/><D121/><U49/><E53/><N who="2" m="31799" /><F46/><W17/><G17/><AGARI ba="0,0" hai="4,8,13,17,22,25,41,43,87,91,95" m="31799" machi="17" ten="30,1000,0" yaku="8,1" doraHai="69" who="2" fromWho="3" sc="250,0,250,0,250,10,250,-10" /><INIT seed="1,0,0,2,2,129" ten="250,250,260,240" oya="1" hai0="36,5,51,113,77,13,95,82,10,72,21,100,16" hai1="18,7,94,76,39,20,131,134,118,112,123,46,61" hai2="59,127,0,116,69,52,128,25,114,83,135,68,92" hai3="58,111,102,73,117,99,109,97,23,106,122,63,130"/><U67/><E112/><V66/><F116/><W34/><G122/><T64/><D113/><U121/><E118/><V8/><F114/><W93/><G117/><T85/><D36/><U119/><E119/><V96/><F128/><W26/><G34/><T57/><D64/><U15/><E131/><V17/><F127/><W62/><G73/><T24/><D72/><U71/><E134/><V33/><F66/><W126/><G126/><T125/><D125/><U37/><E76/><V35/><F35/><W55/><G130/><T28/><D100/><U11/><E94/><V29/><F83/><W41/><G41/><T81/><D82/><U30/><E30/><V27/><F135/><W14/><G14/><T9/><D95/><U54/><E39/><V89/><F0/><W43/><G43/><T86/><D85/><U75/><E75/><V12/><REACH who="2" step="1"/><F27/><REACH who="2" ten="250,250,250,240" step="2"/><W105/><G109/><T98/><D98/><U19/><E123/><V50/><AGARI ba="0,1" hai="8,12,17,25,29,33,50,52,59,68,69,89,92,96" machi="50" ten="20,12000,2" yaku="1,1,2,1,0,1,7,1,54,1,53,1" doraHai="129" doraHaiUra="53" who="2" fromWho="2" sc="250,-30,250,-60,250,130,240,-30" /><INIT seed="2,0,0,3,5,47" ten="220,190,380,210" oya="2" hai0="9,64,36,92,108,5,31,17,29,54,57,27,91" hai1="104,128,62,37,97,73,26,22,131,24,89,90,43" hai2="130,134,123,65,50,16,127,25,101,69,35,45,39" hai3="102,107,7,14,103,6,110,129,55,30,99,10,124"/><V133/><F123/><W52/><G110/><T41/><D108/><U78/><E37/><V76/><F76/><W33/><G124/><T59/><D36/><U77/><E43/><V86/><F127/><W58/><G129/><N who="1" m="49738" /><E62/><V95/><F130/><W114/><G114/><T116/><D41/><U46/><E46/><V111/><F111/><W2/><G103/><T40/><D40/><U51/><E51/><V34/><F39/><W42/><G42/><T84/><D116/><U132/><E132/><N who="2" m="50795" /><F69/><W60/><G6/><T70/><D70/><U23/><E104/><V79/><F65/><W82/><G82/><T8/><D59/><U81/><E78/><V100/><F100/><W53/><REACH who="3" step="1"/><G2/><REACH who="3" ten="220,190,380,200" step="2"/><T20/><D64/><U28/><E97/><V61/><F101/><W19/><G19/><AGARI ba="0,1" hai="19,22,23,24,26,28,73,77,81,89,90" m="49738" machi="19" ten="30,1000,0" yaku="19,1" doraHai="47" who="1" fromWho="3" sc="220,0,190,20,380,0,200,-10" /><INIT seed="3,0,0,0,0,86" ten="220,210,380,190" oya="3" hai0="66,107,124,100,92,45,73,69,5,97,76,53,33" hai1="15,60,52,129,133,17,20,1,105,21,130,12,81" hai2="68,96,59,39,118,34,125,36,4,11,132,109,110" hai3="28,98,116,16,128,65,41,61,54,102,8,63,71"/><W32/><G116/><T113/><D33/><U84/><E1/><V120/><F118/><W126/><G128/><N who="1" m="49258" /><E133/><V87/><F68/><W0/><G126/><T112/><D124/><U82/><E105/><V119/><F119/><W70/><G41/><T55/><D5/><U85/><E85/><V135/><F125/><W67/><G54/><T94/><D76/><N who="1" m="46119" /><E82/><V83/><F34/><W31/><G32/><T122/><D73/><U123/><E123/><V35/><F35/><W51/><G51/><T106/><D122/><U13/><E21/><V22/><F96/><W25/><G0/><T42/><D106/><U38/><E38/><N who="2" m="14379" /><F59/><AGARI ba="0,0" hai="12,13,15,17,20,52,59,60" m="46119,49258" machi="59" ten="30,2000,0" yaku="19,1,54,1" doraHai="86" who="1" fromWho="2" sc="220,0,210,20,380,-20,190,0" owari="220,-18.0,230,3.0,360,46.0,190,-31.0" /></mjloggm>