<mjloggm ver="2.3"><GO type="169" lobby="0"/><UN n0="%E3%83%A1%E3%82%BF%E3%82%B9%E3%82%B3%E3%82%A2" n1="%79%7A%68%61%6E%67" n2="%E6%B2%B3%E7%AB%A5%E3%81%AE%E3%83%AF%E3%82%AB%E3%83%9E%E3%83%84" n3="%E2%91%A3%E3%82%BB%E3%83%B3%E3%83%81" dan="17,16,17,18" rate="2141.24,2173.19,2174.79,2272.17" sx="M,M,M,M"/><TAIKYOKU oya="0"/><INIT seed="0,0,0,5,5,20" ten="250,250,250,250" oya="0" hai0="89,109,50,47,110,34,14,32,123,99,25,0,103" hai1="128,1,3,83,106,74,124,115,66,97,16,84,120" hai2="42,131,27,49,10,95,70,96,90,45,117,35,53" hai3="105,130,57,15,65,92,67,64,22,36,62,121,41"/><T85/><D123/><U21/><E120/><V63/><F131/><W71/><G121/><T26/><D0/><U11/><E74/><V93/><F117/><W98/><G105/><T18/><D34/><U87/><E128/><V127/><F127/><W40/><G130/><T12/><D32/><U28/><E124/><V9/><F93/><W82/><G82/><T132/><D132/><U56/><E115/><V69/><F69/><W122/><G122/><T75/><D75/><U6/><E1/><V31/><REACH who="2" step="1"/><F53/><REACH who="2" ten="250,250,240,250" step="2"/><W5/><G71/><T52/><D109/><U38/><E106/><V111/><F111/><W135/><G135/><T61/><D110/><U54/><E54/><V13/><F13/><N who="0" m="5226" /><D61/><U129/><E129/><V104/><F104/><W86/><G62/><T51/><D51/><U59/><E38/><V108/><F108/><W79/><G36/><T134/><D134/><U24/><E66/><AGARI ba="0,1" hai="9,10,27,31,35,42,45,49,63,66,70,90,95,96" machi="66" ten="40,2600,0" yaku="1,1,52,1,53,0" doraHai="20" doraHaiUra="125" who="2" fromWho="1" sc="250,0,250,-26,240,36,250,0" /><INIT seed="1,0,0,1,1,55" ten="250,224,276,250" oya="1" hai0="47,125,82,15,101,37,78,123,92,32,50,96,114" hai1="128,25,12,120,113,11,56,85,106,30,1,118,133" hai2="63,103,44,33,130,94,62,77,70,20,131,16,111" hai3="135,31,8,72,60,79,46,124,29,2,65,109,54"/><U61/><E113/><V108/><F33/><W7/><G109/><N who="2" m="42057" /><F77/><W80/><G124/><T57/><D114/><U112/><E112/><V81/><F81/><W93/><G135/><T129/><D32/><U24/><E118/><V39/><F103/><W3/><G3/><T90/><D125/><U21/><E120/><V22/><F94/><W59/><G93/><T58/><D129/><N who="2" m="49162" /><F70/><W36/><REACH who="3" step="1"/><G54/><REACH who="3" ten="250,224,276,240" step="2"/><N who="0" m="30047" /><D123/><U51/><E128/><V107/><F107/><W13/><G13/><T48/><D37/><U38/><E38/><V34/><F34/><W91/><G91/><T19/><D78/><U10/><E106/><V105/><F105/><W100/><G100/><T27/><D101/><U43/><E1/><V52/><F39/><W126/><G126/><T40/><D82/><U71/><E12/><N who="2" m="9223" /><F22/><W89/><G89/><T86/><D90/><U9/><E21/><V45/><F62/><W17/><G17/><T88/><D19/><U35/><E61/><V68/><F68/><W122/><G122/><T4/><D15/><U98/><E71/><V76/><F76/><W0/><G0/><T42/><D4/><U121/><E121/><V26/><F26/><W110/><G110/><T102/><D27/><U73/><E25/><V53/><F53/><W66/><G66/><T75/><D102/><U115/><E24/><V97/><F97/><W116/><G116/><T49/><D96/><U119/><E98/><V95/><F95/><W69/><G69/><T14/><D14/><U5/><E119/><V87/><F63/><W64/><G64/><T132/><D88/><U104/><E115/><RYUUKYOKU ba="0,1" sc="250,-10,224,-10,276,-10,240,30" hai3="2,7,8,29,31,36,46,59,60,65,72,79,80" /><INIT seed="2,1,1,2,3,0" ten="240,214,266,270" oya="2" hai0="8,41,65,7,58,12,109,40,88,35,89,79,114" hai1="16,62,48,21,133,95,78,122,42,83,103,52,36" hai2="5,97,4,134,1,14,80,63,69,19,23,47,82" hai3="85,43,130,28,72,107,104,64,54,112,11,117,24"/><V87/><F1/><W34/><G72/><T18/><D114/><U27/><E133/><V77/><F134/><W124/><G117/><T9/><D35/><U32/><E122/><V53/><F97/><W113/><G43/><T10/><D109/><U22/><E32/><V84/><F69/><W121/><G121/><T39/><D79/><U127/><E127/><V110/><F110/><W49/><G64/><T74/><D74/><U25/><E36/><V125/><F125/><W70/><G70/><T92/><D39/><U61/><E42/><N who="0" m="16489" /><D18/><U26/><E95/><V118/><F118/><W37/><G37/><T30/><D30/><U126/><E103/><V98/><F98/><W119/><G130/><T68/><D68/><U108/><E108/><V94/><F94/><W90/><G124/><T73/><D73/><U132/><E132/><V129/><F129/><W38/><G38/><T71/><D71/><U66/><E126/><V99/><F99/><W59/><G11/><N who="0" m="4171" /><D92/><U56/><E66/><V101/><F101/><W91/><G91/><T15/><D15/><N who="1" m="9375" /><E22/><V44/><F84/><AGARI ba="1,1" hai="25,26,27,48,52,56,61,62,78,83,84" m="9375" machi="84" ten="30,3900,0" yaku="8,1,54,2" doraHai="0" who="1" fromWho="2" sc="240,0,214,52,266,-42,270,0" /><INIT seed="3,0,0,4,5,41" ten="240,266,224,270" oya="3" hai0="68,89,0,34,13,122,29,128,115,65,91,52,58" hai1="120,97,28,63,133,93,83,86,95,15,73,129,96" hai2="40,60,16,76,125,131,94,111,42,130,82,123,32" hai3="61,64,36,21,48,9,54,3,55,33,107,37,119"/><W53/><G33/><T19/><D122/><U112/><E120/><V84/><F123/><W90/><G107/><T8/><D128/><N who="2" m="49194" /><F32/><W12/><G119/><T23/><D115/><U69/><E112/><V7/><F7/><W67/><G3/><T51/><D68/><U109/><E73/><V20/><F111/><W102/><G102/><T99/><D65/><N who="3" m="25161" /><G21/><T43/><D99/><U10/><E109/><V98/><F60/><W22/><G22/><T101/><D43/><U72/><E63/><V74/><F74/><W46/><G90/><T116/><D101/><U56/><E69/><V113/><F125/><W59/><G12/><T121/><D116/><U75/><E15/><N who="2" m="9247" /><F113/><W47/><G9/><T45/><D58/><U25/><E10/><V31/><F31/><W117/><G117/><T118/><D118/><U108/><E28/><V24/><F24/><W79/><G79/><T103/><D103/><AGARI ba="0,0" hai="40,42,76,82,84,94,98,103" m="9247,49194" machi="103" ten="30,2000,0" yaku="19,1,54,1" doraHai="41" who="2" fromWho="0" sc="240,-20,266,0,224,20,270,0" /><INIT seed="4,0,0,4,3,105" ten="220,266,244,270" oya="0" hai0="42,122,92,126,102,113,76,5,52,78,8,81,24" hai1="7,38,127,99,0,65,135,83,26,60,98,134,87" hai2="55,64,120,75,73,17,69,32,95,125,91,109,29" hai3="45,49,18,108,132,107,121,101,31,51,10,110,128"/><T6/><D122/><U22/><E38/><V46/><F109/><N who="3" m="42091" /><G101/><T89/><D113/><U2/><E127/><V50/><F120/><W133/><G107/><T43/><D126/><U3/><E7/><N who="0" m="2569" /><D102/><U1/><N who="1" m="0" /><DORA hai="19" /><U33/><E33/><V14/><F125/><W90/><G31/><T71/><D71/><U85/><E85/><V70/><F29/><W58/><G90/><T9/><D24/><U86/><E86/><V4/><F4/><W15/><G121/><T111/><D81/><U72/><E72/><V30/><F30/><W21/><G58/><T114/><D114/><U66/><E98/><V116/><F116/><W118/><G118/><T130/><D130/><U44/><E99/><V36/><F32/><W112/><G51/><T11/><D111/><U20/><E44/><V131/><F131/><W40/><G112/><T74/><D74/><U34/><E34/><V129/><F70/><W61/><G61/><T23/><D23/><N who="1" m="8747" /><E60/><V103/><F103/><W84/><G84/><N who="0" m="52263" /><D52/><U119/><E26/><V28/><F28/><W79/><G128/><T104/><D104/><U82/><E119/><V16/><F129/><W56/><G56/><T100/><D100/><U62/><E62/><N who="2" m="40087" /><F73/><W53/><G53/><T115/><D115/><U57/><E57/><V124/><F75/><W48/><G48/><T67/><D67/><N who="1" m="25611" /><E87/><N who="2" m="52735" /><F124/><W117/><G117/><T63/><D63/><U77/><E77/><AGARI ba="0,0" hai="8,9,11,42,43,76,77,78" m="52263,2569" machi="77" ten="30,1500,0" yaku="8,1" doraHai="105,19" who="0" fromWho="1" sc="220,15,266,-15,244,0,270,0" /><INIT seed="4,1,0,3,2,115" ten="235,251,244,270" oya="0" hai0="105,122,134,132,35,58,43,119,88,96,36,107,91" hai1="86,59,47,100,99,55,21,3,116,97,29,24,6" hai2="127,7,34,60,19,68,17,30,66,41,121,0,22" hai3="51,98,103,20,40,42,67,50,32,83,23,125,72"/><T117/><D35/><U18/><E116/><N who="0" m="44617" /><D122/><U131/><E131/><V79/><F121/><W124/><G32/><T65/><D43/><N who="3" m="16425" /><G67/><T38/><D65/><U8/><E47/><V49/><F19/><W73/><G83/><T61/><D96/><U71/><E71/><V112/><F49/><N who="3" m="18443" /><G98/><T111/><D58/><U57/><E97/><V109/><F22/><N who="3" m="8235" /><G103/><T129/><D61/><U63/><E57/><V78/><F60/><W69/><G69/><T94/><D129/><U118/><E118/><V123/><F34/><W101/><G101/><T130/><D130/><U15/><E86/><V87/><F87/><W113/><G113/><T12/><D12/><U26/><E29/><V28/><F30/><W89/><G89/><N who="0" m="34379" /><D94/><AGARI ba="1,0" hai="3,6,8,15,18,21,24,26,55,59,63,94,99,100" machi="94" ten="30,1000,0" yaku="7,1" doraHai="115" who="1" fromWho="0" sc="235,-13,251,13,244,0,270,0" /><INIT seed="5,0,0,4,3,121" ten="222,264,244,270" oya="1" hai0="94,58,75,135,122,112,4,51,35,8,128,69,118" hai1="83,93,111,114,7,134,30,115,102,12,27,1,77" hai2="82,64,23,31,21,44,13,119,63,20,49,90,11" hai3="56,99,104,129,28,24,32,113,98,78,106,73,84"/><U124/><E1/><V2/><F119/><W95/><G56/><T81/><D118/><U79/><E124/><V70/><F2/><W54/><G54/><T55/><D122/><U41/><E134/><V74/><F31/><W125/><G24/><T133/><D69/><U17/><E41/><V120/><F120/><W43/><G28/><T50/><D35/><U26/><E7/><V60/><F60/><W34/><G43/><T10/><D112/><U105/><E105/><N who="3" m="40554" /><G32/><T76/><D128/><U40/><E40/><V29/><F29/><W42/><G42/><T67/><D67/><U131/><E131/><V100/><F100/><W36/><G36/><T9/><D94/><U6/><E6/><V88/><F49/><W116/><G34/><T15/><REACH who="0" step="1"/><D51/><REACH who="0" ten="212,264,244,270" step="2"/><U68/><E68/><V126/><F126/><W18/><G125/><T71/><D71/><U19/><E114/><V65/><F65/><W127/><G127/><T92/><D92/><U80/><E93/><V107/><F107/><W5/><G113/><T59/><D59/><U33/><E115/><V57/><F70/><W109/><G116/><T110/><D110/><U86/><E111/><V47/><F44/><W45/><G109/><T87/><D87/><U38/><E86/><V97/><F47/><W89/><G45/><T22/><D22/><U103/><E33/><V91/><F97/><W37/><G129/><T16/><D16/><U132/><E30/><V53/><F64/><W39/><G18/><T108/><D108/><U96/><E17/><N who="2" m="8383" /><F20/><W123/><G123/><T0/><D0/><U117/><E117/><RYUUKYOKU ba="0,1" sc="212,15,264,-15,244,15,270,-15" hai0="4,8,9,10,15,50,55,58,75,76,81,133,135" hai2="21,23,53,57,63,74,82,88,90,91" /><INIT seed="6,1,1,1,2,31" ten="227,249,259,255" oya="2" hai0="34,102,81,92,113,44,12,75,79,33,76,77,128" hai1="119,85,123,126,114,134,46,73,124,132,47,64,72" hai2="65,18,15,38,106,45,21,108,89,109,63,68,127" hai3="105,130,58,25,91,13,82,97,55,30,8,61,115"/><V59/><F106/><W16/><G130/><T9/><D128/><U122/><E85/><V80/><F127/><N who="1" m="48681" /><E64/><V74/><F68/><W98/><G115/><T54/><D113/><U51/><E119/><V112/><F112/><W62/><G105/><T0/><D0/><U19/><E19/><V120/><F120/><N who="1" m="46121" /><E114/><V37/><F18/><W110/><G110/><T88/><D102/><U3/><E3/><V133/><F65/><W48/><G82/><T57/><D44/><N who="1" m="16939" /><E51/><V99/><F45/><W11/><G11/><T117/><D117/><U95/><E95/><V87/><F87/><W32/><G91/><T135/><D135/><AGARI ba="1,1" hai="72,73,132,134,135" m="16939,46121,48681" machi="135" ten="40,8000,1" yaku="28,2,20,1,18,1,13,1" doraHai="31" who="1" fromWho="0" sc="227,-83,249,93,259,0,255,0" /><INIT seed="7,0,0,2,0,133" ten="144,342,259,255" oya="3" hai0="128,108,52,6,24,46,80,74,19,122,45,71,66" hai1="72,81,86,87,76,15,129,20,56,42,111,94,109" hai2="39,40,25,49,26,37,5,99,116,8,28,96,58" hai3="10,90,68,82,119,55,126,107,89,65,127,3,91"/><W134/><G119/><T11/><D122/><U118/><E118/><V27/><F28/><W51/><G107/><T113/><D108/><U70/><E70/><V18/><F18/><W2/><G134/><T33/><D128/><U41/><E129/><V38/><F116/><W13/><G82/><T9/><D71/><U120/><E120/><V83/><F83/><W48/><G65/><T35/><D66/><U50/><E72/><V110/><F110/><W0/><G68/><T4/><D80/><U16/><E41/><V77/><F77/><W73/><G73/><T59/><D74/><U53/><E42/><V75/><F75/><W124/><G55/><T62/><D113/><U92/><E92/><V34/><F34/><W95/><G95/><T130/><D130/><U7/><E7/><AGARI ba="0,0" hai="0,2,3,7,10,13,48,51,89,90,91,124,126,127" machi="7" ten="50,18000,2" yaku="29,2,18,1,52,3" doraHai="133" who="3" fromWho="1" sc="144,0,342,-180,259,0,255,180" owari="144,-35.6,162,-23.8,259,5.9,435,53.5" /></mjloggm>