<mjloggm ver="2.3"><GO type="169" lobby="0"/><UN n0="%E3%82%A2%E3%83%A9%E3%82%B5%E3%83%BC%E3%81%A0%E3%82%88%21%21" n1="%E3%82%A8%E3%83%8D%E3%83%AB" n2="%E3%81%A8%E3%82%8D%E3%82%8D%E3%81%9D%E3%81%B0" n3="%E3%81%AF%E3%81%84%E3%82%8C%E3%81%AB%E3%82%83%E3%82%93" dan="18,18,17,16" rate="2225.84,2200.10,2251.23,2049.80" sx="F,M,M,M"/><TAIKYOKU oya="0"/><INIT seed="0,0,0,3,3,15" ten="250,250,250,250" oya="0" hai0="37,80,73,38,9,99,72,104,129,34,18,39,77" hai1="48,2,106,62,130,28,33,93,81,31,82,134,85" hai2="124,45,127,105,60,103,61,92,42,6,5,3,96" hai3="74,50,84,78,83,40,29,119,7,117,13,107,4"/><T59/><D34/><U115/><E106/><V113/><F113/><W57/><G107/><T114/><D114/><U109/><E2/><V32/><F32/><W43/><G29/><T126/><D126/><N who="2" m="48170" /><F105/><W12/><G74/><T86/><D129/><U135/><E48/><N who="2" m="26679" /><F3/><W71/><G71/><T67/><D67/><U122/><E33/><V120/><F120/><W17/><G13/><T133/><D133/><U70/><E122/><V110/><F110/><W25/><G25/><T10/><D59/><U108/><E130/><V0/><F0/><W27/><G27/><T51/><D51/><U69/><E62/><AGARI ba="0,0" hai="5,6,60,61,62,92,96,103" m="26679,48170" machi="62" ten="30,1000,0" yaku="18,1" doraHai="15" who="2" fromWho="1" sc="250,0,250,-10,250,10,250,0" /><INIT seed="1,0,0,1,2,57" ten="250,240,260,250" oya="1" hai0="113,59,129,8,24,21,131,132,122,120,33,99,110" hai1="41,64,47,54,9,7,50,17,74,72,66,36,23" hai2="128,77,78,40,91,14,107,119,95,52,37,112,58" hai3="134,85,111,16,49,118,115,117,53,30,63,82,126"/><U98/><E98/><V123/><F107/><W5/><G115/><T48/><D113/><U88/><E74/><V65/><F119/><N who="3" m="45579" /><G111/><T34/><D110/><U35/><E35/><N who="0" m="13321" /><D99/><U4/><E72/><V19/><F112/><W109/><G109/><T67/><D48/><U93/><E66/><V2/><F2/><W101/><G30/><N who="0" m="17679" /><D59/><U22/><E17/><V89/><F89/><W79/><G5/><T29/><D67/><U20/><E9/><V38/><F65/><W28/><G28/><T1/><D29/><U133/><E64/><V102/><F102/><W103/><G126/><T45/><D45/><U0/><E0/><V86/><F38/><W96/><G134/><T81/><D81/><U75/><E75/><V42/><F37/><W104/><G103/><T51/><D51/><U3/><E3/><V105/><F105/><W43/><G43/><T94/><D94/><U71/><E133/><V12/><F42/><W83/><G83/><T46/><D46/><U62/><E71/><V73/><F40/><W121/><G49/><T55/><D55/><U31/><E31/><V87/><F52/><W125/><G125/><T6/><D132/><U84/><E36/><V68/><F68/><W76/><G76/><T61/><D61/><U130/><E130/><AGARI ba="0,0" hai="1,6,8,120,122,129,130,131" m="17679,13321" machi="130" ten="30,3900,0" yaku="19,1,34,2" doraHai="57" who="0" fromWho="1" sc="250,39,240,-39,260,0,250,0" /><INIT seed="2,0,0,2,0,101" ten="289,201,260,250" oya="2" hai0="92,81,10,125,113,31,76,13,3,133,91,74,9" hai1="111,27,97,59,56,93,33,4,73,131,82,95,54" hai2="26,109,37,122,68,77,38,61,19,52,79,105,83" hai3="28,120,11,87,96,46,72,41,7,15,51,45,124"/><V49/><F122/><W129/><G120/><T112/><D125/><U30/><E111/><V126/><F126/><W40/><G124/><T0/><D133/><U78/><E131/><V24/><F79/><W85/><G129/><T18/><D31/><U44/><E4/><V116/><F116/><W55/><G72/><T42/><D42/><U25/><E25/><V130/><F130/><W70/><G70/><T98/><REACH who="0" step="1"/><D10/><REACH who="0" ten="279,201,260,250" step="2"/><U14/><E30/><V22/><F109/><W8/><G28/><T43/><D43/><U128/><E128/><V107/><F38/><W64/><G41/><T29/><D29/><U103/><E33/><V100/><F37/><W80/><G11/><T66/><D66/><U17/><E73/><V16/><F100/><W132/><G64/><T57/><D57/><U20/><E59/><V104/><F68/><W60/><G132/><T62/><D62/><U121/><E44/><V63/><F26/><W123/><G123/><T106/><D106/><U21/><E121/><V94/><F19/><W86/><G60/><T134/><D134/><U58/><E27/><V35/><F35/><W135/><G135/><T90/><D90/><U127/><E127/><V32/><F32/><W89/><G46/><T5/><D5/><U6/><E6/><V50/><F63/><W67/><G67/><T2/><AGARI ba="0,1" hai="0,2,3,9,13,18,74,76,81,91,92,98,112,113" machi="2" ten="30,2000,0" yaku="1,1,0,1,53,0" doraHai="101" doraHaiUra="36" who="0" fromWho="0" sc="279,30,201,-5,260,-10,250,-5" /><INIT seed="3,0,0,0,5,7" ten="309,196,250,245" oya="3" hai0="119,47,6,108,97,99,116,133,21,126,123,19,74" hai1="95,82,124,72,127,43,70,54,39,69,56,96,51" hai2="1,64,128,84,11,98,32,117,100,15,120,130,112" hai3="77,110,104,36,87,113,102,83,25,118,103,109,12"/><W90/><G36/><T75/><D123/><U3/><E3/><V121/><F112/><W129/><G113/><T101/><D126/><N who="1" m="48171" /><E72/><V40/><F117/><W81/><G25/><T107/><D108/><N who="3" m="41577" /><G118/><T65/><D119/><U132/><E82/><V62/><F1/><W2/><G2/><T76/><D75/><U105/><E105/><V23/><F32/><W16/><G104/><T22/><D99/><U55/><E132/><V30/><F84/><N who="3" m="50463" /><G129/><N who="2" m="49769" /><F40/><W27/><G27/><T44/><D107/><U86/><E86/><V0/><F0/><W49/><G49/><T35/><D74/><U61/><E95/><N who="2" m="58463" /><F30/><W57/><G57/><T88/><D116/><U63/><E96/><V80/><F80/><W66/><G66/><T42/><D65/><U89/><E89/><V17/><F23/><AGARI ba="0,0" hai="12,16,23,77,81,87,102,103" m="50463,41577" machi="23" ten="30,5800,0" yaku="14,1,10,1,54,1" doraHai="7" who="3" fromWho="2" sc="309,0,196,0,250,-58,245,58" /><INIT seed="3,1,0,0,4,117" ten="309,196,192,303" oya="3" hai0="50,32,29,86,82,92,80,38,102,69,78,9,91" hai1="7,43,70,103,36,20,64,42,41,55,89,65,1" hai2="123,34,23,2,12,57,93,27,134,83,115,60,18" hai3="113,90,109,84,118,6,0,30,85,3,33,67,98"/><W133/><G118/><T56/><D38/><U53/><E36/><V100/><F115/><W112/><G133/><T79/><D69/><U46/><E103/><V124/><F134/><W72/><G72/><T45/><D32/><U77/><E77/><N who="0" m="29193" /><D29/><U51/><E70/><V61/><F124/><W59/><G109/><T25/><D25/><U4/><E20/><V68/><F83/><N who="0" m="31786" /><D56/><U66/><E1/><V121/><F2/><W14/><G14/><T31/><D31/><U62/><E89/><V132/><F132/><W95/><G0/><T99/><D9/><U104/><E104/><V52/><F34/><W11/><G113/><T131/><D131/><U75/><E75/><V37/><F37/><W73/><G112/><T122/><D122/><N who="2" m="46602" /><F68/><W15/><G73/><T120/><D120/><U13/><E13/><V87/><F27/><W26/><G59/><AGARI ba="1,0" hai="4,7,41,42,43,46,51,53,55,59,62,64,65,66" machi="59" ten="40,1300,0" yaku="8,1" doraHai="117" who="1" fromWho="3" sc="309,0,196,16,192,0,303,-16" /><INIT seed="4,0,0,2,4,36" ten="309,212,192,287" oya="0" hai0="24,62,115,51,127,29,59,50,76,19,101,113,111" hai1="117,15,133,27,63,86,8,14,108,89,56,84,125" hai2="94,134,124,68,42,31,90,4,21,49,72,93,47" hai3="34,112,39,87,79,52,48,18,55,22,81,25,122"/><T1/><D1/><U61/><E117/><V100/><F124/><W85/><G39/><T91/><D127/><U102/><E108/><V16/><F134/><W60/><G112/><N who="0" m="43083" /><D101/><U114/><E114/><V5/><F68/><W80/><G122/><T103/><D103/><U135/><E102/><V53/><F31/><W95/><G34/><N who="0" m="20775" /><D76/><U17/><E27/><V57/><F72/><W119/><G119/><T75/><D75/><U26/><E26/><N who="2" m="14631" /><F94/><W105/><G105/><T13/><D91/><U120/><E125/><V32/><F100/><W78/><G60/><T9/><D111/><U44/><E120/><V28/><F28/><W20/><G95/><T0/><D0/><U92/><E135/><V65/><F65/><AGARI ba="0,0" hai="9,13,19,50,51,59,62,65" m="20775,43083" machi="65" ten="30,1500,0" yaku="15,1" doraHai="36" who="0" fromWho="2" sc="309,15,212,0,192,-15,287,0" /><INIT seed="4,1,0,0,5,131" ten="324,212,177,287" oya="0" hai0="37,29,44,84,25,91,94,125,69,73,72,51,90" hai1="105,39,55,61,4,85,7,46,26,32,87,107,108" hai2="60,135,128,49,31,33,53,113,34,5,19,111,118" hai3="106,98,76,134,54,67,126,70,12,74,89,21,97"/><T132/><D69/><U1/><E108/><V2/><F111/><W45/><G126/><T52/><D125/><U27/><E46/><V63/><F128/><W130/><G130/><T77/><D132/><U30/><E61/><V101/><F101/><W122/><G76/><T117/><D117/><U83/><E83/><V65/><F118/><W24/><G74/><T15/><D37/><U119/><E119/><V115/><F5/><W8/><G134/><T14/><D73/><U41/><E30/><V133/><F2/><W38/><G67/><T48/><D72/><U59/><E59/><V124/><F19/><W114/><G114/><N who="2" m="43529" /><F124/><W62/><G106/><T104/><D104/><U88/><E1/><V40/><F40/><W10/><G10/><T79/><D51/><U75/><E75/><V99/><F99/><W103/><G103/><T86/><D79/><U20/><E41/><V50/><F50/><N who="3" m="29007" /><G38/><T81/><REACH who="0" step="1"/><D77/><REACH who="0" ten="314,212,177,287" step="2"/><U58/><E39/><V80/><F63/><W57/><G70/><T66/><D66/><U116/><E116/><V47/><F60/><W102/><G62/><T0/><D0/><U22/><E107/><V112/><F65/><W82/><G122/><T17/><D17/><U96/><E105/><V68/><F68/><W110/><G110/><T121/><D121/><U3/><E3/><V18/><F112/><W28/><G28/><T95/><D95/><U43/><E4/><V127/><F127/><W78/><G78/><T56/><D56/><U36/><E7/><V71/><F71/><W92/><G57/><T35/><AGARI ba="1,1" hai="14,15,25,29,35,44,48,52,81,84,86,90,91,94" machi="35" ten="20,7800,0" yaku="1,1,0,1,7,1,54,1,53,0" doraHai="131" doraHaiUra="6" who="0" fromWho="0" sc="314,91,212,-27,177,-27,287,-27" /><INIT seed="4,2,0,3,4,70" ten="405,185,150,260" oya="0" hai0="28,114,34,56,118,88,64,75,23,134,74,105,19" hai1="99,86,115,50,41,0,45,60,26,103,18,94,5" hai2="51,46,57,62,125,106,65,55,122,91,123,117,32" hai3="3,67,72,21,42,54,121,43,39,15,120,48,25"/><T132/><D118/><U80/><E115/><V82/><F32/><W44/><G3/><T131/><D105/><U93/><E0/><V9/><F106/><W124/><G72/><T112/><D28/><U66/><E5/><V102/><F102/><W58/><G124/><T13/><D34/><U12/><E26/><V31/><F31/><W83/><G83/><T29/><D29/><U22/><E99/><V109/><F109/><W113/><G113/><N who="0" m="43627" /><D131/><U1/><E103/><V129/><F125/><W40/><G15/><T130/><D130/><U78/><REACH who="1" step="1"/><E1/><REACH who="1" ten="405,175,150,260" step="2"/><V33/><F129/><W61/><G25/><T38/><D13/><U36/><E36/><V133/><F117/><W111/><G111/><T4/><D38/><U10/><E10/><V52/><F9/><W14/><G14/><T6/><D4/><U63/><E63/><V73/><F33/><W69/><G21/><T84/><D6/><U59/><AGARI ba="2,1" hai="12,18,22,41,45,50,59,60,66,78,80,86,93,94" machi="59" ten="20,5200,0" yaku="1,1,0,1,7,1,8,1,53,0" doraHai="70" doraHaiUra="49" who="1" fromWho="1" sc="405,-28,175,68,150,-15,260,-15" /><INIT seed="5,0,0,3,2,94" ten="377,243,135,245" oya="1" hai0="63,91,7,65,121,90,75,116,99,130,49,64,114" hai1="23,14,27,28,120,72,19,79,113,70,103,5,31" hai2="133,82,127,17,89,118,83,78,24,68,30,105,71" hai3="26,16,15,129,1,123,81,2,12,8,119,21,3"/><U128/><E70/><V20/><F118/><W107/><G107/><T57/><D116/><U33/><E103/><V80/><F105/><W104/><G104/><T55/><D75/><U86/><E72/><V58/><F127/><W95/><G119/><T126/><D114/><U39/><E39/><V18/><F133/><W44/><G123/><T35/><D35/><U112/><E79/><V53/><F71/><W74/><G129/><T34/><D34/><U108/><E86/><V32/><F68/><W87/><G74/><T92/><D126/><U6/><E120/><V60/><F78/><W93/><G15/><T37/><D37/><U43/><E43/><V85/><REACH who="2" step="1"/><F32/><REACH who="2" ten="377,243,125,245" step="2"/><W50/><G1/><T48/><D121/><U135/><E135/><V13/><F13/><W109/><G2/><T125/><D125/><U98/><E113/><V10/><F10/><W77/><G3/><T67/><D130/><U59/><E128/><V69/><F69/><W122/><G122/><T56/><D7/><U36/><E112/><V47/><F47/><W11/><G109/><T132/><D132/><U61/><E108/><V106/><F106/><W102/><G8/><T45/><D45/><U62/><E33/><V110/><F110/><W51/><G44/><T42/><D56/><U96/><E5/><V115/><F115/><W46/><G46/><T111/><D111/><U9/><E36/><V97/><F97/><N who="1" m="37481" /><E59/><V124/><F124/><W29/><G102/><N who="0" m="60775" /><D42/><U73/><E73/><V76/><F76/><W66/><G77/><T22/><D22/><N who="1" m="15479" /><E6/><V88/><F88/><AGARI ba="0,1" hai="48,49,55,57,63,64,65,67,88,90,91" m="60775" machi="88" ten="30,3900,0" yaku="8,1,52,1,54,1" doraHai="94" who="0" fromWho="2" sc="377,49,243,0,125,-39,245,0" /><INIT seed="6,0,0,1,3,44" ten="426,243,86,245" oya="2" hai0="64,23,59,52,81,32,41,54,98,26,50,117,89" hai1="97,56,134,83,9,10,25,94,22,3,120,17,123" hai2="34,21,1,51,67,71,6,18,65,69,35,40,11" hai3="73,115,53,128,122,16,112,111,33,43,68,86,84"/><V37/><F37/><W47/><G111/><T7/><D117/><U24/><E83/><V75/><F75/><W132/><G122/><N who="1" m="46634" /><E56/><V15/><F67/><W39/><G73/><T107/><D32/><U105/><E105/><V74/><F74/><W108/><G108/><T63/><D7/><N who="1" m="1279" /><E10/><V27/><F65/><W14/><G128/><T90/><D107/><U42/><E42/><V96/><F96/><W88/><G132/><T87/><D41/><U95/><E134/><V130/><F130/><W31/><G68/><T125/><D125/><U106/><E25/><V55/><F40/><W46/><G86/><T57/><D98/><U30/><E30/><V99/><F99/><W91/><G84/><T82/><D64/><U29/><E29/><N who="2" m="19775" /><F35/><W77/><G77/><N who="0" m="46511" /><D82/><U12/><E24/><V38/><F38/><W36/><G31/><AGARI ba="0,0" hai="23,26,31,50,52,54,57,59,63,89,90" m="46511" machi="31" ten="30,3900,0" yaku="8,1,52,1,54,1" doraHai="44" who="0" fromWho="3" sc="426,39,243,0,86,0,245,-39" /><INIT seed="7,0,0,1,2,133" ten="465,243,86,206" oya="3" hai0="15,86,7,104,0,49,24,45,135,12,58,73,79" hai1="131,5,13,22,34,46,114,115,47,75,72,129,36" hai2="17,108,123,42,126,57,11,50,92,18,83,99,121" hai3="127,53,9,68,3,69,128,70,132,27,8,23,89"/><W37/><G132/><T71/><D104/><U41/><E34/><V48/><F108/><W66/><G128/><N who="1" m="49226" /><E46/><V94/><F83/><W111/><G37/><T95/><D49/><U116/><E116/><V20/><F11/><W98/><G111/><T97/><D15/><U51/><E51/><V85/><F85/><W122/><G122/><T29/><D58/><U65/><E65/><V101/><F57/><W93/><G66/><T63/><D7/><U44/><E44/><V59/><F59/><W110/><G3/><T100/><D12/><U31/><E31/><V90/><F42/><W96/><G96/><T88/><D45/><U77/><E77/><V40/><F40/><W80/><G80/><T25/><D73/><N who="1" m="28235" /><E5/><V78/><F78/><W118/><G118/><T117/><D117/><U102/><E102/><V10/><F10/><W119/><G119/><T130/><D100/><U125/><E125/><V74/><F74/><W21/><G127/><T16/><D86/><U52/><E52/><V35/><F35/><W109/><G53/><T120/><D0/><U32/><E32/><V33/><F33/><W60/><G110/><T6/><D25/><U39/><E39/><V61/><F61/><W84/><G60/><T67/><D71/><U112/><E112/><V82/><F126/><W81/><G109/><T107/><D63/><U19/><AGARI ba="0,0" hai="13,19,22,36,41,47,114,115" m="28235,49226" machi="19" ten="40,1500,0" yaku="19,1" doraHai="133" who="1" fromWho="1" sc="465,-4,243,15,86,-4,206,-7" owari="461,56.1,258,5.8,82,-41.8,199,-20.1" /></mjloggm>