<mjloggm ver="2.3"><GO type="169" lobby="0"/><UN n0="%E4%B8%89%E5%8D%81%E7%94%BB%E7%94%9F" n1="%E3%83%9D%E3%83%B3%E3%83%9D%E3%82%B3%E5%95%86%E4%BA%8B" n2="%E4%BF%9D%E8%82%B2%E5%A3%AB" n3="%E3%81%A6%E3%81%A4%EF%BC%A3" dan="16,16,16,16" rate="2118.08,2173.94,2168.78,2139.52" sx="M,M,M,M"/><TAIKYOKU oya="0"/><INIT seed="0,0,0,5,5,64" ten="250,250,250,250" oya="0" hai0="69,95,74,125,35,83,58,40,14,51,94,134,99" hai1="114,22,112,66,90,118,13,87,73,88,52,28,44" hai2="122,2,65,68,5,135,81,50,3,119,1,0,26" hai3="107,71,27,104,49,39,103,70,89,29,82,30,55"/><T53/><D35/><U131/><E118/><V11/><F122/><W37/><G89/><T117/><D117/><U32/><E73/><V132/><F119/><W105/><G82/><T128/><D128/><U91/><E131/><V19/><F50/><W129/><G129/><T130/><D130/><U85/><E32/><V121/><F121/><W62/><G103/><T100/><D134/><U60/><E28/><V34/><F81/><W23/><G30/><T4/><D125/><U57/><E13/><V54/><F54/><W33/><G23/><T110/><D110/><U80/><E22/><N who="2" m="13663" /><F65/><W111/><G111/><T56/><D40/><U18/><E18/><V72/><F72/><W124/><G124/><T61/><D74/><U96/><E96/><V6/><F34/><W86/><G86/><T108/><D83/><U106/><E106/><V8/><F68/><W79/><G79/><T127/><D127/><U48/><REACH who="1" step="1"/><E87/><REACH who="1" ten="250,240,250,250" step="2"/><V45/><F45/><W46/><REACH who="3" step="1"/><G62/><REACH who="3" ten="250,240,250,240" step="2"/><N who="0" m="36111" /><D99/><U17/><E17/><V97/><F97/><W12/><G12/><AGARI ba="0,2" hai="0,1,2,3,5,6,8,11,12,132,135" m="13663" machi="12" ten="30,2000,0" yaku="34,2" doraHai="64" who="2" fromWho="3" sc="250,0,240,0,250,40,240,-20" /><INIT seed="1,0,0,2,1,101" ten="250,240,290,220" oya="1" hai0="24,69,51,96,124,65,50,73,86,108,97,90,114" hai1="9,93,8,103,116,89,71,23,37,64,117,41,68" hai2="74,62,80,30,110,87,20,54,107,132,88,100,126" hai3="60,112,67,133,34,61,76,79,14,123,16,129,52"/><U4/><E103/><V7/><F110/><W75/><G112/><T43/><D108/><U72/><E72/><V35/><F35/><W82/><G123/><T31/><D73/><U109/><E23/><V48/><F132/><W99/><G133/><T3/><D3/><U19/><E109/><V5/><F126/><W12/><G129/><T49/><D124/><U0/><E37/><V59/><F74/><W28/><G76/><T2/><D2/><U15/><E41/><V21/><F100/><W53/><G12/><T70/><D114/><U6/><E19/><V128/><F107/><W91/><G60/><T94/><D43/><U22/><E22/><V92/><F20/><W105/><G105/><T104/><D104/><U1/><E15/><V27/><F128/><W44/><G44/><T118/><D118/><U131/><E131/><V111/><F111/><W10/><G91/><T84/><D84/><U113/><E113/><V135/><F135/><W38/><G99/><T83/><D65/><U11/><E11/><V78/><REACH who="2" step="1"/><F62/><REACH who="2" ten="250,240,280,220" step="2"/><W122/><G122/><T58/><D97/><U36/><E36/><V25/><F25/><W40/><G38/><T102/><REACH who="0" step="1"/><D58/><REACH who="0" ten="240,240,280,220" step="2"/><U95/><E64/><V45/><F45/><W85/><G75/><T119/><D119/><U33/><E33/><AGARI ba="0,2" hai="24,31,33,49,50,51,69,70,83,86,90,94,96,102" machi="33" ten="40,1300,0" yaku="1,1,53,0" doraHai="101" doraHaiUra="42" who="0" fromWho="1" sc="240,33,240,-13,280,0,220,0" /><INIT seed="2,0,0,4,3,97" ten="273,227,280,220" oya="2" hai0="99,125,83,3,26,123,51,71,102,92,122,31,84" hai1="115,42,135,108,77,90,9,75,23,130,32,63,88" hai2="68,126,78,25,101,121,93,21,58,20,30,2,45" hai3="105,80,106,56,53,98,52,65,70,44,112,19,14"/><V66/><F121/><W38/><G112/><T129/><D3/><U55/><E115/><V111/><F68/><W91/><G70/><T4/><D4/><U59/><E32/><V117/><F117/><W114/><G114/><T29/><D129/><U104/><E130/><V67/><F2/><W118/><G118/><T124/><D71/><U74/><E135/><V133/><F133/><W17/><G65/><T113/><D31/><U13/><E108/><V57/><F126/><N who="0" m="48746" /><D51/><U116/><E116/><V10/><F78/><W132/><G132/><T131/><D131/><U28/><E42/><V50/><F10/><W6/><G6/><T36/><D36/><U7/><E104/><V69/><F20/><W54/><G56/><N who="2" m="21609" /><F69/><W11/><G19/><T34/><D113/><U85/><E77/><AGARI ba="0,0" hai="26,29,34,77,83,84,92,99,102,122,123" m="48746" machi="77" ten="30,2000,0" yaku="18,1,52,1" doraHai="97" who="0" fromWho="1" sc="273,20,227,-20,280,0,220,0" /><INIT seed="3,0,0,0,5,118" ten="293,207,280,220" oya="3" hai0="45,135,11,42,115,53,119,41,103,69,82,124,127" hai1="35,26,33,39,116,2,61,47,17,8,98,54,46" hai2="22,67,38,133,30,101,19,108,129,37,66,1,72" hai3="34,122,71,23,27,78,59,52,64,73,32,89,128"/><W10/><G128/><T95/><D119/><U75/><E116/><V50/><F72/><W80/><G122/><T117/><D117/><U134/><E134/><V20/><F1/><W109/><G71/><T13/><D69/><U83/><E98/><V90/><F101/><W60/><G109/><T12/><D135/><U48/><E61/><V51/><F133/><W55/><G89/><T94/><D115/><U4/><E17/><V58/><F90/><W81/><G81/><T6/><D82/><U70/><E26/><V105/><F19/><W16/><REACH who="3" step="1"/><G10/><REACH who="3" ten="293,207,280,210" step="2"/><N who="0" m="4183" /><D127/><U3/><E70/><V65/><F129/><W5/><G5/><N who="0" m="3311" /><D124/><U85/><E3/><V84/><F108/><W106/><G106/><T25/><D103/><U15/><E2/><V110/><F105/><W120/><G120/><T43/><D25/><U40/><E75/><V14/><F110/><W131/><G131/><T125/><D125/><U96/><E96/><V114/><F114/><W68/><G68/><T74/><D74/><U112/><E112/><V28/><F84/><W56/><G56/><T18/><D18/><U49/><REACH who="1" step="1"/><E39/><REACH who="1" ten="293,197,280,210" step="2"/><V31/><F37/><W121/><G121/><T57/><D45/><U88/><AGARI ba="0,2" hai="4,8,15,33,35,40,46,47,48,49,54,83,85,88" machi="88" ten="20,8000,1" yaku="1,1,2,1,0,1,7,1,54,1,53,0" doraHai="118" doraHaiUra="100" who="1" fromWho="1" sc="293,-20,197,100,280,-20,210,-40" /><INIT seed="4,0,0,2,4,134" ten="273,297,260,170" oya="0" hai0="109,83,76,19,111,45,22,10,35,40,30,27,78" hai1="65,12,50,43,36,62,60,92,38,135,3,7,124" hai2="79,130,105,48,98,119,88,81,97,82,115,126,100" hai3="127,31,112,21,32,64,25,24,113,0,75,123,103"/><T26/><D10/><U5/><E135/><V56/><F115/><N who="3" m="44107" /><G75/><T1/><D1/><U52/><E3/><V90/><F130/><W11/><G103/><T99/><D99/><U15/><E43/><V71/><F71/><W70/><G64/><T129/><D129/><U110/><E110/><V47/><F119/><W121/><G70/><T23/><D35/><U57/><E62/><V73/><F126/><W66/><G66/><T106/><D106/><U18/><E124/><V117/><F117/><W96/><G96/><T94/><D94/><U6/><E92/><V34/><F34/><W55/><G55/><T44/><D44/><U108/><E108/><N who="0" m="41545" /><D83/><U17/><E15/><V29/><F98/><W118/><G118/><T89/><D89/><U2/><E2/><V85/><F29/><N who="3" m="17551" /><G127/><T61/><D61/><U87/><E87/><V125/><F125/><W93/><G93/><T102/><D102/><U13/><E13/><V84/><F56/><W4/><AGARI ba="0,0" hai="0,4,11,25,31,32,121,123" m="17551,44107" machi="4" ten="30,4000,0" yaku="15,1,34,2" doraHai="134" who="3" fromWho="3" sc="273,-20,297,-10,260,-10,170,40" /><INIT seed="5,0,0,1,1,89" ten="253,287,250,210" oya="1" hai0="99,43,94,38,18,109,74,11,131,126,96,4,21" hai1="25,111,84,13,1,3,79,114,80,27,104,65,24" hai2="93,86,76,52,22,69,23,57,97,110,41,63,77" hai3="129,124,42,8,125,14,47,108,40,118,6,64,112"/><U16/><E114/><V51/><F110/><W95/><G108/><T0/><D109/><U60/><E104/><V72/><F72/><W58/><G112/><T98/><D131/><U71/><REACH who="1" step="1"/><E111/><REACH who="1" ten="253,277,250,210" step="2"/><V130/><F130/><W49/><G129/><T117/><D117/><U35/><E35/><V133/><F133/><W45/><G118/><T134/><D134/><U90/><E90/><N who="2" m="55479" /><F69/><W70/><G70/><T56/><D126/><U53/><E53/><N who="2" m="34223" /><F41/><W101/><G125/><T37/><D43/><U106/><E106/><V132/><F132/><W119/><G119/><T32/><D32/><U61/><E61/><V85/><F76/><W92/><G124/><T5/><D74/><U100/><E100/><V33/><F33/><W62/><REACH who="3" step="1"/><G101/><REACH who="3" ten="253,277,250,200" step="2"/><T15/><D38/><AGARI ba="0,2" hai="6,8,14,38,40,42,45,47,49,58,62,64,92,95" machi="38" ten="30,8000,1" yaku="1,1,2,1,7,1,52,2,53,0" doraHai="89" doraHaiUra="128" who="3" fromWho="0" sc="253,-80,277,0,250,0,200,100" /><INIT seed="6,0,0,1,4,65" ten="173,277,250,300" oya="2" hai0="128,12,36,89,62,2,126,100,116,114,58,29,132" hai1="42,96,110,24,40,123,121,113,3,60,87,55,10" hai2="61,16,124,32,88,82,13,18,131,109,119,14,86" hai3="94,26,15,103,46,107,72,7,77,81,34,25,74"/><V44/><F119/><W53/><G107/><T64/><D114/><U11/><E110/><V52/><F32/><W23/><G72/><T97/><D2/><U20/><E113/><V108/><F131/><W85/><G34/><T43/><D128/><U90/><E96/><V80/><F124/><W47/><G74/><T22/><D126/><U99/><E99/><V48/><F61/><W78/><G78/><T27/><D132/><U56/><E42/><V93/><F109/><W73/><G26/><T30/><D116/><U45/><E3/><V134/><F134/><W98/><G73/><T21/><D89/><U50/><E121/><V95/><F80/><W69/><G69/><T8/><D43/><U1/><E1/><V133/><F108/><W49/><G15/><N who="2" m="5641" /><F133/><W54/><G7/><T120/><D36/><U111/><E123/><V115/><F115/><W83/><G81/><T102/><D120/><U63/><E60/><V112/><F112/><W129/><G129/><T135/><D135/><U67/><E40/><V122/><F122/><W105/><G105/><T117/><D117/><U70/><E70/><V57/><F44/><N who="3" m="27815" /><G54/><T106/><D100/><U38/><E38/><V37/><F37/><W68/><G68/><T51/><D51/><U130/><E130/><V41/><F41/><W92/><G92/><AGARI ba="0,0" hai="16,18,48,52,57,82,86,88,92,93,95" m="5641" machi="92" ten="30,11600,0" yaku="8,1,54,3" doraHai="65" who="2" fromWho="3" sc="173,0,277,0,250,116,300,-116" /><INIT seed="6,1,0,2,3,95" ten="173,277,366,184" oya="2" hai0="65,99,121,107,112,77,93,75,102,100,72,33,28" hai1="110,68,132,71,30,97,38,90,32,80,81,17,122" hai2="73,114,8,44,51,85,55,52,84,129,14,34,53" hai3="37,12,20,7,91,135,43,67,82,5,41,31,49"/><V74/><F34/><W128/><G37/><T56/><D121/><U92/><E110/><V118/><F118/><W27/><G128/><T83/><D112/><U108/><E108/><V116/><F116/><W133/><G67/><T63/><D33/><U62/><E132/><N who="3" m="50762" /><G49/><T69/><D28/><U130/><E130/><V4/><F114/><W134/><N who="3" m="50770" /><W22/><DORA hai="64" /><G82/><T9/><D9/><U13/><E38/><V21/><F129/><W105/><G105/><T78/><D100/><U120/><E62/><V42/><REACH who="2" step="1"/><F21/><REACH who="2" ten="173,277,356,184" step="2"/><W47/><G20/><T125/><D125/><U61/><E32/><V119/><F119/><W40/><G91/><T104/><D69/><U26/><E71/><V18/><F18/><W3/><G3/><T57/><D57/><U87/><E17/><V54/><N who="2" m="13312" /><DORA hai="58" /><V24/><F24/><W0/><G0/><T127/><D127/><U48/><E26/><V98/><F98/><W88/><G88/><T16/><D16/><U94/><E97/><V124/><F124/><W101/><G101/><T23/><D23/><U117/><E90/><V126/><F126/><W10/><G5/><T111/><D111/><U60/><E68/><V96/><F96/><W59/><G59/><T36/><D36/><U19/><E117/><V35/><F35/><W6/><G6/><T123/><D123/><U103/><E19/><V86/><AGARI ba="1,1" hai="4,8,14,42,44,51,73,74,84,85,86" m="13312" machi="86" ten="50,18000,2" yaku="1,1,0,1,54,1,53,3" doraHai="95,64,58" doraHaiUra="106,46,89" who="2" fromWho="2" sc="173,-61,277,-61,356,193,184,-61" /><INIT seed="6,2,0,4,3,37" ten="112,216,549,123" oya="2" hai0="18,38,122,24,50,99,81,2,57,103,89,40,85" hai1="16,35,90,13,45,62,119,95,49,15,41,112,69" hai2="60,54,107,56,29,71,109,8,61,27,72,115,94" hai3="123,111,30,101,33,129,121,77,32,48,126,14,104"/><V70/><F107/><W53/><G111/><T75/><D122/><U124/><E119/><V131/><F72/><W117/><G117/><T91/><D2/><U98/><E124/><V105/><F105/><W1/><G126/><T86/><D75/><U20/><E112/><V31/><F31/><W78/><G1/><T59/><D38/><U132/><E132/><V65/><F131/><W9/><G129/><T118/><D118/><U82/><E35/><V4/><F115/><W10/><G104/><T42/><D99/><U133/><E133/><V66/><F94/><W7/><G101/><T5/><D5/><U25/><E69/><V102/><F102/><W93/><G93/><N who="0" m="54447" /><D103/><U128/><E128/><V68/><F109/><W76/><G10/><T74/><D74/><U47/><E62/><V63/><F70/><W120/><REACH who="3" step="1"/><G30/><REACH who="3" ten="112,216,549,113" step="2"/><T44/><D42/><N who="1" m="24759" /><E82/><V108/><F108/><W17/><G17/><T87/><D87/><U12/><E41/><V130/><F130/><W92/><G92/><T51/><D51/><U80/><E80/><V22/><F4/><W113/><G113/><T39/><D39/><U55/><E16/><V114/><F114/><W88/><G88/><T19/><D19/><U21/><E90/><V84/><F8/><W52/><G52/><T79/><D91/><U26/><E55/><V28/><F28/><W34/><G34/><T110/><D110/><U83/><E83/><V116/><F116/><W0/><G0/><T58/><D18/><U6/><E95/><V127/><F127/><W106/><G106/><T96/><D96/><U36/><E98/><RYUUKYOKU ba="2,1" sc="112,10,216,-30,549,10,113,10" hai0="24,40,44,50,57,58,59,79,81,86" hai2="22,27,29,54,56,60,61,63,65,66,68,71,84" hai3="7,9,14,32,33,48,53,76,77,78,120,121,123" /><INIT seed="6,3,1,2,2,24" ten="122,186,559,123" oya="2" hai0="21,48,114,10,59,90,118,37,113,101,67,125,57" hai1="94,4,75,83,49,6,102,65,93,104,99,43,2" hai2="105,116,78,128,89,51,40,15,52,79,12,11,46" hai3="91,112,16,23,132,87,82,129,134,27,126,28,86"/><V85/><F116/><W106/><G106/><T62/><D37/><U56/><E2/><V81/><F105/><W5/><G126/><T108/><D108/><U120/><E120/><V133/><F133/><N who="3" m="51307" /><G129/><T97/><D125/><U95/><E65/><V109/><F128/><W70/><G70/><T54/><D90/><U60/><E60/><V34/><F34/><W33/><G112/><N who="0" m="43115" /><D10/><U26/><E26/><V50/><F109/><W44/><G5/><T41/><D41/><U20/><E20/><V121/><F121/><W9/><G9/><T35/><D35/><U71/><E71/><V3/><F3/><W7/><G7/><T103/><D118/><U8/><E8/><V107/><F107/><W18/><G44/><T73/><D73/><U39/><E39/><V124/><F124/><W1/><G1/><T100/><D21/><U96/><E96/><AGARI ba="3,1" hai="48,54,57,59,62,67,96,97,100,101,103" m="43115" machi="96" ten="30,1000,0" yaku="15,1" doraHai="24" who="0" fromWho="1" sc="122,29,186,-19,559,0,123,0" /><INIT seed="7,0,0,4,1,74" ten="151,167,559,123" oya="3" hai0="94,60,3,70,9,38,64,125,23,30,52,91,108" hai1="114,65,69,36,88,121,34,83,126,77,55,20,31" hai2="115,132,59,111,67,107,49,47,98,0,53,21,14" hai3="85,110,28,39,50,1,44,81,33,15,84,100,62"/><W78/><G39/><T130/><D108/><U66/><E121/><V24/><F0/><W12/><G110/><T16/><D38/><U48/><E34/><V29/><F107/><W75/><G1/><T42/><D42/><U27/><E69/><V68/><F68/><W79/><G100/><T93/><D130/><U96/><E36/><V131/><F132/><W118/><G118/><T51/><D125/><U35/><E35/><V11/><F115/><W76/><G75/><T122/><D122/><U54/><E54/><V41/><F131/><W80/><G76/><T18/><D30/><U63/><E63/><V117/><F117/><W6/><G6/><T106/><D106/><U56/><E126/><V90/><F67/><N who="1" m="25609" /><E114/><V134/><F134/><W133/><G62/><T43/><D43/><U19/><E31/><V37/><F111/><W109/><G109/><T105/><D105/><U61/><E61/><V26/><F26/><W103/><G103/><T119/><D119/><U89/><E96/><V13/><F11/><W10/><G133/><T129/><D129/><U57/><E56/><V4/><F4/><N who="3" m="3143" /><G33/><T123/><D123/><U113/><E113/><V46/><F37/><W86/><G28/><T5/><D23/><U32/><E32/><V135/><F135/><W73/><G15/><N who="2" m="5641" /><F41/><AGARI ba="0,0" hai="41,44,50,73,78,79,80,81,84,85,86" m="3143" machi="41" ten="30,5800,0" yaku="25,1,52,2" doraHai="74" who="3" fromWho="2" sc="151,0,167,0,559,-58,123,58" /><INIT seed="7,1,0,1,0,90" ten="151,167,501,181" oya="3" hai0="46,15,59,120,78,132,35,61,14,31,125,80,41" hai1="124,39,111,16,74,109,7,27,45,105,114,84,22" hai2="33,36,94,54,18,85,55,70,20,133,127,29,76" hai3="21,119,40,10,69,1,100,103,32,98,30,6,43"/><W5/><G119/><T88/><D120/><U53/><E74/><V82/><F70/><W51/><G69/><T116/><D116/><U3/><E105/><V118/><F36/><W12/><G32/><T23/><D35/><U96/><E39/><V104/><F104/><W93/><G103/><T28/><D125/><U110/><E124/><V65/><F65/><W63/><G63/><T95/><D132/><U99/><E114/><V135/><F29/><N who="0" m="11338" /><D80/><U42/><E84/><V66/><F85/><W17/><G1/><T126/><D78/><U58/><E45/><V87/><F66/><W115/><G115/><T34/><D34/><U56/><E42/><N who="3" m="15914" /><G51/><N who="0" m="27087" /><D23/><U64/><E64/><V60/><F118/><W47/><G47/><T102/><D102/><U37/><E37/><V52/><F127/><W57/><G57/><T75/><D75/><U38/><E38/><V50/><F33/><W123/><G123/><T112/><D112/><U89/><E58/><V8/><F60/><W121/><G121/><T81/><D81/><U77/><E77/><V0/><F135/><W129/><G129/><T79/><D79/><U130/><E130/><V113/><F133/><W49/><G49/><T13/><D126/><U101/><E89/><V11/><F113/><W4/><G30/><T62/><D59/><U83/><E101/><V44/><F0/><W131/><G131/><T122/><D122/><U97/><E83/><V68/><F68/><W86/><G21/><T107/><D107/><U91/><E91/><V71/><F71/><W108/><G108/><T48/><D48/><N who="1" m="30759" /><E111/><V25/><F50/><RYUUKYOKU ba="1,0" sc="151,10,167,10,501,-30,181,10" hai0="13,14,15,61,62,88,95" hai1="3,7,16,22,27,96,97,99,109,110" hai3="4,5,6,10,12,17,86,93,98,100" /><INIT seed="7,2,0,4,2,34" ten="161,177,471,191" oya="3" hai0="16,65,0,26,33,36,43,84,71,79,23,107,76" hai1="72,113,115,97,108,28,32,2,112,120,98,4,64" hai2="10,11,89,131,124,49,39,5,127,50,66,111,57" hai3="60,106,8,104,114,123,19,129,24,87,116,44,117"/><W121/><G44/><T81/><D107/><U105/><E108/><V91/><F39/><W15/><G60/><T95/><D0/><U83/><E120/><V37/><F111/><W20/><G87/><T133/><D133/><U67/><E4/><V38/><F5/><N who="3" m="3471" /><G106/><T74/><D33/><U53/><E2/><V90/><F90/><W99/><G99/><N who="1" m="37898" /><E105/><V88/><F89/><W40/><G40/><T59/><D71/><U45/><E28/><V58/><F131/><W134/><G104/><T70/><D70/><U22/><E22/><V25/><F66/><N who="1" m="25129" /><E32/><V119/><F91/><W102/><G102/><T14/><D95/><U78/><E53/><V48/><F49/><W7/><G134/><T21/><D36/><U130/><E45/><V27/><F88/><W41/><G41/><T18/><D43/><U55/><E55/><V86/><F86/><W75/><G75/><T31/><D74/><U128/><AGARI ba="2,0" hai="72,78,83,112,113,115,128,130" m="25129,37898" machi="128" ten="40,1500,0" yaku="15,1" doraHai="34" who="1" fromWho="1" sc="161,-6,177,21,471,-6,191,-9" owari="155,-34.5,198,-0.2,465,56.5,182,-21.8" /></mjloggm>