<mjloggm ver="2.3"><GO type="169" lobby="0"/><UN n0="%E3%83%9F%E3%83%84%E3%83%8F%E3%82%B7%E3%82%A2%E3%82%B9%E3%83%9E" n1="%4E%45%49%6E%73%6F" n2="%E3%81%AF%E3%81%AA%E3%81%B3%E3%81%AA%E3%81%B3" n3="%57%44%44%69%65" dan="16,16,17,16" rate="2045.88,2053.46,2139.89,2098.96" sx="M,M,M,M"/><TAIKYOKU oya="0"/><INIT seed="0,0,0,2,2,51" ten="250,250,250,250" oya="0" hai0="115,114,63,11,80,16,17,85,91,4,123,109,75" hai1="116,79,9,21,2,0,54,127,32,39,47,111,89" hai2="52,90,49,81,19,10,60,124,74,108,104,5,119" hai3="65,6,87,67,129,133,77,27,102,35,70,113,41"/><T23/><D123/><U73/><E116/><V25/><F104/><W100/><G113/><T43/><D75/><U134/><E32/><V20/><F119/><W82/><G133/><T22/><D109/><U38/><E111/><V72/><F108/><W78/><G41/><T36/><D63/><U112/><E134/><V62/><F124/><W45/><G45/><T14/><D43/><U131/><E127/><V59/><F74/><W42/><G42/><T26/><REACH who="0" step="1"/><D36/><REACH who="0" ten="240,250,250,250" step="2"/><U106/><E38/><V103/><F72/><N who="3" m="43303" /><G67/><T68/><D68/><U107/><E39/><V7/><F103/><W18/><G65/><T57/><D57/><U28/><E73/><V120/><F120/><W29/><G70/><T58/><D58/><U44/><E112/><V135/><F135/><W53/><G102/><T61/><D61/><U93/><E44/><V132/><F132/><W130/><G100/><T95/><D95/><U50/><E93/><V15/><REACH who="2" step="1"/><F7/><REACH who="2" ten="240,250,240,250" step="2"/><W105/><G6/><T117/><D117/><U76/><E107/><V48/><F48/><W99/><G105/><T3/><AGARI ba="0,2" hai="3,4,11,14,16,17,22,23,26,80,85,91,114,115" machi="3" ten="20,7800,0" yaku="1,1,0,1,7,1,54,1,53,0" doraHai="51" doraHaiUra="118" who="0" fromWho="0" sc="240,98,250,-26,240,-26,250,-26" /><INIT seed="0,1,0,3,1,2" ten="338,224,214,224" oya="0" hai0="18,93,84,114,88,1,71,111,24,60,44,110,50" hai1="17,41,83,48,72,20,126,123,109,117,45,14,52" hai2="19,11,130,32,107,25,13,57,5,127,122,16,125" hai3="112,95,101,61,49,128,81,118,30,43,80,102,134"/><T76/><D114/><U67/><E117/><V36/><F107/><W6/><G112/><T35/><D1/><U115/><E115/><V116/><F36/><W119/><G134/><T56/><D76/><U55/><E123/><V39/><F39/><W29/><G61/><T10/><D71/><U79/><E109/><N who="0" m="41481" /><D35/><U21/><E126/><N who="2" m="48139" /><F122/><W98/><G128/><T63/><D56/><U78/><E78/><V70/><F70/><W100/><G95/><T54/><D10/><U73/><E73/><V89/><F130/><W65/><G98/><T108/><N who="0" m="41489" /><T26/><DORA hai="4" /><D26/><U22/><REACH who="1" step="1"/><E67/><REACH who="1" ten="338,214,214,224" step="2"/><V66/><F116/><W0/><G65/><T105/><D105/><U46/><E46/><V90/><F66/><W124/><G124/><T96/><D84/><U38/><E38/><V34/><F57/><W8/><G119/><T12/><D24/><U37/><E37/><V58/><F58/><W64/><G64/><T132/><D132/><U47/><E47/><V23/><F25/><W77/><G118/><T42/><D42/><U40/><E40/><V92/><F32/><W59/><G43/><T97/><D97/><U28/><E28/><V33/><F33/><W120/><G120/><T86/><D86/><U82/><E82/><V104/><F34/><W106/><G81/><T53/><D53/><AGARI ba="1,1" hai="14,17,20,21,22,41,45,48,52,53,55,72,79,83" machi="53" ten="40,5200,0" yaku="1,1,54,1,53,1" doraHai="2,4" doraHaiUra="74,7" who="1" fromWho="0" sc="338,-55,214,65,214,0,224,0" /><INIT seed="1,0,0,0,3,121" ten="283,279,214,224" oya="1" hai0="105,13,17,71,88,6,69,53,89,101,34,92,124" hai1="80,97,132,68,118,3,106,27,7,95,109,107,63" hai2="114,65,19,45,129,1,82,85,44,10,36,134,96" hai3="64,48,93,32,79,38,49,61,128,113,76,21,119"/><U120/><E120/><V75/><F134/><W4/><G113/><T100/><D34/><U33/><E118/><V57/><F114/><W8/><G32/><T50/><D124/><U14/><E132/><V99/><F129/><W115/><G115/><T35/><D35/><U30/><E14/><V22/><F75/><W31/><G38/><T117/><D117/><U40/><E40/><V41/><F44/><W131/><G119/><T26/><D6/><U23/><E23/><V72/><F57/><W87/><G21/><T78/><D78/><U29/><E29/><V2/><F65/><W70/><G31/><T39/><D39/><U111/><E80/><V91/><F72/><W42/><G93/><T86/><D105/><U73/><E73/><V116/><F116/><W0/><G79/><T127/><D26/><U52/><E7/><V98/><REACH who="2" step="1"/><F10/><REACH who="2" ten="283,279,204,224" step="2"/><W83/><REACH who="3" step="1"/><G42/><REACH who="3" ten="283,279,204,214" step="2"/><T16/><D127/><U94/><E33/><V122/><F122/><W110/><G110/><T81/><D71/><U62/><E68/><V102/><F102/><W108/><G108/><T54/><D69/><U123/><E123/><V56/><F56/><W24/><G24/><AGARI ba="0,2" hai="1,2,19,22,24,36,41,45,82,85,91,96,98,99" machi="24" ten="40,1300,0" yaku="1,1,53,0" doraHai="121" doraHaiUra="125" who="2" fromWho="3" sc="283,0,279,0,204,33,214,-13" /><INIT seed="2,0,0,0,3,54" ten="283,279,237,201" oya="2" hai0="81,12,108,52,33,98,73,107,99,42,35,134,87" hai1="83,121,19,94,135,127,2,116,26,17,61,55,69" hai2="114,44,18,63,97,82,37,122,62,23,111,51,85" hai3="56,91,57,95,96,32,22,24,8,11,130,5,80"/><V64/><F114/><W29/><G130/><T93/><D108/><U109/><E116/><V68/><F122/><W10/><G5/><T123/><D123/><U53/><E121/><V65/><F111/><W131/><G131/><T9/><D73/><U101/><E109/><V47/><F97/><W70/><G70/><T36/><D134/><U1/><E135/><V28/><F28/><W125/><G125/><T119/><D119/><U76/><E127/><V39/><F18/><W4/><G4/><T67/><D67/><U38/><E38/><N who="2" m="14347" /><F85/><N who="3" m="50599" /><G32/><T31/><D31/><U77/><E101/><AGARI ba="0,0" hai="8,10,11,22,24,29,56,57,95,96,101" m="50599" machi="101" ten="30,3900,0" yaku="8,1,52,2" doraHai="54" who="3" fromWho="1" sc="283,0,279,-39,237,0,201,39" /><INIT seed="3,0,0,5,1,12" ten="283,240,237,240" oya="3" hai0="130,76,31,85,82,40,107,101,25,53,16,43,123" hai1="55,23,9,93,100,102,15,46,26,90,89,129,8" hai2="47,135,62,66,87,0,78,116,99,117,95,56,50" hai3="61,103,30,134,121,44,92,84,63,20,70,80,81"/><W96/><G121/><T83/><D123/><U11/><E129/><V68/><F0/><W74/><G134/><T13/><D130/><U88/><E15/><V97/><F135/><W45/><G74/><T112/><D112/><U18/><E93/><V6/><F6/><W59/><G70/><T119/><D119/><U10/><N who="1" m="2048" /><DORA hai="14" /><U58/><E46/><V91/><F68/><W125/><G125/><T3/><D3/><U113/><E113/><V22/><F22/><W64/><G63/><AGARI ba="0,0" hai="18,23,26,55,58,63,88,89,90,100,102" m="2048" machi="63" ten="50,8000,1" yaku="8,1,52,2,54,1" doraHai="12,14" who="1" fromWho="3" sc="283,0,240,80,237,0,240,-80" /><INIT seed="4,0,0,2,3,90" ten="283,320,237,160" oya="0" hai0="40,99,51,70,79,131,76,17,42,18,105,16,109" hai1="134,59,129,102,71,10,106,74,2,29,85,128,32" hai2="87,95,135,113,33,126,56,11,114,94,8,124,47" hai3="9,7,57,115,19,14,55,112,77,123,0,93,45"/><T96/><D70/><U1/><E74/><V28/><F135/><W26/><G77/><N who="0" m="29771" /><D131/><U111/><E111/><V68/><F68/><W127/><G127/><N who="2" m="48681" /><F87/><W116/><G116/><T27/><D105/><U107/><E71/><V120/><F120/><W15/><G123/><T78/><D109/><U37/><E37/><V83/><F83/><W3/><G45/><N who="0" m="26023" /><D42/><U34/><E134/><V53/><F47/><W67/><G67/><T13/><N who="0" m="29779" /><T20/><DORA hai="54" /><D13/><U64/><E107/><V41/><F28/><AGARI ba="0,0" hai="16,17,18,20,27,28,96,99" m="26023,29779" machi="28" ten="40,3900,0" yaku="8,1,54,1" doraHai="90,54" who="0" fromWho="2" sc="283,39,320,0,237,-39,160,0" /><INIT seed="4,1,0,2,3,105" ten="322,320,198,160" oya="0" hai0="44,3,11,10,34,18,114,46,95,113,2,8,122" hai1="54,130,115,7,27,30,116,90,41,19,47,39,56" hai2="128,88,89,43,71,96,119,124,62,55,20,21,26" hai3="50,73,129,100,60,42,28,104,109,49,86,121,23"/><T84/><D122/><U103/><E116/><V117/><F128/><W15/><G109/><T83/><D95/><U63/><E130/><V31/><F124/><W132/><G129/><T76/><D34/><U33/><E115/><N who="0" m="44041" /><D18/><U6/><E103/><V0/><F0/><AGARI ba="1,0" hai="0,2,3,8,10,11,44,46,76,83,84" m="44041" machi="0" ten="40,2000,0" yaku="15,1" doraHai="105" who="0" fromWho="2" sc="322,23,320,0,198,-23,160,0" /><INIT seed="4,2,0,5,2,40" ten="345,320,175,160" oya="0" hai0="78,116,56,111,123,92,29,0,112,73,72,22,30" hai1="84,95,46,81,14,4,55,104,70,132,36,134,17" hai2="33,131,76,3,1,51,15,28,71,38,69,83,113" hai3="64,130,25,87,91,118,82,5,43,86,85,21,97"/><T100/><D112/><U127/><E104/><V67/><F51/><W74/><G118/><T58/><D116/><U12/><E70/><N who="2" m="26635" /><F15/><W94/><G130/><T107/><D107/><U44/><E127/><V8/><F67/><W31/><G5/><T119/><D119/><U20/><E36/><V106/><F106/><W41/><G64/><T68/><D68/><U115/><E115/><V39/><F113/><W24/><G74/><T125/><D0/><N who="2" m="74" /><F8/><W11/><G11/><T61/><D56/><U6/><E95/><V96/><F96/><W128/><G128/><T129/><D129/><U117/><E117/><V19/><F19/><W135/><G135/><N who="1" m="51754" /><E14/><V103/><F103/><W16/><REACH who="3" step="1"/><G82/><REACH who="3" ten="345,320,175,150" step="2"/><T10/><D10/><U48/><E4/><V99/><F131/><W77/><G77/><T23/><D78/><N who="1" m="46135" /><E6/><V108/><F108/><W35/><AGARI ba="2,1" hai="16,21,24,25,31,35,41,43,85,86,87,91,94,97" machi="35" ten="30,4000,0" yaku="1,1,0,1,54,1,53,0" doraHai="40" doraHaiUra="60" who="3" fromWho="3" sc="345,-22,320,-12,175,-12,150,56" /><INIT seed="5,0,0,5,4,24" ten="323,308,163,206" oya="1" hai0="78,9,122,29,38,44,99,50,135,30,110,107,5" hai1="53,56,96,7,14,132,59,119,74,25,49,36,3" hai2="79,62,116,32,93,102,21,40,106,26,37,57,82" hai3="65,77,81,133,51,23,87,98,101,0,125,48,54"/><U13/><E119/><V19/><F116/><W55/><G0/><T127/><D110/><U58/><E74/><V75/><F106/><W134/><G125/><T129/><D38/><U15/><E36/><V10/><F10/><W43/><G65/><T63/><D127/><U105/><E132/><V17/><F32/><W27/><G48/><T22/><D135/><N who="3" m="51721" /><G51/><T52/><D78/><U86/><E3/><V88/><F102/><W76/><G43/><T69/><D22/><U46/><E86/><V120/><F120/><W6/><G6/><T4/><D4/><U95/><E105/><V64/><F40/><W72/><G77/><T70/><D129/><U41/><E25/><V126/><F37/><W89/><G101/><T60/><D122/><U85/><E85/><V45/><F45/><W47/><G98/><T114/><D114/><U115/><E115/><V103/><F103/><W111/><G47/><T83/><D99/><U84/><E84/><V28/><REACH who="2" step="1"/><F126/><REACH who="2" ten="323,308,153,206" step="2"/><W97/><G111/><T34/><D107/><U11/><E41/><V109/><F109/><W128/><G128/><T91/><D9/><U16/><E7/><V18/><F18/><W94/><G72/><T123/><D5/><U71/><E71/><V117/><F117/><W124/><G124/><T112/><D70/><U73/><E73/><V113/><F113/><W35/><G35/><T8/><D69/><U68/><E68/><V61/><F61/><W80/><G81/><T104/><D104/><U121/><E121/><V2/><F2/><W31/><AGARI ba="0,1" hai="23,27,31,54,55,76,80,87,89,94,97" m="51721" machi="31" ten="30,2000,0" yaku="20,1,52,1" doraHai="24" who="3" fromWho="3" sc="323,-5,308,-10,153,-5,206,30" /><INIT seed="6,0,0,1,0,107" ten="318,298,148,236" oya="2" hai0="120,41,130,23,44,72,46,131,19,70,134,66,89" hai1="49,36,80,88,65,32,4,0,38,104,37,87,128" hai2="47,127,27,125,81,90,20,82,77,74,105,78,117" hai3="83,28,79,95,112,106,101,67,119,100,76,6,69"/><V73/><F117/><W33/><G119/><T99/><D120/><U55/><E32/><V133/><F105/><W31/><G6/><T13/><D134/><U122/><E104/><V111/><F133/><W93/><G106/><T132/><D132/><U29/><E122/><V34/><F34/><W5/><G5/><T96/><D72/><N who="2" m="27754" /><F47/><W85/><G33/><T57/><D70/><U17/><E29/><V94/><F20/><W18/><G18/><T71/><D71/><U53/><E65/><V8/><F27/><W114/><G69/><T64/><D46/><U35/><E35/><V91/><F8/><W109/><G67/><N who="0" m="25643" /><D57/><U84/><E17/><V48/><F48/><W61/><G61/><T124/><D89/><N who="2" m="33802" /><F111/><W22/><G22/><T3/><D44/><U62/><E49/><V14/><F14/><W9/><G9/><T97/><D13/><U51/><E51/><V25/><F25/><W15/><G15/><T42/><D23/><U24/><E24/><V16/><F16/><W135/><G135/><T50/><D19/><U63/><E4/><V116/><F116/><W45/><G45/><T11/><D11/><U129/><E37/><V108/><F108/><W68/><G68/><T115/><D50/><U123/><E38/><V59/><F59/><W30/><G109/><T12/><D12/><U118/><E36/><V39/><F39/><W121/><G121/><T40/><D40/><U26/><E123/><V113/><F94/><W110/><G110/><T58/><D42/><U75/><E118/><V2/><F2/><W103/><G95/><T54/><D3/><RYUUKYOKU ba="0,0" sc="318,0,298,0,148,0,236,0" /><INIT seed="7,1,0,5,5,55" ten="318,298,148,236" oya="3" hai0="49,94,65,10,132,30,133,123,120,119,64,124,27" hai1="87,115,63,129,80,70,75,86,60,77,0,54,95" hai2="32,31,82,15,26,71,7,52,98,28,44,51,39" hai3="96,17,9,4,111,23,45,81,1,14,116,92,62"/><W109/><G116/><T34/><D119/><U103/><E0/><V112/><F112/><W59/><G45/><T85/><D124/><U104/><E115/><V131/><F131/><W102/><REACH who="3" step="1"/><G81/><REACH who="3" ten="318,298,148,226" step="2"/><T97/><D123/><U90/><E80/><V121/><F121/><W84/><G84/><T89/><D120/><U61/><E86/><V125/><F125/><W41/><G41/><T68/><D85/><U40/><E40/><V83/><F39/><W101/><G101/><T33/><D133/><U88/><E103/><V134/><F134/><W91/><G91/><T20/><D132/><U25/><E90/><V108/><F108/><W67/><AGARI ba="1,1" hai="1,4,9,14,17,23,59,62,67,92,96,102,109,111" machi="67" ten="30,12000,1" yaku="1,1,0,1,52,1,53,2" doraHai="55" doraHaiUra="122" who="3" fromWho="3" sc="318,-41,298,-41,148,-41,226,133" owari="277,7.7,257,-14.3,107,-39.3,359,45.9" /></mjloggm>