<mjloggm ver="2.3"><GO type="169" lobby="0"/><UN n0="%6F%6B%61%62%65%73%68%69" n1="%E3%81%B1%E3%82%93%E3%81%AA%E3%81%93%E3%81%BE%E3%81%A3%E3%81%9F" n2="%E7%BD%AA%E5%88%91%E6%B3%95%E5%AE%9A%E4%B8%BB%E7%BE%A9" n3="%E3%82%88%E3%81%86%E3%81%B8%E3%83%BC%58" dan="17,17,17,17" rate="2188.49,2216.65,2218.44,2250.93" sx="M,M,M,M"/><TAIKYOKU oya="0"/><INIT seed="0,0,0,0,5,53" ten="250,250,250,250" oya="0" hai0="118,109,90,68,14,56,92,13,75,29,61,49,102" hai1="4,10,120,51,7,101,76,132,39,55,63,54,67" hai2="78,111,104,117,25,128,19,73,45,83,129,1,123" hai3="114,69,79,126,33,38,22,17,50,65,0,131,81"/><T110/><D118/><U58/><E132/><V124/><F1/><W72/><G38/><T41/><D75/><U125/><E120/><V107/><F123/><W80/><G33/><T89/><D68/><U3/><E125/><V106/><F45/><W71/><G0/><T31/><D102/><U135/><E39/><V8/><F124/><W74/><G114/><T112/><D112/><U57/><E135/><V40/><F40/><W60/><G131/><N who="2" m="50249" /><F111/><N who="0" m="42506" /><D89/><U115/><E115/><V122/><F122/><W103/><G103/><T21/><D41/><U86/><E101/><V98/><F117/><W70/><G126/><T6/><D49/><U48/><E3/><V97/><F25/><W119/><G50/><T37/><D37/><U66/><E10/><V30/><F30/><N who="0" m="11274" /><D21/><U18/><E18/><V93/><F8/><W27/><G119/><T91/><D6/><U34/><E34/><V9/><F9/><W116/><G116/><T95/><D90/><U11/><E11/><V134/><F134/><W64/><G60/><T62/><D62/><U133/><E133/><V105/><F19/><W94/><G94/><N who="0" m="35883" /><D91/><U47/><E67/><AGARI ba="0,0" hai="13,14,56,61,67" m="35883,11274,42506" machi="67" ten="30,5800,0" yaku="14,1,10,1,52,1" doraHai="53" who="0" fromWho="1" sc="250,58,250,-58,250,0,250,0" /><INIT seed="0,1,0,4,2,33" ten="308,192,250,250" oya="0" hai0="120,54,84,53,41,44,101,134,115,104,72,49,10" hai1="25,65,90,51,86,1,15,98,56,19,131,71,130" hai2="22,68,67,21,112,27,45,123,39,42,38,66,5" hai3="48,3,75,57,35,29,83,85,78,94,99,100,8"/><T109/><D120/><U77/><E71/><V89/><F112/><W93/><G35/><T125/><D115/><U36/><E36/><V60/><F123/><W58/><G29/><T73/><D125/><U82/><E25/><V52/><F5/><W64/><G64/><T63/><D134/><U126/><E126/><V46/><F89/><W129/><G129/><T81/><D109/><U74/><E98/><V28/><F67/><W119/><G119/><T31/><D31/><U2/><E51/><V127/><F127/><W133/><G133/><T111/><D111/><U43/><E43/><V16/><F46/><W55/><G93/><T26/><D26/><U13/><E13/><V4/><F4/><W62/><G8/><T23/><D23/><U30/><E30/><V102/><F102/><W18/><G18/><T24/><D24/><U122/><E122/><V40/><F40/><W116/><G116/><T79/><D10/><N who="1" m="6647" /><E56/><V6/><F6/><W106/><G58/><T50/><D63/><U76/><E65/><V61/><F39/><W117/><G117/><T80/><D41/><U87/><E87/><V113/><F113/><W14/><G14/><T0/><D84/><U135/><E135/><V114/><F114/><W118/><G118/><T107/><D101/><U88/><E90/><V121/><F121/><W69/><G69/><T70/><D70/><U132/><E132/><V95/><F61/><W34/><G34/><T92/><D92/><N who="1" m="54295" /><E77/><V20/><F68/><W108/><G108/><T11/><D107/><U91/><E91/><V17/><F28/><W128/><G100/><RYUUKYOKU ba="1,0" sc="308,-10,192,30,250,-10,250,-10" hai1="1,2,74,76,82,130,131" /><INIT seed="1,2,0,3,2,129" ten="298,222,240,240" oya="1" hai0="19,119,9,36,115,53,68,66,122,28,13,74,50" hai1="125,7,110,107,128,105,121,49,31,133,62,59,39" hai2="102,126,26,21,5,61,15,2,83,24,57,94,93" hai3="82,72,104,92,132,41,3,95,37,34,30,86,101"/><U111/><E121/><V48/><F2/><W78/><G34/><T64/><D119/><U113/><E113/><V80/><F126/><W46/><G30/><T18/><D115/><U91/><E39/><V25/><F48/><W99/><G132/><T85/><D74/><U124/><E128/><V117/><F117/><W116/><G116/><T40/><D122/><U38/><E38/><V135/><F135/><W16/><G3/><T10/><D28/><U47/><E133/><V35/><F35/><W114/><G114/><T56/><D68/><U43/><E7/><V77/><F102/><W55/><G55/><T81/><D40/><U17/><E17/><N who="2" m="10431" /><F5/><W65/><G65/><T109/><D36/><U123/><E123/><V87/><F83/><W0/><G0/><T75/><D75/><U44/><E44/><V127/><F127/><N who="1" m="48713" /><E31/><V1/><F1/><W45/><G45/><T88/><D109/><N who="1" m="41483" /><E91/><V120/><F120/><W14/><REACH who="3" step="1"/><G72/><REACH who="3" ten="298,222,240,230" step="2"/><T98/><D98/><U60/><E60/><V22/><F61/><W52/><G52/><AGARI ba="2,1" hai="43,47,49,52,59,62,105,107" m="41483,48713" machi="52" ten="30,11600,0" yaku="18,1,14,1,10,1,54,1" doraHai="129" who="1" fromWho="3" sc="298,0,222,132,240,0,230,-122" /><INIT seed="1,3,0,3,3,94" ten="298,354,240,108" oya="1" hai0="68,60,125,118,28,82,14,132,31,15,6,133,29" hai1="58,119,46,97,76,38,43,59,122,35,41,67,0" hai2="17,40,110,109,91,89,24,62,69,7,30,105,87" hai3="90,20,98,26,11,130,83,81,135,18,32,48,64"/><U134/><E119/><V106/><F7/><W73/><G32/><T12/><D68/><U54/><E122/><V22/><F40/><W121/><G121/><T79/><D60/><N who="1" m="38295" /><E0/><V63/><F30/><W61/><G135/><N who="0" m="51787" /><D82/><U131/><E35/><V120/><F120/><W1/><G130/><T74/><D79/><U100/><E76/><V116/><F116/><W71/><G73/><T10/><D118/><U99/><E131/><V84/><F69/><W13/><G1/><N who="0" m="335" /><D74/><U70/><E70/><V124/><F24/><W128/><G48/><T53/><D53/><U37/><E37/><V5/><F5/><W45/><G45/><T3/><D3/><U92/><E134/><V86/><F22/><W4/><REACH who="3" step="1"/><G128/><REACH who="3" ten="298,354,240,98" step="2"/><T111/><D125/><U126/><E126/><V108/><F124/><W19/><G19/><T9/><D111/><U21/><E38/><V65/><F17/><AGARI ba="3,1" hai="9,12,14,15,17,28,29,31" m="335,51787" machi="17" ten="30,3900,0" yaku="20,1,34,2" doraHai="94" who="0" fromWho="2" sc="298,58,354,0,240,-48,98,0" /><INIT seed="2,0,0,1,4,64" ten="356,354,192,98" oya="2" hai0="122,84,45,8,79,50,7,31,121,115,71,20,9" hai1="119,69,61,123,38,42,120,102,46,19,107,0,128" hai2="134,116,14,100,91,26,67,36,65,88,89,22,2" hai3="57,108,92,13,118,17,98,15,124,3,94,43,133"/><V135/><F2/><W105/><G118/><T72/><D115/><U40/><E119/><V112/><F116/><W106/><G3/><T66/><D72/><U125/><E0/><V30/><F112/><W33/><G33/><T129/><D129/><U51/><E102/><V47/><F100/><W110/><G133/><N who="2" m="50697" /><F14/><N who="3" m="5131" /><G17/><T80/><D7/><U87/><E107/><N who="3" m="40970" /><G43/><AGARI ba="0,0" hai="22,26,30,36,43,47,65,67,88,89,91" m="50697" machi="43" ten="30,2900,0" yaku="20,1,54,1" doraHai="64" who="2" fromWho="3" sc="356,0,354,0,192,29,98,-29" /><INIT seed="2,1,0,3,2,93" ten="356,354,221,69" oya="2" hai0="5,135,31,66,16,113,132,70,63,133,80,126,98" hai1="91,92,2,13,81,122,9,55,38,11,112,106,121" hai2="96,44,65,54,51,1,85,89,6,47,21,72,134" hai3="130,71,67,57,20,111,102,109,68,86,75,62,28"/><V60/><F72/><W24/><G75/><T46/><D113/><U120/><E106/><V99/><F134/><W36/><G130/><T131/><D131/><U108/><E112/><V79/><F1/><W83/><G36/><T90/><D126/><U115/><E115/><V104/><F104/><W100/><G71/><T10/><D31/><U41/><E108/><V74/><F74/><W0/><G0/><T125/><D125/><U23/><E81/><V59/><F79/><W82/><G82/><T15/><D46/><U119/><E119/><V124/><F124/><W128/><G68/><T32/><D32/><U97/><E41/><V53/><F6/><W78/><REACH who="3" step="1"/><G128/><REACH who="3" ten="356,354,221,59" step="2"/><T84/><D5/><U118/><E38/><V4/><F4/><W39/><G39/><T105/><D105/><U87/><E2/><V50/><REACH who="2" step="1"/><F21/><REACH who="2" ten="356,354,211,59" step="2"/><W8/><G8/><T40/><D132/><U37/><E23/><V58/><F58/><W17/><G17/><T29/><D16/><U49/><E11/><V43/><F43/><W69/><G69/><T42/><D10/><U22/><E22/><V34/><F34/><W107/><G107/><T30/><D133/><U61/><E9/><V103/><F103/><AGARI ba="1,2" hai="20,24,28,57,62,67,78,83,86,100,102,103,109,111" machi="103" ten="40,2600,0" yaku="1,1,53,1" doraHai="93" doraHaiUra="52" who="3" fromWho="2" sc="356,0,354,0,211,-29,59,49" /><INIT seed="3,0,0,3,2,23" ten="356,354,182,108" oya="3" hai0="11,54,91,78,53,52,47,46,2,121,61,123,28" hai1="42,6,96,63,17,120,51,16,44,134,77,124,118" hai2="117,110,69,35,36,33,9,88,108,39,10,79,131" hai3="12,95,50,92,87,133,68,37,103,81,30,116,5"/><W1/><G37/><T99/><D78/><U106/><E120/><V13/><F69/><W26/><G116/><T8/><D61/><U57/><E118/><V60/><F117/><W3/><G68/><T56/><D56/><U85/><E124/><V4/><F79/><W72/><G72/><T84/><D99/><U102/><E134/><V38/><F131/><W94/><G133/><T98/><D98/><U113/><E113/><V62/><F88/><N who="3" m="51311" /><G3/><T19/><D28/><U24/><E6/><V101/><F101/><W64/><G1/><T7/><D121/><U71/><E71/><V34/><REACH who="2" step="1"/><F10/><REACH who="2" ten="356,354,172,108" step="2"/><N who="3" m="4175" /><G64/><T32/><D123/><U49/><E77/><V111/><AGARI ba="0,1" hai="4,9,13,33,34,35,36,38,39,60,62,108,110,111" machi="111" ten="50,8000,1" yaku="1,1,0,1,29,2,14,1,53,0" doraHai="23" doraHaiUra="130" who="2" fromWho="2" sc="356,-20,354,-20,172,90,108,-40" /><INIT seed="4,0,0,2,0,92" ten="336,334,262,68" oya="0" hai0="39,134,47,28,119,41,1,115,125,91,133,67,87" hai1="34,11,85,120,82,49,68,36,21,66,62,105,98" hai2="31,122,27,52,61,73,97,116,84,107,12,37,74" hai3="103,48,132,64,102,15,114,8,88,121,51,9,42"/><T131/><D119/><U40/><E120/><V55/><F122/><W124/><G121/><T26/><D1/><U128/><E128/><V70/><F37/><W130/><G130/><T53/><D131/><U86/><E34/><N who="2" m="20863" /><F84/><W7/><G132/><N who="0" m="50795" /><D67/><U56/><E11/><V6/><F116/><W117/><G117/><T18/><D18/><U79/><E36/><V13/><F74/><W5/><G124/><T23/><D125/><U69/><E86/><V75/><F73/><W25/><G114/><T77/><D77/><U94/><E105/><V19/><F75/><W22/><G64/><T129/><D129/><U90/><REACH who="1" step="1"/><E21/><REACH who="1" ten="336,324,262,68" step="2"/><V113/><F113/><W59/><G9/><T3/><D115/><U32/><E32/><V118/><F118/><W33/><G33/><T108/><D108/><U89/><E89/><V71/><F107/><W127/><G127/><T63/><D3/><U99/><E99/><V78/><F97/><W44/><G7/><T43/><D39/><U95/><E95/><V72/><F6/><W104/><G104/><T24/><D91/><U110/><E110/><V46/><F72/><W45/><G88/><T106/><D87/><U20/><E20/><V38/><F38/><W111/><G111/><T101/><D106/><U58/><E58/><V4/><F4/><W57/><G59/><T83/><D23/><U10/><E10/><V96/><F78/><W17/><REACH who="3" step="1"/><G57/><REACH who="3" ten="336,324,262,58" step="2"/><N who="0" m="35247" /><D47/><AGARI ba="0,2" hai="40,47,49,56,62,66,68,69,79,82,85,90,94,98" machi="47" ten="40,2600,0" yaku="1,1,52,1,53,0" doraHai="92" doraHaiUra="109" who="1" fromWho="0" sc="336,-26,324,46,262,0,58,0" /><INIT seed="5,0,0,5,3,68" ten="310,370,262,58" oya="1" hai0="55,36,135,93,22,7,99,130,127,13,92,94,43" hai1="110,23,123,105,0,103,32,88,46,67,61,113,134" hai2="53,49,28,31,77,132,20,63,4,74,33,126,64" hai3="70,37,17,65,96,41,16,18,76,39,101,50,117"/><U34/><E123/><V72/><F33/><W109/><G109/><T116/><D116/><U62/><E0/><V25/><F126/><W24/><G117/><T5/><D127/><U71/><E110/><V14/><F132/><W98/><G76/><T12/><D135/><U3/><E3/><V120/><F120/><W69/><G24/><T89/><D130/><U27/><E134/><V6/><F31/><W84/><G84/><T79/><D79/><U97/><E113/><V102/><F102/><W129/><G129/><T82/><D82/><U95/><E46/><V121/><F121/><W48/><G98/><T100/><D93/><U78/><E62/><V10/><F6/><W44/><G50/><T52/><D12/><U47/><E47/><V90/><F90/><W8/><G8/><T15/><D15/><U80/><E105/><V119/><F77/><W122/><G122/><T81/><D81/><U128/><E103/><V58/><REACH who="2" step="1"/><F119/><REACH who="2" ten="310,370,252,58" step="2"/><W59/><G70/><AGARI ba="0,1" hai="4,10,14,20,25,28,49,53,58,63,64,70,72,74" machi="70" ten="30,7700,0" yaku="1,1,2,1,7,1,53,1" doraHai="68" doraHaiUra="45" who="2" fromWho="3" sc="310,0,370,0,252,87,58,-77" owari="310,-9.0,370,47.0,339,13.9,-19,-51.9" /></mjloggm>