<mjloggm ver="2.3"><GO type="169" lobby="0"/><UN n0="%E3%83%A1%E3%82%AB%E3%82%BC%E3%83%83%E3%83%88%E3%83%B3" n1="%E5%8F%B3%E8%84%B3%E8%A9%B0%E3%82%81" n2="%E6%84%9B%E3%81%AF%E6%AD%A3%E7%BE%A9" n3="%E3%80%90%E3%83%A1%E3%82%BF%E3%83%A9%E3%83%BC%E3%80%91" dan="17,17,16,17" rate="2188.60,2219.38,2084.05,2125.54" sx="M,M,F,M"/><TAIKYOKU oya="0"/><INIT seed="0,0,0,2,5,17" ten="250,250,250,250" oya="0" hai0="71,104,18,70,39,134,111,85,89,100,35,132,65" hai1="79,43,118,106,95,10,27,80,5,61,135,9,77" hai2="66,14,133,75,56,58,108,51,109,38,21,72,87" hai3="103,101,11,1,74,3,84,6,121,28,37,68,81"/><T31/><D39/><U54/><E118/><V110/><F38/><W126/><G121/><T96/><D111/><U78/><E106/><V62/><F133/><N who="0" m="51306" /><D18/><U30/><E135/><V123/><F123/><W115/><G126/><T55/><D55/><U42/><E95/><V44/><F58/><W57/><G68/><T107/><D107/><U97/><E97/><V129/><F129/><W113/><G37/><T93/><D65/><U15/><E10/><V92/><F92/><W88/><G3/><T23/><D35/><U48/><E80/><V91/><F14/><W76/><G28/><T41/><D41/><U46/><REACH who="1" step="1"/><E61/><REACH who="1" ten="250,240,250,250" step="2"/><V8/><F8/><W67/><G103/><T119/><D119/><U40/><E40/><V29/><F110/><W64/><G101/><T0/><D0/><U52/><E52/><V116/><F109/><W34/><G67/><T22/><D31/><U128/><E128/><V24/><F108/><W26/><G64/><T32/><D32/><AGARI ba="0,1" hai="5,9,15,27,30,32,42,43,46,48,54,77,78,79" machi="32" ten="40,2600,0" yaku="1,1,53,1" doraHai="17" doraHaiUra="20" who="1" fromWho="0" sc="250,-26,240,36,250,0,250,0" /><INIT seed="1,0,0,4,1,74" ten="224,276,250,250" oya="1" hai0="6,79,109,23,122,105,15,119,83,121,125,14,17" hai1="130,49,134,57,3,100,63,120,29,41,26,96,124" hai2="42,45,11,28,68,93,51,81,86,80,118,99,2" hai3="133,102,22,85,9,59,39,30,5,7,78,90,131"/><U0/><E120/><N who="0" m="46185" /><D105/><U116/><E116/><V114/><F118/><W66/><G39/><T91/><D109/><U61/><E61/><V72/><F114/><W73/><G131/><T48/><D91/><U40/><E124/><V69/><F28/><W84/><G73/><N who="0" m="43503" /><D119/><U67/><E134/><V46/><F72/><W115/><G115/><T32/><D32/><U18/><E18/><V108/><F80/><N who="3" m="47127" /><G102/><T37/><D37/><U21/><E130/><V10/><F46/><W19/><G30/><T55/><D125/><U128/><E128/><V47/><F47/><W87/><G9/><T71/><D71/><U98/><E98/><V111/><F68/><W36/><G36/><T101/><D101/><U31/><E31/><V70/><F70/><W20/><G20/><T50/><D55/><U97/><E97/><V104/><F69/><W82/><G87/><T107/><D107/><U94/><E41/><V16/><F104/><W127/><G133/><T12/><D6/><U76/><E76/><V129/><F129/><W13/><G127/><T89/><D89/><U8/><E8/><V106/><F106/><W24/><G24/><AGARI ba="0,0" hai="12,14,15,17,23,24,48,50" m="43503,46185" machi="24" ten="30,2000,0" yaku="13,1,52,1" doraHai="74" who="0" fromWho="3" sc="224,20,276,0,250,0,250,-20" /><INIT seed="2,0,0,1,1,68" ten="244,276,250,230" oya="2" hai0="63,73,122,64,51,52,98,95,92,80,107,90,66" hai1="15,4,11,119,88,29,110,84,53,12,40,60,115" hai2="117,13,62,126,132,94,44,96,0,105,43,82,6" hai3="31,28,125,135,89,39,112,74,18,8,32,45,65"/><V77/><F117/><W129/><G125/><T24/><D122/><U133/><E110/><V27/><F105/><W85/><G129/><T78/><D107/><U130/><E115/><V79/><F126/><W87/><G74/><T134/><D134/><U47/><E133/><V21/><F132/><W57/><G135/><T104/><D104/><U113/><E113/><V22/><F62/><W109/><G109/><T83/><D83/><U16/><E29/><V127/><F127/><W99/><G99/><T42/><D42/><U41/><E130/><V38/><F79/><W46/><G32/><T56/><D24/><U102/><E102/><V25/><F21/><W17/><G57/><T54/><REACH who="0" step="1"/><D92/><REACH who="0" ten="234,276,250,230" step="2"/><N who="1" m="54279" /><E119/><V23/><F27/><W81/><G81/><T67/><D67/><U19/><E41/><V108/><F108/><W59/><G65/><T76/><D76/><U101/><E40/><V49/><F82/><W100/><G112/><T123/><D123/><U111/><E111/><V91/><F77/><W69/><G100/><T5/><D5/><U14/><E101/><V71/><F25/><W116/><G116/><T34/><D34/><U2/><E2/><V36/><F0/><W128/><G89/><T114/><D114/><U50/><E14/><V124/><F124/><W7/><G7/><T58/><AGARI ba="0,1" hai="51,52,54,56,58,63,64,66,73,78,80,90,95,98" machi="58" ten="20,5200,0" yaku="1,1,0,1,7,1,54,1,53,0" doraHai="68" doraHaiUra="9" who="0" fromWho="0" sc="234,62,276,-13,250,-26,230,-13" /><INIT seed="3,0,0,3,5,132" ten="296,263,224,217" oya="3" hai0="36,60,53,77,102,20,41,94,104,95,114,66,75" hai1="14,54,48,68,39,7,3,85,35,84,119,34,1" hai2="115,99,26,0,37,134,42,116,22,70,24,5,45" hai3="122,113,111,19,50,29,30,91,86,126,117,124,97"/><W16/><G113/><T6/><D6/><U52/><E39/><V79/><F134/><W73/><G73/><T28/><D53/><U135/><E68/><V131/><F116/><W32/><G117/><T31/><D104/><U123/><E135/><V103/><F115/><W47/><G122/><T23/><D41/><U33/><E119/><V90/><F131/><W64/><G97/><T87/><D36/><U96/><E96/><V120/><F120/><W46/><G64/><T62/><D75/><U82/><E54/><V9/><F70/><W74/><G74/><T63/><D66/><U43/><E43/><V59/><F59/><W80/><G111/><T133/><D133/><U83/><E123/><V101/><F26/><W110/><G110/><T15/><D15/><U129/><E129/><V89/><F79/><W8/><G47/><T13/><D13/><U38/><E38/><V78/><F78/><W2/><G2/><T17/><D17/><N who="3" m="6729" /><G8/><T10/><D10/><U55/><E35/><V81/><F81/><W106/><G106/><T72/><D72/><U105/><E14/><V21/><F21/><N who="0" m="8266" /><D114/><U69/><E69/><V88/><REACH who="2" step="1"/><F99/><REACH who="2" ten="296,263,214,217" step="2"/><W11/><G11/><T118/><D118/><U92/><E33/><V107/><F107/><W130/><G32/><T128/><D128/><U127/><E34/><V51/><F51/><W40/><G130/><T65/><D77/><U25/><E48/><V121/><F121/><W108/><G108/><T98/><D65/><U93/><E105/><V12/><F12/><W4/><G4/><T61/><D61/><U109/><E109/><RYUUKYOKU ba="0,1" sc="296,10,263,-30,214,10,217,10" hai0="28,31,60,62,63,87,94,95,98,102" hai2="0,5,9,22,24,37,42,45,88,89,90,101,103" hai3="29,30,40,46,50,80,86,91,124,126" /><INIT seed="3,1,1,0,4,130" ten="306,233,224,227" oya="3" hai0="4,58,45,106,23,90,129,33,84,128,53,124,8" hai1="80,11,117,97,68,100,10,99,127,112,89,103,109" hai2="110,86,121,43,0,24,62,56,102,37,75,26,61" hai3="123,31,118,39,13,132,12,7,59,40,122,28,25"/><W104/><G104/><T67/><D106/><U35/><E112/><V76/><F0/><W92/><G118/><T79/><D33/><U44/><E35/><V101/><F75/><W47/><G31/><T126/><D79/><U113/><E113/><V52/><F121/><W3/><G3/><T22/><D45/><U125/><E68/><V119/><F119/><W15/><G7/><T55/><D67/><U30/><E30/><V1/><F1/><W18/><G18/><T57/><D84/><U116/><E44/><V14/><F110/><W49/><G92/><T85/><D85/><U38/><E89/><V135/><F43/><W77/><G77/><T105/><D105/><U93/><E93/><V133/><F37/><W63/><G39/><T9/><D90/><U34/><E34/><V2/><F2/><W66/><REACH who="3" step="1"/><G132/><REACH who="3" ten="306,233,224,217" step="2"/><N who="2" m="50761" /><F14/><W16/><G16/><T50/><D4/><U87/><E38/><V81/><F62/><W32/><AGARI ba="1,2" hai="12,13,15,25,28,32,40,47,49,59,63,66,122,123" machi="32" ten="30,6000,0" yaku="1,1,0,1,53,1" doraHai="130" doraHaiUra="41" who="3" fromWho="3" sc="306,-21,233,-21,224,-21,217,83" /><INIT seed="3,2,0,0,4,43" ten="285,212,203,300" oya="3" hai0="88,54,34,95,28,59,16,96,117,1,83,135,78" hai1="20,26,45,47,10,92,86,64,77,23,105,81,73" hai2="67,87,82,17,51,120,7,68,61,132,12,107,22" hai3="121,27,100,91,122,128,98,11,30,19,94,4,50"/><W29/><G128/><T13/><D1/><U8/><E105/><V125/><F132/><W110/><G110/><T6/><D135/><U101/><E64/><V72/><F125/><W102/><G19/><T123/><D123/><U53/><E53/><V3/><F107/><W75/><G75/><T60/><D117/><U48/><E48/><V41/><F120/><W37/><G37/><T112/><D112/><U80/><E23/><V99/><F99/><W36/><G36/><T127/><D127/><U18/><E101/><V0/><F72/><W25/><G102/><T106/><D6/><U126/><E92/><V76/><REACH who="2" step="1"/><F7/><REACH who="2" ten="285,212,193,300" step="2"/><W42/><G98/><T62/><D106/><U71/><E126/><V93/><F93/><W35/><G4/><T39/><D96/><U118/><E118/><V31/><F31/><W24/><G94/><T115/><D28/><U46/><REACH who="1" step="1"/><E71/><REACH who="1" ten="285,202,193,300" step="2"/><V113/><F113/><W111/><G122/><T130/><D95/><U70/><E70/><V74/><F74/><W124/><G124/><T85/><D115/><U104/><E104/><V129/><F129/><W108/><G121/><T109/><D130/><U84/><E84/><V32/><F32/><W2/><G35/><T40/><D34/><U52/><E52/><V69/><F69/><W38/><G111/><T89/><D109/><U116/><E116/><V49/><F49/><W9/><G50/><N who="0" m="31191" /><D39/><U5/><E5/><V44/><AGARI ba="2,2" hai="0,3,12,17,22,41,44,51,61,67,68,76,82,87" machi="44" ten="30,7900,0" yaku="1,1,0,1,52,1,53,1" doraHai="43" doraHaiUra="65" who="2" fromWho="2" sc="285,-22,202,-22,193,105,300,-41" /><INIT seed="4,0,0,0,2,17" ten="263,180,298,259" oya="0" hai0="28,118,92,24,111,16,100,26,96,101,44,50,91" hai1="123,88,5,84,108,106,10,39,107,19,134,43,95" hai2="93,97,2,53,135,98,6,77,42,86,72,109,62" hai3="38,32,83,1,65,99,61,133,63,52,3,29,4"/><T73/><D73/><U130/><E108/><V49/><F109/><W85/><G38/><T75/><D75/><U126/><E123/><V128/><F128/><W51/><G133/><T125/><D118/><U127/><E134/><V121/><F121/><W74/><G74/><T15/><D111/><U11/><E130/><V0/><F135/><W68/><G63/><T119/><D125/><N who="1" m="47627" /><E39/><V18/><F72/><W103/><G4/><T59/><D59/><U89/><E43/><V7/><F62/><W40/><G40/><T87/><D119/><U23/><E89/><V76/><F42/><W8/><G8/><N who="1" m="3114" /><E5/><N who="2" m="1547" /><F2/><W47/><G29/><T22/><D28/><U9/><N who="1" m="3122" /><U124/><N who="1" m="47635" /><DORA hai="82" /><U67/><DORA hai="70" /><E67/><V14/><F0/><W79/><REACH who="3" step="1"/><G32/><REACH who="3" ten="263,180,298,249" step="2"/><T21/><D21/><U90/><E90/><N who="2" m="53463" /><F77/><W30/><G30/><T45/><D101/><U116/><E116/><V94/><F76/><W80/><G80/><T31/><D31/><U131/><E131/><V69/><F18/><W20/><G20/><T60/><D60/><U113/><E113/><V54/><F49/><W36/><G36/><T81/><D50/><U56/><E56/><V66/><F69/><W33/><G33/><T122/><D122/><U41/><E41/><V117/><F66/><W112/><G112/><T37/><D37/><U104/><E19/><V110/><F117/><W78/><G78/><T115/><D115/><U129/><E129/><V27/><F110/><W48/><G48/><T120/><D120/><U58/><E58/><V132/><F132/><W71/><G71/><T25/><AGARI ba="0,1" hai="15,16,22,24,25,26,44,45,81,87,91,92,96,100" machi="25" ten="30,18000,2" yaku="5,1,0,1,8,1,52,2,54,1" doraHai="17,82,70" who="0" fromWho="0" sc="263,190,180,-60,298,-60,249,-60" /><INIT seed="4,1,0,1,5,36" ten="453,120,238,189" oya="0" hai0="33,48,74,22,58,7,35,53,116,51,64,88,29" hai1="32,119,85,120,67,40,92,55,19,4,81,23,110" hai2="30,63,57,128,113,105,52,34,79,27,26,96,49" hai3="98,76,54,21,11,94,61,62,8,111,130,16,100"/><T13/><D74/><U109/><E119/><V125/><F113/><W56/><G111/><T1/><D116/><U84/><E120/><V17/><F125/><W104/><G130/><T9/><D64/><U89/><E32/><V43/><F128/><W72/><G104/><T68/><D68/><U75/><E75/><V44/><F79/><W12/><G72/><T101/><D101/><U50/><E4/><V122/><F122/><W77/><G62/><T99/><D51/><U73/><E73/><V106/><F96/><W47/><G47/><T28/><D1/><U45/><E67/><V37/><F27/><W82/><G82/><T65/><D65/><U93/><E93/><V10/><F17/><W132/><G132/><T112/><D112/><U114/><E55/><V103/><F103/><W0/><G0/><T60/><D60/><U123/><E123/><V127/><F127/><W2/><G2/><T71/><D71/><U46/><E46/><V124/><F124/><W102/><G102/><T69/><D69/><U41/><E41/><V24/><F24/><W59/><G59/><T20/><D35/><U25/><REACH who="1" step="1"/><E114/><REACH who="1" ten="453,110,238,189" step="2"/><V107/><REACH who="2" step="1"/><F10/><AGARI ba="1,1" hai="8,10,11,12,16,21,54,56,61,76,77,94,98,100" machi="10" ten="40,2600,0" yaku="8,1,54,1" doraHai="36" who="3" fromWho="2" sc="453,0,110,0,238,-29,189,39" /><INIT seed="5,0,0,5,4,130" ten="453,110,209,228" oya="1" hai0="13,38,72,77,79,49,34,57,58,118,47,46,102" hai1="124,86,61,44,91,55,17,31,112,63,51,3,81" hai2="33,73,111,122,2,80,4,101,32,9,43,56,36" hai3="35,105,28,120,104,69,70,85,121,7,59,99,103"/><U19/><E112/><V22/><F111/><W119/><G59/><T39/><D34/><U26/><E124/><V29/><F122/><W10/><G85/><T40/><D13/><U27/><E3/><V66/><F101/><W62/><G105/><T6/><D6/><U12/><E19/><V107/><F107/><W87/><G87/><T20/><D20/><U21/><REACH who="1" step="1"/><E27/><REACH who="1" ten="453,100,209,228" step="2"/><V60/><F29/><W0/><G119/><T84/><D118/><U97/><E97/><V133/><F22/><AGARI ba="0,1" hai="12,17,21,22,26,31,44,51,55,61,63,81,86,91" machi="22" ten="30,5800,0" yaku="1,1,7,1,8,1,53,0" doraHai="130" doraHaiUra="115" who="1" fromWho="2" sc="453,0,100,68,209,-58,228,0" /><INIT seed="5,1,0,5,1,46" ten="453,168,151,228" oya="1" hai0="114,103,15,127,58,10,109,17,24,59,84,12,107" hai1="47,42,3,39,111,70,120,92,60,23,104,41,95" hai2="1,13,31,113,52,121,112,68,50,100,80,40,122" hai3="105,131,26,14,0,16,85,5,125,126,36,20,133"/><U28/><E120/><N who="2" m="46187" /><F1/><W27/><G105/><T67/><D109/><U73/><E111/><V54/><F31/><W34/><G36/><T101/><D114/><N who="2" m="44138" /><F100/><N who="0" m="38474" /><D127/><N who="3" m="48649" /><G85/><T98/><D98/><U62/><E104/><V22/><F68/><W130/><G133/><T44/><D24/><N who="3" m="9257" /><G34/><T6/><D67/><U91/><E70/><V45/><F80/><W118/><G118/><T96/><D96/><U75/><E3/><V29/><F29/><W117/><G117/><T2/><D2/><U56/><E28/><V88/><F88/><W33/><G33/><T37/><D37/><U7/><E91/><V115/><N who="2" m="44146" /><V38/><DORA hai="65" /><F13/><W123/><G123/><T102/><D102/><U72/><E39/><V61/><F22/><W64/><G64/><T87/><D87/><U19/><E23/><V21/><F21/><W90/><G90/><T77/><D84/><U93/><E72/><V108/><F108/><W78/><G78/><T69/><D77/><U71/><E73/><V110/><F110/><W32/><G32/><T48/><D15/><U83/><E75/><V79/><F79/><W51/><G51/><T18/><D107/><U25/><E83/><V8/><F8/><AGARI ba="1,0" hai="0,5,8,14,16,20,130,131" m="9257,48649" machi="8" ten="30,7700,0" yaku="18,1,34,2,54,1" doraHai="46,65" who="3" fromWho="2" sc="453,0,168,0,151,-80,228,80" /><INIT seed="6,0,0,0,4,11" ten="453,168,71,308" oya="2" hai0="94,34,123,131,8,84,32,10,100,108,16,17,91" hai1="44,61,23,129,53,73,36,64,19,46,87,33,4" hai2="51,21,118,132,75,120,66,37,117,62,74,119,127" hai3="68,2,82,71,30,27,76,60,92,126,125,110,99"/><V88/><F120/><W58/><G110/><T28/><D108/><U113/><E73/><V20/><F132/><W15/><G2/><T89/><D123/><U13/><E113/><V95/><F127/><N who="3" m="48651" /><G15/><T18/><D100/><U49/><E129/><V39/><F51/><W135/><G135/><T63/><D131/><U5/><E33/><V105/><F105/><W128/><G128/><T72/><D72/><U22/><E22/><V115/><F115/><W70/><G58/><T52/><D34/><U35/><E35/><V103/><F103/><N who="3" m="60903" /><G60/><T96/><D28/><U50/><E87/><V40/><F75/><N who="3" m="43295" /><G71/><T45/><D32/><AGARI ba="0,0" hai="27,30,32,68,70" m="43295,60903,48651" machi="32" ten="30,1000,0" yaku="18,1" doraHai="11" who="3" fromWho="0" sc="453,-10,168,0,71,0,308,10" /><INIT seed="7,0,0,1,0,98" ten="443,168,71,318" oya="3" hai0="131,78,68,127,42,39,134,18,1,107,28,80,116" hai1="20,77,46,10,29,96,69,86,71,51,70,12,123" hai2="4,26,89,87,41,82,64,119,88,114,126,109,111" hai3="121,90,124,65,17,125,74,15,7,135,101,50,110"/><W115/><G121/><T93/><D107/><U97/><E123/><V102/><F114/><W44/><G74/><T36/><D18/><U33/><E33/><V31/><F119/><W19/><G115/><T66/><D66/><U47/><E47/><V72/><F126/><N who="3" m="48747" /><G65/><T79/><D93/><U94/><E20/><V60/><F4/><W120/><G120/><T129/><D28/><U59/><E59/><V112/><F112/><W99/><G135/><T104/><D104/><U24/><E24/><V67/><F72/><W23/><G90/><T2/><D127/><U73/><E29/><V14/><F14/><W122/><G122/><T32/><D116/><U27/><E27/><V117/><F117/><W45/><G7/><T8/><D134/><U57/><E69/><V76/><F41/><W130/><G130/><T13/><D68/><U37/><E70/><V53/><F53/><N who="3" m="29895" /><G45/><T75/><D75/><U58/><E71/><V21/><F111/><W62/><G62/><T63/><D63/><U52/><E37/><V38/><F38/><W108/><G19/><T16/><D36/><U9/><E46/><V92/><F109/><N who="3" m="42091" /><G99/><T0/><D39/><U55/><E96/><V105/><F105/><W25/><G25/><T34/><D42/><U6/><E73/><V84/><F67/><W91/><G91/><T56/><D16/><U103/><E55/><V5/><F5/><W81/><G81/><T3/><D129/><U11/><E57/><N who="2" m="36879" /><F87/><W49/><G49/><T128/><D131/><U83/><AGARI ba="0,0" hai="6,9,10,11,12,51,52,58,77,83,86,94,97,103" machi="83" ten="30,7900,0" yaku="0,1,8,1,52,1,54,1" doraHai="98" who="1" fromWho="1" sc="443,-20,168,79,71,-20,318,-39" owari="423,52.3,247,-15.3,51,-44.9,279,7.9" /></mjloggm>