<mjloggm ver="2.3"><GO type="169" lobby="0"/><UN n0="%70%6F%6E%2D%65%6E" n1="%E3%83%AD%E3%83%AD%E3%82%93" n2="%72%61%69%32%31%31" n3="%E8%B5%A4%E7%BE%8E%E6%BF%83%E3%81%BE%E3%81%90%E3%82%8D" dan="16,16,16,16" rate="2111.13,2138.00,2164.20,2187.74" sx="F,M,M,M"/><TAIKYOKU oya="0"/><INIT seed="0,0,0,2,4,86" ten="250,250,250,250" oya="0" hai0="27,112,74,38,131,39,2,128,80,88,64,123,47" hai1="127,11,82,46,93,126,118,98,57,120,83,9,24" hai2="40,5,26,92,87,4,22,109,48,91,100,63,130" hai3="124,122,62,75,114,28,89,96,56,68,35,84,76"/><T103/><BYE who="2" /><D112/><U49/><E57/><UN n2="%72%61%69%32%31%31" /><V41/><F109/><W69/><G114/><T10/><D123/><U61/><E61/><V85/><F130/><N who="0" m="49706" /><D64/><U129/><E129/><V14/><F100/><W36/><G36/><T133/><D133/><U90/><E24/><V37/><F37/><W18/><G122/><T111/><D111/><U70/><E70/><V104/><F104/><W13/><G124/><N who="1" m="47658" /><E118/><V53/><F63/><W73/><G96/><T134/><D134/><U17/><E120/><V55/><F87/><W33/><G76/><T43/><D103/><U16/><E11/><N who="2" m="4455" /><F5/><W50/><G50/><N who="0" m="27007" /><D74/><U52/><E9/><V97/><F97/><W81/><G75/><T101/><D101/><U31/><E31/><N who="2" m="17879" /><F53/><W121/><G73/><T102/><D102/><U60/><E60/><V77/><F77/><W72/><G72/><T115/><D27/><U6/><E6/><V25/><F25/><W110/><G110/><T116/><D115/><U29/><E29/><V117/><F117/><W71/><G28/><T15/><D2/><U132/><E132/><V99/><F99/><W94/><G121/><T59/><D116/><U51/><E51/><V125/><F125/><W44/><G71/><T78/><D78/><U119/><E119/><V7/><F7/><W113/><G69/><T32/><D39/><U107/><E107/><V23/><F23/><N who="3" m="11727" /><G68/><T42/><D10/><U34/><E34/><V95/><F95/><W21/><G35/><T106/><D32/><U45/><E45/><AGARI ba="0,0" hai="40,41,45,48,55,85,91,92" m="17879,4455" machi="45" ten="30,2000,0" yaku="8,1,52,1" doraHai="86" who="2" fromWho="1" sc="250,0,250,-20,250,20,250,0" /><INIT seed="1,0,0,0,0,45" ten="250,230,270,250" oya="1" hai0="93,59,82,55,116,81,95,33,30,87,54,115,119" hai1="42,44,127,52,16,64,84,121,120,6,91,8,88" hai2="113,63,133,132,90,11,78,39,27,94,4,123,92" hai3="19,107,28,24,2,48,112,131,13,99,108,109,50"/><U18/><E64/><V31/><F123/><W61/><G112/><T130/><D30/><U135/><E135/><N who="2" m="51787" /><F39/><W96/><G2/><T20/><D20/><U37/><E127/><V134/><N who="2" m="51795" /><V124/><DORA hai="7" /><F124/><W38/><G38/><T56/><D33/><U15/><E91/><V14/><F113/><W41/><G41/><T74/><D87/><U80/><REACH who="1" step="1"/><E52/><REACH who="1" ten="250,220,270,250" step="2"/><V128/><F90/><W68/><G61/><T114/><REACH who="0" step="1"/><D130/><REACH who="0" ten="240,220,270,250" step="2"/><U72/><E72/><AGARI ba="0,2" hai="54,55,56,59,72,74,81,82,93,95,114,115,116,119" machi="72" ten="25,6400,0" yaku="1,1,2,1,22,2,53,0" doraHai="45,7" doraHaiUra="12,125" who="0" fromWho="1" sc="240,84,220,-64,270,0,250,0" /><INIT seed="2,0,0,0,2,108" ten="324,156,270,250" oya="2" hai0="122,43,28,89,57,74,82,76,104,67,101,126,22" hai1="38,42,59,106,27,96,118,40,130,3,56,16,109" hai2="107,49,114,120,34,17,125,47,94,9,117,110,105" hai3="45,115,61,132,30,79,102,127,81,31,18,1,112"/><V123/><F117/><W25/><G1/><T5/><D122/><U58/><E3/><V48/><F34/><W20/><G102/><T78/><D126/><U128/><E118/><V97/><F125/><W19/><G127/><T11/><D43/><U71/><E71/><V29/><F29/><W88/><G88/><T33/><D33/><U4/><E4/><V2/><F110/><W86/><G132/><T133/><D133/><U85/><E85/><V23/><F2/><W55/><G19/><T90/><D78/><U36/><E96/><V62/><F9/><W84/><G84/><T70/><D70/><U68/><E68/><V135/><F135/><W41/><G55/><T98/><D22/><U92/><E92/><V8/><F62/><W103/><G103/><T7/><D28/><U6/><E6/><V116/><F8/><W100/><G100/><T46/><D46/><U51/><E106/><V63/><F63/><W95/><G95/><T52/><D67/><U119/><E119/><V50/><F47/><W124/><G61/><T64/><D64/><U80/><E80/><V129/><F116/><W10/><G124/><T39/><D39/><N who="1" m="14891" /><E109/><V93/><F97/><W37/><G10/><T131/><D5/><U83/><E83/><V111/><F111/><W35/><REACH who="3" step="1"/><G30/><REACH who="3" ten="324,156,270,240" step="2"/><T24/><D11/><U13/><E42/><V134/><F134/><W69/><G69/><T99/><D7/><U73/><E73/><V53/><F94/><W12/><AGARI ba="0,1" hai="12,18,20,25,31,35,37,41,45,79,81,86,112,115" machi="12" ten="30,7900,0" yaku="1,1,0,1,52,2,53,0" doraHai="108" doraHaiUra="54" who="3" fromWho="3" sc="324,-20,156,-20,270,-39,240,89" /><INIT seed="3,0,0,3,5,34" ten="304,136,231,329" oya="3" hai0="134,40,45,16,30,54,122,33,50,97,3,84,41" hai1="102,8,6,26,99,43,57,42,22,68,108,60,14" hai2="25,38,98,9,130,112,93,66,24,124,20,111,32" hai3="128,123,46,28,7,13,78,65,56,107,135,74,10"/><W81/><G123/><T103/><D122/><U27/><E68/><V92/><F112/><W80/><G107/><T69/><D69/><U35/><E35/><V72/><F38/><W120/><G120/><T11/><D134/><U59/><E108/><V51/><F72/><W67/><G128/><T133/><D133/><U73/><E73/><V36/><F36/><W44/><G135/><T110/><D110/><U15/><E15/><V21/><F111/><W12/><G28/><T23/><D33/><U85/><E85/><V95/><F32/><W96/><G96/><T58/><D84/><U125/><E125/><V18/><F124/><W121/><G121/><T89/><D89/><U91/><E26/><V17/><F130/><W86/><G13/><T48/><D30/><U106/><E91/><V77/><F77/><W88/><REACH who="3" step="1"/><G56/><REACH who="3" ten="304,136,231,319" step="2"/><T64/><D97/><U115/><E59/><V5/><F98/><W82/><G82/><T1/><D58/><U62/><E115/><V101/><F101/><W118/><G118/><T71/><D103/><U63/><REACH who="1" step="1"/><E57/><REACH who="1" ten="304,126,231,319" step="2"/><V109/><F109/><W29/><G29/><AGARI ba="0,2" hai="6,8,14,22,27,29,42,43,60,62,63,99,102,106" machi="29" ten="40,2600,0" yaku="1,1,2,1,53,0" doraHai="34" doraHaiUra="61" who="1" fromWho="3" sc="304,0,126,46,231,0,319,-26" /><INIT seed="4,0,0,1,4,100" ten="304,172,231,293" oya="0" hai0="69,62,131,115,39,120,53,108,84,63,70,122,42" hai1="76,35,29,111,97,104,95,82,114,73,0,109,14" hai2="134,126,6,96,93,107,130,110,86,7,123,77,48" hai3="92,88,59,83,64,128,13,124,40,78,3,10,106"/><T2/><D84/><U116/><E0/><V21/><F123/><N who="0" m="47146" /><D2/><U58/><E116/><V125/><F110/><W112/><G3/><T22/><D22/><U118/><E118/><V43/><F130/><W15/><G128/><T101/><D101/><U34/><E14/><V61/><F134/><W1/><G1/><T52/><D131/><U90/><E58/><V11/><F61/><N who="0" m="23050" /><D115/><U67/><E67/><V105/><F21/><W91/><G112/><T132/><D132/><U4/><E4/><V74/><F74/><W19/><G106/><N who="2" m="40457" /><F96/><W113/><G113/><T9/><D9/><U133/><E133/><V46/><F93/><W66/><G91/><T94/><D94/><U8/><E114/><V30/><F30/><W17/><G83/><T56/><D108/><U50/><E8/><V65/><F65/><W57/><G78/><T85/><D85/><U72/><E72/><V44/><F44/><W24/><G66/><T16/><D16/><U47/><E104/><V81/><F6/><W121/><G24/><T129/><D129/><U119/><E119/><V54/><F54/><N who="0" m="21098" /><D56/><U41/><REACH who="1" step="1"/><E35/><REACH who="1" ten="304,162,231,293" step="2"/><V68/><F68/><W36/><G59/><T45/><AGARI ba="0,1" hai="39,42,45,69,70" m="21098,23050,47146" machi="45" ten="40,7800,0" yaku="34,2,54,1" doraHai="100" who="0" fromWho="0" sc="304,88,162,-26,231,-26,293,-26" /><INIT seed="4,1,0,4,0,135" ten="392,136,205,267" oya="0" hai0="70,10,27,89,75,49,127,86,83,134,98,129,25" hai1="48,41,43,7,115,32,99,42,33,21,101,37,5" hai2="123,71,69,66,120,92,44,20,57,118,60,112,68" hai3="102,11,124,133,126,36,130,0,104,65,26,107,50"/><T80/><D127/><N who="3" m="48681" /><G36/><T35/><D129/><U73/><E73/><V16/><F112/><W67/><G130/><T125/><D134/><U79/><E79/><V47/><F118/><W62/><G133/><T132/><D70/><U31/><E37/><V13/><REACH who="2" step="1"/><F92/><REACH who="2" ten="392,136,195,267" step="2"/><W64/><G102/><T108/><D132/><U18/><E115/><V116/><F116/><W45/><G26/><T113/><D27/><U9/><E101/><V23/><F23/><W24/><G24/><T40/><D25/><U59/><E33/><V14/><F14/><W122/><G122/><AGARI ba="1,1" hai="13,16,20,44,47,57,60,66,68,69,71,120,122,123" machi="122" ten="50,3200,0" yaku="1,1,54,1,53,0" doraHai="135" doraHaiUra="3" who="2" fromWho="3" sc="392,0,136,0,195,45,267,-35" /><INIT seed="5,0,0,1,4,19" ten="392,136,240,232" oya="1" hai0="26,78,30,44,33,131,25,37,57,130,27,110,38" hai1="45,3,15,18,2,132,46,66,81,123,100,47,56" hai2="116,122,113,60,84,1,17,135,76,40,119,39,103" hai3="51,94,90,118,82,85,4,28,128,127,74,101,36"/><U53/><E132/><V49/><F1/><W62/><G36/><N who="0" m="13931" /><D110/><U107/><E123/><V77/><F122/><W11/><G118/><T111/><D111/><U14/><E66/><V73/><F73/><W63/><G127/><T106/><D106/><U121/><E121/><V125/><F39/><W114/><G114/><T67/><D44/><U24/><E81/><V79/><F135/><W105/><G128/><N who="0" m="49195" /><D78/><U55/><E107/><V129/><F129/><W92/><G28/><T133/><D133/><U91/><E91/><V86/><F125/><W80/><G51/><T97/><D97/><U87/><E87/><V99/><F113/><W108/><G94/><T64/><D57/><U75/><E75/><V96/><F60/><W102/><G102/><T29/><D33/><U83/><E100/><V12/><F119/><W13/><G82/><T93/><D93/><U95/><E95/><N who="2" m="58783" /><F99/><N who="3" m="61631" /><G108/><T112/><D112/><U58/><E83/><V61/><F61/><W89/><G89/><T115/><D115/><U0/><E24/><V20/><F116/><W124/><G124/><T52/><D52/><N who="1" m="20043" /><E18/><V50/><F50/><W8/><G63/><T7/><D7/><U126/><E126/><V32/><F32/><W9/><G62/><T21/><D30/><U22/><E22/><V134/><F134/><W69/><G69/><T98/><D98/><U70/><E70/><V43/><F49/><W71/><G71/><T104/><D104/><U117/><E117/><V35/><F35/><W54/><G54/><T120/><D120/><U48/><E48/><V34/><F34/><W88/><G74/><RYUUKYOKU ba="0,0" sc="392,0,136,0,240,0,232,0" hai0="21,25,26,27,29,64,67" hai1="0,2,3,14,15,45,46,47,56,58" hai2="12,17,20,40,43,76,77,79,84,86" hai3="4,8,9,11,13,80,85,88,90,92" /><INIT seed="5,1,0,4,0,86" ten="392,136,240,232" oya="1" hai0="8,13,109,108,94,76,48,63,134,118,10,91,88" hai1="96,3,97,106,92,95,0,43,89,98,38,132,49" hai2="5,23,111,44,65,58,110,2,27,83,101,77,72" hai3="52,50,45,114,37,74,39,113,11,99,59,51,81"/><U116/><E38/><V24/><F101/><W85/><G74/><T129/><D118/><U22/><E116/><V9/><F27/><W30/><G30/><T15/><D76/><U130/><E130/><V75/><F75/><W70/><G70/><T61/><D48/><U1/><E132/><V20/><F20/><W93/><G11/><T28/><D94/><U87/><E22/><V7/><F7/><W123/><G123/><T17/><D17/><U135/><E135/><V115/><F115/><N who="3" m="44043" /><G50/><T64/><D64/><U120/><E120/><V46/><F65/><W26/><G26/><T60/><D60/><U133/><E133/><V34/><F34/><W126/><G45/><T119/><D134/><U47/><REACH who="1" step="1"/><E95/><REACH who="1" ten="392,126,240,232" step="2"/><V57/><F111/><W4/><G39/><T103/><D119/><U104/><AGARI ba="1,1" hai="0,1,3,43,47,49,87,89,92,96,97,98,104,106" machi="104" ten="40,18000,2" yaku="1,1,2,1,0,1,52,1,53,3" doraHai="86" doraHaiUra="33" who="1" fromWho="1" sc="392,-61,126,193,240,-61,232,-61" /><INIT seed="5,2,0,2,4,130" ten="331,319,179,171" oya="1" hai0="105,82,70,6,34,134,0,123,81,74,112,2,16" hai1="53,12,129,102,80,117,61,73,5,64,60,13,122" hai2="89,18,88,40,33,94,48,23,65,39,100,51,37" hai3="49,77,38,58,4,55,108,83,113,46,44,19,21"/><U28/><E129/><V95/><F33/><W111/><G113/><T90/><D112/><U97/><E28/><V118/><F118/><W110/><G4/><T84/><D123/><U119/><E73/><V15/><F100/><W56/><G46/><T104/><D34/><U114/><E114/><V57/><F37/><W20/><G38/><T7/><D70/><U96/><E80/><V71/><F71/><W32/><G32/><T8/><D16/><U103/><E53/><V52/><F39/><W131/><G131/><T67/><D67/><U93/><E5/><V14/><F65/><W26/><REACH who="3" step="1"/><G20/><REACH who="3" ten="331,319,179,161" step="2"/><T54/><D6/><U27/><E119/><V85/><F40/><W121/><G121/><T45/><D2/><U126/><E117/><V68/><F68/><W133/><G133/><T78/><D134/><U76/><E122/><V47/><F47/><W106/><G106/><T30/><D45/><U101/><E126/><V50/><REACH who="2" step="1"/><F14/><REACH who="2" ten="331,319,169,161" step="2"/><W66/><G66/><T79/><D104/><U87/><E12/><V63/><F63/><W92/><G92/><T99/><D105/><U41/><E13/><V11/><F11/><W115/><G115/><T86/><D8/><U72/><E64/><V116/><F116/><W62/><G62/><T125/><D125/><U31/><E61/><V91/><F91/><W69/><G69/><T29/><D90/><U128/><E60/><V43/><F43/><W10/><G10/><T124/><D124/><U24/><E41/><V25/><F25/><W35/><G35/><T1/><D1/><U107/><E27/><V127/><F127/><RYUUKYOKU ba="2,2" sc="331,-15,319,-15,169,15,161,15" hai2="15,18,23,48,50,51,52,57,85,88,89,94,95" hai3="19,21,26,44,49,55,56,58,77,83,108,110,111" /><INIT seed="6,3,2,0,1,49" ten="316,304,184,176" oya="2" hai0="86,131,46,120,36,45,70,40,16,0,100,58,64" hai1="81,11,3,112,82,24,35,92,68,74,17,113,78" hai2="26,65,103,62,31,106,101,110,34,53,83,29,89" hai3="14,67,13,7,129,51,71,98,90,115,93,48,4"/><V132/><F132/><W38/><G38/><T94/><D120/><U118/><E68/><V20/><F110/><W63/><G129/><T79/><D0/><U130/><E130/><V97/><F103/><W91/><G115/><N who="1" m="44106" /><E118/><V59/><F31/><W104/><G104/><T124/><D70/><U19/><E82/><V28/><F28/><W41/><G91/><T42/><D124/><U56/><E56/><V126/><F126/><W84/><G98/><T107/><D107/><U12/><E92/><V73/><F89/><W108/><G108/><T117/><D117/><U6/><E3/><V85/><F85/><W135/><G135/><T47/><D58/><U60/><E60/><V9/><F9/><W95/><G95/><T37/><D64/><U2/><E2/><V105/><F105/><W10/><G41/><T18/><D131/><U1/><E1/><V121/><F121/><W21/><G21/><T55/><D79/><U102/><E102/><V43/><F43/><W69/><G69/><T111/><D111/><U72/><E72/><V5/><F5/><W122/><G122/><T15/><D100/><U116/><E116/><V119/><F119/><W50/><G7/><T109/><D109/><U66/><E66/><V25/><F65/><W87/><G87/><T52/><D94/><U22/><E35/><V127/><F127/><W30/><G30/><AGARI ba="3,2" hai="6,11,12,17,19,22,24,30,74,78,81" m="44106" machi="30" ten="30,1000,0" yaku="15,1" doraHai="49" who="1" fromWho="3" sc="316,0,304,39,184,0,176,-19" /><INIT seed="7,0,0,5,2,35" ten="316,343,184,157" oya="3" hai0="57,102,50,83,85,39,92,26,108,111,107,6,72" hai1="64,9,12,96,129,10,105,77,118,130,134,71,90" hai2="65,122,55,15,67,124,73,91,28,43,25,121,99" hai3="89,98,44,27,95,127,110,46,119,75,36,94,34"/><W8/><G119/><T18/><D39/><U81/><E10/><V29/><F73/><W123/><G123/><N who="2" m="47113" /><F124/><W21/><G34/><T125/><D125/><U66/><E118/><V31/><F43/><W84/><G75/><T24/><D6/><U63/><E66/><N who="2" m="25099" /><F15/><W3/><G127/><T78/><D57/><U22/><E22/><N who="2" m="15415" /><F55/><W109/><G36/><T59/><D18/><U104/><E90/><V13/><F13/><W70/><G70/><T115/><D115/><U120/><E96/><V56/><F56/><W17/><G8/><T52/><D111/><N who="3" m="42505" /><G3/><T79/><D79/><U32/><E32/><V113/><F113/><W49/><G49/><T131/><D131/><N who="1" m="50187" /><E134/><V80/><F99/><W30/><G30/><T68/><D68/><U40/><E40/><V128/><F128/><W100/><AGARI ba="0,0" hai="17,21,27,44,46,84,89,94,95,98,100" m="42505" machi="100" ten="30,1500,0" yaku="10,1" doraHai="35" who="3" fromWho="3" sc="316,-5,343,-5,184,-5,157,15" /><INIT seed="7,1,0,1,2,19" ten="311,338,179,172" oya="3" hai0="43,128,54,2,126,107,109,17,37,47,124,62,71" hai1="41,122,85,99,75,45,113,38,68,114,97,112,21" hai2="77,84,82,67,11,79,88,127,30,100,91,29,44" hai3="57,102,48,36,95,26,74,1,35,87,73,24,61"/><W101/><G36/><T80/><D107/><U25/><E75/><V15/><F127/><N who="0" m="48682" /><D80/><U59/><E68/><V93/><F100/><N who="3" m="38507" /><G74/><T27/><D2/><U94/><E59/><V115/><F115/><W42/><G73/><T104/><D104/><U63/><E63/><V20/><F67/><N who="3" m="39343" /><G1/><T64/><D17/><N who="1" m="12463" /><E122/><V53/><F53/><W121/><G121/><T66/><D27/><N who="3" m="10281" /><G35/><T10/><D66/><U135/><E135/><V12/><F30/><W133/><G133/><T4/><D71/><U117/><E117/><V96/><F29/><W52/><G42/><T50/><D37/><U69/><E69/><V98/><F44/><N who="3" m="27655" /><G95/><T34/><D109/><U72/><E72/><V60/><F60/><W123/><G123/><T33/><D128/><U78/><E94/><V70/><F70/><W39/><G39/><N who="0" m="22015" /><D62/><U132/><E132/><V16/><F98/><W7/><G7/><AGARI ba="1,0" hai="7,11,12,15,16,20,77,79,82,84,88,91,93,96" machi="7" ten="30,8000,1" yaku="7,1,8,1,52,1,54,2" doraHai="19" who="2" fromWho="3" sc="311,0,338,0,179,83,172,-83" owari="311,11.1,338,43.8,262,-13.8,89,-41.1" /></mjloggm>