<mjloggm ver="2.3"><GO type="169" lobby="0"/><UN n0="%7A%6F%6F%31%39%36%34" n1="%E3%83%A9%E3%83%A0%E3%83%9E%E3%82%B8%E5%A4%A9%E4%BD%BF" n2="%E3%82%B0%E3%83%AA%E3%83%B3" n3="%74%65%63%68%74%6F" dan="17,17,16,17" rate="2186.27,2157.61,2181.83,2120.59" sx="M,M,M,M"/><TAIKYOKU oya="0"/><INIT seed="0,0,0,0,2,128" ten="250,250,250,250" oya="0" hai0="33,135,67,27,17,83,98,97,11,16,36,115,2" hai1="5,118,99,66,20,96,68,49,125,101,73,55,50" hai2="19,23,24,78,132,129,89,106,87,42,14,12,10" hai3="26,86,133,25,74,47,91,94,76,131,130,45,79"/><T52/><D115/><U21/><E118/><V102/><F129/><N who="3" m="49163" /><G74/><T69/><D36/><U112/><E125/><V65/><F65/><W51/><G47/><T0/><D69/><U72/><E5/><V88/><F132/><W108/><G133/><T85/><D67/><U58/><E112/><V116/><F116/><W35/><G35/><T43/><D43/><U123/><E123/><V4/><F42/><N who="3" m="25015" /><G108/><T122/><D122/><U7/><E7/><V18/><F106/><W13/><G13/><N who="0" m="7231" /><D0/><U120/><E120/><V110/><F102/><W41/><G41/><T92/><D2/><U81/><E66/><V60/><F60/><W40/><G40/><T39/><D33/><U29/><E68/><V6/><F110/><W53/><G53/><T134/><D39/><U113/><E113/><V61/><F61/><W103/><G103/><T31/><D135/><U57/><E101/><V109/><F109/><W126/><G126/><T84/><D52/><U105/><E105/><V1/><F1/><W77/><AGARI ba="0,0" hai="25,26,76,77,79,86,91,94" m="25015,49163" machi="77" ten="30,1100,0" yaku="19,1" doraHai="128" who="3" fromWho="3" sc="250,-5,250,-3,250,-3,250,11" /><INIT seed="1,0,0,2,3,42" ten="245,247,247,261" oya="1" hai0="129,133,59,105,16,14,98,12,93,63,121,87,6" hai1="11,9,5,8,116,125,53,77,58,32,50,17,44" hai2="3,19,72,123,94,127,65,39,115,126,110,76,90" hai3="75,30,48,108,69,28,54,36,26,38,46,29,79"/><U100/><E116/><V27/><F123/><W83/><G108/><T132/><D121/><U49/><E125/><N who="2" m="47627" /><F39/><W0/><G69/><T24/><D129/><U128/><E128/><V117/><F3/><W130/><G130/><T66/><D105/><U1/><E32/><V7/><F7/><W82/><G0/><T84/><D24/><U109/><E109/><V55/><F117/><W101/><G101/><T112/><D112/><U61/><E100/><V23/><F110/><W57/><G26/><T85/><D6/><U21/><E77/><V70/><F115/><W22/><G22/><T86/><N who="0" m="21504" /><DORA hai="31" /><T33/><D33/><U4/><E50/><V92/><F90/><W120/><G120/><T111/><D111/><U102/><E102/><V56/><F65/><W74/><REACH who="3" step="1"/><G57/><REACH who="3" ten="245,247,247,251" step="2"/><T15/><D133/><U119/><E119/><V13/><F27/><W62/><G62/><T34/><D132/><U134/><E134/><V10/><F23/><W106/><G106/><T20/><REACH who="0" step="1"/><D34/><REACH who="0" ten="235,247,247,251" step="2"/><U124/><E124/><V81/><F70/><W97/><G97/><T89/><AGARI ba="0,2" hai="12,14,15,16,20,59,63,66,89,93,98" m="21504" machi="89" ten="40,8000,1" yaku="1,1,2,1,0,1,8,1,54,1,53,0" doraHai="42,31" doraHaiUra="2,47" who="0" fromWho="0" sc="235,100,247,-40,247,-20,251,-20" /><INIT seed="2,0,0,0,5,129" ten="335,207,227,231" oya="2" hai0="85,76,36,2,49,134,8,83,110,4,73,50,54" hai1="41,120,101,60,69,71,103,123,10,3,16,29,57" hai2="86,39,82,106,47,99,24,80,56,1,44,68,132" hai3="122,108,58,133,9,28,128,13,52,109,119,40,94"/><V7/><F68/><W135/><G122/><N who="1" m="46634" /><E29/><V30/><F132/><N who="3" m="50763" /><G128/><T23/><D134/><U72/><E72/><V81/><F39/><W100/><G40/><T61/><D110/><N who="3" m="42601" /><G28/><T33/><D33/><U89/><E41/><V87/><F1/><W43/><G43/><T79/><D36/><U117/><E117/><V70/><F70/><N who="1" m="26633" /><E89/><V77/><F7/><N who="3" m="3263" /><G119/><T15/><D2/><U31/><E31/><V102/><F30/><W64/><G64/><T48/><D23/><U32/><E32/><V63/><F24/><W46/><G46/><T124/><D54/><N who="1" m="33847" /><E16/><V19/><F19/><W121/><G121/><T59/><D4/><AGARI ba="0,0" hai="3,4,10,101,103" m="33847,26633,46634" machi="4" ten="30,1000,0" yaku="13,1" doraHai="129" who="1" fromWho="0" sc="335,-10,207,10,227,0,231,0" /><INIT seed="3,0,0,5,2,132" ten="325,217,227,231" oya="3" hai0="88,18,69,98,67,133,42,56,54,91,3,59,118" hai1="31,135,108,22,84,86,117,45,96,55,40,49,79" hai2="60,15,112,102,11,44,105,64,113,57,73,28,30" hai3="23,29,12,80,32,115,4,63,101,2,20,129,121"/><W1/><G101/><T87/><D118/><U7/><E108/><V128/><F128/><W81/><G63/><T103/><D3/><N who="3" m="1033" /><G80/><T13/><D42/><U130/><E135/><V48/><F73/><W70/><G81/><T6/><D6/><U8/><E130/><V97/><F112/><W93/><G93/><T25/><D25/><N who="1" m="16823" /><E117/><V122/><F122/><W74/><G70/><T47/><D69/><U43/><E96/><V72/><F72/><W104/><G104/><T123/><D123/><U125/><E125/><V19/><REACH who="2" step="1"/><F113/><REACH who="2" ten="325,217,217,231" step="2"/><W114/><G74/><T5/><D133/><U131/><E131/><V126/><F126/><W34/><G121/><T35/><D103/><U111/><E111/><V100/><F100/><W99/><G129/><T90/><D98/><U50/><E79/><V78/><F78/><W16/><G99/><T95/><D91/><U82/><E86/><V21/><F21/><W27/><G4/><T33/><D5/><U53/><E84/><V71/><F71/><W14/><G34/><T41/><D90/><U76/><E76/><V65/><F65/><W36/><G36/><T62/><D35/><U17/><E7/><V0/><F0/><W75/><G75/><T92/><D33/><U58/><E82/><V9/><F9/><W77/><G77/><T37/><D87/><U61/><E49/><V85/><F85/><W38/><G38/><T124/><D88/><U66/><E66/><V51/><F51/><W24/><G23/><N who="0" m="11727" /><D124/><U116/><E116/><V83/><F83/><W109/><G109/><T10/><D10/><U39/><E39/><RYUUKYOKU ba="0,1" sc="325,0,217,0,217,0,231,0" hai0="37,41,47,54,56,59,62,67,92,95" hai1="8,17,40,43,45,50,53,55,58,61" hai2="11,15,19,28,30,44,48,57,60,64,97,102,105" hai3="12,14,16,20,24,27,29,32,114,115" /><INIT seed="3,1,1,0,2,46" ten="325,217,217,231" oya="3" hai0="99,11,32,6,103,61,47,52,79,74,17,129,132" hai1="86,120,91,71,115,3,81,5,2,108,70,16,28" hai2="84,0,53,15,35,77,98,101,24,42,126,29,56" hai3="23,55,25,50,135,57,69,73,109,19,67,36,51"/><W89/><G73/><T107/><D32/><U59/><E120/><V60/><F0/><W8/><G135/><T78/><D132/><U18/><E115/><V117/><F126/><W41/><G109/><T58/><D129/><U26/><E108/><V45/><F117/><W44/><G89/><T121/><D121/><U33/><E3/><V83/><F15/><W27/><G8/><T39/><D74/><U93/><E5/><V124/><F124/><W95/><G95/><T118/><D17/><U94/><E2/><V21/><F35/><W9/><G9/><T102/><D102/><U66/><E94/><V116/><F116/><W10/><G10/><T114/><D114/><U80/><E93/><V40/><REACH who="2" step="1"/><F45/><REACH who="2" ten="325,217,207,231" step="2"/><W7/><G7/><T14/><D118/><U75/><E71/><V4/><F4/><W122/><G122/><T1/><D1/><U20/><E70/><V38/><F38/><W88/><G36/><T113/><D113/><U30/><E33/><V128/><F128/><W119/><G119/><T127/><D127/><U130/><E130/><V123/><F123/><W104/><G69/><T76/><D39/><U125/><E125/><V54/><F54/><W13/><G67/><T87/><REACH who="0" step="1"/><D47/><REACH who="0" ten="315,217,207,231" step="2"/><U68/><E68/><V82/><F82/><AGARI ba="1,3" hai="6,11,14,52,58,61,76,78,79,82,87,99,103,107" machi="82" ten="40,5200,0" yaku="1,1,2,1,54,1,53,0" doraHai="46" doraHaiUra="105" who="0" fromWho="2" sc="315,85,217,0,207,-55,231,0" /><INIT seed="4,0,0,4,4,113" ten="400,217,152,231" oya="0" hai0="99,71,39,97,12,82,40,92,32,75,110,46,112" hai1="23,50,47,81,2,125,109,60,13,62,96,51,9" hai2="105,56,95,131,48,76,1,127,122,84,77,43,33" hai3="22,52,25,89,86,133,5,18,11,54,10,111,94"/><T4/><D32/><U61/><E109/><V126/><F1/><W38/><G111/><T74/><D110/><U116/><E125/><N who="2" m="47627" /><F33/><W44/><G133/><T19/><D71/><U63/><E116/><V27/><F27/><W67/><G67/><T72/><D4/><U58/><E2/><V20/><F20/><W117/><G117/><T0/><D0/><U124/><E124/><V132/><F43/><W24/><G24/><T134/><D112/><U114/><E114/><V6/><F56/><W129/><G129/><T37/><D134/><U107/><E23/><V7/><F48/><W14/><G38/><T3/><D3/><U55/><E81/><V85/><F132/><W16/><G44/><T93/><D82/><U21/><E21/><V53/><F53/><N who="3" m="20587" /><G11/><T120/><D39/><U68/><E68/><V121/><F105/><W78/><G78/><N who="2" m="30313" /><F131/><W17/><AGARI ba="0,0" hai="5,10,14,16,17,18,22,25,86,89,94" m="20587" machi="17" ten="30,4000,0" yaku="8,1,54,2" doraHai="113" who="3" fromWho="3" sc="400,-20,217,-10,152,-10,231,40" /><INIT seed="5,0,0,2,1,32" ten="380,207,142,271" oya="1" hai0="0,29,35,89,81,96,128,71,130,119,40,120,126" hai1="122,134,10,9,18,114,28,53,8,66,36,33,46" hai2="15,43,88,14,73,68,112,118,93,108,58,116,45" hai3="69,125,13,102,26,65,77,4,1,3,5,135,37"/><U92/><E122/><V11/><F68/><W82/><G37/><T6/><D119/><U110/><E114/><V85/><F108/><W72/><G102/><T115/><D71/><U22/><E134/><V106/><F106/><W121/><G13/><T34/><D126/><U7/><E110/><V87/><F73/><W97/><G97/><T99/><D40/><U123/><E123/><V56/><F112/><W52/><G26/><T113/><D120/><U90/><E66/><V16/><F116/><W17/><G17/><T30/><D81/><U79/><E79/><V41/><F118/><W61/><G121/><T84/><D84/><U109/><E109/><V47/><F93/><W38/><G135/><T27/><D89/><U103/><E103/><V95/><F87/><W44/><G125/><T101/><D101/><U23/><E36/><V50/><F15/><W83/><G83/><T107/><D27/><N who="1" m="16503" /><E33/><V64/><F64/><W80/><G80/><T131/><D131/><U48/><E7/><V39/><AGARI ba="0,0" hai="11,14,16,39,41,43,45,47,50,56,58,85,88,95" machi="39" ten="20,5200,0" yaku="0,1,7,1,54,2" doraHai="32" who="2" fromWho="2" sc="380,-13,207,-26,142,52,271,-13" /><INIT seed="6,0,0,1,2,102" ten="367,181,194,258" oya="2" hai0="106,72,114,125,107,135,133,108,24,94,57,11,25" hai1="40,105,29,116,54,70,34,23,20,122,69,49,2" hai2="52,92,21,124,9,131,71,18,50,47,109,64,95" hai3="88,112,45,67,110,98,84,117,130,43,55,36,119"/><V42/><F124/><W33/><G110/><T22/><D108/><U46/><E116/><V39/><F109/><W30/><G130/><T134/><D125/><U129/><E129/><V104/><F131/><W123/><G123/><T3/><D114/><U90/><E2/><V100/><F9/><W132/><G67/><T19/><D72/><U89/><E122/><V44/><F71/><W26/><G132/><T126/><D126/><U103/><E70/><V121/><F64/><W113/><G98/><T115/><D115/><N who="3" m="44105" /><G55/><T120/><D120/><U99/><E69/><V118/><F118/><W51/><G36/><T4/><D94/><AGARI ba="0,0" hai="26,30,33,43,45,51,84,88,94,117,119" m="44105" machi="94" ten="30,3900,0" yaku="15,1,11,1,54,1" doraHai="102" who="3" fromWho="0" sc="367,-39,181,0,194,0,258,39" /><INIT seed="7,0,0,2,3,74" ten="328,181,194,297" oya="3" hai0="78,100,126,68,112,90,55,46,2,82,30,66,94" hai1="133,79,61,53,20,99,41,3,58,103,44,124,57" hai2="11,132,34,73,12,91,111,122,113,10,39,21,15" hai3="93,29,0,27,70,49,107,76,52,83,64,32,75"/><W115/><G107/><T92/><D2/><U38/><E124/><V80/><F34/><W128/><G0/><T125/><D112/><U87/><E133/><V71/><F111/><W63/><G115/><T119/><D119/><U118/><E118/><V31/><F113/><W8/><G8/><T129/><D129/><U98/><E3/><V28/><F71/><W62/><G128/><T5/><D5/><U9/><E9/><N who="2" m="3083" /><F73/><W120/><G120/><T17/><D30/><N who="2" m="11306" /><F39/><W7/><G7/><T59/><D17/><U26/><E58/><V108/><F108/><W45/><G63/><T101/><D46/><U43/><E43/><V105/><F105/><W102/><G93/><N who="0" m="35947" /><D90/><U23/><E103/><V65/><F132/><W131/><REACH who="3" step="1"/><G131/><REACH who="3" ten="328,181,194,287" step="2"/><T1/><D1/><U86/><E86/><V40/><F122/><W22/><G22/><T77/><D126/><U24/><E20/><V35/><F35/><W110/><G110/><T81/><D125/><U60/><E60/><V130/><F130/><W42/><G42/><T117/><D117/><U123/><E123/><V33/><F33/><W18/><G18/><T54/><D68/><U19/><REACH who="1" step="1"/><E26/><REACH who="1" ten="328,171,194,287" step="2"/><V95/><F40/><W14/><G14/><T25/><D25/><U84/><E84/><V116/><F116/><W51/><G51/><T47/><D55/><U127/><E127/><V56/><F21/><W89/><G89/><T16/><D54/><U106/><E106/><V67/><F12/><W6/><G6/><T88/><D88/><U48/><E48/><V109/><F15/><W72/><G72/><T121/><D121/><RYUUKYOKU ba="0,2" sc="328,-15,171,15,194,-15,287,15" hai1="19,23,24,38,41,44,53,57,61,79,87,98,99" hai3="27,29,32,45,49,52,62,64,70,75,76,83,102" /><INIT seed="7,1,2,0,1,25" ten="313,186,179,302" oya="3" hai0="111,46,30,50,38,64,1,108,58,87,39,26,83" hai1="126,133,85,80,105,21,94,123,3,37,91,84,124" hai2="103,95,90,34,55,112,98,74,100,36,27,125,96" hai3="81,131,45,92,82,62,66,70,15,9,35,119,43"/><W67/><G119/><T89/><D1/><U122/><E3/><V63/><F112/><W16/><G35/><T42/><D64/><U23/><E37/><V73/><F125/><N who="1" m="48233" /><E105/><V56/><F36/><W65/><G65/><T102/><D102/><U107/><E107/><V116/><F116/><W113/><G113/><T128/><D128/><U14/><E133/><V53/><F55/><W77/><G131/><T121/><D121/><N who="1" m="46091" /><E14/><V129/><F129/><W5/><G67/><T86/><D39/><U76/><AGARI ba="1,2" hai="21,23,76,80,84,85,91,94" m="46091,48233" machi="76" ten="30,1100,0" yaku="18,1" doraHai="25" who="1" fromWho="1" sc="313,-4,186,34,179,-4,302,-6" owari="309,40.9,220,-18.0,175,-32.5,296,9.6" /></mjloggm>