<mjloggm ver="2.3"><GO type="169" lobby="0"/><UN n0="%E4%BA%8C%E9%9A%8E%E5%A0%82%E7%9C%9F%E7%B4%85%E3%81%A1%E3%82%83%E3%82%93" n1="%E2%91%A3%E3%82%BB%E3%83%B3%E3%83%81" n2="%53%6F%6C%69%64" n3="%E3%83%96%E3%83%BC%E3%83%93%E3%83%BC" dan="16,18,17,16" rate="2128.77,2249.01,2168.99,2215.75" sx="M,M,M,M"/><TAIKYOKU oya="0"/><INIT seed="0,0,0,0,4,111" ten="250,250,250,250" oya="0" hai0="95,79,36,117,2,133,48,59,57,75,86,121,70" hai1="104,94,128,135,109,1,83,120,101,71,116,15,91" hai2="96,118,46,93,89,97,28,77,105,81,53,42,9" hai3="123,22,54,87,130,65,8,56,114,20,0,68,63"/><T78/><D70/><U17/><E1/><V49/><F118/><W43/><G123/><T4/><D36/><U25/><E71/><V24/><F9/><W125/><G43/><T122/><D117/><U33/><E33/><V76/><F42/><W13/><G0/><T55/><D133/><U52/><E25/><V58/><F46/><W6/><G130/><T126/><D126/><U30/><E30/><V100/><REACH who="2" step="1"/><F81/><REACH who="2" ten="250,250,240,250" step="2"/><W129/><G129/><T85/><D122/><U69/><E83/><V67/><F67/><W80/><G125/><T106/><D121/><U40/><E116/><V3/><F3/><W92/><G80/><T110/><D2/><U23/><E40/><V37/><F37/><W74/><G65/><T115/><D110/><U45/><E45/><V99/><F99/><W62/><G8/><T11/><D11/><U50/><E128/><V39/><F39/><W14/><G6/><T112/><D4/><U131/><E131/><V12/><F12/><W29/><G13/><T47/><D47/><U113/><E15/><V27/><F27/><W35/><G14/><T38/><D38/><U134/><E109/><V124/><F124/><W132/><G132/><T119/><D119/><U31/><E120/><V34/><AGARI ba="0,1" hai="24,28,34,49,53,58,76,77,89,93,96,97,100,105" machi="34" ten="20,2700,0" yaku="1,1,0,1,7,1,53,0" doraHai="111" doraHaiUra="64" who="2" fromWho="2" sc="250,-13,250,-7,240,37,250,-7" /><INIT seed="1,0,0,0,3,2" ten="237,243,277,243" oya="1" hai0="88,53,110,58,99,32,102,3,130,14,79,12,69" hai1="86,73,96,93,19,18,114,80,1,105,87,127,119" hai2="44,24,0,91,131,107,31,51,21,59,129,74,106" hai3="116,42,71,122,55,97,121,47,104,15,6,126,77"/><U103/><E114/><V13/><F0/><W113/><G71/><T85/><D69/><U29/><E119/><V84/><F74/><W25/><G113/><T38/><D32/><U76/><E127/><V9/><F59/><W134/><G126/><T135/><D110/><U28/><E1/><V132/><F132/><W37/><G134/><T41/><D79/><U22/><E87/><V108/><F108/><W117/><G77/><T34/><D34/><U120/><E120/><V109/><F109/><W60/><G25/><T100/><D130/><N who="2" m="49674" /><F84/><W54/><G122/><T39/><D3/><U30/><REACH who="1" step="1"/><E22/><REACH who="1" ten="237,233,277,243" step="2"/><V56/><F21/><W83/><G121/><T81/><D135/><U89/><AGARI ba="0,1" hai="18,19,28,29,30,73,76,80,86,89,93,96,103,105" machi="89" ten="30,12000,1" yaku="1,1,2,1,0,1,24,2,53,0" doraHai="2" doraHaiUra="57" who="1" fromWho="1" sc="237,-40,233,130,277,-40,243,-40" /><INIT seed="1,1,0,3,0,25" ten="197,363,237,203" oya="1" hai0="71,40,16,101,70,45,72,55,104,17,34,58,133" hai1="26,105,86,43,37,128,109,39,135,6,29,116,87" hai2="67,112,62,129,79,12,96,24,115,61,90,80,111" hai3="75,91,123,42,19,83,53,106,134,32,64,107,127"/><U7/><E105/><V35/><F111/><W118/><G123/><T60/><D72/><U98/><E116/><V8/><F129/><W92/><G32/><T131/><D133/><U132/><E98/><V94/><F35/><W33/><G33/><T31/><D131/><U81/><E128/><V15/><F24/><W120/><G120/><T11/><D31/><U130/><E130/><V3/><F3/><W50/><G64/><T108/><D34/><U99/><E99/><V22/><F22/><W121/><G121/><T119/><D119/><U56/><E56/><V110/><F110/><W21/><G42/><T0/><D101/><U63/><E63/><V84/><F62/><W68/><G68/><T57/><D104/><U82/><E26/><V113/><REACH who="2" step="1"/><F8/><REACH who="2" ten="197,363,227,203" step="2"/><W103/><G21/><T97/><D11/><U59/><E109/><V85/><F85/><W10/><G10/><T48/><D0/><U46/><E87/><V124/><F124/><W52/><G127/><T122/><D108/><U9/><E86/><V95/><F95/><W65/><G92/><T100/><D122/><U126/><E126/><V51/><F51/><W66/><G50/><T14/><D97/><U4/><E9/><V18/><F18/><W20/><G19/><T93/><D17/><U102/><E39/><V30/><F30/><W114/><G20/><T2/><D2/><U5/><E29/><V36/><F36/><W88/><G118/><T89/><D16/><U125/><E125/><V41/><F41/><W44/><G107/><T49/><D60/><U1/><N who="1" m="1024" /><DORA hai="47" /><U76/><E1/><RYUUKYOKU ba="1,1" sc="197,-10,363,-10,227,30,203,-10" hai2="12,15,61,67,79,80,84,90,94,96,112,113,115" /><INIT seed="2,2,1,0,2,35" ten="187,353,257,193" oya="2" hai0="22,44,58,109,124,108,64,32,60,113,34,48,31" hai1="1,20,128,59,93,18,41,126,16,90,83,9,95" hai2="21,131,36,67,106,25,57,104,133,50,107,10,68" hai3="77,46,121,29,132,115,12,74,49,105,14,91,6"/><V62/><F36/><W51/><G105/><T65/><D113/><U125/><E41/><V117/><F117/><W52/><G121/><T72/><D72/><U123/><E123/><V15/><F131/><W130/><G115/><T129/><D129/><U122/><E122/><V5/><F133/><W28/><G132/><T102/><D102/><U4/><E128/><V55/><REACH who="2" step="1"/><F104/><REACH who="2" ten="187,353,247,193" step="2"/><W19/><G130/><T100/><D109/><U7/><E126/><V66/><F66/><W85/><G74/><T37/><D65/><U84/><E125/><V73/><F73/><W111/><G111/><T92/><D37/><U53/><E7/><V134/><F134/><W112/><G112/><T88/><D124/><U45/><E45/><V87/><F87/><W13/><G6/><T97/><D108/><U103/><E103/><V79/><F79/><W56/><G77/><T80/><D100/><U2/><E2/><V110/><F110/><W33/><G33/><T94/><D64/><U70/><E70/><V69/><F69/><W40/><REACH who="3" step="1"/><G19/><AGARI ba="2,2" hai="5,10,15,19,21,25,50,55,57,62,67,68,106,107" machi="19" ten="30,2900,0" yaku="1,1,7,1,53,0" doraHai="35" doraHaiUra="24" who="2" fromWho="3" sc="187,0,353,0,247,55,193,-35" /><INIT seed="2,3,0,3,4,133" ten="187,353,302,158" oya="2" hai0="73,34,87,106,128,38,109,42,16,48,20,26,32" hai1="13,12,71,29,62,64,31,14,17,107,104,81,5" hai2="39,50,53,82,115,59,126,21,57,65,46,23,93" hai3="70,123,54,114,129,66,103,72,121,95,52,132,44"/><V41/><F115/><W131/><G114/><T108/><D73/><U1/><E17/><V77/><F93/><W118/><G72/><T99/><D38/><U116/><E116/><V135/><F135/><W37/><G103/><N who="0" m="62847" /><D87/><U100/><E5/><V63/><REACH who="2" step="1"/><F126/><REACH who="2" ten="187,353,292,158" step="2"/><W55/><G95/><T110/><D128/><N who="3" m="49225" /><G132/><T4/><D4/><U122/><E107/><V27/><F27/><W10/><G118/><T101/><D101/><U83/><E100/><V61/><F61/><N who="3" m="40271" /><G10/><T25/><D25/><U79/><E62/><V45/><F45/><AGARI ba="3,1" hai="16,20,26,32,34,42,45,48,108,109,110" m="62847" machi="45" ten="30,2000,0" yaku="14,1,54,1" doraHai="133" who="0" fromWho="2" sc="187,39,353,0,292,-29,158,0" /><INIT seed="3,0,0,1,4,56" ten="226,353,263,158" oya="3" hai0="64,100,130,18,48,127,51,121,104,29,101,131,42" hai1="25,52,26,46,118,102,98,84,39,133,53,68,128" hai2="21,91,96,111,59,3,90,36,94,71,32,45,116" hai3="106,76,60,8,9,57,82,70,16,87,117,63,105"/><W74/><G117/><T43/><D29/><U108/><E68/><V75/><F32/><W115/><G115/><T14/><D121/><U11/><E118/><V31/><F71/><W79/><G70/><T27/><D27/><U22/><E108/><V114/><F114/><W113/><G113/><T88/><D64/><U24/><E128/><V55/><F116/><W124/><G124/><T110/><D110/><U50/><E39/><V72/><F3/><W99/><G74/><T120/><D120/><U17/><E133/><V58/><F111/><W83/><G99/><T6/><D6/><U89/><E53/><V65/><F90/><W123/><G123/><T41/><D127/><U93/><REACH who="1" step="1"/><E11/><REACH who="1" ten="226,343,263,158" step="2"/><V37/><F37/><W12/><G9/><T134/><D134/><U69/><E69/><V86/><F36/><W78/><G63/><T0/><D131/><U81/><AGARI ba="0,1" hai="17,22,24,25,26,46,50,52,81,84,89,93,98,102" machi="81" ten="20,12000,2" yaku="1,1,0,1,7,1,8,1,54,1,53,1" doraHai="56" doraHaiUra="95" who="1" fromWho="1" sc="226,-30,343,130,263,-30,158,-60" /><INIT seed="4,0,0,3,2,52" ten="196,473,233,98" oya="0" hai0="53,45,124,121,94,71,7,79,59,131,56,88,125" hai1="80,102,127,50,86,3,44,46,97,16,115,135,51" hai2="64,31,24,99,38,33,126,18,89,129,27,66,4" hai3="120,6,75,12,54,0,5,98,13,61,26,40,128"/><T70/><D79/><U92/><E3/><V36/><F126/><N who="0" m="48746" /><D121/><U82/><E127/><V23/><F129/><W81/><G0/><T32/><D32/><U123/><E123/><V68/><F4/><W107/><G40/><T65/><D7/><U118/><E118/><V73/><F73/><W42/><G42/><T100/><D100/><U41/><E135/><V117/><F117/><W83/><G128/><T110/><D110/><U95/><E115/><V49/><F49/><BYE who="2" /><W72/><G107/><T133/><D133/><U108/><E108/><V130/><F130/><W105/><G105/><T111/><D111/><U63/><E63/><V11/><F11/><W39/><G120/><T22/><D22/><U90/><E16/><V91/><F91/><W10/><G5/><UN n2="%53%6F%6C%69%64" /><T35/><D35/><U19/><E19/><V43/><F43/><AGARI ba="0,0" hai="41,43,44,46,50,51,80,82,86,90,92,95,97,102" machi="43" ten="30,3900,0" yaku="7,1,9,1,8,1" doraHai="52" who="1" fromWho="2" sc="196,0,473,39,233,-39,98,0" /><INIT seed="5,0,0,1,2,85" ten="196,512,194,98" oya="1" hai0="18,64,106,8,70,91,77,24,3,27,126,52,23" hai1="26,94,120,107,90,122,2,112,114,119,59,118,134" hai2="97,100,83,87,44,9,98,62,58,131,42,7,36" hai3="34,129,75,54,68,104,50,108,25,20,95,116,102"/><U80/><E2/><V117/><F117/><N who="1" m="44553" /><E59/><V33/><F33/><W5/><G68/><T88/><D106/><U109/><E26/><V38/><F131/><W99/><G108/><T4/><D126/><U22/><E22/><V57/><F38/><W132/><G129/><T53/><D77/><U56/><E56/><V35/><F35/><W115/><G75/><T37/><D37/><U67/><E67/><V89/><F62/><W19/><G132/><T51/><D53/><U32/><E32/><V31/><F31/><W43/><G43/><T92/><D92/><U40/><E40/><V84/><F84/><W66/><G66/><T41/><D41/><U82/><E107/><V11/><F11/><W39/><G115/><N who="1" m="44074" /><E134/><V69/><F69/><W21/><G34/><T113/><D27/><U130/><E109/><V28/><F28/><W125/><G39/><T135/><D135/><U101/><E101/><V78/><F9/><W14/><G104/><T60/><D113/><U48/><E48/><V96/><F7/><W86/><G5/><T46/><AGARI ba="0,0" hai="3,4,8,18,23,24,46,51,52,60,64,70,88,91" machi="46" ten="20,12000,2" yaku="0,1,7,1,52,2,54,2" doraHai="85" who="0" fromWho="0" sc="196,120,512,-60,194,-30,98,-30" /><INIT seed="6,0,0,2,4,108" ten="316,452,164,68" oya="2" hai0="57,52,15,32,49,54,29,8,98,66,19,34,36" hai1="60,28,84,24,43,30,70,118,87,18,33,0,89" hai2="77,133,107,38,31,10,99,95,45,51,131,44,96" hai3="20,5,17,123,86,65,23,3,81,35,94,121,125"/><V12/><F131/><W117/><G35/><T100/><D36/><U106/><E118/><V11/><F133/><W80/><G117/><T109/><D109/><U68/><E0/><V27/><F107/><W59/><G125/><T58/><D66/><U7/><E7/><V48/><F38/><W42/><G42/><T120/><D120/><U9/><E43/><V62/><F77/><W25/><G3/><T115/><D115/><U93/><E106/><V78/><F78/><W91/><G5/><T110/><D29/><U130/><E30/><V1/><F1/><W41/><G41/><T85/><D85/><U26/><E130/><V116/><F62/><W75/><G75/><T79/><D79/><U103/><E103/><V69/><F69/><W56/><G123/><T114/><D114/><U132/><E87/><V16/><F11/><W129/><G121/><T47/><D47/><U101/><E101/><V53/><F95/><W63/><G129/><T124/><D124/><U14/><E26/><V92/><F92/><W73/><G73/><T111/><D111/><U119/><E132/><V134/><F134/><W127/><G127/><T82/><D82/><U128/><E128/><V104/><F104/><W6/><G6/><T88/><D110/><U4/><E119/><V102/><F102/><W76/><G76/><T105/><D88/><U122/><E122/><V67/><F67/><N who="3" m="39399" /><G23/><T135/><D135/><U71/><E4/><V83/><F116/><W2/><G2/><T126/><REACH who="0" step="1"/><D126/><REACH who="0" ten="306,452,164,68" step="2"/><U50/><E89/><V39/><F39/><W55/><G65/><T40/><D40/><RYUUKYOKU ba="0,1" sc="306,15,452,-15,164,-15,68,15" hai0="8,15,19,32,34,49,52,54,57,58,98,100,105" hai3="17,20,25,55,59,80,81,86,91,94" /><INIT seed="7,1,1,1,0,109" ten="321,437,149,83" oya="3" hai0="15,21,0,31,87,20,96,134,74,89,35,26,118" hai1="116,132,14,120,101,123,53,30,104,9,88,125,45" hai2="10,17,8,44,58,71,49,122,85,75,98,36,111" hai3="83,25,92,24,32,69,97,100,68,94,3,42,34"/><W39/><G3/><T124/><D118/><U107/><E101/><V112/><F75/><W41/><G83/><T38/><D74/><U127/><E30/><V18/><F111/><W1/><G1/><T47/><D0/><U72/><E72/><V11/><F71/><W7/><G7/><T78/><D78/><U131/><E132/><V43/><F112/><W130/><G130/><T59/><D96/><U61/><E88/><V2/><F2/><W80/><G80/><T5/><D59/><N who="1" m="35055" /><E45/><V84/><F122/><N who="1" m="46633" /><E116/><V54/><F98/><W4/><G4/><T57/><D15/><U33/><E33/><V108/><F108/><W119/><G119/><T90/><D21/><U60/><E60/><N who="2" m="35927" /><F36/><W129/><G129/><T19/><D124/><N who="1" m="47691" /><E131/><V55/><F43/><W13/><G97/><T40/><D57/><U95/><E95/><V128/><F128/><W27/><G100/><T114/><D5/><AGARI ba="1,1" hai="5,9,14,104,107" m="47691,46633,35055" machi="5" ten="30,1000,0" yaku="18,1" doraHai="109" who="1" fromWho="0" sc="321,-13,437,23,149,0,83,0" owari="308,10.8,460,56.0,149,-25.1,83,-41.7" /></mjloggm>