<mjloggm ver="2.3"><GO type="169" lobby="0"/><UN n0="%E8%B4%88%E4%BA%BA%E8%A9%A9%E6%96%BC%E5%A4%A2" n1="%E6%89%8B%E6%8A%BC%E3%81%97%E8%BB%8A" n2="%E3%83%AB%E3%82%AB%E3%83%AB%E3%83%88" n3="%E3%81%97%E3%82%82%E3%82%93%E3%81%AC" dan="17,16,16,17" rate="2198.31,2072.68,2183.15,2186.91" sx="M,M,M,M"/><TAIKYOKU oya="0"/><INIT seed="0,0,0,3,5,126" ten="250,250,250,250" oya="0" hai0="32,106,10,6,57,26,20,122,49,44,8,130,98" hai1="85,18,21,68,82,115,39,67,75,94,107,121,91" hai2="74,100,63,35,58,51,124,46,114,93,86,111,7" hai3="45,34,17,48,5,29,30,87,89,16,15,55,77"/><T53/><D122/><U97/><E39/><V123/><F123/><W56/><G77/><T133/><D32/><U66/><E121/><V23/><F35/><W0/><G0/><T132/><D130/><U117/><E117/><V37/><F74/><W33/><G33/><T22/><D10/><U110/><E115/><V2/><F37/><W72/><G72/><T31/><D22/><U108/><E68/><V62/><F111/><N who="1" m="42537" /><E107/><V131/><F124/><W71/><G71/><T105/><D44/><U25/><E75/><V120/><F114/><W96/><G96/><T50/><D50/><U113/><E113/><V129/><F120/><W134/><G134/><N who="0" m="51819" /><D98/><U79/><AGARI ba="0,0" hai="18,21,25,66,67,79,82,85,91,94,97" m="42537" machi="79" ten="30,1100,0" yaku="14,1" doraHai="126" who="1" fromWho="1" sc="250,-5,250,11,250,-3,250,-3" /><INIT seed="1,0,0,4,4,3" ten="245,261,247,247" oya="1" hai0="20,117,37,60,42,87,49,101,128,61,0,32,71" hai1="74,22,17,55,48,23,26,76,53,107,130,62,106" hai2="40,134,77,35,52,18,133,89,12,109,21,28,16" hai3="43,57,6,10,111,80,27,36,72,86,4,13,102"/><U14/><E130/><V100/><F109/><W81/><G111/><T66/><D32/><U8/><E23/><V112/><F112/><W132/><G132/><N who="2" m="50793" /><F40/><W90/><G102/><T67/><D0/><U135/><E135/><V126/><F126/><W129/><G129/><T51/><D101/><U127/><E127/><V123/><F77/><W65/><G36/><T121/><D20/><U11/><E11/><N who="2" m="6175" /><F100/><W44/><G72/><T95/><D95/><U30/><E76/><V118/><F89/><W47/><G27/><T29/><D87/><U98/><E74/><V115/><F115/><W91/><G43/><T131/><D29/><U122/><E98/><V33/><F123/><W59/><G86/><T2/><D2/><U7/><E122/><V5/><F118/><W120/><G120/><T113/><D113/><U39/><E39/><V124/><F124/><W19/><G19/><T70/><D117/><U85/><E85/><V82/><F82/><W25/><G25/><T15/><D15/><U84/><E84/><V38/><F28/><W63/><G81/><T9/><D9/><U79/><E79/><V34/><F38/><W125/><G80/><T96/><D96/><U114/><E114/><V41/><F41/><W99/><G125/><T1/><D121/><U45/><E30/><V104/><F104/><W97/><G10/><T78/><D78/><U88/><E88/><V58/><F5/><W31/><G31/><T69/><D1/><U92/><E92/><V54/><F58/><W110/><G57/><T83/><D83/><U46/><E46/><V116/><F116/><RYUUKYOKU ba="0,0" sc="245,-15,261,15,247,15,247,-15" hai1="7,8,14,17,22,26,45,48,53,55,62,106,107" hai2="18,21,33,34,35,52,54" /><INIT seed="1,1,0,4,3,49" ten="230,276,262,232" oya="1" hai0="89,108,59,7,99,73,16,56,84,45,42,85,109" hai1="80,47,9,116,66,43,64,21,37,62,57,70,63" hai2="52,115,96,135,78,130,38,117,129,33,91,126,27" hai3="50,60,20,132,23,120,87,5,98,79,65,53,100"/><U30/><E9/><V14/><F117/><W74/><G132/><T71/><D71/><U35/><E35/><V48/><F38/><W121/><G74/><T26/><D73/><U124/><E80/><V10/><F135/><W28/><G5/><T40/><D7/><U134/><E134/><V125/><F78/><W46/><G87/><T69/><D69/><N who="1" m="42135" /><E21/><V29/><F115/><W102/><G79/><T93/><D84/><U34/><E30/><V0/><F0/><W17/><G28/><T13/><D26/><U39/><E34/><V11/><F91/><W111/><G100/><T92/><D42/><N who="1" m="22991" /><E116/><V127/><F96/><W113/><G113/><T97/><D85/><U118/><E118/><V90/><F90/><W103/><G102/><T3/><D3/><U67/><E124/><V19/><REACH who="2" step="1"/><F10/><REACH who="2" ten="230,276,252,232" step="2"/><W114/><G114/><T32/><D97/><U54/><E70/><V77/><F77/><W101/><G98/><T12/><D99/><U36/><E36/><V76/><F76/><W133/><G101/><T106/><D89/><U44/><AGARI ba="1,1" hai="39,43,44,54,57,63,66,67" m="22991,42135" machi="44" ten="30,18000,2" yaku="35,5,52,1" doraHai="49" who="1" fromWho="1" sc="230,-61,276,193,252,-61,232,-61" /><INIT seed="1,2,0,4,4,82" ten="169,469,191,171" oya="1" hai0="71,120,18,1,101,68,58,128,91,31,119,66,83" hai1="3,62,81,80,118,72,9,125,67,2,22,7,55" hai2="61,94,129,134,84,38,8,5,17,124,102,74,106" hai3="87,131,0,108,44,116,78,56,98,135,27,13,45"/><U86/><E118/><V88/><F38/><W79/><G0/><T69/><D1/><U104/><E104/><V36/><F36/><W20/><G116/><T92/><D119/><U15/><E72/><V54/><F74/><W39/><G108/><T99/><D128/><U113/><E80/><V11/><F129/><W23/><G131/><T76/><D31/><U14/><E55/><V132/><F124/><W53/><G135/><N who="2" m="51753" /><F5/><W110/><G110/><T130/><D120/><U37/><E37/><V43/><F43/><W10/><G98/><T100/><D130/><U4/><E125/><V19/><F102/><W49/><G39/><T63/><REACH who="0" step="1"/><D18/><REACH who="0" ten="159,469,191,171" step="2"/><N who="2" m="6666" /><F106/><W59/><G13/><T121/><D121/><U75/><E3/><V96/><F96/><W34/><G27/><T93/><D93/><U127/><E2/><V70/><F70/><W97/><G97/><T109/><D109/><U111/><E15/><V41/><F41/><W29/><G29/><T40/><D40/><U117/><E111/><V65/><F65/><W122/><G122/><T26/><D26/><U48/><E67/><V77/><F77/><W89/><G78/><T57/><D57/><AGARI ba="2,1" hai="8,11,54,57,61,84,88,94" m="6666,51753" machi="57" ten="30,3900,0" yaku="20,1,52,1,54,1" doraHai="82" who="2" fromWho="0" sc="159,-45,469,0,191,55,171,0" /><INIT seed="2,0,0,4,5,54" ten="114,469,246,171" oya="2" hai0="55,93,23,77,118,8,3,95,111,57,101,27,43" hai1="17,35,96,126,72,10,88,68,36,106,66,125,78" hai2="29,48,38,124,31,0,37,131,58,71,113,87,5" hai3="80,83,51,7,50,28,127,117,99,20,11,18,116"/><V16/><F113/><W82/><G127/><T90/><D111/><U128/><E36/><V100/><F71/><W107/><G28/><T114/><D114/><U21/><E35/><V92/><F124/><W47/><G99/><T79/><D118/><U134/><E10/><V42/><F131/><W135/><G107/><T133/><D133/><U98/><E128/><V46/><F37/><W9/><G50/><T4/><D43/><U6/><E6/><V19/><F0/><W14/><G135/><T85/><D95/><U94/><E134/><V60/><F5/><W121/><G121/><T112/><D101/><U102/><E66/><V15/><F38/><W130/><G9/><T59/><D112/><U120/><E68/><V33/><F33/><W49/><G49/><T56/><REACH who="0" step="1"/><D55/><REACH who="0" ten="104,469,246,171" step="2"/><U1/><E125/><V123/><F123/><W62/><G130/><T45/><D45/><U22/><E126/><V105/><F105/><W84/><G117/><T13/><D13/><U34/><E1/><V104/><F104/><W26/><G116/><T30/><AGARI ba="0,1" hai="3,4,8,23,27,30,56,57,59,77,79,85,90,93" machi="30" ten="30,8000,1" yaku="1,1,0,1,52,3,53,0" doraHai="54" doraHaiUra="97" who="0" fromWho="0" sc="104,90,469,-20,246,-40,171,-20" /><INIT seed="3,0,0,4,4,125" ten="194,449,206,151" oya="3" hai0="30,127,55,101,67,100,120,6,15,80,10,53,40" hai1="41,79,7,82,89,86,17,1,64,33,46,70,129" hai2="4,75,62,0,42,90,98,99,114,57,11,91,104" hai3="22,61,24,20,60,134,16,39,35,63,74,36,93"/><W124/><G124/><T9/><D120/><U130/><E33/><V76/><F114/><W28/><G134/><T126/><D67/><U27/><E27/><V34/><F34/><W107/><G107/><T50/><D30/><U135/><E135/><V52/><F42/><W122/><G122/><T94/><D80/><U109/><E17/><V5/><F5/><W38/><G74/><T73/><D73/><U88/><E109/><V121/><F121/><W45/><G93/><T87/><D40/><U47/><E47/><V103/><F76/><W131/><G131/><N who="1" m="50186" /><E64/><V69/><F75/><W112/><G112/><T128/><D128/><U96/><E70/><V56/><F69/><W110/><G110/><T43/><D126/><U92/><E7/><V97/><F57/><W59/><G45/><T25/><D25/><U51/><E1/><V81/><F81/><W105/><G105/><T118/><D6/><U12/><E12/><V23/><F104/><W32/><REACH who="3" step="1"/><G59/><REACH who="3" ten="194,449,206,141" step="2"/><T132/><D132/><U83/><E83/><V85/><F56/><W31/><G31/><T123/><D123/><U49/><E49/><V78/><F62/><W19/><G19/><T66/><D50/><U95/><E95/><V21/><F4/><W18/><G18/><T37/><D127/><U58/><E58/><V13/><F103/><AGARI ba="0,1" hai="41,46,51,79,82,86,88,89,92,96,103" m="50186" machi="103" ten="30,8000,1" yaku="19,1,52,3,54,1" doraHai="125" who="1" fromWho="2" sc="194,0,449,90,206,-80,141,0" /><INIT seed="4,0,0,2,2,81" ten="194,539,126,141" oya="0" hai0="65,89,131,9,102,68,67,30,95,0,80,31,34" hai1="57,72,23,7,122,133,76,56,125,117,71,90,38" hai2="28,105,13,103,88,50,1,73,87,62,124,47,55" hai3="91,128,109,36,18,17,99,12,52,112,121,8,107"/><T2/><D102/><U127/><E71/><V77/><F1/><W118/><G109/><T42/><D42/><U43/><E122/><V20/><F124/><W11/><G118/><T83/><D34/><U15/><E117/><V94/><F73/><W66/><G121/><T74/><D74/><U70/><E70/><V54/><F77/><W98/><G112/><T126/><D131/><U19/><E72/><V39/><F39/><W14/><G36/><T22/><D68/><U129/><E76/><V58/><F105/><W59/><G128/><T130/><D126/><N who="1" m="48139" /><E129/><V60/><F103/><W29/><G107/><T115/><D115/><U6/><E133/><V46/><F28/><W53/><G29/><T96/><D30/><U114/><E114/><V97/><F97/><W40/><G40/><T110/><D110/><U27/><E7/><V86/><F86/><W48/><G66/><T134/><D134/><U84/><E43/><V69/><F69/><W93/><G53/><T26/><D130/><U16/><E6/><V135/><F135/><W10/><G10/><T32/><D9/><N who="1" m="6255" /><E38/><V111/><F111/><W78/><G78/><T106/><D32/><U116/><E116/><V61/><F55/><W5/><G5/><T21/><D0/><U51/><E51/><V4/><F4/><W92/><REACH who="3" step="1"/><G93/><AGARI ba="0,0" hai="19,23,27,56,57,84,90,93" m="6255,48139" machi="93" ten="30,3900,0" yaku="18,1,52,1,54,1" doraHai="81" who="1" fromWho="3" sc="194,0,539,39,126,0,141,-39" /><INIT seed="5,0,0,1,3,112" ten="194,578,126,102" oya="1" hai0="106,100,51,78,22,96,123,108,16,84,80,135,43" hai1="66,73,64,19,82,20,67,2,31,46,1,129,56" hai2="18,0,132,41,98,48,54,65,8,117,37,88,85" hai3="126,90,57,95,34,17,114,99,92,7,23,25,13"/><U52/><E31/><V115/><F115/><W74/><G114/><T47/><D108/><U86/><E73/><V10/><F132/><W119/><G126/><T49/><D123/><U128/><E46/><V109/><F109/><W105/><G74/><T50/><REACH who="0" step="1"/><D135/><REACH who="0" ten="184,578,126,102" step="2"/><U120/><E120/><V69/><F0/><W133/><G133/><T11/><D11/><U97/><E2/><V60/><F8/><W30/><G105/><T89/><D89/><U63/><E1/><V14/><F98/><W103/><G7/><T35/><D35/><U81/><E97/><V107/><F107/><W4/><G4/><T91/><D91/><U111/><E111/><V45/><F117/><W44/><G44/><T61/><D61/><U116/><E116/><V77/><F77/><W124/><G119/><T75/><D75/><U59/><E59/><V127/><F127/><W102/><G124/><T94/><D94/><U71/><E71/><V68/><F68/><W70/><G70/><T24/><AGARI ba="0,1" hai="16,22,24,43,47,49,50,51,78,80,84,96,100,106" machi="24" ten="20,5200,0" yaku="1,1,0,1,7,1,54,1,53,0" doraHai="112" doraHaiUra="62" who="0" fromWho="0" sc="184,62,578,-26,126,-13,102,-13" /><INIT seed="6,0,0,3,5,72" ten="246,552,113,89" oya="2" hai0="109,84,116,112,21,62,44,107,25,78,16,11,90" hai1="91,118,88,36,132,110,12,101,113,15,80,14,134" hai2="70,39,99,24,37,33,79,127,35,40,92,45,122" hai3="30,28,0,9,60,64,111,73,51,3,1,34,5"/><V8/><F122/><W94/><G111/><T75/><D109/><U77/><E36/><V2/><F70/><W6/><G73/><T31/><D107/><U120/><E120/><V13/><F2/><W57/><G34/><T74/><D112/><U121/><E121/><V124/><F39/><W26/><G26/><T106/><D106/><U54/><E113/><V81/><F24/><W47/><G94/><T66/><D78/><U100/><E118/><V102/><F127/><W115/><G115/><T125/><D44/><U29/><E29/><V59/><F59/><W129/><G129/><T104/><D104/><U58/><E110/><V38/><F38/><W63/><G63/><T69/><D125/><U68/><E68/><V96/><F99/><W71/><G71/><T65/><D65/><U20/><E20/><V87/><REACH who="2" step="1"/><F124/><REACH who="2" ten="246,552,103,89" step="2"/><W23/><G23/><T130/><D130/><U119/><E119/><V17/><AGARI ba="0,1" hai="8,13,17,33,35,37,40,45,79,81,87,92,96,102" machi="17" ten="20,18000,2" yaku="1,1,2,1,0,1,7,1,52,1,53,1" doraHai="72" doraHaiUra="89" who="2" fromWho="2" sc="246,-60,552,-60,103,190,89,-60" /><INIT seed="6,1,0,3,1,62" ten="186,492,293,29" oya="2" hai0="90,34,97,32,30,60,103,59,27,79,87,117,75" hai1="82,3,19,53,109,51,124,33,14,54,119,1,42" hai2="101,41,66,12,107,23,133,6,111,116,63,91,29" hai3="130,102,38,28,57,108,114,73,110,56,69,50,123"/><V96/><F116/><W16/><G73/><T52/><D117/><U86/><E33/><V128/><F133/><W40/><G123/><T47/><D79/><U135/><E135/><V126/><F128/><W112/><G28/><T134/><D75/><U93/><E119/><V37/><F126/><W49/><G102/><T132/><D34/><U115/><E124/><V64/><F111/><W11/><G11/><T20/><D47/><U120/><E120/><V83/><F41/><W31/><G31/><T36/><D36/><U21/><E109/><V18/><F37/><W71/><G16/><T125/><D125/><U89/><E115/><V26/><F6/><W84/><G84/><T61/><D32/><U127/><E127/><V131/><F131/><W94/><G94/><N who="0" m="58807" /><D132/><U129/><E129/><V48/><F48/><W67/><G38/><T43/><D43/><U22/><E22/><V45/><F45/><W121/><G130/><T88/><D134/><U118/><E118/><V74/><F63/><N who="0" m="24138" /><D87/><U78/><E54/><V25/><F91/><W35/><G35/><T7/><D7/><U106/><E106/><V5/><F5/><W10/><G10/><T122/><D122/><U4/><E4/><V13/><F74/><W72/><G72/><T24/><D24/><U113/><E42/><V100/><F100/><W2/><G40/><T15/><D15/><N who="2" m="5706" /><F83/><W55/><G121/><T70/><D70/><U9/><E9/><V39/><F39/><W76/><G76/><T85/><D85/><N who="1" m="48343" /><E113/><V80/><F80/><W77/><G112/><T0/><D0/><U98/><E86/><RYUUKYOKU ba="1,0" sc="186,10,492,10,293,10,29,-30" hai0="20,27,30,52,59,88,90" hai1="1,3,14,19,21,51,53,89,93,98" hai2="18,23,25,26,29,64,66,96,101,107" owari="196,-20.4,502,60.2,303,10.3,-1,-50.1" /></mjloggm>