<mjloggm ver="2.3"><GO type="169" lobby="0"/><UN n0="%69%6B%61%6D%6F%66%75%40" n1="%E3%82%BF%E3%83%9E%E3%83%8D%E3%82%AE" n2="%E3%83%94%E3%83%B3%E3%82%B5%E3%83%AD%E5%BA%97%E5%93%A1" n3="%E4%B8%83%E8%8D%89%E9%A6%99%E6%BE%84" dan="17,18,17,16" rate="2210.80,2238.25,2260.24,2174.40" sx="M,M,M,F"/><TAIKYOKU oya="0"/><INIT seed="0,0,0,4,1,48" ten="250,250,250,250" oya="0" hai0="134,53,76,14,28,86,88,100,105,39,123,78,62" hai1="47,111,94,13,3,96,30,23,45,74,2,121,49" hai2="115,127,55,122,72,56,90,4,38,52,60,7,43" hai3="107,29,40,93,0,118,110,67,116,132,71,6,135"/><T37/><D123/><U34/><E121/><V54/><F115/><W112/><G107/><T25/><D134/><N who="3" m="51241" /><G93/><T35/><D14/><U10/><E74/><V131/><F122/><W58/><G29/><T79/><D100/><U24/><E111/><V89/><F72/><W81/><G81/><T92/><REACH who="0" step="1"/><D105/><REACH who="0" ten="240,250,250,250" step="2"/><U33/><E2/><V109/><F109/><W22/><G110/><T69/><D69/><U42/><E3/><V46/><F131/><W70/><G70/><T130/><D130/><U80/><E13/><V82/><F127/><W57/><G71/><T50/><D50/><U106/><E106/><V11/><F11/><W102/><G102/><T44/><D44/><U95/><E10/><V98/><F98/><W51/><G0/><T17/><D17/><U117/><E47/><V8/><F8/><W101/><G101/><T31/><D31/><U59/><E30/><V91/><REACH who="2" step="1"/><F82/><REACH who="2" ten="240,250,240,250" step="2"/><W83/><G83/><T87/><D87/><U113/><E80/><V63/><F63/><W73/><G73/><T104/><D104/><U68/><E96/><V128/><F128/><W27/><G112/><T41/><D41/><U32/><E42/><V114/><F114/><W125/><G40/><T97/><D97/><U75/><E113/><V18/><F18/><W133/><G133/><T16/><D16/><U19/><E19/><V1/><F1/><W85/><G85/><T126/><D126/><U61/><E75/><V9/><F9/><W119/><G125/><T15/><D15/><U124/><E124/><V36/><F36/><W120/><G120/><T20/><D20/><RYUUKYOKU ba="0,2" sc="240,15,250,-15,240,15,250,-15" hai0="25,28,35,37,39,53,62,76,78,79,86,88,92" hai2="4,7,38,43,46,52,54,55,56,60,89,90,91" /><INIT seed="0,1,2,4,0,43" ten="255,235,255,235" oya="0" hai0="107,101,72,95,50,85,42,124,39,86,74,98,18" hai1="44,71,134,25,7,56,12,70,131,66,128,17,11" hai2="34,64,23,38,89,19,51,135,52,109,87,118,65" hai3="79,88,1,92,97,54,68,69,8,110,27,3,127"/><T57/><D39/><U78/><E134/><V73/><F73/><N who="0" m="28266" /><D57/><U29/><E78/><V16/><F34/><W76/><G110/><T30/><D50/><U115/><E115/><V35/><F35/><W63/><G127/><T133/><D18/><U90/><E90/><V20/><F38/><W26/><G54/><T22/><D42/><U10/><E44/><N who="2" m="27751" /><F109/><W28/><G26/><T14/><D14/><N who="1" m="7383" /><E56/><V104/><F104/><W21/><G69/><T84/><D22/><N who="2" m="8234" /><F118/><W53/><G53/><T81/><D30/><U112/><E66/><N who="2" m="25707" /><F135/><W129/><G68/><T96/><D133/><U13/><E112/><V125/><F125/><W119/><G119/><T48/><D48/><U0/><E70/><V103/><F103/><W45/><G1/><T58/><D58/><U75/><E75/><V9/><F9/><W111/><G111/><T32/><D32/><N who="1" m="20527" /><E71/><V122/><F122/><W6/><G3/><T126/><D81/><AGARI ba="1,2" hai="16,19,81,87,89" m="25707,8234,27751" machi="81" ten="30,7700,0" yaku="8,1,52,1,54,2" doraHai="43" who="2" fromWho="0" sc="255,-80,235,0,255,100,235,0" /><INIT seed="1,0,0,5,2,114" ten="175,235,355,235" oya="1" hai0="38,101,42,87,100,132,25,8,9,21,34,27,118" hai1="129,2,97,88,134,124,33,86,103,24,58,30,52" hai2="67,123,108,49,75,70,64,116,104,35,77,3,109" hai3="36,47,72,20,94,65,51,59,50,102,44,55,11"/><U128/><E124/><V120/><F3/><W1/><G72/><T12/><D132/><U19/><E134/><V117/><F35/><W85/><G36/><T107/><D38/><U78/><E78/><V45/><F104/><W17/><G65/><N who="2" m="25161" /><F77/><W93/><G93/><T14/><D42/><U71/><E2/><V18/><F18/><W115/><G115/><T89/><D34/><U56/><E71/><V96/><F96/><W81/><G51/><T80/><D107/><U40/><E40/><N who="2" m="24743" /><F75/><W79/><G11/><T135/><D135/><U95/><E19/><V53/><F53/><W32/><G32/><T57/><D57/><U41/><E41/><V39/><F70/><W23/><G1/><T99/><D99/><U127/><E127/><V46/><F46/><N who="3" m="17451" /><G17/><T4/><D25/><U130/><REACH who="1" step="1"/><E52/><REACH who="1" ten="175,225,355,235" step="2"/><V73/><F39/><W82/><G79/><T43/><D43/><U83/><AGARI ba="0,1" hai="24,30,33,56,58,83,86,88,95,97,103,128,129,130" machi="83" ten="30,12000,1" yaku="1,1,2,1,0,1,19,1,54,1,53,0" doraHai="114" doraHaiUra="10" who="1" fromWho="1" sc="175,-40,225,130,355,-40,235,-40" /><INIT seed="1,1,0,1,1,29" ten="135,355,315,195" oya="1" hai0="112,109,86,93,12,44,89,99,52,7,42,67,85" hai1="49,14,10,59,53,35,114,46,135,4,38,26,21" hai2="40,82,66,57,121,81,6,110,119,25,106,33,75" hai3="48,15,56,130,115,45,43,87,133,101,124,55,65"/><U91/><E114/><V105/><F119/><W88/><G115/><T50/><D109/><U1/><E135/><V77/><F121/><W64/><G133/><T134/><D112/><U54/><E38/><V132/><F132/><W123/><G123/><T30/><D134/><U5/><E5/><V118/><F118/><W9/><G130/><T37/><D67/><U68/><E68/><V129/><F110/><W22/><G124/><T18/><D30/><U23/><E1/><V39/><F129/><W111/><G101/><T102/><D7/><U113/><E113/><V116/><F116/><W36/><G111/><T41/><D37/><U17/><E91/><V74/><F6/><W117/><G117/><T34/><D34/><U11/><E35/><V20/><F33/><W31/><G31/><T78/><D78/><U120/><E120/><V58/><F40/><W122/><G122/><T125/><D86/><U108/><E108/><V73/><F39/><W98/><G98/><T63/><D63/><U16/><REACH who="1" step="1"/><E4/><REACH who="1" ten="135,345,315,195" step="2"/><V104/><F77/><W61/><G36/><T69/><D69/><U128/><E128/><V100/><F100/><W95/><G22/><N who="0" m="11591" /><D125/><U97/><E97/><V13/><F20/><W96/><G96/><T131/><D131/><U47/><E47/><V72/><F58/><W107/><G107/><T83/><AGARI ba="1,1" hai="41,42,44,50,52,83,85,89,93,99,102" m="11591" machi="83" ten="30,2000,0" yaku="8,1,54,1" doraHai="29" who="0" fromWho="0" sc="135,33,345,-11,315,-6,195,-6" /><INIT seed="2,0,0,4,1,122" ten="168,334,309,189" oya="2" hai0="30,83,118,125,29,16,75,127,132,56,15,45,36" hai1="97,93,26,100,123,48,103,28,43,47,113,135,34" hai2="24,109,101,23,129,25,35,57,92,5,42,107,124" hai3="78,2,105,10,87,95,114,62,89,117,104,52,44"/><V71/><F71/><W106/><G117/><T61/><D118/><U111/><E123/><V19/><F107/><W120/><G120/><T37/><D83/><U72/><E113/><V46/><F129/><W121/><G121/><T53/><D75/><U0/><E72/><V1/><F124/><N who="0" m="47690" /><D132/><U108/><E135/><V80/><F80/><W14/><G114/><T17/><D17/><U9/><REACH who="1" step="1"/><E100/><REACH who="1" ten="168,324,309,189" step="2"/><V82/><F101/><W39/><G106/><T96/><D96/><U22/><E22/><V79/><F23/><W73/><G105/><T84/><D84/><U51/><E51/><V32/><F32/><W63/><G104/><T59/><D36/><U50/><E50/><V4/><F35/><W76/><G73/><T49/><D37/><U134/><E134/><V58/><F5/><AGARI ba="0,1" hai="0,5,9,26,28,34,43,47,48,93,97,103,108,111" machi="5" ten="40,5200,0" yaku="1,1,52,2,53,0" doraHai="122" doraHaiUra="102" who="1" fromWho="2" sc="168,0,324,62,309,-52,189,0" /><INIT seed="3,0,0,0,1,72" ten="168,386,257,189" oya="3" hai0="130,32,107,96,134,105,94,12,29,9,95,98,112" hai1="35,53,54,64,125,89,69,28,81,86,119,116,71" hai2="36,113,121,55,33,48,87,47,56,66,132,90,78" hai3="97,57,108,68,38,49,46,24,6,111,21,14,99"/><W93/><G68/><N who="1" m="26186" /><E64/><V22/><F113/><W17/><G38/><T133/><D29/><U10/><E125/><V16/><F33/><W42/><G57/><T120/><D32/><U106/><E106/><N who="0" m="40457" /><D12/><U1/><E28/><V73/><F132/><N who="0" m="50794" /><D9/><U65/><E65/><V25/><F121/><W124/><G124/><T83/><D112/><U127/><E35/><V4/><F4/><W102/><REACH who="3" step="1"/><G97/><REACH who="3" ten="168,386,257,179" step="2"/><N who="0" m="37483" /><D120/><U52/><E127/><V34/><F36/><W67/><G67/><T75/><D130/><U43/><E116/><V7/><F66/><W11/><AGARI ba="0,1" hai="6,11,14,17,21,24,42,46,49,93,99,102,108,111" machi="11" ten="30,3000,0" yaku="1,1,0,1,53,0" doraHai="72" doraHaiUra="117" who="3" fromWho="3" sc="168,-10,386,-10,257,-10,179,40" /><INIT seed="3,1,0,4,3,103" ten="158,376,247,219" oya="3" hai0="74,73,99,62,36,52,129,105,86,83,89,134,121" hai1="84,126,90,104,78,65,82,33,56,106,122,119,125" hai2="26,69,12,40,35,68,124,108,95,5,101,0,30" hai3="110,133,109,37,10,59,45,94,60,51,3,127,91"/><W2/><G37/><T46/><D129/><U111/><E33/><V61/><F108/><N who="3" m="41579" /><G133/><T79/><D134/><U77/><E111/><V14/><F124/><N who="1" m="47721" /><E122/><V100/><F40/><N who="3" m="24999" /><G10/><T54/><D121/><U43/><E43/><V120/><F120/><W130/><G130/><T24/><D36/><U115/><E115/><V1/><F1/><W58/><G127/><T97/><D46/><U92/><E119/><V18/><F0/><N who="3" m="43" /><G60/><T132/><D132/><U11/><E11/><V21/><F5/><W44/><G44/><T80/><D62/><N who="1" m="38087" /><E77/><V38/><F38/><W88/><G91/><T13/><D89/><U6/><E6/><V66/><F61/><W17/><G17/><T20/><D79/><U4/><E4/><V28/><F69/><W7/><G7/><T50/><D50/><U113/><E113/><V116/><F68/><W107/><G107/><T135/><D105/><U67/><E67/><V118/><F66/><W16/><G16/><T70/><D70/><U93/><E90/><V15/><F118/><W22/><G22/><T131/><D20/><U23/><E23/><V32/><F116/><W39/><G39/><T117/><D135/><U41/><E41/><V76/><F76/><W71/><G71/><T49/><D131/><U42/><E42/><V64/><F64/><W85/><AGARI ba="1,0" hai="58,59,85,88,94" m="43,24999,41579" machi="85" ten="30,6000,0" yaku="14,1,10,1,54,1" doraHai="103" who="3" fromWho="3" sc="158,-21,376,-21,247,-21,219,63" /><INIT seed="3,2,0,0,1,3" ten="137,355,226,282" oya="3" hai0="131,2,36,32,124,25,10,30,122,107,128,71,86" hai1="42,79,67,135,73,39,72,41,0,18,43,123,134" hai2="46,108,17,7,35,1,118,31,78,114,125,29,33" hai3="59,132,11,95,121,106,100,50,52,101,55,80,16"/><W91/><G121/><T113/><RYUUKYOKU type="yao9" ba="2,0" sc="137,0,355,0,226,0,282,0" hai0="2,10,25,30,32,36,71,86,107,113,122,124,128,131" /><INIT seed="3,3,0,1,3,11" ten="137,355,226,282" oya="3" hai0="28,81,94,102,134,101,15,120,61,73,39,96,103" hai1="89,135,128,98,92,68,63,127,24,42,29,109,117" hai2="72,50,58,116,18,60,44,105,87,69,84,46,95" hai3="32,7,90,6,16,20,34,123,130,31,114,65,83"/><W2/><G123/><T71/><D134/><U86/><E135/><V55/><F116/><W48/><G114/><T113/><D120/><U125/><E117/><V33/><F105/><W47/><G130/><T88/><D113/><U112/><E112/><V99/><F72/><W41/><G65/><T8/><D39/><U1/><E1/><V118/><F118/><W75/><G31/><T124/><D124/><N who="1" m="47691" /><E109/><V74/><F74/><W121/><G121/><T19/><D28/><U132/><E132/><V37/><F33/><W43/><G43/><T91/><D91/><U77/><E42/><N who="2" m="22607" /><F46/><W64/><G64/><T126/><D126/><U131/><E63/><V104/><F18/><W10/><G6/><T78/><REACH who="0" step="1"/><D61/><REACH who="0" ten="127,355,226,282" step="2"/><U3/><E29/><V97/><F60/><W56/><G90/><T111/><D111/><U110/><E89/><V129/><F129/><W82/><G48/><T76/><D76/><U119/><E77/><V122/><F50/><W13/><G83/><T21/><D21/><U59/><E110/><V66/><F122/><W57/><G82/><T93/><D93/><U108/><E108/><V49/><F95/><W133/><G133/><T0/><D0/><U38/><E3/><V67/><F49/><W53/><G34/><T35/><D35/><U51/><E38/><V23/><F23/><W85/><G32/><T80/><D80/><U115/><E128/><V54/><F104/><W45/><G2/><T22/><D22/><U4/><E131/><V25/><F67/><W26/><G20/><T9/><D9/><U70/><E119/><V79/><F66/><RYUUKYOKU ba="3,1" sc="127,30,355,-10,226,-10,282,-10" hai0="8,15,19,71,73,78,81,88,94,96,101,102,103" /><INIT seed="4,4,1,4,3,44" ten="157,345,216,272" oya="0" hai0="21,47,122,8,11,67,100,19,37,50,116,105,42" hai1="12,63,83,61,101,72,56,24,10,4,54,123,110" hai2="60,2,53,128,55,59,74,92,80,58,62,94,66" hai3="79,30,23,35,121,75,31,13,15,133,77,85,36"/><T132/><D116/><U5/><E110/><V118/><F2/><W88/><G36/><T73/><D122/><U91/><E123/><V20/><F118/><W86/><G121/><T69/><D73/><U113/><E113/><V39/><F39/><W43/><G75/><T104/><D132/><U107/><E107/><V99/><F128/><W129/><G129/><T48/><D67/><U9/><E101/><V64/><F20/><W124/><G133/><T81/><D69/><U17/><E24/><V46/><F46/><W28/><G124/><T97/><D105/><U134/><E134/><V103/><REACH who="2" step="1"/><F94/><REACH who="2" ten="157,345,206,272" step="2"/><W0/><G0/><T109/><D109/><U126/><E126/><V119/><F119/><W112/><G23/><T127/><D127/><U84/><E10/><V32/><F32/><W82/><G35/><T38/><D37/><U87/><E9/><V49/><F49/><W102/><G112/><T40/><D8/><U1/><E1/><V114/><F114/><W130/><G130/><T16/><D40/><U106/><E106/><V3/><F3/><W6/><G43/><T14/><REACH who="0" step="1"/><D81/><REACH who="0" ten="147,345,206,272" step="2"/><U131/><E83/><V125/><F125/><W7/><G82/><T68/><D68/><U95/><E131/><V93/><F93/><W71/><G71/><T52/><D52/><U108/><E54/><V45/><F45/><W51/><G6/><T135/><D135/><U33/><E4/><V89/><F89/><W90/><G7/><T120/><D120/><U57/><E5/><V26/><F26/><AGARI ba="4,3" hai="11,14,16,19,21,26,38,42,47,48,50,97,100,104" machi="26" ten="30,18000,2" yaku="1,1,7,1,52,2,54,1,53,1" doraHai="44" doraHaiUra="41" who="0" fromWho="2" sc="147,222,345,0,206,-192,272,0" /><INIT seed="4,5,0,5,4,85" ten="369,345,14,272" oya="0" hai0="37,51,33,36,77,123,39,68,28,122,74,24,19" hai1="97,103,90,117,2,61,22,64,87,57,54,72,1" hai2="46,50,30,63,78,26,10,12,98,120,89,101,67" hai3="108,11,109,91,76,79,45,112,59,80,20,35,119"/><T23/><D68/><U110/><E110/><V114/><F114/><W44/><G119/><T3/><D3/><U60/><E72/><V121/><F78/><W62/><G35/><T13/><REACH who="0" step="1"/><D51/><REACH who="0" ten="359,345,14,272" step="2"/><U127/><E117/><V32/><F101/><W65/><G109/><T47/><D47/><U111/><E111/><V130/><F130/><W75/><G108/><T99/><D99/><U49/><E49/><V95/><F46/><W135/><G45/><T14/><D14/><U128/><E128/><V38/><F50/><W115/><G44/><T124/><D124/><U132/><E127/><V31/><F38/><W106/><G115/><T107/><D107/><U41/><E2/><V55/><F31/><W71/><G106/><T16/><D16/><U129/><E1/><V104/><F104/><W9/><G71/><T4/><D4/><U82/><E97/><V21/><F55/><W53/><G53/><T7/><D7/><U83/><E103/><V93/><F93/><W86/><G112/><T6/><D6/><U126/><E54/><V81/><F81/><AGARI ba="5,1" hai="13,19,23,24,28,33,36,37,39,74,77,81,122,123" machi="81" ten="40,2000,0" yaku="1,1,53,0" doraHai="85" doraHaiUra="66" who="0" fromWho="2" sc="359,45,345,0,14,-35,272,0" owari="404,50.4,345,14.5,-21,-52.1,272,-12.8" /></mjloggm>