<mjloggm ver="2.3"><GO type="169" lobby="0"/><UN n0="%E7%8C%AA%E7%8B%A9%E5%AE%88" n1="%73%61%69%63%68%61%6E%7A" n2="%43%4F%45%44%4F%E7%B7%91" n3="%68%69%73%61%74%6F%E6%A3%92" dan="17,17,18,16" rate="2189.26,2167.25,2191.81,2129.85" sx="M,M,F,M"/><TAIKYOKU oya="0"/><INIT seed="0,0,0,2,3,16" ten="250,250,250,250" oya="0" hai0="7,55,70,61,66,62,30,54,18,95,117,113,0" hai1="121,82,101,38,108,92,86,34,75,131,21,22,29" hai2="42,84,119,116,46,40,17,4,89,132,19,76,59" hai3="106,8,9,122,135,14,69,65,90,6,36,47,79"/><T105/><D105/><U27/><E121/><V58/><F76/><W52/><G135/><T48/><D113/><U53/><E108/><V49/><F4/><W45/><G79/><T127/><D117/><N who="2" m="45130" /><F42/><W50/><G65/><T99/><D127/><U32/><E131/><V120/><F120/><W123/><G69/><T35/><D62/><U68/><E68/><V78/><F78/><W57/><G106/><T100/><D18/><N who="2" m="6666" /><F132/><W87/><G9/><T67/><D67/><U51/><E38/><V98/><F98/><W60/><G45/><T28/><D35/><U33/><E75/><V31/><F31/><W41/><G36/><T125/><D54/><U126/><E126/><V77/><F77/><W94/><AGARI ba="0,0" hai="6,8,14,41,47,50,52,57,60,87,90,94,122,123" machi="94" ten="30,2000,0" yaku="0,1,54,1" doraHai="16" who="3" fromWho="3" sc="250,-10,250,-5,250,-5,250,20" /><INIT seed="1,0,0,5,2,20" ten="240,245,245,270" oya="1" hai0="61,22,34,92,75,30,76,115,37,54,48,2,85" hai1="84,26,46,6,44,35,102,7,80,43,9,133,41" hai2="55,73,25,125,130,15,18,124,126,5,49,64,91" hai3="57,106,111,59,42,16,89,14,60,12,82,17,123"/><U100/><E133/><V114/><F73/><W86/><G106/><T121/><D115/><U77/><E7/><V113/><F130/><W101/><G111/><T129/><D37/><U62/><E62/><V93/><F5/><W118/><G101/><T36/><D36/><U72/><E43/><V24/><F64/><W65/><G123/><T127/><D2/><U71/><E71/><V21/><F114/><W83/><G42/><T52/><D34/><U50/><E46/><N who="2" m="28087" /><F113/><W40/><G40/><T108/><D127/><N who="2" m="32514" /><V97/><AGARI ba="0,0" hai="15,18,21,24,25,91,93,97" m="32514,28087" machi="97" ten="40,8000,1" yaku="4,1,18,1,52,2" doraHai="20" who="2" fromWho="2" sc="240,-20,245,-40,245,80,270,-20" /><INIT seed="2,0,0,5,4,0" ten="220,205,325,250" oya="2" hai0="124,89,34,27,30,109,96,54,84,110,113,106,16" hai1="131,53,74,99,10,120,2,14,23,75,69,15,118" hai2="45,88,70,25,49,31,64,6,85,35,32,29,5" hai3="57,132,83,90,95,58,127,55,86,91,130,134,38"/><V73/><F73/><W104/><G104/><T13/><D113/><U43/><E118/><V135/><F135/><N who="3" m="51755" /><G38/><T128/><D128/><U7/><E120/><V61/><F31/><W9/><G130/><T87/><D124/><U39/><E131/><V18/><F35/><W50/><G9/><T78/><D78/><U46/><E69/><V100/><F100/><W121/><G127/><T40/><D40/><U79/><E53/><V77/><F18/><W93/><G121/><T62/><D54/><U51/><E51/><V107/><F107/><W92/><G58/><T36/><D62/><U28/><E99/><AGARI ba="0,0" hai="50,55,57,83,86,90,91,92,93,95,99" m="51755" machi="99" ten="30,1000,0" yaku="20,1" doraHai="0" who="3" fromWho="1" sc="220,0,205,-10,325,0,250,10" /><INIT seed="3,0,0,4,2,69" ten="220,195,325,260" oya="3" hai0="75,95,18,21,42,35,103,3,106,125,113,67,72" hai1="10,80,34,43,102,77,131,53,121,4,130,132,112" hai2="15,26,31,135,86,92,70,60,101,68,128,114,119" hai3="84,100,0,81,124,46,65,62,110,118,93,76,64"/><W12/><G0/><T79/><D125/><U109/><E121/><V108/><F114/><W74/><G118/><T133/><D35/><U1/><E112/><V19/><F119/><W115/><G115/><T44/><D3/><U37/><E109/><V82/><F108/><W99/><G110/><T36/><D133/><U27/><E53/><V105/><F105/><W39/><G12/><T40/><D106/><U13/><E102/><V126/><F126/><W8/><G8/><T94/><D67/><U90/><E90/><V127/><F135/><W48/><G64/><T52/><D40/><U5/><E5/><V33/><F60/><W23/><G23/><T28/><D28/><N who="1" m="19743" /><E13/><V20/><F127/><W2/><G2/><T30/><D30/><U134/><E132/><V56/><F56/><W104/><G124/><T88/><D79/><U25/><E25/><V45/><F45/><W63/><G65/><T61/><D95/><U6/><E6/><V51/><F51/><W107/><G48/><T83/><D103/><U7/><E7/><V73/><F73/><W129/><G129/><N who="1" m="49162" /><E134/><V59/><F128/><W54/><G54/><T49/><D61/><U123/><E123/><V38/><F101/><W24/><G24/><T71/><D83/><U91/><E91/><V58/><F26/><W11/><G104/><T116/><D116/><U66/><E66/><V22/><F15/><W17/><G17/><T89/><D89/><U111/><E111/><V117/><F19/><W41/><G11/><T14/><D113/><U85/><E43/><V97/><F117/><W98/><G98/><RYUUKYOKU ba="0,0" sc="220,-15,195,15,325,-15,260,15" hai1="1,4,10,37,77,80,85" hai3="39,41,46,62,63,74,76,81,84,93,99,100,107" /><INIT seed="3,1,0,5,5,34" ten="205,210,310,275" oya="3" hai0="134,127,27,43,24,46,123,100,74,79,78,62,103" hai1="71,8,49,96,32,107,44,135,75,6,18,37,77" hai2="83,5,60,14,45,40,93,102,90,10,7,72,0" hai3="122,84,66,128,22,33,65,50,20,121,1,64,113"/><W25/><G113/><T59/><D123/><U38/><E71/><V41/><F102/><W118/><G118/><T63/><D134/><U106/><E135/><V116/><F116/><W130/><G84/><T26/><D127/><U69/><E18/><V114/><F114/><W70/><G70/><T31/><D31/><U21/><E21/><N who="3" m="8298" /><G50/><N who="0" m="26975" /><D74/><U104/><E69/><V112/><F112/><W56/><G56/><T117/><D62/><U30/><E49/><V54/><F54/><W87/><G87/><T23/><D23/><U76/><E96/><V35/><F60/><W3/><G33/><T16/><D16/><U95/><E75/><V2/><F35/><W39/><G39/><T124/><D124/><U85/><E38/><V53/><F53/><W120/><G25/><N who="0" m="6403" /><T97/><DORA hai="99" /><D97/><U55/><E30/><V94/><F72/><W42/><G42/><T88/><D88/><U115/><E32/><V132/><F90/><W89/><G89/><T51/><D51/><U68/><E68/><V73/><BYE who="1" /><F132/><W101/><G101/><N who="0" m="38987" /><D117/><U125/><E125/><V29/><F73/><W131/><AGARI ba="1,0" hai="1,3,64,65,66,120,121,122,128,130,131" m="8298" machi="131" ten="50,18000,2" yaku="29,2,28,2,19,1,52,2" doraHai="34,99" who="3" fromWho="3" sc="205,-61,210,-61,310,-61,275,183" /><INIT seed="3,2,0,4,1,119" ten="144,149,249,458" oya="3" hai0="3,33,100,53,114,93,118,103,59,14,126,102,4" hai1="130,0,110,133,121,112,19,132,27,16,116,56,61" hai2="105,73,52,49,88,47,21,1,69,41,91,11,26" hai3="92,65,39,86,58,74,51,120,57,42,85,83,17"/><W10/><G39/><T79/><D118/><U54/><E54/><V50/><F105/><W67/><G74/><T123/><D33/><U7/><E7/><V135/><F69/><W101/><G120/><T77/><D3/><U46/><E46/><V131/><F73/><W18/><G42/><T76/><D126/><U109/><E109/><V35/><F35/><UN n1="%73%61%69%63%68%61%6E%7A" /><W125/><G125/><T40/><D40/><U43/><E43/><V115/><F115/><W72/><G72/><T106/><D106/><U32/><E110/><V62/><F62/><W23/><G10/><N who="0" m="4423" /><D123/><U107/><E107/><V68/><F68/><W55/><G58/><T13/><D13/><U90/><E116/><V28/><F131/><W75/><G75/><T48/><D114/><U24/><E0/><V25/><F25/><N who="1" m="9801" /><E121/><V34/><F34/><W22/><G22/><T127/><D127/><U9/><E32/><V108/><F135/><N who="1" m="51785" /><E130/><V12/><F1/><W5/><G5/><T64/><D64/><N who="3" m="24649" /><G23/><T8/><D8/><U36/><E36/><V37/><F37/><W89/><G101/><T122/><D122/><U81/><E9/><V20/><F108/><W38/><G38/><T63/><D63/><U6/><E6/><N who="2" m="3191" /><F21/><W129/><G129/><T66/><D66/><N who="1" m="39207" /><E112/><V111/><F111/><W45/><G45/><AGARI ba="2,0" hai="20,26,28,41,45,47,49,50,52,88,91" m="3191" machi="45" ten="30,3900,0" yaku="8,1,54,2" doraHai="119" who="2" fromWho="3" sc="144,0,149,0,249,45,458,-45" /><INIT seed="4,0,0,4,3,114" ten="144,149,294,413" oya="0" hai0="135,59,13,50,72,84,53,6,28,71,73,115,55" hai1="38,79,106,98,17,117,107,45,7,15,33,32,60" hai2="110,81,39,91,99,88,132,129,41,52,2,43,64" hai3="102,4,118,48,124,126,5,61,62,104,12,22,120"/><T23/><D115/><U27/><E117/><V83/><F110/><W74/><G74/><T96/><D135/><U100/><E106/><V37/><F2/><W19/><G118/><T57/><D71/><U130/><E130/><V125/><F129/><W24/><G48/><T131/><D131/><U123/><E123/><V46/><F132/><W68/><G68/><T89/><D96/><U49/><E38/><V11/><F11/><W86/><G86/><T40/><D40/><U90/><E7/><V105/><F64/><W75/><G75/><T65/><D65/><U94/><E60/><V9/><F9/><W34/><G5/><T56/><D28/><U44/><E79/><V111/><F111/><W119/><G119/><T20/><D73/><U25/><E32/><V112/><F112/><W3/><G102/><T14/><D72/><U85/><E33/><V70/><F70/><W87/><G87/><T108/><D55/><U101/><E101/><V63/><F125/><N who="3" m="48235" /><G104/><T93/><D108/><U127/><E127/><V133/><F133/><W36/><G36/><N who="2" m="13897" /><F99/><W8/><G120/><T122/><D122/><U92/><E107/><V18/><F18/><W80/><G80/><N who="2" m="30793" /><F105/><W42/><G42/><N who="2" m="15881" /><F63/><W51/><G51/><T69/><D69/><U31/><E31/><AGARI ba="0,0" hai="3,4,8,12,19,22,24,31,34,61,62" m="48235" machi="31" ten="30,2000,0" yaku="24,1,18,1" doraHai="114" who="3" fromWho="1" sc="144,0,149,-20,294,0,413,20" /><INIT seed="5,0,0,4,1,31" ten="144,129,294,433" oya="1" hai0="118,90,30,120,49,63,79,108,113,81,76,84,123" hai1="10,36,126,87,105,96,24,130,51,78,101,106,65" hai2="7,25,121,70,6,58,47,93,69,17,40,124,127" hai3="102,128,103,86,20,64,12,38,29,71,82,4,131"/><U57/><E36/><V45/><F121/><N who="0" m="46666" /><D108/><U109/><E109/><V55/><F93/><W59/><G38/><T52/><D63/><U2/><E126/><N who="2" m="48171" /><F25/><W116/><G71/><N who="2" m="27145" /><F17/><W18/><G29/><T66/><D66/><U115/><E115/><V44/><F40/><W99/><G4/><N who="2" m="1577" /><F58/><W16/><G18/><T125/><D113/><U122/><E122/><V132/><F132/><W1/><G1/><T56/><D125/><U92/><E24/><V72/><F72/><W80/><G80/><T119/><D30/><U19/><E2/><V48/><AGARI ba="0,0" hai="44,45,47,48,55" m="1577,27145,48171" machi="48" ten="40,1500,0" yaku="18,1" doraHai="31" who="2" fromWho="2" sc="144,-4,129,-7,294,15,433,-4" /><INIT seed="6,0,0,4,5,52" ten="140,122,309,429" oya="2" hai0="59,113,98,46,38,108,27,111,115,107,5,110,60" hai1="118,14,128,131,94,15,99,125,135,91,130,53,70" hai2="1,4,17,57,30,56,16,8,67,96,25,39,19" hai3="29,109,71,75,95,69,13,85,87,119,104,89,21"/><V100/><F39/><W122/><G75/><T80/><D5/><U61/><E118/><V102/><F67/><W101/><G85/><T84/><D27/><U37/><E37/><V79/><F79/><W112/><G109/><T55/><D107/><U44/><E125/><V133/><F133/><W12/><G122/><T58/><D98/><U76/><E135/><V126/><F126/><W74/><G74/><T106/><D106/><U35/><E35/><V50/><F50/><W105/><G105/><T86/><D58/><N who="1" m="35023" /><E44/><V65/><F65/><W36/><G112/><N who="0" m="43083" /><D80/><U11/><E70/><V24/><F24/><W88/><G89/><T90/><D90/><U77/><E15/><V83/><F83/><W114/><G114/><T49/><D38/><U66/><E66/><AGARI ba="0,0" hai="46,49,55,59,60,66,84,86,108,110,111" m="43083" machi="66" ten="40,2600,0" yaku="15,1,52,1" doraHai="52" who="0" fromWho="1" sc="140,26,122,-26,309,0,429,0" /><INIT seed="7,0,0,2,3,40" ten="166,96,309,429" oya="3" hai0="99,38,92,106,59,89,37,48,133,112,104,91,26" hai1="130,122,32,123,98,18,53,41,77,75,63,6,100" hai2="5,17,88,29,47,68,49,97,62,65,57,87,11" hai3="25,94,21,127,113,96,109,70,44,4,19,108,60"/><W27/><G113/><T43/><D112/><U120/><E32/><V0/><F29/><W23/><G4/><T134/><D26/><U116/><E130/><V107/><F17/><W10/><G10/><T85/><D59/><U54/><E116/><V101/><F68/><W119/><G127/><T24/><D24/><U81/><E6/><V124/><F124/><W30/><G119/><T67/><D67/><U55/><E18/><V114/><F114/><W132/><G132/><N who="0" m="50795" /><D48/><U31/><E31/><V66/><F57/><W105/><G105/><N who="0" m="40555" /><D43/><U121/><N who="1" m="30720" /><DORA hai="102" /><U83/><E83/><AGARI ba="0,0" hai="37,38,83,85,89,91,92,99" m="40555,50795" machi="83" ten="30,7700,0" yaku="20,1,52,3" doraHai="40,102" who="0" fromWho="1" sc="166,77,96,-77,309,0,429,0" owari="243,-15.7,19,-48.1,309,10.9,429,52.9" /></mjloggm>