<mjloggm ver="2.3"><GO type="225" lobby="0"/><UN n0="%33%74%72%65%65" n1="%E7%B4%94%E6%BD%94%E3%83%94%E3%83%A9%E3%83%8B%E3%82%A2" n2="%E3%83%A9%E3%83%BC%E3%83%A1%E3%83%B3%E4%BA%94%E9%83%8E" n3="%E3%82%A2%E3%83%9E%E3%83%9D%EF%BD%9E%EF%BD%9E%E3%83%A9" dan="17,16,16,17" rate="2159.33,2184.71,2069.83,2095.36" sx="F,M,M,M"/><TAIKYOKU oya="0"/><INIT seed="0,0,0,0,3,34" ten="250,250,250,250" oya="0" hai0="110,87,79,42,2,114,98,15,21,50,103,126,70" hai1="8,29,135,27,88,14,112,3,94,73,96,131,118" hai2="56,33,10,81,36,101,30,77,116,99,129,90,13" hai3="9,134,85,61,91,68,6,120,59,20,44,52,128"/><T5/><D114/><U75/><E118/><V41/><F116/><W72/><G128/><T49/><D126/><U86/><E131/><V102/><F129/><W83/><G134/><T66/><D110/><U23/><E135/><V26/><F90/><W48/><G120/><T55/><D42/><U1/><E112/><V46/><F56/><W37/><G72/><T35/><D35/><U28/><E29/><V12/><F10/><W62/><G68/><T11/><D66/><U65/><E65/><V18/><F18/><W97/><G97/><T122/><D70/><U106/><E106/><V121/><F121/><W82/><G20/><T95/><D122/><U84/><E84/><V93/><REACH who="2" step="1"/><F102/><REACH who="2" ten="250,250,240,250" step="2"/><W40/><REACH who="3" step="1"/><G82/><REACH who="3" ten="250,250,240,240" step="2"/><T113/><D113/><U107/><E96/><V109/><F109/><W127/><G127/><T63/><D98/><U54/><E28/><V58/><F58/><W132/><G132/><T60/><D103/><U123/><E123/><V31/><F31/><W108/><G108/><T38/><D21/><U47/><E23/><V4/><F4/><W67/><G67/><T111/><D5/><U22/><E22/><V45/><F45/><W80/><G80/><T57/><D57/><U53/><E47/><V124/><F124/><W105/><G105/><T133/><D111/><U24/><E107/><V92/><F92/><W69/><G69/><T19/><D133/><U43/><E94/><V32/><F32/><W39/><G39/><T7/><D95/><U71/><E71/><V89/><F89/><W16/><G16/><T104/><D104/><U74/><E88/><RYUUKYOKU ba="0,2" sc="250,-15,250,-15,240,15,240,15" hai2="12,13,26,30,33,36,41,46,77,81,93,99,101" hai3="6,9,37,40,44,48,52,59,61,62,83,85,91" /><INIT seed="1,1,2,4,0,121" ten="235,235,255,255" oya="1" hai0="117,21,37,56,32,84,75,105,41,63,51,66,35" hai1="8,68,114,58,59,27,127,17,6,106,14,67,16" hai2="85,123,13,69,38,124,55,39,97,118,79,57,29" hai3="111,70,25,36,120,131,49,54,30,133,78,100,93"/><U43/><E106/><V101/><F118/><W50/><G120/><T91/><D117/><U10/><E114/><V104/><F69/><W2/><G36/><T119/><D119/><U31/><E127/><V89/><F124/><W48/><G2/><T26/><D75/><U18/><E43/><V96/><F123/><W4/><G4/><T64/><D37/><U80/><E80/><V12/><F29/><W126/><G126/><T7/><D7/><U109/><E109/><V110/><F110/><W71/><G131/><T5/><D5/><U20/><REACH who="1" step="1"/><E8/><REACH who="1" ten="235,225,255,255" step="2"/><V28/><F104/><W65/><G111/><T107/><D107/><U22/><E22/><V73/><F38/><W88/><G133/><T33/><D105/><U72/><E72/><V90/><F39/><W81/><G100/><T47/><D35/><U60/><AGARI ba="1,3" hai="6,10,14,16,17,18,20,27,31,58,59,60,67,68" machi="60" ten="30,11700,0" yaku="1,1,0,1,54,1,53,1" doraHai="121" doraHaiUra="1" who="1" fromWho="1" sc="235,-40,225,150,255,-40,255,-40" /><INIT seed="1,2,0,1,1,25" ten="195,375,215,215" oya="1" hai0="106,1,10,17,12,105,40,26,28,4,75,114,133" hai1="73,55,94,128,67,20,50,87,111,98,13,86,130" hai2="18,23,58,22,34,46,44,7,84,69,24,91,5" hai3="8,47,31,16,35,72,117,41,101,76,37,6,74"/><U36/><E36/><V64/><F34/><W113/><G113/><T48/><D114/><U99/><E73/><V19/><F69/><W27/><G117/><T93/><D75/><U3/><E3/><V79/><F79/><W61/><G101/><T123/><D123/><U70/><E111/><V104/><F104/><W108/><G108/><T81/><D133/><U11/><E20/><V121/><F121/><W120/><G120/><T71/><D71/><U78/><E67/><V89/><F89/><W57/><G76/><T33/><D81/><U88/><E86/><V0/><F58/><W62/><G62/><T65/><D65/><U52/><E70/><V115/><F64/><W39/><G39/><T96/><D48/><U112/><E112/><V83/><F115/><W60/><G60/><T110/><D40/><U30/><E30/><V77/><F77/><W132/><G132/><T80/><D80/><N who="1" m="47511" /><E98/><V125/><F125/><W51/><G37/><T103/><D110/><U15/><E11/><AGARI ba="2,0" hai="1,4,10,11,12,17,26,28,33,93,96,103,105,106" machi="11" ten="30,2000,0" yaku="7,1,52,1" doraHai="25" who="0" fromWho="1" sc="195,26,375,-26,215,0,215,0" /><INIT seed="2,0,0,0,0,106" ten="221,349,215,215" oya="2" hai0="15,111,64,24,114,89,94,103,80,86,16,120,73" hai1="117,59,133,21,32,127,82,125,108,18,50,27,100" hai2="37,84,8,63,9,6,58,17,31,79,134,2,65" hai3="92,25,66,1,130,60,101,14,83,33,88,78,20"/><V42/><F134/><W72/><G130/><T132/><D114/><U35/><E108/><V61/><F31/><W47/><G1/><T41/><D120/><U70/><E70/><V123/><F123/><W98/><G47/><T19/><D111/><U110/><E110/><V39/><F42/><W119/><G119/><T10/><D132/><U3/><E3/><V93/><F63/><W122/><G122/><T74/><D64/><U113/><E113/><V11/><F11/><W121/><G121/><T57/><D57/><U45/><E59/><V112/><F112/><W4/><G33/><T36/><D24/><U126/><E117/><V13/><REACH who="2" step="1"/><F93/><REACH who="2" ten="221,349,205,215" step="2"/><W5/><G60/><T107/><D94/><U69/><E133/><V23/><F23/><W67/><G101/><T97/><REACH who="0" step="1"/><D19/><REACH who="0" ten="211,349,205,215" step="2"/><U81/><E125/><V76/><F76/><W43/><G92/><T22/><D22/><U62/><E126/><V40/><F40/><W118/><G43/><T116/><D116/><U115/><E127/><V71/><F71/><W49/><G118/><T129/><D129/><U91/><E115/><V38/><F38/><W30/><G78/><T85/><D85/><U46/><E69/><V51/><F51/><W105/><G49/><T124/><D124/><U44/><E62/><V87/><F87/><W48/><G48/><T26/><D26/><U54/><E32/><V135/><F135/><W52/><G25/><T56/><D56/><N who="1" m="32855" /><E35/><V104/><F104/><W0/><G105/><T128/><D128/><U109/><E109/><V68/><F68/><W34/><G34/><T102/><D102/><RYUUKYOKU ba="0,2" sc="211,15,349,-15,205,15,215,-15" hai0="10,15,16,36,41,73,74,80,86,89,97,103,107" hai2="2,6,8,9,13,17,37,39,58,61,65,79,84" /><INIT seed="2,1,2,0,4,99" ten="226,334,220,200" oya="2" hai0="42,86,91,104,128,67,36,131,68,73,102,134,69" hai1="84,10,77,5,56,41,79,53,35,30,61,2,62" hai2="75,11,105,115,14,116,8,20,100,95,78,121,106" hai3="54,112,118,7,24,87,45,4,15,90,66,88,19"/><V25/><F115/><W48/><G118/><T127/><D73/><U29/><E35/><V135/><F116/><W65/><G112/><T101/><D104/><U123/><E123/><V74/><F121/><W31/><G90/><T98/><D98/><U34/><E34/><V46/><F135/><W58/><G24/><T111/><D134/><U21/><E41/><V71/><F71/><N who="0" m="27210" /><D67/><N who="3" m="25609" /><G31/><T80/><D111/><U83/><E62/><V122/><F122/><W63/><G63/><T22/><D22/><U70/><E70/><V3/><F3/><W119/><G119/><T130/><D127/><U55/><E55/><V28/><F106/><W44/><G44/><AGARI ba="1,2" hai="36,42,44,80,86,91,101,102,128,130,131" m="27210" machi="44" ten="40,5200,0" yaku="19,1,52,2" doraHai="99" who="0" fromWho="3" sc="226,75,334,0,220,0,200,-55" /><INIT seed="3,0,0,2,1,56" ten="301,334,220,145" oya="3" hai0="11,29,60,64,115,117,122,61,100,59,41,134,131" hai1="65,3,51,20,126,80,133,13,43,85,120,106,76" hai2="79,121,84,97,98,6,112,47,40,103,75,62,82" hai3="57,34,37,86,108,32,92,113,30,48,53,119,54"/><W44/><G119/><T125/><D117/><U90/><E120/><V17/><F112/><W26/><G113/><T87/><D122/><U94/><E106/><V70/><F121/><W42/><G108/><T77/><D115/><U128/><E3/><V15/><F6/><W127/><G127/><T36/><D125/><U52/><E128/><V89/><F103/><W28/><G54/><T35/><D131/><U10/><E133/><V50/><F70/><W118/><G118/><T96/><D134/><U68/><E68/><V78/><F62/><W109/><G109/><T124/><D124/><U14/><E65/><V101/><F101/><W105/><G105/><T7/><D61/><U114/><E43/><V4/><F4/><W16/><G16/><T102/><D96/><N who="2" m="36970" /><F75/><W123/><G123/><T93/><D35/><U39/><E39/><V72/><F72/><W99/><G86/><T5/><D29/><U8/><E114/><V1/><F1/><W38/><G30/><T107/><D107/><U111/><E14/><V130/><F130/><W73/><G73/><T12/><D7/><U58/><E111/><V0/><F0/><W116/><G116/><T71/><D71/><U25/><E13/><V33/><F33/><N who="3" m="20631" /><G38/><T63/><D63/><U69/><E69/><V21/><AGARI ba="0,0" hai="15,17,21,40,47,50,78,79,82,84,89" m="36970" machi="21" ten="30,1100,0" yaku="8,1" doraHai="56" who="2" fromWho="2" sc="301,-3,334,-3,220,11,145,-5" owari="298,9.8,331,43.1,231,-16.9,140,-36.0" /></mjloggm>