<mjloggm ver="2.3"><GO type="225" lobby="0"/><UN n0="%E3%82%A2%E3%83%9E%E3%83%9D%EF%BD%9E%EF%BD%9E%E3%83%A9" n1="%E3%83%96%E3%83%83%E3%83%91%E3%82%AA%E3%83%96%E3%83%81%E3%82%AD%E3%83%B3" n2="%EF%BC%AE%EF%BC%A1%EF%BC%AF%33%33%39" n3="%E6%B5%81%E3%82%8C%EF%BC%9F%53%4F%41" dan="17,16,16,17" rate="2137.22,2139.99,2130.29,2260.69" sx="M,M,M,M"/><TAIKYOKU oya="0"/><INIT seed="0,0,0,5,4,33" ten="250,250,250,250" oya="0" hai0="7,4,64,133,27,8,48,77,106,47,109,43,119" hai1="11,51,63,24,120,132,91,18,107,102,111,80,26" hai2="14,10,117,13,118,116,105,12,39,72,32,52,123" hai3="125,20,73,40,19,75,3,54,36,70,88,62,41"/><T93/><D119/><U98/><E120/><V60/><F72/><W37/><G125/><T100/><D106/><U1/><E111/><V69/><F39/><W25/><G3/><T68/><D109/><U128/><E128/><V34/><F105/><W23/><G70/><T90/><D100/><U95/><E132/><V16/><F123/><W66/><G66/><T28/><D77/><U84/><E107/><V9/><F69/><W0/><G0/><T130/><D130/><U85/><E63/><V46/><F13/><W59/><G37/><T97/><D133/><U42/><E85/><V58/><REACH who="2" step="1"/><F46/><REACH who="2" ten="250,250,240,250" step="2"/><W57/><G36/><T92/><D68/><U2/><E26/><V81/><F81/><W22/><G75/><T45/><D47/><U21/><REACH who="1" step="1"/><E11/><REACH who="1" ten="250,240,240,250" step="2"/><V122/><F122/><W30/><G73/><T94/><D8/><U65/><E65/><V71/><F71/><W135/><G135/><T113/><D64/><U124/><E124/><V121/><F121/><W83/><G83/><T127/><D127/><U126/><E126/><V87/><F87/><W103/><G25/><T38/><D27/><U5/><E5/><AGARI ba="0,2" hai="5,9,10,12,14,16,32,34,52,58,60,116,117,118" machi="5" ten="40,8000,1" yaku="1,1,12,1,54,2,53,0" doraHai="33" doraHaiUra="89" who="2" fromWho="1" sc="250,0,240,-80,240,100,250,0" /><INIT seed="1,0,0,5,3,14" ten="250,160,340,250" oya="1" hai0="107,73,126,103,99,89,106,25,80,26,76,19,98" hai1="20,132,84,102,62,105,66,41,10,12,68,117,52" hai2="17,32,61,100,86,11,88,129,77,6,59,44,1" hai3="85,53,119,21,2,70,24,23,90,81,116,42,9"/><U71/><E117/><N who="3" m="45130" /><G70/><T97/><D126/><U13/><E132/><V18/><F32/><W15/><G2/><T91/><D25/><U39/><E71/><V131/><F100/><W108/><G108/><T125/><D26/><U121/><E121/><V135/><F77/><W113/><G113/><T82/><D19/><U74/><E74/><V94/><F44/><W48/><G42/><T3/><D3/><U30/><E105/><N who="0" m="39945" /><D125/><U55/><E102/><V36/><F36/><W22/><G24/><T29/><D29/><U104/><E104/><V101/><F101/><W57/><G22/><T7/><D7/><AGARI ba="0,0" hai="7,9,15,21,23,48,53,57,81,85,90" m="45130" machi="7" ten="30,1000,0" yaku="12,1" doraHai="14" who="3" fromWho="0" sc="250,-10,160,0,340,0,250,10" /><INIT seed="2,0,0,0,4,19" ten="240,160,340,260" oya="2" hai0="38,44,121,69,97,101,117,8,91,106,128,118,64" hai1="26,84,12,92,60,90,3,56,123,100,16,102,61" hai2="132,22,122,24,109,130,21,125,47,80,25,39,73" hai3="126,93,83,42,110,107,59,112,45,17,23,134,98"/><V46/><F122/><W111/><G107/><T105/><D121/><U48/><E123/><V79/><F132/><W66/><G134/><T115/><D115/><U43/><E3/><V31/><F39/><W29/><G29/><T2/><D91/><U11/><E26/><V89/><F130/><W94/><G126/><T6/><D106/><U53/><REACH who="1" step="1"/><E43/><REACH who="1" ten="240,150,340,260" step="2"/><V62/><F125/><W35/><G112/><T86/><D128/><U88/><E88/><V95/><F109/><W113/><G113/><T108/><D108/><U34/><E34/><V131/><F131/><W27/><G35/><T9/><D118/><U82/><E82/><V13/><F13/><W5/><G83/><T116/><D117/><U72/><E72/><V133/><F133/><W57/><G111/><T36/><D116/><U7/><E7/><V67/><F80/><W77/><G5/><T18/><D6/><U41/><E41/><V1/><F1/><W65/><G77/><T15/><D2/><U76/><E76/><V70/><F73/><W58/><G110/><T52/><D15/><U104/><E104/><V87/><F79/><W0/><G0/><T120/><D105/><U37/><E37/><V75/><F75/><W40/><G40/><T30/><D38/><U54/><E54/><V85/><F85/><W81/><G81/><T4/><D86/><U103/><AGARI ba="0,1" hai="11,12,16,48,53,56,60,61,84,90,92,100,102,103" machi="103" ten="30,8000,1" yaku="1,1,0,1,8,1,54,1,53,1" doraHai="19" doraHaiUra="10" who="1" fromWho="1" sc="240,-20,150,90,340,-40,260,-20" /><INIT seed="3,0,0,4,3,92" ten="220,240,300,240" oya="3" hai0="74,16,68,34,18,39,109,122,103,57,117,2,6" hai1="76,89,11,8,31,78,1,132,135,70,79,106,90" hai2="32,26,124,71,125,93,42,7,115,44,30,3,134" hai3="41,113,130,95,107,133,131,86,119,75,110,19,62"/><W80/><G113/><T38/><D122/><U23/><E70/><V82/><F115/><W4/><G119/><T22/><D117/><U0/><E106/><V15/><F71/><W114/><G114/><T111/><D34/><U77/><N who="1" m="19456" /><DORA hai="83" /><U121/><E121/><V50/><F82/><W91/><G4/><T14/><D68/><U56/><E56/><V123/><F123/><W96/><G75/><T21/><D74/><U52/><E52/><V45/><F3/><N who="1" m="1097" /><E23/><V48/><F93/><W13/><G41/><T84/><D103/><U97/><E31/><V51/><F134/><N who="1" m="51241" /><E97/><V104/><F104/><W88/><G133/><T24/><D57/><U12/><E12/><V73/><F73/><W129/><G107/><T87/><D2/><U128/><E128/><V100/><F100/><W120/><G120/><T98/><D98/><U112/><E112/><V49/><F45/><W126/><G62/><T81/><D6/><U27/><E27/><V72/><F72/><W37/><G37/><N who="0" m="13835" /><D81/><U47/><E47/><V46/><F46/><W99/><G99/><T94/><D94/><U28/><E28/><V33/><F33/><W36/><G36/><T35/><D35/><U29/><E29/><V116/><F116/><W61/><G61/><T63/><D63/><U64/><E64/><V118/><F118/><W40/><G40/><T59/><D59/><U53/><E53/><V85/><F7/><W108/><G13/><T58/><D58/><U127/><E127/><N who="2" m="48715" /><F15/><W102/><G126/><T9/><D22/><U25/><E25/><V5/><F5/><W54/><G129/><RYUUKYOKU ba="0,0" sc="220,10,240,10,300,10,240,-30" hai0="9,14,16,18,21,24,84,87,109,111" hai1="8,11,89,90" hai2="26,30,32,42,44,48,49,50,51,85" owari="230,-17.0,250,5.0,310,41.0,210,-29.0" /></mjloggm>