<mjloggm ver="2.3"><GO type="169" lobby="0"/><UN n0="%E3%81%8C%E3%81%8F%E3%81%BE%E3%82%8B" n1="%E5%8C%97%E6%AC%A7%E3%81%AE%E3%82%82%E3%81%93%E3%81%86" n2="%E6%98%8E%E6%98%9F%E5%B8%82%E6%B0%91" n3="%64%6F%6F%6F%6F%77%79%31" dan="16,16,16,16" rate="2047.51,2123.39,2140.55,2167.02" sx="M,M,M,M"/><TAIKYOKU oya="0"/><INIT seed="0,0,0,5,4,20" ten="250,250,250,250" oya="0" hai0="129,39,59,38,120,89,45,102,110,67,4,8,112" hai1="107,79,90,84,57,21,24,71,14,123,91,132,1" hai2="92,122,43,63,69,28,124,51,0,88,17,78,95" hai3="30,31,9,96,75,48,16,15,34,66,117,85,114"/><T93/><D112/><U23/><E71/><V77/><F0/><W106/><G114/><T61/><D120/><U26/><E1/><V126/><F95/><W65/><G75/><T6/><D129/><U127/><E107/><V47/><F28/><W53/><G117/><T27/><D102/><U83/><E123/><V49/><F17/><W22/><G34/><T11/><D110/><U72/><E132/><V52/><F63/><W104/><G104/><T44/><D39/><U13/><E127/><N who="2" m="48683" /><F69/><W133/><G133/><T128/><D128/><U115/><E115/><V111/><F111/><W19/><G85/><T119/><D119/><U130/><E130/><V29/><F29/><N who="3" m="10763" /><G96/><T42/><D44/><U135/><E72/><V64/><F64/><W73/><G73/><T125/><D125/><U62/><E135/><V118/><F122/><W54/><G54/><T100/><D100/><U87/><E62/><V10/><F10/><W80/><G80/><T50/><D38/><U98/><E98/><N who="2" m="57607" /><F118/><W70/><G70/><T103/><D103/><U97/><E97/><V41/><F41/><W74/><G74/><T60/><D61/><U116/><E116/><V76/><F76/><W94/><G94/><T5/><D11/><U25/><E79/><V134/><F134/><W131/><G106/><T58/><D8/><U3/><E3/><V109/><F109/><W40/><G40/><T33/><D33/><U81/><E25/><V101/><F101/><W86/><G86/><N who="0" m="52407" /><D27/><U113/><E113/><V46/><AGARI ba="0,0" hai="43,46,47,49,51,52,77,78" m="57607,48683" machi="46" ten="30,4000,0" yaku="18,1,54,2" doraHai="20" who="2" fromWho="2" sc="250,-20,250,-10,250,40,250,-10" /><INIT seed="1,0,0,0,5,96" ten="230,240,290,240" oya="1" hai0="98,5,124,73,109,103,120,11,70,22,17,125,128" hai1="129,104,12,112,84,94,44,38,126,8,55,114,78" hai2="61,90,56,69,0,119,41,48,60,32,77,132,131" hai3="51,19,59,135,63,118,97,68,30,76,15,58,108"/><U20/><E104/><V115/><F32/><W1/><G1/><T91/><D109/><U6/><E129/><V82/><F0/><W14/><G108/><T54/><D128/><U33/><E33/><V127/><F119/><W95/><G118/><T110/><D110/><U101/><E126/><N who="0" m="48745" /><D70/><U80/><E20/><V53/><F127/><W75/><G135/><T49/><D73/><U4/><E4/><V24/><F132/><W34/><G51/><T39/><D91/><U36/><E55/><V81/><F81/><W107/><G107/><N who="0" m="63991" /><D39/><U46/><E36/><V25/><F90/><W122/><G68/><T2/><D120/><U28/><E28/><V66/><F115/><W79/><G122/><T113/><D113/><U40/><REACH who="1" step="1"/><E44/><REACH who="1" ten="230,230,290,240" step="2"/><V92/><F131/><W64/><G30/><T13/><D54/><U117/><E117/><V26/><F53/><W9/><G34/><T45/><D45/><U35/><E35/><V74/><F41/><W106/><G106/><T10/><D22/><U67/><E67/><V134/><F66/><W86/><G64/><T57/><D57/><U133/><E133/><V7/><F56/><W71/><G59/><T85/><D49/><U21/><E21/><V130/><F48/><W62/><G58/><T29/><D29/><U121/><E121/><V102/><F134/><W111/><G111/><T31/><D31/><U89/><E89/><V116/><F130/><W42/><G71/><T27/><D27/><U16/><E16/><V18/><F18/><W123/><G19/><T105/><D105/><U23/><E23/><V93/><F116/><RYUUKYOKU ba="0,1" sc="230,15,230,15,290,-15,240,-15" hai0="2,5,10,11,13,17,85" hai1="6,8,12,38,40,46,78,80,84,94,101,112,114" /><INIT seed="1,1,1,4,5,121" ten="245,245,275,225" oya="1" hai0="68,123,83,114,101,62,94,11,31,34,51,96,2" hai1="66,88,24,95,32,17,36,132,72,133,105,100,109" hai2="74,75,126,5,129,77,44,59,99,27,127,103,0" hai3="39,85,14,97,25,4,124,73,48,29,63,49,47"/><U40/><E72/><V113/><F113/><W13/><G73/><T102/><D114/><U69/><E36/><V26/><F129/><W56/><G124/><T28/><D123/><U76/><E76/><V104/><F75/><W118/><G118/><T110/><D101/><U53/><E40/><V41/><F59/><W23/><G39/><T16/><D34/><U106/><E53/><V92/><F27/><W108/><G108/><T81/><D110/><U22/><E109/><V84/><F26/><W134/><G134/><N who="1" m="51818" /><E32/><V21/><F21/><W19/><G4/><T119/><D119/><U57/><E100/><V9/><F84/><W1/><G1/><T86/><D2/><U112/><E69/><V61/><F61/><W3/><G3/><T52/><D62/><N who="1" m="38223" /><E112/><V55/><F55/><W98/><G85/><AGARI ba="1,1" hai="17,22,24,85,88,95,105,106" m="38223,51818" machi="85" ten="30,2900,0" yaku="20,1,54,1" doraHai="121" who="1" fromWho="3" sc="245,0,245,42,275,0,225,-32" /><INIT seed="1,2,0,0,0,131" ten="245,287,275,193" oya="1" hai0="55,3,32,133,16,94,75,22,70,80,63,62,29" hai1="107,128,78,109,122,61,108,15,24,20,18,33,38" hai2="84,40,65,45,106,13,118,93,34,27,103,77,30" hai3="95,99,35,68,26,134,49,88,81,60,54,8,11"/><U31/><E122/><V0/><F0/><W74/><G134/><T4/><D32/><U69/><E38/><V87/><F118/><W1/><G1/><T12/><D29/><U57/><E107/><V67/><F106/><W83/><G35/><T7/><D133/><U72/><E69/><V53/><F53/><W89/><G26/><T112/><D112/><U66/><E128/><V123/><F123/><W85/><G60/><T42/><D42/><U73/><REACH who="1" step="1"/><E78/><REACH who="1" ten="245,277,275,193" step="2"/><V129/><F77/><W91/><G68/><T125/><D70/><U48/><E48/><V135/><F129/><W17/><G17/><T59/><D63/><U113/><E113/><V121/><F121/><W6/><G6/><T37/><D37/><U117/><E117/><V115/><F115/><W97/><G74/><AGARI ba="2,1" hai="15,18,20,24,31,33,57,61,66,72,73,74,108,109" machi="74" ten="40,2000,0" yaku="1,1,53,0" doraHai="131" doraHaiUra="86" who="1" fromWho="3" sc="245,0,277,36,275,0,193,-26" /><INIT seed="1,3,0,2,2,100" ten="245,313,275,167" oya="1" hai0="59,89,23,3,2,25,52,133,28,128,29,37,47" hai1="109,102,20,131,95,7,44,117,124,39,75,110,122" hai2="31,87,67,127,88,126,80,101,112,111,9,49,120" hai3="54,53,14,57,6,38,1,17,56,77,104,78,63"/><U74/><E117/><V135/><F120/><W0/><G38/><T65/><D133/><U62/><E122/><V134/><F111/><N who="1" m="42505" /><E7/><V45/><F67/><W51/><G104/><T121/><D128/><U119/><E119/><V16/><F101/><W125/><G125/><N who="2" m="47625" /><F31/><W107/><G107/><T115/><D115/><U26/><E124/><V98/><F98/><W96/><G96/><T12/><D121/><U18/><E131/><V48/><F112/><W64/><G6/><T129/><D129/><U42/><E62/><V85/><F85/><W91/><G91/><T50/><D12/><U114/><E114/><V4/><F4/><W46/><G0/><T35/><D35/><U8/><E8/><V116/><F116/><W60/><REACH who="3" step="1"/><G1/><REACH who="3" ten="245,313,275,157" step="2"/><T97/><D3/><U103/><E103/><V130/><F130/><W61/><G61/><N who="0" m="38079" /><D37/><U58/><E102/><V70/><F70/><W19/><G19/><N who="0" m="12543" /><D2/><U90/><E58/><V113/><F113/><W13/><G13/><T40/><D97/><AGARI ba="3,1" hai="18,20,26,39,42,44,74,75,90,95,97" m="42505" machi="97" ten="30,2900,0" yaku="14,1,10,1" doraHai="100" who="1" fromWho="0" sc="245,-38,313,48,275,0,157,0" /><INIT seed="1,4,0,4,5,28" ten="207,361,275,157" oya="1" hai0="69,10,3,30,8,24,5,56,102,19,92,93,70" hai1="68,72,126,21,64,67,131,75,46,99,52,2,90" hai2="107,124,38,13,6,83,54,105,33,73,61,78,27" hai3="23,96,118,1,36,14,29,45,86,127,114,32,97"/><U110/><E2/><V122/><F122/><W76/><G1/><T18/><D56/><U113/><E113/><V63/><F38/><W41/><G114/><T59/><D59/><U101/><E131/><V95/><F124/><W100/><G127/><T71/><D102/><U135/><E126/><V34/><F27/><W120/><G120/><T44/><D44/><U51/><E135/><V80/><F95/><W0/><G0/><T112/><D112/><U57/><E68/><V62/><F54/><W89/><G76/><T84/><D10/><U103/><E110/><V123/><F123/><W65/><G65/><T88/><REACH who="0" step="1"/><D93/><REACH who="0" ten="197,361,275,157" step="2"/><N who="1" m="56759" /><E72/><V53/><F53/><W43/><G100/><T66/><D66/><U134/><E75/><V22/><F73/><W26/><G43/><T11/><D11/><U9/><E67/><V94/><F94/><W121/><G121/><T87/><D87/><U35/><E101/><V42/><F42/><W115/><G115/><T129/><D129/><U133/><E103/><V85/><F80/><W108/><G108/><T49/><D49/><U125/><E9/><V116/><F116/><W130/><G130/><T74/><D74/><U7/><E125/><V119/><F119/><W16/><REACH who="3" step="1"/><G118/><REACH who="3" ten="197,361,275,147" step="2"/><T17/><D17/><U15/><E64/><V60/><F6/><W31/><G31/><T98/><D98/><U50/><E7/><V20/><F78/><W25/><G25/><T39/><D39/><U47/><E133/><V82/><F82/><AGARI ba="4,2" hai="14,16,23,26,29,32,36,41,45,82,86,89,96,97" machi="82" ten="30,7700,0" yaku="1,1,7,1,52,1,54,1,53,0" doraHai="28" doraHaiUra="58" who="3" fromWho="2" sc="197,0,361,0,275,-89,147,109" /><INIT seed="2,0,0,2,2,102" ten="197,361,186,256" oya="2" hai0="40,31,9,126,124,93,66,130,92,117,6,109,83" hai1="24,106,59,76,63,135,101,20,15,132,14,80,134" hai2="88,97,29,38,17,99,133,69,19,4,25,8,81" hai3="73,64,32,110,114,54,37,71,48,100,1,42,104"/><V41/><F69/><W28/><G73/><T23/><D109/><U45/><E45/><V120/><F120/><W21/><G21/><T108/><D108/><U13/><E101/><V26/><F133/><W74/><G74/><T62/><D130/><U3/><E3/><V5/><F38/><W72/><G72/><T75/><D40/><U95/><E95/><V55/><F41/><W58/><G1/><T118/><D23/><U51/><E51/><V35/><F55/><W103/><G110/><T52/><D31/><U67/><E106/><V43/><F43/><W78/><G78/><N who="0" m="44511" /><D52/><U79/><REACH who="1" step="1"/><E80/><REACH who="1" ten="197,351,186,256" step="2"/><V0/><F81/><W115/><G104/><T68/><D93/><U44/><E44/><V10/><F88/><W121/><G103/><T36/><D92/><U56/><E56/><V60/><F60/><N who="3" m="40327" /><G100/><T77/><D36/><U82/><E82/><V111/><F111/><W47/><G121/><T113/><D77/><U61/><E61/><V131/><F131/><W22/><G37/><T49/><D49/><U65/><E65/><V94/><F94/><W87/><G47/><T119/><D113/><U105/><E105/><V27/><F99/><W128/><G128/><T12/><AGARI ba="0,1" hai="6,9,12,62,66,68,117,118,119,124,126" m="44511" machi="12" ten="40,1500,0" yaku="12,1" doraHai="102" who="0" fromWho="0" sc="197,25,351,-4,186,-7,256,-4" /><INIT seed="3,0,0,0,5,2" ten="222,347,179,252" oya="3" hai0="71,52,19,133,115,113,13,128,10,64,78,15,90" hai1="29,92,129,38,89,40,39,7,12,118,105,34,51" hai2="27,25,11,100,106,91,48,47,18,94,122,99,127" hai3="42,23,22,4,1,76,49,88,5,123,56,95,68"/><W70/><G123/><T9/><D133/><U98/><E129/><V107/><F122/><W44/><G76/><T63/><D128/><U35/><E105/><V31/><F127/><W124/><G124/><T57/><D78/><U132/><E132/><V130/><F130/><W134/><G134/><T74/><D74/><U43/><E38/><V62/><F62/><W8/><G4/><T81/><D81/><U54/><E39/><V3/><F107/><W37/><G56/><T50/><REACH who="0" step="1"/><D90/><REACH who="0" ten="212,347,179,252" step="2"/><U6/><E89/><V77/><F77/><W41/><G37/><T97/><D97/><U0/><E98/><V84/><F31/><W126/><G126/><T135/><D135/><U108/><E29/><V55/><F3/><W24/><G42/><T72/><D72/><U125/><E0/><V66/><F66/><W14/><G1/><T28/><D28/><U83/><E40/><V101/><F101/><W26/><G68/><T33/><D33/><U75/><E43/><V82/><F106/><W110/><G70/><T104/><D104/><U117/><E75/><V79/><F79/><W111/><G111/><T109/><D109/><U85/><E108/><V45/><F45/><W131/><G131/><T87/><D87/><U102/><E85/><V116/><F116/><W30/><G110/><T21/><D21/><N who="3" m="7689" /><G30/><T96/><D96/><AGARI ba="0,1" hai="5,8,14,24,26,41,44,49,88,95,96" m="7689" machi="96" ten="30,5800,0" yaku="8,1,52,1,54,1" doraHai="2" who="3" fromWho="0" sc="212,-58,347,0,179,0,252,68" /><INIT seed="3,1,0,0,0,59" ten="154,347,179,320" oya="3" hai0="47,26,118,56,103,13,80,36,86,123,104,91,48" hai1="115,90,34,37,84,3,4,5,20,63,45,116,124" hai2="100,23,8,15,98,127,6,41,106,134,70,97,76" hai3="46,130,10,51,129,7,29,107,93,11,2,125,53"/><W12/><G107/><T119/><D123/><U105/><E34/><V25/><F127/><W85/><G125/><T28/><D36/><U18/><E115/><V55/><F134/><W74/><G74/><T101/><D13/><U73/><E73/><V33/><F33/><W96/><G29/><T65/><D104/><U1/><E105/><V49/><F70/><W52/><G53/><T60/><D118/><U30/><E30/><V94/><F76/><W0/><G85/><T133/><D133/><U75/><E75/><V64/><F64/><W50/><G50/><T117/><D119/><U132/><E1/><V78/><F78/><W121/><G121/><T66/><D66/><U61/><E3/><V17/><F41/><W62/><G62/><N who="1" m="23562" /><E124/><V24/><F24/><W89/><REACH who="3" step="1"/><G0/><REACH who="3" ten="154,347,179,310" step="2"/><T38/><D38/><U40/><E37/><V108/><F106/><W95/><G95/><T92/><D92/><N who="1" m="54343" /><E132/><V35/><F94/><W58/><G58/><T67/><D67/><U99/><E116/><V88/><F98/><W111/><G111/><T42/><REACH who="0" step="1"/><D117/><REACH who="0" ten="144,347,179,310" step="2"/><U14/><E99/><V22/><F97/><W128/><G128/><T83/><D83/><U16/><E40/><V110/><F110/><W82/><G82/><T9/><D9/><N who="1" m="6223" /><E45/><V112/><F108/><W131/><G131/><T57/><D57/><U109/><E109/><V72/><F112/><W69/><G69/><T44/><D44/><U135/><E135/><V113/><F113/><W39/><G39/><T122/><D122/><U81/><E81/><V71/><F71/><W102/><G102/><T114/><D114/><RYUUKYOKU ba="1,2" sc="144,10,347,10,179,-30,310,10" hai0="26,28,42,47,48,56,60,65,80,86,91,101,103" hai1="4,5,18,20" hai3="2,7,10,11,12,46,51,52,89,93,96,129,130" /><INIT seed="3,2,2,4,4,118" ten="154,357,149,320" oya="3" hai0="52,59,57,135,27,91,35,4,121,39,69,10,131" hai1="100,126,15,64,127,68,53,56,79,44,123,25,55" hai2="34,9,58,48,3,26,71,37,54,124,13,130,6" hai3="116,81,36,109,122,117,94,115,114,75,119,63,0"/><W99/><G0/><T16/><D69/><U98/><E79/><V108/><F130/><W8/><G36/><T95/><D39/><U11/><E25/><V46/><F108/><W97/><G8/><T73/><D73/><U49/><E123/><V107/><F124/><N who="1" m="47657" /><E68/><V72/><F107/><W60/><G60/><T90/><D131/><U20/><E20/><V67/><F72/><W101/><G63/><T80/><D135/><U129/><E64/><V120/><F120/><W88/><G109/><T96/><D121/><U45/><E53/><V2/><F26/><W78/><G122/><T19/><D59/><U30/><E30/><V104/><F34/><W22/><G22/><T5/><D35/><U24/><E24/><V51/><F104/><AGARI ba="2,2" hai="75,78,81,88,94,97,99,101,104,114,115,116,117,119" machi="104" ten="40,12000,1" yaku="34,3,54,1" doraHai="118" who="3" fromWho="2" sc="154,0,357,0,149,-126,320,146" /><INIT seed="3,3,0,3,0,60" ten="154,357,23,466" oya="3" hai0="11,103,110,9,88,56,55,1,93,100,21,82,135" hai1="94,90,50,132,7,86,36,12,42,129,81,83,70" hai2="6,116,19,25,67,75,16,2,112,28,76,115,104" hai3="64,59,114,15,38,26,57,84,30,121,35,122,10"/><W113/><G38/><T108/><D135/><U78/><E36/><V71/><F116/><W80/><G114/><T18/><D82/><U87/><E70/><V79/><F104/><W54/><G113/><T77/><D77/><U4/><E129/><V37/><F37/><W106/><G106/><T107/><D107/><U62/><E132/><V124/><F124/><W130/><G130/><T68/><D68/><U95/><E62/><V125/><F125/><W46/><G46/><T131/><D131/><U43/><E50/><V44/><F44/><W8/><G64/><T53/><D55/><U3/><E3/><V58/><F71/><W74/><G74/><T111/><D103/><U41/><E12/><V96/><F96/><W48/><G59/><T99/><D100/><U49/><E49/><V5/><F58/><W118/><G118/><T32/><D32/><U72/><E72/><V33/><F75/><W27/><G27/><N who="0" m="14775" /><D1/><U123/><E123/><V22/><F115/><W51/><G51/><AGARI ba="3,0" hai="9,11,51,53,56,88,93,99,108,110,111" m="14775" machi="51" ten="30,2000,0" yaku="14,1,54,1" doraHai="60" who="0" fromWho="3" sc="154,29,357,0,23,0,466,-29" /><INIT seed="4,0,0,3,4,85" ten="183,357,23,437" oya="0" hai0="47,93,60,82,86,41,101,48,64,70,22,8,90" hai1="68,40,96,114,102,75,91,52,29,109,25,9,51" hai2="106,123,31,49,105,4,132,11,18,124,2,69,92" hai3="55,24,83,112,111,38,42,122,81,56,12,13,97"/><T120/><D120/><U37/><E109/><V128/><F123/><W54/><G122/><T77/><D101/><U32/><E75/><V28/><F128/><W107/><G111/><T98/><D22/><U130/><E130/><V110/><F110/><W135/><G112/><T76/><REACH who="0" step="1"/><D8/><REACH who="0" ten="173,357,23,437" step="2"/><U84/><E102/><V72/><F132/><W16/><G135/><T20/><D20/><U53/><E114/><V67/><F124/><W89/><G107/><T95/><D95/><U50/><E9/><V34/><F106/><W43/><G81/><T125/><D125/><U113/><E113/><V19/><F105/><W99/><G83/><T73/><D73/><U61/><E32/><V126/><F72/><W131/><G131/><T6/><D6/><U66/><E29/><V74/><F74/><W119/><G119/><T23/><D23/><U44/><E25/><V57/><F126/><W80/><G80/><T100/><AGARI ba="0,1" hai="41,47,48,60,64,70,76,77,82,86,90,93,98,100" machi="100" ten="20,7800,0" yaku="1,1,0,1,7,1,52,1,53,0" doraHai="85" doraHaiUra="116" who="0" fromWho="0" sc="173,88,357,-26,23,-26,437,-26" owari="261,-13.9,331,13.1,-3,-50.3,411,51.1" /></mjloggm>