<mjloggm ver="2.3"><GO type="169" lobby="0"/><UN n0="%E3%83%95%E3%83%AA%E3%83%86%E3%83%B3%E4%B8%89%E9%83%8E" n1="%E6%9C%AC%E5%AE%B6%E3%81%8B%E3%81%BE%E3%81%A9%E3%82%84" n2="%E6%A4%9B%E5%8D%97" n3="%E6%84%9A%E5%85%84%E3%81%8C%E6%84%9A%E5%BD%A2" dan="16,16,18,18" rate="2052.96,2122.71,2209.71,2212.70" sx="M,M,F,M"/><TAIKYOKU oya="0"/><INIT seed="0,0,0,5,5,104" ten="250,250,250,250" oya="0" hai0="59,126,33,57,83,86,20,49,27,21,108,110,120" hai1="0,78,73,76,13,64,19,58,109,60,32,23,71" hai2="35,74,112,46,119,101,5,130,51,117,66,133,11" hai3="24,114,118,29,90,36,107,111,37,52,124,96,91"/><T79/><D120/><U54/><E109/><N who="0" m="42089" /><D126/><U50/><E32/><V53/><F112/><W8/><G114/><T55/><D59/><U28/><E0/><V10/><F35/><W61/><G118/><N who="2" m="45065" /><F133/><W123/><G124/><T94/><D94/><U7/><E7/><V30/><F30/><AGARI ba="0,0" hai="20,21,27,30,33,49,55,57,79,83,86" m="42089" machi="30" ten="30,2900,0" yaku="14,1,10,1" doraHai="104" who="0" fromWho="2" sc="250,29,250,0,250,-29,250,0" /><INIT seed="0,1,0,1,4,95" ten="279,250,221,250" oya="0" hai0="12,111,76,121,133,131,83,8,126,128,78,96,112" hai1="81,100,115,43,7,127,134,93,101,1,49,62,82" hai2="26,6,36,22,70,34,69,57,122,55,44,118,37" hai3="11,91,88,130,107,110,0,14,13,66,53,41,2"/><T23/><D112/><U117/><E117/><V106/><F118/><W77/><G41/><T105/><D121/><U97/><E115/><V114/><F114/><W85/><G66/><T108/><D23/><U27/><E1/><V80/><F34/><W54/><G110/><N who="0" m="42027" /><D126/><U74/><E7/><V103/><F6/><W75/><G75/><T104/><D133/><U32/><E101/><V48/><F80/><W40/><G40/><T86/><D76/><U135/><E127/><V63/><F122/><W46/><G77/><T31/><D31/><N who="1" m="19583" /><E62/><V16/><F103/><W119/><G119/><T42/><D42/><U116/><E74/><V65/><REACH who="2" step="1"/><F106/><REACH who="2" ten="279,250,211,250" step="2"/><N who="0" m="41066" /><D96/><U129/><E116/><V124/><F124/><W4/><G107/><T64/><D64/><U29/><E97/><V25/><F25/><W18/><G0/><T67/><D67/><U38/><E82/><V59/><F59/><W125/><G2/><T71/><D71/><AGARI ba="1,1" hai="16,22,26,36,37,44,48,55,57,63,65,69,70,71" machi="71" ten="40,5200,0" yaku="1,1,54,1,53,1" doraHai="95" doraHaiUra="20" who="2" fromWho="0" sc="279,-55,250,0,211,65,250,0" /><INIT seed="1,0,0,4,2,36" ten="224,250,276,250" oya="1" hai0="88,42,101,45,35,131,20,13,17,130,58,48,61" hai1="29,24,68,73,2,103,15,21,121,23,82,25,47" hai2="16,56,126,99,59,77,27,38,53,40,79,54,127" hai3="119,114,65,12,83,34,89,39,55,1,98,118,22"/><U116/><E116/><V106/><F106/><W3/><G34/><T49/><D35/><U51/><E121/><V134/><F134/><W105/><G114/><T124/><D124/><N who="2" m="47658" /><F99/><W78/><G65/><T19/><D101/><U14/><E68/><V102/><F102/><W70/><G70/><T91/><D19/><U110/><E2/><V60/><F38/><W84/><G39/><T86/><D49/><U7/><E110/><V50/><F40/><W122/><G122/><T129/><REACH who="0" step="1"/><D86/><REACH who="0" ten="214,250,276,250" step="2"/><U128/><E103/><V115/><F115/><W44/><G118/><T96/><D96/><U63/><E7/><V75/><F75/><W90/><G98/><T94/><D94/><U100/><E100/><V120/><F120/><W4/><G105/><T95/><D95/><U33/><E33/><V28/><F16/><W135/><G4/><T71/><D71/><U52/><E73/><V107/><F107/><W11/><G119/><T5/><D5/><U72/><E63/><V93/><F93/><W64/><G84/><T18/><D18/><U10/><E72/><V57/><F57/><W43/><G83/><T92/><D92/><U8/><E82/><V0/><F59/><W81/><G81/><T46/><D46/><U6/><E128/><V112/><F112/><W108/><G44/><T9/><D9/><N who="1" m="3691" /><E6/><V37/><F37/><W32/><G32/><T104/><D104/><U66/><E66/><AGARI ba="0,1" hai="13,17,20,42,45,48,58,61,66,88,91,129,130,131" machi="66" ten="40,8000,1" yaku="1,1,19,1,52,1,54,1,53,0" doraHai="36" doraHaiUra="97" who="0" fromWho="1" sc="214,90,250,-80,276,0,250,0" /><INIT seed="2,0,0,0,3,16" ten="304,170,276,250" oya="2" hai0="128,46,2,28,50,81,29,90,39,4,129,27,110" hai1="31,61,42,133,19,59,124,84,44,126,104,130,15" hai2="69,93,103,55,72,26,105,120,0,99,74,40,82" hai3="47,132,65,70,87,12,102,20,53,67,112,24,135"/><V8/><F120/><W3/><G3/><T114/><D114/><U92/><E104/><V52/><F69/><W34/><G102/><T5/><D39/><U106/><E106/><V96/><F40/><W127/><G112/><T122/><D122/><U7/><E31/><V111/><F111/><W88/><G34/><T43/><D110/><U60/><E7/><V80/><F0/><W83/><G12/><T121/><D121/><U76/><E130/><N who="0" m="50281" /><D2/><U73/><E73/><V94/><F8/><W38/><G127/><N who="1" m="48682" /><E133/><N who="3" m="51274" /><G70/><T131/><D131/><U62/><E92/><V95/><F26/><W97/><G97/><T36/><D36/><N who="1" m="21575" /><E84/><V41/><F41/><N who="3" m="22967" /><G53/><T45/><D45/><U113/><E76/><N who="2" m="44039" /><F52/><W48/><G48/><T32/><D28/><AGARI ba="0,0" hai="20,24,28,65,67,83,87,88" m="22967,51274" machi="28" ten="30,3900,0" yaku="20,1,52,1,54,1" doraHai="16" who="3" fromWho="0" sc="304,-39,170,0,276,0,250,39" /><INIT seed="3,0,0,1,2,61" ten="265,170,276,289" oya="3" hai0="59,117,5,32,4,55,17,81,83,21,134,119,8" hai1="105,122,78,70,112,44,48,88,42,72,46,76,40" hai2="18,2,15,56,115,51,66,54,125,114,128,103,67" hai3="94,89,37,28,9,12,52,11,30,135,36,49,65"/><W102/><G135/><T109/><D32/><U62/><E122/><V58/><F2/><W43/><G102/><T60/><D134/><U35/><E105/><V110/><F110/><W31/><G43/><T127/><D109/><U75/><E112/><V86/><F128/><W120/><G120/><T71/><D127/><U26/><E75/><V50/><F125/><W57/><G9/><T121/><D121/><U113/><E72/><V97/><F86/><W29/><N who="3" m="7168" /><DORA hai="6" /><W1/><G65/><T69/><D69/><U107/><E107/><V38/><F38/><W100/><G100/><T104/><D104/><U53/><E35/><V84/><F84/><W34/><G1/><T7/><D71/><U23/><E113/><V93/><F115/><W133/><G133/><T41/><D41/><U116/><E116/><V77/><F77/><W14/><G14/><T73/><D8/><U91/><E78/><V45/><F114/><W92/><G34/><T74/><D74/><U96/><E76/><V98/><F97/><W19/><REACH who="3" step="1"/><G94/><REACH who="3" ten="265,170,276,279" step="2"/><T90/><D117/><U10/><E10/><N who="2" m="6519" /><F58/><W25/><G25/><T101/><D119/><U129/><E70/><V47/><F56/><W118/><G118/><T63/><D59/><U131/><E26/><V0/><F0/><W22/><G22/><T80/><D21/><U64/><E23/><V82/><F82/><W33/><G33/><T27/><D80/><U24/><E24/><V126/><F126/><W111/><G111/><T132/><D81/><U68/><E129/><V39/><F39/><W108/><G108/><T3/><D132/><RYUUKYOKU ba="0,1" sc="265,-15,170,-15,276,15,279,15" hai2="45,47,50,51,54,66,67,93,98,103" hai3="11,12,19,36,37,49,52,57,89,92" /><INIT seed="3,1,1,3,2,23" ten="250,155,291,294" oya="3" hai0="7,117,34,5,98,62,8,50,21,107,102,63,95" hai1="92,73,109,22,52,44,104,105,118,96,20,3,135" hai2="31,10,75,48,33,121,66,127,35,93,114,78,53" hai3="14,131,58,64,55,29,6,17,83,89,81,70,49"/><W19/><G131/><T67/><D117/><U128/><E73/><V36/><F114/><W97/><G29/><T46/><D34/><U71/><E3/><V126/><F36/><W90/><G6/><T41/><D107/><U120/><E71/><V26/><F121/><W134/><G134/><T45/><D8/><U9/><E120/><V86/><F66/><W79/><G19/><T56/><D46/><U28/><E109/><V47/><F35/><W15/><G15/><T51/><D51/><U27/><E118/><V57/><F75/><W42/><G42/><T125/><D125/><U91/><E9/><V87/><F47/><W111/><G111/><T32/><D32/><U65/><E128/><V85/><F78/><W115/><G115/><T119/><D119/><U76/><E76/><V43/><F43/><W112/><G112/><T39/><D39/><U99/><E65/><V94/><REACH who="2" step="1"/><F10/><REACH who="2" ten="250,155,281,294" step="2"/><N who="3" m="6359" /><G79/><T106/><D67/><U12/><E135/><V88/><F88/><N who="3" m="33899" /><G70/><T100/><D41/><U11/><E99/><V108/><F108/><W18/><G97/><T1/><D98/><U4/><E22/><V38/><F38/><W72/><G72/><T77/><D21/><U69/><E69/><V110/><F110/><W13/><G64/><T103/><D45/><U129/><E129/><V61/><F61/><W122/><G122/><T68/><D62/><U123/><E123/><V116/><F116/><W133/><G133/><T124/><D63/><U30/><E30/><V101/><F101/><W113/><G113/><T59/><D68/><U40/><E40/><V24/><F24/><RYUUKYOKU ba="1,2" sc="250,-30,155,10,281,10,294,10" hai1="4,11,12,20,27,28,44,52,91,92,96,104,105" hai2="26,31,33,48,53,57,85,86,87,93,94,126,127" hai3="13,18,49,55,58,81,83" /><INIT seed="3,2,2,5,4,107" ten="220,165,291,304" oya="3" hai0="127,5,50,30,99,37,19,51,28,75,77,29,73" hai1="114,126,91,128,41,70,57,78,6,67,102,117,24" hai2="33,80,59,38,119,123,120,129,23,26,84,65,21" hai3="10,61,1,40,94,104,72,56,44,34,116,106,134"/><W3/><G116/><T66/><D37/><U112/><E70/><V68/><F68/><W83/><G34/><T76/><D127/><U110/><E41/><V27/><F38/><N who="3" m="21527" /><G94/><T115/><D5/><U89/><E57/><V97/><F119/><W125/><G1/><T52/><D66/><U101/><E67/><V121/><F97/><W93/><G93/><T111/><D111/><U47/><E47/><V113/><F113/><W64/><G134/><T36/><D36/><U31/><E6/><V63/><F129/><W109/><G125/><T53/><D19/><U11/><E11/><V82/><F33/><W88/><G88/><T96/><REACH who="0" step="1"/><D30/><REACH who="0" ten="210,165,291,304" step="2"/><U9/><E31/><N who="2" m="17871" /><F84/><W54/><G109/><T0/><D0/><U58/><E110/><V48/><F48/><W4/><G64/><T105/><D105/><U49/><E49/><V17/><AGARI ba="2,3" hai="17,23,27,59,63,65,80,82,120,121,123" m="17871" machi="17" ten="30,1100,0" yaku="13,1" doraHai="107" who="2" fromWho="2" sc="210,-5,165,-5,291,47,304,-7" /><INIT seed="4,0,0,1,1,95" ten="205,160,338,297" oya="0" hai0="5,119,102,96,16,70,125,98,105,130,73,52,48" hai1="43,91,12,111,30,59,131,113,65,62,33,122,90" hai2="3,115,60,103,69,126,128,1,18,49,77,6,118" hai3="27,88,57,107,83,8,81,10,37,22,75,40,76"/><T127/><D119/><U78/><E111/><V23/><F115/><W104/><G37/><T58/><D73/><U85/><E122/><V15/><F128/><W0/><G40/><T66/><D130/><U100/><E131/><V28/><F126/><N who="0" m="48138" /><D5/><U129/><E129/><V7/><F77/><W55/><G107/><N who="0" m="63943" /><D16/><U19/><E113/><V21/><F103/><W93/><G104/><T39/><D39/><U44/><E100/><V89/><F89/><W117/><G117/><T67/><D70/><U68/><E68/><V61/><F69/><W53/><G81/><T11/><D11/><U51/><E30/><V36/><F36/><W71/><G71/><T26/><D26/><U24/><E24/><V108/><F108/><W84/><G0/><T20/><D20/><N who="1" m="11367" /><E33/><V94/><F28/><W14/><G14/><T46/><D58/><U123/><E123/><V92/><F15/><W124/><G124/><T29/><D29/><U32/><E32/><V106/><F18/><W25/><G25/><T64/><D64/><U132/><E132/><V74/><F106/><W82/><G22/><T87/><D87/><U34/><E34/><V45/><F74/><W13/><G27/><T17/><D17/><U50/><E85/><V134/><F118/><W41/><G8/><T112/><D112/><U56/><E78/><V35/><F35/><W120/><G120/><T63/><D63/><U109/><E109/><V31/><F31/><W116/><G116/><T9/><D9/><U47/><E56/><V2/><F2/><W101/><G75/><T110/><D110/><U4/><E4/><RYUUKYOKU ba="0,0" sc="205,15,160,15,338,-15,297,-15" hai0="46,48,52,66,67,98,105" hai1="43,44,47,50,51,59,62,65,90,91" /><INIT seed="4,1,0,4,5,99" ten="220,175,323,282" oya="0" hai0="71,111,62,55,52,42,102,90,65,133,1,15,37" hai1="47,53,112,100,81,23,125,13,4,83,132,9,40" hai2="3,31,54,134,6,45,120,50,32,35,130,87,63" hai3="104,34,119,93,20,7,110,122,117,72,80,127,118"/><T114/><D1/><U121/><E121/><V68/><F134/><W126/><G34/><T73/><D73/><U12/><E132/><V39/><F130/><W77/><G7/><T8/><D133/><U135/><E135/><V51/><F120/><W5/><G5/><T66/><D114/><U18/><E125/><N who="3" m="47626" /><G122/><T116/><D116/><U101/><E53/><V103/><F39/><W128/><G110/><T33/><D33/><U108/><E108/><V56/><F31/><W41/><G41/><T75/><D75/><U30/><E30/><V113/><F113/><W74/><G104/><T105/><D66/><U109/><E112/><V27/><F6/><W0/><G0/><T78/><D78/><U59/><E59/><V24/><F3/><W11/><G11/><T89/><D111/><U36/><REACH who="1" step="1"/><E109/><REACH who="1" ten="220,165,323,282" step="2"/><V67/><F56/><W85/><G117/><T129/><D55/><U107/><E107/><V79/><F54/><W26/><G118/><T96/><D52/><U19/><E19/><V91/><F68/><W60/><G119/><T86/><D129/><U46/><E46/><V44/><F44/><W10/><G128/><T49/><D71/><U25/><E25/><V88/><F45/><W58/><G58/><T61/><D105/><U17/><E17/><V84/><F27/><W69/><G26/><T131/><D131/><U28/><E28/><V43/><F24/><W106/><G106/><T48/><D65/><U124/><E124/><V97/><F35/><W123/><G69/><T92/><D42/><U38/><E38/><V82/><F32/><W14/><G123/><RYUUKYOKU ba="1,1" sc="220,-10,165,30,323,-10,282,-10" hai1="4,9,12,13,18,23,36,40,47,81,83,100,101" /><INIT seed="5,2,1,4,0,64" ten="210,195,313,272" oya="1" hai0="67,23,58,100,31,42,50,32,48,108,34,20,107" hai1="57,114,133,16,96,105,35,36,129,135,4,44,49" hai2="83,62,2,127,98,51,99,78,45,13,22,130,84" hai3="37,75,90,111,95,30,68,27,120,38,113,10,41"/><U93/><E114/><V115/><F115/><W21/><G111/><T3/><D108/><U124/><E129/><V59/><F2/><W88/><G113/><T9/><D107/><U70/><E124/><V29/><F130/><W46/><G75/><T89/><D100/><U72/><E105/><V1/><F1/><W43/><G120/><T106/><D106/><U76/><E35/><V103/><F127/><W77/><G77/><T123/><D123/><U11/><E36/><V86/><F86/><W128/><G128/><T85/><D32/><U15/><E76/><V126/><F103/><W122/><G122/><T40/><D34/><U97/><E72/><V63/><F63/><W24/><G10/><T102/><D102/><N who="1" m="60687" /><E70/><V79/><F79/><W65/><G24/><N who="0" m="16775" /><D23/><U52/><E97/><V104/><F104/><W28/><G28/><T117/><D9/><U91/><E91/><V82/><F82/><W17/><G30/><T71/><D71/><U0/><E0/><V61/><F29/><W56/><G68/><T110/><D3/><U19/><E44/><V69/><F69/><W53/><G37/><T131/><D117/><U25/><E25/><V81/><F126/><W119/><G38/><T116/><D116/><U112/><E112/><V132/><F78/><W47/><G47/><T33/><D33/><U8/><E11/><V6/><F45/><W134/><G119/><T121/><D121/><U12/><E12/><V92/><F13/><W39/><G39/><T87/><D110/><U54/><E54/><V73/><F73/><W7/><G46/><N who="0" m="25671" /><D131/><U118/><E118/><RYUUKYOKU ba="2,1" sc="210,-10,195,30,313,-10,272,-10" hai1="4,8,15,16,19,49,52,57,133,135" /><INIT seed="5,3,1,0,5,120" ten="200,225,303,262" oya="1" hai0="52,49,70,82,118,58,64,33,83,73,77,132,93" hai1="41,48,4,121,55,130,10,74,115,35,133,126,7" hai2="40,0,125,124,24,69,105,50,22,79,13,99,112" hai3="71,31,94,88,6,123,96,28,11,111,27,104,65"/><U56/><E121/><V47/><F0/><W38/><G123/><T102/><D118/><U39/><E74/><V17/><F69/><W119/><G38/><T57/><D33/><U114/><E35/><V98/><F112/><N who="1" m="43049" /><E126/><N who="2" m="48747" /><F105/><W43/><G43/><T68/><D132/><U127/><E127/><V42/><F42/><W54/><G119/><T108/><D108/><U128/><E133/><V62/><F62/><W23/><G111/><T63/><REACH who="0" step="1"/><D83/><REACH who="0" ten="190,225,303,262" step="2"/><U78/><E78/><V109/><F109/><W9/><G104/><T1/><D1/><N who="1" m="271" /><E7/><V76/><F76/><W100/><G6/><T8/><D8/><U60/><E39/><V34/><F79/><W12/><G11/><T117/><D117/><U84/><E84/><V53/><F34/><W91/><G9/><T107/><D107/><U110/><E110/><V72/><F72/><W75/><G75/><T106/><D106/><U129/><E129/><V85/><F85/><W21/><G21/><T15/><D15/><U20/><E20/><V29/><F13/><W81/><G12/><T66/><D66/><U45/><AGARI ba="3,2" hai="41,45,48,55,56,60,128,130" m="271,43049" machi="45" ten="30,1500,0" yaku="15,1" doraHai="120" who="1" fromWho="1" sc="190,-8,225,44,303,-8,262,-8" /><INIT seed="5,4,0,5,2,2" ten="182,269,295,254" oya="1" hai0="93,114,23,45,128,34,101,102,120,71,20,8,109" hai1="44,127,46,43,89,134,11,92,42,104,85,41,94" hai2="81,27,35,50,62,95,51,18,88,70,37,105,4" hai3="10,68,38,110,116,57,84,22,91,132,124,83,54"/><U55/><E104/><V135/><F37/><W14/><G110/><T12/><D109/><U78/><E127/><V3/><F105/><W112/><G124/><T17/><D34/><U48/><E134/><V7/><F135/><W123/><G112/><T9/><D71/><U106/><E106/><V98/><F3/><W39/><G68/><T108/><D108/><U15/><E78/><V80/><F70/><W5/><G123/><T36/><D114/><U13/><E94/><V64/><F35/><W63/><G132/><T47/><D128/><U97/><E97/><V49/><F62/><W115/><G115/><T19/><D120/><U40/><REACH who="1" step="1"/><E11/><REACH who="1" ten="182,259,295,254" step="2"/><V77/><F77/><W113/><G113/><T56/><D93/><U29/><E29/><V73/><F98/><W119/><REACH who="3" step="1"/><G22/><REACH who="3" ten="182,259,295,244" step="2"/><T86/><D20/><U75/><E75/><V66/><F73/><W69/><G69/><T122/><D23/><U33/><E33/><V87/><F80/><W67/><G67/><T59/><D122/><U126/><E126/><V131/><F81/><W79/><G79/><T133/><D133/><U6/><E6/><N who="2" m="2091" /><F131/><W125/><G125/><T72/><D72/><U90/><E90/><V61/><F66/><W96/><G96/><T32/><D32/><U117/><E117/><AGARI ba="4,2" hai="5,10,14,38,39,54,57,63,83,84,91,116,117,119" machi="117" ten="40,5200,0" yaku="1,1,12,1,52,1,53,0" doraHai="2" doraHaiUra="25" who="3" fromWho="1" sc="182,0,259,-64,295,0,244,84" /><INIT seed="6,0,0,1,2,76" ten="182,195,295,328" oya="2" hai0="29,126,88,48,80,103,4,109,135,71,22,14,12" hai1="67,38,123,20,120,21,15,53,115,91,39,104,27" hai2="47,34,68,78,61,108,46,64,133,82,23,102,66" hai3="50,132,131,121,32,41,43,90,113,36,56,129,42"/><V31/><F133/><W2/><G2/><T124/><D109/><U54/><E115/><V58/><F108/><W49/><G32/><T55/><D71/><U112/><E112/><V128/><F128/><N who="3" m="49227" /><G113/><T79/><D135/><U110/><E104/><V33/><F66/><W84/><G121/><N who="1" m="46666" /><E67/><V73/><F68/><W13/><G13/><T16/><D103/><U5/><E91/><V75/><F75/><W74/><G74/><T57/><D29/><N who="1" m="17639" /><E110/><V26/><REACH who="2" step="1"/><F102/><REACH who="2" ten="182,195,285,328" step="2"/><W87/><G132/><T117/><D117/><U19/><E5/><V10/><F10/><W30/><G36/><AGARI ba="0,1" hai="15,19,21,36,38,39,53,54" m="17639,46666" machi="36" ten="30,1000,0" yaku="13,1" doraHai="76" who="1" fromWho="3" sc="182,0,195,20,285,0,328,-10" /><INIT seed="7,0,0,5,4,102" ten="182,215,285,318" oya="3" hai0="119,64,93,0,97,72,33,56,31,18,7,58,24" hai1="59,108,5,34,35,40,128,85,44,123,41,42,79" hai2="43,12,62,52,95,8,47,4,13,48,100,11,45" hai3="57,9,38,132,16,90,98,117,120,107,105,61,84"/><W76/><G120/><T15/><D119/><U2/><E108/><V46/><F62/><W63/><G38/><T109/><D109/><U92/><E123/><V110/><F110/><W94/><G63/><T87/><D72/><U74/><E128/><V36/><F100/><W66/><G117/><T129/><D129/><U124/><E124/><V104/><F104/><W23/><G9/><T118/><D118/><U17/><E2/><V101/><F101/><W73/><G73/><T10/><D87/><U135/><E5/><V113/><F113/><W55/><G66/><T68/><D68/><U22/><E44/><V49/><F95/><W29/><G29/><T114/><D64/><U70/><E70/><V14/><REACH who="2" step="1"/><F11/><REACH who="2" ten="182,215,275,318" step="2"/><W89/><G132/><T81/><D114/><U127/><E135/><V122/><F122/><W53/><G107/><T106/><D81/><U37/><E92/><V75/><F75/><W19/><G105/><T96/><D106/><U99/><E74/><V39/><F39/><W130/><G130/><T83/><D83/><U3/><E37/><V82/><F82/><W86/><G61/><T80/><D80/><U134/><E134/><V60/><F60/><W126/><G94/><T78/><D78/><U121/><E79/><V67/><F67/><W1/><G76/><T115/><D115/><U88/><E121/><V30/><F30/><W51/><G126/><T32/><D32/><U28/><E127/><V131/><F131/><W69/><G89/><N who="0" m="55343" /><D97/><U116/><E99/><V71/><F71/><W6/><G69/><T91/><D91/><U65/><E88/><RYUUKYOKU ba="0,1" sc="182,15,215,-15,275,15,318,-15" hai0="0,7,10,15,18,24,31,33,56,58" hai2="4,8,12,13,14,36,43,45,46,47,48,49,52" owari="197,-30.3,200,-20.0,290,9.0,313,41.3" /></mjloggm>