<mjloggm ver="2.3"><GO type="169" lobby="0"/><UN n0="%E3%83%9F%E3%83%84%E3%83%8F%E3%82%B7%E3%82%A2%E3%82%B9%E3%83%9E" n1="%57%E7%BF%BC%E9%9B%AA" n2="%E6%A3%AE%E5%B1%B1%E7%94%B0%E7%9B%B4%E5%A4%AA%E6%9C%97%E4%B9%8B%E4%BB%8B" n3="%E3%82%A2%E3%83%B3%E3%81%95%E3%82%93" dan="16,16,16,18" rate="2045.66,2065.26,2197.64,2242.60" sx="M,F,M,M"/><TAIKYOKU oya="0"/><INIT seed="0,0,0,3,0,56" ten="250,250,250,250" oya="0" hai0="123,88,124,29,4,18,32,54,59,55,60,99,113" hai1="44,101,77,6,63,87,134,127,5,80,50,12,83" hai2="133,84,120,62,43,109,66,72,117,75,46,64,121" hai3="82,31,73,10,3,21,67,15,107,19,129,49,95"/><T103/><D113/><U69/><E127/><V126/><F84/><W89/><G129/><T96/><D123/><U93/><E134/><V41/><F133/><W78/><G107/><T8/><D124/><U114/><E114/><V13/><F126/><W37/><G37/><T102/><D18/><U38/><E38/><V135/><F135/><W132/><G132/><T97/><D54/><U118/><E118/><V116/><F13/><W0/><G67/><T71/><D71/><U22/><E83/><V104/><F104/><W1/><G31/><T122/><D122/><U16/><E69/><V30/><F30/><W52/><G10/><T68/><D68/><U81/><E81/><V36/><F109/><W79/><G79/><T40/><D40/><U131/><E131/><V90/><F90/><W23/><G23/><T34/><D88/><U39/><E39/><N who="2" m="21823" /><F72/><W91/><REACH who="3" step="1"/><G95/><REACH who="3" ten="250,250,250,240" step="2"/><T58/><D29/><U7/><E93/><V100/><F75/><W25/><G25/><T110/><D110/><U94/><E94/><V76/><F66/><W119/><G119/><N who="2" m="45641" /><F76/><W128/><G128/><T65/><D34/><U98/><E77/><V57/><F100/><W92/><G92/><T11/><D32/><U9/><E101/><N who="0" m="38409" /><D4/><U61/><E7/><V74/><F74/><W70/><G70/><T33/><D33/><U106/><E106/><V20/><F20/><W86/><G86/><T51/><AGARI ba="0,1" hai="8,11,51,55,58,59,60,65,96,97,99" m="38409" machi="51" ten="30,3000,0" yaku="8,1,52,1" doraHai="56" who="0" fromWho="0" sc="250,40,250,-10,250,-10,240,-10" /><INIT seed="0,1,0,3,4,29" ten="290,240,240,230" oya="0" hai0="88,67,81,33,94,128,127,129,61,47,126,109,80" hai1="9,69,111,76,59,37,115,74,3,133,98,44,92" hai2="134,105,135,20,118,11,68,107,96,91,78,25,89" hai3="34,62,130,45,73,41,83,117,86,90,100,38,84"/><T30/><D109/><U53/><E69/><V113/><F68/><W12/><G117/><T57/><D47/><U1/><E111/><V22/><F11/><W51/><G130/><N who="0" m="50283" /><D30/><U5/><E133/><N who="2" m="50699" /><F78/><W72/><G100/><T46/><D46/><U40/><E115/><V85/><F20/><W42/><G42/><T95/><D33/><U104/><E104/><N who="2" m="40011" /><F22/><W24/><G12/><T8/><D8/><U31/><E31/><V131/><F25/><W116/><G116/><T27/><D27/><U122/><E122/><V54/><F54/><W2/><G2/><T35/><D35/><U125/><E125/><N who="0" m="47625" /><D95/><U26/><E26/><V77/><F131/><W82/><G38/><T112/><D112/><U87/><E3/><V23/><F118/><W18/><G18/><T15/><D15/><U119/><E119/><V28/><F113/><W32/><G24/><T65/><D65/><U50/><E37/><V93/><F23/><W16/><G16/><T120/><D120/><U14/><E1/><V10/><F10/><W17/><G17/><T64/><D64/><U60/><E9/><V108/><F28/><W66/><G73/><T70/><D70/><U6/><E6/><V48/><F108/><W7/><G72/><T71/><D71/><U101/><E5/><V124/><F124/><W114/><G7/><T106/><D106/><U43/><E74/><V56/><F56/><N who="3" m="37191" /><G114/><T49/><D49/><U36/><E36/><V110/><F48/><W102/><G32/><T13/><D13/><U58/><E14/><V97/><F110/><W39/><G34/><T19/><D19/><RYUUKYOKU ba="1,0" sc="290,30,240,-10,240,-10,230,-10" hai0="57,61,67,80,81,88,94" /><INIT seed="0,2,0,0,1,1" ten="320,230,230,220" oya="0" hai0="13,32,86,96,19,50,28,11,29,14,94,88,75" hai1="106,53,46,12,20,105,67,58,100,61,36,83,104" hai2="59,8,4,123,68,103,99,101,49,130,115,9,132" hai3="114,84,66,51,64,113,112,27,44,90,10,107,124"/><T39/><D39/><U56/><E83/><V6/><F68/><W131/><G124/><T34/><D75/><U85/><E85/><V35/><F35/><W3/><G131/><T127/><D127/><U69/><E100/><N who="2" m="38475" /><F123/><W48/><G107/><T33/><D50/><U135/><E135/><V62/><F115/><W25/><G51/><T16/><REACH who="0" step="1"/><D96/><REACH who="0" ten="310,230,230,220" step="2"/><U23/><E36/><V71/><F132/><W120/><G120/><T129/><D129/><U37/><E37/><V2/><F130/><W0/><G113/><T128/><D128/><U95/><E61/><V72/><F72/><W79/><G48/><T89/><D89/><U102/><E102/><V119/><F119/><W111/><G90/><T74/><D74/><U117/><E117/><V92/><F49/><W22/><G114/><T118/><D118/><U40/><E46/><V98/><F71/><W91/><G112/><T17/><D17/><U7/><E69/><V18/><F18/><W78/><G44/><T42/><D42/><U41/><E41/><V121/><F121/><W24/><G91/><T43/><D43/><U125/><E40/><V38/><F38/><W77/><G79/><T63/><D63/><U54/><E125/><V65/><F98/><W76/><G78/><T126/><D126/><U93/><E104/><V81/><F99/><W122/><G76/><T21/><AGARI ba="2,1" hai="11,13,14,16,19,21,28,29,32,33,34,86,88,94" machi="21" ten="30,11700,0" yaku="1,1,0,1,54,2,53,0" doraHai="1" doraHaiUra="47" who="0" fromWho="0" sc="310,133,230,-41,230,-41,220,-41" /><INIT seed="0,3,0,0,2,92" ten="443,189,189,179" oya="0" hai0="4,131,16,114,69,102,53,62,63,12,44,10,7" hai1="81,2,56,41,25,8,17,14,109,79,70,84,59" hai2="126,23,49,47,31,117,28,120,129,65,86,94,13" hai3="40,116,67,91,72,76,27,43,132,98,22,64,50"/><T134/><D114/><U106/><E70/><V128/><F117/><W36/><G132/><T54/><D131/><N who="2" m="50250" /><F120/><W115/><G115/><T60/><D134/><U68/><E68/><V119/><F119/><W19/><G36/><T51/><D69/><U95/><E106/><V71/><F126/><W21/><G116/><T108/><D108/><U58/><E109/><V112/><F112/><W5/><G5/><T0/><D102/><U33/><E2/><V34/><F34/><W55/><G76/><T122/><D122/><U97/><E41/><N who="3" m="15946" /><G72/><T78/><D78/><U105/><E105/><V48/><F65/><W26/><G91/><T73/><D73/><U9/><E9/><V104/><F71/><W20/><G98/><T3/><D54/><U83/><E83/><V37/><F104/><W118/><G118/><T52/><REACH who="0" step="1"/><D53/><REACH who="0" ten="433,189,189,179" step="2"/><U87/><E79/><V15/><F37/><W135/><G135/><T125/><D125/><U90/><REACH who="1" step="1"/><E81/><REACH who="1" ten="433,179,189,179" step="2"/><V66/><F66/><W1/><G67/><T77/><D77/><U88/><E88/><V18/><F94/><W61/><G64/><T100/><D100/><U38/><E38/><V39/><F39/><W6/><G55/><T29/><D29/><AGARI ba="3,2" hai="8,14,17,25,29,33,56,58,59,84,87,90,95,97" machi="29" ten="40,2600,0" yaku="1,1,52,1,53,0" doraHai="92" doraHaiUra="32" who="1" fromWho="0" sc="433,-35,179,55,189,0,179,0" /><INIT seed="1,0,0,4,3,39" ten="398,234,189,179" oya="1" hai0="52,17,56,55,5,74,82,125,83,114,127,92,68" hai1="41,119,97,53,1,46,95,72,36,98,31,62,120" hai2="115,121,88,22,124,34,93,108,71,78,131,135,54" hai3="70,44,19,30,89,77,90,105,40,4,49,3,87"/><U43/><E119/><V24/><F71/><W133/><G133/><T8/><D68/><U118/><E118/><V2/><F34/><W13/><G70/><T45/><D114/><U32/><E120/><V42/><F2/><W29/><G105/><T134/><D134/><U79/><E1/><V94/><F94/><W26/><G3/><T129/><D129/><U122/><E122/><V21/><F21/><W64/><G64/><T27/><D92/><U126/><E126/><N who="0" m="48137" /><D74/><U9/><E9/><V128/><F78/><W12/><G12/><N who="0" m="7303" /><D27/><U100/><E31/><V59/><F124/><W123/><G123/><T116/><D5/><U15/><E32/><V81/><F121/><W35/><G29/><T65/><D65/><U80/><E15/><V38/><F115/><W28/><G30/><T69/><D69/><U73/><E98/><V130/><F135/><W91/><G4/><T58/><D45/><U10/><E10/><V106/><F106/><W7/><G7/><T101/><D101/><U96/><E96/><V132/><F132/><W76/><REACH who="3" step="1"/><G87/><REACH who="3" ten="398,234,189,169" step="2"/><T85/><D116/><U48/><E73/><V104/><F104/><W110/><G110/><T14/><D14/><U60/><REACH who="1" step="1"/><E36/><REACH who="1" ten="398,224,189,169" step="2"/><V20/><F38/><W6/><G6/><T102/><D85/><U51/><E51/><N who="2" m="31199" /><F131/><W47/><G47/><T61/><D102/><U25/><E25/><V84/><F24/><W75/><G75/><T109/><D109/><U16/><E16/><V37/><F108/><W103/><G103/><T18/><D18/><U111/><E111/><V50/><F37/><W99/><G99/><RYUUKYOKU ba="0,2" sc="398,10,224,10,189,-30,169,10" hai0="52,55,56,58,61,82,83" hai1="41,43,46,48,53,60,62,72,79,80,95,97,100" hai3="13,19,26,28,35,40,44,49,76,77,89,90,91" /><INIT seed="1,1,2,2,5,111" ten="408,234,159,179" oya="1" hai0="103,4,82,77,24,58,56,39,64,27,2,130,133" hai1="88,124,73,60,94,38,29,63,61,50,23,8,72" hai2="49,45,85,81,134,1,126,20,42,79,0,12,105" hai3="18,6,25,97,109,22,30,114,112,127,84,10,89"/><U106/><E38/><V132/><F105/><W125/><G109/><T95/><D39/><U83/><E106/><V76/><F76/><W96/><G97/><T99/><D130/><U34/><E34/><V86/><F86/><W37/><G37/><T116/><D116/><U68/><E68/><V33/><F33/><W100/><G18/><T75/><D133/><N who="2" m="51306" /><F126/><N who="3" m="48139" /><G100/><T41/><D41/><U14/><E124/><V118/><F118/><W69/><G69/><T121/><D121/><U47/><E83/><V43/><F43/><W53/><G53/><T129/><D129/><U66/><E66/><V71/><F71/><W21/><G21/><T120/><D120/><U119/><E119/><V92/><F92/><N who="3" m="56335" /><G84/><T87/><D87/><U80/><E80/><V46/><F46/><W107/><G107/><T9/><D64/><U74/><E23/><V55/><F55/><W123/><G123/><T15/><D58/><U131/><E131/><V135/><N who="2" m="51314" /><V31/><DORA hai="122" /><F31/><W70/><G70/><T59/><D59/><U7/><E29/><V19/><AGARI ba="1,2" hai="0,1,12,19,20,42,45,49,79,81,85" m="51314" machi="19" ten="40,1500,0" yaku="20,1" doraHai="111,122" who="2" fromWho="2" sc="408,-5,234,-8,159,38,179,-5" /><INIT seed="2,0,0,0,1,18" ten="403,226,197,174" oya="2" hai0="85,0,70,1,132,82,84,100,3,108,93,63,9" hai1="15,32,24,4,81,104,91,52,25,130,101,26,79" hai2="45,117,6,96,110,66,116,94,16,87,34,89,61" hai3="109,72,97,13,30,113,134,55,14,83,64,95,44"/><V103/><F110/><W126/><G109/><T60/><D108/><U12/><E130/><V111/><F111/><W43/><G126/><T20/><D132/><U38/><E38/><V21/><F34/><W107/><G134/><T99/><D70/><U65/><E65/><V56/><F6/><W119/><G119/><T131/><D131/><U135/><E135/><V5/><F5/><W41/><G107/><T67/><D9/><U102/><E32/><V78/><F45/><W50/><G64/><T120/><D120/><U29/><E29/><V33/><F33/><W17/><G30/><T76/><D67/><U129/><E129/><V37/><F37/><W124/><G14/><T98/><D84/><U86/><E4/><V68/><F78/><W128/><G113/><T69/><D69/><U10/><E104/><V62/><F62/><W125/><G128/><T106/><REACH who="0" step="1"/><D20/><REACH who="0" ten="393,226,197,174" step="2"/><U105/><E10/><V133/><F68/><W47/><G124/><T92/><D92/><U2/><E105/><V121/><F121/><W48/><G125/><T42/><D42/><U123/><E123/><V88/><F133/><W27/><G83/><T7/><D7/><U23/><E81/><N who="2" m="49263" /><F117/><W36/><G72/><T51/><D51/><U127/><E127/><V19/><F116/><W11/><G36/><T59/><D59/><U39/><E39/><V53/><F66/><W122/><G122/><T49/><D49/><U90/><E86/><N who="2" m="52535" /><F21/><N who="3" m="13743" /><G50/><T118/><D118/><U57/><E23/><V80/><F80/><W75/><G44/><T112/><D112/><U58/><E58/><V35/><F35/><RYUUKYOKU ba="0,1" sc="393,15,226,-15,197,15,174,-15" hai0="0,1,3,60,63,76,82,85,93,98,99,100,106" hai2="16,19,53,56,61,96,103" /><INIT seed="2,1,1,5,5,28" ten="408,211,212,159" oya="2" hai0="21,29,42,15,98,77,73,113,63,33,95,119,124" hai1="51,4,82,100,76,93,12,111,54,62,58,131,50" hai2="55,40,38,22,30,36,107,81,84,120,65,61,110" hai3="78,109,68,104,13,44,118,9,92,11,114,37,0"/><V25/><F120/><W52/><G118/><T66/><D113/><U45/><E111/><V99/><F110/><W69/><G104/><T128/><D119/><U96/><E131/><V24/><F40/><W46/><G109/><T41/><D128/><U91/><E4/><V70/><F55/><W122/><G122/><T85/><D73/><U116/><E116/><V89/><F25/><W106/><G106/><T23/><D33/><U14/><E91/><V26/><F26/><W130/><G78/><T64/><D124/><U32/><E32/><V48/><F48/><W49/><G114/><T80/><D23/><U75/><REACH who="1" step="1"/><E51/><REACH who="1" ten="408,201,212,159" step="2"/><V57/><REACH who="2" step="1"/><F70/><REACH who="2" ten="408,201,202,159" step="2"/><W87/><G130/><T60/><D41/><AGARI ba="1,3" hai="12,14,41,45,50,54,58,62,75,76,82,93,96,100" machi="41" ten="30,3900,0" yaku="1,1,2,1,7,1,53,0" doraHai="28" doraHaiUra="125" who="1" fromWho="0" sc="408,-42,201,72,202,0,159,0" /><INIT seed="3,0,0,4,2,78" ten="366,273,202,159" oya="3" hai0="59,55,122,35,25,101,50,99,79,52,76,7,88" hai1="63,86,135,131,72,105,9,108,92,22,57,60,44" hai2="94,4,87,37,115,90,83,21,114,111,127,26,75" hai3="48,10,71,119,104,65,36,45,125,116,28,46,54"/><W14/><G104/><T51/><D122/><U6/><E105/><V113/><F37/><W20/><G125/><T81/><D7/><U69/><E72/><V24/><F127/><W107/><G107/><T129/><D129/><U39/><E108/><V123/><F123/><W95/><G71/><T43/><D43/><U110/><E110/><V41/><F41/><W34/><G34/><T73/><D79/><U89/><E131/><V58/><F58/><W126/><G126/><T74/><D25/><U16/><E135/><V19/><F4/><W29/><G65/><T12/><D12/><U0/><E69/><V2/><F111/><W66/><G66/><T5/><D5/><U3/><E3/><V134/><F134/><W15/><G95/><T91/><D74/><U23/><E23/><V27/><F2/><W30/><G20/><T82/><D82/><U132/><E132/><V8/><F8/><W98/><G98/><T100/><D100/><U61/><E44/><V53/><F53/><W84/><G84/><T32/><D32/><U80/><E39/><V93/><REACH who="2" step="1"/><F75/><REACH who="2" ten="366,273,192,159" step="2"/><W11/><G36/><T102/><D73/><U47/><E47/><V49/><F49/><N who="3" m="28975" /><G119/><T120/><D120/><U42/><E42/><V31/><F31/><W64/><G116/><T106/><D51/><U96/><E57/><V38/><F38/><W68/><G68/><T130/><D50/><U18/><REACH who="1" step="1"/><E22/><REACH who="1" ten="366,263,192,159" step="2"/><V62/><F62/><W67/><G11/><T85/><D59/><U77/><AGARI ba="0,2" hai="0,6,9,16,18,60,61,63,77,80,86,89,92,96" machi="77" ten="30,16000,3" yaku="1,1,2,1,0,1,52,1,54,1,53,3" doraHai="78" doraHaiUra="56" who="1" fromWho="1" sc="366,-40,263,180,192,-40,159,-80" /><INIT seed="4,0,0,0,5,64" ten="326,443,152,79" oya="0" hai0="130,116,90,66,123,27,122,24,95,115,129,69,76" hai1="61,4,16,22,111,99,86,40,8,6,28,39,96" hai2="81,62,5,56,131,83,132,126,25,121,32,93,109" hai3="75,43,124,118,17,134,11,20,34,117,9,19,106"/><T135/><D116/><N who="3" m="44649" /><G75/><T14/><D76/><U70/><E111/><V23/><F32/><W45/><G106/><T79/><D79/><U87/><E28/><V78/><F109/><W1/><G45/><T58/><D58/><U10/><E39/><V85/><F121/><W0/><G43/><T88/><D115/><U31/><E31/><V48/><F132/><W47/><G47/><T107/><D107/><U103/><E40/><V113/><F131/><N who="0" m="50186" /><D14/><U72/><E72/><V30/><F126/><W102/><G102/><T71/><D90/><U125/><E125/><V119/><F113/><W50/><G50/><T60/><D69/><U12/><E70/><V15/><F119/><W68/><G68/><T65/><D65/><U55/><E6/><V89/><F48/><W73/><G73/><T74/><D74/><U2/><E10/><N who="3" m="3594" /><G134/><T29/><D135/><U57/><E99/><V110/><F110/><W82/><G124/><T63/><D63/><U84/><REACH who="1" step="1"/><E86/><REACH who="1" ten="326,433,152,79" step="2"/><N who="2" m="48439" /><F5/><W21/><G34/><N who="0" m="20775" /><D27/><U59/><E59/><V91/><F15/><W97/><G1/><T104/><D104/><AGARI ba="0,1" hai="2,4,8,12,16,22,55,57,61,84,87,96,103,104" machi="104" ten="30,7700,0" yaku="1,1,7,1,54,1,53,1" doraHai="64" doraHaiUra="49" who="1" fromWho="0" sc="326,-77,433,87,152,0,79,0" /><INIT seed="5,0,0,2,3,71" ten="249,520,152,79" oya="1" hai0="42,29,2,87,60,51,34,47,37,86,15,84,40" hai1="131,114,125,50,28,39,24,77,23,98,97,61,112" hai2="105,57,110,119,99,16,79,56,0,64,130,48,52" hai3="116,115,129,103,49,109,74,66,120,43,10,113,93"/><U5/><E125/><V17/><F0/><W82/><G66/><T35/><D2/><U83/><E131/><V62/><F130/><W91/><G49/><T13/><D60/><U124/><E124/><V33/><F33/><W108/><G43/><T88/><D40/><U18/><E39/><V70/><F119/><W106/><G10/><T67/><D67/><U27/><E5/><V128/><F128/><W135/><G129/><T53/><D15/><U69/><E50/><V102/><F110/><W76/><G135/><T30/><D13/><U21/><E61/><V94/><F70/><W19/><G19/><T63/><D63/><U121/><E69/><V20/><F79/><W38/><G38/><T9/><D9/><U90/><E121/><V32/><F32/><W4/><G4/><T118/><D118/><U46/><E46/><V36/><F36/><W95/><G95/><T117/><D117/><U7/><E7/><V100/><F105/><W80/><G80/><T107/><D107/><U78/><E78/><V25/><F100/><W55/><G55/><T134/><D134/><U132/><E132/><V65/><F65/><W31/><G120/><T11/><D11/><U45/><E45/><V122/><F122/><W59/><G59/><N who="0" m="33215" /><D34/><U26/><E26/><V72/><F72/><W96/><G31/><AGARI ba="0,0" hai="16,17,20,25,31,48,52,56,57,62,64,94,99,102" machi="31" ten="30,12000,2" yaku="7,1,25,2,8,1,54,2" doraHai="71" who="2" fromWho="3" sc="249,0,520,0,152,120,79,-120" owari="249,-15.1,520,62.0,272,7.2,-41,-54.1" /></mjloggm>