<mjloggm ver="2.3"><GO type="225" lobby="0"/><UN n0="%E5%B0%8F%E9%B3%A5%E9%81%8A%E7%B7%B4%E7%84%A1%32%31%E6%AD%B3" n1="%E5%91%A8%E6%9D%B1" n2="%E6%98%93%E5%88%A9%E8%96%A9%E4%BC%AF" n3="%E6%97%A5%E6%9B%9C%E6%97%A5%E3%82%88%E3%82%8A%E3%81%AE%E4%BD%BF%E8%80%85" dan="16,16,17,17" rate="2161.62,2172.93,2231.55,2210.11" sx="F,M,F,M"/><TAIKYOKU oya="0"/><INIT seed="0,0,0,2,5,17" ten="250,250,250,250" oya="0" hai0="45,57,121,105,116,35,55,115,84,109,103,102,133" hai1="119,18,50,74,8,39,122,54,53,34,1,51,28" hai2="71,26,104,85,92,93,48,75,112,94,13,88,114" hai3="127,27,40,37,14,70,131,11,66,61,32,117,49"/><T58/><D116/><U128/><E39/><V108/><F71/><W77/><G117/><T36/><D35/><U20/><E119/><V2/><F2/><W73/><G127/><T89/><D115/><U135/><E74/><V4/><F75/><W10/><G131/><T15/><D121/><U19/><E122/><V81/><F108/><W90/><G37/><T25/><D25/><U76/><E76/><V41/><F104/><W0/><G0/><T21/><D109/><U111/><E111/><V9/><REACH who="2" step="1"/><F26/><REACH who="2" ten="250,250,240,250" step="2"/><W113/><G73/><T43/><D105/><U97/><E1/><V7/><F7/><W72/><G72/><T12/><D12/><U5/><E5/><V63/><F63/><W99/><G27/><T3/><D3/><U91/><E128/><V67/><F67/><W126/><G61/><T96/><D15/><U110/><E110/><V78/><F78/><W62/><G77/><T65/><D65/><U130/><E130/><V16/><F16/><W56/><G70/><T31/><D31/><U123/><E28/><V6/><F6/><W125/><G66/><T69/><D69/><U80/><E19/><V82/><F82/><W129/><G14/><T101/><D101/><U24/><E18/><V64/><F64/><W33/><G129/><T107/><D103/><U42/><E80/><V60/><F60/><W100/><G100/><T47/><D102/><U44/><E24/><V98/><F98/><W68/><G99/><T124/><D96/><U134/><E97/><V52/><F52/><W120/><G68/><T59/><D107/><U38/><E54/><RYUUKYOKU ba="0,1" sc="250,-10,250,-10,240,30,250,-10" hai2="4,9,13,41,48,81,85,88,92,93,94,112,114" /><INIT seed="1,1,1,5,1,35" ten="240,240,270,240" oya="1" hai0="83,129,38,87,90,60,120,10,106,31,58,71,30" hai1="9,104,16,25,37,43,17,22,12,51,7,1,88" hai2="118,82,84,128,8,127,63,122,57,27,2,75,67" hai3="24,103,133,33,34,70,28,110,132,48,39,119,53"/><U72/><E104/><V45/><F118/><W29/><G39/><T134/><D129/><U11/><E72/><V18/><F122/><W5/><G70/><T115/><D115/><U52/><E88/><V107/><F107/><W46/><G119/><T14/><D71/><U124/><E124/><V23/><F128/><W13/><G103/><T49/><D38/><U6/><E37/><V65/><F75/><W112/><G112/><T61/><D134/><N who="3" m="51817" /><G110/><T125/><D106/><U59/><REACH who="1" step="1"/><E43/><REACH who="1" ten="240,230,270,240" step="2"/><V62/><F127/><W73/><G73/><T44/><D125/><U86/><E86/><V113/><F113/><W42/><G42/><T100/><D100/><U54/><E54/><V94/><F94/><W105/><G105/><T32/><D120/><U89/><E89/><V15/><F84/><W40/><G40/><T116/><D116/><U109/><E109/><V21/><F82/><W131/><G131/><T117/><D117/><U68/><E68/><V92/><F92/><W108/><G108/><T41/><D90/><U114/><E114/><V74/><F74/><W81/><G81/><T66/><D83/><U135/><E135/><V47/><F67/><W80/><G80/><T77/><D87/><U78/><E78/><V102/><F102/><W99/><G99/><T101/><D77/><U130/><E130/><V93/><F93/><W20/><G29/><AGARI ba="1,2" hai="1,6,7,9,11,12,16,17,22,25,29,51,52,59" machi="29" ten="30,12000,1" yaku="1,1,7,1,52,1,54,2,53,0" doraHai="35" doraHaiUra="91" who="1" fromWho="3" sc="240,0,230,143,270,0,240,-123" /><INIT seed="1,2,0,0,2,45" ten="240,373,270,117" oya="1" hai0="81,37,44,61,10,19,75,97,6,0,41,91,123" hai1="133,31,98,128,2,17,82,62,87,114,39,90,20" hai2="86,27,92,50,119,34,110,7,66,21,46,69,56" hai3="100,126,55,36,122,78,42,25,103,32,52,1,18"/><U80/><E114/><V93/><F119/><W12/><G122/><T77/><D123/><U73/><E39/><V71/><F34/><W76/><G1/><T109/><D109/><U95/><E128/><V101/><F7/><W4/><G36/><T129/><D129/><U14/><E133/><V63/><F110/><W132/><G42/><T49/><D61/><U51/><E2/><V99/><F92/><W117/><G32/><T88/><D97/><U60/><E31/><N who="2" m="17903" /><F86/><W130/><G130/><T89/><D19/><U79/><REACH who="1" step="1"/><E51/><AGARI ba="2,0" hai="0,6,10,37,41,44,49,51,75,77,81,88,89,91" machi="51" ten="40,8000,1" yaku="25,2,52,2,54,1" doraHai="45" who="0" fromWho="1" sc="240,86,373,-86,270,0,117,0" /><INIT seed="2,0,0,4,0,19" ten="326,287,270,117" oya="2" hai0="39,31,86,1,127,7,4,51,112,35,130,10,2" hai1="133,126,75,64,66,122,97,109,57,101,113,65,61" hai2="111,115,6,17,50,129,14,76,33,46,99,28,92" hai3="32,135,41,58,16,70,100,95,71,26,27,21,22"/><V55/><F115/><W84/><G135/><T78/><D112/><U47/><E113/><V8/><F129/><W42/><G32/><T30/><D130/><U38/><E75/><V87/><F111/><W60/><G71/><T0/><D39/><U117/><E117/><V53/><F33/><W77/><G70/><T96/><D51/><U121/><E109/><V56/><F28/><W25/><G25/><T134/><D96/><U59/><E133/><V74/><F74/><W120/><G120/><N who="1" m="46186" /><E97/><V80/><F56/><N who="1" m="21577" /><E101/><V125/><F125/><W116/><G116/><T132/><D127/><U12/><E12/><V23/><F55/><N who="3" m="33887" /><G100/><T9/><D78/><U110/><E110/><V90/><REACH who="2" step="1"/><F6/><REACH who="2" ten="326,287,260,117" step="2"/><N who="0" m="2090" /><D35/><U5/><E126/><V45/><F45/><W131/><G131/><T88/><D31/><U40/><E5/><V3/><F3/><W124/><G124/><T83/><D30/><U13/><E13/><V98/><F98/><W34/><G34/><T114/><D114/><U107/><E107/><V18/><F18/><N who="3" m="12599" /><G77/><T93/><D134/><U52/><E52/><V89/><F89/><AGARI ba="0,1" hai="16,22,27,41,42,84,89,95" m="12599,33887" machi="89" ten="30,7700,0" yaku="8,1,52,2,54,1" doraHai="19" who="3" fromWho="2" sc="326,0,287,0,260,-77,117,87" /><INIT seed="3,0,0,3,2,12" ten="326,287,183,204" oya="3" hai0="54,129,116,4,70,89,22,112,10,69,123,62,101" hai1="47,27,92,108,44,110,31,66,85,106,63,87,94" hai2="28,67,20,25,96,77,95,21,104,32,122,107,90" hai3="111,128,88,114,5,72,134,80,16,41,3,86,48"/><W71/><G114/><T33/><D116/><U37/><E106/><V125/><F125/><W50/><G71/><T8/><D33/><U105/><E105/><V55/><F122/><W97/><G72/><T58/><D123/><U100/><E37/><V43/><F107/><W39/><G39/><T46/><D101/><U113/><E113/><V73/><F43/><W115/><G115/><T119/><D119/><U34/><E47/><V65/><F104/><W52/><G3/><T118/><D118/><U13/><E44/><V56/><F77/><W102/><G5/><T9/><D4/><U79/><E79/><V60/><F73/><W18/><G128/><T53/><D129/><U6/><E6/><V59/><REACH who="2" step="1"/><F67/><REACH who="2" ten="326,287,173,204" step="2"/><W127/><G127/><T120/><D120/><U61/><E66/><V82/><F82/><W130/><G130/><T29/><D112/><U35/><E94/><V99/><F99/><W15/><G134/><T124/><D124/><U57/><E92/><V74/><F74/><W51/><G41/><T133/><D133/><U75/><E75/><V81/><F81/><W93/><G111/><T7/><D54/><U76/><E76/><V64/><F64/><W98/><G97/><T117/><D53/><U26/><E110/><V40/><F40/><W78/><G78/><T19/><D117/><U45/><E108/><V84/><F84/><W131/><G131/><T23/><D70/><U0/><E87/><V42/><F42/><W135/><G135/><T2/><D69/><U91/><E85/><V36/><F36/><W109/><G109/><T132/><D132/><RYUUKYOKU ba="0,1" sc="326,-10,287,-10,173,30,204,-10" hai2="20,21,25,28,32,55,56,59,60,65,90,95,96" owari="326,42.6,277,7.7,203,-19.7,194,-30.6" /></mjloggm>