<mjloggm ver="2.3"><GO type="225" lobby="0"/><UN n0="%E3%81%BF%E3%81%BF%E3%81%9A" n1="%E8%B5%A4%E3%81%84%E8%9B%99%31%31" n2="%33%74%72%65%65" n3="%E3%81%99%E3%81%84%E3%81%BE%E3%81%9B%E3%83%BC%E3%82%93" dan="17,16,17,18" rate="2275.45,2090.37,2170.48,2200.39" sx="M,M,F,M"/><TAIKYOKU oya="0"/><INIT seed="0,0,0,2,4,108" ten="250,250,250,250" oya="0" hai0="36,117,46,81,86,99,123,104,0,134,89,16,73" hai1="4,22,62,90,57,93,118,111,26,17,83,21,14" hai2="103,121,67,33,69,38,18,74,88,95,27,79,85" hai3="3,110,129,94,71,112,63,133,125,64,70,40,82"/><T35/><D117/><U10/><E111/><V66/><F121/><W28/><G110/><T2/><D123/><U106/><E106/><V19/><F38/><W32/><G3/><T77/><D134/><U122/><E122/><V13/><F103/><W113/><G133/><T84/><D35/><U59/><E118/><V132/><F132/><W101/><G125/><T80/><D36/><U116/><E116/><V6/><F6/><W72/><G129/><T60/><D46/><U114/><E114/><N who="3" m="44138" /><G94/><N who="0" m="54567" /><D60/><U11/><E83/><V8/><F69/><N who="3" m="42143" /><G40/><T56/><D56/><U109/><E109/><V100/><F100/><W87/><G87/><T15/><D81/><U75/><E75/><V54/><F74/><W29/><G29/><T61/><D86/><U31/><E11/><V107/><F107/><W43/><G43/><T128/><D61/><U50/><E62/><V1/><F1/><W48/><G101/><N who="0" m="62527" /><D128/><U105/><E50/><V91/><F91/><W42/><G48/><T49/><D49/><U115/><E105/><V119/><F119/><W5/><G42/><T47/><D47/><U126/><E115/><V53/><F88/><W76/><G5/><T39/><D39/><U12/><E126/><V135/><F135/><W44/><G44/><T131/><D131/><U130/><E130/><V20/><F95/><W51/><G51/><T98/><D98/><AGARI ba="0,0" hai="4,10,12,14,17,21,22,26,31,57,59,90,93,98" machi="98" ten="30,2000,0" yaku="7,1,8,1" doraHai="108" who="1" fromWho="0" sc="250,-20,250,20,250,0,250,0" /><INIT seed="1,0,0,4,5,60" ten="230,270,250,250" oya="1" hai0="46,100,128,119,6,67,106,56,52,91,33,64,2" hai1="103,29,43,88,123,92,63,37,16,30,94,84,126" hai2="49,87,97,130,133,117,101,80,112,18,50,135,111" hai3="125,76,40,108,134,104,114,72,0,79,48,25,110"/><U107/><E123/><V99/><F117/><W45/><G114/><T115/><D115/><U93/><E126/><V54/><F112/><W34/><G0/><T12/><D119/><U122/><E122/><V20/><F111/><N who="3" m="42539" /><G125/><T7/><D33/><U74/><E74/><V55/><F130/><W90/><G134/><N who="2" m="51209" /><F50/><W118/><G104/><T14/><D128/><U44/><E63/><V78/><F49/><W53/><G72/><T58/><D106/><U124/><E124/><V70/><F70/><W3/><G3/><T95/><D100/><U38/><E38/><V19/><F19/><W22/><G34/><T17/><D2/><U8/><E107/><N who="2" m="63919" /><F99/><W83/><G118/><T10/><D46/><U51/><E37/><V129/><F129/><W98/><G40/><T68/><D58/><U77/><E77/><V86/><F86/><N who="3" m="50527" /><G98/><N who="0" m="57727" /><D68/><U85/><E103/><V59/><F59/><W127/><G127/><T15/><D17/><AGARI ba="0,0" hai="17,22,25,45,48,53,76,79" m="50527,42539" machi="17" ten="30,1000,0" yaku="14,1" doraHai="60" who="3" fromWho="0" sc="230,-10,270,0,250,0,250,10" /><INIT seed="2,0,0,2,5,60" ten="220,270,250,260" oya="2" hai0="7,120,65,121,82,113,101,14,11,110,50,73,4" hai1="119,98,3,20,94,54,53,75,124,103,33,66,32" hai2="90,30,70,125,35,56,44,116,84,49,69,2,109" hai3="112,61,6,95,115,87,9,133,15,79,27,135,45"/><V55/><F116/><W129/><G129/><T38/><D113/><N who="3" m="43593" /><G45/><T34/><D38/><U16/><E3/><V134/><F134/><N who="3" m="51211" /><G27/><T58/><D34/><U72/><E119/><V46/><F125/><W68/><G79/><T131/><D131/><U77/><E124/><V74/><F74/><W31/><G31/><T104/><D110/><U59/><E75/><V18/><F109/><W76/><G76/><T0/><D82/><U26/><E72/><V83/><F18/><W67/><G95/><T89/><D73/><U12/><E77/><V43/><F44/><W57/><G87/><T86/><D4/><U106/><E106/><V80/><F80/><W117/><G117/><T37/><D37/><U22/><E33/><V42/><F42/><W52/><G68/><T29/><D29/><N who="1" m="17607" /><E32/><V51/><F30/><W128/><G128/><T47/><D104/><U93/><E93/><V28/><F28/><W5/><G5/><T81/><D101/><U130/><E130/><V97/><F35/><W122/><G122/><T118/><D118/><U108/><E108/><V8/><REACH who="2" step="1"/><F97/><REACH who="2" ten="220,270,240,260" step="2"/><W91/><G91/><T17/><D47/><U96/><E98/><V114/><F114/><W62/><G67/><T64/><D121/><U111/><E111/><V24/><F24/><W23/><G23/><N who="0" m="11703" /><D120/><U132/><E132/><V127/><F127/><W99/><G99/><T102/><D102/><U105/><E105/><V48/><F48/><AGARI ba="0,1" hai="6,9,15,48,52,57,61,62" m="51211,43593" machi="48" ten="30,3900,0" yaku="11,1,20,1,54,1" doraHai="60" who="3" fromWho="2" sc="220,0,270,0,240,-39,260,49" /><INIT seed="3,0,0,0,1,75" ten="220,270,201,309" oya="3" hai0="99,123,72,70,53,4,67,88,12,73,112,23,27" hai1="34,28,15,64,42,11,102,35,7,20,103,116,6" hai2="24,13,26,39,68,115,105,33,17,44,129,43,0" hai3="46,132,14,5,65,104,3,95,110,130,59,109,93"/><W121/><G121/><T56/><D123/><U48/><E64/><V87/><F115/><W8/><G104/><T1/><D1/><U41/><E116/><V94/><F105/><W61/><G132/><T81/><D112/><U91/><E91/><V71/><F0/><W133/><G133/><T77/><D70/><U22/><E48/><V57/><F129/><W135/><G130/><T31/><D67/><U108/><E15/><V58/><F71/><W127/><G127/><T25/><D25/><U37/><E11/><V107/><F107/><W69/><G135/><T2/><D2/><U114/><E114/><V52/><F68/><W86/><G3/><T40/><D40/><U16/><E28/><V89/><F33/><W78/><G46/><T85/><D4/><U66/><E66/><V118/><F118/><W45/><G45/><T79/><D12/><U54/><E108/><N who="3" m="41578" /><G69/><T122/><D122/><U90/><E37/><V21/><REACH who="2" step="1"/><F58/><REACH who="2" ten="220,270,191,309" step="2"/><W100/><G59/><T74/><REACH who="0" step="1"/><D99/><REACH who="0" ten="210,270,191,309" step="2"/><U119/><E119/><V60/><AGARI ba="0,2" hai="13,17,21,24,26,39,43,44,52,57,60,87,89,94" machi="60" ten="20,8000,1" yaku="1,1,2,1,0,1,7,1,54,1,53,0" doraHai="75" doraHaiUra="111" who="2" fromWho="2" sc="210,-20,270,-20,191,100,309,-40" /><INIT seed="4,0,0,5,1,34" ten="190,250,291,269" oya="0" hai0="4,127,17,38,122,33,75,2,50,128,95,69,36" hai1="1,46,70,60,108,49,81,104,66,30,91,8,53" hai2="96,20,16,32,54,92,12,13,31,40,73,62,94" hai3="55,44,115,27,79,41,19,89,119,90,9,97,100"/><T77/><D17/><U11/><E108/><V98/><F73/><W133/><G119/><T113/><D50/><U56/><E104/><V57/><F40/><W135/><G115/><T71/><D95/><N who="2" m="36394" /><F32/><W39/><G79/><T0/><D122/><U10/><E30/><V125/><F125/><W29/><G55/><T67/><D4/><U84/><REACH who="1" step="1"/><E70/><REACH who="1" ten="190,240,291,269" step="2"/><N who="0" m="26633" /><D67/><U107/><E107/><V114/><F114/><W117/><G29/><T25/><D113/><U18/><E18/><N who="2" m="10311" /><F31/><W102/><G19/><T28/><D127/><U3/><AGARI ba="0,1" hai="1,3,8,10,11,46,49,53,56,60,66,81,84,91" machi="3" ten="30,7900,0" yaku="1,1,0,1,52,2,53,0" doraHai="34" doraHaiUra="105" who="1" fromWho="1" sc="190,-39,240,89,291,-20,269,-20" owari="151,-34.9,329,42.9,271,7.1,249,-15.1" /></mjloggm>