<mjloggm ver="2.3"><GO type="169" lobby="0"/><UN n0="%E3%81%AE%E3%81%AF%E3%81%A3%E3%81%A1" n1="%E5%B1%B1%E6%9C%AC%E6%83%A3%E4%B8%80%E6%9C%97" n2="%E3%83%94%E3%83%B3%E3%82%B5%E3%83%AD%E5%BA%97%E5%93%A1" n3="%E3%81%84%E3%81%A1%E3%82%8D%E3%83%BC%32%36%32%E6%AD%B3" dan="16,17,17,16" rate="2165.13,2185.74,2185.84,2168.06" sx="M,M,M,M"/><TAIKYOKU oya="0"/><INIT seed="0,0,0,1,5,88" ten="250,250,250,250" oya="0" hai0="11,121,84,26,17,118,71,47,2,19,67,5,110" hai1="25,22,82,87,36,109,35,134,123,95,117,62,114" hai2="106,104,7,34,31,8,6,90,1,53,79,42,99" hai3="60,57,132,46,89,44,135,94,100,54,50,20,9"/><T131/><D118/><U86/><E117/><V28/><F79/><W83/><G100/><T77/><D121/><U38/><E35/><V115/><F115/><W65/><G83/><T130/><D47/><U102/><E123/><V55/><F42/><W129/><G129/><T133/><D133/><U103/><E134/><N who="3" m="51242" /><G9/><T10/><D110/><U37/><E109/><V64/><F64/><W15/><G15/><T21/><D67/><U112/><E62/><V43/><F43/><W101/><G101/><T93/><D71/><U48/><E48/><V61/><F7/><W30/><G30/><T27/><D77/><U69/><E69/><V4/><F4/><W41/><G20/><T92/><D84/><U128/><E128/><N who="0" m="49193" /><D27/><U111/><E111/><V97/><F31/><W3/><G3/><T51/><D51/><U98/><E103/><V18/><F28/><W81/><G81/><T96/><D96/><U85/><REACH who="1" step="1"/><E82/><REACH who="1" ten="250,240,250,250" step="2"/><V78/><F34/><W119/><G119/><T70/><D70/><U73/><E73/><V24/><F61/><W127/><G41/><T126/><D126/><U76/><E76/><V13/><F78/><W29/><G127/><T0/><D0/><U80/><E80/><V49/><F1/><W107/><G50/><T45/><D45/><U66/><E66/><V63/><F49/><W122/><G122/><T33/><D33/><U72/><E72/><V124/><F124/><W75/><G75/><T125/><D125/><U74/><E74/><V59/><F63/><W120/><G120/><T108/><D108/><U14/><E14/><AGARI ba="0,1" hai="2,5,10,11,14,17,19,21,26,92,93" m="49193" machi="14" ten="30,5800,0" yaku="19,1,52,2" doraHai="88" who="0" fromWho="1" sc="250,68,240,-58,250,0,250,0" /><INIT seed="0,1,0,0,4,67" ten="318,182,250,250" oya="0" hai0="40,27,109,127,90,133,10,101,97,58,47,42,92" hai1="62,72,25,17,130,89,28,63,125,39,78,54,71" hai2="128,74,123,46,118,129,81,38,34,24,43,88,37" hai3="65,70,116,73,57,31,126,76,93,107,23,15,83"/><T13/><D127/><U66/><E125/><V55/><F123/><W36/><G126/><T22/><D133/><U48/><E130/><N who="2" m="50283" /><F118/><W94/><G116/><T95/><D109/><U14/><E39/><N who="2" m="21887" /><F55/><W21/><G107/><T108/><D108/><U134/><E134/><V35/><F88/><W26/><G36/><N who="2" m="13929" /><F24/><W75/><G75/><T33/><D33/><U12/><E63/><V100/><F100/><W45/><G45/><T110/><D58/><U69/><E89/><V7/><F7/><W11/><G57/><T19/><D47/><U131/><E131/><V20/><F20/><W18/><REACH who="3" step="1"/><G23/><REACH who="3" ten="318,182,250,240" step="2"/><T29/><REACH who="0" step="1"/><D110/><REACH who="0" ten="308,182,250,240" step="2"/><U86/><E71/><V3/><F3/><W99/><G99/><AGARI ba="1,2" hai="10,13,19,22,27,29,40,42,90,92,95,97,99,101" machi="99" ten="30,11600,0" yaku="1,1,2,1,7,1,8,1,53,0" doraHai="67" doraHaiUra="30" who="0" fromWho="3" sc="308,139,182,0,250,0,240,-119" /><INIT seed="0,2,0,3,1,105" ten="447,182,250,121" oya="0" hai0="115,30,7,11,89,116,19,22,133,49,53,6,23" hai1="83,108,103,91,109,125,77,2,21,131,102,123,73" hai2="86,42,31,17,76,55,74,132,44,80,40,64,81" hai3="10,112,29,124,14,50,75,69,37,3,0,13,130"/><T38/><D115/><U114/><E2/><V32/><F132/><W62/><G37/><T15/><D116/><U134/><E21/><V5/><F64/><W99/><G112/><T56/><D133/><U67/><E67/><V104/><F104/><W96/><G29/><T35/><D38/><U27/><E27/><V90/><F5/><W54/><G130/><T126/><D126/><U78/><E114/><V25/><REACH who="2" step="1"/><F17/><REACH who="2" ten="447,182,240,121" step="2"/><W46/><G124/><T33/><D6/><U106/><E125/><V79/><F79/><W82/><G69/><T57/><D7/><U118/><E78/><V95/><F95/><W70/><G70/><T92/><D33/><U20/><E134/><V127/><F127/><W43/><G0/><T117/><D35/><U59/><E106/><V12/><F12/><W87/><G3/><T58/><D117/><U24/><E77/><V28/><F28/><W52/><G14/><T88/><D30/><U65/><E65/><V121/><F121/><W47/><G13/><T8/><D23/><U1/><E20/><V120/><F120/><W111/><G10/><T129/><D129/><U93/><E131/><V85/><F85/><W34/><G34/><T63/><D8/><U16/><E93/><V113/><F113/><W36/><G87/><T97/><D11/><U94/><E94/><V18/><F18/><W66/><G66/><N who="0" m="39271" /><D89/><U135/><E91/><V41/><F41/><W51/><G43/><T39/><D39/><U107/><E135/><V110/><F110/><W4/><G111/><T84/><D84/><U100/><E109/><V98/><F98/><RYUUKYOKU ba="2,1" sc="447,15,182,-15,240,15,121,-15" hai0="15,19,22,49,53,57,58,88,92,97" hai2="25,31,32,40,42,44,55,74,76,80,81,86,90" /><INIT seed="0,3,1,4,5,118" ten="462,167,255,106" oya="0" hai0="113,127,38,15,133,126,134,35,84,97,135,20,29" hai1="12,74,45,1,115,28,11,61,87,6,128,71,68" hai2="13,76,60,92,30,26,36,24,19,112,124,119,108" hai3="64,131,22,52,121,53,8,49,25,65,91,89,77"/><T95/><D38/><U73/><E128/><V23/><F112/><W114/><G114/><T78/><D35/><U7/><E115/><V67/><F36/><W51/><G131/><T55/><D113/><U18/><E28/><V75/><F108/><W39/><G39/><T90/><D55/><U17/><E7/><V125/><F119/><W66/><G77/><T10/><D20/><U98/><E87/><V32/><F92/><W3/><G3/><T102/><D78/><U106/><E18/><V31/><F75/><W46/><G8/><T47/><D47/><U62/><E45/><V16/><F76/><W103/><G103/><T99/><D29/><U57/><E62/><V105/><F105/><W72/><G72/><T21/><D21/><U104/><E73/><V110/><F110/><W88/><G121/><T111/><D111/><U41/><E41/><V37/><F37/><W100/><G100/><T116/><D116/><U94/><E74/><V54/><F54/><N who="3" m="21099" /><G46/><T120/><D120/><U81/><E81/><V130/><F130/><W63/><G63/><T96/><REACH who="0" step="1"/><D102/><REACH who="0" ten="452,167,255,106" step="2"/><U34/><E34/><V59/><REACH who="2" step="1"/><F30/><AGARI ba="3,2" hai="22,25,30,49,51,64,65,66,88,89,91" m="21099" machi="30" ten="30,3900,0" yaku="8,1,54,2" doraHai="118" who="3" fromWho="2" sc="452,0,167,0,255,-48,106,68" /><INIT seed="1,0,0,5,3,20" ten="452,167,207,174" oya="1" hai0="80,70,79,24,69,63,40,108,50,23,76,57,49" hai1="31,116,26,132,95,85,6,129,117,0,109,59,74" hai2="124,15,99,66,64,82,127,107,112,78,28,103,12" hai3="14,44,113,118,54,42,51,77,10,41,97,133,104"/><U128/><E74/><V39/><F39/><W2/><G113/><T75/><D108/><U4/><E59/><V33/><F112/><W5/><G133/><T123/><D79/><U16/><E85/><V29/><F64/><W34/><G118/><N who="1" m="45674" /><E95/><V61/><F15/><W71/><G71/><T131/><D131/><N who="1" m="50251" /><E132/><V19/><F12/><W91/><G34/><T18/><D123/><U25/><E0/><V122/><F122/><W55/><G2/><T121/><D121/><U46/><E46/><V94/><F94/><N who="3" m="56543" /><G104/><T135/><D135/><U45/><E45/><V17/><F82/><W126/><G77/><T35/><D40/><N who="3" m="15465" /><G126/><N who="2" m="48169" /><F78/><W53/><AGARI ba="0,0" hai="5,10,14,44,51,53,54,55" m="15465,56543" machi="53" ten="30,1100,0" yaku="8,1" doraHai="20" who="3" fromWho="3" sc="452,-3,167,-5,207,-3,174,11" /><INIT seed="2,0,0,3,3,114" ten="449,162,204,185" oya="2" hai0="123,80,113,98,135,103,87,102,96,6,61,115,128" hai1="83,95,34,21,104,24,108,79,119,42,70,41,129" hai2="64,1,89,116,90,73,69,60,75,67,68,131,120" hai3="40,127,10,37,94,44,85,82,112,31,35,92,117"/><V0/><F120/><W76/><G112/><T28/><D123/><U53/><E104/><V19/><F19/><W17/><G127/><T49/><D28/><U91/><E34/><V86/><F131/><W36/><G36/><T25/><D25/><U15/><E108/><V65/><F60/><W66/><G66/><T133/><D6/><U100/><E100/><V30/><F30/><W105/><G105/><T18/><D49/><U71/><E15/><V5/><F5/><W101/><G101/><T11/><D11/><U54/><E129/><V51/><F51/><W56/><G56/><T84/><D18/><U124/><E124/><V74/><F116/><W130/><G130/><T27/><D27/><U59/><E71/><N who="2" m="27211" /><F86/><W9/><G117/><T39/><D61/><U62/><E53/><V78/><F78/><W134/><G17/><T12/><D12/><U97/><E70/><V29/><F29/><W14/><G14/><T118/><D39/><U4/><E4/><V58/><F58/><W121/><G121/><T32/><D32/><U93/><E93/><N who="3" m="35946" /><G10/><T125/><D128/><U110/><E119/><V2/><AGARI ba="0,0" hai="0,1,2,64,65,67,73,74,75,89,90" m="27211" machi="2" ten="50,12000,1" yaku="29,2,28,2" doraHai="114" who="2" fromWho="2" sc="449,-40,162,-40,204,120,185,-40" /><INIT seed="2,1,0,0,0,78" ten="409,122,324,145" oya="2" hai0="55,67,93,20,80,42,26,27,0,90,24,29,106" hai1="101,40,21,69,12,45,125,65,87,104,82,3,50" hai2="25,47,46,77,32,95,84,124,64,31,133,23,135" hai3="35,9,111,71,52,117,83,11,79,33,60,115,88"/><V102/><F124/><W74/><G117/><T13/><D0/><U61/><E125/><V92/><F32/><W30/><G111/><T41/><D106/><U53/><E3/><V96/><F64/><W112/><G30/><T130/><D130/><U49/><E104/><V113/><F113/><N who="3" m="43595" /><G71/><T10/><D67/><U126/><E101/><V86/><F86/><N who="3" m="50271" /><G11/><T68/><D55/><U85/><E126/><V132/><REACH who="2" step="1"/><F95/><REACH who="2" ten="409,122,314,145" step="2"/><W116/><G116/><T44/><D93/><U17/><REACH who="1" step="1"/><E82/><AGARI ba="1,1" hai="23,25,31,46,47,77,82,84,92,96,102,132,133,135" machi="82" ten="40,12000,1" yaku="1,1,2,1,20,1,52,1,53,0" doraHai="78" doraHaiUra="123" who="2" fromWho="1" sc="409,0,122,-123,314,133,145,0" owari="409,20.9,-1,-50.1,447,54.7,145,-25.5" /></mjloggm>