<mjloggm ver="2.3"><GO type="169" lobby="0"/><UN n0="%E3%81%82%E3%81%BE%E3%81%82%E3%82%93" n1="%E4%B9%9D%E7%B4%8B%E9%BE%8D%E5%8F%B2%E9%80%B2" n2="%E7%B4%94%E6%BD%94%E3%83%94%E3%83%A9%E3%83%8B%E3%82%A2" n3="%E7%99%BD%E3%81%AE%E7%A9%BA" dan="16,19,17,17" rate="2076.30,2299.31,2217.36,2216.67" sx="M,M,M,M"/><TAIKYOKU oya="0"/><INIT seed="0,0,0,5,5,47" ten="250,250,250,250" oya="0" hai0="116,5,128,73,51,126,118,10,2,113,45,119,100" hai1="123,81,129,69,44,91,124,59,82,65,40,114,93" hai2="58,105,87,30,109,14,18,72,97,56,36,79,32" hai3="31,49,24,27,17,96,43,76,1,110,95,54,75"/><T46/><D113/><U127/><E123/><V7/><F36/><W12/><G1/><T85/><D73/><U25/><E69/><V117/><F72/><W115/><G115/><T67/><D128/><U99/><E129/><V48/><F7/><W90/><G110/><T22/><D126/><N who="1" m="48171" /><E25/><V83/><F30/><W8/><G43/><T80/><D100/><U0/><E0/><V133/><F32/><W23/><G27/><T33/><D33/><U20/><E20/><V89/><F109/><W55/><G75/><T11/><D67/><U41/><E41/><V26/><F26/><W42/><REACH who="3" step="1"/><G76/><REACH who="3" ten="250,250,250,240" step="2"/><T16/><D11/><U112/><E114/><V71/><F79/><W52/><G52/><T98/><D98/><U135/><E112/><V37/><F97/><W94/><G94/><T66/><D66/><U57/><E65/><V53/><F53/><W121/><G121/><T4/><D10/><U39/><E135/><V92/><F92/><W101/><G101/><T130/><D2/><U29/><E29/><V35/><F133/><W120/><G120/><T38/><D130/><U6/><E6/><V74/><F74/><W77/><G77/><T134/><D134/><U68/><E68/><V125/><F71/><W63/><G63/><T34/><D4/><U102/><E102/><V131/><F131/><W111/><G111/><T70/><D5/><U19/><E19/><V78/><F18/><W88/><G88/><T122/><D70/><U132/><E132/><V64/><F89/><W103/><G103/><T28/><D122/><U108/><E108/><V60/><F78/><RYUUKYOKU ba="0,1" sc="250,-15,250,15,250,-15,240,15" hai1="39,40,44,57,59,81,82,91,93,99" hai3="8,12,17,23,24,31,42,49,54,55,90,95,96" /><INIT seed="1,1,1,3,5,1" ten="235,265,235,255" oya="1" hai0="115,64,74,68,42,58,67,117,123,94,127,132,47" hai1="34,77,91,65,95,25,36,16,120,20,125,72,99" hai2="22,8,70,73,13,83,14,23,87,126,40,59,27" hai3="110,56,3,63,51,21,28,69,37,4,111,2,135"/><U10/><E120/><V60/><F73/><W131/><G37/><T114/><D74/><U6/><E125/><V18/><F70/><W109/><G69/><T49/><D94/><U31/><E36/><V119/><F119/><W103/><G131/><T86/><D86/><U106/><E65/><V33/><F33/><W15/><G135/><T46/><D117/><U39/><E39/><V52/><F40/><W17/><G51/><N who="0" m="27095" /><D132/><U30/><E106/><V19/><F126/><W121/><G121/><T57/><D123/><U7/><E10/><V128/><F128/><W122/><G122/><T80/><D80/><U0/><E0/><V98/><F98/><W116/><G116/><T48/><D127/><U53/><E31/><V76/><REACH who="2" step="1"/><F8/><REACH who="2" ten="235,265,225,255" step="2"/><N who="3" m="4487" /><G103/><T85/><D85/><U9/><E9/><V82/><F82/><W100/><G100/><T118/><D118/><U81/><REACH who="1" step="1"/><E53/><REACH who="1" ten="235,255,225,255" step="2"/><V104/><F104/><W54/><G28/><T93/><D67/><U96/><E96/><V107/><F107/><W35/><G35/><T66/><D64/><U62/><E62/><V12/><AGARI ba="1,3" hai="12,13,14,18,19,22,23,27,52,59,60,76,83,87" machi="12" ten="20,8000,1" yaku="1,1,0,1,7,1,8,1,54,1,53,0" doraHai="1" doraHaiUra="101" who="2" fromWho="2" sc="235,-21,255,-41,225,113,255,-21" /><INIT seed="2,0,0,0,3,101" ten="214,214,338,234" oya="2" hai0="62,50,82,69,112,111,79,9,15,59,87,4,81" hai1="93,37,57,11,56,97,33,127,107,13,121,129,2" hai2="61,25,76,30,94,120,42,117,18,104,123,89,86" hai3="100,65,72,10,130,85,128,71,26,44,70,48,132"/><V74/><F117/><W114/><G72/><T3/><D112/><U75/><E2/><V108/><F42/><W105/><G132/><T16/><D111/><U102/><E37/><V63/><F18/><W95/><G114/><T125/><D125/><U113/><E113/><V68/><F108/><W135/><G135/><T7/><D69/><U122/><E127/><V99/><F74/><W60/><G70/><T36/><D36/><U31/><E75/><V119/><F119/><W1/><G26/><T21/><D50/><U92/><E129/><N who="3" m="49770" /><G1/><T106/><D106/><U110/><E110/><V77/><F77/><W38/><G10/><T133/><D133/><U78/><E78/><V8/><F8/><W54/><G38/><T67/><D3/><U0/><E0/><V23/><F76/><W47/><G47/><T96/><D96/><U116/><E116/><V109/><F109/><W53/><G53/><T51/><D51/><U124/><E124/><V64/><REACH who="2" step="1"/><F63/><REACH who="2" ten="214,214,328,234" step="2"/><W98/><G85/><N who="0" m="48319" /><D9/><U134/><E134/><V84/><F84/><W17/><G17/><T73/><D73/><U126/><E126/><V80/><F80/><W29/><G29/><T66/><D82/><U58/><E31/><V32/><F32/><W14/><G14/><T5/><D87/><U6/><REACH who="1" step="1"/><E33/><REACH who="1" ten="214,204,328,234" step="2"/><V52/><F52/><AGARI ba="0,2" hai="4,5,7,15,16,21,52,59,62,66,67" m="48319" machi="52" ten="30,3900,0" yaku="8,1,54,2" doraHai="101" who="0" fromWho="2" sc="214,59,204,0,328,-39,234,0" /><INIT seed="3,0,0,4,2,26" ten="273,204,289,234" oya="3" hai0="109,75,92,130,3,128,31,74,107,118,121,61,30" hai1="32,96,85,81,95,133,84,63,22,62,37,66,127" hai2="64,33,40,5,36,134,65,111,97,101,43,11,15" hai3="70,0,60,50,57,126,8,42,59,90,79,39,103"/><W104/><G126/><T25/><D118/><U129/><E32/><V113/><F113/><W82/><G90/><T24/><D121/><U117/><E37/><V44/><F111/><W20/><G20/><N who="0" m="15623" /><D107/><U73/><E127/><V14/><F33/><W19/><G70/><T6/><D92/><U102/><E133/><V115/><F115/><W69/><G69/><T71/><D109/><U98/><E129/><N who="0" m="49769" /><D6/><U16/><E117/><V21/><F40/><W132/><G42/><T119/><D3/><U89/><E73/><V86/><F86/><W99/><G0/><T29/><D119/><U125/><E125/><V78/><F78/><W56/><G79/><T10/><D10/><U1/><E1/><V53/><F53/><W112/><G112/><T72/><D25/><N who="1" m="14535" /><E66/><AGARI ba="0,0" hai="29,31,61,66,71,72,74,75" m="49769,15623" machi="66" ten="40,8000,1" yaku="19,1,52,3" doraHai="26" who="0" fromWho="1" sc="273,80,204,-80,289,0,234,0" /><INIT seed="4,0,0,4,0,101" ten="353,124,289,234" oya="0" hai0="110,22,3,72,48,134,125,94,80,20,59,32,117" hai1="79,90,38,86,30,51,112,66,68,45,132,25,34" hai2="113,76,84,130,56,123,88,4,49,128,46,121,41" hai3="27,36,115,91,58,105,10,11,65,61,77,16,126"/><T5/><D117/><U17/><E132/><V106/><F113/><W47/><G115/><T31/><D134/><U74/><E38/><V96/><F76/><W40/><G126/><T29/><D125/><U43/><E112/><V15/><F56/><W99/><G77/><T100/><D110/><U69/><E66/><V7/><F96/><W12/><G27/><T14/><D72/><U1/><E1/><V42/><F106/><W50/><G36/><T6/><D80/><U28/><E28/><V57/><F57/><W63/><G63/><T81/><D81/><U23/><E79/><V85/><F49/><W95/><REACH who="3" step="1"/><G105/><REACH who="3" ten="353,124,289,224" step="2"/><T108/><D108/><U71/><E74/><V103/><F121/><W67/><G67/><T55/><D32/><U118/><E118/><V73/><F123/><W24/><G24/><T21/><D3/><U44/><E34/><V111/><F111/><W0/><G0/><T102/><D14/><U70/><E30/><V92/><F15/><W119/><G119/><T19/><D31/><U107/><E107/><V120/><F120/><W35/><G35/><T124/><D124/><U127/><E127/><V135/><F135/><W54/><G54/><T129/><D55/><U114/><E114/><V78/><F78/><W39/><G39/><T62/><D29/><U133/><E133/><V109/><F109/><W26/><G26/><T60/><D60/><U18/><N who="1" m="17408" /><DORA hai="97" /><U2/><E2/><V8/><F73/><W13/><G13/><T37/><D62/><U87/><E25/><V83/><F41/><W9/><AGARI ba="0,1" hai="9,10,11,12,16,40,47,50,58,61,65,91,95,99" machi="9" ten="20,8000,1" yaku="1,1,0,1,7,1,8,1,54,1,53,0" doraHai="101,97" doraHaiUra="33,82" who="3" fromWho="3" sc="353,-40,124,-20,289,-20,224,90" /><INIT seed="5,0,0,1,2,44" ten="313,104,269,314" oya="1" hai0="90,112,103,25,105,20,118,99,39,107,57,86,102" hai1="11,42,22,4,33,72,49,122,94,92,121,59,89" hai2="100,63,50,132,76,36,91,81,106,95,15,10,83" hai3="73,29,55,120,104,64,78,53,5,68,46,24,67"/><U130/><E33/><V1/><F36/><W32/><G120/><T34/><D118/><U18/><E72/><V37/><F37/><W82/><G104/><T135/><D39/><U54/><E42/><V8/><F132/><W80/><G5/><T61/><D34/><U97/><E130/><V27/><F27/><W129/><G129/><T58/><D112/><U84/><E11/><V74/><F81/><W65/><G68/><T26/><D135/><U2/><E4/><V69/><F1/><W133/><G133/><T0/><D0/><U28/><E28/><V21/><F21/><W114/><G114/><T124/><D124/><U108/><E2/><V43/><F63/><W23/><G32/><T56/><D61/><U52/><E54/><V111/><F69/><W127/><G127/><T12/><D12/><N who="1" m="9543" /><E108/><V109/><F10/><W51/><REACH who="3" step="1"/><G80/><REACH who="3" ten="313,104,269,304" step="2"/><T60/><D105/><U45/><E45/><V116/><F106/><W3/><G3/><T79/><D107/><U125/><E125/><V47/><F116/><W7/><G7/><T131/><D131/><U96/><E96/><V6/><F109/><W62/><G62/><T110/><D60/><U70/><E70/><V98/><REACH who="2" step="1"/><F111/><REACH who="2" ten="313,104,259,304" step="2"/><W75/><G75/><T128/><D110/><U101/><AGARI ba="0,2" hai="49,52,59,84,89,92,94,97,101,121,122" m="9543" machi="101" ten="30,6000,0" yaku="25,1,52,1,54,1" doraHai="44" who="1" fromWho="1" sc="313,-20,104,80,259,-20,304,-20" /><INIT seed="5,1,0,3,3,9" ten="293,184,239,284" oya="1" hai0="19,11,115,13,76,24,116,61,122,18,17,78,56" hai1="134,52,44,74,119,38,98,40,0,89,35,124,123" hai2="32,92,81,64,72,109,63,34,107,25,91,130,83" hai3="33,69,15,105,48,68,28,42,10,111,57,29,66"/><U43/><E119/><V60/><F107/><W94/><G105/><T95/><D122/><U14/><E123/><V114/><F109/><W16/><G111/><T45/><D116/><U47/><E0/><V96/><F130/><W86/><G33/><T7/><D115/><U80/><E35/><V36/><F36/><W112/><G112/><T8/><D8/><U99/><E134/><V21/><F60/><N who="3" m="38159" /><G68/><T126/><D126/><U118/><E118/><V73/><F114/><W2/><G69/><T59/><D24/><U125/><E52/><V49/><F49/><W82/><G94/><T70/><D70/><U22/><E74/><V51/><F51/><W101/><G101/><T113/><D113/><U5/><E80/><V54/><F54/><W132/><G2/><T87/><D45/><U97/><E89/><V71/><F83/><W90/><G132/><T88/><REACH who="0" step="1"/><D56/><REACH who="0" ten="283,184,239,284" step="2"/><U110/><E110/><V85/><F34/><W46/><AGARI ba="1,1" hai="10,15,16,28,29,42,46,48,82,86,90" m="38159" machi="46" ten="30,4000,0" yaku="8,1,52,1,54,1" doraHai="9" who="3" fromWho="3" sc="283,-11,184,-21,239,-11,284,53" /><INIT seed="6,0,0,2,4,90" ten="272,163,228,337" oya="2" hai0="67,83,35,98,114,2,64,37,24,84,82,30,14" hai1="25,102,119,5,79,22,55,121,0,126,101,46,18" hai2="120,26,129,134,68,78,58,131,65,122,73,89,71" hai3="81,36,3,80,132,29,27,57,60,15,44,113,48"/><V61/><F78/><W47/><G3/><T106/><D2/><U63/><E119/><V41/><F73/><W43/><G132/><T19/><D37/><U10/><E126/><V40/><F89/><W62/><G113/><T53/><D114/><U52/><E121/><N who="2" m="46699" /><F134/><W66/><G15/><T45/><D83/><U135/><E135/><V123/><N who="2" m="46707" /><V16/><DORA hai="39" /><F16/><W105/><G105/><T109/><D109/><U128/><E79/><V59/><F59/><W33/><REACH who="3" step="1"/><G62/><REACH who="3" ten="272,163,228,327" step="2"/><T42/><D106/><U4/><E4/><V23/><F26/><W96/><G96/><T87/><D98/><U13/><E0/><V12/><F12/><W76/><G76/><T38/><D14/><U118/><E118/><V21/><F21/><W32/><G32/><T8/><D35/><U75/><E22/><V77/><F77/><W103/><G103/><T115/><D24/><U34/><E34/><V28/><F23/><W110/><G110/><T7/><D115/><U17/><E25/><V91/><F91/><W97/><G97/><T74/><D74/><U94/><E75/><V9/><F9/><W31/><G31/><T99/><D30/><U93/><E10/><V130/><F28/><W95/><G95/><T100/><D100/><U108/><E13/><V1/><F1/><W49/><G49/><T92/><D99/><U127/><E108/><V116/><F116/><W11/><G11/><T69/><D8/><U54/><E102/><V6/><F6/><W125/><G125/><T107/><D7/><U133/><E5/><V88/><F88/><W50/><G50/><RYUUKYOKU ba="0,1" sc="272,-15,163,-15,228,15,327,15" hai2="40,41,58,61,65,68,71,129,130,131" hai3="27,29,33,36,43,44,47,48,57,60,66,80,81" /><INIT seed="6,1,1,4,0,120" ten="257,148,243,342" oya="2" hai0="82,24,6,83,32,42,110,96,58,95,15,119,7" hai1="134,66,31,64,5,111,14,43,109,9,3,129,93" hai2="68,37,84,81,78,86,127,94,44,17,124,60,108" hai3="131,97,23,56,10,51,112,114,25,90,33,20,34"/><V41/><F108/><W91/><G131/><T28/><D119/><U133/><E43/><V63/><F17/><W116/><G116/><T38/><D110/><N who="1" m="41995" /><E93/><V26/><F26/><W85/><G10/><T65/><D38/><U8/><E129/><V132/><F132/><N who="1" m="50793" /><E31/><V102/><F68/><W103/><G112/><T57/><D42/><U100/><E100/><V46/><F46/><W105/><G114/><T45/><D45/><U53/><E53/><V74/><F84/><W89/><G85/><T70/><D70/><U22/><E22/><V30/><F30/><W4/><G20/><T101/><D58/><U88/><E88/><N who="2" m="53527" /><F102/><W67/><G90/><T99/><D99/><U104/><E104/><V122/><F122/><W75/><G91/><T118/><D118/><U69/><E69/><V47/><F47/><W2/><G89/><T135/><D135/><U80/><E80/><V11/><F11/><W71/><G71/><T13/><D83/><U35/><E35/><V98/><F98/><W106/><G33/><T62/><D82/><U73/><E73/><V128/><F128/><W52/><G34/><T117/><D117/><U55/><E55/><V29/><F29/><N who="3" m="17599" /><G75/><T21/><D32/><U36/><E36/><V12/><F81/><W113/><G105/><T27/><D27/><U54/><E54/><V76/><F74/><W125/><G106/><T39/><D39/><U0/><E0/><V115/><F115/><W49/><G113/><T61/><D28/><U16/><AGARI ba="1,1" hai="3,5,8,9,14,16,64,66" m="50793,41995" machi="16" ten="30,8000,1" yaku="20,1,52,3,54,1" doraHai="120" who="1" fromWho="1" sc="257,-21,148,93,243,-41,342,-21" /><INIT seed="7,0,0,4,4,57" ten="236,241,202,321" oya="3" hai0="96,34,4,58,16,95,51,116,70,2,102,18,55" hai1="89,1,72,23,104,15,113,76,101,20,73,24,83" hai2="59,84,29,90,6,106,110,50,11,88,80,69,97" hai3="33,5,0,47,49,121,119,39,93,66,48,54,92"/><W124/><G121/><T64/><D116/><U118/><E1/><V122/><F69/><W86/><G119/><T134/><D34/><U12/><E118/><V91/><F122/><W37/><G33/><T53/><D134/><U130/><E73/><V126/><F110/><W56/><G124/><T26/><D26/><U45/><E113/><V103/><F126/><W44/><G5/><T94/><D94/><U63/><E23/><V22/><F22/><W35/><G0/><T71/><D55/><U67/><E130/><V79/><F29/><W8/><G8/><T114/><D114/><U100/><E89/><V135/><F135/><W25/><G39/><T112/><D112/><U127/><E45/><V60/><F50/><W78/><G37/><T41/><D41/><U131/><E131/><V133/><F133/><W27/><G35/><T7/><D70/><U9/><E104/><V120/><F120/><W36/><G36/><T31/><D31/><U111/><E12/><V38/><F38/><W105/><G105/><T129/><D129/><U117/><E111/><V98/><F98/><W52/><G25/><T125/><D125/><U107/><E107/><V46/><F46/><W132/><G27/><T108/><D108/><U10/><E127/><V13/><F79/><W40/><G132/><T87/><D2/><U21/><E117/><V74/><F74/><W128/><G128/><T65/><D71/><U14/><E24/><V81/><F80/><N who="3" m="47383" /><G40/><T61/><D87/><U109/><E72/><V75/><F75/><W30/><G30/><T32/><D32/><U115/><E109/><RYUUKYOKU ba="0,0" sc="236,-15,241,-15,202,15,321,15" hai2="6,11,13,59,60,81,84,88,90,91,97,103,106" hai3="44,47,48,49,52,54,56,66,92,93" owari="221,-17.9,226,2.6,217,-28.3,336,43.6" /></mjloggm>