<mjloggm ver="2.3"><GO type="169" lobby="0"/><UN n0="%E3%81%B1%E3%82%93%E3%81%AA%E3%81%93%E3%81%BE%E3%81%A3%E3%81%9F" n1="%E8%B5%A4%E6%AF%9B%E3%81%AE%E3%82%AD%E3%83%A7%E3%83%B3" n2="%E6%9C%AC%E5%AE%B6%E3%81%8B%E3%81%BE%E3%81%A9%E3%82%84" n3="%50%72%65%6D%6F%76%65" dan="17,18,16,17" rate="2188.47,2284.83,2126.82,2367.67" sx="M,M,M,M"/><TAIKYOKU oya="0"/><INIT seed="0,0,0,0,5,127" ten="250,250,250,250" oya="0" hai0="109,99,21,97,53,32,28,40,88,134,57,45,52" hai1="7,17,55,79,132,73,87,4,82,133,24,131,126" hai2="26,83,123,22,108,37,84,121,117,122,129,95,12" hai3="36,64,48,110,102,46,114,50,78,62,120,66,56"/><T113/><D113/><U43/><E126/><V67/><F37/><W94/><G114/><T49/><D32/><U72/><E43/><V42/><F42/><N who="3" m="22855" /><G94/><T60/><D134/><N who="1" m="51819" /><E55/><V15/><F117/><W10/><G10/><T86/><D109/><U47/><E47/><V80/><F108/><W93/><G93/><T16/><D28/><U13/><E24/><V51/><F67/><N who="3" m="39367" /><G78/><T1/><D1/><U74/><E131/><V115/><F129/><W11/><G11/><AGARI ba="0,0" hai="4,7,11,13,17,72,73,74,79,82,87" m="51819" machi="11" ten="40,1300,0" yaku="20,1" doraHai="127" who="1" fromWho="3" sc="250,0,250,13,250,0,250,-13" /><INIT seed="1,0,0,4,2,75" ten="250,263,250,237" oya="1" hai0="88,13,117,31,16,53,105,26,25,63,46,39,55" hai1="113,69,65,87,24,82,62,17,83,48,74,72,86" hai2="5,14,122,59,76,93,47,40,49,104,131,109,21" hai3="23,18,118,56,92,30,106,51,37,100,95,66,52"/><U71/><E113/><V128/><F122/><W4/><G118/><T121/><D105/><U3/><E3/><V60/><F104/><W44/><G30/><T54/><D117/><U32/><E71/><V96/><F109/><W80/><G4/><T27/><D121/><U99/><E99/><V129/><F5/><W12/><G106/><T89/><D31/><U126/><E126/><V120/><F120/><W42/><G100/><T1/><D1/><U6/><E6/><V97/><F97/><W36/><G36/><T73/><D73/><U33/><E48/><V61/><F61/><W84/><REACH who="3" step="1"/><G66/><REACH who="3" ten="250,263,250,227" step="2"/><T127/><D127/><U67/><E67/><V28/><F28/><W108/><G108/><T103/><D103/><U102/><E102/><V85/><F128/><W81/><G81/><T107/><D107/><U9/><E33/><V110/><F110/><W45/><G45/><T35/><D35/><U20/><E32/><V19/><F129/><W116/><G116/><T124/><D124/><U112/><E112/><V123/><F123/><W98/><G98/><T7/><D7/><U38/><E38/><V79/><F96/><W115/><G115/><T50/><D39/><U70/><E83/><V58/><F131/><W125/><G125/><T133/><D133/><U41/><E82/><V111/><F111/><W11/><G11/><N who="0" m="6207" /><D63/><U135/><E135/><V119/><F119/><W94/><G94/><T8/><D8/><U2/><E9/><V91/><F60/><W57/><G57/><AGARI ba="0,1" hai="14,19,21,40,47,49,57,58,59,76,79,85,91,93" machi="57" ten="40,5200,0" yaku="8,1,52,2" doraHai="75" who="2" fromWho="3" sc="250,0,263,0,250,62,227,-52" /><INIT seed="2,0,0,0,4,126" ten="250,263,312,175" oya="2" hai0="7,5,79,112,49,104,70,36,131,128,28,72,57" hai1="98,85,0,109,125,92,64,39,99,114,65,113,89" hai2="53,25,102,80,84,135,19,122,88,119,110,34,1" hai3="52,133,100,101,6,37,77,117,12,14,26,108,40"/><V106/><F119/><W134/><G117/><T75/><D112/><U94/><E39/><V130/><F122/><W30/><G77/><T74/><D70/><U95/><E0/><V62/><F1/><W127/><G127/><T56/><D36/><U124/><E109/><V97/><F135/><N who="3" m="51723" /><G37/><T45/><D104/><U66/><E125/><V111/><F130/><N who="0" m="49706" /><D28/><U93/><REACH who="1" step="1"/><E124/><REACH who="1" ten="250,253,312,175" step="2"/><V13/><F110/><W87/><G108/><T116/><D116/><U31/><E31/><V17/><F111/><W61/><G30/><T115/><D115/><AGARI ba="0,1" hai="64,65,66,85,89,92,93,94,95,98,99,113,114,115" machi="115" ten="50,1600,0" yaku="1,1,53,0" doraHai="126" doraHaiUra="73" who="1" fromWho="0" sc="250,-16,253,26,312,0,175,0" /><INIT seed="3,0,0,4,5,22" ten="234,279,312,175" oya="3" hai0="16,132,26,46,62,95,79,61,122,36,35,72,134" hai1="41,74,15,21,85,108,13,115,56,44,70,52,63" hai2="30,119,104,107,127,86,45,54,131,65,123,60,80" hai3="51,38,88,124,27,128,8,75,10,97,82,92,18"/><W34/><G38/><T3/><D122/><U40/><E115/><V103/><F119/><W76/><G124/><T43/><D3/><U81/><E108/><V101/><F127/><W84/><G128/><T121/><D121/><U100/><E74/><V118/><F118/><W135/><G135/><N who="0" m="51755" /><D35/><U111/><E111/><V32/><F131/><W59/><G75/><T19/><D95/><U1/><E1/><V67/><F30/><W109/><G109/><T6/><D6/><U125/><E125/><V110/><F32/><W126/><G126/><T58/><D26/><U37/><E40/><V2/><F2/><W39/><G39/><T28/><D28/><U48/><E100/><V66/><F123/><W50/><G34/><T129/><D129/><U4/><E4/><V14/><F107/><W47/><G59/><T87/><D87/><U120/><E120/><V77/><F104/><W83/><G83/><N who="0" m="45543" /><D62/><U68/><E21/><V114/><F60/><W116/><G116/><T112/><D112/><U42/><E42/><V102/><F114/><W96/><G96/><T29/><D29/><U23/><E23/><V69/><F110/><W33/><G18/><T0/><D0/><U49/><E70/><V7/><F69/><W117/><G117/><T17/><D19/><U89/><E49/><N who="3" m="18442" /><G47/><T90/><D90/><U99/><E99/><V130/><F130/><W53/><G53/><AGARI ba="0,0" hai="16,17,36,43,46,53,58,61" m="45543,51755" machi="53" ten="30,2000,0" yaku="20,1,54,1" doraHai="22" who="0" fromWho="3" sc="234,20,279,0,312,0,175,-20" /><INIT seed="4,0,0,5,3,67" ten="254,279,312,155" oya="0" hai0="17,4,27,24,77,74,108,113,48,95,60,120,16" hai1="10,126,26,129,30,89,1,64,0,51,61,47,105" hai2="70,98,3,28,73,45,44,35,46,23,83,57,128" hai3="100,55,93,97,8,25,20,94,104,96,82,86,121"/><T81/><D120/><U87/><E105/><V79/><F35/><W66/><G121/><T103/><D113/><U49/><E126/><V38/><F3/><W92/><G8/><T7/><D108/><U80/><E129/><V78/><F78/><W11/><G11/><T2/><D48/><U118/><E118/><V112/><F112/><W18/><G66/><T99/><D2/><U62/><E62/><V130/><F38/><W116/><G116/><T63/><D63/><U101/><E101/><V72/><F72/><W12/><G55/><T90/><D60/><U122/><E122/><V127/><F57/><W84/><G96/><T59/><D59/><U52/><E51/><V33/><F33/><W21/><REACH who="3" step="1"/><G82/><REACH who="3" ten="254,279,312,145" step="2"/><T125/><D125/><U34/><REACH who="1" step="1"/><E10/><REACH who="1" ten="254,269,312,145" step="2"/><V31/><F127/><W115/><G115/><T50/><D4/><U9/><E9/><V119/><F119/><W124/><G124/><T91/><D7/><U135/><E135/><V132/><F132/><W42/><G42/><T107/><D107/><U71/><AGARI ba="0,2" hai="0,1,26,30,34,47,49,52,61,64,71,80,87,89" machi="71" ten="20,8000,1" yaku="1,1,0,1,7,1,52,1,54,1,53,0" doraHai="67" doraHaiUra="53" who="1" fromWho="1" sc="254,-40,269,100,312,-20,145,-20" /><INIT seed="5,0,0,5,1,130" ten="214,369,292,125" oya="1" hai0="32,25,120,85,76,91,68,64,31,57,97,81,36" hai1="58,112,80,116,131,24,13,47,92,15,129,93,83" hai2="107,49,34,75,117,5,118,94,65,101,20,30,98" hai3="28,89,127,114,115,26,124,54,55,18,9,69,19"/><U99/><E116/><V74/><F34/><W0/><G69/><T123/><D36/><U121/><E121/><N who="0" m="46665" /><D68/><U10/><E112/><N who="3" m="43050" /><G89/><T119/><D119/><U71/><E71/><V27/><F117/><W21/><G55/><T102/><D57/><U37/><E24/><V96/><F118/><W113/><N who="3" m="43058" /><W100/><DORA hai="67" /><G100/><T12/><D12/><U16/><E58/><V39/><F39/><W60/><G54/><T106/><D64/><U6/><E92/><V82/><F82/><W48/><G48/><T23/><D32/><U133/><E131/><V14/><F65/><W84/><G84/><T44/><D44/><U41/><E133/><V103/><F49/><W125/><G60/><T2/><D2/><U134/><E134/><V51/><F51/><W88/><G88/><AGARI ba="0,0" hai="23,25,31,76,81,85,88,91,97,102,106" m="46665" machi="88" ten="30,2000,0" yaku="13,1,54,1" doraHai="130,67" who="0" fromWho="3" sc="214,20,369,0,292,0,125,-20" /><INIT seed="6,0,0,3,4,123" ten="234,369,292,105" oya="2" hai0="96,88,3,81,102,98,129,25,105,11,48,59,43" hai1="4,126,86,18,80,92,75,120,132,135,21,61,91" hai2="20,53,66,133,97,70,111,0,19,2,44,12,107" hai3="47,22,54,116,24,78,60,95,8,69,33,100,106"/><V36/><F133/><N who="1" m="51273" /><E120/><V114/><F114/><W87/><G116/><T83/><D129/><U5/><E126/><V64/><F70/><W55/><G33/><T73/><D25/><N who="1" m="14519" /><E61/><V77/><F77/><AGARI ba="0,0" hai="4,5,75,77,80,86,91,92" m="14519,51273" machi="77" ten="30,1000,0" yaku="20,1" doraHai="123" who="1" fromWho="2" sc="234,0,369,10,292,-10,105,0" /><INIT seed="7,0,0,5,1,125" ten="234,379,282,105" oya="3" hai0="107,67,41,70,43,35,100,40,14,119,126,16,95" hai1="32,117,61,110,101,97,7,127,121,103,102,1,48" hai2="86,71,79,58,106,9,93,64,104,68,73,113,122" hai3="130,10,76,65,75,112,118,12,132,85,59,5,131"/><W78/><G118/><T0/><D119/><U92/><E117/><V50/><F73/><W90/><G112/><T116/><D116/><U51/><E110/><V22/><F122/><W115/><G115/><T30/><D0/><U62/><E32/><V20/><F9/><W38/><G132/><T17/><D126/><U39/><E39/><V88/><F79/><W23/><G38/><T33/><D95/><U120/><E7/><V25/><F20/><W111/><G111/><T63/><D14/><U18/><E1/><V11/><F11/><W108/><G108/><T128/><D35/><U105/><E127/><V87/><F87/><W72/><G23/><T56/><D56/><U55/><E105/><V27/><F27/><W81/><G76/><T46/><D46/><U8/><E48/><V4/><F4/><W57/><G75/><T34/><D34/><U77/><E77/><V6/><F6/><W24/><G24/><N who="0" m="18631" /><D128/><N who="3" m="49193" /><G65/><T99/><AGARI ba="0,0" hai="16,17,40,41,43,63,67,70,99,100,107" m="18631" machi="99" ten="30,2000,0" yaku="25,1,54,1" doraHai="125" who="0" fromWho="0" sc="234,20,379,-5,282,-5,105,-10" owari="254,-14.6,374,47.4,277,7.7,95,-40.5" /></mjloggm>