<mjloggm ver="2.3"><GO type="225" lobby="0"/><UN n0="%E5%91%A8%E6%9D%B1" n1="%E6%9C%88%E5%B3%B6%E5%9F%BA" n2="%E6%98%93%E5%88%A9%E8%96%A9%E4%BC%AF" n3="%E3%81%BF%E3%81%BF%E3%81%9A" dan="16,17,17,17" rate="2169.29,2220.37,2193.27,2283.14" sx="M,M,F,M"/><TAIKYOKU oya="0"/><INIT seed="0,0,0,0,2,35" ten="250,250,250,250" oya="0" hai0="38,70,23,26,89,83,57,8,88,61,51,59,11" hai1="118,132,49,100,77,53,97,5,110,47,39,44,124" hai2="33,17,116,30,27,122,96,6,84,86,9,48,32" hai3="45,123,28,10,54,69,105,34,111,117,103,2,58"/><T135/><D38/><U72/><E118/><V82/><F122/><W1/><G117/><T25/><D135/><U94/><E132/><V7/><F116/><W134/><G10/><N who="0" m="3627" /><D70/><U22/><E5/><V43/><F33/><W79/><G45/><T102/><D102/><U120/><E110/><V13/><F86/><W66/><G79/><T3/><D3/><U125/><E120/><V73/><F73/><W90/><G90/><N who="0" m="34923" /><D83/><N who="1" m="45479" /><E22/><V29/><F29/><W64/><G134/><T109/><D109/><U40/><E39/><V36/><F36/><W71/><G71/><T42/><D23/><U91/><E100/><V127/><F127/><N who="1" m="48713" /><E47/><V16/><F96/><N who="3" m="61671" /><G64/><N who="0" m="38959" /><D42/><AGARI ba="0,0" hai="40,42,44,49,53,91,94,97" m="48713,45479" machi="42" ten="30,1000,0" yaku="18,1" doraHai="35" who="1" fromWho="0" sc="250,-10,250,10,250,0,250,0" /><INIT seed="1,0,0,4,2,14" ten="240,260,250,250" oya="1" hai0="15,39,6,135,80,70,45,62,97,29,94,3,36" hai1="132,17,30,93,55,106,69,32,35,133,102,49,13" hai2="120,123,66,37,0,118,75,56,12,127,131,128,5" hai3="63,107,24,87,119,116,33,4,85,71,92,124,84"/><U105/><E69/><V64/><F75/><W73/><G73/><T48/><D135/><N who="1" m="51787" /><E93/><V20/><F37/><W117/><G107/><N who="1" m="40970" /><E102/><V31/><F118/><W38/><G38/><T42/><D3/><U86/><E86/><V112/><F112/><W79/><G124/><T60/><D29/><U111/><E30/><V2/><F127/><W41/><G4/><T78/><D70/><U68/><E68/><V125/><F125/><W67/><G41/><T114/><D114/><U103/><E103/><V61/><F66/><W1/><G1/><T22/><D39/><U47/><E111/><V72/><F72/><W77/><G92/><T16/><D6/><U11/><AGARI ba="0,0" hai="11,13,17,32,35,47,49,55" m="40970,51787" machi="11" ten="30,3000,0" yaku="20,1,52,1" doraHai="14" who="1" fromWho="1" sc="240,-10,260,30,250,-10,250,-10" /><INIT seed="1,1,0,5,1,79" ten="230,290,240,240" oya="1" hai0="133,92,9,16,7,117,23,83,99,60,57,63,113" hai1="33,67,32,24,56,97,34,52,19,80,125,61,66" hai2="126,25,13,31,112,127,1,90,101,36,122,85,3" hai3="108,73,54,51,68,81,100,76,88,123,17,49,116"/><U95/><E125/><N who="2" m="47627" /><F36/><W124/><G123/><T98/><D133/><U129/><E129/><V28/><F101/><W87/><G124/><T82/><D117/><U78/><E24/><V21/><F122/><W106/><G116/><T8/><D113/><U0/><E0/><N who="2" m="75" /><F13/><W58/><G108/><T104/><D104/><U18/><E67/><V39/><F39/><W102/><G68/><T46/><D46/><U20/><E66/><V22/><F112/><W12/><G106/><T94/><D57/><U105/><E20/><N who="2" m="7787" /><F25/><W134/><G134/><T30/><D30/><U131/><E131/><V130/><F130/><W93/><G49/><T71/><D71/><U48/><E48/><V89/><F85/><W44/><G44/><T74/><D74/><U128/><E128/><V26/><F26/><W35/><G35/><T77/><D23/><AGARI ba="1,0" hai="12,17,23,51,54,58,73,76,81,87,88,93,100,102" machi="23" ten="30,8000,1" yaku="7,1,25,2,52,1,54,1" doraHai="79" who="3" fromWho="0" sc="230,-83,290,0,240,0,240,83" /><INIT seed="2,0,0,4,0,86" ten="147,290,240,323" oya="2" hai0="1,71,6,81,0,49,75,26,9,125,50,98,7" hai1="93,85,52,118,92,68,60,64,133,41,56,32,97" hai2="31,10,77,88,39,79,61,90,19,74,14,73,30" hai3="66,96,23,95,123,128,59,69,117,29,103,111,122"/><V46/><F61/><N who="3" m="38207" /><G69/><T116/><D71/><U121/><E118/><V24/><F74/><W113/><G117/><T37/><D116/><U4/><E32/><V135/><F135/><W58/><G111/><T27/><D37/><U110/><E110/><V83/><F77/><W72/><G72/><T120/><D120/><U104/><E121/><V20/><REACH who="2" step="1"/><F31/><REACH who="2" ten="147,290,230,323" step="2"/><W12/><G113/><T33/><D75/><U11/><E133/><V109/><F109/><W127/><G127/><T100/><D125/><U47/><E60/><V99/><F99/><W18/><G128/><T67/><D67/><U76/><E97/><V65/><F65/><W38/><G123/><T25/><D33/><U42/><E76/><V115/><F115/><W70/><G122/><T15/><D98/><U62/><E62/><V51/><F51/><W106/><G70/><T126/><D126/><U112/><E64/><V45/><F45/><W16/><G38/><T44/><D44/><U2/><E47/><V101/><F101/><W54/><G106/><T78/><D100/><U21/><E104/><V57/><F57/><W55/><G29/><T89/><D78/><U5/><E112/><V102/><F102/><W129/><G129/><T36/><D36/><U94/><E68/><V80/><F80/><W82/><G82/><T63/><D63/><U91/><E56/><V132/><F132/><W108/><G58/><T114/><D114/><U48/><E48/><V130/><F130/><W35/><G108/><T17/><D50/><U22/><E93/><V3/><F3/><N who="0" m="1098" /><D49/><U124/><E124/><V40/><AGARI ba="0,1" hai="10,14,19,20,24,30,39,40,46,73,79,83,88,90" machi="40" ten="30,24000,3" yaku="1,1,5,1,0,1,52,2,54,1,53,2" doraHai="86" doraHaiUra="87" who="2" fromWho="2" sc="147,-80,290,-80,230,250,323,-80" /><INIT seed="2,1,0,4,0,59" ten="67,210,480,243" oya="2" hai0="42,79,72,107,40,24,43,39,3,80,18,8,15" hai1="29,2,12,94,46,51,119,102,61,44,68,113,55" hai2="70,63,133,90,96,108,52,5,28,75,67,110,10" hai3="21,48,104,14,54,74,116,129,125,87,122,41,81"/><V83/><F133/><W85/><G116/><T53/><D107/><U123/><E2/><V9/><F28/><W4/><G104/><T49/><D24/><U118/><E113/><V89/><F10/><W106/><G106/><T111/><D111/><N who="2" m="42538" /><F96/><W91/><G74/><T25/><D25/><U78/><E29/><V100/><F100/><W45/><G122/><T1/><REACH who="0" step="1"/><D39/><REACH who="0" ten="57,210,480,243" step="2"/><U66/><E118/><V30/><F30/><W26/><G26/><T101/><D101/><U93/><E102/><V31/><F31/><W95/><G129/><T19/><D19/><U88/><E119/><V77/><F52/><W99/><G54/><T117/><D117/><U7/><E55/><V27/><F27/><W38/><G38/><T65/><D65/><U84/><E66/><V17/><F17/><W97/><G4/><T13/><D13/><AGARI ba="1,1" hai="5,9,13,63,67,70,75,77,83,89,90" m="42538" machi="13" ten="30,5800,0" yaku="14,1,10,1,52,1" doraHai="59" who="2" fromWho="0" sc="57,-61,210,0,480,71,243,0" owari="-4,-50.4,210,-19.0,551,65.1,243,4.3" /></mjloggm>