<mjloggm ver="2.3"><GO type="169" lobby="0"/><UN n0="%E3%81%A5%E3%81%8B%E5%AD%90" n1="%E9%AB%AD%E9%AF%A8" n2="%50%75%52%65" n3="%4D%72%52%41%4D%4F" dan="16,16,16,16" rate="2135.87,2156.07,2137.17,2134.69" sx="M,M,M,M"/><TAIKYOKU oya="0"/><INIT seed="0,0,0,4,4,103" ten="250,250,250,250" oya="0" hai0="68,42,6,1,107,0,110,24,92,29,12,88,106" hai1="132,20,118,124,99,134,9,22,25,10,51,64,115" hai2="60,27,84,21,79,94,69,30,5,89,93,4,128" hai3="72,108,76,127,52,39,112,57,82,61,33,16,87"/><T17/><D68/><U26/><E118/><V31/><F128/><W120/><G112/><T126/><D42/><U102/><E64/><V90/><F79/><W55/><G33/><T80/><D126/><U95/><E124/><V113/><F113/><W77/><G127/><T37/><D37/><U14/><E51/><V75/><F75/><W67/><G39/><T66/><D66/><U56/><E56/><V85/><F69/><W135/><G108/><T81/><D110/><U8/><E115/><V133/><F133/><N who="1" m="51305" /><E14/><V58/><REACH who="2" step="1"/><F31/><REACH who="2" ten="250,250,240,250" step="2"/><W74/><G135/><T13/><D29/><N who="1" m="17575" /><E8/><V71/><F71/><W101/><G72/><T35/><D35/><U34/><E34/><V44/><F44/><W15/><G120/><T109/><D109/><U111/><E111/><V98/><F98/><W119/><G119/><T28/><D28/><AGARI ba="0,1" hai="9,10,22,26,28,95,99,102" m="17575,51305" machi="28" ten="30,1000,0" yaku="20,1" doraHai="103" who="1" fromWho="0" sc="250,-10,250,20,240,0,250,0" /><INIT seed="1,0,0,0,3,80" ten="240,270,240,250" oya="1" hai0="117,109,4,40,0,24,7,116,89,96,47,77,133" hai1="70,2,78,127,54,62,23,38,65,1,28,135,16" hai2="95,79,6,33,21,25,97,121,115,113,134,76,84" hai3="32,18,74,45,66,130,13,48,60,91,31,106,59"/><U98/><E38/><V123/><F33/><W56/><G74/><T63/><D109/><U68/><E127/><V12/><F6/><W105/><G130/><T10/><D133/><U111/><E28/><V57/><F12/><W86/><G56/><T61/><D7/><U37/><E37/><V83/><F57/><W108/><G108/><T131/><D131/><U17/><E70/><V36/><F36/><W129/><G129/><T122/><D24/><U88/><E135/><V27/><F134/><W90/><G90/><T75/><D122/><N who="2" m="46602" /><F21/><W22/><G31/><T132/><D132/><U73/><E111/><V41/><F41/><W19/><G19/><T81/><D63/><U34/><E34/><V3/><F3/><W46/><G32/><T118/><D61/><U114/><E54/><V8/><F8/><W120/><G120/><T29/><D29/><U52/><E52/><V30/><F30/><W5/><G5/><T71/><D71/><U49/><E49/><V20/><F20/><W11/><G22/><T101/><D89/><U43/><E43/><V82/><F25/><W64/><G64/><T50/><D118/><U53/><E53/><V125/><F27/><W14/><G14/><T107/><AGARI ba="0,0" hai="0,4,10,40,47,50,75,77,81,96,101,107,116,117" machi="107" ten="20,1500,0" yaku="0,1,7,1" doraHai="80" who="0" fromWho="0" sc="240,15,270,-7,240,-4,250,-4" /><INIT seed="2,0,0,2,2,59" ten="255,263,236,246" oya="2" hai0="58,132,102,92,19,83,36,130,77,84,49,134,100" hai1="79,93,10,3,114,12,128,1,78,107,111,43,135" hai2="15,112,94,123,5,9,113,11,44,126,51,87,71" hai3="23,50,34,69,106,66,86,63,38,101,57,0,64"/><V25/><F123/><W20/><G34/><T52/><D36/><U7/><E107/><V68/><F126/><W31/><G38/><T125/><D130/><U99/><E114/><V53/><F112/><W37/><G37/><T117/><D117/><U32/><E32/><V39/><F113/><W17/><G0/><T13/><D125/><U119/><E111/><V33/><F39/><W91/><G31/><T65/><D65/><N who="3" m="25193" /><G106/><T26/><D26/><U124/><E135/><V67/><F33/><W74/><G74/><T90/><D134/><U70/><E128/><V127/><F127/><W18/><G101/><T55/><D55/><U28/><E119/><V8/><F25/><N who="3" m="14479" /><G69/><T6/><D6/><U60/><E1/><V47/><F47/><W121/><G121/><T103/><D132/><U56/><E70/><V16/><F9/><W129/><G50/><T41/><D41/><U29/><E43/><V27/><F67/><N who="3" m="39407" /><G129/><T96/><REACH who="0" step="1"/><D103/><REACH who="0" ten="245,263,236,246" step="2"/><N who="1" m="60911" /><E124/><V35/><F27/><N who="3" m="14839" /><G91/><T81/><D81/><U4/><E4/><V118/><F118/><W21/><G21/><AGARI ba="0,1" hai="13,19,21,49,52,58,77,83,84,90,92,96,100,102" machi="21" ten="30,7700,0" yaku="1,1,7,1,8,1,54,1,53,0" doraHai="59" doraHaiUra="30" who="0" fromWho="3" sc="245,87,263,0,236,0,246,-77" /><INIT seed="3,0,0,5,5,58" ten="332,263,236,169" oya="3" hai0="69,91,100,2,41,109,26,96,124,42,104,127,45" hai1="35,87,24,9,106,22,107,103,49,72,39,119,36" hai2="15,55,27,113,61,50,73,115,64,81,17,111,63" hai3="53,97,43,125,70,10,86,47,52,83,122,28,134"/><W101/><G125/><T98/><D2/><U33/><E72/><V102/><F111/><W7/><G134/><T62/><D109/><U34/><E119/><V135/><F135/><W121/><G70/><T80/><D26/><U57/><E9/><V18/><F102/><W130/><G130/><T133/><D133/><U37/><E87/><V4/><F4/><W30/><G121/><T66/><D41/><U48/><E103/><V90/><F27/><W123/><G122/><T94/><REACH who="0" step="1"/><D80/><REACH who="0" ten="322,263,236,169" step="2"/><U126/><E126/><V68/><F113/><W38/><G123/><T65/><D65/><U112/><E112/><V82/><F115/><W108/><G108/><T56/><D56/><U132/><E132/><V76/><F64/><W31/><G83/><T75/><D75/><U110/><E110/><V54/><F68/><W3/><REACH who="3" step="1"/><G86/><REACH who="3" ten="322,263,236,159" step="2"/><T44/><D44/><U21/><E57/><V67/><F81/><W71/><G71/><T95/><D95/><AGARI ba="0,2" hai="3,7,10,28,30,31,38,43,47,52,53,95,97,101" machi="95" ten="40,7700,0" yaku="1,1,54,1,53,1" doraHai="58" doraHaiUra="5" who="3" fromWho="0" sc="322,-77,263,0,236,0,159,97" /><INIT seed="3,1,0,1,5,98" ten="245,263,236,256" oya="3" hai0="48,50,46,131,90,17,80,38,71,88,122,55,105" hai1="70,33,113,4,100,94,14,120,72,13,23,103,111" hai2="134,106,132,107,15,77,2,67,35,116,62,79,133" hai3="7,6,47,114,56,43,36,61,78,16,0,93,63"/><W30/><G114/><T83/><D122/><U109/><E70/><N who="2" m="42359" /><F116/><W5/><G0/><T34/><D71/><U76/><E33/><V95/><F2/><W40/><G30/><T99/><D38/><U96/><E120/><V49/><F35/><W64/><G78/><N who="2" m="29705" /><F95/><W97/><G36/><T126/><D80/><N who="1" m="45063" /><E113/><V27/><F27/><W101/><G47/><T86/><D17/><U75/><E75/><V58/><F15/><W21/><REACH who="3" step="1"/><G63/><REACH who="3" ten="245,263,236,246" step="2"/><T10/><D46/><U130/><E130/><V68/><F134/><W53/><G53/><T54/><D55/><U28/><E28/><V129/><F133/><W52/><G52/><T26/><D131/><U24/><E4/><V3/><F132/><W42/><G42/><T121/><D121/><U8/><E8/><V12/><F129/><W37/><G37/><T108/><D48/><U92/><E23/><V123/><F123/><W118/><G118/><T60/><D50/><U32/><E32/><V81/><F49/><W119/><G119/><T1/><D54/><U117/><E117/><V22/><F22/><W87/><G87/><T41/><D41/><U124/><E111/><V69/><F3/><W31/><G31/><N who="0" m="19831" /><D60/><U127/><E109/><V112/><F112/><W91/><G91/><T110/><D90/><U84/><E84/><V20/><F20/><W115/><G115/><T89/><D89/><U104/><E124/><V25/><F25/><AGARI ba="1,1" hai="5,6,7,16,21,25,40,43,56,61,64,93,97,101" machi="25" ten="40,12000,1" yaku="1,1,8,1,52,1,54,1,53,0" doraHai="98" doraHaiUra="82" who="3" fromWho="2" sc="245,0,263,0,236,-123,246,133" /><INIT seed="3,2,0,1,5,108" ten="245,263,113,379" oya="3" hai0="1,116,27,86,8,128,104,0,106,23,117,18,45" hai1="56,4,52,97,133,61,49,12,124,35,123,9,60" hai2="122,135,78,20,131,33,113,115,100,111,99,118,65" hai3="5,2,13,82,76,15,125,87,19,96,44,32,38"/><W110/><G32/><T103/><D128/><U58/><E123/><V24/><F111/><W29/><G110/><T70/><D70/><U7/><E35/><V67/><F131/><W41/><G29/><T64/><D64/><U59/><E124/><V114/><F118/><W55/><G125/><T66/><D66/><U95/><E133/><V93/><F135/><W80/><G96/><T126/><D126/><U16/><E60/><V34/><F122/><W129/><G129/><T3/><D86/><U47/><REACH who="1" step="1"/><E61/><REACH who="1" ten="245,253,113,379" step="2"/><V107/><F33/><W132/><G132/><T68/><D117/><U102/><AGARI ba="2,1" hai="4,7,9,12,16,47,49,52,56,58,59,95,97,102" machi="102" ten="30,12000,2" yaku="1,1,2,1,0,1,8,1,54,2,53,1" doraHai="108" doraHaiUra="90" who="1" fromWho="1" sc="245,-32,253,136,113,-32,379,-62" /><INIT seed="4,0,0,0,0,109" ten="213,389,81,317" oya="0" hai0="38,117,9,95,107,66,45,132,133,134,92,102,22" hai1="0,20,103,108,49,71,60,13,61,112,73,52,72" hai2="29,2,91,53,130,12,101,56,17,67,106,5,93" hai3="121,37,113,65,48,50,82,34,116,105,84,19,47"/><T41/><D117/><U15/><E0/><V98/><F130/><W81/><G116/><T68/><D107/><U26/><E108/><V1/><F67/><W43/><G105/><T6/><D102/><U21/><E103/><V3/><F29/><W23/><G34/><T36/><D36/><U8/><E112/><V88/><F5/><W57/><G121/><T97/><D97/><U126/><E126/><V64/><F64/><W44/><G113/><T4/><D4/><U77/><E21/><V94/><F106/><W111/><G111/><T86/><D86/><U7/><E15/><V59/><F59/><W51/><G47/><T40/><D41/><U123/><E123/><V76/><F76/><W33/><G33/><T78/><D78/><U75/><E71/><V129/><F129/><W131/><G131/><T89/><D89/><U127/><E127/><V128/><F128/><W24/><G84/><T28/><D28/><U99/><E99/><V10/><REACH who="2" step="1"/><F94/><REACH who="2" ten="213,389,71,317" step="2"/><W46/><G46/><T35/><D68/><U115/><E77/><V54/><F54/><W87/><G65/><T63/><D66/><U83/><E52/><V74/><F74/><W80/><REACH who="3" step="1"/><G87/><REACH who="3" ten="213,389,71,307" step="2"/><T120/><D45/><U125/><E73/><V62/><AGARI ba="0,2" hai="1,2,3,10,12,17,53,56,62,88,91,93,98,101" machi="62" ten="30,4000,0" yaku="1,1,0,1,54,1,53,0" doraHai="109" doraHaiUra="31" who="2" fromWho="2" sc="213,-20,389,-10,71,60,307,-10" /><INIT seed="5,0,0,5,3,122" ten="193,379,131,297" oya="1" hai0="84,67,64,56,91,53,102,76,112,41,15,134,3" hai1="121,90,124,30,58,97,82,12,117,62,50,103,89" hai2="119,19,113,132,105,95,46,78,4,114,99,29,47" hai3="66,125,6,57,68,52,93,86,61,110,81,35,7"/><U77/><E121/><V54/><F119/><W36/><G35/><T111/><D3/><U65/><E124/><V17/><F105/><W39/><G125/><T38/><D112/><N who="2" m="43114" /><F132/><W37/><G93/><T33/><D33/><U31/><E117/><V96/><F29/><W131/><G131/><T120/><D120/><U92/><E12/><V87/><F4/><W106/><G110/><T63/><D134/><U10/><E10/><V107/><F107/><W123/><G106/><T23/><D102/><U0/><E0/><V101/><F99/><W16/><G123/><T130/><D76/><U98/><E50/><N who="2" m="29015" /><F47/><W127/><G127/><T69/><D111/><U40/><E40/><V34/><F34/><W79/><REACH who="3" step="1"/><G16/><REACH who="3" ten="193,379,131,287" step="2"/><T20/><D130/><U71/><E31/><V27/><F27/><W83/><G83/><AGARI ba="0,1" hai="17,19,78,83,87,95,96,101" m="29015,43114" machi="83" ten="30,2000,0" yaku="15,1,11,1" doraHai="122" who="2" fromWho="3" sc="193,0,379,0,131,30,287,-20" /><INIT seed="6,0,0,2,1,128" ten="193,379,161,267" oya="2" hai0="67,37,119,59,13,23,114,131,91,30,110,120,124" hai1="123,25,107,58,35,74,54,89,72,33,34,78,69" hai2="84,81,133,5,46,7,100,98,79,57,99,88,97" hai3="6,12,134,19,18,51,77,75,71,31,47,102,4"/><V73/><F46/><W117/><G117/><T42/><D110/><U83/><E69/><V11/><F5/><W1/><G71/><T82/><D120/><U112/><E107/><V101/><F57/><W70/><G70/><T103/><D103/><N who="2" m="39498" /><F11/><W44/><G1/><T16/><D131/><U135/><E123/><V109/><F7/><W28/><G102/><T0/><D119/><U63/><E25/><V127/><F127/><W56/><G56/><T68/><D124/><U62/><E62/><V26/><F26/><W43/><G75/><T39/><D30/><U3/><E3/><V106/><F109/><W48/><G77/><T20/><D20/><U87/><E33/><V96/><N who="2" m="24576" /><DORA hai="92" /><V95/><F133/><W64/><G64/><T53/><D67/><U121/><E135/><V113/><F113/><W105/><G105/><AGARI ba="0,0" hai="73,79,81,84,88,95,105,106" m="24576,39498" machi="105" ten="40,24000,3" yaku="35,5,52,4,54,1" doraHai="128,92" who="2" fromWho="3" sc="193,0,379,0,161,240,267,-240" /><INIT seed="6,1,0,5,3,52" ten="193,379,401,27" oya="2" hai0="87,41,35,37,45,109,12,91,33,85,27,54,46" hai1="119,11,22,86,36,132,13,43,78,115,74,63,53" hai2="9,93,117,133,28,76,59,126,55,44,5,118,75" hai3="114,50,26,111,8,58,98,18,32,65,61,122,38"/><V23/><F126/><W120/><G111/><T112/><D109/><U116/><E74/><V121/><F121/><W70/><G38/><T72/><D72/><U96/><E115/><V135/><F44/><W30/><G114/><T1/><D1/><U16/><E132/><N who="2" m="50763" /><F93/><W2/><G98/><T57/><D45/><U0/><E36/><V20/><F76/><W17/><G17/><T56/><D112/><U102/><E43/><V4/><F75/><W105/><G105/><T68/><D68/><U77/><E86/><V39/><F39/><W88/><G88/><T128/><D128/><U15/><E0/><N who="2" m="135" /><F5/><W42/><G2/><T62/><D85/><U101/><E119/><N who="2" m="45579" /><F28/><W83/><G83/><T107/><D107/><U94/><E116/><V134/><N who="2" m="50771" /><V3/><DORA hai="110" /><F3/><W49/><G42/><T127/><D127/><U90/><E78/><V108/><F108/><W25/><G8/><T6/><D87/><U89/><E77/><V48/><AGARI ba="1,0" hai="20,23,48,55,59" m="45579,135,50771" machi="48" ten="50,4800,0" yaku="20,1,52,1" doraHai="52,110" who="2" fromWho="2" sc="193,-17,379,-17,401,51,27,-17" /><INIT seed="6,2,0,5,0,109" ten="176,362,452,10" oya="2" hai0="120,14,123,22,115,29,91,20,80,0,65,116,128" hai1="51,134,5,8,104,92,87,107,49,101,121,41,72" hai2="10,68,95,60,88,53,110,132,84,17,33,59,126" hai3="35,90,135,122,47,64,111,125,50,62,63,76,79"/><V96/><F110/><W117/><G111/><T119/><D80/><U37/><E72/><V129/><F129/><W77/><G117/><T78/><D78/><U89/><E134/><V15/><F132/><W71/><G122/><T9/><D91/><U6/><E121/><N who="0" m="46665" /><D65/><U30/><E30/><V118/><F126/><W46/><G135/><T105/><D105/><U94/><E37/><V40/><F33/><W44/><G35/><T93/><D93/><U38/><E38/><V23/><F68/><W56/><G125/><T21/><D128/><U82/><E6/><V45/><F118/><N who="0" m="45098" /><D0/><U32/><E94/><V19/><F45/><W114/><G114/><T112/><D29/><U127/><E127/><V97/><F40/><W16/><G90/><T99/><D99/><U85/><E32/><V3/><F3/><W1/><G1/><T7/><AGARI ba="2,0" hai="7,9,14,20,21,22,112,115" m="45098,46665" machi="7" ten="40,8000,1" yaku="12,1,34,2,52,2" doraHai="109" who="0" fromWho="0" sc="176,86,362,-22,452,-42,10,-22" owari="262,-13.8,340,14.0,410,51.0,-12,-51.2" /></mjloggm>