<mjloggm ver="2.3"><GO type="169" lobby="0"/><UN n0="%73%70%69%63%61%32%34" n1="%56%45%54%54%45%4C" n2="%52%65%61%6C%58" n3="%41%4C%50%45%52%49%4E" dan="16,16,16,17" rate="2054.52,2139.23,2176.97,2150.88" sx="M,M,F,M"/><TAIKYOKU oya="0"/><INIT seed="0,0,0,3,3,125" ten="250,250,250,250" oya="0" hai0="115,11,120,44,14,89,121,60,23,78,64,104,43" hai1="55,4,37,118,7,50,15,25,122,73,112,134,86" hai2="66,61,52,41,96,75,16,39,81,57,109,87,34" hai3="59,9,3,63,135,32,21,80,107,29,31,116,69"/><T65/><D104/><U99/><E118/><V1/><F109/><W45/><G107/><T114/><D78/><U70/><E122/><V13/><F34/><W76/><G116/><T33/><D33/><U2/><E37/><V68/><F1/><W62/><G135/><T108/><D23/><U54/><E73/><V10/><F75/><W101/><G101/><T106/><D106/><U130/><E134/><V123/><F123/><W51/><G32/><T36/><D108/><U119/><E119/><V103/><F41/><W28/><G69/><T124/><D124/><U85/><E2/><V56/><F39/><W8/><G21/><T17/><D120/><U72/><E72/><V20/><F10/><W102/><G102/><T82/><D121/><U58/><E70/><V18/><F18/><W127/><G3/><T131/><D131/><U93/><E112/><V48/><F68/><W35/><G35/><T79/><D89/><U38/><E130/><V117/><F117/><W12/><G127/><T88/><D65/><U6/><E15/><V128/><F128/><W42/><G59/><T27/><D27/><U126/><E25/><V111/><F111/><W53/><G53/><N who="1" m="19978" /><E126/><V129/><F129/><W113/><G113/><T74/><REACH who="0" step="1"/><D88/><REACH who="0" ten="240,250,250,250" step="2"/><U91/><E38/><V24/><F24/><W77/><G77/><T49/><D49/><U0/><E50/><V133/><F133/><W22/><G22/><T30/><D30/><U84/><E91/><N who="2" m="51695" /><F103/><W100/><G100/><T98/><D98/><AGARI ba="0,1" hai="13,16,20,48,52,56,57,61,66,96,98" m="51695" machi="98" ten="30,3900,0" yaku="8,1,54,2" doraHai="125" who="2" fromWho="0" sc="240,-39,250,0,250,49,250,0" /><INIT seed="1,0,0,4,4,100" ten="201,250,299,250" oya="1" hai0="66,123,23,59,116,80,90,69,28,44,86,8,61" hai1="48,68,133,126,54,52,93,46,7,77,119,96,37" hai2="113,106,15,65,105,103,75,24,104,114,110,83,47" hai3="9,32,120,88,21,5,79,33,85,27,118,13,29"/><U4/><E119/><V50/><F110/><W20/><G120/><T95/><D116/><U87/><E133/><V40/><F65/><W76/><G118/><T12/><D123/><U38/><E68/><V11/><F24/><W84/><G21/><T16/><D44/><U91/><E126/><V31/><F31/><W132/><G132/><T30/><D69/><U130/><E130/><V19/><F103/><W82/><REACH who="3" step="1"/><G76/><REACH who="3" ten="201,250,299,240" step="2"/><T57/><D23/><U62/><E77/><V122/><REACH who="2" step="1"/><F122/><REACH who="2" ten="201,250,289,240" step="2"/><W41/><G41/><T63/><REACH who="0" step="1"/><D80/><AGARI ba="0,2" hai="5,9,13,20,27,29,32,33,79,80,82,84,85,88" machi="80" ten="30,3900,0" yaku="1,1,7,1,54,1,53,0" doraHai="100" doraHaiUra="131" who="3" fromWho="0" sc="201,-39,250,0,289,0,240,59" /><INIT seed="2,0,0,5,5,86" ten="162,250,289,299" oya="2" hai0="60,51,78,28,88,112,64,2,130,44,43,92,108" hai1="56,0,50,80,23,5,117,24,85,69,95,89,58" hai2="29,76,49,75,101,87,57,81,61,122,77,73,116" hai3="25,102,109,99,41,38,121,104,119,131,59,74,129"/><V124/><F122/><W45/><G121/><T52/><D112/><U22/><E117/><V125/><F116/><W72/><G119/><T127/><D2/><U110/><E110/><V30/><F101/><W3/><G109/><T65/><D108/><U55/><E69/><V36/><F36/><W84/><G3/><T26/><D130/><N who="3" m="49673" /><G59/><N who="0" m="34919" /><D127/><N who="2" m="48714" /><F49/><W70/><G70/><T21/><D78/><U17/><E23/><V35/><F35/><W20/><G84/><AGARI ba="0,0" hai="21,26,28,43,44,51,64,65,84,88,92" m="34919" machi="84" ten="30,7700,0" yaku="8,1,52,1,54,2" doraHai="86" who="0" fromWho="3" sc="162,77,250,0,289,0,299,-77" /><INIT seed="3,0,0,1,3,46" ten="239,250,289,222" oya="3" hai0="17,95,55,114,2,86,3,36,64,63,70,74,104" hai1="58,78,42,54,15,0,34,99,119,96,32,90,132" hai2="59,89,25,40,37,81,56,76,23,117,118,67,60" hai3="110,88,28,52,92,14,16,30,115,33,53,19,108"/><W100/><G115/><T39/><D74/><U130/><E0/><V112/><F112/><W83/><G100/><T111/><D114/><U6/><E130/><V135/><F135/><W29/><G83/><T102/><D104/><U82/><E132/><V57/><F37/><W18/><G14/><T105/><D105/><U10/><E42/><V133/><F133/><W47/><G33/><T8/><D111/><N who="3" m="42537" /><G47/><T116/><D116/><U38/><E119/><V109/><F109/><W131/><G131/><T49/><D2/><U107/><E107/><V9/><F118/><W62/><G62/><T5/><D102/><U97/><BYE who="2" /><E90/><V85/><F85/><AGARI ba="0,0" hai="16,18,19,28,29,30,52,53,85,88,92" m="42537" machi="85" ten="40,12000,1" yaku="14,1,10,1,54,3" doraHai="46" who="3" fromWho="2" sc="239,0,250,0,289,-120,222,120" /><UN n2="%52%65%61%6C%58" /><INIT seed="3,1,0,4,4,45" ten="239,250,169,342" oya="3" hai0="26,65,39,35,64,119,22,11,57,89,9,94,98" hai1="101,128,121,50,77,14,81,134,44,122,7,111,84" hai2="19,131,12,110,25,37,75,6,88,2,49,72,109" hai3="47,114,91,124,130,54,125,18,116,36,30,70,28"/><W106/><G114/><T20/><D119/><U71/><E111/><N who="2" m="42507" /><F37/><W100/><G116/><T13/><D39/><U78/><E134/><V31/><F131/><W126/><G70/><T29/><D9/><U93/><E71/><V4/><F2/><W112/><G112/><T16/><D22/><U42/><E128/><V62/><F62/><W135/><G130/><T3/><REACH who="0" step="1"/><D57/><REACH who="0" ten="229,250,169,342" step="2"/><U8/><REACH who="1" step="1"/><E78/><REACH who="1" ten="229,240,169,342" step="2"/><V82/><F6/><AGARI ba="1,2" hai="3,6,11,13,16,20,26,29,35,64,65,89,94,98" machi="6" ten="40,8000,1" yaku="1,1,2,1,24,2,54,1,53,0" doraHai="45" doraHaiUra="55" who="0" fromWho="2" sc="229,103,240,0,169,-83,342,0" /><INIT seed="4,0,0,1,2,1" ten="332,240,86,342" oya="0" hai0="10,81,18,50,16,135,34,33,114,73,66,26,36" hai1="70,132,62,111,28,30,78,32,126,84,97,104,58" hai2="109,55,17,91,101,42,124,74,99,118,40,44,128" hai3="68,23,56,5,103,94,6,8,41,24,57,102,108"/><T21/><D36/><U0/><E70/><V38/><F74/><W98/><G68/><T25/><D66/><U71/><E71/><V85/><F109/><W75/><G75/><T115/><D50/><U83/><E111/><V88/><F118/><W93/><G108/><T22/><D81/><U133/><E126/><V46/><F124/><W80/><G41/><T49/><D49/><U76/><E0/><V117/><F117/><W4/><G8/><T121/><D73/><U120/><E78/><V11/><F128/><W72/><G80/><T129/><D129/><U20/><E32/><N who="0" m="12393" /><D135/><N who="1" m="51787" /><E20/><V87/><F55/><W43/><G43/><T52/><D52/><N who="1" m="34119" /><E120/><V15/><F87/><W48/><G48/><T13/><D121/><U95/><E104/><V47/><F85/><W125/><G72/><T9/><D9/><U131/><E131/><V89/><REACH who="2" step="1"/><F38/><REACH who="2" ten="332,240,76,342" step="2"/><W64/><G125/><T27/><D10/><U39/><E39/><V63/><F63/><W2/><G64/><T134/><D134/><U12/><E84/><V127/><F127/><W19/><G2/><T107/><D107/><AGARI ba="0,1" hai="11,15,17,40,42,44,46,47,88,89,91,99,101,107" machi="107" ten="40,2600,0" yaku="1,1,54,1,53,0" doraHai="1" doraHaiUra="110" who="2" fromWho="0" sc="332,-26,240,0,76,36,342,0" /><INIT seed="5,0,0,1,2,104" ten="306,240,112,342" oya="1" hai0="85,23,51,36,39,80,7,122,96,82,76,60,40" hai1="77,103,13,98,15,10,58,17,6,101,106,14,43" hai2="73,111,20,25,38,34,78,28,110,109,133,1,24" hai3="26,42,100,95,41,35,92,8,45,67,117,32,108"/><U114/><E114/><V79/><F38/><W131/><G108/><T102/><D122/><U72/><E103/><V47/><F79/><W56/><G131/><T22/><D7/><U5/><E43/><V132/><F47/><W64/><G117/><T128/><D128/><U134/><E134/><N who="2" m="51819" /><F78/><W9/><G26/><T130/><D130/><U116/><E116/><V93/><F93/><W65/><G56/><T81/><D51/><U30/><E58/><V127/><F1/><W120/><G120/><T69/><D81/><U63/><E63/><V61/><F61/><W97/><G45/><T123/><D123/><U124/><E77/><V70/><F70/><W44/><G44/><T107/><D82/><U129/><E106/><V94/><F94/><W11/><G95/><T55/><D40/><U16/><E129/><V37/><F37/><W53/><G53/><T54/><D54/><U87/><E101/><V113/><F113/><W74/><G42/><T91/><D76/><U83/><E83/><V71/><F71/><W126/><G41/><T19/><D55/><U12/><E98/><V21/><F127/><W118/><G126/><T29/><D29/><U75/><E87/><V57/><F57/><W119/><G119/><T31/><D31/><U105/><E124/><V48/><F48/><W33/><G118/><T49/><D49/><U112/><E112/><V115/><F115/><W0/><G0/><T89/><D89/><U2/><E105/><V59/><F59/><W135/><G135/><T88/><D91/><U84/><E84/><V18/><F34/><W99/><G99/><RYUUKYOKU ba="0,0" sc="306,-15,240,-15,112,15,342,15" hai2="18,20,21,24,25,28,73,109,110,111" hai3="8,9,11,32,33,35,64,65,67,74,92,97,100" /><INIT seed="6,1,0,0,2,55" ten="291,225,127,357" oya="2" hai0="6,36,24,72,35,117,43,135,104,58,86,108,9" hai1="90,110,116,134,69,81,80,8,29,126,1,67,111" hai2="7,15,66,113,22,60,68,70,96,34,128,64,78" hai3="18,5,54,89,106,52,132,112,51,93,62,84,13"/><V94/><F34/><W71/><G106/><T129/><D72/><U40/><E116/><V46/><F113/><W98/><G132/><T95/><D104/><U76/><E134/><V28/><F28/><W124/><BYE who="2" /><G124/><T130/><D135/><U105/><E105/><V120/><F120/><W12/><G112/><T31/><D108/><UN n2="%52%65%61%6C%58" /><U19/><E29/><V2/><F2/><W74/><G74/><T20/><D117/><U53/><E40/><V11/><F128/><N who="0" m="49258" /><D43/><U61/><E126/><V41/><F78/><W0/><G0/><N who="0" m="199" /><D36/><U115/><E115/><V44/><F22/><W123/><G123/><T42/><D42/><U3/><E110/><V101/><REACH who="2" step="1"/><F41/><REACH who="2" ten="291,225,117,357" step="2"/><W23/><G23/><T114/><D114/><U27/><E1/><V79/><F79/><W14/><G5/><T39/><D20/><U91/><E111/><V102/><F102/><W48/><G18/><T88/><D39/><U133/><E133/><V45/><F45/><W30/><G30/><T63/><D35/><U59/><E19/><V92/><F92/><W56/><G93/><T87/><D31/><U17/><E17/><V33/><F33/><W119/><G119/><T16/><D16/><U82/><E76/><V75/><F75/><W131/><G131/><T65/><D24/><U85/><E27/><V25/><F25/><W97/><G14/><T109/><D109/><U118/><E118/><V37/><F37/><W77/><G13/><T121/><D121/><U50/><E91/><V83/><F83/><W127/><G12/><T4/><D4/><N who="1" m="1055" /><E82/><V122/><F122/><W125/><G77/><RYUUKYOKU ba="1,1" sc="291,10,225,10,117,10,357,-30" hai0="58,63,65,86,87,88,95" hai1="50,53,59,61,67,69,80,81,85,90" hai2="7,11,15,44,46,60,64,66,68,70,94,96,101" /><INIT seed="6,2,1,4,2,36" ten="301,235,127,327" oya="2" hai0="51,9,70,53,40,8,16,47,90,124,111,68,121" hai1="21,4,60,91,102,58,131,80,75,119,61,135,82" hai2="46,115,55,35,33,114,18,11,57,3,62,49,6" hai3="128,74,83,78,59,25,123,73,125,132,96,89,52"/><V81/><F81/><W1/><G123/><T110/><D121/><U67/><E119/><V133/><F133/><W27/><G1/><T107/><D124/><U15/><E135/><V88/><F18/><W66/><G132/><T103/><D103/><U86/><E131/><V134/><F134/><W98/><G125/><T56/><D107/><U29/><E102/><V0/><F0/><W97/><G128/><T118/><D118/><U7/><E61/><V112/><REACH who="2" step="1"/><F88/><REACH who="2" ten="301,235,117,327" step="2"/><W129/><G129/><T79/><D90/><U5/><E80/><V64/><AGARI ba="2,2" hai="3,6,11,33,35,46,49,55,57,62,64,112,114,115" machi="64" ten="30,11700,0" yaku="1,1,2,1,0,1,15,1,53,0" doraHai="36" doraHaiUra="127" who="2" fromWho="2" sc="301,-41,235,-41,117,143,327,-41" /><INIT seed="6,3,0,0,2,42" ten="260,194,260,286" oya="2" hai0="104,98,135,33,75,103,0,71,115,105,112,118,7" hai1="9,133,58,76,45,70,13,29,95,55,39,83,19" hai2="40,25,6,2,90,110,20,65,43,108,54,86,47" hai3="56,122,44,116,92,132,3,31,41,61,109,94,106"/><V126/><F126/><W79/><G109/><N who="2" m="42089" /><F65/><W119/><G122/><T129/><D71/><U130/><E133/><V8/><F54/><W64/><G106/><T21/><D33/><U23/><E130/><V123/><F123/><W96/><G3/><T15/><D129/><U73/><E70/><V62/><F62/><W114/><G132/><T16/><D135/><U87/><E73/><V66/><F66/><W80/><G31/><T85/><D75/><U97/><E29/><N who="2" m="17575" /><F47/><W134/><G134/><T81/><D118/><U1/><E1/><V28/><F28/><W107/><G107/><T36/><D36/><U49/><E39/><V10/><F10/><W46/><G46/><T131/><D131/><U111/><E111/><V91/><F91/><W35/><G35/><T77/><REACH who="0" step="1"/><D105/><REACH who="0" ten="250,194,260,286" step="2"/><U34/><E34/><V5/><F6/><W125/><G119/><T52/><D52/><U121/><E121/><V48/><F43/><W72/><G116/><T17/><D17/><U117/><E117/><V37/><F37/><W100/><G125/><T67/><D67/><U12/><E58/><V99/><F40/><W113/><REACH who="3" step="1"/><G92/><REACH who="3" ten="250,194,260,276" step="2"/><T4/><D4/><N who="1" m="3111" /><E95/><N who="2" m="54743" /><F48/><AGARI ba="3,2" hai="41,44,48,56,61,64,72,79,80,94,96,100,113,114" machi="48" ten="40,2600,0" yaku="1,1,52,1,53,0" doraHai="42" doraHaiUra="82" who="3" fromWho="2" sc="250,0,194,0,260,-35,276,55" /><INIT seed="7,0,0,4,3,125" ten="250,194,225,331" oya="3" hai0="30,124,33,12,121,5,112,7,85,89,131,100,105" hai1="119,132,13,51,23,134,35,26,11,95,128,39,93" hai2="32,31,108,91,94,66,65,81,48,38,104,62,75" hai3="24,0,117,57,110,56,127,113,10,27,135,86,17"/><W63/><G117/><T1/><D121/><U41/><E39/><V20/><F108/><W97/><G110/><T118/><D118/><U130/><E119/><V40/><F38/><W122/><G122/><T80/><D124/><U4/><E35/><V3/><F104/><W72/><G72/><T67/><D1/><U111/><E111/><V96/><F32/><W103/><G135/><N who="1" m="51754" /><E41/><V22/><F3/><W45/><G45/><T133/><D67/><N who="2" m="25610" /><F75/><W43/><G43/><T74/><D74/><U50/><E51/><V54/><F81/><W64/><G63/><T2/><D2/><U116/><E50/><V21/><F40/><W69/><G64/><T68/><D68/><U60/><E60/><V36/><F36/><W37/><G37/><T16/><D80/><U29/><E116/><V19/><F62/><W90/><G69/><T79/><D133/><U9/><E9/><V71/><F31/><W88/><G10/><T47/><D30/><U8/><E8/><V42/><F71/><W25/><G0/><T78/><D33/><U109/><E109/><V73/><F73/><W99/><G127/><T52/><D105/><U49/><E49/><V28/><F28/><W53/><G53/><T114/><D52/><U92/><AGARI ba="0,0" hai="4,11,13,23,26,29,92,93,95,128,130" m="51754" machi="92" ten="40,5200,0" yaku="20,1,52,2" doraHai="125" who="1" fromWho="1" sc="250,-13,194,52,225,-13,331,-26" owari="237,-16.3,246,4.6,212,-28.8,305,40.5" /></mjloggm>