<mjloggm ver="2.3"><GO type="169" lobby="0"/><UN n0="%E3%81%BE%E3%81%A8%E3%81%9F" n1="%E6%B3%A2%E4%B9%83%E7%90%86" n2="%E4%B8%8A%E6%B5%B7%E3%83%8B%E3%83%83%E3%82%AF" n3="%E7%89%A7%E5%A0%B4%E3%81%AE%E5%B0%8F%E5%A5%B3" dan="16,16,16,16" rate="2110.72,2135.08,2154.53,2172.61" sx="M,M,M,F"/><TAIKYOKU oya="0"/><INIT seed="0,0,0,3,1,13" ten="250,250,250,250" oya="0" hai0="121,41,50,109,99,126,132,6,24,106,97,67,116" hai1="110,108,72,59,63,61,131,16,62,101,119,27,102" hai2="98,20,52,58,75,74,86,31,65,122,79,129,30" hai3="90,78,130,112,128,120,83,45,39,23,43,19,42"/><T111/><D116/><U93/><E72/><V103/><F122/><W105/><G112/><T69/><D121/><U18/><E119/><V66/><F129/><W114/><G114/><T88/><D106/><U11/><E131/><V28/><F75/><W54/><G120/><T70/><D67/><U118/><E118/><V46/><F74/><W91/><G105/><T60/><D60/><U80/><E80/><V123/><F46/><W96/><G42/><T94/><D126/><U4/><E59/><V134/><F134/><W21/><G21/><T100/><D132/><U8/><E93/><N who="2" m="58831" /><F123/><W1/><G1/><T34/><D6/><U76/><E76/><V3/><F3/><W71/><G71/><T81/><D50/><U17/><E27/><V53/><F53/><W89/><G96/><T37/><D41/><U95/><E95/><V22/><F86/><W48/><G78/><T55/><D55/><U12/><REACH who="1" step="1"/><E8/><REACH who="1" ten="250,240,250,250" step="2"/><V107/><F79/><W14/><REACH who="3" step="1"/><G83/><REACH who="3" ten="250,240,250,240" step="2"/><T5/><D81/><U35/><E35/><V64/><F107/><W117/><G117/><T0/><D69/><U15/><E15/><V49/><AGARI ba="0,2" hai="20,22,28,30,31,49,52,58,64,65,66" m="58831" machi="49" ten="30,2000,0" yaku="8,1,54,1" doraHai="13" who="2" fromWho="2" sc="250,-10,240,-5,250,40,240,-5" /><INIT seed="1,0,0,5,4,108" ten="240,235,290,235" oya="1" hai0="45,58,47,9,126,37,98,133,44,88,56,54,129" hai1="2,15,68,73,87,22,67,132,113,99,101,11,12" hai2="103,70,21,69,121,109,55,53,23,107,41,6,65" hai3="43,18,5,89,131,115,20,39,26,76,51,91,75"/><U104/><E113/><V130/><F107/><W16/><G39/><T117/><D117/><U64/><E73/><V10/><F103/><W134/><G115/><T102/><D126/><U30/><E132/><V92/><F92/><W116/><G134/><T7/><D133/><U48/><E2/><V17/><F109/><W27/><G116/><T31/><D129/><U97/><E48/><V59/><F130/><W106/><G106/><T1/><D31/><U35/><E97/><V61/><F121/><W96/><G131/><T33/><D33/><U125/><E125/><V124/><F124/><W74/><G5/><T100/><D37/><U25/><E87/><V78/><F78/><W14/><G26/><T82/><D58/><U110/><E110/><V57/><F41/><W111/><G111/><T135/><D135/><U120/><E120/><V127/><F65/><W71/><G71/><T85/><REACH who="0" step="1"/><D98/><REACH who="0" ten="230,235,290,235" step="2"/><U29/><E29/><V50/><F127/><W63/><G96/><T36/><D36/><U28/><E28/><V90/><F70/><W24/><G74/><T49/><AGARI ba="0,1" hai="1,7,9,44,45,47,49,54,56,82,85,88,100,102" machi="49" ten="30,4000,0" yaku="1,1,0,1,54,1,53,0" doraHai="108" doraHaiUra="122" who="0" fromWho="0" sc="230,50,235,-20,290,-10,235,-10" /><INIT seed="2,0,0,0,5,8" ten="280,215,280,225" oya="2" hai0="49,25,13,1,81,38,123,58,117,85,15,68,80" hai1="95,40,102,46,124,86,135,126,100,26,63,115,119" hai2="107,7,133,70,19,93,120,54,74,113,104,103,83" hai3="122,121,34,11,24,109,131,45,10,97,52,130,22"/><V116/><F70/><W36/><G36/><T77/><D123/><U57/><E115/><V4/><F113/><W96/><G34/><T48/><D38/><U106/><E106/><V28/><F116/><W47/><G24/><T79/><D68/><U76/><E119/><V3/><F120/><W21/><REACH who="3" step="1"/><G109/><REACH who="3" ten="280,215,280,215" step="2"/><T108/><D108/><U114/><E114/><V87/><F28/><W101/><G101/><T17/><D117/><U92/><E26/><V14/><F133/><W66/><G66/><T78/><D1/><U99/><E135/><V53/><F107/><W125/><G125/><T72/><D25/><U39/><E126/><V73/><F104/><W75/><G75/><T0/><D0/><U110/><E110/><V65/><F65/><W112/><G112/><T105/><D105/><U12/><E124/><V55/><F74/><W37/><G37/><T111/><D111/><U18/><E102/><V32/><F73/><W60/><G60/><T91/><D72/><U31/><E31/><V69/><F32/><W56/><G56/><T132/><D58/><U82/><E57/><V67/><F67/><W127/><G127/><T71/><D71/><U128/><E63/><V59/><F59/><W88/><G88/><N who="0" m="51239" /><D132/><U51/><E39/><V33/><F33/><W23/><G23/><N who="0" m="11695" /><D15/><U9/><E128/><V129/><F129/><W6/><G6/><T118/><D118/><U27/><E27/><V64/><F69/><W20/><G20/><T84/><AGARI ba="0,1" hai="48,49,77,78,79,81,84,91" m="11695,51239" machi="84" ten="30,4000,0" yaku="8,1,52,1,54,1" doraHai="8" who="0" fromWho="0" sc="280,50,215,-10,280,-20,215,-10" /><INIT seed="3,0,0,3,0,113" ten="330,205,260,205" oya="3" hai0="15,3,16,24,18,76,55,4,131,70,49,35,128" hai1="124,118,64,123,105,93,28,119,10,38,117,6,59" hai2="9,106,114,48,54,127,109,103,84,47,53,5,0" hai3="77,36,74,56,34,80,52,13,51,44,133,30,33"/><W17/><G133/><T43/><D70/><U90/><E105/><V91/><F109/><W125/><G125/><T116/><D43/><U100/><E100/><V27/><F114/><W102/><G102/><T135/><D76/><U79/><E38/><V85/><F127/><W69/><G69/><T120/><D120/><U46/><E124/><V60/><F27/><W88/><G30/><N who="0" m="19911" /><D135/><U31/><E79/><V20/><F20/><W134/><G134/><T8/><D116/><U12/><E123/><V75/><F75/><W41/><REACH who="3" step="1"/><G88/><REACH who="3" ten="330,205,260,195" step="2"/><T42/><D131/><U45/><E28/><V132/><F132/><W26/><G26/><T40/><D128/><U62/><E31/><V63/><F103/><W130/><G130/><T2/><D2/><U121/><E121/><V65/><F106/><W68/><G68/><T39/><D3/><U72/><E72/><V107/><F107/><W37/><G37/><T11/><D39/><U98/><AGARI ba="0,1" hai="6,10,12,45,46,59,62,64,90,93,98,117,118,119" machi="98" ten="30,8000,1" yaku="0,1,12,1,52,3" doraHai="113" who="1" fromWho="1" sc="330,-20,205,90,260,-20,195,-40" /><INIT seed="4,0,0,4,2,124" ten="310,295,240,155" oya="0" hai0="41,16,38,128,10,84,69,101,29,1,7,53,115" hai1="14,92,130,55,91,46,57,116,49,50,76,22,75" hai2="78,52,60,47,63,125,40,35,21,23,15,37,105" hai3="126,83,39,18,77,114,9,62,94,98,122,89,73"/><T58/><D69/><U44/><E116/><V65/><F125/><W90/><G126/><T129/><D115/><U64/><E76/><V20/><F35/><W117/><G117/><T71/><D71/><U66/><E75/><V59/><F105/><W107/><G39/><T27/><D101/><U102/><E102/><V112/><F112/><W72/><G114/><T70/><D70/><U51/><E130/><N who="0" m="50281" /><D16/><N who="1" m="10519" /><E50/><V2/><F2/><W99/><G122/><T81/><D41/><N who="1" m="24719" /><E46/><V36/><F36/><W68/><G107/><T96/><D96/><AGARI ba="0,0" hai="51,55,57,64,66,91,92,96" m="24719,10519" machi="96" ten="30,2000,0" yaku="8,1,54,1" doraHai="124" who="1" fromWho="0" sc="310,-20,295,20,240,0,155,0" /><INIT seed="5,0,0,3,4,48" ten="290,315,240,155" oya="1" hai0="28,56,70,100,110,101,109,130,98,84,34,55,8" hai1="132,93,134,108,87,111,44,5,6,106,113,59,31" hai2="95,88,115,36,114,57,50,92,77,17,9,99,40" hai3="52,11,74,83,19,45,82,60,97,42,7,81,66"/><U62/><E106/><V122/><F122/><W30/><G30/><T10/><D70/><U102/><E31/><V23/><F77/><W24/><G97/><T32/><D84/><U35/><E35/><V76/><F76/><W3/><G24/><T65/><D65/><U26/><E26/><V41/><F9/><W22/><G74/><T69/><D69/><U51/><E113/><N who="2" m="43019" /><F36/><W116/><G116/><T75/><D75/><U46/><E46/><V67/><F95/><W107/><G107/><T89/><D28/><U15/><E15/><N who="2" m="9663" /><F67/><W129/><G129/><T13/><D130/><U68/><E68/><V54/><AGARI ba="0,0" hai="40,41,50,54,57,88,92,99" m="9663,43019" machi="54" ten="30,7900,0" yaku="15,1,11,1,52,1,54,1" doraHai="48" who="2" fromWho="2" sc="290,-20,315,-39,240,79,155,-20" /><INIT seed="6,0,0,0,4,35" ten="270,276,319,135" oya="2" hai0="41,0,1,122,15,16,63,97,73,61,34,102,76" hai1="90,84,78,11,30,20,49,74,128,71,127,96,133" hai2="33,118,115,25,121,62,135,117,70,24,58,99,42" hai3="95,103,126,85,86,32,68,91,48,46,110,80,69"/><V6/><F121/><W29/><G110/><T43/><D122/><U87/><E71/><V19/><F70/><W124/><G32/><T100/><D34/><U94/><E49/><V66/><F115/><W44/><G29/><T130/><D76/><U101/><E11/><V105/><F135/><W88/><G103/><T47/><D73/><U13/><E133/><V114/><F114/><W79/><G44/><T89/><D89/><U36/><E36/><V119/><F42/><W125/><REACH who="3" step="1"/><G91/><REACH who="3" ten="270,276,319,125" step="2"/><T123/><D123/><U39/><E101/><N who="2" m="62655" /><F33/><W116/><G116/><T81/><D100/><U134/><E134/><V5/><F119/><W67/><G67/><T37/><D102/><U18/><E30/><V2/><F118/><W26/><G26/><T52/><D47/><U111/><E111/><V104/><F104/><W113/><G113/><T109/><D109/><U65/><E65/><V55/><F66/><W132/><G132/><T64/><D64/><U75/><E90/><V60/><F117/><W40/><AGARI ba="0,1" hai="40,46,48,68,69,79,80,85,86,88,95,124,125,126" machi="40" ten="30,7900,0" yaku="1,1,0,1,18,1,54,1,53,0" doraHai="35" doraHaiUra="112" who="3" fromWho="3" sc="270,-20,276,-20,319,-39,125,89" /><INIT seed="7,0,0,3,4,104" ten="250,256,280,214" oya="3" hai0="3,28,121,106,31,59,15,132,113,111,125,58,50" hai1="19,135,51,78,97,95,75,45,38,33,101,25,112" hai2="129,16,29,69,96,87,14,71,114,91,17,0,9" hai3="84,41,128,119,108,36,34,76,92,89,39,48,130"/><W64/><G119/><T65/><D111/><U7/><E38/><V122/><F0/><W99/><G34/><T100/><D3/><U6/><E112/><V77/><F29/><W105/><G64/><T60/><D121/><U61/><E135/><V103/><F77/><W20/><G108/><T74/><D74/><U107/><E61/><V47/><F114/><W40/><G20/><T52/><D113/><U126/><E126/><V37/><F129/><N who="3" m="49771" /><G76/><T117/><D117/><U66/><E66/><V23/><F122/><W98/><G99/><T46/><D132/><U1/><E1/><V82/><F37/><N who="3" m="14411" /><G48/><T81/><D125/><U118/><E118/><V86/><F86/><W68/><G68/><T133/><D133/><U57/><E33/><V24/><F47/><W93/><G105/><AGARI ba="0,0" hai="9,14,16,17,23,24,69,71,82,87,91,96,103,105" machi="105" ten="30,2000,0" yaku="7,1,54,1" doraHai="104" who="2" fromWho="3" sc="250,0,256,0,280,20,214,-20" owari="250,-15.0,256,5.6,300,40.0,194,-30.6" /></mjloggm>