<mjloggm ver="2.3"><GO type="169" lobby="0"/><UN n0="%E5%8B%98%E5%BC%81%E3%81%97%E3%81%A6%E3%82%88" n1="%E3%81%A6%E3%82%93%E3%81%8F%E3%81%86" n2="%E6%95%97%E5%8C%97%E8%80%85%E3%81%AD%E3%82%8B" n3="%E3%81%8D%E3%82%83%E3%82%82%E3%82%93%E3%81%AC" dan="17,16,17,16" rate="2225.64,2191.22,2185.09,2120.31" sx="M,M,F,M"/><TAIKYOKU oya="0"/><INIT seed="0,0,0,2,4,30" ten="250,250,250,250" oya="0" hai0="80,94,11,111,86,26,122,19,27,64,123,45,37" hai1="118,18,76,90,49,93,68,52,106,109,7,104,1" hai2="55,21,130,4,15,66,72,41,124,60,133,34,92" hai3="25,63,51,65,132,131,8,88,13,23,46,112,121"/><T87/><D64/><U33/><E118/><V47/><F72/><W99/><G112/><T59/><D111/><U83/><E109/><V29/><F130/><W24/><G131/><T17/><D59/><U67/><E1/><V95/><F55/><W75/><G132/><T14/><D37/><U107/><E7/><V77/><F77/><W69/><G75/><T82/><D94/><U113/><E113/><V57/><F124/><W96/><G121/><T110/><D110/><U39/><E39/><V50/><F133/><W28/><G25/><T102/><D102/><U100/><E18/><V53/><F41/><W128/><G128/><T84/><D45/><U35/><E100/><V31/><F34/><W101/><G88/><T40/><D40/><U54/><E67/><V42/><F42/><W85/><G85/><T73/><D73/><U126/><E68/><V125/><F125/><W22/><G22/><T108/><D108/><U56/><E54/><V62/><F62/><W120/><G120/><T103/><D103/><U9/><E9/><N who="2" m="4519" /><F21/><W48/><G46/><T3/><D3/><U0/><E0/><V135/><F135/><W44/><G44/><T105/><D105/><U98/><REACH who="1" step="1"/><E126/><REACH who="1" ten="250,240,250,250" step="2"/><V115/><F115/><W71/><G71/><T20/><D123/><U36/><E36/><V134/><F134/><W129/><G129/><T78/><D122/><U74/><AGARI ba="0,1" hai="33,35,49,52,56,74,76,83,90,93,98,104,106,107" machi="74" ten="30,8000,1" yaku="1,1,0,1,52,2,54,1,53,0" doraHai="30" doraHaiUra="97" who="1" fromWho="1" sc="250,-40,240,90,250,-20,250,-20" /><INIT seed="1,0,0,0,2,121" ten="210,330,230,230" oya="1" hai0="31,53,106,98,70,30,34,56,73,84,79,117,20" hai1="114,15,5,33,21,37,42,77,119,100,50,27,105" hai2="108,7,116,1,72,107,23,17,35,118,82,113,19" hai3="61,111,48,49,91,125,11,38,102,83,88,14,51"/><U80/><E114/><V40/><F107/><W39/><G125/><T78/><D70/><U46/><E33/><V126/><F40/><W67/><G102/><T2/><D34/><U13/><E119/><V128/><F82/><W25/><G25/><T123/><D73/><U93/><E105/><V3/><F72/><W58/><G111/><T55/><D2/><U6/><E37/><V60/><F60/><W18/><G83/><T29/><D117/><U43/><E43/><V41/><F41/><W12/><REACH who="3" step="1"/><G14/><REACH who="3" ten="210,330,230,220" step="2"/><T74/><D123/><U103/><E13/><V110/><F126/><W26/><G26/><T90/><D74/><U120/><E15/><V124/><F124/><W109/><G109/><N who="2" m="42089" /><F35/><W76/><G76/><T132/><D79/><U0/><E120/><V129/><F113/><W131/><G131/><N who="2" m="50249" /><F23/><W24/><G24/><T86/><D20/><U75/><E27/><V4/><F1/><W115/><G115/><T135/><D30/><U62/><E21/><V69/><F69/><W127/><G127/><T36/><D29/><U59/><E0/><V22/><F3/><W81/><G81/><T16/><D31/><U28/><E28/><V68/><F68/><W87/><G87/><T9/><D84/><U94/><E80/><V54/><F22/><W95/><G95/><N who="1" m="36362" /><E75/><V134/><F134/><W104/><G104/><T99/><D106/><U8/><E77/><V45/><F116/><W130/><G130/><T57/><D78/><U133/><E133/><V52/><F118/><W92/><G92/><T89/><D135/><U32/><E32/><V97/><F97/><RYUUKYOKU ba="0,1" sc="210,-10,330,-10,230,-10,220,30" hai3="11,12,18,38,39,48,49,51,58,61,67,88,91" /><INIT seed="2,1,1,4,3,86" ten="200,320,220,250" oya="2" hai0="114,50,88,64,1,72,59,90,62,83,41,49,115" hai1="109,128,56,93,26,101,2,105,79,131,135,47,134" hai2="103,58,68,122,57,35,94,81,132,0,69,120,6" hai3="52,24,111,129,95,3,100,77,133,89,37,130,75"/><V17/><F35/><W33/><G3/><T73/><D1/><U116/><E2/><V127/><F127/><W25/><G37/><T29/><D29/><U20/><E116/><V70/><F132/><N who="1" m="50729" /><E109/><V124/><F124/><W27/><G133/><T110/><D110/><U67/><E79/><V22/><F6/><W12/><G111/><T61/><D83/><U106/><E47/><V108/><F0/><W55/><G100/><T11/><D11/><U65/><E56/><V96/><F81/><N who="3" m="45247" /><G12/><T14/><D14/><U8/><E8/><V92/><F92/><W34/><G34/><T104/><D59/><U43/><E43/><V21/><F108/><W85/><G33/><T121/><D41/><U76/><E76/><V38/><F38/><W112/><G112/><T107/><REACH who="0" step="1"/><D64/><REACH who="0" ten="190,320,220,250" step="2"/><U98/><E65/><V44/><F44/><W28/><G28/><T102/><D102/><U5/><E67/><V19/><F57/><W39/><G39/><T46/><D46/><U126/><E126/><V42/><F58/><W9/><G9/><T18/><D18/><N who="1" m="12567" /><E5/><V87/><F42/><W117/><G117/><T45/><D45/><U63/><E63/><V7/><F7/><W84/><G84/><T36/><D36/><U71/><E71/><V15/><REACH who="2" step="1"/><F87/><REACH who="2" ten="190,320,210,250" step="2"/><W32/><G32/><T118/><D118/><U80/><E80/><V125/><F125/><W113/><G113/><T82/><D82/><U78/><E106/><V40/><F40/><W99/><G85/><T53/><D53/><U74/><E105/><V31/><F31/><W91/><G55/><T10/><D10/><RYUUKYOKU ba="1,3" sc="190,10,320,10,210,10,250,-30" hai0="49,50,61,62,72,73,88,90,104,107,114,115,121" hai1="74,78,93,98,101,128,131" hai2="15,17,19,21,22,68,69,70,94,96,103,120,122" /><INIT seed="2,2,3,1,5,77" ten="200,330,220,220" oya="2" hai0="97,10,104,6,58,41,94,59,93,71,42,5,91" hai1="19,112,120,18,111,13,37,32,68,81,33,15,86" hai2="55,21,128,133,118,125,63,43,3,72,7,98,119" hai3="113,53,0,79,87,57,9,51,101,69,12,131,25"/><V115/><F115/><W105/><G113/><T107/><D71/><U45/><E112/><V96/><F72/><W40/><G69/><T52/><D10/><U4/><E120/><V65/><F128/><W103/><G131/><T61/><D61/><U90/><E68/><V99/><F125/><W24/><G0/><T70/><D70/><U31/><E4/><V14/><F133/><W62/><G105/><T121/><D97/><U1/><E31/><V49/><F43/><W108/><G108/><T34/><D91/><U29/><E29/><V100/><F100/><W116/><G116/><T22/><D22/><U35/><E1/><V114/><F114/><W134/><G134/><T38/><D38/><U28/><E28/><V102/><F102/><N who="3" m="38923" /><G62/><T2/><D2/><U85/><E111/><V132/><F132/><W26/><G40/><T67/><D67/><U123/><E37/><V75/><F75/><W17/><G26/><T27/><D27/><U106/><E106/><V84/><F84/><W92/><G92/><T16/><D34/><U50/><E123/><V48/><F3/><W89/><G89/><T30/><D30/><U83/><E18/><N who="2" m="10455" /><F7/><W109/><G109/><T44/><D121/><U66/><E19/><V36/><F36/><W73/><G73/><T46/><D16/><U117/><E117/><N who="2" m="44555" /><F65/><W95/><G95/><T124/><D124/><U20/><E66/><V76/><F76/><W126/><G126/><T88/><D88/><N who="1" m="51247" /><E20/><V130/><F130/><W39/><G39/><T23/><D23/><U82/><E82/><AGARI ba="2,3" hai="9,12,17,24,25,51,53,57,79,82,87" m="38923" machi="82" ten="30,2000,0" yaku="8,1,52,1" doraHai="77" who="3" fromWho="1" sc="200,0,330,-26,220,0,220,56" /><INIT seed="3,0,0,1,0,48" ten="200,304,220,276" oya="3" hai0="130,40,115,8,37,94,47,31,27,111,104,124,85" hai1="91,56,101,15,50,84,119,106,93,63,131,126,110" hai2="32,54,70,62,125,122,4,10,83,78,108,42,3" hai3="24,17,41,75,22,128,81,6,79,57,102,105,16"/><W134/><G134/><T53/><D104/><U55/><E110/><V29/><F108/><W100/><G128/><T71/><D111/><U86/><E126/><V23/><F125/><W33/><G33/><T98/><D124/><U107/><E131/><V21/><F122/><W127/><G127/><T72/><D72/><U76/><E101/><V26/><F42/><W87/><G6/><T109/><D109/><U65/><E119/><V116/><F116/><W25/><G41/><T5/><D71/><U112/><E112/><V60/><F70/><W129/><G129/><T89/><D130/><U96/><E96/><V1/><F1/><W44/><G44/><T68/><D68/><U58/><REACH who="1" step="1"/><E15/><REACH who="1" ten="200,294,220,276" step="2"/><V97/><F97/><W73/><G102/><T118/><D98/><U67/><E67/><V13/><F13/><W9/><G100/><T36/><D118/><U117/><E117/><V120/><F120/><W113/><G113/><T66/><D66/><U132/><E132/><V7/><F7/><W123/><G123/><T95/><D115/><U51/><E51/><V90/><F62/><W14/><G105/><T103/><D36/><U135/><E135/><V133/><F133/><W80/><G24/><T38/><D38/><U49/><E49/><V69/><F60/><W12/><G25/><T121/><D121/><U74/><E74/><V28/><F26/><W59/><G75/><T43/><D37/><U0/><E0/><V99/><F3/><W52/><G73/><T20/><D103/><U64/><E64/><V46/><F99/><W45/><G81/><AGARI ba="0,1" hai="50,55,56,58,63,65,76,81,84,86,91,93,106,107" machi="81" ten="40,2600,0" yaku="1,1,52,1,53,0" doraHai="48" doraHaiUra="19" who="1" fromWho="3" sc="200,0,294,36,220,0,276,-26" /><INIT seed="4,0,0,0,5,69" ten="200,330,220,250" oya="0" hai0="131,60,20,74,27,3,93,12,48,9,103,23,15" hai1="7,8,106,86,56,132,36,85,5,28,102,89,127" hai2="123,35,105,111,41,122,90,94,112,118,124,26,110" hai3="19,1,14,129,58,81,29,21,38,126,104,78,59"/><T25/><D74/><U47/><E132/><V88/><F41/><W45/><G1/><T13/><D131/><U65/><E127/><V42/><F42/><W133/><G133/><T61/><D48/><U77/><E28/><V67/><F67/><W128/><G126/><T57/><D61/><U63/><E106/><V113/><F26/><N who="0" m="9738" /><D3/><U16/><E102/><V31/><F31/><W79/><G29/><T40/><D40/><U39/><E47/><V53/><F53/><W117/><G117/><T68/><D68/><U92/><E85/><N who="2" m="52495" /><F35/><W135/><G135/><T114/><D114/><N who="2" m="44138" /><F105/><W115/><G115/><T18/><D23/><U54/><E77/><V71/><F71/><W130/><G79/><T108/><D20/><U83/><E83/><V46/><F46/><W91/><G104/><T100/><D13/><U120/><E65/><V73/><F73/><N who="3" m="43215" /><G91/><T116/><D12/><U52/><E54/><V32/><F32/><W125/><G125/><T44/><D44/><U109/><E5/><V2/><F2/><W50/><G50/><T119/><D9/><U10/><E10/><V49/><F49/><W99/><G99/><T107/><D107/><U96/><E7/><V72/><F72/><W51/><G51/><T24/><D60/><U101/><E63/><V82/><F124/><W98/><G98/><T121/><D57/><N who="3" m="21513" /><G45/><T17/><D15/><U33/><E56/><V62/><F62/><W11/><G11/><T80/><D24/><U95/><E8/><V66/><F66/><W0/><G0/><T97/><D17/><U22/><E16/><V64/><F118/><RYUUKYOKU ba="0,0" sc="200,-10,330,-10,220,-10,250,30" hai3="14,19,21,38,128,129,130" /><INIT seed="5,1,0,3,1,89" ten="190,320,210,280" oya="1" hai0="25,55,125,110,73,119,65,100,24,14,10,36,82" hai1="132,103,32,135,78,97,120,44,28,91,57,20,11" hai2="128,0,53,42,34,106,4,126,43,52,48,133,102" hai3="127,115,79,80,33,105,60,111,77,59,37,67,104"/><U96/><E32/><V71/><F34/><W114/><G111/><T5/><D110/><U17/><E120/><V130/><F71/><W50/><G37/><T21/><D119/><U9/><E78/><V64/><F64/><W124/><G77/><T27/><D36/><U31/><E44/><V94/><F106/><W2/><G2/><T107/><D125/><N who="3" m="48201" /><G50/><T56/><D73/><U123/><E123/><V47/><F126/><W19/><G19/><T63/><D82/><U87/><E57/><V68/><F68/><W74/><G33/><T16/><D107/><AGARI ba="1,0" hai="59,60,67,74,79,80,104,105,107,114,115" m="48201" machi="107" ten="30,1000,0" yaku="18,1" doraHai="89" who="3" fromWho="0" sc="190,-13,320,0,210,0,280,13" /><INIT seed="6,0,0,5,0,16" ten="177,320,210,293" oya="2" hai0="109,80,131,62,113,123,86,121,6,83,102,120,114" hai1="126,9,88,5,53,69,104,47,35,132,118,129,17" hai2="68,115,91,60,135,75,27,22,1,100,56,25,28" hai3="110,97,127,34,40,82,122,74,125,29,42,78,77"/><V18/><F1/><W15/><G110/><T98/><D6/><U117/><E104/><V63/><F75/><W64/><G122/><T71/><D71/><U21/><E69/><V105/><F115/><N who="0" m="44042" /><D62/><U76/><E35/><V20/><F135/><W39/><G78/><N who="0" m="46359" /><D109/><U45/><E76/><V108/><F108/><W0/><G64/><T24/><D24/><U49/><E126/><V90/><F100/><W55/><G55/><T85/><D131/><U2/><E132/><V101/><F101/><W58/><G58/><T50/><D50/><U8/><E8/><V3/><F105/><W57/><G57/><T44/><D44/><U107/><E107/><V59/><F3/><W93/><G0/><T124/><D124/><N who="3" m="47689" /><G15/><T46/><D46/><U67/><E47/><V23/><F68/><W33/><G39/><T73/><D73/><U94/><E67/><N who="2" m="39303" /><F20/><W92/><G34/><T133/><D133/><U119/><E129/><V37/><F37/><W54/><G54/><AGARI ba="0,0" hai="18,22,23,25,27,28,54,59,63,90,91" m="39303" machi="54" ten="30,5800,0" yaku="8,1,52,2" doraHai="16" who="2" fromWho="3" sc="177,0,320,0,210,58,293,-58" /><INIT seed="6,1,0,1,0,83" ten="177,320,268,235" oya="2" hai0="41,119,56,40,2,98,4,5,105,95,115,85,6" hai1="80,57,106,63,45,60,42,14,92,15,13,67,22" hai2="31,44,127,126,69,33,23,132,64,107,123,108,21" hai3="36,20,94,99,53,104,124,70,112,62,3,58,129"/><V111/><F123/><W49/><G36/><T122/><D122/><U91/><E106/><V74/><F107/><W66/><G129/><T96/><D2/><U133/><E133/><V101/><F101/><W55/><G124/><N who="2" m="47657" /><F74/><W34/><G34/><T100/><D115/><U78/><E63/><N who="2" m="40095" /><F132/><W72/><G3/><T51/><D119/><U86/><E22/><N who="2" m="8203" /><F44/><W93/><G112/><T38/><D105/><U73/><REACH who="1" step="1"/><E15/><REACH who="1" ten="177,310,268,235" step="2"/><V81/><F81/><W32/><G104/><T12/><D12/><U30/><E30/><V19/><F19/><W68/><G20/><T134/><D134/><U89/><E89/><V71/><F71/><W75/><G68/><T90/><D100/><U135/><E135/><V29/><F33/><W27/><G70/><T117/><D117/><U16/><E16/><V61/><F61/><W82/><G32/><T84/><D5/><U43/><E43/><N who="0" m="16457" /><D6/><U121/><E121/><V47/><F47/><W25/><G62/><T76/><D4/><U131/><E131/><V54/><F54/><W1/><G53/><N who="0" m="31807" /><D38/><AGARI ba="1,1" hai="13,14,38,42,45,57,60,67,73,78,80,86,91,92" machi="38" ten="30,7700,0" yaku="1,1,7,1,52,1,53,1" doraHai="83" doraHaiUra="37" who="1" fromWho="0" sc="177,-80,310,90,268,0,235,0" /><INIT seed="7,0,0,1,2,31" ten="97,400,268,235" oya="3" hai0="95,73,79,44,33,104,103,51,77,58,101,13,41" hai1="133,88,78,122,96,127,40,23,94,36,69,37,100" hai2="108,102,74,45,47,20,135,8,50,43,112,34,63" hai3="81,42,128,123,59,53,54,91,39,56,84,119,7"/><W55/><G123/><T124/><D104/><U12/><E69/><V68/><F34/><W114/><G119/><T49/><D73/><U131/><E122/><V62/><F74/><W52/><G114/><T93/><D13/><U105/><E133/><V85/><F108/><W9/><G128/><T46/><D58/><U106/><E131/><V57/><F68/><W90/><G39/><T109/><D41/><U132/><E127/><V126/><F63/><W38/><G38/><T134/><D134/><U116/><E78/><V117/><F47/><W30/><G42/><T110/><REACH who="0" step="1"/><D124/><REACH who="0" ten="87,400,268,235" step="2"/><U64/><E40/><V130/><F57/><W24/><G59/><T27/><D27/><U0/><E0/><V87/><F43/><W1/><G56/><T3/><D3/><U25/><E25/><V118/><F126/><W60/><G60/><T29/><D29/><U14/><E14/><V113/><F62/><W35/><G35/><AGARI ba="0,1" hai="33,35,44,46,49,51,77,79,93,95,101,103,109,110" machi="35" ten="25,8000,1" yaku="1,1,22,2,52,2,53,0" doraHai="31" doraHaiUra="83" who="0" fromWho="3" sc="87,90,400,0,268,0,235,-80" owari="177,-22.3,400,50.0,268,6.8,155,-34.5" /></mjloggm>