<mjloggm ver="2.3"><GO type="169" lobby="0"/><UN n0="%E3%81%BF%E3%81%8B%E3%82%93%EF%BC%A0%E3%82%8F%E3%81%8B%E3%82%81%E3%81%A6" n1="%E3%81%95%E3%81%8D%E3%81%8A%E3%80%82" n2="%E5%8B%98%E5%BC%81%E3%81%97%E3%81%A6%E3%82%88" n3="%E3%81%9B%E3%81%A9%E3%81%AA%E3%82%8A%E3%81%82%E3%82%93" dan="16,16,17,17" rate="2136.75,2140.05,2216.69,2196.05" sx="M,M,M,F"/><TAIKYOKU oya="0"/><INIT seed="0,0,0,1,0,56" ten="250,250,250,250" oya="0" hai0="111,36,20,58,28,131,57,25,110,135,127,65,124" hai1="12,97,38,61,118,93,3,70,16,90,75,19,7" hai2="43,92,86,88,81,0,98,109,119,129,134,13,66" hai3="68,107,125,80,30,52,91,40,117,50,133,49,32"/><T99/><D36/><U37/><E75/><V2/><F109/><N who="0" m="41482" /><D135/><U35/><E35/><V23/><F134/><W33/><G117/><T26/><D131/><U67/><E118/><V1/><F119/><W101/><G125/><N who="0" m="48203" /><D65/><U48/><E19/><V77/><F129/><W27/><G32/><N who="0" m="20495" /><D99/><U115/><E115/><V96/><F66/><W73/><G33/><T83/><D83/><U10/><REACH who="1" step="1"/><E48/><REACH who="1" ten="250,240,250,250" step="2"/><V120/><F120/><W45/><G50/><T54/><D54/><U102/><E102/><V94/><F43/><W18/><G101/><T8/><D8/><AGARI ba="0,1" hai="3,7,8,10,12,16,37,38,61,67,70,90,93,97" machi="8" ten="30,7700,0" yaku="1,1,7,1,52,1,54,1,53,0" doraHai="56" doraHaiUra="126" who="1" fromWho="0" sc="250,-77,240,87,250,0,250,0" /><INIT seed="1,0,0,0,5,126" ten="173,327,250,250" oya="1" hai0="9,119,70,13,53,3,15,115,81,88,107,123,109" hai1="0,110,80,57,29,33,76,17,91,131,117,54,5" hai2="77,47,1,37,100,75,52,71,32,84,2,49,108" hai3="112,16,31,6,118,72,121,18,129,59,20,105,61"/><U22/><E117/><V11/><F108/><W135/><G72/><T46/><D115/><U7/><E110/><V42/><F75/><W62/><G105/><T40/><D119/><U12/><E91/><V19/><F32/><W8/><G118/><T125/><D109/><U113/><E113/><V43/><F71/><W25/><G121/><T97/><D123/><U27/><E131/><V30/><F30/><W14/><G112/><T95/><D125/><U101/><E101/><V66/><F66/><W45/><G135/><T134/><D134/><U102/><E102/><V130/><F130/><W127/><G127/><T78/><D70/><U58/><E58/><V92/><F43/><W98/><G129/><T73/><D53/><U41/><E41/><V48/><F37/><W23/><G45/><T74/><D74/><U44/><E44/><V51/><F51/><W24/><G98/><T124/><D107/><U83/><E76/><V82/><F92/><W86/><G86/><T94/><D94/><U99/><E99/><V39/><F39/><W89/><G89/><T26/><D26/><U21/><E21/><V50/><F50/><W116/><G116/><T133/><D133/><U65/><E65/><V85/><F85/><W106/><G106/><T28/><D28/><U122/><E122/><V67/><F67/><W103/><G103/><T87/><D124/><U90/><E90/><V63/><F100/><W120/><G120/><T4/><REACH who="0" step="1"/><D87/><REACH who="0" ten="163,327,250,250" step="2"/><U10/><REACH who="1" step="1"/><E5/><REACH who="1" ten="163,317,250,250" step="2"/><V79/><F42/><W132/><G132/><T68/><D68/><U55/><E55/><V34/><F52/><RYUUKYOKU ba="0,2" sc="163,15,317,15,250,-15,250,-15" hai0="3,4,9,13,15,40,46,73,78,81,88,95,97" hai1="0,7,10,12,17,22,27,29,33,54,57,80,83" /><INIT seed="1,1,2,0,5,111" ten="178,332,235,235" oya="1" hai0="125,21,57,7,44,119,67,33,31,14,12,17,71" hai1="36,117,66,127,84,112,68,6,8,73,52,89,69" hai2="90,64,116,37,0,2,101,122,1,115,108,74,132" hai3="82,126,70,97,99,106,38,75,22,19,87,26,131"/><U124/><E73/><V56/><F116/><W86/><G70/><T23/><D71/><U94/><E36/><V133/><F122/><W121/><G121/><T114/><D119/><U123/><E123/><V109/><F37/><W65/><G38/><T62/><D125/><N who="1" m="48203" /><E117/><V51/><F74/><W128/><G65/><T85/><D33/><U20/><E20/><V25/><F101/><N who="3" m="62767" /><G99/><T10/><D44/><U83/><E94/><V54/><F64/><W55/><G55/><T42/><D42/><U134/><E134/><N who="2" m="51819" /><F90/><W15/><G26/><T61/><D61/><U95/><E95/><V93/><F93/><W4/><G4/><T35/><D35/><U24/><E24/><V72/><F72/><W91/><G126/><T100/><D100/><U76/><E89/><V41/><F41/><W105/><G105/><T30/><D114/><U39/><E112/><V103/><F103/><W110/><G110/><N who="2" m="42601" /><F25/><W32/><G32/><T16/><REACH who="0" step="1"/><D85/><REACH who="0" ten="168,332,235,235" step="2"/><U63/><E68/><V88/><F115/><W53/><G86/><T120/><D120/><U77/><E39/><V107/><F107/><W92/><G53/><T60/><D60/><U29/><E52/><V49/><F49/><W50/><G50/><T135/><D135/><U3/><E77/><AGARI ba="1,3" hai="15,19,22,75,77,82,87,91,92,128,131" m="62767" machi="77" ten="30,1000,0" yaku="24,1" doraHai="111" who="3" fromWho="1" sc="168,0,332,-13,235,0,235,43" /><INIT seed="2,0,0,5,0,73" ten="168,319,235,278" oya="2" hai0="2,102,113,8,116,25,123,1,130,76,74,27,100" hai1="20,77,78,5,106,125,96,53,30,114,107,84,56" hai2="35,19,21,72,15,92,7,86,128,11,98,127,83" hai3="97,58,18,38,70,64,85,37,112,9,82,132,3"/><V57/><F72/><W55/><G132/><T88/><D113/><U104/><E114/><V71/><F71/><W120/><G112/><T90/><D123/><U52/><E125/><V6/><F35/><W42/><G120/><T117/><D130/><U108/><E108/><V62/><F128/><W32/><G32/><T87/><D74/><U34/><E34/><V103/><F127/><W133/><G133/><T75/><D75/><U134/><E134/><V40/><F40/><W12/><G3/><N who="0" m="1035" /><D8/><U0/><E5/><V109/><F109/><W46/><G97/><T22/><D22/><U63/><E0/><V80/><F7/><W126/><G126/><T24/><D76/><U43/><E43/><V4/><F83/><W79/><G64/><T91/><D87/><U81/><E96/><V10/><F6/><W129/><G70/><T44/><D44/><U105/><N who="1" m="26624" /><DORA hai="16" /><U41/><E41/><V47/><F47/><W66/><G66/><T124/><D124/><U118/><E118/><AGARI ba="0,0" hai="24,25,27,88,90,91,100,102,116,117,118" m="1035" machi="118" ten="40,8000,1" yaku="28,2,12,1,54,1" doraHai="73,16" who="0" fromWho="1" sc="168,80,319,-80,235,0,278,0" /><INIT seed="3,0,0,0,2,32" ten="248,239,235,278" oya="3" hai0="24,64,25,54,101,18,103,93,5,95,92,63,34" hai1="123,74,71,133,114,21,43,40,26,48,69,23,15" hai2="113,130,65,88,78,68,36,97,75,16,121,104,3" hai3="55,52,80,46,11,116,100,83,126,0,77,17,108"/><W4/><G116/><T19/><D5/><U99/><E74/><V94/><F113/><W132/><G100/><T66/><D54/><U67/><E114/><V134/><F36/><W117/><G117/><T13/><D34/><U33/><E33/><V85/><F130/><W7/><G126/><T124/><D124/><U81/><E81/><N who="2" m="45279" /><F65/><N who="0" m="25194" /><D63/><U96/><E67/><V98/><F68/><W109/><G132/><T105/><D105/><U20/><E26/><N who="0" m="10345" /><D13/><U38/><E15/><V122/><F16/><AGARI ba="0,0" hai="16,18,19,92,93,95,101,103" m="10345,25194" machi="16" ten="30,7700,0" yaku="28,2,8,1,54,1" doraHai="32" who="0" fromWho="2" sc="248,77,239,0,235,-77,278,0" /><INIT seed="4,0,0,5,4,109" ten="325,239,158,278" oya="0" hai0="1,99,123,95,128,60,89,2,61,26,73,47,49" hai1="25,46,135,103,33,52,111,56,0,9,50,12,67" hai2="82,36,74,108,23,64,72,94,59,88,44,114,43" hai3="70,131,93,117,18,102,133,118,100,107,104,106,76"/><T27/><D123/><U127/><E111/><V110/><F114/><W13/><G70/><T90/><D73/><U55/><E135/><V116/><F116/><W96/><G13/><T28/><D128/><U120/><E0/><V34/><F34/><W121/><G18/><T83/><D83/><U41/><E127/><V42/><F42/><W130/><G133/><T15/><D15/><U58/><E103/><N who="3" m="39466" /><G76/><T17/><D17/><U39/><E120/><V134/><F134/><W124/><G121/><T63/><D90/><U125/><E125/><V66/><F66/><W37/><G37/><T11/><D11/><U38/><E67/><V98/><F23/><W4/><G4/><T31/><D27/><U129/><E129/><N who="3" m="49162" /><G124/><T51/><D51/><U48/><E25/><V97/><F72/><W45/><G45/><T71/><D71/><U57/><E33/><V92/><F74/><W122/><G122/><T40/><REACH who="0" step="1"/><D28/><REACH who="0" ten="315,239,158,278" step="2"/><U126/><E126/><V68/><F68/><W10/><G10/><T20/><AGARI ba="0,1" hai="1,2,20,26,31,40,47,49,60,61,63,89,95,99" machi="20" ten="30,6000,0" yaku="1,1,2,1,0,1,53,0" doraHai="109" doraHaiUra="29" who="0" fromWho="0" sc="315,70,239,-20,158,-20,278,-20" /><INIT seed="4,1,0,1,4,106" ten="385,219,138,258" oya="0" hai0="25,66,58,99,98,131,103,130,121,135,22,9,84" hai1="85,2,17,108,125,100,34,115,33,21,71,56,122" hai2="14,46,90,1,51,32,93,86,61,53,133,77,57" hai3="91,11,52,117,107,78,94,5,18,40,27,75,31"/><T112/><D121/><U82/><E71/><V110/><F133/><W47/><G107/><T79/><D135/><U30/><E108/><V60/><F110/><W134/><G134/><T36/><D36/><U120/><E125/><V65/><F1/><W69/><G69/><T70/><D70/><U28/><E100/><V102/><F32/><W87/><G117/><T39/><D39/><U38/><E38/><V95/><F77/><W92/><G18/><T64/><D9/><U48/><E2/><V68/><F102/><W20/><G92/><T73/><D84/><U96/><E96/><N who="0" m="36905" /><D58/><U8/><E115/><V104/><F104/><W101/><G101/><T45/><D45/><U19/><E56/><V13/><REACH who="2" step="1"/><F95/><REACH who="2" ten="385,219,128,258" step="2"/><W7/><G78/><T44/><D103/><U29/><E120/><V55/><AGARI ba="1,1" hai="13,14,46,51,53,55,57,60,61,65,68,86,90,93" machi="55" ten="20,8000,1" yaku="1,1,2,1,0,1,7,1,53,1" doraHai="106" doraHaiUra="80" who="2" fromWho="2" sc="385,-41,219,-21,128,93,258,-21" /><INIT seed="5,0,0,4,5,75" ten="344,198,221,237" oya="1" hai0="40,49,29,81,20,14,57,8,114,117,103,130,111" hai1="112,101,48,0,10,84,92,4,41,97,28,76,21" hai2="47,51,42,6,70,37,73,120,74,115,126,102,38" hai3="125,93,1,129,77,54,53,87,88,11,85,63,79"/><U25/><E112/><V64/><F6/><W46/><G125/><T23/><D111/><U127/><E127/><V104/><F126/><W9/><G129/><T22/><D117/><U3/><E3/><V43/><F102/><W116/><G116/><T56/><D130/><U5/><E5/><V66/><F104/><W78/><G1/><T31/><D103/><U13/><E0/><V36/><F74/><W17/><G17/><T27/><D114/><U39/><E39/><V121/><F73/><W80/><G53/><T67/><D81/><N who="1" m="47143" /><E48/><V89/><F89/><N who="3" m="53423" /><G46/><N who="0" m="25799" /><D67/><N who="2" m="25642" /><F115/><W124/><G124/><T105/><D105/><U131/><E131/><V24/><F24/><W12/><G12/><T100/><D100/><U86/><E86/><V58/><F70/><W15/><G15/><T95/><D95/><U71/><E71/><V119/><F119/><W52/><G54/><T69/><D69/><U123/><E123/><N who="2" m="47179" /><F58/><AGARI ba="0,0" hai="9,11,52,58,63,77,78,79,80,87,88" m="53423" machi="58" ten="30,12000,2" yaku="8,1,52,3,54,2" doraHai="75" who="3" fromWho="2" sc="344,0,198,0,221,-120,237,120" /><INIT seed="6,0,0,1,3,46" ten="344,198,101,357" oya="2" hai0="104,28,6,57,3,14,65,89,49,0,85,60,133" hai1="92,1,19,76,88,25,90,58,47,119,30,34,53" hai2="51,113,17,54,79,10,82,42,64,73,16,72,95" hai3="8,109,91,74,103,105,43,96,11,67,117,126,122"/><V32/><F32/><W15/><G109/><T2/><D104/><U93/><E1/><V41/><F113/><W100/><G117/><T120/><D120/><U130/><E119/><V99/><F64/><W50/><G74/><T63/><D133/><U134/><E134/><V4/><F73/><W26/><G122/><T5/><D28/><U62/><E76/><V106/><F106/><W135/><G135/><T13/><D63/><U102/><E130/><V69/><F69/><W27/><G67/><T97/><D97/><U52/><E19/><V112/><F112/><W40/><G91/><T94/><D13/><U59/><E47/><V39/><F39/><W33/><G15/><T84/><D14/><U35/><E35/><V66/><F66/><W128/><G96/><T45/><REACH who="0" step="1"/><D85/><REACH who="0" ten="334,198,101,357" step="2"/><U111/><E111/><V61/><F61/><W68/><G105/><T78/><D78/><U108/><E108/><V70/><F70/><W22/><G68/><T107/><D107/><U9/><E9/><V56/><F17/><W81/><G8/><T77/><D77/><U114/><E114/><V80/><F16/><W75/><G11/><T38/><D38/><U86/><E30/><V118/><F118/><W125/><G75/><T24/><D24/><U110/><E25/><V116/><F116/><W23/><G33/><T127/><D127/><U18/><E34/><V44/><F79/><W7/><G26/><T124/><D124/><U31/><E31/><V12/><F72/><W115/><G27/><T29/><D29/><U129/><E110/><V21/><F12/><W123/><G125/><RYUUKYOKU ba="0,1" sc="334,30,198,-10,101,-10,357,-10" hai0="0,2,3,5,6,45,49,57,60,65,84,89,94" /><INIT seed="7,1,1,0,3,83" ten="364,188,91,347" oya="3" hai0="90,5,27,22,72,43,58,80,93,120,96,91,133" hai1="51,7,64,134,108,57,39,123,101,13,44,21,119" hai2="18,53,10,122,135,61,30,116,79,77,35,60,56" hai3="36,16,29,115,78,52,99,41,67,130,126,104,76"/><W131/><G67/><T125/><D120/><U105/><E108/><V110/><F110/><W70/><G70/><T127/><D133/><U42/><E123/><V75/><F116/><W54/><G115/><T1/><D43/><U25/><E134/><V17/><F122/><W33/><G126/><N who="0" m="48139" /><D1/><U55/><E105/><V26/><F135/><W71/><G71/><T9/><D58/><U86/><E101/><V8/><F75/><W114/><G114/><T2/><D72/><U132/><E119/><V69/><F69/><W3/><G3/><T102/><D80/><U19/><E64/><V73/><F73/><W4/><G4/><T0/><D0/><U95/><E132/><V50/><F35/><W66/><G66/><T46/><D46/><U12/><E7/><V24/><F56/><W85/><G16/><AGARI ba="1,1" hai="2,5,9,16,22,27,90,91,93,96,102" m="48139" machi="16" ten="30,2000,0" yaku="18,1,54,1" doraHai="83" who="0" fromWho="3" sc="364,33,188,0,91,0,347,-23" owari="397,49.7,188,-21.2,91,-40.9,324,12.4" /></mjloggm>