<mjloggm ver="2.3"><GO type="169" lobby="0"/><UN n0="%E6%88%B8%E9%83%B7%E7%BF%94%E5%BE%81" n1="%E6%98%8E%E6%98%9F%E5%B8%82%E6%B0%91" n2="%E3%82%AB%E3%82%B6%E3%83%A9%E3%82%AD" n3="%48%61%6C%66%73" dan="17,17,17,17" rate="2185.75,2180.56,2242.18,2134.23" sx="M,M,M,M"/><TAIKYOKU oya="0"/><INIT seed="0,0,0,4,4,57" ten="250,250,250,250" oya="0" hai0="51,73,103,54,124,36,62,78,114,126,75,116,42" hai1="29,107,120,123,39,26,23,27,89,37,101,38,58" hai2="59,12,11,28,60,64,104,67,113,132,8,10,68" hai3="40,53,109,7,66,0,5,44,88,31,83,98,127"/><T1/><D114/><U79/><E79/><V2/><F113/><W70/><G109/><T19/><D116/><U93/><E107/><V76/><F104/><W9/><G127/><N who="0" m="48683" /><D1/><U18/><E101/><V45/><F2/><W15/><G31/><T52/><D103/><U121/><E58/><V131/><F131/><W90/><G53/><N who="0" m="20587" /><D36/><U92/><REACH who="1" step="1"/><E89/><REACH who="1" ten="250,240,250,250" step="2"/><V105/><F105/><W77/><G90/><T16/><D78/><U34/><AGARI ba="0,1" hai="18,23,26,27,29,34,37,38,39,92,93,120,121,123" machi="34" ten="40,5200,0" yaku="1,1,2,1,0,1,53,0" doraHai="57" doraHaiUra="130" who="1" fromWho="1" sc="250,-26,240,62,250,-13,250,-13" /><INIT seed="1,0,0,4,4,73" ten="224,302,237,237" oya="1" hai0="13,57,37,21,135,126,114,60,32,34,7,102,35" hai1="2,55,31,0,41,88,12,85,89,118,112,130,42" hai2="123,81,54,63,56,110,108,18,3,99,75,84,121" hai3="113,129,131,47,69,120,61,119,109,101,132,50,45"/><U46/><E118/><V10/><F75/><W78/><G101/><T36/><D114/><U72/><E72/><V33/><F33/><W29/><G29/><T104/><D135/><U117/><E117/><V122/><F99/><W17/><G17/><T83/><D126/><U48/><E130/><N who="3" m="49674" /><G113/><T15/><D102/><U9/><E112/><V93/><F93/><W95/><G95/><T65/><D104/><U66/><E31/><V115/><F115/><W76/><G119/><T77/><D15/><U116/><E116/><V4/><REACH who="2" step="1"/><F18/><REACH who="2" ten="224,302,227,237" step="2"/><W128/><G128/><T44/><D35/><U19/><E66/><V11/><F11/><W52/><G132/><T20/><D34/><U22/><E0/><V80/><F80/><W6/><G120/><T74/><D32/><U91/><E2/><V133/><F133/><W26/><G109/><T28/><D83/><N who="1" m="49215" /><E22/><V53/><F53/><W111/><G111/><T67/><D21/><U40/><AGARI ba="0,1" hai="9,12,19,40,41,42,46,48,55,89,91" m="49215" machi="40" ten="30,6000,0" yaku="25,1,8,1,54,1" doraHai="73" who="1" fromWho="1" sc="224,-20,302,70,227,-20,237,-20" /><INIT seed="1,1,0,2,0,6" ten="204,372,207,217" oya="1" hai0="41,117,123,13,114,45,122,73,71,58,91,112,93" hai1="109,81,75,121,85,66,63,68,30,17,129,32,67" hai2="100,120,118,86,22,54,89,84,9,69,52,31,25" hai3="61,106,56,101,34,130,44,4,1,98,35,135,76"/><U92/><E121/><N who="0" m="46089" /><D73/><U133/><E129/><V124/><F120/><W7/><G130/><T96/><D71/><U2/><E133/><V108/><F118/><W47/><G76/><T49/><D117/><U64/><E109/><V97/><F69/><W8/><G135/><T21/><D58/><U126/><E126/><V82/><F108/><W40/><G4/><T24/><D13/><U16/><E75/><V48/><F124/><W134/><G134/><T60/><D60/><U110/><E2/><V102/><F86/><W23/><G23/><T95/><D95/><U116/><E116/><V36/><F36/><W77/><G77/><T113/><D113/><U14/><E32/><V128/><F128/><W103/><G103/><T115/><D115/><U125/><E30/><AGARI ba="1,0" hai="21,24,30,41,45,49,91,93,96,112,114" m="46089" machi="30" ten="30,1000,0" yaku="13,1" doraHai="6" who="0" fromWho="1" sc="204,13,372,-13,207,0,217,0" /><INIT seed="2,0,0,2,5,1" ten="217,359,207,217" oya="2" hai0="51,70,57,49,11,115,22,4,113,83,120,131,119" hai1="44,91,89,34,130,18,71,45,92,121,117,48,90" hai2="19,25,118,114,104,69,110,66,95,125,26,107,72" hai3="20,10,56,30,13,8,76,96,73,6,35,46,100"/><V63/><F114/><W33/><G46/><T47/><D70/><U54/><E71/><V129/><F118/><W27/><G73/><T17/><D120/><U40/><E130/><V80/><F129/><W88/><G76/><T99/><D119/><U23/><E34/><V116/><F116/><W124/><G124/><T32/><D32/><U53/><E121/><V77/><F125/><W0/><G56/><T31/><D31/><U123/><E123/><V78/><F78/><W43/><G43/><T82/><D99/><U65/><E65/><V42/><F110/><W94/><REACH who="3" step="1"/><G100/><REACH who="3" ten="217,359,207,207" step="2"/><T108/><D57/><U93/><E117/><V112/><F112/><W85/><G85/><T134/><D47/><U128/><E128/><V15/><F42/><W21/><G21/><T39/><D22/><U86/><E44/><V50/><F50/><W16/><AGARI ba="0,1" hai="0,6,8,10,13,16,20,27,30,33,35,88,94,96" machi="16" ten="20,12000,2" yaku="1,1,0,1,7,1,52,1,54,2,53,0" doraHai="1" doraHaiUra="101" who="3" fromWho="3" sc="217,-30,359,-30,207,-60,207,130" /><INIT seed="3,0,0,4,5,59" ten="187,329,147,337" oya="3" hai0="83,0,116,63,97,56,113,43,111,121,57,130,10" hai1="36,105,23,100,126,22,5,9,49,54,127,6,86" hai2="45,110,39,7,84,69,102,19,125,70,109,96,81" hai3="14,50,47,106,129,103,92,42,55,25,60,93,112"/><W62/><G112/><T79/><D111/><N who="2" m="42506" /><F7/><W13/><G106/><T58/><D121/><U29/><E36/><V64/><F19/><W2/><G2/><T132/><D116/><U20/><E105/><N who="2" m="63687" /><F64/><W128/><G25/><T26/><D132/><U68/><E100/><V48/><F39/><W41/><G103/><T122/><D130/><N who="3" m="50281" /><G13/><T108/><D108/><U35/><E68/><V117/><F125/><N who="1" m="47625" /><E86/><V28/><F28/><W15/><G15/><T65/><D122/><U66/><E66/><V67/><F67/><W88/><G93/><T30/><D97/><U89/><E35/><V124/><F117/><W91/><G91/><T71/><D43/><N who="3" m="16393" /><G14/><T115/><D10/><U34/><E89/><N who="2" m="51343" /><F124/><W101/><G101/><T75/><REACH who="0" step="1"/><D0/><REACH who="0" ten="177,329,147,337" step="2"/><U46/><E9/><V27/><F27/><AGARI ba="0,1" hai="5,6,20,22,23,27,29,34,46,49,54" m="47625" machi="27" ten="30,1000,0" yaku="18,1" doraHai="59" who="1" fromWho="2" sc="177,0,329,20,147,-10,337,0" /><INIT seed="4,0,0,2,3,84" ten="177,349,137,337" oya="0" hai0="115,113,49,107,129,126,94,3,30,32,44,51,121" hai1="83,109,40,31,58,38,23,18,4,9,118,124,111" hai2="68,96,19,66,108,16,69,7,57,11,79,128,78" hai3="89,116,8,88,135,52,106,55,86,47,25,13,39"/><T134/><D107/><U34/><E38/><V41/><F108/><W14/><G116/><T125/><D3/><U77/><E40/><V45/><F128/><W81/><G106/><T112/><D121/><U127/><E58/><V1/><F96/><W17/><G135/><T10/><D134/><U114/><E83/><V56/><F56/><W132/><G132/><T93/><D129/><U0/><E77/><V92/><F92/><N who="0" m="35434" /><D10/><U97/><E97/><V91/><F91/><N who="3" m="51663" /><G39/><T22/><D32/><U61/><E61/><V95/><F95/><W48/><G25/><N who="0" m="16695" /><D44/><U24/><E118/><V87/><F69/><W27/><G27/><T123/><D123/><U42/><E42/><V133/><F68/><W99/><G99/><T46/><D46/><U37/><E37/><V131/><F131/><W65/><G65/><T101/><D101/><U76/><E76/><V100/><F100/><W85/><G85/><T74/><D74/><U59/><E59/><V28/><F133/><W33/><G33/><T130/><D130/><U82/><E82/><V117/><F117/><W71/><G71/><T50/><AGARI ba="0,0" hai="49,50,51,112,113,115,125,126" m="16695,35434" machi="50" ten="40,2100,0" yaku="15,1" doraHai="84" who="0" fromWho="0" sc="177,21,349,-7,137,-7,337,-7" /><INIT seed="4,1,0,0,0,55" ten="198,342,130,330" oya="0" hai0="26,123,95,99,43,70,17,6,122,18,73,112,32" hai1="116,120,132,4,38,13,23,79,61,1,34,117,102" hai2="100,35,98,25,10,41,118,71,74,57,88,89,78" hai3="9,5,33,128,134,125,42,121,87,66,82,27,21"/><T44/><D70/><U45/><E120/><V48/><F71/><W20/><G125/><T111/><D73/><U67/><E132/><V59/><F118/><W28/><G134/><T108/><D112/><U92/><E34/><V22/><F35/><W93/><G128/><T126/><D6/><U16/><E79/><V62/><F10/><W107/><G107/><T96/><D126/><U101/><E1/><V84/><F74/><W129/><G129/><T115/><D115/><U113/><E4/><V63/><F78/><W64/><G93/><T104/><D104/><U77/><E77/><V109/><F109/><N who="0" m="42058" /><D99/><U75/><E75/><V47/><F100/><W131/><G121/><N who="0" m="46091" /><D26/><U90/><E113/><V12/><F12/><W15/><G131/><T81/><D81/><U7/><E7/><V135/><F135/><W40/><G82/><T24/><D24/><U11/><E117/><V14/><F14/><W69/><G69/><T119/><D32/><U105/><E105/><V36/><F36/><W54/><G27/><T52/><D43/><U76/><E76/><V86/><F98/><W91/><G15/><T8/><D8/><U46/><E11/><V39/><F86/><W114/><G87/><T65/><D65/><U49/><E116/><V103/><F103/><W37/><G66/><T68/><D68/><N who="1" m="42095" /><E102/><V2/><F2/><W29/><G64/><T83/><D83/><U110/><E101/><V50/><F84/><W60/><G33/><T85/><D85/><N who="1" m="52303" /><E110/><V53/><F89/><W94/><G114/><T30/><D30/><U56/><E38/><V97/><F88/><RYUUKYOKU ba="1,0" sc="198,-10,342,30,130,-10,330,-10" hai1="13,16,23,45,46,49,56" /><INIT seed="5,2,0,2,2,24" ten="188,372,120,320" oya="1" hai0="47,96,94,119,13,21,124,112,18,73,63,76,72" hai1="8,91,126,0,6,67,101,123,58,44,100,43,16" hai2="9,103,116,118,3,36,62,41,27,49,89,25,10" hai3="74,110,86,53,61,29,84,4,85,127,79,7,134"/><U87/><E123/><V95/><F36/><W45/><G110/><T33/><D119/><U40/><E126/><V26/><F103/><W42/><G134/><T12/><D112/><U32/><E32/><V128/><F62/><W117/><G117/><T132/><D132/><U56/><E40/><V71/><F71/><W108/><G108/><T81/><D33/><U104/><E67/><V98/><F128/><W15/><G74/><T50/><D63/><U35/><E35/><V113/><F113/><W39/><G127/><T28/><D124/><U106/><E106/><V70/><F70/><W111/><G111/><T80/><D80/><U109/><E109/><V52/><F41/><W120/><G4/><T107/><D107/><U90/><E90/><V97/><F97/><W83/><G53/><T114/><D28/><U37/><E104/><V78/><F78/><W135/><G29/><T19/><D73/><U54/><E58/><V68/><F68/><W64/><G120/><T23/><D114/><U38/><E38/><V99/><F99/><W88/><G79/><T11/><D96/><U92/><E16/><V130/><F130/><W34/><G135/><T1/><D1/><U5/><E5/><V65/><F65/><W14/><G64/><T102/><D102/><U48/><AGARI ba="2,0" hai="0,6,8,37,43,44,48,54,56,87,91,92,100,101" machi="48" ten="20,2100,0" yaku="0,1,7,1" doraHai="24" who="1" fromWho="1" sc="188,-9,372,27,120,-9,320,-9" /><INIT seed="5,3,0,0,0,26" ten="179,399,111,311" oya="1" hai0="100,83,103,80,86,17,90,4,60,118,57,132,95" hai1="89,85,62,32,122,56,7,113,105,42,37,65,79" hai2="124,6,30,49,19,117,115,82,61,59,15,130,106" hai3="54,74,87,93,67,84,72,127,25,33,104,1,71"/><U66/><E122/><V126/><F117/><W63/><G1/><T52/><D132/><U45/><E113/><V38/><F38/><W2/><G2/><T58/><D4/><U64/><E105/><V125/><F106/><W88/><G127/><T3/><D3/><U111/><E7/><V55/><F6/><W23/><G33/><T29/><D118/><U43/><E111/><V28/><F115/><W77/><G54/><T107/><D107/><U78/><E32/><V21/><F130/><W12/><G12/><T0/><D0/><U119/><E119/><V97/><F97/><W99/><G84/><T47/><D47/><U48/><E37/><V9/><F9/><W5/><G5/><T101/><D29/><N who="2" m="11370" /><F82/><W11/><G11/><T81/><D17/><U129/><E42/><V135/><F135/><W34/><G34/><T134/><D134/><U70/><E70/><V76/><F76/><N who="1" m="29225" /><E129/><V133/><F133/><W53/><G77/><T116/><D116/><U14/><E14/><V108/><F108/><W13/><G13/><T69/><D69/><U40/><E40/><V10/><F10/><W112/><G112/><T96/><REACH who="0" step="1"/><D58/><REACH who="0" ten="169,399,111,311" step="2"/><U35/><E35/><V75/><F75/><W94/><G104/><T120/><D120/><U27/><E56/><V123/><F123/><W8/><G72/><T20/><D20/><U121/><E45/><V24/><F15/><W50/><G8/><T68/><D68/><U18/><E121/><V91/><F91/><N who="3" m="53503" /><G74/><T109/><D109/><U51/><E89/><V92/><F92/><W102/><G71/><T98/><AGARI ba="3,1" hai="52,57,60,80,81,83,86,90,95,96,98,100,101,103" machi="98" ten="40,8000,1" yaku="1,1,5,1,0,1,8,1,54,1,53,0" doraHai="26" doraHaiUra="31" who="0" fromWho="0" sc="169,99,399,-43,111,-23,311,-23" /><INIT seed="6,0,0,0,2,40" ten="268,356,88,288" oya="2" hai0="132,92,70,32,134,4,13,107,3,95,125,101,0" hai1="7,67,69,124,37,14,52,8,99,108,127,112,93" hai2="128,49,122,29,56,109,38,61,26,106,64,90,113" hai3="129,58,21,10,44,65,41,100,22,83,111,39,71"/><V118/><F38/><W131/><G111/><T54/><D70/><U73/><E73/><V97/><F118/><W104/><G71/><T110/><D32/><U36/><E112/><V60/><F122/><W30/><G10/><T18/><D125/><N who="1" m="48203" /><E108/><V66/><F109/><W78/><G100/><T119/><D119/><U76/><E76/><V98/><F113/><W23/><G104/><T133/><D110/><U42/><E42/><V35/><F128/><W80/><G30/><T20/><D54/><U9/><E9/><V34/><F34/><W115/><G115/><T55/><D4/><U43/><E43/><V86/><F106/><W68/><G68/><T82/><D82/><U63/><E52/><V117/><F117/><W75/><REACH who="3" step="1"/><G83/><REACH who="3" ten="268,356,88,278" step="2"/><T27/><D101/><AGARI ba="0,1" hai="7,8,14,36,37,63,67,69,93,99,101" m="48203" machi="101" ten="30,1000,0" yaku="18,1" doraHai="40" who="1" fromWho="0" sc="268,-10,356,20,88,0,278,0" /><INIT seed="7,0,0,5,3,77" ten="258,376,88,278" oya="3" hai0="94,130,134,61,56,113,125,132,84,76,62,23,123" hai1="48,78,15,86,41,97,6,135,20,42,54,71,43" hai2="75,90,111,121,60,64,114,49,110,116,108,91,38" hai3="36,33,107,82,46,69,45,55,63,89,21,34,52"/><W72/><G107/><T29/><D123/><U87/><E71/><V58/><F75/><W122/><G122/><T2/><D2/><U14/><E135/><N who="0" m="51753" /><D130/><U35/><E35/><V102/><F102/><W10/><G33/><T99/><D125/><U32/><E32/><V1/><F1/><W81/><G34/><T19/><D29/><U7/><E97/><V96/><F121/><W133/><G133/><T106/><D106/><U68/><E68/><V85/><F96/><W5/><G21/><T8/><D8/><N who="1" m="4375" /><E78/><V115/><F91/><W74/><G89/><N who="0" m="55759" /><D113/><U28/><E7/><V3/><F3/><W0/><G72/><T101/><D101/><U128/><E128/><V44/><F90/><W88/><G88/><T11/><D11/><U126/><E126/><V118/><F38/><W98/><G98/><T31/><D31/><U13/><E13/><V129/><F129/><W50/><G74/><T53/><D62/><U100/><E100/><V40/><REACH who="2" step="1"/><F85/><REACH who="2" ten="258,376,78,278" step="2"/><W27/><G36/><T80/><D84/><U112/><E87/><V25/><F25/><W39/><G27/><T67/><D76/><U9/><E86/><V105/><F105/><W127/><G127/><T117/><D117/><AGARI ba="0,1" hai="40,44,49,58,60,64,108,110,111,114,115,116,117,118" machi="117" ten="50,8000,1" yaku="1,1,34,3,53,0" doraHai="77" doraHaiUra="22" who="2" fromWho="0" sc="258,-80,376,0,78,90,278,0" owari="178,-22.2,376,47.6,168,-33.2,278,7.8" /></mjloggm>