<mjloggm ver="2.3"><GO type="169" lobby="0"/><UN n0="%E9%95%B7%E5%B1%B1%E5%A4%A7%E6%A8%B9" n1="%E8%B5%A4%E7%BE%8E%E6%BF%83%E3%81%BE%E3%81%90%E3%82%8D" n2="%E7%99%BD%E7%9F%B3%E5%A5%88%E5%A5%88" n3="%E3%83%96%E3%83%BC%E3%83%93%E3%83%BC" dan="17,16,16,16" rate="2114.67,2145.35,2082.79,2216.35" sx="M,M,M,M"/><TAIKYOKU oya="0"/><INIT seed="0,0,0,0,0,63" ten="250,250,250,250" oya="0" hai0="126,82,26,0,54,118,79,87,91,92,16,27,49" hai1="111,39,114,95,1,70,36,48,58,89,88,109,61" hai2="60,62,17,86,122,71,102,112,99,28,7,53,5" hai3="44,69,108,128,103,78,3,40,57,66,133,106,67"/><T73/><D118/><U84/><E1/><V45/><F122/><W11/><G69/><T14/><D126/><U127/><E114/><V124/><F112/><W46/><G78/><T76/><D76/><U9/><E70/><V116/><F124/><W34/><G34/><T104/><D104/><U125/><E9/><V12/><F28/><W120/><G120/><T117/><D0/><U98/><E125/><V105/><F86/><W130/><G133/><T119/><D119/><U6/><E48/><V30/><F30/><W29/><G29/><T32/><D32/><U22/><E22/><V23/><F116/><W101/><G57/><T20/><REACH who="0" step="1"/><D117/><REACH who="0" ten="240,250,250,250" step="2"/><U123/><E127/><V129/><F129/><W65/><G106/><T31/><D31/><U43/><E123/><V107/><F107/><W93/><G130/><T121/><D121/><U47/><E39/><V83/><F105/><W33/><G33/><T74/><D74/><U50/><E36/><V52/><F7/><W110/><G128/><T81/><D81/><U59/><E111/><N who="3" m="42538" /><G93/><T80/><D80/><U113/><E109/><V75/><F83/><W42/><G3/><T19/><D19/><U25/><E6/><V8/><F5/><W24/><G24/><T4/><D4/><U72/><E72/><V68/><F75/><W77/><G77/><T132/><D132/><U134/><E134/><V15/><F17/><W37/><G11/><T35/><D35/><U96/><E25/><V41/><F8/><W135/><G135/><T97/><D97/><N who="1" m="57575" /><E113/><V55/><F99/><N who="1" m="37929" /><E61/><V131/><F62/><W10/><G10/><RYUUKYOKU ba="0,1" sc="240,10,250,10,250,-30,250,10" hai0="14,16,20,26,27,49,54,73,79,82,87,91,92" hai1="43,47,50,58,59,84,89" hai3="37,40,42,44,46,65,66,67,101,103" /><INIT seed="0,1,1,0,3,36" ten="250,260,220,260" oya="0" hai0="1,94,116,13,128,85,32,117,19,89,97,66,56" hai1="71,15,52,35,74,96,78,121,103,46,119,10,41" hai2="88,17,131,22,5,28,135,27,26,62,87,113,25" hai3="39,68,72,90,98,112,81,111,38,42,4,115,110"/><T57/><D1/><U84/><E119/><V67/><F113/><W60/><G4/><T2/><D2/><U55/><E121/><V114/><F114/><N who="3" m="43563" /><G98/><T107/><D32/><U101/><E71/><V95/><F135/><W129/><G90/><T9/><D128/><U64/><E35/><V102/><F131/><W14/><G14/><T31/><D31/><U92/><E64/><V104/><F5/><W7/><G7/><T79/><D66/><U70/><E70/><V20/><F104/><W44/><G129/><T125/><D125/><U134/><E134/><V50/><F102/><W122/><G122/><T100/><REACH who="0" step="1"/><D79/><REACH who="0" ten="240,260,220,260" step="2"/><U93/><E78/><V18/><F28/><W123/><G123/><T132/><D132/><U29/><E29/><V83/><F27/><W99/><G111/><T133/><D133/><U73/><E73/><V0/><F0/><W48/><G110/><T23/><D23/><U86/><E74/><V47/><F83/><W105/><G81/><T61/><D61/><U75/><E75/><V24/><F24/><W126/><G126/><T63/><D63/><U6/><E15/><V109/><F109/><W45/><G72/><T43/><D43/><U77/><E77/><V8/><F62/><W11/><G60/><T80/><D80/><U118/><E41/><N who="2" m="24943" /><F67/><W30/><G30/><T12/><D12/><U40/><E40/><V16/><F20/><W3/><G68/><T21/><D21/><U51/><E10/><V69/><F69/><W127/><G127/><T65/><D65/><U53/><E53/><V34/><F22/><W59/><G3/><RYUUKYOKU ba="1,2" sc="240,30,260,-10,220,-10,260,-10" hai0="9,13,19,56,57,85,89,94,97,100,107,116,117" /><INIT seed="0,2,2,4,3,22" ten="270,250,210,250" oya="0" hai0="98,38,2,114,7,103,52,58,76,46,86,91,27" hai1="11,110,57,40,131,117,104,48,89,75,29,42,32" hai2="112,85,128,5,129,28,4,73,19,123,122,1,51" hai3="44,93,107,56,23,111,60,61,82,81,116,50,99"/><T63/><D114/><U33/><E117/><V90/><F73/><W77/><G116/><T119/><D119/><U108/><E75/><V78/><F78/><W101/><G111/><N who="1" m="42538" /><E104/><V31/><F51/><W34/><G34/><N who="1" m="13418" /><E131/><N who="2" m="50251" /><F112/><W30/><G107/><T105/><D76/><U43/><E29/><N who="2" m="11339" /><F19/><W92/><G92/><T84/><D27/><U134/><E134/><V47/><F47/><W87/><G82/><T113/><D113/><U69/><E69/><V37/><F37/><W62/><G56/><T55/><D91/><U120/><E120/><N who="2" m="46123" /><F1/><W97/><G97/><T80/><D80/><AGARI ba="2,2" hai="4,5,80,85,90" m="46123,11339,50251" machi="80" ten="30,1000,0" yaku="19,1" doraHai="22" who="2" fromWho="0" sc="270,-16,250,0,210,36,250,0" /><INIT seed="1,0,0,5,1,1" ten="254,250,246,250" oya="1" hai0="113,127,67,85,2,57,10,117,128,45,101,82,26" hai1="11,43,72,91,123,95,75,77,55,76,105,112,80" hai2="71,132,27,106,30,46,110,109,87,133,111,62,29" hai3="5,74,63,12,130,34,0,9,14,40,39,18,64"/><U52/><E112/><V103/><F46/><W120/><G120/><T100/><D117/><U58/><E123/><V126/><F87/><W37/><G130/><T31/><D113/><U119/><E119/><V56/><F126/><W131/><G131/><T107/><D128/><U70/><E70/><V86/><F71/><W25/><G74/><T54/><D107/><U97/><E43/><V79/><F103/><W125/><G125/><T122/><D122/><U104/><E11/><V51/><F51/><W68/><G40/><T60/><D45/><U134/><E134/><N who="2" m="51819" /><F106/><W49/><G49/><T35/><D67/><U81/><REACH who="1" step="1"/><E55/><REACH who="1" ten="254,240,246,250" step="2"/><N who="2" m="34079" /><F27/><W15/><G39/><T4/><REACH who="0" step="1"/><D127/><REACH who="0" ten="244,240,246,250" step="2"/><U38/><E38/><V16/><F109/><W44/><G37/><T84/><D84/><U33/><E33/><V108/><F86/><W50/><G34/><T22/><D22/><U24/><E24/><V88/><F79/><AGARI ba="0,2" hai="2,4,10,26,31,35,54,57,60,79,82,85,100,101" machi="79" ten="30,7700,0" yaku="1,1,7,1,52,1,53,1" doraHai="1" doraHaiUra="6" who="0" fromWho="2" sc="244,97,240,0,246,-77,250,0" /><INIT seed="2,0,0,4,4,78" ten="341,240,169,250" oya="2" hai0="37,57,99,1,9,116,41,48,23,132,97,0,46" hai1="15,45,114,126,26,22,79,103,82,110,28,71,2" hai2="87,113,70,31,3,130,59,17,10,91,5,69,44" hai3="20,105,58,122,90,93,94,109,13,73,39,21,29"/><V61/><F113/><W64/><G105/><T125/><D132/><U86/><E110/><V118/><F118/><W96/><G39/><T18/><D116/><U77/><E126/><V53/><F130/><W74/><G109/><T68/><D125/><U72/><E114/><V66/><F31/><W85/><G122/><T92/><D68/><U133/><E133/><V67/><F17/><W40/><G40/><T121/><D121/><U42/><E2/><V100/><F100/><W6/><G74/><T111/><D111/><U25/><E71/><V112/><F112/><W11/><G73/><T117/><D117/><U83/><E103/><V4/><F4/><W43/><G43/><T98/><D9/><U88/><E15/><V135/><F135/><W134/><G29/><T120/><D92/><U131/><E131/><V51/><REACH who="2" step="1"/><F66/><REACH who="2" ten="341,240,159,250" step="2"/><W84/><G134/><T52/><REACH who="0" step="1"/><D120/><REACH who="0" ten="331,240,159,250" step="2"/><U56/><E28/><V95/><AGARI ba="0,2" hai="3,5,10,44,51,53,59,61,67,69,70,87,91,95" machi="95" ten="20,7800,0" yaku="1,1,2,1,0,1,7,1,53,0" doraHai="78" doraHaiUra="27" who="2" fromWho="2" sc="331,-26,240,-26,159,98,250,-26" /><INIT seed="2,1,0,0,5,124" ten="305,214,257,224" oya="2" hai0="13,22,51,87,123,8,79,74,131,71,84,24,0" hai1="106,108,80,103,20,23,110,133,81,85,62,28,69" hai2="86,67,119,44,29,78,107,17,31,101,76,27,100" hai3="89,54,135,127,122,52,70,114,25,99,58,77,93"/><V134/><F119/><W36/><G70/><T92/><D123/><U96/><E133/><V14/><F134/><W88/><G135/><T111/><D71/><U55/><E80/><V50/><F67/><W95/><G36/><T26/><D0/><U34/><E23/><V112/><F112/><W59/><G127/><T65/><D65/><N who="1" m="41143" /><E20/><N who="2" m="11319" /><F107/><W56/><G122/><T73/><D87/><U126/><E55/><N who="2" m="30151" /><F27/><W43/><G114/><T57/><D26/><N who="1" m="18711" /><E126/><V3/><F3/><W47/><G77/><AGARI ba="1,0" hai="77,81,85,96,103,106,108,110" m="18711,41143" machi="77" ten="30,1000,0" yaku="25,1" doraHai="124" who="1" fromWho="3" sc="305,0,214,13,257,0,224,-13" /><INIT seed="3,0,0,1,4,93" ten="305,227,257,211" oya="3" hai0="9,39,134,84,127,56,10,61,110,57,20,96,75" hai1="60,3,121,25,59,123,58,81,2,68,64,76,42" hai2="77,107,100,4,0,98,105,13,101,46,88,54,22" hai3="30,73,130,114,32,102,97,8,67,19,94,71,109"/><W66/><G114/><T1/><D75/><U51/><E25/><V104/><F77/><W43/><G73/><T23/><D39/><U91/><E91/><V89/><F0/><W44/><G130/><T133/><D110/><U108/><E108/><V95/><F89/><W5/><G71/><T125/><D61/><U131/><E131/><V99/><F101/><W37/><G109/><T124/><D84/><U47/><E3/><V80/><F80/><W33/><G19/><T120/><D120/><U16/><E2/><V63/><F22/><N who="0" m="8234" /><D96/><U62/><E16/><V55/><F55/><W53/><G53/><T28/><D28/><U129/><E129/><V106/><F106/><W111/><G111/><T35/><D35/><U103/><E103/><V78/><F78/><W65/><REACH who="3" step="1"/><G30/><REACH who="3" ten="305,227,257,201" step="2"/><T74/><D74/><U38/><E68/><V118/><F118/><W6/><G6/><N who="0" m="1231" /><D10/><U119/><E119/><V117/><F117/><W85/><G85/><T112/><D112/><U21/><E123/><V126/><F4/><W31/><G31/><T79/><D79/><U87/><E121/><V24/><F54/><W45/><G45/><T50/><D57/><U7/><E7/><V92/><F46/><W40/><G40/><T132/><D56/><U36/><E59/><V12/><F24/><W116/><G116/><T49/><AGARI ba="0,1" hai="49,50,124,125,127,132,133,134" m="1231,8234" machi="49" ten="50,3200,0" yaku="18,1,20,1" doraHai="93" who="0" fromWho="0" sc="305,42,227,-8,257,-8,201,-16" /><INIT seed="4,0,0,4,0,37" ten="347,219,249,185" oya="0" hai0="53,87,70,34,45,42,57,105,44,99,22,17,64" hai1="25,101,126,72,127,6,108,110,19,116,121,10,106" hai2="50,49,94,130,117,14,30,12,4,3,107,124,8" hai3="120,95,41,133,67,71,83,59,77,66,113,52,1"/><T84/><D34/><U38/><E72/><V135/><F135/><W7/><G133/><T29/><D29/><U73/><E73/><V13/><F107/><W82/><G120/><T68/><D105/><U122/><E101/><V103/><F130/><W51/><G113/><T32/><D32/><U85/><E85/><V28/><F124/><N who="1" m="47657" /><E38/><V36/><F36/><W18/><G71/><T97/><D64/><N who="3" m="24617" /><G1/><T0/><D0/><N who="1" m="327" /><E106/><V115/><F115/><W111/><G7/><T60/><D70/><U69/><E69/><V89/><F103/><W11/><G77/><T39/><D45/><U21/><E116/><V104/><F104/><W63/><G95/><T119/><D68/><U9/><E9/><V78/><F78/><W2/><G2/><T81/><D119/><U132/><E132/><V58/><F117/><W91/><G91/><T114/><D114/><U79/><E79/><V129/><F129/><W26/><G111/><AGARI ba="0,0" hai="19,21,25,108,110,111,121,122" m="327,47657" machi="111" ten="30,3900,0" yaku="18,1,34,2" doraHai="37" who="1" fromWho="3" sc="347,0,219,39,249,0,185,-39" /><INIT seed="5,0,0,5,1,69" ten="347,258,249,146" oya="1" hai0="80,98,26,39,8,125,50,33,129,14,64,29,21" hai1="78,74,99,19,20,89,35,56,5,83,124,121,59" hai2="25,133,38,27,24,71,48,126,116,62,88,108,12" hai3="51,4,130,103,92,112,16,82,40,11,132,28,46"/><U91/><E35/><V73/><F116/><W104/><G104/><T109/><D109/><U54/><E121/><V87/><F73/><W75/><G28/><T111/><D111/><U45/><E124/><V97/><F108/><W10/><G132/><T0/><D39/><U22/><E5/><V7/><F133/><W131/><G112/><T118/><D118/><U68/><E68/><V63/><F97/><W3/><G103/><T47/><D64/><U66/><E66/><V107/><F107/><W123/><G92/><T113/><D129/><U106/><E45/><V115/><F38/><W60/><G60/><T18/><D113/><U65/><E65/><V44/><F71/><W102/><G102/><T101/><D80/><U55/><E106/><V127/><F115/><W41/><G41/><T2/><D33/><U70/><E70/><V53/><F12/><W93/><G93/><T110/><D125/><N who="2" m="47626" /><F7/><W120/><G120/><T23/><D110/><U86/><E99/><V119/><F119/><W57/><G123/><T1/><D98/><U37/><E37/><V77/><F77/><W9/><G131/><T94/><D101/><U96/><E96/><V6/><F6/><W34/><G130/><T67/><D0/><U36/><E36/><V105/><F105/><W128/><G128/><T76/><D1/><U85/><E74/><V30/><F30/><W90/><G75/><T17/><D2/><U43/><E78/><V84/><F84/><N who="3" m="50455" /><G16/><T79/><D79/><U135/><E135/><V95/><AGARI ba="0,0" hai="24,25,27,44,48,53,62,63,87,88,95" m="47626" machi="95" ten="30,2000,0" yaku="18,1,54,1" doraHai="69" who="2" fromWho="2" sc="347,-5,258,-10,249,20,146,-5" /><INIT seed="6,0,0,1,5,106" ten="342,248,269,141" oya="2" hai0="34,17,12,132,87,113,79,5,95,54,77,20,31" hai1="80,19,28,8,104,135,120,21,93,101,75,88,69" hai2="64,25,105,58,50,40,71,1,56,45,126,38,117" hai3="41,37,133,130,67,57,74,83,72,46,0,112,121"/><V16/><F105/><W111/><G111/><T7/><D113/><U66/><E135/><V108/><F1/><W102/><G0/><T4/><D132/><U29/><E8/><V129/><F117/><W14/><G121/><T91/><D34/><U100/><E120/><V35/><F35/><W127/><G133/><T119/><D119/><U109/><E109/><V124/><F108/><W48/><G102/><T84/><D31/><U76/><E66/><V85/><F85/><N who="0" m="32842" /><D54/><U15/><E69/><V27/><F129/><W59/><G83/><T22/><D22/><U78/><E78/><V30/><F30/><W61/><G112/><T49/><D49/><U81/><E81/><V9/><F71/><W13/><G130/><T94/><D94/><U62/><E62/><N who="2" m="37959" /><F58/><W73/><REACH who="3" step="1"/><G127/><REACH who="3" ten="342,248,269,131" step="2"/><T18/><D77/><U134/><E134/><V89/><F124/><W23/><G23/><T70/><D20/><U26/><E101/><V11/><F126/><W107/><G107/><T128/><D79/><U53/><E100/><V6/><F89/><W3/><G3/><T65/><D91/><U10/><E104/><V110/><F110/><W82/><G82/><T44/><D128/><U118/><E28/><V86/><F11/><W36/><G36/><T116/><D116/><U33/><E118/><V43/><F38/><W96/><G96/><T115/><D115/><U98/><E10/><V114/><F9/><W63/><G63/><T122/><D122/><U60/><E60/><V125/><F114/><W97/><G97/><T39/><D39/><U51/><E51/><V24/><F125/><RYUUKYOKU ba="0,1" sc="342,-15,248,15,269,-15,131,15" hai1="15,19,21,26,29,33,53,75,76,80,88,93,98" hai3="13,14,37,41,46,48,57,59,61,67,72,73,74" /><INIT seed="7,1,1,0,5,124" ten="327,263,254,146" oya="3" hai0="79,83,61,52,108,33,85,91,128,57,56,23,34" hai1="102,94,24,132,51,93,134,95,39,18,112,4,96" hai2="87,10,44,12,29,109,38,121,50,14,0,78,5" hai3="59,27,26,8,116,81,82,72,32,101,30,21,62"/><W98/><G116/><T47/><D128/><U130/><E39/><V100/><F109/><W114/><G114/><T15/><D108/><U53/><E112/><V9/><F121/><W103/><G8/><T117/><D117/><U37/><E37/><V99/><F38/><W126/><G126/><T77/><D34/><U69/><E130/><V22/><F0/><W71/><G71/><T36/><D33/><U119/><E69/><V104/><F29/><W133/><G133/><N who="1" m="51306" /><E4/><N who="2" m="3111" /><F22/><W43/><G43/><T110/><D110/><U64/><E64/><V17/><F5/><W60/><G72/><T7/><D47/><N who="1" m="27903" /><E119/><V111/><F111/><W20/><G32/><T113/><D36/><U123/><E123/><V41/><F104/><W46/><G46/><T25/><D113/><U74/><E74/><V63/><F63/><W19/><G62/><T16/><D57/><U106/><E18/><V86/><F86/><W65/><REACH who="3" step="1"/><G103/><REACH who="3" ten="327,263,254,136" step="2"/><T6/><D6/><U40/><E40/><V73/><F73/><W49/><G49/><T105/><D7/><U75/><E75/><V90/><F100/><W129/><G129/><T88/><D61/><U45/><E45/><V67/><F41/><W3/><G3/><T68/><D68/><U54/><E54/><V97/><F44/><W70/><G70/><T66/><D52/><U11/><E11/><V127/><F127/><W118/><G118/><T55/><D55/><U120/><E120/><V135/><F135/><W107/><AGARI ba="1,2" hai="19,20,21,26,27,30,59,60,65,81,82,98,101,107" machi="107" ten="20,3900,0" yaku="1,1,0,1,7,1,53,0" doraHai="124" doraHaiUra="125" who="3" fromWho="3" sc="327,-14,263,-14,254,-14,136,62" /><INIT seed="7,2,0,4,0,117" ten="313,249,240,198" oya="3" hai0="46,11,130,0,94,9,50,89,62,33,101,39,14" hai1="23,107,55,73,110,97,21,98,69,42,78,59,15" hai2="133,88,111,57,51,83,3,79,114,112,116,72,103" hai3="123,49,100,84,67,2,25,28,82,127,75,92,36"/><W43/><G36/><T64/><D33/><U26/><E69/><V106/><F116/><W86/><G2/><T13/><D39/><U90/><E110/><V5/><F111/><W4/><G4/><T40/><D130/><U93/><E73/><V47/><F133/><W77/><G127/><T124/><D101/><U34/><E34/><V134/><F134/><W18/><G18/><T27/><D27/><U121/><E121/><V17/><F57/><W16/><G16/><T65/><D0/><U8/><E78/><V115/><F88/><W87/><G67/><N who="0" m="25675" /><D62/><N who="1" m="36223" /><E42/><V66/><F66/><W19/><G19/><T71/><D124/><U58/><E107/><V81/><F81/><W95/><G123/><T126/><D71/><U20/><E58/><V129/><F129/><W132/><G132/><T38/><D38/><U22/><E98/><N who="2" m="61815" /><F17/><W12/><G12/><N who="0" m="4715" /><D126/><U63/><E63/><V45/><F51/><W7/><G7/><T85/><AGARI ba="2,0" hai="9,11,40,46,50,85,89,94" m="4715,25675" machi="85" ten="30,1100,0" yaku="8,1" doraHai="117" who="0" fromWho="0" sc="313,17,249,-5,240,-5,198,-7" owari="330,43.0,244,4.4,235,-16.5,191,-30.9" /></mjloggm>