<mjloggm ver="2.3"><GO type="169" lobby="0"/><UN n0="%E3%81%AA%E3%81%8B%E3%81%AE%E3%81%86%E3%81%88" n1="%E6%A1%9C%E6%B2%A2%E5%A2%A8" n2="%E3%83%80%E3%83%95%E3%83%88%E3%83%91%E3%83%B3%E3%83%84" n3="%E3%81%82%E3%81%9F%E3%82%89%E3%81%93" dan="16,16,17,16" rate="2157.63,2039.55,2240.40,2076.71" sx="M,F,M,M"/><TAIKYOKU oya="0"/><INIT seed="0,0,0,3,2,126" ten="250,250,250,250" oya="0" hai0="62,12,22,1,49,98,118,78,96,17,86,25,34" hai1="108,27,123,89,15,130,84,51,8,88,120,83,121" hai2="100,3,114,74,24,91,4,124,55,112,21,59,68" hai3="33,20,109,115,101,13,50,122,110,60,56,94,79"/><T113/><D113/><U39/><E39/><V58/><F124/><W29/><G115/><T37/><D37/><U28/><E108/><V41/><F68/><W18/><G122/><T61/><D118/><U44/><E130/><V63/><F74/><W0/><G79/><T5/><D49/><U80/><E89/><V45/><F100/><W102/><G0/><T104/><D104/><U2/><E2/><V107/><F107/><W75/><G75/><T132/><D132/><U76/><E76/><V70/><F70/><W10/><G33/><T131/><D131/><U92/><E15/><V99/><F59/><W64/><G50/><T65/><D86/><U125/><E8/><V73/><F73/><W117/><G117/><T77/><D77/><U133/><E133/><V19/><F4/><W72/><G72/><T47/><D47/><U129/><E129/><V71/><F71/><W93/><G93/><T7/><D7/><U9/><E9/><V85/><F3/><W128/><G128/><T69/><D62/><U30/><E125/><V135/><F135/><W67/><G67/><T36/><D36/><U42/><REACH who="1" step="1"/><E30/><REACH who="1" ten="250,240,250,250" step="2"/><V57/><F114/><W111/><G94/><T66/><D78/><U127/><E127/><V54/><F112/><W35/><G10/><N who="0" m="2351" /><D65/><U23/><AGARI ba="0,1" hai="23,27,28,42,44,51,80,83,84,88,92,120,121,123" machi="23" ten="30,4000,0" yaku="1,1,0,1,54,1,53,0" doraHai="126" doraHaiUra="14" who="1" fromWho="1" sc="250,-20,240,50,250,-10,250,-10" /><INIT seed="1,0,0,4,3,78" ten="230,290,240,240" oya="1" hai0="29,11,19,37,7,134,121,125,72,18,96,69,35" hai1="124,131,60,27,92,44,71,50,17,81,28,15,47" hai2="108,52,116,73,133,21,2,91,48,39,63,68,54" hai3="9,22,74,16,25,75,105,114,10,84,57,93,26"/><U4/><E124/><V38/><F2/><W128/><G105/><T61/><D37/><U58/><E131/><V13/><F73/><W31/><G114/><T129/><D134/><U107/><E107/><V0/><F0/><W24/><G128/><T67/><D121/><U102/><E71/><V94/><F133/><W122/><G122/><T55/><D125/><U45/><E4/><V106/><F106/><W85/><G75/><T77/><D96/><U49/><E81/><V104/><F104/><W66/><G74/><T115/><D115/><U43/><E49/><V79/><F108/><W88/><G85/><T32/><D55/><U64/><E92/><V56/><F116/><W132/><G132/><T98/><D98/><U89/><E89/><V95/><F79/><W40/><G40/><T36/><D36/><U34/><REACH who="1" step="1"/><E102/><REACH who="1" ten="230,280,240,240" step="2"/><V126/><F126/><W5/><G5/><T110/><D7/><U82/><E82/><V70/><F68/><W14/><G31/><T83/><D69/><U109/><E109/><V120/><F120/><W12/><G12/><T33/><D29/><U8/><AGARI ba="0,1" hai="8,15,17,27,28,34,43,44,45,47,50,58,60,64" machi="8" ten="20,3900,0" yaku="1,1,0,1,7,1,53,0" doraHai="78" doraHaiUra="99" who="1" fromWho="1" sc="230,-13,280,49,240,-13,240,-13" /><INIT seed="1,1,0,1,5,108" ten="217,329,227,227" oya="1" hai0="20,109,30,94,78,77,45,13,80,99,67,46,25" hai1="49,52,15,100,18,86,28,133,70,38,21,41,125" hai2="42,32,31,29,51,87,89,105,10,135,124,68,55" hai3="134,113,69,23,54,43,3,93,74,26,102,19,85"/><U5/><E70/><V62/><F135/><W98/><G3/><T16/><D67/><U2/><E133/><V7/><F124/><W82/><G69/><T71/><D109/><U129/><E125/><V130/><F130/><W17/><G134/><T24/><D71/><U121/><E121/><V73/><F73/><W59/><G113/><T65/><D65/><U116/><E116/><V123/><F123/><W107/><G43/><T81/><D81/><U48/><E129/><V88/><F105/><W35/><G35/><T72/><D78/><U127/><E127/><V101/><F32/><W128/><G128/><T14/><D14/><U114/><E114/><V4/><F101/><W60/><G74/><T91/><REACH who="0" step="1"/><D25/><REACH who="0" ten="207,329,227,227" step="2"/><U11/><E15/><N who="2" m="5575" /><F68/><W34/><G34/><AGARI ba="1,1" hai="13,16,20,24,30,34,45,46,72,77,80,91,94,99" machi="34" ten="30,3900,0" yaku="1,1,7,1,54,1,53,0" doraHai="108" doraHaiUra="50" who="0" fromWho="3" sc="207,52,329,0,227,0,227,-42" /><INIT seed="2,0,0,3,1,23" ten="259,329,227,185" oya="2" hai0="46,96,110,20,21,130,57,60,116,106,72,59,132" hai1="81,92,48,52,14,66,51,89,19,125,12,128,4" hai2="45,70,7,124,79,104,94,112,11,65,43,44,47" hai3="101,61,71,26,120,90,30,75,93,118,111,55,0"/><V87/><F112/><W68/><G120/><T67/><D72/><U122/><E125/><V34/><F124/><W95/><G0/><T41/><D110/><U8/><E128/><V135/><F135/><W82/><G118/><T9/><D130/><U3/><E122/><V37/><F104/><W88/><G111/><T126/><D132/><U134/><E134/><V85/><F34/><W28/><G101/><T42/><D116/><U80/><E66/><V50/><F85/><W107/><G107/><T13/><D42/><U98/><E48/><V62/><F37/><W91/><G55/><T103/><D59/><U33/><E33/><V15/><REACH who="2" step="1"/><F94/><REACH who="2" ten="259,329,217,185" step="2"/><W17/><G95/><T1/><D126/><U35/><E35/><V78/><F78/><W133/><G93/><T100/><D106/><U73/><E73/><V74/><F74/><W117/><G133/><T56/><D96/><U22/><REACH who="1" step="1"/><E3/><REACH who="1" ten="259,319,217,185" step="2"/><V31/><F31/><W39/><G30/><T27/><D1/><U64/><E64/><V49/><F49/><W99/><G28/><T115/><D67/><U102/><E102/><V77/><F77/><W16/><G117/><T84/><D103/><U38/><E38/><V10/><F10/><W119/><G39/><T32/><D9/><U40/><E40/><V63/><F63/><W18/><G61/><T2/><D60/><U76/><E76/><V97/><F97/><W83/><G99/><T6/><D32/><U69/><E69/><N who="3" m="26698" /><G75/><T58/><D100/><U109/><E109/><V108/><F108/><W25/><G119/><T54/><D41/><U127/><E127/><RYUUKYOKU ba="0,2" sc="259,-30,319,10,217,10,185,10" hai1="4,8,12,14,19,22,51,52,80,81,89,92,98" hai2="7,11,15,43,44,45,47,50,62,65,70,79,87" hai3="16,17,18,25,26,82,83,88,90,91" /><INIT seed="2,1,2,1,2,1" ten="229,329,227,195" oya="2" hai0="109,103,2,80,71,46,31,99,38,60,91,81,21" hai1="37,70,64,19,134,96,11,73,14,82,30,124,111" hai2="16,12,115,130,118,101,122,79,86,77,121,132,56" hai3="120,48,49,43,127,4,84,133,32,125,87,98,7"/><V128/><F118/><W85/><G32/><T55/><D2/><U92/><E37/><V29/><F115/><W36/><G120/><N who="2" m="46185" /><F29/><W20/><G133/><T72/><D109/><U25/><E111/><V106/><F56/><W83/><G83/><T123/><D72/><U54/><E134/><V104/><F132/><W129/><G129/><N who="2" m="49769" /><F86/><W42/><G20/><T88/><D21/><U6/><E124/><N who="3" m="47690" /><G98/><T67/><D31/><U107/><E30/><V119/><F119/><W50/><G36/><T23/><D38/><U47/><E96/><N who="2" m="61479" /><F106/><W40/><AGARI ba="1,2" hai="4,7,40,42,43,48,49,50,84,85,87" m="47690" machi="40" ten="40,12000,2" yaku="29,2,28,2,18,1,52,2" doraHai="1" who="3" fromWho="3" sc="229,-31,329,-31,227,-61,195,143" /><INIT seed="3,0,0,2,1,134" ten="198,298,166,338" oya="3" hai0="81,32,38,114,74,46,6,37,49,107,22,18,36" hai1="10,24,8,5,88,128,73,83,47,57,21,33,124" hai2="65,69,60,90,100,84,31,35,94,42,43,102,61" hai3="95,54,58,67,110,13,121,99,48,2,26,41,11"/><W118/><G121/><T53/><D32/><U14/><E33/><V51/><F61/><W112/><G112/><T59/><D114/><U34/><E34/><V127/><F127/><W129/><G118/><T0/><D107/><U77/><E128/><V29/><F29/><W19/><G129/><T130/><D130/><U97/><E10/><V45/><REACH who="2" step="1"/><F43/><REACH who="2" ten="198,298,156,338" step="2"/><W7/><G110/><T52/><D6/><U132/><E132/><V111/><F111/><W72/><G41/><T115/><D115/><U119/><E119/><V25/><AGARI ba="0,1" hai="25,31,35,42,45,51,60,65,69,84,90,94,100,102" machi="25" ten="30,2000,0" yaku="1,1,0,1,53,0" doraHai="134" doraHaiUra="133" who="2" fromWho="2" sc="198,-5,298,-5,156,30,338,-10" /><INIT seed="4,0,0,5,1,125" ten="193,293,186,328" oya="0" hai0="57,19,49,96,34,128,59,117,25,67,26,116,68" hai1="99,115,18,108,14,44,69,130,87,46,124,81,104" hai2="127,21,134,131,61,102,78,15,37,24,48,91,32" hai3="58,64,95,88,76,101,51,123,27,20,38,114,98"/><T11/><D68/><U30/><E108/><V73/><F37/><W65/><G38/><T122/><D122/><U74/><E69/><V2/><F2/><W13/><G123/><T28/><D96/><U106/><E74/><V22/><F127/><W97/><G114/><T8/><D49/><U17/><E124/><V53/><F134/><W100/><G76/><T70/><D70/><U42/><E30/><V50/><F32/><W135/><G135/><T92/><D92/><U86/><E115/><V39/><F39/><W3/><G3/><T110/><D110/><U29/><E29/><V119/><F119/><W9/><G51/><T85/><D85/><U83/><E14/><V93/><F102/><W72/><G72/><T33/><D28/><U60/><E99/><V35/><F35/><W45/><G45/><T77/><D77/><U132/><E132/><V52/><F73/><W55/><G97/><T56/><D56/><U126/><E126/><V16/><F78/><W112/><G58/><T118/><D118/><U79/><E79/><V0/><F0/><W4/><G112/><T71/><D71/><U129/><E60/><V120/><F120/><W94/><G98/><T121/><D121/><U82/><E82/><V113/><F113/><W43/><G95/><T1/><D1/><U40/><AGARI ba="0,0" hai="17,18,40,42,44,46,81,83,86,87,104,106,129,130" machi="40" ten="25,8000,1" yaku="0,1,22,2,52,2" doraHai="125" who="1" fromWho="1" sc="193,-40,293,80,186,-20,328,-20" /><INIT seed="5,0,0,5,4,57" ten="153,373,166,308" oya="1" hai0="101,28,125,32,20,67,98,92,50,27,11,18,82" hai1="81,123,13,61,113,71,49,46,78,29,4,90,26" hai2="51,15,77,33,133,41,52,7,3,108,48,120,17" hai3="97,19,116,12,114,39,58,70,23,53,96,36,115"/><U131/><E123/><V129/><F120/><W103/><G70/><T0/><D125/><U118/><E118/><V112/><F112/><N who="3" m="43051" /><G116/><T122/><D122/><U37/><E113/><V59/><F129/><W68/><G68/><T93/><D67/><U35/><E37/><N who="3" m="14410" /><G103/><T106/><D50/><AGARI ba="0,0" hai="12,19,23,50,53,58,96,97" m="14410,43051" machi="50" ten="30,1000,0" yaku="15,1" doraHai="57" who="3" fromWho="0" sc="153,-10,373,0,166,0,308,10" /><INIT seed="6,0,0,5,3,97" ten="143,373,166,318" oya="2" hai0="82,19,132,51,14,40,106,9,39,123,127,125,78" hai1="124,114,126,109,42,55,54,134,100,112,3,24,122" hai2="25,1,61,4,12,16,45,10,53,66,58,80,131" hai3="46,8,48,52,115,119,101,32,20,104,65,81,15"/><V56/><F131/><W21/><G119/><T47/><D123/><U27/><E3/><V68/><F25/><N who="1" m="9801" /><E109/><V13/><F1/><W63/><G32/><T70/><D132/><U22/><E134/><V117/><F117/><W73/><G115/><N who="1" m="44074" /><E122/><V36/><F80/><W69/><G73/><T128/><D128/><U118/><E118/><V113/><F113/><W91/><G101/><T50/><D70/><U111/><E111/><V93/><F93/><W98/><G104/><T17/><D106/><U121/><E121/><V76/><F76/><W133/><G133/><T7/><D50/><U87/><E22/><V64/><F64/><W103/><G103/><T89/><D89/><U31/><E31/><V74/><F74/><W30/><G30/><T23/><D39/><U108/><E108/><V37/><F45/><W85/><REACH who="3" step="1"/><G98/><REACH who="3" ten="143,373,166,308" step="2"/><T44/><D44/><U96/><E96/><V26/><F26/><W95/><G95/><T11/><D23/><U135/><E100/><V2/><F2/><W35/><G35/><T6/><D127/><U79/><E135/><V86/><F86/><W29/><G29/><T110/><D125/><U75/><E75/><V57/><REACH who="2" step="1"/><F53/><REACH who="2" ten="143,373,156,308" step="2"/><N who="1" m="19977" /><E42/><V33/><F33/><W5/><AGARI ba="0,2" hai="5,8,15,20,21,46,48,52,63,65,69,81,85,91" machi="5" ten="20,5200,0" yaku="1,1,0,1,7,1,54,1,53,0" doraHai="97" doraHaiUra="72" who="3" fromWho="3" sc="143,-13,373,-13,156,-26,308,72" /><INIT seed="7,0,0,0,2,114" ten="130,360,130,380" oya="3" hai0="58,24,86,77,118,28,74,94,87,107,53,130,37" hai1="64,45,1,50,132,84,79,9,14,41,97,106,116" hai2="23,108,54,4,89,121,111,43,102,125,109,69,75" hai3="83,0,122,81,7,61,59,39,47,131,96,71,40"/><W48/><G122/><T25/><D118/><U42/><E1/><V82/><F121/><W2/><G131/><T11/><D107/><U113/><E113/><V103/><F69/><W120/><G120/><T104/><D104/><U56/><E132/><V99/><F4/><W5/><G5/><T115/><D115/><U6/><E42/><V128/><F43/><W123/><G123/><T92/><D37/><U63/><E106/><V129/><F125/><W112/><G112/><T134/><D134/><U78/><E116/><V88/><F54/><N who="3" m="32199" /><G96/><T8/><D74/><U10/><E97/><V73/><F23/><W80/><G7/><T93/><D130/><N who="2" m="50282" /><F73/><W49/><G49/><N who="0" m="31023" /><D28/><U98/><E98/><V62/><F62/><W117/><G117/><T44/><D44/><U67/><E10/><N who="0" m="3625" /><D77/><U100/><E100/><N who="2" m="38443" /><F99/><W72/><G72/><T19/><D19/><U110/><E110/><N who="2" m="28163" /><V135/><DORA hai="119" /><F135/><W34/><G34/><T60/><D60/><U51/><E51/><V30/><F30/><W101/><G101/><T76/><D76/><AGARI ba="0,0" hai="75,76,82,88,89" m="28163,38443,50282" machi="76" ten="50,8000,1" yaku="19,1,34,2,54,1" doraHai="114,119" who="2" fromWho="0" sc="130,-80,360,0,130,80,380,0" owari="50,-45.0,360,16.0,210,-19.0,380,48.0" /></mjloggm>