<mjloggm ver="2.3"><GO type="169" lobby="0"/><UN n0="%2E%67%61%74%79" n1="%E6%88%BF%E5%B7%9E%73%75%6E" n2="%E4%BA%8C%E6%8A%9E%E4%BA%BA" n3="%54%4F%52" dan="17,17,16,16" rate="2155.89,2187.81,2051.61,2155.40" sx="M,M,F,M"/><TAIKYOKU oya="0"/><INIT seed="0,0,0,4,5,133" ten="250,250,250,250" oya="0" hai0="127,80,85,61,2,25,7,106,32,28,82,128,19" hai1="120,71,98,125,126,9,129,6,108,116,130,42,90" hai2="110,79,99,31,22,117,26,14,93,105,134,35,17" hai3="0,56,33,76,122,11,41,86,58,74,102,59,4"/><T84/><D106/><U65/><E116/><V63/><F134/><W52/><G33/><T87/><D128/><N who="1" m="49259" /><E120/><V132/><F132/><W95/><G122/><T100/><D100/><U62/><E42/><V75/><F110/><W121/><G121/><T13/><D127/><N who="1" m="48651" /><E108/><V15/><F105/><W12/><G41/><T118/><D118/><U77/><E77/><V64/><F117/><W104/><G104/><T50/><D50/><U30/><E30/><V109/><F109/><W67/><G67/><T131/><D131/><U89/><E98/><V97/><F99/><N who="3" m="59775" /><G0/><AGARI ba="0,0" hai="0,6,9,62,65,71,89,90" m="48651,49259" machi="0" ten="30,8000,1" yaku="19,1,18,1,52,3" doraHai="133" who="1" fromWho="3" sc="250,0,250,80,250,0,250,-80" /><INIT seed="1,0,0,5,1,26" ten="250,330,250,170" oya="1" hai0="107,97,130,120,94,11,6,33,72,84,62,12,123" hai1="98,28,132,78,3,15,101,104,80,16,31,63,46" hai2="114,81,2,50,99,51,48,105,21,88,119,61,125" hai3="68,87,118,90,20,0,116,52,5,7,117,126,73"/><U77/><E3/><V49/><F119/><W111/><G111/><T19/><D72/><U25/><E132/><V122/><F122/><N who="0" m="46634" /><D33/><U93/><E25/><V36/><F36/><W37/><G126/><T35/><D35/><U30/><E104/><V112/><F2/><W1/><G37/><T65/><D130/><U113/><E113/><N who="2" m="43627" /><F125/><W17/><G68/><N who="0" m="42039" /><D84/><U108/><E108/><V127/><F127/><W82/><G73/><T23/><D107/><U29/><N who="1" m="7168" /><DORA hai="86" /><U66/><E46/><V53/><F21/><W40/><G40/><T44/><D44/><U9/><REACH who="1" step="1"/><E80/><REACH who="1" ten="250,320,250,170" step="2"/><V38/><F105/><W57/><G0/><T69/><D94/><U8/><E8/><V135/><F135/><W42/><G1/><T70/><D97/><U85/><E85/><V67/><F81/><W45/><G45/><T74/><D74/><U32/><E32/><V27/><F27/><AGARI ba="0,1" hai="6,11,12,19,23,27,69,70" m="42039,46634" machi="27" ten="30,1000,0" yaku="13,1" doraHai="26,86" who="0" fromWho="2" sc="250,20,320,0,250,-10,170,0" /><INIT seed="2,0,0,4,3,111" ten="270,320,240,170" oya="2" hai0="20,90,117,49,86,104,108,61,22,50,119,107,39" hai1="33,129,97,105,3,63,28,5,124,72,59,7,38" hai2="99,0,123,100,98,121,18,113,78,88,15,35,8" hai3="102,26,53,82,81,55,69,17,120,9,130,84,25"/><V115/><F35/><W52/><G120/><T2/><D39/><U32/><E38/><V77/><F0/><W116/><G116/><N who="0" m="44619" /><D61/><U68/><E72/><V101/><F15/><W89/><G69/><T118/><D2/><U43/><E43/><V62/><F62/><W132/><G132/><T1/><D1/><U66/><E129/><V14/><F14/><W51/><G130/><T125/><D108/><U83/><E124/><V47/><F47/><W95/><G51/><N who="0" m="19467" /><D125/><U41/><E41/><V135/><F8/><W12/><REACH who="3" step="1"/><G102/><REACH who="3" ten="270,320,240,160" step="2"/><T74/><D118/><U65/><E68/><V76/><F135/><W23/><G23/><N who="0" m="8747" /><D74/><U36/><E33/><V131/><F131/><W45/><G45/><T4/><D4/><U94/><E7/><V103/><F18/><W48/><G48/><T85/><D90/><U112/><E5/><V21/><F21/><W114/><G114/><N who="2" m="43529" /><F88/><W42/><G42/><T73/><D73/><U106/><E32/><V30/><F30/><W93/><G93/><T133/><D133/><U16/><E28/><V128/><F128/><W6/><G6/><T10/><D10/><U96/><E16/><V109/><F109/><W71/><G71/><T56/><D56/><U44/><E59/><V31/><F31/><W34/><G34/><T126/><D126/><U46/><E46/><V54/><F54/><W75/><G75/><T67/><D67/><U110/><E44/><V70/><F70/><W80/><AGARI ba="0,1" hai="9,12,17,25,26,52,53,55,80,81,82,84,89,95" machi="80" ten="30,7900,0" yaku="1,1,0,1,8,1,54,1,53,0" doraHai="111" doraHaiUra="27" who="3" fromWho="3" sc="270,-20,320,-20,240,-39,160,89" /><INIT seed="3,0,0,0,0,53" ten="250,300,201,249" oya="3" hai0="120,114,94,104,19,58,86,111,42,16,24,13,48" hai1="90,0,108,115,134,63,82,51,81,25,43,126,37" hai2="132,67,70,113,119,125,124,36,118,97,9,83,38" hai3="95,98,77,23,112,55,6,116,54,74,44,20,11"/><W79/><G112/><T73/><D120/><U49/><E115/><V89/><F9/><W87/><G74/><T33/><D114/><U84/><E0/><V123/><F113/><W75/><G75/><T129/><D104/><U14/><E108/><V15/><F15/><W56/><G116/><N who="2" m="44585" /><F89/><W60/><G20/><T46/><D111/><U12/><E126/><N who="2" m="48747" /><F83/><W66/><G23/><T2/><D129/><U27/><E82/><V121/><F97/><W78/><G44/><T72/><D2/><U130/><E81/><V65/><F132/><W68/><G68/><T34/><D73/><U128/><E12/><V17/><F17/><W127/><G87/><T47/><D72/><U71/><E14/><V101/><F101/><W105/><G105/><T39/><D46/><U133/><E90/><V96/><F96/><W26/><G26/><T93/><D19/><U32/><E84/><V31/><F31/><W103/><REACH who="3" step="1"/><G127/><REACH who="3" ten="250,300,201,239" step="2"/><T30/><D33/><U135/><E32/><V110/><F110/><W50/><G50/><N who="1" m="18954" /><E25/><V4/><F70/><W3/><AGARI ba="0,1" hai="3,6,11,54,55,56,60,66,77,78,79,95,98,103" machi="3" ten="30,6000,0" yaku="1,1,0,1,52,1,53,0" doraHai="53" doraHaiUra="8" who="3" fromWho="3" sc="250,-20,300,-20,201,-20,239,70" /><INIT seed="3,1,0,1,1,36" ten="230,280,181,309" oya="3" hai0="98,68,121,25,89,48,29,45,7,87,85,58,51" hai1="57,78,60,69,6,53,30,61,26,125,92,106,81" hai2="23,0,95,79,54,122,75,124,55,135,19,118,4" hai3="21,66,3,100,102,132,112,11,49,34,35,47,24"/><W32/><G112/><T109/><D121/><U134/><E106/><V13/><F118/><W128/><G128/><T22/><D68/><U117/><E117/><V127/><F122/><W67/><G132/><T129/><D109/><U74/><E134/><V56/><F135/><W70/><G3/><T76/><D129/><U42/><E125/><N who="2" m="48203" /><F95/><W17/><G11/><T62/><D7/><U77/><E6/><V2/><F4/><W14/><G14/><T8/><D8/><U99/><E78/><V16/><F19/><W33/><N who="3" m="8192" /><DORA hai="31" /><W91/><G91/><T86/><D76/><U43/><E61/><N who="2" m="35991" /><F55/><W93/><G93/><N who="0" m="56623" /><D45/><U126/><E69/><V90/><F90/><W18/><G18/><T111/><D111/><U108/><E108/><V97/><F97/><W40/><REACH who="3" step="1"/><G70/><REACH who="3" ten="230,280,181,299" step="2"/><T27/><D27/><U38/><E26/><V46/><F0/><W133/><G133/><T105/><D105/><U96/><E126/><V88/><F2/><W28/><G28/><T1/><D1/><U71/><E30/><V50/><F88/><W72/><G72/><T120/><D120/><U116/><E71/><V63/><F75/><W64/><AGARI ba="1,1" hai="17,21,24,40,47,49,64,66,67,100,102" m="8192" machi="64" ten="60,18000,2" yaku="1,1,0,1,52,5,53,0" doraHai="36,31" doraHaiUra="9,107" who="3" fromWho="3" sc="230,-61,280,-61,181,-61,299,193" /><INIT seed="3,2,0,3,2,33" ten="169,219,120,492" oya="3" hai0="3,79,76,117,99,88,24,70,112,107,14,114,85" hai1="29,125,97,12,49,84,47,102,96,103,122,108,109" hai2="73,123,15,54,106,42,39,69,81,5,67,133,25" hai3="75,10,77,124,21,116,121,6,37,2,71,8,64"/><W55/><G116/><T118/><D70/><U59/><E122/><V22/><F123/><W72/><G121/><T40/><D14/><U134/><E29/><V62/><F106/><W11/><G124/><T30/><D40/><U98/><E125/><V9/><F133/><W86/><G37/><T111/><D24/><U16/><E59/><V4/><F73/><W92/><G55/><T100/><D30/><U128/><E84/><V66/><F66/><W80/><G21/><T1/><D111/><N who="1" m="42571" /><E128/><V44/><F81/><W115/><G115/><N who="0" m="44075" /><D76/><U48/><E134/><V126/><F126/><W32/><G32/><T17/><D79/><U83/><E83/><V35/><F35/><W68/><G68/><T57/><D57/><U53/><E49/><V26/><F4/><W74/><REACH who="3" step="1"/><G92/><REACH who="3" ten="169,219,120,482" step="2"/><N who="0" m="54287" /><D17/><U95/><E95/><V131/><F131/><W27/><G27/><T65/><D65/><U113/><E113/><V38/><F38/><W60/><AGARI ba="2,1" hai="2,6,8,10,11,60,64,71,72,74,75,77,80,86" machi="60" ten="40,7800,0" yaku="1,1,0,1,52,1,53,0" doraHai="33" doraHaiUra="89" who="3" fromWho="3" sc="169,-28,219,-28,120,-28,482,94" /><INIT seed="3,3,0,0,2,52" ten="141,191,92,576" oya="3" hai0="127,28,64,67,41,48,25,85,84,6,46,135,124" hai1="134,120,3,11,133,82,94,14,54,58,102,12,112" hai2="90,5,108,49,126,70,129,88,9,99,8,22,75" hai3="34,4,60,69,0,31,118,66,56,96,26,43,68"/><W13/><G118/><T125/><D6/><N who="1" m="1503" /><E120/><V42/><F70/><W130/><G130/><T40/><D40/><U128/><E112/><V51/><F129/><W80/><G0/><T2/><D2/><U93/><E82/><V20/><F75/><W89/><G43/><T101/><D101/><U116/><E128/><V15/><F108/><W78/><G89/><T53/><D135/><N who="1" m="51723" /><E116/><V106/><F126/><W62/><G96/><T91/><D41/><U132/><N who="1" m="51731" /><U103/><DORA hai="21" /><E103/><V38/><F38/><W16/><G62/><T61/><D91/><U117/><E117/><V131/><F131/><W114/><G4/><T65/><REACH who="0" step="1"/><D61/><REACH who="0" ten="131,191,92,576" step="2"/><N who="1" m="36055" /><E102/><V121/><F121/><W110/><G110/><T72/><D72/><U10/><E12/><V119/><F42/><W45/><G114/><T39/><D39/><U47/><E47/><V63/><F119/><W23/><G45/><T73/><D73/><AGARI ba="3,1" hai="13,16,23,26,31,34,56,60,66,68,69,73,78,80" machi="73" ten="30,11600,0" yaku="7,1,52,2,54,1" doraHai="52,21" who="3" fromWho="0" sc="131,-125,191,0,92,0,576,135" /><INIT seed="3,4,0,0,2,77" ten="6,191,92,711" oya="3" hai0="95,51,99,122,5,128,118,132,12,107,23,3,70" hai1="119,46,26,15,129,109,53,19,28,61,133,0,63" hai2="92,87,49,7,125,35,8,30,73,27,65,117,6" hai3="100,40,1,21,42,76,102,81,56,59,22,126,62"/><W45/><G126/><T16/><D118/><U24/><E0/><V78/><F117/><W69/><G69/><T2/><D122/><U34/><E119/><V43/><F125/><W29/><G1/><T115/><D107/><U60/><E109/><V32/><F65/><W127/><G127/><T85/><D70/><U110/><E110/><V31/><F73/><W57/><G62/><T130/><D132/><U54/><E129/><N who="0" m="49769" /><D115/><U67/><E67/><V105/><F105/><W33/><G33/><T20/><D5/><U10/><E133/><V98/><F6/><W72/><G40/><T108/><D108/><U66/><E66/><V11/><F11/><W68/><G68/><T91/><D51/><U36/><E36/><V111/><F49/><W101/><REACH who="3" step="1"/><G29/><REACH who="3" ten="6,191,92,701" step="2"/><T88/><D20/><U18/><E28/><V75/><F31/><W55/><G55/><T58/><D58/><U48/><E34/><V44/><F32/><W9/><G9/><T79/><D79/><U39/><E54/><V131/><F78/><W104/><G104/><T4/><D4/><U86/><E53/><V103/><F7/><W13/><G13/><T135/><D135/><U83/><E15/><V124/><F8/><W47/><G47/><T90/><D90/><U89/><E46/><V71/><F124/><W113/><G113/><T134/><D134/><U82/><E89/><V80/><F131/><W37/><AGARI ba="4,1" hai="21,22,37,42,45,56,57,59,72,76,81,100,101,102" machi="37" ten="30,6000,0" yaku="1,1,0,1,52,1,53,0" doraHai="77" doraHaiUra="50" who="3" fromWho="3" sc="6,-24,191,-24,92,-24,701,82" owari="-18,-51.8,167,-3.3,68,-33.2,783,88.3" /></mjloggm>