<mjloggm ver="2.3"><GO type="169" lobby="0"/><UN n0="%73%61%69%63%68%61%6E%7A" n1="%E5%85%A8%E9%80%9F%E3%82%86%E3%83%BC%E3%81%B8%E3%81%84" n2="%73%69%65%72%61%34%30%31" n3="%E3%81%8D%E3%81%84%E3%81%AA" dan="17,18,17,17" rate="2142.41,2195.22,2231.00,2172.97" sx="M,M,F,F"/><TAIKYOKU oya="0"/><INIT seed="0,0,0,1,0,24" ten="250,250,250,250" oya="0" hai0="98,14,58,130,122,57,39,53,97,102,12,128,21" hai1="60,68,17,127,73,93,1,131,75,48,28,123,74" hai2="42,20,81,109,22,15,87,119,99,85,103,10,55" hai3="133,92,66,32,89,116,107,29,37,9,129,105,134"/><T120/><D39/><U70/><E123/><V18/><F109/><W59/><G116/><T63/><D58/><U25/><E127/><V0/><F119/><W84/><G37/><T49/><D63/><U94/><E131/><N who="0" m="50217" /><D98/><U54/><E17/><V5/><F42/><W6/><G129/><T56/><D56/><U100/><E1/><V16/><F55/><W126/><G126/><T110/><D110/><U117/><E117/><V13/><REACH who="2" step="1"/><F81/><REACH who="2" ten="250,250,240,250" step="2"/><W64/><G134/><T90/><D122/><U91/><E54/><V33/><F33/><W19/><G32/><T62/><D120/><U86/><E48/><V88/><F88/><W38/><G89/><T104/><D90/><U35/><E60/><V34/><F34/><W125/><G125/><T114/><D114/><U101/><REACH who="1" step="1"/><E94/><AGARI ba="0,1" hai="0,5,10,13,15,16,18,20,22,85,87,94,99,103" machi="94" ten="30,8000,1" yaku="1,1,7,1,9,1,54,1,53,1" doraHai="24" doraHaiUra="95" who="2" fromWho="1" sc="250,0,250,-80,240,90,250,0" /><INIT seed="1,0,0,4,3,49" ten="250,170,330,250" oya="1" hai0="134,30,106,95,90,12,116,120,20,46,123,107,72" hai1="87,105,5,117,3,58,29,100,14,24,127,4,65" hai2="89,10,102,15,110,33,113,114,122,16,77,82,78" hai3="96,40,51,79,101,128,68,22,43,93,53,81,25"/><U125/><E117/><V74/><F122/><N who="0" m="46634" /><D116/><U98/><E3/><V63/><F33/><W57/><G128/><T66/><D72/><U130/><E130/><V111/><F102/><W97/><G97/><N who="0" m="57591" /><D134/><U126/><E14/><V55/><F89/><W36/><G36/><T133/><D133/><U88/><E58/><N who="2" m="35295" /><F78/><W28/><REACH who="3" step="1"/><G68/><REACH who="3" ten="250,170,330,240" step="2"/><T75/><D106/><U84/><E84/><AGARI ba="0,1" hai="22,25,28,40,43,51,53,57,79,81,84,93,96,101" machi="84" ten="30,8000,1" yaku="1,1,2,1,7,1,8,1,52,1,53,0" doraHai="49" doraHaiUra="131" who="3" fromWho="1" sc="250,0,170,-80,330,0,240,90" /><INIT seed="2,0,0,2,3,13" ten="250,90,330,330" oya="2" hai0="75,111,70,12,133,42,24,71,50,0,65,103,93" hai1="11,102,23,109,9,15,105,66,135,6,126,64,21" hai2="40,51,90,58,5,46,52,73,61,7,41,117,47" hai3="56,77,27,69,107,97,63,36,17,68,78,59,4"/><V3/><F117/><W121/><G36/><T62/><D0/><U29/><E109/><V38/><F73/><W99/><G4/><T54/><D75/><U55/><E126/><V25/><F3/><W72/><G121/><T94/><D111/><U30/><E135/><V87/><REACH who="2" step="1"/><F25/><REACH who="2" ten="250,90,320,330" step="2"/><W106/><G72/><T92/><D24/><U26/><E30/><V79/><F79/><W49/><G27/><T124/><D133/><U84/><E21/><V28/><F28/><W131/><G131/><T33/><D124/><U60/><E11/><V45/><F45/><W132/><G132/><T76/><D76/><U10/><E9/><V129/><F129/><W127/><G127/><T20/><D33/><U130/><E130/><V100/><F100/><W101/><G101/><T81/><D103/><U120/><E120/><V110/><F110/><W134/><G134/><T1/><D1/><U116/><E116/><V80/><AGARI ba="0,1" hai="5,7,38,40,41,46,47,51,52,58,61,80,87,90" machi="80" ten="20,7800,0" yaku="1,1,0,1,7,1,54,1,53,0" doraHai="13" doraHaiUra="16" who="2" fromWho="2" sc="250,-26,90,-26,320,88,330,-26" /><INIT seed="2,1,0,0,4,73" ten="224,64,408,304" oya="2" hai0="100,53,71,3,57,30,24,65,130,98,46,120,87" hai1="59,70,85,32,131,4,19,126,0,109,58,44,11" hai2="95,105,94,80,25,38,116,26,14,48,133,34,43" hai3="79,78,51,81,42,63,6,60,83,107,88,20,64"/><V102/><F116/><W40/><G107/><T52/><D120/><U16/><E70/><V129/><F38/><W110/><G110/><T28/><D130/><U17/><E109/><V8/><F129/><W13/><G83/><T55/><D3/><U128/><E32/><V86/><F133/><W69/><G69/><T89/><D71/><U10/><E126/><V31/><F26/><W22/><G22/><T54/><D65/><U84/><E44/><V92/><F105/><W36/><G36/><T56/><D46/><U7/><REACH who="1" step="1"/><E19/><REACH who="1" ten="224,54,408,304" step="2"/><V90/><F43/><W1/><G42/><T5/><D57/><U97/><E97/><V123/><F123/><W124/><G124/><T35/><D30/><U119/><E119/><V41/><F41/><W15/><G40/><T61/><D98/><U23/><E23/><V77/><F102/><W9/><G20/><T106/><D100/><U50/><E50/><V21/><F48/><W114/><G51/><T113/><D113/><U72/><E72/><V68/><F68/><W104/><G114/><T118/><D118/><U47/><E47/><V132/><F34/><W115/><G115/><T39/><D39/><U117/><E117/><V33/><F33/><W12/><G63/><T49/><D49/><U82/><E82/><V29/><F29/><W67/><G60/><T122/><D122/><U2/><AGARI ba="1,1" hai="0,2,4,7,10,11,16,17,58,59,84,85,128,131" machi="2" ten="25,8000,1" yaku="1,1,0,1,22,2,54,1,53,0" doraHai="73" doraHaiUra="27" who="1" fromWho="1" sc="224,-21,54,93,408,-41,304,-21" /><INIT seed="3,0,0,0,4,41" ten="203,147,367,283" oya="3" hai0="97,121,93,79,66,86,9,68,76,132,75,99,24" hai1="16,92,106,91,100,77,52,15,20,105,21,126,27" hai2="6,116,119,57,69,29,80,109,65,39,25,10,101" hai3="125,83,129,84,47,44,26,64,104,135,33,2,70"/><W72/><G2/><T120/><D68/><U42/><E126/><V63/><F39/><W23/><G72/><T54/><D66/><U112/><E112/><V85/><F109/><W17/><G104/><T34/><D9/><U49/><E42/><V28/><F101/><W43/><G125/><T1/><D1/><U32/><E32/><V74/><F57/><W110/><G129/><T130/><D54/><U45/><E77/><V73/><F28/><W108/><G135/><T133/><D24/><U11/><E21/><V117/><F85/><W122/><G122/><T46/><D34/><U13/><E100/><V71/><F80/><W36/><G33/><T131/><D86/><U14/><REACH who="1" step="1"/><E11/><REACH who="1" ten="203,137,367,283" step="2"/><V102/><F102/><W60/><G43/><T124/><D124/><U62/><E62/><V114/><F114/><W59/><G36/><T134/><D75/><U96/><AGARI ba="0,1" hai="13,14,15,16,20,27,45,49,52,91,92,96,105,106" machi="96" ten="30,8000,1" yaku="1,1,0,1,52,1,54,2,53,0" doraHai="41" doraHaiUra="67" who="1" fromWho="1" sc="203,-20,137,90,367,-20,283,-40" /><INIT seed="4,0,0,0,0,58" ten="183,227,347,243" oya="0" hai0="92,108,3,90,121,131,133,53,120,38,78,41,88" hai1="89,63,106,100,50,54,128,6,125,28,122,114,61" hai2="2,33,67,32,35,39,70,85,19,123,24,36,75" hai3="40,0,117,112,80,21,16,1,5,69,82,91,18"/><T42/><D3/><U59/><E122/><V87/><F75/><W31/><G117/><T96/><D131/><U74/><E74/><V116/><F2/><W26/><G112/><T47/><D133/><U72/><E72/><V99/><F123/><W86/><G69/><T49/><D108/><U76/><E76/><V115/><F115/><W30/><G40/><T119/><D119/><U34/><E114/><V135/><F135/><W46/><G46/><T71/><D78/><U48/><E6/><V43/><F99/><W62/><G62/><N who="1" m="23562" /><E106/><V94/><F67/><W13/><G5/><T57/><D71/><U7/><E7/><V37/><F70/><W10/><REACH who="3" step="1"/><G82/><REACH who="3" ten="183,227,347,233" step="2"/><T130/><D130/><U77/><E128/><V14/><F43/><W105/><G105/><T51/><D41/><U20/><E125/><V22/><F116/><W55/><G55/><T109/><D109/><U23/><E77/><V101/><F94/><W60/><G60/><T107/><D107/><U97/><E48/><V4/><F4/><W52/><G52/><T12/><D51/><U95/><E34/><V98/><F33/><W113/><G113/><T124/><D124/><U45/><E45/><V118/><F35/><W127/><G127/><T126/><D126/><U110/><E110/><V9/><F32/><W132/><G132/><T111/><D111/><U44/><E44/><V102/><F118/><W65/><G65/><T68/><D68/><U73/><E73/><V93/><F37/><W56/><G56/><T103/><D120/><U83/><E28/><AGARI ba="0,1" hai="0,1,10,13,16,18,21,26,28,30,31,80,86,91" machi="28" ten="40,5200,0" yaku="1,1,54,1,53,1" doraHai="58" doraHaiUra="11" who="3" fromWho="1" sc="183,0,227,-52,347,0,233,62" /><INIT seed="5,0,0,1,4,94" ten="183,175,347,295" oya="1" hai0="78,117,21,122,120,135,88,76,102,70,45,97,50" hai1="119,64,36,123,81,68,133,52,108,82,67,17,114" hai2="22,33,59,12,113,23,62,111,61,9,69,106,38" hai3="98,58,132,51,124,11,14,116,100,47,96,92,42"/><U87/><E119/><V89/><F33/><W90/><G124/><T5/><D117/><U2/><E123/><N who="0" m="47145" /><D70/><U40/><E2/><V77/><F38/><W86/><G116/><T63/><D135/><U13/><E133/><V7/><F106/><W55/><G100/><T95/><D63/><U110/><E114/><V4/><F77/><N who="0" m="29802" /><D21/><U104/><E104/><V118/><F22/><W54/><G132/><T115/><D5/><U66/><E68/><V85/><F23/><W57/><G57/><T75/><D75/><U112/><E87/><V129/><F62/><W48/><G42/><N who="0" m="24887" /><D102/><U73/><E73/><V15/><F61/><W105/><G105/><T125/><D125/><U10/><E112/><AGARI ba="0,0" hai="88,95,97,112,115" m="24887,29802,47145" machi="112" ten="30,3900,0" yaku="13,1,52,1,54,1" doraHai="94" who="0" fromWho="1" sc="183,39,175,-39,347,0,295,0" /><INIT seed="6,0,0,5,4,101" ten="222,136,347,295" oya="2" hai0="13,76,35,37,88,14,23,6,135,87,122,55,89" hai1="98,7,1,81,73,85,70,52,64,12,24,42,80" hai2="4,63,3,100,58,95,49,90,71,20,118,43,39" hai3="61,9,10,17,114,97,93,5,38,2,103,28,75"/><V56/><F118/><W41/><G75/><T33/><D122/><U128/><E128/><V22/><F100/><W34/><G114/><T94/><D135/><U111/><E111/><V40/><F39/><W50/><G38/><T72/><D37/><U47/><E1/><V124/><F71/><W79/><G79/><T77/><D35/><U11/><E73/><V18/><F4/><W83/><G83/><T16/><D33/><U36/><E24/><V127/><F20/><W123/><G123/><T59/><D89/><U48/><E98/><V116/><F3/><W109/><G109/><T120/><D120/><U21/><E21/><V117/><F49/><W125/><G125/><T131/><D131/><U126/><E126/><V105/><F18/><W30/><G34/><T108/><D108/><U74/><E74/><V133/><F22/><W51/><G61/><T119/><D119/><U68/><E64/><V44/><F116/><W86/><G86/><T31/><D31/><U32/><E81/><V65/><F65/><W121/><G50/><N who="0" m="31223" /><D72/><U102/><E102/><V112/><F63/><W45/><G121/><T60/><D60/><U115/><E115/><V19/><F117/><W67/><G67/><T84/><D87/><U54/><E32/><V104/><F112/><W134/><G134/><T27/><D27/><U91/><REACH who="1" step="1"/><E36/><REACH who="1" ten="222,126,347,295" step="2"/><N who="2" m="21511" /><F127/><W25/><G25/><T78/><D14/><U29/><E29/><V132/><F124/><W107/><G30/><T46/><D13/><U69/><AGARI ba="0,1" hai="7,11,12,42,47,48,52,54,68,69,70,80,85,91" machi="69" ten="30,4000,0" yaku="1,1,0,1,54,1,53,0" doraHai="101" doraHaiUra="110" who="1" fromWho="1" sc="222,-10,126,50,347,-20,295,-10" /><INIT seed="7,0,0,1,4,21" ten="212,176,327,285" oya="3" hai0="110,63,88,22,91,58,56,10,66,111,62,127,118" hai1="13,108,7,26,129,134,120,103,113,121,48,54,33" hai2="23,25,132,8,69,70,128,68,9,99,39,28,101" hai3="36,98,38,31,90,114,116,5,92,45,80,125,65"/><W20/><G116/><T73/><D118/><U74/><E74/><V87/><F39/><W49/><G125/><T34/><D34/><U105/><E108/><V109/><F109/><W102/><G114/><T19/><D127/><U32/><E113/><V93/><F128/><W52/><G5/><T97/><D73/><U79/><E79/><V17/><F132/><W47/><G65/><T124/><D124/><U107/><E134/><V42/><F42/><W46/><G36/><T117/><D117/><U29/><E129/><V11/><REACH who="2" step="1"/><F87/><REACH who="2" ten="212,176,317,285" step="2"/><W55/><G38/><T76/><D111/><U15/><E121/><V67/><F67/><W12/><G12/><AGARI ba="0,1" hai="8,9,11,12,17,23,25,28,68,69,70,93,99,101" machi="12" ten="40,5200,0" yaku="1,1,52,1,53,1" doraHai="21" doraHaiUra="24" who="2" fromWho="3" sc="212,0,176,0,317,62,285,-52" owari="212,-18.8,176,-32.4,379,47.9,233,3.3" /></mjloggm>