<mjloggm ver="2.3"><GO type="169" lobby="0"/><UN n0="%E6%98%8E%E6%98%9F%E5%B8%82%E6%B0%91" n1="%E4%BE%8D" n2="%E5%9C%A7%E5%80%92%E7%9A%84%E3%83%9D%E3%83%B3" n3="%E8%B5%A4%E7%BE%8E%E6%BF%83%E3%81%BE%E3%81%90%E3%82%8D" dan="16,17,17,17" rate="2151.01,2229.56,2198.68,2229.70" sx="M,M,M,M"/><TAIKYOKU oya="0"/><INIT seed="0,0,0,4,1,69" ten="250,250,250,250" oya="0" hai0="114,131,23,21,123,46,135,0,115,109,72,74,25" hai1="79,18,86,82,35,49,104,105,26,53,125,10,2" hai2="62,50,111,73,101,39,31,5,9,38,1,116,90" hai3="37,68,48,44,70,95,130,126,84,15,58,45,63"/><T83/><D123/><U107/><E125/><V87/><F73/><W100/><G130/><T119/><D119/><U120/><E120/><V43/><F116/><W47/><G126/><T99/><D131/><U7/><E18/><V88/><F101/><W94/><G15/><T80/><D0/><U77/><E77/><V91/><F31/><W132/><G132/><T11/><D135/><U64/><E64/><V6/><F6/><W89/><G48/><T81/><D11/><U93/><E93/><V66/><F111/><W41/><G68/><T122/><D122/><U19/><E19/><V16/><F87/><W42/><G70/><T55/><D109/><U29/><REACH who="1" step="1"/><E105/><REACH who="1" ten="250,240,250,250" step="2"/><V60/><F16/><W98/><G42/><T92/><D74/><U133/><E133/><V14/><F1/><W4/><REACH who="3" step="1"/><G4/><REACH who="3" ten="250,240,250,240" step="2"/><T124/><D124/><U59/><AGARI ba="0,2" hai="2,7,10,26,29,35,49,53,59,79,82,86,104,107" machi="59" ten="20,5200,0" yaku="1,1,0,1,7,1,53,1" doraHai="69" doraHaiUra="22" who="1" fromWho="1" sc="250,-26,240,72,250,-13,240,-13" /><INIT seed="1,0,0,5,2,55" ten="224,312,237,227" oya="1" hai0="80,38,26,4,63,58,118,82,5,66,93,15,61" hai1="124,40,52,49,29,72,62,100,65,135,9,42,13" hai2="108,76,11,60,83,110,57,17,22,101,28,45,104" hai3="33,79,16,23,106,48,116,90,87,27,88,24,133"/><U25/><E72/><V14/><F104/><W18/><G106/><T43/><D118/><U84/><E124/><V20/><F101/><W3/><G3/><T96/><D38/><U73/><E73/><V91/><F91/><W81/><G133/><T102/><D43/><U56/><E135/><V47/><F28/><W128/><G128/><T113/><D113/><U69/><E84/><V105/><F105/><W74/><G116/><T134/><D134/><U2/><E2/><V46/><F110/><W99/><G74/><T77/><D77/><U39/><E100/><V71/><F71/><W114/><G114/><T32/><D32/><U12/><E39/><V51/><F51/><W44/><G99/><T103/><D103/><U97/><E97/><V126/><F108/><W0/><G0/><T68/><D26/><U41/><REACH who="1" step="1"/><E9/><REACH who="1" ten="224,302,237,227" step="2"/><V122/><F126/><W119/><G119/><T112/><D112/><U86/><E86/><N who="2" m="48487" /><F122/><W89/><G33/><AGARI ba="0,1" hai="12,13,25,29,33,40,41,42,49,52,56,62,65,69" machi="33" ten="40,7700,0" yaku="1,1,52,1,54,1,53,0" doraHai="55" doraHaiUra="109" who="1" fromWho="3" sc="224,0,302,87,237,0,227,-77" /><INIT seed="1,1,0,3,1,19" ten="224,389,237,150" oya="1" hai0="55,46,13,67,70,40,0,104,23,132,77,65,100" hai1="130,111,49,128,20,14,72,44,31,38,26,89,57" hai2="107,121,53,90,60,133,125,59,79,34,82,16,131" hai3="117,35,37,21,7,113,112,76,87,43,62,8,102"/><U122/><E122/><V83/><F121/><W4/><G117/><T2/><D132/><U124/><E72/><V66/><F107/><W88/><G35/><T24/><D77/><U106/><E106/><V11/><F34/><W9/><G76/><T73/><D73/><U36/><E124/><V29/><F29/><W32/><G32/><T56/><D13/><U127/><E127/><V74/><F125/><W93/><G21/><T91/><D91/><U80/><E14/><V86/><F133/><W63/><G102/><T47/><D70/><U114/><E114/><V94/><F131/><N who="1" m="50217" /><E57/><V103/><F103/><W95/><G43/><T5/><D100/><U101/><E101/><V48/><F11/><W119/><G37/><T27/><D40/><N who="1" m="24711" /><E111/><V25/><F74/><W68/><G68/><T105/><D56/><U33/><E33/><V99/><F83/><W134/><G134/><T110/><D110/><U12/><E12/><V69/><F69/><W96/><G119/><T6/><D55/><U97/><E80/><V50/><F66/><W42/><G42/><T52/><D52/><U115/><E115/><V71/><F71/><W120/><G120/><T123/><D123/><U135/><E135/><V92/><F94/><AGARI ba="1,0" hai="20,26,31,36,38,89,94,97" m="24711,50217" machi="94" ten="30,2900,0" yaku="19,1,52,1" doraHai="19" who="1" fromWho="2" sc="224,0,389,32,237,-32,150,0" /><INIT seed="1,2,0,1,5,65" ten="224,421,205,150" oya="1" hai0="97,57,109,6,94,0,68,92,132,114,37,24,42" hai1="131,38,21,46,134,43,36,33,128,50,96,26,85" hai2="83,86,112,105,87,59,115,66,113,75,39,64,1" hai3="119,103,29,93,7,101,74,9,63,17,104,130,121"/><U49/><E33/><V10/><F105/><W5/><G119/><T116/><D114/><U58/><E134/><V35/><F35/><W78/><G121/><T120/><D116/><U90/><E96/><V44/><F75/><W60/><G104/><T62/><D132/><U13/><E13/><V3/><F87/><W129/><G29/><T54/><D109/><U107/><E107/><V133/><F133/><W89/><G17/><T111/><D0/><U69/><E69/><V102/><F102/><W48/><G48/><T45/><D6/><U108/><E50/><V32/><F32/><W18/><G18/><T27/><D111/><U30/><E108/><V81/><F81/><W67/><G78/><T84/><D84/><U126/><E126/><V117/><F117/><W22/><G22/><T123/><D94/><N who="1" m="54607" /><E58/><V14/><F59/><W80/><G80/><T70/><D24/><U76/><E76/><V2/><F44/><W106/><G74/><T127/><D27/><U34/><E34/><V72/><F39/><W31/><G106/><T55/><D127/><U23/><E23/><V73/><F73/><W82/><G82/><T122/><D54/><U52/><E43/><V88/><REACH who="2" step="1"/><F72/><REACH who="2" ten="224,421,195,150" step="2"/><W61/><G103/><AGARI ba="2,1" hai="37,42,45,55,57,62,68,70,92,97,103,120,122,123" machi="103" ten="40,5200,0" yaku="13,1,52,2" doraHai="65" who="0" fromWho="3" sc="224,68,421,0,195,0,150,-58" /><INIT seed="2,0,0,2,1,11" ten="292,421,195,92" oya="2" hai0="105,115,15,65,68,123,18,17,132,7,12,88,55" hai1="124,38,121,43,110,104,130,31,82,57,36,4,98" hai2="86,53,24,128,81,108,93,13,63,85,76,21,33" hai3="1,101,9,114,14,64,47,99,37,77,133,20,125"/><V51/><F128/><W62/><G114/><T26/><D115/><U83/><E31/><V73/><F33/><W58/><G125/><T66/><D105/><U117/><E117/><V22/><F108/><W5/><G133/><T16/><D68/><U107/><E4/><V134/><F134/><W27/><G77/><T97/><D7/><U92/><E124/><V40/><F40/><W70/><G37/><T89/><D132/><U29/><E29/><V49/><F49/><W106/><G47/><T39/><D39/><U10/><E10/><V41/><F41/><W0/><REACH who="3" step="1"/><G70/><REACH who="3" ten="292,421,195,82" step="2"/><T2/><D123/><U120/><E38/><V119/><F119/><W71/><G71/><T56/><D26/><U78/><E78/><V113/><F113/><W54/><G54/><T44/><D44/><U50/><E36/><V75/><F24/><W131/><G131/><T72/><D72/><U90/><E43/><V129/><F129/><W95/><G95/><N who="0" m="56551" /><D89/><U61/><E130/><V74/><F93/><W94/><G94/><T111/><D111/><U19/><E110/><V84/><F76/><W127/><G127/><T116/><D116/><U103/><E107/><V118/><F118/><W79/><G79/><T45/><D45/><U3/><E104/><V109/><F109/><W69/><G69/><T42/><D42/><U28/><E121/><V52/><F81/><W32/><G32/><T6/><D66/><N who="1" m="39215" /><E90/><V122/><F122/><W80/><G80/><T59/><D65/><U112/><E83/><V46/><F75/><W96/><G96/><T102/><D55/><U23/><E120/><RYUUKYOKU ba="0,1" sc="292,-10,421,-10,195,-10,82,30" hai3="0,1,5,9,14,20,27,58,62,64,99,101,106" /><INIT seed="3,1,1,3,5,102" ten="282,411,185,112" oya="3" hai0="130,92,120,59,101,1,122,86,43,112,100,113,114" hai1="15,58,57,89,72,34,41,107,14,116,77,56,109" hai2="87,62,124,52,6,42,37,29,110,22,4,18,93" hai3="64,50,132,46,36,48,40,119,11,17,127,79,30"/><W19/><G119/><T99/><D1/><U67/><E34/><V65/><F29/><W78/><G127/><T63/><D43/><U108/><E107/><V28/><F28/><W131/><G131/><T27/><D130/><U96/><E116/><V123/><F124/><W0/><G132/><T135/><D135/><U26/><E67/><V73/><F73/><W90/><G30/><T98/><D27/><U68/><E68/><V133/><F123/><N who="0" m="47146" /><D59/><U9/><E41/><V60/><F133/><W81/><G64/><T95/><D63/><U24/><E77/><V5/><F110/><N who="1" m="42601" /><E72/><V97/><F87/><AGARI ba="1,1" hai="86,87,92,95,98,99,100,101,112,113,114" m="47146" machi="87" ten="40,5200,0" yaku="11,1,34,2" doraHai="102" who="0" fromWho="2" sc="282,65,411,0,185,-55,112,0" /><INIT seed="4,0,0,2,3,19" ten="347,411,130,112" oya="0" hai0="75,100,18,99,27,77,55,20,45,29,70,118,71" hai1="105,79,97,33,4,125,43,62,127,111,87,91,14" hai2="37,64,40,93,83,26,52,44,120,16,124,72,131" hai3="63,12,21,89,126,7,80,0,54,30,67,130,35"/><T65/><D118/><U110/><E33/><V6/><F120/><W11/><G126/><N who="1" m="48138" /><E43/><V134/><F124/><W122/><G122/><T95/><D77/><U57/><E79/><V81/><F131/><W66/><G130/><T3/><D75/><U15/><E97/><V59/><F134/><W85/><G54/><T108/><D3/><U94/><E105/><V58/><F6/><W121/><G121/><T103/><D108/><N who="1" m="41515" /><E4/><V116/><F116/><W1/><G67/><AGARI ba="0,0" hai="14,15,57,62,67,87,91,94" m="41515,48138" machi="67" ten="30,1000,0" yaku="18,1" doraHai="19" who="1" fromWho="3" sc="347,0,411,10,130,0,112,-10" /><INIT seed="5,0,0,1,4,91" ten="347,421,130,102" oya="1" hai0="92,13,83,43,107,27,122,8,123,58,121,101,3" hai1="127,86,106,111,14,18,67,69,61,7,11,34,131" hai2="78,132,31,95,0,17,124,62,97,37,114,74,56" hai3="22,70,57,100,108,52,116,44,79,87,66,96,135"/><U105/><E131/><V77/><F37/><W98/><G108/><T54/><D3/><U115/><E115/><V26/><F0/><W9/><G135/><T109/><D109/><U68/><E111/><V133/><F124/><W126/><G126/><T110/><D110/><U64/><E127/><V73/><F114/><W36/><G116/><T65/><D43/><U49/><E34/><V85/><F17/><W41/><G22/><T30/><D65/><U38/><E38/><V120/><F120/><W55/><G96/><N who="0" m="59527" /><D83/><U35/><E35/><V118/><F118/><W25/><G25/><T20/><D107/><U130/><E130/><V23/><F85/><W4/><G70/><T75/><D75/><U29/><E29/><V81/><F78/><W119/><G119/><T103/><D103/><U113/><E113/><V2/><F2/><W33/><G33/><T88/><D88/><U80/><E7/><V32/><F74/><W125/><G125/><T47/><D47/><U71/><E71/><V117/><F117/><W63/><G87/><T45/><D45/><U72/><E72/><V104/><F104/><W129/><G79/><T89/><D89/><U48/><E106/><V82/><F82/><W19/><G129/><T10/><D13/><U46/><E105/><V6/><F32/><W93/><REACH who="3" step="1"/><G19/><REACH who="3" ten="347,421,130,92" step="2"/><T59/><D59/><U28/><E68/><V128/><F128/><W12/><AGARI ba="0,1" hai="4,9,12,36,41,44,52,55,57,63,66,93,98,100" machi="12" ten="20,12000,2" yaku="1,1,2,1,0,1,7,1,52,1,54,1,53,0" doraHai="91" doraHaiUra="134" who="3" fromWho="3" sc="347,-30,421,-60,130,-30,92,130" /><INIT seed="6,0,0,1,4,120" ten="317,361,100,222" oya="2" hai0="117,63,48,6,128,12,16,73,31,106,97,28,35" hai1="109,58,3,4,47,100,87,101,10,15,99,2,74" hai2="107,46,1,131,89,64,41,54,113,67,65,5,105" hai3="0,78,21,39,61,30,43,93,76,85,70,116,34"/><V32/><F32/><W96/><G0/><T103/><D73/><U77/><E109/><V81/><F131/><W108/><G108/><T125/><D125/><U14/><E74/><V42/><F113/><W82/><G116/><T38/><D38/><U129/><E58/><V83/><F54/><W123/><G123/><T111/><D111/><U7/><E129/><V8/><F42/><W62/><G34/><T27/><D31/><U134/><E134/><V45/><F45/><W122/><G122/><T24/><D24/><U110/><E110/><V115/><F115/><W98/><G78/><T124/><D124/><U44/><E87/><V119/><F119/><W71/><G98/><T132/><D132/><U69/><E77/><V19/><F19/><W66/><G43/><T22/><D128/><U135/><E135/><V57/><F57/><W56/><G61/><T94/><D48/><U26/><E26/><V86/><REACH who="2" step="1"/><F81/><REACH who="2" ten="317,361,90,222" step="2"/><W17/><G17/><T84/><D117/><U9/><E69/><V55/><F55/><W25/><REACH who="3" step="1"/><G39/><AGARI ba="0,1" hai="1,5,8,39,41,46,64,65,67,83,86,89,105,107" machi="39" ten="40,2000,0" yaku="1,1,53,0" doraHai="120" doraHaiUra="126" who="2" fromWho="3" sc="317,0,361,0,90,30,222,-20" /><INIT seed="6,1,0,5,1,94" ten="317,361,120,202" oya="2" hai0="42,105,99,15,8,54,34,59,67,7,40,129,133" hai1="30,52,60,70,126,24,61,75,12,120,20,117,26" hai2="112,16,62,39,21,96,19,87,51,135,0,81,57" hai3="47,128,110,3,35,53,85,95,106,123,131,10,69"/><V130/><F39/><W33/><G123/><T55/><D34/><U36/><E117/><V82/><F0/><W25/><G69/><T86/><D133/><U108/><E108/><V56/><F135/><W58/><G106/><T93/><D105/><U4/><E75/><V65/><F130/><N who="3" m="49707" /><G110/><T43/><D86/><U92/><E36/><V91/><F112/><W78/><G47/><T44/><D44/><U132/><E132/><V124/><F124/><W134/><G134/><T49/><D129/><U107/><E107/><V118/><F118/><W73/><G73/><T89/><D55/><U64/><E120/><V127/><F127/><W46/><G46/><T102/><D67/><U22/><E126/><V68/><F19/><W45/><G45/><T72/><D72/><U48/><E92/><V14/><F51/><W101/><G25/><T9/><D9/><N who="1" m="4135" /><E64/><V28/><F28/><W27/><G27/><T76/><D76/><U125/><E70/><V32/><F32/><W116/><G116/><T80/><D80/><U38/><E38/><V13/><F13/><W31/><G31/><T122/><D122/><U29/><E125/><V41/><F41/><W66/><G66/><T74/><D74/><U23/><E23/><V97/><REACH who="2" step="1"/><F81/><REACH who="2" ten="317,361,110,202" step="2"/><N who="3" m="47287" /><G3/><T1/><D1/><U50/><E50/><V111/><F111/><W6/><G35/><T103/><AGARI ba="1,1" hai="7,8,15,40,42,43,49,54,59,89,93,99,102,103" machi="103" ten="30,4000,0" yaku="0,1,8,1,52,1" doraHai="94" who="0" fromWho="0" sc="317,53,361,-11,110,-21,202,-11" /><INIT seed="7,0,0,0,5,62" ten="370,350,89,191" oya="3" hai0="113,0,96,110,56,86,124,91,15,31,84,135,12" hai1="13,11,33,70,59,14,126,112,100,67,41,82,40" hai2="77,123,74,57,132,83,36,71,127,128,42,3,122" hai3="118,64,131,58,129,130,8,23,35,21,98,10,105"/><W6/><G118/><T73/><D110/><U102/><E33/><V133/><F3/><W51/><G35/><T109/><D0/><U134/><E70/><V69/><F57/><W92/><G105/><T37/><D37/><U88/><E112/><V29/><F29/><W34/><G34/><T121/><D109/><U17/><E126/><V55/><F55/><W120/><G120/><N who="2" m="46121" /><F127/><W107/><G107/><T53/><D135/><N who="2" m="51786" /><F42/><N who="1" m="16489" /><E134/><V108/><F108/><W97/><G97/><T93/><D73/><U28/><E28/><V1/><F1/><W75/><G75/><T66/><D113/><U49/><E13/><N who="0" m="5193" /><D31/><U68/><E68/><N who="2" m="26187" /><F128/><W125/><G125/><T38/><D38/><U5/><E5/><V48/><F48/><W106/><G51/><T99/><D124/><U94/><E82/><V50/><F50/><W27/><G6/><T85/><D99/><N who="1" m="57799" /><E49/><V46/><F46/><W89/><G58/><T65/><D121/><U115/><E115/><V43/><F43/><W45/><G45/><T25/><D25/><U7/><E7/><V79/><F77/><W9/><G106/><T80/><D80/><U22/><E11/><V90/><F90/><W54/><G54/><T44/><D44/><U39/><E39/><V60/><F60/><AGARI ba="0,0" hai="53,56,60,65,66,84,85,86,91,93,96" m="5193" machi="60" ten="30,3900,0" yaku="8,1,52,2" doraHai="62" who="0" fromWho="2" sc="370,39,350,0,89,-39,191,0" /><AGARI ba="0,0" hai="14,17,22,59,60,67,100,102" m="57799,16489" machi="60" ten="30,3900,0" yaku="8,1,52,1,54,1" doraHai="62" who="1" fromWho="2" sc="409,0,350,39,50,-39,191,0" owari="409,50.9,389,18.9,11,-48.9,191,-20.9" /></mjloggm>