<mjloggm ver="2.3"><GO type="169" lobby="0"/><UN n0="%E6%8E%A2%39" n1="%E3%81%BF%E3%81%AE%E3%81%AF%E3%81%98" n2="%E3%83%8D%E3%82%AA%E3%81%8D%E3%82%85%E3%81%86%E3%82%8A" n3="%E3%81%86%E3%81%83%E3%82%93%E3%81%A7%E3%81%83" dan="17,16,16,18" rate="2187.62,2074.56,2185.66,2216.74" sx="M,M,M,M"/><TAIKYOKU oya="0"/><INIT seed="0,0,0,4,4,56" ten="250,250,250,250" oya="0" hai0="26,129,42,11,4,119,94,37,93,54,29,50,20" hai1="118,117,62,77,33,10,22,53,27,103,1,46,57" hai2="91,102,122,65,64,40,8,87,17,71,130,0,25" hai3="18,88,21,104,30,123,134,49,9,81,3,72,63"/><T7/><D119/><U101/><E33/><V92/><F122/><W127/><G104/><T75/><D129/><U106/><E77/><V96/><F130/><W39/><G39/><T121/><D121/><U83/><E83/><V86/><F40/><W6/><G127/><T126/><D75/><U115/><E115/><V66/><F0/><W47/><G134/><T61/><D126/><U73/><E73/><V110/><F110/><W108/><G108/><T85/><D37/><U19/><E1/><V100/><F71/><W2/><G123/><T74/><D74/><U128/><E10/><V41/><F41/><W90/><G30/><T43/><D43/><U109/><E109/><V132/><F132/><W48/><G3/><T111/><D111/><U15/><E46/><V16/><F25/><W114/><G114/><T70/><D42/><U95/><E106/><V36/><F36/><W89/><G63/><T125/><D125/><U78/><E78/><V120/><F120/><W34/><G34/><T69/><D69/><U32/><E128/><V98/><F8/><W52/><G49/><T24/><D24/><U131/><E131/><V51/><F51/><W116/><G116/><T23/><D23/><U112/><E112/><V38/><F38/><W13/><REACH who="3" step="1"/><G72/><REACH who="3" ten="250,250,250,240" step="2"/><T35/><D35/><U44/><E32/><V82/><REACH who="2" step="1"/><F87/><AGARI ba="0,1" hai="2,6,9,13,18,21,47,48,52,81,87,88,89,90" machi="87" ten="40,8000,1" yaku="1,1,2,1,54,2,53,1" doraHai="56" doraHaiUra="45" who="3" fromWho="2" sc="250,0,250,0,250,-80,240,90" /><INIT seed="1,0,0,2,0,26" ten="250,250,170,330" oya="1" hai0="97,37,126,72,55,101,4,129,7,61,38,17,15" hai1="14,18,2,6,116,65,122,28,5,90,44,96,93" hai2="12,8,21,113,115,0,45,33,62,32,51,109,99" hai3="75,47,19,80,83,74,81,114,31,110,64,100,39"/><U131/><E122/><V128/><F128/><W20/><G114/><N who="2" m="43529" /><F109/><W49/><G110/><T106/><D129/><U1/><E116/><V86/><F99/><W95/><G39/><T134/><D72/><U22/><E131/><V34/><F86/><W127/><G127/><T125/><D134/><U56/><E44/><V3/><F62/><W121/><G121/><T42/><D55/><U78/><E78/><V54/><F21/><W84/><G64/><T73/><D61/><U103/><E1/><V79/><F79/><W10/><G10/><N who="0" m="6391" /><D73/><U25/><E2/><V102/><F102/><W108/><G108/><T16/><D16/><AGARI ba="0,0" hai="0,3,8,12,16,32,33,34,45,51,54" m="43529" machi="16" ten="40,2600,0" yaku="11,1,54,1" doraHai="26" who="2" fromWho="0" sc="250,-26,250,0,170,26,330,0" /><INIT seed="2,0,0,1,5,100" ten="224,250,196,330" oya="2" hai0="106,65,4,81,70,88,74,32,54,44,73,134,26" hai1="64,93,67,105,22,89,97,118,82,20,46,77,58" hai2="103,48,31,95,1,84,35,75,109,124,29,16,68" hai3="33,132,27,28,72,37,18,122,43,79,12,53,127"/><V102/><F68/><W87/><G122/><T49/><D134/><U90/><E118/><V56/><F75/><W45/><G127/><T120/><D120/><U116/><E116/><V135/><F1/><W17/><G132/><T99/><D4/><U42/><E90/><N who="2" m="53703" /><F35/><W50/><G72/><T24/><D24/><U76/><E76/><V86/><F124/><W13/><G79/><T51/><D51/><U19/><E58/><V9/><F135/><W98/><G87/><T11/><D11/><U131/><E105/><V60/><F48/><W55/><G98/><T59/><D59/><U57/><E22/><V104/><F104/><W108/><G108/><T40/><D40/><U110/><E57/><V8/><F86/><W80/><G80/><T117/><D117/><U47/><E47/><V83/><F83/><W38/><G38/><T91/><D74/><U128/><E110/><V119/><F8/><W21/><G37/><T69/><D81/><U107/><E107/><V66/><F109/><W2/><G2/><T115/><D70/><U123/><E123/><V15/><F119/><W114/><G114/><T78/><D115/><U62/><E62/><V112/><F112/><W25/><G12/><T41/><D78/><U23/><E23/><AGARI ba="0,0" hai="13,17,18,21,23,25,27,28,33,43,45,50,53,55" machi="23" ten="30,1000,0" yaku="7,1" doraHai="100" who="3" fromWho="1" sc="224,0,250,-10,196,0,330,10" /><INIT seed="3,0,0,0,2,49" ten="224,240,196,340" oya="3" hai0="19,84,52,124,51,33,98,76,32,58,77,28,70" hai1="62,71,21,90,13,66,12,80,116,89,46,8,14" hai2="40,115,44,117,128,123,130,22,64,50,56,92,133" hai3="122,120,31,3,63,57,108,59,86,4,45,36,110"/><W39/><G31/><T24/><D124/><U55/><E116/><V10/><F117/><W34/><G34/><T83/><D70/><U47/><E21/><V125/><F10/><W126/><G86/><T73/><D33/><U100/><E100/><V121/><F22/><W69/><G4/><T9/><D98/><U54/><E8/><V93/><F92/><W78/><G78/><T20/><D9/><U114/><E114/><V95/><F95/><W119/><G3/><T37/><D37/><N who="3" m="14409" /><G119/><T7/><D7/><U111/><E111/><N who="3" m="42538" /><G126/><T101/><D101/><U102/><E102/><V25/><F93/><W103/><G103/><T75/><REACH who="0" step="1"/><D77/><REACH who="0" ten="214,240,196,340" step="2"/><U60/><E80/><V6/><F6/><W15/><G69/><T134/><D134/><U16/><E71/><V18/><F125/><W105/><G105/><T113/><D113/><U79/><E79/><V131/><F133/><W30/><G122/><T106/><D106/><U88/><E66/><V107/><F107/><W82/><G120/><T129/><D129/><U2/><E2/><V0/><F0/><W65/><G65/><T127/><D127/><U96/><E96/><V61/><F115/><W87/><G30/><T74/><D74/><U112/><E112/><V109/><F109/><W41/><G87/><T42/><D42/><U67/><E67/><V29/><F29/><W135/><G41/><T72/><D72/><U17/><E17/><V91/><F91/><W11/><G135/><T5/><D5/><U118/><E16/><V68/><F68/><W27/><G11/><T85/><D85/><U26/><E118/><RYUUKYOKU ba="0,1" sc="214,15,240,-15,196,15,340,-15" hai0="19,20,24,28,32,51,52,58,73,75,76,83,84" hai2="18,25,40,44,50,56,61,64,121,123,128,130,131" /><INIT seed="4,1,1,3,2,28" ten="229,225,211,325" oya="0" hai0="102,52,16,14,98,9,51,27,123,124,113,91,11" hai1="30,97,24,13,85,18,125,0,46,111,133,39,108" hai2="83,65,67,129,93,126,37,81,101,23,42,59,3" hai3="2,64,110,131,78,36,15,44,77,60,22,48,119"/><T116/><D116/><U134/><E39/><V35/><F3/><W106/><G2/><T103/><D123/><U95/><E0/><V128/><F126/><W17/><G119/><T25/><D113/><U87/><E46/><N who="2" m="23887" /><F35/><W90/><G106/><T132/><D132/><N who="1" m="50795" /><E125/><V12/><F101/><N who="0" m="38410" /><D124/><U74/><E74/><V112/><F93/><W63/><G110/><N who="1" m="42026" /><E97/><V130/><F112/><W76/><G36/><T88/><D9/><N who="1" m="6447" /><E95/><V73/><F73/><W104/><G104/><T86/><D98/><U94/><E94/><V21/><F59/><W4/><G131/><T26/><D86/><U55/><E55/><V69/><F69/><W71/><G4/><T6/><D6/><U8/><E8/><V41/><F41/><W89/><G71/><T118/><D118/><U105/><E105/><V80/><F12/><W45/><G45/><AGARI ba="1,1" hai="11,14,16,25,26,27,45,51,52,88,91" m="38410" machi="45" ten="30,11600,0" yaku="8,1,54,3" doraHai="28" who="0" fromWho="3" sc="229,129,225,0,211,0,325,-119" /><INIT seed="4,2,0,2,1,98" ten="358,225,211,206" oya="0" hai0="123,94,106,86,43,57,107,25,132,66,3,76,51" hai1="23,61,52,58,4,131,15,124,95,114,27,56,111" hai2="121,24,33,55,26,18,109,103,2,68,102,48,96" hai3="16,36,101,59,87,1,83,92,20,97,30,75,110"/><T35/><D123/><U122/><E111/><V115/><F121/><W34/><G110/><T14/><D3/><U38/><E38/><V81/><F109/><W7/><G36/><T21/><D132/><U78/><E122/><V84/><F68/><W0/><G75/><T50/><D35/><U67/><E124/><V82/><F2/><W118/><G118/><T46/><D14/><U88/><E131/><V126/><F126/><W12/><G7/><T117/><D117/><U125/><E125/><V113/><F96/><W37/><G37/><T39/><D39/><U64/><E78/><V45/><F82/><W47/><G47/><T127/><D127/><U85/><E114/><N who="2" m="43531" /><F18/><W11/><G34/><T120/><D120/><U133/><E133/><V108/><F108/><W29/><G59/><T40/><D66/><U80/><E80/><V74/><F74/><W134/><G134/><T32/><D32/><U60/><E4/><V93/><F93/><W8/><G0/><T70/><D70/><U44/><E44/><V77/><F24/><W90/><G1/><T28/><D43/><U116/><E15/><V73/><F73/><W9/><AGARI ba="2,0" hai="8,9,11,12,16,20,29,30,83,87,90,92,97,101" machi="9" ten="30,7900,0" yaku="0,1,8,1,52,1,54,1" doraHai="98" who="3" fromWho="3" sc="358,-41,225,-22,211,-22,206,85" /><INIT seed="5,0,0,2,5,4" ten="317,203,189,291" oya="1" hai0="83,102,71,104,78,80,6,115,125,63,14,10,59" hai1="16,53,46,21,66,106,130,105,2,86,126,67,127" hai2="65,27,121,98,81,87,123,45,90,120,50,31,75" hai3="42,119,109,8,91,134,60,47,13,79,113,22,30"/><U34/><E34/><V20/><F75/><W48/><G109/><T58/><D115/><U70/><E2/><V112/><F112/><W122/><G122/><T129/><D129/><U54/><E130/><V94/><F65/><N who="1" m="24585" /><E70/><V37/><F37/><W12/><G113/><T5/><D71/><U110/><E86/><V132/><F132/><W39/><G134/><T3/><D125/><N who="1" m="47627" /><E110/><V108/><F108/><W82/><G119/><T29/><D29/><U89/><E89/><V88/><REACH who="2" step="1"/><F120/><REACH who="2" ten="317,203,179,291" step="2"/><W76/><G39/><T51/><D3/><U93/><E93/><V35/><F35/><W25/><G82/><T124/><D83/><U73/><E73/><V11/><F11/><W55/><G8/><T17/><D124/><U7/><E7/><V9/><F9/><W68/><G68/><T103/><D5/><U15/><E46/><V74/><F74/><W107/><G47/><T52/><D6/><U41/><E41/><AGARI ba="0,1" hai="20,27,31,41,45,50,81,87,88,90,94,98,121,123" machi="41" ten="30,7700,0" yaku="1,1,7,1,54,1,53,1" doraHai="4" doraHaiUra="36" who="2" fromWho="1" sc="317,0,203,-77,179,87,291,0" /><INIT seed="6,0,0,2,4,7" ten="317,126,266,291" oya="2" hai0="72,124,55,90,83,96,95,123,63,68,17,110,79" hai1="14,52,13,131,125,127,73,128,115,87,0,129,130" hai2="67,44,21,8,12,120,36,85,24,64,98,2,99" hai3="69,35,3,135,59,38,102,86,49,119,9,118,6"/><V62/><F120/><W76/><G69/><T101/><D110/><U106/><N who="1" m="32768" /><DORA hai="103" /><U10/><E73/><V66/><F2/><W82/><G38/><T30/><D124/><N who="1" m="47691" /><E115/><V70/><F70/><W94/><G35/><T43/><D43/><U20/><E87/><V114/><F114/><W46/><G59/><T26/><D17/><N who="1" m="10287" /><E106/><V16/><F62/><W42/><G119/><T80/><D123/><U121/><E121/><V23/><F36/><W91/><G118/><T92/><D83/><U77/><E77/><V112/><F112/><W84/><G102/><T50/><D95/><U48/><E0/><V47/><F85/><W134/><AGARI ba="0,0" hai="3,6,9,42,46,49,76,82,84,86,91,94,134,135" machi="134" ten="30,2000,0" yaku="0,1,52,1" doraHai="7,103" who="3" fromWho="3" sc="317,-5,126,-5,266,-10,291,20" /><INIT seed="7,0,0,4,1,117" ten="312,121,256,311" oya="3" hai0="59,52,70,25,64,78,55,2,101,10,97,57,89" hai1="32,53,12,45,120,5,13,58,73,110,133,61,71" hai2="102,112,74,36,4,79,15,8,126,68,83,39,105" hai3="56,28,82,128,11,42,69,100,86,41,116,85,66"/><W48/><G116/><T19/><D70/><U123/><E110/><V44/><F112/><W92/><G69/><T93/><D78/><U62/><E73/><V9/><F126/><W30/><G128/><T98/><D2/><U96/><E32/><V17/><F68/><W7/><G100/><T24/><D64/><N who="1" m="41359" /><E96/><V132/><F132/><W91/><G66/><T37/><D37/><U103/><E5/><V99/><REACH who="2" step="1"/><F44/><REACH who="2" ten="312,121,246,311" step="2"/><N who="3" m="25615" /><G56/><T135/><D135/><U23/><E133/><V130/><F130/><W14/><G42/><T33/><D59/><U46/><E103/><V47/><F47/><N who="1" m="17929" /><E13/><AGARI ba="0,1" hai="4,8,9,13,15,17,36,39,74,79,83,99,102,105" machi="13" ten="30,2000,0" yaku="1,1,7,1,53,0" doraHai="117" doraHaiUra="87" who="2" fromWho="1" sc="312,0,121,-20,246,30,311,0" owari="312,41.2,101,-39.9,276,-12.4,311,11.1" /></mjloggm>