<mjloggm ver="2.3"><GO type="169" lobby="0"/><UN n0="%E9%A2%A8%E3%81%A7%E9%B3%B4%E3%81%8F" n1="%41%63%75%6E%61%4A%72" n2="%E3%80%90%E3%83%80%E3%83%B3%E3%83%87%E3%82%A3%E3%80%91" n3="%E8%B1%8A%E8%87%A3%E8%BB%8D%E9%99%B8" dan="16,17,16,16" rate="2199.74,2255.54,2162.38,2091.09" sx="M,M,M,M"/><TAIKYOKU oya="0"/><INIT seed="0,0,0,0,5,92" ten="250,250,250,250" oya="0" hai0="89,48,78,75,20,18,98,69,71,115,122,103,114" hai1="25,27,132,104,109,58,5,41,33,116,6,50,91" hai2="8,123,22,35,99,67,110,97,7,56,93,117,61" hai3="23,62,121,1,70,131,119,57,3,29,54,44,87"/><T45/><D89/><U19/><E116/><V26/><F123/><W43/><G119/><T128/><D122/><U30/><E109/><V108/><F117/><W4/><G121/><T65/><D128/><U21/><E132/><V24/><F35/><W80/><G70/><T84/><D75/><U107/><E91/><V32/><F32/><W105/><G105/><T111/><D111/><N who="2" m="42538" /><F93/><W38/><G4/><T79/><D71/><U2/><E6/><V106/><F106/><W0/><G131/><T129/><D129/><U112/><E112/><V73/><F73/><W113/><G113/><T81/><D65/><U124/><E124/><V10/><F24/><W133/><G133/><T88/><D69/><U66/><E66/><V17/><F10/><W52/><G23/><T95/><D115/><U135/><E135/><V53/><F53/><W120/><G120/><T130/><D114/><U72/><E72/><V134/><F134/><W37/><G29/><T59/><D59/><U63/><E27/><V55/><F55/><W82/><G38/><T83/><D83/><U101/><E104/><V12/><AGARI ba="0,0" hai="7,8,12,17,22,26,56,61,67,97,99" m="42538" machi="12" ten="30,4000,0" yaku="14,1,52,2" doraHai="92" who="2" fromWho="2" sc="250,-20,250,-10,250,40,250,-10" /><INIT seed="1,0,0,2,1,4" ten="230,240,290,240" oya="1" hai0="13,127,14,87,115,30,56,116,51,118,76,8,78" hai1="55,22,82,132,57,126,92,1,54,24,0,34,31" hai2="41,77,42,9,5,47,95,91,39,20,94,59,105" hai3="120,125,67,97,74,104,117,53,65,26,128,134,50"/><U96/><E126/><V2/><F105/><W101/><G120/><T45/><D115/><U18/><E132/><V62/><F42/><W89/><G125/><T37/><D37/><U73/><E82/><V28/><F77/><W23/><G134/><T121/><D127/><U3/><E73/><V133/><F133/><W98/><G74/><T70/><D70/><U135/><E135/><V75/><F75/><W99/><G128/><T29/><D56/><U72/><E72/><V103/><F103/><W68/><G117/><T40/><D14/><U33/><E31/><V79/><F79/><W119/><G119/><T43/><D43/><U61/><REACH who="1" step="1"/><E55/><REACH who="1" ten="230,230,290,240" step="2"/><V35/><F28/><W123/><G123/><T114/><D121/><U129/><E129/><V66/><F35/><W17/><G68/><T102/><D116/><U58/><E58/><V109/><F109/><W108/><G108/><T124/><D118/><U32/><E32/><V38/><F59/><W71/><G71/><T107/><D124/><U80/><E80/><V49/><F66/><W122/><G122/><T60/><D30/><U85/><E85/><V88/><F47/><N who="3" m="27871" /><G65/><T15/><D29/><U93/><E93/><V6/><F94/><N who="3" m="56527" /><G67/><T21/><D87/><U131/><E131/><V52/><F95/><W100/><G104/><T130/><D107/><U19/><E19/><V112/><F41/><W11/><G99/><T25/><D130/><U90/><AGARI ba="0,1" hai="0,1,3,18,22,24,33,34,54,57,61,90,92,96" machi="90" ten="30,11700,0" yaku="1,1,0,1,25,2,53,0" doraHai="4" doraHaiUra="44" who="1" fromWho="1" sc="230,-39,230,127,290,-39,240,-39" /><INIT seed="1,1,0,4,4,135" ten="191,357,251,201" oya="1" hai0="92,10,33,65,37,91,8,86,2,94,118,26,125" hai1="5,27,31,59,14,71,69,89,1,109,102,130,56" hai2="24,36,30,22,74,128,60,113,49,3,122,52,81" hai3="77,41,98,70,83,4,116,97,29,133,115,39,25"/><U57/><E1/><V93/><F122/><W53/><G115/><T117/><D37/><U28/><E130/><V20/><F128/><W73/><G133/><T88/><D65/><U15/><E102/><V54/><F113/><W32/><G116/><T101/><D101/><U16/><E109/><V55/><F36/><W110/><G110/><T119/><D2/><U96/><E5/><V35/><F60/><W34/><G70/><T58/><D58/><U6/><E6/><V129/><F129/><W61/><G4/><T100/><D100/><U9/><E15/><V0/><F49/><W121/><G34/><T40/><D40/><U80/><E31/><V68/><F68/><W82/><G82/><T84/><REACH who="0" step="1"/><D125/><REACH who="0" ten="181,357,251,201" step="2"/><U108/><E108/><V11/><F3/><W62/><G41/><T42/><D42/><U131/><E131/><V106/><F0/><W134/><G39/><T43/><D43/><U114/><E114/><V104/><F55/><W17/><G134/><T75/><D75/><U7/><E71/><V46/><F52/><W87/><G73/><T103/><D103/><U111/><E69/><V21/><F54/><W47/><G121/><T99/><D99/><U90/><E96/><V67/><F74/><W127/><G127/><T18/><D18/><U85/><E111/><V50/><F67/><W12/><G98/><T48/><D48/><U95/><E7/><V120/><F50/><N who="3" m="28895" /><G97/><T63/><D63/><U51/><E51/><V132/><F120/><W13/><G17/><T64/><D64/><U123/><E123/><V38/><F132/><W107/><G107/><RYUUKYOKU ba="1,1" sc="181,15,357,-15,251,-15,201,15" hai0="8,10,26,33,84,86,88,91,92,94,117,118,119" hai3="12,13,25,29,32,61,62,77,83,87" /><INIT seed="2,2,1,4,3,63" ten="196,342,236,216" oya="2" hai0="10,104,52,87,22,25,30,82,73,91,20,118,126" hai1="28,66,75,94,103,18,90,112,3,95,109,46,1" hai2="131,31,14,4,59,67,122,6,83,32,115,49,19" hai3="77,37,80,68,2,51,55,114,100,105,81,34,12"/><V65/><F115/><W56/><G2/><T57/><D104/><U99/><E112/><V8/><F122/><W97/><G114/><T43/><D126/><U107/><E109/><V38/><F38/><W17/><G34/><T11/><D118/><U53/><E28/><V101/><F131/><W50/><G37/><T106/><D106/><U135/><E95/><V5/><F32/><W29/><G29/><T27/><D43/><U121/><E135/><V60/><F31/><W127/><G127/><T78/><D25/><U0/><E75/><V48/><F101/><W119/><G68/><T26/><D26/><U23/><E121/><V93/><F93/><W88/><G119/><T44/><D44/><U33/><E33/><V120/><F120/><W54/><G77/><T134/><D22/><U21/><E18/><V58/><F83/><W133/><G133/><T72/><D134/><U129/><E129/><V24/><F24/><W61/><G61/><AGARI ba="2,1" hai="4,5,6,8,14,19,48,49,58,59,60,61,65,67" machi="61" ten="40,12000,1" yaku="9,1,8,1,52,2" doraHai="63" who="2" fromWho="3" sc="196,0,342,0,236,136,216,-126" /><INIT seed="2,3,0,5,0,96" ten="196,342,372,90" oya="2" hai0="29,4,56,133,104,94,47,115,10,112,72,125,46" hai1="11,30,48,90,82,52,92,60,45,83,5,80,8" hai2="42,38,69,18,122,36,110,16,88,67,70,109,87" hai3="97,33,20,61,41,135,107,17,28,13,86,7,79"/><V24/><F122/><W77/><G135/><T116/><D72/><U108/><E108/><N who="2" m="41579" /><F67/><W68/><G41/><T113/><D104/><U71/><E30/><V134/><F134/><W132/><G132/><T53/><D133/><U65/><REACH who="1" step="1"/><E5/><REACH who="1" ten="196,332,372,90" step="2"/><V57/><F57/><W84/><G7/><T40/><D29/><U62/><E62/><V39/><F42/><W21/><G61/><T119/><D125/><U111/><E111/><V3/><F3/><W98/><G68/><N who="2" m="26217" /><F24/><W22/><G28/><T49/><D116/><U100/><E100/><V34/><F34/><W51/><G33/><T123/><D119/><U105/><E105/><V99/><F99/><AGARI ba="3,1" hai="8,11,45,48,52,60,65,71,80,82,83,90,92,99" machi="99" ten="40,8000,1" yaku="1,1,54,1,53,3" doraHai="96" doraHaiUra="76" who="1" fromWho="2" sc="196,0,332,99,372,-89,90,0" /><INIT seed="3,0,0,1,2,135" ten="196,431,283,90" oya="3" hai0="54,113,82,1,0,40,46,78,23,30,56,72,52" hai1="132,128,114,45,49,97,84,57,105,18,61,74,27" hai2="24,64,67,95,87,104,9,41,130,115,15,99,26" hai3="106,36,117,79,85,123,68,32,107,19,127,12,134"/><W94/><G117/><T5/><D113/><U118/><E114/><V7/><F115/><W91/><G123/><T63/><D54/><U102/><E74/><V33/><F130/><W75/><G36/><T62/><D62/><U4/><E132/><V58/><F104/><W51/><G134/><T70/><D70/><U53/><E128/><V83/><F41/><W126/><G32/><T43/><D43/><U77/><E118/><V44/><F44/><W8/><G68/><T48/><REACH who="0" step="1"/><D5/><REACH who="0" ten="186,431,283,90" step="2"/><U124/><E4/><V73/><F7/><W66/><G66/><T92/><D92/><U90/><E61/><V3/><F95/><W25/><G51/><T100/><D100/><U121/><E102/><V59/><F67/><W29/><G106/><T47/><D47/><U2/><E45/><V69/><F64/><W11/><G107/><T116/><D116/><U133/><E105/><V103/><F103/><W88/><G91/><T31/><D31/><U6/><E53/><V13/><F59/><W125/><G29/><T14/><D14/><U101/><E57/><V17/><F15/><N who="3" m="7655" /><G25/><AGARI ba="0,1" hai="0,1,23,25,30,40,46,48,52,56,63,72,78,82" machi="25" ten="40,2600,0" yaku="1,1,54,1,53,0" doraHai="135" doraHaiUra="129" who="0" fromWho="3" sc="186,36,431,0,283,0,90,-26" /><INIT seed="4,0,0,5,2,90" ten="222,431,283,64" oya="0" hai0="13,91,73,25,60,46,98,22,52,45,113,86,21" hai1="23,125,1,15,68,41,115,6,134,96,59,39,20" hai2="103,82,116,27,69,123,106,56,133,0,132,85,101" hai3="32,62,95,50,87,3,94,57,109,48,53,40,10"/><T67/><D73/><U66/><E125/><V2/><F69/><W105/><G109/><T76/><D113/><U51/><E1/><N who="2" m="619" /><F123/><W99/><G32/><T17/><D76/><U31/><E134/><N who="2" m="51819" /><F106/><W54/><G40/><T111/><D111/><U18/><E6/><V79/><F116/><W33/><G33/><T102/><D102/><U38/><E68/><V74/><F74/><W63/><G105/><T43/><D43/><U84/><E84/><V65/><F27/><W124/><G124/><T9/><D98/><U34/><E34/><V127/><F127/><W122/><G122/><T126/><D126/><U112/><E96/><V11/><F11/><W118/><G118/><T100/><D100/><U29/><E23/><V70/><F70/><W92/><G87/><T30/><D9/><U78/><E78/><V26/><F26/><W14/><G3/><T16/><D30/><U61/><E31/><V107/><F107/><W88/><G62/><AGARI ba="0,0" hai="56,62,65,79,82,85,101,103" m="51819,619" machi="62" ten="30,1000,0" yaku="20,1" doraHai="90" who="2" fromWho="3" sc="222,0,431,0,283,10,64,-10" /><INIT seed="5,0,0,3,3,95" ten="222,431,293,54" oya="1" hai0="57,62,21,30,116,88,97,84,39,6,46,61,3" hai1="87,73,5,128,36,91,47,124,40,31,135,90,15" hai2="64,2,108,60,77,127,24,79,123,96,104,50,13" hai3="38,0,82,120,76,70,42,125,27,71,112,133,99"/><U92/><E73/><V65/><F108/><W98/><G120/><T11/><D116/><U22/><E124/><V43/><F2/><W111/><G111/><T29/><D62/><U54/><E135/><V115/><F64/><W67/><G0/><T4/><D4/><U26/><E128/><V69/><F123/><W93/><G133/><T56/><D56/><U59/><E90/><V53/><F43/><W122/><G122/><T25/><D39/><U113/><E113/><V10/><F24/><W118/><G125/><T106/><D46/><U105/><E105/><V34/><F34/><W18/><G112/><T68/><D68/><U130/><E130/><V19/><F127/><W131/><G131/><T44/><D44/><U75/><E75/><V9/><F9/><W28/><G18/><T86/><D29/><U100/><E100/><V89/><F115/><W35/><G118/><T74/><D74/><U48/><E5/><V49/><F49/><W58/><G42/><T37/><D37/><U23/><E15/><V80/><F80/><W20/><G38/><T66/><REACH who="0" step="1"/><D106/><REACH who="0" ten="212,431,293,54" step="2"/><U1/><E1/><V83/><F104/><W33/><G71/><T51/><D51/><U52/><E54/><V101/><F53/><W119/><G70/><T14/><D14/><U85/><E36/><V94/><F50/><W45/><G45/><T117/><D117/><U55/><E59/><V110/><F110/><W129/><G119/><T102/><D102/><U114/><E114/><V16/><F19/><W72/><G129/><T78/><D78/><N who="2" m="29706" /><F101/><W132/><G72/><T7/><D7/><RYUUKYOKU ba="0,1" sc="212,15,431,-15,293,15,54,-15" hai0="3,6,11,21,25,30,57,61,66,84,86,88,97" hai2="10,13,16,60,65,69,83,89,94,96" /><INIT seed="6,1,1,0,5,131" ten="227,416,308,39" oya="2" hai0="124,42,40,102,115,12,1,60,15,90,26,13,93" hai1="130,39,67,95,99,51,22,87,62,122,107,97,38" hai2="81,85,43,127,133,117,113,65,70,84,132,36,18" hai3="94,118,74,68,69,52,58,17,56,32,88,125,96"/><V71/><F117/><W29/><G74/><T77/><D1/><U79/><E130/><V28/><F113/><W5/><G118/><T53/><D115/><U112/><E112/><V44/><F127/><W128/><G128/><T23/><D124/><U66/><E66/><V116/><F116/><W120/><G125/><T89/><D77/><U37/><E107/><V100/><F100/><W134/><G120/><T108/><D108/><U3/><E3/><V33/><F65/><W2/><G29/><T55/><D102/><U49/><E99/><V6/><F6/><W4/><G32/><T111/><D111/><U30/><E87/><V83/><F18/><W72/><G72/><T129/><D129/><U57/><E79/><V27/><F84/><W75/><G75/><T103/><D103/><N who="1" m="60863" /><E122/><V73/><F73/><W119/><G119/><T35/><D35/><U48/><E48/><V47/><F47/><W7/><G2/><T78/><D78/><U50/><E50/><V123/><F123/><W76/><G76/><T19/><D90/><U0/><E0/><V9/><F9/><W31/><G31/><T64/><D64/><U126/><E126/><V8/><F8/><W82/><G82/><N who="2" m="31241" /><F85/><W104/><G104/><T11/><D11/><U91/><E91/><V98/><F98/><W21/><G58/><N who="0" m="34895" /><D55/><U10/><E10/><V61/><F61/><N who="3" m="35975" /><G134/><AGARI ba="1,1" hai="27,28,33,36,43,44,70,71,132,133,134" m="31241" machi="134" ten="30,11600,0" yaku="20,1,52,3" doraHai="131" who="2" fromWho="3" sc="227,0,416,0,308,129,39,-119" owari="227,-17.3,416,21.6,437,53.7,-80,-58.0" /></mjloggm>