<mjloggm ver="2.3"><GO type="169" lobby="0"/><UN n0="%E3%81%BC%E3%82%93%E3%81%BC%E3%82%93" n1="%E3%81%B8%E3%81%9D%E3%81%AA%E3%82%81%E3%81%9F%E3%81%84" n2="%E9%A2%A8%E3%81%A7%E9%B3%B4%E3%81%8F" n3="%E3%83%A8%E3%83%BC%E3%83%BB%E3%83%9E%E3%82%A4%E3%82%AB" dan="16,16,16,17" rate="2124.65,2145.72,2203.44,2198.34" sx="M,M,M,M"/><TAIKYOKU oya="0"/><INIT seed="0,0,0,1,2,107" ten="250,250,250,250" oya="0" hai0="65,80,131,104,42,124,12,85,73,44,40,106,10" hai1="7,115,128,52,25,118,90,34,87,86,110,98,1" hai2="43,72,20,41,57,29,91,99,9,133,18,130,96" hai3="27,69,2,46,17,113,32,19,47,119,55,16,81"/><T31/><D124/><U116/><E128/><V134/><F72/><W117/><G113/><T103/><D131/><U77/><E115/><V95/><F130/><W67/><G2/><T101/><D65/><U74/><E110/><V84/><F29/><W105/><G105/><T63/><D63/><U28/><E98/><N who="2" m="37419" /><F9/><W121/><G121/><T21/><D106/><U11/><E52/><V111/><F57/><W97/><G97/><T88/><D104/><U15/><E87/><V23/><F23/><W53/><G81/><T127/><D127/><U82/><REACH who="1" step="1"/><E1/><REACH who="1" ten="250,240,250,250" step="2"/><V132/><F111/><W100/><G100/><N who="0" m="38475" /><D44/><U14/><E14/><AGARI ba="0,1" hai="14,18,20,41,43,84,91,95,132,133,134" m="37419" machi="14" ten="30,1000,0" yaku="20,1" doraHai="107" who="2" fromWho="1" sc="250,0,240,-10,250,20,250,0" /><INIT seed="1,0,0,1,4,111" ten="250,230,270,250" oya="1" hai0="18,119,113,13,42,23,112,132,106,97,45,87,83" hai1="102,100,12,15,79,36,82,26,8,55,107,17,9" hai2="32,60,80,134,57,109,101,94,10,116,122,38,58" hai3="49,35,126,34,63,11,117,118,68,3,7,14,43"/><U40/><E107/><V104/><F32/><W120/><G49/><T27/><D119/><N who="3" m="45577" /><G43/><T84/><D132/><U4/><E26/><V108/><F38/><W22/><G63/><T89/><D87/><U62/><E40/><V47/><F116/><W30/><G68/><T2/><D2/><U96/><E36/><V69/><F47/><W5/><G120/><T91/><D91/><U67/><E55/><V25/><F10/><N who="3" m="2367" /><G126/><T105/><D27/><AGARI ba="0,0" hai="7,11,14,22,27,30,34,35" m="2367,45577" machi="27" ten="30,3900,0" yaku="12,1,34,2" doraHai="111" who="3" fromWho="0" sc="250,-39,230,0,270,0,250,39" /><INIT seed="2,0,0,4,5,15" ten="211,230,270,289" oya="2" hai0="102,32,30,111,110,74,97,126,101,63,64,81,131" hai1="12,11,42,92,93,18,34,59,116,26,23,14,72" hai2="10,98,5,108,20,29,21,40,61,36,71,132,62" hai3="39,128,79,58,1,112,127,107,109,130,86,65,6"/><V28/><F132/><W24/><G39/><T129/><D30/><U41/><E72/><V67/><F36/><W4/><G107/><T125/><D32/><U106/><E106/><V87/><F40/><N who="1" m="15465" /><E34/><V68/><F108/><N who="0" m="41514" /><D63/><U3/><E3/><V89/><F98/><W66/><G86/><T115/><D64/><U0/><E0/><V88/><F87/><W94/><G1/><T57/><D57/><U38/><E38/><V75/><F75/><W13/><G58/><T84/><D74/><U73/><E73/><V124/><F10/><W60/><G60/><T43/><D43/><U121/><E116/><V25/><F5/><W8/><G8/><T117/><D117/><U123/><E59/><V78/><F78/><W134/><G79/><N who="0" m="46143" /><D115/><U35/><E35/><V114/><F114/><W31/><G112/><T82/><D82/><U22/><E121/><V76/><F76/><W90/><G109/><T53/><D53/><U52/><E123/><V16/><F124/><N who="0" m="47722" /><D102/><U104/><E104/><AGARI ba="0,0" hai="97,101,104,129,131" m="47722,46143,41514" machi="104" ten="30,7700,0" yaku="14,1,18,1,34,2" doraHai="15" who="0" fromWho="1" sc="211,77,230,-77,270,0,289,0" /><INIT seed="3,0,0,4,2,115" ten="288,153,270,289" oya="3" hai0="44,5,102,51,48,93,36,68,135,15,29,57,78" hai1="91,33,70,120,14,26,107,52,16,72,90,61,100" hai2="27,104,124,7,130,97,31,45,42,127,128,77,67" hai3="0,133,114,129,96,99,132,101,35,50,69,94,59"/><W118/><G69/><T87/><D68/><U13/><E120/><V23/><F67/><W89/><G35/><T4/><D135/><N who="3" m="51785" /><G0/><T98/><D29/><U34/><E72/><V105/><F7/><W64/><G114/><T47/><D36/><U19/><E100/><N who="2" m="62479" /><F77/><W20/><G20/><T3/><D3/><U125/><E107/><V40/><F105/><N who="3" m="63655" /><G129/><N who="2" m="49769" /><F40/><W10/><G10/><N who="0" m="4551" /><D5/><U18/><E125/><V126/><F42/><W49/><G50/><N who="0" m="18987" /><D57/><U22/><E70/><V75/><F75/><W8/><G8/><T39/><D39/><U85/><E90/><V32/><F45/><W60/><G49/><T21/><D21/><AGARI ba="0,0" hai="21,23,27,31,32,124,126,127" m="49769,62479" machi="21" ten="40,2600,0" yaku="18,1,19,1" doraHai="115" who="2" fromWho="0" sc="288,-26,153,0,270,26,289,0" /><INIT seed="4,0,0,4,3,100" ten="262,153,296,289" oya="0" hai0="87,27,106,108,89,66,86,33,61,128,31,118,24" hai1="14,53,123,79,29,97,93,99,10,67,23,3,81" hai2="119,18,88,105,52,48,72,63,127,21,104,132,44" hai3="109,64,4,130,129,96,71,51,1,103,11,77,7"/><T95/><D118/><U40/><E3/><V83/><F119/><W19/><G109/><T13/><D108/><U34/><E34/><V30/><F30/><W2/><G51/><T58/><D128/><U41/><E67/><V113/><F113/><W60/><G19/><T90/><D27/><U73/><E99/><V32/><F32/><W22/><G22/><T110/><D110/><U49/><E23/><V35/><F35/><W46/><G46/><T56/><D13/><U68/><E29/><V25/><F132/><W38/><G77/><T107/><REACH who="0" step="1"/><D58/><REACH who="0" ten="252,153,296,289" step="2"/><U54/><E68/><V112/><F112/><W133/><G133/><T92/><AGARI ba="0,1" hai="24,31,33,56,61,66,86,87,89,90,92,95,106,107" machi="92" ten="20,18000,2" yaku="1,1,2,1,0,1,7,1,9,1,52,2,53,0" doraHai="100" doraHaiUra="9" who="0" fromWho="0" sc="252,190,153,-60,296,-60,289,-60" /><INIT seed="4,1,0,4,1,112" ten="442,93,236,229" oya="0" hai0="82,101,60,53,67,25,80,10,11,65,127,64,102" hai1="52,40,32,31,19,75,59,21,16,48,18,131,83" hai2="42,123,0,128,113,84,72,90,50,7,34,20,133" hai3="93,118,58,61,49,23,43,55,28,130,8,109,66"/><T33/><D127/><U54/><E131/><V39/><F34/><W15/><G109/><T47/><D33/><U122/><E122/><V135/><F72/><W86/><G130/><T62/><D25/><U44/><E32/><V6/><F123/><W126/><G126/><T92/><D47/><U121/><E121/><V114/><F50/><W117/><G43/><T116/><D92/><U4/><E4/><N who="2" m="1579" /><F20/><W13/><G13/><T73/><D73/><U97/><E97/><V17/><F17/><N who="3" m="10687" /><G28/><T27/><D27/><U91/><E59/><V98/><F98/><W69/><G8/><N who="0" m="3115" /><D116/><U134/><E134/><N who="2" m="51211" /><F0/><W85/><G85/><T78/><D53/><U87/><REACH who="1" step="1"/><E75/><REACH who="1" ten="442,83,236,229" step="2"/><V74/><F74/><W63/><G61/><N who="0" m="23659" /><D78/><U81/><E81/><AGARI ba="1,1" hai="64,65,67,80,81,82,101,102" m="23659,3115" machi="81" ten="30,5800,0" yaku="28,2,8,1" doraHai="112" who="0" fromWho="1" sc="442,71,83,-61,236,0,229,0" /><INIT seed="4,2,0,1,3,37" ten="513,22,236,229" oya="0" hai0="27,120,85,75,15,25,4,67,12,114,49,39,118" hai1="122,8,112,76,132,116,110,48,107,96,59,7,32" hai2="88,71,97,106,46,19,56,26,113,60,38,42,21" hai3="102,130,53,6,23,74,20,52,129,126,123,90,91"/><T40/><D75/><U64/><E116/><V44/><F71/><W24/><G74/><T105/><D105/><U11/><E122/><V115/><F46/><W124/><G6/><T9/><D39/><U16/><E110/><V131/><F131/><N who="3" m="50187" /><G102/><T17/><D114/><U92/><E32/><V99/><F106/><W103/><G103/><T89/><D67/><U18/><E107/><V22/><F22/><N who="3" m="8235" /><G24/><T41/><D49/><U78/><E112/><N who="2" m="43083" /><F88/><N who="3" m="33835" /><G123/><T66/><D66/><AGARI ba="2,0" hai="19,21,26,38,42,44,56,60,66,97,99" m="43083" machi="66" ten="30,2000,0" yaku="15,1,52,1" doraHai="37" who="2" fromWho="0" sc="513,-26,22,0,236,26,229,0" /><INIT seed="5,0,0,1,2,108" ten="487,22,262,229" oya="1" hai0="74,71,26,53,46,47,72,134,131,112,68,129,89" hai1="1,21,117,50,97,102,35,104,118,58,15,27,69" hai2="67,6,70,5,18,105,91,9,8,36,11,126,22" hai3="55,17,19,87,95,4,83,29,81,66,54,63,75"/><U110/><E1/><V20/><F36/><W90/><G4/><T123/><D89/><U122/><E122/><V60/><F105/><W48/><G29/><T103/><D26/><U133/><E133/><V82/><F126/><W132/><G132/><T51/><D134/><U43/><E110/><V109/><F109/><W44/><G54/><T38/><D103/><U130/><E130/><V37/><F37/><W113/><G113/><T14/><D14/><U86/><E86/><V64/><F22/><W25/><G25/><T116/><D116/><U41/><E15/><V49/><F49/><W92/><G92/><T128/><D112/><U28/><E21/><V107/><F107/><W84/><G75/><N who="0" m="28715" /><D123/><U79/><E79/><V59/><F67/><W80/><REACH who="3" step="1"/><G84/><REACH who="3" ten="487,22,262,219" step="2"/><T57/><D47/><U12/><E12/><N who="2" m="9287" /><F70/><AGARI ba="0,1" hai="17,19,44,48,55,63,66,70,80,81,83,87,90,95" machi="70" ten="40,8000,1" yaku="1,1,53,3" doraHai="108" doraHaiUra="77" who="3" fromWho="2" sc="487,0,22,0,262,-80,219,90" /><INIT seed="6,0,0,4,2,68" ten="487,22,182,309" oya="2" hai0="60,66,103,128,31,99,15,90,112,91,35,44,121" hai1="96,54,20,106,123,71,18,132,131,0,95,5,83" hai2="23,79,22,58,98,9,21,63,115,129,78,43,48" hai3="114,34,10,86,77,65,120,25,17,125,39,13,102"/><V2/><F115/><W62/><G120/><T69/><D112/><U73/><E71/><V93/><F129/><W88/><G114/><T49/><D128/><U45/><E131/><V64/><F2/><W8/><G77/><T134/><D134/><U3/><E132/><V81/><F9/><W37/><G102/><T122/><D15/><U76/><E106/><V116/><F116/><W42/><G42/><T16/><D16/><U72/><E123/><V80/><F48/><W24/><G125/><T109/><D109/><U75/><E5/><V127/><F43/><W47/><G47/><T105/><D121/><U108/><E108/><V57/><F57/><W29/><G24/><N who="0" m="18919" /><D122/><U70/><E70/><V53/><F64/><W12/><G62/><T113/><D113/><U56/><E45/><V33/><F33/><W133/><G65/><T110/><D110/><U101/><E3/><V27/><F127/><W1/><G1/><T61/><D61/><U117/><E0/><V104/><F104/><W67/><G67/><T135/><D135/><U111/><E117/><V85/><F80/><W50/><G50/><T89/><D89/><U119/><E119/><V84/><F84/><W124/><G124/><T118/><D118/><U130/><E111/><V14/><F14/><W38/><G133/><T52/><AGARI ba="0,0" hai="44,49,52,60,66,69,90,91,99,103,105" m="18919" machi="52" ten="30,2000,0" yaku="25,1,54,1" doraHai="68" who="0" fromWho="0" sc="487,20,22,-5,182,-10,309,-5" /><INIT seed="7,0,0,0,2,23" ten="507,17,172,304" oya="3" hai0="107,100,46,126,36,2,101,132,56,125,83,37,92" hai1="48,135,115,129,43,123,103,105,113,74,38,86,61" hai2="64,118,53,119,9,22,30,134,78,93,59,81,62" hai3="112,40,34,8,7,85,77,27,122,84,120,109,33"/><W82/><G112/><T3/><D107/><U63/><E86/><V13/><F134/><W19/><G109/><T25/><D83/><U4/><E4/><V91/><F118/><W106/><G106/><T68/><D68/><U73/><E103/><V124/><F124/><W131/><G131/><T14/><D14/><U60/><E129/><V65/><F81/><W90/><G33/><T97/><D56/><U121/><E135/><V44/><F44/><W20/><G34/><T11/><D132/><U15/><E15/><V39/><F39/><W114/><G114/><T18/><D101/><U52/><E105/><V102/><F78/><W57/><G57/><T47/><D47/><U88/><E88/><V104/><F104/><W45/><G90/><T89/><D89/><U32/><E32/><V130/><F130/><W117/><G84/><T28/><D18/><U127/><E127/><N who="0" m="48649" /><D11/><U54/><E63/><V5/><F119/><W98/><G98/><T95/><D95/><U26/><E26/><V69/><F102/><W42/><G42/><N who="0" m="22855" /><D37/><U58/><E38/><V1/><F69/><W99/><G99/><T50/><D50/><U75/><E75/><V35/><F35/><AGARI ba="0,0" hai="2,3,25,28,35,92,97,100" m="22855,48649" machi="35" ten="30,2000,0" yaku="18,1,52,1" doraHai="23" who="0" fromWho="2" sc="507,20,17,0,172,-20,304,0" owari="527,62.7,17,-48.3,152,-24.8,304,10.4" /></mjloggm>