<mjloggm ver="2.3"><GO type="169" lobby="0"/><UN n0="%4E%6F%73%75%6B%65" n1="%6F%67%75%6B%65%6E" n2="%E9%AD%82%E9%AD%84%E5%A6%96%E5%A4%A2%E3%80%82" n3="%6C%6E%61%69" dan="16,16,16,16" rate="2139.35,2127.87,2120.59,2044.86" sx="M,M,F,M"/><TAIKYOKU oya="0"/><INIT seed="0,0,0,2,2,45" ten="250,250,250,250" oya="0" hai0="50,113,55,82,46,94,104,109,10,13,62,75,127" hai1="103,29,132,124,44,112,129,118,12,23,37,86,79" hai2="51,126,83,100,90,63,24,14,91,39,73,7,53" hai3="95,64,72,69,114,15,117,6,21,27,99,48,98"/><T34/><D113/><U116/><E112/><V68/><F39/><W3/><G114/><T57/><D104/><U71/><E71/><V31/><F126/><W25/><G117/><T122/><D122/><U74/><E74/><V28/><F100/><W85/><G72/><T30/><D127/><U128/><E124/><V42/><F42/><W88/><G3/><T102/><D109/><U1/><E1/><V26/><F73/><W19/><G6/><T22/><D34/><U135/><E103/><V120/><F63/><W101/><G64/><T32/><D32/><U111/><E111/><V125/><F68/><W131/><G69/><T20/><D30/><U133/><E79/><V106/><F106/><W33/><G33/><T70/><D70/><U134/><E86/><N who="2" m="50527" /><F91/><W41/><G131/><N who="1" m="50250" /><E37/><V18/><F7/><W11/><G11/><T76/><D94/><U52/><E135/><V35/><F35/><W58/><G99/><T67/><REACH who="0" step="1"/><D102/><REACH who="0" ten="240,250,250,250" step="2"/><U93/><E93/><V60/><F31/><W77/><G101/><T36/><D36/><U108/><E108/><V87/><F28/><W81/><G41/><T47/><D47/><U89/><E118/><V107/><F125/><W8/><G8/><T38/><D38/><U4/><E116/><V123/><F123/><W54/><AGARI ba="0,1" hai="15,19,21,25,27,48,54,58,77,81,85,88,95,98" machi="54" ten="30,7900,0" yaku="0,1,8,1,52,1,54,1" doraHai="45" who="3" fromWho="3" sc="240,-39,250,-20,250,-20,250,89" /><INIT seed="1,0,0,0,4,57" ten="201,230,230,339" oya="1" hai0="130,123,104,45,69,30,119,50,17,4,99,88,93" hai1="85,19,53,12,117,40,131,125,65,78,55,6,112" hai2="54,115,68,90,32,126,34,66,61,43,52,29,72" hai3="11,3,49,15,44,46,59,10,9,95,60,107,74"/><U58/><E112/><V84/><F72/><W51/><G107/><T103/><D119/><U81/><E117/><V98/><F115/><W38/><G74/><T70/><D130/><U42/><E125/><V8/><F126/><W120/><G120/><T118/><D118/><U20/><E131/><V122/><F122/><W132/><G3/><T77/><D123/><U114/><E114/><V24/><F34/><W76/><G38/><T73/><D30/><U121/><E121/><V26/><F26/><W64/><G76/><T7/><D17/><U18/><E6/><V134/><F134/><W110/><G110/><T79/><D7/><U5/><E5/><V108/><F108/><W80/><G80/><N who="0" m="45103" /><D79/><U48/><E65/><V21/><F8/><W23/><G132/><T102/><D102/><U124/><E124/><V28/><F98/><W94/><G15/><T129/><D4/><U25/><REACH who="1" step="1"/><E55/><REACH who="1" ten="201,220,230,339" step="2"/><V128/><F54/><N who="3" m="29991" /><G23/><AGARI ba="0,1" hai="12,18,19,20,23,25,40,42,48,53,58,78,81,85" machi="23" ten="30,5800,0" yaku="1,1,7,1,8,1,53,0" doraHai="57" doraHaiUra="63" who="1" fromWho="3" sc="201,0,220,68,230,0,339,-58" /><INIT seed="1,1,0,4,4,125" ten="201,288,230,281" oya="1" hai0="83,62,90,84,24,26,134,12,39,34,32,52,118" hai1="47,22,79,55,16,73,15,100,1,8,110,131,21" hai2="102,6,120,59,85,126,35,74,92,67,89,18,10" hai3="111,40,105,65,123,46,2,45,97,70,72,29,50"/><U119/><E119/><V38/><F120/><W132/><G123/><T112/><D118/><U116/><E116/><V58/><F126/><W3/><G72/><T129/><D112/><U11/><E100/><V96/><F38/><W124/><G124/><T130/><D39/><U77/><E73/><V122/><F122/><W63/><G111/><T75/><D134/><U36/><E110/><V37/><F37/><W25/><G132/><T17/><D75/><U19/><E36/><V76/><F35/><N who="3" m="20911" /><G45/><T54/><D34/><U94/><E1/><V78/><F18/><W42/><G42/><T135/><D135/><U5/><E5/><V56/><F67/><W109/><G109/><T9/><D62/><U0/><E0/><V82/><REACH who="2" step="1"/><F74/><REACH who="2" ten="201,288,220,281" step="2"/><W53/><G40/><T20/><D32/><U114/><E19/><V41/><F41/><W13/><G53/><T71/><D71/><U28/><E55/><V7/><F7/><W14/><G70/><T86/><D54/><U133/><E16/><V69/><F69/><W104/><G65/><T51/><D86/><U61/><E133/><V95/><F95/><W93/><G93/><T98/><D98/><U107/><E94/><V108/><F108/><W117/><G117/><T80/><D80/><U60/><E107/><V66/><F66/><W33/><G105/><T87/><D87/><U99/><E99/><V106/><F106/><W23/><G104/><T68/><D68/><U57/><E114/><V27/><F27/><N who="0" m="10282" /><D20/><U103/><E22/><V49/><F49/><W88/><G97/><T44/><AGARI ba="1,1" hai="9,12,17,44,51,52,83,84,90,129,130" m="10282" machi="44" ten="30,7900,0" yaku="25,1,52,2,54,1" doraHai="125" who="0" fromWho="0" sc="201,92,288,-40,220,-21,281,-21" /><INIT seed="2,0,0,3,2,58" ten="293,248,199,260" oya="2" hai0="90,67,134,42,65,57,70,23,118,26,77,83,124" hai1="132,125,98,66,56,51,52,115,3,59,7,72,85" hai2="95,32,126,14,24,5,102,130,45,103,31,128,107" hai3="135,63,9,38,33,19,110,112,106,117,37,28,15"/><V119/><F119/><W1/><G106/><T13/><D118/><U87/><E115/><V109/><F107/><W105/><G117/><T34/><D124/><U76/><E125/><V25/><F126/><W4/><G105/><T96/><D134/><U69/><E132/><V40/><F24/><N who="3" m="18567" /><G135/><T92/><D70/><U114/><E114/><V101/><F95/><W68/><G110/><T47/><D13/><U48/><E72/><V100/><N who="2" m="25600" /><DORA hai="49" /><V6/><F109/><W89/><G89/><T60/><D34/><U122/><E122/><V0/><F0/><W8/><G8/><T22/><D67/><U123/><E98/><V44/><F44/><W129/><G129/><N who="2" m="49769" /><F14/><W78/><G112/><T41/><D47/><U79/><E123/><V61/><F61/><W55/><G1/><T80/><D23/><U12/><E3/><V81/><F81/><N who="0" m="31306" /><D77/><U127/><E127/><V71/><F71/><W75/><G78/><T39/><D39/><AGARI ba="0,0" hai="5,6,25,31,32,39,40,45" m="49769,25600" machi="39" ten="40,2000,0" yaku="19,1" doraHai="58,49" who="2" fromWho="0" sc="293,-20,248,0,199,20,260,0" /><INIT seed="2,1,0,0,0,10" ten="273,248,219,260" oya="2" hai0="97,119,15,1,74,67,36,55,65,64,124,57,14" hai1="53,4,85,84,127,40,33,86,58,32,2,108,117" hai2="38,116,87,91,22,61,131,27,52,35,45,92,80" hai3="76,77,135,69,98,122,50,105,81,133,132,89,130"/><V46/><F116/><W103/><G69/><T134/><D1/><U107/><E117/><V94/><F35/><W6/><G50/><T93/><D119/><U96/><E108/><V24/><F131/><W78/><G6/><T90/><D74/><U126/><E40/><V102/><F38/><W79/><G130/><T49/><D36/><U0/><E107/><V34/><F34/><N who="1" m="13417" /><E96/><N who="2" m="59671" /><F80/><W72/><G89/><T115/><D115/><U101/><E101/><V56/><F27/><W110/><G110/><T128/><D128/><U43/><E43/><V54/><F54/><W82/><G82/><T75/><D75/><U59/><E4/><V21/><F21/><W113/><G122/><T99/><D124/><N who="1" m="47659" /><E53/><V37/><F37/><W17/><G17/><AGARI ba="1,0" hai="17,22,24,45,46,52,56,61,87,91,92" m="59671" machi="17" ten="30,2900,0" yaku="8,1,54,1" doraHai="10" who="2" fromWho="3" sc="273,0,248,0,219,32,260,-32" /><INIT seed="2,2,0,4,4,88" ten="273,248,251,228" oya="2" hai0="51,75,132,18,83,43,114,135,126,66,12,123,55" hai1="52,92,38,117,131,108,74,71,104,4,69,85,40" hai2="3,133,122,33,10,102,113,50,77,61,96,8,130" hai3="17,82,76,1,134,129,9,23,64,89,115,63,60"/><V37/><F37/><W62/><G129/><T121/><D114/><U42/><E104/><V47/><F122/><W49/><G115/><T93/><D66/><U35/><E74/><V112/><F130/><W56/><G134/><N who="0" m="51243" /><D43/><U15/><E35/><V39/><F39/><W14/><G49/><T2/><D2/><U109/><E117/><V28/><F133/><W86/><G1/><T105/><D105/><U19/><E4/><V53/><F77/><W118/><G118/><T80/><D126/><U25/><E25/><V58/><F28/><W110/><G110/><T31/><D31/><U106/><E106/><V97/><F97/><W127/><G127/><T36/><D36/><U32/><E32/><V41/><F33/><W128/><G128/><T78/><D93/><U30/><E30/><V84/><F3/><W125/><G125/><T5/><D83/><U101/><E52/><V79/><F113/><W0/><G0/><T7/><D7/><U46/><E42/><V72/><F72/><W44/><G44/><N who="0" m="28135" /><D5/><U68/><E131/><V27/><F112/><W22/><G76/><T57/><D57/><U34/><E34/><V116/><F116/><W13/><G13/><T73/><D73/><U91/><REACH who="1" step="1"/><E101/><REACH who="1" ten="273,238,251,228" step="2"/><V16/><F27/><W24/><REACH who="3" step="1"/><G23/><AGARI ba="2,1" hai="12,18,23,75,78,80,121,123" m="28135,51243" machi="23" ten="30,1000,0" yaku="20,1" doraHai="88" who="0" fromWho="3" sc="273,26,238,0,251,0,228,-16" /><AGARI ba="2,0" hai="15,19,23,38,40,46,68,69,71,85,91,92,108,109" machi="23" ten="40,5200,0" yaku="1,1,2,1,52,1,53,0" doraHai="88" doraHaiUra="103" who="1" fromWho="3" sc="299,0,238,52,251,0,212,-52" /><INIT seed="3,0,0,3,3,5" ten="299,290,251,160" oya="3" hai0="34,21,66,18,69,101,32,8,77,15,53,14,1" hai1="25,29,78,63,130,62,128,83,85,23,110,68,135" hai2="7,100,4,46,61,92,72,75,82,28,70,87,11" hai3="47,111,127,125,3,74,55,30,113,49,71,16,10"/><W50/><G113/><T114/><D101/><U44/><E68/><V65/><F28/><W90/><G74/><T104/><D104/><U93/><E110/><V102/><F46/><W0/><G71/><T43/><D43/><U9/><E135/><V129/><F129/><N who="1" m="49769" /><E93/><V31/><F31/><W27/><G111/><T6/><D77/><U99/><E99/><V20/><F20/><W108/><G108/><T58/><D114/><U26/><E26/><V19/><F19/><W24/><G90/><T12/><D66/><U132/><E132/><V38/><F38/><W133/><G133/><T42/><D42/><U97/><E97/><V41/><F4/><W76/><G76/><T51/><REACH who="0" step="1"/><D69/><REACH who="0" ten="289,290,251,160" step="2"/><U95/><E78/><V80/><F41/><W79/><G79/><T117/><D117/><U107/><E107/><V39/><F102/><W103/><G103/><T106/><D106/><U54/><E29/><V35/><F100/><W48/><G30/><T59/><D59/><U36/><E36/><V73/><F39/><W120/><G47/><T112/><D112/><U124/><E44/><V67/><F67/><W37/><G37/><T115/><D115/><U84/><E54/><V45/><F45/><W89/><G55/><T17/><D17/><U60/><E124/><V118/><F118/><W2/><G127/><T81/><D81/><U119/><E119/><V52/><F52/><W56/><G125/><T40/><D40/><U57/><E57/><V86/><F82/><W98/><G56/><T105/><D105/><U64/><E83/><V13/><F70/><W126/><G126/><RYUUKYOKU ba="0,1" sc="289,30,290,-10,251,-10,160,-10" hai0="1,6,8,12,14,15,18,21,32,34,51,53,58" /><INIT seed="4,1,1,5,5,121" ten="319,280,241,150" oya="0" hai0="99,67,70,37,14,115,52,116,102,40,2,88,132" hai1="128,101,81,18,79,105,48,53,80,38,69,44,109" hai2="24,122,97,1,10,91,95,23,34,11,113,75,85" hai3="108,54,120,134,65,56,111,4,3,19,106,58,90"/><T118/><D2/><U103/><E69/><V131/><F122/><W26/><G106/><T6/><D115/><U15/><E38/><V63/><F113/><W135/><G120/><T25/><D132/><N who="3" m="50729" /><G65/><T96/><D25/><U104/><E128/><V39/><F131/><W77/><G77/><T59/><D67/><U49/><E105/><V43/><F75/><W45/><G45/><T74/><D70/><U84/><E104/><V32/><F39/><W64/><G90/><T28/><D28/><U20/><E109/><N who="3" m="42058" /><G54/><T66/><D88/><U133/><E133/><V31/><F43/><W114/><G64/><T124/><D66/><U27/><E81/><V68/><F91/><W33/><G114/><T62/><D40/><U123/><E123/><V130/><F130/><W107/><G107/><T72/><D52/><U57/><E103/><V110/><F110/><W112/><G112/><T8/><D102/><U50/><E101/><V78/><F78/><W55/><G55/><T93/><D99/><U5/><E44/><V21/><F97/><W71/><G71/><T86/><D96/><U87/><E84/><V12/><F85/><W129/><G129/><T35/><D86/><U16/><E53/><V125/><F68/><W127/><G127/><T51/><D74/><U61/><E57/><V60/><F125/><W9/><G19/><T119/><D124/><U73/><E73/><V42/><F42/><W41/><G41/><T13/><D72/><U29/><E61/><V47/><F63/><W82/><G82/><T76/><D62/><U30/><E18/><V89/><F60/><RYUUKYOKU ba="1,1" sc="319,-15,280,15,241,-15,150,15" hai1="5,15,16,20,27,29,30,48,49,50,79,80,87" hai3="3,4,9,26,33,56,58" /><INIT seed="5,2,1,4,3,125" ten="304,295,226,165" oya="1" hai0="71,63,0,76,123,51,11,36,133,106,54,135,52" hai1="27,96,17,3,35,34,88,21,117,44,80,101,102" hai2="66,110,56,57,4,94,108,79,50,16,39,93,112" hai3="100,70,99,53,58,90,114,19,14,62,37,87,83"/><U9/><E117/><V86/><F39/><W45/><G114/><T134/><D106/><U118/><E118/><V41/><F112/><W115/><G115/><T120/><D76/><U64/><E64/><V18/><F4/><W55/><G70/><T32/><D32/><U111/><E111/><V109/><F79/><W33/><G33/><T122/><D36/><U24/><E3/><V20/><F66/><W31/><G31/><T74/><D74/><U25/><E35/><V40/><F109/><W5/><G5/><N who="0" m="1447" /><D51/><U116/><E116/><V29/><F29/><W104/><G37/><T10/><D10/><U8/><E44/><V124/><F50/><W128/><G128/><T13/><D13/><U68/><E68/><V38/><F38/><W47/><REACH who="3" step="1"/><G55/><REACH who="3" ten="304,295,226,155" step="2"/><T67/><AGARI ba="2,2" hai="52,54,63,67,71,120,122,123,133,134,135" m="1447" machi="67" ten="40,5200,0" yaku="13,1,20,1,54,1" doraHai="125" who="0" fromWho="0" sc="304,78,295,-28,226,-15,155,-15" /><INIT seed="6,0,0,0,0,45" ten="382,267,211,140" oya="2" hai0="77,121,103,70,10,48,114,34,37,17,84,109,0" hai1="65,36,32,7,98,4,80,31,118,87,71,127,57" hai2="94,78,110,128,106,35,79,16,9,13,61,135,53" hai3="6,85,60,1,29,96,133,91,111,28,73,119,12"/><V92/><F106/><W117/><G111/><T86/><D37/><U26/><E118/><V124/><F128/><W8/><G73/><T64/><D34/><U82/><E127/><V42/><F110/><W129/><G129/><T3/><D109/><U20/><E36/><V75/><F124/><W54/><G133/><T116/><D103/><U56/><E71/><V123/><F123/><W18/><G96/><T58/><D121/><U49/><E32/><V38/><F35/><W5/><G5/><T122/><D3/><U44/><E98/><V27/><F135/><W130/><G130/><T90/><D77/><N who="2" m="29194" /><F38/><W66/><G54/><T131/><D86/><U40/><E65/><V104/><F104/><W63/><G117/><T41/><D84/><U43/><E43/><V112/><F112/><W21/><G119/><T100/><D41/><U134/><E134/><V68/><F68/><W50/><G63/><T89/><D64/><U24/><E24/><V67/><F42/><W88/><G91/><T83/><D90/><N who="1" m="51559" /><E82/><V69/><F69/><W46/><G60/><T59/><D89/><U19/><E31/><V25/><F67/><W33/><G66/><T15/><D70/><U39/><E39/><V93/><F75/><W2/><G33/><T51/><D0/><U120/><E120/><V47/><F61/><W101/><G1/><T74/><D74/><U22/><E22/><V95/><N who="2" m="23552" /><DORA hai="72" /><V11/><F11/><W99/><G99/><T55/><D131/><U102/><E102/><V97/><F97/><W52/><G101/><T107/><D122/><U132/><E132/><RYUUKYOKU ba="0,0" sc="382,-30,267,10,211,10,140,10" hai1="4,7,19,20,26,40,44,49,56,57" hai2="9,13,16,25,27,47,53" hai3="2,6,8,12,18,21,28,29,46,50,52,85,88" /><INIT seed="6,1,0,2,5,39" ten="352,277,221,150" oya="2" hai0="54,81,122,13,123,38,0,112,7,89,46,53,65" hai1="60,95,129,130,36,74,33,14,25,84,1,57,29" hai2="93,77,94,71,27,99,12,58,124,106,16,32,15" hai3="110,134,59,64,51,40,79,127,85,19,49,105,17"/><V125/><F71/><W86/><G110/><T76/><D65/><U78/><E1/><V92/><F77/><W45/><G105/><T48/><D112/><U8/><E36/><V63/><F106/><W103/><G127/><N who="2" m="48713" /><F99/><W119/><G119/><T47/><D89/><U115/><E115/><V111/><F111/><W18/><G134/><T11/><D13/><N who="2" m="5194" /><F32/><W75/><G103/><T109/><D109/><U128/><E74/><V21/><F94/><W35/><G35/><T56/><D38/><U70/><E70/><V113/><F113/><W42/><G75/><T80/><D80/><U50/><E50/><V37/><F37/><W26/><G26/><T101/><D101/><U69/><E69/><V31/><F31/><W62/><G79/><T34/><D34/><U9/><E14/><V24/><F24/><W83/><G83/><T22/><D22/><U20/><E33/><V66/><AGARI ba="1,0" hai="16,21,27,58,63,66,92,93" m="5194,48713" machi="66" ten="30,3000,0" yaku="18,1,54,1" doraHai="39" who="2" fromWho="2" sc="352,-11,277,-11,221,33,150,-11" /><INIT seed="6,2,0,4,3,23" ten="341,266,254,139" oya="2" hai0="46,73,126,86,118,58,39,42,123,109,19,51,114" hai1="0,8,84,31,41,77,24,35,102,90,75,83,37" hai2="21,122,57,34,60,67,129,20,12,54,36,69,121" hai3="40,98,64,88,49,28,3,25,113,76,14,110,52"/><V104/><F34/><W66/><G110/><T13/><D73/><U65/><E65/><V94/><F104/><W45/><G3/><T120/><D109/><U22/><E102/><V87/><F129/><W61/><G76/><T9/><D114/><U127/><E127/><V6/><F36/><W108/><G108/><T63/><D126/><U100/><E100/><V78/><F21/><N who="3" m="15407" /><G14/><T68/><D118/><U4/><E37/><V107/><F107/><W55/><G113/><T72/><D72/><U124/><E124/><V30/><F6/><W93/><G55/><N who="0" m="32127" /><D86/><U101/><E101/><V16/><F30/><W15/><G15/><T132/><D132/><U97/><E97/><V10/><F10/><W47/><G47/><T50/><D50/><U131/><E131/><V33/><F33/><W59/><AGARI ba="2,0" hai="40,45,49,52,59,61,64,66,88,93,98" m="15407" machi="59" ten="30,7900,0" yaku="8,1,52,1,54,2" doraHai="23" who="3" fromWho="3" sc="341,-22,266,-22,254,-41,139,85" /><INIT seed="7,0,0,2,5,7" ten="319,244,213,224" oya="3" hai0="8,90,48,32,4,26,16,70,57,95,30,58,28" hai1="120,132,131,40,126,1,59,39,119,74,36,89,128" hai2="2,55,107,60,72,68,82,113,94,17,108,18,49" hai3="62,118,109,41,6,85,97,86,44,47,33,91,81"/><W93/><G118/><T9/><D70/><U92/><E74/><V5/><F107/><W43/><G33/><T87/><D30/><U3/><E120/><V112/><F108/><W105/><G109/><T84/><D48/><U96/><E119/><V46/><F94/><W51/><G105/><T77/><D16/><U29/><E29/><V88/><F60/><W98/><G6/><T135/><D135/><U25/><E25/><V129/><F68/><W78/><REACH who="3" step="1"/><G62/><REACH who="3" ten="319,244,213,214" step="2"/><T102/><D4/><U101/><E132/><V71/><F129/><W69/><G69/><T111/><D111/><U15/><E131/><V117/><F71/><W83/><G83/><T12/><D32/><U75/><E128/><V31/><F117/><W42/><G42/><T134/><D134/><U37/><E40/><V104/><F104/><W14/><G14/><T10/><D12/><U115/><E15/><V66/><F66/><W124/><G124/><T76/><D95/><U73/><E126/><V99/><F5/><W106/><G106/><T21/><D26/><U50/><E3/><V121/><F2/><W13/><G13/><T64/><D64/><U116/><E1/><V22/><F121/><W127/><G127/><T11/><D77/><U65/><E116/><V133/><F133/><W114/><G114/><N who="2" m="44137" /><F82/><W20/><G20/><T56/><D21/><U80/><E115/><V63/><F63/><W34/><G34/><T125/><D125/><U45/><E80/><V110/><F110/><W100/><G100/><T130/><D130/><U52/><E101/><V53/><F22/><W103/><G103/><RYUUKYOKU ba="0,1" sc="319,-15,244,15,213,-15,214,15" hai1="36,37,39,45,50,52,59,65,73,75,89,92,96" hai3="41,43,44,47,51,78,81,85,86,91,93,97,98" /><INIT seed="7,1,1,4,3,66" ten="304,259,198,229" oya="3" hai0="104,12,63,59,80,38,117,86,50,10,78,24,55" hai1="69,53,48,60,57,135,3,20,30,85,92,81,54" hai2="29,118,96,113,25,14,41,91,133,106,82,84,70" hai3="13,67,19,31,132,64,75,94,129,90,4,127,15"/><W76/><G127/><T21/><D38/><U130/><E130/><V40/><F118/><W28/><G129/><T37/><D37/><U42/><E135/><V83/><F133/><W22/><G132/><T17/><D104/><U23/><E3/><V98/><F113/><W110/><G110/><T65/><D117/><U72/><E72/><V123/><F123/><W101/><G101/><T95/><D95/><U7/><E7/><V97/><F106/><W87/><G75/><T6/><D50/><U108/><E108/><V45/><F70/><W124/><G76/><T107/><D107/><U77/><E69/><V11/><F82/><W46/><G124/><T89/><D65/><N who="3" m="25161" /><G46/><T44/><D44/><U2/><E2/><V88/><F91/><AGARI ba="1,1" hai="6,10,12,17,21,24,55,59,63,78,80,86,89,91" machi="91" ten="40,1300,0" yaku="8,1" doraHai="66" who="0" fromWho="2" sc="304,26,259,0,198,-16,229,0" owari="330,43.0,259,5.9,182,-31.8,229,-17.1" /></mjloggm>