<mjloggm ver="2.3"><GO type="169" lobby="0"/><UN n0="%E3%82%A4%E3%83%BC%E3%82%B1%E3%83%97%E3%83%A9" n1="%74%65%63%68%74%6F" n2="%E3%81%B5%E3%81%8B" n3="%E4%B9%9D%E7%B4%8B%E9%BE%8D%E5%8F%B2%E9%80%B2" dan="16,17,17,19" rate="2129.69,2151.59,2227.07,2281.35" sx="M,M,M,M"/><TAIKYOKU oya="0"/><INIT seed="0,0,0,5,3,100" ten="250,250,250,250" oya="0" hai0="28,117,71,123,7,135,60,95,53,103,26,73,76" hai1="35,86,15,93,21,94,33,119,66,18,49,38,46" hai2="108,54,116,22,78,64,91,48,126,122,13,111,61" hai3="124,101,79,87,9,5,4,68,113,129,12,65,74"/><T14/><D117/><U31/><E119/><V10/><F122/><W2/><G113/><T97/><D123/><U47/><E66/><V69/><F116/><W8/><G124/><T34/><D135/><U72/><E72/><V1/><F126/><W109/><G109/><T30/><D30/><U104/><E104/><V132/><F132/><W41/><G129/><T133/><D133/><U128/><E128/><V11/><F78/><W55/><G74/><T3/><D3/><U106/><E106/><V42/><F42/><W62/><G101/><T59/><D71/><U114/><E38/><V130/><F130/><W67/><G41/><T110/><D110/><N who="2" m="42026" /><F1/><W92/><G65/><T32/><D32/><U84/><E49/><V43/><F43/><W50/><G79/><T82/><REACH who="0" step="1"/><D14/><REACH who="0" ten="240,250,250,250" step="2"/><U112/><E31/><V89/><F13/><W75/><G2/><T88/><D88/><N who="2" m="33866" /><F22/><W125/><G12/><T80/><D80/><U120/><E15/><V121/><F121/><W58/><G125/><T85/><D85/><U90/><E120/><V63/><F63/><W115/><G87/><T0/><D0/><U127/><E127/><V17/><F17/><W36/><G75/><T27/><D27/><U19/><E90/><V37/><F37/><W25/><G36/><T39/><D39/><U24/><E24/><V118/><F118/><W52/><G25/><T57/><D57/><AGARI ba="0,1" hai="10,11,48,54,57,61,64,69" m="33866,42026" machi="57" ten="30,2000,0" yaku="14,1,54,1" doraHai="100" who="2" fromWho="0" sc="240,-20,250,0,250,30,250,0" /><INIT seed="1,0,0,5,4,41" ten="220,250,280,250" oya="1" hai0="42,5,82,63,102,130,20,54,118,1,78,17,77" hai1="129,121,91,112,43,50,80,66,81,123,74,28,14" hai2="30,36,58,7,92,72,111,108,116,105,135,109,33" hai3="70,113,76,18,48,83,9,134,56,24,69,55,98"/><U29/><E112/><V128/><F105/><W19/><G113/><T44/><D118/><U117/><E117/><V65/><F116/><W101/><G134/><T119/><D119/><U73/><E66/><V8/><F135/><W35/><G19/><T12/><D130/><U13/><E43/><V132/><F132/><W23/><G9/><T51/><D102/><U22/><E50/><V32/><F128/><W11/><G11/><T3/><D5/><U86/><E129/><V95/><F72/><W93/><REACH who="3" step="1"/><G35/><REACH who="3" ten="220,250,280,240" step="2"/><T6/><D6/><U104/><E123/><V61/><F33/><W90/><G90/><T62/><D78/><U37/><E121/><V52/><F32/><W46/><G46/><T21/><D21/><U64/><E22/><V79/><F79/><W59/><G59/><T127/><D127/><U57/><E57/><V10/><F10/><W133/><G133/><T115/><D115/><U26/><E91/><V96/><F8/><W25/><G25/><T47/><D1/><U110/><E26/><V40/><F58/><W53/><G53/><T122/><D3/><U45/><E45/><V131/><F52/><W67/><G67/><T39/><REACH who="0" step="1"/><D122/><REACH who="0" ten="210,250,280,240" step="2"/><U114/><E114/><V89/><F131/><W16/><G16/><T68/><D68/><U125/><E125/><V2/><F2/><W100/><G100/><T49/><D49/><U75/><E14/><V34/><F7/><W85/><AGARI ba="0,2" hai="18,23,24,48,55,56,69,70,76,83,85,93,98,101" machi="85" ten="20,2700,0" yaku="1,1,0,1,7,1,53,0" doraHai="41" doraHaiUra="38" who="3" fromWho="3" sc="210,-7,250,-13,280,-7,240,47" /><INIT seed="2,0,0,1,5,11" ten="203,237,273,287" oya="2" hai0="41,39,19,72,37,43,81,54,115,84,130,69,25" hai1="129,88,135,15,100,114,112,97,87,133,28,46,113" hai2="122,30,127,121,74,9,52,58,26,0,5,36,4" hai3="71,78,131,124,106,66,65,96,21,110,63,47,119"/><V76/><F36/><W3/><G119/><T45/><D115/><U77/><E28/><V55/><F127/><W60/><G3/><T40/><D72/><U2/><E2/><V93/><F5/><W79/><G124/><T67/><D130/><U116/><E46/><V7/><F7/><W10/><G10/><T123/><D123/><U53/><E53/><V75/><F93/><W18/><G110/><T89/><D69/><U50/><E50/><V102/><F102/><W108/><G108/><T59/><D67/><U44/><E44/><V24/><F24/><W68/><G131/><T80/><D80/><U91/><E129/><V31/><F31/><W99/><G47/><T132/><D39/><U48/><E48/><V29/><F29/><W22/><G106/><T105/><D105/><N who="1" m="63631" /><E15/><V38/><F38/><W35/><REACH who="3" step="1"/><G18/><REACH who="3" ten="203,237,273,277" step="2"/><T12/><D45/><U42/><E116/><V118/><F118/><W134/><G134/><N who="1" m="51210" /><E42/><V33/><F0/><W73/><G73/><T64/><D132/><U8/><E8/><V103/><F74/><W83/><G83/><AGARI ba="0,1" hai="77,83,87,88,91,112,113,114" m="51210,63631" machi="83" ten="40,8000,1" yaku="20,1,34,2,54,1" doraHai="11" who="1" fromWho="3" sc="203,0,237,90,273,0,277,-80" /><INIT seed="3,0,0,0,0,123" ten="203,327,273,197" oya="3" hai0="64,2,120,35,56,12,59,94,79,87,39,31,42" hai1="78,45,43,30,46,126,60,84,86,100,29,68,103" hai2="6,95,67,69,122,20,131,8,55,49,90,26,22" hai3="63,99,27,23,40,77,36,25,112,5,81,102,92"/><W110/><G112/><T109/><D2/><U115/><E115/><V4/><F122/><W37/><G5/><T101/><D120/><U73/><E73/><V54/><F131/><W72/><G40/><T15/><D35/><U13/><E68/><V9/><F67/><W127/><G127/><T76/><D31/><U70/><E70/><V132/><F69/><W3/><G3/><T119/><D39/><U33/><E60/><V57/><F132/><W62/><G27/><T104/><D104/><U121/><E13/><V11/><F54/><W24/><G25/><T129/><D42/><U116/><E78/><V0/><F0/><W38/><REACH who="3" step="1"/><G110/><REACH who="3" ten="203,327,273,187" step="2"/><T44/><D109/><U82/><E43/><V16/><REACH who="2" step="1"/><F22/><REACH who="2" ten="203,327,263,187" step="2"/><W61/><G61/><T125/><D125/><U52/><E121/><V48/><F48/><W113/><G113/><T51/><D51/><U32/><E126/><V98/><AGARI ba="0,2" hai="4,6,8,9,11,16,20,26,49,55,57,90,95,98" machi="98" ten="30,8000,1" yaku="1,1,0,1,8,1,54,1,53,1" doraHai="123" doraHaiUra="53" who="2" fromWho="2" sc="203,-20,327,-20,263,100,187,-40" /><INIT seed="4,0,0,2,2,5" ten="183,307,363,147" oya="0" hai0="79,42,0,74,119,35,70,41,104,106,54,81,97" hai1="52,118,49,22,17,124,98,60,36,19,115,38,95" hai2="14,30,20,84,25,100,89,64,57,1,111,127,61" hai3="131,8,117,77,87,103,45,24,59,133,130,68,78"/><T44/><D119/><U83/><E118/><V10/><F111/><W58/><G117/><T33/><D0/><U75/><E124/><V18/><F127/><W80/><G68/><T27/><D70/><U29/><E29/><V94/><F1/><W32/><G133/><T48/><D106/><U134/><E17/><V51/><F51/><W125/><G125/><T2/><D2/><U31/><E31/><V55/><REACH who="2" step="1"/><F100/><REACH who="2" ten="183,307,353,147" step="2"/><W43/><G103/><T21/><D35/><U112/><E49/><V63/><F63/><W13/><G32/><T72/><D33/><U96/><E134/><V120/><F120/><W11/><G131/><T28/><REACH who="0" step="1"/><D74/><REACH who="0" ten="173,307,353,147" step="2"/><U113/><E75/><V128/><F128/><W12/><G130/><T107/><D107/><U69/><E115/><V16/><F16/><W93/><G78/><T114/><D114/><U62/><E19/><V73/><F73/><W23/><G77/><T15/><D15/><U26/><E113/><V126/><F126/><W91/><G13/><T34/><D34/><U123/><E112/><V132/><F132/><W71/><G12/><T110/><D110/><U116/><E116/><V105/><F105/><W82/><G23/><T53/><D53/><AGARI ba="0,2" hai="10,14,18,20,25,30,53,55,57,61,64,84,89,94" machi="53" ten="40,5200,0" yaku="1,1,8,1,52,1,53,0" doraHai="5" doraHaiUra="76" who="2" fromWho="0" sc="173,-52,307,0,353,72,147,0" /><INIT seed="5,0,0,3,0,104" ten="121,307,425,147" oya="1" hai0="42,100,118,0,33,41,22,115,109,66,130,39,110" hai1="2,91,135,133,78,3,31,44,75,88,113,47,129" hai2="81,50,52,21,114,92,77,45,49,126,43,36,128" hai3="6,65,122,76,103,132,80,86,94,84,26,64,72"/><U4/><E113/><V123/><F123/><W32/><G122/><T19/><D33/><U117/><E117/><V71/><F114/><W85/><G6/><T18/><D0/><N who="1" m="43" /><E31/><V34/><F34/><W89/><G103/><T116/><D115/><U59/><E59/><V121/><F121/><W107/><G107/><T58/><D100/><U35/><E4/><V102/><F71/><W87/><REACH who="3" step="1"/><G132/><REACH who="3" ten="121,307,425,137" step="2"/><T99/><D118/><U56/><E135/><V24/><F102/><W120/><G120/><T73/><D116/><U25/><E133/><V8/><F128/><W131/><G131/><T62/><D130/><U95/><E129/><V96/><F126/><W40/><G40/><T55/><D42/><U48/><E91/><V74/><F43/><W125/><G125/><T105/><D41/><U60/><E88/><V7/><F7/><W101/><G101/><T98/><D105/><U68/><E47/><V134/><F45/><W9/><G9/><T111/><D111/><U17/><E44/><V11/><F8/><W5/><G5/><T37/><D110/><U15/><E68/><V28/><F11/><W20/><G20/><T1/><D22/><U69/><E69/><V27/><F21/><W57/><G57/><T108/><D108/><U90/><E56/><V97/><F134/><W124/><G124/><T54/><D109/><U106/><E106/><V29/><F36/><W30/><AGARI ba="0,1" hai="26,30,32,64,65,72,76,80,84,85,86,87,89,94" machi="30" ten="30,7900,0" yaku="1,1,0,1,52,1,53,1" doraHai="104" doraHaiUra="23" who="3" fromWho="3" sc="121,-20,307,-39,425,-20,137,89" /><INIT seed="6,0,0,2,5,60" ten="101,268,405,226" oya="2" hai0="72,124,11,62,30,73,92,9,106,16,10,19,18" hai1="116,79,121,48,100,31,88,15,66,24,84,33,104" hai2="67,68,107,51,127,114,111,23,14,57,27,98,50" hai3="133,41,77,61,63,119,46,93,80,70,54,8,49"/><V40/><F68/><W131/><G119/><T109/><D106/><U21/><E116/><V129/><F114/><W12/><G131/><T101/><D109/><U3/><E79/><V37/><F129/><W47/><G93/><T29/><D124/><U113/><E3/><V0/><F0/><W1/><G133/><T110/><D110/><U91/><E48/><V20/><F37/><W115/><G115/><T75/><D62/><U55/><E55/><V78/><F78/><W26/><G26/><T74/><N who="0" m="18432" /><DORA hai="120" /><T36/><D36/><U65/><E91/><V96/><F107/><W87/><G1/><T118/><D118/><U32/><E113/><V43/><F14/><W22/><G22/><T130/><D130/><U125/><E33/><V6/><F6/><W53/><G53/><T128/><D128/><U76/><E76/><V4/><F4/><W117/><G117/><T82/><D82/><U38/><E38/><V7/><F7/><N who="3" m="3103" /><G70/><T56/><D56/><U35/><E35/><V17/><F57/><W90/><G90/><T94/><REACH who="0" step="1"/><D101/><REACH who="0" ten="91,268,405,226" step="2"/><U99/><E125/><V85/><F127/><W83/><G80/><T59/><D59/><U58/><E58/><V126/><F126/><W42/><G47/><T135/><D135/><U108/><E108/><V105/><F105/><W103/><G103/><T13/><D13/><U34/><E15/><V69/><F111/><W122/><G122/><T39/><D39/><U45/><E45/><V123/><F123/><W71/><G71/><T5/><D5/><U132/><E121/><V25/><F69/><W28/><G46/><RYUUKYOKU ba="0,1" sc="91,30,268,-10,405,-10,226,-10" hai0="9,10,11,16,18,19,29,30,92,94" /><INIT seed="7,1,1,5,0,68" ten="121,258,395,216" oya="3" hai0="50,72,46,15,65,104,55,52,19,95,131,61,109" hai1="42,113,107,45,38,51,88,32,62,56,98,105,80" hai2="96,33,22,119,85,134,8,27,73,29,97,4,2" hai3="44,126,69,118,58,99,54,133,5,77,116,21,124"/><W100/><G69/><T11/><D109/><U128/><E32/><V86/><F73/><W28/><G133/><T81/><D131/><U78/><E128/><V63/><F119/><W71/><G71/><T64/><D104/><U92/><E51/><V103/><F134/><W89/><G77/><T83/><D72/><U102/><E102/><V108/><F108/><W53/><G5/><T112/><D112/><U117/><E113/><V13/><F63/><W26/><G89/><T0/><D0/><U60/><E60/><V37/><F37/><W82/><G82/><T110/><D110/><U3/><E3/><V120/><F120/><W30/><G44/><T84/><D55/><U35/><E35/><V76/><F76/><W70/><G70/><T79/><D83/><U16/><E16/><N who="2" m="10511" /><F96/><W121/><G30/><T48/><D61/><U90/><E90/><V130/><F130/><W20/><G20/><T7/><D50/><U40/><E40/><V12/><F12/><W125/><G121/><T135/><D135/><U47/><E47/><V10/><F10/><W132/><G132/><T34/><D34/><U9/><E9/><V127/><F127/><W31/><G31/><T25/><REACH who="0" step="1"/><D95/><AGARI ba="1,1" hai="2,4,8,27,29,33,85,86,95,97,103" m="10511" machi="95" ten="30,2000,0" yaku="24,1,54,1" doraHai="68" who="2" fromWho="0" sc="121,-23,258,0,395,33,216,0" owari="98,-40.2,258,5.8,428,52.8,216,-18.4" /></mjloggm>