<mjloggm ver="2.3"><GO type="169" lobby="0"/><UN n0="%57%44%44%69%65" n1="%E3%82%A2%E3%83%B3%E3%81%95%E3%82%93" n2="%74%2E%6F%2E%6F%2E%73" n3="%E3%82%AB%E3%83%A9%E6%9D%BE" dan="16,18,17,17" rate="2100.73,2221.97,2123.48,2142.11" sx="M,M,M,M"/><TAIKYOKU oya="0"/><INIT seed="0,0,0,5,4,7" ten="250,250,250,250" oya="0" hai0="10,92,107,32,2,62,48,33,90,63,75,111,8" hai1="49,39,9,86,106,120,131,41,85,79,45,47,130" hai2="51,34,96,94,19,70,11,29,104,26,65,17,91" hai3="18,36,27,126,58,97,57,66,133,116,100,5,118"/><T123/><D123/><U115/><E120/><V42/><F104/><W84/><G36/><T102/><D75/><U31/><E115/><V28/><F28/><W68/><G133/><T121/><D121/><U78/><E106/><V61/><F42/><W99/><G68/><T14/><D107/><U23/><E31/><V71/><F51/><W112/><G112/><T105/><D105/><U72/><E23/><V59/><REACH who="2" step="1"/><F19/><REACH who="2" ten="250,250,240,250" step="2"/><W0/><G18/><T56/><D48/><U12/><E131/><V15/><AGARI ba="0,1" hai="11,15,17,26,29,34,59,61,65,70,71,91,94,96" machi="15" ten="30,7900,0" yaku="1,1,2,1,0,1,52,1,53,0" doraHai="7" doraHaiUra="82" who="2" fromWho="2" sc="250,-39,250,-20,240,89,250,-20" /><INIT seed="1,0,0,3,3,30" ten="211,230,329,230" oya="1" hai0="121,79,18,102,111,3,40,104,112,8,61,49,72" hai1="87,9,68,56,124,47,66,74,133,106,53,58,85" hai2="83,90,12,26,7,20,88,130,125,135,15,82,64" hai3="37,131,11,23,27,21,105,41,52,94,71,93,45"/><U109/><E106/><V70/><F130/><W91/><G131/><T97/><D112/><U67/><E74/><V4/><F70/><W35/><G105/><T132/><D111/><U29/><E29/><V28/><F64/><W6/><G71/><T123/><D61/><U117/><E117/><V81/><F125/><W75/><G75/><T36/><D49/><U120/><E124/><V92/><F135/><W19/><G35/><T50/><D50/><U128/><E128/><V46/><F46/><W60/><G23/><T33/><D132/><U119/><E133/><V69/><F69/><W14/><REACH who="3" step="1"/><G91/><REACH who="3" ten="211,230,329,220" step="2"/><T1/><D33/><U16/><E68/><V86/><REACH who="2" step="1"/><F90/><REACH who="2" ten="211,230,319,220" step="2"/><W126/><G126/><T80/><D123/><U76/><E120/><V116/><F116/><W24/><G24/><T115/><D121/><U62/><E119/><V32/><F32/><W51/><G51/><T99/><D115/><U43/><E109/><V113/><F113/><W22/><G22/><T114/><D114/><U63/><E67/><V13/><AGARI ba="0,2" hai="4,7,12,13,15,20,26,28,81,82,83,86,88,92" machi="13" ten="30,7900,0" yaku="1,1,0,1,8,1,54,1,53,0" doraHai="30" doraHaiUra="38" who="2" fromWho="2" sc="211,-20,230,-39,319,99,220,-20" /><INIT seed="2,0,0,2,2,7" ten="191,191,418,200" oya="2" hai0="28,84,31,37,100,128,20,107,76,81,47,38,135" hai1="67,94,61,129,12,74,101,2,50,72,93,30,56" hai2="23,1,99,78,15,53,82,46,29,17,39,89,22" hai3="112,130,51,103,43,60,96,91,14,25,119,109,126"/><V63/><F1/><W87/><G119/><T127/><D127/><U6/><E129/><V120/><F120/><W111/><G130/><T117/><D128/><U121/><E121/><V92/><F39/><W44/><G126/><T104/><D117/><U41/><E2/><V98/><F98/><W21/><BYE who="2" /><G112/><T71/><D71/><U52/><E41/><V4/><F4/><W95/><G60/><T19/><D135/><U123/><E123/><V85/><F85/><W97/><G14/><T108/><D108/><U11/><E30/><V36/><F36/><UN n2="%74%2E%6F%2E%6F%2E%73" /><W32/><G32/><T124/><D124/><U118/><E118/><V105/><F105/><W133/><G133/><T65/><D65/><U33/><E33/><V68/><F68/><W70/><G70/><T106/><D100/><U40/><E40/><V134/><F134/><W75/><G75/><T8/><D38/><U69/><REACH who="1" step="1"/><E101/><REACH who="1" ten="191,181,418,200" step="2"/><V57/><F29/><W54/><G43/><T88/><D28/><U86/><E86/><N who="2" m="48471" /><F46/><W102/><G102/><T18/><D37/><U131/><E131/><V64/><F64/><W9/><G103/><T16/><D47/><U80/><E80/><V27/><F27/><W59/><G44/><T73/><D73/><AGARI ba="0,1" hai="6,11,12,50,52,56,61,67,69,72,73,74,93,94" machi="73" ten="40,5200,0" yaku="1,1,52,1,54,1,53,0" doraHai="7" doraHaiUra="79" who="1" fromWho="0" sc="191,-52,181,62,418,0,200,0" /><INIT seed="3,0,0,3,2,126" ten="139,243,418,200" oya="3" hai0="13,85,8,86,37,117,11,26,74,135,94,129,65" hai1="80,35,78,61,15,133,54,25,95,34,118,111,46" hai2="14,0,76,70,21,27,56,81,32,121,98,6,134" hai3="103,12,107,113,109,55,39,112,132,79,92,18,36"/><W58/><G107/><T41/><D117/><U33/><E111/><V83/><F70/><W10/><G132/><T97/><D74/><U82/><E133/><V71/><F71/><W45/><G109/><T67/><D135/><U29/><E118/><V108/><F108/><W49/><G79/><T93/><D26/><U24/><E95/><V17/><F134/><W91/><G103/><T7/><D41/><U84/><E15/><V120/><F98/><W48/><G112/><T90/><D37/><U16/><E82/><V106/><F106/><W68/><G68/><T127/><D127/><U125/><E125/><V23/><F56/><W88/><G91/><T42/><D42/><U4/><E4/><V50/><F50/><W116/><G116/><T75/><D75/><U100/><E100/><V40/><F40/><W122/><G122/><T51/><D51/><U73/><E73/><V3/><F32/><W5/><G5/><T128/><D11/><U69/><E46/><V20/><F6/><W28/><G28/><T62/><D86/><U19/><E54/><V30/><F21/><W47/><G113/><T52/><D52/><U2/><E2/><N who="2" m="555" /><F76/><W43/><REACH who="3" step="1"/><G47/><REACH who="3" ten="139,243,418,190" step="2"/><T57/><REACH who="0" step="1"/><D67/><REACH who="0" ten="129,243,418,190" step="2"/><U101/><E29/><V44/><F44/><W1/><G1/><T64/><D64/><U96/><E78/><V60/><F121/><W114/><G114/><T89/><AGARI ba="0,2" hai="7,8,13,57,62,65,85,89,90,93,94,97,128,129" machi="89" ten="30,7900,0" yaku="1,1,0,1,52,2,53,0" doraHai="126" doraHaiUra="130" who="0" fromWho="0" sc="129,99,243,-20,418,-20,190,-39" /><INIT seed="4,0,0,4,0,24" ten="228,223,398,151" oya="0" hai0="91,127,20,37,72,90,54,60,74,133,116,11,118" hai1="9,45,25,94,0,58,26,66,128,46,16,67,62" hai2="102,34,6,119,79,120,56,134,101,105,113,12,27" hai3="15,42,80,49,117,44,65,130,109,13,87,114,98"/><T82/><D37/><U73/><E73/><V122/><F113/><W83/><G109/><T50/><D133/><U23/><E128/><V71/><F71/><W99/><G117/><T107/><D127/><U88/><E67/><V10/><F119/><W131/><G114/><T75/><D107/><U17/><E0/><V14/><F134/><W32/><G32/><T59/><D11/><U21/><REACH who="1" step="1"/><E9/><REACH who="1" ten="228,213,398,151" step="2"/><V36/><F10/><W81/><G65/><N who="0" m="39071" /><D75/><U97/><AGARI ba="0,1" hai="16,17,21,23,25,26,45,46,58,62,66,88,94,97" machi="97" ten="20,12000,2" yaku="1,1,0,1,7,1,9,1,8,1,54,2,53,0" doraHai="24" doraHaiUra="78" who="1" fromWho="1" sc="228,-60,213,130,398,-30,151,-30" /><INIT seed="5,0,0,5,5,82" ten="168,343,368,121" oya="1" hai0="28,88,33,99,72,134,76,113,24,128,92,133,67" hai1="116,135,127,10,46,3,70,94,69,5,11,98,93" hai2="100,73,125,95,37,66,21,91,89,50,60,107,112" hai3="45,118,1,123,81,90,115,78,15,36,103,55,126"/><U109/><E116/><V119/><F119/><W41/><G123/><T102/><D113/><U7/><E127/><V19/><F37/><W64/><G126/><T86/><D128/><U56/><E135/><V97/><F125/><W65/><G118/><T29/><D29/><U124/><E124/><V74/><F50/><W101/><G115/><T6/><D6/><U14/><E109/><V18/><F112/><W62/><G90/><T31/><D67/><U111/><E111/><V53/><F53/><W132/><G132/><T130/><D130/><U57/><E46/><V52/><F52/><W84/><G1/><T61/><D61/><U54/><E93/><V49/><F49/><W120/><G120/><T110/><D110/><U4/><E4/><V117/><F91/><W8/><G55/><T96/><D31/><U75/><E75/><V87/><F18/><W106/><G106/><N who="0" m="63815" /><D99/><U44/><E44/><V80/><F107/><W48/><G36/><T83/><AGARI ba="0,0" hai="24,28,33,72,76,83,86,88,92,133,134" m="63815" machi="83" ten="30,4000,0" yaku="24,1,52,1,54,1" doraHai="82" who="0" fromWho="0" sc="168,40,343,-20,368,-10,121,-10" /><INIT seed="6,0,0,0,2,42" ten="208,323,358,111" oya="2" hai0="123,55,35,134,126,65,12,73,124,109,117,74,77" hai1="60,19,31,22,133,69,17,16,75,66,6,11,78" hai2="80,57,76,102,99,30,70,39,13,129,89,58,5" hai3="112,106,24,85,14,9,95,20,103,28,44,36,53"/><V90/><F70/><W1/><G106/><T63/><D35/><U7/><E133/><V110/><F39/><W68/><G68/><T72/><D123/><U114/><E114/><V56/><F30/><W54/><G112/><T15/><D109/><U87/><E75/><V84/><F129/><W2/><G2/><T92/><D134/><U47/><E7/><V34/><F34/><W113/><G113/><T120/><D120/><U8/><E8/><V26/><F26/><W108/><G1/><T37/><D37/><U83/><E31/><V97/><F110/><W94/><G108/><T121/><D121/><U101/><E101/><V64/><F64/><W27/><G27/><T3/><D3/><U116/><E116/><V21/><F97/><W25/><G25/><T119/><D77/><U130/><E130/><V10/><REACH who="2" step="1"/><F21/><REACH who="2" ten="208,323,348,111" step="2"/><W40/><G103/><T125/><D65/><U79/><E22/><V115/><F115/><W104/><G104/><AGARI ba="0,1" hai="5,10,13,56,57,58,76,80,84,89,90,99,102,104" machi="104" ten="40,2000,0" yaku="1,1,53,0" doraHai="42" doraHaiUra="127" who="2" fromWho="3" sc="208,0,323,0,348,30,111,-20" /><INIT seed="6,1,0,3,4,124" ten="208,323,378,91" oya="2" hai0="64,119,0,48,31,34,9,65,135,5,105,2,57" hai1="127,95,67,107,103,19,128,56,37,114,129,35,63" hai2="1,10,133,93,55,112,126,16,27,33,115,122,110" hai3="92,88,108,94,84,104,98,7,81,60,70,13,86"/><V100/><F122/><W120/><G120/><T109/><D109/><U116/><E116/><V21/><F55/><W96/><G108/><T75/><D119/><U40/><E35/><V82/><F82/><W117/><G117/><T17/><D105/><U22/><E107/><V77/><F77/><W111/><G111/><T68/><D75/><U54/><E127/><V52/><F52/><W12/><G104/><T131/><D135/><U58/><E114/><V32/><F100/><W39/><G39/><T91/><D68/><U106/><E106/><V42/><F42/><W134/><G134/><T43/><D2/><U101/><E37/><V30/><F93/><W14/><G7/><T130/><D91/><U3/><E3/><V6/><F110/><W97/><REACH who="3" step="1"/><G84/><REACH who="3" ten="208,323,378,81" step="2"/><T29/><D5/><U15/><E40/><V11/><F133/><W113/><G113/><N who="2" m="43593" /><F126/><W69/><G69/><T74/><D43/><U90/><E101/><V121/><F121/><W59/><G59/><T132/><D57/><U118/><E103/><V61/><F61/><W123/><G123/><T24/><D132/><U4/><E118/><V50/><F50/><W99/><N who="3" m="24576" /><DORA hai="38" /><W53/><G53/><T28/><D48/><U102/><E102/><V73/><F73/><W51/><G51/><T46/><D74/><U79/><E58/><V83/><F83/><W72/><G72/><T20/><D65/><AGARI ba="1,1" hai="12,13,14,60,65,70,81,86,88,92,94" m="24576" machi="65" ten="60,7700,0" yaku="1,1,54,1,53,1" doraHai="124,38" doraHaiUra="62,25" who="3" fromWho="0" sc="208,-80,323,0,378,0,81,90" /><INIT seed="7,0,0,4,4,41" ten="128,323,378,171" oya="3" hai0="25,49,74,84,23,81,63,114,43,16,54,0,33" hai1="52,26,58,78,104,64,15,51,36,29,55,4,19" hai2="11,73,1,62,103,6,69,75,32,120,10,91,96" hai3="113,67,132,92,13,68,115,82,83,17,9,131,111"/><W90/><G131/><T66/><D0/><U93/><E104/><N who="2" m="63591" /><F91/><W127/><G132/><T71/><D74/><U47/><E36/><V28/><F11/><W18/><G127/><T85/><D114/><N who="3" m="43529" /><G111/><T116/><D116/><U8/><E78/><V87/><F87/><N who="3" m="52319" /><G18/><T45/><D33/><U72/><E72/><V44/><F44/><W20/><G20/><T112/><D112/><U125/><E125/><V37/><F37/><W121/><G121/><T108/><D108/><U124/><E124/><V79/><F79/><W88/><G88/><T56/><REACH who="0" step="1"/><D81/><REACH who="0" ten="118,323,378,171" step="2"/><U126/><E126/><V27/><F120/><W5/><G83/><T102/><D102/><U70/><E70/><V97/><F75/><W123/><G82/><T89/><D89/><U134/><E134/><V34/><F73/><W99/><G123/><T77/><D77/><U110/><E110/><V53/><F34/><W100/><G100/><T3/><D3/><U107/><E107/><V60/><F1/><W31/><G68/><T21/><D21/><N who="1" m="15567" /><E93/><V38/><F69/><W14/><G9/><T35/><D35/><U40/><E4/><V133/><F6/><W2/><G5/><T57/><D57/><U76/><E76/><V122/><F122/><W50/><G2/><T101/><D101/><U48/><E64/><V30/><F32/><W7/><G67/><T119/><D119/><U105/><E105/><V24/><F133/><W117/><G7/><T95/><D95/><U39/><E39/><AGARI ba="0,1" hai="16,23,25,39,43,45,49,54,56,63,66,71,84,85" machi="39" ten="30,12000,2" yaku="1,1,7,1,24,2,52,1,54,1,53,1" doraHai="41" doraHaiUra="22" who="0" fromWho="1" sc="118,130,323,-120,378,0,171,0" owari="248,4.8,203,-19.7,378,47.8,171,-32.9" /></mjloggm>