<mjloggm ver="2.3"><GO type="169" lobby="0"/><UN n0="%E9%BA%BB%E9%9B%80%49%51%31%32%30" n1="%E3%81%94%E3%82%8B%E3%81%AF%E3%82%80%33%30" n2="%79%61%73%73%61%6E" n3="%E4%BB%8A%E6%97%A5%E4%B8%80" dan="16,17,16,17" rate="2097.38,2177.15,2185.96,2220.86" sx="M,F,M,M"/><TAIKYOKU oya="0"/><INIT seed="0,0,0,5,2,135" ten="250,250,250,250" oya="0" hai0="41,17,5,115,127,52,110,108,46,66,125,31,32" hai1="77,38,106,84,89,45,72,98,90,109,13,29,107" hai2="111,134,2,100,6,73,76,87,78,68,123,88,97" hai3="92,44,54,7,27,42,20,33,53,22,58,103,37"/><T130/><D115/><U59/><E109/><N who="0" m="42089" /><D130/><U30/><E72/><V10/><F111/><W55/><G33/><T101/><D101/><U124/><E77/><V113/><F134/><W126/><G7/><T105/><D105/><U116/><E116/><V128/><F128/><W75/><G75/><T133/><D133/><U62/><E13/><V86/><F123/><W91/><G103/><T120/><D120/><U65/><E89/><V94/><F113/><W119/><G22/><T71/><D17/><U35/><E98/><V118/><F118/><W23/><G20/><T40/><D66/><U80/><E35/><V50/><F68/><W26/><G26/><N who="0" m="18551" /><D71/><U64/><E64/><V9/><F86/><W95/><G119/><T16/><D16/><U104/><E29/><V82/><F9/><W129/><G129/><T121/><D121/><U56/><E30/><V74/><F74/><W4/><G4/><T8/><D52/><U3/><E65/><V83/><F76/><W99/><G58/><T132/><D132/><U93/><E56/><V85/><F73/><W11/><G11/><T48/><D40/><U70/><E70/><V28/><F28/><W131/><G131/><T39/><D39/><U81/><E59/><V43/><F43/><W49/><G37/><T69/><D69/><U21/><E21/><V24/><F24/><W47/><G47/><T114/><D114/><U18/><E45/><V51/><AGARI ba="0,0" hai="2,6,10,50,51,78,82,83,85,87,88,94,97,100" machi="51" ten="30,2000,0" yaku="0,1,54,1" doraHai="135" who="2" fromWho="2" sc="250,-10,250,-5,250,20,250,-5" /><INIT seed="1,0,0,0,3,134" ten="240,245,270,245" oya="1" hai0="60,58,39,86,78,10,76,27,53,66,19,111,31" hai1="43,56,35,70,16,14,133,21,28,17,50,73,104" hai2="32,33,135,96,106,42,37,63,65,11,44,54,41" hai3="6,2,67,105,5,128,64,108,83,102,103,55,130"/><U84/><E73/><V36/><F135/><W92/><G105/><T9/><D111/><U29/><E133/><V85/><F85/><W25/><G108/><T97/><D39/><U112/><E112/><V88/><F11/><W38/><G38/><T13/><D97/><U22/><E70/><V121/><F121/><W1/><G83/><T75/><D75/><U125/><E125/><V34/><F54/><W110/><G110/><T91/><D9/><U8/><E104/><V45/><F88/><W82/><G82/><T89/><D89/><U126/><E126/><V100/><REACH who="2" step="1"/><F33/><REACH who="2" ten="240,245,260,245" step="2"/><W114/><G114/><T80/><D53/><U87/><E8/><V122/><F122/><W30/><G55/><T93/><D80/><U101/><E35/><AGARI ba="0,1" hai="10,13,19,27,31,35,58,60,66,76,78,86,91,93" machi="35" ten="30,1000,0" yaku="7,1" doraHai="134" who="0" fromWho="1" sc="240,20,245,-10,260,0,245,0" /><INIT seed="2,0,0,5,5,19" ten="260,235,260,245" oya="2" hai0="132,125,76,13,70,135,123,104,66,99,41,32,87" hai1="103,10,64,119,107,26,96,79,2,89,5,72,44" hai2="98,113,88,120,22,54,34,115,121,23,78,65,57" hai3="111,106,83,90,133,91,27,20,101,130,71,126,35"/><V102/><F34/><W131/><G111/><T31/><D13/><U84/><E119/><V118/><F118/><W61/><G126/><T85/><D41/><U29/><E64/><V117/><F78/><W52/><G35/><T48/><D48/><U62/><E62/><V127/><F117/><W47/><G133/><T55/><D55/><U24/><E44/><V128/><F65/><W63/><G101/><T69/><D123/><U74/><E79/><V3/><F3/><W11/><G11/><T8/><D8/><U38/><E38/><V56/><F102/><W12/><G12/><T80/><D87/><U50/><E50/><V37/><F98/><W53/><G106/><T100/><D125/><U45/><E45/><V40/><F88/><N who="3" m="33835" /><G83/><T59/><D59/><U18/><E18/><V112/><F127/><W110/><G110/><T94/><D94/><U93/><REACH who="1" step="1"/><E26/><REACH who="1" ten="260,225,260,245" step="2"/><V82/><F113/><W28/><G47/><T46/><D46/><U33/><AGARI ba="0,1" hai="2,5,10,24,29,33,72,74,84,89,93,96,103,107" machi="33" ten="20,5200,0" yaku="1,1,2,1,0,1,7,1,53,0" doraHai="19" doraHaiUra="36" who="1" fromWho="1" sc="260,-13,225,62,260,-26,245,-13" /><INIT seed="3,0,0,4,1,63" ten="247,287,234,232" oya="3" hai0="110,57,28,18,22,100,14,15,42,75,24,96,46" hai1="65,51,80,1,109,77,126,62,91,38,121,118,0" hai2="98,97,10,113,69,133,49,17,74,71,94,7,29" hai3="60,21,132,66,5,12,128,105,106,115,11,47,54"/><W43/><G128/><T84/><D110/><U90/><E38/><V82/><F113/><W41/><G132/><T79/><D75/><U20/><E121/><V116/><F29/><W25/><G115/><T34/><D79/><U26/><E109/><V27/><F97/><W58/><G43/><T48/><D84/><U86/><E126/><V81/><F133/><W130/><G130/><T39/><D57/><U4/><E51/><V50/><F27/><W61/><G61/><T134/><D134/><U85/><E4/><V40/><F17/><W93/><G93/><T3/><D3/><U87/><E118/><V78/><F81/><W107/><G54/><T102/><D39/><U53/><E53/><V70/><F40/><W135/><G135/><T103/><REACH who="0" step="1"/><D14/><REACH who="0" ten="237,287,234,232" step="2"/><U83/><E86/><V6/><F116/><W127/><G127/><T64/><D64/><U111/><E77/><V119/><F119/><W52/><G41/><T72/><D72/><U99/><E111/><V23/><F70/><W32/><G32/><T2/><D2/><U9/><E99/><AGARI ba="0,1" hai="15,18,22,24,28,34,42,46,48,96,99,100,102,103" machi="99" ten="40,1300,0" yaku="1,1,53,0" doraHai="63" doraHaiUra="67" who="0" fromWho="1" sc="237,23,287,-13,234,0,232,0" /><INIT seed="4,0,0,5,2,71" ten="260,274,234,232" oya="0" hai0="121,0,110,1,70,20,112,67,94,80,30,57,22" hai1="122,135,15,27,95,5,6,4,11,123,127,130,113" hai2="13,3,82,134,98,56,128,10,111,85,108,39,118" hai3="36,101,51,58,74,114,60,84,44,93,124,62,34"/><T18/><D70/><U102/><E130/><V89/><F128/><W129/><G74/><T65/><D121/><U16/><E135/><V81/><F134/><W107/><G129/><T72/><D72/><U19/><E127/><V104/><F3/><W43/><G124/><T59/><D94/><U126/><E126/><V17/><F118/><W64/><G114/><T49/><D30/><U23/><REACH who="1" step="1"/><E113/><REACH who="1" ten="260,264,234,232" step="2"/><V14/><F108/><W120/><G120/><T77/><D112/><U105/><E105/><V2/><F111/><W92/><G107/><T41/><D110/><U99/><AGARI ba="0,1" hai="4,5,6,11,15,16,19,23,27,95,99,102,122,123" machi="99" ten="30,4000,0" yaku="1,1,0,1,54,1,53,0" doraHai="71" doraHaiUra="86" who="1" fromWho="1" sc="260,-20,264,50,234,-10,232,-10" /><INIT seed="5,0,0,2,5,123" ten="240,314,224,222" oya="1" hai0="133,100,18,109,76,24,99,39,83,30,54,10,110" hai1="50,120,89,121,102,20,52,104,47,85,46,130,88" hai2="28,0,1,8,74,105,26,48,41,58,27,17,86" hai3="75,95,77,6,78,4,68,2,56,71,42,82,124"/><U93/><E130/><V117/><F74/><W87/><G124/><T129/><D129/><U43/><E104/><V101/><F117/><W103/><G42/><T113/><D39/><U21/><E102/><V19/><F101/><W9/><G6/><T11/><D113/><U7/><E7/><V72/><F72/><W45/><G45/><T84/><D54/><U44/><E44/><V25/><F105/><W51/><G78/><T14/><D10/><U32/><E32/><V114/><F41/><W73/><G73/><T119/><D133/><U59/><E47/><V94/><F86/><W92/><G92/><T79/><D79/><U60/><REACH who="1" step="1"/><E89/><REACH who="1" ten="240,304,224,222" step="2"/><V70/><F114/><W36/><G103/><T134/><D119/><U64/><E64/><V12/><F0/><W31/><G4/><T55/><D55/><U15/><E15/><V38/><F1/><W69/><G2/><T53/><D53/><U97/><E97/><V23/><F12/><W67/><G67/><T62/><D134/><U107/><E107/><V135/><F135/><W81/><G77/><T128/><D128/><U125/><E125/><V5/><F5/><W115/><G115/><T3/><D3/><U131/><E131/><V16/><F25/><W127/><G127/><T34/><D62/><U63/><E63/><V37/><F26/><W61/><G61/><T90/><D90/><U106/><E106/><AGARI ba="0,1" hai="11,14,18,24,30,34,76,83,84,99,100,106,109,110" machi="106" ten="30,3900,0" yaku="7,1,52,2" doraHai="123" who="0" fromWho="1" sc="240,49,304,-39,224,0,222,0" /><INIT seed="6,0,0,4,0,62" ten="289,265,224,222" oya="2" hai0="58,98,109,42,46,64,37,18,130,116,81,55,122" hai1="32,54,87,102,114,123,61,76,49,108,106,84,112" hai2="8,86,2,69,19,14,85,20,99,104,100,60,67" hai3="93,68,94,77,95,53,115,11,134,40,10,7,35"/><V83/><REACH who="2" step="1"/><F83/><REACH who="2" ten="289,265,214,222" step="2"/><W39/><G115/><T63/><D81/><U117/><E112/><V107/><F107/><W135/><G95/><T50/><D122/><U4/><E114/><V113/><F113/><W80/><G80/><T44/><D116/><U9/><E123/><V79/><F79/><W96/><G77/><T5/><D130/><U12/><E117/><V78/><F78/><W92/><G92/><T71/><D109/><U30/><E108/><V126/><F126/><W41/><G94/><T118/><D118/><U124/><E124/><V26/><F26/><W0/><G93/><T33/><D33/><U105/><E76/><V13/><F13/><W121/><G35/><T73/><D73/><U127/><E127/><V16/><F16/><W47/><G121/><T31/><D18/><U56/><E105/><V110/><F110/><W28/><G0/><T90/><D90/><U75/><E75/><V132/><F132/><W72/><G72/><T82/><D82/><U3/><E3/><V24/><F24/><W129/><G129/><T74/><D74/><U48/><E106/><V111/><F111/><W52/><G135/><T119/><D119/><U70/><E32/><V103/><F103/><W29/><G134/><T125/><D125/><U131/><E102/><V27/><F27/><W43/><G29/><T22/><D31/><U23/><E131/><V36/><F36/><W89/><G39/><T66/><D37/><U101/><E101/><V21/><F21/><W6/><G28/><T65/><D22/><U120/><E30/><V59/><F59/><W38/><G38/><RYUUKYOKU ba="0,1" sc="289,-10,265,-10,214,30,222,-10" hai2="2,8,14,19,20,60,67,69,85,86,99,100,104" /><INIT seed="6,1,1,0,0,135" ten="279,255,244,212" oya="2" hai0="104,92,114,74,9,57,45,103,94,66,118,133,105" hai1="6,75,56,81,44,112,27,51,77,99,41,13,16" hai2="122,64,96,39,101,18,36,8,106,63,90,98,50" hai3="67,116,70,34,15,32,85,73,129,68,5,7,89"/><V23/><F122/><W17/><G116/><T78/><D45/><U72/><E112/><V79/><F79/><W71/><G73/><T109/><D109/><U113/><E113/><V14/><F50/><W19/><G67/><T28/><D28/><U123/><E123/><V3/><F90/><W134/><G134/><T48/><D9/><U11/><E99/><V82/><F82/><W30/><G129/><T38/><D38/><U58/><E72/><V84/><F84/><W60/><G60/><T52/><D66/><U25/><E25/><V69/><REACH who="2" step="1"/><F96/><REACH who="2" ten="279,255,234,212" step="2"/><W87/><G87/><T26/><D78/><U33/><E81/><V46/><F46/><W49/><G49/><T43/><D48/><U130/><E77/><V97/><F97/><W29/><G89/><T127/><D114/><U2/><E75/><V80/><F80/><W128/><G85/><T62/><D74/><U12/><E51/><V24/><F24/><W132/><G132/><T124/><D26/><U120/><E44/><V40/><F40/><W108/><G128/><T100/><D43/><U131/><E41/><V102/><F102/><W125/><G108/><T42/><D42/><U95/><E120/><V37/><F37/><W65/><G34/><T119/><D133/><U0/><E130/><V111/><F111/><W88/><G88/><T31/><D119/><U55/><E131/><V59/><F59/><W91/><G91/><T22/><D118/><U107/><E56/><V1/><F1/><W110/><G32/><T21/><D103/><U121/><E121/><V47/><F47/><W115/><G110/><RYUUKYOKU ba="1,2" sc="279,-10,255,-10,234,30,212,-10" hai2="3,8,14,18,23,36,39,63,64,69,98,101,106" /><INIT seed="6,2,2,4,0,104" ten="269,245,264,202" oya="2" hai0="6,16,84,102,2,44,85,63,31,109,132,37,4" hai1="124,25,36,91,39,45,83,1,65,98,129,41,35" hai2="121,130,114,3,92,79,18,57,33,24,20,56,49" hai3="27,96,134,112,78,135,47,67,99,8,75,9,123"/><V21/><F121/><W58/><G123/><T34/><D109/><U40/><E1/><V11/><F130/><W69/><G69/><T60/><D102/><U87/><E129/><V118/><F118/><W46/><G27/><T66/><D34/><U105/><E65/><V32/><F79/><W80/><G112/><T61/><D31/><U115/><E115/><V107/><F107/><W125/><G125/><T10/><D66/><U133/><E124/><V73/><F73/><W15/><G47/><T94/><D4/><U110/><E110/><V100/><F21/><W89/><G46/><T74/><D94/><U55/><E133/><N who="3" m="50698" /><G89/><T70/><D70/><U7/><E39/><V42/><F42/><W51/><G8/><T19/><D44/><U86/><E36/><V108/><F114/><W0/><G0/><T14/><D37/><U17/><E40/><V122/><F122/><W29/><G29/><T97/><D2/><U62/><E41/><V77/><F56/><W120/><G120/><T93/><D10/><U90/><E45/><V59/><F59/><W103/><G103/><T68/><D68/><U5/><E35/><V106/><F11/><W52/><G67/><T117/><D132/><U76/><E91/><V95/><F3/><W71/><G71/><T28/><D28/><U43/><E43/><V131/><F108/><W64/><G64/><T119/><D119/><U26/><E26/><V127/><F127/><W82/><G82/><T113/><D113/><U54/><E25/><V48/><F131/><W101/><G101/><T126/><D117/><U81/><E90/><RYUUKYOKU ba="2,2" sc="269,-10,245,-10,264,-10,202,30" hai3="9,15,51,52,58,75,78,80,96,99" /><INIT seed="7,3,2,0,5,34" ten="259,235,254,232" oya="3" hai0="113,83,66,79,80,56,27,88,33,12,84,124,42" hai1="60,109,72,75,74,18,11,62,71,49,9,92,118" hai2="63,95,43,20,54,22,85,103,78,87,35,24,69" hai3="5,39,6,32,8,82,65,107,57,28,98,131,99"/><W19/><G39/><T67/><D42/><U96/><E109/><V114/><F35/><W122/><G122/><T23/><D124/><U36/><E36/><V40/><F22/><W77/><G19/><T115/><D12/><U125/><E125/><V64/><F114/><N who="0" m="43530" /><D56/><U111/><E111/><V126/><F54/><W90/><G131/><T1/><D1/><U121/><E121/><V17/><F126/><W104/><G6/><T76/><D33/><U101/><E118/><V110/><F110/><W89/><G32/><T7/><D7/><U4/><E71/><V86/><REACH who="2" step="1"/><F78/><REACH who="2" ten="259,235,244,232" step="2"/><W116/><G116/><T134/><D76/><U15/><REACH who="1" step="1"/><E49/><REACH who="1" ten="259,225,244,232" step="2"/><V130/><F130/><W97/><G107/><T38/><D38/><U46/><E46/><V21/><F21/><W13/><G104/><T59/><D23/><U61/><E61/><V93/><F93/><W41/><G28/><T25/><D80/><U31/><E31/><V3/><F3/><AGARI ba="3,4" hai="3,4,9,11,15,18,60,62,72,74,75,92,96,101" machi="3" ten="40,2600,0" yaku="1,1,52,1,53,0" doraHai="34" doraHaiUra="68" who="1" fromWho="2" sc="259,0,225,75,244,-35,232,0" owari="259,5.9,300,40.0,209,-29.1,232,-16.8" /></mjloggm>