<mjloggm ver="2.3"><GO type="169" lobby="0"/><UN n0="%E7%B1%B3%E3%81%BC%E3%81%86%E3%82%84%E3%81%8F%E3%82%93" n1="%E4%BA%8C%E6%8A%9E%E4%BA%BA" n2="%65%6B%61%72%75%74%65" n3="%54%4F%52" dan="16,16,16,16" rate="2167.91,2057.28,2113.02,2149.53" sx="M,F,M,M"/><TAIKYOKU oya="0"/><INIT seed="0,0,0,2,3,84" ten="250,250,250,250" oya="0" hai0="32,40,126,117,60,24,56,64,95,82,37,9,47" hai1="61,38,13,14,111,114,124,112,131,44,30,106,92" hai2="66,69,83,35,98,118,130,128,54,87,116,65,1" hai3="103,59,100,90,12,93,25,4,18,76,91,51,29"/><T20/><D117/><N who="2" m="45162" /><F1/><W27/><G76/><T133/><D126/><U71/><E106/><V109/><F35/><W6/><G103/><T0/><D133/><U34/><E124/><V52/><F98/><N who="3" m="59471" /><G29/><T45/><D32/><U28/><E111/><V21/><F21/><N who="3" m="11463" /><G27/><T134/><D134/><U70/><E38/><V5/><F5/><N who="3" m="2155" /><G25/><T50/><D9/><U68/><E34/><V115/><F115/><W39/><G39/><T55/><D0/><U74/><E74/><V123/><F123/><W79/><G79/><T15/><D95/><U104/><E92/><V67/><F69/><W62/><G51/><T57/><D82/><U105/><E70/><V88/><F109/><W121/><G121/><T89/><D15/><U113/><E113/><V43/><F43/><W48/><G48/><T7/><D7/><U107/><E107/><V41/><F41/><W80/><G80/><T10/><D10/><U42/><E42/><V23/><F23/><W8/><G8/><T122/><D122/><U46/><E131/><AGARI ba="0,0" hai="52,54,65,66,67,83,87,88,128,130,131" m="45162" machi="131" ten="40,8000,1" yaku="19,1,12,1,52,1,54,2" doraHai="84" who="2" fromWho="1" sc="250,0,250,-80,250,80,250,0" /><INIT seed="1,0,0,0,4,76" ten="250,170,330,250" oya="1" hai0="90,129,5,69,19,108,9,23,18,109,71,126,24" hai1="122,131,0,86,77,102,124,79,40,38,96,39,57" hai2="60,80,93,29,125,12,47,97,120,82,3,85,107" hai3="101,63,26,105,61,132,45,15,58,20,92,35,42"/><U100/><E122/><V37/><F120/><W51/><G132/><T104/><D104/><U13/><E0/><V8/><F125/><W134/><G134/><T62/><D126/><U84/><E124/><V78/><F3/><W32/><G105/><T53/><D129/><U87/><E40/><V113/><F113/><W67/><G15/><N who="0" m="7535" /><D5/><U65/><E13/><V50/><F37/><W68/><G101/><N who="1" m="39018" /><E57/><V25/><F60/><W112/><G92/><T103/><D103/><U54/><E54/><V27/><F82/><W75/><G75/><T73/><D73/><U55/><E55/><N who="2" m="30175" /><F29/><W133/><G112/><T36/><D36/><N who="1" m="13867" /><E65/><V48/><F48/><W115/><G115/><T11/><D53/><U127/><E127/><V46/><F46/><W74/><G74/><T116/><D62/><U91/><E96/><V81/><F81/><W89/><G89/><T21/><D90/><U66/><E66/><V52/><F52/><W22/><G133/><T117/><D117/><U7/><E91/><N who="2" m="55487" /><F107/><W88/><G88/><T110/><D116/><U59/><E59/><V34/><F34/><W1/><G1/><T4/><D23/><U17/><E77/><V99/><F99/><W94/><G63/><T33/><D33/><U31/><E79/><V14/><F14/><AGARI ba="0,0" hai="4,11,14,19,21,24,69,71,108,109,110" m="7535" machi="14" ten="30,1000,0" yaku="14,1" doraHai="76" who="0" fromWho="2" sc="250,10,170,0,330,-10,250,0" /><INIT seed="2,0,0,5,5,52" ten="260,170,320,250" oya="2" hai0="113,31,131,114,83,104,4,121,96,115,81,132,53" hai1="62,87,60,38,41,76,77,127,71,33,93,102,29" hai2="61,46,19,57,58,88,64,5,21,54,133,35,124" hai3="122,116,134,106,12,49,130,103,72,85,91,117,56"/><V112/><F112/><W39/><G39/><T101/><D4/><U123/><E127/><V59/><F35/><W107/><G122/><T135/><D31/><U25/><E123/><V2/><F124/><W24/><G72/><T55/><D121/><U95/><E38/><V78/><F133/><N who="0" m="51274" /><D55/><U13/><E41/><V73/><F73/><W30/><G134/><T16/><D53/><U86/><E13/><V47/><F78/><W36/><G36/><T7/><D7/><U26/><E29/><V105/><F105/><W80/><G130/><T0/><D0/><U15/><E15/><V50/><F47/><W94/><G107/><T99/><D16/><U37/><E37/><V14/><REACH who="2" step="1"/><F88/><REACH who="2" ten="260,170,310,250" step="2"/><W48/><G106/><N who="0" m="63783" /><D131/><U89/><E89/><V42/><F42/><W40/><G91/><T27/><D27/><U6/><E102/><AGARI ba="0,1" hai="81,83,99,102,104,113,114,115" m="63783,51274" machi="102" ten="40,5200,0" yaku="20,1,34,2" doraHai="52" who="0" fromWho="1" sc="260,62,170,-52,310,0,250,0" /><INIT seed="3,0,0,1,4,96" ten="322,118,310,250" oya="3" hai0="44,17,48,133,30,83,8,132,19,90,123,128,35" hai1="11,112,127,16,50,61,86,9,84,126,12,135,109" hai2="108,63,125,81,52,7,4,31,73,111,77,59,104" hai3="120,89,76,37,42,53,68,58,119,56,40,39,130"/><W116/><G76/><T101/><D123/><U65/><E112/><V103/><F31/><W62/><G89/><T124/><D128/><U22/><E109/><N who="2" m="42059" /><F125/><N who="1" m="47625" /><E135/><N who="0" m="51785" /><D124/><U88/><E84/><V6/><F104/><W32/><G32/><T36/><D36/><N who="3" m="13897" /><G120/><T100/><D30/><U2/><E2/><V5/><F5/><W129/><G68/><T72/><D35/><U23/><E9/><V20/><F20/><W25/><G25/><T41/><D90/><U117/><E117/><N who="3" m="45130" /><G58/><T13/><D19/><U70/><E50/><V60/><F60/><W110/><G110/><T55/><D41/><AGARI ba="0,0" hai="40,41,42,53,56,62,129,130" m="45130,13897" machi="41" ten="40,3900,0" yaku="34,2" doraHai="96" who="3" fromWho="0" sc="322,-39,118,0,310,0,250,39" /><INIT seed="3,1,0,2,1,84" ten="283,118,310,289" oya="3" hai0="47,132,31,2,34,58,35,63,41,16,121,25,62" hai1="36,86,105,59,100,67,20,18,101,104,42,11,81" hai2="5,54,119,123,12,39,23,80,75,48,96,52,3" hai3="106,22,87,110,1,89,37,51,76,57,108,49,65"/><W40/><G1/><T53/><D121/><U77/><E36/><V135/><F119/><W116/><G116/><T56/><D2/><U114/><E114/><V74/><F39/><W91/><G106/><T115/><D115/><U97/><E42/><V64/><F123/><W120/><G120/><T113/><D113/><U93/><E11/><V46/><F135/><W21/><G37/><T72/><D72/><U98/><E67/><V14/><F64/><W69/><G69/><T107/><D107/><U60/><E60/><V9/><F96/><W30/><G65/><T128/><D128/><U85/><E59/><V45/><F80/><N who="3" m="47495" /><G57/><T43/><D35/><U33/><E33/><V109/><F109/><N who="3" m="42091" /><G21/><T28/><D58/><U79/><E20/><V124/><F124/><W78/><G78/><T13/><D56/><U122/><E122/><V102/><F102/><W90/><G40/><T68/><D43/><U111/><E111/><V66/><F66/><W61/><G61/><T0/><D41/><U95/><E18/><V127/><F127/><W99/><G99/><T19/><D19/><U8/><E8/><V117/><F117/><W26/><AGARI ba="1,0" hai="22,26,30,49,51,89,90,91" m="42091,47495" machi="26" ten="40,12000,1" yaku="14,1,10,1,52,3" doraHai="84" who="3" fromWho="3" sc="283,-41,118,-41,310,-41,289,123" /><INIT seed="3,2,0,4,4,85" ten="242,77,269,412" oya="3" hai0="127,1,74,25,100,50,125,27,42,75,92,128,55" hai1="13,46,15,101,130,83,78,93,81,98,5,45,103" hai2="80,132,41,76,47,68,111,94,73,133,69,36,90" hai3="18,79,131,96,118,71,87,89,95,107,0,9,44"/><W60/><G118/><T124/><D1/><U104/><E130/><V22/><F111/><W29/><G131/><T33/><D42/><U121/><E121/><V129/><F129/><W17/><G29/><N who="0" m="19631" /><D128/><U59/><E104/><V28/><F28/><W88/><G79/><T86/><D27/><U6/><E78/><V11/><F22/><W7/><G44/><N who="0" m="28103" /><D86/><U117/><E59/><V102/><F102/><W91/><G107/><T31/><D31/><U110/><E110/><V134/><REACH who="2" step="1"/><F11/><REACH who="2" ten="242,77,259,412" step="2"/><W12/><G0/><T19/><D19/><N who="3" m="7177" /><G71/><T62/><D62/><U21/><E117/><V48/><F48/><W135/><G135/><T126/><D126/><U58/><E21/><V16/><F16/><W49/><G60/><T38/><D38/><U37/><E37/><V56/><F56/><W109/><G109/><T52/><D124/><U39/><E58/><V24/><F24/><W23/><G23/><T77/><D125/><U65/><E39/><V8/><F8/><W66/><G66/><T99/><D127/><U63/><E65/><V54/><F54/><W70/><G70/><T51/><D52/><U10/><E10/><V113/><F113/><W114/><G114/><T116/><D51/><U3/><E63/><V32/><F32/><W34/><G34/><T30/><D30/><U97/><E3/><V26/><F26/><W72/><G49/><T53/><D53/><U43/><E43/><V14/><F14/><W61/><G61/><T64/><D116/><U57/><E57/><V105/><F105/><W4/><G12/><T115/><D115/><U108/><E108/><RYUUKYOKU ba="2,1" sc="242,-15,77,15,259,15,412,-15" hai1="5,6,13,15,45,46,81,83,93,97,98,101,103" hai2="36,41,47,68,69,73,76,80,90,94,132,133,134" /><INIT seed="4,3,1,2,2,33" ten="227,92,274,397" oya="0" hai0="23,95,48,68,131,57,72,78,64,119,129,96,30" hai1="14,51,85,74,92,77,67,28,70,43,66,115,104" hai2="101,0,41,128,103,83,45,132,37,22,16,134,133" hai3="47,15,69,87,86,81,100,26,27,8,82,79,55"/><T40/><D119/><U117/><E117/><V127/><F127/><W2/><G69/><T122/><D122/><U62/><E67/><V76/><F0/><W60/><G100/><T130/><D68/><U124/><E124/><V120/><F128/><W21/><G2/><T34/><D34/><U99/><E28/><V108/><F108/><W80/><G60/><T116/><D116/><U58/><E14/><N who="2" m="9495" /><F120/><W121/><G121/><T11/><D11/><U52/><E115/><V71/><F71/><W10/><G10/><T89/><D40/><U61/><E74/><AGARI ba="3,1" hai="37,41,45,74,76,83,101,103,132,133,134" m="9495" machi="74" ten="30,2000,0" yaku="20,1,54,1" doraHai="33" who="2" fromWho="1" sc="227,0,92,-29,274,39,397,0" /><INIT seed="5,0,0,0,5,27" ten="227,63,313,397" oya="1" hai0="90,13,25,40,42,14,96,5,9,26,132,22,61" hai1="60,91,113,94,71,30,47,12,4,28,32,53,130" hai2="67,135,98,123,56,1,81,120,24,36,119,38,88" hai3="75,93,86,108,121,82,87,95,65,78,79,64,2"/><U134/><E113/><V6/><F119/><W50/><G2/><T7/><D132/><U73/><E73/><V80/><F135/><W48/><G82/><T55/><D14/><U105/><E134/><V69/><F69/><W33/><G75/><T16/><D7/><U23/><E32/><V19/><F38/><W29/><G33/><T76/><D76/><U54/><E105/><V103/><F36/><W122/><REACH who="3" step="1"/><G29/><REACH who="3" ten="227,63,313,387" step="2"/><N who="1" m="11370" /><E71/><V100/><F81/><W31/><G31/><T97/><D26/><U58/><E130/><V117/><F80/><W116/><G116/><T51/><D61/><U39/><E39/><V99/><F24/><W92/><G92/><N who="0" m="56343" /><D97/><N who="1" m="57567" /><E47/><AGARI ba="0,1" hai="5,9,13,16,22,25,40,42,47,51,55" m="56343" machi="47" ten="30,2000,0" yaku="8,1,54,1" doraHai="27" who="0" fromWho="1" sc="227,30,63,-20,313,0,387,0" /><INIT seed="6,0,0,5,2,126" ten="257,43,313,387" oya="2" hai0="41,107,120,33,3,132,53,20,80,55,105,66,112" hai1="87,35,113,65,82,38,26,32,67,23,89,49,86" hai2="117,114,101,18,72,42,22,48,36,37,119,19,0" hai3="10,129,69,58,110,47,124,29,68,52,74,70,5"/><V127/><F0/><W64/><G110/><T2/><D120/><U130/><E38/><V56/><F72/><W91/><G74/><T88/><D66/><U98/><E113/><V51/><F114/><W100/><G100/><T76/><D112/><U109/><E109/><V115/><F115/><W106/><G106/><T59/><D33/><U17/><E35/><V9/><F127/><W93/><G124/><T128/><D41/><U135/><E135/><V57/><F101/><W25/><G47/><T39/><D20/><U44/><E32/><V27/><F22/><W31/><G64/><T60/><D39/><U103/><E87/><V121/><F9/><W71/><G71/><T43/><D43/><U75/><E75/><V46/><F42/><W111/><G111/><T85/><D132/><U94/><REACH who="1" step="1"/><E130/><REACH who="1" ten="257,33,313,387" step="2"/><V6/><F37/><W77/><G129/><T78/><D128/><U125/><E125/><V131/><F36/><W79/><G79/><T13/><D85/><U24/><E24/><V90/><F27/><W84/><G77/><T61/><D78/><U99/><E99/><V97/><F97/><W50/><REACH who="3" step="1"/><G25/><REACH who="3" ten="257,33,313,377" step="2"/><T4/><D76/><U21/><E21/><V134/><F131/><W116/><G116/><T95/><D107/><U118/><E118/><V16/><F117/><W96/><G96/><T14/><D105/><U45/><E45/><V11/><F46/><W83/><G83/><T7/><D80/><U133/><E133/><V73/><F119/><W30/><G30/><T102/><D95/><U40/><AGARI ba="0,2" hai="17,23,26,40,44,49,65,67,82,86,89,94,98,103" machi="40" ten="20,5200,0" yaku="1,1,0,1,7,1,8,1,53,0" doraHai="126" doraHaiUra="34" who="1" fromWho="1" sc="257,-13,33,72,313,-26,377,-13" /><INIT seed="7,0,0,0,0,33" ten="244,105,287,364" oya="3" hai0="11,117,46,61,62,91,26,101,64,7,23,37,113" hai1="84,135,19,129,47,8,6,126,123,86,103,5,114" hai2="134,58,30,65,52,107,100,130,1,90,41,111,109" hai3="3,55,98,35,78,36,0,116,122,85,34,74,81"/><W57/><G36/><T118/><D101/><U125/><E103/><V121/><F130/><W20/><G116/><T21/><D91/><U73/><E73/><V59/><F134/><W50/><G122/><T25/><D37/><U96/><E96/><V48/><F121/><W31/><G98/><T119/><D46/><U18/><E123/><V124/><F124/><N who="1" m="47721" /><E47/><V9/><F30/><W27/><G35/><T2/><D113/><U112/><E86/><V104/><F41/><W83/><G34/><T63/><D64/><U28/><E84/><V68/><F68/><W29/><G29/><T110/><D110/><U131/><E28/><V72/><F72/><W70/><G70/><T14/><D63/><U120/><E120/><V76/><F76/><AGARI ba="0,0" hai="0,3,20,27,31,50,55,57,74,76,78,81,83,85" machi="76" ten="30,5800,0" yaku="7,1,52,2" doraHai="33" who="3" fromWho="2" sc="244,0,105,0,287,-58,364,58" owari="244,4.4,105,-39.5,229,-17.1,422,52.2" /></mjloggm>