<mjloggm ver="2.3"><GO type="169" lobby="0"/><UN n0="%E5%9C%A7%E5%80%92%E7%9A%84%E3%83%9D%E3%83%B3" n1="%6D%79%6D%65%6C%6F%58%58" n2="%4D%E6%9C%AC" n3="%E6%B3%A2%E4%B9%83%E7%90%86" dan="17,17,16,16" rate="2213.84,2210.87,2128.88,2117.85" sx="M,F,M,M"/><TAIKYOKU oya="0"/><INIT seed="0,0,0,0,4,39" ten="250,250,250,250" oya="0" hai0="4,101,66,57,92,129,19,114,64,109,126,122,115" hai1="134,125,21,87,16,99,78,36,95,81,75,120,73" hai2="108,43,46,12,50,30,72,59,42,3,9,86,133" hai3="15,28,135,116,76,83,51,93,24,117,55,10,89"/><T107/><D107/><U7/><E120/><V105/><F72/><W62/><G135/><T77/><D122/><U5/><E134/><V128/><F133/><W47/><G62/><T44/><D4/><U1/><E125/><V38/><F3/><W18/><G76/><T60/><D126/><U118/><E118/><V54/><F105/><W32/><REACH who="3" step="1"/><G83/><REACH who="3" ten="250,250,250,240" step="2"/><T91/><D77/><U35/><E78/><V6/><F108/><W80/><G80/><T29/><D109/><U94/><E81/><V104/><F128/><W56/><G56/><T11/><D129/><U82/><E82/><V8/><F104/><W41/><G41/><T25/><D115/><U123/><E75/><V31/><F43/><W88/><G88/><T63/><D114/><U17/><E73/><V79/><F79/><W132/><G132/><T112/><D112/><U119/><E123/><V110/><F110/><W130/><G130/><T27/><D91/><U127/><E127/><V106/><F106/><W111/><G111/><T121/><D121/><U26/><E95/><V70/><F70/><W96/><AGARI ba="0,1" hai="10,15,18,24,28,32,47,51,55,89,93,96,116,117" machi="96" ten="20,2700,0" yaku="1,1,0,1,7,1,53,0" doraHai="39" doraHaiUra="34" who="3" fromWho="3" sc="250,-13,250,-7,250,-7,240,37" /><INIT seed="1,0,0,2,1,121" ten="237,243,243,277" oya="1" hai0="4,132,5,97,61,60,28,40,122,116,105,120,129" hai1="51,86,52,94,24,11,91,135,123,107,69,20,81" hai2="85,21,131,92,90,115,100,101,118,130,9,82,79" hai3="34,1,111,65,38,74,89,114,10,84,15,88,62"/><U95/><E135/><V76/><F9/><W59/><G114/><T19/><D116/><U12/><E123/><N who="0" m="47145" /><D132/><U33/><E33/><V26/><F118/><W16/><G74/><T57/><D40/><U80/><E69/><V8/><F8/><W93/><G34/><T70/><D28/><U109/><E107/><V112/><F21/><W22/><G38/><T73/><D73/><U71/><E71/><V42/><F26/><W103/><G103/><N who="2" m="39497" /><F42/><W113/><G113/><N who="2" m="43593" /><F79/><W30/><G30/><T67/><D129/><U43/><E43/><V45/><F45/><W46/><G46/><T134/><D134/><U3/><E3/><V41/><F41/><W27/><G1/><T63/><D63/><U6/><E109/><V64/><F64/><W47/><G47/><T56/><D70/><U54/><E81/><V106/><F106/><W102/><G111/><T77/><D77/><U133/><E133/><V49/><F49/><W13/><G27/><T14/><D105/><U99/><E51/><V23/><F23/><W78/><G78/><T124/><D5/><U44/><E44/><V87/><AGARI ba="0,0" hai="76,82,85,87,90,92,130,131" m="43593,39497" machi="87" ten="30,4000,0" yaku="11,1,34,2" doraHai="121" who="2" fromWho="2" sc="237,-10,243,-20,243,40,277,-10" /><INIT seed="2,0,0,2,3,27" ten="227,223,283,267" oya="2" hai0="135,81,108,133,21,109,76,39,17,30,10,104,12" hai1="38,77,83,59,53,50,52,66,40,101,113,119,102" hai2="111,94,36,90,106,71,92,6,31,105,29,114,60" hai3="70,54,73,58,69,75,28,41,22,123,33,5,45"/><V9/><F114/><W127/><G123/><T4/><D104/><U72/><E113/><V87/><F36/><W26/><G127/><T47/><D39/><U98/><E119/><V124/><F124/><W117/><G117/><T25/><D47/><U42/><E38/><V0/><F111/><N who="0" m="42570" /><D81/><U34/><E34/><V24/><F94/><W85/><G5/><T51/><D51/><U13/><E66/><V99/><F99/><W80/><G41/><T120/><D76/><U11/><E53/><V103/><F103/><W91/><G45/><T93/><D93/><U18/><REACH who="1" step="1"/><E102/><REACH who="1" ten="227,213,283,267" step="2"/><V14/><F71/><W23/><G70/><T1/><D120/><U130/><E130/><V56/><F0/><W122/><G69/><T128/><D128/><U134/><E134/><V62/><F62/><W132/><G132/><T67/><D67/><U48/><E48/><V3/><F3/><W20/><REACH who="3" step="1"/><G122/><REACH who="3" ten="227,213,283,257" step="2"/><T78/><D78/><U107/><AGARI ba="0,2" hai="11,13,18,40,42,50,52,59,72,77,83,98,101,107" machi="107" ten="20,8000,1" yaku="1,1,0,1,7,1,54,1,53,1" doraHai="27" doraHaiUra="15" who="1" fromWho="1" sc="227,-20,213,100,283,-40,257,-20" /><INIT seed="3,0,0,5,5,15" ten="207,313,243,237" oya="3" hai0="90,8,37,78,39,36,24,121,1,131,122,44,75" hai1="84,108,46,32,118,51,43,63,132,115,106,50,35" hai2="16,53,130,77,29,123,22,125,72,54,31,65,129" hai3="34,10,127,101,5,20,61,4,19,52,107,110,82"/><W91/><G34/><T45/><D75/><U40/><E115/><V86/><F72/><W126/><G107/><T119/><D78/><U87/><E106/><V26/><F65/><W71/><G71/><T0/><D119/><U114/><E114/><V6/><F6/><W111/><G101/><T30/><D131/><N who="2" m="50186" /><F125/><N who="3" m="47627" /><G91/><T128/><D128/><U133/><E63/><V113/><F113/><W96/><G96/><T109/><D109/><N who="3" m="41481" /><G82/><T47/><D90/><U83/><E108/><V104/><F104/><W58/><G10/><T66/><D66/><U89/><E118/><V120/><F31/><W105/><G105/><T85/><D85/><U13/><E89/><V3/><F29/><W42/><G42/><T59/><D8/><U81/><E84/><V38/><F38/><W79/><G79/><T11/><D11/><U2/><E87/><V48/><F3/><W55/><G55/><N who="2" m="21001" /><F48/><W7/><G4/><T57/><D30/><U74/><E74/><V68/><F68/><W80/><G80/><AGARI ba="0,0" hai="16,22,26,77,80,86,120,123" m="21001,50186" machi="80" ten="30,3900,0" yaku="19,1,52,1,54,1" doraHai="15" who="2" fromWho="3" sc="207,0,313,0,243,39,237,-39" /><INIT seed="4,0,0,2,0,36" ten="207,313,282,198" oya="0" hai0="88,29,53,12,109,15,129,126,28,133,120,67,57" hai1="13,127,59,42,78,80,104,92,106,31,86,34,62" hai2="20,74,116,10,90,68,48,113,94,17,38,66,27" hai3="56,4,16,128,19,134,135,117,3,41,100,95,103"/><T87/><D120/><U0/><E0/><V39/><F113/><W37/><G117/><T132/><D109/><U1/><E1/><V110/><F110/><W114/><G114/><T98/><D67/><U124/><E13/><N who="0" m="5193" /><D98/><U2/><E2/><V51/><F74/><W75/><G75/><T115/><D115/><U79/><E79/><V33/><F10/><N who="3" m="2335" /><G128/><T25/><D25/><N who="1" m="18799" /><E42/><V83/><F83/><W118/><G118/><T123/><D123/><U35/><E92/><V50/><F116/><W81/><G81/><N who="0" m="49263" /><D129/><U108/><E35/><V121/><F121/><W18/><G56/><T46/><D46/><U119/><E119/><V63/><REACH who="2" step="1"/><F33/><REACH who="2" ten="207,313,272,198" step="2"/><W125/><G125/><N who="1" m="48202" /><E108/><V102/><F102/><W40/><G37/><T6/><D126/><U97/><E97/><AGARI ba="0,1" hai="17,20,27,38,39,48,50,51,63,66,68,90,94,97" machi="97" ten="40,1300,0" yaku="1,1,53,0" doraHai="36" doraHaiUra="82" who="2" fromWho="1" sc="207,0,313,-13,272,23,198,0" /><INIT seed="5,0,0,5,4,123" ten="207,300,295,198" oya="1" hai0="58,21,62,130,115,29,93,8,4,61,43,113,16" hai1="97,87,107,64,27,41,54,86,88,31,119,112,53" hai2="63,131,106,50,117,73,36,3,30,60,99,38,77" hai3="126,1,96,116,45,32,33,48,132,26,127,76,37"/><U74/><E119/><V44/><F117/><W125/><G1/><T47/><D29/><U135/><E74/><V13/><F3/><W10/><G116/><T128/><D93/><U55/><E112/><N who="0" m="43081" /><D8/><U81/><E135/><V18/><F30/><W51/><G132/><T19/><D4/><U42/><E64/><V14/><F131/><N who="0" m="50218" /><D58/><U85/><E81/><V133/><F133/><W39/><G76/><T94/><D94/><N who="1" m="56519" /><E107/><V35/><F35/><N who="3" m="13387" /><G26/><N who="0" m="14631" /><D19/><U98/><E98/><V46/><F18/><W89/><G10/><T114/><N who="0" m="43089" /><T104/><DORA hai="90" /><D104/><U78/><E78/><V110/><F77/><W120/><G120/><T95/><D95/><U15/><E15/><V24/><F99/><W79/><G79/><T12/><D12/><U11/><E11/><V111/><F106/><W105/><G105/><T124/><D124/><U2/><E2/><V103/><F73/><W59/><G96/><T5/><D5/><U56/><E56/><V108/><F24/><W70/><G70/><T28/><D28/><U72/><E72/><V67/><F103/><W66/><G89/><T25/><D25/><U109/><E27/><V23/><F23/><W65/><G59/><T52/><D52/><U0/><E0/><V68/><F14/><W71/><G71/><T75/><D75/><U121/><E31/><V122/><F13/><W100/><G100/><T102/><D102/><U20/><E20/><V118/><F118/><W91/><G91/><T80/><D80/><U40/><E121/><V92/><F122/><W69/><G69/><T83/><D83/><U82/><E82/><RYUUKYOKU ba="0,0" sc="207,15,300,15,295,-15,198,-15" hai0="43,47,61,62" hai1="40,41,42,53,54,55,85,86,87,109" /><INIT seed="5,1,0,2,1,15" ten="222,315,280,183" oya="1" hai0="28,6,94,132,128,4,134,41,26,40,67,46,17" hai1="31,84,121,72,108,32,95,33,80,56,96,75,102" hai2="79,131,47,16,3,27,62,83,99,60,65,125,98" hai3="44,114,37,112,42,11,24,55,110,82,74,70,22"/><U23/><E121/><V89/><F3/><W77/><G70/><T30/><D67/><U104/><E108/><V19/><F125/><W135/><G110/><T118/><D118/><U78/><E56/><V54/><F131/><W9/><G55/><T129/><D94/><U120/><E120/><V18/><F27/><W57/><G57/><T133/><D41/><U100/><E100/><V66/><F79/><W116/><G135/><T86/><D86/><U87/><E87/><N who="2" m="50431" /><F62/><W35/><G35/><T106/><D106/><U109/><E109/><V81/><F81/><W1/><G116/><T90/><D90/><N who="1" m="53703" /><E75/><V38/><F38/><W68/><G68/><T48/><D30/><U93/><E93/><V5/><F5/><W73/><G73/><T10/><D10/><U21/><E31/><V8/><F8/><W0/><G11/><T13/><D13/><U113/><E113/><V69/><F69/><W63/><G63/><T20/><REACH who="0" step="1"/><D28/><REACH who="0" ten="212,315,280,183" step="2"/><U12/><E12/><V111/><F111/><W91/><G9/><T92/><D92/><U64/><E64/><N who="2" m="24683" /><F60/><W105/><G105/><T7/><AGARI ba="1,1" hai="4,6,7,17,20,26,40,46,48,128,129,132,133,134" machi="7" ten="40,8000,1" yaku="1,1,0,1,20,1,52,1,53,0" doraHai="15" doraHaiUra="107" who="0" fromWho="0" sc="212,93,315,-41,280,-21,183,-21" /><INIT seed="6,0,0,5,1,78" ten="305,274,259,162" oya="2" hai0="94,84,32,95,92,102,128,73,106,41,104,9,35" hai1="115,38,54,21,97,57,18,15,82,28,93,74,105" hai2="7,51,62,25,77,135,110,42,132,100,70,116,14" hai3="52,31,33,120,3,43,29,101,30,64,108,80,16"/><V89/><F116/><W27/><G120/><T67/><D73/><U36/><E105/><V103/><F110/><W56/><G108/><T87/><D67/><U121/><E115/><V1/><F1/><W37/><G3/><T11/><D41/><U58/><E121/><V13/><F77/><W109/><G109/><T4/><D4/><U40/><E28/><V81/><F25/><W117/><G117/><T19/><D19/><U90/><E58/><V47/><F70/><W131/><G131/><T86/><D128/><U0/><E0/><V39/><F62/><W22/><G101/><N who="2" m="38985" /><F39/><W129/><G129/><T66/><D66/><U50/><E40/><V76/><F89/><W53/><G37/><T12/><D12/><U68/><E68/><V113/><F113/><W34/><G43/><T61/><D61/><U134/><E134/><N who="2" m="51243" /><F7/><W6/><G6/><T123/><D123/><U107/><E107/><N who="0" m="41001" /><D102/><U111/><E111/><V8/><F8/><AGARI ba="0,0" hai="8,9,11,32,35,84,86,87,92,94,95" m="41001" machi="8" ten="40,2600,0" yaku="28,2" doraHai="78" who="0" fromWho="2" sc="305,26,274,0,259,-26,162,0" /><INIT seed="7,0,0,3,5,37" ten="331,274,233,162" oya="3" hai0="76,130,112,5,85,0,49,21,95,72,35,29,6" hai1="100,105,16,50,54,107,114,38,69,68,9,71,90" hai2="44,113,81,74,42,62,125,41,118,84,104,3,82" hai3="63,115,121,75,45,108,39,55,34,65,40,59,13"/><W77/><G121/><T91/><D130/><U83/><E38/><V2/><F118/><W57/><G34/><T36/><D36/><U12/><E114/><V58/><F104/><W101/><G115/><T111/><D111/><U10/><E10/><V52/><F113/><W46/><G108/><T96/><D72/><U48/><E48/><V18/><F125/><W97/><G46/><T24/><D112/><U94/><E100/><V103/><F103/><W11/><G75/><T79/><D35/><U30/><E30/><V117/><F117/><W116/><G77/><N who="0" m="29771" /><D0/><U73/><E73/><V109/><F109/><W119/><G65/><T78/><D49/><U47/><E94/><V8/><F74/><W92/><REACH who="3" step="1"/><G59/><REACH who="3" ten="331,274,233,152" step="2"/><T87/><D78/><U132/><E132/><V122/><F122/><W14/><G14/><T98/><D24/><U127/><E127/><V126/><F126/><W86/><G86/><AGARI ba="0,1" hai="9,12,16,47,50,54,68,69,71,83,86,90,105,107" machi="86" ten="40,5200,0" yaku="25,2,54,1" doraHai="37" who="1" fromWho="3" sc="331,0,274,62,233,0,152,-52" owari="331,13.1,336,43.6,233,-16.7,100,-40.0" /></mjloggm>