<mjloggm ver="2.3"><GO type="169" lobby="0"/><UN n0="%E5%85%BC%E6%98%8E%E5%81%8F%E6%9A%97" n1="%E6%95%97%E5%8C%97%E8%80%85%E3%81%AD%E3%82%8B" n2="%E3%81%A6%E3%82%93%E3%81%8F%E3%81%86" n3="%E9%9B%AA%E3%83%8E%E4%B8%8B%E9%9B%AA%E4%B9%83" dan="16,17,16,16" rate="2197.73,2204.19,2186.87,2060.82" sx="M,F,M,F"/><TAIKYOKU oya="0"/><INIT seed="0,0,0,4,1,120" ten="250,250,250,250" oya="0" hai0="64,112,73,83,129,13,19,125,39,44,35,22,113" hai1="95,103,36,90,60,66,8,118,57,48,88,32,55" hai2="133,91,70,106,23,45,107,6,28,31,17,58,86" hai3="131,108,46,9,67,43,105,96,104,42,41,0,62"/><T82/><D35/><U33/><E36/><V117/><F70/><W61/><G131/><T50/><D129/><U26/><E118/><V10/><F133/><W110/><G46/><T38/><D125/><U11/><E103/><V122/><F122/><W98/><G9/><T81/><D73/><U15/><E26/><V34/><F34/><W77/><G77/><T124/><D124/><U47/><E90/><V126/><F126/><W102/><G0/><T135/><D64/><U18/><REACH who="1" step="1"/><E8/><REACH who="1" ten="250,240,250,250" step="2"/><V12/><F10/><W115/><G115/><T69/><D135/><U40/><E40/><V92/><F91/><W99/><G102/><T1/><D112/><U68/><E68/><V74/><F117/><W94/><G94/><T71/><D113/><U25/><E25/><V52/><F92/><W84/><G84/><AGARI ba="0,1" hai="11,15,18,32,33,47,48,55,57,60,66,84,88,95" machi="84" ten="30,3900,0" yaku="1,1,7,1,54,1,53,0" doraHai="120" doraHaiUra="123" who="1" fromWho="3" sc="250,0,240,49,250,0,250,-39" /><INIT seed="1,0,0,5,0,104" ten="250,289,250,211" oya="1" hai0="30,43,5,50,1,115,58,72,47,109,67,15,19" hai1="83,98,31,44,128,55,126,39,66,110,132,27,0" hai2="79,14,102,12,100,129,33,85,94,13,16,34,63" hai3="127,78,11,71,54,107,7,40,90,73,6,57,121"/><U86/><E0/><V75/><F129/><W91/><G121/><T8/><D115/><U56/><E128/><V18/><F63/><W76/><G71/><T120/><D109/><U96/><E126/><V117/><F117/><W123/><G127/><T62/><D30/><U89/><E132/><V80/><F102/><W88/><G123/><T116/><D120/><U42/><E110/><V131/><F131/><W3/><G107/><T118/><REACH who="0" step="1"/><D72/><REACH who="0" ten="240,289,250,211" step="2"/><U17/><E66/><V48/><F34/><W51/><G73/><T70/><D70/><U25/><E17/><V135/><F33/><W29/><G29/><T105/><D105/><U134/><E134/><V112/><F112/><W21/><G7/><T24/><D24/><U59/><E25/><V113/><F113/><W36/><REACH who="3" step="1"/><G21/><AGARI ba="0,1" hai="1,5,8,15,19,21,43,47,50,58,62,67,116,118" machi="21" ten="30,2000,0" yaku="1,1,7,1,53,0" doraHai="104" doraHaiUra="92" who="0" fromWho="3" sc="240,30,289,0,250,0,211,-20" /><INIT seed="2,0,0,0,5,56" ten="270,289,250,191" oya="2" hai0="19,44,17,79,90,28,130,15,60,32,49,77,50" hai1="75,18,58,115,80,82,63,5,127,70,96,112,11" hai2="43,9,68,45,52,109,14,84,31,95,55,101,105" hai3="126,12,88,100,97,8,66,4,22,114,26,92,72"/><V69/><F31/><W0/><G126/><T74/><D130/><U113/><E127/><V94/><F105/><W21/><G72/><T57/><D74/><U33/><E33/><V39/><F109/><W116/><G116/><T86/><D28/><U62/><E75/><V131/><F131/><W104/><G114/><T20/><D32/><U102/><E18/><V61/><F94/><W34/><G34/><T2/><D2/><U25/><E25/><V89/><F101/><W37/><G37/><T135/><D135/><U125/><E125/><V7/><REACH who="2" step="1"/><F68/><REACH who="2" ten="270,289,240,191" step="2"/><W10/><G26/><T81/><D19/><U134/><E134/><V107/><F107/><W38/><G38/><T117/><D117/><U91/><E102/><V48/><F48/><W24/><G24/><T73/><D50/><U123/><E70/><V122/><F122/><W53/><G104/><T78/><D73/><U23/><E123/><V129/><F129/><W54/><G100/><T65/><REACH who="0" step="1"/><D90/><REACH who="0" ten="260,289,240,191" step="2"/><U87/><E91/><V3/><F3/><W93/><G88/><T128/><D128/><U67/><E115/><V83/><F83/><W118/><G0/><T103/><D103/><U13/><E82/><V120/><F120/><W1/><G1/><T30/><D30/><U110/><E80/><V41/><F41/><AGARI ba="0,2" hai="15,17,20,41,44,49,57,60,65,77,78,79,81,86" machi="41" ten="30,7700,0" yaku="1,1,7,1,8,1,52,1,53,0" doraHai="56" doraHaiUra="106" who="0" fromWho="2" sc="260,97,289,0,240,-77,191,0" /><INIT seed="3,0,0,2,1,100" ten="357,289,163,191" oya="3" hai0="87,125,107,85,11,54,0,123,59,31,122,119,71" hai1="40,5,18,42,65,61,30,55,32,114,132,20,26" hai2="77,46,110,111,50,84,22,15,35,118,37,51,19" hai3="52,72,45,23,117,70,93,131,2,129,6,92,89"/><W98/><G117/><T95/><D71/><U86/><E114/><V33/><F118/><W44/><G70/><T38/><D38/><U1/><E132/><V120/><F37/><W13/><G72/><T90/><D119/><U126/><E126/><V106/><F120/><W56/><G2/><T68/><D68/><U102/><E55/><V25/><F25/><W78/><G78/><T3/><D125/><U109/><E109/><N who="2" m="41483" /><F50/><W96/><G129/><T73/><D73/><U104/><E86/><V127/><F127/><W48/><G131/><T101/><D31/><U64/><E64/><V121/><F121/><W79/><G79/><T76/><D122/><U4/><E4/><V99/><F84/><W17/><REACH who="3" step="1"/><G6/><REACH who="3" ten="357,289,163,181" step="2"/><T9/><D123/><U97/><E5/><V21/><F77/><W75/><G75/><T88/><D76/><U80/><E1/><V8/><F33/><W24/><G24/><T47/><D0/><U53/><E32/><V60/><F35/><W124/><G124/><T41/><D3/><U112/><E26/><V7/><F7/><W12/><G12/><T135/><D135/><U103/><E112/><V58/><F15/><W116/><G116/><T66/><D9/><U36/><E20/><V94/><F21/><W39/><G39/><T133/><D11/><U57/><E36/><V91/><F22/><W10/><G10/><T81/><D133/><U108/><E108/><V49/><F8/><W105/><G105/><T16/><D107/><U130/><E104/><V74/><F106/><W27/><G27/><T82/><D82/><U128/><E130/><RYUUKYOKU ba="0,1" sc="357,-10,289,-10,163,-10,181,30" hai3="13,17,23,44,45,48,52,56,89,92,93,96,98" /><INIT seed="3,1,1,1,4,101" ten="347,279,153,211" oya="3" hai0="104,92,97,19,43,6,112,130,89,12,95,48,105" hai1="115,14,132,129,26,90,38,5,107,3,62,54,42" hai2="21,2,125,81,15,80,93,102,70,45,66,82,96" hai3="86,52,4,127,1,28,91,123,109,32,7,18,74"/><W116/><G116/><T79/><D130/><U36/><E115/><V50/><F125/><W114/><G123/><T131/><D131/><U49/><E3/><V61/><F2/><W37/><G114/><T68/><D112/><U133/><E129/><V35/><F35/><W60/><G74/><T122/><D122/><U85/><E62/><V110/><F110/><W63/><G37/><T128/><D68/><U99/><E42/><V118/><F118/><W55/><G127/><T17/><D128/><U67/><E67/><V64/><F64/><W29/><G32/><T119/><D119/><U98/><E26/><V16/><REACH who="2" step="1"/><F81/><REACH who="2" ten="347,279,143,211" step="2"/><W117/><G1/><T11/><D79/><U108/><E108/><V53/><AGARI ba="1,2" hai="15,16,21,45,50,53,61,66,70,80,82,93,96,102" machi="53" ten="20,8000,1" yaku="1,1,2,1,0,1,7,1,54,1,53,0" doraHai="101" doraHaiUra="33" who="2" fromWho="2" sc="347,-21,279,-21,143,103,211,-41" /><INIT seed="4,0,0,2,1,16" ten="326,258,246,170" oya="0" hai0="130,126,97,99,131,82,7,48,95,53,121,54,22" hai1="115,102,120,77,100,39,69,117,52,127,133,31,15" hai2="73,14,45,18,67,105,9,3,32,35,63,23,103" hai3="91,122,10,21,80,84,50,96,38,30,116,42,13"/><T65/><D121/><U110/><E117/><V64/><F73/><W118/><G122/><T56/><D126/><U92/><E120/><V78/><F78/><W60/><G38/><T61/><D7/><U128/><E110/><V109/><F109/><W28/><G116/><T58/><D82/><U34/><E69/><V112/><F112/><W81/><G118/><T47/><D22/><U114/><E39/><V41/><F103/><W25/><G60/><T98/><REACH who="0" step="1"/><D95/><REACH who="0" ten="316,258,246,170" step="2"/><U104/><E92/><V87/><F23/><W57/><G81/><T90/><D90/><U51/><E127/><V93/><F93/><W129/><G129/><T29/><D29/><U12/><E128/><V71/><F32/><W36/><G30/><T43/><D43/><U70/><E31/><V83/><F35/><W123/><G123/><T19/><D19/><U108/><E34/><V49/><F105/><W94/><G42/><T76/><D76/><U11/><E77/><V4/><F4/><W135/><G135/><T0/><D0/><U72/><E104/><V17/><F17/><W101/><G36/><T8/><D8/><U62/><E11/><V27/><F3/><W119/><G119/><T46/><D46/><U88/><E133/><V125/><F125/><W85/><G10/><T134/><D134/><U75/><E115/><V44/><F44/><W24/><G21/><T40/><D40/><U113/><E113/><V107/><F107/><N who="3" m="63911" /><G28/><T111/><D111/><U20/><E108/><V1/><F1/><W66/><G94/><T132/><D132/><U86/><E114/><V5/><F9/><RYUUKYOKU ba="0,1" sc="316,30,258,-10,246,-10,170,-10" hai0="47,48,53,54,56,58,61,65,97,98,99,130,131" /><INIT seed="4,1,1,2,3,11" ten="346,248,236,160" oya="0" hai0="70,28,88,79,105,66,41,83,75,86,34,76,134" hai1="25,77,1,132,56,87,57,39,93,98,53,33,47" hai2="37,30,63,92,65,10,90,0,48,16,101,18,111" hai3="31,5,43,22,97,50,135,14,20,2,133,67,61"/><T122/><D122/><U126/><E1/><V3/><F37/><W84/><G2/><T17/><D134/><N who="3" m="51209" /><G97/><T95/><D41/><U120/><E120/><V54/><F111/><W100/><G100/><T71/><D79/><U124/><E132/><V26/><F101/><W130/><G130/><T40/><D40/><U119/><E119/><V131/><F131/><W127/><G127/><N who="1" m="48682" /><E39/><V62/><F62/><W46/><G31/><T81/><D81/><N who="1" m="47535" /><E47/><V114/><F114/><W91/><G5/><T29/><D34/><U38/><E38/><V102/><F102/><W59/><G14/><T24/><D105/><U128/><E128/><V96/><F0/><W121/><G121/><T6/><D6/><U35/><E25/><V89/><F3/><W113/><G113/><T44/><D44/><U19/><E19/><V13/><F18/><W115/><G115/><T68/><REACH who="0" step="1"/><D66/><REACH who="0" ten="336,248,236,160" step="2"/><U51/><E57/><V103/><F65/><W73/><G73/><T78/><D78/><U72/><E72/><V49/><F92/><AGARI ba="1,2" hai="20,22,43,46,50,59,61,67,84,91,92" m="51209" machi="92" ten="30,1000,0" yaku="20,1" doraHai="11" who="3" fromWho="2" sc="336,0,248,0,236,-13,160,33" /><INIT seed="5,0,0,4,3,22" ten="336,248,223,193" oya="1" hai0="46,67,48,41,128,84,83,106,132,26,24,19,47" hai1="85,105,62,79,94,123,29,131,52,70,65,120,129" hai2="110,90,42,28,112,64,88,60,117,101,73,96,21" hai3="87,8,5,91,114,76,126,125,104,92,98,17,53"/><U44/><E105/><V31/><F110/><W108/><G108/><T63/><D106/><U72/><E72/><V43/><F117/><W82/><G114/><T113/><D113/><U61/><E29/><V100/><F73/><W55/><G17/><T134/><D128/><N who="1" m="49227" /><E94/><V95/><F112/><W7/><G7/><T3/><D3/><U81/><E61/><V25/><F31/><W27/><G27/><T39/><D19/><U124/><E124/><N who="3" m="47722" /><G104/><T1/><D1/><AGARI ba="0,0" hai="1,5,8,53,55,76,82,87,91,92,98" m="47722" machi="1" ten="30,1000,0" yaku="18,1" doraHai="22" who="3" fromWho="0" sc="336,-10,248,0,223,0,193,10" /><INIT seed="6,0,0,3,4,126" ten="326,248,223,203" oya="2" hai0="0,118,93,78,46,54,86,33,81,104,66,59,80" hai1="85,27,131,135,107,51,49,127,34,43,123,40,20" hai2="119,56,23,52,1,82,19,110,74,113,114,129,102" hai3="28,132,61,69,95,124,103,55,18,98,115,44,63"/><V2/><F119/><W3/><G124/><T83/><D104/><U24/><E107/><V14/><F102/><W64/><G132/><T6/><D33/><U21/><E34/><V38/><F38/><W25/><G115/><N who="2" m="44041" /><F110/><W26/><G3/><T13/><D0/><U11/><E127/><V72/><F129/><W94/><G18/><T70/><D70/><U73/><E73/><N who="2" m="28267" /><F82/><W9/><G9/><N who="0" m="4279" /><D118/><U128/><E11/><V32/><F32/><W37/><G37/><T53/><D93/><U133/><REACH who="1" step="1"/><E85/><REACH who="1" ten="326,238,223,203" step="2"/><V106/><F106/><W47/><G95/><T71/><D86/><U31/><E31/><V111/><F111/><W99/><G94/><T120/><D81/><U101/><E101/><V97/><F97/><W7/><G103/><T96/><D80/><U91/><E91/><V36/><F36/><W108/><G99/><T29/><D96/><U12/><E12/><V77/><F77/><W17/><G98/><T79/><D79/><U16/><E16/><V15/><F15/><W109/><G17/><T100/><D100/><U5/><E5/><V76/><F76/><W45/><G7/><T117/><D29/><U60/><E60/><AGARI ba="0,1" hai="1,2,14,19,23,52,56,60" m="28267,44041" machi="60" ten="30,2900,0" yaku="15,1,54,1" doraHai="126" who="2" fromWho="1" sc="326,0,238,-29,223,39,203,0" /><INIT seed="6,1,0,2,1,10" ten="326,209,262,203" oya="2" hai0="71,4,125,76,133,43,50,93,73,122,90,2,129" hai1="92,8,113,120,86,68,96,42,77,38,95,99,5" hai2="134,126,119,70,107,44,37,75,6,31,102,3,97" hai3="64,16,36,52,53,41,121,21,87,112,66,108,55"/><V9/><F119/><W29/><G121/><T103/><D122/><U13/><E68/><V1/><F134/><W109/><G108/><T14/><D71/><U111/><E120/><V67/><F126/><W124/><G109/><T60/><D125/><U28/><E111/><V88/><F88/><W80/><G124/><T100/><D2/><U127/><E127/><V128/><F1/><W84/><G112/><T106/><D129/><U132/><E132/><V48/><F48/><W118/><G118/><T32/><D32/><U58/><E113/><V54/><F54/><W105/><G105/><T49/><D60/><U135/><E28/><V24/><F128/><W56/><G29/><T7/><D133/><U62/><E42/><N who="2" m="22607" /><F24/><N who="3" m="14375" /><G41/><T130/><D43/><U34/><E34/><V79/><F31/><W23/><G36/><T101/><D106/><U63/><E38/><V26/><F26/><W25/><G56/><T110/><D130/><U22/><E22/><V115/><F115/><W33/><G33/><T74/><D110/><U69/><E69/><V18/><F18/><N who="3" m="12535" /><G87/><N who="0" m="52447" /><D74/><U0/><E0/><V46/><F46/><W72/><G72/><T98/><D73/><U104/><E135/><V51/><F75/><W82/><G82/><T35/><D35/><U47/><E47/><V78/><F70/><W15/><G15/><T12/><D12/><U57/><E104/><V19/><F19/><W81/><G81/><T85/><D14/><U27/><E27/><V11/><F3/><W61/><G61/><N who="1" m="23050" /><E77/><AGARI ba="1,0" hai="52,53,55,64,66,77,80,84" m="12535,14375" machi="77" ten="30,3900,0" yaku="8,1,54,2" doraHai="10" who="3" fromWho="1" sc="326,0,209,-42,262,0,203,42" /><INIT seed="7,0,0,3,4,46" ten="326,167,262,245" oya="3" hai0="0,35,69,109,7,110,21,87,107,52,2,65,23" hai1="113,34,68,8,133,126,38,134,121,127,82,89,54" hai2="29,81,128,94,67,98,117,124,63,91,53,22,62" hai3="106,26,116,28,78,40,102,43,114,18,111,131,84"/><W105/><G116/><T15/><D107/><U41/><E34/><V3/><F3/><W97/><G114/><T24/><D52/><U95/><E8/><V112/><F128/><W72/><G131/><T103/><D103/><U73/><E68/><V59/><F124/><N who="1" m="47657" /><E54/><V20/><F112/><W66/><G111/><T101/><D101/><U83/><E41/><V49/><F117/><W33/><G106/><T76/><D87/><N who="1" m="52671" /><E38/><V80/><F62/><W135/><G135/><N who="1" m="51722" /><E113/><V85/><F29/><W90/><G66/><T37/><D37/><U100/><E121/><V71/><REACH who="2" step="1"/><F81/><REACH who="2" ten="326,167,252,245" step="2"/><N who="1" m="30729" /><E100/><AGARI ba="0,1" hai="20,22,49,53,59,63,67,71,80,85,91,94,98,100" machi="100" ten="30,7700,0" yaku="1,1,7,1,52,1,53,1" doraHai="46" doraHaiUra="60" who="2" fromWho="1" sc="326,0,167,-77,252,87,245,0" owari="326,12.6,90,-41.0,339,43.9,245,-15.5" /></mjloggm>