<mjloggm ver="2.3"><GO type="169" lobby="0"/><UN n0="%E3%83%97%E3%83%AC%E3%82%B9%E3%83%97" n1="%E3%81%A1%E3%82%83%E3%81%B0%E3%82%8A%E3%83%BC%E3%82%84" n2="%E7%8F%BE%E5%A0%B4%E3%81%AD%E3%81%93" n3="%E5%A4%A7%E7%A9%BA%E3%82%B9%E3%83%90%E3%83%AB%E2%98%86" dan="16,16,16,16" rate="2194.00,2110.52,2084.63,2099.97" sx="M,M,M,F"/><TAIKYOKU oya="0"/><INIT seed="0,0,0,4,4,59" ten="250,250,250,250" oya="0" hai0="20,133,78,49,27,8,115,24,19,38,81,132,71" hai1="11,32,91,90,76,18,42,135,17,101,95,52,94" hai2="16,30,13,15,44,5,112,7,131,116,85,124,39" hai3="83,84,74,57,96,119,36,23,99,66,50,45,31"/><T51/><D38/><U60/><E135/><N who="0" m="51785" /><D115/><U75/><E32/><V58/><F30/><W121/><G74/><N who="0" m="43223" /><D71/><U63/><E75/><V0/><F0/><W108/><G36/><T61/><D8/><U53/><E76/><V125/><F112/><W1/><G1/><T33/><D61/><N who="1" m="23627" /><E42/><V80/><F58/><W79/><G119/><T87/><D87/><N who="1" m="52575" /><E101/><V43/><F15/><W103/><G121/><T54/><D54/><N who="1" m="21099" /><E11/><V35/><F35/><W126/><G103/><T37/><D37/><U62/><N who="1" m="23635" /><U29/><DORA hai="110" /><E29/><AGARI ba="0,0" hai="19,20,24,27,29,33,49,51" m="43223,51785" machi="29" ten="30,1500,0" yaku="20,1" doraHai="59,110" who="0" fromWho="1" sc="250,15,250,-15,250,0,250,0" /><INIT seed="0,1,0,2,3,80" ten="265,235,250,250" oya="0" hai0="3,21,69,44,15,116,50,97,27,119,47,100,128" hai1="66,86,99,118,127,106,73,49,115,24,114,35,32" hai2="9,104,57,11,135,0,71,133,121,63,78,45,132" hai3="23,4,72,117,124,12,113,51,130,5,89,42,29"/><T107/><D3/><U83/><E118/><V64/><F121/><W62/><G72/><T52/><D128/><U36/><E36/><V95/><F104/><W38/><G38/><T34/><D69/><U120/><E120/><V79/><F45/><W37/><G37/><T6/><D34/><U93/><E127/><V14/><F0/><W103/><G103/><T84/><D47/><U54/><E66/><V55/><F95/><W31/><G113/><N who="1" m="43018" /><E73/><V110/><F110/><W18/><G117/><T134/><D134/><U126/><E24/><V112/><F112/><W131/><G124/><T94/><D15/><U56/><E106/><V70/><F9/><W30/><G62/><T13/><D13/><U74/><E74/><V10/><F11/><W7/><G51/><T33/><D33/><U20/><E20/><V81/><F78/><W53/><G53/><T77/><D6/><U111/><E111/><V102/><F102/><W39/><G39/><T75/><D75/><U58/><E58/><V123/><F64/><W16/><G42/><T98/><D98/><U67/><E67/><V87/><REACH who="2" step="1"/><F123/><REACH who="2" ten="265,235,240,250" step="2"/><W109/><G109/><T8/><D8/><U41/><E126/><V46/><F46/><W26/><G89/><T76/><D76/><N who="1" m="46439" /><E41/><V1/><F1/><W22/><AGARI ba="1,1" hai="4,5,7,12,16,18,22,23,26,29,30,31,130,131" machi="22" ten="40,8000,1" yaku="0,1,34,3,54,1" doraHai="80" who="3" fromWho="3" sc="265,-41,235,-21,240,-21,250,93" /><INIT seed="1,0,0,4,0,64" ten="224,214,219,343" oya="1" hai0="24,100,67,124,34,44,130,108,38,12,77,132,39" hai1="40,90,95,48,7,97,98,46,125,79,113,37,106" hai2="50,56,87,63,104,135,82,23,110,31,2,70,86" hai3="55,72,119,126,25,58,49,121,35,69,102,117,127"/><U26/><E113/><V17/><F110/><W15/><G72/><T115/><D100/><U29/><E125/><N who="3" m="47626" /><G102/><T128/><D77/><U99/><E79/><V59/><F104/><W109/><G15/><T65/><D12/><U75/><E75/><V96/><F2/><W57/><G25/><T92/><D92/><U89/><E37/><V134/><F96/><W41/><G35/><T91/><D91/><U9/><E106/><V111/><F31/><W5/><G5/><T36/><D124/><U66/><E66/><N who="2" m="41311" /><F50/><W30/><G30/><N who="0" m="19783" /><D115/><U0/><REACH who="1" step="1"/><E90/><REACH who="1" ten="224,204,219,343" step="2"/><V93/><F134/><W84/><G119/><T103/><D132/><U11/><E11/><V16/><F135/><W61/><G117/><T32/><D67/><U78/><E78/><V118/><F118/><W85/><G109/><T6/><D65/><U52/><E52/><V94/><F111/><W62/><G55/><T68/><D108/><U133/><E133/><V3/><F23/><AGARI ba="0,1" hai="0,7,9,23,26,29,40,46,48,89,95,97,98,99" machi="23" ten="30,2900,0" yaku="1,1,7,1,53,0" doraHai="64" doraHaiUra="14" who="1" fromWho="2" sc="224,0,204,39,219,-29,343,0" /><INIT seed="1,1,0,1,0,87" ten="224,243,190,343" oya="1" hai0="26,91,4,71,115,20,27,102,59,64,94,29,23" hai1="66,47,135,41,54,122,21,119,68,15,93,62,109" hai2="28,8,58,40,92,125,82,127,128,132,55,0,99" hai3="113,34,90,65,70,60,36,74,78,95,16,130,116"/><U101/><E119/><V53/><F40/><W107/><G34/><T35/><D115/><U129/><E122/><V49/><F28/><W131/><G107/><T38/><D38/><U118/><E118/><V30/><F30/><W98/><G36/><T77/><D71/><U106/><E129/><N who="3" m="49162" /><G116/><T57/><D77/><U117/><E117/><V12/><F0/><W134/><G113/><T25/><D4/><U42/><E135/><V120/><F120/><W19/><G134/><T83/><D35/><U110/><E106/><V96/><F132/><W80/><AGARI ba="1,0" hai="16,19,60,65,70,74,78,80,90,95,98" m="49162" machi="80" ten="30,4000,0" yaku="19,1,52,1,54,1" doraHai="87" who="3" fromWho="3" sc="224,-11,243,-21,190,-11,343,43" /><INIT seed="2,0,0,5,1,63" ten="213,222,179,386" oya="2" hai0="6,3,1,37,58,9,98,19,89,86,57,93,129" hai1="4,76,49,71,55,21,36,8,128,117,112,101,20" hai2="83,106,130,116,92,108,28,13,110,23,51,5,42" hai3="123,118,103,99,44,29,24,61,60,31,68,15,2"/><V22/><F106/><W85/><G2/><T48/><D37/><U91/><E112/><V33/><F116/><W78/><G123/><T96/><D129/><U69/><E117/><V10/><F130/><W100/><G118/><T79/><D3/><U67/><E36/><V73/><F92/><W84/><G44/><T125/><D125/><U30/><E128/><V94/><F94/><W74/><G15/><T27/><D79/><U14/><E76/><N who="2" m="44431" /><F51/><W111/><G78/><T135/><D135/><U107/><E91/><V132/><F42/><W17/><G17/><T41/><D41/><U114/><E71/><V109/><F132/><W66/><G74/><T90/><D48/><U87/><E87/><V53/><F53/><W70/><G24/><AGARI ba="0,0" hai="5,10,13,22,23,24,28,33,108,109,110" m="44431" machi="24" ten="30,2900,0" yaku="14,1,10,1" doraHai="63" who="2" fromWho="3" sc="213,0,222,0,179,29,386,-29" /><INIT seed="2,1,0,3,0,61" ten="213,222,208,357" oya="2" hai0="84,130,70,73,15,65,9,60,48,118,56,63,91" hai1="1,55,67,28,86,22,40,78,101,50,20,12,42" hai2="36,23,95,96,132,115,100,94,3,71,83,44,17" hai3="62,111,45,110,29,32,77,54,69,19,31,51,102"/><V120/><F115/><W68/><G77/><T66/><D73/><U52/><E1/><V35/><F132/><W107/><G19/><T117/><D130/><U49/><E101/><V8/><F71/><W46/><G46/><T57/><D48/><U24/><E67/><V93/><F35/><W123/><G123/><T106/><D106/><U134/><E134/><V112/><F112/><W122/><G122/><T90/><D70/><U105/><E105/><V89/><F3/><W76/><G76/><T26/><D26/><U0/><E0/><V4/><F8/><W37/><G37/><T21/><D21/><U43/><E86/><V5/><F83/><W108/><G32/><T58/><D58/><U103/><E103/><V38/><F38/><W75/><G75/><T64/><D64/><U11/><E78/><V127/><F120/><W72/><G72/><T41/><D41/><U98/><E98/><V14/><F94/><W116/><G116/><N who="0" m="44651" /><D84/><U16/><E20/><V47/><F127/><W80/><G80/><T104/><D104/><U59/><E43/><V124/><F124/><W88/><G69/><T133/><D133/><U109/><E109/><V13/><F36/><W81/><G62/><T30/><D30/><U87/><E87/><N who="2" m="52415" /><F14/><W126/><G68/><T131/><D131/><U27/><E24/><V34/><F34/><W2/><G126/><T10/><D10/><U6/><E28/><V129/><F129/><W33/><G33/><T114/><D114/><U119/><E119/><V74/><F74/><W128/><G128/><T97/><D97/><U82/><E82/><RYUUKYOKU ba="1,0" sc="213,10,222,10,208,10,357,-30" hai0="9,15,56,57,60,63,65,66,90,91" hai1="6,11,12,16,22,27,40,42,49,50,52,55,59" hai2="4,5,13,17,23,44,47,95,96,100" /><INIT seed="2,2,0,2,4,96" ten="223,232,218,327" oya="2" hai0="49,71,81,3,89,30,119,99,92,42,7,66,22" hai1="39,46,132,13,34,11,120,115,55,124,1,134,21" hai2="94,60,45,128,62,17,106,84,44,63,50,87,107" hai3="35,133,88,79,74,85,117,28,41,114,91,20,16"/><V57/><F128/><W68/><G68/><T67/><D119/><U103/><E103/><V61/><F106/><W69/><G69/><T10/><D71/><U40/><E115/><V135/><F107/><W73/><G117/><T23/><D23/><U27/><E120/><V58/><F135/><W98/><G133/><T122/><D122/><U95/><E124/><V104/><F104/><W82/><G114/><T86/><D42/><U33/><E95/><V52/><F17/><W78/><G41/><T77/><D49/><U101/><E101/><V105/><F105/><W100/><G28/><T102/><REACH who="0" step="1"/><D77/><REACH who="0" ten="213,232,218,327" step="2"/><U108/><E21/><V6/><F6/><W59/><G79/><T126/><D126/><U75/><E40/><V37/><F37/><W64/><G78/><T24/><AGARI ba="2,1" hai="3,7,10,22,24,30,66,67,81,86,89,92,99,102" machi="24" ten="30,4000,0" yaku="1,1,0,1,52,1,53,0" doraHai="96" doraHaiUra="123" who="0" fromWho="0" sc="213,56,232,-12,218,-22,327,-12" /><INIT seed="3,0,0,3,4,80" ten="269,220,196,315" oya="3" hai0="77,1,110,8,106,65,118,16,4,19,64,113,32" hai1="105,116,12,47,54,42,34,23,50,73,74,94,52" hai2="40,49,95,114,2,22,91,60,107,20,97,3,11" hai3="96,86,75,109,88,58,10,37,59,78,31,33,119"/><W45/><G119/><T35/><D106/><U76/><E116/><V6/><F114/><W89/><G10/><T82/><D118/><U98/><E34/><V7/><F107/><W130/><G31/><T51/><D110/><U108/><E108/><V69/><F6/><W132/><G33/><T18/><D113/><U102/><E105/><V27/><F2/><W24/><G24/><T134/><D134/><U71/><E71/><V72/><F72/><W43/><G78/><T61/><D51/><U36/><E76/><V5/><F5/><W122/><G75/><T120/><D120/><U135/><E135/><V26/><F26/><W53/><G122/><T39/><D39/><U25/><E12/><V93/><F93/><W68/><G68/><T67/><REACH who="0" step="1"/><D61/><REACH who="0" ten="259,220,196,315" step="2"/><U84/><E36/><V83/><F49/><W29/><G37/><T92/><D92/><U103/><E94/><V99/><F95/><W0/><G132/><T127/><D127/><U79/><E50/><V14/><F40/><W112/><G43/><T56/><D56/><U55/><E42/><V131/><F69/><W125/><G59/><T124/><D124/><U44/><E44/><V66/><F60/><W128/><G58/><T63/><D63/><U13/><E47/><V101/><F66/><W62/><G45/><T90/><D90/><U30/><E54/><V104/><F104/><W117/><G62/><T121/><D121/><U48/><E55/><V38/><F38/><W46/><G53/><T100/><D100/><N who="1" m="38443" /><E52/><V129/><F101/><W28/><G125/><T87/><AGARI ba="0,1" hai="1,4,8,16,18,19,32,35,64,65,67,77,82,87" machi="87" ten="30,7900,0" yaku="1,1,0,1,52,1,54,1,53,0" doraHai="80" doraHaiUra="126" who="0" fromWho="0" sc="259,89,220,-20,196,-20,315,-39" /><INIT seed="4,0,0,1,3,120" ten="348,200,176,276" oya="0" hai0="72,40,80,8,68,81,124,109,110,25,115,36,122" hai1="121,134,28,5,66,9,2,78,76,56,74,69,117" hai2="29,118,49,135,97,19,22,35,92,77,71,26,12" hai3="84,15,94,42,11,53,88,100,95,54,16,102,6"/><T103/><D122/><U38/><E121/><V104/><F135/><W129/><G129/><T114/><D68/><U58/><E117/><V37/><F37/><W90/><G42/><T75/><D124/><U14/><E134/><V48/><F71/><W79/><G79/><T24/><D103/><N who="3" m="39465" /><G6/><T1/><D8/><U98/><E98/><AGARI ba="0,0" hai="11,15,16,53,54,84,88,90,94,95,98" m="39465" machi="98" ten="30,3900,0" yaku="8,1,54,2" doraHai="120" who="3" fromWho="1" sc="348,0,200,-39,176,0,276,39" /><INIT seed="5,0,0,0,5,0" ten="348,161,176,315" oya="1" hai0="75,104,41,51,17,99,16,84,101,28,26,15,71" hai1="49,109,81,58,114,106,65,95,48,63,120,64,135" hai2="24,21,86,44,103,115,117,53,42,119,37,113,56" hai3="9,73,131,78,92,74,105,61,121,128,93,129,39"/><U20/><E106/><V34/><F86/><W89/><G39/><T25/><D71/><U62/><E120/><V32/><F103/><W132/><G61/><T13/><D75/><N who="3" m="28681" /><G9/><T1/><D1/><U54/><E114/><N who="2" m="43531" /><F21/><W72/><G121/><T68/><D68/><U122/><E135/><V108/><F108/><W10/><G10/><T60/><D60/><U107/><E107/><V96/><F96/><N who="3" m="57359" /><G105/><T29/><D51/><U70/><E109/><V36/><F36/><W43/><G43/><T67/><D41/><U47/><E122/><V90/><F90/><W40/><G40/><T2/><D67/><U8/><E20/><V22/><F22/><W111/><G111/><T110/><D2/><U7/><E81/><V118/><F24/><W133/><G93/><T18/><D110/><U79/><E95/><V76/><F32/><W102/><G102/><T38/><D38/><U12/><REACH who="1" step="1"/><E48/><REACH who="1" ten="348,151,176,315" step="2"/><N who="2" m="30759" /><F34/><W14/><G133/><T100/><D104/><U52/><E52/><V91/><F119/><W5/><G132/><T19/><D101/><U45/><E45/><V77/><F117/><W112/><G112/><T33/><D100/><U97/><E97/><V85/><F118/><W127/><G131/><T134/><D99/><U124/><E124/><V31/><F31/><W83/><G127/><T94/><D134/><U123/><E123/><V125/><F125/><W66/><G129/><T87/><D94/><AGARI ba="0,1" hai="37,42,44,76,77,85,91,94" m="30759,43531" machi="94" ten="30,2000,0" yaku="15,1,11,1" doraHai="0" who="2" fromWho="0" sc="348,-20,151,0,176,30,315,0" /><INIT seed="6,0,0,2,2,118" ten="328,151,206,315" oya="2" hai0="47,30,64,32,86,122,16,4,92,61,129,3,79" hai1="111,132,116,83,51,60,9,33,81,71,120,46,100" hai2="121,48,134,50,93,55,7,6,91,126,10,98,72" hai3="66,119,23,14,114,78,49,25,12,54,97,89,63"/><V131/><F72/><W62/><G119/><T84/><D129/><U117/><E111/><V94/><F131/><W31/><G78/><T36/><D122/><U87/><E132/><V70/><F70/><W22/><G114/><T77/><D30/><U40/><E33/><V99/><F134/><W113/><G113/><T56/><D32/><U58/><E71/><V74/><F74/><W0/><G0/><T108/><D108/><U37/><E37/><V18/><F126/><W29/><G29/><T43/><D4/><U106/><E83/><V27/><F50/><W101/><G89/><T11/><D3/><U115/><E115/><V8/><F8/><W82/><G82/><T38/><D38/><U65/><E120/><V26/><F18/><W68/><G23/><T124/><D124/><U57/><E57/><V13/><F6/><W125/><G63/><T44/><D44/><U96/><REACH who="1" step="1"/><E9/><REACH who="1" ten="328,141,206,315" step="2"/><V95/><F121/><W1/><G125/><T28/><D11/><U20/><E20/><V53/><F99/><W104/><G1/><T67/><D36/><U69/><E69/><V102/><F98/><W17/><G17/><T73/><D16/><U90/><AGARI ba="0,1" hai="40,46,51,58,60,65,81,87,90,96,100,106,116,117" machi="90" ten="20,2700,0" yaku="1,1,0,1,7,1,53,0" doraHai="118" doraHaiUra="107" who="1" fromWho="1" sc="328,-7,141,37,206,-13,315,-7" /><INIT seed="7,0,0,5,3,15" ten="321,178,193,308" oya="3" hai0="18,26,10,50,65,20,38,24,90,106,116,127,96" hai1="83,70,56,103,13,32,129,122,119,78,40,74,21" hai2="5,46,125,0,37,112,107,77,72,16,95,58,124" hai3="135,86,43,28,25,3,62,2,118,67,31,55,76"/><W102/><G118/><T9/><D38/><U39/><E122/><V30/><F107/><W85/><G135/><T87/><D116/><U69/><E119/><V33/><F112/><W110/><G110/><T120/><D120/><U92/><E32/><V100/><F58/><W97/><G55/><T51/><D127/><N who="2" m="48714" /><F16/><W81/><G85/><T99/><D65/><U36/><E129/><V7/><F0/><W8/><G43/><T49/><D26/><U52/><E13/><V115/><F115/><W11/><G31/><T89/><D106/><U131/><E131/><V68/><F68/><N who="3" m="42103" /><G11/><N who="0" m="4107" /><D90/><U54/><E21/><V42/><F30/><W4/><G8/><T128/><D128/><U35/><E35/><V41/><F41/><W130/><G4/><T104/><D104/><U101/><E40/><V108/><F108/><W80/><G80/><AGARI ba="0,0" hai="18,20,24,49,50,51,80,87,89,96,99" m="4107" machi="80" ten="30,2000,0" yaku="8,1,52,1" doraHai="15" who="0" fromWho="3" sc="321,20,178,0,193,0,308,-20" owari="341,44.1,178,-32.2,193,-20.7,288,8.8" /></mjloggm>