<mjloggm ver="2.3"><GO type="169" lobby="0"/><UN n0="%E3%81%93%E3%81%9A" n1="%E3%81%9D%E3%81%86%E3%81%9F%E3%81%A3%E3%81%9F" n2="%E3%82%86%E3%81%86%E3%82%86%E3%81%8D" n3="%73%69%65%72%61%34%30%31" dan="17,16,16,17" rate="2225.43,2210.20,2212.22,2228.34" sx="M,M,M,F"/><TAIKYOKU oya="0"/><INIT seed="0,0,0,1,1,114" ten="250,250,250,250" oya="0" hai0="68,7,42,133,91,112,113,121,53,44,58,130,12" hai1="109,32,34,25,103,6,95,14,23,57,61,84,55" hai2="85,82,48,67,94,45,31,105,96,40,79,56,74" hai3="16,87,135,13,1,30,92,4,10,27,81,73,100"/><T65/><D121/><U66/><E109/><V52/><F31/><W47/><G135/><T59/><D7/><U39/><E39/><V22/><F22/><W29/><G73/><T89/><D133/><U88/><E103/><V126/><F126/><W123/><G123/><T93/><D130/><U119/><E119/><V11/><F11/><W62/><G62/><N who="0" m="39991" /><D12/><U115/><E115/><N who="0" m="44105" /><D93/><U71/><E14/><V78/><F105/><W127/><G127/><T98/><D98/><U46/><E46/><V18/><F18/><W102/><G92/><T80/><D80/><U77/><E77/><V132/><F132/><W72/><G72/><T101/><D101/><U36/><E36/><V122/><F122/><W15/><G1/><T2/><D2/><U26/><E6/><V118/><F67/><W75/><G75/><T90/><D53/><U99/><E84/><V41/><F78/><W125/><G125/><T17/><D17/><U5/><E5/><V129/><F129/><W33/><G29/><T70/><D70/><U60/><E26/><V37/><F74/><W51/><G51/><N who="0" m="27031" /><D58/><U54/><E55/><V8/><F8/><W104/><G104/><T64/><D59/><U19/><AGARI ba="0,0" hai="19,23,25,32,34,54,57,60,61,66,71,88,95,99" machi="19" ten="20,8000,1" yaku="0,1,7,1,25,2,54,1" doraHai="114" who="1" fromWho="1" sc="250,-40,250,80,250,-20,250,-20" /><INIT seed="1,0,0,0,2,27" ten="210,330,230,230" oya="1" hai0="118,112,11,56,120,21,104,92,133,121,24,44,60" hai1="130,127,70,107,113,65,101,96,132,50,131,80,22" hai2="62,63,32,52,40,36,19,47,102,88,111,135,126" hai3="8,100,76,26,78,124,83,66,48,5,129,128,117"/><U28/><E113/><V41/><F32/><W87/><G124/><T110/><D104/><U94/><E127/><V12/><F126/><W91/><G66/><T98/><D112/><U97/><E132/><V33/><F33/><W31/><G117/><T43/><D118/><U108/><E108/><V99/><F135/><W122/><G122/><N who="0" m="47211" /><D11/><U23/><E80/><V16/><F111/><W58/><G100/><N who="0" m="60487" /><D133/><U86/><E86/><V2/><F2/><W0/><G58/><T46/><D43/><N who="2" m="16458" /><F36/><W90/><G48/><T125/><D110/><U20/><E50/><N who="2" m="28767" /><F102/><W123/><G123/><T45/><D125/><U9/><E9/><N who="2" m="6159" /><F19/><W81/><G128/><T59/><D59/><U116/><E116/><V106/><F106/><W6/><G6/><T38/><D38/><U85/><E130/><V84/><F99/><W105/><G105/><T25/><D21/><U72/><E20/><V114/><F114/><W115/><G129/><T10/><D10/><U30/><E22/><V74/><F74/><W69/><G69/><T77/><D24/><U89/><E72/><V1/><F1/><W53/><G115/><T79/><D25/><U35/><E35/><V4/><F4/><W34/><REACH who="3" step="1"/><G53/><AGARI ba="0,0" hai="44,45,46,53,56,60,77,79" m="60487,47211" machi="53" ten="30,1000,0" yaku="13,1" doraHai="27" who="0" fromWho="3" sc="210,10,330,0,230,0,230,-10" /><INIT seed="2,0,0,4,3,28" ten="220,330,230,220" oya="2" hai0="93,13,70,72,43,32,91,36,7,52,107,63,14" hai1="73,60,123,116,110,127,18,68,86,130,81,111,79" hai2="80,83,106,21,26,132,113,67,95,64,3,121,118" hai3="78,115,90,131,98,42,39,41,77,75,69,96,30"/><V15/><F113/><W47/><G69/><T35/><D107/><U56/><E116/><V50/><F121/><W51/><G115/><T88/><D72/><U85/><E68/><V101/><F3/><W37/><G131/><T59/><D70/><U71/><E71/><V94/><F118/><W48/><G30/><T8/><D91/><U57/><E127/><V134/><F15/><W100/><G90/><T117/><D117/><U61/><E18/><V87/><F50/><W82/><G78/><T25/><D25/><U114/><E130/><V74/><F74/><W104/><REACH who="3" step="1"/><G96/><REACH who="3" ten="220,330,230,210" step="2"/><T44/><D13/><U34/><E79/><V4/><F134/><W16/><G16/><T24/><D24/><U92/><E114/><V129/><F132/><W53/><G53/><T66/><D66/><U54/><E54/><V29/><F129/><W65/><G65/><T120/><D120/><U2/><E123/><V126/><F67/><W55/><G55/><T76/><D76/><U109/><E109/><V125/><F64/><W17/><G17/><T45/><D45/><AGARI ba="0,1" hai="37,39,41,42,45,47,48,51,75,77,82,98,100,104" machi="45" ten="40,2600,0" yaku="1,1,9,1,53,0" doraHai="28" doraHaiUra="112" who="3" fromWho="0" sc="220,-26,330,0,230,0,210,36" /><INIT seed="3,0,0,2,4,46" ten="194,330,230,246" oya="3" hai0="103,62,55,39,110,98,72,90,4,24,87,10,78" hai1="128,115,32,27,73,69,29,91,126,121,9,50,85" hai2="83,116,82,14,49,95,135,28,76,101,43,68,94" hai3="106,129,61,131,48,133,37,100,20,58,88,119,47"/><W66/><G119/><T59/><D110/><U34/><E73/><V0/><F116/><W56/><G37/><T125/><D125/><U114/><E121/><V123/><F0/><W80/><G133/><T30/><D39/><U132/><E69/><V111/><F68/><W52/><G106/><T33/><D78/><U40/><E34/><V1/><F1/><W19/><G100/><T6/><D10/><U8/><E128/><N who="3" m="49226" /><G80/><T97/><D72/><U45/><E126/><V22/><F111/><W67/><G88/><T84/><D98/><U36/><E36/><V118/><F123/><W7/><G7/><T65/><D65/><N who="3" m="24585" /><G61/><T124/><D124/><U105/><E105/><V44/><F135/><W77/><G77/><T26/><D26/><AGARI ba="0,0" hai="19,20,26,47,48,52,56,58" m="24585,49226" machi="26" ten="30,5800,0" yaku="19,1,52,1,54,1" doraHai="46" who="3" fromWho="0" sc="194,-58,330,0,230,0,246,58" /><INIT seed="3,1,0,5,1,31" ten="136,330,230,304" oya="3" hai0="77,118,71,8,116,131,36,110,53,111,108,10,90" hai1="81,123,124,129,73,80,66,52,51,72,15,69,3" hai2="127,115,104,62,109,7,113,70,61,11,46,126,86" hai3="19,24,83,94,130,79,6,64,13,27,45,1,17"/><W38/><G130/><T2/><D71/><U32/><E3/><V21/><F104/><W67/><G1/><T44/><D131/><U47/><E123/><V18/><F46/><W105/><G105/><T23/><D77/><U82/><E124/><N who="2" m="47659" /><F86/><W114/><G114/><N who="2" m="43529" /><F70/><W128/><G6/><T22/><D90/><U98/><E129/><V30/><F109/><W84/><G19/><T43/><D53/><U42/><E98/><V63/><F30/><W59/><G128/><T87/><D87/><U134/><E47/><V132/><F132/><W122/><G38/><T100/><D100/><U65/><E69/><V117/><F117/><W49/><G94/><T9/><REACH who="0" step="1"/><D2/><REACH who="0" ten="126,330,230,304" step="2"/><U56/><E134/><V26/><F63/><W48/><G79/><T95/><D95/><U120/><E81/><V93/><F93/><W121/><G84/><T50/><D50/><U112/><E51/><V16/><F62/><W85/><G85/><T41/><D41/><U103/><E42/><V4/><F61/><W102/><G102/><T25/><D25/><U74/><E103/><V97/><F97/><W125/><G83/><T101/><D101/><U28/><E112/><V133/><F133/><W99/><G99/><T107/><D107/><U35/><E82/><V75/><F75/><N who="1" m="28745" /><E80/><V20/><F11/><W76/><G76/><T40/><D40/><U29/><E74/><V0/><F0/><W92/><G92/><T96/><D96/><U119/><E119/><AGARI ba="1,1" hai="8,9,10,22,23,36,43,44,108,110,111,116,118,119" machi="119" ten="50,6400,0" yaku="1,1,14,1,53,1" doraHai="31" doraHaiUra="39" who="0" fromWho="1" sc="126,77,330,-67,230,0,304,0" /><INIT seed="4,0,0,1,2,85" ten="203,263,230,304" oya="0" hai0="50,35,134,30,123,46,31,6,60,90,118,21,89" hai1="12,55,120,108,127,69,70,67,83,27,110,28,40" hai2="94,96,116,130,32,97,74,37,16,86,129,62,88" hai3="57,71,53,10,135,61,36,115,78,19,56,14,66"/><T17/><D118/><U111/><E120/><V24/><F37/><W51/><G115/><T25/><D123/><U107/><E107/><V103/><F74/><W119/><G119/><T26/><D134/><U75/><E127/><V38/><F38/><W81/><G36/><T44/><D6/><U13/><E40/><V91/><F116/><W41/><G41/><T113/><D113/><U64/><E55/><V82/><F62/><W43/><G43/><T93/><D50/><U72/><E27/><V76/><F32/><W95/><G95/><T20/><D60/><U104/><E83/><N who="2" m="49631" /><F24/><W112/><G135/><T48/><D48/><U105/><REACH who="1" step="1"/><E110/><REACH who="1" ten="203,253,230,304" step="2"/><V0/><F0/><W5/><G112/><T58/><D35/><U80/><E80/><V23/><F82/><W11/><G81/><T77/><D77/><U2/><E2/><V3/><F3/><W65/><G78/><T29/><D93/><U45/><E45/><N who="0" m="17513" /><D58/><U1/><E1/><V87/><F76/><W42/><G42/><T133/><D133/><U8/><E8/><V102/><F130/><W59/><G66/><T125/><D125/><U9/><E9/><V68/><F129/><W15/><AGARI ba="0,1" hai="5,10,11,14,15,19,51,53,56,57,59,61,65,71" machi="15" ten="20,1500,0" yaku="0,1,7,1" doraHai="85" who="3" fromWho="3" sc="203,-7,253,-4,230,-4,304,25" /><INIT seed="5,0,0,0,0,134" ten="196,249,226,329" oya="1" hai0="2,82,48,89,25,79,26,90,120,19,8,55,125" hai1="104,43,3,70,114,80,29,91,28,95,51,100,121" hai2="6,57,24,85,50,115,17,110,96,130,123,47,37" hai3="73,59,20,13,64,33,87,98,60,99,34,30,122"/><U16/><E121/><V11/><F110/><W65/><G73/><T74/><D120/><U71/><E3/><V108/><F108/><W113/><G122/><T4/><D125/><U116/><E114/><V94/><F123/><W69/><G113/><T135/><D135/><U81/><E100/><V38/><F130/><W12/><G69/><T118/><D118/><U53/><E43/><V101/><F115/><W132/><G132/><T112/><D112/><U76/><E81/><V75/><F75/><W62/><G87/><T44/><REACH who="0" step="1"/><D19/><REACH who="0" ten="186,249,226,329" step="2"/><U46/><E116/><V0/><F17/><W45/><G33/><T107/><D107/><U83/><E104/><V93/><F38/><W84/><G34/><T1/><D1/><U21/><E70/><V126/><F37/><W102/><G12/><T61/><D61/><U40/><E71/><V111/><F126/><W92/><G13/><T63/><D63/><U67/><E16/><V5/><F111/><W117/><G62/><T14/><D14/><U7/><E28/><V66/><F0/><W52/><G30/><T128/><D128/><U77/><E29/><V58/><F24/><AGARI ba="0,1" hai="2,4,8,24,25,26,44,48,55,74,79,82,89,90" machi="24" ten="40,2600,0" yaku="1,1,53,1" doraHai="134" doraHaiUra="105" who="0" fromWho="2" sc="186,36,249,0,226,-26,329,0" /><INIT seed="6,0,0,3,5,68" ten="222,249,200,329" oya="2" hai0="76,22,88,79,3,12,97,41,0,67,78,5,129" hai1="13,122,100,58,84,10,16,38,48,17,69,19,65" hai2="133,132,8,96,128,57,1,32,44,25,111,31,9" hai3="7,90,115,18,82,49,43,118,63,53,101,2,59"/><V73/><F73/><W89/><G118/><T11/><D129/><U98/><E122/><V105/><F128/><W120/><G120/><T54/><D67/><U107/><E38/><V86/><F111/><W26/><G115/><T21/><D41/><U123/><E123/><V24/><F86/><W125/><G125/><T91/><D54/><U93/><E69/><V121/><F121/><W72/><G101/><T55/><D55/><N who="1" m="32103" /><E107/><V36/><F25/><W74/><G7/><T70/><D70/><U126/><E126/><V108/><F57/><W60/><G2/><T130/><D130/><U94/><E65/><V99/><F99/><W124/><G60/><T30/><D30/><U112/><E112/><V92/><F108/><W109/><G43/><T27/><D21/><U15/><E15/><V61/><F61/><W62/><G62/><T110/><D110/><U135/><E135/><N who="2" m="51787" /><F105/><W34/><G63/><T75/><D75/><U64/><E64/><V85/><F85/><W87/><G124/><T106/><D0/><U29/><E29/><V45/><F36/><W127/><G127/><T4/><D106/><U116/><E116/><V28/><F28/><N who="3" m="19735" /><G109/><T134/><D134/><U6/><E84/><V83/><F1/><W50/><G50/><T117/><D117/><U81/><E94/><V39/><F83/><AGARI ba="0,0" hai="6,10,13,16,17,19,81,83,93,98,100" m="32103" machi="83" ten="30,2000,0" yaku="8,1,54,1" doraHai="68" who="1" fromWho="2" sc="222,0,249,20,200,-20,329,0" /><INIT seed="7,0,0,1,4,24" ten="222,269,180,329" oya="3" hai0="49,22,41,60,134,117,17,77,113,101,84,123,43" hai1="35,70,2,76,20,14,116,72,15,73,133,51,21" hai2="96,71,42,18,110,121,92,58,95,105,78,66,1" hai3="135,89,103,120,36,4,82,25,27,16,126,94,87"/><W97/><G120/><T112/><D117/><U38/><E35/><V81/><F110/><W39/><G126/><T23/><D123/><U28/><E51/><V75/><F121/><W106/><G135/><T48/><D101/><U54/><E54/><V63/><F1/><W130/><G130/><T93/><D60/><U44/><E20/><V52/><BYE who="0" /><F42/><W34/><G4/><T26/><D26/><U86/><E21/><V83/><F83/><W102/><G27/><T74/><D74/><U65/><E86/><V29/><F18/><W100/><G106/><T79/><D79/><U56/><E56/><V68/><F68/><W0/><G0/><T88/><D88/><U108/><E14/><V8/><F8/><W132/><G132/><T53/><D53/><U128/><E76/><V31/><F105/><W40/><G40/><T90/><D90/><U98/><E116/><V67/><F67/><W7/><G7/><T11/><D11/><U62/><E128/><UN n0="%E3%81%93%E3%81%9A" /><V45/><F45/><W91/><G16/><T111/><D17/><U131/><E2/><V109/><F109/><W115/><G115/><T129/><D111/><U122/><E133/><V69/><F69/><W55/><G55/><T125/><D129/><U9/><E70/><V50/><F95/><W114/><G114/><T104/><D93/><U64/><E108/><V30/><F30/><W59/><G59/><T85/><D104/><U127/><E122/><V118/><F118/><W19/><G19/><T5/><D134/><U61/><E131/><V124/><F124/><W32/><G32/><T57/><D113/><RYUUKYOKU ba="0,0" sc="222,-15,269,-15,180,15,329,15" hai2="29,31,50,52,58,63,66,71,75,78,81,92,96" hai3="25,34,36,39,82,87,89,91,94,97,100,102,103" owari="207,-19.3,254,5.4,195,-30.5,344,44.4" /></mjloggm>