<mjloggm ver="2.3"><GO type="169" lobby="0"/><UN n0="%61%6B%61%69%6B%69" n1="%4C%61%72%72%6B" n2="%E7%9C%9F%E4%B8%80" n3="%E3%81%A5%E3%81%8B%E5%AD%90" dan="17,16,17,16" rate="2232.31,2153.40,2248.73,2138.21" sx="M,M,M,M"/><TAIKYOKU oya="0"/><INIT seed="0,0,0,2,1,46" ten="250,250,250,250" oya="0" hai0="126,29,132,11,14,31,131,101,55,33,76,103,39" hai1="34,7,45,64,77,97,84,99,94,54,15,91,27" hai2="122,63,128,87,32,70,111,1,36,104,57,67,79" hai3="75,5,49,114,35,53,129,69,102,110,20,60,107"/><T95/><D39/><U68/><E68/><V3/><F122/><W135/><G114/><T4/><D132/><U109/><E109/><V83/><F111/><W19/><G35/><T133/><D133/><U37/><E64/><V117/><F104/><W6/><G110/><T24/><D131/><U10/><E77/><V127/><F32/><W18/><G135/><T105/><D126/><U59/><E45/><V73/><F128/><W38/><G38/><T44/><D105/><U96/><E37/><V22/><F127/><W121/><G129/><T41/><D31/><U120/><E120/><V13/><F36/><W88/><G75/><T85/><D41/><U108/><E108/><V61/><F73/><W23/><G102/><T86/><D76/><U9/><E9/><V30/><F117/><W65/><G107/><T124/><D124/><U134/><E134/><V74/><F74/><W113/><G113/><T100/><REACH who="0" step="1"/><D95/><REACH who="0" ten="240,250,250,250" step="2"/><U48/><E34/><V25/><REACH who="2" step="1"/><F13/><REACH who="2" ten="240,250,240,250" step="2"/><W40/><G121/><T125/><D125/><U51/><REACH who="1" step="1"/><E27/><REACH who="1" ten="240,240,240,250" step="2"/><V71/><F71/><W78/><G69/><T130/><D130/><U72/><E72/><V52/><AGARI ba="0,3" hai="1,3,22,25,30,52,57,61,63,67,70,79,83,87" machi="52" ten="20,5200,0" yaku="1,1,0,1,7,1,54,1,53,0" doraHai="46" doraHaiUra="98" who="2" fromWho="2" sc="240,-26,240,-13,240,82,250,-13" /><INIT seed="1,0,0,0,0,119" ten="214,227,322,237" oya="1" hai0="57,115,3,0,108,6,96,71,55,124,27,33,35" hai1="44,79,19,69,74,10,113,34,72,116,109,47,18" hai2="121,117,17,133,41,114,130,87,32,126,132,16,134" hai3="76,7,13,28,103,8,73,22,58,97,50,42,77"/><U24/><E69/><V65/><F117/><W129/><G129/><T120/><D71/><U86/><E116/><V39/><F32/><W123/><G123/><T62/><D115/><U81/><E113/><V1/><F114/><W122/><G122/><T11/><D120/><U94/><E109/><V131/><F121/><W80/><G76/><T59/><D108/><U111/><E111/><V127/><F1/><W67/><G67/><T85/><D124/><N who="2" m="47658" /><F65/><W125/><G125/><T25/><D3/><U99/><E74/><V46/><F87/><W93/><G28/><T82/><D96/><U83/><E34/><V36/><F39/><W107/><G22/><T75/><D75/><U135/><E135/><V26/><F26/><W14/><G107/><T15/><D0/><U23/><E18/><AGARI ba="0,0" hai="16,17,18,36,41,46,130,131,132,133,134" m="47658" machi="18" ten="40,8000,1" yaku="30,2,20,1,18,1,54,1" doraHai="119" who="2" fromWho="1" sc="214,0,227,-80,322,80,237,0" /><INIT seed="2,0,0,1,0,88" ten="214,147,402,237" oya="2" hai0="48,99,120,45,128,126,114,19,23,62,36,127,12" hai1="98,101,38,42,122,111,59,119,49,76,30,57,58" hai2="55,27,82,78,73,20,71,63,125,90,56,115,94" hai3="52,25,11,8,66,61,29,54,53,118,70,124,75"/><V123/><F115/><W5/><G118/><T26/><D114/><U92/><E119/><V46/><F123/><W132/><G75/><T10/><D120/><U116/><E116/><V0/><F0/><W22/><G124/><T130/><D36/><U85/><E122/><V135/><F125/><N who="0" m="47626" /><D62/><U72/><E111/><V117/><F117/><W7/><REACH who="3" step="1"/><G132/><REACH who="3" ten="214,147,402,227" step="2"/><T93/><D45/><U83/><E30/><V100/><F135/><W113/><G113/><T95/><D48/><U60/><E38/><V67/><F100/><W47/><G47/><T129/><D99/><U18/><E60/><V31/><F46/><W37/><G37/><T96/><D96/><U9/><E49/><V16/><F71/><W110/><G110/><T121/><D121/><U41/><E72/><V109/><F109/><W133/><G133/><T35/><D35/><U112/><E112/><V28/><REACH who="2" step="1"/><F67/><REACH who="2" ten="214,147,392,227" step="2"/><W14/><G14/><AGARI ba="0,2" hai="9,14,18,41,42,57,58,59,76,83,85,92,98,101" machi="14" ten="40,2600,0" yaku="8,1,52,1" doraHai="88" who="1" fromWho="3" sc="214,0,147,46,392,0,227,-26" /><INIT seed="3,0,0,2,1,108" ten="214,193,392,201" oya="3" hai0="46,106,74,47,63,16,68,51,119,61,76,43,109" hai1="113,79,11,50,90,91,18,124,1,96,58,60,39" hai2="80,65,6,21,100,99,57,35,83,117,112,94,84" hai3="104,49,8,121,5,26,81,73,120,45,9,67,56"/><W66/><G104/><T87/><D119/><U133/><E39/><V82/><F117/><W27/><G73/><T70/><D106/><U97/><E79/><V32/><F112/><W23/><G81/><T111/><D74/><U33/><E33/><V48/><F6/><W10/><G5/><T44/><D87/><U36/><E36/><V20/><F35/><W126/><G126/><T30/><D30/><U59/><E124/><V14/><F32/><W41/><G27/><T128/><D16/><U64/><E1/><V25/><F14/><W107/><G107/><T29/><D29/><U34/><E34/><V131/><F131/><W122/><REACH who="3" step="1"/><G56/><REACH who="3" ten="214,193,392,191" step="2"/><T118/><D118/><U101/><E58/><V12/><F25/><W135/><G135/><T129/><D76/><U52/><E133/><V95/><F83/><W40/><G40/><T13/><D13/><U4/><E4/><V116/><F12/><W125/><G125/><T105/><D105/><U22/><E11/><V28/><F82/><W71/><G71/><N who="0" m="27179" /><D129/><U3/><E3/><V77/><F80/><W130/><G130/><T127/><D128/><U114/><E114/><V98/><F77/><W110/><G110/><N who="0" m="41995" /><D127/><U62/><E113/><V53/><F116/><W88/><G88/><N who="1" m="33834" /><E101/><V72/><F100/><W93/><G93/><T102/><D102/><U89/><E89/><V2/><F95/><W132/><G132/><T19/><D19/><AGARI ba="0,1" hai="8,9,10,19,23,26,41,45,49,66,67,120,121,122" machi="19" ten="50,2400,0" yaku="1,1,53,0" doraHai="108" doraHaiUra="115" who="3" fromWho="0" sc="214,-24,193,0,392,0,191,34" /><INIT seed="3,1,0,2,4,31" ten="190,193,392,225" oya="3" hai0="103,26,7,51,52,9,57,87,126,91,53,81,107" hai1="24,113,2,133,131,1,28,116,12,85,118,89,69" hai2="134,55,49,6,48,130,64,38,76,119,42,70,96" hai3="0,15,106,83,50,80,16,47,5,127,105,115,65"/><W117/><G115/><T72/><D126/><U8/><E69/><V35/><F35/><W40/><G117/><N who="1" m="45162" /><E89/><V45/><F119/><W120/><G120/><T125/><D125/><U22/><E85/><V104/><F6/><W122/><G122/><T62/><D72/><U114/><E131/><V92/><F104/><W23/><G127/><T54/><D107/><U44/><E44/><V88/><F130/><W102/><G65/><T93/><D26/><U14/><E14/><V39/><F134/><W86/><G102/><T90/><D103/><U94/><E94/><V100/><F76/><W19/><G80/><T61/><D61/><U27/><E27/><V59/><F100/><W112/><G112/><N who="1" m="43114" /><E133/><V4/><F70/><W111/><G106/><T41/><D62/><U63/><E63/><V78/><F64/><W79/><G105/><T73/><D41/><U66/><E66/><V95/><F92/><W3/><G5/><AGARI ba="1,0" hai="1,2,5,8,12,22,24,28" m="43114,45162" machi="5" ten="30,3900,0" yaku="12,1,34,2" doraHai="31" who="1" fromWho="3" sc="190,0,193,42,392,0,225,-42" /><INIT seed="4,0,0,1,2,96" ten="190,235,392,183" oya="0" hai0="8,65,13,39,127,106,129,33,107,123,67,98,34" hai1="111,131,5,81,90,116,72,63,79,78,53,80,14" hai2="6,64,68,61,19,105,92,104,101,73,50,62,97" hai3="130,32,54,57,125,26,124,40,88,120,31,70,74"/><T51/><D123/><U84/><E111/><V27/><F73/><W69/><G74/><T108/><D39/><U71/><E116/><V9/><F50/><W35/><G130/><T28/><D129/><U82/><E131/><V128/><F128/><W99/><G35/><T77/><D127/><N who="3" m="48713" /><G40/><T121/><D121/><U37/><E37/><V55/><F55/><W122/><G99/><T36/><D36/><U16/><E5/><V134/><F134/><W4/><G4/><T86/><D108/><U119/><E119/><V15/><F62/><N who="3" m="36151" /><G88/><T59/><D33/><U1/><E1/><V43/><F43/><W114/><G114/><T22/><D34/><U118/><E118/><V93/><F93/><W25/><G25/><N who="0" m="16439" /><D98/><U49/><E63/><V23/><AGARI ba="0,0" hai="6,9,15,19,23,27,61,64,68,92,97,101,104,105" machi="23" ten="30,2000,0" yaku="0,1,52,1" doraHai="96" who="2" fromWho="2" sc="190,-10,235,-5,392,20,183,-5" /><INIT seed="5,0,0,1,3,60" ten="180,230,412,178" oya="1" hai0="27,69,50,68,132,1,58,96,29,24,79,64,45" hai1="125,41,49,36,11,23,6,113,44,78,114,9,16" hai2="82,67,117,95,5,19,4,91,76,80,12,3,134" hai3="97,22,81,111,47,17,46,99,63,7,106,130,86"/><U88/><E78/><V118/><F134/><W37/><G111/><T93/><D1/><U54/><E125/><V115/><F115/><N who="1" m="44041" /><E6/><V38/><F38/><W61/><G7/><T98/><D132/><U112/><N who="1" m="44049" /><U73/><DORA hai="70" /><E73/><V127/><F127/><W28/><G28/><T105/><D79/><U100/><E100/><V107/><F107/><W71/><G106/><T89/><D105/><U57/><E88/><V116/><F76/><W62/><G71/><T94/><D68/><U13/><AGARI ba="0,0" hai="9,11,13,16,23,36,41,44,49,54,57" m="44049" machi="13" ten="40,7800,0" yaku="15,1,52,1,54,1" doraHai="60,70" who="1" fromWho="1" sc="180,-26,230,78,412,-26,178,-26" /><INIT seed="5,1,0,3,2,6" ten="154,308,386,152" oya="1" hai0="124,110,116,100,74,58,10,87,29,34,109,51,123" hai1="118,27,5,127,73,23,101,33,67,61,130,18,83" hai2="77,7,81,98,19,93,14,104,24,4,102,88,108" hai3="92,37,44,125,41,57,90,121,59,43,132,76,40"/><U0/><E118/><V54/><F108/><W45/><G121/><T72/><D74/><U82/><E101/><V15/><F15/><W28/><G125/><T117/><D72/><U96/><E96/><V80/><F24/><W133/><G76/><T99/><D124/><U114/><E127/><V85/><F54/><W26/><G26/><T2/><D123/><U65/><E65/><V13/><F13/><W71/><G28/><T66/><D87/><U30/><E114/><V131/><F131/><W63/><G92/><T91/><D91/><U120/><E120/><V111/><F111/><N who="0" m="42506" /><D58/><N who="3" m="22025" /><G90/><T94/><D51/><U49/><E49/><V38/><F38/><N who="3" m="21527" /><G43/><T16/><D29/><U115/><E130/><V128/><F128/><W135/><G71/><T89/><D34/><U42/><E115/><V35/><F35/><W25/><G25/><T113/><D113/><U48/><E48/><V55/><F81/><W97/><G97/><T103/><D103/><U64/><E73/><N who="2" m="43055" /><F55/><W105/><G105/><T119/><D119/><U60/><E83/><V39/><F39/><W79/><G79/><T126/><D126/><U112/><E82/><V84/><F84/><W9/><G63/><N who="1" m="24138" /><E112/><V20/><AGARI ba="1,0" hai="4,7,14,19,20,85,88,93,98,102,104" m="43055" machi="20" ten="30,2000,0" yaku="24,1,54,1" doraHai="6" who="2" fromWho="2" sc="154,-6,308,-11,386,23,152,-6" /><INIT seed="6,0,0,0,3,52" ten="148,297,409,146" oya="2" hai0="122,59,25,66,74,98,53,50,10,44,104,61,90" hai1="46,4,118,77,102,107,9,82,33,72,31,13,23" hai2="106,112,0,91,32,125,110,87,113,73,117,41,56" hai3="12,65,119,36,109,62,75,101,132,38,14,111,1"/><V27/><F117/><W26/><G1/><T43/><D122/><U40/><E118/><V126/><F110/><W20/><G75/><T96/><D74/><U57/><E33/><V6/><F73/><W8/><G132/><T54/><D104/><U47/><E107/><V124/><F106/><W30/><G119/><T116/><D116/><U70/><E70/><V100/><F100/><W16/><G101/><T7/><D25/><U135/><E102/><V108/><F41/><W58/><REACH who="3" step="1"/><G12/><REACH who="3" ten="148,297,409,136" step="2"/><N who="0" m="5215" /><D90/><U15/><E15/><V49/><F0/><W129/><G129/><T21/><D21/><U19/><E23/><V120/><F108/><AGARI ba="0,1" hai="8,14,16,20,26,30,36,38,58,62,65,108,109,111" machi="108" ten="40,8000,1" yaku="1,1,52,1,54,1,53,2" doraHai="52" doraHaiUra="68" who="3" fromWho="2" sc="148,0,297,0,409,-80,136,90" /><INIT seed="7,0,0,4,1,113" ten="148,297,329,226" oya="3" hai0="74,121,89,81,1,9,79,61,70,55,135,115,35" hai1="16,106,25,52,30,5,111,128,127,66,67,10,62" hai2="78,126,99,64,43,124,17,93,95,65,24,104,91" hai3="36,103,49,133,20,107,60,13,72,21,98,131,82"/><W116/><G36/><T48/><D121/><U26/><E111/><V28/><F104/><W54/><G131/><T94/><D135/><U73/><E106/><V11/><F78/><W123/><G123/><T109/><D115/><U22/><E73/><V57/><F43/><W32/><G32/><T15/><D35/><U85/><E128/><V100/><F57/><W76/><G133/><T23/><D109/><U130/><E130/><V37/><F37/><W27/><G60/><T87/><D70/><U2/><E127/><N who="2" m="48683" /><F17/><W88/><G13/><T102/><D1/><U29/><E85/><N who="2" m="52463" /><F11/><W58/><G116/><T122/><D122/><U75/><E75/><V45/><F45/><W68/><G68/><T63/><D23/><AGARI ba="0,0" hai="23,24,28,64,65,95,99,100" m="52463,48683" machi="23" ten="30,1000,0" yaku="18,1" doraHai="113" who="2" fromWho="0" sc="148,-10,297,0,329,10,226,0" owari="138,-36.2,297,9.7,339,43.9,226,-17.4" /></mjloggm>