<mjloggm ver="2.3"><GO type="225" lobby="0"/><UN n0="%E3%83%96%E3%83%83%E3%83%91%E3%82%AA%E3%83%96%E3%83%81%E3%82%AD%E3%83%B3" n1="%E9%A6%AC%E5%BC%95%E7%81%AB%33" n2="%E3%83%81%E3%83%83%E3%82%BF%E3%82%BD%E3%83%BC" n3="%72%61%6B%33" dan="16,16,16,16" rate="2161.55,2145.09,2135.20,2104.74" sx="M,M,F,M"/><TAIKYOKU oya="0"/><INIT seed="0,0,0,5,5,61" ten="250,250,250,250" oya="0" hai0="75,90,101,121,11,66,77,89,1,80,98,13,16" hai1="96,119,132,115,93,4,38,79,86,125,40,45,33" hai2="35,44,14,19,64,43,120,23,117,130,0,81,108" hai3="17,5,18,54,34,129,41,135,74,102,114,88,58"/><T72/><D121/><U104/><E119/><V109/><F120/><W118/><G118/><T12/><D1/><U57/><E132/><V20/><F117/><W29/><G135/><T9/><D75/><U91/><E125/><V21/><F130/><W25/><G129/><T49/><D49/><U133/><E133/><V28/><F0/><W97/><G114/><T123/><D123/><U131/><E131/><V32/><F81/><W111/><G111/><N who="2" m="42569" /><F28/><W31/><G74/><T126/><D126/><U22/><E115/><V122/><F122/><W68/><G68/><T124/><D124/><U15/><E33/><N who="2" m="12875" /><F64/><W110/><G29/><T94/><REACH who="0" step="1"/><D66/><REACH who="0" ten="240,250,250,250" step="2"/><U10/><E38/><AGARI ba="0,1" hai="14,19,20,21,23,38,43,44" m="12875,42569" machi="38" ten="30,1000,0" yaku="14,1" doraHai="61" who="2" fromWho="1" sc="240,0,250,-10,250,20,250,0" /><INIT seed="1,0,0,5,4,83" ten="240,240,270,250" oya="1" hai0="105,125,82,30,91,71,69,25,32,130,77,123,16" hai1="72,88,87,96,116,65,7,107,29,33,42,57,63" hai2="62,45,23,75,43,2,134,55,46,103,20,86,5" hai3="85,8,10,56,109,81,52,94,80,117,90,67,101"/><U41/><E116/><V49/><F134/><W18/><G117/><T53/><D105/><U118/><E118/><V132/><F132/><W22/><G109/><T17/><D125/><U34/><E72/><V127/><F127/><W35/><G67/><T26/><D130/><U112/><E112/><V128/><F128/><W78/><G101/><T95/><D123/><U50/><E7/><V19/><F75/><W135/><G35/><T3/><D3/><U131/><E131/><V76/><F103/><W48/><G81/><T92/><D92/><U68/><E57/><V64/><F2/><W14/><REACH who="3" step="1"/><G135/><REACH who="3" ten="240,240,270,240" step="2"/><T98/><D71/><U1/><E34/><V102/><F102/><W73/><AGARI ba="0,1" hai="8,10,14,18,22,48,52,56,73,78,80,85,90,94" machi="73" ten="20,16000,3" yaku="1,1,2,1,0,1,7,1,25,2,52,1,54,1,53,0" doraHai="83" doraHaiUra="122" who="3" fromWho="3" sc="240,-40,240,-80,270,-40,240,170" /><INIT seed="2,0,0,0,0,11" ten="200,160,230,410" oya="2" hai0="81,45,62,87,106,84,78,116,80,60,27,23,55" hai1="49,92,21,130,75,93,113,63,111,44,13,83,19" hai2="102,35,4,30,88,52,105,15,120,112,46,51,61" hai3="64,8,34,53,28,65,110,107,56,76,0,77,40"/><V32/><F112/><W128/><G107/><T24/><D106/><U6/><E113/><V16/><F120/><W25/><G40/><T82/><D116/><U2/><E111/><V31/><F4/><W50/><G110/><T73/><D73/><U68/><E130/><V26/><F61/><W101/><G101/><T122/><D122/><U10/><E75/><V98/><F88/><W90/><G128/><T118/><D118/><U67/><REACH who="1" step="1"/><E83/><REACH who="1" ten="200,150,230,410" step="2"/><V22/><REACH who="2" step="1"/><F31/><REACH who="2" ten="200,150,220,410" step="2"/><W17/><G28/><T41/><D78/><U86/><E86/><V127/><F127/><W37/><G77/><T117/><D117/><U69/><E69/><V1/><F1/><W43/><G0/><T3/><D3/><U36/><E36/><V99/><F99/><W131/><G37/><T108/><D108/><U29/><E29/><V20/><AGARI ba="0,2" hai="15,16,20,22,26,30,32,35,46,51,52,98,102,105" machi="20" ten="20,18000,2" yaku="1,1,0,1,7,1,52,1,54,2,53,0" doraHai="11" doraHaiUra="109" who="2" fromWho="2" sc="200,-60,150,-60,220,200,410,-60" /><INIT seed="2,1,0,5,3,56" ten="140,90,420,350" oya="2" hai0="58,88,62,84,63,121,106,86,70,120,80,108,135" hai1="18,37,52,46,17,53,134,55,20,113,64,68,101" hai2="82,40,74,96,122,127,83,131,73,124,66,92,54" hai3="130,41,51,72,15,102,99,123,5,79,100,95,77"/><V19/><F122/><W93/><G123/><T94/><D108/><U119/><E119/><V25/><F40/><W115/><G130/><T23/><D135/><U38/><E113/><V49/><F66/><W78/><G115/><T129/><D129/><U39/><E134/><V43/><F43/><W61/><G72/><T90/><D106/><U114/><E114/><V110/><F110/><W44/><G61/><T128/><D128/><U30/><E101/><V11/><F131/><W2/><G2/><T111/><D111/><U9/><E46/><V65/><F65/><W59/><G59/><T35/><D35/><U3/><E30/><V98/><F73/><W36/><G36/><T116/><D116/><U24/><E17/><V117/><F117/><W76/><N who="3" m="19456" /><DORA hai="14" /><W118/><G118/><T28/><D70/><U50/><E50/><V6/><F74/><W47/><G47/><T91/><D91/><U31/><E31/><V8/><F49/><W0/><G0/><T12/><D63/><U126/><E126/><V22/><F54/><W104/><REACH who="3" step="1"/><G102/><REACH who="3" ten="140,90,420,340" step="2"/><T33/><D58/><U34/><E34/><V67/><F124/><W27/><G27/><N who="0" m="18591" /><D62/><U16/><E18/><V13/><F127/><W132/><G132/><T21/><D121/><U87/><E87/><V89/><F25/><W103/><G103/><T112/><D120/><U32/><E32/><V71/><F19/><W57/><G57/><T85/><D112/><U1/><REACH who="1" step="1"/><E9/><AGARI ba="1,1" hai="5,9,15,41,44,51,93,95,99,100,104" m="19456" machi="9" ten="50,3200,0" yaku="1,1,53,1" doraHai="56,14" doraHaiUra="69,42" who="3" fromWho="1" sc="140,0,90,-35,420,0,340,45" /><INIT seed="3,0,0,1,4,21" ten="140,55,420,385" oya="3" hai0="125,54,113,69,19,0,37,45,117,91,33,94,31" hai1="104,22,129,62,108,81,36,78,135,38,13,68,24" hai2="131,95,77,134,118,25,100,52,85,11,14,56,114" hai3="70,49,5,128,88,74,15,28,55,79,86,101,40"/><W17/><G70/><T23/><D117/><U64/><E108/><V67/><F134/><W65/><G128/><T48/><D125/><U98/><E135/><V50/><F131/><W96/><G65/><T12/><D113/><U29/><E129/><V115/><F118/><W124/><G124/><T8/><D69/><U35/><E22/><V120/><F120/><W39/><G5/><T90/><D37/><U110/><E110/><V76/><F67/><W87/><G39/><T84/><D33/><U71/><E13/><V107/><F107/><W16/><G40/><T126/><D126/><U60/><E60/><V109/><F109/><W9/><G28/><T106/><D106/><U89/><E71/><V116/><F116/><W122/><G122/><T130/><D130/><U105/><E105/><V41/><F41/><W2/><G2/><T123/><D123/><U99/><E99/><N who="2" m="59519" /><F115/><W80/><G17/><T51/><D51/><U47/><E47/><V7/><F114/><W32/><G32/><T34/><D34/><U27/><E27/><V30/><F85/><N who="3" m="50215" /><G79/><T10/><D0/><U3/><E3/><V121/><F121/><W93/><G74/><T20/><D20/><AGARI ba="0,0" hai="7,11,14,20,25,30,50,52,56,76,77" m="59519" machi="20" ten="30,3900,0" yaku="8,1,52,1,54,1" doraHai="21" who="2" fromWho="0" sc="140,-39,55,0,420,39,385,0" owari="101,-29.9,55,-44.5,459,55.9,385,18.5" /></mjloggm>