<mjloggm ver="2.3"><GO type="225" lobby="0"/><UN n0="%E3%81%BF%E3%81%BF%E3%81%9A" n1="%E3%82%BC%E3%83%AB%E3%83%80%E3%81%AE%E4%BC%9D%E8%AA%AC" n2="%42%4F%53%23%31%31" n3="%E3%82%A4%E3%83%BC%E3%82%B1%E3%83%97%E3%83%A9" dan="17,17,16,17" rate="2229.98,2145.20,2095.20,2146.27" sx="M,M,M,M"/><TAIKYOKU oya="0"/><INIT seed="0,0,0,0,2,57" ten="250,250,250,250" oya="0" hai0="43,69,25,42,13,56,131,4,38,62,37,132,104" hai1="71,3,35,109,64,97,60,128,133,16,6,90,110" hai2="55,74,87,75,50,98,96,7,114,77,73,93,15" hai3="14,122,121,58,86,22,95,70,103,118,67,66,47"/><T72/><D104/><U124/><E35/><V65/><F114/><W41/><G118/><T126/><D72/><U111/><E124/><V116/><F116/><W49/><G70/><T84/><D25/><U19/><E133/><V1/><F1/><W48/><G67/><N who="0" m="41207" /><D84/><U127/><E127/><V68/><F68/><W17/><G103/><T102/><D13/><U134/><E134/><V45/><F65/><W113/><G113/><T52/><D4/><U117/><E128/><V135/><F135/><W85/><G66/><T99/><D99/><U92/><E117/><V91/><REACH who="2" step="1"/><F77/><REACH who="2" ten="250,250,240,250" step="2"/><W76/><G76/><T36/><D132/><U119/><E119/><V51/><F51/><W101/><G49/><N who="0" m="30735" /><D126/><U29/><E29/><V54/><F54/><W33/><G48/><T18/><D131/><U40/><E40/><V106/><F106/><W94/><G41/><N who="0" m="15371" /><D102/><U32/><E32/><V78/><F78/><W63/><G101/><T31/><D31/><U5/><E5/><V28/><F28/><W30/><G30/><T105/><D18/><U130/><E130/><V46/><F46/><W44/><G33/><T108/><D105/><U115/><E115/><V0/><F0/><W34/><G34/><T53/><D53/><U59/><E71/><V2/><F2/><W125/><G125/><T9/><D9/><AGARI ba="0,1" hai="3,6,9,16,19,59,60,64,90,92,97,109,110,111" machi="9" ten="40,5200,0" yaku="14,1,52,1,54,1" doraHai="57" who="1" fromWho="0" sc="250,-52,250,62,240,0,250,0" /><AGARI ba="0,0" hai="7,9,15,45,50,55,73,74,75,87,91,93,96,98" machi="9" ten="40,8000,1" yaku="1,1,53,3" doraHai="57" doraHaiUra="107" who="2" fromWho="0" sc="198,-80,312,0,240,80,250,0" /><INIT seed="1,0,0,0,3,13" ten="118,312,320,250" oya="1" hai0="106,91,122,1,29,40,86,51,111,46,3,31,64" hai1="10,128,43,129,92,81,32,22,66,115,15,84,23" hai2="28,17,65,61,97,112,121,72,134,24,107,6,75" hai3="104,4,42,49,21,34,20,101,108,9,125,118,123"/><U78/><E115/><V127/><F121/><W44/><G123/><T70/><D122/><U7/><E32/><V53/><F112/><W63/><G34/><T35/><D106/><U69/><E92/><V12/><F6/><W102/><G108/><T132/><D111/><U73/><E73/><V87/><F53/><W114/><G114/><T33/><D132/><U100/><E100/><V95/><F87/><W48/><G125/><T2/><D70/><U96/><E96/><V124/><F107/><W11/><G118/><T62/><D35/><U68/><E43/><V37/><F37/><W126/><G126/><N who="2" m="48169" /><F24/><W119/><G119/><T103/><D103/><U83/><E83/><V109/><F28/><W30/><G104/><T85/><D33/><U5/><E5/><V116/><F134/><W59/><G48/><T117/><D117/><U52/><E52/><V58/><F109/><W0/><G30/><T94/><REACH who="0" step="1"/><D85/><REACH who="0" ten="108,312,320,250" step="2"/><U133/><E133/><V130/><F116/><W50/><G101/><T80/><D80/><U55/><E69/><V56/><F75/><W26/><G102/><T71/><AGARI ba="0,1" hai="1,2,3,29,31,40,46,51,62,64,71,86,91,94" machi="71" ten="30,4000,0" yaku="1,1,0,1,53,1" doraHai="13" doraHaiUra="88" who="0" fromWho="0" sc="108,50,312,-20,320,-10,250,-10" /><INIT seed="2,0,0,2,1,54" ten="158,292,310,240" oya="2" hai0="42,21,104,135,122,66,134,87,92,4,68,38,90" hai1="0,125,67,74,131,81,126,102,26,70,47,33,5" hai2="62,24,19,118,46,132,60,86,83,111,37,27,127" hai3="55,30,112,43,110,12,65,78,128,106,45,133,15"/><V114/><F114/><W29/><G106/><T93/><D104/><U48/><E102/><V2/><F118/><W34/><G110/><T130/><D122/><U52/><E131/><V25/><F111/><W14/><G65/><T64/><D130/><U109/><E109/><V31/><F132/><N who="0" m="50730" /><D68/><U16/><E5/><V123/><F127/><N who="1" m="48649" /><E0/><V89/><F123/><W99/><G128/><T73/><D73/><U9/><E33/><V59/><F2/><W71/><G71/><T28/><D4/><U91/><E74/><V57/><F31/><W58/><G133/><T95/><D42/><U23/><E9/><V80/><F80/><W107/><G78/><T82/><D38/><U8/><E8/><V88/><F89/><W3/><G3/><T100/><D100/><U17/><E17/><V40/><REACH who="2" step="1"/><F19/><REACH who="2" ten="158,292,300,240" step="2"/><W32/><G30/><T36/><D36/><U101/><E101/><V85/><F85/><W44/><G29/><T121/><D121/><U11/><E91/><V75/><F75/><W84/><G84/><T105/><D105/><U129/><E81/><V97/><F97/><W39/><G112/><T116/><D116/><U22/><E129/><V115/><F115/><W1/><G1/><T94/><N who="0" m="23552" /><DORA hai="79" /><T51/><D28/><U98/><E98/><V119/><F119/><W96/><G99/><T18/><D51/><U69/><E48/><V103/><F103/><N who="3" m="62951" /><G34/><T35/><D35/><U76/><E16/><V41/><F41/><W113/><G32/><T72/><D72/><U7/><E7/><V49/><F49/><N who="3" m="29095" /><G113/><T50/><D50/><U120/><E120/><RYUUKYOKU ba="0,1" sc="158,10,292,-30,300,10,240,10" hai0="18,21,64,66,82,87,90" hai2="24,25,27,37,40,46,57,59,60,62,83,86,88" hai3="12,14,15,39,43,45,58" /><INIT seed="2,1,1,4,4,134" ten="168,262,310,250" oya="2" hai0="67,35,89,60,27,22,78,32,49,76,56,74,131" hai1="63,93,30,71,79,14,43,13,55,69,108,5,127" hai2="57,18,29,129,122,4,31,50,99,92,126,132,124" hai3="82,62,133,104,38,9,19,21,33,96,7,2,125"/><V11/><F122/><W94/><G133/><T42/><D131/><U117/><E117/><V112/><F129/><W39/><G104/><T53/><D42/><U47/><E108/><V75/><F75/><W37/><G33/><T107/><D107/><U101/><E30/><V119/><F112/><W95/><G125/><N who="2" m="48233" /><F18/><W100/><G82/><T86/><D35/><U46/><E79/><V91/><F132/><W66/><G95/><T113/><D32/><U123/><E93/><V64/><F119/><W61/><REACH who="3" step="1"/><G66/><REACH who="3" ten="168,262,310,240" step="2"/><T58/><D113/><U15/><E127/><V77/><F77/><W48/><G48/><T12/><D74/><U88/><E123/><V80/><F80/><W54/><G54/><T118/><D118/><U90/><E55/><N who="2" m="31991" /><F64/><W102/><G102/><T84/><D78/><U109/><E101/><V41/><F41/><W25/><AGARI ba="1,2" hai="2,7,9,19,21,25,37,38,39,61,62,94,96,100" machi="25" ten="30,4000,0" yaku="1,1,0,1,53,1" doraHai="134" doraHaiUra="34" who="3" fromWho="3" sc="168,-11,262,-11,310,-21,240,63" /><INIT seed="3,0,0,4,0,33" ten="157,251,289,303" oya="3" hai0="56,42,38,3,0,59,1,60,112,93,57,12,107" hai1="19,88,110,94,134,78,64,87,108,102,101,46,11" hai2="132,85,90,135,130,95,14,122,5,120,77,80,71" hai3="43,53,37,26,15,76,22,54,70,119,126,23,39"/><W72/><G119/><T62/><D107/><U65/><E134/><N who="2" m="51243" /><F71/><W121/><G121/><N who="2" m="46697" /><F14/><W127/><G70/><T103/><D112/><U34/><E34/><V96/><F5/><W98/><G98/><T81/><D81/><U124/><E124/><N who="3" m="47658" /><G15/><T55/><D12/><N who="1" m="7583" /><E78/><V30/><F30/><N who="3" m="17751" /><G23/><T41/><D38/><N who="3" m="14345" /><G43/><T48/><D48/><U7/><E46/><V10/><F10/><W27/><G27/><T100/><D93/><U66/><E7/><V6/><F6/><W131/><G131/><AGARI ba="0,0" hai="77,80,85,90,95,96,130,131" m="46697,51243" machi="131" ten="40,8000,1" yaku="20,1,13,1,34,2" doraHai="33" who="2" fromWho="3" sc="157,0,251,0,289,80,303,-80" owari="157,-34.3,251,5.1,369,46.9,223,-17.7" /></mjloggm>