<mjloggm ver="2.3"><GO type="169" lobby="0"/><UN n0="%E3%81%88%E3%81%99%E3%81%9F%E3%81%BE%E3%82%8B" n1="%E7%8F%BE%E5%A0%B4%E3%81%AD%E3%81%93" n2="%E5%A4%A7%E4%BB%81%E7%94%B0%E8%96%84" n3="%E7%BC%B6%E3%82%B3%E3%83%92" dan="16,16,17,16" rate="2222.92,2080.91,2187.62,2029.90" sx="M,M,M,M"/><TAIKYOKU oya="0"/><INIT seed="0,0,0,1,0,0" ten="250,250,250,250" oya="0" hai0="122,13,57,132,36,95,39,68,119,124,85,28,54" hai1="31,81,110,101,44,87,89,48,9,37,77,114,35" hai2="76,43,72,11,61,52,18,104,98,50,49,130,41" hai3="113,60,120,129,4,65,10,96,19,1,133,107,94"/><T29/><D119/><U128/><E110/><V25/><F130/><W8/><G113/><T118/><D118/><U103/><E128/><V63/><F72/><W111/><G111/><T105/><D105/><U121/><E121/><V59/><F76/><W127/><G129/><T109/><D122/><U83/><E37/><V135/><F135/><W14/><G133/><T46/><D68/><U116/><E116/><V21/><F63/><W82/><G120/><T99/><D109/><U73/><E114/><V91/><F104/><W38/><G38/><T56/><D132/><U106/><E106/><V78/><F78/><W17/><G107/><T27/><D39/><U131/><E131/><V2/><F2/><W3/><G82/><T42/><D124/><U84/><E73/><V97/><F11/><W62/><G127/><T70/><D70/><U93/><E93/><N who="2" m="56511" /><F98/><W30/><G30/><T90/><D99/><U22/><E35/><V134/><F134/><W15/><G65/><T47/><D29/><U86/><E86/><V71/><F71/><W117/><G117/><T79/><D79/><U67/><E67/><V58/><F58/><W123/><G123/><T115/><D115/><U75/><E75/><V88/><F88/><W112/><G112/><T12/><D47/><U20/><E9/><V45/><F50/><W53/><G3/><T23/><REACH who="0" step="1"/><D56/><REACH who="0" ten="240,250,250,250" step="2"/><U33/><E31/><V40/><AGARI ba="0,1" hai="18,21,25,40,41,43,45,49,52,59,61" m="56511" machi="40" ten="30,4000,0" yaku="25,1,8,1,54,1" doraHai="0" who="2" fromWho="2" sc="240,-20,250,-10,250,50,250,-10" /><INIT seed="1,0,0,0,0,89" ten="220,240,300,240" oya="1" hai0="63,116,108,19,82,93,123,3,43,29,5,113,23" hai1="75,100,37,15,71,47,56,59,28,134,57,6,72" hai2="21,46,49,42,94,119,96,24,20,45,84,16,30" hai3="118,126,109,4,81,38,41,110,128,74,8,132,95"/><U67/><E134/><V10/><F119/><W0/><G132/><T120/><D116/><U50/><E37/><V44/><F10/><W61/><G118/><T114/><D43/><U101/><E75/><V91/><REACH who="2" step="1"/><F96/><REACH who="2" ten="220,240,290,240" step="2"/><W133/><G8/><T135/><D135/><U79/><E6/><V107/><F107/><W76/><G4/><T52/><D5/><U111/><E111/><V9/><F9/><W25/><G133/><T97/><D3/><U65/><E15/><AGARI ba="0,1" hai="15,16,20,21,24,30,42,44,45,46,49,84,91,94" machi="15" ten="30,12000,2" yaku="1,1,7,1,8,1,52,1,54,1,53,2" doraHai="89" doraHaiUra="17" who="2" fromWho="1" sc="220,0,240,-120,290,130,240,0" /><INIT seed="2,0,0,5,1,93" ten="220,120,420,240" oya="2" hai0="12,28,133,53,69,87,30,62,9,2,64,82,67" hai1="22,112,105,36,34,96,1,70,50,23,92,127,102" hai2="134,25,116,85,66,110,91,77,29,117,0,6,8" hai3="38,84,42,21,55,37,58,78,41,98,72,3,43"/><V27/><F77/><W104/><G3/><T20/><D133/><U17/><E36/><V18/><F66/><W71/><G72/><T126/><D126/><U56/><E112/><V48/><F134/><W125/><G71/><T44/><D67/><U61/><E127/><V109/><F48/><W111/><G125/><T83/><D2/><U26/><E1/><V95/><F18/><W68/><G68/><T100/><D83/><U90/><E34/><V15/><F0/><W31/><G111/><N who="2" m="42505" /><F27/><W33/><G78/><T123/><D123/><U121/><E70/><V19/><F6/><W47/><G38/><T39/><D39/><U131/><E131/><V108/><N who="2" m="42513" /><V32/><AGARI ba="0,0" hai="8,15,19,25,29,32,85,91,95,116,117" m="42513" machi="32" ten="40,7800,0" yaku="4,1,14,1,10,1" doraHai="93" who="2" fromWho="2" sc="220,-26,120,-26,420,78,240,-26" /><INIT seed="2,1,0,5,3,55" ten="194,94,498,214" oya="2" hai0="132,57,31,102,8,51,28,59,72,125,110,135,70" hai1="38,97,117,22,79,16,43,114,9,82,77,86,42" hai2="47,58,95,84,89,83,124,129,26,85,112,133,1" hai3="19,130,20,17,106,78,61,104,3,14,94,13,74"/><V62/><F124/><W90/><G3/><T80/><D70/><U45/><E114/><V67/><F129/><W10/><G130/><T21/><D125/><U69/><E117/><V53/><F133/><N who="0" m="51274" /><D110/><U33/><E69/><V39/><F1/><W7/><G78/><N who="0" m="44103" /><D102/><U27/><E42/><V29/><F112/><W105/><G74/><T56/><D8/><U66/><E66/><V119/><F119/><W6/><REACH who="3" step="1"/><G61/><REACH who="3" ten="194,94,498,204" step="2"/><T12/><D51/><U52/><E77/><V24/><F39/><W15/><G15/><T30/><D12/><U75/><E75/><V50/><REACH who="2" step="1"/><F29/><REACH who="2" ten="194,94,488,204" step="2"/><W115/><G115/><T2/><D2/><U41/><E38/><V71/><F71/><W37/><G37/><T88/><D31/><U34/><E27/><V46/><F46/><W121/><G121/><T134/><D134/><U18/><E45/><V48/><F48/><W68/><G68/><T63/><D63/><U65/><E79/><AGARI ba="1,2" hai="24,26,47,50,53,58,62,67,79,83,84,85,89,95" machi="79" ten="30,12000,1" yaku="1,1,7,1,8,1,52,1,53,1" doraHai="55" doraHaiUra="40" who="2" fromWho="1" sc="194,0,94,-123,488,143,204,0" owari="194,-20.6,-29,-52.9,631,73.1,204,0.4" /></mjloggm>