<mjloggm ver="2.3"><GO type="169" lobby="0"/><UN n0="%E4%B9%9D%E7%B4%8B%E9%BE%8D%E5%8F%B2%E9%80%B2" n1="%E8%99%9A%E6%B7%B5%E7%8E%84" n2="%E9%B3%B4%E8%8C%B6" n3="%E5%8B%98%E5%BC%81%E3%81%97%E3%81%A6%E3%82%88" dan="19,17,16,17" rate="2293.91,2220.79,2159.63,2235.27" sx="M,M,M,M"/><TAIKYOKU oya="0"/><INIT seed="0,0,0,4,5,85" ten="250,250,250,250" oya="0" hai0="112,44,5,70,82,22,34,52,127,26,102,53,4" hai1="55,47,125,23,123,120,116,64,41,63,19,13,105" hai2="27,121,32,87,48,72,99,8,76,62,46,30,45" hai3="16,14,35,1,6,92,108,132,7,3,59,114,11"/><T67/><D112/><U122/><E116/><V24/><F121/><W77/><G114/><T50/><D34/><U119/><E119/><V84/><F72/><W25/><G77/><T39/><D127/><U113/><E113/><V118/><F118/><W58/><G92/><T43/><D102/><U69/><E105/><V20/><F8/><W49/><G59/><T128/><D128/><U31/><E31/><V98/><F62/><W106/><G106/><T133/><D133/><U29/><E29/><V71/><F71/><W54/><G108/><T110/><D110/><U33/><E33/><V42/><F84/><W10/><G132/><T109/><D109/><U131/><E131/><V124/><F124/><W94/><G35/><T0/><D0/><U86/><E125/><V115/><F115/><W126/><G126/><T36/><D36/><U57/><E86/><V28/><REACH who="2" step="1"/><F46/><REACH who="2" ten="250,250,240,250" step="2"/><W134/><G134/><T129/><D129/><U104/><E123/><V96/><F96/><W18/><G10/><T56/><D82/><AGARI ba="0,1" hai="20,24,27,28,30,32,42,45,48,76,82,87,98,99" machi="82" ten="40,1300,0" yaku="1,1,53,0" doraHai="85" doraHaiUra="68" who="2" fromWho="0" sc="250,-13,250,0,240,23,250,0" /><INIT seed="1,0,0,1,4,52" ten="237,250,263,250" oya="1" hai0="113,2,35,55,101,29,79,24,95,118,128,82,90" hai1="53,89,88,3,67,7,27,15,60,33,122,81,13" hai2="108,104,30,22,18,23,72,16,69,86,78,129,102" hai3="6,71,106,25,76,10,132,12,5,73,34,77,59"/><U42/><E122/><V57/><F69/><W40/><G71/><T17/><D113/><U114/><E114/><V130/><F72/><W8/><G106/><T83/><D118/><U61/><E3/><V47/><F30/><W51/><G132/><T97/><D128/><N who="2" m="49258" /><F108/><W100/><G100/><T43/><D2/><U11/><E42/><V80/><F47/><W98/><G98/><T87/><D43/><U126/><E126/><V4/><F4/><W91/><G73/><T116/><D116/><U56/><E15/><N who="2" m="9503" /><F102/><W124/><G124/><T26/><D17/><U49/><E60/><V0/><F104/><W63/><G34/><T46/><D26/><U119/><E119/><V74/><F0/><W94/><G25/><T93/><D79/><U20/><E81/><V37/><F37/><W135/><G135/><T75/><D75/><U123/><E33/><V120/><F120/><W110/><G110/><T121/><D121/><U105/><E105/><V115/><F115/><W9/><G76/><T44/><D44/><N who="1" m="27815" /><E123/><V92/><F92/><W96/><G77/><T31/><D31/><AGARI ba="0,0" hai="7,11,13,20,27,31,56,61,67,88,89" m="27815" machi="31" ten="30,5800,0" yaku="8,1,52,1,54,1" doraHai="52" who="1" fromWho="0" sc="237,-58,250,58,263,0,250,0" /><INIT seed="1,1,0,5,2,125" ten="179,308,263,250" oya="1" hai0="116,133,80,86,36,8,50,5,135,68,42,2,34" hai1="130,78,115,84,75,37,19,74,65,128,17,91,83" hai2="35,29,112,114,61,57,21,101,16,99,49,92,100" hai3="18,119,132,97,56,14,20,121,66,52,71,26,4"/><U15/><E115/><N who="2" m="44075" /><F49/><W72/><G132/><T38/><D68/><U32/><E32/><V59/><F35/><W82/><G121/><T123/><D34/><U1/><E1/><V31/><F101/><W69/><G119/><T22/><D116/><U64/><E37/><V127/><F127/><W111/><G111/><T104/><D104/><U54/><E54/><N who="2" m="33975" /><F59/><W62/><G72/><T122/><D22/><U25/><E25/><AGARI ba="1,0" hai="16,21,25,29,31,92,99,100" m="33975,44075" machi="25" ten="30,2000,0" yaku="11,1,54,1" doraHai="125" who="2" fromWho="1" sc="179,0,308,-23,263,23,250,0" /><INIT seed="2,0,0,0,3,96" ten="179,285,286,250" oya="2" hai0="98,16,2,42,122,1,79,33,39,8,130,65,83" hai1="49,110,37,67,14,100,63,36,25,38,94,57,109" hai2="73,35,34,58,10,7,22,53,115,17,3,87,133" hai3="127,72,86,4,120,82,105,101,128,135,114,19,5"/><V97/><F73/><W85/><G120/><T32/><D122/><U102/><E14/><V119/><F119/><W60/><G72/><T134/><D65/><U132/><E132/><V13/><F115/><W51/><G135/><T92/><D134/><U116/><E116/><V118/><F133/><W107/><G127/><T90/><D130/><U45/><E94/><V20/><F118/><W131/><G60/><T52/><D42/><U40/><REACH who="1" step="1"/><E25/><REACH who="1" ten="179,275,286,250" step="2"/><V48/><F22/><W70/><G131/><T126/><D126/><U64/><E64/><V68/><F68/><W9/><G107/><T59/><D2/><U78/><E78/><V117/><F117/><W66/><G66/><T93/><D93/><U84/><E84/><V26/><F87/><W89/><G85/><T74/><D39/><U111/><AGARI ba="0,1" hai="36,37,38,40,45,49,57,63,67,100,102,109,110,111" machi="111" ten="40,12000,2" yaku="1,1,0,1,14,1,52,2,53,1" doraHai="96" doraHaiUra="54" who="1" fromWho="1" sc="179,-30,275,130,286,-60,250,-30" /><INIT seed="3,0,0,0,5,100" ten="149,405,226,220" oya="3" hai0="14,19,131,60,82,79,38,27,46,95,56,133,25" hai1="35,73,36,94,50,5,16,120,51,21,63,15,91" hai2="42,128,31,125,88,76,10,55,58,47,48,67,26" hai3="20,132,93,13,32,85,124,61,66,69,28,2,111"/><W65/><G2/><T4/><D131/><U92/><E36/><V129/><F76/><W113/><G113/><T70/><D70/><U43/><E35/><V59/><F125/><W57/><G124/><T122/><D122/><U8/><E73/><V22/><F10/><W12/><G32/><T98/><D4/><U54/><E120/><V3/><F3/><W109/><G132/><T77/><D46/><N who="1" m="25951" /><E63/><V114/><F114/><W34/><G34/><T40/><D40/><U45/><E91/><V68/><F59/><W103/><G69/><T29/><D38/><U108/><E108/><N who="3" m="41546" /><G66/><T118/><D29/><U107/><E107/><V52/><F88/><N who="3" m="53391" /><G103/><T44/><D133/><U6/><E6/><V53/><REACH who="2" step="1"/><F68/><REACH who="2" ten="149,405,216,220" step="2"/><W11/><G11/><T30/><D79/><U49/><E49/><V96/><F96/><W9/><G9/><T121/><D98/><U78/><E78/><V17/><F17/><W41/><G41/><T119/><D19/><U84/><E84/><V71/><F71/><W37/><G37/><T101/><D77/><U75/><E75/><V135/><F135/><W130/><G130/><T83/><D121/><U74/><E74/><V87/><F87/><W80/><G80/><T72/><D83/><U1/><E1/><V115/><F115/><W104/><G57/><T90/><D56/><U106/><E5/><V126/><F126/><W18/><G18/><T39/><D82/><U123/><E123/><V134/><F134/><W105/><G61/><AGARI ba="0,1" hai="22,26,31,42,47,48,52,53,55,58,61,67,128,129" machi="61" ten="40,2600,0" yaku="1,1,54,1,53,0" doraHai="100" doraHaiUra="86" who="2" fromWho="3" sc="149,0,405,0,216,36,220,-26" /><INIT seed="4,0,0,1,3,61" ten="149,405,252,194" oya="0" hai0="24,130,101,2,58,40,41,6,70,118,11,10,39" hai1="68,93,46,17,78,111,4,19,104,132,1,100,85" hai2="64,114,106,126,73,3,121,76,86,120,65,98,35" hai3="87,49,30,119,14,55,113,12,22,79,97,89,36"/><T13/><D70/><U92/><E111/><V95/><F35/><W5/><G119/><T67/><D118/><U18/><E104/><V69/><F3/><W117/><G36/><T21/><D130/><U110/><E132/><V50/><F69/><W38/><G38/><T31/><D39/><U123/><E123/><V133/><F50/><W83/><G113/><T88/><D101/><U45/><E4/><V0/><F0/><W128/><G128/><T115/><D115/><U75/><E75/><V42/><F42/><W84/><G97/><T27/><D27/><U108/><E1/><V135/><F114/><W33/><G33/><T48/><D88/><U57/><E68/><V107/><F73/><W94/><G5/><T7/><REACH who="0" step="1"/><D48/><REACH who="0" ten="139,405,252,194" step="2"/><U127/><E100/><N who="2" m="60511" /><F76/><W82/><G117/><T9/><D9/><U116/><E116/><V109/><F109/><W122/><G122/><N who="2" m="47209" /><F126/><W32/><G82/><T91/><D91/><U105/><E127/><V66/><F86/><W52/><G49/><T134/><D134/><AGARI ba="0,1" hai="64,65,66,106,107,133,134,135" m="47209,60511" machi="134" ten="40,8000,1" yaku="20,1,52,3" doraHai="61" who="2" fromWho="0" sc="139,-80,405,0,252,90,194,0" /><INIT seed="5,0,0,5,5,42" ten="59,405,342,194" oya="1" hai0="114,4,133,106,56,78,84,131,100,38,6,102,127" hai1="93,9,74,97,134,48,62,98,70,135,83,22,54" hai2="88,57,65,17,73,13,40,64,21,128,123,124,45" hai3="2,19,120,108,110,91,33,37,59,72,96,111,67"/><U71/><E9/><V44/><F123/><W112/><G37/><T55/><D114/><U61/><E22/><V36/><F124/><W10/><G33/><T35/><D127/><U115/><E83/><V63/><F128/><W113/><G72/><T8/><D131/><U116/><E74/><V82/><F73/><W66/><G120/><T26/><D133/><N who="1" m="50699" /><E97/><V104/><F104/><W80/><G80/><T52/><D38/><U23/><E23/><V122/><F122/><W87/><G96/><T25/><D106/><U76/><E76/><V1/><F1/><W85/><G111/><T28/><D78/><U32/><E32/><V16/><F17/><W30/><G2/><T125/><D125/><U132/><E116/><V31/><F31/><W86/><G30/><T58/><D35/><U47/><E115/><N who="3" m="44106" /><G110/><T39/><D39/><U119/><E119/><V43/><F82/><W3/><G3/><T5/><D28/><U77/><E77/><V118/><F118/><W18/><G86/><T50/><D84/><U20/><E132/><V92/><F36/><W90/><G85/><T41/><D41/><N who="2" m="15946" /><F65/><W51/><G67/><T12/><D102/><N who="1" m="60751" /><E20/><V27/><F27/><W121/><G121/><T79/><D100/><U126/><E126/><V81/><F81/><W15/><G108/><T94/><D79/><U68/><AGARI ba="0,0" hai="47,48,54,61,62,68,70,71" m="60751,50699" machi="68" ten="40,3900,0" yaku="20,1,52,1" doraHai="42" who="1" fromWho="1" sc="59,-13,405,39,342,-13,194,-13" /><INIT seed="5,1,0,5,4,85" ten="46,444,329,181" oya="1" hai0="14,65,10,81,39,64,113,117,37,132,133,124,2" hai1="32,70,128,95,50,75,4,76,3,57,48,125,0" hai2="120,87,6,108,73,90,67,49,100,121,77,61,96" hai3="17,110,80,45,25,82,115,21,86,7,122,91,109"/><U29/><E125/><V52/><F108/><W51/><G122/><T72/><D2/><U26/><E128/><V83/><F6/><W71/><G71/><T13/><D81/><U118/><E118/><V58/><F73/><W127/><G115/><T114/><D72/><U31/><E95/><V97/><F77/><W112/><G112/><N who="0" m="43115" /><D10/><U130/><E57/><V88/><F90/><W27/><G127/><T24/><D24/><U42/><E42/><V40/><F40/><W20/><G7/><T94/><D94/><U1/><E26/><V103/><F96/><W34/><G34/><T54/><D54/><U5/><E32/><V119/><F119/><W131/><G131/><T43/><D43/><U74/><E3/><V66/><F66/><N who="0" m="25706" /><D124/><U16/><E130/><V41/><F41/><N who="3" m="25007" /><G109/><T47/><D47/><U12/><E12/><N who="0" m="4713" /><D117/><U106/><E76/><V129/><F129/><W15/><G110/><T53/><D53/><U134/><E75/><V33/><F33/><W62/><G80/><T11/><D11/><U18/><E74/><V135/><F100/><W116/><G116/><T35/><D35/><U84/><E0/><V101/><F103/><W63/><G25/><T60/><D60/><U19/><E1/><V44/><REACH who="2" step="1"/><F135/><AGARI ba="1,0" hai="37,39,132,133,135" m="4713,25706,43115" machi="135" ten="40,8000,1" yaku="28,2,20,1,15,1" doraHai="85" who="0" fromWho="2" sc="46,83,444,0,329,-83,181,0" /><INIT seed="6,0,0,2,4,55" ten="129,444,246,181" oya="2" hai0="32,26,110,15,42,132,69,87,131,98,28,20,122" hai1="127,112,62,72,30,16,25,128,124,75,29,3,113" hai2="10,5,114,73,71,31,33,109,22,6,77,67,56" hai3="40,18,91,23,19,49,54,43,82,7,123,37,45"/><V34/><F71/><W135/><G123/><T105/><D122/><U0/><E62/><V118/><F118/><W46/><G135/><T102/><D132/><U27/><REACH who="1" step="1"/><E16/><REACH who="1" ten="129,434,246,181" step="2"/><V58/><F109/><W129/><G18/><T51/><D110/><U66/><E66/><V94/><F67/><W96/><G7/><T85/><D69/><U93/><E93/><V88/><F114/><W79/><G19/><T76/><D131/><AGARI ba="0,1" hai="0,3,25,27,29,30,72,75,112,113,124,127,128,131" machi="131" ten="25,3200,0" yaku="1,1,22,2,53,0" doraHai="55" doraHaiUra="50" who="1" fromWho="0" sc="129,-32,434,42,246,0,181,0" /><INIT seed="7,0,0,0,5,61" ten="97,476,246,181" oya="3" hai0="74,29,4,129,49,76,111,30,48,94,44,80,90" hai1="36,105,34,115,59,104,64,22,101,58,41,96,6" hai2="113,114,123,79,24,82,110,13,63,120,98,53,69" hai3="10,15,42,116,88,67,45,118,99,11,134,106,93"/><W46/><G134/><T37/><D111/><U32/><E6/><V100/><F110/><W122/><G122/><N who="2" m="46633" /><F24/><W65/><G106/><T26/><D129/><U68/><E59/><N who="2" m="35311" /><F13/><W86/><G118/><T130/><D130/><U40/><E40/><V108/><F69/><W51/><G116/><T128/><D128/><U25/><E115/><V55/><F55/><W102/><G46/><T126/><D126/><U21/><E96/><V38/><F38/><W125/><G125/><T117/><D117/><U131/><E101/><V52/><F52/><W77/><G77/><T8/><D49/><U62/><E22/><V119/><F108/><W47/><G47/><T75/><D75/><U54/><E105/><N who="2" m="63639" /><F119/><W121/><G121/><T85/><D26/><U20/><E20/><V135/><F135/><W70/><G70/><T2/><REACH who="0" step="1"/><D48/><REACH who="0" ten="87,476,246,181" step="2"/><U1/><E25/><V95/><F95/><N who="3" m="58751" /><G10/><T72/><D72/><AGARI ba="0,1" hai="72,79,82,113,114" m="63639,35311,46633" machi="72" ten="30,1000,0" yaku="13,1" doraHai="61" who="2" fromWho="0" sc="87,-10,476,0,246,20,181,0" owari="77,-42.3,476,57.6,266,6.6,181,-21.9" /></mjloggm>