<mjloggm ver="2.3"><GO type="169" lobby="0"/><UN n0="%6F%6B%61%62%65%73%68%69" n1="%31%74%61" n2="%6A%61%63%6B%74" n3="%E3%82%AB%E3%83%A9%E6%9D%BE" dan="17,17,18,17" rate="2190.44,2228.04,2241.61,2134.34" sx="M,M,M,M"/><TAIKYOKU oya="0"/><INIT seed="0,0,0,2,1,67" ten="250,250,250,250" oya="0" hai0="65,109,66,120,84,3,43,11,58,97,59,6,125" hai1="119,20,83,130,110,92,46,132,112,63,10,28,29" hai2="101,85,103,89,107,73,7,55,5,8,91,121,44" hai3="93,94,42,131,39,95,62,40,70,16,128,80,33"/><T106/><D120/><U24/><E119/><V122/><F73/><W27/><G39/><T26/><D43/><U61/><E110/><V135/><F135/><W116/><G116/><T41/><D41/><U17/><E132/><V4/><F8/><W52/><G80/><T104/><D104/><U37/><E130/><N who="3" m="49706" /><G33/><T86/><D26/><U12/><E112/><V127/><F127/><W74/><G74/><T48/><D125/><U47/><E83/><V45/><F107/><W96/><G96/><T56/><D109/><U19/><E37/><V71/><F55/><W115/><G115/><T87/><REACH who="0" step="1"/><D48/><REACH who="0" ten="240,250,250,250" step="2"/><U49/><E49/><V105/><F105/><W32/><G42/><T108/><D108/><U98/><E28/><V2/><F122/><W123/><G40/><T77/><D77/><U1/><E29/><V113/><F121/><W50/><G123/><T88/><D88/><N who="1" m="55559" /><E1/><V68/><F113/><W38/><G38/><T0/><D0/><U111/><E111/><V35/><F2/><W31/><G50/><T72/><D72/><U57/><E63/><V9/><F89/><W76/><G76/><T124/><D124/><U54/><AGARI ba="0,1" hai="10,12,17,19,20,24,46,47,54,57,61" m="55559" machi="54" ten="30,4000,0" yaku="25,1,8,1,54,1" doraHai="67" who="1" fromWho="1" sc="240,-20,250,50,250,-10,250,-10" /><INIT seed="1,0,0,5,2,23" ten="220,300,240,240" oya="1" hai0="93,131,120,130,0,101,39,67,126,56,30,86,63" hai1="82,125,57,33,62,122,65,49,84,29,60,95,98" hai2="26,51,92,8,64,6,27,70,72,115,52,9,71" hai3="129,13,5,58,132,106,66,81,109,4,78,11,118"/><U22/><E122/><V100/><F72/><W77/><G106/><T127/><D39/><U99/><E125/><N who="0" m="47625" /><D0/><U46/><E33/><V104/><F104/><W113/><G113/><T68/><D120/><U96/><E62/><V85/><F115/><W59/><G118/><T12/><D12/><U3/><E3/><V54/><F64/><W15/><G109/><T79/><D30/><U89/><E22/><V75/><F75/><W74/><G129/><N who="0" m="49163" /><D79/><U1/><E1/><V108/><F108/><W91/><G77/><T21/><D21/><U24/><E29/><V17/><F71/><W61/><G91/><N who="0" m="53495" /><D101/><N who="1" m="60575" /><E24/><N who="2" m="9259" /><F70/><AGARI ba="0,0" hai="56,63,67,68,70" m="53495,49163,47625" machi="70" ten="30,2000,0" yaku="18,1,19,1" doraHai="23" who="0" fromWho="2" sc="220,20,300,0,240,-20,240,0" /><INIT seed="2,0,0,1,4,46" ten="240,300,220,240" oya="2" hai0="80,118,126,85,71,100,98,17,22,92,12,61,95" hai1="7,56,112,60,132,15,84,14,128,109,94,29,105" hai2="1,114,82,48,70,90,66,24,33,44,25,0,13" hai3="104,77,45,68,72,64,125,74,81,54,103,23,108"/><V123/><F114/><W58/><G108/><T122/><D118/><U41/><E105/><V37/><F123/><W53/><G125/><T86/><D126/><U50/><E109/><V20/><F37/><W106/><G74/><T59/><D71/><U3/><E3/><V52/><F70/><W69/><G69/><T91/><D122/><U57/><E112/><V5/><F66/><W30/><G68/><T96/><REACH who="0" step="1"/><D80/><REACH who="0" ten="230,300,220,240" step="2"/><U88/><E128/><V78/><F82/><W117/><G117/><T79/><D79/><U101/><E132/><V135/><F78/><W19/><G81/><T31/><D31/><U131/><E29/><V16/><F135/><W28/><G30/><T38/><D38/><U6/><E131/><V49/><F33/><W120/><G28/><T2/><D2/><U129/><E129/><V73/><F0/><W9/><G120/><T65/><AGARI ba="0,1" hai="12,17,22,59,61,65,85,86,91,92,95,96,98,100" machi="65" ten="20,5200,0" yaku="1,1,0,1,7,1,8,1,53,0" doraHai="46" doraHaiUra="133" who="0" fromWho="0" sc="230,62,300,-13,220,-26,240,-13" /><INIT seed="3,0,0,0,3,6" ten="292,287,194,227" oya="3" hai0="107,73,65,64,86,83,57,39,102,91,13,41,123" hai1="17,74,89,71,104,40,127,97,7,103,122,34,125" hai2="79,21,84,38,124,14,11,35,24,106,134,76,98" hai3="28,69,99,85,4,63,94,113,55,22,87,111,112"/><W25/><G112/><T47/><D123/><U2/><E122/><V20/><F38/><W36/><G113/><T46/><D46/><U68/><E34/><V100/><F134/><W66/><G36/><T45/><D45/><U117/><E74/><V90/><F124/><N who="1" m="47689" /><E117/><V29/><F76/><W121/><G121/><T56/><D73/><U19/><E89/><V49/><F49/><W5/><G111/><T93/><D107/><U62/><E40/><V37/><F79/><W60/><G85/><T81/><D56/><U108/><E108/><V70/><F70/><N who="1" m="26665" /><E62/><V132/><F132/><W126/><G87/><T0/><D0/><U1/><E1/><V15/><F15/><W130/><G130/><T131/><D131/><U129/><E129/><V109/><F37/><W23/><G126/><T53/><D81/><U92/><E92/><V116/><F116/><W26/><G60/><T12/><D12/><U27/><E27/><V18/><REACH who="2" step="1"/><F109/><REACH who="2" ten="292,287,184,227" step="2"/><W10/><G26/><T48/><D13/><U115/><E115/><V30/><F30/><W32/><G55/><T101/><D101/><U135/><E135/><V67/><F67/><W44/><G44/><T77/><D102/><U88/><E88/><V31/><F31/><W43/><G43/><T78/><D78/><U95/><E104/><V50/><F50/><W82/><G66/><T33/><D64/><U80/><E103/><V54/><F54/><W105/><G105/><T114/><D65/><U42/><E42/><V72/><F72/><W52/><G69/><T119/><D119/><U110/><E110/><V16/><F16/><RYUUKYOKU ba="0,1" sc="292,-10,287,-10,184,30,227,-10" hai2="11,14,18,20,21,24,29,35,84,90,98,100,106" /><INIT seed="4,1,1,3,4,101" ten="282,277,214,217" oya="0" hai0="53,130,106,104,109,20,56,105,21,37,30,97,66" hai1="83,47,91,54,5,90,61,86,74,52,58,120,124" hai2="16,95,18,123,29,129,87,133,132,111,94,27,128" hai3="0,2,88,63,82,112,38,35,39,110,46,42,135"/><T84/><D37/><U9/><E120/><V64/><F64/><W131/><G110/><T99/><D109/><U92/><E124/><V122/><F111/><W19/><G38/><T24/><D66/><U1/><E74/><V78/><F78/><W134/><G35/><T25/><D84/><U100/><E100/><V33/><F87/><N who="3" m="50295" /><G112/><T12/><D12/><U43/><E54/><V8/><F8/><W7/><G7/><T127/><D127/><U116/><E116/><V22/><F94/><W10/><G63/><T23/><D130/><N who="2" m="50282" /><F95/><W15/><G131/><T4/><D4/><U40/><REACH who="1" step="1"/><E47/><REACH who="1" ten="282,267,214,217" step="2"/><V34/><F33/><W76/><G76/><T93/><D93/><U68/><E68/><V13/><F18/><W26/><G26/><T65/><D65/><U67/><E67/><V41/><F41/><W77/><G77/><T71/><D71/><U75/><E75/><V14/><F14/><W17/><G19/><T85/><D85/><AGARI ba="1,2" hai="1,5,9,40,43,52,58,61,83,85,86,90,91,92" machi="85" ten="30,3900,0" yaku="1,1,7,1,54,1,53,0" doraHai="101" doraHaiUra="44" who="1" fromWho="0" sc="282,-42,267,62,214,0,217,0" /><INIT seed="5,0,0,4,4,79" ten="240,329,214,217" oya="1" hai0="53,122,31,26,100,68,20,11,52,103,131,75,54" hai1="92,106,67,5,69,99,120,102,50,93,55,130,129" hai2="38,22,24,0,45,35,85,41,72,90,125,86,110" hai3="104,42,51,27,13,16,59,95,36,115,107,91,56"/><U8/><E120/><V135/><F110/><W23/><G36/><T109/><D109/><U15/><E67/><V101/><F135/><W117/><G117/><T128/><D68/><U132/><E69/><V40/><F125/><W84/><G115/><T88/><D122/><U65/><E65/><V111/><F111/><W70/><G70/><T25/><D75/><U34/><E34/><V17/><F72/><W43/><G104/><T71/><D71/><U134/><E93/><V87/><F0/><W89/><G107/><T66/><D66/><U7/><E7/><V73/><F73/><W12/><G12/><T94/><D11/><U97/><E97/><V124/><F124/><W113/><G113/><T61/><D61/><U77/><E77/><V6/><F101/><W98/><G27/><T14/><D14/><U127/><E106/><V39/><F6/><W37/><G37/><T9/><D9/><U18/><E5/><V1/><F35/><W114/><G114/><T4/><D4/><U30/><E30/><V58/><F58/><N who="3" m="22059" /><G51/><T126/><D126/><U116/><E116/><V19/><F1/><W78/><G78/><T47/><D47/><N who="1" m="28127" /><E127/><V76/><F76/><W83/><AGARI ba="0,0" hai="13,16,23,42,43,83,84,89,91,95,98" m="22059" machi="83" ten="30,4000,0" yaku="8,1,52,1,54,1" doraHai="79" who="3" fromWho="3" sc="240,-10,329,-20,214,-10,217,40" /><INIT seed="6,0,0,4,4,84" ten="230,309,204,257" oya="2" hai0="22,104,105,73,10,55,78,114,61,8,12,68,71" hai1="100,116,90,24,28,3,117,135,2,25,118,132,13" hai2="45,110,16,41,112,74,130,19,77,44,124,95,128" hai3="17,36,42,69,72,70,125,87,108,57,98,32,53"/><V83/><F112/><W94/><G72/><T1/><D114/><U60/><E100/><V93/><F124/><W122/><G122/><T107/><D1/><N who="1" m="11" /><E60/><V127/><F127/><W27/><G108/><T40/><D40/><U59/><E59/><V49/><F110/><W129/><G129/><N who="2" m="49769" /><F44/><W80/><G125/><T75/><D8/><U103/><E103/><V9/><F9/><W43/><G36/><T6/><D78/><U67/><E67/><V96/><F95/><W63/><G69/><T106/><N who="0" m="26624" /><DORA hai="121" /><T15/><D71/><U66/><E66/><V5/><F5/><W119/><G70/><T18/><D68/><U123/><E123/><V97/><F97/><W21/><G32/><T126/><D126/><U82/><E28/><V39/><F39/><W91/><REACH who="3" step="1"/><G119/><REACH who="3" ten="230,309,204,247" step="2"/><T35/><D35/><U50/><E118/><V29/><F29/><W64/><G64/><T58/><AGARI ba="0,1" hai="6,10,12,15,18,22,55,58,61,73,75" m="26624" machi="58" ten="60,2000,0" yaku="0,1" doraHai="84,121" who="0" fromWho="0" sc="230,30,309,-5,204,-10,247,-5" /><INIT seed="7,0,0,4,0,94" ten="260,304,194,242" oya="3" hai0="68,17,113,0,91,119,127,93,118,130,20,96,124" hai1="24,58,111,39,34,7,102,60,33,22,72,125,29" hai2="69,92,98,63,10,14,106,59,23,126,38,83,57" hai3="37,123,18,79,61,50,5,86,71,40,110,89,66"/><W15/><G123/><T35/><D35/><U32/><E111/><V81/><F126/><N who="0" m="48170" /><D68/><U112/><E72/><V65/><F38/><W47/><G110/><T55/><D0/><U128/><E39/><V85/><F106/><W44/><G79/><T42/><D42/><U129/><E112/><V78/><F81/><W28/><G28/><T103/><D55/><U82/><E125/><V120/><F23/><W26/><G26/><T27/><D130/><N who="1" m="50283" /><E82/><V97/><F120/><W70/><G5/><T6/><D6/><U62/><E7/><V21/><F21/><W105/><G105/><N who="0" m="63719" /><D113/><U56/><E102/><V134/><F134/><W77/><G77/><T3/><D3/><U121/><E121/><V53/><F92/><W4/><G4/><T109/><D109/><U131/><E131/><V84/><F84/><AGARI ba="0,0" hai="17,20,27,84,91,93,118,119" m="63719,48170" machi="84" ten="30,2000,0" yaku="18,1,52,1" doraHai="94" who="0" fromWho="2" sc="260,20,304,0,194,-20,242,0" owari="280,8.0,304,40.4,174,-32.6,242,-15.8" /></mjloggm>