<mjloggm ver="2.3"><GO type="169" lobby="0"/><UN n0="%E3%83%87%E3%83%A9%E3%82%B3%E3%83%83%E3%82%B3" n1="%E5%85%83%E3%82%AB%E3%83%8E%E7%B3%BB%E3%83%92%E3%83%AD%E3%82%A4%E3%83%B3" n2="%E9%9B%BB%E6%B0%97%47%52%4F%4F%56%45" n3="%61%6B%69%62%61%62%61%6E" dan="16,16,16,17" rate="2119.27,2185.27,2131.91,2164.64" sx="M,M,F,M"/><TAIKYOKU oya="0"/><INIT seed="0,0,0,5,5,21" ten="250,250,250,250" oya="0" hai0="113,28,63,40,86,105,6,67,51,73,80,25,4" hai1="122,98,45,12,14,103,117,59,18,26,109,100,13" hai2="36,29,54,32,24,129,8,2,108,123,1,110,99" hai3="47,101,38,55,91,9,41,60,85,96,43,90,62"/><T49/><D105/><U52/><E117/><V53/><F123/><W134/><G134/><T39/><D73/><U132/><E122/><V102/><F36/><W68/><G41/><T22/><D39/><U5/><E132/><V35/><F129/><W37/><G37/><T50/><D40/><U3/><E109/><N who="2" m="42091" /><F35/><W93/><G9/><T94/><D94/><U46/><E3/><N who="2" m="1035" /><F8/><W92/><G68/><T111/><D113/><U65/><E65/><V118/><F118/><W30/><G30/><T81/><D111/><U89/><E5/><V64/><F64/><W131/><G131/><T82/><REACH who="0" step="1"/><D86/><REACH who="0" ten="240,250,250,250" step="2"/><U72/><E72/><V107/><AGARI ba="0,1" hai="24,29,32,53,54,99,102,107" m="1035,42091" machi="107" ten="30,2000,0" yaku="14,1,52,1" doraHai="21" who="2" fromWho="2" sc="240,-10,250,-5,250,30,250,-5" /><INIT seed="1,0,0,5,3,9" ten="230,245,280,245" oya="1" hai0="21,29,121,37,91,57,47,101,102,27,18,75,58" hai1="46,85,22,134,98,125,33,100,19,68,59,44,34" hai2="15,99,12,5,26,131,126,107,109,90,41,80,10" hai3="72,64,23,135,104,84,61,1,128,6,20,53,129"/><U52/><E68/><V112/><F109/><W60/><G72/><T3/><D121/><U123/><E123/><V38/><F131/><N who="3" m="50251" /><G104/><T13/><D3/><U93/><E134/><V48/><F38/><W7/><G135/><T16/><D75/><U66/><E125/><V45/><F126/><W70/><G84/><T120/><D120/><U0/><E0/><V28/><F112/><W111/><G111/><T78/><D78/><U4/><E4/><N who="3" m="1578" /><G1/><T95/><D47/><U8/><E8/><V63/><F107/><W114/><G114/><T87/><D37/><U17/><E17/><V133/><F63/><W110/><G110/><T118/><D118/><U130/><E130/><V82/><F133/><W43/><G43/><T31/><D18/><U67/><E33/><V36/><F36/><W83/><G83/><T56/><REACH who="0" step="1"/><D31/><REACH who="0" ten="220,245,280,245" step="2"/><U132/><E132/><V108/><F108/><W103/><G103/><T54/><D54/><U62/><E52/><V24/><F28/><W69/><G53/><T92/><D92/><U88/><E67/><AGARI ba="0,1" hai="20,23,60,61,64,67,69,70" m="1578,50251" machi="67" ten="30,1000,0" yaku="19,1" doraHai="9" who="3" fromWho="1" sc="220,0,245,-10,280,0,245,20" /><INIT seed="2,0,0,5,2,131" ten="220,235,280,265" oya="2" hai0="6,36,61,129,135,54,78,127,79,37,25,42,53" hai1="76,16,3,49,134,22,44,33,43,120,105,31,39" hai2="102,96,106,91,68,72,108,110,57,123,55,114,119" hai3="52,63,85,93,0,118,86,113,30,97,88,116,81"/><V70/><F119/><W38/><G113/><T124/><D6/><U90/><E105/><V64/><F114/><W28/><G0/><T107/><D107/><U4/><E120/><V5/><F123/><W82/><G38/><N who="0" m="14955" /><D25/><N who="1" m="18671" /><E76/><N who="0" m="29225" /><D129/><U87/><E39/><V132/><F72/><W130/><G130/><T115/><D42/><U104/><E87/><N who="3" m="33290" /><G118/><T100/><D100/><U74/><E90/><V59/><F5/><W11/><G11/><T26/><D26/><U62/><E62/><V8/><F8/><W133/><G116/><T122/><D122/><U126/><E104/><V35/><F35/><W13/><G13/><T24/><D24/><U60/><E60/><V65/><F91/><W9/><G9/><T117/><D117/><U112/><E74/><V83/><F83/><W75/><G75/><T20/><D115/><U51/><E112/><V95/><F106/><W18/><G82/><T27/><D61/><U29/><E4/><V121/><F121/><W17/><G81/><T58/><D58/><U34/><E43/><V32/><F32/><W40/><G40/><T80/><D80/><U67/><E34/><V71/><F59/><W84/><G84/><T98/><D98/><U19/><E3/><V46/><F57/><W50/><G63/><T66/><D66/><U45/><E67/><V99/><F64/><W89/><G89/><T23/><D135/><U15/><E134/><V21/><F132/><W2/><G2/><T7/><D7/><U92/><E15/><V103/><F65/><W14/><G133/><T56/><D27/><U69/><E44/><V48/><F21/><RYUUKYOKU ba="0,0" sc="220,-10,235,-10,280,30,265,-10" hai2="46,48,55,68,70,71,95,96,99,102,103,108,110" /><INIT seed="2,1,0,4,5,1" ten="210,225,310,255" oya="2" hai0="125,46,83,91,10,126,75,6,19,134,11,50,111" hai1="30,67,92,53,84,51,56,130,31,90,101,63,77" hai2="102,98,12,55,103,93,121,32,41,34,112,40,108" hai3="132,131,100,3,13,44,94,133,18,15,16,61,104"/><V22/><F121/><W88/><G3/><T127/><D111/><U21/><E130/><V78/><F112/><W114/><G114/><T76/><D134/><N who="3" m="51817" /><G131/><T122/><D122/><U107/><E77/><V57/><F108/><W0/><G0/><T7/><D91/><U95/><E107/><V5/><F78/><W129/><G129/><T135/><D135/><U20/><E20/><V64/><F64/><W14/><G61/><T47/><D47/><U69/><REACH who="1" step="1"/><E21/><REACH who="1" ten="210,215,310,255" step="2"/><V38/><F22/><W66/><G66/><T80/><D80/><U9/><E9/><N who="0" m="3081" /><D19/><U25/><E25/><V49/><F32/><W23/><G18/><T96/><D96/><AGARI ba="1,1" hai="30,31,51,53,56,63,67,69,84,90,92,95,96,101" machi="96" ten="40,1300,0" yaku="1,1,53,0" doraHai="1" doraHaiUra="4" who="1" fromWho="0" sc="210,-16,215,26,310,0,255,0" /><INIT seed="3,0,0,1,4,79" ten="194,241,310,255" oya="3" hai0="99,70,43,7,86,100,25,35,50,128,81,114,54" hai1="84,116,9,31,5,33,44,24,8,34,61,87,27" hai2="127,122,125,6,133,19,39,46,124,29,95,62,16" hai3="40,15,47,49,13,26,63,56,72,12,30,55,58"/><W94/><G72/><T52/><D128/><U90/><E116/><V0/><F133/><W115/><G115/><T80/><D114/><U14/><E61/><V134/><F134/><W1/><G1/><T92/><D70/><U101/><E101/><V21/><F122/><W112/><G112/><T119/><D119/><U10/><E44/><V42/><F29/><W132/><G132/><T108/><D108/><U20/><E84/><V111/><F111/><W71/><G94/><N who="0" m="58487" /><D35/><N who="1" m="20967" /><E87/><V121/><F121/><W113/><G113/><T69/><D69/><U38/><E90/><V22/><F95/><W45/><G71/><T36/><D36/><U104/><E38/><V129/><F129/><W88/><G88/><N who="0" m="53271" /><D25/><U3/><E104/><V53/><F6/><W74/><G74/><T17/><D17/><N who="2" m="6730" /><F0/><W51/><REACH who="3" step="1"/><G63/><REACH who="3" ten="194,241,310,245" step="2"/><T68/><D68/><U106/><E106/><V67/><F67/><W11/><G11/><N who="1" m="4170" /><E3/><V60/><F60/><W83/><G83/><N who="0" m="31819" /><D7/><U123/><E123/><V18/><F127/><W37/><G37/><T126/><D126/><U76/><E5/><V91/><F125/><W117/><G117/><T89/><D89/><U75/><E10/><V65/><F91/><W120/><G120/><T73/><D73/><U97/><E75/><V48/><F39/><W4/><G4/><T28/><D28/><U77/><E33/><AGARI ba="0,1" hai="12,13,15,26,30,33,40,45,47,49,51,55,56,58" machi="33" ten="40,2000,0" yaku="1,1,53,0" doraHai="79" doraHaiUra="64" who="3" fromWho="1" sc="194,0,241,-20,310,0,245,30" /><INIT seed="3,1,0,0,2,124" ten="194,221,310,275" oya="3" hai0="102,43,52,34,51,79,6,112,94,55,69,93,30" hai1="126,122,72,3,135,133,24,130,20,106,48,42,96" hai2="103,104,71,29,14,61,75,46,8,9,18,4,53" hai3="58,85,54,39,80,111,38,31,2,66,44,37,97"/><W129/><G2/><T105/><D112/><U107/><E122/><V60/><F75/><W45/><G111/><T16/><D6/><U36/><E36/><V19/><F29/><W57/><G31/><T25/><D69/><U86/><E72/><V125/><F125/><W13/><G97/><T115/><D115/><U91/><E3/><V123/><F123/><W17/><G66/><T84/><D105/><U63/><E126/><V73/><F73/><W40/><G40/><T56/><D43/><U82/><E130/><V68/><F46/><W87/><G58/><T32/><D32/><U70/><E96/><V35/><F14/><W121/><G121/><T113/><D113/><U90/><E90/><V110/><F4/><W77/><G87/><T88/><D79/><U59/><E70/><V12/><F12/><W74/><G129/><T64/><D64/><N who="1" m="39039" /><E48/><V1/><F53/><W11/><REACH who="3" step="1"/><G74/><REACH who="3" ten="194,221,310,265" step="2"/><T50/><D102/><U41/><E42/><V101/><F1/><W128/><G128/><T119/><D119/><U23/><E41/><V49/><F110/><W92/><G92/><T62/><D94/><U83/><E107/><V117/><F104/><W26/><G26/><T76/><D55/><U109/><E106/><V47/><F117/><W27/><G27/><T108/><D108/><U28/><E109/><V10/><F71/><W114/><G114/><T99/><REACH who="0" step="1"/><D16/><REACH who="0" ten="184,221,310,265" step="2"/><N who="1" m="12295" /><E82/><AGARI ba="1,2" hai="25,30,34,50,51,52,56,62,76,82,84,88,93,99" machi="82" ten="40,8000,1" yaku="1,1,54,2,53,1" doraHai="124" doraHaiUra="22" who="0" fromWho="1" sc="184,103,221,-83,310,0,265,0" /><INIT seed="4,0,0,3,0,99" ten="287,138,310,265" oya="0" hai0="118,74,135,26,82,37,29,51,52,111,41,101,20" hai1="115,79,110,67,7,55,1,122,9,94,123,48,19" hai2="45,90,14,83,72,92,113,16,95,56,4,97,6" hai3="107,18,81,134,64,49,106,129,24,78,35,39,30"/><T130/><D118/><U28/><E110/><V25/><F113/><W47/><G129/><T87/><D130/><U69/><E28/><V105/><F105/><W5/><G134/><T120/><D120/><U104/><E104/><V12/><F25/><W88/><G39/><T96/><D135/><U2/><E2/><V50/><F56/><W3/><G64/><T11/><D37/><U31/><E31/><V103/><F12/><W112/><G112/><T127/><D127/><U32/><E32/><V53/><F72/><W8/><G18/><T98/><D74/><U124/><E124/><V65/><F65/><W13/><G3/><T125/><D111/><U131/><E131/><V68/><F68/><W23/><G35/><T61/><D11/><U42/><E79/><V80/><F80/><W22/><G22/><T73/><D73/><U38/><E115/><V75/><F83/><W54/><G88/><N who="0" m="51319" /><D101/><U60/><E19/><V91/><F75/><AGARI ba="0,0" hai="5,8,13,23,24,30,47,49,54,75,78,81,106,107" machi="75" ten="30,1000,0" yaku="7,1" doraHai="99" who="3" fromWho="2" sc="287,0,138,0,310,-10,265,10" /><INIT seed="5,0,0,5,0,69" ten="287,138,300,275" oya="1" hai0="88,109,33,68,25,92,16,61,75,103,24,100,57" hai1="135,73,40,66,34,42,62,41,77,3,5,84,6" hai2="50,116,130,1,43,94,19,111,36,55,54,64,82" hai3="29,110,124,123,97,37,128,87,35,22,72,85,59"/><U26/><E73/><V31/><F111/><W2/><G123/><T12/><D68/><U47/><E135/><V7/><F64/><W76/><G110/><T44/><D75/><U0/><E47/><V45/><F31/><W30/><G35/><T18/><D44/><U79/><E34/><V81/><F55/><W93/><G72/><T104/><D104/><U80/><E26/><N who="0" m="10345" /><D33/><U56/><REACH who="1" step="1"/><E77/><REACH who="1" ten="287,128,300,275" step="2"/><V71/><F45/><W10/><G76/><T23/><D109/><U58/><E58/><V51/><F71/><W126/><G59/><T120/><D120/><U112/><E112/><V121/><F121/><W113/><G113/><T20/><D57/><U52/><E52/><V32/><F54/><W101/><G126/><T49/><D61/><U53/><E53/><V9/><F32/><W98/><G124/><T67/><D67/><U74/><E74/><V28/><F28/><W27/><G30/><T91/><D49/><U95/><E95/><V105/><F94/><W106/><G93/><T134/><D134/><U131/><E131/><V133/><F51/><W65/><G128/><T63/><D63/><U96/><E96/><V38/><F50/><W21/><G98/><N who="0" m="57607" /><D91/><U70/><E70/><V118/><F105/><W13/><G65/><T4/><D103/><U60/><E60/><V115/><F130/><W119/><G29/><T86/><D100/><U102/><E102/><V114/><F133/><W129/><G101/><T122/><D122/><U83/><E83/><V89/><F82/><W99/><G99/><T15/><D86/><U90/><E90/><V117/><F89/><RYUUKYOKU ba="0,1" sc="287,15,128,15,300,-15,275,-15" hai0="4,12,15,16,18,20,23" hai1="0,3,5,6,40,41,42,56,62,66,79,80,84" /><INIT seed="5,1,1,0,5,87" ten="302,143,285,260" oya="1" hai0="122,25,84,56,83,10,39,38,79,5,102,108,37" hai1="96,97,49,34,111,60,71,55,30,54,35,76,1" hai2="12,32,68,8,2,72,45,11,66,57,28,27,4" hai3="42,95,89,33,16,128,24,48,125,21,133,43,100"/><U18/><E1/><V7/><F72/><W75/><G75/><T9/><D108/><U41/><E111/><V129/><F129/><W46/><G128/><T22/><D122/><U114/><E114/><V82/><F45/><W6/><G125/><T78/><D102/><U132/><E132/><V40/><F40/><W94/><G33/><T70/><D70/><U23/><E76/><V107/><F107/><W13/><G133/><T64/><D79/><U99/><E30/><V93/><F82/><W61/><G61/><T121/><D121/><U101/><E101/><V135/><F68/><W3/><G3/><T85/><D85/><U51/><E41/><V73/><F73/><W130/><G130/><T110/><D110/><U65/><E51/><V118/><F118/><W91/><G43/><T131/><D131/><U58/><REACH who="1" step="1"/><E55/><REACH who="1" ten="302,133,285,260" step="2"/><V15/><F135/><W53/><G42/><T115/><D115/><U20/><E20/><V50/><F2/><W105/><G100/><T119/><D78/><U69/><E69/><V29/><F29/><W104/><G104/><T98/><D22/><U112/><E112/><V26/><F28/><W124/><G105/><T77/><D77/><U103/><E103/><V31/><F31/><W90/><G124/><T59/><D37/><U86/><E86/><V92/><F32/><W52/><G53/><T109/><D38/><U17/><E17/><V113/><F113/><W120/><G120/><T14/><D39/><U36/><E36/><V134/><F134/><W62/><G62/><N who="0" m="37959" /><D109/><U88/><E88/><V106/><F106/><W123/><G123/><RYUUKYOKU ba="1,2" sc="302,-15,133,15,285,-15,260,15" hai1="18,23,34,35,49,54,58,60,65,71,96,97,99" hai3="6,13,16,21,24,46,48,52,89,90,91,94,95" /><INIT seed="5,2,2,3,3,115" ten="287,148,270,275" oya="1" hai0="92,110,14,62,97,72,29,64,28,113,46,130,5" hai1="88,11,30,135,120,24,98,126,116,90,75,44,60" hai2="100,107,76,69,83,6,42,53,106,131,94,17,82" hai3="87,109,12,38,1,129,54,127,58,16,32,43,133"/><U67/><E120/><V112/><F69/><W84/><G109/><T27/><D110/><U3/><E75/><V85/><F112/><W56/><G129/><T119/><D113/><U9/><E135/><V51/><F131/><W35/><G1/><T70/><D130/><U108/><E108/><V10/><F42/><W49/><G133/><T39/><D72/><U21/><E126/><V47/><F17/><W123/><G123/><T80/><D80/><U50/><E116/><V2/><F100/><W132/><G132/><T117/><D46/><U101/><E9/><V121/><F121/><W19/><G38/><T0/><D39/><U61/><E11/><V74/><REACH who="2" step="1"/><F94/><REACH who="2" ten="287,148,260,275" step="2"/><W45/><G43/><T122/><D122/><U111/><E111/><V15/><F15/><W59/><G19/><T31/><D27/><U48/><E3/><V81/><F81/><W34/><REACH who="3" step="1"/><G127/><REACH who="3" ten="287,148,260,265" step="2"/><T57/><D0/><U95/><E48/><V99/><F99/><W78/><G78/><AGARI ba="2,4" hai="2,6,10,47,51,53,74,76,78,82,83,85,106,107" machi="78" ten="30,2000,0" yaku="1,1,7,1,53,0" doraHai="115" doraHaiUra="26" who="2" fromWho="3" sc="287,0,148,0,260,66,265,-26" /><INIT seed="6,0,0,3,2,38" ten="287,148,326,239" oya="2" hai0="32,44,99,96,109,56,10,122,121,17,23,75,24" hai1="59,29,67,87,27,129,68,76,47,52,60,97,92" hai2="107,53,69,36,80,16,115,108,106,43,41,42,65" hai3="31,134,83,9,98,5,73,132,82,63,126,113,7"/><V21/><F36/><W0/><G126/><T130/><D109/><U55/><E129/><V74/><F108/><W111/><G111/><T1/><D75/><U50/><E87/><V34/><F34/><W22/><G113/><T11/><D130/><U90/><E76/><V119/><F119/><W13/><G98/><T135/><D135/><N who="3" m="51753" /><G73/><T46/><D32/><U70/><REACH who="1" step="1"/><E67/><REACH who="1" ten="287,138,326,239" step="2"/><V71/><F115/><W78/><G78/><T62/><D121/><U48/><E48/><V25/><F65/><W100/><G63/><T81/><D62/><U101/><E101/><V66/><F66/><W61/><G61/><T116/><D122/><U39/><E39/><V125/><F125/><W8/><G100/><T133/><D133/><U79/><E79/><V114/><F74/><W77/><G77/><T95/><D99/><U123/><E123/><V35/><F114/><W19/><G31/><T88/><D96/><U127/><E127/><V91/><F107/><W54/><G54/><T105/><D105/><U103/><E103/><V131/><F106/><W84/><G84/><T18/><D81/><U93/><E93/><V30/><F53/><W51/><G51/><T45/><D95/><U28/><E28/><V33/><F131/><W94/><G94/><T6/><D116/><U26/><E26/><AGARI ba="0,1" hai="0,5,7,8,9,13,19,22,26,82,83" m="51753" machi="26" ten="30,1000,0" yaku="20,1" doraHai="38" who="3" fromWho="1" sc="287,0,138,-10,326,0,239,20" /><INIT seed="7,0,0,3,3,52" ten="287,128,326,259" oya="3" hai0="92,50,86,35,71,84,60,4,119,63,18,74,11" hai1="20,121,43,107,36,8,106,90,89,38,31,108,39" hai2="53,19,25,0,79,2,44,88,24,22,26,127,33" hai3="134,82,81,10,37,72,42,76,94,124,91,58,131"/><W123/><G123/><T128/><D119/><U103/><E121/><V75/><F127/><W118/><G118/><T41/><D74/><U9/><E43/><V51/><F33/><W5/><G124/><T99/><D35/><U104/><E20/><V130/><F130/><W27/><G131/><T78/><D71/><U16/><E103/><V59/><F79/><W17/><G82/><N who="0" m="47191" /><D86/><U122/><E122/><V70/><F70/><W3/><G134/><T96/><D18/><U13/><E31/><V110/><F75/><W105/><G105/><T80/><D80/><U49/><E49/><V56/><F110/><W62/><G17/><T95/><D95/><U12/><E16/><V111/><F111/><W21/><G21/><T54/><D41/><U87/><E108/><V129/><F129/><W45/><G27/><T47/><D99/><U109/><E109/><V7/><F7/><W113/><G113/><T32/><D32/><U61/><E61/><V6/><F6/><W132/><G132/><T112/><D112/><U135/><E135/><V15/><F0/><W102/><G102/><N who="0" m="60679" /><D128/><U66/><E66/><V23/><F2/><W115/><G115/><T28/><D28/><U114/><E114/><V40/><F40/><W14/><G14/><AGARI ba="0,0" hai="4,11,14,47,50,54,60,63" m="60679,47191" machi="14" ten="30,1000,0" yaku="8,1" doraHai="52" who="0" fromWho="3" sc="287,10,128,0,326,0,259,-10" owari="297,9.7,128,-37.2,326,42.6,249,-15.1" /></mjloggm>