<mjloggm ver="2.3"><GO type="169" lobby="0"/><UN n0="%E5%A4%A7%E4%BB%81%E7%94%B0%E8%96%84" n1="%6B%61%74%65%72%69%6E%61" n2="%E3%81%8B%E3%82%81%E3%81%98%E3%82%8D%E3%81%86" n3="%48%61%6C%66%73" dan="17,16,16,17" rate="2180.03,2187.74,2125.67,2159.21" sx="M,M,M,M"/><TAIKYOKU oya="0"/><INIT seed="0,0,0,3,4,123" ten="250,250,250,250" oya="0" hai0="90,107,11,114,85,97,29,19,27,2,55,130,65" hai1="86,12,122,113,38,39,43,71,37,34,60,95,22" hai2="3,6,64,133,109,134,30,127,24,84,40,73,93" hai3="70,61,135,106,119,63,20,42,104,121,5,72,110"/><T56/><D130/><U112/><E34/><V36/><F73/><W96/><G119/><T8/><D114/><N who="1" m="44139" /><E122/><V16/><F64/><W103/><G72/><T51/><D65/><N who="1" m="41383" /><E12/><V62/><F62/><W9/><G20/><T57/><D57/><U131/><E22/><V23/><F127/><W81/><G42/><T132/><D132/><U116/><E116/><V78/><F40/><W15/><G135/><N who="2" m="51721" /><F36/><W111/><G121/><T120/><D120/><U41/><E131/><V102/><F6/><W31/><G31/><T125/><D125/><U17/><E17/><V80/><F3/><W68/><G104/><T52/><D55/><U58/><E58/><V128/><F128/><W89/><G68/><T100/><D19/><U92/><E92/><V59/><F59/><W79/><G89/><AGARI ba="0,0" hai="37,38,39,41,43,86,89,95" m="41383,44139" machi="89" ten="40,1300,0" yaku="11,1" doraHai="123" who="1" fromWho="3" sc="250,0,250,13,250,0,250,-13" /><INIT seed="1,0,0,4,2,53" ten="250,263,250,237" oya="1" hai0="73,70,83,76,74,19,118,41,80,128,129,89,97" hai1="27,12,100,77,113,38,66,116,117,71,119,54,64" hai2="63,109,25,5,46,51,106,3,49,58,82,4,108" hai3="62,75,40,29,96,26,84,34,69,39,79,35,20"/><U13/><E113/><V60/><F106/><W44/><G20/><T61/><D41/><U127/><E38/><V99/><F99/><W2/><G84/><T30/><D30/><U32/><E127/><V122/><F122/><W111/><G111/><N who="2" m="42569" /><F82/><W95/><G35/><T93/><D19/><U120/><E120/><V48/><F25/><W23/><G23/><T121/><D121/><U98/><E77/><V65/><F3/><W87/><G87/><T10/><D10/><U90/><E90/><V42/><F5/><W88/><G2/><T11/><D11/><U131/><E131/><N who="0" m="50249" /><D118/><U17/><E71/><N who="2" m="42407" /><F4/><W92/><G92/><T21/><D21/><U36/><E13/><V22/><F22/><W55/><G79/><N who="0" m="44143" /><D61/><U133/><E12/><V68/><F68/><AGARI ba="0,0" hai="68,70,74,76,83,89,93,97" m="44143,50249" machi="68" ten="30,1000,0" yaku="19,1" doraHai="53" who="0" fromWho="2" sc="250,10,263,0,250,-10,237,0" /><INIT seed="2,0,0,5,3,76" ten="260,263,240,237" oya="2" hai0="14,123,99,13,34,65,9,21,29,87,31,7,77" hai1="59,120,75,70,37,22,110,35,121,97,49,61,66" hai2="107,60,74,11,23,30,26,53,102,28,12,129,95" hai3="67,62,133,27,90,43,86,109,68,96,126,98,135"/><V82/><F129/><W16/><G109/><T83/><D123/><U105/><E35/><V116/><F107/><W114/><G126/><T38/><D38/><U84/><E75/><V94/><F116/><W72/><G72/><T41/><D34/><U113/><E113/><V103/><F30/><W132/><G43/><T6/><D65/><U131/><E131/><V128/><F128/><W79/><G79/><T15/><D41/><U58/><E37/><V104/><F104/><W5/><G5/><T20/><D99/><U44/><E22/><N who="0" m="8809" /><D9/><U73/><E73/><V25/><F25/><W36/><G36/><T108/><D108/><U78/><E110/><V64/><F53/><W50/><G114/><T4/><AGARI ba="0,0" hai="4,6,7,13,14,15,29,31,77,83,87" m="8809" machi="4" ten="40,2700,0" yaku="8,1,52,1" doraHai="76" who="0" fromWho="0" sc="260,27,263,-7,240,-13,237,-7" /><INIT seed="3,0,0,0,0,57" ten="287,256,227,230" oya="3" hai0="75,110,47,109,118,52,123,37,80,91,85,90,59" hai1="26,33,43,14,35,8,81,101,82,127,41,24,63" hai2="129,64,120,28,116,18,97,108,46,53,29,71,3" hai3="42,39,87,62,111,88,100,38,7,92,45,23,0"/><W72/><G111/><N who="0" m="42507" /><D123/><U93/><E127/><V48/><F108/><W132/><G132/><T77/><D118/><U65/><E101/><V89/><F116/><W128/><G128/><T79/><D91/><U16/><E93/><V40/><F3/><W5/><G72/><T34/><D34/><U9/><E9/><V15/><F129/><W69/><G38/><T102/><D102/><U56/><E35/><V36/><F120/><W117/><G117/><T6/><D6/><U112/><E112/><V133/><F133/><W96/><G23/><T50/><D75/><U94/><E94/><V104/><F104/><W76/><G76/><T115/><D115/><U84/><E81/><V51/><F51/><W125/><G125/><T103/><D103/><U20/><E33/><V4/><F4/><W61/><G69/><T13/><D13/><U21/><E21/><V122/><F122/><W30/><G30/><T1/><D1/><U17/><E26/><V66/><F89/><AGARI ba="0,0" hai="8,14,16,17,20,24,41,43,56,63,65,82,84,89" machi="89" ten="30,7700,0" yaku="7,1,8,1,52,1,54,1" doraHai="57" who="1" fromWho="2" sc="287,0,256,77,227,-77,230,0" /><INIT seed="4,0,0,0,0,39" ten="287,333,150,230" oya="0" hai0="37,101,10,46,135,48,93,109,100,54,9,70,120" hai1="25,102,60,115,66,42,88,50,69,64,22,133,72" hai2="43,11,90,104,33,18,114,87,95,110,17,106,21" hai3="36,7,31,76,92,34,80,71,122,26,59,61,119"/><T96/><D120/><U132/><E72/><V128/><F110/><W6/><G119/><T8/><D109/><U81/><E102/><V108/><F108/><W32/><G71/><T68/><D135/><N who="1" m="51787" /><E115/><V67/><F33/><W41/><G34/><T13/><D13/><U86/><E66/><V121/><F121/><W56/><G56/><T27/><D101/><U63/><E63/><V29/><F114/><W98/><G122/><T30/><REACH who="0" step="1"/><D37/><REACH who="0" ten="277,333,150,230" step="2"/><U99/><E99/><V52/><F128/><W129/><G36/><T1/><D1/><U19/><E50/><V124/><F124/><W49/><G98/><T91/><D91/><U2/><E2/><V51/><F51/><W112/><G49/><T77/><D77/><U84/><E84/><V82/><F87/><W97/><G76/><T117/><D117/><U116/><E116/><V118/><F118/><W47/><G97/><T94/><D94/><U35/><E35/><AGARI ba="0,1" hai="8,9,10,27,30,35,46,48,54,68,70,93,96,100" machi="35" ten="40,3900,0" yaku="1,1,53,1" doraHai="39" doraHaiUra="44" who="0" fromWho="1" sc="277,49,333,-39,150,0,230,0" /><INIT seed="4,1,0,2,3,10" ten="326,294,150,230" oya="0" hai0="72,103,77,22,62,91,86,71,68,11,102,2,18" hai1="30,21,53,87,8,59,93,61,48,89,70,131,57" hai2="28,14,128,98,52,73,121,122,23,4,46,29,56" hai3="15,9,96,49,82,19,129,27,76,127,6,63,119"/><T126/><D126/><U17/><E131/><V45/><F73/><W36/><G119/><T41/><D41/><U92/><E70/><V120/><F128/><W12/><G36/><T3/><D77/><U5/><E30/><V113/><F98/><W101/><G127/><T109/><D72/><U39/><E39/><V25/><F113/><W124/><G124/><T1/><D11/><U51/><E92/><V133/><F133/><W55/><G27/><T84/><D109/><U44/><E59/><V108/><F108/><W24/><G24/><T60/><D91/><U50/><E8/><V13/><F29/><W47/><G63/><N who="0" m="24107" /><D18/><U34/><E34/><V118/><F118/><W125/><G129/><T117/><D22/><U40/><REACH who="1" step="1"/><E5/><REACH who="1" ten="326,284,150,230" step="2"/><V132/><F4/><W99/><G125/><T134/><D117/><U20/><E20/><V78/><F132/><W16/><G6/><T115/><D134/><U130/><E130/><V35/><F35/><W83/><G9/><T112/><D71/><U80/><E80/><V100/><F100/><N who="0" m="38442" /><D68/><U81/><E81/><V104/><F104/><W32/><G32/><T110/><D110/><U88/><E88/><V85/><F78/><W65/><G76/><T135/><D135/><U7/><E7/><V69/><F69/><W97/><G82/><T90/><D90/><U94/><E94/><V37/><F37/><W58/><G83/><T74/><D74/><U64/><E64/><V75/><F75/><W38/><G101/><T67/><D67/><U31/><E31/><V33/><F33/><W107/><G65/><T54/><D115/><RYUUKYOKU ba="1,1" sc="326,-10,284,30,150,-10,230,-10" hai1="17,21,40,44,48,50,51,53,57,61,87,89,93" /><INIT seed="5,2,1,4,5,0" ten="316,314,140,220" oya="1" hai0="35,6,65,38,91,66,92,64,90,130,102,104,30" hai1="114,29,76,32,14,69,129,10,106,48,134,107,53" hai2="127,105,88,55,11,63,19,122,117,3,18,42,52" hai3="100,36,31,26,25,21,126,61,115,2,120,79,27"/><U132/><E69/><V59/><F117/><W70/><G115/><T113/><D113/><U16/><E114/><V109/><F109/><W87/><G126/><T116/><D38/><U131/><E76/><V119/><F122/><W54/><G36/><T89/><D116/><U62/><E62/><V85/><F119/><W57/><G2/><T17/><D130/><N who="1" m="49675" /><E29/><V93/><F105/><N who="1" m="39945" /><E32/><V40/><F127/><W45/><G70/><T101/><D104/><U20/><E20/><V118/><F118/><W8/><G21/><T77/><D77/><U7/><E16/><N who="2" m="6187" /><F3/><W43/><G31/><T75/><D17/><U58/><AGARI ba="2,1" hai="7,10,14,48,53,58,132,134" m="39945,49675" machi="58" ten="40,3900,0" yaku="19,1,52,1" doraHai="0" who="1" fromWho="1" sc="316,-15,314,55,140,-15,220,-15" /><INIT seed="5,3,0,4,2,66" ten="301,369,125,205" oya="1" hai0="89,12,77,87,133,119,60,55,97,131,83,84,31" hai1="114,127,107,106,81,51,38,102,26,88,27,19,101" hai2="92,112,63,18,42,48,105,70,95,86,62,33,93" hai3="108,75,5,24,52,96,99,37,85,116,32,6,135"/><U23/><E38/><V98/><F33/><W71/><G108/><T9/><D131/><U49/><E114/><V45/><F112/><W54/><G75/><T74/><D133/><U122/><E122/><V44/><F105/><W67/><G37/><T15/><D119/><U21/><E127/><V118/><F118/><W2/><G135/><T132/><D132/><U94/><E81/><V17/><F98/><W16/><G116/><T29/><D97/><U72/><E72/><V43/><F86/><W111/><G111/><T56/><D74/><U22/><E22/><V126/><F126/><W25/><G85/><T1/><D1/><U115/><E115/><V134/><F134/><W120/><G67/><T4/><REACH who="0" step="1"/><D12/><REACH who="0" ten="291,369,125,205" step="2"/><U128/><E128/><V104/><F104/><W34/><G2/><T20/><D20/><U30/><E107/><V91/><F91/><W100/><G100/><N who="1" m="38506" /><E106/><V73/><F73/><W69/><REACH who="3" step="1"/><G120/><REACH who="3" ten="291,369,125,195" step="2"/><T125/><D125/><U8/><E8/><V109/><F109/><W79/><G79/><T39/><D39/><U80/><E23/><V90/><F90/><W35/><G35/><T11/><D11/><U14/><E21/><V130/><F130/><W50/><G50/><T59/><D59/><U82/><E51/><V65/><REACH who="2" step="1"/><F63/><REACH who="2" ten="291,369,115,195" step="2"/><W10/><G10/><T76/><D76/><U117/><E88/><V68/><F68/><W129/><G129/><T0/><D0/><U40/><E117/><V7/><F7/><W121/><G121/><T113/><D113/><U64/><E30/><V124/><F124/><W61/><G61/><T58/><D58/><RYUUKYOKU ba="3,3" sc="291,10,369,-30,115,10,195,10" hai0="4,9,15,29,31,55,56,60,77,83,84,87,89" hai2="17,18,42,43,44,45,48,62,65,70,92,93,95" hai3="5,6,16,24,25,32,34,52,54,69,71,96,99" /><INIT seed="6,4,3,2,5,103" ten="301,339,125,205" oya="2" hai0="98,121,1,37,77,7,126,44,112,116,107,109,122" hai1="97,46,63,101,92,15,9,17,64,41,108,56,130" hai2="76,3,135,21,61,100,55,39,123,54,45,30,93" hai3="87,86,27,70,133,62,52,119,125,80,14,82,71"/><V95/><F123/><W84/><G119/><T102/><D109/><U99/><E130/><V33/><F33/><W10/><G125/><T134/><D126/><U67/><E108/><V50/><F3/><W114/><G133/><T5/><D5/><U48/><E99/><V75/><F135/><W25/><G71/><T65/><D134/><U42/><E42/><V94/><F39/><W59/><G70/><T36/><D65/><AGARI ba="4,3" hai="9,15,17,41,46,48,56,63,64,65,67,92,97,101" machi="65" ten="30,2000,0" yaku="7,1,8,1" doraHai="103" who="1" fromWho="0" sc="301,-32,339,62,125,0,205,0" /><INIT seed="7,0,0,4,2,96" ten="269,401,125,205" oya="3" hai0="113,79,90,23,118,122,60,74,77,29,4,37,16" hai1="107,21,80,72,28,127,111,112,70,3,81,65,15" hai2="18,64,22,24,110,12,30,108,99,94,41,52,101" hai3="9,63,49,82,104,46,84,75,115,59,34,50,57"/><W14/><G34/><T42/><D122/><U120/><E111/><V109/><F41/><W128/><G75/><T86/><D29/><U27/><E120/><V83/><F83/><W78/><G128/><T119/><D4/><U66/><E3/><V7/><F7/><W38/><G104/><T11/><D11/><U58/><E70/><V0/><F0/><W17/><G115/><T48/><D37/><U51/><E107/><V33/><F64/><W71/><G71/><T97/><D97/><U25/><E127/><V62/><F62/><W76/><G76/><T55/><D74/><U88/><E112/><V114/><REACH who="2" step="1"/><F114/><REACH who="2" ten="269,401,115,205" step="2"/><W2/><G2/><T13/><D113/><U92/><E80/><V40/><F40/><W116/><G63/><T131/><D42/><U117/><E81/><V54/><AGARI ba="0,1" hai="12,18,22,24,30,33,52,54,94,99,101,108,109,110" machi="54" ten="40,8000,1" yaku="1,1,0,1,52,1,54,1,53,0" doraHai="96" doraHaiUra="102" who="2" fromWho="2" sc="269,-20,401,-20,115,90,205,-40" owari="249,4.9,381,48.1,205,-19.5,165,-33.5" /></mjloggm>