<mjloggm ver="2.3"><GO type="169" lobby="0"/><UN n0="%E5%B2%A9%E4%B8%8A%E9%80%9A%E3%82%8A" n1="%E3%81%82%E3%81%BE%E3%81%82%E3%82%93" n2="%E3%81%BE%E3%81%88%E3%81%9F" n3="%54%61%6B%61%79%61%40" dan="16,17,16,16" rate="2113.13,2111.92,2183.90,2083.64" sx="M,M,F,M"/><TAIKYOKU oya="0"/><INIT seed="0,0,0,5,4,85" ten="250,250,250,250" oya="0" hai0="13,47,108,107,30,93,133,104,116,96,52,51,53" hai1="70,101,21,76,92,44,84,55,89,69,132,22,126" hai2="123,74,99,15,16,1,3,109,20,86,117,130,77" hai3="68,0,31,11,25,79,102,119,10,49,103,98,17"/><T125/><D116/><U90/><E126/><V23/><F123/><W131/><G119/><T112/><D112/><U18/><E132/><V28/><F117/><W56/><G68/><T24/><D133/><U129/><E129/><V78/><F130/><W4/><G79/><T135/><D135/><U87/><E76/><V38/><F38/><W60/><G49/><T7/><D125/><U43/><E101/><V111/><F74/><W71/><G71/><T105/><D108/><N who="2" m="41546" /><F99/><W122/><G122/><T37/><D37/><U134/><E55/><V65/><F65/><W97/><G11/><T81/><D81/><U29/><E29/><V118/><F118/><W42/><G42/><T73/><D73/><U63/><E63/><V66/><F66/><W6/><G6/><T83/><D83/><U120/><E120/><V114/><F114/><W61/><G17/><T45/><D13/><U91/><E22/><V124/><F124/><W35/><G131/><T39/><D7/><U115/><E115/><V8/><F8/><W27/><G27/><T110/><D39/><N who="1" m="21631" /><E134/><V54/><F54/><W40/><G40/><T127/><D127/><U9/><E9/><V5/><F5/><W59/><G61/><T121/><D121/><U36/><E36/><V128/><F128/><W50/><G60/><T33/><D110/><U72/><E72/><V34/><F34/><W94/><G50/><N who="0" m="28751" /><D107/><AGARI ba="0,0" hai="0,4,10,25,31,35,56,59,94,97,98,102,103,107" machi="107" ten="30,1000,0" yaku="7,1" doraHai="85" who="3" fromWho="0" sc="250,-10,250,0,250,0,250,10" /><INIT seed="1,0,0,2,2,83" ten="240,250,250,260" oya="1" hai0="79,2,60,59,76,52,99,22,5,98,47,100,116" hai1="66,42,36,30,58,122,63,57,33,113,108,56,34" hai2="45,54,68,55,74,78,118,106,51,73,134,69,39" hai3="29,117,112,4,53,85,105,84,130,101,75,35,132"/><U128/><E113/><V21/><F106/><W14/><G112/><T43/><D116/><U77/><E122/><V13/><F118/><W11/><G75/><T50/><D99/><U46/><E128/><V114/><F114/><W1/><G117/><T110/><D110/><U17/><E108/><V24/><F134/><W107/><G132/><T48/><D5/><U19/><E77/><V96/><F39/><W80/><G130/><T32/><D2/><U23/><E17/><V88/><F68/><W38/><G38/><T25/><D48/><U67/><E30/><V9/><F69/><W3/><G3/><T119/><D32/><U90/><E90/><V125/><F78/><W70/><G70/><T82/><D82/><U111/><E111/><V97/><F125/><W71/><G71/><T49/><D49/><U12/><REACH who="1" step="1"/><E56/><REACH who="1" ten="240,240,250,260" step="2"/><V62/><F88/><W0/><G29/><N who="0" m="17591" /><D119/><U28/><E28/><N who="2" m="17423" /><F74/><W26/><G35/><T133/><D133/><U124/><E124/><V115/><F73/><W131/><G131/><T20/><D20/><U86/><E86/><V16/><F115/><W89/><G85/><T109/><D109/><U121/><E121/><V31/><F31/><W37/><G101/><T94/><AGARI ba="0,1" hai="43,47,50,52,59,60,76,79,94,98,100" m="17591" machi="94" ten="30,2000,0" yaku="8,1,54,1" doraHai="83" who="0" fromWho="0" sc="240,30,240,-10,250,-5,260,-5" /><INIT seed="2,0,0,3,5,34" ten="270,230,245,255" oya="2" hai0="127,82,123,90,133,128,91,64,100,132,87,6,61" hai1="21,32,83,27,68,17,23,110,72,62,7,16,35" hai2="5,70,50,101,108,51,119,121,88,43,118,38,97" hai3="78,47,59,24,129,80,71,55,81,114,40,96,120"/><V92/><F121/><W48/><G120/><T41/><D41/><U116/><E116/><V104/><F70/><W117/><G117/><T44/><D44/><U53/><E110/><V3/><F108/><W74/><G129/><T33/><D33/><U102/><E102/><V4/><F38/><W125/><G125/><T26/><D26/><U46/><E7/><V63/><F63/><W12/><G114/><T57/><D123/><U124/><E124/><V89/><F89/><W105/><G81/><T10/><D127/><U126/><E126/><V20/><F20/><W79/><G79/><T93/><D100/><U67/><E72/><V11/><F4/><W111/><G71/><T1/><REACH who="0" step="1"/><D128/><REACH who="0" ten="260,230,245,255" step="2"/><U25/><REACH who="1" step="1"/><E83/><REACH who="1" ten="260,220,245,255" step="2"/><V107/><F119/><W18/><G111/><T109/><D109/><U98/><E98/><AGARI ba="0,2" hai="1,6,10,57,61,64,82,87,90,91,93,98,132,133" machi="98" ten="40,2600,0" yaku="1,1,52,1,53,0" doraHai="34" doraHaiUra="134" who="0" fromWho="1" sc="260,46,220,-26,245,0,255,0" /><INIT seed="3,0,0,5,3,60" ten="306,194,245,255" oya="3" hai0="71,102,42,110,85,88,18,79,25,75,61,5,47" hai1="64,55,45,99,3,15,106,35,109,28,104,77,32" hai2="38,113,58,37,57,80,87,101,62,134,135,108,117" hai3="97,103,11,21,52,105,49,36,27,10,100,70,54"/><W112/><G112/><T133/><D110/><U129/><E3/><V8/><F113/><W34/><G36/><T68/><D133/><N who="2" m="50698" /><F108/><W48/><G34/><T63/><D102/><U50/><E109/><V91/><F117/><W66/><G103/><T14/><D75/><U73/><E129/><V76/><F101/><W43/><G43/><T39/><D79/><U1/><E1/><V82/><F8/><W51/><G10/><T41/><D5/><U116/><E116/><V128/><F128/><W0/><G11/><T90/><D25/><U89/><E15/><V67/><F58/><W6/><G6/><T131/><D131/><U20/><E20/><V53/><F53/><W17/><REACH who="3" step="1"/><G0/><REACH who="3" ten="306,194,245,245" step="2"/><T120/><D39/><U94/><E32/><V127/><F127/><W4/><G4/><T44/><D120/><U12/><E35/><V114/><F114/><W107/><G107/><T65/><D42/><U96/><E106/><V98/><F98/><W86/><G86/><AGARI ba="0,1" hai="37,38,57,62,67,76,80,82,86,87,91" m="50698" machi="86" ten="30,2000,0" yaku="20,1,52,1" doraHai="60" who="2" fromWho="3" sc="306,0,194,0,245,30,245,-20" /><INIT seed="4,0,0,3,4,66" ten="306,194,275,225" oya="0" hai0="43,81,7,107,11,47,16,89,135,77,34,73,67" hai1="105,91,68,88,2,29,61,72,124,59,102,27,42" hai2="65,70,113,130,4,50,92,24,52,13,118,32,122" hai3="1,49,60,76,116,95,57,106,117,85,54,48,115"/><T133/><D107/><U35/><E2/><V123/><F113/><W3/><G106/><T58/><D34/><U80/><E42/><V128/><F118/><W31/><G115/><T101/><D101/><U100/><E124/><V40/><F40/><W25/><G3/><T62/><D89/><U0/><E0/><V33/><F92/><W131/><G1/><N who="0" m="495" /><D16/><U17/><E17/><V69/><F65/><W132/><G49/><T22/><D22/><U19/><E19/><V21/><F13/><W97/><G76/><T74/><D74/><U26/><E26/><V86/><F86/><W12/><G12/><T127/><D127/><U45/><E100/><V93/><F93/><W82/><G97/><T134/><D47/><U38/><E102/><V18/><F4/><W87/><G95/><T83/><D83/><U108/><E105/><V55/><F18/><W56/><G87/><T129/><D43/><N who="1" m="22775" /><E88/><V111/><F21/><W99/><G99/><T78/><D78/><U63/><E91/><V120/><F120/><W37/><G37/><T36/><D129/><U41/><E41/><V121/><F123/><W53/><G131/><T8/><D8/><U14/><E14/><V104/><F104/><W46/><G46/><T9/><D9/><U114/><E114/><V15/><F15/><W96/><G96/><T125/><D125/><U23/><E35/><V5/><F5/><W126/><G126/><T109/><D109/><U98/><E108/><V103/><F111/><W79/><G117/><T64/><D36/><U30/><E98/><V20/><F121/><W94/><G116/><RYUUKYOKU ba="0,0" sc="306,30,194,-10,275,-10,225,-10" hai0="58,62,64,67,73,77,81,133,134,135" /><INIT seed="4,1,0,2,5,70" ten="336,184,265,215" oya="0" hai0="86,6,0,13,101,7,84,98,47,44,87,109,57" hai1="74,108,53,110,12,26,16,68,46,92,32,41,115" hai2="64,60,97,69,114,90,52,58,95,91,54,65,96" hai3="78,72,34,111,29,56,130,135,71,126,128,82,106"/><T112/><D0/><U20/><E74/><V85/><F114/><W36/><RYUUKYOKU type="yao9" ba="1,0" sc="336,0,184,0,265,0,215,0" hai3="29,34,36,56,71,72,78,82,106,111,126,128,130,135" /><INIT seed="4,2,0,0,0,50" ten="336,184,265,215" oya="0" hai0="116,95,110,111,42,97,83,122,12,19,98,103,123" hai1="45,33,126,35,51,44,102,96,128,132,46,48,18" hai2="104,92,20,2,78,109,135,59,57,14,124,87,23" hai3="93,17,72,30,26,28,90,134,69,105,65,64,79"/><T38/><D38/><U125/><E128/><V67/><F104/><W32/><G134/><T24/><D42/><U99/><E18/><V112/><F2/><W63/><G30/><T56/><D24/><U84/><E84/><V117/><F135/><W29/><G29/><T3/><D3/><U11/><E132/><V21/><F109/><N who="0" m="41482" /><D116/><U22/><E22/><V62/><F124/><N who="1" m="47721" /><E11/><V81/><F112/><W15/><G64/><T16/><D83/><U55/><E96/><V27/><F117/><W108/><G108/><T131/><D131/><U10/><E10/><V100/><F14/><W89/><G105/><N who="0" m="63727" /><D56/><N who="1" m="32871" /><E51/><V36/><F36/><W58/><G69/><T76/><D76/><U114/><E114/><V107/><F57/><W0/><G0/><T39/><D39/><U37/><E37/><V118/><F118/><W82/><G93/><AGARI ba="2,0" hai="33,35,44,45,46,93,99,102" m="32871,47721" machi="93" ten="30,2000,0" yaku="18,1,52,1" doraHai="50" who="1" fromWho="3" sc="336,0,184,26,265,0,215,-26" /><INIT seed="5,0,0,1,5,130" ten="336,210,265,189" oya="1" hai0="121,53,3,119,41,86,4,27,124,12,108,58,91" hai1="42,116,74,129,92,99,32,66,83,43,44,82,0" hai2="135,65,104,21,103,128,107,56,31,93,111,76,22" hai3="50,35,72,23,18,34,46,29,87,33,113,112,30"/><U132/><E116/><V48/><F111/><W51/><G72/><T115/><D3/><U1/><E129/><V67/><F76/><W97/><G97/><T20/><D115/><N who="3" m="44105" /><G87/><T102/><D41/><U9/><E32/><V109/><F93/><W11/><G51/><T73/><D73/><U24/><E66/><V134/><F128/><W77/><G77/><T64/><D102/><U39/><E43/><V89/><F89/><W49/><G49/><T79/><D79/><N who="1" m="44407" /><E24/><V25/><F109/><W110/><G110/><T106/><D27/><U16/><E1/><V84/><F84/><W19/><G50/><T88/><D64/><N who="2" m="24650" /><F21/><W2/><G46/><T40/><D106/><U101/><E83/><V15/><F15/><N who="3" m="7551" /><G2/><T59/><D40/><U94/><E94/><V13/><F103/><W68/><G68/><T8/><D86/><U38/><E38/><V81/><F81/><W105/><G105/><T17/><D108/><U96/><E96/><V63/><F48/><W62/><G62/><T14/><D53/><U71/><E71/><V120/><F104/><W133/><G133/><N who="2" m="50697" /><F107/><W123/><G123/><T117/><D121/><U127/><E132/><V5/><F120/><W118/><G118/><T80/><D117/><U61/><E61/><V47/><F63/><W52/><G52/><T55/><D55/><U131/><E131/><V10/><F47/><W57/><G57/><AGARI ba="0,0" hai="5,10,13,22,25,31,56,57" m="50697,24650" machi="57" ten="30,7700,0" yaku="20,1,52,3" doraHai="130" who="2" fromWho="3" sc="336,0,210,0,265,77,189,-77" /><INIT seed="6,0,0,3,3,52" ten="336,210,342,112" oya="2" hai0="62,54,125,120,22,35,82,123,92,38,58,78,56" hai1="55,47,29,2,124,59,77,27,104,45,51,53,101" hai2="17,40,98,87,112,25,99,131,21,86,80,19,43" hai3="0,63,134,24,46,1,23,61,50,113,44,8,34"/><V4/><F112/><W132/><G34/><T105/><D35/><U121/><E2/><V97/><F131/><W10/><G50/><T129/><D105/><U16/><E124/><V67/><F4/><W75/><G75/><T130/><D38/><U93/><E104/><V73/><F73/><W66/><G24/><T133/><D92/><U114/><E121/><V37/><F37/><W115/><G23/><T119/><D119/><U79/><E29/><V32/><F32/><W94/><G94/><T20/><D125/><U36/><E114/><V90/><F67/><AGARI ba="0,0" hai="0,1,8,10,44,46,61,63,66,67,113,115,132,134" machi="67" ten="25,1600,0" yaku="22,2" doraHai="52" who="3" fromWho="2" sc="336,0,210,0,342,-16,112,16" /><INIT seed="7,0,0,2,4,26" ten="336,210,326,128" oya="3" hai0="23,12,46,39,123,16,75,68,42,74,49,120,35" hai1="118,22,32,77,13,61,41,64,65,106,25,63,97" hai2="66,133,127,113,11,80,48,114,132,21,45,57,129" hai3="31,28,52,20,134,131,1,2,117,60,69,3,67"/><W47/><G117/><T99/><D68/><U59/><E118/><V116/><F116/><W9/><G134/><N who="2" m="51817" /><F127/><W29/><G131/><T55/><D35/><U14/><E41/><N who="2" m="24623" /><F129/><W101/><G101/><T119/><D119/><U95/><E77/><V100/><F100/><W88/><G20/><T128/><D128/><U15/><E106/><V94/><F94/><W51/><REACH who="3" step="1"/><G88/><REACH who="3" ten="336,210,326,118" step="2"/><T130/><D130/><U102/><E32/><V72/><F21/><W36/><G36/><T121/><REACH who="0" step="1"/><D99/><REACH who="0" ten="326,210,326,118" step="2"/><U86/><E97/><V38/><F38/><W81/><G81/><T0/><D0/><U109/><E102/><V56/><F11/><AGARI ba="0,2" hai="1,2,3,9,11,28,29,31,47,51,52,60,67,69" machi="11" ten="50,12000,1" yaku="1,1,52,3,54,1,53,0" doraHai="26" doraHaiUra="37" who="3" fromWho="2" sc="326,0,210,0,326,-120,118,140" /><INIT seed="7,1,0,1,0,70" ten="326,210,206,258" oya="3" hai0="49,74,109,45,36,125,48,17,88,96,91,61,13" hai1="131,25,3,31,126,94,26,7,41,68,112,124,119" hai2="24,104,106,58,4,38,20,65,22,63,62,102,56" hai3="123,51,105,37,90,118,99,75,35,64,18,71,77"/><W84/><G123/><T30/><D74/><U67/><E112/><V40/><F4/><W27/><G118/><T83/><D36/><U60/><E131/><V89/><F102/><W11/><G51/><T10/><D109/><U34/><E119/><V0/><F0/><W101/><G37/><T42/><D125/><N who="1" m="48235" /><E41/><V47/><F89/><W120/><G120/><T134/><D134/><U73/><E73/><V29/><REACH who="2" step="1"/><F20/><REACH who="2" ten="326,210,196,258" step="2"/><W50/><G90/><T87/><D91/><U81/><E81/><V108/><F108/><W117/><G117/><T113/><D96/><U32/><E94/><V130/><F130/><W100/><G100/><T43/><D113/><U79/><E79/><V121/><F121/><W8/><G99/><T86/><D88/><U72/><E72/><V1/><F1/><W103/><G75/><T80/><D87/><U133/><E133/><V85/><F85/><W14/><G103/><T44/><D86/><U21/><E26/><V12/><F12/><W55/><G101/><T132/><D132/><U33/><E3/><V135/><F135/><W53/><G77/><T78/><D78/><U76/><E76/><V52/><AGARI ba="1,1" hai="22,24,29,38,40,47,52,56,58,62,63,65,104,106" machi="52" ten="20,8000,1" yaku="1,1,0,1,7,1,52,1,54,1,53,0" doraHai="70" doraHaiUra="46" who="2" fromWho="2" sc="326,-21,210,-21,196,93,258,-41" owari="305,40.5,189,-31.1,289,8.9,217,-18.3" /></mjloggm>