<mjloggm ver="2.3"><GO type="169" lobby="0"/><UN n0="%E3%81%82%E3%81%BE%E3%81%82%E3%82%93" n1="%E3%81%82%E3%81%95%E3%81%B4%E3%82%93%EF%BC%A0%EF%BD%8D%EF%BD%8A" n2="%E3%81%9E%E3%81%88%E3%82%82%E3%82%93%E3%81%A7%E3%81%83" n3="%E3%83%8D%E3%82%AA%E3%81%8D%E3%82%85%E3%81%86%E3%82%8A" dan="17,18,16,16" rate="2123.22,2264.62,2129.02,2179.41" sx="M,M,M,M"/><TAIKYOKU oya="0"/><INIT seed="0,0,0,1,0,102" ten="250,250,250,250" oya="0" hai0="123,106,40,60,66,129,35,49,85,30,81,73,122" hai1="54,84,9,82,115,72,127,91,96,23,52,83,109" hai2="22,101,59,2,134,80,0,71,105,5,110,70,88" hai3="6,38,12,4,113,58,61,57,44,42,1,15,69"/><T125/><D73/><U32/><E32/><V93/><F110/><W103/><G113/><T90/><D129/><U33/><E33/><V36/><F36/><W62/><G69/><T131/><D131/><U14/><E109/><V128/><F128/><W74/><G74/><T135/><D135/><U43/><E115/><V133/><F80/><W65/><G103/><T11/><D125/><U75/><E127/><V19/><F59/><W86/><G86/><T114/><D114/><U10/><E43/><V99/><F70/><W76/><G76/><T48/><D11/><U132/><E132/><V92/><F71/><W55/><G1/><T100/><D40/><U47/><E96/><V51/><F51/><W108/><G108/><T98/><D122/><U130/><E130/><V126/><F92/><W104/><G104/><T17/><D17/><N who="1" m="10679" /><E75/><V21/><F21/><W20/><G15/><T79/><D123/><U64/><E64/><V39/><F39/><W118/><G118/><T53/><D53/><N who="1" m="20587" /><E47/><V78/><F126/><W117/><G117/><T25/><REACH who="0" step="1"/><D79/><REACH who="0" ten="240,250,250,250" step="2"/><U45/><E72/><V97/><F78/><W94/><G55/><T87/><D87/><N who="1" m="50679" /><E45/><V89/><F133/><W112/><G112/><T31/><D31/><U63/><E63/><V50/><F134/><W120/><G120/><T46/><D46/><U26/><E26/><V77/><F77/><AGARI ba="0,1" hai="9,10,77,83,84" m="50679,20587,10679" machi="77" ten="30,2000,0" yaku="8,1,54,1" doraHai="102" who="1" fromWho="2" sc="240,0,250,30,250,-20,250,0" /><INIT seed="1,0,0,1,1,73" ten="240,280,230,250" oya="1" hai0="112,8,17,98,123,56,48,100,108,24,89,114,30" hai1="13,44,47,90,109,14,53,119,39,31,3,64,33" hai2="128,67,52,87,41,134,82,36,95,97,19,57,5" hai3="26,35,80,69,28,18,51,78,115,135,34,61,118"/><U60/><E119/><V66/><F128/><W99/><G115/><T130/><D130/><U22/><E3/><V85/><F134/><W113/><G113/><T15/><D108/><U120/><E120/><V70/><F85/><W45/><G135/><T32/><D123/><U46/><E39/><V121/><F121/><W116/><G35/><T29/><D29/><U63/><E33/><V131/><F131/><W126/><G18/><T21/><D89/><U106/><E106/><V2/><F70/><W55/><G99/><T20/><D20/><U72/><E72/><V38/><F19/><W88/><G126/><T76/><D48/><U49/><E109/><V43/><F5/><W122/><G122/><T81/><D56/><N who="1" m="36871" /><E63/><N who="2" m="36263" /><F2/><W91/><G61/><T58/><D58/><N who="1" m="33071" /><E90/><N who="2" m="55543" /><F38/><W68/><G69/><T62/><D62/><U25/><AGARI ba="0,0" hai="13,14,22,25,31,44,46,47" m="33071,36871" machi="25" ten="30,1500,0" yaku="8,1" doraHai="73" who="1" fromWho="1" sc="240,-5,280,15,230,-5,250,-5" /><INIT seed="1,1,0,1,1,72" ten="235,295,225,245" oya="1" hai0="116,91,32,76,49,26,35,120,104,97,55,30,118" hai1="107,133,84,54,36,17,25,79,42,7,86,111,95" hai2="129,24,112,130,74,123,43,63,34,53,48,28,18" hai3="93,119,67,101,121,128,51,16,110,37,77,15,21"/><U122/><E122/><V13/><F123/><W65/><G121/><T132/><D120/><RYUUKYOKU type="kaze4" ba="1,0" sc="235,0,295,0,225,0,245,0" /><INIT seed="1,2,0,2,3,83" ten="235,295,225,245" oya="1" hai0="13,18,35,44,91,19,100,113,51,43,62,92,26" hai1="79,109,69,129,115,122,81,34,80,135,11,96,133" hai2="88,30,124,55,15,8,67,85,120,73,22,42,110" hai3="49,75,123,24,1,87,27,23,53,118,58,101,54"/><U64/><E34/><V60/><F120/><W14/><G75/><T39/><D113/><U48/><E115/><V71/><F73/><W68/><G1/><T41/><D100/><U107/><E122/><V130/><F110/><W116/><G123/><T2/><D2/><U131/><E48/><V93/><F124/><W128/><G128/><N who="1" m="49226" /><E11/><V31/><F130/><W65/><G101/><T28/><D62/><N who="1" m="40087" /><E109/><V102/><F42/><W66/><G54/><T82/><D82/><N who="1" m="31851" /><E79/><V20/><F102/><AGARI ba="2,0" hai="96,102,107,133,135" m="31851,40087,49226" machi="102" ten="30,1500,0" yaku="19,1" doraHai="83" who="1" fromWho="2" sc="235,0,295,21,225,-21,245,0" /><INIT seed="1,3,0,2,0,12" ten="235,316,204,245" oya="1" hai0="68,133,56,107,62,29,15,98,85,123,33,51,116" hai1="108,86,17,79,105,21,6,134,88,103,22,8,118" hai2="27,78,89,76,13,19,100,2,40,48,135,38,61" hai3="60,84,113,59,11,93,5,131,1,101,52,45,32"/><U20/><E118/><V71/><F2/><W66/><G131/><T124/><D116/><U99/><E134/><V47/><F135/><W82/><G113/><T69/><D133/><U26/><E79/><V65/><F27/><W128/><G32/><T24/><D124/><U90/><E90/><V102/><F89/><W96/><G128/><T10/><D123/><U126/><E108/><V130/><F130/><W81/><G45/><T30/><D30/><U36/><E36/><V57/><F78/><W42/><G42/><T104/><D85/><U119/><E126/><V117/><F76/><W3/><G3/><T129/><D129/><U53/><E53/><N who="2" m="31911" /><F117/><W125/><G125/><T50/><D68/><U106/><E105/><V0/><F0/><W74/><G74/><T64/><D56/><U16/><E119/><V9/><AGARI ba="3,0" hai="9,13,19,38,40,47,61,65,71,100,102" m="31911" machi="9" ten="30,2000,0" yaku="24,1,52,1" doraHai="12" who="2" fromWho="2" sc="235,-8,316,-13,204,29,245,-8" /><INIT seed="2,0,0,5,3,120" ten="227,303,233,237" oya="2" hai0="103,105,71,20,76,124,96,61,26,119,116,23,82" hai1="45,55,58,78,86,122,7,48,53,112,102,0,27" hai2="94,79,75,41,14,84,40,72,68,128,99,69,117" hai3="132,123,1,28,9,111,115,52,37,87,50,5,2"/><V62/><F117/><W91/><G123/><T36/><D36/><U118/><E122/><V73/><F128/><W6/><G132/><T39/><D39/><U63/><E118/><N who="0" m="45097" /><D124/><U101/><E112/><V114/><F114/><W106/><G106/><T51/><D51/><U100/><E0/><V60/><F14/><W18/><G37/><T65/><D26/><U21/><E7/><V130/><F130/><W3/><G28/><T81/><D81/><U93/><E78/><V104/><F104/><W67/><G67/><T134/><D134/><U113/><E113/><V30/><F30/><W66/><G66/><T126/><D126/><U57/><E45/><V34/><F34/><W70/><G70/><T108/><D108/><U29/><REACH who="1" step="1"/><E86/><AGARI ba="0,0" hai="20,23,61,65,71,76,82,86,96,103,105" m="45097" machi="86" ten="30,1000,0" yaku="12,1" doraHai="120" who="0" fromWho="1" sc="227,10,303,-10,233,0,237,0" /><INIT seed="3,0,0,4,5,118" ten="237,293,233,237" oya="3" hai0="13,54,56,86,106,53,117,61,72,124,51,103,59" hai1="62,127,26,43,34,92,132,16,114,37,99,123,31" hai2="46,109,21,36,22,64,1,126,119,5,45,75,47" hai3="111,129,10,101,3,90,66,40,23,68,2,49,77"/><W67/><G129/><T63/><D72/><U113/><E132/><V20/><F119/><W110/><G101/><T120/><D117/><U107/><E127/><V78/><F109/><N who="3" m="41483" /><G68/><T28/><D124/><U76/><E107/><V58/><F126/><W133/><G133/><T100/><D28/><U91/><E76/><V97/><F97/><W104/><G104/><T81/><D120/><U8/><E123/><V50/><F36/><W11/><G23/><T15/><D51/><U52/><E43/><V30/><F1/><N who="3" m="11" /><G90/><T125/><D125/><U38/><E37/><V71/><F5/><W39/><G39/><T24/><D106/><U112/><E38/><V18/><F71/><W74/><G77/><N who="0" m="46383" /><D24/><U95/><E95/><V35/><F35/><W94/><G94/><T116/><D116/><U19/><REACH who="1" step="1"/><E8/><REACH who="1" ten="237,283,233,237" step="2"/><N who="3" m="3114" /><G74/><T79/><D79/><U17/><E17/><V0/><F78/><W98/><G98/><T27/><D27/><U87/><E87/><V134/><F75/><W29/><G29/><T108/><D108/><U73/><E73/><V14/><F134/><W85/><G85/><T84/><D84/><U65/><E65/><V105/><F64/><W115/><G115/><T57/><D54/><U96/><E96/><V122/><F105/><W33/><G33/><T93/><D53/><U32/><E32/><V83/><F30/><W4/><G4/><T41/><D93/><U80/><E80/><V128/><F83/><W135/><G135/><T60/><D41/><U44/><E44/><AGARI ba="0,1" hai="40,44,49,66,67" m="3114,11,41483" machi="44" ten="40,3900,0" yaku="14,1,10,1" doraHai="118" who="3" fromWho="1" sc="237,0,283,-39,233,0,237,49" /><INIT seed="3,1,0,2,2,115" ten="237,244,233,286" oya="3" hai0="107,36,90,45,105,127,60,132,86,87,47,16,77" hai1="71,49,5,7,104,53,64,98,17,57,103,66,108" hai2="12,11,134,31,39,114,33,80,124,129,93,1,95" hai3="113,135,101,8,14,110,24,23,54,69,43,62,88"/><W94/><G113/><T22/><D127/><U25/><E108/><V9/><F39/><W59/><G135/><T100/><D132/><U92/><E104/><V48/><F114/><W117/><G110/><T65/><D100/><U63/><E66/><V75/><F80/><W122/><G122/><T125/><D125/><U2/><E2/><V126/><F48/><W68/><G117/><T40/><D47/><U73/><E73/><V46/><F46/><W74/><G101/><T97/><D77/><U15/><REACH who="1" step="1"/><E25/><REACH who="1" ten="237,234,233,286" step="2"/><V13/><F75/><W84/><G74/><T109/><D109/><U0/><E0/><V27/><F1/><W72/><G72/><T99/><D107/><U29/><E29/><V52/><F31/><W82/><G69/><T21/><D105/><U116/><E116/><V56/><F27/><W128/><G68/><T130/><D65/><U37/><E37/><V106/><F106/><W85/><G128/><T18/><D36/><U120/><E120/><V10/><F129/><W35/><G35/><T55/><D130/><U38/><E38/><V51/><F33/><W123/><G123/><T19/><D22/><AGARI ba="1,1" hai="5,7,15,17,22,49,53,57,63,64,71,92,98,103" machi="22" ten="30,3900,0" yaku="1,1,7,1,53,1" doraHai="115" doraHaiUra="67" who="1" fromWho="0" sc="237,-42,234,52,233,0,286,0" /><INIT seed="4,0,0,3,3,18" ten="195,286,233,286" oya="0" hai0="130,118,71,63,45,38,17,42,125,96,47,27,135" hai1="26,58,99,94,24,93,40,56,81,0,101,114,100" hai2="12,50,103,107,14,28,87,131,61,91,123,126,129" hai3="29,97,19,54,133,52,33,117,8,76,102,113,41"/><T88/><D118/><U34/><E0/><V6/><F123/><W128/><G117/><T86/><D130/><U78/><E40/><V43/><F28/><W64/><G113/><T89/><D125/><U5/><E5/><V98/><F126/><W70/><G128/><N who="2" m="49225" /><F6/><W75/><G41/><T60/><D135/><U7/><E7/><V32/><F32/><W104/><G76/><T57/><D47/><U74/><E114/><V2/><F2/><W20/><G8/><T11/><D71/><U72/><E34/><V62/><F61/><N who="3" m="40207" /><G75/><T1/><D1/><U120/><E120/><V116/><F62/><W80/><G80/><T122/><D122/><U115/><E115/><V65/><F65/><W3/><G133/><T108/><D108/><U4/><E4/><V66/><F66/><W134/><G134/><T48/><D38/><U23/><E74/><V55/><F43/><W25/><G3/><T85/><D63/><U51/><E26/><AGARI ba="0,0" hai="19,20,25,26,29,33,52,54,97,102,104" m="40207" machi="26" ten="30,3900,0" yaku="25,1,52,1,54,1" doraHai="18" who="3" fromWho="1" sc="195,0,286,-39,233,0,286,39" /><INIT seed="5,0,0,0,3,35" ten="195,247,233,325" oya="1" hai0="96,97,110,12,114,82,60,33,132,36,103,106,73" hai1="2,15,122,134,117,52,37,94,45,95,4,91,86" hai2="18,38,59,48,133,124,92,128,67,121,78,43,111" hai3="68,118,104,16,11,112,69,46,54,62,74,28,98"/><U99/><E117/><V108/><F78/><W22/><G74/><T119/><D36/><U8/><E122/><V131/><F92/><W57/><G112/><T41/><D41/><U100/><E134/><V76/><F76/><W89/><G118/><T25/><D119/><U116/><E116/><V135/><F18/><W17/><G28/><T101/><D110/><N who="2" m="42026" /><F121/><W31/><G46/><T14/><D114/><U70/><E70/><V39/><F124/><W87/><G31/><T51/><D51/><U84/><E84/><V123/><F123/><W58/><G58/><T0/><D132/><N who="2" m="50762" /><F67/><W1/><G104/><T32/><D25/><U125/><E125/><V61/><F61/><W27/><G17/><T26/><D26/><U50/><REACH who="1" step="1"/><E37/><REACH who="1" ten="195,237,233,325" step="2"/><N who="2" m="13835" /><F59/><W126/><G126/><T130/><D73/><U34/><E34/><V129/><F128/><W13/><G87/><T90/><D130/><U30/><E30/><V83/><F83/><W81/><G81/><T9/><D82/><U64/><E64/><V71/><F71/><W102/><G69/><T55/><D32/><U49/><E49/><V63/><F63/><W10/><G68/><T77/><D33/><U79/><E79/><V6/><F6/><W93/><G62/><T53/><D77/><U40/><E40/><V113/><F113/><W42/><G42/><T47/><D60/><U109/><E109/><V7/><F7/><W88/><G16/><T75/><D75/><U80/><E80/><V65/><F65/><W66/><G66/><T19/><D19/><U29/><E29/><V56/><F43/><W105/><G54/><AGARI ba="0,1" hai="48,54,56,129,131" m="13835,50762,42026" machi="54" ten="40,8000,1" yaku="6,1,20,1,34,2" doraHai="35" who="2" fromWho="3" sc="195,0,237,0,233,90,325,-80" /><INIT seed="6,0,0,1,4,133" ten="195,237,323,245" oya="2" hai0="2,9,116,66,127,8,71,17,96,100,101,67,118" hai1="121,112,122,56,92,0,42,5,84,94,62,77,3" hai2="19,25,105,24,128,10,46,1,85,50,59,61,74" hai3="68,87,38,134,23,131,123,54,57,31,72,107,43"/><V108/><F74/><W36/><G72/><T58/><D58/><U41/><E112/><V29/><F105/><W98/><G123/><N who="1" m="47114" /><E77/><V6/><F128/><W51/><G68/><T80/><D71/><U78/><E78/><V135/><F135/><W115/><G134/><T114/><D114/><U49/><E5/><V91/><F108/><W104/><G115/><T20/><D80/><U53/><E84/><V27/><F19/><W44/><G131/><T34/><D34/><U111/><E111/><V32/><F50/><W132/><G38/><T76/><D76/><U45/><E42/><V37/><F46/><W82/><G98/><T89/><D89/><U79/><E79/><V97/><F97/><W40/><G40/><T90/><D90/><U93/><AGARI ba="0,0" hai="0,3,41,45,49,53,56,62,92,93,94" m="47114" machi="93" ten="30,1100,0" yaku="13,1" doraHai="133" who="1" fromWho="1" sc="195,-3,237,11,323,-5,245,-3" /><INIT seed="7,0,0,5,3,75" ten="192,248,318,242" oya="3" hai0="42,83,1,11,57,6,114,70,69,108,27,81,64" hai1="39,33,124,130,38,82,74,68,18,95,21,126,118" hai2="125,41,40,50,104,113,9,47,112,103,5,73,17" hai3="110,48,98,105,97,84,76,115,56,131,90,101,96"/><W107/><G48/><T60/><D108/><U72/><E33/><V102/><F73/><N who="1" m="28265" /><E68/><V88/><F17/><W31/><G56/><T14/><D114/><N who="2" m="44138" /><F125/><N who="1" m="48233" /><E130/><V119/><F119/><W13/><G13/><T120/><D120/><U129/><E129/><V43/><F88/><W117/><G31/><T63/><D42/><N who="2" m="16490" /><F104/><N who="3" m="40011" /><G131/><T92/><D92/><U28/><E28/><V111/><N who="2" m="16498" /><V87/><DORA hai="80" /><F111/><W22/><G22/><T4/><D27/><U121/><E118/><V86/><F50/><W99/><G110/><T49/><D49/><U66/><E121/><V51/><F51/><W20/><G20/><T29/><D29/><U15/><E82/><V53/><F53/><W128/><G128/><T10/><REACH who="0" step="1"/><D69/><REACH who="0" ten="182,248,318,242" step="2"/><U35/><E95/><V54/><F47/><W7/><G117/><T89/><D89/><U134/><E38/><V26/><F103/><W12/><G115/><T93/><D93/><U127/><E39/><V123/><F102/><W8/><G101/><T36/><D36/><U24/><E127/><V44/><F26/><W59/><G90/><T122/><D122/><U132/><E24/><V58/><F44/><W62/><G99/><T109/><D109/><U79/><E35/><V91/><F123/><W55/><G98/><T133/><D133/><U2/><E134/><V106/><F91/><W71/><G71/><T85/><D85/><U30/><E132/><V32/><F106/><W3/><G97/><T65/><AGARI ba="0,1" hai="1,4,6,10,11,14,57,60,63,64,65,70,81,83" machi="65" ten="20,8000,1" yaku="1,1,0,1,7,1,53,2" doraHai="75,80" doraHaiUra="0,135" who="0" fromWho="0" sc="182,90,248,-20,318,-20,242,-40" /><INIT seed="8,0,0,0,4,24" ten="272,228,298,202" oya="0" hai0="97,118,42,83,57,0,6,123,135,99,120,27,122" hai1="35,39,1,54,124,17,96,82,94,87,3,10,117" hai2="86,89,100,28,64,33,85,121,109,67,31,128,70" hai3="69,34,11,95,127,93,51,8,50,60,77,126,131"/><T18/><D135/><U115/><E39/><V22/><F109/><W52/><G131/><T88/><D118/><U112/><E35/><V14/><F121/><W130/><G130/><T66/><D42/><U105/><E105/><V36/><F36/><W61/><G34/><T107/><D0/><U41/><E41/><V78/><F33/><W55/><REACH who="3" step="1"/><G77/><REACH who="3" ten="272,228,298,192" step="2"/><T84/><D120/><U129/><E129/><V125/><F128/><W92/><G92/><T7/><D122/><U90/><E94/><V132/><F78/><W101/><G101/><T37/><D123/><U108/><E82/><V2/><F100/><W46/><G46/><T9/><D107/><U26/><E108/><V21/><F89/><W106/><G106/><T20/><D83/><U32/><E90/><V111/><F111/><W104/><G104/><T40/><D88/><U49/><E32/><V71/><F132/><W48/><G48/><T74/><D37/><U38/><E49/><V13/><F2/><W45/><G45/><T68/><D97/><U114/><E38/><V73/><F73/><W29/><G29/><T25/><D99/><U103/><E1/><V76/><F76/><W116/><G116/><T79/><D74/><U56/><E117/><V44/><F44/><W12/><G12/><T15/><D79/><U98/><E103/><V59/><F125/><W65/><G65/><T133/><D133/><U43/><E124/><V91/><F91/><W81/><G81/><T63/><D66/><U47/><E3/><V58/><AGARI ba="0,1" hai="13,14,21,22,28,31,58,59,64,67,70,71,85,86" machi="58" ten="25,8000,1" yaku="0,1,22,2,52,2" doraHai="24" who="2" fromWho="2" sc="272,-40,228,-20,298,90,192,-20" owari="232,3.2,208,-19.2,388,48.8,172,-32.8" /></mjloggm>