<mjloggm ver="2.3"><GO type="169" lobby="0"/><UN n0="%63%61%72%6C%6F%73%6E" n1="%E3%81%94%E3%82%8B%E3%81%AF%E3%82%80%33%30" n2="%E3%81%BE%E3%81%88%E3%81%9F" n3="%68%61%72%75%6B%61%73" dan="17,17,17,16" rate="2204.08,2198.60,2169.27,2217.77" sx="M,F,F,M"/><TAIKYOKU oya="0"/><INIT seed="0,0,0,2,5,4" ten="250,250,250,250" oya="0" hai0="109,77,30,88,116,95,103,67,115,47,92,80,113" hai1="33,64,55,29,106,97,53,68,73,107,36,59,58" hai2="0,81,22,12,20,39,48,76,2,8,69,108,124" hai3="70,66,84,49,101,25,121,56,86,102,112,7,10"/><T52/><D116/><U27/><E73/><V72/><F69/><W114/><G70/><T57/><D109/><U21/><E36/><V11/><F108/><W31/><G121/><T91/><D67/><U28/><E68/><V43/><F124/><W1/><G114/><T82/><D47/><U132/><E132/><V61/><F61/><W14/><G1/><T6/><D103/><U63/><E64/><V99/><F99/><W44/><G112/><T117/><D117/><U85/><E33/><V41/><F48/><W105/><G105/><T35/><D35/><U130/><E130/><V24/><F20/><W120/><G120/><T135/><D30/><U133/><E133/><V123/><F123/><W122/><G102/><T131/><D131/><U126/><E126/><V100/><F100/><W9/><G101/><T42/><D42/><U128/><E128/><V60/><F60/><W26/><G122/><T78/><D6/><U134/><E97/><V125/><F125/><W15/><G56/><T119/><D119/><U13/><E29/><V129/><F129/><W90/><G66/><T5/><D5/><U45/><E45/><N who="2" m="23743" /><F43/><N who="3" m="24735" /><G31/><T50/><D135/><U46/><E46/><V37/><F37/><W65/><G65/><T38/><D38/><U127/><E127/><V16/><F24/><N who="3" m="9323" /><G90/><N who="0" m="34347" /><D115/><U34/><E134/><V40/><F40/><W111/><G111/><T96/><D113/><U23/><E85/><V79/><F79/><N who="0" m="30218" /><D96/><U118/><E118/><V32/><F32/><W83/><G83/><AGARI ba="0,0" hai="50,52,57,80,82,83,92,95" m="30218,34347" machi="83" ten="30,5800,0" yaku="8,1,54,2" doraHai="4" who="0" fromWho="3" sc="250,58,250,0,250,0,250,-58" /><INIT seed="0,1,0,3,1,10" ten="308,250,250,192" oya="0" hai0="126,51,54,125,33,114,36,103,128,133,15,2,85" hai1="67,3,42,62,28,57,117,75,50,89,123,135,101" hai2="5,52,29,65,81,88,105,34,108,58,134,121,27" hai3="56,107,7,22,18,1,21,78,100,6,68,44,48"/><T80/><D2/><U11/><E117/><V60/><F121/><W111/><G68/><T98/><D114/><U9/><E123/><V119/><F108/><W26/><G111/><T19/><D36/><U71/><E75/><V82/><F134/><W118/><G118/><T124/><D33/><U14/><E101/><V61/><F105/><W76/><G56/><T66/><D66/><U49/><E135/><V40/><F40/><W70/><G70/><T16/><D133/><U20/><E3/><V109/><F119/><W90/><G100/><T110/><D128/><U84/><E9/><V12/><F109/><W38/><G107/><N who="0" m="63991" /><D110/><U102/><E102/><V37/><F37/><W74/><G38/><T0/><D0/><U131/><E131/><V87/><F5/><W30/><G90/><N who="0" m="51495" /><D15/><U127/><E127/><N who="0" m="32513" /><T69/><DORA hai="53" /><D69/><U32/><E32/><V13/><F81/><W92/><G1/><T79/><D79/><U64/><E64/><V129/><F129/><W72/><G76/><T122/><D122/><U31/><E71/><AGARI ba="1,0" hai="12,13,27,29,34,52,58,60,61,65,71,82,87,88" machi="71" ten="30,12000,2" yaku="7,1,52,3,54,2" doraHai="10,53" who="2" fromWho="1" sc="308,0,250,-123,250,123,192,0" /><INIT seed="1,0,0,1,1,54" ten="308,127,373,192" oya="1" hai0="8,51,43,5,18,72,123,93,122,97,67,55,99" hai1="80,108,45,110,86,82,104,48,36,42,129,107,95" hai2="22,34,135,6,53,91,106,56,0,58,50,29,10" hai3="105,30,109,68,66,21,14,124,70,130,27,118,83"/><U47/><E129/><V87/><F106/><W98/><G109/><N who="1" m="42090" /><E95/><V32/><F135/><W52/><G130/><T126/><D72/><U11/><E11/><V120/><F120/><N who="0" m="46122" /><D126/><U3/><E3/><V75/><F75/><W63/><G83/><N who="1" m="31786" /><E86/><V119/><F119/><W115/><G124/><T84/><D84/><U73/><E73/><V1/><F1/><W77/><G118/><T134/><D93/><U114/><E114/><V61/><F22/><W127/><G115/><T4/><D134/><U112/><E112/><V26/><F87/><W19/><G77/><T78/><D78/><U62/><E62/><V16/><F91/><W7/><G105/><T94/><D94/><U96/><E96/><V81/><F81/><W69/><G98/><T17/><D99/><U40/><AGARI ba="0,0" hai="36,40,42,45,47,48,104,107" m="31786,42090" machi="40" ten="30,3000,0" yaku="14,1,10,1" doraHai="54" who="1" fromWho="1" sc="308,-10,127,30,373,-10,192,-10" /><INIT seed="1,1,0,3,1,126" ten="298,157,363,182" oya="1" hai0="7,39,74,90,108,31,5,61,49,127,22,131,60" hai1="1,69,45,128,80,38,10,34,122,42,87,73,14" hai2="92,101,116,51,35,83,118,82,40,27,59,130,106" hai3="124,78,91,94,54,125,23,76,99,97,58,110,36"/><U70/><E122/><V28/><F106/><W16/><G110/><T95/><D39/><U86/><E34/><V129/><F101/><W100/><G36/><T50/><D74/><U123/><E123/><V93/><F93/><W68/><G68/><T132/><D108/><U120/><E120/><V111/><F92/><N who="3" m="56479" /><G124/><T62/><D127/><U41/><E41/><V88/><F111/><W52/><G125/><T20/><D132/><U2/><E73/><V30/><F30/><W18/><G18/><T85/><D131/><N who="2" m="50186" /><F88/><W63/><G54/><T4/><D31/><U79/><E128/><V113/><F113/><W55/><G55/><T3/><D3/><U21/><E2/><V9/><F9/><W33/><G33/><T43/><D43/><U56/><E1/><V65/><F65/><W6/><G6/><T24/><D24/><AGARI ba="1,0" hai="16,23,24,52,58,63,76,78,94,99,100" m="56479" machi="24" ten="30,7700,0" yaku="25,1,8,1,54,2" doraHai="126" who="3" fromWho="0" sc="298,-80,157,0,363,0,182,80" /><INIT seed="2,0,0,2,2,56" ten="218,157,363,262" oya="2" hai0="36,134,33,18,64,105,74,41,120,7,130,85,52" hai1="103,91,0,111,106,80,15,44,116,71,26,31,16" hai2="108,42,77,122,69,119,25,19,23,45,112,98,83" hai3="78,79,6,70,93,22,107,95,118,114,61,35,101"/><V54/><F112/><W66/><G118/><T82/><D120/><U124/><E116/><V94/><F119/><W129/><G129/><T127/><D105/><U60/><E0/><V126/><F69/><W12/><G35/><T65/><D74/><U9/><E111/><V57/><F122/><W92/><G114/><T81/><D33/><U30/><E124/><V28/><F126/><W11/><REACH who="3" step="1"/><G22/><REACH who="3" ten="218,157,363,252" step="2"/><T55/><D127/><U135/><E135/><V100/><F108/><W4/><G4/><T117/><D7/><U49/><E31/><V63/><F28/><W37/><G37/><T21/><D130/><U87/><E30/><V67/><F42/><W88/><G88/><N who="0" m="51247" /><D41/><U29/><E29/><V27/><F27/><W38/><G38/><T76/><D36/><U50/><E26/><V102/><F102/><W96/><AGARI ba="0,1" hai="6,11,12,61,66,70,78,79,92,93,95,96,101,107" machi="96" ten="30,4000,0" yaku="1,1,0,1,52,1,53,0" doraHai="56" doraHaiUra="123" who="3" fromWho="3" sc="218,-10,157,-10,363,-20,252,50" /><INIT seed="3,0,0,1,3,107" ten="208,147,343,302" oya="3" hai0="63,116,16,54,9,61,17,15,75,32,83,79,11" hai1="109,40,58,129,86,111,62,121,44,120,19,134,104" hai2="123,125,112,49,57,10,110,102,131,92,37,52,51" hai3="35,55,47,38,88,119,4,114,36,45,42,66,22"/><W100/><G114/><T21/><D32/><U82/><E104/><V39/><F112/><W127/><G35/><T50/><D116/><U105/><E105/><V23/><F110/><N who="1" m="41993" /><E19/><V97/><F131/><W108/><G127/><T77/><D79/><U84/><E129/><V101/><F125/><W13/><G119/><T115/><D115/><U46/><E84/><V132/><F132/><W41/><G100/><T85/><D85/><U34/><E34/><V89/><F39/><W68/><G55/><T124/><D124/><U6/><E6/><V113/><F37/><W14/><G4/><T122/><D122/><N who="1" m="47211" /><E40/><V106/><F106/><W65/><G108/><T60/><REACH who="0" step="1"/><D17/><REACH who="0" ten="198,147,343,302" step="2"/><U87/><E87/><V99/><F123/><W53/><G22/><T7/><D7/><U135/><E86/><V59/><F23/><W8/><G8/><T31/><D31/><U43/><E82/><V56/><F10/><W33/><G33/><T72/><D72/><U90/><E90/><V67/><F89/><W20/><G20/><T80/><D80/><U93/><E93/><V0/><F92/><W91/><G91/><T64/><D64/><N who="1" m="38999" /><E44/><AGARI ba="0,1" hai="9,11,15,16,21,44,50,54,60,61,63,75,77,83" machi="44" ten="40,5200,0" yaku="1,1,52,1,54,1,53,0" doraHai="107" doraHaiUra="70" who="0" fromWho="1" sc="198,62,147,-52,343,0,302,0" /><INIT seed="4,0,0,3,5,41" ten="260,95,343,302" oya="0" hai0="77,58,61,128,60,22,109,104,12,118,114,84,18" hai1="29,129,37,4,116,47,1,7,93,117,52,62,103" hai2="100,121,31,86,38,13,73,20,6,125,35,131,33" hai3="63,132,88,90,2,28,85,113,75,48,87,42,21"/><T54/><D114/><U111/><E111/><V108/><F86/><W64/><G2/><T82/><D118/><U127/><E127/><V110/><F100/><W76/><G75/><T80/><D104/><U19/><E29/><V17/><F73/><W115/><G76/><T102/><D102/><U130/><E19/><V24/><F38/><W9/><G9/><T34/><D34/><N who="2" m="12810" /><F125/><W25/><G132/><T49/><D128/><N who="1" m="49259" /><E93/><V66/><F66/><W67/><G67/><T26/><D109/><U101/><E101/><V53/><F53/><W92/><G42/><T95/><D82/><U50/><E103/><V56/><F56/><W5/><G48/><T106/><D106/><U57/><E37/><V39/><F39/><W122/><G5/><N who="1" m="2122" /><E1/><V46/><F6/><W83/><REACH who="3" step="1"/><G122/><REACH who="3" ten="260,95,343,292" step="2"/><T32/><D77/><U71/><E71/><AGARI ba="0,1" hai="21,25,28,63,64,71,83,85,87,88,90,92,113,115" machi="71" ten="40,5200,0" yaku="1,1,2,1,54,1,53,0" doraHai="41" doraHaiUra="11" who="3" fromWho="1" sc="260,0,95,-52,343,0,292,62" /><INIT seed="5,0,0,3,0,116" ten="260,43,343,354" oya="1" hai0="68,50,7,58,83,123,102,111,24,85,64,97,38" hai1="89,94,23,6,99,121,82,57,126,39,19,37,77" hai2="65,35,43,45,87,100,119,67,26,61,15,90,33" hai3="114,122,117,60,72,4,30,36,88,53,128,1,34"/><U73/><E126/><V118/><F100/><W106/><RYUUKYOKU type="yao9" ba="0,0" sc="260,0,43,0,343,0,354,0" hai3="1,4,30,34,36,53,60,72,88,106,114,117,122,128" /><INIT seed="5,1,0,0,1,67" ten="260,43,343,354" oya="1" hai0="85,95,31,65,128,79,94,3,60,40,55,90,1" hai1="42,41,109,71,48,98,59,81,99,111,75,126,38" hai2="69,47,30,73,9,120,23,13,78,87,115,2,50" hai3="116,17,121,18,117,61,49,123,68,127,102,96,16"/><U104/><E126/><V6/><F120/><W80/><G127/><T132/><D128/><U45/><E71/><V70/><F73/><W4/><G4/><T97/><D132/><U134/><E134/><V64/><F64/><N who="3" m="40975" /><G49/><T39/><D31/><U35/><E35/><V130/><F130/><W88/><G88/><T83/><D55/><N who="1" m="32231" /><E42/><N who="2" m="24951" /><F2/><W106/><G80/><T8/><D8/><U114/><E114/><V51/><F51/><W33/><G33/><T14/><D14/><U129/><E129/><V54/><F54/><W113/><G113/><T62/><D62/><U46/><E46/><V92/><F92/><W32/><G32/><T5/><D5/><U34/><E34/><V58/><F58/><W119/><AGARI ba="1,0" hai="16,17,18,96,102,106,116,117,119,121,123" m="40975" machi="119" ten="40,5200,0" yaku="12,1,52,1,54,1" doraHai="67" who="3" fromWho="3" sc="260,-14,43,-27,343,-14,354,55" /><INIT seed="6,0,0,3,2,53" ten="246,16,329,409" oya="2" hai0="26,92,18,8,135,42,70,6,54,9,16,102,27" hai1="23,17,130,63,127,91,77,76,105,75,38,115,79" hai2="98,117,41,108,35,12,134,99,78,60,113,73,47" hai3="80,94,116,58,1,128,55,50,36,65,87,34,25"/><V2/><F117/><W15/><G1/><T29/><D70/><U68/><E38/><V57/><F35/><W33/><G36/><T37/><D42/><U14/><E105/><V31/><F31/><W46/><G116/><T81/><D37/><U20/><E115/><V84/><F73/><W114/><G114/><T95/><D81/><U44/><E130/><V67/><F2/><W82/><G128/><T0/><D135/><U71/><E127/><V131/><F131/><W21/><G15/><T10/><D95/><U74/><E44/><V61/><F113/><W104/><G104/><T24/><D54/><U62/><E91/><V5/><F61/><N who="3" m="38071" /><G34/><N who="0" m="20775" /><D92/><U52/><E23/><V45/><F108/><W106/><G106/><T7/><D102/><U97/><E97/><N who="2" m="36875" /><F41/><W89/><G33/><T107/><D107/><U11/><E20/><V132/><F132/><W112/><G112/><T110/><D110/><U30/><E30/><AGARI ba="0,0" hai="21,25,30,46,50,55,80,82,87,89,94" m="38071" machi="30" ten="30,2000,0" yaku="8,1,52,1" doraHai="53" who="3" fromWho="1" sc="246,0,16,-20,329,0,409,20" owari="246,-15.4,-4,-50.4,329,12.9,429,52.9" /></mjloggm>