<mjloggm ver="2.3"><GO type="169" lobby="0"/><UN n0="%E3%82%82%E3%81%BF%E3%81%95%E3%81%92" n1="%6F%79%6D%32%30%4E%4F%56" n2="%77%61%77%61%33%30%33%30" n3="%E3%81%82%E3%81%8B%E3%82%8A%E3%82%8D%E3%82%93" dan="17,16,17,16" rate="2198.14,2123.01,2269.80,2176.85" sx="M,M,M,F"/><TAIKYOKU oya="0"/><INIT seed="0,0,0,3,3,58" ten="250,250,250,250" oya="0" hai0="70,71,106,93,18,24,124,102,74,8,105,55,48" hai1="114,28,130,54,7,50,127,16,67,22,104,10,72" hai2="113,85,14,64,1,46,30,6,38,37,27,63,49" hai3="122,87,78,11,4,42,135,61,107,108,133,132,51"/><T57/><D74/><U103/><E130/><V29/><F1/><W131/><G131/><T23/><D124/><U99/><E127/><V109/><F109/><W117/><G117/><T40/><D40/><U134/><E134/><V69/><F113/><W97/><G108/><T45/><D45/><U86/><E114/><V17/><F6/><W5/><G122/><T53/><D53/><U115/><E115/><V84/><F37/><W2/><G4/><T126/><D126/><U59/><E72/><V31/><F27/><W60/><G107/><T3/><D93/><U79/><E67/><V77/><F77/><W39/><G97/><T20/><D20/><U76/><E28/><V83/><F83/><N who="3" m="47607" /><G39/><T56/><D56/><U21/><E21/><V68/><F38/><W35/><G35/><T129/><D129/><U116/><E86/><V125/><F68/><W62/><G51/><T81/><D81/><U12/><REACH who="1" step="1"/><E116/><REACH who="1" ten="250,240,250,250" step="2"/><V90/><F125/><W112/><G112/><T9/><D23/><U25/><AGARI ba="0,1" hai="7,10,12,16,22,25,50,54,59,76,79,99,103,104" machi="25" ten="20,12000,2" yaku="1,1,2,1,0,1,7,1,54,1,53,1" doraHai="58" doraHaiUra="44" who="1" fromWho="1" sc="250,-60,240,130,250,-30,250,-30" /><INIT seed="1,0,0,4,4,8" ten="190,370,220,220" oya="1" hai0="20,33,14,102,32,39,79,110,22,84,105,58,103" hai1="122,132,57,113,60,24,27,3,66,80,69,56,123" hai2="133,36,28,111,34,73,119,94,40,45,17,47,13" hai3="118,68,91,127,115,19,21,12,10,81,125,85,109"/><U64/><E3/><V101/><F119/><W108/><G68/><T76/><D39/><U87/><E132/><V41/><F73/><W67/><G67/><T55/><D110/><N who="3" m="42601" /><G115/><T54/><D84/><U44/><E44/><V86/><F111/><W37/><G37/><T95/><D95/><U49/><E49/><V65/><F65/><W106/><G106/><T4/><D4/><U124/><E124/><N who="3" m="47690" /><G118/><T63/><D63/><U93/><E93/><V26/><F133/><W128/><G128/><T116/><D116/><U42/><E42/><V117/><F117/><W48/><G48/><T7/><D7/><U11/><E60/><V77/><F45/><W52/><G52/><T135/><D135/><U38/><E38/><V9/><F41/><W25/><G10/><T96/><D58/><U74/><E57/><V18/><F77/><W104/><G104/><T129/><D105/><U43/><E56/><V92/><F86/><W134/><G134/><T98/><REACH who="0" step="1"/><D129/><REACH who="0" ten="180,370,220,220" step="2"/><U120/><E87/><V90/><F94/><W89/><G89/><T126/><D126/><U0/><E122/><V78/><F90/><W114/><G114/><T71/><D71/><U30/><E113/><V53/><F92/><W1/><G1/><T88/><D88/><U16/><E120/><V35/><F36/><W2/><G2/><T97/><D97/><U50/><E69/><V100/><F47/><W46/><G46/><T29/><D29/><U5/><E0/><V23/><F28/><W70/><G70/><T131/><D131/><U75/><E123/><V31/><F31/><W121/><G121/><RYUUKYOKU ba="0,1" sc="180,15,370,-15,220,-15,220,15" hai0="14,20,22,32,33,54,55,76,79,96,98,102,103" hai3="12,19,21,25,81,85,91" /><INIT seed="2,1,1,5,2,81" ten="195,355,205,235" oya="2" hai0="121,68,128,46,82,42,86,89,131,64,103,96,116" hai1="10,113,110,59,19,44,18,30,39,60,36,32,33" hai2="126,0,57,118,92,43,83,77,117,15,97,45,94" hai3="100,79,70,105,29,1,7,69,85,5,40,73,90"/><V88/><F0/><W119/><G119/><T84/><D64/><U13/><E113/><V35/><F126/><W14/><G40/><T52/><D68/><U50/><E110/><V123/><F123/><W80/><G29/><T58/><D121/><U17/><E39/><V65/><F35/><W12/><G1/><T133/><D133/><U122/><E36/><V38/><F92/><N who="3" m="54351" /><G12/><T41/><D116/><U101/><E101/><V108/><F108/><W120/><G120/><T2/><D2/><U53/><E122/><V102/><F102/><W16/><G69/><T129/><D46/><U107/><E107/><V49/><F15/><W56/><G56/><T28/><D28/><U93/><E93/><V74/><REACH who="2" step="1"/><F38/><REACH who="2" ten="195,355,195,235" step="2"/><W124/><G124/><T111/><D111/><U132/><E32/><V130/><F130/><W135/><G135/><T31/><D31/><U25/><REACH who="1" step="1"/><E132/><REACH who="1" ten="195,345,195,235" step="2"/><V95/><F95/><W106/><G106/><T134/><D134/><U6/><E6/><V23/><F23/><W63/><G5/><T4/><D4/><U125/><E125/><V71/><F71/><W26/><G7/><T104/><D131/><U3/><E3/><V61/><AGARI ba="1,3" hai="43,45,49,57,61,65,74,77,83,88,94,97,117,118" machi="61" ten="30,11700,0" yaku="1,1,0,1,54,1,53,1" doraHai="81" doraHaiUra="54" who="2" fromWho="2" sc="195,-40,345,-40,195,150,235,-40" /><INIT seed="2,2,0,5,3,16" ten="155,305,345,195" oya="2" hai0="42,91,37,96,11,132,83,107,122,120,25,112,88" hai1="5,3,31,117,105,66,82,1,57,49,33,70,123" hai2="60,90,15,124,20,52,75,44,47,111,129,8,106" hai3="0,99,110,21,84,77,101,12,24,6,26,61,94"/><V74/><F106/><W73/><G110/><T13/><D112/><U4/><E70/><V86/><F111/><W127/><G127/><T121/><D132/><U30/><E105/><V28/><F124/><W7/><G0/><T76/><D25/><U89/><E82/><V134/><F134/><W109/><G109/><T125/><D125/><U53/><E89/><V9/><F9/><W103/><G103/><T34/><D34/><U43/><E66/><V36/><F36/><W14/><G73/><T97/><D42/><U54/><E43/><V130/><F75/><W80/><G61/><T104/><D37/><U128/><E128/><V48/><F60/><W40/><G40/><T23/><D104/><U81/><E81/><V135/><F47/><W87/><G26/><T64/><D64/><U10/><E117/><V119/><F74/><W78/><G87/><T65/><D65/><U131/><E131/><V32/><F32/><W115/><G77/><T118/><D118/><U27/><E31/><V58/><F58/><W50/><G50/><T69/><D69/><U56/><E123/><V108/><F119/><W126/><G115/><T113/><D113/><U35/><E35/><V72/><F72/><W63/><G63/><T85/><D107/><U114/><E114/><V22/><F28/><N who="3" m="17423" /><G126/><T59/><D121/><U67/><E67/><V41/><F108/><W100/><G101/><T39/><D122/><U68/><E68/><V55/><F135/><W92/><G94/><T133/><D133/><U38/><E38/><V29/><F130/><W116/><G116/><T18/><D120/><RYUUKYOKU ba="2,0" sc="155,-10,305,-10,345,-10,195,30" hai3="6,7,12,14,78,80,84,92,99,100" /><INIT seed="3,3,0,5,3,23" ten="145,295,335,225" oya="3" hai0="92,125,117,113,17,58,61,122,44,5,84,132,103" hai1="31,66,120,129,18,73,41,114,7,107,25,43,86" hai2="82,10,77,106,135,30,111,123,24,51,95,90,39" hai3="56,99,101,93,50,119,34,108,126,21,87,112,88"/><W78/><G112/><T104/><D117/><U130/><E73/><V109/><F39/><W14/><G119/><T75/><D122/><U47/><E120/><V85/><F123/><W124/><G34/><T28/><D75/><U67/><E107/><V55/><F10/><W60/><G50/><T45/><D132/><U0/><E114/><V35/><F106/><W70/><G70/><T83/><D104/><U91/><E18/><V71/><F71/><W134/><G78/><T131/><D131/><N who="1" m="50187" /><E7/><V3/><F3/><W68/><G68/><T127/><D5/><U128/><E0/><V64/><F64/><N who="1" m="24617" /><E47/><V105/><F105/><W52/><G108/><T13/><D28/><U48/><E48/><V115/><F135/><W32/><G32/><T8/><D113/><U9/><E9/><V94/><F115/><W63/><G63/><T1/><D1/><U36/><E36/><V72/><REACH who="2" step="1"/><F95/><REACH who="2" ten="145,295,325,225" step="2"/><W74/><G134/><T46/><D92/><N who="1" m="54391" /><E128/><V38/><F38/><W2/><G2/><T42/><D42/><U54/><E54/><V65/><F65/><W81/><REACH who="3" step="1"/><G74/><REACH who="3" ten="145,295,325,215" step="2"/><T116/><D116/><U53/><E53/><V133/><F133/><W96/><G96/><T49/><D61/><U110/><E110/><V102/><F102/><W26/><G26/><T37/><D103/><U4/><E43/><V29/><F29/><W27/><G27/><T59/><D37/><U98/><E41/><V62/><F62/><W79/><G79/><N who="0" m="46207" /><D49/><U69/><E69/><V100/><F100/><W11/><G11/><T40/><D40/><U6/><E98/><V97/><F97/><RYUUKYOKU ba="3,2" sc="145,0,295,0,325,0,215,0" hai0="8,13,17,44,45,46,58,59,125,127" hai1="4,6,25,31" hai2="24,30,35,51,55,72,77,82,85,90,94,109,111" hai3="14,21,52,56,60,81,87,88,93,99,101,124,126" /><INIT seed="3,4,2,4,5,114" ten="145,295,325,215" oya="3" hai0="31,110,124,122,63,135,79,13,10,62,65,48,103" hai1="80,100,29,125,0,57,131,2,59,37,121,134,93" hai2="45,15,128,75,97,12,101,99,55,9,35,84,130" hai3="98,4,41,69,43,126,44,8,95,24,102,106,52"/><W91/><G69/><T26/><D122/><U56/><E121/><V129/><F75/><W88/><G126/><T28/><D124/><U64/><E125/><V89/><F35/><W82/><G24/><T86/><D135/><U5/><E37/><V115/><F115/><W50/><G82/><T71/><D110/><U132/><E29/><V77/><F77/><W22/><G22/><T94/><D62/><U81/><E64/><V51/><F101/><W74/><G74/><T113/><D113/><U61/><E61/><V42/><F42/><W92/><G106/><T18/><D26/><U76/><E131/><V3/><F3/><N who="1" m="1065" /><E5/><N who="2" m="3119" /><F15/><N who="3" m="5511" /><G102/><T72/><D72/><U104/><E104/><V127/><F127/><W60/><G60/><T23/><D103/><U109/><E109/><V16/><F16/><W40/><G41/><T32/><D32/><U133/><E76/><V107/><F107/><W7/><G7/><T87/><D10/><U27/><E27/><V119/><F119/><W105/><G105/><T111/><D111/><U38/><E38/><V20/><F20/><W14/><G14/><T47/><D79/><U118/><E118/><V25/><F25/><W67/><G67/><T90/><D87/><AGARI ba="4,2" hai="40,43,44,50,52,87,88,91,92,95,98" m="5511" machi="87" ten="30,5800,0" yaku="8,1,54,2" doraHai="114" who="3" fromWho="0" sc="145,-70,295,0,325,0,215,90" /><INIT seed="3,5,0,4,5,65" ten="75,295,325,305" oya="3" hai0="86,5,15,14,11,48,108,129,78,50,75,83,16" hai1="73,120,27,43,18,52,53,21,90,23,44,112,55" hai2="119,45,96,41,30,74,69,64,19,71,79,124,62" hai3="22,118,85,61,10,117,114,133,35,3,39,37,54"/><W94/><G114/><T116/><D108/><U29/><E112/><V134/><F119/><W25/><G35/><T92/><D129/><U87/><E73/><V31/><F134/><W49/><G133/><T2/><D2/><U36/><E120/><V9/><F124/><W13/><G3/><T70/><D116/><U97/><E97/><V106/><F71/><W17/><G61/><T101/><D70/><U104/><E104/><V88/><F79/><W40/><G40/><T110/><D110/><U12/><REACH who="1" step="1"/><E53/><REACH who="1" ten="75,285,325,305" step="2"/><V26/><F74/><W6/><G117/><T84/><D75/><U89/><E89/><V56/><F88/><N who="3" m="53519" /><G118/><T128/><D128/><U126/><E126/><V59/><F96/><W4/><G37/><T42/><D42/><U113/><E113/><V135/><F106/><W77/><G39/><T95/><D101/><U32/><E32/><V111/><F135/><W80/><G77/><T0/><D0/><U72/><E72/><V63/><F111/><W24/><G80/><AGARI ba="5,1" hai="12,18,21,23,27,29,36,43,44,52,55,80,87,90" machi="80" ten="30,3900,0" yaku="1,1,7,1,54,1,53,0" doraHai="65" doraHaiUra="130" who="1" fromWho="3" sc="75,0,285,64,325,0,305,-54" /><INIT seed="4,0,0,3,1,118" ten="75,349,325,251" oya="0" hai0="117,45,4,68,70,48,20,40,53,128,130,46,83" hai1="66,60,131,105,90,24,99,28,55,106,100,50,65" hai2="36,6,56,64,92,38,101,110,27,135,52,104,129" hai3="33,114,14,19,42,67,116,123,37,113,82,5,59"/><T88/><D117/><U133/><E133/><V111/><F104/><W11/><G116/><T31/><D4/><U120/><E131/><N who="0" m="50217" /><D31/><U121/><E90/><V63/><F135/><W103/><G33/><T132/><D20/><U72/><E72/><V80/><F38/><W71/><G71/><T8/><D8/><U54/><E54/><V25/><F36/><W15/><G103/><T26/><D26/><U35/><E106/><V13/><F129/><W1/><G82/><T58/><D132/><U51/><E51/><V77/><F64/><W75/><G75/><T10/><D10/><U0/><E0/><V95/><F111/><W84/><G84/><N who="0" m="50207" /><D46/><U9/><E9/><N who="2" m="4279" /><F110/><W43/><G1/><T98/><D98/><U115/><E66/><V86/><F95/><W96/><G96/><AGARI ba="0,0" hai="25,27,52,56,63,77,80,86,92,96,101" m="4279" machi="96" ten="30,2000,0" yaku="8,1,54,1" doraHai="118" who="2" fromWho="3" sc="75,0,349,0,325,20,251,-20" /><INIT seed="5,0,0,5,5,17" ten="75,349,345,231" oya="1" hai0="71,123,118,19,120,64,48,117,16,40,104,56,79" hai1="57,132,88,84,7,53,54,100,119,131,74,46,14" hai2="73,20,34,105,115,90,44,9,77,78,68,27,67" hai3="11,91,18,129,31,134,96,29,8,42,110,62,39"/><U58/><E74/><V72/><F34/><W25/><G110/><T6/><D104/><U112/><E112/><V121/><F121/><N who="0" m="46666" /><D6/><U133/><E100/><V135/><F105/><W2/><G129/><T65/><D79/><U92/><E131/><V128/><F115/><W80/><G134/><T51/><D40/><U4/><E119/><N who="0" m="45577" /><D71/><U52/><E46/><V93/><F68/><W66/><G42/><T61/><D64/><U97/><E97/><V114/><F67/><W10/><G39/><T50/><AGARI ba="0,0" hai="16,19,48,50,51,56,61,65" m="45577,46666" machi="50" ten="40,2700,0" yaku="13,1,54,1" doraHai="17" who="0" fromWho="0" sc="75,27,349,-13,345,-7,231,-7" /><INIT seed="6,0,0,3,1,43" ten="102,336,338,224" oya="2" hai0="124,105,51,82,21,65,122,17,99,13,80,25,71" hai1="38,6,36,66,69,108,37,15,106,121,56,75,128" hai2="64,11,135,55,85,84,1,20,5,93,50,2,127" hai3="81,72,133,23,78,101,34,94,100,40,3,62,47"/><V132/><F127/><W67/><G34/><T79/><D122/><U116/><E106/><V87/><F64/><W86/><G133/><N who="2" m="51273" /><F20/><W74/><G3/><T130/><D130/><U63/><E75/><V109/><F109/><W46/><G23/><T52/><D124/><U107/><E107/><V76/><F2/><W125/><G125/><T18/><D65/><U115/><E108/><V32/><F32/><W111/><G111/><T35/><D71/><U59/><E15/><V83/><F93/><W77/><G77/><T91/><D79/><U88/><E6/><V53/><F53/><W113/><G113/><T26/><D26/><U0/><E0/><V12/><F1/><W134/><G134/><T98/><D105/><U96/><E116/><V73/><F73/><W7/><G7/><T24/><D24/><U90/><E115/><V31/><F31/><W118/><G118/><T54/><D54/><U123/><E128/><V39/><F39/><W70/><G72/><T102/><D102/><U129/><E129/><V8/><F8/><W112/><G112/><T61/><D61/><N who="1" m="40143" /><E96/><N who="0" m="36905" /><D91/><N who="1" m="34859" /><E63/><V42/><F42/><W103/><G40/><T49/><D35/><U95/><E95/><V68/><F68/><W131/><G131/><T10/><D49/><U16/><E16/><V92/><F92/><W48/><G48/><T14/><D25/><U19/><E19/><V27/><F27/><W60/><G60/><T22/><D10/><U110/><E110/><V45/><AGARI ba="0,0" hai="5,11,12,45,50,55,76,83,84,85,87" m="51273" machi="45" ten="30,3000,0" yaku="20,1,52,1" doraHai="43" who="2" fromWho="2" sc="102,-10,336,-10,338,30,224,-10" /><INIT seed="6,1,0,1,5,124" ten="92,326,368,214" oya="2" hai0="97,90,14,74,4,54,82,49,87,42,58,8,89" hai1="122,61,117,115,114,111,31,22,126,86,55,52,128" hai2="9,6,43,51,109,53,11,101,118,41,102,133,46" hai3="25,18,1,35,3,95,17,91,68,69,60,57,30"/><V130/><F118/><W81/><G81/><T131/><D74/><U28/><E111/><V45/><F133/><W99/><G1/><T76/><D42/><U80/><E117/><V24/><F130/><W93/><G3/><T27/><D131/><U129/><E126/><V107/><F24/><W32/><G32/><T10/><D27/><N who="1" m="16503" /><E31/><V108/><F53/><N who="1" m="20553" /><E61/><V50/><REACH who="2" step="1"/><F6/><REACH who="2" ten="92,326,358,214" step="2"/><W59/><G25/><T71/><D71/><U84/><E122/><V20/><F20/><W13/><G68/><T104/><D8/><U116/><E116/><V48/><F48/><W119/><G69/><T29/><D29/><U64/><E64/><V96/><F96/><W121/><G99/><T125/><D125/><U85/><E80/><V132/><F132/><W26/><G26/><T23/><D23/><U37/><E37/><V67/><F67/><W79/><G30/><T38/><D38/><U73/><E73/><V92/><F92/><W2/><G93/><T5/><D5/><U110/><E110/><V63/><F63/><W56/><G95/><T98/><D104/><AGARI ba="1,1" hai="9,11,41,43,45,46,50,51,101,102,104,107,108,109" machi="104" ten="25,4800,0" yaku="1,1,22,2,53,0" doraHai="124" doraHaiUra="15" who="2" fromWho="0" sc="92,-51,326,0,358,61,214,0" /><INIT seed="6,2,0,1,0,93" ten="41,326,419,214" oya="2" hai0="100,15,114,18,134,79,81,2,17,67,123,3,129" hai1="53,61,110,38,54,60,101,13,70,34,25,80,118" hai2="86,78,11,36,98,40,126,92,124,82,58,109,104" hai3="105,99,117,1,59,103,88,95,111,72,84,127,12"/><V62/><F109/><W47/><G1/><T128/><D123/><U51/><E110/><V65/><F104/><W69/><G69/><T21/><D114/><U6/><E118/><V76/><F76/><W119/><G111/><T107/><D67/><U75/><E38/><V85/><F85/><W23/><G127/><T121/><D121/><U39/><E39/><V46/><REACH who="2" step="1"/><F11/><REACH who="2" ten="41,326,409,214" step="2"/><W71/><G72/><T33/><D107/><U5/><E75/><V50/><F50/><W24/><G117/><T16/><D79/><U35/><E51/><V30/><F30/><W122/><G119/><T74/><D74/><U4/><E60/><V89/><AGARI ba="2,1" hai="36,40,46,58,62,65,78,82,86,89,92,98,124,126" machi="89" ten="30,11700,0" yaku="1,1,0,1,52,1,53,1" doraHai="93" doraHaiUra="94" who="2" fromWho="2" sc="41,-41,326,-41,409,133,214,-41" /><INIT seed="6,3,0,3,2,10" ten="0,285,542,173" oya="2" hai0="84,69,8,75,101,35,55,29,42,77,102,11,59" hai1="54,25,64,68,57,7,112,14,76,90,32,4,82" hai2="131,110,133,109,40,16,58,100,62,130,21,39,117" hai3="48,2,89,107,56,33,93,81,86,85,12,6,99"/><V3/><F3/><W120/><G120/><T121/><D69/><U19/><E68/><V88/><F100/><W119/><G119/><T97/><D121/><U66/><E90/><V36/><F117/><W51/><G33/><T96/><D75/><U127/><E64/><N who="2" m="38999" /><F40/><W23/><G107/><T9/><D42/><U65/><E66/><V24/><F88/><N who="3" m="51247" /><G2/><T83/><D29/><U15/><E65/><V38/><F133/><W132/><G132/><T135/><D35/><U44/><E44/><V13/><F24/><W98/><G48/><T31/><D31/><U18/><E25/><V105/><F105/><W1/><G1/><T122/><D122/><U34/><E32/><V20/><F21/><W28/><G28/><T80/><D80/><U47/><E47/><V134/><F134/><W92/><G92/><T91/><D135/><U41/><E41/><V71/><F71/><W124/><G124/><T94/><D97/><U0/><E127/><V116/><F116/><W5/><G98/><T108/><D108/><AGARI ba="3,0" hai="13,16,20,36,38,39,108,109,110,130,131" m="38999" machi="108" ten="40,7700,0" yaku="10,1,52,1,54,1" doraHai="10" who="2" fromWho="0" sc="0,-86,285,0,542,86,173,0" owari="-86,-58.6,285,8.5,628,72.8,173,-22.7" /></mjloggm>