<mjloggm ver="2.3"><GO type="225" lobby="0"/><UN n0="%E3%81%BF%E3%81%BF%E3%81%9A" n1="%E9%A6%AC%E5%BC%95%E7%81%AB%33" n2="%E5%91%A8%E6%9D%B1" n3="%E7%B4%94%E6%BD%94%E3%83%94%E3%83%A9%E3%83%8B%E3%82%A2" dan="17,16,16,16" rate="2257.63,2132.33,2165.05,2146.18" sx="M,M,M,M"/><TAIKYOKU oya="0"/><INIT seed="0,0,0,0,2,67" ten="250,250,250,250" oya="0" hai0="2,113,125,86,59,92,101,100,116,23,81,55,63" hai1="112,16,36,78,133,135,104,60,99,94,120,90,13" hai2="58,108,44,47,80,134,6,87,88,95,73,109,11" hai3="102,14,10,49,54,3,4,40,45,91,29,119,56"/><T1/><D113/><U9/><E120/><V68/><F134/><N who="1" m="51209" /><E36/><V131/><F131/><W124/><G124/><T84/><D116/><U53/><E104/><V37/><F58/><W28/><G119/><T83/><D125/><U121/><E121/><V39/><F68/><W62/><G102/><T51/><D1/><U129/><E129/><V35/><F35/><W69/><G3/><T27/><D2/><U98/><E78/><N who="2" m="44111" /><F39/><W96/><G69/><T107/><D107/><U5/><E112/><V132/><F132/><W30/><G96/><T64/><D84/><N who="1" m="52551" /><E5/><V12/><F37/><W126/><G126/><T103/><D92/><U70/><E53/><V74/><F74/><W20/><REACH who="3" step="1"/><G91/><REACH who="3" ten="250,250,250,240" step="2"/><T127/><D127/><U24/><E24/><AGARI ba="0,1" hai="4,10,14,20,24,28,29,30,40,45,49,54,56,62" machi="24" ten="40,5200,0" yaku="1,1,2,1,8,1,53,0" doraHai="67" doraHaiUra="71" who="3" fromWho="1" sc="250,0,250,-52,250,0,240,62" /><INIT seed="1,0,0,1,1,23" ten="250,198,250,302" oya="1" hai0="102,39,59,27,90,134,29,67,72,55,53,46,65" hai1="82,128,69,2,8,103,111,22,101,6,129,88,32" hai2="52,11,107,60,133,113,112,14,19,115,94,56,43" hai3="10,68,83,96,78,118,44,16,114,51,89,131,7"/><U48/><E32/><V97/><F133/><W35/><G114/><T100/><D134/><U116/><E116/><V99/><F107/><W77/><G118/><T26/><D72/><U64/><E111/><V4/><F43/><W5/><G68/><T95/><D39/><U124/><E124/><V108/><F108/><W93/><G35/><T3/><D3/><U1/><E1/><V18/><REACH who="2" step="1"/><F99/><REACH who="2" ten="250,198,240,302" step="2"/><W12/><G131/><N who="1" m="50250" /><E48/><V126/><F126/><W85/><G77/><T104/><D104/><U87/><E22/><V40/><F40/><AGARI ba="0,1" hai="5,7,10,12,16,40,44,51,78,83,85,89,93,96" machi="40" ten="30,3900,0" yaku="7,1,8,1,54,1" doraHai="23" who="3" fromWho="2" sc="250,0,198,0,240,-39,302,49" /><INIT seed="2,0,0,3,3,124" ten="250,198,201,351" oya="2" hai0="44,130,2,41,60,25,34,61,83,88,9,1,45" hai1="42,85,12,87,81,0,62,5,91,106,133,128,20" hai2="132,82,53,22,66,74,123,65,111,50,86,112,98" hai3="96,103,52,127,97,3,109,17,47,39,19,40,10"/><V84/><F123/><W89/><G127/><T35/><D25/><U71/><E106/><V23/><F112/><W24/><G109/><T27/><D27/><U46/><E0/><V100/><F132/><W14/><G3/><T64/><D9/><U129/><E133/><V120/><F74/><W80/><G52/><T94/><D83/><U93/><E71/><V36/><F36/><W29/><G19/><T70/><D94/><U21/><E62/><V110/><F120/><W28/><G28/><T4/><D41/><U126/><E126/><V73/><F73/><W95/><G80/><T63/><D63/><U108/><E108/><N who="2" m="41515" /><F66/><W16/><G17/><T67/><D4/><U69/><E69/><V43/><F65/><W125/><G125/><T75/><D75/><U135/><E135/><V11/><F11/><W101/><G97/><T119/><D70/><U92/><E5/><V90/><F86/><W122/><G122/><T8/><D8/><U134/><E134/><V15/><F15/><W104/><G104/><T58/><D119/><U131/><E12/><V54/><F43/><W13/><G13/><T48/><D58/><U37/><E93/><N who="2" m="58447" /><F54/><W121/><G121/><T30/><D1/><U38/><E38/><V72/><F72/><W57/><G101/><T114/><D2/><U105/><E105/><V18/><F18/><W31/><G103/><T32/><D67/><U49/><E37/><V26/><F26/><W55/><G24/><T113/><D64/><U117/><E117/><V107/><F107/><W99/><G99/><T33/><D114/><U115/><E115/><RYUUKYOKU ba="0,0" sc="250,-30,198,10,201,10,351,10" hai1="20,21,42,46,49,81,85,87,91,92,128,129,131" hai2="22,23,50,53,82,84,90" hai3="10,14,16,29,31,39,40,47,55,57,89,95,96" /><INIT seed="2,1,0,0,4,96" ten="220,208,211,361" oya="2" hai0="90,56,43,20,18,124,30,65,106,31,112,73,64" hai1="6,108,115,36,29,82,77,55,130,40,24,74,33" hai2="131,103,104,111,47,8,71,5,119,25,109,13,3" hai3="80,11,95,68,50,101,10,2,39,44,63,4,22"/><V133/><F119/><W91/><G39/><T51/><D106/><U70/><E115/><V97/><F71/><W129/><G11/><T41/><D73/><U26/><E108/><N who="2" m="41547" /><F133/><W88/><G129/><T17/><D124/><U38/><E130/><V14/><F131/><W15/><G80/><T52/><D17/><U134/><E70/><V9/><F25/><W1/><G63/><T45/><D90/><U135/><E24/><V67/><F67/><N who="0" m="25674" /><D112/><U123/><E123/><V53/><F9/><W0/><G68/><T117/><D117/><U35/><E35/><V83/><F83/><W60/><G60/><N who="0" m="35847" /><D41/><U107/><E40/><V105/><F105/><W125/><G125/><T94/><D94/><U128/><E107/><V19/><F19/><W57/><G91/><T27/><AGARI ba="1,0" hai="18,20,27,30,31,43,45,51" m="35847,25674" machi="27" ten="30,2000,0" yaku="8,1,54,1" doraHai="96" who="0" fromWho="0" sc="220,23,208,-6,211,-11,361,-6" /><INIT seed="3,0,0,4,1,134" ten="243,202,200,355" oya="3" hai0="16,79,57,115,74,91,50,39,38,4,98,7,35" hai1="21,66,47,104,117,82,61,68,27,18,5,28,77" hai2="75,64,73,123,32,9,55,0,54,59,109,121,111" hai3="26,85,12,71,97,52,72,90,107,8,105,36,99"/><W88/><G72/><N who="2" m="27721" /><F32/><W86/><G36/><T69/><D74/><U15/><E104/><V33/><F33/><W19/><G71/><T112/><D35/><U94/><E117/><V22/><F22/><W45/><G26/><T103/><D98/><U92/><E5/><N who="2" m="1191" /><F64/><W58/><G45/><T87/><D87/><N who="3" m="33289" /><G107/><T127/><D57/><U126/><E126/><V129/><F129/><W20/><G8/><T84/><D84/><U63/><E63/><N who="2" m="36343" /><F55/><W6/><G6/><T124/><D50/><U130/><E130/><V44/><F44/><W106/><G105/><T23/><D103/><U67/><E67/><V53/><F53/><W43/><G106/><T118/><D69/><U135/><E135/><V122/><AGARI ba="0,0" hai="109,111,121,122,123" m="36343,1191,27721" machi="122" ten="40,1500,0" yaku="13,1" doraHai="134" who="2" fromWho="2" sc="243,-4,202,-4,200,15,355,-7" owari="239,3.9,198,-30.2,215,-18.5,348,44.8" /></mjloggm>