<mjloggm ver="2.3"><GO type="169" lobby="0"/><UN n0="%4B%65%76%31%6E" n1="%5B%5B%79%75%79%75%5D%5D" n2="%E3%82%AB%E3%83%A9%E6%9D%BE" n3="%65%6B%61%72%75%74%65" dan="17,16,17,16" rate="2194.85,2169.87,2146.55,2092.01" sx="M,M,M,M"/><TAIKYOKU oya="0"/><INIT seed="0,0,0,5,5,6" ten="250,250,250,250" oya="0" hai0="85,111,32,16,10,99,56,102,130,95,129,0,110" hai1="75,48,80,126,42,91,133,96,21,43,112,70,81" hai2="4,38,25,114,86,73,87,35,77,124,2,28,59" hai3="27,82,132,49,11,89,62,17,60,72,65,12,36"/><T123/><D32/><U51/><E70/><V106/><F106/><W8/><G36/><T39/><D123/><U57/><E126/><V113/><F124/><W83/><G132/><T40/><D40/><U1/><E1/><V50/><F86/><W5/><G72/><T105/><D39/><U134/><E96/><V78/><F87/><W61/><G65/><T100/><D56/><U66/><E21/><V128/><F128/><N who="0" m="49258" /><D0/><U74/><E57/><V41/><F59/><W118/><G118/><T116/><D116/><U15/><E15/><V55/><F77/><W7/><G49/><T97/><D85/><U58/><E58/><V45/><F50/><W122/><G122/><T22/><D10/><N who="3" m="3625" /><G27/><AGARI ba="0,0" hai="16,22,27,95,97,99,100,102,105,110,111" m="49258" machi="27" ten="30,2900,0" yaku="19,1,54,1" doraHai="6" who="0" fromWho="3" sc="250,29,250,0,250,0,250,-29" /><INIT seed="0,1,0,5,3,54" ten="279,250,250,221" oya="0" hai0="49,0,76,105,50,110,58,106,102,81,59,57,134" hai1="15,7,62,85,101,125,51,5,28,2,97,27,107" hai2="32,16,13,26,113,31,22,35,122,71,60,77,43" hai3="96,68,23,111,38,126,25,37,93,83,1,124,95"/><T119/><D119/><U63/><E125/><N who="3" m="48234" /><G111/><T56/><D0/><U79/><E2/><V74/><F113/><W53/><G1/><T73/><D110/><U121/><E121/><V52/><F122/><W47/><G68/><T127/><D127/><U88/><E79/><V40/><F35/><W118/><G83/><T8/><D8/><U129/><E51/><V29/><F29/><N who="3" m="17599" /><G118/><T115/><D115/><U92/><E129/><V84/><F74/><W24/><G24/><T55/><D134/><U112/><E112/><V61/><F71/><W4/><G4/><T104/><REACH who="0" step="1"/><D50/><REACH who="0" ten="269,250,250,221" step="2"/><U66/><E62/><V6/><F61/><W20/><G38/><T109/><D109/><U42/><E42/><V86/><F6/><W123/><G37/><T48/><D48/><U99/><E7/><V120/><F120/><W3/><G3/><T19/><D19/><U117/><E117/><V39/><F39/><W75/><G123/><T78/><D78/><U82/><E5/><V36/><F77/><W9/><G9/><T114/><D114/><U65/><E63/><V133/><F133/><W103/><G75/><T89/><D89/><U108/><E108/><V41/><F36/><W18/><G18/><T34/><D34/><U64/><E15/><V11/><F32/><W91/><G20/><T69/><D69/><U130/><E130/><V135/><F135/><W67/><G91/><T30/><D30/><U17/><E28/><V46/><F60/><W72/><G72/><T12/><D12/><U44/><E17/><N who="2" m="8383" /><F31/><W80/><G103/><AGARI ba="1,1" hai="49,55,56,57,58,59,73,76,81,102,103,104,105,106" machi="103" ten="50,12000,1" yaku="1,1,52,4,53,0" doraHai="54" doraHaiUra="128" who="0" fromWho="3" sc="269,133,250,0,250,0,221,-123" /><INIT seed="0,2,0,2,1,92" ten="402,250,250,98" oya="0" hai0="15,104,47,110,23,126,30,8,39,51,96,89,61" hai1="4,98,7,31,58,45,70,32,50,69,22,43,44" hai2="2,134,93,19,1,33,65,3,117,100,129,21,107" hai3="83,59,81,12,35,75,121,72,113,25,90,103,124"/><T78/><D39/><U108/><E32/><V74/><F107/><W57/><G113/><T82/><D126/><U29/><E108/><V36/><F36/><W48/><G124/><T71/><D110/><U17/><E69/><V42/><F33/><W105/><G121/><T53/><D71/><U119/><E119/><V64/><F74/><W80/><G90/><T91/><D61/><U46/><E70/><V118/><F129/><W49/><G12/><T125/><D125/><U109/><E109/><V60/><F134/><W13/><G13/><T112/><D112/><U131/><E131/><V27/><F42/><W115/><G115/><T97/><D104/><U18/><E43/><V11/><F11/><W67/><G75/><T5/><D89/><U63/><E50/><V9/><F9/><W24/><G72/><T14/><D91/><U73/><E73/><V101/><F65/><W135/><G135/><T0/><D0/><U68/><E68/><V114/><F114/><W94/><G105/><T40/><D53/><U111/><E111/><V38/><F38/><W79/><G79/><T86/><D15/><U28/><E22/><V127/><F127/><W52/><G35/><T41/><D40/><U133/><E133/><V102/><F117/><W37/><G37/><T99/><D23/><U132/><E132/><V116/><F116/><W84/><G49/><T95/><D95/><U55/><E98/><N who="2" m="59471" /><F118/><W76/><G94/><T123/><D123/><U10/><E10/><V77/><F77/><W120/><G120/><T34/><D34/><U85/><E85/><V54/><F54/><RYUUKYOKU ba="2,0" sc="402,10,250,10,250,10,98,-30" hai0="5,8,14,30,41,47,51,78,82,86,96,97,99" hai1="4,7,17,18,28,29,31,44,45,46,55,58,63" hai2="1,2,3,19,21,27,60,64,101,102" /><INIT seed="0,3,0,1,3,115" ten="412,260,260,68" oya="0" hai0="53,33,29,65,36,25,61,104,125,62,77,134,18" hai1="124,106,97,17,93,69,121,59,91,21,22,5,75" hai2="16,51,71,101,78,3,68,72,31,110,105,24,99" hai3="47,120,79,55,113,45,84,48,23,98,12,96,73"/><T10/><D36/><U118/><E69/><V6/><F110/><W108/><G108/><T135/><D104/><U32/><E32/><N who="2" m="20583" /><F51/><W58/><G113/><T117/><D117/><U26/><E121/><V34/><F16/><W63/><G73/><T70/><D125/><U54/><E124/><V57/><F57/><W111/><G120/><T28/><D77/><U44/><E75/><V129/><F129/><W83/><G111/><T1/><D29/><U90/><E106/><V52/><F52/><W43/><REACH who="3" step="1"/><G47/><REACH who="3" ten="412,260,260,58" step="2"/><T127/><D127/><U123/><E44/><V38/><F72/><W74/><G74/><T132/><D1/><U30/><E123/><V14/><F3/><W128/><G128/><T42/><D42/><U76/><E5/><V64/><F6/><W37/><G37/><T11/><REACH who="0" step="1"/><D18/><AGARI ba="3,1" hai="12,18,23,43,45,48,55,58,63,79,83,84,96,98" machi="18" ten="40,5200,0" yaku="1,1,8,1,53,1" doraHai="115" doraHaiUra="15" who="3" fromWho="0" sc="412,-61,260,0,260,0,58,71" /><INIT seed="1,0,0,2,4,19" ten="351,260,260,129" oya="1" hai0="96,95,62,118,21,11,23,102,58,65,2,110,5" hai1="70,67,115,45,78,51,122,16,40,83,116,25,6" hai2="39,111,4,18,7,33,30,86,49,120,119,76,64" hai3="84,73,117,88,106,14,93,129,72,42,41,61,101"/><U87/><E122/><V3/><F120/><W43/><G129/><T56/><D118/><U124/><E116/><V92/><F119/><W29/><G117/><T80/><D110/><U134/><E115/><V54/><F111/><W35/><G106/><T13/><D2/><U91/><E124/><V68/><F39/><W113/><G113/><T66/><D80/><U97/><E134/><V50/><F50/><W24/><G101/><T22/><D58/><U46/><E46/><V69/><F30/><W59/><REACH who="3" step="1"/><G14/><REACH who="3" ten="351,260,260,119" step="2"/><T77/><D77/><U126/><E126/><V128/><F76/><W57/><G57/><T47/><D47/><U104/><E104/><V0/><F128/><W34/><G34/><T10/><D10/><U100/><E100/><V94/><F33/><W107/><G107/><T121/><D121/><U90/><E70/><V123/><F68/><W99/><G99/><T52/><AGARI ba="0,1" hai="5,11,13,21,22,23,52,56,62,65,66,95,96,102" machi="52" ten="30,12000,2" yaku="0,1,8,1,52,3,54,1" doraHai="19" who="0" fromWho="0" sc="351,130,260,-60,260,-30,119,-30" /><INIT seed="2,0,0,1,5,114" ten="481,200,230,89" oya="2" hai0="121,0,134,58,29,60,10,44,32,82,15,79,23" hai1="108,90,106,45,71,91,92,46,24,80,72,17,116" hai2="120,100,135,99,42,9,57,112,77,76,51,113,86" hai3="69,7,119,50,33,37,87,133,13,5,94,53,65"/><V49/><F120/><W39/><G33/><T75/><D121/><U97/><E106/><V31/><F135/><W26/><G133/><T16/><D134/><U30/><E71/><V61/><F112/><W8/><G7/><T85/><D32/><U22/><E108/><V126/><F113/><W118/><G69/><T127/><D127/><U95/><E116/><V64/><F126/><W105/><G105/><T20/><D0/><U36/><E36/><V130/><F130/><W84/><G65/><T73/><D44/><U122/><E122/><V115/><F115/><W124/><G124/><T2/><D2/><U128/><E128/><V18/><F31/><W88/><G39/><T4/><D29/><U6/><E6/><V35/><F35/><W27/><G37/><T48/><D48/><N who="2" m="18506" /><F86/><W93/><G118/><T89/><D4/><U96/><E72/><V111/><F42/><W1/><G1/><T110/><D110/><U54/><E54/><V101/><F111/><W81/><G119/><T52/><REACH who="0" step="1"/><D75/><REACH who="0" ten="471,200,230,89" step="2"/><U131/><E131/><V67/><F18/><W117/><G117/><T109/><D109/><U83/><E30/><V56/><F9/><W34/><G34/><T40/><D40/><U70/><E70/><V55/><F61/><W102/><G102/><T59/><D59/><U125/><E125/><V74/><F74/><W63/><G63/><T103/><D103/><U78/><E78/><N who="2" m="30315" /><F101/><W14/><G5/><T11/><D11/><U43/><E43/><V12/><F57/><N who="3" m="32951" /><G8/><T98/><D98/><U62/><E62/><N who="2" m="36127" /><F12/><N who="3" m="4715" /><G87/><T129/><D129/><U21/><E21/><RYUUKYOKU ba="0,1" sc="471,0,200,0,230,0,89,0" hai0="10,15,16,20,23,52,58,60,73,79,82,85,89" hai1="17,22,24,45,46,80,83,90,91,92,95,96,97" hai2="64,67,99,100" hai3="26,27,81,84,88,93,94" /><INIT seed="2,1,1,1,2,18" ten="471,200,230,89" oya="2" hai0="6,71,47,16,32,66,30,75,19,77,67,35,20" hai1="69,97,93,122,112,111,88,132,22,38,41,72,58" hai2="28,78,0,21,49,42,89,128,17,90,80,121,8" hai3="87,29,31,24,100,59,2,23,52,62,3,120,54"/><V15/><F121/><W39/><G120/><T26/><D6/><U25/><E122/><V51/><F128/><W68/><G39/><T135/><D135/><U133/><E69/><V131/><F131/><W114/><G114/><T13/><D75/><U82/><E112/><V92/><F0/><W63/><G100/><T34/><D77/><U55/><E111/><V106/><F106/><W103/><G103/><T53/><D19/><N who="1" m="12511" /><E41/><V98/><F90/><W76/><G31/><T91/><D91/><U125/><E38/><V46/><F51/><W9/><G9/><T115/><D115/><U84/><E72/><V27/><F80/><W12/><G12/><T108/><D108/><U14/><E14/><V126/><REACH who="2" step="1"/><F78/><REACH who="2" ten="471,200,220,89" step="2"/><W40/><G3/><T95/><D95/><U113/><E113/><V48/><F48/><W119/><G2/><T7/><D7/><U99/><E125/><AGARI ba="1,2" hai="8,15,17,21,27,28,42,46,49,89,92,98,125,126" machi="125" ten="40,3900,0" yaku="1,1,52,1,53,0" doraHai="18" doraHaiUra="64" who="2" fromWho="1" sc="471,0,200,-42,220,62,89,0" /><INIT seed="2,2,0,5,5,47" ten="471,158,282,89" oya="2" hai0="8,42,61,6,9,4,48,88,105,110,97,32,72" hai1="36,111,86,94,56,85,58,133,26,7,12,62,53" hai2="98,19,104,27,63,120,117,25,107,115,35,73,76" hai3="84,10,69,74,3,100,121,45,16,30,114,2,82"/><V81/><F117/><W44/><G121/><T79/><D110/><U13/><E111/><V34/><F120/><W78/><G69/><T55/><D32/><U68/><E68/><V37/><F115/><W46/><G114/><T130/><D130/><U126/><E126/><V123/><F123/><W90/><G30/><T119/><D119/><U38/><E133/><V93/><F37/><W22/><G100/><T70/><D72/><U20/><E38/><V52/><F27/><W51/><G3/><T118/><D79/><U83/><E36/><V39/><F39/><W21/><G21/><T92/><D105/><U99/><E7/><N who="0" m="2601" /><D70/><U54/><E86/><V15/><F35/><W43/><G10/><T23/><D118/><U106/><E106/><V57/><F34/><W41/><G41/><T14/><D61/><U65/><E65/><V112/><F112/><W87/><G2/><T128/><D42/><U50/><E85/><V96/><F96/><W135/><G135/><T18/><D128/><U11/><E83/><V60/><F60/><W132/><G74/><T75/><D75/><U125/><E11/><V116/><F116/><W80/><REACH who="3" step="1"/><G132/><REACH who="3" ten="471,158,282,79" step="2"/><T1/><D1/><U67/><E125/><V91/><F25/><AGARI ba="2,1" hai="16,22,25,43,44,45,46,51,78,80,82,84,87,90" machi="25" ten="30,16000,3" yaku="1,1,2,1,7,1,8,1,52,1,54,1,53,2" doraHai="47" doraHaiUra="77" who="3" fromWho="2" sc="471,0,158,0,282,-166,79,176" /><INIT seed="3,0,0,4,3,17" ten="471,158,116,255" oya="3" hai0="60,4,105,47,107,70,88,119,99,102,84,72,121" hai1="53,1,23,65,79,24,41,135,123,120,18,20,113" hai2="48,63,14,109,98,43,39,93,28,108,3,130,9" hai3="89,45,29,66,36,40,22,125,126,133,8,124,59"/><W122/><G122/><T67/><D119/><U104/><E104/><V71/><F3/><W100/><G133/><T83/><D121/><U80/><E1/><V77/><F39/><W76/><G76/><T62/><D72/><U82/><E113/><V51/><F130/><W56/><G100/><T38/><D4/><U12/><E65/><V25/><F77/><W111/><G111/><T49/><D38/><U112/><E112/><V50/><F43/><W30/><G8/><T64/><D105/><U58/><E41/><V128/><F128/><W19/><G89/><T61/><REACH who="0" step="1"/><D67/><REACH who="0" ten="461,158,116,255" step="2"/><U110/><E110/><V90/><F109/><W57/><REACH who="3" step="1"/><G66/><REACH who="3" ten="461,158,116,245" step="2"/><T37/><D37/><U103/><E135/><V6/><F108/><W33/><G33/><T74/><D74/><U91/><E123/><V13/><F71/><W31/><G31/><T134/><D134/><U0/><E120/><V97/><F28/><W5/><G5/><T87/><D87/><U21/><E0/><V10/><F6/><W95/><G95/><T115/><D115/><U75/><E82/><V68/><F68/><W127/><N who="3" m="31744" /><DORA hai="118" /><W42/><G42/><AGARI ba="0,2" hai="42,47,49,60,61,62,64,70,83,84,88,99,102,107" machi="42" ten="30,7700,0" yaku="1,1,7,1,54,1,53,1" doraHai="17,118" doraHaiUra="69,94" who="0" fromWho="3" sc="461,97,158,0,116,0,245,-77" /><INIT seed="4,0,0,4,3,76" ten="558,158,116,168" oya="0" hai0="121,78,106,41,52,27,8,132,93,38,123,126,60" hai1="114,64,120,37,100,105,20,90,28,116,19,125,54" hai2="16,58,67,127,107,108,0,53,79,44,95,30,21" hai3="88,103,2,49,55,22,111,25,47,75,109,35,74"/><T131/><D106/><U3/><E3/><V13/><F107/><W129/><G35/><T130/><D93/><U87/><E120/><V112/><F0/><W73/><G2/><T5/><D27/><U82/><E116/><V14/><F108/><W96/><G129/><N who="0" m="49163" /><D78/><U17/><E37/><V56/><F127/><W61/><G61/><T15/><D126/><U119/><E125/><V42/><F112/><W66/><G66/><T48/><D60/><U117/><E64/><V33/><F33/><W89/><G109/><T59/><D132/><U99/><E114/><V102/><F30/><W32/><G32/><T65/><D65/><U26/><E117/><V115/><F115/><W43/><G55/><T50/><D38/><U70/><E70/><V39/><F67/><W24/><G111/><T40/><D50/><U86/><E119/><V12/><F79/><W133/><G133/><T122/><AGARI ba="0,0" hai="5,8,15,40,41,48,52,59,121,122,123" m="49163" machi="122" ten="40,3900,0" yaku="19,1,54,1" doraHai="76" who="0" fromWho="0" sc="558,39,158,-13,116,-13,168,-13" /><INIT seed="4,1,0,1,5,80" ten="597,145,103,155" oya="0" hai0="127,99,79,27,43,0,45,67,52,57,26,44,125" hai1="18,22,74,5,51,110,46,7,30,10,78,54,117" hai2="56,135,94,116,129,11,77,126,36,112,104,71,124" hai3="4,47,1,62,24,82,109,86,48,91,23,88,32"/><T14/><D0/><U41/><E117/><V31/><F71/><W70/><G109/><T68/><D68/><U66/><E110/><V107/><F36/><W29/><G1/><T111/><D67/><U25/><E66/><V122/><F122/><W3/><G3/><T61/><D111/><U89/><E74/><V12/><F112/><W63/><G4/><T20/><D99/><U121/><E78/><V2/><F2/><W64/><G63/><T134/><D134/><U85/><E121/><V17/><F135/><W87/><G32/><T102/><D102/><U103/><E103/><V96/><F116/><W53/><REACH who="3" step="1"/><G86/><REACH who="3" ten="597,145,103,145" step="2"/><T15/><D125/><U105/><E105/><V92/><F107/><W58/><G58/><T97/><D127/><U118/><E118/><V50/><F104/><W21/><G21/><T108/><D108/><U49/><E10/><V76/><F126/><W90/><AGARI ba="1,1" hai="23,24,29,47,48,53,62,64,70,82,87,88,90,91" machi="90" ten="20,12000,2" yaku="1,1,0,1,7,1,52,1,54,1,53,1" doraHai="80" doraHaiUra="60" who="3" fromWho="3" sc="597,-61,145,-31,103,-31,145,133" /><INIT seed="5,0,0,0,1,40" ten="536,114,72,278" oya="1" hai0="42,58,83,6,67,108,85,9,116,10,20,7,30" hai1="79,111,72,103,98,96,135,47,39,131,74,34,78" hai2="5,122,73,89,35,99,87,80,48,51,16,59,120" hai3="4,63,76,50,109,22,119,95,11,23,118,53,104"/><U91/><E34/><V130/><F35/><W84/><G109/><T132/><D108/><U52/><E111/><V112/><F73/><W0/><G104/><T127/><D116/><N who="3" m="44585" /><G63/><T117/><D117/><U54/><E131/><V65/><F130/><W45/><G95/><T68/><D68/><U124/><E124/><V66/><F5/><W82/><AGARI ba="0,0" hai="0,4,11,22,23,45,50,53,76,82,84" m="44585" machi="82" ten="30,2000,0" yaku="12,1,52,1" doraHai="40" who="3" fromWho="3" sc="536,-5,114,-10,72,-5,278,20" /><INIT seed="6,0,0,3,3,90" ten="531,104,67,298" oya="2" hai0="25,131,0,54,64,16,44,106,89,119,20,92,8" hai1="35,58,80,48,123,110,55,59,43,70,12,49,39" hai2="81,34,28,85,17,105,69,14,30,60,130,45,111" hai3="99,71,50,125,47,21,82,33,53,68,29,84,103"/><V36/><F105/><W3/><G33/><T78/><D106/><U23/><E35/><V128/><F111/><W9/><G125/><T10/><D131/><N who="2" m="50218" /><F34/><W121/><G121/><T2/><D78/><U113/><E110/><V27/><F27/><W26/><G9/><T61/><D119/><U104/><E104/><V115/><F115/><W133/><G133/><T132/><D132/><U31/><E123/><V102/><F102/><W100/><G3/><T15/><D10/><U87/><E70/><V118/><F118/><W11/><G11/><T135/><D135/><U77/><E113/><V122/><F122/><W88/><G103/><T83/><D83/><U97/><E39/><V19/><F69/><W5/><G5/><T41/><D54/><U46/><E97/><V98/><F98/><W37/><G37/><T95/><D2/><U24/><REACH who="1" step="1"/><E12/><REACH who="1" ten="531,94,67,298" step="2"/><V117/><F14/><W18/><G71/><T57/><D0/><U116/><E116/><V107/><F117/><W109/><G68/><T42/><D89/><U65/><E65/><V134/><F134/><W101/><G109/><T22/><D22/><U32/><E32/><V56/><F107/><W6/><G99/><T40/><D44/><AGARI ba="0,1" hai="23,24,31,43,44,46,48,49,55,58,59,77,80,87" machi="44" ten="30,3900,0" yaku="1,1,7,1,8,1,53,0" doraHai="90" doraHaiUra="7" who="1" fromWho="0" sc="531,-39,94,49,67,0,298,0" /><INIT seed="7,0,0,0,5,44" ten="492,143,67,298" oya="3" hai0="135,127,82,9,33,115,37,64,68,39,93,1,67" hai1="99,131,87,129,132,6,80,5,18,79,61,112,73" hai2="84,34,25,28,128,11,72,122,81,113,104,71,38" hai3="116,70,2,103,45,69,51,57,101,40,66,96,22"/><W46/><G116/><T56/><D33/><U85/><E61/><V41/><F104/><W134/><G2/><T126/><D68/><U3/><E3/><V107/><F107/><W32/><G32/><T125/><D135/><U29/><E29/><V58/><F71/><W49/><G134/><T106/><D106/><U36/><E36/><N who="0" m="13897" /><D115/><U63/><E63/><V123/><F113/><W133/><G133/><T42/><D42/><U91/><E132/><V7/><F58/><W4/><G4/><N who="0" m="1167" /><D56/><U109/><E18/><V124/><F84/><N who="1" m="32329" /><E6/><V94/><F94/><W95/><G101/><T53/><D53/><U117/><E5/><V13/><F124/><W120/><G120/><T111/><D111/><U90/><E112/><V118/><F118/><W50/><G22/><T47/><D47/><U43/><E43/><V54/><F54/><W97/><G97/><T62/><D62/><U0/><E0/><V8/><F8/><W114/><G114/><T52/><D52/><U16/><E16/><V24/><F122/><W55/><G66/><N who="0" m="25131" /><D93/><N who="1" m="56759" /><E117/><V83/><F123/><W121/><G121/><T26/><D82/><N who="1" m="45423" /><E109/><V105/><F28/><W108/><G108/><T74/><D74/><U75/><E91/><V78/><F34/><W21/><G21/><T86/><D86/><U88/><E88/><V12/><F41/><AGARI ba="0,0" hai="40,41,45,46,49,50,51,55,57,69,70,95,96,103" machi="41" ten="30,12000,1" yaku="7,1,9,1,52,3" doraHai="44" who="3" fromWho="2" sc="492,0,143,0,67,-120,298,120" owari="492,59.2,143,-25.7,-53,-55.3,418,21.8" /></mjloggm>