<mjloggm ver="2.3"><GO type="169" lobby="0"/><UN n0="%E6%99%82%E8%A8%88%E5%9D%82%E9%9B%B6" n1="%74%65%63%68%74%6F" n2="%E3%83%9D%E3%83%B3%E3%83%9D%E3%82%B3%E5%95%86%E4%BA%8B" n3="%6B%75%72%69%73%75" dan="16,17,16,16" rate="2159.42,2139.38,2196.59,2156.43" sx="M,M,M,F"/><TAIKYOKU oya="0"/><INIT seed="0,0,0,3,0,48" ten="250,250,250,250" oya="0" hai0="105,129,2,106,103,26,32,49,8,37,20,91,19" hai1="33,126,67,135,134,92,110,99,43,70,72,1,9" hai2="94,55,104,117,83,61,65,119,116,12,58,27,97" hai3="17,109,16,123,125,4,122,54,10,131,13,113,128"/><T39/><D129/><N who="3" m="49737" /><G109/><T111/><D111/><U36/><E33/><V98/><F83/><W34/><G113/><T21/><D32/><U130/><E70/><V108/><F108/><W40/><G40/><T86/><D103/><U3/><E67/><V11/><F27/><W30/><G54/><T29/><D39/><U112/><E1/><V69/><F104/><W7/><G125/><T42/><D37/><U89/><E72/><V68/><F98/><W14/><G30/><T124/><D124/><U50/><E50/><V76/><F76/><W82/><G82/><T56/><D8/><U101/><E9/><V18/><REACH who="2" step="1"/><F65/><REACH who="2" ten="250,250,240,250" step="2"/><W79/><G79/><T41/><D106/><U15/><E99/><V45/><F45/><W81/><G81/><N who="0" m="49615" /><D105/><U114/><E110/><V115/><F115/><W84/><G84/><T23/><D2/><U74/><E3/><V118/><N who="2" m="29696" /><DORA hai="95" /><V46/><F46/><W6/><G34/><T80/><D80/><U38/><E130/><V31/><F31/><W47/><G47/><T87/><D87/><U44/><E114/><V120/><F120/><W93/><G93/><T107/><D107/><U66/><E112/><V52/><F52/><W0/><G0/><T127/><D127/><U53/><E66/><V90/><AGARI ba="0,1" hai="11,12,18,55,58,61,68,69,90,94,97" m="29696" machi="90" ten="60,16000,3" yaku="1,1,0,1,12,1,52,2,53,3" doraHai="48,95" doraHaiUra="85,64" who="2" fromWho="2" sc="250,-80,250,-40,240,170,250,-40" /><INIT seed="1,0,0,0,3,25" ten="170,210,410,210" oya="1" hai0="40,90,74,32,82,100,54,29,135,46,35,97,34" hai1="105,38,116,83,86,108,17,49,72,2,121,95,131" hai2="134,133,87,106,132,47,14,16,20,117,114,13,57" hai3="69,123,56,48,71,120,60,11,118,126,37,33,55"/><U24/><E38/><V94/><F106/><W19/><G33/><T39/><D135/><U70/><E121/><N who="3" m="46666" /><G19/><T53/><D90/><U119/><E131/><V51/><F117/><W76/><G11/><T61/><D61/><U102/><E2/><V31/><F114/><W124/><G76/><N who="0" m="44311" /><D54/><U8/><E70/><N who="3" m="26634" /><G37/><T26/><D53/><U43/><E17/><V41/><F57/><N who="3" m="32999" /><G118/><T28/><D28/><U59/><E8/><V12/><F31/><W62/><G56/><T64/><D64/><U1/><E59/><V9/><F9/><W93/><G93/><T110/><D110/><U129/><E95/><V103/><F87/><W92/><G92/><T67/><D67/><U50/><E86/><V21/><F21/><W88/><G88/><T44/><D44/><U7/><E108/><V58/><F58/><W107/><G107/><AGARI ba="0,0" hai="26,29,32,34,35,39,40,46,97,100,107" m="44311" machi="107" ten="30,3900,0" yaku="33,2,52,1" doraHai="25" who="0" fromWho="3" sc="170,39,210,0,410,0,210,-39" /><INIT seed="2,0,0,0,4,97" ten="209,210,410,171" oya="2" hai0="33,6,27,82,87,18,37,61,35,14,129,7,23" hai1="48,65,66,53,125,68,41,15,50,32,10,40,45" hai2="60,134,22,12,132,16,124,106,9,100,59,52,8" hai3="71,122,24,57,120,84,75,3,11,44,92,133,127"/><V78/><F124/><W74/><G71/><T2/><D37/><U135/><E125/><V56/><F78/><W51/><G127/><T38/><D38/><U91/><E135/><N who="2" m="51755" /><F59/><W42/><G133/><T49/><D129/><U21/><E32/><V108/><F108/><W19/><G57/><T73/><D73/><U130/><E130/><V117/><F117/><W4/><G19/><T30/><D35/><U62/><E66/><V55/><F55/><W31/><G84/><T101/><D49/><U63/><E62/><V118/><F118/><W111/><G92/><T123/><D123/><U79/><E79/><V121/><F121/><W1/><G111/><T86/><D61/><U93/><E21/><V88/><F88/><W72/><REACH who="3" step="1"/><G1/><REACH who="3" ten="209,210,410,161" step="2"/><T5/><D2/><U113/><E93/><V29/><F29/><W119/><G119/><T43/><D87/><U112/><E68/><V131/><F131/><W81/><G81/><T64/><D86/><U28/><E28/><V70/><F70/><W46/><G46/><T54/><D82/><U90/><E45/><V99/><AGARI ba="0,1" hai="8,9,12,16,22,52,56,60,99,100,106" m="51755" machi="99" ten="30,11700,0" yaku="20,1,52,1,54,2" doraHai="97" who="2" fromWho="2" sc="209,-39,210,-39,410,127,161,-39" /><INIT seed="2,1,0,3,0,61" ten="170,171,537,122" oya="2" hai0="2,16,26,97,83,28,39,118,95,32,47,81,48" hai1="128,96,10,106,38,73,79,129,22,92,119,25,93" hai2="125,4,40,60,113,42,115,54,8,77,132,109,123" hai3="50,45,21,66,36,100,72,19,44,67,63,107,46"/><V108/><F77/><W1/><G1/><T94/><D39/><U88/><E38/><V55/><F8/><W24/><G72/><T43/><D2/><U41/><E119/><V18/><F18/><W51/><G36/><T57/><D118/><U76/><E41/><V69/><F4/><W121/><G121/><T6/><D6/><U133/><E106/><V23/><F23/><W64/><REACH who="3" step="1"/><G63/><REACH who="3" ten="170,171,537,112" step="2"/><T78/><D48/><U35/><E73/><V7/><F123/><W130/><G130/><T103/><D32/><U65/><E35/><V80/><F60/><W33/><G33/><T30/><D78/><U52/><E129/><V127/><F132/><W31/><G31/><T68/><D30/><U0/><E128/><V101/><F115/><W134/><G134/><T29/><D29/><U90/><E133/><V87/><F113/><W15/><G15/><T116/><D28/><U71/><E0/><V117/><F117/><W122/><G122/><T14/><D14/><U98/><E79/><V12/><F12/><W120/><G120/><T20/><D116/><U9/><E76/><V82/><F125/><W86/><G86/><T75/><D75/><U37/><E37/><V53/><F87/><W74/><G74/><T111/><D26/><U62/><E25/><V11/><F127/><W3/><G3/><T126/><D126/><U59/><E22/><V13/><F13/><W112/><G112/><T85/><D20/><U99/><E98/><AGARI ba="1,1" hai="19,21,24,44,45,46,50,51,64,66,67,98,100,107" machi="98" ten="40,8000,1" yaku="1,1,52,3,53,0" doraHai="61" doraHaiUra="84" who="3" fromWho="1" sc="170,0,171,-83,537,0,112,93" /><INIT seed="3,0,0,3,1,82" ten="170,88,537,205" oya="3" hai0="9,14,80,132,84,79,123,94,95,107,104,85,60" hai1="18,102,134,57,48,120,5,90,63,6,67,42,127" hai2="47,92,51,109,88,19,110,2,50,41,15,100,33" hai3="72,37,35,99,44,113,4,112,106,8,7,101,32"/><W53/><G72/><T40/><D123/><U105/><E120/><V65/><F2/><W34/><G4/><T68/><D132/><U12/><E134/><V89/><F33/><W54/><G54/><T59/><D68/><U74/><E74/><V129/><F65/><W22/><G22/><T78/><D40/><U58/><E127/><V26/><F26/><W119/><G119/><T21/><D21/><U114/><E114/><V29/><F29/><W11/><G11/><T76/><D107/><U135/><E135/><V116/><F129/><W118/><G118/><T25/><D25/><U126/><E126/><V86/><F116/><W103/><G103/><T16/><D104/><U43/><E102/><V130/><F130/><W121/><G121/><T111/><D111/><N who="2" m="42506" /><F89/><W83/><G83/><N who="0" m="47231" /><D76/><U38/><E38/><N who="2" m="21943" /><F100/><W52/><G37/><T93/><D93/><U56/><E105/><V23/><AGARI ba="0,0" hai="15,19,23,50,51,86,88,92" m="21943,42506" machi="23" ten="30,4000,0" yaku="14,1,52,1,54,1" doraHai="82" who="2" fromWho="2" sc="170,-10,88,-10,537,40,205,-20" /><INIT seed="4,0,0,5,0,27" ten="160,78,577,185" oya="0" hai0="43,109,35,92,46,99,37,33,96,129,76,0,112" hai1="83,119,58,60,24,31,3,51,16,52,82,88,111" hai2="103,77,48,81,23,91,26,41,14,89,21,54,101" hai3="126,86,131,5,17,15,127,22,100,133,29,87,6"/><T90/><D0/><U113/><E119/><V7/><F23/><W106/><G131/><T47/><D112/><U25/><E111/><V134/><F134/><W124/><G133/><T62/><D129/><U9/><E113/><V117/><F117/><W118/><G118/><T125/><D125/><U122/><E122/><V11/><F101/><W19/><G19/><T85/><D109/><U55/><E25/><V50/><F103/><W32/><G32/><T74/><D74/><U53/><E88/><V98/><F98/><N who="3" m="61719" /><G29/><T65/><D96/><U57/><E55/><V45/><F50/><W56/><G56/><T130/><D130/><U66/><E53/><V75/><F54/><W95/><G95/><T115/><D115/><U61/><E51/><V2/><F2/><W73/><G73/><T49/><D99/><U18/><E3/><V79/><F79/><W20/><G20/><T8/><D76/><U97/><E97/><V39/><F39/><W69/><G69/><T42/><REACH who="0" step="1"/><D8/><REACH who="0" ten="150,78,577,185" step="2"/><U102/><E102/><V44/><F44/><W63/><G126/><T132/><D132/><U135/><E135/><V104/><F104/><W40/><G124/><T114/><D114/><U93/><E9/><V107/><F107/><W116/><G127/><T38/><D38/><U94/><E94/><V78/><F77/><W84/><G116/><T72/><D72/><U120/><E93/><V67/><F75/><W123/><G123/><T110/><D110/><U13/><E120/><V12/><F78/><W10/><G10/><T4/><D4/><U36/><E36/><V105/><F7/><RYUUKYOKU ba="0,1" sc="150,30,78,-10,577,-10,185,-10" hai0="33,35,37,42,43,46,47,49,62,65,85,90,92" /><INIT seed="4,1,1,5,1,126" ten="180,68,567,175" oya="0" hai0="130,74,49,6,73,60,32,39,47,96,115,125,67" hai1="102,98,100,35,51,71,133,119,25,103,108,56,12" hai2="70,77,2,128,83,117,52,75,26,114,62,58,101" hai3="121,16,104,23,14,111,94,41,76,123,36,33,106"/><T122/><D122/><N who="3" m="46601" /><G111/><T7/><D32/><U92/><E119/><V127/><F2/><W1/><G1/><T90/><D125/><U37/><E108/><V79/><F127/><W89/><G76/><T120/><D120/><U3/><E3/><V17/><F70/><W91/><G33/><T78/><D39/><U66/><E133/><V43/><F101/><W132/><G132/><T20/><D115/><U55/><E37/><V112/><F43/><W84/><G91/><T11/><D20/><U34/><E12/><V28/><F17/><W22/><G22/><T93/><D78/><U109/><E109/><V72/><F117/><W5/><G5/><T38/><D38/><U116/><E116/><V50/><F62/><W19/><G19/><T63/><D63/><U95/><E35/><V46/><F46/><AGARI ba="1,1" hai="14,16,23,36,41,46,84,89,94,104,106" m="46601" machi="46" ten="30,2000,0" yaku="13,1,54,1" doraHai="126" who="3" fromWho="2" sc="180,0,68,0,567,-23,175,33" /><INIT seed="5,0,0,5,3,102" ten="180,68,544,208" oya="1" hai0="39,51,121,18,44,131,77,71,113,46,68,126,43" hai1="74,53,70,103,38,86,110,32,127,16,55,72,95" hai2="118,34,100,59,114,8,60,99,122,24,25,1,96" hai3="92,58,33,111,4,12,17,129,54,82,84,45,117"/><U130/><E32/><V42/><F118/><W123/><G111/><T87/><D77/><U109/><E38/><V19/><F122/><W73/><G123/><T20/><D121/><U132/><E70/><V31/><F42/><W108/><G33/><T2/><D2/><U14/><E130/><V125/><F125/><W79/><G108/><N who="1" m="41578" /><E127/><V133/><F133/><W3/><G117/><T52/><D126/><U21/><E132/><V75/><F75/><N who="1" m="28713" /><E86/><V90/><F1/><W10/><G129/><T30/><D131/><U83/><E83/><V65/><F96/><AGARI ba="0,0" hai="14,16,21,53,55,95,96,103" m="28713,41578" machi="96" ten="30,2900,0" yaku="10,1,54,1" doraHai="102" who="1" fromWho="2" sc="180,0,68,29,544,-29,208,0" /><INIT seed="5,1,0,1,4,95" ten="180,97,515,208" oya="1" hai0="33,124,93,129,76,122,6,37,104,12,29,118,56" hai1="8,69,35,38,55,15,87,74,24,13,101,57,45" hai2="59,103,10,102,58,3,54,7,80,65,83,77,114" hai3="85,113,88,16,25,78,127,96,43,67,109,28,90"/><U132/><E74/><V14/><F114/><W123/><G109/><T110/><D56/><U50/><E132/><V17/><F65/><W105/><G123/><T91/><D37/><U111/><E111/><V70/><F70/><W82/><G127/><T62/><D62/><U5/><E69/><V133/><F133/><W94/><G105/><T128/><D110/><U72/><E72/><V81/><F77/><W18/><G67/><T2/><D2/><U125/><E125/><V51/><REACH who="2" step="1"/><F59/><REACH who="2" ten="180,97,505,208" step="2"/><W53/><G78/><T100/><D76/><U107/><E57/><V64/><F64/><W79/><G79/><T39/><D124/><U135/><E135/><V134/><F134/><W98/><G113/><T120/><D120/><U42/><E87/><V126/><F126/><W32/><G85/><T11/><D122/><U97/><E15/><V20/><AGARI ba="1,1" hai="3,7,10,14,17,20,51,54,58,80,81,83,102,103" machi="20" ten="30,2000,0" yaku="1,1,0,1,53,0" doraHai="95" doraHaiUra="63" who="2" fromWho="2" sc="180,-6,97,-11,505,33,208,-6" /><INIT seed="6,0,0,2,1,48" ten="174,86,538,202" oya="2" hai0="126,110,55,102,6,80,0,73,50,90,117,87,7" hai1="35,101,3,14,1,132,114,120,91,93,61,76,4" hai2="20,116,124,77,8,41,11,24,17,103,98,106,13" hai3="108,71,96,30,112,31,119,74,122,125,83,29,37"/><V79/><F116/><W27/><G119/><T23/><D110/><U32/><E76/><V51/><F124/><W66/><G122/><T53/><D117/><U111/><E101/><V133/><F133/><W42/><G108/><T115/><D126/><U47/><E111/><V69/><F69/><W85/><G74/><T84/><D73/><U82/><E82/><V94/><F106/><W40/><G37/><T104/><D0/><U113/><E47/><N who="2" m="26095" /><F11/><W15/><G112/><N who="1" m="43114" /><E61/><V46/><F46/><W121/><G121/><T130/><D115/><U107/><E107/><V39/><F39/><W25/><G83/><T88/><D102/><U129/><E91/><V52/><F52/><N who="0" m="20042" /><D104/><U127/><E93/><V22/><F22/><W118/><G125/><T33/><D33/><N who="1" m="12875" /><E127/><V34/><F34/><W65/><G118/><T26/><D50/><U81/><E81/><V63/><F63/><W68/><G68/><T134/><D134/><U18/><E120/><V16/><AGARI ba="0,0" hai="8,13,16,17,20,24,77,79,94,98,103" m="26095" machi="16" ten="30,3000,0" yaku="8,1,54,1" doraHai="48" who="2" fromWho="2" sc="174,-10,86,-10,538,30,202,-10" /><INIT seed="6,1,0,5,4,47" ten="164,76,568,192" oya="2" hai0="43,57,112,1,113,52,86,53,67,82,20,14,4" hai1="107,46,96,17,87,97,27,85,127,93,122,110,49" hai2="120,133,54,48,31,51,69,34,5,21,101,119,74" hai3="62,135,84,30,89,59,9,13,29,24,16,116,88"/><V105/><F34/><W2/><G116/><T131/><D1/><U121/><E110/><V25/><F69/><W50/><G2/><T66/><D43/><U77/><E127/><V45/><F74/><W117/><G117/><T36/><D36/><U103/><E27/><V70/><F70/><W126/><G135/><T94/><D131/><U98/><E17/><V61/><F120/><W26/><G126/><T128/><D128/><U7/><E7/><V80/><F133/><W55/><G89/><N who="0" m="53559" /><D82/><U12/><E12/><V90/><F5/><W109/><G109/><T130/><D130/><U75/><E75/><V37/><F37/><W63/><G26/><T129/><D53/><U10/><E10/><V65/><F105/><W92/><G29/><T22/><D129/><U32/><E32/><AGARI ba="1,0" hai="9,13,16,24,30,32,50,55,59,62,63,84,88,92" machi="32" ten="30,7700,0" yaku="7,1,52,1,54,2" doraHai="47" who="3" fromWho="1" sc="164,0,76,-80,568,0,192,80" owari="164,-23.6,-4,-50.4,568,66.8,272,7.2" /></mjloggm>