<mjloggm ver="2.3"><GO type="169" lobby="0"/><UN n0="%53%69%6C%65%6E%54" n1="%62%61%6B%75%72%61%30%38" n2="%E3%81%97%E3%82%83%E3%82%93%E3%81%8A%E3%81%98" n3="%E3%82%A4%E3%82%A7%E3%83%83%E3%82%BF%E3%82%A4%E3%82%AC%E3%83%BC" dan="16,17,17,16" rate="2161.58,2182.47,2172.73,2126.96" sx="F,M,F,M"/><TAIKYOKU oya="0"/><INIT seed="0,0,0,4,0,118" ten="250,250,250,250" oya="0" hai0="10,106,116,119,134,67,50,55,99,130,128,29,60" hai1="48,21,75,85,122,16,110,64,8,7,4,81,54" hai2="38,43,108,34,11,129,51,112,0,120,80,91,30" hai3="24,9,82,105,45,58,41,18,44,33,66,17,35"/><T87/><D29/><U78/><E110/><V90/><F112/><W52/><G105/><T46/><D87/><U133/><E133/><V121/><F38/><W15/><G66/><T95/><D106/><U32/><E32/><V115/><F115/><W42/><G24/><T89/><D10/><U39/><E39/><V103/><F103/><W126/><G126/><T14/><D14/><U74/><E122/><V71/><F71/><W37/><G18/><T73/><D73/><U109/><E64/><V22/><F34/><W1/><G1/><T19/><D19/><U62/><E62/><V40/><F108/><W104/><G104/><T36/><D36/><U12/><E109/><V117/><F117/><W88/><G42/><T101/><D101/><U59/><REACH who="1" step="1"/><E4/><REACH who="1" ten="250,240,250,250" step="2"/><V56/><F120/><W68/><G68/><T3/><D134/><U69/><E69/><V100/><F121/><W72/><G45/><T25/><D119/><U98/><E98/><V102/><F51/><W65/><G65/><T63/><D116/><U5/><E5/><V57/><F57/><W124/><G124/><T31/><D67/><U83/><E83/><V94/><F80/><W84/><REACH who="3" step="1"/><G72/><REACH who="3" ten="250,240,250,240" step="2"/><T27/><D46/><U6/><E6/><V114/><F114/><W70/><G70/><T28/><D128/><U13/><AGARI ba="0,2" hai="7,8,12,13,16,21,48,54,59,74,75,78,81,85" machi="13" ten="20,5200,0" yaku="1,1,0,1,7,1,54,1,53,0" doraHai="118" doraHaiUra="125" who="1" fromWho="1" sc="250,-26,240,72,250,-13,240,-13" /><INIT seed="1,0,0,4,5,125" ten="224,312,237,227" oya="1" hai0="38,2,61,19,73,69,42,57,83,91,86,66,68" hai1="96,80,16,107,58,47,129,127,105,119,7,76,99" hai2="6,118,113,52,130,3,56,104,106,65,10,92,95" hai3="63,39,116,114,62,21,124,9,70,18,49,87,34"/><U103/><E119/><V81/><F118/><W71/><G116/><T90/><D2/><U88/><E127/><V12/><F65/><W74/><G74/><T31/><D31/><U1/><E129/><V22/><F113/><W94/><G124/><T33/><D33/><U64/><E47/><V8/><F22/><W117/><G117/><T23/><D73/><U128/><E128/><V43/><F43/><W44/><G39/><T24/><D42/><U72/><E7/><V59/><F59/><W54/><G114/><T120/><D38/><U40/><E1/><V27/><F27/><W78/><G34/><T102/><D120/><U93/><E40/><V51/><F81/><W98/><G9/><T36/><D36/><U100/><E16/><V122/><F122/><W84/><G71/><T131/><D131/><U134/><E134/><V97/><F92/><W28/><G28/><T133/><D133/><U111/><E58/><V46/><F56/><W13/><G70/><T121/><D121/><U29/><E64/><V77/><F77/><W109/><G109/><T17/><D17/><U110/><E29/><V132/><F132/><W26/><G26/><T48/><D69/><U126/><E126/><V41/><F41/><W101/><G101/><T4/><D68/><U5/><E5/><V85/><F130/><W82/><G87/><AGARI ba="0,0" hai="72,76,80,87,88,93,96,99,100,103,105,107,110,111" machi="87" ten="40,18000,2" yaku="9,1,24,2,34,3,54,1" doraHai="125" who="1" fromWho="3" sc="224,0,312,180,237,0,227,-180" /><INIT seed="1,1,0,1,0,48" ten="224,492,237,47" oya="1" hai0="19,67,9,33,107,16,83,125,103,17,117,135,65" hai1="46,80,111,63,38,52,69,55,25,90,98,28,43" hai2="92,42,13,39,44,20,1,31,132,5,70,86,89" hai3="0,68,22,2,93,62,40,18,116,34,87,99,127"/><U73/><E111/><V120/><F120/><W71/><G116/><T41/><D117/><U4/><E4/><V94/><F70/><W114/><G114/><T37/><D125/><U134/><E134/><V124/><F124/><W66/><G127/><T14/><D135/><U133/><E133/><V131/><F131/><W3/><G34/><T112/><D112/><U23/><E73/><V78/><F78/><W56/><G40/><T32/><D83/><U101/><E90/><V26/><F1/><W130/><G130/><T11/><D103/><U58/><E80/><V59/><F132/><W45/><G87/><T91/><D107/><U79/><E79/><V128/><F128/><W57/><G45/><T29/><D91/><U30/><E69/><V60/><F13/><W106/><G106/><T72/><D72/><U53/><E28/><V21/><F5/><W113/><G113/><T81/><D81/><U27/><E27/><V8/><F8/><W96/><G99/><T119/><D119/><U100/><E100/><V54/><REACH who="2" step="1"/><F94/><AGARI ba="1,0" hai="23,25,30,38,43,46,52,53,55,58,63,94,98,101" machi="94" ten="30,12000,1" yaku="7,1,52,3,54,1" doraHai="48" who="1" fromWho="2" sc="224,0,492,123,237,-123,47,0" /><INIT seed="1,2,0,0,1,15" ten="224,615,114,47" oya="1" hai0="133,74,95,109,16,42,0,14,66,27,93,25,23" hai1="90,91,75,116,31,72,110,108,55,19,73,78,83" hai2="2,69,94,54,99,62,56,11,98,92,96,5,12" hai3="64,125,104,123,58,44,97,132,126,9,102,60,120"/><U89/><E31/><V13/><F69/><W68/><G132/><T50/><D74/><N who="1" m="43479" /><E55/><V115/><F115/><W112/><G112/><T117/><D109/><N who="1" m="42091" /><E19/><V6/><REACH who="2" step="1"/><F2/><REACH who="2" ten="224,615,104,47" step="2"/><W37/><G9/><AGARI ba="2,1" hai="5,6,9,11,12,13,54,56,62,92,94,96,98,99" machi="9" ten="40,8000,1" yaku="1,1,2,1,9,1,8,1,53,0" doraHai="15" doraHaiUra="114" who="2" fromWho="3" sc="224,0,615,0,104,96,47,-86" owari="224,2.4,615,71.5,200,-20.0,-39,-53.9" /></mjloggm>