<mjloggm ver="2.3"><GO type="225" lobby="0"/><UN n0="%E7%B4%94%E6%BD%94%E3%83%94%E3%83%A9%E3%83%8B%E3%82%A2" n1="%E3%81%AF%E3%82%88%E3%81%8A%E3%81%98%E3%81%95%E3%82%93" n2="%6C%61%6D%62" n3="%E3%81%82%E3%81%84%E3%81%82%E3%81%8A%E3%81%84" dan="16,16,16,18" rate="2199.08,2213.89,2241.06,2185.14" sx="M,M,M,M"/><TAIKYOKU oya="0"/><INIT seed="0,0,0,4,0,102" ten="250,250,250,250" oya="0" hai0="39,52,119,27,93,14,90,100,124,75,78,56,74" hai1="80,34,65,103,73,41,128,68,30,71,42,99,11" hai2="122,125,21,33,60,134,48,1,36,51,120,57,98" hai3="70,113,116,69,37,6,13,35,24,20,84,32,127"/><T9/><D39/><U38/><E42/><V81/><F33/><W126/><G37/><T104/><D119/><U96/><E96/><V53/><F1/><W28/><G113/><T40/><D40/><U25/><E128/><V7/><F36/><W47/><G47/><T44/><D44/><N who="1" m="23607" /><E11/><V50/><F7/><W106/><G84/><T108/><D78/><N who="1" m="44111" /><E65/><V115/><F115/><W107/><G116/><T121/><D121/><U8/><E8/><V118/><F118/><W29/><G6/><T49/><D27/><U83/><E83/><V45/><F45/><W85/><G85/><T117/><D117/><U67/><E67/><V43/><F43/><W3/><G13/><T132/><D132/><U86/><E86/><V114/><F134/><W123/><G3/><T130/><D130/><U131/><E131/><V55/><F114/><W63/><G63/><T23/><D23/><U62/><E62/><V61/><F81/><W15/><G15/><T112/><D112/><U101/><E101/><V95/><F21/><W72/><G72/><T46/><D74/><U133/><E133/><V89/><F125/><N who="3" m="47627" /><G123/><T82/><D124/><U64/><E64/><V12/><F12/><W26/><G20/><T2/><D2/><U111/><E111/><V109/><F109/><W92/><G92/><T88/><D108/><U17/><E17/><V0/><F0/><W18/><G18/><N who="0" m="8527" /><D93/><U19/><E19/><V94/><F94/><W129/><G129/><T76/><D46/><U4/><E4/><V10/><F10/><W58/><G58/><AGARI ba="0,0" hai="48,50,51,53,55,57,58,60,61,89,95,98,120,122" machi="58" ten="40,1300,0" yaku="9,1" doraHai="102" who="2" fromWho="3" sc="250,0,250,0,250,13,250,-13" /><INIT seed="1,0,0,5,4,110" ten="250,250,263,237" oya="1" hai0="69,113,8,85,64,51,108,117,87,55,78,53,120" hai1="111,125,90,127,99,82,121,16,26,73,112,123,74" hai2="19,52,92,106,114,56,88,128,68,14,17,65,118" hai3="132,32,28,124,70,93,135,133,0,42,60,107,91"/><U23/><E111/><V86/><F118/><W7/><G107/><T97/><D108/><U116/><E116/><V89/><F128/><W50/><G124/><N who="1" m="47690" /><E112/><V9/><F106/><W79/><G79/><T45/><D113/><U102/><E90/><V72/><F114/><W129/><G129/><T27/><D120/><N who="1" m="46155" /><E82/><V59/><F72/><W40/><G32/><T46/><D78/><U57/><E57/><V29/><F29/><W47/><G28/><T33/><D33/><U126/><N who="1" m="47698" /><U105/><AGARI ba="0,0" hai="16,23,26,73,74,99,102,105" m="46155,47698" machi="105" ten="50,9600,0" yaku="4,1,18,1,54,1" doraHai="110" who="1" fromWho="1" sc="250,-32,250,96,263,-32,237,-32" /><INIT seed="1,1,0,3,2,27" ten="218,346,231,205" oya="1" hai0="20,3,60,45,74,108,37,21,7,69,19,96,12" hai1="40,63,94,99,84,30,51,48,100,129,36,46,64" hai2="9,101,57,5,6,73,105,109,131,33,65,115,86" hai3="67,66,111,24,89,47,83,98,39,120,62,42,106"/><U130/><E84/><V88/><F73/><W81/><G120/><T107/><D74/><U72/><E72/><V52/><F33/><W123/><G123/><T2/><D108/><U103/><E100/><V95/><F109/><W117/><G111/><T58/><D69/><U41/><E30/><V53/><F131/><N who="1" m="50185" /><E40/><V119/><F119/><W26/><G117/><T50/><D37/><U14/><E14/><N who="2" m="5423" /><F105/><W16/><G67/><T4/><D107/><U80/><E80/><N who="2" m="49223" /><F6/><W90/><G106/><T56/><D96/><U75/><E75/><V114/><F114/><W29/><G98/><T0/><D7/><U112/><E112/><V31/><F31/><W121/><G121/><T61/><D4/><U118/><E118/><V10/><F115/><W110/><G110/><T71/><D71/><AGARI ba="1,0" hai="36,41,46,48,51,63,64,71,94,99,103" m="50185" machi="71" ten="30,1500,0" yaku="19,1" doraHai="27" who="1" fromWho="0" sc="218,-18,346,18,231,0,205,0" /><INIT seed="1,2,0,3,2,36" ten="200,364,231,205" oya="1" hai0="98,119,105,107,88,129,22,103,79,131,127,8,93" hai1="117,26,21,132,62,48,67,66,18,73,101,57,116" hai2="121,32,64,14,72,112,71,128,20,81,45,85,13" hai3="130,53,42,28,60,15,87,38,84,108,94,80,56"/><U52/><E73/><V91/><F32/><W89/><G108/><T86/><D22/><U3/><E3/><V17/><F121/><W99/><G130/><N who="0" m="49675" /><D8/><U83/><E132/><V29/><F128/><W54/><G28/><T0/><D0/><U7/><E7/><V124/><F124/><W34/><G34/><T5/><D5/><U133/><E133/><V35/><F112/><W123/><G123/><T126/><D119/><U104/><E67/><V2/><F2/><W92/><G15/><T27/><D27/><U68/><REACH who="1" step="1"/><E83/><REACH who="1" ten="200,354,231,205" step="2"/><V114/><F72/><W78/><G80/><N who="0" m="47391" /><D105/><U6/><E6/><V75/><F75/><W9/><G92/><T63/><D63/><U95/><E95/><V134/><F134/><W111/><G94/><T23/><D23/><U97/><AGARI ba="2,1" hai="18,21,26,48,52,57,62,66,68,97,101,104,116,117" machi="97" ten="30,6000,0" yaku="1,1,0,1,54,1,53,0" doraHai="36" doraHaiUra="43" who="1" fromWho="1" sc="200,-22,354,76,231,-22,205,-22" /><INIT seed="1,3,0,1,3,4" ten="178,430,209,183" oya="1" hai0="38,106,54,31,74,62,40,20,78,61,1,15,75" hai1="9,131,27,84,121,123,28,100,133,132,68,97,23" hai2="124,69,81,66,42,70,6,92,90,63,11,45,101" hai3="64,65,107,102,49,10,71,105,37,53,77,67,58"/><U50/><E68/><V29/><F124/><W79/><G37/><T19/><D106/><U25/><E131/><V57/><F101/><W16/><G71/><T22/><D1/><U83/><E50/><V89/><F29/><W98/><REACH who="3" step="1"/><G105/><REACH who="3" ten="178,430,209,173" step="2"/><T87/><D38/><U21/><E123/><V5/><F69/><W72/><G72/><T120/><D74/><U39/><E39/><V24/><F70/><W76/><G76/><T43/><D75/><U14/><E121/><V110/><F110/><W30/><G30/><T115/><D120/><U51/><E28/><V114/><F114/><W104/><G104/><T47/><D115/><U135/><E135/><V52/><F92/><W85/><G85/><T86/><D78/><U55/><E84/><V17/><F81/><W41/><G41/><N who="0" m="15947" /><D86/><U118/><E83/><V48/><F42/><W12/><AGARI ba="3,1" hai="10,12,16,49,53,58,64,65,67,77,79,98,102,107" machi="12" ten="30,7900,0" yaku="1,1,0,1,52,1,54,1,53,0" doraHai="4" doraHaiUra="36" who="3" fromWho="3" sc="178,-23,430,-42,209,-23,173,98" /><INIT seed="2,0,0,4,5,97" ten="155,388,186,271" oya="2" hai0="38,105,82,135,110,88,62,52,76,14,32,35,123" hai1="55,113,24,27,91,94,3,9,45,90,109,128,131" hai2="132,16,125,34,21,99,19,75,120,5,64,33,134" hai3="71,79,18,59,42,130,0,37,22,49,100,23,83"/><V111/><F120/><W118/><G118/><T104/><D123/><U133/><E113/><V122/><F122/><W13/><G0/><T26/><D110/><U31/><E109/><V20/><F75/><W43/><G71/><T73/><D38/><U51/><E133/><N who="2" m="51307" /><F111/><W54/><G130/><N who="1" m="49706" /><E94/><V89/><F64/><W85/><G37/><T84/><D135/><U48/><E48/><V108/><F108/><W4/><G4/><T36/><D36/><U72/><E72/><V114/><F114/><W50/><G100/><T8/><D104/><U57/><E57/><V101/><F89/><N who="1" m="33801" /><E31/><V39/><F5/><AGARI ba="0,0" hai="3,5,9,24,27,45,51,55" m="33801,49706" machi="5" ten="30,1000,0" yaku="19,1" doraHai="97" who="1" fromWho="2" sc="155,0,388,10,186,-10,271,0" /><INIT seed="3,0,0,1,0,118" ten="155,398,176,271" oya="3" hai0="81,90,17,23,27,119,49,111,99,58,131,32,74" hai1="2,14,38,41,105,4,1,126,79,12,67,97,115" hai2="11,28,66,43,8,124,0,100,50,55,104,24,85" hai3="5,96,31,10,134,78,75,61,25,51,7,29,35"/><W113/><G113/><T76/><D119/><U70/><E115/><V127/><F43/><W52/><G134/><T34/><D111/><U62/><E126/><N who="2" m="48171" /><F0/><W33/><G61/><T133/><D131/><U54/><E79/><V89/><F66/><W63/><G63/><T92/><REACH who="0" step="1"/><D133/><REACH who="0" ten="145,398,176,271" step="2"/><U94/><E70/><V125/><N who="2" m="48179" /><V106/><DORA hai="123" /><F100/><W122/><G122/><T73/><D73/><U135/><E135/><V72/><F72/><W84/><G75/><T116/><D116/><U36/><E67/><V3/><F3/><W77/><G35/><T46/><D46/><U83/><E1/><V114/><F114/><W40/><G33/><T110/><D110/><U64/><E64/><V42/><F42/><W128/><G40/><T71/><D71/><U22/><E2/><V45/><F106/><W69/><G69/><T18/><D18/><U82/><E105/><V109/><F104/><W86/><G128/><T121/><D121/><U47/><E47/><V68/><F68/><W108/><G108/><T91/><D91/><U53/><E41/><V26/><F109/><W80/><G5/><T19/><D19/><U98/><E4/><V59/><F45/><W117/><G117/><T37/><D37/><U57/><E38/><V120/><F120/><W132/><G132/><T56/><D56/><U48/><E57/><V95/><F28/><W87/><G31/><T30/><D30/><U112/><E36/><V44/><F59/><N who="3" m="33183" /><G29/><T88/><D88/><U13/><E112/><V102/><F102/><W130/><G130/><T6/><D6/><U20/><E54/><AGARI ba="0,1" hai="17,23,27,32,34,49,54,58,74,76,81,90,92,99" machi="54" ten="40,8000,1" yaku="1,1,6,1,53,2" doraHai="118,123" doraHaiUra="16,107" who="0" fromWho="1" sc="145,90,398,-80,176,0,271,0" owari="235,-16.5,318,41.8,176,-32.4,271,7.1" /></mjloggm>