<mjloggm ver="2.3"><GO type="169" lobby="0"/><UN n0="%E3%81%8B%E3%81%AA%E3%81%8D%E3%83%BC" n1="%E3%82%8F%E3%81%A3%E3%81%97%E3%82%87%E3%81%84%E5%90%9B%32%E5%8F%B7" n2="%4E%55%44%41" n3="%E9%A2%A8%E3%81%A7%E9%B3%B4%E3%81%8F" dan="17,20,17,17" rate="2240.43,2224.57,2150.95,2204.88" sx="F,M,M,M"/><TAIKYOKU oya="0"/><INIT seed="0,0,0,2,5,135" ten="250,250,250,250" oya="0" hai0="101,44,26,61,13,83,21,39,64,25,115,0,79" hai1="113,66,110,54,45,8,16,131,78,24,95,40,80" hai2="65,119,103,127,28,112,56,9,77,36,99,60,38" hai3="33,94,120,62,128,92,20,49,48,109,7,27,3"/><T32/><D115/><U23/><E113/><V117/><F112/><W130/><G33/><T123/><D123/><U14/><E110/><V42/><F77/><W47/><G62/><T75/><D0/><U114/><E114/><V69/><F127/><W108/><G7/><T126/><D32/><U5/><E131/><N who="3" m="50218" /><G3/><T132/><D132/><U46/><E66/><V90/><F90/><W124/><G49/><T4/><D101/><U97/><E54/><V122/><F122/><W1/><G124/><T93/><D93/><N who="3" m="35945" /><G1/><T41/><D126/><U96/><E95/><N who="2" m="58879" /><F9/><W63/><G63/><T106/><D106/><U58/><E58/><V116/><F28/><N who="3" m="17511" /><G120/><T55/><D55/><AGARI ba="0,0" hai="47,48,55,108,109" m="17511,35945,50218" machi="55" ten="30,1000,0" yaku="19,1" doraHai="135" who="3" fromWho="0" sc="250,-10,250,0,250,0,250,10" /><INIT seed="1,0,0,3,4,59" ten="240,250,250,260" oya="1" hai0="126,75,83,11,8,9,76,133,110,97,101,56,91" hai1="125,92,46,87,88,115,55,26,128,19,74,58,13" hai2="64,62,63,116,51,10,32,34,23,131,67,0,99" hai3="4,108,112,65,86,79,106,80,48,54,57,85,121"/><U127/><E115/><V90/><F116/><W70/><G108/><T98/><D110/><U72/><E46/><V122/><F122/><W33/><G33/><T14/><D126/><N who="1" m="48139" /><E26/><V28/><F131/><W37/><G121/><T29/><D133/><U7/><E7/><V73/><F73/><W100/><G37/><T61/><D29/><U40/><E40/><V104/><F23/><W119/><G119/><T24/><D24/><U95/><E95/><V77/><F77/><W18/><G4/><T15/><D91/><U12/><E128/><V130/><F130/><W69/><G112/><T30/><D30/><U96/><E96/><V84/><F51/><W35/><G35/><T36/><D36/><U22/><E12/><V102/><F0/><W31/><G31/><T16/><D101/><U78/><E78/><V111/><F111/><W118/><G118/><T105/><D105/><U132/><E132/><V53/><F28/><W47/><G100/><T3/><D3/><U109/><E109/><V50/><F32/><W124/><G106/><T68/><D15/><U41/><E41/><V25/><F34/><W21/><G124/><T20/><REACH who="0" step="1"/><D68/><REACH who="0" ten="230,250,250,260" step="2"/><U38/><E38/><V114/><F25/><W60/><G70/><T42/><D42/><U81/><E92/><N who="2" m="58727" /><F114/><W134/><G134/><T129/><D129/><U5/><E5/><V52/><F104/><W135/><G135/><T27/><D27/><U71/><E71/><V6/><F6/><W17/><G69/><T43/><D43/><U117/><E117/><V123/><F123/><W113/><G113/><T120/><D120/><RYUUKYOKU ba="0,1" sc="230,15,250,15,250,-15,260,-15" hai0="8,9,11,14,16,20,56,61,75,76,83,97,98" hai1="13,19,22,55,58,72,74,81,87,88" /><INIT seed="1,1,1,2,1,130" ten="245,265,235,245" oya="1" hai0="36,44,23,109,104,45,37,132,17,53,74,49,120" hai1="108,24,76,119,43,12,64,3,106,103,60,57,48" hai2="107,69,51,42,0,1,13,54,96,77,89,52,5" hai3="7,110,84,131,79,72,99,35,80,94,125,113,116"/><U114/><E114/><V14/><F69/><W129/><G35/><T115/><D74/><U67/><E3/><N who="2" m="1099" /><F89/><N who="3" m="55759" /><G7/><T31/><D104/><U15/><E119/><V134/><F51/><W47/><G47/><T56/><D115/><U81/><E108/><V50/><F50/><W41/><G41/><T61/><D31/><U65/><E24/><V33/><F5/><W40/><G40/><T83/><D83/><U70/><E106/><V32/><F42/><W124/><G113/><T68/><D109/><U126/><E103/><V105/><F96/><W39/><G39/><N who="0" m="14923" /><D23/><U34/><E34/><N who="2" m="13419" /><F77/><W95/><G110/><T66/><D17/><U112/><E112/><V82/><F82/><N who="3" m="45415" /><G95/><T18/><D18/><U26/><E81/><V46/><F46/><N who="0" m="18026" /><D120/><U102/><E43/><V92/><F92/><W21/><G21/><T20/><D20/><U16/><E26/><V62/><F62/><W100/><G100/><T101/><D101/><U8/><E102/><V27/><F27/><W88/><G116/><T2/><D2/><U98/><E60/><V58/><F105/><W117/><G117/><T133/><AGARI ba="1,1" hai="49,53,56,61,66,68,132,133" m="18026,14923" machi="133" ten="40,8000,1" yaku="34,2,52,2" doraHai="130" who="0" fromWho="0" sc="245,93,265,-41,235,-21,245,-21" /><INIT seed="2,0,0,1,3,115" ten="338,224,214,224" oya="2" hai0="126,1,34,43,73,81,64,99,85,118,128,116,10" hai1="12,134,71,22,113,84,105,80,83,29,32,130,42" hai2="58,131,44,135,119,55,38,70,76,30,122,56,72" hai3="2,13,78,88,67,5,41,112,102,11,108,25,0"/><V18/><F119/><N who="0" m="45610" /><D128/><U79/><E113/><V16/><F122/><W109/><G112/><T24/><D126/><U27/><E130/><V106/><F131/><W57/><G41/><T74/><D64/><U65/><E134/><V87/><F135/><W20/><G78/><N who="0" m="46263" /><D43/><U54/><E105/><V107/><F72/><N who="0" m="27754" /><D99/><U132/><E42/><V63/><F70/><W104/><G67/><T4/><D24/><U98/><E98/><V47/><F38/><W52/><G25/><T66/><D66/><U114/><E65/><N who="2" m="39143" /><F106/><W77/><G104/><T39/><D34/><U59/><E71/><V94/><F107/><W101/><G108/><T36/><AGARI ba="0,0" hai="1,4,10,36,39" m="27754,46263,45610" machi="36" ten="40,8000,1" yaku="12,1,52,3" doraHai="115" who="0" fromWho="0" sc="338,80,224,-20,214,-40,224,-20" /><INIT seed="3,0,0,0,3,115" ten="418,204,174,204" oya="3" hai0="3,99,10,120,95,74,72,41,104,78,15,130,67" hai1="80,16,70,44,29,77,54,112,36,26,66,103,42" hai2="49,93,98,33,87,40,23,107,89,14,43,58,86" hai3="64,51,94,21,30,8,117,69,90,132,108,76,116"/><W35/><G35/><T73/><D120/><U37/><E112/><V63/><F33/><W18/><G76/><T6/><D130/><U125/><E125/><V52/><F63/><W133/><G30/><T88/><D41/><N who="2" m="15946" /><F107/><W83/><G83/><T0/><D67/><U25/><E103/><V75/><F75/><W129/><G8/><T59/><D59/><U113/><E113/><V20/><F20/><W68/><G51/><T9/><D104/><U127/><E36/><V4/><F4/><W85/><G129/><T118/><D118/><N who="3" m="45673" /><G64/><T134/><D78/><U121/><E66/><V5/><F5/><W7/><G7/><T12/><D0/><U65/><E65/><V34/><F34/><W48/><G48/><T57/><D3/><U50/><E37/><V19/><AGARI ba="0,0" hai="14,19,23,49,52,58,86,87,89,93,98" m="15946" machi="19" ten="30,2000,0" yaku="8,1,54,1" doraHai="115" who="2" fromWho="2" sc="418,-5,204,-5,174,20,204,-10" /><INIT seed="4,0,0,0,5,123" ten="413,199,194,194" oya="0" hai0="104,14,84,127,13,128,134,108,115,47,49,16,106" hai1="48,45,29,5,55,35,79,32,73,109,64,40,132" hai2="7,0,97,90,38,66,58,27,18,85,89,17,43" hai3="15,69,94,57,61,8,11,131,122,74,112,34,86"/><T118/><D118/><U95/><E132/><V107/><F38/><W72/><G34/><T4/><D115/><U23/><E64/><V53/><F0/><W80/><G112/><T67/><D128/><U101/><E5/><V59/><F107/><W42/><G69/><T10/><D127/><U6/><E6/><V62/><F7/><W70/><G70/><T52/><D108/><U93/><E93/><N who="2" m="56495" /><F27/><W135/><G42/><T124/><D124/><U77/><E73/><V28/><F28/><W103/><G135/><T83/><D67/><U111/><E35/><V56/><F43/><W19/><G8/><T98/><D98/><U130/><E32/><V65/><F65/><W26/><G26/><T91/><D134/><U44/><E130/><V31/><F31/><W46/><G131/><T92/><D92/><U99/><E29/><V121/><F121/><W39/><G122/><T114/><D114/><U133/><E23/><AGARI ba="0,0" hai="4,10,13,14,16,23,47,49,52,83,84,91,104,106" machi="23" ten="30,5800,0" yaku="7,1,54,2" doraHai="123" who="0" fromWho="1" sc="413,58,199,-58,194,0,194,0" /><INIT seed="4,1,0,4,5,105" ten="471,141,194,194" oya="0" hai0="37,20,25,8,93,90,1,6,78,27,4,55,130" hai1="110,123,112,80,46,117,44,2,30,66,50,84,115" hai2="5,18,96,12,91,40,15,69,53,19,28,57,56" hai3="71,98,29,87,128,35,108,116,60,89,72,104,42"/><T70/><D37/><U111/><E2/><V54/><F69/><W23/><G42/><T75/><D70/><U68/><E30/><V131/><F40/><W109/><G116/><T127/><D6/><U0/><E0/><V51/><F28/><W39/><G23/><T65/><D65/><U81/><E117/><V121/><F131/><W24/><G39/><T133/><D133/><U41/><E80/><V134/><F134/><W83/><G128/><T13/><D127/><U101/><E101/><V106/><F121/><W135/><G72/><T34/><D34/><U125/><E123/><V95/><F106/><W126/><G126/><T47/><D78/><U77/><E125/><V88/><F5/><W118/><G135/><T9/><D75/><U82/><E82/><V73/><F73/><W97/><G97/><T10/><D1/><U3/><E3/><V31/><F31/><W85/><G85/><T113/><D113/><N who="1" m="43595" /><E46/><V43/><F43/><W67/><REACH who="3" step="1"/><G118/><REACH who="3" ten="471,141,194,184" step="2"/><T59/><D130/><U114/><N who="1" m="43603" /><U100/><DORA hai="103" /><E100/><AGARI ba="1,1" hai="24,29,35,60,67,71,83,87,89,98,100,104,108,109" machi="100" ten="40,8000,1" yaku="1,1,25,2,52,1,53,1" doraHai="105,103" doraHaiUra="49,79" who="3" fromWho="1" sc="471,0,141,-83,194,0,184,93" /><INIT seed="5,0,0,4,4,94" ten="471,58,194,277" oya="1" hai0="95,79,122,72,89,59,86,60,38,66,55,99,42" hai1="12,118,18,112,32,68,84,90,34,111,77,37,54" hai2="127,25,81,29,107,101,26,58,11,116,92,39,64" hai3="71,70,30,109,46,6,82,76,51,56,44,80,132"/><U83/><E118/><V134/><F116/><W119/><G109/><T49/><D122/><U78/><E111/><V23/><F127/><W52/><G6/><T5/><D5/><U88/><E37/><V16/><F134/><W97/><G82/><T91/><D72/><U96/><E68/><V73/><F39/><W100/><G119/><T31/><D31/><U69/><E69/><V87/><F73/><W123/><G123/><T98/><D79/><U48/><E112/><V41/><F41/><W93/><G46/><T45/><D91/><U104/><E32/><V67/><F107/><W131/><G131/><T33/><D33/><U61/><E61/><V8/><F92/><W24/><G44/><AGARI ba="0,0" hai="38,42,44,45,49,55,59,60,66,86,89,95,98,99" machi="44" ten="30,3900,0" yaku="7,1,52,2" doraHai="94" who="0" fromWho="3" sc="471,39,58,0,194,0,277,-39" /><INIT seed="6,0,0,4,3,109" ten="510,58,194,238" oya="2" hai0="82,96,77,19,62,97,53,15,92,134,89,79,81" hai1="112,60,68,44,119,130,37,63,85,46,132,116,76" hai2="101,114,131,72,133,129,73,39,127,36,125,55,99" hai3="43,42,115,4,102,94,45,8,40,22,9,118,56"/><V20/><F20/><W64/><G118/><T113/><D113/><U10/><E10/><V74/><F55/><W122/><G122/><T103/><D134/><U106/><E106/><N who="2" m="63807" /><F39/><W3/><G115/><T78/><D97/><U120/><E85/><V50/><F36/><W90/><G102/><T135/><D135/><U59/><E76/><V49/><F114/><W108/><G108/><T7/><D103/><U2/><E2/><V95/><F133/><W34/><G34/><T84/><D84/><U87/><E87/><V83/><F83/><W121/><G121/><T11/><D19/><U0/><E0/><V24/><F24/><W52/><G22/><T5/><D5/><U105/><E105/><V75/><N who="2" m="18432" /><DORA hai="128" /><V117/><F117/><W32/><G32/><T51/><D62/><U25/><E25/><V12/><F12/><W88/><G4/><T91/><D91/><U1/><E1/><V66/><F66/><W69/><G90/><T110/><D110/><U23/><E132/><V65/><F65/><W27/><G27/><T17/><D17/><U16/><E120/><V57/><F95/><W33/><G33/><T26/><D26/><U21/><E112/><V61/><F61/><N who="3" m="37927" /><G69/><T38/><D38/><U98/><E68/><V111/><F111/><W123/><G3/><T86/><D82/><U93/><E37/><V48/><F57/><AGARI ba="0,0" hai="7,11,15,51,53,57,77,78,79,81,86,89,92,96" machi="57" ten="30,2000,0" yaku="7,1,8,1" doraHai="109,128" who="0" fromWho="2" sc="510,20,58,0,194,-20,238,0" /><INIT seed="7,0,0,5,1,86" ten="530,58,174,238" oya="3" hai0="76,127,70,43,34,26,125,99,58,105,29,6,93" hai1="95,128,63,97,21,18,82,96,51,56,1,46,39" hai2="8,33,10,11,81,17,55,112,135,130,98,80,74" hai3="67,30,24,94,54,71,38,115,42,118,121,27,52"/><W9/><G118/><T102/><D70/><U108/><E128/><V64/><F33/><W123/><G27/><T66/><D43/><U28/><E108/><V22/><F130/><W116/><G116/><T35/><D76/><U25/><E1/><V36/><F36/><W0/><G115/><T134/><D6/><U13/><E39/><V85/><F112/><W77/><G77/><T19/><D19/><U79/><E79/><V41/><F74/><W44/><G67/><T88/><D35/><U117/><E82/><V7/><F135/><W90/><G71/><T50/><D134/><U111/><E111/><V4/><F41/><W92/><G92/><T3/><D3/><U48/><E117/><V59/><F98/><W16/><G121/><T23/><D34/><U83/><E83/><V84/><F81/><W53/><G123/><T72/><D72/><U12/><E46/><V32/><F64/><W87/><G0/><T40/><D40/><U106/><E97/><V62/><F32/><W89/><G89/><T110/><D110/><U73/><E73/><V57/><F57/><W120/><G120/><T109/><D109/><U69/><E69/><V15/><REACH who="2" step="1"/><F84/><REACH who="2" ten="530,58,164,238" step="2"/><W61/><G61/><T104/><D88/><AGARI ba="0,1" hai="4,7,8,10,11,15,17,22,55,59,62,80,85,88" machi="88" ten="40,12000,2" yaku="1,1,2,1,8,1,52,1,54,1,53,2" doraHai="86" doraHaiUra="2" who="2" fromWho="0" sc="530,-120,58,0,164,130,238,0" owari="410,51.0,58,-44.2,294,9.4,238,-16.2" /></mjloggm>