<mjloggm ver="2.3"><GO type="169" lobby="0"/><UN n0="%E3%81%99%E3%81%91%E3%81%B4%E3%82%87%E3%82%93" n1="%41%6C%6C%2D%4C%75%63%6B" n2="%E8%99%9A%E6%B7%B5%E7%8E%84" n3="%E4%B8%89%E5%B3%B6%E5%85%AB%E9%9B%B2" dan="16,16,17,17" rate="2104.93,2120.86,2195.32,2231.19" sx="M,M,F,M"/><TAIKYOKU oya="0"/><INIT seed="0,0,0,4,2,76" ten="250,250,250,250" oya="0" hai0="107,44,126,82,28,61,42,13,115,2,64,130,31" hai1="4,92,79,112,16,34,109,74,56,72,118,119,131" hai2="96,108,35,43,83,93,78,65,86,100,21,80,73" hai3="23,103,9,29,134,117,54,97,5,19,47,3,85"/><T127/><D2/><U15/><E34/><V22/><F35/><W77/><G117/><T33/><D115/><U91/><E109/><V7/><F108/><W75/><G134/><T102/><D130/><U48/><E4/><V50/><F65/><W71/><G71/><T110/><D110/><U12/><E131/><V114/><F114/><W105/><G75/><T106/><D13/><U68/><E68/><V60/><F60/><W70/><G70/><T124/><D61/><U39/><E39/><V17/><F7/><W32/><G54/><T135/><D64/><U49/><E112/><V89/><REACH who="2" step="1"/><F17/><REACH who="2" ten="250,250,240,250" step="2"/><W55/><G32/><T30/><D33/><U121/><E118/><V104/><F104/><W8/><G19/><T62/><D62/><U26/><E119/><V38/><F38/><W58/><G105/><T113/><D113/><U101/><E16/><V40/><F40/><W132/><G5/><T11/><D107/><U57/><E121/><V51/><F51/><W10/><G29/><T63/><D63/><U84/><E49/><V14/><F14/><W99/><G3/><T116/><D116/><U27/><E48/><V129/><F129/><W88/><G132/><T0/><D135/><U59/><E12/><V122/><F122/><W20/><G8/><T120/><D120/><U45/><E15/><V66/><F66/><W36/><G9/><T111/><D111/><U25/><E26/><V95/><F95/><W1/><G1/><T67/><D0/><U81/><E25/><V98/><F98/><W41/><G10/><T69/><D11/><U18/><E27/><RYUUKYOKU ba="0,1" sc="250,-10,250,-10,240,30,250,-10" hai2="21,22,43,50,73,78,80,83,86,89,93,96,100" /><INIT seed="1,1,1,1,3,35" ten="240,240,270,240" oya="1" hai0="22,118,8,95,115,93,31,30,18,94,106,107,113" hai1="67,121,131,7,99,23,54,75,59,0,82,50,15" hai2="71,119,21,130,85,38,111,2,116,129,127,16,80" hai3="69,86,42,124,49,52,103,10,1,90,134,24,62"/><U79/><E131/><N who="2" m="50187" /><F71/><W65/><G134/><T51/><D118/><N who="2" m="45098" /><F38/><W68/><G124/><T74/><D74/><U126/><E121/><V20/><F127/><W109/><G109/><T25/><D51/><U122/><E122/><V36/><F36/><W32/><G103/><T55/><D55/><U101/><E126/><V105/><F105/><W135/><G135/><T3/><D3/><U128/><E67/><V29/><F111/><W12/><G42/><T9/><D18/><U28/><E128/><V46/><F46/><W34/><G69/><T5/><D5/><U110/><E110/><V132/><F132/><W72/><G72/><T112/><REACH who="0" step="1"/><D31/><REACH who="0" ten="230,240,270,240" step="2"/><U70/><E7/><V66/><F2/><W44/><G1/><T92/><N who="0" m="23552" /><DORA hai="13" /><T40/><D40/><U60/><E0/><V100/><F29/><W97/><G97/><T78/><D78/><U84/><E75/><V98/><F98/><W83/><G24/><T108/><D108/><U117/><E117/><V4/><F4/><AGARI ba="1,2" hai="4,10,12,32,34,44,49,52,62,65,68,83,86,90" machi="4" ten="30,2000,0" yaku="7,1,54,1" doraHai="35,13" who="3" fromWho="2" sc="230,0,240,0,270,-23,240,43" /><INIT seed="2,0,0,1,4,34" ten="230,240,247,283" oya="2" hai0="91,15,5,88,100,70,125,18,129,73,42,67,40" hai1="104,50,118,0,55,78,6,49,86,13,20,10,4" hai2="45,39,1,84,25,109,113,116,7,130,96,133,74" hai3="27,107,63,119,48,59,68,131,106,89,112,62,95"/><V66/><F113/><W38/><G119/><T123/><D73/><U101/><E118/><V31/><F116/><W33/><G38/><T135/><D123/><U53/><E104/><V24/><F74/><W17/><G131/><T72/><D72/><U21/><E101/><V77/><F130/><W94/><G112/><T117/><D129/><U122/><E122/><V103/><F133/><W121/><G121/><T12/><D117/><U64/><E64/><V92/><F66/><W41/><G68/><T127/><D100/><U132/><E132/><V37/><F25/><W80/><G80/><T65/><D135/><U36/><E36/><V43/><F39/><W90/><G17/><T35/><D35/><U52/><E4/><V32/><F109/><W58/><G33/><T115/><D115/><U81/><E0/><V16/><F16/><W69/><G48/><AGARI ba="0,0" hai="6,10,13,20,21,48,49,50,52,53,55,78,81,86" machi="48" ten="40,2600,0" yaku="8,1,54,1" doraHai="34" who="1" fromWho="3" sc="230,0,240,26,247,0,283,-26" /><INIT seed="3,0,0,4,0,109" ten="230,266,247,257" oya="3" hai0="1,87,89,51,61,67,84,116,41,48,27,122,6" hai1="126,47,113,54,33,18,3,98,73,66,117,52,24" hai2="21,111,130,13,39,22,86,99,28,96,59,91,114" hai3="0,34,85,37,72,4,105,16,36,29,92,53,129"/><W115/><G105/><T57/><D122/><U127/><E117/><V17/><F39/><W80/><G129/><T64/><D116/><U58/><E3/><V77/><F111/><W50/><G72/><T60/><D27/><U69/><E73/><V5/><F130/><W81/><G92/><T123/><D123/><U132/><E132/><V94/><F114/><W62/><G62/><T14/><D1/><U55/><E98/><V120/><F120/><W106/><G106/><T9/><D41/><U131/><E131/><V110/><F5/><W112/><G16/><T107/><D107/><U75/><E113/><V71/><F71/><W19/><G19/><T90/><D84/><U76/><E69/><V104/><F110/><W124/><G124/><N who="1" m="47658" /><E47/><V44/><F44/><W119/><G119/><T68/><REACH who="0" step="1"/><D89/><REACH who="0" ten="220,266,247,257" step="2"/><U79/><E75/><V108/><F108/><W15/><G0/><T74/><D74/><U38/><E24/><V30/><F104/><W11/><G115/><T31/><D31/><U118/><E118/><V135/><F28/><W2/><G2/><T12/><D12/><U7/><E33/><V125/><F125/><W23/><G34/><T70/><D70/><U56/><E76/><V101/><F77/><W78/><G112/><T43/><D43/><U42/><E79/><V8/><F30/><W121/><G121/><T133/><D133/><U46/><E18/><V25/><F135/><W26/><REACH who="3" step="1"/><G81/><AGARI ba="0,1" hai="6,9,14,48,51,57,60,61,64,67,68,81,87,90" machi="81" ten="30,2000,0" yaku="1,1,7,1,53,0" doraHai="109" doraHaiUra="134" who="0" fromWho="3" sc="220,30,266,0,247,0,257,-20" /><INIT seed="4,0,0,4,0,83" ten="250,266,247,237" oya="0" hai0="118,131,58,63,8,6,127,29,45,124,69,30,53" hai1="72,21,0,23,56,22,80,108,99,27,103,16,13" hai2="71,1,135,5,106,105,9,134,67,119,10,93,12" hai3="122,48,7,107,32,25,132,109,68,76,39,95,78"/><T11/><D118/><U66/><E0/><V62/><F119/><W24/><G107/><T31/><D131/><U115/><E108/><V102/><F93/><W54/><G39/><T47/><D69/><U49/><E115/><V91/><F91/><W4/><G68/><T37/><D37/><U20/><E72/><V17/><REACH who="2" step="1"/><F102/><REACH who="2" ten="250,266,237,237" step="2"/><W36/><G95/><T57/><D124/><U46/><E80/><V87/><F87/><W120/><G78/><T59/><D127/><U73/><E73/><V98/><F98/><W60/><G76/><T65/><D65/><U111/><E111/><V3/><F3/><W55/><G109/><T89/><D89/><U112/><E112/><V41/><F41/><W117/><G117/><T70/><D53/><U43/><E103/><V114/><F114/><W125/><G55/><T123/><D123/><U128/><E99/><V97/><F97/><W42/><G54/><T113/><D113/><U84/><E128/><V86/><F86/><W50/><G42/><T116/><D116/><U52/><E84/><V94/><F94/><W82/><G125/><T133/><D63/><N who="1" m="36231" /><E66/><V126/><F126/><W26/><G122/><T129/><D129/><U64/><E64/><V2/><F2/><W101/><G101/><T104/><D104/><AGARI ba="0,1" hai="1,5,9,10,12,17,62,67,71,104,105,106,134,135" machi="104" ten="40,1300,0" yaku="1,1,53,0" doraHai="83" doraHaiUra="77" who="2" fromWho="0" sc="250,-13,266,0,237,23,237,0" /><INIT seed="5,0,0,4,0,123" ten="237,266,260,237" oya="1" hai0="95,68,25,32,5,84,14,50,54,57,129,65,18" hai1="104,108,27,7,106,96,72,8,116,111,3,120,47" hai2="131,12,88,53,98,70,19,105,125,101,28,1,89" hai3="133,33,113,58,62,67,59,73,9,39,11,45,23"/><U34/><E120/><V127/><F1/><W30/><G73/><T107/><D107/><N who="1" m="41003" /><E96/><V112/><F70/><W90/><G33/><T115/><D129/><U52/><E116/><V64/><F64/><W0/><G113/><T71/><D115/><U130/><E130/><V74/><F131/><W81/><G133/><T110/><D65/><U103/><E103/><V102/><F102/><W2/><G39/><T69/><D5/><U128/><E128/><V51/><F28/><W29/><G45/><T66/><D66/><U20/><E52/><V61/><F61/><W87/><G58/><T16/><D32/><U78/><E47/><V80/><F112/><W35/><G35/><T114/><D114/><U38/><E20/><V41/><F41/><W91/><G0/><T37/><D37/><U31/><E38/><V76/><F53/><W48/><G48/><T4/><D25/><U135/><E135/><V36/><F51/><W24/><G2/><T94/><D94/><U13/><E13/><V75/><F36/><W6/><G30/><T60/><D60/><U83/><AGARI ba="0,0" hai="3,7,8,27,31,34,72,78,83,108,111" m="41003" machi="83" ten="30,6000,0" yaku="23,1,52,2" doraHai="123" who="1" fromWho="1" sc="237,-20,266,60,260,-20,237,-20" /><INIT seed="5,1,0,0,4,42" ten="217,326,240,217" oya="1" hai0="94,20,106,23,58,1,54,65,51,110,34,57,84" hai1="125,0,74,120,3,25,38,30,40,128,17,12,135" hai2="48,4,129,66,116,101,119,69,127,36,78,77,35" hai3="10,83,70,15,41,53,111,32,13,79,103,61,37"/><U96/><E74/><V131/><F35/><W60/><G111/><T62/><D34/><U31/><E120/><V26/><F36/><W50/><G32/><T88/><D110/><U47/><E125/><V118/><F4/><W134/><G134/><T44/><D1/><U72/><E128/><N who="2" m="49227" /><F26/><W22/><G103/><T24/><D106/><U19/><E135/><V80/><F101/><W52/><G37/><T75/><D75/><U123/><E72/><N who="2" m="43047" /><F78/><W6/><G70/><T85/><D85/><U124/><E124/><V82/><F82/><W92/><G92/><T64/><D24/><U14/><E123/><V93/><F93/><W108/><G108/><T29/><D29/><U5/><E96/><V33/><F33/><W133/><G133/><T27/><D27/><U98/><E98/><V2/><F127/><W87/><G15/><T7/><D7/><U90/><E90/><V121/><F2/><W73/><G22/><T89/><D89/><U68/><E25/><V11/><F11/><W76/><G76/><T107/><D107/><U109/><E5/><V43/><F121/><W117/><G73/><T9/><D9/><N who="1" m="6287" /><E109/><V8/><F8/><W71/><G117/><T59/><REACH who="0" step="1"/><D65/><REACH who="0" ten="207,326,240,217" step="2"/><U63/><E0/><V130/><F130/><W67/><G10/><T115/><D115/><U21/><E3/><V113/><F113/><W95/><G6/><T81/><D81/><U45/><E30/><V105/><F105/><W55/><G83/><T28/><D28/><U16/><E31/><V56/><F116/><W46/><G79/><T102/><D102/><U132/><E132/><RYUUKYOKU ba="1,1" sc="207,30,326,-10,240,-10,217,-10" hai0="20,23,44,51,54,57,58,59,62,64,84,88,94" /><INIT seed="6,2,1,4,5,130" ten="237,316,230,207" oya="2" hai0="1,38,99,19,108,95,25,16,73,119,4,105,79" hai1="41,117,87,23,32,101,35,7,43,109,68,114,116" hai2="72,66,48,34,45,50,100,78,132,67,49,120,98" hai3="8,13,123,126,31,88,2,3,18,59,82,74,115"/><V75/><F120/><W77/><G123/><T124/><D108/><U63/><E109/><V12/><F34/><W111/><G111/><T85/><D119/><U17/><E114/><V55/><F132/><W28/><G126/><T37/><D124/><U70/><E7/><V131/><F131/><W64/><G115/><T27/><D105/><U86/><E17/><V133/><F133/><W57/><G2/><T40/><D85/><U24/><E24/><V29/><F29/><W47/><G3/><T52/><D25/><U97/><E97/><V106/><F12/><W127/><G127/><T20/><D19/><U107/><E63/><V110/><F110/><W112/><G112/><T118/><D118/><U0/><E0/><V122/><F122/><W96/><G47/><T51/><D40/><U10/><E23/><V15/><F15/><W84/><G96/><T39/><D4/><U129/><E101/><V125/><F125/><W113/><G113/><T83/><D1/><U6/><E6/><V44/><F49/><W92/><REACH who="3" step="1"/><G64/><REACH who="3" ten="237,316,230,197" step="2"/><T21/><D21/><U91/><E129/><V61/><F67/><W94/><G94/><T36/><D36/><U134/><E107/><V9/><F9/><W102/><G102/><T65/><D65/><U104/><E104/><V135/><F135/><W121/><G121/><T42/><D95/><U26/><E134/><V89/><F106/><W90/><G90/><T56/><D99/><U76/><E91/><V14/><F89/><W80/><G80/><T58/><D58/><AGARI ba="2,2" hai="8,13,18,28,31,57,58,59,74,77,82,84,88,92" machi="58" ten="40,2600,0" yaku="1,1,54,1,53,0" doraHai="130" doraHaiUra="22" who="3" fromWho="0" sc="237,-32,316,0,230,0,197,52" /><INIT seed="7,0,0,5,3,130" ten="205,316,230,249" oya="3" hai0="39,129,3,135,4,124,11,88,57,101,75,67,110" hai1="37,16,60,76,131,20,1,128,79,119,100,89,134" hai2="38,35,8,30,13,24,23,92,66,116,86,31,85" hai3="91,87,95,78,18,117,54,74,41,42,50,43,6"/><W5/><G117/><T7/><D110/><U63/><E134/><V111/><F38/><W84/><G74/><T77/><D135/><U123/><E1/><V118/><F111/><W56/><G18/><T40/><D129/><N who="1" m="49739" /><E37/><V2/><F66/><W47/><G47/><T122/><D122/><U28/><E28/><V48/><F31/><W45/><G45/><T96/><D124/><U17/><E119/><V112/><F112/><W32/><G32/><T19/><D7/><U94/><E100/><V52/><F116/><W99/><G84/><T72/><D77/><N who="1" m="29771" /><E17/><N who="2" m="10671" /><F92/><W115/><G115/><T12/><D40/><U82/><E82/><AGARI ba="0,0" hai="5,6,41,42,43,50,54,56,78,82,87,91,95,99" machi="82" ten="40,2000,0" yaku="8,1" doraHai="130" who="3" fromWho="1" sc="205,0,316,-20,230,0,249,20" /><INIT seed="7,1,0,1,4,120" ten="205,296,230,269" oya="3" hai0="107,85,118,17,76,98,0,48,125,37,16,83,2" hai1="54,13,128,101,94,126,7,57,22,39,112,135,24" hai2="71,123,124,27,100,40,6,91,29,108,38,34,115" hai3="129,60,55,65,35,3,23,19,116,18,121,9,130"/><W20/><G121/><T87/><D37/><U41/><E112/><V132/><F123/><W31/><G55/><T127/><D118/><U133/><E126/><N who="0" m="48137" /><D48/><N who="1" m="30919" /><E39/><V26/><F132/><N who="1" m="50761" /><E41/><V93/><F71/><W64/><G116/><T15/><D87/><U73/><E73/><V11/><F115/><W92/><G92/><T49/><D49/><U42/><E42/><V67/><F40/><W59/><G65/><T119/><D119/><U45/><BYE who="0" /><E45/><V80/><F67/><W30/><G35/><T102/><D102/><U106/><E106/><V113/><F100/><W114/><G114/><T78/><D78/><U96/><E128/><N who="3" m="49258" /><G9/><UN n0="%E3%81%99%E3%81%91%E3%81%B4%E3%82%87%E3%82%93" /><T81/><D81/><U66/><E66/><V75/><F80/><W117/><G3/><N who="0" m="1067" /><D107/><U28/><E7/><V8/><F6/><W89/><G89/><T82/><D82/><U122/><E122/><V110/><F91/><W36/><G36/><T56/><D98/><U51/><E51/><V111/><F124/><W50/><G50/><T10/><D56/><U47/><E47/><V95/><F113/><W44/><G44/><T63/><D63/><U84/><E84/><V33/><F38/><W103/><G103/><T1/><N who="0" m="1075" /><T68/><DORA hai="4" /><D68/><U104/><E104/><V79/><F79/><W5/><G117/><T90/><D76/><U14/><AGARI ba="1,0" hai="13,14,22,24,28,94,96,101" m="50761,30919" machi="14" ten="30,1100,0" yaku="20,1" doraHai="120,4" who="1" fromWho="1" sc="205,-4,296,14,230,-4,269,-6" owari="201,-29.9,310,41.0,226,-17.4,263,6.3" /></mjloggm>