<mjloggm ver="2.3"><GO type="169" lobby="0"/><UN n0="%4E%6F%73%75%6B%65" n1="%E9%BE%8D%31%30" n2="%4D%41%54%59%55%49%E2%98%86" n3="%E3%83%AC%E3%82%A4%E3%83%88%E3%83%B3%E5%87%86%E6%95%99%E6%8E%88" dan="16,16,17,18" rate="2145.20,2103.81,2193.36,2219.17" sx="M,M,M,M"/><TAIKYOKU oya="0"/><INIT seed="0,0,0,2,1,120" ten="250,250,250,250" oya="0" hai0="61,4,121,20,104,93,50,9,27,29,134,135,28" hai1="22,23,42,73,63,54,102,2,18,81,127,122,105" hai2="111,8,7,94,41,131,38,46,89,37,76,36,95" hai3="65,47,118,133,40,33,115,6,106,124,72,13,69"/><T57/><D104/><U48/><E122/><V77/><F131/><W16/><G115/><T66/><D121/><U32/><E2/><V80/><F77/><W43/><G118/><T112/><D112/><U11/><E32/><V5/><F5/><W59/><G72/><T116/><D116/><U119/><E42/><V44/><F111/><W103/><G133/><T91/><D50/><U74/><E127/><V83/><F83/><W49/><G33/><T21/><D21/><U107/><E81/><V79/><F79/><W62/><G6/><T84/><REACH who="0" step="1"/><D29/><REACH who="0" ten="240,250,250,250" step="2"/><U88/><E119/><V53/><F36/><W108/><G124/><T10/><D10/><U96/><E105/><V128/><F37/><W35/><G35/><T67/><D67/><U130/><E11/><V100/><F8/><W17/><G106/><T114/><D114/><U60/><E23/><V31/><F31/><W1/><G49/><T87/><D87/><U0/><E130/><V25/><F38/><W71/><G65/><T75/><D75/><U56/><E73/><V64/><F64/><W117/><G117/><T14/><AGARI ba="0,1" hai="4,9,14,20,27,28,57,61,66,84,91,93,134,135" machi="14" ten="30,3000,0" yaku="1,1,0,1,53,0" doraHai="120" doraHaiUra="15" who="0" fromWho="0" sc="240,40,250,-10,250,-10,250,-10" /><INIT seed="0,1,0,5,2,28" ten="280,240,240,240" oya="0" hai0="14,96,13,99,75,8,108,65,101,90,127,86,31" hai1="95,34,122,94,72,104,118,98,133,73,78,79,134" hai2="4,103,37,61,33,124,47,19,80,93,32,48,114" hai3="16,55,81,83,102,109,53,42,49,77,84,70,27"/><T2/><D75/><N who="1" m="28747" /><E34/><V9/><F114/><W89/><G109/><T22/><D127/><U38/><E38/><V82/><F37/><W111/><G70/><T100/><D108/><U123/><E118/><V43/><F19/><W24/><G111/><T125/><D125/><U45/><E45/><V117/><F124/><W85/><G102/><T57/><D2/><U26/><E26/><N who="3" m="9770" /><G16/><N who="0" m="10511" /><D31/><U132/><E95/><V121/><F121/><N who="1" m="46089" /><E104/><V29/><F29/><W112/><G112/><T76/><D76/><U66/><E66/><V41/><F117/><W52/><G42/><T120/><D120/><U12/><E12/><V60/><F93/><W11/><G11/><T88/><D65/><U3/><E3/><V7/><F103/><AGARI ba="1,0" hai="78,79,94,98,103,132,133,134" m="46089,28747" machi="103" ten="40,5200,0" yaku="20,1,34,2" doraHai="28" who="1" fromWho="2" sc="280,0,240,55,240,-55,240,0" /><INIT seed="1,0,0,4,3,73" ten="280,295,185,240" oya="1" hai0="41,112,23,46,83,119,15,82,9,121,12,63,36" hai1="8,51,1,67,98,56,130,37,42,66,131,100,2" hai2="28,76,30,110,91,21,78,43,55,102,115,11,72" hai3="31,108,77,123,111,114,18,44,50,53,54,24,106"/><U89/><E37/><V88/><F72/><W126/><G123/><T105/><D119/><U6/><E2/><V22/><F110/><N who="3" m="42027" /><G114/><T118/><D118/><U96/><E89/><N who="2" m="34379" /><F115/><W39/><G39/><T47/><D112/><U32/><E32/><V60/><F43/><N who="3" m="24863" /><G106/><T52/><D105/><U97/><E100/><V109/><F109/><W61/><G126/><T85/><D121/><U116/><E116/><V135/><F135/><W90/><G18/><T65/><D23/><N who="2" m="8714" /><F102/><W4/><G4/><T26/><D26/><U80/><E42/><V48/><F60/><W17/><G61/><T68/><D9/><U99/><N who="1" m="24576" /><DORA hai="117" /><U113/><E80/><V87/><F87/><W95/><G95/><T33/><D33/><U45/><E113/><V127/><F11/><W93/><G93/><T71/><D71/><U81/><E81/><V3/><F3/><W74/><G90/><T64/><D64/><U14/><E1/><V58/><F127/><W57/><G74/><T16/><D83/><U133/><E133/><V0/><F0/><W20/><G53/><T120/><D120/><U27/><E66/><V62/><F62/><N who="3" m="36151" /><G31/><AGARI ba="0,0" hai="28,30,31,48,55,58,76,78" m="8714,34379" machi="31" ten="30,7700,0" yaku="8,1,52,2,54,1" doraHai="73,117" who="2" fromWho="3" sc="280,0,295,0,185,77,240,-77" /><INIT seed="2,0,0,0,3,26" ten="280,295,262,163" oya="2" hai0="55,97,67,120,98,58,62,76,90,66,18,23,53" hai1="126,78,132,113,40,3,92,25,10,108,121,95,54" hai2="86,110,99,9,7,107,116,17,33,112,79,129,61" hai3="45,24,29,134,80,56,0,51,22,103,48,41,31"/><V19/><F112/><W77/><G0/><T49/><D120/><U42/><E113/><V109/><F116/><W44/><G134/><T128/><D76/><U131/><E121/><V73/><F73/><W70/><G103/><T65/><D128/><U130/><E132/><V114/><F114/><W1/><G1/><T38/><D38/><U101/><E78/><V52/><F33/><W68/><G56/><T127/><D127/><U60/><E108/><N who="2" m="41579" /><F129/><N who="1" m="49161" /><E25/><V27/><F27/><W59/><G59/><N who="0" m="33199" /><D90/><U4/><E101/><N who="2" m="62911" /><F52/><W69/><G44/><T14/><AGARI ba="0,0" hai="14,18,23,55,58,62,65,66,67,97,98" m="33199" machi="14" ten="30,1100,0" yaku="8,1" doraHai="26" who="0" fromWho="0" sc="280,11,295,-3,262,-5,163,-3" /><INIT seed="3,0,0,5,3,33" ten="291,292,257,160" oya="3" hai0="114,135,49,37,3,4,85,112,107,54,59,105,53" hai1="11,93,70,28,84,17,120,73,38,102,81,119,58" hai2="100,55,63,60,9,13,18,98,82,41,123,46,16" hai3="108,99,110,86,42,56,1,125,109,40,97,68,116"/><W132/><G116/><T6/><D37/><U75/><E70/><V15/><F123/><W111/><N who="3" m="27648" /><DORA hai="12" /><W26/><G68/><T115/><D135/><U35/><E38/><V113/><F113/><W64/><G132/><T72/><D72/><U32/><E120/><V22/><F82/><W66/><G125/><T89/><D54/><U69/><E35/><V0/><F0/><W74/><G74/><T34/><D34/><U87/><E32/><V44/><F55/><W122/><G122/><T48/><D48/><U14/><E28/><V36/><REACH who="2" step="1"/><F46/><REACH who="2" ten="291,292,247,160" step="2"/><W24/><G1/><T43/><D3/><U45/><E81/><V30/><F30/><W78/><G42/><T88/><D43/><U29/><E45/><V67/><F67/><W127/><G40/><T104/><REACH who="0" step="1"/><D89/><REACH who="0" ten="281,292,247,160" step="2"/><U131/><E119/><V25/><F25/><W7/><G26/><T90/><D90/><U47/><E47/><V96/><F96/><W79/><G24/><T80/><AGARI ba="0,2" hai="4,6,49,53,59,80,85,88,104,105,107,112,114,115" machi="80" ten="40,8000,1" yaku="1,1,0,1,11,1,54,1,53,0" doraHai="33,12" doraHaiUra="20,57" who="0" fromWho="0" sc="281,100,292,-20,247,-20,160,-40" /><INIT seed="4,0,0,1,0,74" ten="381,272,227,120" oya="0" hai0="53,124,131,113,84,45,46,3,107,59,98,102,0" hai1="41,90,83,130,79,129,20,92,65,39,50,81,22" hai2="9,24,76,26,18,40,34,134,91,58,72,132,64" hai3="121,117,13,66,29,5,78,86,126,43,93,71,11"/><T122/><D122/><U49/><E65/><V54/><F40/><W70/><G121/><T75/><D75/><U88/><E39/><V112/><F112/><W89/><G126/><T104/><D113/><U47/><E90/><V80/><F64/><W106/><G117/><T68/><D68/><U27/><E50/><V103/><F103/><W33/><G106/><T115/><D115/><U119/><E119/><V7/><F91/><W19/><G43/><T17/><D124/><U67/><E67/><V14/><F34/><W62/><G29/><T21/><D107/><U87/><E81/><V37/><F37/><W109/><G33/><T61/><D131/><N who="1" m="50187" /><E27/><V127/><F127/><W114/><G109/><T42/><D84/><AGARI ba="0,0" hai="20,22,41,47,49,79,83,84,87,88,92" m="50187" machi="84" ten="30,3900,0" yaku="19,1,52,1,54,1" doraHai="74" who="1" fromWho="0" sc="381,-39,272,39,227,0,120,0" /><INIT seed="5,0,0,1,0,55" ten="342,311,227,120" oya="1" hai0="84,13,35,103,80,135,113,87,90,116,69,73,46" hai1="77,75,28,111,7,15,110,14,2,95,74,105,38" hai2="121,130,30,32,27,20,40,10,119,37,131,50,45" hai3="48,78,39,43,88,57,52,67,117,107,1,126,4"/><U61/><E105/><V124/><F121/><W71/><G107/><T18/><D69/><U81/><E38/><V41/><F119/><W109/><G109/><N who="1" m="41482" /><E28/><V114/><F124/><W115/><G126/><T86/><D35/><U125/><E125/><V108/><F108/><W60/><G115/><T93/><D116/><U129/><E129/><N who="2" m="49163" /><F114/><W122/><G122/><T66/><D66/><U42/><E42/><N who="2" m="24887" /><F37/><W76/><G117/><T26/><D135/><U96/><E75/><V89/><F10/><W17/><G17/><T70/><D70/><U128/><E128/><V31/><F89/><W112/><G112/><T33/><D103/><N who="1" m="60831" /><E61/><V99/><F99/><W100/><G100/><T16/><D113/><U102/><E102/><V82/><F82/><W54/><G88/><T59/><D73/><U56/><E56/><V58/><F58/><W134/><G134/><T68/><D68/><U21/><E21/><V8/><F8/><AGARI ba="0,0" hai="2,7,8,14,15,74,77,81" m="60831,41482" machi="8" ten="30,1500,0" yaku="10,1" doraHai="55" who="1" fromWho="2" sc="342,0,311,15,227,-15,120,0" /><INIT seed="5,1,0,5,1,42" ten="342,326,212,120" oya="1" hai0="135,41,97,6,127,46,65,39,134,21,110,101,76" hai1="68,14,27,1,73,124,13,48,64,58,122,107,105" hai2="102,22,50,2,91,96,69,80,10,28,3,100,131" hai3="112,37,43,126,53,0,103,54,123,24,121,35,4"/><U7/><E73/><V56/><F69/><W5/><G112/><T92/><D110/><U9/><E68/><V47/><F131/><W77/><G126/><T128/><D65/><U30/><E122/><V20/><F56/><W11/><G103/><T59/><D76/><U130/><E124/><V88/><F100/><W93/><G4/><T118/><D127/><U95/><E130/><V90/><F80/><W117/><G117/><T67/><D128/><U75/><E75/><V63/><F63/><W70/><G70/><T111/><D111/><U72/><E72/><V32/><F32/><W81/><G93/><T98/><D6/><U82/><E82/><V116/><F10/><W16/><G53/><T19/><D98/><U34/><E95/><V55/><F116/><W44/><G54/><T133/><D118/><U18/><E14/><V57/><F57/><W85/><REACH who="3" step="1"/><G35/><REACH who="3" ten="342,326,212,110" step="2"/><T94/><D94/><U62/><REACH who="1" step="1"/><E48/><REACH who="1" ten="342,316,212,110" step="2"/><V119/><F119/><W89/><G89/><T52/><D92/><U29/><E29/><V33/><F102/><W38/><G38/><T40/><D101/><U26/><E26/><V12/><F28/><W129/><G129/><T79/><D39/><U15/><E15/><V61/><F12/><W109/><G109/><T60/><D135/><U49/><E49/><V113/><F50/><W87/><G87/><T84/><D84/><U120/><E120/><V86/><F86/><W74/><G74/><T8/><D134/><U83/><E83/><V78/><F91/><W66/><G66/><T106/><D133/><U125/><E125/><V31/><F90/><RYUUKYOKU ba="1,2" sc="342,-15,316,15,212,-15,110,15" hai1="1,7,9,13,18,27,30,34,58,62,64,105,107" hai3="0,5,11,16,24,37,43,44,77,81,85,121,123" /><INIT seed="5,2,2,4,5,99" ten="327,331,197,125" oya="1" hai0="16,91,12,96,108,9,129,128,45,5,40,116,19" hai1="84,41,56,32,97,13,106,4,61,101,110,120,33" hai2="112,107,105,132,74,49,62,3,122,85,1,127,11" hai3="114,86,38,54,98,44,35,42,14,21,72,130,36"/><U18/><E120/><V47/><F74/><W104/><G72/><T103/><D108/><U60/><E110/><V87/><F122/><W43/><G114/><T88/><D116/><U81/><E41/><V82/><F132/><W76/><G35/><T67/><D67/><U10/><E61/><V22/><F127/><W6/><G130/><N who="0" m="50283" /><D19/><U113/><E113/><V117/><F117/><W29/><G54/><T90/><D5/><U30/><E30/><V28/><F62/><W83/><G29/><T79/><D79/><U93/><E106/><V123/><F123/><W0/><G0/><T69/><D69/><U102/><E101/><V100/><F112/><W50/><G42/><T63/><D63/><U89/><REACH who="1" step="1"/><E4/><REACH who="1" ten="327,321,197,125" step="2"/><V55/><F100/><W51/><G6/><T78/><D78/><U134/><E134/><V57/><F107/><W23/><G104/><N who="0" m="63591" /><D91/><U37/><E37/><AGARI ba="2,3" hai="9,12,16,37,40,45,88,90" m="63591,50283" machi="37" ten="30,7700,0" yaku="19,1,52,1,54,2" doraHai="99" who="0" fromWho="1" sc="327,113,321,-83,197,0,125,0" /><INIT seed="6,0,0,0,0,71" ten="440,238,197,125" oya="2" hai0="18,6,127,63,76,7,10,130,108,124,54,38,106" hai1="60,12,4,135,70,98,28,91,102,14,74,1,84" hai2="49,122,5,30,36,75,19,55,50,29,2,77,34" hai3="35,118,92,16,17,61,100,115,90,68,81,87,44"/><V114/><F122/><W25/><G118/><T134/><D108/><U69/><E74/><V52/><F114/><W3/><G3/><BYE who="3" /><T109/><D109/><U67/><E28/><UN n3="%E3%83%AC%E3%82%A4%E3%83%88%E3%83%B3%E5%87%86%E6%95%99%E6%8E%88" /><V120/><F120/><W22/><G115/><T119/><D106/><U117/><E70/><V105/><F105/><W73/><G35/><T110/><D110/><U86/><E135/><V27/><F29/><W79/><G100/><T72/><D134/><U95/><E86/><V24/><F36/><W23/><G44/><T104/><D38/><U20/><E20/><V111/><F111/><W59/><G68/><T132/><D104/><U85/><E85/><V116/><F116/><W31/><REACH who="3" step="1"/><G23/><REACH who="3" ten="440,238,197,115" step="2"/><T82/><D119/><U40/><E117/><V51/><F2/><W133/><G133/><T47/><D132/><U11/><REACH who="1" step="1"/><E40/><REACH who="1" ten="440,228,197,115" step="2"/><V56/><F34/><W78/><G78/><T0/><D76/><U121/><E121/><V96/><F77/><W58/><G58/><T94/><D72/><U112/><E112/><V48/><F56/><W65/><AGARI ba="0,2" hai="16,17,22,25,31,59,61,65,73,79,81,87,90,92" machi="65" ten="20,5200,0" yaku="1,1,0,1,7,1,54,1,53,0" doraHai="71" doraHaiUra="99" who="3" fromWho="3" sc="440,-13,228,-13,197,-26,115,72" /><INIT seed="7,0,0,0,0,35" ten="427,215,171,187" oya="3" hai0="132,90,49,131,22,62,74,96,106,78,32,134,71" hai1="100,95,31,75,13,7,81,105,64,76,127,39,88" hai2="28,24,51,46,94,8,117,120,43,3,107,87,118" hai3="50,4,9,86,20,56,34,84,52,113,133,38,2"/><W1/><G34/><T11/><D32/><U103/><E39/><V93/><F107/><W18/><G133/><N who="0" m="51307" /><D49/><U104/><E31/><V111/><F111/><W37/><G113/><T101/><D131/><U10/><E64/><V122/><F87/><W15/><G86/><T85/><D22/><U124/><E103/><V115/><F115/><W53/><G2/><T112/><D112/><U77/><E100/><V45/><F45/><W63/><G84/><T29/><D29/><U17/><E77/><V27/><F94/><W126/><G126/><N who="1" m="48170" /><E7/><N who="2" m="1151" /><F93/><W47/><AGARI ba="0,0" hai="1,4,9,15,18,20,37,38,47,50,52,53,56,63" machi="47" ten="20,7800,0" yaku="0,1,7,1,52,1,54,1" doraHai="35" who="3" fromWho="3" sc="427,-26,215,-26,171,-26,187,78" /><INIT seed="7,1,0,3,0,65" ten="401,189,145,265" oya="3" hai0="99,83,19,22,120,89,73,119,111,125,17,107,64" hai1="124,28,63,97,135,93,67,70,122,5,133,75,56" hai2="44,79,50,112,59,76,62,27,43,1,80,24,105" hai3="69,91,131,11,68,4,116,78,96,87,48,8,29"/><W3/><G116/><T21/><D119/><U30/><E122/><V106/><F1/><W60/><G131/><T114/><D120/><U101/><E75/><V12/><F112/><W57/><G29/><T81/><D111/><U41/><E124/><V123/><F123/><W86/><G48/><T38/><D38/><U115/><E41/><V104/><F12/><W53/><G96/><T113/><D64/><U109/><E115/><N who="0" m="44041" /><D125/><U45/><E45/><V98/><F98/><W126/><G126/><T58/><D58/><U102/><E101/><V129/><F129/><W103/><G103/><N who="0" m="62975" /><D73/><U71/><E5/><V61/><F61/><W13/><G78/><T110/><D89/><U14/><E14/><V92/><F92/><W82/><REACH who="3" step="1"/><G87/><REACH who="3" ten="401,189,145,255" step="2"/><T66/><D110/><U77/><E109/><V49/><F49/><W95/><G95/><T31/><D31/><U130/><E130/><V40/><F79/><W42/><G42/><T18/><D83/><U52/><E77/><V84/><REACH who="2" step="1"/><F43/><REACH who="2" ten="401,189,135,255" step="2"/><W7/><AGARI ba="1,2" hai="3,4,7,8,11,13,53,57,60,68,69,82,86,91" machi="7" ten="20,12000,1" yaku="1,1,0,1,7,1,52,2,53,0" doraHai="65" doraHaiUra="88" who="3" fromWho="3" sc="401,-41,189,-41,135,-41,255,143" owari="360,16.0,148,-25.2,94,-40.6,398,49.8" /></mjloggm>