<mjloggm ver="2.3"><GO type="169" lobby="0"/><UN n0="%E3%81%95%E3%81%AA%31%39%39%37" n1="%72%75%69%6E%65%76%65%72" n2="%E3%81%9B%E3%81%A9%E3%81%AA%E3%82%8A%E3%81%82%E3%82%93" n3="%E6%B3%A2%E4%B9%83%E7%90%86" dan="16,16,17,16" rate="2151.05,2113.42,2201.03,2112.11" sx="M,M,F,M"/><TAIKYOKU oya="0"/><INIT seed="0,0,0,4,1,51" ten="250,250,250,250" oya="0" hai0="64,86,7,16,8,34,6,73,81,110,44,68,40" hai1="85,45,27,109,84,11,4,37,111,113,60,19,79" hai2="87,24,101,74,1,124,26,108,29,63,70,30,66" hai3="55,128,9,131,106,122,91,99,33,72,65,14,118"/><T130/><D130/><U76/><E113/><V95/><F74/><W96/><G118/><T102/><D34/><U104/><E104/><V133/><F1/><W82/><G33/><T114/><D114/><U12/><E60/><V120/><F120/><W62/><G122/><T20/><D73/><U23/><E37/><V46/><F108/><N who="1" m="41545" /><E45/><V42/><F124/><W80/><G106/><T93/><D64/><U67/><E67/><V117/><F133/><W116/><G116/><T129/><D68/><U105/><E105/><V121/><F121/><W53/><G72/><T90/><D129/><N who="3" m="49737" /><G9/><T61/><D61/><U83/><E85/><V77/><F87/><N who="3" m="50663" /><G82/><T100/><D81/><U17/><E79/><V112/><F77/><W119/><G14/><N who="0" m="5399" /><D7/><AGARI ba="0,0" hai="4,7,11,12,17,19,23,27,76,83,84" m="41545" machi="7" ten="30,1000,0" yaku="14,1" doraHai="51" who="1" fromWho="0" sc="250,-10,250,10,250,0,250,0" /><INIT seed="1,0,0,2,0,83" ten="240,260,250,250" oya="1" hai0="17,92,134,97,48,34,0,46,33,11,123,75,116" hai1="8,111,28,81,30,82,67,89,53,113,39,36,109" hai2="103,84,43,71,102,15,22,74,104,7,9,31,99" hai3="62,108,5,124,98,16,6,55,115,110,73,64,32"/><U87/><E113/><V59/><F74/><W3/><G115/><T60/><D116/><U35/><E67/><V45/><F71/><W41/><G41/><T42/><D134/><U125/><E125/><V50/><F103/><W101/><G73/><T63/><D75/><U77/><E8/><V14/><F59/><W1/><G32/><T19/><D123/><U121/><E121/><V93/><F104/><W18/><G55/><T122/><D122/><U88/><E53/><V119/><F119/><W86/><G124/><T44/><D0/><N who="3" m="73" /><G62/><T49/><D33/><U85/><E35/><V131/><F131/><W65/><G98/><T21/><D34/><U2/><E2/><V54/><F54/><W4/><G86/><T10/><D97/><U91/><E91/><V94/><F15/><W114/><G101/><T80/><D80/><U90/><E90/><V58/><F58/><W70/><G70/><T40/><D92/><U56/><E56/><V106/><F84/><W132/><G132/><T76/><REACH who="0" step="1"/><D21/><REACH who="0" ten="230,260,250,250" step="2"/><U105/><REACH who="1" step="1"/><E105/><REACH who="1" ten="230,250,250,250" step="2"/><V68/><F106/><W29/><G114/><T24/><D24/><U72/><E72/><V128/><F22/><W95/><G95/><T27/><D27/><U51/><E51/><V12/><F93/><W126/><G126/><T130/><D130/><U118/><E118/><V69/><F128/><W120/><G120/><T79/><AGARI ba="0,2" hai="10,11,17,19,40,42,44,46,48,49,60,63,76,79" machi="79" ten="25,8000,1" yaku="1,1,0,1,22,2,8,1,53,0" doraHai="83" doraHaiUra="112" who="0" fromWho="0" sc="230,100,250,-40,250,-20,250,-20" /><INIT seed="2,0,0,1,1,10" ten="330,210,230,230" oya="2" hai0="21,67,123,60,56,32,113,100,5,63,116,11,87" hai1="70,88,90,12,51,78,72,18,55,43,105,15,133" hai2="50,44,61,31,124,94,110,97,112,121,68,119,57" hai3="37,35,126,71,77,135,16,14,69,45,53,83,103"/><V118/><F31/><W26/><G126/><T40/><D32/><U1/><E1/><V125/><F94/><W99/><G35/><T85/><D113/><U4/><E70/><V129/><F97/><W89/><G89/><T27/><D123/><U93/><E105/><V62/><F112/><W34/><G34/><T96/><D40/><U79/><E72/><V115/><F115/><W28/><G28/><T13/><D63/><U2/><E2/><V36/><F121/><W23/><G26/><T84/><D116/><N who="2" m="44586" /><F36/><W66/><G66/><T24/><REACH who="0" step="1"/><D21/><REACH who="0" ten="320,210,230,230" step="2"/><N who="1" m="11463" /><E43/><N who="2" m="24863" /><F129/><W48/><G37/><T132/><D132/><U42/><E133/><V107/><F110/><W98/><G135/><T9/><D9/><N who="1" m="4519" /><E42/><V114/><F114/><W30/><G30/><T7/><D7/><U49/><E49/><V58/><F68/><W86/><REACH who="3" step="1"/><G99/><REACH who="3" ten="320,210,230,220" step="2"/><T65/><D65/><U76/><E93/><AGARI ba="0,2" hai="14,16,23,45,48,53,69,71,77,83,86,93,98,103" machi="93" ten="30,8000,1" yaku="1,1,2,1,7,1,52,1,54,1,53,0" doraHai="10" doraHaiUra="109" who="3" fromWho="1" sc="320,0,210,-80,230,0,220,100" /><AGARI ba="0,0" hai="5,11,13,24,27,56,60,67,84,85,87,93,96,100" machi="93" ten="40,5200,0" yaku="1,1,8,1,52,1,53,0" doraHai="10" doraHaiUra="109" who="0" fromWho="1" sc="320,52,130,-52,230,0,320,0" /><INIT seed="3,0,0,3,1,120" ten="372,78,230,320" oya="3" hai0="64,105,101,70,40,80,123,116,32,102,122,86,110" hai1="81,26,33,28,24,83,98,90,57,17,73,111,49" hai2="54,69,41,47,4,23,14,103,65,50,119,55,34" hai3="124,27,36,125,22,37,19,99,2,0,21,76,91"/><W82/><G99/><T77/><D116/><U118/><E118/><V56/><F34/><W127/><G91/><T11/><D40/><U20/><E73/><V61/><F119/><W18/><G37/><T95/><D32/><U114/><E114/><V29/><F103/><W128/><G36/><T117/><D117/><U39/><E39/><V30/><F55/><W42/><G42/><T94/><D64/><U16/><E17/><V15/><F4/><W1/><G82/><T48/><D48/><U100/><E90/><V46/><F46/><W31/><G76/><T43/><D43/><U85/><E85/><V132/><F132/><W38/><G38/><T52/><D52/><U68/><E68/><V75/><F75/><W71/><G71/><T106/><D11/><U92/><REACH who="1" step="1"/><E111/><REACH who="1" ten="372,68,230,320" step="2"/><V45/><F69/><W112/><G112/><T67/><D110/><U108/><E108/><V66/><F30/><W59/><G128/><T62/><D122/><U96/><E96/><V135/><F135/><W129/><G129/><T12/><D123/><U131/><E131/><V121/><F121/><W115/><G115/><T10/><D101/><U25/><E25/><V3/><F29/><N who="3" m="17647" /><G59/><T97/><D106/><U13/><E13/><V58/><F14/><W126/><G126/><T79/><D79/><U63/><E63/><N who="2" m="36247" /><F47/><W84/><G84/><T89/><D77/><U51/><E51/><V74/><F74/><W134/><G134/><T35/><D105/><U87/><E87/><V133/><F133/><W8/><G8/><T53/><D10/><U88/><E88/><V7/><F58/><RYUUKYOKU ba="0,1" sc="372,-15,68,15,230,-15,320,15" hai1="16,20,24,26,28,33,49,57,81,83,92,98,100" hai3="0,1,2,18,19,22,31,124,125,127" /><INIT seed="3,1,1,1,3,16" ten="357,83,215,335" oya="3" hai0="130,36,12,131,57,42,113,114,120,79,98,17,51" hai1="126,112,18,83,63,67,3,44,123,75,28,100,55" hai2="129,86,128,35,81,99,90,109,54,64,124,117,101" hai3="27,73,38,122,0,84,121,119,13,106,43,66,21"/><W9/><G73/><T60/><D120/><U71/><E123/><V49/><F35/><W53/><G119/><T82/><D98/><U132/><E112/><N who="0" m="43113" /><D36/><U96/><E126/><V23/><F64/><W72/><G72/><N who="0" m="43367" /><D51/><U40/><E132/><V52/><F117/><W26/><G106/><T11/><D42/><U91/><E91/><V45/><F109/><W59/><G0/><T105/><D105/><U8/><E3/><V50/><F124/><W10/><G66/><AGARI ba="1,1" hai="11,12,17,57,60,66,130,131" m="43367,43113" machi="66" ten="30,1000,0" yaku="11,1" doraHai="16" who="0" fromWho="3" sc="357,23,83,0,215,0,335,-13" /><INIT seed="4,0,0,3,2,124" ten="380,83,215,322" oya="0" hai0="94,47,134,106,1,104,88,35,74,43,62,75,11" hai1="41,67,38,105,86,135,15,59,0,101,85,31,93" hai2="2,55,87,69,117,110,22,77,119,14,125,83,51" hai3="57,68,109,37,63,79,133,132,102,99,100,103,113"/><T20/><D35/><U65/><E0/><V98/><F2/><W121/><G37/><T4/><D134/><U111/><E111/><V18/><F110/><W122/><G109/><T21/><D62/><U32/><E105/><V81/><F69/><W108/><G108/><T52/><D104/><U120/><E120/><N who="3" m="46186" /><G113/><T114/><D106/><U13/><E135/><N who="3" m="51786" /><G79/><T126/><D126/><U49/><E38/><V45/><F125/><W66/><G99/><T9/><D9/><U112/><E112/><V50/><F98/><W129/><G68/><T73/><D52/><N who="1" m="32143" /><E32/><V64/><F64/><N who="1" m="24649" /><E31/><V128/><F51/><W56/><G56/><T71/><D71/><U116/><E116/><N who="2" m="44619" /><F81/><W17/><G17/><T26/><D114/><U12/><E41/><V6/><F6/><W91/><G91/><T39/><REACH who="0" step="1"/><D26/><REACH who="0" ten="370,83,215,322" step="2"/><U30/><E30/><V118/><F118/><W44/><G44/><T19/><D19/><U72/><E72/><V70/><F70/><W127/><G127/><T10/><D10/><U131/><E131/><AGARI ba="0,1" hai="14,18,22,45,50,55,77,83,87,128,131" m="44619" machi="131" ten="30,3900,0" yaku="12,1,52,2" doraHai="124" who="2" fromWho="1" sc="370,0,83,-39,215,49,322,0" /><AGARI ba="0,0" hai="57,63,66,100,102,103,129,131" m="51786,46186" machi="131" ten="40,8000,1" yaku="13,1,20,1,52,2" doraHai="124" who="3" fromWho="1" sc="370,0,44,-80,264,0,322,80" owari="370,17.0,-36,-53.6,264,-13.6,402,50.2" /></mjloggm>