<mjloggm ver="2.3"><GO type="169" lobby="0"/><UN n0="%E3%83%94%E3%83%B3%E3%82%B5%E3%83%AD%E5%BA%97%E5%93%A1" n1="%74%65%63%68%74%6F" n2="%E7%B5%B6%E5%AF%BE%E9%98%B2%E5%BE%A1%E5%B0%86%E8%BB%8D" n3="%E3%81%AF%E3%81%99%E3%81%9F" dan="17,17,16,17" rate="2197.49,2176.34,2097.77,2209.28" sx="M,M,M,M"/><TAIKYOKU oya="0"/><INIT seed="0,0,0,3,4,89" ten="250,250,250,250" oya="0" hai0="78,5,24,66,2,22,126,110,101,99,44,123,86" hai1="93,81,32,120,117,129,7,34,103,8,58,25,74" hai2="105,98,23,80,116,12,83,18,43,9,47,57,131" hai3="79,106,59,49,132,11,88,96,122,3,51,4,113"/><T128/><D123/><U121/><E117/><V95/><F131/><W27/><G122/><T26/><D128/><U40/><E129/><V104/><F116/><W14/><G113/><T55/><D126/><U16/><E40/><V20/><F57/><W33/><G132/><T118/><D118/><U84/><E74/><V130/><F130/><W28/><G79/><T71/><D110/><U10/><E58/><V41/><F105/><W85/><G3/><T87/><D2/><U135/><E135/><V17/><F104/><W90/><G59/><T15/><D66/><U63/><E63/><V56/><F56/><W97/><G97/><T39/><D71/><U114/><E34/><V102/><F9/><W92/><REACH who="3" step="1"/><G106/><REACH who="3" ten="250,250,250,240" step="2"/><T53/><D78/><U45/><E114/><V46/><F46/><W111/><G111/><T61/><D87/><U112/><E45/><V107/><F107/><W37/><G37/><T31/><D86/><U91/><E112/><V94/><F94/><AGARI ba="0,1" hai="4,11,14,27,28,33,49,51,85,88,90,92,94,96" machi="94" ten="30,12000,2" yaku="1,1,7,1,52,2,54,1,53,1" doraHai="89" doraHaiUra="6" who="3" fromWho="2" sc="250,0,250,0,250,-120,240,130" /><INIT seed="1,0,0,1,5,56" ten="250,250,130,370" oya="1" hai0="43,10,109,125,118,35,17,1,6,73,42,93,95" hai1="127,116,133,119,86,18,101,14,34,45,89,72,28" hai2="79,67,38,69,103,20,41,75,23,88,98,5,91" hai3="22,9,33,71,8,135,110,124,4,11,105,96,66"/><U21/><E72/><V108/><F108/><W87/><G110/><T64/><D118/><U121/><E121/><V134/><F134/><W122/><G122/><T85/><D73/><U99/><E133/><V12/><F38/><W68/><G135/><T55/><D109/><U15/><E127/><V7/><F41/><W77/><G124/><T115/><D115/><U104/><E45/><V97/><F75/><W37/><G37/><T126/><D35/><U29/><E14/><V46/><F79/><W50/><G33/><T51/><D126/><U54/><E54/><V44/><F12/><W65/><G22/><T102/><D125/><U3/><E3/><V70/><REACH who="2" step="1"/><F67/><REACH who="2" ten="250,250,120,370" step="2"/><W39/><G66/><T27/><D64/><U132/><E132/><V74/><F74/><W111/><G39/><T52/><D42/><U130/><E15/><V128/><F128/><W107/><G77/><T117/><D43/><U13/><E130/><V120/><F120/><W112/><G65/><T40/><D40/><U2/><E2/><V129/><F129/><W16/><G111/><T61/><D1/><U113/><E113/><V32/><F32/><W49/><G112/><T24/><D117/><U0/><E0/><V84/><F84/><W114/><G87/><T31/><D85/><U47/><E34/><V25/><F25/><W76/><G76/><T63/><D27/><U58/><E119/><V53/><F53/><W92/><G114/><T48/><D55/><U94/><E116/><V106/><F106/><W62/><G105/><T60/><D52/><U19/><E86/><V123/><F123/><RYUUKYOKU ba="0,1" sc="250,-10,250,-10,120,30,370,-10" hai2="5,7,20,23,44,46,69,70,88,91,97,98,103" /><INIT seed="2,1,1,5,3,118" ten="240,240,150,360" oya="2" hai0="11,31,3,117,58,27,64,16,94,59,42,26,34" hai1="23,57,71,17,82,18,91,4,13,131,97,110,60" hai2="55,133,79,129,123,124,24,90,78,85,135,2,101" hai3="56,132,76,102,108,33,22,50,62,9,49,111,74"/><V70/><F70/><W68/><G33/><T53/><D117/><U67/><E110/><N who="3" m="42026" /><G132/><N who="2" m="50761" /><F2/><W72/><G102/><T10/><D42/><U127/><E127/><V5/><F5/><W95/><G95/><T30/><D64/><U41/><E131/><V112/><F112/><W46/><G68/><T63/><D59/><U116/><E116/><V28/><F124/><W54/><G76/><T35/><D3/><U80/><E71/><V21/><F129/><W65/><G22/><T37/><D37/><U103/><E4/><V130/><F130/><W122/><G122/><T104/><D104/><U119/><E119/><V14/><F123/><W125/><G125/><T84/><REACH who="0" step="1"/><D16/><REACH who="0" ten="230,240,150,360" step="2"/><U100/><E18/><N who="2" m="10455" /><F55/><W7/><G50/><T81/><D81/><U6/><E82/><N who="2" m="49463" /><F101/><W120/><G120/><T1/><D1/><AGARI ba="1,2" hai="1,7,9,46,49,54,56,62,65,72,74" m="42026" machi="1" ten="30,1000,0" yaku="14,1" doraHai="118" who="3" fromWho="0" sc="230,-13,240,0,150,0,360,33" /><INIT seed="3,0,0,0,0,11" ten="217,240,150,393" oya="3" hai0="133,55,68,18,30,109,26,47,84,70,31,115,20" hai1="93,21,123,35,59,56,33,23,22,117,15,76,97" hai2="125,75,112,2,19,131,105,88,53,51,61,71,66" hai3="38,72,39,100,64,41,102,17,60,7,36,3,16"/><W9/><G72/><T42/><D109/><U96/><E123/><V69/><F112/><W135/><G135/><T104/><D104/><U63/><E117/><V25/><F125/><W28/><G41/><T48/><D133/><U4/><E76/><V10/><F131/><W128/><G128/><T92/><D115/><U89/><E97/><V49/><F105/><W65/><G65/><T107/><D107/><U62/><E35/><V74/><F71/><W116/><G116/><T94/><D70/><U108/><E33/><V134/><F51/><W80/><G80/><T32/><D68/><U103/><E103/><V110/><F110/><W127/><G127/><T85/><D31/><U1/><E1/><V67/><F67/><W45/><G45/><T81/><D42/><U113/><E113/><V46/><F134/><W77/><G77/><T43/><D43/><U82/><E82/><V0/><F0/><W73/><G73/><T98/><D81/><U118/><E118/><V50/><F50/><W37/><N who="3" m="9216" /><DORA hai="101" /><W86/><G86/><T57/><D47/><U13/><E4/><V8/><F2/><W91/><G91/><T58/><D58/><N who="1" m="22059" /><E108/><V83/><F75/><W44/><G100/><T95/><REACH who="0" step="1"/><D98/><REACH who="0" ten="207,240,150,393" step="2"/><U5/><E5/><V24/><F83/><W106/><G7/><T79/><D79/><U12/><AGARI ba="0,1" hai="12,13,15,21,22,23,62,63,89,93,96" m="22059" machi="12" ten="40,8000,1" yaku="8,1,52,3" doraHai="11,101" who="1" fromWho="1" sc="207,-20,240,90,150,-20,393,-40" /><INIT seed="4,0,0,2,3,49" ten="187,330,130,353" oya="0" hai0="35,25,24,108,2,32,127,76,113,30,53,100,101" hai1="12,118,124,40,13,11,16,54,77,5,96,71,130" hai2="132,8,84,22,27,79,55,112,135,62,67,9,98" hai3="33,17,26,63,134,20,83,131,95,133,7,72,120"/><T15/><D2/><U93/><E118/><V114/><F98/><W52/><G33/><T45/><D113/><N who="2" m="43626" /><F84/><W80/><G7/><T28/><D127/><U117/><E124/><V103/><F79/><W89/><G72/><T122/><D122/><U73/><E71/><V36/><F103/><W99/><G131/><T70/><D70/><U42/><E130/><V121/><F36/><W111/><G111/><T75/><D108/><U92/><E117/><V116/><F121/><W60/><G60/><T82/><REACH who="0" step="1"/><D15/><REACH who="0" ten="177,330,130,353" step="2"/><U19/><E13/><V4/><F116/><W126/><G126/><T104/><D104/><U23/><E12/><V119/><F119/><W65/><G120/><T1/><D1/><U105/><E105/><V18/><F135/><N who="3" m="51723" /><G65/><T88/><D88/><U94/><E42/><V110/><F132/><W66/><G66/><T61/><D61/><U91/><E40/><V74/><F110/><W37/><G37/><T21/><D21/><U106/><E23/><V48/><F67/><W97/><G97/><T102/><D102/><U43/><E96/><V31/><F62/><W123/><G123/><T125/><D125/><U129/><E129/><V47/><F9/><W59/><AGARI ba="0,1" hai="17,20,26,52,59,63,80,83,89,95,99" m="51723" machi="59" ten="30,7900,0" yaku="25,1,20,1,52,1,54,1" doraHai="49" who="3" fromWho="3" sc="177,-39,330,-20,130,-20,353,89" /><INIT seed="5,0,0,4,0,49" ten="138,310,110,442" oya="1" hai0="105,51,30,1,4,95,123,16,98,113,104,83,70" hai1="126,59,36,84,111,94,67,132,27,86,131,46,52" hai2="91,39,100,45,125,28,76,3,23,13,102,128,135" hai3="122,61,121,114,55,110,62,26,77,71,8,35,9"/><U78/><E131/><V79/><F3/><W99/><G110/><T5/><D70/><U22/><E132/><V10/><F135/><W48/><G77/><N who="2" m="29769" /><F39/><W32/><G114/><T88/><D113/><U7/><E126/><V116/><F116/><W82/><G99/><T118/><D118/><U54/><E111/><V103/><F128/><W25/><G48/><T31/><D123/><U133/><E133/><V97/><F45/><W24/><G24/><T43/><D105/><U44/><E7/><N who="0" m="2633" /><D104/><U89/><E67/><V47/><F47/><N who="1" m="17961" /><E36/><V50/><F50/><W134/><G134/><T80/><D1/><U56/><E59/><V124/><F23/><W129/><G129/><T19/><D43/><U109/><E56/><V64/><F28/><N who="0" m="10794" /><D51/><U85/><E109/><V34/><F34/><W112/><G112/><T69/><D69/><U11/><E11/><V29/><F29/><W21/><G71/><T38/><D38/><U41/><E41/><V115/><F115/><W2/><G2/><T68/><D68/><U6/><E6/><V0/><F0/><W42/><G42/><T101/><D101/><U37/><E37/><V90/><F125/><W92/><G21/><T87/><D98/><N who="1" m="57679" /><E78/><V65/><F124/><W96/><G96/><T18/><AGARI ba="0,0" hai="16,18,19,80,83,87,88,95" m="10794,2633" machi="18" ten="30,4000,0" yaku="8,1,54,2" doraHai="49" who="0" fromWho="0" sc="138,40,310,-20,110,-10,442,-10" /><INIT seed="6,0,0,1,0,47" ten="178,290,100,432" oya="2" hai0="83,122,99,131,89,4,94,132,75,111,133,57,90" hai1="37,49,17,88,7,77,41,67,127,104,128,28,82" hai2="81,1,0,15,66,129,32,123,76,24,100,72,18" hai3="36,58,65,62,38,121,46,106,64,91,8,61,2"/><V34/><F123/><W59/><G106/><T22/><D4/><U103/><E37/><V45/><F129/><W40/><G121/><T63/><D122/><U116/><E67/><V69/><F100/><W55/><G91/><T118/><D111/><U14/><E28/><V9/><F69/><N who="3" m="42127" /><G8/><T119/><D22/><U112/><E112/><V113/><F66/><W97/><G97/><T54/><D131/><U126/><E116/><N who="0" m="44585" /><D89/><U33/><E33/><V56/><F56/><W43/><G2/><T98/><D98/><U93/><E128/><V96/><F96/><W117/><G117/><T134/><D83/><U52/><E7/><V10/><F113/><W51/><G43/><T85/><D85/><U92/><E41/><V31/><F34/><W102/><G102/><T26/><D26/><U71/><E103/><V20/><REACH who="2" step="1"/><F45/><REACH who="2" ten="178,290,90,432" step="2"/><W5/><G59/><T74/><AGARI ba="0,1" hai="54,57,63,74,75,90,94,99,132,133,134" m="44585" machi="74" ten="40,2700,0" yaku="20,1,12,1" doraHai="47" who="0" fromWho="0" sc="178,37,290,-7,90,-13,432,-7" /><INIT seed="7,0,0,3,1,123" ten="215,283,77,425" oya="3" hai0="109,4,107,64,133,82,61,92,27,21,37,119,98" hai1="128,31,76,12,5,10,73,75,66,105,11,33,6" hai2="26,50,63,135,126,88,7,125,101,28,132,54,71" hai3="118,9,127,129,77,90,94,29,40,96,44,131,93"/><W15/><G118/><T74/><D119/><U113/><E66/><N who="2" m="41439" /><F101/><W20/><G127/><N who="2" m="48649" /><F7/><W67/><G67/><T22/><D37/><U48/><E48/><V99/><F26/><W108/><G77/><T91/><D133/><N who="2" m="51274" /><F28/><W104/><G104/><T80/><D4/><U95/><E31/><V111/><F99/><W14/><G93/><T89/><D107/><U57/><E95/><V84/><F84/><W42/><G20/><T72/><D22/><U56/><E76/><V55/><F88/><W97/><G9/><T36/><D80/><U2/><E11/><V115/><F115/><W34/><G90/><T69/><D91/><U100/><E10/><V120/><F120/><W87/><G44/><T59/><D82/><U35/><E100/><V124/><N who="2" m="48657" /><V112/><DORA hai="51" /><F112/><W70/><G87/><T85/><D85/><U121/><E121/><V114/><F114/><W134/><G34/><T68/><D72/><U16/><E73/><V38/><F38/><W32/><G32/><T130/><D36/><U62/><E75/><V86/><F86/><W43/><G94/><T17/><D74/><U46/><E105/><V79/><F79/><W19/><G96/><T39/><D39/><U78/><E78/><V81/><F81/><W45/><G97/><T102/><D102/><U30/><E30/><V116/><F116/><W53/><G19/><T58/><D98/><U83/><E83/><V1/><F1/><W117/><G117/><T103/><D103/><U0/><E0/><V8/><F8/><W65/><G134/><T106/><D106/><U52/><E113/><RYUUKYOKU ba="0,0" sc="215,0,283,0,77,0,425,0" owari="215,-18.5,283,8.3,77,-42.3,425,52.5" /></mjloggm>