<mjloggm ver="2.3"><GO type="169" lobby="0"/><UN n0="%74%73%75%6B%69%31" n1="%41%2E%53%74%61%72%73" n2="%E3%82%AB%E3%83%AB%E3%83%94%E3%82%B9%E3%82%B5%E3%83%AF%E3%83%BC" n3="%E4%B8%83%E8%8D%89%E9%A6%99%E6%BE%84" dan="16,16,17,16" rate="2178.72,2039.32,2216.32,2166.93" sx="M,M,M,F"/><TAIKYOKU oya="0"/><INIT seed="0,0,0,4,2,80" ten="250,250,250,250" oya="0" hai0="58,55,82,26,94,129,24,121,95,37,42,96,103" hai1="64,71,2,27,109,108,107,67,74,70,11,14,98" hai2="87,43,78,5,3,44,8,134,132,1,20,119,89" hai3="131,25,15,7,97,17,62,39,21,69,105,85,120"/><T79/><D121/><U92/><E74/><V102/><F119/><W32/><G120/><T125/><D125/><U57/><E107/><V111/><F111/><N who="1" m="42569" /><E2/><V130/><F130/><W84/><G131/><T56/><D129/><U35/><E27/><V72/><F1/><W86/><G39/><T0/><D0/><U9/><E35/><V59/><F102/><N who="3" m="62671" /><G7/><T118/><D118/><U133/><E133/><V110/><F110/><W29/><G84/><T63/><D95/><U34/><E34/><V68/><F68/><N who="1" m="26153" /><E57/><V100/><F100/><W36/><G36/><T10/><D10/><N who="1" m="3595" /><E14/><V73/><F59/><W38/><G38/><T90/><D103/><AGARI ba="0,0" hai="64,67,92,98,103" m="3595,26153,42569" machi="103" ten="30,1000,0" yaku="14,1" doraHai="80" who="1" fromWho="0" sc="250,-10,250,10,250,0,250,0" /><INIT seed="1,0,0,3,4,71" ten="240,260,250,250" oya="1" hai0="20,53,61,98,58,33,134,131,45,93,114,121,88" hai1="70,52,59,94,64,2,39,7,87,25,27,95,41" hai2="35,92,80,82,15,56,73,74,126,113,119,63,123" hai3="72,9,3,110,57,133,16,4,54,83,117,75,67"/><U69/><E2/><V118/><F35/><W81/><G67/><T50/><D134/><U84/><E7/><V18/><F123/><W21/><G133/><T8/><D121/><U24/><E41/><V101/><F126/><W11/><G110/><T29/><D131/><U0/><E0/><V12/><F113/><W116/><G11/><T22/><D114/><U31/><E31/><V48/><F48/><W77/><G83/><T112/><D112/><U106/><E106/><V132/><F132/><W34/><G34/><T128/><D128/><U122/><E122/><V51/><F51/><W124/><G124/><T79/><D79/><U46/><E94/><V130/><F92/><W19/><G72/><T120/><D120/><U6/><E6/><V17/><F56/><W85/><G75/><T99/><D98/><U96/><E46/><V5/><F5/><W42/><G42/><T44/><D45/><U97/><E39/><V23/><F63/><W68/><G68/><T49/><D50/><U89/><E87/><V91/><F130/><W90/><G77/><T65/><REACH who="0" step="1"/><D8/><REACH who="0" ten="230,260,250,250" step="2"/><U107/><E97/><V26/><F118/><W10/><G10/><T38/><D38/><U43/><E43/><V66/><F119/><W47/><G47/><T36/><D36/><U115/><E115/><V108/><F108/><W76/><G76/><T86/><D86/><U129/><E129/><V127/><F74/><W105/><G117/><T37/><D37/><U100/><REACH who="1" step="1"/><E64/><REACH who="1" ten="230,250,250,250" step="2"/><V104/><F66/><W13/><G116/><T103/><D103/><U32/><E32/><V30/><F101/><RYUUKYOKU ba="0,2" sc="230,15,250,15,250,-15,250,-15" hai0="20,22,29,33,44,49,53,58,61,65,88,93,99" hai1="24,25,27,52,59,69,70,84,89,95,96,100,107" /><INIT seed="1,1,2,3,2,54" ten="245,265,235,235" oya="1" hai0="16,5,43,17,36,37,128,103,119,28,98,102,73" hai1="25,69,55,79,86,124,134,64,80,100,68,77,30" hai2="125,116,105,49,108,41,56,104,90,53,89,19,101" hai3="87,59,71,74,130,38,110,23,118,58,123,122,127"/><U10/><E124/><V50/><F116/><W14/><G74/><T48/><D119/><U0/><E134/><V72/><F72/><W85/><G118/><T115/><D73/><U8/><E79/><V15/><F125/><W114/><G127/><T63/><D115/><U1/><E100/><V4/><F4/><W117/><G117/><T51/><D5/><U62/><E69/><V132/><F132/><W66/><G114/><T111/><D28/><U94/><E94/><V52/><F41/><W88/><G38/><T106/><D103/><U67/><E67/><V61/><F108/><W65/><G110/><T60/><D111/><U97/><E97/><V96/><F104/><W7/><G130/><T75/><D75/><U57/><E1/><V84/><F53/><W70/><G7/><T82/><D82/><U32/><REACH who="1" step="1"/><E0/><REACH who="1" ten="245,255,235,235" step="2"/><V133/><F133/><W92/><G92/><T78/><D78/><U6/><E6/><V83/><REACH who="2" step="1"/><F89/><REACH who="2" ten="245,255,225,235" step="2"/><W112/><G112/><T95/><D106/><U11/><E11/><AGARI ba="1,4" hai="11,15,19,49,50,52,56,61,83,84,90,96,101,105" machi="11" ten="30,12000,2" yaku="1,1,2,1,7,1,52,1,54,1,53,1" doraHai="54" doraHaiUra="13" who="2" fromWho="1" sc="245,0,255,-123,225,163,235,0" /><INIT seed="2,0,0,0,5,41" ten="245,132,388,235" oya="2" hai0="121,76,82,45,107,114,101,115,59,85,78,93,102" hai1="68,117,38,19,100,58,7,74,122,110,32,57,89" hai2="80,106,26,36,126,0,65,16,34,27,134,8,99" hai3="22,128,15,56,55,61,53,20,90,104,71,127,21"/><V86/><F36/><W95/><G71/><T120/><D59/><U66/><E117/><V98/><F126/><W50/><G127/><T6/><D6/><U73/><E38/><V5/><F134/><W10/><G104/><T123/><D45/><U18/><E32/><V43/><F43/><W108/><G108/><T51/><D51/><U91/><E100/><V75/><F75/><W119/><G119/><T23/><D23/><U49/><E7/><V69/><F106/><W125/><G125/><T77/><D107/><U70/><E49/><V97/><F34/><W96/><G128/><T14/><D14/><U113/><E66/><V35/><F35/><W33/><G33/><T111/><D111/><U42/><E42/><V3/><F3/><W2/><G2/><T112/><D93/><U116/><E110/><V63/><REACH who="2" step="1"/><F16/><REACH who="2" ten="245,132,378,235" step="2"/><N who="3" m="10271" /><G10/><T31/><REACH who="0" step="1"/><D31/><REACH who="0" ten="235,132,378,235" step="2"/><U13/><E116/><V109/><F109/><W44/><AGARI ba="0,2" hai="21,22,44,50,53,55,56,61,90,95,96" m="10271" machi="44" ten="30,4000,0" yaku="8,1,52,1,54,1" doraHai="41" who="3" fromWho="3" sc="235,-10,132,-10,378,-20,235,60" /><INIT seed="3,0,0,5,3,58" ten="225,122,358,295" oya="3" hai0="95,27,111,29,38,24,91,31,22,135,56,112,125" hai1="49,19,45,97,52,30,20,103,100,71,44,23,134" hai2="96,117,12,11,34,33,21,132,73,116,105,42,2" hai3="65,64,53,1,67,50,79,90,118,48,86,43,68"/><W124/><G1/><T129/><D38/><U0/><E134/><V84/><F73/><W107/><G107/><T6/><D135/><U109/><E109/><V104/><F132/><W63/><G79/><T7/><D111/><U94/><E0/><V102/><F104/><W114/><G114/><T51/><D129/><U5/><E71/><V36/><F84/><W72/><G72/><T10/><D125/><U35/><E35/><N who="2" m="13323" /><F21/><W93/><G124/><T115/><D51/><U8/><E5/><N who="2" m="1463" /><F12/><W88/><G118/><T32/><D56/><U59/><E8/><V76/><F76/><W46/><REACH who="3" step="1"/><G90/><REACH who="3" ten="225,122,358,285" step="2"/><T25/><D91/><U128/><E128/><V28/><F105/><W3/><G3/><T70/><D115/><U13/><E103/><V126/><F126/><W40/><G40/><T74/><D112/><U41/><REACH who="1" step="1"/><E41/><REACH who="1" ten="225,112,358,285" step="2"/><V9/><F42/><W4/><G4/><T120/><D6/><U66/><E66/><V39/><F102/><W16/><G16/><T133/><D7/><U89/><E89/><V37/><F116/><W47/><AGARI ba="0,2" hai="43,46,47,48,50,53,63,64,65,67,68,86,88,93" machi="47" ten="20,18000,2" yaku="1,1,0,1,7,1,52,1,54,1,53,1" doraHai="58" doraHaiUra="81" who="3" fromWho="3" sc="225,-60,112,-60,358,-60,285,200" /><INIT seed="3,1,0,1,4,119" ten="165,52,298,485" oya="3" hai0="45,85,134,122,43,113,42,58,40,8,35,110,30" hai1="104,103,65,124,14,19,102,82,97,78,24,10,79" hai2="96,31,33,68,49,21,66,18,120,128,83,56,64" hai3="53,112,81,1,44,38,50,59,95,115,6,11,46"/><W28/><G28/><T123/><D110/><U27/><E124/><V84/><F128/><W70/><G70/><T2/><D134/><U130/><E130/><V87/><F68/><W57/><G95/><T105/><D105/><U17/><E103/><V63/><F33/><W61/><G81/><T89/><D45/><U69/><E19/><V121/><F31/><W106/><G106/><T92/><D113/><U29/><E82/><V90/><F64/><W72/><G72/><T100/><D100/><U127/><E27/><V117/><F117/><W37/><G59/><T5/><REACH who="0" step="1"/><D58/><REACH who="0" ten="155,52,298,485" step="2"/><U71/><E71/><V114/><F114/><W109/><G109/><T41/><N who="0" m="10240" /><DORA hai="16" /><T88/><D88/><U0/><E127/><V133/><F133/><W26/><G46/><T99/><D99/><U126/><E126/><V118/><F96/><W23/><G115/><T73/><D73/><U77/><E77/><V7/><F118/><W135/><G112/><T4/><D4/><U107/><E107/><V47/><F7/><W80/><G135/><T101/><D101/><U32/><REACH who="1" step="1"/><E0/><REACH who="1" ten="155,42,298,485" step="2"/><V3/><F3/><W74/><G1/><T52/><D52/><U125/><E125/><V54/><REACH who="2" step="1"/><F84/><REACH who="2" ten="155,42,288,485" step="2"/><W111/><G111/><T9/><D9/><U12/><E12/><AGARI ba="1,3" hai="12,18,21,47,49,54,56,63,66,83,87,90,120,121" machi="12" ten="40,8000,1" yaku="1,1,2,1,52,3,53,0" doraHai="119,16" doraHaiUra="93,129" who="2" fromWho="1" sc="155,0,42,-83,288,113,485,0" owari="155,-24.5,-41,-54.1,401,20.1,485,58.5" /></mjloggm>