<mjloggm ver="2.3"><GO type="169" lobby="0"/><UN n0="%58%E7%8C%AB" n1="%E3%81%A1%E3%82%83%E3%81%B0%E3%82%8A%E3%83%BC%E3%82%84" n2="%E3%83%8F%E3%82%BF%E3%83%A2%E3%83%88%E3%83%92%E3%83%AD" n3="%4E%6F%73%75%6B%65" dan="16,16,16,16" rate="2053.93,2121.50,2132.12,2162.68" sx="M,M,M,M"/><TAIKYOKU oya="0"/><INIT seed="0,0,0,1,0,133" ten="250,250,250,250" oya="0" hai0="131,59,15,125,61,73,3,75,101,35,18,109,30" hai1="5,99,64,69,47,91,126,97,92,1,105,93,11" hai2="10,72,25,102,100,39,44,8,85,81,17,58,116" hai3="45,80,38,68,16,112,48,13,33,22,20,28,118"/><T129/><D3/><U111/><E111/><V52/><F72/><W27/><G112/><T87/><D101/><U37/><E105/><V2/><F116/><W4/><G118/><T115/><D115/><U123/><E123/><V94/><F39/><W67/><G38/><T122/><D122/><U31/><E31/><V130/><F130/><N who="0" m="49674" /><D87/><U63/><E37/><V110/><F44/><W106/><G106/><T56/><D56/><U50/><E126/><V32/><F110/><W135/><G135/><T36/><D109/><U19/><E19/><V124/><F124/><W41/><G4/><T43/><D43/><U108/><E108/><V7/><F94/><W104/><G104/><T113/><D113/><U78/><E78/><V77/><F32/><W103/><G103/><T79/><D79/><U128/><E128/><V89/><F77/><W24/><G80/><T82/><D82/><U49/><REACH who="1" step="1"/><E47/><REACH who="1" ten="250,240,250,250" step="2"/><V117/><F117/><W26/><REACH who="3" step="1"/><G33/><REACH who="3" ten="250,240,250,240" step="2"/><T120/><D36/><U55/><E55/><V90/><F52/><W84/><G84/><T23/><D120/><U62/><E62/><AGARI ba="0,2" hai="13,16,20,22,24,26,27,28,41,45,48,62,67,68" machi="62" ten="40,2600,0" yaku="1,1,54,1,53,0" doraHai="133" doraHaiUra="54" who="3" fromWho="1" sc="250,0,240,-26,250,0,240,46" /><INIT seed="1,0,0,3,0,27" ten="250,214,250,286" oya="1" hai0="71,33,6,55,93,81,78,92,57,54,98,4,48" hai1="42,60,72,36,128,20,120,44,62,95,123,13,66" hai2="106,110,118,84,129,49,47,67,9,11,41,39,105" hai3="16,102,101,21,3,50,59,131,127,83,100,31,73"/><U134/><E72/><V96/><F118/><W37/><G37/><T125/><D71/><U14/><E128/><V40/><F129/><W132/><G131/><T15/><D125/><U68/><E134/><V111/><F67/><W22/><G3/><T23/><D33/><U35/><E35/><V114/><F114/><W116/><G116/><T43/><D43/><U77/><E77/><V58/><F84/><W121/><G121/><T103/><D92/><U32/><E32/><V76/><F76/><W7/><G7/><T99/><D99/><U112/><E112/><V17/><F96/><W88/><G127/><T5/><D55/><U65/><E95/><V126/><F126/><W38/><G38/><T24/><D15/><U64/><E64/><V1/><F11/><W45/><G59/><T124/><D124/><U90/><E90/><V56/><F17/><W94/><G132/><T97/><D97/><U25/><E123/><V46/><F106/><W75/><G83/><T29/><REACH who="0" step="1"/><D4/><REACH who="0" ten="240,214,250,286" step="2"/><U2/><E120/><V69/><F69/><W86/><G94/><T133/><D133/><U28/><REACH who="1" step="1"/><E2/><REACH who="1" ten="240,204,250,286" step="2"/><V109/><F105/><W85/><G102/><T52/><D52/><U80/><E80/><V61/><F1/><W0/><G101/><T8/><D8/><U26/><E26/><V107/><F9/><W19/><G100/><T63/><D63/><U87/><E87/><AGARI ba="0,2" hai="5,6,23,24,29,48,54,57,78,81,87,93,98,103" machi="87" ten="30,8000,1" yaku="1,1,7,1,8,1,52,1,53,1" doraHai="27" doraHaiUra="51" who="0" fromWho="1" sc="240,100,204,-80,250,0,286,0" /><INIT seed="2,0,0,5,0,36" ten="340,124,250,286" oya="2" hai0="30,123,82,51,68,87,102,77,28,124,37,70,94" hai1="21,79,132,122,41,108,114,18,66,113,50,3,119" hai2="107,5,110,112,76,89,11,69,131,34,80,55,74" hai3="90,126,105,115,38,128,130,24,48,54,53,58,96"/><V46/><F112/><W17/><G115/><T40/><D123/><U62/><E119/><V15/><F34/><W12/><G126/><T4/><D37/><U9/><E108/><V56/><F69/><W7/><G38/><T135/><D124/><U65/><E122/><V20/><F107/><W49/><G7/><T33/><D33/><U61/><E132/><V64/><F131/><W45/><G24/><T27/><D135/><U134/><E134/><V111/><F64/><W10/><G105/><T109/><D109/><N who="2" m="41482" /><F20/><W29/><G29/><N who="0" m="11371" /><D27/><U71/><E21/><V85/><F46/><W95/><AGARI ba="0,0" hai="10,12,17,45,48,49,53,54,58,90,95,96,128,130" machi="95" ten="30,1100,0" yaku="0,1" doraHai="36" who="3" fromWho="3" sc="340,-3,124,-3,250,-5,286,11" /><INIT seed="3,0,0,4,0,0" ten="337,121,245,297" oya="3" hai0="79,30,124,52,69,2,31,93,121,85,106,130,78" hai1="82,108,100,120,135,51,36,47,81,113,43,67,103" hai2="125,61,14,41,80,104,64,102,42,55,56,28,86" hai3="133,71,39,107,116,87,10,60,111,3,134,94,4"/><W92/><G116/><T128/><D121/><U19/><E120/><V114/><F114/><W117/><G117/><T37/><D69/><U1/><E113/><V18/><F125/><W123/><G123/><T74/><D106/><U127/><E108/><V57/><F28/><N who="0" m="10794" /><D37/><U88/><E135/><N who="3" m="51722" /><G107/><T66/><D66/><U25/><E127/><V23/><F102/><W5/><G39/><T75/><D2/><U35/><E36/><V40/><F104/><W49/><G111/><T76/><D124/><U44/><E44/><V17/><F18/><W12/><G49/><T32/><D32/><U73/><E35/><V11/><F23/><W6/><G3/><T129/><D52/><U77/><E67/><V115/><F115/><W110/><G110/><T84/><D93/><N who="3" m="35945" /><G87/><AGARI ba="0,0" hai="74,75,76,78,79,84,85,87,128,129,130" m="10794" machi="87" ten="40,5200,0" yaku="28,2,19,1" doraHai="0" who="0" fromWho="3" sc="337,52,121,0,245,0,297,-52" /><INIT seed="4,0,0,5,4,59" ten="389,121,245,245" oya="0" hai0="97,72,108,33,65,36,126,4,109,58,48,120,62" hai1="3,57,61,60,43,51,99,18,19,76,7,129,135" hai2="134,5,1,115,32,130,96,124,30,98,83,14,70" hai3="131,112,79,100,35,133,122,111,78,53,11,81,87"/><T104/><D120/><U69/><E69/><V119/><F70/><W15/><G35/><T82/><D36/><U102/><E129/><V27/><F96/><W128/><G111/><N who="0" m="42571" /><D33/><U75/><E135/><V118/><F98/><W80/><G133/><T103/><D4/><U29/><E29/><V44/><F44/><W31/><G31/><T90/><D126/><U0/><E75/><V101/><F83/><W13/><G100/><T10/><D10/><U50/><E76/><V95/><F95/><W127/><G127/><T39/><D39/><U114/><E114/><V73/><F101/><W123/><G53/><T91/><D48/><U20/><E7/><V93/><F93/><W88/><G112/><T54/><D65/><U106/><E0/><V47/><F47/><W28/><G28/><T22/><D22/><U77/><E3/><V71/><F73/><N who="3" m="43087" /><G13/><T8/><D8/><U89/><E50/><V67/><F115/><W46/><G46/><T125/><D125/><U116/><E20/><V6/><F124/><W55/><G55/><T64/><D64/><U42/><E51/><V113/><F113/><W23/><G23/><T66/><D66/><U132/><E132/><V40/><F134/><W9/><G9/><T41/><D41/><U84/><E42/><V37/><F40/><W117/><G117/><T45/><D45/><U74/><E116/><V24/><F118/><W63/><G123/><T34/><D34/><U68/><E43/><V56/><F119/><W26/><G122/><T38/><D38/><U52/><E52/><V85/><F37/><W86/><G11/><RYUUKYOKU ba="0,0" sc="389,30,121,-10,245,-10,245,-10" hai0="54,58,62,72,82,90,91,97,103,104" /><INIT seed="4,1,0,2,0,97" ten="419,111,235,235" oya="0" hai0="118,23,69,133,88,53,64,44,85,91,109,21,11" hai1="61,107,38,36,71,93,124,0,70,82,121,129,108" hai2="4,47,26,105,14,58,131,103,56,40,66,74,90" hai3="15,75,28,116,49,101,2,8,72,16,19,60,73"/><T32/><D118/><U115/><RYUUKYOKU type="yao9" ba="1,0" sc="419,0,111,0,235,0,235,0" hai1="0,36,38,61,70,71,82,93,107,108,115,121,124,129" /><INIT seed="4,2,0,4,4,95" ten="419,111,235,235" oya="0" hai0="16,57,85,105,103,130,110,52,4,91,70,129,9" hai1="53,115,80,127,10,27,64,60,3,82,5,101,75" hai2="79,90,26,32,107,48,113,93,49,68,74,119,54" hai3="2,131,0,21,37,133,96,66,112,61,42,23,71"/><T33/><D70/><U50/><E127/><V12/><F107/><W6/><G112/><T123/><D33/><U72/><E115/><V98/><F113/><W22/><G131/><N who="0" m="50187" /><D123/><U25/><E75/><V77/><F68/><W14/><G133/><T24/><D110/><U11/><E11/><V125/><F125/><W120/><G120/><T104/><D103/><U65/><E65/><V121/><F119/><W31/><G31/><T99/><D99/><U118/><E118/><V116/><F49/><W34/><G34/><T13/><D24/><U111/><E111/><V69/><F69/><W59/><G71/><T106/><D4/><U67/><E101/><V7/><F74/><W39/><G96/><T132/><D132/><U41/><E27/><V92/><F32/><W63/><G63/><N who="0" m="36263" /><D106/><U44/><E25/><V87/><F26/><W102/><G102/><T97/><D97/><U94/><E5/><V17/><F7/><W51/><G14/><T134/><D134/><U46/><E3/><V117/><F121/><W76/><G6/><T81/><AGARI ba="2,0" hai="9,13,16,81,85,91,104,105" m="36263,50187" machi="81" ten="30,6000,0" yaku="19,1,54,2" doraHai="95" who="0" fromWho="0" sc="419,66,111,-22,235,-22,235,-22" /><INIT seed="4,3,0,3,1,49" ten="485,89,213,213" oya="0" hai0="35,86,100,103,50,41,82,44,124,80,78,9,45" hai1="84,126,53,73,59,11,99,20,58,77,55,18,122" hai2="8,6,4,74,85,26,105,127,7,17,64,25,42" hai3="79,113,98,15,1,21,54,48,31,93,91,132,23"/><T123/><D123/><U133/><E122/><V107/><F74/><W71/><G1/><T3/><D35/><U2/><E73/><V119/><F42/><W62/><G113/><T89/><D124/><U14/><E126/><V130/><F127/><W13/><G132/><T96/><D45/><U111/><E111/><V120/><F120/><W87/><G71/><T116/><D116/><U38/><E38/><V67/><F85/><W43/><G62/><T108/><D108/><U66/><E66/><V10/><F17/><W88/><G79/><T22/><D22/><N who="3" m="8201" /><G43/><T51/><D51/><U39/><E39/><V46/><F46/><N who="3" m="27927" /><G31/><T135/><D135/><U63/><E133/><V128/><REACH who="2" step="1"/><F7/><REACH who="2" ten="485,89,203,213" step="2"/><W101/><G101/><T68/><D103/><U134/><E134/><V115/><F115/><W90/><G90/><T57/><D100/><U95/><E84/><V72/><F72/><W102/><G102/><T121/><D121/><U114/><BYE who="0" /><E114/><V37/><F37/><W118/><G118/><AGARI ba="3,1" hai="4,6,8,10,25,26,64,67,105,107,118,119,128,130" machi="118" ten="25,3200,0" yaku="1,1,22,2,53,0" doraHai="49" doraHaiUra="97" who="2" fromWho="3" sc="485,0,89,0,203,51,213,-41" /><UN n0="%58%E7%8C%AB" /><INIT seed="5,0,0,5,4,13" ten="485,89,254,172" oya="1" hai0="73,55,10,130,76,121,1,98,69,60,104,28,11" hai1="66,90,126,43,118,56,17,21,83,119,20,117,134" hai2="7,27,34,38,53,64,122,48,19,129,89,85,29" hai3="124,94,52,97,112,92,87,113,93,41,114,57,123"/><U82/><E126/><V96/><F38/><W72/><G72/><T80/><D1/><U127/><E127/><V131/><F122/><W15/><G124/><T5/><D5/><U133/><E43/><V35/><F7/><W42/><G123/><T25/><D130/><N who="2" m="49674" /><F64/><W47/><G87/><T59/><D121/><U105/><E105/><V110/><F96/><W3/><G3/><T32/><D69/><U22/><E17/><V74/><F74/><W9/><G47/><T37/><D37/><U135/><REACH who="1" step="1"/><E90/><REACH who="1" ten="485,79,254,172" step="2"/><V44/><F19/><N who="3" m="8687" /><G97/><T81/><D104/><U115/><E115/><V51/><F110/><W0/><G0/><T33/><D98/><U18/><E18/><V84/><F89/><W45/><G45/><T68/><D10/><U132/><N who="1" m="33792" /><DORA hai="103" /><U6/><E6/><V8/><F8/><W71/><G71/><T24/><D68/><U12/><E12/><V108/><F108/><W75/><G75/><T31/><D11/><U107/><E107/><V77/><F84/><W111/><G111/><T120/><D120/><U58/><E58/><V2/><F85/><W40/><G41/><T30/><D30/><U26/><E26/><V23/><F2/><W36/><G36/><T14/><D14/><U61/><AGARI ba="0,1" hai="20,21,22,56,61,66,82,83,117,118,119" m="33792" machi="61" ten="70,12000,1" yaku="1,1,0,1,29,2,20,1,53,0" doraHai="13,103" doraHaiUra="102,109" who="1" fromWho="1" sc="485,-40,79,130,254,-40,172,-40" /><INIT seed="5,1,0,1,4,109" ten="445,209,214,132" oya="1" hai0="108,6,103,51,66,135,87,42,47,128,41,90,125" hai1="43,92,15,70,105,101,12,11,33,107,24,110,115" hai2="27,130,74,31,50,73,63,95,39,28,17,13,133" hai3="19,116,104,80,102,71,0,40,97,55,78,34,91"/><U83/><E110/><V111/><F39/><W26/><G116/><T127/><D108/><U35/><E43/><V23/><F130/><W98/><G0/><T64/><D128/><U58/><E58/><V89/><F133/><W117/><G117/><T93/><D135/><U9/><E70/><V53/><F63/><W16/><G40/><T45/><D103/><U131/><E83/><V106/><F106/><N who="1" m="40457" /><E24/><V44/><F31/><W49/><G71/><T61/><D6/><N who="1" m="3127" /><E131/><V77/><F77/><W10/><G10/><T119/><D119/><U82/><E82/><V56/><F44/><W7/><G7/><T121/><D121/><U8/><E8/><V75/><F111/><W67/><G67/><T52/><D52/><U32/><E92/><V54/><F53/><W96/><G91/><T113/><D61/><U36/><E36/><V85/><F73/><W3/><G3/><T37/><D66/><U22/><E22/><AGARI ba="1,0" hai="13,17,22,23,27,28,50,54,56,74,75,85,89,95" machi="22" ten="30,3900,0" yaku="7,1,25,2" doraHai="109" who="2" fromWho="1" sc="445,0,209,-42,214,42,132,0" /><INIT seed="6,0,0,0,0,84" ten="445,167,256,132" oya="2" hai0="125,135,112,72,88,49,86,133,80,116,26,99,28" hai1="25,24,20,126,23,43,37,124,103,63,48,14,32" hai2="44,58,120,75,41,122,68,91,17,18,94,82,134" hai3="34,35,132,8,115,117,69,85,57,78,12,19,97"/><V0/><F68/><W42/><G69/><T110/><D110/><U130/><E37/><V29/><F134/><N who="0" m="51210" /><D112/><U56/><E130/><V6/><F29/><W9/><G132/><T2/><D2/><U123/><E123/><V81/><F81/><W62/><G117/><T13/><D125/><N who="1" m="48235" /><E103/><V107/><F107/><W106/><G115/><T55/><D116/><U89/><E89/><V100/><F100/><W64/><G42/><T121/><D13/><U96/><E96/><V52/><F82/><W101/><REACH who="3" step="1"/><G9/><REACH who="3" ten="445,167,256,122" step="2"/><T73/><D121/><U5/><E43/><V60/><F122/><W51/><G51/><T15/><D55/><N who="1" m="34207" /><E48/><V114/><F120/><W105/><G105/><T128/><D49/><U7/><E32/><V65/><F114/><W50/><G50/><T113/><D113/><U92/><E92/><V111/><F94/><W77/><G77/><T67/><D128/><U118/><E118/><V22/><F41/><W1/><G1/><T31/><D67/><U109/><E109/><V21/><F0/><W16/><G16/><T70/><D70/><U36/><E36/><V87/><F18/><W102/><G102/><T59/><D59/><U3/><E3/><V46/><F17/><W93/><G93/><N who="0" m="56743" /><D31/><N who="1" m="17799" /><E14/><V90/><F58/><W98/><G98/><T74/><D15/><U104/><E104/><V33/><F111/><W61/><G61/><T108/><D108/><U71/><E71/><V11/><F60/><W79/><G79/><N who="0" m="46367" /><D28/><AGARI ba="0,1" hai="5,7,23,25,28" m="17799,34207,48235" machi="28" ten="30,1000,0" yaku="18,1" doraHai="84" who="1" fromWho="0" sc="445,-10,167,20,256,0,122,0" /><INIT seed="7,0,0,0,2,121" ten="435,187,256,122" oya="3" hai0="112,56,131,43,17,57,8,91,82,118,29,46,9" hai1="36,79,21,66,14,45,34,120,88,106,130,116,123" hai2="16,110,70,65,11,48,58,108,96,113,89,126,114" hai3="97,19,40,105,80,33,75,20,18,64,84,47,69"/><W31/><G75/><T125/><D118/><U32/><E106/><V50/><F126/><W78/><G33/><T67/><D29/><U6/><E116/><V38/><F38/><W41/><G69/><T122/><D122/><U13/><E79/><V4/><F70/><W28/><G64/><T10/><D67/><U15/><E66/><V90/><F16/><W98/><G19/><T119/><D119/><U25/><E130/><V94/><F90/><W5/><G5/><T23/><D131/><U52/><E88/><V35/><F35/><N who="1" m="13353" /><E52/><N who="2" m="32007" /><F50/><N who="3" m="26983" /><G41/><T124/><D112/><N who="2" m="43114" /><F65/><W100/><G100/><T3/><D3/><AGARI ba="0,0" hai="3,4,11,89,94,96,108,110" m="43114,32007" machi="3" ten="30,7700,0" yaku="15,1,52,2,54,1" doraHai="121" who="2" fromWho="0" sc="435,-77,187,0,256,77,122,0" owari="358,45.8,187,-21.3,333,13.3,122,-37.8" /></mjloggm>