<mjloggm ver="2.3"><GO type="169" lobby="0"/><UN n0="%E8%80%81%E6%A5%BD" n1="%57%49%4E%44%59%58%58" n2="%73%61%69%63%68%61%6E%7A" n3="%37%34%31%34%4E%6D%73%6C" dan="17,16,17,16" rate="2170.43,2145.09,2157.57,2053.76" sx="M,M,M,M"/><TAIKYOKU oya="0"/><INIT seed="0,0,0,1,4,68" ten="250,250,250,250" oya="0" hai0="64,129,94,84,2,125,99,33,90,128,88,67,29" hai1="43,63,126,114,87,44,19,110,42,37,100,58,40" hai2="96,23,130,127,31,49,76,72,75,46,78,106,124" hai3="73,115,71,22,104,121,12,95,47,62,132,30,7"/><T133/><D2/><U20/><E110/><V107/><F31/><W122/><G104/><N who="2" m="39977" /><F23/><W38/><G115/><T21/><D33/><U27/><E114/><V117/><F49/><W85/><G73/><N who="2" m="28233" /><F46/><W105/><G105/><T6/><D6/><U93/><E126/><N who="2" m="48171" /><F117/><W1/><G22/><T74/><D125/><U34/><E34/><V134/><F134/><W51/><G12/><T28/><D133/><U57/><E57/><V9/><F9/><W116/><G30/><N who="0" m="11883" /><D21/><U98/><REACH who="1" step="1"/><E87/><REACH who="1" ten="250,240,250,250" step="2"/><V103/><F130/><N who="0" m="50282" /><D74/><U16/><E16/><V86/><F86/><W3/><G85/><T65/><D84/><U26/><E26/><V4/><F4/><W25/><G7/><T52/><D52/><AGARI ba="0,1" hai="19,20,27,37,40,42,43,44,52,58,63,93,98,100" machi="52" ten="30,7700,0" yaku="1,1,7,1,52,1,54,1,53,0" doraHai="68" doraHaiUra="112" who="1" fromWho="0" sc="250,-77,240,87,250,0,250,0" /><INIT seed="1,0,0,3,3,61" ten="173,327,250,250" oya="1" hai0="43,42,2,96,21,56,110,24,102,98,83,52,48" hai1="87,79,22,60,53,39,63,86,135,95,51,77,75" hai2="125,76,28,46,131,36,108,84,122,41,117,73,90" hai3="25,120,47,54,123,66,59,109,82,9,81,127,6"/><U4/><E39/><V93/><F117/><W34/><G109/><T17/><D110/><U74/><E135/><V94/><F108/><W33/><G127/><T30/><D2/><U12/><E74/><V111/><F111/><W49/><G120/><T5/><D5/><U124/><E75/><V10/><F122/><W8/><G123/><T68/><D68/><U88/><E124/><V115/><F125/><W128/><G128/><T26/><D83/><N who="1" m="47471" /><E79/><V105/><F105/><W89/><G9/><T31/><D17/><N who="1" m="10535" /><E4/><V112/><F28/><W132/><G132/><T15/><D15/><U69/><E69/><V18/><F131/><W64/><G81/><T1/><D1/><U99/><E99/><V45/><F76/><W62/><G66/><T23/><REACH who="0" step="1"/><D98/><REACH who="0" ten="163,327,250,250" step="2"/><U129/><E129/><V85/><F18/><W27/><G27/><T107/><AGARI ba="0,1" hai="21,23,24,26,30,31,42,43,48,52,56,96,102,107" machi="107" ten="20,12000,2" yaku="1,1,2,1,0,1,7,1,9,1,54,1,53,0" doraHai="61" doraHaiUra="80" who="0" fromWho="0" sc="163,130,327,-60,250,-30,250,-30" /><INIT seed="2,0,0,2,5,11" ten="293,267,220,220" oya="2" hai0="86,90,128,2,45,56,104,91,87,127,85,37,112" hai1="66,41,55,0,126,79,77,24,76,53,101,134,70" hai2="130,88,120,5,106,33,108,119,17,54,109,99,63" hai3="92,105,4,46,42,97,3,110,123,98,82,74,57"/><V121/><F119/><W23/><G123/><T13/><D2/><U31/><E0/><V62/><F33/><W19/><G110/><N who="2" m="42601" /><F130/><W9/><G105/><T93/><D37/><U14/><E126/><V7/><F17/><W102/><G97/><T60/><D104/><U22/><E134/><V36/><F36/><W117/><G117/><T122/><D112/><U59/><E101/><V39/><F39/><W80/><G57/><T78/><D122/><N who="2" m="47210" /><F106/><W28/><G74/><T44/><D127/><U95/><E41/><V27/><F27/><W64/><G28/><T49/><D128/><U47/><E47/><V131/><F131/><W8/><G8/><T94/><D45/><U71/><E95/><N who="2" m="56807" /><F54/><W84/><G84/><T6/><D86/><U21/><E53/><V83/><F83/><W114/><G64/><T118/><D87/><U61/><E66/><V15/><F15/><W69/><G114/><T35/><D13/><U38/><E38/><V96/><F96/><W132/><G98/><T133/><D35/><U30/><E14/><V81/><F81/><W68/><G82/><T18/><D85/><U73/><E73/><V29/><F29/><W116/><G92/><T129/><D94/><U58/><E30/><V111/><N who="2" m="42609" /><V103/><DORA hai="125" /><F103/><W67/><G102/><T26/><D93/><U16/><E16/><V20/><F20/><W52/><G19/><T10/><D18/><U89/><E21/><V75/><F75/><W48/><G23/><T50/><D129/><U72/><E72/><V107/><F107/><W124/><G124/><T65/><D118/><RYUUKYOKU ba="0,0" sc="293,-10,267,-10,220,30,220,-10" hai2="5,7,62,63" /><INIT seed="2,1,0,1,4,0" ten="283,257,250,210" oya="2" hai0="11,122,92,68,82,26,49,84,25,124,31,52,74" hai1="100,50,133,16,51,76,95,6,35,19,135,24,130" hai2="23,97,17,91,117,56,132,104,9,111,42,131,79" hai3="103,96,43,87,107,123,99,125,67,61,88,3,86"/><V81/><F117/><W90/><G43/><T62/><D122/><U134/><E130/><V102/><F131/><W15/><G3/><T54/><D124/><U10/><E76/><V89/><F132/><W118/><G118/><T39/><D39/><U63/><E63/><V83/><F111/><W59/><G125/><T32/><D74/><U106/><E106/><V116/><F116/><W77/><G123/><T30/><D92/><U112/><E112/><V45/><F56/><W33/><G33/><T119/><D119/><U57/><E57/><V109/><F109/><W7/><G99/><T64/><D11/><U58/><E58/><V127/><F127/><W69/><G69/><T18/><D18/><N who="1" m="6699" /><E95/><V115/><F9/><W40/><G40/><T29/><D49/><U37/><E100/><V13/><F115/><W101/><G101/><T55/><REACH who="0" step="1"/><D32/><REACH who="0" ten="273,257,250,210" step="2"/><U20/><E37/><V110/><F110/><W46/><G107/><T48/><D48/><U98/><E35/><V72/><F83/><W41/><G41/><T70/><D70/><U78/><E50/><AGARI ba="1,1" hai="13,17,23,42,45,50,72,79,81,89,91,97,102,104" machi="50" ten="30,1500,0" yaku="7,1" doraHai="0" who="2" fromWho="1" sc="273,0,257,-18,250,28,210,0" /><INIT seed="2,2,0,1,1,24" ten="273,239,278,210" oya="2" hai0="53,82,13,74,10,114,78,58,81,109,2,62,88" hai1="42,97,7,65,35,6,83,112,113,86,94,102,52" hai2="12,46,1,130,55,69,93,64,104,108,70,31,84" hai3="61,43,44,105,59,19,80,115,8,128,72,89,127"/><V29/><F104/><W11/><G105/><T120/><D114/><U126/><E126/><V95/><F1/><W111/><G111/><T3/><D120/><U100/><E100/><V18/><F108/><W23/><G127/><T63/><D63/><U40/><E35/><V77/><F130/><W71/><G128/><T98/><D109/><U134/><E134/><V60/><F70/><W50/><G71/><T119/><D119/><U73/><E65/><V15/><F15/><W9/><G115/><T133/><D133/><U103/><E103/><V99/><F93/><W14/><G72/><T90/><D98/><U22/><E73/><V118/><F118/><W76/><G76/><T129/><D129/><U20/><E20/><V16/><F18/><W41/><G80/><T5/><REACH who="0" step="1"/><D81/><REACH who="0" ten="263,239,278,210" step="2"/><U123/><E123/><V17/><F99/><W87/><G87/><T75/><D75/><U68/><E68/><V101/><F101/><W91/><REACH who="3" step="1"/><G43/><REACH who="3" ten="263,239,278,200" step="2"/><T28/><D28/><U49/><E42/><V45/><F31/><W131/><G131/><T96/><D96/><U67/><E40/><V124/><F29/><W32/><G32/><T30/><D30/><U21/><E112/><V37/><F124/><W117/><G117/><T122/><D122/><U26/><E113/><V135/><F69/><W25/><G25/><T107/><D107/><U57/><E26/><V125/><F84/><W110/><G110/><T132/><D132/><U121/><E121/><V0/><F125/><W56/><G56/><T85/><D85/><U36/><E86/><V54/><F135/><W34/><G34/><RYUUKYOKU ba="2,2" sc="263,15,239,-15,278,-15,200,15" hai0="2,3,5,10,13,53,58,62,74,78,82,88,90" hai3="8,9,11,14,19,23,41,44,50,59,61,89,91" /><INIT seed="3,3,2,0,4,50" ten="278,224,263,215" oya="3" hai0="3,57,22,68,86,24,39,13,21,125,2,104,23" hai1="51,132,127,123,98,42,5,20,103,110,117,126,100" hai2="70,66,116,9,28,8,56,75,65,89,108,134,91" hai3="26,31,35,79,7,10,1,67,48,40,74,69,93"/><W118/><G118/><T12/><D68/><U61/><E123/><V88/><F116/><W43/><G93/><T4/><D39/><U77/><E117/><V105/><F70/><W85/><G85/><T44/><D104/><U120/><E120/><V122/><F122/><W121/><G121/><T78/><D44/><N who="1" m="26007" /><E110/><V94/><F108/><W29/><G29/><T45/><D45/><U27/><E132/><V84/><F105/><W72/><G48/><T102/><D102/><U47/><E47/><V46/><F75/><W113/><G113/><T106/><D106/><U36/><E36/><V60/><F46/><W17/><G79/><T112/><D112/><U38/><E5/><V59/><F28/><W37/><G43/><T55/><D125/><N who="1" m="47627" /><E38/><V0/><F134/><W80/><G40/><T14/><D4/><U128/><E128/><V129/><F129/><W119/><G37/><T81/><REACH who="0" step="1"/><D24/><REACH who="0" ten="268,224,263,215" step="2"/><U87/><E98/><V107/><F107/><W90/><G119/><T99/><D99/><U124/><E124/><V135/><F135/><W109/><G109/><T41/><D41/><U16/><E61/><AGARI ba="3,3" hai="2,3,12,13,14,21,22,23,55,57,61,78,81,86" machi="61" ten="40,5200,0" yaku="1,1,52,1,53,1" doraHai="50" doraHaiUra="83" who="0" fromWho="1" sc="268,91,224,-61,263,0,215,0" /><INIT seed="4,0,0,5,0,60" ten="359,163,263,215" oya="0" hai0="59,40,77,124,113,95,88,74,50,120,43,7,117" hai1="134,37,69,6,0,8,28,10,58,9,118,123,57" hai2="102,18,51,96,52,126,62,87,101,85,112,128,72" hai3="21,109,29,119,36,110,98,12,121,97,83,23,78"/><T46/><D117/><U41/><E118/><V71/><F72/><W14/><G119/><T104/><D120/><U82/><E123/><V129/><F112/><W48/><G121/><T38/><D104/><U100/><E69/><V67/><F126/><W4/><G36/><T24/><D113/><U133/><E28/><V3/><F3/><W125/><G125/><T27/><D7/><U122/><E122/><V131/><F18/><W2/><G4/><T94/><D94/><U25/><E25/><V39/><F39/><W106/><G29/><T80/><D124/><U91/><E100/><N who="2" m="38507" /><F96/><W54/><G48/><T116/><D116/><U55/><E41/><V19/><F19/><W56/><G56/><AGARI ba="0,0" hai="51,52,56,62,67,71,85,87,128,129,131" m="38507" machi="56" ten="30,3900,0" yaku="19,1,52,1,54,1" doraHai="60" who="2" fromWho="3" sc="359,0,163,0,263,39,215,-39" /><INIT seed="5,0,0,5,1,76" ten="359,163,302,176" oya="1" hai0="40,90,6,3,132,34,135,86,110,42,99,20,116" hai1="121,45,119,115,35,5,16,46,111,52,63,68,87" hai2="103,39,28,14,80,117,74,47,38,128,10,81,108" hai3="1,29,19,2,100,48,41,123,26,60,85,57,82"/><U24/><E119/><V77/><F117/><W59/><G123/><T72/><D34/><U58/><E121/><V66/><F108/><W127/><G100/><T27/><D72/><U8/><E115/><V56/><F128/><W96/><G96/><T101/><D6/><U53/><E111/><V31/><F103/><W109/><G109/><T65/><D3/><U112/><E68/><V50/><F39/><W133/><G127/><T97/><D65/><U89/><E112/><V98/><F98/><W88/><G133/><N who="0" m="51275" /><D97/><U44/><E35/><V114/><F114/><W36/><G19/><T92/><D116/><U118/><E118/><V21/><F38/><W15/><G15/><T62/><D62/><U64/><E5/><V105/><F105/><W17/><G17/><N who="0" m="12687" /><D110/><U70/><E70/><V75/><F21/><W120/><G36/><T61/><D61/><U93/><E24/><V22/><F22/><W25/><G120/><T95/><AGARI ba="0,0" hai="40,42,86,90,92,95,99,101" m="12687,51275" machi="95" ten="30,1100,0" yaku="20,1" doraHai="76" who="0" fromWho="0" sc="359,11,163,-5,302,-3,176,-3" /><INIT seed="6,0,0,2,1,107" ten="370,158,299,173" oya="2" hai0="8,73,127,35,112,77,37,55,15,41,131,11,123" hai1="115,65,129,7,122,128,101,69,71,36,19,58,49" hai2="110,70,93,81,57,21,10,53,132,121,12,45,62" hai3="30,34,27,113,108,104,80,63,125,106,66,18,97"/><V48/><F121/><W75/><G108/><T88/><D55/><N who="1" m="32111" /><E19/><V20/><F110/><W118/><G125/><T14/><D41/><U130/><E7/><V52/><F132/><W117/><G18/><T67/><D67/><U92/><E92/><V109/><F109/><W124/><G124/><T0/><D37/><U24/><E24/><V42/><F70/><N who="1" m="26633" /><E101/><V89/><F42/><W22/><G22/><T38/><D131/><N who="1" m="33539" /><U13/><DORA hai="23" /><E13/><V90/><F81/><W100/><G106/><T51/><D14/><U99/><E99/><N who="2" m="57775" /><F90/><W1/><G1/><T26/><D88/><U56/><E122/><V29/><F29/><W39/><G118/><T135/><D123/><U98/><E98/><V82/><F82/><W116/><G116/><T3/><D0/><U79/><E79/><V72/><F72/><W25/><G117/><T133/><D73/><U114/><E36/><V83/><F83/><W61/><G39/><T120/><D38/><U33/><E33/><V74/><F74/><W44/><G80/><T105/><D35/><U78/><E78/><V9/><F9/><W32/><G75/><T119/><D8/><U6/><E6/><AGARI ba="0,0" hai="6,10,12,20,21,45,48,52,53,57,62" m="57775" machi="6" ten="30,2900,0" yaku="8,1,54,1" doraHai="107,23" who="2" fromWho="1" sc="370,0,158,-29,299,29,173,0" /><INIT seed="6,1,0,3,4,87" ten="370,129,328,173" oya="2" hai0="95,60,70,23,69,68,9,1,62,91,127,134,88" hai1="19,37,92,7,25,16,6,72,132,40,26,94,113" hai2="50,116,67,123,27,57,13,71,53,120,102,20,80" hai3="18,99,111,14,54,78,98,130,103,107,28,112,66"/><V124/><F116/><W82/><G111/><T90/><D127/><U43/><E113/><V122/><F124/><W126/><G126/><T104/><D104/><U29/><E72/><V30/><F102/><W114/><G130/><T100/><D134/><U128/><E29/><V42/><F80/><W24/><G99/><T21/><D100/><U110/><E37/><V96/><F96/><W125/><G125/><T63/><D95/><U117/><E132/><V84/><F84/><W52/><G66/><T11/><D1/><U39/><E39/><V2/><F2/><W61/><G61/><T4/><D4/><U81/><E81/><V44/><F13/><W97/><G97/><T12/><D12/><U85/><E85/><V51/><F71/><W49/><G49/><T8/><AGARI ba="1,0" hai="8,9,11,21,23,60,62,63,68,69,70,88,90,91" machi="8" ten="50,32000,5" yakuman="40" doraHai="87" who="0" fromWho="0" sc="370,323,129,-81,328,-161,173,-81" /><INIT seed="7,0,0,1,5,65" ten="693,48,167,92" oya="3" hai0="115,119,133,123,100,25,64,0,67,31,86,7,106" hai1="63,57,84,61,91,111,45,59,78,27,85,76,41" hai2="108,103,33,37,5,19,2,51,129,28,99,88,35" hai3="3,114,130,16,62,20,23,58,94,29,128,93,4"/><W12/><G114/><T56/><D86/><U43/><E111/><V42/><F108/><W79/><G79/><T105/><D56/><U122/><E122/><V131/><F37/><W104/><G104/><T60/><D64/><U82/><E27/><V92/><F19/><W52/><G3/><T101/><D101/><U110/><E110/><V70/><F70/><W38/><G38/><T120/><D133/><U135/><E135/><V15/><F2/><W39/><G39/><T36/><D119/><U54/><E45/><N who="2" m="26039" /><F28/><W68/><G4/><T10/><D115/><U1/><E1/><V113/><F113/><W112/><G112/><T87/><D87/><U53/><REACH who="1" step="1"/><E76/><REACH who="1" ten="693,38,167,92" step="2"/><V116/><F116/><W83/><G128/><T72/><D72/><U95/><AGARI ba="0,1" hai="41,43,53,54,57,59,61,63,78,82,84,85,91,95" machi="95" ten="20,12000,2" yaku="1,1,2,1,0,1,7,1,9,1,8,1,53,0" doraHai="65" doraHaiUra="44" who="1" fromWho="1" sc="693,-30,38,130,167,-30,92,-60" owari="663,76.3,168,-3.2,137,-26.3,32,-46.8" /></mjloggm>