<mjloggm ver="2.3"><GO type="169" lobby="0"/><UN n0="%E7%B4%94%E6%BD%94%E3%83%94%E3%83%A9%E3%83%8B%E3%82%A2" n1="%E3%82%A4%E3%82%A7%E3%83%83%E3%82%BF%E3%82%A4%E3%82%AC%E3%83%BC" n2="%65%6B%61%72%75%74%65" n3="%6B%61%74%65%72%69%6E%61" dan="16,16,16,16" rate="2191.59,2124.43,2091.64,2175.82" sx="M,M,M,M"/><TAIKYOKU oya="0"/><INIT seed="0,0,0,0,2,134" ten="250,250,250,250" oya="0" hai0="9,39,32,65,38,34,103,127,28,83,75,0,4" hai1="98,121,63,57,6,95,93,14,88,8,128,91,133" hai2="23,108,58,113,74,101,94,24,78,82,97,2,54" hai3="69,73,51,11,135,115,19,114,1,99,80,84,17"/><T41/><D65/><U7/><E121/><V66/><F108/><W122/><G135/><T52/><D103/><U62/><E133/><V70/><F113/><W68/><G73/><T112/><D112/><U126/><E128/><V45/><F2/><W92/><G122/><T56/><D28/><U124/><E6/><V85/><F45/><W130/><G130/><T40/><D38/><U81/><E81/><V77/><F70/><W100/><G69/><T110/><D110/><U47/><E47/><V107/><F66/><W46/><G68/><T21/><D21/><U79/><E79/><V35/><F35/><W72/><G72/><T96/><D96/><U71/><E71/><V49/><F78/><W87/><G87/><T53/><D53/><U119/><E119/><V102/><F102/><W129/><G129/><T105/><D105/><U25/><E25/><V60/><F60/><W33/><G33/><T5/><D5/><U42/><E42/><N who="0" m="16489" /><D39/><U61/><REACH who="1" step="1"/><E57/><REACH who="1" ten="250,240,250,250" step="2"/><V3/><F3/><W22/><G115/><T16/><D32/><U50/><E50/><V120/><F120/><W31/><G51/><N who="0" m="30751" /><D34/><U106/><E106/><V90/><REACH who="2" step="1"/><F24/><REACH who="2" ten="250,240,240,250" step="2"/><W59/><G46/><T10/><D0/><U12/><E12/><V55/><F55/><W109/><G114/><T67/><D67/><U20/><E20/><AGARI ba="0,2" hai="20,23,49,54,58,74,77,82,85,90,94,97,101,107" machi="20" ten="40,5200,0" yaku="1,1,24,2,53,0" doraHai="134" doraHaiUra="118" who="2" fromWho="1" sc="250,0,240,-52,240,72,250,0" /><INIT seed="1,0,0,4,3,64" ten="250,188,312,250" oya="1" hai0="49,45,90,114,41,121,72,30,51,101,112,128,13" hai1="42,71,77,119,21,110,91,103,117,102,25,55,22" hai2="44,132,2,29,1,127,118,73,74,131,27,16,59" hai3="130,78,39,105,122,88,116,104,37,47,8,108,43"/><U79/><E42/><V60/><F118/><W113/><G122/><T123/><D72/><U124/><E91/><V26/><F127/><W4/><G113/><N who="0" m="43627" /><D30/><U57/><E124/><V9/><F131/><W46/><G116/><T125/><D13/><U129/><E129/><V92/><F132/><W107/><G130/><T93/><D101/><N who="1" m="38411" /><E117/><V14/><F44/><W109/><G78/><N who="1" m="29706" /><E71/><V31/><F92/><W0/><G88/><T62/><D90/><U126/><E126/><V40/><F40/><AGARI ba="0,0" hai="0,4,8,37,39,40,43,46,47,104,105,107,108,109" machi="40" ten="50,6400,0" yaku="9,1,23,2" doraHai="64" who="3" fromWho="2" sc="250,0,188,0,312,-64,250,64" /><INIT seed="2,0,0,2,3,90" ten="250,188,248,314" oya="2" hai0="86,26,21,23,100,105,77,66,7,20,1,88,41" hai1="69,92,133,30,119,70,12,32,101,130,49,18,93" hai2="0,117,45,53,5,73,134,35,84,124,127,83,98" hai3="112,43,54,15,82,4,68,48,110,120,42,59,46"/><V64/><F117/><W2/><G120/><T87/><D66/><U96/><E119/><V28/><F73/><W51/><G110/><T38/><D105/><U11/><E133/><V132/><F64/><W115/><G2/><T55/><D100/><U22/><E130/><V3/><F35/><W62/><G82/><T121/><D121/><U89/><E32/><V85/><F28/><W97/><G97/><T79/><D86/><U25/><REACH who="1" step="1"/><E49/><REACH who="1" ten="250,178,248,314" step="2"/><N who="2" m="28847" /><F134/><W102/><G51/><T114/><D38/><U95/><E95/><V34/><F34/><W39/><G39/><T128/><D128/><U47/><E47/><V80/><F132/><W60/><G46/><T71/><D114/><U57/><E57/><V113/><F113/><W78/><G59/><T131/><D131/><U111/><E111/><V56/><F56/><W16/><G48/><T63/><D71/><U10/><E10/><V44/><F44/><W61/><G68/><T76/><D21/><U37/><E37/><V104/><F127/><W103/><G115/><T17/><D23/><U27/><E27/><V116/><F124/><W29/><G112/><T118/><D118/><U99/><AGARI ba="0,1" hai="11,12,18,22,25,30,69,70,89,92,93,96,99,101" machi="99" ten="20,8000,1" yaku="1,1,0,1,7,1,52,2,53,0" doraHai="90" doraHaiUra="126" who="1" fromWho="1" sc="250,-20,178,90,248,-40,314,-20" /><INIT seed="3,0,0,1,0,103" ten="230,268,208,294" oya="3" hai0="73,112,11,116,114,55,35,16,122,47,128,132,32" hai1="33,12,51,59,4,7,40,120,125,24,106,117,109" hai2="119,133,9,63,53,17,19,126,93,66,86,90,14" hai3="43,74,84,127,64,20,98,80,88,101,82,46,110"/><W75/><G127/><T124/><D116/><U8/><E120/><V99/><F119/><W107/><G110/><T100/><D122/><U23/><E117/><V115/><F115/><N who="0" m="44074" /><D73/><U60/><E109/><V104/><F126/><W92/><G64/><T67/><D124/><U6/><E125/><V83/><F133/><W15/><G80/><T10/><D128/><U96/><E40/><V25/><F53/><W21/><G15/><N who="0" m="7287" /><D67/><U31/><E51/><V37/><F104/><W78/><G75/><T79/><D79/><U41/><E41/><V54/><F54/><W111/><G111/><T71/><D71/><U44/><E44/><V130/><F37/><AGARI ba="0,0" hai="20,21,37,43,46,74,78,82,84,88,92,98,101,107" machi="37" ten="30,12000,1" yaku="7,1,24,2,52,1,54,1" doraHai="103" who="3" fromWho="2" sc="230,0,268,0,208,-120,294,120" /><INIT seed="3,1,0,1,0,52" ten="230,268,88,414" oya="3" hai0="71,9,56,44,68,12,92,95,59,47,106,8,85" hai1="88,108,70,78,113,124,14,97,93,6,99,21,96" hai2="48,105,129,116,63,16,130,39,76,101,72,118,28" hai3="0,83,127,38,5,109,111,134,104,77,24,58,18"/><W11/><G104/><T3/><D106/><U40/><E113/><V37/><F28/><W67/><G38/><N who="2" m="14345" /><F76/><W35/><G134/><T57/><D85/><U34/><E40/><V74/><F101/><W123/><G123/><T121/><D12/><U81/><E34/><V32/><F32/><W94/><G127/><T100/><D100/><U55/><E70/><N who="0" m="26665" /><D3/><U27/><E124/><V29/><F29/><W107/><G107/><T131/><D131/><N who="2" m="50186" /><F105/><W86/><G94/><N who="0" m="35883" /><D121/><U128/><E128/><V45/><F63/><N who="3" m="38391" /><G35/><T30/><D30/><U49/><E108/><N who="3" m="41546" /><G18/><T20/><D20/><U54/><E6/><V90/><F90/><W80/><G80/><T79/><D79/><U10/><E81/><V46/><F16/><W112/><G112/><T31/><D31/><N who="1" m="17903" /><E78/><V119/><F48/><W87/><G86/><T115/><D115/><U53/><E49/><V122/><F122/><W75/><G87/><T61/><D61/><U36/><E36/><V22/><F22/><W120/><G120/><T91/><D91/><U65/><E65/><V84/><F84/><W133/><G133/><T15/><D15/><U110/><E110/><V23/><F23/><W2/><G2/><T125/><D125/><U43/><E43/><V117/><N who="2" m="29696" /><DORA hai="25" /><V132/><F132/><W89/><G89/><T1/><D1/><U51/><E51/><V102/><F102/><W42/><G42/><T64/><D64/><U7/><AGARI ba="1,0" hai="7,10,14,53,54,55,88,93,96,97,99" m="17903" machi="7" ten="30,4000,0" yaku="8,1,52,1,54,1" doraHai="52,25" who="1" fromWho="1" sc="230,-11,268,43,88,-11,414,-21" /><INIT seed="4,0,0,0,1,23" ten="219,311,77,393" oya="0" hai0="118,110,104,40,60,47,92,116,119,10,36,133,124" hai1="108,75,16,120,69,25,115,91,68,52,14,122,44" hai2="94,76,4,107,3,81,63,93,28,86,51,87,49" hai3="105,129,78,21,123,100,19,35,84,33,42,13,99"/><T1/><D104/><U31/><E108/><V98/><F3/><W66/><G129/><T55/><D110/><U26/><E75/><V62/><F4/><W70/><G123/><T111/><D111/><U67/><E115/><V56/><F107/><W65/><G42/><T27/><D124/><U2/><E2/><V82/><F28/><W7/><G7/><T58/><D133/><U43/><E120/><V95/><F98/><W126/><G126/><T39/><D1/><U9/><E122/><V96/><F96/><W22/><G22/><T18/><D92/><U12/><E91/><V132/><F132/><W17/><G17/><T72/><D72/><U24/><E31/><V112/><F112/><W125/><G125/><T80/><D80/><U73/><E73/><V121/><F121/><W41/><G41/><T29/><D18/><U32/><E32/><V88/><REACH who="2" step="1"/><F63/><REACH who="2" ten="219,311,67,393" step="2"/><W38/><G99/><T59/><D36/><U109/><E109/><V34/><F34/><W20/><G35/><T83/><D39/><U15/><E9/><V48/><F48/><W113/><G33/><T11/><D10/><U0/><E0/><V117/><F117/><W106/><G38/><T90/><D11/><U135/><E135/><V79/><F79/><W50/><G78/><T102/><D29/><U37/><E16/><V77/><F77/><W57/><G106/><T134/><D134/><U114/><E114/><V128/><F128/><W53/><G113/><T127/><D127/><U54/><REACH who="1" step="1"/><E67/><AGARI ba="0,1" hai="49,51,56,62,67,76,81,82,86,87,88,93,94,95" machi="67" ten="40,12000,2" yaku="1,1,8,1,54,1,53,3" doraHai="23" doraHaiUra="89" who="2" fromWho="1" sc="219,0,311,-120,67,130,393,0" /><INIT seed="5,0,0,2,4,9" ten="219,191,197,393" oya="1" hai0="37,62,124,127,121,12,34,71,90,106,98,20,15" hai1="25,117,95,133,73,21,66,100,89,4,1,11,112" hai2="40,85,3,18,129,35,23,130,67,70,93,125,39" hai3="114,96,110,6,83,22,14,97,58,36,68,120,94"/><U42/><E117/><V5/><F35/><W17/><G68/><T47/><D34/><U99/><E73/><V123/><F123/><W76/><G36/><T63/><D20/><U45/><E133/><V118/><F118/><W65/><G120/><T108/><D108/><U24/><E112/><V0/><F125/><N who="0" m="48202" /><D121/><U126/><E126/><V57/><F70/><W10/><G110/><T32/><D32/><U87/><E66/><V79/><F40/><W33/><G33/><T77/><D77/><U54/><E54/><V88/><F39/><W52/><G114/><T29/><D29/><U111/><E111/><V113/><F79/><W55/><G65/><N who="0" m="41399" /><D63/><U69/><E69/><V30/><F30/><W74/><G58/><T119/><D119/><U13/><E1/><V56/><F113/><W115/><G115/><T2/><D2/><N who="2" m="554" /><F5/><W92/><G6/><T104/><D90/><U8/><E8/><V27/><F67/><W103/><G10/><T134/><D134/><U51/><REACH who="1" step="1"/><E21/><REACH who="1" ten="219,181,197,393" step="2"/><V102/><F102/><AGARI ba="0,1" hai="14,17,22,52,55,74,76,83,92,94,96,97,102,103" machi="102" ten="30,7700,0" yaku="7,1,9,1,52,1,54,1" doraHai="9" who="3" fromWho="2" sc="219,0,181,0,197,-77,393,87" /><INIT seed="6,0,0,5,5,106" ten="219,181,120,480" oya="2" hai0="56,120,71,40,72,92,31,130,3,87,109,105,33" hai1="36,11,69,134,81,43,57,75,30,123,127,22,124" hai2="52,64,21,27,78,86,13,29,37,125,103,88,12" hai3="95,1,61,48,89,41,45,35,116,46,100,131,98"/><V63/><F125/><N who="1" m="48201" /><E134/><V129/><F129/><W107/><G131/><T23/><D31/><U74/><E123/><V112/><F37/><W7/><G35/><T5/><D40/><U133/><E133/><V93/><F112/><W34/><G34/><T16/><D33/><U42/><E81/><V65/><F103/><W90/><G116/><T126/><D71/><U85/><E85/><V73/><F73/><N who="1" m="27657" /><E69/><V14/><REACH who="2" step="1"/><F78/><REACH who="2" ten="219,181,110,480" step="2"/><W25/><G100/><T76/><D72/><U49/><E36/><V15/><N who="2" m="3072" /><DORA hai="80" /><V83/><F83/><W54/><G90/><T66/><D76/><U50/><E11/><V38/><F38/><W122/><G89/><T104/><D130/><U111/><E111/><V2/><F2/><W10/><G1/><T0/><D3/><U68/><E68/><V118/><F118/><W79/><G79/><T32/><D0/><U119/><E119/><V39/><F39/><W110/><G110/><T77/><D77/><U28/><E57/><AGARI ba="0,1" hai="21,27,29,52,57,63,64,65,86,88,93" m="3072" machi="57" ten="50,24000,3" yaku="1,1,8,1,52,1,54,2,53,3" doraHai="106,80" doraHaiUra="62,55" who="2" fromWho="1" sc="219,0,181,-240,110,250,480,0" owari="219,-18.1,-59,-55.9,360,16.0,480,58.0" /></mjloggm>