<mjloggm ver="2.3"><GO type="169" lobby="0"/><UN n0="%4F%4D%41%4E%54%41" n1="%E8%8F%85%E7%94%B0%E5%B0%86%E6%9A%89%28%E5%81%BD%E7%89%A9%29" n2="%4E%6F%73%75%6B%65" n3="%E3%83%9D%E3%83%B3%E3%83%9D%E3%82%B3%E5%95%86%E4%BA%8B" dan="17,16,16,16" rate="2174.12,2164.33,2158.98,2179.47" sx="M,M,M,M"/><TAIKYOKU oya="0"/><INIT seed="0,0,0,0,3,127" ten="250,250,250,250" oya="0" hai0="133,5,87,9,103,41,132,89,93,80,98,64,76" hai1="35,100,73,17,13,52,33,60,11,37,78,83,62" hai2="27,114,116,134,28,47,55,7,61,66,117,85,88" hai3="63,24,4,122,130,31,94,115,119,21,86,50,125"/><T107/><D64/><U135/><E37/><V10/><F114/><W121/><G115/><T70/><D70/><U96/><E135/><N who="0" m="51785" /><D41/><U26/><E26/><V59/><F134/><W75/><G75/><N who="0" m="43039" /><D9/><U79/><E79/><V99/><F99/><W0/><G119/><T49/><D49/><U84/><E73/><V108/><F108/><W68/><G125/><T82/><D5/><U8/><E8/><V131/><F47/><W120/><G50/><T51/><D51/><U91/><E91/><V15/><F131/><W34/><G130/><T111/><D111/><U30/><E30/><V110/><F110/><W2/><G34/><T118/><D118/><U16/><E17/><V112/><F112/><W6/><G63/><T129/><D129/><U54/><E33/><V72/><F72/><W57/><G57/><T58/><D58/><U101/><E35/><V45/><F45/><W40/><G40/><T1/><D1/><N who="3" m="617" /><G68/><T104/><AGARI ba="0,0" hai="82,87,89,93,98,103,104,107" m="43039,51785" machi="104" ten="30,6000,0" yaku="20,1,34,2" doraHai="127" who="0" fromWho="0" sc="250,60,250,-20,250,-20,250,-20" /><INIT seed="0,1,0,5,2,11" ten="310,230,230,230" oya="0" hai0="34,99,108,133,41,87,86,106,19,69,44,6,120" hai1="107,33,89,77,49,105,30,8,51,76,128,80,102" hai2="97,15,39,21,135,5,36,129,116,118,48,22,79" hai3="64,37,111,4,83,18,90,2,40,74,130,131,100"/><T121/><D69/><U67/><E128/><V50/><F129/><N who="3" m="49163" /><G111/><T92/><D34/><U20/><E33/><V35/><F35/><W38/><G100/><T71/><D71/><U13/><E67/><V47/><F79/><N who="1" m="30281" /><E102/><V53/><F135/><W66/><G74/><T68/><D68/><U115/><E105/><V65/><F65/><N who="3" m="25195" /><G40/><T78/><D133/><U114/><E107/><V93/><F50/><W29/><G29/><T112/><D108/><U134/><E134/><V58/><F22/><W117/><G117/><N who="2" m="45161" /><F47/><W7/><G18/><T31/><D31/><U55/><E20/><V14/><F21/><W45/><G45/><T9/><D19/><N who="1" m="8615" /><E30/><V88/><F5/><N who="3" m="2123" /><G2/><T61/><D6/><U104/><E104/><V98/><F98/><W96/><G96/><T52/><D99/><U103/><E103/><V3/><F3/><W132/><G132/><T119/><D106/><U57/><E114/><V17/><F17/><W73/><G73/><T126/><D112/><U124/><E115/><V12/><AGARI ba="1,0" hai="12,14,15,36,39,48,53,58,88,93,97" m="45161" machi="12" ten="30,8000,1" yaku="12,1,52,3,54,1" doraHai="11" who="2" fromWho="2" sc="310,-41,230,-21,230,83,230,-21" /><INIT seed="1,0,0,5,1,15" ten="269,209,313,209" oya="1" hai0="118,95,17,1,125,59,91,65,82,98,80,35,23" hai1="39,64,128,37,87,71,126,120,62,48,76,21,90" hai2="52,27,124,94,29,132,119,57,5,134,92,26,131" hai3="41,108,9,56,99,93,100,2,32,115,77,7,53"/><U46/><E120/><V102/><F119/><W117/><G108/><T4/><D118/><U130/><E76/><V89/><F131/><W127/><G117/><T34/><D125/><U97/><E97/><V121/><F121/><W129/><G127/><T112/><D112/><U54/><E126/><V113/><F113/><W72/><G115/><T20/><D20/><U30/><E30/><V63/><F124/><W101/><G32/><T36/><D36/><U12/><E39/><V69/><F5/><W42/><G129/><T47/><D47/><U8/><E21/><V103/><F69/><W83/><REACH who="3" step="1"/><G101/><REACH who="3" ten="269,209,313,199" step="2"/><T111/><D34/><U16/><REACH who="1" step="1"/><E37/><REACH who="1" ten="269,199,313,199" step="2"/><V14/><F103/><W116/><G116/><T10/><D35/><U66/><E66/><V19/><F102/><W105/><G105/><T45/><D65/><U88/><E88/><V6/><F89/><W22/><G22/><T73/><D23/><U31/><E31/><V75/><F29/><W61/><AGARI ba="0,2" hai="2,7,9,41,42,53,56,61,72,77,83,93,99,100" machi="61" ten="20,2700,0" yaku="1,1,0,1,7,1,53,0" doraHai="15" doraHaiUra="135" who="3" fromWho="3" sc="269,-7,199,-13,313,-7,199,47" /><INIT seed="2,0,0,4,1,84" ten="262,186,306,246" oya="2" hai0="81,26,48,1,9,127,15,69,0,25,89,11,105" hai1="39,131,78,52,51,17,35,27,104,97,111,45,63" hai2="7,109,2,8,13,68,100,73,58,90,108,98,116" hai3="135,77,87,128,123,82,50,38,132,74,107,118,94"/><V59/><F116/><W75/><G38/><T57/><D69/><U10/><E39/><V29/><F68/><W124/><G50/><T96/><D127/><U34/><E111/><N who="2" m="42571" /><F73/><N who="3" m="27659" /><G123/><T70/><D70/><U65/><E131/><V67/><F29/><W3/><G3/><T54/><D105/><U28/><E78/><V83/><F67/><W33/><G33/><T47/><D0/><U64/><E34/><V32/><F32/><W21/><G21/><T62/><D1/><U114/><E114/><V19/><F100/><W106/><G118/><T24/><D15/><U76/><E76/><V79/><F79/><W103/><G124/><T122/><D122/><U31/><E31/><V23/><F83/><W55/><G55/><T60/><D60/><U125/><E125/><V130/><F130/><W44/><G44/><T126/><D126/><U92/><E104/><N who="3" m="39978" /><G128/><T85/><REACH who="0" step="1"/><D96/><AGARI ba="0,0" hai="77,82,87,94,96,103,132,135" m="39978,27659" machi="96" ten="40,2600,0" yaku="34,2" doraHai="84" who="3" fromWho="0" sc="262,-26,186,0,306,0,246,26" /><INIT seed="3,0,0,0,4,28" ten="236,186,306,272" oya="3" hai0="60,12,75,133,19,104,39,83,85,118,88,44,126" hai1="92,30,68,1,111,112,97,42,38,132,57,108,128" hai2="3,4,110,32,100,40,24,67,99,36,45,52,72" hai3="18,41,71,66,47,27,34,14,86,93,50,37,94"/><W114/><G114/><T35/><D118/><U13/><E1/><V53/><F110/><N who="1" m="42025" /><E68/><V135/><F135/><W89/><G71/><T98/><D133/><U55/><E30/><V121/><F121/><W54/><G66/><T31/><D126/><U43/><E132/><V21/><F67/><W5/><G5/><T80/><D60/><N who="1" m="35903" /><E112/><V91/><F72/><W49/><G37/><T124/><D124/><U8/><E38/><V107/><F91/><W64/><G64/><T90/><D39/><U82/><E82/><V125/><F125/><W96/><G27/><T105/><D44/><U10/><E128/><V87/><F87/><W77/><G34/><T17/><D35/><U102/><E10/><V130/><F130/><W115/><G115/><T20/><D31/><U74/><E74/><V131/><F131/><W46/><G77/><T78/><REACH who="0" step="1"/><D19/><AGARI ba="0,0" hai="8,13,19,42,43,92,97,102" m="35903,42025" machi="19" ten="30,1000,0" yaku="14,1" doraHai="28" who="1" fromWho="0" sc="236,-10,186,10,306,0,272,0" /><INIT seed="4,0,0,5,1,119" ten="226,196,306,272" oya="0" hai0="86,103,18,55,16,49,9,61,98,62,2,132,85" hai1="31,70,116,91,106,125,22,39,108,81,92,51,54" hai2="57,3,44,63,7,12,99,104,36,33,80,67,34" hai3="53,17,50,43,66,5,52,68,79,20,122,0,60"/><T35/><D132/><U41/><E116/><V93/><F3/><W124/><G124/><T110/><D35/><U65/><E108/><V107/><F80/><W126/><G126/><T13/><D2/><U94/><E125/><V11/><F107/><W58/><G79/><T69/><D110/><U6/><E106/><V75/><F75/><W42/><G17/><T83/><D18/><U29/><E6/><V112/><F104/><W118/><G20/><T95/><D69/><U131/><E131/><V82/><F112/><W15/><G0/><T97/><D97/><U30/><E22/><V73/><F73/><W120/><G15/><T115/><D115/><U89/><E41/><N who="3" m="15370" /><G5/><T14/><D14/><U24/><E39/><V117/><F117/><W100/><G100/><T76/><REACH who="0" step="1"/><D86/><REACH who="0" ten="216,196,306,272" step="2"/><U37/><E24/><V28/><F12/><W87/><G87/><T88/><D88/><U130/><E130/><V23/><F34/><W71/><G118/><T10/><D10/><U4/><E4/><V113/><F11/><W59/><G71/><T129/><D129/><U78/><E89/><V38/><F7/><W135/><G135/><T26/><D26/><U134/><E134/><V128/><F33/><W102/><G102/><T1/><D1/><U47/><E91/><V25/><F128/><W32/><G32/><T121/><D121/><U64/><E70/><V111/><F111/><W101/><G101/><T84/><D84/><N who="1" m="48183" /><E37/><V21/><F113/><W74/><G74/><T46/><AGARI ba="0,1" hai="9,13,16,46,49,55,61,62,76,83,85,95,98,103" machi="46" ten="20,18000,2" yaku="1,1,0,1,7,1,8,1,54,1,53,1" doraHai="119" doraHaiUra="40" who="0" fromWho="0" sc="216,190,196,-60,306,-60,272,-60" /><INIT seed="4,1,0,0,5,109" ten="406,136,246,212" oya="0" hai0="115,119,81,62,121,0,100,80,43,96,67,98,46" hai1="130,83,122,50,41,42,54,40,72,120,2,64,104" hai2="44,97,99,102,124,45,87,78,6,4,3,94,84" hai3="112,82,60,116,69,19,49,74,117,31,107,21,75"/><T73/><D119/><U48/><E104/><V76/><F3/><W5/><G107/><T53/><D121/><U132/><E2/><V68/><F68/><W24/><G5/><T34/><D0/><U135/><E72/><V56/><F56/><W51/><G31/><T131/><D34/><U23/><E23/><V55/><F124/><W13/><G24/><T106/><D131/><U134/><E83/><V33/><F33/><W61/><G82/><T11/><D11/><U38/><E130/><V27/><F94/><W15/><G21/><T22/><D98/><U47/><E64/><V12/><F12/><W79/><G79/><T52/><D22/><U101/><E101/><V36/><F36/><W86/><G86/><T9/><D9/><U17/><E17/><V10/><F10/><W77/><G77/><T105/><D105/><U20/><E20/><V129/><F129/><W26/><G26/><T85/><D73/><U133/><N who="1" m="33792" /><DORA hai="37" /><U8/><E8/><V14/><F14/><W118/><G118/><T18/><D18/><U123/><E38/><V111/><F27/><W16/><G69/><T91/><D80/><U126/><E126/><V32/><F32/><W35/><REACH who="3" step="1"/><G35/><REACH who="3" ten="406,136,246,202" step="2"/><T1/><D81/><U103/><REACH who="1" step="1"/><E103/><REACH who="1" ten="406,126,246,202" step="2"/><V113/><F6/><W114/><AGARI ba="1,2" hai="13,15,16,19,49,51,60,61,74,75,112,114,116,117" machi="114" ten="25,16000,3" yaku="1,1,2,1,0,1,22,2,52,2,54,1,53,0" doraHai="109,37" doraHaiUra="88,63" who="3" fromWho="3" sc="406,-81,126,-41,246,-41,202,183" /><INIT seed="5,0,0,2,5,101" ten="325,85,205,385" oya="1" hai0="3,33,29,47,17,116,32,88,128,72,106,58,107" hai1="53,75,66,87,74,105,81,15,7,26,49,39,109" hai2="111,30,67,40,43,11,56,84,46,42,91,73,35" hai3="115,25,135,14,19,76,65,77,83,24,124,127,60"/><U78/><E39/><V69/><F73/><W95/><G115/><T16/><D116/><U118/><E118/><V100/><F111/><W130/><G95/><T90/><D72/><U12/><E109/><V108/><F108/><W0/><G0/><T97/><D3/><U27/><E74/><V10/><F69/><W125/><G130/><T70/><D70/><U133/><E133/><V63/><F100/><W99/><G99/><T38/><D58/><U134/><E134/><V68/><F68/><N who="3" m="42023" /><G135/><T13/><D47/><U20/><E75/><V50/><F30/><W82/><G82/><T119/><D119/><U113/><E113/><V104/><F104/><W64/><G64/><T18/><D38/><U85/><E105/><V129/><F35/><W52/><G52/><T132/><D132/><U92/><E66/><V93/><REACH who="2" step="1"/><F129/><REACH who="2" ten="325,85,195,385" step="2"/><W1/><G125/><T94/><D128/><U122/><E122/><V103/><F103/><W112/><G127/><T37/><D32/><U48/><E48/><V22/><F22/><W89/><G124/><T98/><D37/><U79/><E79/><V5/><F5/><W96/><G77/><T123/><D123/><U102/><E7/><V21/><F21/><W9/><G76/><T45/><D107/><U4/><E4/><V71/><F71/><W51/><G112/><T110/><D110/><U6/><E6/><V41/><AGARI ba="0,1" hai="10,11,40,41,42,43,46,50,56,63,67,84,91,93" machi="41" ten="30,7900,0" yaku="1,1,0,1,8,1,53,1" doraHai="101" doraHaiUra="54" who="2" fromWho="2" sc="325,-20,85,-39,195,89,385,-20" /><INIT seed="6,0,0,1,1,29" ten="305,46,284,365" oya="2" hai0="25,16,87,19,107,130,84,5,14,126,66,109,50" hai1="35,8,12,80,30,103,101,4,59,102,79,46,96" hai2="132,69,78,73,105,106,128,124,11,32,93,38,48" hai3="88,131,85,24,133,21,77,135,34,43,65,118,36"/><V1/><RYUUKYOKU type="yao9" ba="0,0" sc="305,0,46,0,284,0,365,0" hai2="1,11,32,38,48,69,73,78,93,105,106,124,128,132" /><INIT seed="6,1,0,3,5,48" ten="305,46,284,365" oya="2" hai0="68,134,75,62,79,49,11,99,18,124,129,66,5" hai1="6,133,57,100,20,13,125,117,104,122,132,59,37" hai2="61,80,116,126,0,92,114,113,111,110,29,112,89" hai3="42,98,72,43,45,22,12,32,85,95,87,77,102"/><V94/><F0/><W31/><G32/><T8/><D129/><U7/><E100/><V83/><F29/><W96/><G43/><T17/><D124/><U36/><E20/><V81/><F126/><W93/><G72/><T121/><D121/><U58/><E125/><V19/><F19/><W108/><G77/><T91/><D134/><U84/><E122/><V2/><F2/><W44/><G108/><N who="2" m="41513" /><F61/><W109/><G109/><T69/><D69/><U65/><E104/><V53/><F53/><W78/><G78/><T76/><D76/><U103/><E103/><V82/><F116/><W9/><G22/><T63/><D63/><U55/><E117/><V105/><F105/><W70/><G31/><T119/><D119/><U86/><E65/><V73/><F73/><W25/><G25/><T64/><D64/><U51/><E13/><V74/><F74/><W67/><G67/><T35/><D35/><U128/><E128/><V106/><F106/><W14/><G14/><T27/><D27/><U52/><E58/><V88/><F83/><W127/><G70/><T26/><D26/><U131/><E131/><V30/><F30/><W23/><G127/><T97/><D11/><U60/><REACH who="1" step="1"/><E51/><REACH who="1" ten="305,36,284,365" step="2"/><V115/><F115/><W39/><G12/><T123/><D49/><U47/><E47/><V33/><F33/><W41/><G45/><T56/><D123/><U101/><E101/><V3/><F3/><W15/><G102/><T107/><D107/><U40/><E40/><V71/><F71/><W24/><G42/><T54/><D68/><U28/><E28/><V16/><F114/><RYUUKYOKU ba="1,1" sc="305,-10,36,30,284,-10,365,-10" hai1="6,7,36,37,52,55,57,59,60,84,86,132,133" /><INIT seed="7,2,1,1,5,126" ten="295,66,274,355" oya="3" hai0="99,12,41,78,28,133,56,49,9,92,77,43,82" hai1="15,61,24,51,45,62,130,0,36,112,53,123,88" hai2="125,128,101,11,10,132,66,76,121,89,47,71,103" hai3="119,46,95,117,23,94,40,134,73,33,69,115,131"/><W44/><G33/><T118/><D118/><U59/><E0/><V68/><F125/><W2/><G69/><T7/><D133/><U54/><E123/><V19/><F132/><W17/><G73/><T107/><D107/><U18/><E112/><V93/><F76/><N who="0" m="29290" /><D82/><U72/><E72/><V55/><F66/><W65/><G2/><T114/><D28/><U13/><E36/><V98/><F71/><W14/><G115/><T57/><D114/><U122/><E122/><V63/><F68/><W35/><G35/><T113/><D113/><U102/><E102/><V97/><F121/><W135/><G65/><T86/><D86/><U30/><E30/><V81/><F81/><W105/><G94/><T37/><D37/><U48/><E130/><V96/><F128/><W1/><G131/><T74/><D74/><U26/><E45/><V39/><F39/><W20/><G95/><T83/><D83/><U22/><E22/><V27/><F27/><W6/><G1/><T111/><D111/><U120/><E120/><V109/><F109/><W85/><G85/><T21/><D21/><U116/><E116/><V87/><F19/><W106/><G23/><T91/><D49/><U4/><E4/><V75/><F75/><W127/><G20/><T42/><AGARI ba="2,1" hai="7,9,12,41,42,43,56,57,91,92,99" m="29290" machi="42" ten="30,1100,0" yaku="8,1" doraHai="126" who="0" fromWho="0" sc="295,27,66,-5,274,-5,355,-7" owari="322,12.2,61,-43.9,269,-13.1,348,44.8" /></mjloggm>