<mjloggm ver="2.3"><GO type="169" lobby="0"/><UN n0="%E3%81%9F%E3%81%BE%E5%AD%90" n1="%E4%B9%9D%E7%B4%8B%E9%BE%8D%E5%8F%B2%E9%80%B2" n2="%E5%A4%A9%E5%87%B0%E3%81%82%E3%82%8A%E3%81%8C%E3%81%A8%E3%81%86" n3="%E3%82%86%E3%81%86%E3%82%86%E3%81%8D" dan="16,19,16,16" rate="2153.89,2295.86,2107.12,2205.84" sx="M,M,M,M"/><TAIKYOKU oya="0"/><INIT seed="0,0,0,5,2,107" ten="250,250,250,250" oya="0" hai0="126,53,99,73,129,34,127,48,104,41,71,27,101" hai1="108,40,11,43,6,79,50,78,113,93,72,58,28" hai2="74,56,29,76,131,0,64,31,120,114,19,103,18" hai3="23,44,96,63,9,1,111,117,109,32,102,87,57"/><T89/><D129/><U14/><E108/><N who="3" m="41546" /><G32/><T62/><D41/><U135/><E135/><V86/><F114/><W55/><G117/><T35/><D89/><U15/><E113/><V132/><F120/><W39/><G87/><T30/><D35/><U16/><E28/><V124/><F124/><W83/><G83/><T10/><D10/><U36/><E36/><V92/><F0/><W69/><G23/><T25/><D25/><U46/><E72/><V119/><F74/><W115/><G69/><T4/><D4/><U122/><E43/><V7/><F7/><N who="3" m="1263" /><G115/><T85/><D85/><U68/><E68/><V123/><F86/><W49/><G39/><T13/><D13/><U110/><E122/><V51/><F123/><W77/><G77/><T105/><D105/><U80/><E80/><V65/><F76/><W5/><G5/><T24/><D24/><U37/><E110/><V130/><F132/><W94/><G63/><T12/><D12/><U21/><E93/><V47/><F92/><W52/><G55/><T128/><D128/><U121/><E121/><V88/><F130/><W61/><G61/><T118/><D118/><U26/><E15/><V38/><F131/><W133/><G133/><T8/><D8/><U116/><E116/><V33/><F38/><W66/><G66/><N who="0" m="41431" /><D73/><U112/><E112/><V75/><F33/><W59/><AGARI ba="0,0" hai="44,49,52,57,59,94,96,102" m="1263,41546" machi="59" ten="30,2000,0" yaku="14,1,54,1" doraHai="107" who="3" fromWho="3" sc="250,-10,250,-5,250,-5,250,20" /><INIT seed="1,0,0,2,5,7" ten="240,245,245,270" oya="1" hai0="91,74,80,129,24,1,92,56,2,40,43,112,114" hai1="134,25,120,77,123,84,59,102,38,44,35,132,113" hai2="65,26,63,135,39,47,97,16,81,5,22,18,0" hai3="23,121,30,85,33,64,45,29,36,126,3,125,128"/><U20/><E113/><V95/><F135/><N who="1" m="51753" /><E35/><V70/><F81/><W83/><G121/><T37/><D129/><U96/><E59/><V104/><F104/><W75/><G128/><T103/><D103/><U60/><E60/><V10/><F39/><W27/><G75/><T11/><D56/><U90/><E77/><V12/><F47/><W41/><G3/><T52/><D52/><U66/><E66/><V55/><F55/><W130/><G130/><T53/><D53/><U101/><E38/><V105/><F105/><W107/><G107/><T50/><D50/><U19/><E44/><V57/><F70/><W111/><G64/><T9/><D24/><U58/><E58/><V115/><F115/><W49/><G36/><T106/><D106/><N who="1" m="63783" /><E102/><N who="2" m="60735" /><F0/><W88/><G33/><T108/><D37/><U31/><E31/><AGARI ba="0,0" hai="5,10,12,16,18,22,26,31,57,63,65" m="60735" machi="31" ten="30,7700,0" yaku="25,1,8,1,52,1,54,1" doraHai="7" who="2" fromWho="1" sc="240,0,245,-77,245,77,270,0" /><INIT seed="2,0,0,3,0,97" ten="240,168,322,270" oya="2" hai0="119,35,19,28,94,132,86,116,77,29,90,0,125" hai1="99,71,16,100,105,82,131,53,32,91,43,68,123" hai2="13,45,130,104,46,129,4,74,40,18,49,135,117" hai3="127,12,81,50,51,54,133,114,118,106,85,126,7"/><V89/><F117/><N who="0" m="45130" /><D132/><U39/><E131/><N who="2" m="50187" /><F74/><W121/><G121/><T17/><D125/><U87/><E123/><V80/><F135/><W112/><G106/><T75/><D0/><U95/><E32/><V6/><F104/><W122/><G122/><T2/><D2/><U110/><E110/><V31/><F31/><N who="0" m="11850" /><D35/><U59/><E43/><N who="2" m="24767" /><F80/><AGARI ba="0,0" hai="17,19,75,77,80,86,90,94" m="11850,45130" machi="80" ten="30,1000,0" yaku="12,1" doraHai="97" who="0" fromWho="2" sc="240,10,168,0,322,-10,270,0" /><INIT seed="3,0,0,0,1,44" ten="250,168,312,270" oya="3" hai0="88,12,14,58,26,131,8,115,122,69,75,32,20" hai1="129,107,72,66,56,114,16,35,99,134,13,28,22" hai2="41,101,33,94,98,86,40,93,34,47,64,97,27" hai3="92,19,130,23,39,110,68,6,89,109,71,30,52"/><W80/><G39/><T50/><D122/><U104/><E114/><V5/><F5/><W78/><G30/><T38/><D38/><U29/><E72/><V90/><F64/><W117/><G6/><T81/><D69/><U127/><E127/><V7/><F7/><W2/><G2/><T103/><D115/><U67/><E134/><V112/><F112/><W60/><G117/><T17/><D131/><U43/><E129/><V63/><F63/><W87/><G130/><T59/><D103/><U54/><E43/><V46/><F27/><W61/><G68/><T113/><D113/><U10/><E35/><V82/><F46/><W4/><G4/><T24/><D75/><U9/><E104/><V116/><F40/><W102/><G102/><T0/><D0/><U53/><E53/><V124/><F124/><W73/><G71/><T55/><D32/><U91/><E29/><V18/><F18/><W31/><G31/><T123/><D59/><U108/><E108/><N who="3" m="41578" /><G52/><T45/><D58/><U106/><E106/><V119/><F119/><W1/><G1/><T25/><D123/><U37/><E37/><V100/><REACH who="2" step="1"/><F116/><REACH who="2" ten="250,168,302,270" step="2"/><W84/><G73/><T42/><D42/><U95/><E107/><V85/><F85/><W49/><G49/><AGARI ba="0,1" hai="33,34,41,47,49,82,86,90,93,94,97,98,100,101" machi="49" ten="30,7700,0" yaku="1,1,7,1,9,1,52,1,53,0" doraHai="44" doraHaiUra="48" who="2" fromWho="3" sc="250,0,168,0,302,87,270,-77" /><INIT seed="4,0,0,4,0,126" ten="250,168,389,193" oya="0" hai0="111,83,118,27,12,104,115,108,117,34,88,21,100" hai1="70,8,110,26,120,44,45,33,76,79,54,40,28" hai2="64,20,17,72,129,58,50,122,125,131,4,25,43" hai3="103,19,55,0,59,69,31,82,67,52,114,66,73"/><T49/><D49/><U97/><E110/><N who="0" m="42025" /><D34/><U56/><E120/><V106/><F122/><W96/><G0/><T105/><D12/><U5/><E70/><V68/><F106/><N who="0" m="41066" /><D21/><U6/><E97/><V80/><F125/><W86/><G114/><T93/><D27/><U74/><E74/><V23/><F4/><W41/><G73/><T133/><D115/><U77/><E40/><V99/><F99/><W61/><G31/><T36/><D36/><U1/><REACH who="1" step="1"/><E6/><REACH who="1" ten="250,158,389,193" step="2"/><V87/><F43/><W53/><G41/><T135/><D100/><U16/><E16/><V18/><F68/><W127/><G127/><T119/><D83/><U13/><E13/><V48/><F80/><W102/><G19/><T14/><D14/><U85/><E85/><AGARI ba="0,1" hai="85,88,93,117,118,119,133,135" m="41066,42025" machi="85" ten="40,12000,1" yaku="10,1,34,2,54,1" doraHai="126" who="0" fromWho="1" sc="250,130,158,-120,389,0,193,0" /><INIT seed="4,1,0,5,0,39" ten="380,38,389,193" oya="0" hai0="95,4,43,108,0,38,20,101,16,22,19,94,28" hai1="36,102,135,134,3,52,124,68,46,125,73,24,56" hai2="119,44,1,69,58,121,50,77,123,98,66,40,60" hai3="27,113,65,79,115,71,63,64,83,72,9,84,91"/><T89/><D108/><U132/><E73/><V114/><F1/><W55/><G9/><T26/><D0/><U128/><E3/><V127/><F77/><W78/><G65/><T51/><D38/><U25/><E102/><V105/><F114/><N who="3" m="43531" /><G72/><T14/><D101/><U8/><E8/><V109/><F105/><W90/><G79/><T120/><D120/><U130/><E68/><V104/><F109/><W92/><G92/><T116/><D116/><U2/><E2/><V75/><F75/><W107/><G107/><T88/><D4/><U133/><E133/><V82/><F82/><W48/><G27/><T37/><D37/><U15/><E15/><V5/><F5/><W111/><G111/><T18/><D94/><U13/><E13/><V74/><F74/><W85/><G84/><N who="0" m="52615" /><D89/><U129/><E46/><AGARI ba="1,0" hai="46,48,55,63,64,71,78,83,85,90,91" m="43531" machi="46" ten="30,1000,0" yaku="15,1" doraHai="39" who="3" fromWho="1" sc="380,0,38,-13,389,0,193,13" /><AGARI ba="1,0" hai="14,16,18,19,20,22,26,28,43,46,51" m="52615" machi="46" ten="30,11600,0" yaku="8,1,52,1,54,2" doraHai="39" who="0" fromWho="1" sc="380,116,25,-116,389,0,206,0" owari="496,59.6,-91,-59.1,389,18.9,206,-19.4" /></mjloggm>