<mjloggm ver="2.3"><GO type="169" lobby="0"/><UN n0="%E3%83%A9%E3%83%A0%E3%83%9E%E3%82%B8%E5%A4%A9%E4%BD%BF" n1="%E8%B5%A4%E6%9C%A8%E3%81%97%E3%81%92%E3%82%8B" n2="%E4%B9%9D%E7%B4%8B%E9%BE%8D%E5%8F%B2%E9%80%B2" n3="%E8%88%B9%E8%B6%8A%E8%8B%B1%E4%B8%80%E9%83%8E" dan="17,16,19,17" rate="2165.46,2085.50,2282.30,2130.84" sx="M,M,M,M"/><TAIKYOKU oya="0"/><INIT seed="0,0,0,2,1,80" ten="250,250,250,250" oya="0" hai0="100,77,131,44,39,12,61,67,73,117,70,64,41" hai1="32,45,124,57,112,132,37,66,6,114,0,135,46" hai2="10,96,26,19,5,79,127,98,130,74,15,72,17" hai3="35,14,120,24,93,108,75,16,119,69,34,36,59"/><T91/><D117/><U9/><E32/><V116/><F116/><W126/><G69/><T48/><D131/><U84/><E124/><V107/><F127/><W95/><G36/><T101/><D77/><U85/><E66/><V4/><F130/><W51/><G75/><T129/><D73/><U29/><E29/><V113/><F113/><N who="1" m="43625" /><E57/><V53/><F53/><W125/><G120/><T86/><D129/><U115/><N who="1" m="43633" /><U49/><DORA hai="87" /><E37/><V42/><F42/><W54/><G119/><T43/><D12/><U82/><E82/><V31/><F17/><W118/><G118/><T38/><D67/><U7/><E45/><V23/><F5/><W123/><G59/><T68/><D68/><U40/><E6/><V99/><F107/><W47/><G47/><T60/><D60/><U104/><E104/><V76/><F74/><W106/><G106/><T33/><D33/><U56/><E56/><V103/><F103/><W62/><G62/><T128/><D128/><U109/><E109/><V63/><F72/><W20/><G35/><T83/><D48/><U11/><E9/><V1/><REACH who="2" step="1"/><F63/><REACH who="2" ten="250,250,240,250" step="2"/><W58/><G125/><T2/><D2/><U50/><E49/><V28/><F28/><W55/><G51/><T134/><D134/><AGARI ba="0,1" hai="0,7,11,40,46,50,84,85,132,134,135" m="43633" machi="134" ten="40,8000,1" yaku="20,1,11,1,52,2" doraHai="80,87" who="1" fromWho="0" sc="250,-80,250,90,240,0,250,0" /><INIT seed="1,0,0,0,3,51" ten="170,340,240,250" oya="1" hai0="43,70,69,104,120,17,3,6,100,68,7,23,74" hai1="96,59,11,22,106,75,125,114,39,48,126,110,19" hai2="53,118,28,25,32,38,47,60,29,77,83,132,44" hai3="102,18,55,131,64,66,127,122,12,91,54,37,119"/><U109/><E75/><V124/><F118/><W113/><G122/><T2/><D120/><U9/><E39/><V121/><F121/><W79/><G119/><T95/><D104/><U58/><E114/><V84/><F132/><W30/><G113/><T123/><D123/><U10/><E96/><V108/><F108/><N who="1" m="41577" /><E106/><V56/><F124/><N who="1" m="47721" /><E48/><V115/><F115/><W92/><G37/><T72/><D43/><U15/><AGARI ba="0,0" hai="9,10,11,15,19,22,58,59" m="47721,41577" machi="15" ten="40,7800,0" yaku="14,1,10,1,18,1" doraHai="51" who="1" fromWho="1" sc="170,-26,340,78,240,-26,250,-26" /><INIT seed="1,1,0,1,5,34" ten="144,418,214,224" oya="1" hai0="88,120,13,39,38,47,75,37,123,35,100,130,10" hai1="122,45,40,15,101,61,57,92,85,102,114,81,118" hai2="1,99,103,23,11,42,70,134,126,66,72,117,112" hai3="89,52,46,48,133,111,132,36,105,6,27,0,127"/><U91/><E114/><V74/><F117/><W43/><G111/><T18/><D100/><U65/><E122/><V31/><F112/><W64/><G105/><T8/><D75/><U124/><E124/><V69/><F126/><W113/><G113/><T82/><D130/><U16/><E118/><V33/><F23/><W20/><G127/><T19/><D35/><U80/><E80/><V83/><F42/><W14/><G14/><T96/><D47/><U3/><E3/><V63/><F69/><W125/><G125/><T73/><D73/><U9/><REACH who="1" step="1"/><E81/><REACH who="1" ten="144,408,214,224" step="2"/><V49/><F83/><W119/><G0/><T93/><D82/><U104/><E104/><N who="2" m="63615" /><F134/><W110/><G119/><T50/><D123/><U55/><E55/><V17/><F1/><W106/><G52/><T71/><D120/><U32/><E32/><V90/><F74/><W98/><G132/><T95/><D95/><U131/><E131/><V24/><F72/><W51/><G106/><T84/><D71/><U68/><E68/><V59/><F70/><W28/><G133/><T56/><D93/><U97/><E97/><V7/><F33/><W21/><G98/><T129/><D96/><U116/><E116/><V135/><F135/><W109/><G64/><T60/><D129/><U2/><E2/><V67/><F66/><W41/><G41/><T53/><D53/><U128/><E128/><V115/><F67/><W79/><G43/><T12/><D84/><U4/><E4/><V78/><F7/><W29/><G6/><T94/><D94/><U86/><E86/><V5/><F115/><W121/><G121/><RYUUKYOKU ba="1,1" sc="144,-10,408,30,214,-10,224,-10" hai1="9,15,16,40,45,57,61,65,85,91,92,101,102" /><INIT seed="1,2,1,4,2,17" ten="134,438,204,214" oya="1" hai0="40,25,126,133,80,64,36,7,18,92,9,95,57" hai1="43,90,56,116,0,45,108,59,122,87,68,52,104" hai2="60,120,77,70,114,134,109,107,117,6,75,42,8" hai3="129,46,19,33,86,62,55,127,44,96,78,58,61"/><U99/><E122/><V82/><F120/><W128/><G33/><T73/><D126/><U22/><E116/><V24/><F117/><W106/><G78/><T21/><D133/><U29/><E0/><V100/><F109/><W39/><G86/><T132/><D132/><U113/><E68/><V112/><F134/><W27/><G39/><T32/><D32/><U121/><E121/><V41/><F100/><N who="3" m="62727" /><G62/><T88/><D57/><U12/><E113/><N who="2" m="43627" /><F107/><W50/><G61/><T4/><D64/><U89/><E108/><V130/><F130/><N who="3" m="50283" /><G127/><T49/><D36/><U123/><E123/><V35/><F35/><W10/><G10/><T91/><D73/><U47/><E104/><V81/><F81/><W51/><G51/><T131/><D131/><U74/><E74/><V54/><F24/><W102/><G102/><T72/><D72/><U13/><E99/><V94/><F94/><W79/><G79/><T119/><D80/><U98/><E98/><V67/><F54/><W105/><G105/><T38/><D38/><U14/><E89/><V15/><AGARI ba="2,1" hai="6,8,15,41,42,60,67,70,75,77,82" m="43627" machi="15" ten="30,1100,0" yaku="11,1" doraHai="17" who="2" fromWho="2" sc="134,-5,438,-7,204,27,214,-5" /><INIT seed="2,0,0,0,3,85" ten="129,431,231,209" oya="2" hai0="45,9,77,81,128,70,89,7,26,2,91,64,90" hai1="74,42,104,19,78,36,5,66,112,3,79,88,122" hai2="130,40,51,125,1,41,22,111,27,23,58,69,18" hai3="60,72,17,44,103,32,37,126,94,95,0,20,16"/><V132/><F69/><W93/><G126/><T120/><D120/><U13/><E112/><V121/><F121/><W102/><G32/><T113/><D113/><U48/><E104/><V118/><F118/><W62/><G72/><T30/><D128/><U83/><E78/><V116/><F116/><W129/><G0/><T65/><D70/><U35/><E122/><V124/><F1/><W84/><G129/><T29/><D45/><U71/><E35/><V50/><F130/><W135/><G135/><T107/><D107/><U73/><E73/><V12/><F132/><W105/><G105/><T14/><D2/><U56/><E71/><V106/><F111/><W96/><G37/><T68/><D68/><U59/><E66/><N who="0" m="25705" /><D26/><U82/><E36/><V25/><F106/><W100/><G96/><T97/><D97/><U38/><E38/><V123/><F123/><W57/><G44/><T34/><D34/><U101/><E3/><V86/><F86/><AGARI ba="0,0" hai="7,9,14,29,30,77,81,86,89,90,91" m="25705" machi="86" ten="30,7700,0" yaku="8,1,52,3" doraHai="85" who="0" fromWho="2" sc="129,77,431,0,231,-77,209,0" /><INIT seed="3,0,0,2,0,31" ten="206,431,154,209" oya="3" hai0="77,35,65,14,41,124,34,99,15,7,3,110,75" hai1="5,100,76,44,106,33,114,128,130,59,120,10,27" hai2="117,19,134,22,68,12,90,39,86,83,111,32,24" hai3="94,47,56,81,57,121,0,17,125,96,87,72,60"/><W64/><G121/><T48/><D65/><U132/><E76/><V20/><F117/><W29/><G125/><T98/><D110/><U18/><E44/><V4/><F111/><W85/><G0/><T13/><D124/><U109/><E59/><V135/><F39/><W93/><G72/><T122/><D122/><U40/><E40/><V61/><F4/><W84/><G29/><T66/><D66/><U30/><E100/><V73/><F73/><W95/><G57/><T25/><D25/><U16/><E106/><V37/><F37/><W53/><G17/><N who="1" m="6762" /><E109/><V67/><REACH who="2" step="1"/><F22/><REACH who="2" ten="206,431,144,209" step="2"/><W92/><N who="3" m="23552" /><DORA hai="54" /><W91/><REACH who="3" step="1"/><G96/><REACH who="3" ten="206,431,144,199" step="2"/><T63/><D99/><U23/><E120/><V131/><F131/><W71/><G71/><T118/><D98/><U1/><E114/><V70/><F70/><W9/><G9/><T97/><D75/><U105/><E105/><V102/><F102/><W107/><G107/><T103/><D97/><U62/><E128/><V50/><F50/><AGARI ba="0,2" hai="47,50,53,56,60,64,81,84,85,87,91" m="23552" machi="50" ten="50,9600,0" yaku="1,1,8,1,52,1,53,0" doraHai="31,54" doraHaiUra="115,133" who="3" fromWho="2" sc="206,0,431,0,144,-96,199,116" /><INIT seed="3,1,0,5,4,1" ten="206,431,48,315" oya="3" hai0="51,130,102,84,23,116,8,26,46,13,15,32,61" hai1="80,30,4,19,135,79,55,104,70,37,34,129,11" hai2="118,63,62,92,39,76,78,112,29,9,95,67,124" hai3="2,22,115,42,56,68,132,38,81,127,108,66,27"/><W57/><G115/><T59/><D116/><U77/><E70/><V17/><F39/><W86/><G2/><T88/><D32/><U10/><E37/><V123/><F29/><W125/><G132/><T64/><D102/><U122/><E104/><V133/><F124/><N who="3" m="47691" /><G108/><T93/><D130/><U5/><E80/><V98/><F123/><W45/><G66/><T47/><D51/><U96/><E96/><V24/><F118/><W7/><G7/><N who="1" m="2634" /><E122/><V3/><F112/><W35/><G68/><T43/><D43/><U105/><E105/><V107/><F107/><W103/><G103/><T117/><D117/><U75/><E75/><V52/><F3/><W71/><G71/><T89/><D89/><U90/><E34/><V36/><F36/><W18/><G35/><T21/><D21/><U85/><E135/><V100/><F133/><W74/><G74/><T128/><D128/><U41/><E129/><V50/><F95/><W106/><G106/><T97/><D97/><U0/><E0/><V111/><F111/><W60/><G60/><N who="2" m="23081" /><F67/><W119/><G119/><T82/><D93/><N who="1" m="54479" /><E30/><V53/><F92/><W73/><G73/><T72/><D72/><U94/><E94/><V33/><F33/><W101/><G101/><T6/><D13/><N who="1" m="7607" /><E11/><V126/><F126/><W14/><G14/><T91/><D91/><AGARI ba="1,0" hai="18,22,27,38,42,45,56,57,81,86,91" m="47691" machi="91" ten="30,1500,0" yaku="18,1" doraHai="1" who="3" fromWho="0" sc="206,-18,431,0,48,0,315,18" /><INIT seed="3,2,0,3,1,61" ten="188,431,48,333" oya="3" hai0="94,67,116,112,125,109,56,76,50,65,8,114,64" hai1="18,123,58,100,88,12,9,15,117,77,92,83,93" hai2="22,41,38,121,90,99,132,14,16,43,104,86,103" hai3="45,102,89,48,10,24,85,1,70,39,78,113,134"/><W25/><G113/><N who="0" m="43627" /><D116/><U42/><E123/><V131/><F121/><W98/><G134/><T30/><D109/><U68/><E68/><V23/><F132/><W44/><G70/><T27/><D125/><U101/><E117/><V26/><F131/><W122/><G122/><T118/><D118/><U51/><E92/><V82/><REACH who="2" step="1"/><F38/><REACH who="2" ten="188,431,38,333" step="2"/><W124/><G39/><T120/><D120/><U36/><E36/><V73/><F73/><W133/><G133/><T110/><D110/><U111/><E111/><V4/><F4/><W47/><G124/><T40/><D76/><U107/><E107/><V106/><F106/><W2/><G78/><T6/><D94/><U21/><E77/><V37/><F37/><W71/><G1/><N who="0" m="79" /><D40/><U28/><E42/><V7/><F7/><W59/><G2/><T115/><D115/><U20/><E28/><AGARI ba="2,1" hai="14,16,22,23,26,28,41,43,82,86,90,99,103,104" machi="28" ten="30,3900,0" yaku="1,1,7,1,54,1,53,0" doraHai="61" doraHaiUra="52" who="2" fromWho="1" sc="188,0,431,-45,38,55,333,0" /><INIT seed="4,0,0,5,0,131" ten="188,386,93,333" oya="0" hai0="76,0,25,7,128,132,52,5,118,16,71,23,38" hai1="84,123,33,114,115,93,120,11,125,60,45,28,18" hai2="24,106,40,39,32,1,82,58,109,3,99,72,121" hai3="135,48,66,83,87,12,59,64,74,92,78,13,46"/><T27/><D71/><U43/><E28/><N who="2" m="19463" /><F58/><W98/><G74/><T102/><D38/><U96/><E33/><V103/><F109/><W10/><G135/><T67/><D67/><U80/><E60/><V85/><F85/><W111/><G111/><T30/><D102/><U65/><E65/><V49/><F49/><W14/><G59/><T50/><D76/><U97/><E11/><V15/><F15/><W77/><G77/><T81/><D81/><U134/><E18/><V4/><F4/><W107/><G107/><T108/><D108/><U94/><E45/><N who="2" m="23711" /><F121/><N who="1" m="46665" /><E43/><V101/><F101/><N who="3" m="60615" /><G10/><T126/><D50/><U35/><E35/><V75/><F82/><W42/><AGARI ba="0,0" hai="12,13,14,42,46,48,64,66,78,83,87" m="60615" machi="42" ten="30,1100,0" yaku="8,1" doraHai="131" who="3" fromWho="3" sc="188,-5,386,-3,93,-3,333,11" /><INIT seed="5,0,0,0,0,52" ten="183,383,90,344" oya="1" hai0="131,102,27,50,71,29,88,104,72,2,106,58,126" hai1="37,48,26,82,23,94,4,60,123,121,65,95,114" hai2="81,78,92,86,62,129,1,130,5,56,73,66,112" hai3="47,84,38,41,18,113,83,45,35,120,132,77,68"/><U117/><E37/><V11/><REACH who="2" step="1"/><F112/><REACH who="2" ten="183,383,80,344" step="2"/><W3/><G113/><T8/><D106/><U54/><E114/><V31/><F31/><W101/><G120/><T103/><D104/><U89/><E121/><V22/><F22/><W28/><G28/><T36/><D29/><U14/><E123/><V70/><F70/><W125/><G68/><T40/><D71/><U99/><E117/><V97/><F97/><W7/><G35/><T134/><D8/><U115/><E99/><V105/><F105/><W110/><G110/><T127/><D127/><U87/><E23/><V12/><F12/><W0/><G125/><T90/><D126/><U33/><E14/><V135/><F135/><W67/><G132/><T9/><D9/><U13/><E13/><V109/><F109/><W61/><G0/><T108/><D134/><U57/><E115/><V118/><F118/><W76/><G3/><T133/><D108/><U122/><E122/><V17/><F17/><W69/><G18/><T75/><D2/><U34/><E34/><V91/><AGARI ba="0,1" hai="1,5,11,56,62,66,73,78,81,86,91,92,129,130" machi="91" ten="30,7900,0" yaku="21,2,0,1,52,1,53,0" doraHai="52" doraHaiUra="64" who="2" fromWho="2" sc="183,-20,383,-39,80,89,344,-20" /><INIT seed="6,0,0,0,0,73" ten="163,344,169,324" oya="2" hai0="19,48,123,89,93,47,60,26,100,78,68,35,13" hai1="84,57,29,131,37,125,9,81,117,23,129,30,51" hai2="44,120,106,40,53,39,82,34,58,77,0,27,127" hai3="52,72,91,132,41,85,116,99,25,38,124,3,104"/><V70/><F120/><W111/><G3/><T130/><D123/><U61/><E37/><V46/><F127/><W75/><G111/><T63/><D130/><N who="1" m="49675" /><E125/><V16/><F106/><W6/><G6/><T67/><D100/><U4/><E51/><V2/><F70/><W119/><G41/><T115/><D115/><U28/><E23/><V74/><F46/><W32/><G38/><T103/><D103/><U107/><E107/><V94/><F94/><W110/><G110/><T87/><D63/><U122/><E117/><V14/><F27/><W64/><G25/><T22/><D35/><U79/><E122/><V69/><F69/><W128/><G32/><T109/><D109/><U15/><E29/><V45/><F45/><W65/><G104/><T80/><D26/><U92/><E92/><V134/><F34/><W76/><G124/><T31/><D31/><U118/><E118/><V88/><F88/><W113/><G91/><T95/><REACH who="0" step="1"/><D89/><REACH who="0" ten="153,344,169,324" step="2"/><U108/><E108/><V17/><F134/><W21/><G132/><T5/><D5/><U33/><E33/><V56/><F17/><W43/><G128/><T54/><AGARI ba="0,1" hai="13,19,22,47,48,54,60,67,68,78,80,87,93,95" machi="54" ten="20,5200,0" yaku="1,1,0,1,7,1,52,1,53,0" doraHai="73" doraHaiUra="114" who="0" fromWho="0" sc="153,62,344,-13,169,-26,324,-13" /><INIT seed="7,0,0,5,1,102" ten="215,331,143,311" oya="3" hai0="51,110,14,111,40,107,133,21,60,134,131,59,108" hai1="12,24,112,11,23,36,0,85,88,29,27,17,93" hai2="118,34,19,8,132,18,7,129,106,47,35,3,5" hai3="9,72,86,42,46,96,114,71,92,56,130,10,105"/><W124/><G71/><T4/><D21/><N who="1" m="15503" /><E36/><V26/><F47/><W74/><G56/><T39/><D14/><U61/><E0/><N who="2" m="39" /><F106/><W119/><G119/><T94/><D4/><N who="1" m="3175" /><E112/><V67/><F67/><W2/><G114/><T78/><D94/><U126/><E126/><V79/><F79/><W73/><G124/><T55/><D78/><U58/><E58/><V95/><F95/><W109/><G2/><T52/><D107/><U80/><E61/><V104/><F104/><W15/><G130/><T115/><D115/><U48/><E48/><V120/><F118/><W98/><G109/><T63/><D131/><U50/><E50/><V121/><F129/><W54/><G54/><T6/><D6/><U100/><E93/><V65/><F65/><W68/><G68/><T44/><D55/><U122/><E122/><N who="2" m="47211" /><F132/><AGARI ba="0,0" hai="39,40,44,51,52,59,60,63,108,110,111,132,133,134" machi="132" ten="50,8000,1" yaku="20,1,34,3,54,1" doraHai="102" who="0" fromWho="2" sc="215,80,331,0,143,-80,311,0" owari="295,-10.5,331,43.1,63,-43.7,311,11.1" /></mjloggm>