<mjloggm ver="2.3"><GO type="169" lobby="0"/><UN n0="%E3%83%99%E3%83%AA%E3%83%B3%E3%83%80" n1="%E3%83%9F%E3%82%B2%E3%83%BC%E3%83%AB%E6%94%B9" n2="%E3%83%AD%E3%83%99%E3%83%AB%E3%82%BF%E3%81%95%E3%82%93%EF%BC%A0" n3="%63%61%72%6C%6F%73%6E" dan="17,16,16,17" rate="2191.28,2220.59,2146.58,2204.50" sx="M,M,F,M"/><TAIKYOKU oya="0"/><INIT seed="0,0,0,0,5,24" ten="250,250,250,250" oya="0" hai0="73,6,3,49,111,30,69,39,61,7,93,46,125" hai1="97,43,41,64,66,27,83,2,108,34,118,99,55" hai2="84,88,105,131,82,19,96,44,129,56,62,12,29" hai3="124,53,20,48,85,76,60,132,81,68,113,74,28"/><T135/><D73/><U59/><E2/><V11/><F44/><W58/><G113/><T17/><D39/><U101/><E118/><V67/><REACH who="2" step="1"/><F29/><REACH who="2" ten="250,250,240,250" step="2"/><W23/><G28/><T91/><D30/><U10/><E34/><V120/><F120/><W87/><G124/><T116/><D125/><U40/><E27/><V92/><F92/><W104/><G104/><T16/><D116/><U71/><E71/><V51/><F51/><W22/><G132/><T57/><D69/><U72/><E108/><V14/><F14/><W112/><G112/><T65/><D135/><U89/><E83/><V54/><F54/><W78/><G78/><T123/><D123/><U107/><E43/><V90/><F90/><W18/><G68/><T26/><D111/><U5/><E41/><V114/><F114/><W25/><G48/><T31/><D3/><U126/><E40/><V109/><F109/><W33/><G76/><T0/><D0/><U122/><E126/><V79/><F79/><W115/><G115/><T9/><D49/><U77/><E122/><V1/><F1/><W63/><G33/><T110/><D46/><U75/><E77/><V80/><F80/><W134/><G134/><T130/><D110/><U42/><E42/><V86/><F86/><W127/><G127/><T13/><D130/><U4/><E72/><V102/><AGARI ba="0,1" hai="11,12,19,56,62,67,82,84,88,96,102,105,129,131" machi="102" ten="30,7900,0" yaku="1,1,0,1,54,1,53,1" doraHai="24" doraHaiUra="95" who="2" fromWho="2" sc="250,-39,250,-20,240,89,250,-20" /><INIT seed="1,0,0,0,0,19" ten="211,230,329,230" oya="1" hai0="17,108,94,127,113,104,14,90,28,55,23,48,84" hai1="119,76,105,53,21,20,64,109,8,121,5,18,134" hai2="118,115,126,97,13,57,65,6,29,102,39,43,111" hai3="2,38,75,52,26,60,34,91,3,44,123,41,71"/><U51/><E121/><V69/><F111/><W132/><G123/><T25/><D108/><U98/><E119/><V129/><F129/><W4/><G75/><T50/><D127/><U54/><E109/><V72/><F69/><W93/><G132/><T110/><D110/><U22/><E105/><V128/><F29/><W95/><G4/><T68/><D104/><U62/><E134/><V87/><F87/><W135/><G135/><T116/><D68/><U77/><E98/><V120/><F13/><W107/><G107/><T42/><D113/><U32/><E32/><V86/><F86/><W30/><G93/><T16/><D116/><U9/><E18/><V49/><F49/><W112/><G112/><T92/><D92/><U24/><E24/><V79/><F79/><N who="1" m="30281" /><E5/><V15/><F6/><W131/><G131/><T67/><D67/><U56/><E64/><V27/><F65/><W31/><G31/><T11/><D42/><U63/><E63/><V0/><F43/><W81/><G71/><T103/><D103/><U36/><E36/><V106/><F39/><W101/><G101/><T7/><D50/><U133/><E133/><V78/><F102/><W12/><G81/><T125/><D125/><U59/><AGARI ba="0,0" hai="8,9,20,21,22,51,53,54,56,59,62" m="30281" machi="59" ten="30,11700,0" yaku="8,1,52,3" doraHai="19" who="1" fromWho="1" sc="211,-39,230,117,329,-39,230,-39" /><INIT seed="1,1,0,2,1,108" ten="172,347,290,191" oya="1" hai0="93,46,131,13,81,18,96,88,111,121,19,59,80" hai1="38,112,70,14,101,9,50,99,2,20,7,98,79" hai2="16,114,63,72,55,17,128,26,85,49,78,64,122" hai3="52,104,77,44,83,67,54,53,57,97,119,41,89"/><U129/><E38/><V0/><F72/><W127/><G127/><T82/><D111/><U71/><E99/><V130/><F0/><W37/><G119/><T118/><D118/><U65/><E79/><V62/><F62/><W25/><G25/><T92/><D131/><U42/><E129/><V15/><F122/><W84/><G67/><T23/><D121/><U10/><E20/><V11/><F114/><W75/><G104/><T61/><D46/><U126/><E126/><V43/><F43/><W3/><G3/><T86/><D18/><U106/><E65/><V51/><F51/><W125/><G125/><T8/><D8/><U109/><E112/><V4/><F4/><W133/><G133/><T24/><D13/><U36/><E36/><V113/><F113/><W30/><G30/><T100/><REACH who="0" step="1"/><D80/><REACH who="0" ten="162,347,290,191" step="2"/><U90/><E109/><V68/><F17/><W21/><G44/><T5/><D5/><U28/><E10/><V32/><F11/><W103/><G83/><T60/><D60/><U74/><E2/><V45/><F63/><W107/><G37/><T87/><D87/><U134/><E14/><V73/><F15/><W40/><G84/><T132/><D132/><U66/><E9/><V56/><F85/><W39/><G39/><T116/><D116/><U102/><E7/><V35/><F130/><W31/><G75/><T1/><D1/><U76/><E74/><V110/><F73/><W12/><G12/><T117/><D117/><U27/><E134/><V105/><F128/><W95/><G31/><T69/><D69/><U124/><E71/><V91/><F68/><RYUUKYOKU ba="1,1" sc="162,30,347,-10,290,-10,191,-10" hai0="19,23,24,59,61,81,82,86,88,92,93,96,100" /><INIT seed="2,2,1,5,1,67" ten="192,337,280,181" oya="2" hai0="20,92,120,91,118,55,64,126,51,21,47,97,112" hai1="12,82,89,105,26,96,74,95,110,28,59,129,113" hai2="94,128,18,13,132,114,134,16,25,86,127,23,123" hai3="1,108,87,32,79,106,66,31,38,63,22,81,122"/><V43/><F43/><W90/><G122/><T78/><D120/><U54/><E113/><V71/><F123/><W109/><G1/><T30/><D112/><U119/><E110/><N who="3" m="42602" /><G38/><T15/><D126/><U75/><E129/><V49/><F114/><W33/><G106/><T85/><D118/><U0/><E0/><V104/><F104/><W52/><G79/><T10/><D30/><U121/><E121/><V46/><F128/><W88/><G90/><T124/><D124/><U130/><E130/><V117/><F117/><W102/><G102/><T40/><D64/><U111/><E105/><V72/><F72/><W60/><G60/><T83/><REACH who="0" step="1"/><D55/><REACH who="0" ten="182,337,280,181" step="2"/><U41/><E54/><V36/><F127/><W9/><G52/><T69/><D69/><U45/><E111/><V131/><F71/><N who="3" m="42463" /><G9/><T62/><D62/><U44/><E119/><V107/><F131/><W98/><G98/><T70/><D70/><U61/><E96/><V6/><F132/><W5/><G5/><AGARI ba="2,2" hai="5,10,15,20,21,40,47,51,78,83,85,91,92,97" machi="5" ten="30,8000,1" yaku="1,1,7,1,25,2,8,1,53,0" doraHai="67" doraHaiUra="50" who="0" fromWho="3" sc="182,106,337,0,280,0,181,-86" /><INIT seed="3,0,0,5,4,16" ten="288,337,280,95" oya="3" hai0="34,90,74,66,0,115,46,6,88,47,27,134,100" hai1="28,106,21,15,82,58,14,130,68,126,29,129,123" hai2="30,62,104,55,78,49,3,2,9,45,135,31,84" hai3="72,40,73,71,64,105,124,13,91,22,26,51,41"/><W87/><G105/><T60/><D74/><U116/><E106/><V81/><F135/><W65/><G124/><T61/><D134/><U103/><E68/><V63/><F104/><W4/><G73/><T32/><D100/><U128/><E103/><V52/><F2/><W118/><G72/><T125/><D125/><U101/><E101/><V121/><F121/><W5/><G118/><T50/><D115/><U76/><E126/><V7/><REACH who="2" step="1"/><F55/><REACH who="2" ten="288,337,270,95" step="2"/><W11/><G41/><T107/><D107/><U48/><E123/><V35/><F35/><W19/><G71/><T79/><D0/><U39/><E116/><V92/><F92/><N who="3" m="54399" /><G5/><T70/><D6/><U112/><E112/><V131/><F131/><W94/><G94/><T24/><D34/><U132/><E130/><V1/><F1/><W77/><G77/><T97/><D79/><U20/><E76/><V111/><F111/><W110/><G110/><T96/><D32/><U83/><E132/><V53/><F53/><W113/><G113/><T89/><D70/><U17/><E58/><V18/><F18/><W95/><G95/><T114/><D114/><U10/><E17/><V109/><F109/><W80/><G80/><T25/><D66/><U99/><E83/><V120/><F120/><W23/><G23/><T75/><D75/><U98/><E82/><V108/><F108/><W69/><G69/><T93/><D93/><U54/><E129/><V44/><F44/><AGARI ba="0,1" hai="4,11,13,19,22,26,40,44,51,64,65" m="54399" machi="44" ten="30,2900,0" yaku="8,1,52,1" doraHai="16" who="3" fromWho="2" sc="288,0,337,0,270,-29,95,39" /><INIT seed="3,1,0,3,2,85" ten="288,337,241,134" oya="3" hai0="43,72,133,135,23,103,66,87,80,134,32,50,24" hai1="69,54,122,105,64,44,79,98,109,62,89,37,116" hai2="52,40,119,13,61,83,29,11,115,51,8,38,49" hai3="48,20,127,120,106,112,121,6,5,113,45,76,63"/><W30/><G106/><T126/><D32/><U70/><E122/><N who="3" m="47210" /><G76/><T47/><D72/><U124/><E70/><V35/><F115/><N who="3" m="44107" /><G63/><T42/><D103/><U14/><E79/><V60/><F119/><W16/><G48/><T71/><D126/><U53/><E116/><V129/><F129/><W46/><G46/><T36/><D71/><U118/><E124/><V57/><F38/><W99/><G99/><T65/><D43/><U104/><E118/><V132/><F132/><W2/><G45/><T59/><D59/><U39/><E105/><V15/><F40/><W34/><G127/><T0/><D0/><U31/><E104/><V3/><F57/><W56/><G56/><T93/><D93/><U67/><E44/><V91/><F83/><W110/><G110/><T101/><D101/><U26/><E62/><V73/><F73/><W97/><G97/><T90/><REACH who="0" step="1"/><D36/><REACH who="0" ten="278,337,241,134" step="2"/><U100/><E39/><V21/><F3/><W9/><G2/><T130/><D130/><U22/><E37/><V92/><F92/><W94/><G94/><T27/><D27/><U88/><E69/><V107/><F107/><W10/><G34/><T33/><D33/><U86/><E100/><V28/><F35/><W55/><G55/><T128/><D128/><U58/><E54/><V111/><F52/><W102/><G102/><T81/><D81/><U12/><E53/><V7/><F111/><W74/><G74/><T96/><D96/><U95/><E109/><V84/><F61/><W17/><G30/><AGARI ba="1,1" hai="23,24,30,42,47,50,65,66,80,87,90,133,134,135" machi="30" ten="40,5200,0" yaku="1,1,20,1,52,1,53,0" doraHai="85" doraHaiUra="75" who="0" fromWho="3" sc="278,65,337,0,241,0,134,-55" /><INIT seed="4,0,0,5,1,19" ten="343,337,241,79" oya="0" hai0="133,66,43,127,123,57,49,92,99,46,60,115,103" hai1="14,108,90,56,105,130,135,13,122,109,72,28,20" hai2="27,6,131,50,53,64,35,83,113,98,69,1,10" hai3="65,93,89,104,22,102,8,82,117,73,128,16,30"/><T96/><D115/><U63/><E122/><V79/><F113/><W12/><G117/><T2/><D127/><U3/><E3/><V118/><F131/><W111/><G111/><T85/><D133/><U32/><E32/><V78/><F118/><W55/><G128/><T52/><D123/><U121/><E121/><V119/><F119/><W94/><G65/><T26/><D2/><U86/><E130/><V39/><F39/><W0/><G104/><T125/><D125/><U31/><E105/><V114/><F114/><W100/><G93/><T59/><D26/><U5/><E72/><V61/><F98/><W18/><G30/><T71/><D99/><U4/><E135/><V110/><F110/><W47/><G82/><T75/><D75/><U132/><E109/><V25/><F79/><W77/><G77/><T76/><REACH who="0" step="1"/><D43/><REACH who="0" ten="333,337,241,79" step="2"/><U37/><E108/><V9/><F35/><W36/><G73/><T84/><D84/><U126/><E126/><V129/><F1/><W44/><G0/><T42/><D42/><U74/><E74/><V54/><F27/><N who="3" m="14791" /><G36/><T67/><D67/><U107/><E37/><V112/><F64/><W11/><G55/><T21/><D21/><U134/><E134/><V38/><F54/><W29/><G11/><T62/><D62/><U41/><E132/><V87/><F10/><W81/><G29/><T101/><D101/><N who="3" m="39017" /><G81/><AGARI ba="0,1" hai="46,49,52,57,59,60,66,71,76,81,85,92,96,103" machi="81" ten="40,3900,0" yaku="1,1,54,1,53,0" doraHai="19" doraHaiUra="7" who="0" fromWho="3" sc="333,49,337,0,241,0,79,-39" /><INIT seed="4,1,0,2,2,13" ten="382,337,241,40" oya="0" hai0="134,131,110,34,57,54,40,89,74,53,112,121,130" hai1="52,56,73,71,87,4,124,10,123,5,108,28,127" hai2="29,62,35,22,18,67,85,16,90,7,109,12,41" hai3="97,17,65,122,68,59,44,70,100,103,117,84,78"/><T1/><D1/><U118/><E108/><V99/><F109/><W129/><G117/><T33/><D110/><U128/><E73/><V55/><F35/><W92/><G129/><N who="0" m="49163" /><D121/><U104/><E128/><V72/><F72/><W6/><G122/><T31/><D74/><U63/><E123/><V132/><F132/><W83/><G6/><N who="1" m="2666" /><E104/><V93/><F41/><W75/><G100/><T37/><D112/><U80/><E71/><V125/><F125/><N who="1" m="48201" /><E10/><N who="2" m="4191" /><F67/><W61/><G44/><N who="0" m="23567" /><D134/><U11/><E11/><V38/><F38/><W0/><G0/><T79/><D79/><N who="1" m="46495" /><E28/><V111/><F111/><W76/><G76/><T101/><D31/><U81/><E81/><N who="2" m="49455" /><F22/><W25/><REACH who="3" step="1"/><G75/><REACH who="3" ten="382,337,241,30" step="2"/><T120/><D120/><U15/><E118/><V60/><F29/><W42/><G42/><T49/><D101/><U126/><E126/><V9/><F9/><W2/><G2/><T107/><D107/><U77/><E77/><V94/><F55/><W115/><G115/><T8/><D8/><U116/><E116/><V36/><F36/><W39/><G39/><T24/><D54/><U14/><AGARI ba="1,1" hai="14,15,52,56,63" m="46495,48201,2666" machi="14" ten="30,2000,0" yaku="18,1,54,1" doraHai="13" who="1" fromWho="1" sc="382,-11,337,33,241,-6,30,-6" /><INIT seed="5,0,0,2,4,126" ten="371,370,235,24" oya="1" hai0="54,33,105,43,35,63,19,80,57,74,86,98,6" hai1="106,5,114,61,10,32,69,39,128,88,117,121,21" hai2="14,56,82,71,16,27,22,120,25,124,1,111,109" hai3="129,51,7,26,115,75,17,110,108,0,36,89,60"/><U65/><E121/><V127/><F71/><W28/><G36/><T67/><D74/><U102/><E117/><V132/><F56/><W53/><G75/><T131/><D6/><U107/><E32/><V46/><F46/><W72/><G72/><T119/><D43/><U79/><E79/><V37/><F82/><W62/><G115/><T18/><D119/><U77/><E77/><V94/><F94/><W48/><G17/><T12/><D19/><U134/><E39/><V66/><F66/><W73/><G73/><T3/><D3/><U96/><E114/><V84/><F84/><W47/><G7/><T58/><D98/><U13/><E134/><V118/><F37/><W59/><G0/><T101/><D101/><U99/><E21/><N who="2" m="11415" /><F118/><W83/><G83/><T123/><D105/><U97/><E107/><V92/><F92/><W85/><G60/><T4/><D58/><U31/><E102/><V34/><F1/><W135/><G51/><T44/><D44/><U125/><E106/><V40/><F40/><W45/><G45/><T93/><D93/><U29/><E69/><V100/><F100/><W116/><G116/><T133/><D63/><U15/><E61/><V122/><F27/><W113/><G113/><T87/><D80/><U23/><E99/><V49/><F49/><W42/><G85/><T130/><D87/><U8/><E97/><V9/><F34/><N who="3" m="20759" /><G89/><T70/><D86/><U64/><E88/><V90/><F90/><W95/><G95/><T104/><D104/><U55/><E96/><V20/><F122/><W41/><G41/><T81/><D123/><RYUUKYOKU ba="0,0" sc="371,0,370,0,235,0,24,0" /><INIT seed="6,1,0,0,2,133" ten="371,370,235,24" oya="2" hai0="49,74,58,94,114,125,71,23,52,35,20,0,59" hai1="97,118,44,92,112,46,27,91,87,132,22,70,41" hai2="43,36,19,82,42,83,106,51,53,21,120,130,131" hai3="34,77,12,134,15,111,113,17,129,86,128,8,116"/><V1/><F120/><W66/><G111/><T80/><D71/><U40/><E70/><V28/><F106/><W26/><G116/><T117/><D35/><U33/><E33/><V32/><F1/><W60/><G134/><T14/><D0/><U123/><E118/><V61/><F61/><W85/><G113/><T105/><D105/><U38/><E132/><V11/><F11/><W104/><G104/><T108/><D108/><U4/><E112/><V72/><F28/><W99/><G99/><T119/><D114/><U16/><E123/><V93/><F93/><W13/><G34/><T78/><D119/><U18/><E4/><V109/><F32/><W54/><G54/><T107/><D107/><U98/><E18/><V121/><F36/><AGARI ba="1,0" hai="16,22,27,36,38,40,41,44,46,87,91,92,97,98" machi="36" ten="30,3900,0" yaku="7,1,9,1,54,1" doraHai="133" who="1" fromWho="2" sc="371,0,370,42,235,-42,24,0" /><INIT seed="7,0,0,0,4,40" ten="371,412,193,24" oya="3" hai0="118,25,17,12,81,80,66,90,125,52,5,32,79" hai1="65,82,75,72,127,58,4,46,3,105,87,15,11" hai2="36,9,43,110,120,130,2,16,117,107,19,128,121" hai3="76,98,96,91,57,108,77,10,131,59,29,26,78"/><W133/><G131/><N who="2" m="50217" /><F107/><W114/><G114/><T51/><D118/><U67/><E127/><V135/><F110/><W116/><G116/><T6/><D125/><U61/><E105/><V8/><F117/><W31/><G108/><T30/><D66/><U99/><E99/><N who="3" m="37930" /><G133/><T27/><D27/><U63/><E3/><V7/><F135/><W24/><G10/><T60/><D60/><U45/><E72/><V44/><F9/><W88/><G26/><T129/><D129/><U92/><E92/><V97/><F97/><W85/><G24/><T62/><D62/><U69/><E75/><V39/><F39/><W95/><G91/><AGARI ba="0,0" hai="4,11,15,45,46,58,61,63,65,67,69,82,87,91" machi="91" ten="30,3900,0" yaku="7,1,52,2" doraHai="40" who="1" fromWho="3" sc="371,0,412,39,193,0,24,-39" owari="371,17.1,451,55.1,193,-20.7,-15,-51.5" /></mjloggm>