<mjloggm ver="2.3"><GO type="169" lobby="0"/><UN n0="%E3%81%A9%E3%82%93%E3%81%9F%E3%82%83%E3%82%93" n1="%4D%72%52%41%4D%4F" n2="%6B%75%72%69%73%75" n3="%48%61%6C%66%73" dan="16,16,16,17" rate="2173.81,2133.02,2144.21,2169.74" sx="F,M,F,M"/><TAIKYOKU oya="0"/><INIT seed="0,0,0,5,2,73" ten="250,250,250,250" oya="0" hai0="70,92,10,135,69,52,85,101,54,94,120,37,104" hai1="21,45,77,123,124,78,42,23,63,103,43,49,76" hai2="56,125,48,111,40,75,121,58,87,130,71,107,25" hai3="84,33,112,119,65,117,97,86,91,81,5,109,67"/><T133/><D37/><U59/><E123/><V118/><F75/><W106/><G33/><T110/><D120/><U7/><E124/><V2/><F2/><W36/><G36/><T27/><D27/><U51/><E103/><V6/><F6/><W11/><G112/><T38/><D38/><U131/><E131/><V18/><F107/><W1/><G109/><T72/><D72/><U17/><E7/><V50/><F71/><N who="0" m="27146" /><D10/><U114/><E114/><V20/><F111/><W134/><G134/><N who="0" m="51211" /><D110/><U68/><E68/><V116/><F121/><W26/><G26/><T105/><D101/><U64/><E17/><V89/><F130/><W96/><G11/><T53/><D85/><U127/><E127/><V62/><F125/><W93/><G1/><T55/><D55/><U32/><E32/><V41/><F116/><W19/><G19/><T129/><D129/><U79/><N who="1" m="19456" /><DORA hai="113" /><U39/><E39/><V61/><F118/><W34/><G34/><T90/><D90/><U15/><E15/><V47/><F87/><W14/><G14/><T9/><D9/><U13/><E13/><V31/><F89/><W128/><G5/><T122/><D122/><U46/><AGARI ba="0,0" hai="21,23,42,43,45,46,49,51,59,63,64" m="19456" machi="46" ten="40,12000,2" yaku="0,1,9,1,8,1,52,4" doraHai="73,113" who="1" fromWho="1" sc="250,-60,250,120,250,-30,250,-30" /><INIT seed="1,0,0,5,3,61" ten="190,370,220,220" oya="1" hai0="36,73,39,98,47,20,70,129,25,14,110,97,108" hai1="30,7,83,69,58,28,131,51,128,118,12,95,41" hai2="124,16,99,77,63,86,4,76,71,106,117,13,104" hai3="94,9,29,101,122,49,74,5,54,56,22,21,134"/><U53/><E118/><V3/><F117/><W35/><G122/><T91/><D73/><U62/><E95/><V65/><F124/><W132/><G74/><T121/><D121/><U57/><E69/><V93/><F4/><W125/><G125/><T45/><D14/><U111/><E111/><N who="0" m="42537" /><D70/><U52/><E41/><V26/><F26/><W64/><G35/><T123/><D123/><U19/><E7/><V17/><F3/><W68/><G29/><N who="0" m="17575" /><D129/><N who="1" m="49739" /><E83/><V0/><F0/><W109/><G109/><T87/><D45/><U42/><E42/><V60/><F60/><W11/><G5/><T46/><D46/><U84/><E84/><V100/><F17/><W107/><G68/><T24/><D24/><U133/><E133/><V59/><F71/><W32/><G132/><T113/><D113/><U135/><E135/><V72/><F72/><W27/><G134/><T103/><D47/><U15/><E15/><V116/><F116/><W114/><G114/><T85/><D85/><U10/><AGARI ba="0,0" hai="10,12,19,28,30,51,52,53,57,58,62" m="49739" machi="10" ten="30,3000,0" yaku="19,1,54,1" doraHai="61" who="1" fromWho="1" sc="190,-10,370,30,220,-10,220,-10" /><INIT seed="1,1,0,2,4,97" ten="180,400,210,210" oya="1" hai0="80,125,89,126,101,104,77,26,120,58,32,9,114" hai1="31,12,33,131,34,84,22,128,79,94,75,124,134" hai2="109,50,27,108,82,56,59,78,117,115,102,11,95" hai3="88,6,29,2,3,23,57,91,55,72,66,76,5"/><U16/><E75/><V39/><F39/><W100/><G66/><T71/><D71/><U45/><E124/><N who="0" m="47721" /><D114/><U106/><E106/><V67/><F117/><W52/><G72/><N who="0" m="43047" /><D120/><U14/><E134/><V118/><F118/><W122/><G57/><T133/><D133/><U112/><E112/><V44/><F115/><W119/><G119/><T111/><D111/><N who="2" m="42570" /><F11/><W46/><G76/><T90/><D58/><U51/><E12/><V113/><F27/><W64/><G46/><T37/><D37/><U42/><E31/><V85/><F67/><W20/><G64/><T21/><D32/><U7/><E7/><V49/><F49/><W62/><G62/><T81/><D9/><U40/><E40/><N who="2" m="24839" /><F113/><W60/><G60/><T1/><D1/><U135/><E135/><V103/><F95/><W70/><G29/><N who="0" m="17615" /><D81/><U74/><E34/><V105/><F105/><W15/><G15/><T24/><D24/><U41/><E33/><V129/><F129/><W83/><G83/><T99/><AGARI ba="1,0" hai="89,90,99,101,104" m="17615,43047,47721" machi="99" ten="30,2000,0" yaku="18,1,52,1" doraHai="97" who="0" fromWho="0" sc="180,23,400,-11,210,-6,210,-6" /><INIT seed="2,0,0,5,3,30" ten="203,389,204,204" oya="2" hai0="87,96,112,29,46,82,84,45,21,83,115,60,91" hai1="105,40,99,117,74,66,78,131,39,121,6,69,101" hai2="135,18,50,123,103,122,124,72,70,59,11,128,10" hai3="56,75,95,116,3,48,8,85,77,17,125,68,32"/><V55/><F72/><W58/><G68/><T80/><D96/><U90/><E117/><V67/><F103/><W9/><G116/><T44/><D60/><U62/><E131/><V34/><F128/><W63/><G32/><T42/><D42/><U61/><E121/><V52/><F124/><W19/><G75/><T2/><D2/><U13/><E90/><V51/><F18/><W14/><G125/><T64/><D64/><U43/><E61/><N who="2" m="40303" /><F34/><W31/><G31/><T25/><REACH who="0" step="1"/><D83/><REACH who="0" ten="193,389,204,204" step="2"/><U134/><E40/><V132/><F10/><W53/><G9/><T54/><D54/><U24/><E43/><V107/><F11/><W110/><G63/><T126/><D126/><U89/><E66/><V98/><F98/><W118/><G8/><T109/><D109/><U12/><E99/><V23/><F107/><W120/><G110/><T57/><D57/><U79/><E105/><V65/><F65/><W88/><G56/><T106/><D106/><U86/><E62/><V26/><F55/><W133/><G53/><T27/><D27/><U38/><E24/><V37/><F37/><W71/><G58/><T102/><D102/><U15/><E101/><V93/><F93/><W113/><G95/><T41/><D41/><U108/><E69/><V92/><F92/><W16/><G71/><T127/><D127/><U35/><E108/><V129/><F129/><W0/><G3/><T119/><D119/><U100/><E100/><V81/><F81/><W114/><G0/><T111/><D111/><U22/><E38/><V76/><F59/><W4/><G118/><T94/><D94/><RYUUKYOKU ba="0,1" sc="193,30,389,-10,204,-10,204,-10" hai0="21,25,29,44,45,46,80,82,84,87,91,112,115" /><INIT seed="3,1,1,3,1,97" ten="223,379,194,194" oya="3" hai0="50,113,3,128,72,32,83,84,24,95,92,67,41" hai1="98,107,65,28,33,74,100,11,134,81,99,38,93" hai2="126,19,16,77,55,127,6,1,27,30,133,52,123" hai3="88,4,79,101,0,62,10,102,58,13,71,115,44"/><W60/><G115/><T108/><D72/><U106/><E38/><V15/><F133/><W35/><G35/><T73/><D73/><U14/><E134/><V18/><F77/><W96/><G79/><T25/><D3/><U70/><E74/><V26/><F1/><W117/><G117/><T110/><D128/><U135/><E81/><V132/><F132/><W31/><G31/><T109/><D113/><U82/><E82/><V75/><F75/><W118/><G118/><T47/><D67/><U66/><E135/><V94/><F123/><W54/><G0/><T61/><D61/><N who="3" m="23657" /><G44/><T124/><D124/><N who="2" m="47658" /><F94/><N who="0" m="35882" /><D32/><U39/><E39/><V86/><F86/><W49/><G71/><T103/><D103/><U116/><E70/><V129/><F129/><W125/><G125/><T120/><D120/><U78/><E78/><AGARI ba="1,1" hai="24,25,41,47,50,78,83,84,108,109,110" m="35882" machi="78" ten="30,1000,0" yaku="14,1" doraHai="97" who="0" fromWho="1" sc="223,23,379,-13,194,0,194,0" /><INIT seed="4,0,0,1,3,74" ten="246,366,194,194" oya="0" hai0="115,132,127,57,39,55,94,101,128,66,54,81,16" hai1="20,70,131,96,19,106,3,100,40,78,108,26,41" hai2="45,126,35,23,13,63,37,0,97,76,82,65,25" hai3="104,59,105,33,88,6,47,12,5,52,111,112,62"/><T99/><D115/><U4/><E108/><V46/><F0/><W9/><G111/><T91/><D39/><U51/><E70/><V84/><F126/><W10/><G33/><T11/><D127/><U56/><E131/><V117/><F117/><W21/><G112/><T27/><D132/><U116/><E116/><V49/><F37/><W85/><G21/><N who="0" m="13735" /><D128/><U130/><E130/><V90/><F35/><W22/><G22/><T67/><D11/><U32/><E32/><V102/><F13/><W134/><G47/><T68/><D68/><U103/><E103/><V79/><F46/><W110/><G110/><T2/><D2/><U28/><E4/><V125/><F125/><W53/><G134/><T18/><D18/><U93/><E3/><V61/><F49/><W118/><G118/><T15/><D15/><U77/><E106/><V60/><F45/><W98/><G9/><T42/><D42/><N who="1" m="16491" /><E19/><V34/><F34/><W24/><G5/><T124/><D124/><U133/><E133/><V129/><F65/><N who="0" m="24586" /><D57/><U30/><E30/><N who="2" m="17727" /><F129/><W38/><G38/><T113/><D113/><U123/><E123/><V122/><F122/><W17/><G105/><T87/><AGARI ba="0,0" hai="54,55,81,87,91,94,99,101" m="24586,13735" machi="87" ten="30,3000,0" yaku="8,1,54,1" doraHai="74" who="0" fromWho="0" sc="246,30,366,-10,194,-10,194,-10" /><INIT seed="4,1,0,3,0,37" ten="276,356,184,184" oya="0" hai0="123,68,18,25,29,42,106,28,32,11,64,17,114" hai1="83,33,116,60,21,40,87,97,117,125,95,85,16" hai2="73,80,86,20,3,77,100,78,71,15,7,88,27" hai3="128,57,76,46,38,69,112,36,94,65,82,30,135"/><T34/><D106/><U53/><E33/><N who="0" m="12905" /><D64/><U59/><E125/><V132/><F71/><W110/><G30/><N who="0" m="11883" /><D68/><U19/><E19/><N who="0" m="7177" /><D42/><U49/><E116/><V47/><F100/><W104/><G104/><T105/><D105/><U45/><E83/><V2/><F77/><W22/><G65/><T103/><D103/><N who="1" m="60863" /><E117/><V70/><F70/><W101/><G82/><T56/><D56/><U43/><E43/><V121/><F78/><W99/><G57/><T92/><D92/><U41/><E41/><V113/><F73/><W23/><G76/><T24/><D123/><U124/><E124/><V10/><F80/><W127/><G127/><T107/><D107/><U96/><E96/><V35/><F47/><W79/><G79/><T93/><D93/><U44/><E45/><V26/><F86/><W126/><G46/><T39/><D39/><U98/><E98/><V75/><F75/><W89/><G69/><T84/><D84/><U58/><E59/><V6/><F121/><W91/><G126/><T52/><D52/><U62/><E60/><V48/><F48/><W81/><G81/><T54/><D54/><U129/><E129/><V13/><F88/><W102/><G94/><T12/><D114/><U130/><E130/><V120/><F113/><W14/><G128/><T90/><D90/><U63/><E63/><V134/><F120/><W50/><G99/><T108/><D108/><U9/><E9/><V8/><F35/><W115/><G110/><T74/><D74/><U4/><E58/><V51/><F51/><W109/><G50/><T55/><D55/><U111/><E53/><RYUUKYOKU ba="1,0" sc="276,15,356,-15,184,15,184,-15" hai0="11,12,24,25" hai2="2,3,6,7,8,10,13,15,20,26,27,132,134" /><INIT seed="4,2,0,1,5,130" ten="291,341,199,169" oya="0" hai0="29,26,25,92,45,102,105,109,88,79,15,131,91" hai1="132,89,18,76,24,66,2,99,46,36,83,30,75" hai2="117,70,12,81,94,67,52,20,55,3,96,4,116" hai3="108,5,71,73,72,42,86,134,125,77,64,37,69"/><T40/><D131/><U22/><E2/><V68/><F3/><W95/><G108/><T27/><D109/><U31/><E66/><V65/><F81/><W82/><G125/><T6/><D79/><U39/><E132/><V78/><F78/><W114/><G114/><T50/><D105/><U44/><E44/><V104/><F104/><W7/><G42/><T49/><D49/><U8/><E46/><V51/><F65/><W61/><G37/><T128/><D128/><U123/><E123/><V127/><F127/><W112/><G112/><T32/><D102/><U23/><E8/><N who="2" m="4103" /><F20/><W43/><G43/><T106/><D106/><U97/><E31/><V80/><F80/><W90/><G134/><T62/><D62/><U120/><E120/><V19/><F19/><W118/><G118/><N who="2" m="45673" /><F67/><W14/><G71/><N who="2" m="27177" /><F51/><W21/><REACH who="3" step="1"/><G73/><REACH who="3" ten="291,341,199,159" step="2"/><T34/><D34/><U119/><E119/><V115/><F115/><W16/><AGARI ba="2,1" hai="5,7,14,16,21,61,64,69,72,77,82,86,90,95" machi="16" ten="30,8000,1" yaku="1,1,2,1,0,1,54,1,53,1" doraHai="130" doraHaiUra="85" who="3" fromWho="3" sc="291,-42,341,-22,199,-22,159,96" /><INIT seed="5,0,0,3,5,23" ten="249,319,177,255" oya="1" hai0="129,97,131,65,63,110,75,44,94,50,36,117,132" hai1="90,78,47,71,15,114,120,70,4,21,91,20,77" hai2="59,22,80,104,72,109,6,96,122,39,92,66,33" hai3="0,35,81,73,31,3,89,85,30,34,134,52,126"/><U111/><E120/><V53/><F122/><W38/><G38/><T26/><D75/><U51/><E114/><V19/><F33/><W113/><G126/><T130/><D110/><U119/><E119/><V87/><F39/><W12/><G134/><T135/><D36/><U46/><E15/><V61/><F109/><W24/><G113/><T1/><D1/><U68/><E51/><V127/><F127/><W105/><G105/><T37/><D37/><U107/><E107/><V121/><F121/><W108/><G108/><T67/><D117/><U88/><E4/><V93/><F72/><W14/><G73/><T74/><D74/><U7/><E7/><V125/><F6/><W106/><G106/><T86/><D86/><U60/><E60/><V8/><F8/><W79/><G79/><N who="1" m="30218" /><E111/><V100/><F66/><N who="0" m="25098" /><D63/><U9/><E9/><V54/><F54/><W28/><G0/><T18/><D18/><U98/><E98/><V128/><F128/><W101/><G3/><T103/><D26/><U49/><E49/><V43/><F43/><AGARI ba="0,0" hai="43,44,50,94,97,103,129,130,131,132,135" m="25098" machi="43" ten="40,1300,0" yaku="19,1" doraHai="23" who="0" fromWho="2" sc="249,13,319,0,177,-13,255,0" /><INIT seed="6,0,0,5,5,126" ten="262,319,164,255" oya="2" hai0="22,27,105,100,106,16,62,96,18,111,50,14,39" hai1="120,24,57,107,56,130,3,123,20,52,9,49,80" hai2="127,37,6,28,13,86,83,26,65,31,93,73,70" hai3="68,134,118,40,98,77,110,11,125,59,92,76,101"/><V47/><F127/><W8/><G110/><T94/><D111/><U128/><E107/><V82/><F93/><W129/><G68/><T12/><D39/><U23/><E80/><V113/><F113/><W124/><G118/><T132/><D132/><U38/><E38/><V66/><F73/><W69/><G69/><T10/><D62/><U44/><E3/><V89/><F70/><W2/><G134/><T81/><D81/><U78/><E78/><V25/><F83/><W58/><G40/><T91/><D100/><U17/><E9/><N who="2" m="4279" /><F37/><W32/><G32/><T74/><D74/><U35/><E23/><N who="2" m="15423" /><F47/><W119/><G119/><T60/><D60/><U108/><E35/><V34/><F66/><W79/><G124/><T1/><D1/><U99/><E99/><V95/><F65/><W103/><G125/><T112/><D112/><U64/><E108/><V102/><F102/><W87/><G2/><T133/><D133/><U116/><E116/><V0/><F0/><W114/><G103/><T42/><REACH who="0" step="1"/><D27/><REACH who="0" ten="252,319,164,255" step="2"/><U45/><E64/><V41/><F82/><W122/><G114/><T67/><D67/><U36/><E36/><V51/><F51/><W90/><G101/><T84/><D84/><U61/><E61/><V54/><F86/><W5/><G87/><T30/><D30/><U15/><E24/><V88/><F26/><W131/><G77/><T115/><D115/><U21/><E49/><V48/><F31/><W46/><G79/><T71/><D71/><U75/><E75/><V29/><F29/><W53/><G76/><T109/><D109/><U104/><E104/><RYUUKYOKU ba="0,1" sc="252,30,319,-10,164,-10,255,-10" hai0="10,12,14,16,18,22,42,50,91,94,96,105,106" /><INIT seed="7,1,1,2,1,116" ten="282,309,154,245" oya="3" hai0="3,47,18,41,112,7,56,76,92,99,16,23,111" hai1="17,64,15,66,122,75,96,53,70,78,31,32,20" hai2="100,93,115,89,8,81,113,106,114,88,34,71,35" hai3="74,131,69,125,103,30,68,98,61,119,50,86,0"/><W85/><G119/><T83/><D111/><U130/><E122/><V33/><F71/><W21/><G74/><N who="0" m="43415" /><D56/><U135/><E70/><V123/><F106/><W91/><G0/><T36/><D23/><U29/><E78/><V6/><F81/><W22/><G131/><T134/><D134/><U77/><E77/><V13/><REACH who="2" step="1"/><F123/><REACH who="2" ten="282,309,144,245" step="2"/><W90/><G69/><T26/><D112/><U108/><E108/><V110/><F110/><W27/><G68/><T67/><D67/><U19/><E66/><V39/><F39/><W43/><G125/><T87/><D36/><U65/><E64/><V57/><F57/><W25/><G61/><T60/><D60/><U44/><E65/><V129/><F129/><W94/><G50/><T5/><D92/><U28/><E130/><V73/><F73/><W79/><G43/><T72/><D72/><U58/><E75/><V62/><F62/><W2/><G79/><T24/><D41/><U80/><E58/><V82/><F82/><W55/><G55/><T52/><D52/><U95/><E80/><V45/><F45/><W63/><G63/><T118/><D47/><U124/><E44/><V49/><F49/><W101/><G94/><T107/><D107/><U14/><E53/><V46/><F46/><W12/><G103/><T117/><D118/><U102/><E102/><V11/><F11/><W59/><G101/><T38/><D38/><U1/><E95/><V97/><AGARI ba="1,2" hai="6,8,13,33,34,35,88,89,93,97,100,113,114,115" machi="97" ten="40,8000,1" yaku="1,1,0,1,15,1,54,1,53,0" doraHai="116" doraHaiUra="121" who="2" fromWho="2" sc="282,-21,309,-21,144,103,245,-41" /><INIT seed="8,0,0,3,1,9" ten="261,288,247,204" oya="0" hai0="102,30,58,100,55,75,79,64,43,82,53,13,4" hai1="131,49,93,28,54,94,130,81,63,51,135,5,88" hai2="40,68,8,104,110,62,113,125,86,123,16,85,98" hai3="95,92,46,112,124,39,52,116,29,84,87,27,59"/><T12/><D30/><U60/><E135/><V32/><F123/><W36/><G112/><T109/><D43/><U83/><E28/><V74/><F110/><W24/><G116/><T101/><D109/><U72/><E5/><V33/><F74/><W23/><G124/><T67/><D53/><U56/><E72/><V3/><F113/><W42/><G36/><T48/><REACH who="0" step="1"/><D4/><REACH who="0" ten="251,288,247,204" step="2"/><U19/><E54/><V97/><F40/><W7/><G7/><T127/><D127/><U70/><E19/><V120/><F125/><W6/><G6/><T21/><D21/><U121/><E121/><V99/><F120/><W35/><G35/><T90/><D90/><U80/><E88/><V105/><F33/><W106/><G27/><T103/><D103/><U126/><E126/><V96/><F32/><W71/><G106/><T77/><D77/><U25/><E25/><V115/><F104/><W2/><G23/><T122/><D122/><U114/><E114/><V10/><F105/><W31/><G24/><T11/><D11/><U107/><E107/><V20/><F8/><W128/><G29/><T108/><D108/><U61/><E130/><V66/><F115/><W37/><G31/><T65/><AGARI ba="0,1" hai="12,13,48,55,58,64,65,67,75,79,82,100,101,102" machi="65" ten="30,11700,0" yaku="1,1,0,1,52,2,53,0" doraHai="9" doraHaiUra="111" who="0" fromWho="0" sc="251,127,288,-39,247,-39,204,-39" owari="378,47.8,249,4.9,208,-19.2,165,-33.5" /></mjloggm>