<mjloggm ver="2.3"><GO type="169" lobby="0"/><UN n0="%6C%6E%61%69" n1="%74%73%75%6B%69%31" n2="%E6%82%94%E3%81%84%E3%82%BF%E3%83%B3" n3="%E4%B9%9D%E7%B4%8B%E9%BE%8D%E5%8F%B2%E9%80%B2" dan="16,16,17,19" rate="2041.87,2176.58,2198.98,2289.60" sx="M,M,M,M"/><TAIKYOKU oya="0"/><INIT seed="0,0,0,0,1,50" ten="250,250,250,250" oya="0" hai0="7,24,40,20,63,59,82,38,16,13,15,107,74" hai1="114,61,102,56,26,49,119,31,22,70,25,81,106" hai2="91,118,100,132,51,123,95,84,8,28,41,21,72" hai3="18,76,77,55,35,83,36,69,11,19,94,0,62"/><T120/><D120/><U34/><E119/><V97/><F123/><W130/><G35/><T71/><D107/><U86/><E114/><V58/><F118/><W32/><G32/><T93/><D71/><U12/><E70/><V128/><F128/><W5/><G130/><T66/><D93/><U37/><E37/><V4/><F72/><W121/><G121/><T80/><D74/><U17/><E49/><V115/><F132/><W109/><G109/><T89/><D38/><U46/><E46/><V1/><F115/><W29/><G29/><T133/><D40/><U85/><E106/><V73/><F73/><W9/><G36/><T48/><D133/><U122/><E102/><V101/><F41/><W135/><G135/><T27/><D48/><U64/><E122/><V125/><F125/><W116/><G116/><T57/><D57/><U47/><E47/><V134/><F134/><W3/><G94/><T99/><D99/><U68/><E68/><V108/><F108/><W30/><G30/><T52/><D66/><U126/><E126/><V10/><F97/><W44/><G44/><T117/><D117/><U87/><REACH who="1" step="1"/><E25/><REACH who="1" ten="250,240,250,250" step="2"/><N who="0" m="9801" /><D89/><AGARI ba="0,1" hai="12,17,22,26,31,34,56,61,64,81,85,86,87,89" machi="89" ten="30,2000,0" yaku="1,1,7,1,53,0" doraHai="50" doraHaiUra="110" who="1" fromWho="0" sc="250,-20,240,30,250,0,250,0" /><INIT seed="1,0,0,2,4,53" ten="230,270,250,250" oya="1" hai0="38,52,26,3,80,104,134,72,123,9,13,46,75" hai1="109,122,135,31,37,96,23,112,15,20,77,49,1" hai2="91,124,82,34,63,90,94,108,89,24,51,73,126" hai3="21,107,64,44,66,67,58,55,110,4,56,32,97"/><U40/><E112/><V43/><F63/><W102/><G32/><T54/><D104/><U48/><E122/><V133/><F43/><W88/><G110/><T116/><D116/><U111/><E1/><V115/><F51/><W41/><G4/><T5/><D123/><U131/><E77/><N who="2" m="44335" /><F24/><W8/><G8/><T129/><D129/><U84/><E131/><V83/><F34/><W125/><G125/><N who="2" m="48233" /><F108/><N who="1" m="41545" /><E135/><V100/><F133/><W128/><G128/><T59/><D134/><U11/><E84/><N who="2" m="50335" /><F115/><W19/><G55/><T45/><D3/><U7/><E31/><V61/><F61/><W78/><G78/><T76/><D26/><U42/><E42/><V69/><F69/><W93/><G21/><N who="1" m="8266" /><E96/><AGARI ba="0,0" hai="90,91,94,96,100" m="50335,48233,44335" machi="96" ten="30,3900,0" yaku="18,1,34,2" doraHai="53" who="2" fromWho="1" sc="230,0,270,-39,250,39,250,0" /><INIT seed="2,0,0,0,2,36" ten="230,231,289,250" oya="2" hai0="4,23,106,100,93,59,41,131,71,113,64,16,103" hai1="30,108,17,19,132,86,44,28,107,14,8,10,60" hai2="50,0,129,31,68,61,6,89,75,130,134,38,26" hai3="102,15,56,115,94,116,47,111,78,122,40,120,123"/><V119/><F119/><W101/><G116/><T81/><D113/><U46/><E107/><V112/><F38/><W105/><G105/><T135/><D71/><U33/><E108/><V9/><F112/><W99/><G115/><T20/><D131/><N who="2" m="50186" /><F134/><W69/><G69/><T62/><D135/><U72/><E72/><V73/><F50/><W45/><G111/><T63/><D106/><U121/><E132/><V67/><F89/><W5/><G47/><T51/><D4/><U12/><E121/><V77/><F77/><W133/><G78/><T54/><D81/><U18/><E18/><V11/><F9/><W70/><G70/><T124/><D23/><AGARI ba="0,0" hai="0,6,11,23,26,31,61,67,68,73,75" m="50186" machi="23" ten="30,1500,0" yaku="19,1" doraHai="36" who="2" fromWho="0" sc="230,-15,231,0,289,15,250,0" /><INIT seed="2,1,0,1,3,20" ten="215,231,304,250" oya="2" hai0="55,100,23,67,59,114,129,66,73,53,54,107,119" hai1="9,122,34,130,109,1,104,21,39,62,69,38,86" hai2="61,43,82,105,84,6,63,11,96,77,26,85,74" hai3="128,81,36,72,10,125,37,111,132,28,29,52,33"/><V117/><F117/><W14/><G111/><T78/><D114/><U32/><E109/><V97/><F43/><W58/><G132/><T24/><D119/><U60/><E86/><V64/><F63/><W7/><G128/><T88/><D129/><U40/><E130/><V98/><F105/><W49/><G125/><T0/><D0/><U51/><E51/><V15/><REACH who="2" step="1"/><F26/><REACH who="2" ten="215,231,294,250" step="2"/><W106/><G106/><T108/><D108/><U116/><E116/><V68/><AGARI ba="1,1" hai="6,11,15,61,64,68,74,77,82,84,85,96,97,98" machi="68" ten="30,6000,0" yaku="1,1,2,1,0,1,53,0" doraHai="20" doraHaiUra="22" who="2" fromWho="2" sc="215,-21,231,-21,294,73,250,-21" /><INIT seed="2,2,0,2,3,32" ten="194,210,367,229" oya="2" hai0="66,47,118,95,38,51,93,17,89,120,72,82,13" hai1="1,44,130,28,23,74,29,68,60,41,2,7,99" hai2="104,27,87,54,34,8,67,125,133,36,52,58,90" hai3="37,107,16,114,63,109,98,45,88,116,113,103,84"/><V46/><F104/><W83/><G116/><T22/><D120/><U105/><E74/><V14/><F125/><W97/><G109/><T25/><D38/><U121/><E121/><V102/><F102/><W75/><G98/><T119/><D66/><U128/><E7/><V101/><F101/><W3/><G63/><T49/><D49/><U110/><E110/><V57/><F67/><W100/><G100/><T6/><D72/><U131/><E99/><V10/><F133/><W65/><G65/><T43/><D119/><U80/><E105/><V73/><F73/><W135/><G135/><T4/><D118/><U15/><E80/><V96/><F10/><W19/><G3/><N who="1" m="1034" /><E60/><V35/><F46/><W134/><G134/><T117/><D117/><U24/><E15/><V123/><F123/><W61/><G61/><T76/><D76/><U11/><E11/><V126/><F14/><W62/><G62/><T70/><D70/><U91/><E91/><V31/><F8/><W42/><REACH who="3" step="1"/><G75/><REACH who="3" ten="194,210,367,219" step="2"/><T39/><D4/><U132/><E132/><V53/><F96/><W71/><G71/><T9/><D39/><N who="1" m="21567" /><E68/><V30/><F36/><W69/><G69/><T20/><D6/><U115/><E115/><AGARI ba="2,1" hai="16,19,37,42,45,83,84,88,97,103,107,113,114,115" machi="115" ten="40,8000,1" yaku="1,1,11,1,54,2,53,0" doraHai="32" doraHaiUra="127" who="3" fromWho="1" sc="194,0,210,-86,367,0,219,96" /><INIT seed="3,0,0,1,2,98" ten="194,124,367,315" oya="3" hai0="83,116,6,57,90,33,119,40,16,64,78,109,0" hai1="68,61,86,117,111,20,120,38,107,56,21,75,114" hai2="50,59,132,94,105,133,55,129,81,53,95,3,69" hai3="93,25,74,27,52,14,115,4,126,45,66,41,10"/><W130/><G115/><T51/><D33/><U79/><E114/><V18/><F105/><W7/><G74/><T60/><D109/><U82/><E117/><V103/><F69/><W124/><G66/><T128/><D128/><U39/><E120/><V30/><F3/><W135/><G130/><T70/><D0/><U47/><E68/><V121/><F129/><W46/><G135/><T73/><D6/><U11/><E107/><V13/><F121/><W1/><G93/><T12/><D90/><U71/><E71/><V118/><F118/><W76/><G76/><T72/><D72/><U23/><E111/><V80/><F30/><W102/><G102/><T67/><D67/><U122/><E122/><V99/><F55/><W92/><G92/><T5/><D5/><U85/><E11/><V100/><F132/><W96/><G96/><T48/><D48/><U34/><E34/><V89/><F133/><W9/><G45/><T54/><REACH who="0" step="1"/><D40/><REACH who="0" ten="184,124,367,315" step="2"/><U112/><E112/><V62/><F50/><N who="3" m="28759" /><G41/><T19/><D19/><U15/><E15/><V104/><F89/><W37/><G37/><T106/><D106/><U36/><REACH who="1" step="1"/><E47/><REACH who="1" ten="184,114,367,315" step="2"/><V31/><F104/><W49/><G1/><T108/><D108/><U110/><E110/><V123/><F123/><W88/><G14/><T22/><AGARI ba="0,2" hai="12,16,22,51,54,57,60,64,70,73,78,83,116,119" machi="22" ten="20,8000,1" yaku="1,1,0,1,7,1,54,1,53,1" doraHai="98" doraHaiUra="58" who="0" fromWho="0" sc="184,100,114,-20,367,-20,315,-40" /><INIT seed="4,0,0,4,0,111" ten="284,94,347,275" oya="0" hai0="133,101,61,58,53,45,90,70,59,92,52,106,85" hai1="11,5,55,123,83,21,60,113,57,3,118,134,41" hai2="12,25,100,23,4,19,28,37,51,89,109,84,65" hai3="130,7,79,26,94,103,39,74,22,132,126,56,54"/><T64/><D133/><U119/><E134/><V95/><F37/><W82/><G132/><T44/><D106/><U47/><E123/><V96/><F109/><W104/><G39/><T98/><D70/><U127/><E127/><V91/><F4/><W10/><G126/><T115/><D115/><U29/><E113/><V48/><F65/><W122/><G130/><T0/><D0/><U110/><E110/><V38/><F38/><W81/><G81/><T107/><REACH who="0" step="1"/><D64/><REACH who="0" ten="274,94,347,275" step="2"/><U86/><E119/><V2/><F2/><W16/><G104/><T18/><D18/><U87/><E118/><V42/><F42/><W62/><G122/><T114/><D114/><U13/><E3/><V78/><F78/><W128/><G128/><T63/><AGARI ba="0,1" hai="44,45,52,53,58,59,61,63,85,90,92,98,101,107" machi="63" ten="20,12000,1" yaku="1,1,0,1,7,1,9,1,54,1,53,0" doraHai="111" doraHaiUra="9" who="0" fromWho="0" sc="274,130,94,-40,347,-40,275,-40" /><INIT seed="4,1,0,5,2,11" ten="404,54,307,235" oya="0" hai0="95,34,94,43,13,79,114,40,112,76,132,81,87" hai1="41,129,30,25,100,51,61,7,131,38,39,97,91" hai2="6,130,53,67,21,27,73,8,89,10,0,35,77" hai3="9,33,15,16,113,23,63,65,44,96,104,52,4"/><T26/><D132/><U107/><E7/><N who="2" m="1127" /><F89/><W124/><G33/><T78/><D34/><U75/><E75/><V92/><F92/><N who="0" m="35370" /><D26/><U3/><E3/><N who="2" m="351" /><F53/><W86/><G86/><T47/><D13/><U37/><E91/><V82/><F82/><W68/><G113/><N who="0" m="43627" /><D40/><U99/><E99/><V121/><F77/><W60/><G124/><T105/><D105/><U62/><E41/><V108/><F73/><W116/><G116/><T56/><D56/><U84/><E84/><V49/><F49/><AGARI ba="1,0" hai="43,47,49,76,78,79,81,87" m="43627,35370" machi="49" ten="30,1500,0" yaku="15,1" doraHai="11" who="0" fromWho="2" sc="404,18,54,0,307,-18,235,0" /><INIT seed="4,2,0,0,1,117" ten="422,54,289,235" oya="0" hai0="49,74,68,2,33,82,9,123,23,65,107,18,103" hai1="120,37,97,20,132,102,38,115,76,28,61,69,121" hai2="79,109,134,104,127,93,11,70,47,55,26,129,31" hai3="24,100,133,91,101,53,124,89,39,5,45,21,77"/><T42/><D33/><U0/><E132/><V88/><F109/><W52/><G133/><T60/><D107/><U96/><E76/><V75/><F134/><W131/><G131/><T13/><D103/><U114/><E0/><V6/><F104/><W80/><G5/><T86/><D74/><U57/><E69/><V92/><F70/><W54/><G124/><T63/><D63/><U7/><E7/><V99/><F129/><W110/><G110/><T10/><D2/><U90/><E90/><N who="3" m="34314" /><G39/><N who="1" m="14858" /><E20/><V73/><F93/><W34/><G34/><T108/><D108/><U35/><E28/><V122/><F127/><W125/><G45/><T85/><D85/><U71/><E35/><V56/><F47/><W40/><G40/><T84/><D42/><U3/><E3/><V30/><F79/><W118/><G118/><T19/><D84/><U4/><E4/><V126/><F31/><N who="3" m="17807" /><G125/><T66/><D68/><U41/><E41/><V130/><F126/><W78/><G78/><T94/><D94/><N who="1" m="58647" /><E97/><V16/><F30/><W62/><G62/><T67/><D60/><U29/><E29/><V36/><F36/><W59/><G59/><T27/><D19/><U87/><E87/><AGARI ba="2,0" hai="52,53,54,77,80,87,100,101" m="17807,34314" machi="87" ten="30,2000,0" yaku="8,1,54,1" doraHai="117" who="3" fromWho="1" sc="422,0,54,-26,289,0,235,26" /><INIT seed="5,0,0,3,4,104" ten="422,28,289,261" oya="1" hai0="4,68,127,20,131,15,135,9,130,111,118,38,3" hai1="74,73,92,51,77,75,69,116,48,61,78,122,90" hai2="8,36,82,64,106,25,87,126,21,91,93,113,45" hai3="19,30,58,97,2,63,125,47,89,119,5,53,112"/><U84/><E116/><V18/><F106/><W109/><G109/><T88/><D111/><U13/><E122/><V6/><F126/><W101/><G125/><T24/><D118/><U26/><E26/><V95/><F113/><W11/><G112/><T107/><D107/><U72/><N who="1" m="18432" /><DORA hai="40" /><U65/><REACH who="1" step="1"/><E13/><REACH who="1" ten="422,18,289,261" step="2"/><V98/><F25/><W96/><G119/><T129/><D15/><U1/><E1/><V59/><F8/><W85/><G11/><T33/><D24/><U35/><E35/><V117/><F117/><W39/><G2/><T46/><D3/><U41/><E41/><V105/><F21/><W42/><G42/><T23/><D33/><U31/><E31/><V114/><F114/><W37/><G30/><T121/><D9/><U22/><E22/><V67/><F18/><W115/><G19/><T49/><D20/><U43/><E43/><V57/><F6/><W108/><G5/><T102/><D4/><U86/><E86/><V134/><F87/><W10/><G85/><T76/><D23/><U12/><E12/><V120/><F120/><W70/><G10/><T71/><D121/><U60/><E60/><V66/><F36/><W32/><G39/><T50/><D38/><U94/><E94/><V123/><F95/><W100/><G63/><T83/><D127/><U54/><E54/><V132/><F123/><W55/><G115/><T124/><D124/><U0/><E0/><V81/><F105/><W56/><G37/><T27/><D27/><U17/><E17/><V16/><F93/><N who="3" m="56367" /><G53/><T7/><D7/><U14/><E14/><V99/><F16/><RYUUKYOKU ba="0,1" sc="422,-10,18,30,289,-10,261,-10" hai1="48,51,61,65,69,77,78,84,90,92" /><INIT seed="5,1,1,2,5,61" ten="412,48,279,251" oya="1" hai0="114,127,85,115,30,104,10,83,24,46,59,129,120" hai1="108,38,4,3,77,23,32,49,121,64,101,25,93" hai2="15,45,34,92,14,91,63,41,80,119,86,103,99" hai3="62,20,35,57,75,21,67,107,56,58,42,106,96"/><U47/><E38/><V111/><F111/><W105/><G35/><T125/><D104/><U113/><E121/><V122/><F119/><W27/><G75/><T22/><D129/><U118/><E108/><V133/><F133/><W69/><G42/><T11/><D120/><U66/><E32/><V76/><F122/><W55/><G21/><T68/><D68/><U128/><E118/><V100/><F34/><W94/><G55/><T8/><D59/><U102/><E128/><V18/><F63/><W28/><REACH who="3" step="1"/><G69/><REACH who="3" ten="412,48,279,241" step="2"/><T84/><D115/><U29/><E113/><V48/><REACH who="2" step="1"/><F14/><REACH who="2" ten="412,48,269,241" step="2"/><W81/><G81/><T97/><D83/><U43/><E77/><V79/><F79/><W117/><G117/><T98/><D114/><U95/><E3/><V126/><F126/><W60/><G60/><T124/><D124/><U72/><E72/><V5/><F5/><W16/><G16/><T71/><D127/><U70/><E4/><V54/><F54/><W88/><AGARI ba="1,3" hai="20,27,28,56,57,58,62,67,88,94,96,105,106,107" machi="88" ten="30,7900,0" yaku="1,1,0,1,52,1,54,1,53,0" doraHai="61" doraHaiUra="36" who="3" fromWho="3" sc="412,-21,48,-40,269,-21,241,112" /><INIT seed="6,0,0,1,2,135" ten="391,8,248,353" oya="2" hai0="65,34,0,27,133,97,70,38,68,6,125,42,28" hai1="55,67,47,17,25,66,26,127,49,18,40,37,64" hai2="115,120,10,50,95,23,99,93,73,20,117,1,39" hai3="69,19,112,132,134,43,33,78,84,130,109,12,9"/><V24/><F117/><W46/><G109/><T128/><D133/><N who="3" m="51305" /><G69/><T76/><D128/><U61/><E61/><V102/><BYE who="1" /><F120/><W60/><G33/><T30/><D30/><U31/><E31/><V114/><F39/><N who="3" m="21887" /><G60/><T22/><D22/><U3/><E3/><V2/><F73/><W8/><G130/><T5/><D65/><U44/><E44/><V7/><F1/><W45/><G45/><T126/><D76/><U129/><E129/><V122/><F122/><W35/><G35/><T51/><D38/><U85/><E85/><V29/><F50/><W123/><G123/><T96/><D68/><U71/><E71/><V94/><REACH who="2" step="1"/><F20/><REACH who="2" ten="391,8,238,353" step="2"/><N who="3" m="11367" /><G112/><AGARI ba="0,1" hai="2,7,10,23,24,29,93,94,95,99,102,112,114,115" machi="112" ten="40,3900,0" yaku="1,1,15,1,53,0" doraHai="135" doraHaiUra="53" who="2" fromWho="3" sc="391,0,8,0,238,49,353,-39" /><INIT seed="6,1,0,0,1,111" ten="391,8,287,314" oya="2" hai0="49,44,18,31,79,107,128,64,12,98,3,23,43" hai1="87,5,22,10,135,35,51,32,13,17,112,76,80" hai2="124,93,82,123,106,84,126,42,121,68,71,66,133" hai3="45,6,78,39,110,122,104,57,113,1,96,27,75"/><V16/><F106/><W115/><G110/><T97/><D3/><U14/><E14/><V46/><F93/><W89/><G122/><T131/><D79/><U119/><E119/><V25/><F123/><W129/><G129/><N who="0" m="49739" /><D107/><U4/><E4/><V117/><F121/><W19/><G57/><T40/><D64/><U48/><E48/><V62/><F117/><W8/><G19/><T28/><D43/><U120/><E120/><V134/><F71/><W125/><G27/><N who="0" m="16511" /><D31/><U88/><E88/><N who="2" m="51223" /><F16/><W103/><G89/><T67/><D67/><U29/><E29/><V26/><F26/><W101/><G101/><T83/><D83/><U55/><E55/><V61/><F61/><W102/><G102/><T59/><D59/><U108/><E108/><V91/><F91/><W41/><G125/><N who="2" m="48233" /><F25/><W95/><G95/><T7/><D7/><U130/><E130/><V9/><F9/><AGARI ba="1,0" hai="9,12,18,40,44,49,97,98" m="16511,49739" machi="9" ten="30,1000,0" yaku="19,1" doraHai="111" who="0" fromWho="2" sc="391,13,8,0,287,-13,314,0" /><UN n1="%74%73%75%6B%69%31" /><INIT seed="7,0,0,4,5,128" ten="404,8,274,314" oya="3" hai0="90,86,60,115,116,0,111,11,120,105,89,45,2" hai1="24,65,63,28,74,126,20,31,8,69,135,80,70" hai2="97,36,30,15,95,62,78,4,38,93,7,72,44" hai3="134,64,85,102,114,9,47,84,58,17,33,81,43"/><W41/><BYE who="1" /><G33/><T21/><D111/><U88/><E88/><V110/><F110/><W125/><G114/><T49/><D120/><U50/><E50/><V106/><F106/><W61/><G125/><T26/><D116/><U127/><E127/><V104/><F104/><W122/><G122/><T119/><D119/><U71/><E71/><V96/><F30/><W130/><G130/><T108/><D108/><U113/><E113/><V25/><F25/><W16/><G134/><T1/><D105/><U57/><E57/><V82/><F62/><W46/><G102/><T87/><D60/><U77/><E77/><V94/><F15/><N who="3" m="7279" /><G17/><T22/><D115/><U118/><E118/><V100/><F95/><W67/><G84/><T13/><D86/><U91/><E91/><V19/><F19/><W10/><G10/><T53/><D89/><U123/><E123/><V14/><F14/><W132/><G132/><T12/><D11/><U98/><E98/><V73/><F73/><W3/><G3/><T79/><D79/><U35/><E35/><V5/><REACH who="2" step="1"/><F44/><REACH who="2" ten="404,8,264,314" step="2"/><N who="3" m="16939" /><G64/><T55/><D1/><U34/><E34/><V83/><F83/><W54/><G67/><T117/><D0/><U92/><E92/><V56/><F56/><W131/><G131/><T42/><D2/><U112/><E112/><V39/><F39/><W99/><G99/><T27/><D117/><U66/><E66/><V32/><F32/><W103/><G103/><AGARI ba="0,1" hai="4,5,7,36,38,72,78,82,93,94,96,97,100,103" machi="103" ten="40,2600,0" yaku="1,1,9,1,53,0" doraHai="128" doraHaiUra="40" who="2" fromWho="3" sc="404,0,8,0,264,36,314,-26" owari="404,50.4,8,-49.2,300,10.0,288,-11.2" /></mjloggm>