<mjloggm ver="2.3"><GO type="169" lobby="0"/><UN n0="%E7%8F%BE%E5%A0%B4%E3%81%AD%E3%81%93" n1="%E3%81%95%E3%81%8F%E3%82%88%E3%81%93%E3%81%A1%E3%82%83%E3%82%93" n2="%E3%82%82%E3%81%BF%E3%81%95%E3%81%92" n3="%E6%98%9F%E7%A9%BA%E3%81%AE%E3%83%A1%E3%83%A2%E3%83%AA%E3%82%A2" dan="16,16,17,16" rate="2093.10,2052.31,2183.84,2051.93" sx="M,M,M,F"/><TAIKYOKU oya="0"/><INIT seed="0,0,0,5,3,20" ten="250,250,250,250" oya="0" hai0="15,51,96,82,70,108,123,120,95,114,30,37,43" hai1="113,59,2,0,1,121,86,112,18,117,49,77,54" hai2="107,98,62,3,64,135,33,68,133,125,24,127,44" hai3="93,129,109,9,122,75,60,128,8,56,103,110,92"/><T27/><D114/><N who="1" m="44139" /><E117/><V46/><F3/><W89/><G75/><T115/><D115/><U55/><E121/><V42/><F44/><W32/><G122/><T99/><D70/><U74/><E74/><V83/><F83/><W12/><G32/><T16/><D37/><U36/><E36/><V63/><F63/><W23/><G103/><T73/><D108/><N who="3" m="41577" /><G23/><T45/><D99/><U71/><E71/><V61/><F61/><W13/><G13/><T26/><D73/><U58/><E18/><V69/><F69/><W91/><G92/><T5/><D82/><N who="1" m="47439" /><E54/><V76/><F76/><W38/><G38/><T25/><D5/><U134/><E134/><N who="2" m="51211" /><F46/><AGARI ba="0,0" hai="0,1,2,46,49,55,58,59" m="47439,44139" machi="46" ten="40,1300,0" yaku="11,1" doraHai="20" who="1" fromWho="2" sc="250,0,250,13,250,-13,250,0" /><INIT seed="1,0,0,0,2,31" ten="250,263,237,250" oya="1" hai0="123,90,21,126,114,58,41,96,40,93,66,65,27" hai1="104,23,116,68,84,24,133,127,44,14,118,89,72" hai2="53,110,83,119,75,48,2,95,1,30,107,85,94" hai3="8,56,113,4,111,36,109,74,91,9,81,115,25"/><U71/><E72/><V108/><F119/><W92/><G36/><T135/><D114/><U62/><E104/><V18/><F107/><W88/><G56/><T17/><D135/><U43/><E133/><V15/><F30/><W112/><G25/><T0/><D0/><U59/><E14/><V55/><F75/><W10/><G4/><T100/><D126/><U61/><E127/><V54/><F48/><W46/><G46/><T120/><D100/><U70/><E116/><V45/><F45/><W50/><G50/><T34/><D34/><U63/><E59/><V38/><F38/><W29/><G29/><T33/><D33/><U101/><E101/><V130/><F130/><W117/><G117/><T122/><REACH who="0" step="1"/><D58/><REACH who="0" ten="240,263,237,250" step="2"/><U134/><E134/><V35/><F35/><W78/><REACH who="3" step="1"/><G91/><REACH who="3" ten="240,263,237,240" step="2"/><T87/><D87/><AGARI ba="0,2" hai="8,9,10,74,78,81,87,88,92,109,111,112,113,115" machi="87" ten="50,6400,0" yaku="1,1,2,1,54,1,53,0" doraHai="31" doraHaiUra="16" who="3" fromWho="0" sc="240,-64,263,0,237,0,240,84" /><INIT seed="2,0,0,2,2,60" ten="176,263,237,324" oya="2" hai0="64,83,45,47,110,7,75,37,19,125,67,131,51" hai1="134,90,119,43,44,14,27,28,113,50,22,98,3" hai2="54,130,72,17,20,61,24,52,34,35,15,115,117" hai3="29,129,101,93,71,31,6,133,76,100,102,106,97"/><V85/><F117/><W82/><G71/><T109/><D125/><U88/><E113/><V122/><F115/><W116/><G116/><T23/><D131/><U40/><E119/><V114/><F114/><W32/><G6/><T120/><D120/><U124/><E124/><V77/><F72/><W55/><G129/><T80/><D7/><U84/><E3/><V11/><F122/><W92/><G133/><T12/><D37/><U41/><E134/><V132/><F132/><W112/><G106/><T0/><D45/><U62/><E62/><V16/><F130/><W5/><G5/><T104/><D104/><U108/><E108/><N who="0" m="41577" /><D0/><U49/><E49/><V57/><REACH who="2" step="1"/><F54/><REACH who="2" ten="176,263,227,324" step="2"/><W107/><G55/><N who="0" m="30207" /><D75/><U58/><E41/><V126/><F126/><W39/><G112/><T56/><D56/><U135/><E43/><V89/><F89/><W38/><G101/><T86/><D83/><AGARI ba="0,1" hai="11,15,16,17,20,24,34,35,52,57,61,77,83,85" machi="83" ten="40,7700,0" yaku="1,1,54,2,53,0" doraHai="60" doraHaiUra="87" who="2" fromWho="0" sc="176,-77,263,0,227,87,324,0" /><INIT seed="2,1,0,1,0,46" ten="99,263,314,324" oya="2" hai0="80,69,76,26,107,20,67,77,116,17,79,111,2" hai1="112,108,81,43,135,48,90,131,30,19,65,44,117" hai2="118,133,45,99,120,87,121,94,14,122,53,85,113" hai3="103,32,64,124,52,25,75,23,28,88,55,70,10"/><V27/><F118/><W102/><G75/><T104/><D2/><U128/><E117/><V61/><F113/><W39/><G39/><T8/><D116/><U114/><E108/><V42/><F133/><W110/><G32/><T21/><D111/><U126/><E135/><V47/><F14/><W66/><G110/><T54/><D8/><U59/><E30/><V33/><F33/><W101/><G124/><T22/><D80/><U91/><E126/><V7/><F27/><W12/><G88/><N who="1" m="33834" /><E19/><V6/><F61/><W109/><G109/><T98/><D67/><N who="3" m="25641" /><G70/><T58/><D69/><U82/><E65/><V123/><N who="2" m="30720" /><DORA hai="73" /><V49/><F99/><W89/><G89/><T31/><D98/><U96/><E59/><V115/><F94/><W0/><G0/><T74/><D74/><U60/><E60/><V13/><F115/><N who="1" m="44073" /><E96/><V130/><F130/><AGARI ba="1,0" hai="43,44,48,81,82,128,130,131" m="44073,33834" machi="130" ten="30,3900,0" yaku="19,1,52,1,54,1" doraHai="46,73" who="1" fromWho="2" sc="99,0,263,42,314,-42,324,0" /><INIT seed="3,0,0,2,2,77" ten="99,305,272,324" oya="3" hai0="29,91,12,115,100,123,4,118,112,87,66,133,26" hai1="85,22,107,81,31,43,69,42,64,56,71,33,38" hai2="94,129,19,88,131,109,13,16,44,40,125,93,27" hai3="1,96,0,23,55,63,9,6,111,53,124,116,119"/><W114/><G114/><N who="0" m="43563" /><D118/><U113/><E107/><V82/><F109/><W79/><G1/><T35/><D123/><U108/><E113/><V70/><F70/><W128/><G128/><N who="2" m="49225" /><F125/><W24/><G124/><T72/><D72/><U78/><E33/><V37/><F27/><W104/><G111/><T21/><D133/><U62/><E108/><V52/><F52/><W120/><G120/><T74/><D74/><U121/><E121/><V126/><F126/><W2/><G2/><T51/><D100/><U102/><E102/><V41/><F41/><W10/><G10/><N who="0" m="4167" /><D51/><U39/><E69/><V32/><F32/><W5/><G5/><T60/><D60/><U34/><E34/><V98/><F98/><W101/><G79/><T132/><D132/><U15/><E71/><V49/><F37/><W117/><REACH who="3" step="1"/><G63/><REACH who="3" ten="99,305,272,314" step="2"/><T20/><D66/><U84/><E64/><V130/><F130/><W86/><G86/><T36/><D36/><U50/><E62/><V17/><F13/><W59/><G59/><T105/><D105/><U67/><E56/><V68/><F68/><W47/><G47/><T11/><D11/><U7/><E39/><V122/><F122/><W134/><G134/><T8/><D8/><U106/><E38/><V48/><F48/><W103/><G103/><T28/><D28/><AGARI ba="0,1" hai="0,6,9,23,24,28,53,55,96,101,104,116,117,119" machi="28" ten="40,3900,0" yaku="1,1,53,1" doraHai="77" doraHaiUra="25" who="3" fromWho="0" sc="99,-39,305,0,272,0,314,49" /><INIT seed="3,1,0,3,2,60" ten="60,305,272,363" oya="3" hai0="33,73,135,8,36,121,70,31,80,119,113,75,10" hai1="54,30,132,35,101,84,134,79,4,5,100,57,34" hai2="118,124,17,23,63,103,9,16,65,58,0,49,94" hai3="125,64,68,55,90,112,77,22,13,27,28,15,2"/><W67/><G112/><T110/><D8/><U11/><E79/><V108/><F108/><W42/><G2/><T39/><D31/><U53/><E84/><V91/><F118/><W133/><G133/><T26/><D26/><U1/><E57/><V44/><F124/><W37/><G125/><T83/><D10/><U128/><E11/><V66/><F103/><W86/><G77/><T24/><D24/><U122/><E30/><V117/><F117/><W98/><G98/><T126/><D83/><U123/><REACH who="1" step="1"/><E1/><REACH who="1" ten="60,295,272,363" step="2"/><V89/><F0/><W97/><G86/><T81/><D81/><U61/><E61/><N who="2" m="38071" /><F9/><W19/><G68/><T29/><D80/><U21/><E21/><V7/><F7/><W20/><G28/><T106/><D29/><U25/><E25/><V105/><F23/><W116/><G116/><T82/><D82/><U92/><E92/><V130/><F105/><W3/><G3/><T115/><D135/><U52/><E52/><N who="2" m="29735" /><F130/><AGARI ba="1,1" hai="4,5,34,35,53,54,100,101,122,123,128,130,132,134" machi="130" ten="25,3200,0" yaku="1,1,22,2,53,0" doraHai="60" doraHaiUra="114" who="1" fromWho="2" sc="60,0,295,45,272,-35,363,0" /><INIT seed="4,0,0,3,1,134" ten="60,340,237,363" oya="0" hai0="3,65,9,13,129,104,105,49,68,100,7,117,11" hai1="77,114,24,57,94,85,51,61,88,31,69,66,118" hai2="16,0,90,4,58,115,22,130,127,27,35,45,38" hai3="70,5,12,44,107,120,52,1,135,131,32,102,39"/><T128/><D117/><U30/><E118/><V89/><F115/><W55/><G1/><T93/><D68/><U60/><E114/><V43/><F130/><N who="0" m="50282" /><D65/><U33/><E31/><V18/><F35/><W71/><G131/><T96/><D49/><U56/><E61/><V8/><F127/><W36/><G32/><T95/><D95/><U42/><REACH who="1" step="1"/><E77/><REACH who="1" ten="60,330,237,363" step="2"/><V103/><F103/><W81/><G102/><T26/><D26/><U53/><E53/><V25/><F58/><W109/><G52/><T54/><D54/><U83/><E83/><V75/><F75/><W122/><G81/><T112/><D112/><U23/><E23/><AGARI ba="0,1" hai="0,4,8,16,18,22,23,25,27,38,43,45,89,90" machi="23" ten="40,2600,0" yaku="9,1,54,1" doraHai="134" who="2" fromWho="1" sc="60,0,330,-26,237,36,363,0" /><INIT seed="5,0,0,5,4,15" ten="60,304,273,363" oya="1" hai0="87,41,81,130,63,91,72,44,101,68,1,48,18" hai1="112,66,100,60,119,36,14,42,39,104,129,20,121" hai2="50,114,8,7,125,53,11,59,79,61,23,0,38" hai3="113,76,17,32,27,110,128,133,21,84,123,29,95"/><U22/><E119/><V93/><F38/><W4/><G110/><T9/><D130/><U25/><E121/><V80/><F125/><W109/><G109/><T58/><D68/><U24/><E129/><V107/><F107/><W77/><G123/><T55/><D72/><U82/><E112/><V12/><F114/><W92/><G113/><T73/><D73/><U69/><E14/><V2/><F93/><W64/><G128/><T134/><D134/><U40/><E39/><V96/><F96/><W99/><G4/><T13/><D1/><U43/><E36/><V37/><F37/><W132/><G64/><T47/><D47/><U49/><E82/><V88/><F23/><W115/><G115/><T108/><D108/><U97/><E49/><V6/><F12/><N who="3" m="9383" /><G84/><T56/><D56/><U111/><E111/><V86/><REACH who="2" step="1"/><F50/><REACH who="2" ten="60,304,263,363" step="2"/><W31/><G95/><T26/><D26/><U45/><E20/><V62/><F62/><W90/><G31/><T98/><D98/><U135/><E25/><V28/><F28/><W10/><G10/><T94/><D101/><U54/><E135/><AGARI ba="0,1" hai="27,29,32,76,77,90,92,99,132,133,135" m="9383" machi="135" ten="30,2000,0" yaku="20,1,52,1" doraHai="15" who="3" fromWho="1" sc="60,0,304,-20,263,0,363,30" /><INIT seed="6,0,0,1,4,110" ten="60,284,263,393" oya="2" hai0="125,86,25,78,37,117,29,106,94,80,50,114,95" hai1="65,103,93,13,92,74,72,46,133,61,1,40,130" hai2="36,121,39,14,16,112,48,2,10,24,31,119,109" hai3="84,34,108,97,120,18,91,64,15,115,8,134,54"/><V131/><F121/><W127/><G108/><T57/><D37/><U73/><E1/><V22/><F109/><W58/><G120/><T0/><D0/><U20/><E130/><V26/><F119/><W77/><G34/><T85/><D117/><U28/><E133/><V118/><F118/><W4/><G127/><T63/><D106/><U132/><E132/><V113/><F131/><W11/><G64/><T33/><D125/><U90/><E103/><V47/><F2/><W62/><G134/><T23/><D33/><U104/><E104/><V3/><F24/><W116/><G116/><T105/><D105/><U82/><E82/><V9/><F9/><N who="3" m="6511" /><G4/><T128/><D128/><U75/><E90/><V56/><F56/><W123/><G115/><N who="2" m="44105" /><F3/><W27/><G27/><T21/><D114/><U32/><E13/><V51/><F51/><W45/><G45/><T98/><D50/><U88/><E46/><V42/><AGARI ba="0,0" hai="10,14,16,22,26,31,36,39,42,47,48" m="44105" machi="42" ten="30,12000,1" yaku="15,1,52,3,54,1" doraHai="110" who="2" fromWho="2" sc="60,-40,284,-40,263,120,393,-40" /><INIT seed="6,1,0,5,4,63" ten="20,244,383,353" oya="2" hai0="59,48,85,104,8,107,111,100,14,75,45,70,55" hai1="53,87,36,41,125,54,66,58,81,60,34,71,35" hai2="129,79,22,61,76,126,112,68,94,80,97,102,33" hai3="98,89,124,27,52,5,18,121,51,84,42,92,110"/><V16/><F33/><W83/><G110/><T96/><D75/><U49/><E54/><V39/><F39/><W99/><G121/><T74/><D74/><U95/><E95/><V7/><F7/><W20/><G124/><T130/><D111/><U118/><E118/><V13/><F126/><W23/><G42/><T109/><D109/><U46/><REACH who="1" step="1"/><E125/><REACH who="1" ten="20,234,383,353" step="2"/><V93/><F93/><W65/><G65/><T116/><D116/><U106/><E106/><V1/><F94/><W134/><G134/><T127/><D127/><U73/><E73/><V120/><F120/><W88/><G5/><T9/><D107/><U114/><E114/><V82/><F112/><W67/><G67/><T25/><D130/><U44/><E44/><V30/><F82/><W6/><G6/><T101/><D101/><U123/><E123/><V57/><F80/><W3/><G3/><T131/><D131/><U50/><E50/><V132/><F132/><W86/><G20/><T29/><D85/><U10/><E10/><V90/><F102/><W2/><G2/><T108/><D108/><U43/><E43/><V15/><F1/><W0/><G0/><T37/><D70/><U40/><E40/><V64/><F68/><W135/><G135/><T103/><D103/><U24/><E24/><N who="2" m="16663" /><F129/><W38/><G38/><T78/><D14/><U115/><E115/><V105/><F13/><W47/><AGARI ba="1,1" hai="18,23,27,47,51,52,83,84,86,88,89,92,98,99" machi="47" ten="20,8000,1" yaku="0,1,7,1,8,1,54,2" doraHai="63" who="3" fromWho="3" sc="20,-21,234,-21,383,-41,353,93" owari="-1,-50.1,213,-18.7,342,14.2,446,54.6" /></mjloggm>