<mjloggm ver="2.3"><GO type="169" lobby="0"/><UN n0="%6B%61%74%65%72%69%6E%61" n1="%2E%67%61%74%79" n2="%E5%A4%A7%E7%A9%BA%E3%82%B9%E3%83%90%E3%83%AB%E2%98%86" n3="%E3%81%8B%E3%82%81%E3%81%98%E3%82%8D%E3%81%86" dan="17,17,16,16" rate="2245.68,2141.75,2109.39,2161.79" sx="M,M,F,M"/><TAIKYOKU oya="0"/><INIT seed="0,0,0,2,1,86" ten="250,250,250,250" oya="0" hai0="96,37,33,117,120,101,31,50,94,77,40,7,109" hai1="43,27,67,85,70,22,17,55,51,53,41,134,38" hai2="30,89,75,91,21,34,73,0,28,102,8,23,14" hai3="90,66,107,2,4,56,9,24,6,48,71,52,103"/><T121/><D117/><U82/><E134/><V105/><F0/><W49/><G4/><T115/><D115/><U76/><E38/><V83/><F102/><W122/><G122/><T61/><D37/><U132/><E132/><V128/><F105/><W118/><G118/><T35/><D109/><U78/><E78/><V129/><F83/><W46/><G24/><T79/><D7/><U32/><E32/><V44/><F44/><W127/><G127/><T81/><D79/><U11/><E55/><V13/><F34/><W98/><G71/><T58/><D40/><U19/><E67/><V25/><F25/><W15/><G66/><T45/><D31/><U106/><E106/><V99/><F99/><W36/><G36/><T12/><D12/><U112/><E70/><V84/><F84/><W125/><G125/><T1/><D1/><U111/><E111/><V64/><F64/><W110/><G110/><T74/><D35/><U95/><E95/><V29/><F29/><W18/><G90/><T124/><D33/><U5/><E19/><V59/><REACH who="2" step="1"/><F8/><REACH who="2" ten="250,250,240,250" step="2"/><W62/><G46/><T63/><D124/><U39/><E112/><V116/><F116/><W87/><REACH who="3" step="1"/><G87/><REACH who="3" ten="250,250,240,240" step="2"/><T16/><D45/><N who="1" m="27887" /><E39/><V69/><F69/><W80/><G80/><T108/><D108/><U60/><E82/><V113/><F113/><W135/><G135/><T130/><D121/><U26/><E76/><V88/><F88/><W114/><G114/><T119/><D120/><U57/><E85/><V100/><F100/><W47/><G47/><T133/><D133/><U131/><E57/><AGARI ba="0,2" hai="13,14,21,23,28,30,57,59,73,75,89,91,128,129" machi="57" ten="25,12000,2" yaku="1,1,22,2,52,2,53,2" doraHai="86" doraHaiUra="10" who="2" fromWho="1" sc="250,0,250,-120,240,140,240,0" /><INIT seed="1,0,0,0,3,85" ten="250,130,380,240" oya="1" hai0="110,102,111,42,0,129,81,104,48,62,96,58,35" hai1="34,108,72,94,59,68,120,92,44,30,26,88,113" hai2="5,80,121,1,77,65,23,101,107,98,70,20,115" hai3="63,76,122,22,133,135,7,69,99,84,126,132,15"/><U60/><E120/><V40/><F121/><W125/><G122/><T82/><D35/><U32/><E113/><V19/><F115/><W71/><G99/><T12/><D0/><U66/><E72/><V14/><F40/><W52/><G7/><T33/><D33/><U78/><E78/><V6/><F1/><W95/><G15/><T24/><D129/><U36/><E94/><V54/><F65/><W131/><G22/><T118/><D118/><U16/><E108/><N who="0" m="41513" /><D12/><U73/><E73/><V31/><F70/><N who="3" m="26635" /><G76/><T8/><D8/><U13/><E68/><V119/><F119/><W117/><G117/><T41/><D24/><U128/><E128/><V46/><F23/><W17/><G17/><T45/><D42/><U11/><E36/><V28/><F6/><W116/><G131/><T90/><D90/><U4/><E44/><V89/><F5/><W75/><G75/><T127/><D127/><N who="3" m="48649" /><G116/><T74/><D74/><U100/><E34/><V9/><F9/><W51/><G63/><T57/><D62/><U83/><E4/><V109/><F109/><W25/><G25/><T106/><D106/><U93/><REACH who="1" step="1"/><E100/><REACH who="1" ten="250,120,380,240" step="2"/><V134/><F101/><W38/><G38/><T56/><AGARI ba="0,1" hai="41,45,48,56,57,58,81,82,96,102,104" m="41513" machi="56" ten="30,1100,0" yaku="14,1" doraHai="85" who="0" fromWho="0" sc="250,21,120,-5,380,-3,240,-3" /><INIT seed="2,0,0,3,5,69" ten="271,115,377,237" oya="2" hai0="121,94,80,41,43,126,21,105,76,33,10,67,58" hai1="0,12,55,78,56,66,22,82,74,49,16,117,52" hai2="122,40,116,60,129,109,128,24,57,100,77,3,127" hai3="34,135,17,48,28,124,63,85,62,98,134,101,39"/><V20/><F3/><W51/><G17/><T27/><D105/><U93/><E117/><V46/><F116/><W18/><G18/><T19/><D121/><U65/><E0/><V133/><F122/><W4/><G4/><T8/><D33/><U7/><E7/><V81/><F127/><W73/><G73/><T14/><D126/><U132/><E132/><N who="3" m="50730" /><G124/><T89/><D10/><U87/><E55/><V131/><F100/><W36/><G85/><N who="0" m="48263" /><D58/><U118/><E118/><V95/><F95/><W38/><G28/><N who="0" m="17519" /><D67/><U114/><E114/><V130/><F109/><W97/><G34/><T112/><D112/><U35/><E35/><V59/><F60/><N who="3" m="23083" /><G98/><AGARI ba="0,0" hai="8,14,19,41,43,89,94,98" m="17519,48263" machi="98" ten="30,1000,0" yaku="8,1" doraHai="69" who="0" fromWho="3" sc="271,10,115,0,377,0,237,-10" /><INIT seed="3,0,0,2,1,30" ten="281,115,377,227" oya="3" hai0="20,41,68,36,72,132,32,107,21,27,130,61,93" hai1="33,99,22,53,62,78,106,58,134,0,112,89,28" hai2="116,108,110,133,65,74,15,109,125,63,88,51,129" hai3="46,3,23,26,92,59,10,54,29,6,45,34,103"/><W17/><G103/><T80/><D93/><U105/><E112/><V76/><F116/><W84/><G92/><T12/><D130/><U56/><E0/><V8/><F129/><W31/><G84/><T121/><D121/><U13/><E134/><V2/><F2/><W102/><G102/><T127/><D132/><U118/><E118/><V40/><F133/><W11/><G11/><T60/><D127/><U73/><E73/><V101/><F125/><W55/><G31/><T5/><D107/><U79/><E28/><V71/><F101/><W131/><G131/><T4/><D41/><U94/><E105/><V120/><F120/><W14/><G55/><T75/><D36/><U43/><E43/><V44/><F88/><W24/><REACH who="3" step="1"/><G26/><REACH who="3" ten="281,115,377,217" step="2"/><T49/><D27/><U86/><E86/><V115/><F8/><W50/><AGARI ba="0,1" hai="3,6,10,14,17,23,24,29,34,45,46,50,54,59" machi="50" ten="20,24000,3" yaku="1,1,2,1,0,1,7,1,24,2,52,1,53,1" doraHai="30" doraHaiUra="25" who="3" fromWho="3" sc="281,-80,115,-80,377,-80,217,250" /><INIT seed="3,1,0,1,5,28" ten="201,35,297,467" oya="3" hai0="19,46,70,90,92,18,87,12,120,80,30,93,91" hai1="27,51,76,69,121,113,49,71,14,43,66,32,124" hai2="3,88,60,11,83,109,54,72,75,57,86,128,78" hai3="42,40,110,125,118,48,115,130,96,24,59,101,127"/><W100/><G118/><T114/><D120/><U1/><E121/><V117/><F117/><W131/><G24/><T9/><D70/><U26/><E1/><V111/><F128/><N who="3" m="49195" /><G115/><T123/><D114/><U68/><E113/><V116/><F116/><W13/><G13/><T106/><D106/><U112/><E112/><V2/><F75/><W103/><G96/><T44/><D123/><U6/><E66/><V10/><F3/><W41/><G110/><N who="2" m="41993" /><F2/><W64/><G64/><T67/><D67/><U63/><E63/><V55/><F55/><AGARI ba="1,0" hai="40,41,42,48,55,59,100,101,103,125,127" m="49195" machi="55" ten="40,2000,0" yaku="19,1" doraHai="28" who="3" fromWho="2" sc="201,0,35,0,297,-23,467,23" /><INIT seed="3,2,0,2,2,105" ten="201,35,274,490" oya="3" hai0="59,99,63,65,95,118,68,86,89,47,125,11,18" hai1="71,113,120,29,7,15,115,41,19,58,82,53,54" hai2="80,102,27,30,135,91,40,28,67,114,98,38,90" hai3="93,88,126,116,64,73,107,1,124,37,85,36,100"/><W34/><G116/><T70/><D118/><U76/><E120/><V72/><F114/><W12/><G1/><T110/><D110/><U62/><E7/><V35/><F30/><W77/><G34/><T32/><D32/><U79/><E71/><V92/><F135/><W61/><G12/><T81/><D125/><N who="3" m="48233" /><G107/><T10/><D47/><U43/><E29/><V42/><F67/><W127/><N who="3" m="48241" /><W16/><DORA hai="9" /><G100/><T51/><D51/><U22/><E76/><V3/><F3/><W117/><G117/><T108/><D108/><U111/><E111/><V25/><F25/><W112/><G112/><T8/><REACH who="0" step="1"/><D18/><REACH who="0" ten="191,35,274,490" step="2"/><U101/><E113/><V45/><REACH who="2" step="1"/><F40/><REACH who="2" ten="191,35,264,490" step="2"/><W24/><G24/><T17/><D17/><U83/><E115/><V6/><F6/><W56/><G16/><T132/><D132/><U109/><E109/><V52/><F52/><W87/><G64/><T49/><D49/><U129/><E43/><V14/><F14/><W66/><G37/><T75/><D75/><U134/><E53/><V48/><F48/><W20/><G36/><T4/><D4/><U103/><E41/><V97/><F97/><W55/><G55/><T44/><D44/><U26/><E15/><V74/><F74/><W130/><G73/><T46/><D46/><U106/><E54/><V84/><F84/><W123/><G85/><T21/><D21/><U57/><E22/><V60/><F60/><W2/><G20/><T23/><D23/><U50/><E50/><V78/><AGARI ba="2,2" hai="27,28,35,38,42,45,72,78,80,90,91,92,98,102" machi="78" ten="30,7900,0" yaku="1,1,0,1,52,1,53,1" doraHai="105,9" doraHaiUra="94,13" who="2" fromWho="2" sc="191,-22,35,-22,264,105,490,-41" /><INIT seed="4,0,0,3,0,108" ten="169,13,369,449" oya="0" hai0="60,46,4,41,59,91,5,113,1,44,61,51,81" hai1="124,127,32,28,131,9,134,116,24,36,133,10,114" hai2="128,42,120,96,54,22,97,105,71,85,34,89,7" hai3="33,65,104,50,82,35,77,111,31,58,43,12,23"/><T14/><D1/><U112/><E36/><V39/><F34/><W122/><G111/><T18/><D113/><N who="1" m="43627" /><E116/><V47/><F71/><W49/><G104/><T115/><D115/><U86/><E131/><V102/><F97/><W45/><G122/><T11/><D46/><U110/><E86/><V52/><F120/><W27/><G12/><T55/><D61/><U109/><E109/><V57/><F128/><W68/><G68/><T118/><D118/><U75/><E75/><V73/><F73/><W19/><G31/><T132/><D132/><N who="1" m="50795" /><E110/><V80/><F85/><AGARI ba="0,0" hai="4,5,11,14,18,41,44,51,55,59,60,81,85,91" machi="85" ten="40,2000,0" yaku="8,1" doraHai="108" who="0" fromWho="2" sc="169,20,13,0,369,-20,449,0" /><INIT seed="4,1,0,5,2,10" ten="189,13,349,449" oya="0" hai0="11,8,93,85,81,33,113,79,41,83,22,100,130" hai1="102,111,51,126,63,78,105,96,13,37,88,133,64" hai2="16,25,99,95,4,31,135,134,55,50,76,57,53" hai3="43,106,47,90,70,122,65,131,75,132,103,52,7"/><T87/><D33/><U68/><E111/><V62/><F4/><W73/><G131/><T91/><D130/><U56/><E37/><V84/><F84/><W20/><G132/><T71/><D71/><U66/><E133/><V6/><F6/><W59/><G122/><T72/><D113/><U34/><E34/><V46/><F76/><W104/><G90/><T89/><D41/><U36/><E36/><V5/><F5/><W44/><G44/><T35/><D35/><U61/><E126/><V58/><F46/><W27/><G7/><T116/><D116/><U24/><E78/><V2/><F2/><W54/><G54/><T120/><D120/><U42/><E24/><V94/><F31/><W74/><G103/><T9/><D22/><U110/><E110/><V26/><F95/><W97/><G97/><T1/><D1/><U80/><E42/><V114/><F26/><W112/><G65/><T19/><REACH who="0" step="1"/><D100/><REACH who="0" ten="179,13,349,449" step="2"/><U124/><E124/><V86/><F114/><W23/><G70/><T101/><D101/><U15/><REACH who="1" step="1"/><E51/><REACH who="1" ten="179,3,349,449" step="2"/><V18/><F50/><W17/><G112/><T108/><D108/><U119/><E119/><V28/><F135/><W45/><G23/><T3/><D3/><U60/><E60/><V29/><F62/><W92/><G20/><T118/><D118/><U12/><E12/><AGARI ba="1,2" hai="8,9,11,12,19,72,79,81,83,85,87,89,91,93" machi="12" ten="40,3900,0" yaku="1,1,52,1,53,0" doraHai="10" doraHaiUra="115" who="0" fromWho="1" sc="179,62,3,-42,349,0,449,0" owari="241,-15.9,-39,-53.9,349,14.9,449,54.9" /></mjloggm>