<mjloggm ver="2.3"><GO type="169" lobby="0"/><UN n0="%E3%81%A8%E3%82%8D%E3%82%8D%E3%81%9D%E3%81%B0" n1="%6B%73%6B%79%30%36%30%33" n2="%6F%6B%61%62%65%73%68%69" n3="%70%6F%6E%2D%65%6E" dan="17,16,17,16" rate="2242.73,2135.53,2193.56,2111.45" sx="M,M,M,F"/><TAIKYOKU oya="0"/><INIT seed="0,0,0,3,0,53" ten="250,250,250,250" oya="0" hai0="111,10,37,78,0,13,65,22,95,61,29,3,4" hai1="82,62,121,12,58,105,8,84,102,48,18,9,38" hai2="125,64,115,44,109,128,129,42,132,134,110,112,99" hai3="92,28,2,24,63,56,98,79,71,39,69,34,97"/><T43/><D78/><U93/><E38/><N who="2" m="21591" /><F99/><W46/><G2/><T77/><D77/><U49/><E121/><V101/><F64/><W90/><G79/><T17/><D111/><N who="2" m="42506" /><F101/><W33/><G33/><T11/><D37/><U66/><E105/><V89/><F89/><W25/><G25/><T6/><D43/><U131/><E131/><N who="2" m="50251" /><F125/><W114/><G98/><T96/><D29/><U72/><E72/><V118/><F118/><W120/><G90/><T59/><D96/><N who="1" m="59663" /><E8/><V106/><F106/><W117/><G97/><T70/><REACH who="0" step="1"/><D95/><REACH who="0" ten="240,250,250,250" step="2"/><U104/><E104/><V14/><F14/><W5/><G92/><T75/><D75/><U26/><E84/><V35/><F35/><W119/><G34/><T87/><D87/><U126/><E126/><V55/><F55/><W19/><G119/><T123/><D123/><U31/><E82/><V91/><F91/><W41/><G120/><T68/><AGARI ba="0,1" hai="0,3,4,6,10,11,13,17,22,59,61,65,68,70" machi="68" ten="30,11700,0" yaku="1,1,0,1,9,1,52,1,53,0" doraHai="53" doraHaiUra="74" who="0" fromWho="0" sc="240,127,250,-39,250,-39,250,-39" /><INIT seed="0,1,0,0,5,128" ten="367,211,211,211" oya="0" hai0="44,30,106,7,4,62,118,0,26,10,9,28,40" hai1="111,16,5,81,41,129,46,50,58,63,110,2,130" hai2="68,85,39,96,97,100,78,91,21,84,64,132,105" hai3="14,60,33,11,103,8,3,51,36,125,72,87,88"/><T12/><D106/><U102/><E102/><V6/><F39/><W61/><G36/><T133/><D62/><U76/><E2/><V45/><F6/><W53/><G72/><T79/><D79/><U116/><E5/><V92/><F64/><W131/><G33/><T42/><D118/><U77/><E116/><V75/><F68/><W99/><G125/><T35/><D30/><U89/><E89/><V120/><F45/><N who="3" m="27887" /><G3/><T134/><REACH who="0" step="1"/><D40/><REACH who="0" ten="357,211,211,211" step="2"/><U32/><E130/><V69/><F69/><W70/><G70/><T13/><D13/><U15/><E129/><V83/><F21/><W127/><G14/><T24/><D24/><U18/><E32/><V22/><F22/><W27/><G27/><T107/><D107/><U80/><E76/><V112/><F120/><W67/><G61/><T48/><AGARI ba="1,1" hai="0,4,7,9,10,12,26,28,35,42,44,48,133,134" machi="48" ten="30,11700,0" yaku="1,1,0,1,52,2,53,0" doraHai="128" doraHaiUra="119" who="0" fromWho="0" sc="357,130,211,-40,211,-40,211,-40" /><INIT seed="0,2,0,0,0,47" ten="487,171,171,171" oya="0" hai0="30,37,19,79,86,74,59,60,76,130,112,120,89" hai1="127,87,114,77,16,54,48,93,109,27,32,18,58" hai2="36,13,34,123,66,29,3,113,67,43,83,99,91" hai3="124,101,70,73,90,81,35,126,84,39,10,12,110"/><T118/><D112/><U103/><E114/><V129/><F3/><W80/><G110/><T78/><D118/><U45/><E109/><V44/><F123/><W92/><G70/><T50/><D37/><U105/><E105/><V31/><F113/><W69/><G69/><T9/><D74/><U95/><E127/><N who="3" m="48682" /><G73/><T21/><D130/><U6/><E6/><V135/><F129/><W49/><G39/><T24/><D120/><U52/><E32/><V108/><F108/><W23/><G35/><T131/><D131/><U71/><E71/><V106/><F135/><W56/><G101/><T51/><D9/><U2/><E2/><V72/><F31/><W62/><G23/><T82/><REACH who="0" step="1"/><D30/><REACH who="0" ten="477,171,171,171" step="2"/><U122/><E122/><V1/><F29/><W102/><G102/><T14/><D14/><U64/><E103/><V55/><F13/><W25/><G25/><T111/><D111/><U11/><E27/><V98/><F1/><W75/><G75/><T115/><D115/><U132/><E11/><V8/><F8/><W33/><G12/><T17/><D17/><N who="1" m="6763" /><E132/><V97/><F72/><W5/><G10/><T104/><D104/><U0/><E0/><V38/><F106/><W128/><G128/><T96/><D96/><U41/><E64/><AGARI ba="2,1" hai="19,21,24,50,51,59,60,64,76,78,79,82,86,89" machi="64" ten="40,12000,1" yaku="1,1,8,1,52,2,53,1" doraHai="47" doraHaiUra="15" who="0" fromWho="1" sc="477,136,171,-126,171,0,171,0" /><INIT seed="0,3,0,5,2,78" ten="613,45,171,171" oya="0" hai0="61,2,67,65,100,111,82,6,54,72,97,76,129" hai1="120,38,128,16,105,3,45,53,22,130,108,37,123" hai2="94,8,17,80,25,131,112,15,36,127,0,132,107" hai3="81,73,75,93,87,47,21,71,46,74,51,89,58"/><T18/><D129/><N who="1" m="49771" /><E105/><V66/><F112/><W95/><G71/><T7/><D111/><U64/><E3/><V98/><F107/><W48/><G58/><T10/><D7/><U113/><E64/><V34/><F127/><W88/><G21/><T11/><D54/><U84/><E84/><V79/><F131/><W62/><G62/><T40/><D40/><U20/><E20/><V44/><F132/><W19/><G19/><T124/><D124/><U101/><E101/><V50/><F36/><N who="1" m="13929" /><E108/><V12/><F66/><W69/><G69/><T119/><D119/><U43/><E53/><V117/><F0/><W14/><G14/><T32/><D32/><U103/><E103/><V68/><F68/><W30/><G30/><T70/><D67/><U63/><E63/><V35/><F15/><W85/><G74/><T116/><D116/><U23/><E23/><V56/><F56/><W31/><G31/><T134/><D134/><U29/><E29/><V77/><F77/><W121/><G121/><T52/><D52/><U57/><E57/><V91/><F25/><W60/><G60/><T118/><D118/><U99/><E99/><V83/><F117/><W90/><G90/><T59/><D70/><U135/><E135/><V125/><F125/><W86/><G86/><T41/><D41/><U114/><E43/><V1/><F1/><W49/><G49/><T39/><D39/><U122/><E45/><V133/><F133/><W42/><G42/><T92/><D11/><U5/><E5/><V102/><F50/><W24/><G24/><AGARI ba="3,0" hai="16,22,24,113,114,120,122,123" m="13929,49771" machi="24" ten="40,2600,0" yaku="19,1,54,1" doraHai="78" who="1" fromWho="3" sc="613,0,45,35,171,0,171,-35" /><INIT seed="1,0,0,0,3,108" ten="613,80,171,136" oya="1" hai0="22,89,69,21,44,57,132,133,81,23,48,54,107" hai1="123,109,126,63,83,32,36,95,18,42,20,64,82" hai2="43,34,29,129,19,68,79,8,38,6,26,118,92" hai3="117,72,90,116,70,14,53,12,61,77,39,10,16"/><U131/><E32/><V104/><F118/><N who="3" m="45675" /><G39/><T27/><D69/><U127/><E123/><V94/><F104/><W85/><G72/><T122/><D107/><U103/><E109/><V114/><F68/><W60/><G77/><T25/><D122/><U120/><E120/><V134/><F129/><W17/><G53/><T28/><D44/><U73/><E131/><V100/><F134/><N who="0" m="51818" /><D27/><U67/><E42/><V52/><F79/><W78/><G78/><T119/><D119/><U113/><E36/><V74/><F74/><W96/><G96/><T121/><D121/><U102/><E73/><V76/><F76/><W84/><G70/><T80/><D89/><U88/><E102/><V62/><F100/><W130/><G130/><T115/><D115/><U0/><E103/><V66/><F19/><W5/><G5/><T110/><D110/><U58/><E113/><V99/><F99/><W86/><G90/><T46/><D46/><U7/><E7/><V35/><F35/><AGARI ba="0,0" hai="21,22,23,25,28,35,48,54,57,80,81" m="51818" machi="35" ten="30,1000,0" yaku="20,1" doraHai="108" who="0" fromWho="2" sc="613,10,80,0,171,-10,136,0" /><INIT seed="2,0,0,0,1,125" ten="623,80,161,136" oya="2" hai0="85,14,89,61,88,113,65,129,54,19,2,104,106" hai1="22,75,84,39,33,46,58,98,49,103,29,31,133" hai2="114,124,50,20,81,91,47,12,16,57,130,90,127" hai3="8,135,67,82,40,45,72,25,38,111,41,110,13"/><V28/><F114/><W96/><G135/><T34/><D2/><U43/><E75/><V132/><F132/><W30/><G41/><T10/><D34/><U32/><E133/><V64/><F28/><W60/><G96/><T51/><D129/><U26/><E84/><V5/><F5/><W48/><G38/><T71/><D89/><U69/><E69/><V37/><F37/><W99/><G99/><T122/><D122/><U62/><E39/><V119/><F119/><W18/><G82/><T116/><D113/><U94/><REACH who="1" step="1"/><E31/><REACH who="1" ten="623,70,161,136" step="2"/><V87/><F130/><W68/><REACH who="3" step="1"/><G72/><REACH who="3" ten="623,70,161,126" step="2"/><T131/><D131/><U109/><E109/><V73/><F73/><W101/><G101/><T6/><D116/><U108/><E108/><V100/><F100/><W1/><G1/><T92/><REACH who="0" step="1"/><D6/><REACH who="0" ten="613,70,161,126" step="2"/><U123/><E123/><V128/><F128/><W11/><G11/><T35/><D35/><AGARI ba="0,3" hai="8,13,18,25,30,35,40,45,48,60,67,68,110,111" machi="35" ten="40,1300,0" yaku="1,1,53,0" doraHai="125" doraHaiUra="52" who="3" fromWho="0" sc="613,-13,70,0,161,0,126,43" /><INIT seed="3,0,0,5,2,36" ten="600,70,161,169" oya="3" hai0="41,45,133,135,120,38,99,64,1,62,101,50,17" hai1="13,92,96,109,21,12,29,16,4,128,33,58,52" hai2="134,0,2,59,105,110,107,66,123,81,27,111,124" hai3="69,37,125,106,80,113,112,72,122,53,6,76,26"/><W60/><G122/><T20/><D1/><U70/><E70/><V127/><F123/><W57/><G125/><N who="2" m="48201" /><F134/><W73/><G73/><T22/><D120/><U54/><E109/><N who="2" m="41483" /><F81/><W25/><G106/><N who="2" m="40457" /><F27/><W46/><G25/><T23/><D38/><U44/><E128/><V131/><F131/><W115/><G26/><T30/><D30/><U88/><E29/><V55/><F66/><W78/><G78/><T97/><D17/><U90/><E33/><V51/><AGARI ba="0,0" hai="0,2,51,55,59" m="40457,41483,48201" machi="51" ten="40,2700,0" yaku="18,1,14,1" doraHai="36" who="2" fromWho="2" sc="600,-7,70,-7,161,27,169,-13" /><INIT seed="4,0,0,0,3,112" ten="593,63,188,156" oya="0" hai0="60,114,10,76,16,8,86,96,21,59,3,33,117" hai1="118,35,92,17,29,70,62,32,120,13,57,132,64" hai2="101,105,100,4,110,66,65,131,28,50,26,113,72" hai3="91,34,7,124,111,102,119,45,97,14,44,125,129"/><T38/><D38/><U87/><E120/><V23/><F110/><W56/><G34/><T20/><D33/><U79/><E132/><V41/><F113/><W103/><G111/><T116/><D114/><U49/><E29/><V47/><F72/><W46/><G129/><T71/><D71/><U83/><E92/><V82/><F131/><W98/><G56/><T15/><D96/><N who="3" m="36969" /><G91/><T123/><D123/><U0/><E0/><V40/><F105/><W11/><G119/><T36/><D36/><U127/><E118/><V37/><F37/><W128/><G128/><T130/><D130/><U81/><E127/><AGARI ba="0,0" hai="7,11,14,44,45,46,102,103,124,125,127" m="36969" machi="127" ten="30,1000,0" yaku="18,1" doraHai="112" who="3" fromWho="1" sc="593,0,63,-10,188,0,156,10" /><INIT seed="5,0,0,4,2,4" ten="593,53,188,166" oya="1" hai0="125,122,77,100,131,10,59,14,30,19,37,47,78" hai1="50,97,22,117,55,116,126,105,33,18,120,69,90" hai2="35,8,7,68,75,21,115,57,15,83,27,114,84" hai3="31,87,12,80,26,82,1,61,23,107,3,76,67"/><U38/><E120/><V113/><F68/><W49/><G107/><T54/><D122/><U45/><E69/><V133/><F75/><W121/><G121/><T65/><D125/><U88/><E33/><V6/><F57/><W24/><G49/><T36/><D36/><U64/><E64/><V99/><F99/><W53/><G53/><T98/><D30/><U74/><E74/><V101/><F101/><W112/><G112/><T28/><D28/><U17/><E126/><V20/><F84/><W66/><G66/><T127/><D131/><U48/><E38/><V44/><F44/><W41/><G41/><T9/><D9/><U32/><E32/><V91/><F91/><W103/><G103/><T106/><D127/><U43/><E105/><V11/><F83/><W96/><G96/><T46/><D46/><U128/><E128/><V94/><F94/><W62/><G62/><T63/><D37/><U52/><E97/><V34/><F133/><W132/><G132/><T29/><D29/><U92/><E43/><V71/><F71/><W108/><G108/><T86/><D86/><U110/><E45/><V70/><F70/><W2/><G80/><T42/><D42/><U13/><E110/><V56/><F56/><N who="3" m="37287" /><G31/><T123/><D123/><U134/><E92/><V81/><F81/><W40/><G40/><T129/><D129/><U124/><E124/><V118/><F118/><W51/><G51/><T95/><D106/><U58/><E58/><V93/><F93/><W16/><G82/><T135/><D135/><U104/><E134/><V72/><F115/><W109/><G109/><RYUUKYOKU ba="0,0" sc="593,15,53,-15,188,-15,166,15" hai0="10,14,19,47,54,59,63,65,77,78,95,98,100" hai3="1,2,3,12,16,23,24,26,76,87" /><INIT seed="6,1,0,1,3,126" ten="608,38,173,181" oya="2" hai0="6,94,62,73,53,16,17,43,27,37,92,114,108" hai1="84,111,47,52,13,72,80,11,32,134,15,50,7" hai2="29,22,26,127,20,59,112,119,0,132,75,54,9" hai3="48,135,124,28,93,21,57,19,104,109,81,91,78"/><V61/><F119/><W68/><G68/><T34/><D73/><U77/><E134/><V5/><F75/><W64/><G104/><T2/><D108/><U131/><E111/><V96/><F132/><W41/><G109/><T101/><D2/><U74/><E32/><V110/><F110/><W44/><G124/><T125/><D6/><U121/><E121/><V3/><F127/><W89/><G28/><T69/><D37/><U33/><E33/><V31/><F112/><W40/><G40/><T56/><D69/><U12/><E74/><V66/><F20/><W10/><G10/><T63/><D43/><U71/><E71/><V128/><F128/><W55/><G64/><T82/><D82/><U24/><E72/><V8/><F31/><W120/><G120/><T122/><D63/><U36/><E36/><V103/><F54/><W49/><G135/><T4/><D4/><U117/><E117/><V100/><F100/><W67/><G67/><T14/><D101/><U30/><REACH who="1" step="1"/><E131/><REACH who="1" ten="608,28,173,181" step="2"/><V83/><F0/><W18/><G21/><N who="0" m="13735" /><D34/><U70/><E70/><V86/><F9/><W35/><G35/><T105/><D125/><U87/><E87/><V90/><F96/><W79/><G79/><T129/><D129/><U42/><E42/><V45/><F103/><W113/><G78/><T76/><D122/><U1/><E1/><V46/><AGARI ba="1,1" hai="3,5,8,22,26,29,45,46,59,61,66,83,86,90" machi="46" ten="30,1500,0" yaku="0,1" doraHai="126" who="2" fromWho="2" sc="608,-6,28,-6,173,28,181,-6" /><INIT seed="6,2,0,4,4,37" ten="602,22,201,175" oya="2" hai0="102,67,54,112,105,90,38,7,89,113,79,128,13" hai1="86,104,77,72,46,91,106,64,99,94,56,42,59" hai2="119,33,95,114,53,21,0,24,123,69,98,3,1" hai3="43,135,116,110,6,73,132,68,109,8,88,63,100"/><V133/><F69/><W83/><G116/><T27/><D38/><U121/><E121/><V18/><F123/><W134/><G100/><T35/><D67/><U36/><E64/><V97/><F119/><W108/><G43/><T22/><D79/><U5/><E5/><V55/><F133/><W15/><G63/><T107/><D35/><U71/><E71/><V60/><F114/><W26/><G68/><T32/><D32/><U47/><E47/><V66/><F33/><W58/><G58/><T81/><D54/><U117/><E117/><V122/><F122/><W28/><G88/><N who="0" m="33899" /><D81/><U70/><E70/><V25/><F25/><W20/><G83/><T23/><D102/><U49/><E49/><V118/><F118/><W87/><G87/><T62/><D62/><U130/><E130/><V76/><F76/><W45/><G45/><T39/><D39/><U103/><REACH who="1" step="1"/><E106/><REACH who="1" ten="602,12,201,175" step="2"/><V10/><F98/><W127/><G110/><T124/><D128/><U50/><E50/><V44/><F44/><W19/><G109/><T96/><D96/><U129/><E129/><V14/><F66/><W75/><G108/><T131/><D131/><U126/><E126/><V61/><F61/><W51/><G127/><T52/><D124/><U65/><E65/><V2/><F60/><W78/><G51/><T4/><D107/><U17/><E17/><V41/><F55/><W34/><G6/><T40/><D105/><U92/><E92/><V48/><F53/><W125/><G125/><T111/><D111/><U16/><E16/><N who="2" m="8279" /><F97/><W120/><G134/><T31/><D52/><U115/><E115/><RYUUKYOKU ba="2,1" sc="602,-10,12,30,201,-10,175,-10" hai1="36,42,46,56,59,72,77,86,91,94,99,103,104" /><INIT seed="7,3,1,3,0,70" ten="592,42,191,165" oya="3" hai0="76,18,78,26,31,49,132,37,5,90,0,33,133" hai1="109,101,61,67,51,29,9,123,127,87,112,66,60" hai2="134,32,41,50,117,13,83,120,105,12,59,53,40" hai3="46,81,21,115,72,16,39,8,30,56,68,85,74"/><W96/><G68/><T126/><D37/><U63/><E101/><V20/><F32/><W36/><G30/><T103/><D103/><U82/><E123/><V48/><F117/><W38/><G8/><N who="0" m="2087" /><D126/><U34/><E127/><V80/><F105/><W42/><G115/><T124/><D124/><U129/><E112/><V131/><F120/><W57/><G57/><T130/><D130/><U119/><E129/><V75/><F131/><W52/><G96/><T55/><D90/><U114/><E114/><V100/><F100/><W110/><G74/><T65/><D65/><U3/><E109/><V125/><F125/><W99/><G99/><T47/><D18/><U116/><E34/><V86/><F134/><AGARI ba="3,1" hai="26,31,33,47,49,55,76,78,132,133,134" m="2087" machi="134" ten="30,1000,0" yaku="20,1" doraHai="70" who="0" fromWho="2" sc="592,29,42,0,191,-19,165,0" owari="621,72.1,42,-45.8,172,-2.8,165,-23.5" /></mjloggm>