<mjloggm ver="2.3"><GO type="169" lobby="0"/><UN n0="%E2%91%A3%E3%82%BB%E3%83%B3%E3%83%81" n1="%E5%9C%A7%E5%80%92%E7%9A%84%E3%83%9D%E3%83%B3" n2="%E3%80%8C%E3%82%AD%E3%82%BF%E3%80%8D" n3="%E2%84%83%2D%75%74%65" dan="18,17,16,17" rate="2287.34,2220.86,2040.85,2204.88" sx="M,M,M,M"/><TAIKYOKU oya="0"/><INIT seed="0,0,0,3,5,66" ten="250,250,250,250" oya="0" hai0="104,53,51,13,55,1,47,110,2,101,87,16,26" hai1="28,92,126,50,65,37,102,15,132,30,106,113,112" hai2="129,49,60,89,117,14,64,83,3,46,63,133,109" hai3="67,17,94,114,116,76,31,122,98,121,9,58,124"/><T135/><D135/><U128/><E37/><V74/><F3/><W48/><G114/><T90/><D110/><U34/><E34/><V127/><F109/><W125/><G116/><T69/><D69/><U36/><E36/><V107/><F107/><W39/><G31/><T35/><D26/><U25/><E132/><V97/><F133/><W20/><G9/><T12/><D35/><U11/><E106/><V18/><F127/><W61/><G76/><T100/><D13/><U23/><E126/><N who="3" m="48746" /><G48/><T19/><D19/><U0/><E0/><V115/><F129/><W120/><G39/><T85/><D85/><U73/><E73/><V10/><F115/><W86/><G86/><T99/><D55/><U54/><E65/><V41/><F117/><W108/><G108/><T68/><D68/><U27/><E128/><V43/><F63/><W77/><G77/><T56/><D101/><U88/><E102/><V45/><F74/><W24/><G120/><T84/><D84/><U131/><E131/><V33/><F33/><W95/><G95/><T29/><D29/><U91/><E113/><V134/><F134/><W42/><G42/><T75/><D75/><U79/><E79/><V32/><F32/><W7/><G7/><T81/><REACH who="0" step="1"/><D56/><REACH who="0" ten="240,250,250,250" step="2"/><N who="1" m="32855" /><E112/><V8/><F43/><W40/><G40/><T59/><D59/><U21/><E92/><V82/><F46/><W44/><G44/><T52/><D52/><U103/><E103/><AGARI ba="0,1" hai="17,20,24,58,61,67,94,98,103,121,122" m="48746" machi="103" ten="30,1000,0" yaku="18,1" doraHai="66" who="3" fromWho="1" sc="240,0,250,-10,250,0,250,20" /><INIT seed="1,0,0,3,3,116" ten="240,240,250,270" oya="1" hai0="90,71,132,56,42,48,34,40,119,88,43,63,2" hai1="80,84,46,72,18,93,77,5,57,20,51,83,118" hai2="3,50,62,28,117,24,12,100,59,44,123,98,121" hai3="15,122,1,11,6,19,73,66,8,36,35,114,14"/><U134/><E118/><V112/><F3/><W65/><G36/><T13/><D119/><U107/><E107/><V52/><F12/><W7/><G73/><T75/><D2/><U22/><E93/><V49/><F112/><W74/><G74/><T131/><D34/><U82/><E134/><V29/><F50/><W39/><G39/><T95/><D75/><U64/><E5/><V17/><F17/><W133/><G114/><T33/><D33/><U130/><E130/><V21/><F29/><W78/><G78/><T97/><D71/><U108/><E108/><V125/><F125/><W70/><G70/><T54/><D132/><U115/><E115/><V127/><F127/><W111/><G133/><T60/><D131/><U79/><E82/><V110/><F110/><W32/><G111/><T113/><D113/><U4/><E4/><V76/><F76/><W25/><G65/><T86/><REACH who="0" step="1"/><D13/><REACH who="0" ten="230,240,250,270" step="2"/><U124/><E124/><V103/><F117/><W55/><G35/><T27/><D27/><U128/><E128/><V9/><F9/><W23/><G25/><T61/><D61/><U31/><E22/><V91/><F103/><W92/><G32/><T104/><D104/><U16/><E20/><V89/><F62/><W0/><G23/><T135/><D135/><U109/><E109/><V45/><F100/><W129/><G129/><T101/><D101/><U106/><E106/><V87/><F24/><W96/><G6/><T67/><D67/><U85/><E72/><V94/><F21/><W53/><G66/><T99/><D99/><U102/><E102/><V37/><F98/><RYUUKYOKU ba="0,1" sc="230,30,240,-10,250,-10,270,-10" hai0="40,42,43,48,54,56,60,63,86,88,90,95,97" /><INIT seed="2,1,1,4,1,67" ten="260,230,240,260" oya="2" hai0="74,72,53,46,18,93,77,37,87,6,89,120,51" hai1="36,8,73,33,95,39,78,119,4,30,11,128,16" hai2="118,47,121,110,108,28,50,116,133,1,61,106,27" hai3="7,2,31,0,132,49,79,66,80,17,3,38,102"/><V96/><F1/><W76/><G38/><T90/><D120/><U55/><E119/><V127/><F127/><W58/><G31/><T5/><D37/><U125/><E125/><V109/><F133/><W19/><G132/><T84/><D77/><U25/><E128/><V105/><F121/><W91/><G7/><T99/><D99/><U124/><E124/><V103/><F61/><W82/><G102/><T43/><D74/><U129/><E129/><V113/><F106/><W34/><G91/><T98/><D72/><U114/><E114/><V41/><REACH who="2" step="1"/><F113/><REACH who="2" ten="260,230,230,260" step="2"/><W54/><G2/><T9/><D98/><U70/><E73/><V71/><F71/><W12/><G3/><T68/><D68/><U94/><E70/><V63/><F63/><W15/><G0/><T13/><REACH who="0" step="1"/><D43/><REACH who="0" ten="250,230,230,260" step="2"/><U40/><E40/><V44/><F44/><W60/><G76/><T26/><D26/><U115/><E78/><V52/><F52/><W14/><G79/><T21/><D21/><AGARI ba="1,3" hai="21,27,28,41,47,50,96,103,105,108,109,110,116,118" machi="21" ten="40,12000,1" yaku="1,1,14,1,10,1,53,1" doraHai="67" doraHaiUra="23" who="2" fromWho="0" sc="250,-123,230,0,230,153,260,0" /><INIT seed="2,2,0,0,0,72" ten="127,230,383,260" oya="2" hai0="13,14,65,131,33,115,22,104,6,87,108,133,58" hai1="4,94,90,112,55,47,103,63,23,12,2,27,91" hai2="118,66,20,49,18,97,41,102,132,122,134,3,98" hai3="11,43,50,92,99,129,106,120,125,85,100,53,89"/><V38/><F3/><W56/><G129/><T121/><D104/><U113/><E2/><V1/><F1/><W17/><G125/><T59/><D33/><U107/><E107/><V39/><F118/><W44/><G120/><T34/><D34/><U126/><E126/><V26/><F66/><W62/><G17/><T114/><D65/><U76/><E103/><V135/><F122/><W16/><G16/><T84/><D121/><U37/><E91/><V7/><F7/><W83/><REACH who="3" step="1"/><G11/><REACH who="3" ten="127,230,383,250" step="2"/><T68/><D131/><U101/><E4/><V74/><F132/><W124/><G124/><T0/><D133/><U36/><E113/><V75/><F134/><W117/><G117/><T10/><D115/><U64/><E112/><V24/><F18/><W42/><G42/><T21/><D114/><U109/><E109/><V35/><F41/><W54/><G54/><T111/><D6/><U127/><E55/><V70/><F135/><W130/><G130/><T40/><D40/><U105/><E127/><V88/><F39/><W73/><G73/><T61/><D10/><U77/><E37/><V60/><F38/><W119/><G119/><T86/><D111/><U25/><E36/><V71/><F75/><W93/><AGARI ba="2,1" hai="43,44,50,53,56,62,83,85,89,92,93,99,100,106" machi="93" ten="30,2000,0" yaku="1,1,0,1,53,0" doraHai="72" doraHaiUra="128" who="3" fromWho="3" sc="127,-7,230,-7,383,-12,250,36" /><INIT seed="3,0,0,3,2,27" ten="120,223,371,286" oya="3" hai0="62,71,5,131,108,124,126,104,78,59,110,31,22" hai1="12,65,132,26,116,84,87,21,128,41,79,77,120" hai2="96,118,54,119,56,80,60,103,105,3,85,45,98" hai3="114,93,89,122,7,28,63,14,2,11,0,74,25"/><W50/><G114/><T121/><D104/><U73/><E120/><V40/><F3/><W76/><G122/><T82/><D121/><U46/><E116/><V81/><F98/><W123/><G123/><T20/><D71/><U100/><E100/><V55/><F81/><W13/><G50/><T125/><D5/><U35/><E35/><V113/><F55/><W90/><G90/><T6/><D6/><U42/><E65/><V127/><F127/><W129/><G129/><T30/><D20/><U49/><E128/><V16/><F113/><W32/><G13/><T102/><D22/><U8/><E42/><V10/><F10/><W70/><G76/><N who="1" m="29258" /><E73/><V24/><F24/><W109/><G74/><N who="0" m="43351" /><D102/><U38/><E38/><V61/><F60/><W111/><G63/><T69/><D69/><U43/><E43/><V134/><F134/><W1/><REACH who="3" step="1"/><G70/><REACH who="3" ten="120,223,371,276" step="2"/><T39/><D131/><U91/><E132/><V133/><F133/><W18/><G18/><T117/><D39/><U66/><E91/><V99/><F16/><W106/><G106/><T36/><D36/><U92/><E49/><V68/><F68/><W37/><G37/><T97/><D117/><U72/><E12/><V107/><F119/><W52/><G52/><N who="0" m="34151" /><D97/><AGARI ba="0,1" hai="0,1,2,7,11,14,25,28,32,89,93,97,109,111" machi="97" ten="50,4800,0" yaku="1,1,52,1,53,0" doraHai="27" doraHaiUra="101" who="3" fromWho="0" sc="120,-48,223,0,371,0,276,58" /><INIT seed="3,1,0,2,5,87" ten="72,223,371,334" oya="3" hai0="77,17,61,115,102,84,118,63,83,5,27,41,9" hai1="108,132,123,68,14,57,28,13,52,10,78,30,43" hai2="37,47,94,86,85,128,97,4,117,113,48,111,65" hai3="6,99,93,98,79,50,36,33,20,51,35,73,124"/><W105/><G36/><T46/><D118/><U71/><E123/><V106/><F113/><W67/><G6/><T126/><D115/><U55/><E43/><V91/><F117/><W135/><G67/><T58/><D126/><U81/><E108/><V56/><F37/><W0/><G20/><T3/><D102/><U31/><E132/><V131/><F4/><W12/><G12/><T1/><D17/><U75/><E55/><V127/><F111/><W39/><G39/><T95/><D27/><U49/><REACH who="1" step="1"/><E13/><REACH who="1" ten="72,213,371,334" step="2"/><V29/><F127/><W59/><G135/><T120/><D120/><U60/><E60/><V110/><F110/><W69/><G124/><T88/><D3/><U133/><E133/><V104/><F131/><W45/><G0/><T112/><D112/><U90/><E90/><V109/><F109/><W34/><G79/><T82/><D63/><U64/><E64/><V74/><F65/><W2/><G2/><T103/><D103/><U107/><E107/><V129/><F104/><W22/><G105/><T121/><D121/><U62/><E62/><V96/><F106/><W80/><G69/><T122/><D122/><U42/><E42/><V101/><F101/><W116/><G116/><T92/><D41/><U130/><E130/><V54/><F128/><W19/><G51/><T11/><D61/><U125/><E125/><V15/><F48/><W134/><G50/><T89/><D1/><U38/><E38/><V53/><F15/><W72/><G134/><T76/><D77/><U8/><E8/><V44/><F129/><W26/><G26/><T114/><D76/><RYUUKYOKU ba="1,1" sc="72,-10,213,30,371,-10,334,-10" hai1="10,14,28,30,31,49,52,57,68,71,75,78,81" /><INIT seed="4,2,1,0,2,125" ten="62,243,361,324" oya="0" hai0="70,94,67,89,8,77,3,132,112,56,128,22,42" hai1="38,4,18,17,118,12,10,72,23,64,6,103,88" hai2="35,58,66,110,127,104,39,85,41,7,5,46,119" hai3="133,15,51,79,43,65,59,69,117,98,28,124,34"/><T92/><D70/><U16/><E72/><V97/><F110/><W120/><G117/><T52/><D67/><U87/><E38/><V134/><F35/><W107/><G79/><T50/><D112/><U0/><E118/><V81/><F127/><W130/><G124/><T96/><D132/><U114/><E114/><V62/><F134/><W36/><G15/><T29/><D128/><U9/><E103/><V49/><F119/><W37/><G37/><T60/><D77/><U21/><REACH who="1" step="1"/><E64/><REACH who="1" ten="62,233,361,324" step="2"/><V55/><F104/><W27/><G65/><T63/><D42/><U131/><E131/><V57/><F97/><W100/><G43/><T113/><D113/><U106/><E106/><V102/><F102/><W1/><G107/><T76/><D76/><AGARI ba="2,2" hai="5,7,39,41,46,49,55,57,58,62,66,76,81,85" machi="76" ten="30,1000,0" yaku="7,1" doraHai="125" who="2" fromWho="0" sc="62,-16,233,0,361,36,324,0" /><INIT seed="5,0,0,3,4,25" ten="46,233,397,324" oya="1" hai0="129,61,135,105,92,110,66,18,31,22,107,93,54" hai1="48,95,6,43,80,96,67,70,90,17,109,20,51" hai2="46,42,112,124,38,123,40,11,53,102,4,37,3" hai3="115,77,58,59,5,60,79,41,45,120,29,24,34"/><U19/><E109/><V122/><F124/><W103/><G120/><T9/><D110/><U130/><E130/><V101/><F53/><W132/><G132/><T116/><D116/><U21/><E6/><V27/><F112/><W106/><G115/><T30/><D135/><U36/><E36/><V97/><F102/><W8/><G103/><T12/><D129/><U13/><E43/><V65/><F65/><W94/><G94/><T113/><D113/><U82/><E67/><V86/><F86/><W89/><G89/><T74/><D74/><U26/><E70/><V114/><F114/><W83/><G106/><T62/><D107/><U72/><E72/><V57/><F57/><W100/><G100/><T85/><D105/><U23/><E23/><V10/><F10/><W126/><G126/><T75/><D75/><U35/><E35/><V15/><F27/><W39/><G60/><T88/><D93/><U56/><E56/><V52/><F3/><W76/><REACH who="3" step="1"/><G83/><AGARI ba="0,0" hai="13,17,19,20,21,26,48,51,80,82,83,90,95,96" machi="83" ten="40,2000,0" yaku="8,1" doraHai="25" who="1" fromWho="3" sc="46,0,233,20,397,0,324,-20" /><INIT seed="5,1,0,0,4,35" ten="46,253,397,304" oya="1" hai0="97,112,4,113,1,89,68,76,95,107,52,65,38" hai1="56,83,61,133,9,104,100,103,37,16,110,13,88" hai2="126,60,135,71,0,123,118,86,17,81,44,54,30" hai3="80,72,3,109,117,42,106,8,36,115,22,20,99"/><U46/><E110/><V55/><F118/><W85/><G109/><T7/><D38/><U49/><E37/><V10/><F123/><W132/><G115/><T32/><D32/><U31/><E31/><V98/><F30/><W27/><G132/><T102/><D65/><N who="1" m="39079" /><E104/><V91/><F126/><W67/><G67/><T45/><D68/><U108/><E133/><V25/><F135/><W53/><G53/><T122/><D122/><U77/><E77/><V111/><F111/><W92/><G106/><T21/><D21/><U41/><E108/><V82/><F71/><W63/><G63/><T26/><D26/><U94/><E83/><V70/><F82/><W50/><G36/><T74/><D76/><U66/><E66/><V125/><F70/><W90/><G72/><T34/><D34/><U116/><E116/><V24/><F60/><W120/><G120/><T64/><D74/><U124/><E124/><V43/><F125/><W18/><G117/><T73/><D73/><U93/><E93/><V79/><F79/><W121/><G121/><T59/><D45/><U23/><E23/><V47/><F44/><N who="3" m="25879" /><G3/><T130/><D64/><U28/><E28/><V69/><F0/><W6/><G6/><T58/><D58/><U48/><E49/><N who="2" m="26879" /><F69/><W29/><G8/><N who="0" m="2063" /><D7/><U128/><E128/><V114/><F114/><N who="0" m="44138" /><D130/><U15/><E15/><V11/><F10/><W105/><G29/><T2/><D2/><U5/><E5/><V84/><F11/><W78/><G22/><T96/><D59/><U75/><E75/><V131/><F131/><W19/><G19/><T33/><D33/><RYUUKYOKU ba="1,0" sc="46,10,253,10,397,-30,304,10" hai0="52,89,95,96,97,102,107" hai1="9,13,16,41,46,48,88,94,100,103" hai3="18,20,27,78,80,85,90,92,99,105" /><INIT seed="5,2,0,0,5,77" ten="56,263,367,314" oya="1" hai0="89,56,26,106,45,82,36,43,70,15,28,33,35" hai1="122,81,103,95,13,14,84,62,130,8,123,71,61" hai2="34,73,131,79,117,48,60,24,55,102,59,91,121" hai3="116,100,132,44,1,27,47,74,110,4,54,3,22"/><U94/><E130/><V9/><F117/><W114/><G110/><T93/><D70/><U66/><E14/><V10/><F121/><W25/><G74/><T30/><D106/><U20/><E20/><V83/><F131/><W92/><G4/><T98/><D56/><U7/><E62/><V113/><F102/><W107/><G92/><T105/><D105/><U86/><E103/><V90/><F113/><W16/><G54/><T17/><D30/><U11/><E11/><V128/><F128/><W18/><G22/><T120/><D120/><U0/><E0/><V65/><F24/><W68/><G68/><T5/><D5/><U135/><E135/><V37/><F37/><W31/><G107/><T53/><D53/><U76/><REACH who="1" step="1"/><E95/><REACH who="1" ten="56,253,367,314" step="2"/><V50/><F34/><W23/><G23/><T19/><D35/><U63/><E63/><V126/><F10/><W111/><G100/><T40/><D40/><U49/><E49/><V58/><F9/><W12/><G12/><T42/><D42/><U115/><E115/><V99/><F50/><W41/><G41/><T67/><D67/><U21/><E21/><V125/><F126/><W85/><G114/><T52/><D52/><U64/><E64/><V112/><F112/><W96/><G1/><T2/><D2/><U72/><E72/><V134/><F134/><W133/><G3/><T97/><D15/><U118/><E118/><V101/><F125/><W29/><G116/><T80/><REACH who="0" step="1"/><D98/><REACH who="0" ten="46,253,367,314" step="2"/><U38/><E38/><V109/><F99/><W46/><G96/><T78/><D78/><U108/><E108/><V87/><F109/><RYUUKYOKU ba="2,2" sc="46,15,253,15,367,-15,314,-15" hai0="17,19,26,28,33,36,43,45,80,82,89,93,97" hai1="7,8,13,61,66,71,76,81,84,86,94,122,123" /><INIT seed="5,3,2,2,4,75" ten="61,268,352,299" oya="1" hai0="85,53,4,90,108,107,130,114,10,76,86,5,33" hai1="97,26,135,89,51,46,128,103,91,28,24,13,66" hai2="1,0,118,22,87,120,116,126,72,84,69,42,96" hai3="81,59,43,31,9,92,7,58,19,79,93,64,121"/><U50/><E128/><V25/><F120/><W57/><G121/><T105/><D108/><U127/><E127/><V12/><F72/><W29/><G64/><T94/><D33/><U27/><E135/><V68/><F126/><W112/><G112/><T20/><D114/><U52/><E66/><V49/><F12/><W18/><G43/><T123/><D123/><U129/><E129/><V101/><F42/><W48/><G48/><T30/><D130/><U15/><E28/><V6/><F49/><W54/><G54/><T110/><D110/><U3/><E3/><V39/><F39/><W34/><G34/><T17/><D30/><U104/><E15/><V111/><F111/><W99/><G7/><T78/><D53/><U36/><E36/><V62/><F1/><W73/><G92/><T82/><D5/><U74/><E74/><V14/><F0/><W98/><G98/><T71/><D71/><U70/><E70/><V67/><F69/><W47/><G47/><T95/><D95/><U60/><E60/><V44/><F44/><W61/><G61/><T56/><D56/><U2/><E2/><V132/><F132/><W119/><G119/><T83/><D10/><U8/><REACH who="1" step="1"/><E50/><REACH who="1" ten="61,258,352,299" step="2"/><V11/><F118/><W117/><G117/><T77/><D4/><AGARI ba="3,3" hai="4,8,13,24,26,27,46,51,52,89,91,97,103,104" machi="4" ten="40,7700,0" yaku="1,1,2,1,54,1,53,0" doraHai="75" doraHaiUra="109" who="1" fromWho="0" sc="61,-86,258,116,352,0,299,0" owari="-25,-52.5,374,47.4,352,15.2,299,-10.1" /></mjloggm>