<mjloggm ver="2.3"><GO type="169" lobby="0"/><UN n0="%32%30%31%33%36%31%32" n1="%41%6E%6B%6F%61%6E%6B%6F" n2="%54%61%6B%61%79%61%40" n3="%E5%B2%A9%E4%B8%8A%E9%80%9A%E3%82%8A" dan="18,16,16,16" rate="2216.22,2147.77,2096.77,2142.28" sx="M,F,M,M"/><TAIKYOKU oya="0"/><INIT seed="0,0,0,1,5,58" ten="250,250,250,250" oya="0" hai0="76,79,57,18,103,72,26,135,51,13,119,49,62" hai1="109,5,15,107,94,112,124,91,118,52,93,60,22" hai2="29,87,95,63,83,27,11,67,85,6,73,121,39" hai3="25,114,102,92,98,47,0,101,70,33,64,10,54"/><T28/><D119/><U61/><E107/><V31/><F121/><W1/><G114/><T105/><D135/><U134/><E118/><V111/><F111/><W132/><G132/><T80/><D79/><U128/><E134/><V2/><F39/><W36/><G102/><T44/><D103/><U48/><E109/><V30/><F95/><N who="1" m="36361" /><E112/><V97/><F97/><W75/><G75/><T9/><D105/><U106/><E106/><V81/><F27/><W125/><G10/><T38/><D38/><U19/><E128/><V77/><REACH who="2" step="1"/><F83/><REACH who="2" ten="250,250,240,250" step="2"/><W88/><G101/><T41/><D49/><U50/><E124/><V37/><F37/><W43/><G125/><T35/><REACH who="0" step="1"/><D57/><AGARI ba="0,1" hai="2,6,11,29,30,31,57,63,67,73,77,81,85,87" machi="57" ten="40,2600,0" yaku="1,1,52,1,53,0" doraHai="58" doraHaiUra="117" who="2" fromWho="0" sc="250,-26,250,0,240,36,250,0" /><INIT seed="1,0,0,4,3,65" ten="224,250,276,250" oya="1" hai0="32,104,69,31,94,51,71,78,84,115,75,82,12" hai1="128,87,76,59,96,53,66,67,54,86,36,49,70" hai2="83,134,26,74,107,114,133,109,4,111,16,80,0" hai3="9,100,132,41,63,42,48,29,101,120,24,85,98"/><U10/><E36/><V60/><F107/><W90/><G132/><N who="2" m="50793" /><F114/><W13/><G120/><T19/><D115/><U129/><E96/><V108/><F74/><W37/><G37/><T93/><D104/><U91/><E10/><N who="2" m="2311" /><F60/><W64/><G48/><T130/><D130/><N who="1" m="50283" /><E76/><V103/><F103/><W119/><G119/><T43/><D31/><U38/><E38/><V127/><F127/><W89/><G89/><T77/><D32/><U79/><E79/><V27/><F27/><W116/><G116/><T123/><D123/><U3/><E3/><V45/><F45/><W81/><G101/><T34/><D34/><U2/><E2/><V125/><F125/><W25/><G25/><T39/><D39/><U118/><E118/><V5/><F5/><W88/><G90/><T62/><D78/><U99/><E54/><V11/><F11/><W135/><G135/><T17/><D75/><U44/><E44/><V68/><F68/><W95/><G13/><T61/><D69/><U1/><E1/><V23/><AGARI ba="0,0" hai="16,23,26,80,83,108,109,111" m="2311,50793" machi="23" ten="40,5200,0" yaku="14,1,20,1,54,1" doraHai="65" who="2" fromWho="2" sc="224,-13,250,-26,276,52,250,-13" /><INIT seed="2,0,0,5,4,46" ten="211,224,328,237" oya="2" hai0="21,44,92,31,104,43,93,18,113,64,135,133,33" hai1="5,87,1,54,110,57,45,68,76,118,67,39,7" hai2="34,123,132,100,11,2,94,112,82,131,9,128,79" hai3="35,66,4,75,80,115,37,32,65,86,120,55,108"/><V26/><F123/><W111/><G37/><T103/><D113/><U12/><E118/><V97/><F112/><W61/><G75/><T74/><D74/><U69/><E110/><N who="3" m="42026" /><G115/><T41/><D104/><U89/><E1/><V78/><F132/><N who="0" m="50762" /><D41/><U95/><E76/><V84/><F78/><N who="3" m="46359" /><G120/><T49/><D64/><N who="3" m="24681" /><G4/><T56/><D103/><U23/><E67/><V85/><F85/><W107/><G107/><T83/><D83/><U10/><E5/><V14/><F2/><W81/><G81/><T122/><D122/><U42/><REACH who="1" step="1"/><E23/><REACH who="1" ten="211,214,328,237" step="2"/><V125/><F79/><W28/><G28/><T36/><D31/><U59/><E59/><AGARI ba="0,1" hai="32,35,55,59,61" m="24681,46359,42026" machi="59" ten="30,1000,0" yaku="14,1" doraHai="46" who="3" fromWho="1" sc="211,0,214,-10,328,0,237,20" /><INIT seed="3,0,0,3,1,50" ten="211,204,328,257" oya="3" hai0="41,77,131,37,6,52,92,83,105,45,129,124,106" hai1="109,61,100,47,87,28,66,98,102,26,64,104,72" hai2="34,43,78,24,79,128,30,12,42,10,75,5,123" hai3="31,70,11,38,49,121,9,48,133,132,112,60,36"/><W17/><G31/><T15/><D124/><U76/><E109/><V80/><F128/><N who="0" m="49226" /><D92/><U57/><E102/><V29/><F123/><W32/><G32/><T74/><D6/><U96/><E96/><V85/><F78/><W116/><G121/><T62/><D15/><U135/><E135/><N who="3" m="51786" /><G112/><T107/><D62/><U84/><E47/><V58/><F29/><W119/><G17/><T19/><D19/><U134/><E134/><V7/><F7/><W27/><G27/><T14/><D14/><U99/><E99/><V23/><F75/><W117/><G60/><T111/><D111/><U89/><E72/><V8/><F8/><N who="3" m="3147" /><G70/><T91/><D91/><U56/><E76/><V126/><F126/><W127/><G127/><T44/><D44/><U16/><E16/><V95/><F34/><W71/><G71/><T39/><D39/><AGARI ba="0,0" hai="36,38,39,48,49,116,117,119" m="3147,51786" machi="39" ten="40,7700,0" yaku="28,2,20,1" doraHai="50" who="3" fromWho="0" sc="211,-77,204,0,328,0,257,77" /><INIT seed="3,1,0,3,4,19" ten="134,204,328,334" oya="3" hai0="50,10,77,108,71,133,97,66,105,68,81,52,132" hai1="135,51,28,67,60,84,56,34,48,119,61,58,91" hai2="85,113,104,17,70,106,131,14,18,7,107,127,111" hai3="55,16,47,80,122,134,38,101,31,53,26,41,93"/><W35/><G134/><N who="0" m="51819" /><D66/><U130/><E135/><V49/><F113/><W57/><G122/><T110/><D97/><U83/><E130/><V4/><F111/><N who="0" m="42538" /><D105/><U75/><E119/><V92/><F131/><W78/><G101/><T23/><D10/><U9/><E9/><V116/><F18/><W62/><G93/><T30/><D81/><U8/><E75/><V20/><F70/><W2/><G2/><T94/><D94/><U42/><E42/><V114/><F116/><W96/><G96/><T69/><D77/><U100/><E100/><V74/><F74/><W27/><G55/><T45/><D30/><U103/><E103/><V46/><F127/><W95/><G95/><T0/><D23/><U125/><E125/><V88/><REACH who="2" step="1"/><F114/><REACH who="2" ten="134,204,318,334" step="2"/><W90/><G90/><T33/><D0/><U87/><E91/><V40/><AGARI ba="1,1" hai="4,7,14,17,20,40,46,49,85,88,92,104,106,107" machi="40" ten="30,8000,1" yaku="1,1,2,1,0,1,52,1,54,1,53,0" doraHai="19" doraHaiUra="117" who="2" fromWho="2" sc="134,-21,204,-21,318,93,334,-41" /><INIT seed="4,0,0,5,5,58" ten="113,183,411,293" oya="0" hai0="34,103,39,65,118,86,83,117,135,123,31,13,70" hai1="107,23,43,133,92,0,106,110,61,48,84,116,53" hai2="26,5,62,6,42,18,21,37,100,81,30,88,51" hai3="113,79,41,108,71,128,32,74,134,14,1,104,101"/><T91/><D123/><U29/><E110/><V36/><F100/><W63/><RYUUKYOKU type="yao9" ba="0,0" sc="113,0,183,0,411,0,293,0" hai3="1,14,32,41,63,71,74,79,101,104,108,113,128,134" /><INIT seed="4,1,0,4,4,135" ten="113,183,411,293" oya="0" hai0="17,79,129,93,23,6,109,52,88,2,46,35,51" hai1="72,8,95,1,57,45,60,62,84,48,118,128,97" hai2="99,0,127,54,39,38,20,94,105,92,75,133,124" hai3="47,83,73,80,66,126,125,121,14,77,16,30,7"/><T22/><D129/><U18/><E72/><V58/><F133/><W49/><G121/><T25/><D109/><U102/><E118/><V19/><F75/><W11/><G66/><T53/><D79/><U130/><E1/><V29/><F29/><W114/><G114/><T103/><D103/><U134/><E134/><V119/><F0/><W27/><G83/><T12/><D2/><U55/><E130/><V98/><F105/><W132/><G7/><T81/><D81/><U122/><E122/><V74/><F74/><W96/><G96/><T108/><D108/><U36/><E36/><V82/><F82/><W100/><G100/><T87/><D35/><U115/><E115/><V26/><F119/><W90/><G90/><T67/><D67/><U33/><E33/><V50/><F98/><W37/><G37/><T131/><D131/><U101/><E128/><V104/><F104/><W32/><REACH who="3" step="1"/><G132/><REACH who="3" ten="113,183,411,283" step="2"/><T112/><D112/><U59/><E102/><N who="2" m="60775" /><F94/><W63/><G63/><T110/><D110/><U42/><E62/><V34/><F34/><W15/><G15/><T116/><D116/><U111/><E111/><V113/><F113/><W64/><G64/><T56/><D6/><U24/><E60/><V31/><F39/><W44/><G44/><T65/><D65/><U78/><E101/><V70/><F38/><W21/><G21/><N who="0" m="13487" /><D12/><U117/><E117/><V91/><F91/><W4/><G4/><T28/><D28/><U71/><E78/><V43/><F31/><W3/><G3/><T41/><D56/><U107/><E59/><V61/><F70/><W5/><G5/><RYUUKYOKU ba="1,1" sc="113,10,183,-30,411,10,283,10" hai0="22,23,41,46,51,52,53,87,88,93" hai2="19,20,26,43,50,54,58,61,124,127" hai3="11,14,16,27,30,32,47,49,73,77,80,125,126" /><INIT seed="4,2,1,2,5,15" ten="123,153,421,293" oya="0" hai0="76,127,116,106,11,97,7,26,122,36,61,48,123" hai1="30,49,9,114,60,52,85,91,93,66,103,12,23" hai2="71,133,89,38,20,87,134,32,63,80,75,34,99" hai3="111,69,27,126,14,19,4,81,124,21,98,119,94"/><T74/><D116/><U95/><E114/><V57/><F38/><W0/><G69/><T54/><D127/><N who="3" m="48681" /><G119/><T18/><D36/><U129/><E129/><V53/><F75/><W47/><G81/><T108/><D61/><U96/><E30/><V68/><F68/><W88/><G111/><T102/><D108/><U25/><E25/><V35/><F71/><W118/><G118/><T56/><D76/><U105/><E23/><V28/><F99/><W90/><G47/><T62/><D74/><U101/><E60/><V128/><F128/><W44/><G44/><T120/><D62/><U3/><E3/><V115/><F115/><W130/><G0/><T22/><REACH who="0" step="1"/><D122/><REACH who="0" ten="113,153,421,293" step="2"/><U6/><E66/><V46/><F63/><W59/><G130/><T67/><D67/><U72/><E72/><V45/><F53/><W51/><G51/><T40/><D40/><U64/><E64/><V58/><F134/><W92/><G59/><T43/><D43/><U132/><E132/><V78/><F133/><W1/><G1/><AGARI ba="2,2" hai="1,7,11,18,22,26,48,54,56,97,102,106,120,123" machi="1" ten="30,5800,0" yaku="1,1,7,1,52,1,53,0" doraHai="15" doraHaiUra="77" who="0" fromWho="3" sc="113,84,153,0,421,0,293,-64" /><INIT seed="4,3,0,2,3,109" ten="197,153,421,229" oya="0" hai0="16,18,41,39,128,106,14,90,100,99,22,48,101" hai1="115,110,108,6,62,50,71,103,11,47,78,126,64" hai2="92,0,131,31,114,58,91,74,42,43,25,118,68" hai3="63,94,121,119,104,17,130,56,66,98,96,85,87"/><T19/><D128/><U40/><E126/><V9/><F68/><W12/><G119/><T124/><D124/><U67/><E67/><V34/><F131/><W76/><G130/><T69/><D39/><U60/><E60/><V79/><F118/><W59/><G121/><T33/><D33/><U97/><E78/><V88/><F91/><W133/><G133/><T30/><D69/><U24/><E24/><V134/><F134/><W113/><G113/><T82/><D30/><U49/><E49/><V120/><F114/><W51/><G104/><T38/><D38/><U105/><REACH who="1" step="1"/><E115/><REACH who="1" ten="197,143,421,229" step="2"/><V26/><F26/><W93/><G76/><T72/><D48/><U54/><E54/><V10/><F79/><W123/><G123/><T135/><D135/><U52/><E52/><V102/><F120/><W1/><G51/><T45/><D41/><U107/><E107/><V5/><F42/><W13/><G63/><T125/><D125/><U73/><E73/><V111/><F74/><W86/><G66/><T77/><D106/><U3/><AGARI ba="3,1" hai="3,6,11,40,47,50,62,64,71,97,103,105,108,110" machi="3" ten="20,2700,0" yaku="1,1,0,1,7,1,53,0" doraHai="109" doraHaiUra="132" who="1" fromWho="1" sc="197,-16,143,46,421,-10,229,-10" /><INIT seed="5,0,0,0,2,57" ten="181,189,411,219" oya="1" hai0="47,13,127,46,75,81,3,9,71,63,7,102,111" hai1="30,79,83,12,62,125,133,90,100,112,99,24,66" hai2="69,25,14,80,55,36,91,84,104,28,121,74,126" hai3="93,50,33,21,41,135,61,54,82,116,110,109,97"/><U35/><E112/><V77/><F121/><W26/><G33/><T56/><D111/><U58/><E133/><V88/><F36/><W68/><G135/><T87/><D127/><U92/><E125/><V15/><F126/><W117/><G82/><T119/><D119/><N who="3" m="45641" /><G41/><T86/><D71/><U129/><E129/><V78/><F78/><W49/><G21/><T115/><D115/><U96/><E12/><V38/><F38/><W72/><G72/><T76/><D102/><U45/><E45/><V18/><F104/><W94/><G26/><T59/><D59/><U65/><E65/><V89/><F69/><W17/><G17/><T44/><REACH who="0" step="1"/><D3/><REACH who="0" ten="171,189,411,219" step="2"/><U95/><E79/><V114/><F114/><W5/><G68/><T118/><D118/><U6/><REACH who="1" step="1"/><E83/><REACH who="1" ten="171,179,411,219" step="2"/><V130/><F77/><W8/><G110/><T32/><D32/><U20/><E20/><V60/><F130/><W10/><G109/><T19/><D19/><U105/><E105/><V43/><F18/><W48/><G5/><AGARI ba="0,2" hai="5,6,24,30,35,58,62,66,90,92,95,96,99,100" machi="5" ten="40,3900,0" yaku="1,1,52,1,53,0" doraHai="57" doraHaiUra="70" who="1" fromWho="3" sc="171,0,179,59,411,0,219,-39" /><INIT seed="5,1,0,3,3,117" ten="171,238,411,180" oya="1" hai0="130,1,73,126,0,71,68,4,15,48,27,61,125" hai1="121,120,22,110,28,12,102,46,78,133,33,113,57" hai2="6,17,85,30,65,9,10,11,122,49,38,16,42" hai3="43,5,89,8,19,45,67,56,60,105,25,35,84"/><U111/><E113/><V124/><F38/><W86/><G105/><T36/><D36/><U20/><E133/><V29/><F65/><W55/><G35/><T2/><D73/><U90/><E102/><V72/><F72/><W109/><G109/><N who="1" m="41482" /><E78/><V123/><F85/><W93/><G67/><T79/><D79/><U53/><E46/><V106/><F106/><W134/><G134/><T66/><D130/><U24/><E90/><V108/><F49/><N who="3" m="26815" /><G5/><T99/><D48/><N who="1" m="30887" /><E12/><N who="2" m="5175" /><F42/><W96/><G8/><N who="2" m="3113" /><F108/><W81/><G81/><T100/><D15/><U58/><E58/><V74/><F124/><N who="0" m="47722" /><D27/><U114/><E114/><V13/><F74/><W115/><G115/><T37/><D4/><U14/><E14/><V116/><F116/><W91/><G91/><T21/><D37/><U112/><E112/><V80/><F80/><W98/><G98/><T135/><D135/><U64/><E64/><V40/><F40/><W103/><G103/><T127/><N who="0" m="47730" /><T119/><DORA hai="87" /><D119/><U82/><E82/><V62/><F62/><W94/><G94/><N who="0" m="58487" /><D21/><AGARI ba="1,0" hai="20,21,22,24,28,33,120,121" m="30887,41482" machi="21" ten="30,5800,0" yaku="10,1,52,2" doraHai="117,87" who="1" fromWho="0" sc="171,-61,238,61,411,0,180,0" /><AGARI ba="1,0" hai="19,21,25,55,56,60,84,86,89,93,96" m="26815" machi="21" ten="30,3900,0" yaku="25,1,8,1,52,1" doraHai="117,87" who="3" fromWho="0" sc="110,-39,299,0,411,0,180,39" /><INIT seed="5,2,0,0,5,108" ten="71,299,411,219" oya="1" hai0="112,44,92,40,128,78,30,73,103,64,4,14,69" hai1="126,82,100,104,85,119,36,41,105,99,124,0,135" hai2="5,118,50,17,120,87,1,109,21,13,43,67,132" hai3="110,81,15,107,79,91,29,88,131,122,9,52,60"/><U22/><E0/><V26/><F109/><W71/><G122/><T72/><D30/><U89/><E36/><V34/><F120/><W10/><G131/><T39/><D128/><U31/><E41/><V127/><F118/><W2/><G107/><N who="1" m="41034" /><E22/><V24/><F67/><W53/><G29/><T28/><D92/><N who="1" m="58471" /><E31/><N who="2" m="19815" /><F87/><W117/><G117/><T65/><D103/><U57/><E57/><V56/><F56/><W63/><G2/><T125/><D65/><U116/><E135/><V25/><F50/><W129/><G129/><T55/><D14/><U16/><E16/><N who="2" m="10383" /><F43/><W123/><G123/><T94/><D64/><U84/><E85/><V130/><F130/><W49/><G49/><T37/><D39/><U11/><E11/><N who="2" m="2479" /><F132/><W74/><G110/><T95/><D37/><U90/><E90/><V101/><F101/><W96/><G71/><T3/><D69/><U27/><E116/><V42/><F42/><W111/><G111/><T33/><D40/><U48/><E48/><V8/><F8/><W58/><G91/><T115/><D44/><U83/><E119/><V54/><F54/><N who="3" m="33879" /><G10/><N who="0" m="2335" /><D55/><U7/><E83/><V113/><F26/><W86/><G63/><T133/><D133/><U75/><E27/><V45/><F45/><W97/><G74/><N who="0" m="28779" /><D78/><U80/><E75/><V47/><F47/><W66/><G66/><T93/><D125/><N who="1" m="48235" /><E80/><V51/><F51/><W76/><G53/><T46/><D46/><U114/><E7/><V70/><F70/><W12/><G52/><T134/><D134/><U68/><E68/><V106/><F127/><W98/><G9/><T18/><D18/><RYUUKYOKU ba="2,0" sc="71,10,299,10,411,-30,219,10" hai0="28,33,93,94,95,112,115" hai1="82,84,89,114" hai3="12,15,76,79,81,86,88,96,97,98" /><INIT seed="5,3,0,3,0,83" ten="81,309,381,229" oya="1" hai0="25,76,85,21,11,58,106,102,26,62,131,35,14" hai1="20,100,56,40,12,3,72,54,46,42,19,77,126" hai2="132,60,68,127,119,96,107,130,16,94,6,114,82" hai3="108,32,70,69,86,24,117,63,91,29,9,128,129"/><U10/><E126/><V30/><F119/><W22/><G108/><T104/><D131/><N who="3" m="50249" /><G117/><T78/><D35/><U47/><E100/><V66/><F130/><W55/><G9/><T67/><D26/><U1/><E72/><V15/><F127/><W4/><G4/><T45/><D102/><U57/><E77/><V52/><F132/><W8/><G8/><T65/><D65/><U2/><E10/><V73/><F30/><W5/><G5/><T113/><D113/><U50/><REACH who="1" step="1"/><E54/><REACH who="1" ten="81,299,381,229" step="2"/><V84/><F73/><W39/><G55/><T116/><D116/><U41/><E41/><V75/><F75/><W7/><G7/><T33/><D78/><U31/><E31/><V92/><F6/><W27/><G29/><T124/><D124/><U121/><E121/><V135/><F114/><W53/><G91/><T80/><D11/><U133/><E133/><V38/><F135/><W28/><G53/><T13/><D33/><U90/><E90/><V111/><F52/><W88/><G32/><T23/><D23/><U43/><E43/><V64/><F111/><W97/><G28/><T36/><D106/><U49/><AGARI ba="3,1" hai="1,2,3,12,19,20,40,42,46,47,49,50,56,57" machi="49" ten="30,12000,1" yaku="1,1,0,1,9,1,53,2" doraHai="83" doraHaiUra="37" who="1" fromWho="1" sc="81,-43,299,139,381,-43,229,-43" /><INIT seed="5,4,0,1,0,129" ten="38,438,338,186" oya="1" hai0="35,77,123,70,114,95,59,19,40,71,73,24,108" hai1="56,126,134,26,62,88,30,87,2,104,76,3,85" hai2="97,32,119,44,14,101,50,89,124,68,118,113,54" hai3="53,109,0,28,106,36,6,57,130,93,4,116,46"/><U18/><E126/><V79/><F124/><W29/><G106/><T99/><D108/><U34/><E104/><V98/><F32/><W22/><G109/><T51/><D114/><U80/><E134/><V8/><F68/><W65/><G130/><T38/><D38/><U63/><E18/><V100/><F79/><W122/><G122/><T132/><D123/><U64/><REACH who="1" step="1"/><E62/><REACH who="1" ten="38,428,338,186" step="2"/><V84/><F113/><W135/><G135/><T11/><D132/><U69/><E69/><V58/><F119/><W43/><G116/><T13/><D71/><U67/><E67/><V81/><F118/><W102/><G65/><T37/><D70/><U112/><E112/><V103/><F58/><W27/><G29/><T10/><D59/><U96/><E96/><V66/><F66/><W78/><G28/><T94/><D99/><U115/><E115/><V17/><AGARI ba="4,1" hai="8,14,17,44,50,54,81,84,89,97,98,100,101,103" machi="17" ten="30,7900,0" yaku="0,1,25,2,8,1" doraHai="129" who="2" fromWho="2" sc="38,-24,428,-43,338,101,186,-24" /><INIT seed="6,0,0,2,3,63" ten="14,385,439,162" oya="2" hai0="122,3,129,21,88,74,24,20,33,133,78,52,55" hai1="14,109,83,36,130,110,38,132,105,37,126,100,15" hai2="47,112,62,28,54,85,42,121,64,39,116,68,7" hai3="80,0,51,79,8,120,102,134,107,111,45,17,56"/><V43/><F121/><W115/><G111/><T31/><D122/><U22/><E132/><V71/><F116/><W135/><G120/><T96/><D133/><U65/><E130/><V76/><F28/><W127/><G127/><T131/><D3/><U19/><E126/><V69/><F7/><W125/><G125/><T119/><D119/><U97/><E83/><V35/><F35/><W44/><G102/><T49/><D55/><U58/><REACH who="1" step="1"/><E14/><REACH who="1" ten="14,375,439,162" step="2"/><V72/><F112/><W46/><G80/><T2/><D2/><U9/><E9/><V101/><F72/><W124/><G8/><T29/><D74/><U104/><E104/><V89/><F76/><W93/><G107/><T91/><D78/><U32/><E32/><V50/><F101/><W30/><G0/><T41/><D41/><U27/><E27/><V66/><F43/><W90/><G115/><T70/><D70/><U99/><E99/><V94/><F66/><W87/><G124/><T10/><D10/><U108/><E108/><V82/><REACH who="2" step="1"/><F82/><REACH who="2" ten="14,375,429,162" step="2"/><W40/><G135/><T23/><D31/><U92/><E92/><V75/><F75/><W53/><G30/><T59/><REACH who="0" step="1"/><D96/><REACH who="0" ten="4,375,429,162" step="2"/><U18/><E18/><V13/><F13/><W25/><G134/><T73/><D73/><U123/><E123/><V26/><F26/><W95/><G79/><T117/><D117/><U57/><E57/><AGARI ba="0,3" hai="39,42,47,50,54,57,62,64,68,69,71,85,89,94" machi="57" ten="30,18000,2" yaku="1,1,7,1,24,2,52,1,53,1" doraHai="63" doraHaiUra="60" who="2" fromWho="1" sc="4,0,375,-180,429,210,162,0" /><INIT seed="6,1,0,0,3,25" ten="4,195,639,162" oya="2" hai0="23,97,106,105,3,57,110,99,21,86,7,114,111" hai1="27,32,125,30,70,16,65,98,74,35,24,78,79" hai2="73,5,85,121,13,56,115,44,83,8,129,81,20" hai3="132,6,10,112,122,63,72,88,62,47,4,51,130"/><V17/><F121/><W82/><G122/><T95/><D3/><U37/><E37/><V15/><F115/><W55/><G130/><T66/><D7/><U76/><E125/><V116/><F116/><W58/><G132/><T14/><D14/><U11/><E74/><V39/><F129/><W102/><G112/><T31/><D114/><U103/><E11/><V75/><F83/><W117/><G102/><T52/><D66/><U108/><E108/><V59/><F59/><W9/><G117/><T101/><D86/><U2/><E2/><V134/><F134/><W123/><G72/><T113/><D113/><U128/><E128/><V28/><F56/><W69/><G69/><T92/><D57/><U104/><E32/><V93/><F93/><W68/><G68/><T118/><D118/><U46/><E46/><V96/><F96/><W100/><G100/><T107/><D107/><U89/><E89/><V120/><F120/><W71/><G71/><T80/><D101/><U53/><E53/><V91/><F28/><W67/><G63/><T60/><D80/><U45/><E45/><V127/><F127/><W90/><G123/><T22/><D22/><N who="1" m="13383" /><E79/><V43/><AGARI ba="1,0" hai="5,8,13,15,17,20,39,43,44,73,75,81,85,91" machi="43" ten="30,1500,0" yaku="0,1" doraHai="25" who="2" fromWho="2" sc="4,-6,195,-6,639,18,162,-6" owari="-2,-50.2,189,-1.1,657,75.7,156,-24.4" /></mjloggm>