<mjloggm ver="2.3"><GO type="225" lobby="0"/><UN n0="%E9%A6%AC%E5%BC%95%E7%81%AB%33" n1="%E3%81%BF%E3%81%BF%E3%81%9A" n2="%2D%E8%B1%8A%E5%8F%A3%E3%82%81%E3%81%90%E3%81%BF%2D" n3="%4B%2E%32%2E%4B%2E" dan="16,17,17,17" rate="2148.31,2241.14,2144.50,2176.37" sx="M,M,F,M"/><TAIKYOKU oya="0"/><INIT seed="0,0,0,2,0,43" ten="250,250,250,250" oya="0" hai0="82,50,65,40,25,67,75,91,78,66,85,13,118" hai1="134,34,108,119,107,94,27,29,112,77,128,57,124" hai2="74,5,1,41,106,63,12,115,90,59,123,87,104" hai3="19,131,21,130,80,37,61,16,6,56,0,116,4"/><T105/><D118/><U122/><RYUUKYOKU type="yao9" ba="0,0" sc="250,0,250,0,250,0,250,0" hai1="27,29,34,57,77,94,107,108,112,119,122,124,128,134" /><INIT seed="0,1,0,5,4,63" ten="250,250,250,250" oya="0" hai0="36,110,41,103,18,54,61,92,117,123,131,29,58" hai1="101,4,127,52,80,19,121,12,37,50,66,90,119" hai2="68,60,25,82,31,129,20,48,40,55,108,34,99" hai3="57,81,118,128,109,38,56,132,85,98,120,86,113"/><T72/><D117/><U70/><E119/><V79/><F108/><W105/><G38/><T112/><D112/><U134/><E37/><V23/><F129/><W111/><G118/><T44/><D123/><U124/><E121/><V8/><F8/><W102/><G120/><T106/><D131/><U125/><E134/><V7/><F7/><W96/><G128/><T115/><D115/><U88/><E4/><V28/><F28/><W75/><G113/><T14/><D72/><U45/><E101/><V91/><F40/><W78/><G132/><T76/><D76/><U11/><E80/><V116/><F116/><W26/><G26/><T16/><D106/><U74/><E74/><V89/><F89/><W122/><G122/><T65/><D29/><U22/><E11/><V32/><F32/><W46/><G46/><T27/><D27/><U130/><E130/><V126/><F126/><W94/><G56/><T15/><D54/><U67/><E70/><V100/><F91/><AGARI ba="1,0" hai="12,19,22,45,50,52,66,67,88,90,91,124,125,127" machi="91" ten="40,8000,1" yaku="18,1,52,2,54,2" doraHai="63" who="1" fromWho="2" sc="250,0,250,83,250,-83,250,0" /><INIT seed="1,0,0,4,5,51" ten="250,333,167,250" oya="1" hai0="80,17,3,107,30,104,116,54,67,111,113,62,128" hai1="33,96,71,125,82,39,135,5,50,118,88,119,60" hai2="27,75,77,101,7,90,97,58,8,32,85,83,120" hai3="131,122,72,11,48,94,41,63,14,53,117,109,70"/><U29/><E39/><V84/><F120/><W36/><G122/><T132/><D113/><U93/><E125/><V4/><F32/><W24/><G72/><T95/><D116/><U98/><E135/><V87/><F27/><W13/><G117/><T68/><D132/><U64/><E5/><V22/><F22/><W1/><G109/><T6/><D111/><U0/><E0/><V31/><F31/><W81/><G131/><T2/><D128/><U20/><E82/><V56/><F7/><W28/><G81/><T73/><D30/><U43/><E20/><V123/><F123/><W23/><G1/><T66/><D66/><U10/><E10/><V100/><F90/><W133/><G133/><T21/><D95/><U78/><E78/><V129/><F129/><W25/><G41/><T40/><D40/><U126/><E126/><V9/><F9/><W46/><G36/><T121/><D121/><U12/><E12/><V35/><F35/><W105/><G105/><T115/><D115/><U59/><E98/><V42/><F42/><W127/><G127/><T74/><D74/><U124/><E124/><V79/><F79/><W92/><G25/><T99/><D99/><U103/><E103/><V34/><F34/><W57/><G70/><T86/><D73/><U61/><E33/><V76/><F76/><W26/><G24/><N who="0" m="14383" /><D3/><U47/><REACH who="1" step="1"/><E29/><REACH who="1" ten="250,323,167,250" step="2"/><V91/><F101/><W112/><G112/><T89/><D2/><U55/><AGARI ba="0,1" hai="43,47,50,55,59,60,61,64,71,88,93,96,118,119" machi="55" ten="20,18000,2" yaku="1,1,2,1,0,1,7,1,52,1,54,1,53,1" doraHai="51" doraHaiUra="37" who="1" fromWho="1" sc="250,-60,323,190,167,-60,250,-60" /><INIT seed="1,1,0,1,0,130" ten="190,513,107,190" oya="1" hai0="113,69,53,119,42,107,27,121,132,0,73,3,51" hai1="79,84,20,50,114,5,59,56,117,29,49,14,34" hai2="102,93,87,35,127,39,10,30,133,76,81,13,106" hai3="122,131,135,54,16,111,12,105,57,18,70,4,85"/><U95/><E114/><V58/><F39/><W112/><G122/><T9/><D113/><U100/><E117/><V67/><F127/><W92/><G112/><T134/><D119/><U115/><E115/><V36/><F36/><W96/><G70/><T104/><D121/><U47/><E34/><V68/><F68/><W118/><G118/><T38/><D73/><U61/><E29/><V2/><F2/><N who="0" m="554" /><D9/><U90/><E100/><V108/><F108/><W6/><G105/><T22/><D42/><U82/><E49/><V1/><F1/><W94/><G85/><T128/><D69/><U125/><E125/><V97/><F35/><W19/><G131/><T77/><D77/><U31/><E61/><V124/><F124/><W15/><G111/><T126/><D38/><U40/><E31/><V120/><F120/><W46/><G46/><T89/><D89/><U62/><E62/><N who="2" m="38359" /><F30/><W44/><G44/><N who="0" m="27879" /><D126/><U41/><E41/><V52/><F106/><W26/><G19/><N who="0" m="12767" /><D128/><U65/><E65/><V91/><F52/><W21/><G54/><T63/><D63/><U33/><E33/><V48/><F48/><W123/><G123/><T28/><D28/><U129/><E129/><V32/><F32/><W109/><G109/><T86/><D86/><U37/><E37/><V116/><F116/><W80/><G57/><T11/><D11/><U7/><E7/><N who="2" m="3295" /><F102/><W23/><G26/><T64/><D64/><U101/><E101/><V74/><F74/><W66/><G66/><T103/><D103/><U110/><E40/><V24/><F24/><W71/><G71/><T60/><D60/><RYUUKYOKU ba="1,0" sc="190,15,513,-15,107,15,190,-15" hai0="104,107,132,134" hai2="76,81,87,91,93,97,133" /><INIT seed="2,2,0,2,1,124" ten="205,498,122,175" oya="2" hai0="131,110,90,125,18,112,76,72,57,63,51,75,114" hai1="8,56,71,127,49,26,123,133,36,66,121,87,52" hai2="58,67,5,30,3,88,68,79,64,46,22,109,73" hai3="129,92,39,19,94,69,83,42,27,2,47,25,91"/><V54/><F109/><W104/><G69/><T7/><D125/><U115/><E127/><V40/><F73/><W122/><G104/><T93/><D7/><U21/><E8/><V116/><F116/><W50/><G122/><N who="1" m="46602" /><E133/><V6/><F79/><W59/><G2/><T70/><D63/><N who="1" m="40415" /><E115/><V86/><F3/><W16/><G129/><T0/><D93/><U77/><E36/><V62/><F30/><W119/><G119/><T44/><D44/><U118/><E118/><V85/><F22/><W1/><G1/><T65/><D90/><U132/><E132/><V78/><F78/><W9/><G83/><T105/><D18/><N who="1" m="12599" /><E77/><V12/><F12/><W43/><G94/><T23/><D110/><U24/><E87/><V97/><F97/><W117/><G117/><T20/><D105/><U13/><E13/><V41/><F86/><W130/><G130/><T33/><D33/><U74/><E24/><V55/><F67/><W101/><G101/><T113/><D113/><U99/><E99/><V111/><F111/><W102/><G102/><T14/><D65/><U53/><E53/><N who="2" m="19979" /><F68/><W103/><G103/><T80/><D75/><AGARI ba="2,0" hai="49,52,56,74,75" m="12599,40415,46602" machi="75" ten="30,2000,0" yaku="13,1,54,1" doraHai="124" who="1" fromWho="0" sc="205,-26,498,26,122,0,175,0" /><INIT seed="3,0,0,0,4,0" ten="179,524,122,175" oya="3" hai0="80,133,77,117,31,99,103,123,130,36,122,47,10" hai1="49,54,112,51,108,95,97,109,105,127,76,94,11" hai2="34,25,55,85,124,45,42,48,52,90,15,43,7" hai3="86,5,121,116,68,33,40,73,88,63,66,2,134"/><W129/><G116/><T128/><D133/><U72/><E112/><V17/><F124/><W75/><G121/><T91/><D91/><U120/><E120/><V53/><F42/><W118/><G118/><T19/><D117/><U20/><E127/><V32/><F25/><W81/><G33/><T16/><D31/><U26/><E105/><V8/><REACH who="2" step="1"/><F17/><REACH who="2" ten="179,524,112,175" step="2"/><W131/><G134/><T119/><D16/><U102/><E95/><AGARI ba="0,1" hai="7,8,15,32,34,43,45,48,52,53,55,85,90,95" machi="95" ten="40,8000,1" yaku="1,1,2,1,52,1,54,1,53,0" doraHai="0" doraHaiUra="114" who="2" fromWho="1" sc="179,0,524,-80,112,90,175,0" owari="179,-22.1,444,54.4,202,0.2,175,-32.5" /></mjloggm>