<mjloggm ver="2.3"><GO type="169" lobby="0"/><UN n0="%E3%82%A2%E3%83%B3%E3%81%95%E3%82%93" n1="%42%65%6E%63%68%69%6E%67" n2="%E5%8D%83%E5%B9%B4%E5%B0%8F%E5%A6%96" n3="%50%44%47%4F%4E" dan="18,16,16,16" rate="2213.59,2092.57,2092.90,2091.73" sx="M,M,M,M"/><TAIKYOKU oya="0"/><INIT seed="0,0,0,0,0,129" ten="250,250,250,250" oya="0" hai0="71,118,112,84,125,68,53,24,93,70,109,107,117" hai1="98,1,79,31,12,19,9,124,64,5,81,33,46" hai2="134,73,115,54,78,120,26,128,28,62,133,119,20" hai3="89,63,41,105,50,132,59,95,51,110,32,56,111"/><T34/><D112/><U6/><E124/><V21/><F115/><W14/><G105/><T13/><D125/><U66/><E98/><V36/><F120/><W40/><G32/><T10/><D107/><U55/><E6/><V94/><F36/><W100/><G100/><T2/><D2/><U22/><E55/><V16/><F128/><W116/><G14/><T23/><D34/><U61/><E46/><V47/><F119/><W27/><G27/><T69/><N who="0" m="17408" /><DORA hai="8" /><T67/><D67/><U130/><E130/><V113/><F113/><W25/><G25/><T101/><D53/><U75/><REACH who="1" step="1"/><E61/><REACH who="1" ten="250,240,250,250" step="2"/><V121/><F121/><W103/><G63/><T57/><D117/><U7/><E7/><V3/><F3/><W90/><G116/><T74/><D118/><U52/><E52/><V92/><F62/><W65/><G41/><T91/><D109/><U44/><E44/><V114/><F54/><W77/><G40/><T102/><D57/><U86/><E86/><V106/><F47/><W72/><G59/><T29/><REACH who="0" step="1"/><D74/><REACH who="0" ten="240,240,250,250" step="2"/><U39/><E39/><V60/><F114/><W43/><G56/><T104/><D104/><U17/><E17/><AGARI ba="0,2" hai="10,13,17,23,24,29,84,91,93,101,102" m="17408" machi="17" ten="70,6800,0" yaku="1,1,52,1,53,0" doraHai="129,8" doraHaiUra="108,122" who="0" fromWho="1" sc="240,88,240,-68,250,0,250,0" /><INIT seed="0,1,0,1,0,30" ten="328,172,250,250" oya="0" hai0="121,60,125,26,104,109,95,132,119,79,102,57,47" hai1="38,96,129,31,5,13,4,78,101,15,117,23,127" hai2="36,114,126,10,20,58,75,52,103,59,66,100,112" hai3="70,39,12,98,8,14,83,97,21,120,108,92,81"/><T3/><D119/><U64/><E117/><V93/><F75/><W80/><G39/><T135/><D121/><U0/><E38/><V22/><F36/><W45/><G70/><T29/><D104/><U24/><E127/><V56/><F126/><W42/><G108/><T40/><D125/><U35/><E129/><V6/><F66/><W2/><G120/><T53/><D3/><U71/><E78/><V86/><F112/><W1/><G21/><T34/><D79/><U55/><E55/><V54/><F114/><W106/><G106/><T91/><D102/><U46/><E46/><V134/><F134/><W72/><G72/><T65/><D65/><U27/><E0/><V51/><F103/><W76/><G14/><T19/><D19/><U69/><E13/><N who="2" m="5335" /><F86/><W90/><G98/><T87/><REACH who="0" step="1"/><D109/><REACH who="0" ten="318,172,250,250" step="2"/><U107/><E64/><V48/><F59/><W73/><G2/><T123/><D123/><U84/><E69/><V50/><F58/><W62/><G1/><T63/><D63/><U111/><E71/><V130/><F56/><W110/><G62/><T77/><D77/><U49/><E111/><V61/><F61/><W88/><G110/><T99/><D99/><U32/><E107/><V33/><F100/><W122/><G122/><T74/><D74/><U116/><E116/><V68/><F68/><W11/><G73/><T118/><D118/><U18/><E101/><V94/><F130/><W28/><G97/><T67/><D67/><U105/><E105/><V44/><F54/><W124/><G124/><T9/><D9/><U82/><E96/><V131/><F131/><RYUUKYOKU ba="1,1" sc="318,30,172,-10,250,-10,250,-10" hai0="26,29,34,40,47,53,57,60,87,91,95,132,135" /><INIT seed="0,2,1,3,2,72" ten="348,162,240,240" oya="0" hai0="13,84,35,119,34,58,31,24,131,29,120,0,68" hai1="41,127,12,3,85,98,88,25,66,36,102,37,23" hai2="129,83,73,122,113,103,108,71,112,59,48,125,101" hai3="11,32,78,19,51,117,9,97,7,33,39,128,86"/><T47/><D120/><U130/><E3/><V132/><F71/><W116/><G39/><T49/><D68/><U74/><E127/><V55/><F122/><W61/><G61/><T40/><D119/><U123/><E123/><V43/><F125/><W44/><G128/><T110/><D0/><U38/><E74/><V26/><F129/><W100/><G19/><T5/><D131/><U118/><E118/><V105/><F108/><W64/><G64/><T75/><D75/><U30/><E130/><V92/><F105/><W104/><G11/><T50/><D110/><U79/><E66/><V4/><F132/><W17/><G17/><T121/><D121/><U27/><E12/><V77/><F4/><W70/><G70/><T63/><D49/><U52/><E25/><V91/><F43/><W62/><G62/><T28/><D34/><U1/><E1/><V45/><F45/><W20/><G20/><T81/><D13/><U95/><E52/><V114/><REACH who="2" step="1"/><F26/><REACH who="2" ten="348,162,230,240" step="2"/><W106/><G106/><T22/><D5/><U93/><REACH who="1" step="1"/><E79/><REACH who="1" ten="348,152,230,240" step="2"/><V21/><F21/><W115/><G117/><T134/><D35/><U124/><E124/><V56/><F56/><W15/><G116/><T126/><D126/><U82/><E82/><V107/><F107/><W6/><G33/><T133/><D134/><U67/><E67/><V46/><F46/><AGARI ba="2,3" hai="23,27,30,36,37,38,41,46,85,88,93,95,98,102" machi="46" ten="40,5200,0" yaku="1,1,54,1,53,1" doraHai="72" doraHaiUra="80" who="1" fromWho="2" sc="348,0,152,88,230,-58,240,0" /><INIT seed="1,0,0,1,3,127" ten="348,240,172,240" oya="1" hai0="90,5,22,102,48,110,128,28,84,91,98,47,69" hai1="23,103,112,51,56,79,21,58,96,0,16,108,19" hai2="83,44,27,104,86,13,109,121,113,135,50,55,131" hai3="132,68,3,76,41,75,122,7,45,106,10,87,123"/><U116/><E116/><V35/><F121/><W81/><G132/><T11/><D110/><U34/><E112/><V60/><F104/><W24/><G87/><T97/><D69/><U31/><E0/><V30/><F109/><W77/><G77/><T129/><D22/><U26/><E108/><V6/><F135/><W94/><G94/><T111/><D28/><U4/><E4/><V29/><F113/><W71/><G24/><T80/><D111/><U25/><E79/><V95/><F29/><W66/><G106/><T72/><D91/><U119/><E119/><V93/><F60/><N who="3" m="40007" /><G71/><T134/><D134/><U125/><E125/><V130/><F93/><W124/><G124/><T107/><D72/><U40/><E40/><V73/><F95/><W12/><G12/><T49/><D49/><U57/><E51/><V17/><F6/><W8/><G8/><T32/><D32/><U82/><E82/><V20/><REACH who="2" step="1"/><F73/><REACH who="2" ten="348,240,162,240" step="2"/><W52/><G123/><T65/><D107/><U63/><E31/><V36/><F36/><N who="3" m="21671" /><G122/><T114/><D114/><U70/><E34/><V1/><F1/><W126/><G126/><T39/><D102/><U100/><REACH who="1" step="1"/><E96/><REACH who="1" ten="348,230,162,240" step="2"/><V115/><F115/><W64/><G3/><N who="0" m="447" /><D39/><U43/><E43/><V54/><F54/><W74/><G52/><N who="0" m="29727" /><D65/><AGARI ba="0,2" hai="16,19,21,23,25,26,56,57,58,63,65,70,100,103" machi="65" ten="40,12000,1" yaku="1,1,9,1,54,1,53,2" doraHai="127" doraHaiUra="14" who="1" fromWho="0" sc="348,-120,230,140,162,0,240,0" /><INIT seed="1,1,0,1,0,29" ten="228,370,162,240" oya="1" hai0="51,2,34,86,72,65,58,75,91,0,32,106,41" hai1="88,74,43,3,115,68,18,9,100,16,30,49,105" hai2="123,45,20,69,76,52,40,104,42,55,121,4,70" hai3="48,56,130,124,96,57,21,38,83,110,59,37,77"/><U109/><E115/><V95/><F104/><W97/><G110/><T24/><D106/><U79/><E68/><V23/><F4/><W66/><G130/><T128/><D128/><U64/><E64/><V94/><F45/><W119/><G124/><T61/><D24/><U122/><E122/><V63/><F63/><W5/><G119/><T102/><D102/><U135/><E135/><V12/><F12/><W98/><G66/><T54/><D41/><U26/><E109/><V126/><REACH who="2" step="1"/><F76/><REACH who="2" ten="228,370,152,240" step="2"/><W50/><G5/><T35/><D0/><U85/><E105/><V11/><F11/><W132/><G132/><T13/><D2/><U36/><E79/><V14/><F14/><W129/><G129/><T10/><D13/><U112/><E9/><V39/><F39/><W44/><G38/><T46/><REACH who="0" step="1"/><D10/><REACH who="0" ten="218,370,152,240" step="2"/><U7/><E3/><V127/><AGARI ba="1,2" hai="20,23,40,42,52,55,69,70,94,95,121,123,126,127" machi="127" ten="25,12000,2" yaku="1,1,0,1,22,2,54,1,53,2" doraHai="29" doraHaiUra="134" who="2" fromWho="2" sc="218,-31,370,-61,152,143,240,-31" /><INIT seed="2,0,0,5,0,46" ten="187,309,295,209" oya="2" hai0="73,83,129,76,67,121,69,134,13,40,78,53,102" hai1="127,66,93,130,100,23,42,38,63,96,59,82,4" hai2="123,25,91,61,48,95,79,119,34,94,77,18,20" hai3="16,124,44,62,101,26,49,36,10,58,65,8,72"/><V52/><F119/><W22/><G124/><T89/><D121/><U9/><E127/><V109/><F123/><W0/><G72/><T111/><D129/><U54/><E130/><V56/><F34/><W51/><G101/><T33/><D111/><U98/><E42/><V126/><F126/><W116/><G116/><T106/><D134/><U85/><E38/><V122/><F122/><W103/><G103/><T71/><D33/><U68/><E23/><V39/><F39/><W80/><G80/><T92/><D76/><N who="2" m="29258" /><F109/><W37/><G51/><T12/><D40/><U55/><E96/><N who="2" m="57439" /><F95/><W104/><G104/><T30/><D30/><U86/><E82/><V113/><F113/><W107/><G107/><T57/><D67/><U14/><E54/><V131/><F131/><W132/><G132/><T115/><D115/><U135/><REACH who="1" step="1"/><E135/><REACH who="1" ten="187,299,295,209" step="2"/><V50/><AGARI ba="0,1" hai="18,20,25,48,50,52,56,61" m="57439,29258" machi="50" ten="30,12000,1" yaku="25,1,8,1,52,2,54,1" doraHai="46" who="2" fromWho="2" sc="187,-40,299,-40,295,130,209,-40" /><INIT seed="2,1,0,1,5,84" ten="147,259,425,169" oya="2" hai0="108,40,133,9,128,61,100,105,53,65,110,68,94" hai1="43,90,79,17,99,31,96,50,115,111,16,13,69" hai2="64,103,28,35,82,45,38,116,25,62,85,27,56" hai3="57,32,48,77,4,1,118,92,91,15,131,102,37"/><V75/><F116/><W70/><G118/><T46/><D105/><U83/><E115/><V73/><F103/><W67/><G37/><T95/><D9/><U41/><E69/><V36/><F25/><W8/><G32/><T93/><D100/><U120/><E111/><V14/><F14/><W29/><G29/><T0/><D0/><U71/><E71/><V109/><F109/><W2/><G131/><T104/><D104/><U11/><E31/><V10/><F10/><W23/><G102/><T49/><D128/><U33/><E33/><V97/><F97/><W78/><G70/><T47/><REACH who="0" step="1"/><D133/><REACH who="0" ten="137,259,425,169" step="2"/><U34/><E11/><V55/><F36/><AGARI ba="1,1" hai="36,40,46,47,49,53,61,65,68,93,94,95,108,110" machi="36" ten="40,5200,0" yaku="1,1,2,1,53,1" doraHai="84" doraHaiUra="51" who="0" fromWho="2" sc="137,65,259,0,425,-55,169,0" /><INIT seed="3,0,0,0,5,92" ten="202,259,370,169" oya="3" hai0="46,22,132,18,54,40,134,33,112,48,69,45,58" hai1="8,113,15,12,31,35,84,2,119,78,116,121,127" hai2="75,101,36,90,59,16,50,13,128,91,105,100,0" hai3="85,97,104,126,103,64,135,17,118,55,68,39,47"/><W9/><G118/><N who="1" m="45098" /><E113/><V79/><F36/><W94/><G126/><T72/><D72/><U74/><E74/><V44/><F0/><W115/><G115/><T43/><D33/><U107/><E107/><V42/><F128/><W6/><G135/><N who="0" m="51755" /><D112/><U130/><E121/><V108/><F108/><W49/><G39/><N who="0" m="21663" /><D22/><U26/><E130/><V109/><F109/><W4/><G64/><T133/><N who="0" m="51763" /><T21/><DORA hai="30" /><D21/><U88/><E78/><V7/><F7/><W1/><G68/><T27/><D27/><U66/><E66/><V73/><F79/><W80/><G104/><T57/><D18/><U5/><E127/><V38/><F75/><W125/><G125/><T81/><D81/><AGARI ba="0,0" hai="2,5,8,12,15,26,31,35,81,84,88" m="45098" machi="81" ten="30,3900,0" yaku="12,1,52,1,54,1" doraHai="92,30" who="1" fromWho="0" sc="202,-39,259,39,370,0,169,0" /><INIT seed="4,0,0,1,1,115" ten="163,298,370,169" oya="0" hai0="39,47,63,46,92,60,89,95,20,93,123,12,135" hai1="41,134,109,76,111,28,132,67,90,37,133,72,4" hai2="8,14,27,38,10,101,18,74,99,23,35,106,44" hai3="1,84,96,75,59,6,2,112,105,53,26,124,19"/><T55/><D135/><U87/><E28/><V68/><F74/><W110/><G110/><N who="1" m="41994" /><E4/><V102/><F102/><W107/><G75/><T25/><D123/><U22/><E22/><V11/><F68/><W85/><G112/><T86/><D39/><U129/><E67/><V31/><REACH who="2" step="1"/><F35/><REACH who="2" ten="163,298,360,169" step="2"/><W45/><G124/><T66/><D66/><U118/><E72/><V65/><F65/><W114/><G114/><T88/><D12/><U80/><E129/><V98/><F98/><W13/><G96/><T54/><D93/><U30/><E133/><V58/><F58/><W70/><G70/><T36/><D36/><U79/><E134/><V103/><F103/><W40/><G59/><T0/><D0/><U3/><E132/><V82/><F82/><W116/><G2/><T64/><D64/><U52/><E3/><V120/><F120/><W125/><G1/><T119/><D119/><U121/><E121/><V34/><F34/><W131/><G116/><T83/><D83/><U43/><E118/><V108/><F108/><W128/><G128/><T16/><D54/><U71/><E71/><V21/><F21/><W7/><G53/><T15/><D15/><U127/><E52/><V61/><F61/><N who="0" m="23626" /><D55/><U62/><E62/><V49/><F49/><W5/><G131/><T69/><D69/><U56/><E56/><V17/><F17/><W48/><G13/><T130/><D130/><U29/><E37/><V33/><F33/><W32/><G32/><T126/><D126/><U77/><E127/><V42/><AGARI ba="0,1" hai="8,10,11,14,18,23,27,31,38,42,44,99,101,106" machi="42" ten="30,2000,0" yaku="1,1,0,1,53,0" doraHai="115" doraHaiUra="73" who="2" fromWho="2" sc="163,-10,298,-5,360,30,169,-5" /><INIT seed="5,0,0,4,3,98" ten="153,293,390,164" oya="1" hai0="90,55,97,123,26,122,36,20,43,94,44,63,82" hai1="71,18,85,50,93,84,72,129,86,96,135,100,7" hai2="29,21,16,51,9,119,35,6,111,13,23,118,120" hai3="83,65,109,68,103,53,41,101,3,4,67,69,37"/><U40/><E135/><V127/><F51/><W19/><G109/><T102/><D82/><U60/><E129/><V126/><F111/><W130/><G130/><T54/><D90/><U105/><E72/><V46/><F46/><W108/><G108/><T62/><D62/><U104/><E7/><V92/><F92/><W45/><G69/><T31/><REACH who="0" step="1"/><D63/><REACH who="0" ten="143,293,390,164" step="2"/><U57/><E71/><V125/><F120/><AGARI ba="0,1" hai="20,26,31,36,43,44,54,55,94,97,102,120,122,123" machi="120" ten="40,8000,1" yaku="1,1,2,1,13,1,52,1,53,1" doraHai="98" doraHaiUra="24" who="0" fromWho="2" sc="143,90,293,0,390,-80,164,0" /><INIT seed="6,0,0,4,4,134" ten="233,293,310,164" oya="2" hai0="81,49,48,58,1,6,28,52,123,104,38,0,88" hai1="86,10,101,11,19,55,27,72,20,91,68,66,122" hai2="117,128,51,107,54,87,75,110,120,14,40,78,73" hai3="34,80,98,67,13,16,109,39,105,7,12,15,125"/><V25/><F117/><W3/><G109/><T59/><D123/><U77/><E122/><V57/><F120/><W44/><G34/><T37/><D104/><U32/><E101/><V126/><F107/><W115/><G67/><T61/><D28/><U85/><E32/><V124/><F110/><W90/><G3/><T17/><D38/><U113/><E113/><V62/><F128/><W89/><G7/><T43/><D37/><U64/><E72/><V103/><F103/><W74/><G115/><T92/><D81/><N who="1" m="47279" /><E55/><V118/><F118/><W130/><G130/><T23/><D6/><U119/><E68/><V26/><F14/><W47/><G105/><T24/><D43/><U96/><E96/><V106/><F106/><W82/><G98/><N who="0" m="57607" /><D58/><U21/><E21/><V31/><F87/><W8/><G39/><T83/><D83/><N who="3" m="31785" /><G74/><T131/><D131/><U65/><E119/><V46/><F78/><W121/><G121/><T9/><D9/><N who="1" m="3083" /><E86/><V135/><F73/><W112/><G112/><T22/><D22/><U97/><E97/><V114/><F75/><W69/><G69/><T76/><D76/><U45/><E45/><V94/><F114/><W84/><G47/><T79/><D79/><U42/><E42/><V108/><F108/><W71/><G71/><T100/><D100/><U102/><E102/><V127/><F94/><N who="3" m="54567" /><G44/><T2/><AGARI ba="0,0" hai="0,1,2,17,23,24,48,49,52,59,61" m="57607" machi="2" ten="30,4000,0" yaku="25,1,54,2" doraHai="134" who="0" fromWho="0" sc="233,40,293,-10,310,-20,164,-10" /><INIT seed="7,0,0,1,1,111" ten="273,283,290,154" oya="3" hai0="30,130,55,6,66,42,19,63,51,74,95,24,23" hai1="26,115,9,132,8,18,116,121,58,48,109,54,38" hai2="124,62,14,98,72,78,93,3,106,57,52,16,40" hai3="65,39,90,87,17,85,79,67,117,5,100,107,73"/><W114/><G117/><T70/><D130/><U118/><E109/><V134/><F3/><W36/><G5/><T126/><D126/><U77/><E121/><V92/><F106/><W131/><G131/><T82/><D42/><U119/><E132/><V7/><F134/><W133/><G133/><T129/><D129/><U1/><E115/><V84/><F72/><W47/><G17/><T64/><D64/><N who="3" m="24649" /><G47/><T81/><D74/><U25/><E38/><V108/><F108/><W103/><G87/><T34/><D95/><U71/><E71/><V46/><F7/><W120/><G120/><T37/><D37/><N who="3" m="14409" /><G107/><T32/><D6/><N who="1" m="1103" /><E77/><V101/><F124/><W113/><G79/><T56/><REACH who="0" step="1"/><D34/><REACH who="0" ten="263,283,290,154" step="2"/><U49/><E49/><N who="2" m="26823" /><F93/><N who="3" m="54479" /><G73/><T15/><AGARI ba="0,1" hai="15,19,23,24,30,32,51,55,56,63,66,70,81,82" machi="15" ten="20,2700,0" yaku="1,1,0,1,7,1,53,0" doraHai="111" doraHaiUra="96" who="0" fromWho="0" sc="263,37,283,-7,290,-7,154,-13" owari="300,40.0,276,-12.4,283,8.3,141,-35.9" /></mjloggm>