<mjloggm ver="2.3"><GO type="169" lobby="0"/><UN n0="%E7%BD%AA%E5%88%91%E6%B3%95%E5%AE%9A%E4%B8%BB%E7%BE%A9" n1="%E2%97%8E%E3%82%88%E3%81%97%E2%97%8E" n2="%E3%81%BE%E3%81%88%E3%81%9F" n3="%E6%B2%B3%E7%AB%A5%E3%81%AE%E3%83%AF%E3%82%AB%E3%83%9E%E3%83%84" dan="17,17,16,17" rate="2210.61,2158.63,2194.37,2205.39" sx="M,M,F,M"/><TAIKYOKU oya="0"/><INIT seed="0,0,0,0,5,68" ten="250,250,250,250" oya="0" hai0="116,98,46,21,106,44,65,5,19,25,18,42,47" hai1="129,121,39,122,113,23,13,8,124,109,62,82,94" hai2="40,60,10,4,120,7,33,114,61,93,2,28,54" hai3="77,71,17,66,86,80,133,89,85,108,88,34,9"/><T79/><D116/><U36/><E23/><V0/><F120/><N who="1" m="46185" /><E94/><V74/><F114/><W99/><G133/><T130/><D130/><U67/><E82/><V43/><F74/><W110/><G34/><T127/><D127/><U41/><E41/><V135/><F135/><W76/><G71/><T55/><D65/><U111/><E124/><V112/><F112/><W97/><G66/><T132/><D79/><N who="3" m="30281" /><G17/><T16/><D5/><N who="1" m="3215" /><E113/><V48/><F93/><N who="3" m="54447" /><G9/><T35/><D35/><U102/><E102/><V107/><F2/><W70/><G70/><T6/><D6/><U57/><E129/><V49/><F7/><W20/><G20/><T30/><D132/><U87/><E87/><V103/><F4/><W12/><G12/><T119/><D119/><U37/><E67/><V95/><F0/><W78/><N who="3" m="30289" /><W117/><DORA hai="131" /><G117/><T90/><D55/><U83/><E83/><V96/><F54/><W32/><G32/><T73/><D73/><U24/><E24/><V22/><F33/><W52/><G52/><T51/><D106/><U53/><E53/><V128/><F22/><W69/><G69/><T50/><D42/><U92/><E62/><V29/><F107/><W31/><G31/><T72/><D72/><U1/><E1/><V11/><F128/><W115/><G115/><T91/><D98/><AGARI ba="0,0" hai="80,86,88,97,98,99,108,110" m="54447,30289" machi="98" ten="40,5200,0" yaku="34,2,54,1" doraHai="68,131" who="3" fromWho="0" sc="250,-52,250,0,250,0,250,52" /><INIT seed="1,0,0,3,5,98" ten="198,250,250,302" oya="1" hai0="15,43,34,55,8,41,75,117,40,116,110,11,90" hai1="79,46,135,68,100,7,66,12,82,120,1,128,109" hai2="13,88,127,9,104,4,35,125,84,39,56,23,21" hai3="19,45,65,114,53,134,48,92,64,101,122,81,77"/><U121/><E128/><V29/><F39/><W111/><G122/><T5/><D34/><U36/><E12/><V97/><F35/><W16/><G114/><T2/><D75/><N who="1" m="43391" /><E135/><V67/><F67/><N who="3" m="25675" /><G134/><T58/><D110/><U3/><E109/><V124/><F56/><W17/><G111/><T99/><D90/><U14/><E14/><V20/><F29/><W62/><G62/><T130/><D130/><U103/><E3/><V80/><REACH who="2" step="1"/><F20/><REACH who="2" ten="198,250,240,302" step="2"/><W133/><G133/><T96/><D117/><U63/><E120/><V32/><F32/><W102/><G92/><T106/><D116/><U0/><E121/><V54/><F54/><W25/><G25/><T52/><D106/><U70/><E70/><V95/><F95/><W31/><G31/><T72/><D55/><U42/><E0/><V10/><F10/><AGARI ba="0,1" hai="1,7,10,36,42,46,63,66,68,100,103" m="43391" machi="10" ten="30,5800,0" yaku="25,1,52,2" doraHai="98" who="1" fromWho="2" sc="198,0,250,68,240,-58,302,0" /><INIT seed="1,1,0,3,3,75" ten="198,318,182,302" oya="1" hai0="118,117,78,13,50,77,1,44,5,100,47,89,67" hai1="68,8,41,130,20,120,42,80,6,74,121,53,84" hai2="86,27,96,3,119,123,101,122,103,125,31,71,28" hai3="10,26,65,94,132,87,81,54,17,85,32,15,106"/><U43/><E130/><V61/><F119/><W40/><G106/><T110/><D1/><U4/><E74/><V23/><F3/><W114/><G114/><T92/><D67/><U58/><E68/><V131/><F131/><W52/><G132/><T82/><D110/><U115/><E20/><V133/><F133/><W14/><G40/><T99/><D118/><U98/><E98/><V49/><F125/><W107/><G107/><T113/><D113/><U36/><E36/><V97/><F49/><W66/><G32/><T57/><D117/><U18/><E18/><V45/><F45/><W73/><G26/><T19/><D5/><U24/><E24/><V102/><F86/><W91/><G73/><T55/><D100/><U25/><E25/><V93/><F31/><W134/><G15/><T72/><REACH who="0" step="1"/><D78/><REACH who="0" ten="188,318,182,302" step="2"/><U11/><E115/><V2/><F2/><W30/><G134/><T111/><D111/><U48/><E120/><V12/><F102/><W29/><G66/><T108/><D108/><U104/><E121/><V62/><F122/><W126/><G65/><T0/><D0/><U127/><E127/><V63/><F123/><W56/><G126/><T64/><D64/><U39/><E39/><V69/><REACH who="2" step="1"/><F12/><REACH who="2" ten="188,318,172,302" step="2"/><W9/><G14/><T60/><D60/><U22/><E4/><V59/><F59/><W95/><G56/><T83/><D83/><U79/><E6/><V46/><F46/><W135/><G135/><T70/><D70/><U129/><E129/><V33/><F33/><W37/><G81/><T90/><D90/><U76/><E58/><V112/><F112/><RYUUKYOKU ba="1,2" sc="188,15,318,-15,172,15,302,-15" hai0="13,19,44,47,50,55,57,72,77,82,89,92,99" hai2="23,27,28,61,62,63,69,71,93,96,97,101,103" /><INIT seed="2,2,2,1,5,114" ten="203,303,187,287" oya="2" hai0="112,16,82,109,24,74,110,108,113,79,123,94,0" hai1="30,98,3,58,51,5,111,83,130,17,57,129,107" hai2="126,20,70,135,99,84,115,77,101,71,4,131,53" hai3="37,36,13,42,96,104,12,44,6,76,59,2,26"/><V22/><F115/><W18/><G37/><T78/><D0/><U125/><E111/><V100/><F126/><W119/><G119/><T29/><D123/><U62/><E125/><V124/><F124/><W63/><G76/><T33/><D79/><U93/><E107/><V102/><F135/><W66/><G2/><T35/><D35/><U80/><E30/><V134/><F134/><W73/><G73/><T75/><D75/><U69/><E17/><V97/><F131/><N who="1" m="50185" /><E69/><V121/><F121/><W86/><G86/><T103/><D103/><N who="1" m="60879" /><E51/><V132/><F132/><W8/><G26/><T23/><REACH who="0" step="1"/><D94/><REACH who="0" ten="193,303,187,287" step="2"/><U39/><E39/><V105/><F101/><W7/><G104/><T41/><D41/><U46/><E46/><V106/><F77/><W19/><REACH who="3" step="1"/><G96/><REACH who="3" ten="193,303,187,277" step="2"/><T25/><AGARI ba="2,4" hai="16,23,24,25,29,33,74,78,82,108,109,110,112,113" machi="25" ten="40,8000,1" yaku="1,1,0,1,14,1,54,1,53,0" doraHai="114" doraHaiUra="92" who="0" fromWho="0" sc="193,126,303,-22,187,-42,277,-22" /><INIT seed="3,0,0,4,3,28" ten="319,281,145,255" oya="3" hai0="58,70,18,77,27,34,81,44,17,84,102,120,69" hai1="39,114,115,112,71,35,4,126,79,23,47,132,76" hai2="16,40,21,62,33,50,5,129,19,95,42,67,104" hai3="83,90,128,66,92,99,109,105,56,75,12,125,13"/><W118/><G118/><T124/><D120/><U36/><E126/><V61/><F104/><W25/><G125/><T3/><D3/><U113/><E132/><V7/><F129/><W116/><G116/><T121/><D121/><U15/><E71/><V2/><F2/><W119/><G119/><T57/><D124/><U131/><E131/><V64/><F50/><W103/><G128/><T53/><D102/><U123/><E123/><V110/><F21/><W107/><G109/><T94/><D44/><U82/><E35/><V108/><F95/><W26/><G105/><T134/><D134/><U96/><E79/><V29/><F29/><W93/><G107/><T80/><D94/><U41/><E96/><V88/><F88/><W127/><G75/><T85/><D34/><AGARI ba="0,0" hai="5,7,16,19,33,34,40,42,61,62,64,67,108,110" machi="34" ten="25,8000,1" yaku="22,2,52,2,54,1" doraHai="28" who="2" fromWho="0" sc="319,-80,281,0,145,80,255,0" /><INIT seed="4,0,0,5,3,28" ten="239,281,225,255" oya="0" hai0="125,82,39,59,1,49,108,83,38,16,9,50,79" hai1="14,96,88,10,54,112,27,70,60,89,86,2,90" hai2="97,11,134,68,71,120,30,77,17,117,15,98,29" hai3="25,78,101,128,37,58,93,111,121,124,131,65,20"/><T92/><D125/><U85/><E2/><V87/><F120/><W18/><G111/><T66/><D108/><U99/><E112/><V6/><F134/><W122/><G37/><T56/><D1/><U32/><E70/><V107/><F117/><W75/><G124/><T104/><D104/><U94/><E27/><V7/><F107/><W42/><G42/><T81/><D79/><U123/><E123/><N who="3" m="47114" /><G75/><T103/><D92/><U100/><E32/><V24/><F77/><W113/><G78/><T69/><D103/><U22/><E22/><V52/><F87/><W0/><G0/><T72/><D72/><U110/><E99/><V109/><F109/><W102/><G113/><T43/><D69/><U57/><REACH who="1" step="1"/><E110/><REACH who="1" ten="239,271,225,255" step="2"/><V62/><F97/><N who="3" m="59567" /><G102/><T132/><D132/><U76/><E76/><V35/><F98/><W67/><G58/><T119/><D56/><U133/><E133/><V74/><F71/><W19/><G131/><T26/><D59/><U31/><E31/><V40/><F30/><W3/><G128/><T64/><D119/><U130/><E130/><V118/><F68/><W47/><G3/><T33/><D33/><U13/><E13/><V51/><F15/><W105/><G105/><T8/><D26/><U44/><E44/><V12/><F118/><W61/><G47/><T127/><D127/><U21/><E21/><N who="2" m="15503" /><F74/><W126/><G126/><T36/><D8/><U95/><E95/><V129/><F129/><W41/><G25/><T45/><REACH who="0" step="1"/><D50/><REACH who="0" ten="229,271,225,255" step="2"/><U80/><E80/><V91/><F35/><W48/><G48/><T4/><D4/><AGARI ba="0,2" hai="4,10,14,54,57,60,85,86,88,89,90,94,96,100" machi="4" ten="40,5200,0" yaku="1,1,8,1,54,1,53,0" doraHai="28" doraHaiUra="63" who="1" fromWho="0" sc="229,-52,271,72,225,0,255,0" /><INIT seed="5,0,0,2,5,134" ten="177,343,225,255" oya="1" hai0="87,58,132,63,32,71,94,59,116,34,20,17,11" hai1="89,53,133,111,95,114,129,103,123,77,107,73,56" hai2="28,72,85,109,46,33,122,39,52,96,2,117,10" hai3="99,78,7,74,120,61,6,55,80,65,37,82,104"/><U47/><E123/><V19/><F72/><W68/><G120/><T98/><D132/><U93/><E133/><V31/><F122/><W51/><G37/><T41/><D116/><U130/><E114/><V108/><F117/><W97/><G82/><T0/><D71/><U92/><E47/><V15/><F96/><W102/><REACH who="3" step="1"/><G97/><REACH who="3" ten="177,343,225,245" step="2"/><T5/><D87/><U57/><E111/><V40/><F39/><W112/><G112/><T125/><D41/><U115/><E115/><V29/><F40/><W42/><G42/><T44/><D44/><AGARI ba="0,1" hai="6,7,44,51,55,61,65,68,74,78,80,99,102,104" machi="44" ten="30,2000,0" yaku="1,1,7,1,53,0" doraHai="134" doraHaiUra="83" who="3" fromWho="0" sc="177,-20,343,0,225,0,245,30" /><INIT seed="6,0,0,1,3,110" ten="157,343,225,275" oya="2" hai0="96,4,77,9,19,101,49,121,22,44,39,83,133" hai1="60,124,6,86,125,118,33,1,30,79,132,73,52" hai2="80,120,58,5,11,72,90,23,24,131,104,91,3" hai3="71,48,99,75,106,0,35,114,32,57,100,29,123"/><V13/><F131/><W129/><G123/><T102/><D133/><U116/><E132/><V63/><F104/><W8/><G71/><T130/><D130/><U20/><E73/><V95/><F120/><W93/><G129/><T92/><D121/><U89/><E79/><V103/><F72/><W107/><G75/><T64/><D64/><U69/><E33/><V43/><F43/><W27/><G35/><T115/><D102/><U81/><E69/><V7/><F80/><W128/><G128/><T31/><D31/><U40/><E40/><V2/><F2/><W16/><G114/><T67/><D67/><U98/><E98/><N who="2" m="59871" /><F5/><W34/><G34/><T112/><D39/><U62/><E6/><V113/><F113/><N who="0" m="43594" /><D22/><U119/><E20/><V61/><F3/><W56/><G0/><N who="0" m="135" /><D19/><U21/><E21/><V111/><F111/><W10/><G16/><T109/><D109/><U97/><E30/><N who="2" m="17695" /><F61/><W54/><G8/><T85/><D49/><U47/><E1/><V135/><F135/><W88/><G10/><T74/><D74/><U14/><E119/><V17/><F17/><W65/><G100/><T68/><D68/><U38/><E118/><V122/><F122/><W84/><G106/><T42/><D42/><U87/><E116/><V51/><F51/><W53/><G107/><T59/><D44/><U15/><E47/><V127/><F127/><W108/><G108/><T26/><D26/><U117/><E38/><V37/><F37/><W76/><G48/><T41/><D41/><U66/><E117/><V82/><F63/><N who="3" m="38119" /><G57/><AGARI ba="0,0" hai="57,59,77,83,85,92,96,101" m="135,43594" machi="57" ten="30,7700,0" yaku="15,1,52,3" doraHai="110" who="0" fromWho="3" sc="157,77,343,0,225,0,275,-77" /><INIT seed="7,0,0,5,5,31" ten="234,343,225,198" oya="3" hai0="67,2,39,23,9,8,91,51,75,20,19,110,115" hai1="41,11,103,22,53,130,37,128,5,33,117,73,52" hai2="109,69,57,30,120,38,21,61,116,119,82,28,102" hai3="90,100,43,1,34,88,27,65,124,56,35,6,0"/><W49/><G100/><T93/><D39/><U13/><E73/><V125/><F109/><W76/><G76/><T95/><D110/><U77/><E33/><V17/><F69/><W89/><G124/><T14/><D75/><U86/><E117/><V74/><F38/><W127/><G127/><T48/><D115/><U81/><E103/><V7/><F125/><W50/><G27/><T83/><D67/><U104/><E104/><V72/><F7/><W71/><G71/><T40/><D2/><N who="3" m="1129" /><G6/><T118/><D118/><U60/><E22/><N who="0" m="8233" /><D8/><U15/><E15/><V84/><F74/><W32/><G65/><T111/><D111/><U108/><E108/><V59/><F102/><W24/><G24/><T18/><D18/><U114/><E114/><V10/><F72/><W122/><G56/><T87/><D40/><U44/><E60/><V26/><F59/><W131/><G43/><T132/><D132/><U106/><E106/><V45/><F120/><W29/><G29/><T66/><D66/><U54/><AGARI ba="0,0" hai="5,11,13,37,41,44,52,53,54,77,81,86,128,130" machi="54" ten="30,2000,0" yaku="0,1,54,1" doraHai="31" who="1" fromWho="1" sc="234,-5,343,20,225,-5,198,-10" owari="229,2.9,363,46.3,220,-18.0,188,-31.2" /></mjloggm>