<mjloggm ver="2.3"><GO type="169" lobby="0"/><UN n0="%61%6B%69%62%61%62%61%6E" n1="%E5%85%83%E3%82%AB%E3%83%8E%E7%B3%BB%E3%83%92%E3%83%AD%E3%82%A4%E3%83%B3" n2="%E3%81%A1%E3%82%83%E3%82%93%E3%81%AE%E3%81%B6" n3="%E9%87%A3%E3%82%8A%E6%97%A5%E5%92%8C" dan="17,16,17,17" rate="2162.57,2185.19,2139.69,2181.21" sx="M,M,M,M"/><TAIKYOKU oya="0"/><INIT seed="0,0,0,5,5,29" ten="250,250,250,250" oya="0" hai0="87,16,30,7,103,116,17,101,2,73,46,83,15" hai1="48,125,119,82,105,114,120,3,80,11,33,96,117" hai2="74,88,79,51,61,31,1,85,124,106,23,45,36" hai3="76,22,66,54,58,128,95,113,27,67,49,70,12"/><T62/><D116/><U4/><E120/><V126/><F106/><W121/><G113/><T19/><D73/><U122/><E122/><V84/><F1/><W18/><G121/><T86/><D2/><U75/><E114/><V59/><F36/><W13/><G128/><T111/><D111/><U97/><E125/><V38/><F38/><W69/><G76/><T57/><D30/><U63/><E48/><V50/><F74/><W41/><G41/><T25/><D25/><U5/><E63/><V130/><F79/><W24/><G24/><T92/><D46/><U134/><E134/><V39/><F39/><W43/><G43/><T108/><D108/><U53/><E53/><V129/><F23/><W127/><G127/><N who="2" m="48681" /><F31/><W14/><REACH who="3" step="1"/><G95/><REACH who="3" ten="250,250,250,240" step="2"/><T107/><D107/><U135/><E105/><V104/><F104/><W98/><G98/><T32/><D92/><U72/><E135/><V55/><F85/><W0/><G0/><T118/><D86/><U132/><E3/><V52/><F61/><W47/><G47/><T42/><D42/><U65/><E132/><V37/><F37/><W100/><G100/><T40/><D40/><U8/><REACH who="1" step="1"/><E65/><AGARI ba="0,1" hai="12,13,14,18,22,27,49,54,58,65,66,67,69,70" machi="65" ten="40,1300,0" yaku="1,1,53,0" doraHai="29" doraHaiUra="35" who="3" fromWho="1" sc="250,0,250,-13,250,0,240,23" /><INIT seed="1,0,0,1,0,55" ten="250,237,250,263" oya="1" hai0="117,126,18,85,2,114,134,45,51,90,57,63,5" hai1="31,127,86,59,81,35,0,36,53,73,30,129,39" hai2="12,69,22,87,106,79,118,41,109,17,23,33,133" hai3="56,98,80,27,37,28,44,70,19,116,119,105,122"/><U102/><E0/><V43/><F118/><N who="3" m="45099" /><G70/><T15/><D114/><U7/><E7/><V112/><F33/><W49/><G122/><T121/><D117/><U1/><E1/><V120/><F120/><W113/><G113/><T8/><D121/><U6/><E6/><V135/><F106/><W89/><G19/><T47/><D134/><N who="2" m="51210" /><F69/><W46/><G80/><T130/><D126/><U20/><E35/><V97/><F112/><W74/><G74/><T91/><D130/><U95/><E129/><V92/><F109/><W94/><G37/><T21/><D51/><U32/><E32/><V34/><F34/><N who="3" m="20767" /><G105/><T29/><D29/><U66/><E73/><V123/><F23/><W10/><G10/><T13/><D2/><U100/><E127/><V11/><F22/><W38/><G38/><T52/><D90/><N who="1" m="51535" /><E36/><V93/><F123/><W16/><G16/><T9/><D9/><U83/><E39/><V67/><F93/><AGARI ba="0,0" hai="5,8,13,15,18,21,45,47,52,57,63,85,91,93" machi="93" ten="30,7700,0" yaku="7,1,8,1,52,1,54,1" doraHai="55" who="0" fromWho="2" sc="250,77,237,0,250,-77,263,0" /><INIT seed="2,0,0,4,1,78" ten="327,237,173,263" oya="2" hai0="35,71,70,117,95,6,8,113,80,43,53,21,37" hai1="90,119,126,110,12,132,97,91,88,112,0,134,30" hai2="44,5,99,68,32,39,59,50,93,82,7,9,49" hai3="130,31,11,56,33,51,27,54,85,65,13,10,114"/><V105/><F32/><W73/><G73/><T24/><D113/><U14/><E0/><V18/><F105/><W22/><G114/><T86/><D35/><U26/><E112/><V64/><F68/><W101/><G130/><T46/><D53/><U28/><E119/><V106/><F39/><W83/><G101/><T17/><D95/><U103/><E110/><V19/><F106/><W72/><G72/><T67/><D117/><U77/><E126/><V104/><F104/><W98/><G98/><T92/><D92/><N who="1" m="58791" /><E77/><V118/><F118/><W116/><G116/><T74/><D67/><U1/><E1/><V4/><F9/><W89/><REACH who="3" step="1"/><G65/><REACH who="3" ten="327,237,173,253" step="2"/><T23/><D74/><U62/><E62/><V123/><F64/><W40/><G40/><T120/><D120/><U25/><E134/><V60/><F123/><W38/><G38/><T133/><D133/><U128/><E132/><V115/><F115/><W36/><G36/><T131/><D131/><U34/><E128/><V15/><F60/><W81/><G81/><T102/><D102/><U84/><E84/><V52/><F82/><W42/><G42/><T135/><D135/><U111/><E111/><V109/><F109/><W107/><G107/><T41/><D43/><U2/><E2/><V63/><F63/><W48/><G48/><T124/><D124/><U61/><E61/><V122/><F122/><W69/><G69/><N who="0" m="26123" /><D80/><U66/><E66/><V20/><F50/><W87/><G87/><T58/><D86/><U129/><E129/><V96/><F93/><W76/><G76/><T121/><D121/><U108/><E108/><RYUUKYOKU ba="0,1" sc="327,-15,237,15,173,-15,253,15" hai1="12,14,25,26,28,30,34,88,90,91" hai3="10,11,13,22,27,31,33,51,54,56,83,85,89" /><INIT seed="3,1,1,1,2,77" ten="312,252,158,268" oya="3" hai0="60,122,75,117,23,97,92,71,1,65,133,129,11" hai1="121,40,62,135,39,78,115,116,6,45,114,16,72" hai2="13,37,55,108,126,10,124,100,53,20,76,66,84" hai3="118,87,36,38,0,109,111,14,19,2,59,49,94"/><W4/><G118/><T91/><D122/><U46/><E121/><V86/><F37/><W112/><G112/><T88/><D117/><U123/><E123/><V7/><F108/><N who="3" m="41547" /><G4/><T34/><D34/><U44/><E116/><V81/><F100/><W99/><G87/><T57/><D129/><U54/><E6/><V95/><F66/><W90/><G49/><T35/><D35/><U17/><E72/><V29/><F124/><W43/><G59/><T67/><D75/><U107/><E78/><V21/><F126/><W9/><G43/><T52/><D133/><U105/><E135/><V56/><F29/><W132/><G132/><T47/><D47/><U8/><E40/><V101/><F55/><W79/><G79/><T82/><D71/><U48/><E39/><AGARI ba="1,1" hai="0,2,9,14,19,36,38,39,90,94,99" m="41547" machi="39" ten="30,2900,0" yaku="14,1,10,1" doraHai="77" who="3" fromWho="1" sc="312,0,252,-32,158,0,268,42" /><INIT seed="3,2,0,2,5,44" ten="312,220,158,310" oya="3" hai0="81,5,28,79,103,129,107,27,110,4,7,22,68" hai1="65,134,70,6,130,0,111,113,52,115,121,88,104" hai2="124,61,120,46,11,13,114,16,93,90,105,2,47" hai3="89,131,83,31,62,56,37,24,20,91,57,78,109"/><W100/><G37/><T39/><D110/><U128/><E6/><V125/><F114/><N who="1" m="43529" /><E0/><V38/><F105/><W117/><G117/><T133/><D133/><U54/><E104/><V18/><F2/><W82/><G131/><N who="1" m="50218" /><E134/><V29/><F120/><W126/><G126/><N who="2" m="48745" /><F38/><W43/><G43/><T1/><D129/><U92/><E121/><V98/><F29/><W60/><G100/><T71/><D39/><U119/><E111/><V76/><F76/><W64/><G109/><T33/><D22/><U74/><E74/><V67/><F18/><W132/><G132/><T40/><D40/><U116/><E65/><V135/><F135/><W77/><G78/><T12/><D12/><U108/><E70/><AGARI ba="2,0" hai="11,13,16,46,47,61,67,70,90,93,98" m="48745" machi="70" ten="30,2000,0" yaku="18,1,54,1" doraHai="44" who="2" fromWho="1" sc="312,0,220,-26,158,26,310,0" /><INIT seed="4,0,0,2,3,120" ten="312,194,184,310" oya="0" hai0="119,34,27,26,43,78,56,86,77,114,63,1,66" hai1="18,20,52,95,8,113,68,7,53,84,76,73,54" hai2="57,65,135,74,46,96,102,45,64,110,124,89,36" hai3="38,122,23,98,111,75,24,72,93,106,103,42,40"/><T121/><D121/><U70/><E73/><V125/><F74/><W33/><G122/><T109/><D119/><U82/><E113/><V47/><F135/><W62/><G33/><T31/><D114/><U48/><E95/><V50/><F89/><W10/><G111/><T79/><D1/><U85/><E85/><V67/><F96/><W118/><G118/><T94/><D43/><U51/><E68/><V60/><F102/><W88/><G40/><T123/><D123/><U11/><E70/><V133/><F133/><W134/><G134/><T4/><D4/><U59/><E7/><V58/><F36/><W12/><G62/><T116/><D116/><U90/><E90/><V105/><F105/><W126/><G126/><N who="2" m="48745" /><F110/><W17/><G42/><T55/><D109/><U115/><E115/><V104/><F104/><W29/><REACH who="3" step="1"/><G38/><REACH who="3" ten="312,194,184,300" step="2"/><T6/><D34/><U15/><REACH who="1" step="1"/><E53/><AGARI ba="0,1" hai="45,46,47,50,53,57,58,60,64,65,67" m="48745" machi="53" ten="30,3900,0" yaku="18,1,34,2" doraHai="120" who="2" fromWho="1" sc="312,0,194,-39,184,49,300,0" /><INIT seed="5,0,0,4,2,88" ten="312,155,233,300" oya="1" hai0="27,12,1,16,112,0,110,87,90,117,105,102,120" hai1="70,130,82,134,33,119,42,85,20,38,19,83,54" hai2="48,10,40,45,109,103,89,52,113,44,93,50,67" hai3="118,95,11,104,6,22,57,116,122,79,73,64,46"/><U34/><E119/><N who="3" m="45610" /><G104/><T49/><D110/><U131/><E70/><V18/><F109/><W32/><G32/><T9/><D117/><U107/><E107/><V111/><F111/><W41/><G122/><T100/><D120/><U72/><E134/><V13/><F113/><W59/><G22/><T58/><D112/><U76/><E54/><V66/><REACH who="2" step="1"/><F103/><REACH who="2" ten="312,155,223,300" step="2"/><W68/><G73/><T63/><D100/><U125/><E125/><V69/><F69/><W65/><G68/><T3/><D102/><U55/><E55/><V80/><F80/><W129/><G64/><T28/><D105/><U91/><E42/><V17/><F17/><W133/><G65/><T37/><D16/><U8/><E38/><V23/><F23/><W60/><G41/><T78/><D37/><U108/><E108/><V132/><F132/><W96/><G133/><T29/><D29/><U128/><REACH who="1" step="1"/><E8/><REACH who="1" ten="312,145,223,300" step="2"/><V126/><F126/><W74/><G11/><T99/><D9/><U124/><E124/><V14/><F14/><AGARI ba="0,2" hai="14,19,20,33,34,72,76,82,83,85,91,128,130,131" machi="14" ten="40,3900,0" yaku="1,1,19,1,53,0" doraHai="88" doraHaiUra="61" who="1" fromWho="2" sc="312,0,145,59,223,-39,300,0" /><INIT seed="5,1,0,0,3,70" ten="312,204,184,300" oya="1" hai0="30,14,27,28,93,121,113,98,94,86,83,50,82" hai1="129,111,58,117,81,116,104,61,108,26,110,15,75" hai2="115,123,114,105,51,45,43,122,46,4,96,5,53" hai3="135,48,128,76,52,130,78,79,69,84,2,88,71"/><U132/><E104/><V38/><F105/><W73/><G2/><T77/><D113/><N who="2" m="43018" /><F96/><W35/><G35/><T101/><D121/><AGARI ba="1,0" hai="4,5,38,43,45,46,51,53,121,122,123" m="43018" machi="121" ten="30,3900,0" yaku="15,1,11,1,52,1" doraHai="70" who="2" fromWho="0" sc="312,-42,204,0,184,42,300,0" /><INIT seed="6,0,0,4,1,37" ten="270,204,226,300" oya="2" hai0="120,84,3,124,8,98,99,42,103,35,18,125,21" hai1="83,1,33,49,17,85,79,41,13,96,115,90,123" hai2="19,15,127,9,25,63,109,131,50,86,65,0,54" hai3="46,130,110,29,106,72,31,113,16,80,10,68,51"/><V24/><F127/><N who="0" m="48714" /><D120/><U26/><E1/><V104/><F104/><W135/><G110/><T43/><D35/><U4/><E123/><V121/><F121/><W71/><G106/><N who="0" m="63863" /><D99/><U58/><E115/><V59/><F131/><W53/><G135/><T34/><D34/><U44/><E58/><V27/><F109/><W32/><G130/><T116/><D116/><U82/><E96/><V97/><F97/><W30/><G32/><T11/><D84/><U66/><E66/><V47/><F0/><W129/><G129/><T88/><D88/><U76/><E83/><V38/><F38/><W52/><G113/><T133/><D133/><U101/><E101/><V73/><F73/><W6/><G80/><T64/><D64/><U69/><E69/><V119/><F119/><W39/><G39/><T134/><D134/><U55/><E55/><V56/><REACH who="2" step="1"/><F86/><REACH who="2" ten="270,204,216,300" step="2"/><W5/><G72/><T7/><D11/><N who="1" m="4327" /><E33/><V128/><F128/><W61/><G10/><T77/><D77/><U74/><E74/><V118/><F118/><W105/><G105/><T122/><D122/><U112/><E112/><V48/><F48/><W94/><G51/><T75/><D75/><U108/><E108/><V81/><F81/><W40/><G94/><T36/><D36/><U14/><E26/><AGARI ba="0,1" hai="3,7,8,18,21,26,42,43" m="63863,48714" machi="26" ten="30,3900,0" yaku="18,1,52,2" doraHai="37" who="0" fromWho="1" sc="270,49,204,-39,216,0,300,0" /><INIT seed="7,0,0,2,1,55" ten="319,165,216,300" oya="3" hai0="24,91,51,17,53,21,132,12,60,105,74,33,113" hai1="73,121,111,125,28,36,42,31,79,47,39,45,46" hai2="9,49,2,29,52,112,65,19,13,127,61,120,110" hai3="88,14,38,115,99,56,107,35,128,100,15,77,85"/><W63/><G38/><T101/><D74/><U64/><E73/><V119/><F119/><W44/><G35/><T18/><D132/><U68/><E79/><V89/><F112/><W1/><G1/><T0/><D0/><U94/><E111/><V40/><F110/><W82/><G115/><T3/><D3/><U50/><E121/><V48/><F120/><W41/><G128/><T5/><D105/><U27/><E125/><V80/><F2/><W116/><G116/><T106/><D106/><U69/><E94/><V10/><F29/><W104/><G104/><T66/><D101/><U103/><E103/><V78/><F89/><W87/><G44/><N who="1" m="17002" /><E27/><V67/><F40/><W57/><G41/><T117/><D117/><U123/><E123/><V59/><F9/><W58/><REACH who="3" step="1"/><G63/><REACH who="3" ten="319,165,216,290" step="2"/><T135/><D60/><N who="1" m="39943" /><E28/><V75/><F127/><W37/><G37/><N who="1" m="14410" /><E31/><V23/><F67/><W70/><G70/><AGARI ba="0,1" hai="42,47,50,69,70" m="14410,39943,17002" machi="70" ten="30,8000,1" yaku="35,5" doraHai="55" who="1" fromWho="3" sc="319,0,165,90,216,0,290,-80" owari="319,41.9,255,5.5,216,-18.4,210,-29.0" /></mjloggm>