<mjloggm ver="2.3"><GO type="169" lobby="0"/><UN n0="%E3%81%93%E3%81%A1" n1="%E4%BF%9D%E8%82%B2%E5%A3%AB" n2="%E6%84%9B%E3%81%AF%E6%AD%A3%E7%BE%A9" n3="%E5%B2%A9%E4%B8%8A%E9%80%9A%E3%82%8A" dan="17,16,16,16" rate="2209.36,2196.27,2080.60,2116.58" sx="F,M,F,M"/><TAIKYOKU oya="0"/><INIT seed="0,0,0,5,3,84" ten="250,250,250,250" oya="0" hai0="117,33,101,119,37,79,8,92,116,41,85,109,49" hai1="130,28,131,98,50,56,100,77,113,62,67,82,10" hai2="73,18,64,29,76,118,5,52,55,53,75,129,81" hai3="120,112,26,20,88,25,54,30,89,14,31,128,43"/><T135/><D33/><U124/><E124/><V66/><F129/><W12/><G112/><T51/><D37/><U32/><E113/><V94/><F118/><W60/><G128/><N who="1" m="49194" /><E10/><V107/><F107/><W35/><G43/><T46/><D135/><U86/><E50/><V11/><F75/><W15/><REACH who="3" step="1"/><G120/><REACH who="3" ten="250,250,250,240" step="2"/><T110/><D116/><U97/><E100/><V7/><F29/><W19/><G19/><T115/><D115/><U103/><E103/><V111/><F111/><N who="0" m="42506" /><D119/><U45/><E45/><V69/><F18/><W3/><G3/><T134/><D117/><U44/><E44/><V87/><F7/><W80/><G80/><N who="0" m="47263" /><D134/><U13/><E13/><V72/><F69/><W99/><G99/><N who="0" m="59623" /><D8/><U24/><AGARI ba="0,1" hai="24,28,32,56,62,67,77,82,86,97,98" m="49194" machi="24" ten="30,1100,0" yaku="19,1" doraHai="84" who="1" fromWho="1" sc="250,-5,250,21,250,-3,240,-3" /><INIT seed="1,0,0,5,2,123" ten="245,271,247,237" oya="1" hai0="37,82,26,118,48,109,17,58,5,108,41,46,91" hai1="96,85,131,93,61,65,42,39,24,70,122,9,107" hai2="84,76,57,23,32,28,86,120,6,88,45,103,116" hai3="30,79,69,90,59,113,119,62,68,55,80,44,101"/><U87/><E122/><V13/><F120/><W134/><G113/><T73/><D118/><U132/><E132/><V105/><F116/><W49/><G119/><T52/><D5/><U16/><E131/><V1/><F76/><W12/><G134/><T66/><D66/><U99/><E107/><V0/><F84/><W67/><G101/><T19/><D26/><U33/><E42/><V133/><F133/><W14/><G30/><T98/><D73/><U4/><E39/><V63/><F45/><W100/><G100/><T51/><D37/><U11/><E11/><V75/><F75/><W8/><G14/><T2/><D2/><U40/><E40/><V27/><F103/><W35/><G35/><T83/><D98/><U7/><E99/><V81/><F105/><W111/><G90/><T43/><D43/><U110/><E4/><V53/><REACH who="2" step="1"/><F6/><REACH who="2" ten="245,271,237,237" step="2"/><W74/><G111/><N who="0" m="42571" /><D91/><U38/><E110/><V104/><F104/><W135/><G135/><T89/><D89/><U22/><E38/><V124/><F124/><W21/><G74/><T125/><D125/><U95/><E96/><V31/><F31/><W29/><G29/><T127/><D127/><U20/><E85/><V78/><F78/><W47/><G79/><T92/><D92/><U117/><E117/><V112/><F112/><W97/><G97/><T60/><D51/><U25/><E87/><V77/><F77/><W34/><G49/><T72/><D72/><U114/><E114/><V126/><F126/><W18/><G18/><AGARI ba="0,1" hai="17,18,19,41,46,48,52,58,60,82,83" m="42571" machi="18" ten="30,8000,1" yaku="14,1,52,3,54,1" doraHai="123" who="0" fromWho="3" sc="245,90,271,0,237,0,237,-80" /><AGARI ba="0,0" hai="0,1,13,18,23,27,28,32,53,57,63,81,86,88" machi="18" ten="40,5200,0" yaku="1,1,54,1,53,1" doraHai="123" doraHaiUra="15" who="2" fromWho="3" sc="335,0,271,0,237,52,157,-52" /><INIT seed="2,0,0,1,5,83" ten="335,271,289,105" oya="2" hai0="94,21,47,3,71,91,11,135,48,74,29,87,85" hai1="46,73,98,88,7,117,9,82,80,58,122,53,26" hai2="129,37,112,1,42,32,114,89,60,28,131,45,108" hai3="81,93,59,78,134,36,56,75,31,41,133,62,64"/><V124/><F1/><W52/><G31/><T100/><D74/><U50/><E117/><V55/><F28/><W104/><G104/><T43/><D71/><U103/><E122/><V130/><F32/><W109/><G109/><T23/><D135/><U0/><E73/><V107/><F107/><W118/><G118/><T2/><D100/><U4/><E4/><V68/><F89/><W123/><G123/><T40/><D40/><U72/><E26/><V128/><N who="2" m="32768" /><DORA hai="27" /><V102/><F102/><W38/><G41/><T67/><D67/><U54/><E72/><V20/><F20/><W34/><G34/><T127/><D127/><U110/><E110/><V125/><F108/><W132/><REACH who="3" step="1"/><G93/><REACH who="3" ten="335,271,289,95" step="2"/><T30/><D30/><U8/><E0/><V120/><F120/><W13/><G13/><T101/><D3/><U65/><E80/><V12/><F12/><W106/><G106/><T57/><D29/><U105/><E82/><V86/><F125/><W69/><G69/><T5/><D2/><U14/><E14/><V76/><F124/><W70/><G70/><T115/><D94/><U35/><E35/><V126/><F126/><W96/><G96/><T90/><D43/><U19/><E98/><V121/><F121/><W79/><G79/><T92/><D92/><U97/><E97/><V15/><F15/><W63/><AGARI ba="0,1" hai="36,38,52,56,59,62,63,64,75,78,81,132,133,134" machi="63" ten="40,8000,1" yaku="1,1,0,1,20,1,54,1,53,1" doraHai="83,27" doraHaiUra="44,51" who="3" fromWho="3" sc="335,-20,271,-20,289,-40,95,90" /><INIT seed="3,0,0,3,5,32" ten="315,251,249,185" oya="3" hai0="16,134,56,115,98,10,25,13,91,15,61,22,69" hai1="130,52,84,97,39,118,71,57,110,113,53,41,40" hai2="88,75,18,38,17,54,35,124,44,95,100,2,120" hai3="78,109,55,135,74,63,99,94,46,70,42,0,93"/><W3/><G94/><N who="0" m="56671" /><D69/><U76/><E113/><V77/><F35/><W119/><G119/><T4/><D115/><U126/><E71/><V111/><F124/><W101/><G135/><T125/><D134/><U106/><E110/><V103/><F111/><W128/><G109/><T34/><D34/><U26/><E130/><V23/><F120/><W11/><G128/><T36/><D36/><U90/><E76/><V59/><F77/><W8/><G8/><T116/><D125/><U131/><E53/><V92/><F75/><W86/><G11/><T31/><D116/><U127/><E26/><V108/><F108/><W37/><G86/><T33/><D33/><U114/><E40/><V83/><F83/><W80/><REACH who="3" step="1"/><G55/><REACH who="3" ten="315,251,249,175" step="2"/><N who="0" m="33951" /><D31/><U19/><E84/><V6/><F95/><W123/><G123/><T85/><D85/><U117/><E117/><V112/><F112/><W45/><G45/><T5/><D5/><U20/><E118/><V24/><F44/><W81/><G81/><T60/><D60/><U66/><E131/><V73/><F73/><W65/><AGARI ba="0,1" hai="0,3,37,42,46,63,65,70,74,78,80,93,99,101" machi="65" ten="30,12000,1" yaku="1,1,0,1,52,2,53,1" doraHai="32" doraHaiUra="64" who="3" fromWho="3" sc="315,-40,251,-40,249,-40,175,130" /><INIT seed="3,1,0,2,0,4" ten="275,211,209,305" oya="3" hai0="24,30,40,86,123,52,129,116,98,99,131,93,60" hai1="49,41,67,66,23,128,55,48,121,87,19,83,126" hai2="78,34,112,88,76,33,65,68,72,31,27,20,69" hai3="115,130,108,80,101,95,135,84,119,50,59,57,46"/><W90/><G119/><T6/><D116/><U7/><E121/><V9/><F112/><W0/><G0/><T89/><D123/><U96/><E128/><N who="0" m="49225" /><D40/><U38/><E38/><V77/><F72/><W124/><G115/><T85/><D85/><U73/><E126/><V12/><F69/><W92/><G124/><T16/><D6/><U91/><E73/><V71/><F71/><W122/><G122/><T125/><D125/><U63/><E7/><V43/><F43/><W54/><G135/><T74/><D74/><U51/><E41/><V26/><F26/><W102/><G108/><T37/><D37/><U75/><E75/><V62/><REACH who="2" step="1"/><F88/><REACH who="2" ten="275,211,199,305" step="2"/><N who="3" m="53255" /><G130/><T56/><D30/><U5/><E91/><V53/><F53/><W105/><G80/><T13/><D24/><U64/><E55/><V134/><F134/><W8/><G90/><T21/><AGARI ba="1,1" hai="13,16,21,52,56,60,86,89,93,98,99" m="49225" machi="21" ten="30,4000,0" yaku="19,1,54,2" doraHai="4" who="0" fromWho="0" sc="275,53,211,-11,199,-11,305,-21" /><INIT seed="4,0,0,2,3,135" ten="328,200,188,284" oya="0" hai0="129,28,125,69,110,41,75,132,54,67,131,78,50" hai1="52,36,45,121,53,74,123,59,42,102,76,124,89" hai2="31,72,15,46,94,61,108,19,83,4,11,43,85" hai3="71,79,81,22,38,60,1,29,55,2,62,8,48"/><T27/><D132/><U122/><E102/><V118/><F108/><W16/><G38/><T9/><D110/><U113/><E89/><V70/><F118/><W130/><G130/><N who="0" m="49675" /><D41/><U26/><E26/><V105/><F105/><W56/><G29/><T127/><D9/><U93/><E93/><V109/><F109/><W119/><G119/><T18/><D18/><U5/><E76/><V7/><F72/><W106/><G106/><T68/><D78/><U126/><E74/><V92/><F43/><W30/><G30/><T95/><D95/><U117/><E117/><V86/><F31/><W98/><G98/><T103/><D103/><U13/><E113/><V58/><F46/><W63/><G71/><N who="0" m="27211" /><D67/><U47/><E13/><V44/><F44/><W32/><G8/><T23/><D75/><U87/><E5/><N who="2" m="2123" /><F70/><W25/><G2/><T104/><D104/><U34/><E87/><N who="2" m="33291" /><F83/><W90/><G1/><T77/><D77/><U101/><E101/><V107/><F107/><W64/><G79/><T112/><D112/><U114/><E114/><V6/><N who="2" m="2131" /><V82/><DORA hai="134" /><F82/><W91/><G81/><T133/><D133/><U49/><E34/><V96/><F96/><W10/><G32/><T100/><D100/><U51/><AGARI ba="0,0" hai="36,42,45,47,49,51,52,53,59,121,122,123,124,126" machi="51" ten="40,16000,3" yaku="0,1,34,3,52,4,54,1" doraHai="135,134" who="1" fromWho="1" sc="328,-80,200,160,188,-40,284,-40" /><INIT seed="5,0,0,4,1,92" ten="248,360,148,244" oya="1" hai0="72,83,126,10,98,47,18,31,22,134,46,79,61" hai1="52,117,20,29,40,70,2,125,86,75,58,37,105" hai2="11,114,59,3,5,43,94,33,45,13,131,91,49" hai3="101,122,71,73,104,130,129,111,60,107,9,35,84"/><U19/><E75/><V24/><F114/><W23/><G35/><T90/><D126/><U68/><E117/><V81/><F131/><W124/><G73/><T115/><D115/><U17/><E2/><V93/><F3/><W32/><G32/><T113/><D113/><U42/><E105/><V25/><F33/><W82/><G124/><T103/><D90/><U128/><E125/><V65/><F94/><W135/><G111/><T95/><D134/><U118/><E118/><V127/><F127/><W15/><G135/><T7/><D31/><U53/><E58/><V14/><F14/><W87/><G122/><T112/><D112/><U97/><E37/><V36/><F81/><W96/><G23/><T50/><D61/><U6/><E20/><V123/><F123/><W66/><G107/><T64/><D64/><U30/><E6/><V57/><F36/><W54/><G54/><T85/><D50/><U48/><E48/><V119/><F119/><W102/><G102/><T69/><D69/><U89/><E89/><V1/><F1/><W4/><G82/><T78/><D78/><U12/><E12/><V16/><F5/><W88/><G88/><T56/><D72/><U133/><E86/><V63/><F57/><W108/><G108/><T27/><REACH who="0" step="1"/><D56/><REACH who="0" ten="238,360,148,244" step="2"/><U116/><E116/><V62/><REACH who="2" step="1"/><F63/><REACH who="2" ten="238,360,138,244" step="2"/><W110/><G110/><T109/><D109/><U76/><E133/><V120/><F120/><W74/><G74/><T67/><D67/><U28/><E70/><V26/><F26/><W8/><G71/><T41/><D41/><U77/><E40/><V99/><AGARI ba="0,2" hai="11,13,16,24,25,43,45,49,59,62,65,91,93,99" machi="99" ten="20,12000,2" yaku="1,1,5,1,0,1,7,1,8,1,52,1,54,1,53,0" doraHai="92" doraHaiUra="80" who="2" fromWho="2" sc="238,-30,360,-60,138,140,244,-30" /><INIT seed="6,0,0,1,0,90" ten="208,300,278,214" oya="2" hai0="78,11,67,125,50,62,51,53,2,112,99,61,52" hai1="59,17,48,114,16,134,44,63,69,118,57,31,29" hai2="82,38,107,37,84,33,54,25,43,47,3,116,23" hai3="66,77,41,19,79,120,91,74,123,110,93,102,89"/><V124/><F116/><W35/><G35/><T9/><D112/><U40/><E118/><V109/><F3/><W0/><G66/><T113/><D113/><U95/><E69/><V8/><F107/><W24/><G41/><T100/><D78/><U131/><E114/><V135/><F33/><W26/><G0/><T27/><D27/><U12/><E134/><V108/><F135/><W20/><G110/><N who="2" m="42601" /><F124/><W97/><G74/><T122/><D122/><U10/><E131/><V1/><F54/><W87/><G91/><T83/><D83/><U42/><E42/><V119/><F119/><W49/><G49/><T72/><D72/><U18/><E95/><V103/><F103/><W128/><G128/><T58/><D125/><U4/><REACH who="1" step="1"/><E57/><REACH who="1" ten="208,290,278,214" step="2"/><V68/><F68/><W30/><G123/><T115/><D115/><U117/><E117/><V80/><F80/><W94/><G120/><T21/><D58/><U111/><E111/><V132/><F132/><W106/><G106/><T104/><D104/><U101/><E101/><V65/><F82/><W15/><G30/><T64/><D100/><U71/><E71/><V105/><F105/><W34/><G34/><T129/><D129/><U28/><E28/><V55/><F43/><W39/><G39/><T45/><D45/><U85/><E85/><V6/><F84/><W60/><G60/><T14/><D99/><U127/><E127/><V121/><F121/><W7/><G7/><T96/><D96/><U126/><E126/><V13/><F38/><W46/><G46/><T130/><D130/><U76/><E76/><AGARI ba="0,1" hai="15,19,20,24,26,76,77,79,87,89,93,94,97,102" machi="76" ten="40,5200,0" yaku="8,1,52,2" doraHai="90" who="3" fromWho="1" sc="208,0,290,-52,278,0,214,62" /><INIT seed="7,0,0,0,4,96" ten="208,238,278,276" oya="3" hai0="126,123,117,99,135,106,48,31,82,94,79,76,43" hai1="93,4,105,67,125,25,114,55,133,40,58,64,113" hai2="10,77,41,110,132,50,89,88,60,37,42,32,21" hai3="68,63,38,83,44,65,104,85,2,33,8,17,57"/><W66/><G33/><T30/><D123/><U70/><E105/><V74/><F110/><W122/><G122/><T39/><D117/><U72/><E72/><V69/><F32/><W12/><G104/><T87/><D39/><U13/><E40/><V86/><F37/><W95/><G2/><T107/><D107/><U112/><E70/><V0/><F74/><W118/><G118/><T16/><D79/><U3/><E3/><V71/><F132/><W109/><G109/><T98/><D126/><U75/><E75/><V80/><F21/><W131/><G131/><T111/><D135/><U119/><E119/><V121/><F121/><W84/><G68/><T92/><D106/><U26/><E133/><V7/><F71/><W127/><G127/><T129/><D129/><U51/><E125/><V46/><REACH who="2" step="1"/><F41/><REACH who="2" ten="208,238,268,276" step="2"/><W15/><G38/><T6/><D111/><U19/><E114/><V97/><F97/><W54/><G84/><T36/><D36/><U115/><E115/><V18/><F18/><W22/><G22/><T128/><D128/><U49/><E19/><V100/><F100/><W78/><G17/><T102/><D16/><U101/><E101/><V81/><F81/><W108/><G83/><T29/><D6/><U20/><E113/><V24/><F24/><W116/><G85/><T91/><D30/><N who="1" m="17703" /><E26/><V56/><F56/><W61/><G57/><T62/><REACH who="0" step="1"/><D62/><REACH who="0" ten="198,238,268,276" step="2"/><N who="1" m="36191" /><E112/><V73/><F73/><W90/><G108/><T45/><AGARI ba="0,2" hai="29,31,43,45,48,76,82,87,91,92,94,98,99,102" machi="45" ten="30,7900,0" yaku="1,1,0,1,8,1,52,1,53,0" doraHai="96" doraHaiUra="52" who="0" fromWho="0" sc="198,99,238,-20,268,-20,276,-39" /><INIT seed="8,0,0,0,0,60" ten="297,218,248,237" oya="0" hai0="66,59,33,51,47,6,103,97,3,111,28,61,114" hai1="82,14,34,46,16,122,20,0,115,11,78,77,8" hai2="63,32,26,117,74,25,70,88,127,124,119,69,58" hai3="110,84,50,54,93,1,43,105,18,104,40,125,87"/><T15/><D114/><U31/><E122/><V2/><F74/><W98/><G1/><T41/><D111/><U57/><E115/><V68/><F2/><W12/><G110/><T79/><D3/><U49/><E34/><V75/><F75/><W83/><G125/><N who="2" m="48201" /><F88/><N who="3" m="55591" /><G105/><T24/><D79/><N who="1" m="30219" /><E0/><V39/><F39/><W94/><G104/><T35/><D35/><U89/><E31/><N who="2" m="19567" /><F26/><W36/><G94/><T108/><D108/><U53/><E46/><V55/><AGARI ba="0,0" hai="55,58,63,68,69,70,117,119" m="19567,48201" machi="55" ten="40,1500,0" yaku="18,1" doraHai="60" who="2" fromWho="2" sc="297,-7,218,-4,248,15,237,-4" /><INIT seed="9,0,0,4,2,30" ten="290,214,263,233" oya="1" hai0="0,26,39,45,16,102,71,132,131,76,48,46,7" hai1="120,110,42,10,67,93,24,8,9,75,77,21,64" hai2="12,53,35,18,101,125,57,66,5,113,25,27,105" hai3="43,115,1,20,114,130,74,34,116,31,36,23,81"/><U107/><E120/><V49/><F125/><W51/><G51/><T88/><D71/><U61/><E107/><V69/><F113/><W98/><G98/><T62/><D39/><U78/><E110/><V63/><F5/><W47/><G130/><T37/><D37/><U52/><E42/><V111/><F111/><W135/><G23/><N who="0" m="13671" /><D76/><N who="1" m="29291" /><E75/><V13/><F27/><W4/><G20/><T72/><D72/><U109/><E93/><V11/><F13/><W108/><G108/><T122/><D102/><U103/><E103/><V56/><F101/><W59/><G59/><T117/><D117/><U65/><E109/><V15/><F105/><W96/><G116/><T85/><D132/><U128/><E128/><V92/><F92/><W60/><G135/><T41/><D131/><U29/><E61/><V22/><F69/><W94/><G60/><T79/><D62/><U100/><E100/><V17/><REACH who="2" step="1"/><F25/><REACH who="2" ten="290,214,253,233" step="2"/><N who="3" m="18799" /><G94/><T84/><D7/><U106/><E106/><V55/><F55/><AGARI ba="0,1" hai="8,9,10,21,24,29,52,55,64,65,67" m="29291" machi="55" ten="40,3900,0" yaku="8,1,54,1" doraHai="30" who="1" fromWho="2" sc="290,0,214,49,253,-39,233,0" /><INIT seed="9,1,0,3,4,104" ten="290,263,214,233" oya="1" hai0="0,119,60,117,59,10,95,91,30,9,55,120,133" hai1="41,72,44,50,37,27,43,73,63,77,75,56,125" hai2="16,110,62,2,122,24,111,112,3,83,84,123,98" hai3="40,106,134,102,121,64,22,19,114,109,26,53,68"/><U130/><E130/><V1/><F62/><W25/><G109/><N who="2" m="41481" /><F98/><W46/><G102/><T54/><D30/><U11/><E125/><V47/><F47/><W58/><G106/><T33/><D33/><U79/><E27/><V81/><F84/><W90/><G121/><N who="2" m="46089" /><F83/><W51/><G114/><T80/><D0/><U4/><E41/><V36/><F81/><W20/><G134/><T71/><D133/><U85/><E37/><V131/><F36/><W7/><G7/><T86/><D120/><U5/><E85/><V94/><F94/><W57/><G90/><N who="0" m="51527" /><D55/><U6/><REACH who="1" step="1"/><E11/><REACH who="1" ten="290,253,214,233" step="2"/><V107/><F107/><W65/><G40/><T48/><D10/><U99/><E99/><V35/><F131/><W89/><G26/><T34/><D9/><U100/><E100/><V96/><F96/><W32/><G25/><T29/><D119/><U113/><E113/><V42/><F42/><W103/><G103/><T39/><D117/><U17/><E17/><V87/><F87/><W69/><G19/><T126/><D126/><U8/><E8/><V15/><F112/><W45/><G32/><T128/><D39/><U116/><E116/><V129/><F129/><W101/><G101/><T132/><D128/><U124/><E124/><V18/><F15/><W14/><G14/><T93/><D132/><U49/><E49/><V13/><F13/><W21/><G89/><T97/><D48/><U67/><AGARI ba="1,1" hai="4,5,6,43,44,50,56,63,67,72,73,75,77,79" machi="67" ten="40,12000,1" yaku="1,1,0,1,52,3,53,0" doraHai="104" doraHaiUra="78" who="1" fromWho="1" sc="290,-41,253,133,214,-41,233,-41" owari="249,4.9,386,48.6,173,-32.7,192,-20.8" /></mjloggm>