<mjloggm ver="2.3"><GO type="169" lobby="0"/><UN n0="%E3%81%A8%E3%82%8D%E3%82%8D%E3%81%9D%E3%81%B0" n1="%E6%B8%85%E9%A2%A8%E5%8C%97" n2="%E3%83%94%E3%83%B3%E3%82%B5%E3%83%AD%E5%BA%97%E5%93%A1" n3="%73%61%6E%64%69%72%69%73" dan="17,16,17,17" rate="2229.95,2175.87,2261.84,2210.16" sx="M,F,M,M"/><TAIKYOKU oya="0"/><INIT seed="0,0,0,0,3,114" ten="250,250,250,250" oya="0" hai0="20,50,35,53,6,16,94,8,48,36,39,126,111" hai1="69,59,10,115,17,57,37,91,79,34,24,93,43" hai2="7,32,2,121,67,120,41,116,134,72,12,84,73" hai3="107,30,85,75,128,31,125,13,88,127,83,58,71"/><T106/><D106/><U9/><E69/><V70/><F12/><W25/><G71/><T76/><D35/><U54/><E115/><V130/><F84/><W122/><G107/><T15/><D126/><N who="3" m="48137" /><G128/><T55/><D111/><U86/><E37/><V56/><F56/><W51/><G122/><T123/><D123/><U65/><E43/><V66/><F66/><W92/><G13/><T11/><D76/><U60/><E79/><V42/><F42/><W99/><G75/><N who="2" m="28745" /><F41/><W108/><G108/><T80/><D80/><U33/><E33/><V87/><F87/><W78/><G25/><T124/><D124/><U104/><E104/><V97/><F97/><W100/><G100/><T133/><D133/><U46/><E46/><V52/><F32/><W96/><G96/><T27/><D94/><U61/><REACH who="1" step="1"/><E34/><REACH who="1" ten="250,240,250,250" step="2"/><V81/><F70/><W26/><G26/><T74/><D74/><U22/><AGARI ba="0,1" hai="9,10,17,22,24,54,57,59,60,61,65,86,91,93" machi="22" ten="30,8000,1" yaku="1,1,2,1,0,1,8,1,53,1" doraHai="114" doraHaiUra="14" who="1" fromWho="1" sc="250,-40,240,90,250,-20,250,-20" /><INIT seed="1,0,0,5,2,11" ten="210,330,230,230" oya="1" hai0="65,122,67,130,34,66,103,79,83,18,29,21,96" hai1="111,55,80,72,87,64,47,113,120,94,32,109,81" hai2="24,98,131,0,51,118,61,121,42,36,10,82,70" hai3="22,132,63,127,4,95,84,14,28,40,59,8,135"/><U27/><E120/><V68/><F118/><W105/><G105/><T69/><D69/><U100/><E113/><V62/><F121/><W60/><G127/><T99/><D122/><U115/><E115/><V128/><F24/><N who="3" m="16407" /><G40/><T110/><D110/><N who="1" m="41995" /><E64/><V77/><F98/><W45/><G45/><T38/><D38/><U129/><E129/><N who="2" m="49739" /><F36/><W17/><G59/><T52/><D130/><U31/><E72/><V85/><F42/><W125/><G125/><T39/><D39/><U57/><E47/><V44/><F0/><W92/><G4/><T58/><D34/><U108/><N who="1" m="42003" /><U116/><DORA hai="25" /><E116/><V30/><F10/><W101/><G101/><T114/><D114/><U2/><E2/><V117/><F30/><W102/><G102/><T106/><D99/><N who="1" m="59511" /><E87/><V91/><F117/><W15/><G84/><T26/><D79/><U53/><E53/><N who="2" m="29927" /><F77/><W43/><G43/><T71/><D71/><AGARI ba="0,0" hai="61,62,68,70,71,82,85,91" m="29927,49739" machi="71" ten="30,1000,0" yaku="19,1" doraHai="11,25" who="2" fromWho="0" sc="210,-10,330,0,230,10,230,0" /><INIT seed="2,0,0,5,0,66" ten="200,330,240,230" oya="2" hai0="31,59,47,65,134,16,24,21,112,57,110,2,11" hai1="29,68,99,40,130,1,74,3,94,55,90,26,46" hai2="127,53,101,114,79,124,129,77,103,97,102,28,132" hai3="89,111,73,20,17,36,39,72,118,133,15,108,115"/><V41/><F41/><W52/><G118/><T33/><D112/><U10/><E74/><V84/><F28/><W87/><G133/><T83/><D134/><U44/><E130/><V105/><F132/><W119/><G119/><T120/><D120/><U8/><E68/><V19/><F53/><W14/><G115/><T27/><D110/><N who="3" m="42025" /><G15/><T7/><D65/><U95/><E55/><V9/><F114/><W92/><G52/><T34/><D34/><U78/><E78/><N who="2" m="29707" /><F19/><W5/><G5/><T69/><D69/><U135/><E135/><V80/><F9/><W106/><G106/><T82/><REACH who="0" step="1"/><D47/><REACH who="0" ten="190,330,240,230" step="2"/><U25/><E46/><V45/><F45/><W86/><G86/><T67/><D67/><U121/><E44/><V18/><F129/><W96/><G87/><T122/><D122/><U12/><E121/><V64/><F64/><W63/><G63/><T61/><D61/><U0/><E40/><V56/><F56/><AGARI ba="0,1" hai="2,7,11,16,21,24,27,31,33,56,57,59,82,83" machi="56" ten="40,2600,0" yaku="1,1,54,1,53,0" doraHai="66" doraHaiUra="126" who="0" fromWho="2" sc="190,36,330,0,240,-26,230,0" /><INIT seed="3,0,0,2,3,41" ten="226,330,214,230" oya="3" hai0="89,90,53,123,46,16,100,88,38,133,3,113,98" hai1="2,83,131,127,95,86,34,104,79,21,51,31,92" hai2="57,121,8,97,14,112,12,94,106,29,55,73,78" hai3="129,42,64,71,11,70,111,13,116,5,101,26,45"/><W135/><G116/><T60/><D123/><U87/><E104/><V67/><F112/><W105/><G135/><T115/><D3/><U37/><E37/><V84/><F121/><W76/><G129/><T58/><D133/><U17/><E2/><V50/><F73/><W43/><G111/><T30/><D30/><U54/><E127/><V0/><F106/><W74/><G43/><T20/><D38/><U118/><E118/><V1/><F29/><W47/><G26/><T10/><D10/><U61/><E61/><V81/><F14/><W102/><G102/><T107/><REACH who="0" step="1"/><D46/><REACH who="0" ten="216,330,214,230" step="2"/><U119/><E31/><V93/><F1/><W56/><G47/><T132/><D132/><U15/><E131/><V91/><F0/><W65/><G45/><T36/><D36/><U48/><E119/><V52/><F8/><W19/><G11/><T96/><D96/><U130/><E130/><V69/><F97/><W80/><G5/><T62/><D62/><U18/><E34/><V6/><F6/><W134/><G134/><T99/><D99/><U110/><E110/><V66/><F69/><W75/><G71/><T122/><D122/><U4/><E21/><V126/><F126/><W22/><G70/><T117/><D117/><U23/><E23/><V32/><F32/><W35/><G35/><T25/><AGARI ba="0,1" hai="16,20,25,53,58,60,88,89,90,98,100,107,113,115" machi="25" ten="30,7900,0" yaku="1,1,0,1,54,2,53,0" doraHai="41" doraHaiUra="33" who="0" fromWho="0" sc="216,89,330,-20,214,-20,230,-39" /><INIT seed="4,0,0,5,1,70" ten="305,310,194,191" oya="0" hai0="21,16,4,82,42,46,13,52,122,102,133,73,101" hai1="74,9,111,110,50,117,12,22,116,51,63,6,33" hai2="36,17,97,93,121,15,89,79,5,83,18,19,64" hai3="32,85,66,29,59,104,107,38,8,86,20,123,106"/><T130/><D122/><U61/><E33/><V124/><F121/><W31/><G123/><T24/><D130/><U40/><E74/><V68/><F124/><W48/><G32/><T45/><D133/><U14/><E22/><V108/><F108/><W77/><G38/><T2/><D2/><U39/><E40/><V0/><F0/><W132/><G132/><T7/><D73/><U80/><E80/><V87/><F68/><W105/><N who="3" m="26624" /><DORA hai="88" /><W96/><G77/><T119/><D119/><U99/><E99/><V47/><F64/><W98/><G8/><T100/><D82/><U129/><E9/><V112/><F112/><W37/><G37/><T25/><D46/><U81/><E81/><V125/><F125/><W78/><G78/><T103/><N who="0" m="25600" /><DORA hai="67" /><T35/><D52/><U127/><E127/><V27/><F27/><N who="0" m="10314" /><D35/><U60/><E60/><V75/><F75/><W3/><G3/><T53/><D42/><U84/><E39/><V44/><REACH who="2" step="1"/><F36/><REACH who="2" ten="305,310,184,191" step="2"/><W28/><G66/><T26/><D26/><U126/><E126/><V94/><F94/><W54/><REACH who="3" step="1"/><G20/><REACH who="3" ten="305,310,184,181" step="2"/><T34/><D34/><U134/><E134/><V118/><F118/><W76/><G76/><T23/><D21/><U72/><E117/><V90/><F90/><W113/><G113/><T41/><D23/><U65/><E116/><V1/><F1/><W131/><G131/><T57/><D13/><U43/><E14/><V95/><F95/><W55/><G55/><T62/><D41/><U120/><E43/><V30/><F30/><W56/><G56/><T91/><D53/><U128/><E12/><RYUUKYOKU ba="0,2" sc="305,-15,310,-15,184,15,181,15" hai2="5,15,17,18,19,44,47,79,83,87,89,93,97" hai3="28,29,31,48,54,59,85,86,96,98" /><INIT seed="5,1,2,3,3,108" ten="290,295,199,196" oya="1" hai0="0,55,92,15,33,24,70,41,94,66,5,39,50" hai1="3,134,131,65,79,34,26,54,56,31,45,126,25" hai2="59,53,17,19,129,58,93,110,95,27,77,63,89" hai3="2,62,44,7,16,40,81,29,46,76,42,57,130"/><U68/><E3/><V43/><F110/><W52/><G130/><T102/><D0/><U91/><E131/><V118/><F118/><W10/><G29/><T115/><D33/><U1/><E126/><V116/><F116/><W97/><G97/><T133/><D24/><U117/><E1/><V87/><F129/><W72/><G46/><T18/><D5/><U121/><E117/><V127/><F127/><W113/><G113/><T80/><D80/><U86/><E121/><V67/><F43/><W13/><REACH who="3" step="1"/><G44/><REACH who="3" ten="290,295,199,186" step="2"/><T114/><D133/><U101/><E45/><V51/><F77/><W109/><G109/><T98/><D39/><U71/><E79/><V47/><F47/><W88/><G88/><T82/><D41/><U103/><E91/><N who="2" m="53503" /><F27/><W32/><G32/><T30/><D30/><U122/><E26/><V105/><F105/><W35/><G35/><T119/><D119/><U111/><E25/><V21/><F21/><AGARI ba="1,3" hai="2,7,10,13,16,21,40,42,52,57,62,72,76,81" machi="21" ten="30,8000,1" yaku="1,1,7,1,54,2,53,1" doraHai="108" doraHaiUra="107" who="3" fromWho="2" sc="290,0,295,0,199,-83,186,113" /><INIT seed="6,0,0,1,2,1" ten="290,295,116,299" oya="2" hai0="46,84,17,49,104,101,41,4,26,23,120,75,32" hai1="115,9,61,87,68,13,20,28,45,5,94,83,126" hai2="14,112,2,63,60,21,110,76,95,102,93,7,86" hai3="19,97,73,27,34,133,121,131,89,77,103,42,22"/><V15/><F112/><W114/><G121/><T124/><D120/><U108/><E108/><V109/><F2/><W116/><G116/><T66/><D75/><U91/><E115/><V96/><F21/><W128/><G114/><T107/><D124/><U24/><E126/><V25/><F25/><W100/><G133/><T33/><D66/><U129/><E129/><N who="3" m="49738" /><G42/><T11/><D84/><U82/><E68/><V62/><F15/><W47/><G47/><T38/><D38/><U58/><REACH who="1" step="1"/><E45/><REACH who="1" ten="290,285,116,299" step="2"/><V0/><F0/><W117/><G117/><T81/><D81/><U12/><E12/><V44/><F44/><W52/><G27/><T59/><D59/><U16/><E16/><V6/><F14/><W74/><G19/><T88/><D33/><U55/><AGARI ba="0,1" hai="5,9,13,20,24,28,55,58,61,82,83,87,91,94" machi="55" ten="20,8000,1" yaku="1,1,0,1,7,1,8,1,52,1,53,0" doraHai="1" doraHaiUra="130" who="1" fromWho="1" sc="290,-20,285,90,116,-40,299,-20" /><INIT seed="7,0,0,5,4,61" ten="270,375,76,279" oya="3" hai0="83,18,114,119,87,72,36,19,2,92,67,107,0" hai1="41,6,54,97,11,15,24,117,20,31,126,105,125" hai2="103,7,77,33,123,81,133,39,102,60,26,129,84" hai3="108,66,64,47,115,59,46,8,79,62,53,73,88"/><W10/><G73/><T13/><D107/><U113/><E113/><V111/><F7/><W45/><G79/><T23/><D36/><U134/><E134/><V68/><F60/><W110/><G115/><T74/><D119/><U94/><E41/><V22/><F22/><W116/><G116/><T76/><D114/><U51/><E105/><V42/><F26/><W28/><G28/><T106/><D106/><U118/><E118/><V80/><F42/><W75/><G75/><T34/><D34/><U43/><E43/><V90/><F68/><W16/><G110/><T124/><D124/><N who="1" m="47723" /><E117/><V9/><F9/><N who="3" m="3691" /><G108/><T104/><D104/><U91/><E51/><V21/><F21/><W122/><G122/><T48/><D74/><U98/><E54/><V30/><F30/><W32/><G32/><T78/><D67/><N who="3" m="25641" /><G88/><N who="0" m="53279" /><D78/><U132/><E132/><V63/><F33/><W12/><G47/><T70/><D70/><U71/><E71/><V95/><F39/><W1/><G1/><T109/><D109/><U99/><AGARI ba="0,0" hai="6,11,15,20,24,31,91,94,97,98,99" m="47723" machi="99" ten="30,1100,0" yaku="18,1" doraHai="61" who="1" fromWho="1" sc="270,-3,375,11,76,-3,279,-5" owari="267,-13.3,386,48.6,73,-42.7,274,7.4" /></mjloggm>