<mjloggm ver="2.3"><GO type="169" lobby="0"/><UN n0="%61%73%6D%65%69%61%73" n1="%E3%81%BE%E3%81%A8%E3%81%9F" n2="%73%6F%63%63%68%79" n3="%E9%80%B2%E5%8C%96%E3%81%99%E3%82%8B%E7%8C%BF" dan="16,16,16,16" rate="2100.83,2108.37,2081.82,2076.82" sx="M,M,M,M"/><TAIKYOKU oya="0"/><INIT seed="0,0,0,5,5,21" ten="250,250,250,250" oya="0" hai0="131,102,22,67,33,93,2,73,50,134,90,95,27" hai1="132,69,26,88,79,94,76,99,36,5,9,87,92" hai2="15,6,56,83,48,18,49,126,66,72,39,75,112" hai3="35,32,68,123,122,10,107,115,29,17,62,34,30"/><T8/><D73/><U4/><E132/><V120/><F39/><W58/><G107/><T101/><D134/><U71/><E36/><V117/><F120/><N who="3" m="46123" /><G68/><T3/><D131/><U11/><E87/><V20/><F112/><W128/><G115/><T135/><D33/><U41/><E41/><V13/><F126/><W78/><G78/><T77/><D77/><U0/><E26/><V84/><F75/><W57/><G128/><T91/><D67/><U25/><E25/><V52/><F72/><W119/><G119/><T53/><D93/><U89/><REACH who="1" step="1"/><E0/><REACH who="1" ten="250,240,250,250" step="2"/><V59/><F117/><W133/><G133/><T81/><D3/><U106/><E106/><V12/><F6/><W114/><G114/><T14/><D2/><U109/><E109/><V38/><F38/><W85/><G85/><T108/><D108/><U70/><E70/><V127/><F127/><W124/><G124/><T7/><D135/><U46/><E46/><V64/><F12/><N who="3" m="7319" /><G58/><N who="0" m="33079" /><D81/><U121/><E121/><V116/><F116/><W47/><G47/><T96/><D91/><U100/><E100/><V1/><F1/><W105/><G105/><T80/><D80/><U40/><E40/><V98/><F13/><W31/><G35/><T110/><D110/><U45/><E45/><V103/><F103/><W104/><G104/><T43/><D43/><U86/><E86/><V54/><REACH who="2" step="1"/><F98/><AGARI ba="0,1" hai="4,5,9,11,69,71,76,79,88,89,92,94,98,99" machi="98" ten="25,6400,0" yaku="1,1,22,2,54,1,53,0" doraHai="21" doraHaiUra="129" who="1" fromWho="2" sc="250,0,240,74,250,-64,250,0" /><INIT seed="1,0,0,3,3,118" ten="250,314,186,250" oya="1" hai0="37,18,30,14,99,13,19,108,75,0,114,51,103" hai1="6,113,80,100,70,112,62,42,45,68,73,12,16" hai2="132,74,131,22,39,97,106,26,71,7,77,135,134" hai3="36,11,34,98,55,67,24,60,4,123,79,29,20"/><U101/><E6/><V54/><F131/><W10/><G36/><T90/><D114/><U25/><E25/><V85/><F71/><W57/><G79/><T92/><D0/><U43/><E73/><V31/><F39/><W133/><G133/><T38/><D75/><U128/><E62/><V27/><F74/><W76/><G76/><T130/><D108/><U83/><E12/><V35/><F7/><W96/><G123/><T116/><D30/><U8/><E8/><V119/><F119/><W21/><G11/><T40/><D130/><U15/><E15/><V33/><F54/><W1/><G21/><T3/><D3/><U93/><E93/><V115/><F115/><W32/><REACH who="3" step="1"/><G67/><REACH who="3" ten="250,314,186,240" step="2"/><T9/><D116/><U53/><E128/><V46/><F27/><W121/><G121/><T111/><D38/><U72/><E72/><V58/><F22/><W126/><G126/><T125/><D37/><U63/><E112/><V120/><F120/><W64/><G64/><T89/><D125/><U52/><E113/><V49/><F35/><AGARI ba="0,1" hai="1,4,10,20,24,29,32,34,35,55,57,60,96,98" machi="35" ten="40,1300,0" yaku="1,1,53,0" doraHai="118" doraHaiUra="86" who="3" fromWho="2" sc="250,0,314,0,186,-13,240,23" /><INIT seed="2,0,0,1,4,88" ten="250,314,173,263" oya="2" hai0="2,93,66,52,0,126,105,21,44,114,12,5,75" hai1="14,55,96,113,109,117,16,92,26,129,60,65,46" hai2="106,70,67,19,98,83,89,91,40,3,84,122,78" hai3="45,33,135,30,39,121,48,64,68,80,42,61,51"/><V133/><F122/><W8/><G121/><T74/><D105/><U120/><E113/><V25/><F3/><W43/><G135/><T132/><D114/><U111/><E120/><V81/><F133/><W77/><G43/><T23/><D132/><U116/><E26/><V112/><F112/><W128/><G128/><T131/><D131/><U71/><E55/><V124/><F124/><W107/><G107/><T134/><D66/><U123/><E46/><V36/><F36/><W115/><G115/><T62/><D126/><U90/><E129/><V104/><F40/><W102/><G102/><T9/><D0/><U49/><E49/><V54/><F54/><W34/><G8/><T76/><D76/><U28/><E28/><V53/><F53/><W94/><G94/><T20/><D2/><U50/><E50/><V100/><F106/><W79/><G79/><T37/><D134/><U118/><REACH who="1" step="1"/><E123/><REACH who="1" ten="250,304,173,263" step="2"/><V41/><F41/><W6/><G30/><T13/><D37/><U63/><E63/><V59/><F25/><W73/><G48/><T11/><D44/><U119/><N who="1" m="29696" /><DORA hai="95" /><U27/><E27/><V15/><F67/><W18/><G51/><T24/><D24/><U29/><E29/><V103/><F70/><W10/><REACH who="3" step="1"/><G18/><REACH who="3" ten="250,304,173,253" step="2"/><T47/><D47/><U127/><E127/><V1/><F19/><W101/><G101/><T31/><D31/><U38/><E38/><V108/><F103/><W58/><G58/><T72/><D62/><U4/><E4/><V86/><F59/><W56/><G56/><T69/><D5/><U125/><E125/><V85/><F100/><RYUUKYOKU ba="0,2" sc="250,-15,304,15,173,-15,253,15" hai1="14,16,60,65,71,90,92,96,109,111" hai3="6,10,33,34,39,42,45,61,64,68,73,77,80" /><INIT seed="3,1,2,1,5,44" ten="235,319,158,268" oya="3" hai0="131,22,78,4,10,108,20,71,69,58,135,115,127" hai1="0,85,80,93,75,82,26,32,37,90,129,132,66" hai2="128,112,49,25,59,63,30,61,72,118,55,21,19" hai3="105,126,60,121,74,53,114,84,42,46,111,96,57"/><W110/><G74/><T124/><D108/><N who="3" m="41513" /><G114/><T122/><D122/><U39/><E0/><V1/><F128/><W14/><G121/><T100/><D135/><U12/><E132/><V123/><F118/><W102/><G126/><N who="0" m="48171" /><D131/><U117/><E117/><V107/><F112/><W77/><G14/><N who="0" m="5447" /><D115/><U62/><E129/><V6/><F107/><W34/><G34/><T15/><D78/><U38/><E12/><V134/><F72/><W5/><G5/><T94/><D58/><U86/><E75/><V64/><F134/><W18/><G18/><N who="0" m="10335" /><D22/><U73/><E73/><V89/><F123/><W41/><G46/><T27/><D27/><U45/><E45/><V31/><F6/><W68/><G68/><T125/><D125/><U106/><E26/><V81/><F1/><W47/><G47/><T113/><D113/><U40/><E32/><V35/><F35/><W133/><G133/><T101/><D94/><U54/><E93/><V98/><F98/><W79/><G79/><T13/><D13/><U91/><E106/><V92/><F81/><AGARI ba="1,2" hai="41,42,53,57,60,77,81,84,96,102,105" m="41513" machi="81" ten="30,2900,0" yaku="14,1,10,1" doraHai="44" who="3" fromWho="2" sc="235,0,319,0,158,-32,268,52" /><INIT seed="3,2,0,2,4,60" ten="235,319,126,320" oya="3" hai0="91,21,12,57,108,97,111,61,37,35,63,30,129" hai1="77,6,81,28,46,87,15,25,58,104,112,11,127" hai2="102,53,79,47,92,93,125,128,76,114,44,89,90" hai3="1,62,42,133,18,51,50,101,98,118,100,131,107"/><W26/><G1/><T85/><D37/><U66/><E112/><V99/><F128/><W49/><G118/><T83/><D129/><U121/><E121/><V56/><F125/><W29/><G131/><T117/><D117/><U23/><E104/><V64/><F114/><W40/><G133/><T135/><D135/><U22/><E127/><V4/><F4/><W134/><G134/><T80/><D35/><U52/><E66/><V59/><F64/><W24/><G100/><T109/><D97/><U27/><E46/><V17/><F17/><W94/><G107/><T36/><D36/><U14/><E14/><V103/><REACH who="2" step="1"/><F53/><REACH who="2" ten="235,319,116,320" step="2"/><W96/><G18/><N who="0" m="10439" /><D30/><U82/><E28/><V3/><F3/><W119/><G119/><T32/><D109/><U54/><E54/><V113/><F113/><W31/><G29/><T116/><D116/><U95/><E52/><V130/><F130/><W2/><G2/><T8/><D111/><U45/><E6/><V67/><F67/><W115/><G115/><T7/><D7/><U123/><E123/><V132/><F132/><W110/><G110/><T75/><D108/><U9/><E27/><V72/><F72/><W65/><G26/><T69/><D75/><U68/><E25/><V39/><F39/><W41/><G24/><T124/><D124/><U55/><E15/><V105/><F105/><W71/><G31/><T19/><D19/><U70/><E55/><V78/><F78/><W13/><G13/><T120/><D120/><U126/><E77/><V33/><F33/><W43/><N who="3" m="10240" /><DORA hai="84" /><W74/><G74/><T0/><D32/><RYUUKYOKU ba="2,1" sc="235,-15,319,-15,116,15,320,15" hai2="44,47,56,59,76,79,89,90,92,93,99,102,103" hai3="49,50,51,62,65,71,94,96,98,101" /><INIT seed="3,3,1,3,3,33" ten="220,304,131,335" oya="3" hai0="52,67,62,117,109,28,70,32,95,71,63,115,20" hai1="7,59,105,4,90,68,31,19,102,113,10,18,37" hai2="34,116,86,55,104,53,44,16,51,65,97,56,80" hai3="75,40,50,128,124,101,108,8,92,129,91,11,3"/><W14/><G75/><T133/><D117/><U77/><E68/><V82/><F34/><W15/><G101/><T17/><D109/><U64/><E37/><V114/><F114/><W57/><G124/><T74/><D74/><U99/><E7/><V69/><F116/><W135/><G135/><T72/><D72/><U45/><E31/><V89/><F69/><W76/><G76/><T22/><D133/><U121/><E77/><V88/><F65/><W1/><G108/><T54/><D115/><U119/><E121/><V42/><F104/><W43/><G57/><T46/><D32/><U111/><E111/><V66/><F97/><W9/><G50/><T2/><D2/><N who="3" m="521" /><G40/><T36/><D63/><U60/><E102/><V126/><F126/><W103/><G43/><T79/><D62/><U122/><E45/><V78/><F66/><W131/><G103/><T81/><D79/><U123/><E60/><V84/><F78/><W85/><AGARI ba="3,1" hai="8,9,11,14,15,85,91,92,128,129,131" m="521" machi="85" ten="40,12000,1" yaku="19,1,52,3" doraHai="33" who="3" fromWho="3" sc="220,-43,304,-43,131,-43,335,139" /><INIT seed="3,4,0,1,2,107" ten="177,261,88,474" oya="3" hai0="93,125,63,8,66,104,3,91,7,96,13,10,1" hai1="36,84,14,45,88,47,124,15,89,41,70,121,39" hai2="58,81,38,92,90,60,115,117,68,46,12,69,27" hai3="53,95,102,118,100,62,72,52,106,109,99,133,116"/><W73/><G133/><T130/><D125/><U127/><E70/><V25/><F115/><W22/><G22/><T29/><D130/><U4/><E84/><V77/><F117/><W97/><G109/><T56/><D29/><U128/><E128/><V51/><F38/><W85/><G85/><T134/><D134/><U105/><E105/><V55/><F12/><W80/><G80/><T79/><D79/><U21/><E21/><V0/><F0/><W28/><G28/><T129/><D129/><U59/><E59/><V103/><F103/><W26/><G26/><T32/><D32/><U101/><E101/><V120/><F120/><W24/><G24/><T98/><D104/><U126/><E121/><V75/><F69/><W82/><G82/><T86/><REACH who="0" step="1"/><D1/><REACH who="0" ten="167,261,88,474" step="2"/><U67/><E67/><V48/><F68/><W122/><G122/><T119/><D119/><U49/><E36/><V34/><F34/><W5/><G106/><T50/><D50/><U111/><E111/><V132/><F48/><W135/><G135/><T110/><D110/><U43/><REACH who="1" step="1"/><E4/><AGARI ba="4,1" hai="3,4,7,8,10,13,56,63,66,86,91,93,96,98" machi="4" ten="30,3900,0" yaku="1,1,7,1,53,1" doraHai="107" doraHaiUra="87" who="0" fromWho="1" sc="167,61,261,-51,88,0,474,0" /><INIT seed="4,0,0,1,3,5" ten="228,210,88,474" oya="0" hai0="108,102,43,125,126,50,129,56,4,93,53,57,46" hai1="11,54,73,128,96,85,109,51,76,20,80,127,94" hai2="79,35,116,89,103,49,130,59,117,66,87,74,122" hai3="75,114,67,9,15,7,45,37,110,91,120,21,71"/><T101/><D129/><U132/><E109/><V6/><F35/><W48/><G75/><T107/><D107/><U83/><E127/><N who="0" m="48649" /><D108/><U69/><E69/><V3/><F122/><W55/><G110/><T100/><D4/><U58/><E132/><V92/><F130/><W19/><G114/><T78/><D78/><U40/><E128/><V131/><F131/><W60/><G120/><T113/><D113/><U64/><E64/><V133/><F133/><W30/><G30/><T84/><D43/><U36/><E20/><V98/><F3/><W82/><G37/><T10/><D10/><U90/><E11/><V0/><F0/><W52/><G55/><T12/><D12/><U119/><E119/><V44/><F6/><W118/><G118/><T24/><D24/><U2/><E2/><V121/><F121/><W39/><G39/><T41/><D41/><U16/><E36/><V68/><F79/><W88/><G82/><T95/><D84/><U61/><E40/><N who="2" m="24711" /><F74/><W27/><AGARI ba="0,0" hai="7,9,15,19,21,27,45,48,52,60,67,71,88,91" machi="27" ten="20,8000,1" yaku="0,1,7,1,52,1,54,2" doraHai="5" who="3" fromWho="3" sc="228,-40,210,-20,88,-20,474,80" /><INIT seed="5,0,0,3,3,110" ten="188,190,68,554" oya="1" hai0="38,76,117,85,127,118,68,78,80,132,29,20,14" hai1="114,124,123,101,65,97,88,63,72,19,50,89,71" hai2="83,32,106,99,3,92,18,60,58,16,41,6,131" hai3="52,46,122,51,57,81,107,30,67,105,87,86,94"/><U128/><E123/><V102/><F131/><W31/><G122/><T22/><D38/><U13/><E124/><V64/><F32/><W54/><G67/><T33/><D68/><U74/><E128/><V53/><F3/><W40/><G105/><T42/><D42/><U120/><E120/><V129/><F6/><W69/><G107/><T25/><D127/><U7/><E7/><V39/><F129/><W119/><G69/><T49/><D132/><U56/><E74/><V35/><F35/><W116/><G94/><T134/><D134/><U98/><E72/><V1/><F1/><W79/><G87/><T90/><D49/><U11/><E98/><V130/><F106/><W100/><G100/><T112/><D112/><U126/><E126/><V66/><F83/><W62/><G54/><T125/><D125/><U115/><E50/><V59/><F130/><W12/><G12/><T23/><REACH who="0" step="1"/><D14/><REACH who="0" ten="178,190,68,554" step="2"/><U45/><E71/><V28/><F41/><W104/><G104/><T111/><D111/><U5/><E114/><V15/><F39/><W113/><G113/><T44/><D44/><U103/><E45/><V37/><F37/><W61/><G61/><T43/><D43/><U77/><E13/><V26/><F15/><W47/><G47/><T48/><D48/><U84/><E115/><V135/><F135/><W34/><G34/><T121/><D121/><U17/><E63/><V95/><F59/><W10/><G10/><T8/><D8/><U4/><E56/><V91/><F58/><W9/><G9/><T70/><D70/><U75/><E11/><V93/><F60/><RYUUKYOKU ba="0,1" sc="178,15,190,-15,68,-15,554,15" hai0="20,22,23,25,29,33,76,78,80,85,90,117,118" hai3="30,31,40,46,51,52,57,62,79,81,86,116,119" /><INIT seed="6,1,1,4,1,2" ten="193,175,53,569" oya="2" hai0="73,31,68,56,125,100,90,9,88,21,53,23,59" hai1="5,77,10,126,132,108,36,62,13,17,32,14,94" hai2="24,25,37,3,48,58,7,93,96,27,54,69,82" hai3="115,15,134,72,109,120,22,74,131,111,0,76,61"/><V129/><F129/><W78/><G0/><T95/><D73/><U87/><E36/><V55/><F69/><W39/><G39/><T16/><D68/><U28/><E108/><V112/><F112/><W63/><G15/><N who="0" m="7279" /><D125/><U101/><E126/><V65/><F37/><W1/><G22/><N who="0" m="8203" /><D31/><U124/><E124/><V98/><F65/><W86/><G86/><T135/><D135/><U66/><E32/><V123/><F123/><W47/><G47/><T33/><D33/><U118/><E28/><V18/><F18/><W49/><G49/><N who="0" m="30767" /><D59/><N who="1" m="37215" /><E118/><V79/><F55/><W38/><G76/><T99/><AGARI ba="1,1" hai="88,90,95,99,100" m="30767,8203,7279" machi="99" ten="30,4000,0" yaku="8,1,54,2" doraHai="2" who="0" fromWho="0" sc="193,53,175,-11,53,-21,569,-11" /><INIT seed="7,0,0,5,3,97" ten="246,164,32,558" oya="3" hai0="21,39,25,51,104,88,102,70,49,50,30,26,32" hai1="47,41,10,5,19,40,83,71,12,93,44,125,87" hai2="117,3,80,81,92,45,43,130,74,69,85,7,24" hai3="129,16,75,77,66,124,52,1,4,108,37,95,63"/><W23/><G37/><T122/><D39/><U106/><E106/><V111/><F130/><W53/><G129/><T68/><D122/><U94/><E71/><V18/><F111/><W96/><G124/><T110/><D110/><U82/><E82/><V31/><F18/><W22/><G108/><T123/><D123/><U131/><E125/><V20/><F69/><W135/><G135/><T65/><D65/><U42/><E131/><V0/><F117/><W9/><G77/><T73/><D73/><U116/><E116/><V112/><F112/><W101/><G75/><T34/><D88/><U17/><E19/><V2/><F81/><W35/><G35/><T56/><D56/><U113/><E113/><V46/><F46/><W14/><G23/><T84/><D84/><U109/><E109/><V132/><F92/><N who="1" m="35433" /><E17/><V72/><F85/><W86/><G86/><T55/><D32/><U90/><AGARI ba="0,0" hai="5,10,12,40,41,42,44,47,83,87,90" m="35433" machi="90" ten="30,1100,0" yaku="8,1" doraHai="97" who="1" fromWho="1" sc="246,-3,164,11,32,-3,558,-5" owari="243,4.3,175,-22.5,29,-47.1,553,65.3" /></mjloggm>