<mjloggm ver="2.3"><GO type="169" lobby="0"/><UN n0="%E3%81%BE%E3%82%86%E3%81%92" n1="%E3%83%A1%E3%82%BF%E3%82%B9%E3%82%B3%E3%82%A2" n2="%E3%81%B2%E3%81%90%E3%81%A1" n3="%E3%82%A4%E3%83%BC%E3%82%B1%E3%83%97%E3%83%A9" dan="16,17,17,16" rate="2122.32,2133.66,2210.11,2122.79" sx="M,M,M,M"/><TAIKYOKU oya="0"/><INIT seed="0,0,0,0,0,76" ten="250,250,250,250" oya="0" hai0="12,95,1,126,128,6,102,37,66,15,84,38,124" hai1="106,3,34,73,11,62,16,87,91,113,114,108,46" hai2="21,127,86,135,59,29,104,132,70,93,45,19,123" hai3="85,61,48,117,60,18,79,23,71,7,94,72,98"/><T25/><D66/><U40/><E73/><V97/><F70/><W50/><G72/><T17/><D128/><U68/><E106/><V105/><F123/><W83/><G117/><T24/><D1/><U52/><E34/><V129/><F129/><W116/><G116/><T56/><D6/><U42/><E108/><V8/><F127/><N who="0" m="48682" /><D12/><N who="1" m="7199" /><E3/><V41/><F29/><W122/><G7/><T112/><D112/><N who="1" m="43115" /><E68/><V58/><F8/><W63/><G71/><T26/><D56/><N who="1" m="35079" /><E46/><V53/><F59/><W43/><G43/><T14/><D14/><U47/><E47/><V36/><F105/><W51/><G122/><T134/><D134/><U74/><E74/><V54/><F58/><W133/><G133/><T35/><D35/><U96/><E96/><V119/><F119/><W118/><G118/><T64/><D64/><U120/><E120/><V89/><F135/><W75/><G75/><T81/><D102/><U88/><E91/><V109/><F132/><W115/><G115/><T103/><D103/><U20/><E20/><V4/><F89/><N who="3" m="55631" /><G63/><T100/><D100/><U125/><E125/><V111/><F104/><W2/><G2/><T65/><D65/><U69/><E69/><V55/><F97/><W28/><G61/><T44/><D44/><U67/><E67/><V101/><F101/><W77/><G60/><T110/><D110/><U32/><E32/><V92/><F109/><W0/><G0/><T22/><D95/><AGARI ba="0,0" hai="40,42,87,88,95" m="35079,43115,7199" machi="95" ten="30,7700,0" yaku="11,1,54,3" doraHai="76" who="1" fromWho="0" sc="250,-77,250,77,250,0,250,0" /><INIT seed="1,0,0,4,2,67" ten="173,327,250,250" oya="1" hai0="99,57,106,126,5,21,22,79,44,121,18,7,77" hai1="135,78,9,125,117,102,63,91,104,83,94,61,65" hai2="131,128,80,6,11,127,48,59,74,124,86,37,31" hai3="129,111,122,51,92,29,45,3,56,64,43,33,123"/><U82/><E117/><V23/><F37/><W32/><G3/><T73/><D121/><U58/><E125/><N who="2" m="48203" /><F74/><W108/><G129/><N who="2" m="49737" /><F31/><W133/><G92/><T36/><D126/><U38/><E38/><V28/><F23/><W81/><G81/><T107/><D36/><U14/><E104/><V2/><F28/><W50/><G29/><T85/><D73/><U30/><E102/><V119/><F119/><W93/><G93/><T12/><D44/><U72/><E30/><V34/><F34/><W115/><G115/><T132/><D132/><U60/><E135/><V71/><F59/><W89/><G133/><T41/><D57/><U87/><REACH who="1" step="1"/><E82/><REACH who="1" ten="173,317,250,250" step="2"/><V134/><F134/><W114/><G32/><T76/><D107/><U69/><E69/><V0/><F71/><W25/><G33/><T40/><D106/><U26/><E26/><V46/><F80/><W1/><G25/><T19/><D99/><U54/><E54/><N who="2" m="29975" /><F86/><W90/><G123/><T53/><D85/><U4/><AGARI ba="0,1" hai="4,9,14,58,60,61,63,65,72,78,83,87,91,94" machi="4" ten="20,3900,0" yaku="1,1,0,1,7,1,53,0" doraHai="67" doraHaiUra="15" who="1" fromWho="1" sc="173,-13,317,49,250,-13,250,-13" /><INIT seed="1,1,0,4,5,28" ten="160,366,237,237" oya="1" hai0="80,35,103,118,87,135,104,25,42,5,119,123,66" hai1="79,91,129,82,88,101,41,54,86,53,109,126,65" hai2="58,2,43,92,22,33,98,130,106,116,49,46,57" hai3="110,97,85,102,10,100,93,94,51,12,75,15,44"/><U83/><E65/><V9/><F116/><W8/><G75/><T69/><D5/><U95/><E41/><V76/><F130/><W60/><G110/><T113/><D113/><U121/><E121/><V133/><F106/><W13/><G60/><T122/><D42/><U71/><E71/><V23/><F133/><W68/><G68/><T21/><D66/><U67/><E67/><V39/><F33/><W108/><G108/><T16/><D69/><U74/><E109/><V78/><F23/><W64/><G64/><T107/><D135/><U38/><E38/><V73/><F22/><W134/><G134/><T30/><D103/><U114/><E114/><V1/><F1/><W37/><G37/><T0/><D0/><U62/><E126/><V32/><F32/><W17/><G8/><T115/><D115/><U18/><E129/><V63/><F39/><W26/><G26/><N who="0" m="14631" /><D119/><U132/><E101/><V84/><F73/><W124/><G124/><T59/><D59/><U4/><E4/><V128/><F128/><W34/><G34/><T47/><D47/><U19/><E132/><V20/><F57/><W117/><G117/><T45/><D45/><U131/><E131/><V81/><F58/><W27/><G27/><T40/><D40/><U111/><E111/><V70/><F70/><W99/><REACH who="3" step="1"/><G85/><REACH who="3" ten="160,366,237,227" step="2"/><T105/><D118/><U7/><E86/><V24/><F63/><W36/><G36/><T55/><D87/><U89/><E74/><V112/><F112/><W77/><G77/><T96/><D123/><U125/><E125/><V56/><F84/><W31/><G31/><RYUUKYOKU ba="1,1" sc="160,-10,366,-10,237,-10,227,30" hai3="10,12,13,15,17,44,51,93,94,97,99,100,102" /><INIT seed="2,2,1,3,2,33" ten="150,356,227,257" oya="2" hai0="92,10,126,74,73,70,49,127,117,80,25,69,78" hai1="46,7,118,31,86,54,97,60,129,47,24,104,72" hai2="130,15,28,40,45,38,21,88,123,22,121,125,84" hai3="30,82,32,12,81,122,36,41,114,6,135,17,119"/><V53/><F125/><N who="0" m="47626" /><D117/><U102/><E118/><V115/><F130/><W112/><G119/><T83/><D92/><U75/><E129/><V76/><F115/><N who="3" m="44075" /><G6/><T64/><D49/><U44/><E7/><V52/><F76/><W120/><G135/><T77/><D10/><U1/><E1/><V107/><F107/><W124/><G124/><T43/><D43/><U42/><E42/><V71/><F71/><N who="0" m="27146" /><D25/><U113/><E113/><V39/><F39/><W59/><G59/><T34/><D64/><U79/><E60/><V108/><F108/><W9/><G41/><T95/><D95/><U11/><E11/><V62/><F22/><W13/><G36/><T51/><D51/><U57/><E57/><V116/><F116/><W132/><G132/><T128/><D128/><U111/><E54/><V27/><F15/><W23/><G32/><AGARI ba="2,1" hai="32,34,73,74,77,78,80,83" m="27146,47626" machi="32" ten="30,2000,0" yaku="18,1,23,1" doraHai="33" who="0" fromWho="3" sc="150,36,356,0,227,0,257,-26" /><INIT seed="3,0,0,1,4,54" ten="186,356,227,231" oya="3" hai0="81,80,77,73,121,89,84,7,131,100,30,12,107" hai1="66,13,122,57,67,111,135,116,103,48,134,99,93" hai2="22,124,102,24,56,3,38,94,4,68,96,45,5" hai3="19,115,86,41,97,64,27,17,25,92,55,28,126"/><W78/><G115/><T6/><D121/><U26/><E122/><V39/><F68/><W109/><G126/><T71/><D71/><U79/><E111/><V106/><F124/><W76/><G109/><T58/><D131/><U16/><E79/><V132/><F132/><N who="1" m="50729" /><E116/><V119/><F119/><W114/><G114/><T9/><D30/><U83/><E83/><V20/><F106/><W75/><G75/><T104/><D100/><U127/><E26/><V63/><F20/><W101/><G64/><T11/><REACH who="0" step="1"/><D58/><REACH who="0" ten="176,356,227,231" step="2"/><U60/><E127/><V43/><F3/><AGARI ba="0,1" hai="3,6,7,9,11,12,73,77,80,81,84,89,104,107" machi="3" ten="30,3900,0" yaku="1,1,2,1,7,1,53,0" doraHai="54" doraHaiUra="59" who="0" fromWho="2" sc="176,49,356,0,227,-39,231,0" /><INIT seed="4,0,0,2,5,54" ten="225,356,188,231" oya="0" hai0="115,94,122,133,27,107,77,35,83,51,98,128,62" hai1="90,9,72,65,59,8,75,120,21,32,71,74,104" hai2="106,31,2,111,69,102,20,80,46,1,86,12,134" hai3="109,43,118,34,16,47,112,129,81,33,39,93,23"/><T45/><D122/><U37/><E120/><V114/><F69/><W66/><G109/><T30/><D107/><U60/><E32/><V6/><F111/><W135/><G118/><T5/><D115/><U124/><E37/><V15/><F114/><W11/><G112/><T13/><D128/><U42/><E42/><V53/><F134/><W3/><G129/><T84/><D133/><U127/><E104/><V7/><F102/><W108/><G108/><T70/><D5/><U19/><E90/><V25/><F106/><W56/><G135/><T76/><D13/><N who="2" m="5194" /><F1/><W101/><G81/><T97/><D77/><U67/><E67/><V52/><F2/><W18/><G18/><T96/><D62/><U121/><E71/><V17/><F17/><W99/><G11/><T79/><D70/><U100/><E100/><V95/><F95/><W119/><G3/><T73/><D73/><U117/><E117/><V38/><F38/><W103/><G103/><T36/><D36/><U87/><E87/><V131/><F131/><W91/><G101/><T116/><D116/><U29/><E29/><V55/><F46/><W82/><G82/><T125/><D125/><N who="1" m="48203" /><E121/><V58/><F58/><W88/><G91/><AGARI ba="0,0" hai="6,7,20,25,31,52,53,55,80,86,91" m="5194" machi="91" ten="30,2000,0" yaku="8,1,54,1" doraHai="54" who="2" fromWho="3" sc="225,0,356,0,188,20,231,-20" /><INIT seed="5,0,0,1,1,2" ten="225,356,208,211" oya="1" hai0="4,37,86,72,64,27,84,121,8,117,125,31,67" hai1="1,91,113,66,45,34,61,43,0,50,60,28,22" hai2="120,51,104,75,74,78,105,12,20,10,47,33,58" hai3="62,77,41,15,99,134,56,124,119,130,103,95,13"/><U65/><E34/><V70/><F33/><W101/><G130/><T16/><D117/><U90/><E113/><V135/><F120/><W115/><G115/><T129/><D37/><U40/><E0/><V131/><F70/><W30/><G134/><T127/><D129/><U24/><E1/><V92/><F131/><W123/><G123/><T49/><D121/><U32/><E43/><V80/><F74/><W73/><G124/><N who="0" m="47691" /><D72/><U19/><E61/><V21/><F135/><W9/><G119/><T106/><D106/><U118/><E118/><V57/><F104/><W94/><G41/><T42/><D42/><U44/><E45/><V87/><F105/><W71/><G71/><T102/><D102/><U6/><E6/><N who="2" m="3159" /><F92/><W85/><G73/><T38/><D38/><U54/><E40/><N who="2" m="25063" /><F75/><W89/><G77/><T133/><D133/><U39/><E39/><V5/><F5/><W83/><G30/><T76/><D76/><U52/><E54/><V55/><F58/><W122/><G9/><T59/><D59/><U107/><E107/><V3/><F3/><W48/><G122/><T26/><D49/><AGARI ba="0,0" hai="20,21,49,55,57,78,80,87" m="25063,3159" machi="49" ten="30,3900,0" yaku="25,1,8,1,52,1" doraHai="2" who="2" fromWho="0" sc="225,-39,356,0,208,39,211,0" /><INIT seed="6,0,0,4,5,109" ten="186,356,247,211" oya="2" hai0="42,126,21,101,36,127,61,51,67,70,19,17,0" hai1="8,41,34,57,100,105,35,1,75,122,24,93,45" hai2="129,99,92,71,134,108,7,69,46,76,22,50,2" hai3="114,40,118,49,11,125,64,56,97,89,119,44,68"/><V88/><F108/><W14/><G125/><N who="0" m="47627" /><D0/><U131/><E75/><V113/><F129/><W13/><G68/><T29/><D101/><U104/><E131/><V26/><F134/><W112/><G64/><T87/><D87/><U27/><E93/><V124/><F113/><N who="3" m="43627" /><G56/><T74/><D74/><U20/><E57/><V111/><F111/><W90/><G14/><T103/><D103/><U4/><E20/><V72/><F7/><N who="3" m="3327" /><G97/><T135/><D135/><U133/><E133/><V15/><F15/><W58/><G58/><T39/><D29/><U77/><E1/><V60/><F2/><W98/><G98/><T123/><D123/><U6/><E4/><V81/><F60/><W106/><G106/><T65/><D65/><U18/><E6/><V130/><F130/><W32/><G32/><T47/><D19/><U78/><E122/><V66/><F66/><W73/><G73/><T25/><AGARI ba="0,0" hai="17,21,25,36,39,42,47,51,61,67,70" m="47627" machi="25" ten="30,1100,0" yaku="18,1" doraHai="109" who="0" fromWho="0" sc="186,11,356,-3,247,-5,211,-3" /><INIT seed="7,0,0,4,2,129" ten="197,353,242,208" oya="3" hai0="22,8,26,70,100,116,86,60,133,9,33,98,4" hai1="59,73,82,126,19,95,92,38,46,37,52,15,94" hai2="108,49,131,97,105,29,32,134,53,34,41,18,7" hai3="6,25,111,83,122,106,62,14,78,58,1,67,65"/><W132/><G122/><T69/><D116/><U43/><E126/><V80/><F41/><W3/><G106/><T10/><D133/><U88/><E38/><V17/><F134/><W68/><G132/><T64/><D86/><U44/><E73/><V104/><F7/><W79/><G111/><T76/><D70/><U101/><E101/><V91/><F131/><W16/><G79/><T99/><D76/><U77/><E77/><V113/><F113/><W56/><G25/><T121/><D121/><U130/><E130/><V51/><F53/><W85/><G6/><T117/><D117/><U57/><E46/><V87/><F97/><W74/><G74/><T81/><D81/><U42/><E43/><V90/><F87/><W0/><REACH who="3" step="1"/><G65/><REACH who="3" ten="197,353,242,198" step="2"/><T125/><D125/><U115/><E115/><V102/><F108/><W66/><G66/><T5/><D33/><U71/><E82/><V2/><F80/><W48/><G48/><T21/><D26/><U135/><E135/><V63/><F104/><W114/><G114/><T11/><N who="0" m="2048" /><DORA hai="72" /><T120/><D120/><U124/><E124/><V30/><F105/><W31/><G31/><T112/><D112/><U96/><E94/><V75/><F75/><W127/><G127/><T103/><D5/><U47/><E92/><V20/><F32/><W28/><G28/><T55/><D4/><U110/><E110/><V45/><F34/><W12/><G12/><T13/><D55/><U40/><E52/><V61/><F29/><W89/><G89/><T50/><D50/><U109/><E109/><V35/><F30/><W27/><G27/><RYUUKYOKU ba="0,1" sc="197,-10,353,-10,242,-10,198,30" hai3="0,1,3,14,16,56,58,62,67,68,78,83,85" /><INIT seed="7,1,1,2,5,18" ten="187,343,232,228" oya="3" hai0="64,99,1,88,30,107,17,53,83,33,104,98,12" hai1="37,105,121,125,36,47,78,55,79,116,50,46,82" hai2="110,81,21,25,96,20,71,2,87,106,10,111,26" hai3="39,38,49,92,113,119,32,77,70,124,74,117,100"/><W76/><G70/><T5/><D64/><U67/><E105/><V56/><F71/><W7/><G32/><T89/><D1/><U90/><E121/><V34/><F56/><W115/><G7/><T91/><D5/><U27/><E67/><V68/><F68/><W114/><G124/><T58/><D33/><U65/><E65/><V14/><F96/><N who="3" m="59399" /><G49/><T129/><D30/><U72/><E125/><V52/><F106/><W128/><G128/><T102/><D129/><U103/><E103/><V22/><F2/><W23/><G23/><T42/><D42/><U85/><E116/><N who="3" m="44618" /><G74/><T80/><D99/><U101/><E101/><V97/><F34/><W66/><G66/><T0/><D0/><U35/><E72/><V122/><F122/><W109/><G109/><T4/><D4/><U132/><E37/><AGARI ba="1,1" hai="37,38,39,76,77,113,114,115" m="44618,59399" machi="37" ten="40,2000,0" yaku="15,1" doraHai="18" who="3" fromWho="1" sc="187,0,343,-23,232,0,228,33" /><INIT seed="7,2,0,2,1,89" ten="187,320,232,261" oya="3" hai0="25,34,7,120,66,1,107,106,41,119,94,53,82" hai1="84,73,49,113,95,63,18,99,85,127,45,71,115" hai2="61,88,39,8,22,43,81,93,20,6,108,28,30" hai3="64,4,29,9,102,0,16,116,17,57,47,37,5"/><W86/><G116/><T97/><D119/><U65/><E73/><V90/><F108/><W121/><G121/><T92/><D120/><U128/><E18/><V96/><F39/><W131/><G131/><T21/><D1/><U59/><E71/><V50/><F61/><W67/><G29/><N who="2" m="11369" /><F81/><W56/><G102/><T38/><D34/><U60/><E60/><V83/><F83/><W58/><G86/><T123/><D7/><U76/><E127/><V24/><F90/><W124/><G124/><T3/><D123/><U105/><E76/><V74/><F74/><W117/><G5/><T98/><D3/><U87/><E105/><V75/><F75/><W52/><G117/><T79/><D66/><U114/><E128/><V125/><F125/><W118/><G118/><T14/><D14/><U27/><E27/><V132/><F132/><W2/><G2/><T12/><D12/><U42/><E85/><V133/><F133/><W35/><G35/><T135/><D135/><U54/><E65/><V112/><F112/><W40/><G67/><T44/><D53/><U126/><E126/><V130/><F24/><W33/><G33/><T70/><D70/><U72/><E72/><V78/><F78/><W68/><G52/><T55/><D55/><U129/><E129/><V11/><F130/><W51/><G37/><T48/><D38/><U46/><E46/><N who="2" m="25951" /><F6/><W91/><G91/><AGARI ba="2,0" hai="42,45,49,54,59,63,84,87,91,95,99,113,114,115" machi="91" ten="40,2600,0" yaku="15,1,52,1" doraHai="89" who="1" fromWho="3" sc="187,0,320,32,232,0,261,-32" owari="187,-31.3,352,45.2,232,3.2,229,-17.1" /></mjloggm>