<mjloggm ver="2.3"><GO type="169" lobby="0"/><UN n0="%6F%69%6E%61%72%69%6E%67" n1="%6D%79%6D%65%6C%6F%58%58" n2="%E4%BE%8D" n3="%E3%83%8F%E3%83%B3%E3%83%81%E3%83%A7%E3%82%A6%E5%A4%A7%E6%A7%BB" dan="16,17,17,16" rate="2081.08,2230.00,2247.03,2091.64" sx="M,M,M,M"/><TAIKYOKU oya="0"/><INIT seed="0,0,0,1,1,115" ten="250,250,250,250" oya="0" hai0="61,104,87,68,34,117,66,97,122,39,14,134,57" hai1="60,84,47,135,75,6,92,116,48,111,126,127,119" hai2="108,114,4,27,40,78,125,69,59,53,20,112,63" hai3="74,72,83,98,96,54,45,105,15,50,56,37,120"/><T86/><D122/><U77/><E6/><V101/><F108/><W62/><G120/><T12/><D134/><U41/><E111/><V99/><F125/><N who="1" m="47625" /><E135/><V124/><F124/><W1/><G1/><T100/><D39/><U46/><E75/><V128/><F128/><W55/><G37/><T70/><D117/><N who="1" m="45131" /><E47/><V88/><F78/><W3/><G3/><T44/><D44/><U28/><E28/><V49/><F4/><W17/><G74/><T51/><D34/><U42/><E60/><V89/><F40/><W113/><G113/><T76/><D51/><U121/><E121/><V80/><F49/><W21/><G105/><T33/><D33/><U52/><E92/><V132/><F132/><W23/><G72/><T35/><D35/><U43/><E84/><V32/><F32/><W71/><G83/><T110/><D110/><U8/><E8/><V16/><F80/><W2/><G2/><T106/><D106/><U73/><E73/><V90/><REACH who="2" step="1"/><F69/><REACH who="2" ten="250,250,240,250" step="2"/><W102/><G71/><T93/><D70/><U26/><E77/><V131/><F131/><W19/><REACH who="3" step="1"/><G102/><REACH who="3" ten="250,250,240,240" step="2"/><T25/><D100/><U130/><E130/><V7/><F7/><W79/><G79/><T65/><D76/><U24/><AGARI ba="0,2" hai="24,26,41,42,43,46,48,52" m="45131,47625" machi="24" ten="40,8000,1" yaku="18,1,52,3,54,1" doraHai="115" who="1" fromWho="1" sc="250,-40,250,100,240,-20,240,-20" /><INIT seed="1,0,0,4,3,124" ten="210,350,220,220" oya="1" hai0="97,115,36,30,25,108,60,107,110,111,92,17,31" hai1="0,40,112,19,80,69,20,134,122,116,132,70,16" hai2="7,90,59,85,8,12,52,78,47,74,76,61,102" hai3="101,49,103,117,121,88,6,100,96,126,95,10,65"/><U5/><E112/><V33/><F33/><W58/><G126/><T62/><D115/><U84/><E116/><V133/><F133/><N who="1" m="51305" /><E122/><V9/><F74/><W1/><G121/><T4/><D107/><U120/><E120/><V28/><F28/><W87/><G117/><T37/><D4/><U42/><E5/><V45/><F102/><W77/><G65/><T43/><D17/><N who="1" m="6731" /><E20/><V32/><F9/><W98/><G77/><N who="2" m="29801" /><F32/><W119/><G119/><T50/><D50/><U23/><E23/><V109/><F109/><W41/><G58/><T22/><D31/><U29/><E29/><V2/><F2/><W127/><G127/><T79/><D79/><N who="1" m="46111" /><E0/><V15/><F15/><W73/><G73/><T83/><D30/><U105/><E105/><V66/><F66/><W106/><G106/><T125/><D125/><U123/><E123/><V114/><F114/><W46/><AGARI ba="0,0" hai="1,6,10,41,46,49,87,88,95,96,98,100,101,103" machi="46" ten="30,2000,0" yaku="0,1,54,1" doraHai="124" who="3" fromWho="3" sc="210,-5,350,-10,220,-5,220,20" /><INIT seed="2,0,0,0,0,13" ten="205,340,215,240" oya="2" hai0="23,71,100,104,130,56,27,37,106,101,72,25,88" hai1="46,10,74,5,93,21,61,59,128,0,18,17,83" hai2="76,60,73,85,81,111,132,103,126,78,52,34,134" hai3="35,4,9,63,102,127,92,97,22,99,44,3,95"/><V14/><F34/><W86/><G127/><T39/><D71/><U125/><E125/><V53/><F126/><W67/><G35/><T55/><D72/><U89/><E128/><V105/><F111/><W96/><G44/><T129/><D56/><U122/><E122/><V8/><F76/><W116/><G116/><T20/><D55/><U49/><E83/><V117/><F117/><W51/><G51/><T28/><REACH who="0" step="1"/><D88/><REACH who="0" ten="195,340,215,240" step="2"/><U70/><E70/><V90/><F73/><W43/><G43/><T11/><D11/><U31/><E74/><V108/><F90/><W33/><G9/><T41/><D41/><U77/><E77/><V94/><F53/><W110/><G110/><T135/><D135/><U124/><E124/><V87/><F108/><W54/><G54/><T47/><D47/><U45/><E46/><V121/><F52/><W119/><G119/><T65/><D65/><U109/><E109/><V12/><F60/><W48/><G63/><T66/><D66/><U118/><E59/><V91/><F8/><W113/><G67/><T75/><D75/><U82/><E61/><V69/><F69/><W112/><G112/><T26/><D26/><N who="1" m="16847" /><E118/><V24/><F24/><W58/><G113/><T131/><D131/><U15/><E82/><V107/><F134/><W133/><G133/><T79/><D79/><U68/><E68/><V36/><F132/><W40/><G40/><T50/><D50/><U30/><E49/><V29/><F78/><W114/><G114/><T6/><D6/><U42/><E42/><V16/><F81/><W38/><G48/><T57/><D57/><RYUUKYOKU ba="0,1" sc="195,30,340,-10,215,-10,240,-10" hai0="20,23,25,27,28,37,39,100,101,104,106,129,130" /><INIT seed="3,1,1,1,3,12" ten="225,330,205,230" oya="3" hai0="51,16,2,112,21,59,28,89,129,49,57,106,25" hai1="46,39,67,8,117,96,132,104,125,87,98,127,84" hai2="44,82,31,62,70,113,5,119,102,115,29,40,124" hai3="97,128,27,3,65,109,50,58,99,69,53,22,90"/><W108/><G3/><T105/><D2/><U95/><E67/><V33/><F119/><W131/><G69/><T80/><D129/><N who="3" m="49737" /><G65/><T6/><D6/><U83/><E8/><V23/><F124/><N who="1" m="47689" /><E46/><V76/><F33/><W37/><G37/><T41/><D112/><U19/><E39/><V73/><F70/><W9/><G9/><T107/><D28/><U11/><E117/><V7/><F62/><W45/><G58/><T17/><D17/><U61/><E61/><V86/><F5/><W32/><G32/><T122/><D122/><U35/><E35/><V10/><F29/><N who="3" m="17655" /><G90/><T118/><D118/><U71/><E71/><V111/><F102/><W100/><G100/><T18/><D18/><U48/><E132/><V15/><F73/><W110/><AGARI ba="1,1" hai="45,50,53,97,99,108,109,110" m="17655,49737" machi="110" ten="40,7800,0" yaku="14,1,10,1,19,1" doraHai="12" who="3" fromWho="3" sc="225,-27,330,-27,205,-27,230,91" /><INIT seed="3,2,0,4,3,112" ten="198,303,178,321" oya="3" hai0="48,13,26,101,70,90,25,98,15,52,6,113,0" hai1="32,5,74,57,30,2,17,129,35,109,51,44,65" hai2="47,84,69,41,110,132,131,99,10,54,19,73,55" hai3="63,80,9,8,93,135,45,102,24,49,59,114,37"/><W88/><G37/><T12/><D113/><U81/><E109/><V130/><F73/><W34/><G114/><T1/><D70/><U61/><E129/><N who="2" m="49163" /><F69/><W106/><G106/><T116/><D90/><U11/><E30/><V117/><F110/><W58/><G34/><T38/><D38/><U66/><E66/><V56/><F84/><W125/><G102/><T103/><D116/><U27/><E81/><V105/><F132/><W100/><G100/><T4/><D15/><U118/><E74/><V104/><F99/><W115/><G115/><T134/><D48/><U67/><E67/><V94/><F94/><W71/><G71/><T36/><D36/><U133/><E118/><V18/><F117/><W50/><G24/><T124/><D98/><U82/><E82/><V97/><F10/><W60/><G80/><T7/><D7/><U111/><E133/><V23/><F97/><N who="3" m="57511" /><G135/><T68/><D68/><U107/><E107/><N who="2" m="41035" /><F56/><N who="3" m="21547" /><G125/><T75/><D134/><U3/><E111/><V127/><F127/><W53/><G50/><T22/><D124/><U79/><E57/><V31/><F41/><W78/><G78/><T92/><D75/><U14/><E79/><V20/><F31/><W91/><G91/><T87/><D92/><U33/><E33/><V86/><F86/><W72/><G72/><T42/><D87/><U39/><E35/><V89/><F89/><W76/><G76/><T21/><REACH who="0" step="1"/><D42/><REACH who="0" ten="188,303,178,321" step="2"/><N who="1" m="24983" /><E39/><V120/><F47/><W16/><G8/><T62/><D62/><U108/><E108/><V46/><F46/><W126/><G126/><T64/><D64/><U40/><E65/><RYUUKYOKU ba="2,1" sc="188,15,303,-15,178,-15,321,15" hai0="0,1,4,6,12,13,21,22,25,26,52,101,103" hai3="9,16,45,49,53,60,63" /><INIT seed="3,3,1,5,1,15" ten="203,288,163,336" oya="3" hai0="109,51,65,17,82,128,70,14,115,64,132,27,126" hai1="9,33,77,103,20,41,134,81,2,111,34,135,28" hai2="44,35,21,99,24,118,50,98,85,89,38,87,56" hai3="106,66,46,116,68,71,39,93,11,54,83,107,57"/><W74/><G116/><T79/><D109/><U125/><E103/><V117/><F35/><W6/><G93/><T105/><D105/><U112/><E112/><V95/><F38/><W90/><G90/><T26/><D115/><U108/><E41/><V86/><F56/><W63/><G71/><T48/><D126/><U76/><E125/><V25/><F99/><W4/><G4/><T7/><D132/><N who="1" m="50731" /><E77/><V129/><F129/><W32/><G32/><N who="1" m="12394" /><E76/><V121/><F24/><N who="0" m="9258" /><D7/><N who="1" m="1271" /><E81/><V19/><REACH who="2" step="1"/><F121/><REACH who="2" ten="203,288,153,336" step="2"/><W130/><G130/><T88/><D70/><U123/><E123/><V96/><F96/><W1/><G68/><T60/><D128/><U73/><E28/><V31/><F31/><W52/><G107/><T13/><D65/><U80/><E108/><V114/><F114/><W37/><G106/><T67/><D64/><U75/><E111/><V124/><F124/><W59/><G59/><T72/><D67/><U133/><E133/><V18/><F18/><W104/><G104/><T122/><D17/><U91/><E20/><V92/><F92/><W58/><G58/><T23/><D23/><U40/><E80/><V113/><F113/><W127/><G127/><T8/><D122/><U110/><E110/><V62/><F62/><W102/><G39/><T47/><D82/><U29/><E29/><V42/><AGARI ba="3,2" hai="19,21,25,42,44,50,85,86,87,89,95,98,117,118" machi="42" ten="30,4000,0" yaku="1,1,0,1,52,1,53,0" doraHai="15" doraHaiUra="53" who="2" fromWho="2" sc="203,-13,288,-13,153,69,336,-23" /><INIT seed="4,0,0,4,3,52" ten="190,275,222,313" oya="0" hai0="102,23,105,8,89,27,78,133,109,39,4,130,76" hai1="88,87,135,103,126,83,74,2,22,81,41,112,98" hai2="71,50,28,118,94,129,18,46,96,49,116,1,25" hai3="42,121,67,93,62,38,36,64,12,7,69,63,43"/><T53/><D109/><U123/><E2/><V21/><F71/><W14/><G93/><T44/><D130/><U26/><E123/><V60/><F1/><W6/><REACH who="3" step="1"/><G69/><REACH who="3" ten="190,275,222,303" step="2"/><T77/><D133/><U101/><E135/><V117/><F129/><W48/><G48/><T86/><D105/><U104/><E104/><V92/><F92/><W10/><G10/><T54/><D102/><U32/><E83/><V16/><F60/><W56/><G56/><T29/><D39/><U3/><E81/><V31/><F50/><W99/><G99/><T106/><D106/><U17/><E98/><V59/><F59/><W107/><G107/><T79/><N who="0" m="19456" /><DORA hai="55" /><T114/><D114/><U97/><E97/><V20/><F94/><W82/><G82/><N who="0" m="49367" /><D44/><U13/><E112/><V134/><F96/><W127/><G127/><T5/><D8/><U132/><E126/><V45/><F134/><W75/><G75/><T70/><D70/><U115/><E74/><V19/><F49/><W95/><G95/><T128/><D128/><U24/><E132/><V122/><F122/><AGARI ba="0,1" hai="6,7,12,14,36,38,42,43,62,63,64,67,121,122" machi="122" ten="25,8000,1" yaku="1,1,22,2,53,2" doraHai="52,55" doraHaiUra="68,30" who="3" fromWho="2" sc="190,0,275,0,222,-80,303,90" /><INIT seed="5,0,0,3,3,6" ten="190,275,142,393" oya="1" hai0="118,20,90,64,40,56,4,124,16,53,50,126,132" hai1="22,15,95,133,34,111,103,110,83,81,109,116,115" hai2="129,87,117,68,73,63,19,120,85,62,86,76,44" hai3="130,67,80,61,35,89,24,84,98,25,69,55,105"/><U33/><E116/><V72/><F120/><W21/><G130/><T97/><D118/><U2/><E2/><V43/><F117/><W125/><G125/><T23/><D132/><U96/><E133/><V107/><F107/><W32/><G55/><T42/><D64/><U119/><E119/><V123/><F123/><W102/><G25/><T91/><D23/><U127/><E127/><N who="0" m="48681" /><D4/><U121/><E121/><V113/><F129/><W93/><G105/><T8/><D8/><U37/><E37/><V134/><F134/><W65/><G65/><T7/><D7/><U106/><E106/><V57/><F68/><W70/><G70/><T52/><D53/><U1/><E1/><V59/><F113/><W66/><G66/><T135/><D135/><U79/><E115/><V99/><F99/><W60/><G60/><T11/><D11/><U128/><E128/><V100/><F100/><W74/><G74/><T112/><D112/><U14/><E83/><V77/><F19/><AGARI ba="0,0" hai="19,21,24,32,35,61,67,69,80,84,89,93,98,102" machi="19" ten="30,1000,0" yaku="7,1" doraHai="6" who="3" fromWho="2" sc="190,0,275,0,142,-10,393,10" /><INIT seed="6,0,0,3,5,40" ten="190,275,132,403" oya="2" hai0="111,129,103,1,50,62,60,100,35,70,47,104,24" hai1="84,130,9,127,91,28,59,20,64,117,39,46,123" hai2="23,49,95,57,89,75,66,94,86,42,37,44,71" hai3="38,48,65,43,27,133,58,106,19,128,15,16,121"/><V68/><F75/><W122/><G106/><T0/><D111/><U31/><E117/><V83/><F68/><W74/><G74/><T114/><D114/><U26/><E127/><V101/><F101/><W132/><G38/><T69/><D129/><U105/><E105/><V45/><F71/><W76/><G76/><T51/><D104/><U29/><E130/><V77/><F23/><N who="3" m="13799" /><G128/><T61/><D61/><U110/><E110/><V124/><F124/><W93/><G93/><T72/><D72/><U8/><E123/><V109/><F109/><W2/><G2/><T90/><D90/><U134/><E134/><N who="3" m="51818" /><G65/><T85/><D85/><U119/><E119/><V34/><F34/><W116/><G116/><T5/><D24/><U73/><E73/><V41/><REACH who="2" step="1"/><F77/><REACH who="2" ten="190,275,122,403" step="2"/><W55/><G43/><T53/><D35/><U97/><E20/><AGARI ba="0,1" hai="15,19,20,48,55,58,121,122" m="51818,13799" machi="20" ten="30,2000,0" yaku="20,1,54,1" doraHai="40" who="3" fromWho="1" sc="190,0,275,-20,122,0,403,30" /><INIT seed="7,0,0,0,2,97" ten="190,255,122,433" oya="3" hai0="3,107,49,39,101,84,133,37,58,114,38,56,26" hai1="31,124,16,24,128,76,23,126,88,119,99,127,30" hai2="109,35,40,34,80,8,13,43,121,113,32,1,55" hai3="41,115,17,131,70,77,0,59,132,68,93,73,15"/><W69/><G73/><T44/><D3/><U29/><E128/><V102/><F109/><W122/><G122/><T54/><D133/><U71/><E71/><V14/><F121/><W117/><G117/><T9/><D114/><U12/><E76/><V116/><F116/><W134/><G77/><T28/><D9/><N who="1" m="6159" /><E119/><V75/><F113/><W90/><G0/><T79/><D107/><U21/><E21/><V83/><F1/><W91/><G41/><T46/><D101/><U74/><E74/><V118/><F118/><W51/><G115/><T98/><D98/><U120/><E120/><V72/><F8/><W111/><G111/><T92/><D58/><U45/><E45/><V18/><F34/><W135/><G93/><AGARI ba="0,0" hai="23,24,29,30,31,88,93,99,124,126,127" m="6159" machi="93" ten="30,3900,0" yaku="18,1,54,2" doraHai="97" who="1" fromWho="3" sc="190,0,255,39,122,0,433,-39" owari="190,-21.0,294,9.4,122,-37.8,394,49.4" /></mjloggm>