<mjloggm ver="2.3"><GO type="169" lobby="0"/><UN n0="%E3%83%A9%E3%83%9E%E3%83%BC%E7%9A%87%E5%AD%90" n1="%E3%82%86%E3%81%86%E3%82%86%E3%81%8D" n2="%E6%98%9F%E7%A9%BA%E3%81%AE%E3%83%A1%E3%83%A2%E3%83%AA%E3%82%A2" n3="%E3%81%86%E3%81%91%E3%81%AA%E3%81%8C%E3%81%97%E3%81%BE%E3%81%9B%E3%82%93" dan="19,16,16,17" rate="2267.74,2205.44,2084.46,2258.83" sx="M,M,F,F"/><TAIKYOKU oya="0"/><INIT seed="0,0,0,5,1,107" ten="250,250,250,250" oya="0" hai0="120,36,57,50,72,51,77,39,1,64,99,88,9" hai1="119,0,55,16,5,59,26,22,90,93,126,134,98" hai2="132,94,118,48,127,69,58,65,38,43,62,110,37" hai3="28,81,80,123,10,3,133,33,70,73,12,75,41"/><T100/><D120/><U130/><E119/><V102/><F102/><W27/><G123/><T125/><D125/><U32/><E126/><V45/><F127/><W24/><G70/><T25/><D25/><U63/><E130/><V31/><F31/><W101/><G133/><T74/><D77/><U4/><E134/><V108/><F94/><W122/><G122/><T128/><D128/><U95/><E0/><V91/><F91/><W68/><G68/><T96/><D1/><U18/><E32/><V44/><F132/><W2/><G101/><T82/><D9/><U89/><E18/><V76/><F76/><W97/><G41/><T30/><D100/><U47/><E47/><V109/><F118/><W15/><G97/><AGARI ba="0,0" hai="4,5,16,22,26,55,59,63,89,90,93,95,97,98" machi="97" ten="30,12000,2" yaku="7,1,9,1,25,2,8,1,54,1" doraHai="107" who="1" fromWho="3" sc="250,0,250,120,250,0,250,-120" /><INIT seed="1,0,0,2,1,57" ten="250,370,250,130" oya="1" hai0="0,23,21,65,18,111,127,90,86,52,20,32,75" hai1="14,30,41,134,107,33,71,49,94,96,24,1,28" hai2="129,2,99,47,31,73,48,101,103,40,8,77,54" hai3="11,80,43,25,63,132,13,123,100,114,102,76,135"/><U112/><E112/><V122/><F122/><W87/><G123/><T58/><D75/><U126/><E1/><V116/><F116/><W93/><G114/><T27/><D111/><U119/><E119/><V79/><F129/><W12/><G25/><T82/><D127/><U108/><E134/><V38/><F31/><W34/><G34/><T131/><D131/><U56/><E30/><V85/><F85/><W104/><G104/><T84/><D0/><U78/><E71/><V42/><F42/><W53/><G43/><T3/><D3/><U81/><E107/><V115/><F115/><W105/><G105/><T15/><D65/><U97/><E126/><V110/><F110/><W36/><G36/><T5/><D32/><U62/><E14/><V88/><F79/><W37/><G13/><T72/><D72/><U133/><E133/><N who="3" m="51274" /><G93/><T9/><REACH who="0" step="1"/><D86/><REACH who="0" ten="240,370,250,130" step="2"/><U29/><E108/><V46/><F73/><W67/><G67/><T117/><D117/><U17/><E33/><V6/><REACH who="2" step="1"/><F77/><REACH who="2" ten="240,370,240,130" step="2"/><W19/><G37/><T69/><D69/><U50/><E78/><V109/><F109/><W113/><G113/><T128/><D128/><U10/><E29/><V35/><F35/><W16/><G19/><T59/><D59/><AGARI ba="0,2" hai="11,12,16,53,59,63,76,80,87,100,102" m="51274" machi="59" ten="30,3900,0" yaku="20,1,52,1,54,1" doraHai="57" who="3" fromWho="0" sc="240,-39,370,0,240,0,130,59" /><INIT seed="2,0,0,4,5,39" ten="201,370,240,189" oya="2" hai0="48,117,128,22,115,82,61,16,68,116,4,79,35" hai1="69,76,89,75,101,6,2,15,109,54,36,104,29" hai2="8,123,55,122,118,59,108,102,30,53,28,129,42" hai3="72,130,57,10,97,20,45,25,98,121,5,73,131"/><V13/><F118/><N who="0" m="45674" /><D35/><U96/><E54/><V56/><F102/><W32/><G32/><T124/><D115/><U100/><E15/><V70/><F70/><W88/><G121/><T24/><D124/><U111/><E29/><V66/><F66/><W134/><G134/><T43/><D4/><U84/><E36/><V91/><F129/><W81/><G57/><T7/><D7/><U132/><E6/><V92/><F108/><N who="1" m="41545" /><E2/><V103/><F103/><W74/><G98/><T106/><D106/><U87/><E69/><V47/><F123/><W95/><G81/><T19/><D128/><U26/><E26/><V31/><F122/><W21/><G21/><T105/><D105/><N who="1" m="63623" /><E132/><V114/><F114/><W44/><G131/><T38/><D38/><U27/><E27/><V41/><F47/><W12/><REACH who="3" step="1"/><G130/><REACH who="3" ten="201,370,240,179" step="2"/><T63/><D68/><U51/><E104/><V78/><F59/><W67/><G67/><T33/><D33/><U71/><E71/><V85/><F56/><W1/><G1/><T11/><D82/><U99/><E99/><V3/><F3/><W135/><G135/><T133/><D133/><U37/><E101/><V58/><F58/><W80/><G80/><T93/><D93/><U119/><E119/><V9/><F9/><W64/><G64/><T125/><D125/><U0/><E0/><V49/><F92/><W83/><G83/><T126/><D126/><U46/><E87/><V120/><F85/><W65/><G65/><T52/><D22/><U18/><E84/><V77/><F120/><W23/><G23/><T60/><D11/><U110/><E110/><RYUUKYOKU ba="0,1" sc="201,-10,370,-10,240,-10,179,30" hai3="5,10,12,20,25,44,45,72,73,74,88,95,97" /><INIT seed="3,1,1,1,0,8" ten="191,360,230,209" oya="3" hai0="106,85,4,86,56,33,14,71,17,73,124,70,112" hai1="67,132,60,20,27,3,12,109,92,116,74,131,98" hai2="0,118,29,43,100,58,37,36,42,111,26,95,11" hai3="113,120,23,68,65,2,51,13,88,49,107,105,5"/><W10/><G113/><T24/><D73/><U127/><E3/><V80/><F118/><W7/><G120/><T52/><D106/><U64/><E74/><V38/><F111/><W117/><G117/><T82/><D112/><U57/><E109/><V130/><F130/><W62/><G107/><T78/><D124/><U101/><E132/><V1/><F80/><W122/><G105/><T19/><D86/><U69/><E116/><V75/><F75/><W119/><G119/><T99/><D99/><U48/><E131/><V35/><F0/><W135/><G122/><T31/><D4/><U123/><E123/><V28/><F28/><W34/><G34/><T40/><D40/><U25/><E67/><V63/><F100/><W32/><G32/><T15/><D19/><N who="1" m="10343" /><E69/><V22/><F95/><W90/><G135/><T91/><D78/><U55/><E127/><V53/><F35/><W96/><G7/><T16/><D17/><U84/><E84/><V54/><F53/><W128/><G128/><T77/><D15/><U72/><E72/><V83/><F83/><W47/><G96/><T115/><D77/><U61/><E64/><V89/><F89/><W103/><G103/><T108/><D115/><U133/><E133/><V45/><F42/><W46/><G90/><T97/><D97/><U6/><E6/><N who="2" m="1487" /><F38/><W66/><G66/><T59/><D108/><U30/><E30/><V125/><F37/><W102/><G102/><T87/><D87/><U41/><E41/><V93/><F125/><W44/><G88/><T129/><D129/><U134/><E134/><V114/><F114/><RYUUKYOKU ba="1,1" sc="191,-30,360,10,230,10,209,10" hai1="25,27,48,55,57,60,61,92,98,101" hai2="22,26,29,36,43,45,54,58,63,93" hai3="2,5,10,13,23,44,46,47,49,51,62,65,68" /><INIT seed="3,2,1,1,2,30" ten="161,370,240,219" oya="3" hai0="105,125,46,23,42,31,12,65,114,66,43,36,33" hai1="103,44,49,58,132,2,134,26,129,25,64,52,57" hai2="85,78,18,0,8,75,119,22,16,50,47,109,95" hai3="93,127,124,111,39,48,7,37,92,21,28,116,133"/><W10/><G116/><T71/><D105/><U98/><E2/><V13/><F119/><W56/><G133/><N who="1" m="51306" /><E129/><V118/><F118/><W76/><G76/><T55/><D125/><N who="3" m="48201" /><G111/><T45/><D114/><U91/><E91/><N who="2" m="53743" /><F0/><W14/><G93/><T120/><D55/><N who="1" m="30119" /><E64/><V88/><F75/><W130/><G92/><T87/><D87/><U27/><E52/><N who="2" m="29791" /><F109/><W123/><G130/><T20/><D120/><U67/><E67/><V89/><F78/><W117/><G123/><T77/><D77/><U79/><E79/><V38/><F38/><W35/><G21/><T59/><D23/><U81/><E81/><V4/><F4/><W102/><G102/><T29/><D20/><U80/><E80/><V61/><F61/><W40/><G117/><T113/><D113/><U131/><E131/><V100/><F100/><W24/><G56/><T51/><D59/><U54/><E54/><V73/><F73/><W41/><G41/><T34/><D36/><U9/><E58/><V106/><F106/><W19/><G7/><T115/><D51/><U128/><E57/><V15/><AGARI ba="2,1" hai="8,13,15,16,18,22,88,89" m="29791,53743" machi="15" ten="30,7900,0" yaku="8,1,54,3" doraHai="30" who="2" fromWho="2" sc="161,-22,370,-22,240,95,219,-41" /><INIT seed="4,0,0,1,0,104" ten="139,348,335,178" oya="0" hai0="133,16,39,11,79,64,53,88,83,100,70,15,91" hai1="85,54,0,2,96,135,132,78,76,29,93,23,73" hai2="36,25,43,130,57,134,68,97,34,113,13,131,6" hai3="126,12,71,24,123,87,108,121,101,9,38,75,5"/><T74/><D133/><N who="1" m="51275" /><E85/><V50/><F68/><W107/><G108/><T26/><D39/><U44/><E54/><V8/><F134/><W90/><G38/><T115/><D115/><U60/><E44/><V22/><F113/><W84/><G71/><T18/><D100/><U110/><E110/><V3/><F36/><W128/><G128/><T82/><D82/><N who="1" m="45327" /><E78/><V19/><F97/><W21/><G87/><T47/><D47/><U99/><E60/><V4/><F43/><W67/><G75/><T33/><D53/><U117/><E99/><V59/><F50/><W51/><G51/><T37/><D37/><U111/><E117/><V1/><F57/><W119/><G119/><T28/><REACH who="0" step="1"/><D18/><REACH who="0" ten="129,348,335,178" step="2"/><U129/><E111/><V89/><F19/><W95/><G101/><T120/><D120/><U69/><E129/><V63/><F131/><W58/><G107/><T10/><D10/><U72/><E2/><V52/><F130/><W20/><G123/><T86/><D86/><U116/><E0/><V98/><F1/><W122/><G122/><T55/><D55/><U32/><E116/><V109/><F3/><W94/><G121/><T112/><D112/><U105/><E105/><V80/><F109/><W14/><G84/><T125/><D125/><U65/><E96/><V7/><F98/><W114/><G126/><T81/><D81/><U66/><E93/><V106/><F106/><W31/><G114/><T118/><D118/><U42/><E72/><V46/><F46/><W35/><G95/><T124/><D124/><U61/><E42/><V56/><F80/><W62/><G94/><RYUUKYOKU ba="0,1" sc="129,30,348,-10,335,-10,178,-10" hai0="11,15,16,26,28,33,64,70,74,79,83,88,91" /><INIT seed="4,1,1,3,2,49" ten="159,338,325,168" oya="0" hai0="6,113,69,131,115,20,25,38,83,86,30,63,16" hai1="121,8,99,111,14,88,11,62,59,64,78,90,74" hai2="39,132,53,96,100,98,9,128,23,10,92,47,22" hai3="65,32,104,112,97,3,57,50,51,118,4,12,80"/><T95/><D38/><U85/><E121/><V46/><F132/><W54/><G118/><T73/><D131/><U135/><E111/><V123/><F123/><W56/><G32/><T127/><D127/><U93/><E135/><V107/><F128/><W43/><G112/><N who="0" m="43083" /><D6/><U29/><E29/><V87/><F87/><W117/><G117/><T94/><D73/><U45/><E74/><V102/><F39/><W125/><G125/><T116/><D116/><U91/><E45/><V122/><F122/><W72/><G3/><T129/><D129/><U106/><E106/><V18/><F18/><W124/><G124/><T7/><D7/><N who="1" m="3359" /><E11/><V105/><F92/><N who="0" m="35370" /><D30/><U5/><E5/><V0/><F0/><W68/><G80/><AGARI ba="1,1" hai="59,62,64,78,80,85,88,90,91,93,99" m="3359" machi="80" ten="30,2000,0" yaku="8,1,54,1" doraHai="49" who="1" fromWho="3" sc="159,0,338,33,325,0,168,-23" /><INIT seed="5,0,0,2,0,15" ten="159,371,325,145" oya="1" hai0="91,68,82,17,129,126,123,34,125,61,51,67,63" hai1="49,5,102,40,0,110,50,90,79,4,22,74,32" hai2="77,131,28,73,42,118,132,112,113,37,3,106,56" hai3="99,76,72,104,29,107,33,11,105,115,57,97,66"/><U41/><E32/><V69/><RYUUKYOKU type="yao9" ba="0,0" sc="159,0,371,0,325,0,145,0" hai2="3,28,37,42,56,69,73,77,106,112,113,118,131,132" /><INIT seed="5,1,0,1,3,109" ten="159,371,325,145" oya="1" hai0="108,6,102,126,40,29,110,104,77,105,23,128,68" hai1="113,120,38,65,112,98,14,88,60,58,10,7,75" hai2="133,123,118,130,12,132,48,33,101,124,97,64,134" hai3="62,22,31,3,27,11,74,44,90,19,4,30,119"/><U13/><E75/><V45/><F118/><W49/><G74/><T131/><D68/><U122/><E38/><V83/><F123/><W69/><G119/><T2/><D40/><U34/><E34/><V21/><F33/><W129/><G129/><N who="0" m="49739" /><D77/><U94/><REACH who="1" step="1"/><E14/><REACH who="1" ten="159,361,325,145" step="2"/><V18/><F130/><W35/><G35/><T57/><D110/><U59/><E59/><V16/><F124/><W51/><G69/><T37/><D37/><U86/><E86/><V67/><F12/><W25/><G44/><T78/><D57/><U32/><E32/><V20/><F45/><W8/><G3/><T15/><D15/><U66/><E66/><V93/><F64/><W79/><G27/><T54/><D126/><U87/><E87/><V26/><F67/><W106/><G25/><T91/><D108/><U99/><E99/><V9/><F26/><W73/><G73/><T72/><D72/><U63/><E63/><V55/><F97/><W28/><G62/><T111/><D111/><U121/><AGARI ba="1,1" hai="7,10,13,58,60,65,88,94,98,112,113,120,121,122" machi="121" ten="40,12000,1" yaku="1,1,0,1,52,2,54,1,53,0" doraHai="109" doraHaiUra="41" who="1" fromWho="1" sc="159,-41,361,133,325,-41,145,-41" /><INIT seed="5,2,0,2,3,38" ten="118,494,284,104" oya="1" hai0="39,14,50,94,62,131,105,117,91,102,27,95,88" hai1="30,96,29,73,79,56,67,125,61,78,7,2,26" hai2="63,112,100,83,28,43,134,48,0,10,20,41,17" hai3="71,123,116,40,99,76,103,33,132,51,55,58,9"/><U120/><E120/><V72/><F134/><W46/><G123/><T68/><D39/><U16/><E125/><V107/><F28/><W54/><G132/><T114/><D117/><U128/><E128/><V126/><F126/><W97/><G116/><T135/><D135/><U4/><E2/><V35/><F35/><W3/><G33/><T23/><D131/><U84/><E73/><V70/><F107/><W47/><G71/><T53/><D105/><U92/><E30/><V6/><F100/><W65/><G65/><T89/><D114/><U113/><E113/><V8/><F8/><W19/><G76/><N who="1" m="29226" /><E84/><V37/><F37/><W74/><G74/><T87/><D14/><U127/><E29/><V129/><F112/><W60/><G103/><T42/><D68/><U121/><E121/><V111/><F111/><W1/><G1/><T80/><D102/><N who="1" m="60679" /><E127/><V15/><F129/><W109/><G109/><T77/><D95/><U36/><E36/><V130/><F130/><W90/><G90/><T11/><D94/><U59/><E56/><V12/><F0/><W118/><G118/><T115/><D115/><U75/><E75/><V21/><F83/><W44/><G3/><T52/><D89/><U124/><E124/><V66/><F72/><W49/><REACH who="3" step="1"/><G46/><REACH who="3" ten="118,494,284,94" step="2"/><N who="0" m="25943" /><D91/><U18/><E26/><V64/><F64/><W31/><G31/><N who="0" m="17919" /><D88/><U82/><E82/><V119/><F119/><W86/><G86/><T45/><D45/><U122/><E122/><V101/><F101/><W13/><AGARI ba="2,1" hai="9,13,19,40,44,47,49,51,54,55,58,60,97,99" machi="13" ten="30,7900,0" yaku="1,1,0,1,8,1,52,1,53,0" doraHai="38" doraHaiUra="108" who="3" fromWho="3" sc="118,-22,494,-41,284,-22,94,95" /><INIT seed="6,0,0,4,4,121" ten="96,453,262,189" oya="2" hai0="6,109,52,69,95,71,94,91,111,90,74,135,99" hai1="77,129,68,72,107,64,83,47,23,133,19,60,131" hai2="80,67,40,54,48,25,31,21,30,11,75,97,29" hai3="2,7,34,12,43,115,134,24,85,124,114,35,3"/><V37/><F67/><W16/><G43/><T98/><D74/><U46/><E107/><V13/><F37/><W56/><G56/><T127/><D6/><U50/><E133/><V122/><F40/><W32/><G134/><T70/><D135/><U17/><E17/><V0/><F0/><N who="3" m="43" /><G85/><T106/><D127/><U22/><E22/><V63/><F63/><W108/><G124/><T119/><D119/><U42/><REACH who="1" step="1"/><E47/><REACH who="1" ten="96,443,262,189" step="2"/><V9/><F21/><N who="3" m="13351" /><G108/><T93/><D106/><U44/><E44/><V103/><F75/><W14/><G7/><T110/><REACH who="0" step="1"/><D52/><REACH who="0" ten="86,443,262,189" step="2"/><U87/><E87/><V41/><F54/><W76/><G76/><T78/><D78/><U100/><E100/><V92/><F103/><W81/><G115/><T66/><D66/><U59/><E59/><V20/><F41/><W96/><G114/><T73/><D73/><U84/><E84/><V51/><F122/><W101/><G101/><T18/><D18/><U8/><E8/><V120/><F11/><W128/><G96/><AGARI ba="0,2" hai="69,70,71,90,91,93,94,95,96,98,99,109,110,111" machi="96" ten="60,16000,3" yaku="1,1,29,2,28,2,52,3,53,0" doraHai="121" doraHaiUra="49" who="0" fromWho="3" sc="86,180,443,0,262,0,189,-160" /><INIT seed="7,0,0,3,2,110" ten="266,443,262,29" oya="3" hai0="111,130,75,36,9,101,102,95,103,57,121,99,68" hai1="124,76,11,12,133,105,58,42,15,106,31,1,26" hai2="28,134,20,51,112,60,19,104,72,39,45,67,127" hai3="14,116,69,17,122,113,37,3,23,21,115,5,88"/><W92/><G122/><T118/><D111/><U18/><E42/><V107/><F39/><W6/><G116/><T13/><D68/><U52/><E124/><V25/><F72/><W78/><G69/><T94/><D118/><U10/><E76/><V108/><F108/><W44/><G78/><T56/><D121/><U34/><E1/><V79/><F79/><W125/><G125/><T85/><D36/><U47/><E47/><V32/><F127/><W4/><G3/><T38/><D38/><U93/><E93/><V132/><F112/><N who="3" m="43083" /><G23/><T96/><D130/><U128/><E128/><V64/><F107/><W43/><G6/><N who="0" m="3255" /><D75/><U53/><E133/><N who="2" m="51307" /><F60/><W100/><G100/><N who="0" m="60439" /><D85/><AGARI ba="0,0" hai="4,5,14,17,21,37,43,44,85,88,92" m="43083" machi="85" ten="30,12000,1" yaku="15,1,52,3,54,1" doraHai="110" who="3" fromWho="0" sc="266,-120,443,0,262,0,29,120" /><INIT seed="7,1,0,0,2,23" ten="146,443,262,149" oya="3" hai0="72,124,24,30,8,55,77,95,22,11,43,109,107" hai1="64,67,101,57,31,33,118,122,36,0,112,128,58" hai2="27,34,127,49,68,10,41,131,116,46,121,65,129" hai3="38,84,2,63,40,133,29,20,90,74,17,54,26"/><W59/><G2/><T13/><D107/><U87/><E36/><V19/><F116/><W85/><G74/><T37/><D109/><U91/><E101/><V66/><F127/><W5/><G5/><T52/><D124/><U93/><E122/><V103/><F121/><W113/><G133/><T3/><D3/><U18/><E31/><N who="2" m="19839" /><F68/><W94/><G113/><T76/><D37/><U78/><E128/><N who="2" m="49227" /><F103/><W4/><G4/><N who="0" m="3207" /><D72/><U82/><E58/><V14/><AGARI ba="1,0" hai="10,14,19,41,46,49,65,66" m="49227,19839" machi="14" ten="30,2000,0" yaku="19,1,52,1" doraHai="23" who="2" fromWho="2" sc="146,-6,443,-6,262,23,149,-11" owari="140,-26.0,437,53.7,285,8.5,138,-36.2" /></mjloggm>