<mjloggm ver="2.3"><GO type="169" lobby="0"/><UN n0="%E3%83%9F%E3%83%88%E3%83%A9%32" n1="%4D%75%64%46%6C%6F%77" n2="%6B%6F%75%36%38%36" n3="%5B%5B%79%75%79%75%5D%5D" dan="16,16,16,16" rate="2068.41,2114.42,2116.22,2117.36" sx="M,M,M,M"/><TAIKYOKU oya="0"/><INIT seed="0,0,0,1,2,120" ten="250,250,250,250" oya="0" hai0="0,22,127,36,46,91,37,126,65,28,27,63,19" hai1="25,10,38,51,16,100,44,85,72,71,43,124,116" hai2="68,118,39,73,132,24,58,23,57,61,34,99,26" hai3="102,42,62,35,14,50,115,123,113,114,3,80,5"/><T32/><D0/><U15/><E116/><V108/><F118/><W69/><G123/><T97/><D46/><U54/><E72/><V74/><F39/><W53/><G3/><T89/><D37/><U96/><E124/><N who="0" m="47657" /><D36/><U86/><E71/><V133/><F68/><W33/><G42/><T112/><D97/><U82/><E25/><V90/><F34/><W30/><G102/><T52/><D112/><U40/><E86/><V2/><F2/><W75/><G30/><T83/><D83/><U66/><E66/><V81/><F81/><W7/><G62/><T13/><D52/><U109/><E109/><V125/><F108/><W8/><G7/><T20/><D32/><U130/><E130/><V6/><F6/><W21/><G21/><T17/><D17/><U49/><E49/><V77/><F23/><W4/><G4/><T45/><D45/><U11/><E11/><V55/><F55/><W101/><G101/><T1/><D1/><U95/><REACH who="1" step="1"/><E38/><REACH who="1" ten="250,240,250,250" step="2"/><V18/><F74/><W98/><G69/><AGARI ba="0,1" hai="13,19,20,22,27,28,63,65,69,89,91" m="47657" machi="69" ten="30,1500,0" yaku="18,1" doraHai="120" who="0" fromWho="3" sc="250,25,240,0,250,0,250,-15" /><INIT seed="0,1,0,4,5,17" ten="275,240,250,235" oya="0" hai0="14,127,78,102,92,70,43,42,24,32,68,122,75" hai1="41,56,121,112,93,4,106,73,79,120,23,89,54" hai2="64,30,130,103,18,35,67,123,6,107,1,94,104" hai3="135,16,66,29,46,95,119,62,20,88,37,38,31"/><T101/><D122/><U50/><E106/><V124/><F123/><W87/><G119/><T9/><D127/><U125/><E125/><V105/><F124/><W47/><G135/><T48/><D78/><U26/><E112/><V39/><F39/><W5/><G5/><T84/><D75/><U96/><E4/><V2/><F130/><W59/><G38/><T128/><D128/><U98/><E98/><V83/><F83/><W69/><G69/><T65/><D68/><U131/><E131/><V11/><F2/><W100/><G100/><T97/><D102/><U45/><E79/><V81/><F81/><W90/><G90/><T40/><D84/><U3/><E3/><V13/><F94/><W0/><G0/><T25/><D32/><U27/><E27/><N who="0" m="10313" /><D65/><U7/><E7/><V44/><F103/><W132/><G132/><T61/><D61/><U117/><E117/><V22/><F44/><N who="3" m="16939" /><G37/><T55/><D70/><U126/><E73/><V33/><F33/><W116/><G116/><T111/><D111/><U57/><E126/><V114/><F114/><W60/><G60/><T133/><D133/><U80/><E80/><V115/><F115/><W10/><G10/><T82/><D82/><U21/><E120/><V71/><F71/><W63/><G62/><T49/><D55/><U19/><E121/><V86/><F86/><W110/><G110/><T58/><D58/><N who="1" m="22635" /><E54/><V74/><F74/><W12/><AGARI ba="1,0" hai="12,16,20,29,31,59,63,66,87,88,95" m="16939" machi="12" ten="30,7900,0" yaku="8,1,52,1,54,2" doraHai="17" who="3" fromWho="3" sc="275,-40,240,-21,250,-21,235,82" /><INIT seed="1,0,0,4,0,77" ten="235,219,229,317" oya="1" hai0="47,28,72,107,134,70,34,99,125,17,58,117,50" hai1="114,98,9,55,96,85,6,66,133,54,102,59,88" hai2="4,67,45,29,132,15,23,100,111,129,44,80,106" hai3="12,120,128,5,89,52,110,71,135,40,24,84,27"/><U56/><E114/><V130/><F111/><W37/><G120/><T18/><D72/><U38/><E133/><V123/><F123/><W126/><G110/><T14/><D70/><U21/><E38/><V91/><F67/><W51/><G71/><T86/><D134/><U36/><E36/><V73/><F132/><W112/><G135/><T42/><D117/><U94/><E21/><V13/><F4/><W8/><G126/><T115/><D125/><U33/><E33/><V30/><F100/><W87/><G128/><N who="2" m="49257" /><F106/><W53/><G112/><T46/><D115/><U122/><E122/><V113/><F113/><W124/><G87/><T61/><D47/><N who="2" m="17994" /><F23/><W76/><G124/><T57/><D57/><U65/><E59/><V16/><F91/><W26/><G37/><T83/><D34/><U79/><E79/><N who="2" m="44143" /><F15/><W105/><G105/><T68/><D68/><U63/><E66/><V74/><F74/><W7/><G7/><T20/><D28/><U127/><E127/><V62/><F62/><W25/><N who="3" m="6144" /><DORA hai="69" /><W95/><G76/><N who="0" m="46439" /><D107/><U75/><E75/><V93/><F93/><W35/><G35/><T1/><D1/><U32/><E32/><V82/><F82/><W121/><G121/><T49/><D49/><U116/><E116/><V22/><AGARI ba="0,0" hai="13,16,22,29,30" m="44143,17994,49257" machi="22" ten="30,4000,0" yaku="19,1,52,1,54,1" doraHai="77,69" who="2" fromWho="2" sc="235,-10,219,-20,229,40,317,-10" /><INIT seed="2,0,0,2,3,63" ten="225,199,269,307" oya="2" hai0="108,85,72,0,52,49,126,60,55,127,99,124,10" hai1="66,83,27,43,82,130,65,46,129,45,90,40,41" hai2="38,97,96,26,117,119,1,114,15,109,12,67,37" hai3="2,107,118,20,19,9,79,53,42,113,123,4,18"/><V133/><F133/><W47/><BYE who="2" /><G118/><T134/><D72/><U100/><E100/><V6/><F6/><W91/><G123/><T87/><D134/><UN n2="%6B%6F%75%36%38%36" /><U125/><E125/><V23/><F1/><W34/><G34/><T36/><D108/><U64/><E27/><V35/><F35/><W57/><G107/><T101/><D36/><U51/><E90/><V62/><F109/><W14/><G113/><T76/><D76/><U8/><E8/><V39/><F114/><W115/><G115/><T3/><D60/><U132/><E132/><V106/><F106/><W56/><G79/><T120/><D55/><U135/><E135/><V121/><F121/><W33/><G33/><T112/><D112/><U32/><E32/><V29/><F117/><W68/><G68/><T48/><D48/><U13/><E13/><V116/><F119/><W71/><G71/><T104/><D120/><U11/><E11/><V73/><F73/><W50/><G19/><T89/><D10/><U78/><E78/><V59/><REACH who="2" step="1"/><F116/><REACH who="2" ten="225,199,259,307" step="2"/><W80/><G2/><N who="0" m="555" /><D89/><U22/><E22/><V28/><F28/><W95/><G4/><T44/><AGARI ba="0,1" hai="44,49,52,85,87,99,101,104,124,126,127" m="555" machi="44" ten="40,2700,0" yaku="18,1,54,1" doraHai="63" who="0" fromWho="0" sc="225,37,199,-7,259,-13,307,-7" /><INIT seed="3,0,0,3,0,7" ten="262,192,246,300" oya="3" hai0="130,81,34,135,104,126,129,16,48,128,77,27,66" hai1="125,42,38,65,112,28,50,55,51,24,32,70,105" hai2="19,110,97,133,120,85,127,49,82,18,13,119,29" hai3="36,74,93,103,58,4,46,134,117,9,131,114,64"/><W75/><G114/><T69/><D104/><U3/><E112/><V39/><F119/><W67/><G117/><T17/><D48/><U106/><E125/><V15/><F39/><W108/><G131/><T115/><D115/><U100/><E3/><V102/><F127/><W92/><G134/><T132/><D126/><U89/><E89/><V71/><F133/><N who="0" m="51274" /><D66/><U0/><E0/><V87/><F71/><W59/><G108/><T109/><D69/><U61/><E51/><V73/><F73/><W31/><G31/><N who="0" m="19839" /><D109/><U8/><E8/><V72/><F29/><W94/><G103/><T101/><D101/><U60/><E60/><V122/><F49/><W57/><G46/><T1/><D1/><U25/><E25/><V22/><F110/><W52/><G52/><T41/><D41/><U76/><E100/><V98/><F102/><W10/><G4/><T43/><D43/><U99/><E76/><V80/><REACH who="2" step="1"/><F72/><AGARI ba="0,0" hai="16,17,72,77,81,128,129,130" m="19839,51274" machi="72" ten="40,5200,0" yaku="19,1,20,1,54,1" doraHai="7" who="0" fromWho="2" sc="262,52,192,0,246,-52,300,0" /><INIT seed="4,0,0,2,2,128" ten="314,192,194,300" oya="0" hai0="2,29,39,44,89,124,60,59,78,120,133,20,3" hai1="71,68,32,17,61,84,121,74,86,122,112,38,73" hai2="55,42,108,26,91,85,37,99,63,70,48,34,117" hai3="4,41,58,104,46,47,57,88,24,11,97,92,107"/><T110/><D120/><U116/><E32/><V36/><F108/><W22/><G104/><T62/><D110/><U123/><E38/><V27/><F117/><W118/><G118/><T114/><D114/><U100/><E116/><V76/><F76/><W101/><G47/><T12/><D124/><U77/><E77/><V93/><F34/><W65/><G65/><T102/><D102/><U115/><E17/><V83/><F70/><N who="1" m="26665" /><E61/><V127/><F127/><W95/><G107/><T75/><D60/><U54/><E54/><V103/><F63/><W66/><G66/><T131/><D89/><U13/><E13/><V10/><F10/><W126/><G126/><T18/><D29/><U111/><E100/><V72/><F72/><N who="1" m="27753" /><E111/><V109/><F109/><W94/><G94/><T33/><D33/><U52/><E52/><V5/><F5/><W125/><G125/><T80/><D39/><U1/><E1/><V90/><F37/><W96/><G46/><T119/><D119/><U16/><E16/><V49/><F36/><W106/><G106/><T28/><D44/><U31/><E31/><V135/><F42/><W40/><G40/><T69/><D28/><U81/><E81/><V129/><F55/><W14/><G41/><T43/><D43/><U130/><E130/><V9/><F129/><W98/><G98/><T67/><D69/><U132/><E132/><V25/><F135/><W79/><G79/><T21/><D133/><U19/><E19/><AGARI ba="0,0" hai="4,11,14,19,22,24,57,58,88,92,95,96,97,101" machi="19" ten="30,3900,0" yaku="7,1,8,1,54,1" doraHai="128" who="3" fromWho="1" sc="314,0,192,-39,194,0,300,39" /><INIT seed="5,0,0,2,3,107" ten="314,153,194,339" oya="1" hai0="52,70,31,8,39,120,53,127,128,4,105,49,115" hai1="25,42,99,59,11,111,72,123,108,15,87,101,94" hai2="2,29,64,74,82,119,28,124,51,41,112,134,92" hai3="45,43,122,113,18,26,79,27,75,20,5,3,40"/><U91/><E123/><V44/><F119/><W36/><G122/><T90/><D105/><U67/><E42/><V118/><F118/><W60/><G40/><T50/><D70/><U33/><E33/><V34/><F2/><W71/><G113/><T57/><D39/><U106/><E25/><V21/><F34/><W32/><G32/><T93/><D120/><U17/><E67/><V16/><F134/><W76/><G76/><T69/><D69/><U100/><E59/><V46/><F46/><W19/><G60/><T88/><D115/><U125/><E101/><V81/><F124/><W68/><G19/><T131/><D127/><U77/><REACH who="1" step="1"/><E125/><REACH who="1" ten="314,143,194,339" step="2"/><V97/><F64/><W7/><G27/><T6/><D31/><U23/><E23/><V54/><F112/><W0/><G68/><T55/><D55/><U96/><E96/><V89/><F41/><W62/><G71/><T121/><D121/><U73/><E73/><V78/><F78/><W35/><BYE who="2" /><G35/><T47/><D57/><U98/><E98/><V135/><F135/><W24/><G24/><T110/><D47/><UN n2="%6B%6F%75%36%38%36" /><U65/><E65/><V85/><F74/><W48/><G36/><T83/><D53/><U10/><E10/><V114/><F114/><W30/><G79/><T103/><D52/><U14/><E14/><N who="2" m="9367" /><F97/><W13/><G75/><T9/><D9/><U37/><E37/><V95/><F28/><W61/><G30/><T66/><D8/><U104/><E104/><V130/><F29/><W58/><G13/><T133/><D66/><U63/><E63/><N who="3" m="24074" /><G58/><T84/><D50/><U102/><E102/><RYUUKYOKU ba="0,1" sc="314,-15,143,15,194,-15,339,15" hai1="11,15,17,72,77,87,91,94,99,100,106,108,111" hai3="0,3,5,7,18,20,26,43,45,48" /><INIT seed="5,1,1,4,1,60" ten="299,158,179,354" oya="1" hai0="45,135,134,64,84,78,2,3,131,43,16,18,47" hai1="8,11,27,86,29,75,55,56,51,28,63,36,120" hai2="118,106,88,61,117,79,85,114,62,123,6,25,42" hai3="101,82,103,24,0,87,100,93,65,98,105,99,70"/><U22/><E120/><V59/><F123/><W49/><G0/><N who="0" m="43" /><D131/><U121/><E121/><V73/><F106/><W125/><G125/><T94/><D64/><U133/><E75/><V31/><F6/><W113/><G113/><T35/><D35/><U130/><E130/><V71/><F42/><W4/><G4/><T12/><D12/><U132/><E36/><V57/><F71/><W41/><G103/><T10/><D10/><U83/><E29/><V13/><F13/><W7/><G7/><T66/><D66/><U37/><E37/><V9/><F114/><W97/><G97/><T53/><D53/><U21/><E21/><V23/><F9/><W128/><G128/><T122/><D122/><U33/><E33/><V46/><F46/><N who="0" m="17418" /><D43/><U72/><E72/><V58/><F117/><W127/><G41/><T112/><D112/><U52/><E55/><V126/><F118/><W17/><G127/><T20/><D20/><U74/><E74/><V104/><F126/><W67/><G70/><T39/><D39/><U115/><E115/><V14/><F14/><W32/><G49/><T90/><D78/><U129/><E51/><V92/><REACH who="2" step="1"/><F104/><REACH who="2" ten="299,158,169,354" step="2"/><W80/><G105/><T54/><D54/><U95/><E129/><V89/><F89/><W38/><G38/><T119/><D119/><U124/><E124/><V5/><F5/><W30/><G17/><T19/><D19/><U1/><E1/><V81/><AGARI ba="1,2" hai="23,25,31,57,58,59,61,62,73,79,81,85,88,92" machi="81" ten="30,7900,0" yaku="1,1,0,1,54,1,53,1" doraHai="60" doraHaiUra="91" who="2" fromWho="2" sc="299,-21,158,-40,169,102,354,-21" /><INIT seed="6,0,0,3,3,97" ten="278,118,271,333" oya="2" hai0="122,115,16,76,110,95,104,69,23,132,124,92,79" hai1="127,109,40,3,15,28,4,30,25,2,62,105,67" hai2="21,64,89,102,8,22,93,71,12,5,55,26,129" hai3="14,87,86,126,108,44,56,90,111,52,18,29,113"/><V36/><F129/><W91/><G126/><T121/><D110/><U106/><E109/><V35/><F36/><W82/><G29/><T103/><D69/><U24/><E127/><V0/><F55/><W74/><G74/><T112/><D124/><U7/><E40/><V101/><F35/><W39/><G113/><N who="0" m="43595" /><D16/><U84/><E84/><V116/><F116/><W117/><G117/><T125/><D23/><U32/><E15/><V51/><F0/><W61/><G44/><T114/><D125/><U59/><E7/><V11/><F11/><W42/><G42/><T34/><D34/><U19/><E19/><N who="2" m="12607" /><F64/><W20/><G39/><T96/><D132/><U80/><E4/><V41/><F71/><W68/><REACH who="3" step="1"/><G68/><REACH who="3" ten="278,118,271,323" step="2"/><T31/><D31/><U17/><E17/><V33/><F33/><W94/><AGARI ba="0,1" hai="14,18,20,52,56,61,82,86,87,90,91,94,108,111" machi="94" ten="20,8000,1" yaku="1,1,2,1,0,1,7,1,54,1,53,0" doraHai="97" doraHaiUra="45" who="3" fromWho="3" sc="278,-20,118,-20,271,-40,323,90" /><INIT seed="7,0,0,4,2,8" ten="258,98,231,413" oya="3" hai0="35,24,102,71,115,116,23,20,7,127,130,4,117" hai1="28,85,48,70,36,67,9,21,16,87,92,74,2" hai2="63,66,98,57,121,22,111,134,42,99,106,90,86" hai3="120,113,132,84,118,105,14,26,61,110,50,89,3"/><W33/><G118/><N who="0" m="45675" /><D71/><U80/><E36/><V37/><F111/><W43/><G89/><T25/><D102/><U69/><E74/><V119/><F119/><W131/><G84/><T64/><D64/><U81/><E28/><V47/><F134/><W124/><G50/><T59/><D59/><U125/><E125/><V79/><F121/><W0/><G61/><T40/><D40/><U38/><E38/><V46/><F106/><W109/><G43/><T82/><D82/><U19/><E92/><V65/><F79/><W45/><G45/><T107/><D107/><U41/><E41/><V133/><F133/><W114/><G105/><T18/><D127/><U91/><E67/><V56/><F47/><W104/><G104/><T123/><D123/><U31/><E31/><V51/><F22/><W39/><G39/><T97/><D97/><U13/><E2/><V12/><F12/><W29/><G124/><T101/><D101/><U126/><E126/><V49/><F37/><W6/><G132/><T15/><D130/><U17/><E48/><V10/><F10/><N who="3" m="4439" /><G131/><T75/><D75/><U1/><E1/><N who="3" m="586" /><G120/><T62/><D62/><U93/><E93/><N who="2" m="54487" /><F65/><W129/><G129/><T73/><D73/><U77/><REACH who="1" step="1"/><E19/><REACH who="1" ten="258,88,231,413" step="2"/><V52/><AGARI ba="0,1" hai="42,46,49,51,52,56,57,63,66,98,99" m="54487" machi="52" ten="30,2000,0" yaku="8,1,54,1" doraHai="8" who="2" fromWho="2" sc="258,-5,88,-5,231,30,413,-10" owari="253,-14.7,83,-41.7,261,6.1,403,50.3" /></mjloggm>