<mjloggm ver="2.3"><GO type="169" lobby="0"/><UN n0="%E8%80%81%E6%A5%BD" n1="%E5%BA%84%E5%8F%B8%E5%81%A5%E5%A4%AA%E6%9C%97" n2="%E3%81%91%E3%82%93%E3%81%9E%E3%83%BC%E3%83%99%E3%82%A4" n3="%6D%62%72%63%68%61%6E" dan="17,16,16,16" rate="2170.24,2055.90,2074.92,2134.68" sx="M,M,M,M"/><TAIKYOKU oya="0"/><INIT seed="0,0,0,0,2,59" ten="250,250,250,250" oya="0" hai0="33,53,76,71,40,130,45,63,70,72,75,111,124" hai1="112,58,57,0,117,30,108,24,99,2,21,131,115" hai2="26,122,10,16,67,27,69,119,89,42,92,15,14" hai3="64,81,48,83,32,103,61,25,46,52,41,47,90"/><T100/><D33/><U88/><E117/><V128/><F122/><W95/><G103/><T135/><D130/><U65/><E131/><V85/><F128/><W22/><G32/><T49/><D135/><U12/><E12/><V51/><F119/><W82/><G47/><T79/><D124/><U94/><E108/><V106/><F106/><W31/><G41/><T102/><D111/><U125/><E125/><V77/><F77/><W105/><G105/><T104/><D104/><U39/><E39/><V114/><F114/><N who="1" m="43561" /><E58/><V134/><F134/><W68/><REACH who="3" step="1"/><G81/><REACH who="3" ten="250,250,250,240" step="2"/><T84/><D40/><U19/><E30/><V96/><F42/><W127/><G127/><T109/><D109/><U101/><E101/><V132/><F132/><W87/><AGARI ba="0,1" hai="22,25,31,46,48,52,61,64,68,82,83,87,90,95" machi="87" ten="20,12000,2" yaku="1,1,0,1,7,1,52,1,54,1,53,1" doraHai="59" doraHaiUra="80" who="3" fromWho="3" sc="250,-60,250,-30,250,-30,240,130" /><INIT seed="1,0,0,2,3,14" ten="190,220,220,370" oya="1" hai0="50,54,6,121,62,40,70,108,1,109,91,123,7" hai1="94,19,67,44,26,37,78,22,79,81,45,0,105" hai2="2,4,65,28,135,39,131,93,82,30,74,48,92" hai3="11,56,129,114,76,80,95,89,68,84,132,31,3"/><U5/><E105/><V99/><F39/><W103/><G68/><T83/><D1/><U127/><E127/><V41/><F65/><W115/><G129/><T116/><D91/><U69/><E79/><V20/><F93/><W100/><G132/><T57/><D83/><U77/><E78/><V102/><F131/><W38/><G38/><T111/><D7/><U120/><E120/><N who="0" m="46153" /><D6/><U51/><E67/><V59/><F74/><W16/><G3/><T43/><D116/><U9/><E69/><V73/><F73/><W128/><G31/><T130/><D130/><U106/><E106/><V64/><F82/><W35/><G35/><T10/><D10/><U34/><E34/><V71/><F71/><W87/><G128/><T25/><D25/><U117/><E117/><V29/><F135/><W124/><G124/><T18/><D18/><U134/><E134/><V42/><F2/><W61/><G115/><T17/><D17/><U53/><E94/><V47/><F41/><N who="0" m="15946" /><D70/><U55/><E37/><V86/><F86/><W24/><G114/><T113/><D113/><U122/><E122/><V88/><F4/><W46/><G11/><T32/><D32/><U96/><E96/><V63/><REACH who="2" step="1"/><F102/><REACH who="2" ten="190,220,210,370" step="2"/><W118/><G103/><T97/><D97/><U49/><E77/><V72/><F72/><W125/><G76/><T52/><D108/><U101/><E81/><V21/><AGARI ba="0,1" hai="20,21,28,29,30,42,47,48,59,63,64,88,92,99" machi="21" ten="30,7900,0" yaku="1,1,0,1,8,1,54,1,53,0" doraHai="14" doraHaiUra="12" who="2" fromWho="2" sc="190,-20,220,-39,210,89,370,-20" /><INIT seed="2,0,0,1,1,9" ten="170,181,299,350" oya="2" hai0="12,50,82,123,77,49,65,103,55,87,3,7,114" hai1="127,79,101,48,117,98,33,75,20,80,29,16,118" hai2="96,71,128,15,102,27,44,37,67,32,36,72,105" hai3="23,84,70,22,45,13,1,66,59,94,90,2,64"/><V21/><F72/><W58/><G70/><T4/><D114/><U113/><E113/><V62/><F128/><W26/><G2/><T24/><D123/><U92/><E127/><V108/><F108/><W135/><G135/><T57/><D3/><U61/><E48/><V107/><F107/><W106/><G1/><T97/><D65/><N who="3" m="25193" /><G106/><T43/><D24/><U52/><E29/><N who="2" m="19519" /><F44/><W46/><G23/><T54/><D43/><U88/><E33/><V5/><F5/><W115/><G115/><T111/><D111/><U125/><E101/><V78/><F78/><W83/><G83/><T63/><D12/><U10/><E10/><V8/><F8/><W93/><G93/><N who="0" m="58799" /><D63/><U119/><E125/><V132/><F132/><W73/><G73/><T56/><AGARI ba="0,0" hai="4,7,49,50,54,55,56,57,77,82,87" m="58799" machi="56" ten="30,1100,0" yaku="8,1" doraHai="9" who="0" fromWho="0" sc="170,11,181,-3,299,-5,350,-3" /><INIT seed="3,0,0,1,3,75" ten="181,178,294,347" oya="3" hai0="4,107,46,100,66,94,35,92,51,64,72,79,104" hai1="81,113,19,68,88,108,28,18,65,11,102,38,84" hai2="17,44,6,97,43,73,119,53,114,57,76,127,125" hai3="33,39,98,135,78,21,41,99,36,103,83,58,56"/><W24/><G33/><T48/><D35/><U63/><E113/><V26/><F114/><W86/><G135/><T126/><D4/><U105/><E108/><V45/><F119/><W80/><G99/><T70/><D126/><N who="2" m="48138" /><F6/><W34/><G34/><T118/><D118/><U134/><E38/><V122/><F97/><W47/><G39/><T110/><D100/><U42/><E42/><V93/><F93/><W117/><G83/><T87/><D72/><U90/><E90/><V15/><F26/><W123/><G123/><T131/><D70/><U95/><E105/><V37/><F45/><W62/><G62/><T14/><D14/><U20/><E11/><N who="2" m="6399" /><F73/><W129/><G129/><T54/><D46/><U120/><E134/><V13/><F13/><W89/><G89/><T116/><D116/><U121/><E121/><V85/><F122/><W31/><REACH who="3" step="1"/><G117/><REACH who="3" ten="181,178,294,337" step="2"/><T52/><D131/><U9/><E120/><V109/><F109/><W74/><G74/><T59/><D110/><U16/><E102/><V96/><F96/><W132/><G132/><T77/><D87/><U25/><REACH who="1" step="1"/><E9/><REACH who="1" ten="181,168,294,337" step="2"/><V50/><F85/><W0/><G0/><T49/><D49/><U22/><E22/><V101/><F101/><W3/><G3/><T128/><D128/><U91/><E91/><V27/><F50/><W61/><G61/><T69/><D69/><U1/><E1/><V124/><F124/><W8/><G8/><T82/><D82/><AGARI ba="0,2" hai="16,18,19,20,25,28,63,65,68,81,82,84,88,95" machi="82" ten="40,5200,0" yaku="1,1,54,2,53,0" doraHai="75" doraHaiUra="71" who="1" fromWho="0" sc="181,-52,168,72,294,0,337,0" /><INIT seed="4,0,0,0,0,27" ten="129,240,294,337" oya="0" hai0="123,40,17,81,4,16,51,128,69,82,20,120,100" hai1="89,109,103,112,72,3,39,28,108,15,38,61,85" hai2="10,118,124,32,9,30,80,122,114,2,105,83,121" hai3="5,56,23,21,47,131,127,1,13,34,95,115,25"/><T88/><D69/><U50/><E3/><V37/><F105/><W116/><G47/><T90/><D128/><U11/><E72/><V14/><F37/><W98/><G116/><T22/><D100/><U130/><E39/><V91/><F118/><W42/><G42/><T58/><D4/><U106/><E38/><V107/><F107/><W96/><G115/><T49/><REACH who="0" step="1"/><D58/><REACH who="0" ten="119,240,294,337" step="2"/><U48/><E130/><V102/><F102/><N who="3" m="60703" /><G56/><T65/><D65/><U104/><E112/><V46/><F114/><W53/><G5/><T41/><AGARI ba="0,1" hai="16,17,20,22,40,41,49,51,81,82,88,90,120,123" machi="41" ten="25,18000,2" yaku="1,1,0,1,22,2,54,2,53,0" doraHai="27" doraHaiUra="24" who="0" fromWho="0" sc="119,190,240,-60,294,-60,337,-60" /><INIT seed="4,1,0,2,5,51" ten="309,180,234,277" oya="0" hai0="70,111,88,105,106,2,33,102,67,8,85,12,93" hai1="118,64,58,99,19,123,120,42,92,53,127,43,34" hai2="97,104,45,57,101,49,79,6,119,11,71,18,95" hai3="32,15,25,7,72,17,96,22,69,110,5,117,126"/><T47/><D2/><U134/><E118/><V89/><F119/><W0/><G72/><T59/><D70/><U108/><E34/><V35/><F71/><W112/><G117/><T82/><D33/><U83/><E108/><V29/><F79/><W41/><G110/><T131/><D111/><U44/><E83/><V31/><F57/><W48/><G69/><T63/><D131/><U26/><E43/><V60/><F60/><W94/><G112/><T50/><D102/><U129/><E64/><V107/><F18/><W40/><G126/><T98/><D98/><U128/><E19/><V30/><F35/><W76/><G76/><T130/><D93/><U124/><E26/><V55/><REACH who="2" step="1"/><F101/><REACH who="2" ten="309,180,224,277" step="2"/><N who="3" m="60567" /><G32/><T80/><D130/><N who="1" m="50283" /><E134/><V91/><F91/><W81/><G7/><T20/><D63/><N who="1" m="36303" /><E99/><V36/><F36/><W109/><G109/><T125/><D125/><N who="1" m="48203" /><E92/><V39/><F39/><AGARI ba="1,1" hai="39,42,44,120,123" m="48203,36303,50283" machi="39" ten="30,8000,1" yaku="19,1,18,1,34,2,52,1" doraHai="51" who="1" fromWho="2" sc="309,0,180,93,224,-83,277,0" /><INIT seed="5,0,0,0,4,17" ten="309,273,141,277" oya="1" hai0="46,86,132,63,41,75,3,106,123,74,12,43,95" hai1="72,124,2,111,128,121,50,52,117,127,76,20,16" hai2="30,134,25,82,59,104,71,10,101,69,23,73,78" hai3="22,61,87,109,34,113,83,27,40,55,8,107,135"/><U131/><E2/><V98/><F134/><W32/><G109/><T38/><D106/><U77/><E117/><V7/><REACH who="2" step="1"/><F59/><REACH who="2" ten="309,273,131,277" step="2"/><N who="3" m="35071" /><G135/><T51/><D132/><U39/><E111/><V13/><AGARI ba="0,1" hai="7,10,13,23,25,30,69,71,73,78,82,98,101,104" machi="13" ten="20,5200,0" yaku="1,1,0,1,7,1,52,1,53,0" doraHai="17" doraHaiUra="48" who="2" fromWho="2" sc="309,-13,273,-26,131,62,277,-13" /><INIT seed="6,0,0,3,1,57" ten="296,247,193,264" oya="2" hai0="65,6,91,133,41,36,45,115,123,93,17,84,23" hai1="125,14,122,3,100,99,9,25,105,64,72,78,114" hai2="94,132,58,26,30,116,60,21,95,35,29,119,13" hai3="131,31,38,5,118,11,103,34,101,86,130,134,121"/><V80/><F132/><W61/><G118/><T10/><D123/><U20/><E114/><V79/><F119/><W24/><G38/><T62/><D115/><U90/><E125/><V67/><F116/><W56/><G121/><T22/><D17/><U110/><E110/><V70/><F70/><W113/><G134/><T87/><D87/><U83/><E122/><V49/><F30/><W55/><G86/><T53/><D53/><U50/><E3/><V46/><F13/><W112/><G112/><T127/><D127/><U18/><E64/><V111/><F35/><W32/><G32/><T27/><D27/><U33/><E33/><V129/><F129/><N who="3" m="49163" /><G113/><T106/><D106/><U74/><E50/><V51/><F111/><W63/><G63/><T43/><D43/><U108/><E90/><V15/><F15/><AGARI ba="0,0" hai="5,11,15,24,31,34,55,56,61,101,103" m="49163" machi="15" ten="30,2000,0" yaku="19,1,52,1" doraHai="57" who="3" fromWho="2" sc="296,0,247,0,193,-20,264,20" /><INIT seed="7,0,0,5,1,62" ten="296,247,173,284" oya="3" hai0="50,119,43,21,98,108,113,0,33,114,120,128,101" hai1="31,15,5,76,9,129,106,80,56,94,105,74,23" hai2="83,2,82,40,109,125,61,58,41,111,73,126,93" hai3="63,110,10,86,70,100,64,3,134,26,130,53,78"/><W84/><G130/><T99/><D33/><U95/><E129/><V22/><F2/><W133/><G110/><T37/><D108/><U34/><E34/><V6/><F6/><N who="3" m="1375" /><G100/><T8/><D119/><U75/><E75/><V7/><F7/><W66/><G66/><T135/><D135/><N who="3" m="51721" /><G78/><T60/><D37/><U77/><E77/><V44/><F111/><W67/><G67/><T27/><D120/><U92/><E56/><V65/><F109/><W107/><G107/><T104/><D99/><U30/><E30/><V20/><F93/><W46/><G26/><T18/><D60/><U90/><E90/><V87/><F73/><W12/><G12/><T112/><D128/><U49/><E49/><AGARI ba="0,0" hai="46,49,53,63,64,70,84,86" m="51721,1375" machi="49" ten="30,2900,0" yaku="20,1,52,1" doraHai="62" who="3" fromWho="1" sc="296,0,247,-29,173,0,284,29" owari="296,9.6,218,-18.2,173,-32.7,313,41.3" /></mjloggm>