<mjloggm ver="2.3"><GO type="169" lobby="0"/><UN n0="%E3%81%88%E3%81%8C%E3%82%8F%E3%82%8A%E3%81%8A" n1="%E3%81%82%E3%81%99%E3%81%AB%E3%82%83%E3%82%80" n2="%E3%82%8F%E3%81%98" n3="%73%61%69%63%68%61%6E%7A" dan="16,18,16,17" rate="2105.52,2287.02,2118.02,2140.63" sx="M,F,M,M"/><TAIKYOKU oya="0"/><INIT seed="0,0,0,1,1,3" ten="250,250,250,250" oya="0" hai0="10,51,56,16,109,59,19,75,40,24,124,42,15" hai1="43,87,110,68,91,37,32,14,113,13,70,41,104" hai2="67,98,57,2,53,12,111,79,76,44,33,34,48" hai3="21,80,62,61,100,101,6,35,7,114,81,0,126"/><T128/><D75/><U78/><E32/><V20/><F2/><W119/><G35/><T47/><D128/><U116/><E104/><V88/><F111/><W8/><G114/><T102/><D109/><U92/><E110/><V108/><F108/><W83/><G119/><T66/><D124/><U112/><E116/><V17/><F33/><W25/><G126/><T26/><D102/><N who="3" m="39529" /><G0/><T77/><D77/><U105/><E105/><V127/><F34/><W69/><G8/><T103/><D103/><U30/><E30/><V73/><F73/><W9/><G9/><T99/><D99/><U4/><E78/><V117/><F117/><W123/><G69/><N who="1" m="26730" /><E4/><N who="3" m="1578" /><G123/><T36/><D36/><U45/><E43/><V74/><F127/><W84/><G84/><T133/><D40/><U86/><E87/><V1/><F1/><W90/><G90/><T93/><D42/><U96/><E86/><V118/><F118/><W50/><G50/><T58/><D51/><U60/><E60/><N who="2" m="38287" /><F74/><W65/><G65/><T38/><D66/><U72/><E72/><V106/><F106/><W132/><G132/><T129/><D133/><U27/><E113/><V135/><F135/><W115/><G115/><T82/><D10/><U46/><E112/><V29/><F79/><W39/><G39/><T125/><D38/><U134/><E134/><V107/><F76/><W22/><G22/><T122/><D122/><U5/><E37/><V55/><F107/><W49/><G49/><T52/><D125/><U121/><E121/><V23/><F48/><W94/><G94/><T85/><D93/><U64/><E92/><RYUUKYOKU ba="0,0" sc="250,-10,250,-10,250,-10,250,30" hai3="21,25,61,62,80,81,83" /><INIT seed="1,1,0,0,0,45" ten="240,240,240,280" oya="1" hai0="82,26,127,44,56,113,11,124,77,30,116,60,0" hai1="7,67,59,78,53,4,48,72,33,3,34,97,129" hai2="118,83,98,93,6,28,29,25,105,84,13,131,73" hai3="126,55,15,63,123,54,135,61,109,107,104,57,86"/><U31/><E129/><V52/><F118/><W20/><G123/><T99/><D116/><U38/><E38/><V19/><F105/><W79/><G109/><T36/><D113/><U112/><E112/><V16/><F73/><W95/><G126/><N who="0" m="48171" /><D99/><U117/><E117/><V100/><F131/><W1/><G1/><T90/><D90/><U51/><E72/><V69/><F69/><W87/><G135/><T92/><D92/><U101/><E3/><V21/><F6/><N who="1" m="2089" /><E33/><V5/><F5/><W134/><G134/><T121/><D121/><U125/><E34/><V62/><F62/><W94/><G57/><T39/><D11/><U49/><E125/><V17/><F52/><W22/><REACH who="3" step="1"/><G15/><REACH who="3" ten="240,240,240,270" step="2"/><T68/><D0/><U111/><E111/><V8/><REACH who="2" step="1"/><F29/><REACH who="2" ten="240,240,230,270" step="2"/><W120/><G120/><T71/><D30/><U9/><E31/><V108/><F108/><W65/><G65/><T37/><D71/><U88/><E67/><V76/><AGARI ba="1,2" hai="8,13,16,17,19,21,25,28,76,83,84,93,98,100" machi="76" ten="20,8000,1" yaku="1,1,0,1,7,1,8,1,54,1,53,0" doraHai="45" doraHaiUra="122" who="2" fromWho="2" sc="240,-21,240,-41,230,103,270,-21" /><INIT seed="2,0,0,3,0,57" ten="219,199,333,249" oya="2" hai0="61,45,68,9,84,71,6,62,98,14,88,59,129" hai1="30,77,18,64,124,42,97,127,20,107,12,1,60" hai2="99,46,41,134,17,65,130,47,126,4,52,92,19" hai3="55,31,108,29,51,128,43,121,117,125,25,94,91"/><V53/><F126/><W37/><G117/><T101/><D129/><U28/><E1/><V119/><F119/><W103/><G121/><T86/><D45/><U80/><E42/><V2/><F130/><W74/><G128/><T8/><D8/><U49/><E49/><V131/><F131/><W72/><G125/><N who="1" m="48202" /><E107/><V36/><F134/><W63/><G103/><T56/><D86/><N who="1" m="48399" /><E97/><V132/><F132/><W109/><G43/><T11/><D11/><U15/><E15/><V81/><F2/><W106/><G106/><T105/><D56/><AGARI ba="0,0" hai="12,18,20,28,30,56,60,64" m="48399,48202" machi="56" ten="30,2000,0" yaku="18,1,52,1" doraHai="57" who="1" fromWho="0" sc="219,-20,199,20,333,0,249,0" /><INIT seed="3,0,0,4,5,79" ten="199,219,333,249" oya="3" hai0="109,135,44,32,1,24,12,93,50,59,27,73,128" hai1="9,133,56,65,51,105,88,22,47,94,104,31,46" hai2="8,83,71,7,28,26,118,40,69,18,134,92,125" hai3="127,129,67,80,4,123,14,25,116,96,23,100,66"/><W42/><G116/><T38/><D1/><U49/><E133/><V10/><F118/><W75/><G123/><T2/><D2/><U117/><E117/><V120/><F134/><W85/><G75/><T114/><D135/><U91/><E104/><V112/><F112/><W6/><G127/><T122/><D122/><U33/><E105/><V103/><F120/><W15/><G129/><T68/><D68/><U19/><E33/><V72/><F40/><W87/><G42/><T84/><D128/><U30/><E9/><V107/><F92/><N who="3" m="58375" /><G87/><T82/><D114/><U86/><E65/><N who="3" m="24586" /><G4/><T74/><D109/><U58/><E86/><V52/><F7/><W60/><G60/><T77/><D38/><U124/><E19/><V113/><F72/><W13/><G6/><T132/><D132/><U62/><E62/><V108/><F107/><W95/><G95/><T16/><D73/><U131/><E94/><V55/><F71/><W48/><G48/><T102/><D74/><U130/><REACH who="1" step="1"/><E22/><REACH who="1" ten="199,209,333,249" step="2"/><V78/><F113/><W17/><G85/><T39/><D32/><U98/><E98/><V37/><F108/><W45/><G45/><T110/><D110/><U21/><E21/><V90/><F125/><AGARI ba="0,1" hai="30,31,46,47,49,51,56,58,88,91,124,125,130,131" machi="125" ten="25,6400,0" yaku="1,1,22,2,54,1,53,0" doraHai="79" doraHaiUra="70" who="1" fromWho="2" sc="199,0,209,74,333,-64,249,0" /><INIT seed="4,0,0,4,0,0" ten="199,283,269,249" oya="0" hai0="74,25,52,66,32,120,129,56,128,4,80,110,16" hai1="114,98,36,24,109,89,40,93,84,94,83,131,112" hai2="111,55,108,105,42,7,99,46,50,133,102,132,68" hai3="1,17,34,76,87,75,37,41,5,19,47,119,91"/><T113/><D120/><U20/><E36/><V88/><F68/><W96/><G119/><T95/><D113/><N who="1" m="43627" /><E40/><V90/><F7/><W64/><G34/><T101/><D110/><N who="2" m="42026" /><F55/><W8/><G96/><N who="0" m="59551" /><D66/><U29/><E109/><V104/><F104/><W97/><G97/><T81/><D74/><U124/><E124/><V45/><F45/><W85/><G64/><T39/><D39/><U53/><E131/><N who="0" m="50249" /><D4/><U82/><E53/><V100/><F100/><AGARI ba="0,0" hai="20,24,29,82,83,84,89,93,94,98,100" m="43627" machi="100" ten="30,2000,0" yaku="15,1,11,1" doraHai="0" who="1" fromWho="2" sc="199,0,283,20,269,-20,249,0" /><INIT seed="5,0,0,4,3,110" ten="199,303,249,249" oya="1" hai0="73,123,87,59,38,53,91,75,90,12,125,104,8" hai1="84,114,23,28,66,43,14,18,32,122,44,78,99" hai2="77,92,30,116,111,17,127,48,37,74,46,117,62" hai3="70,7,72,88,86,83,132,81,97,31,33,126,13"/><U21/><E122/><V60/><F37/><W65/><G132/><T4/><D123/><U130/><E130/><V128/><F111/><W51/><G126/><T45/><D104/><U2/><E2/><V76/><F30/><W52/><G97/><T58/><D125/><U3/><E3/><V85/><F127/><W15/><G70/><T55/><D38/><U56/><E32/><V27/><F74/><W120/><G65/><T22/><D22/><U124/><E124/><V47/><F48/><W61/><G61/><T11/><D45/><U67/><E99/><V133/><F85/><W5/><G120/><T106/><D106/><U36/><E56/><V79/><F79/><W40/><G40/><T102/><D102/><U105/><E105/><V103/><F103/><W101/><G101/><T100/><D100/><U29/><E29/><V94/><F27/><W10/><G31/><T95/><D11/><U108/><E108/><V129/><REACH who="2" step="1"/><F17/><REACH who="2" ten="199,303,239,249" step="2"/><W20/><G33/><T113/><D73/><U9/><E28/><V1/><F1/><W54/><G51/><N who="0" m="31039" /><D75/><U39/><E36/><V82/><F82/><W34/><G34/><T98/><D87/><U64/><E84/><V25/><F25/><W42/><G72/><T115/><D90/><U24/><E78/><V119/><F119/><W71/><G81/><T57/><D55/><U50/><E39/><V19/><F19/><N who="3" m="10351" /><G42/><T0/><D0/><U89/><E89/><V135/><AGARI ba="0,1" hai="46,47,60,62,76,77,92,94,116,117,128,129,133,135" machi="135" ten="25,6400,0" yaku="1,1,0,1,22,2,53,0" doraHai="110" doraHaiUra="16" who="2" fromWho="2" sc="199,-16,303,-32,239,74,249,-16" /><INIT seed="6,0,0,1,4,18" ten="183,271,313,233" oya="2" hai0="27,97,34,92,56,133,33,122,126,61,68,75,65" hai1="130,38,72,64,55,23,22,21,59,32,51,121,105" hai2="79,82,128,13,25,37,40,77,73,101,78,14,106" hai3="1,69,30,76,11,48,103,83,118,28,132,10,39"/><V95/><F106/><W20/><G39/><T58/><D122/><U49/><E38/><V26/><F73/><W9/><G132/><T134/><D75/><U99/><E32/><V17/><F37/><W94/><G1/><T12/><D126/><U91/><E72/><V52/><F40/><W85/><G69/><T102/><D12/><U88/><E130/><V15/><F82/><W35/><G35/><T57/><REACH who="0" step="1"/><D27/><REACH who="0" ten="173,271,313,233" step="2"/><U41/><E121/><V114/><F25/><N who="3" m="16423" /><G118/><T109/><D109/><U66/><E105/><V24/><F26/><W44/><G30/><T112/><D112/><U120/><E120/><V90/><F24/><W115/><G115/><T16/><D16/><U113/><E113/><V60/><F114/><W93/><G103/><T98/><D98/><U123/><E123/><V116/><F101/><W47/><G47/><T104/><D104/><U36/><E99/><V125/><F125/><W117/><G117/><T100/><D100/><U7/><E7/><V8/><F116/><W74/><G74/><T127/><D127/><U29/><E29/><V84/><F128/><W46/><G46/><T6/><D6/><U63/><E36/><V3/><F3/><W62/><G62/><T53/><D53/><AGARI ba="0,1" hai="9,10,11,44,48,53,76,83,85,93,94" m="16423" machi="53" ten="30,2000,0" yaku="8,1,52,1" doraHai="18" who="3" fromWho="0" sc="173,-20,271,0,313,0,233,30" /><INIT seed="7,0,0,5,1,107" ten="153,271,313,263" oya="3" hai0="129,113,46,26,116,50,43,6,21,103,62,24,28" hai1="131,15,9,133,38,64,63,37,12,42,71,132,126" hai2="70,135,23,87,7,99,78,58,109,13,134,22,76" hai3="88,25,3,80,106,54,11,118,48,105,90,17,30"/><W20/><G118/><T75/><D116/><U117/><E117/><V115/><F70/><W69/><G69/><T86/><D129/><U53/><E131/><V27/><F109/><W67/><G67/><T36/><D113/><U19/><E126/><V83/><F78/><W41/><G41/><T128/><D128/><U114/><E114/><V82/><F115/><W66/><G66/><T31/><D103/><U81/><E42/><V84/><F99/><W104/><G80/><T119/><D119/><U68/><E68/><V45/><F45/><W65/><G65/><T124/><D124/><U40/><E40/><V2/><F2/><W59/><REACH who="3" step="1"/><G17/><REACH who="3" ten="153,271,313,253" step="2"/><T8/><D36/><U130/><E38/><V98/><F83/><W16/><G16/><T108/><D108/><U55/><E37/><V121/><F82/><W4/><AGARI ba="0,1" hai="3,4,11,20,25,30,48,54,59,88,90,104,105,106" machi="4" ten="40,7800,0" yaku="1,1,0,1,54,1,53,0" doraHai="107" doraHaiUra="96" who="3" fromWho="3" sc="153,-26,271,-26,313,-26,253,88" owari="127,-37.3,245,-15.5,287,8.7,341,44.1" /></mjloggm>