<mjloggm ver="2.3"><GO type="169" lobby="0"/><UN n0="%E3%82%A4%E3%82%AB%E3%81%AB%E3%82%82%E6%9D%B1%E5%8C%97" n1="%32%30%31%33%36%31%32" n2="%E3%83%AF%E3%82%BF%E3%82%B7%E3%81%8C%E9%A3%9B%E3%82%93%E3%81%A0%E6%97%A5" n3="%E3%81%94%E3%82%8B%E3%81%AF%E3%82%80%33%30" dan="16,18,16,17" rate="2137.15,2209.90,2123.84,2172.98" sx="M,M,M,F"/><TAIKYOKU oya="0"/><INIT seed="0,0,0,5,5,132" ten="250,250,250,250" oya="0" hai0="24,41,89,36,113,77,52,121,108,3,61,85,37" hai1="111,53,84,10,119,54,96,34,104,75,2,101,135" hai2="134,15,30,127,92,60,38,99,74,5,93,71,62" hai3="81,20,63,69,80,1,42,50,125,18,45,109,87"/><T100/><D113/><U133/><E119/><V73/><F38/><W13/><G109/><T83/><D121/><U110/><E75/><V86/><F134/><N who="1" m="51209" /><E34/><V56/><F71/><W9/><G125/><T115/><D115/><U66/><E66/><V40/><F40/><W120/><G120/><T11/><D108/><N who="1" m="41515" /><E84/><V76/><F73/><W88/><G80/><T58/><D100/><U51/><E51/><V68/><F68/><W102/><G102/><T57/><D41/><U27/><E27/><V48/><F74/><W29/><G69/><T131/><D131/><U12/><E2/><V17/><F48/><W116/><G116/><T72/><D24/><U47/><E47/><V107/><F62/><W19/><G63/><T59/><D59/><U64/><E64/><V114/><F86/><W8/><G1/><T0/><D0/><U95/><E104/><V31/><F107/><W129/><G129/><T94/><REACH who="0" step="1"/><D58/><REACH who="0" ten="240,250,250,250" step="2"/><U130/><E130/><V112/><F112/><W14/><REACH who="3" step="1"/><G29/><REACH who="3" ten="240,250,250,240" step="2"/><T70/><D70/><U65/><E65/><V26/><F31/><W126/><G126/><T25/><D25/><U4/><AGARI ba="0,2" hai="4,10,12,53,54,95,96,101" m="41515,51209" machi="4" ten="30,2000,0" yaku="20,1,14,1" doraHai="132" who="1" fromWho="1" sc="240,-10,250,40,250,-5,240,-5" /><INIT seed="1,0,0,4,0,72" ten="230,290,245,235" oya="1" hai0="38,65,128,83,67,84,129,47,41,57,121,77,79" hai1="112,118,90,92,107,4,18,14,102,63,25,98,6" hai2="82,59,23,29,113,3,20,37,73,123,91,33,53" hai3="105,78,135,5,74,111,106,62,95,85,101,71,115"/><U88/><E112/><V60/><F123/><W0/><G115/><T117/><D117/><U116/><E25/><V24/><F113/><W30/><G5/><T97/><D121/><U80/><E80/><V120/><F120/><W8/><G8/><T49/><D97/><U50/><E116/><V114/><F37/><W81/><G0/><T64/><REACH who="0" step="1"/><D79/><REACH who="0" ten="220,290,245,235" step="2"/><U21/><E118/><V12/><F114/><W45/><G78/><T109/><D109/><U39/><E39/><V66/><F73/><W28/><G74/><T69/><D69/><U94/><E63/><V40/><F60/><W126/><G111/><T55/><AGARI ba="0,1" hai="38,41,47,49,55,57,64,65,67,77,83,84,128,129" machi="55" ten="30,4000,0" yaku="1,1,0,1,52,1,53,0" doraHai="72" doraHaiUra="119" who="0" fromWho="0" sc="220,50,290,-20,245,-10,235,-10" /><INIT seed="2,0,0,5,2,39" ten="270,270,235,225" oya="2" hai0="34,31,124,42,117,57,25,35,44,64,24,7,0" hai1="26,66,93,103,100,1,53,109,62,11,19,116,4" hai2="51,9,96,101,94,87,3,90,132,6,118,18,129" hai3="119,12,134,73,98,97,125,126,95,105,13,32,48"/><V104/><F118/><W14/><G119/><T91/><D117/><U106/><E116/><RYUUKYOKU type="kaze4" ba="0,0" sc="270,0,270,0,235,0,225,0" /><INIT seed="2,1,0,0,3,125" ten="270,270,235,225" oya="2" hai0="100,81,82,26,69,124,114,61,66,64,44,123,2" hai1="129,13,73,47,119,17,36,30,24,75,38,105,34" hai2="42,19,60,51,52,96,90,103,39,53,56,126,49" hai3="22,108,0,112,132,122,95,80,110,84,131,62,18"/><V20/><F126/><W115/><G122/><T111/><D123/><U120/><E119/><V93/><F39/><W32/><G32/><T72/><D114/><N who="3" m="43561" /><G0/><T33/><D124/><U70/><E120/><V29/><F29/><W8/><G8/><T63/><D2/><U14/><E70/><V109/><F109/><N who="3" m="42091" /><G62/><T48/><D72/><U41/><E105/><V116/><F116/><W43/><G43/><T91/><D100/><U87/><E38/><V11/><F11/><W55/><G55/><T134/><D134/><U99/><E13/><V89/><F42/><W98/><G132/><T68/><D111/><U37/><E37/><V121/><F121/><W133/><G133/><T135/><D135/><U23/><E99/><V6/><F6/><W25/><G131/><T78/><D78/><U4/><E4/><V71/><F71/><W102/><G84/><T130/><D130/><U67/><E67/><V40/><F40/><W92/><G80/><T74/><D33/><U50/><E129/><V97/><F97/><W5/><G5/><T127/><D127/><U3/><E3/><V113/><F113/><W31/><G95/><T118/><D118/><U54/><E87/><V46/><REACH who="2" step="1"/><F60/><REACH who="2" ten="270,270,225,225" step="2"/><W128/><G128/><T16/><D63/><U27/><E36/><V86/><F86/><W94/><G31/><T107/><D68/><U65/><E41/><V101/><F101/><W106/><AGARI ba="1,1" hai="18,22,25,92,94,98,102,106" m="42091,43561" machi="106" ten="30,2000,0" yaku="11,1,14,1" doraHai="125" who="3" fromWho="3" sc="270,-6,270,-6,225,-11,225,33" /><INIT seed="3,0,0,0,3,95" ten="264,264,214,258" oya="3" hai0="119,108,68,109,38,62,16,134,60,12,78,44,55" hai1="51,96,72,45,18,115,91,40,21,0,15,32,80" hai2="3,112,33,47,29,71,6,17,114,73,54,127,74" hai3="24,106,49,23,22,102,107,58,123,28,84,118,53"/><W14/><G118/><T30/><D30/><U117/><E115/><V87/><F71/><W43/><G123/><T129/><D78/><U56/><E32/><V61/><F74/><W104/><G43/><N who="0" m="22647" /><D16/><U57/><E0/><V113/><F73/><W86/><G102/><T85/><D85/><U36/><E117/><V121/><F121/><W7/><REACH who="3" step="1"/><G23/><REACH who="3" ten="264,264,214,248" step="2"/><T110/><D119/><U111/><E21/><V20/><F114/><W59/><G59/><T41/><D41/><U63/><E57/><V89/><F33/><W34/><G34/><T77/><D109/><U42/><E111/><V37/><F112/><W52/><G52/><T116/><D55/><U69/><E40/><V103/><F103/><W131/><G131/><T82/><D129/><U99/><E69/><V101/><F101/><W2/><G2/><T97/><D68/><U10/><E36/><V66/><F37/><W13/><G13/><T124/><D12/><U130/><E130/><V83/><F113/><W31/><G31/><T93/><D116/><U9/><E9/><AGARI ba="0,1" hai="7,9,14,22,24,28,49,53,58,84,86,104,106,107" machi="9" ten="40,3900,0" yaku="1,1,53,1" doraHai="95" doraHaiUra="46" who="3" fromWho="1" sc="264,0,264,-39,214,0,248,49" /><INIT seed="3,1,0,1,4,47" ten="264,225,214,297" oya="3" hai0="85,27,36,25,21,123,33,4,97,24,81,127,106" hai1="115,5,51,2,71,40,88,49,14,75,53,60,121" hai2="15,54,8,107,19,70,116,101,55,80,32,109,48" hai3="61,28,58,11,93,0,103,119,118,68,78,77,100"/><W76/><G68/><T108/><D123/><U38/><E115/><V17/><F116/><W3/><G28/><T134/><D36/><U94/><E2/><V82/><F32/><W105/><G105/><T43/><D108/><U91/><E75/><V125/><F109/><W67/><G118/><T26/><D33/><U1/><E1/><V45/><F70/><W98/><G119/><T117/><D117/><U112/><E112/><V90/><F125/><W23/><G23/><T111/><D134/><U64/><E121/><V87/><F107/><W128/><G128/><T35/><D4/><U59/><E38/><V126/><F126/><W30/><G30/><T42/><D35/><U31/><E31/><V7/><F101/><W57/><G103/><T95/><D106/><U16/><E5/><V79/><REACH who="2" step="1"/><F55/><REACH who="2" ten="264,225,204,297" step="2"/><W50/><REACH who="3" step="1"/><G11/><REACH who="3" ten="264,225,204,287" step="2"/><T133/><D127/><U74/><E71/><V114/><F114/><W22/><G22/><T132/><D21/><N who="1" m="11415" /><E74/><AGARI ba="1,2" hai="7,8,15,17,19,45,48,54,74,79,80,82,87,90" machi="74" ten="30,3900,0" yaku="1,1,7,1,52,1,53,0" doraHai="47" doraHaiUra="65" who="2" fromWho="1" sc="264,0,225,-42,204,62,287,0" /><INIT seed="4,0,0,3,5,125" ten="264,183,266,287" oya="0" hai0="93,36,126,85,86,101,106,94,124,46,111,123,56" hai1="23,116,49,130,103,112,14,62,104,110,61,27,15" hai2="81,105,17,7,21,79,19,80,97,132,117,107,122" hai3="82,99,41,45,5,71,9,11,89,72,109,113,10"/><T43/><D123/><U6/><E116/><V35/><F122/><W76/><G109/><T12/><D106/><U48/><E110/><V0/><F35/><W73/><G71/><T37/><D37/><U44/><E112/><V54/><F117/><W84/><G113/><T68/><D68/><U95/><E104/><V67/><F107/><W32/><G32/><T38/><D38/><U28/><E49/><V120/><F120/><W1/><G99/><N who="0" m="59631" /><D111/><U3/><E3/><V47/><F67/><W135/><G73/><T70/><D70/><U90/><E103/><V60/><F81/><W96/><G96/><T66/><D12/><U131/><E61/><V25/><F60/><W40/><G40/><T52/><D94/><U119/><E62/><V51/><F0/><W57/><G57/><T100/><D100/><U24/><E24/><V2/><F97/><W102/><G102/><T121/><D66/><U83/><E83/><V91/><F2/><W69/><G69/><T16/><D16/><U108/><E119/><V115/><F115/><W129/><G1/><T22/><D22/><U87/><E108/><V118/><F19/><W59/><G82/><T63/><D121/><U92/><E92/><V13/><F118/><W74/><G5/><T33/><D33/><U128/><E6/><V18/><F7/><W20/><G20/><T64/><D64/><U34/><E34/><V26/><F21/><W58/><G11/><T134/><D134/><U53/><AGARI ba="0,0" hai="14,15,23,27,28,44,48,53,87,90,95,128,130,131" machi="53" ten="30,8000,1" yaku="0,1,19,1,52,3" doraHai="125" who="1" fromWho="1" sc="264,-40,183,80,266,-20,287,-20" /><INIT seed="5,0,0,2,3,48" ten="224,263,246,267" oya="1" hai0="34,61,5,102,73,68,77,25,78,0,108,65,113" hai1="111,52,41,100,17,107,60,97,95,121,132,32,14" hai2="129,76,40,124,49,103,93,22,80,66,12,123,122" hai3="72,126,92,74,87,91,30,6,127,110,55,10,85"/><U18/><E121/><V81/><F124/><N who="3" m="47659" /><G110/><T133/><D108/><U128/><E111/><V114/><F129/><W28/><G87/><T101/><D113/><U47/><E32/><V24/><F114/><W83/><G55/><T69/><D69/><U120/><E120/><V1/><F1/><N who="3" m="335" /><G92/><T27/><D133/><U53/><E132/><V130/><F130/><W63/><G63/><T117/><D117/><U43/><E128/><V67/><F123/><W75/><AGARI ba="0,0" hai="28,30,72,74,75,83,85,91" m="335,47659" machi="75" ten="40,1500,0" yaku="18,1" doraHai="48" who="3" fromWho="3" sc="224,-4,263,-7,246,-4,267,15" /><INIT seed="6,0,0,1,0,128" ten="220,256,242,282" oya="2" hai0="12,29,129,118,10,88,45,17,15,38,95,84,60" hai1="126,75,70,27,133,98,37,85,33,66,19,31,93" hai2="127,135,103,86,83,42,47,11,79,34,68,109,72" hai3="28,69,101,61,2,23,102,50,59,131,24,71,125"/><V89/><F68/><W134/><G2/><T65/><D129/><U54/><E75/><V130/><F130/><W22/><G131/><T43/><D118/><U9/><E37/><V5/><F135/><W122/><G122/><T78/><D29/><U46/><E66/><V25/><F127/><W7/><G125/><T4/><D78/><U105/><E70/><V91/><F103/><W74/><G74/><T39/><D39/><U1/><E85/><V97/><F97/><W67/><G134/><T49/><D38/><U55/><E105/><V82/><F109/><W40/><G69/><T0/><REACH who="0" step="1"/><D17/><REACH who="0" ten="210,256,242,282" step="2"/><U94/><E19/><V115/><F115/><W35/><G28/><T18/><D18/><U108/><E31/><V53/><F34/><W8/><G35/><T16/><D16/><U77/><E77/><V26/><F26/><W56/><G24/><T90/><D90/><U119/><E27/><V100/><F25/><W20/><G20/><T64/><D64/><U120/><E33/><V114/><F114/><W132/><G23/><T81/><D81/><U57/><E119/><V123/><F123/><W73/><G22/><T30/><D30/><U21/><E21/><V87/><F100/><W63/><G101/><T112/><D112/><U62/><E120/><V107/><F91/><W96/><G102/><T104/><D104/><U92/><E126/><V106/><F72/><W36/><G73/><T121/><D121/><U41/><E108/><V6/><F79/><W14/><G67/><T111/><D111/><U110/><E110/><V52/><F89/><W116/><G116/><RYUUKYOKU ba="0,1" sc="210,30,256,-10,242,-10,282,-10" hai0="0,4,10,12,15,43,45,49,60,65,84,88,95" /><INIT seed="7,1,1,3,0,82" ten="240,246,232,272" oya="3" hai0="58,132,112,125,31,101,95,126,103,135,93,123,86" hai1="130,106,53,114,110,45,62,61,65,88,76,68,56" hai2="87,59,2,15,17,10,35,26,9,55,32,102,133" hai3="6,122,74,14,11,54,18,44,40,8,119,73,22"/><W13/><G119/><T129/><D123/><U52/><E110/><V39/><F39/><W98/><G122/><T38/><D38/><U46/><E106/><V29/><F133/><N who="0" m="51274" /><D112/><U42/><E76/><V89/><F102/><N who="0" m="38922" /><D129/><U20/><E20/><V118/><F118/><W21/><G98/><T107/><D107/><U30/><E30/><V37/><F37/><W60/><G60/><T70/><D70/><U115/><E88/><V7/><F32/><W66/><G66/><T43/><D43/><U117/><E117/><V71/><F71/><W57/><G54/><N who="1" m="21098" /><E130/><V94/><REACH who="2" step="1"/><F55/><REACH who="2" ten="240,246,222,272" step="2"/><W79/><G40/><T80/><D58/><AGARI ba="1,2" hai="2,7,9,10,15,17,26,29,35,58,59,87,89,94" machi="58" ten="40,5200,0" yaku="1,1,2,1,52,1,53,0" doraHai="82" doraHaiUra="124" who="2" fromWho="0" sc="240,-55,246,0,222,75,272,0" /><INIT seed="8,0,0,3,4,82" ten="185,246,297,272" oya="0" hai0="113,87,75,41,100,119,20,124,111,21,7,51,102" hai1="131,1,50,78,44,86,43,126,31,66,12,103,84" hai2="4,101,116,73,17,8,16,67,55,24,48,0,108" hai3="91,9,28,106,13,58,70,30,120,59,5,56,105"/><T26/><D75/><U47/><E1/><V129/><F108/><W27/><G70/><T2/><D113/><U22/><E126/><V33/><F73/><W32/><G120/><T112/><D112/><U93/><E131/><V76/><F129/><W6/><G6/><T29/><D124/><U36/><E66/><V104/><F67/><W3/><G30/><T130/><D130/><U133/><E78/><V115/><F115/><W11/><REACH who="3" step="1"/><G91/><REACH who="3" ten="185,246,297,262" step="2"/><T19/><D119/><U39/><E31/><V83/><F116/><W74/><G74/><T123/><D123/><U79/><E79/><V15/><F0/><W37/><G37/><T64/><D111/><U57/><E36/><V62/><F4/><W89/><G89/><T85/><D7/><U63/><E39/><V68/><F68/><W128/><G128/><T53/><D2/><U135/><E133/><V45/><F17/><W99/><G99/><T92/><D41/><U94/><E135/><V65/><F76/><W97/><G97/><N who="0" m="59431" /><D102/><U132/><E103/><V23/><F101/><W118/><G118/><T69/><D69/><U121/><E132/><V110/><F110/><W72/><G72/><T109/><D109/><U98/><E98/><V18/><F104/><W34/><G34/><T10/><D10/><U54/><E121/><V49/><F33/><W80/><G80/><T90/><D90/><U46/><E94/><V125/><F125/><W96/><G96/><T117/><D117/><U88/><E86/><N who="0" m="32777" /><D64/><N who="1" m="39023" /><E43/><V95/><F83/><W71/><G71/><T40/><D40/><U107/><E107/><V61/><F95/><RYUUKYOKU ba="0,1" sc="185,-15,246,15,297,-15,262,15" hai1="12,22,44,46,47,50,54,84,88,93" hai3="3,5,9,11,13,27,28,32,56,58,59,105,106" /><INIT seed="9,1,1,3,1,80" ten="170,261,282,277" oya="1" hai0="81,1,98,93,132,56,122,92,46,119,134,123,107" hai1="43,118,121,18,115,103,135,68,127,52,12,105,13" hai2="48,33,131,26,77,64,20,63,108,51,36,61,47" hai3="102,30,22,130,57,37,6,55,60,101,0,19,99"/><U21/><E121/><N who="0" m="46089" /><D56/><U65/><E115/><V28/><F108/><W17/><G37/><T10/><D46/><U97/><E127/><V11/><F131/><W14/><G130/><T124/><D10/><U74/><E74/><V106/><F106/><W27/><G0/><T3/><D3/><U82/><E135/><N who="0" m="51753" /><D1/><U67/><E118/><V116/><F116/><W88/><G6/><T90/><D119/><U9/><E43/><V72/><F11/><N who="3" m="6367" /><G30/><T59/><D59/><U114/><E114/><V53/><F36/><W40/><G40/><T95/><D124/><U75/><E68/><V83/><F64/><W79/><G79/><T58/><D58/><U32/><E32/><V34/><F34/><W71/><G71/><T39/><D39/><U86/><E75/><V44/><F33/><W66/><G66/><T42/><D42/><AGARI ba="1,1" hai="20,26,28,42,44,47,48,51,53,61,63,72,77,83" machi="42" ten="30,1000,0" yaku="7,1" doraHai="80" who="2" fromWho="0" sc="170,-13,261,0,282,23,277,0" owari="157,-34.3,261,-13.9,305,40.5,277,7.7" /></mjloggm>