<mjloggm ver="2.3"><GO type="169" lobby="0"/><UN n0="%70%61%6E%30%39%30%37" n1="%73%6F%72%75%6B%61%6E%6F" n2="%61%6B%61%69%6B%69" n3="%E3%83%A9%E3%83%9E%E3%83%BC%E7%9A%87%E5%AD%90" dan="17,16,17,19" rate="2195.25,2133.01,2215.92,2249.68" sx="M,M,M,M"/><TAIKYOKU oya="0"/><INIT seed="0,0,0,2,1,82" ten="250,250,250,250" oya="0" hai0="118,131,65,83,52,14,15,33,26,55,46,60,92" hai1="40,128,81,77,34,51,39,115,70,57,96,113,8" hai2="20,127,25,122,56,102,53,71,80,50,32,95,111" hai3="59,101,36,23,73,109,62,90,43,116,61,98,44"/><T41/><D118/><U79/><E70/><V72/><F111/><W135/><G116/><T10/><D131/><U133/><E34/><V21/><F122/><W117/><G117/><T28/><D92/><U45/><E128/><V130/><F71/><W78/><G109/><T114/><D114/><N who="1" m="43531" /><E133/><V12/><F130/><W37/><G135/><T86/><D15/><U126/><E126/><V93/><F127/><W18/><G78/><T120/><D120/><U66/><E81/><V108/><F108/><W105/><G73/><T11/><D11/><U129/><E129/><V9/><F32/><W16/><G62/><T110/><D110/><U64/><E96/><V47/><F72/><W125/><G125/><T24/><D26/><U85/><E85/><V69/><F69/><W58/><G58/><T106/><D106/><U67/><E8/><V4/><F80/><W121/><G121/><T84/><D84/><U48/><E48/><V42/><F102/><W123/><G123/><T134/><D134/><U19/><E19/><V132/><F132/><W124/><G124/><T5/><D65/><U38/><E38/><V75/><F75/><W99/><G37/><T87/><D60/><U27/><E27/><V49/><REACH who="2" step="1"/><F21/><REACH who="2" ten="250,250,240,250" step="2"/><W89/><G23/><T0/><D83/><U35/><E35/><V2/><F2/><W76/><G101/><T22/><D33/><U13/><E79/><V3/><F3/><W100/><G76/><T1/><D1/><U97/><E77/><V94/><F94/><N who="3" m="56655" /><G90/><T30/><D0/><U29/><E13/><V74/><F74/><W112/><G112/><RYUUKYOKU ba="0,1" sc="250,-15,250,-15,240,15,250,15" hai2="4,9,12,20,25,42,47,49,50,53,56,93,95" hai3="16,18,36,43,44,59,61,99,100,105" /><INIT seed="1,1,1,2,3,56" ten="235,235,255,265" oya="1" hai0="25,111,17,132,73,85,109,62,10,40,110,74,43" hai1="113,71,102,128,61,135,18,33,59,9,118,64,129" hai2="49,21,66,100,3,2,122,46,82,124,44,13,35" hai3="60,93,133,78,79,99,72,63,119,125,0,103,24"/><U14/><E113/><V117/><F117/><W69/><G0/><T94/><D132/><U104/><E118/><V68/><F122/><W130/><G119/><T88/><D10/><U12/><E33/><V23/><F35/><W120/><G120/><T16/><D62/><N who="3" m="23593" /><G69/><T112/><D112/><U75/><E75/><N who="0" m="28681" /><D25/><U89/><E135/><V123/><F124/><W91/><G72/><T52/><D52/><U47/><E47/><V96/><F123/><W58/><G133/><T101/><D101/><U8/><E71/><V34/><F34/><W80/><G125/><T114/><D114/><U27/><E27/><V38/><F68/><W134/><G134/><T115/><D115/><U51/><E51/><V55/><F3/><W20/><G58/><T95/><D95/><U26/><E26/><V121/><F2/><W67/><G67/><T84/><D84/><U81/><E102/><V31/><F66/><W76/><G130/><T65/><D65/><U98/><E104/><V86/><F121/><W106/><G106/><T1/><D1/><U116/><E116/><V90/><F38/><W37/><G37/><T92/><D92/><U30/><E129/><V32/><F32/><W57/><G57/><T83/><D94/><U87/><E128/><V29/><F46/><W6/><G6/><T19/><AGARI ba="1,1" hai="16,17,19,40,43,83,85,88,109,110,111" m="28681" machi="19" ten="40,5200,0" yaku="14,1,54,2" doraHai="56" who="0" fromWho="0" sc="235,65,235,-27,255,-14,265,-14" /><INIT seed="2,0,0,4,1,12" ten="300,208,241,251" oya="2" hai0="65,116,20,106,59,4,5,119,76,89,114,68,30" hai1="51,36,1,15,83,56,64,6,123,72,57,120,95" hai2="88,121,35,102,131,32,96,97,49,86,13,37,118" hai3="0,38,69,108,81,19,27,58,31,94,45,50,78"/><V135/><F37/><W21/><G69/><T129/><D114/><U16/><E36/><V130/><F118/><N who="0" m="45098" /><D68/><U100/><E6/><V67/><F67/><W93/><G0/><T132/><D106/><U112/><E1/><V92/><F121/><N who="1" m="46665" /><E112/><V109/><F135/><W90/><G108/><T85/><D76/><N who="1" m="44423" /><E64/><V122/><F122/><W48/><G38/><T25/><D129/><N who="2" m="49162" /><F109/><W99/><G94/><N who="0" m="54575" /><D132/><U84/><E51/><V107/><F49/><W82/><G78/><T101/><D101/><U63/><E63/><AGARI ba="0,0" hai="4,5,20,25,30,59,63,65" m="54575,45098" machi="63" ten="30,1000,0" yaku="12,1" doraHai="12" who="0" fromWho="1" sc="300,10,208,-10,241,0,251,0" /><INIT seed="3,0,0,3,1,17" ten="310,198,241,251" oya="3" hai0="44,79,124,13,116,9,74,19,66,37,64,16,131" hai1="23,50,98,123,0,73,87,54,31,81,132,102,49" hai2="51,80,130,53,117,76,15,48,105,121,12,125,30" hai3="24,21,72,114,119,25,5,90,28,92,20,7,39"/><W68/><G114/><T85/><D116/><U55/><E123/><V93/><F105/><W106/><G106/><T47/><D74/><U129/><E73/><V91/><F117/><W3/><G119/><T35/><D35/><U113/><E0/><V112/><F112/><W104/><G104/><T56/><D124/><U58/><E129/><V27/><F125/><W63/><G39/><T14/><D131/><U120/><E132/><V41/><F41/><W128/><G72/><T127/><D127/><U8/><E120/><V11/><F121/><W118/><G118/><T100/><D100/><U111/><E111/><V75/><F130/><W59/><G68/><T89/><D79/><U134/><E8/><V103/><F103/><W84/><G3/><T71/><D71/><U22/><E31/><V36/><F36/><W29/><G128/><T60/><D66/><AGARI ba="0,0" hai="5,7,20,21,24,25,28,29,59,63,66,84,90,92" machi="66" ten="30,12000,1" yaku="7,1,9,1,8,1,52,2" doraHai="17" who="3" fromWho="0" sc="310,-120,198,0,241,0,251,120" /><INIT seed="3,1,0,5,5,115" ten="190,198,241,371" oya="3" hai0="82,36,101,53,118,73,134,65,127,104,22,132,133" hai1="63,120,126,112,13,19,52,69,70,29,50,75,16" hai2="35,51,39,33,135,85,11,26,49,88,78,116,59" hai3="79,109,58,61,3,87,81,122,80,24,105,129,95"/><W30/><G122/><T23/><D36/><U121/><E112/><V117/><F39/><W47/><G105/><T14/><D65/><U96/><E126/><V41/><F78/><W37/><G3/><T40/><D40/><U2/><E2/><V54/><F11/><W92/><G129/><T128/><D127/><U66/><E75/><V86/><F86/><W38/><G109/><T103/><D128/><U55/><E70/><V34/><F135/><W114/><G114/><T124/><D124/><U106/><E29/><V7/><F7/><W8/><G8/><T98/><D101/><U119/><E55/><V5/><F5/><W67/><G92/><T100/><D100/><U131/><E131/><V74/><F74/><W107/><G107/><T43/><D43/><U93/><E106/><V44/><REACH who="2" step="1"/><F26/><REACH who="2" ten="190,198,231,371" step="2"/><W111/><G111/><T71/><D73/><U123/><E13/><V91/><F91/><W108/><G108/><T77/><D14/><U32/><E123/><V1/><F1/><W6/><G6/><T125/><D125/><U9/><E9/><V17/><F17/><W18/><G18/><T76/><D76/><U0/><E0/><V15/><F15/><W48/><G37/><T83/><D77/><U12/><E19/><V94/><AGARI ba="1,1" hai="33,34,35,41,44,49,51,54,59,85,88,94,116,117" machi="94" ten="30,8000,1" yaku="1,1,0,1,52,2,54,1,53,0" doraHai="115" doraHaiUra="4" who="2" fromWho="2" sc="190,-21,198,-21,231,93,371,-41" /><INIT seed="4,0,0,5,4,37" ten="169,177,324,330" oya="0" hai0="6,129,111,108,38,58,115,128,1,99,52,42,104" hai1="84,22,47,2,35,97,76,88,116,12,19,107,131" hai2="62,14,110,17,61,15,21,68,98,77,74,94,95" hai3="89,133,69,92,10,8,25,64,101,132,20,43,36"/><T81/><D1/><U73/><E116/><V118/><F110/><N who="0" m="42026" /><D6/><U57/><E35/><V44/><F118/><W124/><G101/><T93/><D104/><U13/><E2/><V121/><F121/><W117/><G117/><T71/><D81/><U9/><E131/><N who="0" m="50249" /><D71/><U102/><E76/><V0/><F77/><W27/><G69/><T85/><D85/><U55/><E47/><V39/><F0/><W59/><G92/><T87/><D87/><U125/><E125/><V109/><F95/><W48/><G124/><T56/><D115/><U67/><E67/><V33/><F68/><W114/><G64/><T105/><D105/><U46/><E46/><V96/><F44/><W119/><G114/><T28/><D28/><U79/><E79/><V70/><F70/><W50/><G119/><T54/><D38/><U86/><E73/><V41/><F74/><W34/><G36/><T103/><D42/><U90/><E86/><V51/><F39/><W112/><G43/><T26/><D26/><U130/><E130/><V18/><F109/><W30/><G112/><T75/><D75/><U5/><REACH who="1" step="1"/><E84/><REACH who="1" ten="169,167,324,330" step="2"/><V80/><F98/><W135/><G135/><T78/><D78/><U31/><E31/><V100/><F96/><W122/><G30/><T23/><D23/><U126/><E126/><V32/><F21/><W29/><G20/><T4/><D4/><U106/><E106/><V120/><F33/><W82/><G29/><T45/><D45/><U113/><E113/><V16/><F32/><W49/><G34/><T53/><AGARI ba="0,1" hai="52,53,54,56,58,93,99,103" m="50249,42026" machi="53" ten="40,7800,0" yaku="10,1,19,1,54,1" doraHai="37" who="0" fromWho="0" sc="169,88,167,-26,324,-26,330,-26" /><INIT seed="4,1,0,4,4,106" ten="257,141,298,304" oya="0" hai0="75,14,67,7,50,33,31,12,126,108,43,6,38" hai1="119,87,100,13,64,19,102,84,77,69,71,99,66" hai2="39,17,127,122,95,60,49,46,85,96,61,76,91" hai3="118,133,117,2,72,62,82,86,9,27,134,101,112"/><T68/><D38/><U124/><E119/><V92/><F122/><W81/><G27/><T56/><D68/><U51/><E51/><V80/><F127/><W115/><G62/><T40/><D108/><U5/><E5/><V35/><F39/><W73/><G101/><T63/><D33/><U65/><E124/><V0/><F0/><W110/><G9/><T42/><D31/><U32/><E32/><V52/><F35/><W48/><G48/><T37/><D37/><U21/><E102/><V18/><F95/><W15/><G15/><N who="0" m="5675" /><D75/><N who="3" m="28745" /><G2/><T47/><D126/><U128/><E128/><V94/><REACH who="2" step="1"/><F92/><REACH who="2" ten="257,141,288,304" step="2"/><W78/><G110/><T55/><AGARI ba="1,1" hai="6,7,40,42,43,47,50,55,56,63,67" m="5675" machi="55" ten="30,1500,0" yaku="8,1" doraHai="106" who="0" fromWho="0" sc="257,28,141,-6,288,-6,304,-6" /><INIT seed="4,2,0,3,5,2" ten="285,135,282,298" oya="0" hai0="126,45,4,100,73,7,87,135,23,36,43,124,38" hai1="118,103,85,52,21,27,20,30,18,97,48,53,55" hai2="67,37,24,39,59,62,122,33,76,41,77,42,40" hai3="51,128,1,125,96,0,108,47,75,25,105,14,129"/><T99/><D73/><U56/><E118/><V32/><F122/><W26/><G108/><T13/><D135/><U6/><E85/><V60/><F24/><N who="3" m="9323" /><G75/><T22/><D87/><U111/><E111/><V115/><F115/><W15/><G96/><T5/><D38/><N who="2" m="14346" /><F59/><W35/><G105/><N who="0" m="63647" /><D13/><N who="3" m="4617" /><G35/><N who="2" m="13385" /><F67/><W101/><G101/><T34/><D34/><U102/><E102/><V83/><F83/><W70/><G70/><T106/><D106/><U95/><REACH who="1" step="1"/><E6/><REACH who="1" ten="285,125,282,298" step="2"/><V68/><F68/><W131/><G125/><AGARI ba="2,1" hai="4,5,7,22,23,36,43,45,124,125,126" m="63647" machi="125" ten="30,11600,0" yaku="18,1,52,3" doraHai="2" who="0" fromWho="3" sc="285,132,125,0,282,0,298,-122" /><INIT seed="4,3,0,5,3,58" ten="417,125,282,176" oya="0" hai0="67,14,78,18,129,17,75,109,127,50,105,2,85" hai1="53,54,69,25,9,37,10,126,117,74,114,66,55" hai2="36,83,71,122,44,89,6,35,16,7,12,130,81" hai3="63,49,72,29,31,59,73,1,124,52,88,86,0"/><T121/><D121/><U119/><E74/><V132/><F122/><W102/><G124/><T93/><D105/><U38/><E126/><V45/><F35/><W77/><G102/><T91/><D2/><U106/><E106/><V40/><F130/><W116/><G116/><N who="1" m="44618" /><E25/><V113/><F113/><W107/><G107/><T103/><D129/><U128/><E128/><V41/><F132/><W120/><G120/><T135/><D135/><U5/><E5/><V46/><F71/><W84/><G0/><T110/><D50/><U123/><E123/><V11/><F46/><N who="3" m="27703" /><G1/><T51/><D51/><U57/><E9/><V33/><F33/><W56/><G56/><T99/><D67/><U82/><E82/><V104/><F104/><W112/><G112/><T79/><D127/><U68/><E10/><V101/><F101/><W8/><G73/><T34/><D34/><U39/><E114/><V21/><F89/><W30/><G72/><T65/><D75/><U80/><E80/><V115/><F115/><W108/><G108/><T43/><D110/><U87/><E87/><V4/><REACH who="2" step="1"/><F11/><REACH who="2" ten="417,125,272,176" step="2"/><W70/><G70/><N who="1" m="27242" /><E66/><V118/><F118/><W64/><G88/><T32/><D91/><U94/><E94/><V27/><F27/><W95/><G77/><T20/><D78/><U76/><E76/><V98/><F98/><W100/><G8/><T131/><D79/><U22/><E22/><V15/><F15/><W28/><N who="3" m="7168" /><DORA hai="47" /><W13/><G13/><T90/><D14/><U48/><AGARI ba="3,1" hai="37,38,39,48,53,54,55,57" m="27242,44618" machi="48" ten="40,5200,0" yaku="34,2,52,1" doraHai="58,47" who="1" fromWho="1" sc="417,-29,125,71,272,-16,176,-16" /><INIT seed="5,0,0,2,0,48" ten="388,196,256,160" oya="1" hai0="35,7,15,11,46,105,119,134,123,110,22,95,58" hai1="91,6,31,24,33,83,100,103,44,34,16,82,26" hai2="9,101,21,121,112,49,67,54,28,41,25,66,38" hai3="8,116,87,29,73,135,55,125,114,124,19,64,132"/><U45/><E6/><V84/><F121/><W69/><G73/><T18/><D119/><U120/><E31/><V62/><F112/><W89/><G114/><T122/><D110/><U51/><E51/><V0/><F38/><W56/><G29/><T94/><D105/><U115/><E115/><V99/><F41/><W77/><G77/><T117/><D117/><U88/><REACH who="1" step="1"/><E120/><REACH who="1" ten="388,186,256,160" step="2"/><V126/><F49/><W93/><G116/><T127/><D122/><U86/><E86/><V92/><F84/><W63/><G125/><T81/><D123/><U98/><E98/><V72/><F126/><W80/><G124/><T39/><D127/><U32/><E32/><V71/><F72/><W70/><G135/><T108/><D7/><U5/><E5/><V13/><F0/><W68/><G132/><T30/><D35/><U59/><E59/><N who="2" m="35191" /><F71/><W109/><G109/><T97/><D108/><U128/><E128/><V60/><F60/><W111/><G111/><T74/><D74/><U53/><E53/><V106/><F106/><W3/><G3/><T79/><D134/><U57/><E57/><V61/><F61/><W133/><G133/><T131/><D58/><U52/><E52/><V47/><F47/><W104/><G104/><T96/><D131/><U36/><E36/><V23/><F28/><W130/><G130/><T65/><D46/><U90/><E90/><V76/><F99/><N who="3" m="57775" /><G55/><T85/><D39/><U37/><E37/><V27/><F67/><W10/><G19/><AGARI ba="0,1" hai="16,19,24,26,33,34,44,45,82,83,88,91,100,103" machi="19" ten="25,12000,1" yaku="1,1,22,2,54,2,53,0" doraHai="48" doraHaiUra="113" who="1" fromWho="3" sc="388,0,186,130,256,0,160,-120" /><INIT seed="5,1,0,2,2,101" ten="388,316,256,40" oya="1" hai0="126,108,33,77,15,43,49,12,48,68,80,114,10" hai1="1,86,89,116,60,64,112,134,45,70,105,18,90" hai2="24,28,14,46,39,58,94,130,44,13,119,23,76" hai3="16,88,4,117,102,32,125,78,59,7,109,104,113"/><U30/><E116/><V17/><F119/><W124/><G32/><T2/><D108/><U57/><E1/><V131/><F76/><W5/><G117/><T115/><D68/><U55/><E112/><N who="0" m="43049" /><D33/><U85/><E134/><V99/><F14/><N who="0" m="5162" /><D43/><U95/><E105/><V62/><F39/><W92/><G113/><T67/><D67/><U81/><E30/><V29/><F131/><W26/><G109/><T65/><D65/><U20/><E45/><V61/><F29/><W52/><G78/><T91/><D91/><U98/><E98/><V25/><F25/><W106/><G102/><T96/><D96/><U22/><REACH who="1" step="1"/><E18/><REACH who="1" ten="388,306,256,40" step="2"/><V47/><F130/><W79/><G79/><T66/><D2/><U122/><E122/><V36/><F36/><W63/><G125/><T71/><D126/><U0/><E0/><V97/><F97/><N who="3" m="57479" /><G124/><T129/><D129/><U100/><E100/><V3/><F3/><W107/><G107/><T37/><D37/><U133/><E133/><V93/><F99/><W51/><G51/><AGARI ba="1,1" hai="20,22,51,55,57,60,64,70,81,85,86,89,90,95" machi="51" ten="30,2900,0" yaku="1,1,7,1,53,0" doraHai="101" doraHaiUra="35" who="1" fromWho="3" sc="388,0,306,42,256,0,40,-32" /><INIT seed="5,2,0,2,0,111" ten="388,348,256,8" oya="1" hai0="132,89,116,2,53,37,29,127,70,64,91,125,3" hai1="104,110,101,54,74,20,19,99,85,123,134,9,112" hai2="48,55,17,45,133,78,95,117,5,72,50,43,92" hai3="24,38,103,61,88,57,119,67,36,63,71,68,4"/><U135/><E123/><V121/><F121/><W83/><G103/><T1/><D116/><U113/><E74/><V21/><F117/><W46/><G88/><T16/><D37/><N who="3" m="14441" /><G24/><T81/><D132/><N who="1" m="50731" /><E110/><V26/><F133/><W106/><G83/><T66/><D53/><U51/><E9/><V131/><F131/><W100/><G100/><T28/><D16/><U35/><E85/><V14/><F78/><W25/><G25/><T59/><D59/><N who="1" m="33247" /><E35/><V65/><F72/><W6/><G106/><T94/><D81/><U30/><E30/><N who="0" m="11881" /><D70/><N who="3" m="26665" /><G4/><T27/><D27/><AGARI ba="2,0" hai="19,20,27,99,101,104,112,113" m="33247,50731" machi="27" ten="30,5800,0" yaku="20,1,52,2" doraHai="111" who="1" fromWho="0" sc="388,-64,348,64,256,0,8,0" /><INIT seed="5,3,0,5,3,81" ten="324,412,256,8" oya="1" hai0="79,128,48,94,97,113,26,38,73,3,110,114,34" hai1="115,134,98,44,40,42,30,9,45,108,72,39,41" hai2="54,64,104,109,84,6,124,92,132,58,131,61,86" hai3="52,17,14,18,37,0,99,32,60,101,77,129,112"/><U127/><E115/><V107/><F109/><W10/><G112/><T55/><D110/><U90/><E108/><V71/><F124/><W19/><G37/><T15/><D3/><U53/><E72/><V78/><F131/><W46/><G0/><T63/><D128/><U59/><E127/><V119/><F119/><W68/><G32/><T95/><D38/><U116/><E116/><V22/><F132/><W25/><G129/><T2/><D2/><U5/><E134/><V4/><F107/><W122/><G122/><T80/><D63/><U117/><E117/><V106/><F106/><W74/><G74/><T12/><D94/><U21/><E45/><V135/><F104/><W36/><G77/><T111/><D111/><U88/><E90/><V49/><F135/><W1/><G1/><T66/><D66/><U125/><E125/><V35/><F35/><W103/><G68/><T29/><D114/><U126/><E126/><V100/><F22/><N who="3" m="13519" /><G36/><T50/><D113/><U28/><E44/><V56/><F71/><W96/><G19/><T43/><D43/><U51/><E21/><V87/><F78/><W130/><G130/><T91/><D50/><U24/><E24/><V20/><F20/><W133/><G133/><T102/><D102/><N who="3" m="38921" /><G60/><T85/><REACH who="0" step="1"/><D73/><REACH who="0" ten="314,412,256,8" step="2"/><U7/><E39/><V93/><F92/><W31/><G31/><T82/><D82/><U120/><E28/><V23/><F23/><W70/><G70/><T123/><D123/><U118/><E30/><V76/><F76/><W121/><G121/><T105/><D105/><U67/><E120/><V57/><F93/><RYUUKYOKU ba="3,1" sc="314,15,412,-15,256,-15,8,15" hai0="12,15,26,29,34,48,55,79,80,85,91,95,97" hai3="10,14,18,46,52,96,99" /><INIT seed="6,4,1,2,2,58" ten="329,397,241,23" oya="2" hai0="105,53,69,22,16,31,45,28,92,104,109,8,60" hai1="44,115,33,127,62,51,46,15,103,59,56,130,89" hai2="5,24,66,32,47,10,30,20,57,111,68,98,11" hai3="27,70,80,25,39,86,122,99,81,12,102,134,118"/><V128/><F68/><W14/><G118/><T21/><D109/><U125/><E33/><V64/><F111/><W114/><G122/><T124/><D124/><U90/><E115/><V65/><F128/><W61/><G39/><T18/><D45/><U40/><E130/><V42/><F32/><W48/><G114/><T82/><D82/><U6/><E103/><V106/><F106/><W34/><G48/><T26/><D8/><N who="1" m="4503" /><E46/><V7/><F98/><W91/><G81/><T78/><D78/><U93/><E59/><V101/><F101/><W108/><G134/><T107/><D92/><U0/><E0/><V19/><F57/><W55/><G55/><T135/><D135/><U72/><E72/><V17/><F10/><W2/><G2/><T83/><D83/><U84/><E93/><V96/><F96/><W43/><G43/><T75/><D75/><U126/><E84/><V94/><F94/><W1/><G1/><T35/><D35/><U23/><E23/><V116/><F116/><W41/><G41/><T76/><D76/><U74/><E74/><V100/><F100/><W3/><G3/><T36/><D36/><U79/><E79/><V97/><F97/><W50/><G108/><T87/><D87/><U132/><E132/><V4/><REACH who="2" step="1"/><F11/><REACH who="2" ten="329,397,231,23" step="2"/><W52/><G99/><T73/><D69/><U112/><E112/><V121/><F121/><W119/><G102/><T131/><D131/><U29/><E127/><V67/><N who="2" m="16384" /><DORA hai="38" /><V71/><F71/><W95/><G119/><T37/><D104/><U123/><E123/><V77/><F77/><W13/><G34/><RYUUKYOKU ba="4,2" sc="329,-10,397,-10,231,30,23,-10" hai2="4,5,7,17,19,20,24,30,42,47" /><INIT seed="6,5,2,5,3,101" ten="319,387,261,13" oya="2" hai0="50,90,113,58,102,5,15,28,13,124,68,83,75" hai1="84,43,17,72,131,88,3,27,63,66,71,103,129" hai2="119,64,19,118,49,62,95,112,23,65,121,10,74" hai3="122,89,105,11,135,29,130,117,127,86,59,44,99"/><V133/><F121/><W116/><G122/><T98/><D68/><U21/><E72/><V7/><F74/><W12/><G29/><T132/><D113/><U8/><E43/><V107/><F112/><W73/><G73/><T14/><D124/><U0/><E103/><V123/><F123/><W47/><G127/><T108/><D108/><U82/><E8/><V97/><F133/><W77/><G105/><T69/><D69/><U60/><E63/><V134/><F49/><W109/><G109/><T115/><D115/><U80/><E80/><V41/><F41/><W94/><G117/><T48/><D28/><U76/><E76/><V38/><F38/><W79/><G116/><T24/><D24/><U92/><E82/><V42/><F42/><W111/><G111/><T56/><D5/><U20/><E21/><V61/><F134/><W1/><G1/><T106/><D132/><U67/><E67/><V2/><F62/><W125/><G125/><T37/><D37/><U120/><E120/><V51/><F51/><W39/><G135/><T87/><D50/><U96/><E96/><V26/><F65/><W110/><G110/><T114/><D114/><U9/><E9/><V35/><F35/><W22/><G130/><AGARI ba="5,2" hai="0,3,17,20,27,60,66,71,84,88,92,129,130,131" machi="130" ten="40,2600,0" yaku="19,1,54,1" doraHai="101" who="1" fromWho="3" sc="319,0,387,61,261,0,13,-41" owari="319,11.9,448,54.8,261,-13.9,-28,-52.8" /></mjloggm>