<mjloggm ver="2.3"><GO type="169" lobby="0"/><UN n0="%E3%81%94%E3%82%8B%E3%81%AF%E3%82%80%33%30" n1="%E4%BF%9D%E8%82%B2%E5%A3%AB" n2="%56%45%54%54%45%4C" n3="%E5%BA%84%E5%8F%B8%E5%81%A5%E5%A4%AA%E6%9C%97" dan="17,16,16,16" rate="2198.55,2215.81,2120.23,2067.72" sx="F,M,M,M"/><TAIKYOKU oya="0"/><INIT seed="0,0,0,5,5,65" ten="250,250,250,250" oya="0" hai0="53,110,118,8,82,36,100,14,125,126,132,37,73" hai1="74,5,109,57,56,6,7,25,115,11,97,40,99" hai2="112,83,106,131,79,33,81,49,13,41,121,58,101" hai3="133,89,39,95,134,26,80,67,46,72,104,4,88"/><T48/><D118/><U68/><E74/><V16/><F121/><W22/><G104/><T123/><D123/><U10/><E40/><V91/><F112/><W0/><G4/><T54/><D100/><U76/><E76/><V111/><F33/><W105/><G0/><T3/><D3/><U42/><E42/><V102/><F106/><W107/><G67/><T51/><D132/><U71/><E25/><V55/><F111/><W87/><G39/><T24/><D24/><U70/><E109/><V23/><F131/><W117/><G46/><T93/><D93/><U119/><E119/><V127/><F41/><W20/><G20/><T75/><D110/><U69/><N who="1" m="17408" /><DORA hai="38" /><U30/><E30/><V94/><F127/><W84/><G117/><T43/><D43/><U116/><E115/><V45/><F45/><W64/><G64/><T124/><D82/><U86/><E86/><V113/><F113/><W77/><G22/><T85/><D85/><U129/><E129/><V28/><F28/><W108/><G26/><T9/><D124/><U47/><E47/><V96/><REACH who="2" step="1"/><F83/><REACH who="2" ten="250,250,240,250" step="2"/><W122/><G122/><T50/><D37/><U66/><E116/><V92/><F92/><N who="3" m="54311" /><G108/><T90/><D36/><U61/><REACH who="1" step="1"/><E56/><REACH who="1" ten="250,240,240,250" step="2"/><V128/><F128/><W62/><G134/><T2/><D125/><U52/><E52/><V15/><F15/><W114/><G133/><T1/><D126/><U17/><E17/><V120/><F120/><W135/><G114/><T130/><D130/><U98/><AGARI ba="0,2" hai="5,6,7,10,11,57,61,66,97,98,99" m="17408" machi="98" ten="70,16000,3" yaku="1,1,0,1,29,2,52,4,53,1" doraHai="65,38" doraHaiUra="60,12" who="1" fromWho="1" sc="250,-80,240,180,240,-40,250,-40" /><INIT seed="1,0,0,1,4,123" ten="170,420,200,210" oya="1" hai0="21,87,47,127,45,89,69,128,131,108,80,110,53" hai1="132,41,92,106,39,71,135,38,22,5,24,63,50" hai2="57,6,19,74,1,73,4,119,44,7,56,76,109" hai3="88,83,62,29,18,64,27,49,0,72,96,10,118"/><U112/><E106/><V25/><F119/><W52/><G118/><T51/><D69/><U40/><E5/><V16/><F1/><W14/><G0/><T9/><D127/><U59/><E92/><V36/><F76/><W78/><G96/><T2/><D21/><U82/><E82/><V55/><F25/><W104/><G104/><T17/><D45/><U103/><E103/><V97/><F97/><W34/><G88/><T124/><D124/><U65/><E22/><V37/><F44/><W70/><REACH who="3" step="1"/><G49/><REACH who="3" ten="170,420,200,200" step="2"/><T91/><D91/><U114/><E38/><V90/><F90/><W46/><G46/><T67/><D2/><U84/><E39/><V79/><F79/><W130/><G130/><N who="0" m="49707" /><D67/><U54/><E112/><V125/><F125/><W68/><G68/><T12/><AGARI ba="0,1" hai="9,12,17,47,51,53,80,87,89,108,110" m="49707" machi="12" ten="30,7900,0" yaku="25,1,19,1,52,2" doraHai="123" who="0" fromWho="0" sc="170,89,420,-39,200,-20,200,-20" /><INIT seed="2,0,0,2,1,35" ten="259,381,180,180" oya="2" hai0="112,14,93,75,17,127,81,99,24,97,29,69,119" hai1="44,70,79,92,123,73,114,43,95,107,8,36,74" hai2="82,10,52,16,11,84,62,32,38,7,110,49,42" hai3="22,104,126,34,54,33,59,65,27,77,61,1,50"/><V55/><F32/><W45/><G126/><T98/><D127/><U23/><E114/><V19/><F110/><W100/><G77/><T30/><D112/><U115/><E107/><V51/><F38/><W20/><G20/><T122/><D69/><U4/><E70/><V58/><F42/><W103/><G103/><T101/><D122/><U39/><E39/><V21/><F21/><W12/><G12/><T91/><D119/><U111/><E73/><V26/><F26/><W117/><G117/><T53/><D53/><U135/><E135/><V96/><F96/><W83/><G100/><T113/><D113/><U46/><E46/><V60/><F60/><W80/><G104/><T106/><D97/><U125/><E125/><V116/><F116/><W94/><G34/><T109/><D109/><U28/><E123/><V87/><F62/><W15/><G15/><T121/><D121/><U133/><E133/><V108/><F108/><W48/><G94/><T118/><D24/><N who="1" m="16415" /><E115/><V56/><F82/><N who="3" m="31275" /><G1/><T124/><D124/><U63/><E63/><V6/><AGARI ba="0,0" hai="6,7,10,11,16,19,49,51,52,55,56,58,84,87" machi="6" ten="25,18000,2" yaku="0,1,22,2,8,1,54,2" doraHai="35" who="2" fromWho="2" sc="259,-60,381,-60,180,180,180,-60" /><INIT seed="2,1,0,1,4,69" ten="199,321,360,120" oya="2" hai0="59,83,72,121,76,94,29,58,87,30,123,80,129" hai1="133,116,41,134,19,27,85,135,49,33,101,28,18" hai2="99,126,66,10,64,14,61,26,36,48,128,6,54" hai3="57,89,111,84,42,106,108,122,86,91,109,103,104"/><V24/><F128/><W52/><G122/><T43/><D129/><U98/><E116/><V118/><F118/><W130/><G130/><T5/><D94/><U32/><E32/><V127/><F36/><W46/><G86/><T65/><D5/><U55/><E41/><V47/><F99/><N who="3" m="61567" /><G84/><T114/><D43/><U21/><E85/><V75/><F75/><W77/><G77/><T3/><D3/><U125/><E33/><V105/><F105/><W12/><G12/><T50/><D114/><U81/><E125/><N who="2" m="47627" /><F66/><W102/><G102/><T1/><D1/><U107/><REACH who="1" step="1"/><E81/><REACH who="1" ten="199,311,360,120" step="2"/><V63/><F63/><N who="3" m="36263" /><G106/><T34/><D87/><U0/><E0/><V23/><F23/><W132/><G132/><T131/><D131/><U17/><E17/><V7/><F7/><W40/><G40/><T38/><D121/><U68/><E68/><AGARI ba="1,1" hai="6,10,14,24,26,47,48,54,61,64,68" m="47627" machi="68" ten="30,1500,0" yaku="18,1" doraHai="69" who="2" fromWho="1" sc="199,0,311,-18,360,28,120,0" /><INIT seed="2,2,0,0,0,52" ten="199,293,388,120" oya="2" hai0="3,74,89,120,2,18,77,38,64,6,91,56,71" hai1="60,102,45,108,26,98,8,68,130,126,129,5,25" hai2="93,85,51,50,116,87,10,114,75,14,96,117,21" hai3="42,12,29,33,46,101,110,69,22,131,63,41,24"/><V62/><F114/><W58/><G110/><T59/><D120/><U78/><E108/><V7/><F75/><W9/><G131/><N who="1" m="50186" /><E126/><V121/><F121/><W103/><G69/><T118/><D38/><U122/><E78/><V134/><F134/><W66/><G33/><T35/><D35/><U133/><E45/><V79/><F116/><W119/><G119/><T49/><D118/><U90/><E90/><V107/><F117/><W47/><G46/><T48/><D71/><U40/><E40/><V61/><F107/><W80/><G80/><T34/><D34/><U30/><E30/><V113/><F113/><W27/><G27/><T1/><D6/><U124/><E124/><V65/><F62/><W92/><G92/><T72/><D18/><U125/><E133/><V19/><F79/><W16/><REACH who="3" step="1"/><G42/><REACH who="3" ten="199,293,388,110" step="2"/><T53/><D77/><U123/><E123/><V97/><F93/><W109/><G109/><T88/><REACH who="0" step="1"/><D48/><AGARI ba="2,1" hai="9,12,16,22,24,29,41,47,48,58,63,66,101,103" machi="48" ten="30,8000,1" yaku="1,1,7,1,8,1,52,1,54,1,53,0" doraHai="52" doraHaiUra="105" who="3" fromWho="0" sc="199,-86,293,0,388,0,110,96" /><INIT seed="3,0,0,4,5,16" ten="113,293,388,206" oya="3" hai0="58,17,59,3,98,4,79,133,94,68,26,33,41" hai1="23,124,101,22,103,2,122,25,106,27,52,18,0" hai2="119,84,49,132,107,102,121,126,113,20,72,77,71" hai3="115,92,64,39,21,131,14,78,15,57,7,28,114"/><W32/><G39/><T44/><D68/><U9/><E122/><V60/><F121/><W55/><G64/><T97/><D133/><U30/><E124/><V108/><F132/><W42/><G42/><T86/><D3/><U56/><E106/><V8/><F49/><W45/><G45/><T104/><D4/><U54/><E54/><V53/><F53/><W12/><G131/><T40/><D104/><U116/><E116/><V111/><F60/><N who="3" m="35903" /><G78/><T129/><D129/><U31/><E0/><V10/><F77/><W76/><G76/><T75/><D75/><U85/><E85/><V81/><F72/><W123/><G92/><T34/><D40/><U70/><E70/><V128/><F71/><W118/><G32/><T89/><D33/><U6/><REACH who="1" step="1"/><E31/><REACH who="1" ten="113,283,388,206" step="2"/><V87/><F107/><W91/><G118/><T51/><D41/><U46/><E46/><V135/><F119/><W83/><G123/><T62/><D44/><U66/><E66/><V80/><F126/><W5/><G115/><T67/><D67/><U36/><E36/><V37/><F113/><W112/><G114/><T50/><D86/><U105/><E105/><V63/><F37/><W19/><G112/><T100/><D98/><U109/><E109/><V43/><F108/><W134/><G28/><T117/><D117/><U88/><E88/><V127/><F111/><W11/><G134/><T99/><D89/><U120/><E120/><V65/><F135/><W61/><G61/><AGARI ba="0,1" hai="2,6,9,18,22,23,25,27,30,52,56,61,101,103" machi="61" ten="30,8000,1" yaku="1,1,7,1,52,2,54,1,53,0" doraHai="16" doraHaiUra="95" who="1" fromWho="3" sc="113,0,283,90,388,0,206,-80" /><INIT seed="4,0,0,4,2,56" ten="113,373,388,126" oya="0" hai0="81,104,100,76,88,20,121,9,73,29,87,60,92" hai1="3,28,96,45,94,21,99,15,74,41,49,61,110" hai2="14,52,131,101,4,50,2,127,6,86,120,51,116" hai3="72,17,67,11,39,114,26,16,80,123,65,70,48"/><T71/><D121/><U84/><E3/><V91/><F120/><W53/><G39/><T79/><D79/><U57/><E74/><V106/><F131/><W0/><G123/><T125/><D125/><U18/><E110/><V108/><F108/><W64/><G114/><T126/><D126/><U109/><E109/><V59/><F2/><W98/><G98/><N who="0" m="61463" /><D9/><U89/><REACH who="1" step="1"/><E28/><REACH who="1" ten="113,363,388,126" step="2"/><V40/><F127/><W30/><G72/><T112/><D112/><U97/><E97/><V124/><F124/><W78/><G30/><T35/><D35/><U37/><E37/><V19/><F116/><W36/><G36/><T119/><D119/><U58/><E58/><V23/><F106/><W132/><G0/><T85/><D85/><U13/><E13/><V31/><F31/><W34/><G34/><T122/><D122/><U66/><AGARI ba="0,1" hai="15,18,21,41,45,49,57,61,66,84,89,94,96,99" machi="66" ten="20,12000,2" yaku="1,1,0,1,7,1,8,1,52,1,53,1" doraHai="56" doraHaiUra="82" who="1" fromWho="1" sc="113,-60,363,130,388,-30,126,-30" /><INIT seed="5,0,0,0,0,131" ten="53,493,358,96" oya="1" hai0="62,63,39,37,55,130,38,10,116,53,112,30,82" hai1="47,45,50,105,44,42,77,115,61,49,1,32,118" hai2="57,41,95,97,99,76,111,92,56,7,122,106,129" hai3="40,88,36,100,66,15,123,3,5,12,46,127,114"/><U68/><E1/><V79/><F41/><W91/><G123/><T113/><D30/><U75/><E105/><V43/><F43/><W28/><G3/><T90/><D10/><U107/><E107/><V13/><F122/><W80/><G114/><N who="0" m="44139" /><D82/><U60/><E32/><V52/><F106/><W117/><G100/><T24/><D24/><U34/><E34/><V33/><F33/><W125/><G28/><T58/><D90/><N who="3" m="34345" /><G80/><T9/><D9/><U120/><E115/><V14/><F111/><W121/><G5/><T17/><D17/><U59/><E77/><V109/><F109/><W72/><G72/><T16/><D16/><U89/><E89/><V73/><F73/><W108/><G108/><T31/><D31/><U85/><E75/><V84/><F84/><W67/><G121/><T35/><D35/><U70/><E85/><V87/><F87/><W134/><G117/><T94/><D94/><U103/><E103/><V102/><F102/><W126/><G134/><T64/><D116/><U93/><E93/><V69/><F7/><W71/><G71/><N who="1" m="27178" /><E118/><V11/><F69/><W4/><G4/><T83/><D83/><U54/><E120/><V98/><F11/><W124/><N who="3" m="31744" /><DORA hai="74" /><W86/><G86/><T48/><D130/><U29/><E29/><V128/><REACH who="2" step="1"/><F99/><REACH who="2" ten="53,493,348,96" step="2"/><W26/><G36/><T81/><D81/><U51/><E42/><V2/><F2/><W96/><G96/><T25/><D39/><U19/><E19/><V20/><F20/><W18/><G40/><T135/><D38/><U119/><E119/><V6/><F6/><W104/><G104/><RYUUKYOKU ba="0,1" sc="53,-15,493,15,348,15,96,-15" hai1="44,45,47,49,50,51,54,59,60,61" hai2="13,14,52,56,57,76,79,92,95,97,98,128,129" /><INIT seed="5,1,1,4,3,85" ten="38,508,363,81" oya="1" hai0="11,55,66,49,13,91,61,124,36,100,3,29,94" hai1="98,101,63,119,41,17,45,9,24,44,30,129,111" hai2="22,128,107,134,12,95,86,74,102,115,56,77,32" hai3="83,40,4,21,106,59,67,105,52,68,6,48,10"/><U78/><E119/><V33/><F128/><W121/><G121/><T87/><D36/><U114/><E129/><V103/><F134/><W116/><G116/><T113/><D113/><U16/><E114/><V110/><F110/><W5/><G10/><T25/><D3/><U58/><E78/><V135/><F135/><W104/><G40/><T47/><D124/><U18/><E9/><V81/><F115/><W37/><G37/><T133/><D133/><U27/><E111/><V14/><F56/><W108/><G108/><T51/><D100/><U117/><E117/><V20/><F103/><W130/><G130/><T23/><D51/><U1/><E1/><V54/><F54/><W82/><REACH who="3" step="1"/><G21/><REACH who="3" ten="38,508,363,71" step="2"/><T50/><D50/><U84/><E41/><V53/><F20/><W15/><G15/><T0/><D0/><U123/><E123/><V120/><F22/><W38/><G38/><T35/><D35/><U7/><E24/><V8/><F120/><W31/><G31/><T96/><D11/><U60/><E30/><V73/><F14/><W72/><G72/><T122/><D13/><U99/><E27/><V76/><F74/><W62/><AGARI ba="1,2" hai="4,5,6,48,52,59,62,67,68,82,83,104,105,106" machi="62" ten="40,5200,0" yaku="1,1,0,1,54,1,53,0" doraHai="85" doraHaiUra="97" who="3" fromWho="3" sc="38,-14,508,-27,363,-14,71,75" /><INIT seed="6,0,0,4,2,111" ten="24,481,349,146" oya="2" hai0="121,26,126,22,52,76,103,110,85,5,37,69,86" hai1="66,56,31,115,94,59,6,60,39,135,67,83,98" hai2="114,30,127,92,64,4,38,27,72,102,73,0,132" hai3="74,93,106,104,116,112,32,109,129,8,57,10,13"/><V70/><F92/><W125/><G116/><T53/><D110/><U17/><E39/><V24/><F132/><W123/><G123/><T117/><D117/><U48/><E115/><V134/><F134/><W101/><G32/><T108/><D108/><U36/><E36/><V25/><F30/><W42/><G74/><T90/><D121/><U61/><E135/><V91/><F127/><W75/><G75/><T100/><D126/><U107/><E107/><V28/><F28/><W33/><G33/><T119/><D119/><U21/><E31/><V19/><F102/><W124/><G129/><T80/><D37/><U81/><E48/><V35/><F35/><W120/><G10/><T128/><D69/><U105/><E6/><V16/><F38/><W88/><G42/><T54/><D5/><U23/><E105/><N who="3" m="40554" /><G101/><T15/><D15/><N who="1" m="9407" /><E23/><V63/><F114/><W78/><G78/><T122/><D122/><U87/><E87/><V84/><F72/><W3/><G3/><T79/><D128/><U133/><E133/><V68/><F73/><W82/><G82/><T113/><D113/><U89/><AGARI ba="0,0" hai="56,59,60,61,66,67,81,83,89,94,98" m="9407" machi="89" ten="30,1100,0" yaku="8,1" doraHai="111" who="1" fromWho="1" sc="24,-3,481,11,349,-5,146,-3" /><INIT seed="7,0,0,5,2,56" ten="21,492,344,143" oya="3" hai0="74,90,17,44,87,47,38,55,113,83,133,29,36" hai1="64,93,12,35,41,57,84,73,125,66,10,129,61" hai2="5,103,95,78,82,108,96,45,106,127,119,130,63" hai3="110,80,101,114,98,13,81,109,4,39,105,135,104"/><W102/><G39/><T68/><D133/><U67/><E73/><V20/><F108/><W19/><G4/><T89/><D74/><U85/><E35/><V48/><F119/><W116/><G19/><T2/><D29/><U42/><E125/><V60/><F127/><W23/><G13/><T120/><D120/><U11/><E129/><V62/><F130/><W124/><G23/><T40/><D2/><U21/><E21/><V86/><F5/><W1/><G1/><T92/><D113/><U131/><E131/><V34/><F34/><W37/><G37/><T132/><D132/><U121/><E93/><V43/><REACH who="2" step="1"/><F20/><REACH who="2" ten="21,492,334,143" step="2"/><W7/><G7/><T72/><D72/><U16/><E10/><V32/><F32/><W31/><G31/><T79/><D79/><U88/><E11/><V117/><F117/><W22/><G102/><T100/><D100/><U123/><E123/><V50/><F50/><W97/><G97/><T26/><D68/><U33/><E33/><V3/><F3/><W6/><G105/><AGARI ba="0,1" hai="43,45,48,60,62,63,78,82,86,95,96,103,105,106" machi="105" ten="40,8000,1" yaku="1,1,52,3,53,0" doraHai="56" doraHaiUra="0" who="2" fromWho="3" sc="21,0,492,0,334,90,143,-80" owari="21,-47.9,492,59.2,424,22.4,63,-33.7" /></mjloggm>