<mjloggm ver="2.3"><GO type="169" lobby="0"/><UN n0="%E5%AE%87%E5%AE%99%E7%89%A9%E7%90%86" n1="%41%6E%6B%6F%61%6E%6B%6F" n2="%E3%83%95%E3%83%AB%E3%82%BC%E3%83%B3%E3%83%84%E3%81%8F%E3%82%93" n3="%53%69%6C%65%6E%54" dan="16,16,16,16" rate="2113.69,2155.87,2191.28,2169.50" sx="F,F,F,F"/><TAIKYOKU oya="0"/><INIT seed="0,0,0,3,0,1" ten="250,250,250,250" oya="0" hai0="128,6,22,76,84,70,102,100,34,116,81,72,95" hai1="87,38,18,23,36,4,135,119,99,112,68,62,129" hai2="65,51,37,74,58,50,92,35,83,90,11,91,32" hai3="132,115,94,17,125,66,45,29,12,47,86,3,33"/><T127/><D116/><U114/><E119/><V118/><F118/><W14/><G3/><T106/><D34/><U28/><E135/><V134/><F37/><W0/><G0/><T73/><D70/><U26/><E129/><V2/><F134/><W48/><G66/><T105/><D128/><U96/><E87/><V8/><F65/><W31/><G14/><T46/><D127/><U126/><E68/><V98/><F2/><W42/><G115/><N who="1" m="44074" /><E62/><V55/><F51/><W5/><G33/><T110/><D110/><U109/><E4/><V59/><F59/><W16/><G47/><T113/><D113/><U107/><E126/><V80/><F35/><W121/><G132/><T7/><D46/><U89/><E28/><V30/><F74/><W13/><G121/><T63/><D63/><U56/><E56/><V85/><F80/><W71/><G71/><T117/><D117/><U120/><E120/><V49/><F49/><W133/><G125/><T64/><D64/><U27/><E109/><V52/><REACH who="2" step="1"/><F55/><REACH who="2" ten="250,250,240,250" step="2"/><W79/><G133/><T75/><D81/><U67/><E38/><V60/><F60/><W54/><G54/><T41/><D75/><U130/><E36/><V25/><AGARI ba="0,1" hai="8,11,25,30,32,50,52,58,83,85,90,91,92,98" machi="25" ten="30,7900,0" yaku="1,1,0,1,54,1,53,1" doraHai="1" doraHaiUra="20" who="2" fromWho="2" sc="250,-39,250,-20,240,89,250,-20" /><INIT seed="1,0,0,2,5,23" ten="211,230,329,230" oya="1" hai0="24,55,53,87,80,20,47,112,77,115,8,134,22" hai1="42,29,51,113,90,99,70,73,94,67,5,103,50" hai2="102,37,61,1,101,74,82,65,116,14,96,84,60" hai3="122,49,114,44,89,36,28,64,111,78,85,86,119"/><U52/><E113/><V57/><F116/><W48/><G114/><T63/><D134/><U88/><E73/><V108/><F1/><W45/><G119/><T66/><D8/><U54/><E5/><V125/><F108/><W62/><G122/><T128/><D128/><U118/><E118/><V100/><F37/><W12/><G111/><T97/><D97/><U117/><E117/><V124/><F74/><W59/><G12/><T83/><D83/><U41/><E70/><V107/><F14/><W46/><G36/><T93/><D93/><U0/><E67/><V56/><F124/><W133/><G133/><T21/><D24/><U2/><E29/><V32/><F32/><W69/><G69/><T40/><D112/><U4/><E4/><V106/><F107/><W81/><REACH who="3" step="1"/><G28/><REACH who="3" ten="211,230,329,220" step="2"/><T109/><D109/><U43/><E0/><V31/><F31/><W131/><G131/><T121/><D121/><U6/><E2/><V17/><F125/><W126/><G126/><T120/><D120/><U26/><E6/><V30/><F30/><W34/><G34/><T98/><D115/><U72/><E72/><V104/><F17/><W33/><G33/><T92/><D20/><U16/><E16/><V132/><F132/><W68/><G68/><T129/><D21/><U18/><E18/><V76/><REACH who="2" step="1"/><F104/><REACH who="2" ten="211,230,319,220" step="2"/><W123/><G123/><T11/><D129/><U79/><E26/><V10/><F10/><W25/><G25/><T9/><D11/><U38/><E38/><V105/><F105/><W3/><G3/><T130/><D9/><U58/><E79/><V75/><F75/><RYUUKYOKU ba="0,2" sc="211,-30,230,10,319,10,220,10" hai1="41,42,43,50,51,52,54,58,88,90,94,99,103" hai2="56,57,60,61,65,76,82,84,96,100,101,102,106" hai3="44,45,46,48,49,59,62,64,78,81,85,86,89" /><INIT seed="1,1,2,0,5,3" ten="181,240,329,230" oya="1" hai0="52,75,57,111,90,105,79,73,10,74,29,41,72" hai1="132,88,76,50,63,62,121,84,25,27,102,48,94" hai2="15,19,45,14,51,133,100,59,56,82,6,36,85" hai3="99,115,11,80,47,0,67,107,38,60,32,7,33"/><U104/><E121/><V97/><F36/><W131/><G115/><T31/><D105/><U95/><E132/><V16/><F133/><W118/><G131/><T92/><D111/><U116/><E104/><V103/><F97/><W13/><G118/><T91/><D41/><U69/><E116/><V114/><F114/><W122/><G122/><T83/><D10/><U125/><E125/><V119/><F119/><W53/><G80/><T54/><D54/><U101/><E76/><V71/><F71/><N who="3" m="42471" /><G53/><T108/><D108/><U22/><E69/><V18/><F59/><W42/><G13/><T65/><D65/><U113/><E113/><V17/><F56/><W127/><G127/><T93/><D93/><U112/><E112/><V70/><F70/><W120/><G120/><T43/><D43/><U12/><E12/><V98/><F98/><W21/><G21/><T1/><D1/><U78/><E78/><N who="2" m="46295" /><F15/><W2/><G2/><T26/><D92/><U49/><E95/><V23/><F6/><W134/><G134/><T20/><REACH who="0" step="1"/><D31/><REACH who="0" ten="171,240,329,230" step="2"/><N who="1" m="17847" /><E27/><V81/><F81/><W128/><G128/><T66/><D66/><U8/><E8/><V46/><F46/><W61/><G0/><T89/><D89/><U40/><E40/><AGARI ba="1,3" hai="14,16,17,18,19,23,40,45,51,100,103" m="46295" machi="40" ten="30,2000,0" yaku="8,1,54,1" doraHai="3" who="2" fromWho="1" sc="171,0,240,-23,329,53,230,0" /><INIT seed="2,0,0,2,1,30" ten="171,217,382,230" oya="2" hai0="79,83,89,63,117,127,82,77,107,99,34,124,71" hai1="56,37,55,113,85,4,14,0,16,126,53,64,31" hai2="61,134,54,132,52,125,93,109,51,130,10,68,3" hai3="39,69,105,133,119,66,94,112,24,74,23,27,26"/><V48/><F3/><W87/><G119/><T80/><D117/><U18/><E113/><V120/><F10/><W104/><G112/><T103/><D34/><U38/><E126/><N who="0" m="48169" /><D71/><U58/><E64/><N who="2" m="40975" /><F125/><W13/><G39/><T101/><D63/><U108/><E108/><V5/><F5/><W29/><G74/><T121/><D121/><U6/><E31/><V106/><F106/><W15/><G104/><T111/><D111/><U97/><E85/><V81/><F81/><W11/><G105/><T12/><D12/><U100/><E14/><V33/><F93/><W44/><G44/><T32/><D32/><U40/><E40/><V98/><F98/><W36/><G36/><T131/><D131/><U95/><E95/><V91/><F91/><N who="3" m="53631" /><G66/><T116/><D116/><U90/><E90/><V115/><F115/><W65/><G69/><T8/><D8/><U122/><E97/><V59/><F33/><W73/><G65/><T96/><D89/><U20/><E20/><V135/><F109/><W118/><G15/><T129/><D129/><U35/><E35/><V72/><F72/><W47/><G73/><T7/><D7/><U42/><E0/><V41/><F120/><W128/><G118/><T114/><D114/><U22/><E122/><V75/><F75/><W60/><G128/><T123/><D123/><U25/><E4/><V1/><F1/><W86/><G11/><T88/><D88/><U46/><E6/><V49/><F130/><W9/><G9/><T2/><D2/><U57/><E22/><V45/><F41/><W76/><G23/><T92/><AGARI ba="0,0" hai="77,79,80,82,83,92,96,99,101,103,107" m="48169" machi="92" ten="30,7900,0" yaku="5,1,18,1,34,2" doraHai="30" who="0" fromWho="0" sc="171,79,217,-20,382,-39,230,-20" /><INIT seed="3,0,0,3,4,77" ten="250,197,343,210" oya="3" hai0="59,123,7,12,68,60,11,69,53,38,134,71,56" hai1="49,120,96,111,32,75,16,27,102,18,80,19,126" hai2="43,100,67,85,61,106,39,66,82,10,47,119,74" hai3="110,62,41,34,37,50,118,2,22,112,132,114,125"/><W48/><G34/><T70/><D123/><U51/><E120/><V28/><F119/><W93/><G118/><T33/><D33/><U133/><E111/><V30/><F74/><W25/><G2/><T1/><D38/><U99/><E133/><V73/><F73/><W130/><G132/><T14/><D134/><U89/><E126/><V76/><F67/><W9/><G125/><T63/><N who="0" m="17408" /><DORA hai="84" /><T78/><REACH who="0" step="1"/><D78/><REACH who="0" ten="240,197,343,210" step="2"/><U21/><E32/><V26/><F76/><W116/><G37/><T15/><D15/><U79/><E27/><V117/><F39/><W113/><G116/><T36/><D36/><U20/><E20/><V104/><F26/><W58/><G112/><T135/><D135/><U91/><E21/><V94/><F117/><W124/><G113/><T109/><D109/><U35/><E35/><V42/><F42/><W8/><G110/><T83/><D83/><U103/><E79/><V23/><F82/><W81/><G114/><T5/><D5/><U92/><E80/><V64/><F43/><W97/><G124/><T108/><D108/><U129/><E75/><V4/><F4/><W29/><G81/><T87/><D87/><U40/><E40/><V46/><F85/><W86/><G86/><T105/><D105/><U31/><E99/><V98/><F23/><W122/><G122/><T57/><D57/><U131/><E96/><V6/><F6/><W3/><G41/><T101/><D101/><U52/><E103/><V95/><F98/><W121/><G121/><T55/><AGARI ba="0,1" hai="1,7,11,12,14,53,55,56,59,60,63" m="17408" machi="55" ten="60,16000,3" yaku="1,1,0,1,9,1,53,6" doraHai="77,84" doraHaiUra="54,65" who="0" fromWho="0" sc="240,170,197,-40,343,-40,210,-80" /><INIT seed="4,0,0,5,0,42" ten="410,157,303,130" oya="0" hai0="93,48,88,94,106,55,123,57,23,124,80,24,97" hai1="20,26,101,116,64,51,119,70,4,112,44,134,21" hai2="32,34,65,58,67,103,75,104,19,27,59,81,2" hai3="50,43,107,52,118,84,16,18,126,79,83,47,1"/><T77/><D123/><U0/><E134/><V90/><F2/><W66/><G118/><T73/><D124/><U128/><E128/><V28/><F34/><W131/><G107/><T60/><D106/><U95/><E112/><V135/><F135/><W99/><G126/><T37/><D37/><U69/><E0/><V68/><F19/><N who="3" m="7211" /><G1/><T38/><D38/><U122/><E4/><V61/><F67/><W41/><G131/><T8/><D94/><U111/><E111/><V17/><F17/><W102/><G66/><T76/><D76/><U53/><E122/><V7/><F7/><W56/><G102/><T22/><D8/><U117/><E64/><V12/><F12/><W9/><G99/><T74/><D74/><U132/><E132/><V105/><F105/><W36/><G36/><T113/><D113/><U62/><E62/><V6/><F6/><W30/><G9/><T127/><D127/><U108/><E108/><V15/><F15/><W91/><G30/><T115/><D115/><U98/><REACH who="1" step="1"/><E26/><REACH who="1" ten="410,147,303,130" step="2"/><V109/><F109/><W54/><G79/><T121/><D121/><U71/><AGARI ba="0,1" hai="20,21,44,51,53,69,70,71,95,98,101,116,117,119" machi="71" ten="40,8000,1" yaku="1,1,2,1,0,1,52,1,53,0" doraHai="42" doraHaiUra="33" who="1" fromWho="1" sc="410,-40,147,90,303,-20,130,-20" /><INIT seed="5,0,0,4,3,76" ten="370,237,283,110" oya="1" hai0="133,78,77,57,99,85,87,4,91,104,124,120,22" hai1="105,102,66,18,135,37,134,123,94,65,79,84,68" hai2="40,11,101,113,63,95,24,97,9,72,29,125,48" hai3="122,100,88,106,27,33,129,50,12,89,16,23,62"/><U114/><E123/><V54/><F72/><W107/><G122/><T64/><D120/><U118/><E118/><V7/><F125/><W19/><G129/><T46/><D124/><U56/><E37/><V25/><F113/><W98/><G106/><T110/><D110/><U55/><E114/><V14/><F40/><W69/><G50/><T80/><D133/><N who="1" m="50699" /><E68/><V117/><F117/><W60/><G60/><T44/><D4/><U121/><E121/><V71/><F71/><W51/><G51/><T2/><D2/><U103/><E105/><V39/><F39/><W30/><REACH who="3" step="1"/><G19/><REACH who="3" ten="370,237,283,100" step="2"/><T47/><D104/><U13/><E65/><AGARI ba="0,1" hai="12,16,23,27,30,33,62,65,69,88,89,98,100,107" machi="65" ten="40,12000,2" yaku="1,1,2,1,25,2,54,2,53,0" doraHai="76" doraHaiUra="109" who="3" fromWho="1" sc="370,0,237,-120,283,0,100,130" /><INIT seed="6,0,0,4,2,70" ten="370,117,283,230" oya="2" hai0="99,39,8,56,47,7,103,91,116,3,80,121,9" hai1="126,74,22,128,104,19,67,1,53,107,110,44,46" hai2="66,130,50,79,90,16,93,119,85,10,27,21,61" hai3="112,97,72,83,13,92,134,113,31,86,62,0,95"/><V5/><F130/><W87/><G0/><T58/><D121/><U42/><E110/><V82/><F119/><W111/><G111/><T63/><D116/><U18/><E74/><V88/><F50/><W34/><G134/><T51/><D39/><U75/><E75/><V38/><F38/><W35/><G13/><T6/><D91/><U109/><E109/><V123/><F123/><W114/><G62/><T64/><D80/><U45/><E1/><V135/><F135/><W33/><G31/><T89/><D89/><U98/><E128/><V59/><REACH who="2" step="1"/><F93/><REACH who="2" ten="370,117,273,230" step="2"/><W2/><G95/><N who="0" m="58879" /><D51/><U105/><E107/><V127/><F127/><W32/><G92/><T49/><D49/><U94/><E105/><V124/><F124/><W30/><G113/><T120/><D120/><U100/><E104/><V12/><AGARI ba="0,1" hai="5,10,12,16,21,27,59,61,66,79,82,85,88,90" machi="12" ten="20,18000,2" yaku="1,1,0,1,7,1,8,1,54,2,53,1" doraHai="70" doraHaiUra="4" who="2" fromWho="2" sc="370,-60,117,-60,273,190,230,-60" /><INIT seed="6,1,0,0,1,82" ten="310,57,463,170" oya="2" hai0="12,74,92,60,39,32,49,10,41,109,36,135,48" hai1="8,37,90,97,34,38,58,7,71,50,42,67,61" hai2="129,126,81,29,101,130,80,69,22,70,46,115,117" hai3="95,85,102,5,57,55,24,128,121,44,52,108,20"/><V112/><F117/><W124/><G124/><T13/><D109/><U93/><E34/><V127/><F46/><W75/><G75/><T4/><D74/><U31/><E31/><V65/><F101/><W6/><G128/><N who="2" m="49257" /><F22/><W63/><G108/><T94/><D32/><U53/><REACH who="1" step="1"/><E42/><REACH who="1" ten="310,47,463,170" step="2"/><V107/><F29/><N who="3" m="17543" /><G121/><T59/><D41/><U15/><AGARI ba="1,1" hai="7,8,15,37,38,50,53,58,61,67,71,90,93,97" machi="15" ten="20,5200,0" yaku="1,1,0,1,7,1,53,1" doraHai="82" doraHaiUra="62" who="1" fromWho="1" sc="310,-14,47,65,463,-27,170,-14" /><INIT seed="7,0,0,5,5,114" ten="296,112,436,156" oya="3" hai0="101,124,83,31,106,134,17,132,119,89,37,69,135" hai1="90,104,70,121,43,47,36,93,65,107,91,58,53" hai2="26,57,131,71,20,113,3,42,30,92,94,46,4" hai3="105,1,98,127,67,73,10,27,8,39,120,25,13"/><W97/><G120/><T63/><D37/><U51/><E121/><V80/><F71/><W29/><G39/><T5/><D124/><U38/><E38/><V125/><F125/><W82/><G127/><T68/><D119/><U64/><E64/><V15/><F3/><W56/><G1/><T34/><D5/><U88/><E93/><V23/><F113/><W86/><G73/><T2/><D2/><U54/><E54/><V45/><F131/><W103/><G98/><T75/><D17/><U0/><E0/><V59/><F80/><W7/><G10/><T112/><D112/><U78/><E78/><V41/><F4/><W49/><G29/><T61/><D69/><U115/><E115/><V126/><F126/><W77/><G67/><T12/><D12/><U62/><AGARI ba="0,0" hai="36,43,47,51,53,58,62,65,70,88,90,91,104,107" machi="62" ten="30,7900,0" yaku="0,1,24,2,54,1" doraHai="114" who="1" fromWho="1" sc="296,-20,112,79,436,-20,156,-39" owari="276,7.6,191,-20.9,416,51.6,117,-38.3" /></mjloggm>