<mjloggm ver="2.3"><GO type="169" lobby="0"/><UN n0="%E3%83%A4%E3%83%9E%E3%83%80%E3%81%95%E3%82%93" n1="%79%7A%68%61%6E%67" n2="%E3%80%8E%E3%83%A8%E3%82%B9%E3%82%AC%E3%83%8E%E3%82%BD%E3%83%A9%E3%80%8F" n3="%E3%82%80%E3%81%93%E3%81%86%E3%81%B9%E3%81%97" dan="16,16,17,17" rate="2093.29,2171.28,2182.33,2198.54" sx="M,M,M,M"/><TAIKYOKU oya="0"/><INIT seed="0,0,0,4,2,33" ten="250,250,250,250" oya="0" hai0="86,128,54,66,12,107,0,55,1,82,27,37,124" hai1="47,103,104,100,8,114,78,131,90,96,24,69,77" hai2="62,95,26,83,6,36,74,2,113,10,17,50,79" hai3="101,125,98,34,3,22,129,32,43,115,19,9,52"/><T99/><D37/><U112/><E69/><V118/><F113/><N who="1" m="43625" /><E47/><V57/><F118/><W123/><G115/><T117/><D117/><U42/><E42/><V56/><F36/><W75/><G75/><T35/><D66/><U11/><E131/><V73/><F73/><W40/><G129/><T18/><D128/><U45/><E45/><V23/><F50/><W58/><G125/><T5/><D124/><U106/><E24/><V39/><F39/><W71/><G71/><T68/><D68/><U13/><E90/><V60/><REACH who="2" step="1"/><F95/><REACH who="2" ten="250,250,240,250" step="2"/><W132/><G123/><T4/><D107/><U38/><E38/><V31/><F31/><W126/><G126/><T127/><D127/><U63/><E63/><AGARI ba="0,1" hai="2,6,10,17,23,26,56,57,60,62,63,74,79,83" machi="63" ten="40,2600,0" yaku="1,1,52,1,53,0" doraHai="33" doraHaiUra="108" who="2" fromWho="1" sc="250,0,250,-26,240,36,250,0" /><INIT seed="1,0,0,5,2,108" ten="250,224,276,250" oya="1" hai0="38,127,122,30,60,70,40,37,101,123,11,88,45" hai1="124,66,12,90,28,19,98,24,18,9,102,51,23" hai2="104,6,58,91,34,50,126,33,120,94,89,20,26" hai3="13,7,121,128,105,43,107,22,81,10,46,83,59"/><U69/><E124/><V129/><F120/><N who="0" m="46122" /><D101/><U74/><E74/><V8/><F104/><W31/><G121/><T125/><D30/><U5/><E90/><V2/><F126/><N who="0" m="48138" /><D11/><U16/><E51/><V64/><F129/><W32/><G32/><T110/><D88/><U65/><REACH who="1" step="1"/><E69/><REACH who="1" ten="250,214,276,250" step="2"/><V113/><F91/><W27/><G128/><T3/><D3/><U62/><E62/><V44/><F89/><W92/><G81/><T75/><D75/><U63/><E63/><V135/><F50/><W36/><G83/><T1/><D1/><U115/><E115/><V73/><F113/><W93/><G59/><T54/><D110/><U0/><E0/><V106/><F2/><W99/><G99/><T57/><D70/><U77/><E77/><V114/><F73/><W35/><G35/><T85/><D85/><U15/><E15/><V118/><F33/><W61/><G61/><T42/><D42/><U80/><E80/><V86/><F34/><W72/><G72/><T84/><D84/><U100/><E100/><V14/><F86/><W55/><G43/><T53/><D53/><U71/><E71/><V96/><F96/><W103/><G103/><T48/><AGARI ba="0,1" hai="37,38,40,45,48,54,57,60" m="48138,46122" machi="48" ten="30,7900,0" yaku="13,1,18,1,34,2" doraHai="108" who="0" fromWho="0" sc="250,89,214,-39,276,-20,250,-20" /><INIT seed="2,0,0,3,1,64" ten="339,175,256,230" oya="2" hai0="98,14,131,55,74,69,57,68,130,102,49,5,24" hai1="133,107,111,41,91,27,112,124,80,18,100,86,122" hai2="79,2,67,62,6,127,37,120,89,129,39,26,105" hai3="1,34,44,13,81,104,10,65,85,38,56,52,0"/><V116/><F116/><W97/><G34/><T77/><D24/><U94/><E112/><V35/><F120/><W93/><G104/><T15/><D77/><U101/><E122/><V72/><F129/><N who="0" m="49162" /><D74/><U88/><E111/><V126/><F105/><W103/><G65/><T95/><D5/><U66/><E124/><N who="2" m="47659" /><F89/><W114/><G114/><T132/><D132/><U33/><E133/><V73/><F6/><W30/><G30/><T12/><AGARI ba="0,0" hai="12,14,15,49,55,57,68,69,95,98,102" m="49162" machi="12" ten="30,4000,0" yaku="19,1,52,2" doraHai="64" who="0" fromWho="0" sc="339,40,175,-10,256,-20,230,-10" /><INIT seed="3,0,0,1,2,30" ten="379,165,236,220" oya="3" hai0="51,84,133,93,129,132,80,74,63,4,115,72,33" hai1="105,23,116,91,59,48,49,22,79,108,56,25,32" hai2="55,16,2,125,88,17,77,100,114,46,130,40,68" hai3="20,41,124,134,113,90,119,71,19,135,66,42,39"/><W128/><G113/><T61/><D115/><U109/><E105/><V101/><F114/><W89/><G119/><T6/><D51/><N who="1" m="19531" /><E91/><N who="3" m="34826" /><G39/><T103/><D129/><U8/><E8/><V31/><F68/><W95/><G95/><T83/><D84/><U73/><E116/><V122/><F2/><W92/><G92/><T0/><D93/><U86/><E86/><V82/><F125/><W126/><G66/><T67/><D103/><U69/><E69/><V78/><F130/><W52/><G52/><T111/><D111/><N who="1" m="42571" /><E32/><V64/><F122/><W97/><G97/><T50/><D50/><U44/><E44/><V127/><F46/><W10/><G10/><T58/><D33/><U120/><E120/><V45/><F45/><W12/><G71/><T14/><D0/><U18/><E23/><V110/><F110/><W37/><G128/><T43/><D43/><N who="3" m="16393" /><G37/><T29/><D67/><U81/><AGARI ba="0,0" hai="18,22,25,56,59,73,79,81" m="42571,19531" machi="81" ten="30,1100,0" yaku="14,1" doraHai="30" who="1" fromWho="1" sc="379,-3,165,11,236,-3,220,-5" /><INIT seed="4,0,0,1,2,72" ten="376,176,233,215" oya="0" hai0="23,109,6,93,8,19,122,40,105,10,116,131,94" hai1="108,133,117,113,53,98,78,34,88,24,29,44,3" hai2="60,90,36,85,102,73,126,49,39,62,107,58,54" hai3="69,99,38,71,121,74,41,17,104,2,119,64,13"/><T82/><D105/><U57/><E117/><V66/><F73/><W68/><G119/><T30/><D122/><U79/><E108/><V132/><F132/><W51/><G2/><T20/><D116/><U14/><E3/><V61/><F126/><W118/><G118/><T129/><D109/><U114/><E44/><V16/><F66/><W135/><G135/><T26/><D40/><U4/><E133/><V52/><F54/><W100/><G121/><T33/><D82/><U63/><E14/><V91/><F102/><W15/><G38/><T70/><D70/><U97/><E4/><V80/><F107/><W106/><G104/><T125/><D125/><U130/><E130/><N who="0" m="49673" /><D20/><U0/><E0/><V48/><F48/><W101/><G101/><T50/><D50/><U120/><E120/><V5/><F5/><W28/><G74/><T65/><D65/><U115/><E88/><N who="2" m="51239" /><F39/><W128/><G128/><T12/><D10/><U9/><E9/><V18/><F36/><W56/><G64/><T87/><D87/><U77/><AGARI ba="0,0" hai="24,29,34,53,57,63,77,78,79,97,98,113,114,115" machi="77" ten="40,12000,2" yaku="0,1,15,1,11,1,52,3" doraHai="72" who="1" fromWho="1" sc="376,-60,176,120,233,-30,215,-30" /><INIT seed="5,0,0,2,0,13" ten="316,296,203,185" oya="1" hai0="34,22,35,33,109,126,131,94,17,100,45,127,59" hai1="36,30,48,104,134,2,10,82,107,123,80,116,14" hai2="29,91,56,115,26,18,47,117,129,24,90,16,0" hai3="51,114,4,79,62,6,122,67,121,5,97,15,54"/><U105/><E36/><V112/><F117/><W95/><G79/><T96/><D109/><U106/><E116/><V25/><F0/><W88/><G114/><N who="2" m="43561" /><F129/><W132/><G132/><T63/><D45/><U32/><E123/><V130/><F130/><W101/><G101/><T93/><D93/><U28/><E2/><V102/><F102/><W76/><G76/><T92/><D92/><U113/><E134/><V87/><F29/><W86/><G97/><T84/><D84/><U120/><E120/><V8/><F8/><W98/><G98/><T41/><D41/><U58/><E113/><V21/><F56/><W3/><G3/><T60/><D131/><U50/><E104/><V85/><F47/><W77/><G77/><T71/><D71/><U124/><E124/><N who="0" m="47657" /><D59/><U7/><E58/><V9/><F9/><W119/><G119/><T89/><D100/><U53/><E105/><V61/><F61/><W19/><G62/><T11/><D11/><U75/><E10/><V38/><F38/><W74/><G74/><T55/><D55/><U20/><E53/><V46/><F46/><W78/><G78/><T39/><D39/><U81/><E75/><V1/><F1/><W27/><G67/><T70/><D70/><U42/><E106/><V125/><F125/><W72/><G72/><T23/><D63/><U52/><E107/><V73/><F73/><W40/><G40/><T37/><D37/><U108/><E52/><V83/><F21/><N who="0" m="7690" /><D60/><U135/><E42/><V44/><F44/><N who="3" m="28007" /><G122/><T49/><D49/><U12/><E48/><V133/><F133/><W99/><G121/><RYUUKYOKU ba="0,0" sc="316,15,296,-15,203,15,185,-15" hai0="17,33,34,35,89,94,96" hai2="16,18,24,25,26,83,85,87,90,91" /><INIT seed="6,1,0,3,5,91" ten="331,281,218,170" oya="2" hai0="127,51,101,31,35,109,1,105,34,100,48,55,133" hai1="65,121,99,60,61,107,11,79,125,8,30,19,24" hai2="7,25,128,20,103,112,41,134,135,15,115,23,86" hai3="27,129,88,95,82,106,21,104,89,84,38,122,52"/><V69/><F69/><W59/><G38/><T81/><D1/><U32/><E125/><V76/><F103/><W126/><G122/><T14/><D127/><U45/><E79/><V39/><F41/><W93/><G126/><T26/><D109/><U53/><E121/><V58/><F39/><W37/><G37/><T4/><D34/><U94/><E107/><V70/><F70/><W29/><G129/><T57/><D133/><N who="2" m="50698" /><F58/><W80/><G106/><T17/><D4/><U6/><E19/><N who="2" m="10367" /><F128/><W74/><G74/><T130/><D130/><U119/><E119/><V10/><F86/><N who="3" m="52407" /><G104/><T64/><D105/><U5/><E45/><V2/><F76/><W46/><G46/><T110/><D110/><U83/><E83/><V28/><AGARI ba="1,0" hai="2,7,10,23,25,28,112,115" m="10367,50698" machi="28" ten="30,6000,0" yaku="20,1,34,2" doraHai="91" who="2" fromWho="2" sc="331,-21,281,-21,218,63,170,-21" /><INIT seed="6,2,0,2,4,18" ten="310,260,281,149" oya="2" hai0="106,49,2,16,88,59,60,131,87,129,35,70,83" hai1="52,124,3,81,103,108,120,56,48,21,82,109,121" hai2="69,4,14,58,127,62,98,76,34,92,36,19,128" hai3="26,74,119,71,40,51,111,118,64,43,117,112,130"/><V105/><F34/><W77/><G77/><T95/><D106/><U86/><E3/><V66/><F36/><W73/><G26/><T15/><D2/><U24/><E103/><V125/><F105/><W5/><G5/><T104/><D104/><U116/><E116/><V23/><F128/><N who="0" m="49226" /><D35/><U13/><E13/><V17/><F76/><W29/><G29/><T72/><D49/><U22/><E124/><N who="2" m="47691" /><F4/><W68/><G130/><T78/><D70/><U67/><E67/><V45/><F45/><W93/><G111/><N who="1" m="42570" /><E24/><V110/><F17/><W65/><G51/><T84/><D15/><U102/><E102/><N who="2" m="60743" /><F110/><W57/><G117/><T96/><D16/><U123/><E82/><V12/><F14/><W100/><G100/><T122/><D122/><U126/><E126/><V37/><F37/><W46/><G46/><T53/><AGARI ba="2,0" hai="53,59,60,72,78,83,84,87,88,95,96" m="49226" machi="53" ten="30,2000,0" yaku="19,1,54,1" doraHai="18" who="0" fromWho="0" sc="310,26,260,-7,281,-12,149,-7" /><INIT seed="7,0,0,5,3,7" ten="336,253,269,142" oya="3" hai0="27,105,72,55,68,66,114,126,106,65,91,30,10" hai1="11,132,14,31,77,118,29,93,25,1,89,73,61" hai2="122,99,47,98,58,15,67,131,84,62,70,42,119" hai3="43,125,94,103,124,127,2,41,74,102,76,63,35"/><W13/><G2/><T9/><D72/><U12/><E132/><V104/><F119/><W108/><G35/><T17/><D17/><U64/><E118/><V82/><F104/><W34/><G34/><T113/><D126/><U3/><E77/><V117/><F117/><W101/><G108/><T81/><D55/><U33/><E29/><V28/><F131/><W96/><G63/><N who="0" m="39999" /><D66/><U133/><E73/><V123/><F28/><W38/><G13/><T69/><D69/><U59/><E133/><V88/><F15/><W36/><G76/><T112/><D91/><U24/><E24/><V80/><F80/><W110/><G74/><T75/><D81/><U87/><E14/><V92/><F70/><W16/><G16/><AGARI ba="0,0" hai="1,3,11,12,16,25,31,33,59,61,64,87,89,93" machi="16" ten="30,3900,0" yaku="7,1,52,1,54,1" doraHai="7" who="1" fromWho="3" sc="336,0,253,39,269,0,142,-39" owari="336,43.6,292,9.2,269,-13.1,103,-39.7" /></mjloggm>