<mjloggm ver="2.3"><GO type="169" lobby="0"/><UN n0="%E3%81%AF%E3%81%AA%E3%81%B3%E3%81%AA%E3%81%B3" n1="%E3%82%84%E3%82%89%E3%82%8C%E5%BD%B9" n2="%56%45%54%54%45%4C" n3="%71%75%61%72%6B" dan="17,17,16,16" rate="2133.62,2135.34,2127.63,2034.99" sx="M,M,M,M"/><TAIKYOKU oya="0"/><INIT seed="0,0,0,1,0,4" ten="250,250,250,250" oya="0" hai0="51,18,57,92,86,6,105,55,118,100,130,103,20" hai1="99,120,107,122,26,3,58,116,36,11,98,101,129" hai2="63,127,112,30,82,126,19,110,91,95,45,72,21" hai3="89,54,17,69,14,75,35,33,38,40,67,62,88"/><T109/><D118/><U104/><E116/><V111/><F112/><W121/><G121/><T108/><D130/><U59/><E129/><V125/><F30/><W93/><G75/><T87/><D6/><N who="1" m="1503" /><E59/><V85/><F63/><W56/><G40/><T10/><D105/><U133/><E58/><V22/><F45/><W52/><G38/><T37/><D37/><U47/><E26/><V78/><REACH who="2" step="1"/><F22/><REACH who="2" ten="250,250,240,250" step="2"/><W77/><G35/><T9/><D108/><U64/><E120/><V80/><F80/><W29/><G29/><T44/><D109/><U83/><E83/><V106/><F106/><W70/><G33/><T123/><D123/><U96/><E122/><V41/><F41/><W115/><G115/><T76/><D44/><U8/><E47/><V25/><AGARI ba="0,1" hai="19,21,25,72,78,82,85,91,95,110,111,125,126,127" machi="25" ten="40,5200,0" yaku="1,1,0,1,18,1,53,0" doraHai="4" doraHaiUra="42" who="2" fromWho="2" sc="250,-26,250,-13,240,62,250,-13" /><INIT seed="1,0,0,4,2,66" ten="224,237,302,237" oya="1" hai0="11,121,21,81,127,10,75,79,67,58,104,49,62" hai1="131,74,7,122,87,123,101,44,86,9,34,97,54" hai2="126,50,113,110,64,46,68,15,25,96,5,114,4" hai3="89,60,78,107,100,105,39,27,120,8,28,119,36"/><U102/><E74/><V51/><F110/><W109/><G120/><T72/><D127/><U71/><E34/><V118/><F118/><W56/><G109/><T112/><D112/><N who="2" m="43114" /><F126/><W53/><G119/><T41/><D121/><U63/><E131/><V103/><F25/><W135/><G135/><T26/><D104/><U13/><E122/><V99/><F15/><W29/><G78/><T117/><D75/><U69/><E123/><V106/><F99/><W77/><G77/><T16/><D117/><U76/><E102/><V18/><F18/><W1/><G29/><T133/><D133/><U91/><E76/><V92/><F106/><W35/><G89/><T22/><D22/><U57/><E44/><V84/><F84/><W134/><G134/><T3/><D3/><U55/><E55/><N who="2" m="30167" /><F51/><W31/><G31/><T65/><D65/><U83/><REACH who="1" step="1"/><E87/><REACH who="1" ten="224,227,302,237" step="2"/><V19/><F19/><W2/><G100/><T30/><D30/><U47/><E47/><V43/><F43/><W124/><G28/><T17/><D17/><U0/><E0/><V6/><F6/><W23/><G1/><T45/><AGARI ba="0,1" hai="10,11,16,21,26,41,45,49,58,62,67,72,79,81" machi="45" ten="30,2000,0" yaku="0,1,54,1" doraHai="66" who="0" fromWho="0" sc="224,30,227,-10,302,-5,237,-5" /><INIT seed="2,0,0,0,3,125" ten="254,217,297,232" oya="2" hai0="0,117,27,60,6,65,33,84,122,2,113,8,58" hai1="133,73,79,48,111,112,102,86,41,110,21,131,23" hai2="1,63,12,128,5,22,47,105,61,121,14,10,85" hai3="31,64,54,80,106,30,77,88,120,82,126,19,43"/><V3/><F121/><W90/><G120/><T100/><D122/><U57/><E112/><V95/><F105/><W45/><G106/><T15/><D113/><U87/><E133/><V72/><F72/><W52/><G126/><T91/><D117/><U135/><E135/><V37/><F37/><W108/><G108/><T16/><D100/><U26/><E102/><V29/><F47/><W109/><G109/><T70/><D70/><U71/><E71/><V129/><F1/><W78/><G64/><T38/><D38/><U59/><E26/><N who="2" m="16599" /><F3/><W13/><G45/><T11/><D33/><U62/><E73/><V25/><F25/><W51/><G51/><T56/><D56/><U118/><E48/><V17/><F85/><W93/><G93/><T107/><D107/><U67/><E87/><V97/><F95/><W130/><G13/><T18/><D27/><U76/><E86/><V124/><F97/><W127/><G127/><T96/><D96/><U98/><E98/><V99/><F99/><W28/><G19/><T101/><D101/><U69/><E110/><V74/><F74/><W36/><G36/><T68/><D68/><U7/><E69/><V123/><F123/><W134/><G31/><T49/><D2/><U83/><E111/><V53/><F124/><W66/><G66/><T132/><D132/><U81/><E67/><V114/><F114/><W75/><G75/><T104/><D104/><U42/><E118/><V40/><F40/><W119/><G134/><T4/><REACH who="0" step="1"/><D49/><REACH who="0" ten="244,217,297,232" step="2"/><U35/><E35/><V94/><F14/><W115/><G115/><T55/><D55/><RYUUKYOKU ba="0,1" sc="244,30,217,-10,297,-10,232,-10" hai0="0,4,6,8,11,15,16,18,58,60,65,84,91" /><INIT seed="3,1,1,3,5,48" ten="274,207,287,222" oya="3" hai0="35,6,2,32,131,55,84,30,61,77,13,11,51" hai1="52,124,125,89,17,64,72,68,40,44,33,112,8" hai2="88,21,15,54,121,24,119,7,132,86,82,14,127" hai3="45,25,65,9,113,34,76,59,78,85,94,108,36"/><W118/><G118/><T39/><D39/><U100/><E112/><V42/><F119/><W87/><G113/><T37/><D37/><U128/><E33/><V3/><F132/><W22/><G34/><T0/><D131/><U70/><E72/><V101/><F127/><N who="1" m="48713" /><E40/><V105/><F42/><W1/><G36/><T81/><D61/><U18/><E128/><V29/><F121/><W75/><G75/><T120/><D120/><U83/><E100/><V116/><F116/><W16/><G108/><T46/><REACH who="0" step="1"/><D35/><REACH who="0" ten="264,207,287,222" step="2"/><U79/><E70/><V27/><F105/><W43/><G1/><T91/><D91/><U122/><E89/><V106/><F106/><W41/><G76/><T102/><D102/><U130/><E130/><V49/><F101/><W20/><G78/><T4/><D4/><U19/><E122/><V134/><F134/><W62/><G9/><T103/><D103/><U26/><E8/><V66/><F3/><W133/><G133/><T58/><D58/><U69/><E69/><V93/><F7/><W96/><G22/><T71/><D71/><U114/><E68/><V90/><F90/><N who="3" m="55383" /><G45/><T57/><D57/><U47/><E47/><V10/><F10/><W115/><G115/><T63/><D63/><U38/><E44/><V98/><F21/><W74/><G74/><T28/><D28/><U73/><E38/><V5/><F29/><W107/><G107/><T104/><D104/><U126/><E126/><V23/><F23/><W123/><G123/><T110/><D110/><U97/><E114/><V111/><F111/><W135/><G135/><T50/><D50/><RYUUKYOKU ba="1,2" sc="264,15,207,-15,287,-15,222,15" hai0="0,2,6,11,13,30,32,46,51,55,77,81,84" hai3="16,20,25,41,43,59,62,65,85,87" /><INIT seed="3,2,2,0,0,93" ten="279,192,272,237" oya="3" hai0="79,57,72,135,68,65,111,48,89,91,110,12,109" hai1="67,46,77,19,132,27,20,59,14,37,10,43,23" hai2="53,115,22,124,24,64,9,60,85,105,134,82,5" hai3="76,4,78,87,21,17,45,16,102,40,92,99,133"/><W127/><G133/><T55/><D135/><U58/><E132/><V121/><F134/><W130/><G130/><T75/><D12/><U52/><E77/><V51/><F115/><W69/><G69/><T15/><D15/><U117/><E117/><V131/><F131/><W112/><G112/><T63/><REACH who="0" step="1"/><D79/><REACH who="0" ten="269,192,272,237" step="2"/><U25/><E25/><V35/><F24/><W62/><G78/><T97/><D97/><U47/><E27/><V56/><F124/><W26/><G127/><T118/><D118/><U120/><E120/><V123/><F121/><W81/><G4/><T61/><D61/><U73/><E73/><AGARI ba="2,3" hai="48,55,57,63,65,68,72,73,75,89,91,109,110,111" machi="73" ten="50,8000,1" yaku="1,1,14,1,53,3" doraHai="93" doraHaiUra="104" who="0" fromWho="1" sc="269,116,192,-86,272,0,237,0" /><INIT seed="4,0,0,1,3,54" ten="385,106,272,237" oya="0" hai0="66,24,132,73,53,31,120,65,38,43,106,114,41" hai1="118,0,4,57,37,124,36,63,95,9,78,33,101" hai2="75,99,59,127,5,32,52,82,72,49,7,45,121" hai3="80,40,131,58,81,35,97,23,21,79,135,133,107"/><T28/><D73/><U105/><E118/><V112/><F121/><W111/><G35/><T55/><D120/><U39/><E124/><V108/><F108/><W85/><G111/><T91/><D106/><U119/><E119/><V13/><F32/><W46/><G131/><T26/><D38/><U125/><E125/><V3/><F127/><W70/><G70/><T50/><D50/><U56/><E33/><V15/><F112/><W2/><G2/><T103/><D103/><U1/><E105/><V123/><F123/><W16/><G58/><T93/><D93/><U8/><E78/><V87/><F99/><W48/><G81/><T18/><D18/><U126/><E63/><N who="2" m="36327" /><F75/><W122/><G122/><T25/><D25/><U115/><E126/><V109/><F3/><W74/><G74/><T92/><D92/><U130/><E130/><V12/><F72/><W116/><G116/><T84/><D84/><U102/><E115/><V110/><F109/><W62/><G62/><T42/><D114/><U11/><E11/><V64/><F64/><W47/><G23/><T113/><D113/><U100/><E95/><V88/><F110/><W27/><REACH who="3" step="1"/><G47/><REACH who="3" ten="385,106,272,227" step="2"/><T14/><D31/><U30/><REACH who="1" step="1"/><E30/><REACH who="1" ten="385,96,272,227" step="2"/><V86/><F86/><W67/><G67/><T89/><D28/><U98/><E98/><V104/><F104/><W17/><G17/><T90/><D65/><U61/><E61/><V117/><F117/><W29/><G29/><T22/><D66/><U19/><E19/><V134/><F134/><W69/><G69/><T128/><D132/><U34/><E34/><V51/><F45/><RYUUKYOKU ba="0,2" sc="385,-30,96,10,272,10,227,10" hai1="0,1,4,8,9,36,37,39,56,57,100,101,102" hai2="5,7,12,13,15,49,51,82,87,88" hai3="16,21,27,40,46,48,79,80,85,97,107,133,135" /><INIT seed="5,1,2,5,0,109" ten="355,106,282,237" oya="1" hai0="7,2,30,117,80,29,31,129,90,84,1,105,98" hai1="32,44,88,94,122,68,48,52,18,15,4,119,113" hai2="61,123,56,33,85,133,69,41,36,101,96,58,116" hai3="63,46,112,92,6,114,89,38,40,70,24,83,26"/><U25/><E119/><V11/><F33/><W79/><G6/><T20/><D117/><U12/><E122/><V22/><F116/><W121/><G121/><T87/><D129/><U76/><E68/><V47/><F123/><W91/><G91/><T72/><D72/><U21/><E113/><N who="3" m="43626" /><G70/><T108/><D108/><U82/><E32/><V43/><F69/><W35/><G63/><T97/><D20/><U49/><E4/><V19/><F22/><W55/><G55/><T62/><D62/><U111/><E111/><V107/><F61/><W131/><G131/><T106/><D90/><U50/><E50/><V23/><F36/><W8/><G8/><T27/><D7/><U127/><E127/><V93/><F11/><W54/><G54/><T124/><D124/><U5/><E5/><V45/><F41/><W3/><G3/><T66/><D2/><U0/><E0/><V42/><F43/><W132/><G132/><T9/><D9/><U28/><E49/><V67/><F42/><W53/><G53/><T37/><D1/><U14/><E82/><V60/><F133/><W104/><G104/><T39/><D80/><U99/><REACH who="1" step="1"/><E76/><REACH who="1" ten="355,96,282,237" step="2"/><V10/><F60/><W57/><G35/><T103/><D39/><U13/><E13/><V102/><F67/><W81/><G81/><T17/><D66/><U120/><E120/><V59/><F107/><W34/><G34/><T64/><D64/><U125/><E125/><V77/><F77/><W65/><G83/><T51/><D37/><U86/><E86/><V71/><F85/><N who="3" m="52271" /><G79/><T118/><D105/><U73/><E73/><RYUUKYOKU ba="1,3" sc="355,-15,96,15,282,-15,237,15" hai1="12,14,15,18,21,25,28,44,48,52,88,94,99" hai3="24,26,38,40,46,57,65" /><INIT seed="5,2,3,2,3,59" ten="340,111,267,252" oya="1" hai0="112,44,14,21,57,111,48,7,128,24,38,131,35" hai1="79,81,132,109,47,97,80,99,115,74,52,94,130" hai2="86,102,122,63,90,71,100,119,55,125,33,56,40" hai3="95,54,22,84,41,13,1,12,18,61,98,51,72"/><U9/><E115/><V124/><F119/><W10/><G72/><T93/><D111/><U39/><E109/><V19/><F122/><W26/><G1/><T87/><D112/><U78/><E130/><N who="0" m="49705" /><D38/><U2/><E132/><V31/><F40/><W43/><G84/><T30/><D57/><U121/><E121/><V133/><F133/><W75/><G75/><T64/><D64/><U70/><E70/><V89/><F71/><W134/><G134/><T104/><D104/><U15/><E2/><V82/><F19/><W110/><G110/><T6/><D93/><U42/><E94/><V34/><F90/><N who="3" m="55671" /><G61/><T118/><D87/><U49/><E81/><V11/><F11/><W46/><G13/><T20/><D118/><U23/><E23/><N who="0" m="8777" /><D14/><U16/><REACH who="1" step="1"/><E79/><REACH who="1" ten="340,101,267,252" step="2"/><V96/><F33/><W116/><G116/><T107/><D107/><U92/><E92/><V27/><REACH who="2" step="1"/><F96/><REACH who="2" ten="340,101,257,252" step="2"/><W58/><G10/><T67/><D35/><U37/><E37/><V91/><F91/><W129/><G129/><T85/><D30/><U29/><E29/><V0/><F0/><W103/><G22/><T36/><D36/><U88/><E88/><V65/><F65/><W105/><G103/><AGARI ba="2,5" hai="27,31,34,55,56,63,82,86,89,100,102,103,124,125" machi="103" ten="40,5200,0" yaku="1,1,52,1,53,1" doraHai="59" doraHaiUra="50" who="2" fromWho="3" sc="340,0,101,0,257,108,252,-58" /><INIT seed="6,0,0,2,5,124" ten="340,101,365,194" oya="2" hai0="9,25,79,44,96,23,60,32,47,61,66,84,118" hai1="111,63,82,104,81,110,20,72,133,21,46,95,106" hai2="128,0,1,67,112,98,109,135,59,6,115,52,14" hai3="36,101,69,48,5,17,28,13,90,31,7,12,113"/><V54/><F135/><W86/><G36/><T50/><D32/><U40/><E133/><V75/><F75/><W88/><G69/><T91/><D118/><U116/><E116/><V73/><F73/><W125/><G125/><T62/><D9/><U3/><E72/><V49/><F109/><W130/><G130/><T43/><D96/><U26/><E95/><V105/><F67/><W122/><G122/><T76/><D47/><U103/><E26/><V38/><F38/><W134/><G134/><T119/><D66/><U108/><E3/><V78/><F78/><W2/><G2/><T87/><D87/><U100/><E108/><V107/><F128/><W117/><G117/><T85/><D85/><U102/><E102/><N who="2" m="62679" /><F107/><W4/><G101/><T34/><D34/><U22/><E22/><V129/><F129/><W94/><G113/><N who="2" m="43593" /><F54/><W126/><G126/><T92/><REACH who="0" step="1"/><D119/><REACH who="0" ten="330,101,365,194" step="2"/><U120/><E120/><V33/><F33/><W41/><G86/><T16/><AGARI ba="0,1" hai="16,23,25,43,44,50,60,61,62,76,79,84,91,92" machi="16" ten="30,8000,1" yaku="1,1,2,1,0,1,8,1,54,1,53,0" doraHai="124" doraHaiUra="77" who="0" fromWho="0" sc="330,90,101,-20,365,-40,194,-20" /><INIT seed="7,0,0,1,5,94" ten="420,81,325,174" oya="3" hai0="126,68,63,75,71,101,40,131,12,3,128,117,125" hai1="14,132,122,52,76,43,74,89,93,15,1,39,46" hai2="82,107,67,41,78,115,28,38,77,80,16,42,87" hai3="105,58,124,56,127,17,106,109,70,121,119,7,33"/><W108/><G70/><N who="0" m="26667" /><D3/><U53/><E122/><V11/><F115/><W130/><G121/><T6/><D75/><U27/><E132/><V99/><F38/><W72/><G72/><T102/><D63/><U86/><E27/><V55/><F67/><W123/><G123/><T104/><D40/><U0/><E15/><V21/><F28/><W47/><G47/><T49/><D49/><U81/><E14/><V8/><F55/><W118/><G33/><T133/><D117/><N who="3" m="44553" /><G17/><T134/><D104/><N who="3" m="40041" /><G7/><T113/><D113/><U95/><E95/><V51/><F51/><W50/><G50/><T4/><D12/><U97/><E86/><V114/><F114/><W98/><G98/><T129/><D6/><U2/><E2/><V92/><F42/><W37/><G37/><T31/><D31/><U111/><E111/><N who="3" m="42570" /><G130/><T34/><D4/><U61/><REACH who="1" step="1"/><E53/><REACH who="1" ten="420,71,325,174" step="2"/><V45/><F107/><W30/><G30/><T65/><D34/><U83/><E83/><V32/><F32/><W116/><G116/><T26/><D133/><U36/><E36/><V79/><F41/><W90/><G90/><T9/><D134/><U54/><E54/><V62/><F82/><W57/><AGARI ba="0,1" hai="56,57,58,124,127" m="42570,40041,44553" machi="57" ten="40,7800,0" yaku="28,2,10,1" doraHai="94" who="3" fromWho="3" sc="420,-26,71,-26,325,-26,174,88" /><INIT seed="7,1,0,3,5,131" ten="394,45,299,262" oya="3" hai0="16,130,63,41,2,83,20,37,42,28,79,64,27" hai1="55,51,31,46,12,98,95,128,53,56,22,73,97" hai2="13,65,75,85,101,43,8,78,129,122,109,115,39" hai3="107,70,82,118,94,110,74,26,133,34,11,99,134"/><W9/><G70/><T102/><D2/><U76/><E128/><V15/><F109/><W52/><G118/><T54/><D130/><U112/><E112/><V3/><F129/><W36/><G36/><T35/><D102/><U81/><E73/><V14/><F115/><W92/><G110/><T103/><D103/><U24/><E76/><V47/><F101/><N who="3" m="62911" /><G52/><T21/><D35/><U117/><E117/><V25/><F122/><W124/><G124/><T127/><D127/><U6/><E81/><N who="2" m="45279" /><F85/><W10/><G82/><T121/><D121/><U1/><E1/><V80/><F80/><W113/><G74/><T106/><D106/><U0/><E0/><V5/><F25/><W135/><G113/><T100/><D100/><U105/><E105/><V60/><F15/><W77/><G77/><T86/><D37/><U108/><E108/><V23/><F23/><W38/><G38/><T49/><D54/><U57/><E98/><V61/><F61/><W91/><G91/><T67/><D49/><U32/><E32/><V50/><F50/><W89/><G89/><T29/><D29/><AGARI ba="1,0" hai="9,10,11,26,29,34,92,94,133,134,135" m="62911" machi="29" ten="40,12000,1" yaku="20,1,52,3" doraHai="131" who="3" fromWho="0" sc="394,-123,45,0,299,0,262,123" owari="271,-12.9,45,-45.5,299,9.9,385,48.5" /></mjloggm>