<mjloggm ver="2.3"><GO type="169" lobby="0"/><UN n0="%70%6F%6E%2D%65%6E" n1="%E8%99%9A%E6%B7%B5%E7%8E%84" n2="%58%E7%8C%AB" n3="%E4%BA%BA%E5%93%81%E3%81%AA%E3%81%97" dan="16,17,16,17" rate="2149.55,2221.88,2050.52,2200.96" sx="F,M,M,M"/><TAIKYOKU oya="0"/><INIT seed="0,0,0,3,2,42" ten="250,250,250,250" oya="0" hai0="30,21,28,48,10,52,120,112,119,12,110,82,32" hai1="121,18,45,24,0,94,11,39,20,65,91,22,40" hai2="25,105,35,69,83,122,29,57,100,99,50,8,81" hai3="118,134,67,126,54,77,23,31,64,72,132,41,63"/><T27/><D112/><U125/><E125/><V111/><F122/><W66/><G72/><T53/><D120/><U26/><E121/><V101/><F111/><W9/><G77/><T13/><D119/><U86/><E65/><V44/><F57/><N who="3" m="35255" /><G23/><T96/><D110/><U36/><E0/><V95/><F69/><W103/><G9/><T15/><D53/><U98/><E11/><V135/><F135/><N who="3" m="51755" /><G31/><T88/><D32/><U61/><E61/><V73/><F73/><W70/><G103/><T76/><D76/><U97/><REACH who="1" step="1"/><E39/><REACH who="1" ten="250,240,250,250" step="2"/><V131/><F8/><W116/><G126/><T47/><D30/><AGARI ba="0,1" hai="18,20,22,24,26,30,36,40,45,86,91,94,97,98" machi="30" ten="30,7700,0" yaku="1,1,2,1,7,1,52,1,53,0" doraHai="42" doraHaiUra="74" who="1" fromWho="0" sc="250,-77,240,87,250,0,250,0" /><INIT seed="1,0,0,2,5,93" ten="173,327,250,250" oya="1" hai0="95,129,16,57,86,105,5,132,131,91,37,28,100" hai1="123,73,55,120,61,71,8,109,81,54,12,104,18" hai2="27,69,124,80,42,78,46,119,84,111,88,90,14" hai3="63,1,72,20,106,56,77,83,70,114,17,128,74"/><U43/><E43/><V11/><F119/><W6/><G114/><T110/><D37/><U122/><E104/><V32/><F69/><W39/><G128/><N who="0" m="49227" /><D110/><U94/><E109/><V130/><F111/><W15/><G39/><T19/><D132/><U13/><E73/><V9/><F130/><W26/><G70/><T35/><D5/><U107/><E107/><V98/><F124/><W24/><G74/><T67/><D35/><U49/><E81/><V34/><F11/><W60/><G60/><N who="0" m="38287" /><D28/><U126/><E126/><V53/><F27/><W125/><G125/><T79/><D79/><U41/><E12/><V115/><F115/><W99/><G6/><T108/><D108/><U65/><E41/><V23/><F23/><W25/><G1/><T76/><D76/><U87/><REACH who="1" step="1"/><E49/><REACH who="1" ten="173,317,250,250" step="2"/><N who="2" m="28855" /><F42/><W127/><G127/><T68/><D68/><U64/><E64/><V96/><F34/><W47/><G15/><T0/><D0/><U101/><E101/><V31/><F32/><W102/><REACH who="3" step="1"/><G47/><REACH who="3" ten="173,317,250,240" step="2"/><T59/><D59/><U30/><E30/><V36/><F31/><W38/><G38/><T3/><D3/><U2/><E2/><V117/><F36/><W58/><G58/><T89/><D105/><U66/><E66/><AGARI ba="0,2" hai="17,20,24,25,26,56,63,66,72,77,83,99,102,106" machi="66" ten="30,7700,0" yaku="1,1,7,1,52,1,53,1" doraHai="93" doraHaiUra="52" who="3" fromWho="1" sc="173,0,317,-77,250,0,240,97" /><INIT seed="2,0,0,0,0,37" ten="173,240,250,337" oya="2" hai0="59,9,23,8,102,10,31,21,113,121,24,63,107" hai1="11,4,56,41,72,93,30,26,0,60,36,88,86" hai2="132,46,77,42,55,71,101,112,29,110,82,70,58" hai3="90,40,128,7,104,17,20,54,96,47,85,95,74"/><V81/><F112/><W28/><G74/><T125/><D121/><U43/><E36/><V129/><F101/><W123/><G123/><T116/><D113/><U12/><E0/><V120/><F120/><W32/><G128/><T64/><D125/><U100/><E72/><V16/><F29/><W44/><G7/><T66/><D116/><U115/><E100/><V91/><F129/><W67/><G67/><T124/><D124/><U73/><E73/><V131/><F131/><W87/><G104/><T99/><D64/><U94/><E94/><V13/><F132/><W48/><G28/><T38/><D38/><U68/><E68/><V2/><F91/><W65/><G65/><T80/><D80/><U114/><E114/><V22/><F82/><W118/><G32/><T52/><REACH who="0" step="1"/><D66/><REACH who="0" ten="163,240,250,337" step="2"/><N who="1" m="39175" /><E115/><V33/><F2/><W27/><REACH who="3" step="1"/><G118/><REACH who="3" ten="163,240,250,327" step="2"/><T134/><D134/><U51/><E51/><AGARI ba="0,2" hai="17,20,27,40,44,47,48,51,54,85,87,90,95,96" machi="51" ten="30,8000,1" yaku="1,1,2,1,7,1,8,1,52,1,53,0" doraHai="37" doraHaiUra="34" who="3" fromWho="1" sc="163,0,240,-80,250,0,327,100" /><INIT seed="3,0,0,4,3,47" ten="163,160,250,427" oya="3" hai0="0,21,81,3,130,124,2,49,114,131,119,75,62" hai1="5,44,99,58,117,43,67,121,56,13,69,87,11" hai2="16,108,116,35,6,26,59,79,48,104,51,77,32" hai3="101,60,71,128,92,30,127,53,10,107,14,45,122"/><W22/><G122/><T98/><D119/><U40/><E121/><V94/><F116/><W134/><G107/><T106/><D124/><U28/><E117/><V135/><F104/><W7/><G127/><T68/><D114/><U36/><E43/><V102/><F6/><W80/><G134/><T8/><D21/><U73/><E73/><V74/><F74/><W38/><G128/><T110/><D110/><U4/><E28/><V70/><F70/><W126/><G126/><T78/><D8/><U55/><E58/><V120/><F120/><W82/><G38/><T115/><D115/><U54/><E54/><V83/><F35/><W34/><G34/><T19/><D19/><U84/><E99/><N who="2" m="59767" /><F32/><W125/><G125/><T25/><D25/><U109/><E5/><V133/><F59/><N who="3" m="34927" /><G45/><T129/><D49/><N who="2" m="19018" /><F83/><W72/><G71/><T57/><D57/><U76/><E69/><V85/><F85/><W63/><G63/><T93/><D93/><U50/><E87/><V132/><F108/><W90/><G101/><T24/><D98/><U118/><E118/><V33/><F16/><N who="3" m="8279" /><G72/><T64/><D106/><U113/><E109/><V23/><F23/><W61/><G61/><T39/><REACH who="0" step="1"/><D24/><REACH who="0" ten="153,160,250,427" step="2"/><U18/><E113/><V20/><F20/><W31/><G7/><T86/><D86/><U41/><E4/><V15/><F15/><W105/><G105/><T1/><N who="0" m="0" /><DORA hai="95" /><T12/><D12/><U65/><E84/><V103/><F103/><W89/><G22/><T96/><D96/><U88/><E13/><V111/><F111/><W123/><G123/><T37/><AGARI ba="0,1" hai="37,39,62,64,68,75,78,81,129,130,131" m="0" machi="37" ten="70,12000,2" yaku="1,1,5,1,0,1,19,1,23,2,53,0" doraHai="47,95" doraHaiUra="27,17" who="0" fromWho="0" sc="153,130,160,-30,250,-30,427,-60" /><INIT seed="4,0,0,3,5,66" ten="283,130,220,367" oya="0" hai0="49,18,93,124,67,62,129,48,73,80,98,3,46" hai1="134,38,123,59,101,130,91,29,55,97,78,19,54" hai2="56,61,77,84,95,131,22,106,51,8,68,117,2" hai3="128,96,13,32,118,27,47,52,71,6,45,25,17"/><T104/><D124/><U122/><E38/><V20/><F106/><W87/><G118/><T88/><D129/><U23/><E130/><V36/><F36/><W57/><G71/><T5/><D3/><U125/><E134/><V82/><F131/><W53/><G128/><T58/><D5/><U85/><E78/><V111/><F111/><W108/><G108/><T103/><D46/><U127/><E29/><V121/><F121/><W12/><G32/><T114/><D114/><U15/><E55/><V4/><F117/><W39/><G39/><T28/><D28/><U102/><E123/><V86/><F51/><W120/><G96/><T126/><D18/><U43/><E43/><V0/><F0/><W42/><G42/><T50/><D126/><U92/><E122/><V31/><F31/><W69/><G69/><T133/><D133/><U79/><E79/><V35/><F68/><W34/><G34/><T90/><REACH who="0" step="1"/><D104/><REACH who="0" ten="273,130,220,367" step="2"/><U63/><REACH who="1" step="1"/><E101/><REACH who="1" ten="273,120,220,367" step="2"/><V1/><F35/><W113/><G120/><T16/><D16/><U11/><E11/><V89/><F1/><W70/><G17/><T24/><D24/><U21/><E21/><V99/><F20/><W33/><G25/><T94/><D94/><AGARI ba="0,2" hai="15,19,23,54,59,63,85,91,92,94,97,102,125,127" machi="94" ten="40,1300,0" yaku="1,1,53,0" doraHai="66" doraHaiUra="72" who="1" fromWho="0" sc="273,-13,120,33,220,0,367,0" /><INIT seed="5,0,0,2,3,77" ten="260,153,220,367" oya="1" hai0="104,17,79,39,51,62,20,113,64,96,92,87,32" hai1="2,46,34,21,127,132,80,89,86,129,107,121,11" hai2="78,117,26,43,7,37,123,69,28,126,22,57,133" hai3="93,55,59,84,18,72,10,97,110,128,48,120,134"/><U8/><E121/><V63/><F123/><W58/><G110/><T68/><D39/><U119/><E119/><V50/><F117/><W16/><G128/><T106/><D32/><U38/><E34/><V88/><F7/><W85/><G134/><T44/><D113/><U95/><E107/><V23/><F37/><W54/><G72/><T60/><D60/><U49/><E38/><V81/><F69/><W105/><G105/><T36/><D36/><U14/><E127/><V42/><F133/><W5/><G120/><T15/><D79/><U25/><E2/><V116/><F116/><W94/><G5/><T3/><D87/><N who="3" m="33353" /><G10/><T103/><REACH who="0" step="1"/><D3/><REACH who="0" ten="250,153,220,367" step="2"/><U19/><E132/><V118/><F118/><W52/><G48/><T100/><D100/><U27/><E129/><V112/><F50/><W56/><G97/><T108/><D108/><U66/><E66/><V0/><F0/><W13/><G13/><T98/><D98/><U130/><E130/><V24/><F78/><W29/><G29/><T65/><D65/><U114/><E114/><V35/><F112/><W9/><G9/><N who="1" m="3658" /><E95/><AGARI ba="0,1" hai="16,18,52,54,55,56,58,59,93,94,95" m="33353" machi="95" ten="40,8000,1" yaku="28,2,8,1,54,2" doraHai="77" who="3" fromWho="1" sc="250,0,153,-80,220,0,367,90" /><INIT seed="6,0,0,0,3,57" ten="250,73,220,457" oya="2" hai0="7,54,88,105,135,33,11,117,36,12,108,83,82" hai1="30,18,39,90,3,111,24,53,100,29,41,8,31" hai2="15,107,95,59,75,133,72,99,65,103,20,123,13" hai3="40,89,46,124,68,120,25,134,6,104,113,79,127"/><V21/><F123/><W69/><G113/><T91/><D108/><U94/><E111/><V78/><F107/><W32/><G134/><T38/><D33/><U44/><E100/><V109/><F133/><W119/><G119/><T70/><D105/><U128/><E128/><V84/><F109/><W5/><G79/><T122/><D122/><U77/><E77/><V114/><F114/><W132/><G132/><T112/><D70/><N who="3" m="27241" /><G89/><T0/><D0/><U56/><E3/><V129/><F129/><W50/><G104/><T92/><D38/><U34/><E8/><V14/><F75/><W93/><G93/><T62/><D36/><U22/><E34/><V60/><F72/><W63/><G63/><T97/><D112/><U23/><E23/><V85/><F78/><W1/><G1/><T49/><D117/><U67/><E67/><V110/><F110/><W48/><G48/><T86/><D135/><U64/><E64/><V102/><F102/><W80/><G80/><N who="0" m="49223" /><D62/><U51/><REACH who="1" step="1"/><E30/><REACH who="1" ten="250,63,220,457" step="2"/><V76/><F76/><W73/><G120/><T98/><D98/><AGARI ba="0,1" hai="18,22,24,29,31,39,41,44,51,53,56,90,94,98" machi="98" ten="30,3900,0" yaku="1,1,2,1,7,1,53,0" doraHai="57" doraHaiUra="126" who="1" fromWho="0" sc="250,-39,63,49,220,0,457,0" /><INIT seed="7,0,0,1,0,20" ten="211,112,220,457" oya="3" hai0="98,2,118,94,54,4,110,78,3,40,79,116,72" hai1="28,106,111,75,84,26,76,65,45,46,23,115,95" hai2="11,70,37,13,61,59,88,109,38,16,43,131,125" hai3="64,87,58,17,99,120,55,30,85,52,86,135,93"/><W63/><G135/><T82/><D78/><U32/><E111/><V10/><F109/><W108/><G120/><T0/><D110/><U31/><E115/><V113/><F70/><W96/><G108/><T18/><D4/><U69/><E75/><V6/><F43/><W77/><G30/><T124/><D40/><U81/><E106/><V92/><F113/><W90/><G77/><T129/><D18/><U112/><E112/><V73/><F73/><W67/><G17/><T34/><D34/><U1/><E1/><V74/><F74/><W101/><G55/><T36/><D129/><U100/><E69/><V53/><F131/><W35/><G35/><T5/><D124/><U62/><E28/><V21/><F125/><W8/><G8/><T102/><D36/><U25/><E32/><V12/><F10/><W130/><G130/><T42/><D42/><U83/><E83/><V122/><F122/><W117/><G117/><T134/><D134/><U44/><E26/><V91/><F91/><W97/><G97/><AGARI ba="0,0" hai="6,11,12,13,16,21,37,38,53,59,61,88,92,97" machi="97" ten="30,3900,0" yaku="7,1,54,2" doraHai="20" who="2" fromWho="3" sc="211,0,112,0,220,39,457,-39" owari="211,-18.9,112,-38.8,259,5.9,418,51.8" /></mjloggm>