<mjloggm ver="2.3"><GO type="169" lobby="0"/><UN n0="%E8%A6%9A%E9%86%92%E3%81%97%E3%81%9F%E3%81%A8%E3%81%BE%E3%81%A8" n1="%E7%89%A7%E5%A0%B4%E3%81%AE%E5%B0%8F%E5%A5%B3" n2="%E5%B2%A9%E4%B8%8A%E9%80%9A%E3%82%8A" n3="%41%6C%6C%2D%4C%75%63%6B" dan="16,17,16,16" rate="2119.95,2181.60,2107.50,2120.01" sx="M,F,M,M"/><TAIKYOKU oya="0"/><INIT seed="0,0,0,4,5,4" ten="250,250,250,250" oya="0" hai0="66,118,120,78,81,61,67,47,123,112,52,20,124" hai1="99,21,50,1,84,44,106,56,28,109,58,88,41" hai2="2,46,93,22,87,3,37,51,32,86,38,70,15" hai3="9,128,75,24,135,113,121,31,42,131,23,132,97"/><T102/><D112/><U73/><E109/><V11/><F70/><W7/><G75/><T54/><D118/><U111/><E111/><V60/><F32/><W77/><G77/><T65/><D124/><U68/><E68/><V59/><F3/><N who="3" m="255" /><G42/><T62/><D102/><U104/><E73/><V79/><F2/><W36/><G36/><T117/><D117/><U76/><E1/><V35/><F35/><W101/><G113/><T98/><D98/><U115/><E115/><V114/><F114/><W90/><G90/><T40/><D20/><U127/><E127/><V13/><F38/><W83/><G83/><T29/><D29/><U33/><E33/><V82/><F37/><W45/><G45/><T133/><D133/><N who="3" m="51273" /><G121/><N who="0" m="46667" /><D81/><U122/><E122/><V19/><F93/><AGARI ba="0,0" hai="23,24,31,93,97,101,128,131" m="51273,255" machi="93" ten="30,2000,0" yaku="20,1,52,1" doraHai="4" who="3" fromWho="2" sc="250,0,250,0,250,-20,250,20" /><INIT seed="1,0,0,0,1,109" ten="250,250,230,270" oya="1" hai0="23,34,102,106,37,117,13,17,16,44,113,122,121" hai1="42,130,12,40,129,70,22,128,49,123,45,33,84" hai2="14,91,114,21,47,125,20,116,69,100,98,8,15" hai3="35,86,92,108,103,25,72,62,132,83,78,54,124"/><U39/><E33/><V31/><F69/><W28/><G108/><T1/><D117/><U50/><E123/><N who="0" m="47113" /><D34/><U85/><E70/><V101/><F116/><W77/><G124/><T94/><D1/><U38/><E12/><V51/><F125/><W27/><G132/><T119/><D119/><U4/><E22/><V57/><F57/><W60/><G25/><N who="0" m="14567" /><D106/><U65/><E4/><V115/><F91/><W95/><G95/><T52/><D113/><N who="2" m="43018" /><F101/><W9/><G77/><T87/><D37/><N who="1" m="13835" /><E65/><V61/><F61/><W36/><G36/><T53/><D44/><AGARI ba="0,0" hai="40,42,44,45,49,50,84,85,128,129,130" m="13835" machi="44" ten="40,2000,0" yaku="19,1" doraHai="109" who="1" fromWho="0" sc="250,-20,250,20,230,0,270,0" /><INIT seed="1,1,0,4,2,36" ten="230,270,230,270" oya="1" hai0="70,78,21,130,2,91,112,20,82,115,10,80,3" hai1="107,48,127,59,38,128,64,72,134,98,105,40,118" hai2="79,44,125,116,9,14,94,50,66,117,69,86,56" hai3="131,75,73,54,124,120,5,81,126,45,30,28,84"/><U122/><E118/><V67/><F69/><W42/><G120/><T33/><D70/><U129/><E122/><V68/><F68/><W89/><G54/><T11/><D91/><U58/><E72/><N who="3" m="27722" /><G5/><T110/><D78/><U49/><E98/><V31/><F31/><W12/><G12/><T39/><D39/><U16/><E16/><V92/><F125/><N who="3" m="48235" /><G131/><T96/><D96/><U7/><E127/><V6/><F117/><W100/><G100/><T121/><D121/><U85/><E85/><V97/><F56/><W32/><G32/><T1/><D1/><U108/><E7/><V90/><F116/><W135/><G135/><T43/><D33/><U53/><E134/><V103/><REACH who="2" step="1"/><F79/><REACH who="2" ten="230,270,220,270" step="2"/><W132/><G132/><T57/><D57/><U17/><E59/><V62/><F62/><W37/><AGARI ba="1,1" hai="28,30,37,42,45,81,84,89" m="48235,27722" machi="37" ten="30,2000,0" yaku="18,1,52,1" doraHai="36" who="3" fromWho="3" sc="230,-6,270,-11,220,-6,270,33" /><INIT seed="2,0,0,5,4,124" ten="224,259,214,303" oya="2" hai0="6,112,109,14,7,119,75,47,41,25,116,9,73" hai1="84,132,8,74,125,118,93,23,78,62,87,69,134" hai2="45,91,1,103,111,95,104,127,63,20,13,92,22" hai3="49,82,15,28,16,100,79,130,105,102,76,31,48"/><V129/><F1/><W98/><G130/><T58/><D112/><U12/><E118/><N who="0" m="45097" /><D109/><U34/><E34/><V96/><F127/><W122/><G100/><T11/><D25/><U2/><E125/><V52/><F111/><W121/><G76/><T66/><D58/><U128/><E2/><V80/><F129/><W133/><G133/><T43/><D66/><U50/><E23/><V71/><F80/><W55/><G48/><N who="0" m="26735" /><D43/><U21/><E50/><N who="2" m="28751" /><F104/><W36/><G36/><T117/><N who="0" m="45105" /><T81/><DORA hai="108" /><D81/><U32/><E32/><V90/><F71/><W70/><G70/><T114/><D114/><U94/><E69/><V54/><F13/><AGARI ba="0,0" hai="6,7,9,11,13,14,73,75" m="26735,45105" machi="13" ten="40,1300,0" yaku="12,1" doraHai="124,108" who="0" fromWho="2" sc="224,13,259,0,214,-13,303,0" /><INIT seed="3,0,0,0,3,68" ten="237,259,201,303" oya="3" hai0="70,109,78,54,134,74,63,75,5,87,81,88,93" hai1="113,43,59,58,122,56,31,3,121,103,135,48,7" hai2="39,79,21,112,77,36,114,26,130,23,25,129,37" hai3="98,14,66,131,16,12,4,52,102,11,49,64,127"/><W0/><G131/><T69/><D109/><U84/><E113/><V34/><REACH who="2" step="1"/><F39/><REACH who="2" ten="237,259,191,303" step="2"/><W29/><G127/><T85/><D134/><U83/><E135/><V61/><F61/><W47/><G29/><T46/><D5/><U133/><E133/><V27/><F27/><W24/><G24/><T1/><D1/><U82/><E31/><V123/><F123/><W57/><G0/><T94/><D70/><U120/><E3/><V30/><F30/><W89/><G89/><T65/><REACH who="0" step="1"/><D94/><REACH who="0" ten="227,259,191,303" step="2"/><U108/><E108/><V32/><AGARI ba="0,2" hai="21,23,25,26,32,34,36,37,77,79,112,114,129,130" machi="32" ten="25,16000,3" yaku="21,2,0,1,22,2,52,2,53,2" doraHai="68" doraHaiUra="110" who="2" fromWho="2" sc="227,-40,259,-40,191,180,303,-80" /><INIT seed="4,0,0,2,1,130" ten="187,219,371,223" oya="0" hai0="82,72,122,22,134,20,114,100,32,121,14,93,99" hai1="7,29,119,18,55,42,54,91,51,65,26,129,135" hai2="25,63,15,30,47,98,78,118,97,68,112,120,111" hai3="52,89,61,95,131,31,58,102,124,133,110,11,16"/><T88/><D32/><U46/><E119/><V132/><F111/><W38/><G110/><T71/><D71/><U83/><E129/><V70/><F118/><W27/><G38/><T40/><D40/><U5/><E65/><V74/><F120/><N who="0" m="46186" /><D14/><U90/><E135/><V103/><F98/><W23/><G124/><T24/><D24/><U36/><E18/><V115/><F15/><N who="3" m="7295" /><G133/><T56/><D56/><U105/><E105/><V108/><F132/><W80/><G131/><T34/><D34/><U73/><E73/><V50/><F108/><W57/><G57/><T87/><D22/><U64/><E64/><V109/><F78/><W77/><G77/><N who="0" m="44327" /><D20/><U117/><E117/><V76/><F76/><W104/><G104/><N who="0" m="63519" /><D134/><U45/><E54/><V21/><F70/><W106/><G106/><T113/><AGARI ba="0,0" hai="87,88,93,113,114" m="63519,44327,46186" machi="113" ten="30,11700,0" yaku="24,1,34,2,54,1" doraHai="130" who="0" fromWho="0" sc="187,117,219,-39,371,-39,223,-39" /><INIT seed="4,1,0,3,1,55" ten="304,180,332,184" oya="0" hai0="14,67,68,103,72,40,70,88,56,1,101,100,119" hai1="71,3,113,44,81,43,122,20,35,61,45,51,39" hai2="16,41,18,48,66,102,69,58,7,83,110,107,52" hai3="11,74,46,132,4,29,99,87,97,93,53,117,96"/><T106/><D106/><U105/><E35/><V125/><F110/><W98/><G117/><T31/><D1/><U82/><E122/><V26/><F125/><W19/><G74/><T108/><D119/><U133/><E3/><V49/><F7/><W21/><G132/><T112/><D112/><U121/><E121/><V9/><F102/><W13/><G29/><T10/><D108/><U90/><E105/><V77/><F107/><W131/><G131/><T2/><D72/><U85/><E133/><V57/><F69/><W91/><N who="3" m="24576" /><DORA hai="30" /><W36/><G36/><T0/><D40/><U12/><E113/><V124/><F9/><W118/><G118/><T127/><D31/><U120/><E120/><V24/><F124/><W104/><G104/><T130/><D130/><U64/><E12/><V73/><F26/><W86/><G86/><T114/><D114/><U22/><REACH who="1" step="1"/><E82/><REACH who="1" ten="304,170,332,184" step="2"/><V109/><F109/><W95/><G95/><T134/><D14/><U111/><E111/><V25/><F25/><W76/><G93/><T129/><D2/><U62/><E62/><V75/><F24/><W8/><G13/><T37/><D0/><U42/><AGARI ba="1,1" hai="20,22,39,42,43,44,45,51,61,64,71,81,85,90" machi="42" ten="20,5200,0" yaku="1,1,0,1,7,1,53,1" doraHai="55,30" doraHaiUra="50,59" who="1" fromWho="1" sc="304,-27,170,65,332,-14,184,-14" /><INIT seed="5,0,0,5,0,19" ten="277,235,318,170" oya="1" hai0="135,102,46,74,48,57,42,114,132,45,63,5,9" hai1="47,119,3,53,49,72,10,32,44,103,96,118,88" hai2="6,8,0,133,91,62,82,90,106,31,60,55,13" hai3="117,29,58,105,12,130,120,52,79,54,99,109,127"/><U84/><E72/><V65/><F106/><W36/><G109/><T124/><D74/><U16/><E32/><V126/><F126/><W67/><G120/><T83/><D124/><U107/><E44/><V78/><F133/><N who="0" m="51274" /><D83/><N who="1" m="49183" /><E3/><V1/><F31/><W95/><G130/><T125/><D125/><U51/><E49/><V39/><F39/><W35/><G36/><N who="0" m="21703" /><D102/><U100/><E100/><V87/><F1/><W30/><G105/><T22/><D114/><U33/><E33/><V20/><F60/><N who="3" m="38295" /><G35/><T101/><D101/><U92/><E107/><V73/><F55/><N who="3" m="21035" /><G79/><T85/><D48/><U131/><E131/><V40/><F40/><W116/><G127/><T23/><D46/><U4/><E4/><V128/><F128/><W66/><G66/><N who="0" m="39279" /><D85/><U21/><E21/><V129/><F129/><W113/><G113/><T94/><D94/><U112/><E112/><V50/><F50/><W110/><G110/><T134/><N who="0" m="51282" /><T11/><DORA hai="115" /><D11/><U104/><E104/><V76/><F73/><W123/><G123/><T17/><D17/><U26/><E26/><V24/><F76/><W64/><G64/><T34/><D34/><U41/><E41/><V86/><F87/><W121/><G121/><T98/><D98/><U27/><E27/><V15/><F0/><AGARI ba="0,0" hai="0,5,9,22,23" m="39279,21703,51282" machi="0" ten="40,5200,0" yaku="20,1,52,2" doraHai="19,115" who="0" fromWho="2" sc="277,52,235,0,318,-52,170,0" /><INIT seed="6,0,0,4,5,28" ten="329,235,266,170" oya="2" hai0="18,82,125,19,118,73,92,51,109,53,56,23,50" hai1="121,112,108,84,70,129,88,48,130,72,71,133,64" hai2="60,107,119,100,77,61,17,45,55,101,66,11,59" hai3="95,24,114,4,5,99,58,76,117,90,83,30,104"/><V86/><F107/><W110/><G117/><T38/><D38/><U123/><E72/><V80/><F119/><W32/><G110/><T116/><D109/><U68/><E108/><V62/><F45/><W1/><G1/><T29/><D125/><U132/><E64/><V8/><F8/><W33/><G114/><T9/><D29/><U21/><E21/><V78/><F78/><W135/><G135/><N who="1" m="51786" /><E112/><V93/><F93/><W31/><G104/><T46/><D92/><N who="1" m="54279" /><E48/><N who="2" m="31207" /><F66/><W87/><G58/><T115/><D115/><U26/><E26/><AGARI ba="0,0" hai="4,5,24,26,30,31,32,33,76,83,87,90,95,99" machi="26" ten="40,5200,0" yaku="9,1,52,2" doraHai="28" who="3" fromWho="1" sc="329,0,235,-52,266,0,170,52" /><INIT seed="7,0,0,2,2,9" ten="329,183,266,222" oya="3" hai0="103,115,132,92,116,77,124,94,5,43,76,121,27" hai1="34,106,128,79,2,71,1,49,28,98,84,107,35" hai2="67,11,42,118,53,51,45,105,65,37,44,58,50" hai3="21,10,96,102,68,120,129,59,80,63,52,99,81"/><W72/><G129/><T104/><D116/><U70/><E28/><V39/><F105/><N who="1" m="39945" /><E98/><N who="3" m="37418" /><G120/><T134/><D104/><U122/><E49/><N who="2" m="26775" /><F11/><W62/><G72/><T8/><D103/><U73/><E84/><V88/><F88/><W38/><G102/><T87/><D121/><U14/><E14/><V36/><F118/><W12/><G68/><N who="1" m="26154" /><E122/><V90/><F90/><W48/><G38/><T15/><D87/><U54/><E54/><AGARI ba="0,0" hai="36,37,39,45,50,51,53,54,58,65,67" m="26775" machi="54" ten="30,8000,1" yaku="35,5" doraHai="9" who="2" fromWho="1" sc="329,0,183,-80,266,80,222,0" owari="329,12.9,103,-39.7,346,44.6,222,-17.8" /></mjloggm>