<mjloggm ver="2.3"><GO type="225" lobby="0"/><UN n0="%E3%82%A2%E3%82%A4%E3%82%B9%E3%83%86%E3%82%A3%E3%83%BC%E3%81%82%E3%81%B9" n1="%E4%BF%BA%E3%81%A8%E5%A6%96%E5%A4%A2" n2="%E9%A6%AC%E5%BC%95%E7%81%AB%33" n3="%E3%81%BF%E3%81%BF%E3%81%9A" dan="16,16,16,17" rate="2070.61,2119.18,2140.58,2246.06" sx="M,F,M,M"/><TAIKYOKU oya="0"/><INIT seed="0,0,0,5,5,115" ten="250,250,250,250" oya="0" hai0="93,40,62,127,94,9,121,86,8,113,124,42,131" hai1="60,76,91,119,72,23,39,64,92,65,43,13,125" hai2="123,41,117,4,128,1,52,69,12,133,67,18,80" hai3="45,89,7,120,96,19,98,129,135,48,130,112,87"/><T11/><D113/><U3/><E3/><V55/><F123/><W31/><G112/><T104/><D121/><U88/><E43/><N who="0" m="16425" /><D104/><U56/><E39/><V57/><F128/><N who="3" m="49259" /><G120/><T83/><D131/><U44/><E44/><V38/><F133/><W59/><G135/><T10/><N who="0" m="2048" /><DORA hai="134" /><T103/><D103/><U108/><E108/><V101/><F101/><W74/><G74/><T47/><D47/><U22/><E13/><V14/><F4/><W29/><G19/><T34/><D34/><U5/><E5/><V51/><F1/><W16/><G16/><T61/><D83/><U28/><E28/><N who="3" m="10826" /><G59/><T132/><D132/><U109/><E56/><V58/><F18/><W77/><G77/><T116/><D116/><U110/><E119/><V111/><F117/><W27/><G27/><T54/><D86/><U6/><E6/><V114/><F111/><W85/><G7/><T118/><D118/><U107/><E107/><V49/><F114/><W37/><G37/><T36/><D36/><U33/><E33/><V95/><F80/><N who="3" m="49319" /><G87/><T97/><D97/><U26/><E72/><V32/><F32/><W21/><G21/><T50/><D50/><U66/><E110/><V71/><F95/><N who="0" m="36362" /><D54/><AGARI ba="0,0" hai="45,48,54,96,98" m="49319,10826,49259" machi="54" ten="30,1000,0" yaku="19,1" doraHai="115,134" who="3" fromWho="0" sc="250,-10,250,0,250,0,250,10" /><INIT seed="1,0,0,3,3,41" ten="240,250,250,260" oya="1" hai0="56,78,19,28,118,0,40,12,24,122,53,6,38" hai1="79,25,131,72,104,34,106,35,16,61,37,102,76" hai2="117,58,33,98,124,27,15,10,103,63,36,125,42" hai3="114,128,133,29,45,100,32,127,110,7,13,69,52"/><U5/><E37/><V11/><F117/><W65/><G114/><T21/><D118/><U59/><E131/><V86/><F86/><W96/><G128/><T109/><D109/><U132/><E132/><V20/><F33/><W50/><G110/><T93/><D122/><U66/><E5/><V67/><F42/><W14/><G133/><T73/><D6/><U46/><E72/><V81/><F81/><W49/><G127/><N who="2" m="48713" /><F15/><W113/><G113/><T31/><D0/><U47/><E35/><V77/><F77/><N who="1" m="29769" /><E106/><N who="2" m="63863" /><F36/><W60/><G7/><T23/><D93/><U116/><E116/><V68/><F68/><W83/><G83/><T8/><D78/><U4/><E104/><V134/><F134/><W123/><G123/><T101/><D73/><U2/><E34/><V84/><F84/><W80/><G80/><T126/><D126/><U129/><E129/><V94/><F94/><W43/><G29/><AGARI ba="0,0" hai="10,11,20,27,29,58,63,67" m="63863,48713" machi="29" ten="30,1000,0" yaku="18,1" doraHai="41" who="2" fromWho="3" sc="240,0,250,0,250,10,260,-10" /><INIT seed="2,0,0,2,1,58" ten="240,250,260,250" oya="2" hai0="120,35,128,100,71,93,12,121,67,123,23,104,114" hai1="68,88,80,77,36,124,19,66,49,40,51,90,134" hai2="69,106,10,33,118,42,13,87,31,99,91,3,28" hai3="102,89,122,135,21,65,32,105,17,126,54,64,75"/><V1/><F118/><W61/><G122/><T27/><D114/><U4/><E134/><V7/><F69/><W14/><G32/><T16/><D128/><U50/><E124/><V96/><F42/><W44/><G75/><T60/><D93/><U72/><E4/><V76/><F76/><W18/><G126/><T81/><D81/><U116/><E116/><V109/><F109/><W52/><G135/><T101/><REACH who="0" step="1"/><D104/><REACH who="0" ten="230,250,260,250" step="2"/><U117/><E117/><V38/><F106/><W92/><G105/><T70/><D70/><U8/><E68/><V85/><F99/><W83/><G83/><T103/><D103/><U26/><E80/><V6/><F96/><W78/><G102/><T73/><D73/><U84/><E72/><V112/><F112/><W132/><G132/><T113/><D113/><U0/><E84/><V46/><F87/><W37/><G78/><T53/><D53/><U107/><E77/><V39/><F85/><W2/><G92/><T25/><D25/><U82/><E82/><V47/><F91/><W127/><G89/><T119/><D119/><U45/><E107/><V95/><F95/><W5/><G127/><T94/><D94/><U20/><E90/><V22/><F1/><W29/><G2/><T129/><D129/><U43/><E88/><V110/><F3/><W115/><G54/><T74/><D74/><U111/><E111/><V125/><F110/><W9/><G115/><T11/><D11/><U133/><E133/><V79/><F79/><W24/><G52/><T57/><D57/><U130/><E130/><V34/><F125/><W56/><G65/><RYUUKYOKU ba="0,1" sc="230,15,250,-15,260,-15,250,15" hai0="12,16,23,27,35,60,67,71,100,101,120,121,123" hai3="5,9,14,17,18,21,24,29,37,44,56,61,64" /><INIT seed="3,1,1,3,3,96" ten="245,235,245,265" oya="3" hai0="103,16,111,84,64,134,21,10,113,15,57,83,6" hai1="40,47,86,82,1,87,77,4,91,46,120,17,105" hai2="125,126,127,112,67,19,65,102,33,9,95,2,118" hai3="28,51,41,123,115,7,101,0,58,27,24,69,26"/><W29/><G115/><T52/><D111/><U72/><E120/><V3/><F118/><W130/><G69/><T55/><D134/><U44/><E105/><V36/><F36/><W129/><G123/><T78/><D113/><U73/><E40/><V25/><F112/><W74/><G74/><T114/><D114/><U117/><E117/><V43/><F43/><W63/><G0/><N who="2" m="41" /><F9/><W93/><G7/><T20/><D103/><U66/><E66/><N who="2" m="25099" /><F19/><W31/><G63/><N who="0" m="37999" /><D21/><U133/><E133/><V32/><F25/><AGARI ba="1,1" hai="6,10,15,16,20,25,52,55,78,83,84" m="37999" machi="25" ten="30,3900,0" yaku="8,1,54,2" doraHai="96" who="0" fromWho="2" sc="245,52,235,0,245,-42,265,0" /><INIT seed="4,0,0,4,5,74" ten="297,235,203,265" oya="0" hai0="60,85,32,125,6,44,76,56,10,68,120,101,99" hai1="59,61,129,90,49,1,122,13,69,29,72,77,116" hai2="55,91,62,20,35,78,70,40,132,126,38,63,12" hai3="48,103,104,11,94,96,4,31,58,21,93,95,24"/><T46/><D120/><U66/><E122/><V43/><F35/><W130/><G130/><T84/><D32/><U41/><E116/><V115/><F132/><W113/><G113/><T71/><D125/><U134/><E1/><V14/><F115/><W75/><G75/><T106/><D71/><U15/><E134/><V22/><F126/><W124/><G124/><T82/><D84/><U0/><E0/><V79/><F70/><W105/><G105/><T112/><D68/><U45/><E129/><V88/><F55/><W30/><G30/><T89/><D89/><U80/><E29/><V118/><F38/><W100/><G100/><T5/><D5/><U27/><E27/><V65/><F65/><W102/><G102/><T16/><D16/><U42/><E42/><V86/><F86/><W87/><G87/><T119/><D119/><AGARI ba="0,0" hai="12,14,20,22,40,43,62,63,78,79,88,91,118,119" machi="119" ten="25,8000,1" yaku="22,2,52,2,54,1" doraHai="74" who="2" fromWho="0" sc="297,-80,235,0,203,80,265,0" /><INIT seed="5,0,0,3,5,80" ten="217,235,283,265" oya="1" hai0="31,72,91,113,28,69,62,11,32,125,45,79,87" hai1="83,53,66,131,88,43,106,54,74,1,18,9,84" hai2="56,81,100,133,63,26,42,47,98,55,6,112,94" hai3="132,16,134,97,44,50,2,128,130,41,5,33,4"/><U19/><E106/><V75/><F133/><N who="3" m="51307" /><G33/><T7/><D113/><U99/><E131/><N who="3" m="50218" /><G2/><T117/><D125/><U135/><E135/><V10/><F112/><W22/><G97/><T65/><D117/><U37/><E66/><V23/><F81/><W36/><G36/><T111/><D111/><U127/><E127/><V21/><F26/><AGARI ba="0,0" hai="4,5,16,22,26,41,44,50" m="50218,51307" machi="26" ten="30,3900,0" yaku="20,1,19,1,54,1" doraHai="80" who="3" fromWho="2" sc="217,0,235,0,283,-39,265,39" owari="217,-28.3,235,-16.5,244,4.4,304,40.4" /></mjloggm>