<mjloggm ver="2.3"><GO type="225" lobby="0"/><UN n0="%E7%B4%94%E6%BD%94%E3%83%94%E3%83%A9%E3%83%8B%E3%82%A2" n1="%E3%81%82%E3%81%84%E3%81%82%E3%81%8A%E3%81%84" n2="%E6%97%A5%E6%9B%9C%E6%97%A5%E3%82%88%E3%82%8A%E3%81%AE%E4%BD%BF%E8%80%85" n3="%E3%81%AF%E3%82%88%E3%81%8A%E3%81%98%E3%81%95%E3%82%93" dan="16,18,17,16" rate="2194.96,2184.94,2203.98,2214.01" sx="M,M,M,M"/><TAIKYOKU oya="0"/><INIT seed="0,0,0,5,5,93" ten="250,250,250,250" oya="0" hai0="9,97,83,100,36,103,26,46,42,78,121,45,63" hai1="124,41,107,64,10,23,86,123,126,108,29,35,37" hai2="98,52,43,135,81,14,82,77,128,53,7,112,99" hai3="114,113,79,129,85,21,59,44,116,57,118,95,101"/><T131/><D121/><U71/><E123/><V66/><F112/><W58/><G129/><T117/><D117/><U125/><E107/><V28/><F128/><W31/><G114/><T51/><D131/><U76/><E108/><V49/><F66/><W133/><G113/><T80/><D100/><U90/><E76/><V94/><F28/><W70/><G70/><T20/><D63/><N who="1" m="40351" /><E35/><V18/><F7/><W105/><G133/><T4/><D78/><U88/><E10/><N who="2" m="6487" /><F135/><W34/><G34/><T32/><D32/><U50/><E37/><V6/><F6/><W75/><G44/><T89/><D89/><N who="1" m="34411" /><E86/><N who="2" m="48431" /><F82/><W1/><G1/><T25/><D25/><N who="1" m="16575" /><E50/><V68/><F68/><W84/><G105/><T73/><D73/><U30/><E30/><V119/><F119/><W33/><G33/><T13/><D26/><U132/><E132/><V22/><F22/><W48/><G75/><T39/><D20/><U109/><E109/><V11/><F11/><W61/><G48/><T96/><D36/><U134/><E134/><V47/><F94/><W2/><G2/><T130/><D130/><U74/><E74/><V106/><F106/><W12/><G61/><T87/><D83/><U92/><E92/><V17/><F17/><N who="3" m="10407" /><G31/><T5/><D5/><U24/><E24/><V60/><F60/><W15/><G15/><T40/><D103/><U67/><E67/><V72/><F72/><W127/><G116/><T56/><D56/><U27/><E27/><V38/><F38/><W16/><G118/><T55/><D42/><AGARI ba="0,0" hai="41,42,124,125,126" m="16575,34411,40351" machi="42" ten="40,2600,0" yaku="18,1,54,1" doraHai="93" who="1" fromWho="0" sc="250,-26,250,26,250,0,250,0" /><INIT seed="1,0,0,0,2,28" ten="224,276,250,250" oya="1" hai0="77,14,10,2,90,99,85,107,97,104,106,38,25" hai1="120,127,37,22,79,101,32,94,72,47,88,66,126" hai2="131,55,110,125,112,122,105,18,91,41,17,54,7" hai3="9,43,20,34,5,52,58,11,133,64,117,60,35"/><U15/><E120/><V48/><F105/><W80/><G43/><T3/><D38/><U21/><E32/><V62/><F122/><W78/><G133/><T119/><D119/><U57/><E101/><V51/><F7/><W24/><G64/><T96/><D77/><U4/><E4/><V93/><F110/><W123/><G117/><T118/><D118/><U135/><E135/><V67/><F125/><N who="1" m="47625" /><E15/><V75/><F75/><W130/><G130/><T30/><D14/><U6/><E6/><V71/><F41/><W42/><G42/><T102/><D102/><U108/><E47/><V82/><F82/><W111/><G111/><T8/><D3/><U61/><E37/><V73/><F73/><W132/><G132/><T19/><D19/><U89/><E108/><V98/><F131/><W23/><G23/><N who="1" m="8714" /><E94/><V113/><F113/><W59/><G59/><T121/><D2/><U45/><E45/><V109/><F112/><W31/><G123/><T115/><D115/><U53/><E66/><V36/><F36/><W76/><G76/><T128/><D128/><U0/><E0/><V116/><F116/><W1/><G11/><T29/><D121/><U124/><N who="1" m="47633" /><U129/><DORA hai="69" /><E129/><V87/><F109/><W68/><G68/><T70/><D70/><U13/><E13/><V63/><F71/><W92/><G92/><T86/><D29/><U81/><AGARI ba="0,0" hai="53,57,61,72,79,81,88,89" m="8714,47633" machi="81" ten="50,4800,0" yaku="18,1,54,1" doraHai="28,69" who="1" fromWho="1" sc="224,-16,276,48,250,-16,250,-16" /><INIT seed="1,1,0,2,0,119" ten="208,324,234,234" oya="1" hai0="68,35,1,75,130,112,90,59,93,91,77,83,70" hai1="82,7,31,32,101,55,50,45,133,96,108,26,94" hai2="49,33,0,111,118,95,19,86,39,109,88,110,115" hai3="30,103,124,99,122,67,85,63,25,87,29,46,4"/><U128/><E133/><V10/><F118/><W13/><G124/><T28/><D112/><U38/><E128/><V16/><F115/><W121/><G46/><T17/><D130/><U123/><E123/><N who="3" m="47114" /><G30/><T20/><D1/><U102/><E7/><N who="2" m="1383" /><F39/><W62/><G62/><T12/><D90/><U84/><E38/><V114/><F114/><W3/><G13/><T27/><REACH who="0" step="1"/><D59/><REACH who="0" ten="198,324,234,234" step="2"/><U24/><E108/><V127/><F127/><W120/><G3/><T104/><D104/><U107/><E107/><V89/><F33/><N who="3" m="20655" /><G4/><T125/><D125/><U100/><E24/><V74/><F74/><W80/><G80/><T2/><D2/><U72/><E72/><V78/><F78/><AGARI ba="1,1" hai="26,31,32,45,50,55,78,82,84,94,96,100,101,102" machi="78" ten="30,1500,0" yaku="7,1" doraHai="119" who="1" fromWho="2" sc="198,0,324,28,234,-18,234,0" /><INIT seed="1,2,0,1,2,72" ten="198,352,216,234" oya="1" hai0="134,3,92,37,89,14,64,91,2,21,49,9,44" hai1="102,124,22,50,23,56,32,39,65,103,12,105,116" hai2="98,33,17,7,135,15,107,83,11,84,52,46,126" hai3="45,6,54,95,68,57,62,104,41,25,28,87,96"/><U75/><E39/><V5/><F33/><W34/><G6/><T97/><D134/><U47/><E32/><V73/><F73/><W31/><G31/><T86/><D37/><U70/><E70/><V59/><F135/><W8/><G8/><T19/><D64/><U1/><E1/><V106/><F126/><W48/><G68/><T51/><D51/><U10/><E75/><V58/><F107/><W120/><G120/><T80/><REACH who="0" step="1"/><D21/><REACH who="0" ten="188,352,216,234" step="2"/><U35/><E23/><V27/><F106/><W112/><G104/><T81/><D81/><U101/><E22/><N who="2" m="13775" /><F7/><W18/><G112/><T85/><D85/><U111/><E105/><V16/><F98/><W66/><G87/><T76/><D76/><U109/><E35/><V127/><F127/><W114/><G114/><T30/><D30/><U129/><E124/><V90/><F5/><W69/><G18/><T60/><D60/><U113/><E113/><V26/><F26/><W24/><G28/><T108/><D108/><U82/><E111/><V128/><F128/><W93/><G34/><T110/><D110/><U61/><E129/><V130/><F130/><W0/><G24/><T94/><D94/><U77/><E109/><V36/><F36/><N who="3" m="21671" /><G25/><T125/><D125/><U74/><E82/><V123/><F123/><W78/><G78/><T131/><D131/><U100/><E77/><V63/><F63/><W118/><G95/><T29/><D29/><U79/><E79/><V43/><F83/><W133/><G133/><T20/><D20/><U38/><N who="1" m="25600" /><DORA hai="55" /><U13/><E74/><V117/><F84/><W119/><G62/><RYUUKYOKU ba="2,1" sc="188,30,352,-10,216,-10,234,-10" hai0="2,3,9,14,19,44,49,80,86,89,91,92,97" /><INIT seed="2,3,1,2,5,44" ten="218,342,206,224" oya="2" hai0="36,107,28,33,118,48,72,7,69,46,120,55,67" hai1="68,15,86,16,121,45,37,39,114,101,31,58,100" hai2="17,115,70,132,77,47,117,83,13,49,131,97,96" hai3="133,74,79,84,135,134,98,76,51,123,88,32,40"/><V61/><F115/><W112/><G32/><T30/><D120/><U56/><E68/><V60/><F117/><W29/><G123/><T65/><D118/><U52/><E114/><V127/><F127/><W73/><G112/><T116/><D116/><U104/><E121/><V111/><F131/><W82/><G29/><N who="0" m="11371" /><D72/><N who="3" m="27753" /><G98/><N who="2" m="37993" /><F70/><W66/><G66/><N who="0" m="25099" /><D107/><U63/><E31/><V110/><F132/><W89/><G89/><T25/><D36/><U81/><E39/><V34/><F34/><W126/><G126/><T106/><D106/><U119/><E104/><V5/><F5/><W9/><G9/><T71/><D69/><U125/><E125/><V128/><F128/><W1/><G1/><T130/><D71/><U35/><E35/><V20/><F83/><W78/><G40/><T108/><D33/><U53/><E45/><V93/><F93/><N who="3" m="54407" /><G51/><T102/><D130/><U92/><E37/><V24/><F77/><W21/><G21/><T11/><D25/><U12/><E12/><V54/><F24/><W80/><AGARI ba="3,1" hai="76,78,79,80,82,133,134,135" m="54407,27753" machi="80" ten="40,8000,1" yaku="20,1,34,2,54,1" doraHai="44" who="3" fromWho="3" sc="218,-23,342,-23,206,-43,224,99" /><INIT seed="3,0,0,5,3,118" ten="195,319,163,323" oya="3" hai0="97,48,62,126,113,35,49,22,101,61,19,30,80" hai1="26,7,0,134,58,60,13,79,106,124,2,39,115" hai2="76,67,71,50,89,18,73,128,56,82,135,70,3" hai3="27,33,116,1,65,81,43,14,66,104,63,37,86"/><W91/><G116/><T5/><D113/><U85/><E106/><V54/><F3/><W105/><G1/><T20/><D5/><U52/><E39/><V40/><F128/><W123/><G123/><T9/><D126/><U55/><E115/><V64/><F135/><W87/><G66/><T34/><D80/><N who="1" m="47263" /><E124/><V17/><F40/><W59/><G43/><T132/><D9/><N who="1" m="4287" /><E0/><V99/><F99/><W8/><G37/><T32/><D49/><U125/><E2/><V42/><F42/><W51/><G51/><T94/><D48/><U114/><E114/><V28/><F28/><W84/><G104/><T24/><D132/><U117/><E117/><V77/><F77/><W47/><G105/><T53/><D53/><N who="1" m="33871" /><E125/><V21/><F89/><W130/><G130/><T74/><D74/><U90/><E134/><V110/><F110/><W127/><G127/><T83/><D83/><U46/><E46/><V108/><F108/><W103/><G47/><T41/><D41/><U57/><E57/><V95/><F95/><W15/><G103/><T88/><D101/><U112/><E112/><V78/><F78/><W23/><G33/><T4/><D4/><U133/><E133/><V92/><F92/><N who="3" m="54375" /><G8/><T10/><D10/><U98/><E26/><N who="2" m="14639" /><F18/><N who="3" m="12791" /><G87/><T36/><D36/><U12/><E12/><V100/><F100/><W122/><G122/><T111/><D111/><U72/><E72/><V69/><F73/><W131/><G131/><T16/><D30/><U109/><E109/><V38/><F38/><W120/><G120/><T107/><D107/><U29/><E29/><V25/><F25/><AGARI ba="0,0" hai="16,19,20,22,24,25,32,34,35,61,62,88,94,97" machi="25" ten="40,8000,1" yaku="6,1,9,1,54,2" doraHai="118" who="0" fromWho="2" sc="195,80,319,0,163,-80,323,0" owari="275,-12.5,319,11.9,83,-41.7,323,42.3" /></mjloggm>