<mjloggm ver="2.3"><GO type="169" lobby="0"/><UN n0="%E7%B4%94%E6%BD%94%E3%83%94%E3%83%A9%E3%83%8B%E3%82%A2" n1="%E3%81%A1%E3%82%83%E3%81%B0%E3%82%8A%E3%83%BC%E3%82%84" n2="%E8%A1%A8%E7%A4%BA%E4%BE%A1%E6%A0%BC%E3%82%88%E3%82%8A%E5%8D%8A%E9%A1%8D" n3="%44%61%6C%69" dan="16,16,16,17" rate="2189.65,2116.01,2071.64,2186.37" sx="M,M,M,M"/><TAIKYOKU oya="0"/><INIT seed="0,0,0,3,2,104" ten="250,250,250,250" oya="0" hai0="19,106,3,121,107,109,73,14,46,81,91,88,1" hai1="9,99,43,45,86,78,13,79,40,94,124,35,102" hai2="115,55,96,38,118,69,134,48,15,21,92,58,39" hai3="54,85,52,98,90,27,23,133,10,62,12,128,70"/><T89/><D121/><U93/><E124/><V66/><F115/><W2/><G2/><T111/><D46/><U37/><E35/><V47/><F134/><W125/><G125/><T83/><D3/><U113/><E113/><V63/><F118/><W72/><G72/><T84/><D1/><U87/><E43/><V75/><F75/><W28/><G128/><T122/><D122/><U41/><E41/><V77/><F77/><W97/><G133/><T22/><D73/><U71/><E71/><V110/><F110/><N who="0" m="41994" /><D81/><U101/><E87/><V126/><F126/><W4/><G70/><T130/><D130/><U131/><E131/><V49/><F21/><W119/><G119/><T103/><D103/><U8/><E8/><V65/><F15/><W18/><G28/><T100/><D100/><U0/><E0/><V5/><F5/><W26/><G26/><T117/><D117/><U105/><E105/><AGARI ba="0,0" hai="14,19,22,83,84,88,89,91,105,106,107" m="41994" machi="105" ten="30,5800,0" yaku="14,1,10,1,54,1" doraHai="104" who="0" fromWho="1" sc="250,58,250,-58,250,0,250,0" /><INIT seed="0,1,0,5,5,55" ten="308,192,250,250" oya="0" hai0="22,45,33,87,54,26,79,94,122,81,58,8,31" hai1="68,49,89,108,63,5,2,25,100,59,95,111,11" hai2="12,35,46,116,99,128,93,91,132,124,107,32,130" hai3="40,76,98,16,62,50,117,83,29,47,88,90,74"/><T30/><D122/><U96/><E68/><V133/><F116/><W14/><G117/><T52/><D33/><U118/><E118/><V105/><F46/><W39/><G62/><T64/><D64/><U71/><E71/><V48/><F12/><W69/><G69/><T82/><D82/><U102/><E49/><V113/><F48/><W65/><G65/><T23/><D54/><U1/><E1/><V4/><F4/><W13/><G29/><T73/><D45/><U51/><E51/><V28/><F113/><W38/><G14/><T34/><D30/><U77/><E77/><V53/><F53/><W60/><G60/><T61/><D73/><U75/><E75/><V92/><F28/><W127/><G127/><T19/><D94/><U10/><E10/><V125/><F92/><W20/><REACH who="3" step="1"/><G98/><REACH who="3" ten="308,192,250,240" step="2"/><T114/><D114/><U7/><E25/><V42/><F32/><W112/><G112/><T17/><REACH who="0" step="1"/><D8/><REACH who="0" ten="298,192,250,240" step="2"/><U57/><E63/><V70/><F35/><W27/><G27/><T104/><D104/><N who="2" m="40010" /><F70/><W85/><G85/><T84/><D84/><U129/><E11/><V97/><F97/><W37/><AGARI ba="1,2" hai="13,16,20,37,38,39,40,47,50,74,76,83,88,90" machi="37" ten="30,7900,0" yaku="1,1,0,1,54,2,53,0" doraHai="55" doraHaiUra="121" who="3" fromWho="3" sc="298,-40,192,-21,250,-21,240,102" /><INIT seed="1,0,0,1,2,34" ten="258,171,229,342" oya="1" hai0="17,58,87,11,79,77,47,75,61,28,55,50,12" hai1="4,104,69,125,84,124,45,120,40,13,22,76,1" hai2="39,112,80,106,3,35,16,93,49,29,44,110,107" hai3="90,123,20,74,21,2,135,91,116,133,8,7,71"/><U121/><E104/><V73/><F110/><W36/><G123/><N who="1" m="47178" /><E69/><V126/><F112/><W88/><G116/><T24/><D75/><U10/><E76/><V59/><F39/><W6/><G71/><T129/><D129/><U30/><E84/><V131/><F131/><W53/><G74/><T25/><D87/><U117/><E45/><V70/><F29/><W103/><G36/><T85/><D85/><U67/><E67/><V114/><F35/><W134/><G103/><T118/><D118/><U109/><E40/><V31/><F31/><W83/><G7/><T5/><D17/><N who="1" m="10543" /><E117/><V97/><F70/><W78/><G78/><T9/><D9/><U119/><E119/><V99/><F106/><W122/><G83/><T130/><D130/><U63/><E63/><V101/><F80/><W132/><G133/><T48/><D48/><U65/><E65/><V33/><F73/><W102/><G122/><T64/><D24/><U113/><E113/><V38/><F114/><W27/><G102/><T105/><D105/><U51/><E51/><V57/><F107/><W95/><G53/><T108/><D108/><U128/><E128/><V41/><F38/><W94/><G27/><T127/><D77/><U115/><E115/><V56/><F101/><W98/><G91/><T18/><D79/><U42/><E109/><V23/><F41/><W37/><G37/><T96/><D96/><AGARI ba="0,0" hai="2,6,8,20,21,88,90,94,95,96,98,132,134,135" machi="96" ten="40,8000,1" yaku="9,1,20,1,52,1,54,1" doraHai="34" who="3" fromWho="0" sc="258,-80,171,0,229,0,342,80" /><INIT seed="2,0,0,0,5,33" ten="178,171,229,422" oya="2" hai0="45,70,87,44,71,57,0,88,39,20,124,74,73" hai1="118,54,35,104,40,125,82,105,13,48,126,120,122" hai2="23,132,49,85,3,58,12,110,11,38,36,19,2" hai3="63,112,128,111,59,53,6,29,115,79,72,119,99"/><V41/><F85/><W117/><G29/><T75/><D124/><N who="1" m="47723" /><E35/><V21/><F132/><W4/><G79/><T32/><D32/><U121/><E13/><V127/><F127/><W103/><G72/><T135/><D135/><U93/><E40/><V80/><F80/><W28/><G28/><T108/><D108/><U18/><E18/><V5/><F23/><W86/><G86/><T76/><D76/><U55/><E55/><V9/><F110/><W15/><G111/><T113/><D113/><N who="3" m="43593" /><G128/><T60/><D20/><U101/><E118/><N who="3" m="45066" /><G15/><T47/><D39/><U27/><E27/><V102/><F102/><W24/><G24/><T69/><D0/><U66/><E66/><V65/><F9/><W94/><AGARI ba="0,0" hai="4,6,53,59,63,94,99,103" m="45066,43593" machi="94" ten="30,1100,0" yaku="11,1" doraHai="33" who="3" fromWho="3" sc="178,-3,171,-3,229,-5,422,11" /><INIT seed="3,0,0,1,4,58" ten="175,168,224,433" oya="3" hai0="32,13,7,31,113,2,100,114,14,73,57,84,69" hai1="22,82,47,28,10,17,43,24,67,37,52,3,91" hai2="60,70,77,98,64,15,68,115,87,65,1,83,56" hai3="25,102,88,130,34,35,131,101,8,118,86,29,45"/><W75/><G75/><T127/><D69/><U48/><E67/><V62/><F1/><W20/><G118/><T9/><D73/><U21/><E3/><V54/><F115/><N who="0" m="44042" /><D100/><U104/><E104/><V119/><F98/><W61/><G8/><T59/><D127/><U76/><E10/><V71/><F119/><W116/><G116/><T122/><D122/><U126/><E91/><V123/><F123/><W26/><G45/><T89/><D31/><U125/><E82/><V129/><F129/><N who="3" m="49163" /><G35/><T112/><N who="0" m="44050" /><T80/><DORA hai="92" /><D32/><U103/><E76/><V39/><F39/><W6/><G6/><T16/><D13/><U124/><E103/><V90/><F15/><W133/><G133/><T19/><D19/><U4/><E4/><V128/><F128/><W5/><G5/><T94/><D80/><U106/><E106/><V23/><F23/><AGARI ba="0,0" hai="2,7,9,14,16,23,57,59,84,89,94" m="44050" machi="23" ten="40,2600,0" yaku="11,1,54,1" doraHai="58,92" who="0" fromWho="2" sc="175,26,168,0,224,-26,433,0" /><INIT seed="4,0,0,0,3,100" ten="201,168,198,433" oya="0" hai0="25,6,30,38,103,59,92,79,44,72,91,120,67" hai1="55,74,39,65,43,12,40,81,98,32,9,125,61" hai2="4,64,22,85,93,117,16,66,7,78,56,24,90" hai3="1,119,88,84,135,105,97,121,51,123,108,33,128"/><T41/><D120/><N who="3" m="46153" /><G1/><T31/><D6/><U14/><E32/><V126/><F126/><W133/><G33/><T129/><D129/><U27/><E125/><V96/><F117/><W2/><G2/><T87/><D103/><U77/><E27/><V53/><F4/><W3/><G3/><T42/><D42/><U26/><E26/><V34/><F7/><W70/><G70/><T21/><D72/><U110/><E110/><V116/><F116/><W104/><G119/><T113/><D113/><U50/><E98/><V115/><F115/><W106/><G108/><T0/><D0/><U15/><E9/><V109/><F109/><W80/><G128/><T46/><D46/><U37/><E37/><V127/><F127/><W57/><G97/><T101/><D101/><U19/><E19/><V130/><F34/><W124/><G124/><T8/><D8/><U47/><REACH who="1" step="1"/><E39/><REACH who="1" ten="201,158,198,433" step="2"/><V18/><F18/><W35/><G35/><T95/><D31/><U114/><E114/><V76/><F130/><W60/><G51/><T82/><D79/><N who="2" m="30250" /><F96/><W89/><G89/><T107/><D107/><N who="3" m="27393" /><W28/><DORA hai="23" /><G28/><T134/><D30/><U29/><E29/><V48/><AGARI ba="0,1" hai="16,22,24,48,53,56,64,66,85,90,93" m="30250" machi="48" ten="30,4000,0" yaku="8,1,52,1,54,1" doraHai="100,23" who="2" fromWho="2" sc="201,-20,158,-10,198,50,433,-10" /><INIT seed="5,0,0,1,5,94" ten="181,148,248,423" oya="1" hai0="42,47,3,129,76,12,27,6,81,134,125,32,51" hai1="15,82,88,89,118,36,65,126,7,117,38,135,11" hai2="103,57,24,68,130,1,56,115,127,17,49,122,39" hai3="96,50,26,133,119,48,13,54,35,71,53,31,93"/><U110/><E126/><V5/><F39/><W23/><G119/><T29/><D125/><U33/><E135/><V73/><F122/><W44/><G71/><T79/><D134/><U84/><E33/><V87/><F73/><W120/><G120/><T92/><D129/><U83/><E110/><V77/><F130/><W86/><G133/><T18/><D92/><U99/><E65/><V0/><F68/><W102/><G35/><T20/><REACH who="0" step="1"/><D81/><REACH who="0" ten="171,148,248,423" step="2"/><U43/><E99/><V107/><F127/><W34/><G93/><T16/><D16/><U14/><E118/><V124/><F17/><W75/><G96/><T30/><D30/><U106/><E106/><V128/><F128/><W37/><G31/><T90/><D90/><U55/><E117/><V97/><F124/><W70/><G102/><T101/><D101/><U121/><E121/><V63/><F103/><W40/><G34/><T25/><D25/><U58/><E89/><V28/><F24/><W64/><G26/><T52/><D52/><U21/><E83/><V78/><F28/><W95/><G53/><T98/><D98/><U19/><REACH who="1" step="1"/><E43/><REACH who="1" ten="171,138,248,423" step="2"/><V80/><F97/><W66/><G40/><T113/><D113/><U74/><E74/><V9/><F107/><W104/><G75/><T60/><D60/><AGARI ba="0,2" hai="7,11,14,15,19,21,36,38,55,58,60,82,84,88" machi="60" ten="30,5800,0" yaku="1,1,7,1,54,1,53,0" doraHai="94" doraHaiUra="131" who="1" fromWho="0" sc="171,-58,138,78,248,0,423,0" /><INIT seed="5,1,0,1,0,22" ten="113,216,248,423" oya="1" hai0="99,102,132,129,87,127,43,6,83,95,76,90,59" hai1="61,36,117,32,30,74,68,41,37,66,56,112,79" hai2="12,73,51,38,110,84,26,128,19,21,60,78,39" hai3="0,55,2,131,104,80,58,72,107,114,103,15,31"/><U10/><E117/><V45/><F73/><W100/><G31/><T106/><D6/><U53/><E112/><V65/><F128/><W63/><G131/><T82/><D129/><U49/><E10/><V25/><F110/><W11/><G114/><T1/><D1/><U20/><E32/><V120/><F120/><W3/><G72/><T94/><D43/><U75/><E79/><V44/><F44/><W111/><G111/><T70/><D70/><U28/><E28/><V4/><F4/><W81/><G104/><T109/><D109/><U89/><E89/><V23/><F84/><W97/><REACH who="3" step="1"/><G103/><REACH who="3" ten="113,216,248,413" step="2"/><T88/><D132/><U119/><E119/><V115/><F115/><W5/><AGARI ba="1,1" hai="0,2,3,5,11,15,55,58,63,80,81,97,100,107" machi="5" ten="30,4000,0" yaku="1,1,2,1,0,1,53,0" doraHai="22" doraHaiUra="69" who="3" fromWho="3" sc="113,-11,216,-21,248,-11,413,53" /><INIT seed="6,0,0,3,1,95" ten="102,195,237,466" oya="2" hai0="75,112,3,22,116,6,12,40,69,61,125,45,23" hai1="126,33,110,90,11,78,49,98,120,74,134,104,127" hai2="118,122,86,101,105,17,21,133,93,87,107,132,14" hai3="124,70,30,88,135,113,25,50,29,10,16,43,131"/><V28/><F122/><W44/><G70/><T65/><D112/><U15/><E110/><V129/><F118/><W111/><G111/><T79/><D125/><N who="1" m="47627" /><E120/><V52/><F129/><W80/><G135/><N who="2" m="51785" /><F28/><W130/><G124/><T35/><D35/><U46/><E134/><V57/><F93/><W63/><G113/><T114/><D114/><U67/><E67/><V55/><F55/><W26/><G63/><T24/><D116/><U109/><E33/><V115/><F115/><W91/><G130/><T0/><D75/><U119/><E109/><V18/><F18/><W117/><G131/><T51/><D79/><U53/><E119/><V68/><F68/><W96/><G117/><T85/><D6/><U54/><E54/><V37/><F37/><W56/><G56/><T27/><D12/><U13/><E11/><V71/><F71/><W99/><G80/><T94/><D65/><U8/><E8/><V20/><F21/><N who="3" m="13479" /><G10/><T9/><D9/><U64/><E64/><V32/><F32/><W66/><G66/><T34/><D34/><U41/><E53/><V1/><F1/><W73/><G73/><T60/><D69/><U38/><E38/><V108/><F108/><W59/><G59/><T48/><D0/><U89/><E74/><V39/><F39/><W47/><G47/><N who="0" m="25703" /><D3/><U62/><E46/><V81/><F101/><W2/><G2/><T121/><D121/><U36/><E36/><V31/><F31/><N who="3" m="11787" /><G26/><N who="0" m="9771" /><D23/><U72/><E72/><V100/><F100/><W84/><G84/><N who="2" m="32297" /><F81/><W102/><G102/><T123/><D123/><U4/><E41/><V58/><F58/><RYUUKYOKU ba="0,0" sc="102,-15,195,-15,237,15,466,15" hai2="14,17,20,52,57,105,107" hai3="43,44,50,88,91,96,99" /><INIT seed="6,1,0,3,2,7" ten="87,180,252,481" oya="2" hai0="94,35,119,107,70,92,13,110,80,27,10,9,48" hai1="79,131,68,125,44,25,103,91,99,56,90,89,69" hai2="104,105,62,93,127,129,29,121,76,97,116,21,32" hai3="58,41,71,113,77,88,86,135,52,115,85,17,72"/><V31/><F121/><W39/><G71/><T47/><D70/><U117/><E117/><V87/><F116/><W34/><G34/><T118/><D107/><U46/><E125/><V122/><F122/><W96/><G135/><T38/><D38/><U65/><E131/><V78/><F32/><W60/><G72/><T83/><D110/><U11/><E79/><V126/><F62/><W2/><G2/><T28/><D118/><U20/><E68/><V132/><F87/><W26/><G77/><T84/><D119/><U102/><E69/><V111/><F93/><N who="3" m="56359" /><G41/><T22/><D35/><U106/><E103/><V63/><F63/><W114/><G39/><T64/><D64/><U18/><E65/><V23/><F97/><W53/><G53/><T57/><D57/><U1/><E56/><V54/><F54/><W37/><G37/><T59/><D59/><U100/><E100/><V98/><F98/><W49/><G49/><T51/><D48/><U6/><AGARI ba="1,0" hai="1,6,11,18,20,25,44,46,89,90,91,99,102,106" machi="6" ten="30,2000,0" yaku="0,1,52,1" doraHai="7" who="1" fromWho="1" sc="87,-6,180,23,252,-11,481,-6" /><INIT seed="7,0,0,1,3,120" ten="81,203,241,475" oya="3" hai0="93,127,29,82,4,80,77,23,119,99,24,87,91" hai1="74,73,51,58,60,13,67,21,64,110,44,68,17" hai2="34,118,92,36,26,86,122,19,11,130,131,41,100" hai3="33,62,15,115,14,70,96,79,30,45,42,109,123"/><W3/><G15/><T106/><D127/><U27/><E110/><V20/><F118/><W102/><G14/><T48/><D119/><U76/><E76/><V129/><F11/><W37/><G79/><T65/><D65/><U95/><E95/><V105/><F34/><W112/><G3/><T0/><D0/><U53/><E67/><V28/><F122/><W117/><G62/><T10/><D106/><U89/><E89/><N who="2" m="53303" /><F105/><W98/><G45/><T107/><D107/><U61/><E13/><V133/><F100/><W111/><G42/><T113/><D113/><U8/><E8/><V134/><F28/><W35/><G30/><T71/><D71/><U49/><REACH who="1" step="1"/><E61/><REACH who="1" ten="81,193,241,475" step="2"/><V16/><F19/><W126/><G111/><T116/><D116/><U114/><E114/><V69/><F69/><W32/><G109/><T132/><D132/><N who="2" m="50794" /><F41/><AGARI ba="0,1" hai="17,21,27,41,44,49,51,53,58,60,64,68,73,74" machi="41" ten="30,2000,0" yaku="1,1,7,1,53,0" doraHai="120" doraHaiUra="135" who="1" fromWho="2" sc="81,0,193,30,241,-20,475,0" owari="81,-41.9,223,2.3,221,-17.9,475,57.5" /></mjloggm>