<mjloggm ver="2.3"><GO type="169" lobby="0"/><UN n0="%E3%83%80%E3%83%8B%E3%83%90%E3%83%81%E3%83%A7%E3%83%95" n1="%E2%91%A3%E3%82%BB%E3%83%B3%E3%83%81" n2="%E9%A2%A8%E3%81%A7%E9%B3%B4%E3%81%8F" n3="%52%65%61%6C%58" dan="17,18,16,16" rate="2197.76,2261.98,2176.34,2175.66" sx="M,M,M,F"/><TAIKYOKU oya="0"/><INIT seed="0,0,0,5,1,40" ten="250,250,250,250" oya="0" hai0="36,124,131,17,5,13,7,69,94,81,35,42,55" hai1="103,118,91,126,49,110,105,79,65,132,10,29,125" hai2="70,104,134,113,27,108,74,47,111,98,67,25,32" hai3="80,129,6,26,18,11,120,41,0,96,73,92,23"/><T51/><D69/><U3/><E29/><V57/><F113/><W45/><G129/><T84/><D35/><U128/><E65/><V16/><F74/><W30/><G120/><T21/><D124/><N who="1" m="47723" /><E10/><V60/><F134/><W2/><G2/><T1/><D131/><U115/><E3/><V117/><F117/><W68/><G68/><T116/><D116/><U77/><E49/><V85/><F85/><W95/><G96/><T15/><D1/><U88/><E128/><V43/><F57/><W99/><G99/><T130/><D130/><U48/><E48/><V66/><F66/><W76/><REACH who="3" step="1"/><G30/><REACH who="3" ten="250,250,250,240" step="2"/><T133/><D133/><U101/><E132/><V8/><F98/><W119/><G119/><T97/><D97/><U114/><E118/><V72/><F104/><W86/><G86/><T93/><D84/><U31/><E31/><V46/><F72/><W39/><AGARI ba="0,1" hai="0,6,11,18,23,26,39,41,45,73,76,80,92,95" machi="39" ten="20,12000,2" yaku="1,1,0,1,7,1,25,2,52,1,53,0" doraHai="40" doraHaiUra="44" who="3" fromWho="3" sc="250,-60,250,-30,250,-30,240,130" /><INIT seed="1,0,0,3,3,125" ten="190,220,220,370" oya="1" hai0="13,109,50,44,55,24,54,2,106,108,33,65,15" hai1="83,19,105,40,130,84,70,124,49,42,22,18,132" hai2="60,36,30,52,133,64,118,120,96,26,111,56,90" hai3="25,46,78,91,4,5,102,66,58,39,129,95,57"/><U63/><E105/><V134/><F36/><W20/><G78/><T53/><D2/><U8/><E124/><V11/><F118/><W80/><G58/><T41/><D106/><U61/><E132/><V48/><F120/><W74/><G102/><T99/><D65/><U72/><E72/><V86/><F111/><N who="0" m="42570" /><D99/><U112/><E112/><V27/><F96/><W10/><G80/><T14/><D24/><U51/><E70/><V73/><F73/><W77/><G77/><T128/><D33/><U131/><E8/><V1/><F1/><W32/><G32/><T103/><D103/><U3/><E3/><V28/><F11/><W113/><G113/><T17/><D128/><N who="1" m="49195" /><E51/><V104/><F104/><W75/><G10/><AGARI ba="0,0" hai="10,13,14,15,17,41,44,50,53,54,55" m="42570" machi="10" ten="30,1000,0" yaku="14,1" doraHai="125" who="0" fromWho="3" sc="190,10,220,0,220,0,370,-10" /><INIT seed="2,0,0,0,3,52" ten="200,220,220,360" oya="2" hai0="9,106,20,15,62,100,36,47,121,10,60,102,72" hai1="78,93,57,64,65,81,45,33,77,35,74,98,122" hai2="131,125,17,39,99,69,38,34,68,101,134,73,85" hai3="11,1,109,21,105,16,22,49,28,37,92,46,123"/><V108/><F34/><W30/><G123/><T135/><D121/><U48/><E122/><V53/><F73/><W14/><G105/><T4/><D72/><U95/><E78/><V70/><F125/><W43/><G109/><T84/><D135/><U90/><E95/><V118/><F118/><W54/><G1/><T31/><D106/><U23/><E23/><V94/><F134/><W130/><G130/><T96/><D36/><U40/><REACH who="1" step="1"/><E65/><REACH who="1" ten="200,210,220,360" step="2"/><V71/><F131/><W104/><G104/><T80/><D84/><U56/><E56/><V58/><F71/><W86/><G22/><T5/><D80/><U32/><E32/><V113/><F113/><W8/><G21/><T66/><D20/><U129/><E129/><V41/><F70/><W67/><G67/><T29/><D96/><U24/><E24/><V91/><F68/><W51/><G92/><T0/><D66/><U75/><E75/><V112/><F69/><W115/><G86/><T132/><D132/><U119/><E119/><V7/><F108/><W25/><G115/><T12/><D0/><U124/><E124/><V103/><F112/><W79/><G79/><T50/><REACH who="0" step="1"/><D47/><REACH who="0" ten="190,210,220,360" step="2"/><U88/><E88/><V111/><F99/><W117/><G117/><T59/><D59/><U110/><E110/><V6/><F111/><W27/><G25/><T3/><D3/><U120/><E120/><V127/><F127/><W44/><G27/><T55/><D55/><U126/><E126/><V97/><F53/><W89/><G89/><T82/><D82/><U13/><E13/><V76/><F76/><W18/><G54/><RYUUKYOKU ba="0,2" sc="190,15,210,15,220,-15,360,-15" hai0="4,5,9,10,12,15,29,31,50,60,62,100,102" hai1="33,35,40,45,48,57,64,74,77,81,90,93,98" /><INIT seed="3,1,2,1,1,22" ten="205,225,205,345" oya="3" hai0="110,120,48,72,15,106,5,89,97,76,71,88,102" hai1="84,18,73,1,126,124,123,58,90,79,51,104,47" hai2="21,100,112,81,78,38,128,85,111,25,29,86,44" hai3="43,118,26,53,77,4,41,122,93,55,108,60,16"/><W133/><G122/><T103/><D120/><U87/><E123/><V127/><F112/><W59/><G118/><T52/><D71/><U63/><E1/><V75/><F111/><W13/><G133/><T27/><D110/><U94/><E104/><V57/><F127/><N who="1" m="48681" /><E73/><V95/><F128/><W45/><G77/><T56/><D103/><U54/><E18/><V68/><F68/><W50/><G108/><T42/><D42/><N who="1" m="25079" /><E79/><V115/><F115/><W135/><G135/><T61/><D27/><U7/><E7/><V130/><F130/><W34/><G34/><T62/><D76/><U35/><E35/><V0/><F0/><W91/><G4/><T8/><REACH who="0" step="1"/><D72/><REACH who="0" ten="195,225,205,345" step="2"/><U125/><E125/><V101/><F101/><W64/><G26/><T131/><D131/><U74/><E74/><V49/><F38/><W3/><G41/><T17/><D17/><U30/><E30/><V46/><F100/><W107/><G107/><T33/><D33/><U67/><E67/><V114/><F114/><W9/><G3/><T109/><D109/><U132/><E132/><V24/><F24/><W113/><REACH who="3" step="1"/><G113/><REACH who="3" ten="195,225,205,335" step="2"/><T121/><D121/><U65/><E65/><V105/><F105/><W92/><G92/><T80/><D80/><U31/><E31/><V83/><F95/><W82/><G82/><T37/><D37/><U19/><E19/><V129/><F129/><W20/><G20/><T32/><D32/><U11/><E11/><V12/><F75/><W23/><G23/><T117/><D117/><U69/><E69/><V70/><F70/><W6/><G6/><T14/><D14/><RYUUKYOKU ba="1,4" sc="195,10,225,10,205,-30,335,10" hai0="5,8,15,48,52,56,61,62,88,89,97,102,106" hai1="54,58,63,84,87,90,94" hai3="9,13,16,43,45,50,53,55,59,60,64,91,93" /><INIT seed="3,2,4,1,2,131" ten="205,235,175,345" oya="3" hai0="52,126,115,6,108,80,31,81,67,32,114,33,96" hai1="65,97,78,46,5,95,13,116,123,91,71,18,76" hai2="51,36,61,127,112,82,39,19,30,100,12,90,23" hai3="16,120,104,73,50,57,74,124,48,109,132,37,117"/><W118/><G37/><T87/><D108/><U10/><E123/><V86/><F112/><N who="0" m="43050" /><D126/><U70/><E116/><V44/><F127/><W66/><G124/><T119/><D119/><U24/><E65/><V1/><F1/><W69/><G120/><T79/><D67/><U45/><E71/><V53/><F100/><W72/><G104/><T49/><D31/><U55/><E70/><V27/><REACH who="2" step="1"/><F61/><REACH who="2" ten="205,235,165,345" step="2"/><W113/><G113/><T64/><D64/><U99/><E99/><V122/><F122/><W129/><G69/><T59/><D96/><U93/><E93/><V34/><AGARI ba="2,5" hai="12,19,23,27,30,34,36,39,44,51,53,82,86,90" machi="34" ten="20,2700,0" yaku="1,1,0,1,7,1,53,0" doraHai="131" doraHaiUra="54" who="2" fromWho="2" sc="205,-9,235,-9,165,83,345,-15" /><INIT seed="4,0,0,0,2,70" ten="196,226,248,330" oya="0" hai0="108,29,0,48,43,32,134,12,73,61,41,60,125" hai1="86,122,123,16,15,118,120,96,74,45,40,2,106" hai2="27,19,84,71,18,55,51,101,54,98,33,49,3" hai3="116,75,1,99,121,10,88,26,66,133,52,90,89"/><T39/><D0/><U82/><E2/><V72/><F71/><W128/><G116/><T37/><D73/><U17/><E74/><V28/><F72/><W53/><G75/><T62/><D134/><U59/><E118/><V63/><F3/><W115/><G115/><T107/><D107/><U97/><E59/><V85/><F63/><W58/><G128/><T126/><D12/><U13/><E13/><V127/><F127/><N who="0" m="48650" /><D108/><U8/><E17/><V46/><F85/><W93/><G133/><T4/><D4/><U105/><E105/><V69/><F84/><W36/><G121/><T104/><D104/><U135/><E135/><V47/><F69/><W119/><G119/><T91/><D48/><U68/><E68/><V42/><F42/><N who="0" m="15882" /><D91/><U81/><E106/><AGARI ba="0,0" hai="18,19,27,28,33,46,47,49,51,54,55,98,101,106" machi="106" ten="30,2000,0" yaku="7,1,9,1" doraHai="70" who="2" fromWho="1" sc="196,0,226,-20,248,20,330,0" /><INIT seed="5,0,0,0,4,124" ten="196,206,268,330" oya="1" hai0="49,35,121,62,27,112,113,110,40,98,85,106,44" hai1="132,101,12,82,54,25,21,135,18,97,84,87,6" hai2="52,38,32,105,8,64,60,104,83,81,92,108,86" hai3="93,30,45,2,66,57,75,33,65,43,4,17,126"/><U19/><E6/><V61/><F32/><W55/><G126/><T94/><D110/><U20/><E54/><V41/><F108/><W47/><G47/><T3/><D121/><U15/><E25/><V117/><F117/><W10/><G75/><T127/><D106/><U31/><E31/><V29/><F29/><W42/><G42/><T95/><D3/><U125/><E125/><V72/><F72/><W122/><G122/><T58/><D85/><U26/><E26/><V37/><F8/><W39/><G17/><T23/><D35/><U71/><E71/><V128/><F128/><W134/><G134/><T48/><D48/><U119/><E119/><V107/><F92/><W36/><G36/><T102/><D95/><U100/><E82/><V24/><F24/><W120/><G120/><T28/><REACH who="0" step="1"/><D127/><REACH who="0" ten="186,206,268,330" step="2"/><U109/><E109/><V11/><F86/><W73/><G73/><T90/><D90/><U22/><E22/><V114/><F38/><W0/><G2/><T74/><D74/><U103/><E103/><V116/><F37/><W50/><G93/><T5/><D5/><U96/><AGARI ba="0,1" hai="12,15,18,19,20,21,84,87,96,97,100,101,132,135" machi="96" ten="25,4800,0" yaku="0,1,22,2" doraHai="124" who="1" fromWho="1" sc="186,-16,206,58,268,-16,330,-16" /><INIT seed="5,1,0,0,3,38" ten="170,264,252,314" oya="1" hai0="63,133,114,81,7,11,92,80,91,134,68,64,57" hai1="31,112,24,103,86,46,14,83,28,69,36,88,102" hai2="65,126,16,18,127,85,110,25,122,75,131,104,21" hai3="3,60,40,15,62,135,13,108,78,44,37,132,58"/><U96/><E69/><V49/><F104/><W2/><G78/><T22/><D114/><U55/><E112/><V45/><F75/><W79/><G108/><T10/><D68/><U66/><E66/><V6/><F110/><W9/><G79/><T17/><D134/><N who="3" m="51241" /><G62/><T99/><D133/><U30/><E14/><N who="3" m="5130" /><G9/><T129/><D129/><U123/><E123/><V8/><F18/><W120/><G120/><T27/><REACH who="0" step="1"/><D11/><REACH who="0" ten="160,264,252,314" step="2"/><U116/><E116/><V117/><F117/><W59/><G59/><T95/><D95/><U76/><E83/><V54/><F122/><W111/><G111/><T42/><D42/><U50/><E103/><V121/><F121/><W100/><G100/><T35/><D35/><U61/><E102/><V94/><F131/><W97/><G97/><T130/><D130/><U125/><E96/><V53/><F94/><W73/><G73/><T113/><D113/><U1/><E125/><V128/><F128/><W4/><G4/><T101/><D101/><U119/><E119/><V26/><F126/><W74/><G74/><T12/><AGARI ba="1,1" hai="7,10,12,17,22,27,57,63,64,80,81,91,92,99" machi="12" ten="20,5200,0" yaku="1,1,0,1,7,1,8,1,53,0" doraHai="38" doraHaiUra="107" who="0" fromWho="0" sc="160,65,264,-27,252,-14,314,-14" /><INIT seed="6,0,0,3,2,62" ten="225,237,238,300" oya="2" hai0="82,55,19,112,81,84,134,57,26,105,121,69,35" hai1="110,120,75,102,11,18,13,106,94,101,68,88,91" hai2="109,14,9,38,52,59,27,54,43,97,34,16,41" hai3="73,8,37,115,53,66,2,114,4,87,67,23,117"/><V10/><F109/><W28/><G117/><T83/><D121/><U98/><E110/><V56/><F38/><W70/><G70/><T130/><D69/><U36/><E120/><V80/><F80/><W64/><G73/><T96/><D112/><N who="3" m="43049" /><G37/><T29/><D134/><U99/><E75/><V95/><F34/><W129/><G129/><T22/><D130/><U50/><E36/><V122/><F27/><N who="3" m="16511" /><G53/><N who="2" m="20585" /><F10/><W45/><G87/><T20/><D84/><U125/><E125/><V47/><F122/><W1/><G45/><T51/><REACH who="0" step="1"/><D19/><REACH who="0" ten="215,237,238,300" step="2"/><U48/><E68/><V127/><F127/><W104/><G104/><T76/><D76/><U111/><E111/><V40/><F47/><W123/><G123/><T58/><D58/><U113/><E113/><V65/><F65/><W25/><G25/><T0/><D0/><AGARI ba="0,1" hai="0,1,2,4,8,64,66,67" m="16511,43049" machi="0" ten="30,8000,1" yaku="15,1,11,1,52,3" doraHai="62" who="3" fromWho="0" sc="215,-80,237,0,238,0,300,90" /><INIT seed="7,0,0,0,4,18" ten="135,237,238,390" oya="3" hai0="6,21,8,113,38,61,98,62,16,75,131,54,25" hai1="122,70,87,65,42,19,15,45,32,44,23,102,68" hai2="48,20,73,77,135,67,43,64,5,35,101,109,50" hai3="2,84,34,80,57,130,47,56,118,134,91,63,37"/><W26/><G2/><T106/><D131/><U126/><E122/><V24/><F35/><W28/><G118/><T36/><D75/><U40/><E32/><V55/><F109/><W105/><G105/><T49/><D113/><U88/><E102/><V132/><F101/><W95/><G57/><T17/><D38/><U108/><E108/><V74/><F5/><W115/><G134/><N who="2" m="51241" /><F43/><W1/><G1/><T12/><D36/><U31/><E31/><N who="2" m="17799" /><F50/><W110/><G115/><T9/><D98/><U58/><E126/><V112/><F112/><W120/><G120/><T94/><D106/><U71/><E58/><N who="2" m="33127" /><F77/><W66/><G130/><T10/><D94/><U96/><E96/><V39/><F39/><W117/><G117/><T52/><D54/><U97/><E97/><V125/><F125/><W103/><G103/><T72/><D72/><AGARI ba="0,0" hai="64,67,72,73,74" m="33127,17799,51241" machi="72" ten="30,2000,0" yaku="20,1,52,1" doraHai="18" who="2" fromWho="0" sc="135,-20,237,0,238,20,390,0" owari="115,-38.5,237,-16.3,258,5.8,390,49.0" /></mjloggm>