<mjloggm ver="2.3"><GO type="169" lobby="0"/><UN n0="%73%61%69%63%68%61%6E%7A" n1="%E5%A4%A7%E7%A9%BA%E3%82%B9%E3%83%90%E3%83%AB%E2%98%86" n2="%53%69%6C%65%6E%54" n3="%E5%B1%B1%E6%9C%AC%E6%83%A3%E4%B8%80%E6%9C%97" dan="16,16,16,17" rate="2143.73,2106.75,2165.49,2203.62" sx="M,F,F,M"/><TAIKYOKU oya="0"/><INIT seed="0,0,0,1,3,126" ten="250,250,250,250" oya="0" hai0="107,135,29,48,98,85,3,7,80,49,8,82,99" hai1="50,116,76,31,64,91,10,34,67,131,125,72,118" hai2="42,1,5,27,57,43,61,16,100,26,13,124,40" hai3="25,101,37,84,68,41,59,32,36,38,128,90,129"/><T0/><D135/><U35/><E125/><V89/><F124/><W83/><G68/><T30/><D85/><U102/><E102/><V119/><F119/><W97/><G41/><T69/><D69/><U14/><E91/><V71/><F71/><W60/><G25/><T104/><REACH who="0" step="1"/><D8/><REACH who="0" ten="240,250,250,250" step="2"/><U51/><E10/><V11/><F100/><W20/><G32/><T122/><D122/><U39/><E35/><V4/><F89/><W12/><G20/><T103/><D103/><U105/><E34/><V33/><F33/><W79/><G79/><T73/><D73/><U6/><E76/><V54/><REACH who="2" step="1"/><F1/><REACH who="2" ten="240,250,240,250" step="2"/><W114/><G114/><T95/><D95/><U88/><E118/><V123/><F123/><W78/><G78/><T28/><D28/><U44/><E88/><V87/><F87/><W75/><G75/><T115/><D115/><U92/><E31/><V86/><F86/><W77/><G77/><T66/><D66/><U112/><E72/><V109/><F109/><W58/><G90/><T55/><D55/><U24/><E116/><V81/><F81/><W132/><G83/><T18/><D18/><U108/><E112/><V63/><F63/><W53/><G84/><T47/><D47/><U9/><E108/><V2/><F2/><W65/><G60/><T56/><D56/><U17/><E44/><V62/><F62/><W15/><G59/><T93/><D93/><U120/><E92/><V113/><F113/><W106/><G65/><T70/><D70/><U94/><E120/><V45/><F45/><W52/><G58/><T117/><D117/><U121/><E67/><RYUUKYOKU ba="0,2" sc="240,15,250,-15,240,15,250,-15" hai0="0,3,7,29,30,48,49,80,82,98,99,104,107" hai2="4,5,11,13,16,26,27,40,42,43,54,57,61" /><INIT seed="0,1,2,3,5,110" ten="255,235,255,235" oya="0" hai0="21,99,82,120,16,24,116,112,1,56,70,88,67" hai1="31,6,122,12,46,33,55,9,127,11,106,117,34" hai2="121,126,95,53,96,108,38,18,131,22,109,72,135" hai3="92,7,4,105,107,15,3,93,47,50,60,66,10"/><T49/><D116/><U91/><E117/><V130/><F72/><W52/><G93/><T58/><D120/><U27/><E106/><V133/><F38/><W35/><G35/><T28/><D1/><U94/><E122/><V64/><F64/><W36/><G36/><T115/><D70/><U114/><E127/><V43/><F43/><W51/><G92/><T113/><D67/><U17/><E34/><V40/><F40/><W86/><G86/><T128/><D128/><N who="2" m="49194" /><F53/><W29/><G29/><T57/><D49/><U85/><E114/><V125/><F121/><W104/><G51/><T84/><REACH who="0" step="1"/><D99/><REACH who="0" ten="245,235,255,235" step="2"/><U61/><E61/><V65/><F65/><W78/><G3/><T63/><D63/><U32/><E46/><V8/><F109/><W25/><G60/><T42/><D42/><U134/><E55/><V20/><F108/><W37/><G66/><T45/><D45/><U87/><E134/><N who="2" m="51211" /><F96/><W80/><G37/><T118/><D118/><U100/><E6/><V102/><F102/><W0/><G4/><T97/><D97/><U111/><E100/><V90/><F95/><W5/><G5/><T124/><D124/><N who="2" m="47722" /><F90/><W81/><G52/><T132/><D132/><U26/><E111/><V74/><F74/><W79/><G50/><T129/><D129/><U73/><E73/><V103/><F103/><W75/><G107/><T48/><D48/><U44/><E91/><V89/><F89/><W14/><G105/><T23/><D23/><U19/><E94/><V123/><F123/><W119/><G104/><T39/><D39/><U59/><E33/><V54/><F54/><RYUUKYOKU ba="1,3" sc="245,15,235,-15,255,15,235,-15" hai0="16,21,24,28,56,57,58,82,84,88,112,113,115" hai2="8,18,20,22" /><INIT seed="0,2,3,1,0,89" ten="260,220,270,220" oya="0" hai0="122,129,128,114,37,105,130,29,88,42,63,4,40" hai1="65,131,113,23,55,104,117,127,106,24,78,56,87" hai2="3,33,19,68,134,135,60,64,123,13,80,85,109" hai3="116,75,28,45,126,97,58,11,9,30,10,27,41"/><T111/><D114/><U36/><E36/><V67/><F3/><W47/><G116/><T53/><D105/><U112/><E117/><V62/><F33/><W6/><G75/><T5/><D122/><U15/><E15/><V120/><F109/><W21/><G126/><T115/><D115/><N who="1" m="44107" /><E65/><V51/><F51/><W17/><G6/><N who="0" m="2667" /><D37/><U14/><E14/><V71/><F134/><W86/><G97/><T118/><D118/><U79/><E131/><V66/><F66/><W32/><G58/><N who="0" m="35279" /><D111/><U34/><E34/><V108/><F135/><W101/><G101/><T26/><D88/><U124/><E124/><V1/><F1/><W119/><G119/><T107/><D107/><N who="1" m="41003" /><E87/><V73/><F108/><W38/><G32/><AGARI ba="2,3" hai="26,29,32,40,42,128,129,130" m="35279,2667" machi="32" ten="30,1500,0" yaku="19,1" doraHai="89" who="0" fromWho="3" sc="260,51,220,0,270,0,220,-21" /><INIT seed="0,3,0,2,4,107" ten="311,220,270,199" oya="0" hai0="8,11,96,6,129,81,75,14,121,72,38,21,95" hai1="60,113,70,76,39,128,22,135,82,108,17,34,68" hai2="86,64,4,97,126,116,43,94,134,12,5,57,33" hai3="93,114,9,50,119,37,91,67,20,44,19,24,65"/><T45/><D121/><U92/><E34/><V7/><F33/><W40/><G114/><T13/><D129/><U109/><E39/><V106/><F126/><W125/><G125/><T49/><D38/><U112/><E128/><V77/><F106/><W123/><G119/><T100/><D21/><U122/><E92/><V132/><F116/><W105/><G105/><T18/><REACH who="0" step="1"/><D81/><REACH who="0" ten="301,220,270,199" step="2"/><U58/><E122/><V25/><F134/><W74/><G123/><T98/><D98/><U56/><E135/><V127/><F97/><W15/><G37/><T88/><D88/><U53/><E113/><V0/><F132/><W66/><G74/><T102/><D102/><U117/><E112/><V118/><F118/><W23/><G24/><T41/><AGARI ba="3,1" hai="6,8,11,13,14,18,41,45,49,72,75,95,96,100" machi="41" ten="20,12000,1" yaku="1,1,0,1,7,1,52,2,53,0" doraHai="107" doraHaiUra="28" who="0" fromWho="0" sc="301,139,220,-43,270,-43,199,-43" /><INIT seed="0,4,0,5,5,112" ten="440,177,227,156" oya="0" hai0="133,48,120,8,116,65,134,83,132,117,127,24,41" hai1="123,49,11,34,17,2,129,67,37,1,28,13,103" hai2="128,90,73,38,69,105,111,52,66,6,27,74,26" hai3="55,3,71,131,86,12,97,4,35,59,101,36,110"/><T50/><D120/><U100/><E37/><V43/><F105/><W62/><G35/><T51/><D127/><U75/><E75/><V58/><F6/><W126/><G110/><T32/><D65/><U85/><E123/><V33/><F128/><W5/><G131/><T118/><D83/><U15/><E129/><V76/><F90/><W106/><G126/><T92/><D92/><U107/><E67/><V39/><F39/><W77/><G3/><T113/><D113/><U21/><E85/><V119/><F33/><W96/><G36/><T64/><D64/><U84/><E84/><V45/><F111/><W29/><G71/><T72/><D72/><U0/><E49/><V102/><F102/><W22/><G97/><T61/><D61/><U122/><E122/><V108/><F108/><W87/><G29/><N who="0" m="19495" /><D8/><U9/><E107/><V31/><F66/><W47/><G47/><AGARI ba="4,0" hai="41,47,48,50,51,116,117,118,132,133,134" m="19495" machi="47" ten="40,12000,1" yaku="20,1,52,3" doraHai="112" who="0" fromWho="3" sc="440,132,177,0,227,0,156,-132" /><INIT seed="0,5,0,3,5,123" ten="572,177,227,24" oya="0" hai0="27,98,57,120,37,128,47,115,100,63,111,77,7" hai1="13,101,127,54,29,67,28,83,102,9,14,119,39" hai2="33,124,6,71,109,0,34,113,12,49,4,50,58" hai3="59,122,95,130,107,41,18,3,75,93,26,68,56"/><T46/><D115/><U10/><E119/><V96/><F71/><W118/><G68/><T19/><D120/><U40/><E127/><V73/><F73/><W24/><G122/><T65/><D128/><U81/><E67/><V62/><F0/><W1/><G107/><T106/><D77/><U104/><E104/><V69/><F69/><W42/><G75/><T79/><D79/><U32/><E32/><V70/><F70/><W35/><G35/><T43/><D7/><U31/><E39/><V64/><F34/><W74/><G74/><T11/><D46/><U135/><E135/><V110/><F33/><W133/><G18/><T48/><D37/><U5/><E54/><V78/><F78/><W22/><G22/><T55/><D27/><U90/><E40/><V132/><F124/><W30/><G30/><T99/><D99/><U91/><E31/><V66/><F96/><W131/><REACH who="3" step="1"/><G133/><REACH who="3" ten="572,177,227,14" step="2"/><T25/><D19/><U117/><E117/><AGARI ba="5,1" hai="1,3,24,26,41,42,56,59,93,95,117,118,130,131" machi="117" ten="25,6400,0" yaku="1,1,2,1,22,2,53,0" doraHai="123" doraHaiUra="51" who="3" fromWho="1" sc="572,0,177,-79,227,0,14,89" /><INIT seed="1,0,0,1,1,79" ten="572,98,227,103" oya="1" hai0="98,113,21,91,87,52,132,89,41,131,51,126,53" hai1="111,127,119,7,35,64,85,57,81,1,61,66,128" hai2="88,9,80,42,120,90,104,13,56,115,8,44,29" hai3="48,96,118,102,23,76,82,97,70,117,40,32,77"/><U129/><E119/><N who="3" m="45578" /><G70/><T16/><D113/><U71/><E35/><V18/><F104/><W83/><G32/><T124/><D131/><N who="1" m="50251" /><E127/><N who="0" m="48681" /><D132/><U100/><E111/><V2/><F120/><W15/><G40/><T107/><D41/><U60/><E100/><V6/><F29/><W125/><G48/><T67/><D67/><U68/><E7/><V50/><F115/><W130/><G125/><T19/><D19/><U114/><E1/><V30/><F30/><W72/><G130/><T74/><D74/><U36/><E36/><V62/><REACH who="2" step="1"/><F80/><REACH who="2" ten="572,98,217,103" step="2"/><N who="3" m="30763" /><G72/><T75/><D75/><U14/><E114/><V84/><F84/><W27/><G15/><N who="0" m="9375" /><D87/><U33/><E14/><V99/><F99/><N who="3" m="37963" /><G102/><N who="0" m="62935" /><D51/><U58/><E33/><V22/><F22/><W123/><G123/><T55/><AGARI ba="0,1" hai="52,53,55,89,91" m="62935,9375,48681" machi="55" ten="30,4000,0" yaku="18,1,54,2" doraHai="79" who="0" fromWho="0" sc="572,50,98,-20,217,-10,103,-10" /><INIT seed="2,0,0,1,5,28" ten="622,78,207,93" oya="2" hai0="96,92,10,123,91,46,59,58,54,47,52,15,125" hai1="101,111,13,6,21,71,69,75,55,120,2,42,4" hai2="128,32,14,60,12,127,62,86,100,30,72,95,19" hai3="89,31,25,45,117,82,108,122,106,8,26,27,134"/><V88/><F72/><W93/><G117/><T9/><D123/><U57/><E75/><V37/><F37/><W81/><G122/><T135/><D125/><U85/><E120/><V132/><F127/><W22/><G106/><T74/><D74/><U65/><E111/><V84/><F128/><W124/><G108/><T109/><D109/><U126/><E126/><V133/><F100/><W97/><G124/><T39/><D135/><N who="2" m="51786" /><F86/><W113/><G134/><T67/><D67/><U83/><E101/><V34/><F14/><W53/><G113/><T102/><D102/><U98/><E42/><V68/><F30/><W80/><REACH who="3" step="1"/><G8/><REACH who="3" ten="622,78,207,83" step="2"/><T50/><D10/><U43/><E2/><V129/><F129/><W3/><G3/><T61/><REACH who="0" step="1"/><D39/><REACH who="0" ten="612,78,207,83" step="2"/><U1/><E1/><V105/><F105/><W66/><G66/><T77/><D77/><U51/><E65/><N who="2" m="40999" /><F62/><W76/><G76/><T36/><D36/><U18/><E71/><V40/><F40/><W131/><G131/><T94/><D94/><U110/><E69/><V33/><F33/><W115/><G115/><T118/><D118/><U121/><E110/><V56/><F56/><W103/><G103/><T16/><AGARI ba="0,2" hai="9,15,16,46,47,50,52,54,58,59,61,91,92,96" machi="16" ten="20,12000,2" yaku="1,1,0,1,7,1,8,1,54,2,53,0" doraHai="28" doraHaiUra="24" who="0" fromWho="0" sc="612,140,78,-30,207,-60,83,-30" /><INIT seed="3,0,0,2,1,97" ten="752,48,147,53" oya="3" hai0="58,76,4,114,100,20,31,28,32,23,48,15,102" hai1="13,16,46,24,128,118,14,44,25,82,126,79,105" hai2="109,52,119,59,99,12,94,33,40,108,113,18,71" hai3="3,5,9,115,41,122,85,101,83,19,77,86,112"/><W30/><G122/><T65/><D114/><U67/><E126/><V68/><F33/><W11/><G30/><N who="0" m="11307" /><D76/><U26/><E128/><V81/><F81/><W10/><G41/><T62/><D32/><U53/><E118/><V61/><F40/><W123/><G123/><T80/><D80/><U69/><E105/><V50/><F119/><W75/><G10/><N who="0" m="4551" /><D48/><U66/><E14/><V130/><F130/><W92/><G75/><T72/><D72/><U132/><E132/><V95/><F95/><W107/><G107/><T22/><AGARI ba="0,0" hai="20,22,23,58,62,65,100,102" m="4551,11307" machi="22" ten="30,4000,0" yaku="8,1,52,2" doraHai="97" who="0" fromWho="0" sc="752,40,48,-10,147,-10,53,-20" /><INIT seed="4,0,0,0,3,58" ten="792,38,137,33" oya="0" hai0="29,32,62,35,47,39,7,6,13,114,87,69,105" hai1="131,95,68,25,103,43,78,97,70,111,16,27,122" hai2="9,125,51,127,0,99,74,119,31,98,34,88,132" hai3="33,102,80,52,72,67,94,108,121,12,15,76,48"/><T37/><D114/><U112/><E122/><V106/><F74/><W133/><G33/><T77/><D105/><U135/><E111/><V53/><F132/><W123/><G108/><T56/><D69/><U130/><E135/><V11/><F119/><W86/><G133/><T84/><D29/><U129/><E112/><V90/><F31/><W75/><G67/><T55/><D39/><U64/><E78/><V1/><F34/><W17/><G12/><T82/><D84/><U116/><E116/><V124/><F106/><W91/><G102/><T18/><D35/><U44/><E64/><V10/><F53/><W49/><G49/><T28/><D28/><U40/><E40/><V134/><F51/><W60/><G75/><T4/><D32/><U89/><E103/><V5/><F5/><W109/><G60/><T21/><D37/><U117/><E117/><V54/><F54/><W63/><G63/><T20/><REACH who="0" step="1"/><D47/><REACH who="0" ten="782,38,137,33" step="2"/><U36/><E27/><V41/><F134/><W50/><G109/><T85/><D85/><U96/><E96/><V24/><F99/><W115/><G115/><T118/><D118/><U45/><E45/><V19/><F98/><W65/><G123/><T8/><AGARI ba="0,1" hai="4,6,7,8,13,18,20,21,55,56,62,77,82,87" machi="8" ten="30,11700,0" yaku="1,1,0,1,8,1,52,1,53,0" doraHai="58" doraHaiUra="66" who="0" fromWho="0" sc="782,127,38,-39,137,-39,33,-39" owari="909,100.9,-1,-40.1,98,-10.2,-6,-50.6" /></mjloggm>