<mjloggm ver="2.3"><GO type="225" lobby="0"/><UN n0="%E3%81%BF%E3%81%BF%E3%81%9A" n1="%E8%91%B1%E9%96%93%E8%91%B1%E6%8A%9C" n2="%E3%81%AD%E3%82%93%E3%81%9B%E3%81%84%E3%81%8B%E3%81%84" n3="%E3%83%A9%E3%82%B9%E7%8E%87%EF%BC%93%E5%89%B2" dan="17,16,16,17" rate="2236.33,2093.07,2137.76,2197.52" sx="M,F,M,F"/><TAIKYOKU oya="0"/><INIT seed="0,0,0,5,1,112" ten="250,250,250,250" oya="0" hai0="79,73,92,111,34,32,110,18,131,40,43,66,1" hai1="128,132,0,14,135,3,5,101,12,42,7,115,81" hai2="27,63,46,98,129,93,104,83,87,78,54,116,50" hai3="100,90,97,114,13,56,77,108,84,24,94,72,68"/><T69/><D1/><N who="1" m="587" /><E42/><N who="0" m="15913" /><D18/><U74/><E101/><V80/><F129/><W134/><G108/><N who="0" m="41515" /><D131/><U62/><E62/><V105/><F116/><W19/><G19/><T127/><D127/><U33/><E81/><V121/><F121/><W55/><G24/><T47/><D47/><U28/><E74/><V58/><F80/><W113/><G13/><N who="1" m="5226" /><E128/><V11/><F11/><W23/><G114/><T70/><D66/><U44/><E44/><V59/><F27/><W122/><G113/><T76/><D92/><U65/><E65/><V91/><REACH who="2" step="1"/><F59/><REACH who="2" ten="250,250,240,250" step="2"/><W71/><G56/><T48/><D73/><U85/><E115/><V21/><F21/><W29/><G23/><T117/><D117/><U95/><E33/><N who="0" m="12905" /><D48/><U49/><E49/><V36/><F36/><W37/><G72/><T10/><D10/><U133/><E28/><V31/><F31/><W53/><G29/><T124/><D124/><U102/><E102/><V61/><F61/><W89/><G100/><T109/><D109/><U120/><E120/><V57/><F57/><W60/><G122/><T125/><D125/><U86/><E95/><V4/><F4/><AGARI ba="0,1" hai="4,5,7,85,86,132,133,135" m="5226,587" machi="4" ten="40,5200,0" yaku="28,2,20,1" doraHai="112" who="1" fromWho="2" sc="250,0,250,62,240,-52,250,0" /><INIT seed="1,0,0,0,4,132" ten="250,312,188,250" oya="1" hai0="14,72,98,101,120,24,2,55,66,49,96,29,12" hai1="123,23,85,62,13,6,37,60,32,117,116,4,53" hai2="48,90,104,84,22,18,34,95,33,130,89,121,17" hai3="134,110,128,86,41,36,69,114,78,82,38,127,75"/><U26/><E123/><V135/><F121/><W28/><G69/><T61/><D120/><U56/><E37/><V9/><F135/><W0/><G0/><T10/><D72/><U126/><E126/><V44/><F104/><W129/><G114/><T15/><D2/><U105/><E105/><V94/><F9/><W57/><G134/><T107/><D98/><U99/><E99/><V103/><F103/><W27/><G110/><T92/><D107/><U111/><E111/><V20/><F130/><N who="3" m="50283" /><G41/><T43/><D43/><U77/><E62/><V5/><F5/><W113/><G113/><T42/><D42/><U47/><E32/><V65/><F65/><W73/><G57/><N who="0" m="37167" /><D24/><U88/><E116/><V64/><F64/><W131/><N who="3" m="50291" /><W25/><DORA hai="7" /><G25/><T71/><D29/><N who="1" m="17631" /><E117/><V19/><F33/><N who="3" m="20639" /><G127/><T67/><D67/><N who="1" m="39303" /><E77/><V125/><F34/><W91/><G75/><T46/><D71/><U109/><E109/><V70/><F70/><W80/><AGARI ba="0,0" hai="36,38,73,78,80,82,86,91" m="20639,50291" machi="80" ten="40,1500,0" yaku="19,1" doraHai="132,7" who="3" fromWho="3" sc="250,-4,312,-7,188,-4,250,15" /><INIT seed="2,0,0,0,0,89" ten="246,305,184,265" oya="2" hai0="25,51,101,32,95,29,48,56,26,69,131,31,81" hai1="108,2,129,3,37,64,46,52,94,53,124,128,7" hai2="99,132,121,17,86,80,19,110,49,114,8,21,72" hai3="68,105,14,87,133,39,57,1,118,66,92,74,44"/><V102/><F114/><W127/><G1/><N who="1" m="10" /><E7/><V50/><F121/><W84/><G133/><T27/><D69/><U45/><E64/><V113/><F132/><W13/><G127/><T63/><D131/><N who="1" m="50251" /><E124/><V91/><F72/><W123/><G118/><T90/><D81/><U135/><E135/><V106/><F113/><W130/><G68/><T55/><D101/><U5/><E108/><V126/><F126/><W104/><G74/><T112/><D112/><U12/><E94/><V43/><F110/><W6/><G6/><T41/><D41/><N who="1" m="22703" /><E46/><V77/><F43/><W83/><G44/><T18/><D18/><U71/><E71/><V11/><F19/><W76/><G123/><T61/><D48/><U97/><E97/><V79/><F49/><W65/><G130/><T42/><D42/><U58/><E58/><V34/><F50/><W78/><G57/><T35/><D26/><U54/><E54/><V28/><F34/><W62/><G62/><T60/><REACH who="0" step="1"/><D51/><REACH who="0" ten="236,305,184,265" step="2"/><U75/><E75/><V116/><F116/><W4/><G83/><T70/><D70/><U47/><E47/><V117/><F117/><W36/><G4/><T0/><D0/><U24/><E24/><V73/><F28/><W15/><G15/><T23/><D23/><U134/><E134/><V125/><F125/><W30/><G30/><T107/><D107/><U109/><E109/><V103/><F103/><W100/><G100/><T98/><AGARI ba="0,1" hai="25,27,29,31,32,35,55,56,60,61,63,90,95,98" machi="98" ten="20,12000,2" yaku="1,1,0,1,7,1,9,1,52,1,53,1" doraHai="89" doraHaiUra="93" who="0" fromWho="0" sc="236,130,305,-30,184,-60,265,-30" /><INIT seed="3,0,0,2,0,100" ten="366,275,124,235" oya="3" hai0="121,70,16,27,35,90,78,80,54,95,67,133,2" hai1="25,125,12,21,113,82,107,86,56,129,22,124,119" hai2="111,79,45,41,108,39,118,9,10,104,43,4,36" hai3="29,91,65,18,83,128,97,93,98,34,71,76,88"/><W96/><G128/><T7/><D121/><U58/><E113/><V75/><F118/><W31/><G71/><T110/><D110/><U81/><E129/><V30/><F30/><W52/><G65/><T40/><D40/><U106/><E119/><V50/><F50/><W17/><G34/><T62/><D133/><U84/><E12/><V87/><F87/><W94/><G98/><T63/><D7/><U23/><E23/><V5/><F79/><W109/><G109/><T117/><D2/><U28/><E28/><V85/><F85/><W115/><G115/><T26/><D117/><U15/><E15/><V64/><F64/><W38/><G38/><T131/><D131/><U134/><E25/><V33/><F33/><W61/><G31/><T99/><D35/><U44/><E44/><V77/><F77/><W102/><G102/><T59/><D16/><N who="3" m="6249" /><G29/><T130/><D130/><U114/><E114/><V101/><F101/><W73/><G73/><AGARI ba="0,0" hai="26,27,54,59,62,63,67,70,73,78,80,90,95,99" machi="73" ten="30,1000,0" yaku="7,1" doraHai="100" who="0" fromWho="3" sc="366,10,275,0,124,0,235,-10" owari="376,47.6,275,7.5,124,-37.6,225,-17.5" /></mjloggm>