<mjloggm ver="2.3"><GO type="169" lobby="0"/><UN n0="%E3%82%A4%E3%83%BC%E3%82%B1%E3%83%97%E3%83%A9" n1="%E8%80%81%E6%A5%BD" n2="%41%2E%53%74%61%72%73" n3="%E3%82%8F%E3%81%98" dan="17,17,16,16" rate="2151.88,2203.58,2037.26,2116.72" sx="M,M,M,M"/><TAIKYOKU oya="0"/><INIT seed="0,0,0,4,4,82" ten="250,250,250,250" oya="0" hai0="14,115,126,111,88,71,34,83,113,65,35,4,119" hai1="46,37,77,38,31,29,127,95,81,117,106,101,116" hai2="33,58,66,60,110,18,120,39,43,23,19,53,75" hai3="89,133,6,7,62,129,11,28,84,49,20,5,94"/><T98/><D119/><U63/><E127/><V97/><F120/><W90/><G129/><T72/><D126/><U50/><E106/><V78/><F110/><W22/><G133/><T96/><D111/><U80/><E63/><V3/><F3/><W86/><G11/><T69/><D72/><U55/><E101/><V45/><F33/><W54/><G62/><T131/><D131/><U15/><E95/><V9/><F97/><W91/><G28/><T105/><D4/><U132/><E132/><V21/><F9/><W122/><G122/><T79/><D14/><U100/><E100/><V123/><F123/><W26/><G26/><T27/><D71/><U32/><E15/><V25/><F78/><W59/><G91/><T47/><D47/><U108/><E108/><V64/><REACH who="2" step="1"/><F75/><REACH who="2" ten="250,250,240,250" step="2"/><W93/><AGARI ba="0,1" hai="5,6,7,20,22,49,54,59,84,86,89,90,93,94" machi="93" ten="30,8000,1" yaku="0,1,9,1,8,1,52,2" doraHai="82" who="3" fromWho="3" sc="250,-40,250,-20,240,-20,250,90" /><INIT seed="1,0,0,4,2,10" ten="210,230,220,340" oya="1" hai0="17,118,0,100,87,122,56,28,34,37,71,60,101" hai1="90,39,25,16,40,89,13,91,79,52,26,133,72" hai2="78,19,36,124,49,116,135,88,65,67,95,93,117" hai3="9,132,80,82,92,58,59,81,4,24,46,15,104"/><U69/><E69/><V62/><F36/><W70/><G104/><T48/><D118/><U134/><E39/><V107/><F107/><W121/><G70/><T113/><D113/><U74/><E40/><V76/><F124/><W85/><G121/><T1/><D37/><U8/><E79/><V111/><F111/><W53/><G132/><N who="1" m="50794" /><E52/><V84/><F135/><W64/><G24/><AGARI ba="0,0" hai="8,13,16,24,25,26,72,74,89,90,91" m="50794" machi="24" ten="30,5800,0" yaku="20,1,52,1,54,1" doraHai="10" who="1" fromWho="3" sc="210,0,230,58,220,0,340,-58" /><INIT seed="1,1,0,5,4,13" ten="210,288,220,282" oya="1" hai0="3,78,60,102,58,103,11,46,76,123,74,70,77" hai1="92,112,131,69,62,101,65,41,56,71,114,91,14" hai2="129,54,51,55,16,40,99,9,93,113,134,1,28" hai3="100,88,8,63,79,25,57,116,67,32,125,105,86"/><U66/><E101/><V108/><F108/><W94/><G125/><T52/><D123/><U47/><E14/><N who="2" m="7247" /><F1/><W104/><G116/><T34/><D34/><U23/><E23/><V15/><F134/><W18/><G32/><T119/><D119/><U118/><E118/><V36/><F36/><W109/><G109/><T82/><D70/><U29/><E29/><V27/><F129/><W4/><G100/><T117/><D117/><U87/><E131/><V96/><F113/><W61/><G79/><T5/><D77/><U98/><E98/><V21/><F15/><W38/><G38/><T75/><REACH who="0" step="1"/><D46/><REACH who="0" ten="200,288,220,282" step="2"/><U80/><E114/><V106/><F106/><W0/><REACH who="3" step="1"/><G61/><REACH who="3" ten="200,288,220,272" step="2"/><T89/><D89/><U7/><E62/><V30/><F30/><W49/><G49/><T121/><D121/><U17/><E91/><N who="2" m="55359" /><F99/><W33/><G33/><T124/><D124/><U133/><E112/><V35/><F35/><W128/><G128/><T6/><D6/><U130/><E7/><V19/><F28/><W135/><G135/><T20/><D20/><AGARI ba="1,2" hai="0,4,8,18,20,25,57,63,67,86,88,94,104,105" machi="20" ten="40,5200,0" yaku="1,1,52,1,54,1,53,0" doraHai="13" doraHaiUra="44" who="3" fromWho="0" sc="200,-55,288,0,220,0,272,75" /><INIT seed="2,0,0,2,4,109" ten="145,288,220,347" oya="2" hai0="69,101,34,21,107,117,13,22,126,67,43,81,5" hai1="119,65,56,32,110,6,24,10,74,35,44,114,2" hai2="108,129,130,79,49,50,17,60,97,128,1,71,62" hai3="82,70,7,95,116,98,39,99,127,118,54,26,120"/><V40/><F1/><W135/><G70/><T52/><D34/><U25/><E56/><V102/><F79/><W90/><G39/><T83/><D43/><U121/><E65/><N who="2" m="41383" /><F17/><W88/><G120/><T80/><D126/><U76/><E44/><N who="2" m="25735" /><F97/><W103/><G127/><T134/><D134/><U66/><E66/><V132/><F102/><W42/><G135/><T27/><D117/><U11/><E76/><V41/><F132/><W18/><G42/><T48/><D101/><U93/><E93/><V105/><F105/><W61/><G7/><T31/><D107/><U72/><E6/><V115/><F108/><W106/><G82/><T37/><D37/><U23/><E23/><V73/><F73/><W68/><G90/><T46/><D69/><U87/><E87/><V29/><F29/><W59/><G68/><T51/><D67/><U123/><E110/><V113/><F62/><W91/><G91/><T12/><D5/><U78/><E78/><V4/><F4/><W28/><REACH who="3" step="1"/><G18/><REACH who="3" ten="145,288,220,337" step="2"/><T86/><D81/><U47/><E121/><V133/><F133/><W75/><G75/><T30/><D83/><U38/><E74/><V124/><F124/><W33/><AGARI ba="0,1" hai="26,28,33,54,59,61,88,95,98,99,103,106,116,118" machi="33" ten="20,8000,1" yaku="1,1,0,1,7,1,54,1,53,1" doraHai="109" doraHaiUra="58" who="3" fromWho="3" sc="145,-20,288,-20,220,-40,337,90" /><INIT seed="3,0,0,5,1,130" ten="125,268,180,427" oya="3" hai0="68,81,96,50,60,56,65,16,42,52,82,98,107" hai1="114,9,62,74,125,20,23,11,121,64,118,94,21" hai2="13,93,70,116,19,26,63,37,32,111,45,17,95" hai3="87,113,61,126,89,59,92,8,69,15,129,99,117"/><W4/><G113/><T22/><D42/><U47/><E121/><V35/><F116/><W106/><G129/><T2/><D2/><U112/><E74/><V83/><F111/><W40/><G117/><T38/><D38/><U5/><E118/><V27/><F83/><W80/><G126/><T33/><D33/><U115/><E125/><V44/><F63/><W14/><G40/><T55/><D55/><U24/><E94/><V109/><F13/><W90/><G69/><T7/><D7/><U34/><E47/><V43/><F43/><W86/><G106/><T135/><D135/><U119/><E119/><V30/><F30/><W105/><G105/><T73/><D107/><U133/><E133/><V128/><F128/><W67/><REACH who="3" step="1"/><G15/><REACH who="3" ten="125,268,180,417" step="2"/><T103/><D73/><U88/><E112/><V66/><F70/><W58/><G58/><T78/><D103/><U110/><E114/><V91/><F109/><W53/><G53/><T127/><D127/><U41/><E41/><V75/><F66/><W3/><G3/><T120/><D120/><U36/><E110/><V79/><F37/><W57/><G57/><T49/><D49/><U10/><E36/><V72/><F45/><W84/><AGARI ba="0,1" hai="4,8,14,59,61,67,80,84,86,87,89,90,92,99" machi="84" ten="30,6000,0" yaku="1,1,0,1,8,1,53,0" doraHai="130" doraHaiUra="18" who="3" fromWho="3" sc="125,-20,268,-20,180,-20,417,70" /><INIT seed="3,1,0,3,0,113" ten="105,248,160,487" oya="3" hai0="117,95,120,118,84,23,104,111,51,70,13,107,35" hai1="17,11,33,45,38,7,88,3,48,131,10,20,134" hai2="112,64,61,100,98,135,125,34,26,114,66,90,25" hai3="78,58,109,47,36,43,86,50,8,82,0,16,41"/><W69/><G69/><T27/><D120/><U1/><E38/><V74/><F125/><W85/><G109/><T9/><D35/><U22/><E33/><V71/><F135/><W54/><G41/><T106/><D70/><U76/><E76/><V55/><F74/><W68/><G68/><T92/><D111/><U49/><E131/><V115/><F90/><W129/><G129/><T132/><D132/><U5/><E134/><V62/><F55/><W19/><REACH who="3" step="1"/><G86/><REACH who="3" ten="105,248,160,477" step="2"/><T108/><D108/><U72/><E72/><V99/><F71/><W42/><G42/><T93/><D84/><U18/><E45/><V12/><F115/><W83/><G83/><T87/><D87/><U96/><E96/><V57/><F114/><W97/><G97/><T127/><D127/><U79/><E79/><V39/><F112/><W21/><G21/><T52/><D23/><U94/><E22/><V40/><F40/><W56/><G56/><T6/><REACH who="0" step="1"/><D27/><REACH who="0" ten="95,248,160,477" step="2"/><U75/><E20/><V63/><F25/><W67/><G67/><T53/><D53/><U130/><E75/><V105/><F66/><W31/><G31/><T121/><D121/><U28/><E28/><V2/><F64/><W122/><G122/><T14/><D14/><U101/><E130/><V80/><F12/><W124/><G124/><T46/><AGARI ba="1,2" hai="6,9,13,46,51,52,92,93,95,104,106,107,117,118" machi="46" ten="40,8000,1" yaku="1,1,0,1,52,2,54,1,53,0" doraHai="113" doraHaiUra="128" who="0" fromWho="0" sc="95,103,248,-21,160,-21,477,-41" /><INIT seed="4,0,0,3,3,123" ten="198,227,139,436" oya="0" hai0="59,71,114,15,131,108,69,21,129,3,130,46,82" hai1="17,39,99,124,58,0,41,32,88,35,116,81,70" hai2="132,86,119,50,1,133,110,76,30,16,80,23,9" hai3="56,73,126,111,48,18,117,115,118,98,63,14,8"/><T87/><D3/><U47/><E70/><V20/><F119/><W10/><G73/><T36/><D114/><U26/><E116/><V55/><F30/><W72/><G72/><T79/><D59/><U7/><E124/><V54/><F23/><W91/><G126/><T65/><D65/><U40/><E40/><V128/><F128/><W33/><G33/><T2/><D2/><U101/><E58/><V120/><F120/><W62/><G115/><T89/><D108/><U74/><E17/><V12/><F110/><W37/><G37/><T83/><D36/><U103/><E26/><V38/><F38/><W90/><G111/><T67/><D46/><U53/><E53/><V112/><F112/><W113/><G113/><T122/><D67/><U61/><E61/><V49/><F9/><W60/><G8/><T105/><D105/><N who="1" m="63679" /><E88/><V43/><F43/><W31/><G91/><T19/><REACH who="0" step="1"/><D122/><REACH who="0" ten="188,227,139,436" step="2"/><U104/><E104/><V57/><REACH who="2" step="1"/><F1/><REACH who="2" ten="188,227,129,436" step="2"/><W42/><G118/><T92/><D92/><U29/><E0/><V11/><F11/><W45/><G117/><T13/><D13/><U96/><E39/><V134/><F134/><W100/><G10/><T125/><D125/><U64/><E64/><V66/><F66/><W93/><G14/><T135/><D135/><U85/><E47/><AGARI ba="0,2" hai="12,16,20,47,49,50,54,55,57,76,80,86,132,133" machi="47" ten="40,5200,0" yaku="1,1,54,1,53,1" doraHai="123" doraHaiUra="75" who="2" fromWho="1" sc="188,0,227,-52,129,72,436,0" /><INIT seed="5,0,0,4,0,90" ten="188,175,201,436" oya="1" hai0="51,108,33,35,4,57,39,81,122,12,85,71,17" hai1="98,89,131,130,100,101,126,48,49,70,31,113,84" hai2="38,134,111,8,118,75,47,99,112,7,133,3,107" hai3="123,64,115,18,42,19,59,9,29,82,6,50,45"/><U119/><E70/><V1/><F111/><W32/><G123/><T117/><D108/><U58/><E119/><V25/><F118/><W43/><G115/><T30/><D117/><U135/><E113/><V40/><F112/><W34/><G43/><T24/><D71/><U41/><E31/><V16/><F3/><W15/><G64/><T55/><D39/><U128/><E135/><N who="2" m="51723" /><F75/><W106/><G106/><T104/><D104/><U94/><E126/><V66/><F66/><W67/><G29/><T61/><D122/><U129/><N who="1" m="32768" /><DORA hai="91" /><U88/><E58/><V78/><F78/><W127/><G32/><T95/><D4/><U21/><E21/><N who="2" m="13479" /><F107/><W60/><G34/><T22/><D35/><U86/><E98/><AGARI ba="0,0" hai="1,7,8,38,40,47,98,99" m="13479,51723" machi="98" ten="30,2000,0" yaku="20,1,54,1" doraHai="90,91" who="2" fromWho="1" sc="188,0,175,-20,201,20,436,0" /><INIT seed="6,0,0,5,2,104" ten="188,155,221,436" oya="2" hai0="30,7,72,77,18,107,88,46,51,66,76,83,127" hai1="101,130,40,100,70,23,20,57,44,33,26,97,95" hai2="126,0,85,69,49,61,14,56,37,113,43,65,119" hai3="10,58,39,81,133,67,87,48,122,105,96,116,80"/><V1/><F119/><W118/><G39/><T132/><D107/><U32/><E70/><V21/><F113/><W131/><G122/><T110/><D110/><U13/><E130/><V120/><F120/><W109/><G109/><T121/><D121/><U123/><E123/><V68/><F126/><W8/><G80/><T53/><D127/><U19/><E57/><V78/><F69/><W54/><G131/><T59/><D132/><U55/><E55/><N who="2" m="31855" /><F85/><W34/><G34/><T89/><D77/><U124/><E101/><V94/><F94/><W29/><G29/><T64/><D30/><U45/><E45/><N who="2" m="23791" /><F78/><W35/><G35/><T112/><D112/><U31/><REACH who="1" step="1"/><E124/><REACH who="1" ten="188,145,221,436" step="2"/><V106/><F106/><W12/><G116/><T135/><D135/><U82/><E82/><V99/><F99/><W5/><G118/><T24/><D46/><U74/><E74/><V134/><F134/><W11/><G133/><T38/><D59/><U98/><E98/><V102/><F102/><W16/><G96/><T111/><D111/><U90/><E90/><V4/><F68/><W71/><G71/><T52/><D89/><U86/><E86/><V117/><F117/><W84/><G84/><T9/><D88/><U125/><E125/><V92/><F92/><W28/><G105/><T73/><D73/><U129/><E129/><V15/><F65/><W3/><G67/><T2/><D66/><U79/><E79/><V22/><F61/><W36/><G87/><T47/><D64/><U93/><E93/><V75/><F75/><W6/><G81/><T91/><D83/><U128/><E128/><RYUUKYOKU ba="0,1" sc="188,-10,145,30,221,-10,436,-10" hai1="13,19,20,23,26,31,32,33,40,44,95,97,100" /><INIT seed="7,1,1,5,2,41" ten="178,175,211,426" oya="3" hai0="23,110,12,127,49,107,129,34,50,76,30,62,26" hai1="68,51,99,25,37,38,119,1,105,95,4,59,45" hai2="57,90,10,0,83,80,91,14,28,70,104,44,86" hai3="65,124,74,85,126,89,92,2,130,24,122,73,135"/><W88/><G122/><T84/><D107/><U131/><E68/><V128/><F70/><W106/><G2/><T60/><D110/><U97/><E131/><V18/><F128/><W9/><G65/><T77/><D129/><U42/><E119/><V79/><F104/><W21/><G106/><T61/><D127/><N who="3" m="48681" /><G9/><T116/><D116/><U35/><E4/><V75/><F0/><W134/><G89/><T16/><REACH who="0" step="1"/><D84/><REACH who="0" ten="168,175,211,426" step="2"/><U52/><E1/><V66/><F86/><W53/><G130/><T22/><D22/><U47/><E105/><V17/><F75/><N who="3" m="28683" /><G53/><T3/><D3/><U109/><E109/><V125/><F125/><W46/><G46/><T6/><D6/><U133/><E133/><V20/><F44/><W81/><G92/><T64/><D64/><U31/><E95/><V11/><F66/><W100/><G100/><T96/><D96/><U33/><E33/><V39/><F83/><W48/><G48/><AGARI ba="1,2" hai="12,16,23,26,30,34,48,49,50,60,61,62,76,77" machi="48" ten="40,5200,0" yaku="1,1,54,1,53,1" doraHai="41" doraHaiUra="19" who="0" fromWho="3" sc="168,75,175,0,211,0,426,-55" owari="243,4.3,175,-32.5,211,-18.9,371,47.1" /></mjloggm>