<mjloggm ver="2.3"><GO type="169" lobby="0"/><UN n0="%E3%81%AF%E3%81%BE%E3%81%A1%E3%83%AA%E3%83%BC%E3%82%B0" n1="%53%68%69%72%6C%65%79" n2="%E6%81%8B%E3%81%AE%E3%81%86%E3%81%9F" n3="%E3%83%99%E3%83%A8%E3%83%B3%E3%82%B8%E3%83%A5" dan="17,16,17,16" rate="2129.34,2091.37,2264.47,2086.68" sx="M,M,M,M"/><TAIKYOKU oya="0"/><INIT seed="0,0,0,1,5,87" ten="250,250,250,250" oya="0" hai0="92,21,109,128,36,74,122,82,98,102,86,3,13" hai1="24,131,104,63,11,53,108,52,38,28,32,33,132" hai2="116,111,80,1,31,91,126,30,49,100,20,43,129" hai3="27,51,127,96,67,106,66,14,6,119,90,65,12"/><T59/><D36/><U77/><E108/><V45/><F1/><W115/><G115/><T117/><D3/><U95/><E104/><V16/><F111/><W42/><G119/><T44/><D109/><U60/><E38/><V113/><F113/><W73/><G127/><T46/><D117/><U10/><E77/><V7/><F129/><W23/><G73/><T124/><D122/><U48/><E132/><V25/><F7/><W110/><G6/><T130/><D74/><U112/><E112/><V62/><F100/><W84/><G96/><T0/><D0/><U54/><E32/><V26/><F126/><W41/><G106/><T85/><D85/><U133/><E133/><V39/><F39/><W123/><G123/><T57/><D124/><U107/><E107/><V47/><F47/><N who="0" m="17962" /><D130/><U29/><E48/><V101/><F101/><W97/><G51/><T120/><D120/><U121/><E131/><V81/><F62/><W17/><G97/><T2/><D2/><U58/><E60/><V68/><F68/><W71/><G71/><T35/><D35/><U70/><E70/><V105/><F105/><W56/><G56/><T61/><D61/><U78/><E121/><V4/><F4/><W76/><G76/><N who="0" m="46407" /><D128/><U135/><E135/><V103/><F116/><W79/><G79/><T19/><AGARI ba="0,0" hai="13,19,21,57,59,92,98,102" m="46407,17962" machi="19" ten="30,1500,0" yaku="8,1" doraHai="87" who="0" fromWho="0" sc="250,15,250,-5,250,-5,250,-5" /><INIT seed="0,1,0,2,4,8" ten="265,245,245,245" oya="0" hai0="45,21,135,128,114,68,92,5,112,37,34,91,126" hai1="96,109,12,102,106,49,40,3,121,63,25,117,60" hai2="82,58,83,89,90,80,76,30,50,1,84,129,51" hai3="133,55,46,124,98,57,7,9,16,32,118,97,33"/><T43/><D34/><U19/><E117/><V59/><F1/><W42/><G118/><T108/><D68/><U103/><E121/><V22/><F129/><W107/><G124/><T52/><D126/><U73/><E3/><V95/><F76/><W74/><G133/><T99/><D128/><U131/><E131/><V61/><F58/><W56/><G74/><T116/><D116/><U123/><E123/><V115/><F115/><W36/><G56/><T78/><D135/><U77/><E109/><V23/><F89/><W10/><G10/><T70/><D70/><U87/><E73/><V104/><F104/><W111/><G111/><T28/><D78/><U2/><E25/><N who="2" m="16695" /><F23/><W127/><G127/><T65/><D65/><AGARI ba="1,0" hai="50,51,59,61,65,80,82,83,84,90,95" m="16695" machi="65" ten="30,1000,0" yaku="8,1" doraHai="8" who="2" fromWho="0" sc="265,-13,245,0,245,13,245,0" /><INIT seed="1,0,0,4,1,128" ten="252,245,258,245" oya="1" hai0="80,107,42,112,27,101,91,86,82,74,31,58,0" hai1="19,45,24,94,29,12,87,63,64,133,132,114,50" hai2="16,111,122,119,70,51,109,36,95,96,23,71,117" hai3="125,5,93,124,105,67,84,25,88,85,59,1,130"/><U103/><E114/><V99/><F36/><W10/><G130/><T135/><D112/><U57/><E103/><V41/><F41/><W116/><G105/><T44/><D0/><U37/><E37/><V102/><F51/><W39/><G39/><T54/><D107/><U30/><E94/><V4/><F4/><W120/><G120/><T92/><D135/><N who="1" m="51787" /><E87/><V73/><F73/><W32/><G116/><N who="2" m="44617" /><F96/><W43/><G43/><T49/><D101/><U77/><E77/><V126/><F126/><W34/><G84/><T127/><D127/><N who="3" m="48713" /><G25/><T79/><D80/><U83/><E24/><N who="2" m="14439" /><F122/><W106/><G106/><T108/><D74/><U55/><E83/><V72/><F72/><W20/><G20/><AGARI ba="0,0" hai="12,19,20,29,30,45,50,55,57,63,64" m="51787" machi="20" ten="30,11600,0" yaku="20,1,52,3" doraHai="128" who="1" fromWho="3" sc="252,0,245,116,258,0,245,-116" /><INIT seed="1,1,0,4,3,1" ten="252,361,258,129" oya="1" hai0="0,135,19,28,71,59,60,63,7,67,84,117,103" hai1="102,3,97,12,65,62,68,107,92,20,134,111,86" hai2="133,119,58,4,22,130,122,11,37,79,128,93,77" hai3="23,75,48,108,109,9,27,45,13,87,56,115,94"/><U34/><E3/><V44/><F119/><W74/><G115/><T104/><D117/><U25/><E134/><V89/><F122/><W24/><G56/><T57/><D135/><U96/><E111/><N who="3" m="42570" /><G87/><T114/><D114/><U52/><E86/><V81/><F22/><W120/><G94/><T70/><D28/><U99/><E34/><V126/><F126/><W41/><G120/><T55/><D19/><U110/><E110/><V38/><F58/><W64/><G64/><T85/><D85/><U5/><E52/><V2/><F133/><W131/><G131/><N who="2" m="50217" /><F44/><W6/><G27/><T49/><D84/><U10/><E107/><V31/><F31/><AGARI ba="1,0" hai="6,9,13,23,24,31,41,45,48,74,75" m="42570" machi="31" ten="30,2000,0" yaku="14,1,52,1" doraHai="1" who="3" fromWho="2" sc="252,0,361,0,258,-23,129,23" /><AGARI ba="1,0" hai="5,10,12,20,25,31,62,65,68,92,96,97,99,102" machi="31" ten="30,2900,0" yaku="7,1,52,1" doraHai="1" who="1" fromWho="2" sc="252,0,361,29,235,-29,152,0" /><INIT seed="1,2,0,4,2,56" ten="252,390,206,152" oya="1" hai0="50,29,31,16,6,81,102,1,98,99,67,17,86" hai1="74,14,52,49,127,40,77,20,122,46,100,106,120" hai2="119,89,125,37,123,33,103,0,93,25,5,39,115" hai3="116,9,75,97,34,117,130,13,109,118,88,80,65"/><U105/><E127/><V8/><F119/><W126/><G109/><T21/><D1/><U53/><E53/><V69/><F123/><W54/><G34/><T15/><D6/><U36/><E77/><V48/><F103/><W61/><G126/><T110/><D110/><U108/><E74/><V60/><F48/><W107/><G54/><T43/><D67/><U18/><E108/><V4/><F4/><W7/><G130/><T38/><D38/><U32/><E32/><V87/><F115/><W79/><G107/><T131/><D131/><U73/><E73/><V71/><F125/><W11/><G11/><T47/><D17/><U59/><REACH who="1" step="1"/><E100/><REACH who="1" ten="252,380,206,152" step="2"/><V28/><F33/><W82/><G79/><T64/><D64/><U135/><E135/><V45/><F89/><W68/><G75/><T101/><D101/><U95/><E95/><AGARI ba="2,1" hai="7,9,13,61,65,68,80,82,88,95,97,116,117,118" machi="95" ten="40,5200,0" yaku="12,1,52,1,54,1" doraHai="56" who="3" fromWho="1" sc="252,0,380,-58,206,0,152,68" /><INIT seed="2,0,0,1,4,133" ten="252,322,206,220" oya="2" hai0="79,120,7,35,72,45,6,101,106,29,2,10,88" hai1="5,0,50,44,21,74,104,49,131,55,129,11,90" hai2="92,8,73,46,77,112,15,59,116,113,132,18,87" hai3="110,122,1,135,16,60,68,38,111,56,85,91,71"/><V89/><F116/><W125/><G122/><T95/><D120/><U39/><E104/><V127/><F132/><W17/><G1/><T114/><D114/><U126/><E74/><V121/><F121/><W70/><G38/><T80/><D7/><U82/><E39/><V25/><F73/><W98/><G98/><T96/><D45/><U62/><E62/><V58/><F112/><W103/><G103/><T32/><REACH who="0" step="1"/><D29/><REACH who="0" ten="242,322,206,220" step="2"/><U20/><E44/><V41/><F113/><W81/><G135/><T86/><AGARI ba="0,1" hai="2,6,10,32,35,72,79,80,86,88,95,96,101,106" machi="86" ten="20,12000,2" yaku="1,1,2,1,0,1,7,1,24,2,54,1,53,0" doraHai="133" doraHaiUra="23" who="0" fromWho="0" sc="242,130,322,-30,206,-60,220,-30" /><INIT seed="3,0,0,4,2,130" ten="372,292,146,190" oya="3" hai0="19,47,31,39,11,99,127,28,116,134,5,64,6" hai1="86,68,30,45,49,126,95,128,24,46,90,94,54" hai2="15,17,20,103,71,77,89,131,38,113,107,61,132" hai3="51,42,81,97,67,135,63,0,78,133,92,66,96"/><W83/><G0/><T75/><D116/><U87/><E128/><V125/><F131/><W16/><G83/><T84/><D127/><U69/><E126/><V76/><F125/><W73/><G67/><T122/><D122/><U121/><E121/><V118/><F38/><W85/><G73/><T93/><D75/><U111/><E111/><V21/><F113/><W82/><G82/><T4/><D64/><U1/><E1/><V10/><F118/><W117/><G117/><T115/><D115/><U80/><E46/><V110/><F110/><W43/><G96/><T8/><D84/><U129/><E129/><V23/><F107/><W40/><G16/><T58/><D58/><U35/><E95/><V102/><F71/><W9/><G9/><T32/><D32/><U50/><E50/><V56/><F89/><AGARI ba="0,0" hai="24,30,35,45,49,54,68,69,80,86,87,89,90,94" machi="89" ten="30,1000,0" yaku="7,1" doraHai="130" who="1" fromWho="2" sc="372,0,292,10,146,-10,190,0" /><INIT seed="4,0,0,2,4,37" ten="372,302,136,190" oya="0" hai0="89,60,46,10,92,118,123,86,99,9,87,67,44" hai1="79,0,11,97,23,111,130,94,128,85,36,105,119" hai2="33,102,15,43,70,106,31,129,95,38,12,16,121" hai3="88,116,1,75,47,6,76,14,133,20,110,32,22"/><T68/><D118/><U131/><E111/><V55/><F121/><W40/><G110/><T59/><D123/><U2/><E119/><V19/><F70/><W39/><G116/><T17/><D68/><U74/><E11/><V122/><F122/><W49/><G133/><T83/><D87/><U103/><E36/><V62/><F106/><W26/><G14/><T96/><D99/><U114/><E23/><V61/><F129/><W135/><G49/><T108/><D108/><U71/><E71/><V54/><F38/><W64/><G64/><T113/><D113/><U126/><E114/><V93/><F33/><W69/><G69/><T25/><D25/><U91/><E126/><V13/><F13/><W53/><G53/><T80/><D80/><AGARI ba="0,0" hai="0,2,74,79,80,85,91,94,97,103,105,128,130,131" machi="80" ten="40,5200,0" yaku="24,2,19,1" doraHai="37" who="1" fromWho="0" sc="372,-52,302,52,136,0,190,0" /><INIT seed="5,0,0,2,0,9" ten="320,354,136,190" oya="1" hai0="30,89,134,54,132,51,110,100,135,63,56,14,131" hai1="116,32,98,106,55,96,28,102,92,95,124,90,68" hai2="81,20,126,115,37,59,3,80,31,128,130,79,26" hai3="77,112,45,113,122,4,91,19,24,74,1,39,73"/><U44/><E116/><V38/><F3/><W66/><G122/><T62/><D100/><U109/><E68/><V2/><F2/><W29/><G66/><T105/><D105/><U36/><E124/><V125/><F59/><W123/><G123/><T120/><D120/><U118/><E118/><V72/><F81/><W11/><G91/><T40/><D110/><U84/><E109/><V49/><F49/><W34/><G19/><T23/><D131/><N who="2" m="50218" /><F20/><W27/><G27/><T101/><D101/><U46/><E36/><N who="2" m="13931" /><F26/><W35/><G35/><T83/><D40/><U97/><E32/><V133/><F31/><W127/><G127/><N who="2" m="48649" /><F115/><N who="3" m="44107" /><G77/><T47/><D30/><U86/><E28/><V25/><F25/><W16/><G16/><N who="0" m="10647" /><D56/><U0/><E0/><V104/><F104/><W22/><G22/><T76/><D89/><U121/><E121/><V21/><F21/><W75/><G75/><AGARI ba="0,0" hai="47,51,54,62,63,75,76,83,132,134,135" m="10647" machi="75" ten="30,3900,0" yaku="20,1,52,1,54,1" doraHai="9" who="0" fromWho="3" sc="320,39,354,0,136,0,190,-39" /><INIT seed="6,0,0,0,5,85" ten="359,354,136,151" oya="2" hai0="96,127,39,110,126,99,100,18,133,62,106,68,94" hai1="30,10,25,120,84,54,43,107,89,7,59,3,45" hai2="42,2,61,11,103,22,123,64,131,117,105,20,113" hai3="134,87,102,129,67,90,66,40,14,92,132,16,21"/><V37/><F117/><W48/><G129/><T83/><D110/><U115/><E115/><V0/><F123/><W78/><G78/><T75/><D39/><U32/><E107/><V108/><F113/><W79/><G79/><N who="0" m="44543" /><D18/><U111/><E120/><V130/><F108/><W101/><G132/><T119/><D62/><U121/><E121/><V60/><F105/><W77/><G77/><T47/><D47/><U51/><E111/><V24/><F103/><N who="3" m="39435" /><G134/><T71/><D133/><U53/><REACH who="1" step="1"/><E59/><REACH who="1" ten="359,344,136,151" step="2"/><V15/><F131/><W93/><G93/><AGARI ba="0,1" hai="3,7,10,25,30,32,43,45,51,53,54,84,89,93" machi="93" ten="30,8000,1" yaku="1,1,2,1,7,1,52,1,53,1" doraHai="85" doraHaiUra="5" who="1" fromWho="3" sc="359,0,344,90,136,0,151,-80" /><INIT seed="7,0,0,2,2,65" ten="359,434,136,71" oya="3" hai0="40,134,22,1,73,126,74,127,94,89,91,58,103" hai1="62,111,46,132,114,110,15,93,106,125,56,35,98" hai2="42,28,60,133,25,78,100,104,128,129,29,47,54" hai3="59,9,66,69,8,67,84,71,45,13,61,52,39"/><W16/><G8/><T105/><D58/><U63/><E35/><V95/><F104/><W23/><G84/><T38/><D22/><U4/><E46/><V120/><F133/><W17/><G66/><T27/><D27/><U92/><E92/><V88/><F100/><W20/><G9/><T86/><D40/><U112/><E132/><V87/><F120/><W109/><G109/><T113/><D38/><U82/><E82/><V115/><F115/><N who="1" m="44073" /><E106/><V124/><F124/><N who="0" m="47658" /><D1/><U75/><E75/><N who="0" m="28681" /><D113/><U79/><E79/><V26/><F78/><W49/><REACH who="3" step="1"/><G39/><REACH who="3" ten="359,434,136,61" step="2"/><T118/><D134/><U33/><E125/><V116/><F87/><W108/><G108/><T101/><D105/><U130/><E110/><V51/><F128/><W50/><G50/><T48/><D48/><U31/><E130/><V107/><F129/><W10/><G10/><T21/><D118/><U19/><E111/><V34/><F116/><W2/><G2/><T90/><D21/><U122/><E33/><V123/><F107/><W76/><G76/><T55/><D55/><U68/><E62/><V102/><F54/><W32/><G32/><T97/><D86/><U44/><E63/><V99/><F60/><W37/><G37/><T5/><D5/><U96/><E4/><V12/><F34/><W80/><G80/><T53/><D53/><U135/><E135/><V117/><F117/><W43/><G43/><T77/><D77/><U3/><E3/><V6/><F42/><W18/><G18/><T85/><D85/><U72/><E19/><V30/><F51/><W119/><G119/><T70/><D97/><RYUUKYOKU ba="0,1" sc="359,-10,434,-10,136,-10,61,30" hai3="13,16,17,20,23,45,49,52,59,61,67,69,71" /><INIT seed="7,1,1,1,5,26" ten="349,424,126,91" oya="3" hai0="84,105,37,22,60,45,0,25,15,110,69,51,72" hai1="52,68,115,14,133,38,33,64,74,7,81,17,35" hai2="54,40,131,24,114,92,13,87,58,101,102,71,118" hai3="107,30,42,11,123,73,98,129,86,41,113,116,36"/><W134/><G116/><T55/><D72/><U96/><E38/><V43/><F71/><W8/><G123/><T117/><D110/><U122/><E122/><V120/><F114/><W78/><G73/><T121/><D121/><U119/><E7/><V47/><F131/><W83/><G113/><T90/><D0/><U57/><E133/><V76/><F118/><W4/><G134/><T70/><D117/><U59/><E59/><V32/><F32/><W88/><G129/><T16/><D105/><U49/><E115/><V75/><F24/><W85/><G36/><T62/><D37/><U56/><E68/><V132/><F120/><W66/><G66/><T89/><D89/><U135/><E135/><V125/><F125/><W112/><G112/><T12/><D70/><U94/><E56/><V63/><F75/><W106/><G30/><N who="0" m="17719" /><D12/><U100/><E64/><V79/><F13/><W130/><G130/><T80/><D69/><U93/><E119/><V65/><F132/><W9/><G4/><T128/><D128/><U21/><E33/><V29/><F29/><W95/><REACH who="3" step="1"/><G107/><REACH who="3" ten="349,424,126,81" step="2"/><T23/><AGARI ba="1,2" hai="15,16,23,45,51,55,60,62,80,84,90" m="17719" machi="23" ten="30,4000,0" yaku="8,1,52,1,54,1" doraHai="26" who="0" fromWho="0" sc="349,63,424,-11,126,-11,81,-21" owari="412,21.2,413,51.3,115,-28.5,60,-44.0" /></mjloggm>