<mjloggm ver="2.3"><GO type="225" lobby="0"/><UN n0="%E9%A6%AC%E5%BC%95%E7%81%AB%33" n1="%E3%81%AF%E3%82%88%E3%81%8A%E3%81%98%E3%81%95%E3%82%93" n2="%72%61%6B%33" n3="%E8%81%B7%E6%A5%AD%E3%80%81%E9%A2%A8%32" dan="16,16,16,16" rate="2140.45,2194.24,2103.90,2174.10" sx="M,M,M,M"/><TAIKYOKU oya="0"/><INIT seed="0,0,0,4,0,79" ten="250,250,250,250" oya="0" hai0="75,115,11,83,92,7,93,66,76,113,105,60,102" hai1="67,13,107,87,69,122,23,91,130,2,126,110,36" hai2="119,26,35,8,29,15,30,17,80,125,124,48,37" hai3="21,25,108,51,40,84,24,121,132,16,32,71,81"/><T104/><D113/><U4/><E122/><V59/><F37/><W120/><G108/><T117/><D117/><U111/><E36/><V12/><F59/><W28/><G71/><T39/><D115/><U65/><E107/><V100/><F100/><W56/><G132/><T73/><D73/><U9/><E126/><V27/><F48/><W33/><G33/><T133/><D133/><U58/><E69/><V131/><F119/><W55/><REACH who="3" step="1"/><G40/><REACH who="3" ten="250,250,250,240" step="2"/><T50/><D102/><U3/><E111/><V134/><F134/><W89/><AGARI ba="0,1" hai="16,21,24,25,28,32,51,55,56,81,84,89,120,121" machi="89" ten="30,8000,1" yaku="1,1,2,1,0,1,52,1,54,1,53,0" doraHai="79" doraHaiUra="95" who="3" fromWho="3" sc="250,-40,250,-20,250,-20,240,90" /><INIT seed="1,0,0,0,0,123" ten="210,230,230,330" oya="1" hai0="28,38,5,76,98,83,80,60,119,24,27,12,128" hai1="49,115,59,99,102,53,3,46,54,92,52,124,23" hai2="68,77,41,56,86,17,39,67,81,6,82,61,42" hai3="134,44,8,85,35,10,117,14,0,100,126,109,116"/><U11/><E124/><V58/><F6/><N who="3" m="1095" /><G109/><T133/><D119/><N who="3" m="45641" /><G35/><T130/><D38/><U90/><E115/><V21/><F39/><W127/><G134/><T51/><D133/><U110/><E110/><V70/><F70/><W18/><G100/><T43/><D60/><U97/><E23/><V57/><REACH who="2" step="1"/><F82/><REACH who="2" ten="210,230,220,330" step="2"/><W20/><G127/><T33/><D83/><U62/><E3/><V94/><F94/><W65/><G126/><T7/><D7/><U122/><E122/><V95/><F95/><W16/><G65/><T34/><D80/><U48/><E11/><V25/><AGARI ba="0,1" hai="17,21,25,41,42,56,57,58,61,67,68,77,81,86" machi="25" ten="30,4000,0" yaku="1,1,0,1,53,1" doraHai="123" doraHaiUra="75" who="2" fromWho="2" sc="210,-10,230,-20,220,50,330,-10" /><INIT seed="2,0,0,0,2,129" ten="200,210,270,320" oya="2" hai0="90,119,40,54,39,132,55,113,71,43,45,81,77" hai1="89,60,42,10,93,41,131,67,94,107,46,2,51" hai2="62,116,31,56,130,110,103,105,8,59,108,84,80" hai3="53,92,19,117,26,48,44,36,123,61,30,63,97"/><V9/><F116/><W128/><G123/><T6/><D113/><U7/><E131/><V133/><F130/><W100/><G117/><T34/><D119/><U14/><E107/><V58/><F62/><N who="3" m="23563" /><G36/><T134/><D34/><U65/><E2/><V83/><F31/><W11/><G128/><T115/><D115/><U88/><E42/><V23/><F23/><N who="3" m="13695" /><G11/><T72/><D71/><U75/><E75/><V66/><F66/><W87/><G87/><T0/><D43/><U106/><E106/><V79/><F80/><W4/><G4/><T114/><D90/><U112/><E112/><V47/><F47/><W76/><G76/><T64/><D64/><U24/><E24/><V122/><F122/><W126/><G126/><T118/><D118/><U70/><E70/><V38/><F38/><W127/><G127/><T101/><D101/><U102/><E60/><V120/><F120/><W32/><G32/><T98/><D134/><U50/><E50/><V111/><F133/><W28/><AGARI ba="0,0" hai="28,30,44,48,53,92,97,100" m="13695,23563" machi="28" ten="30,1100,0" yaku="8,1" doraHai="129" who="3" fromWho="3" sc="200,-3,210,-3,270,-5,320,11" /><INIT seed="3,0,0,1,3,45" ten="197,207,265,331" oya="3" hai0="126,4,50,52,110,48,115,53,92,55,72,112,130" hai1="36,54,97,17,90,39,98,37,43,119,100,57,87" hai2="46,128,60,120,0,95,74,124,9,125,111,135,70" hai3="25,27,51,24,113,47,114,67,129,19,1,76,5"/><W40/><G129/><T118/><D118/><U2/><E119/><V28/><F95/><W30/><G76/><T101/><D130/><U58/><E2/><V35/><F46/><W122/><G67/><T29/><D110/><U26/><E43/><V108/><F60/><W8/><G122/><T18/><D126/><N who="2" m="48746" /><F74/><W133/><G133/><T109/><D109/><N who="2" m="42058" /><F70/><W56/><G56/><T64/><D72/><U14/><E26/><N who="2" m="18839" /><F128/><W84/><G51/><T105/><D105/><U94/><E100/><V99/><F99/><W103/><G47/><T127/><D127/><U79/><E58/><V23/><F23/><W32/><G40/><T71/><D29/><U85/><E85/><V7/><F135/><W81/><G103/><T31/><D31/><U3/><E97/><V86/><F86/><W63/><G63/><N who="0" m="40351" /><D18/><U15/><E17/><V134/><F134/><W13/><G84/><T96/><D4/><U73/><E73/><V65/><F65/><W6/><G81/><T104/><D104/><U20/><E79/><V107/><F107/><W88/><G113/><AGARI ba="0,0" hai="48,50,52,53,55,92,96,101,112,113,115" m="40351" machi="113" ten="30,7700,0" yaku="11,1,52,2,54,1" doraHai="45" who="0" fromWho="3" sc="197,77,207,0,265,0,331,-77" /><INIT seed="4,0,0,1,1,88" ten="274,207,265,254" oya="0" hai0="135,28,33,16,93,25,67,82,101,78,62,0,7" hai1="73,40,57,125,19,120,108,72,21,5,59,114,122" hai2="51,12,56,8,49,96,89,85,68,29,27,1,97" hai3="58,32,50,83,98,86,100,124,132,90,3,22,115"/><T126/><D135/><U61/><E108/><V38/><F68/><W84/><G32/><T80/><D126/><U111/><E111/><V11/><F38/><W60/><G3/><T30/><D30/><U55/><E125/><V119/><F1/><W37/><G37/><T41/><D41/><U123/><E114/><V4/><F11/><W64/><G124/><T24/><D0/><U103/><E5/><V54/><F49/><W48/><G132/><T17/><D7/><U52/><E103/><V112/><F119/><W102/><G115/><T131/><D131/><U99/><E99/><V23/><REACH who="2" step="1"/><F112/><REACH who="2" ten="274,207,255,254" step="2"/><W81/><G102/><T71/><D71/><U134/><E134/><V130/><F130/><W34/><G34/><T13/><D33/><U53/><E40/><V47/><F47/><W65/><G22/><T105/><D62/><U104/><E104/><V117/><F117/><W127/><G127/><T14/><D105/><U2/><E2/><V129/><F129/><W121/><G121/><T116/><D116/><U92/><E92/><AGARI ba="0,1" hai="4,8,12,23,27,29,51,54,56,85,89,92,96,97" machi="92" ten="30,7700,0" yaku="1,1,7,1,8,1,52,1,53,0" doraHai="88" doraHaiUra="128" who="2" fromWho="1" sc="274,0,207,-77,255,87,254,0" owari="274,7.4,130,-37.0,342,44.2,254,-14.6" /></mjloggm>