<mjloggm ver="2.3"><GO type="169" lobby="0"/><UN n0="%46%E5%92%B8%E9%AD%9A%E5%92%B8%E9%AD%9A%E5%92%B8" n1="%6B%61%7A%75%73%61" n2="%E3%81%A9%E3%82%93%E3%81%9F%E3%82%83%E3%82%93" n3="%E5%85%A9%E5%84%80%E4%B8%B6%E5%BC%8F" dan="16,17,16,16" rate="2077.55,2140.91,2144.16,2122.86" sx="M,F,F,M"/><TAIKYOKU oya="0"/><INIT seed="0,0,0,5,2,82" ten="250,250,250,250" oya="0" hai0="34,61,92,37,20,129,87,123,36,28,31,22,86" hai1="71,109,10,45,101,62,11,30,53,26,106,114,73" hai2="5,85,68,0,91,19,27,66,1,135,55,83,103" hai3="124,132,98,29,90,93,50,7,100,125,69,3,67"/><T107/><D107/><U59/><E109/><V44/><F135/><W120/><G132/><T8/><D123/><U99/><E73/><V24/><F103/><W76/><G120/><T72/><D72/><U121/><E121/><V128/><F128/><W115/><G76/><T131/><D92/><U105/><E105/><V57/><F44/><W122/><G122/><T16/><D16/><U78/><E78/><V133/><F133/><W25/><G115/><T54/><D54/><U12/><E114/><V127/><F127/><W14/><G3/><T95/><D95/><U75/><E75/><V49/><F19/><W96/><G50/><T52/><D52/><U112/><E112/><V33/><F33/><W2/><G2/><T79/><D79/><U108/><E108/><V111/><F111/><W35/><G14/><T41/><D61/><U117/><E117/><V94/><F83/><W102/><G7/><T89/><D89/><U48/><E12/><V9/><REACH who="2" step="1"/><F0/><REACH who="2" ten="250,250,240,250" step="2"/><W32/><G32/><T88/><D34/><N who="1" m="20823" /><E45/><V38/><F38/><W60/><REACH who="3" step="1"/><G100/><REACH who="3" ten="250,250,240,240" step="2"/><T23/><D37/><U118/><E118/><V56/><F56/><W4/><G4/><T43/><D36/><U39/><E39/><V13/><F13/><W84/><G84/><T15/><D15/><U113/><E113/><V40/><F40/><W17/><G17/><T97/><D41/><U58/><E71/><V126/><F126/><W110/><G110/><T64/><D43/><U130/><E130/><V42/><F42/><W80/><G80/><T18/><D131/><U104/><E104/><AGARI ba="0,2" hai="25,29,35,60,67,69,90,93,96,98,102,104,124,125" machi="104" ten="40,5200,0" yaku="1,1,25,2,53,0" doraHai="82" doraHaiUra="116" who="3" fromWho="1" sc="250,0,250,-52,240,0,240,72" /><INIT seed="1,0,0,5,2,16" ten="250,198,240,312" oya="1" hai0="65,6,69,76,66,132,0,11,5,57,86,12,53" hai1="70,75,108,109,3,78,37,48,90,68,81,103,2" hai2="130,7,91,42,84,47,74,60,56,64,106,129,89" hai3="63,115,35,50,135,98,51,121,24,120,9,44,15"/><U30/><E37/><V92/><F106/><W96/><G115/><T79/><D132/><U116/><E103/><V14/><F74/><W112/><G112/><T131/><D131/><U88/><E116/><V23/><F91/><N who="1" m="34857" /><E48/><V31/><F7/><W110/><G63/><T119/><D119/><U94/><E94/><V95/><F95/><W28/><G51/><T71/><D0/><N who="1" m="43" /><E30/><V13/><F31/><W134/><G135/><T27/><D86/><U10/><E10/><V45/><F45/><W126/><G134/><T39/><D39/><U43/><E43/><V113/><F113/><W123/><G50/><T49/><D5/><U20/><E20/><V97/><F84/><W19/><G44/><T105/><D105/><U4/><E4/><V117/><F117/><W73/><G73/><T21/><D71/><U124/><E124/><V26/><F26/><W29/><G126/><T83/><D69/><U114/><E114/><V1/><F1/><W55/><G28/><N who="0" m="17519" /><D83/><U18/><E18/><V67/><F64/><AGARI ba="0,0" hai="6,11,12,49,53,57,64,65,66,76,79" m="17519" machi="64" ten="30,2000,0" yaku="8,1,52,1" doraHai="16" who="0" fromWho="2" sc="250,20,198,0,240,-20,312,0" /><INIT seed="2,0,0,4,0,123" ten="270,198,220,312" oya="2" hai0="105,79,88,10,119,133,34,9,120,15,98,96,28" hai1="21,77,59,53,47,45,65,14,1,129,26,55,84" hai2="121,106,124,70,89,99,118,74,62,112,103,50,116" hai3="76,107,25,115,7,49,93,43,3,58,0,73,69"/><V11/><F121/><W12/><G107/><T46/><D120/><U72/><E72/><V130/><F112/><W38/><G69/><T113/><D113/><U40/><E1/><V82/><F130/><W56/><G115/><T97/><D133/><U61/><E129/><V131/><F131/><W80/><G0/><T22/><D79/><U2/><E2/><V37/><F37/><W48/><G25/><N who="0" m="16439" /><D34/><U23/><E14/><V126/><F11/><N who="0" m="4106" /><D105/><U75/><E75/><V83/><F50/><W95/><G49/><T67/><D67/><U111/><E77/><N who="2" m="44343" /><F62/><W60/><G38/><T87/><D119/><N who="2" m="45610" /><F70/><W100/><G3/><T31/><D31/><U66/><E84/><AGARI ba="0,0" hai="83,84,89,99,103,106,124,126" m="45610,44343" machi="84" ten="30,2900,0" yaku="34,2" doraHai="123" who="2" fromWho="1" sc="270,0,198,-29,220,29,312,0" /><INIT seed="2,1,0,4,3,129" ten="270,169,249,312" oya="2" hai0="9,132,37,111,30,61,33,108,38,63,94,119,103" hai1="0,117,13,135,130,56,40,100,131,86,96,92,83" hai2="80,95,93,16,32,97,81,12,60,62,89,59,7" hai3="50,71,77,31,23,72,58,127,133,75,76,2,35"/><V105/><F105/><W18/><G2/><T124/><D124/><U82/><E0/><V49/><F32/><W122/><G71/><T51/><D119/><U10/><E117/><V118/><F118/><W41/><G122/><T107/><D51/><U54/><E40/><V26/><F7/><W114/><G114/><T85/><D132/><U39/><E39/><V19/><F49/><W17/><G127/><T99/><D9/><U27/><E27/><V3/><F3/><W110/><G35/><T121/><D121/><U65/><E65/><V102/><F26/><W53/><G110/><N who="0" m="42027" /><D30/><U115/><E115/><V15/><F89/><W116/><G116/><T101/><D33/><U84/><E135/><V79/><F59/><W24/><G133/><T134/><D134/><U5/><E130/><V126/><F126/><W106/><G106/><T68/><D85/><N who="1" m="32875" /><E131/><V6/><F97/><W45/><G75/><T8/><D8/><U128/><E128/><V104/><F104/><W98/><G98/><N who="0" m="61879" /><D68/><U47/><E47/><V88/><F6/><W69/><G69/><T21/><D21/><U44/><E44/><V125/><F125/><W73/><G73/><T87/><D87/><U67/><E67/><V46/><F46/><W36/><G72/><T91/><D103/><U74/><E74/><V4/><F4/><W28/><REACH who="3" step="1"/><G17/><REACH who="3" ten="270,169,249,302" step="2"/><T43/><D43/><U22/><E5/><V48/><F19/><W70/><G70/><T113/><D113/><U112/><E112/><V120/><F16/><W25/><G25/><T20/><D99/><U123/><E123/><V78/><F120/><RYUUKYOKU ba="1,1" sc="270,-10,169,-10,249,-10,302,30" hai3="18,23,24,28,31,36,41,45,50,53,58,76,77" /><INIT seed="3,2,1,1,1,8" ten="260,159,239,332" oya="3" hai0="128,131,4,75,35,106,90,47,15,10,112,123,28" hai1="119,73,24,89,127,6,64,133,103,12,44,18,135" hai2="124,88,102,21,33,30,54,45,86,32,66,116,60" hai3="82,38,52,125,56,0,91,57,98,129,58,101,118"/><W63/><G118/><T67/><D123/><U14/><E119/><V59/><F116/><W51/><G0/><T83/><D106/><U69/><E73/><V43/><F124/><W100/><G38/><T134/><D67/><U114/><E114/><V26/><F102/><N who="3" m="39531" /><G125/><T42/><D134/><N who="1" m="51211" /><E127/><V16/><F30/><W7/><G129/><T61/><D61/><N who="1" m="40079" /><E103/><V70/><F70/><W2/><G2/><T76/><D90/><U49/><E89/><V23/><F23/><W36/><G36/><T79/><D79/><U115/><E115/><V22/><F22/><W25/><G7/><T120/><D120/><U104/><E104/><V11/><F11/><W126/><G126/><T48/><REACH who="0" step="1"/><D112/><REACH who="0" ten="250,159,239,332" step="2"/><U117/><E117/><V29/><F66/><N who="3" m="39271" /><G98/><T87/><D87/><U50/><E6/><V53/><F29/><W72/><G72/><T65/><D65/><U99/><E99/><V105/><F105/><W9/><G91/><T62/><D62/><U84/><E84/><V81/><REACH who="2" step="1"/><F54/><REACH who="2" ten="250,159,229,332" step="2"/><W108/><G52/><T39/><D39/><AGARI ba="2,3" hai="16,21,26,32,33,39,43,45,53,59,60,81,86,88" machi="39" ten="30,12000,2" yaku="1,1,2,1,7,1,54,2,53,1" doraHai="8" doraHaiUra="80" who="2" fromWho="0" sc="250,-126,159,0,229,156,332,0" /><INIT seed="4,0,0,3,1,129" ten="124,159,385,332" oya="0" hai0="108,91,121,58,106,60,8,28,73,15,109,55,118" hai1="65,92,115,45,125,19,46,4,14,42,100,112,67" hai2="75,35,25,0,34,18,101,107,66,123,38,59,33" hai3="23,9,72,24,57,99,105,54,48,30,32,41,134"/><T74/><D118/><U39/><E125/><V110/><F123/><W53/><G72/><T116/><D116/><U21/><E46/><V117/><F110/><N who="0" m="42602" /><D121/><U44/><E44/><V5/><F117/><W119/><G119/><T122/><D122/><U124/><E124/><V40/><F75/><N who="0" m="28682" /><D28/><U90/><E100/><V13/><F40/><W95/><G41/><T130/><D130/><U111/><E4/><V3/><F38/><W81/><G105/><T88/><D106/><U47/><E47/><V94/><F107/><W84/><G134/><T104/><D104/><U113/><REACH who="1" step="1"/><E111/><REACH who="1" ten="124,149,385,332" step="2"/><V37/><F5/><AGARI ba="0,1" hai="5,8,15,55,58,60,88,91" m="28682,42602" machi="5" ten="30,2900,0" yaku="10,1,54,1" doraHai="129" who="0" fromWho="2" sc="124,39,149,0,385,-29,332,0" /><INIT seed="4,1,0,3,5,106" ten="163,149,356,332" oya="0" hai0="40,80,5,99,75,48,127,78,3,95,71,44,42" hai1="37,59,84,112,124,82,104,51,24,73,85,25,122" hai2="47,100,96,39,135,91,46,29,0,118,16,34,36" hai3="20,13,98,83,32,103,131,116,120,113,66,38,101"/><T81/><D127/><U54/><E122/><V2/><F91/><W52/><G116/><T17/><D71/><U128/><E124/><V31/><F118/><W86/><G32/><T58/><D58/><U125/><E125/><V27/><F135/><W87/><G38/><T111/><D111/><U117/><E117/><V49/><F34/><W41/><G120/><T1/><D81/><U102/><E37/><V69/><F69/><W77/><G41/><T60/><D60/><U45/><E128/><V105/><F105/><W64/><G113/><T11/><D17/><U70/><E70/><V132/><F132/><W67/><G131/><T114/><D114/><U89/><E112/><V53/><F16/><N who="3" m="10255" /><G98/><T123/><D123/><U7/><E7/><V76/><F96/><W129/><G129/><T93/><D1/><U119/><E119/><V14/><F14/><W65/><N who="3" m="16384" /><DORA hai="28" /><W8/><G8/><T4/><D4/><U97/><E84/><V33/><F33/><W12/><G12/><T18/><D18/><U43/><REACH who="1" step="1"/><E73/><REACH who="1" ten="163,139,356,332" step="2"/><V110/><F39/><W57/><G86/><T79/><D99/><U74/><E74/><V121/><F36/><W126/><G126/><T130/><D130/><U68/><E68/><V9/><F121/><W30/><G30/><T21/><D75/><U107/><E107/><V108/><F31/><W26/><G26/><T19/><D5/><U56/><E56/><V50/><F27/><W10/><G10/><T72/><D11/><U62/><AGARI ba="1,1" hai="24,25,43,45,51,54,59,62,82,85,89,97,102,104" machi="62" ten="20,5200,0" yaku="1,1,0,1,7,1,53,1" doraHai="106,28" doraHaiUra="109,94" who="1" fromWho="1" sc="163,-27,139,65,356,-14,332,-14" /><INIT seed="5,0,0,0,4,58" ten="136,204,342,318" oya="1" hai0="19,43,66,59,87,60,93,106,12,3,42,121,98" hai1="119,61,63,2,26,15,11,101,7,6,62,67,80" hai2="21,79,125,76,49,92,13,115,40,64,131,94,31" hai3="95,5,35,127,133,123,72,81,86,25,34,55,9"/><U84/><E119/><V23/><F131/><W0/><G123/><T33/><D121/><U38/><E38/><V8/><F125/><W22/><G127/><T126/><D126/><U117/><E117/><V24/><F21/><W16/><G133/><T77/><D3/><U48/><E101/><V103/><F64/><W135/><G135/><T113/><D33/><U108/><E108/><V104/><F104/><W4/><G4/><T28/><D28/><U71/><E26/><V57/><F115/><W50/><G95/><N who="2" m="36393" /><F103/><W68/><G68/><T82/><D113/><U116/><E116/><V51/><F57/><W91/><REACH who="3" step="1"/><G72/><REACH who="3" ten="136,204,342,308" step="2"/><T17/><D106/><U75/><E75/><V111/><F111/><W122/><G122/><T65/><D65/><U37/><E37/><V30/><F31/><W20/><G20/><T53/><D66/><U27/><E6/><V120/><F120/><W97/><G97/><T118/><D118/><U73/><E73/><V107/><F107/><W47/><AGARI ba="0,1" hai="0,5,9,16,22,25,34,35,47,50,55,81,86,91" machi="47" ten="20,5200,0" yaku="1,1,0,1,7,1,54,1,53,0" doraHai="58" doraHaiUra="88" who="3" fromWho="3" sc="136,-13,204,-26,342,-13,308,62" /><INIT seed="6,0,0,3,4,53" ten="123,178,329,370" oya="2" hai0="18,127,78,52,43,39,131,132,4,103,26,107,70" hai1="96,82,33,1,27,57,62,88,77,124,80,89,42" hai2="133,125,2,35,50,118,112,84,111,94,25,63,22" hai3="115,14,65,114,129,17,28,113,40,61,135,51,119"/><V128/><F118/><W6/><G119/><T120/><D120/><U34/><E1/><V31/><F2/><W97/><G6/><T10/><D70/><U11/><E42/><V16/><F112/><W47/><G129/><T23/><D131/><U55/><E124/><V110/><F128/><W72/><G72/><T109/><D109/><N who="2" m="41482" /><F125/><W95/><G28/><T71/><D71/><U9/><E34/><V49/><F133/><W44/><G135/><T69/><D69/><U87/><E33/><V13/><F63/><W19/><G47/><T64/><D64/><U67/><E27/><V100/><F84/><W73/><G14/><T105/><D132/><U0/><E0/><V83/><F83/><W76/><G76/><T7/><D7/><U58/><E96/><AGARI ba="0,0" hai="13,16,22,25,31,35,49,50,94,96,100" m="41482" machi="96" ten="30,2900,0" yaku="10,1,54,1" doraHai="53" who="2" fromWho="1" sc="123,0,178,-29,329,29,370,0" /><INIT seed="6,1,0,3,3,23" ten="123,149,358,370" oya="2" hai0="118,70,29,20,33,106,58,64,45,128,7,97,30" hai1="55,113,50,36,26,21,24,38,79,129,75,69,96" hai2="10,6,19,131,37,123,108,4,81,133,98,13,124" hai3="102,44,3,72,68,63,85,16,66,120,61,126,74"/><V90/><F123/><W134/><G120/><T99/><D128/><U18/><E113/><V95/><F37/><W109/><G3/><T0/><D118/><U31/><E129/><V27/><F131/><W43/><G109/><T80/><D70/><U47/><E69/><V107/><F108/><W125/><G134/><T121/><D33/><U84/><E75/><V103/><F133/><W12/><G102/><T22/><D121/><U25/><E96/><V91/><F124/><N who="3" m="47723" /><G85/><T15/><D0/><U115/><E115/><V119/><F119/><W8/><G63/><N who="0" m="38007" /><D45/><U67/><E67/><V116/><F116/><W77/><G77/><T135/><D80/><U28/><E36/><AGARI ba="1,0" hai="8,12,16,36,43,44,61,66,68,72,74" m="47723" machi="36" ten="30,2000,0" yaku="18,1,54,1" doraHai="23" who="3" fromWho="1" sc="123,0,149,-23,358,0,370,23" /><INIT seed="7,0,0,1,2,11" ten="123,126,358,393" oya="3" hai0="53,132,106,15,120,8,20,50,60,14,82,109,59" hai1="105,6,39,9,76,25,0,94,133,117,16,107,35" hai2="134,47,110,51,4,58,28,31,24,3,80,75,29" hai3="119,27,102,52,57,104,77,127,33,70,12,98,61"/><W115/><G119/><T99/><D109/><U88/><E133/><V37/><F110/><W135/><G135/><T45/><D120/><U13/><E39/><V38/><F134/><W40/><G40/><T54/><D132/><U84/><E117/><V66/><F24/><W30/><G77/><T64/><D82/><U73/><E73/><V10/><F75/><W87/><G87/><T68/><D106/><U56/><E76/><V36/><F80/><W86/><G86/><T113/><D99/><U91/><E56/><V79/><F79/><W44/><G44/><T83/><D83/><U72/><E72/><V95/><F95/><W65/><G115/><T128/><D128/><U103/><E103/><V55/><REACH who="2" step="1"/><F66/><REACH who="2" ten="123,126,348,393" step="2"/><W101/><G127/><T19/><D113/><U108/><E108/><V17/><F17/><W118/><G118/><T21/><D15/><U97/><E25/><V130/><F130/><W5/><G102/><T85/><D85/><U63/><E107/><V81/><F81/><W125/><G125/><T7/><D19/><U122/><E105/><V46/><AGARI ba="0,1" hai="3,4,10,28,29,31,36,37,38,46,47,51,55,58" machi="46" ten="40,5200,0" yaku="1,1,0,1,53,1" doraHai="11" doraHaiUra="34" who="2" fromWho="2" sc="123,-13,126,-13,348,62,393,-26" owari="110,-39.0,113,-28.7,410,51.0,367,16.7" /></mjloggm>