<mjloggm ver="2.3"><GO type="169" lobby="0"/><UN n0="%52%65%61%6C%58" n1="%4C%61%72%72%6B" n2="%E3%81%B5%E3%81%8B" n3="%6F%6B%62%6F%6B%62" dan="16,16,17,17" rate="2162.30,2160.82,2229.36,2212.63" sx="F,M,M,M"/><TAIKYOKU oya="0"/><INIT seed="0,0,0,2,1,75" ten="250,250,250,250" oya="0" hai0="70,49,44,91,24,8,51,46,101,36,122,86,123" hai1="13,135,31,33,34,125,77,127,113,22,102,128,82" hai2="131,42,133,92,27,28,104,64,65,112,3,134,57" hai3="84,18,30,2,15,83,99,107,105,55,7,100,121"/><T103/><D70/><U110/><E102/><V60/><F104/><W17/><G30/><T21/><D36/><U14/><E110/><V26/><F112/><W97/><G2/><T85/><D8/><U0/><E113/><V35/><F131/><W96/><G7/><T19/><D122/><U29/><E0/><V10/><F42/><W58/><G17/><T126/><D126/><N who="1" m="48139" /><E128/><V54/><F27/><W87/><G121/><T69/><D69/><U130/><E130/><V47/><F92/><W41/><G41/><N who="0" m="24719" /><D123/><U12/><E135/><N who="2" m="51723" /><F47/><W63/><G105/><T109/><D109/><U39/><E39/><V117/><F117/><W108/><G84/><N who="0" m="32363" /><D91/><U43/><E43/><AGARI ba="0,0" hai="19,21,24,43,46,51,101,103" m="32363,24719" machi="43" ten="30,1500,0" yaku="8,1" doraHai="75" who="0" fromWho="1" sc="250,15,250,-15,250,0,250,0" /><INIT seed="0,1,0,4,2,91" ten="265,235,250,250" oya="0" hai0="4,95,45,97,54,119,63,71,28,32,36,7,70" hai1="79,93,108,25,9,55,27,114,58,102,19,67,1" hai2="65,135,74,10,64,5,82,66,78,8,23,20,133" hai3="103,115,43,80,11,46,130,15,34,50,128,73,125"/><T35/><D119/><U52/><E108/><V87/><F74/><W96/><G34/><T21/><D35/><U24/><E114/><V29/><F10/><W40/><G40/><T49/><D32/><U76/><E1/><V126/><F126/><W122/><G122/><T60/><D36/><U39/><E39/><V132/><REACH who="2" step="1"/><F29/><REACH who="2" ten="265,235,240,250" step="2"/><W106/><G125/><T88/><D71/><U75/><E75/><V83/><F83/><W57/><G115/><T61/><REACH who="0" step="1"/><D70/><REACH who="0" ten="255,235,240,250" step="2"/><U62/><E9/><V37/><F37/><W101/><G130/><T98/><D98/><N who="1" m="59727" /><E19/><V30/><F30/><W105/><G128/><T18/><D18/><U109/><E109/><V123/><F123/><W112/><G112/><T129/><D129/><U84/><E84/><V2/><AGARI ba="1,2" hai="2,5,8,20,23,64,65,66,78,82,87,132,133,135" machi="2" ten="40,5200,0" yaku="1,1,0,1,20,1,53,0" doraHai="91" doraHaiUra="14" who="2" fromWho="2" sc="255,-27,235,-14,240,75,250,-14" /><INIT seed="1,0,0,0,0,57" ten="228,221,315,236" oya="1" hai0="78,21,43,90,98,11,51,86,77,82,34,2,91" hai1="87,4,67,89,41,58,22,5,100,97,120,72,94" hai2="121,27,26,18,65,102,88,104,68,99,31,107,17" hai3="33,12,61,14,119,46,36,128,130,74,50,48,135"/><U109/><E120/><V83/><F121/><W56/><G74/><T101/><D34/><U42/><E72/><V75/><F104/><W19/><G33/><T116/><D116/><U96/><E109/><V8/><F8/><W118/><G14/><T16/><D78/><U106/><E22/><V13/><F13/><W47/><G19/><T80/><D11/><U45/><E97/><V3/><F3/><W62/><G12/><N who="0" m="9351" /><D2/><U79/><E79/><V69/><F75/><W95/><G95/><N who="0" m="58591" /><D80/><U113/><E113/><V20/><F27/><W92/><G92/><T110/><D110/><U44/><E44/><AGARI ba="0,0" hai="43,44,51,77,82,86,90,91" m="58591,9351" machi="44" ten="30,2000,0" yaku="8,1,54,1" doraHai="57" who="0" fromWho="1" sc="228,20,221,-20,315,0,236,0" /><INIT seed="2,0,0,5,5,59" ten="248,201,315,236" oya="2" hai0="105,77,128,120,76,90,114,46,104,70,74,47,64" hai1="129,51,10,49,4,7,122,80,116,81,5,127,75" hai2="133,73,40,17,91,55,14,39,111,93,25,65,83" hai3="100,117,134,27,6,131,60,108,1,31,20,121,62"/><V126/><F133/><W16/><G121/><T11/><D114/><U28/><E116/><V68/><F126/><W107/><G117/><T95/><D120/><U85/><E127/><V84/><F111/><W82/><G134/><T44/><D128/><U23/><E122/><V71/><F25/><W38/><G38/><T88/><D11/><U12/><E129/><V67/><F55/><W43/><G43/><T103/><D103/><U36/><E36/><V53/><F53/><W45/><G45/><T0/><D0/><U96/><E75/><V92/><F68/><W63/><G131/><T110/><D110/><U124/><E96/><V37/><F37/><W72/><G108/><T33/><D33/><U48/><E124/><V24/><F24/><W42/><G42/><T41/><D41/><U52/><E81/><V130/><F130/><W112/><G112/><T66/><D74/><U123/><E123/><V89/><F73/><W56/><G6/><N who="1" m="2666" /><E23/><V87/><F83/><W69/><G1/><T119/><D119/><U115/><E28/><V21/><REACH who="2" step="1"/><F71/><REACH who="2" ten="248,201,305,236" step="2"/><W34/><G69/><T26/><D26/><U2/><E115/><V30/><F30/><W15/><G82/><T106/><D70/><U32/><E2/><V50/><F50/><W19/><G72/><T98/><REACH who="0" step="1"/><D90/><REACH who="0" ten="238,201,305,236" step="2"/><N who="1" m="51495" /><E32/><V57/><F57/><AGARI ba="0,2" hai="7,10,12,48,49,51,52,57" m="51495,2666" machi="57" ten="30,2000,0" yaku="8,1,54,1" doraHai="59" who="1" fromWho="2" sc="238,0,201,40,305,-20,236,0" /><INIT seed="3,0,0,3,0,134" ten="238,241,285,236" oya="3" hai0="88,85,124,5,10,81,62,41,4,70,76,9,74" hai1="30,7,48,1,80,101,43,111,110,103,89,115,69" hai2="79,90,60,16,118,131,53,83,58,25,97,56,72" hai3="127,13,33,105,36,125,133,99,24,94,132,44,37"/><W126/><G105/><T100/><D124/><U123/><E115/><V116/><F131/><W3/><G3/><T26/><D100/><U0/><E123/><V119/><F58/><W120/><G120/><T17/><D41/><U129/><E69/><V52/><F53/><W63/><G63/><T8/><D70/><U57/><E30/><V65/><F65/><W95/><G13/><T12/><D62/><U29/><E29/><V91/><REACH who="2" step="1"/><F97/><REACH who="2" ten="238,241,275,236" step="2"/><W71/><G71/><T114/><D114/><U39/><E129/><V93/><F93/><N who="3" m="35339" /><G99/><T35/><D35/><U34/><E34/><V55/><F55/><W18/><G33/><T51/><D51/><U32/><E48/><V121/><F121/><W75/><G75/><T28/><D74/><U15/><E32/><V106/><F106/><W66/><G66/><T86/><D28/><U46/><E103/><V49/><F49/><W84/><G84/><T78/><D86/><U40/><E101/><V130/><F130/><W42/><G37/><T14/><D8/><U107/><E39/><V61/><F61/><W122/><G122/><T73/><D73/><U19/><E107/><V38/><F38/><W54/><G54/><T11/><D10/><U22/><E40/><V67/><F67/><W102/><G102/><T23/><AGARI ba="0,1" hai="4,5,9,11,12,14,17,23,26,76,78,81,85,88" machi="23" ten="30,7900,0" yaku="0,1,9,1,8,1,54,1" doraHai="134" who="0" fromWho="0" sc="238,89,241,-20,275,-20,236,-39" /><INIT seed="4,0,0,4,2,40" ten="327,221,255,197" oya="0" hai0="54,42,93,69,77,31,123,58,82,36,64,126,122" hai1="111,118,23,24,127,59,19,103,108,20,135,5,12" hai2="113,56,72,34,131,92,30,35,26,86,2,125,63" hai3="88,13,8,114,9,0,43,102,109,68,95,119,65"/><T116/><D116/><U55/><E118/><V27/><F72/><W47/><G109/><T1/><D1/><U101/><E135/><V94/><F113/><W91/><G114/><T133/><D133/><U50/><E127/><V75/><F75/><W98/><G119/><T70/><D31/><U7/><E111/><V52/><F125/><W124/><G124/><T115/><D126/><U18/><E108/><V48/><F2/><W11/><G0/><T61/><D93/><U21/><E21/><V60/><F131/><W74/><G74/><N who="0" m="43319" /><D70/><U46/><REACH who="1" step="1"/><E59/><REACH who="1" ten="327,211,255,197" step="2"/><V132/><F132/><W53/><G68/><T51/><D115/><U106/><E106/><V44/><F35/><W67/><G13/><T99/><D99/><U39/><E39/><V14/><F27/><W80/><G8/><T110/><D110/><U29/><E29/><V87/><F14/><W104/><G9/><T28/><D28/><U37/><E37/><V73/><F56/><W66/><G11/><T32/><D32/><U117/><E117/><V96/><F96/><W76/><G104/><T49/><D123/><U85/><E85/><V83/><F86/><N who="3" m="48391" /><G43/><T4/><D122/><U3/><E3/><V81/><F73/><W100/><G100/><AGARI ba="0,1" hai="5,7,12,18,19,20,23,24,46,50,55,100,101,103" machi="100" ten="40,5200,0" yaku="1,1,8,1,52,1,53,0" doraHai="40" doraHaiUra="79" who="1" fromWho="3" sc="327,0,211,62,255,0,197,-52" /><INIT seed="5,0,0,0,4,45" ten="327,273,255,145" oya="1" hai0="115,4,25,94,85,78,46,33,56,40,76,91,70" hai1="14,98,81,93,58,22,72,35,41,121,59,20,96" hai2="44,102,110,134,117,50,74,3,27,47,29,88,42" hai3="7,0,17,28,52,128,83,38,68,21,15,10,123"/><U111/><E121/><V51/><F110/><W131/><G68/><T118/><D70/><U90/><E35/><V53/><F117/><W63/><G38/><T55/><D118/><U65/><E111/><V8/><F134/><W108/><G108/><T105/><D105/><U57/><E41/><V69/><F69/><W13/><G83/><T62/><D115/><U32/><E32/><V23/><F74/><W119/><G119/><T77/><D4/><U89/><E65/><V124/><F124/><W113/><G123/><T133/><D133/><U112/><E112/><V82/><F102/><W109/><G109/><T5/><D5/><U79/><E14/><V6/><F82/><W92/><G113/><T127/><D127/><U100/><REACH who="1" step="1"/><E90/><REACH who="1" ten="327,263,255,145" step="2"/><V104/><F88/><W9/><G128/><T64/><D64/><U126/><E126/><V99/><F42/><W84/><G131/><T48/><D33/><U11/><E11/><V120/><F120/><W19/><G0/><T114/><D114/><U39/><E39/><V116/><F116/><W125/><G125/><T122/><D122/><U18/><E18/><V30/><F8/><W49/><G17/><T24/><AGARI ba="0,1" hai="24,25,40,46,48,55,56,62,76,77,78,85,91,94" machi="24" ten="30,4000,0" yaku="0,1,8,1,52,1" doraHai="45" who="0" fromWho="0" sc="327,50,263,-20,255,-10,145,-10" /><INIT seed="6,0,0,2,5,46" ten="377,243,245,135" oya="2" hai0="62,0,7,49,41,71,36,81,110,56,59,85,37" hai1="94,34,4,44,5,16,99,43,115,83,67,124,89" hai2="23,12,107,84,106,35,8,129,120,26,114,57,53" hai3="104,54,116,79,82,50,121,103,29,60,64,130,27"/><V70/><F120/><W113/><G130/><T42/><D110/><U45/><E115/><V91/><F70/><W93/><G121/><T63/><D7/><U65/><E34/><V96/><F35/><W39/><G39/><T118/><D85/><U30/><E124/><V87/><F114/><W69/><G113/><T75/><D81/><U11/><E30/><V80/><F129/><W6/><G6/><T77/><D77/><U24/><E83/><V40/><F40/><N who="0" m="15466" /><D75/><U95/><E45/><V1/><F1/><W28/><G116/><T22/><D22/><U9/><E94/><V20/><F87/><W126/><G126/><T32/><D0/><U74/><E74/><V132/><F132/><W48/><G54/><N who="0" m="31823" /><D32/><U128/><E4/><V10/><F23/><W17/><G17/><T97/><D97/><U3/><E128/><V13/><F96/><N who="3" m="61543" /><G28/><T31/><D31/><U38/><E24/><V2/><F2/><W55/><G55/><N who="0" m="34175" /><D118/><U135/><E135/><V112/><F112/><W134/><G93/><T14/><D14/><N who="2" m="5738" /><F107/><W119/><G119/><T33/><D33/><U76/><E76/><V111/><F106/><W58/><G134/><T88/><D88/><U98/><E98/><V100/><F111/><W73/><G27/><T123/><D123/><U125/><E3/><V131/><F131/><W92/><G92/><T52/><D71/><U105/><E105/><V66/><F26/><W122/><G122/><T47/><D47/><U102/><E5/><V109/><F109/><W18/><G29/><T108/><D108/><U86/><E99/><V90/><F80/><RYUUKYOKU ba="0,0" sc="377,30,243,-10,245,-10,135,-10" hai0="36,37,52,63" /><INIT seed="7,1,0,3,1,116" ten="407,233,235,125" oya="3" hai0="70,79,25,13,103,76,74,32,110,93,115,35,135" hai1="50,100,96,49,132,87,71,5,62,24,12,28,3" hai2="101,63,30,60,68,84,83,82,86,134,54,55,117" hai3="36,16,64,7,109,0,106,57,31,130,119,20,45"/><W121/><G119/><T88/><D110/><U128/><E128/><V80/><F117/><W107/><G130/><T29/><D70/><U113/><E87/><N who="2" m="33323" /><F68/><W38/><G31/><T39/><D39/><U2/><E12/><V37/><F37/><W42/><G38/><T95/><D135/><U105/><E132/><V118/><F118/><W14/><G109/><T89/><D115/><U126/><E113/><V67/><F134/><W34/><G34/><T85/><D103/><U78/><E78/><V23/><F101/><W40/><G40/><T11/><D74/><U92/><E92/><V59/><F63/><W17/><G121/><T61/><D61/><U111/><E126/><V65/><F65/><W46/><G46/><T58/><D58/><U27/><E27/><AGARI ba="1,0" hai="23,27,30,54,55,59,60,67,80,82,83" m="33323" machi="27" ten="30,1000,0" yaku="8,1" doraHai="116" who="2" fromWho="1" sc="407,0,233,-13,235,13,125,0" owari="407,50.7,220,-18.0,248,4.8,125,-37.5" /></mjloggm>