<mjloggm ver="2.3"><GO type="169" lobby="0"/><UN n0="%74%6B%34%32" n1="%E9%95%B7%E5%A4%A7%E3%82%92%E5%87%BA%E3%81%9F%E3%81%91%E3%82%8C%E3%81%A9" n2="%E6%95%97%E5%8C%97%E8%80%85%E3%81%AD%E3%82%8B" n3="%6F%6B%61%62%65%73%68%69" dan="16,16,17,17" rate="2068.04,2172.57,2197.52,2181.88" sx="M,M,F,M"/><TAIKYOKU oya="0"/><INIT seed="0,0,0,1,4,104" ten="250,250,250,250" oya="0" hai0="120,16,112,127,59,110,27,58,60,128,40,103,0" hai1="105,17,37,135,32,41,101,24,21,34,98,133,119" hai2="79,111,100,48,96,99,1,36,29,90,5,55,130" hai3="82,94,132,134,52,23,80,64,62,22,78,39,65"/><T18/><D112/><U124/><E119/><V81/><F36/><W19/><G39/><T44/><D120/><U51/><E124/><V75/><F111/><W108/><G108/><T25/><D128/><U74/><E37/><V76/><F130/><W107/><G107/><T92/><D127/><U8/><E8/><V68/><F68/><W72/><G23/><T77/><D77/><U53/><E41/><V83/><F29/><W2/><G2/><T106/><D106/><U20/><E74/><V12/><F1/><W109/><G109/><T50/><D0/><U54/><E21/><V9/><F90/><W28/><G28/><T86/><D110/><U46/><REACH who="1" step="1"/><E54/><REACH who="1" ten="250,240,250,250" step="2"/><V116/><F116/><W117/><G117/><T71/><D71/><U69/><E69/><V15/><F15/><W63/><G52/><N who="0" m="33863" /><D59/><U31/><E31/><V118/><F118/><W7/><G65/><T121/><D121/><U113/><E113/><V43/><F43/><W102/><G64/><T14/><D14/><U123/><E123/><V56/><F100/><W70/><G70/><T126/><D126/><U122/><E122/><V47/><F56/><W35/><G35/><AGARI ba="0,1" hai="17,20,24,32,34,35,46,51,53,98,101,105,133,135" machi="35" ten="40,2600,0" yaku="1,1,53,1" doraHai="104" doraHaiUra="42" who="1" fromWho="3" sc="250,0,240,36,250,0,250,-26" /><INIT seed="1,0,0,4,0,105" ten="250,276,250,224" oya="1" hai0="25,66,122,93,78,54,11,46,81,9,129,32,55" hai1="28,17,130,8,14,47,114,5,101,135,120,65,62" hai2="59,72,23,95,85,91,31,48,115,102,60,33,64" hai3="104,123,88,39,70,80,103,2,76,63,15,94,44"/><U61/><E120/><V68/><F33/><W49/><G123/><T73/><D129/><U134/><E114/><V96/><F115/><W116/><G116/><T12/><D122/><U106/><E130/><V20/><F72/><W16/><G39/><T19/><D66/><U34/><E47/><V74/><F74/><W35/><G2/><T67/><D67/><U121/><E121/><V84/><F84/><W13/><G35/><T69/><D69/><U77/><E77/><V79/><F79/><W56/><G70/><T4/><D32/><U89/><E89/><V99/><F99/><W30/><G30/><T83/><D83/><U108/><E28/><V27/><F48/><W10/><G103/><T57/><D57/><U100/><E61/><V24/><F24/><W133/><G104/><T75/><D75/><U82/><E82/><V41/><F41/><W3/><G3/><T126/><D126/><U92/><E106/><V53/><F53/><N who="3" m="34191" /><G133/><T7/><D93/><U86/><E34/><V18/><F68/><W110/><G15/><T40/><D25/><U45/><E101/><V52/><F64/><W43/><G76/><T29/><D29/><U1/><E100/><V50/><F60/><W21/><G80/><T119/><D19/><U37/><E62/><V58/><F58/><W38/><G38/><N who="0" m="21783" /><D119/><U26/><E17/><V112/><F112/><W109/><G10/><T87/><D87/><U128/><E86/><V51/><F51/><W125/><G125/><T97/><D97/><U98/><E135/><V0/><F0/><AGARI ba="0,0" hai="0,4,7,9,11,12,54,55,73,78,81" m="21783" machi="0" ten="30,2000,0" yaku="25,1,52,1" doraHai="105" who="0" fromWho="2" sc="250,20,276,0,250,-20,224,0" /><INIT seed="2,0,0,3,3,114" ten="270,276,230,224" oya="2" hai0="57,15,92,33,56,1,24,89,98,31,94,39,45" hai1="90,117,60,68,26,79,80,58,43,112,131,106,44" hai2="55,95,130,103,41,107,81,73,36,50,65,38,105" hai3="101,102,88,123,86,77,75,51,84,78,47,3,28"/><V71/><F130/><W4/><G123/><T5/><D1/><U32/><E112/><V59/><F36/><W69/><G69/><T115/><D115/><U91/><E131/><V87/><F73/><W10/><G75/><T120/><D120/><U42/><E68/><V64/><F64/><W16/><G28/><T62/><D5/><U30/><E106/><V104/><F95/><W7/><G3/><T118/><D118/><U13/><E117/><V49/><F49/><W124/><G124/><T132/><D132/><U37/><E43/><V52/><F55/><W116/><G116/><T93/><D15/><U135/><E13/><V61/><F103/><N who="3" m="39435" /><G84/><T96/><D96/><U63/><E63/><V99/><F99/><W25/><G4/><T134/><D134/><U14/><E14/><V9/><F9/><W113/><G7/><T48/><D39/><U125/><E125/><V108/><F108/><W83/><G113/><T70/><D56/><U35/><E35/><V29/><F29/><W85/><G85/><T0/><D70/><U2/><E2/><V53/><F53/><N who="3" m="29951" /><G10/><T22/><D33/><U133/><E133/><V17/><F17/><W66/><G66/><T54/><REACH who="0" step="1"/><D0/><REACH who="0" ten="260,276,230,224" step="2"/><U20/><E135/><V40/><REACH who="2" step="1"/><F38/><REACH who="2" ten="260,276,220,224" step="2"/><W128/><G128/><T8/><D8/><U126/><E126/><V6/><F6/><W11/><G11/><T97/><D97/><U18/><E37/><V76/><AGARI ba="0,2" hai="40,41,50,52,59,61,65,71,76,81,87,104,105,107" machi="76" ten="30,6000,0" yaku="1,1,0,1,54,1,53,0" doraHai="114" doraHaiUra="109" who="2" fromWho="2" sc="260,-20,276,-20,220,80,224,-20" /><INIT seed="2,1,0,4,1,62" ten="240,256,300,204" oya="2" hai0="18,36,87,34,121,51,77,82,44,100,4,89,129" hai1="47,119,60,78,106,85,74,7,110,39,135,65,66" hai2="98,93,25,29,72,2,126,35,15,32,130,71,46" hai3="127,59,96,101,124,109,43,116,120,97,23,9,41"/><V81/><F2/><W40/><G120/><T45/><D121/><U3/><E119/><V28/><F71/><W37/><G116/><T118/><D129/><U123/><E85/><V38/><F130/><W6/><G37/><T31/><D31/><U104/><E123/><V63/><F126/><W56/><G109/><T17/><D34/><U14/><E14/><V128/><F128/><W27/><G96/><T49/><D4/><U122/><E122/><V92/><F15/><W79/><G79/><T111/><D111/><U95/><E95/><V132/><F132/><W5/><G5/><T90/><D36/><U86/><E86/><V30/><F72/><W21/><G21/><T67/><D100/><U12/><E12/><V112/><F81/><W113/><G113/><T114/><D114/><U8/><E110/><V16/><F112/><W103/><G103/><T125/><D125/><N who="3" m="48201" /><G9/><T80/><D67/><N who="1" m="25611" /><E60/><V61/><F63/><W55/><G6/><T73/><D118/><U10/><E10/><V131/><F61/><W1/><G1/><T76/><D87/><U33/><E33/><V88/><F131/><W22/><G27/><T0/><D0/><U19/><E19/><V50/><F38/><W75/><G75/><AGARI ba="1,0" hai="17,18,44,45,49,51,73,75,76,77,80,82,89,90" machi="75" ten="25,1600,0" yaku="22,2" doraHai="62" who="0" fromWho="3" sc="240,19,256,0,300,0,204,-19" /><INIT seed="3,0,0,0,3,68" ten="259,256,300,185" oya="3" hai0="25,24,95,88,30,117,13,130,63,92,11,45,129" hai1="60,41,72,53,22,2,82,62,86,52,115,131,96" hai2="50,100,94,103,59,98,122,80,58,91,39,106,19" hai3="78,132,97,112,104,102,29,54,105,73,125,20,99"/><W31/><G112/><T47/><D117/><U12/><E2/><V57/><F122/><W37/><G125/><T23/><D25/><U69/><E72/><V64/><F103/><W61/><G132/><T76/><D76/><U7/><E131/><V32/><F32/><W65/><G54/><T119/><D119/><U111/><E111/><V107/><F107/><W90/><G20/><T114/><D92/><U85/><E96/><V15/><F39/><W120/><G120/><T51/><D63/><U109/><E109/><V0/><F0/><W67/><G78/><T128/><D114/><U118/><E41/><V108/><F108/><W66/><G73/><T34/><D34/><U84/><E82/><V49/><F64/><W5/><G5/><T87/><REACH who="0" step="1"/><D51/><REACH who="0" ten="249,256,300,185" step="2"/><U16/><E115/><V44/><F50/><W127/><G61/><T70/><D70/><U77/><E69/><V83/><F106/><W55/><G105/><T79/><D79/><U28/><E77/><V101/><F83/><W113/><G113/><T3/><D3/><U133/><E118/><V56/><N who="2" m="14336" /><DORA hai="126" /><V48/><F80/><W26/><G104/><T4/><AGARI ba="0,1" hai="4,11,13,23,24,30,45,47,87,88,95,128,129,130" machi="4" ten="30,16000,3" yaku="1,1,0,1,19,1,52,3,54,1,53,1" doraHai="68,126" doraHaiUra="17,46" who="0" fromWho="0" sc="249,170,256,-40,300,-40,185,-80" /><INIT seed="4,0,0,0,2,17" ten="419,216,260,105" oya="0" hai0="28,135,131,30,5,126,68,15,119,86,18,69,82" hai1="8,101,70,120,117,61,91,46,42,35,37,0,123" hai2="64,6,50,32,53,67,66,59,104,57,44,129,75" hai3="19,25,108,29,24,89,102,20,110,58,72,115,7"/><T88/><D119/><U93/><E117/><V121/><F75/><W16/><G115/><T100/><D131/><U52/><E35/><V111/><F104/><W84/><G72/><T14/><D126/><U47/><E101/><V99/><F32/><W12/><G102/><T48/><D135/><U109/><E109/><V90/><F111/><W127/><G127/><T81/><D100/><U43/><E8/><V97/><F121/><W80/><G7/><T130/><D130/><U83/><E83/><V94/><F129/><W73/><G73/><T105/><D105/><U10/><E10/><V22/><F99/><W85/><G19/><T76/><D5/><U78/><E78/><V62/><F6/><W27/><G29/><T1/><D48/><U11/><E11/><V65/><REACH who="2" step="1"/><F44/><REACH who="2" ten="419,216,250,105" step="2"/><W116/><G116/><T96/><D96/><U4/><E4/><V54/><F54/><W113/><G113/><T39/><D86/><U103/><E52/><V56/><F56/><W38/><G110/><T26/><D68/><U118/><E46/><V40/><F40/><W134/><G108/><T41/><D69/><U21/><E43/><V77/><F77/><W34/><G34/><T132/><D41/><U13/><E70/><V33/><F33/><W122/><G122/><T87/><D87/><U9/><E118/><V51/><F51/><W63/><G38/><T74/><D74/><U3/><E37/><V107/><F107/><W92/><G134/><T106/><D39/><U55/><E123/><V31/><F31/><W71/><G58/><T114/><D106/><U60/><E120/><RYUUKYOKU ba="0,1" sc="419,-10,216,-10,250,30,105,-10" hai2="22,50,53,57,59,62,64,65,66,67,90,94,97" /><INIT seed="5,1,1,0,3,93" ten="409,206,280,95" oya="1" hai0="119,57,37,99,8,94,116,109,121,18,89,16,123" hai1="34,71,64,40,30,42,83,44,53,5,3,101,21" hai2="49,26,20,100,122,14,104,58,127,43,92,95,106" hai3="39,85,124,69,117,60,128,68,82,35,56,28,46"/><U25/><E83/><V1/><F1/><W87/><G117/><T66/><D37/><U38/><E42/><V4/><F122/><N who="0" m="46602" /><D109/><U22/><E53/><V108/><F108/><W23/><G35/><T88/><D89/><U107/><E5/><V73/><F73/><W55/><G124/><T19/><D8/><U75/><E75/><V79/><F127/><W91/><G128/><T67/><D57/><U9/><E9/><V111/><F79/><W13/><G87/><T102/><D102/><U96/><E3/><V12/><F111/><W81/><G81/><T97/><D97/><U29/><E30/><V36/><F36/><W62/><G62/><AGARI ba="1,1" hai="21,22,25,29,34,38,40,44,62,64,71,96,101,107" machi="62" ten="40,7700,0" yaku="25,2,52,1" doraHai="93" who="1" fromWho="3" sc="409,0,206,90,280,0,95,-80" /><INIT seed="5,2,0,0,1,47" ten="409,296,280,15" oya="1" hai0="51,85,94,107,67,12,127,109,76,32,30,116,129" hai1="66,27,86,132,65,63,71,78,62,112,119,88,1" hai2="55,118,29,35,122,21,2,61,4,54,110,64,126" hai3="91,104,89,124,58,56,98,106,100,10,117,72,111"/><U75/><E119/><V68/><F118/><W134/><G117/><T101/><D109/><U92/><E1/><V11/><F110/><W69/><G69/><T17/><D116/><U19/><E112/><V40/><F122/><W59/><G111/><T24/><D127/><U120/><E120/><V37/><F35/><W125/><G72/><T80/><D129/><U23/><E132/><V31/><F126/><N who="3" m="48747" /><G106/><T42/><D67/><U60/><E75/><V50/><F55/><W128/><G128/><T6/><D6/><U102/><E78/><V38/><F40/><W33/><G134/><T77/><D77/><U83/><E71/><V96/><F96/><AGARI ba="2,0" hai="19,23,27,60,62,63,65,66,83,86,88,92,96,102" machi="96" ten="40,3900,0" yaku="8,1,54,1" doraHai="47" who="1" fromWho="2" sc="409,0,296,45,280,-45,15,0" /><INIT seed="5,3,0,0,3,23" ten="409,341,235,15" oya="1" hai0="4,90,37,84,27,35,123,52,9,2,50,44,0" hai1="26,86,129,39,89,56,118,80,107,6,47,1,70" hai2="21,75,32,61,79,5,16,66,29,30,82,120,14" hai3="121,95,109,119,76,63,122,42,108,36,97,46,77"/><U18/><E118/><V126/><F126/><W128/><G119/><T112/><D112/><U48/><E129/><V20/><F120/><W93/><G63/><T60/><D123/><U114/><E107/><V100/><F100/><W72/><G46/><T102/><D102/><U81/><E70/><V78/><F78/><W3/><G42/><T62/><D2/><U13/><E114/><V106/><F106/><W41/><G41/><T113/><D113/><U135/><E135/><V101/><F101/><W43/><G43/><T103/><D103/><U130/><E130/><V104/><F104/><W117/><G36/><T31/><D37/><U59/><E1/><V73/><F73/><W40/><G3/><T125/><D125/><U69/><E69/><V110/><F110/><W22/><G22/><T28/><REACH who="0" step="1"/><D31/><REACH who="0" ten="399,341,235,15" step="2"/><U49/><E39/><V17/><F29/><W92/><G117/><T45/><D45/><U34/><E47/><V131/><F131/><W53/><G128/><T38/><D38/><U68/><E68/><V74/><F30/><W134/><G134/><T33/><D33/><U116/><E34/><V111/><F32/><W7/><G122/><T94/><AGARI ba="3,1" hai="0,4,9,27,28,35,44,50,52,60,62,84,90,94" machi="94" ten="20,8000,1" yaku="1,1,0,1,7,1,52,1,54,1,53,0" doraHai="23" doraHaiUra="12" who="0" fromWho="0" sc="399,99,341,-43,235,-23,15,-23" owari="498,59.8,298,9.8,212,-18.8,-8,-50.8" /></mjloggm>