<mjloggm ver="2.3"><GO type="225" lobby="0"/><UN n0="%E3%81%82%E3%81%84%E3%81%82%E3%81%8A%E3%81%84" n1="%E3%82%A2%E3%83%9E%E3%83%9D%EF%BD%9E%EF%BD%9E%E3%83%A9" n2="%6C%61%6D%62" n3="%E9%A6%AC%E5%BC%95%E7%81%AB%33" dan="18,17,16,16" rate="2237.87,2135.09,2259.45,2133.80" sx="M,M,M,M"/><TAIKYOKU oya="0"/><INIT seed="0,0,0,0,2,110" ten="250,250,250,250" oya="0" hai0="11,40,78,3,71,18,42,107,131,10,112,128,126" hai1="84,26,93,55,47,45,98,2,23,114,61,133,20" hai2="96,97,127,48,124,118,87,69,99,117,19,89,86" hai3="130,63,56,54,4,52,9,58,122,105,80,46,77"/><T31/><D107/><U30/><E133/><V65/><F69/><W8/><G130/><N who="0" m="49707" /><D71/><U14/><E2/><V34/><F65/><W6/><G122/><T135/><D135/><U36/><E84/><N who="2" m="32299" /><F48/><W102/><G46/><T116/><D78/><U129/><E36/><V25/><F19/><W76/><G105/><T125/><D116/><N who="2" m="44650" /><F25/><W85/><G102/><T41/><D31/><U33/><E33/><V5/><F5/><N who="3" m="2155" /><G77/><T16/><D3/><U12/><E114/><V115/><F34/><W70/><G70/><T50/><D112/><U21/><E129/><V90/><F115/><W81/><G81/><T38/><D50/><AGARI ba="0,0" hai="8,9,50,52,54,56,58,63,76,80,85" m="2155" machi="50" ten="30,2000,0" yaku="8,1,54,1" doraHai="110" who="3" fromWho="0" sc="250,-20,250,0,250,0,250,20" /><INIT seed="1,0,0,0,1,62" ten="230,250,250,270" oya="1" hai0="90,63,68,110,116,48,102,11,94,12,75,124,49" hai1="35,83,109,5,125,7,114,131,132,19,20,96,0" hai2="129,26,37,74,128,84,107,39,78,4,24,80,15" hai3="2,118,38,9,122,126,61,99,64,85,31,58,57"/><U86/><E114/><V98/><F4/><W14/><G122/><T133/><D116/><U45/><E35/><V70/><F70/><W32/><G118/><T117/><D117/><U10/><E125/><V3/><F3/><W34/><G2/><T87/><D124/><U79/><E7/><V28/><F15/><W44/><G126/><T33/><D33/><U65/><E131/><N who="2" m="50251" /><F84/><W50/><G38/><N who="2" m="14345" /><F28/><W69/><G99/><T36/><D36/><U40/><E132/><V42/><F42/><W6/><G85/><T73/><D133/><U46/><E109/><V115/><F115/><W66/><G31/><T123/><D110/><U8/><E8/><V95/><F107/><W113/><G113/><T81/><D123/><U53/><E40/><V104/><F104/><W91/><G69/><T60/><D75/><U56/><E96/><V30/><F30/><W52/><G91/><AGARI ba="0,0" hai="24,26,74,78,80,91,95,98" m="14345,50251" machi="91" ten="30,1000,0" yaku="19,1" doraHai="62" who="2" fromWho="3" sc="230,0,250,0,250,10,270,-10" /><INIT seed="2,0,0,2,3,83" ten="230,250,260,260" oya="2" hai0="20,0,1,96,34,46,89,32,79,90,86,127,57" hai1="25,35,84,11,126,66,75,80,44,14,88,114,51" hai2="101,70,39,123,7,2,52,54,67,78,124,17,50" hai3="112,38,27,68,42,12,58,95,125,4,47,37,132"/><V131/><F123/><W119/><G119/><T56/><D127/><U3/><E114/><V111/><F39/><N who="3" m="21983" /><G27/><T107/><D79/><U26/><E3/><V118/><F118/><W105/><G12/><T120/><D120/><U73/><E66/><V9/><F124/><W28/><G95/><T122/><D122/><U99/><E126/><V85/><F131/><W60/><G28/><T91/><D46/><U98/><E73/><V133/><F133/><W24/><G24/><N who="1" m="9322" /><E75/><V134/><F111/><W94/><G94/><T10/><D20/><U61/><E61/><V59/><F101/><W23/><G23/><T29/><D29/><U13/><E35/><V69/><F67/><N who="3" m="41063" /><G4/><T108/><D10/><U128/><E128/><V106/><F106/><W81/><G81/><T43/><D91/><U130/><E130/><V36/><F134/><W8/><G8/><T33/><D33/><U121/><E14/><V104/><F104/><W30/><G30/><T45/><D107/><U15/><E13/><V40/><F17/><W116/><G105/><T55/><D34/><U19/><E121/><V6/><F6/><W22/><G132/><T113/><D32/><U48/><E48/><V103/><F103/><W49/><G22/><T71/><D0/><U53/><AGARI ba="0,0" hai="11,15,19,44,51,53,80,84,88,98,99" m="9322" machi="53" ten="30,7900,0" yaku="25,1,8,1,52,1,54,1" doraHai="83" who="1" fromWho="1" sc="230,-20,250,79,260,-39,260,-20" /><INIT seed="3,0,0,0,2,15" ten="210,329,221,240" oya="3" hai0="62,103,123,115,68,18,19,32,96,104,45,6,63" hai1="119,130,70,50,133,131,0,36,40,39,55,1,125" hai2="117,75,111,71,51,69,126,91,77,23,37,93,30" hai3="33,21,7,97,95,31,5,11,88,108,14,34,26"/><W41/><G108/><T44/><D123/><U13/><E133/><V8/><F37/><N who="1" m="14409" /><E40/><V81/><F117/><W107/><G107/><T86/><D115/><U53/><E70/><V84/><F126/><W110/><G110/><T73/><D73/><U54/><E50/><V57/><F111/><W76/><G76/><T124/><D124/><U74/><E74/><V17/><F8/><W52/><G41/><T134/><D134/><U46/><E46/><N who="0" m="18025" /><D6/><U122/><E122/><V9/><F9/><W60/><REACH who="3" step="1"/><G5/><REACH who="3" ten="210,329,221,230" step="2"/><T61/><D104/><U49/><E125/><V78/><F78/><W20/><G20/><T112/><D32/><U16/><E119/><V12/><F30/><W87/><G87/><T94/><D112/><U3/><E131/><V99/><F99/><W43/><G43/><T29/><D68/><U56/><E130/><V90/><F90/><W105/><G105/><T72/><D72/><U64/><E0/><V92/><F71/><W80/><G80/><T4/><D4/><U22/><E1/><V98/><F69/><W83/><G83/><T82/><D29/><U10/><E3/><V128/><F128/><W85/><G85/><T67/><D67/><U102/><E22/><V66/><F66/><W79/><G79/><AGARI ba="0,1" hai="18,19,61,62,63,79,82,86,94,96,103" m="18025" machi="79" ten="30,3900,0" yaku="8,1,52,2" doraHai="15" who="0" fromWho="3" sc="210,49,329,0,221,0,230,-39" owari="259,5.9,329,42.9,221,-17.9,191,-30.9" /></mjloggm>