<mjloggm ver="2.3"><GO type="225" lobby="0"/><UN n0="%E4%BF%BA%E3%81%A8%E5%A6%96%E5%A4%A2" n1="%E3%83%96%E3%83%83%E3%83%91%E3%82%AA%E3%83%96%E3%83%81%E3%82%AD%E3%83%B3" n2="%70%6F%69%73%6F%6E%30%32" n3="%E6%98%93%E5%88%A9%E8%96%A9%E4%BC%AF" dan="16,16,16,17" rate="2135.43,2168.35,2120.34,2249.74" sx="F,M,M,F"/><TAIKYOKU oya="0"/><INIT seed="0,0,0,2,5,103" ten="250,250,250,250" oya="0" hai0="98,52,47,22,97,39,58,125,7,34,109,62,12" hai1="82,101,49,95,61,119,72,15,92,26,69,6,83" hai2="112,130,55,113,68,110,33,114,28,91,120,2,23" hai3="3,60,25,67,16,18,106,11,76,53,96,87,50"/><T123/><D123/><U43/><E119/><V105/><F68/><W118/><G118/><T36/><D34/><U57/><E69/><V133/><F120/><W10/><G76/><T131/><D131/><U81/><E72/><V35/><F2/><W56/><G87/><T42/><D125/><U38/><E38/><V27/><F130/><W128/><G128/><T135/><D135/><U121/><E121/><V17/><F110/><W0/><G11/><T20/><D109/><U74/><E74/><V127/><F133/><W37/><G37/><T66/><D36/><U71/><E71/><V85/><F105/><W59/><G25/><T8/><REACH who="0" step="1"/><D66/><REACH who="0" ten="240,250,250,250" step="2"/><N who="1" m="39215" /><E101/><V102/><F102/><W89/><G106/><T70/><D70/><U117/><E117/><V115/><F127/><W54/><G67/><T41/><D41/><U19/><E6/><V99/><F115/><W129/><G129/><T5/><D5/><U46/><E26/><V78/><F35/><W29/><G54/><T65/><D65/><U93/><E81/><V9/><F33/><W31/><G53/><T73/><D73/><U21/><AGARI ba="0,1" hai="15,19,21,43,46,49,82,83,92,93,95" m="39215" machi="21" ten="30,1100,0" yaku="8,1" doraHai="103" who="1" fromWho="1" sc="240,-5,250,21,250,-3,250,-3" /><INIT seed="1,0,0,5,2,6" ten="235,271,247,247" oya="1" hai0="82,134,132,59,117,92,74,18,65,68,113,19,4" hai1="2,89,31,39,72,60,97,34,123,96,47,63,13" hai2="3,28,79,36,118,66,111,105,43,127,87,131,62" hai3="11,50,51,129,70,125,95,14,75,56,114,26,98"/><U17/><E123/><V135/><F111/><W32/><G70/><T124/><D113/><U57/><E2/><V81/><F118/><W133/><G114/><T128/><D117/><U46/><E72/><V35/><F105/><W52/><G75/><T91/><D68/><U112/><E112/><V53/><F135/><N who="0" m="51754" /><D4/><U67/><E39/><V45/><F131/><W103/><G133/><T37/><D37/><U93/><E97/><V76/><F127/><W54/><G129/><T8/><D128/><U7/><E7/><V48/><F3/><W61/><G125/><T83/><D74/><U27/><REACH who="1" step="1"/><E60/><REACH who="1" ten="235,261,247,247" step="2"/><V5/><F5/><W86/><G61/><N who="0" m="38079" /><D124/><U120/><E120/><V85/><F36/><W0/><G0/><T41/><D41/><U1/><E1/><V25/><F43/><W106/><G86/><N who="0" m="52343" /><D19/><U22/><AGARI ba="0,1" hai="13,17,22,27,31,34,46,47,57,63,67,89,93,96" machi="22" ten="20,3900,0" yaku="1,1,0,1,7,1,53,0" doraHai="6" doraHaiUra="49" who="1" fromWho="1" sc="235,-13,261,49,247,-13,247,-13" /><INIT seed="1,1,0,1,3,60" ten="222,310,234,234" oya="1" hai0="117,5,120,123,59,68,113,79,121,74,51,21,18" hai1="7,3,66,42,116,64,112,37,43,100,119,115,81" hai2="97,9,31,63,125,128,135,108,38,95,32,41,107" hai3="72,24,69,53,85,93,14,83,80,94,70,102,36"/><U1/><E100/><V26/><F108/><W44/><G72/><T92/><D113/><N who="1" m="43595" /><E81/><V84/><F135/><W90/><G24/><T105/><D117/><N who="1" m="45131" /><E7/><V58/><F128/><W49/><G36/><T35/><D105/><U134/><E134/><V133/><F125/><W88/><G102/><T86/><D68/><U4/><E4/><V76/><F107/><W106/><G106/><T19/><D35/><U34/><E34/><V111/><F111/><W0/><G0/><N who="1" m="74" /><E37/><V47/><F133/><W91/><G91/><T110/><D110/><U129/><E129/><V96/><F9/><W82/><REACH who="3" step="1"/><G14/><REACH who="3" ten="222,310,234,224" step="2"/><T46/><D74/><U54/><E54/><V29/><F29/><W11/><G11/><T67/><D123/><U114/><E114/><V109/><F109/><W40/><G40/><AGARI ba="1,1" hai="40,42,43,64,66" m="74,45131,43595" machi="40" ten="40,12000,1" yaku="28,2,52,2" doraHai="60" who="1" fromWho="3" sc="222,0,310,133,234,0,224,-123" /><INIT seed="1,2,0,5,1,96" ten="222,443,234,101" oya="1" hai0="75,51,66,128,47,105,92,82,81,112,78,59,84" hai1="108,74,99,23,86,124,17,77,6,73,35,52,125" hai2="36,69,87,26,30,123,8,49,57,41,63,9,28" hai3="100,114,85,88,71,27,46,33,119,21,19,103,7"/><U93/><E35/><V43/><F123/><W42/><G114/><T133/><D112/><U15/><E6/><V32/><F30/><W70/><G119/><T110/><D105/><U45/><E86/><V37/><F69/><W117/><G117/><T64/><D110/><U68/><E68/><V29/><F87/><W95/><G70/><T56/><D128/><U90/><E108/><V106/><F106/><W107/><G71/><T58/><D92/><U83/><REACH who="1" step="1"/><E73/><REACH who="1" ten="222,433,234,101" step="2"/><V18/><F32/><W118/><G118/><T134/><D134/><U91/><E91/><V135/><F135/><W120/><G120/><T116/><D133/><U62/><E62/><V113/><F63/><W25/><G7/><T38/><D116/><U1/><E1/><V31/><F113/><W67/><G67/><T98/><D66/><U24/><E24/><V94/><F26/><W22/><G33/><T39/><D64/><U54/><E54/><V127/><F43/><W97/><G103/><T76/><REACH who="0" step="1"/><D98/><REACH who="0" ten="212,433,234,101" step="2"/><U122/><E122/><V101/><F101/><W40/><REACH who="3" step="1"/><G46/><REACH who="3" ten="212,433,234,91" step="2"/><T65/><D65/><U121/><E121/><V102/><F102/><W89/><G89/><T104/><D104/><U79/><E79/><V34/><F34/><W10/><G10/><T80/><D80/><U5/><E5/><V132/><F9/><W109/><G109/><T111/><D111/><U14/><E14/><V72/><F8/><W53/><G53/><AGARI ba="2,3" hai="38,39,47,51,53,56,58,59,75,76,78,81,82,84" machi="53" ten="40,8000,1" yaku="1,1,53,3" doraHai="96" doraHaiUra="55" who="0" fromWho="3" sc="212,116,433,0,234,0,91,-86" /><INIT seed="2,0,0,3,5,129" ten="328,433,234,5" oya="2" hai0="80,42,106,93,102,92,7,77,29,90,63,101,1" hai1="52,68,126,12,18,4,53,78,38,131,39,56,133" hai2="113,114,34,125,30,119,121,109,60,69,21,9,127" hai3="22,96,122,48,0,32,76,16,72,132,65,23,54"/><V70/><F60/><W44/><G122/><T82/><D29/><U91/><E68/><N who="2" m="26219" /><F121/><W124/><G32/><T2/><D42/><U61/><E133/><V5/><F119/><W19/><G0/><T49/><D49/><U95/><E131/><V24/><F21/><N who="3" m="7691" /><G72/><T115/><D115/><N who="2" m="44042" /><F109/><W105/><G105/><T50/><D50/><U6/><E126/><N who="2" m="48139" /><F9/><W135/><G124/><T13/><D106/><U40/><E78/><V3/><F5/><W84/><G96/><T33/><D92/><U62/><E4/><V98/><F98/><W111/><G111/><T17/><D80/><U74/><E6/><V83/><F83/><N who="3" m="47207" /><G65/><T71/><D71/><U26/><E62/><V59/><F59/><W14/><G14/><T89/><D63/><U123/><E12/><V10/><F10/><W47/><G47/><T85/><D2/><AGARI ba="0,0" hai="2,3,24,30,34" m="48139,44042,26219" machi="2" ten="40,3900,0" yaku="18,1,23,1" doraHai="129" who="2" fromWho="0" sc="328,-39,433,0,234,39,5,0" /><INIT seed="2,1,0,5,4,64" ten="289,433,273,5" oya="2" hai0="10,41,44,111,18,57,24,33,90,16,79,94,3" hai1="83,130,15,81,101,63,113,21,72,17,122,65,91" hai2="118,62,27,107,89,134,31,85,0,133,77,34,35" hai3="87,39,105,74,124,109,110,61,28,71,48,46,67"/><V2/><F107/><W37/><G74/><T80/><D111/><N who="3" m="42505" /><G105/><T36/><D57/><N who="1" m="37103" /><E72/><V40/><F77/><W99/><G99/><T43/><D43/><U19/><E113/><V135/><F118/><W131/><G28/><T9/><D33/><U51/><E130/><V58/><F40/><N who="3" m="24647" /><G87/><T68/><D68/><U97/><E122/><V11/><F11/><W86/><G86/><T95/><D95/><N who="1" m="58559" /><E51/><V5/><F5/><W49/><G124/><T38/><D36/><N who="3" m="13897" /><G49/><T50/><D50/><U100/><E100/><V14/><F14/><W69/><G131/><T45/><D24/><N who="1" m="14383" /><E91/><V1/><F35/><W22/><G22/><AGARI ba="1,0" hai="15,19,22,81,83" m="14383,58559,37103" machi="22" ten="30,1000,0" yaku="8,1" doraHai="64" who="1" fromWho="3" sc="289,0,433,13,273,0,5,-13" owari="289,8.9,446,54.6,273,-12.7,-8,-50.8" /></mjloggm>