<mjloggm ver="2.3"><GO type="169" lobby="0"/><UN n0="%E6%9C%88%E5%A4%9C%E3%81%AB%E9%A2%A8" n1="%E4%B8%9E%E9%A3%9B" n2="%E3%83%9F%E3%82%B2%E3%83%BC%E3%83%AB%E6%94%B9" n3="%E6%81%8B%E3%81%AE%E3%81%86%E3%81%9F" dan="16,16,16,17" rate="2084.98,2076.60,2216.45,2202.23" sx="M,M,M,M"/><TAIKYOKU oya="0"/><INIT seed="0,0,0,0,4,17" ten="250,250,250,250" oya="0" hai0="62,67,46,33,69,135,97,92,100,80,64,30,90" hai1="82,3,56,128,55,73,81,96,21,50,13,12,133" hai2="76,118,63,19,58,53,2,75,47,129,24,31,38" hai3="113,1,86,4,68,39,93,77,27,14,71,111,29"/><T18/><D135/><U87/><E3/><V101/><F2/><W95/><G113/><T102/><D67/><U108/><E128/><V105/><F129/><W34/><G39/><T114/><D114/><U28/><E133/><V104/><F19/><W125/><G111/><T132/><D132/><U89/><E108/><V66/><F118/><W51/><G125/><T121/><D121/><U54/><E73/><V37/><F75/><W84/><G1/><T23/><D46/><U124/><E124/><V119/><F76/><W22/><G34/><T32/><D30/><U25/><E82/><V98/><F105/><W117/><G68/><T134/><D134/><U127/><E127/><V94/><F104/><W9/><G71/><T103/><REACH who="0" step="1"/><D80/><REACH who="0" ten="240,250,250,250" step="2"/><U65/><E65/><V0/><F119/><W115/><G115/><T35/><D35/><U70/><E70/><V83/><F83/><W10/><G117/><T112/><D112/><U7/><E7/><V43/><F0/><W122/><G122/><T109/><D109/><U41/><E41/><V44/><F47/><W16/><G4/><T131/><D131/><U99/><E55/><V72/><F72/><W79/><G29/><T5/><D5/><U107/><E107/><V85/><F53/><W120/><G120/><T49/><D49/><U45/><E45/><V8/><F38/><W15/><G51/><T78/><D78/><U40/><E40/><V106/><F106/><W48/><G48/><T91/><D91/><U42/><E42/><V20/><F85/><W11/><G86/><T26/><AGARI ba="0,1" hai="18,23,26,32,33,62,64,69,90,92,97,100,102,103" machi="26" ten="30,6000,0" yaku="1,1,0,1,52,1,53,0" doraHai="17" doraHaiUra="123" who="0" fromWho="0" sc="240,70,250,-20,250,-20,250,-20" /><INIT seed="0,1,0,1,0,108" ten="310,230,230,230" oya="0" hai0="74,96,18,20,38,131,95,51,81,29,75,135,24" hai1="32,52,121,4,3,113,35,130,106,40,120,22,36" hai2="58,53,107,23,105,119,21,54,86,37,93,79,82" hai3="80,89,77,116,11,92,84,46,94,65,126,101,34"/><T33/><D131/><U13/><E106/><V26/><F119/><W25/><G126/><T64/><D135/><U66/><E66/><V122/><F122/><W10/><G116/><T68/><D38/><U124/><E124/><V100/><F37/><W125/><G125/><T117/><D117/><U102/><E102/><V19/><F53/><W47/><G34/><T90/><D51/><U128/><E40/><V88/><F23/><W14/><G25/><T109/><D109/><U0/><E36/><V62/><REACH who="2" step="1"/><F100/><REACH who="2" ten="310,230,220,230" step="2"/><W57/><G101/><T60/><REACH who="0" step="1"/><D81/><REACH who="0" ten="300,230,220,230" step="2"/><U123/><E128/><V103/><F103/><W41/><G80/><T91/><D91/><U118/><E130/><V115/><F115/><W27/><G89/><T70/><D70/><U56/><E118/><V129/><F129/><W112/><G112/><T67/><D67/><U17/><E113/><V114/><F114/><W63/><G65/><T127/><D127/><U59/><E121/><V31/><F31/><W28/><G28/><T42/><D42/><U44/><E120/><V99/><AGARI ba="1,2" hai="19,21,26,54,58,62,79,82,86,88,93,99,105,107" machi="99" ten="20,12000,2" yaku="1,1,0,1,7,1,25,2,54,1,53,0" doraHai="108" doraHaiUra="133" who="2" fromWho="2" sc="300,-61,230,-31,220,143,230,-31" /><INIT seed="1,0,0,1,2,33" ten="239,199,363,199" oya="1" hai0="86,65,58,107,119,24,124,128,62,31,35,129,113" hai1="27,112,126,18,50,92,41,47,20,121,56,11,2" hai2="48,135,81,64,30,14,36,1,28,132,29,120,106" hai3="90,82,21,54,110,131,102,72,84,103,127,17,55"/><U118/><E112/><V105/><F36/><W108/><G72/><T37/><D113/><U49/><E118/><V40/><F64/><W71/><G71/><T57/><D119/><U7/><E121/><V123/><F81/><W78/><G131/><N who="0" m="50251" /><D124/><U93/><REACH who="1" step="1"/><E126/><REACH who="1" ten="239,189,363,199" step="2"/><V60/><F120/><W122/><G127/><T8/><D37/><U109/><E109/><V19/><F123/><W99/><G122/><T97/><D86/><U116/><E116/><V91/><F135/><W125/><G125/><T94/><D107/><U133/><E133/><V34/><F106/><W9/><G110/><T32/><D32/><U43/><E43/><V16/><F105/><W114/><G108/><T134/><D134/><U0/><E0/><V68/><F1/><W117/><G117/><T115/><D115/><U67/><E67/><V39/><F34/><W98/><G114/><T88/><D8/><U15/><E15/><V63/><F14/><W10/><G10/><T42/><D42/><U70/><E70/><AGARI ba="0,1" hai="24,31,35,57,58,62,65,70,88,94,97" m="50251" machi="70" ten="30,2000,0" yaku="19,1,54,1" doraHai="33" who="0" fromWho="1" sc="239,30,189,-20,363,0,199,0" /><INIT seed="2,0,0,1,1,46" ten="269,169,363,199" oya="2" hai0="62,110,17,29,68,39,63,94,3,108,78,130,56" hai1="37,25,95,51,47,59,28,66,22,105,9,12,135" hai2="123,112,24,79,109,20,61,10,7,119,64,92,52" hai3="132,104,57,33,8,31,40,86,27,88,115,42,32"/><V2/><F123/><W133/><G104/><T127/><D130/><U83/><E105/><V80/><F119/><W73/><G73/><T102/><D127/><U81/><E37/><V98/><F112/><W90/><G8/><T19/><D3/><U35/><E135/><N who="3" m="51786" /><G115/><T15/><D39/><U14/><E35/><N who="3" m="13386" /><G57/><T128/><D29/><U67/><E95/><V16/><F109/><W70/><G70/><T89/><D128/><U126/><E126/><V101/><F64/><N who="1" m="24617" /><E59/><V55/><REACH who="2" step="1"/><F61/><REACH who="2" ten="269,169,353,199" step="2"/><W84/><G31/><T100/><D63/><U76/><E28/><V50/><F50/><W41/><G27/><T74/><D62/><U120/><E25/><V45/><F45/><W117/><G117/><T30/><D30/><U107/><E51/><V5/><F5/><W113/><G113/><T72/><D110/><U77/><E47/><V34/><F34/><W91/><AGARI ba="0,1" hai="40,41,42,84,86,88,90,91" m="13386,51786" machi="91" ten="40,8000,1" yaku="28,2,20,1,54,1" doraHai="46" who="3" fromWho="3" sc="269,-20,169,-20,353,-40,199,90" /><INIT seed="3,0,0,4,1,77" ten="249,149,313,289" oya="3" hai0="48,109,90,36,32,4,45,61,59,63,94,27,82" hai1="40,47,43,108,24,22,6,128,133,85,107,132,2" hai2="113,121,80,124,119,49,96,92,68,31,91,51,79" hai3="17,89,126,70,76,62,46,84,130,20,135,134,54"/><W10/><G76/><T55/><D109/><U19/><E107/><V35/><F113/><W72/><G72/><T57/><D4/><U67/><E108/><V39/><F119/><W78/><G78/><T3/><D3/><U14/><E128/><V104/><F39/><W30/><G30/><T1/><D1/><U33/><E67/><V87/><F68/><W41/><G126/><T117/><D36/><U26/><E43/><V75/><F124/><W88/><G10/><T111/><D111/><U7/><E85/><V29/><F121/><W74/><G74/><T122/><D117/><U81/><E81/><V115/><F115/><W103/><G103/><T15/><D32/><U127/><E127/><V71/><F71/><W112/><G130/><T50/><D27/><U131/><E131/><V116/><F116/><W42/><G112/><T86/><D59/><U38/><E26/><N who="2" m="18871" /><F31/><W25/><G89/><N who="0" m="51415" /><D15/><U110/><E110/><V8/><F8/><W123/><G123/><T53/><D122/><U73/><E73/><V60/><F60/><W58/><G70/><T0/><D0/><U97/><E2/><V65/><F65/><W18/><G18/><T98/><AGARI ba="0,0" hai="45,48,50,53,55,57,61,63,90,94,98" m="51415" machi="98" ten="30,2000,0" yaku="8,1,52,1" doraHai="77" who="0" fromWho="0" sc="249,20,149,-5,313,-5,289,-10" /><INIT seed="4,0,0,1,1,122" ten="269,144,308,279" oya="0" hai0="114,47,17,7,120,50,19,92,93,99,71,5,86" hai1="40,72,28,97,1,126,53,102,41,78,9,96,65" hai2="76,85,108,43,10,77,74,18,31,0,8,132,133" hai3="75,15,20,81,64,51,117,24,30,4,61,128,29"/><T2/><D120/><U26/><E126/><V104/><F104/><W91/><G128/><T123/><D123/><U62/><E78/><V135/><F74/><W88/><G117/><T118/><D71/><U112/><E72/><V127/><F127/><W116/><G116/><T129/><D129/><U59/><E112/><V121/><F121/><W27/><G51/><T100/><D114/><U11/><E97/><V113/><F113/><W58/><G75/><T67/><D67/><U110/><E110/><V16/><F31/><W119/><G119/><T22/><D2/><U32/><E1/><V115/><F115/><W3/><G3/><T60/><D60/><U90/><E90/><V107/><F107/><W33/><REACH who="3" step="1"/><G81/><REACH who="3" ten="269,144,308,269" step="2"/><T23/><D118/><U73/><E73/><V49/><F0/><W13/><G13/><N who="0" m="9519" /><D50/><U98/><E41/><V124/><F49/><W134/><G134/><T45/><D45/><U55/><E40/><V63/><F43/><W46/><G46/><T131/><D47/><U44/><E44/><V52/><F124/><W35/><G35/><T25/><D131/><U101/><E32/><V34/><F34/><W70/><G70/><T36/><D36/><U12/><E12/><V87/><F135/><W106/><G106/><T56/><D56/><U68/><E68/><V79/><F132/><W57/><G57/><T84/><D93/><U39/><E59/><V42/><F42/><W38/><G38/><T66/><D66/><U80/><E39/><V103/><F133/><W109/><G109/><T14/><D14/><U48/><E65/><V69/><F108/><RYUUKYOKU ba="0,1" sc="269,15,144,-15,308,-15,269,15" hai0="5,7,19,23,25,84,86,92,99,100" hai3="4,15,20,24,27,29,30,33,58,61,64,88,91" /><INIT seed="4,1,1,5,2,57" ten="284,129,293,284" oya="0" hai0="112,114,87,128,56,23,117,65,102,134,109,34,107" hai1="69,116,15,132,27,42,93,104,16,105,36,25,119" hai2="73,62,133,58,43,6,18,19,47,74,80,21,11" hai3="110,3,78,90,10,51,122,92,4,12,40,48,5"/><T76/><D34/><U120/><E69/><V61/><F133/><W49/><G110/><T126/><D117/><U29/><E120/><V86/><F74/><W55/><G122/><T67/><D134/><U89/><E132/><V95/><F58/><W72/><G40/><T24/><D109/><U13/><E36/><V35/><F35/><W106/><G106/><T1/><D1/><U64/><E42/><V82/><F95/><W50/><G78/><T32/><D32/><U100/><E64/><V59/><F59/><N who="3" m="33279" /><G3/><T97/><D126/><U53/><E53/><V77/><F80/><W98/><G72/><T108/><D128/><U31/><E89/><V14/><F73/><W71/><G71/><T8/><D8/><U38/><E38/><V46/><F47/><W113/><G113/><N who="0" m="43627" /><D56/><U68/><E93/><V129/><F129/><W45/><G45/><T44/><D44/><U84/><E84/><V66/><F66/><W94/><G94/><T39/><D39/><U28/><E28/><V63/><F21/><W60/><G4/><T9/><D9/><U26/><E26/><V0/><F0/><W22/><G22/><T131/><D131/><U125/><E68/><V41/><F41/><W75/><G75/><T127/><D108/><U7/><E125/><V33/><F33/><W2/><G2/><T54/><D54/><U17/><REACH who="1" step="1"/><E7/><REACH who="1" ten="284,119,293,284" step="2"/><V30/><F30/><W130/><G130/><T52/><D52/><U101/><AGARI ba="1,2" hai="13,15,16,17,25,27,29,31,100,101,104,105,116,119" machi="101" ten="25,12000,2" yaku="1,1,2,1,0,1,22,2,54,1,53,0" doraHai="57" doraHaiUra="70" who="1" fromWho="1" sc="284,-61,119,143,293,-31,284,-31" /><INIT seed="5,0,0,4,1,76" ten="223,262,262,253" oya="1" hai0="100,101,105,130,133,14,56,94,80,24,55,44,67" hai1="50,121,48,108,114,11,93,99,62,58,118,15,115" hai2="72,3,31,112,28,91,39,97,61,79,73,124,74" hai3="68,66,88,9,89,119,25,92,134,65,42,19,102"/><U35/><E118/><V84/><F39/><W135/><G42/><T8/><D130/><U126/><E35/><V22/><F3/><W129/><G129/><T16/><D105/><U113/><E121/><V103/><F79/><W49/><G49/><N who="0" m="29095" /><D133/><N who="3" m="50697" /><G102/><N who="0" m="39531" /><D94/><U32/><E32/><V104/><F124/><W132/><N who="3" m="50705" /><W23/><DORA hai="18" /><G68/><T17/><D80/><U26/><E108/><V83/><F112/><W4/><G119/><T21/><D56/><U13/><E26/><V1/><F1/><N who="3" m="143" /><G89/><T122/><D122/><U12/><E11/><V106/><F106/><W95/><G95/><T110/><D110/><U29/><E29/><V85/><F84/><AGARI ba="0,0" hai="19,23,25,65,66,84,88,92" m="143,50705" machi="84" ten="40,5200,0" yaku="20,1,52,1,54,1" doraHai="76,18" who="3" fromWho="2" sc="223,0,262,0,262,-52,253,52" /><INIT seed="6,0,0,2,3,47" ten="223,262,210,305" oya="2" hai0="132,5,134,27,16,40,29,121,42,66,15,89,133" hai1="100,0,126,6,73,44,39,93,105,46,49,45,35" hai2="71,75,124,131,99,76,106,119,82,135,125,12,69" hai3="53,25,18,91,65,85,110,128,63,70,11,111,23"/><V107/><F119/><W52/><G128/><T80/><D121/><U84/><E126/><N who="2" m="48747" /><F12/><W108/><REACH who="3" step="1"/><G11/><REACH who="3" ten="223,262,210,295" step="2"/><T22/><D133/><U60/><E39/><V20/><F135/><W130/><G130/><T129/><D129/><U123/><E123/><V92/><F131/><W1/><G1/><T3/><D134/><U19/><E0/><V74/><F20/><W113/><G113/><T51/><D132/><U57/><E35/><V67/><F75/><W88/><G88/><T77/><D89/><U34/><E73/><V50/><F71/><W101/><G101/><T118/><D22/><U94/><E100/><N who="2" m="60519" /><F69/><W98/><G98/><T64/><D3/><U55/><E34/><V120/><F120/><W78/><G78/><T59/><D77/><U81/><E105/><N who="2" m="39947" /><F67/><W2/><G2/><T72/><D66/><U97/><E97/><V24/><F24/><W62/><G62/><T9/><D64/><U112/><E112/><V87/><F50/><W10/><G10/><T58/><D51/><U104/><E104/><V68/><F68/><W26/><G26/><T79/><D27/><U54/><E60/><V103/><F74/><W83/><AGARI ba="0,1" hai="18,23,25,52,53,63,65,70,83,85,91,108,110,111" machi="83" ten="30,4000,0" yaku="1,1,0,1,54,1,53,0" doraHai="47" doraHaiUra="95" who="3" fromWho="3" sc="223,-10,262,-10,210,-20,295,50" /><INIT seed="7,0,0,3,2,91" ten="213,252,190,345" oya="3" hai0="73,58,23,39,107,1,8,79,65,30,135,9,126" hai1="103,50,17,74,114,40,54,61,109,34,87,111,98" hai2="127,71,56,86,26,15,92,29,112,76,49,72,45" hai3="14,36,122,5,25,95,97,124,18,68,84,104,16"/><W75/><G75/><T13/><D126/><U60/><E74/><V47/><F71/><W116/><G36/><T101/><D39/><U19/><E34/><V132/><F72/><W94/><G104/><T119/><D119/><U52/><E114/><V96/><F127/><W67/><G122/><T118/><D118/><U128/><E40/><V32/><F112/><W4/><G67/><T0/><D135/><U43/><E128/><V102/><F132/><W117/><G97/><T6/><D101/><U113/><E113/><V90/><F76/><W28/><G68/><T46/><D46/><U55/><E87/><V115/><F115/><W77/><G28/><T93/><D93/><U70/><E70/><V21/><F32/><W33/><G33/><T130/><D107/><U81/><E81/><V44/><F15/><W134/><G14/><T99/><D99/><U7/><E7/><V88/><F86/><W35/><G5/><T20/><D130/><U10/><E43/><V3/><F3/><W64/><G4/><N who="0" m="1031" /><D30/><U69/><E69/><V22/><F22/><W12/><G35/><T129/><D1/><U51/><E55/><AGARI ba="0,0" hai="21,26,29,44,45,47,49,55,56,88,90,92,96,102" machi="55" ten="40,5200,0" yaku="8,1,52,1,54,1" doraHai="91" who="2" fromWho="1" sc="213,0,252,-52,190,52,345,0" owari="213,-18.7,200,-30.0,242,4.2,345,44.5" /></mjloggm>