<mjloggm ver="2.3"><GO type="169" lobby="0"/><UN n0="%E8%B5%A4%E4%BA%94%E7%AB%8B%E7%9B%B4" n1="%6F%6B%62%6F%6B%62" n2="%E7%89%A7%E5%A0%B4%E3%81%AE%E5%B0%8F%E5%A5%B3" n3="%6C%6E%61%69" dan="16,17,17,16" rate="2139.99,2179.63,2202.07,2050.87" sx="F,M,F,M"/><TAIKYOKU oya="0"/><INIT seed="0,0,0,3,3,118" ten="250,250,250,250" oya="0" hai0="71,97,92,48,100,17,93,68,27,31,70,87,106" hai1="44,25,30,101,18,12,75,108,47,26,98,13,38" hai2="59,89,102,82,63,81,61,124,130,20,37,115,79" hai3="50,14,64,113,84,2,60,8,65,0,36,80,3"/><T132/><D132/><U119/><E108/><V129/><F115/><W62/><G36/><T103/><D17/><U72/><E119/><V121/><F37/><W21/><G21/><T114/><D114/><U51/><E38/><V5/><F102/><W131/><G131/><T32/><D103/><U57/><E57/><V135/><F20/><W116/><G113/><T117/><D117/><U10/><E13/><V73/><F5/><W23/><G23/><T110/><D110/><U58/><E58/><V109/><F59/><W95/><G95/><T88/><REACH who="0" step="1"/><D48/><REACH who="0" ten="240,250,250,250" step="2"/><U85/><E51/><V43/><F109/><W96/><G50/><T133/><D133/><U6/><E26/><V107/><F135/><W69/><G116/><T54/><D54/><U46/><E18/><V42/><F130/><W67/><G67/><T1/><D1/><U90/><E25/><V41/><F129/><W40/><G65/><T120/><D120/><U125/><E30/><V9/><F121/><W127/><G64/><T83/><AGARI ba="0,1" hai="27,31,32,68,70,71,83,87,88,92,93,97,100,106" machi="83" ten="30,12000,1" yaku="1,1,0,1,54,1,53,2" doraHai="118" doraHaiUra="91" who="0" fromWho="0" sc="240,130,250,-40,250,-40,250,-40" /><INIT seed="0,1,0,4,5,83" ten="370,210,210,210" oya="0" hai0="75,134,2,111,16,11,32,77,109,87,9,19,76" hai1="133,20,100,39,81,51,43,135,86,66,108,61,90" hai2="23,71,101,132,103,127,98,130,18,50,106,65,63" hai3="6,29,35,59,15,117,3,8,93,25,22,46,92"/><T131/><D75/><U114/><E108/><N who="0" m="41545" /><D131/><U96/><E39/><V12/><F132/><N who="1" m="50761" /><E114/><V122/><F127/><W73/><G117/><T118/><D134/><U49/><E20/><V129/><F122/><W70/><G70/><T17/><D32/><U7/><E7/><V69/><F101/><W10/><G73/><T72/><D72/><U48/><E43/><V125/><F125/><W24/><G46/><T36/><D36/><U104/><E49/><V45/><REACH who="2" step="1"/><F71/><AGARI ba="1,0" hai="48,51,61,66,71,81,86,90,96,100,104" m="50761" machi="71" ten="30,2000,0" yaku="20,1,52,1" doraHai="83" who="1" fromWho="2" sc="370,0,210,23,210,-23,210,0" /><INIT seed="1,0,0,3,0,30" ten="370,233,187,210" oya="1" hai0="52,54,48,90,92,88,85,69,32,64,24,16,133" hai1="99,72,77,58,116,62,97,89,87,17,108,129,86" hai2="18,132,33,5,82,93,111,115,27,2,19,22,15" hai3="113,94,120,31,83,49,128,60,43,80,65,121,127"/><U114/><E116/><V53/><F111/><W36/><G113/><T20/><D133/><U41/><E114/><V39/><F115/><W34/><G36/><T4/><D4/><U59/><E108/><V28/><F132/><W105/><G105/><T78/><D69/><U70/><E72/><V37/><F18/><W51/><G127/><T98/><D64/><U0/><E0/><V8/><F93/><W46/><G128/><T47/><D32/><U73/><E73/><V35/><F35/><W13/><G94/><N who="0" m="56647" /><D78/><U81/><E41/><AGARI ba="0,0" hai="16,20,24,41,47,48,52,54,85,90,92" m="56647" machi="41" ten="30,7700,0" yaku="8,1,54,3" doraHai="30" who="0" fromWho="1" sc="370,77,233,-77,187,0,210,0" /><INIT seed="2,0,0,1,4,62" ten="447,156,187,210" oya="2" hai0="6,2,56,26,8,109,131,51,93,58,104,76,102" hai1="115,41,79,101,127,110,106,97,21,16,9,18,82" hai2="36,72,43,92,38,39,40,74,88,11,134,111,63" hai3="130,105,13,77,90,66,123,64,135,112,27,65,85"/><V34/><F34/><W57/><G123/><T89/><D109/><U121/><E110/><V5/><F111/><W42/><G105/><T126/><D76/><U87/><E121/><V44/><F134/><W80/><G135/><T78/><D78/><U50/><E127/><V107/><F107/><W53/><G130/><T71/><D71/><U61/><E115/><V83/><F63/><W114/><G42/><T10/><D102/><U52/><E9/><V91/><F91/><W75/><G13/><T54/><D131/><U128/><E128/><V69/><F69/><W94/><REACH who="3" step="1"/><G27/><REACH who="3" ten="447,156,187,200" step="2"/><T25/><D104/><U30/><E41/><V28/><F40/><W23/><G23/><T22/><D25/><U132/><E132/><V129/><F129/><W133/><G133/><T14/><D26/><U32/><E32/><V68/><F38/><W49/><AGARI ba="0,1" hai="49,53,57,64,65,66,75,77,80,85,90,94,112,114" machi="49" ten="30,12000,2" yaku="1,1,0,1,52,3,53,2" doraHai="62" doraHaiUra="108" who="3" fromWho="3" sc="447,-30,156,-30,187,-60,200,130" /><INIT seed="3,0,0,4,0,89" ten="417,126,127,330" oya="3" hai0="112,91,78,19,48,96,122,124,104,59,134,135,106" hai1="103,36,93,66,85,72,33,111,83,123,82,35,130" hai2="87,38,79,70,25,132,109,16,86,56,81,75,54" hai3="116,8,108,30,57,42,73,29,90,118,62,50,11"/><W14/><G73/><T67/><D122/><U84/><E123/><V17/><F70/><W117/><G108/><T76/><D124/><U23/><E111/><V6/><F109/><W126/><G126/><T101/><D106/><U9/><E36/><V15/><F38/><W129/><G129/><T69/><D69/><U49/><E130/><V133/><F6/><W2/><G2/><T65/><D91/><U7/><E66/><V0/><F0/><W99/><G50/><T80/><D78/><U28/><E49/><V97/><F97/><W107/><G42/><T34/><D34/><U55/><E55/><V46/><F46/><W13/><G13/><T22/><D112/><U3/><E72/><V24/><F75/><W127/><G8/><T128/><D48/><U77/><E23/><V94/><F17/><W125/><G127/><T21/><D21/><U131/><E131/><V61/><F133/><N who="0" m="50698" /><D59/><U63/><E63/><V105/><F105/><W32/><G32/><T20/><D20/><U18/><E18/><V88/><F132/><W121/><G121/><T51/><D51/><U43/><E43/><V26/><F26/><W98/><G125/><T92/><D128/><U40/><E40/><V1/><F1/><W64/><G107/><T110/><D104/><U39/><E28/><N who="3" m="10858" /><G90/><T12/><D110/><U4/><E39/><V27/><REACH who="2" step="1"/><F27/><REACH who="2" ten="417,126,117,330" step="2"/><W120/><G120/><T45/><D45/><U71/><E71/><V47/><F47/><W58/><G58/><T102/><D19/><U115/><E115/><V5/><F5/><N who="3" m="3439" /><G118/><T37/><D37/><U41/><E4/><RYUUKYOKU ba="0,1" sc="417,-15,126,-15,117,15,330,15" hai2="15,16,24,25,54,56,61,79,81,86,87,88,94" hai3="57,62,64,98,99,116,117" /><INIT seed="3,1,1,4,3,62" ten="402,111,132,345" oya="3" hai0="131,81,130,26,17,65,87,125,22,66,25,11,123" hai1="126,117,84,114,7,76,9,21,44,64,75,47,63" hai2="34,118,107,49,113,133,88,13,134,6,48,105,90" hai3="80,29,2,95,40,50,127,42,128,55,24,57,129"/><W35/><G2/><T106/><D106/><N who="2" m="40458" /><F34/><W56/><G127/><T15/><D123/><U98/><E126/><V120/><F113/><W85/><G95/><T89/><D125/><U96/><E75/><V8/><F118/><W0/><G0/><T41/><D41/><U46/><E117/><V91/><F120/><W100/><G100/><T86/><D86/><U112/><E21/><V115/><F115/><W37/><G57/><T135/><D135/><AGARI ba="1,1" hai="6,8,13,48,49,88,90,91,133,134,135" m="40458" machi="135" ten="40,2600,0" yaku="20,1,54,1" doraHai="62" who="2" fromWho="0" sc="402,-29,111,0,132,39,345,0" /><INIT seed="4,0,0,1,4,17" ten="373,111,171,345" oya="0" hai0="111,86,34,125,85,36,98,22,68,72,121,57,97" hai1="7,130,28,24,71,31,11,19,122,107,52,33,96" hai2="129,4,42,102,77,108,120,49,103,132,106,56,135" hai3="61,12,100,10,9,50,70,14,74,60,116,87,39"/><T27/><D121/><U84/><E130/><V109/><F120/><W89/><G74/><T54/><D68/><U126/><E126/><V95/><F4/><W81/><G39/><T48/><D72/><U2/><E122/><V32/><F32/><W1/><G116/><T40/><D34/><U82/><E71/><V47/><F106/><W124/><G124/><T65/><D65/><U8/><E28/><V67/><F77/><W43/><G1/><T18/><D125/><U119/><E119/><V15/><F129/><W88/><G100/><T44/><D111/><U93/><E107/><V37/><F103/><W63/><G70/><T131/><D131/><U41/><E41/><V30/><F15/><N who="3" m="5675" /><G89/><T75/><D75/><U29/><E11/><V69/><F30/><W23/><G23/><T51/><D36/><U114/><E114/><V5/><F5/><W115/><G115/><T21/><D22/><U128/><E128/><V0/><F0/><W3/><G3/><T80/><D86/><U91/><E29/><V101/><F101/><W59/><G59/><T53/><D40/><U64/><E64/><V79/><F79/><AGARI ba="0,0" hai="18,21,27,44,48,51,53,54,57,79,80,85,97,98" machi="79" ten="30,5800,0" yaku="7,1,8,1,52,1" doraHai="17" who="0" fromWho="2" sc="373,58,111,0,171,-58,345,0" /><INIT seed="4,1,0,4,1,46" ten="431,111,113,345" oya="0" hai0="64,123,36,126,13,8,90,104,75,122,9,133,50" hai1="18,43,74,29,6,72,11,135,84,33,10,62,53" hai2="67,61,127,80,121,113,109,95,87,116,0,21,63" hai3="27,14,69,20,119,115,86,81,22,19,118,129,111"/><T1/><D36/><U31/><E135/><V108/><F0/><W24/><G69/><T94/><D133/><U76/><E43/><V70/><F121/><W56/><G111/><T106/><D75/><U55/><E84/><V117/><F113/><W66/><G115/><T15/><D1/><U73/><E76/><V65/><F95/><W3/><G3/><T47/><D64/><U49/><E62/><V128/><F21/><W51/><G129/><T98/><D126/><U44/><E33/><V130/><F87/><W105/><G105/><T89/><D106/><U54/><E18/><V107/><F80/><W2/><G14/><T92/><D104/><U97/><E97/><V39/><F39/><W110/><G2/><T37/><D37/><U93/><E93/><V96/><F96/><W35/><G35/><T28/><D28/><U38/><E38/><V112/><F112/><W91/><G110/><N who="2" m="42601" /><F107/><W23/><G23/><T5/><D92/><U58/><E6/><V16/><F16/><W45/><G22/><T26/><D26/><U102/><E102/><V125/><F127/><W82/><G27/><T12/><D90/><U52/><REACH who="1" step="1"/><E44/><REACH who="1" ten="431,101,113,345" step="2"/><V77/><F77/><W88/><G82/><T83/><D83/><U7/><E7/><V32/><F32/><W85/><G91/><T48/><D47/><U40/><E40/><V57/><F125/><W134/><G134/><T120/><REACH who="0" step="1"/><D5/><REACH who="0" ten="421,101,113,345" step="2"/><U4/><E4/><V78/><F78/><W42/><G85/><T30/><D30/><AGARI ba="1,2" hai="10,11,29,30,31,49,52,53,54,55,58,72,73,74" machi="30" ten="50,6400,0" yaku="1,1,52,1,54,1,53,0" doraHai="46" doraHaiUra="68" who="1" fromWho="0" sc="421,-67,101,87,113,0,345,0" /><INIT seed="5,0,0,2,3,10" ten="354,188,113,345" oya="1" hai0="85,2,108,30,63,49,82,6,84,91,101,88,55" hai1="12,123,11,109,120,44,46,94,79,115,71,90,95" hai2="8,105,87,50,133,78,127,54,119,57,134,14,43" hai3="51,121,7,130,96,26,125,66,24,31,72,35,17"/><U98/><E115/><V69/><F105/><W20/><G72/><T122/><D108/><U39/><E109/><V132/><F127/><W62/><G121/><T65/><D101/><U81/><E71/><V102/><F102/><W53/><G125/><T1/><D30/><U29/><E29/><V99/><F99/><W25/><G130/><T76/><D6/><U28/><E28/><V60/><F119/><W117/><G7/><T131/><D76/><U36/><E94/><V116/><F116/><W93/><G117/><T128/><D122/><U38/><E120/><V92/><F43/><W27/><G66/><T56/><D128/><U33/><E33/><V73/><F73/><W45/><REACH who="3" step="1"/><G62/><REACH who="3" ten="354,188,113,335" step="2"/><T40/><D131/><U70/><E123/><V59/><F133/><W64/><G64/><T124/><D124/><U97/><E70/><V100/><F69/><W135/><G135/><T37/><D65/><U83/><E97/><V107/><F134/><W13/><G13/><T42/><D2/><U48/><E48/><V16/><F60/><W68/><G68/><T129/><D1/><U58/><E58/><V126/><F132/><W22/><G22/><T67/><D37/><U23/><E23/><V113/><F126/><W3/><G3/><T4/><D4/><U110/><E110/><V61/><F61/><W21/><G21/><T114/><D129/><U106/><E106/><V9/><F107/><W0/><G0/><T112/><D67/><U89/><E12/><N who="2" m="7175" /><F59/><W32/><G32/><T77/><D63/><U47/><E11/><V111/><F9/><W52/><G52/><RYUUKYOKU ba="0,1" sc="354,-10,188,-10,113,-10,335,30" hai3="17,20,24,25,26,27,31,35,45,51,53,93,96" /><INIT seed="6,1,1,3,2,58" ten="344,178,103,365" oya="2" hai0="107,86,44,122,110,19,117,108,20,65,56,79,59" hai1="106,77,90,134,50,5,10,53,33,41,127,60,8" hai2="22,69,52,32,55,125,131,66,85,109,99,2,17" hai3="6,129,3,76,93,49,30,119,73,88,118,84,130"/><V0/><F32/><W35/><G6/><T114/><D122/><U89/><E33/><V126/><F131/><N who="3" m="50187" /><G3/><N who="2" m="1065" /><F109/><W120/><G120/><T4/><D114/><U24/><E106/><V54/><F85/><W18/><G18/><T104/><D4/><U74/><E24/><V51/><F99/><W98/><G49/><T133/><D133/><U12/><E134/><V68/><F51/><W37/><G37/><T14/><D117/><N who="3" m="44553" /><G30/><T47/><D107/><U112/><E112/><V121/><F121/><W97/><G35/><T16/><D104/><U87/><E8/><V132/><F132/><W1/><G1/><T101/><D101/><U63/><E41/><V111/><F111/><W71/><G71/><N who="2" m="27209" /><F66/><W45/><G45/><N who="0" m="17483" /><D65/><U42/><E42/><V25/><F25/><W39/><G39/><T43/><D43/><U81/><E74/><V9/><F9/><W94/><G94/><T83/><D108/><U23/><E23/><V31/><F31/><W38/><G38/><T28/><D28/><U103/><E10/><V67/><F67/><W27/><G27/><N who="0" m="14727" /><D110/><U7/><E7/><V29/><F29/><W11/><G11/><AGARI ba="1,1" hai="11,14,19,56,59,79,83,86" m="14727,17483" machi="11" ten="30,2000,0" yaku="8,1,54,1" doraHai="58" who="0" fromWho="3" sc="344,33,178,0,103,0,365,-23" /><INIT seed="7,0,0,2,1,105" ten="377,178,103,342" oya="3" hai0="112,135,5,79,129,60,2,29,38,22,39,48,34" hai1="1,19,110,126,115,83,12,106,134,26,99,133,57" hai2="66,7,68,15,89,61,30,64,130,85,49,59,0" hai3="14,58,36,75,35,37,6,77,43,17,9,52,103"/><W21/><G35/><T40/><D34/><U82/><E1/><V51/><F130/><W54/><G103/><T33/><D33/><U117/><E115/><V91/><F0/><W101/><G101/><T13/><D129/><U70/><E70/><V120/><F120/><W109/><G109/><T69/><D2/><U121/><E121/><V127/><F127/><W55/><G58/><T73/><D135/><N who="1" m="51723" /><E110/><V24/><F68/><W4/><G4/><T81/><D112/><U47/><E26/><V95/><F64/><W32/><G32/><T96/><D29/><U84/><E57/><V86/><F24/><W98/><G98/><T132/><D96/><U50/><E84/><V88/><F30/><W20/><G43/><T87/><D73/><U3/><E3/><V44/><F49/><W131/><G131/><T46/><D22/><N who="1" m="11623" /><E126/><V108/><F108/><W80/><REACH who="3" step="1"/><G21/><REACH who="3" ten="377,178,103,332" step="2"/><T42/><D40/><N who="1" m="24935" /><E117/><V63/><F63/><W107/><G107/><T118/><D118/><U65/><E65/><V28/><F28/><W122/><G122/><T113/><D113/><U71/><E71/><V100/><F85/><W116/><G116/><T74/><D132/><U11/><E106/><V90/><F7/><W25/><AGARI ba="0,1" hai="6,9,14,17,20,25,36,37,52,54,55,75,77,80" machi="25" ten="30,12000,1" yaku="1,1,0,1,52,1,54,1,53,1" doraHai="105" doraHaiUra="72" who="3" fromWho="3" sc="377,-40,178,-40,103,-40,332,130" owari="337,13.7,138,-26.2,63,-43.7,462,56.2" /></mjloggm>