<mjloggm ver="2.3"><GO type="225" lobby="0"/><UN n0="%E3%82%86%E3%81%86%E3%82%8C%E3%81%84%E3%81%84%E3%81%8B" n1="%E3%81%BF%E3%81%BF%E3%81%9A" n2="%33%74%72%65%65" n3="%E8%B5%A4%E3%81%84%E8%9B%99%31%31" dan="18,17,17,16" rate="2242.57,2240.59,2161.61,2063.12" sx="M,M,F,M"/><TAIKYOKU oya="0"/><INIT seed="0,0,0,4,3,47" ten="250,250,250,250" oya="0" hai0="127,103,14,83,28,134,12,20,26,99,44,104,97" hai1="72,53,126,108,67,110,43,7,41,39,111,107,32" hai2="120,33,17,73,114,121,98,0,90,6,8,1,115" hai3="93,76,63,52,54,36,64,78,2,48,30,15,4"/><T49/><D134/><U5/><E32/><V86/><F86/><W124/><G36/><T75/><D127/><U31/><E31/><V74/><F90/><W135/><G2/><T34/><D34/><U24/><E72/><N who="2" m="27755" /><F98/><W66/><G30/><T128/><D128/><U18/><E126/><V109/><F17/><W11/><G135/><T87/><D99/><U119/><E119/><V92/><F92/><W102/><G124/><T123/><D123/><N who="2" m="47178" /><F33/><W80/><G102/><T27/><D27/><U40/><E39/><V61/><F61/><W60/><G93/><T105/><D105/><U9/><E107/><V59/><F59/><N who="3" m="33159" /><G80/><T88/><REACH who="0" step="1"/><D75/><REACH who="0" ten="240,250,250,250" step="2"/><U131/><E131/><V65/><F115/><W29/><G29/><T96/><D96/><U62/><E24/><V57/><F114/><W81/><G66/><T25/><D25/><U82/><E67/><V125/><F125/><W23/><G64/><T84/><D84/><U45/><E110/><V3/><F65/><W117/><G117/><T46/><D46/><U118/><E111/><V85/><F85/><W51/><G78/><T42/><AGARI ba="0,1" hai="12,14,20,26,28,42,44,49,83,87,88,97,103,104" machi="42" ten="20,12000,1" yaku="1,1,0,1,7,1,52,1,54,1,53,0" doraHai="47" doraHaiUra="69" who="0" fromWho="0" sc="240,130,250,-40,250,-40,250,-40" /><INIT seed="0,1,0,4,3,49" ten="370,210,210,210" oya="0" hai0="75,6,38,120,51,25,115,45,67,91,34,74,2" hai1="107,43,3,86,71,135,62,39,18,5,76,109,85" hai2="64,93,0,27,105,82,98,108,96,1,126,9,81" hai3="40,29,28,118,106,23,92,33,30,46,48,78,104"/><T119/><D119/><U69/><E107/><V77/><F108/><W99/><G118/><T70/><D91/><U59/><E109/><V21/><F126/><W61/><G33/><T57/><D115/><U44/><E135/><V117/><F117/><W17/><G78/><T131/><D131/><U100/><E100/><V90/><F64/><W15/><REACH who="3" step="1"/><G61/><REACH who="3" ten="370,210,210,200" step="2"/><T97/><D34/><U121/><E76/><V122/><F77/><W127/><G127/><T111/><D111/><U16/><E121/><V89/><F122/><W66/><G66/><T132/><D67/><U10/><E71/><V42/><F42/><W94/><G94/><T134/><D70/><U41/><E69/><V8/><F93/><W20/><G20/><T87/><D120/><U52/><REACH who="1" step="1"/><E41/><REACH who="1" ten="370,200,210,200" step="2"/><V14/><F105/><W36/><G36/><T56/><D38/><U31/><E31/><V123/><F123/><W19/><G19/><AGARI ba="1,2" hai="3,5,10,16,18,19,39,43,44,52,59,62,85,86" machi="19" ten="40,8000,1" yaku="1,1,52,1,54,2,53,0" doraHai="49" doraHaiUra="11" who="1" fromWho="3" sc="370,0,200,103,210,0,200,-83" /><INIT seed="1,0,0,2,3,106" ten="370,303,210,117" oya="1" hai0="42,57,75,65,132,6,47,24,115,104,20,87,31" hai1="28,89,71,49,54,96,76,50,91,35,92,11,55" hai2="109,99,88,131,100,13,34,70,36,32,90,68,41" hai3="61,126,119,53,2,133,129,69,63,4,123,95,39"/><U130/><E71/><V10/><F109/><W18/><G123/><T98/><D75/><U30/><E130/><V66/><F131/><W103/><G129/><T72/><D72/><U128/><E128/><V80/><F36/><W93/><G39/><T17/><D115/><U1/><E76/><V59/><F41/><W74/><G74/><T58/><D132/><U38/><E38/><V9/><F59/><W52/><G133/><T26/><D6/><U67/><E67/><V44/><F44/><W135/><G135/><T37/><D65/><U105/><E105/><V3/><F3/><W7/><G126/><T33/><REACH who="0" step="1"/><D87/><REACH who="0" ten="360,303,210,117" step="2"/><U110/><E110/><V112/><F66/><W111/><G111/><T101/><AGARI ba="0,1" hai="17,20,24,26,31,33,37,42,47,57,58,98,101,104" machi="101" ten="30,4000,0" yaku="1,1,2,1,0,1,53,0" doraHai="106" doraHaiUra="122" who="0" fromWho="0" sc="360,50,303,-20,210,-10,117,-10" /><INIT seed="2,0,0,5,5,49" ten="410,283,200,107" oya="2" hai0="9,22,106,60,86,93,46,2,88,5,16,113,54" hai1="80,51,37,70,14,72,48,31,21,26,92,71,19" hai2="17,120,96,45,121,39,8,75,67,134,20,94,58" hai3="108,115,43,89,87,123,13,38,135,112,124,61,12"/><V100/><F134/><W30/><G123/><T84/><D113/><U77/><E37/><V98/><F75/><W122/><G122/><T102/><D106/><U10/><E51/><V74/><F74/><W27/><G135/><T130/><D102/><U25/><E92/><V11/><F120/><W36/><G124/><T104/><D104/><U107/><E107/><V125/><F125/><W97/><G108/><T6/><D130/><U42/><E42/><V52/><F121/><W105/><G61/><T23/><D23/><U68/><E68/><V66/><F98/><W44/><G38/><T35/><D35/><U34/><REACH who="1" step="1"/><E48/><REACH who="1" ten="410,273,200,107" step="2"/><N who="2" m="28687" /><F39/><W109/><G109/><T56/><D46/><U69/><E69/><V114/><F114/><W82/><G115/><T117/><D117/><U28/><AGARI ba="0,1" hai="10,14,19,21,25,26,28,31,34,70,71,72,77,80" machi="28" ten="20,2700,0" yaku="1,1,0,1,7,1,53,0" doraHai="49" doraHaiUra="91" who="1" fromWho="1" sc="410,-7,273,37,200,-13,107,-7" /><INIT seed="3,0,0,0,2,69" ten="403,310,187,100" oya="3" hai0="86,82,124,112,125,32,90,96,97,45,78,106,54" hai1="57,7,103,35,13,8,119,53,10,48,93,34,111" hai2="99,102,113,116,59,68,85,14,6,87,63,20,56" hai3="120,114,107,4,39,115,81,133,28,27,75,77,46"/><W95/><G120/><T126/><D112/><U94/><E111/><V70/><F113/><W74/><G95/><N who="0" m="54743" /><D32/><U41/><E119/><V12/><F70/><W132/><G107/><T11/><D106/><U134/><E134/><N who="3" m="51818" /><G75/><N who="0" m="43359" /><D11/><U18/><E34/><V80/><F116/><W88/><G4/><T127/><D127/><U91/><E35/><V101/><F101/><W67/><G67/><T24/><D24/><U31/><E31/><V60/><F102/><W0/><G0/><T19/><D19/><U43/><E103/><V26/><F99/><W108/><G108/><T110/><D110/><U9/><E94/><V123/><F123/><W3/><G3/><T38/><D54/><U89/><E91/><V30/><F87/><W47/><G88/><T5/><D5/><U92/><E93/><V51/><F85/><W23/><G46/><T122/><D122/><U104/><E104/><V79/><F80/><W109/><G109/><T50/><D50/><U1/><E1/><V33/><F79/><W16/><G28/><T22/><D22/><U98/><REACH who="1" step="1"/><E7/><REACH who="1" ten="403,300,187,100" step="2"/><V73/><F73/><W130/><G130/><T52/><D124/><U129/><E129/><V44/><F30/><W55/><G55/><T42/><D52/><U58/><E58/><V15/><F6/><W37/><G47/><T71/><D71/><U66/><E66/><V105/><F105/><W29/><G29/><T117/><D117/><U121/><E121/><V36/><F44/><W25/><G25/><T83/><D83/><U118/><E118/><V2/><F2/><W21/><G21/><T84/><D125/><RYUUKYOKU ba="0,1" sc="403,-15,300,15,187,-15,100,15" hai1="8,9,10,13,18,41,43,48,53,57,89,92,98" hai3="16,23,27,37,39,74,77,81,114,115" /><INIT seed="3,1,1,4,4,11" ten="388,315,172,115" oya="3" hai0="113,87,90,128,96,4,40,129,111,52,57,79,126" hai1="2,86,51,68,116,55,134,81,72,74,32,23,125" hai2="49,78,29,35,50,80,124,7,43,73,110,5,109" hai3="105,99,56,17,34,108,26,28,103,10,38,71,62"/><W65/><G108/><N who="2" m="41577" /><F124/><W75/><G75/><T82/><D111/><U83/><E32/><V61/><F61/><W70/><G38/><T135/><D135/><U76/><E2/><V27/><F43/><W92/><G105/><T58/><D126/><U100/><E68/><V122/><F122/><W123/><G123/><T67/><D40/><U60/><E60/><V19/><F19/><W66/><G66/><T84/><D4/><AGARI ba="1,1" hai="4,5,7,27,29,35,49,50,73,78,80" m="41577" machi="4" ten="30,1000,0" yaku="14,1" doraHai="11" who="2" fromWho="0" sc="388,-13,315,0,172,23,115,0" owari="375,47.5,315,11.5,195,-20.5,115,-38.5" /></mjloggm>