<mjloggm ver="2.3"><GO type="169" lobby="0"/><UN n0="%70%6F%6E%2D%65%6E" n1="%E7%94%9F%E5%BE%92%E4%BC%9A%E3%80%90%E5%BA%8F%E3%80%91" n2="%E3%83%9E%E3%83%AD%E3%81%A8%E3%82%B8%E3%83%BC%E3%83%8E" n3="%E7%A8%B2%E5%A6%BB%E3%81%A1%E3%82%83%E3%81%A3%E3%81%B4%E3%83%BC" dan="16,17,16,17" rate="2161.58,2167.24,2129.90,2161.91" sx="F,M,M,M"/><TAIKYOKU oya="0"/><INIT seed="0,0,0,3,2,9" ten="250,250,250,250" oya="0" hai0="127,71,13,121,27,2,45,115,126,14,65,59,106" hai1="93,31,124,62,33,89,98,129,75,116,53,114,88" hai2="78,113,122,10,32,29,125,55,1,120,22,20,3" hai3="82,67,35,8,112,50,103,92,21,17,18,70,100"/><T85/><D115/><U91/><E116/><V5/><F78/><W119/><G35/><T52/><D121/><N who="2" m="46698" /><F55/><W94/><G119/><T26/><D2/><N who="2" m="522" /><F125/><N who="0" m="47626" /><D106/><U34/><E124/><V61/><F61/><W80/><G112/><T49/><D71/><U73/><E114/><V0/><F113/><W108/><G70/><T69/><D69/><U72/><E129/><V95/><F95/><W24/><G67/><T102/><D102/><U135/><E135/><V41/><F41/><W54/><G94/><T30/><D85/><U99/><E93/><V44/><F44/><W4/><G100/><T83/><D83/><U76/><E76/><V51/><F51/><W37/><G37/><T74/><D74/><U23/><E98/><V58/><F58/><W131/><G80/><T16/><D16/><U28/><E99/><V101/><F101/><W111/><G18/><T90/><D90/><U133/><E133/><V38/><F38/><W7/><G82/><T11/><D11/><U109/><E75/><V6/><F6/><W36/><G4/><T39/><D27/><AGARI ba="0,0" hai="0,5,10,20,22,27,29,32" m="522,46698" machi="27" ten="30,2000,0" yaku="34,2" doraHai="9" who="2" fromWho="0" sc="250,-20,250,0,250,20,250,0" /><INIT seed="1,0,0,2,4,128" ten="230,250,270,250" oya="1" hai0="0,102,89,55,12,3,91,134,60,121,94,25,81" hai1="42,93,116,77,35,114,68,126,135,129,32,104,110" hai2="100,123,17,38,6,47,14,36,13,99,40,57,88" hai3="11,103,18,23,43,20,4,132,78,74,80,108,15"/><U59/><RYUUKYOKU type="yao9" ba="0,0" sc="230,0,250,0,270,0,250,0" hai1="32,35,42,59,68,77,93,104,110,114,116,126,129,135" /><INIT seed="1,1,0,0,3,99" ten="230,250,270,250" oya="1" hai0="61,72,49,111,65,42,128,69,116,10,27,18,115" hai1="97,95,14,57,96,50,64,102,67,130,47,129,133" hai2="127,15,9,37,52,39,124,26,106,82,131,73,35" hai3="122,59,12,76,24,36,41,94,98,126,62,84,68"/><U38/><E133/><V7/><F106/><W21/><G122/><T91/><D115/><U34/><E34/><V86/><F73/><W123/><G123/><T104/><D116/><U88/><E38/><V6/><F131/><N who="1" m="50185" /><E14/><V135/><F135/><W0/><G0/><T120/><D128/><U30/><E30/><V66/><F66/><W113/><G113/><T78/><D120/><U70/><E57/><V60/><F7/><W71/><G12/><T51/><D104/><N who="1" m="63559" /><E70/><V11/><F11/><W31/><G126/><N who="2" m="48169" /><F35/><W46/><G84/><T2/><D27/><U48/><E48/><V92/><F92/><W25/><G76/><T89/><D51/><U100/><E100/><V43/><F43/><AGARI ba="1,0" hai="43,47,50,64,67,88,95,97" m="63559,50185" machi="43" ten="30,5800,0" yaku="19,1,52,1,54,1" doraHai="99" who="1" fromWho="2" sc="230,0,250,61,270,-61,250,0" /><INIT seed="1,2,0,3,4,114" ten="230,311,209,250" oya="1" hai0="128,32,74,93,51,131,89,22,45,8,98,113,123" hai1="40,23,87,9,124,75,57,83,48,95,19,17,59" hai2="7,35,86,0,107,42,91,37,122,104,90,18,64" hai3="13,67,28,80,58,101,71,14,129,3,12,43,135"/><U69/><E69/><V108/><F122/><W96/><G129/><N who="0" m="49739" /><D113/><U79/><E124/><V121/><F121/><W33/><G135/><T84/><D74/><U27/><E75/><V111/><F35/><W97/><G3/><T81/><D32/><U60/><E95/><V100/><F64/><W106/><G43/><T78/><D123/><U127/><E127/><V38/><F18/><W31/><G58/><T24/><D8/><U109/><E109/><N who="2" m="42059" /><F42/><W30/><G80/><T29/><D51/><U118/><E118/><V85/><F7/><W15/><N who="3" m="3072" /><DORA hai="103" /><W73/><G96/><T39/><D45/><N who="1" m="25639" /><E9/><V120/><F0/><W63/><REACH who="3" step="1"/><G73/><REACH who="3" ten="230,311,209,240" step="2"/><N who="0" m="43215" /><D39/><N who="2" m="14858" /><F120/><W88/><G88/><N who="2" m="33833" /><F100/><W34/><AGARI ba="2,1" hai="28,30,31,33,34,63,67,71,97,101,106" m="3072" machi="34" ten="50,6400,0" yaku="1,1,0,1,52,1,53,0" doraHai="114,103" doraHaiUra="41,125" who="3" fromWho="3" sc="230,-18,311,-34,209,-18,240,80" /><INIT seed="2,0,0,4,5,69" ten="212,277,191,320" oya="2" hai0="92,32,127,47,114,1,63,20,84,71,54,75,86" hai1="125,14,76,101,15,120,57,126,2,66,10,45,22" hai2="60,83,119,112,129,31,3,9,48,7,64,8,134" hai3="77,26,111,123,29,104,53,24,115,18,49,131,50"/><V87/><F112/><W88/><G123/><T90/><D114/><U52/><E120/><V17/><F119/><W34/><G115/><T58/><D127/><N who="1" m="48651" /><E101/><V122/><F122/><W61/><G111/><T38/><D32/><U108/><E108/><V5/><F129/><W11/><G131/><T80/><D1/><U33/><E33/><V41/><F31/><W25/><G104/><T40/><D20/><U6/><E76/><V35/><F35/><W27/><G77/><T135/><D135/><U28/><E66/><V109/><F134/><W89/><G61/><T62/><D75/><U118/><E45/><V55/><F17/><W100/><G100/><T56/><D71/><U110/><E110/><V103/><F41/><W124/><G49/><T44/><D44/><U42/><E42/><V30/><F30/><W74/><G74/><T91/><D58/><U79/><E79/><N who="2" m="46591" /><F103/><W46/><REACH who="3" step="1"/><G124/><REACH who="3" ten="212,277,191,310" step="2"/><T21/><D21/><U99/><E118/><V128/><F128/><W39/><G39/><T117/><D117/><U65/><E65/><V59/><F109/><W0/><G0/><T68/><D68/><U67/><E67/><V132/><F132/><W97/><G97/><T107/><D107/><U19/><E99/><V4/><F3/><W78/><G78/><T121/><D121/><U16/><E2/><V37/><F37/><W133/><G133/><T93/><D63/><N who="1" m="36263" /><E28/><V106/><F106/><W70/><G70/><T36/><D38/><U130/><E130/><V12/><F12/><AGARI ba="0,1" hai="11,12,18,24,25,26,27,29,34,46,50,53,88,89" machi="12" ten="40,2600,0" yaku="1,1,54,1,53,0" doraHai="69" doraHaiUra="116" who="3" fromWho="2" sc="212,0,277,0,191,-26,310,36" /><INIT seed="3,0,0,1,0,66" ten="212,277,165,346" oya="3" hai0="51,14,11,74,20,47,23,114,69,12,86,131,128" hai1="19,56,89,91,50,22,45,70,115,15,10,120,113" hai2="98,110,64,88,49,124,129,104,24,31,5,130,127" hai3="71,79,108,96,103,37,38,83,17,16,46,78,126"/><W53/><G71/><T65/><D74/><U9/><E120/><V52/><F110/><W13/><G126/><N who="2" m="48169" /><F5/><W93/><G108/><T118/><D118/><U87/><E70/><V34/><F64/><W61/><G78/><T18/><D86/><U84/><E115/><V26/><F26/><W44/><G44/><T109/><D114/><U55/><E45/><N who="2" m="27695" /><F104/><W100/><G100/><T62/><D109/><U121/><E121/><V28/><F28/><W117/><G117/><T102/><D102/><U63/><E63/><V95/><AGARI ba="0,0" hai="24,31,34,88,95,98,129,130" m="27695,48169" machi="95" ten="30,4000,0" yaku="18,1,54,2" doraHai="66" who="2" fromWho="2" sc="212,-10,277,-10,165,40,346,-20" /><INIT seed="4,0,0,4,4,43" ten="202,267,205,326" oya="0" hai0="80,67,13,116,107,110,113,91,10,42,45,34,4" hai1="59,71,132,89,38,33,44,1,55,111,7,41,56" hai2="105,104,25,46,103,109,76,100,133,95,112,28,14" hai3="79,115,68,96,53,22,23,21,32,26,106,124,12"/><T128/><D116/><U125/><E33/><V84/><F112/><W30/><G68/><T134/><D113/><U8/><E111/><V108/><F133/><W120/><G115/><T118/><D118/><U27/><E132/><V9/><F104/><W122/><G79/><T37/><D134/><U3/><E71/><V36/><F105/><W119/><G119/><T70/><D128/><U94/><E125/><V40/><F108/><W93/><G106/><T85/><D107/><U87/><E27/><V66/><F66/><W92/><G124/><T50/><D34/><U57/><REACH who="1" step="1"/><E3/><REACH who="1" ten="202,257,205,326" step="2"/><V17/><F109/><W72/><G120/><T101/><D110/><U78/><E78/><V63/><F63/><AGARI ba="0,1" hai="1,7,8,38,41,44,55,56,57,59,63,87,89,94" machi="63" ten="30,3900,0" yaku="1,1,7,1,52,1,53,0" doraHai="43" doraHaiUra="99" who="1" fromWho="2" sc="202,0,257,49,205,-39,326,0" /><INIT seed="5,0,0,3,2,90" ten="202,306,166,326" oya="1" hai0="72,99,50,70,75,73,130,12,39,30,16,20,107" hai1="22,91,52,98,5,3,55,37,56,128,89,106,87" hai2="93,112,40,121,86,2,68,79,80,102,18,69,108" hai3="7,23,51,61,118,0,1,13,101,45,58,4,76"/><U53/><E37/><V21/><F108/><W26/><G118/><T33/><D130/><U95/><E128/><V113/><F121/><W47/><G76/><T43/><D70/><U31/><E106/><V9/><F40/><W46/><G0/><T35/><D39/><U97/><E5/><V17/><F69/><W74/><G74/><T114/><D114/><N who="2" m="44138" /><F68/><W127/><G1/><T36/><D36/><U84/><E3/><V125/><F125/><W49/><G127/><T64/><D64/><U100/><E100/><V104/><F104/><W110/><G110/><T124/><D124/><U132/><E132/><V131/><F131/><W85/><G101/><T83/><D83/><N who="1" m="49311" /><E56/><V77/><F77/><W57/><G85/><T10/><D99/><U126/><E126/><V25/><F2/><W134/><G134/><T24/><REACH who="0" step="1"/><D107/><REACH who="0" ten="192,306,166,326" step="2"/><U63/><E63/><V11/><F18/><W115/><G115/><T28/><D28/><U82/><E82/><V78/><F78/><W38/><G38/><T123/><D123/><U34/><E34/><V103/><F103/><W54/><G51/><T67/><D67/><U94/><E94/><V8/><F102/><W133/><G133/><T105/><D105/><U60/><E60/><V92/><AGARI ba="0,1" hai="8,9,11,17,21,25,79,80,86,92,93" m="44138" machi="92" ten="40,8000,1" yaku="15,1,11,1,52,2" doraHai="90" who="2" fromWho="2" sc="192,-20,306,-40,166,90,326,-20" /><INIT seed="6,0,0,1,5,41" ten="172,266,256,306" oya="2" hai0="117,85,96,55,67,6,70,18,62,129,49,4,116" hai1="130,52,133,50,57,79,100,81,74,107,84,103,19" hai2="89,127,28,38,111,59,95,17,53,54,3,120,118" hai3="39,58,48,123,134,31,44,73,30,7,87,83,23"/><V71/><F118/><W122/><G73/><T92/><D129/><U56/><E133/><V61/><F120/><W51/><G134/><T11/><D85/><U60/><E130/><V88/><F127/><W109/><G109/><T119/><D11/><U15/><E74/><V68/><F111/><W115/><G39/><T65/><D18/><U91/><E79/><V64/><F3/><W34/><G34/><T72/><D67/><U124/><E107/><V131/><F131/><W113/><G7/><T75/><D75/><U76/><E76/><V35/><F17/><W8/><G8/><T2/><D2/><U114/><E114/><N who="3" m="43530" /><G58/><T104/><D104/><U14/><E14/><V13/><F38/><W132/><G51/><T108/><D72/><U47/><E57/><V69/><F13/><W106/><G106/><T128/><D128/><U93/><E93/><V46/><F46/><W121/><G23/><T29/><D29/><U126/><E126/><V90/><REACH who="2" step="1"/><F95/><REACH who="2" ten="172,266,246,306" step="2"/><W27/><G132/><T1/><D1/><U25/><E124/><V0/><F0/><W77/><G27/><AGARI ba="0,1" hai="27,28,35,53,54,59,61,64,68,69,71,88,89,90" machi="27" ten="50,4800,0" yaku="1,1,54,1,53,0" doraHai="41" doraHaiUra="36" who="2" fromWho="3" sc="172,0,266,0,246,58,306,-48" /><INIT seed="6,1,0,3,3,116" ten="172,266,304,258" oya="2" hai0="70,63,112,132,24,73,37,86,7,13,4,109,76" hai1="107,40,29,51,10,122,33,36,110,133,41,105,66" hai2="39,20,127,21,9,27,67,1,103,31,11,81,82" hai3="65,120,6,8,49,75,28,45,38,0,5,131,61"/><V62/><F127/><W123/><G131/><T72/><D109/><U22/><E110/><V71/><F39/><W53/><G75/><T30/><D112/><U34/><E36/><V79/><F103/><W58/><G28/><T129/><D132/><U97/><E66/><V114/><F114/><W42/><REACH who="3" step="1"/><G6/><REACH who="3" ten="172,266,304,248" step="2"/><T18/><D129/><U69/><E29/><V93/><F31/><W57/><AGARI ba="1,1" hai="0,5,8,38,42,45,49,53,57,58,61,65,120,123" machi="57" ten="20,12000,2" yaku="1,1,2,1,0,1,7,1,52,2,53,1" doraHai="116" doraHaiUra="35" who="3" fromWho="3" sc="172,-31,266,-31,304,-61,248,133" /><INIT seed="7,0,0,5,4,33" ten="141,235,243,381" oya="3" hai0="105,23,127,8,121,62,68,17,60,36,63,118,92" hai1="40,90,87,111,34,30,85,83,46,35,81,6,126" hai2="119,57,47,95,15,20,42,9,135,131,18,14,98" hai3="28,48,116,107,52,21,2,45,69,70,96,130,61"/><W120/><G116/><T29/><D105/><U134/><E111/><V25/><F119/><W133/><G120/><T125/><D118/><U64/><E64/><V1/><F131/><W117/><G117/><T38/><D121/><U94/><E6/><V78/><F135/><W93/><G107/><T101/><D68/><U53/><E134/><V106/><F106/><W104/><G104/><T0/><D29/><U115/><E115/><V79/><F57/><W132/><G2/><T80/><D80/><U89/><E126/><V76/><F1/><W65/><G130/><T12/><D101/><U22/><E53/><V13/><F47/><W59/><G132/><T82/><D92/><U109/><E109/><V7/><F42/><W128/><G128/><T77/><D38/><U103/><E103/><AGARI ba="0,0" hai="7,9,13,14,15,18,20,25,76,78,79,95,98,103" machi="103" ten="40,1300,0" yaku="8,1" doraHai="33" who="2" fromWho="1" sc="141,0,235,-13,243,13,381,0" owari="141,-35.9,222,-17.8,256,5.6,381,48.1" /></mjloggm>