<mjloggm ver="2.3"><GO type="169" lobby="0"/><UN n0="%E3%83%AA%E3%83%AA%E3%83%BC%E3%83%96%E3%83%A9%E3%83%83%E3%82%AF" n1="%E3%81%9B%E3%81%A9%E3%81%AA%E3%82%8A%E3%81%82%E3%82%93" n2="%E3%81%9D%E3%82%93%E3%81%97%E6%A7%98" n3="%E6%AD%A3%E6%B0%A3%E5%8D%81%E8%B6%B3" dan="16,17,17,16" rate="2027.32,2205.82,2228.09,2108.75" sx="F,F,M,M"/><TAIKYOKU oya="0"/><INIT seed="0,0,0,3,0,25" ten="250,250,250,250" oya="0" hai0="88,70,19,111,3,92,71,83,82,42,63,39,11" hai1="85,80,105,114,18,67,15,115,30,29,119,123,95" hai2="1,36,116,2,16,53,26,106,122,34,135,21,108" hai3="72,86,5,56,27,99,68,48,40,94,62,81,90"/><T77/><D82/><U124/><E105/><V35/><F106/><W0/><G72/><T8/><D63/><U125/><E119/><V64/><F36/><W98/><G68/><T46/><D111/><U4/><E4/><V41/><F41/><W132/><G132/><T57/><D57/><U65/><E95/><V69/><F53/><W22/><G5/><T55/><D55/><U100/><E100/><V61/><F122/><W38/><G0/><T49/><D49/><U128/><E128/><V87/><F135/><W109/><G38/><T102/><D102/><U23/><E123/><V7/><F116/><W13/><G13/><T31/><D31/><N who="1" m="11787" /><E65/><V89/><F108/><W50/><G40/><T118/><D118/><U133/><E67/><V51/><F7/><W10/><G98/><T33/><D33/><U28/><N who="1" m="11795" /><U107/><DORA hai="120" /><E107/><V131/><F131/><W101/><G109/><T103/><D103/><U73/><E73/><V60/><F1/><W110/><G110/><T14/><D3/><U97/><E97/><V47/><F2/><W104/><G104/><T24/><D71/><U93/><E93/><N who="2" m="54463" /><F64/><W127/><G94/><T91/><D70/><U96/><E96/><V59/><F69/><W112/><G99/><T126/><D92/><U84/><E133/><V74/><F74/><W20/><G101/><T12/><D39/><U79/><E84/><V9/><F35/><W78/><G86/><T52/><D83/><U43/><E43/><V129/><F34/><W130/><G81/><T54/><D42/><U32/><E32/><V6/><F129/><RYUUKYOKU ba="0,0" sc="250,-10,250,30,250,-10,250,-10" hai1="15,18,23,79,80,85,114,115,124,125" /><INIT seed="1,1,0,2,3,80" ten="240,280,240,240" oya="1" hai0="20,21,40,131,96,129,22,65,68,72,116,8,82" hai1="12,134,38,100,50,125,45,63,14,33,25,11,52" hai2="54,44,2,36,55,98,106,81,73,95,71,112,42" hai3="51,3,64,70,37,26,6,126,43,94,19,53,4"/><U49/><E125/><V56/><F71/><W122/><G122/><T115/><D115/><U127/><E127/><V30/><F112/><W83/><G126/><T16/><D116/><U57/><E134/><V111/><F111/><W85/><G3/><T13/><D40/><U29/><E100/><V77/><F106/><W66/><G37/><T75/><D96/><U10/><E38/><V74/><F30/><W28/><G43/><T124/><D124/><U47/><E12/><V35/><F35/><W99/><G19/><T103/><D103/><U79/><E79/><V108/><F108/><W133/><G133/><T9/><D9/><U61/><E10/><V117/><F117/><W109/><G70/><T48/><D48/><U102/><E102/><V67/><F2/><W60/><G60/><N who="0" m="39975" /><D82/><U130/><E130/><AGARI ba="1,0" hai="8,13,16,20,21,22,72,75,129,130,131" m="39975" machi="130" ten="30,2000,0" yaku="19,1,54,1" doraHai="80" who="0" fromWho="1" sc="240,23,280,-23,240,0,240,0" /><INIT seed="2,0,0,4,2,122" ten="263,257,240,240" oya="2" hai0="64,89,128,105,101,32,21,121,78,17,29,69,58" hai1="113,91,26,77,107,4,3,75,120,131,48,18,68" hai2="53,118,125,98,124,111,108,114,83,1,81,76,2" hai3="82,11,99,0,51,7,60,65,9,45,43,52,14"/><V116/><F53/><W8/><G0/><N who="2" m="105" /><F98/><W46/><G99/><T102/><D105/><U100/><E91/><V119/><F114/><W133/><G133/><T132/><D78/><U87/><E87/><V112/><F112/><W5/><G82/><N who="2" m="31241" /><F76/><W41/><G14/><T104/><D89/><U90/><E90/><V63/><F63/><W96/><G96/><T79/><D79/><U67/><E48/><V36/><F36/><W49/><REACH who="3" step="1"/><G52/><REACH who="3" ten="263,257,240,230" step="2"/><T22/><D132/><U40/><E113/><V88/><F88/><W66/><G66/><T93/><D64/><U85/><E67/><V57/><F57/><AGARI ba="0,1" hai="5,7,8,9,11,41,43,45,46,49,51,57,60,65" machi="57" ten="40,5200,0" yaku="1,1,9,1,8,1,53,0" doraHai="122" doraHaiUra="74" who="3" fromWho="2" sc="263,0,257,0,240,-52,230,62" /><INIT seed="3,0,0,1,4,22" ten="263,257,188,292" oya="3" hai0="110,58,47,31,36,43,35,88,116,84,105,81,127" hai1="113,87,102,91,103,77,23,74,126,6,2,9,59" hai2="33,78,133,52,41,112,50,79,64,29,69,25,94" hai3="53,106,99,121,24,124,135,96,70,67,82,18,111"/><W45/><G121/><T122/><D116/><U57/><E113/><V14/><F112/><W17/><G124/><T125/><D122/><U72/><E126/><V73/><F133/><W98/><G106/><T51/><D105/><U20/><E77/><V1/><F1/><W15/><G135/><T123/><D123/><U128/><E128/><V108/><F108/><W83/><G70/><T48/><D110/><U95/><E72/><V11/><F41/><W119/><G67/><T13/><D125/><U66/><E74/><V86/><F73/><W54/><G111/><T89/><D127/><U7/><E7/><V27/><F69/><W8/><G119/><T76/><D13/><U34/><E34/><V10/><F64/><W38/><G38/><T32/><D32/><U0/><E0/><V129/><F129/><W61/><G61/><T93/><D58/><U97/><E102/><V60/><F60/><W101/><G101/><T5/><D5/><U42/><E42/><V49/><F49/><N who="3" m="28847" /><G54/><T132/><D89/><U68/><E68/><V30/><F79/><W115/><G115/><T92/><D132/><U65/><E65/><V100/><F100/><W56/><G56/><N who="1" m="21578" /><E66/><V40/><F40/><W80/><G17/><T44/><D44/><U63/><E63/><V90/><F78/><W130/><G130/><T120/><D120/><U109/><E109/><V117/><F117/><W28/><G28/><N who="2" m="10857" /><F33/><W62/><G62/><T16/><D76/><U26/><E103/><V4/><F10/><W85/><G85/><T55/><D36/><U12/><E87/><V75/><F75/><RYUUKYOKU ba="0,0" sc="263,-15,257,-15,188,15,292,15" hai2="4,11,14,25,27,50,52,86,90,94" hai3="8,15,18,24,80,82,83,96,98,99" /><INIT seed="3,1,0,3,2,67" ten="248,242,203,307" oya="3" hai0="64,124,111,98,65,73,113,18,86,132,59,14,55" hai1="51,92,72,3,4,62,103,112,131,38,63,1,94" hai2="19,53,47,119,134,71,68,13,27,41,97,83,43" hai3="125,122,39,60,5,117,85,101,45,29,32,31,70"/><W12/><G117/><T15/><D73/><U87/><E72/><V104/><F119/><W114/><G114/><T88/><D113/><U99/><E38/><V90/><F27/><W16/><G122/><T69/><D111/><U79/><E112/><V128/><F128/><W66/><G32/><T34/><D124/><U56/><E131/><V74/><F134/><W80/><G5/><T58/><D132/><U9/><E1/><V106/><F106/><W10/><G101/><T116/><D69/><N who="2" m="26698" /><F104/><W77/><REACH who="3" step="1"/><G125/><REACH who="3" ten="248,242,203,297" step="2"/><T54/><D34/><U24/><E4/><V96/><F74/><W130/><G130/><T6/><D6/><U110/><E103/><V30/><F97/><W102/><G102/><T42/><D98/><U37/><E99/><V11/><F96/><W46/><G46/><T61/><D116/><U76/><E110/><V26/><F30/><W115/><G115/><T107/><D107/><U75/><E75/><V118/><F118/><W127/><G127/><T109/><D109/><U84/><E3/><V105/><F105/><W36/><G36/><T93/><D18/><U121/><E37/><V49/><F26/><W8/><G8/><T100/><D100/><U25/><E9/><V23/><F23/><W82/><G82/><T21/><D21/><U35/><E35/><V40/><F83/><W126/><G126/><T20/><D20/><U33/><E33/><V129/><F129/><W81/><G81/><T52/><D14/><U2/><E2/><V50/><F90/><W108/><G108/><T7/><D88/><U44/><E24/><V135/><F135/><RYUUKYOKU ba="1,1" sc="248,-15,242,-15,203,15,297,15" hai2="11,13,19,40,41,43,47,49,50,53" hai3="10,12,16,29,31,39,45,60,66,70,77,80,85" /><INIT seed="3,2,1,0,5,38" ten="233,227,218,312" oya="3" hai0="103,47,22,20,135,108,96,80,11,84,60,57,99" hai1="27,17,71,64,104,24,117,23,5,16,126,2,83" hai2="109,127,52,85,120,79,134,61,19,113,37,105,31" hai3="46,74,100,51,76,62,43,13,36,123,119,115,65"/><W78/><G115/><T66/><D108/><U6/><E104/><V91/><F109/><W77/><G119/><T18/><D135/><U67/><E117/><V86/><F113/><W55/><G123/><T45/><D11/><U39/><E126/><V95/><F105/><W32/><G32/><T70/><D70/><U9/><E39/><V106/><F106/><W88/><G100/><T92/><D96/><U1/><E83/><N who="2" m="47359" /><F37/><W72/><G13/><T8/><D8/><N who="1" m="2095" /><E64/><V56/><F134/><W114/><G88/><T21/><REACH who="0" step="1"/><D18/><REACH who="0" ten="223,227,218,312" step="2"/><N who="1" m="12407" /><E71/><V26/><F120/><W69/><REACH who="3" step="1"/><G114/><REACH who="3" ten="223,227,218,302" step="2"/><T121/><D121/><U124/><E124/><V122/><F127/><W111/><G111/><T125/><D125/><U3/><E3/><V89/><F122/><W133/><G133/><T58/><D58/><AGARI ba="2,3" hai="36,43,46,51,55,58,62,65,69,72,74,76,77,78" machi="58" ten="40,12000,1" yaku="1,1,24,2,52,1,53,1" doraHai="38" doraHaiUra="44" who="3" fromWho="0" sc="223,-126,227,0,218,0,302,156" /><INIT seed="3,3,0,0,5,38" ten="97,227,218,458" oya="3" hai0="37,109,29,46,135,52,123,6,121,91,70,34,35" hai1="72,50,129,76,104,73,102,74,71,31,120,11,61" hai2="81,117,19,22,90,77,118,32,96,4,12,13,108" hai3="87,133,25,122,85,62,95,40,18,69,127,0,106"/><W116/><G116/><T49/><D109/><U86/><E120/><V119/><F108/><W2/><G106/><T65/><D135/><U59/><E129/><V130/><F130/><W124/><G122/><T100/><D100/><U114/><E114/><V63/><F63/><W132/><G62/><N who="0" m="40247" /><D6/><U7/><E31/><V9/><F32/><N who="0" m="12330" /><D91/><U98/><E71/><V60/><F60/><W131/><G69/><T134/><D29/><U28/><E28/><V82/><F82/><W80/><G95/><T20/><D20/><U17/><E17/><V68/><F68/><W79/><G131/><T5/><D5/><U103/><E103/><V89/><REACH who="2" step="1"/><F96/><REACH who="2" ten="97,227,208,458" step="2"/><W128/><G128/><T107/><D134/><U67/><E61/><V41/><F41/><W8/><G40/><N who="0" m="22799" /><D107/><U99/><E67/><V33/><F33/><W56/><G132/><T45/><D45/><U10/><E104/><V16/><F16/><W42/><G133/><T112/><D112/><U125/><E7/><V83/><F83/><W78/><G18/><T57/><AGARI ba="3,1" hai="49,52,57,121,123" m="22799,12330,40247" machi="57" ten="30,4000,0" yaku="24,1,52,1,54,1" doraHai="38" who="0" fromWho="0" sc="97,59,227,-13,208,-13,458,-23" /><INIT seed="4,0,0,4,2,79" ten="156,214,195,435" oya="0" hai0="53,50,93,56,86,34,97,42,27,20,88,69,0" hai1="103,127,18,40,43,132,119,59,17,120,38,46,92" hai2="8,90,77,32,7,115,133,129,83,89,21,4,62" hai3="121,123,67,2,114,126,78,57,52,16,70,29,102"/><T30/><D0/><U112/><E119/><V6/><F32/><W107/><G2/><T3/><D3/><U117/><E117/><V80/><F115/><W68/><G114/><T13/><D69/><U35/><E112/><V96/><F133/><W11/><G29/><T15/><D34/><U9/><E120/><V19/><F129/><W31/><G31/><T91/><REACH who="0" step="1"/><D42/><REACH who="0" ten="146,214,195,435" step="2"/><U73/><E43/><V10/><F62/><W1/><G68/><T33/><D33/><U54/><E40/><V61/><F61/><W100/><G1/><T134/><D134/><U113/><E35/><V108/><F108/><W24/><G70/><T130/><D130/><U65/><E132/><V85/><F96/><W131/><G131/><T81/><AGARI ba="0,1" hai="13,15,20,27,30,50,53,56,81,86,88,91,93,97" machi="81" ten="20,18000,2" yaku="1,1,0,1,7,1,8,1,52,1,54,1,53,0" doraHai="79" doraHaiUra="111" who="0" fromWho="0" sc="146,190,214,-60,195,-60,435,-60" /><INIT seed="4,1,0,5,0,43" ten="336,154,135,375" oya="0" hai0="129,60,85,34,109,32,121,72,47,102,127,2,15" hai1="71,66,53,45,64,31,103,4,62,41,84,105,82" hai2="69,40,58,6,23,17,128,51,28,112,131,117,33" hai3="12,26,130,0,75,78,110,98,20,44,119,113,76"/><T91/><D121/><U61/><E31/><V122/><F69/><W5/><G113/><T89/><D2/><U93/><E105/><V116/><F58/><W88/><G119/><N who="2" m="45641" /><F122/><W65/><G0/><T126/><D72/><U95/><E4/><V52/><F40/><W125/><G110/><T96/><D109/><U37/><E53/><V42/><F42/><W90/><G130/><N who="2" m="49705" /><F112/><W8/><G125/><T107/><D60/><U114/><E103/><V59/><F6/><W86/><G65/><T13/><D129/><U56/><REACH who="1" step="1"/><E114/><REACH who="1" ten="336,144,135,375" step="2"/><V99/><F28/><W133/><G5/><T77/><D102/><U104/><E104/><V70/><F70/><W67/><G67/><T11/><D107/><U132/><E132/><V39/><F39/><W46/><G133/><T135/><D135/><U9/><E9/><V55/><F55/><W111/><G8/><T118/><D11/><U19/><E19/><V100/><F33/><W24/><G111/><T49/><D32/><U120/><E120/><V134/><F134/><W48/><G20/><T50/><D34/><U108/><E108/><V25/><F100/><W22/><G22/><T57/><D118/><U87/><E87/><V7/><F7/><W36/><G86/><T101/><D85/><U79/><AGARI ba="1,1" hai="37,41,45,56,61,62,64,66,71,79,82,84,93,95" machi="79" ten="20,5200,0" yaku="1,1,0,1,7,1,52,1,53,0" doraHai="43" doraHaiUra="21" who="1" fromWho="1" sc="336,-27,144,65,135,-14,375,-14" /><INIT seed="5,0,0,1,0,94" ten="309,209,121,361" oya="1" hai0="134,109,81,128,126,25,23,80,77,32,89,92,135" hai1="84,63,120,59,43,104,72,73,97,26,102,85,35" hai2="123,6,83,130,45,21,114,22,18,29,53,30,56" hai3="88,69,87,103,131,39,38,112,116,96,50,67,129"/><U15/><E120/><V61/><F123/><W132/><G112/><T36/><D109/><U17/><E43/><V10/><F130/><N who="3" m="49675" /><G132/><N who="0" m="50731" /><D128/><U8/><E72/><V106/><F106/><N who="3" m="63847" /><G116/><T42/><D32/><U47/><E47/><V127/><F127/><W48/><G67/><T33/><D33/><U52/><REACH who="1" step="1"/><E73/><REACH who="1" ten="309,199,121,361" step="2"/><V86/><F45/><W75/><G75/><T19/><D126/><U118/><E118/><V108/><F108/><W55/><G69/><T9/><D42/><U40/><E40/><V110/><F110/><W71/><G71/><T90/><D36/><N who="3" m="13865" /><G55/><T117/><D117/><U4/><E4/><V5/><F5/><W133/><G133/><T27/><D77/><U76/><E76/><V16/><F6/><W113/><G113/><T0/><D0/><U28/><AGARI ba="0,1" hai="8,15,17,26,28,35,52,59,63,84,85,97,102,104" machi="28" ten="30,11700,0" yaku="1,1,0,1,52,1,54,1,53,0" doraHai="94" doraHaiUra="65" who="1" fromWho="1" sc="309,-39,199,127,121,-39,361,-39" /><INIT seed="5,1,0,4,3,94" ten="270,326,82,322" oya="1" hai0="127,75,112,36,122,32,19,134,12,133,15,98,97" hai1="117,129,20,114,43,46,84,70,81,135,108,27,28" hai2="126,60,30,65,118,87,66,91,89,113,116,120,24" hai3="13,132,119,104,102,90,17,124,111,78,5,29,101"/><U110/><E117/><V2/><F120/><W37/><G37/><T61/><D122/><U50/><E70/><V107/><F126/><W39/><G39/><T59/><D127/><U106/><E106/><V3/><F113/><W64/><G111/><N who="1" m="42538" /><E129/><V38/><F38/><W77/><G124/><T8/><D112/><U18/><E114/><V40/><F40/><W130/><G104/><T1/><D1/><U92/><E92/><V55/><F107/><W125/><G132/><N who="0" m="50795" /><D75/><U11/><E135/><V9/><F55/><W69/><G5/><N who="0" m="3087" /><D32/><U100/><E100/><V131/><F131/><W68/><G130/><T63/><D36/><U41/><E11/><V93/><F9/><W14/><G125/><T7/><D7/><U47/><E18/><V85/><F118/><W48/><G17/><T35/><D35/><U95/><E95/><V44/><F93/><W58/><G119/><T115/><D115/><U62/><E62/><N who="0" m="23561" /><D59/><U25/><E25/><V6/><F60/><W96/><G58/><T21/><AGARI ba="1,0" hai="15,19,21,97,98" m="23561,3087,50795" machi="21" ten="30,4000,0" yaku="20,1,52,2" doraHai="94" who="0" fromWho="0" sc="270,43,326,-21,82,-11,322,-11" /><INIT seed="6,0,0,5,1,67" ten="313,305,71,311" oya="2" hai0="86,104,36,27,110,116,114,135,33,81,83,102,129" hai1="41,56,13,131,68,82,70,21,100,53,55,16,49" hai2="88,18,79,119,78,35,93,90,48,45,1,51,28" hai3="108,125,47,59,40,38,87,58,52,96,127,42,6"/><V31/><F119/><W17/><G6/><T103/><D110/><U65/><E65/><V122/><F122/><W73/><G73/><T2/><D2/><U115/><E41/><V3/><F93/><W25/><G108/><T105/><D36/><U74/><E100/><V134/><F45/><W66/><G96/><T15/><D15/><U61/><E115/><V50/><F18/><W8/><G87/><T112/><D27/><U106/><E106/><N who="0" m="41065" /><D33/><U63/><E131/><V72/><F72/><W120/><G25/><T11/><D11/><U85/><E74/><V10/><F10/><W80/><G80/><T99/><D99/><U39/><E39/><V76/><F134/><W98/><G98/><T113/><D129/><U89/><E61/><V97/><F97/><W133/><G8/><T32/><D32/><U64/><E55/><V34/><F76/><W24/><G24/><T126/><D126/><N who="3" m="48137" /><G17/><T12/><D12/><U30/><E30/><V19/><F50/><N who="3" m="30999" /><G120/><T14/><D14/><U123/><E123/><V29/><F29/><W94/><G133/><T69/><D135/><U7/><E7/><V92/><F92/><W95/><G94/><T0/><D0/><U118/><E118/><V111/><REACH who="2" step="1"/><F19/><REACH who="2" ten="313,305,61,311" step="2"/><W46/><G95/><T109/><D116/><U4/><E4/><V54/><F54/><W43/><G46/><AGARI ba="0,1" hai="13,16,21,46,49,53,56,63,64,68,70,82,85,89" machi="46" ten="30,7700,0" yaku="7,1,52,2,54,1" doraHai="67" who="1" fromWho="3" sc="313,0,305,87,61,0,311,-77" /><INIT seed="7,0,0,0,5,95" ten="313,392,61,234" oya="3" hai0="121,27,11,1,57,47,41,56,122,84,12,110,43" hai1="127,72,39,67,73,77,102,116,42,132,68,91,31" hai2="86,36,0,85,50,6,45,29,99,82,35,104,76" hai3="37,28,25,101,135,51,2,123,71,7,64,111,63"/><W108/><G37/><T107/><D110/><N who="3" m="42025" /><G123/><T89/><D1/><U92/><E102/><V22/><F35/><N who="3" m="20879" /><G51/><T13/><D107/><U115/><E115/><V128/><F128/><W38/><G38/><T19/><D27/><U97/><E31/><V117/><F117/><W83/><G101/><T16/><D47/><U93/><E127/><V55/><F104/><W26/><G26/><T3/><D3/><U15/><E132/><V14/><F36/><W103/><G83/><T134/><D134/><U58/><E116/><V10/><F0/><W21/><G21/><N who="0" m="11399" /><D121/><U125/><E15/><V90/><F29/><W61/><G135/><T18/><D18/><U69/><E125/><V113/><F113/><W119/><G119/><T30/><D30/><U44/><E39/><V109/><F109/><W81/><G103/><T130/><D130/><U124/><E124/><V126/><F126/><W49/><G49/><T87/><D122/><U53/><E44/><V120/><F120/><W4/><G2/><T129/><D129/><U118/><E118/><V8/><F8/><W66/><G81/><N who="0" m="49295" /><D87/><U70/><E42/><AGARI ba="0,0" hai="11,13,19,41,42,43,56,57" m="49295,11399" machi="42" ten="30,2000,0" yaku="8,1,54,1" doraHai="95" who="0" fromWho="1" sc="313,20,392,-20,61,0,234,0" owari="333,13.3,372,47.2,61,-43.9,234,-16.6" /></mjloggm>