<mjloggm ver="2.3"><GO type="169" lobby="0"/><UN n0="%E4%B8%8A%E6%B5%B7%E3%83%8B%E3%83%83%E3%82%AF" n1="%E6%95%97%E5%8C%97%E8%80%85%E3%81%AD%E3%82%8B" n2="%2D%E8%B1%8A%E5%8F%A3%E3%82%81%E3%81%90%E3%81%BF%2D" n3="%E3%83%AD%E3%83%AD%E3%82%93" dan="16,17,17,16" rate="2174.59,2145.00,2191.83,2113.07" sx="M,F,F,M"/><TAIKYOKU oya="0"/><INIT seed="0,0,0,0,4,63" ten="250,250,250,250" oya="0" hai0="73,95,7,99,78,19,75,106,0,113,85,76,26" hai1="41,104,20,102,53,65,70,134,1,10,17,16,62" hai2="15,58,123,94,86,92,111,109,107,91,49,77,72" hai3="124,115,127,52,69,13,128,117,51,130,5,114,21"/><T30/><D19/><U48/><E134/><V33/><F33/><W110/><G117/><T32/><D7/><U61/><E41/><V105/><F15/><W71/><G21/><T31/><D0/><U116/><E116/><V82/><F58/><N who="3" m="33055" /><G13/><T129/><D31/><U55/><E61/><V2/><F49/><W40/><G40/><T133/><D26/><U84/><E104/><N who="2" m="40011" /><F2/><W54/><G54/><T47/><D30/><U93/><E55/><V68/><F68/><N who="3" m="26187" /><G5/><T88/><D32/><U67/><E70/><V24/><F24/><W96/><G96/><N who="0" m="57447" /><D47/><N who="1" m="27807" /><E62/><V83/><F123/><W6/><G6/><T87/><D113/><N who="3" m="43017" /><G110/><AGARI ba="0,0" hai="72,77,82,83,86,91,92,94,109,110,111" m="40011" machi="110" ten="30,3900,0" yaku="14,1,34,2" doraHai="63" who="2" fromWho="3" sc="250,0,250,0,250,39,250,-39" /><INIT seed="1,0,0,2,4,16" ten="250,250,289,211" oya="1" hai0="15,2,112,45,20,48,91,64,115,73,128,8,68" hai1="95,40,124,28,54,80,49,79,130,63,17,133,121" hai2="53,87,70,33,51,60,116,99,127,123,132,102,94" hai3="1,39,26,108,114,111,119,118,120,32,5,105,117"/><U92/><E121/><V57/><F116/><W74/><G39/><T93/><D73/><U97/><E130/><V13/><F123/><W36/><G36/><T31/><D128/><U106/><E124/><V101/><F127/><W61/><G61/><T4/><D68/><U107/><E133/><V47/><F132/><W113/><G105/><T78/><D78/><U12/><E28/><V125/><F125/><W96/><G96/><T11/><D64/><U24/><E24/><V100/><F33/><W58/><G58/><T71/><D71/><U126/><E40/><V110/><F110/><N who="3" m="42027" /><G74/><T30/><D30/><U6/><E6/><V25/><F25/><W84/><G84/><T134/><D134/><U82/><E63/><V85/><F70/><W76/><G76/><T34/><D34/><U19/><E126/><V42/><F13/><W65/><G65/><T27/><D48/><U9/><E19/><V88/><AGARI ba="0,0" hai="42,47,51,53,57,60,85,87,88,94,99,100,101,102" machi="88" ten="30,4000,0" yaku="0,1,8,1,54,1" doraHai="16" who="2" fromWho="2" sc="250,-10,250,-20,289,40,211,-10" /><INIT seed="2,0,0,2,2,5" ten="240,230,329,201" oya="2" hai0="71,41,96,117,105,75,111,43,47,131,78,29,6" hai1="28,19,98,17,25,11,84,66,74,132,103,16,134" hai2="36,38,42,76,93,122,39,79,115,68,13,61,58" hai3="60,119,124,106,102,35,32,2,135,26,37,3,90"/><V114/><F122/><W120/><G119/><T4/><D111/><U86/><E74/><V108/><F68/><W50/><G50/><T127/><D43/><U92/><E66/><V30/><F42/><W8/><G37/><T110/><D110/><U80/><E11/><V77/><F108/><W125/><G60/><T63/><D6/><U45/><E45/><V7/><F30/><W1/><G90/><T56/><D117/><U126/><E126/><N who="3" m="48746" /><G120/><T49/><D127/><U109/><E109/><V85/><F93/><W107/><G102/><T62/><D71/><U116/><E116/><V104/><F85/><W10/><G135/><N who="1" m="51754" /><E80/><V83/><F104/><N who="3" m="39979" /><G26/><T89/><D75/><U48/><E48/><V15/><F83/><W123/><G123/><T91/><D49/><U130/><E130/><V112/><REACH who="2" step="1"/><F7/><REACH who="2" ten="240,230,319,201" step="2"/><W40/><G40/><T31/><D4/><U22/><AGARI ba="0,1" hai="16,17,19,22,25,28,84,86,92,98,103" m="51754" machi="22" ten="30,2000,0" yaku="20,1,54,1" doraHai="5" who="1" fromWho="1" sc="240,-5,230,30,319,-10,201,-5" /><INIT seed="3,0,0,0,3,127" ten="235,260,309,196" oya="3" hai0="131,9,31,130,105,99,128,58,5,40,18,135,83" hai1="39,47,95,68,65,118,17,38,30,1,132,4,82" hai2="111,64,97,120,37,116,29,45,15,123,0,12,77" hai3="119,13,102,46,101,78,103,43,66,32,81,108,90"/><W56/><G32/><T33/><D135/><U2/><E132/><V94/><F0/><W106/><G106/><T16/><D40/><U23/><E118/><V88/><F116/><W98/><G119/><T6/><D83/><U10/><E1/><V55/><F64/><W117/><G117/><T19/><D58/><U126/><E126/><V44/><F111/><W27/><G108/><T59/><D59/><U109/><E109/><V48/><F29/><W121/><G13/><N who="0" m="5295" /><D6/><U69/><E30/><V73/><F77/><W104/><G27/><N who="0" m="18687" /><D99/><U21/><E82/><V87/><F73/><W93/><G121/><N who="2" m="46665" /><F97/><W125/><G125/><T57/><D57/><U71/><E65/><V28/><F28/><W67/><G56/><T24/><D105/><U41/><E39/><V107/><F107/><W8/><G8/><T133/><D133/><U89/><REACH who="1" step="1"/><E17/><REACH who="1" ten="235,250,309,196" step="2"/><V112/><F112/><W74/><REACH who="3" step="1"/><G104/><REACH who="3" ten="235,250,309,186" step="2"/><T63/><D63/><U70/><N who="1" m="17408" /><DORA hai="115" /><U113/><E113/><V84/><F15/><W85/><G85/><AGARI ba="0,2" hai="2,4,10,21,23,38,41,47,85,89,95" m="17408" machi="85" ten="70,2300,0" yaku="1,1,53,0" doraHai="127,115" doraHaiUra="72,134" who="1" fromWho="3" sc="235,0,250,43,309,0,186,-23" /><INIT seed="4,0,0,3,4,45" ten="235,293,309,163" oya="0" hai0="118,51,94,4,43,23,100,41,115,32,85,97,2" hai1="88,75,28,112,98,34,20,120,42,26,135,46,70" hai2="44,5,84,95,14,57,92,122,125,11,82,105,129" hai3="96,21,58,93,1,133,16,72,87,111,132,24,121"/><T37/><D118/><U130/><E120/><V49/><F122/><W91/><G72/><T131/><D32/><U53/><E75/><V126/><F105/><W108/><G1/><T106/><D37/><U124/><E70/><V90/><F129/><W73/><G73/><T86/><D131/><U79/><E130/><V110/><F110/><W113/><G113/><T62/><D115/><U102/><E79/><V89/><F57/><W69/><G69/><T29/><D62/><U33/><E112/><V76/><F95/><W117/><G117/><T50/><D2/><U25/><E53/><V74/><REACH who="2" step="1"/><F89/><REACH who="2" ten="235,293,299,163" step="2"/><W116/><G121/><T18/><D106/><U119/><E88/><V22/><F22/><W27/><G116/><T81/><D29/><U67/><E20/><V64/><F64/><W13/><G58/><T39/><D39/><U30/><E67/><V83/><F83/><W107/><G107/><T6/><D81/><U103/><E119/><V60/><F60/><W59/><G59/><T114/><D114/><U128/><E128/><V52/><AGARI ba="0,1" hai="5,11,14,44,49,52,74,76,82,84,90,92,125,126" machi="52" ten="30,7900,0" yaku="1,1,0,1,52,1,54,1,53,0" doraHai="45" doraHaiUra="54" who="2" fromWho="2" sc="235,-39,293,-20,299,89,163,-20" /><INIT seed="5,0,0,3,5,80" ten="196,273,388,143" oya="1" hai0="58,5,62,92,23,9,103,125,59,39,70,133,106" hai1="16,50,76,93,83,66,110,130,121,41,98,8,105" hai2="81,84,14,18,88,111,115,7,10,29,120,47,122" hai3="100,73,28,126,99,45,20,35,67,53,22,75,32"/><U101/><E121/><V49/><F111/><W79/><G67/><T86/><D39/><U68/><E110/><V2/><F29/><W17/><G126/><T4/><D125/><U78/><E130/><V55/><REACH who="2" step="1"/><F115/><REACH who="2" ten="196,273,378,143" step="2"/><W25/><G32/><T48/><D133/><U43/><E105/><V123/><F123/><W107/><G35/><T15/><D106/><U118/><E118/><V57/><F57/><W24/><G45/><T27/><D70/><U37/><E68/><V12/><F12/><W11/><G11/><AGARI ba="0,1" hai="2,7,10,11,14,18,47,49,55,81,84,88,120,122" machi="11" ten="30,12000,2" yaku="1,1,7,1,25,2,52,1,54,1,53,1" doraHai="80" doraHaiUra="85" who="2" fromWho="3" sc="196,0,273,0,378,130,143,-120" /><INIT seed="6,0,0,4,4,91" ten="196,273,508,23" oya="2" hai0="0,11,49,99,104,111,13,18,20,54,35,15,68" hai1="50,10,71,133,45,38,55,82,30,76,96,57,125" hai2="26,19,44,86,126,62,97,92,88,113,63,17,79" hai3="21,59,103,105,41,78,69,120,34,102,107,90,9"/><V39/><F113/><W81/><G34/><T52/><D111/><U16/><E71/><V12/><F126/><W95/><G69/><T31/><D68/><U115/><E115/><V8/><F39/><W89/><G21/><T43/><D43/><U46/><E30/><V73/><F73/><N who="3" m="43215" /><G59/><T70/><D70/><U72/><E133/><V36/><F36/><W130/><G41/><T3/><D35/><U22/><E10/><V106/><F44/><W64/><G64/><T83/><D83/><U85/><E72/><V108/><F108/><W28/><G9/><T42/><D42/><U58/><E125/><V33/><F79/><W109/><G28/><T121/><D121/><U94/><E58/><V53/><F53/><W4/><G4/><T67/><D67/><U48/><E48/><V135/><F135/><W56/><G56/><T100/><D54/><U6/><E6/><V66/><F66/><W29/><G29/><T87/><D87/><U74/><E74/><V65/><F65/><W32/><G32/><T5/><D31/><U75/><E75/><V101/><REACH who="2" step="1"/><F33/><REACH who="2" ten="196,273,498,23" step="2"/><W60/><G109/><T40/><D40/><U116/><E38/><V124/><F124/><W123/><G130/><T110/><D110/><U134/><E134/><V61/><F61/><W112/><G112/><T93/><D104/><N who="3" m="40009" /><G60/><T23/><D52/><U24/><E45/><V131/><F131/><W114/><G114/><T77/><D49/><U117/><E46/><V122/><F122/><N who="3" m="46635" /><G90/><AGARI ba="0,1" hai="16,22,24,50,55,57,76,82,85,90,94,96,116,117" machi="90" ten="30,3900,0" yaku="7,1,52,1,54,1" doraHai="91" who="1" fromWho="3" sc="196,0,273,49,498,0,23,-39" owari="196,-20.4,322,12.2,498,59.8,-16,-51.6" /></mjloggm>