<mjloggm ver="2.3"><GO type="169" lobby="0"/><UN n0="%E3%81%B7%E3%81%B7%E3%81%B7%E3%82%93%E3%81%B7" n1="%E3%81%84%E3%81%A1%E3%82%8D%E3%83%BC%32%36%32%E6%AD%B3" n2="%E8%B6%85%E6%94%BB%E6%92%83%E9%BA%BB%E9%9B%80" n3="%E3%83%AA%E3%83%84%E3%83%9F%E3%82%B5%E3%83%B3" dan="16,16,16,18" rate="2038.27,2159.00,2149.46,2231.42" sx="M,M,M,M"/><TAIKYOKU oya="0"/><INIT seed="0,0,0,5,3,27" ten="250,250,250,250" oya="0" hai0="132,98,125,52,85,129,4,114,123,100,15,103,21" hai1="127,1,96,17,107,93,115,110,126,35,111,134,48" hai2="28,128,112,50,108,59,95,39,49,101,109,24,76" hai3="31,54,77,63,105,91,26,53,87,44,74,19,75"/><T116/><D114/><U120/><E48/><V60/><F112/><W124/><G105/><T78/><D116/><U23/><E115/><V71/><F39/><W130/><G124/><N who="1" m="47658" /><E107/><V122/><F122/><W37/><G130/><T89/><D123/><U30/><E120/><V25/><F25/><W32/><G77/><T64/><D125/><U11/><E93/><V88/><F128/><W2/><G2/><T68/><D132/><U131/><E96/><V58/><F71/><W67/><G19/><T45/><D129/><U86/><E86/><V79/><F101/><W46/><G46/><T51/><D78/><U81/><E81/><V70/><F59/><W80/><G37/><T72/><D72/><U3/><E131/><V117/><F70/><W33/><G33/><T6/><D68/><U42/><E42/><V73/><F117/><W119/><G119/><T94/><D64/><U84/><E84/><V16/><F79/><W20/><G32/><T5/><REACH who="0" step="1"/><D98/><REACH who="0" ten="240,250,250,250" step="2"/><U135/><E135/><V40/><F76/><W65/><G65/><T18/><AGARI ba="0,1" hai="4,5,6,15,18,21,45,51,52,85,89,94,100,103" machi="18" ten="30,18000,2" yaku="1,1,2,1,0,1,8,1,54,1,53,2" doraHai="27" doraHaiUra="97" who="0" fromWho="0" sc="240,190,250,-60,250,-60,250,-60" /><INIT seed="0,1,0,2,5,7" ten="430,190,190,190" oya="0" hai0="84,43,67,87,54,103,118,6,28,69,39,127,92" hai1="24,82,124,44,5,95,64,49,14,93,13,1,126" hai2="17,23,91,31,109,111,129,25,132,46,34,50,20" hai3="119,66,114,130,80,56,113,94,35,134,100,104,45"/><T4/><D118/><U98/><E64/><V22/><F91/><W57/><G35/><T101/><D127/><N who="1" m="48683" /><E24/><V77/><F77/><W19/><G104/><T12/><D28/><U88/><E1/><V107/><F107/><W121/><G119/><T108/><D43/><N who="1" m="24735" /><E82/><V2/><F50/><W48/><G80/><T0/><D39/><U11/><E14/><V36/><F46/><W55/><G45/><T123/><D12/><U116/><E95/><V131/><F2/><W106/><G94/><T60/><D92/><U96/><E116/><V110/><F36/><W97/><G66/><T120/><D0/><U26/><E26/><V81/><F81/><W8/><G57/><T86/><D67/><U117/><E117/><V74/><F74/><W70/><G70/><T18/><D69/><U128/><E128/><V63/><F63/><W21/><G130/><N who="2" m="49673" /><F132/><W71/><G134/><T89/><D60/><U10/><E10/><V99/><F99/><AGARI ba="1,0" hai="5,11,13,88,93,96,98,99" m="24735,48683" machi="99" ten="30,3900,0" yaku="18,1,52,1,54,1" doraHai="7" who="1" fromWho="2" sc="430,0,190,42,190,-42,190,0" /><INIT seed="1,0,0,2,2,116" ten="430,232,148,190" oya="1" hai0="93,84,104,119,71,62,106,134,108,61,107,38,45" hai1="46,92,131,23,11,95,132,126,47,122,21,117,102" hai2="8,120,78,31,51,55,79,114,13,130,113,127,30" hai3="18,29,121,70,35,16,2,58,90,96,74,68,12"/><U110/><E117/><V44/><F127/><W14/><G74/><T24/><D119/><U103/><E126/><V26/><F130/><W5/><G58/><T56/><D108/><U22/><E131/><V59/><F31/><W112/><G90/><T49/><D134/><U27/><E27/><V77/><F44/><N who="1" m="16937" /><E11/><V69/><F69/><W39/><G96/><T129/><D129/><U73/><E73/><V52/><F55/><W87/><G87/><T115/><D115/><U15/><E15/><V81/><F81/><W94/><G112/><T40/><D71/><U28/><E28/><V42/><F42/><W88/><G39/><T101/><D38/><U109/><E132/><V83/><F83/><W7/><G29/><T57/><D24/><U100/><E122/><V54/><F54/><W76/><G121/><T50/><D45/><U135/><E135/><V98/><F98/><W105/><G14/><T66/><D40/><U19/><E19/><V53/><F53/><W91/><G12/><T37/><D37/><U1/><E1/><V118/><F118/><W125/><G2/><T3/><D3/><U111/><AGARI ba="0,0" hai="21,22,23,92,95,100,102,103,109,110,111" m="16937" machi="111" ten="40,18000,2" yaku="29,2,28,2,14,1,10,1" doraHai="116" who="1" fromWho="1" sc="430,-60,232,180,148,-60,190,-60" /><INIT seed="1,1,0,2,2,15" ten="370,412,88,130" oya="1" hai0="63,112,116,65,114,76,73,94,13,19,111,75,106" hai1="126,61,56,1,86,26,20,14,5,102,24,113,83" hai2="103,104,60,57,118,121,97,134,72,115,109,16,58" hai3="30,98,81,25,6,36,55,7,119,37,99,9,11"/><U80/><E113/><V18/><F118/><W64/><G64/><T35/><D106/><U51/><E126/><V68/><F121/><W93/><G119/><T133/><D35/><U10/><E102/><V3/><F3/><W95/><G81/><T8/><D116/><U77/><E51/><V59/><F109/><W4/><G55/><T66/><D133/><U135/><E135/><V21/><F134/><W110/><G25/><T62/><D111/><U123/><E123/><V67/><F115/><W124/><G30/><T79/><D94/><N who="3" m="35849" /><G124/><T96/><D96/><N who="3" m="36905" /><G110/><T42/><D42/><U74/><E1/><V120/><F120/><W71/><G71/><T107/><D107/><U122/><E122/><V43/><F72/><W2/><G2/><T89/><D89/><U84/><E74/><V47/><REACH who="2" step="1"/><F21/><REACH who="2" ten="370,412,78,130" step="2"/><W31/><G31/><T132/><D75/><U70/><E20/><V28/><F28/><W23/><G23/><T85/><D73/><U52/><REACH who="1" step="1"/><E70/><REACH who="1" ten="370,402,78,130" step="2"/><V33/><F33/><W12/><G12/><T34/><D34/><U128/><E128/><V131/><F131/><W27/><G27/><T29/><D132/><U105/><E105/><V127/><F127/><W90/><G37/><AGARI ba="1,2" hai="16,18,37,43,47,57,58,59,60,67,68,97,103,104" machi="37" ten="40,8000,1" yaku="1,1,52,2,54,1,53,1" doraHai="15" doraHaiUra="40" who="2" fromWho="3" sc="370,0,402,0,78,103,130,-83" /><INIT seed="2,0,0,0,3,75" ten="370,402,181,47" oya="2" hai0="114,61,46,73,129,109,66,105,27,107,7,122,24" hai1="86,31,12,84,47,30,92,108,128,62,19,6,21" hai2="112,87,67,38,43,95,104,37,79,41,33,99,117" hai3="120,14,77,98,91,106,78,20,49,116,0,90,9"/><V64/><F117/><W60/><G116/><T5/><D122/><U65/><E108/><V76/><F33/><W103/><G120/><T28/><D114/><U4/><E128/><V17/><F104/><W36/><G36/><T53/><D73/><U81/><E47/><V42/><F112/><W56/><G0/><T55/><D129/><U16/><E92/><V97/><F38/><W131/><G49/><T68/><D109/><U51/><E51/><V110/><F37/><W125/><G125/><T96/><D27/><U94/><E94/><V70/><F110/><W44/><G44/><T119/><D119/><U115/><E86/><V85/><F70/><W74/><G20/><T3/><D3/><U40/><E40/><V10/><F10/><W48/><G48/><N who="0" m="28823" /><D55/><U101/><E101/><V126/><F126/><W45/><G45/><T135/><D107/><U34/><E19/><V59/><F17/><W29/><G29/><N who="1" m="10762" /><E34/><V13/><F13/><W89/><G74/><T100/><D135/><U88/><E115/><V54/><F54/><W15/><G131/><T83/><D83/><U57/><AGARI ba="0,0" hai="4,6,12,16,21,57,62,65,81,84,88" m="10762" machi="57" ten="30,4000,0" yaku="8,1,54,2" doraHai="75" who="1" fromWho="1" sc="370,-10,402,40,181,-20,47,-10" /><INIT seed="3,0,0,2,1,89" ten="360,442,161,37" oya="3" hai0="9,10,73,22,82,56,118,99,46,91,83,61,39" hai1="67,42,95,88,1,40,0,124,113,70,120,102,41" hai2="107,31,78,27,122,90,38,48,14,123,111,33,96" hai3="72,37,43,74,94,133,68,62,121,34,44,51,131"/><W86/><G121/><N who="2" m="46089" /><F38/><W116/><G116/><T103/><D118/><U130/><E120/><V64/><F111/><W125/><G34/><T129/><D129/><U93/><E130/><V19/><F78/><W4/><G131/><T132/><D132/><U21/><E113/><V29/><F64/><W106/><G106/><T26/><D73/><U7/><E124/><V71/><F71/><W5/><G125/><T105/><D39/><U97/><E7/><V36/><F36/><W58/><G133/><T85/><D46/><U17/><E67/><V54/><F31/><W114/><G114/><T101/><D82/><U108/><E70/><V50/><F54/><W76/><G68/><T15/><D101/><U11/><E11/><N who="2" m="6623" /><F90/><W25/><G37/><T81/><D15/><U30/><E30/><V55/><F55/><W6/><G25/><T53/><REACH who="0" step="1"/><D81/><REACH who="0" ten="350,442,161,37" step="2"/><U69/><E108/><V32/><F33/><W47/><G44/><T135/><D135/><U8/><E69/><V77/><F77/><W18/><G76/><T117/><D117/><U65/><E102/><AGARI ba="0,1" hai="27,29,32,48,50,96,102,107" m="6623,46089" machi="102" ten="30,1000,0" yaku="13,1" doraHai="89" who="2" fromWho="1" sc="350,0,442,-10,161,20,37,0" /><INIT seed="4,0,0,1,1,129" ten="350,432,181,37" oya="0" hai0="114,135,82,64,81,3,96,118,43,57,11,94,127" hai1="74,51,23,98,111,72,110,42,56,60,47,123,93" hai2="71,66,126,4,61,44,31,105,108,19,75,122,73" hai3="26,125,63,132,70,33,22,62,12,91,15,69,104"/><T117/><D114/><U35/><E35/><V55/><F108/><W39/><G33/><T88/><D127/><U46/><E123/><V27/><F122/><W119/><G39/><T65/><D43/><U1/><E1/><V84/><F126/><W7/><G125/><T120/><D120/><U18/><E47/><V86/><F4/><W121/><G104/><T102/><D3/><U107/><E107/><V68/><F68/><W58/><G121/><T100/><D11/><U87/><E87/><V28/><F28/><W101/><G101/><N who="0" m="39019" /><D57/><U17/><E17/><V14/><F105/><W29/><G119/><N who="0" m="45579" /><D64/><U67/><E110/><V34/><F75/><W25/><G7/><T97/><D65/><U59/><E59/><V116/><F73/><W124/><G124/><T21/><D21/><U99/><E111/><V112/><F112/><W103/><G58/><T78/><D135/><U45/><E45/><V52/><F116/><W13/><G132/><T30/><D30/><U41/><E41/><V40/><F55/><W53/><G53/><T6/><D6/><U80/><E23/><V131/><F52/><W8/><G8/><T134/><D134/><U79/><E18/><V48/><F131/><W130/><G130/><T20/><D20/><AGARI ba="0,0" hai="14,19,20,27,31,34,40,44,48,61,66,71,84,86" machi="20" ten="30,1000,0" yaku="7,1" doraHai="129" who="2" fromWho="0" sc="350,-10,432,0,181,10,37,0" /><INIT seed="5,0,0,2,5,38" ten="340,432,191,37" oya="1" hai0="0,54,133,79,72,25,1,40,26,8,42,134,76" hai1="74,51,70,102,123,39,106,37,52,95,69,19,58" hai2="122,94,18,127,88,78,110,44,24,31,119,85,124" hai3="86,104,2,68,22,49,116,64,130,120,131,128,71"/><U114/><E123/><V55/><F122/><W17/><G104/><T35/><D54/><U83/><E106/><V62/><F119/><W97/><G120/><T99/><D99/><U118/><E118/><V98/><F110/><W33/><G116/><T36/><D36/><U93/><E114/><V113/><F113/><W126/><G33/><T20/><D35/><U46/><E37/><V27/><F31/><W15/><G126/><T80/><D79/><U91/><E19/><V61/><F61/><W129/><G2/><N who="0" m="1131" /><D8/><U41/><E102/><V111/><F111/><W10/><N who="3" m="32768" /><DORA hai="125" /><W7/><G64/><T135/><D26/><U34/><E34/><V21/><F27/><N who="3" m="14799" /><G97/><T50/><D50/><U121/><E121/><V96/><F96/><W30/><G30/><AGARI ba="0,0" hai="20,25,30,40,42,72,76,80,133,134,135" m="1131" machi="30" ten="40,5200,0" yaku="20,1,52,2" doraHai="38,125" who="0" fromWho="3" sc="340,52,432,0,191,0,37,-52" owari="392,19.2,432,53.2,191,-20.9,-15,-51.5" /></mjloggm>