<mjloggm ver="2.3"><GO type="169" lobby="0"/><UN n0="%E6%89%8B%E6%8A%BC%E3%81%97%E8%BB%8A" n1="%70%6F%6E%2D%65%6E" n2="%E8%B5%A4%E4%BA%94%E7%AB%8B%E7%9B%B4" n3="%E3%81%88%E3%81%84%E3%81%8D%E3%81%A1%40%35%6D%66" dan="16,16,16,17" rate="2112.43,2162.74,2176.28,2209.99" sx="M,F,F,M"/><TAIKYOKU oya="0"/><INIT seed="0,0,0,0,2,113" ten="250,250,250,250" oya="0" hai0="81,105,38,73,6,122,30,121,126,110,4,9,0" hai1="65,56,112,20,118,84,57,10,83,80,43,124,72" hai2="125,104,44,22,134,123,96,89,108,107,116,101,135" hai3="95,54,35,66,90,2,88,48,3,50,18,74,130"/><T21/><D105/><U115/><E124/><V29/><F123/><W37/><G37/><T61/><D126/><U63/><E43/><V75/><F125/><W52/><G74/><T133/><D6/><U103/><E103/><V15/><F108/><W92/><G18/><T76/><D110/><U86/><E72/><V68/><F68/><W59/><G66/><T82/><D82/><U40/><E40/><V120/><F120/><W42/><G42/><T17/><D38/><U127/><E127/><V102/><F75/><W51/><G35/><T98/><D30/><U131/><E20/><V67/><F67/><W31/><G31/><T78/><D76/><U64/><E10/><V47/><F89/><N who="3" m="34411" /><G59/><T94/><D61/><U60/><REACH who="1" step="1"/><E131/><REACH who="1" ten="250,240,250,250" step="2"/><V70/><F22/><W27/><G130/><T62/><D122/><U93/><E93/><N who="3" m="35914" /><G27/><T34/><D34/><U91/><E91/><V58/><F102/><W41/><G41/><T32/><D32/><U25/><E25/><V33/><F101/><W129/><G129/><T24/><D121/><U49/><E49/><V5/><F33/><W132/><G132/><T19/><D133/><U97/><E97/><V109/><F96/><W45/><G45/><T28/><D62/><U8/><E8/><V69/><F44/><W114/><G114/><T99/><D99/><U11/><E11/><V46/><F47/><W85/><G85/><T119/><D119/><AGARI ba="0,1" hai="56,57,60,63,64,65,80,83,84,86,112,115,118,119" machi="119" ten="25,8000,1" yaku="1,1,22,2,52,2,53,0" doraHai="113" doraHaiUra="1" who="1" fromWho="0" sc="250,-80,240,90,250,0,250,0" /><INIT seed="1,0,0,4,4,0" ten="170,330,250,250" oya="1" hai0="28,7,59,123,40,132,114,47,129,63,3,25,46" hai1="77,62,65,95,103,96,109,37,22,117,36,16,56" hai2="45,50,130,113,39,80,30,58,55,72,128,31,75" hai3="98,57,99,120,104,67,41,54,122,1,11,112,5"/><U48/><E117/><V2/><F113/><W89/><G112/><T19/><D123/><U119/><E119/><V8/><F30/><W66/><G41/><T116/><D116/><U111/><E77/><V81/><F31/><W115/><G115/><T15/><D114/><U85/><E85/><V124/><F124/><W70/><G70/><T68/><D68/><U86/><E86/><V88/><F80/><W127/><G127/><T134/><D3/><U102/><E102/><V135/><F135/><W108/><G108/><N who="1" m="41546" /><E48/><V18/><F75/><W83/><G83/><T53/><D129/><U33/><E33/><V92/><F81/><W126/><G126/><T24/><D28/><U87/><E87/><V61/><F39/><W52/><G89/><T10/><D46/><U78/><E78/><V94/><F72/><W14/><G1/><T69/><D69/><U121/><E121/><V64/><F94/><W17/><G120/><T44/><D44/><U6/><E6/><V100/><F100/><W49/><G122/><T51/><REACH who="0" step="1"/><D19/><REACH who="0" ten="160,330,250,250" step="2"/><U20/><E20/><V60/><F18/><W21/><G17/><T97/><D97/><U12/><AGARI ba="0,1" hai="12,16,22,36,37,56,62,65,95,96,103" m="41546" machi="12" ten="30,6000,0" yaku="14,1,10,1,54,1" doraHai="0" who="1" fromWho="1" sc="160,-20,330,70,250,-20,250,-20" /><INIT seed="1,1,0,4,1,75" ten="140,400,230,230" oya="1" hai0="129,96,62,26,3,7,31,84,40,33,54,46,51" hai1="104,20,12,16,63,47,93,19,128,30,73,87,58" hai2="52,97,22,72,121,126,90,2,106,133,68,115,119" hai3="39,107,98,91,118,102,86,60,134,101,4,99,55"/><U27/><E128/><V120/><RYUUKYOKU type="yao9" ba="1,0" sc="140,0,400,0,230,0,230,0" hai2="2,22,52,68,72,90,97,106,115,119,120,121,126,133" /><INIT seed="1,2,0,3,3,76" ten="140,400,230,230" oya="1" hai0="77,72,35,94,66,93,85,64,74,90,97,110,1" hai1="113,92,100,63,125,31,41,9,27,120,59,122,52" hai2="128,62,95,87,86,49,38,50,45,89,112,71,111" hai3="5,88,84,116,30,91,60,12,83,132,46,55,43"/><U130/><E113/><V108/><F112/><W117/><G132/><T11/><D35/><U102/><E130/><V104/><F104/><W115/><G115/><T121/><D121/><U17/><E125/><V127/><F127/><W36/><G30/><T53/><D110/><N who="2" m="42026" /><F128/><W96/><G5/><T56/><D74/><U67/><E41/><N who="2" m="22711" /><F86/><W20/><G12/><T81/><D11/><U24/><E67/><AGARI ba="2,0" hai="49,50,62,67,71,87,89,95" m="22711,42026" machi="67" ten="30,1000,0" yaku="14,1" doraHai="76" who="2" fromWho="1" sc="140,0,400,-16,230,16,230,0" /><INIT seed="2,0,0,0,2,59" ten="140,384,246,230" oya="2" hai0="123,45,16,127,27,4,85,80,51,77,72,129,84" hai1="6,5,132,1,46,62,115,81,125,105,14,97,100" hai2="32,34,73,90,23,7,98,24,120,37,87,111,47" hai3="116,112,12,130,2,13,94,108,43,42,110,92,18"/><V36/><F120/><W113/><G2/><T119/><D123/><U99/><E115/><V88/><F73/><W49/><G49/><T114/><D114/><U56/><E1/><V89/><F7/><W91/><G91/><T11/><D119/><U38/><E132/><V69/><F69/><W76/><G18/><T54/><D129/><U21/><E125/><V131/><F131/><W86/><G130/><T122/><D127/><U68/><E68/><V29/><F111/><W107/><G86/><T133/><D133/><U60/><E81/><V41/><F37/><W44/><G44/><T26/><D122/><U55/><E99/><V58/><F98/><W104/><REACH who="3" step="1"/><G76/><REACH who="3" ten="140,384,246,220" step="2"/><T28/><D28/><U78/><E78/><V30/><F87/><W20/><G20/><T82/><D72/><U121/><E121/><V117/><F117/><AGARI ba="0,1" hai="12,13,42,43,92,94,104,107,108,110,112,113,116,117" machi="117" ten="25,3200,0" yaku="1,1,22,2,53,0" doraHai="59" doraHaiUra="83" who="3" fromWho="2" sc="140,0,384,0,246,-32,220,42" /><INIT seed="3,0,0,0,2,5" ten="140,384,214,262" oya="3" hai0="133,82,75,2,21,73,110,135,77,72,103,59,49" hai1="70,40,126,92,115,58,124,120,15,128,89,117,74" hai2="11,86,111,127,0,66,68,78,107,109,67,85,53" hai3="8,93,32,65,52,34,63,84,119,83,38,37,42"/><W76/><G119/><T28/><D2/><U48/><E70/><V116/><F116/><W9/><G93/><T129/><D28/><U108/><E74/><V96/><F127/><W27/><G52/><N who="0" m="32143" /><D103/><U6/><E117/><V45/><F107/><W14/><G42/><T12/><D129/><U113/><E120/><V123/><F96/><W57/><G8/><T91/><D91/><U125/><E108/><V50/><F123/><W51/><G51/><T30/><D30/><U19/><E6/><N who="2" m="1479" /><F68/><W56/><G56/><T106/><D106/><U69/><E69/><V131/><F131/><W25/><G34/><T46/><D46/><N who="1" m="25671" /><E58/><V80/><F86/><W7/><REACH who="3" step="1"/><G32/><REACH who="3" ten="140,384,214,252" step="2"/><T94/><D94/><U90/><E128/><V99/><F66/><W54/><G54/><T105/><D105/><U31/><E92/><V24/><F67/><W122/><G122/><T130/><D130/><U104/><E104/><V36/><F36/><AGARI ba="0,1" hai="7,9,14,25,27,36,37,38,57,63,65,76,83,84" machi="36" ten="40,7700,0" yaku="1,1,52,1,53,1" doraHai="5" doraHaiUra="60" who="3" fromWho="2" sc="140,0,384,0,214,-77,252,87" /><INIT seed="3,1,0,4,3,92" ten="140,384,137,339" oya="3" hai0="5,97,91,17,132,0,2,11,98,77,79,121,57" hai1="66,88,108,3,60,58,129,101,26,55,122,116,33" hai2="50,72,31,15,42,9,41,45,47,61,68,32,87" hai3="49,56,89,123,63,128,74,110,94,28,75,86,13"/><W107/><G123/><T14/><D121/><U130/><E122/><V20/><F72/><W35/><G107/><T78/><D132/><U81/><E108/><V125/><F125/><W70/><G110/><T52/><D91/><U105/><E3/><V37/><F32/><W104/><G104/><T51/><REACH who="0" step="1"/><D0/><REACH who="0" ten="130,384,137,339" step="2"/><U6/><E88/><V131/><F131/><W59/><G128/><T18/><D18/><U90/><E90/><V114/><F114/><W8/><G89/><T82/><D82/><U134/><E81/><V44/><F31/><W65/><G28/><T83/><D83/><U119/><E134/><V4/><F87/><W39/><G86/><T16/><D16/><U126/><E130/><V73/><F73/><W64/><G75/><T21/><AGARI ba="1,1" hai="2,5,11,14,17,21,51,52,57,77,78,79,97,98" machi="21" ten="30,8000,1" yaku="1,1,0,1,52,2,54,1,53,0" doraHai="92" doraHaiUra="38" who="0" fromWho="0" sc="130,93,384,-21,137,-21,339,-41" /><INIT seed="4,0,0,3,1,98" ten="223,363,116,298" oya="0" hai0="8,21,18,14,37,58,103,107,77,131,60,31,127" hai1="78,113,43,96,76,44,94,49,125,22,48,110,84" hai2="93,118,7,97,87,81,99,105,71,75,16,59,39" hai3="121,70,19,101,53,85,114,42,51,88,82,46,2"/><T0/><D37/><U91/><E110/><V54/><F39/><W57/><G70/><T50/><D131/><U100/><E125/><V63/><F71/><W126/><G126/><T102/><D127/><U25/><E49/><V128/><F128/><W5/><G114/><T117/><D117/><U80/><REACH who="1" step="1"/><E113/><REACH who="1" ten="223,353,116,298" step="2"/><V30/><F118/><W40/><G121/><T56/><D50/><U89/><E89/><V132/><F132/><W83/><G51/><T65/><D77/><U61/><E61/><V36/><F36/><W79/><G88/><T130/><D130/><U69/><E69/><V129/><F129/><W24/><G79/><T108/><D108/><U109/><E109/><V64/><F63/><W116/><G116/><T135/><D135/><U17/><AGARI ba="0,1" hai="17,22,25,43,44,48,76,78,80,84,91,94,96,100" machi="17" ten="20,8000,1" yaku="1,1,0,1,7,1,8,1,52,1,53,0" doraHai="98" doraHaiUra="29" who="1" fromWho="1" sc="223,-40,353,90,116,-20,298,-20" /><INIT seed="5,0,0,5,2,110" ten="183,443,96,278" oya="1" hai0="88,104,86,109,17,21,39,36,102,34,95,72,100" hai1="25,46,135,87,62,118,68,52,59,116,11,125,77" hai2="14,28,134,82,18,93,42,111,70,105,89,83,22" hai3="126,1,80,49,130,30,43,53,132,64,99,7,40"/><U91/><E125/><V33/><F111/><W123/><G123/><T48/><D34/><U57/><E68/><V92/><F105/><W19/><G64/><T117/><D117/><U98/><E135/><V79/><F134/><W113/><G30/><T76/><D109/><U50/><E98/><V131/><F131/><W90/><G7/><T54/><D102/><U61/><E77/><V128/><F70/><W85/><G1/><T16/><D17/><U96/><E96/><V35/><F42/><W20/><G130/><T15/><D100/><U133/><E133/><V124/><F124/><W73/><G73/><T114/><D104/><U106/><E106/><V84/><F128/><W10/><G10/><T129/><D129/><U112/><E25/><V55/><F33/><W45/><G126/><T24/><D24/><U56/><E11/><V81/><F28/><W58/><G99/><T74/><D74/><U63/><REACH who="1" step="1"/><E112/><REACH who="1" ten="183,433,96,278" step="2"/><V108/><F108/><W60/><G113/><T27/><D27/><U97/><E97/><V23/><F35/><W65/><G132/><T26/><D26/><AGARI ba="0,1" hai="19,20,26,40,43,45,49,53,58,60,65,80,85,90" machi="26" ten="30,2000,0" yaku="7,1,8,1" doraHai="110" who="3" fromWho="0" sc="183,-20,433,0,96,0,278,30" /><INIT seed="6,0,0,0,3,53" ten="163,433,96,308" oya="2" hai0="89,5,98,37,12,66,105,21,41,122,39,29,7" hai1="81,51,72,91,74,19,108,31,15,44,97,2,61" hai2="73,117,133,118,48,86,42,135,18,59,113,27,68" hai3="60,88,84,1,36,26,127,80,28,124,62,79,16"/><V99/><F73/><W126/><G36/><T40/><D122/><U6/><E108/><V82/><F99/><W46/><G1/><T75/><D75/><U116/><E91/><V20/><F68/><W110/><G110/><T71/><D71/><U38/><E81/><V70/><F70/><W63/><G46/><T17/><D66/><U32/><E32/><V0/><F0/><W64/><G16/><T129/><D129/><U94/><E38/><V35/><F35/><N who="3" m="20887" /><G79/><T23/><D39/><U131/><E2/><V107/><F107/><W103/><G103/><T112/><D37/><U57/><E116/><V102/><F102/><W4/><G4/><T128/><D105/><U54/><E131/><V76/><F113/><W33/><G33/><T100/><D89/><U83/><E74/><V119/><REACH who="2" step="1"/><F42/><REACH who="2" ten="163,433,86,308" step="2"/><W25/><G25/><N who="0" m="16559" /><D112/><U50/><E72/><V115/><F115/><W8/><G124/><T95/><D128/><U9/><E97/><V90/><F90/><W123/><G126/><T10/><D41/><U30/><E15/><V106/><F106/><W58/><G127/><T67/><D40/><U3/><E3/><V47/><F47/><W45/><G45/><T11/><D100/><U120/><E44/><V34/><F34/><W121/><G123/><T109/><D98/><U13/><E120/><V24/><F24/><W56/><G121/><T55/><D109/><U114/><E13/><V43/><F43/><W52/><G88/><T65/><D12/><U69/><E69/><V132/><F132/><W92/><G84/><T130/><D130/><U77/><E114/><RYUUKYOKU ba="0,1" sc="163,-10,433,-10,86,30,308,-10" hai2="18,20,27,48,59,76,82,86,117,118,119,133,135" /><INIT seed="6,1,1,1,0,98" ten="153,423,116,298" oya="2" hai0="12,71,23,100,92,72,31,19,33,60,0,133,7" hai1="101,27,24,49,3,17,114,86,18,40,32,95,83" hai2="105,110,108,51,79,66,26,21,118,63,113,78,43" hai3="75,90,132,125,58,106,13,6,25,20,69,97,14"/><V128/><F118/><W55/><G69/><T65/><D72/><U130/><E3/><V117/><F117/><W15/><G75/><T112/><D112/><U134/><E130/><V111/><F113/><W81/><G125/><T8/><D133/><U52/><E40/><V77/><F105/><W103/><G132/><T94/><REACH who="0" step="1"/><D100/><REACH who="0" ten="143,423,116,298" step="2"/><U120/><E101/><V4/><F128/><W5/><G90/><T59/><D59/><U122/><E134/><V109/><F109/><W11/><G5/><T16/><D16/><U56/><E17/><N who="2" m="12591" /><F4/><W129/><G129/><T45/><D45/><U119/><E18/><V22/><F22/><W89/><G89/><T68/><D68/><U57/><E57/><N who="2" m="37231" /><F78/><W50/><G81/><T35/><D35/><U88/><E83/><V80/><F80/><W54/><G20/><T91/><D91/><U131/><E32/><V28/><F28/><W39/><G6/><T73/><D73/><U46/><E114/><V74/><F74/><W127/><G127/><T64/><D64/><U87/><E131/><V62/><F62/><W99/><G58/><T41/><D41/><N who="1" m="24783" /><E119/><V96/><F79/><W30/><G30/><T42/><D42/><U37/><E56/><V1/><F77/><W2/><G106/><T48/><D48/><U67/><E67/><V123/><F123/><W135/><G50/><T104/><D104/><U82/><E122/><V53/><F43/><W61/><G135/><T121/><D121/><U9/><E120/><V44/><F1/><W34/><G2/><T124/><D124/><U76/><E82/><V29/><F29/><RYUUKYOKU ba="1,2" sc="143,15,423,-15,116,15,298,-15" hai0="0,7,8,12,19,23,31,33,60,65,71,92,94" hai2="44,51,53,96,108,110,111" /><INIT seed="6,2,2,5,4,25" ten="158,408,131,283" oya="2" hai0="3,105,69,112,27,90,19,30,33,84,134,53,77" hai1="100,1,121,12,60,41,52,9,104,125,120,14,133" hai2="72,109,97,81,37,106,98,18,65,123,114,70,58" hai3="21,107,122,91,11,16,88,103,111,36,26,55,131"/><V73/><F123/><W92/><G111/><T117/><D117/><U62/><E41/><V128/><F109/><W46/><G122/><T102/><D77/><U17/><E1/><V129/><F114/><W71/><G71/><T110/><D112/><U83/><E83/><V23/><F37/><W63/><G131/><N who="2" m="50249" /><F70/><W94/><G107/><T68/><D3/><U56/><E104/><V130/><N who="2" m="50257" /><V22/><DORA hai="82" /><F81/><W4/><G36/><T35/><D35/><U127/><E127/><V101/><F98/><N who="3" m="59847" /><G94/><T13/><D13/><BYE who="0" /><U135/><E133/><V124/><F124/><W43/><G43/><T132/><D132/><U87/><E125/><V0/><F0/><UN n0="%E6%89%8B%E6%8A%BC%E3%81%97%E8%BB%8A" /><W61/><G46/><T93/><D134/><U67/><E135/><V89/><F89/><N who="3" m="34379" /><G55/><T5/><D110/><U7/><E100/><V44/><F44/><W78/><G78/><T2/><D102/><U28/><E121/><V6/><F6/><W57/><G57/><T86/><D105/><U15/><E7/><V42/><F42/><W64/><G64/><T50/><D5/><U66/><E67/><V99/><F99/><W118/><G118/><T34/><D2/><U45/><E66/><V49/><F23/><W54/><G54/><T59/><D34/><U38/><E45/><V20/><F22/><W51/><G51/><T126/><D126/><U80/><E56/><V10/><F20/><W32/><G32/><T75/><D75/><N who="2" m="28746" /><F65/><W116/><G116/><T79/><D19/><U113/><E17/><V76/><F76/><W29/><G4/><T39/><D39/><U115/><E113/><RYUUKYOKU ba="2,2" sc="158,15,408,-15,131,-15,283,15" hai0="27,30,33,50,53,59,68,69,79,84,86,90,93" hai3="11,16,21,26,29,61,63" /><INIT seed="7,3,2,1,3,115" ten="173,393,116,298" oya="3" hai0="69,63,45,107,20,72,93,82,30,64,84,21,22" hai1="120,12,7,97,26,88,116,124,13,73,38,53,132" hai2="135,111,23,14,100,101,52,50,34,91,85,103,42" hai3="27,17,106,68,109,0,33,54,112,24,83,79,65"/><W92/><G106/><T99/><D107/><U48/><E38/><V61/><F111/><W118/><G0/><T95/><D72/><U127/><E73/><V18/><F34/><W80/><G112/><T108/><D108/><U6/><E116/><V5/><F135/><W40/><G109/><T105/><D105/><U122/><E132/><V86/><F5/><N who="1" m="1545" /><E26/><V114/><F114/><W87/><G118/><T19/><D30/><U29/><E29/><V102/><N who="2" m="25600" /><DORA hai="49" /><V9/><F42/><W55/><G68/><T8/><D99/><U58/><E12/><V10/><F61/><W3/><G65/><T113/><D113/><U89/><E13/><V125/><F125/><N who="1" m="48201" /><E97/><V62/><F62/><W31/><G3/><T56/><D8/><N who="2" m="3178" /><F91/><AGARI ba="3,2" hai="48,53,58,88,89,91,120,122" m="48201,1545" machi="91" ten="30,3900,0" yaku="18,1,52,1,54,1" doraHai="115,49" who="1" fromWho="2" sc="173,0,393,68,116,-48,298,0" owari="173,-22.7,461,56.1,68,-43.2,298,9.8" /></mjloggm>