<mjloggm ver="2.3"><GO type="169" lobby="0"/><UN n0="%31%74%61" n1="%E9%A2%A8%E7%B8%AB" n2="%57%44%44%69%65" n3="%74%6B%34%32" dan="17,16,16,16" rate="2235.80,2126.40,2085.35,2102.81" sx="M,M,M,M"/><TAIKYOKU oya="0"/><INIT seed="0,0,0,5,4,135" ten="250,250,250,250" oya="0" hai0="85,66,58,94,43,123,21,67,81,71,12,42,51" hai1="133,74,11,22,68,55,47,33,118,79,95,115,35" hai2="121,106,3,4,125,91,63,34,29,23,44,61,16" hai3="62,76,97,17,20,101,37,50,104,54,69,31,90"/><T64/><D123/><U87/><E68/><V83/><F121/><W107/><G37/><T52/><D71/><U8/><E133/><V126/><F106/><W129/><G129/><T114/><D114/><U98/><E118/><V24/><F44/><W127/><G76/><T28/><D94/><U36/><E74/><V5/><F91/><W1/><G1/><T131/><D131/><U39/><E39/><V73/><F73/><W27/><G90/><T41/><D12/><U48/><E36/><V100/><F100/><W38/><G38/><T13/><D13/><U117/><E117/><V65/><F83/><W59/><G107/><T132/><D132/><U89/><E33/><V82/><F82/><W7/><G7/><N who="2" m="2633" /><F65/><W45/><G69/><T130/><D130/><U113/><E35/><V25/><F3/><W128/><G128/><T2/><D2/><U72/><E72/><V19/><F63/><W40/><REACH who="3" step="1"/><G31/><REACH who="3" ten="250,250,250,240" step="2"/><T116/><D116/><U53/><E113/><V30/><F61/><W111/><G111/><T70/><D70/><U103/><E115/><V86/><F86/><W6/><G6/><T112/><D112/><U92/><E79/><V110/><F110/><W93/><G93/><T57/><D85/><U84/><E87/><V32/><F32/><W18/><G18/><AGARI ba="0,1" hai="16,18,19,23,24,25,29,30,34,125,126" m="2633" machi="18" ten="30,8000,1" yaku="34,2,52,2,54,1" doraHai="135" who="2" fromWho="3" sc="250,0,250,0,250,90,240,-80" /><INIT seed="1,0,0,2,5,116" ten="250,250,340,160" oya="1" hai0="107,43,130,73,58,10,28,118,92,66,38,113,125" hai1="39,2,15,19,106,34,122,84,80,88,6,111,53" hai2="76,35,71,112,50,32,132,8,81,0,135,123,49" hai3="102,17,69,30,108,59,12,96,97,63,87,109,64"/><U126/><E106/><V127/><F71/><W115/><G115/><T3/><D28/><U23/><E39/><V41/><F112/><W9/><G30/><T47/><D92/><U99/><E126/><V52/><F127/><W82/><G69/><T119/><D125/><U128/><E128/><V13/><F0/><W124/><G124/><T117/><D113/><U33/><E111/><V68/><F68/><W90/><REACH who="3" step="1"/><G102/><REACH who="3" ten="250,250,340,150" step="2"/><T86/><D118/><U29/><E34/><V83/><F32/><W61/><G61/><T101/><D101/><U22/><E33/><V100/><F100/><W77/><G77/><T134/><D119/><U85/><E29/><V16/><F35/><W110/><AGARI ba="0,1" hai="9,12,17,59,63,64,82,87,90,96,97,108,109,110" machi="110" ten="30,4000,0" yaku="1,1,0,1,14,1,53,0" doraHai="116" doraHaiUra="27" who="3" fromWho="3" sc="250,-10,250,-20,340,-10,150,50" /><INIT seed="2,0,0,1,4,10" ten="240,230,330,200" oya="2" hai0="52,57,40,89,5,41,27,64,17,131,76,65,63" hai1="86,48,77,73,28,128,11,90,14,25,129,74,3" hai2="47,109,0,114,95,135,54,107,102,23,35,9,78" hai3="120,81,66,93,122,32,36,72,7,92,29,51,53"/><V125/><F114/><W96/><G36/><T43/><D131/><N who="1" m="50251" /><E3/><V61/><F35/><W62/><G7/><T50/><D76/><U30/><E48/><V12/><F135/><W104/><G104/><T116/><D5/><N who="1" m="3439" /><E77/><V123/><F78/><W79/><G32/><T111/><D111/><U133/><E133/><V21/><F123/><W101/><G29/><N who="1" m="11370" /><E25/><V16/><F109/><W103/><G103/><T20/><D116/><U110/><E110/><V126/><F107/><W24/><G24/><T31/><D31/><U34/><E34/><V98/><F0/><W58/><REACH who="3" step="1"/><G92/><AGARI ba="0,0" hai="73,74,86,90,92" m="11370,3439,50251" machi="92" ten="30,2000,0" yaku="19,1,52,1" doraHai="10" who="1" fromWho="3" sc="240,0,230,20,330,0,200,-20" /><INIT seed="3,0,0,4,5,75" ten="240,250,330,180" oya="3" hai0="62,92,32,55,105,129,94,24,8,1,103,29,70" hai1="115,15,12,88,14,38,37,22,50,45,90,18,95" hai2="131,57,107,93,28,130,128,118,74,53,3,120,11" hai3="123,86,61,33,96,47,56,54,77,20,116,101,10"/><W89/><G116/><T104/><D129/><U122/><E122/><V25/><F107/><W106/><G33/><T19/><D55/><U110/><E110/><V111/><F118/><W51/><G123/><T9/><D9/><U17/><E115/><V135/><F120/><W84/><G20/><T121/><D121/><U60/><E60/><V102/><F74/><W2/><G2/><T68/><D68/><U100/><E100/><V117/><F117/><W119/><G10/><T31/><D31/><U97/><E90/><V40/><F40/><W13/><G13/><T43/><D43/><U73/><E73/><V27/><F135/><W46/><G119/><T91/><D91/><U34/><E34/><V64/><F64/><W81/><REACH who="3" step="1"/><G61/><REACH who="3" ten="240,250,330,170" step="2"/><T126/><D1/><U125/><E125/><V66/><F11/><W48/><G48/><T87/><D8/><U49/><E49/><V69/><F3/><W112/><G112/><T108/><D32/><U36/><REACH who="1" step="1"/><E22/><REACH who="1" ten="240,240,330,170" step="2"/><N who="2" m="15415" /><F131/><W30/><G30/><T133/><D29/><U16/><E16/><V76/><F130/><W83/><AGARI ba="0,2" hai="46,47,51,54,56,77,81,83,84,86,89,96,101,106" machi="83" ten="20,7800,0" yaku="1,1,0,1,7,1,52,1,53,0" doraHai="75" doraHaiUra="67" who="3" fromWho="3" sc="240,-26,240,-26,330,-26,170,98" /><INIT seed="3,1,0,2,0,49" ten="214,214,304,268" oya="3" hai0="76,122,10,3,0,91,48,18,51,30,55,53,100" hai1="25,5,82,80,14,81,35,41,74,111,47,106,62" hai2="112,108,21,103,52,42,85,118,101,67,116,75,126" hai3="45,12,16,11,79,115,8,90,37,15,114,64,6"/><W109/><G109/><T29/><D122/><U102/><E111/><V99/><F108/><W73/><G64/><T32/><D76/><U2/><E106/><V20/><F75/><W121/><G121/><T72/><D72/><U26/><E102/><V95/><F112/><W86/><G79/><T71/><D100/><U133/><E133/><V27/><F42/><W57/><G73/><T58/><D71/><U124/><E124/><V129/><F67/><W84/><G57/><T31/><D32/><U39/><E14/><V22/><F129/><W132/><G132/><T89/><D0/><U65/><E35/><V93/><F126/><W63/><G63/><T50/><D3/><U97/><E97/><V24/><F85/><W17/><G6/><T94/><D58/><U46/><E46/><V40/><F40/><W135/><G135/><T98/><D91/><U83/><E62/><V23/><F23/><W4/><G4/><T38/><D38/><U66/><E66/><V123/><F123/><W117/><G117/><T19/><D10/><N who="1" m="2359" /><E65/><V1/><F1/><W113/><G90/><T59/><D59/><U96/><E96/><N who="2" m="59535" /><F118/><W44/><REACH who="3" step="1"/><G45/><REACH who="3" ten="214,214,304,258" step="2"/><T9/><REACH who="0" step="1"/><D9/><REACH who="0" ten="204,214,304,258" step="2"/><U33/><E33/><V13/><F116/><W36/><G36/><T61/><D61/><U34/><E34/><V69/><F69/><W105/><G105/><T88/><D88/><U131/><E131/><V107/><F107/><W56/><G56/><T70/><D70/><U120/><E120/><V104/><F104/><W128/><G128/><T28/><N who="0" m="7168" /><DORA hai="134" /><T78/><D78/><AGARI ba="1,2" hai="25,26,39,41,47,74,78,80,81,82,83" m="2359" machi="78" ten="30,1000,0" yaku="25,1" doraHai="49,134" who="1" fromWho="0" sc="204,-13,214,33,304,0,258,0" /><INIT seed="4,0,0,2,4,37" ten="191,247,304,258" oya="0" hai0="119,34,14,76,125,97,62,84,25,23,9,32,54" hai1="91,134,131,35,111,110,47,61,26,123,74,38,63" hai2="27,8,127,124,121,5,95,49,64,107,60,86,50" hai3="118,100,19,116,129,29,59,2,7,41,66,31,13"/><T45/><D119/><U85/><E131/><V99/><F121/><W30/><G129/><T87/><D125/><N who="2" m="48202" /><F27/><W71/><G71/><T42/><D97/><U130/><E130/><V82/><F107/><W103/><G2/><T65/><D54/><U68/><E134/><V51/><F95/><W70/><G7/><T72/><D72/><U117/><E117/><V88/><F99/><W4/><G4/><T101/><D101/><U12/><E74/><V58/><F51/><W18/><G70/><T56/><D76/><U98/><E98/><V113/><F113/><W43/><G118/><T108/><D108/><U10/><E123/><V83/><F82/><W126/><G116/><T0/><D0/><AGARI ba="0,0" hai="0,5,8,49,50,58,60,64,83,86,88" m="48202" machi="0" ten="30,2000,0" yaku="18,1,54,1" doraHai="37" who="2" fromWho="0" sc="191,-20,247,0,304,20,258,0" /><INIT seed="5,0,0,1,5,132" ten="171,247,324,258" oya="1" hai0="101,13,37,76,120,2,24,105,67,99,82,86,47" hai1="75,50,69,21,73,92,110,4,32,6,89,40,72" hai2="33,118,108,38,29,115,114,133,74,7,134,60,8" hai3="128,51,14,11,135,107,121,15,43,127,27,52,123"/><U23/><E32/><V70/><F74/><W91/><G107/><T54/><D2/><U104/><E104/><V80/><F38/><W131/><G135/><N who="2" m="51721" /><F80/><W39/><G27/><T119/><D119/><U77/><E69/><V125/><F118/><W103/><G103/><T79/><D120/><U35/><E77/><V12/><F108/><W65/><G65/><T61/><D79/><U58/><E35/><V17/><F70/><W25/><G25/><T78/><D78/><U42/><E42/><V83/><F60/><W62/><G62/><T96/><D96/><U88/><E89/><V109/><F83/><W10/><G91/><T87/><D13/><U19/><E23/><V90/><F90/><W53/><G51/><T97/><D97/><U9/><E9/><V22/><F109/><W26/><G26/><T16/><D87/><N who="1" m="52255" /><E40/><V122/><F122/><W130/><G43/><T81/><D81/><U124/><E110/><V3/><F33/><W102/><G102/><T63/><D37/><U45/><E45/><V36/><F36/><W112/><G39/><T28/><D28/><U55/><E4/><V59/><F29/><W30/><G30/><T68/><D47/><U0/><E6/><V94/><F59/><W129/><G129/><T56/><REACH who="0" step="1"/><D24/><REACH who="0" ten="161,247,324,258" step="2"/><N who="1" m="14399" /><E0/><V66/><F3/><W31/><G31/><T93/><D93/><U49/><E75/><V5/><F94/><W100/><G112/><T57/><D57/><U20/><E73/><V71/><F115/><W111/><G111/><T44/><D44/><U106/><E72/><V41/><F114/><W48/><G131/><RYUUKYOKU ba="0,1" sc="161,30,247,-10,324,-10,258,-10" hai0="16,54,56,61,63,67,68,76,82,86,99,101,105" /><INIT seed="6,1,1,3,3,5" ten="191,237,314,248" oya="2" hai0="100,30,8,76,33,48,28,20,45,80,35,11,47" hai1="62,122,21,44,63,127,50,92,52,3,103,26,10" hai2="74,125,40,112,87,71,81,54,70,128,124,31,32" hai3="15,135,6,115,23,14,107,38,113,36,85,118,89"/><V13/><F74/><W98/><G118/><T126/><D100/><U82/><E127/><V72/><F72/><W86/><G135/><T116/><D126/><U16/><E122/><V41/><F125/><W102/><G86/><N who="0" m="48391" /><D35/><U34/><E34/><V111/><F112/><N who="3" m="43083" /><G23/><T132/><D33/><U43/><E43/><V53/><F124/><W78/><G78/><T123/><D123/><U84/><E103/><V60/><F32/><W29/><G29/><N who="0" m="11371" /><D132/><U108/><E92/><V9/><F31/><W46/><G46/><N who="0" m="17419" /><D116/><U106/><E106/><V94/><F111/><W22/><G22/><T77/><D77/><U49/><E49/><V73/><F73/><W0/><G0/><T134/><D134/><U66/><E108/><V69/><F41/><W57/><G57/><T120/><D120/><U17/><E3/><V55/><F40/><W99/><G99/><T95/><D20/><U91/><E66/><V96/><F96/><W58/><G58/><T51/><D95/><U110/><E110/><V39/><F94/><N who="3" m="54575" /><G15/><AGARI ba="1,1" hai="10,15,16,17,21,26,44,50,52,62,63,82,84,91" machi="15" ten="40,12000,2" yaku="25,2,8,1,52,1,54,2" doraHai="5" who="1" fromWho="3" sc="191,0,237,133,314,0,248,-123" /><INIT seed="7,0,0,3,2,56" ten="191,370,314,125" oya="3" hai0="67,66,94,55,98,51,73,110,87,48,53,74,88" hai1="52,62,33,29,9,116,6,95,120,109,50,71,61" hai2="79,10,11,131,54,41,72,46,122,8,23,1,84" hai3="103,3,36,19,20,7,40,65,35,105,93,135,108"/><W92/><G135/><T32/><D110/><U2/><E120/><V128/><F72/><W80/><G35/><T22/><D32/><U89/><E109/><V134/><F1/><W60/><G108/><T130/><D130/><U26/><E71/><V126/><F134/><W107/><G80/><N who="0" m="49255" /><D73/><U127/><E127/><V16/><F126/><W38/><G3/><T44/><D74/><U85/><E116/><V101/><F122/><W83/><G7/><T43/><D22/><U123/><E123/><V121/><F121/><W5/><G5/><T17/><D17/><U63/><E63/><V102/><F131/><W69/><G83/><T13/><D13/><U34/><E34/><V106/><F106/><W47/><G38/><T97/><D97/><U117/><E117/><V49/><F128/><W124/><G124/><T114/><D114/><U37/><E37/><V82/><REACH who="2" step="1"/><F41/><REACH who="2" ten="191,370,304,125" step="2"/><W91/><G103/><N who="0" m="60887" /><D43/><U68/><E68/><V129/><F129/><W133/><G133/><T76/><D76/><U25/><E25/><AGARI ba="0,1" hai="8,10,11,16,23,25,46,49,54,79,82,84,101,102" machi="25" ten="40,8000,1" yaku="1,1,8,1,54,1,53,1" doraHai="56" doraHaiUra="45" who="2" fromWho="1" sc="191,0,370,-80,304,90,125,0" owari="191,-20.9,290,9.0,394,49.4,125,-37.5" /></mjloggm>