<mjloggm ver="2.3"><GO type="169" lobby="0"/><UN n0="%E3%82%88%E3%81%86%E3%81%B8%E3%83%BC%58" n1="%41%4C%50%45%52%49%4E" n2="%E2%80%A0%E7%99%BD%E5%85%8E%E2%80%A0" n3="%73%61%69%63%68%61%6E%7A" dan="17,17,17,17" rate="2246.61,2183.82,2214.28,2143.97" sx="M,M,M,M"/><TAIKYOKU oya="0"/><INIT seed="0,0,0,0,4,48" ten="250,250,250,250" oya="0" hai0="32,109,8,128,9,52,2,101,54,46,65,134,72" hai1="119,31,70,60,21,16,98,64,43,30,61,18,96" hai2="3,7,49,95,99,124,130,93,38,20,37,42,6" hai3="69,55,44,0,22,5,88,11,77,107,14,85,40"/><T129/><D134/><U29/><E119/><V120/><F120/><W126/><G126/><T97/><D72/><U45/><E61/><V100/><F124/><W116/><G116/><T105/><D32/><U82/><E82/><V106/><F130/><N who="0" m="50282" /><D109/><U12/><REACH who="1" step="1"/><E18/><REACH who="1" ten="250,240,250,250" step="2"/><V47/><F37/><AGARI ba="0,1" hai="12,16,21,29,30,31,37,43,45,60,64,70,96,98" machi="37" ten="40,12000,2" yaku="1,1,2,1,54,1,53,3" doraHai="48" doraHaiUra="26" who="1" fromWho="2" sc="250,0,240,130,250,-120,250,0" /><INIT seed="1,0,0,0,0,69" ten="250,370,130,250" oya="1" hai0="76,71,10,106,113,41,15,135,19,42,7,59,101" hai1="26,90,88,84,30,54,82,9,52,49,2,105,122" hai2="112,3,62,124,131,31,98,22,121,39,34,48,13" hai3="27,61,127,14,45,60,40,126,21,51,87,103,94"/><U16/><E122/><V46/><F121/><W25/><G14/><T38/><D71/><U4/><E105/><V108/><F3/><W104/><G104/><T123/><D113/><U23/><E49/><V36/><F112/><W115/><G115/><T96/><D123/><U114/><E114/><V68/><F108/><W24/><G21/><T35/><D135/><U100/><E100/><V72/><F72/><W65/><G87/><T18/><D35/><U50/><E50/><V118/><F118/><W92/><G61/><T130/><D130/><U128/><E128/><V70/><F131/><W5/><G5/><T32/><D32/><U55/><REACH who="1" step="1"/><E30/><REACH who="1" ten="250,360,130,250" step="2"/><V29/><F29/><W28/><G28/><T134/><D106/><U0/><E0/><V33/><F33/><W86/><G103/><T129/><D101/><U116/><E116/><V1/><F1/><W99/><G126/><T53/><D129/><U83/><E83/><V79/><F124/><W107/><G127/><T111/><D111/><U133/><E133/><V78/><F48/><W85/><G107/><T120/><D134/><U8/><E8/><V63/><F31/><W6/><G94/><T64/><D10/><U11/><E11/><V75/><F34/><W57/><G92/><T47/><D120/><U109/><E109/><V97/><F22/><W119/><G119/><T95/><D95/><U44/><E44/><V37/><F46/><W17/><G51/><T66/><D47/><U91/><AGARI ba="0,1" hai="2,4,9,16,23,26,52,54,55,82,84,88,90,91" machi="91" ten="30,12000,1" yaku="1,1,0,1,54,3,53,0" doraHai="69" doraHaiUra="89" who="1" fromWho="1" sc="250,-40,360,130,130,-40,250,-40" /><INIT seed="1,1,0,4,3,35" ten="210,490,90,210" oya="1" hai0="75,29,58,31,19,79,46,14,124,34,83,32,10" hai1="52,97,2,128,50,43,68,125,8,30,101,105,12" hai2="86,28,96,37,119,102,61,103,126,134,111,70,62" hai3="6,85,73,4,77,118,69,74,114,51,72,36,5"/><U16/><E68/><V121/><F119/><W89/><G36/><T84/><D124/><U106/><E125/><V0/><F126/><W55/><G114/><T17/><D34/><U91/><E128/><V80/><F121/><W131/><G69/><T99/><D32/><U22/><E43/><V47/><F28/><N who="0" m="10826" /><D75/><U78/><E78/><V44/><F111/><W7/><G131/><T115/><D115/><U135/><E135/><V82/><F134/><W21/><G118/><T13/><D46/><U65/><E65/><V3/><F70/><W81/><N who="3" m="1024" /><DORA hai="107" /><W100/><G100/><T57/><D99/><U25/><E91/><V116/><F96/><W41/><G21/><AGARI ba="1,0" hai="10,13,14,17,19,21,57,58,79,83,84" m="10826" machi="21" ten="30,1000,0" yaku="8,1" doraHai="35,107" who="0" fromWho="3" sc="210,13,490,0,90,0,210,-13" /><INIT seed="2,0,0,0,2,108" ten="223,490,90,197" oya="2" hai0="88,36,5,110,17,68,52,29,2,20,74,128,85" hai1="66,120,6,40,59,0,135,64,49,41,73,8,82" hai2="119,57,92,26,31,86,3,109,114,129,102,115,122" hai3="43,105,45,38,130,70,4,133,16,65,47,14,72"/><V83/><F119/><W101/><G130/><T12/><D74/><U116/><E116/><V126/><F122/><W80/><G133/><T76/><D76/><U46/><E135/><V10/><F129/><W61/><G47/><T96/><D110/><U1/><E120/><V124/><F109/><W90/><G4/><T60/><D36/><U39/><E0/><V19/><F57/><W99/><G72/><T103/><D29/><U123/><E123/><V97/><F19/><W71/><G71/><T42/><D42/><U91/><E41/><V37/><F10/><W7/><G7/><T79/><D79/><N who="1" m="44399" /><E91/><N who="2" m="51679" /><F3/><W104/><G80/><N who="0" m="49191" /><D68/><U35/><E35/><V117/><F117/><W77/><G77/><T62/><D2/><U34/><E34/><V32/><F37/><W24/><G90/><T63/><D5/><U15/><E15/><V27/><F26/><W9/><REACH who="3" step="1"/><G24/><REACH who="3" ten="223,490,90,187" step="2"/><T44/><D128/><U127/><E6/><V50/><F50/><W84/><G84/><T56/><D44/><U100/><E49/><V98/><F98/><W81/><G81/><T78/><D78/><U48/><E46/><V67/><F67/><W53/><G53/><T58/><D56/><U54/><E64/><V107/><F107/><AGARI ba="0,1" hai="9,14,16,38,43,45,61,65,70,99,101,104,105,107" machi="107" ten="30,3900,0" yaku="1,1,7,1,54,1,53,0" doraHai="108" doraHaiUra="25" who="3" fromWho="2" sc="223,0,490,0,90,-39,187,49" /><INIT seed="3,0,0,2,4,93" ten="223,490,51,236" oya="3" hai0="124,62,67,89,39,31,92,50,38,0,126,116,122" hai1="135,97,77,48,88,27,102,44,117,100,12,64,22" hai2="70,32,56,21,34,19,24,66,57,42,26,36,43" hai3="4,8,14,16,15,112,18,6,123,82,53,23,106"/><W47/><G112/><T69/><D122/><U35/><E35/><V59/><F70/><W86/><G106/><T40/><D0/><U114/><E114/><V80/><F66/><W128/><G123/><T94/><D31/><U134/><E117/><V111/><F111/><W104/><G104/><T119/><D94/><N who="1" m="56519" /><E77/><V9/><F80/><W95/><G95/><T60/><D60/><U63/><E12/><V108/><F108/><W131/><G128/><T73/><D73/><U98/><E63/><V37/><F9/><W74/><G74/><T41/><D50/><U11/><E11/><V115/><F115/><W29/><G29/><T25/><D25/><U65/><E135/><V113/><F113/><W125/><G125/><N who="0" m="48235" /><D39/><U46/><E46/><V10/><F10/><W49/><REACH who="3" step="1"/><G131/><REACH who="3" ten="223,490,51,226" step="2"/><T132/><D119/><U1/><E134/><V84/><F84/><W127/><G127/><T75/><D116/><U72/><E72/><V68/><F34/><W79/><AGARI ba="0,1" hai="4,6,8,14,15,16,18,23,47,49,53,79,82,86" machi="79" ten="20,18000,2" yaku="1,1,0,1,7,1,8,1,54,1,53,1" doraHai="93" doraHaiUra="83" who="3" fromWho="3" sc="223,-60,490,-60,51,-60,226,190" owari="163,-23.7,430,53.0,-9,-50.9,416,21.6" /></mjloggm>