<mjloggm ver="2.3"><GO type="169" lobby="0"/><UN n0="%6F%6B%61%62%65%73%68%69" n1="%5B%5B%79%75%79%75%5D%5D" n2="%E3%83%A8%E3%82%B7%E3%83%86%E3%83%AB%37%30%38" n3="%6A%79%75%6E%6F%68" dan="17,16,16,18" rate="2195.81,2119.16,2071.54,2250.04" sx="M,M,M,M"/><TAIKYOKU oya="0"/><INIT seed="0,0,0,0,3,67" ten="250,250,250,250" oya="0" hai0="0,93,101,86,50,18,110,75,104,116,84,79,22" hai1="113,128,1,39,16,78,118,65,122,126,7,21,13" hai2="133,11,131,34,124,100,28,70,44,85,6,123,3" hai3="129,54,14,12,87,90,42,62,91,26,43,24,9"/><T76/><D0/><U80/><E122/><V38/><F123/><W29/><G129/><T114/><D116/><U71/><E118/><V32/><F131/><W53/><G62/><T119/><D119/><U60/><E113/><V98/><F85/><N who="0" m="32874" /><D75/><U48/><E128/><V66/><F133/><W8/><REACH who="3" step="1"/><G87/><REACH who="3" ten="250,250,250,240" step="2"/><T23/><D114/><U74/><E126/><V107/><F124/><W15/><G15/><N who="0" m="9567" /><D110/><U121/><E121/><V20/><F28/><AGARI ba="0,1" hai="8,9,12,14,24,26,28,29,42,43,53,54,90,91" machi="28" ten="25,6400,0" yaku="1,1,22,2,8,1,53,0" doraHai="67" doraHaiUra="30" who="3" fromWho="2" sc="250,0,250,0,250,-64,240,74" /><INIT seed="1,0,0,3,4,21" ten="250,250,186,314" oya="1" hai0="132,19,92,44,66,91,89,85,31,100,28,20,125" hai1="67,107,40,121,129,108,130,62,32,38,63,50,35" hai2="116,87,69,77,81,2,5,0,127,29,135,8,16" hai3="10,11,120,1,80,134,57,110,94,33,47,46,126"/><U15/><E121/><V109/><F116/><W90/><G120/><T96/><D125/><U123/><E123/><V41/><F127/><W115/><G115/><T73/><D73/><U42/><E107/><V128/><F69/><W118/><G33/><T88/><D132/><U48/><E15/><V68/><F135/><W97/><G134/><T124/><D124/><U101/><E101/><V34/><F68/><W103/><G110/><T25/><D66/><U7/><E7/><V45/><F109/><W27/><G118/><T3/><D3/><U55/><E108/><V65/><F65/><W104/><G80/><T37/><REACH who="0" step="1"/><D85/><REACH who="0" ten="240,250,186,314" step="2"/><U14/><E67/><V82/><F2/><W112/><G1/><T75/><D75/><U122/><E122/><V26/><F128/><W117/><G126/><T18/><D18/><U99/><E99/><V23/><F87/><W60/><G117/><T83/><D83/><U6/><E6/><V52/><F77/><W84/><G112/><T74/><D74/><U51/><E38/><V114/><F114/><W105/><G84/><T13/><D13/><U95/><E14/><N who="2" m="9623" /><F52/><W4/><G4/><T119/><D119/><U106/><E55/><V76/><F76/><W86/><G86/><T102/><D102/><U61/><E106/><V24/><F24/><W72/><G27/><T9/><D9/><N who="3" m="3081" /><G72/><T93/><D93/><U39/><E95/><V70/><F70/><W56/><G105/><T71/><D71/><U98/><E39/><AGARI ba="0,1" hai="0,5,8,26,29,34,39,41,45,81,82" m="9623" machi="39" ten="30,3900,0" yaku="24,1,52,1,54,1" doraHai="21" who="2" fromWho="1" sc="240,0,250,-39,186,49,314,0" /><INIT seed="2,0,0,3,1,77" ten="240,211,235,314" oya="2" hai0="131,34,128,30,25,95,35,51,44,132,99,87,62" hai1="23,84,13,50,94,48,115,76,119,3,9,78,16" hai2="83,17,64,117,54,11,57,82,118,8,36,96,74" hai3="59,5,80,93,70,102,68,130,107,52,26,32,105"/><V41/><F74/><W71/><G5/><T39/><D39/><U55/><E119/><V63/><F96/><W124/><G124/><T92/><D35/><U47/><E115/><V113/><F113/><W97/><G130/><N who="0" m="49707" /><D62/><U33/><E33/><V10/><F17/><W37/><G37/><T75/><D75/><U40/><E3/><V15/><F15/><W79/><G26/><T28/><D28/><U29/><E29/><V121/><F121/><W0/><G32/><T134/><D87/><U42/><E9/><V24/><F24/><W67/><G67/><T106/><D106/><U109/><E109/><V91/><F91/><W66/><G66/><T14/><D14/><U1/><E1/><V2/><F2/><W38/><G38/><T101/><D92/><U73/><E73/><V122/><F122/><W18/><G18/><T90/><D90/><N who="1" m="53575" /><E42/><AGARI ba="0,0" hai="25,30,34,42,44,51,95,99,101,132,134" m="49707" machi="42" ten="30,1000,0" yaku="19,1" doraHai="77" who="0" fromWho="1" sc="240,10,211,-10,235,0,314,0" /><INIT seed="3,0,0,2,3,135" ten="250,201,235,314" oya="3" hai0="53,112,36,46,18,65,58,101,124,125,95,2,38" hai1="106,68,109,51,73,31,76,97,23,66,134,88,1" hai2="40,91,47,34,79,94,37,133,83,93,77,118,39" hai3="11,69,50,84,72,52,33,5,44,67,0,49,42"/><W48/><G72/><T127/><D2/><U92/><E109/><V26/><F118/><W123/><G123/><T16/><D112/><U56/><E134/><V102/><F102/><W59/><G33/><T20/><D65/><U8/><E68/><V96/><F94/><W61/><REACH who="3" step="1"/><G84/><REACH who="3" ten="250,201,235,304" step="2"/><T115/><D115/><U27/><E73/><V119/><F34/><W22/><G22/><T126/><D126/><U78/><E8/><V29/><F133/><W81/><G81/><T21/><D21/><U28/><E106/><V121/><F83/><W45/><G45/><T7/><D20/><U24/><E27/><V99/><F121/><W54/><G54/><T122/><D122/><U57/><E31/><V10/><F10/><W30/><G30/><T89/><D46/><U111/><E111/><V117/><F47/><W105/><G105/><T86/><D7/><U43/><E43/><V71/><F40/><W3/><G3/><T25/><D25/><U104/><E104/><V128/><F29/><W108/><G108/><T19/><D101/><U41/><E41/><V4/><F4/><W82/><G82/><T74/><D74/><U114/><E1/><V87/><F26/><W60/><AGARI ba="0,1" hai="0,5,11,42,44,48,49,50,52,59,60,61,67,69" machi="60" ten="20,7800,0" yaku="1,1,0,1,7,1,54,1,53,0" doraHai="135" doraHaiUra="129" who="3" fromWho="3" sc="250,-26,201,-26,235,-26,304,88" /><INIT seed="3,1,0,1,5,57" ten="224,175,209,392" oya="3" hai0="75,25,79,91,63,32,115,72,87,97,22,11,18" hai1="13,20,135,3,109,71,48,37,83,133,0,35,50" hai2="84,128,39,117,78,61,30,41,7,80,125,120,126" hai3="49,89,55,93,31,77,51,69,21,29,118,90,101"/><W106/><G118/><T52/><D115/><U8/><E37/><V130/><F117/><W92/><G69/><T17/><D32/><U110/><E35/><V36/><F30/><W23/><G106/><T100/><D79/><U4/><E71/><V68/><F7/><W111/><G111/><T112/><D112/><U15/><E83/><V12/><F12/><W47/><G77/><T66/><D11/><U98/><E98/><V33/><F33/><W16/><G101/><T119/><D119/><U26/><E50/><V24/><F24/><W99/><G49/><T1/><D17/><U43/><E48/><V28/><F28/><W14/><REACH who="3" step="1"/><G23/><REACH who="3" ten="224,175,209,382" step="2"/><T121/><D121/><U116/><E116/><V65/><F120/><W45/><G45/><T59/><D1/><U42/><E42/><V131/><F39/><W62/><G62/><T46/><D46/><AGARI ba="1,1" hai="36,41,46,61,65,68,78,80,84,125,126,128,130,131" machi="46" ten="50,3200,0" yaku="19,1,52,1" doraHai="57" who="2" fromWho="0" sc="224,-35,175,0,209,45,382,0" /><INIT seed="4,0,0,0,3,37" ten="189,175,254,382" oya="0" hai0="91,30,40,132,113,126,27,9,18,81,94,20,114" hai1="32,22,33,26,34,47,109,48,131,51,97,21,35" hai2="23,78,107,72,74,130,129,83,43,69,58,52,28" hai3="127,36,53,117,73,42,7,98,54,56,86,19,76"/><T62/><D81/><U104/><E109/><V44/><F107/><W77/><G73/><T133/><D62/><U2/><E2/><V41/><F69/><W105/><G7/><T11/><D94/><U119/><E119/><V59/><F74/><W50/><G127/><T118/><D91/><U5/><E5/><V123/><F123/><W120/><G54/><T16/><D118/><U46/><E131/><N who="2" m="50187" /><F44/><W13/><G86/><T38/><D38/><U92/><E104/><V88/><F88/><W90/><G120/><T103/><D40/><N who="2" m="15434" /><F52/><W93/><G117/><T106/><D103/><U1/><E1/><V57/><F23/><W49/><G36/><T68/><D68/><U45/><E22/><V61/><F28/><W66/><G105/><T75/><D75/><U25/><E25/><V79/><F79/><W87/><G87/><T125/><D106/><U110/><E110/><V67/><AGARI ba="0,0" hai="57,58,59,61,67,72,78,83" m="15434,50187" machi="67" ten="30,7900,0" yaku="19,1,52,3" doraHai="37" who="2" fromWho="2" sc="189,-39,175,-20,254,79,382,-20" /><INIT seed="5,0,0,2,5,85" ten="150,155,333,362" oya="1" hai0="103,34,116,74,64,121,100,102,127,2,17,50,109" hai1="79,118,8,126,97,46,15,4,75,86,32,96,78" hai2="71,128,134,9,44,112,130,7,110,27,94,108,0" hai3="57,43,84,132,70,65,99,45,58,53,33,83,89"/><U37/><E118/><V20/><F71/><W39/><G33/><T21/><D116/><U25/><E126/><V18/><F44/><W105/><G132/><T49/><D109/><N who="2" m="42090" /><F94/><W93/><G105/><T67/><D34/><U16/><E75/><V104/><F104/><W68/><G65/><T113/><D74/><U62/><E79/><V60/><F60/><W28/><G28/><T22/><D2/><U35/><E35/><V54/><F54/><W52/><G58/><T88/><D127/><U73/><E73/><V5/><F134/><W87/><G87/><T129/><D121/><U14/><E62/><V133/><F133/><W23/><G23/><N who="0" m="8715" /><D129/><N who="2" m="49770" /><F7/><W90/><G53/><T92/><D113/><AGARI ba="0,0" hai="0,5,9,18,20,27,112,113" m="49770,42090" machi="113" ten="40,5200,0" yaku="19,1,34,2" doraHai="85" who="2" fromWho="0" sc="150,-52,155,0,333,52,362,0" /><INIT seed="6,0,0,0,4,15" ten="98,155,385,362" oya="2" hai0="88,2,61,69,52,49,30,127,42,36,73,18,119" hai1="39,111,34,38,28,120,125,96,107,74,123,82,128" hai2="35,46,26,95,116,27,126,9,41,100,6,59,81" hai3="75,54,85,32,40,121,65,25,50,51,106,103,108"/><V45/><F116/><W5/><G108/><T53/><D73/><U1/><E111/><V115/><F115/><W132/><G75/><T11/><D119/><U48/><E48/><V10/><F126/><W7/><G65/><T20/><D127/><U58/><E58/><V19/><F35/><W60/><G121/><T72/><D72/><U44/><E125/><V76/><F59/><W63/><G106/><T110/><D110/><U23/><E23/><V79/><F6/><W64/><G103/><T131/><D131/><U104/><E128/><V129/><F129/><W89/><G132/><T13/><D36/><U47/><E47/><V78/><F81/><W70/><G60/><T117/><D117/><U0/><E44/><N who="2" m="17003" /><F41/><W99/><G40/><T56/><D42/><U17/><E96/><N who="2" m="59423" /><F26/><W67/><G25/><N who="0" m="16679" /><D2/><U57/><E57/><V94/><F94/><W4/><G32/><T124/><D69/><U118/><E118/><V55/><F55/><N who="0" m="21066" /><D49/><U37/><E82/><V62/><F62/><W91/><G54/><N who="0" m="33943" /><D124/><U109/><E109/><V87/><F87/><W105/><G67/><T29/><D29/><U24/><E74/><V133/><F133/><W102/><G85/><T16/><D88/><U130/><E130/><V90/><F90/><W113/><G89/><T14/><D14/><U92/><E92/><V97/><F97/><W68/><G91/><T134/><D134/><U33/><E33/><V122/><F122/><N who="1" m="46633" /><E1/><V86/><F86/><W71/><G113/><T3/><D3/><U12/><E0/><V93/><F93/><W22/><G105/><T83/><D83/><RYUUKYOKU ba="0,0" sc="98,10,155,10,385,10,362,-30" hai0="11,13,16,18" hai1="12,17,24,28,34,37,38,39,104,107" hai2="9,10,19,27,76,78,79" /><INIT seed="6,1,0,2,4,41" ten="108,165,395,332" oya="2" hai0="45,128,18,101,53,79,9,87,63,127,60,61,134" hai1="96,15,100,13,91,47,98,81,123,33,72,76,119" hai2="130,116,54,50,39,30,82,88,113,93,77,59,132" hai3="129,118,92,25,22,108,135,109,112,42,0,115,68"/><V85/><F113/><N who="3" m="43595" /><G68/><T65/><D127/><U78/><E119/><V7/><F132/><W49/><G118/><T34/><D128/><U89/><E123/><V56/><F130/><W14/><G129/><T23/><D134/><U48/><E33/><V71/><F71/><W11/><G135/><T24/><D34/><U2/><E2/><V16/><F39/><W110/><G92/><T26/><D101/><U5/><E78/><V31/><F7/><N who="3" m="1511" /><G49/><T80/><D9/><U58/><E58/><V114/><F116/><W1/><G42/><T131/><D131/><U35/><E35/><V125/><F125/><W105/><G105/><T70/><D70/><U4/><E4/><V62/><F16/><N who="3" m="10519" /><G1/><T19/><D65/><U44/><E48/><V117/><F117/><W51/><G51/><T86/><D86/><U46/><E5/><V55/><F114/><W29/><G109/><T95/><D95/><U12/><REACH who="1" step="1"/><E98/><AGARI ba="1,0" hai="30,31,50,54,55,56,59,62,77,82,85,88,93,98" machi="98" ten="30,5800,0" yaku="7,1,8,1,54,1" doraHai="41" who="2" fromWho="1" sc="108,0,165,-61,395,61,332,0" /><INIT seed="6,2,0,2,1,101" ten="108,104,456,332" oya="2" hai0="88,132,126,48,61,59,100,79,38,23,9,116,114" hai1="98,111,95,97,71,49,43,128,40,54,122,131,94" hai2="55,20,81,86,5,63,37,108,87,80,3,109,129" hai3="77,13,16,2,47,42,74,121,107,118,51,134,52"/><V60/><F37/><W65/><G118/><T103/><D38/><U96/><E71/><V44/><F129/><W30/><G121/><T93/><D116/><U85/><E122/><V26/><F3/><W112/><G2/><T58/><D126/><U64/><E64/><V57/><F5/><W110/><G110/><T1/><D132/><U73/><E73/><V46/><F20/><W102/><G134/><T32/><D32/><U12/><E111/><V28/><F28/><W22/><G112/><T82/><D114/><U75/><E75/><V91/><F26/><W67/><G30/><T11/><D1/><U36/><E36/><V27/><F27/><W8/><G22/><T50/><D23/><U105/><E12/><V104/><F104/><W117/><G117/><T19/><D79/><U135/><E135/><V119/><F119/><W106/><G42/><T15/><D82/><U31/><E31/><V14/><F14/><W83/><REACH who="3" step="1"/><G102/><REACH who="3" ten="108,104,456,322" step="2"/><N who="0" m="38955" /><D9/><U6/><E6/><V130/><F130/><W89/><G89/><T124/><D124/><U33/><E33/><V69/><F108/><W10/><G10/><T115/><D115/><U120/><E120/><V76/><F109/><W34/><G34/><T62/><D88/><N who="1" m="53519" /><E128/><V68/><F91/><W90/><G90/><T123/><D123/><U84/><E131/><V0/><F0/><W72/><G72/><T17/><D93/><U70/><E43/><V24/><F81/><W56/><G56/><N who="0" m="21547" /><D19/><U7/><E95/><V41/><F41/><W133/><G133/><T39/><D39/><U99/><N who="1" m="24576" /><DORA hai="21" /><U35/><E40/><RYUUKYOKU ba="2,1" sc="108,15,104,-15,456,-15,322,15" hai0="11,15,17,48,50,61,62" hai3="8,13,16,47,51,52,65,67,74,77,83,106,107" /><INIT seed="7,3,1,1,3,110" ten="123,89,441,337" oya="3" hai0="111,102,58,122,1,13,16,132,59,0,39,76,91" hai1="103,86,53,74,12,3,45,88,126,95,41,35,54" hai2="22,79,56,27,124,34,116,17,26,83,6,90,123" hai3="57,130,106,48,129,68,2,121,125,55,87,67,43"/><W62/><G2/><T10/><D111/><U104/><E3/><V97/><F124/><W75/><G75/><T31/><D122/><U77/><E35/><V51/><F116/><W65/><G106/><T29/><D39/><U101/><E126/><V69/><F69/><W72/><G72/><T52/><D0/><U32/><E32/><V112/><F6/><W7/><G7/><T93/><D132/><U108/><E108/><V37/><F37/><W70/><G87/><T18/><D76/><U99/><E103/><V71/><F71/><W5/><G5/><T100/><D1/><U133/><E12/><V14/><F34/><W73/><G73/><T30/><D18/><U115/><E133/><V11/><F27/><W49/><G125/><T44/><D44/><U80/><E115/><V4/><F112/><W82/><G82/><T8/><D8/><U85/><E85/><V84/><F123/><W135/><G135/><T119/><D59/><U38/><AGARI ba="3,1" hai="38,41,45,53,54,74,77,80,86,88,95,99,101,104" machi="38" ten="20,8000,1" yaku="0,1,7,1,24,2,54,1" doraHai="110" who="1" fromWho="1" sc="123,-23,89,99,441,-23,337,-43" owari="100,-40.0,188,-21.2,418,51.8,294,9.4" /></mjloggm>