<mjloggm ver="2.3"><GO type="169" lobby="0"/><UN n0="%74%73%75%6B%69%31" n1="%E5%AE%88%E6%9D%91%E6%A1%9C%E5%BC%A5" n2="%E3%82%89%E3%81%84%E3%81%B5%E3%81%8C%E3%83%BC%E3%81%A9%E3%81%99%E3%81%8D" n3="%41%6E%6B%6F%61%6E%6B%6F" dan="16,17,17,16" rate="2177.35,2162.02,2086.77,2151.38" sx="M,M,M,F"/><TAIKYOKU oya="0"/><INIT seed="0,0,0,3,1,104" ten="250,250,250,250" oya="0" hai0="123,90,27,3,130,72,122,21,74,11,18,6,59" hai1="110,112,29,23,31,17,101,84,83,15,30,117,24" hai2="68,105,97,37,103,115,96,91,5,66,111,128,41" hai3="98,26,121,125,57,47,14,36,134,33,109,50,49"/><T82/><D130/><U40/><E117/><V95/><F115/><W46/><G109/><T10/><D10/><U78/><E110/><V2/><F128/><W54/><G134/><T131/><D131/><U132/><E132/><V79/><F111/><W4/><G125/><T116/><D116/><U80/><E112/><V58/><F68/><W55/><G121/><T118/><D118/><U63/><E40/><V88/><F79/><W22/><G33/><T92/><D59/><U127/><E127/><V8/><F58/><W25/><G98/><T100/><D100/><U102/><E63/><V61/><F41/><W52/><G36/><T126/><D126/><U65/><E65/><V44/><F44/><W56/><G55/><T133/><D133/><U81/><E24/><V13/><F37/><W7/><G14/><T35/><D35/><U119/><E119/><V124/><F124/><W85/><G85/><T53/><D53/><U9/><E9/><V16/><F91/><W32/><G32/><T120/><REACH who="0" step="1"/><D82/><AGARI ba="0,0" hai="15,17,23,29,30,31,78,80,81,82,83,84,101,102" machi="82" ten="40,1300,0" yaku="8,1" doraHai="104" who="1" fromWho="0" sc="250,-13,250,13,250,0,250,0" /><INIT seed="1,0,0,2,2,133" ten="237,263,250,250" oya="1" hai0="56,22,35,106,112,50,113,29,67,96,92,83,43" hai1="90,103,114,124,28,86,91,87,42,3,72,33,16" hai2="1,58,13,95,115,78,11,6,36,117,30,44,48" hai3="70,55,129,71,76,27,74,57,80,122,7,101,25"/><U9/><E114/><V107/><F107/><W31/><G122/><T62/><D106/><U130/><E72/><V104/><F104/><W54/><G129/><T88/><D35/><U109/><E130/><V121/><F117/><W46/><G101/><T17/><D29/><U49/><E103/><V65/><F121/><W100/><G100/><T52/><D43/><U26/><E109/><V41/><F115/><W39/><G7/><T85/><D22/><U99/><E99/><V38/><F95/><W53/><G25/><T73/><D17/><U120/><E120/><V12/><F30/><W89/><G89/><T4/><D4/><U34/><E34/><V126/><F78/><W68/><G46/><T93/><D73/><U10/><E3/><V60/><REACH who="2" step="1"/><F126/><REACH who="2" ten="237,263,240,250" step="2"/><W111/><G111/><T97/><D93/><U125/><E91/><V59/><F59/><W21/><REACH who="3" step="1"/><G39/><AGARI ba="0,1" hai="1,6,11,12,13,36,38,39,41,44,48,58,60,65" machi="39" ten="40,1300,0" yaku="1,1,53,0" doraHai="133" doraHaiUra="64" who="2" fromWho="3" sc="237,0,263,0,240,23,250,-13" /><INIT seed="2,0,0,2,4,77" ten="237,263,263,237" oya="2" hai0="134,119,50,48,85,54,111,64,5,72,133,120,80" hai1="107,14,82,43,71,44,26,113,27,10,59,16,112" hai2="125,101,68,89,41,2,25,128,56,1,35,36,81" hai3="98,92,39,100,58,15,76,21,67,96,117,11,63"/><V135/><F68/><W7/><G117/><T65/><D72/><U60/><E71/><V121/><F121/><W108/><G108/><T51/><D120/><U75/><E107/><V129/><F101/><W31/><G39/><T93/><D93/><U53/><E112/><V19/><F135/><N who="0" m="51722" /><D5/><U23/><E113/><V52/><F125/><W114/><G114/><T70/><D111/><U28/><E27/><V66/><F66/><N who="0" m="25706" /><D70/><U33/><E75/><V118/><F118/><W84/><G98/><T91/><D119/><U20/><REACH who="1" step="1"/><E82/><REACH who="1" ten="237,253,263,237" step="2"/><V9/><F25/><W132/><G132/><T95/><D80/><U13/><E13/><N who="2" m="7599" /><F35/><W6/><G6/><T130/><D130/><U109/><E109/><V106/><F106/><W78/><G84/><T79/><D79/><U103/><E103/><V42/><F129/><W90/><G90/><T131/><D131/><U8/><E8/><V32/><F89/><W74/><G74/><T30/><D30/><U3/><E3/><V69/><F1/><W34/><G34/><T4/><D4/><U40/><E40/><V46/><F2/><W87/><G87/><T22/><D22/><U88/><E88/><V0/><F32/><W24/><AGARI ba="0,1" hai="7,11,15,21,24,31,58,63,67,76,78,92,96,100" machi="24" ten="30,7900,0" yaku="0,1,25,2,8,1" doraHai="77" who="3" fromWho="3" sc="237,-20,253,-20,263,-39,237,89" /><INIT seed="3,0,0,4,0,76" ten="217,233,224,326" oya="3" hai0="88,90,67,58,3,19,39,50,74,68,64,16,30" hai1="40,121,51,131,47,78,135,82,105,25,69,95,4" hai2="36,0,125,127,101,66,128,61,14,93,92,35,124" hai3="110,21,133,130,18,111,98,86,134,22,99,109,71"/><W42/><G71/><T53/><D3/><U23/><E121/><V11/><F36/><W117/><G42/><T5/><D39/><U20/><E105/><V80/><F35/><W126/><G117/><T120/><D120/><U34/><E69/><V56/><F128/><W38/><G38/><T87/><D74/><U132/><E131/><V27/><F0/><W41/><G41/><T9/><D30/><N who="1" m="19791" /><E4/><V10/><F27/><W75/><G75/><T97/><D97/><N who="3" m="36873" /><G130/><T60/><D67/><U33/><E95/><N who="2" m="36427" /><F101/><W29/><G126/><T55/><D55/><U106/><E33/><V79/><F14/><N who="3" m="9431" /><G86/><AGARI ba="0,0" hai="10,11,56,61,66,79,80,86,124,125,127" m="36427" machi="86" ten="30,2000,0" yaku="18,1,52,1" doraHai="76" who="2" fromWho="3" sc="217,0,233,0,224,20,326,-20" /><INIT seed="4,0,0,3,3,117" ten="217,233,244,306" oya="0" hai0="59,26,1,5,112,63,70,51,35,77,129,127,71" hai1="74,111,54,83,120,134,30,32,31,16,67,38,115" hai2="75,3,25,57,40,131,29,20,99,18,86,50,123" hai3="94,108,10,78,93,84,61,68,36,125,60,106,81"/><T73/><D73/><U80/><E32/><V85/><F131/><W79/><G106/><T22/><D77/><U14/><E38/><V48/><F3/><W42/><G108/><T13/><D35/><U7/><E111/><V15/><F123/><W96/><G125/><T104/><D1/><U87/><E7/><V121/><F121/><W0/><G79/><T124/><D104/><U118/><E118/><V130/><F75/><W105/><G105/><T102/><D102/><U76/><E120/><V69/><F69/><W43/><G36/><T4/><D129/><U122/><E122/><V2/><F2/><W119/><G119/><T133/><D133/><U17/><E67/><V92/><F130/><W53/><G94/><T45/><D112/><U66/><E115/><V24/><F24/><W135/><G135/><T12/><D71/><U21/><E66/><V98/><F98/><W110/><G110/><T41/><D70/><U37/><E37/><V62/><F40/><W6/><G68/><T39/><D39/><U46/><E134/><V109/><F86/><W101/><G61/><T52/><D4/><U44/><E17/><V33/><F85/><W65/><G65/><T132/><D132/><U9/><E54/><N who="2" m="34103" /><F109/><W28/><G28/><N who="0" m="17495" /><D5/><N who="1" m="3375" /><E31/><V49/><F33/><W88/><G101/><T95/><D95/><U91/><E30/><V128/><F128/><W89/><G78/><T97/><D97/><U23/><E16/><V114/><F114/><W103/><G103/><T100/><D100/><U72/><E72/><V64/><F99/><W82/><G82/><T55/><D41/><RYUUKYOKU ba="0,0" sc="217,10,233,10,244,-30,306,10" hai0="12,13,45,51,52,55,59,63,124,127" hai1="21,23,44,46,74,76,80,83,87,91" hai3="0,6,10,42,43,53,60,81,84,88,89,93,96" /><INIT seed="4,1,0,5,3,11" ten="227,243,214,316" oya="0" hai0="95,67,53,15,109,18,39,131,124,130,10,60,92" hai1="43,44,0,25,19,123,77,48,40,86,72,97,79" hai2="108,101,133,81,50,23,61,106,66,5,16,59,84" hai3="94,104,122,127,135,17,99,54,126,70,28,8,52"/><T46/><D124/><N who="3" m="47657" /><G104/><T64/><D109/><U71/><E123/><V42/><F108/><W103/><G70/><T87/><D64/><U75/><E71/><V65/><F133/><W120/><G28/><T35/><D35/><U29/><E0/><V6/><F66/><W63/><G135/><T118/><D118/><U119/><E40/><V56/><F101/><W20/><G8/><T98/><D87/><U121/><E121/><N who="3" m="46698" /><G63/><T3/><D3/><U102/><E72/><V129/><F129/><N who="0" m="49162" /><D98/><U69/><E75/><V38/><F38/><W90/><G103/><T116/><D116/><U132/><E69/><V83/><F106/><W91/><G91/><T68/><D39/><U55/><E132/><V21/><F21/><W31/><G31/><T107/><D107/><U32/><E119/><V27/><F65/><W110/><G110/><T22/><D10/><U47/><E32/><V4/><F61/><W113/><G113/><T57/><D68/><U34/><E34/><V78/><REACH who="2" step="1"/><F81/><REACH who="2" ten="227,243,204,316" step="2"/><W93/><G93/><T112/><D112/><U76/><E102/><V80/><F80/><W85/><G99/><T128/><D128/><U49/><E97/><V41/><F41/><W36/><G36/><T58/><D92/><U2/><E43/><V111/><F111/><W30/><G30/><T51/><D95/><U114/><E29/><V125/><F125/><W89/><G89/><T73/><D73/><U37/><E37/><V82/><F82/><W115/><G115/><T26/><D46/><AGARI ba="1,1" hai="4,5,6,16,23,27,42,46,50,56,59,78,83,84" machi="46" ten="40,8000,1" yaku="1,1,8,1,54,1,53,1" doraHai="11" doraHaiUra="74" who="2" fromWho="0" sc="227,-83,243,0,204,93,316,0" /><INIT seed="5,0,0,0,2,31" ten="144,243,297,316" oya="1" hai0="32,8,104,47,66,55,28,73,82,121,16,81,34" hai1="67,24,131,135,132,92,88,70,53,122,90,42,63" hai2="20,125,112,98,33,35,19,7,78,108,1,75,83" hai3="91,134,116,130,37,115,68,44,51,119,96,93,40"/><U84/><E122/><V100/><F108/><W69/><G115/><T48/><D121/><U97/><E131/><V65/><F112/><W77/><G130/><T54/><D104/><U79/><E79/><V13/><F125/><W27/><G134/><T62/><D28/><U80/><E42/><V4/><F65/><W74/><G37/><T25/><D73/><U76/><E24/><V41/><F41/><W58/><G58/><T123/><D55/><U39/><E39/><V57/><F57/><W45/><G45/><T14/><D123/><U29/><E29/><V60/><F60/><W3/><G3/><T36/><D36/><U106/><E53/><V89/><F89/><W128/><G27/><T99/><D25/><U50/><E50/><V129/><F129/><W61/><G128/><T18/><D18/><U111/><E111/><V2/><F2/><W107/><G107/><T133/><D99/><U94/><REACH who="1" step="1"/><E106/><REACH who="1" ten="144,233,297,316" step="2"/><V21/><F78/><W117/><G61/><T26/><D26/><U103/><E103/><V124/><F100/><W22/><G77/><T87/><D133/><U113/><E113/><V0/><F75/><AGARI ba="0,1" hai="63,67,70,75,76,80,84,88,90,92,94,97,132,135" machi="75" ten="40,3900,0" yaku="1,1,54,1,53,0" doraHai="31" doraHaiUra="38" who="1" fromWho="2" sc="144,0,233,49,297,-39,316,0" /><INIT seed="5,1,0,4,2,89" ten="144,282,258,316" oya="1" hai0="78,8,111,43,26,57,42,29,76,75,7,33,83" hai1="17,97,135,51,98,68,88,113,65,66,31,86,102" hai2="48,93,5,28,61,122,106,81,60,91,96,64,107" hai3="118,45,115,108,133,4,92,27,37,101,24,127,1"/><U11/><E113/><V15/><F122/><W87/><G108/><T20/><D111/><U73/><E73/><V112/><F112/><W95/><G115/><T39/><D78/><U52/><E135/><V121/><F121/><W21/><G133/><T100/><D100/><U67/><E68/><V70/><F28/><W35/><G35/><T19/><D57/><N who="1" m="32927" /><E31/><V105/><F60/><W128/><G128/><T13/><REACH who="0" step="1"/><D39/><REACH who="0" ten="134,282,258,316" step="2"/><U50/><E102/><V71/><F71/><W125/><G101/><T110/><D110/><U40/><E50/><V53/><F48/><W54/><G37/><T47/><D47/><U74/><E74/><V134/><F134/><W56/><G45/><T120/><D120/><U14/><E40/><V62/><F70/><W6/><G56/><T117/><D117/><U124/><E124/><V0/><F61/><W79/><G118/><T130/><D130/><U9/><E9/><V58/><F62/><W103/><G103/><T129/><D129/><U85/><E88/><V30/><F91/><W90/><G90/><T46/><D46/><U131/><E131/><V99/><F58/><W104/><G127/><T2/><AGARI ba="1,1" hai="2,7,8,13,19,20,26,29,33,42,43,75,76,83" machi="2" ten="20,8000,1" yaku="1,1,0,1,7,1,24,2,53,0" doraHai="89" doraHaiUra="80" who="0" fromWho="0" sc="134,93,282,-41,258,-21,316,-21" /><INIT seed="6,0,0,2,2,90" ten="227,241,237,295" oya="2" hai0="117,22,135,72,108,21,3,59,130,40,38,9,115" hai1="86,81,13,14,18,1,82,2,54,68,53,103,100" hai2="112,133,42,77,113,88,58,65,5,134,70,6,95" hai3="15,11,120,30,16,44,4,114,106,118,127,109,29"/><V74/><F70/><W125/><G106/><T123/><RYUUKYOKU type="yao9" ba="0,0" sc="227,0,241,0,237,0,295,0" hai0="3,9,21,22,38,40,59,72,108,115,117,123,130,135" /><INIT seed="6,1,0,3,2,2" ten="227,241,237,295" oya="2" hai0="38,101,17,109,97,34,15,66,41,95,114,90,10" hai1="48,61,83,20,50,110,60,102,115,37,88,44,64" hai2="117,94,6,122,87,5,99,11,59,9,42,4,13" hai3="8,104,43,89,127,72,100,78,49,96,23,108,121"/><V112/><F122/><W31/><G108/><T98/><D109/><U118/><E110/><V47/><F112/><W67/><G121/><T63/><D114/><U55/><E118/><V119/><F59/><W71/><G127/><T1/><D34/><U107/><E115/><V128/><F128/><W25/><G43/><T19/><D1/><U73/><E37/><V56/><F56/><W131/><G131/><T116/><D38/><U53/><E73/><V126/><F126/><W32/><G49/><T46/><D116/><U82/><E20/><V40/><F119/><W21/><G89/><T125/><D125/><U14/><E14/><V36/><F117/><W91/><G91/><T77/><D77/><U124/><E124/><V111/><F42/><W129/><G104/><T69/><D46/><U16/><E107/><V135/><F135/><W68/><G129/><T134/><D134/><U45/><E102/><V123/><F111/><W35/><G35/><T57/><D41/><U133/><E133/><V39/><F87/><W93/><G8/><N who="2" m="3145" /><F123/><W29/><G32/><T3/><D3/><U70/><E70/><V27/><F27/><N who="3" m="16623" /><G67/><T84/><D69/><U12/><E64/><V130/><F130/><W62/><G62/><T76/><D76/><U54/><E54/><V103/><F39/><W86/><G72/><T58/><D58/><U18/><E12/><V75/><F13/><W0/><G0/><T74/><D74/><U80/><E80/><V106/><F75/><W92/><G78/><T28/><D66/><U81/><E81/><V33/><F106/><N who="3" m="63751" /><G86/><T24/><D84/><RYUUKYOKU ba="1,0" sc="227,-30,241,10,237,10,295,10" hai1="16,18,44,45,48,50,53,55,60,61,82,83,88" hai2="4,5,6,33,36,40,47,94,99,103" hai3="23,25,31,68,71,92,93" /><INIT seed="6,2,0,3,1,46" ten="197,251,247,305" oya="2" hai0="65,58,75,81,69,52,24,40,29,35,109,92,118" hai1="124,64,105,37,84,56,26,116,48,133,125,10,95" hai2="111,33,87,106,11,22,6,72,32,102,88,94,17" hai3="101,129,8,83,61,5,47,107,131,119,100,12,93"/><V91/><F72/><W36/><G119/><T134/><D109/><U104/><E116/><V54/><F111/><W59/><G107/><T77/><D118/><U27/><E37/><V66/><F66/><W110/><G110/><T53/><D134/><U113/><E113/><V122/><F122/><W1/><G1/><T117/><D69/><U99/><E133/><V45/><F102/><W79/><G36/><T42/><D117/><U78/><E10/><V76/><F106/><W80/><G47/><T85/><D65/><U67/><E67/><V73/><F73/><W4/><G93/><T50/><REACH who="0" step="1"/><D53/><REACH who="0" ten="187,251,247,305" step="2"/><U74/><E64/><V39/><F54/><W19/><G129/><T14/><D14/><U70/><E70/><V34/><F33/><W96/><G12/><T127/><D127/><U135/><E135/><V43/><F34/><W20/><G131/><T13/><D13/><U3/><E3/><V108/><F32/><W38/><G4/><T7/><D7/><U130/><E130/><V21/><F108/><W9/><G5/><T31/><D31/><U123/><E125/><V115/><F6/><W89/><G19/><T126/><D126/><U132/><E132/><V121/><F17/><W97/><G8/><T120/><D120/><U28/><E123/><V16/><F121/><W0/><G9/><T25/><D25/><U71/><E71/><V18/><F11/><W82/><G0/><T103/><D103/><U49/><E124/><V44/><F18/><W57/><G100/><T63/><D63/><U112/><E26/><V114/><F16/><W90/><G101/><RYUUKYOKU ba="2,1" sc="187,30,251,-10,247,-10,305,-10" hai0="24,29,35,40,42,50,52,58,75,77,81,85,92" /><INIT seed="7,3,1,3,3,81" ten="217,241,237,295" oya="3" hai0="126,55,103,95,129,116,9,60,94,57,11,1,6" hai1="133,76,5,39,119,24,63,37,99,0,77,54,91" hai2="117,83,51,104,52,42,15,98,23,29,53,47,28" hai3="22,33,109,123,34,131,135,16,25,44,20,3,74"/><W86/><G123/><T80/><D116/><U122/><E122/><V107/><F117/><W75/><G3/><T97/><D129/><U132/><E119/><V88/><F104/><W65/><G131/><T18/><D126/><U112/><E112/><V84/><F107/><W93/><G65/><T40/><D40/><U73/><E0/><V110/><F110/><W38/><G109/><T111/><D111/><U90/><E24/><V10/><F98/><W2/><G2/><T127/><D127/><U101/><E99/><V108/><F108/><W7/><G7/><T130/><D130/><U85/><E63/><V32/><F32/><W13/><G135/><T92/><REACH who="0" step="1"/><D80/><REACH who="0" ten="207,241,237,295" step="2"/><U128/><E128/><V14/><F29/><W118/><G118/><T124/><D124/><U89/><E133/><V49/><F10/><W30/><G30/><T56/><D56/><U46/><E132/><V106/><F106/><W67/><G33/><T26/><D26/><U66/><E46/><N who="2" m="27895" /><F42/><W50/><G34/><T102/><D102/><U43/><E101/><V72/><F72/><W121/><G74/><T8/><D8/><U87/><E43/><V134/><F134/><W27/><G75/><T41/><D41/><U17/><E73/><V79/><F79/><W36/><G121/><T78/><D78/><U19/><E77/><V45/><F45/><W96/><G44/><T61/><D61/><U100/><E76/><V35/><F35/><W114/><G36/><T70/><D70/><U58/><E39/><V31/><F31/><W21/><G38/><T4/><D4/><U71/><E37/><RYUUKYOKU ba="3,2" sc="207,15,241,-15,237,15,295,-15" hai0="1,6,9,11,18,55,57,60,92,94,95,97,103" hai2="14,15,23,28,47,49,52,83,84,88" /><INIT seed="8,4,2,1,2,58" ten="222,226,252,280" oya="0" hai0="50,102,122,38,109,79,95,73,114,90,121,86,124" hai1="16,75,80,52,22,33,49,108,67,41,125,92,106" hai2="31,127,81,76,36,85,98,15,129,11,123,47,131" hai3="9,134,45,37,40,10,54,61,6,105,28,12,24"/><T26/><D38/><U111/><E106/><V135/><F123/><W112/><G105/><T44/><D109/><U99/><E33/><V88/><F127/><W4/><G112/><T83/><D114/><U104/><E104/><V17/><F135/><W101/><G134/><T107/><D26/><U21/><E41/><N who="2" m="22951" /><F98/><W68/><G101/><T110/><D110/><U8/><E22/><V0/><F0/><W84/><G84/><T132/><D132/><U116/><E116/><V120/><F31/><W29/><G24/><T117/><D117/><U74/><E8/><V115/><F115/><W63/><G54/><N who="0" m="30023" /><D124/><U51/><E51/><V2/><F2/><W59/><G68/><T66/><D66/><U30/><E30/><V130/><F120/><W13/><G59/><T5/><D5/><U32/><E125/><V23/><F76/><W113/><G113/><T43/><D43/><U103/><E32/><V35/><F35/><W119/><G119/><T46/><D46/><U39/><E39/><V25/><F25/><W87/><G87/><T56/><D56/><N who="1" m="32783" /><E75/><V94/><F81/><W126/><G126/><T65/><D65/><U70/><E80/><V89/><F11/><W78/><G78/><T77/><D77/><U62/><E74/><V18/><F18/><W34/><G34/><T96/><AGARI ba="4,2" hai="73,79,83,86,90,95,96,102,107,121,122" m="30023" machi="96" ten="30,1500,0" yaku="24,1" doraHai="58" who="0" fromWho="0" sc="222,47,226,-9,252,-9,280,-9" /><INIT seed="8,5,0,3,2,86" ten="269,217,243,271" oya="0" hai0="117,61,93,128,63,101,89,21,55,107,50,28,56" hai1="110,97,11,20,82,30,120,32,123,19,39,25,81" hai2="124,129,108,121,76,70,109,95,72,29,52,83,41" hai3="65,48,127,96,66,80,134,36,119,69,45,10,71"/><T116/><D128/><U87/><E39/><V8/><F121/><W125/><G10/><T98/><D21/><U6/><E110/><V2/><F70/><N who="3" m="26635" /><G96/><N who="0" m="57391" /><D28/><U133/><E133/><V54/><F124/><N who="3" m="47691" /><G80/><T14/><D14/><N who="1" m="9335" /><E97/><V9/><F9/><W92/><G92/><T5/><D5/><U34/><E34/><V122/><F129/><W115/><G115/><T46/><D46/><U7/><E7/><V43/><F8/><W102/><G102/><T35/><D35/><U99/><E99/><V104/><F95/><W84/><G84/><T40/><D40/><U105/><E105/><V91/><F43/><N who="3" m="22759" /><G119/><AGARI ba="5,0" hai="50,55,56,61,63,98,101,107,116,117,119" m="57391" machi="119" ten="30,2900,0" yaku="16,1,52,1" doraHai="86" who="0" fromWho="3" sc="269,44,217,0,243,0,271,-44" owari="313,41.3,217,-28.3,243,4.3,227,-17.3" /></mjloggm>