<mjloggm ver="2.3"><GO type="169" lobby="0"/><UN n0="%E3%81%95%E3%81%8D%E3%81%8A%E3%80%82" n1="%E3%81%93%E3%81%94%E3%81%A6%E3%81%83%E3%83%BC" n2="%E6%A4%9B%E5%8D%97" n3="%E3%81%B1%E3%82%93%E3%81%AA%E3%81%93%E3%81%BE%E3%81%A3%E3%81%9F" dan="16,16,18,18" rate="2167.31,2034.95,2189.03,2233.44" sx="M,M,F,M"/><TAIKYOKU oya="0"/><INIT seed="0,0,0,0,0,39" ten="250,250,250,250" oya="0" hai0="94,119,108,87,103,79,26,116,113,2,132,71,122" hai1="4,64,60,65,66,76,22,92,34,91,48,117,55" hai2="86,106,98,93,51,105,120,12,47,85,72,28,0" hai3="100,124,78,46,20,133,96,90,36,107,8,134,3"/><T89/><D2/><U38/><E34/><V104/><F0/><W70/><G70/><T32/><D122/><U56/><E117/><V54/><F120/><W125/><G20/><T33/><D113/><U14/><E76/><V29/><F72/><W67/><G67/><T112/><D112/><U62/><E38/><V45/><F45/><W53/><G53/><T23/><D132/><N who="3" m="50793" /><G78/><T80/><D71/><U114/><E114/><V11/><F29/><W129/><G90/><T111/><D103/><U6/><E6/><V95/><F28/><W68/><G68/><T128/><D128/><U16/><REACH who="1" step="1"/><E4/><REACH who="1" ten="250,240,250,250" step="2"/><V82/><F82/><W50/><G36/><T57/><D32/><U110/><E110/><N who="0" m="42025" /><D33/><U84/><AGARI ba="0,1" hai="14,16,22,48,55,56,60,62,64,65,66,84,91,92" machi="84" ten="30,12000,2" yaku="1,1,0,1,25,2,8,1,54,1,53,0" doraHai="39" doraHaiUra="131" who="1" fromWho="1" sc="250,-60,240,130,250,-30,250,-30" /><INIT seed="1,0,0,5,1,89" ten="190,370,220,220" oya="1" hai0="78,74,91,40,33,75,73,53,46,18,118,72,27" hai1="94,23,28,62,4,100,17,93,54,114,21,11,14" hai2="58,36,81,116,6,34,104,122,26,102,135,85,59" hai3="96,82,47,111,29,35,131,124,48,125,44,22,103"/><U55/><E114/><V64/><F135/><W120/><G35/><T110/><D110/><U51/><E28/><V112/><F36/><W69/><G69/><T98/><D118/><U12/><E100/><V129/><F129/><W109/><G120/><T39/><D53/><U97/><E97/><V70/><F116/><W67/><G131/><T16/><D78/><U68/><E21/><V101/><F6/><W127/><G67/><T133/><N who="0" m="18432" /><DORA hai="24" /><T71/><D71/><U132/><E132/><V88/><F102/><W60/><G60/><T45/><D45/><U115/><E115/><V87/><F87/><W107/><G82/><T77/><D77/><U84/><E84/><V37/><F37/><W25/><REACH who="3" step="1"/><G47/><REACH who="3" ten="190,370,220,210" step="2"/><T57/><D133/><U86/><E68/><V90/><F122/><W10/><G10/><T134/><D134/><U66/><E66/><V130/><F130/><W128/><G128/><T13/><D57/><N who="1" m="35127" /><E86/><V8/><F112/><W117/><G117/><T41/><D46/><AGARI ba="0,1" hai="4,11,12,14,17,23,46,51,55,93,94" m="35127" machi="46" ten="30,5800,0" yaku="8,1,52,2" doraHai="89,24" who="1" fromWho="0" sc="190,-58,370,68,220,0,210,0" /><INIT seed="1,1,0,5,4,87" ten="132,438,220,210" oya="1" hai0="34,60,13,14,135,46,124,44,77,134,7,3,25" hai1="17,102,43,133,12,63,99,96,62,122,59,21,37" hai2="69,92,125,41,33,112,89,26,100,61,82,132,108" hai3="22,36,35,32,64,9,10,52,128,8,130,11,85"/><U2/><E122/><V1/><F108/><W66/><G36/><T104/><D104/><U55/><E2/><V120/><F120/><W30/><N who="3" m="2048" /><DORA hai="57" /><W107/><G107/><T15/><D77/><U45/><E133/><V16/><F1/><W123/><G123/><T93/><D3/><U53/><E53/><V111/><F125/><W110/><G110/><T114/><D124/><U106/><E99/><V84/><F111/><W90/><G22/><T31/><D114/><U119/><REACH who="1" step="1"/><E119/><REACH who="1" ten="132,428,220,210" step="2"/><V95/><F132/><W74/><G52/><T126/><D134/><U80/><E80/><V75/><F82/><W28/><G74/><T115/><D135/><U54/><E54/><V79/><F75/><W105/><G105/><T121/><D121/><U129/><E129/><N who="3" m="49770" /><G35/><T49/><D126/><U127/><E127/><V73/><F33/><W88/><G32/><T19/><D34/><U76/><E76/><V24/><F79/><W48/><G48/><AGARI ba="1,1" hai="12,17,21,37,43,45,48,55,59,62,63,96,102,106" machi="48" ten="30,12000,1" yaku="1,1,7,1,52,2,53,1" doraHai="87,57" doraHaiUra="98,20" who="1" fromWho="3" sc="132,0,428,133,220,0,210,-123" /><INIT seed="1,2,0,3,4,102" ten="132,561,220,87" oya="1" hai0="98,117,99,51,122,101,113,0,91,32,105,121,26" hai1="66,61,133,80,28,83,119,111,30,116,74,87,108" hai2="125,92,78,23,120,53,115,104,128,129,55,16,110" hai3="22,118,59,41,96,127,60,85,65,134,15,54,107"/><U130/><E74/><V63/><F120/><N who="0" m="46186" /><D0/><U44/><E44/><V50/><F110/><N who="1" m="42025" /><E130/><N who="2" m="50283" /><F104/><W69/><G127/><T126/><D126/><U97/><E133/><V40/><F125/><W35/><G35/><T82/><D113/><U47/><E47/><N who="2" m="25959" /><F78/><W86/><G134/><T93/><D51/><U19/><E19/><V71/><F92/><W20/><G118/><N who="1" m="45098" /><E97/><V88/><F88/><W39/><G39/><T76/><D117/><U84/><E83/><V8/><F8/><W31/><G41/><T57/><D57/><N who="1" m="37167" /><E87/><V29/><F29/><W1/><G31/><N who="0" m="19575" /><D82/><U79/><AGARI ba="2,0" hai="28,30,79,80,84" m="37167,45098,42025" machi="79" ten="30,3000,0" yaku="14,1,10,1" doraHai="102" who="1" fromWho="1" sc="132,-12,561,36,220,-12,87,-12" /><INIT seed="1,3,0,1,4,49" ten="120,597,208,75" oya="1" hai0="1,101,117,111,7,97,51,107,57,69,77,130,98" hai1="115,113,6,17,23,46,11,9,61,114,90,28,127" hai2="93,3,53,109,80,66,14,86,5,62,54,108,134" hai3="50,59,96,64,38,4,85,15,76,24,131,126,68"/><U8/><E127/><V100/><F3/><W20/><G38/><T94/><D69/><U18/><E90/><V43/><F43/><W132/><G126/><T105/><D117/><U29/><E46/><V31/><F31/><N who="1" m="11849" /><E61/><V47/><F47/><W121/><G131/><T112/><D130/><U75/><E75/><V123/><F123/><W26/><G121/><T84/><D112/><U35/><E35/><V56/><F134/><W106/><G132/><T119/><D119/><U87/><E87/><V40/><F40/><W67/><G68/><T73/><D73/><U82/><E82/><V120/><F120/><W95/><G106/><T44/><D44/><U2/><E18/><V135/><F135/><W27/><G85/><T39/><D84/><U10/><E10/><N who="2" m="4431" /><F93/><W30/><G76/><T129/><D94/><U133/><E133/><V116/><F100/><W78/><G78/><T63/><D77/><U48/><E48/><V21/><F116/><W42/><G30/><T13/><D51/><U125/><E125/><V91/><F21/><W16/><G4/><T110/><D7/><U37/><E37/><V33/><F33/><W32/><G32/><T58/><D39/><U70/><E70/><V79/><F79/><W34/><G34/><T74/><D74/><U88/><E88/><V128/><F128/><W19/><G19/><T22/><D129/><U52/><E52/><V12/><F54/><N who="3" m="32215" /><G42/><T0/><D101/><AGARI ba="3,0" hai="15,16,20,24,26,27,64,67,95,96,101" m="32215" machi="101" ten="30,3900,0" yaku="8,1,52,1,54,1" doraHai="49" who="3" fromWho="0" sc="120,-48,597,0,208,0,75,48" /><INIT seed="2,0,0,1,5,44" ten="72,597,208,123" oya="2" hai0="35,91,99,16,28,19,9,87,53,67,82,7,42" hai1="64,6,83,105,88,95,59,129,38,102,120,65,11" hai2="18,128,51,39,48,25,90,121,41,97,68,24,30" hai3="78,134,117,2,36,123,66,1,14,101,5,47,109"/><V49/><F128/><W104/><G117/><T13/><D67/><U23/><E38/><V89/><F68/><W108/><G123/><T103/><D42/><U100/><E129/><V74/><F121/><W52/><G134/><T21/><D35/><U69/><E69/><V75/><F39/><W45/><G78/><T20/><D53/><U29/><E83/><V55/><F55/><W43/><G66/><T57/><D57/><U106/><E106/><V37/><F37/><W130/><G130/><T80/><D80/><U8/><E8/><V133/><F41/><W72/><G72/><T93/><REACH who="0" step="1"/><D21/><REACH who="0" ten="62,597,208,123" step="2"/><U31/><E23/><V79/><F133/><W63/><G43/><T84/><D84/><U61/><E59/><V113/><F75/><W62/><G36/><T0/><D0/><U3/><E3/><V77/><F74/><W119/><G1/><T118/><D118/><U4/><E65/><V26/><F97/><W131/><G2/><T10/><D10/><U127/><E11/><V17/><F113/><W81/><G119/><T124/><D124/><U96/><E127/><V135/><F135/><W22/><G131/><T98/><D98/><U107/><E96/><V34/><F34/><W115/><G22/><T126/><D126/><U60/><E64/><V94/><F30/><W132/><G81/><T27/><AGARI ba="0,1" hai="7,9,13,16,19,20,27,28,82,87,91,93,99,103" machi="27" ten="30,7900,0" yaku="1,1,0,1,8,1,54,1,53,0" doraHai="44" doraHaiUra="32" who="0" fromWho="0" sc="62,89,597,-20,208,-39,123,-20" /><INIT seed="3,0,0,4,3,95" ten="151,577,169,103" oya="3" hai0="135,46,108,25,65,100,57,76,3,97,81,69,70" hai1="102,21,62,111,128,24,12,42,113,93,0,78,73" hai2="87,47,120,74,124,43,32,35,6,23,86,68,10" hai3="9,37,72,8,40,80,75,22,121,85,134,59,1"/><W61/><G121/><T36/><D108/><U118/><E113/><V17/><F124/><W48/><G134/><T7/><D25/><U67/><E0/><V31/><F68/><W90/><G37/><T132/><D57/><U71/><E111/><V19/><F74/><W51/><G1/><T105/><D65/><U63/><E63/><V41/><F120/><W53/><G75/><N who="0" m="43167" /><D135/><U49/><E78/><V20/><F47/><W4/><G72/><T77/><D77/><U115/><E128/><V50/><F50/><W88/><G4/><T52/><D52/><U56/><E73/><V54/><F54/><W18/><G90/><T109/><D109/><U107/><E107/><V82/><F82/><W16/><G18/><T133/><D133/><U30/><E12/><V38/><F6/><W123/><G123/><T33/><D33/><U14/><E14/><V94/><F31/><W131/><G131/><T5/><D5/><U2/><E2/><V110/><F110/><W13/><G51/><T15/><D15/><U129/><E118/><V29/><F29/><W27/><G13/><T58/><D58/><U126/><E126/><V114/><F38/><W91/><G91/><T89/><D89/><U11/><E115/><V26/><F114/><W127/><G127/><T116/><D116/><U84/><E129/><V34/><F26/><W83/><G83/><T60/><D60/><U96/><E71/><V104/><F19/><W79/><G79/><T119/><D119/><U64/><E24/><V98/><F17/><W39/><G39/><T122/><D132/><U125/><E125/><RYUUKYOKU ba="0,0" sc="151,-10,577,-10,169,-10,103,30" hai3="8,9,16,22,27,40,48,53,59,61,80,85,88" /><INIT seed="3,1,0,4,5,82" ten="141,567,159,133" oya="3" hai0="104,34,90,46,33,125,44,94,67,73,126,95,115" hai1="77,5,65,124,36,2,121,97,11,41,9,100,99" hai2="74,79,58,15,31,119,40,130,24,87,52,128,22" hai3="116,86,8,70,113,81,12,66,75,45,135,62,114"/><W35/><G116/><T13/><D73/><U0/><E121/><V30/><F119/><W103/><G135/><T42/><D104/><U111/><E124/><N who="0" m="47721" /><D115/><U133/><E111/><V27/><F74/><W59/><G35/><N who="0" m="13323" /><D67/><U3/><E77/><V19/><F40/><W16/><G75/><T1/><D1/><U91/><E41/><V7/><F130/><W101/><G70/><T23/><D90/><U56/><E36/><V96/><F96/><W89/><REACH who="3" step="1"/><G45/><REACH who="3" ten="141,567,159,123" step="2"/><T131/><D131/><U48/><E133/><V84/><F128/><W132/><G132/><T106/><D44/><U83/><E56/><V32/><F7/><W120/><G120/><T28/><D46/><U61/><E5/><V57/><F57/><W29/><G29/><T55/><D28/><U129/><E129/><V69/><F69/><W80/><G80/><T93/><D42/><U20/><E83/><V47/><F47/><W50/><G50/><T107/><D55/><U118/><E48/><V38/><F38/><W78/><G78/><T88/><D88/><U14/><E91/><V134/><F79/><W39/><G39/><T54/><D54/><U98/><E118/><V127/><F127/><W72/><G72/><T60/><D60/><U10/><E100/><AGARI ba="1,1" hai="8,12,16,59,62,66,81,86,89,100,101,103,113,114" machi="100" ten="40,7700,0" yaku="1,1,52,1,54,1,53,0" doraHai="82" doraHaiUra="43" who="3" fromWho="1" sc="141,0,567,-80,159,0,123,90" /><INIT seed="3,2,0,4,0,60" ten="141,487,159,213" oya="3" hai0="114,2,80,40,124,66,90,65,27,119,123,24,51" hai1="8,6,34,56,131,0,101,42,49,86,102,63,14" hai2="20,93,43,30,113,13,61,83,78,71,53,129,11" hai3="69,45,92,7,122,115,5,100,19,26,47,104,82"/><W117/><G115/><T94/><D119/><U38/><E34/><V37/><F129/><W96/><G117/><T70/><D123/><U62/><E131/><V110/><F110/><W132/><G122/><T77/><D70/><U84/><E38/><V23/><F30/><W76/><G132/><T99/><D2/><U18/><E86/><V10/><F10/><W58/><G69/><T59/><D124/><U73/><E73/><V121/><F113/><W57/><G104/><T16/><D114/><U120/><E120/><V89/><F43/><W68/><G68/><T50/><D50/><U17/><E84/><V127/><F37/><W22/><G76/><T133/><D133/><U48/><E0/><V28/><F28/><W108/><G82/><T29/><D29/><U15/><E63/><V31/><F31/><W135/><G135/><T67/><D16/><N who="1" m="6251" /><E15/><V130/><F127/><W54/><G108/><T87/><D59/><N who="3" m="22537" /><G54/><T46/><AGARI ba="2,0" hai="24,27,40,46,51,65,66,67,77,80,87,90,94,99" machi="46" ten="30,8000,1" yaku="0,1,8,1,52,3" doraHai="60" who="0" fromWho="0" sc="141,86,487,-22,159,-22,213,-42" /><INIT seed="4,0,0,5,3,132" ten="227,465,137,171" oya="0" hai0="44,22,120,14,3,70,102,5,71,69,93,50,130" hai1="7,75,43,60,59,42,16,114,38,32,100,63,123" hai2="104,31,6,91,81,40,76,56,72,95,65,8,117" hai3="105,19,10,20,84,37,33,113,103,15,51,85,47"/><T53/><D120/><U61/><E123/><V39/><F117/><W24/><G113/><T58/><D130/><U78/><E32/><V107/><F31/><W128/><G128/><T67/><D3/><U133/><E133/><V111/><F56/><W30/><G37/><T77/><D77/><U49/><E7/><V97/><F65/><W66/><G66/><T89/><D102/><U115/><E100/><V9/><F9/><W26/><G103/><T121/><D121/><U2/><E2/><V101/><F111/><W94/><G105/><T12/><D5/><U25/><E78/><V79/><F79/><W54/><REACH who="3" step="1"/><G94/><REACH who="3" ten="227,465,137,161" step="2"/><T87/><D67/><U62/><E114/><V21/><F101/><W98/><G98/><T41/><REACH who="0" step="1"/><D22/><REACH who="0" ten="217,465,137,161" step="2"/><U13/><E115/><V118/><F21/><W90/><G90/><T129/><D129/><U27/><E38/><AGARI ba="0,2" hai="12,14,38,41,44,50,53,58,69,70,71,87,89,93" machi="38" ten="40,2000,0" yaku="1,1,53,0" doraHai="132" doraHaiUra="34" who="0" fromWho="1" sc="217,40,465,-20,137,0,161,0" /><INIT seed="4,1,0,0,1,62" ten="257,445,137,161" oya="0" hai0="86,45,31,26,24,34,30,2,102,55,76,79,92" hai1="68,7,27,20,113,48,11,29,131,84,73,64,15" hai2="94,134,69,96,61,101,0,52,71,110,135,112,72" hai3="19,130,37,75,124,22,17,93,36,74,97,78,108"/><T57/><D2/><U104/><E73/><V13/><F0/><W89/><G108/><T14/><D14/><U118/><E118/><V99/><F110/><W80/><G124/><T10/><D10/><U121/><E121/><V28/><F72/><W9/><G75/><T133/><D45/><U60/><E104/><V39/><F39/><W25/><G130/><T70/><D70/><U100/><E131/><V46/><F28/><W47/><G47/><T114/><D114/><U98/><E113/><V49/><F112/><W16/><REACH who="3" step="1"/><G9/><REACH who="3" ten="257,445,137,151" step="2"/><T21/><D133/><U88/><E11/><V50/><F135/><W126/><G126/><T111/><D111/><U123/><E123/><V85/><F134/><W6/><G6/><T95/><D102/><U59/><E7/><V3/><F101/><W127/><G127/><T58/><D86/><U107/><E84/><V44/><F85/><W106/><G106/><T120/><D120/><U90/><E107/><V125/><F125/><W67/><G67/><T91/><D91/><U41/><E64/><V129/><F129/><W38/><AGARI ba="1,1" hai="16,17,19,22,25,36,37,38,74,78,80,89,93,97" machi="38" ten="30,4000,0" yaku="1,1,0,1,54,1,53,0" doraHai="62" doraHaiUra="128" who="3" fromWho="3" sc="257,-21,445,-11,137,-11,151,53" /><INIT seed="5,0,0,2,4,126" ten="236,434,126,204" oya="1" hai0="19,52,65,128,106,89,104,18,53,78,134,48,17" hai1="7,24,2,79,107,133,44,99,94,22,76,91,132" hai2="122,5,124,0,56,4,80,21,71,114,102,13,3" hai3="115,113,50,40,125,87,14,60,82,51,112,92,110"/><U6/><E107/><V72/><F71/><W68/><G110/><T54/><D48/><U86/><E44/><V77/><F122/><W27/><G125/><T47/><D47/><U129/><E129/><V39/><F124/><W59/><G68/><T55/><D55/><U131/><E131/><V108/><F108/><W23/><G92/><T36/><D128/><U98/><E2/><V130/><F130/><W15/><G40/><T57/><D78/><N who="1" m="29739" /><E7/><V35/><F35/><W100/><G100/><T127/><D127/><U97/><E6/><V120/><F39/><W64/><G51/><T46/><D46/><U49/><E49/><V90/><F3/><W63/><G63/><T42/><D42/><U8/><E8/><V111/><F0/><W119/><G50/><T32/><D32/><U45/><E45/><V30/><F72/><W85/><G119/><T93/><D36/><U83/><E22/><V11/><F120/><W12/><REACH who="3" step="1"/><G82/><REACH who="3" ten="236,434,126,194" step="2"/><T61/><REACH who="0" step="1"/><D134/><REACH who="0" ten="226,434,126,194" step="2"/><N who="1" m="51819" /><E24/><V123/><F123/><W121/><G121/><T34/><D34/><U103/><AGARI ba="0,2" hai="83,86,91,94,97,98,99,103" m="51819,29739" machi="103" ten="30,6000,0" yaku="20,1,34,2" doraHai="126" who="1" fromWho="1" sc="226,-20,434,80,126,-20,194,-20" /><INIT seed="5,1,0,2,1,32" ten="206,514,106,174" oya="1" hai0="0,5,27,119,109,20,83,28,50,51,31,79,36" hai1="65,77,78,38,26,91,25,3,89,103,56,7,43" hai2="100,108,49,8,48,128,133,110,101,116,22,46,63" hai3="4,102,52,84,123,37,94,21,85,76,9,95,57"/><U81/><E43/><V1/><F116/><W19/><G37/><T70/><D70/><U67/><E38/><V33/><F33/><W61/><G123/><T134/><D119/><U13/><E3/><V118/><F118/><W125/><G125/><T41/><D134/><U68/><E68/><V45/><F22/><W117/><G117/><T104/><D104/><U44/><E44/><V80/><F80/><W64/><G64/><T127/><D31/><U14/><E103/><V29/><F29/><W97/><G76/><T105/><D105/><U107/><E7/><V35/><F35/><W71/><G71/><T72/><D109/><U98/><E98/><V59/><F8/><W11/><G95/><T30/><D30/><U132/><E107/><V126/><F59/><W92/><G94/><T34/><D20/><U23/><E23/><V115/><F133/><W47/><G47/><N who="0" m="23975" /><D127/><U24/><E56/><V113/><F63/><W42/><G42/><T120/><D120/><U40/><E40/><V74/><F74/><W62/><G62/><T106/><D106/><U15/><E81/><V55/><F55/><W111/><G111/><T10/><AGARI ba="1,0" hai="0,5,10,27,28,34,50,51,72,79,83" m="23975" machi="10" ten="30,2000,0" yaku="25,1,52,1" doraHai="32" who="0" fromWho="0" sc="206,23,514,-11,106,-6,174,-6" /><INIT seed="6,0,0,4,3,13" ten="229,503,100,168" oya="2" hai0="69,18,68,33,74,38,134,39,100,57,26,95,72" hai1="115,64,127,112,4,3,48,126,107,116,66,6,8" hai2="99,65,77,1,20,14,50,25,110,28,86,119,40" hai3="43,94,22,93,58,124,84,21,103,15,53,27,47"/><V41/><F1/><W98/><G124/><N who="1" m="47658" /><E107/><V128/><F128/><W104/><G15/><T92/><D57/><U19/><E116/><V62/><F119/><W32/><G32/><T117/><D117/><U78/><E78/><V120/><F120/><W61/><G84/><T12/><D33/><U36/><E36/><V79/><F110/><W29/><REACH who="3" step="1"/><G22/><REACH who="3" ten="229,503,100,158" step="2"/><T135/><D12/><N who="1" m="7559" /><E3/><V67/><F86/><W30/><G30/><T24/><REACH who="0" step="1"/><D100/><REACH who="0" ten="219,503,100,158" step="2"/><U96/><E115/><V114/><F114/><W82/><G82/><T129/><D129/><U125/><E112/><V89/><F14/><W51/><AGARI ba="0,2" hai="21,27,29,43,47,51,53,58,61,93,94,98,103,104" machi="51" ten="20,5200,0" yaku="1,1,0,1,7,1,53,1" doraHai="13" doraHaiUra="46" who="3" fromWho="3" sc="219,-13,503,-13,100,-26,158,72" /><INIT seed="7,0,0,4,2,110" ten="206,490,74,230" oya="3" hai0="36,71,49,17,120,88,60,108,28,48,24,21,61" hai1="19,73,9,70,27,58,98,87,35,63,100,80,65" hai2="50,91,84,6,135,62,90,86,77,125,75,20,117" hai3="79,53,34,129,40,115,105,32,5,78,67,134,59"/><W30/><G105/><T13/><D36/><U113/><E73/><V93/><F6/><W56/><G5/><T133/><D120/><U82/><E82/><V68/><F20/><W94/><G40/><T92/><D133/><U132/><E132/><V131/><F50/><N who="0" m="19562" /><D71/><U99/><E99/><V18/><F18/><W51/><G134/><T57/><D108/><U26/><E26/><V114/><F62/><N who="0" m="24170" /><D57/><U69/><E9/><V123/><F68/><W102/><G129/><T64/><D64/><U38/><E38/><V55/><F55/><W10/><G59/><T74/><D74/><U0/><E19/><V85/><F135/><W127/><G67/><T107/><D107/><U103/><E87/><V96/><F123/><W128/><G128/><T8/><D92/><U118/><E98/><V1/><F1/><W111/><G111/><T54/><D54/><U7/><E118/><V101/><F131/><W46/><G56/><T81/><D81/><U104/><E80/><N who="2" m="45119" /><F117/><W42/><G53/><T43/><D43/><U4/><E104/><N who="2" m="63527" /><F125/><W15/><G127/><T11/><D11/><U112/><E100/><V97/><F114/><W45/><G115/><T37/><D37/><U2/><E103/><V130/><F130/><W116/><G116/><T31/><D31/><N who="1" m="19967" /><E113/><V124/><F124/><W122/><G122/><T39/><D39/><U12/><E112/><V95/><AGARI ba="0,0" hai="84,85,86,90,91,93,95,97" m="63527,45119" machi="95" ten="30,12000,2" yaku="24,1,35,5" doraHai="110" who="2" fromWho="2" sc="206,-30,490,-30,74,120,230,-60" owari="176,-22.4,460,56.0,194,-0.6,170,-33.0" /></mjloggm>