<mjloggm ver="2.3"><GO type="169" lobby="0"/><UN n0="%63%6C%75%74%63%68%37%33" n1="%E6%81%8B%E3%81%AE%E3%81%86%E3%81%9F" n2="%E3%83%A8%E3%82%B7%E3%83%86%E3%83%AB%37%30%38" n3="%E3%83%9D%E3%83%B3%E3%81%98%E3%81%84%E3%81%95%E3%82%93" dan="17,17,16,16" rate="2266.74,2272.38,2100.93,2097.44" sx="M,M,M,F"/><TAIKYOKU oya="0"/><INIT seed="0,0,0,3,0,109" ten="250,250,250,250" oya="0" hai0="10,42,97,90,94,67,105,103,12,25,63,112,134" hai1="13,17,51,121,73,108,107,60,28,5,113,69,122" hai2="131,55,80,15,70,106,65,95,130,48,54,19,86" hai3="133,128,85,26,29,34,72,6,59,111,47,84,56"/><T74/><D134/><U49/><E73/><V102/><F106/><W53/><G72/><T115/><D74/><U38/><E38/><V119/><F70/><W30/><G111/><T32/><D42/><U41/><E108/><V37/><F65/><W132/><G128/><T66/><D32/><U39/><E5/><V14/><F37/><W96/><G6/><T2/><D25/><U120/><E28/><V125/><F125/><W123/><G123/><T22/><D22/><U33/><E107/><V57/><F119/><W62/><G47/><T1/><D1/><U129/><E33/><V7/><F7/><W20/><G96/><T3/><D3/><U77/><E77/><V46/><F102/><W31/><G59/><T71/><D67/><U100/><E100/><V93/><F15/><W118/><G118/><T61/><D61/><U8/><E129/><V24/><F24/><W9/><G9/><T126/><D2/><U135/><E135/><N who="3" m="51786" /><G34/><T116/><D126/><U81/><E121/><V98/><F98/><W117/><G117/><T82/><D116/><U89/><E122/><V64/><F64/><W114/><G114/><T18/><D82/><U40/><E113/><V79/><F131/><W83/><G85/><AGARI ba="0,0" hai="10,12,18,63,66,71,85,90,94,97,103,105,112,115" machi="85" ten="30,5800,0" yaku="7,1,52,2" doraHai="109" who="0" fromWho="3" sc="250,58,250,0,250,0,250,-58" /><INIT seed="0,1,0,0,5,88" ten="308,250,250,192" oya="0" hai0="52,6,135,80,118,36,35,14,47,119,37,15,43" hai1="48,128,19,102,103,5,100,0,53,61,69,134,105" hai2="89,39,116,62,75,95,50,76,26,81,120,38,40" hai3="77,124,8,109,123,107,30,54,113,44,12,91,58"/><T129/><D129/><U60/><E105/><V98/><F120/><W104/><G113/><T86/><D135/><U3/><E134/><V73/><F73/><W16/><G124/><T121/><D121/><U101/><N who="1" m="25600" /><DORA hai="83" /><U41/><E41/><V132/><F132/><W32/><G109/><T2/><D35/><U66/><E5/><V85/><F116/><W63/><G123/><T11/><D36/><U117/><E117/><V67/><F75/><W27/><G77/><T78/><D2/><U22/><E60/><V20/><F50/><W111/><G111/><T31/><D31/><U55/><E128/><V122/><F40/><W87/><REACH who="3" step="1"/><G44/><REACH who="3" ten="308,250,250,182" step="2"/><T28/><D119/><U56/><REACH who="1" step="1"/><E53/><REACH who="1" ten="308,240,250,182" step="2"/><V45/><F122/><W108/><G108/><T33/><D118/><U17/><E17/><V112/><F112/><W57/><G57/><T96/><D52/><U110/><E110/><V29/><F45/><W127/><G127/><T93/><D47/><U65/><E65/><V126/><F126/><W18/><G18/><T82/><D6/><U99/><E99/><V64/><REACH who="2" step="1"/><F64/><REACH who="2" ten="308,240,240,182" step="2"/><W72/><G72/><T70/><D43/><U71/><E71/><AGARI ba="1,3" hai="20,26,29,38,39,62,67,71,76,81,85,89,95,98" machi="71" ten="30,12000,2" yaku="1,1,2,1,7,1,52,2,53,1" doraHai="88,83" doraHaiUra="92,114" who="2" fromWho="1" sc="308,0,240,-123,240,153,182,0" /><INIT seed="1,0,0,0,3,102" ten="308,117,393,182" oya="1" hai0="84,1,132,124,78,43,106,23,96,107,100,27,40" hai1="44,3,71,66,127,83,42,35,85,22,81,58,5" hai2="87,11,70,115,89,37,28,30,15,99,128,125,123" hai3="131,122,59,8,29,86,9,93,94,61,39,76,45"/><U6/><E35/><V95/><F37/><W109/><G122/><T51/><D1/><U80/><E71/><V97/><F70/><W75/><G109/><T38/><D38/><U13/><E127/><V36/><F36/><W19/><G131/><T26/><D124/><U57/><E3/><V103/><F125/><W64/><G75/><T111/><D111/><U32/><E32/><V74/><F74/><W82/><G29/><T79/><D132/><U134/><E134/><V54/><F128/><W101/><G39/><T33/><D107/><U12/><E85/><V31/><F123/><W119/><G119/><T88/><D27/><U129/><E129/><V116/><F116/><W77/><G77/><T65/><D65/><U60/><E58/><V104/><F54/><W18/><G45/><T112/><D33/><U120/><E120/><V7/><REACH who="2" step="1"/><F99/><REACH who="2" ten="308,117,383,182" step="2"/><W25/><G64/><T98/><D98/><U52/><E66/><V50/><F50/><W105/><G61/><T113/><D113/><AGARI ba="0,1" hai="7,11,15,28,30,31,87,89,95,97,103,104,113,115" machi="113" ten="40,2600,0" yaku="1,1,52,1,53,0" doraHai="102" doraHaiUra="47" who="2" fromWho="0" sc="308,-26,117,0,383,36,182,0" /><INIT seed="2,0,0,1,0,109" ten="282,117,419,182" oya="2" hai0="4,90,95,64,68,32,8,75,100,80,38,129,110" hai1="97,84,83,43,99,108,31,62,128,22,58,96,69" hai2="47,53,79,9,125,23,63,70,85,14,105,77,73" hai3="92,135,101,66,42,10,122,35,102,76,131,3,28"/><V116/><F105/><W37/><G122/><T49/><D110/><U103/><E69/><V88/><F125/><W7/><G135/><T52/><D38/><U21/><E128/><V19/><F73/><W71/><G131/><T114/><D129/><U87/><E108/><V29/><F70/><W25/><G92/><T112/><D32/><U59/><E43/><V20/><F116/><W17/><G76/><N who="2" m="29257" /><F29/><W46/><REACH who="3" step="1"/><G17/><REACH who="3" ten="282,117,419,172" step="2"/><T30/><D75/><U48/><E83/><N who="2" m="49215" /><F47/><W40/><G40/><T11/><D80/><U98/><E103/><V26/><F26/><W1/><G1/><T56/><D100/><U72/><E72/><V61/><F53/><W36/><G36/><T113/><D30/><U91/><E31/><V57/><F57/><W33/><G33/><T134/><D134/><U119/><E58/><V2/><F2/><W133/><G133/><T27/><D27/><U55/><E119/><V0/><F0/><W93/><G93/><T115/><N who="0" m="28672" /><DORA hai="124" /><T130/><D130/><U44/><N who="1" m="24576" /><DORA hai="104" /><U117/><E117/><V74/><F19/><W45/><G45/><T118/><D118/><U126/><E126/><V39/><F39/><W111/><G111/><T132/><D132/><U123/><E123/><V107/><F107/><W127/><G127/><T34/><D34/><U13/><E44/><V65/><F74/><W5/><G5/><T86/><REACH who="0" step="1"/><D4/><REACH who="0" ten="272,117,419,172" step="2"/><U24/><E24/><V6/><F6/><W18/><G18/><T60/><AGARI ba="0,2" hai="8,11,49,52,56,60,64,68,86,90,95" m="28672" machi="60" ten="60,16000,3" yaku="1,1,2,1,0,1,52,4,54,1,53,0" doraHai="109,124,104" doraHaiUra="15,41,94" who="0" fromWho="0" sc="272,180,117,-40,419,-80,172,-40" /><INIT seed="3,0,0,0,3,44" ten="452,77,339,132" oya="3" hai0="122,47,38,130,61,18,13,19,4,39,100,51,109" hai1="83,101,37,133,98,105,123,45,56,89,54,131,43" hai2="15,86,9,30,27,79,118,71,6,116,87,58,60" hai3="92,52,106,33,126,113,124,93,81,103,99,78,17"/><W35/><G113/><T112/><D109/><U132/><E123/><V11/><F71/><W80/><G17/><T32/><D122/><U5/><E131/><V40/><F40/><W28/><G28/><T135/><D130/><U74/><E5/><V69/><F69/><W125/><G81/><T108/><D108/><U94/><E83/><V0/><F79/><W14/><G14/><T3/><D32/><U24/><E74/><V65/><F87/><W110/><G110/><T57/><D19/><U104/><E24/><V84/><F84/><W134/><G134/><T63/><D63/><U46/><E46/><V42/><F42/><W55/><G93/><T48/><D48/><U88/><E105/><V107/><F107/><W76/><G76/><T10/><D100/><U90/><REACH who="1" step="1"/><E104/><REACH who="1" ten="452,67,339,132" step="2"/><V16/><F86/><N who="3" m="48407" /><G106/><T70/><D135/><U115/><E115/><V49/><F118/><W121/><G121/><T22/><D112/><U7/><E7/><V95/><F116/><W85/><G85/><T12/><D3/><U102/><E102/><V26/><F26/><W25/><G25/><T50/><D4/><U91/><N who="1" m="22528" /><DORA hai="129" /><U119/><E119/><V77/><F77/><W96/><G96/><T2/><D2/><U72/><E72/><V8/><F95/><W36/><G36/><T120/><D38/><U41/><E41/><V117/><F117/><W75/><G75/><T34/><D39/><U1/><E1/><V20/><F0/><W23/><G23/><T62/><D22/><U97/><E97/><V68/><F6/><W128/><G128/><T29/><D120/><RYUUKYOKU ba="0,1" sc="452,-30,67,10,339,10,132,10" hai1="37,43,45,54,56,94,98,101,132,133" hai2="8,9,11,15,16,20,27,30,49,58,60,65,68" hai3="33,35,52,55,92,99,103,124,125,126" /><INIT seed="3,1,1,1,3,13" ten="422,77,349,142" oya="3" hai0="69,21,100,96,33,6,55,31,63,91,34,28,25" hai1="15,11,112,38,84,107,93,40,88,86,116,90,110" hai2="54,106,118,89,99,66,119,126,67,29,133,87,95" hai3="1,10,50,108,125,45,3,44,68,121,32,124,92"/><W98/><G121/><T123/><D123/><U72/><E110/><V85/><F133/><W4/><G68/><T53/><D6/><U62/><E72/><V46/><F126/><N who="3" m="48747" /><G32/><T102/><D91/><U18/><E112/><V71/><F29/><W52/><G108/><T22/><D69/><U122/><E122/><V39/><F87/><W5/><G5/><T78/><D78/><U47/><E107/><V23/><F23/><W132/><G132/><T105/><D102/><U128/><E128/><V8/><F8/><W26/><G26/><T130/><D130/><U14/><E14/><V109/><F109/><W17/><G17/><T114/><D114/><U60/><REACH who="1" step="1"/><E116/><REACH who="1" ten="422,67,349,142" step="2"/><V65/><F119/><W41/><G3/><T7/><D105/><U75/><E75/><V117/><F106/><W111/><G111/><T49/><D25/><U27/><E27/><V59/><F118/><W129/><G129/><T83/><D34/><U77/><E77/><V0/><F0/><W35/><G35/><T57/><D33/><U135/><E135/><V79/><F117/><W9/><G1/><T61/><D31/><U64/><E64/><V37/><F67/><W104/><G104/><T80/><D28/><U16/><E16/><V82/><F66/><W24/><G24/><T30/><D30/><U113/><E113/><V51/><F71/><W70/><G70/><T42/><D7/><U101/><E101/><V19/><F19/><W2/><G2/><T74/><D100/><U12/><E12/><V58/><F65/><W56/><G4/><T76/><D74/><U97/><E97/><RYUUKYOKU ba="1,2" sc="422,-15,67,15,349,15,142,-15" hai1="11,15,18,38,40,47,60,62,84,86,88,90,93" hai2="37,39,46,51,54,58,59,79,82,85,89,95,99" /><INIT seed="4,2,2,0,3,5" ten="407,82,364,127" oya="0" hai0="134,56,66,4,39,54,13,75,96,44,125,86,74" hai1="103,23,84,102,15,51,30,101,131,111,73,25,79" hai2="26,118,127,121,20,43,10,69,2,76,50,55,36" hai3="81,119,120,21,61,123,95,18,41,89,31,116,90"/><T94/><D134/><U49/><E111/><V93/><F121/><N who="3" m="46667" /><G41/><T88/><D125/><U1/><E1/><V104/><F104/><W58/><G31/><T6/><D6/><U29/><E73/><V98/><F69/><W35/><G35/><T100/><D66/><U63/><E131/><V0/><F76/><W65/><G81/><T105/><D44/><U128/><E128/><V47/><F127/><W135/><G135/><T42/><D42/><U112/><E112/><V28/><F10/><W108/><G108/><T24/><D24/><U122/><E122/><V37/><F118/><N who="3" m="45099" /><G95/><T115/><D39/><U12/><E30/><V52/><F55/><W106/><G106/><T92/><D105/><U113/><E113/><V3/><REACH who="2" step="1"/><F43/><REACH who="2" ten="407,82,354,127" step="2"/><W14/><AGARI ba="2,3" hai="14,18,21,58,61,65,89,90" m="45099,46667" machi="14" ten="30,1100,0" yaku="13,1" doraHai="5" who="3" fromWho="3" sc="407,-7,82,-5,354,-5,127,47" /><INIT seed="5,0,0,4,4,68" ten="400,77,349,174" oya="1" hai0="128,61,66,52,121,22,70,59,24,96,89,73,77" hai1="133,39,127,16,87,20,46,84,120,95,18,14,44" hai2="123,115,10,2,55,126,98,122,83,23,125,75,100" hai3="85,41,53,42,6,56,5,111,112,129,32,101,4"/><U12/><E133/><V109/><F109/><W131/><G111/><T130/><D121/><U86/><E127/><N who="2" m="48651" /><F115/><W25/><G112/><T50/><D73/><U35/><E35/><V29/><F29/><W113/><G113/><T117/><D77/><U51/><E120/><V21/><F75/><W72/><G72/><T90/><D117/><U36/><E95/><V74/><F74/><W49/><G101/><T9/><D9/><U33/><E33/><V63/><F83/><W134/><G134/><T0/><D0/><U114/><E114/><V93/><F23/><W38/><G38/><T107/><D107/><U94/><E94/><V104/><F21/><W15/><G15/><T92/><REACH who="0" step="1"/><D90/><REACH who="0" ten="390,77,349,174" step="2"/><U48/><E87/><V45/><F2/><W47/><G85/><T116/><D116/><U119/><REACH who="1" step="1"/><E20/><REACH who="1" ten="390,67,349,174" step="2"/><V60/><F104/><W103/><G32/><T71/><D71/><U30/><E30/><AGARI ba="0,2" hai="22,24,30,50,52,59,61,66,70,89,92,96,128,130" machi="30" ten="40,2600,0" yaku="1,1,54,1,53,0" doraHai="68" doraHaiUra="8" who="0" fromWho="1" sc="390,46,67,-26,349,0,174,0" /><INIT seed="6,0,0,5,1,132" ten="436,41,349,174" oya="2" hai0="109,30,50,88,66,28,106,112,130,65,57,72,108" hai1="114,107,96,62,86,29,92,53,33,91,78,0,119" hai2="52,71,46,121,77,115,37,103,94,135,87,19,93" hai3="51,48,17,73,117,54,61,22,76,64,14,4,80"/><V104/><F121/><W3/><G117/><T129/><D72/><U68/><E119/><V105/><F71/><W43/><G43/><T74/><D74/><U6/><E114/><V85/><F37/><W81/><G81/><T49/><D106/><U60/><E0/><V75/><F19/><W10/><REACH who="3" step="1"/><G54/><REACH who="3" ten="436,41,349,164" step="2"/><T13/><D109/><U100/><E53/><V95/><F52/><W82/><G82/><T97/><D108/><U8/><E62/><V45/><F45/><W128/><G128/><T126/><D130/><U102/><E102/><V101/><F46/><W69/><AGARI ba="0,1" hai="3,4,10,14,17,22,48,51,61,64,69,73,76,80" machi="69" ten="20,2700,0" yaku="1,1,0,1,7,1,53,0" doraHai="132" doraHaiUra="24" who="3" fromWho="3" sc="436,-7,41,-7,349,-13,164,37" /><INIT seed="7,0,0,3,5,122" ten="429,34,336,201" oya="3" hai0="86,48,133,29,106,19,109,98,51,112,69,17,128" hai1="59,1,118,38,96,130,46,42,135,57,43,75,37" hai2="64,28,4,33,62,108,39,56,31,27,74,95,8" hai3="107,91,36,68,77,72,21,132,9,65,11,2,131"/><W35/><G91/><T111/><D69/><U24/><E24/><V45/><F74/><W58/><G58/><T6/><D6/><U54/><E96/><V71/><F28/><W89/><G89/><T113/><D29/><U67/><E1/><V81/><F95/><W120/><G120/><T103/><D128/><U100/><E100/><V92/><F92/><W3/><G132/><T14/><D133/><U66/><E75/><V5/><F81/><W119/><G119/><T25/><D25/><U88/><E135/><V79/><F79/><W70/><G21/><T23/><D19/><U99/><E99/><V85/><F85/><W116/><G116/><T22/><D22/><U84/><E84/><V93/><F93/><W7/><G131/><T12/><D12/><U50/><E88/><V61/><F5/><W80/><G65/><T60/><D60/><U123/><E123/><V13/><F45/><W101/><G36/><T76/><D48/><U10/><E10/><V16/><F39/><W110/><G35/><T87/><D51/><U97/><E97/><V44/><F44/><W41/><G11/><T34/><D34/><U55/><E130/><V49/><F49/><W126/><G2/><T90/><D87/><U30/><E30/><V117/><F117/><W83/><G101/><T115/><D76/><U18/><E118/><V78/><F78/><W26/><G9/><T134/><D134/><U129/><E129/><V15/><F61/><W47/><G3/><T0/><D0/><U73/><E73/><V52/><F8/><W124/><G72/><T20/><D90/><RYUUKYOKU ba="0,0" sc="429,0,34,0,336,0,201,0" owari="429,52.9,34,-46.6,336,13.6,201,-19.9" /></mjloggm>