<mjloggm ver="2.3"><GO type="169" lobby="0"/><UN n0="%E2%97%8E%E3%82%88%E3%81%97%E2%97%8E" n1="%E7%B4%94%E6%BD%94%E3%83%94%E3%83%A9%E3%83%8B%E3%82%A2" n2="%E3%81%9B%E3%81%A9%E3%81%AA%E3%82%8A%E3%81%82%E3%82%93" n3="%E3%83%94%E3%83%B3%E3%82%B5%E3%83%AD%E5%BA%97%E5%93%A1" dan="17,17,17,17" rate="2184.07,2205.71,2168.17,2250.04" sx="M,M,F,M"/><TAIKYOKU oya="0"/><INIT seed="0,0,0,5,2,11" ten="250,250,250,250" oya="0" hai0="102,23,83,118,113,73,132,70,121,75,123,134,129" hai1="124,76,97,107,78,44,53,26,105,89,42,55,130" hai2="127,66,8,6,48,109,85,87,96,19,32,22,120" hai3="122,71,33,2,115,81,100,72,82,116,92,13,125"/><T27/><D70/><U86/><E124/><V31/><F120/><N who="0" m="46154" /><D113/><U17/><E130/><V63/><F109/><W1/><G116/><T30/><D118/><U58/><E55/><V117/><F127/><W69/><G33/><N who="0" m="20703" /><D129/><U60/><E105/><V14/><F48/><W43/><G115/><T16/><D102/><U67/><E67/><V51/><F51/><W90/><G100/><T84/><D84/><U80/><E107/><V10/><F10/><W4/><G43/><T36/><D83/><U7/><E7/><V95/><F31/><W34/><G34/><T47/><D47/><U3/><E3/><V49/><F49/><W103/><G103/><T106/><D106/><U24/><E44/><V39/><F39/><W61/><G125/><T18/><D36/><U37/><E42/><V59/><F32/><W0/><G122/><T20/><D73/><U79/><E37/><V77/><F77/><W126/><G126/><T45/><D75/><U110/><E110/><V133/><F133/><N who="0" m="51306" /><D45/><U12/><REACH who="1" step="1"/><E97/><REACH who="1" ten="250,240,250,250" step="2"/><V40/><F40/><W93/><G69/><T114/><D114/><U62/><E62/><V74/><F117/><W46/><G61/><T57/><D57/><U5/><E5/><V29/><F6/><W108/><G71/><T135/><D135/><U99/><E99/><V25/><F74/><W64/><G46/><T98/><D98/><U94/><E94/><V104/><F104/><W131/><G93/><T65/><D65/><U28/><E28/><V41/><F41/><W9/><G92/><T88/><D88/><AGARI ba="0,1" hai="8,14,19,22,25,29,59,63,66,85,87,88,95,96" machi="88" ten="30,7700,0" yaku="7,1,8,1,52,1,54,1" doraHai="11" who="2" fromWho="0" sc="250,-77,240,0,250,87,250,0" /><INIT seed="1,0,0,3,2,1" ten="173,240,337,250" oya="1" hai0="102,65,8,97,120,45,133,128,75,83,104,9,4" hai1="116,61,125,63,115,68,92,77,39,2,106,121,37" hai2="22,81,46,86,111,29,73,98,70,80,69,3,33" hai3="91,0,67,72,7,131,32,135,19,108,34,122,28"/><U41/><E106/><V132/><F33/><W123/><G72/><T59/><D128/><U78/><E115/><V119/><F119/><W10/><G67/><T96/><D133/><U50/><E2/><V56/><F132/><W129/><G91/><T25/><D120/><N who="3" m="46121" /><G135/><T110/><D110/><U24/><E121/><V55/><F98/><W87/><G87/><T21/><D9/><U99/><E116/><V52/><F3/><W64/><G64/><T27/><D45/><U93/><E24/><V48/><F29/><W20/><G108/><T30/><D25/><U15/><E15/><V12/><F22/><W35/><G28/><T88/><D75/><U44/><E125/><V95/><F95/><W94/><G94/><T49/><D96/><U112/><E112/><V90/><F111/><W38/><G38/><T89/><D83/><U114/><E114/><V13/><F69/><W53/><G53/><T26/><D26/><AGARI ba="0,0" hai="0,7,10,19,20,26,32,34,35,129,131" m="46121" machi="26" ten="40,5200,0" yaku="34,2,52,1" doraHai="1" who="3" fromWho="0" sc="173,-52,240,0,337,0,250,52" /><INIT seed="2,0,0,3,4,18" ten="121,240,337,302" oya="2" hai0="8,105,28,96,23,48,79,52,92,119,122,54,88" hai1="135,115,10,6,76,13,24,25,101,56,72,49,58" hai2="17,100,77,57,40,90,51,11,67,121,132,128,131" hai3="94,33,37,14,1,2,111,73,35,12,123,22,7"/><V80/><F121/><W99/><G37/><T19/><D122/><U45/><E115/><V39/><F100/><W98/><G123/><T34/><D105/><U61/><E135/><V109/><F90/><W50/><G73/><T65/><D119/><U29/><E101/><V124/><F11/><W95/><G50/><T5/><D65/><U20/><E72/><V38/><F17/><W82/><G82/><T69/><D69/><U75/><E75/><V87/><F132/><W60/><G60/><T112/><D112/><U110/><E110/><V0/><F0/><W134/><G134/><T113/><D113/><U3/><E76/><V32/><F32/><W83/><G83/><T15/><D79/><U107/><E107/><V4/><F4/><W71/><G71/><T93/><D48/><U55/><E3/><V63/><F124/><W46/><G46/><T36/><D36/><U44/><REACH who="1" step="1"/><E24/><REACH who="1" ten="121,230,337,302" step="2"/><V42/><F109/><W125/><G111/><T9/><D9/><U116/><E116/><V53/><F40/><W70/><G125/><T120/><D120/><U78/><E78/><V133/><F133/><W27/><G27/><N who="0" m="18719" /><D93/><U84/><E84/><V114/><F114/><W62/><G95/><T103/><D103/><U68/><E68/><N who="2" m="42111" /><F42/><W129/><G94/><T21/><D21/><U66/><AGARI ba="0,1" hai="6,10,13,20,25,29,44,45,49,55,56,58,61,66" machi="66" ten="20,8000,1" yaku="1,1,0,1,7,1,8,1,52,1,53,0" doraHai="18" doraHaiUra="91" who="1" fromWho="1" sc="121,-20,230,90,337,-40,302,-20" /><INIT seed="3,0,0,3,1,25" ten="101,320,297,282" oya="3" hai0="134,109,93,24,108,20,73,133,57,102,88,67,125" hai1="49,87,86,40,3,85,22,11,74,56,13,8,63" hai2="15,42,75,58,90,29,78,114,5,76,37,66,30" hai3="65,116,113,131,96,104,32,52,119,111,99,95,84"/><W103/><G32/><T81/><D102/><U61/><E74/><V59/><F114/><W106/><G65/><T46/><D46/><N who="1" m="25799" /><E3/><V26/><F75/><W72/><G72/><T16/><D125/><U31/><E61/><N who="2" m="38199" /><F37/><W118/><G113/><T41/><D41/><U33/><E33/><V128/><F128/><W17/><G17/><T110/><D67/><N who="1" m="39399" /><E13/><V122/><F122/><W132/><G131/><T70/><D70/><U14/><E14/><V94/><F26/><AGARI ba="0,0" hai="8,11,22,26,31,85,86,87" m="39399,25799" machi="26" ten="30,2000,0" yaku="8,1,52,1" doraHai="25" who="1" fromWho="2" sc="101,0,320,20,297,-20,282,0" /><INIT seed="4,0,0,0,4,127" ten="101,340,277,282" oya="0" hai0="113,47,20,109,52,104,123,133,36,132,49,3,66" hai1="35,62,6,67,59,114,37,58,76,0,87,86,68" hai2="112,18,120,19,39,61,33,48,64,70,90,99,83" hai3="125,89,118,84,129,108,11,102,98,94,55,80,7"/><T24/><D123/><U130/><E35/><V23/><F33/><W97/><G125/><T30/><D104/><U40/><E114/><V116/><F39/><W28/><G108/><T25/><D3/><U74/><E130/><V5/><F120/><W41/><G118/><T12/><D113/><U105/><E105/><V78/><F5/><W71/><G71/><T73/><D109/><U92/><E86/><V32/><F32/><W119/><G119/><T31/><D73/><U81/><E87/><V63/><F63/><W96/><G129/><T9/><D36/><U56/><E92/><V15/><F48/><W117/><G117/><T60/><D25/><U101/><E101/><V121/><F121/><W88/><G41/><T69/><REACH who="0" step="1"/><D30/><REACH who="0" ten="91,340,277,282" step="2"/><U29/><E29/><V42/><F112/><W95/><G28/><T53/><D53/><U1/><E1/><V17/><F116/><W65/><G55/><T106/><D106/><U110/><E110/><V8/><F42/><W93/><G65/><T100/><D100/><U128/><E40/><V82/><F64/><W13/><REACH who="3" step="1"/><G102/><REACH who="3" ten="91,340,277,272" step="2"/><T134/><D134/><U77/><E67/><V44/><F70/><W107/><G107/><T51/><D51/><U14/><E68/><V111/><F111/><W75/><G75/><T45/><D45/><U54/><E37/><V57/><F44/><W2/><G2/><T34/><D34/><U27/><E0/><V135/><F135/><W4/><G4/><AGARI ba="0,2" hai="4,9,12,20,24,31,47,49,52,60,66,69,132,133" machi="4" ten="40,7700,0" yaku="1,1,54,1,53,1" doraHai="127" doraHaiUra="10" who="0" fromWho="3" sc="91,97,340,0,277,0,272,-77" /><INIT seed="4,1,0,3,2,66" ten="188,340,277,195" oya="0" hai0="19,50,44,53,132,116,73,20,125,98,43,93,24" hai1="122,49,27,83,45,107,77,59,21,71,9,96,57" hai2="64,67,115,126,127,109,29,108,60,85,6,4,17" hai3="92,102,38,121,86,35,128,74,100,58,135,51,40"/><T97/><D116/><U12/><E71/><V46/><F29/><W36/><G74/><T70/><D73/><U81/><E122/><V1/><F115/><W110/><G110/><T47/><D132/><U118/><E118/><V42/><F17/><W33/><G135/><T68/><D125/><N who="2" m="47626" /><F85/><W16/><G128/><T30/><D30/><N who="1" m="17775" /><E96/><V112/><F112/><W134/><G134/><T105/><D105/><U0/><E0/><V130/><F64/><W25/><G121/><T114/><D114/><U120/><E107/><V55/><F55/><W5/><G5/><N who="2" m="2153" /><F1/><W90/><G35/><T84/><D84/><N who="1" m="48175" /><E83/><V104/><F104/><W69/><G33/><T91/><D98/><U10/><E120/><V101/><F101/><W76/><G76/><T89/><D89/><U99/><E99/><V8/><F8/><N who="1" m="3177" /><E12/><V14/><F14/><W88/><G90/><T119/><D119/><U26/><E26/><V34/><F34/><W41/><G102/><T95/><D95/><U106/><E106/><V23/><F23/><W113/><G100/><T72/><D72/><U62/><E62/><V131/><F109/><W7/><G7/><T94/><D94/><U18/><E18/><V2/><F2/><W54/><G113/><T11/><D11/><U124/><E124/><V13/><F13/><W80/><G80/><T82/><D82/><U87/><E87/><V15/><F15/><W65/><G16/><T56/><D44/><U133/><E133/><V79/><F108/><W52/><G25/><T103/><D103/><U78/><E78/><V75/><F79/><W48/><G86/><RYUUKYOKU ba="1,0" sc="188,15,340,15,277,-15,195,-15" hai0="19,20,24,43,47,50,53,56,68,70,91,93,97" hai1="45,49,57,59" /><INIT seed="4,2,0,3,3,129" ten="203,355,262,180" oya="0" hai0="127,27,68,77,103,40,97,104,53,10,113,106,119" hai1="34,44,75,48,74,118,18,135,95,67,15,47,85" hai2="84,86,16,91,32,37,69,29,94,11,30,108,123" hai3="3,120,83,110,115,2,131,31,62,72,92,121,12"/><T116/><D106/><U99/><E118/><V79/><F108/><W36/><G110/><T46/><D68/><U102/><E34/><V81/><F123/><N who="3" m="47179" /><G36/><T130/><D130/><U100/><E135/><V93/><F37/><W76/><G131/><T98/><D113/><U61/><E85/><V59/><F69/><W78/><G115/><T51/><D127/><U105/><E100/><V49/><F32/><W0/><G31/><T88/><D77/><U8/><E47/><V107/><F107/><W42/><G42/><T55/><D10/><U128/><E105/><V132/><F132/><W117/><G117/><T33/><D116/><U63/><E63/><V87/><F59/><W122/><N who="3" m="47187" /><W28/><DORA hai="13" /><G28/><T112/><D112/><U20/><E8/><V125/><F49/><W7/><G76/><T57/><D119/><U124/><E124/><V66/><F66/><W24/><G24/><T134/><D134/><U1/><E1/><V41/><F41/><W5/><G92/><T6/><D6/><N who="3" m="2057" /><G12/><T26/><D33/><U38/><E38/><V70/><F70/><W82/><G82/><T114/><D114/><U64/><E128/><V43/><F43/><W14/><G14/><T9/><D9/><U54/><E67/><V80/><F125/><W126/><G126/><T17/><D17/><U21/><E21/><V22/><F11/><W50/><G50/><N who="0" m="30903" /><D40/><U89/><E64/><V19/><F30/><W133/><G133/><T58/><D46/><U25/><E61/><AGARI ba="2,0" hai="0,2,3,61,62,72,78,83" m="2057,47187" machi="61" ten="50,1600,0" yaku="13,1" doraHai="129,13" who="3" fromWho="1" sc="203,0,355,-22,262,0,180,22" /><INIT seed="5,0,0,1,2,74" ten="203,333,262,202" oya="1" hai0="61,73,116,105,76,13,33,92,67,20,8,133,125" hai1="18,119,2,110,130,70,47,29,36,21,53,117,97" hai2="113,50,6,59,51,114,56,102,109,71,124,57,118" hai3="60,17,10,65,132,122,75,98,108,1,100,44,7"/><U52/><E2/><V55/><F102/><W15/><G122/><T62/><D33/><U131/><E29/><V101/><F101/><W126/><G108/><T23/><D105/><U11/><E11/><V46/><F6/><W66/><G132/><T14/><D116/><U85/><E97/><V80/><F80/><W42/><G126/><T39/><D39/><U68/><E85/><V49/><F118/><N who="1" m="45065" /><E18/><V134/><F109/><W121/><G75/><T28/><D125/><U37/><E21/><V41/><F124/><W128/><G128/><N who="1" m="49194" /><E110/><V43/><F71/><N who="1" m="27177" /><E47/><N who="2" m="25839" /><F134/><W127/><G127/><T115/><D133/><U104/><E104/><V135/><F135/><W106/><G121/><T86/><D28/><U82/><E82/><V84/><F84/><W90/><G90/><T99/><D86/><U78/><E78/><V9/><F9/><W32/><G32/><T40/><D8/><U94/><E94/><V129/><F129/><W69/><G1/><T91/><D92/><U72/><E72/><V38/><F38/><AGARI ba="0,0" hai="36,37,38,52,53" m="27177,49194,45065" machi="38" ten="40,18000,2" yaku="28,2,19,1,34,2,54,1" doraHai="74" who="1" fromWho="2" sc="203,0,333,180,262,-180,202,0" /><INIT seed="5,1,0,4,4,79" ten="203,513,82,202" oya="1" hai0="70,42,16,129,56,2,34,43,102,44,81,46,55" hai1="31,131,41,22,20,134,97,130,24,19,5,65,76" hai2="127,33,73,48,12,68,101,11,64,74,40,35,21" hai3="54,133,51,114,52,3,61,8,112,47,0,66,124"/><U23/><E41/><N who="0" m="15369" /><D34/><N who="1" m="20839" /><E97/><V32/><F127/><W111/><G111/><T88/><D2/><U49/><E49/><V15/><F101/><W132/><G124/><T100/><D129/><N who="1" m="49163" /><E65/><V82/><F21/><N who="1" m="8297" /><E76/><V123/><F64/><W9/><G66/><T62/><D70/><U38/><E38/><V125/><F68/><W7/><G61/><T118/><D118/><U103/><E103/><N who="0" m="39465" /><D16/><U115/><E5/><V30/><F125/><W6/><REACH who="3" step="1"/><G54/><REACH who="3" ten="203,513,82,192" step="2"/><T85/><AGARI ba="1,1" hai="44,46,55,56,62,81,85,88" m="39465,15369" machi="85" ten="30,4000,0" yaku="8,1,52,1,54,1" doraHai="79" who="0" fromWho="0" sc="203,53,513,-21,82,-11,192,-11" /><INIT seed="6,0,0,4,5,93" ten="256,492,71,181" oya="2" hai0="64,103,82,95,78,31,88,76,28,46,57,0,55" hai1="60,12,42,99,115,101,83,23,39,50,91,72,56" hai2="123,87,98,119,59,79,102,96,44,89,18,1,127" hai3="68,51,45,52,117,54,38,84,16,67,97,71,36"/><V134/><F119/><W29/><G117/><T81/><D0/><U94/><E39/><N who="3" m="14890" /><G16/><T25/><D103/><U113/><E50/><V27/><F123/><W7/><G97/><N who="2" m="37481" /><F1/><W17/><G17/><T106/><D46/><U3/><E3/><V20/><F127/><W11/><G84/><N who="0" m="52615" /><D64/><U5/><E72/><V111/><F134/><W118/><G11/><T108/><D108/><U40/><E113/><V122/><F122/><W129/><G29/><N who="0" m="11339" /><D25/><U125/><E115/><V110/><F79/><N who="0" m="30250" /><D106/><U73/><E23/><V109/><F44/><W43/><G7/><T65/><D65/><U8/><E125/><V10/><F10/><W75/><G75/><T124/><D124/><U6/><E6/><V41/><F41/><W62/><G118/><T77/><D77/><U86/><E73/><V37/><F37/><N who="3" m="21743" /><G129/><T13/><D81/><U80/><E83/><N who="2" m="49407" /><F59/><N who="3" m="33183" /><G54/><AGARI ba="0,0" hai="5,8,12,40,42,54,56,60,80,86,91,94,99,101" machi="54" ten="30,3900,0" yaku="7,1,8,1,52,1" doraHai="93" who="1" fromWho="3" sc="256,0,492,39,71,0,181,-39" /><INIT seed="7,0,0,5,0,12" ten="256,531,71,142" oya="3" hai0="7,121,1,19,36,120,2,54,9,76,78,100,10" hai1="47,85,80,15,49,96,11,127,72,95,3,70,130" hai2="83,40,62,135,67,124,31,132,5,119,60,25,77" hai3="126,104,24,53,90,99,82,113,61,33,122,4,48"/><W103/><G122/><T52/><D36/><U81/><E70/><V102/><F119/><W131/><G113/><T55/><D100/><U17/><E3/><N who="0" m="1033" /><D19/><U22/><E127/><V129/><F124/><W57/><G131/><T18/><D18/><N who="1" m="8575" /><E85/><V21/><F5/><W43/><G126/><T133/><D7/><U63/><E63/><V86/><F129/><W37/><G4/><T110/><D110/><U75/><E72/><V16/><F40/><W88/><G37/><T93/><D93/><U94/><E95/><V13/><F102/><W89/><G82/><T51/><D51/><U20/><E20/><V0/><F0/><W115/><G115/><T106/><D106/><U45/><E75/><V42/><F42/><W74/><G74/><T39/><D39/><U112/><E47/><V109/><F109/><W66/><G43/><T44/><D44/><U111/><E111/><V134/><REACH who="2" step="1"/><F67/><REACH who="2" ten="256,531,61,142" step="2"/><W8/><G8/><AGARI ba="0,1" hai="8,13,16,21,25,31,60,62,77,83,86,132,134,135" machi="8" ten="40,8000,1" yaku="1,1,2,1,20,1,52,1,54,1,53,0" doraHai="12" doraHaiUra="116" who="2" fromWho="3" sc="256,0,531,0,61,90,142,-80" owari="256,5.6,531,63.1,151,-24.9,62,-43.8" /></mjloggm>