<mjloggm ver="2.3"><GO type="169" lobby="0"/><UN n0="%68%61%79%61%74%6F%E2%98%86" n1="%E4%B8%83%E8%8D%89%E9%A6%99%E6%BE%84" n2="%E6%8E%A2%39" n3="%E3%81%8B%E3%82%81%E3%81%98%E3%82%8D%E3%81%86" dan="16,16,17,16" rate="2043.87,2169.15,2159.73,2126.68" sx="M,F,M,M"/><TAIKYOKU oya="0"/><INIT seed="0,0,0,0,1,114" ten="250,250,250,250" oya="0" hai0="28,87,102,31,105,134,76,45,88,91,75,14,51" hai1="103,24,16,21,101,96,90,52,15,47,66,54,126" hai2="74,30,33,85,32,80,67,10,55,36,3,119,122" hai3="97,60,131,71,20,61,95,64,111,93,1,113,46"/><T49/><D134/><U132/><E132/><V109/><F122/><W108/><G113/><T17/><D75/><U29/><E126/><V100/><F100/><N who="1" m="38473" /><E66/><V2/><F67/><W73/><G73/><T98/><D76/><U79/><E79/><V104/><F85/><W34/><G34/><T135/><D135/><U58/><E47/><V57/><F104/><W92/><G1/><T130/><D130/><U77/><E77/><N who="2" m="44087" /><F55/><W84/><G131/><T83/><D91/><U112/><E112/><V5/><F57/><W12/><G46/><T115/><D115/><U18/><E15/><V81/><F81/><W11/><G20/><T26/><D26/><U40/><E40/><V106/><F106/><W120/><G61/><T42/><REACH who="0" step="1"/><D51/><REACH who="0" ten="240,250,250,250" step="2"/><U82/><E90/><V117/><F36/><W39/><G39/><T44/><D44/><U94/><E24/><N who="2" m="18503" /><F109/><N who="3" m="42059" /><G120/><T43/><D43/><U7/><E29/><V121/><F121/><W72/><G72/><T107/><D107/><U23/><E23/><AGARI ba="0,1" hai="14,17,23,28,31,42,45,49,83,87,88,98,102,105" machi="23" ten="30,5800,0" yaku="1,1,7,1,54,1,53,0" doraHai="114" doraHaiUra="128" who="0" fromWho="1" sc="240,68,250,-58,250,0,250,0" /><INIT seed="0,1,0,1,5,40" ten="308,192,250,250" oya="0" hai0="114,70,124,6,117,62,91,99,69,41,39,119,103" hai1="133,50,31,120,80,64,25,108,86,47,58,36,0" hai2="125,42,83,46,78,123,109,68,100,21,74,22,87" hai3="54,76,77,84,27,97,8,45,56,30,98,18,85"/><T19/><D114/><U72/><E120/><V118/><F123/><W63/><G8/><T43/><D124/><U79/><E108/><V81/><F109/><W33/><G18/><T34/><D34/><U112/><E112/><V20/><F125/><W49/><G85/><T14/><D6/><U1/><E133/><V28/><F68/><W121/><G121/><T12/><D91/><U122/><E122/><V129/><F129/><W38/><G38/><T94/><D14/><U92/><E36/><V116/><F100/><W37/><G37/><T65/><D69/><U75/><E64/><V73/><F28/><W126/><G126/><T59/><D70/><U102/><E58/><V131/><F131/><W24/><G24/><T61/><D61/><U135/><E135/><V67/><F67/><W88/><G77/><T95/><D95/><U11/><E102/><V32/><F32/><W113/><G76/><T52/><D65/><U66/><E66/><V127/><F127/><W55/><REACH who="3" step="1"/><G113/><REACH who="3" ten="308,192,250,240" step="2"/><T48/><D39/><U17/><E11/><V15/><F15/><W60/><G60/><T132/><D132/><U13/><E13/><V105/><F83/><AGARI ba="1,1" hai="27,30,33,45,49,54,55,56,63,83,84,88,97,98" machi="83" ten="30,8000,1" yaku="1,1,7,1,52,1,54,1,53,1" doraHai="40" doraHaiUra="44" who="3" fromWho="2" sc="308,0,192,0,250,-83,240,93" /><INIT seed="1,0,0,5,4,43" ten="308,192,167,333" oya="1" hai0="135,123,99,0,129,63,27,30,83,92,58,73,36" hai1="60,117,15,26,46,94,22,97,1,48,85,118,108" hai2="41,96,81,64,14,52,69,34,128,18,106,89,10" hai3="55,111,76,91,114,17,62,16,126,87,84,134,4"/><U11/><E1/><V40/><F34/><W47/><G114/><T21/><D0/><U31/><E108/><V121/><F121/><W132/><G111/><T33/><D129/><U9/><E85/><V20/><F128/><W59/><G126/><T13/><D135/><N who="3" m="51753" /><G4/><T66/><D36/><U109/><E109/><V77/><F64/><W107/><G107/><T113/><D113/><U110/><E110/><V24/><F69/><W124/><G124/><T32/><D123/><U6/><E11/><V51/><F106/><W42/><G76/><T93/><D93/><U35/><E60/><V130/><F130/><W45/><G84/><T54/><D13/><U19/><E94/><N who="2" m="56399" /><F81/><N who="3" m="49647" /><G47/><T78/><REACH who="0" step="1"/><D54/><REACH who="0" ten="298,192,167,333" step="2"/><U7/><E97/><V67/><F67/><W79/><G79/><T98/><D98/><U75/><E118/><V103/><F77/><W71/><G71/><T86/><D86/><U74/><E117/><V56/><F103/><AGARI ba="0,1" hai="21,27,30,32,33,58,63,66,73,78,83,92,99,103" machi="103" ten="30,7700,0" yaku="1,1,7,1,25,2,53,0" doraHai="43" doraHaiUra="133" who="0" fromWho="2" sc="298,87,192,0,167,-77,333,0" /><INIT seed="2,0,0,5,0,6" ten="385,192,90,333" oya="2" hai0="76,79,8,70,69,16,39,10,56,31,2,11,127" hai1="126,44,40,50,61,106,30,64,135,26,84,54,28" hai2="23,119,117,66,122,101,108,60,78,123,27,24,3" hai3="38,81,4,118,58,45,53,128,51,130,46,132,121"/><V80/><F3/><W99/><G118/><T22/><D39/><U21/><E135/><V114/><F101/><W112/><G121/><T111/><D2/><U0/><E126/><V109/><F60/><W17/><G132/><T134/><D134/><U37/><E106/><V85/><F66/><W62/><G112/><T43/><D127/><U68/><E0/><V19/><F27/><W5/><G38/><T25/><D111/><N who="2" m="42570" /><F114/><W52/><G99/><T73/><D73/><U113/><E84/><V87/><F85/><W20/><G81/><T48/><D31/><U65/><E65/><V104/><F104/><W103/><G103/><T77/><REACH who="0" step="1"/><D56/><REACH who="0" ten="375,192,90,333" step="2"/><N who="1" m="32855" /><E113/><V7/><F7/><W89/><G5/><T41/><D41/><U96/><E96/><V47/><F47/><AGARI ba="0,1" hai="8,10,11,16,22,25,43,47,48,69,70,76,77,79" machi="47" ten="40,8000,1" yaku="1,1,52,3,54,1,53,0" doraHai="6" doraHaiUra="82" who="0" fromWho="2" sc="375,90,192,0,90,-80,333,0" /><INIT seed="3,0,0,0,3,94" ten="465,192,10,333" oya="3" hai0="95,28,99,122,37,73,78,67,129,85,31,75,126" hai1="110,2,97,21,119,0,115,105,38,62,23,40,41" hai2="79,39,35,16,32,63,116,51,132,121,124,69,46" hai3="29,133,68,125,8,134,49,84,96,93,130,54,59"/><W120/><G120/><T27/><D122/><U58/><E115/><V10/><F121/><W112/><G112/><T57/><D37/><U20/><E110/><V83/><F116/><W6/><G68/><T114/><D114/><U47/><E119/><V71/><F39/><W100/><G125/><T81/><D31/><U64/><REACH who="1" step="1"/><E41/><REACH who="1" ten="465,182,10,333" step="2"/><V77/><F124/><W25/><G130/><T74/><D129/><U135/><E135/><V128/><F132/><W109/><G109/><T36/><D126/><U87/><E87/><V12/><F128/><W9/><G133/><T88/><D74/><U1/><E1/><V7/><F7/><W111/><G134/><T55/><D73/><U101/><AGARI ba="0,1" hai="0,2,20,21,23,38,40,47,58,62,64,97,101,105" machi="101" ten="30,4000,0" yaku="1,1,0,1,52,1,53,0" doraHai="94" doraHaiUra="13" who="1" fromWho="1" sc="465,-10,182,50,10,-10,333,-20" /><INIT seed="4,0,0,5,4,2" ten="455,232,0,313" oya="0" hai0="125,45,119,123,33,91,16,32,52,78,108,95,69" hai1="9,60,94,82,5,10,111,99,133,39,124,96,127" hai2="65,37,90,3,20,68,24,93,122,115,48,21,50" hai3="30,40,46,47,106,29,77,34,88,19,118,11,134"/><T64/><D119/><U58/><E111/><V131/><F115/><W104/><G118/><T129/><D123/><U18/><E39/><V38/><F122/><W135/><G77/><T74/><D125/><N who="1" m="48203" /><E133/><N who="3" m="50698" /><G88/><T53/><D129/><U81/><E18/><V112/><F3/><W130/><G130/><T97/><D108/><U22/><E22/><V70/><F131/><W8/><G47/><T113/><D113/><U89/><E99/><V13/><F112/><W116/><G116/><T103/><D91/><U126/><N who="1" m="48211" /><U6/><DORA hai="35" /><E10/><N who="3" m="3626" /><G19/><T98/><D98/><U26/><E9/><V36/><F36/><N who="3" m="21767" /><G34/><T41/><D16/><U92/><E92/><V76/><F93/><W54/><G54/><T84/><D32/><U100/><E26/><V86/><F90/><W42/><G42/><T71/><D33/><U85/><E82/><V23/><F23/><W28/><AGARI ba="0,0" hai="28,29,30,104,106" m="21767,3626,50698" machi="28" ten="40,1500,0" yaku="20,1" doraHai="2,35" who="3" fromWho="3" sc="455,-7,232,-4,0,-4,313,15" owari="448,54.8,228,-17.2,-4,-50.4,328,12.8" /></mjloggm>