<mjloggm ver="2.3"><GO type="169" lobby="0"/><UN n0="%E6%99%82%E8%A8%88%E5%9D%82%E9%9B%B6" n1="%E5%8B%9D%E3%81%A1%E7%A2%BA%E3%83%AA%E3%83%BC%E3%83%81" n2="%E3%80%90%E3%83%A1%E3%82%BF%E3%83%A9%E3%83%BC%E3%80%91" n3="%E3%83%8F%E3%83%81%E3%83%A5%E3%83%8A" dan="16,16,17,17" rate="2145.26,2091.31,2125.59,2209.80" sx="M,M,M,M"/><TAIKYOKU oya="0"/><INIT seed="0,0,0,3,1,79" ten="250,250,250,250" oya="0" hai0="55,105,72,87,107,85,52,21,125,110,49,94,43" hai1="24,93,57,46,96,2,36,122,9,23,12,42,88" hai2="123,82,104,20,7,22,5,70,120,74,41,69,76" hai3="30,51,6,53,35,34,61,44,134,124,81,15,32"/><T10/><D72/><U114/><E122/><V119/><F119/><W56/><G134/><T38/><D38/><U117/><E117/><V101/><F41/><W28/><G124/><T75/><D75/><U121/><E121/><V83/><F74/><W39/><G39/><T26/><D125/><U71/><E71/><V89/><F89/><W127/><G127/><T1/><D43/><U16/><E2/><V84/><F84/><W108/><G108/><T111/><D55/><U135/><E135/><V133/><F76/><W40/><REACH who="3" step="1"/><G81/><REACH who="3" ten="250,250,250,240" step="2"/><T27/><D111/><U3/><E114/><V90/><F133/><W45/><G45/><T113/><D110/><U99/><E3/><V54/><F90/><W50/><G50/><T128/><D113/><U37/><E37/><V18/><F101/><W64/><G64/><T130/><D49/><U91/><E91/><V8/><F123/><W129/><G129/><T66/><D66/><U92/><E99/><V13/><F120/><W131/><G131/><T106/><D128/><U68/><E96/><V100/><F100/><W116/><G116/><T103/><D130/><U65/><E88/><V48/><F48/><W73/><G73/><T115/><D115/><U102/><E102/><V97/><F97/><W19/><G19/><T109/><D109/><U67/><E67/><V11/><F18/><W63/><G63/><T62/><D62/><N who="1" m="38095" /><E68/><V98/><F98/><W47/><G47/><T86/><D103/><U29/><E29/><V132/><F132/><W78/><G78/><T14/><D106/><U0/><E0/><V80/><F104/><RYUUKYOKU ba="0,1" sc="250,-15,250,15,250,-15,240,15" hai1="9,12,16,23,24,36,42,46,92,93" hai3="6,15,28,30,32,34,35,40,44,51,53,56,61" /><INIT seed="1,1,1,4,3,118" ten="235,265,235,255" oya="1" hai0="30,125,51,79,83,131,9,86,39,42,16,50,59" hai1="101,1,6,103,87,22,18,92,110,107,75,78,2" hai2="20,38,5,91,134,77,69,48,72,10,27,113,117" hai3="89,99,133,33,84,8,82,17,24,135,58,43,114"/><U68/><E107/><V31/><F117/><W106/><G114/><T64/><D125/><U97/><E68/><V70/><F134/><N who="3" m="51211" /><G43/><T4/><D131/><U57/><E75/><V37/><F113/><W130/><G130/><T95/><D39/><U62/><E103/><V88/><F38/><W12/><G58/><T52/><D30/><U65/><E6/><V29/><F37/><W104/><G99/><T55/><D64/><U0/><E110/><V76/><F31/><AGARI ba="1,1" hai="8,12,17,24,31,33,82,84,89,104,106" m="51211" machi="31" ten="30,1000,0" yaku="20,1" doraHai="118" who="3" fromWho="2" sc="235,0,265,0,235,-13,255,23" /><INIT seed="2,0,0,0,5,35" ten="235,265,222,278" oya="2" hai0="109,12,30,61,96,89,65,118,6,48,13,31,24" hai1="95,44,71,53,88,67,113,57,131,52,54,117,0" hai2="42,105,46,82,70,119,3,9,100,5,37,111,78" hai3="107,33,81,86,74,114,32,106,103,72,19,22,2"/><V38/><F119/><W11/><G114/><T134/><D109/><U16/><E113/><V110/><F70/><W122/><G122/><T49/><D134/><U63/><E117/><V10/><F10/><W124/><G124/><T79/><D79/><U97/><E0/><V75/><F38/><W101/><G72/><T28/><D118/><U7/><E7/><V59/><F59/><W62/><G74/><T27/><D6/><U39/><E131/><V23/><F23/><W102/><G62/><T80/><D61/><U66/><E66/><V1/><F1/><W68/><G68/><T130/><D65/><U116/><E116/><V115/><F115/><W51/><G51/><N who="0" m="19531" /><D130/><U4/><E4/><V50/><F50/><W104/><G2/><T99/><D80/><U25/><E39/><V20/><F20/><W36/><G36/><T123/><D123/><U41/><E41/><V84/><F84/><W121/><G121/><T56/><D56/><U125/><E125/><V29/><F29/><W129/><G129/><T47/><D47/><U132/><E132/><V108/><F100/><W17/><G11/><T85/><D85/><U76/><E76/><V135/><F105/><W26/><REACH who="3" step="1"/><G19/><REACH who="3" ten="235,265,222,268" step="2"/><T60/><D60/><U98/><E71/><V8/><F8/><W45/><G45/><T90/><D30/><U40/><E44/><V58/><F58/><W77/><AGARI ba="0,1" hai="17,22,26,32,33,77,81,86,101,102,103,104,106,107" machi="77" ten="40,2700,0" yaku="1,1,0,1,53,0" doraHai="35" doraHaiUra="133" who="3" fromWho="3" sc="235,-7,265,-7,222,-13,268,37" /><INIT seed="3,0,0,4,2,101" ten="228,258,209,305" oya="3" hai0="26,90,0,97,19,12,125,98,25,6,16,45,33" hai1="67,93,23,49,48,59,27,116,66,15,131,100,11" hai2="78,71,31,132,24,85,79,135,81,89,52,107,109" hai3="103,57,20,120,122,42,50,106,35,124,13,104,95"/><W113/><G113/><T28/><D125/><U92/><E131/><V39/><F39/><W56/><G35/><T123/><D123/><U32/><E32/><V127/><F71/><W69/><G69/><T128/><D128/><U77/><E77/><V117/><F117/><W34/><G34/><T70/><D70/><U94/><E116/><V18/><F18/><W3/><G3/><T80/><D45/><U1/><E1/><V99/><F127/><W108/><G124/><T54/><D54/><N who="1" m="32199" /><E49/><V87/><F109/><W68/><G68/><T21/><D80/><U111/><E100/><N who="2" m="62879" /><F52/><W64/><G108/><T10/><REACH who="0" step="1"/><D90/><REACH who="0" ten="218,258,209,305" step="2"/><U88/><E88/><N who="2" m="51247" /><F31/><W63/><G120/><T115/><D115/><U51/><E111/><V105/><F105/><W40/><G122/><T22/><AGARI ba="0,1" hai="0,6,10,12,16,19,21,22,25,26,28,33,97,98" machi="22" ten="20,12000,2" yaku="1,1,0,1,7,1,24,2,54,1,53,0" doraHai="101" doraHaiUra="55" who="0" fromWho="0" sc="218,130,258,-30,209,-30,305,-60" /><INIT seed="4,0,0,1,1,111" ten="348,228,179,245" oya="0" hai0="129,100,75,96,18,20,105,63,134,117,104,124,39" hai1="101,56,44,77,84,116,61,70,26,38,22,99,71" hai2="85,97,57,51,8,43,49,103,37,98,91,3,55" hai3="10,107,60,11,32,88,90,58,66,34,73,114,87"/><T74/><D39/><U15/><E116/><V42/><F37/><W131/><G73/><T80/><D117/><U2/><E2/><V121/><F121/><W122/><G131/><T5/><D5/><U14/><E71/><V132/><F132/><W125/><G125/><T6/><D6/><U33/><E70/><V68/><F68/><W127/><G127/><T16/><D124/><U119/><E33/><V79/><F79/><W48/><G107/><T72/><D134/><U41/><E119/><V59/><F3/><W13/><G122/><T95/><D129/><U53/><E77/><V133/><F8/><W78/><G10/><T109/><D109/><U17/><REACH who="1" step="1"/><E84/><REACH who="1" ten="348,218,179,245" step="2"/><V108/><F133/><W9/><G34/><T69/><D69/><U86/><E86/><V23/><F108/><W47/><G32/><T62/><D74/><U128/><E128/><V93/><F85/><W27/><G87/><T54/><D72/><U50/><E50/><V4/><F51/><W110/><G48/><T94/><D75/><U83/><E83/><V123/><F49/><W112/><G78/><T12/><D80/><U28/><E28/><V46/><F123/><W45/><G110/><T113/><D62/><U1/><E1/><V19/><F43/><W31/><G31/><T65/><D63/><U92/><AGARI ba="0,1" hai="14,15,17,22,26,38,41,44,53,56,61,92,99,101" machi="92" ten="20,2700,0" yaku="1,1,0,1,7,1,53,0" doraHai="111" doraHaiUra="0" who="1" fromWho="1" sc="348,-13,218,37,179,-7,245,-7" /><INIT seed="5,0,0,4,1,20" ten="335,255,172,238" oya="1" hai0="118,110,112,66,37,11,111,79,42,41,73,32,51" hai1="21,124,80,56,90,122,115,4,57,71,133,25,86" hai2="117,49,44,109,45,92,58,27,131,47,107,123,61" hai3="17,9,68,132,62,19,33,96,43,108,106,6,98"/><U1/><E122/><V64/><F107/><W50/><G108/><T95/><D118/><U12/><E115/><V30/><F117/><W14/><G132/><T120/><D112/><U87/><E133/><V48/><F109/><W101/><G33/><T53/><D120/><U84/><E71/><V76/><F123/><W75/><G75/><T114/><D114/><U40/><E40/><V113/><F113/><W100/><G43/><T8/><D32/><U55/><E1/><V31/><F31/><W126/><G126/><T2/><D95/><U83/><E124/><V77/><F131/><W15/><G50/><T13/><D66/><U128/><E128/><V102/><F49/><W74/><G74/><T28/><D28/><U38/><E38/><V134/><F48/><W34/><G34/><T5/><D42/><U72/><E72/><V94/><F134/><W125/><G125/><T85/><D85/><N who="1" m="32875" /><E55/><V63/><F63/><W129/><G129/><T78/><D78/><U46/><E80/><V7/><F7/><W105/><G15/><T60/><D60/><U65/><E65/><AGARI ba="0,0" hai="6,9,14,17,19,62,65,68,96,98,100,101,105,106" machi="65" ten="40,1300,0" yaku="9,1" doraHai="20" who="3" fromWho="1" sc="335,0,255,-13,172,0,238,13" /><INIT seed="6,0,0,2,1,103" ten="335,242,172,251" oya="2" hai0="134,120,133,30,124,85,61,50,59,42,62,96,44" hai1="33,87,117,76,94,100,79,114,115,112,21,37,35" hai2="49,63,131,4,110,65,122,32,68,54,40,27,55" hai3="1,16,18,93,77,71,3,92,108,82,23,67,78"/><V5/><F122/><W20/><G108/><T130/><D120/><U28/><E117/><V17/><F131/><W83/><REACH who="3" step="1"/><G67/><REACH who="3" ten="335,242,172,241" step="2"/><N who="0" m="39359" /><D133/><U106/><E114/><V12/><F110/><W14/><G14/><T45/><D134/><U9/><E115/><V89/><F40/><W69/><AGARI ba="0,1" hai="1,3,16,18,20,23,69,71,77,78,82,83,92,93" machi="69" ten="25,8000,1" yaku="1,1,0,1,22,2,54,1,53,0" doraHai="103" doraHaiUra="107" who="3" fromWho="3" sc="335,-20,242,-20,172,-40,241,90" /><INIT seed="7,0,0,3,0,0" ten="315,222,132,331" oya="3" hai0="15,102,87,100,35,49,48,124,13,122,125,103,90" hai1="135,118,52,2,83,10,38,72,63,45,23,77,53" hai2="58,129,101,12,6,51,89,85,43,69,56,57,98" hai3="97,3,70,134,22,4,31,133,17,110,95,11,94"/><W111/><G31/><T44/><D35/><U112/><E112/><V41/><F69/><W14/><G70/><T37/><D37/><U42/><E135/><N who="3" m="51722" /><G95/><T117/><D117/><U73/><E73/><V80/><F129/><W71/><G71/><T54/><D122/><U36/><E36/><V59/><N who="2" m="14336" /><DORA hai="66" /><V74/><F74/><W21/><G21/><T119/><D119/><U114/><E114/><V61/><F61/><W108/><G108/><T99/><D99/><U47/><E63/><V127/><F127/><N who="0" m="48714" /><D48/><U7/><E118/><V82/><F82/><W64/><G64/><T68/><D68/><U92/><E92/><V16/><F6/><W75/><G75/><T30/><D30/><U104/><E104/><V128/><F128/><W8/><G8/><T1/><D1/><U86/><E47/><V29/><F29/><W50/><G50/><T39/><D39/><U126/><E126/><V55/><F101/><AGARI ba="0,0" hai="3,4,11,14,17,22,94,97,101,110,111" m="51722" machi="101" ten="30,2900,0" yaku="20,1,52,1" doraHai="0,66" who="3" fromWho="2" sc="315,0,222,0,132,-29,331,29" owari="315,11.5,222,-17.8,103,-39.7,360,46.0" /></mjloggm>