<mjloggm ver="2.3"><GO type="169" lobby="0"/><UN n0="%E3%81%97%E3%82%89%E3%81%99%EF%BC%A1" n1="%E3%81%A5%E3%81%8B%E5%AD%90" n2="%4E%45%49%6E%73%6F" n3="%6D%62%72%63%68%61%6E" dan="16,16,16,16" rate="2128.82,2151.34,2048.80,2132.76" sx="M,M,M,M"/><TAIKYOKU oya="0"/><INIT seed="0,0,0,3,2,24" ten="250,250,250,250" oya="0" hai0="55,45,64,116,102,23,22,71,105,29,119,65,84" hai1="30,43,62,32,63,53,94,4,133,39,46,56,80" hai2="74,17,120,60,72,124,101,18,135,14,108,57,73" hai3="33,97,98,75,132,0,58,121,40,11,92,20,100"/><T70/><D105/><U67/><E133/><V129/><F120/><W44/><G33/><T21/><D102/><U36/><E4/><V87/><F135/><W113/><G113/><T51/><D84/><U3/><E3/><V134/><F134/><W1/><G121/><T117/><REACH who="0" step="1"/><D29/><REACH who="0" ten="240,250,250,250" step="2"/><U38/><E30/><V19/><F101/><W114/><G132/><T48/><D48/><N who="1" m="28823" /><E32/><V112/><F87/><W68/><G100/><T59/><D59/><N who="1" m="37343" /><E94/><V52/><F72/><W126/><G92/><T28/><D28/><U49/><E80/><V104/><F104/><W106/><G75/><T93/><D93/><U88/><E49/><V109/><F73/><W8/><G106/><T127/><D127/><U13/><E36/><V131/><F74/><W81/><G81/><T76/><D76/><U37/><E88/><V115/><F124/><W27/><G126/><T42/><D42/><U5/><E39/><V123/><F123/><W82/><G82/><T122/><D122/><U128/><E38/><V83/><F83/><W95/><G95/><T90/><BYE who="3" /><D90/><U16/><E37/><V41/><F41/><W10/><G10/><T118/><N who="0" m="29696" /><DORA hai="99" /><T26/><D26/><U103/><E43/><V86/><F86/><W2/><G2/><T61/><D61/><U9/><E103/><V77/><F77/><UN n3="%6D%62%72%63%68%61%6E" /><W47/><G40/><T91/><D91/><U34/><E34/><V50/><F50/><W15/><G1/><T54/><D54/><U66/><E56/><V6/><BYE who="3" /><F112/><W107/><G107/><T12/><D12/><UN n3="%6D%62%72%63%68%61%6E" /><U85/><E63/><V31/><F115/><RYUUKYOKU ba="0,1" sc="240,30,250,-10,250,-10,250,-10" hai0="21,22,23,45,51,55,64,65,70,71" /><INIT seed="0,1,1,3,1,86" ten="270,240,240,240" oya="0" hai0="21,32,66,116,127,131,74,1,89,108,98,95,129" hai1="80,23,7,59,91,82,78,106,93,81,102,40,34" hai2="112,43,63,45,36,33,41,105,128,20,42,123,87" hai3="11,92,133,28,90,85,72,83,24,119,60,94,114"/><T124/><D116/><U39/><E34/><V53/><F33/><W134/><G114/><T3/><D32/><U115/><E7/><V126/><F112/><W71/><G119/><T37/><D37/><U13/><E115/><V97/><F123/><W19/><G72/><T57/><D74/><U79/><E59/><V17/><F128/><N who="0" m="49226" /><D21/><U4/><E106/><V49/><F126/><N who="0" m="48170" /><D108/><U111/><E111/><V104/><F36/><W2/><G71/><T35/><D35/><U76/><E102/><V22/><F22/><W27/><G28/><T88/><D89/><U52/><E23/><V56/><F20/><W135/><G60/><AGARI ba="1,1" hai="1,3,57,60,66,88,95,98" m="48170,49226" machi="60" ten="30,11600,0" yaku="19,1,18,1,52,1,54,1" doraHai="86" who="0" fromWho="3" sc="270,129,240,0,240,0,240,-119" /><INIT seed="0,2,0,0,2,133" ten="399,240,240,121" oya="0" hai0="51,22,104,39,105,83,134,100,110,98,45,74,20" hai1="112,57,77,8,79,103,95,126,101,75,106,37,59" hai2="60,53,97,118,42,27,116,26,13,25,17,70,71" hai3="96,109,7,33,23,122,49,21,129,125,78,9,14"/><T29/><D134/><U64/><E37/><V76/><F42/><W3/><G109/><T54/><D110/><U69/><E69/><V32/><F32/><W117/><G117/><N who="2" m="45161" /><F76/><W114/><G114/><T80/><D104/><U35/><E95/><V12/><F97/><W48/><G129/><T89/><D39/><U52/><E57/><N who="2" m="34863" /><F12/><W87/><G122/><T85/><D29/><U47/><E79/><V135/><F135/><W30/><G96/><T123/><D123/><U113/><E77/><V50/><F50/><W11/><G49/><T94/><D83/><U127/><E35/><V99/><F99/><W93/><G48/><T0/><D0/><U4/><E75/><V28/><F28/><W2/><G78/><AGARI ba="2,0" hai="20,22,45,51,54,74,78,80,85,89,94,98,100,105" machi="78" ten="40,3900,0" yaku="24,2" doraHai="133" who="0" fromWho="3" sc="399,45,240,0,240,0,121,-45" /><INIT seed="0,3,0,3,5,105" ten="444,240,240,76" oya="0" hai0="134,65,37,20,16,23,100,121,30,106,17,12,53" hai1="64,52,89,54,108,123,76,11,49,130,18,75,0" hai2="87,6,135,7,48,86,59,51,122,83,31,42,70" hai3="73,29,24,46,44,32,127,115,28,50,125,109,113"/><T107/><D121/><U21/><E123/><V118/><F122/><W34/><G109/><T10/><D134/><U101/><E130/><V124/><F70/><W114/><G50/><T71/><D37/><U22/><E108/><V110/><F110/><W117/><G117/><T38/><D38/><U35/><E35/><N who="3" m="13354" /><G24/><T129/><D129/><U4/><E101/><V33/><F135/><W116/><G116/><T67/><D30/><N who="3" m="11881" /><G73/><T111/><D111/><U128/><E128/><V40/><F118/><W102/><G102/><T25/><D100/><U41/><E64/><V119/><F119/><W43/><G43/><T63/><D67/><U132/><E132/><V120/><F120/><W1/><G1/><T60/><D23/><U81/><E89/><V84/><F31/><W66/><G66/><T5/><REACH who="0" step="1"/><D17/><REACH who="0" ten="434,240,240,76" step="2"/><U91/><E22/><V103/><F33/><W97/><G97/><T3/><D3/><U95/><E21/><V133/><F103/><W74/><G74/><T78/><D78/><U56/><E18/><V80/><F133/><W98/><G98/><T126/><D126/><AGARI ba="3,1" hai="44,46,113,114,115,125,126,127" m="11881,13354" machi="126" ten="40,5200,0" yaku="28,2,18,1" doraHai="105" who="3" fromWho="0" sc="434,-61,240,0,240,0,76,71" /><INIT seed="1,0,0,0,5,128" ten="373,240,240,147" oya="1" hai0="16,94,12,25,28,129,91,41,30,115,57,74,101" hai1="73,69,119,0,85,82,84,58,135,89,70,48,118" hai2="26,44,31,24,117,108,29,43,37,123,126,20,88" hai3="64,106,47,120,40,133,13,125,80,18,35,124,56"/><U90/><E0/><V111/><F117/><W15/><G120/><T19/><D115/><U67/><E73/><V102/><F123/><W122/><G122/><T131/><D74/><U92/><E135/><V87/><F126/><W95/><G106/><T114/><D101/><U1/><E1/><V100/><F108/><W107/><G107/><T109/><D109/><U62/><REACH who="1" step="1"/><E48/><REACH who="1" ten="373,230,240,147" step="2"/><V99/><F111/><W121/><G133/><T23/><D131/><U50/><E50/><V3/><F3/><W39/><G121/><T8/><D129/><U61/><E61/><V130/><F130/><W33/><G125/><T63/><D114/><U71/><AGARI ba="0,1" hai="58,62,67,69,70,71,82,84,85,89,90,92,118,119" machi="71" ten="30,3000,0" yaku="1,1,0,1,53,0" doraHai="128" doraHaiUra="10" who="1" fromWho="1" sc="373,-10,230,40,240,-10,147,-10" /><INIT seed="1,1,0,5,0,69" ten="363,270,230,137" oya="1" hai0="23,107,56,67,39,53,74,31,46,62,24,88,2" hai1="34,72,94,70,98,131,60,82,54,117,33,106,48" hai2="101,116,15,115,90,132,120,121,28,47,16,40,77" hai3="6,128,14,45,68,112,11,4,97,126,21,127,113"/><U93/><E117/><V85/><F116/><W73/><G73/><T92/><D74/><U91/><E106/><V37/><F132/><W95/><G68/><T103/><D2/><U65/><E131/><V63/><F115/><W100/><G128/><T133/><D107/><U9/><E9/><V57/><F28/><W64/><G64/><T8/><D133/><U7/><E7/><V44/><F77/><W52/><G6/><T99/><D8/><U17/><E17/><V35/><F101/><W42/><G21/><T38/><D88/><U83/><E94/><V25/><F47/><W89/><G100/><T66/><D46/><U75/><E72/><V79/><F79/><W20/><G20/><T130/><D130/><U81/><REACH who="1" step="1"/><E75/><REACH who="1" ten="363,260,230,137" step="2"/><V50/><F120/><W12/><G113/><T41/><D92/><U49/><E49/><V134/><F121/><W51/><G112/><T55/><D38/><U109/><E109/><V78/><F37/><W32/><G32/><T96/><D39/><U1/><E1/><V119/><F119/><W84/><G14/><T135/><D135/><U58/><AGARI ba="1,1" hai="33,34,48,54,58,60,65,70,81,82,83,91,93,98" machi="58" ten="30,3000,0" yaku="1,1,0,1,53,0" doraHai="69" doraHaiUra="110" who="1" fromWho="1" sc="363,-11,260,43,230,-11,137,-11" /><INIT seed="1,2,0,2,2,93" ten="352,303,219,126" oya="1" hai0="117,101,55,71,73,4,67,46,6,120,94,98,78" hai1="62,47,61,124,134,40,29,84,3,90,95,28,1" hai2="21,11,128,96,54,86,81,17,135,27,70,8,91" hai3="24,68,122,35,51,133,111,23,58,80,105,52,104"/><U113/><E113/><V20/><F70/><W69/><G122/><T115/><D117/><U102/><E124/><V31/><F128/><W123/><G123/><T82/><D115/><U89/><E102/><V109/><F109/><W14/><G111/><T127/><D120/><U79/><E79/><V34/><F135/><W72/><G133/><T26/><D127/><U119/><E119/><V88/><F34/><W92/><G35/><T74/><D74/><U44/><E134/><V131/><F131/><W48/><G14/><T22/><D67/><U129/><E129/><V85/><F54/><W87/><G72/><T130/><D71/><U112/><E112/><V77/><F77/><W50/><G69/><T100/><D100/><U76/><E76/><V107/><F107/><W97/><G68/><T49/><REACH who="0" step="1"/><D130/><REACH who="0" ten="342,303,219,126" step="2"/><U64/><E64/><V38/><F38/><W83/><G105/><T39/><D39/><U10/><E1/><V65/><F65/><W126/><G104/><T57/><D57/><U45/><E3/><V5/><F5/><W63/><G126/><T60/><D60/><U106/><E62/><V12/><REACH who="2" step="1"/><F96/><REACH who="2" ten="342,303,209,126" step="2"/><W41/><G41/><T116/><D116/><U108/><E108/><V13/><F13/><W15/><G15/><T103/><D103/><U32/><E40/><V19/><F19/><AGARI ba="2,2" hai="4,6,19,22,26,46,49,55,73,78,82,94,98,101" machi="19" ten="30,7700,0" yaku="1,1,7,1,52,1,53,1" doraHai="93" doraHaiUra="99" who="0" fromWho="2" sc="342,103,303,0,209,-83,126,0" /><INIT seed="2,0,0,4,4,46" ten="445,303,126,126" oya="2" hai0="105,38,61,60,35,37,80,63,19,17,5,6,102" hai1="30,96,51,39,120,32,26,58,72,132,84,114,93" hai2="83,119,95,117,79,57,103,3,41,107,118,112,47" hai3="67,8,23,27,52,64,24,98,127,21,116,94,50"/><V76/><F112/><W113/><G116/><T75/><D35/><U78/><E39/><V10/><F107/><W125/><G113/><T82/><D102/><U122/><E114/><V13/><F3/><W106/><G8/><T74/><REACH who="0" step="1"/><D61/><REACH who="0" ten="435,303,126,126" step="2"/><U62/><E62/><V128/><F103/><N who="3" m="60887" /><G127/><T121/><D121/><U15/><E32/><V48/><F117/><W115/><G125/><T109/><D109/><U9/><E120/><V49/><F118/><W77/><G115/><T44/><D44/><U18/><E122/><V25/><F119/><W69/><G106/><AGARI ba="0,1" hai="5,6,17,19,37,38,60,63,74,75,80,82,105,106" machi="106" ten="25,8000,1" yaku="1,1,22,2,53,2" doraHai="46" doraHaiUra="101" who="0" fromWho="3" sc="435,90,303,0,126,0,126,-80" /><INIT seed="3,0,0,5,3,122" ten="525,303,126,46" oya="3" hai0="93,44,50,30,56,52,37,106,29,24,39,61,1" hai1="63,113,88,15,135,69,103,109,130,20,66,33,34" hai2="97,91,21,131,81,76,64,119,133,115,80,60,22" hai3="35,55,95,11,84,7,65,47,92,58,77,74,6"/><W25/><G74/><T96/><D1/><U116/><E130/><V16/><F115/><W17/><G65/><T12/><D12/><U102/><E113/><V127/><F119/><W101/><G47/><T8/><D8/><U32/><E135/><V99/><F131/><W18/><G7/><T71/><D106/><U49/><E116/><V70/><F133/><W57/><G57/><T75/><D75/><U129/><E129/><V94/><F127/><W120/><G120/><T73/><D73/><U110/><E49/><V82/><F22/><W14/><G35/><T2/><D2/><U107/><E107/><V108/><F99/><N who="3" m="59623" /><G25/><T38/><D71/><U26/><E15/><V132/><F132/><W10/><G10/><T111/><D24/><U114/><E88/><V112/><F112/><W123/><G123/><T43/><D30/><U79/><E79/><V72/><REACH who="2" step="1"/><F108/><REACH who="2" ten="525,303,116,46" step="2"/><N who="1" m="41577" /><E114/><V68/><F68/><W98/><G77/><T45/><D111/><U23/><E23/><V86/><F86/><W118/><G84/><T105/><D96/><U67/><E66/><V42/><F42/><W53/><G118/><T62/><D43/><U117/><E117/><V85/><F85/><W13/><G55/><T40/><D52/><U128/><E128/><V100/><F100/><N who="3" m="60511" /><G14/><AGARI ba="0,1" hai="14,16,21,60,64,70,72,76,80,81,82,91,94,97" machi="14" ten="30,3900,0" yaku="1,1,7,1,54,1,53,0" doraHai="122" doraHaiUra="41" who="2" fromWho="3" sc="525,0,303,0,116,49,46,-39" /><INIT seed="4,0,0,3,3,34" ten="525,303,165,7" oya="0" hai0="105,6,72,133,17,5,14,79,87,23,59,63,29" hai1="61,15,4,3,110,65,1,19,111,91,98,38,40" hai2="121,123,94,25,20,54,129,84,83,112,64,33,43" hai3="122,92,27,46,106,51,44,82,114,50,60,13,77"/><T134/><D105/><U8/><E38/><V101/><F33/><W102/><G106/><T90/><D79/><U52/><E40/><V97/><F112/><W130/><G114/><T115/><D29/><U93/><E52/><V127/><F127/><W125/><G125/><T42/><D72/><U9/><E1/><V108/><F108/><W10/><G130/><T70/><D70/><AGARI ba="0,0" hai="3,4,8,9,15,19,61,65,70,91,93,98,110,111" machi="70" ten="30,2000,0" yaku="7,1,52,1" doraHai="34" who="1" fromWho="0" sc="525,-20,303,20,165,0,7,0" /><INIT seed="5,0,0,0,1,76" ten="505,323,165,7" oya="1" hai0="47,132,105,130,66,86,87,58,69,80,1,99,62" hai1="117,67,17,5,96,26,128,109,127,119,114,48,65" hai2="73,135,33,37,100,32,64,29,113,89,36,45,124" hai3="50,91,107,6,97,92,101,103,43,35,52,94,81"/><U93/><E114/><V42/><F124/><W129/><G35/><T131/><D1/><U11/><E128/><N who="0" m="49193" /><D132/><U110/><E127/><V134/><F73/><W74/><G129/><T123/><D123/><U19/><E48/><V41/><F113/><W118/><G43/><T126/><D86/><U56/><E119/><V122/><F100/><W0/><G118/><T22/><D22/><U78/><E78/><V121/><F64/><N who="1" m="24649" /><E56/><V21/><F21/><W20/><G20/><T24/><D47/><U63/><E63/><V53/><F53/><W115/><G115/><T39/><D39/><U98/><E26/><V4/><F45/><N who="3" m="27727" /><G0/><T2/><D24/><U79/><E79/><V59/><F59/><W77/><G6/><T84/><D2/><U10/><E117/><V25/><F25/><W108/><G108/><N who="1" m="41578" /><E11/><V27/><F27/><W44/><G44/><T112/><D112/><U82/><E82/><V12/><F36/><W88/><G107/><T83/><D58/><U61/><E61/><V49/><F37/><W15/><G15/><T55/><D126/><U28/><E28/><V14/><F29/><W34/><G34/><T72/><D66/><U104/><E104/><V9/><F9/><W23/><G23/><T111/><D111/><U40/><E40/><V116/><F116/><W90/><G97/><N who="1" m="37482" /><E93/><N who="3" m="35946" /><G74/><T54/><D72/><U3/><AGARI ba="0,0" hai="3,5,10,17,19" m="37482,41578,24649" machi="3" ten="30,1500,0" yaku="10,1" doraHai="76" who="1" fromWho="1" sc="505,-5,323,15,165,-5,7,-5" /><INIT seed="5,1,0,3,5,102" ten="500,338,160,2" oya="1" hai0="104,50,21,66,112,100,115,31,43,134,60,85,46" hai1="108,56,24,18,88,116,117,26,28,122,73,23,101" hai2="67,121,113,32,3,110,89,13,118,80,44,16,111" hai3="51,57,65,133,52,103,58,126,30,54,35,5,94"/><U127/><E73/><V6/><F118/><W45/><G5/><T106/><D134/><U128/><E122/><V109/><F121/><W107/><G133/><T81/><D100/><U83/><E128/><V84/><F32/><W92/><G126/><T77/><D21/><U4/><E127/><V90/><F113/><N who="0" m="43594" /><D31/><U11/><E56/><AGARI ba="1,0" hai="43,46,50,56,60,66,77,81,85,104,106" m="43594" machi="56" ten="30,3900,0" yaku="15,1,52,2" doraHai="102" who="0" fromWho="1" sc="500,42,338,-42,160,0,2,0" /><INIT seed="6,0,0,4,3,130" ten="542,296,160,2" oya="2" hai0="95,131,7,64,118,119,93,27,32,83,97,111,57" hai1="103,73,89,101,29,66,133,59,110,87,17,38,77" hai2="71,96,105,13,48,116,50,80,15,92,42,85,114" hai3="30,3,9,86,76,117,68,81,90,4,132,134,61"/><V44/><F116/><N who="0" m="44586" /><D111/><U14/><E110/><V23/><F105/><W91/><G117/><T10/><D83/><U79/><E38/><V120/><F120/><W107/><G107/><T60/><D131/><U53/><E133/><N who="3" m="51306" /><G30/><N who="0" m="19551" /><D97/><U39/><E66/><AGARI ba="0,0" hai="3,4,9,61,66,68,76,81,86,90,91" m="51306" machi="66" ten="30,7700,0" yaku="20,1,52,3" doraHai="130" who="3" fromWho="1" sc="542,0,296,-77,160,0,2,77" /><INIT seed="7,0,0,5,3,63" ten="542,219,160,79" oya="3" hai0="18,72,76,88,86,122,17,120,104,75,105,16,129" hai1="128,49,56,79,43,6,9,77,115,42,132,70,102" hai2="36,5,81,108,15,59,90,50,130,40,14,116,127" hai3="2,26,100,48,84,47,114,65,107,24,38,55,121"/><W57/><G121/><T60/><D129/><U71/><E102/><V41/><F108/><W58/><G2/><T29/><D29/><U93/><E115/><V22/><F116/><W123/><G123/><T96/><D60/><U64/><E132/><V89/><F36/><W135/><G135/><T80/><D75/><U45/><E43/><N who="2" m="16459" /><F130/><W11/><G114/><T134/><D104/><U51/><E93/><V20/><F127/><W35/><G38/><T91/><D91/><N who="2" m="34826" /><F81/><W117/><G117/><T113/><D113/><U87/><E87/><V33/><F33/><W99/><G84/><T124/><D124/><U110/><E110/><V8/><F14/><W21/><G11/><T12/><D12/><U78/><E128/><V0/><F0/><W61/><G35/><T30/><D30/><U94/><E94/><V97/><F97/><W85/><G85/><T133/><D134/><U83/><E83/><V98/><F98/><W54/><REACH who="3" step="1"/><G21/><REACH who="3" ten="542,219,160,69" step="2"/><T23/><D23/><U118/><E118/><V119/><F119/><W68/><G68/><T103/><D133/><U112/><E112/><V37/><F37/><W109/><G109/><T52/><D120/><U67/><E71/><V95/><F22/><W106/><G106/><T39/><D39/><U126/><E70/><V34/><F20/><W19/><G19/><T73/><D122/><U69/><E69/><V27/><F34/><W92/><G92/><N who="0" m="54295" /><D73/><U53/><E126/><V7/><F95/><W1/><G1/><T101/><D101/><U32/><E32/><V13/><F8/><W125/><G125/><T46/><D17/><RYUUKYOKU ba="0,1" sc="542,10,219,10,160,-30,69,10" hai0="16,18,46,52,72,76,80,96,103,105" hai1="6,9,42,45,49,51,53,56,64,67,77,78,79" hai3="24,26,47,48,54,55,57,58,61,65,99,100,107" /><INIT seed="7,1,1,3,4,99" ten="552,229,130,79" oya="3" hai0="67,128,14,127,25,95,36,104,19,48,29,42,94" hai1="83,8,108,31,121,105,75,113,10,118,53,20,11" hai2="54,64,111,88,9,62,123,101,82,16,2,107,33" hai3="100,89,49,132,116,98,7,32,87,50,47,23,34"/><W102/><G116/><T85/><D104/><U41/><E108/><V72/><F111/><W22/><G7/><T119/><D119/><U135/><E121/><V61/><F33/><W51/><G132/><T68/><D36/><U24/><E118/><V65/><F123/><W131/><G131/><T60/><D128/><U28/><E113/><V134/><F134/><W86/><G47/><T46/><D127/><U73/><E105/><V103/><F107/><W97/><G51/><T66/><D66/><U13/><E41/><V112/><F112/><W0/><G89/><T133/><D85/><U129/><E129/><V55/><F72/><W1/><AGARI ba="1,1" hai="0,1,22,23,32,34,49,50,86,87,97,98,100,102" machi="1" ten="25,12000,1" yaku="0,1,22,2,52,2" doraHai="99" who="3" fromWho="3" sc="552,-41,229,-41,130,-41,79,133" /><INIT seed="7,2,0,2,0,131" ten="511,188,89,212" oya="3" hai0="132,52,8,91,122,90,34,95,19,5,86,108,84" hai1="88,42,63,107,76,23,4,62,41,79,14,68,10" hai2="28,21,96,104,111,7,39,98,106,127,60,2,123" hai3="128,117,47,120,29,72,35,89,82,99,61,50,56"/><W16/><G117/><T24/><D108/><U73/><E107/><V3/><F39/><W113/><G35/><T6/><D132/><U126/><E126/><V103/><F111/><W77/><G29/><T133/><D133/><U67/><E63/><V69/><F127/><W110/><G120/><T45/><D122/><U36/><E73/><V70/><F123/><W81/><G113/><T33/><D33/><U31/><E31/><V102/><F7/><W97/><G128/><T57/><D45/><U32/><E32/><V83/><F83/><W26/><G72/><T101/><D101/><U11/><E23/><V74/><F74/><W59/><G77/><T37/><D37/><U17/><E88/><V112/><F112/><W119/><G119/><T116/><D116/><U66/><E66/><V54/><F54/><W65/><G65/><T125/><BYE who="3" /><D125/><UN n3="%6D%62%72%63%68%61%6E" /><U105/><E105/><V115/><F115/><W114/><G114/><T49/><D34/><U121/><E121/><V1/><REACH who="2" step="1"/><F60/><REACH who="2" ten="511,188,79,212" step="2"/><W94/><G61/><T85/><D8/><N who="1" m="6343" /><E36/><V44/><F44/><W92/><G47/><T38/><D38/><U135/><E11/><V13/><F13/><W0/><G110/><T53/><D53/><U43/><E135/><V51/><F51/><W124/><G50/><BYE who="3" /><T18/><D18/><UN n3="%6D%62%72%63%68%61%6E" /><U130/><E130/><V75/><F75/><W93/><G93/><BYE who="3" /><N who="0" m="54471" /><D85/><U87/><E87/><V25/><AGARI ba="2,1" hai="1,2,3,21,25,28,69,70,96,98,102,103,104,106" machi="25" ten="40,5200,0" yaku="1,1,0,1,9,1,53,0" doraHai="131" doraHaiUra="12" who="2" fromWho="2" sc="511,-15,188,-15,79,68,212,-28" owari="496,59.6,173,-22.7,147,-35.3,184,-1.6" /></mjloggm>