<mjloggm ver="2.3"><GO type="169" lobby="0"/><UN n0="%E3%81%A9%E3%82%93%E3%81%9F%E3%82%83%E3%82%93" n1="%E3%81%AF%E3%81%BE%E3%81%A1%E3%83%AA%E3%83%BC%E3%82%B0" n2="%E3%82%86%E3%81%86%E3%82%8C%E3%81%84%E3%81%84%E3%81%8B" n3="%E5%AE%87%E5%AE%99%E7%89%A9%E7%90%86" dan="16,17,18,16" rate="2166.20,2159.12,2249.30,2104.83" sx="F,M,M,F"/><TAIKYOKU oya="0"/><INIT seed="0,0,0,5,0,46" ten="250,250,250,250" oya="0" hai0="107,21,76,66,112,86,77,110,28,93,120,82,122" hai1="105,25,59,130,74,129,116,101,11,99,17,67,58" hai2="61,111,40,0,92,5,12,41,55,132,24,10,90" hai3="44,65,38,123,29,43,98,62,115,100,54,51,117"/><T75/><D66/><U81/><E116/><V126/><F111/><W96/><G117/><T30/><D21/><N who="1" m="13487" /><E67/><V104/><F104/><W114/><G123/><N who="0" m="47147" /><D28/><U128/><E11/><V47/><F132/><W14/><G29/><T113/><D30/><U97/><E97/><V2/><F126/><W95/><G14/><T53/><D53/><U16/><E16/><V103/><F103/><W7/><G7/><T79/><D107/><U32/><E32/><V70/><F24/><W49/><G98/><T64/><D64/><U50/><E50/><V85/><F70/><W119/><G119/><T6/><D6/><U18/><E18/><V102/><F102/><W15/><G15/><T106/><D106/><U73/><E81/><V19/><F5/><W87/><G87/><T131/><D131/><U121/><E121/><V60/><F41/><W3/><G3/><T133/><D133/><U94/><E105/><V13/><F13/><W88/><G100/><T127/><D127/><U63/><E63/><V36/><REACH who="2" step="1"/><F61/><REACH who="2" ten="250,250,240,250" step="2"/><W23/><G62/><T125/><D125/><U80/><E130/><V84/><F84/><W71/><G71/><T27/><D27/><U42/><E42/><V26/><F26/><W78/><G43/><T109/><D112/><U69/><E69/><V9/><F9/><W35/><G114/><T72/><D113/><U48/><E129/><V31/><F31/><W135/><G115/><T4/><D4/><U34/><E128/><V56/><AGARI ba="0,1" hai="0,2,10,12,19,36,40,47,55,56,60,85,90,92" machi="56" ten="30,4000,0" yaku="1,1,0,1,53,1" doraHai="46" doraHaiUra="91" who="2" fromWho="2" sc="250,-20,250,-10,240,50,250,-10" /><INIT seed="1,0,0,3,0,84" ten="230,240,290,240" oya="1" hai0="26,16,120,20,126,75,2,45,65,61,28,14,51" hai1="0,5,56,27,119,37,31,129,76,135,4,54,63" hai2="121,85,47,79,33,15,48,23,24,11,68,87,93" hai3="124,101,91,111,109,134,107,67,35,92,118,44,133"/><U127/><E119/><V128/><F121/><W100/><G35/><T13/><D120/><U19/><E37/><V9/><F68/><W66/><G118/><T94/><D126/><U72/><E127/><V69/><F69/><W57/><G124/><T116/><D116/><U50/><E129/><V32/><F128/><W38/><G38/><T108/><D108/><N who="3" m="41545" /><G44/><T43/><D2/><U53/><E135/><N who="3" m="51722" /><G107/><T39/><D75/><U131/><E0/><V86/><F79/><W62/><G67/><T60/><D39/><U3/><E3/><V125/><F125/><W103/><G103/><T106/><D106/><U98/><E131/><V34/><F15/><W96/><AGARI ba="0,0" hai="57,62,66,91,92,96,100,101" m="51722,41545" machi="96" ten="30,4000,0" yaku="14,1,20,1,52,1" doraHai="84" who="3" fromWho="3" sc="230,-10,240,-20,290,-10,240,40" /><INIT seed="2,0,0,4,5,103" ten="220,220,280,280" oya="2" hai0="86,0,57,41,6,65,95,66,50,101,127,98,72" hai1="15,94,26,4,80,47,122,131,10,36,19,53,22" hai2="109,97,117,11,91,46,134,71,21,121,112,83,49" hai3="78,69,59,64,30,128,135,113,88,35,5,119,96"/><V82/><F112/><W54/><G119/><T90/><D72/><U48/><E131/><V74/><F117/><W99/><G128/><T107/><D127/><U60/><E122/><V102/><F121/><W2/><G113/><T7/><D0/><U126/><E126/><V125/><F71/><W93/><G135/><T129/><D129/><U20/><E36/><V114/><F114/><W56/><G69/><T8/><D8/><U32/><E32/><V130/><F125/><W79/><G99/><T76/><D76/><U45/><E80/><V115/><F130/><W110/><G110/><T34/><D34/><U62/><E47/><V92/><F21/><W28/><G64/><T87/><D87/><U89/><REACH who="1" step="1"/><E20/><REACH who="1" ten="220,210,280,280" step="2"/><V44/><F44/><W16/><G35/><T67/><REACH who="0" step="1"/><D41/><REACH who="0" ten="210,210,280,280" step="2"/><U106/><E106/><V108/><F115/><W73/><G73/><T42/><D42/><U124/><E124/><V37/><F74/><W25/><G79/><T133/><D133/><U31/><E31/><V3/><F134/><W123/><G78/><T51/><D51/><U38/><E38/><V116/><F37/><W43/><G30/><T52/><AGARI ba="0,2" hai="6,7,50,52,57,65,66,67,86,90,95,98,101,107" machi="52" ten="30,7900,0" yaku="1,1,0,1,52,1,54,1,53,0" doraHai="103" doraHaiUra="111" who="0" fromWho="0" sc="210,99,210,-20,280,-39,280,-20" /><INIT seed="3,0,0,0,2,33" ten="309,190,241,260" oya="3" hai0="63,86,113,48,134,18,49,31,109,42,50,8,37" hai1="112,36,70,61,110,14,130,89,60,76,16,85,93" hai2="26,91,87,6,58,117,125,30,115,4,100,11,88" hai3="32,95,64,78,133,83,135,67,80,47,94,75,39"/><W69/><G32/><T21/><D109/><U81/><E112/><V128/><F115/><W127/><G127/><T118/><D113/><U19/><E110/><V92/><F117/><W22/><G22/><T25/><D118/><U24/><E36/><V124/><F128/><W116/><G116/><T7/><D134/><N who="3" m="51209" /><G83/><T0/><D86/><U27/><E130/><V96/><F58/><W122/><G122/><T20/><D63/><U15/><E70/><V104/><F91/><W45/><G69/><T10/><D10/><U17/><E61/><V120/><F120/><W103/><G103/><T121/><D121/><U111/><E60/><V90/><F90/><W35/><G35/><T52/><D42/><U131/><E131/><V44/><F44/><N who="3" m="16971" /><G39/><T40/><D40/><U99/><REACH who="1" step="1"/><E111/><REACH who="1" ten="309,180,241,260" step="2"/><V73/><F124/><W132/><G132/><T97/><D37/><U114/><E114/><V38/><F125/><W71/><G71/><T1/><D50/><U34/><E34/><V106/><F38/><W55/><G55/><T3/><D49/><U9/><E9/><V107/><F11/><W5/><G5/><T101/><D52/><U46/><E46/><V59/><F4/><W51/><G51/><T119/><D48/><U82/><E82/><N who="2" m="49271" /><F6/><W105/><G105/><T102/><D119/><U54/><E54/><V57/><F57/><W74/><G74/><T123/><D123/><U77/><E77/><V2/><F59/><W53/><G53/><T43/><D43/><U79/><E79/><V29/><F73/><W41/><G41/><T28/><D7/><U129/><E129/><RYUUKYOKU ba="0,1" sc="309,-15,180,15,241,-15,260,15" hai1="14,15,16,17,19,24,27,76,81,85,89,93,99" hai3="64,67,75,78,80,94,95" /><INIT seed="3,1,1,5,1,30" ten="294,195,226,275" oya="3" hai0="7,67,16,98,6,128,46,122,27,14,97,2,50" hai1="127,81,4,88,82,134,37,80,31,8,17,49,118" hai2="9,10,75,45,99,93,111,64,24,109,29,87,129" hai3="95,116,13,38,131,91,48,125,28,108,35,33,130"/><W61/><G116/><T90/><D122/><U44/><E37/><V120/><F75/><W100/><G38/><T132/><D132/><U39/><E39/><V121/><F64/><W22/><G125/><T26/><D128/><N who="3" m="49193" /><G108/><N who="2" m="41545" /><F45/><W3/><G3/><T32/><D67/><U77/><E134/><V66/><F66/><W43/><G100/><T0/><D0/><U115/><E115/><V40/><F87/><N who="3" m="52735" /><G61/><T11/><D6/><U92/><E127/><V47/><F129/><W5/><G43/><N who="0" m="24927" /><D90/><U123/><E118/><V73/><F73/><W12/><G48/><T52/><D27/><U58/><E123/><N who="2" m="47179" /><F47/><W74/><G74/><T42/><D42/><U20/><E44/><V106/><F106/><W133/><G133/><T76/><D52/><N who="1" m="32015" /><E77/><V23/><F40/><W72/><G72/><T41/><D76/><U135/><E135/><V84/><F84/><W110/><G110/><T55/><D55/><U70/><E70/><V104/><F104/><W126/><G126/><T57/><D41/><U53/><E53/><V83/><F83/><W36/><G36/><T25/><D57/><U51/><E51/><V62/><F62/><W119/><G119/><T124/><D124/><U117/><E117/><V78/><F78/><W112/><G112/><T96/><D96/><N who="1" m="57351" /><E82/><V86/><F86/><W68/><G68/><T85/><D85/><U101/><E81/><V103/><AGARI ba="1,1" hai="9,10,23,24,29,93,99,103" m="47179,41545" machi="103" ten="30,2000,0" yaku="14,1,13,1" doraHai="30" who="2" fromWho="2" sc="294,-6,195,-6,226,33,275,-11" /><INIT seed="4,0,0,2,2,53" ten="288,189,259,264" oya="0" hai0="26,76,59,106,74,17,67,102,57,68,25,33,36" hai1="51,69,91,30,21,34,29,122,56,0,96,16,60" hai2="5,64,13,107,23,97,112,49,85,14,117,10,39" hai3="127,80,131,7,41,62,84,27,105,126,130,88,119"/><T133/><D36/><U92/><E122/><V121/><F39/><W129/><G119/><T95/><D95/><U100/><E0/><V111/><F111/><W132/><G105/><T8/><D133/><U90/><E69/><V104/><F121/><W124/><G7/><T113/><D113/><U65/><E51/><V6/><F112/><W109/><G109/><T73/><D76/><U128/><E128/><V108/><F108/><W2/><G2/><T24/><D33/><U101/><E34/><V134/><F134/><W55/><G41/><T118/><D118/><U89/><REACH who="1" step="1"/><E101/><REACH who="1" ten="288,179,259,264" step="2"/><V37/><F49/><W70/><G70/><T44/><D68/><U38/><E38/><V40/><F37/><W123/><G123/><T125/><D102/><U43/><E43/><V77/><F40/><W98/><G132/><T28/><D125/><U15/><AGARI ba="0,1" hai="15,16,21,29,30,56,60,65,89,90,91,92,96,100" machi="15" ten="30,8000,1" yaku="1,1,0,1,8,1,52,1,54,1,53,0" doraHai="53" doraHaiUra="120" who="1" fromWho="1" sc="288,-40,179,90,259,-20,264,-20" /><INIT seed="5,0,0,1,4,62" ten="248,269,239,244" oya="1" hai0="119,29,108,89,66,110,69,53,74,129,102,32,35" hai1="39,9,75,31,72,52,58,117,43,93,76,1,85" hai2="132,120,96,57,92,33,80,88,40,91,87,48,44" hai3="60,125,13,95,45,82,49,7,77,16,111,118,114"/><U81/><E117/><V103/><F120/><W68/><G111/><T25/><D119/><U42/><E31/><V122/><F122/><W14/><G118/><T131/><D35/><U84/><E39/><V17/><F33/><W23/><G114/><T109/><D74/><U20/><E20/><V67/><F132/><W101/><G125/><T51/><D102/><U26/><E26/><V54/><F17/><W113/><G113/><T86/><D69/><U73/><E85/><V65/><REACH who="2" step="1"/><F103/><REACH who="2" ten="248,269,229,244" step="2"/><W99/><G101/><T71/><D131/><U38/><E38/><AGARI ba="0,1" hai="38,40,44,48,54,57,65,67,80,87,88,91,92,96" machi="38" ten="30,12000,2" yaku="1,1,2,1,7,1,52,2,54,1,53,0" doraHai="62" doraHaiUra="34" who="2" fromWho="1" sc="248,0,269,-120,229,130,244,0" /><INIT seed="6,0,0,2,2,103" ten="248,149,359,244" oya="2" hai0="56,54,83,126,49,14,60,26,121,29,0,107,72" hai1="4,98,131,110,114,44,40,108,59,20,87,100,42" hai2="109,48,71,89,84,66,132,52,51,96,41,85,120" hai3="30,133,37,61,129,1,78,81,77,99,35,94,28"/><V34/><F120/><W10/><G37/><T46/><D121/><U50/><E114/><V124/><F34/><W64/><G133/><T23/><D0/><U105/><E131/><V19/><F132/><W38/><G38/><T111/><D111/><U3/><E40/><V43/><F71/><W11/><G129/><T24/><D107/><U116/><E116/><V117/><F66/><W58/><G78/><T32/><D14/><U13/><E3/><V88/><F124/><W118/><G118/><T45/><D126/><U33/><E33/><V21/><F96/><W130/><G130/><T112/><D112/><U8/><E20/><V69/><F69/><W22/><G35/><T76/><D49/><U92/><E59/><N who="2" m="33159" /><F51/><W123/><G123/><T73/><D72/><U53/><E53/><V91/><F109/><W82/><G82/><T55/><D54/><U122/><E122/><V67/><F67/><W95/><G95/><T97/><D97/><U106/><REACH who="1" step="1"/><E87/><REACH who="1" ten="248,139,359,244" step="2"/><N who="2" m="33355" /><F117/><W39/><G1/><T27/><D32/><U65/><E65/><V7/><F43/><W57/><G64/><T62/><D55/><U119/><E119/><V18/><F21/><W125/><G22/><T5/><D23/><U68/><E68/><V90/><F41/><W135/><G58/><T31/><D56/><U102/><E102/><V6/><F91/><W113/><G113/><T115/><D115/><U74/><E74/><V70/><F70/><W134/><G134/><T93/><D73/><U47/><E47/><V127/><F90/><N who="3" m="55767" /><G135/><T128/><D128/><U15/><E15/><V36/><F127/><RYUUKYOKU ba="0,1" sc="248,-10,139,30,359,-10,244,-10" hai1="4,8,13,42,44,50,92,98,100,105,106,108,110" /><INIT seed="7,1,1,1,1,123" ten="238,169,349,234" oya="3" hai0="10,99,17,98,43,4,77,120,52,14,6,26,39" hai1="58,94,110,86,47,68,55,118,70,49,18,13,25" hai2="30,90,29,7,24,112,121,50,85,51,71,87,96" hai3="119,46,53,88,132,69,23,38,19,11,65,89,40"/><W20/><G119/><T117/><D117/><U81/><E118/><V106/><F71/><W127/><G127/><T131/><D120/><U73/><E73/><V9/><F121/><W115/><G115/><T33/><D4/><U95/><E70/><V59/><F106/><W27/><G132/><T36/><D36/><U104/><E104/><V101/><F101/><W0/><G20/><T76/><D76/><U64/><E68/><V8/><F96/><W1/><G53/><T57/><D77/><U63/><E25/><V130/><F90/><W134/><G134/><T15/><D131/><U16/><E110/><V67/><F24/><W60/><REACH who="3" step="1"/><G11/><REACH who="3" ten="238,169,349,224" step="2"/><T2/><D52/><U72/><E72/><V48/><F9/><W32/><G32/><T105/><D10/><N who="1" m="6199" /><E18/><V75/><F112/><W79/><G79/><AGARI ba="1,2" hai="47,49,55,58,63,64,79,81,86,94,95" m="6199" machi="79" ten="30,2000,0" yaku="8,1,54,1" doraHai="123" who="1" fromWho="3" sc="238,0,169,43,349,0,224,-23" owari="238,3.8,212,-18.8,349,44.9,201,-29.9" /></mjloggm>