<mjloggm ver="2.3"><GO type="169" lobby="0"/><UN n0="%E3%81%9F%E3%81%AA%E3%81%8B%E6%95%99%E7%A5%96" n1="%31%74%61" n2="%E8%B6%85%E6%94%BB%E6%92%83%E9%BA%BB%E9%9B%80" n3="%6F%6B%61%62%65%73%68%69" dan="17,17,16,17" rate="2169.14,2234.40,2170.64,2186.58" sx="M,M,M,M"/><TAIKYOKU oya="0"/><INIT seed="0,0,0,2,1,95" ten="250,250,250,250" oya="0" hai0="41,48,26,103,24,49,52,60,23,57,133,117,13" hai1="34,37,115,73,33,45,78,110,46,91,12,32,27" hai2="86,79,43,10,31,74,29,104,105,75,114,131,72" hai3="14,102,69,54,129,18,6,67,132,28,88,17,47"/><T130/><D117/><U92/><E110/><V19/><F114/><W59/><G129/><T66/><D130/><U107/><E107/><V40/><F131/><W50/><G132/><T93/><D133/><U123/><E123/><V38/><F79/><W87/><G28/><T125/><D125/><U56/><E115/><V3/><F86/><W116/><G116/><T99/><D13/><U58/><E27/><V61/><F61/><W89/><G69/><T51/><D26/><U65/><E12/><V1/><F19/><W77/><G102/><T106/><D106/><N who="2" m="41066" /><F10/><W4/><G18/><T62/><D62/><U83/><E65/><V2/><F38/><W15/><G15/><T109/><D109/><U96/><REACH who="1" step="1"/><E46/><REACH who="1" ten="250,240,250,250" step="2"/><V11/><F11/><W111/><G111/><T94/><D41/><AGARI ba="0,1" hai="32,33,34,37,41,45,56,58,73,78,83,91,92,96" machi="41" ten="40,5200,0" yaku="1,1,2,1,52,1,53,0" doraHai="95" doraHaiUra="8" who="1" fromWho="0" sc="250,-52,240,62,250,0,250,0" /><AGARI ba="0,0" hai="1,2,3,29,31,40,41,43,72,74,75" m="41066" machi="41" ten="50,3200,0" yaku="28,2" doraHai="95" who="2" fromWho="0" sc="198,-32,302,0,250,32,250,0" /><INIT seed="1,0,0,4,1,34" ten="166,302,282,250" oya="1" hai0="119,35,65,60,17,124,79,26,36,55,135,4,98" hai1="13,51,105,9,106,88,27,93,10,129,29,113,75" hai2="110,85,22,72,103,81,84,62,31,114,87,95,86" hai3="28,115,77,61,44,97,16,23,63,7,127,49,99"/><U131/><E75/><V41/><F41/><W47/><G115/><T121/><D121/><U1/><E113/><V134/><F114/><W80/><G127/><T54/><D119/><U33/><E51/><V45/><F45/><W92/><G28/><T108/><D36/><U78/><E78/><V3/><F3/><W25/><G44/><T111/><D4/><N who="1" m="1167" /><E10/><V42/><F42/><W120/><G7/><T15/><D124/><U123/><E13/><V89/><F62/><W2/><G2/><T69/><D79/><U133/><E133/><V101/><F22/><W52/><G99/><T132/><D98/><U128/><E123/><V117/><F31/><W74/><REACH who="3" step="1"/><G120/><REACH who="3" ten="166,302,282,240" step="2"/><T122/><D122/><U30/><E29/><V56/><F117/><W94/><G94/><T104/><D104/><U38/><E38/><V8/><F134/><N who="0" m="51242" /><D35/><U59/><E59/><V107/><F56/><W112/><G112/><T57/><D26/><U6/><E6/><V48/><F107/><W100/><AGARI ba="0,1" hai="16,23,25,47,49,52,61,63,74,77,80,92,97,100" machi="100" ten="20,8000,1" yaku="1,1,0,1,7,1,54,2,53,0" doraHai="34" doraHaiUra="5" who="3" fromWho="3" sc="166,-20,302,-40,282,-20,240,90" /><INIT seed="2,0,0,4,4,114" ten="146,262,262,330" oya="2" hai0="130,37,129,83,59,92,8,18,61,11,23,66,62" hai1="19,80,16,71,53,91,70,135,15,22,87,93,102" hai2="63,107,27,95,120,32,21,44,56,41,24,60,85" hai3="117,133,100,106,6,76,127,30,112,111,105,12,0"/><V52/><F120/><W55/><G0/><T43/><D83/><U14/><E135/><V88/><F107/><W104/><G30/><T132/><D132/><U108/><E108/><V79/><F32/><W75/><G133/><T50/><D37/><U35/><E35/><V51/><F79/><W57/><G111/><T78/><D78/><U26/><E26/><V25/><REACH who="2" step="1"/><F60/><REACH who="2" ten="146,262,252,330" step="2"/><W122/><G122/><T1/><D62/><U134/><E134/><V97/><F97/><W74/><G112/><T31/><D61/><U47/><E102/><V54/><F54/><W118/><G100/><T28/><D129/><U121/><E121/><V90/><F90/><W84/><G127/><T46/><D130/><U72/><E72/><V116/><F116/><W17/><G74/><T34/><D34/><U131/><E131/><V99/><F99/><W89/><G75/><T109/><D109/><U40/><E53/><V48/><F48/><W113/><G76/><T96/><D96/><U9/><REACH who="1" step="1"/><E93/><REACH who="1" ten="146,252,252,330" step="2"/><V81/><F81/><W67/><G113/><T49/><D92/><U39/><AGARI ba="0,2" hai="9,14,15,16,19,22,39,40,47,70,71,80,87,91" machi="39" ten="20,8000,1" yaku="1,1,2,1,0,1,7,1,54,1,53,0" doraHai="114" doraHaiUra="119" who="1" fromWho="1" sc="146,-20,252,100,252,-40,330,-20" /><INIT seed="3,0,0,0,0,84" ten="126,352,212,310" oya="3" hai0="51,90,76,86,60,101,64,133,109,88,74,127,129" hai1="97,7,58,117,126,70,41,32,94,128,43,33,91" hai2="134,49,100,130,21,11,62,108,79,115,135,96,30" hai3="54,112,85,53,93,8,2,120,16,18,73,45,27"/><W39/><G120/><T44/><D74/><U24/><E70/><V81/><F115/><W113/><G73/><T72/><D72/><U59/><E128/><V66/><F130/><W114/><G54/><T46/><D129/><U52/><E126/><V75/><F108/><W89/><G27/><T78/><D109/><U9/><E59/><V82/><F82/><W17/><G2/><T5/><D127/><U106/><E106/><V19/><F11/><W71/><G71/><T80/><D133/><U38/><E117/><V37/><F49/><W47/><G39/><T42/><D101/><U87/><E97/><V110/><F37/><W68/><G68/><T25/><D76/><U35/><E24/><V119/><F119/><W118/><G118/><T28/><D5/><U83/><E83/><V98/><F110/><W23/><G23/><N who="0" m="15423" /><D46/><U20/><E20/><V92/><F98/><W12/><REACH who="3" step="1"/><G53/><REACH who="3" ten="126,352,212,300" step="2"/><T124/><D124/><U61/><REACH who="1" step="1"/><E38/><REACH who="1" ten="126,342,212,300" step="2"/><V121/><F134/><W63/><G63/><T132/><D132/><U56/><E56/><AGARI ba="0,2" hai="42,44,51,56,60,64,78,80,86,88,90" m="15423" machi="56" ten="30,7700,0" yaku="8,1,52,2,54,1" doraHai="84" who="0" fromWho="1" sc="126,97,342,-77,212,0,300,0" /><INIT seed="4,0,0,0,0,120" ten="223,265,212,300" oya="0" hai0="96,114,34,25,133,115,61,92,71,60,27,128,121" hai1="99,130,111,86,43,46,49,55,77,13,95,69,53" hai2="70,116,20,22,81,84,24,62,21,94,65,42,72" hai3="76,45,40,109,100,126,54,28,98,11,80,110,113"/><T88/><D121/><U5/><E69/><V117/><F72/><W51/><G126/><T0/><D0/><U35/><E35/><V39/><F94/><W16/><G113/><N who="0" m="43019" /><D128/><U112/><E111/><V44/><REACH who="2" step="1"/><F24/><REACH who="2" ten="223,265,202,300" step="2"/><N who="0" m="9290" /><D34/><U18/><E112/><V23/><N who="2" m="5120" /><DORA hai="12" /><V48/><F48/><W67/><G28/><T63/><D133/><U38/><E49/><V118/><F118/><W123/><G123/><T107/><D107/><U32/><E95/><V78/><AGARI ba="0,1" hai="39,42,44,62,65,70,78,81,84,116,117" m="5120" machi="78" ten="40,5200,0" yaku="1,1,0,1,53,1" doraHai="120,12" doraHaiUra="58,129" who="2" fromWho="2" sc="223,-26,265,-13,202,62,300,-13" /><INIT seed="5,0,0,4,2,21" ten="197,252,264,287" oya="1" hai0="20,56,48,123,60,63,92,47,126,82,49,9,28" hai1="121,113,71,64,112,109,93,66,7,5,46,95,34" hai2="52,108,40,69,18,130,105,88,39,78,97,85,132" hai3="124,94,4,17,65,19,119,58,55,14,111,31,45"/><U22/><E121/><V1/><F108/><W33/><G111/><T116/><D123/><U87/><E109/><V81/><F130/><W120/><G120/><T12/><D116/><U74/><E74/><V29/><F132/><W122/><G122/><T35/><D35/><U32/><E22/><V10/><F69/><W135/><G135/><T3/><D3/><U54/><E87/><V102/><F29/><W127/><G119/><T100/><D82/><U86/><E86/><V99/><F40/><W101/><G65/><N who="0" m="39047" /><D63/><U76/><E46/><V84/><F99/><N who="3" m="59639" /><G45/><T50/><D126/><N who="3" m="48169" /><G4/><T27/><D100/><U0/><E71/><V133/><F39/><W41/><G41/><N who="0" m="24687" /><D92/><U129/><E129/><V38/><F38/><W131/><G131/><T91/><D91/><U114/><E54/><V106/><F106/><W83/><G83/><T125/><D125/><U53/><E53/><V104/><F104/><W89/><G89/><T26/><D26/><U115/><E115/><V30/><F133/><W6/><G31/><T98/><D98/><U61/><E113/><V37/><F37/><W13/><G33/><T15/><D15/><N who="3" m="5641" /><G6/><AGARI ba="0,0" hai="6,9,12,20,27,28,49,50" m="24687,39047" machi="6" ten="30,2000,0" yaku="8,1,52,1" doraHai="21" who="0" fromWho="3" sc="197,20,252,0,264,0,287,-20" /><INIT seed="6,0,0,3,3,55" ten="217,252,264,267" oya="2" hai0="44,128,31,90,135,41,121,88,59,103,32,54,7" hai1="28,68,26,24,92,70,40,133,114,105,115,48,99" hai2="46,104,5,1,77,64,84,17,22,107,112,79,47" hai3="72,16,120,134,61,14,76,80,0,67,85,97,125"/><V82/><F112/><N who="1" m="43049" /><E105/><V19/><F64/><W51/><G125/><T118/><D121/><U101/><E133/><V11/><F79/><W3/><G134/><T29/><D135/><U96/><E96/><V117/><F117/><W60/><G120/><T102/><D118/><U65/><E65/><V37/><F19/><W15/><G15/><T57/><D128/><U119/><E119/><V71/><F71/><N who="1" m="27177" /><E28/><N who="0" m="10825" /><D32/><U93/><E92/><V81/><F81/><W86/><G60/><T25/><D7/><U89/><E101/><N who="0" m="38409" /><D25/><U100/><E100/><V6/><F6/><W34/><G34/><T20/><D20/><U53/><E40/><V87/><F37/><W95/><G86/><T78/><D78/><U91/><E89/><N who="0" m="34409" /><D41/><U130/><E130/><V30/><F87/><W113/><G113/><T21/><D21/><U66/><E66/><V108/><F108/><W63/><G72/><T106/><D106/><U94/><E94/><V50/><F30/><W27/><G27/><T2/><D2/><U36/><E36/><V69/><F69/><W83/><G0/><T35/><D35/><U33/><E33/><V127/><F104/><W13/><G3/><T8/><D8/><U98/><E98/><V52/><F107/><W23/><G97/><T123/><D123/><U39/><E39/><V10/><F10/><W38/><G95/><T42/><D42/><U45/><AGARI ba="0,0" hai="24,26,45,48,53,91,93,99" m="27177,43049" machi="45" ten="30,1100,0" yaku="15,1" doraHai="55" who="1" fromWho="1" sc="217,-3,252,11,264,-5,267,-3" /><INIT seed="7,0,0,2,0,0" ten="214,263,259,264" oya="3" hai0="69,26,55,47,46,21,72,27,98,22,39,86,126" hai1="25,32,112,92,109,10,108,93,91,24,28,83,82" hai2="130,102,51,114,120,87,66,134,44,60,64,19,31" hai3="12,20,107,63,7,11,132,110,127,99,104,53,52"/><W1/><G110/><T68/><D72/><U13/><E112/><V33/><F102/><W16/><G127/><T43/><D126/><U118/><E118/><V17/><F66/><W74/><G74/><T115/><D115/><U111/><E25/><V133/><F114/><W18/><G132/><N who="2" m="50793" /><F130/><W106/><G63/><T5/><D98/><U84/><REACH who="1" step="1"/><E83/><REACH who="1" ten="214,253,259,264" step="2"/><V45/><F120/><W95/><REACH who="3" step="1"/><G18/><AGARI ba="0,1" hai="10,13,18,24,28,32,82,84,91,92,93,108,109,111" machi="18" ten="40,5200,0" yaku="1,1,2,1,53,1" doraHai="0" doraHaiUra="76" who="1" fromWho="3" sc="214,0,253,62,259,0,264,-52" owari="214,-18.6,315,41.5,259,5.9,212,-28.8" /></mjloggm>