<mjloggm ver="2.3"><GO type="169" lobby="0"/><UN n0="%E3%83%A1%E3%82%AC%E3%83%95%E3%83%BC%E3%83%87%E3%82%A3%E3%83%B3" n1="%E3%80%8E%E3%83%A8%E3%82%B9%E3%82%AC%E3%83%8E%E3%82%BD%E3%83%A9%E3%80%8F" n2="%E6%A4%9B%E5%8D%97" n3="%E4%B8%9E%E9%A3%9B" dan="16,17,18,16" rate="2227.04,2180.23,2213.35,2089.27" sx="F,M,F,M"/><TAIKYOKU oya="0"/><INIT seed="0,0,0,3,1,21" ten="250,250,250,250" oya="0" hai0="116,52,115,35,1,99,133,124,120,86,56,107,24" hai1="74,126,41,100,16,13,85,98,84,105,5,68,97" hai2="114,67,122,70,4,31,73,39,28,64,75,50,71" hai3="113,14,54,135,17,48,89,131,134,60,46,87,83"/><T43/><D115/><U11/><E68/><V132/><F39/><W128/><G113/><T69/><D116/><U103/><E74/><V127/><F114/><W59/><G14/><T96/><D120/><U7/><E126/><V82/><F50/><W123/><G123/><T95/><D69/><U118/><E118/><V125/><F122/><W25/><G17/><T104/><D1/><U33/><E41/><V0/><F82/><W88/><G89/><T121/><D121/><U119/><E119/><V92/><F92/><W40/><REACH who="3" step="1"/><G25/><REACH who="3" ten="250,250,250,240" step="2"/><T62/><D124/><U55/><E5/><V102/><F4/><W3/><G3/><T38/><D133/><AGARI ba="0,1" hai="40,46,48,54,59,60,83,87,88,128,131,133,134,135" machi="133" ten="40,5200,0" yaku="1,1,20,1,54,1,53,0" doraHai="21" doraHaiUra="20" who="3" fromWho="0" sc="250,-52,250,0,250,0,240,62" /><INIT seed="1,0,0,0,4,32" ten="198,250,250,302" oya="1" hai0="38,106,53,84,29,79,111,105,108,71,127,37,7" hai1="2,73,58,15,62,69,135,95,24,49,68,109,27" hai2="116,99,11,54,125,46,56,65,34,44,78,48,87" hai3="110,80,102,121,57,88,9,1,107,8,45,123,33"/><U61/><E73/><V25/><F125/><W16/><G33/><T35/><D71/><U74/><E74/><V20/><F34/><W81/><G107/><N who="0" m="40971" /><D127/><U63/><E135/><V132/><F132/><W30/><G30/><T104/><D104/><U23/><E109/><N who="0" m="42057" /><D7/><U114/><E114/><V10/><F99/><W22/><G102/><T101/><D101/><U72/><E72/><V47/><F65/><W41/><G110/><T3/><D3/><U82/><E2/><V51/><F51/><W100/><G100/><T128/><D128/><U96/><E82/><N who="2" m="47575" /><F116/><W115/><G115/><T85/><D53/><N who="1" m="32047" /><E69/><V120/><F120/><W113/><G113/><T31/><D79/><U52/><E68/><V118/><F118/><W76/><G76/><T89/><BYE who="3" /><D35/><U93/><E52/><V112/><F112/><W92/><G92/><N who="1" m="35402" /><E96/><V39/><F39/><N who="0" m="14858" /><D89/><U60/><N who="1" m="15360" /><DORA hai="129" /><U133/><E133/><V119/><F119/><W103/><G103/><T97/><D97/><U0/><E0/><V130/><F130/><W55/><G55/><T26/><D84/><U67/><E67/><V40/><F40/><W59/><G59/><T83/><D85/><U36/><E36/><UN n3="%E4%B8%9E%E9%A3%9B" /><V77/><F77/><W6/><G57/><T21/><D83/><U122/><E122/><V124/><F124/><W134/><G134/><T19/><AGARI ba="0,0" hai="19,21,26,29,31" m="14858,42057,40971" machi="19" ten="40,1500,0" yaku="14,1" doraHai="32,129" who="0" fromWho="0" sc="198,15,250,-7,250,-4,302,-4" /><INIT seed="2,0,0,1,4,55" ten="213,243,246,298" oya="2" hai0="96,27,50,87,47,30,25,83,65,81,76,45,42" hai1="29,80,46,68,40,134,92,102,127,63,21,16,105" hai2="60,130,133,59,36,2,114,119,61,7,103,66,122" hai3="121,101,6,20,117,131,18,37,84,85,112,15,106"/><V64/><F103/><W24/><G37/><T57/><D30/><U100/><E134/><V90/><F114/><W124/><G124/><T38/><D96/><U5/><E127/><V98/><F119/><W26/><G131/><T69/><D83/><U13/><E105/><V115/><F115/><W74/><G74/><T116/><D116/><U31/><E5/><V75/><F75/><W79/><G121/><T53/><D45/><U107/><E107/><V77/><F77/><W44/><G44/><T118/><D118/><U39/><E80/><V132/><F36/><W28/><G79/><T108/><D108/><U73/><E73/><V14/><F2/><W126/><G126/><T125/><D125/><U49/><E39/><V71/><F130/><W48/><G48/><T88/><D76/><U58/><E68/><V95/><REACH who="2" step="1"/><F122/><REACH who="2" ten="213,243,236,298" step="2"/><W128/><G101/><N who="1" m="39018" /><E92/><V34/><F34/><W62/><G106/><T89/><D89/><U97/><E97/><V94/><F94/><W3/><G3/><T56/><REACH who="0" step="1"/><D69/><REACH who="0" ten="203,243,236,298" step="2"/><U19/><E31/><V104/><F104/><W72/><G28/><T43/><D43/><U11/><E29/><V67/><F67/><W32/><G117/><T110/><D110/><U109/><E109/><V51/><F51/><W41/><G128/><T22/><D22/><U82/><E21/><V78/><F78/><W70/><G20/><T0/><D0/><U123/><E123/><V33/><F33/><W1/><G32/><T120/><D120/><U52/><E82/><V23/><F23/><W4/><G1/><T35/><D35/><U135/><E135/><RYUUKYOKU ba="0,2" sc="203,10,243,10,236,10,298,-30" hai0="25,27,38,42,47,50,53,56,57,65,81,87,88" hai1="11,13,16,19,40,46,49,52,58,63" hai2="7,14,59,60,61,64,66,71,90,95,98,132,133" /><INIT seed="2,1,2,3,4,3" ten="213,253,246,268" oya="2" hai0="107,57,49,130,41,129,83,113,63,61,23,109,118" hai1="112,36,29,92,93,110,72,128,15,47,59,98,14" hai2="22,28,131,135,82,6,5,66,95,24,34,103,97" hai3="86,71,7,2,69,84,121,60,119,62,88,26,40"/><V96/><F135/><W30/><G119/><T37/><D107/><U38/><E112/><V17/><F131/><N who="0" m="50186" /><D83/><U52/><E128/><V127/><F127/><W33/><G121/><T31/><D113/><U42/><E72/><V74/><F66/><W105/><G105/><T43/><D118/><U94/><E110/><V64/><F64/><W90/><G40/><N who="0" m="15435" /><D37/><U78/><E36/><V111/><F111/><W122/><G122/><T0/><D0/><U8/><E78/><V65/><F65/><W11/><G62/><T132/><D132/><U133/><E133/><V27/><REACH who="2" step="1"/><F97/><REACH who="2" ten="213,253,236,268" step="2"/><W67/><G71/><T55/><D109/><U25/><E98/><V13/><F13/><W48/><G48/><T32/><D32/><U58/><E14/><V115/><F115/><W16/><G69/><T123/><D123/><U85/><E15/><V116/><F116/><W80/><G67/><T102/><D102/><U134/><E134/><V81/><F81/><W35/><G35/><T104/><D104/><U18/><E38/><V91/><F91/><W50/><G50/><T20/><D20/><U19/><E93/><V108/><F108/><W120/><G2/><T77/><D77/><AGARI ba="1,3" hai="5,6,17,22,24,27,28,34,74,77,82,95,96,103" machi="77" ten="40,7700,0" yaku="1,1,52,2,53,0" doraHai="3" doraHaiUra="56" who="2" fromWho="0" sc="213,-80,253,0,236,110,268,0" /><INIT seed="2,2,0,1,2,56" ten="133,253,346,268" oya="2" hai0="73,48,42,123,28,104,21,81,51,99,6,85,36" hai1="65,76,12,54,110,126,134,46,125,60,10,16,133" hai2="120,77,130,38,32,24,91,8,4,40,109,82,107" hai3="57,45,79,105,116,67,69,33,1,103,95,71,117"/><V90/><F120/><W14/><G1/><T119/><D123/><U20/><E76/><V83/><F83/><W29/><G79/><T37/><D73/><U63/><E110/><V75/><F107/><W35/><G95/><T43/><D119/><U55/><E10/><V122/><F130/><W127/><G127/><N who="1" m="48650" /><E46/><V106/><F106/><W2/><G2/><T74/><D74/><U128/><E128/><V59/><F109/><W64/><G57/><T72/><D72/><U34/><E34/><V7/><F7/><W124/><G124/><T5/><D21/><U15/><E15/><V112/><F112/><W114/><G14/><T111/><D111/><U89/><E89/><V13/><F122/><W53/><G45/><T101/><D28/><U61/><E65/><V102/><F102/><W31/><G103/><T50/><D42/><U135/><AGARI ba="2,0" hai="12,16,20,54,55,60,61,63,133,134,135" m="48650" machi="135" ten="40,12000,2" yaku="20,1,18,1,52,3,54,1" doraHai="56" who="1" fromWho="1" sc="133,-32,253,126,346,-62,268,-32" /><INIT seed="3,0,0,5,3,35" ten="101,379,284,236" oya="3" hai0="22,28,47,101,134,59,95,2,43,98,30,27,113" hai1="123,105,132,41,83,13,92,102,50,51,126,131,84" hai2="90,106,61,63,57,100,99,9,32,15,56,44,66" hai3="1,67,8,96,93,85,73,34,39,52,129,53,76"/><W23/><G34/><T107/><D134/><U62/><E123/><V116/><F32/><W87/><G39/><T6/><D113/><U81/><E105/><V65/><F90/><W68/><G129/><T104/><D30/><U64/><E132/><V121/><F121/><W19/><G73/><T4/><D59/><U48/><E126/><V45/><REACH who="2" step="1"/><F116/><REACH who="2" ten="101,379,274,236" step="2"/><W79/><G76/><T111/><D111/><U24/><E131/><V109/><F109/><W16/><G79/><T103/><D103/><U49/><E102/><V125/><F125/><W122/><G122/><T82/><D82/><U12/><E83/><V89/><F89/><W31/><G93/><T86/><D86/><U29/><E81/><V110/><F110/><W21/><G87/><T55/><D95/><U60/><E84/><V97/><F97/><W20/><G85/><T33/><D33/><U124/><E92/><V18/><AGARI ba="0,1" hai="9,15,18,44,45,56,57,61,63,65,66,99,100,106" machi="18" ten="20,5200,0" yaku="1,1,0,1,7,1,9,1,53,0" doraHai="35" doraHaiUra="0" who="2" fromWho="2" sc="101,-13,379,-13,274,62,236,-26" /><INIT seed="4,0,0,2,1,47" ten="88,366,336,210" oya="0" hai0="130,98,89,92,75,101,76,110,88,49,61,44,104" hai1="99,63,109,80,91,17,133,116,43,134,60,34,54" hai2="36,11,16,27,28,21,127,72,82,70,74,58,114" hai3="107,79,24,90,38,18,113,5,118,4,52,69,129"/><T19/><D130/><U103/><E109/><V31/><F70/><W84/><G107/><T37/><D37/><U68/><E116/><V126/><F36/><W96/><G118/><T25/><D110/><U78/><E34/><V55/><F114/><W131/><G69/><T41/><D61/><U8/><E43/><V10/><F10/><W67/><G67/><T45/><D104/><U50/><E91/><V108/><F108/><W102/><G79/><T51/><D76/><U56/><E17/><V125/><F82/><W53/><G38/><T106/><D75/><N who="2" m="28714" /><F11/><W23/><G113/><T59/><D59/><U86/><E8/><V94/><F94/><N who="3" m="58647" /><G131/><T119/><D106/><U111/><E111/><V64/><F64/><W14/><G24/><T22/><REACH who="0" step="1"/><D119/><REACH who="0" ten="78,366,336,210" step="2"/><U9/><E63/><AGARI ba="0,1" hai="16,21,27,28,31,55,58,63,125,126,127" m="28714" machi="63" ten="40,2600,0" yaku="18,1,54,1" doraHai="47" who="2" fromWho="1" sc="78,0,366,-26,336,36,210,0" /><INIT seed="5,0,0,4,5,113" ten="78,340,372,210" oya="1" hai0="69,107,115,118,125,77,81,44,61,8,97,15,111" hai1="7,105,46,130,85,18,127,62,58,30,78,90,5" hai2="0,74,38,92,95,67,103,112,47,57,99,41,93" hai3="35,123,54,53,71,14,114,6,100,9,122,70,50"/><U27/><E105/><V126/><F74/><W120/><G114/><T13/><D111/><U133/><E130/><V43/><F112/><W11/><G35/><T28/><D115/><U86/><E133/><V117/><F117/><W48/><G100/><T88/><D125/><U75/><E127/><V104/><F126/><W2/><G2/><T119/><D28/><U82/><E46/><V73/><F73/><W87/><G87/><T49/><D15/><U76/><E18/><V33/><F33/><W65/><G14/><T51/><D51/><U116/><E75/><V55/><F0/><W40/><G65/><N who="0" m="41135" /><D77/><U91/><E116/><V83/><F83/><W110/><G123/><T26/><D26/><U79/><E27/><V32/><F32/><W131/><G110/><T25/><D25/><U135/><E135/><V132/><F67/><W21/><G40/><T96/><D97/><U12/><E30/><V36/><F132/><W23/><G6/><T39/><D39/><U16/><E86/><V45/><REACH who="2" step="1"/><F92/><REACH who="2" ten="78,340,362,210" step="2"/><W128/><AGARI ba="0,1" hai="9,11,21,23,48,50,53,54,70,71,120,122,128,131" machi="128" ten="25,3200,0" yaku="0,1,22,2" doraHai="113" who="3" fromWho="3" sc="78,-8,340,-16,362,-8,210,42" /><INIT seed="6,0,0,3,3,95" ten="70,324,354,252" oya="2" hai0="57,30,113,99,20,108,50,36,37,73,59,0,111" hai1="106,48,51,112,71,116,27,65,52,61,16,104,118" hai2="9,40,130,105,64,17,70,127,124,80,4,101,69" hai3="19,100,23,32,41,135,120,78,94,128,7,119,60"/><V122/><F122/><W132/><G120/><T18/><D113/><U82/><E112/><V11/><F130/><W47/><G32/><T2/><D73/><U38/><E38/><V26/><F40/><W68/><G119/><T45/><D30/><U117/><E82/><V49/><F49/><W83/><G128/><T89/><D20/><U93/><E93/><V96/><F80/><W1/><G60/><T14/><D14/><U63/><E63/><V131/><F64/><W77/><G68/><T8/><D8/><U87/><E87/><V29/><F17/><W84/><G78/><T15/><D15/><U66/><E66/><V76/><F11/><W75/><G84/><T90/><D18/><U110/><E110/><V53/><F53/><W33/><G33/><T3/><D50/><U92/><E92/><V107/><F107/><W12/><G94/><T46/><REACH who="0" step="1"/><D0/><REACH who="0" ten="60,324,354,252" step="2"/><U74/><E74/><V25/><F131/><W5/><G1/><T10/><D10/><U114/><E48/><V109/><F29/><W6/><G100/><T102/><D102/><U81/><E114/><V43/><F101/><W22/><G23/><T86/><D86/><U134/><E117/><V133/><F9/><W115/><G115/><T72/><D72/><U67/><E116/><V125/><F125/><W55/><G41/><T126/><D126/><U44/><E118/><V13/><F127/><W24/><G12/><T103/><D103/><U56/><E51/><V58/><F43/><W98/><G75/><T62/><D62/><U88/><E61/><V31/><F124/><W34/><G22/><RYUUKYOKU ba="0,1" sc="60,30,324,-10,354,-10,252,-10" hai0="2,3,36,37,45,46,57,59,89,90,99,108,111" /><INIT seed="7,1,1,3,4,76" ten="90,314,344,242" oya="3" hai0="113,73,32,3,128,80,121,17,7,25,125,92,9" hai1="29,28,103,33,115,26,126,65,6,105,2,123,40" hai2="91,114,59,68,87,130,61,20,96,23,90,14,4" hai3="100,55,30,51,43,1,8,66,22,97,106,129,74"/><W37/><G129/><T70/><D70/><U60/><E123/><V15/><F68/><W86/><G74/><T72/><D92/><U39/><E115/><V24/><F114/><W119/><G119/><T135/><D113/><U47/><E126/><V118/><F96/><W112/><G66/><T69/><D121/><U117/><E28/><V71/><F71/><W10/><G1/><T75/><D125/><U45/><E45/><V88/><F130/><W5/><G5/><T133/><D128/><U99/><E117/><V0/><F0/><W84/><G43/><T82/><D69/><N who="1" m="42151" /><E6/><V27/><F118/><W56/><G37/><T16/><D32/><N who="1" m="20535" /><E2/><V64/><F87/><W49/><G49/><T122/><D122/><U21/><E21/><N who="2" m="8267" /><F15/><W48/><G48/><T58/><D58/><U62/><E62/><V93/><F93/><W79/><G112/><T89/><D89/><U54/><E54/><V95/><F95/><W134/><G134/><T101/><D101/><U111/><E111/><V85/><F85/><W38/><G38/><T107/><D107/><U116/><E116/><V77/><F77/><W13/><G79/><T67/><D67/><U52/><E52/><V108/><F108/><W81/><G55/><T42/><D42/><U18/><E18/><N who="0" m="7273" /><D25/><U98/><E98/><V109/><F109/><W120/><G56/><T132/><D3/><U124/><E124/><V53/><F53/><W35/><G100/><T78/><D78/><U34/><AGARI ba="1,1" hai="33,34,39,40,47,99,103,105" m="20535,42151" machi="34" ten="30,4000,0" yaku="25,1,33,2" doraHai="76" who="1" fromWho="1" sc="90,-11,314,53,344,-11,242,-21" owari="79,-42.1,367,46.7,333,13.3,221,-17.9" /></mjloggm>