<mjloggm ver="2.3"><GO type="169" lobby="0"/><UN n0="%E8%80%81%E6%A5%BD" n1="%E3%81%A9%E3%82%93%E3%81%9F%E3%82%83%E3%82%93" n2="%E6%8C%91%E6%88%A6%E8%80%85%EF%BC%81" n3="%E6%95%97%E5%8C%97%E8%80%85%E3%81%AD%E3%82%8B" dan="17,16,17,17" rate="2225.82,2185.67,2185.92,2194.51" sx="M,F,M,F"/><TAIKYOKU oya="0"/><INIT seed="0,0,0,2,2,16" ten="250,250,250,250" oya="0" hai0="1,110,49,47,76,46,12,2,57,32,108,59,73" hai1="79,75,82,116,64,30,85,131,107,69,9,63,21" hai2="20,99,119,80,88,74,78,15,65,50,8,3,125" hai3="98,13,14,112,130,52,90,55,120,45,11,128,103"/><T22/><D32/><U39/><E116/><V105/><F119/><W48/><G112/><T92/><D73/><U66/><E107/><V53/><F125/><W70/><G70/><T72/><D72/><U18/><E39/><V35/><F35/><W56/><G120/><T133/><D76/><U51/><E131/><N who="3" m="50218" /><G90/><T91/><D133/><U111/><E111/><N who="0" m="42537" /><D59/><U94/><E66/><V6/><F65/><W42/><G11/><T129/><D129/><U117/><E117/><V100/><F3/><N who="0" m="1034" /><D57/><U43/><E9/><V89/><REACH who="2" step="1"/><F20/><REACH who="2" ten="250,250,240,250" step="2"/><W121/><G121/><T118/><D118/><U37/><E21/><V31/><F31/><W17/><G17/><N who="0" m="10535" /><D49/><U5/><E51/><V124/><F124/><W61/><G42/><T38/><D38/><U114/><E43/><V113/><F113/><W24/><G24/><T132/><D132/><U68/><E37/><V101/><F101/><W87/><G87/><AGARI ba="0,1" hai="46,47,87,91,92" m="10535,1034,42537" machi="87" ten="30,5800,0" yaku="14,1,10,1,52,1" doraHai="16" who="0" fromWho="3" sc="250,68,250,0,240,0,250,-58" /><INIT seed="0,1,0,1,2,23" ten="318,250,240,192" oya="0" hai0="12,59,19,0,58,69,118,51,18,130,27,50,33" hai1="126,83,89,10,65,31,16,42,104,123,121,56,133" hai2="74,100,39,61,8,2,47,32,92,53,41,44,82" hai3="94,102,116,110,78,36,103,45,80,73,63,114,14"/><T79/><D69/><U117/><E117/><V91/><F32/><W125/><G114/><T9/><D118/><U24/><E104/><V88/><F100/><W34/><G116/><T62/><D130/><U20/><E126/><V77/><F92/><W107/><G34/><T120/><D120/><U106/><E106/><V68/><F47/><W86/><G110/><T134/><D134/><U15/><E133/><V97/><F97/><W28/><G28/><T60/><D0/><U128/><E128/><V55/><F55/><W64/><G125/><T25/><D79/><U72/><E42/><V3/><F3/><W129/><G107/><T70/><D70/><U84/><REACH who="1" step="1"/><E72/><REACH who="1" ten="318,240,240,192" step="2"/><V37/><F37/><W90/><G129/><T99/><D99/><U4/><E4/><V75/><F75/><W38/><G38/><T109/><D109/><U43/><E43/><V81/><F81/><W108/><G36/><T11/><D33/><U135/><E135/><V7/><REACH who="2" step="1"/><F53/><REACH who="2" ten="318,240,230,192" step="2"/><W105/><G105/><T6/><D6/><U124/><E124/><V119/><F119/><W122/><G80/><T21/><D21/><U127/><E127/><V112/><F112/><W35/><G73/><T115/><D115/><U85/><E85/><V54/><F54/><W96/><G86/><T1/><D1/><U76/><E76/><V71/><F71/><W48/><G78/><T22/><D22/><U26/><E26/><V13/><F13/><AGARI ba="1,2" hai="9,11,12,13,18,19,25,27,50,51,58,59,60,62" machi="13" ten="25,12000,1" yaku="22,2,8,1,52,2" doraHai="23" who="0" fromWho="2" sc="318,143,240,0,230,-123,192,0" /><INIT seed="0,2,0,1,3,15" ten="461,240,107,192" oya="0" hai0="80,69,113,59,90,111,41,133,104,48,109,36,18" hai1="89,32,85,45,6,57,4,35,43,128,129,106,5" hai2="11,40,123,37,107,10,1,108,127,74,105,20,44" hai3="68,116,7,100,52,42,64,103,38,92,126,9,84"/><T122/><D104/><U0/><E0/><V114/><F123/><W39/><G116/><T98/><D69/><U134/><E57/><V21/><F114/><W95/><G126/><T77/><D113/><U27/><E106/><V2/><F127/><W119/><G119/><T30/><D30/><U131/><E134/><V54/><F108/><N who="0" m="41546" /><D122/><U17/><E27/><V13/><F74/><W22/><G64/><T12/><D36/><U78/><E78/><V8/><F107/><W75/><G68/><T51/><D41/><U88/><E17/><V99/><F54/><W63/><G75/><N who="0" m="43071" /><D59/><U70/><E70/><V81/><F81/><W31/><G92/><N who="0" m="56599" /><D133/><U94/><REACH who="1" step="1"/><E89/><REACH who="1" ten="461,230,107,192" step="2"/><V83/><F1/><W28/><G103/><T121/><D121/><U120/><E120/><V124/><F2/><W29/><G100/><T34/><D34/><U79/><E79/><V16/><F124/><W53/><G28/><T87/><D87/><U24/><E24/><V47/><F16/><W25/><G84/><T110/><D110/><U61/><E61/><V60/><F60/><W76/><G31/><T118/><D118/><U55/><E55/><V91/><F40/><W102/><G76/><T26/><D26/><U33/><E33/><V82/><F13/><N who="3" m="5311" /><G42/><T3/><D3/><U50/><AGARI ba="2,1" hai="4,5,6,32,35,43,45,50,85,88,94,128,129,131" machi="50" ten="40,8000,1" yaku="1,1,0,1,19,1,54,1,53,0" doraHai="15" doraHaiUra="117" who="1" fromWho="1" sc="461,-42,230,96,107,-22,192,-22" /><INIT seed="1,0,0,4,3,108" ten="419,326,85,170" oya="1" hai0="109,9,3,67,119,105,120,102,118,11,59,58,71" hai1="73,12,125,90,38,70,122,94,6,89,68,112,75" hai2="18,103,61,56,84,25,45,99,64,101,62,40,65" hai3="128,82,104,79,74,29,97,92,91,17,1,23,39"/><U15/><E38/><V95/><F84/><W129/><G39/><T66/><D3/><U76/><E125/><V96/><F18/><W53/><G1/><T10/><D109/><U98/><E94/><V50/><F25/><W113/><G113/><T132/><D71/><U19/><E19/><V124/><F124/><W33/><G29/><T60/><D132/><U127/><E127/><V134/><F134/><W22/><G33/><T48/><D120/><U100/><E100/><V123/><F123/><W81/><G53/><T107/><D48/><U32/><E122/><V133/><F133/><W131/><G82/><T116/><D102/><U106/><E32/><V41/><F41/><W69/><G69/><T57/><D60/><U111/><E111/><V63/><REACH who="2" step="1"/><F65/><AGARI ba="0,0" hai="9,10,11,57,58,59,65,66,67,105,107,116,118,119" machi="65" ten="50,8000,1" yaku="29,2,28,2" doraHai="108" who="0" fromWho="2" sc="419,80,326,0,85,-80,170,0" /><INIT seed="2,0,0,0,3,71" ten="499,326,5,170" oya="2" hai0="101,45,111,82,32,38,18,122,40,118,50,133,108" hai1="35,28,62,4,100,89,37,47,78,9,46,125,11" hai2="127,106,29,120,75,93,129,113,10,64,110,20,81" hai3="96,30,33,80,2,123,73,52,119,66,88,26,23"/><V116/><F113/><W95/><G119/><T31/><D101/><U43/><E100/><V65/><F116/><W51/><G2/><T128/><D32/><U21/><E35/><V7/><F106/><W124/><G124/><T114/><D31/><U112/><E112/><V79/><F120/><W91/><G123/><T132/><D114/><U105/><E105/><V99/><F127/><W97/><G33/><T41/><D118/><U17/><E28/><V77/><F77/><W53/><G66/><T61/><D122/><U87/><E78/><V90/><F129/><W13/><G73/><T8/><D82/><U44/><E62/><V74/><F74/><W130/><G130/><T121/><D61/><U84/><E84/><V34/><F34/><W107/><G107/><T76/><D76/><U19/><E19/><V104/><F104/><W85/><G97/><T55/><D121/><U54/><E9/><V70/><F70/><W103/><G103/><T56/><D128/><U115/><E125/><V48/><F110/><N who="0" m="42026" /><D40/><U72/><E72/><V63/><F48/><W16/><REACH who="3" step="1"/><G51/><REACH who="3" ten="499,326,5,160" step="2"/><T3/><D3/><U22/><E115/><V57/><F65/><W49/><G49/><T109/><D109/><U0/><E0/><V14/><F75/><W25/><G25/><T36/><D36/><U94/><E37/><V59/><F79/><W6/><G6/><T42/><D42/><U135/><E43/><V67/><F81/><W58/><G58/><N who="2" m="22025" /><F63/><W68/><G68/><T117/><D117/><U39/><E39/><V1/><F1/><W98/><G98/><T83/><D83/><RYUUKYOKU ba="0,1" sc="499,10,326,-30,5,10,160,10" hai0="8,18,38,41,45,50,55,56,132,133" hai2="7,10,14,20,29,64,67,90,93,99" hai3="13,16,23,26,30,52,53,80,85,88,91,95,96" /><INIT seed="2,1,1,5,5,101" ten="509,296,15,170" oya="2" hai0="45,37,29,52,84,31,74,1,66,134,124,106,9" hai1="132,54,57,7,125,67,76,60,109,86,12,20,108" hai2="100,53,99,25,65,88,102,112,122,48,92,96,24" hai3="26,135,113,55,36,63,89,35,28,91,79,21,22"/><V73/><F112/><W13/><G36/><T18/><D74/><U17/><E125/><V105/><F122/><W129/><G129/><T78/><D66/><U127/><E127/><V2/><F2/><W56/><G135/><T121/><D106/><U70/><E132/><V34/><F73/><W39/><G39/><T59/><D78/><U0/><E0/><V82/><F65/><W43/><G43/><T120/><D84/><U14/><E76/><V23/><F34/><W47/><G47/><T85/><D85/><U10/><REACH who="1" step="1"/><E86/><REACH who="1" ten="509,286,15,170" step="2"/><V38/><F38/><W118/><G79/><T97/><D1/><U61/><AGARI ba="1,2" hai="7,10,12,14,17,20,54,57,60,61,67,70,108,109" machi="61" ten="30,8000,1" yaku="1,1,2,1,0,1,53,2" doraHai="101" doraHaiUra="8" who="1" fromWho="1" sc="509,-21,286,103,15,-41,170,-21" owari="488,58.8,389,18.9,-26,-52.6,149,-25.1" /></mjloggm>