<mjloggm ver="2.3"><GO type="169" lobby="0"/><UN n0="%E3%82%A4%E3%82%AB%E3%81%AB%E3%82%82%E6%9D%B1%E5%8C%97" n1="%61%6B%61%69%6B%69" n2="%E3%81%99%E3%81%84%E3%81%BF%E3%82%87%E3%82%93%44%5A" n3="%E3%80%8E%E3%83%A8%E3%82%B9%E3%82%AC%E3%83%8E%E3%82%BD%E3%83%A9%E3%80%8F" dan="16,17,16,17" rate="2163.56,2222.47,2105.21,2179.68" sx="M,M,M,M"/><TAIKYOKU oya="0"/><INIT seed="0,0,0,1,0,61" ten="250,250,250,250" oya="0" hai0="87,47,36,95,62,83,132,69,79,71,129,85,124" hai1="23,31,81,118,116,68,52,78,88,97,123,103,25" hai2="104,34,127,22,77,115,56,19,11,128,125,65,21" hai3="131,130,114,86,126,48,60,44,121,50,90,18,54"/><T119/><D119/><U43/><E123/><V74/><F104/><W105/><G105/><T17/><D129/><N who="3" m="49161" /><G121/><T16/><D124/><U76/><E68/><V9/><F34/><W101/><G101/><T75/><D132/><U67/><E43/><V57/><F128/><W1/><G1/><T5/><D5/><U111/><E111/><V28/><F77/><W49/><G126/><T63/><D63/><U134/><E134/><V38/><F74/><W120/><G120/><T107/><D107/><U133/><E133/><V94/><F94/><N who="3" m="54615" /><G114/><T92/><D92/><N who="1" m="58791" /><E118/><V102/><F102/><W80/><G80/><T51/><D36/><U96/><E116/><V41/><F38/><W4/><G4/><T2/><D2/><U110/><E110/><V10/><F115/><W24/><G60/><T106/><D106/><U117/><E117/><V45/><F127/><W26/><G18/><T27/><D71/><U3/><E3/><V39/><F125/><W30/><G24/><T32/><D95/><N who="1" m="56423" /><E81/><V98/><F98/><W66/><G66/><T99/><D99/><U46/><E67/><V8/><F65/><W93/><G93/><T37/><D37/><U59/><E46/><V20/><REACH who="2" step="1"/><F28/><REACH who="2" ten="250,250,240,250" step="2"/><W0/><G0/><T53/><D75/><U82/><E82/><V70/><F70/><W12/><G12/><AGARI ba="0,1" hai="8,9,10,11,12,19,20,21,22,39,41,45,56,57" machi="12" ten="40,1300,0" yaku="1,1,53,0" doraHai="61" doraHaiUra="112" who="2" fromWho="3" sc="250,0,250,0,240,23,250,-13" /><INIT seed="1,0,0,2,2,103" ten="250,250,263,237" oya="1" hai0="5,97,87,70,118,112,108,80,110,92,122,113,119" hai1="45,9,41,1,25,71,68,106,126,26,20,39,29" hai2="31,67,53,6,133,59,63,14,88,62,123,44,134" hai3="121,49,111,86,22,91,69,132,28,77,57,38,128"/><U18/><E126/><V50/><F31/><W107/><G121/><T27/><D70/><U12/><E106/><V7/><F123/><W98/><G38/><T15/><D27/><U61/><E1/><V54/><F14/><W114/><G69/><T11/><D122/><U89/><E61/><V24/><F24/><W76/><G114/><N who="0" m="44139" /><D15/><U40/><E40/><V23/><F23/><W78/><G111/><N who="0" m="42539" /><D11/><U129/><E129/><V104/><F104/><W52/><G128/><T3/><D5/><U94/><REACH who="1" step="1"/><E26/><REACH who="1" ten="250,240,263,237" step="2"/><V81/><F134/><W131/><G132/><T10/><D3/><U100/><E100/><V85/><REACH who="2" step="1"/><F133/><REACH who="2" ten="250,240,253,237" step="2"/><W99/><G107/><T58/><D119/><U116/><E116/><V95/><F95/><N who="3" m="54775" /><G131/><T102/><D92/><U90/><E90/><V51/><F51/><W17/><G28/><T115/><D115/><U60/><E60/><V43/><F43/><W84/><G49/><T120/><D120/><U130/><E130/><V135/><F135/><W16/><G76/><T101/><D118/><U4/><E4/><V125/><F125/><W2/><G77/><T48/><D48/><U93/><E93/><V127/><F127/><W56/><G78/><T75/><D102/><U19/><E19/><V124/><F124/><W37/><G16/><T117/><D101/><U36/><E36/><V32/><F32/><W79/><G17/><T33/><D117/><U8/><E8/><V73/><F73/><W46/><G37/><T30/><D10/><U35/><E35/><V109/><F109/><W83/><G79/><N who="0" m="46495" /><D33/><U72/><E72/><V21/><F21/><RYUUKYOKU ba="0,2" sc="250,-15,240,15,253,15,237,-15" hai1="9,12,18,20,25,29,39,41,45,68,71,89,94" hai2="6,7,44,50,53,54,59,62,63,67,81,85,88" /><INIT seed="1,1,2,5,2,38" ten="235,255,268,222" oya="1" hai0="99,40,134,128,69,103,83,6,47,9,4,19,82" hai1="91,64,36,109,63,76,29,94,125,26,50,51,102" hai2="46,21,12,113,58,121,131,68,25,126,67,97,100" hai3="115,70,105,37,42,18,95,75,123,74,90,61,110"/><U24/><E36/><V1/><F1/><W3/><G115/><T49/><D69/><U71/><E125/><V52/><F121/><W17/><G123/><T106/><D128/><U93/><E109/><V116/><F116/><W35/><G3/><T72/><D134/><U129/><E129/><V119/><F119/><W13/><G105/><T88/><D72/><U39/><E39/><V43/><F131/><W89/><G35/><T56/><D56/><U73/><E26/><V80/><F126/><W107/><G107/><T41/><D41/><U101/><E94/><N who="2" m="58423" /><F68/><W53/><G110/><T2/><D4/><U7/><E7/><V60/><F80/><W34/><G34/><T10/><REACH who="0" step="1"/><D88/><REACH who="0" ten="225,255,268,222" step="2"/><U104/><E73/><V108/><F108/><W133/><G89/><T111/><D111/><U62/><E71/><V27/><F113/><W31/><G75/><T15/><AGARI ba="1,3" hai="2,6,9,10,15,19,40,47,49,82,83,99,103,106" machi="15" ten="30,4000,0" yaku="1,1,0,1,52,1,53,0" doraHai="38" doraHaiUra="135" who="0" fromWho="0" sc="225,73,255,-21,268,-11,222,-11" /><INIT seed="2,0,0,1,5,10" ten="298,234,257,211" oya="2" hai0="50,27,116,98,132,134,14,130,99,124,81,49,70" hai1="113,78,40,51,34,87,32,59,84,54,31,123,63" hai2="72,75,20,52,42,41,21,100,16,2,89,126,12" hai3="112,119,48,18,73,128,71,8,1,107,96,118,28"/><V47/><F2/><W69/><G73/><T45/><D70/><U64/><E113/><V111/><F126/><W85/><G128/><T13/><D130/><U62/><E123/><V11/><F100/><W105/><G112/><T61/><D124/><U106/><E106/><V97/><F111/><W15/><G1/><T135/><D116/><U56/><E31/><V90/><F75/><W102/><G28/><T117/><D117/><U110/><E110/><V5/><F72/><W4/><G119/><T131/><D131/><U86/><E78/><V23/><F5/><W76/><G118/><T74/><D61/><U43/><REACH who="1" step="1"/><E63/><REACH who="1" ten="298,224,257,211" step="2"/><V19/><F19/><W125/><G125/><T0/><D135/><U88/><E88/><N who="2" m="33899" /><F97/><W103/><G18/><T121/><D99/><U3/><E3/><V120/><F120/><W6/><G107/><T82/><D98/><U104/><E104/><V65/><F65/><W17/><G103/><T38/><D0/><U115/><E115/><V60/><F60/><W55/><G17/><T44/><D121/><U46/><E46/><V26/><F26/><W101/><G101/><T53/><D27/><U122/><E122/><V83/><F83/><N who="3" m="47335" /><G4/><T109/><D109/><U35/><AGARI ba="0,1" hai="32,34,35,40,43,51,54,56,59,62,64,84,86,87" machi="35" ten="40,2700,0" yaku="1,1,0,1,53,0" doraHai="10" doraHaiUra="95" who="1" fromWho="1" sc="298,-7,224,37,257,-13,211,-7" /><INIT seed="3,0,0,4,0,80" ten="291,261,244,204" oya="3" hai0="26,0,100,78,132,49,21,13,43,71,16,126,18" hai1="52,85,48,104,96,89,94,111,1,37,95,58,122" hai2="65,53,92,109,120,3,61,2,135,67,17,31,54" hai3="130,86,11,118,47,83,72,91,15,32,36,64,44"/><W27/><G118/><T77/><D0/><U57/><E111/><V88/><F109/><W59/><G130/><T5/><D71/><U39/><E122/><V133/><F31/><W55/><G36/><T66/><D132/><N who="2" m="50762" /><F120/><W33/><G64/><N who="2" m="24649" /><F17/><W114/><G114/><T19/><D126/><U22/><E1/><N who="2" m="11" /><F61/><W51/><G72/><T68/><D68/><U101/><E58/><V87/><AGARI ba="0,0" hai="53,54,87,88,92" m="11,24649,50762" machi="87" ten="40,5200,0" yaku="20,1,52,1,54,1" doraHai="80" who="2" fromWho="2" sc="291,-13,261,-13,244,52,204,-26" /><INIT seed="4,0,0,5,4,130" ten="278,248,296,178" oya="0" hai0="46,95,60,72,65,66,81,89,121,135,103,93,11" hai1="118,24,15,99,2,51,17,12,112,90,0,108,31" hai2="73,61,109,117,69,14,27,34,20,30,114,43,63" hai3="39,42,83,98,7,49,82,8,101,32,18,91,68"/><T119/><D119/><U13/><E118/><V16/><F117/><W92/><G68/><T71/><D121/><U52/><E108/><V134/><F109/><W33/><G39/><T47/><D103/><U37/><E37/><V96/><F73/><W127/><G127/><T85/><D135/><U122/><E122/><V97/><F114/><W115/><G115/><T54/><D66/><U38/><E38/><V26/><F43/><W107/><G18/><T35/><D35/><U10/><E112/><V77/><F77/><W58/><G32/><T79/><D95/><N who="1" m="56823" /><E2/><V105/><F134/><W75/><G33/><T125/><D125/><U80/><E80/><V28/><F105/><W4/><G4/><T3/><REACH who="0" step="1"/><D54/><REACH who="0" ten="268,248,296,178" step="2"/><U45/><E0/><V129/><F129/><W104/><G104/><T59/><D59/><U124/><E124/><V120/><F120/><W67/><G67/><T36/><D36/><U44/><E44/><V113/><F113/><W88/><G107/><T23/><D23/><AGARI ba="0,1" hai="10,12,13,15,17,23,24,31,45,51,52" m="56823" machi="23" ten="30,2000,0" yaku="8,1,54,1" doraHai="130" who="1" fromWho="0" sc="268,-20,248,30,296,0,178,0" /><INIT seed="5,0,0,3,4,61" ten="248,278,296,178" oya="1" hai0="60,118,18,85,132,81,15,58,64,84,88,112,108" hai1="67,51,56,63,1,12,66,101,13,133,80,68,71" hai2="79,75,11,135,34,26,127,97,22,76,121,30,29" hai3="55,32,7,73,90,36,74,124,65,134,87,42,59"/><U91/><E1/><V17/><F121/><W52/><G32/><T123/><D108/><U48/><E101/><V24/><F75/><W41/><G134/><T105/><D118/><U129/><E133/><V62/><F135/><W50/><G124/><T35/><D132/><U37/><E37/><V94/><F127/><W95/><G7/><T126/><D126/><U54/><E129/><V107/><F107/><W4/><G4/><T21/><D112/><U83/><E91/><V114/><F114/><W93/><G36/><T131/><D131/><U125/><E125/><V47/><F47/><W9/><G9/><T98/><D123/><U109/><E109/><V8/><F62/><N who="3" m="38111" /><G74/><T43/><D35/><U110/><E110/><V106/><F106/><W102/><G73/><T14/><D43/><N who="3" m="16393" /><G50/><N who="1" m="18986" /><E71/><V5/><F17/><W100/><G100/><T72/><D72/><U96/><E96/><AGARI ba="0,0" hai="52,55,87,90,93,95,96,102" m="16393,38111" machi="96" ten="30,3900,0" yaku="8,1,52,1,54,1" doraHai="61" who="3" fromWho="1" sc="248,0,278,-39,296,0,178,39" /><INIT seed="6,0,0,1,0,88" ten="248,239,296,217" oya="2" hai0="133,129,130,91,101,50,33,39,49,21,57,124,19" hai1="120,32,65,70,119,30,13,89,103,86,26,74,3" hai2="106,4,28,9,10,15,121,110,38,92,62,14,48" hai3="22,84,72,11,90,54,116,27,131,68,45,37,43"/><V2/><F106/><W118/><G72/><T31/><D39/><U100/><E119/><V81/><F38/><W95/><G131/><N who="0" m="50187" /><D101/><U97/><E3/><V24/><F121/><W6/><G68/><T109/><D109/><U35/><E74/><V7/><F110/><W122/><G122/><T17/><D17/><U67/><E120/><V77/><F62/><W36/><G54/><T85/><D124/><U69/><E35/><V53/><F2/><W5/><G36/><T46/><D46/><U61/><E13/><V99/><F81/><W79/><G79/><T64/><D133/><U8/><E8/><V112/><F112/><W47/><G47/><T135/><D31/><U59/><E67/><V76/><F48/><W16/><REACH who="3" step="1"/><G5/><REACH who="3" ten="248,239,296,207" step="2"/><T73/><D73/><U127/><E127/><V20/><F53/><W52/><G52/><T78/><D78/><U93/><REACH who="1" step="1"/><E103/><AGARI ba="0,1" hai="4,7,9,10,14,15,20,24,28,76,77,92,99,103" machi="103" ten="30,11600,0" yaku="7,1,9,1,8,1,52,1" doraHai="88" who="2" fromWho="1" sc="248,0,239,-116,296,126,207,0" /><INIT seed="6,1,0,5,4,10" ten="248,123,422,207" oya="2" hai0="65,110,37,48,96,79,36,101,88,132,125,17,85" hai1="129,70,113,84,5,127,63,72,56,66,30,44,93" hai2="52,86,6,31,92,16,131,69,83,81,71,104,49" hai3="43,116,4,22,68,133,54,105,107,9,89,124,102"/><V103/><F104/><W57/><G116/><T12/><D110/><U74/><E113/><V23/><F31/><W18/><G68/><T77/><D132/><U35/><E127/><V3/><F131/><W2/><G133/><T29/><D125/><U39/><E129/><V114/><F3/><W135/><G135/><T26/><D65/><U134/><E134/><V99/><F6/><W61/><G124/><T82/><D48/><U94/><E5/><V50/><F50/><W95/><G43/><T123/><D123/><U130/><E130/><V24/><F83/><W75/><G102/><T98/><D37/><U7/><E7/><V33/><F33/><W112/><G75/><T64/><D64/><U58/><E74/><V45/><F114/><W46/><G46/><T97/><D101/><U11/><E72/><V100/><F103/><W32/><G32/><T118/><D36/><U109/><E109/><V55/><F55/><W20/><G20/><N who="0" m="15559" /><D118/><U8/><E44/><V62/><F62/><W1/><G1/><T91/><D91/><AGARI ba="1,0" hai="16,23,24,45,49,52,69,71,81,86,91,92,99,100" machi="91" ten="30,5800,0" yaku="7,1,54,2" doraHai="10" who="2" fromWho="0" sc="248,-61,123,0,422,61,207,0" /><INIT seed="6,2,0,2,1,65" ten="187,123,483,207" oya="2" hai0="86,32,101,34,6,128,92,71,132,72,22,19,112" hai1="80,18,127,85,116,0,75,63,56,46,76,89,130" hai2="84,115,104,134,94,66,119,90,9,55,7,96,41" hai3="27,29,109,74,40,8,99,117,62,61,42,53,48"/><V100/><F119/><W103/><G74/><T78/><D72/><U97/><E127/><V26/><F115/><W120/><G109/><T33/><D112/><U35/><E130/><V16/><F134/><W122/><G117/><T4/><D132/><U28/><E116/><V135/><F41/><W82/><G82/><T59/><D71/><U30/><E0/><V50/><F66/><W10/><G122/><T20/><D20/><U79/><E35/><V44/><F135/><W118/><G118/><T2/><D2/><U111/><E111/><V17/><REACH who="2" step="1"/><F26/><REACH who="2" ten="187,123,473,207" step="2"/><W110/><G40/><T113/><D113/><U129/><E129/><V126/><F126/><W24/><G42/><T87/><D128/><U31/><E76/><V77/><F77/><W43/><G43/><T107/><D78/><U102/><E79/><V13/><AGARI ba="2,1" hai="7,9,13,16,17,44,50,55,84,90,94,96,100,104" machi="13" ten="20,7800,0" yaku="1,1,0,1,7,1,54,1,53,0" doraHai="65" doraHaiUra="21" who="2" fromWho="2" sc="187,-28,123,-28,473,94,207,-28" /><INIT seed="6,3,0,2,5,7" ten="159,95,567,179" oya="2" hai0="57,132,58,76,22,134,116,100,56,23,114,30,61" hai1="24,91,125,18,46,29,36,86,28,111,120,83,96" hai2="16,72,135,112,94,84,103,62,50,126,48,71,113" hai3="105,13,109,20,108,85,104,47,9,69,21,53,12"/><V4/><F72/><W34/><G34/><T17/><D114/><U59/><E111/><V11/><F126/><W81/><G69/><T80/><D116/><U19/><E125/><V67/><F135/><N who="0" m="51754" /><D100/><U128/><E128/><V14/><F4/><W124/><G124/><T98/><D98/><U89/><E120/><V92/><F94/><W88/><G105/><T82/><D82/><U115/><E115/><N who="2" m="44107" /><F84/><W5/><G104/><T87/><D30/><U73/><E73/><V41/><F41/><W90/><G90/><T44/><D44/><U130/><E130/><V26/><F26/><W25/><G13/><N who="0" m="9519" /><D23/><U77/><E28/><V2/><F2/><W74/><G20/><T133/><N who="0" m="51762" /><T42/><DORA hai="107" /><D42/><U129/><E46/><V10/><F10/><W119/><G119/><T43/><D43/><U68/><E89/><V45/><F45/><W131/><G131/><T93/><D93/><U55/><E129/><V123/><F123/><W1/><G47/><T32/><D32/><U102/><E91/><V37/><F37/><W78/><G88/><T65/><AGARI ba="3,0" hai="56,57,58,61,65,76,80,87" m="9519,51762" machi="65" ten="40,1500,0" yaku="20,1" doraHai="7,107" who="0" fromWho="0" sc="159,24,95,-7,567,-10,179,-7" /><INIT seed="7,0,0,1,4,81" ten="183,88,557,172" oya="3" hai0="11,46,109,106,9,60,15,7,110,2,94,85,104" hai1="115,89,31,49,103,112,79,127,50,57,83,62,99" hai2="34,6,27,5,37,47,77,66,58,131,71,86,100" hai3="93,33,16,53,124,54,20,21,0,48,70,52,91"/><W29/><G70/><T64/><D106/><U102/><E127/><V55/><F100/><W107/><G107/><T116/><D104/><U28/><E89/><V98/><F98/><N who="3" m="57663" /><G33/><T68/><D116/><U113/><E49/><V59/><F71/><W129/><G0/><T105/><D105/><U126/><E50/><V25/><F34/><W1/><G1/><T67/><D67/><U39/><E39/><V22/><F37/><W133/><G129/><T96/><D85/><U43/><E43/><V95/><F131/><W75/><G75/><T135/><D46/><U30/><E126/><V74/><F74/><W132/><G124/><T45/><D45/><U44/><E44/><V14/><F95/><W117/><G117/><T72/><D72/><U10/><E10/><V108/><F77/><W8/><G29/><T61/><D61/><U32/><E99/><V42/><F42/><W121/><G48/><T40/><D40/><U101/><E32/><V76/><F76/><W125/><G121/><T63/><D63/><U24/><E24/><V51/><F51/><W73/><G73/><T26/><D26/><U35/><E35/><V97/><F47/><W56/><G56/><T3/><D3/><U18/><E18/><V118/><F59/><W134/><G125/><T128/><D128/><U69/><E69/><V36/><F58/><W123/><G123/><T120/><D120/><U119/><E119/><V122/><F36/><W111/><G111/><T41/><D110/><U84/><REACH who="1" step="1"/><E31/><REACH who="1" ten="183,78,557,172" step="2"/><V78/><F118/><W114/><G8/><N who="0" m="4511" /><D109/><U80/><E80/><V92/><F122/><RYUUKYOKU ba="0,1" sc="183,-10,78,30,557,-10,172,-10" hai1="28,30,57,62,79,83,84,101,102,103,112,113,115" owari="173,-2.7,108,-39.2,557,65.7,162,-23.8" /></mjloggm>