<mjloggm ver="2.3"><GO type="169" lobby="0"/><UN n0="%67%6F%6B%75%61%6B%75" n1="%E5%9C%A7%E5%80%92%E7%9A%84%E3%83%9D%E3%83%B3" n2="%31%74%61" n3="%6E%61%67%61%69%6D%6F" dan="17,17,17,16" rate="2208.20,2222.43,2231.21,2134.33" sx="M,M,M,M"/><TAIKYOKU oya="0"/><INIT seed="0,0,0,5,3,123" ten="250,250,250,250" oya="0" hai0="91,7,98,28,65,8,41,72,35,33,45,19,18" hai1="52,135,105,37,34,82,120,24,54,25,36,133,95" hai2="106,38,27,62,64,69,99,51,13,56,11,44,50" hai3="109,116,4,15,128,0,46,119,42,88,26,90,97"/><T67/><D72/><U84/><E95/><V85/><F85/><W43/><G0/><T16/><D98/><U10/><E105/><V96/><F27/><N who="1" m="10313" /><E34/><V23/><F23/><W124/><G26/><T80/><D28/><U17/><E120/><V74/><F74/><W100/><G15/><T115/><D115/><U57/><E10/><V5/><F106/><W68/><G4/><T53/><D35/><U117/><E17/><V86/><F86/><W83/><G68/><T108/><D33/><U114/><E114/><V87/><F87/><W77/><G46/><T58/><D91/><N who="1" m="51607" /><E54/><N who="2" m="31839" /><F50/><W48/><G48/><T1/><D80/><U6/><E6/><V125/><F125/><W101/><G124/><T131/><D1/><U110/><E117/><V103/><F103/><W118/><G118/><T39/><D7/><U126/><E126/><V93/><F93/><W81/><G97/><T134/><D8/><U122/><E122/><V60/><F60/><W31/><G31/><T9/><D9/><U79/><E79/><V40/><AGARI ba="0,0" hai="5,11,13,38,40,44,62,64,69,96,99" m="31839" machi="40" ten="30,1100,0" yaku="24,1" doraHai="123" who="2" fromWho="2" sc="250,-5,250,-3,250,11,250,-3" /><INIT seed="1,0,0,3,0,30" ten="245,247,261,247" oya="1" hai0="106,91,45,36,81,94,51,103,97,35,132,26,96" hai1="12,68,58,84,41,93,57,44,121,126,29,7,90" hai2="40,119,76,25,64,60,79,56,80,116,101,110,43" hai3="85,17,112,33,98,37,128,102,135,107,1,74,8"/><U86/><E121/><V24/><F110/><W4/><G112/><T53/><D132/><U109/><E68/><V34/><F101/><W39/><G135/><T92/><D36/><U48/><E126/><V67/><F56/><W55/><G128/><T63/><D63/><U118/><E118/><V31/><F31/><W42/><G74/><T115/><D115/><U77/><E109/><V127/><F60/><W18/><G55/><T3/><D3/><U49/><E49/><V20/><F20/><W10/><G85/><T52/><D53/><U129/><E29/><V100/><F100/><W134/><G134/><T73/><D26/><U11/><E129/><V120/><F80/><AGARI ba="0,0" hai="7,11,12,41,44,48,57,58,77,80,84,86,90,93" machi="80" ten="40,7700,0" yaku="25,2,8,1" doraHai="30" who="1" fromWho="2" sc="245,0,247,77,261,-77,247,0" /><INIT seed="1,1,0,3,3,87" ten="245,324,184,247" oya="1" hai0="9,83,3,4,37,36,85,64,49,94,127,6,41" hai1="88,112,44,62,76,68,2,86,110,45,113,10,132" hai2="96,70,97,26,116,54,60,95,73,134,117,63,33" hai3="133,107,42,21,119,102,91,25,122,93,135,105,40"/><U90/><E132/><N who="3" m="50762" /><G122/><T53/><D127/><U16/><E2/><V11/><F73/><W123/><G123/><T65/><D6/><U7/><E7/><V126/><F126/><W57/><G57/><T39/><D94/><U84/><E76/><V103/><F134/><W67/><G67/><T13/><D41/><N who="3" m="15977" /><G102/><T128/><D128/><U115/><E68/><V19/><F11/><W43/><G43/><T34/><D34/><U75/><E75/><V81/><F33/><W100/><G100/><T118/><D118/><U108/><E62/><V17/><F54/><W109/><G109/><N who="1" m="42090" /><E10/><V82/><F103/><W98/><G119/><T20/><D20/><U69/><E69/><V24/><F70/><W32/><G32/><T101/><D101/><U27/><E27/><V59/><F59/><W89/><G89/><N who="1" m="34410" /><E16/><AGARI ba="1,0" hai="16,21,25,91,93,98,105,107" m="15977,50762" machi="16" ten="30,3900,0" yaku="20,1,52,1,54,1" doraHai="87" who="3" fromWho="1" sc="245,0,324,-42,184,0,247,42" /><INIT seed="2,0,0,4,2,116" ten="245,282,184,289" oya="2" hai0="4,26,67,17,38,8,117,123,133,65,12,39,42" hai1="131,114,29,30,11,86,40,118,19,74,10,113,90" hai2="85,55,111,43,99,31,46,70,100,129,24,69,84" hai3="1,130,51,106,109,101,121,15,2,60,33,127,48"/><V56/><F129/><W78/><G33/><T71/><D117/><U68/><E118/><V88/><F111/><W52/><G109/><T97/><D133/><U18/><E74/><V72/><F72/><W28/><G130/><T66/><D71/><U87/><E131/><V104/><F84/><W36/><G36/><T125/><D125/><U14/><E68/><V108/><F108/><W83/><G28/><T34/><D42/><U82/><E40/><V77/><F77/><W80/><G127/><T27/><D27/><U0/><E0/><V6/><F6/><W44/><G60/><T76/><D76/><U9/><E114/><V126/><F126/><W93/><G106/><T102/><D123/><U134/><E134/><V54/><F69/><W13/><G93/><T16/><D34/><U128/><E128/><V81/><F56/><W132/><G101/><T53/><D53/><U7/><E113/><V79/><F79/><W61/><G61/><T96/><D26/><U22/><E7/><V115/><F70/><W92/><G92/><T3/><D17/><U98/><E98/><V64/><F64/><W75/><G132/><T59/><D59/><U32/><E32/><V41/><F41/><W25/><G25/><T122/><D122/><U103/><E103/><V107/><F107/><W45/><G121/><T91/><D91/><N who="1" m="51671" /><E18/><V47/><F115/><W57/><G57/><T119/><D119/><U112/><E112/><V37/><REACH who="2" step="1"/><F46/><REACH who="2" ten="245,282,174,289" step="2"/><W135/><G135/><T23/><REACH who="0" step="1"/><D97/><REACH who="0" ten="235,282,174,289" step="2"/><U110/><E110/><V120/><F120/><W73/><G78/><T50/><D50/><RYUUKYOKU ba="0,2" sc="235,0,282,0,174,0,289,0" hai0="3,4,8,12,16,23,38,39,65,66,67,96,102" hai1="9,10,11,14,19,22,29,30,87,90" hai2="24,31,37,43,47,54,55,81,85,88,99,100,104" hai3="1,2,13,15,44,45,48,51,52,73,75,80,83" /><INIT seed="2,1,2,5,2,11" ten="235,282,174,289" oya="2" hai0="57,55,72,46,65,119,45,63,40,22,122,94,14" hai1="35,29,76,80,121,34,77,92,97,111,113,66,112" hai2="86,48,99,4,49,32,124,6,71,106,101,105,108" hai3="67,75,56,50,84,18,98,73,30,81,116,131,127"/><V10/><F71/><W60/><G116/><T95/><D122/><U38/><E38/><V17/><F32/><W89/><G131/><T132/><D132/><U16/><E121/><V62/><F124/><W9/><G127/><T41/><D72/><U58/><E111/><V114/><F114/><W102/><G50/><N who="0" m="29135" /><D119/><U23/><E77/><V110/><F62/><W87/><G87/><T129/><D129/><U39/><E39/><V42/><F86/><W64/><G64/><T118/><D118/><U26/><E58/><V107/><F17/><W120/><G120/><T117/><D117/><U44/><E44/><V8/><F99/><W37/><G37/><T54/><D54/><U15/><E66/><V0/><F101/><W1/><G30/><T7/><D46/><U69/><E69/><V135/><F135/><W52/><G67/><T12/><D22/><U134/><E34/><V21/><F21/><W109/><G109/><N who="2" m="42089" /><F42/><N who="0" m="16490" /><D7/><U78/><E134/><V2/><AGARI ba="1,2" hai="0,2,4,6,8,10,48,49,105,106,107" m="42089" machi="2" ten="40,3900,0" yaku="14,1,10,1" doraHai="11" who="2" fromWho="2" sc="235,-14,282,-14,174,62,289,-14" /><INIT seed="2,2,0,0,4,128" ten="221,268,236,275" oya="2" hai0="111,53,69,5,19,61,127,112,96,103,6,7,13" hai1="108,17,66,119,51,55,41,50,25,16,84,109,37" hai2="52,27,9,113,131,32,125,39,116,20,115,126,14" hai3="23,24,48,133,123,59,92,122,64,11,26,90,118"/><V72/><F39/><W97/><G118/><T87/><D112/><N who="2" m="43082" /><F72/><W79/><G79/><T44/><D127/><N who="2" m="48650" /><F116/><W34/><G11/><T57/><D111/><U114/><E119/><V15/><F52/><W135/><G34/><T85/><D69/><U12/><E114/><V58/><F58/><W94/><G26/><T104/><REACH who="0" step="1"/><D44/><REACH who="0" ten="211,268,236,275" step="2"/><U68/><E68/><V31/><F131/><W82/><G123/><T47/><D47/><U38/><E109/><V93/><F93/><W102/><G122/><T106/><D106/><U40/><E108/><V67/><F67/><W110/><G110/><T99/><D99/><U89/><E66/><V30/><F9/><AGARI ba="2,1" hai="5,6,7,9,13,19,53,57,61,85,87,96,103,104" machi="9" ten="40,1300,0" yaku="1,1,53,0" doraHai="128" doraHaiUra="74" who="0" fromWho="2" sc="211,29,268,0,236,-19,275,0" /><INIT seed="3,0,0,4,0,47" ten="240,268,217,275" oya="3" hai0="112,42,32,24,72,58,44,21,74,33,16,2,122" hai1="135,113,75,89,119,78,14,52,17,124,28,95,128" hai2="81,48,70,111,117,64,8,39,13,57,60,15,11" hai3="38,109,123,101,25,29,98,84,132,20,103,86,23"/><W129/><G38/><T120/><D2/><U30/><E119/><V79/><F117/><W105/><G123/><T40/><D112/><U127/><E113/><V3/><F39/><W59/><G132/><T114/><D114/><U93/><E135/><V66/><F111/><W76/><G109/><T63/><D120/><U125/><E128/><V7/><F11/><W4/><G129/><T46/><D122/><U37/><E37/><V12/><F66/><W49/><G4/><T56/><D63/><U126/><E95/><V31/><F31/><W0/><G0/><T18/><D21/><U43/><E43/><V92/><F92/><W55/><G103/><T10/><REACH who="0" step="1"/><D24/><REACH who="0" ten="230,268,217,275" step="2"/><U54/><E127/><V41/><F3/><W9/><G9/><AGARI ba="0,1" hai="9,10,16,18,32,33,40,42,44,46,56,58,72,74" machi="9" ten="25,12000,2" yaku="1,1,2,1,22,2,54,1,53,2" doraHai="47" doraHaiUra="6" who="0" fromWho="3" sc="230,130,268,0,217,0,275,-120" /><INIT seed="4,0,0,3,2,66" ten="360,268,217,155" oya="0" hai0="99,107,116,75,127,30,43,15,6,59,118,72,79" hai1="48,33,41,26,74,53,37,58,54,57,122,60,23" hai2="131,25,34,1,98,5,69,20,95,110,81,3,8" hai3="21,113,19,84,42,112,47,36,64,97,67,51,119"/><T104/><D43/><U108/><E33/><V129/><F110/><W80/><G119/><T71/><D71/><U91/><E122/><V0/><F34/><W117/><G117/><T70/><D30/><U31/><E108/><V61/><F81/><W92/><G36/><T29/><D29/><U102/><E74/><V13/><F61/><W63/><G113/><T125/><D59/><U132/><E132/><V106/><F106/><W18/><G112/><T120/><D15/><U115/><E115/><V100/><REACH who="2" step="1"/><F69/><REACH who="2" ten="360,268,207,155" step="2"/><W134/><G134/><T114/><D70/><U68/><E68/><V49/><F49/><W55/><G63/><T35/><D35/><U101/><E37/><V65/><F65/><W27/><G42/><T4/><D114/><U22/><E41/><V38/><F38/><W10/><G67/><T123/><D79/><U121/><E121/><V82/><F82/><W85/><G64/><T130/><REACH who="0" step="1"/><D99/><REACH who="0" ten="350,268,207,155" step="2"/><U103/><E60/><V83/><F83/><W124/><G80/><T133/><D133/><U88/><E58/><V50/><F50/><W87/><G97/><T126/><D126/><U76/><E57/><V128/><F128/><AGARI ba="0,2" hai="4,6,72,75,104,107,116,118,120,123,125,127,128,130" machi="128" ten="25,4800,0" yaku="1,1,22,2,53,0" doraHai="66" doraHaiUra="89" who="0" fromWho="2" sc="350,68,268,0,207,-48,155,0" /><INIT seed="4,1,0,5,2,67" ten="418,268,159,155" oya="0" hai0="90,55,25,78,32,118,72,116,0,13,43,66,37" hai1="53,135,48,117,34,96,101,38,20,14,18,113,23" hai2="69,21,129,2,127,95,45,65,19,46,28,5,102" hai3="81,97,51,85,86,134,120,124,57,7,112,91,1"/><T42/><D0/><U108/><E117/><V94/><F28/><W8/><G112/><T26/><D90/><U30/><E38/><V76/><F76/><W58/><G134/><T73/><D13/><U121/><E121/><V77/><F77/><W104/><G120/><T6/><D66/><U3/><E3/><V16/><F129/><W88/><G124/><T98/><D78/><U71/><E71/><V83/><F83/><W115/><G115/><T125/><D55/><U10/><E113/><V105/><F105/><W12/><G1/><T99/><D6/><U70/><E70/><V11/><F127/><W4/><G4/><T106/><D125/><U64/><E64/><V22/><F102/><W84/><G84/><T36/><D106/><U31/><E135/><V100/><F100/><W110/><G110/><T109/><D109/><U79/><E79/><V111/><F111/><W80/><G104/><T59/><D59/><U107/><E108/><V44/><F19/><W126/><G126/><T128/><D128/><U74/><E74/><V82/><F82/><W49/><G97/><T17/><D17/><U41/><E41/><V15/><REACH who="2" step="1"/><F22/><REACH who="2" ten="418,268,149,155" step="2"/><W47/><REACH who="3" step="1"/><G49/><REACH who="3" ten="418,268,149,145" step="2"/><T27/><D37/><U9/><E48/><V93/><F93/><W92/><G92/><T119/><D36/><U40/><E107/><V29/><F29/><W54/><AGARI ba="1,2" hai="7,8,12,47,51,54,57,58,80,81,85,86,88,91" machi="54" ten="20,12000,2" yaku="1,1,0,1,7,1,9,1,8,1,54,1,53,0" doraHai="67" doraHaiUra="131" who="3" fromWho="3" sc="418,-61,268,-31,149,-31,145,143" /><INIT seed="5,0,0,5,3,122" ten="357,237,118,288" oya="1" hai0="11,13,44,66,77,118,53,81,133,16,18,114,105" hai1="123,4,52,100,54,135,32,111,8,28,131,42,57" hai2="89,76,72,23,127,84,29,121,26,65,51,109,36" hai3="71,113,6,91,47,37,75,94,110,132,106,3,97"/><U120/><E131/><V134/><F121/><W59/><G71/><T2/><D118/><U0/><E135/><V116/><F116/><W35/><G35/><T93/><D105/><U73/><E73/><V39/><F134/><W60/><G132/><T14/><D133/><U103/><E42/><V25/><F127/><W130/><G130/><T104/><D104/><U10/><E10/><V40/><F65/><W83/><G106/><T30/><D2/><U62/><E54/><V85/><F72/><W74/><G113/><T102/><D114/><U90/><E90/><V63/><F63/><W7/><G3/><T61/><D30/><U69/><E69/><V24/><F51/><W125/><G125/><T31/><D31/><U112/><E112/><V99/><F99/><W46/><G75/><T22/><D102/><U96/><E103/><V78/><F40/><W108/><G37/><T82/><D93/><U38/><E38/><V43/><F43/><W1/><G1/><T41/><D53/><U70/><E70/><V48/><F48/><W107/><G107/><T12/><D12/><U128/><E128/><V95/><F29/><W9/><G74/><T88/><D77/><U117/><E117/><V87/><F23/><W79/><G110/><T55/><D55/><U80/><E80/><V49/><F109/><W58/><G108/><T50/><D88/><U21/><E32/><V67/><F67/><W64/><G64/><T33/><D33/><U101/><E111/><V34/><F34/><W56/><G79/><N who="2" m="30249" /><F49/><W20/><G97/><T115/><D115/><U15/><E123/><RYUUKYOKU ba="0,0" sc="357,15,237,-15,118,15,288,-15" hai0="11,13,14,16,18,22,41,44,50,61,66,81,82" hai2="24,25,26,36,39,84,85,87,89,95" /><INIT seed="6,1,0,3,1,86" ten="372,222,133,273" oya="2" hai0="42,76,59,96,39,23,63,44,27,116,48,55,95" hai1="92,21,25,115,73,12,132,106,74,81,7,64,2" hai2="53,1,36,135,60,79,126,102,0,114,65,72,82" hai3="11,35,134,10,107,71,45,104,128,5,108,98,91"/><V56/><F114/><W41/><G71/><T66/><D116/><U34/><E106/><V130/><F130/><W101/><G35/><T83/><D76/><U113/><E34/><V54/><F135/><W31/><G108/><T26/><D83/><U8/><E132/><V46/><F126/><W127/><G31/><T100/><REACH who="0" step="1"/><D23/><REACH who="0" ten="362,222,133,273" step="2"/><U93/><E115/><V69/><F102/><W57/><G134/><T125/><D125/><U22/><E113/><V89/><F89/><W117/><G127/><T80/><D80/><U88/><E22/><V43/><REACH who="2" step="1"/><F54/><REACH who="2" ten="362,222,123,273" step="2"/><W78/><G91/><T70/><AGARI ba="1,2" hai="26,27,39,42,44,48,55,59,63,66,70,95,96,100" machi="70" ten="20,8000,1" yaku="1,1,0,1,7,1,24,2,53,0" doraHai="86" doraHaiUra="121" who="0" fromWho="0" sc="362,103,222,-21,123,-41,273,-21" /><INIT seed="7,0,0,4,1,13" ten="465,201,82,252" oya="3" hai0="11,105,122,79,1,30,16,114,15,28,20,39,57" hai1="12,6,27,99,61,55,103,117,46,47,96,77,45" hai2="98,25,35,33,21,49,69,74,87,37,116,19,40" hai3="67,0,56,126,113,23,44,68,91,31,106,65,3"/><W80/><G106/><T42/><D122/><U101/><E77/><V17/><F74/><W71/><G44/><T41/><D105/><U51/><E117/><V78/><F116/><W63/><G56/><T112/><D79/><U111/><E111/><V52/><F69/><W2/><G126/><T70/><D70/><U50/><E61/><V82/><F98/><N who="1" m="37417" /><E27/><V115/><F115/><N who="0" m="44074" /><D57/><N who="1" m="33015" /><E51/><V73/><F73/><W134/><G113/><T84/><D84/><U9/><AGARI ba="0,0" hai="6,9,12,45,46,47,101,103" m="33015,37417" machi="9" ten="30,1100,0" yaku="8,1" doraHai="13" who="1" fromWho="1" sc="465,-3,201,11,82,-3,252,-5" owari="462,56.2,212,-18.8,79,-42.1,247,4.7" /></mjloggm>