<mjloggm ver="2.3"><GO type="169" lobby="0"/><UN n0="%E5%A4%A7%E4%BB%81%E7%94%B0%E8%96%84" n1="%E3%82%82%E3%82%8A%E3%82%8A%E3%82%93%E3%82%82%E3%82%8A%E3%82%82%E3%82%8A" n2="%E4%B8%89%E5%B3%B6%E5%85%AB%E9%9B%B2" n3="%43%68%61%72%6F%2E" dan="17,16,17,17" rate="2183.96,2092.91,2246.32,2176.43" sx="M,M,M,M"/><TAIKYOKU oya="0"/><INIT seed="0,0,0,4,2,77" ten="250,250,250,250" oya="0" hai0="11,39,98,89,16,119,120,48,15,41,27,67,43" hai1="66,46,85,68,35,49,52,26,129,111,30,17,38" hai2="79,126,107,95,61,75,60,83,100,109,3,20,19" hai3="58,4,73,81,65,34,13,82,22,103,25,10,32"/><T97/><D120/><U71/><E111/><V2/><F109/><W9/><G103/><T130/><D119/><U45/><E129/><V0/><F107/><W118/><G118/><T18/><D39/><U84/><E17/><V42/><F126/><W54/><G65/><T131/><D67/><U36/><E71/><V76/><F42/><N who="0" m="15882" /><D48/><U134/><E134/><V116/><F116/><W50/><G73/><T55/><D55/><U113/><E113/><V122/><F122/><W132/><G132/><T12/><D27/><U64/><E64/><V108/><F76/><W124/><G124/><T87/><D131/><U117/><E117/><V33/><F33/><W56/><G56/><T23/><D130/><U5/><E5/><V51/><F51/><W104/><G104/><T88/><D89/><U105/><E105/><V96/><REACH who="2" step="1"/><F108/><REACH who="2" ten="250,250,240,250" step="2"/><W72/><G32/><T40/><D40/><U125/><E125/><V57/><F57/><W90/><G34/><T106/><D106/><U114/><E114/><V135/><F135/><W24/><G72/><T115/><D115/><U74/><E36/><V31/><F31/><W44/><G58/><T29/><D29/><U133/><E38/><V112/><F112/><W127/><G127/><T92/><AGARI ba="0,1" hai="11,12,15,16,18,23,87,88,92,97,98" m="15882" machi="92" ten="30,6000,0" yaku="8,1,54,2" doraHai="77" who="0" fromWho="0" sc="250,70,250,-20,240,-20,250,-20" /><INIT seed="0,1,0,4,0,128" ten="320,230,220,230" oya="0" hai0="12,125,104,53,4,57,95,27,115,20,68,122,82" hai1="96,17,129,72,83,117,97,116,2,107,16,33,91" hai2="88,70,8,60,28,94,69,110,80,71,42,102,23" hai3="38,40,50,77,78,1,30,99,100,24,76,135,39"/><T41/><D104/><U131/><E33/><V92/><F110/><W45/><G1/><T10/><D122/><U130/><E2/><V90/><F42/><W36/><G135/><T108/><D125/><U0/><E0/><V29/><F102/><W124/><G124/><T48/><D115/><U118/><E107/><V134/><F8/><W18/><G18/><T87/><D108/><U3/><E3/><V6/><F6/><W19/><G19/><N who="1" m="7242" /><E91/><N who="2" m="34859" /><F60/><W106/><REACH who="3" step="1"/><G76/><AGARI ba="1,0" hai="72,76,83,96,97,116,117,118,129,130,131" m="7242" machi="76" ten="40,2600,0" yaku="19,1,54,1" doraHai="128" who="1" fromWho="3" sc="320,0,230,29,220,0,230,-29" /><INIT seed="1,0,0,3,4,65" ten="320,259,220,201" oya="1" hai0="46,62,109,69,23,33,37,130,5,77,20,4,41" hai1="96,92,52,50,104,31,78,59,42,8,22,115,10" hai2="134,67,100,43,73,83,85,101,117,110,13,102,47" hai3="93,108,27,87,72,3,131,39,119,17,84,40,71"/><U121/><E115/><V97/><F117/><W99/><G3/><T113/><D113/><U126/><E121/><V11/><F110/><W127/><G72/><T12/><D33/><U114/><E114/><V7/><F134/><W90/><G108/><T53/><D109/><U29/><E104/><V35/><F35/><W57/><G119/><T26/><D130/><U88/><E126/><V103/><F73/><W49/><G131/><T36/><D77/><U95/><E78/><V128/><F67/><W91/><G39/><T125/><D125/><U98/><E42/><V15/><F128/><W124/><G124/><T76/><D76/><U75/><E75/><V48/><F15/><W45/><G127/><T18/><D36/><U129/><E129/><V21/><F21/><W106/><G106/><T94/><D94/><U81/><E81/><V0/><F0/><W122/><G122/><T55/><D69/><U14/><E22/><V135/><F135/><W60/><G71/><T111/><D111/><U89/><REACH who="1" step="1"/><E10/><REACH who="1" ten="320,249,220,201" step="2"/><V64/><F64/><N who="3" m="38927" /><G91/><T70/><D55/><U61/><E61/><V132/><F132/><W112/><G112/><T133/><D133/><U1/><E1/><V2/><F2/><W30/><G30/><N who="0" m="17735" /><D53/><U58/><E58/><V38/><F103/><W32/><G32/><T19/><D62/><U63/><E63/><V54/><F54/><W116/><G116/><T68/><D68/><U80/><E80/><V9/><F9/><W79/><G79/><T6/><D70/><U74/><E74/><V24/><F11/><W56/><G56/><T118/><D118/><RYUUKYOKU ba="0,1" sc="320,10,249,10,220,-30,201,10" hai0="4,5,6,12,18,19,23,37,41,46" hai1="8,14,29,31,50,52,59,88,89,92,95,96,98" hai3="17,27,40,45,49,84,87,90,93,99" /><INIT seed="1,1,1,3,4,101" ten="330,259,190,211" oya="1" hai0="12,108,123,42,54,21,13,95,41,126,66,134,124" hai1="76,62,6,44,0,93,36,84,7,28,60,65,86" hai2="20,52,2,31,104,22,94,114,110,77,3,5,26" hai3="32,85,97,125,115,92,56,38,33,106,127,83,58"/><U87/><E28/><V96/><F110/><W82/><G38/><T8/><D108/><U71/><E36/><V80/><F114/><W79/><G115/><T105/><D123/><U129/><E129/><V47/><F5/><W10/><G10/><T121/><D121/><U64/><E44/><V112/><F112/><W68/><G68/><T14/><D66/><U72/><E72/><V117/><F117/><W74/><G106/><T48/><D134/><U27/><E27/><V70/><F70/><W29/><G56/><T103/><D95/><U37/><E37/><V25/><F104/><W131/><G58/><T90/><D90/><U53/><E53/><V89/><F52/><W133/><G133/><T45/><D21/><U81/><E0/><V100/><F100/><W51/><G51/><T30/><D30/><U69/><REACH who="1" step="1"/><E93/><REACH who="1" ten="330,249,190,211" step="2"/><V55/><F55/><W118/><G131/><T9/><D54/><U109/><E109/><V23/><F47/><W43/><G43/><T67/><D42/><U107/><E107/><V113/><F113/><W15/><G118/><T11/><D67/><U73/><AGARI ba="1,2" hai="6,7,60,62,64,65,69,71,73,76,81,84,86,87" machi="73" ten="30,12000,1" yaku="1,1,0,1,9,1,53,2" doraHai="101" doraHaiUra="57" who="1" fromWho="1" sc="330,-41,249,143,190,-41,211,-41" /><INIT seed="1,2,0,3,4,16" ten="289,392,149,170" oya="1" hai0="115,72,28,22,82,59,114,39,83,25,18,70,15" hai1="56,118,126,36,3,6,69,53,64,80,47,49,119" hai2="35,27,133,26,101,45,61,30,65,17,46,38,63" hai3="113,7,50,23,40,37,33,34,112,51,129,29,76"/><U93/><E3/><V111/><F111/><W5/><G76/><T74/><D70/><U109/><E6/><V81/><F133/><W2/><G37/><T71/><D71/><U62/><E109/><V117/><F117/><W54/><G40/><T11/><D39/><U55/><E80/><V122/><F122/><W73/><G73/><T97/><D83/><U42/><E93/><V57/><F38/><W44/><G129/><T91/><D59/><U13/><E13/><V104/><F81/><W88/><G2/><T106/><D91/><U10/><E10/><V125/><F125/><W84/><G33/><T1/><D1/><U77/><E77/><V14/><F27/><N who="3" m="16639" /><G34/><T123/><D123/><U79/><E79/><V32/><F32/><W135/><G135/><T48/><D48/><U67/><E126/><V90/><F90/><W127/><G127/><T105/><D82/><U124/><E124/><V103/><F63/><W132/><G132/><T107/><REACH who="0" step="1"/><D97/><REACH who="0" ten="279,392,149,170" step="2"/><U31/><E69/><V134/><F134/><W99/><G99/><T89/><D89/><U87/><E87/><V4/><F57/><N who="3" m="32983" /><G113/><AGARI ba="2,1" hai="11,15,18,22,25,28,72,74,105,106,107,113,114,115" machi="113" ten="50,3200,0" yaku="1,1,52,1,53,0" doraHai="16" doraHaiUra="60" who="0" fromWho="3" sc="279,48,392,0,149,0,170,-38" /><INIT seed="2,0,0,2,3,131" ten="327,392,149,132" oya="2" hai0="15,84,75,0,78,55,22,63,4,130,68,41,104" hai1="54,89,2,135,76,43,74,13,115,117,120,107,121" hai2="82,88,103,109,85,65,105,58,110,47,132,123,51" hai3="62,9,44,93,95,126,60,6,12,59,32,33,50"/><V94/><F123/><N who="1" m="47177" /><E2/><V20/><F105/><W77/><G126/><T90/><D130/><U128/><E128/><V14/><F132/><W87/><G33/><T46/><D104/><U39/><E13/><V7/><F65/><W91/><G32/><T8/><D78/><U99/><E54/><V66/><F66/><W86/><G59/><T10/><D22/><U124/><E43/><V61/><F61/><W21/><G21/><T40/><D75/><U134/><E39/><V42/><F58/><W34/><G34/><T125/><D125/><U101/><E124/><V72/><F103/><W102/><G102/><T111/><D111/><N who="2" m="42506" /><F20/><W118/><G118/><T18/><D68/><U45/><E45/><V31/><F31/><W112/><G112/><T119/><D119/><U27/><E117/><V56/><F56/><W5/><G5/><T19/><D19/><U116/><E116/><V24/><F24/><W98/><G98/><T108/><D108/><U70/><E27/><V36/><F36/><W30/><G30/><T80/><REACH who="0" step="1"/><D63/><REACH who="0" ten="317,392,149,132" step="2"/><U3/><E70/><V73/><F82/><N who="3" m="47439" /><G95/><T35/><D35/><U23/><E23/><V113/><F113/><W69/><G69/><T96/><D96/><U17/><E115/><V38/><F38/><W127/><G127/><T49/><AGARI ba="0,1" hai="0,4,8,10,15,18,40,41,46,49,55,80,84,90" machi="49" ten="30,7900,0" yaku="1,1,0,1,25,2,53,0" doraHai="131" doraHaiUra="71" who="0" fromWho="0" sc="317,89,392,-20,149,-39,132,-20" /><INIT seed="3,0,0,0,4,85" ten="406,372,110,112" oya="3" hai0="33,109,78,66,131,80,5,92,44,117,84,126,123" hai1="133,73,38,59,87,105,89,41,10,3,19,14,60" hai2="120,68,67,122,42,94,49,32,55,39,46,93,125" hai3="82,113,74,106,135,95,118,70,76,107,127,62,0"/><W64/><G118/><T56/><D33/><U16/><E133/><V4/><F32/><W99/><G113/><T115/><D117/><U52/><E105/><V23/><F4/><W51/><G127/><T35/><D35/><U28/><E28/><V130/><F23/><W54/><G0/><T24/><D123/><N who="2" m="47146" /><F94/><W69/><G69/><T124/><D109/><U111/><E73/><V37/><F93/><W103/><REACH who="3" step="1"/><G135/><REACH who="3" ten="406,372,110,102" step="2"/><T96/><D115/><U7/><E111/><V17/><F125/><W30/><G30/><T29/><D29/><U48/><E3/><V77/><F130/><W26/><G26/><T45/><D24/><U43/><E38/><N who="2" m="21847" /><F17/><N who="1" m="6729" /><E48/><V72/><F72/><W91/><G91/><T71/><D71/><U121/><E121/><V1/><F1/><W9/><G9/><T22/><D131/><U21/><E21/><V75/><F75/><W65/><G65/><T50/><D22/><U100/><E100/><V13/><F13/><W134/><G134/><T108/><D108/><U12/><E12/><V34/><F34/><W63/><G63/><T31/><D31/><U57/><E57/><AGARI ba="0,1" hai="51,54,57,62,64,70,74,76,82,95,99,103,106,107" machi="57" ten="30,2900,0" yaku="1,1,7,1,53,0" doraHai="85" doraHaiUra="129" who="3" fromWho="1" sc="406,0,372,-29,110,0,102,39" /><INIT seed="3,1,0,3,5,105" ten="406,343,110,141" oya="3" hai0="28,94,11,8,90,60,111,119,66,86,2,19,37" hai1="55,84,74,97,59,24,62,57,122,107,38,133,46" hai2="69,118,1,112,127,103,63,30,126,75,44,130,29" hai3="87,7,0,71,83,89,6,134,32,110,18,88,26"/><W41/><G71/><T116/><D111/><U79/><E122/><V42/><F1/><W131/><G110/><T128/><D37/><U125/><E74/><V102/><F112/><W9/><G134/><T14/><D128/><U10/><E125/><N who="2" m="47627" /><F118/><W93/><G131/><T135/><D135/><U77/><E84/><V43/><F130/><W50/><G7/><T109/><D109/><U22/><E10/><V53/><F75/><W85/><G18/><T123/><D123/><U27/><E27/><V80/><F80/><W104/><G104/><T72/><D72/><U96/><E96/><V106/><F106/><W61/><G61/><T92/><D28/><N who="2" m="10858" /><F42/><W65/><G65/><T91/><D8/><U12/><E62/><V34/><F34/><W101/><G101/><T23/><D11/><U13/><E97/><V36/><F53/><W35/><REACH who="3" step="1"/><G26/><REACH who="3" ten="406,343,110,131" step="2"/><T120/><D120/><U49/><E24/><V52/><F69/><W3/><G3/><T48/><D2/><U45/><E107/><V117/><F117/><W81/><G81/><T56/><D119/><U20/><E133/><V58/><AGARI ba="1,1" hai="36,43,44,52,58,63,102,103" m="10858,47627" machi="58" ten="30,2000,0" yaku="18,1,54,1" doraHai="105" who="2" fromWho="2" sc="406,-6,343,-6,110,33,131,-11" /><INIT seed="4,0,0,1,1,43" ten="400,337,143,120" oya="0" hai0="11,31,91,57,45,36,103,97,76,83,61,9,96" hai1="44,47,116,112,46,10,73,13,122,80,51,39,64" hai2="78,121,3,38,129,88,33,27,101,107,50,109,131" hai3="135,37,89,15,99,6,21,17,77,132,81,69,134"/><T7/><D31/><U40/><E116/><V79/><F121/><W24/><G69/><T106/><D96/><U94/><E122/><V19/><F38/><W1/><G37/><T65/><D91/><U62/><E112/><V55/><F3/><W28/><G99/><T93/><D106/><U14/><E94/><V114/><F109/><W111/><G111/><T30/><D30/><U8/><E14/><V68/><F68/><W63/><G63/><T74/><REACH who="0" step="1"/><D7/><REACH who="0" ten="390,337,143,120" step="2"/><U118/><E118/><V26/><F88/><W86/><G89/><T54/><D54/><U128/><E128/><V2/><F55/><W20/><G6/><T84/><D84/><U32/><E32/><V67/><F33/><W66/><G66/><T5/><D5/><U48/><E73/><V53/><F67/><W75/><REACH who="3" step="1"/><G1/><REACH who="3" ten="390,337,143,110" step="2"/><T120/><D120/><U18/><E64/><V71/><F2/><W12/><G12/><T110/><D110/><U100/><E13/><V41/><F129/><W102/><G102/><T125/><D125/><U25/><E100/><V60/><F101/><W82/><G82/><T104/><D104/><U4/><E80/><V22/><F107/><W117/><G117/><T49/><D49/><U92/><E4/><V127/><F50/><W34/><G34/><T98/><D98/><U108/><E108/><V90/><F127/><W0/><G0/><T59/><D59/><U130/><E51/><V23/><F90/><W35/><G35/><T105/><D105/><U119/><E48/><V87/><F131/><W70/><G70/><T126/><D126/><U29/><E130/><RYUUKYOKU ba="0,2" sc="390,15,337,-15,143,-15,110,15" hai0="9,11,36,45,57,61,65,74,76,83,93,97,103" hai3="15,17,20,21,24,28,75,77,81,86,132,134,135" /><INIT seed="4,1,2,2,3,68" ten="405,322,128,125" oya="0" hai0="131,97,0,5,93,37,70,19,96,107,123,85,23" hai1="73,81,14,60,110,44,100,7,101,89,72,26,120" hai2="18,6,39,75,108,41,102,104,79,62,30,43,10" hai3="29,21,25,105,132,27,61,111,46,59,3,57,42"/><T135/><D70/><U69/><E120/><V56/><F108/><W130/><G111/><T48/><D37/><U128/><E110/><V117/><F30/><W90/><G130/><T2/><D123/><U118/><E118/><V13/><F117/><W64/><G132/><T9/><D0/><U98/><E128/><V28/><F28/><W17/><G3/><T38/><D38/><U109/><E26/><V116/><F116/><W99/><G105/><T103/><D135/><U32/><E32/><V119/><F119/><W40/><G46/><T20/><D85/><U15/><E44/><V4/><F104/><W11/><G59/><T92/><D131/><U51/><E51/><V112/><F102/><W134/><G134/><T80/><D80/><U122/><E122/><V22/><F112/><W87/><G99/><T31/><D48/><U45/><E98/><V86/><F75/><W34/><REACH who="3" step="1"/><G11/><REACH who="3" ten="405,322,128,115" step="2"/><T12/><D97/><U63/><E109/><V82/><F10/><W129/><G129/><T47/><D47/><U49/><E45/><V83/><F39/><W115/><G115/><T54/><D107/><U95/><E69/><V1/><F1/><W16/><G16/><T66/><D96/><U52/><E7/><N who="2" m="2603" /><F82/><AGARI ba="1,3" hai="17,21,25,27,29,34,40,42,57,61,64,82,87,90" machi="82" ten="30,2000,0" yaku="1,1,7,1,53,0" doraHai="68" doraHaiUra="65" who="3" fromWho="2" sc="405,0,322,0,128,-23,115,53" /><INIT seed="5,0,0,4,0,134" ten="405,322,105,168" oya="1" hai0="47,23,93,44,8,132,36,133,52,49,115,86,34" hai1="119,42,32,116,50,31,135,121,80,1,38,96,63" hai2="7,20,58,128,12,99,110,101,64,100,29,125,84" hai3="24,39,77,112,85,11,30,4,118,67,40,73,61"/><U53/><E121/><V129/><F110/><W95/><G112/><T17/><D34/><U127/><E1/><V111/><F111/><W2/><G95/><T69/><D69/><U65/><E135/><N who="0" m="51785" /><D8/><U126/><E42/><V19/><F7/><W74/><G85/><T9/><D9/><U89/><E38/><V55/><F64/><W109/><G109/><T27/><D115/><U76/><E31/><V57/><F29/><W3/><G3/><T88/><D36/><U66/><E32/><V94/><F101/><W104/><G118/><T81/><D44/><U56/><E89/><V13/><F13/><W14/><G14/><T26/><D26/><U131/><E96/><V72/><F72/><W60/><G104/><T117/><D117/><N who="1" m="45131" /><E131/><N who="2" m="50251" /><F84/><W15/><G15/><T114/><D114/><U46/><E80/><AGARI ba="0,0" hai="17,23,27,47,49,52,80,81,86,88,93" m="51785" machi="80" ten="30,3900,0" yaku="20,1,54,2" doraHai="134" who="0" fromWho="1" sc="405,39,322,-39,105,0,168,0" /><INIT seed="6,0,0,4,4,63" ten="444,283,105,168" oya="2" hai0="130,103,119,8,104,98,21,6,7,122,92,88,0" hai1="44,95,36,39,23,53,93,89,11,35,47,83,125" hai2="57,58,41,17,13,29,42,3,77,124,123,78,86" hai3="80,71,84,132,52,108,113,128,118,134,43,87,2"/><V96/><F123/><W117/><G108/><T107/><D122/><U133/><E35/><V32/><F3/><W121/><G121/><T129/><D119/><U112/><E83/><V33/><F124/><W90/><G128/><N who="0" m="49259" /><D6/><U109/><E125/><V45/><F96/><W19/><G2/><T14/><D103/><U64/><E109/><V100/><F100/><W61/><G113/><T115/><D115/><U73/><E73/><V5/><F5/><W56/><G43/><T82/><D82/><U31/><E112/><V110/><F110/><W49/><G19/><AGARI ba="0,0" hai="0,7,8,14,19,21,88,92,98,104,107" m="49259" machi="19" ten="30,2000,0" yaku="19,1,54,1" doraHai="63" who="0" fromWho="3" sc="444,20,283,0,105,0,168,-20" /><INIT seed="7,0,0,3,0,83" ten="464,283,105,148" oya="3" hai0="127,126,70,42,133,48,2,36,99,129,57,67,25" hai1="102,23,12,104,1,28,43,97,135,16,62,120,82" hai2="30,122,76,50,5,21,20,63,115,118,56,55,125" hai3="61,94,59,27,24,95,13,4,112,46,6,68,37"/><W74/><G74/><T114/><D99/><U52/><E135/><V123/><F118/><W19/><G68/><T51/><D25/><N who="3" m="9801" /><G37/><T35/><D2/><U96/><E28/><V119/><F119/><W117/><G46/><N who="0" m="23879" /><D35/><U60/><E120/><V75/><F30/><W116/><G112/><T81/><D81/><U39/><E1/><V78/><F115/><W73/><G73/><T89/><D89/><U65/><E43/><V18/><F5/><N who="3" m="2155" /><G117/><T31/><D31/><U92/><E39/><V11/><F75/><W58/><G58/><T107/><D107/><U88/><E65/><V3/><F3/><W109/><G109/><T103/><D103/><U98/><E98/><V80/><F125/><W41/><G41/><T111/><D133/><U128/><E62/><V17/><F11/><N who="3" m="6591" /><G116/><T14/><D70/><U32/><E104/><V84/><F76/><W71/><G71/><T29/><D29/><U85/><E102/><V90/><F78/><W101/><G101/><T15/><D57/><U106/><E106/><V49/><F123/><W66/><G94/><T131/><D111/><U54/><E92/><V130/><F122/><W134/><G95/><T100/><D100/><U34/><E96/><V72/><F72/><W105/><G105/><T47/><D114/><U33/><E97/><V22/><REACH who="2" step="1"/><F130/><REACH who="2" ten="464,283,95,148" step="2"/><W7/><G7/><T124/><D131/><U64/><REACH who="1" step="1"/><E128/><REACH who="1" ten="464,273,95,148" step="2"/><V110/><F110/><W79/><G134/><T8/><D129/><U45/><E45/><V91/><F91/><W69/><G79/><T53/><D47/><U121/><E121/><V9/><F9/><RYUUKYOKU ba="0,2" sc="464,-30,273,10,95,10,148,10" hai1="12,16,23,32,33,34,52,54,60,64,82,85,88" hai2="17,18,20,21,22,49,50,55,56,63,80,84,90" hai3="59,61,66,69" /><INIT seed="7,1,2,1,2,59" ten="434,283,105,158" oya="3" hai0="12,18,0,133,74,54,9,81,117,78,119,87,63" hai1="4,123,35,22,89,131,32,36,69,29,97,30,7" hai2="134,41,93,104,83,107,19,135,65,37,15,16,96" hai3="73,3,114,98,95,71,10,26,1,127,49,17,109"/><W126/><G73/><T13/><D0/><U23/><E36/><V45/><F83/><W75/><G75/><T102/><D102/><U53/><E69/><V58/><F19/><W77/><G77/><T38/><D38/><U124/><E53/><V57/><F104/><W6/><G109/><T86/><D133/><N who="2" m="50698" /><F107/><W27/><G1/><T121/><D121/><U99/><E89/><N who="2" m="55343" /><F65/><W129/><G129/><T116/><D13/><U61/><E131/><V48/><F37/><W44/><G71/><T11/><D11/><U64/><E64/><V39/><F39/><W122/><G122/><T110/><D110/><U120/><REACH who="1" step="1"/><E124/><REACH who="1" ten="434,273,105,158" step="2"/><V40/><F41/><W106/><G127/><T92/><D54/><U21/><E21/><AGARI ba="1,3" hai="15,16,21,40,45,48,57,58" m="55343,50698" machi="21" ten="30,2000,0" yaku="20,1,54,1" doraHai="59" who="2" fromWho="1" sc="434,0,273,-23,105,53,158,0" owari="434,53.4,250,5.0,158,-24.2,158,-34.2" /></mjloggm>