<mjloggm ver="2.3"><GO type="169" lobby="0"/><UN n0="%E3%81%A3%E3%81%A7%E3%81%B6%E3%83%BC" n1="%E3%81%9F%E3%81%91%E3%81%B4%E3%83%BC%40%55%4E%50" n2="%70%6F%72%66%65%76%72%65" n3="%E3%81%82%E3%81%95%E3%81%B4%E3%82%93%EF%BC%A0%EF%BD%8D%EF%BD%8A" dan="16,17,16,18" rate="2092.96,2198.94,2132.35,2288.82" sx="M,M,M,M"/><TAIKYOKU oya="0"/><INIT seed="0,0,0,5,2,121" ten="250,250,250,250" oya="0" hai0="112,36,122,38,104,84,48,59,25,130,120,77,105" hai1="124,30,22,62,79,69,49,11,13,74,44,2,21" hai2="134,42,85,26,98,54,71,127,46,52,95,68,78" hai3="0,86,9,27,114,53,91,55,126,33,65,17,12"/><T16/><D112/><U75/><E2/><V115/><F115/><W88/><G114/><T58/><D77/><U8/><E124/><V63/><F127/><W4/><G126/><T51/><D84/><U90/><E11/><V43/><F134/><W132/><G132/><T40/><D25/><U35/><E35/><V24/><F85/><W100/><G100/><T102/><D102/><U123/><E123/><V5/><F78/><W47/><G65/><T72/><D40/><U111/><E90/><V93/><F46/><W128/><G128/><T87/><D87/><U109/><E62/><V14/><F14/><W125/><G47/><T66/><D66/><U41/><E69/><V82/><F5/><W31/><G91/><T10/><D10/><U60/><E60/><V118/><F63/><W19/><G125/><T103/><D103/><U81/><E75/><V101/><F101/><W80/><REACH who="3" step="1"/><G19/><REACH who="3" ten="250,250,250,240" step="2"/><T70/><D16/><N who="1" m="8231" /><E30/><V76/><F76/><W23/><AGARI ba="0,1" hai="0,4,9,12,17,23,27,31,33,53,55,80,86,88" machi="23" ten="20,12000,2" yaku="1,1,0,1,7,1,24,2,54,1,53,0" doraHai="121" doraHaiUra="117" who="3" fromWho="3" sc="250,-60,250,-30,250,-30,240,130" /><INIT seed="1,0,0,3,0,125" ten="190,220,220,370" oya="1" hai0="70,64,50,119,90,121,100,134,55,59,77,78,12" hai1="129,107,82,20,40,83,75,106,63,22,39,88,41" hai2="111,72,9,104,97,16,19,38,28,35,23,95,61" hai3="57,122,132,29,30,33,89,1,27,5,10,108,76"/><U52/><E75/><V6/><F111/><W102/><G122/><T53/><D119/><U74/><E74/><V14/><F38/><W79/><G108/><T93/><D121/><U7/><E7/><V71/><F72/><W103/><G132/><T60/><D134/><U0/><E0/><V26/><F104/><W4/><G4/><T123/><D100/><U118/><E118/><V42/><F42/><W17/><G30/><T37/><D123/><U32/><E32/><V99/><F19/><W21/><G89/><T8/><D55/><U115/><E115/><V51/><F51/><W96/><G57/><T45/><D70/><U44/><E41/><V73/><F73/><W69/><G69/><T62/><D62/><U48/><E63/><V112/><F95/><W94/><REACH who="3" step="1"/><G102/><REACH who="3" ten="190,220,220,360" step="2"/><T92/><D90/><U80/><E88/><V110/><F110/><W68/><G68/><T86/><D59/><U46/><REACH who="1" step="1"/><E129/><REACH who="1" ten="190,210,220,360" step="2"/><V36/><F112/><W43/><G43/><T109/><D109/><U66/><E66/><N who="2" m="41423" /><F36/><W101/><G101/><T87/><D37/><U84/><E84/><V58/><F58/><W56/><G56/><N who="0" m="36871" /><D87/><U54/><E54/><V124/><F124/><W25/><AGARI ba="0,2" hai="1,5,10,17,21,25,27,29,33,76,79,94,96,103" machi="25" ten="20,5200,0" yaku="1,1,0,1,7,1,53,1" doraHai="125" doraHaiUra="15" who="3" fromWho="3" sc="190,-13,210,-26,220,-13,360,72" /><INIT seed="2,0,0,2,2,41" ten="177,184,207,432" oya="2" hai0="8,9,61,67,43,105,114,55,79,35,64,21,99" hai1="0,129,60,109,37,10,72,127,46,81,90,53,44" hai2="106,2,17,116,112,88,12,101,4,84,69,131,123" hai3="70,66,110,73,42,80,23,125,45,124,71,25,49"/><V132/><F123/><W135/><G110/><T82/><D114/><U22/><E109/><V18/><F112/><W15/><G15/><T62/><D35/><U133/><E133/><V3/><F116/><W59/><G135/><T29/><D43/><U103/><E129/><V85/><F132/><W126/><G73/><T54/><D105/><U113/><E113/><V89/><F69/><W14/><G14/><T1/><D99/><U121/><E127/><V108/><F108/><W51/><G80/><T7/><D9/><U6/><E103/><V38/><F38/><W58/><G66/><T5/><D5/><U92/><E121/><V16/><F131/><W93/><G93/><T36/><D29/><U77/><E37/><V56/><F56/><N who="3" m="21547" /><G51/><T50/><D21/><U40/><E40/><V118/><F118/><W102/><G102/><T97/><D55/><U48/><E60/><V32/><F32/><W31/><AGARI ba="0,0" hai="23,25,31,42,45,49,70,71,124,125,126" m="21547" machi="31" ten="40,2700,0" yaku="18,1,52,1" doraHai="41" who="3" fromWho="3" sc="177,-7,184,-7,207,-13,432,27" /><INIT seed="3,0,0,3,2,9" ten="170,177,194,459" oya="3" hai0="48,128,20,58,49,120,68,108,46,34,54,106,80" hai1="14,87,105,78,38,134,16,65,44,110,32,114,103" hai2="116,95,93,62,79,123,33,115,121,53,132,13,52" hai3="109,90,15,91,127,61,23,107,28,72,19,21,12"/><W11/><G107/><T117/><D34/><U37/><E114/><V3/><F3/><W88/><G72/><T73/><D117/><U131/><E32/><V36/><F33/><W94/><G127/><T129/><D106/><U126/><E126/><V66/><F115/><W56/><G109/><T42/><D73/><U7/><E7/><V113/><F113/><W25/><G94/><T122/><D80/><U8/><E110/><V100/><F36/><W92/><G92/><T57/><D68/><U101/><E134/><V89/><F79/><W74/><G74/><T133/><D108/><U30/><E30/><V77/><F77/><W76/><G76/><T82/><D82/><N who="1" m="47575" /><E37/><V0/><F0/><W119/><G119/><T99/><D99/><U18/><E38/><V70/><F95/><W10/><REACH who="3" step="1"/><G15/><REACH who="3" ten="170,177,194,449" step="2"/><T85/><D133/><U118/><E105/><V135/><F116/><W111/><G111/><T22/><D122/><N who="2" m="46602" /><F135/><W63/><G63/><T47/><D120/><U50/><E118/><V6/><F132/><W40/><G40/><T124/><D124/><U5/><E131/><N who="0" m="50249" /><D85/><U75/><E75/><V64/><F100/><N who="1" m="38473" /><E65/><AGARI ba="0,1" hai="10,11,12,19,21,23,25,28,56,61,65,88,90,91" machi="65" ten="40,12000,1" yaku="1,1,8,1,52,1,54,1,53,0" doraHai="9" doraHaiUra="1" who="3" fromWho="1" sc="170,0,177,-120,194,0,449,130" /><INIT seed="3,1,0,3,0,81" ten="170,57,194,579" oya="3" hai0="108,29,87,22,34,89,11,63,75,48,25,17,28" hai1="32,93,115,44,94,58,96,0,6,14,129,97,90" hai2="64,117,60,112,86,82,46,65,5,45,126,52,43" hai3="132,114,57,27,109,67,37,50,15,72,120,21,98"/><W78/><G114/><T113/><D108/><U1/><E115/><V84/><F112/><W92/><G120/><T51/><D75/><U118/><E129/><V10/><F117/><W79/><G37/><T130/><D130/><U53/><E32/><V7/><F126/><W105/><G105/><T77/><D77/><U121/><E121/><V125/><F125/><W38/><G38/><T61/><D11/><U56/><E118/><V106/><F106/><W55/><G132/><T110/><D110/><U23/><E44/><V40/><F82/><W73/><G73/><T31/><D34/><U91/><E56/><V123/><F123/><W26/><G72/><T69/><D113/><U133/><E133/><V80/><F80/><W128/><G128/><T30/><N who="0" m="7168" /><DORA hai="71" /><T4/><D4/><U102/><E102/><V70/><F10/><W36/><G36/><T103/><D103/><U35/><E35/><V83/><F83/><W49/><G67/><T24/><D24/><N who="3" m="9257" /><G50/><N who="0" m="18987" /><D69/><U88/><E91/><V18/><F70/><W8/><G21/><T62/><D62/><U39/><E39/><V127/><F127/><W42/><G42/><T12/><D25/><U135/><E135/><V54/><F60/><W100/><G109/><T85/><D89/><U101/><E101/><V66/><F65/><W122/><G122/><T2/><D2/><U95/><E95/><V20/><F20/><W9/><G9/><T33/><D33/><U68/><E68/><V19/><AGARI ba="1,0" hai="5,7,18,19,40,43,45,46,52,54,64,66,84,86" machi="19" ten="25,12000,2" yaku="0,1,22,2,8,1,52,2,54,1" doraHai="81,71" who="2" fromWho="2" sc="170,-31,57,-31,194,123,579,-61" /><INIT seed="4,0,0,3,1,3" ten="139,26,317,518" oya="0" hai0="58,85,15,78,7,74,27,121,34,67,122,36,90" hai1="97,29,33,134,8,62,108,61,75,70,35,84,1" hai2="80,95,52,120,99,119,88,94,127,53,131,68,83" hai3="86,57,4,112,60,31,117,16,13,129,124,42,71"/><T123/><D36/><U79/><E108/><V22/><F120/><W82/><G117/><T39/><D39/><U104/><E134/><V126/><F68/><W132/><G132/><T105/><D105/><U25/><E84/><N who="2" m="52487" /><F119/><W55/><G112/><T73/><D78/><U66/><E61/><V10/><F131/><W28/><G129/><T114/><D114/><U93/><E93/><V21/><F10/><N who="3" m="4295" /><G71/><T40/><D40/><U130/><E130/><V89/><F80/><W46/><G124/><N who="2" m="47657" /><F83/><W45/><G82/><T43/><D43/><U59/><E59/><V51/><F53/><W44/><G86/><T81/><D67/><U110/><E110/><V64/><F64/><W12/><G42/><T20/><D58/><AGARI ba="0,0" hai="21,22,51,52,58,89,95,99" m="47657,52487" machi="58" ten="30,3900,0" yaku="18,1,54,2" doraHai="3" who="2" fromWho="0" sc="139,-39,26,0,317,39,518,0" /><INIT seed="5,0,0,2,0,74" ten="100,26,356,518" oya="1" hai0="40,5,118,73,120,78,12,9,38,54,65,20,53" hai1="108,28,2,94,77,124,31,90,7,133,87,14,35" hai2="82,29,59,66,128,62,13,57,110,17,50,0,95" hai3="92,89,21,70,46,71,93,34,45,6,109,121,115"/><U63/><E133/><V49/><F0/><W23/><G109/><T72/><D118/><U130/><E130/><V113/><F110/><W116/><G34/><T24/><D120/><U43/><E108/><V69/><F128/><W51/><G6/><T67/><D72/><U36/><E124/><V106/><F106/><W4/><G4/><T119/><D119/><U114/><E114/><V37/><F29/><W33/><G33/><T27/><D27/><U30/><E2/><V105/><F105/><W3/><G51/><T16/><D54/><U111/><E111/><V126/><F126/><W25/><G89/><T26/><D53/><U132/><E132/><V101/><F113/><W10/><G10/><T85/><D73/><U81/><E35/><V129/><F37/><W61/><G61/><T11/><D26/><U123/><E123/><V1/><F1/><W79/><G25/><T131/><D131/><U48/><E36/><V96/><F50/><W100/><G3/><T107/><D107/><U55/><E63/><V52/><F82/><W56/><G116/><T103/><D103/><U76/><E43/><V8/><REACH who="2" step="1"/><F129/><REACH who="2" ten="100,26,346,518" step="2"/><W91/><G115/><T41/><D38/><U117/><E117/><V102/><F102/><W122/><G100/><T32/><D32/><U84/><E81/><V47/><AGARI ba="0,1" hai="8,13,17,47,49,52,57,59,62,66,69,95,96,101" machi="47" ten="20,8000,1" yaku="1,1,0,1,7,1,54,1,53,1" doraHai="74" doraHaiUra="97" who="2" fromWho="2" sc="100,-20,26,-40,346,90,518,-20" owari="80,-32.0,-14,-51.4,436,23.6,498,59.8" /></mjloggm>