<mjloggm ver="2.3"><GO type="169" lobby="0"/><UN n0="%E6%9C%AC%E5%AE%B6%E3%81%8B%E3%81%BE%E3%81%A9%E3%82%84" n1="%52%59%4F%40%53%53" n2="%E8%80%81%E6%A5%BD" n3="%E3%83%8F%E3%82%BA%E3%83%AC" dan="16,17,18,17" rate="2154.20,2146.45,2269.70,2169.75" sx="M,M,M,M"/><TAIKYOKU oya="0"/><INIT seed="0,0,0,5,2,32" ten="250,250,250,250" oya="0" hai0="64,28,34,92,98,55,46,47,120,129,125,22,96" hai1="80,135,58,52,68,89,71,24,49,59,114,93,37" hai2="66,29,48,128,108,85,116,70,110,5,130,25,101" hai3="112,105,78,50,65,95,51,18,43,3,9,111,26"/><T86/><D120/><U38/><E135/><V84/><F48/><W7/><G105/><T41/><D34/><U40/><E114/><V103/><F5/><W97/><G112/><T107/><D107/><U90/><E24/><V83/><F66/><W134/><G134/><T77/><D125/><U62/><E80/><V67/><F67/><W99/><G111/><N who="2" m="42537" /><F70/><N who="1" m="26665" /><E93/><V2/><F2/><W44/><G65/><T115/><D64/><N who="1" m="38999" /><E90/><N who="2" m="51487" /><F25/><W0/><G78/><T20/><D77/><U121/><E89/><V42/><F42/><W61/><G61/><T31/><D92/><U12/><E12/><V127/><F29/><W74/><G74/><T123/><D86/><U16/><E16/><V33/><F33/><W21/><G51/><T60/><D115/><U82/><E82/><V69/><F69/><W27/><G27/><T122/><D41/><U35/><E35/><V15/><F15/><W39/><G39/><N who="1" m="14858" /><E40/><V63/><F85/><W104/><G104/><T100/><D31/><U54/><E121/><V119/><F127/><W75/><G75/><T30/><D28/><U133/><E133/><V94/><F94/><W1/><G97/><T106/><D30/><U72/><E72/><V13/><F13/><W17/><G17/><T118/><D96/><U76/><E76/><V131/><F63/><W102/><AGARI ba="0,0" hai="0,1,3,7,9,18,21,26,43,44,50,95,99,102" machi="102" ten="20,8000,1" yaku="0,1,7,1,52,3" doraHai="32" who="3" fromWho="3" sc="250,-40,250,-20,250,-20,250,80" /><INIT seed="1,0,0,5,4,135" ten="210,230,230,330" oya="1" hai0="67,70,61,130,7,43,106,69,77,97,75,88,81" hai1="101,13,16,119,50,99,84,28,59,90,122,11,83" hai2="14,6,103,117,2,31,125,127,120,63,54,45,131" hai3="126,55,134,52,41,34,66,112,48,56,87,17,19"/><U129/><E119/><V21/><F120/><W89/><G112/><T73/><D130/><U24/><E122/><V15/><F117/><W46/><G34/><T116/><D116/><U10/><E129/><V35/><F131/><W82/><G134/><T9/><D73/><U4/><E50/><N who="2" m="29007" /><F103/><W26/><G126/><N who="2" m="48137" /><F35/><W64/><G55/><T30/><D30/><U27/><E59/><V44/><F44/><W133/><G133/><T78/><D43/><U29/><E29/><V12/><F63/><W40/><G40/><T33/><D33/><U5/><E28/><V102/><F102/><W98/><G98/><T96/><D96/><U93/><REACH who="1" step="1"/><E5/><REACH who="1" ten="210,220,230,330" step="2"/><V60/><F60/><N who="3" m="35847" /><G17/><T68/><D7/><U107/><E107/><V128/><F128/><W76/><G19/><T94/><D106/><U18/><E18/><N who="2" m="10439" /><F31/><W32/><G32/><T92/><D61/><U111/><E111/><V36/><F36/><W72/><G48/><T25/><D70/><U22/><E22/><V80/><F80/><W115/><G115/><T132/><D81/><U8/><E8/><AGARI ba="0,1" hai="2,6,8,14,15" m="10439,48137,29007" machi="8" ten="30,7700,0" yaku="18,1,52,3" doraHai="135" who="2" fromWho="1" sc="210,0,220,-77,230,87,330,0" /><INIT seed="2,0,0,0,4,120" ten="210,143,317,330" oya="2" hai0="111,70,24,114,132,40,93,112,71,102,85,125,45" hai1="37,12,124,5,74,57,22,97,103,100,78,113,2" hai2="15,13,91,109,127,23,76,122,26,3,62,41,82" hai3="87,11,133,110,118,66,90,116,92,17,43,59,121"/><V14/><F122/><W50/><G121/><T7/><D24/><U25/><E113/><V123/><F123/><W77/><G133/><T10/><D10/><U106/><E124/><V55/><F3/><W20/><G77/><T88/><D7/><U44/><E100/><V56/><F127/><W4/><G66/><T64/><D125/><U81/><E12/><V134/><F134/><W32/><G32/><T129/><D132/><U42/><E57/><V33/><F33/><W36/><G36/><T67/><D129/><U130/><E22/><V83/><F41/><W34/><G34/><T107/><D107/><U21/><E21/><V28/><F109/><W115/><G110/><T16/><D102/><U1/><E25/><V75/><F91/><W60/><G60/><T38/><D16/><U47/><E130/><V69/><F82/><W68/><G68/><T73/><D73/><U27/><E27/><V119/><REACH who="2" step="1"/><F69/><REACH who="2" ten="210,143,307,330" step="2"/><W52/><G43/><T98/><D111/><U108/><E108/><V46/><F46/><W29/><G115/><T104/><D71/><U72/><E47/><V89/><F89/><W9/><G118/><AGARI ba="0,1" hai="13,14,15,23,26,28,55,56,62,75,76,83,118,119" machi="118" ten="40,2000,0" yaku="1,1,53,0" doraHai="120" doraHaiUra="95" who="2" fromWho="3" sc="210,0,143,0,307,30,330,-20" /><INIT seed="2,1,0,2,4,62" ten="210,143,337,310" oya="2" hai0="44,67,113,91,119,121,26,80,30,98,4,132,38" hai1="16,56,95,51,93,32,5,22,120,35,21,76,87" hai2="101,25,55,11,34,109,61,112,102,23,85,10,90" hai3="77,127,73,96,52,69,84,27,111,130,14,7,19"/><V125/><F112/><W135/><G135/><T81/><D121/><U45/><E120/><V124/><F34/><W118/><G118/><T74/><D113/><U36/><E36/><V75/><F75/><W106/><G130/><T48/><D38/><U82/><E5/><V40/><F40/><W9/><G127/><T63/><D132/><U134/><E134/><V6/><F109/><W123/><G123/><T33/><D4/><U0/><E0/><V122/><F122/><W13/><G111/><T86/><D74/><U37/><E37/><V39/><F39/><W46/><G69/><T97/><D80/><U117/><E21/><V83/><F55/><W43/><G27/><T41/><REACH who="0" step="1"/><D119/><REACH who="0" ten="200,143,337,310" step="2"/><U18/><E117/><V20/><F83/><W100/><G73/><T129/><D129/><U42/><E18/><V12/><F124/><W89/><G19/><T24/><D24/><U78/><E78/><V94/><F25/><W2/><G77/><T114/><D114/><U66/><E35/><V131/><F125/><W104/><G7/><T70/><AGARI ba="1,1" hai="26,30,33,41,44,48,63,67,70,81,86,91,97,98" machi="70" ten="20,8000,1" yaku="1,1,0,1,7,1,52,1,53,1" doraHai="62" doraHaiUra="57" who="0" fromWho="0" sc="200,93,143,-21,337,-41,310,-21" /><INIT seed="3,0,0,1,4,55" ten="293,122,296,289" oya="3" hai0="32,108,99,25,39,123,98,104,77,107,61,59,54" hai1="102,66,75,80,91,52,12,101,96,44,125,124,119" hai2="3,87,15,45,41,109,122,110,131,1,22,120,58" hai3="118,128,36,132,72,6,106,49,62,0,71,130,89"/><W7/><G118/><T4/><D123/><N who="2" m="47146" /><F87/><W53/><G36/><T57/><D108/><N who="2" m="41578" /><F131/><N who="3" m="50219" /><G72/><T90/><D39/><U92/><E119/><V17/><F58/><N who="3" m="33071" /><G106/><T51/><D4/><N who="3" m="1577" /><G0/><T2/><D2/><U38/><E38/><AGARI ba="0,0" hai="1,3,15,17,22,38,41,45" m="41578,47146" machi="38" ten="30,2000,0" yaku="13,1,14,1" doraHai="55" who="2" fromWho="1" sc="293,0,122,-20,296,20,289,0" /><INIT seed="4,0,0,2,1,57" ten="293,102,316,289" oya="0" hai0="98,87,17,89,11,111,14,42,19,4,126,1,30" hai1="77,9,84,61,75,101,45,112,67,123,40,116,41" hai2="47,92,72,103,28,90,7,129,25,65,110,43,127" hai3="62,59,124,21,69,12,131,22,107,102,31,130,29"/><T86/><D126/><U132/><E116/><V32/><F72/><W3/><G3/><T0/><D111/><U115/><E123/><V99/><F110/><W2/><G2/><T135/><D135/><U23/><E132/><V60/><F127/><W20/><G69/><T105/><D30/><N who="3" m="11273" /><G102/><T91/><D42/><U119/><E119/><V122/><F129/><N who="3" m="49163" /><G107/><T109/><D109/><U73/><E101/><V37/><F7/><W70/><G70/><T117/><D117/><U38/><E40/><V80/><F122/><W79/><G79/><T108/><D108/><U50/><E38/><V54/><F54/><N who="3" m="34167" /><G124/><T68/><D68/><U85/><E77/><V5/><F5/><W56/><G56/><T52/><D52/><U15/><E73/><V64/><F64/><W8/><G8/><T27/><D1/><U120/><E75/><V95/><F65/><W94/><G94/><T49/><D0/><U78/><E78/><V114/><F80/><W63/><G63/><T71/><D71/><N who="1" m="42479" /><E120/><V100/><F60/><W93/><G93/><T74/><D74/><U125/><E125/><V81/><F81/><W53/><G53/><T26/><D105/><U36/><E36/><V55/><F55/><W118/><G118/><T35/><D11/><U33/><E33/><V10/><F10/><W106/><G106/><T46/><D35/><U16/><E9/><V51/><F37/><W24/><G12/><T113/><D14/><U134/><E134/><V121/><F121/><W76/><G76/><T133/><D133/><U34/><E34/><V66/><F32/><W83/><G24/><RYUUKYOKU ba="0,0" sc="293,-15,102,15,316,-15,289,15" hai1="15,16,23,41,45,50,84,85,112,115" hai3="20,21,22,83" /><INIT seed="5,1,0,2,3,129" ten="278,117,301,304" oya="1" hai0="69,19,44,58,84,1,98,78,13,34,91,75,125" hai1="123,105,3,59,82,35,50,5,7,56,46,42,131" hai2="51,90,67,24,76,64,96,94,120,135,0,108,130" hai3="41,73,18,57,53,43,70,115,25,21,83,8,27"/><U45/><E123/><V2/><F108/><W36/><G70/><T118/><D69/><U49/><E105/><V55/><F120/><W17/><G36/><T116/><D34/><U30/><E131/><V103/><F130/><W133/><G115/><T102/><D1/><U121/><E121/><V100/><F76/><W38/><G38/><T48/><D125/><U6/><E3/><V10/><F24/><W4/><G73/><T132/><D58/><U104/><E104/><V117/><F117/><W72/><G72/><T79/><D75/><U74/><E35/><V16/><F0/><W14/><G83/><T86/><D86/><U29/><E82/><V54/><F54/><W39/><G39/><T81/><D116/><U52/><REACH who="1" step="1"/><E74/><REACH who="1" ten="278,107,301,304" step="2"/><V15/><F2/><W119/><G119/><T88/><D118/><U26/><E26/><V9/><F94/><W32/><G32/><T22/><D79/><U62/><E62/><V101/><F15/><W97/><G27/><T28/><D78/><U95/><E95/><V71/><F71/><W134/><G25/><T113/><D13/><U66/><E66/><V65/><F64/><W99/><G14/><T80/><D81/><U23/><E23/><V110/><F65/><W47/><G21/><T92/><D22/><U122/><E122/><V109/><F67/><W106/><G106/><T114/><D80/><U31/><AGARI ba="1,1" hai="5,6,7,29,30,31,42,45,46,49,50,52,56,59" machi="31" ten="30,11700,0" yaku="1,1,0,1,8,1,54,1,53,0" doraHai="129" doraHaiUra="77" who="1" fromWho="1" sc="278,-40,107,130,301,-40,304,-40" /><INIT seed="5,2,0,5,0,39" ten="238,237,261,264" oya="1" hai0="106,42,99,53,129,69,120,49,124,46,82,22,104" hai1="119,116,71,27,51,96,26,58,28,111,114,103,3" hai2="37,89,2,79,1,62,91,24,31,72,23,77,102" hai3="4,109,128,81,18,125,9,34,134,115,80,0,29"/><U56/><E3/><V17/><F37/><W113/><G109/><T121/><D69/><U135/><E71/><V93/><F102/><W101/><G101/><T55/><D124/><U94/><E114/><N who="3" m="43530" /><G134/><T11/><D129/><U84/><E135/><V75/><F62/><W45/><G128/><T64/><D64/><U92/><E111/><V90/><F93/><W88/><G125/><T40/><D11/><U48/><E84/><V33/><F79/><W66/><G66/><T8/><D8/><U59/><E94/><V133/><F133/><W127/><G127/><T54/><D82/><U10/><E10/><V14/><REACH who="2" step="1"/><F77/><REACH who="2" ten="238,237,251,264" step="2"/><W131/><G131/><T44/><D99/><U30/><E119/><V130/><F130/><W108/><G108/><T97/><D97/><U47/><E116/><V20/><F20/><W126/><G126/><T32/><D22/><U12/><E51/><V21/><F21/><W107/><G107/><T123/><D32/><U68/><E68/><V63/><F63/><W65/><G34/><T98/><D98/><U19/><E92/><V122/><F122/><W57/><G9/><T83/><D83/><U36/><E36/><AGARI ba="2,1" hai="36,40,42,44,46,49,53,54,55,104,106,120,121,123" machi="36" ten="50,6400,0" yaku="13,1,52,2" doraHai="39" who="0" fromWho="1" sc="238,80,237,-70,251,0,264,0" /><INIT seed="6,0,0,0,5,110" ten="318,167,251,264" oya="2" hai0="16,107,90,17,115,71,72,126,18,45,33,70,127" hai1="109,4,26,55,9,57,6,124,65,19,64,114,1" hai2="59,78,13,102,84,74,99,43,11,28,86,129,44" hai3="40,69,39,95,68,62,83,75,133,100,67,53,119"/><V32/><F129/><W80/><G119/><T3/><D3/><U38/><E109/><V135/><F135/><W73/><G133/><T37/><D33/><U42/><E124/><V89/><F59/><W87/><G69/><T56/><D72/><U104/><E104/><V123/><F123/><W91/><G83/><T125/><D107/><U105/><E105/><V88/><F74/><W112/><G53/><T98/><D56/><U85/><E4/><V120/><F78/><W108/><G108/><T14/><D14/><U35/><E38/><V21/><F32/><W103/><G103/><T49/><D37/><U94/><E42/><V66/><F66/><W50/><G39/><T12/><D12/><U61/><E19/><V25/><F102/><W36/><G36/><T82/><D115/><U20/><E114/><V117/><F120/><W121/><G112/><T30/><D30/><U24/><E35/><V81/><F99/><W31/><G31/><T54/><D82/><U96/><E85/><N who="2" m="50223" /><F89/><W2/><G2/><T128/><D128/><U116/><E116/><V15/><F15/><W29/><G29/><T7/><D7/><U76/><E76/><V122/><F117/><W8/><G121/><T130/><D130/><U134/><E134/><V48/><F122/><W27/><G27/><N who="1" m="10282" /><E20/><V23/><F23/><W106/><G106/><T5/><D5/><AGARI ba="0,0" hai="5,11,13,21,25,28,43,44,48,84,86" m="50223" machi="5" ten="30,2900,0" yaku="8,1,54,1" doraHai="110" who="2" fromWho="0" sc="318,-29,167,0,251,29,264,0" /><INIT seed="6,1,0,0,4,99" ten="289,167,280,264" oya="2" hai0="92,105,22,8,102,33,53,13,38,75,56,108,27" hai1="23,67,58,72,116,65,79,32,132,3,68,47,42" hai2="40,49,31,85,5,44,61,120,18,26,60,126,135" hai3="50,112,73,14,127,125,35,130,87,34,19,80,6"/><V119/><F120/><W106/><G106/><T25/><D108/><U20/><E116/><V82/><F119/><W74/><G6/><T16/><D38/><U24/><E3/><V94/><F126/><N who="3" m="48139" /><G50/><T63/><D75/><N who="3" m="28681" /><G130/><T41/><D41/><U93/><E68/><V21/><F135/><W28/><G28/><T81/><D81/><U101/><E132/><V59/><F5/><W46/><G46/><T97/><D33/><U39/><E32/><V45/><F45/><W12/><G12/><N who="0" m="9479" /><D105/><U123/><E123/><V134/><F134/><W29/><G29/><T76/><D76/><U109/><E109/><V84/><F31/><W110/><G110/><T0/><D0/><U96/><E58/><V86/><F94/><W70/><G70/><T107/><D107/><U88/><E88/><N who="2" m="51223" /><F61/><W52/><G52/><AGARI ba="1,0" hai="18,21,26,40,44,49,52,59,60,85,86" m="51223" machi="52" ten="30,5800,0" yaku="8,1,54,2" doraHai="99" who="2" fromWho="3" sc="289,0,167,0,280,61,264,-61" /><INIT seed="6,2,0,4,0,35" ten="289,167,341,203" oya="2" hai0="121,109,63,17,96,118,127,24,12,59,5,8,88" hai1="64,111,15,119,81,69,87,16,45,86,82,25,108" hai2="47,50,61,30,107,76,27,53,104,125,51,43,130" hai3="34,37,7,116,3,95,57,80,29,1,0,89,28"/><V132/><F125/><W123/><G123/><T105/><D109/><U41/><E119/><V99/><F130/><W46/><G116/><T18/><D127/><U65/><E25/><V73/><F61/><W2/><G34/><T62/><D121/><U39/><E111/><V42/><F99/><W92/><G80/><T70/><D70/><U36/><E36/><V135/><F76/><W131/><G131/><T100/><D118/><U77/><E69/><V4/><F4/><W54/><N who="3" m="0" /><DORA hai="124" /><W58/><G7/><T133/><D133/><N who="2" m="51274" /><F73/><W102/><G102/><T22/><D18/><U120/><E108/><V26/><F26/><W55/><G46/><T71/><D71/><U110/><E110/><V84/><F84/><W122/><G37/><T13/><D24/><U129/><E129/><V52/><F53/><N who="3" m="19979" /><G89/><T91/><D63/><U75/><E120/><V83/><F83/><W48/><G48/><T98/><D98/><U103/><E103/><V94/><F50/><W72/><G72/><T11/><D22/><U38/><E38/><V49/><F51/><W10/><G10/><T19/><D5/><U97/><E97/><V14/><F49/><W74/><G74/><T112/><D91/><U9/><REACH who="1" step="1"/><E75/><REACH who="1" ten="289,157,341,203" step="2"/><V101/><F101/><W117/><G117/><T44/><D100/><U56/><E56/><N who="3" m="21610" /><G122/><T93/><D59/><U128/><E128/><V115/><F47/><W20/><G20/><T40/><D44/><U60/><E60/><V78/><F42/><W21/><G21/><T67/><D62/><U90/><AGARI ba="2,1" hai="9,15,16,39,41,45,64,65,77,81,82,86,87,90" machi="90" ten="20,12000,2" yaku="1,1,0,1,7,1,54,1,53,3" doraHai="35,124" doraHaiUra="68,79" who="1" fromWho="1" sc="289,-32,157,136,341,-62,203,-32" /><INIT seed="7,0,0,2,4,75" ten="257,293,279,171" oya="3" hai0="83,4,50,101,85,16,119,24,11,0,28,65,135" hai1="49,110,10,90,56,6,21,30,38,118,95,117,92" hai2="64,111,97,74,57,73,69,23,53,108,3,132,88" hai3="20,129,109,120,51,84,133,116,68,63,1,123,27"/><W67/><G116/><N who="1" m="44650" /><E110/><V44/><F3/><W82/><G133/><T81/><D135/><U121/><E38/><V19/><F44/><W91/><G129/><T32/><D119/><U22/><E121/><V87/><F64/><W94/><G1/><T66/><D101/><U113/><E113/><V105/><F69/><W86/><G51/><T70/><D70/><U14/><E30/><V107/><F73/><W127/><G127/><T39/><D39/><U131/><E95/><V36/><F74/><W2/><G2/><T77/><D81/><U45/><E56/><V100/><F107/><W126/><G126/><T102/><D102/><U9/><E10/><V7/><F7/><W89/><REACH who="3" step="1"/><G109/><REACH who="3" ten="257,293,279,161" step="2"/><T18/><D50/><U26/><E131/><V47/><F132/><W37/><G37/><T104/><D104/><U76/><E49/><V46/><F36/><W71/><G71/><T79/><D0/><U35/><E45/><V5/><F46/><W98/><G98/><T62/><D62/><U34/><E34/><V31/><F47/><W115/><G115/><T8/><D32/><U114/><E114/><V96/><F96/><W59/><G59/><T13/><D4/><U58/><E58/><V54/><F5/><W99/><G99/><T60/><D60/><U41/><E35/><V48/><F111/><W103/><G103/><T55/><D66/><U78/><E6/><V17/><F108/><W40/><G40/><T134/><D65/><U106/><E41/><V43/><F43/><W124/><G124/><T130/><D134/><U128/><E128/><V29/><F57/><RYUUKYOKU ba="0,1" sc="257,-10,293,-10,279,-10,161,30" hai3="20,27,63,67,68,82,84,86,89,91,94,120,123" /><INIT seed="7,1,1,4,4,43" ten="247,283,269,191" oya="3" hai0="70,44,86,113,48,121,3,42,83,90,8,128,27" hai1="53,89,72,65,71,15,58,73,46,87,18,110,17" hai2="55,122,111,74,120,129,34,39,35,119,13,127,62" hai3="100,92,12,115,93,16,49,116,28,51,66,125,23"/><W134/><G116/><T107/><D121/><N who="2" m="46698" /><F119/><W40/><G125/><T45/><D70/><U130/><E110/><V99/><F111/><W20/><G134/><T38/><D107/><U85/><E130/><V1/><F1/><W78/><G115/><T21/><D128/><U36/><E18/><V2/><F2/><W102/><G66/><T63/><D63/><U98/><E98/><V112/><F74/><W59/><G78/><T109/><D109/><U69/><E87/><V37/><F129/><W19/><G28/><T132/><D113/><U11/><E69/><V114/><F127/><W118/><G118/><T9/><D3/><U22/><E11/><V14/><F99/><W82/><G82/><T135/><D132/><U52/><E71/><V26/><F114/><W67/><G67/><T29/><REACH who="0" step="1"/><D135/><REACH who="0" ten="237,283,269,191" step="2"/><U61/><E61/><V6/><F112/><W84/><G84/><T117/><D117/><U31/><E85/><V123/><F123/><W108/><G108/><T105/><D105/><U94/><E73/><V24/><F62/><W7/><G7/><T32/><D32/><U133/><E72/><V126/><F34/><W80/><G80/><T81/><D81/><U96/><E133/><V79/><F35/><W75/><G75/><T104/><D104/><U30/><E94/><V56/><F6/><W50/><G59/><T103/><D103/><N who="3" m="39465" /><G40/><AGARI ba="1,2" hai="8,9,21,27,29,38,40,42,44,45,48,83,86,90" machi="40" ten="30,7700,0" yaku="1,1,7,1,52,2,53,0" doraHai="43" doraHaiUra="131" who="0" fromWho="3" sc="237,100,283,0,269,0,191,-80" owari="337,43.7,283,8.3,269,-13.1,111,-38.9" /></mjloggm>