<mjloggm ver="2.3"><GO type="169" lobby="0"/><UN n0="%63%2E%63%2D%76%2E%76" n1="%E3%83%80%E3%82%AF%E3%82%BF%E3%83%BC%E3%82%AF%E3%83%AA%E3%83%83%E3%83%97" n2="%E3%81%A1%E3%82%83%E3%82%93%E3%81%AE%E3%81%B6" n3="%E3%83%AF%E3%82%BF%E3%82%B7%E3%81%8C%E9%A3%9B%E3%82%93%E3%81%A0%E6%97%A5" dan="17,19,17,16" rate="2228.94,2263.85,2121.67,2114.62" sx="F,M,M,M"/><TAIKYOKU oya="0"/><INIT seed="0,0,0,5,3,90" ten="250,250,250,250" oya="0" hai0="33,72,35,126,92,129,15,75,124,76,48,60,109" hai1="65,1,80,30,59,88,24,41,81,4,18,95,122" hai2="73,128,106,134,102,89,71,127,119,131,116,17,39" hai3="9,135,70,121,69,16,40,101,83,43,38,120,86"/><T96/><D129/><N who="2" m="49738" /><F71/><W25/><G135/><T118/><D118/><U31/><E122/><N who="3" m="47210" /><G101/><T49/><D15/><U3/><E3/><V117/><F39/><W68/><G38/><T36/><D36/><U113/><E41/><V62/><F62/><W110/><G110/><T45/><D60/><N who="1" m="38047" /><E4/><V20/><F127/><N who="0" m="48682" /><D109/><U125/><E113/><V123/><F123/><W21/><G9/><T44/><D76/><AGARI ba="0,0" hai="16,21,25,40,43,68,69,70,76,83,86" m="47210" machi="76" ten="40,2600,0" yaku="13,1,54,1" doraHai="90" who="3" fromWho="0" sc="250,-26,250,0,250,0,250,26" /><INIT seed="1,0,0,5,5,116" ten="224,250,250,276" oya="1" hai0="46,49,51,103,57,124,58,64,2,91,122,85,104" hai1="77,108,125,26,107,22,9,34,66,23,127,63,78" hai2="50,134,13,69,28,84,76,31,87,105,88,80,33" hai3="97,20,121,92,60,36,41,119,10,47,71,52,129"/><U90/><E107/><V106/><F69/><W132/><G119/><T118/><D2/><U17/><E9/><V54/><F134/><W70/><G132/><T111/><D111/><U93/><E34/><V99/><F33/><W62/><G62/><T96/><D124/><N who="1" m="47691" /><E23/><V21/><F99/><W0/><G129/><T5/><D118/><U55/><E55/><V101/><F101/><W18/><G10/><T25/><D5/><U19/><E17/><N who="2" m="10415" /><F105/><W109/><G0/><T72/><D25/><U89/><E108/><V112/><F106/><W30/><G30/><T102/><D102/><U117/><E117/><V130/><F112/><W65/><G109/><T59/><D72/><U29/><E29/><V79/><F79/><N who="1" m="30217" /><E93/><N who="2" m="54407" /><F130/><W35/><G35/><T115/><D115/><U114/><E114/><V94/><F94/><W81/><G70/><AGARI ba="0,0" hai="19,22,26,63,66,70,89,90" m="30217,47691" machi="70" ten="30,1500,0" yaku="18,1" doraHai="116" who="1" fromWho="3" sc="224,0,250,15,250,0,276,-15" /><INIT seed="1,1,0,0,3,131" ten="224,265,250,261" oya="1" hai0="81,11,90,56,22,110,79,29,40,35,46,70,60" hai1="121,41,85,74,107,118,3,26,8,1,117,62,14" hai2="34,17,87,73,52,135,53,58,130,119,37,32,43" hai3="71,72,132,7,51,91,83,55,13,89,39,64,128"/><U57/><E74/><V5/><F119/><W24/><G128/><T19/><D110/><U75/><E75/><V54/><F73/><W0/><G0/><T48/><D70/><U102/><E121/><V18/><F130/><W86/><G39/><T9/><D35/><U134/><E41/><V124/><F124/><W66/><G72/><T98/><D29/><U122/><E122/><V67/><F5/><W104/><G104/><T80/><D79/><U38/><E38/><V27/><F87/><W84/><G71/><T133/><D133/><U10/><E26/><V61/><F135/><W114/><G114/><T6/><D98/><U68/><E68/><V59/><F59/><W111/><G111/><T95/><D95/><U65/><E134/><V108/><F108/><W97/><G97/><T120/><D120/><U94/><E107/><V92/><F92/><W31/><G13/><N who="0" m="5303" /><D11/><U126/><E126/><V50/><F37/><W20/><G7/><T106/><D90/><N who="1" m="53583" /><E102/><V88/><F88/><W49/><G132/><T15/><D106/><U25/><E25/><V99/><F99/><W93/><REACH who="3" step="1"/><G49/><REACH who="3" ten="224,265,250,251" step="2"/><T82/><D82/><U125/><E125/><V129/><F129/><W30/><G30/><T23/><D81/><U78/><E3/><V127/><F127/><W103/><G103/><T116/><D80/><U21/><E1/><V12/><F50/><W42/><G42/><T96/><D96/><U47/><E118/><V4/><F43/><W109/><G109/><T44/><D116/><U36/><E117/><V77/><F4/><W123/><G123/><T101/><D101/><RYUUKYOKU ba="1,1" sc="224,-10,265,-10,250,-10,251,30" hai3="20,24,31,51,55,64,66,83,84,86,89,91,93" /><INIT seed="2,2,1,2,3,53" ten="214,255,240,281" oya="2" hai0="27,2,125,37,0,67,32,20,13,105,116,15,57" hai1="61,74,62,28,59,56,26,132,69,16,25,103,21" hai2="91,75,17,45,135,33,94,30,113,50,46,11,127" hai3="3,39,114,78,29,115,71,101,84,121,96,90,19"/><V92/><F113/><N who="3" m="43019" /><G39/><T130/><D105/><U129/><E74/><V95/><F75/><W66/><G121/><T35/><D37/><U24/><E69/><V87/><F135/><W89/><G3/><N who="0" m="1067" /><D67/><N who="1" m="39335" /><E132/><V73/><F73/><W98/><G29/><N who="0" m="17639" /><D57/><U1/><E1/><V43/><F30/><W120/><G120/><T54/><D54/><N who="1" m="34167" /><E129/><V126/><F33/><N who="0" m="12874" /><D130/><U112/><E112/><V119/><F46/><W8/><G66/><T23/><D125/><N who="2" m="47626" /><F119/><W77/><G90/><T97/><D97/><U48/><E103/><V86/><F87/><W4/><G101/><T12/><D116/><U102/><E102/><V7/><F17/><AGARI ba="2,1" hai="12,13,15,17,23" m="12874,17639,1067" machi="17" ten="30,8000,1" yaku="35,5" doraHai="53" who="0" fromWho="2" sc="214,96,255,0,240,-86,281,0" /><INIT seed="3,0,0,4,2,80" ten="310,255,154,281" oya="3" hai0="25,31,26,82,75,28,38,48,96,60,93,133,101" hai1="37,134,130,123,1,89,78,17,57,103,0,119,109" hai2="27,113,100,127,98,126,107,81,47,64,30,90,20" hai3="117,36,97,76,7,39,115,66,34,5,16,114,86"/><W54/><G117/><T69/><D38/><U106/><E123/><V40/><F113/><W6/><G34/><T50/><D133/><U46/><E109/><V68/><F64/><W111/><G66/><T74/><D69/><U22/><E134/><V70/><F70/><W122/><G122/><T35/><D60/><U42/><E130/><V41/><F68/><W51/><G97/><T11/><D11/><U58/><E78/><V19/><F30/><W14/><G39/><T24/><D24/><U110/><E110/><V44/><F44/><W59/><G36/><T18/><D18/><U128/><E128/><V67/><F67/><W10/><REACH who="3" step="1"/><G111/><REACH who="3" ten="310,255,154,271" step="2"/><T21/><D35/><U94/><E119/><V105/><F107/><W52/><G52/><T56/><D96/><U13/><E106/><V99/><F99/><W95/><G95/><T61/><D93/><U49/><E37/><V62/><F41/><W55/><G55/><T71/><D71/><U77/><E94/><V124/><F40/><W2/><G2/><T104/><D104/><U33/><E33/><V92/><F105/><W53/><G53/><T9/><D101/><U45/><E103/><V32/><F32/><W132/><G132/><T73/><D82/><AGARI ba="0,1" hai="5,6,7,10,14,16,51,54,59,76,82,86,114,115" machi="82" ten="40,7700,0" yaku="1,1,52,1,54,1,53,0" doraHai="80" doraHaiUra="112" who="3" fromWho="0" sc="310,-77,255,0,154,0,271,87" /><INIT seed="3,1,0,1,1,75" ten="233,255,154,358" oya="3" hai0="135,44,65,73,98,107,63,131,85,69,122,100,128" hai1="41,71,56,93,95,18,48,113,115,2,102,40,37" hai2="81,88,52,7,21,119,72,53,45,82,19,51,99" hai3="22,39,14,94,104,114,43,121,16,5,110,80,92"/><W109/><G121/><T15/><D122/><U38/><E2/><V54/><F119/><W118/><G118/><T66/><D73/><U78/><E18/><V125/><F125/><W97/><G114/><T77/><D135/><U120/><E102/><V27/><F7/><W132/><G132/><T29/><D29/><U46/><E120/><V134/><F134/><W74/><G104/><T106/><D106/><U34/><E34/><V58/><F72/><W86/><G74/><T10/><D44/><U108/><E56/><V9/><F9/><W105/><G105/><T35/><D66/><U116/><E46/><V60/><F54/><W124/><G124/><T111/><D35/><U112/><E112/><V17/><F19/><W96/><G5/><T59/><D69/><U33/><E33/><V13/><F13/><W26/><G14/><T126/><D111/><N who="3" m="42505" /><G39/><T67/><D126/><U61/><E38/><V1/><F1/><W28/><G43/><T25/><D25/><U133/><E41/><V31/><F31/><W0/><G0/><T101/><D107/><U55/><E40/><V42/><F42/><W20/><G20/><T11/><D15/><U57/><E37/><V90/><F90/><N who="3" m="51527" /><G28/><T23/><D23/><U64/><E116/><V47/><F47/><W129/><G129/><T84/><D131/><U50/><E108/><V89/><F89/><W24/><G26/><T127/><D128/><U36/><E36/><V8/><F8/><W49/><G24/><T30/><D30/><U79/><E133/><V130/><F130/><W123/><G123/><T12/><D127/><RYUUKYOKU ba="1,0" sc="233,-10,255,-10,154,30,358,-10" hai2="17,21,27,45,51,52,53,58,60,81,82,88,99" /><INIT seed="4,2,0,4,0,63" ten="223,245,184,348" oya="0" hai0="21,47,82,135,126,0,85,53,38,73,123,118,111" hai1="1,97,2,131,124,50,67,13,100,58,83,128,109" hai2="102,7,96,115,121,41,90,32,93,20,6,134,108" hai3="8,54,76,74,33,132,28,61,4,62,92,3,26"/><T56/><D118/><U42/><E109/><V114/><F121/><W35/><G132/><T9/><D123/><U84/><E124/><V122/><F122/><W22/><G61/><T116/><D116/><U11/><E42/><V45/><F32/><W70/><G74/><T37/><D126/><U43/><E43/><V110/><F20/><W119/><G119/><T18/><D73/><U69/><E69/><V68/><F134/><W75/><G75/><T25/><D135/><U57/><E50/><V101/><F68/><W104/><G104/><T106/><D106/><U98/><E58/><V5/><F108/><W65/><G76/><T23/><D47/><U125/><E125/><V27/><F27/><W95/><G54/><T29/><D111/><U78/><E57/><V105/><F110/><W120/><G120/><T89/><D0/><U112/><E67/><V130/><F130/><N who="1" m="49705" /><E112/><N who="2" m="43051" /><F105/><W117/><G117/><T72/><D9/><U77/><E78/><V87/><F96/><N who="1" m="36969" /><E100/><V48/><AGARI ba="2,0" hai="5,6,7,41,45,48,87,90,93,101,102" m="43051" machi="48" ten="30,1100,0" yaku="15,1" doraHai="63" who="2" fromWho="2" sc="223,-7,245,-5,184,17,348,-5" /><INIT seed="5,0,0,2,1,69" ten="216,240,201,343" oya="1" hai0="8,5,7,86,53,31,114,133,44,19,77,120,41" hai1="75,99,109,45,110,66,106,25,117,108,33,24,76" hai2="23,74,43,49,124,123,82,15,116,29,0,87,89" hai3="55,97,14,131,126,105,93,20,36,17,54,128,88"/><U64/><E117/><V59/><F116/><W71/><G126/><T18/><D114/><U30/><E24/><V72/><F123/><W111/><G111/><T65/><D133/><U62/><E45/><V13/><F0/><W112/><G112/><T122/><D65/><U103/><REACH who="1" step="1"/><E62/><REACH who="1" ten="216,230,201,343" step="2"/><V85/><F124/><W134/><G134/><T37/><D120/><U12/><E12/><V28/><F15/><W34/><G14/><T130/><D122/><U32/><E32/><V78/><F13/><W46/><G34/><T127/><D127/><U2/><E2/><V16/><F29/><W27/><G46/><T63/><D31/><U90/><E90/><V95/><F28/><W6/><G88/><T52/><D63/><U118/><E118/><V81/><F89/><W39/><G27/><T26/><D26/><U104/><E104/><V35/><F35/><W121/><G105/><T57/><D44/><U42/><E42/><V11/><F43/><W1/><G1/><T10/><D41/><U9/><E9/><V79/><F11/><W47/><G47/><T80/><D10/><U67/><E67/><V102/><F23/><W132/><G121/><T96/><D8/><U38/><E38/><V22/><F22/><W100/><G132/><T83/><D37/><U70/><E70/><V60/><F60/><W92/><G71/><T91/><D91/><U135/><E135/><V21/><F21/><W115/><G20/><T101/><D57/><U48/><E48/><V73/><F49/><W51/><G51/><T61/><D61/><U58/><E58/><V56/><F16/><RYUUKYOKU ba="0,1" sc="216,-15,230,15,201,15,343,-15" hai1="25,30,33,64,66,75,76,99,103,106,108,109,110" hai2="56,59,72,73,74,78,79,81,82,85,87,95,102" /><INIT seed="5,1,1,2,0,86" ten="201,245,216,328" oya="1" hai0="111,101,121,130,30,41,115,58,55,135,47,69,48" hai1="27,108,28,84,117,43,62,15,5,89,36,134,128" hai2="9,94,78,83,53,98,18,79,85,112,82,6,124" hai3="40,126,45,92,33,132,37,133,46,63,17,70,35"/><U29/><E117/><V21/><F124/><W13/><G126/><T109/><D101/><U31/><E128/><V71/><F71/><W87/><G45/><T38/><D130/><U90/><E134/><N who="3" m="51818" /><G92/><T19/><D30/><U80/><E108/><V96/><F112/><W4/><G87/><T49/><D135/><U103/><E103/><V127/><F127/><W110/><G4/><T106/><D106/><U64/><E43/><V1/><F53/><W95/><G95/><T16/><D115/><U123/><E36/><V22/><F21/><N who="3" m="11439" /><G110/><T107/><D107/><U65/><E123/><V91/><F82/><W10/><G10/><T97/><D97/><U44/><E44/><V54/><F54/><W39/><G39/><T131/><D121/><U119/><E119/><V129/><F129/><W74/><G74/><T68/><D131/><U0/><E0/><V60/><F60/><W67/><AGARI ba="1,1" hai="33,35,37,40,46,63,67,70" m="11439,51818" machi="67" ten="30,1100,0" yaku="20,1" doraHai="86" who="3" fromWho="3" sc="201,-4,245,-6,216,-4,328,24" /><INIT seed="6,0,0,5,3,76" ten="197,239,212,352" oya="2" hai0="27,13,129,106,56,128,23,21,104,118,93,83,36" hai1="96,14,97,125,103,18,77,9,78,34,28,66,0" hai2="126,41,57,135,47,99,7,33,45,1,15,122,3" hai3="39,12,20,70,119,62,84,121,25,114,54,100,11"/><V4/><F33/><W40/><G121/><T43/><D118/><U133/><E97/><V42/><F122/><W80/><G119/><T64/><D93/><U2/><E125/><V94/><F135/><W85/><G39/><T98/><D43/><U131/><E131/><N who="0" m="50249" /><D36/><U110/><E110/><V58/><F15/><W123/><G123/><T37/><D37/><U24/><E133/><V75/><F75/><W115/><G40/><T71/><D71/><U32/><E32/><V68/><F94/><W89/><G100/><T107/><D98/><U95/><E66/><V108/><F99/><W102/><G102/><T16/><D64/><U44/><E44/><V30/><F30/><W101/><G101/><T67/><D67/><U91/><E103/><V74/><F74/><W73/><G73/><T134/><D56/><U109/><E109/><V127/><REACH who="2" step="1"/><F108/><REACH who="2" ten="197,239,202,352" step="2"/><W51/><G12/><T124/><D134/><U50/><E0/><V82/><F82/><W87/><G80/><T6/><D124/><U52/><E2/><V38/><F38/><W17/><G115/><T112/><D112/><U35/><E34/><V69/><AGARI ba="0,1" hai="1,3,4,7,41,42,45,47,57,58,68,69,126,127" machi="69" ten="25,9600,0" yaku="1,1,0,1,22,2,53,0" doraHai="76" doraHaiUra="8" who="2" fromWho="2" sc="197,-32,239,-32,202,106,352,-32" /><INIT seed="6,1,0,4,5,60" ten="165,207,308,320" oya="2" hai0="67,114,105,62,129,2,93,135,19,116,7,90,8" hai1="30,112,39,87,18,17,11,47,107,126,111,121,12" hai2="22,57,128,45,49,4,73,5,55,109,98,69,132" hai3="46,118,89,3,48,108,33,79,63,85,27,84,75"/><V25/><F73/><W6/><G118/><T115/><D129/><U102/><E111/><V56/><F128/><W97/><G108/><T51/><D116/><U113/><E126/><V40/><F109/><W59/><G75/><T92/><D105/><U10/><E30/><V103/><F69/><W99/><G3/><T24/><D51/><U58/><E121/><V66/><F132/><W124/><G33/><T37/><D37/><U65/><E87/><V21/><F57/><W78/><G6/><T42/><D42/><U15/><E58/><V96/><F22/><W52/><G27/><T41/><D41/><U32/><E65/><V44/><F44/><W81/><G124/><T117/><D117/><U26/><E26/><V35/><F35/><W9/><G9/><T20/><D135/><U1/><E1/><V101/><F98/><N who="3" m="37387" /><G84/><T106/><D106/><U133/><E32/><V23/><F23/><W28/><G28/><T0/><D0/><U122/><E133/><V100/><F96/><W68/><G68/><T34/><D34/><U54/><E122/><V82/><F82/><W31/><G31/><T64/><D90/><U123/><E123/><V71/><F71/><W95/><G81/><T131/><D131/><U120/><E120/><V61/><REACH who="2" step="1"/><F40/><AGARI ba="1,0" hai="40,46,48,52,59,63,78,79,85,89,95" m="37387" machi="40" ten="30,2000,0" yaku="8,1,54,1" doraHai="60" who="3" fromWho="2" sc="165,0,207,0,308,-23,320,23" /><INIT seed="7,0,0,3,3,16" ten="165,207,285,343" oya="3" hai0="25,30,104,50,12,115,85,109,135,60,88,44,131" hai1="28,116,2,57,108,127,20,121,73,79,111,53,14" hai2="19,0,47,40,23,32,94,22,100,69,125,97,49" hai3="86,59,75,35,71,26,55,37,110,9,123,132,102"/><W34/><G75/><T106/><D109/><U134/><E2/><V113/><F32/><W87/><G71/><T65/><D131/><U96/><E116/><V38/><F113/><W80/><G123/><T61/><D135/><U89/><E121/><V62/><F0/><W48/><G37/><T84/><D12/><U31/><E134/><V77/><F125/><W29/><G132/><T41/><D85/><U91/><E127/><V95/><F77/><W107/><G86/><T42/><D42/><U15/><E79/><V81/><F81/><W43/><G9/><T126/><D126/><U129/><E129/><V46/><F19/><W98/><G43/><T90/><D115/><U56/><E73/><V11/><F11/><W83/><G110/><T66/><D104/><U122/><E122/><V52/><F95/><W117/><G117/><T27/><D106/><U72/><E72/><V74/><F74/><W103/><G103/><T13/><D13/><U63/><E14/><V1/><F1/><W120/><G120/><T101/><D101/><U3/><E15/><V6/><F6/><W33/><G80/><N who="0" m="49159" /><D25/><U67/><E3/><V8/><F8/><W92/><G107/><T118/><D90/><AGARI ba="0,0" hai="26,29,33,34,35,48,55,59,83,87,90,92,98,102" machi="90" ten="30,1500,0" yaku="7,1" doraHai="16" who="3" fromWho="0" sc="165,-15,207,0,285,0,343,15" owari="150,-35.0,207,-19.3,285,8.5,358,45.8" /></mjloggm>