<mjloggm ver="2.3"><GO type="169" lobby="0"/><UN n0="%74%65%63%68%74%6F" n1="%E3%82%8A%E3%82%93%E3%81%94%32%32%36" n2="%E3%83%A9%E3%83%B3%E3%82%B0%E3%83%A9" n3="%E5%A4%A9%E7%8B%90" dan="17,17,16,16" rate="2171.89,2219.49,2073.27,2082.00" sx="M,M,M,M"/><TAIKYOKU oya="0"/><INIT seed="0,0,0,4,2,79" ten="250,250,250,250" oya="0" hai0="61,80,48,130,41,30,123,38,97,12,83,116,112" hai1="118,25,8,29,35,98,44,135,57,117,105,115,119" hai2="70,42,109,71,114,60,54,22,103,63,108,21,127" hai3="78,1,81,89,13,84,68,124,19,128,99,133,90"/><T64/><D112/><U65/><E135/><V50/><F103/><W27/><G68/><N who="2" m="26153" /><F21/><W55/><G133/><T33/><D116/><U43/><E115/><V74/><F22/><W24/><G124/><T102/><D123/><U95/><E105/><V45/><F74/><W56/><G128/><T17/><D130/><U5/><E65/><V2/><F2/><W106/><G1/><T100/><D38/><U77/><E57/><N who="2" m="32983" /><F114/><W85/><G99/><T6/><D6/><U9/><E5/><V134/><F134/><W96/><G96/><T82/><D97/><U58/><E77/><V37/><F127/><W126/><G106/><T66/><D33/><U62/><E62/><AGARI ba="0,0" hai="37,42,45,60,62,63,108,109" m="32983,26153" machi="62" ten="30,2000,0" yaku="34,2" doraHai="79" who="2" fromWho="1" sc="250,0,250,-20,250,20,250,0" /><INIT seed="1,0,0,3,0,108" ten="250,230,270,250" oya="1" hai0="134,89,12,99,119,17,34,95,93,81,113,110,8" hai1="36,67,61,41,101,112,107,60,121,3,2,87,37" hai2="48,65,77,44,125,78,111,13,15,64,33,7,117" hai3="21,106,116,123,63,23,79,26,131,129,83,10,122"/><U20/><E121/><V69/><F33/><W14/><G106/><T96/><D119/><U58/><E87/><V46/><F117/><W42/><G42/><T130/><D110/><U124/><E20/><V91/><F111/><W45/><G45/><T94/><D130/><N who="3" m="49673" /><G63/><T92/><D134/><U71/><E101/><V50/><F7/><N who="3" m="3423" /><G116/><T120/><D120/><N who="3" m="46121" /><G26/><T18/><D34/><U127/><E107/><V135/><F69/><W40/><G40/><T29/><D99/><U16/><E3/><V47/><F47/><W49/><G49/><T84/><D96/><U19/><E2/><V43/><F43/><W104/><G104/><T115/><D95/><U68/><E41/><V128/><F128/><W86/><AGARI ba="0,0" hai="21,23,79,83,86" m="46121,3423,49673" machi="86" ten="30,1100,0" yaku="19,1" doraHai="108" who="3" fromWho="3" sc="250,-3,230,-5,270,-3,250,11" /><INIT seed="2,0,0,3,0,117" ten="247,225,267,261" oya="2" hai0="68,130,8,35,73,110,114,12,116,15,1,71,93" hai1="133,40,75,76,57,82,70,43,101,127,5,97,33" hai2="9,51,61,56,58,107,32,120,91,23,119,36,74" hai3="37,66,123,99,87,69,34,10,135,85,16,44,72"/><V104/><F32/><W7/><G72/><T129/><D93/><U83/><E70/><V121/><F36/><W62/><G34/><T118/><D73/><U128/><E133/><V59/><F119/><N who="0" m="45610" /><D71/><U27/><E127/><V88/><F74/><W79/><G135/><T30/><D68/><U98/><E128/><N who="0" m="49257" /><D110/><U21/><E33/><V64/><F23/><W109/><G109/><T65/><D65/><U113/><E83/><V78/><F78/><W81/><G87/><T13/><D114/><U0/><E98/><V77/><F77/><W126/><G126/><T103/><D103/><U131/><E113/><V90/><F9/><W14/><G99/><T24/><D1/><U95/><E131/><V94/><F94/><W53/><G7/><AGARI ba="0,0" hai="7,8,12,13,15,24,30,35" m="49257,45610" machi="7" ten="30,7700,0" yaku="12,1,19,1,34,2" doraHai="117" who="0" fromWho="3" sc="247,77,225,0,267,0,261,-77" /><INIT seed="3,0,0,2,5,29" ten="324,225,267,184" oya="3" hai0="5,111,66,74,38,67,12,54,109,123,126,60,25" hai1="131,19,27,35,58,26,94,3,62,51,4,37,1" hai2="75,89,63,22,42,103,24,107,95,57,82,87,86" hai3="113,16,83,10,127,69,49,23,52,104,53,114,118"/><W13/><G118/><T97/><D74/><U39/><E131/><V90/><F75/><W105/><G69/><T99/><D38/><U101/><E51/><V8/><F42/><W134/><G134/><T106/><D123/><U36/><E27/><V125/><F125/><W84/><G127/><T77/><D77/><U7/><E7/><V73/><F73/><W119/><G119/><T48/><D25/><U50/><E50/><V14/><F107/><W121/><G121/><T65/><D60/><U85/><E4/><V68/><F103/><W72/><G72/><T2/><D2/><U43/><E43/><V110/><F110/><W30/><G53/><T0/><D0/><U28/><E19/><V9/><F14/><W112/><G30/><T128/><D106/><U117/><E117/><V15/><F15/><W88/><REACH who="3" step="1"/><G23/><REACH who="3" ten="324,225,267,174" step="2"/><T133/><D133/><U56/><E28/><N who="2" m="17431" /><F68/><W46/><AGARI ba="0,1" hai="10,13,16,46,49,52,83,84,88,104,105,112,113,114" machi="46" ten="30,24000,3" yaku="1,1,0,1,25,2,54,3,53,2" doraHai="29" doraHaiUra="100" who="3" fromWho="3" sc="324,-80,225,-80,267,-80,174,250" /><INIT seed="3,1,0,4,1,67" ten="244,145,187,424" oya="3" hai0="18,73,45,39,117,112,57,120,60,54,35,75,76" hai1="0,23,102,82,28,128,129,30,6,132,91,116,13" hai2="33,74,70,87,111,26,4,63,32,42,79,15,119" hai3="107,69,115,103,135,61,122,55,78,114,62,19,49"/><W59/><G122/><T98/><D117/><U2/><E102/><V72/><F119/><W133/><G78/><T113/><D35/><U27/><E116/><V43/><F111/><W134/><G19/><T17/><D120/><U100/><E100/><V52/><F87/><W41/><G103/><T121/><D121/><U93/><E82/><V124/><F124/><W9/><G9/><T38/><D98/><U131/><E30/><V65/><F72/><W95/><G95/><T50/><D17/><U10/><REACH who="1" step="1"/><E132/><REACH who="1" ten="244,135,187,424" step="2"/><V25/><F74/><W109/><G109/><T12/><D75/><U125/><E125/><V5/><F79/><W105/><G105/><T101/><D101/><U11/><E11/><V80/><F80/><W40/><G107/><T123/><D123/><U94/><E94/><V8/><F33/><W21/><G21/><N who="0" m="11463" /><D73/><U37/><E37/><V104/><F104/><W90/><G90/><T96/><D76/><U84/><AGARI ba="1,1" hai="0,2,6,10,13,23,27,28,84,91,93,128,129,131" machi="84" ten="30,4000,0" yaku="1,1,0,1,19,1,53,0" doraHai="67" doraHaiUra="46" who="1" fromWho="1" sc="244,-11,135,53,187,-11,424,-21" /><INIT seed="4,0,0,3,4,128" ten="233,188,176,403" oya="0" hai0="127,132,1,9,13,39,68,42,92,2,82,102,60" hai1="31,37,115,62,80,54,114,4,111,8,58,36,98" hai2="86,135,131,59,85,52,90,74,71,106,89,134,133" hai3="121,21,47,66,38,14,29,97,50,27,34,83,45"/><T109/><D127/><U5/><E111/><V17/><F74/><W32/><G38/><T48/><D39/><U6/><E8/><V70/><F106/><W22/><G66/><T94/><D82/><U105/><E31/><V33/><F33/><W67/><G67/><T75/><D75/><U88/><E105/><V64/><F131/><W10/><G47/><T73/><D73/><U103/><E103/><V99/><F99/><W15/><G15/><T20/><D20/><U113/><REACH who="1" step="1"/><E80/><REACH who="1" ten="233,178,176,403" step="2"/><N who="2" m="49319" /><F17/><W44/><G83/><T69/><D102/><U72/><E72/><V49/><F64/><W46/><G10/><T40/><D9/><U25/><E25/><V110/><F110/><W18/><G27/><T93/><D109/><U129/><E129/><V11/><F11/><W125/><G29/><T118/><D93/><AGARI ba="0,1" hai="4,5,6,36,37,54,58,62,88,93,98,113,114,115" machi="93" ten="50,8000,1" yaku="1,1,15,1,11,1,54,1,53,0" doraHai="128" doraHaiUra="78" who="1" fromWho="0" sc="233,-80,178,90,176,0,403,0" /><AGARI ba="0,0" hai="49,52,59,70,71,86,90,93,133,134,135" m="49319" machi="93" ten="30,8000,1" yaku="20,1,52,3,54,1" doraHai="128" who="2" fromWho="0" sc="153,-80,268,0,176,80,403,0" /><INIT seed="5,0,0,2,5,135" ten="73,268,256,403" oya="1" hai0="35,3,96,64,40,109,66,69,122,45,108,32,7" hai1="95,36,56,119,93,29,121,98,22,124,54,91,120" hai2="57,94,65,17,81,2,82,5,132,14,27,16,84" hai3="128,50,51,86,99,43,107,30,103,101,70,118,114"/><U58/><E119/><V33/><F132/><W134/><G134/><T23/><D122/><U52/><E36/><V20/><F33/><W31/><G70/><T4/><D23/><U41/><E41/><V106/><F106/><W87/><G114/><T63/><D96/><U24/><E124/><V53/><F65/><W92/><G128/><T75/><D75/><U26/><E26/><V18/><F2/><W85/><G118/><T113/><D113/><U13/><E13/><V71/><F71/><W97/><G43/><T123/><D123/><U12/><E12/><V11/><F94/><W127/><G127/><T42/><D69/><U72/><E72/><V105/><F105/><W90/><G90/><T19/><D3/><U111/><E111/><V133/><F133/><W10/><G10/><T1/><D1/><U130/><E130/><V25/><F25/><W110/><G110/><T102/><D19/><U116/><E116/><V76/><REACH who="2" step="1"/><F81/><REACH who="2" ten="73,268,246,403" step="2"/><W44/><G107/><T77/><D102/><U38/><E95/><V59/><F59/><W6/><G92/><T8/><D45/><U37/><E120/><V79/><F79/><W100/><G44/><T112/><D77/><U15/><E15/><V67/><F67/><W88/><G101/><T21/><D112/><U48/><REACH who="1" step="1"/><E121/><REACH who="1" ten="73,258,246,403" step="2"/><V73/><F73/><W39/><G39/><T34/><D34/><U129/><E129/><V104/><F104/><W126/><G126/><T61/><REACH who="0" step="1"/><D21/><REACH who="0" ten="63,258,246,403" step="2"/><U0/><E0/><V125/><F125/><W80/><G103/><T89/><D89/><U78/><E78/><V49/><AGARI ba="0,3" hai="5,11,14,16,17,18,20,27,49,53,57,76,82,84" machi="49" ten="20,12000,2" yaku="1,1,5,1,0,1,7,1,8,1,54,1,53,0" doraHai="135" doraHaiUra="60" who="2" fromWho="2" sc="63,-30,258,-60,246,150,403,-30" /><INIT seed="6,0,0,2,2,61" ten="33,198,396,373" oya="2" hai0="10,64,59,62,135,12,35,77,11,83,81,119,0" hai1="16,55,126,128,33,90,93,24,79,21,85,109,41" hai2="78,122,58,49,115,14,130,9,118,8,127,123,15" hai3="124,97,50,106,71,28,98,113,69,67,73,125,26"/><V3/><F118/><W51/><G73/><T40/><D135/><U105/><E105/><V25/><F78/><W131/><G131/><T48/><D119/><U76/><E109/><V20/><F58/><W101/><G98/><T36/><D35/><U46/><E126/><N who="3" m="48746" /><G113/><T19/><D36/><U27/><E128/><V29/><F127/><W92/><G92/><T96/><D96/><U107/><E107/><V133/><F130/><W60/><G71/><T103/><D103/><U120/><E55/><V5/><F49/><W2/><G2/><T30/><D30/><U42/><E42/><V44/><F44/><W68/><G68/><T18/><D77/><U6/><E6/><N who="2" m="3351" /><F133/><W114/><G114/><T70/><D70/><U63/><E63/><V110/><F115/><W1/><G1/><T89/><D89/><U104/><E104/><V34/><F110/><W38/><G38/><T82/><D0/><U121/><E33/><AGARI ba="0,0" hai="26,28,33,50,51,60,67,69,97,101,106" m="48746" machi="33" ten="30,3900,0" yaku="25,1,18,1,52,1" doraHai="61" who="3" fromWho="1" sc="33,0,198,-39,396,0,373,39" /><INIT seed="7,0,0,0,1,125" ten="33,159,396,412" oya="3" hai0="42,49,47,135,26,40,43,29,45,60,32,65,23" hai1="48,84,72,37,132,6,115,102,76,116,81,28,79" hai2="90,17,104,57,105,19,94,12,99,113,128,52,92" hai3="11,112,114,56,9,59,86,36,97,96,123,34,124"/><W129/><G123/><T93/><D32/><U30/><E37/><V61/><F128/><W3/><G129/><T39/><D135/><U20/><E115/><N who="3" m="44074" /><G124/><T38/><D38/><U78/><E72/><V120/><F120/><W109/><G34/><T54/><D39/><U73/><E73/><V31/><F31/><W64/><G36/><T67/><D47/><U110/><E110/><V21/><F113/><W88/><G109/><T1/><D1/><U89/><E116/><V68/><F68/><W122/><G122/><T13/><D13/><U111/><E6/><V62/><F62/><N who="3" m="37959" /><G59/><T77/><D77/><U53/><E132/><V107/><F107/><W66/><G66/><T118/><D118/><U134/><E102/><V130/><F130/><W22/><G22/><T33/><D33/><U133/><E111/><V69/><F69/><W0/><G9/><T103/><D67/><U7/><E79/><V18/><F18/><W74/><G74/><T82/><D82/><U117/><E81/><V2/><F2/><N who="3" m="555" /><G11/><T50/><D50/><U119/><E78/><V127/><F127/><W101/><G101/><T8/><D8/><U35/><E48/><V10/><F94/><AGARI ba="0,0" hai="86,88,94,96,97" m="555,37959,44074" machi="94" ten="30,2900,0" yaku="15,1,54,1" doraHai="125" who="3" fromWho="2" sc="33,0,159,0,396,-29,412,29" owari="33,-46.7,159,-24.1,367,16.7,441,54.1" /></mjloggm>