<mjloggm ver="2.3"><GO type="225" lobby="0"/><UN n0="%72%61%6B%33" n1="%E6%97%A5%E6%9B%9C%E6%97%A5%E3%82%88%E3%82%8A%E3%81%AE%E4%BD%BF%E8%80%85" n2="%E3%82%A4%E3%83%BC%E3%82%B1%E3%83%97%E3%83%A9" n3="%E6%9C%88%E5%B3%B6%E5%9F%BA" dan="16,17,17,17" rate="2081.91,2212.12,2150.93,2220.25" sx="M,M,M,M"/><TAIKYOKU oya="0"/><INIT seed="0,0,0,0,0,112" ten="250,250,250,250" oya="0" hai0="123,129,10,92,121,105,2,39,13,32,33,4,78" hai1="23,8,50,103,97,1,66,34,114,81,85,19,126" hai2="64,5,44,62,87,55,72,83,16,69,7,41,58" hai3="0,96,38,79,108,54,80,86,135,100,61,49,3"/><T17/><D105/><U130/><E34/><N who="0" m="13417" /><D92/><U27/><E114/><V36/><F72/><W91/><G38/><T127/><D78/><U74/><E74/><V115/><F115/><W48/><G108/><T42/><D42/><U102/><E126/><V46/><F46/><W124/><G135/><T63/><D63/><U88/><E130/><V28/><F28/><W99/><G124/><T47/><D47/><U94/><E66/><V89/><REACH who="2" step="1"/><F16/><REACH who="2" ten="250,250,240,250" step="2"/><W14/><G100/><T31/><D127/><U117/><E103/><V133/><F133/><W82/><G91/><T76/><D76/><U125/><E125/><V119/><F119/><W134/><G79/><T40/><D39/><U20/><E117/><V77/><F77/><W98/><G134/><T101/><D101/><U120/><E102/><V45/><F45/><W59/><G82/><T106/><D31/><U57/><E81/><V68/><F68/><W116/><G80/><T12/><D40/><U24/><E19/><V132/><F132/><W90/><G116/><T30/><D30/><U35/><E27/><V113/><F113/><W128/><G90/><T109/><D106/><U52/><E24/><V43/><F43/><W18/><G18/><T53/><D129/><U11/><E88/><V37/><F37/><W26/><G128/><T110/><D53/><U122/><E52/><V70/><F70/><W107/><G54/><T75/><D75/><U65/><E65/><V29/><F29/><W73/><G107/><T22/><D2/><U60/><E35/><V118/><F118/><W93/><G73/><T51/><D51/><AGARI ba="0,1" hai="5,7,36,41,44,51,55,58,62,64,69,83,87,89" machi="51" ten="30,12000,2" yaku="1,1,6,1,7,1,24,2,53,1" doraHai="112" doraHaiUra="67" who="2" fromWho="0" sc="250,-120,250,0,240,130,250,0" /><INIT seed="1,0,0,0,2,5" ten="130,250,370,250" oya="1" hai0="85,82,60,42,67,25,122,58,94,102,66,83,9" hai1="21,119,114,11,109,87,116,34,118,37,8,6,79" hai2="23,19,80,43,129,88,134,133,3,132,4,52,126" hai3="54,20,62,76,104,56,41,36,57,124,59,47,120"/><U68/><E68/><V103/><F129/><W105/><G120/><T96/><D122/><U64/><E37/><V0/><F126/><W93/><G76/><T123/><D123/><U30/><E64/><V17/><F43/><W98/><G124/><T131/><D131/><U10/><E79/><V63/><F103/><W130/><G130/><T28/><D42/><U40/><E40/><V48/><F63/><W2/><G2/><N who="2" m="553" /><F4/><W27/><G104/><T86/><D66/><U112/><E87/><N who="2" m="50279" /><F23/><W111/><G105/><T44/><D44/><AGARI ba="0,0" hai="17,19,44,48,52,132,133,134" m="50279,553" machi="44" ten="40,5200,0" yaku="20,1,54,2" doraHai="5" who="2" fromWho="0" sc="130,-52,250,0,370,52,250,0" /><INIT seed="2,0,0,3,0,4" ten="78,250,422,250" oya="2" hai0="93,69,68,43,65,67,52,111,3,100,0,41,132" hai1="90,20,88,117,12,66,44,9,91,70,1,75,27" hai2="25,7,107,45,104,128,131,83,31,89,82,125,19" hai3="57,78,129,28,39,99,135,130,35,126,30,22,85"/><V15/><F7/><W51/><G39/><T134/><D93/><U40/><E117/><V97/><F45/><W110/><G110/><T92/><D92/><U17/><E75/><V120/><F120/><W6/><G126/><T60/><D100/><U98/><E1/><V54/><F54/><N who="3" m="31967" /><G135/><T26/><D26/><U79/><E79/><V62/><F62/><W119/><G35/><T14/><D14/><U55/><E55/><V38/><F38/><W5/><G119/><T33/><D33/><U34/><E34/><V71/><F71/><W16/><G99/><T103/><D103/><U49/><E70/><N who="0" m="27241" /><D0/><U105/><E66/><N who="0" m="25097" /><D3/><U2/><E2/><V64/><F64/><W8/><G85/><T112/><D111/><U50/><E105/><V72/><F125/><W10/><G78/><T121/><D121/><U86/><E98/><V122/><F122/><W102/><G102/><T80/><D80/><N who="1" m="49223" /><E50/><V21/><F72/><W113/><G113/><T108/><D112/><U58/><E58/><V36/><F107/><W53/><G6/><AGARI ba="0,0" hai="6,9,12,17,20,27,40,44,49,90,91" m="49223" machi="6" ten="30,3900,0" yaku="8,1,52,1,54,1" doraHai="4" who="1" fromWho="3" sc="78,0,250,39,422,0,250,-39" /><INIT seed="3,0,0,3,1,81" ten="78,289,422,211" oya="3" hai0="50,120,39,27,124,123,82,32,60,11,79,9,13" hai1="111,3,59,69,45,98,93,30,78,53,87,64,103" hai2="94,16,72,44,96,84,115,122,83,42,5,107,119" hai3="58,128,97,21,116,104,75,68,52,117,40,7,105"/><W99/><G75/><T15/><D39/><U10/><E69/><V125/><F115/><W38/><G68/><T41/><D124/><U100/><E111/><V90/><F119/><W62/><G7/><T109/><D109/><U57/><E3/><V12/><F125/><W61/><G128/><T31/><D60/><N who="1" m="37903" /><E30/><V132/><F132/><W127/><G127/><T19/><D50/><N who="1" m="28879" /><E10/><V129/><F129/><W18/><G38/><T70/><D41/><U43/><E43/><V26/><F107/><W56/><G40/><T35/><D70/><U6/><E6/><V65/><F72/><W113/><G21/><T8/><D8/><U36/><E36/><V66/><F26/><W37/><G37/><T133/><D133/><U14/><E14/><V101/><F5/><W54/><REACH who="3" step="1"/><G18/><REACH who="3" ten="78,289,422,201" step="2"/><T134/><D134/><U4/><E4/><V46/><F16/><W135/><G135/><T108/><D108/><U102/><E59/><V88/><F46/><W86/><G86/><T114/><D114/><AGARI ba="0,1" hai="52,54,56,58,61,62,97,99,104,105,113,114,116,117" machi="114" ten="25,9600,0" yaku="1,1,22,2,54,1,53,0" doraHai="81" doraHaiUra="33" who="3" fromWho="0" sc="78,-96,289,0,422,0,201,106" owari="-18,-51.8,289,-11.1,422,52.2,307,10.7" /></mjloggm>