<mjloggm ver="2.3"><GO type="169" lobby="0"/><UN n0="%E3%83%AD%E3%83%99%E3%83%AB%E3%82%BF%E3%81%95%E3%82%93%EF%BC%A0" n1="%E5%8F%97%E3%81%91%E5%85%A5%E3%82%8C%E9%87%8D%E8%A6%96" n2="%4D%E6%9C%AC" n3="%E6%95%97%E5%8C%97%E8%80%85%E3%81%AD%E3%82%8B" dan="16,16,16,17" rate="2130.85,2155.07,2140.44,2192.12" sx="F,M,M,F"/><TAIKYOKU oya="0"/><INIT seed="0,0,0,4,2,28" ten="250,250,250,250" oya="0" hai0="90,65,109,29,11,20,88,135,2,86,60,31,77" hai1="91,42,22,132,120,61,87,53,106,108,0,133,67" hai2="68,16,32,44,52,4,57,76,45,119,7,27,17" hai3="25,112,97,122,21,82,72,6,79,47,84,35,9"/><T105/><D135/><U131/><E120/><V38/><F68/><W121/><G112/><T102/><D109/><U71/><E106/><V13/><F76/><W10/><G35/><T69/><D77/><U15/><E0/><V51/><F119/><W24/><G97/><T110/><D110/><U59/><E42/><V114/><F114/><W62/><G62/><T63/><D90/><U130/><E108/><V100/><F100/><W48/><G72/><T123/><D123/><N who="3" m="47113" /><G21/><T83/><D20/><U56/><E15/><V134/><F134/><N who="1" m="51817" /><E22/><N who="2" m="13767" /><F32/><W128/><G128/><N who="1" m="49194" /><E53/><V126/><F126/><W125/><G125/><T37/><D37/><U95/><AGARI ba="0,0" hai="56,59,61,67,71,87,91,95" m="49194,51817" machi="95" ten="30,2000,0" yaku="20,1,19,1" doraHai="28" who="1" fromWho="1" sc="250,-10,250,20,250,-5,250,-5" /><INIT seed="1,0,0,2,3,105" ten="240,270,245,245" oya="1" hai0="118,47,54,94,25,18,88,129,26,34,67,5,14" hai1="124,44,89,120,93,35,22,97,92,62,83,45,90" hai2="57,125,11,115,20,69,51,41,107,28,1,39,6" hai3="133,91,65,48,82,31,61,32,40,114,76,101,15"/><U126/><E35/><V78/><F69/><W42/><G114/><T102/><D129/><U30/><E120/><V131/><F115/><W21/><G133/><T121/><D118/><U66/><E83/><V9/><F131/><W36/><G36/><T127/><D127/><N who="1" m="48683" /><E30/><V38/><F107/><W128/><G101/><T8/><D34/><U79/><E79/><V46/><F125/><W60/><G128/><T71/><D102/><U27/><E22/><V130/><F130/><W50/><G32/><T99/><D121/><U72/><E27/><V116/><F116/><W117/><G117/><T24/><D71/><N who="1" m="42455" /><E72/><V2/><F78/><W68/><G61/><T49/><REACH who="0" step="1"/><D67/><REACH who="0" ten="230,270,245,245" step="2"/><U37/><E37/><V0/><F39/><W86/><G65/><T109/><D109/><U33/><E33/><V81/><F38/><W53/><G68/><T103/><D103/><U87/><AGARI ba="0,1" hai="44,45,87,89,90,92,93,97" m="42455,48683" machi="87" ten="30,1500,0" yaku="18,1" doraHai="105" who="1" fromWho="1" sc="230,-5,270,25,245,-5,245,-5" /><INIT seed="1,1,0,0,1,125" ten="225,295,240,240" oya="1" hai0="7,5,16,30,36,51,44,77,41,56,4,133,18" hai1="96,75,33,106,126,115,32,111,132,76,98,49,80" hai2="11,12,86,94,9,25,17,37,46,54,29,78,21" hai3="114,13,39,124,108,95,119,26,104,20,35,59,88"/><U55/><E115/><V22/><F37/><W3/><G114/><T128/><D133/><U116/><E116/><V42/><F42/><W47/><G3/><T62/><D36/><U27/><E126/><V38/><F38/><W69/><G69/><T122/><D122/><U31/><E132/><V135/><F135/><W101/><G119/><T130/><D30/><U72/><E111/><V73/><F73/><W131/><G35/><T110/><D77/><U48/><E72/><V67/><F67/><W134/><G13/><T19/><REACH who="0" step="1"/><D110/><REACH who="0" ten="215,295,240,240" step="2"/><U0/><E31/><V40/><F78/><W6/><G39/><T100/><D100/><U43/><E76/><V92/><F40/><W1/><G101/><T112/><D112/><U129/><E43/><V91/><F94/><W121/><G121/><T10/><D10/><U2/><E33/><V79/><F79/><W85/><G134/><T45/><D45/><U99/><E32/><V118/><F118/><W68/><G47/><T65/><AGARI ba="1,1" hai="4,5,7,16,18,19,41,44,51,56,62,65,128,130" machi="65" ten="40,8000,1" yaku="1,1,0,1,52,2,54,1,53,0" doraHai="125" doraHaiUra="89" who="0" fromWho="0" sc="215,93,295,-41,240,-21,240,-21" /><INIT seed="2,0,0,2,1,67" ten="308,254,219,219" oya="2" hai0="101,54,44,97,116,81,115,18,50,36,22,16,133" hai1="108,123,34,2,20,4,19,47,135,21,128,120,32" hai2="39,80,66,106,12,131,74,9,117,62,88,75,24" hai3="7,0,45,69,95,31,30,127,6,68,17,13,103"/><V121/><F117/><W83/><G127/><T96/><D133/><U125/><E47/><V94/><F106/><W79/><G45/><T70/><D115/><U5/><E125/><V53/><F39/><W86/><G30/><T61/><D116/><U63/><E63/><V84/><F121/><W52/><G31/><T1/><D1/><U110/><E19/><V29/><F53/><W119/><G119/><T91/><D36/><U113/><E2/><V58/><F80/><W55/><G103/><T15/><D101/><U73/><E73/><V27/><F131/><W105/><G95/><T130/><D130/><U37/><E37/><V89/><F89/><W114/><G105/><T65/><REACH who="0" step="1"/><D18/><REACH who="0" ten="298,254,219,219" step="2"/><U98/><E128/><V93/><F93/><W8/><G114/><T104/><D104/><U126/><E126/><V129/><F129/><W102/><G102/><T49/><D49/><U10/><E113/><V132/><F132/><W90/><G6/><T35/><D35/><U60/><E135/><V118/><F118/><W77/><G0/><T28/><D28/><U42/><E123/><V11/><F29/><W46/><G7/><T71/><D71/><U112/><E120/><V40/><F94/><W43/><G69/><T100/><D100/><U64/><E112/><V38/><F38/><W57/><G68/><T87/><AGARI ba="0,1" hai="15,16,22,44,50,54,61,65,70,81,87,91,96,97" machi="87" ten="30,8000,1" yaku="1,1,0,1,52,1,54,1,53,1" doraHai="67" doraHaiUra="41" who="0" fromWho="0" sc="298,90,254,-20,219,-40,219,-20" /><INIT seed="3,0,0,4,5,69" ten="388,234,179,199" oya="3" hai0="55,10,109,81,75,9,68,20,129,0,96,85,4" hai1="14,43,23,121,123,79,124,95,48,28,24,47,86" hai2="59,104,17,53,135,107,99,90,26,97,11,73,51" hai3="128,38,106,39,40,84,134,35,22,2,27,16,93"/><W111/><G106/><T70/><D129/><U52/><E124/><V78/><F135/><W77/><G2/><T130/><D130/><U113/><E113/><V41/><F41/><W46/><G128/><T72/><D109/><U105/><E105/><V36/><F36/><W120/><G120/><T116/><D116/><U1/><E1/><V57/><F99/><W110/><G134/><T6/><D70/><U49/><E14/><V44/><F107/><W42/><G35/><T21/><D68/><U80/><REACH who="1" step="1"/><E95/><REACH who="1" ten="388,224,179,199" step="2"/><V67/><F104/><W83/><G93/><T126/><D0/><U131/><E131/><V61/><F26/><W89/><G77/><T119/><D126/><U74/><E74/><V127/><F127/><W3/><G3/><T102/><D75/><U82/><E82/><V108/><F78/><W56/><G56/><AGARI ba="0,1" hai="23,24,28,43,47,48,49,52,56,79,80,86,121,123" machi="56" ten="30,3900,0" yaku="1,1,7,1,54,1,53,0" doraHai="69" doraHaiUra="13" who="1" fromWho="3" sc="388,0,224,49,179,0,199,-39" /><INIT seed="4,0,0,4,1,7" ten="388,273,179,160" oya="0" hai0="66,11,118,93,9,86,102,134,57,34,83,38,25" hai1="77,56,16,74,114,101,21,17,88,79,54,133,91" hai2="36,22,60,106,67,73,43,104,78,14,20,119,45" hai3="28,59,105,42,122,128,127,3,62,39,61,109,2"/><T80/><D118/><U46/><E133/><V64/><F119/><W112/><G109/><T0/><D0/><U107/><E46/><V40/><F40/><W51/><G105/><T6/><D6/><U97/><E114/><V55/><F55/><W8/><G112/><T117/><D38/><U124/><E124/><V129/><F129/><W53/><G128/><T23/><D34/><U15/><E17/><V121/><F121/><W72/><G72/><T90/><D134/><U69/><E69/><V81/><F67/><W44/><G127/><T26/><D26/><U48/><E74/><V12/><F22/><W113/><G113/><T68/><D68/><U89/><AGARI ba="0,0" hai="15,16,21,48,54,56,77,79,88,89,91,97,101,107" machi="89" ten="30,4000,0" yaku="0,1,54,2" doraHai="7" who="1" fromWho="1" sc="388,-20,273,40,179,-10,160,-10" /><INIT seed="5,0,0,2,5,50" ten="368,313,169,150" oya="1" hai0="20,97,64,4,130,135,120,28,102,108,91,115,101" hai1="127,109,18,36,62,6,92,66,103,34,35,11,71" hai2="111,100,24,41,25,105,93,89,107,22,10,14,40" hai3="52,72,7,37,15,60,104,57,12,13,76,131,74"/><U49/><E36/><V84/><F111/><W116/><G37/><T67/><D115/><U114/><E114/><V63/><F25/><W83/><G104/><T126/><D130/><U106/><E106/><V1/><F1/><W39/><G39/><T132/><D126/><U9/><E127/><V54/><F100/><W42/><G131/><T21/><D4/><U90/><E103/><V31/><F107/><W110/><G110/><T55/><D28/><U59/><E109/><V46/><F105/><W85/><G42/><T121/><D108/><U53/><E18/><V45/><F45/><W58/><G116/><T5/><D5/><U112/><E112/><V61/><F61/><W98/><G7/><T96/><REACH who="0" step="1"/><D91/><REACH who="0" ten="358,313,169,150" step="2"/><U129/><E129/><V65/><F31/><W2/><G2/><T70/><D70/><U19/><E19/><V125/><F125/><W86/><G98/><T3/><D3/><U56/><E71/><V47/><F89/><W78/><REACH who="3" step="1"/><G58/><REACH who="3" ten="358,313,169,140" step="2"/><T117/><D117/><U134/><E6/><V118/><F118/><W51/><G51/><T26/><D26/><U38/><E38/><V77/><F24/><W44/><G44/><T33/><D33/><U0/><E0/><V8/><F47/><W17/><G17/><T88/><D88/><U16/><E16/><V32/><F32/><W119/><G119/><T82/><D82/><AGARI ba="0,2" hai="12,13,15,52,57,60,72,74,76,78,82,83,85,86" machi="82" ten="40,8000,1" yaku="1,1,9,1,52,1,54,1,53,0" doraHai="50" doraHaiUra="87" who="3" fromWho="0" sc="358,-80,313,0,169,0,140,100" /><INIT seed="6,0,0,5,4,62" ten="278,313,169,240" oya="2" hai0="82,98,41,83,49,72,99,92,0,93,69,107,88" hai1="4,73,66,23,90,109,15,125,63,132,32,44,70" hai2="116,133,16,12,130,5,59,28,84,112,35,101,36" hai3="50,40,131,2,39,115,37,85,100,129,135,81,77"/><V19/><F116/><W29/><G2/><T102/><D0/><U117/><E32/><V6/><F36/><W64/><G135/><T119/><D69/><U78/><E117/><V79/><F133/><W24/><G100/><N who="0" m="62879" /><D49/><U9/><E132/><V33/><F101/><W67/><G115/><T31/><D41/><U27/><E109/><V42/><F112/><W75/><G75/><T43/><D43/><U48/><E125/><V76/><F42/><W3/><G3/><T118/><D31/><U128/><E128/><N who="3" m="49226" /><G50/><T65/><D65/><N who="3" m="25161" /><G40/><T38/><D38/><U134/><E134/><V108/><F130/><W104/><G104/><T122/><D122/><U14/><E14/><V20/><F108/><W21/><AGARI ba="0,0" hai="21,24,29,37,39,77,81,85" m="25161,49226" machi="21" ten="30,7900,0" yaku="19,1,52,3" doraHai="62" who="3" fromWho="3" sc="278,-20,313,-20,169,-39,240,79" /><INIT seed="7,0,0,5,1,54" ten="258,293,130,319" oya="3" hai0="110,64,99,42,128,24,71,115,44,126,121,113,14" hai1="120,78,91,65,133,67,125,106,29,129,104,37,124" hai2="2,63,98,27,43,83,11,20,17,3,19,112,135" hai3="93,79,111,66,130,76,122,30,50,97,33,32,1"/><W7/><G122/><T48/><D121/><U102/><E120/><V72/><F112/><N who="0" m="43082" /><D14/><U85/><E37/><V127/><F135/><W132/><G130/><T60/><D24/><U22/><E78/><V56/><F127/><N who="1" m="48713" /><E129/><V15/><F43/><W92/><G132/><T94/><D126/><U52/><E133/><V10/><F10/><W123/><G123/><T39/><D128/><U36/><E36/><V81/><F72/><W16/><G111/><T4/><D4/><U75/><E75/><V101/><F3/><W62/><G7/><T114/><N who="0" m="43090" /><T45/><DORA hai="9" /><D94/><U61/><E29/><V96/><F2/><W105/><G1/><T103/><D99/><N who="1" m="61535" /><E22/><V8/><F8/><W57/><G105/><T55/><D103/><U119/><E106/><V12/><F27/><W116/><G93/><T131/><D131/><U69/><E119/><V68/><F68/><W46/><G116/><T89/><D89/><U0/><E0/><V84/><F101/><N who="3" m="60583" /><G30/><T59/><D110/><U28/><E28/><V41/><F41/><N who="3" m="24911" /><G16/><T58/><AGARI ba="0,0" hai="39,42,44,45,48,55,58,59,60,64,71" m="43090" machi="58" ten="40,12000,2" yaku="15,1,11,1,34,2,52,2" doraHai="54,9" who="0" fromWho="0" sc="258,120,293,-30,130,-30,319,-60" owari="378,47.8,263,6.3,100,-40.0,259,-14.1" /></mjloggm>