<mjloggm ver="2.3"><GO type="225" lobby="0"/><UN n0="%72%61%6B%33" n1="%E6%A3%AE%E5%B1%B1%E7%94%B0%E7%9B%B4%E5%A4%AA%E6%9C%97%E4%B9%8B%E4%BB%8B" n2="%E3%81%A4%E3%81%A3%E3%81%B1%E3%82%8A%E3%83%9D%E3%83%BC%E3%83%AB" n3="%E5%91%A8%E6%9D%B1" dan="16,16,17,16" rate="2097.80,2188.90,2168.10,2153.21" sx="M,M,M,M"/><TAIKYOKU oya="0"/><INIT seed="0,0,0,5,4,52" ten="250,250,250,250" oya="0" hai0="125,41,40,101,122,108,64,90,24,129,25,7,20" hai1="114,134,123,135,71,102,105,34,68,31,107,22,0" hai2="116,112,13,59,94,51,81,79,23,76,88,87,75" hai3="60,128,48,30,120,36,73,54,42,39,17,11,8"/><T55/><D122/><U43/><E22/><V115/><F116/><W33/><G120/><T91/><D125/><U10/><E43/><V49/><F79/><W100/><G73/><T121/><D121/><U6/><E123/><V84/><F75/><W133/><G100/><T93/><D129/><U113/><E102/><V96/><F96/><W45/><G128/><T70/><D108/><U132/><E31/><V118/><F118/><W117/><G117/><T29/><D70/><N who="1" m="26667" /><E34/><V16/><F51/><W98/><G98/><T47/><D7/><U63/><E63/><V18/><F18/><W3/><G30/><T89/><D64/><U58/><E58/><V99/><F99/><W74/><G74/><T28/><D101/><U127/><E127/><V109/><F109/><W67/><G33/><T9/><D9/><U4/><E4/><V95/><F95/><W1/><G11/><T66/><D66/><U19/><E19/><V119/><F119/><W78/><G78/><T62/><D93/><U86/><E86/><V103/><F103/><W53/><G8/><T57/><REACH who="0" step="1"/><D47/><REACH who="0" ten="240,250,250,250" step="2"/><U104/><AGARI ba="0,1" hai="0,6,10,104,105,107,113,114,132,134,135" m="26667" machi="104" ten="50,3200,0" yaku="20,1,23,1" doraHai="52" who="1" fromWho="1" sc="240,-16,250,42,250,-8,250,-8" /><INIT seed="1,0,0,2,3,116" ten="224,292,242,242" oya="1" hai0="99,25,96,80,100,65,46,87,76,101,121,40,30" hai1="54,94,124,98,84,72,21,108,52,18,83,119,31" hai2="91,22,6,86,67,130,81,33,115,29,93,14,58" hai3="2,133,4,51,134,131,38,85,114,61,8,26,74"/><U37/><E119/><V42/><F130/><W73/><G38/><T47/><D65/><U92/><E37/><V28/><F115/><W60/><G114/><T7/><D7/><U20/><E72/><N who="3" m="27754" /><G131/><T102/><D121/><U16/><E124/><V56/><F33/><W36/><G36/><T68/><D68/><U112/><E112/><V41/><F81/><W129/><G129/><T70/><D70/><U62/><E108/><V75/><F75/><W9/><G26/><T104/><D40/><N who="2" m="15466" /><F67/><W95/><G9/><T89/><D76/><U106/><E106/><V24/><F29/><W32/><G51/><T135/><D135/><N who="3" m="51721" /><G32/><T125/><D125/><U77/><E31/><V44/><F44/><W118/><G118/><T82/><D82/><U55/><E62/><V107/><F107/><W71/><G71/><T53/><D53/><U117/><E117/><V105/><F105/><W69/><G69/><T64/><D64/><U90/><REACH who="1" step="1"/><E94/><REACH who="1" ten="224,282,242,242" step="2"/><V123/><F123/><W23/><G95/><T27/><D104/><U48/><E48/><V110/><F110/><W97/><G61/><T126/><D126/><U132/><E132/><V17/><F28/><W122/><G60/><T103/><D30/><U49/><E49/><V63/><F63/><W78/><G122/><T10/><N who="0" m="25600" /><DORA hai="111" /><T3/><D46/><U57/><E57/><V66/><F66/><W50/><G50/><T109/><D47/><U0/><E0/><V12/><F58/><W43/><G2/><T120/><D120/><U127/><E127/><V11/><F56/><W19/><G43/><T113/><D109/><RYUUKYOKU ba="0,1" sc="224,-15,282,15,242,15,242,-15" hai1="16,18,20,21,52,54,55,77,83,84,90,92,98" hai2="6,11,12,14,17,22,24,86,91,93" /><INIT seed="1,1,1,2,2,111" ten="209,297,257,227" oya="1" hai0="21,30,89,51,78,127,93,32,63,38,27,36,2" hai1="75,57,59,62,115,80,24,20,39,129,53,12,41" hai2="128,35,40,77,134,4,33,72,0,54,118,5,109" hai3="114,101,112,49,9,52,90,121,97,25,85,110,82"/><U119/><E119/><V64/><F118/><W88/><G121/><T94/><D2/><U81/><E129/><V120/><F120/><W113/><G110/><T7/><D7/><U132/><E132/><V31/><F109/><W126/><G126/><T116/><D116/><U91/><E115/><V46/><F134/><W60/><G25/><T14/><D127/><U130/><E130/><V42/><F42/><W124/><G124/><T55/><D78/><U18/><E75/><V10/><F128/><W23/><G23/><T70/><D94/><U47/><E59/><V37/><F31/><W3/><G60/><T65/><D14/><U117/><E117/><V58/><F5/><W48/><G90/><T100/><D100/><U96/><REACH who="1" step="1"/><E12/><REACH who="1" ten="209,287,257,227" step="2"/><V102/><F64/><W50/><G3/><T44/><REACH who="0" step="1"/><D32/><REACH who="0" ten="199,287,257,227" step="2"/><U107/><E107/><V95/><F35/><W61/><G9/><T6/><D6/><U16/><E16/><V67/><F33/><W1/><G1/><T26/><D26/><U135/><E135/><V19/><F19/><W87/><G114/><T123/><D123/><U73/><E73/><V15/><F72/><W71/><G113/><T99/><AGARI ba="1,3" hai="21,27,30,36,38,44,51,55,63,65,70,89,93,99" machi="99" ten="20,2700,0" yaku="1,1,0,1,7,1,53,0" doraHai="111" doraHaiUra="79" who="0" fromWho="0" sc="199,60,287,-14,257,-8,227,-8" /><INIT seed="2,0,0,5,1,117" ten="259,273,249,219" oya="2" hai0="53,109,116,33,44,36,1,121,119,103,55,25,89" hai1="118,129,16,29,98,0,15,17,50,49,122,82,20" hai2="39,71,28,69,57,123,113,13,106,19,65,70,81" hai3="110,132,2,56,114,4,38,79,54,14,6,87,104"/><V130/><F113/><W105/><G114/><T84/><D1/><U128/><E118/><N who="0" m="45097" /><D103/><U124/><E0/><V112/><F112/><W77/><G38/><T37/><D109/><U78/><E124/><V102/><F39/><N who="0" m="14922" /><D44/><U68/><E68/><V11/><F130/><N who="1" m="50281" /><E29/><V88/><F28/><W100/><G2/><T72/><D72/><N who="1" m="43335" /><E98/><V120/><F102/><W40/><G100/><T42/><D42/><U134/><E134/><V67/><F106/><W27/><G40/><T125/><D125/><U9/><E122/><V59/><F59/><W32/><G132/><T101/><D101/><U63/><E63/><V127/><F127/><W43/><G43/><T21/><D121/><U23/><E9/><V10/><F10/><W5/><G110/><T74/><D74/><U76/><E76/><V7/><F57/><W64/><G105/><T90/><D33/><U35/><E35/><V12/><F123/><W94/><G104/><T34/><D90/><U46/><E46/><V47/><F47/><W108/><G108/><T30/><D34/><U73/><E73/><V26/><F120/><W126/><G126/><T3/><D3/><U66/><E66/><V45/><F45/><W51/><G64/><T75/><D75/><U62/><E62/><V8/><F26/><AGARI ba="0,0" hai="15,16,17,20,23,26,49,50" m="43335,50281" machi="26" ten="30,2000,0" yaku="19,1,54,1" doraHai="117" who="1" fromWho="2" sc="259,0,273,20,249,-20,219,0" /><INIT seed="3,0,0,1,1,115" ten="259,293,229,219" oya="3" hai0="73,76,9,118,1,109,43,134,95,26,55,49,12" hai1="70,113,24,34,46,30,39,99,25,123,21,135,79" hai2="133,20,2,18,0,128,92,124,65,71,53,22,28" hai3="89,122,68,27,112,59,129,14,4,77,15,78,117"/><W62/><G112/><T90/><D109/><U35/><E123/><V81/><F133/><W17/><G122/><T52/><D118/><U72/><E113/><V85/><F128/><W44/><G117/><T38/><D134/><U74/><E135/><V31/><F124/><W88/><G68/><T119/><D119/><U37/><E70/><V93/><F71/><W19/><G4/><T67/><D67/><U6/><E6/><V60/><F65/><W58/><G27/><T91/><D91/><U45/><E99/><V100/><F100/><W41/><G129/><T102/><D102/><U125/><E125/><V8/><F8/><W103/><G103/><T3/><D55/><U126/><E126/><V107/><F107/><W121/><G121/><T36/><D26/><U96/><E96/><V105/><F105/><W66/><G44/><T40/><D36/><U87/><E87/><V48/><F2/><W5/><G5/><T32/><D32/><U84/><E84/><V83/><F0/><W54/><G41/><T64/><D64/><U116/><E116/><V120/><F120/><W11/><G77/><T75/><D40/><U69/><E69/><V13/><F31/><W111/><G78/><T80/><D75/><N who="1" m="28715" /><E79/><N who="2" m="46271" /><F28/><W106/><G106/><T51/><D38/><N who="1" m="14347" /><E34/><V101/><F101/><W42/><G42/><T57/><D43/><U131/><E131/><V33/><F33/><W50/><REACH who="3" step="1"/><G111/><REACH who="3" ten="259,293,229,209" step="2"/><T86/><D73/><U16/><E45/><N who="2" m="27791" /><F13/><W63/><G63/><N who="0" m="36263" /><D1/><U82/><E46/><V110/><F110/><W132/><G132/><T94/><D3/><U29/><E29/><RYUUKYOKU ba="0,1" sc="259,-15,293,15,229,-15,209,15" hai1="16,21,24,25,30,35,82" hai3="11,14,15,17,19,50,54,58,59,62,66,88,89" /><INIT seed="3,1,1,1,1,108" ten="244,308,214,224" oya="3" hai0="52,59,68,126,97,124,105,91,11,119,134,123,13" hai1="36,112,131,9,95,53,81,18,63,24,60,79,109" hai2="114,57,55,30,88,51,107,20,128,111,21,121,0" hai3="41,110,71,104,130,102,83,84,43,54,61,12,73"/><W35/><G35/><T28/><D68/><U65/><E112/><V106/><F114/><W56/><G73/><T115/><D119/><U77/><E36/><V120/><F111/><W5/><G110/><T42/><D123/><N who="2" m="47178" /><F128/><W39/><G39/><T45/><D28/><U86/><E109/><V49/><F0/><W8/><G130/><T76/><D76/><U27/><E131/><V69/><F69/><W101/><G71/><T90/><D134/><U94/><E77/><V103/><F103/><N who="3" m="39435" /><G104/><N who="2" m="39977" /><F30/><W93/><G93/><N who="1" m="35338" /><E65/><V34/><F34/><W48/><G61/><N who="1" m="23626" /><E53/><N who="2" m="31919" /><F88/><AGARI ba="1,1" hai="5,8,12,41,43,48,54,56,83,84,88" m="39435" machi="88" ten="30,2900,0" yaku="8,1,54,1" doraHai="108" who="3" fromWho="2" sc="244,0,308,0,214,-32,224,42" /><INIT seed="3,2,0,4,3,71" ten="244,308,182,266" oya="3" hai0="80,112,131,46,1,134,111,9,0,110,97,50,28" hai1="121,47,77,30,126,40,12,33,65,59,6,83,52" hai2="95,85,38,64,18,92,24,82,120,89,62,118,102" hai3="115,39,103,45,37,15,66,53,2,73,44,132,22"/><W42/><G2/><T74/><D134/><U8/><E121/><V99/><F118/><W26/><G132/><T55/><D131/><U51/><E126/><V124/><F124/><W105/><G115/><T11/><D112/><U98/><E98/><V7/><F120/><W23/><G73/><T104/><D28/><U106/><E106/><V43/><F7/><W25/><G66/><T16/><D104/><U56/><E33/><V13/><F24/><W32/><G32/><T49/><D97/><U58/><E30/><V34/><F34/><W94/><G105/><T128/><D128/><U93/><E93/><V78/><F43/><W107/><G107/><T61/><D61/><U75/><E65/><V130/><F130/><W21/><G15/><N who="0" m="7279" /><D11/><U116/><E116/><V27/><F27/><W125/><G125/><T10/><D10/><U29/><E29/><V91/><F38/><AGARI ba="2,0" hai="6,8,12,38,40,47,51,52,56,58,59,75,77,83" machi="38" ten="30,3900,0" yaku="7,1,52,1,54,1" doraHai="71" who="1" fromWho="2" sc="244,0,308,45,182,-45,266,0" owari="244,-15.6,353,45.3,137,-36.3,266,6.6" /></mjloggm>