<mjloggm ver="2.3"><GO type="169" lobby="0"/><UN n0="%E3%81%95%E3%81%8F%E3%82%88%E3%81%93%E3%81%A1%E3%82%83%E3%82%93" n1="%E4%BA%9C%E6%9C%88" n2="%E3%83%A1%E3%82%AC%E3%83%95%E3%83%BC%E3%83%87%E3%82%A3%E3%83%B3" n3="%E6%99%A8%E6%98%8F%E5%B0%8D%E5%B3%99" dan="16,17,16,17" rate="2030.55,2176.77,2216.40,2210.60" sx="M,M,F,M"/><TAIKYOKU oya="0"/><INIT seed="0,0,0,5,3,81" ten="250,250,250,250" oya="0" hai0="123,109,55,53,76,10,15,45,85,100,29,103,104" hai1="58,99,9,44,107,7,122,22,135,14,69,84,120" hai2="125,127,132,23,49,67,37,17,89,83,77,92,35" hai3="1,12,82,5,98,111,3,8,126,32,61,90,41"/><T48/><D123/><U66/><E69/><V105/><F37/><W72/><G111/><T128/><D109/><U11/><E135/><V0/><F35/><W70/><G126/><T31/><D128/><U50/><E22/><V6/><F105/><W113/><G113/><T86/><D76/><U28/><E28/><N who="0" m="10825" /><D104/><U62/><E11/><V74/><F132/><W36/><G32/><T133/><D55/><U39/><E39/><V30/><F30/><W13/><G98/><T34/><D34/><U16/><E7/><V21/><F67/><N who="3" m="41327" /><G90/><T18/><D133/><U88/><E99/><V97/><F49/><W96/><G96/><T124/><D124/><N who="2" m="47690" /><F17/><W116/><G116/><T117/><D117/><U71/><E107/><V26/><F26/><W68/><G68/><T114/><D114/><U59/><E120/><V134/><F134/><W33/><G33/><T38/><D38/><U42/><REACH who="1" step="1"/><E122/><REACH who="1" ten="250,240,250,250" step="2"/><V112/><F112/><W119/><G119/><T129/><D129/><U95/><AGARI ba="0,1" hai="9,14,16,42,44,50,58,59,62,66,71,84,88,95" machi="95" ten="20,16000,3" yaku="1,1,2,1,0,1,7,1,52,1,54,2,53,1" doraHai="81" doraHaiUra="56" who="1" fromWho="1" sc="250,-80,240,170,250,-40,250,-40" /><INIT seed="1,0,0,2,2,101" ten="170,410,210,210" oya="1" hai0="115,135,83,15,31,9,71,7,63,66,79,129,22" hai1="95,98,78,52,133,27,48,111,124,70,10,26,100" hai2="128,33,110,61,64,73,49,37,106,87,16,107,80" hai3="13,103,92,59,54,29,89,40,114,57,118,74,123"/><U108/><E70/><V85/><F37/><W121/><G74/><T45/><D115/><U104/><E124/><V109/><F33/><W3/><G3/><T130/><D135/><U119/><E119/><V120/><F120/><W38/><G114/><T41/><D22/><U94/><E78/><N who="2" m="44111" /><F49/><W2/><G2/><T99/><D99/><U112/><E112/><V113/><F113/><W18/><G118/><T68/><D31/><U36/><E36/><V76/><F128/><W88/><G29/><T75/><REACH who="0" step="1"/><D68/><REACH who="0" ten="160,410,210,210" step="2"/><U56/><E133/><V30/><F30/><W91/><G121/><T134/><D134/><U21/><E10/><V42/><F42/><W93/><G123/><T55/><D55/><U86/><E21/><V117/><F117/><W62/><G40/><T96/><D96/><U97/><E98/><V90/><F76/><W67/><G38/><AGARI ba="0,1" hai="7,9,15,38,41,45,63,66,71,75,79,83,129,130" machi="38" ten="40,2600,0" yaku="1,1,53,1" doraHai="101" doraHaiUra="4" who="0" fromWho="3" sc="160,36,410,0,210,0,210,-26" /><INIT seed="2,0,0,1,2,26" ten="196,410,210,184" oya="2" hai0="106,27,21,6,100,109,5,43,52,89,33,50,94" hai1="86,104,132,2,117,107,1,74,4,78,133,16,72" hai2="31,81,84,69,42,12,68,58,56,121,39,30,83" hai3="111,18,25,124,46,105,45,113,91,36,53,134,77"/><V115/><F115/><W57/><G105/><N who="1" m="40522" /><E16/><V98/><F121/><W95/><G111/><T118/><D33/><U90/><E4/><V41/><F98/><N who="3" m="57727" /><G36/><T17/><D109/><U62/><E62/><V85/><F39/><W9/><G113/><T129/><D129/><U32/><E32/><V135/><REACH who="2" step="1"/><F12/><REACH who="2" ten="196,410,200,184" step="2"/><N who="3" m="7439" /><G134/><AGARI ba="0,1" hai="30,31,41,42,56,58,68,69,81,83,84,85,134,135" machi="134" ten="25,18000,2" yaku="1,1,22,2,52,2,53,2" doraHai="26" doraHaiUra="37" who="2" fromWho="3" sc="196,0,410,0,200,190,184,-180" /><INIT seed="2,1,0,3,1,38" ten="196,410,390,4" oya="2" hai0="106,125,133,59,108,3,72,17,50,95,87,94,52" hai1="63,11,135,118,74,39,9,45,56,131,88,20,32" hai2="14,69,107,19,42,105,67,113,71,76,117,122,23" hai3="102,75,24,29,96,49,116,37,6,73,101,126,7"/><V5/><F113/><W112/><G112/><T60/><D72/><U89/><E32/><V18/><F117/><W0/><G116/><T34/><D34/><U22/><E118/><V26/><F122/><W31/><G126/><T82/><D125/><U130/><E74/><V92/><F5/><W68/><G37/><T79/><D106/><U16/><E135/><V103/><F76/><W28/><G68/><T55/><D108/><U99/><E45/><V86/><F42/><W132/><G132/><T66/><D3/><U44/><E44/><V48/><F48/><W123/><G123/><T77/><D133/><U111/><E39/><V47/><F47/><W58/><G0/><T100/><D79/><U27/><E111/><V134/><F134/><W33/><G33/><T128/><D128/><N who="1" m="49195" /><E22/><V1/><F1/><W98/><G24/><T81/><D81/><U97/><E97/><N who="3" m="37482" /><G75/><T2/><D2/><U110/><E110/><V21/><F103/><N who="3" m="39435" /><G73/><T64/><D100/><U84/><E99/><V70/><REACH who="2" step="1"/><F67/><REACH who="2" ten="196,410,380,4" step="2"/><W104/><G104/><T46/><D64/><N who="1" m="39015" /><E89/><AGARI ba="1,1" hai="14,18,19,21,23,26,69,70,71,86,89,92,105,107" machi="89" ten="40,2000,0" yaku="1,1,53,0" doraHai="38" doraHaiUra="54" who="2" fromWho="1" sc="196,0,410,-23,380,33,4,0" /><INIT seed="2,2,0,4,3,35" ten="196,387,413,4" oya="2" hai0="71,56,127,102,42,64,37,66,77,111,50,104,10" hai1="45,44,63,72,113,55,92,133,129,22,20,79,13" hai2="105,76,73,31,51,117,91,58,11,62,49,90,33" hai3="81,119,103,7,114,110,116,88,101,130,97,5,4"/><V96/><F117/><W107/><G130/><T2/><D111/><U3/><E113/><V112/><F112/><W115/><G110/><T93/><D104/><U70/><E129/><V60/><F73/><W95/><G114/><T85/><D71/><U39/><E133/><V124/><F76/><W98/><G115/><T122/><D122/><U38/><E92/><V84/><F124/><W52/><G81/><T89/><D37/><U27/><E13/><V131/><F62/><W74/><G74/><T43/><D102/><U28/><E70/><V121/><F121/><W78/><G78/><T126/><D77/><U0/><E22/><V54/><F131/><W16/><G103/><T67/><D56/><U24/><E24/><V19/><F31/><W34/><G34/><T75/><D75/><U32/><E20/><V53/><F33/><W100/><G100/><T57/><D57/><U108/><E63/><V134/><F134/><W135/><G135/><T14/><D50/><U69/><E55/><V6/><F19/><W47/><G16/><N who="0" m="8279" /><D2/><U87/><E69/><V9/><F54/><W83/><G83/><T40/><D127/><U36/><E108/><V8/><F6/><W61/><G61/><T30/><D126/><U125/><E125/><V128/><F128/><W1/><G1/><N who="1" m="586" /><E72/><V82/><F105/><W26/><G26/><T68/><D68/><U29/><E29/><AGARI ba="2,0" hai="29,30,40,42,43,64,66,67,85,89,93" m="8279" machi="29" ten="30,2000,0" yaku="8,1,54,1" doraHai="35" who="0" fromWho="1" sc="196,26,387,-26,413,0,4,0" /><INIT seed="3,0,0,2,1,99" ten="222,361,413,4" oya="3" hai0="91,100,32,55,23,29,66,69,26,106,76,84,54" hai1="56,7,113,30,34,14,124,94,86,57,24,18,118" hai2="120,10,104,28,96,127,97,115,65,33,74,79,107" hai3="112,59,89,85,132,25,21,130,90,92,20,4,78"/><W50/><G112/><T22/><D76/><U134/><E113/><V122/><F115/><W9/><G130/><T41/><D41/><U1/><E124/><V116/><F116/><W36/><G36/><T114/><D114/><U64/><E134/><V13/><F127/><W42/><G132/><T15/><D66/><U53/><E64/><V16/><F65/><W71/><G71/><T8/><D69/><U58/><E118/><V63/><F63/><W103/><G78/><T95/><D23/><N who="3" m="8777" /><G25/><T31/><D31/><U135/><E135/><V47/><F47/><N who="3" m="25975" /><G59/><T39/><D39/><U125/><E125/><V0/><F0/><W46/><G46/><T38/><D32/><U101/><E1/><V133/><F133/><W123/><G123/><N who="2" m="47145" /><F28/><W111/><G111/><T102/><D38/><U88/><E57/><V61/><F61/><W70/><G70/><T67/><D67/><U81/><E58/><V73/><F33/><W44/><G44/><T11/><D106/><N who="2" m="40490" /><F73/><W27/><G27/><T98/><D11/><U17/><E56/><V35/><F35/><W105/><G105/><T68/><D68/><U5/><E34/><V77/><F74/><W60/><G60/><T128/><D128/><U3/><E3/><V72/><F77/><W12/><G85/><T121/><D84/><U80/><E86/><V45/><F45/><W48/><G48/><T117/><D117/><U110/><E110/><V19/><F19/><W37/><G37/><T62/><D62/><U82/><E17/><V6/><F16/><W126/><G126/><T83/><D121/><U93/><E18/><RYUUKYOKU ba="0,0" sc="222,-15,361,-15,413,15,4,15" hai2="6,10,13,72,79,96,97" hai3="4,9,12,89,90,92,103" /><INIT seed="3,1,0,2,2,90" ten="207,346,428,19" oya="3" hai0="38,96,91,5,130,110,125,62,40,41,26,1,111" hai1="121,73,72,13,49,133,81,83,23,48,135,4,98" hai2="94,127,89,10,78,70,25,69,19,105,54,124,122" hai3="75,37,60,74,86,113,43,132,128,95,55,79,15"/><W0/><G113/><T104/><D130/><U64/><E121/><V20/><F105/><W27/><G128/><T12/><D1/><U106/><E64/><V17/><F122/><W35/><G132/><N who="1" m="50762" /><E106/><V51/><F78/><W18/><G0/><T120/><D120/><U56/><E98/><N who="2" m="57679" /><F10/><W16/><G37/><T107/><D125/><N who="2" m="48202" /><F17/><W80/><G43/><N who="0" m="16459" /><D38/><U129/><E129/><V92/><F92/><W28/><G18/><T119/><D119/><U29/><E4/><V39/><F39/><W99/><G55/><T58/><D104/><U45/><E83/><V114/><F114/><W63/><G74/><T30/><D107/><U53/><E81/><V109/><F109/><W14/><G75/><T11/><D110/><U7/><E7/><V101/><F101/><W134/><G134/><T24/><D111/><U93/><E93/><V32/><F32/><W102/><REACH who="3" step="1"/><G14/><REACH who="3" ten="207,346,428,9" step="2"/><T87/><D12/><U46/><E13/><V52/><F54/><W131/><G131/><T66/><D5/><U22/><E73/><V118/><F118/><W61/><G61/><T97/><D62/><U36/><E72/><V100/><F100/><W3/><G3/><T31/><D31/><U6/><E36/><V8/><F8/><AGARI ba="1,1" hai="8,15,16,27,28,35,60,63,79,80,86,95,99,102" machi="8" ten="30,11600,0" yaku="1,1,7,1,52,1,54,1,53,0" doraHai="90" doraHaiUra="47" who="3" fromWho="2" sc="207,0,346,0,428,-119,9,129" /><INIT seed="3,2,0,0,4,116" ten="207,346,309,138" oya="3" hai0="46,77,48,64,11,34,22,74,19,20,117,71,101" hai1="110,6,105,61,120,83,8,119,60,97,102,14,67" hai2="131,54,1,86,17,15,33,96,125,80,12,43,9" hai3="13,104,32,31,126,44,107,70,78,38,50,76,58"/><W85/><G70/><T68/><D117/><U30/><E110/><V7/><F33/><W135/><G135/><T134/><D34/><U112/><E112/><V95/><F131/><W113/><G113/><T55/><D134/><U24/><E119/><V94/><F125/><W26/><G126/><T28/><D101/><U122/><E83/><V57/><F43/><W114/><G114/><T21/><D28/><U79/><E79/><V0/><F0/><W118/><G118/><T124/><D124/><U65/><E61/><V5/><F1/><W53/><G13/><T115/><D115/><U2/><E14/><V18/><F94/><W49/><G38/><T47/><D47/><U52/><E52/><V127/><F127/><W111/><G111/><T37/><D37/><U69/><E67/><V91/><F57/><W10/><G10/><T25/><D64/><U88/><E88/><V27/><F27/><W62/><G50/><T56/><D46/><U92/><E92/><V90/><REACH who="2" step="1"/><F54/><REACH who="2" ten="207,346,299,138" step="2"/><W103/><G107/><T121/><D25/><U59/><E59/><V123/><F123/><W129/><G129/><T87/><D68/><U66/><E66/><V63/><F63/><W108/><G108/><T23/><D71/><U99/><E99/><V29/><F29/><W40/><REACH who="3" step="1"/><G85/><REACH who="3" ten="207,346,299,128" step="2"/><T132/><D87/><U81/><E69/><V4/><F4/><W45/><G45/><T93/><D132/><U36/><E6/><V51/><F51/><W82/><G82/><T73/><D48/><U130/><E81/><V42/><F42/><W84/><G84/><T35/><D74/><RYUUKYOKU ba="2,2" sc="207,-15,346,-15,299,15,128,15" hai2="5,7,9,12,15,17,18,80,86,90,91,95,96" hai3="26,31,32,40,44,49,53,58,62,76,78,103,104" /><INIT seed="3,3,2,1,2,106" ten="192,331,314,143" oya="3" hai0="17,85,66,13,113,91,0,47,39,108,121,99,11" hai1="58,25,29,111,51,4,28,117,100,135,23,74,107" hai2="92,71,45,12,73,34,94,128,120,37,112,26,6" hai3="84,97,40,41,61,104,50,81,38,67,24,116,33"/><W5/><G116/><T31/><D121/><U57/><E111/><V32/><F112/><W53/><G5/><T76/><D108/><U88/><E135/><V134/><F71/><N who="3" m="42479" /><G38/><T44/><D113/><U95/><E4/><V90/><F73/><W110/><G110/><T9/><D66/><U114/><E114/><V93/><F134/><W125/><G125/><T70/><D70/><U83/><E29/><V127/><F127/><W42/><G84/><T21/><D31/><U80/><E51/><V98/><F120/><W27/><G27/><T101/><D76/><N who="1" m="44055" /><E83/><V105/><F105/><W49/><G53/><T96/><D0/><U132/><E117/><V131/><F26/><W115/><G81/><N who="0" m="49583" /><D39/><U56/><E132/><V55/><F32/><W130/><G130/><N who="2" m="49705" /><F34/><W122/><G122/><T87/><D87/><N who="1" m="52639" /><E58/><V2/><F2/><W8/><G115/><T59/><D59/><U89/><E89/><V126/><F126/><W75/><G75/><T30/><D101/><U64/><E64/><V119/><F119/><W102/><G8/><N who="0" m="3147" /><D30/><AGARI ba="3,2" hai="24,30,33,40,41,42,49,50,97,102,104" m="42479" machi="30" ten="30,1500,0" yaku="25,1" doraHai="106" who="3" fromWho="0" sc="192,-24,331,0,314,0,143,44" /><INIT seed="3,4,0,5,1,19" ten="168,331,314,187" oya="3" hai0="118,107,52,93,119,81,45,26,36,117,113,109,17" hai1="18,89,15,16,108,48,112,43,65,28,64,103,30" hai2="63,69,76,121,9,41,131,102,38,54,77,13,8" hai3="125,14,35,5,83,56,105,85,123,88,42,58,10"/><W126/><G123/><T67/><D107/><U97/><E112/><V39/><F121/><W3/><G105/><T115/><D109/><U127/><E127/><N who="3" m="48650" /><G35/><T122/><D122/><U132/><E132/><V22/><F131/><W62/><G42/><T99/><D67/><N who="1" m="25675" /><E103/><V80/><F69/><W128/><G128/><T82/><D17/><N who="1" m="6763" /><E15/><V98/><F41/><W53/><G58/><T78/><D26/><U34/><E34/><V129/><F38/><W100/><G100/><T61/><D36/><U130/><E108/><V6/><F39/><W86/><G86/><T1/><D1/><AGARI ba="4,0" hai="1,3,5,10,14,53,56,62,83,85,88" m="48650" machi="1" ten="30,2900,0" yaku="18,1,54,1" doraHai="19" who="3" fromWho="0" sc="168,-41,331,0,314,0,187,41" /><INIT seed="3,5,0,3,3,106" ten="127,331,314,228" oya="3" hai0="37,122,87,43,77,98,7,79,135,69,68,102,110" hai1="48,45,127,73,124,55,54,97,3,24,84,57,15" hai2="78,88,21,4,14,99,113,33,111,44,30,100,128" hai3="58,86,117,17,8,35,65,46,129,91,13,66,53"/><W49/><G117/><T76/><D122/><U47/><E3/><V1/><F113/><W9/><G35/><T89/><D110/><U42/><E73/><V5/><F111/><W116/><G116/><T18/><D135/><U61/><E84/><V101/><F128/><W133/><G129/><T95/><D7/><U115/><E115/><V74/><F33/><W20/><G133/><T108/><D108/><U40/><E15/><V120/><F120/><W60/><REACH who="3" step="1"/><G66/><REACH who="3" ten="127,331,314,218" step="2"/><T11/><D37/><U132/><E132/><V59/><F1/><W22/><G22/><T64/><D64/><U71/><E127/><V56/><F21/><W82/><AGARI ba="5,1" hai="8,9,13,17,20,46,49,53,58,60,65,82,86,91" machi="82" ten="20,7800,0" yaku="1,1,0,1,7,1,8,1,53,0" doraHai="106" doraHaiUra="25" who="3" fromWho="3" sc="127,-31,331,-31,314,-31,218,103" /><INIT seed="3,6,0,3,4,31" ten="96,300,283,321" oya="3" hai0="109,14,95,82,47,125,26,51,102,43,24,19,130" hai1="97,48,55,119,131,1,99,107,133,49,46,34,27" hai2="128,35,101,100,13,18,90,93,71,120,17,126,103" hai3="132,76,15,88,94,60,69,78,42,79,25,2,91"/><W104/><G132/><T37/><D109/><U10/><E133/><V66/><F128/><W111/><G111/><T65/><D130/><U21/><E131/><V52/><F126/><W84/><G2/><T38/><D125/><U58/><E119/><V54/><F120/><W81/><G42/><T30/><D65/><U72/><E72/><V135/><F135/><W83/><G104/><T105/><D105/><U53/><E107/><V70/><F35/><W121/><G121/><T87/><D38/><U67/><E67/><V6/><F6/><W86/><G69/><T110/><D37/><U116/><E116/><V73/><F73/><W39/><G39/><T80/><D110/><U11/><E34/><V22/><F66/><W9/><G60/><T45/><D45/><U0/><E0/><V68/><REACH who="2" step="1"/><F17/><REACH who="2" ten="96,300,273,321" step="2"/><N who="3" m="8431" /><G25/><N who="0" m="9835" /><D30/><N who="1" m="17775" /><E1/><V33/><F33/><W40/><G40/><T134/><D134/><U129/><E129/><V64/><F64/><W115/><G115/><T123/><D123/><U96/><AGARI ba="6,1" hai="10,11,46,48,49,53,55,58,96,97,99" m="17775" machi="96" ten="30,1100,0" yaku="8,1" doraHai="31" who="1" fromWho="1" sc="96,-9,300,39,273,-9,321,-11" /><INIT seed="4,0,0,0,0,91" ten="87,339,264,310" oya="0" hai0="83,79,17,43,105,80,133,128,66,30,126,125,58" hai1="26,111,33,134,12,76,21,99,71,42,18,64,16" hai2="37,19,73,102,6,93,62,0,92,47,122,132,124" hai3="69,52,130,28,89,2,68,53,106,107,95,120,55"/><T9/><D105/><U5/><E111/><V31/><F122/><W88/><G2/><T112/><D112/><U121/><E121/><V119/><F102/><W4/><G4/><T110/><D110/><U65/><E134/><V104/><F104/><N who="3" m="39979" /><G120/><T11/><D128/><U24/><E71/><N who="3" m="27210" /><G28/><T22/><D133/><U50/><E76/><V61/><F132/><W98/><G98/><T23/><D43/><U56/><E5/><V85/><F31/><W35/><G95/><N who="2" m="36425" /><F85/><W103/><G103/><T25/><D58/><U48/><E99/><V113/><F19/><W118/><G118/><T87/><D66/><U29/><E18/><V10/><F119/><W67/><G67/><T123/><D83/><U84/><E84/><V82/><F124/><N who="0" m="47722" /><D123/><U131/><E65/><V114/><F114/><W41/><G41/><T39/><D39/><U40/><E42/><N who="2" m="22991" /><F113/><W51/><G130/><T109/><D109/><U14/><E40/><V86/><F86/><W54/><N who="3" m="13312" /><DORA hai="94" /><W116/><G116/><T32/><D32/><U34/><E33/><V129/><F129/><W49/><G35/><T57/><D57/><U90/><E131/><V60/><F60/><W115/><G115/><T8/><D23/><N who="1" m="13415" /><E34/><V7/><F7/><W1/><G1/><T38/><D38/><U45/><E45/><V117/><F117/><W13/><G13/><AGARI ba="0,0" hai="8,9,11,13,17,22,25,30,79,80,87" m="47722" machi="13" ten="30,1500,0" yaku="18,1" doraHai="91,94" who="0" fromWho="3" sc="87,15,339,0,264,0,310,-15" /><INIT seed="4,1,0,5,2,41" ten="102,339,264,295" oya="0" hai0="48,62,117,123,63,24,76,121,15,131,74,10,66" hai1="30,97,54,56,89,33,81,18,8,108,83,72,103" hai2="60,0,14,69,114,44,6,12,42,80,51,28,3" hai3="133,92,135,27,99,100,50,111,87,122,35,29,17"/><T104/><D117/><U77/><E108/><V70/><F114/><W26/><G111/><T31/><D104/><U47/><E33/><V128/><F128/><W9/><G122/><T38/><D38/><U132/><E30/><V57/><F28/><W58/><G87/><T90/><D131/><U96/><E132/><N who="3" m="50762" /><G58/><T116/><D116/><U88/><E83/><V40/><F40/><W129/><G129/><T21/><D90/><U101/><E18/><V118/><F118/><W91/><G50/><T85/><D74/><U119/><E8/><V86/><F70/><W84/><G26/><T79/><D48/><U130/><E119/><V134/><F69/><W2/><G17/><T110/><D110/><U13/><E130/><V61/><F61/><W55/><G55/><T95/><D121/><U94/><E13/><V43/><F43/><W78/><G78/><N who="0" m="29739" /><D123/><U115/><E115/><V65/><F134/><W93/><G9/><T106/><D106/><U120/><E120/><V82/><F82/><N who="3" m="49559" /><G2/><T25/><D25/><U16/><E72/><V11/><REACH who="2" step="1"/><F12/><REACH who="2" ten="102,339,254,295" step="2"/><W127/><G127/><T68/><D63/><N who="1" m="36247" /><E77/><AGARI ba="1,1" hai="0,3,6,11,14,42,44,51,57,60,65,77,80,86" machi="77" ten="30,12000,2" yaku="1,1,7,1,25,2,52,1,53,1" doraHai="41" doraHaiUra="59" who="2" fromWho="1" sc="102,0,339,-123,254,133,295,0" /><INIT seed="5,0,0,3,4,59" ten="102,216,387,295" oya="1" hai0="89,88,109,74,110,126,78,3,121,4,100,134,25" hai1="5,135,46,112,132,107,85,76,47,56,19,129,39" hai2="133,63,58,18,17,130,111,106,11,36,31,86,123" hai3="8,95,87,60,90,14,124,96,128,43,131,114,50"/><U125/><E112/><V105/><F111/><N who="0" m="42506" /><D25/><U116/><E107/><V1/><F36/><W73/><G73/><T12/><D12/><U79/><E116/><V102/><F123/><W94/><G114/><T23/><D23/><U61/><E5/><V35/><F133/><N who="1" m="51273" /><E129/><N who="3" m="49738" /><G124/><T44/><D44/><N who="1" m="16939" /><E39/><V93/><F130/><W38/><G38/><T117/><D4/><U118/><E118/><V2/><F2/><W91/><G50/><T52/><D52/><N who="1" m="33927" /><E125/><V68/><F1/><W57/><G43/><T108/><D3/><U71/><E71/><V42/><F68/><W55/><G14/><T81/><D126/><U22/><E85/><V54/><F86/><N who="3" m="52567" /><G8/><T75/><D117/><U120/><E120/><V10/><F11/><W15/><G15/><AGARI ba="0,0" hai="15,19,22,76,79" m="33927,16939,51273" machi="15" ten="30,5800,0" yaku="20,1,52,1,54,1" doraHai="59" who="1" fromWho="3" sc="102,0,216,58,387,0,295,-58" /><INIT seed="5,1,0,2,0,49" ten="102,274,387,237" oya="1" hai0="89,59,112,78,71,5,8,48,82,35,114,108,107" hai1="65,74,116,9,6,75,68,101,51,63,69,90,87" hai2="39,127,27,43,110,93,29,72,105,1,57,76,96" hai3="3,41,26,128,124,129,85,83,13,47,111,55,50"/><U131/><E116/><V95/><F110/><W115/><G111/><T80/><D71/><U79/><E131/><N who="3" m="50250" /><G124/><T37/><D37/><U104/><E69/><V133/><F1/><W22/><G3/><T54/><D35/><U92/><E79/><V99/><F105/><W84/><G115/><T126/><D126/><U45/><E101/><V118/><F118/><W117/><G117/><T113/><D108/><U33/><E104/><V46/><F127/><W0/><G0/><T77/><D107/><U123/><E123/><V64/><F133/><W44/><G13/><T130/><D130/><U30/><E30/><V73/><F64/><W53/><G47/><T100/><D100/><U134/><E33/><V40/><F40/><W19/><G85/><T61/><D89/><AGARI ba="1,0" hai="19,22,26,41,44,50,53,55,83,84,89" m="50250" machi="89" ten="30,3900,0" yaku="19,1,52,2" doraHai="49" who="3" fromWho="0" sc="102,-42,274,0,387,0,237,42" /><INIT seed="6,0,0,1,5,110" ten="60,274,387,279" oya="2" hai0="47,120,38,107,43,59,133,103,2,113,104,100,1" hai1="48,74,62,114,39,135,76,56,64,125,3,71,89" hai2="124,81,122,33,116,129,128,42,101,31,15,87,21" hai3="0,80,65,6,57,37,24,14,119,8,134,36,83"/><V105/><F122/><W118/><G134/><T44/><D120/><U117/><E3/><V60/><F116/><W112/><G112/><T51/><D59/><U11/><E117/><V35/><F124/><W109/><G109/><T49/><D43/><U53/><E11/><V16/><F42/><W45/><G118/><T32/><D32/><U66/><E125/><V28/><F60/><W69/><G69/><T115/><REACH who="0" step="1"/><D38/><REACH who="0" ten="50,274,387,279" step="2"/><U126/><E39/><V102/><F33/><W91/><G36/><T67/><D67/><U96/><E64/><V27/><F35/><W34/><G119/><T46/><D46/><U86/><E126/><V52/><F129/><W121/><G121/><T73/><D73/><U72/><E74/><V98/><F128/><W29/><G45/><T61/><D61/><U111/><E72/><V88/><F52/><W22/><G37/><T82/><D82/><U92/><E111/><V75/><F75/><W97/><G57/><T54/><D54/><U55/><E53/><V5/><F102/><W127/><G65/><T25/><D25/><U41/><E41/><V99/><F101/><W78/><G127/><T68/><D68/><U84/><E71/><V23/><F27/><W63/><G63/><T10/><D10/><U7/><E62/><V17/><F81/><W58/><G58/><T50/><D50/><U95/><E48/><V13/><F21/><W79/><G80/><T94/><D94/><U9/><E56/><V26/><F23/><W106/><G83/><T12/><D12/><U108/><E66/><V4/><F26/><W132/><G24/><RYUUKYOKU ba="0,1" sc="50,30,274,-10,387,-10,279,-10" hai0="1,2,44,47,49,51,100,103,104,107,113,115,133" /><INIT seed="7,1,1,3,1,56" ten="80,264,377,269" oya="3" hai0="15,117,124,44,59,96,50,75,119,54,132,17,62" hai1="29,110,45,0,27,41,63,79,70,113,23,95,109" hai2="66,126,53,128,46,26,72,98,18,65,91,11,21" hai3="7,84,82,14,99,116,131,8,104,57,61,107,1"/><W121/><G121/><T78/><D78/><U43/><E0/><V19/><F72/><W20/><G116/><T31/><D31/><U105/><E105/><V3/><F128/><W48/><G131/><T52/><D75/><U87/><E113/><V16/><F126/><W80/><G80/><T97/><D124/><U93/><E43/><V77/><F77/><W47/><G99/><T2/><D2/><U40/><E40/><V32/><F32/><W130/><G130/><T92/><D132/><U122/><E122/><V118/><F118/><W89/><G1/><T33/><D33/><U102/><E93/><N who="2" m="56639" /><F3/><W30/><G30/><T125/><D125/><U127/><E127/><V86/><F86/><W25/><G48/><T22/><REACH who="0" step="1"/><D97/><REACH who="0" ten="70,264,377,269" step="2"/><N who="1" m="59711" /><E79/><V73/><F73/><W4/><G4/><T83/><D83/><U103/><E29/><V85/><F18/><N who="3" m="12439" /><G107/><T108/><D108/><U81/><E81/><V64/><F19/><W115/><G104/><T135/><D135/><U90/><E110/><V36/><F16/><W28/><G28/><T35/><D35/><U49/><E109/><V106/><F106/><W67/><G115/><T88/><AGARI ba="1,2" hai="15,17,22,44,50,52,54,59,62,88,92,96,117,119" machi="88" ten="20,12000,2" yaku="1,1,0,1,7,1,52,1,54,2,53,0" doraHai="56" doraHaiUra="71" who="0" fromWho="0" sc="70,143,264,-31,377,-31,269,-61" owari="213,-18.7,233,3.3,346,44.6,208,-29.2" /></mjloggm>