<mjloggm ver="2.3"><GO type="169" lobby="0"/><UN n0="%E3%81%AA%E3%81%8B%E3%81%AE%E3%81%86%E3%81%88" n1="%E8%8F%85%E7%94%B0%E5%B0%86%E6%9A%89%28%E5%81%BD%E7%89%A9%29" n2="%E9%9B%AA%E3%81%AE%E8%8F%AF" n3="%E2%97%8E%E3%82%88%E3%81%97%E2%97%8E" dan="16,16,16,16" rate="2165.66,2197.38,2108.99,2151.06" sx="M,M,F,M"/><TAIKYOKU oya="0"/><INIT seed="0,0,0,3,5,123" ten="250,250,250,250" oya="0" hai0="43,130,0,9,118,15,23,37,63,132,89,56,115" hai1="113,94,98,64,107,86,22,109,134,82,44,135,87" hai2="81,5,125,33,93,131,71,122,62,95,13,46,104" hai3="70,74,36,58,72,6,110,39,47,80,11,32,102"/><T126/><D118/><U88/><E64/><V4/><F122/><W112/><G112/><T61/><D115/><U34/><E34/><V69/><F33/><W97/><G58/><T91/><D0/><U2/><E2/><V20/><F104/><N who="3" m="63567" /><G80/><T101/><D126/><U8/><E8/><V114/><F131/><W96/><G96/><T76/><D132/><N who="1" m="50731" /><E113/><V30/><F125/><W111/><G70/><T83/><D23/><U85/><E44/><V26/><F114/><W38/><G47/><T75/><D101/><N who="1" m="62903" /><E22/><V116/><F46/><W54/><G54/><T103/><D103/><U92/><E109/><N who="3" m="41482" /><G32/><T59/><D59/><U119/><E119/><V18/><F71/><W12/><AGARI ba="0,0" hai="6,11,12,36,38,39,72,74" m="41482,63567" machi="12" ten="40,8000,1" yaku="14,1,52,3" doraHai="123" who="3" fromWho="3" sc="250,-40,250,-20,250,-20,250,80" /><INIT seed="1,0,0,4,4,23" ten="210,230,230,330" oya="1" hai0="8,118,47,110,112,98,44,1,116,29,79,101,41" hai1="14,20,124,106,122,121,38,61,11,95,75,59,65" hai2="73,32,67,10,55,93,109,89,99,12,85,77,4" hai3="114,28,37,86,26,24,0,30,74,66,88,54,127"/><U52/><E106/><V57/><F32/><W21/><G114/><T43/><D112/><U63/><E75/><V92/><F109/><W9/><G37/><T108/><D79/><U18/><E38/><V46/><F73/><W3/><G74/><T132/><D132/><U56/><E124/><V49/><F77/><W128/><G127/><T83/><D83/><U107/><E107/><V113/><F113/><W91/><G128/><T35/><D8/><U115/><E115/><V53/><F67/><W22/><G66/><T131/><D1/><U126/><E126/><V51/><REACH who="2" step="1"/><F99/><REACH who="2" ten="210,230,220,330" step="2"/><W104/><G104/><T71/><D98/><U6/><REACH who="1" step="1"/><E95/><AGARI ba="0,1" hai="4,10,12,46,49,51,53,55,57,85,89,92,93,95" machi="95" ten="30,12000,2" yaku="1,1,2,1,7,1,8,1,53,3" doraHai="23" doraHaiUra="90" who="2" fromWho="1" sc="210,0,230,-120,220,130,330,0" /><INIT seed="2,0,0,3,3,111" ten="210,110,350,330" oya="2" hai0="51,121,132,77,53,89,36,18,22,126,116,99,122" hai1="6,45,56,60,107,86,16,96,28,102,135,130,2" hai2="62,109,128,0,115,42,29,85,23,31,64,79,3" hai3="133,15,97,46,118,125,68,41,19,10,123,120,49"/><V34/><F115/><W4/><G118/><T106/><D36/><U112/><E130/><V131/><F34/><W13/><G68/><T33/><D33/><U63/><E135/><V134/><F134/><W101/><G125/><T24/><D126/><U27/><E112/><V32/><F32/><W71/><G71/><T21/><D116/><U65/><E86/><V40/><F109/><W30/><G30/><T8/><D132/><U52/><E6/><V20/><F85/><W72/><G72/><T5/><D77/><U17/><E2/><V50/><F50/><W108/><G108/><T55/><D22/><U114/><E114/><V25/><F79/><W70/><G70/><T91/><D55/><U58/><REACH who="1" step="1"/><E45/><REACH who="1" ten="210,100,350,330" step="2"/><V9/><F0/><W117/><G133/><T94/><D122/><U74/><E74/><V83/><F3/><W84/><G84/><T93/><D121/><U76/><E76/><V73/><F131/><W78/><G78/><T95/><D5/><U57/><E57/><V66/><F128/><W26/><G117/><T82/><D99/><U113/><E113/><V43/><F73/><W110/><G110/><T90/><D82/><U129/><E129/><V80/><F80/><W12/><G120/><T35/><D91/><U88/><E88/><V44/><F83/><W103/><G123/><T39/><D90/><U1/><E1/><V38/><F44/><W11/><G97/><T105/><D89/><U92/><E92/><V104/><F104/><W59/><G59/><T47/><D106/><U119/><E119/><V7/><F7/><W87/><G87/><RYUUKYOKU ba="0,1" sc="210,-10,100,30,350,-10,330,-10" hai1="16,17,27,28,52,56,58,60,63,65,96,102,107" /><INIT seed="3,1,1,5,1,46" ten="200,130,340,320" oya="3" hai0="92,76,41,83,84,126,23,134,38,105,2,85,48" hai1="65,55,60,40,10,110,44,106,34,25,135,114,22" hai2="123,87,75,3,115,0,50,101,5,80,111,12,52" hai3="20,104,98,29,37,53,49,69,113,94,4,59,39"/><W14/><G113/><T26/><D105/><U68/><E114/><V97/><F115/><W121/><G121/><T42/><D38/><U91/><E110/><V6/><F75/><W109/><G69/><T79/><D2/><U132/><E106/><V107/><F111/><W27/><G104/><T7/><D126/><U133/><E10/><V103/><F103/><W71/><G71/><T33/><D33/><U63/><E91/><V82/><F123/><W118/><G118/><T116/><D134/><U74/><E74/><V96/><F96/><W43/><G43/><T131/><D131/><U64/><E34/><V73/><F73/><W54/><G109/><T51/><D7/><U17/><E55/><V81/><F87/><W78/><G78/><T70/><D70/><U72/><E72/><V119/><F119/><W124/><G124/><T112/><D116/><U24/><E24/><V77/><F77/><W90/><REACH who="3" step="1"/><G54/><REACH who="3" ten="200,130,340,310" step="2"/><T95/><D112/><U86/><E86/><V89/><F107/><W62/><G62/><N who="1" m="23594" /><E68/><V30/><F52/><W57/><G57/><T125/><D125/><U67/><E67/><V32/><F0/><W127/><G127/><T108/><D108/><U58/><E58/><V66/><F3/><W45/><G45/><N who="0" m="25647" /><D84/><U117/><E117/><V99/><F66/><W36/><G36/><AGARI ba="1,2" hai="17,22,25,36,40,44,64,65,132,133,135" m="23594" machi="36" ten="30,1000,0" yaku="20,1" doraHai="46" who="1" fromWho="3" sc="200,0,130,33,340,0,310,-13" /><INIT seed="4,0,0,5,4,19" ten="200,163,340,297" oya="0" hai0="16,124,128,85,9,53,79,122,72,49,84,108,133" hai1="3,20,29,18,82,75,114,100,0,35,90,98,14" hai2="106,65,129,48,47,97,44,74,40,102,86,32,115" hai3="81,2,76,8,112,45,70,73,91,118,109,116,113"/><T119/><D122/><U15/><E114/><N who="3" m="44138" /><G70/><T1/><D119/><N who="3" m="45609" /><G45/><T23/><D124/><U131/><E131/><V96/><F74/><W132/><G8/><T13/><D128/><U57/><E15/><V50/><F32/><W93/><G2/><T7/><D133/><U11/><E35/><V21/><F115/><W123/><G132/><T43/><D43/><U107/><E57/><V5/><F65/><W61/><G61/><T117/><D108/><U135/><E135/><V105/><F105/><W37/><BYE who="2" /><G37/><T38/><D38/><U127/><E127/><V63/><F63/><W12/><G12/><T95/><D95/><U46/><E46/><V78/><F78/><W30/><G30/><T42/><D42/><U67/><E67/><V33/><F33/><W125/><G125/><T4/><D4/><U41/><E41/><V24/><F24/><W26/><G26/><T89/><D89/><U120/><E120/><V39/><F39/><W77/><G77/><UN n2="%E9%9B%AA%E3%81%AE%E8%8F%AF" /><T31/><D31/><U10/><E10/><V34/><F34/><W27/><G27/><T28/><D28/><U103/><E29/><V64/><F64/><W6/><G6/><T104/><D117/><U25/><E25/><V68/><F68/><W101/><G101/><T87/><D79/><N who="1" m="44415" /><E100/><V56/><F102/><W54/><G54/><T126/><D126/><U80/><E11/><V58/><F129/><W36/><G36/><T94/><D1/><U130/><E130/><V121/><F5/><W71/><G71/><T59/><D7/><U92/><E107/><V110/><F106/><W111/><G123/><RYUUKYOKU ba="0,0" sc="200,-15,163,15,340,-15,297,15" hai1="0,3,14,18,20,80,90,92,98,103" hai3="73,76,81,91,93,109,111" /><INIT seed="5,1,0,4,0,79" ten="185,178,325,312" oya="1" hai0="80,121,81,93,101,46,33,57,56,23,10,103,26" hai1="119,41,2,63,73,36,19,59,42,118,15,75,39" hai2="7,12,134,133,52,78,14,72,97,60,102,123,96" hai3="69,51,9,67,77,115,90,76,53,113,68,132,31"/><U35/><E35/><V66/><F123/><W122/><G122/><T104/><D33/><U22/><E2/><V16/><F7/><W27/><G90/><T3/><D104/><U120/><E120/><V127/><F12/><W47/><G9/><T58/><D121/><U82/><E42/><V61/><F127/><W91/><G91/><T111/><D111/><U85/><E75/><V18/><F18/><W74/><G132/><N who="2" m="50793" /><F66/><W126/><G126/><T64/><D64/><U95/><E73/><V30/><F30/><W49/><G49/><T11/><D46/><U116/><E95/><N who="2" m="58655" /><F97/><W5/><G5/><T129/><D3/><U114/><E114/><N who="3" m="43530" /><G74/><T40/><D40/><U131/><E131/><V124/><F124/><W109/><G109/><T110/><D129/><U0/><E0/><V130/><F130/><W32/><G67/><T1/><D1/><U108/><E108/><V128/><F128/><W44/><G47/><T125/><D125/><U25/><E15/><V45/><F78/><AGARI ba="1,0" hai="27,31,32,44,51,53,68,69,76,77,78" m="43530" machi="78" ten="30,1000,0" yaku="15,1" doraHai="79" who="3" fromWho="2" sc="185,0,178,0,325,-13,312,13" /><INIT seed="6,0,0,0,2,9" ten="185,178,312,325" oya="2" hai0="118,31,54,77,81,133,103,113,90,19,26,24,14" hai1="80,119,104,6,56,111,43,128,117,39,29,99,34" hai2="30,50,38,131,12,126,2,73,44,124,84,92,8" hai3="47,21,49,35,129,123,16,59,15,68,120,74,28"/><V57/><F73/><W55/><G68/><T33/><D113/><U10/><E111/><V13/><F38/><W97/><G74/><T116/><D133/><U65/><E128/><V98/><F84/><W18/><G129/><T71/><D71/><U61/><E80/><V110/><F110/><W107/><G28/><T0/><D0/><U64/><E64/><V122/><F122/><W27/><G35/><T94/><D103/><U127/><E127/><N who="2" m="48683" /><F131/><W130/><G130/><T53/><D26/><U115/><E115/><V63/><F30/><W40/><G97/><N who="0" m="57559" /><D81/><U22/><E34/><V135/><F135/><W70/><G107/><T95/><D95/><U69/><E69/><V78/><F78/><W89/><G89/><T85/><D85/><U4/><E4/><N who="2" m="1047" /><F57/><W48/><G70/><T7/><D77/><U23/><E39/><V41/><F63/><W101/><G101/><AGARI ba="0,0" hai="12,13,41,44,50,92,98,101" m="1047,48683" machi="101" ten="30,5800,0" yaku="18,1,52,2" doraHai="9" who="2" fromWho="3" sc="185,0,178,0,312,58,325,-58" /><INIT seed="6,1,0,2,4,132" ten="185,178,370,267" oya="2" hai0="2,52,126,20,51,96,65,4,82,84,85,131,122" hai1="128,124,63,76,72,123,5,106,21,71,114,83,68" hai2="134,35,74,89,105,104,90,42,12,61,111,94,8" hai3="3,98,112,117,133,107,69,116,113,75,62,32,88"/><V59/><F35/><W33/><G133/><T80/><D122/><U54/><E106/><V36/><F111/><W101/><G3/><T93/><D131/><U34/><E34/><N who="3" m="13418" /><G75/><T130/><D126/><U87/><E123/><V86/><F74/><W118/><G88/><N who="0" m="55335" /><D2/><U37/><E37/><V53/><F134/><W119/><N who="3" m="29696" /><DORA hai="22" /><W31/><G31/><T127/><D127/><U29/><E124/><V0/><F0/><W48/><G48/><T92/><D4/><U100/><E128/><V10/><F89/><W49/><G49/><T102/><D65/><AGARI ba="1,0" hai="62,65,69,98,101,107,112,113" m="29696,13418" machi="65" ten="70,2300,0" yaku="23,1" doraHai="132,22" who="3" fromWho="0" sc="185,-26,178,0,370,0,267,26" /><INIT seed="7,0,0,1,5,114" ten="159,178,370,293" oya="3" hai0="32,1,120,118,86,127,129,26,12,81,112,85,10" hai1="128,87,55,5,95,66,76,71,117,16,80,122,126" hai2="11,134,21,121,45,49,115,19,23,75,102,3,33" hai3="38,48,135,64,18,98,47,93,124,22,42,131,132"/><W30/><G124/><T113/><D120/><U44/><E122/><V41/><F75/><W99/><G131/><T103/><D129/><U96/><E126/><V69/><F115/><N who="0" m="44106" /><D127/><U78/><E128/><V8/><F121/><W34/><G34/><T100/><D1/><U105/><E105/><V107/><F69/><W59/><G30/><N who="0" m="19543" /><D118/><U53/><E117/><V84/><F134/><N who="3" m="51243" /><G93/><T104/><D104/><U60/><E76/><V37/><F33/><W133/><G133/><T36/><D36/><U79/><E79/><V56/><F3/><W92/><G92/><T58/><D58/><U73/><E73/><V89/><F102/><N who="0" m="38954" /><D81/><U61/><E5/><AGARI ba="0,0" hai="5,10,12,85,86" m="38954,19543,44106" machi="5" ten="30,2000,0" yaku="15,1,11,1" doraHai="114" who="0" fromWho="1" sc="159,20,178,-20,370,0,293,0" owari="179,-22.1,158,-34.2,370,47.0,293,9.3" /></mjloggm>