<mjloggm ver="2.3"><GO type="225" lobby="0"/><UN n0="%E3%82%A4%E3%83%BC%E3%82%B1%E3%83%97%E3%83%A9" n1="%E7%B4%94%E6%BD%94%E3%83%94%E3%83%A9%E3%83%8B%E3%82%A2" n2="%72%61%6B%33" n3="%E3%82%BC%E3%83%AB%E3%83%80%E3%81%AE%E4%BC%9D%E8%AA%AC" dan="16,16,16,17" rate="2112.22,2190.20,2117.65,2152.93" sx="M,M,M,M"/><TAIKYOKU oya="0"/><INIT seed="0,0,0,4,2,94" ten="250,250,250,250" oya="0" hai0="72,23,56,122,90,58,26,44,128,24,29,64,0" hai1="118,89,135,8,119,53,112,39,101,9,113,126,95" hai2="21,30,129,42,22,6,76,18,4,59,83,1,111" hai3="85,80,32,34,40,105,49,96,100,13,69,123,45"/><T91/><D122/><U17/><E39/><V124/><F111/><W132/><G123/><T65/><D0/><U14/><E101/><V5/><F124/><W37/><G132/><T121/><D121/><U43/><E43/><V55/><F129/><W110/><G110/><T127/><D72/><U108/><E108/><V79/><F1/><W67/><G37/><T27/><D128/><U36/><E36/><V62/><F42/><W134/><G134/><T51/><D127/><U16/><E53/><V98/><F83/><W3/><G3/><T35/><D65/><U66/><E66/><V48/><F30/><W31/><G31/><T81/><D27/><U47/><E47/><V120/><F120/><W63/><REACH who="3" step="1"/><G13/><REACH who="3" ten="250,250,250,240" step="2"/><T41/><D29/><U107/><E135/><V97/><F62/><W46/><G46/><T114/><D44/><U86/><E126/><V92/><F22/><W87/><G87/><T116/><D23/><U20/><E9/><V19/><F21/><W70/><G70/><T125/><D125/><U88/><E118/><V78/><REACH who="2" step="1"/><F97/><REACH who="2" ten="250,250,240,240" step="2"/><W133/><G133/><T11/><D116/><U75/><E119/><V104/><F104/><W50/><G50/><T77/><D51/><U99/><E107/><V117/><F117/><W28/><G28/><T103/><D35/><U74/><E112/><V12/><F12/><W71/><G71/><T25/><D114/><U52/><E113/><V10/><F10/><W131/><G131/><T54/><D11/><U60/><E20/><V102/><AGARI ba="0,2" hai="4,5,6,18,19,48,55,59,76,78,79,92,98,102" machi="102" ten="30,8000,1" yaku="1,1,0,1,8,1,52,1,53,1" doraHai="94" doraHaiUra="93" who="2" fromWho="2" sc="250,-40,250,-20,240,100,240,-20" /><INIT seed="1,0,0,1,1,31" ten="210,230,340,220" oya="1" hai0="21,43,50,115,116,73,100,63,11,7,107,53,92" hai1="0,101,77,87,68,59,8,126,23,86,89,85,106" hai2="94,14,129,102,72,111,134,27,64,104,37,119,133" hai3="34,62,44,41,70,6,117,103,29,75,99,26,125"/><U114/><E68/><V135/><F119/><W36/><G125/><T5/><D115/><U51/><E114/><V123/><F123/><W39/><G6/><T120/><D116/><U110/><E126/><V84/><F37/><N who="3" m="21551" /><G75/><T76/><D107/><U52/><E77/><V12/><F72/><W124/><G124/><T32/><D32/><U40/><E40/><V1/><F1/><W112/><G112/><T65/><D43/><U113/><E113/><V33/><F129/><W38/><G117/><T71/><D120/><U130/><E130/><V61/><F104/><N who="3" m="63615" /><G36/><T88/><D100/><U25/><E110/><V49/><F111/><W105/><G105/><T108/><D108/><U15/><E0/><V60/><F49/><W28/><G28/><T74/><D76/><U91/><E101/><V121/><F121/><W2/><G2/><T19/><D7/><N who="1" m="3487" /><E106/><V109/><F109/><W95/><G95/><T128/><D128/><U127/><E127/><V20/><F102/><W18/><G18/><AGARI ba="0,0" hai="18,23,25,51,52,59,85,86,87,89,91" m="3487" machi="18" ten="30,2900,0" yaku="8,1,54,1" doraHai="31" who="1" fromWho="3" sc="210,0,230,29,340,0,220,-29" /><INIT seed="1,1,0,2,0,17" ten="210,259,340,191" oya="1" hai0="27,44,45,65,15,34,83,33,79,89,96,24,63" hai1="58,72,29,30,99,82,50,12,94,57,73,48,87" hai2="61,77,32,21,104,5,2,81,62,7,8,126,130" hai3="42,112,101,105,3,121,10,60,85,92,97,90,64"/><U25/><E12/><V74/><F32/><W22/><G121/><T102/><D89/><U111/><E111/><V128/><F104/><W41/><G112/><T113/><D113/><U66/><E72/><V13/><F126/><W108/><G108/><T131/><D131/><N who="2" m="50218" /><F7/><W4/><REACH who="3" step="1"/><G22/><REACH who="3" ten="210,259,340,181" step="2"/><T117/><D34/><U20/><E30/><V51/><F21/><W59/><AGARI ba="1,1" hai="3,4,10,41,42,59,60,64,85,90,92,97,101,105" machi="59" ten="20,12000,2" yaku="1,1,2,1,0,1,7,1,53,2" doraHai="17" doraHaiUra="36" who="3" fromWho="3" sc="210,-31,259,-61,340,-31,181,133" /><INIT seed="2,0,0,3,5,2" ten="179,198,309,314" oya="2" hai0="62,64,63,86,103,17,3,4,87,14,60,84,68" hai1="109,32,92,119,110,124,46,28,23,20,127,22,90" hai2="131,79,55,69,43,53,16,9,44,50,121,58,99" hai3="57,81,126,95,21,15,130,66,91,42,7,107,48"/><V105/><F121/><W74/><G107/><T27/><D103/><U125/><E46/><V108/><F131/><W89/><G130/><T100/><D100/><U40/><E40/><V45/><F69/><W41/><G126/><T77/><D27/><N who="1" m="18463" /><E92/><V38/><F108/><N who="1" m="41577" /><E90/><V120/><F120/><W111/><G111/><T76/><D3/><U12/><E119/><V30/><F30/><W39/><G39/><T56/><D4/><U98/><E98/><V19/><F79/><W29/><G7/><T104/><D104/><U37/><E37/><V49/><F9/><W52/><G66/><T70/><D70/><U72/><E72/><V51/><F38/><W67/><G67/><T34/><D34/><U128/><E128/><V10/><F10/><W13/><G74/><T59/><D68/><U35/><E35/><V112/><F112/><W31/><G42/><T134/><D134/><U114/><E114/><V88/><F105/><W8/><G41/><T80/><D77/><U54/><E54/><V106/><F106/><W26/><G8/><T118/><D118/><U85/><E85/><V97/><F97/><W65/><G65/><T75/><REACH who="0" step="1"/><D64/><REACH who="0" ten="169,198,309,314" step="2"/><U18/><AGARI ba="0,1" hai="12,18,20,22,23,124,125,127" m="41577,18463" machi="18" ten="40,8000,1" yaku="18,1,14,1,34,2" doraHai="2" who="1" fromWho="1" sc="169,-20,198,90,309,-40,314,-20" /><INIT seed="3,0,0,2,0,86" ten="149,288,269,294" oya="3" hai0="75,133,52,120,28,39,104,56,40,68,51,102,96" hai1="25,97,80,18,100,101,70,71,84,112,124,23,35" hai2="33,79,110,14,46,78,103,66,49,22,47,53,127" hai3="31,16,27,94,21,72,62,4,74,0,99,5,73"/><W58/><G0/><T132/><D120/><U89/><E112/><V24/><F110/><W64/><REACH who="3" step="1"/><G31/><REACH who="3" ten="149,288,269,284" step="2"/><T3/><D3/><U34/><E124/><V109/><F127/><W48/><G48/><T91/><D28/><U114/><E114/><V105/><F109/><W60/><G60/><T87/><D75/><U85/><E85/><V32/><F32/><W83/><G83/><T15/><D68/><U2/><E2/><V45/><F33/><W121/><G121/><T135/><D15/><U36/><E36/><V10/><F105/><W7/><G7/><T67/><D67/><U26/><E34/><V115/><F66/><W106/><G106/><T30/><D30/><U116/><E116/><V119/><F115/><W50/><G50/><T12/><D12/><N who="1" m="9671" /><E35/><V59/><F119/><W130/><G130/><T13/><D13/><U125/><E125/><V128/><F128/><W65/><G65/><T57/><D57/><U41/><E71/><V8/><F103/><AGARI ba="0,1" hai="4,5,16,21,27,58,62,64,72,73,74,94,99,103" machi="103" ten="40,7700,0" yaku="1,1,54,1,53,1" doraHai="86" doraHaiUra="55" who="3" fromWho="2" sc="149,0,288,0,269,-77,284,87" owari="149,-35.1,288,8.8,192,-20.8,371,47.1" /></mjloggm>