<mjloggm ver="2.3"><GO type="169" lobby="0"/><UN n0="%E7%88%86%E7%89%8C%E3%82%A6%E3%82%B7%E3%82%B8%E3%83%9E%E3%81%8F%E3%82%93" n1="%74%73%75%6B%69%31" n2="%73%61%69%63%68%61%6E%7A" n3="%46%E5%92%B8%E9%AD%9A%E5%92%B8%E9%AD%9A%E5%92%B8" dan="16,16,17,16" rate="2119.74,2197.02,2171.29,2069.50" sx="M,M,M,M"/><TAIKYOKU oya="0"/><INIT seed="0,0,0,1,2,67" ten="250,250,250,250" oya="0" hai0="32,46,101,106,37,38,117,66,81,21,3,5,34" hai1="6,10,53,64,54,17,126,95,7,86,69,36,24" hai2="4,42,87,8,112,47,2,100,97,45,58,9,22" hai3="62,127,92,71,35,11,80,103,123,111,122,113,43"/><T73/><D21/><U96/><E36/><V49/><F112/><W79/><G111/><T30/><D117/><U102/><E126/><V129/><F129/><W124/><G113/><T91/><D91/><U78/><E64/><V31/><F9/><W104/><G11/><N who="0" m="2495" /><D30/><U114/><E69/><V90/><F58/><W52/><G43/><N who="0" m="22895" /><D66/><U44/><E114/><V120/><F120/><N who="3" m="46123" /><G35/><T33/><D38/><U85/><E6/><V118/><F45/><W130/><G92/><T88/><D88/><U56/><E44/><V55/><F118/><W99/><G130/><T74/><D81/><N who="1" m="47287" /><E86/><V57/><F22/><W13/><G13/><T93/><D93/><U14/><E56/><V50/><F31/><W23/><G23/><AGARI ba="0,0" hai="7,10,14,17,23,24,53,54,95,96,102" m="47287" machi="23" ten="30,1000,0" yaku="8,1" doraHai="67" who="1" fromWho="3" sc="250,0,250,10,250,0,250,-10" /><INIT seed="1,0,0,4,5,108" ten="250,260,250,240" oya="1" hai0="80,121,131,12,106,8,124,77,120,27,129,38,25" hai1="95,7,2,79,41,22,46,103,42,62,133,55,0" hai2="70,105,126,36,85,72,110,17,19,5,71,117,3" hai3="114,92,53,4,28,51,100,115,81,102,89,76,6"/><U88/><E103/><V37/><F85/><W104/><G28/><T101/><D38/><U54/><E79/><V134/><F5/><W43/><G43/><T93/><D106/><U11/><E133/><V94/><F94/><W109/><G109/><T87/><D27/><U119/><E119/><V130/><F17/><W45/><G4/><T30/><D93/><U18/><E0/><V67/><F19/><W39/><G6/><N who="0" m="3095" /><D101/><U96/><E62/><V60/><F67/><W16/><G39/><T9/><D9/><U69/><E69/><V35/><F70/><W49/><G49/><T74/><D74/><U91/><E91/><V78/><F78/><W57/><G45/><T99/><D99/><U66/><E66/><V15/><F15/><W75/><G16/><T40/><D40/><U64/><E64/><V1/><F60/><W33/><G33/><N who="0" m="20687" /><D124/><U32/><E32/><V128/><F36/><W26/><G26/><T111/><D111/><U123/><E41/><V127/><F1/><W31/><G31/><T83/><D83/><U29/><E29/><V21/><F21/><W84/><G102/><T34/><D34/><U47/><E47/><V90/><F90/><W73/><G75/><T48/><D48/><U112/><E42/><V113/><F126/><W44/><G44/><T58/><D58/><U65/><E46/><V52/><F52/><N who="1" m="20009" /><E65/><V56/><F56/><W132/><G132/><T50/><D50/><U63/><E63/><V82/><F82/><W107/><G107/><T14/><D14/><N who="1" m="9559" /><E123/><AGARI ba="0,0" hai="3,35,37,71,72,105,110,113,117,123,127,128,130,134" machi="123" ten="0,32000,5" yakuman="47" doraHai="108" who="2" fromWho="1" sc="250,0,260,-320,250,320,240,0" /><AGARI ba="0,0" hai="77,80,87,120,121,123,129,131" m="20687,3095" machi="123" ten="30,1000,0" yaku="13,1" doraHai="108" who="0" fromWho="1" sc="250,10,-60,-10,570,0,240,0" owari="260,6.0,-70,-57.0,570,67.0,240,-16.0" /></mjloggm>