<mjloggm ver="2.3"><GO type="169" lobby="0"/><UN n0="%43%4F%45%44%4F%E7%B7%91" n1="%E5%B0%8F%E5%AE%AE%E7%95%B3%E5%BA%97" n2="%48%65%69%68%65%69%30%35" n3="%E3%81%99%E3%81%84%E3%81%BF%E3%82%87%E3%82%93%44%5A" dan="18,16,16,16" rate="2201.42,2095.01,2032.00,2099.17" sx="F,M,M,M"/><TAIKYOKU oya="0"/><INIT seed="0,0,0,4,5,120" ten="250,250,250,250" oya="0" hai0="25,45,27,42,115,119,121,29,106,132,35,22,85" hai1="123,99,53,129,74,44,15,101,57,32,33,125,43" hai2="95,6,7,116,63,36,50,102,130,133,109,131,83" hai3="111,26,8,17,49,37,11,13,94,9,24,98,81"/><T5/><D121/><U23/><E123/><V91/><F36/><W67/><G37/><T62/><D115/><U72/><E129/><V88/><F116/><W48/><G67/><T20/><D119/><U105/><E125/><V84/><F63/><W89/><G81/><T79/><D106/><U39/><E33/><V21/><F133/><W54/><G49/><T68/><D132/><U30/><E32/><V117/><F117/><W122/><G122/><T87/><D5/><U0/><E0/><V78/><F21/><W108/><G26/><T77/><D35/><U10/><E23/><V51/><F109/><N who="3" m="42059" /><G24/><T4/><D62/><U2/><E2/><V19/><F19/><W60/><G60/><T134/><D68/><U110/><E30/><V71/><F71/><W135/><G135/><T70/><D70/><U90/><E90/><V96/><F91/><W28/><G28/><N who="0" m="17447" /><D4/><N who="2" m="1578" /><F78/><N who="0" m="29706" /><D134/><U61/><E110/><V80/><F80/><W69/><G69/><T97/><D27/><U73/><E73/><V55/><F130/><W38/><G38/><T126/><D126/><U76/><E76/><V58/><F131/><W104/><G104/><T41/><D29/><U47/><E47/><AGARI ba="0,0" hai="8,9,11,13,17,47,48,54,89,94,98" m="42059" machi="47" ten="30,7700,0" yaku="14,1,52,3" doraHai="120" who="3" fromWho="1" sc="250,0,250,-77,250,0,250,77" /><INIT seed="1,0,0,2,4,126" ten="250,173,250,327" oya="1" hai0="114,70,84,2,115,82,5,123,122,92,124,120,97" hai1="9,51,99,104,78,18,100,43,3,105,135,60,27" hai2="74,56,101,119,107,6,26,65,62,7,57,128,29" hai3="34,85,66,134,63,98,132,118,39,67,89,81,28"/><U41/><E135/><N who="3" m="51754" /><G39/><T116/><D70/><U83/><E105/><V24/><F119/><W80/><G118/><T15/><D116/><U73/><E60/><V64/><F74/><W0/><G0/><T23/><D2/><U14/><E3/><V94/><F107/><W79/><G63/><T91/><D124/><U103/><E103/><V11/><F26/><N who="3" m="18711" /><G98/><T50/><D50/><U76/><E76/><V111/><F111/><W58/><G58/><T75/><D75/><AGARI ba="0,0" hai="66,67,75,79,80,81,85,89" m="18711,51754" machi="75" ten="30,1000,0" yaku="20,1" doraHai="126" who="3" fromWho="0" sc="250,-10,173,0,250,0,327,10" /><INIT seed="2,0,0,0,3,100" ten="240,173,250,337" oya="2" hai0="64,76,23,59,29,19,20,50,91,113,96,55,41" hai1="62,82,6,101,18,71,74,39,85,111,68,28,7" hai2="57,70,102,109,127,78,93,1,17,60,12,34,21" hai3="89,125,56,124,86,43,73,135,83,61,116,134,119"/><V4/><F70/><W38/><G43/><T133/><D113/><U95/><E111/><V11/><F127/><N who="3" m="48715" /><G38/><T126/><D126/><U32/><E39/><V69/><F69/><W106/><G56/><T103/><D133/><N who="3" m="50697" /><G61/><T33/><D33/><U53/><E74/><V47/><F34/><W2/><G2/><T98/><D76/><U8/><E18/><V3/><F78/><N who="3" m="44495" /><G106/><T16/><D41/><U117/><E117/><V72/><F47/><W24/><G24/><T10/><D64/><U46/><E28/><V77/><F109/><W105/><G105/><T25/><D10/><U40/><E32/><V80/><F60/><W130/><G130/><T87/><D29/><U94/><E68/><V48/><F57/><W65/><G65/><T118/><D118/><U14/><E6/><V54/><F54/><W37/><G37/><T97/><D23/><U121/><E71/><V131/><F48/><W104/><G104/><T67/><D67/><U35/><E35/><V66/><F66/><W123/><G123/><T45/><D19/><U84/><E121/><V5/><F131/><W49/><G49/><T128/><D59/><N who="1" m="35183" /><E46/><V42/><F42/><W115/><G115/><T27/><D27/><U90/><E40/><V120/><F120/><W110/><G110/><T58/><D58/><U30/><E30/><V22/><F4/><W122/><G122/><T75/><D128/><U0/><E0/><N who="2" m="75" /><F5/><W132/><N who="3" m="50705" /><W107/><DORA hai="88" /><G107/><N who="0" m="63975" /><D75/><U108/><E108/><V99/><F72/><W52/><G52/><T114/><D114/><U15/><E15/><V36/><F36/><RYUUKYOKU ba="0,0" sc="240,10,173,-30,250,10,337,10" hai0="16,20,25,45,50,55,87,91,97,98" hai2="11,12,17,21,22,77,80,93,99,102" hai3="86,89,116,119" /><INIT seed="2,1,0,0,3,0" ten="250,143,260,347" oya="2" hai0="85,59,127,58,39,38,121,22,105,40,67,112,107" hai1="20,126,34,129,72,55,63,118,134,3,24,117,31" hai2="74,116,26,54,109,12,48,79,9,130,46,65,1" hai3="10,104,111,113,41,100,77,11,57,47,49,93,89"/><V14/><F116/><N who="1" m="44649" /><E72/><V13/><F130/><W128/><G111/><T122/><D85/><U36/><E36/><V43/><F65/><W7/><G128/><T84/><D84/><U27/><E129/><V76/><F74/><W125/><G125/><T108/><D108/><U87/><E87/><V82/><F109/><W56/><G113/><T131/><D131/><U91/><E91/><V35/><F54/><W25/><G77/><T42/><D22/><U103/><E103/><V18/><F82/><W102/><G25/><T110/><D110/><U60/><E126/><V98/><F98/><W28/><G28/><T86/><D86/><U16/><E134/><V64/><F64/><W37/><G11/><T52/><D67/><U135/><E135/><V32/><F32/><W21/><G21/><T94/><D127/><U15/><E55/><V2/><F2/><W90/><G90/><T51/><D52/><U8/><E3/><V70/><F70/><W23/><G23/><T50/><REACH who="0" step="1"/><D94/><REACH who="0" ten="240,143,260,347" step="2"/><U45/><E45/><V44/><F44/><W5/><G93/><T69/><D69/><U19/><E63/><V62/><F62/><W99/><G47/><T120/><D120/><U61/><E61/><V88/><F35/><W30/><G57/><T75/><D75/><U83/><E60/><V29/><F46/><W106/><G56/><T133/><D133/><U81/><E81/><V95/><F95/><W96/><G96/><T66/><D66/><U17/><E83/><V6/><F48/><W68/><G99/><T92/><D92/><U53/><E53/><V119/><F119/><RYUUKYOKU ba="1,1" sc="240,15,143,15,260,-15,347,-15" hai0="38,39,40,42,50,51,58,59,105,107,112,121,122" hai1="8,15,16,17,19,20,24,27,31,34" /><INIT seed="3,2,1,0,1,20" ten="255,158,245,332" oya="3" hai0="74,95,2,83,113,46,17,79,119,40,33,21,125" hai1="14,78,72,32,10,11,108,121,25,43,7,5,133" hai2="81,34,103,80,114,71,73,23,66,51,118,50,65" hai3="112,129,55,91,77,63,82,106,58,89,130,57,98"/><W128/><G112/><T70/><D113/><U49/><E121/><V37/><F23/><W134/><G134/><T0/><D119/><U41/><E133/><V27/><F114/><W131/><N who="3" m="32768" /><DORA hai="105" /><W59/><G106/><T107/><D33/><U39/><E108/><V4/><F4/><W102/><G102/><T56/><D70/><U87/><E87/><V61/><F37/><W99/><G99/><T84/><D56/><U76/><E49/><V116/><F65/><W67/><G98/><T22/><D22/><U36/><E14/><V9/><F9/><W68/><REACH who="3" step="1"/><G55/><REACH who="3" ten="255,158,245,322" step="2"/><T53/><D53/><U8/><E32/><V62/><F103/><W30/><G30/><T1/><D107/><U115/><E115/><V6/><F116/><W86/><AGARI ba="2,2" hai="57,58,59,63,67,68,77,82,86,89,91" m="32768" machi="86" ten="60,11700,0" yaku="1,1,0,1,19,1,53,0" doraHai="20,105" doraHaiUra="100,132" who="3" fromWho="3" sc="255,-41,158,-41,245,-41,322,143" /><INIT seed="3,3,0,0,0,19" ten="214,117,204,465" oya="3" hai0="80,57,0,102,43,115,54,37,55,52,21,107,1" hai1="34,133,17,126,75,127,77,96,29,91,25,98,99" hai2="100,90,15,110,121,31,79,53,104,44,114,86,73" hai3="12,130,132,76,60,122,24,64,26,4,6,28,33"/><W87/><G122/><T124/><D124/><N who="1" m="47659" /><E133/><V103/><F114/><W16/><G130/><T128/><D128/><U30/><E91/><V14/><F110/><W134/><G76/><T123/><D123/><U78/><E75/><V50/><F121/><W117/><G87/><T113/><D80/><U11/><E30/><V81/><F31/><N who="3" m="19687" /><G60/><T72/><D72/><U92/><E92/><V32/><F32/><N who="3" m="20503" /><G64/><T97/><D57/><U39/><E39/><V18/><F104/><W61/><G61/><T88/><D88/><U82/><E82/><V84/><F14/><AGARI ba="3,0" hai="11,14,17,25,29,34,77,78,96,98,99" m="47659" machi="14" ten="30,1000,0" yaku="18,1" doraHai="19" who="1" fromWho="2" sc="214,0,117,19,204,-19,465,0" /><INIT seed="4,0,0,5,4,80" ten="214,136,185,465" oya="0" hai0="95,59,131,12,21,100,94,103,113,7,39,106,29" hai1="33,119,101,78,76,108,32,70,35,129,24,30,62" hai2="134,22,83,28,93,97,128,127,18,1,42,41,118" hai3="96,5,54,107,43,47,120,98,55,38,13,114,51"/><T110/><D39/><U2/><E108/><V72/><F134/><W79/><G114/><T81/><D113/><U102/><E119/><V73/><F1/><W23/><G120/><T77/><D106/><U9/><E129/><V117/><F128/><W65/><G65/><T25/><D131/><U68/><E2/><V87/><F28/><W52/><G38/><T8/><D110/><U75/><E9/><V104/><F41/><W60/><G107/><T50/><D103/><U31/><E62/><V56/><F42/><W91/><G79/><T34/><D34/><U85/><E35/><V53/><F104/><W111/><G111/><T132/><D100/><U15/><E15/><V44/><F44/><W126/><G126/><T99/><D99/><U125/><E75/><V45/><F45/><W6/><G60/><T20/><D20/><U57/><E57/><V123/><F127/><W58/><G58/><T27/><D27/><U16/><E24/><V121/><F121/><W66/><G66/><T48/><D132/><U86/><REACH who="1" step="1"/><E16/><REACH who="1" ten="214,126,185,465" step="2"/><V89/><F123/><W71/><G13/><T69/><D59/><U122/><E122/><V26/><F117/><W116/><G116/><T4/><D12/><U61/><E61/><N who="2" m="35983" /><F118/><W124/><G124/><AGARI ba="0,1" hai="30,31,32,33,68,70,76,78,85,86,101,102,124,125" machi="124" ten="25,8000,1" yaku="1,1,22,2,52,2,53,0" doraHai="80" doraHaiUra="63" who="1" fromWho="3" sc="214,0,126,90,185,0,465,-80" /><INIT seed="5,0,0,0,1,85" ten="214,216,185,385" oya="1" hai0="109,26,82,86,10,134,84,40,94,18,17,27,73" hai1="105,63,16,96,57,70,22,99,119,31,67,30,88" hai2="83,0,28,79,75,12,60,133,21,65,45,72,130" hai3="38,111,76,62,131,81,42,3,36,50,104,33,11"/><U90/><E119/><V92/><F0/><W2/><G111/><T129/><D109/><U108/><E70/><V59/><F133/><W4/><G104/><T102/><D73/><U53/><E108/><V128/><F45/><W80/><G131/><T118/><D118/><U126/><E67/><V35/><F35/><W68/><G80/><T135/><D129/><N who="2" m="49770" /><F92/><W46/><G33/><T121/><D121/><U103/><E126/><V8/><F28/><W47/><G3/><T19/><D40/><U34/><E34/><V113/><F21/><W115/><G115/><T117/><D117/><U25/><E90/><V101/><F101/><W64/><G47/><T120/><D120/><U48/><E48/><V32/><F32/><W29/><G29/><T24/><D10/><U51/><E51/><V127/><F127/><W116/><G116/><T100/><D94/><AGARI ba="0,0" hai="16,22,25,30,31,53,57,63,88,94,96,99,103,105" machi="94" ten="40,12000,1" yaku="25,2,52,1,54,2" doraHai="85" who="1" fromWho="0" sc="214,-120,216,120,185,0,385,0" /><INIT seed="5,1,0,4,1,123" ten="94,336,185,385" oya="1" hai0="116,25,92,64,121,58,33,18,35,53,109,8,44" hai1="95,12,85,84,70,117,81,41,54,27,74,105,67" hai2="21,24,118,57,48,61,16,94,96,15,2,23,14" hai3="90,42,83,134,5,124,59,9,108,73,128,56,50"/><U19/><E105/><V101/><F2/><W7/><G108/><T30/><D109/><U111/><E117/><V0/><F0/><W26/><G128/><T133/><D116/><U72/><E111/><V82/><F118/><W102/><G124/><T100/><D121/><U47/><E54/><V127/><F127/><W29/><G102/><T38/><D133/><U104/><E104/><V122/><F122/><W36/><G5/><T63/><D35/><U39/><E27/><V17/><F48/><W1/><G50/><T119/><D119/><U4/><E4/><V10/><F82/><W89/><G89/><T3/><D3/><U129/><E129/><V87/><F87/><W103/><G103/><T20/><D8/><U69/><E67/><V55/><F24/><W60/><G60/><T43/><D53/><U107/><E107/><V99/><REACH who="2" step="1"/><F96/><REACH who="2" ten="94,336,175,385" step="2"/><W6/><G83/><T106/><D106/><U34/><E74/><V52/><F52/><W91/><G73/><T97/><REACH who="0" step="1"/><D33/><REACH who="0" ten="84,336,175,385" step="2"/><U66/><E34/><V131/><F131/><W28/><G1/><T113/><D113/><U78/><E72/><V46/><F46/><W40/><G134/><T80/><D80/><U22/><REACH who="1" step="1"/><E66/><REACH who="1" ten="84,326,175,385" step="2"/><V88/><F88/><AGARI ba="1,3" hai="12,19,22,39,41,47,69,70,78,81,84,85,88,95" machi="88" ten="40,12000,1" yaku="1,1,2,1,54,1,53,1" doraHai="123" doraHaiUra="68" who="1" fromWho="2" sc="84,0,326,153,175,-123,385,0" /><INIT seed="5,2,0,4,4,64" ten="84,479,52,385" oya="1" hai0="92,44,24,41,80,68,32,123,89,15,4,36,99" hai1="31,42,43,19,96,87,85,125,35,77,133,83,84" hai2="26,8,18,131,86,25,82,16,121,73,53,21,103" hai3="122,54,50,11,106,28,56,119,108,60,124,134,65"/><U3/><E3/><V75/><F121/><W57/><G106/><T88/><D123/><U114/><E114/><V102/><F131/><W5/><G122/><T47/><D68/><U45/><E133/><V115/><F115/><W110/><G28/><T17/><D4/><U9/><E125/><V33/><F33/><W46/><G134/><T112/><D112/><U113/><E113/><V126/><F126/><W34/><G34/><T98/><D47/><U132/><E132/><V117/><F117/><W6/><G6/><T72/><D72/><U12/><E96/><V71/><F71/><W97/><G124/><T118/><D118/><U95/><E95/><V20/><F8/><W74/><G74/><T109/><D109/><U90/><E43/><V59/><F73/><W66/><G119/><T38/><D38/><U128/><E128/><V100/><F75/><W67/><G97/><T130/><D130/><U1/><E1/><V52/><F59/><W135/><G135/><T94/><D80/><U40/><E40/><V79/><AGARI ba="2,0" hai="16,18,20,21,25,26,52,53,79,82,86,100,102,103" machi="79" ten="30,8000,1" yaku="0,1,9,1,8,1,54,2" doraHai="64" who="2" fromWho="2" sc="84,-22,479,-42,52,86,385,-22" /><INIT seed="6,0,0,5,2,65" ten="62,437,138,363" oya="2" hai0="78,14,43,73,33,70,123,17,31,135,85,35,110" hai1="128,39,54,56,82,50,88,28,133,95,30,41,60" hai2="37,21,48,4,59,0,119,15,111,27,22,100,131" hai3="108,66,57,25,24,106,61,102,134,115,113,77,69"/><V38/><F119/><W120/><G120/><T93/><D123/><U91/><E133/><V89/><F131/><W23/><G108/><T5/><D110/><U92/><E128/><V58/><F100/><W103/><G134/><T6/><D135/><U96/><E39/><V47/><F0/><W99/><G103/><T80/><D43/><U114/><E114/><N who="3" m="43530" /><G77/><T107/><D107/><U71/><E82/><V116/><F116/><W12/><G12/><T79/><D70/><U104/><E104/><V29/><F111/><W26/><G23/><T87/><D73/><U10/><E10/><V81/><F37/><W52/><G26/><T49/><D49/><AGARI ba="0,0" hai="24,25,49,52,57,61,66,69,99,102,106" m="43530" machi="49" ten="30,7700,0" yaku="15,1,11,1,52,1,54,1" doraHai="65" who="3" fromWho="0" sc="62,-77,437,0,138,0,363,77" owari="-15,-51.5,437,23.7,138,-26.2,440,54.0" /></mjloggm>