<mjloggm ver="2.3"><GO type="169" lobby="0"/><UN n0="%E5%BA%84%E5%8F%B8%E5%81%A5%E5%A4%AA%E6%9C%97" n1="%E8%80%81%E6%A5%BD" n2="%E5%85%AD%E9%83%A8%E5%9C%AD" n3="%E5%9C%A7%E5%80%92%E7%9A%84%E3%83%9D%E3%83%B3" dan="16,17,16,17" rate="2050.23,2238.70,2127.16,2225.55" sx="M,M,M,M"/><TAIKYOKU oya="0"/><INIT seed="0,0,0,1,3,14" ten="250,250,250,250" oya="0" hai0="18,58,73,20,61,115,4,123,125,39,103,71,107" hai1="83,90,45,85,3,104,63,127,70,89,8,80,16" hai2="12,11,38,17,114,135,105,96,23,5,50,84,117" hai3="46,10,49,27,134,33,26,1,24,75,67,43,124"/><T22/><D115/><U30/><E104/><V29/><F38/><W113/><G75/><T102/><D123/><U28/><E127/><V86/><F114/><W93/><G113/><T98/><D125/><U21/><E45/><V68/><F68/><W41/><G124/><T95/><D73/><U74/><E3/><V19/><F135/><W42/><G33/><T131/><D131/><U119/><E119/><V40/><F117/><W116/><G116/><T112/><D112/><U15/><E74/><V129/><F129/><W82/><G67/><T54/><D71/><U126/><E126/><V60/><F60/><W91/><G82/><T94/><D39/><U36/><E36/><V32/><F40/><W132/><G10/><T130/><D103/><U2/><E2/><V51/><F32/><W65/><G65/><T6/><D22/><U25/><E63/><V34/><F34/><W56/><G56/><T121/><D121/><U120/><E120/><V79/><F96/><W53/><REACH who="3" step="1"/><G1/><REACH who="3" ten="250,250,250,240" step="2"/><T62/><D130/><U69/><E28/><V7/><F23/><W78/><G78/><T0/><D62/><U55/><E55/><V66/><F66/><W72/><G72/><T64/><D64/><U9/><E8/><V108/><F11/><W128/><G128/><T77/><D77/><U106/><E106/><V88/><F79/><W101/><G101/><T118/><D118/><U110/><E110/><V100/><F100/><W76/><G76/><T47/><D0/><U92/><REACH who="1" step="1"/><E80/><REACH who="1" ten="250,240,250,240" step="2"/><V35/><F108/><W37/><G37/><T99/><D54/><U111/><E111/><RYUUKYOKU ba="0,2" sc="250,-15,240,15,250,-15,240,15" hai1="9,15,16,21,25,30,69,70,83,85,89,90,92" hai3="24,26,27,41,42,43,46,49,53,91,93,132,134" /><INIT seed="1,1,2,0,0,134" ten="235,255,235,255" oya="1" hai0="31,112,124,91,26,76,98,107,87,104,93,67,71" hai1="111,103,41,133,52,53,21,17,61,84,135,44,97" hai2="90,8,1,74,25,132,63,6,125,96,35,101,34" hai3="7,131,65,5,46,59,81,51,85,32,79,3,14"/><U10/><E10/><V55/><F90/><W68/><G68/><T92/><D112/><U45/><E84/><V72/><F55/><W57/><G3/><T18/><D18/><U128/><E128/><V80/><F132/><N who="1" m="50761" /><E111/><V30/><F34/><W99/><G32/><T66/><D76/><U122/><E122/><V33/><F33/><W121/><G121/><T113/><D113/><U24/><E61/><V39/><F63/><N who="3" m="38127" /><G59/><T9/><D9/><U15/><E24/><V78/><F72/><W115/><G131/><T56/><D71/><U62/><E62/><V36/><REACH who="2" step="1"/><F125/><REACH who="2" ten="235,255,225,255" step="2"/><W106/><G115/><T130/><D91/><U77/><E77/><V13/><F13/><W42/><G99/><T60/><D124/><U0/><E0/><V19/><F19/><W120/><G120/><T23/><D130/><U29/><E29/><V16/><F16/><W47/><G14/><T83/><D67/><U88/><E88/><V12/><F12/><W48/><G106/><AGARI ba="1,3" hai="1,6,8,25,30,35,36,39,74,78,80,96,101,106" machi="106" ten="30,12000,2" yaku="1,1,7,1,33,3,53,1" doraHai="134" doraHaiUra="28" who="2" fromWho="3" sc="235,0,255,0,225,153,255,-123" /><INIT seed="2,0,0,5,4,29" ten="235,255,378,132" oya="2" hai0="86,129,87,62,94,103,69,96,19,47,90,127,15" hai1="116,2,132,119,13,130,61,95,93,71,37,59,6" hai2="101,97,11,83,10,58,122,46,26,125,120,108,77" hai3="117,99,3,124,14,36,41,22,134,12,81,84,25"/><V8/><F125/><W112/><G3/><T105/><D127/><U9/><E71/><V106/><F108/><W32/><G117/><T7/><D129/><U40/><E95/><V65/><F46/><W109/><G124/><T98/><D7/><U114/><E93/><V107/><F107/><W78/><G109/><T16/><D19/><U75/><E13/><V92/><F106/><W60/><G134/><T88/><D47/><N who="1" m="23951" /><E114/><V57/><F26/><W5/><G112/><T80/><D98/><U73/><E73/><V70/><F70/><W66/><G99/><T72/><D72/><U48/><E48/><V76/><F76/><W0/><G41/><T33/><D33/><U68/><E68/><V34/><F83/><W113/><G36/><T85/><D85/><U79/><E130/><V64/><F77/><W38/><G38/><T50/><D50/><U35/><E35/><V43/><F34/><W102/><G102/><T51/><D51/><U49/><E49/><V91/><F43/><W121/><G121/><N who="2" m="46697" /><F101/><W110/><G110/><T53/><D69/><U133/><E119/><V23/><F23/><W1/><G113/><T74/><D74/><U89/><E116/><V24/><F24/><W28/><G14/><T126/><D126/><U44/><E44/><V123/><N who="2" m="46705" /><V21/><DORA hai="135" /><F21/><W20/><G20/><N who="0" m="11295" /><D62/><U54/><E133/><V4/><F4/><W82/><G81/><T17/><D17/><U100/><E132/><V42/><F42/><W27/><G27/><T115/><D115/><U63/><E100/><V128/><F128/><W18/><G5/><RYUUKYOKU ba="0,0" sc="235,10,255,-30,378,10,132,10" hai0="53,80,86,87,88,90,94,96,103,105" hai2="8,10,11,57,58,64,65,91,92,97" hai3="0,1,12,18,22,25,28,32,60,66,78,82,84" /><INIT seed="2,1,0,4,5,2" ten="245,225,388,142" oya="2" hai0="79,61,123,120,69,108,45,54,29,91,77,94,133" hai1="107,63,105,95,35,66,127,55,51,4,31,0,5" hai2="27,70,82,90,114,30,80,11,34,19,22,37,33" hai3="42,98,113,47,87,83,20,129,38,122,64,8,75"/><V67/><F114/><W28/><G113/><T1/><D1/><U121/><E0/><V109/><F37/><W131/><G122/><T74/><D29/><U92/><E121/><V97/><F109/><W81/><G64/><T96/><D79/><U85/><E127/><V117/><F117/><W13/><G98/><T24/><D133/><U39/><E39/><V18/><F70/><W119/><G119/><T40/><D108/><U89/><E95/><V124/><F67/><W9/><G9/><T104/><D104/><U17/><E17/><V110/><F110/><W10/><G10/><T15/><D24/><U14/><E31/><V134/><F134/><W100/><G100/><T78/><D78/><U41/><E41/><V56/><F56/><W132/><G132/><T76/><D76/><U48/><E35/><V59/><F59/><W128/><G75/><T36/><D15/><U3/><E3/><V68/><F11/><W101/><G101/><T58/><REACH who="0" step="1"/><D69/><REACH who="0" ten="235,225,388,142" step="2"/><U135/><E14/><N who="2" m="9559" /><F68/><W73/><G73/><T112/><D112/><U99/><E135/><V116/><F116/><W115/><G115/><T7/><D7/><N who="1" m="2635" /><E107/><V111/><F111/><W130/><G130/><T49/><D49/><N who="1" m="19019" /><E105/><V57/><F27/><W106/><G106/><T50/><D50/><U46/><E46/><V16/><F34/><W26/><G131/><T52/><D52/><U103/><E55/><V12/><F30/><W118/><G118/><T21/><D21/><U6/><N who="1" m="2643" /><U72/><DORA hai="43" /><E72/><V86/><F33/><N who="3" m="20631" /><G129/><T53/><D53/><U125/><E66/><V102/><F124/><RYUUKYOKU ba="1,1" sc="235,30,225,-10,388,-10,142,-10" hai0="36,40,45,54,58,61,74,77,91,94,96,120,123" /><INIT seed="3,2,1,0,4,106" ten="265,215,378,132" oya="3" hai0="16,129,77,86,51,81,62,113,0,3,38,28,110" hai1="123,14,122,116,92,63,126,65,35,66,128,10,64" hai2="46,120,61,79,67,88,49,78,94,98,13,87,24" hai3="93,91,33,20,57,118,124,31,43,84,90,22,58"/><W132/><G118/><T53/><D38/><U95/><E35/><V5/><F120/><W71/><G71/><T76/><D110/><U26/><E116/><V29/><F98/><W1/><G1/><T21/><D28/><U108/><E26/><V2/><F2/><W12/><G124/><T117/><D117/><U8/><E63/><V44/><F13/><W114/><G114/><T97/><D129/><U27/><E27/><V101/><F101/><W56/><G132/><T100/><D77/><U11/><E14/><V47/><F5/><W6/><G43/><T36/><D62/><U75/><E108/><V23/><REACH who="2" step="1"/><F49/><REACH who="2" ten="265,215,368,132" step="2"/><W32/><G6/><T19/><D36/><U102/><E102/><V133/><F133/><W17/><G31/><T99/><D113/><U50/><E50/><V107/><F107/><W103/><G103/><T52/><D99/><U40/><E123/><V42/><F42/><W69/><G69/><AGARI ba="2,2" hai="23,24,29,44,46,47,61,67,69,78,79,87,88,94" machi="69" ten="40,5200,0" yaku="1,1,54,1,53,1" doraHai="106" doraHaiUra="25" who="2" fromWho="3" sc="265,0,215,0,368,78,132,-58" /><INIT seed="4,0,0,3,4,73" ten="265,215,446,74" oya="0" hai0="15,64,31,9,13,28,18,19,81,77,32,72,115" hai1="118,71,58,51,90,12,110,113,59,2,68,126,87" hai2="98,109,133,5,61,60,92,11,6,128,127,117,84" hai3="97,135,130,45,122,89,66,78,93,24,85,56,21"/><T27/><D115/><U79/><E2/><V104/><F109/><W42/><G122/><T55/><D64/><U16/><E110/><V65/><F104/><W131/><G135/><T50/><D31/><U100/><E118/><V95/><F133/><W20/><G56/><T132/><D132/><U37/><E37/><V30/><F117/><W124/><G66/><T41/><D41/><U134/><E134/><V46/><F128/><W62/><G62/><T40/><D40/><U1/><E1/><V38/><F127/><W86/><G124/><T0/><D0/><U76/><E126/><V75/><F75/><W119/><G119/><T34/><D34/><U111/><E111/><V74/><F74/><W23/><G24/><T48/><REACH who="0" step="1"/><D55/><REACH who="0" ten="255,215,446,74" step="2"/><N who="1" m="32127" /><E113/><V8/><F65/><W67/><G67/><T120/><D120/><U43/><E43/><V94/><F30/><W44/><G131/><T114/><D114/><U112/><E112/><V106/><F38/><W4/><G130/><T47/><D47/><U102/><E59/><V69/><F46/><W53/><G53/><T39/><D39/><U125/><E125/><V7/><F69/><W116/><G116/><T3/><D3/><U29/><E29/><V35/><F35/><W25/><G44/><T57/><D57/><U103/><E71/><V33/><F33/><W17/><G45/><T129/><D129/><U10/><E68/><V123/><F123/><W22/><G42/><T121/><D121/><U70/><E70/><V96/><F106/><W105/><G105/><T63/><D63/><U14/><E14/><N who="2" m="5391" /><F60/><W82/><G4/><RYUUKYOKU ba="0,1" sc="255,10,215,10,446,-30,74,10" hai0="9,13,15,18,19,27,28,32,48,50,72,77,81" hai1="10,12,16,76,79,87,90,100,102,103" hai3="17,20,21,22,23,25,78,82,85,86,89,93,97" /><INIT seed="4,1,1,2,3,121" ten="265,225,416,84" oya="0" hai0="14,18,52,28,82,27,85,79,5,65,124,86,133" hai1="104,96,2,116,125,12,32,62,108,134,11,71,89" hai2="20,120,72,90,64,29,128,6,129,55,66,13,21" hai3="4,59,87,34,33,93,47,15,41,95,3,8,54"/><T30/><D133/><U123/><RYUUKYOKU type="yao9" ba="1,1" sc="265,0,225,0,416,0,84,0" hai1="2,11,12,32,62,71,89,96,104,108,116,123,125,134" /><INIT seed="4,2,1,1,5,84" ten="265,225,416,84" oya="0" hai0="12,11,79,65,114,112,22,83,128,77,9,53,119" hai1="70,46,50,126,48,68,27,123,75,41,19,111,33" hai2="90,98,108,54,39,122,133,91,28,125,121,124,105" hai3="29,37,57,31,102,103,135,42,67,94,97,24,72"/><T18/><D119/><U60/><E75/><V59/><F108/><W20/><G72/><T131/><D65/><U10/><E111/><V88/><F39/><W13/><G135/><T107/><D107/><U61/><E33/><V101/><F133/><W92/><G37/><T99/><D53/><U25/><E10/><N who="0" m="3593" /><D99/><U69/><E19/><V56/><F28/><W40/><G29/><T3/><D3/><U23/><E23/><V47/><F47/><W81/><G13/><T16/><D18/><U109/><E109/><V21/><F21/><W51/><G81/><T93/><D93/><U36/><E123/><V113/><F113/><N who="0" m="43626" /><D83/><U4/><E4/><V7/><F7/><W129/><G129/><AGARI ba="2,1" hai="12,16,22,77,79,128,129,131" m="43626,3593" machi="129" ten="30,5800,0" yaku="19,1,15,1,54,1" doraHai="84" who="0" fromWho="3" sc="265,74,225,0,416,0,84,-64" /><INIT seed="4,3,0,0,4,17" ten="339,225,416,20" oya="0" hai0="124,35,105,79,54,1,3,60,135,51,20,40,15" hai1="106,26,116,131,75,111,72,73,98,74,33,84,90" hai2="32,123,67,36,65,97,117,16,45,122,59,30,39" hai3="41,71,119,37,92,134,18,29,46,12,23,115,78"/><T126/><D35/><U83/><E33/><V118/><F30/><W104/><G104/><T110/><D105/><U101/><E26/><V31/><F31/><W21/><G119/><N who="2" m="45577" /><F32/><W34/><G71/><T14/><D135/><U125/><E116/><V112/><F112/><W132/><G115/><T127/><D110/><U129/><E111/><V77/><F77/><W2/><G2/><N who="0" m="523" /><D79/><N who="1" m="44519" /><E125/><V70/><F70/><W62/><G78/><T99/><D99/><U107/><E107/><V64/><F97/><W5/><G5/><T85/><D85/><U58/><E58/><V24/><F59/><W88/><G62/><T11/><D60/><U82/><AGARI ba="3,0" hai="73,74,75,82,84,90,98,101,106,129,131" m="44519" machi="82" ten="40,2700,0" yaku="34,2" doraHai="17" who="1" fromWho="1" sc="339,-16,225,36,416,-10,20,-10" /><INIT seed="5,0,0,0,4,78" ten="323,261,406,10" oya="1" hai0="121,93,73,128,11,80,104,55,89,74,95,87,45" hai1="125,39,114,97,134,132,72,103,79,30,60,53,33" hai2="67,102,122,31,98,133,113,69,52,38,66,124,106" hai3="135,28,27,127,46,12,81,48,82,8,109,108,110"/><U76/><E39/><V70/><F122/><W64/><G64/><T32/><D32/><U116/><E116/><V13/><F38/><W40/><G127/><T90/><D45/><U47/><E114/><V17/><F113/><W6/><REACH who="3" step="1"/><G135/><REACH who="3" ten="323,261,406,0" step="2"/><T19/><D121/><U18/><E125/><V130/><F133/><W111/><N who="3" m="27648" /><DORA hai="118" /><W22/><AGARI ba="0,1" hai="6,8,12,22,27,28,40,46,48,81,82" m="27648" machi="22" ten="60,16000,3" yaku="1,1,4,1,0,1,52,2,53,5" doraHai="78,118" doraHaiUra="123,4" who="3" fromWho="3" sc="323,-40,261,-80,406,-40,0,170" /><INIT seed="6,0,0,3,3,27" ten="283,181,366,170" oya="2" hai0="26,49,130,51,45,114,39,129,92,123,90,10,132" hai1="105,63,24,35,25,73,122,120,131,72,75,103,28" hai2="60,50,117,112,134,113,30,53,71,21,8,121,22" hai3="133,59,87,33,119,34,6,74,37,36,1,40,99"/><V111/><F117/><W69/><G119/><T80/><D123/><N who="1" m="47147" /><E131/><N who="0" m="50185" /><D80/><U83/><E24/><V95/><F121/><W16/><G69/><T96/><D114/><N who="2" m="44138" /><F134/><W98/><G74/><T61/><D132/><U11/><E11/><V127/><F127/><W101/><G133/><T102/><D61/><U0/><E0/><V135/><F135/><W20/><G99/><N who="0" m="57751" /><D10/><U82/><E63/><V3/><F111/><W46/><G37/><T44/><D26/><U97/><AGARI ba="0,0" hai="25,28,35,72,73,75,82,83,97,103,105" m="47147" machi="97" ten="40,2700,0" yaku="13,1,52,1" doraHai="27" who="1" fromWho="1" sc="283,-7,181,27,366,-13,170,-7" /><INIT seed="7,0,0,3,2,120" ten="276,208,353,163" oya="3" hai0="38,6,68,10,93,89,127,19,86,14,2,9,62" hai1="36,49,119,123,31,117,133,80,122,70,109,53,5" hai2="16,45,75,135,110,15,116,77,59,100,33,76,1" hai3="99,40,114,26,121,95,29,84,115,32,125,27,108"/><W128/><G121/><T11/><D38/><U48/><E36/><V85/><F116/><N who="1" m="44617" /><E70/><V42/><F1/><W112/><G125/><T57/><D68/><U102/><E133/><V39/><F75/><W23/><G128/><T103/><D103/><U17/><E31/><V111/><F135/><W58/><G40/><T8/><D127/><U3/><E49/><V64/><F33/><W79/><G58/><T96/><D96/><U132/><E132/><V67/><F100/><N who="3" m="60543" /><G84/><T60/><D60/><U52/><E53/><AGARI ba="0,0" hai="2,6,8,9,10,11,14,19,53,57,62,86,89,93" machi="53" ten="30,1000,0" yaku="7,1" doraHai="120" who="0" fromWho="1" sc="276,10,208,-10,353,0,163,0" owari="286,8.6,198,-20.2,353,45.3,163,-33.7" /></mjloggm>