<mjloggm ver="2.3"><GO type="169" lobby="0"/><UN n0="%E3%81%8B%E3%81%AA%E3%81%8D%E3%83%BC" n1="%E3%81%88%E3%81%99%E3%81%9F%E3%81%BE%E3%82%8B" n2="%E2%97%8E%E3%82%88%E3%81%97%E2%97%8E" n3="%76%76%73" dan="17,16,17,16" rate="2201.32,2229.19,2181.98,2084.15" sx="F,M,M,M"/><TAIKYOKU oya="0"/><INIT seed="0,0,0,0,4,47" ten="250,250,250,250" oya="0" hai0="133,79,120,67,112,124,95,99,116,131,27,97,76" hai1="111,107,103,135,87,20,10,89,105,50,32,92,130" hai2="109,51,83,57,39,85,14,63,60,68,125,12,69" hai3="21,2,22,26,77,24,110,114,23,35,18,108,129"/><T31/><D112/><U42/><E32/><V30/><F109/><N who="3" m="42091" /><G77/><T3/><D120/><U104/><E111/><V66/><F39/><W46/><G46/><T118/><D124/><U17/><E135/><V41/><F125/><W121/><G114/><T84/><D131/><U72/><E72/><V56/><F30/><N who="3" m="19911" /><G121/><T13/><D3/><U52/><E130/><V19/><F14/><W81/><G81/><T40/><D133/><U90/><E42/><V86/><F41/><W36/><G36/><T28/><D40/><U126/><E10/><V75/><F75/><W82/><G82/><T94/><D13/><U113/><E113/><V102/><F102/><W123/><G123/><T25/><REACH who="0" step="1"/><D84/><REACH who="0" ten="240,250,250,250" step="2"/><U54/><E126/><V73/><F85/><W132/><G129/><T91/><D91/><U127/><E127/><V34/><F73/><W15/><G132/><T55/><D55/><U70/><E90/><V45/><F86/><W16/><G2/><T134/><D134/><U117/><E54/><V62/><F12/><W49/><G15/><T43/><D43/><U37/><E37/><V0/><F0/><W5/><G5/><T44/><D44/><U93/><E87/><V122/><F45/><W48/><G26/><T33/><D33/><U1/><E1/><V78/><F34/><W38/><G38/><T6/><D6/><U128/><E128/><V64/><F122/><W88/><G88/><T29/><D29/><U96/><E89/><V71/><F78/><W59/><G59/><N who="2" m="22601" /><F71/><W11/><G11/><T115/><D115/><U106/><E70/><V80/><F69/><RYUUKYOKU ba="0,1" sc="240,15,250,-15,250,-15,250,15" hai0="25,27,28,31,67,76,79,94,95,97,99,116,118" hai3="16,18,21,22,23,48,49" /><INIT seed="0,1,1,0,2,13" ten="255,235,235,265" oya="0" hai0="95,55,101,111,20,28,108,53,132,50,121,71,87" hai1="123,94,59,106,90,125,72,99,57,104,100,127,32" hai2="29,69,0,4,88,24,34,84,6,47,91,89,14" hai3="124,97,25,15,39,109,31,30,105,93,82,92,61"/><T120/><D71/><U44/><E32/><V86/><F69/><W21/><G39/><T96/><D132/><U68/><E68/><V46/><F0/><W11/><G109/><N who="0" m="42059" /><D87/><U65/><E123/><N who="0" m="47177" /><D50/><U23/><E72/><V26/><F26/><AGARI ba="1,1" hai="20,26,28,53,55,95,96,101" m="47177,42059" machi="26" ten="30,2900,0" yaku="14,1,10,1" doraHai="13" who="0" fromWho="2" sc="255,42,235,0,235,-32,265,0" /><INIT seed="0,2,0,1,1,120" ten="297,235,203,265" oya="0" hai0="113,97,47,52,1,2,44,65,18,94,85,34,68" hai1="12,91,57,53,30,80,72,31,23,106,59,81,69" hai2="118,116,76,132,58,88,102,111,83,104,42,109,40" hai3="86,9,15,125,127,48,107,55,8,39,43,129,79"/><T112/><D34/><U131/><E69/><V28/><F132/><W50/><G107/><T62/><D85/><U89/><E106/><V99/><F28/><N who="1" m="10793" /><E72/><N who="2" m="43399" /><F58/><W14/><G129/><T73/><D73/><U63/><E131/><V95/><F42/><W3/><G3/><T134/><D134/><U67/><E81/><V26/><F26/><W22/><G39/><T92/><D18/><N who="1" m="10695" /><E80/><V98/><F40/><W29/><G79/><T122/><D122/><U54/><E54/><V36/><F36/><W130/><G130/><T51/><D44/><U64/><E64/><V41/><F41/><W33/><G86/><T96/><D94/><U61/><AGARI ba="2,0" hai="53,57,59,61,63,67,89,91" m="10695,10793" machi="61" ten="30,1100,0" yaku="8,1" doraHai="120" who="1" fromWho="1" sc="297,-7,235,17,203,-5,265,-5" /><INIT seed="1,0,0,5,2,121" ten="290,252,198,260" oya="1" hai0="72,0,21,84,60,45,35,24,93,127,126,19,120" hai1="117,65,131,79,53,14,40,22,54,20,97,66,38" hai2="13,81,37,85,18,59,41,25,87,124,6,47,92" hai3="68,123,129,12,90,134,58,33,71,122,42,83,98"/><U39/><E117/><V118/><F118/><W128/><G33/><T94/><D72/><U10/><E131/><N who="3" m="50250" /><G12/><T49/><D0/><U80/><E39/><V86/><F124/><N who="0" m="47658" /><D35/><U30/><E38/><V43/><F43/><W7/><G7/><T1/><D1/><U15/><E40/><V113/><F113/><W103/><G42/><N who="0" m="24759" /><D120/><N who="3" m="46121" /><G58/><T62/><D84/><N who="1" m="48159" /><E97/><V108/><F59/><W31/><G31/><T11/><D11/><U28/><E14/><V132/><F6/><W100/><G134/><T109/><D109/><U23/><E66/><V76/><F108/><W89/><G83/><T29/><D29/><N who="1" m="11371" /><E65/><V104/><F132/><W34/><G34/><T130/><D130/><U133/><E133/><V125/><F125/><W111/><G111/><T75/><D75/><U48/><E48/><V112/><F13/><W82/><G82/><T36/><D36/><U26/><E26/><V50/><F37/><W61/><G61/><AGARI ba="0,0" hai="19,21,24,60,61,62,93,94" m="24759,47658" machi="61" ten="30,1000,0" yaku="18,1" doraHai="121" who="0" fromWho="3" sc="290,10,252,0,198,0,260,-10" /><INIT seed="2,0,0,2,4,124" ten="300,252,198,250" oya="2" hai0="103,21,118,46,78,36,51,107,23,112,27,14,55" hai1="132,33,119,115,67,50,32,130,22,81,82,105,7" hai2="18,63,98,120,0,79,70,65,108,113,96,10,80" hai3="31,42,3,61,20,49,104,117,53,30,13,87,72"/><V58/><F120/><W37/><G117/><T26/><D112/><U109/><E115/><V128/><F113/><W76/><G72/><T91/><D78/><U135/><E119/><V8/><F108/><W6/><G104/><T93/><D36/><U75/><E109/><V71/><F0/><W114/><G114/><T2/><D2/><U129/><E105/><V77/><F77/><W56/><G3/><T59/><D14/><U34/><E7/><V41/><F41/><W122/><G37/><T94/><D107/><U99/><E99/><V131/><F96/><W45/><G122/><T100/><D94/><U39/><E39/><V17/><F98/><W125/><G125/><T4/><D46/><U5/><E5/><V88/><F88/><W116/><G116/><T11/><D11/><N who="2" m="4138" /><F71/><W68/><G68/><T52/><D55/><U62/><E50/><V57/><F57/><W95/><G6/><T69/><D69/><N who="1" m="42231" /><E22/><N who="0" m="8201" /><D4/><U64/><E64/><V86/><F70/><W101/><G76/><T25/><D118/><U85/><E75/><V29/><F29/><W102/><G31/><T90/><D90/><N who="1" m="51503" /><E82/><V73/><F73/><W134/><G30/><T111/><D111/><U12/><E12/><V48/><F48/><W35/><G13/><T123/><D123/><U83/><E83/><V60/><F60/><W106/><G61/><T97/><AGARI ba="0,0" hai="25,26,27,51,52,59,91,93,97,100,103" m="8201" machi="97" ten="30,2000,0" yaku="8,1,54,1" doraHai="124" who="0" fromWho="0" sc="300,20,252,-5,198,-10,250,-5" /><INIT seed="3,0,0,3,0,96" ten="320,247,188,245" oya="3" hai0="73,76,61,86,79,27,100,115,53,68,22,108,21" hai1="132,117,48,106,104,97,25,72,10,128,74,57,85" hai2="52,62,131,16,37,109,60,101,88,50,14,32,15" hai3="11,119,66,31,35,6,17,19,99,110,122,55,90"/><W45/><G119/><T87/><D108/><U112/><E112/><V118/><F118/><W33/><G122/><T120/><D120/><U28/><E117/><V36/><F109/><W113/><G113/><T18/><D73/><U70/><E70/><V47/><F32/><W8/><G110/><T91/><D68/><U4/><E132/><V98/><F131/><W78/><G78/><T12/><D100/><U71/><E71/><V49/><F88/><W134/><G134/><T95/><D87/><U126/><E128/><V81/><F81/><W83/><G66/><T56/><REACH who="0" step="1"/><D115/><REACH who="0" ten="310,247,188,245" step="2"/><U121/><E74/><V116/><F116/><W93/><G83/><T20/><D20/><U92/><E72/><V34/><F34/><W29/><G35/><T84/><D84/><U2/><E85/><V30/><F36/><W41/><G33/><T107/><D107/><U58/><E106/><V0/><F37/><W1/><G11/><T75/><D75/><U39/><E104/><V67/><F101/><W127/><G127/><T133/><D133/><U65/><E39/><V7/><F98/><W44/><G41/><T46/><D46/><U69/><E126/><V5/><F47/><W23/><G44/><T59/><D59/><U63/><E121/><V42/><F42/><W130/><G130/><T54/><D54/><N who="1" m="31943" /><E69/><V135/><F135/><W123/><G123/><T40/><D40/><U26/><E97/><V82/><F52/><W124/><G124/><T51/><D51/><U102/><E102/><V89/><F50/><N who="3" m="29135" /><G23/><T129/><D129/><U43/><E43/><V38/><F38/><RYUUKYOKU ba="0,1" sc="310,15,247,-15,188,-15,245,15" hai0="12,18,21,22,27,53,56,61,76,79,86,91,95" hai3="1,6,8,17,19,29,31,90,93,99" /><INIT seed="3,1,1,3,4,49" ten="325,232,173,260" oya="3" hai0="68,100,39,128,47,120,74,90,73,133,36,89,63" hai1="99,115,50,95,4,110,28,64,33,87,19,81,45" hai2="53,114,24,86,38,43,22,18,14,25,0,84,66" hai3="37,118,7,111,79,117,76,15,105,130,41,31,30"/><W12/><G105/><T3/><D3/><U44/><E115/><V125/><F114/><W56/><G37/><T101/><D120/><U11/><E110/><V27/><F0/><W119/><G41/><T91/><D128/><U61/><E19/><V23/><F125/><W85/><G130/><T97/><D133/><U42/><E45/><V48/><F66/><W108/><G56/><T92/><D101/><U6/><E33/><V127/><F127/><W70/><G70/><T77/><D47/><U52/><E28/><N who="3" m="10794" /><G85/><N who="2" m="32873" /><F43/><W20/><G20/><T9/><D9/><U80/><E42/><V88/><F38/><W5/><G15/><T54/><D68/><U57/><E11/><N who="2" m="6495" /><F88/><W26/><G12/><T17/><D74/><U62/><E61/><V1/><F1/><W51/><G51/><T94/><D63/><U134/><E134/><V65/><F65/><W10/><G26/><N who="2" m="6657" /><V103/><DORA hai="35" /><F103/><W2/><G5/><N who="1" m="2154" /><E87/><V75/><F75/><W104/><G104/><T131/><D73/><U67/><E64/><V21/><F21/><W116/><G116/><T132/><D132/><U113/><E113/><V122/><F122/><W13/><G2/><T135/><D135/><U83/><E83/><V129/><F129/><W58/><G111/><T60/><D131/><U78/><E78/><N who="3" m="29738" /><G108/><T32/><D32/><U98/><E98/><V109/><F109/><W29/><G29/><T96/><D39/><U123/><E123/><V112/><F112/><W34/><G34/><T8/><D36/><U82/><E82/><V124/><F124/><W93/><G93/><T126/><D126/><RYUUKYOKU ba="1,1" sc="325,-30,232,10,173,10,260,10" hai1="44,50,52,57,62,67,80,81,95,99" hai2="22,23,48,53" hai3="7,10,13,58,117,118,119" /><INIT seed="3,2,1,4,4,22" ten="295,242,183,270" oya="3" hai0="11,96,116,93,9,4,31,89,129,19,78,81,101" hai1="36,127,135,12,40,23,60,77,128,59,119,98,39" hai2="53,80,41,6,71,121,43,72,25,97,0,5,92" hai3="73,106,69,37,63,61,108,24,100,84,75,132,105"/><W117/><G117/><T110/><D116/><U57/><E119/><V29/><F121/><W115/><G115/><T48/><D110/><U52/><E135/><V16/><F71/><W26/><G37/><T118/><D129/><U17/><E128/><V103/><F53/><W111/><G84/><T32/><D101/><U88/><E127/><V90/><F0/><W124/><G132/><T109/><D109/><N who="3" m="42057" /><G124/><T95/><D95/><U114/><E114/><V33/><F6/><W34/><G34/><T66/><D66/><U67/><E77/><V125/><F5/><W76/><G76/><T15/><D48/><U65/><E40/><V102/><F125/><W82/><G82/><T50/><D50/><U87/><E98/><V13/><F72/><N who="3" m="27723" /><G69/><T38/><D38/><U126/><E126/><V10/><REACH who="2" step="1"/><F80/><REACH who="2" ten="295,242,173,270" step="2"/><W27/><G100/><AGARI ba="2,2" hai="10,13,16,25,29,33,41,43,90,92,97,100,102,103" machi="100" ten="40,8000,1" yaku="1,1,2,1,52,1,54,1,53,0" doraHai="22" doraHaiUra="74" who="2" fromWho="3" sc="295,0,242,0,173,106,270,-86" /><INIT seed="4,0,0,4,1,39" ten="295,242,279,184" oya="0" hai0="49,10,4,85,107,5,6,103,101,114,113,21,88" hai1="0,131,48,55,124,32,58,81,43,75,33,12,44" hai2="134,31,96,119,70,99,61,65,89,50,40,78,60" hai3="82,121,3,122,84,108,129,90,130,83,105,22,77"/><T47/><D10/><U27/><E131/><N who="3" m="50186" /><G22/><T63/><D63/><U106/><E124/><V110/><F134/><W37/><G3/><T15/><D15/><U59/><E0/><V118/><F110/><W19/><G19/><T69/><D21/><U72/><E106/><V127/><F127/><W64/><G37/><T92/><D69/><U74/><E12/><V8/><F78/><W13/><G13/><T9/><D9/><U135/><E135/><V68/><F8/><W115/><G64/><T42/><REACH who="0" step="1"/><D107/><REACH who="0" ten="285,242,279,184" step="2"/><U45/><E33/><V116/><F70/><W128/><G128/><T29/><D29/><U86/><E32/><V66/><F31/><W41/><G105/><T93/><D93/><U25/><E25/><V67/><F68/><W112/><G108/><T53/><D53/><U95/><E95/><V62/><F89/><W73/><G41/><T18/><D18/><U132/><E27/><V57/><F40/><W1/><G1/><T109/><D109/><U7/><E132/><V123/><F123/><AGARI ba="0,1" hai="73,77,82,83,84,90,112,115,121,122,123" m="50186" machi="123" ten="30,7700,0" yaku="13,1,19,1,34,2" doraHai="39" who="3" fromWho="2" sc="285,0,242,0,279,-77,184,87" /><INIT seed="5,0,0,4,0,97" ten="285,242,202,271" oya="1" hai0="0,35,121,117,6,2,49,82,13,45,135,130,59" hai1="77,15,124,63,87,44,29,9,73,25,110,1,18" hai2="46,16,113,114,83,43,21,125,108,106,20,71,50" hai3="52,70,105,88,107,14,32,69,30,128,28,81,74"/><U104/><E124/><V53/><F125/><W76/><G128/><T37/><D117/><U129/><E129/><V90/><F108/><W56/><G107/><T118/><D118/><U57/><E110/><V112/><F71/><W94/><G105/><T109/><D35/><U64/><E73/><V111/><F111/><W10/><G70/><T86/><D135/><U127/><E127/><V134/><F134/><W95/><G95/><T11/><D121/><U99/><E1/><V100/><F43/><W34/><G32/><T115/><D115/><U126/><E126/><V12/><F106/><W122/><G69/><T54/><D130/><U62/><E62/><V5/><F5/><W4/><G34/><T36/><D109/><U58/><E44/><V7/><F7/><W65/><G65/><T17/><D59/><U48/><E48/><V42/><F100/><W40/><G40/><T98/><D98/><U120/><E58/><V67/><F67/><W75/><G75/><T78/><D0/><U41/><E41/><V60/><F60/><W72/><G72/><T66/><D66/><U123/><E87/><N who="2" m="50559" /><F42/><W47/><G47/><T103/><D103/><N who="1" m="62591" /><E77/><V133/><F133/><W55/><G122/><T102/><D102/><U8/><E123/><V23/><AGARI ba="0,0" hai="12,16,20,21,23,46,50,53,112,113,114" m="50559" machi="23" ten="40,5200,0" yaku="15,1,11,1,54,1" doraHai="97" who="2" fromWho="2" sc="285,-13,242,-26,202,52,271,-13" /><INIT seed="6,0,0,2,1,101" ten="272,216,254,258" oya="2" hai0="110,31,27,45,34,28,19,82,44,132,135,87,35" hai1="9,91,54,55,123,116,22,84,30,59,57,119,88" hai2="121,50,96,17,16,12,0,41,93,125,7,76,102" hai3="103,63,71,99,105,70,109,92,13,52,42,115,60"/><V49/><F121/><W98/><G109/><T14/><D110/><U25/><E123/><V4/><F125/><W36/><G115/><T120/><D120/><U81/><E9/><N who="2" m="6159" /><F0/><W58/><G63/><T48/><D31/><U47/><E47/><N who="2" m="25839" /><F76/><W85/><G85/><T39/><D34/><U32/><E32/><V100/><F100/><W26/><G26/><T95/><D95/><U69/><E69/><V65/><F65/><W11/><G42/><T86/><D45/><U24/><E24/><V6/><F17/><W113/><G36/><T68/><D68/><U33/><E33/><V114/><F114/><W126/><G126/><T97/><D39/><U108/><E108/><V89/><F102/><W104/><G113/><T64/><D64/><U106/><E106/><V117/><F117/><W2/><G2/><T53/><D97/><U124/><E91/><V133/><F133/><N who="0" m="51274" /><D82/><U21/><E21/><AGARI ba="0,0" hai="14,19,21,27,28,35,44,48,53,86,87" m="51274" machi="21" ten="30,1000,0" yaku="20,1" doraHai="101" who="0" fromWho="1" sc="272,10,216,-10,254,0,258,0" /><INIT seed="7,0,0,4,1,17" ten="282,206,254,258" oya="3" hai0="76,108,52,60,70,34,95,93,128,89,57,106,102" hai1="71,83,119,78,135,26,44,10,56,100,72,82,59" hai2="121,33,13,4,23,6,63,37,51,85,35,118,0" hai3="64,7,92,68,18,65,22,55,104,84,41,30,48"/><W42/><G104/><T133/><D108/><U27/><E71/><V36/><F118/><W61/><G7/><T29/><D128/><U1/><E135/><V90/><F121/><W16/><G65/><T14/><D76/><U132/><E132/><V69/><F69/><W107/><G107/><T24/><D133/><U117/><E100/><V129/><F129/><W98/><G84/><T3/><D3/><U124/><E124/><V46/><F63/><W96/><G30/><T87/><D14/><U116/><E83/><V43/><F4/><W58/><G18/><T53/><D70/><U47/><E59/><V45/><F0/><W20/><G20/><N who="0" m="15495" /><D106/><U12/><E1/><V19/><F6/><W122/><G122/><T112/><D112/><U123/><E123/><V2/><F2/><W67/><G67/><N who="0" m="39311" /><D34/><U94/><E27/><V66/><F66/><W49/><G49/><T99/><AGARI ba="0,0" hai="52,53,87,89,93,95,99,102" m="39311,15495" machi="99" ten="30,7900,0" yaku="25,1,8,1,52,1,54,1" doraHai="17" who="0" fromWho="0" sc="282,79,206,-20,254,-20,258,-39" owari="361,46.1,186,-31.4,234,3.4,219,-18.1" /></mjloggm>