<mjloggm ver="2.3"><GO type="169" lobby="0"/><UN n0="%E3%81%A1%E3%82%83%E3%82%8B%E3%82%81%E3%82%89" n1="%E7%94%9F%E4%BD%93%E3%81%AE%E6%A7%8B%E9%80%A0%31" n2="%E6%95%97%E5%8C%97%E8%80%85%E3%81%AD%E3%82%8B" n3="%73%69%65%72%61%34%30%31" dan="17,17,17,17" rate="2218.93,2170.28,2165.84,2227.98" sx="M,M,F,F"/><TAIKYOKU oya="0"/><INIT seed="0,0,0,3,4,42" ten="250,250,250,250" oya="0" hai0="116,87,24,120,9,60,67,79,85,2,56,118,110" hai1="63,12,21,66,16,58,108,55,121,128,75,61,80" hai2="105,17,33,53,102,22,107,14,52,93,36,119,125" hai3="114,11,39,124,45,109,27,0,129,101,71,23,38"/><T103/><D120/><U3/><E121/><V98/><F36/><W65/><G114/><T97/><D110/><U81/><E108/><V46/><F125/><W131/><G109/><T31/><D2/><U112/><E112/><V30/><F119/><W82/><G101/><T18/><D118/><U96/><E128/><V37/><F53/><W92/><G92/><T117/><D117/><U20/><E3/><V76/><F76/><W127/><G82/><T29/><D116/><U68/><E75/><V8/><F33/><W100/><G100/><T99/><D99/><U69/><E69/><V34/><F34/><W50/><G11/><T130/><D130/><N who="3" m="49673" /><G0/><T64/><D64/><U54/><E96/><V132/><F132/><W32/><G32/><T25/><D25/><U1/><E1/><V47/><F37/><N who="3" m="13835" /><G23/><T123/><D123/><U133/><E133/><V91/><F107/><W48/><G27/><T115/><D115/><U74/><E74/><V26/><REACH who="2" step="1"/><F52/><REACH who="2" ten="250,250,240,250" step="2"/><N who="3" m="29711" /><G50/><T111/><D111/><U19/><REACH who="1" step="1"/><E55/><REACH who="1" ten="250,240,240,250" step="2"/><V4/><F4/><W106/><G106/><N who="0" m="63855" /><D31/><U90/><E90/><V51/><F51/><W95/><G95/><T49/><D49/><U43/><E43/><V84/><AGARI ba="0,2" hai="8,14,17,22,26,30,46,47,84,91,93,98,102,105" machi="84" ten="20,12000,2" yaku="1,1,0,1,7,1,52,2,53,1" doraHai="42" doraHaiUra="88" who="2" fromWho="2" sc="250,-60,240,-30,240,140,250,-30" /><INIT seed="1,0,0,4,1,116" ten="190,210,380,220" oya="1" hai0="92,25,32,123,83,47,107,75,131,125,93,11,102" hai1="68,67,27,19,109,18,51,21,98,76,60,78,115" hai2="133,20,74,90,53,122,1,118,55,48,46,14,96" hai3="66,63,54,97,132,39,41,15,84,100,108,35,65"/><U26/><E115/><V69/><F118/><W49/><G35/><T43/><D125/><U8/><E109/><V24/><F1/><W95/><G108/><T135/><D131/><U0/><E0/><V29/><F69/><W64/><G132/><T111/><D111/><U126/><E126/><V82/><F133/><W124/><G124/><T52/><D135/><U94/><E51/><V104/><F122/><W9/><G41/><T7/><D123/><U56/><E68/><V4/><F74/><W45/><G39/><T38/><D52/><U89/><REACH who="1" step="1"/><E8/><REACH who="1" ten="190,200,380,220" step="2"/><N who="2" m="4359" /><F104/><W129/><G129/><T105/><D25/><U28/><E28/><V50/><F50/><W103/><G63/><T23/><D32/><U34/><E34/><V6/><F6/><BYE who="0" /><W79/><G9/><T33/><D33/><U36/><E36/><V2/><F2/><W101/><G15/><T5/><D5/><U81/><E81/><AGARI ba="0,1" hai="45,49,54,64,65,66,79,81,84,95,97,100,101,103" machi="81" ten="40,1300,0" yaku="8,1" doraHai="116" who="3" fromWho="1" sc="190,0,200,-13,380,0,220,23" /><INIT seed="2,0,0,1,0,1" ten="190,187,380,243" oya="2" hai0="86,55,41,26,64,109,105,27,113,80,53,39,21" hai1="121,114,2,120,125,83,117,111,24,131,34,18,96" hai2="60,72,130,47,43,110,17,112,107,73,38,9,4" hai3="15,119,71,44,76,104,28,133,101,108,63,62,70"/><V61/><F112/><UN n0="%E3%81%A1%E3%82%83%E3%82%8B%E3%82%81%E3%82%89" /><W95/><G119/><T68/><D105/><U31/><E114/><V45/><F107/><W99/><G108/><T65/><D109/><U87/><E117/><V5/><F130/><W0/><G0/><T29/><D113/><U12/><E111/><V94/><F110/><W57/><G133/><T106/><D106/><U58/><E2/><V20/><F47/><W129/><G129/><T23/><D41/><U124/><E131/><V79/><F94/><W19/><G76/><T10/><D10/><U88/><E58/><V118/><F118/><W46/><G28/><T93/><D93/><U135/><E96/><V11/><F79/><W134/><G134/><T30/><D39/><U75/><E75/><V32/><F32/><W123/><G123/><T49/><D68/><U6/><E6/><V97/><F97/><W7/><G71/><T85/><REACH who="0" step="1"/><D49/><REACH who="0" ten="180,187,380,243" step="2"/><U126/><REACH who="1" step="1"/><E135/><REACH who="1" ten="180,177,380,243" step="2"/><V54/><F73/><W50/><G70/><T25/><D25/><U128/><E128/><V92/><F72/><W66/><G104/><T56/><D56/><U35/><E35/><V8/><F45/><W77/><G46/><T40/><D40/><U89/><E89/><V82/><F43/><W16/><G44/><T48/><D48/><U116/><E116/><V51/><F51/><W52/><G50/><T67/><D67/><U90/><E90/><V74/><F38/><W102/><G66/><T36/><D36/><U91/><E91/><V3/><F3/><W33/><G57/><T13/><D13/><U100/><E100/><V14/><F14/><W122/><G15/><RYUUKYOKU ba="0,2" sc="180,15,177,15,380,-15,243,-15" hai0="21,23,26,27,29,30,53,55,64,65,80,85,86" hai1="12,18,24,31,34,83,87,88,120,121,124,125,126" /><INIT seed="3,1,2,0,5,70" ten="195,192,365,228" oya="3" hai0="120,21,114,85,56,64,48,107,39,19,105,9,68" hai1="31,38,10,108,63,122,103,61,44,72,58,75,133" hai2="49,91,18,98,28,24,47,7,41,106,127,118,12" hai3="111,109,123,94,42,23,36,124,132,25,37,40,59"/><W60/><G94/><T130/><D120/><U86/><E122/><V4/><F118/><W53/><G123/><T100/><D68/><U54/><E108/><N who="3" m="41546" /><G124/><T115/><D39/><N who="3" m="14921" /><G132/><T22/><D130/><U110/><E110/><V112/><F127/><W27/><G27/><T2/><D85/><U43/><E86/><V117/><F117/><W89/><G89/><T119/><D119/><U11/><E103/><V88/><F106/><W16/><AGARI ba="1,2" hai="16,23,25,40,42,53,59,60" m="14921,41546" machi="16" ten="30,18000,2" yaku="14,1,10,1,52,3,54,1" doraHai="70" who="3" fromWho="3" sc="195,-61,192,-61,365,-61,228,203" /><INIT seed="3,2,0,2,5,4" ten="134,131,304,431" oya="3" hai0="127,84,59,86,83,65,71,125,1,50,37,134,131" hai1="20,12,55,2,17,87,51,120,48,45,79,75,119" hai2="24,36,28,46,29,53,105,82,85,93,77,116,97" hai3="123,114,81,104,135,88,109,58,41,68,11,35,76"/><W43/><G114/><T44/><D131/><U33/><E120/><V90/><F116/><W23/><G68/><T52/><D1/><U133/><E75/><V117/><F117/><W69/><G69/><T16/><D134/><U3/><E119/><V6/><F105/><W72/><G35/><T98/><D98/><U10/><E133/><V130/><F130/><W106/><G123/><T66/><D71/><U63/><E33/><V40/><F24/><W78/><G135/><T18/><D86/><U9/><E63/><V0/><REACH who="2" step="1"/><F53/><REACH who="2" ten="134,131,294,431" step="2"/><W118/><G106/><T26/><D66/><U121/><E121/><V103/><F103/><W57/><G104/><T74/><D65/><U21/><E2/><V14/><F14/><W64/><G118/><T49/><D26/><U92/><E3/><V126/><F126/><W34/><G64/><T42/><D127/><U30/><E30/><V111/><F111/><W22/><G109/><T39/><D125/><U31/><E31/><V110/><F110/><W96/><G34/><T25/><D25/><U32/><E32/><V61/><F61/><W47/><G43/><T56/><D52/><U115/><E115/><V122/><F122/><W132/><G41/><T38/><D42/><U80/><E55/><V54/><F54/><W94/><G132/><T15/><D15/><U7/><E12/><V67/><F67/><W101/><G101/><T128/><D128/><U8/><E45/><V124/><F124/><W60/><G47/><T70/><D44/><U62/><E62/><V100/><F100/><W112/><G60/><T107/><D70/><RYUUKYOKU ba="2,1" sc="134,-10,131,-10,294,30,431,-10" hai2="0,6,28,29,36,40,46,77,82,85,90,93,97" /><INIT seed="4,3,1,1,3,16" ten="124,121,324,421" oya="0" hai0="2,67,35,63,4,129,68,82,73,61,48,104,84" hai1="74,95,105,38,17,18,77,109,80,36,27,45,78" hai2="40,7,132,72,47,119,32,21,107,60,12,3,28" hai3="85,121,46,103,90,93,42,115,19,117,110,81,69"/><T5/><D129/><U44/><E109/><V33/><F107/><W127/><G110/><T50/><D104/><U133/><E105/><V87/><F72/><W25/><G117/><T99/><D73/><U6/><E133/><V91/><F132/><W114/><G69/><T122/><D35/><U101/><E6/><V92/><F119/><W71/><G71/><T9/><D5/><U43/><E78/><V116/><F116/><W49/><G127/><T113/><D113/><N who="3" m="43017" /><G121/><T15/><D99/><U100/><E95/><V58/><F3/><W88/><G103/><T24/><D24/><U14/><E27/><V55/><F7/><W1/><G1/><T20/><D61/><U102/><REACH who="1" step="1"/><E14/><REACH who="1" ten="124,111,324,421" step="2"/><V120/><F120/><W41/><G25/><T57/><D122/><U65/><E65/><V79/><F79/><W130/><G93/><T106/><D106/><U0/><E0/><V34/><F12/><W131/><G130/><T96/><D2/><U126/><E126/><V134/><F134/><W59/><G81/><T111/><D111/><U22/><E22/><V51/><F21/><W112/><G131/><T66/><D20/><U26/><E26/><V83/><F92/><W86/><G112/><T39/><D96/><U97/><E97/><V53/><F28/><W56/><G19/><T123/><D123/><U89/><E89/><V128/><F128/><W98/><G98/><T125/><D125/><U118/><E118/><V23/><F23/><W76/><G76/><N who="0" m="46151" /><D39/><U13/><E13/><V10/><F10/><W30/><G30/><T11/><D9/><U8/><E8/><RYUUKYOKU ba="3,2" sc="124,10,111,10,324,10,421,-30" hai0="4,11,15,48,50,57,63,66,67,68" hai1="17,18,36,38,43,44,45,74,77,80,100,101,102" hai2="32,33,34,40,47,51,53,55,58,60,83,87,91" /><INIT seed="4,4,2,3,5,91" ten="134,121,334,391" oya="0" hai0="10,41,120,22,113,26,69,109,82,51,30,8,34" hai1="116,105,135,61,121,23,19,103,11,28,42,3,39" hai2="66,98,124,70,40,126,84,100,20,78,97,6,32" hai3="14,114,77,129,0,87,92,60,134,21,118,88,132"/><T47/><D120/><U63/><E116/><V33/><F40/><W119/><G0/><T49/><D113/><U59/><E121/><V62/><F6/><W133/><G129/><T7/><D69/><U74/><E74/><V65/><F20/><W58/><G114/><T50/><D109/><U73/><E73/><V111/><F111/><W2/><G2/><T12/><D34/><U85/><E135/><V1/><F1/><W102/><G77/><T75/><REACH who="0" step="1"/><D10/><REACH who="0" ten="124,121,334,391" step="2"/><U44/><E11/><V107/><F32/><W71/><G71/><T38/><D38/><U53/><E39/><V95/><F33/><W130/><G130/><T127/><D127/><U115/><E115/><V17/><F124/><W94/><G118/><T67/><D67/><U24/><E28/><V108/><F65/><W9/><G119/><T52/><D52/><U16/><E53/><V101/><F108/><W112/><G112/><T43/><D43/><U106/><E42/><V89/><F126/><W93/><G21/><T56/><D56/><U83/><E59/><V54/><F54/><N who="3" m="33879" /><G102/><T5/><D5/><AGARI ba="4,3" hai="5,9,14,87,88,92,93,94,132,133,134" m="33879" machi="5" ten="30,8000,1" yaku="20,1,52,3,54,1" doraHai="91" who="3" fromWho="0" sc="124,-92,121,0,334,0,391,122" /><INIT seed="5,0,0,2,2,94" ten="32,121,334,513" oya="1" hai0="65,109,118,135,72,87,40,2,48,42,84,47,0" hai1="22,99,52,83,97,134,103,73,131,133,112,26,24" hai2="63,60,23,93,124,115,68,98,59,69,27,89,30" hai3="114,50,58,81,29,96,75,57,16,3,79,53,9"/><U6/><E112/><V33/><F124/><W100/><G114/><T107/><D109/><U117/><E117/><V15/><F115/><W18/><G29/><T132/><D72/><U10/><E131/><V36/><F36/><W8/><G58/><T123/><D118/><U74/><E83/><V4/><F63/><W38/><G38/><T34/><D34/><U130/><E130/><V11/><REACH who="2" step="1"/><F33/><REACH who="2" ten="32,121,324,513" step="2"/><W106/><G3/><T66/><D123/><U105/><E134/><V85/><F85/><W111/><G111/><T82/><D48/><U119/><E74/><V28/><F28/><W101/><G50/><T80/><REACH who="0" step="1"/><D107/><REACH who="0" ten="22,121,324,513" step="2"/><U76/><E119/><V14/><F14/><W91/><G106/><T120/><D120/><U51/><E73/><V92/><F92/><W44/><G75/><T61/><D61/><U78/><E51/><V129/><F129/><W108/><G108/><T127/><D127/><U70/><E105/><V110/><F110/><W35/><G35/><T67/><D67/><AGARI ba="0,2" hai="4,11,15,23,27,30,59,60,67,68,69,89,93,98" machi="67" ten="30,3900,0" yaku="1,1,7,1,52,1,53,0" doraHai="94" doraHaiUra="13" who="2" fromWho="0" sc="22,-39,121,0,324,59,513,0" owari="-17,-51.7,121,-27.9,383,18.3,513,61.3" /></mjloggm>