<mjloggm ver="2.3"><GO type="169" lobby="0"/><UN n0="%73%61%69%63%68%61%6E%7A" n1="%E5%A4%8F%E3%81%AA%E3%81%AE%E3%81%AB" n2="%6F%6B%61%62%65%73%68%69" n3="%E3%82%BF%E3%83%9E%E3%83%8D%E3%82%AE" dan="17,16,17,18" rate="2135.93,2094.79,2187.16,2284.63" sx="M,M,M,M"/><TAIKYOKU oya="0"/><INIT seed="0,0,0,5,4,49" ten="250,250,250,250" oya="0" hai0="65,15,94,4,93,0,118,117,79,123,9,74,134" hai1="54,62,17,97,1,43,52,30,95,68,6,31,27" hai2="55,47,10,119,24,91,32,98,107,23,67,109,133" hai3="45,35,75,108,71,21,116,46,66,104,82,38,37"/><T26/><D123/><U73/><E73/><V29/><F119/><W19/><G35/><T69/><D134/><U121/><E121/><V58/><F133/><W33/><G33/><T114/><D114/><U72/><E72/><V14/><F109/><W51/><G104/><T122/><D122/><U100/><E43/><V127/><F127/><W130/><G116/><T20/><D117/><U63/><E1/><V34/><F67/><W57/><G71/><T3/><D118/><U42/><E42/><V11/><F47/><W90/><G108/><T60/><D79/><U106/><E6/><V126/><F10/><W13/><G130/><T111/><D74/><U12/><E106/><V56/><F56/><W36/><G66/><T22/><D111/><U110/><E110/><V101/><F91/><W41/><G57/><T135/><D135/><U64/><E63/><V2/><F2/><W80/><G80/><T8/><D3/><U40/><E40/><V78/><F78/><W113/><G113/><T77/><D77/><U85/><E85/><V112/><F126/><W59/><G59/><T115/><D115/><U88/><E100/><V70/><F70/><W83/><G75/><T5/><REACH who="0" step="1"/><D20/><REACH who="0" ten="240,250,250,250" step="2"/><U96/><E96/><V132/><F132/><W28/><G21/><T102/><D102/><U81/><E81/><V124/><F112/><W84/><G82/><T18/><AGARI ba="0,1" hai="0,4,5,8,9,15,18,22,26,60,65,69,93,94" machi="18" ten="20,12000,1" yaku="1,1,0,1,7,1,53,2" doraHai="49" doraHaiUra="7" who="0" fromWho="0" sc="240,130,250,-40,250,-40,250,-40" /><INIT seed="0,1,0,5,0,40" ten="370,210,210,210" oya="0" hai0="50,49,115,81,83,7,11,20,51,19,62,89,98" hai1="57,14,110,16,23,103,78,72,130,34,92,120,63" hai2="69,107,121,126,67,105,84,37,38,117,45,96,99" hai3="128,5,9,119,93,36,87,25,6,74,100,41,132"/><T134/><D115/><U18/><E120/><V66/><F84/><W3/><G119/><T42/><D134/><U54/><E34/><V125/><F69/><W111/><G74/><T129/><D129/><U10/><E110/><V0/><F0/><W4/><G128/><T32/><D32/><U86/><E72/><V60/><F60/><W58/><G111/><T65/><D42/><U127/><E127/><V30/><F30/><W91/><G132/><T24/><D98/><U52/><E130/><V13/><F13/><W116/><G116/><T85/><D83/><U2/><E2/><V35/><F35/><W15/><G100/><T46/><D46/><U31/><E31/><V108/><F108/><W70/><G70/><T12/><REACH who="0" step="1"/><D49/><REACH who="0" ten="360,210,210,210" step="2"/><U118/><E118/><V76/><F117/><W77/><G41/><T131/><D131/><U135/><E135/><V17/><F45/><W55/><G36/><T39/><D39/><U64/><E103/><V112/><F112/><W122/><G122/><T101/><D101/><U102/><E102/><V22/><F121/><W53/><G3/><T109/><D109/><U90/><REACH who="1" step="1"/><E78/><REACH who="1" ten="360,200,210,210" step="2"/><V44/><F76/><W123/><G77/><T48/><D48/><U26/><AGARI ba="1,2" hai="10,14,16,18,23,26,52,54,57,63,64,86,90,92" machi="26" ten="20,12000,2" yaku="1,1,2,1,0,1,7,1,8,1,54,2,53,0" doraHai="40" doraHaiUra="27" who="1" fromWho="1" sc="360,-61,200,143,210,-31,210,-31" /><INIT seed="1,0,0,4,4,43" ten="299,343,179,179" oya="1" hai0="121,130,13,70,79,77,99,28,120,135,89,88,55" hai1="50,87,72,95,75,37,101,80,35,127,0,39,93" hai2="63,98,116,122,107,34,47,17,45,26,4,117,6" hai3="78,7,22,128,124,60,129,132,12,27,110,123,102"/><U82/><E35/><V90/><F122/><N who="0" m="47210" /><D70/><U131/><E0/><V118/><F63/><W46/><G123/><T49/><D130/><N who="3" m="50281" /><G110/><T44/><D135/><U9/><E131/><V53/><F53/><W94/><G132/><T36/><D28/><U41/><E9/><V23/><F34/><W40/><G78/><N who="0" m="29707" /><D36/><U109/><E109/><V106/><F106/><W61/><G124/><T24/><D24/><U125/><E50/><V25/><F25/><W68/><G68/><T74/><D74/><U18/><E87/><V38/><F38/><N who="3" m="21783" /><G12/><T16/><D99/><U30/><E30/><V76/><F76/><W64/><G7/><T112/><D112/><U2/><E2/><V11/><F4/><W54/><G54/><T65/><D65/><U67/><E67/><V73/><F73/><W126/><G64/><T114/><D114/><U1/><E1/><V31/><F31/><N who="3" m="17911" /><G126/><T48/><D49/><U51/><E51/><V57/><F57/><W8/><G8/><AGARI ba="0,0" hai="8,13,16,44,48,55,88,89" m="29707,47210" machi="8" ten="30,7700,0" yaku="13,1,52,1,54,2" doraHai="43" who="0" fromWho="3" sc="299,77,343,0,179,0,179,-77" /><INIT seed="2,0,0,2,3,134" ten="376,343,179,102" oya="2" hai0="39,7,32,82,27,102,84,66,57,95,117,88,135" hai1="46,132,41,71,2,86,115,26,83,47,52,36,10" hai2="100,18,111,43,91,4,30,124,5,121,76,109,119" hai3="59,23,81,53,101,64,123,94,116,55,37,118,58"/><V49/><F121/><W72/><G123/><T3/><D135/><U103/><E71/><V127/><F119/><W67/><G23/><T28/><D39/><U1/><E115/><V60/><F100/><W85/><G72/><T106/><D117/><U108/><E108/><N who="2" m="41547" /><F76/><W25/><G25/><T125/><D106/><U24/><E103/><V99/><F30/><W14/><G14/><T0/><D7/><N who="2" m="2634" /><F60/><W120/><G120/><T96/><D125/><N who="2" m="48202" /><F18/><W20/><G101/><T104/><D104/><U89/><E132/><V128/><F128/><W31/><G31/><T9/><D0/><U33/><E1/><V48/><F43/><W13/><G116/><T78/><D3/><U90/><E2/><V107/><F107/><W112/><G118/><T45/><D78/><U63/><E63/><V126/><N who="2" m="48210" /><V75/><DORA hai="131" /><F75/><W97/><G112/><T21/><D32/><U62/><E33/><V92/><AGARI ba="0,0" hai="48,49,91,92,99" m="48210,2634,41547" machi="92" ten="50,18000,2" yaku="14,1,10,1,18,1,52,4" doraHai="134,131" who="2" fromWho="2" sc="376,-60,343,-60,179,180,102,-60" /><INIT seed="2,1,0,2,5,117" ten="316,283,359,42" oya="2" hai0="110,2,53,12,61,131,120,95,73,50,69,111,58" hai1="60,108,63,87,67,65,33,55,0,70,127,74,36" hai2="76,113,57,46,107,103,19,16,39,59,75,6,54" hai3="31,11,8,89,15,51,129,44,77,91,98,29,78"/><V126/><F113/><W7/><G129/><T94/><D2/><U62/><E74/><V37/><F126/><W4/><G98/><T42/><D73/><U133/><E33/><V1/><F107/><W56/><G56/><T92/><D131/><U130/><E0/><V35/><F103/><W83/><G15/><T26/><D26/><U66/><E87/><V30/><F35/><W47/><REACH who="3" step="1"/><G51/><REACH who="3" ten="316,283,359,32" step="2"/><T85/><D12/><U27/><E130/><V88/><F37/><W68/><G68/><T82/><D69/><U106/><E70/><V13/><F1/><W28/><G28/><T90/><D110/><U93/><E108/><V114/><F30/><W115/><G115/><T17/><D111/><U104/><E36/><V10/><F114/><W119/><G119/><T38/><D38/><U71/><E71/><V100/><F39/><W109/><G109/><T34/><D50/><U97/><E97/><V122/><F59/><W9/><G9/><T124/><D58/><U22/><E127/><V134/><F57/><W102/><G102/><T84/><D124/><U105/><E67/><V21/><F100/><W40/><G40/><T96/><D42/><U99/><E66/><V20/><F13/><W135/><G135/><T86/><D96/><U132/><E65/><V32/><F10/><W64/><G64/><T49/><D49/><U41/><E41/><V81/><F134/><W18/><G18/><T23/><D17/><N who="1" m="12751" /><E55/><V125/><F54/><W14/><G14/><T79/><D53/><U101/><E133/><V72/><F125/><W116/><G116/><T24/><D61/><RYUUKYOKU ba="1,1" sc="316,-15,283,15,359,-15,32,15" hai1="60,62,63,93,99,101,104,105,106,132" hai3="4,7,8,11,29,31,44,47,77,78,83,89,91" /><INIT seed="3,2,1,1,4,48" ten="301,298,344,47" oya="3" hai0="33,103,81,5,57,125,21,76,95,127,101,17,60" hai1="22,102,119,12,37,111,51,67,35,45,134,58,124" hai2="85,120,6,92,41,52,18,16,131,93,24,44,89" hai3="126,83,10,115,11,130,71,72,84,54,75,29,25"/><W132/><G115/><T61/><D33/><U19/><E35/><V91/><F120/><W123/><G123/><T47/><D5/><U108/><E37/><V38/><F131/><W100/><G71/><T43/><D60/><U39/><E39/><V104/><F104/><W74/><G130/><T112/><D112/><U94/><E124/><N who="0" m="47689" /><D95/><U90/><E102/><V77/><F77/><W113/><G113/><T82/><D47/><U9/><E134/><V13/><F24/><W36/><G126/><T34/><D34/><U27/><E119/><V133/><F133/><W20/><G132/><T31/><D31/><U64/><E58/><V40/><F38/><W121/><G121/><T117/><D43/><N who="2" m="16458" /><F6/><W0/><G36/><T135/><D117/><U46/><E46/><V53/><F44/><W68/><G68/><T32/><D32/><U107/><E107/><V26/><F26/><W80/><G100/><N who="0" m="38475" /><D76/><U55/><E111/><V106/><F106/><W4/><G11/><T118/><D118/><U99/><REACH who="1" step="1"/><E108/><REACH who="1" ten="301,288,344,47" step="2"/><V86/><F18/><AGARI ba="2,2" hai="9,12,18,19,22,27,45,51,55,64,67,90,94,99" machi="18" ten="30,12000,2" yaku="1,1,2,1,7,1,8,1,52,1,53,2" doraHai="48" doraHaiUra="62" who="1" fromWho="2" sc="301,0,288,146,344,-126,47,0" /><INIT seed="4,0,0,2,4,82" ten="301,434,218,47" oya="0" hai0="60,67,6,52,116,16,109,69,55,65,47,10,135" hai1="115,5,68,118,58,15,29,36,130,73,77,14,107" hai2="2,104,113,61,27,120,23,79,30,31,125,39,71" hai3="46,133,86,45,99,54,34,35,134,59,8,37,76"/><T57/><D116/><U131/><E107/><V63/><F120/><W49/><G99/><T74/><D109/><U51/><E68/><V28/><F2/><W25/><G8/><T80/><D135/><U108/><E36/><V11/><F39/><W85/><G76/><T24/><D74/><U41/><E118/><V38/><F38/><W26/><G37/><T48/><D80/><U106/><E106/><V124/><F104/><W42/><G59/><T119/><D119/><U127/><E29/><V50/><F79/><W122/><G49/><T87/><D87/><U56/><E77/><V19/><F113/><W93/><G93/><T1/><REACH who="0" step="1"/><D69/><REACH who="0" ten="291,434,218,47" step="2"/><U114/><E73/><V90/><F71/><W95/><G122/><T97/><D97/><U105/><E108/><V126/><F11/><W13/><G133/><T111/><D111/><U4/><E115/><V121/><F121/><W89/><G134/><T20/><AGARI ba="0,1" hai="1,6,10,16,20,24,47,48,52,55,57,60,65,67" machi="20" ten="30,12000,1" yaku="1,1,0,1,54,2,53,1" doraHai="82" doraHaiUra="44" who="0" fromWho="0" sc="291,130,434,-40,218,-40,47,-40" /><INIT seed="4,1,0,0,5,14" ten="421,394,178,7" oya="0" hai0="81,115,69,95,34,42,30,26,93,86,126,94,41" hai1="98,36,79,106,71,56,88,49,104,64,89,118,0" hai2="84,80,112,24,60,37,61,29,117,27,101,15,25" hai3="65,47,133,20,96,38,107,1,13,76,11,92,63"/><T111/><D115/><U110/><E36/><V135/><F37/><W45/><G107/><T44/><D126/><U33/><E33/><V129/><F112/><W40/><G133/><T100/><D111/><U12/><E0/><V119/><F135/><W82/><G20/><T52/><D69/><U28/><E28/><V23/><F101/><W75/><G1/><T128/><D128/><U127/><E71/><V83/><F129/><W67/><G47/><T78/><REACH who="0" step="1"/><D100/><REACH who="0" ten="411,394,178,7" step="2"/><U109/><E127/><V102/><F102/><W114/><G114/><T16/><D16/><U90/><E118/><N who="2" m="45067" /><F29/><W54/><G63/><N who="2" m="24137" /><F84/><W105/><G105/><T99/><D99/><U48/><E98/><V120/><F120/><W22/><G22/><T7/><D7/><U132/><E132/><V51/><F51/><AGARI ba="1,1" hai="26,30,34,41,42,44,51,52,78,81,86,93,94,95" machi="51" ten="40,3900,0" yaku="1,1,54,1,53,0" doraHai="14" doraHaiUra="130" who="0" fromWho="2" sc="411,52,394,0,178,-42,7,0" /><INIT seed="4,2,0,3,0,1" ten="463,394,136,7" oya="0" hai0="38,55,66,20,114,40,54,53,95,115,123,48,75" hai1="39,135,61,30,6,109,88,100,46,122,77,121,5" hai2="131,29,91,86,126,102,79,64,72,25,119,94,50" hai3="101,22,76,103,47,58,51,106,26,17,60,63,97"/><T33/><D33/><U7/><E109/><V87/><F64/><W128/><G128/><T93/><D75/><U57/><E100/><N who="3" m="38474" /><G106/><T90/><D123/><U10/><E77/><V73/><F50/><W44/><G76/><T111/><D111/><U62/><E30/><V27/><F29/><W118/><G118/><T105/><D105/><U16/><E135/><V127/><F25/><W74/><G74/><N who="2" m="28777" /><F27/><W84/><G97/><T15/><D66/><U68/><E68/><V18/><F18/><W41/><G84/><N who="2" m="32297" /><F102/><W110/><G110/><T82/><D38/><U45/><E39/><V37/><F37/><W34/><G34/><T9/><D20/><U8/><E62/><N who="3" m="23594" /><G41/><T28/><D40/><U4/><E122/><V125/><F79/><W31/><G31/><T52/><D28/><U129/><E121/><V104/><F104/><W59/><G59/><T14/><D54/><AGARI ba="2,0" hai="17,22,26,44,47,51,54,58" m="23594,38474" machi="54" ten="30,1000,0" yaku="8,1" doraHai="1" who="3" fromWho="0" sc="463,-16,394,0,136,0,7,16" /><INIT seed="5,0,0,5,3,17" ten="447,394,136,23" oya="1" hai0="126,34,127,29,83,123,16,31,38,70,12,28,82" hai1="113,135,57,133,106,69,68,121,64,62,43,51,109" hai2="80,7,25,8,96,98,26,14,50,90,116,39,97" hai3="15,101,6,75,88,81,10,134,9,53,74,35,42"/><U58/><E106/><V107/><F116/><W72/><G35/><T55/><D34/><U120/><E113/><V3/><F39/><W130/><G130/><T112/><D112/><U89/><E89/><V60/><F107/><W48/><G134/><N who="1" m="51210" /><E109/><V1/><F1/><W24/><G101/><T79/><D123/><N who="1" m="47179" /><E58/><V94/><F3/><W122/><G122/><T13/><D70/><U54/><E43/><V124/><F124/><N who="0" m="47658" /><D38/><U73/><E73/><V110/><F110/><W0/><G42/><T56/><D79/><U36/><E36/><V92/><F60/><W44/><G24/><N who="2" m="9321" /><F50/><W104/><G104/><T131/><D131/><U77/><E77/><V115/><F115/><W4/><REACH who="3" step="1"/><G72/><REACH who="3" ten="447,394,136,13" step="2"/><T46/><D12/><U11/><E11/><V30/><F30/><W87/><AGARI ba="0,1" hai="0,4,6,9,10,15,44,48,53,74,75,81,87,88" machi="87" ten="30,8000,1" yaku="1,1,2,1,0,1,54,1,53,1" doraHai="17" doraHaiUra="40" who="3" fromWho="3" sc="447,-20,394,-40,136,-20,13,90" /><INIT seed="6,0,0,5,1,41" ten="427,354,116,103" oya="2" hai0="86,95,73,83,107,88,114,58,21,71,74,25,72" hai1="128,30,118,111,120,84,8,101,78,63,98,90,113" hai2="46,123,66,126,94,42,14,105,89,81,26,49,11" hai3="2,36,76,48,5,51,117,82,122,119,43,13,62"/><V32/><F123/><W92/><G122/><T130/><D71/><U39/><E39/><V23/><F32/><W77/><G92/><T52/><D107/><U10/><E111/><V65/><F105/><W60/><G13/><T106/><D106/><U112/><E118/><V61/><F126/><W29/><G29/><T27/><D114/><U0/><E0/><V125/><F125/><W75/><G76/><T121/><D121/><U45/><E78/><V34/><F34/><W38/><G51/><T28/><D130/><U91/><E30/><V24/><F81/><W4/><G48/><T18/><D83/><U124/><E124/><V17/><F61/><N who="3" m="23659" /><G5/><T69/><D69/><U116/><E63/><V53/><F42/><W93/><G93/><T134/><D134/><U57/><E128/><V31/><REACH who="2" step="1"/><F24/><REACH who="2" ten="427,354,106,103" step="2"/><W3/><G43/><T35/><D74/><U100/><E120/><V20/><F20/><W55/><G75/><T7/><D73/><U87/><E113/><V16/><F16/><W96/><G82/><T103/><D72/><U68/><E112/><V127/><F127/><W54/><G117/><T79/><D27/><U115/><E115/><V97/><AGARI ba="0,1" hai="11,14,17,23,26,31,46,49,53,65,66,89,94,97" machi="97" ten="20,12000,1" yaku="1,1,0,1,7,1,8,1,52,1,53,0" doraHai="41" doraHaiUra="129" who="2" fromWho="2" sc="427,-40,354,-40,106,130,103,-40" /><INIT seed="6,1,0,1,1,135" ten="387,314,236,63" oya="2" hai0="14,121,9,71,94,93,98,87,114,35,118,8,32" hai1="44,54,10,127,85,66,86,26,126,42,4,65,40" hai2="56,88,80,49,106,99,115,109,101,63,134,23,100" hai3="43,69,38,108,24,25,18,3,79,96,78,51,73"/><V52/><F134/><W97/><G108/><T124/><D121/><U77/><E26/><V20/><F109/><W17/><G69/><T123/><D123/><U102/><E102/><V68/><F115/><W31/><G38/><T67/><D114/><U22/><E22/><V50/><F101/><W16/><G3/><T28/><D118/><U92/><E54/><V0/><F0/><W81/><G78/><T11/><D14/><U74/><E74/><V84/><F68/><W119/><G119/><T128/><D128/><U103/><E42/><V39/><F39/><W2/><G2/><T132/><D132/><U133/><E133/><V122/><F122/><W72/><G72/><T131/><D87/><U60/><E103/><V62/><F62/><W41/><G25/><T48/><D48/><U1/><E92/><V130/><F130/><W105/><G105/><T82/><D82/><U117/><E66/><V55/><F63/><W61/><G61/><T76/><D76/><U120/><E77/><V47/><AGARI ba="1,0" hai="20,23,47,49,50,52,55,56,80,84,88,99,100,106" machi="47" ten="20,7800,0" yaku="0,1,7,1,54,2" doraHai="135" who="2" fromWho="2" sc="387,-27,314,-27,236,81,63,-27" /><INIT seed="6,2,0,3,5,130" ten="360,287,317,36" oya="2" hai0="67,88,92,118,115,38,111,124,11,10,102,61,16" hai1="24,125,72,19,23,69,17,89,62,63,52,36,127" hai2="33,106,123,2,98,29,58,81,76,57,119,5,82" hai3="114,84,79,80,34,60,1,104,14,15,40,94,48"/><V64/><F123/><W25/><G104/><T45/><D111/><U134/><E72/><V77/><F119/><W101/><G1/><T28/><D118/><U51/><E36/><V116/><F116/><W103/><G114/><T4/><D115/><U50/><E89/><V128/><F128/><W54/><G34/><T35/><D102/><N who="3" m="38921" /><G25/><T26/><D124/><U131/><E131/><V95/><F106/><W12/><G94/><T73/><D73/><U87/><E87/><N who="2" m="48551" /><F33/><W107/><G107/><T13/><D45/><U90/><E90/><N who="2" m="55671" /><F2/><W133/><G133/><T75/><D38/><U129/><E129/><V74/><F74/><W7/><G40/><T53/><D53/><U83/><E83/><V18/><F29/><W6/><G60/><T66/><D61/><U132/><E52/><V31/><F31/><W99/><G99/><T41/><D41/><U120/><E69/><V9/><F5/><W43/><G43/><T70/><D70/><U126/><E126/><V49/><F64/><W135/><G135/><T37/><D37/><U3/><E3/><V21/><F9/><W8/><G8/><T32/><D32/><U109/><E120/><V20/><F49/><W46/><AGARI ba="2,0" hai="6,7,12,14,15,46,48,54,79,80,84" m="38921" machi="46" ten="30,1100,0" yaku="8,1" doraHai="130" who="3" fromWho="3" sc="360,-5,287,-5,317,-7,36,17" /><INIT seed="7,0,0,5,5,131" ten="355,282,310,53" oya="3" hai0="4,81,134,132,46,115,88,105,118,25,36,124,51" hai1="75,6,119,106,80,82,117,5,34,96,103,92,54" hai2="66,128,15,123,55,20,62,26,125,133,127,135,48" hai3="110,109,53,11,21,95,35,83,101,56,44,111,45"/><W122/><G122/><T107/><D118/><U52/><E34/><V108/><F108/><W3/><G35/><T102/><D36/><U27/><E27/><V59/><F123/><W97/><G21/><T114/><D4/><U31/><E31/><V28/><F15/><W30/><G30/><T70/><D70/><U86/><E6/><V37/><F37/><W40/><G40/><T98/><D107/><U19/><E5/><V72/><F72/><W23/><G23/><T42/><D25/><U50/><E19/><V43/><F43/><W130/><G130/><T104/><D104/><U87/><E54/><V14/><F128/><W18/><G83/><T90/><D124/><N who="2" m="47690" /><F14/><N who="3" m="7519" /><G3/><T71/><D71/><AGARI ba="0,0" hai="20,26,28,48,55,59,62,66,71,133,135" m="47690" machi="71" ten="30,3900,0" yaku="18,1,52,2" doraHai="131" who="2" fromWho="0" sc="355,-39,282,0,310,39,53,0" owari="316,11.6,282,-11.8,349,44.9,53,-44.7" /></mjloggm>