<mjloggm ver="2.3"><GO type="169" lobby="0"/><UN n0="%E3%82%A4%E3%82%AB%E3%81%AB%E3%82%82%E6%9D%B1%E5%8C%97" n1="%E6%BA%AF%E6%9C%88%E9%A3%9F" n2="%61%6D%61%69%6B%61" n3="%54%61%62%61%73%63%6F" dan="16,16,16,16" rate="2157.93,2110.56,2140.04,2100.56" sx="M,M,M,M"/><TAIKYOKU oya="0"/><INIT seed="0,0,0,4,4,78" ten="250,250,250,250" oya="0" hai0="82,118,59,5,52,132,125,97,123,63,77,75,18" hai1="15,56,57,2,29,55,128,4,124,10,71,91,60" hai2="129,103,110,50,113,38,120,65,42,117,96,95,119" hai3="48,8,64,66,88,109,134,108,0,40,115,107,45"/><T54/><D118/><N who="2" m="45066" /><F113/><W130/><G115/><T93/><D123/><U105/><E105/><V67/><F120/><W58/><G107/><T114/><D114/><U106/><E106/><V73/><F73/><W133/><G0/><T12/><D132/><N who="3" m="50793" /><G8/><T74/><D125/><U81/><E128/><V135/><F135/><W86/><G130/><T112/><D112/><U24/><E71/><V36/><F110/><N who="3" m="42603" /><G58/><T21/><D5/><U104/><E104/><V116/><F129/><W49/><G49/><T3/><D3/><U111/><E111/><V102/><F102/><W22/><G22/><T28/><D28/><U76/><E124/><V27/><F27/><W126/><G126/><T9/><D9/><U43/><E56/><V34/><F34/><W83/><AGARI ba="0,0" hai="40,45,48,64,66,83,86,88" m="42603,50793" machi="83" ten="30,7900,0" yaku="20,1,14,1,52,1,54,1" doraHai="78" who="3" fromWho="3" sc="250,-39,250,-20,250,-20,250,79" /><INIT seed="1,0,0,5,3,95" ten="211,230,230,329" oya="1" hai0="40,52,106,35,132,60,47,89,17,111,0,12,55" hai1="20,34,56,91,33,11,45,101,25,116,128,30,5" hai2="72,71,22,53,7,16,48,122,107,66,41,1,97" hai3="31,100,44,123,73,83,84,43,102,27,76,23,88"/><U98/><E116/><V18/><F72/><W38/><REACH who="3" step="1"/><G123/><REACH who="3" ten="211,230,230,319" step="2"/><T46/><D111/><U79/><E128/><V113/><F122/><W70/><G70/><T92/><D132/><U135/><E135/><V86/><F71/><W67/><G67/><T121/><D121/><U63/><E79/><V62/><F66/><W42/><G42/><T112/><D40/><U65/><E91/><V39/><F41/><W108/><G108/><T6/><D89/><U64/><E64/><V87/><F113/><W74/><G74/><T82/><D112/><U129/><E129/><V4/><F53/><W103/><G103/><T77/><D52/><U2/><REACH who="1" step="1"/><E45/><REACH who="1" ten="211,220,230,319" step="2"/><V109/><F109/><W49/><G49/><T36/><D47/><U96/><E96/><V104/><F48/><W29/><G29/><T110/><D46/><U80/><E80/><AGARI ba="0,2" hai="23,27,31,38,43,44,73,76,80,83,84,88,100,102" machi="80" ten="30,7700,0" yaku="21,2,7,1,54,1,53,0" doraHai="95" doraHaiUra="127" who="3" fromWho="1" sc="211,0,220,-77,230,0,319,97" /><INIT seed="2,0,0,0,1,117" ten="211,143,230,416" oya="2" hai0="98,120,18,90,77,128,113,47,89,100,83,105,110" hai1="34,106,5,12,111,53,134,9,78,79,64,54,22" hai2="7,29,87,31,131,132,8,42,3,97,130,61,21" hai3="26,38,104,129,36,17,114,82,69,48,80,123,39"/><V44/><F132/><W81/><G104/><T15/><D113/><U71/><E34/><V11/><F97/><W109/><G69/><T58/><D110/><U41/><E111/><V63/><F87/><W35/><G109/><T84/><D128/><N who="2" m="49194" /><F11/><W40/><G129/><T14/><D120/><U59/><E106/><V116/><F116/><W72/><G123/><T60/><D47/><U73/><E134/><V52/><F21/><W101/><G101/><T102/><D100/><U122/><E73/><V91/><F91/><W85/><G72/><T2/><D2/><U93/><E78/><V62/><F52/><W45/><G35/><T43/><D43/><U20/><E79/><V124/><F124/><W108/><G108/><T27/><D27/><U99/><E53/><V127/><F127/><W55/><G114/><T133/><D133/><U32/><E32/><V46/><F46/><W57/><G85/><T115/><D115/><U4/><E22/><V70/><F70/><W23/><AGARI ba="0,0" hai="17,23,26,36,38,39,40,45,48,55,57,80,81,82" machi="23" ten="30,1100,0" yaku="0,1" doraHai="117" who="3" fromWho="3" sc="211,-3,143,-3,230,-5,416,11" /><INIT seed="3,0,0,0,2,125" ten="208,140,225,427" oya="3" hai0="85,134,88,55,77,109,16,126,19,80,43,66,106" hai1="101,135,130,25,118,99,124,10,102,104,117,69,64" hai2="98,51,82,132,67,81,110,53,71,92,93,89,48" hai3="112,18,47,119,37,121,76,30,13,87,58,57,131"/><W105/><G121/><T122/><D122/><U120/><E120/><V75/><F110/><W72/><G112/><T28/><D106/><U127/><E10/><V111/><F111/><W90/><G119/><N who="1" m="45578" /><E25/><V61/><F132/><W11/><G105/><T24/><D109/><U79/><E64/><V84/><F75/><W40/><G30/><T54/><D126/><N who="1" m="48171" /><E69/><V68/><F68/><W20/><G76/><T41/><D134/><U83/><E101/><V9/><F9/><W36/><G20/><N who="0" m="15367" /><D66/><U123/><E123/><V49/><REACH who="2" step="1"/><F53/><REACH who="2" ten="208,140,215,427" step="2"/><W26/><G11/><T1/><D55/><U94/><E135/><V107/><F107/><W6/><G72/><T100/><D54/><U114/><E104/><V39/><F39/><W63/><G37/><T56/><D1/><U44/><E44/><V108/><F108/><W86/><G47/><T3/><D3/><U78/><E114/><V4/><F4/><W60/><G6/><T95/><D56/><U7/><E7/><V97/><F97/><W128/><G58/><T52/><D52/><U59/><E59/><V14/><F14/><W133/><G133/><T42/><D100/><AGARI ba="0,1" hai="48,49,51,61,67,71,81,82,84,89,92,93,98,100" machi="100" ten="40,1300,0" yaku="1,1,53,0" doraHai="125" doraHaiUra="0" who="2" fromWho="0" sc="208,-13,140,0,215,23,427,0" /><INIT seed="4,0,0,2,3,12" ten="195,140,238,427" oya="0" hai0="110,75,118,4,62,57,49,15,53,115,33,78,83" hai1="79,36,102,42,112,27,120,45,106,65,22,98,17" hai2="14,11,117,63,103,5,134,129,125,20,131,91,97" hai3="114,113,73,28,101,82,43,86,3,31,69,128,6"/><T135/><D118/><U47/><E120/><V77/><F117/><W76/><G69/><T85/><D33/><U46/><E112/><V107/><F125/><W95/><G128/><N who="2" m="49225" /><F134/><W121/><G121/><T99/><D135/><U122/><E122/><V41/><F41/><W94/><G94/><T37/><D37/><U126/><E126/><V52/><F77/><W30/><G43/><T124/><D124/><U81/><REACH who="1" step="1"/><E65/><REACH who="1" ten="195,130,238,427" step="2"/><V64/><F64/><W35/><G113/><T21/><D115/><U29/><E29/><V25/><F91/><W61/><G31/><T2/><D110/><U32/><E32/><V104/><F104/><W68/><G30/><T88/><D88/><U19/><E19/><N who="2" m="12447" /><F63/><W10/><G61/><T89/><D62/><U108/><E108/><V70/><F70/><W109/><G68/><T130/><D130/><U100/><E100/><V0/><F0/><W56/><G101/><T18/><D2/><U74/><AGARI ba="0,1" hai="17,22,27,36,42,45,46,47,74,79,81,98,102,106" machi="74" ten="20,5200,0" yaku="1,1,0,1,7,1,52,1,53,0" doraHai="12" doraHaiUra="9" who="1" fromWho="1" sc="195,-26,130,62,238,-13,427,-13" /><INIT seed="5,0,0,0,4,84" ten="169,192,225,414" oya="1" hai0="92,15,3,62,103,82,114,86,87,121,129,96,66" hai1="16,108,73,34,53,69,6,42,23,83,81,49,78" hai2="2,91,68,111,58,35,74,89,45,135,52,113,38" hai3="102,13,70,76,50,5,93,0,95,32,75,21,105"/><U120/><E120/><V127/><RYUUKYOKU type="yao9" ba="0,0" sc="169,0,192,0,225,0,414,0" hai2="2,35,38,45,52,58,68,74,89,91,111,113,127,135" /><INIT seed="5,1,0,0,1,128" ten="169,192,225,414" oya="1" hai0="59,86,89,67,105,94,80,122,91,33,109,15,98" hai1="54,111,113,41,29,132,124,48,0,7,78,58,99" hai2="25,37,36,73,76,107,115,2,42,129,5,53,22" hai3="97,51,62,117,49,52,35,66,131,120,104,8,93"/><U134/><E113/><V81/><F107/><W70/><G120/><T72/><D33/><U61/><E124/><V87/><F129/><W83/><G131/><T85/><D109/><U102/><E78/><V40/><F115/><W90/><G35/><T27/><D122/><U71/><E29/><V96/><F96/><W23/><G51/><T103/><D27/><U56/><E71/><V47/><F53/><W114/><G114/><T123/><D123/><U112/><E112/><V118/><F118/><W13/><G23/><T101/><D15/><U79/><E79/><V74/><F5/><W34/><G83/><N who="0" m="49375" /><D59/><U121/><E121/><V12/><F12/><W26/><G104/><N who="0" m="63543" /><D67/><U65/><E41/><V55/><F55/><W60/><G66/><T110/><D110/><U31/><E31/><V18/><REACH who="2" step="1"/><F2/><REACH who="2" ten="169,192,215,414" step="2"/><W1/><G1/><T19/><D105/><U95/><REACH who="1" step="1"/><E111/><REACH who="1" ten="169,182,215,414" step="2"/><V44/><AGARI ba="1,2" hai="18,22,25,36,37,40,42,44,47,73,74,76,81,87" machi="44" ten="30,7900,0" yaku="1,1,2,1,0,1,9,1,53,0" doraHai="128" doraHaiUra="92" who="2" fromWho="2" sc="169,-21,182,-40,215,102,414,-21" /><INIT seed="6,0,0,3,3,94" ten="148,142,317,393" oya="2" hai0="19,134,51,45,39,73,131,106,17,14,91,86,115" hai1="124,43,28,111,133,93,27,37,72,82,65,67,125" hai2="11,110,34,10,114,79,109,16,31,87,126,66,100" hai3="102,121,77,59,52,4,97,0,42,61,9,35,98"/><V3/><F114/><W41/><G121/><T15/><D73/><U63/><E111/><N who="2" m="42507" /><F126/><N who="1" m="48745" /><E133/><V57/><F100/><W108/><G108/><T25/><D115/><U127/><N who="1" m="48753" /><U26/><DORA hai="7" /><E26/><N who="2" m="18807" /><F3/><W55/><G35/><T92/><D134/><U70/><E65/><V132/><F132/><W60/><G77/><T12/><D131/><U112/><E112/><V83/><F16/><W128/><G128/><T119/><D119/><U24/><E28/><V33/><F33/><W2/><G2/><T5/><D39/><U130/><E130/><V122/><F122/><W90/><G90/><T129/><D129/><U99/><E37/><V54/><F66/><W116/><G116/><T47/><D106/><U117/><E117/><V56/><F56/><W6/><G6/><T29/><D5/><U95/><E27/><V105/><F105/><W44/><G102/><T8/><D19/><U135/><E24/><V23/><F23/><W1/><G1/><T103/><D103/><N who="1" m="60911" /><E135/><V20/><F20/><W49/><G42/><T118/><D118/><U74/><E43/><V69/><F69/><W18/><G18/><T76/><D17/><U53/><E53/><V58/><F58/><AGARI ba="0,0" hai="0,4,9,41,44,49,52,55,58,59,60,61,97,98" machi="58" ten="40,8000,1" yaku="9,1,52,3,54,1" doraHai="94,7" who="3" fromWho="2" sc="148,0,142,0,317,-80,393,80" /><INIT seed="7,0,0,4,4,93" ten="148,142,237,473" oya="3" hai0="126,77,51,116,19,118,125,75,29,115,106,42,62" hai1="21,7,17,119,63,12,99,58,96,20,48,65,92" hai2="68,121,78,18,33,52,37,89,60,38,61,130,22" hai3="128,49,133,135,36,35,132,5,34,95,84,74,97"/><W47/><G74/><T50/><D106/><U39/><E39/><V127/><F33/><W10/><G84/><T40/><D115/><U9/><E119/><N who="0" m="45609" /><D29/><U11/><E48/><N who="0" m="18473" /><D19/><U55/><E65/><V101/><F127/><N who="0" m="48650" /><D62/><U6/><E21/><V1/><F22/><W105/><G105/><T41/><D77/><U102/><E9/><V31/><F60/><W28/><G49/><T53/><D53/><U46/><E46/><V8/><F61/><W71/><G47/><T112/><D112/><U64/><E55/><V23/><F52/><W108/><G28/><T25/><D25/><U44/><E44/><V43/><F78/><W59/><G10/><T134/><D75/><U131/><E131/><V82/><F130/><W86/><G128/><T123/><D134/><U14/><E99/><V129/><F31/><W100/><G97/><T3/><D3/><U15/><REACH who="1" step="1"/><E7/><REACH who="1" ten="148,132,237,473" step="2"/><V94/><F129/><W69/><G5/><T4/><D4/><U81/><E81/><V80/><F82/><W56/><G132/><T114/><D114/><U66/><E66/><V120/><F80/><W45/><G45/><T70/><D123/><U0/><AGARI ba="0,1" hai="0,6,11,12,14,15,17,20,58,63,64,92,96,102" machi="0" ten="20,5200,0" yaku="1,1,0,1,7,1,52,1,53,0" doraHai="93" doraHaiUra="26" who="1" fromWho="1" sc="148,-13,132,62,237,-13,473,-26" owari="135,-36.5,194,-20.6,224,2.4,447,54.7" /></mjloggm>