<mjloggm ver="2.3"><GO type="169" lobby="0"/><UN n0="%E8%80%81%E6%A5%BD" n1="%E3%81%86%E3%81%91%E3%81%AA%E3%81%8C%E3%81%97%E3%81%BE%E3%81%9B%E3%82%93" n2="%E2%97%8E%E3%82%88%E3%81%97%E2%97%8E" n3="%E4%B8%83%E7%94%9F%E5%A4%95" dan="17,17,17,16" rate="2198.02,2260.07,2164.23,2116.98" sx="M,F,M,M"/><TAIKYOKU oya="0"/><INIT seed="0,0,0,5,0,72" ten="250,250,250,250" oya="0" hai0="1,55,18,49,61,70,77,44,32,58,132,78,75" hai1="54,115,135,87,51,52,71,118,20,24,127,121,110" hai2="116,33,124,25,97,69,47,8,106,90,3,84,95" hai3="126,50,68,64,103,66,129,41,99,89,92,5,12"/><T102/><D32/><U101/><E118/><V107/><F124/><W46/><G126/><T53/><D1/><U122/><E127/><V7/><F116/><W10/><G129/><T88/><D75/><U38/><E38/><V9/><F69/><W80/><G68/><T17/><D132/><U134/><E71/><V13/><F47/><W22/><G22/><T82/><D102/><U76/><E101/><V62/><F62/><W111/><G111/><T23/><D70/><U15/><E15/><V128/><F128/><W73/><REACH who="3" step="1"/><G73/><REACH who="3" ten="250,250,250,240" step="2"/><T14/><D18/><U16/><E110/><V94/><F33/><W74/><G74/><T27/><D27/><U117/><E117/><V96/><F25/><W91/><G91/><T48/><REACH who="0" step="1"/><D61/><REACH who="0" ten="240,250,250,240" step="2"/><U45/><E122/><V131/><F131/><W2/><G2/><T98/><D98/><U6/><E121/><V119/><F119/><W123/><G123/><T125/><D125/><U105/><E6/><V133/><F97/><W42/><G42/><T30/><D30/><U100/><E100/><V108/><F108/><W35/><G35/><T63/><D63/><U112/><E105/><V43/><F43/><W31/><G31/><T4/><D4/><U57/><E135/><V59/><F133/><W93/><G93/><T86/><AGARI ba="0,2" hai="14,17,23,44,48,49,53,55,58,77,78,82,86,88" machi="86" ten="30,18000,2" yaku="1,1,0,1,8,1,52,2,54,1,53,0" doraHai="72" doraHaiUra="67" who="0" fromWho="0" sc="240,200,250,-60,250,-60,240,-60" /><INIT seed="0,1,0,0,3,109" ten="440,190,190,180" oya="0" hai0="84,16,104,17,53,5,57,0,38,114,134,85,49" hai1="50,81,7,60,21,127,69,22,31,44,129,55,132" hai2="62,27,19,36,87,14,59,70,10,66,4,108,74" hai3="37,124,115,63,91,68,112,135,6,94,35,97,103"/><T33/><D104/><U79/><E129/><V18/><F74/><W116/><G116/><T45/><D33/><U67/><E127/><V105/><F36/><W23/><G35/><T20/><D134/><U32/><E132/><V95/><F108/><W29/><G135/><T56/><D114/><U96/><E7/><V47/><F105/><W3/><G37/><T46/><D0/><U75/><REACH who="1" step="1"/><E96/><REACH who="1" ten="440,180,190,180" step="2"/><V28/><F4/><W100/><G124/><T39/><D5/><U99/><E99/><V117/><F117/><W130/><G130/><T42/><D38/><U12/><E12/><V71/><F14/><W83/><G6/><T2/><D2/><U89/><E89/><V8/><F8/><W78/><G3/><T128/><D128/><U13/><E13/><V51/><F10/><W110/><G110/><T122/><D122/><U24/><AGARI ba="1,1" hai="21,22,24,31,32,44,50,55,60,67,69,75,79,81" machi="24" ten="30,2000,0" yaku="1,1,0,1,53,0" doraHai="109" doraHaiUra="88" who="1" fromWho="1" sc="440,-11,180,33,190,-6,180,-6" /><INIT seed="1,0,0,2,5,54" ten="429,213,184,174" oya="1" hai0="110,73,45,127,114,98,23,117,55,106,85,75,88" hai1="39,33,49,40,51,60,123,46,131,26,129,0,132" hai2="4,37,31,83,42,47,120,13,2,18,122,72,6" hai3="35,101,80,89,125,61,97,71,94,74,95,133,92"/><U16/><E123/><V22/><F31/><W28/><G125/><T67/><D114/><U7/><E33/><V17/><F17/><W38/><G38/><T15/><D117/><U115/><E115/><V68/><F68/><W82/><G133/><T30/><D110/><U113/><E113/><V24/><F6/><W99/><G74/><T12/><D67/><U105/><E105/><V69/><F69/><W100/><G95/><T65/><D65/><U76/><E76/><V1/><F1/><W52/><G89/><T70/><D70/><U27/><E132/><V102/><F102/><W86/><G86/><T50/><D127/><U130/><E27/><V107/><F107/><W34/><G71/><T124/><D124/><U116/><E116/><V10/><REACH who="2" step="1"/><F24/><REACH who="2" ten="429,213,174,174" step="2"/><W96/><G96/><T3/><D3/><U93/><E0/><V66/><F66/><W135/><G135/><T59/><D98/><U108/><E7/><V56/><F56/><W64/><G64/><T53/><D106/><U87/><E16/><V81/><F81/><W41/><G28/><T103/><D103/><U25/><E25/><V128/><F128/><W79/><G82/><T63/><D30/><U119/><E26/><V44/><F44/><W62/><G80/><T36/><D45/><U48/><E119/><V21/><F21/><W32/><G79/><AGARI ba="0,1" hai="2,4,10,13,18,22,37,42,47,72,79,83,120,122" machi="79" ten="40,8000,1" yaku="1,1,25,2,53,1" doraHai="54" doraHaiUra="9" who="2" fromWho="3" sc="429,0,213,0,174,90,174,-80" /><INIT seed="2,0,0,2,4,104" ten="429,213,264,94" oya="2" hai0="88,92,79,74,44,107,81,126,7,26,99,76,66" hai1="80,11,133,42,53,124,51,31,4,28,116,62,96" hai2="47,97,57,105,128,73,77,8,5,19,94,43,23" hai3="48,36,60,6,119,24,125,9,71,83,40,122,84"/><V69/><F69/><W78/><G125/><T15/><D126/><U95/><E116/><V72/><F105/><W65/><G119/><T20/><D66/><U82/><E124/><V50/><F77/><W14/><G122/><T98/><D76/><U58/><E133/><V21/><F128/><W17/><G36/><T64/><D64/><U135/><E135/><V100/><F57/><W68/><G68/><T13/><D44/><U46/><E31/><V38/><F38/><W25/><REACH who="3" step="1"/><G17/><REACH who="3" ten="429,213,264,84" step="2"/><T112/><D112/><U12/><REACH who="1" step="1"/><E28/><REACH who="1" ten="429,203,264,84" step="2"/><V103/><F19/><W33/><G33/><T93/><D7/><U59/><E59/><V29/><F29/><W35/><G35/><T1/><D107/><U123/><E123/><V61/><F5/><W2/><G2/><T30/><REACH who="0" step="1"/><D1/><REACH who="0" ten="419,203,264,84" step="2"/><U63/><E63/><V102/><F61/><W16/><G16/><T127/><D127/><U27/><E27/><V101/><F8/><W117/><G117/><T32/><D32/><U3/><E3/><V18/><F18/><W41/><G41/><T131/><D131/><U90/><AGARI ba="0,3" hai="4,11,12,42,46,51,53,58,62,80,82,90,95,96" machi="90" ten="20,5200,0" yaku="1,1,0,1,7,1,8,1,53,0" doraHai="104" doraHaiUra="106" who="1" fromWho="1" sc="419,-13,203,82,264,-26,84,-13" /><INIT seed="3,0,0,5,4,27" ten="406,285,238,71" oya="3" hai0="16,80,26,122,15,53,5,132,101,128,0,134,32" hai1="20,119,131,79,89,58,10,57,106,21,93,62,127" hai2="129,111,31,69,116,19,81,7,121,65,54,42,4" hai3="99,49,47,37,110,43,90,102,44,1,84,71,135"/><W118/><G118/><T51/><D101/><U6/><E106/><V38/><F116/><W2/><G71/><T120/><D80/><U64/><E119/><V61/><F19/><W76/><G76/><T73/><D73/><U45/><E127/><V85/><F111/><W77/><G77/><T3/><D128/><U124/><E124/><V34/><F129/><W52/><G135/><N who="0" m="51755" /><D51/><U97/><E131/><V9/><F121/><N who="0" m="46698" /><D53/><U35/><E35/><V23/><F34/><W36/><G110/><T104/><D5/><U55/><E45/><V125/><F125/><W56/><G37/><T60/><D60/><U75/><E79/><V40/><F7/><W17/><G17/><T92/><D92/><U133/><E75/><V86/><F54/><W41/><G41/><T59/><D59/><U33/><E33/><V108/><F108/><W30/><G56/><T100/><D100/><U72/><E72/><V117/><F117/><W115/><G115/><T13/><D104/><U114/><E114/><V11/><F4/><W66/><G66/><T8/><D15/><N who="1" m="5591" /><E133/><V123/><F123/><W95/><REACH who="3" step="1"/><G30/><AGARI ba="0,0" hai="0,3,8,13,16,26,30,32" m="46698,51755" machi="30" ten="30,8000,1" yaku="20,1,34,2,52,1,54,1" doraHai="27" who="0" fromWho="3" sc="406,80,285,0,238,0,71,-80" owari="486,58.6,285,8.5,238,-16.2,-9,-50.9" /></mjloggm>