<mjloggm ver="2.3"><GO type="169" lobby="0"/><UN n0="%E6%84%9B%E3%81%AF%E6%AD%A3%E7%BE%A9" n1="%47%65%74%74%65%72" n2="%E7%B9%AD%E3%82%92%E8%A7%A3%E3%81%8F" n3="%E6%89%8B%E6%8A%BC%E3%81%97%E8%BB%8A" dan="16,16,17,16" rate="2101.61,2133.57,2211.07,2075.30" sx="F,F,M,M"/><TAIKYOKU oya="0"/><INIT seed="0,0,0,4,0,27" ten="250,250,250,250" oya="0" hai0="128,1,35,61,17,65,52,72,118,87,101,38,48" hai1="103,71,32,62,45,6,98,59,21,100,122,81,99" hai2="121,18,63,91,16,37,53,111,64,129,73,105,34" hai3="24,67,43,26,76,42,93,20,51,126,2,60,22"/><T130/><D72/><U4/><E122/><V92/><F121/><W15/><G2/><T85/><D118/><U96/><E32/><V133/><F37/><W33/><G33/><T41/><D35/><U125/><E125/><V75/><F105/><W19/><G126/><T114/><D1/><U50/><E81/><V57/><F34/><W79/><G15/><T82/><D114/><U5/><E71/><V40/><F40/><W30/><G93/><T89/><D101/><U117/><E21/><V80/><F111/><W110/><G110/><T77/><D17/><U104/><E104/><V56/><F129/><N who="0" m="49770" /><D41/><U68/><E68/><V132/><F75/><W13/><G13/><T49/><D38/><U3/><E3/><V25/><F80/><W95/><G43/><T69/><D52/><N who="1" m="29775" /><E117/><V44/><F44/><W11/><G11/><T97/><D97/><N who="1" m="24835" /><U115/><DORA hai="58" /><E115/><V83/><F83/><AGARI ba="0,0" hai="48,49,61,65,69,77,82,83,85,87,89" m="49770" machi="83" ten="30,2900,0" yaku="19,1,52,1" doraHai="27,58" who="0" fromWho="2" sc="250,29,250,0,250,-29,250,0" /><INIT seed="0,1,0,2,0,38" ten="279,250,221,250" oya="0" hai0="6,23,55,81,48,117,95,135,65,35,49,60,59" hai1="104,76,110,53,13,124,50,108,118,5,40,15,111" hai2="1,46,73,68,123,116,74,125,8,94,4,19,29" hai3="63,20,7,107,113,112,93,96,11,18,82,3,100"/><T88/><D117/><U98/><E118/><V12/><F116/><W2/><G2/><T105/><D35/><U47/><E124/><V75/><F125/><W84/><G107/><T91/><D135/><U31/><E31/><V87/><F123/><W26/><REACH who="3" step="1"/><G63/><REACH who="3" ten="279,250,221,240" step="2"/><T33/><D105/><U83/><E5/><V24/><F68/><W42/><G42/><T78/><D33/><U131/><E131/><V71/><F71/><W122/><G122/><T41/><D6/><U21/><E21/><V57/><F4/><W52/><G52/><N who="0" m="32135" /><D60/><U17/><E17/><V28/><F1/><W132/><G132/><T36/><D65/><U114/><E114/><V30/><F57/><W64/><G64/><T119/><D119/><U130/><E130/><V32/><REACH who="2" step="1"/><F46/><REACH who="2" ten="279,250,211,240" step="2"/><W14/><G14/><T62/><D62/><U66/><E66/><V109/><F109/><W72/><G72/><T39/><D39/><U121/><E121/><V134/><F134/><W37/><G37/><T25/><D36/><U58/><E58/><V79/><F79/><AGARI ba="1,2" hai="3,7,11,18,20,26,79,82,84,93,96,100,112,113" machi="79" ten="30,2000,0" yaku="1,1,7,1,53,0" doraHai="38" doraHaiUra="85" who="3" fromWho="2" sc="279,0,250,0,211,-23,240,43" /><INIT seed="1,0,0,1,3,72" ten="279,250,188,283" oya="1" hai0="120,79,64,121,4,119,26,55,82,49,41,24,132" hai1="112,12,56,116,128,61,101,31,1,52,15,38,51" hai2="76,23,63,86,127,13,107,33,35,69,6,65,28" hai3="89,129,3,80,53,67,134,7,39,83,73,18,47"/><U90/><E116/><V95/><F127/><W22/><G134/><T93/><D119/><U17/><E1/><V109/><F109/><W130/><G67/><T94/><D64/><U10/><E38/><V9/><F107/><W98/><G3/><T85/><D41/><U42/><E112/><V32/><F95/><N who="0" m="36362" /><D4/><U103/><E128/><V75/><F86/><W105/><G7/><T84/><D84/><U133/><E133/><V102/><F102/><W34/><G34/><T58/><D132/><U122/><E31/><V97/><F97/><W44/><G89/><T50/><D50/><U46/><E122/><AGARI ba="0,0" hai="24,26,49,55,58,79,82,85,120,121,122" m="36362" machi="122" ten="30,2000,0" yaku="13,1,52,1" doraHai="72" who="0" fromWho="1" sc="279,20,250,-20,188,0,283,0" /><INIT seed="2,0,0,4,3,8" ten="299,230,188,283" oya="2" hai0="104,25,110,29,124,126,88,129,58,135,90,114,24" hai1="59,56,3,2,43,130,107,36,20,89,99,63,16" hai2="0,94,35,73,23,52,26,111,128,115,105,18,47" hai3="50,133,5,74,95,132,96,42,33,80,121,6,109"/><V69/><F105/><W123/><G33/><T108/><D104/><U77/><E130/><V81/><F115/><W98/><G42/><T68/><D68/><U85/><E77/><V37/><F128/><W62/><G62/><T51/><D114/><U7/><E36/><V127/><F69/><W97/><G50/><T79/><D79/><U32/><E32/><V1/><F127/><N who="0" m="48682" /><D129/><U71/><E43/><V12/><F111/><N who="0" m="42538" /><D135/><N who="3" m="51785" /><G6/><T76/><D76/><U57/><E7/><V14/><F73/><W22/><G5/><T13/><D13/><N who="2" m="5226" /><F35/><W78/><G22/><N who="0" m="15511" /><D25/><U119/><E71/><V41/><F37/><W100/><G109/><T21/><D21/><U84/><E20/><V106/><F106/><W131/><G131/><T75/><D75/><U15/><E107/><V54/><F1/><W120/><AGARI ba="0,0" hai="74,78,80,95,96,97,98,100,120,121,123" m="51785" machi="120" ten="40,5200,0" yaku="20,1,34,2" doraHai="8" who="3" fromWho="3" sc="299,-13,230,-13,188,-26,283,52" /><INIT seed="3,0,0,5,1,13" ten="286,217,162,335" oya="3" hai0="98,28,36,128,102,45,43,55,76,52,88,51,135" hai1="19,116,101,25,113,33,99,0,79,20,57,47,5" hai2="91,66,10,119,53,86,130,82,112,117,123,54,34" hai3="31,41,38,111,103,22,15,37,40,12,85,24,129"/><W32/><G129/><T96/><D128/><U44/><E113/><V115/><F34/><W93/><G111/><T84/><D135/><U42/><E116/><V18/><F130/><W94/><G32/><T72/><D72/><U124/><E124/><V68/><F123/><W64/><G64/><T23/><D76/><U39/><E79/><V60/><F115/><W100/><G85/><T81/><D102/><U56/><E33/><V1/><F112/><W2/><G2/><T70/><D70/><U4/><E47/><V62/><F1/><W90/><G90/><T104/><D104/><U50/><E0/><V11/><F11/><W95/><G38/><T118/><D118/><U108/><E108/><V26/><F60/><W9/><G15/><T132/><D132/><U74/><E74/><V17/><F117/><W65/><G65/><T106/><D106/><U21/><E21/><V59/><F119/><W107/><G107/><T69/><D69/><U122/><E122/><V121/><F121/><W92/><N who="3" m="23552" /><DORA hai="120" /><W58/><G58/><N who="1" m="22634" /><E39/><V30/><F10/><W71/><G71/><T83/><D83/><U114/><E114/><V109/><F109/><W78/><G78/><T133/><D133/><U29/><E99/><N who="0" m="37929" /><D36/><U73/><E73/><V35/><REACH who="2" step="1"/><F68/><REACH who="2" ten="286,217,152,335" step="2"/><W7/><REACH who="3" step="1"/><G37/><REACH who="3" ten="286,217,152,325" step="2"/><T67/><D67/><U8/><E101/><AGARI ba="0,2" hai="7,9,12,22,24,31,40,41,100,101,103" m="23552" machi="101" ten="50,9600,0" yaku="1,1,2,1,8,1,53,0" doraHai="13,120" doraHaiUra="48,127" who="3" fromWho="1" sc="286,0,217,-96,152,0,325,116" /><INIT seed="3,1,0,1,4,2" ten="286,121,152,441" oya="3" hai0="129,20,61,95,53,102,133,105,27,7,51,65,91" hai1="73,82,80,72,34,15,87,8,41,126,114,60,83" hai2="19,32,94,58,68,132,125,100,3,97,123,28,135" hai3="122,66,45,54,48,116,38,120,1,71,90,96,85"/><W22/><G116/><T86/><D129/><U119/><E114/><V92/><F68/><W5/><G96/><T23/><D133/><N who="2" m="51274" /><F3/><W6/><G1/><T13/><D105/><U127/><E34/><V9/><F125/><N who="1" m="47625" /><E41/><V117/><F117/><W84/><G84/><T78/><D78/><U35/><E35/><V130/><F130/><W115/><G115/><T30/><D102/><U55/><E119/><V62/><F123/><W99/><G99/><T64/><D61/><U106/><E106/><N who="2" m="63759" /><F28/><W121/><G38/><T134/><D134/><U37/><E37/><V17/><F32/><W101/><G101/><T25/><D7/><N who="1" m="3487" /><E87/><V49/><F49/><W24/><G66/><T59/><REACH who="0" step="1"/><D13/><REACH who="0" ten="276,121,152,441" step="2"/><U14/><E14/><N who="2" m="7375" /><F19/><AGARI ba="1,1" hai="19,20,23,25,27,30,51,53,59,64,65,86,91,95" machi="19" ten="30,3900,0" yaku="1,1,7,1,8,1,53,0" doraHai="2" doraHaiUra="110" who="0" fromWho="2" sc="276,52,121,0,152,-42,441,0" /><INIT seed="4,0,0,3,2,115" ten="328,121,110,441" oya="0" hai0="19,135,47,65,95,80,75,126,43,99,79,132,122" hai1="87,52,12,23,130,42,37,114,134,60,125,69,15" hai2="133,34,24,33,64,20,63,26,10,30,127,121,44" hai3="107,129,119,78,70,117,29,76,83,59,105,94,17"/><T7/><D65/><U116/><E116/><N who="3" m="44618" /><G70/><T9/><D122/><U38/><E125/><V90/><F133/><N who="0" m="51274" /><D19/><U67/><E130/><V102/><F121/><W100/><G29/><T112/><D126/><U82/><E114/><V48/><F127/><W98/><G59/><T28/><D28/><U97/><E134/><V88/><F102/><W61/><G61/><T51/><D112/><U96/><E12/><V55/><F10/><W77/><G17/><T124/><D124/><U45/><E37/><V84/><F26/><W103/><G129/><T41/><D41/><U72/><E72/><V22/><F22/><W110/><G110/><T11/><D7/><U46/><E15/><V35/><REACH who="2" step="1"/><F84/><REACH who="2" ten="328,121,100,441" step="2"/><N who="3" m="48231" /><G103/><AGARI ba="0,1" hai="9,11,43,47,51,75,79,80,95,99,103" m="51274" machi="103" ten="30,1500,0" yaku="20,1" doraHai="115" who="0" fromWho="3" sc="328,25,121,0,100,0,441,-15" /><INIT seed="4,1,0,2,0,126" ten="353,121,100,426" oya="0" hai0="51,74,38,28,79,99,10,89,84,92,121,41,85" hai1="42,35,3,7,40,46,17,122,19,70,54,88,112" hai2="100,6,36,60,27,116,102,26,20,29,98,71,133" hai3="11,103,125,65,131,107,105,113,93,31,123,117,130"/><T77/><D121/><U13/><E122/><V104/><F133/><W81/><G125/><T111/><D38/><U48/><E70/><V47/><F116/><W76/><G123/><T87/><D28/><U86/><E35/><V68/><F100/><W1/><G117/><T69/><D69/><U97/><E112/><V119/><F119/><W63/><G31/><T52/><D41/><U106/><E3/><V82/><F6/><W15/><G1/><T23/><D74/><U128/><E128/><N who="3" m="49194" /><G113/><T75/><D75/><U55/><E106/><V21/><F82/><W132/><G132/><T12/><D23/><U95/><E54/><V43/><REACH who="2" step="1"/><F60/><REACH who="2" ten="353,121,90,426" step="2"/><W39/><G103/><T73/><D111/><U0/><E0/><V127/><F127/><W50/><G93/><T129/><D129/><U33/><E7/><V108/><F108/><W18/><G39/><T37/><D37/><U101/><E33/><V30/><AGARI ba="1,1" hai="20,21,26,27,29,30,36,43,47,68,71,98,102,104" machi="30" ten="20,5200,0" yaku="1,1,0,1,7,1,9,1,53,0" doraHai="126" doraHaiUra="134" who="2" fromWho="2" sc="353,-27,121,-14,90,65,426,-14" /><INIT seed="5,0,0,5,0,29" ten="326,107,155,412" oya="1" hai0="45,132,95,19,47,5,52,33,125,18,72,11,21" hai1="112,108,20,12,97,121,61,63,34,120,62,92,94" hai2="110,85,28,4,135,10,90,39,13,96,123,69,88" hai3="46,128,116,109,79,100,68,101,27,118,80,8,127"/><U60/><E112/><V99/><F110/><W36/><G68/><T98/><D72/><U23/><E108/><V119/><F123/><W87/><G109/><T22/><D132/><U37/><E37/><V78/><F119/><W35/><G8/><T115/><D115/><U129/><E129/><V83/><F135/><W74/><G128/><T41/><D125/><U15/><N who="1" m="15360" /><DORA hai="14" /><U122/><E34/><V89/><F69/><W73/><G127/><T32/><D11/><U105/><E105/><V48/><F39/><W44/><G44/><T40/><D5/><U93/><REACH who="1" step="1"/><E97/><REACH who="1" ten="326,97,155,412" step="2"/><V0/><F0/><W43/><G35/><T84/><D98/><U55/><E55/><V30/><F99/><W7/><G36/><T54/><D84/><U3/><E3/><V70/><F96/><W114/><G87/><T16/><D19/><U117/><E117/><V38/><F38/><W75/><G74/><T1/><D1/><U104/><E104/><V131/><F131/><W58/><G75/><T53/><D53/><U31/><E31/><V24/><F70/><W17/><G73/><T130/><D130/><U86/><E86/><V51/><REACH who="2" step="1"/><F30/><REACH who="2" ten="326,97,145,412" step="2"/><W65/><G114/><T106/><D106/><U6/><E6/><V25/><F25/><W76/><G7/><T71/><D71/><U2/><E2/><V103/><F103/><W111/><G100/><T82/><D54/><U133/><E133/><V49/><F49/><N who="3" m="26847" /><G101/><T102/><D52/><U50/><E50/><V126/><F126/><W67/><G118/><T77/><D102/><U59/><E59/><V91/><F91/><RYUUKYOKU ba="0,2" sc="326,-15,97,15,145,15,412,-15" hai1="12,15,20,23,92,93,94,120,121,122" hai2="4,10,13,24,28,48,51,78,83,85,88,89,90" /><INIT seed="5,1,2,1,5,122" ten="311,112,160,397" oya="1" hai0="87,41,54,46,2,102,60,83,53,68,23,28,36" hai1="19,79,107,93,80,21,127,3,117,20,92,55,95" hai2="62,126,10,66,106,104,7,8,111,74,61,125,4" hai3="120,14,132,105,86,45,98,116,77,114,22,81,38"/><U6/><E117/><V85/><F85/><W131/><G116/><T108/><D2/><U34/><E34/><V110/><REACH who="2" step="1"/><F66/><REACH who="2" ten="311,112,150,397" step="2"/><W69/><G120/><T65/><D87/><N who="1" m="48543" /><E127/><V30/><F30/><W12/><G132/><T115/><D28/><U52/><E107/><V67/><F67/><W26/><G131/><T49/><D65/><U31/><E3/><V100/><F100/><W124/><G124/><T37/><D102/><U40/><E6/><V56/><F56/><W123/><G123/><T91/><D68/><U134/><E134/><V39/><F39/><W48/><G69/><T50/><D37/><U47/><E31/><V119/><F119/><W88/><G38/><T32/><D36/><U16/><E19/><V99/><F99/><W109/><G105/><T51/><D46/><U44/><E44/><V27/><F27/><W90/><G98/><T59/><D59/><U112/><E112/><V84/><F84/><W82/><G114/><T24/><D115/><U57/><E57/><V94/><F94/><W58/><G58/><T35/><D24/><N who="1" m="14343" /><E21/><V133/><F133/><W42/><G22/><T96/><D23/><U33/><E33/><V128/><F128/><W89/><G26/><T64/><D32/><U113/><E113/><V75/><AGARI ba="1,3" hai="4,7,8,10,61,62,74,75,104,106,110,111,125,126" machi="75" ten="25,16000,3" yaku="1,1,0,1,22,2,52,2,53,2" doraHai="122" doraHaiUra="0" who="2" fromWho="2" sc="311,-41,112,-81,150,193,397,-41" /><INIT seed="6,0,0,5,5,79" ten="270,31,343,356" oya="2" hai0="98,1,61,35,57,76,32,97,33,125,103,48,3" hai1="133,126,60,5,122,83,16,110,7,91,10,43,64" hai2="38,40,36,66,105,18,31,82,102,47,67,17,117" hai3="111,124,87,106,131,80,81,37,29,13,86,118,62"/><V11/><F117/><W129/><G37/><T95/><D125/><U90/><E110/><V77/><F31/><W49/><G124/><T68/><D68/><U39/><E126/><V72/><F38/><W107/><G111/><T84/><D48/><U26/><E133/><V114/><F114/><W44/><G118/><T27/><D27/><U92/><E122/><V75/><F75/><W101/><G29/><T51/><D51/><U85/><E43/><V78/><F78/><W94/><G62/><T65/><REACH who="0" step="1"/><D98/><REACH who="0" ten="260,31,343,356" step="2"/><U69/><E39/><V30/><F30/><W22/><G49/><T63/><D63/><U4/><E26/><V19/><REACH who="2" step="1"/><F11/><REACH who="2" ten="260,31,333,356" step="2"/><W24/><G129/><T23/><D23/><U8/><E8/><V74/><F74/><W6/><G131/><T14/><D14/><U93/><E10/><V130/><F130/><W134/><G13/><T99/><D99/><AGARI ba="0,2" hai="17,18,19,36,40,47,66,67,72,77,82,99,102,105" machi="99" ten="40,3900,0" yaku="1,1,52,1,53,0" doraHai="79" doraHaiUra="123" who="2" fromWho="0" sc="260,-39,31,0,333,59,356,0" /><INIT seed="6,1,0,1,4,135" ten="221,31,392,356" oya="2" hai0="31,73,111,101,52,89,64,86,29,70,125,53,10" hai1="41,103,108,112,87,95,48,119,122,75,83,3,19" hai2="32,58,102,69,67,120,128,20,55,33,129,57,92" hai3="12,110,130,23,25,17,13,9,18,85,127,45,43"/><V114/><F114/><W93/><G110/><T98/><D111/><U99/><E108/><V49/><F69/><W78/><G130/><N who="2" m="50281" /><F120/><W46/><G127/><T131/><D73/><U59/><E3/><V11/><F11/><W97/><G43/><T0/><D131/><U1/><E75/><V44/><F20/><W68/><G68/><T76/><D76/><U2/><E2/><V79/><F79/><W118/><G118/><T40/><D40/><U116/><E19/><V105/><F105/><W66/><G66/><T77/><D77/><U71/><E87/><V133/><F133/><W14/><G85/><T81/><D70/><U24/><E95/><V115/><F115/><W94/><G78/><T47/><D64/><U65/><E65/><V117/><F117/><W38/><G38/><T124/><D10/><U84/><E1/><V82/><F82/><W100/><G93/><N who="0" m="58575" /><D0/><U37/><E71/><V134/><F134/><W61/><G61/><T121/><D121/><U123/><E112/><V74/><F74/><W106/><G106/><T28/><D47/><AGARI ba="1,0" hai="9,12,13,14,17,18,23,25,45,46,47,94,97,100" machi="47" ten="40,1300,0" yaku="8,1" doraHai="135" who="3" fromWho="0" sc="221,-16,31,0,392,0,356,16" /><INIT seed="7,0,0,0,0,48" ten="205,31,392,372" oya="3" hai0="52,115,41,21,42,9,16,74,18,85,84,36,121" hai1="129,82,51,60,61,106,89,92,73,11,2,12,54" hai2="58,71,3,13,132,63,100,23,34,72,26,24,122" hai3="40,20,104,57,114,33,10,27,124,107,75,108,38"/><W62/><G75/><T119/><D121/><U126/><E106/><V105/><F3/><W28/><G108/><T96/><D119/><U99/><E2/><V90/><F72/><W32/><G114/><T50/><D74/><U43/><E129/><V19/><F132/><W87/><G124/><T37/><D115/><U101/><E126/><V83/><F122/><W91/><G104/><T133/><D133/><U135/><E135/><V29/><F90/><W78/><G78/><T65/><D65/><U8/><E43/><V15/><F83/><W6/><G107/><T70/><D70/><U14/><E73/><V88/><F88/><W112/><G112/><T111/><D111/><U76/><E76/><V123/><F123/><W17/><G28/><T45/><D96/><U113/><E113/><V31/><F19/><W7/><G7/><T109/><D109/><U127/><E127/><V131/><F131/><W69/><G69/><T125/><D125/><U67/><E67/><N who="2" m="41471" /><F58/><W47/><G91/><T134/><D134/><U116/><E116/><V102/><F102/><W68/><G87/><T44/><D9/><U103/><E103/><V39/><F39/><W77/><G77/><T94/><D94/><U110/><E110/><V81/><F81/><W49/><G68/><T128/><D128/><U86/><E8/><V120/><F120/><W22/><G38/><T4/><D4/><U95/><E95/><V93/><F93/><W66/><REACH who="3" step="1"/><G20/><REACH who="3" ten="205,31,392,362" step="2"/><T98/><D98/><AGARI ba="0,1" hai="13,15,23,24,26,29,31,34,98,100,105" m="41471" machi="98" ten="30,1000,0" yaku="25,1" doraHai="48" who="2" fromWho="0" sc="205,-10,31,0,392,20,362,0" owari="195,-20.5,31,-46.9,412,51.2,362,16.2" /></mjloggm>