<mjloggm ver="2.3"><GO type="169" lobby="0"/><UN n0="%E6%A4%9B%E5%8D%97" n1="%E6%96%B0%E6%9C%88%E9%97%87%E9%9F%B3" n2="%68%69%74%6F%6D%69" n3="%E6%81%8B%E3%81%AE%E3%81%86%E3%81%9F" dan="18,17,16,17" rate="2203.54,2166.60,2096.04,2214.43" sx="F,M,F,M"/><TAIKYOKU oya="0"/><INIT seed="0,0,0,5,3,105" ten="250,250,250,250" oya="0" hai0="112,104,10,78,121,80,59,0,18,45,89,69,110" hai1="42,117,21,102,71,47,133,28,126,25,94,103,55" hai2="124,65,39,115,118,36,15,75,54,111,57,122,52" hai3="88,35,76,51,114,7,96,97,68,11,23,53,29"/><T132/><D69/><U131/><E117/><V95/><F115/><W37/><G37/><T83/><D112/><U72/><E131/><V40/><F122/><W129/><G35/><T9/><D104/><U61/><E133/><V101/><F111/><W70/><G76/><T98/><D121/><U99/><E126/><V93/><F124/><W113/><G129/><T67/><D132/><U41/><E103/><V91/><F65/><W86/><G68/><T107/><D0/><U85/><E72/><V79/><F40/><W2/><G70/><T60/><D107/><U20/><E42/><V19/><F54/><W24/><G114/><T66/><D66/><U84/><E20/><V8/><F101/><W32/><G32/><T12/><D110/><U31/><E31/><V49/><F95/><W73/><G73/><T90/><D98/><U135/><E135/><V17/><F17/><W50/><G50/><T81/><D10/><U87/><E71/><V120/><F118/><W26/><G26/><T134/><D134/><U128/><E128/><V3/><F3/><W62/><G62/><T127/><D127/><U123/><E123/><V74/><F120/><W6/><G6/><T63/><D63/><U119/><E119/><V100/><F100/><W92/><REACH who="3" step="1"/><G113/><REACH who="3" ten="250,250,250,240" step="2"/><T82/><REACH who="0" step="1"/><D45/><AGARI ba="0,1" hai="2,7,11,23,24,29,45,51,53,86,88,92,96,97" machi="45" ten="30,7700,0" yaku="1,1,2,1,7,1,54,1,53,0" doraHai="105" doraHaiUra="77" who="3" fromWho="0" sc="250,-77,250,0,250,0,240,87" /><INIT seed="1,0,0,1,4,1" ten="173,250,250,327" oya="1" hai0="66,96,51,17,115,43,89,127,39,41,28,6,63" hai1="133,67,132,47,0,116,15,102,103,88,91,40,119" hai2="11,21,81,53,38,110,68,112,50,60,84,24,5" hai3="72,8,7,79,90,9,13,76,65,128,62,36,10"/><U118/><E0/><V19/><F110/><W31/><G36/><T70/><D127/><U92/><E67/><V97/><F38/><W75/><G128/><T54/><D115/><U18/><E47/><V130/><F130/><W16/><G31/><T48/><D28/><U20/><E40/><V64/><F112/><W134/><G134/><N who="1" m="51818" /><E91/><V3/><F97/><AGARI ba="0,0" hai="15,18,20,88,92,97,102,103,116,118,119" m="51818" machi="97" ten="40,3900,0" yaku="20,1,54,1" doraHai="1" who="1" fromWho="2" sc="173,0,250,39,250,-39,327,0" /><INIT seed="1,1,0,0,0,13" ten="173,289,211,327" oya="1" hai0="94,28,98,134,80,61,64,128,49,47,124,17,60" hai1="65,127,88,126,97,16,101,109,63,6,122,125,121" hai2="115,130,11,117,72,7,66,52,105,39,45,12,30" hai3="51,85,15,100,118,112,75,73,92,107,56,46,91"/><U50/><E6/><V24/><F117/><W129/><G112/><T87/><D134/><U83/><E50/><V55/><F130/><W81/><G129/><T42/><D124/><U14/><E109/><V3/><F115/><W23/><G107/><T58/><D128/><U113/><E113/><V1/><F105/><W8/><G56/><T123/><D123/><U21/><E83/><V76/><F66/><W93/><G23/><T18/><D28/><U79/><E79/><V53/><F72/><W5/><G118/><T116/><D61/><U26/><E14/><V95/><F76/><W20/><G20/><T119/><D119/><U96/><E96/><V110/><F110/><W19/><G5/><T135/><D135/><U89/><E121/><V4/><F95/><W9/><G9/><T132/><D132/><U59/><E122/><V84/><F84/><W25/><G25/><T33/><D33/><U70/><E70/><V77/><F77/><W74/><REACH who="3" step="1"/><G100/><REACH who="3" ten="173,289,211,317" step="2"/><N who="0" m="60503" /><D116/><U108/><E108/><V111/><F111/><W106/><G106/><AGARI ba="1,1" hai="16,21,26,59,63,65,88,89,97,101,106,125,126,127" machi="106" ten="40,12000,1" yaku="18,1,52,1,54,2" doraHai="13" who="1" fromWho="3" sc="173,0,289,133,211,0,317,-123" /><INIT seed="1,2,0,4,2,95" ten="173,422,211,194" oya="1" hai0="19,32,14,9,12,80,17,107,2,126,124,89,7" hai1="21,128,35,66,4,74,67,132,33,103,20,91,13" hai2="6,44,93,123,64,43,133,55,39,129,50,121,100" hai3="8,26,23,88,0,58,56,18,99,109,46,117,135"/><U1/><E74/><V47/><F133/><W130/><G109/><T73/><D107/><U131/><E103/><V68/><F129/><N who="1" m="49737" /><E91/><V5/><F5/><W61/><G135/><T3/><D89/><U49/><E49/><V101/><F6/><W110/><G110/><T16/><D80/><U116/><E132/><V48/><F101/><W92/><G117/><T81/><D81/><U40/><E40/><V83/><F83/><W71/><G130/><T25/><D73/><U112/><E116/><V10/><F10/><W70/><G58/><T30/><REACH who="0" step="1"/><D14/><REACH who="0" ten="163,422,211,194" step="2"/><U113/><E13/><V82/><F82/><W36/><G0/><AGARI ba="2,1" hai="0,2,3,7,9,12,16,17,19,25,30,32,124,126" machi="0" ten="40,12000,2" yaku="1,1,2,1,34,3,54,1,53,1" doraHai="95" doraHaiUra="11" who="0" fromWho="3" sc="163,136,422,0,211,0,194,-126" /><INIT seed="2,0,0,2,4,127" ten="299,422,211,68" oya="2" hai0="110,91,26,74,15,130,77,120,69,101,27,92,20" hai1="99,39,9,8,102,84,49,31,29,67,70,28,104" hai2="128,45,54,122,23,33,119,35,111,134,75,18,6" hai3="105,97,43,80,85,11,82,52,58,61,132,10,19"/><V65/><F119/><W129/><G132/><T25/><D120/><U124/><E39/><V60/><F122/><W50/><G105/><T89/><D69/><U64/><E124/><V21/><F134/><W112/><G112/><T125/><D125/><U121/><E121/><V68/><F75/><W55/><G43/><T47/><D110/><U71/><E84/><V59/><F111/><W44/><G129/><T76/><D130/><U57/><E49/><V34/><F128/><W115/><G115/><T16/><D47/><U131/><E57/><V95/><F6/><W96/><G80/><T48/><D48/><U88/><E131/><V62/><F45/><W63/><G63/><T81/><REACH who="0" step="1"/><D77/><REACH who="0" ten="289,422,211,68" step="2"/><U94/><E71/><V13/><REACH who="2" step="1"/><F95/><REACH who="2" ten="289,422,201,68" step="2"/><W100/><G44/><T86/><D86/><U41/><E94/><V53/><F53/><W98/><G55/><T22/><D22/><AGARI ba="0,2" hai="13,18,21,22,23,33,34,35,54,59,60,62,65,68" machi="22" ten="40,2000,0" yaku="1,1,53,0" doraHai="127" doraHaiUra="87" who="2" fromWho="0" sc="289,-20,422,0,201,40,68,0" /><INIT seed="2,1,0,4,1,74" ten="269,422,241,68" oya="2" hai0="29,122,102,13,39,112,12,19,82,108,24,114,90" hai1="78,23,96,11,33,117,28,38,113,80,0,79,36" hai2="15,115,103,93,42,65,53,89,58,61,21,99,37" hai3="127,97,63,60,18,95,135,123,1,116,104,8,47"/><V67/><F115/><W35/><G123/><T94/><D122/><U73/><E113/><V124/><F124/><W119/><G104/><T25/><D39/><U134/><E23/><V10/><F37/><W81/><G35/><T34/><D108/><U6/><E117/><V129/><F129/><W75/><G135/><T43/><D13/><U49/><E49/><V100/><F42/><W31/><G31/><T121/><D25/><N who="1" m="18575" /><E134/><V4/><REACH who="2" step="1"/><F21/><REACH who="2" ten="269,422,231,68" step="2"/><W56/><G116/><T3/><D114/><U5/><E38/><V109/><F109/><W64/><G119/><T52/><D43/><U77/><E36/><V62/><F62/><W98/><G63/><T85/><D112/><U86/><E73/><V68/><F68/><W14/><G127/><T57/><D121/><U130/><E130/><V70/><F70/><W30/><G75/><T27/><D34/><U91/><E0/><V72/><F72/><W59/><G1/><T101/><D3/><U41/><E41/><V118/><F118/><W48/><G60/><N who="0" m="35879" /><D29/><U126/><E126/><V45/><F45/><W88/><G30/><T51/><D51/><U106/><E5/><V71/><F71/><W46/><G48/><T44/><D44/><U32/><E6/><V2/><F2/><W84/><G47/><T54/><D19/><U133/><E32/><V87/><F87/><W131/><G131/><T9/><D85/><U111/><E111/><V7/><F7/><W120/><G120/><T128/><D128/><U50/><E133/><V69/><F69/><W92/><G46/><T17/><D17/><U105/><E86/><RYUUKYOKU ba="1,1" sc="269,-10,422,-10,231,30,68,-10" hai2="4,10,15,53,58,61,65,67,89,93,99,100,103" /><INIT seed="2,2,1,3,5,121" ten="259,412,261,58" oya="2" hai0="69,67,132,34,58,94,85,93,87,15,114,122,111" hai1="76,24,22,41,107,6,43,83,110,70,82,134,56" hai2="129,131,37,50,130,78,120,19,13,17,33,72,99" hai3="80,54,98,47,101,64,14,16,40,100,48,135,42"/><V81/><F120/><W32/><G135/><T5/><D122/><U12/><E70/><V89/><F37/><W108/><G32/><T90/><D69/><U21/><E107/><V102/><F33/><W133/><G133/><T8/><D34/><U115/><E115/><V57/><F89/><W84/><G64/><T36/><D36/><U109/><E134/><V39/><F39/><W62/><G108/><N who="1" m="41578" /><E56/><V66/><F13/><W4/><G4/><T124/><D111/><U23/><E24/><V74/><F74/><W44/><G62/><T105/><D105/><U10/><E83/><V38/><F38/><W27/><G27/><T61/><D132/><U73/><AGARI ba="2,1" hai="6,10,12,21,22,23,41,43,73,76,82" m="41578" machi="73" ten="30,7900,0" yaku="14,1,52,3" doraHai="121" who="1" fromWho="1" sc="259,-22,412,95,261,-41,58,-22" /><INIT seed="3,0,0,2,5,60" ten="237,507,220,36" oya="3" hai0="29,65,42,43,102,124,41,74,89,64,3,95,93" hai1="10,70,106,113,52,80,18,84,88,119,72,48,73" hai2="66,107,94,108,100,59,121,53,16,26,6,110,12" hai3="109,11,4,14,86,103,111,68,76,105,33,126,51"/><W38/><G38/><T120/><D3/><U28/><E113/><V36/><F107/><W21/><G33/><T0/><D0/><U131/><E70/><V78/><F121/><W125/><G68/><T128/><D120/><U69/><E69/><V32/><F36/><W30/><G105/><T129/><D74/><U67/><E106/><V40/><F78/><W98/><G98/><N who="0" m="59727" /><D29/><U134/><E131/><N who="0" m="50249" /><D124/><N who="3" m="47721" /><G103/><T63/><D63/><U22/><E134/><V23/><F40/><W130/><G130/><T101/><D101/><U112/><E67/><N who="0" m="25673" /><D41/><U19/><E28/><V34/><F66/><W25/><G76/><T122/><D122/><U49/><E73/><V55/><F55/><W27/><G86/><AGARI ba="0,0" hai="42,43,86,89,95" m="25673,50249,59727" machi="86" ten="30,7700,0" yaku="19,1,52,3" doraHai="60" who="0" fromWho="3" sc="237,77,507,0,220,0,36,-77" owari="314,11.4,507,60.7,220,-18.0,-41,-54.1" /></mjloggm>