<mjloggm ver="2.3"><GO type="169" lobby="0"/><UN n0="%E4%B9%9D%E7%B4%8B%E9%BE%8D%E5%8F%B2%E9%80%B2" n1="%E4%BA%8C%E6%8A%9E%E4%BA%BA" n2="%E3%81%93%E3%81%A1" n3="%E3%83%A1%E3%82%AB%E3%82%BC%E3%83%83%E3%83%88%E3%83%B3" dan="19,16,17,17" rate="2300.68,2031.51,2215.41,2194.43" sx="M,F,F,M"/><TAIKYOKU oya="0"/><INIT seed="0,0,0,4,1,20" ten="250,250,250,250" oya="0" hai0="7,100,109,112,4,14,126,135,102,110,46,120,3" hai1="51,93,89,58,70,73,34,75,39,48,35,9,56" hai2="117,57,1,63,30,87,99,52,115,77,29,69,124" hai3="38,11,101,50,36,83,91,13,44,107,16,61,114"/><T125/><D112/><U71/><E39/><V104/><F115/><W5/><G114/><T113/><D113/><U31/><E9/><V10/><F124/><N who="0" m="47722" /><D120/><U105/><E93/><V28/><F117/><W40/><G61/><T55/><D3/><U37/><E37/><V131/><F131/><W17/><G38/><T97/><D135/><U130/><E31/><V88/><F69/><W45/><G101/><N who="0" m="39019" /><D97/><U47/><E47/><V6/><F104/><W66/><G107/><T2/><D2/><U23/><E105/><V79/><REACH who="2" step="1"/><F99/><REACH who="2" ten="250,250,240,250" step="2"/><W49/><G36/><T41/><D41/><U94/><E130/><V133/><F133/><W106/><G106/><T78/><D78/><U119/><E70/><V43/><F43/><W85/><G66/><T64/><D64/><U128/><E71/><V92/><AGARI ba="0,1" hai="1,6,10,28,29,30,52,57,63,77,79,87,88,92" machi="92" ten="30,7900,0" yaku="1,1,0,1,54,2,53,0" doraHai="20" doraHaiUra="76" who="2" fromWho="2" sc="250,-39,250,-20,240,89,250,-20" /><INIT seed="1,0,0,5,4,91" ten="211,230,329,230" oya="1" hai0="57,128,56,6,58,123,67,53,119,78,36,89,39" hai1="79,60,94,116,7,66,104,51,80,117,124,72,96" hai2="18,73,65,24,75,38,85,103,111,88,35,134,50" hai3="110,12,118,14,17,10,107,29,45,83,92,106,3"/><U82/><E124/><V76/><F38/><W48/><G3/><T99/><D119/><U4/><E104/><V59/><F111/><W19/><G110/><T131/><D78/><U95/><E117/><V23/><F134/><W11/><G118/><T69/><D6/><U5/><E116/><V98/><F76/><W46/><G29/><T41/><D123/><U28/><E28/><V108/><F35/><W71/><G71/><T37/><D89/><U68/><E80/><V90/><F90/><W105/><G83/><T86/><D86/><U61/><E96/><V97/><F97/><W114/><G114/><T109/><D99/><U133/><E133/><V27/><F27/><W77/><G77/><T25/><D25/><U30/><E30/><V102/><F108/><W42/><G46/><T70/><D109/><U20/><E20/><V43/><F43/><W130/><REACH who="3" step="1"/><G92/><REACH who="3" ten="211,230,329,220" step="2"/><T32/><D32/><U1/><E1/><V49/><F75/><W101/><G101/><T0/><D0/><U2/><E2/><V8/><F73/><W54/><G54/><T115/><D115/><U47/><REACH who="1" step="1"/><E61/><REACH who="1" ten="211,220,329,220" step="2"/><N who="2" m="38079" /><F103/><W127/><G127/><T22/><D67/><U132/><E132/><V55/><F102/><W15/><G15/><T125/><D125/><U93/><E93/><V26/><F26/><W84/><G84/><T13/><D13/><U44/><E44/><V63/><F98/><W64/><G64/><T126/><D126/><U81/><E81/><V62/><F85/><W74/><G74/><T121/><D121/><U21/><E21/><V100/><F23/><W52/><G52/><AGARI ba="0,2" hai="4,5,7,47,51,52,60,66,68,72,79,82,94,95" machi="52" ten="40,12000,1" yaku="1,1,6,1,52,2,54,1,53,0" doraHai="91" doraHaiUra="9" who="1" fromWho="3" sc="211,0,220,140,329,0,220,-120" /><INIT seed="1,1,0,3,4,125" ten="211,360,329,100" oya="1" hai0="110,61,90,62,51,128,36,122,7,78,77,107,4" hai1="100,105,79,74,56,111,48,97,81,13,18,64,126" hai2="132,85,71,49,89,101,103,116,27,38,117,60,3" hai3="10,52,20,86,54,33,118,104,65,102,119,29,114"/><U47/><E126/><V76/><F38/><W0/><G33/><T26/><D36/><U91/><E111/><V67/><F3/><W58/><G114/><T32/><D107/><U11/><E64/><V130/><F132/><W8/><G102/><T22/><D32/><U80/><E56/><V84/><F76/><W19/><G104/><T131/><D110/><U55/><E81/><V92/><F84/><W109/><G109/><T37/><D37/><U14/><E14/><V108/><F108/><W46/><G29/><T25/><D51/><U69/><E91/><V9/><F9/><W35/><G35/><T30/><D90/><U24/><E24/><V5/><F5/><N who="0" m="2122" /><D26/><U42/><REACH who="1" step="1"/><E69/><REACH who="1" ten="211,350,329,100" step="2"/><V129/><F27/><W93/><G65/><T87/><D122/><U73/><E73/><V43/><F101/><W134/><G134/><T53/><D78/><U15/><E15/><V66/><F66/><W57/><G0/><T94/><D77/><U106/><E106/><V120/><F120/><W28/><G57/><T112/><D94/><U95/><E95/><V115/><F103/><W17/><G58/><T23/><D25/><U123/><E123/><V99/><F92/><W40/><G93/><T16/><D87/><U31/><E31/><V124/><F85/><W59/><G59/><T96/><D30/><U68/><E68/><V127/><F71/><W72/><G28/><T63/><D63/><U82/><E82/><V39/><F60/><W88/><G86/><T83/><D61/><U21/><E21/><V12/><F127/><W34/><G34/><T1/><D62/><RYUUKYOKU ba="1,1" sc="211,-10,350,30,329,-10,100,-10" hai1="11,13,18,42,47,48,55,74,79,80,97,100,105" /><INIT seed="1,2,1,5,2,79" ten="201,380,319,90" oya="1" hai0="134,64,109,10,133,84,76,67,23,107,0,28,68" hai1="92,99,127,53,85,112,131,114,98,74,77,38,94" hai2="101,42,118,117,43,91,89,93,122,86,58,66,33" hai3="106,135,2,129,11,69,111,8,31,3,105,16,57"/><U32/><E38/><V18/><F122/><W62/><G69/><T39/><D39/><U103/><E32/><V9/><F33/><W35/><G57/><T36/><D36/><U121/><E121/><V63/><F101/><W128/><G62/><T125/><D107/><U47/><E47/><V97/><F117/><W26/><G105/><T52/><D109/><U108/><E108/><V51/><F118/><W119/><G106/><T48/><D125/><U104/><E53/><V123/><F123/><W37/><G37/><T29/><D0/><N who="3" m="41" /><G111/><T54/><D10/><N who="3" m="3625" /><G119/><T15/><D68/><U126/><E131/><N who="3" m="50250" /><G135/><N who="0" m="51723" /><D54/><U82/><E127/><V45/><F43/><W14/><G14/><T65/><D76/><U13/><E13/><N who="2" m="7471" /><F89/><W19/><AGARI ba="2,1" hai="16,19,26,31,35" m="50250,3625,41" machi="19" ten="40,8000,1" yaku="19,1,34,2,54,1" doraHai="79" who="3" fromWho="3" sc="201,-22,380,-42,319,-22,90,96" /><INIT seed="2,0,0,2,5,106" ten="179,338,297,186" oya="2" hai0="61,47,9,16,20,74,25,39,81,117,112,32,132" hai1="77,69,60,97,66,7,129,2,78,101,135,14,102" hai2="46,121,18,21,24,12,30,57,35,96,15,40,115" hai3="70,54,94,64,108,29,56,116,53,31,27,34,107"/><V134/><F115/><W122/><G107/><T19/><D112/><U103/><E2/><V17/><F121/><W83/><G108/><T98/><D132/><U6/><E129/><V5/><F134/><W48/><G116/><T99/><D32/><U119/><E119/><V26/><F57/><W28/><G122/><T1/><D61/><U37/><E37/><V104/><F104/><W90/><G83/><T23/><D117/><U92/><E135/><V42/><F96/><W41/><G41/><N who="0" m="22975" /><D19/><U68/><E68/><V33/><F46/><W65/><G53/><T67/><D20/><U105/><E105/><V38/><F38/><W133/><G133/><T87/><D87/><U131/><E131/><V55/><F55/><W8/><G8/><T13/><D13/><U79/><REACH who="1" step="1"/><E14/><REACH who="1" ten="179,328,297,186" step="2"/><V51/><F12/><W86/><G70/><T63/><D1/><U127/><E127/><V125/><F125/><W43/><G43/><T36/><D36/><U89/><AGARI ba="0,1" hai="6,7,60,66,69,77,78,79,89,92,97,101,102,103" machi="89" ten="30,2000,0" yaku="1,1,0,1,53,0" doraHai="106" doraHaiUra="45" who="1" fromWho="1" sc="179,-5,328,30,297,-10,186,-5" /><INIT seed="3,0,0,1,2,97" ten="174,358,287,181" oya="3" hai0="102,16,70,124,20,106,83,96,38,101,29,3,112" hai1="56,53,126,31,121,65,78,49,4,76,7,58,26" hai2="57,81,85,14,94,87,48,88,100,10,80,61,125" hai3="86,103,33,77,108,72,109,68,62,45,6,66,134"/><W90/><G33/><T131/><D3/><U113/><E121/><V115/><F115/><W28/><G28/><T120/><D120/><U60/><E113/><V13/><F125/><W93/><G6/><T12/><D112/><U98/><E126/><V32/><F32/><W47/><G134/><T52/><D124/><U107/><E4/><V51/><F81/><W27/><G27/><T19/><D38/><U133/><E7/><V43/><F43/><W1/><G1/><T55/><D70/><U67/><E67/><V79/><F100/><W41/><G77/><T36/><D36/><U5/><E5/><N who="2" m="3279" /><F14/><W44/><G72/><T46/><D102/><U50/><E50/><V37/><F37/><W2/><G2/><T82/><D131/><U99/><E133/><V0/><F0/><W110/><REACH who="3" step="1"/><G103/><REACH who="3" ten="174,358,287,171" step="2"/><T11/><D29/><U34/><E78/><V123/><F123/><W91/><G91/><T114/><D114/><U119/><E76/><V129/><F129/><W22/><G22/><T63/><D20/><U39/><E34/><V9/><F9/><W104/><G104/><T84/><D19/><U74/><E107/><V75/><F75/><W8/><G8/><T111/><D101/><U92/><E74/><V25/><F25/><W30/><G30/><T118/><D106/><U73/><E73/><V89/><F79/><W42/><AGARI ba="0,1" hai="41,42,44,45,47,62,66,68,86,90,93,108,109,110" machi="42" ten="40,12000,1" yaku="1,1,0,1,14,1,10,1,53,0" doraHai="97" doraHaiUra="132" who="3" fromWho="3" sc="174,-40,358,-40,287,-40,171,130" /><INIT seed="3,1,0,2,2,103" ten="134,318,247,301" oya="3" hai0="118,0,73,117,46,25,39,33,131,94,13,44,134" hai1="7,98,77,48,70,71,74,38,112,63,40,35,20" hai2="91,60,28,50,22,41,29,121,75,5,3,21,132" hai3="58,88,78,66,99,82,18,43,133,17,47,104,53"/><W51/><G133/><T107/><D94/><U72/><E35/><V36/><F36/><W87/><G66/><T92/><D92/><U100/><E112/><V90/><F75/><W79/><G104/><T8/><D13/><U115/><E115/><V10/><F132/><W96/><G96/><T130/><D134/><U84/><E38/><V27/><F121/><W31/><G31/><N who="0" m="19695" /><D44/><U85/><E7/><V57/><F29/><W105/><G105/><T26/><D26/><U37/><E37/><V45/><REACH who="2" step="1"/><F21/><REACH who="2" ten="134,318,237,301" step="2"/><W93/><REACH who="3" step="1"/><G79/><REACH who="3" ten="134,318,237,291" step="2"/><T114/><D114/><U123/><E77/><V65/><AGARI ba="1,2" hai="3,5,10,22,27,28,41,45,50,57,60,65,90,91" machi="65" ten="20,8000,1" yaku="1,1,2,1,0,1,7,1,53,1" doraHai="103" doraHaiUra="34" who="2" fromWho="2" sc="134,-21,318,-21,237,103,291,-41" /><INIT seed="4,0,0,4,3,23" ten="113,297,340,250" oya="0" hai0="85,34,98,30,107,36,0,95,92,53,131,84,12" hai1="88,133,97,43,68,21,20,109,124,113,19,15,24" hai2="78,120,42,18,75,31,104,105,35,44,13,3,101" hai3="58,49,66,46,32,5,40,83,52,96,28,128,73"/><T114/><D0/><U27/><E109/><V118/><F120/><W25/><G128/><T122/><D122/><U71/><E124/><V115/><F3/><W29/><G29/><T55/><D36/><U10/><E133/><V99/><F115/><W47/><G5/><T61/><D107/><U48/><E113/><V121/><F121/><W135/><G135/><T111/><D114/><U119/><E119/><V134/><F134/><W67/><G46/><T37/><D37/><U110/><E110/><V127/><F127/><W90/><G96/><T117/><D117/><U79/><E79/><V11/><F118/><W6/><G6/><T16/><D111/><U50/><E68/><V106/><F78/><W77/><REACH who="3" step="1"/><G90/><REACH who="3" ten="113,297,340,240" step="2"/><T9/><D131/><U125/><E125/><V72/><F31/><W60/><AGARI ba="0,1" hai="25,28,32,40,47,49,52,58,60,66,67,73,77,83" machi="60" ten="20,12000,2" yaku="1,1,2,1,0,1,7,1,52,1,54,1,53,0" doraHai="23" doraHaiUra="129" who="3" fromWho="3" sc="113,-60,297,-30,340,-30,240,130" /><INIT seed="5,0,0,1,4,90" ten="53,267,310,370" oya="1" hai0="94,60,100,75,125,8,39,35,132,44,45,67,70" hai1="77,116,72,114,111,102,30,121,87,56,20,79,133" hai2="82,52,123,23,49,62,19,128,24,32,9,50,58" hai3="92,68,69,53,101,134,41,131,115,12,16,54,64"/><U65/><E116/><V27/><F123/><W99/><G115/><T17/><D75/><U48/><E121/><V4/><F128/><W21/><G131/><T93/><D35/><U117/><E117/><V7/><F32/><W120/><G120/><T43/><D132/><U26/><E133/><V10/><F24/><W61/><G134/><T85/><D125/><U106/><E111/><V130/><F130/><W40/><G69/><T31/><D31/><U119/><E119/><V71/><F71/><W3/><G3/><T55/><D100/><U103/><E114/><V81/><F10/><W38/><G38/><T97/><D97/><U28/><E28/><V78/><F7/><W127/><G127/><T129/><D129/><U96/><E72/><V57/><F78/><W18/><G18/><T108/><D85/><U2/><E2/><V112/><F112/><W34/><G34/><T25/><D108/><U6/><E6/><V63/><F49/><W110/><G110/><T86/><D86/><U59/><E87/><V51/><F51/><W84/><G84/><T124/><D124/><U22/><E22/><V14/><REACH who="2" step="1"/><F50/><REACH who="2" ten="53,267,300,370" step="2"/><W83/><G68/><T126/><D126/><U135/><E135/><V5/><F5/><W105/><G83/><T104/><D8/><U76/><E48/><V113/><F113/><W0/><G21/><N who="0" m="13487" /><D104/><U1/><E77/><V88/><F88/><W122/><G105/><T74/><D74/><U89/><E89/><V37/><F37/><W13/><G122/><T33/><D33/><U11/><E76/><V118/><F118/><W66/><G0/><RYUUKYOKU ba="0,1" sc="53,15,267,-15,300,15,370,-15" hai0="39,43,44,45,55,60,67,70,93,94" hai2="4,9,14,19,23,27,52,57,58,62,63,81,82" /><INIT seed="6,1,1,1,5,112" ten="68,252,315,355" oya="2" hai0="107,41,33,26,87,91,10,37,12,84,21,43,14" hai1="57,104,81,71,83,45,119,128,88,118,129,55,135" hai2="110,94,74,19,68,11,75,105,131,92,51,69,56" hai3="122,40,52,1,30,113,65,34,66,93,53,13,22"/><V117/><F105/><W29/><G1/><T16/><D107/><U121/><E71/><V85/><F131/><N who="1" m="50249" /><E135/><V86/><F110/><W96/><G34/><T50/><D37/><U133/><E133/><V9/><F56/><W60/><G40/><T97/><D33/><U23/><E104/><V58/><F58/><N who="3" m="34887" /><G122/><T32/><D32/><U73/><E45/><V59/><F59/><W36/><G53/><T115/><D115/><U48/><E121/><V134/><F134/><W100/><G36/><T108/><D108/><U79/><E23/><V126/><F19/><N who="3" m="10607" /><G113/><T61/><D61/><U111/><E111/><V44/><F44/><W63/><G63/><T106/><D14/><U25/><E25/><V98/><F98/><W15/><G15/><T8/><D8/><U54/><E54/><V114/><F114/><W39/><G39/><T89/><D106/><U99/><E99/><V103/><F51/><W62/><G62/><T38/><D38/><U116/><E116/><V5/><F117/><W77/><G77/><T132/><D132/><U72/><E72/><V127/><F5/><W3/><G3/><T78/><D78/><U64/><E64/><AGARI ba="1,1" hai="29,30,64,65,66,93,96,100" m="10607,34887" machi="64" ten="30,2000,0" yaku="8,1,54,1" doraHai="112" who="3" fromWho="1" sc="68,0,252,-23,315,0,355,33" /><INIT seed="7,0,0,5,4,16" ten="68,229,315,388" oya="3" hai0="18,68,101,81,66,78,92,129,40,128,134,49,104" hai1="69,39,6,19,107,106,53,116,98,103,45,5,127" hai2="84,120,55,51,111,62,71,2,82,102,122,97,105" hai3="3,72,20,29,123,50,119,30,42,56,110,25,80"/><W63/><G123/><T48/><D18/><U121/><E121/><N who="2" m="46699" /><F111/><W70/><G3/><T23/><D92/><U64/><E127/><V8/><F2/><W95/><G119/><T24/><D24/><U54/><E116/><V77/><F8/><W108/><G70/><T135/><D81/><U7/><E69/><V117/><F117/><W10/><G10/><T4/><D68/><U87/><E64/><N who="2" m="41367" /><F51/><W65/><G95/><T74/><D78/><U133/><E133/><V89/><F55/><W27/><G50/><T47/><D101/><U61/><E61/><V31/><F31/><W58/><G42/><T37/><D74/><U93/><E39/><V75/><F89/><W38/><G38/><T1/><D1/><U114/><E114/><V118/><F118/><W115/><G115/><T88/><D37/><U99/><E87/><AGARI ba="0,0" hai="75,77,82,84,87,97,102,105" m="41367,46699" machi="87" ten="30,1000,0" yaku="13,1" doraHai="16" who="2" fromWho="1" sc="68,0,229,-10,315,10,388,0" owari="68,-43.2,219,-18.1,325,12.5,388,48.8" /></mjloggm>