<mjloggm ver="2.3"><GO type="169" lobby="0"/><UN n0="%4B%4F%52%41%49%40%40%40" n1="%E3%83%80%E3%82%AF%E3%82%BF%E3%83%BC%E3%82%AF%E3%83%AA%E3%83%83%E3%83%97" n2="%79%7A%68%61%6E%67" n3="%E4%BA%BA%E5%8F%82%E5%BD%B9%E8%80%85%E3%81%8F%E3%82%93" dan="16,19,16,17" rate="2134.20,2258.21,2176.95,2171.88" sx="M,M,M,M"/><TAIKYOKU oya="0"/><INIT seed="0,0,0,1,2,60" ten="250,250,250,250" oya="0" hai0="64,113,131,77,33,25,76,3,11,97,9,54,105" hai1="14,82,61,42,122,30,121,83,126,74,132,94,43" hai2="2,93,34,16,47,70,45,99,50,59,19,38,7" hai3="88,134,36,48,102,125,133,20,81,110,71,75,90"/><T44/><D113/><U51/><E126/><V109/><F70/><W53/><G36/><T128/><D44/><U0/><E0/><V101/><F34/><W115/><G115/><T46/><D46/><U40/><E51/><V5/><F109/><W26/><G110/><T73/><D54/><U135/><E30/><V107/><F107/><W69/><G102/><T52/><D52/><U79/><E94/><V129/><F129/><W91/><G125/><T35/><D25/><U13/><E61/><V31/><F31/><W124/><G124/><T8/><D3/><U66/><E66/><V117/><F117/><W41/><G41/><T100/><D64/><U21/><E21/><V116/><F116/><W10/><G10/><T4/><D4/><U29/><E29/><V17/><F59/><W96/><G96/><T32/><REACH who="0" step="1"/><D73/><REACH who="0" ten="240,250,250,250" step="2"/><U111/><E111/><V130/><F2/><W55/><G53/><T127/><D127/><U123/><REACH who="1" step="1"/><E83/><REACH who="1" ten="240,240,250,250" step="2"/><V1/><F1/><W87/><G48/><T37/><D37/><U15/><AGARI ba="0,2" hai="13,14,15,40,42,43,74,79,82,121,122,123,132,135" machi="15" ten="40,8000,1" yaku="1,1,2,1,0,1,29,2,53,0" doraHai="60" doraHaiUra="92" who="1" fromWho="1" sc="240,-40,240,100,250,-20,250,-20" /><INIT seed="1,0,0,5,2,58" ten="200,340,230,230" oya="1" hai0="103,80,54,126,119,20,38,60,131,93,7,122,133" hai1="92,71,74,67,115,37,87,82,42,116,57,79,123" hai2="18,24,19,25,64,94,8,108,21,11,86,112,77" hai3="102,43,61,101,72,125,52,81,40,85,118,95,90"/><U63/><E115/><V69/><F112/><W91/><G125/><T4/><D38/><U107/><E116/><V130/><F108/><W9/><G118/><T89/><D126/><U97/><E123/><V6/><F130/><W44/><G9/><T0/><D0/><U30/><E30/><V48/><F48/><N who="3" m="28679" /><G72/><T13/><D133/><U70/><E42/><N who="3" m="15914" /><G61/><T3/><D3/><U73/><E37/><V111/><F111/><W124/><G124/><T12/><D131/><U45/><E45/><V117/><F117/><W39/><G39/><T113/><D54/><U121/><E121/><V31/><F8/><W53/><G53/><T128/><D60/><U84/><E74/><V36/><F36/><W132/><G132/><T47/><D47/><U17/><E17/><V68/><F64/><W78/><G78/><T65/><D65/><U59/><E59/><V5/><F19/><W23/><G23/><T66/><D20/><U22/><E22/><V120/><F120/><W62/><G62/><T75/><D66/><U27/><E107/><V16/><F18/><W10/><G10/><T135/><D135/><U33/><E70/><N who="2" m="27243" /><F77/><W99/><AGARI ba="0,0" hai="81,85,90,91,95,99,101,102" m="15914,28679" machi="99" ten="30,2000,0" yaku="8,1,54,1" doraHai="58" who="3" fromWho="3" sc="200,-5,340,-10,230,-5,230,20" /><INIT seed="2,0,0,5,3,53" ten="195,330,225,250" oya="2" hai0="1,82,98,36,5,97,20,127,115,72,0,2,135" hai1="117,126,112,29,111,99,83,40,22,17,71,103,96" hai2="65,106,120,64,128,107,70,87,11,90,32,77,35" hai3="34,52,130,18,129,27,39,104,134,45,26,14,75"/><V122/><F77/><W79/><G104/><T7/><D115/><U123/><E71/><V108/><F128/><N who="3" m="49259" /><G34/><T60/><D36/><U55/><E111/><V80/><F108/><W31/><G31/><T51/><D127/><U63/><E117/><V114/><F114/><W132/><G79/><T43/><D20/><U57/><E123/><V68/><F87/><W42/><G75/><T19/><D19/><U23/><E126/><V13/><F13/><W131/><N who="3" m="49267" /><W25/><DORA hai="86" /><G52/><T44/><D72/><U62/><E40/><V116/><F80/><W16/><G14/><T33/><D82/><U47/><E47/><V74/><F74/><W54/><G54/><T118/><D33/><U38/><E63/><V92/><F92/><W78/><G78/><T6/><D118/><U124/><E62/><V121/><F121/><W30/><G30/><T28/><D28/><U101/><E29/><V88/><F11/><W59/><G59/><T94/><D60/><U3/><E57/><V85/><F85/><W61/><G61/><T24/><D24/><U9/><E9/><V89/><F89/><W73/><G73/><T125/><D125/><U119/><E124/><V48/><F48/><W12/><G12/><T41/><D51/><U76/><E112/><V8/><F8/><W66/><G66/><T49/><D49/><U58/><E76/><V93/><F93/><W81/><G81/><T84/><D94/><U105/><E83/><V4/><F116/><W102/><G102/><T56/><D1/><U95/><E119/><V15/><F15/><W10/><G10/><RYUUKYOKU ba="0,0" sc="195,-15,330,-15,225,15,250,15" hai2="4,32,35,64,65,68,70,88,90,106,107,120,122" hai3="16,18,25,26,27,39,42,45,132,134" /><INIT seed="2,1,0,0,2,97" ten="180,315,240,265" oya="2" hai0="6,23,135,110,50,130,122,17,43,120,22,79,8" hai1="36,66,116,72,9,48,109,1,18,87,73,125,81" hai2="14,37,13,42,91,44,54,129,16,38,111,118,115" hai3="132,123,62,127,76,61,71,82,126,58,15,74,75"/><V106/><F118/><W101/><G123/><T25/><D110/><U33/><E36/><V27/><F115/><W133/><G74/><T20/><D79/><U39/><E39/><V100/><F38/><W88/><G71/><T40/><D130/><U49/><E33/><V3/><F129/><W59/><G101/><T68/><D68/><U41/><E116/><V19/><F3/><W2/><G2/><T67/><D67/><U98/><E66/><V102/><F111/><W26/><G26/><T34/><D17/><U134/><E125/><N who="3" m="47626" /><G15/><T105/><D105/><U128/><E134/><N who="3" m="51818" /><G88/><T94/><D135/><U80/><E73/><V112/><F112/><W60/><AGARI ba="1,0" hai="58,59,60,61,62,75,76,82" m="51818,47626" machi="60" ten="40,2700,0" yaku="18,1,20,1" doraHai="97" who="3" fromWho="3" sc="180,-8,315,-8,240,-14,265,30" /><INIT seed="3,0,0,4,4,54" ten="172,307,226,295" oya="3" hai0="104,80,112,118,113,33,89,91,37,123,11,42,115" hai1="120,31,28,8,69,61,6,94,127,22,56,121,25" hai2="64,88,38,117,103,82,76,135,102,93,58,67,14" hai3="99,105,50,92,78,53,21,87,86,34,18,19,98"/><W81/><G34/><T70/><D70/><U15/><E127/><V114/><F114/><W40/><G40/><T46/><D118/><U43/><E69/><V60/><F117/><W66/><G66/><T100/><D123/><U1/><E43/><V125/><F38/><W85/><G105/><T30/><D11/><U32/><E94/><V71/><F125/><W59/><G99/><N who="0" m="61471" /><D80/><U27/><REACH who="1" step="1"/><E1/><REACH who="1" ten="172,297,226,295" step="2"/><V111/><F71/><W133/><G133/><T72/><D42/><U132/><E132/><V116/><F135/><W3/><G3/><T17/><D115/><U77/><E77/><V83/><F116/><W129/><G129/><T109/><D113/><U7/><E7/><V26/><F76/><W75/><REACH who="3" step="1"/><G21/><REACH who="3" ten="172,297,226,285" step="2"/><T107/><D112/><U16/><E16/><V101/><F67/><AGARI ba="0,2" hai="6,8,15,22,25,27,28,31,32,56,61,67,120,121" machi="67" ten="30,3900,0" yaku="1,1,7,1,52,1,53,0" doraHai="54" doraHaiUra="12" who="1" fromWho="2" sc="172,0,297,59,226,-39,285,0" /><INIT seed="4,0,0,0,3,64" ten="172,356,187,285" oya="0" hai0="85,113,8,90,81,125,24,5,32,132,27,102,30" hai1="78,79,59,40,28,117,95,37,133,4,115,93,29" hai2="109,135,91,134,127,99,0,10,6,39,82,72,9" hai3="44,118,20,110,16,58,106,1,65,129,2,92,42"/><T34/><D113/><U89/><E115/><V13/><F109/><W101/><G106/><T21/><D125/><U119/><E59/><V112/><F112/><W73/><G73/><T111/><D132/><N who="2" m="50730" /><F127/><W100/><G110/><T35/><D111/><U70/><E133/><V103/><F39/><W52/><G65/><T71/><D102/><U67/><E89/><V43/><F43/><W116/><G129/><T75/><D75/><U68/><E67/><V80/><F91/><W51/><G2/><T17/><REACH who="0" step="1"/><D71/><REACH who="0" ten="162,356,187,285" step="2"/><U26/><E70/><V60/><F72/><W126/><G126/><T131/><D131/><U36/><E68/><V123/><F123/><W14/><G118/><T7/><D7/><U128/><E4/><N who="2" m="3239" /><F60/><W12/><G116/><T66/><D66/><U54/><E128/><V11/><F11/><W120/><G120/><T55/><D55/><U87/><E54/><V105/><AGARI ba="0,1" hai="0,6,10,80,82,99,103,105" m="3239,50730" machi="105" ten="30,1100,0" yaku="20,1" doraHai="64" who="2" fromWho="2" sc="162,-5,356,-3,187,21,285,-3" /><INIT seed="5,0,0,5,2,49" ten="157,353,208,282" oya="1" hai0="44,38,6,10,7,79,22,82,135,14,40,121,124" hai1="108,70,85,112,74,110,76,43,134,64,99,34,128" hai2="107,24,95,109,120,19,133,129,26,73,61,32,94" hai3="126,35,100,101,51,1,105,75,84,42,55,71,122"/><U45/><E112/><V33/><F120/><W98/><G75/><T17/><D124/><U3/><E85/><V25/><F109/><W90/><G122/><T106/><D135/><U111/><E134/><V115/><F107/><W11/><G101/><T69/><D69/><U39/><E99/><V18/><F133/><W5/><G71/><T113/><D113/><U13/><E13/><V47/><F115/><W97/><G97/><T63/><D121/><U60/><E34/><V125/><F73/><W92/><G35/><T15/><D63/><U93/><E93/><V48/><F61/><W20/><G20/><T78/><D106/><U46/><E3/><V16/><F125/><W21/><G21/><T37/><D6/><U83/><E46/><V9/><F129/><AGARI ba="0,0" hai="39,43,45,60,64,70,74,76,83,108,110,111,128,129" machi="129" ten="50,9600,0" yaku="10,1,23,2" doraHai="49" who="1" fromWho="2" sc="157,0,353,96,208,-96,282,0" /><INIT seed="5,1,0,1,3,16" ten="157,449,112,282" oya="1" hai0="61,18,99,2,12,13,106,117,110,98,118,71,72" hai1="39,86,129,109,100,40,133,45,5,55,97,122,50" hai2="70,67,103,132,6,23,59,37,34,92,94,125,82" hai3="15,38,76,135,10,134,114,9,111,53,102,19,112"/><U120/><E129/><V21/><F34/><W115/><G38/><T48/><D2/><U26/><E133/><N who="3" m="50698" /><G102/><T105/><D72/><U123/><E109/><V63/><F132/><W24/><G76/><T96/><D110/><U57/><E5/><V4/><F37/><W104/><G104/><T87/><D48/><U58/><E86/><V27/><F125/><W14/><G53/><T1/><D1/><U62/><E26/><V121/><F121/><W51/><G51/><T54/><D87/><U11/><E11/><N who="3" m="4106" /><G111/><T130/><D54/><U42/><E42/><V64/><F82/><W17/><G24/><T128/><D106/><U108/><E108/><V29/><F94/><W80/><G80/><T131/><D105/><U90/><E90/><V88/><F103/><W52/><G52/><T25/><D25/><U81/><E81/><V0/><F0/><W30/><G30/><T68/><D61/><U47/><REACH who="1" step="1"/><E62/><REACH who="1" ten="157,439,112,282" step="2"/><V127/><F4/><W36/><G36/><T69/><REACH who="0" step="1"/><D18/><AGARI ba="1,1" hai="14,15,17,18,19,112,114,115" m="4106,50698" machi="18" ten="40,12000,2" yaku="28,2,15,1,20,1,34,2" doraHai="16" who="3" fromWho="0" sc="157,-123,439,0,112,0,282,133" /><INIT seed="6,0,0,4,0,97" ten="34,439,112,415" oya="2" hai0="134,135,7,116,5,43,132,22,71,102,24,120,92" hai1="13,36,39,15,77,94,128,83,74,35,16,8,0" hai2="52,40,21,110,58,82,122,112,41,19,64,76,101" hai3="63,42,9,133,113,33,27,126,114,131,49,73,90"/><V34/><F122/><W93/><G73/><T29/><D71/><U118/><E118/><V127/><F34/><W54/><G126/><T2/><D120/><U124/><E0/><V68/><F127/><W23/><G131/><T80/><D116/><U66/><E35/><V25/><F112/><N who="3" m="43115" /><G33/><T59/><D2/><U96/><E128/><V107/><F110/><W11/><G42/><T18/><D43/><U89/><E124/><V3/><F3/><W50/><G63/><T65/><D80/><U56/><E66/><V125/><F64/><W121/><G133/><T72/><D72/><U4/><REACH who="1" step="1"/><E56/><REACH who="1" ten="34,429,112,415" step="2"/><V87/><F125/><W6/><G121/><T75/><D75/><U69/><E69/><V48/><F68/><W30/><G6/><T119/><D119/><U100/><E100/><V106/><F101/><W31/><G31/><T60/><REACH who="0" step="1"/><D18/><REACH who="0" ten="24,429,112,415" step="2"/><U91/><E91/><V10/><F19/><W38/><G90/><T98/><AGARI ba="0,2" hai="5,7,22,24,29,59,60,65,92,98,102,132,134,135" machi="98" ten="40,16000,3" yaku="1,1,2,1,0,1,25,2,20,1,52,1,53,1" doraHai="97" doraHaiUra="99" who="0" fromWho="0" sc="24,180,429,-40,112,-80,415,-40" /><INIT seed="7,0,0,4,5,83" ten="204,389,32,375" oya="3" hai0="17,35,33,112,118,121,41,44,109,13,70,22,28" hai1="100,131,42,15,53,81,78,90,108,52,104,16,39" hai2="60,99,132,94,129,32,117,59,43,96,102,65,123" hai3="56,63,92,77,49,46,80,126,76,3,72,88,134"/><W14/><G3/><T24/><D70/><U62/><BYE who="2" /><E108/><V34/><F34/><W36/><G126/><T12/><D109/><U45/><E131/><V122/><F122/><W111/><G134/><T98/><D98/><U18/><E90/><V61/><F61/><W95/><G111/><T86/><D118/><U19/><E15/><V25/><F25/><W68/><G36/><T71/><D71/><U73/><REACH who="1" step="1"/><E62/><REACH who="1" ten="204,379,32,375" step="2"/><V87/><F87/><N who="3" m="50279" /><G68/><T48/><D121/><U85/><E85/><V5/><F5/><W10/><G72/><T125/><D125/><U124/><E124/><V105/><F105/><W55/><G77/><T38/><D112/><U135/><E135/><V50/><F50/><W29/><G76/><T27/><D38/><U0/><E0/><V130/><F130/><W7/><G29/><UN n2="%79%7A%68%61%6E%67" /><T47/><D35/><U2/><E2/><V66/><F60/><W6/><G6/><T89/><REACH who="0" step="1"/><D44/><REACH who="0" ten="194,379,32,375" step="2"/><U20/><E20/><V64/><F96/><AGARI ba="0,2" hai="16,18,19,39,42,45,52,53,73,78,81,96,100,104" machi="96" ten="40,8000,1" yaku="1,1,54,2,53,1" doraHai="83" doraHaiUra="107" who="1" fromWho="2" sc="194,0,379,100,32,-80,375,0" owari="194,-20.6,479,57.9,-48,-54.8,375,17.5" /></mjloggm>