<mjloggm ver="2.3"><GO type="225" lobby="0"/><UN n0="%EF%BC%AE%EF%BC%A1%EF%BC%AF%33%33%39" n1="%4C%4F%4C%49%54%41" n2="%E5%91%A8%E6%9D%B1" n3="%E3%81%BF%E3%81%BF%E3%81%9A" dan="16,16,16,17" rate="2143.14,2077.03,2153.13,2285.44" sx="M,F,M,M"/><TAIKYOKU oya="0"/><INIT seed="0,0,0,5,0,79" ten="250,250,250,250" oya="0" hai0="10,128,18,7,24,93,49,6,78,53,76,14,114" hai1="9,113,117,17,66,63,56,36,59,107,16,67,86" hai2="47,74,71,57,122,124,99,31,84,42,29,112,21" hai3="26,126,89,52,75,98,65,106,72,100,135,125,55"/><T90/><D114/><U115/><E117/><V40/><F74/><W130/><G135/><T19/><D128/><U1/><E107/><V91/><F71/><W8/><G130/><T127/><D127/><N who="3" m="48649" /><G65/><T81/><D19/><U101/><E101/><V131/><F124/><W60/><G8/><T70/><D70/><U2/><E86/><V97/><F122/><W38/><G38/><T80/><D78/><U87/><E87/><V27/><F112/><N who="1" m="43081" /><E36/><V34/><F131/><W33/><G89/><T94/><D76/><U109/><E109/><V46/><F34/><W68/><G68/><T96/><D93/><U54/><E66/><V50/><F31/><N who="3" m="19703" /><G60/><T123/><D123/><U20/><E9/><V129/><F129/><W118/><G118/><T64/><D64/><U105/><E105/><V95/><REACH who="2" step="1"/><F57/><REACH who="2" ten="250,250,240,250" step="2"/><W44/><G44/><N who="0" m="27815" /><D7/><U5/><E5/><V23/><F23/><AGARI ba="0,1" hai="6,10,14,18,23,24,80,81,90,94,96" m="27815" machi="23" ten="30,5800,0" yaku="8,1,52,2" doraHai="79" who="0" fromWho="2" sc="250,68,250,0,240,-58,250,0" /><INIT seed="0,1,0,2,2,58" ten="318,250,182,250" oya="0" hai0="126,45,103,73,108,123,129,95,42,32,26,15,30" hai1="14,109,131,68,41,3,81,125,106,35,1,100,59" hai2="127,79,8,118,87,23,112,47,99,101,117,37,128" hai3="64,67,24,70,83,6,110,36,19,80,91,89,13"/><T16/><D73/><U7/><E68/><V93/><F112/><W52/><G36/><T66/><D123/><U55/><E35/><V92/><F8/><N who="3" m="4247" /><G70/><T48/><D129/><U51/><E131/><V82/><F128/><W21/><G110/><T27/><D27/><U20/><E109/><V74/><F23/><W33/><G33/><T121/><D121/><U5/><E125/><V17/><F17/><W72/><G72/><T46/><D108/><U96/><E41/><V132/><F47/><W43/><G43/><T29/><D29/><U11/><E7/><V124/><F37/><W102/><G102/><T50/><D66/><N who="3" m="25129" /><G52/><T9/><D126/><N who="2" m="48170" /><F132/><W49/><G49/><T31/><D31/><U119/><E119/><N who="2" m="45579" /><F74/><W107/><G107/><AGARI ba="1,0" hai="79,82,87,92,93,99,101,107" m="45579,48170" machi="107" ten="30,7700,0" yaku="18,1,12,1,34,2" doraHai="58" who="2" fromWho="3" sc="318,0,250,0,182,80,250,-80" /><INIT seed="1,0,0,2,2,3" ten="318,250,262,170" oya="1" hai0="109,126,87,56,70,37,38,107,135,99,2,104,69" hai1="39,93,43,84,92,24,131,103,59,116,0,75,89" hai2="114,117,14,113,64,82,34,50,29,51,125,36,111" hai3="17,9,4,121,129,8,110,132,6,101,108,44,79"/><U48/><E116/><V128/><F82/><W28/><G121/><T31/><D31/><U13/><E0/><V55/><F14/><W86/><G101/><T83/><D2/><U90/><E75/><V80/><F80/><N who="3" m="47391" /><G28/><T127/><D109/><N who="3" m="42089" /><G132/><T40/><D135/><U42/><E39/><V119/><F29/><W60/><G129/><T63/><D69/><U25/><E131/><V46/><F111/><W30/><G30/><T78/><D70/><U62/><E103/><V27/><F128/><W118/><G118/><T122/><D122/><U120/><E13/><V33/><F27/><N who="1" m="10313" /><E48/><V65/><F36/><W66/><G44/><T100/><D107/><U12/><E12/><V106/><F106/><W98/><G98/><T58/><D38/><U19/><E120/><V53/><REACH who="2" step="1"/><F46/><REACH who="2" ten="318,250,252,170" step="2"/><W54/><G17/><T23/><D37/><U97/><E19/><V57/><F57/><N who="3" m="34871" /><G66/><AGARI ba="0,1" hai="42,43,59,62,66,84,89,90,92,93,97" m="10313" machi="66" ten="30,1500,0" yaku="8,1" doraHai="3" who="1" fromWho="3" sc="318,0,250,25,252,0,170,-15" /><INIT seed="1,1,0,1,0,120" ten="318,275,252,155" oya="1" hai0="4,105,49,31,59,130,126,107,111,63,42,13,69" hai1="32,114,104,91,58,79,28,78,66,117,97,45,92" hai2="83,35,132,26,96,84,27,82,64,124,19,0,70" hai3="129,1,112,47,75,118,90,34,88,18,41,22,46"/><U54/><E114/><V80/><F0/><W93/><G112/><T21/><D69/><U122/><E122/><V106/><F132/><W108/><G34/><T100/><D100/><U10/><E117/><V14/><F124/><W44/><G1/><T128/><D126/><U133/><E133/><V113/><F113/><W134/><G134/><T103/><D103/><U11/><E104/><V15/><F35/><W115/><G115/><T101/><D101/><U131/><E131/><V65/><F70/><W16/><G75/><T67/><D42/><U72/><E28/><V71/><F71/><W33/><G33/><T43/><D43/><U110/><E72/><V135/><F96/><W40/><G129/><T57/><D49/><N who="1" m="28975" /><E110/><V68/><F68/><W8/><G118/><T94/><D111/><U20/><E20/><V60/><F106/><W86/><G108/><T123/><D123/><U52/><E66/><V2/><F2/><W95/><G8/><N who="1" m="3114" /><E32/><V6/><F65/><W17/><REACH who="3" step="1"/><G22/><REACH who="3" ten="318,275,252,145" step="2"/><T24/><D21/><U127/><E127/><V116/><F135/><W48/><G48/><AGARI ba="1,1" hai="48,52,58,78,79,91,92,97" m="3114,28975" machi="48" ten="30,2900,0" yaku="8,1,54,1" doraHai="120" who="1" fromWho="3" sc="318,0,275,42,252,0,145,-32" /><INIT seed="1,2,0,0,0,22" ten="318,317,252,113" oya="1" hai0="54,77,117,100,14,4,128,114,82,116,101,88,87" hai1="76,52,15,133,48,36,58,0,68,78,106,94,29" hai2="92,73,95,3,8,20,56,126,50,2,23,90,69" hai3="38,37,104,67,19,134,71,130,108,113,122,98,63"/><U119/><E106/><V41/><F69/><W62/><G113/><T45/><D114/><U31/><E0/><V59/><F73/><W1/><G122/><T124/><D124/><U123/><E119/><V80/><F80/><W109/><G130/><T66/><D66/><U99/><E123/><V46/><F126/><W79/><G62/><T44/><D128/><U84/><E36/><V40/><F8/><W39/><G19/><T17/><D4/><U105/><E68/><V28/><F28/><N who="1" m="10825" /><E105/><V107/><F107/><W86/><G86/><T118/><D77/><U65/><E84/><V24/><F50/><W55/><G55/><T6/><D6/><U47/><E15/><V111/><F46/><W27/><G27/><T34/><D34/><U131/><E133/><V12/><F12/><W93/><G134/><T16/><D17/><U83/><E83/><V64/><F64/><W81/><G1/><T32/><D32/><U121/><E121/><V75/><F75/><W91/><REACH who="3" step="1"/><G104/><REACH who="3" ten="318,317,252,103" step="2"/><T127/><D127/><U115/><E115/><V26/><F111/><W13/><G13/><T49/><REACH who="0" step="1"/><D45/><REACH who="0" ten="308,317,252,103" step="2"/><U11/><E131/><V5/><F5/><W10/><G10/><AGARI ba="2,2" hai="10,14,16,44,49,54,82,87,88,100,101,116,117,118" machi="10" ten="40,12000,2" yaku="1,1,2,1,25,2,54,2,53,0" doraHai="22" doraHaiUra="110" who="0" fromWho="3" sc="308,146,317,0,252,0,103,-126" owari="454,55.4,317,11.7,252,-14.8,-23,-52.3" /></mjloggm>