<mjloggm ver="2.3"><GO type="169" lobby="0"/><UN n0="%E3%81%82%E3%81%95%E3%81%B4%E3%82%93%EF%BC%A0%EF%BD%8D%EF%BD%8A" n1="%E3%81%9B%E3%81%A9%E3%81%AA%E3%82%8A%E3%81%82%E3%82%93" n2="%63%61%72%6C%6F%73%6E" n3="%E6%9D%B1%E4%BA%AC%E9%9B%BB%E5%8A%9B" dan="18,17,17,17" rate="2287.87,2188.25,2202.09,2174.06" sx="M,F,M,M"/><TAIKYOKU oya="0"/><INIT seed="0,0,0,5,3,108" ten="250,250,250,250" oya="0" hai0="30,60,46,83,37,2,97,79,68,53,9,133,121" hai1="32,92,49,54,94,44,42,75,64,61,78,33,118" hai2="77,93,10,101,59,62,66,45,12,69,74,41,70" hai3="89,126,119,56,105,19,36,48,14,35,4,63,107"/><T51/><D121/><U21/><E118/><V90/><F101/><W122/><G36/><T123/><D123/><U103/><E75/><V40/><F77/><W131/><G126/><T80/><D133/><U85/><E32/><V86/><F74/><W7/><G131/><T1/><D30/><U15/><E33/><V128/><F128/><W24/><G122/><T25/><D25/><U76/><E103/><V67/><F67/><W65/><G119/><T135/><D135/><U117/><E117/><V100/><F100/><W91/><G107/><T113/><D97/><U3/><E3/><V13/><F41/><W34/><G105/><T5/><D1/><U17/><E42/><V8/><F13/><W99/><G34/><T71/><D113/><U95/><REACH who="1" step="1"/><E85/><REACH who="1" ten="250,240,250,250" step="2"/><V55/><F40/><W106/><G35/><T109/><D109/><U31/><E31/><V20/><F70/><AGARI ba="0,1" hai="15,17,21,44,49,54,61,64,70,76,78,92,94,95" machi="70" ten="40,5200,0" yaku="1,1,53,2" doraHai="108" doraHaiUra="72" who="1" fromWho="2" sc="250,0,240,62,250,-52,250,0" /><INIT seed="1,0,0,1,2,109" ten="250,302,198,250" oya="1" hai0="35,67,90,5,37,24,87,30,38,6,120,15,44" hai1="126,127,78,63,93,27,11,102,23,51,7,132,21" hai2="114,85,83,82,53,14,50,88,104,69,47,117,64" hai3="79,130,118,40,42,73,74,59,49,123,58,103,71"/><U52/><E78/><V86/><F117/><W116/><G71/><T111/><D111/><U107/><E107/><V45/><F104/><W9/><G123/><T92/><D120/><U84/><E63/><V46/><F114/><W10/><G79/><T48/><D67/><U81/><E132/><V25/><F69/><W134/><G49/><T20/><D35/><U77/><E93/><V105/><F105/><W100/><REACH who="3" step="1"/><G130/><REACH who="3" ten="250,302,198,240" step="2"/><T101/><D38/><U26/><E126/><V28/><F64/><W72/><G72/><T98/><D37/><U39/><E39/><V3/><F3/><W19/><G19/><T99/><D15/><N who="1" m="5631" /><E127/><V34/><REACH who="2" step="1"/><F14/><REACH who="2" ten="250,302,188,240" step="2"/><W55/><G55/><N who="0" m="30087" /><D98/><U124/><E124/><V12/><F12/><W57/><G57/><T133/><D133/><AGARI ba="0,2" hai="9,10,40,42,58,59,73,74,100,103,116,118,133,134" machi="133" ten="25,3200,0" yaku="1,1,22,2,53,0" doraHai="109" doraHaiUra="65" who="3" fromWho="0" sc="250,-32,302,0,188,0,240,52" /><INIT seed="2,0,0,3,1,91" ten="218,302,188,292" oya="2" hai0="25,42,22,56,12,26,54,70,50,122,106,19,95" hai1="75,116,94,62,51,81,128,101,89,5,76,83,1" hai2="92,87,109,58,126,68,11,84,120,69,71,37,64" hai3="102,103,24,23,93,34,77,99,98,35,41,124,112"/><V44/><F120/><W3/><G124/><T97/><D122/><U31/><E116/><V78/><F126/><W79/><G112/><T129/><D129/><U121/><E121/><V108/><F11/><W32/><G3/><T134/><D134/><U14/><E1/><V16/><F78/><W55/><G41/><T115/><D115/><U59/><E31/><V73/><F73/><W131/><G55/><T15/><D106/><U65/><E101/><V8/><F87/><W45/><G45/><T38/><D70/><U133/><E133/><V9/><F9/><W86/><G86/><T18/><D42/><U88/><E81/><V96/><F84/><W36/><G36/><T82/><D38/><U7/><E128/><V43/><F58/><W127/><G127/><T48/><D48/><U27/><E27/><V85/><F85/><W52/><G52/><T125/><D82/><U17/><E51/><V47/><F47/><W135/><G135/><T107/><D107/><U2/><E2/><V72/><F72/><W46/><G46/><T21/><D125/><U110/><E89/><AGARI ba="0,0" hai="12,15,18,19,21,22,25,26,50,54,56,89,95,97" machi="89" ten="30,7700,0" yaku="7,1,9,1,8,1,52,1" doraHai="91" who="0" fromWho="1" sc="218,77,302,-77,188,0,292,0" /><INIT seed="3,0,0,5,2,130" ten="295,225,188,292" oya="3" hai0="17,19,83,38,37,9,48,23,50,16,75,102,49" hai1="70,25,112,32,28,114,64,100,119,104,41,115,27" hai2="12,94,96,53,29,123,117,81,21,84,20,54,67" hai3="118,66,3,44,87,14,11,128,45,108,57,110,73"/><W107/><G73/><T79/><D102/><U95/><E95/><V135/><F117/><W93/><G107/><T106/><D106/><U42/><E25/><V132/><F123/><W80/><G3/><T47/><D47/><U72/><E72/><V13/><F67/><W122/><G128/><T43/><D43/><U2/><E2/><V120/><F120/><W7/><G118/><T6/><REACH who="0" step="1"/><D23/><REACH who="0" ten="285,225,188,292" step="2"/><U71/><E119/><V46/><F21/><W1/><G122/><T78/><D78/><U116/><E116/><V51/><F54/><W77/><G44/><T88/><D88/><U113/><E113/><V61/><F20/><W15/><G45/><T18/><N who="0" m="4096" /><DORA hai="4" /><T39/><D39/><U89/><E89/><N who="2" m="51343" /><F29/><W35/><G35/><T22/><D22/><U74/><E41/><V126/><F126/><W127/><G127/><T111/><D111/><U8/><E42/><V33/><F33/><W133/><G108/><T60/><D60/><U86/><E112/><V131/><F61/><W58/><G110/><T55/><D55/><U97/><E114/><V26/><F26/><W36/><G36/><T134/><D134/><N who="2" m="51242" /><F131/><W30/><G133/><T62/><D62/><U105/><E115/><V10/><F10/><W98/><G30/><T121/><D121/><U0/><E8/><V59/><F46/><W34/><G34/><T92/><D92/><U5/><E104/><V85/><F85/><W103/><G66/><T124/><D124/><U125/><E125/><V76/><F76/><W68/><G77/><T82/><D82/><U99/><E64/><V109/><F109/><RYUUKYOKU ba="0,1" sc="285,15,225,-15,188,15,292,-15" hai0="6,9,37,38,48,49,50,75,79,83" hai2="12,13,51,53,59,94,96" /><INIT seed="4,1,1,0,1,18" ten="300,210,203,277" oya="0" hai0="60,4,91,48,65,62,36,58,69,121,61,63,79" hai1="105,22,20,7,35,114,33,64,42,97,45,83,5" hai2="103,34,111,47,119,52,53,21,78,92,59,12,43" hai3="118,80,123,50,75,87,85,10,132,98,49,127,126"/><T94/><D121/><U131/><E64/><V57/><F111/><W81/><G118/><T27/><D36/><U102/><E33/><V9/><F34/><W15/><G75/><T66/><D79/><U89/><E35/><V14/><F119/><W25/><G132/><T54/><D4/><U0/><E131/><V56/><F78/><W11/><G98/><T124/><D124/><U55/><E55/><V82/><F82/><W84/><G25/><T95/><D95/><U133/><E133/><V38/><F14/><W112/><G15/><T90/><D90/><U99/><E114/><V100/><F21/><W73/><G73/><T107/><D107/><U116/><E116/><V13/><F13/><W41/><G41/><T68/><REACH who="0" step="1"/><D27/><REACH who="0" ten="290,210,203,277" step="2"/><U117/><E117/><V19/><F92/><W122/><REACH who="3" step="1"/><G85/><AGARI ba="1,2" hai="48,54,58,60,61,62,63,65,66,68,69,85,91,94" machi="85" ten="30,11600,0" yaku="1,1,2,1,7,1,9,1,53,0" doraHai="18" doraHaiUra="108" who="0" fromWho="3" sc="290,139,210,0,203,0,277,-119" /><INIT seed="4,2,0,4,5,42" ten="429,210,203,158" oya="0" hai0="8,66,15,134,63,26,127,91,60,27,99,13,31" hai1="72,108,19,115,29,5,102,11,80,121,107,2,110" hai2="32,41,30,128,92,17,6,117,75,40,36,122,25" hai3="59,23,35,132,45,104,101,53,22,106,62,12,0"/><T86/><D127/><U3/><E102/><V38/><F122/><W105/><G0/><T46/><D134/><U44/><E107/><V71/><F75/><W16/><G35/><T87/><D99/><U98/><E98/><V47/><F71/><W125/><G125/><T7/><D13/><U52/><E121/><V61/><F128/><W39/><G132/><T48/><D66/><U79/><E2/><V120/><F120/><W33/><G33/><T135/><D135/><U93/><E93/><V123/><F123/><W77/><G77/><T88/><D87/><U1/><E1/><V81/><F6/><W74/><G74/><T118/><D118/><U76/><E76/><V84/><F117/><W103/><REACH who="3" step="1"/><G23/><REACH who="3" ten="429,210,203,148" step="2"/><N who="0" m="15839" /><D27/><U73/><E73/><V37/><F32/><W34/><G34/><T97/><D97/><U64/><E72/><V69/><F25/><W109/><G109/><T89/><D86/><U20/><E108/><V119/><F84/><W96/><G96/><T21/><D21/><U112/><E110/><V10/><F119/><W100/><G100/><T56/><D56/><U4/><E20/><V49/><F69/><W68/><G68/><T50/><D91/><U130/><E3/><V82/><F10/><W116/><G116/><T124/><D124/><U51/><E11/><V83/><F30/><W70/><G70/><T55/><D88/><U78/><E29/><V114/><F82/><W129/><G129/><T113/><D89/><U65/><E80/><V133/><F83/><W24/><G24/><T58/><D113/><U28/><E115/><V111/><F114/><RYUUKYOKU ba="2,1" sc="429,15,210,-15,203,-15,148,15" hai0="7,8,15,46,48,50,55,58,60,63" hai3="12,16,22,39,45,53,59,62,101,103,104,105,106" /><INIT seed="4,3,1,3,2,37" ten="444,195,188,163" oya="0" hai0="1,90,103,89,66,49,54,88,53,112,26,28,67" hai1="27,78,75,39,77,29,15,31,122,87,93,7,73" hai2="125,85,128,70,76,63,92,5,23,17,48,106,86" hai3="134,9,57,129,32,98,19,40,35,114,47,41,115"/><T84/><D1/><U121/><E39/><V12/><F106/><W131/><G134/><T91/><D103/><U118/><E15/><V42/><F128/><N who="3" m="49227" /><G57/><T18/><D18/><U45/><E45/><N who="2" m="25655" /><F70/><W110/><G110/><T96/><D96/><U120/><E7/><V62/><F125/><W133/><G133/><T51/><D112/><N who="3" m="43049" /><G98/><T46/><N who="0" m="22528" /><DORA hai="105" /><T25/><D84/><N who="2" m="32362" /><F92/><W102/><G102/><T79/><D79/><U116/><E87/><V64/><F76/><W14/><G41/><T109/><D109/><U127/><E121/><V97/><F97/><W83/><G83/><T36/><D36/><AGARI ba="3,1" hai="9,14,19,32,35,36,40,47" m="43049,49227" machi="36" ten="30,3900,0" yaku="19,1,15,1,52,1" doraHai="37,105" who="3" fromWho="0" sc="444,-48,195,0,188,0,163,58" /><INIT seed="5,0,0,4,0,5" ten="396,195,188,221" oya="1" hai0="102,38,15,130,78,131,103,23,65,109,74,106,108" hai1="42,58,52,41,95,63,71,35,75,14,126,37,107" hai2="45,133,128,83,110,72,25,8,60,132,61,48,82" hai3="57,47,50,31,26,85,120,112,119,55,49,21,114"/><U54/><E107/><V6/><F110/><W127/><G127/><T89/><D38/><U134/><E35/><V20/><F128/><N who="0" m="49194" /><D65/><U64/><E75/><V122/><F122/><W13/><G120/><T117/><D117/><U84/><E134/><N who="2" m="51819" /><F72/><W81/><G119/><T118/><D118/><U3/><E3/><N who="2" m="95" /><F61/><W104/><G104/><T91/><D78/><U30/><E30/><N who="2" m="17703" /><F60/><W90/><REACH who="3" step="1"/><G13/><REACH who="3" ten="396,195,188,211" step="2"/><T66/><D15/><U62/><E126/><V39/><F39/><W97/><G97/><T29/><D106/><U44/><E14/><V7/><F7/><W19/><G19/><T115/><D108/><U135/><E135/><V86/><F86/><W93/><G93/><T125/><D109/><U92/><E84/><V70/><F70/><W123/><G123/><T121/><D121/><U59/><E92/><V33/><F33/><W73/><G73/><T9/><D74/><U113/><E95/><V116/><F116/><W43/><AGARI ba="0,1" hai="21,26,31,43,47,49,50,55,57,81,85,90,112,114" machi="43" ten="30,4000,0" yaku="1,1,0,1,53,1" doraHai="5" doraHaiUra="80" who="3" fromWho="3" sc="396,-10,195,-20,188,-10,211,50" /><INIT seed="6,0,0,1,1,1" ten="386,175,178,261" oya="2" hai0="81,91,118,109,110,4,17,45,6,100,80,84,34" hai1="14,37,60,21,56,107,135,90,13,23,7,52,71" hai2="43,28,131,29,101,120,79,18,55,93,16,31,92" hai3="35,51,22,65,61,62,113,59,48,46,121,9,67"/><V116/><F116/><W115/><G35/><T106/><D34/><U27/><E107/><V125/><F120/><W66/><G22/><T130/><D17/><U122/><E37/><V12/><F131/><W41/><G9/><T78/><D45/><U103/><E71/><V44/><F125/><W83/><G83/><T102/><D106/><U99/><E135/><V32/><F32/><W117/><G117/><T30/><D30/><U63/><E122/><V88/><F79/><W38/><G121/><T97/><D118/><U3/><E3/><V114/><F114/><N who="3" m="43531" /><G67/><T119/><D119/><U33/><E103/><V87/><F55/><W129/><G129/><T10/><D102/><U111/><E111/><V85/><F12/><N who="1" m="4713" /><E33/><V24/><F24/><W108/><G108/><T104/><D130/><U57/><E7/><V96/><REACH who="2" step="1"/><F87/><REACH who="2" ten="386,175,168,261" step="2"/><W49/><G38/><AGARI ba="0,1" hai="16,18,28,29,31,38,43,44,85,88,92,93,96,101" machi="38" ten="40,18000,2" yaku="1,1,2,1,54,2,53,3" doraHai="1" doraHaiUra="25" who="2" fromWho="3" sc="386,0,175,0,168,190,261,-180" /><INIT seed="6,1,0,1,4,17" ten="386,175,358,81" oya="2" hai0="84,127,71,66,52,70,77,32,0,95,7,101,90" hai1="135,41,114,105,121,44,117,3,80,110,50,40,14" hai2="133,130,103,54,34,76,120,55,126,107,56,19,39" hai3="57,86,112,11,104,92,132,79,9,65,59,2,33"/><V31/><F120/><W42/><G104/><T5/><D32/><U16/><E3/><V23/><F39/><W24/><G132/><T29/><D29/><U37/><E110/><V18/><F133/><W43/><G112/><T88/><D127/><U78/><E135/><V27/><F130/><W100/><G2/><T81/><D0/><U63/><E105/><V85/><F126/><W111/><G111/><T49/><D70/><U87/><E117/><V21/><F34/><W124/><G124/><T134/><D134/><U51/><E114/><V64/><F103/><W4/><G33/><T45/><D71/><U109/><E109/><V94/><F107/><W98/><G24/><T125/><D66/><U93/><E121/><V122/><F122/><W20/><G20/><T30/><D30/><U118/><E63/><N who="2" m="37991" /><F31/><W35/><G35/><T36/><D36/><U96/><E41/><N who="3" m="15370" /><G4/><N who="0" m="1611" /><D125/><U69/><E69/><V6/><F6/><W129/><G129/><T60/><D60/><U53/><E53/><V48/><F48/><W22/><G65/><T72/><D72/><U68/><E118/><V82/><F94/><W12/><G57/><T67/><D67/><U108/><E68/><V46/><F46/><W25/><G59/><T47/><D47/><U62/><E108/><V73/><F73/><W58/><G58/><T1/><D1/><U97/><E62/><V113/><F113/><W102/><G102/><T106/><D106/><U91/><E96/><AGARI ba="1,0" hai="45,49,52,77,81,84,88,90,95,96,101" m="1611" machi="96" ten="30,3900,0" yaku="8,1,54,2" doraHai="17" who="0" fromWho="1" sc="386,42,175,-42,358,0,81,0" /><INIT seed="7,0,0,1,2,48" ten="428,133,358,81" oya="3" hai0="97,31,105,121,83,51,0,129,58,45,66,133,117" hai1="100,4,74,57,19,33,56,2,69,110,3,34,134" hai2="68,41,30,130,26,7,49,38,22,116,16,125,87" hai3="43,73,6,107,99,14,101,124,47,53,118,54,79"/><W39/><G118/><T55/><D121/><U88/><E110/><V17/><F116/><W44/><G124/><T81/><D0/><U131/><E74/><V50/><F68/><W64/><G64/><T21/><D117/><U35/><E69/><V37/><F125/><W13/><G44/><T109/><D109/><U65/><E100/><V28/><F130/><W128/><G128/><T84/><D129/><U29/><E131/><V120/><F120/><W102/><G102/><T93/><D105/><U9/><E2/><V42/><F7/><W103/><G103/><N who="0" m="60847" /><D133/><U71/><E19/><V25/><F87/><W61/><G61/><N who="0" m="38199" /><D84/><U24/><E88/><V114/><REACH who="2" step="1"/><F22/><REACH who="2" ten="428,133,348,81" step="2"/><W106/><G106/><T75/><D75/><U27/><E71/><V32/><F32/><W11/><REACH who="3" step="1"/><G13/><REACH who="3" ten="428,133,348,71" step="2"/><T95/><D95/><U20/><E65/><V78/><F78/><W123/><G123/><T1/><D1/><U92/><E92/><V85/><F85/><W113/><G113/><AGARI ba="0,2" hai="16,17,25,26,28,30,37,38,41,42,49,50,113,114" machi="113" ten="25,6400,0" yaku="1,1,22,2,54,1,53,0" doraHai="48" doraHaiUra="115" who="2" fromWho="3" sc="428,0,133,0,348,84,71,-64" owari="428,22.8,133,-26.7,432,53.2,7,-49.3" /></mjloggm>