<mjloggm ver="2.3"><GO type="169" lobby="0"/><UN n0="%E3%81%97%E3%82%82%E3%82%93%E3%81%AC" n1="%E3%82%AD%E3%83%B3%E3%82%B0%E3%81%82%E3%81%A4%E3%81%97" n2="%4D%41%54%59%55%49%E2%98%86" n3="%E3%83%81%E3%83%83%E3%82%BF%E3%82%BD%E3%83%BC" dan="16,16,17,16" rate="2199.92,2175.14,2187.64,2148.13" sx="M,M,M,F"/><TAIKYOKU oya="0"/><INIT seed="0,0,0,4,3,15" ten="250,250,250,250" oya="0" hai0="19,13,87,48,4,82,49,131,18,23,90,56,122" hai1="43,32,120,88,135,95,107,91,38,58,2,74,20" hai2="30,24,97,71,53,113,42,124,129,85,6,133,109" hai3="125,50,63,77,57,106,31,98,14,103,29,116,21"/><T132/><D131/><U61/><E120/><V76/><F113/><W112/><G125/><T1/><D132/><U28/><E2/><V34/><F71/><W33/><G116/><T100/><D122/><U130/><E74/><V67/><F67/><W108/><G108/><T105/><D105/><U60/><E107/><V12/><F109/><W117/><G117/><T84/><D100/><U75/><E75/><V99/><F124/><W36/><G36/><T16/><D1/><U17/><E130/><V46/><F53/><W123/><G123/><T25/><D87/><U7/><E7/><V78/><F78/><W101/><G101/><T128/><D128/><U93/><E32/><V39/><F133/><W41/><G33/><T64/><D64/><U127/><E28/><V134/><F134/><W81/><G112/><T5/><D5/><U119/><E127/><V114/><F114/><W35/><G35/><T96/><D96/><N who="1" m="57383" /><E119/><V52/><F129/><W68/><G68/><T40/><D40/><U126/><E126/><V70/><F70/><W47/><G81/><T26/><D26/><N who="1" m="14607" /><E58/><V115/><F115/><W65/><REACH who="3" step="1"/><G77/><REACH who="3" ten="250,250,250,240" step="2"/><T22/><D56/><U104/><E135/><V121/><F121/><W62/><G62/><T3/><REACH who="0" step="1"/><D19/><AGARI ba="0,1" hai="14,19,21,29,31,41,47,50,57,63,65,98,103,106" machi="19" ten="40,5200,0" yaku="1,1,52,1,53,1" doraHai="15" doraHaiUra="45" who="3" fromWho="0" sc="250,-52,250,0,250,0,240,62" /><INIT seed="1,0,0,2,1,91" ten="198,250,250,302" oya="1" hai0="79,58,109,54,50,45,97,113,16,114,9,102,5" hai1="48,46,56,110,37,69,67,124,127,108,117,103,75" hai2="123,25,66,129,122,95,3,33,133,44,26,53,73" hai3="71,35,74,80,131,125,7,14,32,112,121,98,1"/><U135/><E75/><V77/><F3/><W23/><G98/><T120/><D109/><N who="1" m="42091" /><E103/><V27/><F66/><W128/><G71/><T81/><D120/><U90/><E90/><V40/><F53/><W47/><G47/><T70/><D70/><U63/><E117/><V130/><F33/><W43/><G43/><T115/><D45/><U31/><E31/><V134/><F77/><W12/><G80/><T88/><D88/><U76/><E76/><V107/><F107/><W2/><G74/><T8/><D5/><U62/><E37/><V11/><F11/><W104/><G104/><T132/><D132/><N who="2" m="50794" /><F95/><W36/><G36/><T93/><REACH who="0" step="1"/><D16/><REACH who="0" ten="188,250,250,302" step="2"/><U34/><E135/><V55/><F123/><W52/><G121/><T78/><D78/><U20/><E20/><V30/><F122/><W49/><G7/><T101/><D101/><U22/><E22/><V13/><F44/><W65/><G23/><T6/><D6/><U42/><E34/><V83/><F83/><W84/><G32/><T15/><D15/><U111/><E111/><V10/><F13/><W92/><G35/><T18/><D18/><U116/><E116/><V96/><F96/><W21/><G21/><T85/><AGARI ba="0,1" hai="8,9,50,54,58,79,81,85,93,97,102,113,114,115" machi="85" ten="30,7900,0" yaku="1,1,0,1,52,1,53,1" doraHai="91" doraHaiUra="99" who="0" fromWho="0" sc="188,89,250,-39,250,-20,302,-20" /><INIT seed="2,0,0,2,4,55" ten="277,211,230,282" oya="2" hai0="126,66,9,75,44,10,52,67,37,76,107,59,103" hai1="118,33,116,82,128,134,130,58,101,125,131,100,77" hai2="86,80,60,6,96,122,4,91,18,92,0,34,64" hai3="123,72,124,13,28,53,16,57,114,40,111,49,93"/><V70/><F122/><W104/><G111/><T73/><D126/><U110/><E33/><V84/><F34/><W89/><G124/><T120/><D120/><U112/><E125/><V26/><F0/><W108/><G108/><T74/><D76/><U81/><E110/><V11/><F86/><W79/><G123/><T43/><D103/><N who="1" m="39499" /><E112/><V69/><F69/><W71/><G71/><T3/><D107/><U14/><E14/><V17/><F26/><W35/><G104/><T105/><D105/><U12/><E12/><V29/><F29/><W54/><G114/><T48/><REACH who="0" step="1"/><D9/><REACH who="0" ten="267,211,230,282" step="2"/><U62/><E134/><V46/><F11/><W1/><G79/><T90/><D90/><U42/><E42/><V98/><F91/><W27/><G40/><T61/><D61/><U119/><E77/><V15/><F60/><W85/><G72/><T19/><D19/><U99/><E99/><V78/><F17/><W30/><G28/><T113/><D113/><U8/><E8/><V109/><F18/><W94/><G16/><T115/><D115/><U7/><E7/><AGARI ba="0,1" hai="3,7,10,37,43,44,48,52,59,66,67,73,74,75" machi="7" ten="40,8000,1" yaku="1,1,52,1,54,1,53,1" doraHai="55" doraHaiUra="50" who="0" fromWho="1" sc="267,90,211,-80,230,0,282,0" /><INIT seed="3,0,0,3,5,23" ten="357,131,230,282" oya="3" hai0="52,131,47,51,64,30,108,119,49,15,95,135,22" hai1="90,3,130,5,79,35,92,53,83,80,133,34,86" hai2="57,107,50,70,36,88,25,93,58,16,37,74,2" hai3="12,111,129,116,89,4,120,63,72,117,6,128,20"/><W103/><G72/><T8/><D108/><U82/><E130/><N who="3" m="50282" /><G103/><T7/><D131/><U84/><E133/><V18/><F107/><W125/><G89/><T75/><D75/><U114/><E114/><V112/><F2/><W32/><G32/><T124/><D135/><U122/><E122/><V29/><F74/><W10/><G63/><T94/><D124/><U96/><E3/><V85/><F70/><W28/><G120/><T126/><D126/><U100/><E5/><N who="3" m="2154" /><G125/><T17/><D119/><N who="3" m="45641" /><G111/><T60/><D51/><U48/><REACH who="1" step="1"/><E83/><REACH who="1" ten="357,121,230,282" step="2"/><V105/><F112/><W54/><G54/><T118/><D118/><U56/><AGARI ba="0,1" hai="34,35,48,53,56,79,80,82,84,86,90,92,96,100" machi="56" ten="20,8000,1" yaku="1,1,2,1,0,1,7,1,53,1" doraHai="23" doraHaiUra="55" who="1" fromWho="1" sc="357,-20,121,90,230,-20,282,-40" /><INIT seed="4,0,0,2,4,127" ten="337,211,210,242" oya="0" hai0="87,54,82,88,27,44,28,51,61,130,36,21,64" hai1="19,135,94,99,71,114,47,39,55,62,53,73,72" hai2="122,85,17,131,2,29,42,46,69,92,117,66,121" hai3="60,1,68,35,103,37,86,128,30,108,101,134,31"/><T78/><D36/><U41/><E135/><V38/><F2/><W59/><G68/><T0/><D0/><U96/><E114/><V113/><F113/><W75/><G134/><T8/><D8/><U124/><E124/><V9/><F29/><W13/><G1/><T74/><D130/><U77/><E96/><V14/><F117/><W81/><G108/><T97/><D97/><U126/><E126/><V107/><F107/><W104/><G37/><T111/><D111/><U57/><E77/><V116/><F116/><W76/><G128/><T91/><REACH who="0" step="1"/><D74/><REACH who="0" ten="327,211,210,242" step="2"/><U3/><E3/><V49/><F131/><W120/><G120/><T23/><D23/><U80/><E72/><V98/><F38/><W5/><G75/><T102/><D102/><U106/><E73/><V43/><F98/><W63/><G101/><T6/><D6/><U25/><E99/><V24/><F122/><W26/><G103/><T118/><D118/><U105/><E39/><V84/><F121/><W132/><G132/><T67/><D67/><U34/><E106/><V109/><F109/><W45/><G104/><T100/><D100/><U22/><E105/><V65/><F65/><W115/><G115/><T11/><D11/><U110/><E22/><V83/><F66/><W90/><G5/><T20/><D20/><U133/><E110/><V56/><F9/><W129/><G129/><T10/><D10/><U48/><E133/><V52/><F85/><W33/><G86/><T58/><AGARI ba="0,1" hai="21,27,28,44,51,54,58,61,64,78,82,87,88,91" machi="58" ten="20,18000,2" yaku="1,1,0,1,7,1,8,1,54,1,53,1" doraHai="127" doraHaiUra="79" who="0" fromWho="0" sc="327,190,211,-60,210,-60,242,-60" /><INIT seed="4,1,0,4,1,84" ten="517,151,150,182" oya="0" hai0="86,0,32,22,66,29,43,12,106,59,75,65,108" hai1="111,2,107,56,94,97,42,131,3,31,39,127,83" hai2="14,76,113,96,27,104,71,70,24,60,51,4,122" hai3="135,5,93,77,81,68,44,67,129,73,63,55,6"/><T9/><BYE who="3" /><D75/><U132/><E111/><V98/><F113/><W134/><G134/><T25/><D106/><U103/><E132/><UN n3="%E3%83%81%E3%83%83%E3%82%BF%E3%82%BD%E3%83%BC" /><V105/><F122/><W119/><G135/><T90/><D108/><U87/><E127/><V30/><F76/><W46/><G129/><T72/><D72/><U62/><E131/><V45/><F4/><W57/><G119/><T49/><D0/><U82/><E107/><V18/><F27/><W8/><G93/><T41/><D32/><U15/><E82/><V64/><F71/><W54/><G5/><T89/><D41/><U37/><E31/><V109/><F109/><W11/><G11/><T101/><D101/><U61/><E61/><V47/><F47/><W48/><G54/><N who="0" m="32207" /><D43/><U36/><E15/><AGARI ba="1,0" hai="6,8,15,44,46,48,55,57,63,67,68,73,77,81" machi="15" ten="30,1000,0" yaku="7,1" doraHai="84" who="3" fromWho="1" sc="517,0,151,-13,150,0,182,13" /><INIT seed="5,0,0,1,1,12" ten="517,138,150,195" oya="1" hai0="32,108,20,51,79,91,0,53,103,122,40,58,18" hai1="120,41,43,125,86,87,130,88,62,49,22,111,132" hai2="1,105,135,59,7,44,26,27,126,23,5,92,89" hai3="17,2,14,78,8,61,74,25,9,36,128,106,129"/><U55/><E120/><V101/><F135/><W13/><G106/><T3/><D108/><U84/><E132/><V47/><F126/><W119/><G36/><T113/><D122/><U33/><E33/><V102/><F1/><W69/><G78/><T127/><D127/><U67/><E130/><N who="3" m="50282" /><G74/><T56/><D113/><U72/><E72/><V93/><F105/><W52/><G119/><T16/><D32/><U68/><E125/><V82/><F82/><W77/><G77/><T63/><D79/><U97/><E22/><V66/><F66/><N who="3" m="41167" /><G2/><T123/><D123/><U117/><E117/><V75/><F75/><W71/><G71/><T73/><D73/><U29/><E29/><V31/><F59/><W48/><G25/><T104/><D104/><U10/><E10/><N who="3" m="4202" /><G17/><T57/><D103/><U112/><E112/><V133/><F133/><W118/><G118/><T100/><D100/><U115/><E111/><V37/><F37/><W35/><G35/><T42/><D0/><U110/><E110/><V85/><F102/><W45/><AGARI ba="0,0" hai="13,14,45,48,52" m="4202,41167,50282" machi="45" ten="30,2000,0" yaku="19,1,54,1" doraHai="12" who="3" fromWho="3" sc="517,-5,138,-10,150,-5,195,20" /><INIT seed="6,0,0,0,3,108" ten="512,128,145,215" oya="2" hai0="47,132,48,24,28,54,111,6,103,2,84,129,112" hai1="32,53,78,22,18,109,34,20,90,21,88,95,123" hai2="17,69,101,15,75,107,51,130,27,56,10,7,85" hai3="35,106,65,79,5,91,104,73,1,126,133,23,72"/><V41/><F75/><W86/><G35/><T36/><D111/><U9/><E109/><V33/><F69/><W59/><G5/><T57/><D129/><U124/><E124/><V87/><F130/><W0/><G1/><T62/><D132/><U105/><E105/><V14/><F107/><W3/><G0/><T12/><D2/><U55/><E123/><V92/><F27/><W102/><G3/><T43/><D103/><U45/><E78/><V50/><F33/><W61/><G126/><T44/><D112/><U11/><E22/><V80/><F56/><W77/><G133/><T16/><D6/><U37/><E95/><V120/><F120/><W110/><G110/><T58/><D84/><U98/><E45/><N who="2" m="25903" /><F51/><W67/><G23/><T68/><D68/><U127/><E127/><V81/><F101/><W118/><G118/><T97/><D62/><U19/><REACH who="1" step="1"/><E98/><REACH who="1" ten="512,118,145,215" step="2"/><V82/><F92/><W117/><G106/><T121/><D97/><U74/><E74/><V26/><F26/><W71/><G72/><T38/><D121/><U8/><E8/><AGARI ba="0,1" hai="7,8,10,14,15,17,80,81,82,85,87" m="25903" machi="8" ten="30,1500,0" yaku="8,1" doraHai="108" who="2" fromWho="1" sc="512,0,118,-15,145,25,215,0" /><INIT seed="6,1,0,5,0,60" ten="512,103,170,215" oya="2" hai0="67,49,120,118,78,92,74,52,91,22,24,69,107" hai1="18,104,106,33,35,61,88,0,134,87,77,135,44" hai2="122,82,19,86,117,31,55,34,123,48,3,5,9" hai3="133,2,17,59,58,97,109,26,102,40,90,94,23"/><V28/><F117/><W11/><G109/><T83/><D120/><U121/><E0/><V41/><F41/><W127/><G133/><N who="1" m="50698" /><E77/><V125/><F125/><W54/><G127/><T110/><D110/><U62/><E18/><V71/><F71/><W13/><G40/><T96/><D118/><U112/><E44/><V103/><F103/><W64/><G2/><T130/><D130/><U114/><E121/><V45/><F31/><W6/><G64/><T32/><D32/><N who="1" m="12363" /><E87/><V89/><F28/><W21/><G21/><T46/><D107/><N who="1" m="41003" /><E88/><V65/><F34/><W93/><G54/><T30/><D78/><U36/><E36/><V98/><F98/><AGARI ba="1,0" hai="6,11,13,17,23,26,58,59,90,93,94,97,98,102" machi="98" ten="30,2000,0" yaku="7,1,8,1" doraHai="60" who="3" fromWho="2" sc="512,0,103,0,170,-23,215,23" /><INIT seed="7,0,0,5,0,64" ten="512,103,147,238" oya="3" hai0="33,27,104,108,14,86,129,54,135,133,74,89,67" hai1="35,116,0,88,72,77,18,87,58,11,56,96,29" hai2="59,127,52,32,43,117,130,78,46,6,69,40,45" hai3="118,84,51,42,20,62,7,16,9,93,31,38,115"/><W73/><G115/><T37/><D108/><U95/><E116/><V132/><F32/><W26/><G118/><T120/><D120/><U36/><E36/><V19/><F117/><W71/><G73/><T121/><D121/><U63/><E72/><V4/><F130/><W60/><G38/><T85/><D74/><U68/><E35/><V61/><F132/><N who="0" m="50762" /><D37/><U134/><E134/><V23/><F69/><W22/><G71/><T28/><D104/><U128/><E128/><V110/><F78/><W91/><G51/><T107/><D107/><U103/><E77/><V106/><F106/><W17/><G42/><N who="2" m="15913" /><F127/><W48/><G48/><T90/><D67/><U80/><E29/><V125/><F125/><W2/><REACH who="3" step="1"/><G31/><REACH who="3" ten="512,103,147,228" step="2"/><T41/><D41/><U100/><E68/><V12/><F110/><W83/><G83/><T65/><D129/><U124/><E124/><V99/><F46/><W105/><G105/><T5/><D28/><U75/><E75/><V70/><F45/><W126/><G126/><T34/><D34/><U98/><E63/><V97/><F70/><W8/><G8/><T102/><D33/><U66/><E66/><V55/><F55/><W15/><AGARI ba="0,1" hai="2,7,9,15,16,17,20,22,26,60,62,84,91,93" machi="15" ten="20,7800,0" yaku="1,1,0,1,7,1,54,1,53,0" doraHai="64" doraHaiUra="24" who="3" fromWho="3" sc="512,-26,103,-26,147,-26,228,88" /><INIT seed="7,1,0,3,1,42" ten="486,77,121,316" oya="3" hai0="62,116,29,38,102,68,21,109,65,39,50,75,57" hai1="106,28,134,23,114,27,90,14,87,96,60,12,135" hai2="124,61,41,112,10,20,111,115,97,44,131,6,33" hai3="1,17,78,64,51,120,5,91,89,83,47,127,80"/><W0/><G120/><T55/><D109/><U100/><E114/><N who="2" m="43563" /><F33/><W4/><G127/><T125/><D116/><U37/><E37/><V54/><F124/><W34/><G34/><T107/><D75/><U79/><E79/><V11/><F131/><W7/><G64/><T73/><D73/><U93/><REACH who="1" step="1"/><E60/><REACH who="1" ten="486,67,121,316" step="2"/><V31/><F111/><W3/><G17/><T71/><D125/><U123/><E123/><V48/><F6/><W26/><G26/><T32/><D21/><U98/><E98/><V63/><F97/><W118/><G118/><T2/><D2/><U121/><E121/><V16/><F63/><W35/><G35/><T122/><D71/><U72/><E72/><V113/><F113/><W132/><G132/><AGARI ba="1,1" hai="12,14,23,27,28,87,90,93,96,100,106,132,134,135" machi="132" ten="40,5200,0" yaku="1,1,20,1,53,1" doraHai="42" doraHaiUra="86" who="1" fromWho="3" sc="486,0,67,65,121,0,316,-55" owari="486,58.6,132,-26.8,121,-37.9,261,6.1" /></mjloggm>