<mjloggm ver="2.3"><GO type="225" lobby="0"/><UN n0="%4E%55%44%41" n1="%E9%A6%AC%E5%BC%95%E7%81%AB%33" n2="%E3%81%BF%E3%81%BF%E3%81%9A" n3="%E3%83%96%E3%83%83%E3%83%91%E3%82%AA%E3%83%96%E3%83%81%E3%82%AD%E3%83%B3" dan="17,16,17,16" rate="2154.93,2131.72,2271.33,2113.57" sx="M,M,M,M"/><TAIKYOKU oya="0"/><INIT seed="0,0,0,5,1,91" ten="250,250,250,250" oya="0" hai0="56,71,28,76,7,94,61,36,55,57,72,97,59" hai1="30,45,102,123,103,9,38,104,58,111,80,85,33" hai2="37,69,25,60,112,77,86,41,50,98,12,113,87" hai3="20,131,84,26,51,18,13,64,92,121,19,54,3"/><T67/><D36/><U70/><E123/><V46/><F25/><W31/><G121/><T82/><D7/><U78/><E70/><V116/><F116/><W81/><G131/><T125/><D125/><U2/><E111/><V66/><F98/><W65/><G3/><T22/><D22/><U110/><E110/><V124/><F124/><W120/><G120/><T99/><D28/><U49/><E38/><V43/><F43/><W52/><G19/><T23/><D23/><U107/><E58/><V118/><F118/><W101/><G101/><T93/><REACH who="0" step="1"/><D55/><REACH who="0" ten="240,250,250,250" step="2"/><U132/><E9/><V96/><F37/><W48/><G54/><T29/><D29/><U122/><E122/><V39/><F39/><W135/><G52/><T11/><D11/><U27/><E2/><V89/><F112/><W133/><G31/><T62/><D62/><U35/><E35/><V16/><F113/><W75/><G20/><T47/><D47/><U95/><E45/><V21/><REACH who="2" step="1"/><F77/><REACH who="2" ten="240,250,240,250" step="2"/><W63/><G135/><T129/><D129/><U32/><E78/><V126/><F126/><W74/><G133/><T4/><D4/><U34/><E132/><V88/><F88/><W128/><G128/><T108/><D108/><U44/><E33/><V15/><F15/><W14/><G14/><T134/><D134/><U17/><E32/><V117/><F117/><W83/><G13/><T109/><D109/><U1/><E34/><V106/><F106/><W53/><G26/><T5/><D5/><U10/><E107/><V115/><F115/><W105/><G105/><T40/><D40/><U24/><E104/><RYUUKYOKU ba="0,2" sc="240,15,250,-15,240,15,250,-15" hai0="56,57,59,61,67,71,72,76,82,93,94,97,99" hai2="12,16,21,41,46,50,60,66,69,86,87,89,96" /><INIT seed="0,1,2,3,4,94" ten="255,235,255,235" oya="0" hai0="75,60,16,93,38,64,80,84,18,12,41,36,34" hai1="35,57,82,1,50,102,48,5,14,81,61,104,72" hai2="51,33,113,111,89,37,130,107,3,100,103,62,125" hai3="88,114,135,24,124,40,69,99,68,96,87,63,106"/><T126/><D126/><U79/><E1/><V28/><F89/><W119/><G114/><T92/><D34/><U30/><E82/><V76/><F51/><W83/><G119/><T19/><D75/><U59/><E59/><V70/><F76/><W49/><G124/><T97/><D12/><U128/><E128/><V56/><F56/><W134/><G24/><T52/><D92/><U85/><E72/><V101/><F125/><W44/><G106/><T26/><D41/><U131/><E131/><V118/><F130/><W115/><G115/><T6/><D6/><U10/><E30/><V42/><F3/><W67/><REACH who="3" step="1"/><G69/><REACH who="3" ten="255,235,255,225" step="2"/><T27/><D27/><U112/><E112/><V15/><F113/><W105/><G105/><T123/><D26/><U127/><E127/><V121/><F107/><W17/><G17/><T4/><D4/><U71/><E71/><V122/><F118/><W55/><G55/><T86/><D52/><U25/><E25/><N who="2" m="18575" /><F122/><W43/><G43/><T110/><D123/><U98/><E35/><V109/><F121/><W46/><G46/><T39/><D110/><U133/><E133/><AGARI ba="1,3" hai="40,44,49,63,67,68,83,87,88,96,99,133,134,135" machi="133" ten="40,12000,2" yaku="1,1,20,1,52,2,54,1,53,1" doraHai="94" doraHaiUra="77" who="3" fromWho="1" sc="255,0,235,-123,255,0,225,153" /><INIT seed="1,0,0,1,0,71" ten="255,112,255,378" oya="1" hai0="29,85,12,44,64,38,106,65,76,119,21,42,51" hai1="114,61,46,4,66,45,36,23,113,91,124,56,126" hai2="48,96,55,2,118,115,0,87,81,15,82,31,30" hai3="78,63,89,40,86,127,24,67,19,6,131,13,88"/><U16/><E4/><V129/><F118/><W101/><G127/><N who="1" m="48682" /><E91/><N who="3" m="34890" /><G131/><T41/><D119/><U104/><E104/><V1/><F96/><W62/><G101/><T109/><D106/><U8/><E8/><V50/><F129/><W94/><G40/><N who="0" m="24967" /><D38/><U132/><E132/><V39/><F115/><N who="1" m="44041" /><E36/><V57/><F39/><W92/><G24/><AGARI ba="0,0" hai="16,23,24,45,46,56,61,66" m="44041,48682" machi="24" ten="30,2900,0" yaku="18,1,54,1" doraHai="71" who="1" fromWho="3" sc="255,0,112,29,255,0,378,-29" /><INIT seed="1,1,0,4,2,31" ten="255,141,255,349" oya="1" hai0="48,45,130,85,61,50,75,127,116,37,14,86,49" hai1="118,11,82,39,102,24,94,23,55,46,13,52,98" hai2="113,119,43,72,83,73,132,121,42,19,63,56,12" hai3="32,79,6,134,120,101,89,36,18,44,100,76,110"/><U88/><E118/><V60/><F119/><W8/><G120/><T5/><D116/><U15/><E39/><V68/><F121/><W26/><G110/><T125/><D75/><U33/><E33/><V0/><F0/><W112/><G112/><T81/><D130/><U117/><E117/><V124/><F113/><W38/><G134/><T29/><D29/><N who="1" m="17567" /><E46/><V103/><F103/><W84/><G32/><T59/><D37/><U28/><E28/><V105/><F105/><W30/><G30/><T51/><D5/><N who="1" m="3311" /><E15/><V40/><F132/><W4/><G38/><T135/><D14/><U65/><E65/><V41/><F41/><W115/><G36/><T58/><D135/><U114/><E114/><V74/><F124/><N who="0" m="47690" /><D45/><U107/><E107/><V96/><F68/><W122/><G44/><T25/><N who="0" m="12288" /><DORA hai="126" /><T66/><D25/><U53/><E82/><V92/><F83/><W64/><G26/><T87/><D81/><U57/><E102/><V27/><F27/><W62/><G100/><T17/><D17/><U109/><E109/><V95/><F96/><W22/><G101/><T77/><D77/><U1/><E1/><V129/><F129/><W7/><G79/><T47/><D47/><U90/><E90/><V34/><F34/><W78/><G115/><T97/><D97/><U70/><E70/><AGARI ba="1,0" hai="58,59,61,66,70,85,86,87" m="12288,47690" machi="70" ten="50,1600,0" yaku="18,1" doraHai="31,126" who="0" fromWho="1" sc="255,19,141,-19,255,0,349,0" /><INIT seed="2,0,0,1,2,87" ten="274,122,255,349" oya="2" hai0="99,33,78,109,73,3,54,90,101,110,121,45,111" hai1="128,127,29,124,0,48,18,84,36,15,81,40,123" hai2="93,5,114,120,115,98,75,53,68,102,62,71,79" hai3="117,35,7,106,107,31,80,67,94,20,108,92,113"/><V70/><F120/><W118/><G35/><T60/><D121/><U26/><E123/><V132/><F5/><W104/><G7/><T2/><D33/><U129/><E36/><V9/><F9/><W112/><G67/><T130/><D130/><N who="1" m="50283" /><E48/><V125/><F132/><W131/><G131/><T56/><D45/><U19/><E40/><V41/><F125/><N who="1" m="48201" /><E84/><V65/><F53/><W91/><G108/><T4/><D4/><U95/><E95/><N who="3" m="36394" /><G20/><T49/><D49/><U24/><E81/><V134/><F134/><W42/><G31/><T83/><D90/><U97/><E97/><V57/><REACH who="2" step="1"/><F41/><REACH who="2" ten="274,122,245,349" step="2"/><W116/><G42/><T122/><D122/><U47/><E47/><V37/><F37/><W8/><G8/><T12/><D12/><U74/><E74/><V30/><F30/><W1/><G1/><T63/><D63/><U135/><E135/><V72/><F72/><W13/><G13/><T25/><REACH who="0" step="1"/><D25/><REACH who="0" ten="264,122,245,349" step="2"/><N who="1" m="9835" /><E29/><V77/><F77/><W88/><G117/><T22/><D22/><N who="1" m="11615" /><E19/><V103/><F103/><W76/><G118/><T10/><D10/><U52/><E52/><V85/><F85/><N who="3" m="48263" /><G116/><T61/><D61/><U21/><E21/><V89/><F89/><AGARI ba="0,2" hai="88,89,91,104,106,107,112,113" m="48263,36394" machi="89" ten="40,12000,2" yaku="34,2,52,3,54,1" doraHai="87" who="3" fromWho="2" sc="264,0,122,0,245,-120,349,140" /><INIT seed="3,0,0,5,0,93" ten="264,122,125,489" oya="3" hai0="106,18,43,35,114,120,135,10,27,0,54,50,69" hai1="127,88,101,103,124,20,98,9,123,19,11,23,83" hai2="24,66,117,49,44,42,118,14,6,92,126,28,13" hai3="39,15,36,57,29,48,113,33,63,17,68,79,41"/><W25/><G113/><T46/><D54/><U80/><E19/><V72/><F72/><W53/><G79/><T82/><D50/><U16/><E16/><V85/><F126/><W89/><G89/><T38/><D46/><U95/><E95/><V61/><F117/><W91/><G91/><T86/><D10/><U56/><E88/><N who="2" m="53263" /><F118/><W109/><G109/><T133/><D86/><U60/><E123/><V81/><F81/><W75/><G75/><T99/><D18/><U67/><E67/><V121/><F121/><W125/><G125/><T130/><D82/><U116/><E116/><V4/><F24/><W8/><REACH who="3" step="1"/><G41/><REACH who="3" ten="264,122,125,479" step="2"/><T134/><D27/><U110/><E110/><V76/><F76/><W40/><G40/><T129/><D69/><U104/><E56/><N who="2" m="37159" /><F28/><W2/><G2/><T64/><D0/><U26/><E26/><V131/><F131/><W51/><G51/><T94/><D114/><U71/><E71/><V37/><F37/><W87/><G87/><T112/><D112/><U122/><E122/><V102/><F102/><W128/><G128/><T31/><D120/><U22/><E103/><V90/><F90/><W58/><G58/><T107/><D129/><U3/><E60/><V12/><AGARI ba="0,1" hai="4,6,12,13,14,42,44,49" m="37159,53263" machi="12" ten="30,2000,0" yaku="8,1,54,1" doraHai="93" who="2" fromWho="2" sc="264,-5,122,-5,125,30,479,-10" owari="259,5.9,117,-38.3,155,-24.5,469,56.9" /></mjloggm>