<mjloggm ver="2.3"><GO type="169" lobby="0"/><UN n0="%E9%9B%AA%E3%83%8E%E4%B8%8B%E9%9B%AA%E4%B9%83" n1="%E3%81%91%E3%82%93%E3%81%9E%E3%83%BC%E3%83%99%E3%82%A4" n2="%44%61%6C%69" n3="%E3%82%BF%E3%82%A4%E4%BA%BA%EF%BC%A0%E3%83%90%E3%83%B3%E3%82%B3%E3%82%AF" dan="16,16,17,16" rate="2059.47,2081.07,2193.76,2114.92" sx="F,M,M,M"/><TAIKYOKU oya="0"/><INIT seed="0,0,0,3,2,48" ten="250,250,250,250" oya="0" hai0="77,31,19,100,5,60,12,115,54,50,97,105,121" hai1="25,40,86,88,111,128,63,131,24,69,30,26,117" hai2="103,65,94,41,84,62,106,4,2,127,9,64,32" hai3="37,56,17,15,119,133,55,52,76,125,87,109,122"/><T70/><D115/><U38/><E117/><V79/><F32/><W29/><G119/><T36/><D121/><U99/><E99/><V3/><F3/><W42/><G109/><T51/><D36/><U80/><E111/><V120/><F120/><W7/><G7/><T35/><D5/><U123/><E123/><V83/><F127/><W130/><G122/><T57/><D77/><U72/><E72/><V14/><F2/><W27/><G125/><T82/><D82/><U74/><E74/><V10/><F10/><N who="3" m="6391" /><G37/><T113/><D113/><U53/><E40/><V46/><F106/><W61/><G42/><T71/><D31/><U66/><E38/><V91/><F103/><W114/><G114/><T8/><D35/><U126/><E126/><V47/><F62/><W85/><G133/><T45/><REACH who="0" step="1"/><D51/><REACH who="0" ten="240,250,250,250" step="2"/><U20/><E131/><V134/><F134/><W16/><G130/><T28/><D28/><U75/><E128/><V78/><F78/><W112/><G29/><T107/><D107/><U34/><E34/><V43/><F79/><W21/><G112/><T0/><D0/><U59/><E75/><V104/><F104/><W118/><G118/><T18/><D18/><U44/><REACH who="1" step="1"/><E44/><REACH who="1" ten="240,240,250,250" step="2"/><V33/><F33/><W49/><G76/><T39/><D39/><U132/><E132/><V81/><F47/><AGARI ba="0,2" hai="16,21,27,47,49,52,55,56,61,85,87" m="6391" machi="47" ten="30,8000,1" yaku="8,1,52,2,54,2" doraHai="48" who="3" fromWho="2" sc="240,0,240,0,250,-80,250,100" /><INIT seed="1,0,0,2,4,77" ten="240,240,170,350" oya="1" hai0="31,51,120,32,38,97,12,105,44,15,127,2,84" hai1="28,110,107,114,20,5,133,103,108,124,11,25,30" hai2="47,75,93,42,78,99,4,14,37,6,10,19,74" hai3="58,118,79,61,13,68,82,21,76,9,100,134,87"/><U101/><E114/><V69/><F69/><W63/><G118/><T35/><D2/><U83/><E124/><V60/><F60/><W85/><G134/><T96/><D127/><U71/><E71/><V66/><F66/><W70/><G100/><T106/><D120/><U36/><E36/><V130/><F130/><W95/><G21/><T72/><D72/><U122/><E133/><V26/><F26/><W53/><G63/><T109/><D109/><N who="1" m="42091" /><E107/><V48/><F74/><W67/><G67/><T104/><D38/><U92/><E30/><V17/><F6/><W46/><G46/><T33/><D31/><U24/><E24/><V102/><REACH who="2" step="1"/><F37/><REACH who="2" ten="240,240,160,350" step="2"/><W111/><G111/><T22/><D12/><N who="1" m="5231" /><E122/><V123/><F123/><W125/><G125/><T135/><D135/><U57/><E57/><V121/><F121/><W64/><G70/><T119/><D119/><U91/><E92/><V117/><F117/><W40/><G95/><T49/><D105/><U128/><E128/><V113/><F113/><W52/><G68/><T132/><D106/><U43/><E43/><V90/><F90/><W1/><G40/><T129/><D104/><U80/><E91/><V34/><F34/><W7/><G1/><T98/><D33/><U88/><E88/><V45/><F45/><W81/><AGARI ba="0,1" hai="7,9,13,52,53,58,61,64,76,79,81,82,85,87" machi="81" ten="30,12000,2" yaku="0,1,9,1,8,1,52,2,54,1" doraHai="77" who="3" fromWho="3" sc="240,-30,240,-60,160,-30,350,130" /><INIT seed="2,0,0,4,5,76" ten="210,180,130,480" oya="2" hai0="6,46,126,18,71,59,125,40,102,86,106,91,129" hai1="43,94,44,127,109,4,52,57,24,36,119,77,84" hai2="58,60,12,35,93,14,72,19,128,120,0,83,17" hai3="122,65,7,30,115,73,89,85,23,20,101,112,104"/><V29/><F120/><W92/><G122/><T45/><D71/><U75/><E109/><V116/><F116/><W113/><G7/><T108/><D108/><U38/><E119/><V22/><F0/><W81/><G65/><T68/><D68/><U5/><E38/><V131/><F93/><W69/><G69/><T47/><D129/><N who="2" m="49738" /><F29/><W78/><G30/><T88/><D6/><U118/><E118/><V55/><F35/><W117/><G117/><T34/><D34/><U8/><E24/><N who="2" m="14415" /><F19/><W110/><G110/><T133/><D133/><U9/><E127/><N who="0" m="48649" /><D18/><U49/><E75/><V98/><F98/><AGARI ba="0,0" hai="20,23,73,78,81,85,89,92,98,101,104,112,113,115" machi="98" ten="40,8000,1" yaku="24,2,11,1,52,1" doraHai="76" who="3" fromWho="2" sc="210,0,180,0,130,-80,480,80" /><INIT seed="3,0,0,3,3,4" ten="210,180,50,560" oya="3" hai0="61,48,106,11,74,71,86,22,14,125,56,44,97" hai1="31,100,112,127,83,35,111,45,94,25,62,53,73" hai2="68,75,82,70,16,36,40,23,52,119,126,129,32" hai3="21,49,2,95,39,124,57,29,109,92,90,134,132"/><W33/><G39/><T27/><D74/><U18/><E112/><V81/><F119/><W91/><G124/><T55/><D125/><U34/><E127/><V51/><F32/><W5/><G33/><T107/><D71/><U99/><E111/><V116/><F116/><W108/><G29/><T110/><D110/><N who="3" m="42601" /><G21/><T114/><D97/><U117/><E117/><V77/><F129/><W76/><G76/><T130/><D86/><U19/><E35/><V96/><F126/><W58/><G92/><T113/><D130/><U20/><E34/><V85/><F96/><N who="3" m="57463" /><G91/><T80/><D80/><U3/><E3/><V67/><F67/><W26/><G26/><T122/><D122/><U88/><E73/><V43/><F36/><W47/><G5/><T13/><D114/><U84/><E45/><V120/><F120/><W15/><G15/><T8/><D113/><U1/><E1/><V46/><F70/><W38/><G38/><T10/><D106/><U24/><E24/><V17/><F68/><W7/><G47/><T128/><D107/><U123/><E123/><V133/><F17/><W37/><G37/><T12/><D128/><U102/><E102/><V42/><F133/><N who="3" m="51307" /><G49/><T89/><D89/><U118/><E118/><V79/><REACH who="2" step="1"/><F40/><REACH who="2" ten="210,180,40,560" step="2"/><W121/><G121/><T98/><D98/><U93/><E93/><V104/><F104/><W135/><G135/><T50/><D44/><U60/><E53/><V69/><F69/><W105/><G105/><T0/><D0/><U87/><E19/><AGARI ba="0,1" hai="8,10,11,12,13,14,19,22,27,48,50,55,56,61" machi="19" ten="40,8000,1" yaku="8,1,52,3" doraHai="4" who="0" fromWho="1" sc="210,90,180,-80,40,0,560,0" /><INIT seed="4,0,0,0,2,76" ten="300,100,40,560" oya="0" hai0="3,119,62,19,71,4,55,45,56,135,8,125,48" hai1="63,7,69,14,42,67,109,100,75,105,128,6,32" hai2="102,106,9,15,91,35,58,59,40,83,44,23,26" hai3="99,46,110,101,129,113,68,36,95,57,98,118,10"/><T86/><D119/><U25/><E109/><V33/><F106/><W34/><G110/><T24/><D135/><U13/><E75/><V90/><F102/><W121/><G118/><T97/><D125/><U108/><E42/><V41/><F33/><W39/><G68/><T50/><D71/><U111/><E111/><V92/><F35/><W127/><G34/><T87/><D50/><U132/><E132/><V54/><F58/><W85/><G127/><T74/><D74/><U28/><E128/><V130/><F130/><W31/><G31/><T123/><D123/><U104/><E104/><V96/><F44/><W37/><G113/><T114/><D114/><U79/><E79/><V81/><F90/><W0/><G129/><T88/><D19/><U122/><E122/><V5/><F40/><W66/><G46/><T20/><D24/><U11/><E108/><V103/><F103/><W21/><G21/><T51/><D20/><U52/><E52/><V80/><F41/><W47/><G47/><T133/><D51/><U116/><E116/><V49/><F80/><W77/><G57/><T94/><REACH who="0" step="1"/><D133/><REACH who="0" ten="290,100,40,560" step="2"/><U1/><E6/><V12/><F15/><W2/><G121/><T78/><D78/><U53/><E14/><V107/><F107/><W112/><G112/><T115/><D115/><U29/><E13/><V61/><F49/><W84/><G77/><T131/><D131/><U82/><E105/><V134/><F134/><W16/><G37/><T117/><D117/><U72/><E69/><V65/><F65/><AGARI ba="0,1" hai="3,4,8,45,48,55,56,62,65,86,87,88,94,97" machi="65" ten="30,11600,0" yaku="1,1,7,1,54,1,53,1" doraHai="76" doraHaiUra="89" who="0" fromWho="2" sc="290,126,100,0,40,-116,560,0" owari="416,21.6,100,-30.0,-76,-57.6,560,66.0" /></mjloggm>