<mjloggm ver="2.3"><GO type="169" lobby="0"/><UN n0="%E3%82%88%E3%81%86%E3%81%B8%E3%83%BC%58" n1="%E9%A2%A8%E3%81%A7%E9%B3%B4%E3%81%8F" n2="%E3%81%BD%E3%82%93%E5%8A%A9" n3="%76%61%63%76%61%73%65" dan="17,16,16,16" rate="2237.60,2197.63,2075.07,2123.64" sx="M,M,M,F"/><TAIKYOKU oya="0"/><INIT seed="0,0,0,5,2,43" ten="250,250,250,250" oya="0" hai0="76,41,55,25,38,50,105,60,21,81,0,93,62" hai1="35,79,86,70,71,69,58,57,117,36,22,48,45" hai2="7,17,14,123,72,133,3,5,97,119,19,89,6" hai3="53,101,12,51,78,30,34,80,85,108,4,106,120"/><T56/><D0/><U42/><E35/><V115/><F72/><W40/><G108/><T102/><D105/><U129/><E117/><V132/><F115/><W131/><G131/><T65/><D102/><U82/><E129/><V15/><F89/><W96/><G120/><T61/><D93/><U8/><E22/><V31/><F97/><W90/><G40/><T46/><D21/><U64/><E64/><V83/><F83/><W128/><G128/><T75/><REACH who="0" step="1"/><D25/><REACH who="0" ten="240,250,250,250" step="2"/><U95/><E95/><V77/><F3/><W28/><G34/><T33/><D33/><U74/><E74/><V23/><F123/><W94/><G12/><T113/><D113/><U118/><E118/><V39/><F15/><W87/><REACH who="3" step="1"/><G4/><REACH who="3" ten="240,250,250,240" step="2"/><T49/><D49/><U114/><E114/><V63/><F7/><W109/><G109/><T84/><D84/><U32/><E32/><V44/><F6/><W66/><G66/><AGARI ba="0,2" hai="38,41,46,50,55,56,60,61,62,65,66,75,76,81" machi="66" ten="40,3900,0" yaku="1,1,52,1,53,0" doraHai="43" doraHaiUra="134" who="0" fromWho="3" sc="240,59,250,0,250,0,240,-39" /><INIT seed="0,1,0,2,0,101" ten="299,250,250,201" oya="0" hai0="135,49,1,109,106,110,79,54,26,104,131,74,35" hai1="15,92,72,120,63,114,16,80,40,98,57,107,66" hai2="45,88,43,60,9,28,20,8,125,37,115,59,118" hai3="51,65,81,55,2,130,105,33,67,61,103,29,5"/><T89/><D1/><U22/><E114/><V122/><F122/><W50/><G130/><T56/><D131/><U111/><E111/><N who="0" m="42505" /><D135/><U39/><E120/><V132/><F115/><W71/><G67/><T113/><D113/><U76/><E39/><V127/><F132/><W108/><G108/><T25/><D89/><U84/><E40/><V121/><F118/><W11/><G81/><N who="0" m="45303" /><D25/><U10/><E72/><V48/><F37/><W75/><G75/><T69/><D69/><U78/><E78/><V116/><F116/><W58/><G51/><T64/><D64/><U77/><E77/><V3/><F121/><W100/><G100/><T94/><D94/><U12/><E107/><N who="0" m="41001" /><D26/><U36/><E36/><V17/><F88/><W134/><G134/><T0/><D0/><U96/><REACH who="1" step="1"/><E92/><REACH who="1" ten="299,240,250,201" step="2"/><V46/><F3/><W42/><G105/><T13/><D13/><U24/><E24/><V86/><F86/><W83/><G2/><T52/><D54/><U23/><E23/><V6/><F20/><W126/><G55/><T68/><D68/><U82/><E82/><V97/><F97/><W32/><G83/><T30/><D35/><U85/><E85/><V4/><F43/><W38/><G42/><T18/><D30/><U47/><E47/><V7/><F45/><W123/><G29/><T112/><D112/><U124/><E124/><V21/><F28/><W95/><G32/><T93/><D93/><U70/><E70/><V129/><F127/><W53/><G33/><T87/><D87/><U19/><AGARI ba="1,1" hai="10,12,15,16,19,22,57,63,66,76,80,84,96,98" machi="19" ten="20,8000,1" yaku="1,1,0,1,7,1,8,1,54,1,53,0" doraHai="101" doraHaiUra="102" who="1" fromWho="1" sc="299,-41,240,93,250,-21,201,-21" /><INIT seed="1,0,0,3,5,96" ten="258,333,229,180" oya="1" hai0="50,10,72,44,122,81,0,111,4,62,71,49,7" hai1="40,91,15,63,23,74,16,35,82,105,38,100,109" hai2="78,125,86,126,108,104,75,67,89,57,110,19,106" hai3="95,132,99,32,43,17,114,80,68,83,112,29,73"/><U37/><E35/><V27/><F19/><W121/><G68/><T26/><D111/><N who="2" m="42538" /><F27/><W101/><G43/><T55/><D122/><U87/><E109/><V116/><F116/><W13/><G121/><T66/><D7/><U120/><E120/><V130/><F57/><W107/><G132/><T9/><D9/><U65/><E40/><V56/><F56/><W21/><G107/><N who="2" m="41001" /><F67/><W92/><G92/><T39/><D26/><U117/><E117/><V34/><F34/><W12/><G12/><T18/><D18/><U54/><E54/><V24/><F24/><W60/><G60/><T129/><D129/><U135/><E135/><V52/><F52/><W64/><G64/><T77/><D55/><U128/><E128/><V28/><F28/><W98/><G29/><T134/><D134/><U6/><E6/><V22/><F22/><W97/><G32/><T79/><D79/><U119/><E119/><V53/><F53/><W113/><REACH who="3" step="1"/><G83/><REACH who="3" ten="258,333,229,170" step="2"/><T47/><D39/><U118/><E118/><V127/><F130/><W88/><G88/><T133/><D133/><U103/><E105/><V25/><F25/><W20/><G20/><T94/><D94/><U30/><E30/><V31/><F31/><W84/><G84/><T69/><D71/><U90/><E90/><V46/><F89/><W45/><G45/><T2/><D2/><U48/><E74/><V61/><F46/><N who="0" m="17450" /><D50/><U14/><E14/><V58/><BYE who="1" /><F75/><W124/><G124/><T5/><D49/><U102/><E102/><V3/><F3/><W1/><G1/><UN n1="%E9%A2%A8%E3%81%A7%E9%B3%B4%E3%81%8F" /><T85/><D72/><U59/><E48/><RYUUKYOKU ba="0,1" sc="258,10,333,10,229,-30,170,10" hai0="0,4,5,10,62,66,69,77,81,85" hai1="15,16,23,37,38,59,63,65,82,87,91,100,103" hai3="13,17,21,73,80,95,97,98,99,101,112,113,114" /><INIT seed="1,1,1,4,0,34" ten="268,343,199,180" oya="1" hai0="57,59,41,130,22,31,53,112,93,38,65,124,19" hai1="40,117,4,70,28,51,36,55,96,3,58,21,99" hai2="123,30,29,128,104,25,8,68,76,105,106,108,79" hai3="100,135,13,129,119,87,17,46,26,47,103,115,74"/><U102/><E70/><V72/><F123/><W45/><G115/><T23/><D112/><U95/><E117/><V54/><F108/><W126/><G74/><T113/><D113/><U111/><E111/><V80/><F128/><W71/><G129/><T20/><D130/><U62/><E36/><V1/><F76/><W32/><G119/><T73/><D73/><U77/><E77/><V6/><F54/><W98/><G71/><T35/><D35/><U18/><E28/><V78/><F78/><W63/><G126/><T85/><D41/><U64/><E40/><V69/><REACH who="2" step="1"/><F30/><REACH who="2" ten="268,343,189,180" step="2"/><W12/><G135/><T37/><D53/><U15/><E64/><V120/><F120/><W14/><G63/><T44/><D31/><U52/><E55/><V61/><F61/><W127/><G127/><T110/><D65/><U88/><E62/><V121/><F121/><W91/><G32/><AGARI ba="1,2" hai="1,6,8,25,29,32,68,69,72,79,80,104,105,106" machi="32" ten="40,8000,1" yaku="1,1,33,3,52,1,53,0" doraHai="34" doraHaiUra="109" who="2" fromWho="3" sc="268,0,343,0,189,103,180,-83" /><INIT seed="2,0,0,4,5,126" ten="268,343,292,97" oya="2" hai0="38,44,90,96,50,98,118,29,16,19,51,15,104" hai1="125,12,82,80,116,39,121,100,6,23,33,74,68" hai2="95,78,3,34,131,53,40,31,61,113,127,47,26" hai3="27,120,102,132,99,135,58,111,101,69,5,46,76"/><V35/><F113/><W45/><G120/><T59/><D118/><U89/><E68/><V105/><F105/><W9/><G69/><T129/><D29/><U77/><E33/><V112/><F112/><W65/><G111/><T57/><D38/><U128/><E39/><V62/><F127/><W133/><G76/><T92/><D104/><U54/><E125/><V119/><F3/><W0/><G27/><T123/><D123/><U42/><E42/><V71/><F119/><W36/><G36/><T130/><D96/><U48/><E116/><V22/><F78/><W84/><G84/><T60/><D59/><U41/><E100/><V117/><F117/><W81/><G81/><T124/><D124/><U110/><E41/><V75/><F75/><W7/><G7/><T63/><D63/><U49/><E49/><N who="0" m="18441" /><D15/><U106/><E106/><V115/><F115/><W85/><G85/><T13/><D13/><U64/><E64/><V109/><F40/><W70/><G70/><T97/><D97/><U18/><E6/><V93/><F109/><W21/><G21/><T28/><D28/><U103/><E103/><V4/><F4/><W11/><G11/><T56/><D56/><N who="1" m="32839" /><E110/><V73/><F71/><W14/><G0/><T83/><D44/><N who="3" m="17001" /><G99/><T52/><D83/><N who="1" m="45495" /><E121/><V88/><F35/><W66/><G66/><T30/><D30/><U134/><E82/><V24/><F34/><W10/><G10/><T2/><D2/><U37/><E80/><V108/><F31/><W114/><G114/><T17/><D98/><U72/><E37/><V86/><F108/><W55/><G65/><RYUUKYOKU ba="0,0" sc="268,15,343,-15,292,-15,97,15" hai0="16,17,19,52,57,60,90,92,129,130" hai3="5,9,14,55,58,101,102,132,133,135" /><INIT seed="3,1,0,3,0,40" ten="283,328,277,112" oya="3" hai0="49,82,133,9,132,134,98,67,74,105,17,3,87" hai1="22,78,113,118,46,124,8,77,88,130,10,94,34" hai2="20,5,73,101,23,13,110,97,54,96,99,71,12" hai3="83,106,119,93,123,6,33,107,122,38,48,45,102"/><W28/><G119/><T52/><D74/><U81/><E34/><V69/><F73/><W108/><G38/><T120/><D67/><U62/><E113/><V24/><F110/><W131/><G108/><T42/><D42/><U65/><E124/><V109/><F109/><W100/><G6/><N who="0" m="1247" /><D17/><U36/><E130/><V27/><F101/><W37/><G37/><T129/><D120/><U39/><E39/><V14/><F54/><W32/><G131/><T114/><D129/><U11/><E118/><V72/><F72/><W61/><G61/><T128/><D128/><U47/><E22/><N who="2" m="8235" /><F5/><W56/><G56/><N who="0" m="32783" /><D114/><U25/><E25/><AGARI ba="1,0" hai="12,13,14,24,25,27,69,71,96,97,99" m="8235" machi="25" ten="40,2600,0" yaku="28,2" doraHai="40" who="2" fromWho="1" sc="283,0,328,-29,277,29,112,0" /><INIT seed="4,0,0,3,3,22" ten="283,299,306,112" oya="0" hai0="77,133,74,64,45,29,51,26,118,100,49,42,19" hai1="127,31,61,84,48,2,121,40,55,122,47,9,12" hai2="105,24,18,54,91,0,70,28,98,53,96,23,39" hai3="73,102,103,21,99,120,52,15,85,27,95,59,82"/><T8/><D118/><U97/><E2/><V33/><F39/><W106/><G120/><T88/><D133/><U90/><E127/><V32/><F70/><W89/><G73/><T135/><D135/><U66/><E97/><V109/><F109/><W117/><G117/><T43/><D100/><U104/><E31/><V93/><F0/><W41/><G41/><T124/><D124/><U79/><E104/><V87/><F33/><W81/><G15/><N who="0" m="7655" /><D74/><U129/><E129/><V6/><F6/><W86/><G103/><T38/><D77/><U1/><E1/><V57/><F54/><W25/><G21/><N who="0" m="15567" /><D38/><U75/><E75/><V115/><F115/><W72/><G72/><T107/><D107/><U20/><E20/><N who="2" m="15367" /><F105/><W5/><G5/><T50/><D64/><U11/><E11/><V78/><F78/><N who="3" m="46263" /><G106/><T14/><D14/><U83/><E79/><V128/><F32/><W108/><G108/><T130/><D130/><U10/><E10/><V113/><F113/><W110/><G110/><T17/><D17/><N who="1" m="8335" /><E40/><N who="0" m="15401" /><D45/><U101/><E101/><V4/><F128/><W112/><G112/><T3/><D3/><U131/><E131/><V119/><F119/><W62/><AGARI ba="0,0" hai="25,27,52,59,62,82,86,89,95,99,102" m="46263" machi="62" ten="30,7900,0" yaku="8,1,52,2,54,1" doraHai="22" who="3" fromWho="3" sc="283,-39,299,-20,306,-20,112,79" /><INIT seed="5,0,0,1,4,83" ten="244,279,286,191" oya="1" hai0="114,31,115,124,54,3,28,38,47,86,59,77,4" hai1="1,80,109,18,107,25,121,96,22,72,5,93,111" hai2="63,127,37,46,119,43,108,70,26,131,128,98,113" hai3="103,92,30,129,24,10,94,57,116,32,130,78,48"/><U88/><E121/><V82/><F119/><W14/><G116/><T6/><D124/><U117/><E117/><V112/><F108/><W56/><G78/><T65/><D65/><U61/><E1/><V85/><F26/><W41/><G57/><T133/><D133/><U87/><E5/><N who="0" m="2153" /><D3/><U100/><E61/><V81/><F98/><W110/><G110/><N who="1" m="41994" /><E72/><V50/><F81/><AGARI ba="0,0" hai="18,22,25,80,81,87,88,93,96,100,107" m="41994" machi="81" ten="30,5800,0" yaku="10,1,52,1,54,1" doraHai="83" who="1" fromWho="2" sc="244,0,279,58,286,-58,191,0" /><INIT seed="5,1,0,1,0,95" ten="244,337,228,191" oya="1" hai0="24,79,132,21,23,11,126,118,128,69,83,3,122" hai1="41,31,29,9,51,36,62,104,59,87,47,63,93" hai2="109,53,25,98,33,77,108,68,131,105,74,120,16" hai3="81,107,4,91,88,92,14,5,19,32,80,106,7"/><U60/><E104/><V18/><F120/><W119/><G32/><T27/><D118/><U58/><E36/><V130/><F68/><W123/><G123/><T8/><D69/><U46/><E46/><V43/><F43/><W48/><G119/><T72/><D122/><U82/><E93/><V100/><F77/><W64/><G64/><T84/><D128/><N who="2" m="49194" /><F74/><W129/><G129/><T56/><D126/><U52/><E9/><N who="0" m="3657" /><D132/><U115/><E115/><V125/><F125/><W67/><G67/><T1/><D72/><U127/><E127/><V113/><F53/><W26/><G26/><N who="0" m="9771" /><D1/><U2/><E2/><V12/><F113/><W66/><G66/><T42/><D42/><U86/><E86/><V121/><F121/><W102/><G48/><T65/><D3/><U38/><REACH who="1" step="1"/><E59/><REACH who="1" ten="244,327,228,191" step="2"/><V54/><F105/><W55/><G106/><T117/><D117/><U20/><E20/><N who="2" m="13447" /><F33/><W94/><G107/><T99/><D99/><U71/><E71/><V76/><F98/><W124/><G124/><T90/><D21/><U40/><E40/><V78/><F109/><W39/><G39/><T133/><D23/><U50/><E50/><V101/><F108/><W135/><G94/><T96/><D96/><U15/><E15/><V114/><F114/><W35/><G14/><T70/><D70/><U17/><E17/><V6/><F18/><W37/><G19/><T44/><D44/><U0/><E0/><V28/><F12/><W116/><G37/><T112/><D112/><U10/><E10/><V49/><F6/><N who="3" m="2667" /><G92/><T45/><D45/><U73/><E73/><V134/><F49/><RYUUKYOKU ba="1,1" sc="244,-10,327,30,228,-10,191,-10" hai1="29,31,38,41,47,51,52,58,60,62,63,82,87" /><INIT seed="5,2,1,1,0,89" ten="234,357,218,181" oya="1" hai0="1,39,6,133,93,45,40,122,92,47,10,111,41" hai1="82,49,75,96,25,121,58,51,53,43,125,42,116" hai2="18,12,57,28,63,64,77,90,87,132,50,22,36" hai3="107,2,27,127,35,62,44,103,81,68,66,52,79"/><U60/><E116/><V76/><F36/><W56/><G2/><T33/><D111/><U59/><E121/><V100/><F132/><W101/><G127/><T88/><D133/><U38/><E125/><V104/><F104/><W26/><G44/><T69/><D122/><U80/><E75/><V126/><F100/><W61/><G107/><T54/><D33/><U112/><E112/><V128/><F128/><W105/><G105/><T135/><D135/><U97/><E25/><V31/><F126/><W11/><G11/><T8/><D69/><U34/><E34/><V37/><F37/><W3/><G3/><T102/><D54/><U114/><E38/><V124/><F124/><W67/><G67/><T108/><D108/><U65/><E114/><V83/><F50/><W17/><G27/><T30/><D30/><AGARI ba="2,1" hai="12,18,22,28,30,31,57,63,64,76,77,83,87,90" machi="30" ten="40,1300,0" yaku="8,1" doraHai="89" who="2" fromWho="0" sc="234,-19,357,0,218,29,181,0" /><INIT seed="6,0,0,5,2,124" ten="215,357,247,181" oya="2" hai0="101,47,126,7,72,27,50,44,85,102,26,56,105" hai1="19,116,76,128,107,42,135,15,60,57,131,111,86" hai2="112,68,109,119,78,48,95,13,80,132,2,89,14" hai3="24,92,6,65,45,40,125,129,104,77,18,1,32"/><V35/><F119/><W122/><G122/><T110/><D72/><U90/><E107/><V16/><F2/><W28/><G104/><T82/><D110/><U58/><E116/><V10/><F68/><W71/><G125/><T61/><D126/><U34/><E34/><V37/><F37/><W21/><G77/><N who="0" m="46287" /><D7/><U70/><E111/><V66/><F35/><W93/><G65/><N who="0" m="39079" /><D105/><U11/><E76/><V108/><F112/><W87/><G71/><T118/><D47/><U98/><E98/><V69/><F132/><W64/><G64/><T91/><D91/><U133/><E42/><V39/><F39/><W59/><G59/><N who="1" m="22538" /><E60/><V127/><F127/><W74/><G74/><T51/><D51/><U46/><E46/><V29/><F48/><W73/><G73/><T4/><D4/><U113/><E113/><V53/><F66/><W97/><G87/><T96/><D118/><U63/><E63/><V55/><F69/><W99/><G99/><T88/><D88/><U20/><E11/><N who="2" m="6207" /><F109/><W31/><G32/><T36/><D36/><U54/><E54/><V115/><F115/><W130/><G1/><T43/><D96/><U134/><E70/><V25/><F89/><W5/><G5/><T33/><D33/><U103/><E103/><AGARI ba="0,0" hai="26,27,43,44,50,101,102,103" m="39079,46287" machi="103" ten="30,1000,0" yaku="8,1" doraHai="124" who="0" fromWho="1" sc="215,10,357,-10,247,0,181,0" /><INIT seed="7,0,0,4,3,111" ten="225,347,247,181" oya="3" hai0="21,37,27,119,2,38,3,91,25,43,62,106,80" hai1="15,60,67,5,11,23,112,58,8,61,102,83,103" hai2="48,64,109,19,41,32,40,79,16,107,42,70,75" hai3="105,26,65,92,130,1,116,0,81,17,73,6,113"/><W4/><G116/><T45/><D106/><U101/><E112/><V63/><F109/><W124/><G105/><T129/><D119/><U20/><E83/><V55/><F32/><W49/><G130/><T69/><D37/><U117/><E117/><V12/><F107/><W100/><G124/><T53/><D129/><U50/><E50/><V114/><F75/><W10/><G113/><T84/><D25/><U57/><E11/><V33/><F79/><W118/><G118/><T97/><D97/><U133/><E133/><V56/><F33/><W108/><G108/><T31/><REACH who="0" step="1"/><D53/><AGARI ba="0,0" hai="5,8,15,20,23,53,57,58,60,61,67,101,102,103" machi="53" ten="40,1300,0" yaku="8,1" doraHai="111" who="1" fromWho="0" sc="225,-13,347,13,247,0,181,0" owari="212,-18.8,360,46.0,247,4.7,181,-31.9" /></mjloggm>