<mjloggm ver="2.3"><GO type="169" lobby="0"/><UN n0="%E8%87%AA%E6%91%B8%E3%81%AE%E3%81%BF" n1="%E3%81%94%E3%82%8B%E3%81%AF%E3%82%80%33%30" n2="%E3%81%B3%E3%82%8A%E3%81%B3%E3%82%8A%E2%98%86%E3%83%93%E3%83%AA%E3%83%BC" n3="%6D%62%72%63%68%61%6E" dan="16,17,17,16" rate="2099.69,2181.16,2201.19,2133.90" sx="M,F,M,M"/><TAIKYOKU oya="0"/><INIT seed="0,0,0,3,5,15" ten="250,250,250,250" oya="0" hai0="129,57,128,10,13,107,121,21,115,44,109,46,14" hai1="97,92,88,72,58,113,82,61,130,60,123,20,111" hai2="134,1,104,98,112,30,133,31,41,86,71,73,55" hai3="59,54,37,83,40,28,76,18,56,38,63,124,67"/><T23/><D115/><U94/><E113/><V53/><F112/><W24/><G124/><T102/><D121/><U91/><E123/><V81/><F73/><W0/><G0/><T101/><D57/><U64/><E111/><V126/><F1/><W19/><G40/><T17/><D109/><U99/><E130/><N who="0" m="50281" /><D23/><U47/><E47/><N who="0" m="17961" /><D107/><U49/><E20/><V34/><F41/><W131/><G38/><T108/><D108/><U96/><E49/><V26/><F71/><W95/><G37/><T93/><D93/><U110/><E110/><V62/><F126/><W84/><G95/><T45/><N who="0" m="17969" /><T80/><DORA hai="48" /><D80/><U122/><E122/><V65/><F31/><W119/><G119/><T127/><D127/><U106/><E61/><V87/><F62/><N who="3" m="36119" /><G131/><T125/><D125/><U51/><E51/><V7/><F65/><W85/><G85/><T118/><D118/><U16/><E106/><V39/><F39/><W89/><G76/><T120/><D120/><U105/><E105/><V90/><F87/><W117/><G117/><T8/><D8/><U4/><E99/><V32/><F32/><W33/><G33/><T74/><D74/><U36/><E36/><V2/><F98/><W103/><G103/><T43/><D43/><U52/><E72/><V11/><REACH who="2" step="1"/><F104/><REACH who="2" ten="250,250,240,250" step="2"/><W116/><G116/><T27/><D14/><U3/><E64/><V114/><F114/><W42/><G42/><T12/><D12/><U79/><E3/><V9/><F9/><W50/><G50/><T69/><D69/><U66/><E97/><V25/><F25/><W77/><G24/><RYUUKYOKU ba="0,1" sc="250,15,250,-15,240,15,250,-15" hai0="10,13,17,21,27,101,102" hai2="2,7,11,26,30,34,53,55,81,86,90,133,134" /><INIT seed="0,1,1,4,5,52" ten="265,235,255,235" oya="0" hai0="28,100,29,97,130,32,27,87,102,113,114,99,112" hai1="67,133,16,96,86,54,79,22,8,5,93,26,13" hai2="12,72,83,123,59,3,61,44,18,57,2,15,53" hai3="81,30,34,35,51,36,69,120,47,128,39,106,73"/><T82/><D130/><U40/><E133/><V125/><F123/><W24/><G128/><T88/><REACH who="0" step="1"/><D29/><REACH who="0" ten="255,235,255,235" step="2"/><U33/><E33/><V98/><F125/><W45/><G35/><T115/><N who="0" m="28672" /><DORA hai="38" /><T134/><D134/><U50/><E67/><V118/><F118/><W126/><G126/><T21/><D21/><U60/><E22/><V110/><F110/><W108/><G108/><T14/><D14/><U105/><E13/><V131/><F131/><W49/><G34/><T78/><D78/><U0/><E79/><V48/><F15/><W68/><G30/><T66/><D66/><U132/><E132/><V90/><F3/><W43/><G120/><T80/><D80/><U20/><E0/><V117/><F2/><W74/><G81/><T19/><D19/><U6/><E16/><V75/><F117/><W122/><G122/><T1/><D1/><U116/><E20/><V62/><F83/><W119/><G119/><T121/><D121/><U4/><E116/><V9/><F75/><W109/><G109/><T91/><D91/><U111/><E111/><V10/><F72/><W95/><G74/><T71/><D71/><U42/><E6/><V55/><F18/><W17/><G17/><T70/><D70/><U107/><E4/><V77/><F77/><W46/><G69/><T103/><AGARI ba="1,2" hai="27,28,32,82,87,88,97,99,100,102,103" m="28672" machi="103" ten="60,11700,0" yaku="1,1,0,1,54,1,53,0" doraHai="52,38" doraHaiUra="135,63" who="0" fromWho="0" sc="255,140,235,-40,255,-40,235,-40" /><INIT seed="0,2,0,5,2,124" ten="395,195,215,195" oya="0" hai0="90,32,54,126,9,52,40,87,130,12,15,73,128" hai1="72,92,46,109,48,115,105,1,41,17,60,133,23" hai2="88,5,47,108,120,61,123,66,67,86,85,89,110" hai3="64,16,94,14,21,76,131,132,43,98,96,28,62"/><T8/><D73/><U36/><E105/><V84/><F5/><W119/><G119/><T0/><D32/><U2/><E109/><N who="2" m="42091" /><F47/><W56/><G132/><T45/><D126/><U33/><E33/><V80/><F61/><W53/><G131/><N who="0" m="50219" /><D0/><U103/><E133/><V70/><F70/><W39/><G76/><T116/><D116/><U117/><E72/><V49/><F49/><W24/><G39/><N who="0" m="21663" /><D15/><U77/><E117/><V82/><F86/><W37/><G37/><T44/><D44/><U102/><E36/><V125/><F125/><W93/><G43/><T83/><D8/><U91/><E41/><V118/><F118/><W34/><G98/><T112/><D112/><U26/><E46/><V101/><F101/><W57/><G96/><T75/><D75/><U134/><E103/><V18/><F18/><AGARI ba="2,0" hai="9,12,18,52,54,83,87,90" m="21663,50219" machi="18" ten="30,12000,1" yaku="19,1,52,3,54,1" doraHai="124" who="0" fromWho="2" sc="395,126,195,0,215,-126,195,0" /><INIT seed="0,3,0,3,4,76" ten="521,195,89,195" oya="0" hai0="105,43,128,118,75,26,41,89,95,92,37,122,80" hai1="46,4,91,125,130,101,70,2,56,59,106,3,53" hai2="18,62,19,11,10,15,74,0,104,100,99,13,84" hai3="134,78,60,87,103,117,21,88,113,51,58,24,16"/><T133/><D118/><U1/><E70/><V50/><F74/><W38/><G38/><T44/><D122/><U71/><E71/><V102/><F0/><W12/><G113/><T131/><D105/><U65/><E4/><V32/><F32/><W121/><G117/><T23/><D133/><U47/><E101/><V132/><F132/><W54/><G134/><T5/><D5/><U40/><E106/><V22/><F62/><W14/><G121/><T42/><D95/><U83/><E130/><N who="0" m="49705" /><D92/><U27/><E125/><V8/><F102/><W69/><G103/><T124/><D124/><U90/><E3/><V85/><REACH who="2" step="1"/><F50/><REACH who="2" ten="521,195,79,195" step="2"/><W129/><G129/><T61/><D61/><U94/><E2/><V107/><F107/><W81/><G69/><T109/><D109/><U29/><E1/><V49/><F49/><W77/><G51/><T111/><D111/><U67/><E47/><V45/><F45/><W7/><G7/><T73/><D73/><U119/><E46/><V28/><F28/><W34/><G34/><T126/><D126/><U82/><E119/><V20/><AGARI ba="3,1" hai="8,10,11,13,15,18,19,20,22,84,85,99,100,104" machi="20" ten="30,7900,0" yaku="1,1,0,1,9,1,53,1" doraHai="76" doraHaiUra="96" who="2" fromWho="2" sc="521,-42,195,-23,79,98,195,-23" /><INIT seed="1,0,0,4,2,38" ten="479,172,177,172" oya="1" hai0="63,99,64,96,101,131,65,11,110,3,104,91,70" hai1="36,123,48,86,1,79,28,68,114,89,90,69,2" hai2="12,111,0,97,7,50,82,21,83,37,81,94,46" hai3="103,4,129,30,47,109,108,22,107,67,125,127,100"/><U73/><E36/><V17/><F111/><N who="3" m="42571" /><G67/><T59/><D110/><U62/><E114/><V122/><F122/><W32/><G32/><T80/><D131/><U61/><E123/><V134/><F134/><W13/><G129/><T132/><D132/><U105/><E105/><V33/><F33/><W71/><G71/><T35/><D35/><U39/><E39/><V66/><F37/><W130/><G130/><T18/><D65/><U5/><E28/><V113/><F113/><W87/><G107/><T58/><D18/><U41/><E73/><V20/><F66/><W23/><G87/><T54/><D54/><U19/><E79/><V112/><F112/><W133/><G133/><T14/><D3/><U119/><E119/><V120/><F120/><W135/><G135/><T56/><D80/><U118/><E118/><V52/><F7/><W72/><G72/><T42/><D42/><U93/><E19/><V34/><F0/><W116/><G116/><T95/><D14/><U24/><E24/><V124/><F124/><N who="3" m="47691" /><G47/><T84/><D11/><N who="1" m="2479" /><E2/><V98/><F34/><W78/><G78/><T60/><D60/><U85/><E68/><V51/><F51/><W106/><G106/><T126/><D126/><U43/><E69/><V115/><F115/><W9/><G30/><T31/><D31/><U92/><E48/><V40/><F52/><W10/><G10/><T102/><D70/><U29/><E29/><V76/><F76/><W53/><G53/><T27/><D27/><U117/><E117/><V16/><F94/><W25/><G25/><AGARI ba="0,0" hai="12,16,17,20,21,25,40,46,50,81,82,83,97,98" machi="25" ten="40,5200,0" yaku="8,1,52,1,54,1" doraHai="38" who="2" fromWho="3" sc="479,0,172,0,177,52,172,-52" /><INIT seed="2,0,0,3,5,53" ten="479,172,229,120" oya="2" hai0="124,65,122,12,63,119,134,115,32,79,8,71,11" hai1="33,1,19,90,0,101,85,27,74,16,125,129,128" hai2="110,59,36,123,118,83,72,50,49,46,21,26,41" hai3="114,95,47,105,22,55,9,20,24,120,42,108,116"/><V44/><F118/><W132/><G105/><T28/><D122/><U31/><E74/><V131/><F123/><W56/><G116/><T89/><D119/><U121/><E101/><V81/><F131/><N who="1" m="50249" /><E125/><V45/><F110/><W98/><G120/><T94/><D115/><U48/><E48/><V38/><F72/><W51/><G132/><T127/><D79/><U97/><E97/><V25/><F21/><W100/><G114/><T104/><D104/><U14/><E121/><V113/><F113/><W106/><G108/><T76/><D76/><U3/><E14/><V66/><F66/><W58/><G106/><T2/><D2/><N who="1" m="515" /><U80/><AGARI ba="0,0" hai="16,19,27,31,33,80,85,90" m="515,50249" machi="80" ten="50,6400,0" yaku="4,1,19,1,54,1" doraHai="53" who="1" fromWho="1" sc="479,-16,172,64,229,-32,120,-16" /><INIT seed="3,0,0,0,1,103" ten="463,236,197,104" oya="3" hai0="3,99,13,100,96,79,118,23,108,58,88,50,31" hai1="109,9,52,129,36,110,83,40,17,82,102,25,60" hai2="37,56,45,12,112,8,87,35,19,4,18,62,41" hai3="16,57,44,94,26,42,48,65,2,32,115,38,121"/><W64/><G115/><T127/><D118/><U101/><E129/><V33/><F112/><W74/><G74/><T125/><D3/><U132/><E132/><V28/><F87/><W98/><G121/><T97/><D79/><U120/><E120/><V59/><F59/><W34/><G2/><T107/><D108/><U80/><E40/><V53/><F28/><W116/><G116/><T71/><D71/><U76/><E36/><V84/><F84/><W119/><G119/><T68/><D68/><U27/><E76/><V104/><F104/><W72/><G72/><T66/><D66/><U51/><E60/><V73/><F73/><W49/><G65/><T1/><D1/><U128/><E128/><V22/><REACH who="2" step="1"/><F18/><REACH who="2" ten="463,236,187,104" step="2"/><W14/><G57/><T114/><D114/><U70/><E70/><V130/><F130/><W75/><G75/><T123/><D123/><U111/><E111/><V134/><F134/><W117/><G117/><T55/><D31/><U46/><E109/><V131/><F131/><W69/><G69/><T113/><D113/><U63/><E110/><V78/><F78/><W135/><G135/><T95/><D99/><U30/><E30/><V61/><F61/><W85/><G85/><T106/><D106/><U77/><E63/><V24/><AGARI ba="0,1" hai="4,8,12,19,22,24,33,35,37,41,45,53,56,62" machi="24" ten="20,5200,0" yaku="1,1,0,1,7,1,53,1" doraHai="103" doraHaiUra="7" who="2" fromWho="2" sc="463,-13,236,-13,187,62,104,-26" /><INIT seed="4,0,0,0,2,2" ten="450,223,249,78" oya="0" hai0="41,95,13,25,14,97,65,40,35,131,89,27,46" hai1="82,111,104,54,61,19,62,107,15,134,87,133,20" hai2="5,9,80,67,117,88,0,119,127,11,51,125,68" hai3="79,47,120,73,66,91,52,72,85,63,39,92,3"/><T32/><D131/><U37/><E37/><V83/><F68/><W84/><G120/><T7/><D65/><U121/><E121/><V75/><F67/><W106/><G106/><N who="1" m="40490" /><E54/><V53/><F11/><W17/><G39/><T116/><D116/><N who="2" m="44618" /><F75/><W126/><G126/><N who="2" m="48137" /><F88/><W64/><G64/><T100/><D41/><U132/><E111/><V124/><N who="2" m="48145" /><V96/><DORA hai="90" /><F96/><W110/><G110/><T16/><D35/><U102/><E102/><V81/><F81/><W18/><G3/><T29/><D100/><U115/><E115/><V24/><F24/><W23/><G18/><T42/><D42/><U8/><E8/><V43/><F43/><W94/><G66/><T70/><D70/><U114/><E114/><V135/><F135/><W128/><G128/><T74/><D27/><U12/><E12/><V93/><F93/><N who="3" m="54503" /><G73/><T45/><D74/><U109/><E109/><V59/><AGARI ba="0,0" hai="0,5,9,51,53,59,80,83" m="48145,44618" machi="59" ten="50,6400,0" yaku="12,1,18,1,52,1" doraHai="2,90" who="2" fromWho="2" sc="450,-32,223,-16,249,64,78,-16" /><INIT seed="5,0,0,2,1,40" ten="418,207,313,62" oya="1" hai0="39,89,7,97,20,21,118,126,2,10,93,108,95" hai1="81,53,34,27,26,123,16,115,19,128,79,24,111" hai2="37,85,65,51,49,11,83,58,124,29,64,17,48" hai3="56,1,33,94,9,76,101,92,8,50,73,63,96"/><U22/><E123/><V113/><F37/><W117/><G33/><T82/><D108/><U121/><E121/><V23/><F124/><W3/><G117/><T135/><D118/><U52/><E111/><V104/><F104/><W90/><G73/><T71/><D71/><U132/><E115/><V61/><F113/><W69/><G69/><T66/><D66/><U43/><E128/><V106/><F106/><W100/><G76/><T13/><D39/><U12/><E132/><V87/><F65/><W131/><G131/><T84/><D126/><U99/><E99/><V31/><F11/><W68/><G68/><T15/><D135/><U72/><E43/><V25/><REACH who="2" step="1"/><F85/><REACH who="2" ten="418,207,303,62" step="2"/><W67/><G9/><T86/><D2/><U70/><E70/><V88/><AGARI ba="0,1" hai="17,23,25,29,31,48,49,51,58,61,64,83,87,88" machi="88" ten="30,12000,2" yaku="1,1,2,1,0,1,8,1,54,1,53,1" doraHai="40" doraHaiUra="60" who="2" fromWho="2" sc="418,-30,207,-60,303,130,62,-30" /><INIT seed="6,0,0,4,0,122" ten="388,147,433,32" oya="2" hai0="92,43,18,52,27,36,7,98,115,30,10,61,11" hai1="45,109,130,79,96,116,107,80,118,88,127,28,15" hai2="90,59,106,6,87,94,57,5,135,108,51,99,91" hai3="81,29,16,49,76,63,73,93,34,101,111,132,78"/><V22/><F135/><W47/><G132/><T120/><D120/><U32/><E32/><V46/><F108/><W0/><G0/><T97/><D115/><U39/><E28/><V31/><F106/><W104/><G104/><T42/><D36/><U8/><E109/><V103/><F103/><W12/><G78/><T102/><D18/><U56/><E130/><V82/><F31/><W129/><G129/><T33/><D98/><U134/><E134/><V38/><F38/><W95/><G111/><T123/><D123/><U71/><E71/><V113/><F113/><W77/><G77/><T19/><D19/><U53/><E45/><V2/><F22/><W68/><G101/><T23/><D33/><U84/><E127/><V83/><F83/><W69/><G69/><T14/><D11/><U41/><E41/><V1/><F1/><W62/><G68/><T50/><REACH who="0" step="1"/><D61/><REACH who="0" ten="378,147,433,32" step="2"/><U114/><E39/><V54/><F6/><W3/><G63/><T74/><D74/><U125/><E114/><V121/><F121/><W72/><G72/><T67/><D67/><U75/><E75/><V133/><F133/><W124/><G62/><T131/><D131/><U112/><E112/><V44/><F5/><W24/><G124/><T65/><D65/><U89/><E125/><V21/><F99/><W35/><G35/><T117/><D117/><U9/><E96/><V17/><F17/><W70/><G70/><T26/><D26/><U110/><E110/><V58/><F21/><N who="3" m="11399" /><G3/><T48/><D48/><U20/><E118/><V25/><F2/><W4/><G4/><T100/><D100/><RYUUKYOKU ba="0,1" sc="378,15,147,-15,433,-15,32,15" hai0="7,10,14,23,27,30,42,43,50,52,92,97,102" hai3="24,29,34,47,49,73,76,81,93,95" /><INIT seed="7,1,1,5,5,109" ten="393,132,418,47" oya="3" hai0="31,12,38,56,61,0,25,62,34,74,7,84,9" hai1="24,15,87,99,120,133,114,101,94,71,40,117,41" hai2="35,55,17,66,104,128,13,52,116,98,110,2,107" hai3="79,134,67,88,73,90,132,112,42,92,70,32,33"/><W11/><G42/><T6/><D74/><U106/><E120/><V105/><F110/><W8/><G79/><T77/><D38/><U53/><E71/><V48/><F116/><W131/><G73/><T86/><D62/><U75/><E75/><V29/><F2/><W96/><G131/><T54/><D77/><U129/><E117/><V28/><F128/><W89/><G112/><T124/><REACH who="0" step="1"/><D124/><REACH who="0" ten="383,132,418,47" step="2"/><U50/><E129/><V27/><F66/><W83/><G83/><T63/><D63/><U108/><E24/><V18/><F29/><W51/><G51/><T78/><D78/><U95/><E106/><V20/><F18/><W5/><G67/><T68/><D68/><U125/><E133/><N who="3" m="51306" /><G70/><T36/><D36/><U80/><E41/><V60/><F60/><W81/><G81/><T121/><D121/><U30/><E40/><V49/><F49/><W135/><N who="3" m="51314" /><W123/><DORA hai="82" /><G123/><T127/><D127/><U58/><E125/><V46/><REACH who="2" step="1"/><F55/><REACH who="2" ten="383,132,408,47" step="2"/><W113/><G113/><T10/><AGARI ba="1,3" hai="0,6,7,9,10,12,25,31,34,54,56,61,84,86" machi="10" ten="30,8000,1" yaku="1,1,0,1,52,2,53,1" doraHai="109,82" doraHaiUra="69,21" who="0" fromWho="0" sc="383,113,132,-21,408,-21,47,-41" owari="496,59.6,111,-28.9,387,18.7,6,-49.4" /></mjloggm>