<mjloggm ver="2.3"><GO type="169" lobby="0"/><UN n0="%45%72%77%69%6E%52%64" n1="%E3%81%BF%E3%81%8B%E3%82%93%EF%BC%A0%E3%82%8F%E3%81%8B%E3%82%81%E3%81%A6" n2="%E3%81%A1%E3%81%AA%E3%81%A4" n3="%E3%83%9D%E3%83%B3%E3%81%98%E3%81%84%E3%81%95%E3%82%93" dan="16,16,17,16" rate="2129.00,2137.19,2161.16,2099.52" sx="M,M,M,F"/><TAIKYOKU oya="0"/><INIT seed="0,0,0,1,2,105" ten="250,250,250,250" oya="0" hai0="114,92,2,118,32,1,84,128,63,89,10,123,83" hai1="7,24,33,133,18,130,103,77,12,37,75,34,55" hai2="100,98,125,30,11,48,62,74,39,51,121,61,109" hai3="46,99,35,76,27,36,38,79,104,96,81,64,69"/><T8/><D114/><U86/><E37/><V6/><F39/><W126/><G126/><T107/><D118/><U41/><E41/><V101/><F121/><W4/><G79/><T93/><D123/><U120/><E120/><V50/><F30/><W122/><G99/><T117/><D107/><U56/><E130/><V31/><F31/><W116/><G116/><T26/><D117/><U72/><E103/><V82/><F125/><W54/><G54/><T19/><D128/><U112/><E7/><V113/><F113/><W44/><G44/><T132/><D132/><U85/><E112/><V60/><F109/><W0/><G122/><T131/><D131/><U15/><E77/><V102/><F98/><W110/><G110/><T129/><D129/><U111/><E111/><V20/><F20/><W5/><G5/><T97/><D32/><U119/><E119/><V68/><F68/><W16/><G16/><T106/><D106/><U42/><E42/><V58/><F58/><W95/><G46/><T29/><D1/><U65/><E18/><V127/><F127/><W80/><G4/><T13/><D2/><U67/><E56/><V135/><F135/><W23/><G0/><T71/><D8/><U124/><E55/><V47/><F47/><W73/><G104/><T70/><D63/><U14/><E124/><V9/><F6/><W21/><G35/><N who="1" m="13322" /><E24/><V59/><F59/><W3/><G27/><T87/><D84/><N who="1" m="32363" /><E133/><V25/><F25/><W94/><G3/><T17/><D29/><U66/><AGARI ba="0,0" hai="12,14,15,65,66,67,72,75" m="32363,13322" machi="66" ten="40,8000,1" yaku="28,2,52,2" doraHai="105" who="1" fromWho="1" sc="250,-40,250,80,250,-20,250,-20" /><INIT seed="1,0,0,5,0,104" ten="210,330,230,230" oya="1" hai0="107,7,100,96,18,124,10,33,82,25,34,117,87" hai1="112,81,17,55,122,77,95,41,111,35,43,53,36" hai2="66,129,101,9,52,97,71,2,57,114,73,76,131" hai3="27,21,1,108,78,120,3,30,88,93,47,16,32"/><U98/><E112/><V11/><F66/><W80/><G108/><T51/><D117/><U83/><E122/><V45/><F71/><W67/><G120/><T12/><D124/><U15/><E35/><V50/><F114/><W54/><G67/><T0/><D51/><U37/><E111/><V39/><F39/><W110/><G110/><T123/><D123/><U14/><E95/><V65/><F65/><W58/><G47/><T49/><D49/><U28/><E17/><V46/><F46/><W62/><G78/><T79/><REACH who="0" step="1"/><D25/><REACH who="0" ten="200,330,230,230" step="2"/><U116/><E116/><V60/><F129/><W74/><G32/><T92/><D92/><U109/><E109/><V115/><F131/><W127/><G127/><T20/><AGARI ba="0,1" hai="0,7,10,12,18,20,33,34,79,82,87,96,100,107" machi="20" ten="20,5200,0" yaku="1,1,0,1,7,1,53,1" doraHai="104" doraHaiUra="13" who="0" fromWho="0" sc="200,62,330,-26,230,-13,230,-13" /><INIT seed="2,0,0,5,2,72" ten="262,304,217,217" oya="2" hai0="58,125,112,19,129,39,37,73,7,100,121,126,95" hai1="74,24,3,20,85,40,89,135,31,54,113,101,94" hai2="43,42,124,132,6,110,21,5,49,119,65,41,122" hai3="86,87,120,83,14,10,98,96,69,60,111,23,68"/><V36/><F119/><W106/><G111/><T46/><D121/><U70/><E113/><V16/><F122/><W109/><G109/><T63/><D112/><U44/><E70/><V103/><F110/><W57/><G120/><T77/><D7/><U123/><E123/><V18/><F36/><W102/><G98/><N who="0" m="59487" /><D46/><U11/><E135/><V82/><F132/><W29/><G87/><T26/><D19/><U71/><E71/><V1/><F124/><N who="0" m="47722" /><D26/><U59/><E11/><V99/><F65/><W17/><G29/><T105/><D105/><U80/><E3/><V38/><F38/><W22/><G69/><T92/><D92/><U15/><E15/><V47/><F82/><W9/><G9/><T53/><D129/><U84/><E44/><V88/><F103/><W51/><G68/><T56/><D56/><U2/><E2/><V8/><F5/><W91/><REACH who="3" step="1"/><G51/><REACH who="3" ten="262,304,217,207" step="2"/><T33/><D33/><U114/><E31/><V27/><REACH who="2" step="1"/><F18/><REACH who="2" ten="262,304,207,207" step="2"/><W4/><G4/><T134/><D134/><U64/><E114/><V97/><F97/><W75/><G75/><T127/><D127/><U52/><E74/><V32/><F32/><W90/><G90/><T117/><D117/><U116/><E116/><V78/><F78/><W133/><G133/><T28/><D28/><U128/><E89/><V67/><F67/><AGARI ba="0,2" hai="10,14,17,22,23,57,60,67,83,86,91,96,102,106" machi="67" ten="30,3900,0" yaku="1,1,7,1,53,1" doraHai="72" doraHaiUra="79" who="3" fromWho="2" sc="262,0,304,0,207,-39,207,59" /><INIT seed="3,0,0,4,0,88" ten="262,304,168,266" oya="3" hai0="67,41,22,23,51,126,127,36,122,104,106,119,89" hai1="118,133,5,48,71,102,100,8,72,47,31,77,66" hai2="55,9,19,14,59,53,107,57,30,76,131,124,7" hai3="58,94,15,25,54,117,62,70,74,2,120,92,84"/><W83/><G117/><T113/><D36/><U49/><E118/><V87/><F107/><W91/><G2/><T63/><D119/><U1/><E133/><V34/><F131/><W6/><G120/><T24/><D122/><U105/><E31/><V37/><F37/><W44/><G74/><T128/><D128/><U43/><E71/><V21/><F124/><N who="0" m="47658" /><D113/><U112/><E66/><V29/><F34/><W52/><G70/><N who="0" m="42367" /><D22/><U17/><E112/><V28/><F57/><W111/><G111/><T81/><D41/><U103/><E17/><V32/><F32/><W11/><G25/><T64/><D51/><AGARI ba="0,0" hai="6,11,15,44,51,52,54,58,62,83,84,91,92,94" machi="51" ten="40,12000,1" yaku="8,1,52,2,54,1" doraHai="88" who="3" fromWho="0" sc="262,-120,304,0,168,0,266,120" /><INIT seed="3,1,0,1,2,42" ten="142,304,168,386" oya="3" hai0="80,126,54,78,20,129,128,93,130,113,91,122,120" hai1="50,29,76,114,62,35,87,37,4,58,18,105,135" hai2="69,56,2,82,107,74,61,11,16,110,106,49,17" hai3="39,75,43,97,22,108,71,95,19,36,10,41,15"/><W92/><G75/><T45/><D20/><U118/><E114/><V88/><F69/><W85/><G71/><T26/><D26/><U30/><E37/><V51/><F110/><W81/><G108/><T100/><D113/><U34/><E105/><V24/><F107/><W116/><G116/><T77/><D54/><U14/><E135/><V1/><F106/><W127/><G127/><T63/><D63/><U12/><E4/><V90/><F74/><W44/><G97/><N who="0" m="59439" /><D45/><U59/><E87/><V119/><F119/><W102/><G102/><T98/><D126/><U133/><E118/><V47/><F1/><W124/><G124/><T23/><D23/><U21/><E133/><V117/><F51/><W131/><G41/><T53/><D53/><U40/><E76/><N who="0" m="29289" /><D98/><U84/><E35/><V66/><F117/><W38/><G38/><T0/><D0/><U121/><E121/><V9/><F2/><W101/><G39/><T99/><D99/><U103/><E34/><V109/><F109/><W125/><G125/><T32/><D32/><U89/><E62/><V52/><F24/><W55/><G55/><T73/><D73/><U31/><E14/><N who="2" m="7247" /><F82/><W7/><G101/><T70/><D70/><U64/><E103/><V134/><F134/><W8/><G36/><T60/><D60/><U132/><E132/><V123/><F123/><W33/><G33/><T65/><D65/><U6/><E64/><V25/><F25/><W67/><G67/><T104/><D104/><U83/><E6/><V68/><F68/><W46/><G7/><T72/><D72/><U111/><E111/><RYUUKYOKU ba="1,0" sc="142,10,304,10,168,10,386,-30" hai0="80,91,120,122,128,129,130" hai1="12,18,21,29,30,31,40,50,58,59,83,84,89" hai2="11,17,47,49,52,56,61,66,88,90" /><INIT seed="4,2,0,0,2,90" ten="152,314,178,356" oya="0" hai0="102,57,42,94,66,73,132,100,92,50,108,1,128" hai1="99,121,23,22,68,34,86,4,75,120,81,25,124" hai2="76,39,110,60,40,8,30,105,83,32,62,85,7" hai3="98,20,133,107,43,29,84,106,116,115,11,126,2"/><T134/><D1/><U119/><E119/><V89/><F105/><W18/><G116/><T122/><D122/><U53/><E68/><V26/><F110/><W70/><G70/><T111/><D73/><U95/><E124/><V41/><F76/><W21/><G43/><T127/><D127/><U13/><E75/><V6/><F6/><W129/><G84/><T93/><D128/><U37/><E37/><V14/><F39/><W71/><G71/><T38/><D38/><U55/><E34/><V27/><F27/><N who="3" m="16615" /><G107/><T91/><D91/><U54/><E23/><V78/><F62/><W44/><G98/><T117/><D117/><U24/><E121/><V0/><F60/><W103/><G44/><N who="0" m="25879" /><D57/><U16/><E120/><V61/><F61/><W125/><G103/><N who="0" m="39467" /><D66/><U51/><E4/><V12/><F0/><W130/><G106/><T101/><D101/><N who="1" m="60671" /><E51/><V17/><REACH who="2" step="1"/><F78/><AGARI ba="2,0" hai="13,16,22,24,25,53,54,55,78,81,86" m="60671" machi="78" ten="30,3900,0" yaku="8,1,52,1,54,1" doraHai="90" who="1" fromWho="2" sc="152,0,314,45,178,-45,356,0" /><INIT seed="5,0,0,0,2,43" ten="152,359,133,356" oya="1" hai0="117,25,38,44,22,114,95,61,52,112,116,128,53" hai1="10,19,24,33,65,36,32,107,134,93,121,102,85" hai2="15,49,130,27,99,86,96,59,45,48,20,7,124" hai3="129,9,60,35,70,88,0,58,1,79,30,94,41"/><U135/><E121/><V18/><F130/><W104/><G104/><T2/><D2/><U82/><E107/><V78/><F124/><W90/><G70/><T8/><D8/><U64/><E36/><V103/><F49/><W76/><G35/><N who="1" m="13386" /><E93/><V108/><F108/><W72/><G30/><T6/><D6/><U13/><E102/><V122/><F122/><W4/><G129/><T17/><D128/><U12/><E24/><V5/><F59/><W120/><G120/><T131/><D131/><U81/><E13/><V71/><F71/><W100/><G100/><T67/><D95/><U132/><E82/><N who="2" m="47447" /><F103/><W57/><G94/><T37/><D116/><U118/><E118/><V73/><F73/><W91/><G0/><T109/><D109/><U74/><E74/><V133/><F133/><W97/><G72/><T68/><D117/><U34/><N who="1" m="13394" /><U54/><DORA hai="39" /><E54/><V77/><F77/><AGARI ba="0,0" hai="10,12,19,64,65,77,81,85,132,134,135" m="13394" machi="77" ten="50,2400,0" yaku="20,1" doraHai="43,39" who="1" fromWho="2" sc="152,0,359,24,133,-24,356,0" /><INIT seed="5,1,0,0,4,120" ten="152,383,109,356" oya="1" hai0="29,133,22,6,56,37,62,109,83,54,115,119,135" hai1="65,60,24,16,121,2,49,43,4,44,13,38,39" hai2="51,12,127,63,47,48,61,118,46,1,104,50,85" hai3="27,0,112,99,74,15,23,73,30,100,111,31,87"/><U129/><E121/><V59/><F1/><W84/><G111/><T57/><D37/><U107/><E107/><V98/><F118/><W110/><G110/><T91/><D109/><U126/><E126/><V25/><F127/><W33/><G0/><T89/><D6/><U116/><E116/><V90/><F104/><W79/><G112/><T95/><D115/><U81/><E129/><V122/><F98/><W9/><G33/><T97/><D119/><U67/><E24/><V131/><F122/><W3/><G31/><T14/><D56/><U106/><E106/><V52/><F131/><W114/><G3/><T18/><D29/><U26/><E26/><V125/><F125/><W124/><G114/><T66/><D66/><U35/><E35/><V75/><F75/><W132/><G132/><T102/><D83/><U58/><E67/><V7/><F25/><W130/><G130/><T53/><D53/><U55/><E81/><N who="2" m="49455" /><F63/><W94/><G124/><T93/><REACH who="0" step="1"/><D102/><REACH who="0" ten="142,383,109,356" step="2"/><U42/><E39/><V78/><F78/><W134/><G79/><T103/><D103/><U77/><E77/><V17/><F7/><W76/><G76/><T117/><D117/><U5/><E38/><V123/><F123/><W45/><G74/><T32/><D32/><U28/><E2/><V101/><F101/><W68/><G100/><T108/><D108/><U71/><E28/><V113/><F113/><W105/><G30/><T82/><D82/><U10/><E43/><V36/><F36/><W80/><G80/><T19/><D19/><U128/><E128/><V96/><F96/><AGARI ba="1,1" hai="14,18,22,54,57,62,89,91,93,95,96,97,133,135" machi="96" ten="40,2600,0" yaku="1,1,9,1,53,0" doraHai="120" doraHaiUra="64" who="0" fromWho="2" sc="142,39,383,0,109,-29,356,0" /><INIT seed="6,0,0,2,4,19" ten="181,383,80,356" oya="2" hai0="43,110,70,100,26,15,3,46,95,42,72,48,126" hai1="93,45,57,125,134,111,6,106,71,119,98,88,104" hai2="34,81,59,122,99,53,77,4,84,91,31,41,17" hai3="115,89,113,40,32,16,11,14,5,78,75,69,55"/><V37/><F122/><W101/><G69/><T44/><D110/><U61/><E111/><V65/><F65/><W73/><G32/><T35/><D3/><U50/><E119/><V127/><F127/><W96/><G40/><T83/><D70/><U133/><E71/><V60/><F4/><W64/><G64/><T30/><D126/><U67/><E6/><V108/><F108/><W47/><G89/><T68/><D68/><U58/><E58/><V123/><F123/><W23/><G78/><T117/><D117/><U13/><E13/><V114/><F114/><N who="3" m="43531" /><G47/><T103/><D15/><U7/><E7/><V90/><F37/><W62/><G62/><T28/><D28/><U129/><E129/><V130/><F130/><W105/><G55/><T1/><D1/><AGARI ba="0,0" hai="1,5,11,14,16,23,73,75,96,101,105" m="43531" machi="1" ten="30,7700,0" yaku="15,1,11,1,52,1,54,1" doraHai="19" who="3" fromWho="0" sc="181,-77,383,0,80,0,356,77" /><INIT seed="7,0,0,5,1,87" ten="104,383,80,433" oya="3" hai0="49,106,3,41,72,20,30,89,131,112,34,117,28" hai1="11,10,97,29,73,31,16,24,15,94,68,48,39" hai2="109,135,77,113,129,64,46,110,120,127,2,101,75" hai3="123,69,58,80,99,104,126,51,12,0,130,134,13"/><W42/><G69/><T9/><D106/><U107/><E39/><V21/><F2/><W63/><G0/><T44/><D72/><U121/><E121/><V22/><F120/><W61/><G123/><T17/><D117/><U128/><E107/><V19/><F101/><W81/><G130/><T67/><D131/><U111/><E111/><V105/><F105/><W52/><G134/><T38/><D112/><U27/><E68/><V98/><F98/><W82/><G126/><T92/><D67/><U88/><E73/><V65/><F127/><W102/><G42/><T35/><D38/><U45/><E128/><V43/><F129/><W90/><G90/><T85/><D34/><U33/><E11/><V116/><F116/><W96/><G96/><T4/><D35/><U122/><E122/><V53/><F135/><W26/><G26/><AGARI ba="0,0" hai="3,4,9,17,20,26,28,30,41,44,49,85,89,92" machi="26" ten="30,2000,0" yaku="7,1,52,1" doraHai="87" who="0" fromWho="3" sc="104,20,383,0,80,0,433,-20" owari="124,-27.6,383,18.3,80,-42.0,413,51.3" /></mjloggm>