<mjloggm ver="2.3"><GO type="169" lobby="0"/><UN n0="%E3%81%99%E3%81%91%E3%81%B4%E3%82%87%E3%82%93" n1="%72%61%79%2A%6B%77%6B%6D" n2="%E6%B9%8A%E6%96%97%E3%81%8B%E3%81%92%E3%81%82%E3%81%8D" n3="%E4%B8%83%E7%94%9F%E5%A4%95" dan="16,16,16,16" rate="2096.48,2078.32,2110.81,2114.98" sx="M,F,M,M"/><TAIKYOKU oya="0"/><INIT seed="0,0,0,1,3,111" ten="250,250,250,250" oya="0" hai0="127,80,129,76,19,20,49,97,59,77,17,82,123" hai1="103,51,126,105,46,134,109,11,56,15,118,85,6" hai2="73,115,4,99,33,21,92,3,65,91,94,54,22" hai3="37,30,61,14,110,9,1,25,106,135,66,41,93"/><T35/><D35/><U119/><E109/><V98/><F33/><W117/><G110/><T122/><D127/><U18/><E126/><V44/><F73/><W23/><G117/><T78/><D129/><U89/><E134/><V125/><F125/><W43/><G135/><T13/><D97/><U121/><E121/><V0/><F65/><W128/><G106/><T5/><D5/><U45/><E105/><V69/><F69/><W8/><G37/><T133/><D133/><U70/><E103/><V64/><F64/><W60/><G60/><T27/><D122/><U53/><E70/><V124/><F124/><W39/><G39/><T63/><D123/><U114/><E114/><V96/><F115/><W104/><G104/><T24/><D49/><U108/><E108/><V48/><F98/><W47/><G47/><T86/><D80/><U132/><E132/><V113/><F113/><W68/><G128/><T36/><D36/><U112/><E112/><V71/><F71/><W62/><G62/><T81/><D81/><U26/><E119/><V100/><REACH who="2" step="1"/><F4/><REACH who="2" ten="250,250,240,250" step="2"/><W74/><G74/><T28/><D28/><U10/><E118/><V75/><F75/><W107/><G66/><N who="0" m="39295" /><D19/><U57/><E18/><V90/><F90/><AGARI ba="0,1" hai="13,17,20,24,27,76,77,78,82,86,90" m="39295" machi="90" ten="30,1500,0" yaku="8,1" doraHai="111" who="0" fromWho="2" sc="250,25,250,0,240,-15,250,0" /><INIT seed="0,1,0,2,2,29" ten="275,250,225,250" oya="0" hai0="70,19,46,91,95,127,82,107,64,57,123,97,76" hai1="126,89,35,71,63,65,44,12,8,102,52,78,28" hai2="39,1,53,61,23,121,72,125,114,68,109,4,85" hai3="62,47,120,73,10,49,25,115,106,5,83,87,134"/><T9/><D123/><U100/><E126/><V32/><RYUUKYOKU type="yao9" ba="1,0" sc="275,0,250,0,225,0,250,0" hai2="1,4,23,32,39,53,61,68,72,85,109,114,121,125" /><INIT seed="0,2,0,2,3,87" ten="275,250,225,250" oya="0" hai0="103,12,108,85,46,73,9,124,24,89,36,30,123" hai1="3,84,134,58,72,120,97,66,71,114,5,52,39" hai2="79,64,37,74,128,109,94,43,42,98,65,135,15" hai3="91,78,56,47,7,112,119,107,49,22,113,69,48"/><T2/><D73/><U25/><E120/><V16/><F109/><W50/><G69/><T95/><D123/><U111/><E72/><V125/><F128/><W81/><G119/><T10/><D108/><U77/><E39/><V106/><F106/><W99/><G7/><T29/><D124/><U31/><E111/><V126/><F135/><W21/><G56/><T60/><D103/><U53/><E134/><V28/><F28/><W11/><G11/><T100/><D100/><U130/><E130/><V26/><F26/><W83/><G47/><T88/><D60/><U76/><E114/><V116/><F116/><W18/><G107/><T67/><D67/><U0/><E71/><V19/><F79/><W115/><G78/><T96/><D24/><U35/><E66/><N who="2" m="25707" /><F19/><W20/><G18/><T92/><D2/><U70/><E70/><V131/><F37/><W51/><N who="3" m="12288" /><DORA hai="54" /><W6/><G6/><T13/><D10/><U33/><E33/><V1/><F1/><W93/><AGARI ba="2,0" hai="20,21,22,81,83,91,93,99,112,113,115" m="12288" machi="93" ten="60,8000,1" yaku="0,1,29,2,52,1" doraHai="87,54" who="3" fromWho="3" sc="275,-42,250,-22,225,-22,250,86" /><INIT seed="1,0,0,0,5,110" ten="233,228,203,336" oya="1" hai0="129,120,80,2,113,48,77,5,73,52,71,111,60" hai1="82,3,30,84,107,118,70,96,25,27,38,49,106" hai2="20,114,35,7,64,67,33,127,81,101,123,39,74" hai3="29,47,23,94,133,57,19,40,89,36,10,66,76"/><U90/><E38/><V13/><F123/><W12/><G133/><T62/><D113/><U83/><E118/><V105/><F39/><W54/><G76/><T41/><D120/><U95/><E3/><V11/><F127/><W85/><G66/><T8/><D111/><U102/><E70/><V15/><F105/><W9/><REACH who="3" step="1"/><G29/><REACH who="3" ten="233,228,203,326" step="2"/><T108/><D108/><U117/><E30/><V6/><F67/><W46/><G46/><T22/><D129/><U0/><E117/><V14/><F64/><W92/><G92/><T50/><D71/><U53/><E107/><V135/><F135/><W98/><G98/><T21/><D77/><U97/><E83/><V124/><F81/><W72/><G72/><T79/><D73/><U51/><E0/><V24/><F74/><W103/><G103/><T122/><D79/><U125/><E125/><V75/><F101/><W56/><G56/><T34/><D80/><U134/><E134/><V28/><F75/><W44/><G44/><T78/><D78/><U16/><E97/><V1/><F124/><W69/><G69/><T100/><D100/><U4/><E106/><V26/><F114/><W109/><G109/><T45/><D122/><U55/><E102/><V68/><F68/><W43/><G43/><T63/><D41/><U58/><E96/><V18/><REACH who="2" step="1"/><F6/><REACH who="2" ten="233,228,193,326" step="2"/><W99/><G99/><T104/><D104/><U116/><E4/><V31/><AGARI ba="0,2" hai="1,7,11,13,14,15,18,20,24,26,28,31,33,35" machi="31" ten="30,24000,4" yaku="1,1,2,1,0,1,9,1,24,2,35,6,53,0" doraHai="110" doraHaiUra="131" who="2" fromWho="2" sc="233,-60,228,-120,193,260,326,-60" /><INIT seed="2,0,0,2,4,11" ten="173,108,453,266" oya="2" hai0="49,14,106,73,118,75,115,128,61,110,134,9,29" hai1="78,46,21,23,34,8,39,27,95,48,123,54,102" hai2="112,62,79,111,60,104,36,28,88,130,18,40,97" hai3="125,6,56,86,89,19,24,3,121,122,38,59,58"/><V1/><F112/><W87/><G38/><T129/><D115/><U35/><E123/><V91/><F1/><W124/><G3/><T72/><D106/><U81/><E39/><V119/><F119/><W37/><G6/><T17/><D118/><U52/><E54/><V68/><F130/><W132/><G37/><T74/><D134/><U25/><E8/><V76/><F28/><W4/><G4/><T116/><D116/><U135/><E135/><V67/><F111/><W70/><G70/><T69/><D110/><U0/><E0/><V94/><F104/><W32/><G132/><T105/><D105/><U65/><E65/><V30/><F30/><W41/><G41/><T26/><D72/><U42/><E42/><V92/><F62/><W109/><G109/><T7/><D7/><U77/><E35/><V107/><F107/><W84/><G89/><T33/><REACH who="0" step="1"/><D49/><REACH who="0" ten="163,108,453,266" step="2"/><U63/><E48/><V96/><F18/><W15/><G122/><T51/><D51/><U22/><E27/><V45/><AGARI ba="0,1" hai="36,40,45,60,67,68,76,79,88,91,92,94,96,97" machi="45" ten="30,6000,0" yaku="0,1,9,1,54,1" doraHai="11" who="2" fromWho="2" sc="163,-20,108,-20,453,70,266,-20" /><INIT seed="2,1,0,0,4,64" ten="143,88,523,246" oya="2" hai0="25,80,49,68,28,40,53,76,134,47,4,35,84" hai1="48,106,41,62,45,86,99,87,67,33,78,70,36" hai2="24,21,115,123,104,55,109,85,37,105,32,27,15" hai3="12,96,120,111,16,128,110,81,121,1,93,122,39"/><V34/><F115/><W61/><G39/><T125/><D125/><U14/><E78/><V129/><F123/><W73/><G1/><T91/><D134/><U75/><E75/><V74/><F74/><W100/><G61/><T9/><D91/><U26/><E14/><V20/><F37/><W66/><G66/><T57/><D68/><U29/><REACH who="1" step="1"/><E36/><REACH who="1" ten="143,78,523,246" step="2"/><V65/><F15/><W126/><G126/><T102/><D102/><AGARI ba="1,1" hai="26,29,33,41,45,48,62,67,70,86,87,99,102,106" machi="102" ten="40,12000,2" yaku="1,1,2,1,25,2,52,1,53,1" doraHai="64" doraHaiUra="46" who="1" fromWho="0" sc="143,-123,78,133,523,0,246,0" /><INIT seed="3,0,0,3,3,26" ten="20,211,523,246" oya="3" hai0="2,25,18,122,110,69,119,50,58,36,23,28,9" hai1="16,107,104,33,65,118,117,77,114,81,52,51,12" hai2="124,92,66,112,96,74,78,115,86,73,93,134,95" hai3="7,3,24,68,108,40,20,135,45,89,37,79,133"/><W91/><G68/><T128/><D69/><U56/><E114/><N who="2" m="43563" /><F66/><W99/><G108/><T87/><D36/><U88/><E33/><V85/><F134/><N who="3" m="51211" /><G79/><T14/><D122/><U11/><E65/><V102/><F124/><W121/><G121/><T60/><D119/><N who="1" m="45579" /><E88/><N who="3" m="33866" /><G99/><T116/><D116/><U49/><E49/><V113/><F113/><W43/><G43/><T39/><D39/><U61/><E61/><V27/><F27/><W76/><G76/><T4/><D110/><U21/><E11/><V84/><F78/><W125/><G125/><T103/><D128/><U71/><E71/><V90/><F90/><W100/><G100/><T94/><D50/><U123/><E123/><V32/><F32/><W8/><G24/><T55/><D87/><AGARI ba="0,0" hai="12,16,21,51,52,56,77,81,87,104,107" m="45579" machi="87" ten="30,3900,0" yaku="12,1,54,2" doraHai="26" who="1" fromWho="0" sc="20,-39,211,39,523,0,246,0" owari="-19,-51.9,250,5.0,523,62.3,246,-15.4" /></mjloggm>