<mjloggm ver="2.3"><GO type="169" lobby="0"/><UN n0="%E6%8C%91%E6%88%A6%E8%80%85%EF%BC%81" n1="%E5%85%AD%E9%83%A8%E5%9C%AD" n2="%E3%81%BD%E3%81%A3%E3%81%91%E3%81%95%E3%82%93" n3="%E3%81%82%E3%81%BE%E3%81%82%E3%82%93" dan="17,16,17,16" rate="2184.07,2129.03,2208.23,2092.17" sx="M,M,M,M"/><TAIKYOKU oya="0"/><INIT seed="0,0,0,5,0,22" ten="250,250,250,250" oya="0" hai0="20,40,2,130,111,9,124,39,80,115,13,42,92" hai1="75,104,88,108,69,67,11,114,78,53,46,50,74" hai2="91,81,44,48,128,133,100,1,28,34,95,55,33" hai3="23,62,112,132,37,134,70,25,119,73,113,35,126"/><T24/><D115/><U94/><E104/><V116/><F1/><W31/><G37/><T56/><D2/><U109/><E114/><N who="3" m="44138" /><G73/><T82/><D124/><U30/><E30/><V65/><F128/><W18/><G70/><T45/><D130/><U93/><E93/><V10/><F133/><N who="3" m="51307" /><G62/><T49/><D111/><N who="1" m="42571" /><E78/><V36/><F36/><W107/><G107/><T32/><D32/><U52/><E53/><V14/><F116/><W57/><G57/><T87/><D56/><U12/><E67/><V99/><F65/><W96/><G96/><T98/><D42/><U105/><E105/><V83/><F28/><W5/><G126/><T125/><D39/><U66/><E66/><V76/><F83/><W47/><G47/><T27/><D20/><U41/><E41/><V127/><F127/><W38/><G38/><T72/><D72/><U79/><E79/><V59/><F59/><W43/><G43/><T71/><D71/><U21/><E21/><V121/><F100/><W110/><G110/><T77/><D82/><U63/><E63/><V3/><F44/><W90/><G90/><N who="0" m="55575" /><D125/><U102/><E102/><V15/><F81/><W84/><G84/><T85/><D85/><N who="1" m="52495" /><E69/><V123/><F99/><W129/><G129/><T122/><D122/><U54/><E54/><V8/><F55/><W60/><G60/><T117/><D117/><U135/><E135/><V86/><F121/><W16/><G119/><T6/><AGARI ba="0,0" hai="6,9,13,24,27,40,45,49,77,80,87" m="55575" machi="6" ten="30,11700,0" yaku="25,1,8,1,52,2" doraHai="22" who="0" fromWho="0" sc="250,117,250,-39,250,-39,250,-39" /><INIT seed="0,1,0,4,4,132" ten="367,211,211,211" oya="0" hai0="35,109,38,43,57,129,127,23,83,61,122,66,62" hai1="16,118,49,93,15,12,69,2,71,76,133,17,0" hai2="11,60,105,65,98,53,80,112,89,8,10,31,14" hai3="124,24,30,86,3,72,51,9,111,45,91,47,58"/><T44/><D122/><U97/><E118/><V121/><F112/><W115/><G115/><T79/><D35/><U67/><E133/><V110/><F121/><W6/><G72/><T95/><D129/><U104/><E104/><V135/><F135/><W1/><G111/><T18/><D109/><U70/><E67/><V90/><F31/><W5/><G58/><T102/><D102/><U84/><E49/><V36/><F36/><W88/><G124/><T56/><D95/><U125/><E125/><V64/><F64/><W37/><G37/><T34/><D34/><U126/><E126/><V116/><F53/><W101/><G101/><T48/><D127/><U13/><E84/><V87/><F116/><W113/><G113/><T100/><D100/><U7/><E76/><V134/><F134/><W131/><G131/><T40/><D38/><U99/><E7/><V74/><F74/><W26/><G51/><T75/><D43/><U77/><E77/><V33/><F33/><W22/><G26/><T19/><REACH who="0" step="1"/><D23/><REACH who="0" ten="357,211,211,211" step="2"/><U29/><E93/><N who="2" m="56623" /><F110/><W94/><REACH who="3" step="1"/><G91/><REACH who="3" ten="357,211,211,201" step="2"/><T27/><D27/><U123/><E123/><V106/><F90/><W39/><G39/><T63/><D63/><U21/><E21/><V128/><F60/><W68/><G68/><T32/><D32/><U20/><E20/><V120/><F128/><W59/><G59/><T117/><D117/><U96/><E29/><V92/><F120/><W107/><G107/><T42/><D42/><U130/><E130/><V78/><F106/><W4/><G4/><T119/><D119/><U46/><E46/><V114/><F105/><RYUUKYOKU ba="1,2" sc="357,10,211,10,211,-30,201,10" hai0="18,19,40,44,48,56,57,61,62,66,75,79,83" hai1="0,2,12,13,15,16,17,69,70,71,96,97,99" hai3="1,3,5,6,9,22,24,30,45,47,86,88,94" /><INIT seed="0,2,2,1,4,99" ten="367,221,181,211" oya="0" hai0="40,46,112,63,17,22,7,118,122,15,37,105,135" hai1="126,39,62,113,128,69,26,54,41,23,18,53,4" hai2="43,1,130,103,47,56,9,65,88,81,107,14,2" hai3="67,106,20,61,117,79,68,108,123,98,3,45,29"/><T32/><D112/><U60/><E113/><V84/><F130/><W134/><G117/><T21/><D118/><U0/><E128/><V33/><F33/><W86/><G3/><T44/><D122/><U35/><E126/><V101/><F107/><W58/><G123/><T55/><D32/><U100/><E35/><V72/><F72/><W16/><G108/><T78/><D135/><U70/><E0/><V25/><F25/><W95/><G134/><T42/><D105/><U87/><E4/><V119/><F2/><W52/><G29/><T19/><D78/><U6/><E6/><N who="2" m="3383" /><F1/><W124/><G124/><T110/><D7/><U12/><E41/><V38/><F38/><W89/><G106/><T50/><D110/><U120/><E39/><V76/><F119/><W109/><G109/><T133/><D133/><U34/><E120/><V51/><F76/><W66/><G45/><T59/><REACH who="0" step="1"/><D17/><REACH who="0" ten="357,221,181,211" step="2"/><U24/><E18/><V36/><F36/><W97/><G79/><T104/><D104/><U127/><E34/><V27/><F27/><N who="3" m="14727" /><G68/><T73/><D73/><U74/><E74/><V5/><F5/><W115/><G115/><T92/><D92/><U83/><E69/><V30/><F30/><W114/><G114/><T94/><D94/><U91/><E70/><V71/><F71/><W102/><G97/><T77/><D77/><U31/><E127/><V93/><F93/><W82/><AGARI ba="2,3" hai="52,58,61,66,67,82,86,89,95,98,102" m="14727" machi="82" ten="30,7900,0" yaku="8,1,52,1,54,2" doraHai="99" who="3" fromWho="3" sc="357,-41,221,-22,181,-22,211,115" /><INIT seed="1,0,0,0,3,56" ten="316,199,159,326" oya="1" hai0="91,76,106,11,72,32,20,49,133,53,131,62,102" hai1="37,82,39,112,15,64,86,100,61,110,124,126,16" hai2="87,80,135,1,88,14,4,65,45,77,25,70,51" hai3="74,67,97,69,0,116,107,118,12,46,98,129,6"/><U50/><E112/><V73/><F1/><W35/><G12/><T3/><D32/><U71/><E100/><V58/><F70/><W2/><G46/><T24/><D131/><U92/><E92/><V60/><F135/><W21/><G21/><T52/><D133/><U90/><E110/><V75/><F25/><W63/><G129/><T26/><D72/><U29/><E29/><V83/><F4/><W5/><G74/><T130/><D130/><U108/><E50/><V132/><F132/><W38/><G38/><T99/><D76/><U41/><E108/><V18/><F83/><W109/><G109/><T9/><D91/><U121/><E121/><V96/><F96/><W43/><G43/><T89/><D89/><U40/><E40/><V13/><F13/><W128/><G35/><T93/><D106/><U94/><E82/><V119/><F77/><W59/><G59/><N who="0" m="35175" /><D3/><N who="3" m="1065" /><G107/><T66/><D66/><U10/><REACH who="1" step="1"/><E41/><REACH who="1" ten="316,189,159,326" step="2"/><V36/><F80/><W68/><G128/><T81/><D81/><U125/><AGARI ba="0,1" hai="10,15,16,37,39,61,64,71,86,90,94,124,125,126" machi="125" ten="30,18000,2" yaku="1,1,2,1,0,1,18,1,52,1,54,1,53,0" doraHai="56" doraHaiUra="31" who="1" fromWho="1" sc="316,-60,189,190,159,-60,326,-60" /><INIT seed="1,1,0,2,2,30" ten="256,379,99,266" oya="1" hai0="86,54,42,127,66,122,121,100,1,117,53,14,80" hai1="124,37,76,102,43,118,103,77,99,75,106,88,56" hai2="120,6,45,36,69,73,81,119,79,95,135,52,109" hai3="93,29,41,9,116,63,0,25,129,105,134,7,65"/><U58/><E37/><V101/><F119/><W16/><G105/><T23/><D1/><U15/><E43/><V51/><F120/><W108/><G116/><T132/><D117/><U17/><E118/><V128/><F69/><W70/><G108/><T57/><D100/><U26/><E124/><V71/><F71/><W32/><G129/><T115/><D115/><U5/><E102/><V13/><F109/><W133/><G93/><T19/><D42/><U85/><E5/><V49/><F36/><W39/><REACH who="3" step="1"/><G16/><REACH who="3" ten="256,379,99,256" step="2"/><T8/><D127/><U3/><E106/><V87/><F128/><W10/><G10/><T27/><D132/><U44/><E17/><V4/><F135/><W131/><G131/><T33/><D122/><U18/><E18/><V12/><F12/><W68/><G68/><T112/><D121/><U96/><E15/><V28/><F13/><W59/><G59/><T20/><D112/><U24/><E56/><V84/><F95/><W2/><G2/><T46/><D46/><AGARI ba="1,1" hai="0,7,9,25,29,32,39,41,46,63,65,70,133,134" machi="46" ten="40,8000,1" yaku="1,1,23,2,52,1,53,0" doraHai="30" doraHaiUra="83" who="3" fromWho="0" sc="256,-83,379,0,99,0,256,93" /><INIT seed="2,0,0,3,1,92" ten="173,379,99,349" oya="2" hai0="32,112,57,25,98,117,71,81,85,13,114,10,56" hai1="4,124,5,7,36,104,123,24,101,61,59,9,60" hai2="29,129,116,120,58,28,52,38,26,133,127,14,83" hai3="118,51,17,90,2,23,27,93,89,33,6,82,3"/><V84/><F116/><W97/><G118/><T18/><D71/><U119/><E119/><V70/><F120/><W35/><G6/><T77/><D117/><U72/><E36/><V62/><F38/><W115/><G115/><T73/><D114/><U8/><E72/><V55/><F70/><W65/><G65/><T16/><D112/><U75/><E75/><V88/><F133/><W87/><REACH who="3" step="1"/><G51/><REACH who="3" ten="173,379,99,339" step="2"/><T106/><D73/><U45/><E4/><V20/><F127/><W40/><G40/><T44/><D44/><U110/><E45/><V95/><F129/><W131/><G131/><T31/><REACH who="0" step="1"/><D18/><REACH who="0" ten="163,379,99,339" step="2"/><U91/><E124/><V42/><F42/><W126/><G126/><T43/><D43/><U22/><E123/><V39/><F39/><W49/><G49/><T125/><D125/><U79/><E60/><V34/><F55/><W109/><G109/><T67/><D67/><U102/><E61/><V122/><F122/><W76/><G76/><T128/><D128/><U105/><E79/><V96/><F62/><W48/><G48/><T37/><D37/><U99/><E110/><V63/><F63/><W68/><G68/><T130/><D130/><U15/><E59/><V113/><F113/><W21/><G21/><T19/><D19/><U47/><E22/><V1/><F52/><W74/><G74/><T134/><D134/><U11/><E47/><V80/><F58/><W100/><G100/><AGARI ba="0,2" hai="10,13,16,25,31,32,56,57,77,81,85,98,100,106" machi="100" ten="40,5200,0" yaku="1,1,52,1,54,1,53,0" doraHai="92" doraHaiUra="132" who="0" fromWho="3" sc="163,72,379,0,99,0,339,-52" /><INIT seed="3,0,0,1,0,29" ten="235,379,99,287" oya="3" hai0="14,88,93,117,124,25,73,95,111,115,40,43,113" hai1="135,23,58,65,61,129,76,64,122,131,8,98,104" hai2="107,110,97,28,4,103,31,126,134,38,54,36,128" hai3="19,59,125,39,118,102,51,5,79,89,20,99,24"/><W53/><G118/><T49/><D117/><U68/><E122/><V37/><F110/><W69/><G125/><T13/><D73/><U85/><E135/><V33/><F126/><W94/><G39/><T106/><D106/><U12/><E23/><V132/><F128/><W1/><G69/><T6/><D124/><U71/><E85/><V133/><F4/><W60/><G79/><T81/><D111/><U26/><E76/><V67/><F67/><W120/><G120/><T119/><D119/><U66/><E26/><V108/><F108/><W50/><REACH who="3" step="1"/><G102/><REACH who="3" ten="235,379,99,277" step="2"/><T7/><D115/><U86/><E68/><V47/><REACH who="2" step="1"/><F33/><REACH who="2" ten="235,379,89,277" step="2"/><W11/><AGARI ba="0,2" hai="1,5,11,19,20,24,50,51,53,59,60,89,94,99" machi="11" ten="30,18000,2" yaku="1,1,2,1,0,1,25,2,53,1" doraHai="29" doraHaiUra="56" who="3" fromWho="3" sc="235,-60,379,-60,89,-60,277,200" /><INIT seed="3,1,0,0,2,43" ten="175,319,29,477" oya="3" hai0="46,80,37,19,26,13,20,44,104,28,102,94,38" hai1="49,68,73,98,62,67,8,4,74,127,23,21,97" hai2="95,9,124,92,84,27,65,130,120,1,77,51,15" hai3="33,88,109,71,72,93,36,7,0,110,31,39,48"/><W96/><G71/><T12/><D104/><U59/><E127/><V87/><F1/><W24/><G72/><T69/><D69/><U14/><E73/><V126/><F130/><W10/><REACH who="3" step="1"/><G48/><REACH who="3" ten="175,319,29,467" step="2"/><T108/><D38/><AGARI ba="1,1" hai="0,7,10,24,31,33,36,38,39,88,93,96,109,110" machi="38" ten="40,12000,1" yaku="1,1,2,1,54,1,53,1" doraHai="43" doraHaiUra="25" who="3" fromWho="0" sc="175,-123,319,0,29,0,467,133" /><INIT seed="3,2,0,1,5,75" ten="52,319,29,600" oya="3" hai0="64,73,95,67,39,79,98,97,13,36,34,9,40" hai1="121,62,27,134,69,47,17,49,42,131,118,108,48" hai2="19,53,77,103,8,132,25,33,44,94,105,35,43" hai3="2,101,74,7,89,111,100,21,125,92,109,51,41"/><W123/><G123/><T22/><D34/><U96/><E121/><V116/><F116/><W83/><G125/><T50/><D39/><U70/><E96/><V18/><F105/><W14/><G2/><T76/><D73/><U81/><E81/><V12/><F132/><W127/><G127/><T56/><D36/><U112/><E17/><V57/><F44/><N who="3" m="25999" /><G83/><T52/><D40/><U46/><E27/><V10/><F43/><W30/><G74/><T115/><D22/><U126/><E126/><V84/><F103/><W37/><G37/><T66/><D115/><U124/><E124/><V32/><F25/><N who="3" m="16687" /><G14/><T6/><REACH who="0" step="1"/><D98/><REACH who="0" ten="42,319,29,600" step="2"/><U113/><E113/><V91/><F35/><W16/><G111/><T31/><D31/><U63/><E112/><V119/><F33/><W5/><G109/><T80/><D80/><U114/><E114/><V29/><F29/><W0/><G0/><T82/><D82/><U106/><E108/><V59/><F32/><W28/><G28/><T15/><D15/><U45/><E42/><V3/><F3/><W58/><G7/><T54/><D54/><U129/><E134/><V1/><F1/><W78/><G5/><T117/><D117/><U72/><E72/><V104/><F119/><W107/><G16/><T85/><D85/><U26/><E118/><V65/><F84/><W90/><G107/><T135/><D135/><U23/><E106/><V99/><F104/><W133/><G133/><T55/><D55/><U122/><E122/><V102/><F19/><W24/><G24/><T68/><D68/><N who="1" m="26219" /><E26/><V11/><F18/><W130/><G92/><RYUUKYOKU ba="2,1" sc="42,30,319,-10,29,-10,600,-10" hai0="6,9,13,50,52,56,64,66,67,76,79,95,97" /><INIT seed="4,3,1,0,0,104" ten="72,309,19,590" oya="0" hai0="126,124,74,125,99,13,8,70,43,58,50,55,96" hai1="64,36,89,20,94,105,73,40,100,35,127,110,34" hai2="28,76,25,17,117,32,84,82,56,119,77,116,41" hai3="75,1,47,93,91,59,46,115,132,51,97,122,19"/><T121/><D121/><U31/><E110/><V87/><F41/><W48/><G1/><T9/><D70/><U80/><E127/><V2/><F2/><W38/><G75/><T44/><D74/><U12/><E64/><V112/><F112/><W86/><G38/><T98/><REACH who="0" step="1"/><D13/><REACH who="0" ten="62,309,19,590" step="2"/><U11/><E73/><N who="2" m="43279" /><F77/><W95/><G122/><T4/><D4/><U16/><E12/><V0/><F0/><W79/><G79/><T53/><D53/><U29/><E40/><V102/><F102/><W6/><G6/><T118/><D118/><U111/><E100/><V3/><F3/><W26/><G115/><T63/><AGARI ba="3,2" hai="8,9,43,44,50,55,58,63,96,98,99,124,125,126" machi="63" ten="40,18000,2" yaku="1,1,0,1,18,1,53,3" doraHai="104" doraHaiUra="92" who="0" fromWho="0" sc="62,209,309,-63,19,-63,590,-63" owari="271,7.1,246,-15.4,-44,-54.4,527,62.7" /></mjloggm>