<mjloggm ver="2.3"><GO type="169" lobby="0"/><UN n0="%E3%81%A6%E3%81%A4%EF%BC%A3" n1="%E7%B8%A6%E9%B3%A5%E5%8D%83%E6%B3%A2" n2="%E3%82%BC%E3%83%B3%E3%83%84%E3%83%9E%E3%82%B7%E3%83%BC%E3%83%B3" n3="%E3%83%9F%E3%82%B2%E3%83%BC%E3%83%AB%E6%94%B9" dan="16,16,16,16" rate="2135.43,2148.78,2153.67,2195.16" sx="M,F,M,M"/><TAIKYOKU oya="0"/><INIT seed="0,0,0,5,4,108" ten="250,250,250,250" oya="0" hai0="77,92,109,63,15,30,78,115,112,17,132,50,110" hai1="118,93,32,128,129,38,10,7,37,61,120,107,66" hai2="105,20,1,44,13,119,103,14,86,46,71,101,95" hai3="60,25,96,57,3,22,83,11,73,82,76,69,90"/><T89/><D30/><U56/><E107/><V122/><F122/><W29/><G69/><T123/><D123/><U121/><E32/><V85/><F1/><W34/><G34/><T26/><D26/><U35/><E35/><V68/><F95/><W59/><G59/><T40/><D63/><U16/><E93/><V75/><F20/><W19/><G3/><T74/><D50/><U2/><E118/><V65/><F75/><W49/><G49/><T114/><D40/><U116/><E116/><V133/><F119/><W53/><G73/><T91/><D74/><U97/><E97/><V4/><F4/><W55/><G53/><T104/><D104/><U67/><E67/><V18/><F105/><W52/><G55/><T39/><D39/><N who="1" m="14859" /><E16/><V102/><F102/><W42/><G42/><T117/><D117/><U127/><E127/><V111/><F18/><W134/><G76/><N who="0" m="29291" /><D132/><U24/><E24/><V12/><F12/><N who="3" m="7583" /><G134/><T62/><D62/><U43/><E43/><V94/><F133/><W81/><G96/><T27/><D27/><U8/><E8/><V47/><F65/><W125/><G125/><T0/><D0/><U130/><AGARI ba="0,0" hai="2,7,10,56,61,66,120,121,128,129,130" m="14859" machi="130" ten="40,1500,0" yaku="19,1" doraHai="108" who="1" fromWho="1" sc="250,-7,250,15,250,-4,250,-4" /><INIT seed="1,0,0,5,5,4" ten="243,265,246,246" oya="1" hai0="70,43,20,77,122,95,119,68,11,25,32,75,86" hai1="123,38,54,52,130,100,26,114,3,27,9,92,67" hai2="66,117,132,17,118,88,59,72,71,22,107,108,30" hai3="60,56,97,33,15,45,12,18,35,74,127,49,28"/><U116/><E114/><V125/><F108/><W36/><G36/><T78/><D119/><U103/><E116/><V19/><F71/><W79/><G12/><T126/><D32/><U14/><E3/><V85/><F72/><W58/><G58/><T41/><D75/><U106/><E123/><V55/><F66/><W129/><G28/><T57/><D57/><U51/><E38/><V124/><F107/><W16/><G18/><T105/><D105/><U120/><E120/><V0/><F0/><W29/><G29/><T24/><D122/><U81/><E130/><V128/><F30/><W40/><G129/><T8/><D86/><U76/><E106/><V134/><F128/><W98/><G127/><N who="2" m="48713" /><F118/><W83/><G33/><T47/><D126/><U37/><E37/><V6/><F6/><W23/><REACH who="3" step="1"/><G35/><REACH who="3" ten="243,265,246,236" step="2"/><T61/><D47/><U87/><E67/><AGARI ba="0,1" hai="15,16,23,40,45,49,56,60,67,74,79,83,97,98" machi="67" ten="30,7700,0" yaku="1,1,2,1,7,1,54,1,53,0" doraHai="4" doraHaiUra="34" who="3" fromWho="1" sc="243,0,265,-77,246,0,236,87" /><INIT seed="2,0,0,4,3,79" ten="243,188,246,323" oya="2" hai0="127,88,107,0,69,8,110,37,65,40,78,2,58" hai1="31,115,43,131,102,64,27,67,84,15,50,92,25" hai2="3,5,77,44,34,113,101,70,122,13,49,29,94" hai3="39,72,32,118,52,18,66,14,62,16,21,76,30"/><V98/><F113/><W28/><G118/><T20/><D110/><U93/><E115/><V53/><F122/><W9/><G32/><T123/><D123/><U4/><E131/><V23/><F70/><W46/><G39/><T95/><D107/><U51/><E102/><V89/><F34/><W57/><G72/><T132/><D69/><U48/><E43/><V26/><F3/><W97/><G76/><T45/><D132/><U111/><E111/><V75/><F75/><W19/><G97/><T61/><D127/><U112/><E112/><V12/><F77/><W80/><G80/><T63/><D78/><U56/><E84/><V59/><F5/><N who="3" m="3375" /><G21/><T1/><D63/><N who="1" m="37991" /><E67/><V117/><F117/><W60/><G60/><T126/><D126/><U128/><E128/><V125/><F125/><W116/><G116/><T11/><REACH who="0" step="1"/><D20/><REACH who="0" ten="233,188,246,323" step="2"/><N who="1" m="15783" /><E27/><V82/><REACH who="2" step="1"/><F59/><REACH who="2" ten="233,188,236,323" step="2"/><W24/><G24/><T133/><D133/><U71/><E71/><V54/><F54/><W87/><G66/><T38/><D38/><U74/><E74/><V104/><F104/><W17/><G46/><T124/><D124/><U7/><E7/><V130/><F130/><W106/><G106/><T36/><D36/><U86/><E4/><V99/><F99/><AGARI ba="0,2" hai="0,1,2,8,11,37,40,45,58,61,65,88,95,99" machi="99" ten="40,8000,1" yaku="1,1,54,1,53,3" doraHai="79" doraHaiUra="35" who="0" fromWho="2" sc="233,100,188,0,236,-80,323,0" /><INIT seed="3,0,0,4,1,99" ten="333,188,156,323" oya="3" hai0="116,10,57,0,112,3,59,17,79,16,47,113,128" hai1="122,127,98,131,18,56,4,40,9,51,86,23,81" hai2="20,94,53,45,14,101,32,74,69,43,24,37,6" hai3="96,41,31,77,50,110,25,12,34,126,70,64,71"/><W104/><G77/><T11/><D116/><U80/><E122/><V88/><F74/><W105/><G105/><T5/><D79/><U125/><E131/><V22/><F69/><W87/><G87/><T44/><REACH who="0" step="1"/><D5/><REACH who="0" ten="323,188,156,323" step="2"/><U65/><E127/><V52/><F6/><W78/><G78/><T90/><D90/><U8/><E125/><V109/><F109/><W115/><G126/><T38/><D38/><U54/><E4/><V102/><F32/><W100/><G110/><T2/><D2/><U75/><E75/><V49/><F37/><W76/><G76/><T103/><D103/><N who="2" m="39434" /><F14/><W21/><G115/><T62/><D62/><U58/><E40/><V106/><F106/><W124/><G124/><T117/><D117/><U123/><E123/><V118/><F118/><W111/><G111/><T46/><D46/><U63/><E98/><N who="2" m="57671" /><F22/><W107/><G12/><T92/><D92/><U39/><E39/><V84/><F84/><W1/><G1/><T95/><D95/><U35/><E35/><V89/><F89/><W93/><G34/><T7/><D7/><U36/><E36/><V73/><F73/><W61/><G107/><T28/><D28/><AGARI ba="0,1" hai="20,24,28,43,45,49,52,53" m="57671,39434" machi="28" ten="30,12000,2" yaku="8,1,52,3,54,2" doraHai="99" who="2" fromWho="0" sc="323,-120,188,0,156,130,323,0" /><INIT seed="4,0,0,4,5,72" ten="203,188,286,323" oya="0" hai0="111,63,116,46,45,78,30,88,100,107,0,54,131" hai1="55,19,125,124,25,52,42,123,36,13,16,128,58" hai2="115,80,6,104,60,94,89,47,64,71,20,7,91" hai3="99,85,33,44,135,40,73,14,112,65,83,3,113"/><T108/><D0/><U38/><E123/><V22/><F104/><W57/><G73/><T86/><D116/><U48/><E128/><V129/><F129/><W27/><G3/><T4/><D131/><U79/><E79/><V109/><F109/><N who="0" m="42058" /><D4/><U56/><E25/><V101/><F115/><N who="3" m="44107" /><G135/><T50/><D30/><U117/><E117/><V84/><F101/><W29/><G14/><T95/><D63/><U32/><E32/><V21/><REACH who="2" step="1"/><F47/><REACH who="2" ten="203,188,276,323" step="2"/><W15/><G44/><T105/><D45/><U24/><E42/><V18/><F18/><W120/><G40/><T67/><D100/><U43/><E43/><V2/><F2/><W102/><G102/><T41/><D41/><U37/><E24/><V61/><F61/><W114/><G27/><T110/><D110/><U134/><E134/><V35/><F35/><W12/><G33/><T31/><D31/><U93/><E93/><V53/><F53/><W87/><G29/><T77/><D67/><U132/><E132/><V122/><F122/><W98/><G120/><T127/><D127/><N who="1" m="48715" /><E13/><V81/><F81/><W133/><G83/><T92/><D95/><U126/><E126/><V34/><F34/><W118/><G133/><T103/><D103/><U9/><E9/><V17/><F17/><W28/><G28/><T68/><D68/><U75/><E75/><V96/><AGARI ba="0,1" hai="6,7,20,21,22,60,64,71,80,84,89,91,94,96" machi="96" ten="30,2000,0" yaku="1,1,0,1,53,0" doraHai="72" doraHaiUra="130" who="2" fromWho="2" sc="203,-10,188,-5,276,30,323,-5" /><INIT seed="5,0,0,2,4,45" ten="193,183,306,318" oya="1" hai0="53,60,110,96,131,55,77,97,13,36,37,54,5" hai1="65,4,22,122,102,70,30,71,126,85,66,49,12" hai2="50,56,91,130,51,8,17,32,26,82,68,113,92" hai3="34,99,133,73,1,43,2,109,125,88,128,112,123"/><U14/><E122/><V0/><F68/><W124/><RYUUKYOKU type="yao9" ba="0,0" sc="193,0,183,0,306,0,318,0" hai3="1,2,34,43,73,88,99,109,112,123,124,125,128,133" /><INIT seed="5,1,0,4,0,70" ten="193,183,306,318" oya="1" hai0="112,116,9,83,85,77,13,108,49,115,34,3,90" hai1="118,0,73,51,58,124,134,2,103,72,123,80,74" hai2="59,69,76,126,44,47,5,109,86,37,120,43,7" hai3="46,97,8,62,128,78,127,29,99,27,132,131,93"/><U98/><E118/><V50/><F120/><W105/><G78/><T39/><D116/><U40/><E123/><V100/><F109/><W117/><G117/><T20/><D108/><U32/><E32/><V1/><F126/><W101/><G8/><T53/><D34/><U15/><E124/><V31/><F69/><W135/><G62/><T60/><D60/><U122/><E122/><V57/><F100/><N who="3" m="62623" /><G46/><T22/><D3/><U21/><E134/><N who="3" m="51242" /><G127/><T48/><D39/><U102/><E80/><V25/><F76/><W28/><G28/><T10/><D77/><U75/><N who="1" m="18432" /><DORA hai="119" /><U81/><E81/><V35/><F86/><W63/><G63/><T61/><D61/><U11/><E21/><AGARI ba="1,0" hai="21,27,29,93,97,101,128,131" m="51242,62623" machi="21" ten="30,1000,0" yaku="20,1" doraHai="70,119" who="3" fromWho="1" sc="193,0,183,-13,306,0,318,13" /><INIT seed="6,0,0,0,4,59" ten="193,170,306,331" oya="2" hai0="25,114,116,66,111,71,62,134,117,78,45,15,112" hai1="27,29,9,11,42,43,55,5,76,22,72,110,109" hai2="89,48,39,56,64,105,104,128,52,75,1,77,13" hai3="135,93,28,33,63,119,90,103,60,87,18,69,19"/><V124/><F1/><W47/><G69/><T123/><D78/><U30/><E76/><V49/><F39/><W50/><G119/><N who="0" m="45643" /><D15/><U65/><E72/><V74/><F124/><W3/><G3/><T91/><D91/><U81/><E81/><V80/><F128/><W53/><G135/><T101/><D101/><U14/><E65/><V38/><F38/><W58/><G33/><T32/><D134/><U122/><E122/><V82/><F64/><W6/><G6/><T23/><D32/><U121/><E121/><V2/><F2/><W40/><G103/><T95/><D95/><U98/><E30/><V125/><F125/><W126/><G126/><T132/><D132/><U21/><E21/><V57/><F13/><W17/><REACH who="3" step="1"/><G28/><REACH who="3" ten="193,170,306,321" step="2"/><T68/><D68/><U4/><E109/><V97/><F105/><W10/><G10/><T133/><D133/><U83/><E110/><V8/><F104/><W35/><G35/><T51/><D111/><U73/><E9/><V108/><F8/><W88/><G88/><T86/><D123/><U36/><E5/><V92/><F108/><W107/><G107/><T7/><D7/><U115/><E11/><V100/><F100/><W26/><G26/><T85/><D25/><U113/><E4/><V70/><F70/><W131/><G131/><T96/><D23/><U118/><E118/><V41/><F89/><W20/><G20/><T37/><D71/><U129/><E129/><V0/><F0/><W46/><G46/><T120/><D120/><U61/><E14/><V67/><F77/><W44/><G44/><T84/><D45/><RYUUKYOKU ba="0,1" sc="193,-10,170,-10,306,-10,321,30" hai3="17,18,19,40,47,50,53,58,60,63,87,90,93" /><INIT seed="7,1,1,4,5,57" ten="183,160,296,351" oya="3" hai0="25,22,16,67,93,52,2,59,0,5,100,39,11" hai1="33,134,132,26,124,64,50,36,117,99,91,40,108" hai2="37,14,29,56,41,38,92,42,53,7,84,83,49" hai3="123,82,1,69,77,61,75,9,51,27,48,47,54"/><W98/><G123/><T31/><D39/><U129/><E108/><V111/><F111/><W97/><G27/><T73/><D73/><U8/><E124/><V133/><F133/><N who="1" m="51305" /><E129/><V20/><F38/><W131/><G131/><T21/><D67/><U85/><E36/><V102/><F37/><W17/><G1/><T116/><D116/><U106/><E117/><V119/><F119/><W113/><G69/><T86/><D0/><U18/><E64/><V94/><F29/><W135/><G113/><T30/><D22/><N who="1" m="13655" /><E8/><V35/><F35/><W127/><G127/><T95/><D95/><N who="1" m="54767" /><E33/><V58/><F58/><W105/><G105/><T62/><REACH who="0" step="1"/><D86/><REACH who="0" ten="173,160,296,351" step="2"/><U24/><E24/><V10/><F94/><W80/><G75/><T19/><D19/><U74/><E74/><V130/><F130/><W128/><G128/><T72/><D72/><U88/><E106/><V79/><REACH who="2" step="1"/><F20/><REACH who="2" ten="173,160,286,351" step="2"/><W81/><G135/><T90/><D90/><U32/><E32/><V103/><F103/><W89/><G89/><T28/><D28/><U101/><E88/><V45/><F45/><W126/><G47/><T66/><D66/><U122/><E122/><V71/><F71/><W15/><G126/><T109/><D109/><U46/><E101/><V43/><F43/><W34/><G34/><T70/><D70/><U13/><E13/><V55/><F55/><W4/><G77/><T112/><D112/><U78/><E78/><V12/><F12/><W63/><G15/><T125/><D125/><U68/><E68/><V121/><F121/><W60/><G4/><T23/><D23/><U104/><E104/><RYUUKYOKU ba="1,3" sc="173,10,160,10,286,10,351,-30" hai0="2,5,11,16,21,25,30,31,52,59,62,93,100" hai1="40,46,50,99" hai2="7,10,14,41,42,49,53,56,79,83,84,92,102" owari="183,-21.7,170,-33.0,296,9.6,351,45.1" /></mjloggm>