<mjloggm ver="2.3"><GO type="169" lobby="0"/><UN n0="%E3%81%97%E3%82%87%E3%81%86%40%34%38%36%39" n1="%E9%BA%BB%E9%9B%80%E7%A0%94%E7%A9%B6%E9%83%A8" n2="%67%6F%6B%75%61%6B%75" n3="%E8%B5%A4%E7%BE%8E%E6%BF%83%E3%81%BE%E3%81%90%E3%82%8D" dan="16,17,17,17" rate="2140.05,2153.87,2217.15,2218.08" sx="M,M,M,M"/><TAIKYOKU oya="0"/><INIT seed="0,0,0,4,1,48" ten="250,250,250,250" oya="0" hai0="59,65,129,51,83,57,60,20,118,76,36,15,34" hai1="130,77,81,90,43,86,53,85,42,38,89,87,100" hai2="131,47,78,120,35,123,39,105,103,0,110,117,40" hai3="6,73,8,56,75,55,82,5,4,49,93,33,29"/><T119/><D34/><U101/><E130/><V72/><RYUUKYOKU type="yao9" ba="0,0" sc="250,0,250,0,250,0,250,0" hai2="0,35,39,40,47,72,78,103,105,110,117,120,123,131" /><INIT seed="0,1,0,4,2,72" ten="250,250,250,250" oya="0" hai0="130,116,88,13,78,74,11,18,16,63,82,125,56" hai1="34,9,103,86,97,122,54,41,44,45,31,17,106" hai2="134,105,69,8,1,22,47,95,32,4,43,83,6" hai3="60,57,20,7,23,124,25,71,99,84,49,128,104"/><T52/><D116/><U26/><E122/><V100/><F32/><W39/><G39/><T58/><D130/><U53/><E44/><V85/><F69/><W117/><G117/><T119/><D125/><U120/><E120/><V132/><F105/><W50/><G71/><T135/><D119/><U114/><E114/><V80/><F6/><W87/><G7/><T102/><D135/><N who="2" m="51754" /><F22/><W68/><G68/><T33/><D33/><U94/><E17/><V12/><F1/><W92/><G104/><T76/><D102/><U115/><E9/><V42/><F42/><W67/><G124/><T10/><D58/><U73/><E73/><V19/><F19/><W79/><G20/><T91/><D78/><U37/><E115/><V64/><F64/><W5/><G5/><T3/><D3/><U77/><REACH who="1" step="1"/><E106/><REACH who="1" ten="250,240,250,250" step="2"/><V107/><F107/><W65/><G128/><T123/><D123/><U28/><E28/><V90/><F100/><W112/><G112/><T70/><D70/><U111/><E111/><V89/><F89/><W36/><G57/><T48/><D63/><U126/><E126/><V46/><F46/><W129/><G60/><T81/><D81/><AGARI ba="1,1" hai="26,31,34,37,41,45,53,54,77,81,86,94,97,103" machi="81" ten="40,5200,0" yaku="1,1,52,1,53,1" doraHai="72" doraHaiUra="38" who="1" fromWho="0" sc="250,-55,240,65,250,0,250,0" /><INIT seed="1,0,0,0,2,55" ten="195,305,250,250" oya="1" hai0="90,95,6,115,97,119,59,8,0,84,52,120,16" hai1="2,34,23,127,94,93,77,5,129,9,48,35,128" hai2="47,113,64,80,49,36,63,46,32,78,123,50,125" hai3="70,91,58,44,13,67,39,110,131,4,3,101,19"/><U124/><E77/><V61/><F32/><N who="1" m="12329" /><E93/><V28/><F28/><W37/><G70/><T1/><D119/><U72/><E94/><V22/><F123/><W76/><G76/><T33/><D115/><U121/><E48/><V24/><F113/><W38/><G101/><T87/><D33/><U29/><E72/><V15/><F125/><N who="1" m="48201" /><E121/><V105/><F105/><W30/><G44/><T54/><D120/><U116/><E116/><V98/><F98/><W62/><G91/><T122/><D122/><U92/><E92/><V75/><F24/><AGARI ba="0,0" hai="2,5,9,23,24,29,128,129" m="48201,12329" machi="24" ten="40,7700,0" yaku="18,1,34,2" doraHai="55" who="1" fromWho="2" sc="195,0,305,77,250,-77,250,0" /><INIT seed="1,1,0,1,0,87" ten="195,382,173,250" oya="1" hai0="13,124,112,82,133,131,24,23,10,94,102,89,95" hai1="18,132,15,70,103,71,63,47,69,11,57,33,37" hai2="14,86,8,126,32,19,68,73,98,93,91,65,16" hai3="45,113,127,25,121,0,85,49,72,80,101,135,99"/><U46/><E33/><V50/><F126/><W21/><G127/><T115/><D124/><U88/><E132/><V117/><F117/><W130/><G130/><T106/><D131/><U7/><E37/><V92/><F73/><W28/><G135/><T83/><D106/><U35/><E35/><V119/><F119/><W43/><G0/><T64/><D133/><U114/><E114/><V66/><F32/><W29/><G121/><T84/><D64/><U52/><E103/><V62/><F19/><W67/><G72/><T6/><D115/><U97/><REACH who="1" step="1"/><E7/><REACH who="1" ten="195,372,173,250" step="2"/><V61/><F50/><W17/><G113/><T5/><D6/><U125/><E125/><V96/><REACH who="2" step="1"/><F92/><AGARI ba="1,1" hai="11,15,18,46,47,52,57,63,69,70,71,88,92,97" machi="92" ten="40,12000,1" yaku="1,1,52,1,54,2,53,1" doraHai="87" doraHaiUra="12" who="1" fromWho="2" sc="195,0,372,133,173,-123,250,0" /><INIT seed="1,2,0,4,0,38" ten="195,505,50,250" oya="1" hai0="59,11,71,50,13,51,73,53,110,39,2,21,16" hai1="134,106,115,23,78,94,27,4,46,95,112,54,77" hai2="64,89,96,82,29,116,125,83,93,15,130,92,18" hai3="122,47,34,85,135,121,69,68,120,19,91,8,107"/><U45/><E106/><V35/><F116/><W72/><G72/><T26/><D110/><U7/><E134/><V55/><F130/><W79/><G107/><T58/><D71/><U5/><E54/><V129/><F129/><W81/><G34/><T76/><D39/><U80/><E23/><V12/><F125/><W28/><G28/><T36/><D36/><U14/><E14/><V40/><F64/><W131/><G135/><T22/><D2/><U108/><E27/><V132/><F132/><W44/><G131/><T61/><D73/><U75/><E108/><V10/><F55/><W124/><G124/><T33/><D33/><U109/><E109/><V102/><F35/><W31/><G31/><T60/><D76/><U1/><E1/><V133/><F29/><W90/><G69/><T32/><D21/><U87/><E77/><V100/><F133/><W114/><G68/><T99/><D99/><U97/><E75/><V66/><F66/><W57/><G57/><T104/><D104/><U123/><E123/><V24/><F24/><W9/><G114/><T25/><D25/><U119/><E119/><V20/><F40/><W88/><REACH who="3" step="1"/><G19/><REACH who="3" ten="195,505,50,240" step="2"/><N who="0" m="8639" /><D32/><U70/><E70/><V6/><REACH who="2" step="1"/><F102/><REACH who="2" ten="195,505,40,240" step="2"/><W56/><G56/><T74/><D58/><U67/><E115/><V111/><F111/><W3/><G3/><T41/><D59/><U98/><E112/><V105/><F105/><W126/><G126/><T65/><D65/><U37/><E67/><V84/><AGARI ba="2,2" hai="6,10,12,15,18,20,82,83,84,89,92,93,96,100" machi="84" ten="20,8000,1" yaku="1,1,0,1,7,1,8,1,53,1" doraHai="38" doraHaiUra="86" who="2" fromWho="2" sc="195,-22,505,-42,40,106,240,-22" /><INIT seed="2,0,0,0,0,116" ten="173,463,146,218" oya="2" hai0="12,44,108,65,53,59,111,17,97,133,121,26,61" hai1="40,119,25,85,83,50,84,90,6,70,120,11,2" hai2="124,7,56,127,49,10,76,3,87,86,37,62,123" hai3="39,43,42,125,20,81,24,91,46,100,79,75,35"/><V109/><F37/><W78/><G125/><N who="2" m="48201" /><F109/><N who="0" m="42058" /><D26/><U13/><E70/><V129/><F129/><W21/><G100/><T27/><D27/><U126/><E119/><V54/><F123/><W80/><G91/><T23/><D97/><U69/><E69/><V67/><F76/><W114/><G114/><T32/><D32/><U93/><E120/><V131/><F131/><W16/><G43/><T73/><D73/><U107/><E107/><V106/><F106/><W60/><G60/><T51/><D133/><U110/><E110/><V68/><AGARI ba="0,0" hai="3,7,10,49,54,56,62,67,68,86,87" m="48201" machi="68" ten="30,1500,0" yaku="18,1" doraHai="116" who="2" fromWho="2" sc="173,-5,463,-5,146,15,218,-5" /><INIT seed="2,1,0,4,4,87" ten="168,458,161,213" oya="2" hai0="38,118,63,102,93,110,129,97,42,85,17,19,26" hai1="31,52,121,84,124,128,46,36,56,89,112,59,13" hai2="91,64,4,33,5,7,15,111,105,83,45,54,116" hai3="96,44,82,78,49,18,16,73,1,122,58,53,30"/><V114/><F116/><W68/><G68/><T76/><D110/><U107/><E112/><V2/><F2/><W134/><G122/><T94/><D129/><U125/><E107/><V72/><F33/><W3/><G134/><T39/><D118/><U12/><E121/><V51/><F114/><W37/><G30/><T61/><D42/><N who="1" m="22855" /><E56/><V99/><F111/><W135/><G135/><T10/><D38/><U132/><E31/><V48/><F64/><W100/><G3/><T34/><D39/><U27/><E27/><V55/><F72/><W130/><G1/><T69/><D69/><U29/><E29/><V0/><F0/><W21/><G130/><T14/><D34/><U117/><E117/><V65/><F65/><W23/><G23/><N who="0" m="13679" /><D93/><N who="1" m="54439" /><E132/><V66/><F66/><W40/><REACH who="3" step="1"/><G21/><REACH who="3" ten="168,458,161,203" step="2"/><T108/><D108/><U32/><E32/><V98/><F15/><W115/><G115/><T8/><D8/><U103/><E128/><V24/><F24/><W67/><G67/><T41/><D10/><U109/><E109/><V25/><F25/><W6/><G6/><T126/><D14/><U127/><E103/><V131/><F131/><W11/><G11/><T133/><D102/><U86/><E13/><V81/><F5/><W47/><G47/><T62/><D133/><U123/><E12/><V20/><F20/><W22/><G22/><T79/><D19/><U75/><E123/><V70/><F7/><W71/><G71/><T77/><D126/><U43/><E125/><V9/><F70/><W104/><AGARI ba="1,1" hai="16,18,37,40,44,49,53,58,73,78,82,96,100,104" machi="104" ten="20,5200,0" yaku="1,1,0,1,7,1,54,1,53,0" doraHai="87" doraHaiUra="60" who="3" fromWho="3" sc="168,-14,458,-14,161,-27,203,65" /><INIT seed="3,0,0,4,4,75" ten="154,444,134,268" oya="3" hai0="124,34,26,114,51,63,67,19,55,97,54,107,15" hai1="45,22,127,83,50,49,133,90,35,99,122,112,103" hai2="44,53,59,10,126,43,8,71,2,61,86,60,37" hai3="78,36,79,102,82,27,88,20,87,106,31,104,101"/><W108/><G36/><T72/><D124/><U98/><E122/><V85/><F126/><W135/><G135/><T118/><D118/><U4/><E35/><V13/><F2/><W39/><G39/><T42/><D114/><U16/><E112/><V84/><F13/><W125/><G125/><T38/><D72/><U81/><E133/><V77/><F77/><N who="3" m="29195" /><G106/><T33/><D38/><U48/><E4/><V121/><F121/><W11/><G104/><T80/><D80/><N who="1" m="30795" /><E90/><V1/><F1/><W46/><G108/><T73/><D42/><U129/><E129/><V95/><F95/><W96/><G96/><N who="1" m="36906" /><E103/><N who="3" m="39434" /><G46/><T17/><D73/><U92/><E92/><V29/><F71/><W119/><G119/><T100/><D34/><U113/><E113/><V132/><F132/><W120/><G120/><T68/><D33/><U56/><E127/><V70/><F70/><W32/><G32/><T57/><D68/><U9/><E56/><V111/><F111/><W24/><G24/><T128/><D26/><N who="1" m="14663" /><E9/><AGARI ba="0,0" hai="9,11,20,27,31,82,87,88" m="39434,29195" machi="9" ten="30,12000,1" yaku="8,1,52,3,54,1" doraHai="75" who="3" fromWho="1" sc="154,0,444,-120,134,0,268,120" /><INIT seed="3,1,0,5,4,58" ten="154,324,134,388" oya="3" hai0="94,13,50,54,119,125,76,43,12,62,8,89,104" hai1="38,66,128,32,70,61,86,113,53,11,25,19,16" hai2="37,81,15,35,107,56,90,9,47,5,40,87,135" hai3="3,7,41,26,2,105,30,23,69,60,45,18,27"/><W68/><G105/><T92/><D119/><U0/><E113/><V99/><F135/><W134/><G134/><T36/><D125/><U88/><E38/><V118/><F118/><W82/><G82/><T59/><D104/><U72/><E72/><V130/><F130/><W20/><G7/><T110/><D110/><U124/><E124/><V112/><F112/><W129/><G129/><T33/><D33/><U127/><E127/><V10/><F35/><W51/><REACH who="3" step="1"/><G69/><REACH who="3" ten="154,324,134,378" step="2"/><T6/><D94/><U126/><E128/><V46/><F107/><W120/><G120/><T29/><D92/><U91/><E126/><V44/><F5/><W101/><G101/><T49/><D6/><U74/><E91/><V67/><F81/><W71/><G71/><T4/><D4/><U133/><E133/><V21/><F90/><W57/><G57/><T63/><D89/><U111/><E111/><V22/><F56/><W14/><G14/><T48/><D13/><U95/><E74/><V93/><F15/><W24/><G24/><T102/><D102/><U109/><E109/><V79/><F93/><W103/><G103/><T108/><D108/><U73/><E73/><V85/><F46/><W78/><G78/><T64/><D76/><U121/><E121/><V42/><F79/><W115/><G115/><T97/><D12/><N who="1" m="7199" /><E0/><V1/><F1/><W98/><G98/><T39/><D97/><U28/><E25/><V77/><F77/><W52/><G52/><T132/><D132/><U116/><E53/><V114/><F99/><W117/><G117/><T123/><D123/><U80/><E116/><RYUUKYOKU ba="1,1" sc="154,-10,324,-10,134,-10,378,30" hai3="2,3,18,20,23,26,27,30,41,45,51,60,68" /><INIT seed="3,2,1,0,2,20" ten="144,314,124,408" oya="3" hai0="52,111,101,70,64,117,32,49,60,3,31,48,56" hai1="30,7,129,42,82,67,24,121,126,18,132,116,84" hai2="74,26,105,119,61,131,95,35,54,109,55,68,85" hai3="90,6,51,135,83,91,88,81,92,43,124,38,50"/><W127/><G6/><T72/><D117/><U73/><E121/><V86/><F119/><W53/><G38/><T39/><D3/><U97/><E116/><V10/><F74/><W106/><G106/><T23/><D72/><U76/><E126/><N who="3" m="48170" /><G135/><T44/><D111/><U71/><E132/><V99/><F109/><W75/><G43/><T33/><D101/><U110/><E110/><V93/><F10/><W125/><N who="3" m="48178" /><W102/><DORA hai="36" /><G75/><T115/><D115/><U120/><E120/><V17/><F17/><W34/><G34/><T130/><D130/><U134/><E134/><V114/><F114/><W2/><G2/><T69/><D69/><U94/><E7/><V77/><F131/><W57/><G51/><T29/><D39/><U22/><E129/><V8/><F8/><W63/><G63/><T96/><D33/><U133/><E133/><V37/><F37/><W89/><G102/><T107/><D32/><U123/><E123/><V47/><F105/><W112/><G112/><T21/><D107/><U122/><E122/><V62/><F68/><W28/><G28/><T45/><D70/><U40/><E73/><V19/><F35/><W66/><G66/><T58/><D60/><U80/><E67/><V27/><F19/><W41/><G41/><N who="1" m="15978" /><E71/><V46/><F99/><AGARI ba="2,1" hai="50,53,57,81,83,88,89,90,91,92,99" m="48178" machi="99" ten="40,3900,0" yaku="18,1,54,1" doraHai="20,36" who="3" fromWho="2" sc="144,0,314,0,124,-45,408,55" /><INIT seed="3,3,0,2,1,65" ten="144,314,79,463" oya="3" hai0="69,119,14,116,15,68,10,109,7,103,54,53,41" hai1="79,47,32,61,89,11,19,92,17,105,127,28,107" hai2="8,34,58,86,9,99,36,60,114,74,22,45,67" hai3="78,111,23,30,48,118,132,44,18,87,52,26,6"/><W51/><G118/><T108/><D103/><U91/><E127/><V35/><F74/><W33/><G132/><T21/><D41/><U43/><E79/><V37/><F114/><W66/><G111/><N who="0" m="42571" /><D21/><U55/><E28/><V5/><F22/><W56/><G6/><T71/><D14/><U102/><E32/><V57/><F99/><W73/><G73/><T83/><D83/><U135/><E102/><V72/><F72/><W75/><G75/><T93/><D93/><U0/><E135/><V4/><F67/><W76/><G87/><T120/><D120/><U39/><E91/><V112/><F112/><W27/><REACH who="3" step="1"/><G66/><REACH who="3" ten="144,314,79,453" step="2"/><T115/><D115/><U131/><E0/><V95/><F86/><W81/><G81/><T29/><D29/><U25/><E107/><V129/><F5/><W64/><G64/><T90/><D90/><U70/><E105/><V1/><F4/><W97/><G97/><T121/><D121/><U50/><E89/><V31/><F1/><W133/><G133/><T104/><D104/><U20/><E92/><V38/><F95/><W122/><G122/><T77/><D77/><U46/><E131/><V106/><F106/><W117/><G117/><AGARI ba="3,1" hai="7,10,15,53,54,68,69,71,116,117,119" m="42571" machi="117" ten="40,8000,1" yaku="14,1,52,3" doraHai="65" who="0" fromWho="3" sc="144,99,314,0,79,0,453,-89" /><INIT seed="4,0,0,0,5,15" ten="243,314,79,364" oya="0" hai0="45,79,24,124,103,16,122,101,118,59,53,71,10" hai1="28,108,52,99,40,37,22,30,102,50,132,8,106" hai2="48,0,83,128,17,123,126,109,90,131,63,56,116" hai3="134,74,112,68,47,33,4,46,27,60,44,26,7"/><T105/><D122/><U82/><E108/><V5/><F123/><W73/><G33/><T32/><D118/><U80/><E132/><V18/><F116/><W55/><G112/><T64/><D124/><U62/><E37/><V86/><F109/><W104/><G104/><T35/><D79/><U3/><E40/><V34/><F34/><W75/><G134/><T67/><D35/><U41/><E41/><V66/><F126/><W97/><G97/><T130/><D130/><U61/><E3/><V76/><F48/><W54/><G68/><T70/><D70/><U1/><E1/><V135/><F135/><W14/><G14/><N who="0" m="7255" /><D32/><U133/><E8/><N who="2" m="2087" /><F76/><W65/><G65/><N who="0" m="25163" /><D105/><U2/><E2/><V93/><F83/><W100/><G60/><N who="0" m="35951" /><D71/><U49/><E106/><V94/><F94/><W13/><G100/><N who="0" m="38475" /><D24/><N who="3" m="9257" /><G13/><T72/><D72/><U21/><E133/><V125/><F125/><W78/><G78/><T11/><D11/><U19/><E102/><V9/><F9/><W81/><G81/><T107/><D107/><U31/><E80/><V89/><F89/><W20/><G20/><T42/><D42/><U114/><E82/><V121/><F121/><W84/><G75/><T69/><D69/><U129/><E129/><AGARI ba="0,0" hai="17,18,56,63,66,86,90,93,128,129,131" m="2087" machi="129" ten="30,3900,0" yaku="19,1,52,2" doraHai="15" who="2" fromWho="1" sc="243,0,314,-39,79,39,364,0" /><INIT seed="5,0,0,0,4,30" ten="243,275,118,364" oya="1" hai0="51,64,10,117,46,45,36,73,42,122,38,74,116" hai1="82,62,52,17,98,57,126,50,118,105,55,67,124" hai2="21,106,123,93,63,2,77,107,8,111,91,15,9" hai3="43,69,87,84,127,66,37,47,13,108,79,86,56"/><U135/><E118/><V5/><F111/><W65/><G108/><T54/><D10/><U29/><E135/><V18/><F123/><W104/><G104/><T99/><D99/><U129/><E129/><V12/><F77/><W6/><G127/><T48/><D122/><U121/><E121/><V112/><F112/><W68/><G79/><T20/><D20/><U132/><E132/><V16/><REACH who="2" step="1"/><F63/><REACH who="2" ten="243,275,108,364" step="2"/><W103/><G69/><T89/><D117/><U76/><E124/><V97/><AGARI ba="0,1" hai="2,5,8,9,12,15,16,18,21,91,93,97,106,107" machi="97" ten="20,8000,1" yaku="1,1,2,1,0,1,7,1,54,1,53,0" doraHai="30" doraHaiUra="70" who="2" fromWho="2" sc="243,-20,275,-40,108,90,364,-20" /><INIT seed="6,0,0,5,1,31" ten="223,235,198,344" oya="2" hai0="109,117,111,99,120,100,61,76,127,114,107,50,67" hai1="53,116,18,88,13,86,51,17,37,59,52,68,110" hai2="38,5,21,84,71,72,125,126,132,57,42,130,36" hai3="106,64,91,121,7,55,24,101,103,29,75,56,79"/><V48/><F72/><W14/><G121/><T6/><D120/><U124/><E110/><V115/><F5/><W128/><G128/><T77/><D6/><U133/><E124/><N who="2" m="47723" /><F130/><W80/><G64/><T135/><D127/><U19/><E133/><V11/><F132/><W35/><G106/><T66/><D135/><U69/><E37/><V131/><F131/><W58/><G91/><T33/><D50/><U12/><E116/><V25/><F71/><W43/><G43/><T30/><D66/><U74/><E74/><V85/><F115/><W4/><G58/><T26/><D117/><U44/><E68/><V40/><F11/><W41/><G41/><N who="2" m="15977" /><F48/><W129/><G129/><T96/><D114/><U49/><REACH who="1" step="1"/><E69/><REACH who="1" ten="223,225,198,344" step="2"/><V83/><F57/><W60/><G75/><T20/><D111/><U1/><E1/><V65/><F65/><W2/><G2/><T134/><D109/><U45/><E45/><V108/><F108/><W123/><G123/><T118/><D134/><U87/><E87/><N who="2" m="33355" /><F83/><AGARI ba="0,1" hai="12,13,17,18,19,44,49,51,52,53,59,83,86,88" machi="83" ten="40,12000,2" yaku="1,1,8,1,54,2,53,3" doraHai="31" doraHaiUra="15" who="1" fromWho="2" sc="223,0,225,130,198,-120,344,0" /><INIT seed="7,0,0,3,2,33" ten="223,355,78,344" oya="3" hai0="44,128,35,68,42,12,77,79,93,17,100,86,72" hai1="1,60,55,71,47,95,74,114,118,30,40,4,0" hai2="112,121,99,134,46,131,26,108,36,101,5,103,49" hai3="8,16,122,83,69,80,67,124,15,96,37,76,20"/><W87/><G122/><T70/><D35/><U88/><E74/><V59/><F108/><W65/><G37/><T135/><D72/><U92/><E30/><V11/><F121/><W117/><G117/><T116/><D116/><U123/><E118/><V105/><F112/><W125/><G96/><T94/><D12/><U22/><E123/><V23/><F131/><W82/><G69/><T58/><D58/><U56/><E114/><V129/><F129/><W120/><G120/><T41/><D86/><U91/><E22/><V66/><F134/><W10/><G83/><T127/><D128/><U51/><E4/><V85/><F36/><W50/><BYE who="0" /><G50/><UN n0="%E3%81%97%E3%82%87%E3%81%86%40%34%38%36%39" /><T106/><D106/><U109/><E109/><V102/><F85/><N who="3" m="48263" /><G125/><T126/><D44/><U19/><E19/><V3/><F105/><W81/><G81/><T13/><D13/><U21/><E21/><V132/><F132/><W90/><G124/><T107/><D107/><U7/><E71/><V27/><F27/><N who="3" m="14727" /><G8/><T38/><D17/><AGARI ba="0,0" hai="10,15,17,65,67,82,87,90" m="14727,48263" machi="17" ten="30,2900,0" yaku="8,1,54,1" doraHai="33" who="3" fromWho="0" sc="223,-29,355,0,78,0,344,29" owari="194,-20.6,355,15.5,78,-42.2,373,47.3" /></mjloggm>