<mjloggm ver="2.3"><GO type="169" lobby="0"/><UN n0="%E8%99%B9%E8%89%B2%E3%82%B8%E3%83%A7%E3%83%BC%E3%82%AB%E3%83%BC" n1="%50%65%74%65%72%50%61%6E" n2="%E7%BD%AA%E5%88%91%E6%B3%95%E5%AE%9A%E4%B8%BB%E7%BE%A9" n3="%E3%81%BC%E3%82%93%E3%81%BC%E3%82%93" dan="17,17,17,16" rate="2194.15,2213.74,2227.16,2119.05" sx="M,M,M,M"/><TAIKYOKU oya="0"/><INIT seed="0,0,0,3,3,73" ten="250,250,250,250" oya="0" hai0="47,65,42,130,90,54,22,126,96,99,133,134,27" hai1="104,12,28,55,82,92,127,7,58,13,4,50,8" hai2="120,70,95,63,75,45,115,77,88,18,113,102,60" hai3="105,106,59,23,24,10,123,62,107,94,61,100,97"/><T36/><D126/><U64/><E127/><V17/><F120/><W84/><G123/><T56/><D65/><U129/><E129/><V25/><F102/><W3/><G84/><T14/><D14/><U80/><E104/><V121/><F121/><W16/><REACH who="3" step="1"/><G59/><REACH who="3" ten="250,250,250,240" step="2"/><T109/><D130/><U116/><E116/><V111/><F115/><W39/><G39/><T21/><D109/><U81/><E28/><V71/><F113/><W69/><G69/><T31/><D22/><U93/><E64/><V87/><F71/><W34/><G34/><T35/><D35/><U37/><E37/><V53/><F111/><W1/><G1/><T86/><D134/><U43/><E43/><V114/><F114/><W32/><G32/><T44/><D133/><U89/><E89/><V67/><F70/><W72/><G72/><T110/><D110/><U0/><E0/><V48/><F67/><W124/><G124/><T91/><D91/><U20/><E20/><V52/><F75/><W11/><G11/><AGARI ba="0,1" hai="4,7,8,11,12,13,50,55,58,80,81,82,92,93" machi="11" ten="40,2600,0" yaku="9,1,8,1" doraHai="73" who="1" fromWho="3" sc="250,0,250,36,250,0,240,-26" /><INIT seed="1,0,0,5,0,102" ten="250,286,250,214" oya="1" hai0="72,85,21,113,57,14,78,69,111,127,94,51,90" hai1="67,66,41,50,116,8,101,99,105,52,5,30,61" hai2="96,89,95,74,115,55,47,65,46,33,53,133,39" hai3="12,73,129,82,44,43,37,88,18,0,68,71,81"/><U83/><E116/><V107/><F33/><W128/><G0/><T3/><D69/><U20/><E41/><V10/><F74/><W7/><G7/><T62/><D3/><U77/><E61/><V134/><F65/><W70/><G73/><T121/><D113/><U17/><E30/><V22/><F115/><W9/><REACH who="3" step="1"/><G88/><REACH who="3" ten="250,286,250,204" step="2"/><T26/><D72/><U34/><E77/><V13/><F89/><W1/><G1/><T29/><D78/><U125/><E83/><AGARI ba="0,1" hai="9,12,18,37,43,44,68,70,71,81,82,83,128,129" machi="83" ten="50,1600,0" yaku="1,1,53,0" doraHai="102" doraHaiUra="123" who="3" fromWho="1" sc="250,0,286,-16,250,0,204,26" /><INIT seed="2,0,0,2,5,83" ten="250,270,250,230" oya="2" hai0="65,8,89,132,62,12,108,45,90,52,18,26,133" hai1="72,55,21,102,100,57,103,32,109,49,129,20,6" hai2="96,113,81,58,101,124,30,117,48,91,125,128,116" hai3="123,9,31,43,82,42,61,33,93,16,50,73,71"/><V120/><F30/><W112/><G123/><T84/><D108/><U56/><E32/><V0/><F0/><W7/><G112/><T118/><D118/><U24/><E109/><V19/><F19/><W69/><G50/><N who="0" m="28751" /><D26/><U68/><E68/><V87/><F48/><W59/><G93/><T121/><D121/><U54/><E72/><V127/><F58/><W86/><G73/><T126/><D126/><U15/><E129/><V23/><F23/><W63/><G31/><T85/><D90/><U41/><E41/><V38/><F38/><W44/><G44/><T35/><D89/><U11/><REACH who="1" step="1"/><E24/><REACH who="1" ten="250,260,250,230" step="2"/><V111/><F120/><W46/><G33/><T74/><D74/><U17/><E17/><V22/><F111/><W78/><G71/><N who="0" m="42423" /><D35/><U130/><E130/><V2/><F128/><W4/><G69/><T39/><D39/><U76/><E76/><V94/><F2/><W14/><G46/><T97/><D97/><U92/><E92/><N who="2" m="58503" /><F22/><W51/><G42/><T134/><AGARI ba="0,1" hai="8,12,18,84,85,132,133,134" m="42423,28751" machi="134" ten="30,7900,0" yaku="20,1,52,2,54,1" doraHai="83" who="0" fromWho="0" sc="250,89,260,-20,250,-39,230,-20" /><INIT seed="3,0,0,0,3,107" ten="339,240,211,210" oya="3" hai0="54,86,45,34,17,52,7,55,78,124,6,98,129" hai1="84,76,23,131,113,21,66,9,5,96,110,50,115" hai2="70,65,105,106,43,35,56,130,61,57,122,22,81" hai3="14,29,125,51,126,112,99,38,3,114,117,2,63"/><W80/><G38/><T133/><D34/><U92/><E110/><V75/><F35/><W8/><G63/><T13/><D133/><U68/><E131/><V71/><F130/><W18/><G51/><T0/><D0/><N who="3" m="41" /><G99/><T31/><D31/><U132/><E132/><V39/><F122/><W72/><G80/><N who="0" m="47383" /><D124/><N who="3" m="47721" /><G72/><T93/><D45/><U119/><E50/><V11/><F43/><W4/><G117/><T103/><D129/><U44/><E44/><V28/><F39/><W97/><G97/><T85/><D85/><U89/><E119/><V104/><F71/><W30/><G4/><T118/><D118/><U19/><E66/><V100/><F70/><W33/><G33/><T77/><D77/><U1/><E68/><V25/><F57/><W134/><G134/><T40/><D40/><U69/><E69/><V123/><F123/><W73/><G73/><T67/><D67/><U53/><E76/><V83/><F75/><W135/><G135/><T24/><D7/><U37/><E84/><V121/><F121/><W120/><G120/><T46/><D46/><U128/><E37/><V102/><F83/><W82/><G82/><T101/><D101/><U74/><E74/><V91/><F81/><W36/><G36/><T90/><D103/><U109/><E128/><V12/><REACH who="2" step="1"/><F91/><REACH who="2" ten="339,240,201,210" step="2"/><W94/><G94/><T59/><D59/><U49/><E92/><V127/><F127/><W32/><G32/><T88/><D90/><U95/><E89/><V42/><F42/><W58/><G58/><T10/><D55/><U79/><E53/><V27/><F27/><W108/><G108/><RYUUKYOKU ba="0,1" sc="339,10,240,-30,201,10,210,10" hai0="6,10,13,17,24,52,54,88,93,98" hai2="11,12,22,25,28,56,61,65,100,102,104,105,106" hai3="8,14,18,29,30,112,114" /><INIT seed="3,1,1,3,5,54" ten="349,210,211,220" oya="3" hai0="112,103,45,0,42,23,120,85,135,43,107,6,34" hai1="1,87,79,3,47,114,56,77,29,22,130,28,109" hai2="30,25,78,134,51,98,108,90,71,69,111,49,4" hai3="121,38,58,95,65,118,86,91,84,19,129,13,14"/><W97/><G118/><T8/><D120/><U9/><E114/><V26/><F78/><W100/><G121/><T50/><D34/><U39/><E109/><N who="2" m="42059" /><F4/><W104/><G129/><T74/><D74/><U83/><E130/><V48/><F30/><W119/><G119/><T75/><D75/><U10/><E79/><V36/><F36/><W37/><G86/><T110/><D110/><U89/><E77/><V60/><F60/><W125/><G125/><T122/><D85/><U126/><E126/><V73/><F73/><W12/><REACH who="3" step="1"/><G19/><REACH who="3" ten="349,210,211,210" step="2"/><T76/><D122/><U93/><E87/><V101/><F134/><W35/><G35/><T15/><D112/><U88/><E29/><V18/><F18/><W24/><G24/><N who="2" m="9321" /><F90/><W80/><G80/><T131/><D135/><U133/><E83/><V92/><AGARI ba="1,2" hai="48,49,51,69,71,92,98,101" m="9321,42059" machi="92" ten="40,1500,0" yaku="14,1" doraHai="54" who="2" fromWho="2" sc="349,-5,210,-5,211,38,210,-8" /><INIT seed="4,0,0,4,3,103" ten="344,205,249,202" oya="0" hai0="110,99,79,92,48,45,15,119,28,71,65,98,114" hai1="25,22,10,13,51,37,42,8,63,24,93,3,132" hai2="128,129,78,68,43,41,75,19,40,120,36,121,108" hai3="1,72,123,11,52,66,6,90,70,109,112,67,30"/><T57/><D119/><U23/><E37/><V55/><F78/><W115/><G109/><T134/><D114/><U26/><E132/><V81/><F81/><W33/><G72/><T95/><D134/><U62/><E3/><V4/><F4/><W85/><G123/><N who="2" m="47177" /><F19/><W16/><G70/><T2/><D71/><U88/><E51/><V21/><F21/><N who="1" m="7689" /><E42/><V54/><F75/><W82/><G16/><T100/><D2/><U86/><E8/><V126/><F68/><W7/><G7/><AGARI ba="0,0" hai="7,10,13,24,25,26,62,63,86,88,93" m="7689" machi="7" ten="30,2000,0" yaku="8,1,54,1" doraHai="103" who="1" fromWho="3" sc="344,0,205,20,249,0,202,-20" /><INIT seed="5,0,0,4,1,13" ten="344,225,249,182" oya="1" hai0="31,55,71,65,41,128,87,69,129,20,32,115,66" hai1="79,45,37,19,112,58,49,2,114,28,74,109,61" hai2="104,86,105,47,99,51,10,132,119,52,118,33,76" hai3="5,130,34,72,91,67,42,106,21,26,7,123,124"/><U93/><E2/><V127/><F33/><W39/><G123/><T18/><D115/><N who="1" m="44075" /><E37/><V22/><F127/><W36/><G124/><T3/><D3/><U95/><E28/><V54/><F132/><W4/><G34/><T92/><D41/><N who="1" m="24751" /><E109/><V6/><F54/><W122/><G122/><T97/><D87/><U1/><E1/><V43/><F22/><W102/><G72/><T0/><D55/><N who="1" m="34015" /><E19/><V68/><F68/><N who="0" m="26186" /><D31/><U90/><E90/><V29/><F29/><W96/><G91/><N who="0" m="55455" /><D0/><U15/><E15/><V100/><F105/><W85/><G39/><T50/><D50/><U116/><E116/><V103/><F103/><W64/><G85/><T75/><D75/><U83/><AGARI ba="0,0" hai="74,79,83,93,95" m="34015,24751,44075" machi="83" ten="30,1500,0" yaku="15,1" doraHai="13" who="1" fromWho="1" sc="344,-5,225,15,249,-5,182,-5" /><INIT seed="5,1,0,2,3,36" ten="339,240,244,177" oya="1" hai0="100,74,51,0,83,6,37,64,22,17,58,80,50" hai1="32,103,5,99,76,120,59,77,3,42,98,63,68" hai2="11,66,56,9,96,10,53,65,21,125,18,2,27" hai3="122,14,7,116,114,20,35,90,84,127,75,44,89"/><U4/><E120/><V118/><F125/><W111/><G35/><T26/><D37/><U69/><E32/><V8/><F118/><W70/><G70/><T107/><D107/><U46/><E68/><V133/><F133/><W105/><G105/><T132/><D74/><U52/><E69/><V25/><N who="2" m="2048" /><DORA hai="16" /><V60/><F2/><W49/><G7/><N who="1" m="2634" /><E3/><V102/><REACH who="2" step="1"/><F27/><REACH who="2" ten="339,240,234,177" step="2"/><W85/><G127/><T39/><D6/><U95/><E99/><V97/><F97/><W135/><G135/><T67/><D0/><U117/><E117/><V54/><F54/><W131/><G116/><T24/><D132/><U129/><E129/><V43/><F43/><W123/><G131/><T88/><D26/><U30/><E30/><V38/><F38/><W121/><G122/><T33/><D24/><U61/><E61/><V119/><F119/><W31/><G121/><T72/><D39/><U79/><E79/><V106/><AGARI ba="1,1" hai="18,21,25,53,56,60,65,66,96,102,106" m="2048" machi="106" ten="40,8000,1" yaku="1,1,0,1,52,1,53,2" doraHai="36,16" doraHaiUra="92,48" who="2" fromWho="2" sc="339,-21,240,-41,234,93,177,-21" /><INIT seed="6,0,0,1,5,71" ten="318,199,327,156" oya="2" hai0="111,18,68,0,63,106,3,7,97,118,29,95,94" hai1="35,120,80,25,75,8,57,77,16,22,39,32,131" hai2="50,37,61,107,82,43,17,13,109,124,125,58,93" hai3="100,30,54,103,51,47,55,91,102,84,112,38,33"/><V1/><F1/><W45/><G112/><T36/><D111/><U67/><E131/><V88/><F107/><W6/><G6/><T105/><D95/><U81/><E120/><V122/><F122/><W10/><G10/><T76/><D76/><U41/><E81/><V48/><F109/><W115/><G115/><T66/><D36/><U44/><REACH who="1" step="1"/><E8/><REACH who="1" ten="318,189,327,156" step="2"/><V9/><F82/><W69/><G69/><T65/><D68/><U85/><E85/><V134/><F125/><W123/><G123/><T26/><D0/><U52/><E52/><V46/><F124/><W59/><G55/><T56/><D3/><U4/><E4/><V40/><F134/><W20/><G33/><T108/><D7/><U23/><E23/><V5/><F5/><W117/><G117/><T24/><D118/><U27/><E27/><V78/><F43/><W90/><G84/><T79/><D26/><U42/><E42/><V28/><F28/><W15/><G30/><T133/><D29/><U96/><E96/><V21/><F9/><W12/><G38/><T60/><D133/><U104/><E104/><V130/><F130/><W127/><G127/><T114/><D114/><U98/><BYE who="0" /><E98/><UN n0="%E8%99%B9%E8%89%B2%E3%82%B8%E3%83%A7%E3%83%BC%E3%82%AB%E3%83%BC" /><V113/><F113/><W86/><G86/><T116/><D108/><U49/><E49/><V73/><F50/><W135/><G135/><T53/><D116/><U72/><E72/><V64/><F37/><W129/><G129/><T121/><D121/><U119/><E119/><V74/><F78/><W70/><G70/><T126/><D79/><U11/><E11/><V31/><F31/><W128/><G128/><RYUUKYOKU ba="0,1" sc="318,-15,189,15,327,15,156,-15" hai1="16,22,25,32,35,39,41,44,57,67,75,77,80" hai2="13,17,21,40,46,48,58,61,64,73,74,88,93" /><INIT seed="6,1,1,2,2,120" ten="303,204,342,141" oya="2" hai0="132,65,102,106,114,30,93,3,75,95,121,81,89" hai1="118,53,124,104,101,33,82,37,83,105,108,76,45" hai2="26,43,13,29,71,17,88,126,130,61,70,52,68" hai3="87,31,39,21,5,1,28,129,134,117,10,85,113"/><V44/><F126/><W107/><G117/><T38/><D38/><U86/><E118/><V100/><F100/><W62/><G107/><T57/><D3/><U123/><E33/><V99/><F130/><W47/><G129/><T79/><D121/><U119/><E119/><V74/><F74/><W2/><G2/><T11/><D11/><U15/><E123/><V59/><F99/><W135/><G62/><T54/><D132/><N who="3" m="50729" /><G113/><T77/><D77/><U18/><E124/><V32/><F88/><W112/><G112/><T133/><D133/><U24/><E24/><V103/><F103/><W48/><G39/><T128/><D30/><N who="3" m="11305" /><G21/><T19/><D128/><U51/><E37/><V49/><REACH who="2" step="1"/><F71/><REACH who="2" ten="303,204,332,141" step="2"/><W66/><G66/><T22/><D65/><U92/><E101/><V84/><F84/><W72/><G72/><T46/><D114/><U122/><E86/><V109/><F109/><W20/><G20/><AGARI ba="1,2" hai="13,17,20,26,29,32,43,44,49,52,59,61,68,70" machi="20" ten="30,5800,0" yaku="1,1,7,1,54,1,53,0" doraHai="120" doraHaiUra="7" who="2" fromWho="3" sc="303,0,204,0,332,81,141,-61" /><INIT seed="6,2,0,1,3,98" ten="303,204,413,80" oya="2" hai0="122,45,38,49,111,115,2,129,113,19,40,76,21" hai1="102,28,27,57,6,127,118,114,52,18,80,46,3" hai2="131,64,12,9,36,69,90,7,107,94,31,14,5" hai3="84,87,24,30,71,83,88,81,34,85,72,50,16"/><V125/><F107/><W123/><G123/><T132/><D122/><U100/><E118/><V20/><F36/><W11/><G71/><T96/><D111/><U93/><E114/><N who="0" m="43529" /><D2/><U73/><E127/><V86/><F131/><W78/><REACH who="3" step="1"/><G50/><REACH who="3" ten="303,204,413,70" step="2"/><T44/><D49/><U67/><E3/><V17/><F69/><W65/><G65/><T121/><D121/><U112/><E112/><V126/><F64/><W77/><G77/><T56/><D76/><U62/><E67/><V22/><F126/><W33/><G33/><T97/><D38/><U106/><E62/><V68/><F68/><W26/><G26/><T124/><D124/><U119/><E27/><N who="2" m="16871" /><F125/><W101/><G101/><T63/><D63/><U116/><E100/><V95/><F95/><W82/><G82/><T110/><D129/><U135/><E102/><V60/><F60/><W10/><G10/><T120/><D120/><U66/><E80/><V0/><F9/><W55/><G55/><T32/><D32/><U134/><E52/><V117/><F94/><W54/><G54/><T35/><D35/><U105/><E93/><V39/><F39/><W25/><G25/><T43/><D43/><U91/><E66/><V103/><F103/><W8/><G8/><T133/><D40/><U37/><E37/><V59/><F90/><W58/><G58/><T130/><D56/><U51/><E57/><V104/><F59/><W128/><G128/><T99/><D130/><U74/><E91/><V75/><F117/><W61/><G61/><T70/><D70/><U108/><E119/><V1/><F104/><W79/><G79/><RYUUKYOKU ba="2,1" sc="303,-10,204,-10,413,-10,70,30" hai3="11,16,24,30,34,72,78,81,83,84,85,87,88" /><INIT seed="7,3,1,3,4,81" ten="293,194,403,100" oya="3" hai0="102,130,44,120,37,116,50,115,113,11,54,65,123" hai1="68,114,87,62,100,66,84,28,15,111,64,36,69" hai2="17,79,94,31,78,72,108,80,112,58,85,122,63" hai3="9,110,33,26,39,82,73,48,124,117,47,57,127"/><W103/><G117/><T30/><D30/><U121/><E121/><V22/><F108/><W2/><G110/><T27/><D27/><U19/><E111/><V92/><F122/><W75/><G103/><T107/><D11/><U42/><E114/><N who="0" m="43529" /><D102/><U86/><E28/><V25/><F72/><W45/><G57/><T35/><D35/><U60/><E100/><V71/><F71/><W29/><G47/><T0/><D0/><U52/><E52/><N who="2" m="34247" /><F112/><W40/><G48/><T23/><D23/><U76/><E76/><N who="2" m="29227" /><F31/><W133/><G133/><T91/><D91/><AGARI ba="3,1" hai="17,22,25,80,85,91,92,94" m="29227,34247" machi="91" ten="30,3900,0" yaku="8,1,52,1,54,1" doraHai="81" who="2" fromWho="0" sc="293,-48,194,0,403,58,100,0" owari="245,4.5,194,-20.6,461,56.1,100,-40.0" /></mjloggm>