<mjloggm ver="2.3"><GO type="169" lobby="0"/><UN n0="%E3%82%A4%E3%82%AB%E3%81%AB%E3%82%82%E6%9D%B1%E5%8C%97" n1="%E3%83%88%E3%83%B3%E3%83%8D%E3%83%AB%E5%A4%A9%E5%9B%BD" n2="%E3%80%90%E3%81%95%E3%81%A8%E3%81%BC%E3%83%BC%E3%80%91" n3="%E2%91%A3%E3%82%BB%E3%83%B3%E3%83%81" dan="16,17,16,18" rate="2149.04,2134.49,2102.21,2310.35" sx="M,M,M,M"/><TAIKYOKU oya="0"/><INIT seed="0,0,0,3,1,117" ten="250,250,250,250" oya="0" hai0="55,105,62,1,110,37,78,109,112,42,61,52,121" hai1="14,73,128,101,107,50,104,86,60,63,66,95,35" hai2="49,48,120,64,79,29,89,44,100,3,94,98,2" hai3="135,34,103,56,80,28,27,82,16,19,25,116,0"/><T47/><D1/><U39/><E39/><V72/><F29/><W13/><G116/><T59/><D105/><U85/><E35/><V38/><F38/><W87/><G0/><T12/><D12/><U123/><E73/><V91/><F64/><W20/><G135/><T40/><D78/><U83/><E128/><V26/><F26/><W108/><G108/><N who="0" m="41579" /><D112/><U130/><E130/><V81/><F49/><W134/><G134/><T118/><D118/><U67/><E50/><V7/><F120/><W69/><G69/><T10/><D10/><U75/><E75/><V92/><F100/><W125/><G125/><T46/><D121/><U99/><E123/><V36/><F36/><W90/><G103/><T21/><D21/><U126/><E126/><V111/><F7/><W74/><G56/><N who="0" m="34951" /><D37/><U97/><E14/><V43/><REACH who="2" step="1"/><F111/><REACH who="2" ten="250,250,240,250" step="2"/><W84/><G27/><T70/><D70/><U22/><E101/><V122/><F122/><W119/><G119/><T133/><D133/><U31/><E31/><V114/><F114/><W41/><G28/><T51/><D46/><U102/><E102/><V68/><F68/><W24/><G24/><T129/><D129/><U76/><E107/><V58/><F58/><W11/><G25/><T5/><D5/><U127/><E104/><V53/><F53/><AGARI ba="0,1" hai="40,42,47,51,53,55,59,62" m="34951,41579" machi="53" ten="30,12000,1" yaku="14,1,10,1,34,2,54,1" doraHai="117" who="0" fromWho="2" sc="250,130,250,0,240,-120,250,0" /><INIT seed="0,1,0,4,4,47" ten="380,250,120,250" oya="0" hai0="116,18,91,66,111,5,69,106,133,22,132,23,113" hai1="125,4,134,11,19,75,8,52,76,40,45,126,2" hai2="0,100,56,72,34,42,38,95,67,58,61,13,74" hai3="109,37,25,120,48,30,79,117,1,128,82,127,93"/><T86/><D113/><U46/><E134/><N who="0" m="51817" /><D116/><U118/><E118/><V39/><F0/><W51/><G117/><T43/><D106/><U33/><E33/><V31/><F13/><W77/><G37/><T60/><D111/><U119/><E119/><V94/><F34/><W102/><G1/><T54/><D43/><U53/><E19/><V63/><F31/><W103/><G109/><T14/><D54/><U97/><E97/><V105/><F105/><W71/><G71/><T9/><D5/><U92/><E92/><AGARI ba="1,0" hai="9,14,18,22,23,60,66,69,86,91,92" m="51817" machi="92" ten="30,1500,0" yaku="20,1" doraHai="47" who="0" fromWho="1" sc="380,18,250,-18,120,0,250,0" /><INIT seed="0,2,0,1,0,21" ten="398,232,120,250" oya="0" hai0="86,56,113,1,92,99,111,70,72,46,22,19,52" hai1="81,41,105,42,134,120,37,102,119,89,115,58,127" hai2="63,44,9,90,88,83,62,80,13,118,124,79,7" hai3="0,5,33,2,131,24,26,78,23,77,84,128,106"/><T36/><D113/><U38/><E119/><V34/><F124/><W125/><G106/><T91/><D72/><U15/><E120/><V18/><F118/><W35/><G84/><T48/><D70/><U27/><E127/><V10/><F34/><N who="3" m="12811" /><G125/><T60/><D111/><U135/><E15/><V100/><F100/><W94/><G94/><T95/><D1/><N who="3" m="617" /><G23/><T17/><D36/><U126/><E126/><V122/><F122/><W47/><G47/><T39/><D39/><U123/><E123/><V110/><F110/><W3/><N who="3" m="625" /><W65/><DORA hai="32" /><G65/><N who="0" m="39047" /><D22/><U50/><E105/><V4/><F44/><W74/><G5/><T6/><D6/><U30/><E38/><V57/><F57/><W20/><G20/><T132/><D95/><U14/><E37/><V54/><F79/><N who="3" m="30219" /><G74/><T59/><D86/><U129/><E102/><V97/><F13/><W11/><G11/><T82/><D46/><U116/><E14/><V85/><F85/><W98/><G98/><T68/><D92/><U45/><E45/><V16/><F97/><W114/><G114/><T53/><D99/><U76/><E76/><V43/><REACH who="2" step="1"/><F54/><REACH who="2" ten="398,232,110,250" step="2"/><W75/><G75/><T133/><D52/><U103/><E103/><V49/><F49/><W73/><G73/><T31/><D53/><U64/><E50/><V67/><F67/><W69/><G69/><T71/><D68/><U66/><E66/><V112/><F112/><W93/><G93/><T61/><D71/><U87/><E64/><V55/><F55/><W121/><G121/><T12/><D48/><U28/><E115/><V108/><F108/><RYUUKYOKU ba="2,1" sc="398,-15,232,-15,110,15,250,15" hai2="4,7,9,10,16,18,43,62,63,80,83,88,90" hai3="24,26,128,131" /><INIT seed="1,3,1,1,0,78" ten="383,217,125,265" oya="1" hai0="7,31,21,100,112,91,98,55,47,95,118,14,66" hai1="4,89,71,53,83,132,25,77,80,75,28,121,38" hai2="36,9,113,19,97,60,62,127,6,104,93,109,29" hai3="33,86,44,0,124,3,68,116,39,50,40,23,107"/><U43/><E121/><V15/><F36/><W84/><G33/><T122/><D112/><U133/><E71/><V130/><F113/><W81/><G107/><T119/><D122/><U58/><E4/><V76/><F109/><W96/><G68/><T120/><D120/><U48/><E38/><V73/><F127/><W52/><G124/><T56/><D66/><U72/><E43/><V32/><F130/><W82/><G96/><T94/><D47/><U12/><E12/><V101/><F29/><W37/><G116/><T63/><D31/><U26/><E26/><V108/><F32/><W24/><G39/><T5/><D5/><U59/><E59/><V65/><F108/><W88/><G40/><T125/><D125/><U128/><E128/><V67/><F104/><W114/><G37/><T49/><D63/><U51/><E51/><V64/><REACH who="2" step="1"/><F6/><REACH who="2" ten="383,217,115,265" step="2"/><W74/><G114/><T35/><D35/><U131/><E131/><V18/><F18/><W123/><G123/><T90/><D7/><U69/><E69/><V117/><F117/><W87/><G74/><T1/><D119/><U57/><E75/><V99/><F99/><W115/><G115/><T106/><D106/><U30/><E30/><V10/><F10/><W45/><G87/><T13/><D98/><U61/><E28/><V102/><F102/><W134/><G84/><T41/><D100/><U85/><REACH who="1" step="1"/><E25/><REACH who="1" ten="383,207,115,265" step="2"/><V70/><F70/><W20/><G24/><T34/><D118/><U11/><E11/><V79/><F79/><W103/><G20/><T126/><D21/><U42/><E42/><V92/><F92/><RYUUKYOKU ba="3,3" sc="383,-15,207,15,115,15,265,-15" hai1="48,53,57,58,61,72,77,80,83,85,89,132,133" hai2="9,15,19,60,62,64,65,67,73,76,93,97,101" /><INIT seed="1,4,3,3,3,81" ten="368,222,130,250" oya="1" hai0="75,51,70,127,22,66,14,105,58,65,124,29,41" hai1="69,56,67,46,40,92,135,9,128,106,86,33,1" hai2="25,104,89,120,5,45,55,91,20,62,19,23,111" hai3="78,30,80,132,116,117,43,82,93,125,53,88,122"/><U95/><E106/><V32/><F120/><W68/><G68/><T59/><D75/><U35/><E69/><V38/><F32/><W21/><G122/><T114/><D114/><U83/><E128/><V123/><F123/><W101/><G43/><T49/><D105/><U109/><E135/><V31/><F104/><W37/><G37/><T13/><D70/><U129/><E129/><V133/><F133/><W87/><G132/><T4/><D22/><U18/><E109/><V126/><F111/><W121/><G121/><T50/><D29/><U107/><E107/><V130/><F130/><W3/><G3/><T48/><D48/><U27/><E67/><N who="0" m="25609" /><D41/><U119/><E56/><N who="0" m="21545" /><D4/><U71/><E119/><N who="3" m="45642" /><G125/><AGARI ba="4,3" hai="13,14,49,50,51,124,125,127" m="21545,25609" machi="125" ten="40,5200,0" yaku="28,2,18,1" doraHai="81" who="0" fromWho="3" sc="368,94,222,0,130,0,250,-64" /><INIT seed="2,0,0,5,0,13" ten="462,222,130,186" oya="2" hai0="14,6,128,135,119,79,80,25,50,125,71,117,92" hai1="90,4,72,121,35,88,33,51,40,31,60,95,58" hai2="91,45,17,82,8,61,116,126,114,3,41,20,108" hai3="110,69,130,87,56,57,115,42,47,78,101,59,9"/><V55/><F114/><W74/><G74/><T49/><D71/><U1/><E72/><V22/><F116/><N who="0" m="44618" /><D128/><U120/><E1/><V75/><F126/><W24/><G69/><T23/><D125/><U7/><E40/><V5/><F108/><W65/><G101/><T64/><D135/><U127/><E51/><V28/><F28/><W43/><G43/><T86/><D64/><U27/><E33/><V102/><F102/><W132/><G130/><T32/><D32/><U123/><E127/><V38/><F91/><W93/><G132/><T118/><D92/><U29/><E29/><V133/><F133/><W53/><G65/><T122/><D122/><U73/><E73/><V66/><F55/><W111/><G9/><N who="0" m="4407" /><D118/><U0/><E0/><V21/><F61/><W103/><G115/><T81/><D80/><U96/><REACH who="1" step="1"/><E90/><REACH who="1" ten="462,212,130,186" step="2"/><V34/><F34/><W77/><G111/><T26/><D26/><U107/><E107/><V94/><F66/><AGARI ba="0,1" hai="4,7,27,31,35,58,60,66,88,95,96,120,121,123" machi="66" ten="40,8000,1" yaku="1,1,13,1,54,1,53,2" doraHai="13" doraHaiUra="2" who="1" fromWho="2" sc="462,0,212,90,130,-80,186,0" /><INIT seed="3,0,0,3,1,18" ten="462,302,50,186" oya="3" hai0="65,26,73,82,4,76,126,59,37,122,106,91,54" hai1="43,102,98,85,92,48,8,42,95,28,52,123,7" hai2="39,63,103,70,105,119,133,99,77,17,111,88,27" hai3="20,115,100,36,5,74,109,55,87,22,2,80,110"/><W104/><G115/><T89/><D122/><U72/><E72/><V6/><F119/><W112/><G112/><T120/><D120/><U67/><E123/><V125/><F39/><W83/><G36/><T29/><D106/><U51/><E67/><V118/><F118/><W75/><G55/><T113/><D113/><U47/><E28/><V84/><F111/><N who="3" m="42507" /><G2/><T12/><D65/><U79/><E51/><V117/><F117/><W90/><G5/><T129/><D126/><U128/><E128/><V64/><F125/><W114/><G114/><T69/><D69/><U13/><REACH who="1" step="1"/><E95/><REACH who="1" ten="462,292,50,186" step="2"/><V3/><F133/><W53/><G53/><T24/><D129/><U81/><AGARI ba="0,1" hai="7,8,13,42,43,47,48,52,79,81,85,92,98,102" machi="81" ten="30,8000,1" yaku="1,1,2,1,0,1,8,1,54,1,53,0" doraHai="18" doraHaiUra="71" who="1" fromWho="1" sc="462,-20,292,90,50,-20,186,-40" /><INIT seed="4,0,0,0,1,48" ten="442,382,30,146" oya="0" hai0="7,47,19,34,126,2,13,112,123,88,103,110,3" hai1="124,93,86,52,57,94,113,74,120,128,15,119,71" hai2="130,35,22,55,72,106,121,58,44,39,116,84,89" hai3="31,73,109,91,131,133,80,32,51,12,81,14,25"/><T5/><D123/><U82/><E120/><V0/><F121/><W9/><G109/><T61/><D34/><U115/><E119/><V134/><F35/><W23/><G131/><T26/><D103/><U105/><E105/><V30/><F72/><W45/><G133/><T24/><D61/><U60/><E128/><V127/><F130/><W100/><G100/><T6/><D47/><U77/><E124/><V42/><F106/><W114/><G114/><N who="1" m="43530" /><E74/><V132/><F0/><N who="0" m="42" /><D88/><U40/><E40/><V117/><F127/><W27/><G73/><T118/><D112/><U50/><E15/><V64/><F64/><AGARI ba="0,0" hai="50,52,57,60,64,71,77,82,86,93,94" m="43530" machi="64" ten="30,7700,0" yaku="15,1,11,1,52,1,54,1" doraHai="48" who="1" fromWho="2" sc="442,0,382,77,30,-77,146,0" owari="442,24.2,459,55.9,-47,-54.7,146,-25.4" /></mjloggm>