<mjloggm ver="2.3"><GO type="169" lobby="0"/><UN n0="%41%6C%6C%2D%4C%75%63%6B" n1="%E3%83%84%E3%83%B3%E2%98%86%E3%83%89%E3%83%A9%E3%82%AD%E3%83%BC" n2="%E3%83%AA%E3%83%84%E3%83%9F%E3%82%B5%E3%83%B3" n3="%E7%8F%BE%E5%A0%B4%E3%81%AD%E3%81%93" dan="16,16,18,16" rate="2131.46,2098.13,2224.99,2081.73" sx="M,M,M,M"/><TAIKYOKU oya="0"/><INIT seed="0,0,0,3,0,77" ten="250,250,250,250" oya="0" hai0="65,62,23,8,133,95,34,117,68,54,5,130,4" hai1="100,1,31,63,115,105,24,91,50,45,129,101,127" hai2="19,92,106,131,78,59,80,37,75,7,49,15,98" hai3="17,40,86,83,20,38,3,52,125,118,36,13,47"/><T89/><D117/><U103/><E1/><V93/><F37/><W58/><G125/><T12/><D34/><U108/><E127/><V70/><F70/><W96/><G118/><T119/><D130/><U22/><E129/><V26/><F131/><W71/><G71/><T0/><D133/><U51/><E115/><V46/><F7/><W10/><G96/><T74/><D74/><U69/><E108/><V56/><F26/><W97/><G97/><T64/><D119/><U48/><E105/><V81/><F93/><W112/><G38/><T123/><D123/><U42/><E69/><V99/><F99/><W53/><G112/><T87/><D65/><U67/><E91/><V116/><F80/><W121/><G121/><T18/><D4/><U114/><E114/><V6/><F6/><W122/><G122/><T66/><D66/><U72/><E72/><V124/><F106/><W88/><G3/><T61/><D61/><U79/><E79/><V32/><F32/><W55/><REACH who="3" step="1"/><G10/><REACH who="3" ten="250,250,250,240" step="2"/><T43/><REACH who="0" step="1"/><D54/><REACH who="0" ten="240,250,250,240" step="2"/><U21/><E67/><V57/><F116/><W60/><AGARI ba="0,2" hai="13,17,20,36,40,47,52,53,55,58,60,83,86,88" machi="60" ten="20,12000,2" yaku="1,1,2,1,0,1,7,1,52,1,54,2,53,0" doraHai="77" doraHaiUra="126" who="3" fromWho="3" sc="240,-60,250,-30,250,-30,240,140" /><INIT seed="1,0,0,5,4,92" ten="180,220,220,380" oya="1" hai0="120,4,24,105,11,94,7,98,85,102,125,30,90" hai1="82,86,43,107,122,44,47,35,113,42,18,88,45" hai2="14,20,27,73,37,76,112,66,71,134,111,51,38" hai3="56,130,12,0,127,77,117,114,100,68,110,119,74"/><U16/><E122/><V59/><F111/><W132/><RYUUKYOKU type="yao9" ba="0,0" sc="180,0,220,0,220,0,380,0" hai3="0,12,56,68,74,77,100,110,114,117,119,127,130,132" /><INIT seed="1,1,0,1,3,18" ten="180,220,220,380" oya="1" hai0="101,77,74,88,112,17,87,134,48,40,121,63,45" hai1="6,9,131,122,19,20,118,27,92,37,50,67,135" hai2="68,5,31,78,16,75,97,115,29,109,116,117,54" hai3="73,125,89,100,35,8,23,71,62,129,124,65,60"/><U42/><E37/><V103/><F68/><W1/><G35/><T33/><D112/><U15/><E122/><V99/><F5/><W96/><G129/><T12/><D134/><U84/><E135/><V46/><F109/><W91/><G73/><T13/><D33/><U44/><E131/><V66/><F66/><W47/><G62/><T52/><D101/><U95/><E118/><V106/><F115/><W120/><G120/><T53/><D121/><U80/><E67/><V43/><F54/><W93/><G47/><T21/><D74/><U132/><E132/><V26/><F99/><W61/><G61/><T7/><D77/><AGARI ba="1,0" hai="6,9,15,19,20,27,42,44,50,77,80,84,92,95" machi="77" ten="30,12000,1" yaku="7,1,25,2,8,1,52,1" doraHai="18" who="1" fromWho="0" sc="180,-123,220,123,220,0,380,0" /><INIT seed="1,2,0,0,2,45" ten="57,343,220,380" oya="1" hai0="128,94,1,97,74,111,118,51,103,66,68,67,88" hai1="69,106,49,47,132,76,80,72,16,93,64,56,130" hai2="115,107,34,75,19,62,99,10,58,126,23,85,30" hai3="105,127,57,121,90,20,43,8,122,53,71,13,110"/><U73/><E106/><V59/><F75/><W116/><G110/><T98/><D1/><U109/><E69/><V27/><F126/><W100/><G71/><T22/><D111/><U40/><E132/><V36/><F36/><W55/><G43/><T52/><D128/><U120/><E120/><V119/><F119/><W25/><G127/><T0/><D0/><U21/><E109/><V41/><F41/><W17/><G116/><T89/><D74/><U104/><E104/><V24/><F115/><W92/><G100/><T125/><D68/><U86/><E130/><V117/><F99/><W114/><G55/><T131/><D131/><U82/><E93/><V9/><F107/><W11/><G11/><T46/><D125/><U129/><E129/><V60/><F85/><W54/><G54/><T70/><D70/><U113/><E113/><V5/><F5/><W48/><G105/><T96/><D118/><U83/><E72/><V3/><F3/><W133/><G133/><T2/><D2/><U79/><E73/><V102/><F102/><W6/><REACH who="3" step="1"/><G114/><REACH who="3" ten="57,343,220,370" step="2"/><T124/><D124/><U87/><E80/><V134/><F117/><W84/><AGARI ba="2,1" hai="6,8,13,17,20,25,48,53,57,84,90,92,121,122" machi="84" ten="20,8000,1" yaku="1,1,2,1,0,1,7,1,52,1,53,0" doraHai="45" doraHaiUra="26" who="3" fromWho="3" sc="57,-22,343,-42,220,-22,370,96" /><INIT seed="2,0,0,0,3,16" ten="35,301,198,466" oya="2" hai0="130,6,63,95,83,121,51,30,23,19,7,80,28" hai1="10,132,82,93,92,135,126,74,69,12,5,17,2" hai2="27,49,41,72,108,66,11,3,45,40,106,68,1" hai3="54,124,120,87,118,15,50,46,94,98,88,134,102"/><V128/><F106/><W67/><G118/><T33/><D130/><U84/><E69/><V34/><F72/><W119/><G119/><T55/><D121/><U101/><E74/><V64/><F128/><W113/><G134/><T127/><D127/><U36/><E36/><V35/><F108/><W14/><G124/><T65/><D33/><U131/><E126/><V26/><F11/><W62/><G120/><T123/><D123/><U76/><E131/><V73/><F73/><W21/><G21/><T99/><D30/><U8/><REACH who="1" step="1"/><E101/><REACH who="1" ten="35,291,198,466" step="2"/><V38/><F68/><W29/><G113/><T13/><D28/><U18/><E18/><V97/><F38/><W4/><G29/><T90/><D6/><U47/><E47/><V77/><F45/><W48/><G4/><T110/><D7/><U9/><E9/><V44/><F44/><W114/><G114/><T85/><D110/><U96/><E96/><V79/><F97/><W20/><G102/><T86/><D99/><U116/><E116/><V107/><F107/><W71/><G98/><T103/><D103/><U58/><E58/><V43/><F41/><W22/><G71/><T112/><D112/><U32/><E32/><V109/><F109/><W37/><G37/><T53/><D85/><U122/><E122/><V25/><F43/><W81/><G87/><T111/><D111/><U104/><E104/><V24/><F40/><W100/><G100/><T42/><D42/><U57/><E57/><V78/><F35/><W105/><G46/><N who="0" m="27895" /><D65/><U133/><AGARI ba="0,1" hai="2,5,8,10,12,17,76,82,84,92,93,132,133,135" machi="133" ten="30,4000,0" yaku="1,1,0,1,20,1,53,0" doraHai="16" doraHaiUra="125" who="1" fromWho="1" sc="35,-10,291,50,198,-20,466,-10" /><INIT seed="3,0,0,1,2,53" ten="25,341,178,456" oya="3" hai0="56,72,70,120,71,94,127,38,121,34,90,9,2" hai1="114,111,10,83,33,99,50,6,128,132,51,17,113" hai2="66,58,60,101,123,98,29,112,23,11,102,104,86" hai3="49,77,59,131,88,64,48,109,31,76,61,89,36"/><W42/><G131/><T124/><D34/><U22/><E111/><V105/><F112/><W73/><G109/><T96/><D72/><U91/><E128/><V40/><F123/><W32/><G36/><T87/><D38/><U110/><E110/><V43/><F86/><W45/><G49/><T25/><D25/><U122/><E122/><V107/><F11/><W85/><G73/><T57/><D120/><U63/><E33/><V0/><F0/><W75/><G75/><T44/><D44/><U1/><E132/><V39/><F39/><W52/><G64/><T84/><D121/><U81/><E81/><V82/><F82/><W7/><G7/><N who="0" m="1271" /><D84/><U130/><E130/><V35/><F35/><W79/><REACH who="3" step="1"/><G85/><REACH who="3" ten="25,341,178,446" step="2"/><T135/><D87/><U95/><E114/><V92/><F66/><W69/><G69/><N who="0" m="26123" /><D135/><U26/><E113/><V46/><F40/><W129/><G129/><T37/><D37/><U103/><E63/><V16/><F60/><W28/><G28/><T62/><D62/><U30/><E30/><V97/><F29/><W108/><G108/><T93/><D93/><U100/><E83/><V65/><F92/><W133/><G133/><T18/><D18/><U27/><E51/><V3/><F65/><W15/><G15/><T4/><D4/><U24/><E50/><N who="2" m="26975" /><F107/><W19/><G19/><T20/><D20/><U118/><E27/><AGARI ba="0,1" hai="27,31,32,42,45,48,52,59,61,76,77,79,88,89" machi="27" ten="40,12000,1" yaku="1,1,52,1,54,2,53,0" doraHai="53" doraHaiUra="12" who="3" fromWho="1" sc="25,0,341,-120,178,0,446,130" /><INIT seed="3,1,0,4,4,41" ten="25,221,178,576" oya="3" hai0="131,92,133,70,135,94,134,129,87,99,119,11,50" hai1="116,103,55,24,25,26,15,97,96,22,39,68,42" hai2="52,61,112,7,33,111,84,63,23,85,88,21,95" hai3="126,75,44,0,115,54,107,74,19,80,17,3,78"/><W127/><G107/><T90/><D70/><U72/><E72/><V10/><F112/><W14/><G75/><T108/><D11/><U123/><E123/><V114/><F114/><W128/><G115/><T100/><D50/><U28/><E68/><V32/><F111/><W105/><G105/><T106/><D108/><U60/><E39/><V65/><F33/><W37/><G19/><T51/><D51/><U122/><E42/><V5/><F32/><W67/><G67/><T73/><D119/><U36/><E36/><V101/><F101/><W40/><G54/><T12/><D12/><U2/><E2/><V59/><F85/><W125/><REACH who="3" step="1"/><G128/><REACH who="3" ten="25,221,178,566" step="2"/><N who="0" m="49227" /><D73/><U13/><E116/><V93/><F5/><W16/><G16/><T110/><D110/><U4/><E122/><V46/><F7/><W38/><G38/><T77/><D77/><U98/><E103/><V86/><F65/><W8/><AGARI ba="1,1" hai="0,3,8,14,17,37,40,44,74,78,80,125,126,127" machi="8" ten="30,18000,2" yaku="1,1,0,1,18,1,52,1,53,2" doraHai="41" doraHaiUra="35" who="3" fromWho="3" sc="25,-61,221,-61,178,-61,566,193" owari="-36,-53.6,160,-4.0,117,-28.3,759,85.9" /></mjloggm>