<mjloggm ver="2.3"><GO type="169" lobby="0"/><UN n0="%6D%65%6C%65%78" n1="%70%6F%72%66%65%76%72%65" n2="%72%61%79%2A%6B%77%6B%6D" n3="%E3%82%A2%E3%83%A9%E3%82%B5%E3%83%BC%E3%81%A0%E3%82%88%21%21" dan="16,16,16,18" rate="2105.23,2137.62,2087.65,2236.68" sx="M,M,F,F"/><TAIKYOKU oya="0"/><INIT seed="0,0,0,0,1,74" ten="250,250,250,250" oya="0" hai0="15,31,95,43,86,135,119,53,117,75,41,68,36" hai1="24,91,131,92,130,103,102,28,129,50,7,83,60" hai2="54,121,57,111,76,6,101,21,107,127,0,2,46" hai3="56,38,109,29,113,49,96,51,114,30,35,58,116"/><T132/><D75/><U106/><E7/><V23/><F121/><W40/><G109/><T88/><D68/><U120/><E120/><V45/><F111/><W94/><G116/><T73/><D73/><U42/><E106/><V27/><F127/><W104/><G104/><T70/><D70/><U124/><E124/><V62/><F23/><W17/><G38/><T84/><D31/><U19/><E19/><V126/><F126/><W3/><G3/><T10/><D53/><U32/><E83/><V9/><F0/><W108/><G108/><T78/><D36/><U25/><E24/><V47/><F101/><W37/><G37/><T93/><D117/><U100/><E60/><V4/><F4/><W105/><G105/><T65/><D65/><U85/><REACH who="1" step="1"/><E100/><REACH who="1" ten="250,240,250,250" step="2"/><V112/><F107/><W71/><G17/><T66/><D119/><U44/><AGARI ba="0,1" hai="25,28,32,42,44,50,85,91,92,102,103,129,130,131" machi="44" ten="40,8000,1" yaku="1,1,2,1,0,1,19,1,53,0" doraHai="74" doraHaiUra="63" who="1" fromWho="1" sc="250,-40,240,90,250,-20,250,-20" /><INIT seed="1,0,0,5,1,70" ten="210,330,230,230" oya="1" hai0="67,28,88,50,62,131,89,81,3,58,35,119,93" hai1="124,135,49,47,21,66,86,44,65,78,25,72,43" hai2="22,26,96,64,90,33,60,104,128,46,1,37,48" hai3="41,126,63,2,111,10,106,76,17,115,94,15,51"/><U118/><E118/><V42/><F1/><W5/><G111/><T80/><D131/><U105/><E124/><V74/><F74/><W52/><G115/><T39/><D119/><U59/><E135/><V54/><F128/><W12/><G106/><T114/><D3/><U75/><E105/><V101/><F33/><W18/><G126/><T87/><D114/><U53/><E47/><V73/><F73/><W19/><G76/><T84/><D39/><U82/><E75/><V92/><F64/><W16/><G63/><T98/><D50/><U27/><E72/><V100/><F60/><W112/><G112/><T68/><D68/><U99/><E99/><V95/><F95/><W69/><G69/><T113/><D113/><U107/><E107/><V36/><F42/><W108/><G108/><T24/><REACH who="0" step="1"/><D98/><REACH who="0" ten="200,330,230,230" step="2"/><U97/><E97/><V13/><F104/><W117/><G117/><T125/><D125/><U7/><E7/><V110/><F110/><W57/><G2/><T134/><D134/><U91/><E78/><V31/><REACH who="2" step="1"/><F13/><REACH who="2" ten="200,330,220,230" step="2"/><W8/><G41/><T85/><D85/><U0/><E0/><V6/><F6/><W133/><G133/><T32/><D32/><U55/><E86/><V56/><F56/><W129/><G129/><T30/><D30/><U71/><E59/><V40/><F40/><W29/><G29/><T61/><D61/><U20/><E43/><V109/><F109/><W103/><G5/><T123/><D123/><U45/><E71/><V11/><F11/><W116/><G116/><T122/><D122/><U34/><E34/><V79/><F79/><RYUUKYOKU ba="0,2" sc="200,10,330,-30,220,10,230,10" hai0="24,28,35,58,62,67,80,81,84,87,88,89,93" hai2="22,26,31,36,37,46,48,54,90,92,96,100,101" hai3="8,10,12,15,16,17,18,19,51,52,57,94,103" /><INIT seed="2,1,2,3,0,0" ten="210,300,230,240" oya="2" hai0="27,30,104,25,56,89,84,111,57,71,29,75,51" hai1="121,123,129,68,131,85,46,43,107,17,99,90,22" hai2="31,58,23,12,53,130,132,115,61,2,133,135,120" hai3="50,105,33,45,60,10,49,11,122,113,28,9,103"/><V83/><F115/><W77/><G122/><N who="1" m="46602" /><E68/><V24/><F120/><W127/><G127/><T21/><D71/><U93/><E107/><V15/><F130/><W52/><G77/><T117/><D75/><U16/><E99/><V97/><F2/><W124/><G124/><T14/><D104/><U92/><E93/><V35/><F83/><W19/><G113/><T8/><D117/><U101/><E101/><V79/><F79/><W102/><G60/><T76/><D76/><U4/><E4/><V39/><F39/><W44/><G105/><T82/><D111/><U72/><E72/><V69/><F69/><W91/><G19/><N who="1" m="7242" /><E22/><V112/><F112/><W118/><G118/><T47/><D14/><N who="2" m="5162" /><F97/><W18/><G18/><T126/><D8/><U106/><E106/><V119/><F119/><W5/><G5/><T59/><D126/><U80/><E80/><V1/><F1/><W128/><G91/><T36/><D36/><AGARI ba="1,2" hai="36,43,46,85,90,92,129,131" m="7242,46602" machi="36" ten="30,2000,0" yaku="13,1,54,1" doraHai="0" who="1" fromWho="0" sc="210,-23,300,43,230,0,240,0" /><INIT seed="3,0,0,2,4,17" ten="187,343,230,240" oya="3" hai0="44,20,34,8,26,13,135,88,130,30,93,31,133" hai1="55,11,82,84,102,9,54,78,71,47,122,59,18" hai2="56,61,1,62,73,72,69,41,35,58,0,113,45" hai3="114,70,28,128,95,63,23,81,134,86,2,117,12"/><W105/><G117/><T80/><D130/><U32/><E71/><V39/><F35/><W97/><G105/><T48/><D80/><U60/><E32/><V83/><F113/><W4/><G2/><T64/><D64/><U65/><E122/><V87/><F69/><W57/><G114/><T75/><D75/><U103/><E65/><V112/><F112/><W77/><G70/><T22/><D8/><N who="1" m="3147" /><E18/><V89/><F72/><W106/><G106/><T110/><D110/><U85/><E84/><V66/><REACH who="2" step="1"/><F73/><REACH who="2" ten="187,343,220,240" step="2"/><W79/><G128/><T40/><D34/><U6/><E6/><V52/><AGARI ba="0,1" hai="0,1,39,41,45,52,56,58,61,62,66,83,87,89" machi="52" ten="20,8000,1" yaku="1,1,2,1,0,1,7,1,54,1,53,0" doraHai="17" doraHaiUra="96" who="2" fromWho="2" sc="187,-20,343,-20,220,90,240,-40" /><INIT seed="4,0,0,2,2,62" ten="167,323,310,200" oya="0" hai0="84,55,107,33,114,2,72,37,18,86,106,60,130" hai1="96,98,15,32,118,82,73,9,61,129,67,120,3" hai2="74,92,23,12,1,31,8,105,51,0,16,108,102" hai3="78,112,133,13,49,34,109,81,46,99,110,68,26"/><T4/><D72/><U93/><E120/><V97/><F108/><W29/><G112/><T76/><D37/><U134/><E118/><V7/><F74/><W36/><G133/><T85/><D33/><U30/><E3/><V10/><F31/><W42/><G68/><T47/><D76/><U91/><E129/><V41/><F105/><W127/><G127/><T21/><D130/><U57/><E134/><V83/><F83/><W52/><G13/><T80/><D80/><U77/><E30/><V66/><F66/><W124/><G99/><T117/><D117/><U40/><E40/><V38/><F38/><W39/><G124/><T125/><D114/><U63/><E61/><V75/><F75/><W101/><G101/><T131/><D125/><U35/><REACH who="1" step="1"/><E96/><REACH who="1" ten="167,313,310,200" step="2"/><V111/><F41/><W48/><G39/><T103/><D131/><U56/><E56/><V22/><F0/><W20/><G36/><T90/><D2/><U69/><E69/><V44/><F44/><W122/><G122/><T14/><D60/><U17/><AGARI ba="0,1" hai="9,15,17,32,35,57,63,67,73,77,82,91,93,98" machi="17" ten="20,5200,0" yaku="1,1,0,1,7,1,52,1,53,0" doraHai="62" doraHaiUra="25" who="1" fromWho="1" sc="167,-26,313,62,310,-13,200,-13" /><INIT seed="5,0,0,2,3,47" ten="141,375,297,187" oya="1" hai0="100,2,98,111,57,131,67,9,120,8,80,109,126" hai1="76,86,97,61,79,24,113,87,90,66,11,125,59" hai2="20,28,103,25,46,101,72,128,118,104,5,23,54" hai3="31,6,127,13,63,135,60,29,53,134,112,77,124"/><U106/><E125/><N who="3" m="48202" /><G77/><T93/><D126/><U92/><E113/><V0/><F118/><W37/><G37/><T50/><D131/><U94/><E106/><V33/><F72/><W84/><G84/><T35/><D120/><U38/><E38/><V30/><F128/><W114/><G13/><T49/><D35/><U78/><E92/><V19/><F104/><W102/><G102/><T18/><D2/><U99/><E87/><V16/><F0/><W40/><G40/><T15/><D80/><U75/><E75/><V74/><F5/><W32/><G6/><T4/><D109/><U73/><E73/><V83/><F74/><W1/><G1/><T26/><D111/><U21/><REACH who="1" step="1"/><E11/><REACH who="1" ten="141,365,297,187" step="2"/><V41/><F83/><W56/><G114/><T108/><D108/><U82/><E82/><V119/><F119/><W22/><G112/><T95/><D95/><U10/><E10/><V44/><F103/><W130/><G130/><T55/><D67/><U27/><E27/><V42/><F101/><W88/><G135/><T58/><D4/><U36/><E36/><V122/><F25/><W71/><G134/><T133/><D133/><U51/><E51/><V62/><F62/><W69/><G63/><N who="0" m="36287" /><D9/><U105/><E105/><V81/><F81/><W110/><G110/><T64/><D26/><U3/><E3/><V52/><F122/><W17/><G60/><AGARI ba="0,1" hai="8,15,18,49,50,58,60,64,93,98,100" m="36287" machi="60" ten="30,3900,0" yaku="8,1,52,2" doraHai="47" who="0" fromWho="3" sc="141,49,365,0,297,0,187,-39" /><INIT seed="6,0,0,4,1,96" ten="190,365,297,148" oya="2" hai0="3,8,72,33,105,84,75,110,76,97,101,13,83" hai1="125,120,78,68,92,91,100,74,117,18,4,127,99" hai2="21,5,29,9,133,14,63,34,90,44,25,17,49" hai3="1,94,46,126,12,7,38,118,27,61,52,50,19"/><V124/><F124/><N who="1" m="47689" /><E68/><V98/><F133/><W108/><G126/><T32/><D110/><U85/><E4/><V53/><F63/><W23/><G108/><T54/><D3/><U121/><E18/><V119/><F119/><W60/><G118/><T95/><D54/><U41/><E41/><V10/><F90/><W55/><G38/><T115/><D115/><U104/><E117/><V122/><F122/><W116/><G116/><T56/><D56/><U28/><E28/><V45/><F98/><W62/><G1/><T103/><D72/><U82/><AGARI ba="0,0" hai="74,78,82,85,91,92,99,100,104,120,121" m="47689" machi="82" ten="30,8000,1" yaku="24,1,18,1,34,2,52,1" doraHai="96" who="1" fromWho="1" sc="190,-20,365,80,297,-40,148,-20" /><INIT seed="7,0,0,1,2,39" ten="170,445,257,128" oya="3" hai0="28,49,116,109,50,2,98,64,1,36,7,107,14" hai1="46,11,99,56,97,19,40,41,126,110,58,13,44" hai2="24,54,133,89,117,100,6,53,108,17,113,5,77" hai3="18,38,69,122,83,105,62,4,71,72,32,26,10"/><W30/><G122/><T121/><D109/><U114/><E110/><V129/><F108/><W63/><G105/><T33/><D121/><U88/><E114/><V85/><F117/><W134/><G18/><T87/><D116/><U78/><E78/><V48/><F113/><W112/><G134/><T61/><D36/><U86/><E126/><V118/><F118/><W80/><G112/><T59/><D14/><U94/><E46/><V115/><F115/><W67/><G38/><T104/><D104/><U73/><E73/><V25/><F129/><W106/><G106/><T27/><D87/><U95/><E86/><V103/><F77/><W65/><REACH who="3" step="1"/><G72/><REACH who="3" ten="170,445,257,118" step="2"/><T81/><D107/><U119/><E119/><V79/><F17/><W20/><G20/><T70/><D7/><U101/><E41/><V9/><F5/><W47/><G47/><T74/><D74/><U124/><E124/><V55/><F133/><W52/><G52/><T132/><D132/><U135/><E135/><V91/><F55/><W51/><G51/><AGARI ba="0,1" hai="11,13,19,40,44,51,56,58,88,94,95,97,99,101" machi="51" ten="30,7700,0" yaku="7,1,8,1,52,1,54,1" doraHai="39" who="1" fromWho="3" sc="170,0,445,87,257,0,118,-77" owari="170,-23.0,532,63.2,257,5.7,41,-45.9" /></mjloggm>