<mjloggm ver="2.3"><GO type="169" lobby="0"/><UN n0="%E2%97%8E%E3%82%88%E3%81%97%E2%97%8E" n1="%E3%82%A4%E3%83%BC%E3%82%B1%E3%83%97%E3%83%A9" n2="%E9%B7%BA%E5%AE%AE%E6%85%A7%E5%A4%AA" n3="%E3%82%AB%E3%83%AB%E3%83%94%E3%82%B9%E3%82%B5%E3%83%AF%E3%83%BC" dan="17,16,16,17" rate="2172.74,2120.92,2110.35,2233.20" sx="M,M,M,M"/><TAIKYOKU oya="0"/><INIT seed="0,0,0,2,0,86" ten="250,250,250,250" oya="0" hai0="134,83,37,2,36,85,1,59,91,88,63,71,131" hai1="38,128,3,67,53,60,129,98,14,116,108,18,79" hai2="109,41,51,19,105,29,31,89,55,101,57,117,95" hai3="119,66,39,120,107,62,96,127,26,33,68,56,78"/><T76/><D71/><U90/><E116/><V75/><F75/><W32/><G119/><T133/><D131/><N who="1" m="50251" /><E3/><V6/><F117/><W20/><G39/><N who="0" m="14923" /><D1/><U130/><N who="1" m="50259" /><U61/><DORA hai="93" /><E38/><V104/><F6/><W52/><G127/><T10/><D2/><U21/><E79/><V44/><F109/><W81/><G120/><T34/><D34/><U58/><E108/><V27/><F101/><W4/><G4/><T50/><D10/><U8/><E8/><V42/><F42/><W72/><G107/><T35/><D35/><U92/><E61/><N who="2" m="36031" /><F105/><W48/><REACH who="3" step="1"/><G96/><REACH who="3" ten="250,250,250,240" step="2"/><T13/><D50/><U110/><E110/><V123/><F104/><W24/><G24/><T47/><D13/><U100/><E100/><V11/><F123/><W49/><G49/><T77/><D47/><U111/><E111/><V15/><F27/><W7/><G7/><T124/><D124/><U70/><E70/><V118/><F118/><W25/><G25/><T132/><D76/><U94/><E94/><V126/><F126/><W114/><G114/><T115/><D115/><U69/><E69/><V97/><AGARI ba="0,1" hai="11,15,19,29,31,41,44,51,89,95,97" m="36031" machi="97" ten="30,4000,0" yaku="8,1,52,2" doraHai="86,93" who="2" fromWho="2" sc="250,-20,250,-10,250,50,240,-10" /><INIT seed="1,0,0,2,3,28" ten="230,240,300,230" oya="1" hai0="77,17,69,40,100,128,39,94,25,24,30,45,31" hai1="8,32,75,9,66,37,124,68,64,52,106,118,88" hai2="92,60,14,115,49,0,95,80,113,123,82,20,102" hai3="22,84,29,11,111,36,62,78,73,121,135,3,65"/><U104/><E118/><V125/><F123/><W70/><G121/><T13/><D128/><U133/><E75/><V26/><F0/><W91/><G36/><T34/><D69/><U90/><E37/><V59/><F49/><W71/><G111/><T129/><D129/><U93/><E133/><V56/><F14/><W76/><G71/><T50/><D77/><U41/><E41/><V38/><F38/><W108/><G108/><T96/><D39/><U98/><E124/><V18/><F59/><W4/><G73/><T7/><D7/><U27/><E68/><V83/><F125/><W72/><G72/><T87/><D87/><U122/><E122/><V58/><F58/><W74/><G74/><T12/><REACH who="0" step="1"/><D17/><REACH who="0" ten="220,240,300,230" step="2"/><U130/><E130/><V79/><F79/><W114/><G135/><T99/><D99/><U120/><E120/><V97/><F115/><W53/><G114/><T44/><D44/><U10/><E98/><V15/><F113/><W85/><G85/><T23/><AGARI ba="0,1" hai="12,13,23,24,25,30,31,34,40,45,50,94,96,100" machi="23" ten="20,12000,2" yaku="1,1,0,1,7,1,52,1,53,2" doraHai="28" doraHaiUra="21" who="0" fromWho="0" sc="220,130,240,-60,300,-30,230,-30" /><INIT seed="2,0,0,2,2,70" ten="350,180,270,200" oya="2" hai0="96,73,20,13,84,6,123,115,46,95,18,14,111" hai1="59,56,100,51,30,11,5,49,2,77,37,7,117" hai2="126,23,55,39,16,26,107,27,9,93,116,87,45" hai3="101,106,71,85,128,121,72,102,122,76,119,66,92"/><V21/><F116/><W83/><G66/><T120/><D73/><U129/><E117/><V81/><F107/><W15/><G15/><T62/><D115/><U86/><E30/><V60/><F126/><W68/><G68/><T109/><D84/><U114/><E100/><N who="3" m="38506" /><G71/><T112/><D112/><U105/><E105/><V127/><F127/><W90/><G119/><T47/><D62/><U8/><E114/><V31/><F9/><W98/><G128/><T29/><D29/><U133/><E86/><V24/><F93/><N who="3" m="54479" /><G106/><T91/><D6/><U54/><E77/><V78/><F39/><W4/><G4/><T63/><D13/><U118/><E118/><V40/><F40/><W0/><G0/><T130/><D130/><U58/><E129/><V3/><F3/><W28/><G28/><T38/><D63/><U17/><E37/><V52/><F45/><N who="0" m="16906" /><D38/><U97/><E17/><N who="2" m="12335" /><F60/><W43/><G43/><T74/><D18/><U42/><E42/><V36/><F36/><W103/><AGARI ba="0,0" hai="72,76,83,92,98,103,121,122" m="54479,38506" machi="103" ten="30,2000,0" yaku="34,2" doraHai="70" who="3" fromWho="3" sc="350,-5,180,-5,270,-10,200,20" /><INIT seed="3,0,0,3,0,66" ten="345,175,260,220" oya="3" hai0="62,101,40,135,115,128,46,87,23,82,83,63,88" hai1="56,104,85,29,67,131,132,71,38,75,33,65,57" hai2="114,8,121,96,79,122,129,111,94,90,100,47,119" hai3="102,61,107,78,93,103,49,50,28,36,37,39,130"/><W2/><G2/><T25/><D128/><U80/><E75/><V109/><F47/><W124/><G107/><T13/><D135/><U32/><E38/><V74/><F8/><W5/><G5/><T117/><D117/><U76/><E104/><N who="2" m="63495" /><F119/><W48/><G130/><T72/><D115/><U14/><E131/><V77/><F114/><W19/><G124/><T81/><D101/><U116/><E116/><V35/><F35/><W126/><G126/><T60/><D13/><U6/><E132/><V18/><F18/><W120/><G120/><N who="2" m="46185" /><F129/><W106/><G106/><T105/><D105/><U69/><E67/><V118/><F118/><W123/><G123/><T99/><D99/><U58/><E65/><V9/><F9/><W16/><G78/><N who="2" m="29705" /><F74/><W55/><G28/><T4/><D4/><U24/><REACH who="1" step="1"/><E33/><REACH who="1" ten="345,165,260,220" step="2"/><V112/><F112/><W7/><G37/><T30/><REACH who="0" step="1"/><D72/><REACH who="0" ten="335,165,260,220" step="2"/><U26/><E26/><V31/><F31/><W110/><G36/><AGARI ba="0,2" hai="23,25,30,36,40,46,60,62,63,81,82,83,87,88" machi="36" ten="40,8000,1" yaku="1,1,2,1,54,1,53,1" doraHai="66" doraHaiUra="84" who="0" fromWho="3" sc="335,100,165,0,260,0,220,-80" /><INIT seed="4,0,0,3,2,104" ten="435,165,260,140" oya="0" hai0="54,123,90,17,26,83,35,135,63,93,53,81,132" hai1="23,82,0,49,16,60,119,125,13,85,73,40,21" hai2="15,20,32,118,43,95,87,112,70,75,101,99,6" hai3="46,88,124,115,19,105,117,56,10,111,66,34,71"/><T103/><D123/><U8/><E119/><V50/><F32/><W100/><G117/><T96/><D63/><U33/><E33/><V126/><F118/><W130/><G111/><T64/><D64/><U134/><E134/><N who="0" m="51241" /><D17/><U47/><E125/><V62/><F112/><W106/><G71/><T122/><D122/><U55/><E73/><V12/><F126/><W102/><G124/><T2/><D2/><U18/><E0/><V67/><F75/><W97/><G34/><T36/><D36/><U108/><E108/><V121/><F121/><W29/><G29/><N who="0" m="19895" /><D90/><U128/><E128/><V65/><F65/><W114/><G130/><T1/><D1/><U5/><E23/><V22/><F6/><W77/><G88/><T110/><D110/><U61/><E55/><AGARI ba="0,0" hai="53,54,55,81,83,93,96,103" m="19895,51241" machi="55" ten="30,1500,0" yaku="20,1" doraHai="104" who="0" fromWho="1" sc="435,15,165,-15,260,0,140,0" /><INIT seed="4,1,0,0,1,82" ten="450,150,260,140" oya="0" hai0="100,65,96,44,0,41,13,130,112,122,119,61,16" hai1="75,10,5,134,116,78,22,59,88,94,31,20,15" hai2="28,86,66,107,4,69,103,38,71,14,132,55,12" hai3="58,109,8,114,32,98,7,105,127,125,30,46,25"/><T42/><D119/><U131/><E116/><V57/><F38/><W54/><G46/><T34/><D122/><U53/><E131/><V3/><F132/><W123/><G109/><T33/><D0/><U29/><E134/><V126/><F126/><N who="3" m="48139" /><G98/><T135/><D112/><U87/><E75/><V48/><F28/><N who="1" m="10825" /><E78/><V80/><F3/><N who="3" m="127" /><G105/><T36/><D41/><U92/><E92/><V11/><F66/><W106/><G106/><T26/><D26/><U6/><E6/><V102/><F107/><W56/><G56/><T118/><D130/><U2/><E2/><V84/><F69/><W49/><G114/><T37/><D37/><U51/><AGARI ba="1,0" hai="5,10,15,20,22,51,53,59,87,88,94" m="10825" machi="51" ten="30,4000,0" yaku="8,1,52,1,54,1" doraHai="82" who="1" fromWho="1" sc="450,-21,150,43,260,-11,140,-11" /><INIT seed="5,0,0,0,4,50" ten="429,193,249,129" oya="1" hai0="121,51,92,34,45,52,22,89,65,6,14,84,32" hai1="13,87,112,46,97,5,113,122,124,53,25,27,24" hai2="116,54,78,26,132,21,131,17,83,9,66,93,103" hai3="37,81,31,114,134,64,20,63,57,40,101,47,74"/><U129/><E122/><V48/><F116/><W33/><G114/><N who="1" m="44138" /><E129/><V76/><F131/><W49/><G134/><T61/><D121/><U98/><E124/><V127/><F127/><W4/><G33/><T79/><D79/><U18/><E5/><V10/><F132/><W85/><G74/><T88/><D89/><U16/><E87/><V106/><F106/><W1/><G101/><T44/><D44/><U105/><E105/><V38/><F38/><W15/><G1/><T133/><D133/><U100/><E100/><V12/><F66/><W123/><G123/><T111/><D111/><U77/><E77/><N who="2" m="29803" /><F83/><W119/><G119/><T91/><D91/><U69/><E69/><V102/><F93/><W125/><G125/><T104/><D104/><U126/><E126/><V42/><F42/><W36/><G81/><T82/><D82/><U0/><E0/><V41/><F41/><W3/><G85/><T72/><D72/><U55/><E18/><N who="2" m="8471" /><F9/><W94/><G94/><T108/><D108/><U71/><E71/><V86/><F86/><W130/><G130/><T23/><D6/><U8/><E46/><AGARI ba="0,0" hai="17,21,26,46,48,54,102,103" m="8471,29803" machi="46" ten="30,2000,0" yaku="8,1,52,1" doraHai="50" who="2" fromWho="1" sc="429,0,193,-20,249,20,129,0" /><INIT seed="6,0,0,3,5,11" ten="429,173,269,129" oya="2" hai0="98,39,28,58,31,33,41,108,80,46,129,52,63" hai1="89,71,26,37,84,122,69,101,92,95,116,57,83" hai2="74,105,68,115,4,78,1,128,127,2,14,112,16" hai3="50,6,97,44,111,55,27,91,110,131,34,70,76"/><V32/><F105/><W85/><G70/><T3/><D3/><U13/><E116/><V77/><F68/><W126/><G131/><T20/><D33/><U48/><E37/><V35/><F128/><W7/><G126/><T65/><D108/><U93/><E122/><V42/><F42/><W121/><G121/><T119/><D119/><U24/><E71/><V94/><F127/><W17/><G110/><T61/><D80/><U75/><E69/><V130/><F130/><W30/><G111/><T113/><D113/><N who="2" m="43594" /><F94/><N who="1" m="36457" /><E75/><V45/><F45/><W107/><G76/><N who="2" m="29289" /><F74/><W102/><REACH who="3" step="1"/><G17/><REACH who="3" ten="429,173,269,119" step="2"/><T81/><D129/><U103/><E103/><V106/><F4/><W100/><G100/><T62/><D98/><U124/><E124/><V18/><F18/><W88/><G88/><T120/><D120/><U47/><E101/><V53/><F16/><W59/><G59/><T9/><D58/><U29/><E57/><V109/><F109/><W66/><G66/><T104/><D65/><U99/><E99/><V117/><F117/><W134/><G134/><T40/><D46/><U0/><E47/><V23/><F106/><W135/><G135/><T133/><D104/><U36/><E89/><V51/><F1/><W10/><G10/><T15/><D9/><U60/><E0/><V49/><F2/><W21/><G21/><T82/><D20/><U5/><E5/><V90/><F23/><W86/><G86/><T123/><D123/><U96/><E84/><V12/><F35/><W67/><G67/><T79/><D133/><U8/><E8/><V72/><F32/><W87/><G87/><RYUUKYOKU ba="0,1" sc="429,-10,173,-10,269,-10,119,30" hai3="6,7,27,30,34,44,50,55,85,91,97,102,107" /><INIT seed="7,1,1,0,5,109" ten="419,163,259,149" oya="3" hai0="132,20,29,18,37,52,60,78,75,73,38,81,63" hai1="90,4,64,23,31,133,6,126,80,108,55,123,135" hai2="130,122,19,15,71,12,114,97,9,85,44,100,102" hai3="89,27,74,14,77,121,30,128,106,58,107,93,103"/><W59/><G121/><T24/><D132/><N who="1" m="50763" /><E108/><V118/><F118/><W67/><G128/><T104/><D104/><U33/><E123/><V105/><F122/><W16/><G103/><T8/><D73/><U87/><E126/><V32/><F32/><W70/><G70/><T134/><D52/><U26/><E64/><V68/><F130/><W82/><G106/><T124/><D63/><U98/><E33/><V45/><F102/><W43/><G43/><T92/><D18/><U42/><E42/><V48/><F45/><W22/><G107/><T66/><D81/><U115/><E115/><V110/><F114/><W112/><G67/><T120/><D24/><U10/><E10/><V83/><F110/><W47/><G47/><T57/><D57/><U119/><E119/><V69/><F15/><W28/><G112/><T127/><D78/><N who="1" m="46487" /><E55/><V88/><F69/><W79/><G79/><T40/><D60/><U53/><E53/><AGARI ba="1,1" hai="9,12,19,44,48,53,68,71,83,85,88,97,100,105" machi="53" ten="30,7700,0" yaku="7,1,25,2,54,1" doraHai="109" who="2" fromWho="1" sc="419,0,163,-80,259,90,149,0" owari="419,51.9,83,-41.7,349,14.9,149,-25.1" /></mjloggm>