<mjloggm ver="2.3"><GO type="169" lobby="0"/><UN n0="%E3%83%8F%E3%82%BB%E3%81%B9" n1="%E7%91%9E%E5%8E%9F%E3%83%B4%E3%82%A1%E3%82%AE%E3%83%8A" n2="%E3%83%9E%E3%83%AD%E3%81%A8%E3%82%B8%E3%83%BC%E3%83%8E" n3="%E3%81%86%E3%81%AA%E3%81%8E%E9%BA%BA" dan="16,16,16,17" rate="2009.72,2062.46,2132.03,2173.22" sx="M,M,M,M"/><TAIKYOKU oya="0"/><INIT seed="0,0,0,4,5,19" ten="250,250,250,250" oya="0" hai0="103,46,117,51,66,98,82,126,31,130,67,124,93" hai1="43,11,105,39,78,20,74,26,25,6,77,120,79" hai2="118,132,95,62,14,15,16,55,53,12,44,76,107" hai3="1,5,116,94,45,70,56,41,27,97,22,92,87"/><T57/><D117/><U112/><E120/><V48/><F107/><W64/><G70/><T135/><D135/><U89/><E105/><V104/><F104/><W119/><G1/><T114/><D114/><U24/><E112/><V59/><F118/><W129/><G129/><T68/><D68/><U83/><E89/><V54/><F132/><W35/><G35/><T32/><D130/><U113/><E113/><V69/><F69/><W61/><G5/><T0/><D0/><U102/><E102/><V131/><F131/><W106/><G92/><T13/><D82/><U134/><E134/><V84/><F55/><W109/><G87/><T52/><D13/><U110/><E110/><V2/><F2/><W75/><G75/><T121/><D121/><U88/><E88/><N who="2" m="53639" /><F76/><W85/><G85/><T86/><D86/><U91/><E91/><V49/><F62/><W60/><G60/><T63/><REACH who="0" step="1"/><D67/><REACH who="0" ten="240,250,250,250" step="2"/><U10/><E83/><V115/><F115/><W37/><G109/><T34/><D34/><U28/><E74/><V17/><AGARI ba="0,1" hai="12,14,15,16,17,44,48,49,53,54,59" m="53639" machi="17" ten="30,4000,0" yaku="8,1,54,2" doraHai="19" who="2" fromWho="2" sc="240,-20,250,-10,250,50,250,-10" /><INIT seed="1,0,0,0,5,99" ten="220,240,300,240" oya="1" hai0="37,91,68,35,14,116,108,87,95,107,16,44,30" hai1="9,17,41,0,5,53,62,75,23,18,105,24,27" hai2="119,72,110,76,123,93,58,36,3,118,39,103,129" hai3="126,98,52,120,65,7,67,70,82,38,21,84,1"/><U15/><E75/><V109/><F3/><W102/><G120/><T12/><D68/><U114/><E114/><V97/><F123/><W96/><G38/><N who="2" m="14377" /><F58/><W40/><G40/><T100/><D116/><U20/><E105/><N who="2" m="63727" /><F129/><W49/><G126/><T25/><D108/><N who="2" m="41578" /><F93/><W19/><G7/><T22/><D12/><U64/><E41/><V83/><AGARI ba="0,0" hai="72,76,83,118,119" m="41578,63727,14377" machi="83" ten="40,5200,0" yaku="14,1,23,1,52,1" doraHai="99" who="2" fromWho="2" sc="220,-13,240,-26,300,52,240,-13" /><INIT seed="2,0,0,4,0,120" ten="207,214,352,227" oya="2" hai0="39,51,103,114,52,18,70,90,68,61,98,125,57" hai1="73,124,108,53,105,28,33,123,93,10,36,113,12" hai2="5,20,92,121,95,62,86,23,132,117,107,130,104" hai3="11,66,65,32,9,110,55,50,80,88,54,45,0"/><V72/><F117/><W59/><G32/><T135/><D135/><U126/><E113/><V94/><F121/><W7/><G11/><T96/><D125/><N who="1" m="48235" /><E105/><V19/><F132/><W97/><G110/><T111/><D111/><U67/><E73/><V48/><F72/><W22/><G22/><T76/><D76/><U3/><E36/><V43/><F130/><W102/><G80/><T14/><D39/><U74/><E74/><V83/><F5/><W131/><G131/><T30/><D30/><U81/><E3/><V37/><F37/><W17/><G17/><T58/><D90/><U89/><E81/><V122/><F62/><W15/><G0/><T127/><D114/><U101/><E101/><V99/><F122/><W35/><G35/><T84/><D84/><N who="1" m="52391" /><E67/><V31/><F99/><W26/><G26/><T82/><D82/><U13/><E123/><V64/><F64/><W116/><G116/><T8/><D127/><U129/><E129/><V63/><F92/><W133/><G133/><T25/><D25/><N who="1" m="18575" /><E108/><V34/><F94/><W56/><G45/><T4/><D4/><U71/><E71/><V42/><F95/><N who="3" m="56551" /><G102/><T16/><D18/><N who="1" m="8471" /><E53/><V1/><F104/><W24/><G24/><T75/><D75/><U85/><E13/><V40/><F1/><W78/><G78/><T2/><D2/><U112/><E112/><V38/><F34/><W115/><G115/><T119/><D119/><U29/><E29/><V49/><F31/><W106/><G106/><N who="0" m="63847" /><D98/><U118/><E118/><V100/><F19/><W44/><G55/><N who="0" m="31999" /><D70/><U69/><E69/><V6/><F83/><RYUUKYOKU ba="0,0" sc="207,10,214,10,352,-30,227,10" hai0="8,14,16,52,58,61,68" hai1="85" hai3="7,9,15,44,50,54,56,59,65,66" /><INIT seed="3,1,0,1,1,71" ten="217,224,322,237" oya="3" hai0="25,14,26,9,130,107,79,117,125,96,28,36,132" hai1="2,35,110,74,44,73,65,81,17,123,53,20,121" hai2="18,39,80,3,23,76,56,59,129,54,50,21,102" hai3="68,49,90,109,77,89,84,52,86,69,19,95,106"/><W94/><G106/><T85/><D117/><U97/><E35/><V92/><F129/><W114/><G114/><T11/><D130/><U108/><E2/><V101/><F3/><W131/><G131/><T126/><D79/><U124/><E124/><N who="0" m="47721" /><D85/><U61/><E97/><V40/><F39/><W45/><G109/><N who="1" m="42090" /><E53/><V113/><F113/><W58/><G77/><T75/><D75/><N who="1" m="28683" /><E44/><V120/><F120/><W27/><G45/><T70/><D70/><N who="1" m="42287" /><E81/><V93/><F40/><W116/><G116/><T128/><D128/><U48/><E48/><V82/><F76/><W115/><G115/><T37/><D132/><U10/><E10/><N who="0" m="3593" /><D14/><AGARI ba="1,0" hai="14,17,20,121,123" m="42287,28683,42090" machi="14" ten="30,1000,0" yaku="14,1" doraHai="71" who="1" fromWho="0" sc="217,-13,224,13,322,0,237,0" /><INIT seed="4,0,0,5,0,75" ten="204,237,322,237" oya="0" hai0="40,113,71,130,129,111,125,99,42,108,64,13,67" hai1="95,60,9,35,92,118,37,22,122,23,48,112,114" hai2="30,81,116,132,24,46,117,97,17,34,127,16,50" hai3="78,68,115,83,89,105,10,91,57,4,73,65,11"/><T14/><D113/><N who="1" m="43627" /><E118/><N who="2" m="45675" /><F127/><W33/><G115/><T121/><D125/><U63/><E37/><V52/><F132/><W76/><G68/><T31/><D99/><U38/><E38/><V43/><F97/><W106/><G33/><T58/><D58/><U79/><E35/><V36/><F81/><W0/><G11/><T82/><D82/><U131/><E122/><V86/><F86/><W74/><G65/><N who="0" m="25163" /><D71/><U51/><E9/><V70/><F70/><W3/><G83/><T110/><D31/><U120/><E79/><V19/><F36/><W54/><G10/><T80/><D80/><U135/><E135/><V61/><F61/><N who="1" m="23625" /><E131/><N who="0" m="50185" /><D121/><U26/><E120/><V27/><F43/><AGARI ba="0,0" hai="13,14,40,42,43,108,110,111" m="50185,25163" machi="43" ten="40,12000,1" yaku="28,2,10,1,19,1" doraHai="75" who="0" fromWho="2" sc="204,120,237,0,322,-120,237,0" /><INIT seed="4,1,0,1,2,118" ten="324,237,202,237" oya="0" hai0="103,29,7,69,3,114,30,55,45,56,125,4,84" hai1="121,108,31,19,28,44,81,16,22,40,63,88,107" hai2="96,5,115,21,135,42,11,62,34,49,111,91,95" hai3="106,0,24,60,90,110,1,100,61,27,12,78,58"/><T64/><D114/><U134/><E108/><V102/><F111/><W73/><G110/><T35/><D103/><U119/><E119/><V99/><F34/><W116/><G116/><T101/><D101/><U13/><E107/><V80/><F115/><W54/><G12/><T72/><D72/><U2/><E2/><V123/><F135/><W104/><G90/><T10/><D7/><U113/><E113/><V122/><F21/><W25/><G100/><T98/><D98/><U97/><E134/><V85/><F96/><W9/><G9/><T59/><D69/><U18/><E121/><V74/><F62/><W66/><G78/><T39/><D35/><U87/><E97/><V124/><F74/><W65/><G73/><T94/><D59/><U37/><E19/><V128/><F128/><W92/><G92/><T89/><D125/><U76/><E76/><V86/><F86/><W52/><G27/><T79/><D79/><U15/><REACH who="1" step="1"/><E63/><REACH who="1" ten="324,227,202,237" step="2"/><V57/><F124/><W120/><G58/><T33/><D64/><U131/><E131/><V82/><F57/><W53/><G53/><T71/><D71/><U83/><E83/><V67/><F82/><W51/><G51/><T43/><D33/><U126/><E126/><V20/><F67/><W109/><G109/><T68/><D68/><U132/><E132/><V23/><F122/><AGARI ba="1,1" hai="0,1,24,25,52,54,60,61,65,66,104,106,120,122" machi="122" ten="25,8000,1" yaku="22,2,52,2,54,1" doraHai="118" who="3" fromWho="2" sc="324,0,227,0,202,-83,237,93" /><INIT seed="5,0,0,5,5,123" ten="324,227,119,330" oya="1" hai0="85,109,77,8,134,73,41,127,37,80,70,92,126" hai1="108,12,42,102,30,121,15,43,20,83,104,58,67" hai2="38,122,22,99,66,54,79,46,4,93,6,135,31" hai3="68,53,23,95,50,21,86,18,131,111,36,90,101"/><U57/><E121/><V44/><F122/><W60/><G36/><T45/><D70/><U100/><E83/><V132/><F66/><W34/><G34/><T106/><D106/><U115/><E115/><V49/><F79/><W82/><G131/><T59/><D59/><U27/><E108/><V9/><F31/><W40/><G40/><N who="1" m="15402" /><E104/><V14/><F38/><W75/><G111/><T35/><D35/><U113/><E113/><V71/><F71/><W88/><G101/><N who="1" m="39018" /><E57/><V24/><F44/><W28/><G28/><T116/><D116/><U13/><E58/><V65/><F65/><AGARI ba="0,0" hai="12,13,15,20,27,30,65,67" m="39018,15402" machi="65" ten="30,1500,0" yaku="8,1" doraHai="123" who="1" fromWho="2" sc="324,0,227,15,119,-15,330,0" /><INIT seed="5,1,0,1,4,58" ten="324,242,104,330" oya="1" hai0="93,27,2,118,32,14,38,4,35,55,43,53,72" hai1="127,44,120,75,80,1,34,61,98,126,125,41,63" hai2="25,13,85,87,17,77,37,86,129,59,128,131,110" hai3="18,24,117,84,6,21,11,106,102,113,52,3,104"/><U31/><E120/><V130/><N who="2" m="32768" /><DORA hai="97" /><V40/><F110/><W124/><G113/><T16/><D72/><U64/><E1/><V81/><F25/><W68/><G68/><T94/><D118/><U134/><E134/><V46/><REACH who="2" step="1"/><F59/><REACH who="2" ten="324,242,94,330" step="2"/><W112/><G112/><T50/><D27/><N who="1" m="18815" /><E64/><V121/><F121/><W66/><G117/><T96/><D32/><U116/><E116/><V133/><F133/><W51/><G124/><T76/><D35/><U29/><E29/><V48/><F48/><W0/><G0/><T135/><D50/><N who="1" m="26895" /><E98/><V33/><F33/><W119/><G119/><T114/><D96/><U54/><E54/><V49/><F49/><W60/><G52/><T28/><D55/><U39/><E39/><V5/><F5/><W74/><G51/><T109/><D53/><U19/><E19/><V71/><F71/><W83/><G18/><T30/><D38/><U78/><AGARI ba="1,1" hai="61,63,75,78,80,125,126,127" m="26895,18815" machi="78" ten="40,7800,0" yaku="18,1,52,2" doraHai="58,97" who="1" fromWho="1" sc="324,-27,242,91,94,-27,330,-27" /><INIT seed="5,2,0,2,4,48" ten="297,333,67,303" oya="1" hai0="107,4,125,56,104,105,133,132,110,112,79,8,77" hai1="83,98,60,74,62,27,120,14,10,114,80,81,22" hai2="122,87,15,113,127,28,65,24,82,96,118,9,119" hai3="93,6,124,57,129,64,72,5,67,42,101,35,95"/><U37/><E120/><V21/><F122/><W30/><G72/><T130/><D110/><U1/><E74/><V33/><F127/><W49/><G30/><T70/><D70/><U121/><E121/><V7/><F113/><W75/><G35/><T85/><D112/><U17/><E114/><V3/><F65/><W58/><G75/><T59/><D125/><U73/><E73/><V97/><F118/><W2/><G124/><T86/><D130/><U92/><E37/><V45/><F119/><W54/><G129/><T103/><D103/><U46/><E46/><V55/><F45/><W76/><G76/><N who="0" m="29259" /><D8/><U115/><E1/><V69/><F69/><W13/><G2/><T31/><D31/><U32/><E32/><V90/><REACH who="2" step="1"/><F55/><REACH who="2" ten="297,333,57,303" step="2"/><W71/><G71/><T91/><D4/><N who="1" m="3399" /><E115/><V123/><F123/><W16/><G42/><T43/><D43/><U44/><E44/><V52/><F52/><N who="3" m="31887" /><G67/><T29/><D29/><U106/><E106/><V61/><F61/><N who="3" m="36055" /><G64/><T126/><D126/><U99/><E62/><V63/><F63/><W53/><G53/><T26/><D107/><U51/><E60/><V135/><F135/><W102/><G5/><T25/><D105/><U41/><E41/><V20/><F20/><N who="3" m="11279" /><G6/><T40/><D40/><U39/><E39/><V128/><F128/><W38/><G38/><T11/><D133/><U23/><E23/><V100/><F100/><AGARI ba="2,1" hai="93,95,100,101,102" m="11279,36055,31887" machi="100" ten="30,8000,1" yaku="8,1,52,2,54,2" doraHai="48" who="3" fromWho="2" sc="297,0,333,0,57,-86,303,96" owari="297,-10.3,333,13.3,-29,-52.9,399,49.9" /></mjloggm>