<mjloggm ver="2.3"><GO type="225" lobby="0"/><UN n0="%70%68%65%6E%6F%6D%65" n1="%4B%2E%32%2E%4B%2E" n2="%E5%B0%8F%E9%B3%A5%E9%81%8A%E7%B7%B4%E7%84%A1%32%31%E6%AD%B3" n3="%E3%81%8B%E3%82%8F%E3%81%A1%E3%82%83%E3%82%93%35%38" dan="16,17,16,16" rate="2180.85,2172.59,2153.33,2135.25" sx="M,M,F,M"/><TAIKYOKU oya="0"/><INIT seed="0,0,0,1,2,42" ten="250,250,250,250" oya="0" hai0="125,105,21,123,86,69,121,107,7,65,88,40,117" hai1="44,131,25,70,99,33,43,98,91,22,128,38,83" hai2="119,118,132,14,92,63,58,32,52,48,62,13,5" hai3="114,126,4,28,6,19,71,135,53,85,51,68,34"/><T45/><D117/><N who="2" m="44554" /><F32/><W110/><G114/><T61/><D125/><U31/><E70/><V17/><F132/><W130/><G135/><T81/><D7/><U76/><E33/><V101/><F5/><W102/><G102/><T20/><D21/><U0/><E0/><V56/><F13/><W84/><G126/><T60/><D60/><N who="2" m="23082" /><F101/><W26/><G110/><T109/><D109/><U49/><E38/><V82/><F92/><W27/><G130/><N who="1" m="49706" /><E91/><V59/><F82/><W10/><G34/><T87/><D87/><AGARI ba="0,0" hai="22,25,31,43,44,49,76,83,87,98,99" m="49706" machi="87" ten="30,2000,0" yaku="19,1,52,1" doraHai="42" who="1" fromWho="0" sc="250,-20,250,20,250,0,250,0" /><INIT seed="1,0,0,0,1,64" ten="230,270,250,250" oya="1" hai0="121,13,68,88,109,24,85,50,37,84,118,89,9" hai1="20,59,51,4,74,47,101,132,42,36,15,62,130" hai2="102,86,6,65,82,117,35,12,94,7,71,113,25" hai3="34,21,10,91,80,52,19,61,105,128,92,76,116"/><U29/><E74/><V41/><F41/><W78/><G105/><T67/><D118/><U49/><E130/><V99/><F117/><W2/><G34/><T135/><D37/><U134/><E101/><V58/><F71/><W45/><G128/><T93/><D109/><U11/><E29/><V27/><F113/><W31/><G31/><T87/><D135/><N who="1" m="51755" /><E20/><V124/><F124/><W100/><G100/><T44/><D121/><U14/><E15/><V1/><F1/><W30/><G30/><T95/><D24/><N who="2" m="9290" /><F12/><W56/><G116/><T48/><D85/><U77/><E77/><N who="2" m="46415" /><F35/><W33/><G33/><T32/><D32/><U40/><E42/><V120/><F120/><W17/><G2/><T3/><D3/><U83/><E83/><V0/><F0/><W54/><G10/><T119/><D119/><U111/><E111/><V57/><F65/><AGARI ba="0,0" hai="4,11,14,36,40,47,49,51,59,62,65" m="51755" machi="65" ten="30,1500,0" yaku="20,1" doraHai="64" who="1" fromWho="2" sc="230,0,270,15,250,-15,250,0" /><INIT seed="1,1,0,1,2,62" ten="230,285,235,250" oya="1" hai0="76,130,71,128,35,92,114,86,121,135,82,44,52" hai1="132,131,61,57,124,4,112,111,88,6,89,19,69" hai2="46,39,59,99,26,12,64,94,119,11,105,126,81" hai3="75,122,63,8,1,9,45,100,70,79,87,73,31"/><U40/><E112/><V93/><F119/><W117/><G122/><T15/><D114/><U72/><E69/><V95/><F126/><W66/><G117/><T50/><D121/><U55/><E72/><V109/><F109/><W78/><G100/><T17/><D135/><U80/><E132/><V134/><F134/><W113/><G113/><T125/><D125/><U2/><E124/><V65/><F105/><W120/><G120/><T91/><D35/><U74/><E131/><V106/><F106/><W102/><G102/><T101/><D71/><U51/><E111/><V36/><F99/><W96/><G96/><T29/><D29/><U68/><E68/><V104/><F104/><W58/><G31/><T118/><D118/><U23/><E74/><V90/><F59/><W107/><G107/><T24/><D24/><U33/><E33/><V98/><F26/><W20/><G20/><T133/><D133/><U85/><E89/><V18/><F98/><W5/><G78/><T127/><D127/><U25/><REACH who="1" step="1"/><E2/><REACH who="1" ten="230,275,235,250" step="2"/><V83/><F90/><W30/><G70/><T10/><REACH who="0" step="1"/><D101/><REACH who="0" ten="220,275,235,250" step="2"/><U37/><E37/><V47/><F36/><W103/><G103/><T38/><D38/><U54/><E54/><V22/><F39/><W43/><G43/><T84/><AGARI ba="1,2" hai="10,15,17,44,50,52,76,82,84,86,91,92,128,130" machi="84" ten="30,4000,0" yaku="1,1,0,1,54,1,53,0" doraHai="62" doraHaiUra="97" who="0" fromWho="0" sc="220,63,275,-21,235,-11,250,-11" /><INIT seed="2,0,0,4,2,40" ten="283,254,224,239" oya="2" hai0="134,118,63,26,43,64,100,14,3,5,48,10,59" hai1="99,47,78,8,101,38,24,84,15,29,0,96,97" hai2="12,4,133,60,67,93,42,129,65,18,1,54,92" hai3="66,37,90,108,13,94,45,109,34,98,128,72,2"/><V52/><F1/><W53/><G2/><T116/><D134/><U25/><E0/><V56/><F129/><W50/><G128/><T88/><D100/><U7/><E101/><V68/><F4/><W110/><G34/><T22/><D3/><U102/><E102/><V77/><F133/><W73/><G37/><T9/><D10/><U127/><E127/><V71/><F77/><W132/><G132/><T105/><D105/><U131/><E131/><V61/><F42/><W125/><G125/><T57/><D88/><U111/><E111/><V123/><F123/><W79/><G79/><T74/><D74/><U89/><E78/><V6/><F6/><W113/><G113/><T76/><D76/><U75/><E75/><V20/><F54/><W87/><G66/><T130/><D130/><U85/><E29/><V83/><F83/><W17/><REACH who="3" step="1"/><G98/><REACH who="3" ten="283,254,224,229" step="2"/><T135/><D135/><U69/><E99/><V121/><REACH who="2" step="1"/><F121/><REACH who="2" ten="283,254,214,229" step="2"/><W46/><G46/><N who="0" m="25695" /><D118/><U122/><E122/><V31/><F31/><W86/><G86/><T126/><D116/><U39/><E85/><V32/><F32/><W112/><G112/><T62/><D126/><U58/><E84/><V41/><F41/><W33/><G33/><T19/><D64/><U95/><E97/><V82/><F82/><W103/><G103/><T124/><D124/><U114/><E114/><V107/><F107/><W28/><G28/><T23/><D57/><U119/><E119/><V30/><F30/><W104/><G104/><T44/><D59/><U55/><E69/><V21/><F21/><AGARI ba="0,2" hai="13,17,21,45,50,53,72,73,87,90,94,108,109,110" machi="21" ten="40,8000,1" yaku="1,1,14,1,52,1,53,2" doraHai="40" doraHaiUra="106" who="3" fromWho="2" sc="283,0,254,0,214,-80,229,100" /><INIT seed="3,0,0,3,0,30" ten="283,254,134,329" oya="3" hai0="79,87,74,94,109,17,102,122,77,61,134,38,92" hai1="130,44,32,68,45,56,108,57,42,70,112,20,6" hai2="121,135,110,103,7,52,24,54,41,16,18,25,55" hai3="13,21,60,71,119,86,90,105,36,97,62,29,50"/><W0/><G36/><T40/><D122/><U9/><E20/><V26/><F121/><W114/><G0/><T19/><D74/><U43/><E112/><V5/><F110/><W66/><G62/><T73/><D73/><U115/><E115/><V131/><F131/><W96/><G105/><T12/><D109/><U107/><E107/><V35/><F135/><W132/><G119/><T63/><D134/><U37/><E9/><V93/><F41/><W49/><G49/><T89/><D40/><U126/><E6/><V65/><F65/><W78/><G78/><N who="0" m="29707" /><D38/><N who="1" m="21591" /><E32/><V39/><F39/><W128/><G128/><T46/><D46/><N who="1" m="23919" /><E108/><V85/><F103/><W80/><G132/><T99/><D19/><N who="2" m="7210" /><F93/><W58/><G114/><T127/><D127/><U116/><E130/><V47/><F47/><W95/><G13/><T53/><D53/><U106/><E106/><V91/><F91/><W123/><G123/><T101/><D102/><U117/><E45/><V118/><F118/><N who="1" m="45673" /><E126/><V3/><F3/><W59/><G95/><T120/><D120/><U14/><E14/><V69/><F69/><AGARI ba="0,0" hai="56,57,68,69,70" m="45673,23919,21591" machi="69" ten="30,3900,0" yaku="12,1,34,2" doraHai="30" who="1" fromWho="2" sc="283,0,254,39,134,-39,329,0" owari="283,-11.7,293,9.3,95,-40.5,329,42.9" /></mjloggm>