<mjloggm ver="2.3"><GO type="169" lobby="0"/><UN n0="%E3%80%8E%E3%83%A8%E3%82%B9%E3%82%AC%E3%83%8E%E3%82%BD%E3%83%A9%E3%80%8F" n1="%63%61%72%6C%6F%73%6E" n2="%57%44%44%69%65" n3="%E6%97%A5%E9%99%B0%E3%81%95%E3%82%93" dan="17,17,16,17" rate="2173.43,2210.74,2087.58,2207.52" sx="M,M,M,F"/><TAIKYOKU oya="0"/><INIT seed="0,0,0,0,0,113" ten="250,250,250,250" oya="0" hai0="11,118,105,70,41,39,120,96,86,78,37,13,122" hai1="50,126,68,28,74,42,71,124,19,101,30,2,21" hai2="58,5,12,31,17,27,129,119,44,95,88,0,43" hai3="111,48,76,16,106,6,59,55,114,35,51,87,56"/><T26/><D70/><U69/><E74/><V52/><F129/><W32/><G114/><T109/><D109/><U20/><E2/><V15/><F0/><W100/><G6/><T66/><D66/><U54/><E42/><V132/><F132/><W25/><G111/><T64/><D64/><U98/><E30/><V38/><F5/><W115/><G115/><T133/><D133/><U112/><E28/><V81/><F81/><W90/><G76/><T85/><D26/><U8/><E8/><V10/><F15/><W117/><G117/><T94/><D105/><U121/><E121/><V24/><F31/><W46/><G100/><T91/><D118/><U102/><E112/><V67/><F67/><W4/><G4/><T99/><D41/><U135/><E135/><V134/><F134/><W9/><G106/><T33/><D33/><U73/><E73/><V127/><F119/><W92/><G56/><T82/><D122/><U123/><E123/><V72/><F72/><W110/><G110/><T83/><D99/><U3/><E3/><V65/><F65/><W89/><G89/><T128/><D128/><U84/><E84/><V23/><F127/><N who="1" m="48681" /><E19/><V57/><F10/><W47/><G59/><T103/><REACH who="0" step="1"/><D120/><REACH who="0" ten="240,250,250,250" step="2"/><U75/><E98/><V93/><F27/><W125/><G125/><T14/><D14/><U40/><E40/><V53/><F24/><W97/><G97/><T22/><D22/><U61/><E69/><V1/><F1/><W36/><G25/><T80/><D80/><U60/><E71/><V130/><F130/><W62/><G32/><T63/><D63/><RYUUKYOKU ba="0,1" sc="240,30,250,-10,250,-10,250,-10" hai0="11,13,37,39,78,82,83,85,86,91,94,96,103" /><INIT seed="0,1,1,4,0,99" ten="270,240,240,240" oya="0" hai0="3,73,117,127,120,105,76,7,82,19,35,52,62" hai1="44,66,71,5,85,54,111,102,0,135,25,106,104" hai2="1,32,72,133,38,33,121,78,27,6,2,31,39" hai3="47,115,29,97,119,103,129,67,63,61,126,90,112"/><T30/><D117/><U40/><E111/><V59/><F121/><W93/><G119/><T57/><D120/><U100/><E135/><V123/><F123/><W75/><G75/><T9/><D105/><U113/><E113/><V124/><F133/><W79/><G79/><T43/><D127/><U55/><E106/><V41/><F124/><W4/><G126/><T23/><D35/><U21/><E104/><V24/><F59/><W107/><G129/><T92/><D30/><U26/><E26/><V36/><F41/><W45/><G4/><T60/><D92/><U46/><E5/><V114/><F114/><W91/><G91/><T37/><D62/><U98/><E0/><V108/><F108/><W110/><G110/><T50/><D50/><N who="1" m="26887" /><E71/><V81/><F6/><W34/><G63/><T87/><D87/><U101/><E66/><V74/><F72/><W132/><G132/><T70/><D70/><U15/><E15/><V131/><F131/><W96/><G112/><T88/><D88/><U20/><E98/><V56/><F56/><W10/><G115/><T58/><D58/><U49/><E85/><V51/><F51/><W109/><G109/><T28/><D28/><AGARI ba="1,1" hai="1,2,24,27,28,31,32,33,36,38,39,74,78,81" machi="28" ten="40,8000,1" yaku="9,1,33,3" doraHai="99" who="2" fromWho="0" sc="270,-83,240,0,240,93,240,0" /><INIT seed="1,0,0,5,2,68" ten="187,240,333,240" oya="1" hai0="33,103,52,63,133,104,82,40,76,38,99,66,19" hai1="41,5,25,73,90,128,123,83,96,118,126,35,89" hai2="106,9,28,1,47,98,80,2,11,131,67,58,85" hai3="14,60,91,84,134,51,16,119,10,39,124,62,57"/><U55/><E118/><V78/><F28/><W121/><G121/><T12/><D33/><U116/><E116/><V74/><F131/><W72/><G119/><T129/><D129/><U8/><E123/><V114/><F114/><W107/><G72/><T70/><D133/><U42/><E128/><V27/><F27/><W93/><G107/><T15/><D19/><U45/><E126/><V115/><F115/><W88/><G134/><T125/><D125/><U29/><E55/><V23/><F23/><W22/><G39/><T65/><D65/><U120/><E120/><V32/><F32/><W36/><G36/><T71/><D71/><U86/><E73/><V64/><F47/><W49/><G62/><T3/><D3/><U135/><E135/><V112/><F112/><W43/><G43/><T48/><D40/><U111/><E111/><V102/><F58/><W6/><G91/><T31/><D31/><U87/><E96/><V122/><F122/><W50/><G124/><T100/><D100/><U4/><E8/><V54/><F54/><W79/><G79/><T30/><D30/><U110/><E42/><V69/><F69/><W20/><G6/><T17/><D17/><U34/><E35/><V81/><F9/><W97/><G97/><T24/><D24/><U61/><E61/><V7/><F2/><W44/><G44/><T113/><D113/><U26/><E26/><V77/><AGARI ba="0,0" hai="1,7,11,64,67,74,77,78,80,81,85,98,102,106" machi="77" ten="20,1500,0" yaku="0,1,7,1" doraHai="68" who="2" fromWho="2" sc="187,-4,240,-7,333,15,240,-4" /><INIT seed="2,0,0,3,2,50" ten="183,233,348,236" oya="2" hai0="110,42,57,125,51,104,8,33,128,18,96,95,115" hai1="98,93,97,91,11,45,20,59,82,108,123,65,62" hai2="74,72,47,37,26,90,6,48,54,58,131,85,56" hai3="122,2,69,87,32,16,94,5,133,73,39,92,44"/><V134/><F6/><W19/><G122/><T129/><D115/><U135/><E123/><V4/><F4/><W77/><G69/><T7/><D33/><U99/><E108/><V13/><F134/><W55/><G32/><T46/><D104/><U121/><E121/><V106/><F106/><W9/><G133/><T64/><D110/><U28/><E135/><V67/><F26/><W61/><G73/><T12/><D125/><U75/><E11/><V126/><F126/><W100/><G39/><T15/><D64/><U102/><E45/><V130/><F13/><W63/><G63/><T43/><D57/><U83/><E75/><V124/><F124/><W120/><G120/><T112/><D43/><U79/><E79/><V119/><F119/><W30/><G30/><T132/><D112/><U24/><REACH who="1" step="1"/><E98/><REACH who="1" ten="183,223,348,236" step="2"/><V17/><F74/><W14/><G77/><T111/><D132/><U3/><E3/><V41/><F72/><W105/><G2/><T36/><D111/><U66/><E66/><V60/><REACH who="2" step="1"/><F17/><REACH who="2" ten="183,223,338,236" step="2"/><W53/><G16/><T1/><D18/><U80/><E80/><AGARI ba="0,2" hai="37,41,47,48,54,56,58,60,67,80,85,90,130,131" machi="80" ten="40,7700,0" yaku="1,1,2,1,52,1,53,0" doraHai="50" doraHaiUra="22" who="2" fromWho="1" sc="183,0,223,-77,338,97,236,0" /><INIT seed="2,1,0,1,1,28" ten="183,146,435,236" oya="2" hai0="15,122,63,85,99,94,108,11,72,45,49,118,6" hai1="17,130,53,93,61,22,3,55,100,56,42,26,19" hai2="90,126,20,80,132,7,62,116,112,0,4,98,41" hai3="13,86,33,120,91,57,52,127,71,50,121,43,114"/><V16/><F112/><W131/><G71/><T119/><D122/><U47/><E3/><V1/><F116/><N who="0" m="44586" /><D72/><U84/><E130/><V25/><F41/><W44/><G33/><T39/><D39/><U30/><E55/><V101/><F132/><W51/><G131/><T79/><D63/><U54/><E54/><V133/><F133/><W96/><G127/><T24/><D24/><U97/><REACH who="1" step="1"/><E84/><REACH who="1" ten="183,136,435,236" step="2"/><N who="2" m="50439" /><F1/><W5/><G114/><T73/><D85/><U135/><E135/><V89/><F0/><W37/><G120/><T46/><D108/><U48/><AGARI ba="1,1" hai="17,19,22,26,30,42,47,48,53,56,61,93,97,100" machi="48" ten="20,5200,0" yaku="1,1,0,1,7,1,8,1,53,0" doraHai="28" doraHaiUra="111" who="1" fromWho="1" sc="183,-14,136,65,435,-27,236,-14" /><INIT seed="3,0,0,3,2,17" ten="169,201,408,222" oya="3" hai0="12,133,57,74,41,108,117,112,61,77,69,49,121" hai1="66,105,56,3,93,135,87,65,97,132,0,50,58" hai2="53,13,8,102,98,99,72,130,19,33,119,36,131" hai3="35,86,54,38,40,88,1,59,5,127,16,48,116"/><W47/><G116/><T73/><D117/><U6/><E105/><V123/><F119/><W68/><G35/><T113/><D121/><U18/><E87/><V85/><F72/><W128/><G128/><T92/><D108/><U126/><E126/><V111/><F111/><W101/><G127/><T82/><D69/><U90/><E6/><V80/><F33/><W24/><G68/><T7/><D133/><N who="1" m="51275" /><E18/><V91/><F36/><W51/><G101/><T120/><D120/><U84/><E97/><V76/><F123/><W78/><G78/><T22/><D74/><U79/><E79/><V60/><F76/><W4/><G38/><T83/><D83/><U95/><E95/><V94/><F99/><W34/><G1/><N who="1" m="586" /><E50/><V11/><F11/><W55/><G40/><T124/><D92/><U89/><E90/><V63/><REACH who="2" step="1"/><F53/><REACH who="2" ten="169,201,398,222" step="2"/><W71/><G34/><T96/><D77/><U37/><E37/><V23/><F23/><N who="3" m="13415" /><G71/><T75/><D75/><U52/><E52/><V45/><F45/><W21/><G21/><T122/><D22/><U118/><E118/><V42/><F42/><W106/><G106/><T110/><D41/><U10/><E10/><V134/><F134/><W64/><G64/><AGARI ba="0,1" hai="56,58,64,65,66,84,89,93" m="586,51275" machi="64" ten="30,1000,0" yaku="20,1" doraHai="17" who="1" fromWho="3" sc="169,0,201,20,398,0,222,-10" /><INIT seed="4,0,0,2,0,38" ten="169,221,398,212" oya="0" hai0="0,86,64,15,4,44,134,112,79,62,71,25,45" hai1="113,72,74,105,123,2,27,9,104,111,57,48,16" hai2="34,20,73,124,39,116,130,11,14,60,17,83,76" hai3="65,114,32,6,52,67,109,59,81,126,26,75,68"/><T119/><D119/><U23/><E111/><V13/><F116/><W61/><G109/><T36/><D112/><U88/><E123/><V100/><F130/><W115/><G126/><T87/><D134/><U7/><E113/><N who="3" m="43018" /><G6/><T125/><D125/><U3/><E3/><V29/><F124/><W117/><G117/><T70/><D70/><U53/><REACH who="1" step="1"/><E88/><REACH who="1" ten="169,211,398,212" step="2"/><V1/><F1/><W24/><G32/><T127/><D0/><U85/><E85/><V42/><F34/><W51/><G67/><T97/><D127/><U93/><E93/><V106/><F106/><AGARI ba="0,1" hai="2,7,9,16,23,27,48,53,57,72,74,104,105,106" machi="106" ten="40,2600,0" yaku="1,1,54,1,53,0" doraHai="38" doraHaiUra="84" who="1" fromWho="2" sc="169,0,211,36,398,-26,212,0" /><INIT seed="5,0,0,1,1,70" ten="169,247,372,212" oya="1" hai0="87,1,88,57,40,55,97,16,15,129,106,130,91" hai1="6,132,113,10,7,116,131,14,3,13,121,60,112" hai2="4,20,118,103,58,2,54,80,48,50,43,51,127" hai3="120,34,96,82,28,128,109,115,90,24,105,135,9"/><U19/><E60/><V64/><F118/><W62/><G120/><T44/><D1/><U8/><E116/><V79/><F127/><W36/><G109/><T65/><D65/><U100/><E100/><V101/><F2/><W66/><G115/><N who="1" m="44106" /><E121/><V124/><F4/><W94/><G128/><N who="0" m="49259" /><D106/><U63/><E63/><V104/><F124/><W95/><G135/><T134/><D97/><U81/><E81/><V39/><F64/><W37/><G105/><T56/><D134/><U46/><E46/><V17/><F104/><W99/><G9/><N who="0" m="6255" /><D55/><U117/><E131/><V32/><F103/><W74/><G74/><T61/><D61/><U27/><E117/><V111/><F101/><W72/><G72/><T11/><D11/><N who="1" m="6591" /><E132/><V49/><F80/><W83/><G83/><N who="0" m="49279" /><D91/><U30/><E27/><V133/><F133/><W75/><G75/><T38/><AGARI ba="0,0" hai="38,40,44,56,57" m="49279,6255,49259" machi="38" ten="30,7900,0" yaku="19,1,52,1,54,2" doraHai="70" who="0" fromWho="0" sc="169,79,247,-39,372,-20,212,-20" /><INIT seed="6,0,0,3,4,93" ten="248,208,352,192" oya="2" hai0="95,89,110,70,108,64,125,116,61,65,51,14,85" hai1="82,10,133,62,30,134,104,102,123,131,91,66,128" hai2="107,126,96,25,106,0,90,20,1,7,58,47,9" hai3="39,18,68,109,56,121,76,48,97,88,122,63,118"/><V69/><F69/><W17/><G109/><T73/><D73/><U45/><E123/><V23/><F47/><W111/><G111/><T27/><D125/><U46/><E10/><V24/><F126/><W16/><G118/><T119/><D64/><U42/><E30/><V135/><F135/><N who="1" m="51721" /><E91/><V117/><F117/><N who="0" m="45130" /><D27/><U101/><E82/><V79/><F79/><W43/><G39/><T44/><D14/><U41/><E102/><V28/><F58/><W57/><G76/><T21/><D21/><U49/><E101/><V52/><F52/><AGARI ba="0,0" hai="44,51,52,61,65,70,85,89,95,108,110" m="45130" machi="52" ten="30,2000,0" yaku="12,1,54,1" doraHai="93" who="0" fromWho="2" sc="248,20,208,0,352,-20,192,0" /><INIT seed="7,0,0,2,1,105" ten="268,208,332,192" oya="3" hai0="49,131,32,6,25,61,109,115,90,72,64,110,134" hai1="77,4,58,92,45,91,40,89,125,42,55,87,15" hai2="79,35,107,70,51,2,20,38,99,22,53,85,76" hai3="41,126,50,112,31,111,60,52,104,103,36,47,59"/><W108/><G31/><T86/><D134/><U17/><E125/><V114/><F38/><W46/><G126/><T19/><D131/><U117/><E117/><V83/><F70/><W93/><G104/><T71/><D115/><U10/><E77/><V97/><F35/><W106/><G106/><T98/><D6/><U120/><E120/><V54/><F2/><W78/><G78/><T69/><D69/><U24/><E45/><V82/><F107/><W130/><G130/><T119/><D119/><U14/><E89/><V66/><F66/><W118/><G118/><T44/><D98/><U30/><E24/><V43/><F43/><W9/><G9/><T88/><D72/><U102/><E102/><V39/><F39/><W75/><G75/><T16/><D90/><U129/><E30/><V68/><F68/><W65/><REACH who="3" step="1"/><G112/><REACH who="3" ten="268,208,332,182" step="2"/><T81/><D110/><U122/><E129/><V48/><F114/><W100/><G100/><T67/><D109/><U116/><E116/><V37/><F79/><W113/><G113/><T133/><D88/><U123/><E123/><V128/><F76/><W95/><G95/><T135/><D135/><U11/><REACH who="1" step="1"/><E122/><REACH who="1" ten="268,198,332,182" step="2"/><V132/><F132/><W1/><G1/><T73/><D133/><U124/><E124/><V62/><F128/><W121/><G121/><T96/><D73/><U74/><E74/><V12/><F83/><W0/><G0/><T5/><D81/><U18/><E18/><V28/><F82/><W56/><G56/><T13/><D16/><U26/><E26/><V63/><F28/><W33/><G33/><T3/><D32/><RYUUKYOKU ba="0,2" sc="268,-15,198,15,332,-15,182,15" hai1="4,10,11,14,15,17,40,42,55,58,87,91,92" hai3="36,41,46,47,50,52,59,60,65,93,103,108,111" /><INIT seed="7,1,2,3,5,120" ten="253,213,317,197" oya="3" hai0="19,6,87,16,44,57,127,43,56,94,115,9,54" hai1="73,42,78,96,114,55,51,126,33,23,125,59,75" hai2="106,53,12,46,118,15,117,65,109,88,122,34,1" hai3="101,4,2,77,68,72,36,107,64,85,71,102,3"/><W60/><G68/><T76/><D127/><N who="1" m="48651" /><E33/><V40/><F34/><W38/><G102/><T10/><D115/><U24/><E114/><V82/><F1/><N who="3" m="11" /><G85/><T104/><D104/><U52/><E42/><V100/><F65/><W116/><G4/><T103/><D6/><U47/><E96/><V93/><F106/><W84/><G84/><T113/><D113/><U121/><E78/><V97/><F122/><W37/><G116/><T130/><D130/><U123/><E123/><V80/><F118/><W45/><G45/><T50/><D57/><U35/><E35/><V27/><F46/><W91/><G91/><N who="0" m="53631" /><D76/><U83/><E83/><V132/><F82/><N who="3" m="45351" /><G36/><T81/><D103/><U129/><E121/><V119/><F100/><W48/><G48/><N who="0" m="30791" /><D81/><U105/><E105/><V110/><F80/><W67/><G67/><T124/><D124/><U108/><E129/><V22/><F119/><W18/><G18/><AGARI ba="1,2" hai="9,10,16,18,19,43,44,50" m="30791,53631" machi="18" ten="30,2000,0" yaku="8,1,54,1" doraHai="120" who="0" fromWho="3" sc="253,43,213,0,317,0,197,-23" owari="296,9.6,213,-18.7,317,41.7,174,-32.6" /></mjloggm>