<mjloggm ver="2.3"><GO type="169" lobby="0"/><UN n0="%6D%62%72%63%68%61%6E" n1="%73%79%75%70%6F%6E" n2="%65%6B%61%72%75%74%65" n3="%E9%A2%A8%E7%B8%AB" dan="16,17,16,16" rate="2133.87,2209.09,2097.40,2130.55" sx="M,M,M,M"/><TAIKYOKU oya="0"/><INIT seed="0,0,0,1,3,107" ten="250,250,250,250" oya="0" hai0="108,134,31,3,7,2,80,116,113,112,44,101,61" hai1="123,119,4,68,63,37,23,16,49,93,30,91,28" hai2="94,122,114,64,57,85,92,1,99,10,106,77,19" hai3="50,126,104,127,35,67,34,9,84,72,100,74,98"/><T69/><D116/><U33/><E37/><V59/><F122/><W115/><G115/><T52/><D134/><U46/><E123/><V27/><F114/><W121/><G121/><T45/><D101/><U42/><E119/><V110/><F110/><W97/><G67/><T55/><D31/><U135/><E135/><V118/><F118/><W71/><G97/><T54/><D108/><U58/><E4/><V129/><F129/><W78/><G50/><T8/><D3/><U13/><E68/><V5/><F106/><W79/><G71/><T111/><D111/><U56/><E33/><V12/><F27/><W17/><G17/><T25/><D25/><U15/><E15/><V109/><F109/><W62/><G62/><T133/><D133/><U86/><REACH who="1" step="1"/><E56/><REACH who="1" ten="250,240,250,250" step="2"/><V48/><F59/><W83/><G9/><T53/><D113/><U81/><E81/><V26/><F57/><W117/><G117/><T131/><D112/><U70/><E70/><V22/><F12/><W87/><G34/><T6/><D6/><U125/><E125/><N who="3" m="47626" /><G35/><T96/><D131/><U0/><E0/><V40/><F5/><W38/><G38/><T120/><D120/><U76/><E76/><N who="3" m="29226" /><G83/><T32/><D32/><U51/><E51/><V73/><F48/><W89/><G89/><T82/><D82/><U43/><E43/><V132/><F40/><W105/><G105/><T66/><D80/><U36/><E36/><V24/><F132/><W90/><G90/><T11/><D2/><U21/><E21/><V41/><F22/><W18/><G18/><T47/><N who="0" m="13312" /><DORA hai="128" /><T102/><D7/><RYUUKYOKU ba="0,1" sc="250,10,240,10,250,-30,250,10" hai0="8,11,44,45,47,61,66,69,96,102" hai1="13,16,23,28,30,42,46,49,58,63,86,91,93" hai3="72,74,84,87,98,100,104" /><INIT seed="0,1,1,5,2,97" ten="260,250,220,260" oya="0" hai0="109,48,32,31,99,22,72,49,116,89,0,8,114" hai1="111,6,121,13,62,30,53,84,69,133,33,83,42" hai2="70,61,35,106,10,15,126,73,36,112,67,9,27" hai3="18,57,124,92,82,39,91,120,132,23,125,12,129"/><T64/><D114/><U5/><E121/><V59/><F112/><W38/><G120/><T40/><D116/><U47/><E111/><V16/><F73/><W43/><G132/><T88/><D32/><U96/><E133/><V20/><F36/><W63/><G82/><T101/><D72/><U90/><E30/><V55/><F126/><N who="3" m="48747" /><G43/><T117/><D117/><U103/><E33/><V98/><F35/><W118/><G129/><T2/><D109/><U87/><E13/><V127/><F127/><W29/><G29/><T50/><D64/><U135/><E84/><V1/><F1/><W86/><G118/><T119/><D119/><U113/><E135/><V14/><F10/><W25/><G12/><T134/><D134/><U105/><E113/><V34/><F34/><W94/><G94/><T100/><D40/><U44/><E44/><V60/><REACH who="2" step="1"/><F9/><REACH who="2" ten="260,250,210,260" step="2"/><W51/><G51/><T45/><D8/><U41/><E41/><V78/><F78/><W95/><G95/><T19/><D2/><U21/><E105/><V54/><F54/><AGARI ba="1,2" hai="18,23,25,38,39,54,57,63,86,91,92" m="48747" machi="54" ten="30,1000,0" yaku="18,1" doraHai="97" who="3" fromWho="2" sc="260,0,250,0,210,-13,260,33" /><INIT seed="1,0,0,1,4,86" ten="260,250,197,293" oya="1" hai0="57,123,66,64,10,27,129,77,128,30,91,65,9" hai1="115,109,41,104,4,46,26,85,68,54,8,130,22" hai2="76,96,75,32,117,116,31,94,53,37,133,52,111" hai3="92,135,97,131,44,87,132,49,36,69,102,1,108"/><U110/><E115/><V3/><F37/><W34/><G1/><T134/><D77/><U42/><E104/><V98/><F3/><W50/><G34/><T51/><D134/><N who="3" m="51241" /><G69/><T11/><D123/><U20/><E68/><V122/><F133/><W17/><G108/><N who="1" m="41578" /><E130/><N who="0" m="50281" /><D91/><U14/><E20/><V78/><F122/><W126/><G126/><T29/><D27/><U56/><E46/><V103/><F111/><W61/><G131/><T84/><D84/><U24/><E24/><V71/><F71/><W113/><G113/><T45/><D57/><U59/><E59/><V90/><F31/><N who="0" m="11786" /><D51/><N who="1" m="30815" /><E85/><V18/><F32/><W35/><G61/><T101/><D45/><U38/><E38/><V58/><F53/><W89/><G35/><T93/><D93/><U81/><E81/><V106/><F75/><W105/><G17/><AGARI ba="0,0" hai="4,8,14,17,22,26,41,42" m="30815,41578" machi="17" ten="30,2900,0" yaku="14,1,10,1" doraHai="86" who="1" fromWho="3" sc="260,0,250,29,197,0,293,-29" /><INIT seed="1,1,0,4,1,5" ten="260,279,197,264" oya="1" hai0="111,126,72,57,45,52,6,90,25,36,69,17,38" hai1="20,43,39,124,63,33,41,4,122,26,44,73,58" hai2="3,68,93,59,47,14,129,66,107,83,0,77,97" hai3="23,64,118,9,67,56,53,102,60,114,40,49,135"/><U125/><E73/><V16/><F129/><W112/><G23/><T96/><D69/><U54/><E122/><V133/><F133/><W108/><G108/><T95/><D111/><U79/><E79/><V46/><F68/><W31/><G31/><T105/><D126/><U106/><E106/><V80/><F107/><W127/><G127/><T28/><D72/><U76/><E76/><V8/><F3/><W115/><G102/><T85/><D6/><U34/><E124/><V29/><F29/><W21/><G21/><T88/><D17/><U87/><E125/><V51/><F0/><W12/><G118/><T10/><D10/><U24/><E24/><V120/><F120/><W131/><G131/><T70/><D70/><U119/><E119/><V42/><F47/><N who="3" m="25831" /><G9/><T50/><D45/><U110/><E110/><V32/><F32/><W121/><G12/><T99/><D99/><U55/><E41/><V30/><F30/><W62/><G135/><T15/><D15/><U123/><E123/><V75/><F75/><W2/><G2/><T92/><REACH who="0" step="1"/><D105/><REACH who="0" ten="250,279,197,264" step="2"/><U103/><E4/><V11/><F11/><W130/><G130/><T74/><D74/><U78/><E26/><V89/><REACH who="2" step="1"/><F77/><REACH who="2" ten="250,279,187,264" step="2"/><W18/><G121/><T71/><D71/><U1/><E78/><V113/><F113/><W7/><G7/><T27/><D27/><U116/><E116/><V65/><F65/><N who="3" m="25163" /><G18/><T61/><D61/><AGARI ba="1,2" hai="8,14,16,42,46,51,59,61,66,80,83,89,93,97" machi="61" ten="40,8000,1" yaku="1,1,8,1,52,1,54,1,53,1" doraHai="5" doraHaiUra="94" who="2" fromWho="0" sc="250,-83,279,0,187,103,264,0" /><AGARI ba="1,0" hai="53,56,60,61,62,112,114,115" m="25163,25831" machi="61" ten="40,2600,0" yaku="34,2" doraHai="5" who="3" fromWho="0" sc="167,-26,279,0,290,0,264,26" /><INIT seed="2,0,0,0,4,68" ten="141,279,290,290" oya="2" hai0="48,13,22,18,93,28,36,19,131,8,0,54,99" hai1="129,115,29,12,69,101,98,41,58,33,2,49,83" hai2="105,110,17,37,43,130,134,84,24,64,111,16,38" hai3="67,27,66,107,97,104,117,52,119,65,75,71,3"/><V122/><F122/><W62/><G3/><T61/><D131/><U94/><E115/><V124/><F130/><W23/><G75/><T21/><D0/><U103/><E69/><V102/><F124/><W73/><G73/><T133/><D133/><U127/><E129/><V135/><F64/><W90/><G71/><T86/><D36/><N who="2" m="13930" /><F43/><W10/><G10/><T106/><D106/><U92/><E2/><V113/><F113/><W74/><G74/><T77/><D61/><U91/><E41/><V100/><F84/><W15/><G15/><T14/><D28/><U126/><E29/><V80/><F80/><W9/><G9/><T47/><D8/><U112/><E83/><V45/><F45/><W31/><G104/><T51/><D51/><U44/><E44/><V82/><F82/><W55/><G107/><T120/><D120/><U57/><E49/><V53/><F53/><W89/><G55/><T76/><REACH who="0" step="1"/><D86/><REACH who="0" ten="131,279,290,290" step="2"/><U116/><E112/><V34/><F105/><W85/><G85/><T72/><D72/><U78/><E126/><V56/><F135/><W125/><G125/><T11/><D11/><U39/><E127/><V81/><F134/><W7/><G62/><T59/><D59/><U35/><E39/><V1/><F56/><W4/><G31/><T87/><D87/><U20/><E57/><V95/><F1/><W60/><G60/><T70/><D70/><U5/><E58/><V88/><F111/><W42/><G66/><T108/><D108/><U121/><E121/><V46/><F110/><W25/><G67/><T32/><D32/><U50/><E35/><RYUUKYOKU ba="0,1" sc="131,30,279,-10,290,-10,290,-10" hai0="13,14,18,19,21,22,47,48,54,76,77,93,99" /><INIT seed="3,1,1,4,4,96" ten="161,269,280,280" oya="3" hai0="104,135,118,57,80,84,102,79,67,111,123,93,51" hai1="30,73,113,99,24,112,12,19,127,85,100,90,20" hai2="59,49,133,116,54,124,41,10,66,0,56,60,7" hai3="9,68,95,81,64,13,94,98,17,8,34,89,77"/><W46/><G34/><T115/><D118/><U36/><E127/><V71/><F116/><W27/><G46/><T92/><D123/><U23/><E73/><V83/><F124/><W108/><G108/><T29/><D135/><U42/><E42/><V105/><F105/><W126/><G126/><T33/><D111/><U28/><E28/><V39/><F133/><W2/><G68/><T32/><D115/><U50/><E50/><V114/><F114/><W107/><G64/><T40/><D33/><U62/><E62/><V47/><REACH who="2" step="1"/><F83/><REACH who="2" ten="161,269,270,280" step="2"/><W3/><G107/><T21/><D104/><U1/><E112/><V91/><F91/><W101/><G89/><T26/><D32/><U38/><E113/><V48/><F48/><W15/><G95/><T37/><D37/><U106/><REACH who="1" step="1"/><E1/><REACH who="1" ten="161,259,270,280" step="2"/><V65/><F65/><W110/><G2/><T134/><D134/><U74/><E74/><V76/><F76/><W87/><G3/><T18/><D67/><U53/><E53/><V128/><F128/><W125/><G125/><T70/><D40/><U61/><E61/><V11/><F11/><N who="3" m="4171" /><G110/><T63/><D63/><U58/><E58/><AGARI ba="1,3" hai="0,7,10,39,41,47,49,54,56,58,59,60,66,71" machi="58" ten="30,8000,1" yaku="1,1,7,1,24,2,53,1" doraHai="96" doraHaiUra="35" who="2" fromWho="1" sc="161,0,259,-83,270,113,280,0" /><INIT seed="4,0,0,1,4,43" ten="161,176,383,280" oya="0" hai0="0,104,113,101,65,96,15,115,79,5,40,53,106" hai1="19,50,102,108,7,63,66,56,8,6,46,26,127" hai2="16,118,31,39,72,28,35,125,77,60,134,71,20" hai3="34,29,49,23,47,12,70,30,110,9,85,24,135"/><T1/><D106/><U122/><E108/><V121/><F121/><W95/><G135/><T117/><D117/><U54/><E122/><V133/><F39/><W124/><G70/><T105/><D105/><U111/><E111/><V52/><F35/><W109/><G124/><T4/><D65/><U98/><E127/><V37/><F37/><W80/><G95/><T22/><D79/><U107/><REACH who="1" step="1"/><E26/><REACH who="1" ten="161,166,383,280" step="2"/><V100/><F125/><W41/><G109/><T78/><D1/><U18/><E18/><V25/><F16/><N who="3" m="12391" /><G110/><T51/><D0/><U83/><E83/><V91/><F25/><W13/><G34/><T94/><D5/><U116/><E116/><V81/><F118/><W11/><G30/><T97/><D4/><U90/><E90/><V36/><F91/><N who="3" m="51623" /><G29/><T130/><D78/><U62/><E62/><V69/><F31/><W42/><G13/><AGARI ba="0,1" hai="6,7,8,13,19,46,50,54,56,63,66,98,102,107" machi="13" ten="40,2600,0" yaku="1,1,52,1,53,0" doraHai="43" doraHaiUra="119" who="1" fromWho="3" sc="161,0,166,36,383,0,280,-26" /><INIT seed="5,0,0,0,2,77" ten="161,202,383,254" oya="1" hai0="108,30,128,76,121,92,73,17,112,72,9,122,103" hai1="130,101,8,75,25,62,114,7,109,63,71,90,107" hai2="113,129,100,59,131,31,33,116,4,106,32,115,38" hai3="18,3,117,22,134,16,41,6,12,49,28,15,94"/><U81/><E114/><N who="2" m="43531" /><F116/><W79/><G94/><T50/><D112/><U35/><E130/><N who="2" m="49675" /><F38/><W84/><G117/><T86/><D128/><U26/><E109/><V2/><F106/><W5/><G134/><T61/><D30/><U132/><E132/><V124/><F100/><W110/><G110/><T34/><D34/><N who="2" m="13418" /><F59/><W21/><G49/><T23/><D108/><U133/><E101/><V53/><F53/><W54/><G54/><T93/><D61/><U57/><E107/><V13/><F31/><W119/><G41/><T14/><D50/><U120/><E57/><V65/><F65/><W105/><G119/><T96/><D93/><U88/><E133/><V95/><F95/><W104/><G28/><T126/><D126/><U135/><E135/><V20/><F124/><W97/><G97/><T60/><D60/><U87/><E63/><V0/><F20/><W69/><G69/><T74/><D23/><U78/><E35/><V83/><F83/><W51/><G51/><T98/><D98/><U19/><E71/><V102/><F102/><W70/><G70/><T36/><D36/><U45/><E62/><V66/><F66/><W85/><G79/><T52/><D52/><U68/><E78/><V48/><F48/><W80/><G80/><T39/><D39/><U111/><E111/><V99/><F99/><W64/><G64/><T123/><D86/><U27/><E87/><V55/><F55/><W44/><G44/><T40/><D76/><U67/><E67/><V118/><F118/><W1/><AGARI ba="0,0" hai="1,3,5,6,12,15,16,18,21,22,84,85,104,105" machi="1" ten="25,6400,0" yaku="0,1,22,2,54,1" doraHai="77" who="3" fromWho="3" sc="161,-16,202,-32,383,-16,254,64" /><INIT seed="6,0,0,5,4,135" ten="145,170,367,318" oya="2" hai0="86,101,9,46,60,122,41,40,14,112,117,66,110" hai1="119,79,16,31,38,26,37,106,48,87,107,36,25" hai2="55,126,97,30,83,49,68,12,56,134,98,118,93" hai3="50,131,64,7,77,4,70,76,100,80,74,10,129"/><V43/><F118/><W111/><G111/><T28/><D122/><U19/><E119/><V3/><F3/><N who="3" m="287" /><G76/><T65/><D117/><U81/><E48/><V8/><F126/><W114/><G50/><T128/><D110/><U59/><E59/><V92/><F134/><W105/><G7/><T90/><D112/><U103/><E103/><V116/><F116/><W120/><G120/><T63/><D128/><N who="3" m="49225" /><G114/><T123/><D123/><U115/><E115/><V29/><F68/><W6/><G6/><T53/><D101/><U44/><E44/><V13/><F83/><W125/><G125/><T22/><D53/><U130/><E130/><V17/><F13/><W54/><G54/><T82/><D9/><U47/><E47/><V88/><REACH who="2" step="1"/><F43/><REACH who="2" ten="145,170,357,318" step="2"/><W71/><G64/><T94/><D82/><U109/><E109/><V0/><F0/><W127/><G127/><T121/><D121/><U95/><E81/><V104/><F104/><W58/><G58/><T108/><D108/><U73/><E107/><V99/><F99/><AGARI ba="0,1" hai="70,71,74,77,80,99,100,105" m="49225,287" machi="99" ten="30,2000,0" yaku="19,1,23,1" doraHai="135" who="3" fromWho="2" sc="145,0,170,0,357,-20,318,30" /><INIT seed="7,0,0,2,3,23" ten="145,170,337,348" oya="3" hai0="19,81,112,32,88,103,13,67,17,134,39,90,0" hai1="33,21,69,131,43,118,34,58,54,116,123,51,31" hai2="111,78,37,73,93,76,12,100,41,65,14,50,117" hai3="44,110,64,133,10,8,16,30,29,55,122,108,109"/><W125/><G122/><T2/><D39/><U126/><E126/><V46/><F111/><W1/><G133/><T74/><D134/><U52/><E69/><V97/><F117/><N who="1" m="45161" /><E131/><V15/><F73/><W82/><G64/><T61/><D32/><U124/><E124/><V94/><F65/><W59/><G44/><T80/><D103/><U38/><E123/><V84/><F37/><W83/><G125/><T60/><D112/><U95/><E95/><V85/><F94/><W72/><G16/><T11/><D19/><U3/><E3/><V4/><F4/><N who="3" m="1039" /><G10/><T20/><D61/><N who="1" m="36039" /><E43/><V18/><F18/><W45/><G45/><T89/><D74/><U68/><E68/><V66/><F66/><W62/><G83/><T35/><D35/><U42/><E42/><V86/><AGARI ba="0,0" hai="12,14,15,41,46,50,76,78,84,85,86,93,97,100" machi="86" ten="30,2000,0" yaku="0,1,8,1" doraHai="23" who="2" fromWho="2" sc="145,-5,170,-5,337,20,348,-10" owari="140,-36.0,165,-23.5,357,45.7,338,13.8" /></mjloggm>