<mjloggm ver="2.3"><GO type="169" lobby="0"/><UN n0="%E3%81%A9%E3%82%93%E3%81%9F%E3%82%83%E3%82%93" n1="%E3%81%A8%E3%82%8D%E3%82%8D%E3%81%9D%E3%81%B0" n2="%6C%6E%61%69" n3="%42%42%E3%81%A7%E3%81%99%E3%80%82" dan="16,17,16,17" rate="2182.78,2241.66,2041.46,2170.15" sx="F,M,M,M"/><TAIKYOKU oya="0"/><INIT seed="0,0,0,3,0,43" ten="250,250,250,250" oya="0" hai0="107,98,113,81,15,97,62,21,70,57,44,127,48" hai1="51,19,125,60,76,42,130,116,33,135,34,73,88" hai2="100,83,18,94,68,22,1,120,82,36,31,37,8" hai3="25,105,4,77,122,115,0,74,129,96,112,10,30"/><T17/><D113/><U104/><E116/><V85/><F120/><W54/><G129/><T119/><D119/><U32/><E104/><V2/><F2/><BYE who="2" /><W80/><G122/><T41/><D127/><U110/><E130/><UN n2="%6C%6E%61%69" /><V23/><F68/><W86/><G86/><T118/><D118/><U26/><E125/><V108/><F108/><W121/><G121/><T123/><D123/><U14/><E110/><V20/><F31/><W11/><G11/><T134/><D107/><U59/><E135/><V16/><F36/><W38/><G54/><T109/><D109/><U69/><E69/><V66/><F37/><W58/><G58/><T49/><D134/><U53/><E76/><V65/><F1/><W5/><G5/><T78/><D49/><U102/><E102/><V133/><F133/><W132/><G132/><T47/><D47/><U61/><E73/><V106/><F106/><W12/><G12/><T75/><REACH who="0" step="1"/><D70/><REACH who="0" ten="240,250,250,250" step="2"/><U90/><E61/><V29/><F29/><W114/><G38/><T111/><D111/><U13/><E60/><V128/><F128/><W45/><G45/><T124/><D124/><U64/><E51/><V40/><F40/><W99/><REACH who="3" step="1"/><G105/><REACH who="3" ten="240,250,250,240" step="2"/><T55/><AGARI ba="0,2" hai="15,17,21,41,44,48,55,57,62,75,78,81,97,98" machi="55" ten="20,12000,1" yaku="1,1,0,1,7,1,52,1,53,1" doraHai="43" doraHaiUra="46" who="0" fromWho="0" sc="240,140,250,-40,250,-40,240,-40" /><INIT seed="0,1,0,3,1,15" ten="380,210,210,200" oya="0" hai0="3,54,48,89,62,25,49,77,82,2,14,39,97" hai1="70,132,104,4,124,117,125,28,46,115,6,85,12" hai2="7,116,17,67,113,5,52,75,100,88,18,34,84" hai3="21,118,109,36,51,37,22,74,0,69,27,127,90"/><T123/><D39/><U94/><E70/><V26/><F113/><W56/><G118/><T114/><D114/><U8/><E104/><V80/><F75/><W47/><G0/><T19/><D123/><U45/><E115/><V66/><F116/><W133/><G69/><T9/><D25/><U106/><E106/><V119/><F119/><W68/><G68/><T122/><D122/><U32/><E117/><V134/><F134/><W83/><G133/><T72/><D62/><U78/><E4/><N who="2" m="1611" /><F34/><W79/><G109/><T24/><D24/><N who="1" m="18439" /><E132/><V129/><F129/><W38/><G127/><N who="1" m="48714" /><E78/><V10/><F100/><W43/><G90/><AGARI ba="1,0" hai="6,8,12,45,46,85,90,94" m="48714,18439" machi="90" ten="30,1000,0" yaku="18,1" doraHai="15" who="1" fromWho="3" sc="380,0,210,13,210,0,200,-13" /><INIT seed="1,0,0,0,4,114" ten="380,223,210,187" oya="1" hai0="82,14,28,93,68,110,17,109,23,67,66,27,35" hai1="111,44,25,56,37,8,20,113,77,55,47,130,105" hai2="3,54,88,34,10,46,43,50,19,6,16,0,49" hai3="133,80,131,95,1,86,59,4,30,41,81,87,7"/><U92/><E105/><V112/><F112/><W70/><G70/><T22/><D68/><U103/><E113/><V38/><F34/><W116/><G131/><T45/><D93/><U79/><E130/><V13/><F3/><W64/><G133/><T106/><D106/><U84/><E8/><V122/><F122/><W96/><G1/><T31/><D31/><U89/><E111/><N who="0" m="42505" /><D45/><U24/><E24/><V60/><F60/><N who="3" m="37919" /><G116/><T51/><D51/><U118/><E103/><V57/><F38/><W48/><G30/><T101/><D101/><U76/><E118/><V52/><F43/><W74/><G74/><T29/><D82/><N who="3" m="31849" /><G48/><T26/><AGARI ba="0,0" hai="14,17,22,23,26,27,28,29,35,66,67" m="42505" machi="26" ten="30,1100,0" yaku="14,1" doraHai="114" who="0" fromWho="0" sc="380,11,223,-5,210,-3,187,-3" /><INIT seed="2,0,0,5,1,107" ten="391,218,207,184" oya="2" hai0="11,114,128,98,95,126,72,123,53,46,64,50,41" hai1="57,84,28,130,1,115,77,75,25,116,124,24,101" hai2="71,102,43,91,68,97,121,39,48,9,37,63,27" hai3="86,125,47,110,58,133,79,19,23,118,103,93,132"/><V32/><F121/><W20/><G118/><T8/><D123/><U74/><E1/><V38/><F91/><W113/><G110/><T40/><D114/><U87/><E115/><V49/><F9/><N who="0" m="3658" /><D72/><U96/><E116/><V51/><F43/><W78/><G113/><T36/><D36/><U29/><E57/><V59/><F27/><W69/><G69/><T94/><D128/><U120/><E120/><V21/><F21/><W135/><G125/><T30/><D126/><U5/><E124/><V134/><F32/><W105/><G47/><T76/><D76/><U112/><E112/><V83/><F83/><W88/><G23/><T127/><D127/><U60/><E60/><V22/><F22/><W18/><G19/><T16/><D30/><U45/><E45/><V54/><REACH who="2" step="1"/><F134/><REACH who="2" ten="391,218,197,184" step="2"/><W117/><G117/><T14/><D41/><U62/><E25/><V99/><F99/><N who="3" m="61695" /><G58/><T35/><D35/><U90/><E96/><V67/><F67/><W6/><G6/><T100/><D40/><U56/><E5/><V129/><F129/><W3/><G3/><T15/><D64/><U17/><E130/><V34/><F34/><W42/><G42/><T119/><D119/><U104/><E24/><AGARI ba="0,1" hai="18,20,24,78,79,86,88,93,132,133,135" m="61695" machi="24" ten="30,2000,0" yaku="20,1,54,1" doraHai="107" who="3" fromWho="1" sc="391,0,218,-20,197,0,184,30" /><INIT seed="3,0,0,4,2,44" ten="391,198,197,214" oya="3" hai0="121,83,68,93,16,114,125,53,86,46,126,4,11" hai1="51,104,40,9,24,128,119,94,92,132,74,34,35" hai2="73,90,133,89,55,63,39,81,56,49,19,120,42" hai3="71,23,38,105,31,75,58,25,131,84,96,45,135"/><W50/><G71/><T115/><D68/><U79/><E104/><V60/><F133/><W130/><G75/><T65/><D65/><U32/><E132/><V26/><F120/><W27/><G135/><T20/><D93/><U101/><E128/><N who="3" m="49194" /><G84/><T80/><D121/><U61/><E119/><V109/><F109/><W111/><G111/><T3/><D53/><U1/><E61/><V52/><F39/><W91/><G58/><T54/><D54/><U15/><E1/><V18/><F73/><W17/><G38/><T76/><D46/><U110/><E110/><V72/><F42/><N who="3" m="24887" /><G91/><N who="2" m="34825" /><F72/><W7/><G7/><T47/><D47/><U77/><E74/><V97/><F97/><W123/><G123/><T117/><D83/><U102/><E79/><V98/><F98/><W78/><G78/><T48/><D117/><U108/><E77/><V66/><F81/><W33/><G96/><T107/><D107/><AGARI ba="0,0" hai="17,23,25,27,31,33,105,107" m="24887,49194" machi="107" ten="30,2900,0" yaku="19,1,52,1" doraHai="44" who="3" fromWho="0" sc="391,-29,198,0,197,0,214,29" /><INIT seed="3,1,0,0,5,114" ten="362,198,197,243" oya="3" hai0="97,16,81,43,119,117,98,64,54,82,102,5,26" hai1="95,124,4,32,66,34,84,56,27,125,107,70,39" hai2="60,128,51,57,33,122,67,8,45,59,36,15,49" hai3="96,62,108,13,90,101,7,135,118,91,17,103,92"/><W130/><G130/><T123/><D123/><U129/><E107/><V50/><F33/><W69/><G135/><T63/><D43/><U11/><E39/><V68/><F128/><W0/><G118/><T20/><D54/><U78/><E70/><V76/><F76/><W109/><G7/><T40/><D40/><U72/><E72/><V116/><F15/><W113/><G0/><T88/><D5/><U100/><E129/><V86/><F86/><W29/><G29/><T132/><D132/><U120/><E120/><V99/><F99/><W87/><G113/><T105/><D81/><U21/><E78/><V85/><F85/><W30/><G30/><T44/><D44/><U79/><E79/><V58/><F8/><W24/><G24/><T133/><D133/><U74/><E74/><V111/><F122/><W52/><G91/><T55/><D55/><U93/><E34/><V37/><F111/><N who="3" m="42571" /><G96/><T106/><D82/><U48/><E32/><V83/><F83/><W127/><G127/><T89/><D89/><U19/><E100/><V46/><F116/><W3/><G3/><T31/><D31/><U9/><E125/><V2/><F2/><W28/><G28/><T23/><D23/><U110/><E110/><V35/><F35/><W6/><G6/><T18/><D18/><U134/><E134/><V115/><F115/><W10/><G69/><T126/><D126/><U12/><E124/><V14/><F14/><W112/><G112/><T38/><D106/><U61/><E11/><V42/><F68/><W75/><G75/><T47/><D105/><U131/><E131/><RYUUKYOKU ba="1,0" sc="362,-15,198,-15,197,15,243,15" hai2="36,37,42,45,46,49,50,51,57,58,59,60,67" hai3="10,13,17,52,62,87,90,92,101,103" /><INIT seed="3,2,0,4,0,115" ten="347,183,212,258" oya="3" hai0="53,122,43,4,14,62,60,35,130,109,86,1,48" hai1="97,135,87,125,0,33,83,100,69,117,25,105,79" hai2="118,101,52,99,6,132,91,22,72,40,27,98,13" hai3="49,74,114,45,11,29,108,12,24,63,129,116,121"/><W56/><G114/><T2/><D122/><U17/><E0/><V127/><F72/><W32/><G74/><T85/><D35/><U3/><E3/><V39/><F127/><W124/><G129/><T126/><D43/><U47/><E125/><V44/><F132/><W55/><G124/><T46/><D126/><U84/><E135/><V51/><F118/><W93/><G108/><T88/><D1/><U133/><E133/><V26/><F91/><W77/><G77/><T70/><D2/><U28/><E47/><V42/><F42/><W120/><G93/><T73/><D73/><U76/><E17/><V65/><F65/><W128/><G128/><T18/><D109/><U119/><E69/><V104/><F99/><W9/><G9/><N who="0" m="6479" /><D70/><U19/><E19/><V5/><F13/><W71/><G71/><T66/><D130/><U110/><E110/><V75/><F75/><W64/><REACH who="3" step="1"/><G116/><REACH who="3" ten="347,183,212,248" step="2"/><T78/><D78/><U95/><E95/><V68/><F68/><W8/><G8/><T82/><D4/><AGARI ba="2,1" hai="4,11,12,24,29,32,45,49,55,56,63,64,120,121" machi="4" ten="30,5800,0" yaku="1,1,7,1,53,1" doraHai="115" doraHaiUra="31" who="3" fromWho="0" sc="347,-64,183,0,212,0,248,74" /><INIT seed="3,3,0,5,3,80" ten="283,183,212,322" oya="3" hai0="40,22,29,32,10,7,117,118,25,4,101,42,6" hai1="47,35,11,30,64,45,26,28,36,83,119,67,66" hai2="124,5,85,56,73,14,1,31,53,89,0,94,27" hai3="86,58,133,114,13,107,132,112,110,125,98,131,99"/><W111/><G58/><T122/><D101/><U100/><E119/><N who="0" m="45577" /><D42/><U57/><E100/><V55/><F73/><W8/><G131/><T41/><D41/><U70/><E70/><V68/><F68/><W74/><G74/><T3/><D40/><U127/><E36/><V78/><F124/><W60/><G60/><T75/><D75/><U33/><E127/><V92/><F78/><W69/><G69/><T128/><D122/><U61/><E11/><V17/><F5/><N who="0" m="2154" /><D128/><U106/><E106/><V88/><F27/><W105/><G13/><T50/><D50/><U24/><REACH who="1" step="1"/><E83/><REACH who="1" ten="283,173,212,322" step="2"/><V46/><F0/><W129/><G8/><T77/><D3/><U115/><E115/><V90/><F1/><W93/><G125/><T59/><D10/><U84/><E84/><V63/><F94/><W15/><G129/><T38/><D38/><U96/><E96/><V116/><F116/><W79/><G93/><T23/><D7/><U44/><AGARI ba="3,1" hai="24,26,28,30,33,35,44,45,47,57,61,64,66,67" machi="44" ten="30,12000,2" yaku="1,1,0,1,9,1,53,3" doraHai="80" doraHaiUra="43" who="1" fromWho="1" sc="283,-33,173,139,212,-33,322,-63" /><INIT seed="4,0,0,4,5,30" ten="250,312,179,259" oya="0" hai0="8,98,115,88,34,24,12,86,70,42,94,47,6" hai1="35,74,87,45,131,9,108,27,78,48,76,44,37" hai2="91,107,75,127,2,73,40,71,23,111,59,53,81" hai3="102,29,19,62,11,82,50,16,83,116,124,123,106"/><T41/><D70/><U56/><E108/><V112/><F111/><W109/><G116/><T132/><D115/><U93/><E74/><V1/><F71/><W85/><G109/><T89/><D132/><U57/><E131/><V80/><F107/><W22/><G124/><T92/><REACH who="0" step="1"/><D47/><REACH who="0" ten="240,312,179,259" step="2"/><U96/><E45/><V100/><F112/><W105/><G123/><T43/><D43/><U134/><E134/><V7/><F40/><W69/><G69/><T129/><D129/><U72/><E44/><V14/><F127/><W118/><G118/><T49/><D49/><U63/><E48/><V84/><F59/><W54/><G50/><T32/><D32/><U121/><E35/><V3/><F73/><W67/><G62/><T104/><D104/><U15/><E72/><V113/><F75/><W99/><G105/><T122/><D122/><U17/><E121/><V125/><F113/><W79/><G106/><T95/><D95/><U68/><E68/><V77/><F125/><W66/><G83/><T33/><D33/><U52/><E57/><V46/><F46/><W65/><G82/><T26/><D26/><U18/><E37/><V90/><F80/><W21/><G65/><T110/><D110/><U114/><E114/><V101/><F81/><W61/><G66/><T55/><D55/><U120/><E120/><V4/><F53/><W128/><G54/><T119/><D119/><U97/><E78/><V126/><F77/><W31/><G79/><T64/><D64/><U117/><E117/><V28/><F126/><W103/><G67/><T135/><D135/><U38/><E38/><RYUUKYOKU ba="0,1" sc="240,30,312,-10,179,-10,259,-10" hai0="6,8,12,24,34,41,42,86,88,89,92,94,98" /><INIT seed="4,1,1,1,0,70" ten="270,302,169,249" oya="0" hai0="58,36,24,123,54,21,132,46,122,62,97,121,80" hai1="6,64,114,28,5,104,39,103,8,100,111,89,12" hai2="55,98,92,15,18,56,129,1,91,105,26,74,66" hai3="53,134,77,45,126,76,135,109,59,102,101,84,133"/><T68/><D132/><U19/><E111/><V23/><F1/><W108/><G45/><T52/><D68/><U75/><E75/><V131/><F74/><W87/><G59/><T25/><D80/><U60/><E28/><V14/><F105/><W94/><G53/><T11/><D11/><U107/><E114/><V31/><F66/><W48/><G48/><T124/><D124/><U4/><E89/><V42/><F42/><W13/><G13/><T90/><D21/><U0/><E0/><V44/><F44/><W33/><G33/><T96/><D96/><U40/><E107/><V7/><F7/><W128/><G128/><T116/><D116/><U79/><E79/><N who="3" m="30282" /><G126/><T67/><D54/><U35/><E35/><V85/><F98/><N who="3" m="59607" /><G102/><T93/><REACH who="0" step="1"/><D67/><REACH who="0" ten="260,302,169,249" step="2"/><U118/><E118/><V72/><F72/><W125/><G125/><T10/><D10/><U27/><E104/><V65/><F65/><W20/><G20/><T3/><D3/><U37/><E40/><AGARI ba="1,2" hai="24,25,36,40,46,52,58,62,90,93,97,121,122,123" machi="40" ten="40,7700,0" yaku="1,1,52,1,54,1,53,0" doraHai="70" doraHaiUra="113" who="0" fromWho="1" sc="260,100,302,-80,169,0,249,0" /><INIT seed="4,2,0,0,4,100" ten="360,222,169,249" oya="0" hai0="101,76,97,57,69,78,11,2,116,0,9,118,132" hai1="33,83,18,67,8,91,130,41,81,110,72,21,107" hai2="17,82,66,55,113,121,123,131,48,31,125,19,129" hai3="80,4,105,87,53,79,14,86,32,50,112,22,84"/><T13/><D69/><U96/><E110/><V5/><F113/><W109/><G32/><T115/><D115/><U85/><E33/><V134/><F125/><W111/><G112/><T122/><D122/><U114/><E114/><V117/><F134/><W124/><G124/><T43/><D43/><U104/><E130/><N who="2" m="49675" /><F117/><W128/><G128/><T65/><D132/><U25/><E67/><V135/><F135/><W70/><G70/><T99/><D65/><U7/><E41/><V98/><F66/><W20/><G105/><T89/><D101/><U27/><E27/><V40/><F40/><W127/><G127/><T64/><D64/><U95/><E72/><V58/><F31/><W63/><G63/><T73/><D13/><U60/><E60/><V74/><F5/><W46/><G111/><T90/><REACH who="0" step="1"/><D73/><REACH who="0" ten="350,222,169,249" step="2"/><U108/><E108/><V94/><F121/><W120/><G120/><T35/><D35/><U44/><E44/><V54/><F123/><W61/><G109/><T37/><D37/><U28/><E28/><V15/><F15/><W47/><G14/><T12/><D12/><U51/><E7/><V3/><F55/><W38/><G4/><T10/><D10/><U133/><E133/><V29/><F29/><W92/><G53/><T36/><D36/><U34/><E34/><V45/><F45/><W88/><G38/><T23/><D23/><U126/><E126/><V119/><F74/><W1/><G22/><T68/><D68/><U75/><E8/><V103/><F103/><W39/><G47/><T77/><D77/><U62/><E75/><V59/><F54/><RYUUKYOKU ba="2,1" sc="350,30,222,-10,169,-10,249,-10" hai0="0,2,9,11,57,76,78,89,90,97,99,116,118" /><INIT seed="4,3,1,0,5,39" ten="380,212,159,239" oya="0" hai0="113,118,67,52,9,108,104,33,93,2,116,110,81" hai1="28,117,74,64,121,7,23,126,76,59,13,48,107" hai2="103,3,43,132,42,27,57,100,41,127,34,51,73" hai3="47,88,101,78,45,58,68,92,95,17,30,36,102"/><T75/><D104/><U12/><E107/><V83/><F3/><W96/><G68/><T25/><D67/><U79/><E117/><V60/><F127/><W66/><G30/><N who="0" m="19663" /><D93/><U128/><E121/><V87/><F73/><W70/><G70/><T61/><D61/><U56/><E74/><V6/><F6/><W133/><G133/><T15/><D52/><N who="1" m="31751" /><E126/><V109/><F109/><N who="0" m="42090" /><D2/><U86/><E64/><V0/><F0/><W22/><G78/><N who="0" m="44255" /><D113/><U131/><E59/><V4/><F132/><W112/><G112/><T26/><D26/><N who="1" m="16479" /><E7/><AGARI ba="3,1" hai="7,9,15,116,118" m="44255,42090,19663" machi="7" ten="30,1500,0" yaku="10,1" doraHai="39" who="0" fromWho="1" sc="380,34,212,-24,159,0,239,0" /><INIT seed="4,4,0,0,3,37" ten="414,188,159,239" oya="0" hai0="33,15,25,29,100,81,91,107,21,72,129,68,105" hai1="88,104,94,38,83,93,17,27,56,62,70,31,86" hai2="134,79,1,124,64,32,51,23,28,98,130,52,99" hai3="73,63,96,133,49,41,44,5,97,47,127,35,50"/><T84/><D129/><U45/><E70/><V59/><F1/><W87/><G73/><T67/><D72/><U60/><E104/><V66/><F32/><W22/><G35/><T110/><D110/><U78/><E17/><V126/><F130/><W111/><G111/><T102/><D102/><U89/><E89/><V12/><F134/><W53/><G133/><T0/><D0/><U4/><E4/><V11/><F79/><W48/><G127/><N who="2" m="48681" /><F23/><W10/><G63/><T103/><D103/><U39/><E94/><V108/><F28/><W2/><G50/><T18/><REACH who="0" step="1"/><D100/><REACH who="0" ten="404,188,159,239" step="2"/><U115/><E115/><V82/><F108/><W113/><G113/><T9/><D9/><U76/><E76/><V57/><F11/><W117/><G117/><T19/><D19/><U135/><E135/><V118/><F118/><W77/><G22/><T121/><D121/><U95/><E78/><V6/><F6/><W8/><G8/><T54/><D54/><U40/><E31/><V106/><F64/><W109/><G109/><T61/><AGARI ba="4,1" hai="15,18,21,25,29,33,61,67,68,81,84,91,105,107" machi="61" ten="30,6000,0" yaku="1,1,0,1,53,1" doraHai="37" doraHaiUra="65" who="0" fromWho="0" sc="404,82,188,-24,159,-24,239,-24" /><INIT seed="4,5,0,1,5,75" ten="486,164,135,215" oya="0" hai0="100,53,26,8,135,28,24,109,50,68,48,132,90" hai1="39,56,106,66,98,94,57,133,14,89,33,3,114" hai2="2,99,121,49,25,40,6,44,86,32,52,101,112" hai3="5,117,16,43,118,107,67,72,47,134,29,119,7"/><T125/><D68/><U15/><E3/><V10/><F121/><W127/><G107/><T87/><D125/><U110/><E110/><V0/><F112/><W82/><G29/><T51/><D100/><U59/><E33/><V95/><F0/><W61/><G134/><N who="0" m="51243" /><D8/><U41/><E133/><V83/><F32/><W13/><G127/><T78/><D109/><U12/><E106/><V126/><F25/><N who="0" m="9834" /><D28/><U54/><E66/><V130/><F130/><W60/><G82/><N who="0" m="47575" /><D90/><U77/><E114/><V31/><F31/><W104/><G72/><T122/><D122/><U38/><E77/><V4/><F126/><W20/><G104/><T85/><D85/><U103/><E103/><V116/><F116/><W45/><G118/><T102/><D102/><U35/><E35/><V120/><F120/><W63/><G119/><T17/><D17/><U113/><E113/><V96/><F6/><W1/><G117/><T97/><D97/><U80/><E80/><V55/><REACH who="2" step="1"/><F99/><REACH who="2" ten="486,164,125,215" step="2"/><W64/><G1/><T91/><D91/><AGARI ba="5,1" hai="2,4,10,40,44,49,52,55,83,86,91,95,96,101" machi="91" ten="30,7700,0" yaku="1,1,2,1,7,1,54,1,53,0" doraHai="75" doraHaiUra="73" who="2" fromWho="0" sc="486,-92,164,0,125,102,215,0" /><INIT seed="5,0,0,3,0,30" ten="394,164,227,215" oya="1" hai0="94,1,91,35,27,122,80,103,126,56,47,87,112" hai1="68,25,70,130,92,51,96,19,85,118,116,78,76" hai2="38,100,113,104,10,77,117,8,124,28,6,79,63" hai3="114,129,33,45,7,75,4,107,102,44,101,12,95"/><U13/><E130/><V125/><F117/><W22/><G107/><T121/><D1/><U52/><E25/><V66/><F38/><W18/><G75/><T123/><D112/><U2/><E2/><V50/><F113/><W90/><G33/><T84/><D126/><N who="2" m="48746" /><F50/><W43/><G129/><T29/><D47/><N who="3" m="17993" /><G43/><T5/><D5/><N who="3" m="2121" /><G114/><T14/><D14/><U26/><E26/><V132/><F132/><W98/><AGARI ba="0,0" hai="12,18,22,90,95,98,101,102" m="2121,17993" machi="98" ten="30,1100,0" yaku="8,1" doraHai="30" who="3" fromWho="3" sc="394,-3,164,-5,227,-3,215,11" /><INIT seed="6,0,0,5,1,132" ten="391,159,224,226" oya="2" hai0="39,6,62,17,8,10,52,15,18,120,33,86,12" hai1="27,125,97,90,80,112,77,34,7,92,0,82,95" hai2="99,117,102,9,79,55,104,107,49,21,44,59,124" hai3="40,1,32,94,110,37,5,87,29,78,93,64,105"/><V22/><F117/><W111/><G105/><T66/><D33/><U127/><E0/><V38/><F107/><W63/><G40/><T72/><D72/><U115/><E7/><V68/><F68/><W42/><G42/><T11/><D39/><U51/><E51/><V100/><F100/><W84/><G37/><T48/><D86/><N who="1" m="52311" /><E27/><V118/><F118/><W35/><G78/><T135/><D135/><U119/><E34/><V103/><F103/><W71/><G5/><T122/><D62/><U123/><E119/><V88/><F79/><W53/><G1/><T36/><D66/><U4/><E4/><V46/><F9/><W13/><G13/><T89/><D89/><N who="1" m="55535" /><E123/><V16/><F38/><W60/><G53/><T81/><D36/><U108/><E108/><V58/><F22/><W116/><G116/><T47/><D8/><U14/><E14/><V109/><F109/><W129/><G29/><T134/><D6/><U98/><E98/><V96/><F46/><W30/><G30/><T126/><D10/><U73/><E82/><V24/><F44/><W128/><G64/><T106/><D11/><U26/><E26/><V61/><F58/><W75/><G71/><T85/><D47/><U133/><E133/><V50/><F50/><W57/><G57/><T114/><D48/><U45/><E45/><V3/><F49/><W31/><G31/><T20/><D134/><U19/><E19/><V2/><F2/><W83/><G83/><T101/><D12/><U65/><E65/><V43/><F3/><W121/><G121/><N who="0" m="46699" /><D15/><U91/><E91/><V76/><F88/><RYUUKYOKU ba="0,0" sc="391,-15,159,15,224,-15,226,15" hai1="73,77,80,112,115,125,127" hai3="32,35,60,63,75,84,87,93,94,110,111,128,129" /><INIT seed="7,1,0,0,0,14" ten="376,174,209,241" oya="3" hai0="133,75,89,57,65,130,73,36,80,103,46,87,20" hai1="19,126,125,95,104,18,129,15,100,116,13,31,107" hai2="53,23,114,27,55,112,56,91,44,134,123,106,28" hai3="61,26,79,48,120,2,77,117,82,29,39,70,83"/><W50/><G39/><T42/><D133/><U6/><E6/><V81/><F106/><W98/><G2/><T3/><D3/><U118/><E31/><V78/><F134/><W131/><G117/><N who="1" m="45162" /><E95/><V11/><F123/><W127/><G120/><T132/><D130/><U74/><E74/><N who="2" m="43223" /><F11/><W101/><G127/><N who="1" m="48650" /><E129/><V121/><F121/><W59/><G70/><T86/><D80/><U108/><E108/><V109/><F109/><W90/><G90/><T97/><D89/><U37/><E37/><V93/><F44/><W76/><G131/><T72/><D46/><U122/><E122/><V40/><F40/><W41/><G41/><T102/><D42/><U68/><E68/><V52/><F56/><W51/><G101/><T63/><D57/><U67/><E67/><V32/><F32/><W9/><G77/><T124/><D65/><U34/><E34/><V33/><F33/><W135/><G76/><T49/><D36/><U17/><E100/><V7/><F7/><W113/><G79/><T99/><D103/><U4/><E15/><V60/><F60/><W43/><G61/><T105/><D63/><U110/><E110/><V62/><F62/><W5/><G5/><T84/><D102/><U58/><E58/><V30/><F28/><W1/><G29/><T54/><D124/><U24/><E24/><V66/><F66/><W35/><G26/><T0/><D0/><U69/><E69/><V88/><F93/><W92/><G1/><T128/><D128/><U119/><E119/><V21/><F21/><W94/><G35/><T16/><D20/><U22/><E22/><RYUUKYOKU ba="1,0" sc="376,-15,174,15,209,15,241,-15" hai1="4,13,17,18,19,104,107" hai2="23,27,30,52,53,55,88,91,112,114" owari="361,46.1,189,-31.1,224,-17.6,226,2.6" /></mjloggm>