<mjloggm ver="2.3"><GO type="169" lobby="0"/><UN n0="%74%65%63%68%74%6F" n1="%E5%A4%A9%E6%89%8D%E9%BA%BB%E5%B0%86%E6%99%BA%E4%B9%83" n2="%33%39%E3%81%95%E3%82%93" n3="%E5%A4%A9%E7%8B%90" dan="17,16,16,16" rate="2137.35,2179.73,2125.70,2124.45" sx="M,M,M,M"/><TAIKYOKU oya="0"/><INIT seed="0,0,0,1,1,17" ten="250,250,250,250" oya="0" hai0="76,129,70,88,120,14,97,16,39,92,59,67,44" hai1="26,116,18,11,103,81,13,126,65,68,113,5,10" hai2="45,34,54,60,112,64,0,55,58,66,80,84,99" hai3="121,71,83,8,4,27,48,85,62,105,69,19,117"/><T79/><D120/><U61/><E116/><V50/><F112/><W43/><G117/><T1/><D1/><U124/><E113/><V118/><F34/><W94/><G105/><T30/><D129/><U40/><E40/><V115/><F115/><W87/><G121/><T131/><D70/><U22/><E103/><V57/><F0/><W110/><G110/><T89/><D131/><U15/><REACH who="1" step="1"/><E81/><REACH who="1" ten="250,240,250,250" step="2"/><V56/><F118/><W72/><G43/><T9/><D89/><U78/><E78/><V37/><F37/><W132/><G83/><T93/><D93/><U53/><E53/><V77/><F55/><W29/><G94/><T42/><REACH who="0" step="1"/><D30/><AGARI ba="0,1" hai="5,10,11,13,15,18,22,26,30,61,65,68,124,126" machi="30" ten="40,2600,0" yaku="1,1,52,1,53,0" doraHai="17" doraHaiUra="41" who="1" fromWho="0" sc="250,-26,240,36,250,0,250,0" /><INIT seed="1,0,0,5,2,114" ten="224,276,250,250" oya="1" hai0="12,105,16,135,126,25,89,3,34,54,69,116,11" hai1="117,84,48,75,78,93,31,56,42,43,22,108,90" hai2="57,10,71,18,60,125,0,6,121,88,38,1,76" hai3="77,91,102,24,83,94,115,99,109,123,100,33,82"/><U36/><E36/><V27/><F121/><W110/><G33/><T21/><D105/><U51/><E117/><V92/><F38/><W53/><G24/><T106/><D106/><U59/><E108/><N who="3" m="41578" /><G53/><T49/><D69/><U41/><E78/><V19/><F71/><W86/><G115/><T14/><D135/><U85/><E75/><V79/><F0/><W96/><G123/><T45/><D126/><U2/><E85/><V17/><F125/><W80/><G77/><T124/><D124/><U122/><E2/><V134/><F134/><W74/><G74/><T9/><D116/><U118/><E118/><V13/><F1/><W133/><G133/><T87/><D34/><U104/><E104/><AGARI ba="0,0" hai="80,82,83,86,91,94,96,99,100,102,104" m="41578" machi="104" ten="30,3900,0" yaku="14,1,34,2" doraHai="114" who="3" fromWho="1" sc="224,0,276,-39,250,0,250,39" /><INIT seed="2,0,0,2,4,68" ten="224,237,250,289" oya="2" hai0="122,51,87,45,99,89,113,18,108,101,9,59,35" hai1="67,111,57,85,94,115,42,37,109,47,91,95,3" hai2="79,66,92,16,131,88,44,13,135,34,125,21,46" hai3="114,14,106,10,65,86,72,60,132,119,29,84,82"/><V77/><F34/><W100/><G119/><T93/><D122/><U118/><E118/><V30/><F125/><W128/><G132/><T41/><D113/><U26/><E115/><V48/><F131/><W27/><G114/><T97/><D108/><N who="1" m="41547" /><E3/><V8/><F135/><W120/><G120/><T75/><D75/><U12/><E12/><V110/><F110/><W40/><G40/><T127/><D35/><U103/><E26/><N who="2" m="16719" /><F48/><W17/><G128/><T133/><D127/><U33/><E33/><V90/><F90/><W62/><G72/><T55/><D133/><U56/><E67/><V76/><F66/><W116/><G116/><T124/><D124/><U104/><E104/><V2/><F2/><W58/><G106/><T126/><D126/><U49/><E49/><V25/><F25/><W123/><G123/><T24/><D101/><U69/><E69/><V70/><F70/><W105/><G100/><T19/><D9/><U43/><E43/><V130/><F130/><W64/><G105/><T39/><REACH who="0" step="1"/><D24/><REACH who="0" ten="214,237,250,289" step="2"/><U1/><E1/><V61/><F61/><W0/><G27/><T7/><D7/><U22/><E22/><V5/><F5/><W11/><G11/><T15/><D15/><U96/><AGARI ba="0,1" hai="37,42,47,56,57,85,91,94,95,96,103" m="41547" machi="96" ten="30,2000,0" yaku="14,1,52,1" doraHai="68" who="1" fromWho="1" sc="214,-5,237,30,250,-10,289,-5" /><INIT seed="3,0,0,3,3,7" ten="209,267,240,284" oya="3" hai0="38,50,121,129,43,120,97,52,64,84,117,58,86" hai1="124,26,92,17,96,112,127,6,76,135,89,80,48" hai2="104,11,75,131,37,94,10,82,111,57,95,123,77" hai3="56,125,122,69,78,98,88,109,99,31,21,63,24"/><W73/><G122/><T81/><D117/><U106/><E112/><V53/><F104/><W74/><G69/><T3/><D129/><U105/><E6/><V28/><F37/><W13/><G125/><N who="1" m="48202" /><E48/><V100/><F28/><W54/><G109/><T67/><D3/><U15/><E26/><V70/><F70/><W65/><G65/><T2/><D2/><U91/><E135/><V5/><F5/><W8/><G78/><T61/><D67/><U130/><E130/><V20/><F131/><W9/><G9/><T101/><D43/><U71/><E91/><V62/><F111/><W128/><G128/><T113/><D38/><U39/><E39/><V134/><F134/><W46/><G46/><T45/><D113/><U16/><E17/><V102/><F20/><W107/><G88/><T44/><D45/><U85/><E71/><V115/><F115/><W0/><G0/><T27/><D27/><U116/><E116/><V55/><F123/><W133/><G133/><T18/><D18/><U110/><E110/><V114/><F114/><W118/><G118/><T59/><D44/><U19/><E19/><V47/><F102/><W32/><G21/><AGARI ba="0,0" hai="15,16,21,76,80,85,89,92,96,105,106" m="48202" machi="21" ten="30,2000,0" yaku="18,1,54,1" doraHai="7" who="1" fromWho="3" sc="209,0,267,20,240,0,284,-20" /><INIT seed="4,0,0,2,0,18" ten="209,287,240,264" oya="0" hai0="116,129,9,94,126,39,104,78,88,133,119,61,6" hai1="110,5,99,50,81,49,14,52,23,11,48,57,124" hai2="65,66,84,10,7,79,95,108,96,55,0,63,114" hai3="41,28,3,86,89,100,123,24,60,115,26,25,132"/><T21/><D104/><U109/><E124/><V91/><F108/><W128/><G3/><T45/><D126/><U34/><E34/><V122/><F122/><W33/><G123/><T15/><D133/><U125/><E125/><V42/><F42/><W120/><G120/><T92/><D129/><U47/><E99/><V17/><F114/><W130/><G132/><T30/><D78/><U127/><E127/><V37/><F37/><W64/><G115/><T83/><D83/><U101/><E101/><V54/><F66/><W134/><G41/><T19/><D30/><U97/><E97/><V102/><F17/><W72/><G72/><T29/><D29/><U2/><E81/><V93/><REACH who="2" step="1"/><F79/><REACH who="2" ten="209,287,230,264" step="2"/><W121/><G121/><T35/><D39/><U44/><E110/><V32/><F32/><W98/><G134/><T43/><D35/><U46/><E109/><V16/><F16/><W135/><G135/><T76/><D76/><U20/><E2/><V71/><AGARI ba="0,1" hai="0,7,10,54,55,63,65,71,84,91,93,95,96,102" machi="71" ten="20,5200,0" yaku="1,1,0,1,7,1,53,1" doraHai="18" doraHaiUra="58" who="2" fromWho="2" sc="209,-26,287,-13,230,62,264,-13" /><INIT seed="5,0,0,1,3,44" ten="183,274,292,251" oya="1" hai0="11,58,2,126,71,26,83,49,69,73,22,59,38" hai1="40,114,94,67,1,5,81,134,32,7,129,61,75" hai2="100,21,54,66,55,30,31,8,28,63,127,115,74" hai3="25,9,62,133,123,121,109,43,110,88,106,131,50"/><U64/><E32/><V39/><F74/><W72/><G72/><T107/><D107/><U82/><E114/><V20/><F39/><W27/><G106/><T101/><D101/><U135/><E40/><V96/><F127/><W112/><G112/><T45/><D126/><U4/><E1/><V47/><F8/><W86/><G62/><T35/><D35/><U37/><E37/><V120/><F115/><W33/><G9/><T92/><D92/><U46/><E46/><V90/><F90/><W105/><G105/><T0/><D38/><U128/><E94/><V57/><F120/><W79/><G79/><T91/><D0/><U93/><E93/><V85/><F85/><W84/><G131/><N who="1" m="50250" /><E75/><V13/><F13/><W132/><G43/><T42/><D71/><N who="1" m="42383" /><E67/><V119/><F119/><W53/><G33/><T104/><D69/><U98/><E98/><V78/><F96/><W48/><G53/><T87/><D104/><U122/><E122/><V124/><F55/><W12/><G12/><T111/><D73/><U116/><E116/><V60/><F124/><W118/><G118/><T56/><D111/><U3/><E3/><V117/><F117/><W23/><G110/><T125/><D125/><U24/><E24/><V97/><F47/><W113/><G109/><T99/><D99/><U108/><E108/><V80/><F97/><W15/><G113/><T95/><D95/><U76/><E76/><V68/><F100/><W10/><G121/><T18/><REACH who="0" step="1"/><D59/><REACH who="0" ten="173,274,292,251" step="2"/><U41/><E41/><V89/><F78/><W36/><G36/><T14/><D14/><U29/><E29/><RYUUKYOKU ba="0,1" sc="173,10,274,10,292,10,251,-30" hai0="2,11,18,22,26,42,45,49,56,58,83,87,91" hai1="4,5,7,81,82,134,135" hai2="20,21,28,30,31,54,57,60,63,66,68,80,89" /><INIT seed="5,1,1,3,3,58" ten="183,284,302,221" oya="1" hai0="35,18,51,122,54,48,33,107,64,3,106,22,134" hai1="115,12,103,5,75,25,88,85,97,112,66,63,89" hai2="73,111,72,11,80,83,69,113,9,99,4,105,132" hai3="26,94,45,62,129,87,42,86,14,121,38,126,71"/><U93/><E75/><V29/><F111/><W70/><G121/><T41/><D3/><U82/><E25/><V125/><F29/><W100/><G126/><T52/><D41/><U28/><E28/><V109/><F109/><W10/><G129/><T84/><D64/><U53/><E53/><V6/><F99/><W24/><G100/><T31/><D134/><U130/><E130/><V76/><F105/><W17/><G71/><T27/><D122/><U108/><E108/><V127/><F69/><W36/><G36/><T59/><D84/><U21/><E103/><V77/><REACH who="2" step="1"/><F113/><REACH who="2" ten="183,284,292,221" step="2"/><W30/><G30/><T74/><D74/><U133/><E133/><AGARI ba="1,2" hai="4,6,9,11,72,73,76,77,80,83,125,127,132,133" machi="133" ten="25,6400,0" yaku="1,1,2,1,22,2,53,0" doraHai="58" doraHaiUra="56" who="2" fromWho="1" sc="183,0,284,-67,292,87,221,0" /><INIT seed="6,0,0,3,3,119" ten="183,217,379,221" oya="2" hai0="48,71,83,59,113,74,61,13,58,115,44,63,30" hai1="4,43,68,118,112,51,0,117,126,17,78,47,10" hai2="29,125,87,62,122,28,38,98,20,53,57,42,99" hai3="19,110,15,77,35,18,27,84,132,66,105,133,131"/><V3/><F3/><W130/><G105/><T111/><D74/><U49/><E68/><V50/><F125/><W103/><G103/><T102/><D102/><U90/><E126/><V114/><F114/><N who="0" m="43530" /><D30/><U37/><E112/><V2/><F2/><W128/><G110/><T36/><D13/><U11/><E90/><V72/><F72/><W70/><G77/><T16/><D83/><U21/><E11/><V81/><F38/><W41/><G84/><T89/><D16/><U107/><E107/><V97/><F20/><N who="3" m="13727" /><G35/><T60/><D89/><U91/><E91/><V95/><F95/><W85/><G85/><T23/><D23/><U9/><E9/><V8/><F8/><N who="3" m="6503" /><G41/><N who="0" m="22567" /><D111/><U135/><E78/><V134/><F87/><W1/><G1/><T14/><D14/><U116/><E135/><V93/><F134/><W34/><G34/><T39/><D39/><U88/><E88/><V64/><F81/><W56/><G133/><T40/><D71/><U24/><AGARI ba="0,0" hai="0,4,10,17,21,24,37,43,47,49,51,116,117,118" machi="24" ten="30,1100,0" yaku="0,1" doraHai="119" who="1" fromWho="1" sc="183,-3,217,11,379,-5,221,-3" /><INIT seed="7,0,0,4,4,84" ten="180,228,374,218" oya="3" hai0="80,41,26,4,14,60,18,113,62,34,9,44,126" hai1="127,56,67,82,74,108,53,69,3,102,54,91,103" hai2="99,111,42,86,50,81,128,32,40,39,112,76,58" hai3="48,121,19,23,68,134,6,133,2,119,12,8,95"/><W37/><G37/><T22/><D126/><U97/><E108/><V125/><F111/><W124/><G68/><T7/><D113/><U116/><E3/><V15/><F39/><W106/><G106/><T105/><D105/><U65/><E69/><V35/><F125/><W115/><G124/><T30/><D4/><U71/><E71/><V117/><F117/><W110/><G110/><T63/><D80/><U57/><E116/><V16/><F42/><W55/><G119/><T92/><D92/><N who="1" m="56479" /><E82/><V120/><F120/><W27/><G121/><T66/><D66/><N who="1" m="25099" /><E74/><V61/><F35/><W51/><G115/><T5/><REACH who="0" step="1"/><D34/><REACH who="0" ten="170,228,374,218" step="2"/><U45/><E127/><V43/><F32/><W0/><G95/><T38/><AGARI ba="0,1" hai="5,7,9,14,18,22,26,30,38,41,44,60,62,63" machi="38" ten="30,4000,0" yaku="1,1,2,1,0,1,53,0" doraHai="84" doraHaiUra="93" who="0" fromWho="0" sc="170,50,228,-10,374,-10,218,-20" owari="220,2.0,218,-18.2,364,46.4,198,-30.2" /></mjloggm>