<mjloggm ver="2.3"><GO type="169" lobby="0"/><UN n0="%73%61%6E%67%6F%64%64%6F" n1="%E3%81%8D%E3%81%84%E3%81%AA" n2="%E3%81%82%E3%81%BE%E3%81%82%E3%82%93" n3="%64%69%76%61" dan="17,17,16,16" rate="2173.71,2168.25,2081.62,2046.30" sx="M,F,M,M"/><TAIKYOKU oya="0"/><INIT seed="0,0,0,1,2,66" ten="250,250,250,250" oya="0" hai0="57,4,69,71,44,104,32,127,107,90,128,101,79" hai1="103,1,81,73,33,70,134,52,6,92,96,12,15" hai2="119,36,124,133,46,85,39,115,14,117,75,130,114" hai3="59,91,63,84,56,49,65,22,116,76,23,27,95"/><T34/><D90/><U106/><E134/><V98/><F85/><W48/><G116/><N who="2" m="44617" /><F14/><W68/><G76/><T5/><D57/><U60/><E33/><N who="0" m="12905" /><D44/><U97/><E1/><V25/><F25/><W83/><G83/><T113/><D113/><N who="2" m="43018" /><F98/><W82/><G82/><T29/><D29/><U121/><E6/><N who="0" m="2665" /><D79/><U100/><E81/><V54/><F75/><W53/><G56/><T123/><D123/><U42/><E121/><V135/><F130/><W40/><G40/><T88/><D88/><U41/><E73/><V126/><F54/><W38/><G38/><N who="2" m="14377" /><F46/><W43/><G27/><T37/><D37/><U10/><E52/><V35/><F35/><W24/><G24/><T31/><D128/><U110/><E96/><V120/><F120/><W102/><G102/><T118/><D31/><U18/><E97/><V51/><F51/><W105/><G48/><T47/><D47/><U64/><E100/><V17/><F17/><W87/><G84/><T13/><D13/><U7/><E103/><V80/><F80/><W55/><G55/><T94/><D101/><U2/><E12/><V132/><AGARI ba="0,0" hai="124,126,132,133,135" m="14377,43018,44617" machi="132" ten="50,16000,3" yaku="28,2,20,1,12,1,31,2,34,2" doraHai="66" who="2" fromWho="2" sc="250,-80,250,-40,250,160,250,-40" /><INIT seed="1,0,0,4,5,41" ten="170,210,410,210" oya="1" hai0="22,19,58,40,124,31,13,135,8,129,82,102,26" hai1="126,25,62,48,36,80,42,114,107,14,75,104,64" hai2="21,79,100,76,87,38,55,132,123,119,49,27,77" hai3="45,92,61,71,12,47,94,91,23,122,65,7,3"/><U60/><E114/><V81/><F119/><W101/><G122/><T90/><D124/><U108/><E108/><V69/><F123/><W28/><G3/><T10/><D129/><U35/><E126/><V20/><F132/><W125/><G125/><T93/><D135/><U127/><E127/><V2/><F38/><W52/><G101/><T15/><D82/><U110/><E110/><V24/><F69/><W121/><G121/><T74/><D74/><U39/><E48/><V1/><F100/><W73/><G73/><T99/><D40/><U83/><E14/><V133/><F133/><W67/><G71/><T70/><D70/><U84/><E84/><V6/><F6/><W44/><G92/><T105/><D58/><U113/><E113/><V109/><F109/><W11/><G28/><T9/><D105/><N who="1" m="40523" /><E80/><V120/><F120/><W128/><G23/><N who="2" m="8777" /><F1/><W103/><G103/><T54/><D102/><U51/><E51/><V68/><F2/><W37/><G37/><T56/><REACH who="0" step="1"/><D31/><REACH who="0" ten="160,210,410,210" step="2"/><N who="1" m="19951" /><E42/><V86/><F68/><W97/><G128/><T17/><D17/><U115/><E115/><V63/><F81/><W43/><G43/><T30/><D30/><U117/><E117/><V95/><F95/><W59/><AGARI ba="0,1" hai="7,11,12,44,45,47,52,59,61,65,67,91,94,97" machi="59" ten="30,12000,2" yaku="0,1,8,1,52,3,54,1" doraHai="41" who="3" fromWho="3" sc="160,-30,210,-60,410,-30,210,130" /><INIT seed="2,0,0,1,3,121" ten="130,150,380,340" oya="2" hai0="11,51,22,94,119,99,78,40,43,69,27,48,101" hai1="117,118,71,111,7,115,98,134,91,12,122,29,133" hai2="81,64,4,55,82,35,38,130,83,104,132,19,23" hai3="0,8,90,9,45,112,79,72,65,76,46,41,50"/><V103/><F35/><W92/><G72/><T21/><D69/><U39/><E39/><V123/><F123/><W75/><G75/><T107/><D119/><U102/><E71/><V87/><F38/><W33/><G33/><T15/><D78/><U67/><E67/><V18/><F130/><W25/><G25/><T10/><D107/><U61/><E61/><V113/><F113/><W95/><G65/><T74/><D74/><U109/><E122/><V1/><F132/><N who="1" m="50793" /><E115/><V114/><F114/><W131/><G131/><T14/><D27/><U97/><E29/><V70/><F55/><W44/><G44/><T16/><D43/><U135/><N who="1" m="50801" /><U116/><DORA hai="60" /><E91/><V124/><F124/><W63/><G63/><T53/><D40/><U126/><E126/><V57/><F70/><W3/><G41/><T26/><D26/><U77/><E77/><V54/><F64/><W31/><G31/><T125/><D125/><U88/><E88/><V73/><F73/><W36/><G90/><T42/><D42/><U17/><E7/><V2/><F87/><W58/><G36/><T85/><D85/><U5/><E5/><V84/><F84/><W110/><G112/><T105/><D48/><U47/><E47/><V128/><F128/><W34/><G50/><T49/><D51/><U89/><E89/><V20/><F4/><W66/><G66/><T127/><D127/><U59/><E59/><V6/><F6/><W13/><G58/><N who="0" m="33071" /><D105/><N who="1" m="63695" /><E98/><N who="2" m="61559" /><F57/><W24/><G79/><T62/><D62/><U32/><E32/><V108/><F54/><W120/><G34/><T100/><D100/><RYUUKYOKU ba="0,0" sc="130,15,150,15,380,-15,340,-15" hai0="10,11,14,15,16,21,22,94,99,101" hai1="12,17,109,111,116,117,118" /><INIT seed="3,1,0,4,4,113" ten="145,165,365,325" oya="3" hai0="133,14,15,29,123,87,66,41,8,128,135,42,6" hai1="36,96,68,20,125,102,31,28,88,26,38,58,43" hai2="61,131,9,55,80,93,122,81,25,77,130,71,126" hai3="24,97,65,99,90,72,45,7,98,60,132,85,117"/><W22/><G72/><T48/><D123/><U108/><E68/><V101/><F122/><W62/><G132/><N who="0" m="50763" /><D66/><U112/><E112/><V86/><F126/><W33/><G33/><T0/><D48/><U115/><E115/><V10/><F25/><W70/><G7/><T53/><D53/><U120/><E120/><V119/><F71/><W103/><G60/><T124/><D87/><U74/><E74/><V19/><F61/><W49/><G90/><T106/><D106/><U67/><E108/><V82/><F55/><W34/><G85/><T5/><D41/><U46/><E125/><V39/><F39/><W134/><G134/><T84/><D42/><U95/><E28/><V2/><F2/><W76/><G76/><T57/><D57/><U111/><E111/><V75/><F19/><W18/><G34/><T27/><D84/><U100/><E38/><V118/><F10/><W21/><G21/><N who="0" m="15599" /><D124/><U69/><REACH who="1" step="1"/><E58/><REACH who="1" ten="145,155,365,325" step="2"/><V116/><F80/><W105/><G70/><T54/><D54/><U30/><E30/><V37/><F37/><W114/><G114/><T59/><D59/><U17/><E17/><V129/><F81/><W51/><G45/><T11/><D128/><U78/><E78/><V47/><F47/><W73/><G73/><T1/><AGARI ba="1,1" hai="0,1,5,6,8,11,14,15" m="15599,50763" machi="1" ten="30,4000,0" yaku="20,1,34,2" doraHai="113" who="0" fromWho="0" sc="145,53,155,-11,365,-11,325,-21" /><INIT seed="4,0,0,3,2,129" ten="198,144,354,304" oya="0" hai0="16,111,126,35,90,12,14,51,47,23,80,100,125" hai1="134,110,68,74,79,10,3,18,114,113,70,83,52" hai2="43,64,9,61,42,118,128,26,27,135,46,76,117" hai3="32,73,92,108,102,112,58,122,15,98,30,45,88"/><T121/><D121/><U1/><E110/><V20/><F128/><W13/><G108/><T29/><D111/><U119/><E119/><N who="2" m="45579" /><F135/><W40/><G122/><T22/><D100/><U55/><E18/><N who="2" m="12567" /><F76/><W17/><G73/><T69/><D69/><U130/><E130/><V4/><F27/><W34/><G30/><T120/><D120/><U101/><E101/><V124/><F46/><W127/><G112/><N who="1" m="43114" /><E134/><V8/><F124/><W19/><G127/><N who="0" m="48651" /><D35/><U36/><E36/><V81/><F81/><W106/><G32/><T86/><D29/><U66/><E66/><V105/><F105/><W104/><G34/><T2/><D2/><N who="1" m="523" /><E10/><N who="2" m="4203" /><F4/><W31/><G31/><T67/><D67/><U78/><E78/><V115/><F115/><W85/><G106/><T39/><D39/><U99/><E99/><V54/><F54/><AGARI ba="0,0" hai="52,54,55,68,70,74,79,83" m="523,43114" machi="54" ten="30,3900,0" yaku="15,1,11,1,54,1" doraHai="129" who="1" fromWho="2" sc="198,0,144,39,354,-39,304,0" /><INIT seed="5,0,0,1,1,52" ten="198,183,315,304" oya="1" hai0="66,17,106,30,103,41,124,121,104,126,49,69,81" hai1="44,9,79,16,67,61,91,130,113,109,101,23,13" hai2="6,46,38,110,32,31,45,76,65,83,26,12,40" hai3="85,24,1,21,19,72,5,120,48,14,56,107,73"/><U54/><E113/><V0/><F110/><W118/><G107/><T116/><D116/><U50/><E130/><V87/><F65/><W127/><G118/><T27/><D121/><U20/><E109/><V42/><F12/><W98/><G120/><T134/><D134/><U59/><E79/><V105/><F105/><W97/><G127/><T34/><D17/><U128/><E128/><V3/><REACH who="2" step="1"/><F6/><REACH who="2" ten="198,183,305,304" step="2"/><W75/><G1/><T82/><D66/><U100/><E91/><V8/><F8/><W102/><G5/><T47/><D104/><U60/><REACH who="1" step="1"/><E61/><REACH who="1" ten="198,173,305,304" step="2"/><V88/><F88/><W15/><G102/><AGARI ba="0,2" hai="9,13,16,20,23,44,50,54,59,60,67,100,101,102" machi="102" ten="40,18000,2" yaku="1,1,2,1,8,1,52,1,54,1,53,1" doraHai="52" doraHaiUra="57" who="1" fromWho="3" sc="198,0,173,200,305,0,304,-180" /><INIT seed="5,1,0,0,1,128" ten="198,373,305,124" oya="1" hai0="131,1,73,70,51,53,89,127,34,99,37,92,84" hai1="66,31,94,4,9,35,13,100,115,80,50,74,22" hai2="110,16,59,8,87,123,91,88,5,106,61,17,54" hai3="19,76,85,11,45,82,86,55,107,78,29,121,67"/><U71/><E115/><V126/><F110/><W25/><G107/><T32/><D73/><U58/><E35/><V68/><F123/><W60/><G121/><T120/><D131/><U63/><E71/><V112/><F112/><W21/><G45/><T135/><D120/><U39/><E39/><V28/><F126/><W30/><G55/><T96/><D37/><U43/><E74/><V111/><F111/><W81/><REACH who="3" step="1"/><G11/><REACH who="3" ten="198,373,305,114" step="2"/><T41/><D53/><U7/><E9/><V49/><F106/><W23/><G23/><T122/><D122/><U75/><E22/><V104/><F104/><W56/><AGARI ba="1,1" hai="19,21,25,29,30,56,60,67,76,78,81,82,85,86" machi="56" ten="20,8000,1" yaku="1,1,0,1,7,1,9,1,8,1,53,0" doraHai="128" doraHaiUra="46" who="3" fromWho="3" sc="198,-21,373,-41,305,-21,114,93" /><INIT seed="6,0,0,4,2,46" ten="177,332,284,207" oya="2" hai0="133,61,5,17,127,51,49,125,1,43,104,56,89" hai1="118,70,3,48,64,27,87,62,134,11,58,21,117" hai2="66,31,94,77,7,96,42,52,130,129,92,107,41" hai3="123,106,25,83,73,65,9,80,68,59,55,115,57"/><V53/><F107/><W126/><G123/><T114/><D104/><U88/><E134/><V132/><F132/><W23/><G106/><T10/><D133/><U63/><E3/><V19/><F66/><W76/><G68/><T4/><D43/><U67/><E11/><V81/><F31/><W112/><G126/><N who="0" m="48139" /><D114/><N who="3" m="43561" /><G83/><T18/><D89/><U128/><E128/><N who="2" m="49259" /><F7/><N who="0" m="2634" /><D1/><U40/><E40/><N who="2" m="15467" /><F19/><N who="0" m="7178" /><D10/><U78/><E78/><V72/><F92/><W86/><G9/><T6/><N who="0" m="2642" /><T14/><DORA hai="71" /><D14/><U0/><E0/><V12/><F12/><W97/><G73/><T74/><D74/><U37/><E37/><V122/><F122/><W54/><G97/><T101/><D101/><AGARI ba="0,0" hai="52,53,72,77,81,94,96,101" m="15467,49259" machi="101" ten="30,2900,0" yaku="19,1,54,1" doraHai="46,71" who="2" fromWho="0" sc="177,-29,332,0,284,29,207,0" /><INIT seed="6,1,0,1,0,88" ten="148,332,313,207" oya="2" hai0="19,26,87,51,126,84,55,121,39,86,113,8,130" hai1="102,123,92,101,9,125,76,40,77,122,34,129,38" hai2="80,14,56,12,71,75,108,109,93,132,73,72,21" hai3="28,62,97,65,6,7,98,99,81,24,117,78,29"/><V96/><F71/><W106/><G117/><T107/><D121/><N who="1" m="46091" /><E34/><V110/><F132/><W60/><G106/><T90/><D39/><U116/><E116/><V23/><F80/><W115/><G115/><T112/><D107/><U74/><E125/><V0/><F0/><W10/><G10/><T131/><D126/><U103/><E40/><V46/><F56/><W35/><G28/><T30/><D8/><U57/><E38/><V49/><F23/><W128/><G128/><T4/><D4/><U85/><E57/><V58/><F58/><W70/><REACH who="3" step="1"/><G62/><REACH who="3" ten="148,332,313,197" step="2"/><T20/><D30/><U5/><E129/><N who="0" m="49161" /><D90/><N who="1" m="53327" /><E74/><AGARI ba="1,1" hai="6,7,24,29,35,60,65,70,74,78,81,97,98,99" machi="74" ten="40,1300,0" yaku="1,1,53,0" doraHai="88" doraHaiUra="37" who="3" fromWho="1" sc="148,0,332,-16,313,0,197,26" /><INIT seed="7,0,0,1,5,1" ten="148,316,313,223" oya="3" hai0="19,129,8,63,97,11,93,98,126,27,35,6,26" hai1="39,87,121,53,65,59,106,37,86,76,117,62,114" hai2="101,81,36,104,91,13,56,110,88,25,123,31,2" hai3="33,10,69,72,112,55,51,15,45,58,105,118,94"/><W40/><G112/><T43/><D126/><U32/><E121/><V4/><F110/><W130/><G130/><T100/><D129/><U30/><E106/><V79/><F123/><W103/><G72/><T133/><D133/><U84/><E114/><V99/><F36/><W50/><G118/><T34/><D43/><U0/><E0/><V24/><F2/><W49/><G33/><T44/><D44/><U70/><E76/><V66/><F25/><W111/><G105/><T17/><D63/><U7/><E7/><V122/><F122/><W108/><G69/><T21/><D98/><U119/><E30/><V52/><F66/><W60/><G103/><T5/><D100/><U90/><E90/><V102/><F13/><W128/><G94/><T125/><D125/><U89/><E89/><V115/><F4/><N who="0" m="1642" /><D93/><U96/><E96/><V42/><F42/><W41/><G41/><T135/><D97/><U120/><E32/><N who="0" m="12329" /><D135/><U109/><E109/><N who="3" m="42058" /><G128/><T29/><D29/><U14/><E120/><V64/><F102/><W18/><AGARI ba="0,0" hai="10,15,18,40,45,49,50,51,55,58,60" m="42058" machi="18" ten="30,1500,0" yaku="10,1" doraHai="1" who="3" fromWho="3" sc="148,-5,316,-5,313,-5,223,15" /><INIT seed="7,1,0,5,1,11" ten="143,311,308,238" oya="3" hai0="12,110,7,23,92,0,71,91,119,89,109,25,104" hai1="85,62,107,135,22,82,42,16,123,64,102,130,44" hai2="48,118,114,14,33,95,46,106,10,117,99,57,61" hai3="41,100,53,3,111,26,120,70,51,132,39,69,125"/><W86/><G120/><T4/><D104/><U9/><E123/><V49/><F33/><W73/><G73/><T134/><D71/><U96/><E130/><V113/><F106/><W131/><G3/><T80/><D119/><U45/><E135/><V83/><F83/><W19/><G131/><T129/><D129/><U28/><E9/><V108/><F108/><W63/><G132/><T77/><D134/><U35/><E28/><V87/><F87/><W126/><G111/><T128/><D128/><U60/><E35/><V43/><F49/><W105/><G86/><T68/><D68/><N who="3" m="26217" /><G26/><T30/><D0/><U58/><E62/><V115/><F57/><N who="3" m="32959" /><G19/><T72/><D89/><U38/><E44/><V20/><F61/><W17/><G17/><T56/><D56/><U112/><E112/><V90/><F20/><W116/><G100/><T93/><D93/><U13/><E85/><V97/><F97/><W47/><G105/><T15/><D109/><U124/><E82/><V79/><F79/><W34/><G34/><T31/><D31/><U8/><E22/><V37/><F37/><W50/><G116/><T101/><D101/><U1/><E1/><V103/><F103/><W24/><G24/><T52/><D110/><U18/><E18/><AGARI ba="1,0" hai="10,14,18,43,46,48,90,95,99,113,114,115,117,118" machi="18" ten="40,2600,0" yaku="15,1,52,1" doraHai="11" who="2" fromWho="1" sc="143,0,311,-29,308,29,238,0" owari="143,-35.7,282,8.2,337,43.7,238,-16.2" /></mjloggm>