<mjloggm ver="2.3"><GO type="169" lobby="0"/><UN n0="%E3%83%8F%E3%82%BA%E3%83%AC" n1="%E4%BE%8D" n2="%E3%81%AF%E3%81%9F%E3%82%86%E3%81%86" n3="%E3%83%9F%E3%82%B2%E3%83%BC%E3%83%AB%E6%94%B9" dan="17,17,16,16" rate="2171.14,2232.88,2134.58,2201.52" sx="M,M,M,M"/><TAIKYOKU oya="0"/><INIT seed="0,0,0,4,0,88" ten="250,250,250,250" oya="0" hai0="67,127,7,131,134,107,30,121,129,6,113,47,111" hai1="42,41,63,33,49,69,84,61,39,14,29,53,128" hai2="38,71,133,123,50,28,73,52,85,110,79,16,100" hai3="43,23,3,102,12,72,98,86,20,11,103,10,109"/><T80/><D113/><U92/><E128/><N who="0" m="49225" /><D107/><U90/><E39/><V27/><F38/><W116/><G72/><T130/><N who="0" m="49233" /><T105/><DORA hai="99" /><D105/><U9/><E29/><V34/><F71/><W51/><G116/><T44/><D121/><U78/><E33/><V96/><F123/><W82/><G98/><T60/><D134/><U64/><E78/><V68/><F68/><W19/><G109/><T24/><D80/><U45/><REACH who="1" step="1"/><E63/><REACH who="1" ten="250,240,250,250" step="2"/><V37/><F37/><W62/><G62/><T126/><D111/><U5/><AGARI ba="0,1" hai="5,9,14,41,42,45,49,53,61,64,69,84,90,92" machi="5" ten="20,8000,1" yaku="1,1,2,1,0,1,7,1,52,1,53,0" doraHai="88,99" doraHaiUra="32,13" who="1" fromWho="1" sc="250,-40,240,90,250,-20,250,-20" /><INIT seed="1,0,0,2,2,84" ten="210,330,230,230" oya="1" hai0="7,51,98,70,50,77,12,115,15,30,54,96,39" hai1="75,52,101,100,41,62,60,0,129,47,18,64,43" hai2="59,67,119,49,89,126,17,6,132,24,25,134,2" hai3="61,23,32,124,58,34,36,81,104,83,38,46,22"/><U95/><E75/><V108/><F119/><W97/><G46/><T118/><D39/><U117/><E117/><V21/><F126/><W69/><G69/><T48/><D70/><U3/><E129/><V133/><F108/><W14/><G124/><T16/><D115/><U131/><E131/><V10/><F25/><W112/><G112/><T20/><D118/><U29/><E29/><V87/><F49/><N who="0" m="19050" /><D77/><U71/><E18/><V13/><F59/><W116/><G116/><T53/><D30/><U56/><E43/><V35/><F67/><W68/><G68/><T111/><D111/><U11/><E11/><V90/><F87/><W92/><G104/><T120/><D120/><U91/><E0/><V105/><F105/><W88/><G38/><T122/><D122/><U109/><E3/><V5/><F5/><W28/><G36/><T55/><N who="0" m="19058" /><T130/><DORA hai="42" /><D130/><U80/><E80/><N who="3" m="30794" /><G34/><T128/><D128/><U45/><E41/><V76/><F76/><W103/><G32/><T8/><AGARI ba="0,0" hai="7,8,12,15,16,20,53,54,55,96,98" m="19058" machi="8" ten="40,2700,0" yaku="8,1,54,1" doraHai="84,42" who="0" fromWho="0" sc="210,27,330,-13,230,-7,230,-7" /><INIT seed="2,0,0,2,5,99" ten="237,317,223,223" oya="2" hai0="95,92,86,100,15,19,25,104,120,122,5,32,57" hai1="31,42,45,64,97,114,26,82,20,24,87,48,106" hai2="126,77,85,69,80,131,115,107,84,67,49,103,110" hai3="47,123,134,91,7,1,65,39,68,63,88,93,10"/><V119/><F115/><W118/><G123/><T117/><D117/><U121/><E114/><V108/><F119/><W37/><G118/><T128/><D104/><U94/><E106/><V4/><F4/><W56/><G134/><T52/><D128/><U60/><E121/><V14/><F49/><W113/><G113/><T133/><D133/><U6/><E6/><V102/><F107/><W96/><G47/><T35/><D35/><U125/><E26/><V18/><F131/><W59/><REACH who="3" step="1"/><G91/><REACH who="3" ten="237,317,223,213" step="2"/><N who="0" m="53367" /><D122/><U76/><E125/><V0/><F126/><W50/><G50/><N who="0" m="30871" /><D120/><U44/><E48/><V2/><F2/><W83/><G83/><T33/><D33/><U13/><E42/><V74/><F0/><W12/><G12/><T130/><D32/><U43/><E13/><V70/><F14/><W135/><G135/><T23/><D130/><U55/><E43/><V28/><F80/><W105/><G105/><T3/><D3/><U71/><REACH who="1" step="1"/><E55/><REACH who="1" ten="237,307,223,213" step="2"/><V116/><F116/><W58/><AGARI ba="0,2" hai="1,7,10,37,39,56,58,59,63,65,68,88,93,96" machi="58" ten="30,7900,0" yaku="1,1,0,1,54,1,53,1" doraHai="99" doraHaiUra="61" who="3" fromWho="3" sc="237,-20,307,-20,223,-39,213,99" /><INIT seed="3,0,0,4,4,95" ten="217,287,184,312" oya="3" hai0="67,63,105,47,116,107,37,69,15,27,66,57,25" hai1="16,104,80,61,9,20,56,64,65,117,89,14,34" hai2="96,39,19,81,26,78,126,62,119,93,130,4,8" hai3="24,74,0,17,43,83,133,59,75,112,135,102,22"/><W128/><G112/><T36/><D116/><U92/><E34/><V51/><F39/><W91/><G43/><T110/><D110/><U55/><E104/><V28/><F119/><W118/><G118/><T86/><D105/><U53/><E117/><V113/><F130/><W97/><G0/><T3/><D3/><U10/><E80/><V33/><F126/><W45/><G45/><T124/><D107/><U77/><E77/><V73/><F19/><W50/><G128/><T6/><D124/><U21/><E55/><V44/><F62/><W131/><G131/><T71/><D86/><U82/><E82/><V13/><F113/><W114/><G114/><T1/><D1/><U42/><E42/><V98/><REACH who="2" step="1"/><F93/><REACH who="2" ten="217,287,174,312" step="2"/><N who="3" m="58671" /><G83/><T68/><D36/><U18/><E9/><V58/><F58/><W79/><G79/><T127/><D127/><U99/><E10/><V84/><F84/><W31/><G31/><T111/><D68/><U48/><E48/><V5/><F5/><W70/><G70/><T32/><D69/><U30/><E30/><V46/><F46/><W54/><G91/><T101/><D47/><U106/><E106/><V109/><F109/><W108/><G108/><T11/><D37/><U90/><E89/><V76/><F76/><W87/><G87/><T23/><D111/><U123/><E123/><V7/><F7/><W38/><G38/><T94/><D71/><U120/><E120/><V35/><F35/><W52/><G54/><AGARI ba="0,1" hai="4,8,13,26,28,33,44,51,54,73,78,81,96,98" machi="54" ten="30,7700,0" yaku="1,1,7,1,52,2,53,0" doraHai="95" doraHaiUra="129" who="2" fromWho="3" sc="217,0,287,0,174,87,312,-77" /><INIT seed="4,0,0,3,1,23" ten="217,287,261,235" oya="0" hai0="126,72,70,86,93,88,135,110,28,82,40,90,18" hai1="52,122,11,99,33,103,51,36,46,63,92,5,61" hai2="106,134,91,107,50,42,7,8,76,30,47,127,45" hai3="26,133,83,2,75,98,128,60,124,25,113,59,49"/><T85/><D135/><U116/><E116/><V79/><F134/><W119/><G119/><T109/><D70/><U66/><E122/><V54/><F127/><W73/><G133/><T104/><D28/><U80/><E33/><V129/><F129/><W101/><G2/><T74/><D40/><U43/><E80/><V97/><F30/><W44/><G128/><T112/><D18/><U87/><E87/><V94/><F107/><W14/><G14/><T111/><D126/><U114/><E66/><V1/><REACH who="2" step="1"/><F106/><REACH who="2" ten="217,287,251,235" step="2"/><W22/><G124/><T100/><D112/><U125/><E125/><V48/><AGARI ba="0,1" hai="1,7,8,42,45,47,48,50,54,76,79,91,94,97" machi="48" ten="20,5200,0" yaku="1,1,2,1,0,1,7,1,53,0" doraHai="23" doraHaiUra="78" who="2" fromWho="2" sc="217,-26,287,-13,251,62,235,-13" /><INIT seed="5,0,0,3,0,59" ten="191,274,313,222" oya="1" hai0="32,60,58,44,17,135,80,113,1,125,95,30,61" hai1="127,70,71,46,73,79,93,7,121,65,25,132,129" hai2="20,99,131,101,68,29,92,27,0,117,42,90,86" hai3="6,100,50,37,12,111,87,33,63,103,107,5,128"/><U47/><E121/><V89/><F131/><W69/><G111/><T134/><D1/><U56/><E129/><V98/><F0/><W26/><G37/><T126/><D113/><U48/><E7/><V34/><F68/><W109/><G109/><T15/><D80/><U3/><E3/><V75/><F75/><W23/><G128/><T22/><D44/><U105/><E105/><V31/><F117/><W24/><G50/><T10/><D95/><U114/><E73/><V16/><F42/><W72/><G72/><T81/><D81/><U66/><E79/><V104/><F34/><W43/><G43/><T51/><D32/><U118/><E93/><AGARI ba="0,0" hai="16,20,27,29,31,86,89,90,92,93,98,99,101,104" machi="93" ten="30,2000,0" yaku="7,1,54,1" doraHai="59" who="2" fromWho="1" sc="191,0,274,-20,313,20,222,0" /><INIT seed="6,0,0,4,1,44" ten="191,254,333,222" oya="2" hai0="129,61,64,22,52,12,125,114,81,26,110,73,39" hai1="123,53,30,91,58,72,37,20,127,80,97,85,28" hai2="134,5,3,40,57,133,62,105,11,135,75,84,42" hai3="41,94,35,21,7,117,122,63,118,108,24,10,50"/><V107/><F75/><W92/><G108/><T112/><D110/><U71/><E37/><V79/><F84/><W59/><G35/><T78/><D129/><U116/><E116/><V104/><REACH who="2" step="1"/><F79/><REACH who="2" ten="191,254,323,222" step="2"/><W86/><G86/><T87/><D87/><U109/><E72/><V36/><F36/><W128/><G128/><T13/><D39/><U46/><E109/><V121/><F121/><W14/><G122/><T45/><D112/><U15/><E123/><V101/><F101/><W56/><G118/><T99/><D114/><U29/><E127/><V33/><F33/><W4/><G117/><T18/><D125/><U131/><E131/><V76/><F76/><W9/><G4/><T96/><D96/><U93/><E85/><V65/><AGARI ba="0,1" hai="3,5,11,40,42,57,62,65,104,105,107,133,134,135" machi="65" ten="40,7800,0" yaku="1,1,0,1,20,1,53,0" doraHai="44" doraHaiUra="16" who="2" fromWho="2" sc="191,-26,254,-26,323,88,222,-26" /><INIT seed="6,1,0,4,0,81" ten="165,228,411,196" oya="2" hai0="123,53,106,95,8,90,97,59,77,25,0,89,41" hai1="104,4,100,7,78,74,126,96,80,9,75,23,15" hai2="127,69,102,30,86,70,49,52,133,19,68,135,91" hai3="48,130,112,65,44,18,92,105,39,131,37,118,28"/><V108/><F127/><W45/><G105/><T122/><D77/><U116/><E126/><V22/><F30/><W83/><G28/><T128/><D41/><U76/><E116/><V84/><F102/><W1/><G1/><T98/><D128/><N who="3" m="49193" /><G118/><T64/><D64/><U129/><E129/><V87/><F91/><W34/><G34/><T14/><D25/><U134/><E134/><N who="2" m="51211" /><F108/><W117/><G117/><T43/><D43/><U56/><E23/><V57/><F70/><W2/><G2/><T5/><D0/><U124/><E124/><V107/><F107/><W42/><G83/><T38/><D38/><N who="3" m="14345" /><G92/><T88/><D106/><U125/><E125/><V17/><F17/><W93/><G93/><T26/><D26/><AGARI ba="1,0" hai="19,22,26,49,52,57,68,69,84,86,87" m="51211" machi="26" ten="30,12000,1" yaku="20,1,52,3,54,1" doraHai="81" who="2" fromWho="0" sc="165,-123,228,0,411,123,196,0" /><INIT seed="6,2,0,2,1,44" ten="42,228,534,196" oya="2" hai0="78,123,51,88,130,116,97,121,17,124,101,135,65" hai1="70,31,24,98,19,96,115,84,23,27,52,125,60" hai2="68,100,110,69,105,75,43,25,36,45,126,82,91" hai3="90,118,3,85,77,14,53,74,57,95,1,131,11"/><V81/><F126/><W30/><G118/><T33/><D33/><U41/><E115/><V47/><F110/><W32/><G131/><T34/><D34/><U50/><E125/><V37/><F25/><W22/><G32/><T59/><D135/><U64/><E41/><V67/><F67/><W93/><G22/><T28/><D130/><U108/><E108/><V73/><F91/><W83/><G95/><T40/><D124/><U12/><E27/><V119/><F100/><W49/><REACH who="3" step="1"/><G30/><REACH who="3" ten="42,228,534,186" step="2"/><T39/><D116/><U112/><E112/><V61/><F119/><W109/><G109/><T107/><D28/><U38/><E38/><V66/><F105/><W87/><G87/><T21/><D78/><U46/><E84/><V99/><F99/><W4/><AGARI ba="2,1" hai="1,3,4,11,14,49,53,57,74,77,83,85,90,93" machi="4" ten="20,5200,0" yaku="1,1,0,1,7,1,52,1,53,0" doraHai="44" doraHaiUra="58" who="3" fromWho="3" sc="42,-15,228,-15,534,-28,186,68" /><INIT seed="7,0,0,2,0,43" ten="27,213,506,254" oya="3" hai0="38,127,25,112,62,5,120,101,95,86,69,1,109" hai1="17,113,64,40,51,50,29,108,82,48,28,104,71" hai2="49,126,35,92,60,66,21,30,67,3,10,133,9" hai3="22,114,121,8,44,99,107,12,124,26,24,97,122"/><W56/><G107/><T90/><D25/><U4/><E108/><V18/><F133/><W91/><G114/><T33/><D5/><U76/><E104/><V63/><F126/><W135/><G135/><T98/><D62/><U89/><E113/><V52/><F35/><W80/><G124/><T110/><D90/><U87/><E4/><V116/><F30/><W37/><G122/><T125/><D95/><U134/><E134/><V83/><F3/><W131/><G121/><T85/><D98/><N who="3" m="37385" /><G131/><T117/><D101/><U41/><E71/><V118/><F83/><W36/><G36/><T79/><D86/><U45/><E64/><V93/><F118/><W70/><G37/><T13/><D13/><U59/><E76/><V19/><F116/><W16/><G70/><T54/><D54/><U42/><E59/><V46/><F67/><W6/><G56/><T65/><D85/><U73/><E73/><V61/><F66/><W27/><G44/><T0/><D79/><U96/><E96/><V68/><F68/><W106/><G106/><T58/><D58/><U132/><E132/><V15/><F9/><W102/><G102/><T88/><D65/><U47/><E17/><V129/><F129/><W11/><G8/><T103/><D127/><U39/><E39/><V55/><F55/><W123/><G123/><T100/><D125/><U78/><E78/><V57/><F57/><W14/><G80/><T75/><D120/><U111/><E111/><V34/><F34/><W2/><G2/><T119/><D119/><U130/><E130/><V23/><F10/><W72/><G72/><RYUUKYOKU ba="0,0" sc="27,-30,213,10,506,10,254,10" hai1="28,29,40,41,42,45,47,48,50,51,82,87,89" hai2="15,18,19,21,23,46,49,52,60,61,63,92,93" hai3="6,11,12,14,16,22,24,26,27,91" owari="-3,-50.3,223,-17.7,516,61.6,264,6.4" /></mjloggm>