<mjloggm ver="2.3"><GO type="169" lobby="0"/><UN n0="%E3%82%82%E3%82%8D%E3%81%BF%E3%83%BC" n1="%E3%82%86%E3%81%86%E3%82%86%E3%81%8D" n2="%E3%81%9B%E3%81%A9%E3%81%AA%E3%82%8A%E3%81%82%E3%82%93" n3="%E6%81%8B%E3%81%AE%E3%81%86%E3%81%9F" dan="17,16,17,17" rate="2143.90,2194.71,2195.25,2256.80" sx="M,M,F,M"/><TAIKYOKU oya="0"/><INIT seed="0,0,0,4,2,25" ten="250,250,250,250" oya="0" hai0="111,115,43,121,106,33,104,116,92,22,89,37,76" hai1="8,128,40,84,9,5,78,113,50,20,129,36,109" hai2="46,7,131,58,30,49,17,39,107,97,114,28,70" hai3="67,29,85,59,65,95,23,122,38,0,77,125,6"/><T74/><D33/><U81/><E109/><V90/><F114/><W12/><G38/><T45/><D115/><U103/><E113/><V91/><F70/><W73/><G73/><T99/><D116/><U2/><E103/><V124/><F39/><W98/><G0/><T72/><D121/><U61/><E50/><V60/><F124/><W26/><G125/><T105/><D76/><U19/><E61/><V10/><F17/><W83/><G122/><T24/><REACH who="0" step="1"/><D111/><REACH who="0" ten="240,250,250,250" step="2"/><U102/><E78/><V94/><F131/><W16/><G6/><T57/><D57/><U3/><E129/><V44/><F44/><W34/><REACH who="3" step="1"/><G59/><REACH who="3" ten="240,250,250,240" step="2"/><T56/><D56/><U123/><E128/><V86/><F58/><W127/><G127/><T32/><D32/><U100/><E123/><V71/><F71/><W87/><G87/><T96/><D96/><U93/><E84/><V108/><F108/><W62/><G62/><T101/><D101/><AGARI ba="0,2" hai="12,16,23,26,29,34,65,67,77,83,85,95,98,101" machi="101" ten="30,7700,0" yaku="1,1,7,1,52,1,54,1,53,0" doraHai="25" doraHaiUra="110" who="3" fromWho="0" sc="240,-77,250,0,250,0,240,97" /><INIT seed="1,0,0,3,3,48" ten="163,250,250,337" oya="1" hai0="45,72,78,18,64,40,90,68,113,109,34,1,55" hai1="130,70,35,133,65,89,4,24,6,114,83,31,39" hai2="127,22,7,44,52,93,37,92,11,20,30,85,9" hai3="57,84,96,27,100,98,102,19,91,14,135,38,12"/><U3/><E114/><V106/><F106/><W129/><G38/><T97/><D113/><U47/><E130/><V105/><F105/><W26/><G135/><T23/><D34/><U124/><E133/><V13/><F37/><W112/><G129/><T74/><D1/><U2/><E124/><V95/><F127/><W116/><G116/><T88/><D109/><U36/><E89/><V50/><F30/><W29/><G29/><T15/><D40/><U120/><E120/><V121/><F121/><W101/><G14/><T28/><D28/><U94/><E94/><V61/><F11/><N who="3" m="6559" /><G57/><T25/><D15/><U58/><E58/><N who="2" m="35015" /><F85/><W67/><G67/><T122/><D122/><U118/><E118/><V62/><F62/><W43/><G43/><AGARI ba="0,0" hai="7,9,13,20,22,43,44,50,92,93,95" m="35015" machi="43" ten="30,3900,0" yaku="8,1,52,1,54,1" doraHai="48" who="2" fromWho="3" sc="163,0,250,0,250,39,337,-39" /><INIT seed="2,0,0,0,2,101" ten="163,250,289,298" oya="2" hai0="111,8,129,127,88,117,61,87,94,89,76,73,135" hai1="106,47,100,55,107,64,121,128,11,27,46,69,6" hai2="110,14,68,50,3,98,126,30,97,108,112,118,49" hai3="32,90,82,53,63,13,83,52,70,5,109,59,77"/><V51/><F3/><W65/><G32/><T37/><D37/><U17/><E128/><V102/><F68/><W35/><G35/><T62/><D129/><U26/><E121/><V40/><F112/><W18/><G109/><N who="2" m="42089" /><F118/><W24/><G24/><T1/><D111/><U10/><E100/><V33/><F126/><W80/><G5/><T131/><D131/><U31/><E69/><V0/><F0/><W99/><G77/><T56/><D135/><U91/><E91/><V79/><F79/><W44/><G44/><T103/><D117/><U23/><E64/><V78/><F78/><W22/><REACH who="3" step="1"/><G70/><REACH who="3" ten="163,250,289,288" step="2"/><T67/><D76/><U54/><E6/><V7/><F33/><W39/><G39/><T43/><D127/><U104/><E47/><N who="2" m="25831" /><F30/><W93/><AGARI ba="0,1" hai="13,18,22,52,53,59,63,65,80,82,83,90,93,99" machi="93" ten="30,7900,0" yaku="1,1,0,1,8,1,54,1,53,0" doraHai="101" doraHaiUra="119" who="3" fromWho="3" sc="163,-20,250,-20,289,-39,288,89" /><INIT seed="3,0,0,4,5,18" ten="143,230,250,377" oya="3" hai0="7,33,39,104,131,110,29,77,88,92,116,10,71" hai1="99,128,50,78,112,132,11,135,109,8,28,125,52" hai2="122,100,74,36,57,23,84,103,35,51,59,80,34" hai3="26,61,25,134,82,43,108,19,126,81,2,70,30"/><W105/><G2/><T56/><D71/><U3/><E112/><V6/><F36/><W48/><G105/><T54/><D116/><U95/><E109/><V15/><F74/><W64/><G134/><N who="1" m="51242" /><E3/><V85/><F122/><W46/><G126/><T96/><D110/><U24/><E78/><V90/><F34/><W93/><G108/><T12/><D39/><U107/><E107/><V91/><F35/><W114/><G114/><T76/><D131/><U113/><E113/><V83/><F6/><W123/><G123/><T102/><D33/><N who="1" m="20615" /><E128/><V89/><F91/><W119/><G119/><T120/><D29/><U87/><E87/><V47/><F15/><W60/><G26/><T73/><D73/><U9/><E125/><V17/><F103/><W14/><G61/><T133/><D133/><U44/><E11/><V98/><F100/><AGARI ba="0,0" hai="8,9,44,50,52,95,99,100" m="20615,51242" machi="100" ten="30,2000,0" yaku="20,1,54,1" doraHai="18" who="1" fromWho="2" sc="143,0,230,20,250,-20,377,0" /><INIT seed="4,0,0,2,0,61" ten="143,250,230,377" oya="0" hai0="51,22,50,100,108,123,14,98,78,62,44,54,114" hai1="118,10,21,43,135,74,75,34,86,126,90,93,19" hai2="1,31,46,89,23,72,124,8,49,79,29,45,104" hai3="3,131,95,55,38,15,47,85,87,105,17,73,36"/><T99/><D114/><U133/><E118/><V37/><F104/><W77/><G3/><T113/><D113/><U91/><E34/><V130/><F124/><W76/><G73/><T56/><D123/><U102/><E102/><V13/><F1/><W30/><G30/><T82/><D108/><U33/><E33/><V57/><F72/><W64/><G64/><T83/><D51/><U116/><E116/><V129/><F79/><W58/><G131/><N who="2" m="50185" /><F89/><W41/><G38/><T120/><D120/><U42/><E126/><V25/><F31/><W94/><G105/><T2/><D2/><U0/><E91/><V28/><F28/><W12/><G77/><T27/><D14/><N who="1" m="9463" /><E75/><V11/><F11/><W110/><G76/><T80/><D78/><U16/><E74/><V84/><F84/><W9/><G85/><T24/><D22/><U35/><E35/><V134/><F134/><N who="1" m="51209" /><E0/><V32/><F37/><W88/><G15/><AGARI ba="0,0" hai="10,15,16,42,43,86,90,93" m="51209,9463" machi="15" ten="30,2000,0" yaku="20,1,54,1" doraHai="61" who="1" fromWho="3" sc="143,0,250,20,230,0,377,-20" /><INIT seed="5,0,0,0,5,61" ten="143,270,230,357" oya="1" hai0="49,35,118,50,62,47,18,58,126,37,55,93,95" hai1="14,123,56,43,109,132,5,11,9,127,91,124,69" hai2="108,23,41,54,63,57,79,1,40,107,82,3,116" hai3="44,102,94,53,105,119,92,71,6,33,129,67,70"/><U20/><E69/><V34/><F34/><W12/><G33/><T135/><D35/><U122/><E43/><V16/><F107/><W115/><G115/><T48/><D118/><U97/><E56/><V66/><F108/><W120/><G120/><N who="1" m="46122" /><E91/><V106/><F106/><W131/><G119/><T111/><D111/><U98/><E98/><V85/><F116/><W72/><G72/><T80/><D135/><U38/><E97/><V110/><F110/><W42/><G53/><T78/><D126/><N who="1" m="48171" /><E38/><V4/><F4/><W100/><G6/><T46/><D18/><N who="1" m="10327" /><E11/><V51/><F41/><W29/><G42/><T121/><D121/><U17/><E109/><V130/><F40/><W8/><G71/><T26/><D26/><U15/><E132/><V64/><F51/><W77/><G70/><T52/><D37/><U24/><E24/><V36/><F36/><W133/><G133/><T0/><D0/><U134/><E134/><V87/><F1/><W74/><G8/><T84/><REACH who="0" step="1"/><D49/><REACH who="0" ten="133,270,230,357" step="2"/><U60/><E17/><V101/><F3/><W10/><G12/><T39/><D39/><U75/><E15/><N who="2" m="9631" /><F130/><W59/><G129/><T104/><D104/><U2/><E2/><V13/><F13/><W128/><G128/><T73/><D73/><U86/><E75/><V125/><F125/><W31/><G131/><T27/><D27/><U21/><E5/><V90/><F101/><W113/><G102/><T65/><AGARI ba="0,1" hai="46,47,48,50,52,55,58,62,65,78,80,84,93,95" machi="65" ten="20,12000,2" yaku="1,1,0,1,7,1,9,1,8,1,52,1,54,1,53,0" doraHai="61" doraHaiUra="28" who="0" fromWho="0" sc="133,130,270,-60,230,-30,357,-30" /><INIT seed="6,0,0,1,4,86" ten="263,210,200,327" oya="2" hai0="101,105,135,68,45,70,80,54,95,127,120,128,78" hai1="37,58,29,118,53,5,17,121,23,34,9,111,75" hai2="91,43,115,112,52,123,119,36,108,57,13,0,131" hai3="94,90,19,12,82,84,15,126,100,89,16,113,3"/><V10/><F0/><W8/><G126/><T67/><D120/><U103/><E118/><V63/><F119/><W97/><G3/><T46/><D105/><U30/><E111/><V6/><F123/><W64/><G113/><N who="2" m="43593" /><F131/><W65/><G100/><T99/><D67/><U124/><E75/><V66/><F108/><W49/><G49/><T116/><D116/><U38/><E121/><V134/><F134/><W72/><G72/><T87/><D127/><U28/><E124/><V47/><F66/><W117/><G117/><T62/><D128/><U130/><E103/><V83/><F83/><W50/><G50/><T1/><D1/><U20/><E34/><V24/><F24/><W125/><G125/><T81/><D135/><U69/><E130/><V56/><F56/><W93/><G82/><T132/><D132/><U41/><E69/><V107/><F107/><W96/><G84/><N who="0" m="48151" /><D68/><U110/><E110/><V42/><F42/><W114/><G114/><T88/><D70/><U104/><E41/><V40/><F40/><W7/><G7/><T18/><D18/><U31/><E104/><V98/><F98/><W92/><G92/><T60/><D45/><U59/><E17/><V2/><F2/><W39/><G39/><T77/><D101/><U76/><E38/><V79/><F79/><W4/><G4/><T133/><D133/><U73/><E37/><V21/><F21/><AGARI ba="0,0" hai="8,12,15,16,19,21,64,65,89,90,93,94,96,97" machi="21" ten="30,12000,2" yaku="7,1,9,1,8,1,52,2,54,1" doraHai="86" who="3" fromWho="2" sc="263,0,210,0,200,-120,327,120" /><INIT seed="7,0,0,5,5,78" ten="263,210,80,447" oya="3" hai0="76,19,7,17,87,30,43,100,46,130,48,15,81" hai1="23,126,52,94,16,0,116,80,13,84,55,6,133" hai2="47,123,98,79,51,102,122,75,4,99,91,50,12" hai3="124,86,85,125,129,66,53,28,25,36,45,40,104"/><W67/><G104/><T64/><D130/><U114/><E114/><V39/><F39/><W18/><G18/><T97/><D30/><U128/><E133/><V20/><F20/><W61/><G53/><T93/><D64/><U42/><E128/><V83/><F12/><W59/><G66/><T31/><D31/><U26/><E126/><N who="3" m="48746" /><G129/><T69/><D69/><U63/><E116/><V134/><F4/><W32/><AGARI ba="0,0" hai="25,28,32,36,40,45,59,61,67,85,86" m="48746" machi="32" ten="30,1500,0" yaku="18,1" doraHai="78" who="3" fromWho="3" sc="263,-5,210,-5,80,-5,447,15" owari="258,5.8,205,-19.5,75,-42.5,462,56.2" /></mjloggm>