<mjloggm ver="2.3"><GO type="169" lobby="0"/><UN n0="%E3%81%AE%E3%81%AF%E3%81%A3%E3%81%A1" n1="%E3%81%AF%E3%81%99%E3%81%9F" n2="%E3%81%82%E3%81%95%E3%81%B4%E3%82%93%EF%BC%A0%EF%BD%8D%EF%BD%8A" n3="%E5%B7%A8%E6%BB%85" dan="16,17,18,16" rate="2180.74,2200.93,2294.27,2179.47" sx="M,M,M,F"/><TAIKYOKU oya="0"/><INIT seed="0,0,0,4,4,68" ten="250,250,250,250" oya="0" hai0="22,120,18,11,108,15,76,54,39,127,12,72,5" hai1="63,95,34,4,62,110,31,73,3,40,53,24,115" hai2="28,132,90,79,126,10,105,94,51,66,47,122,71" hai3="99,52,96,1,23,87,27,67,121,21,135,43,32"/><T75/><D120/><U80/><E110/><V70/><F122/><W84/><G1/><T13/><D127/><U49/><E115/><V8/><F105/><W74/><G74/><T6/><D108/><U19/><E95/><V35/><F79/><W91/><G32/><T77/><D54/><U58/><E40/><V85/><F126/><W98/><G135/><T131/><D131/><U107/><E107/><V64/><F132/><W29/><G121/><T50/><D50/><U109/><E109/><V61/><F28/><W38/><G67/><T57/><D57/><U128/><E128/><V97/><F35/><W88/><G38/><T133/><D133/><U9/><E73/><V124/><F85/><N who="3" m="32843" /><G43/><T101/><D15/><U113/><E80/><V17/><F17/><W30/><G52/><T14/><D13/><U83/><E83/><V116/><F116/><W111/><G111/><T118/><D118/><U114/><E114/><V46/><F124/><W16/><G30/><T130/><D130/><U55/><E113/><V102/><F102/><W65/><G65/><T44/><D101/><U129/><E129/><V100/><F100/><W125/><G125/><T20/><D18/><U7/><E7/><V59/><F47/><W41/><G41/><T112/><D112/><U37/><E19/><V42/><REACH who="2" step="1"/><F59/><REACH who="2" ten="250,250,240,250" step="2"/><W134/><G134/><T119/><D119/><U104/><E104/><V45/><F45/><W89/><G99/><T86/><D86/><U92/><E58/><V36/><F36/><W106/><G106/><T2/><D44/><N who="1" m="27815" /><E37/><V33/><F33/><W123/><G123/><RYUUKYOKU ba="0,1" sc="250,-15,250,-15,240,15,250,15" hai2="8,10,42,46,51,61,64,66,70,71,90,94,97" hai3="16,21,23,27,29,88,89,91,96,98" /><INIT seed="1,1,1,4,3,58" ten="235,235,255,265" oya="1" hai0="93,106,104,94,50,87,34,71,129,53,8,110,49" hai1="19,44,28,86,115,92,26,63,130,51,90,116,23" hai2="98,109,80,13,12,6,103,43,132,64,77,114,21" hai3="119,99,40,134,66,54,60,65,39,11,126,123,72"/><U84/><E115/><V10/><F109/><W83/><G123/><T118/><D118/><U113/><E116/><V38/><F132/><W133/><G119/><T36/><D36/><U57/><E113/><V125/><F125/><W81/><G126/><T100/><D34/><U9/><E130/><V120/><F114/><W15/><G99/><T0/><D71/><U82/><E9/><V42/><F120/><W55/><G40/><T117/><D117/><U20/><E51/><V127/><F127/><W111/><G39/><T27/><D27/><U41/><E44/><V52/><F64/><W47/><G66/><T2/><D87/><U91/><E41/><V30/><F38/><W69/><G111/><T96/><D96/><U14/><E57/><V95/><F52/><N who="3" m="20011" /><G47/><T101/><D53/><U1/><E1/><V79/><F79/><W135/><G72/><T5/><D8/><U33/><E33/><V108/><F108/><W121/><G121/><T122/><D122/><U67/><E67/><V128/><F128/><W59/><G69/><T45/><D45/><U32/><E32/><V18/><REACH who="2" step="1"/><F30/><REACH who="2" ten="235,235,245,265" step="2"/><W16/><AGARI ba="1,2" hai="11,15,16,59,60,65,81,83,133,134,135" m="20011" machi="16" ten="40,8000,1" yaku="20,1,52,1,54,2" doraHai="58" who="3" fromWho="3" sc="235,-21,235,-41,245,-21,265,103" /><INIT seed="2,0,0,2,1,85" ten="214,194,224,368" oya="2" hai0="11,21,35,121,94,88,7,15,23,102,122,5,50" hai1="119,133,17,67,96,60,128,112,10,78,30,69,49" hai2="79,34,55,56,6,37,12,22,135,2,13,117,1" hai3="76,57,52,91,20,104,74,36,72,3,0,33,95"/><V31/><F37/><W101/><G33/><T68/><D35/><U80/><E112/><V134/><F79/><W48/><G36/><T99/><D68/><U4/><E119/><V75/><F75/><W70/><G70/><T92/><D5/><U58/><E133/><N who="2" m="50699" /><F117/><W130/><G130/><T39/><D39/><U9/><E128/><V82/><F82/><W98/><G20/><T108/><D108/><U123/><E123/><V71/><F71/><W81/><REACH who="3" step="1"/><G72/><REACH who="3" ten="214,194,224,358" step="2"/><T51/><D122/><U116/><E69/><V66/><F34/><W61/><G61/><T127/><D121/><U54/><E60/><N who="2" m="35871" /><F66/><W110/><G110/><T63/><D63/><U126/><E67/><V42/><F42/><W105/><G105/><T40/><D40/><U131/><E116/><V26/><F1/><W28/><G28/><T8/><D51/><U115/><E30/><V18/><F31/><W73/><G73/><T43/><D50/><U14/><E131/><V59/><F59/><W24/><G24/><T106/><D106/><U109/><E49/><V118/><F118/><W25/><G25/><T113/><D43/><U97/><E58/><V111/><F111/><W125/><G125/><T46/><D127/><U64/><E126/><V120/><F120/><W83/><G83/><T124/><D124/><U100/><E109/><V19/><F19/><W89/><G89/><T29/><D29/><U16/><E80/><V77/><F77/><W27/><G27/><T62/><D62/><U47/><E17/><V38/><F38/><W90/><G90/><T41/><D41/><U93/><E78/><RYUUKYOKU ba="0,1" sc="214,-15,194,-15,224,15,358,15" hai2="2,6,12,13,18,22,26" hai3="0,3,48,52,57,74,76,81,91,95,98,101,104" /><INIT seed="2,1,1,4,5,75" ten="199,179,239,373" oya="2" hai0="18,93,80,47,11,39,3,2,113,105,26,31,27" hai1="122,119,123,109,25,8,30,78,32,125,121,99,107" hai2="53,37,1,33,92,55,90,5,84,23,100,70,40" hai3="36,73,62,0,57,38,51,126,71,131,135,82,129"/><V49/><F33/><W85/><G73/><T72/><D113/><U79/><E119/><V28/><F70/><W59/><G0/><T54/><D105/><U34/><E109/><V64/><F37/><W124/><G71/><T15/><D93/><U56/><E125/><N who="3" m="48234" /><G51/><T104/><D104/><U21/><E8/><V43/><F64/><W65/><G59/><T13/><D13/><U117/><E117/><V94/><F1/><W74/><G74/><T106/><D106/><U20/><E56/><V87/><F5/><W69/><G69/><T86/><D27/><U111/><E111/><V4/><F4/><W110/><G110/><T95/><D95/><U68/><E68/><V6/><F6/><W66/><G66/><T115/><D72/><U60/><E60/><V96/><F87/><W120/><G120/><T67/><D67/><U12/><E12/><V42/><REACH who="2" step="1"/><F49/><REACH who="2" ten="199,179,229,373" step="2"/><W108/><G108/><T7/><D7/><U58/><E34/><V112/><F112/><W83/><G85/><T89/><D115/><U130/><E130/><N who="3" m="49674" /><G135/><T132/><D132/><U103/><REACH who="1" step="1"/><E58/><REACH who="1" ten="199,169,229,373" step="2"/><V91/><F91/><W45/><G45/><T41/><D2/><U50/><E50/><V101/><F101/><W134/><G134/><T81/><D3/><U9/><E9/><V116/><F116/><W48/><G48/><T29/><D11/><U128/><E128/><V14/><F14/><W118/><G118/><T102/><D15/><U46/><E46/><V76/><F76/><AGARI ba="1,3" hai="20,21,25,30,32,76,78,79,99,103,107,121,122,123" machi="76" ten="40,12000,2" yaku="1,1,13,1,52,3,53,1" doraHai="75" doraHaiUra="22" who="1" fromWho="2" sc="199,0,169,153,229,-123,373,0" /><INIT seed="3,0,0,0,1,32" ten="199,322,106,373" oya="3" hai0="106,107,95,103,130,89,101,39,64,80,58,97,70" hai1="104,112,3,61,59,34,74,7,54,51,53,56,113" hai2="12,109,19,13,127,111,117,1,5,134,73,11,133" hai3="114,9,14,76,99,44,52,102,6,93,110,71,28"/><W21/><G114/><T122/><D122/><U35/><E104/><V15/><F73/><W36/><G71/><T41/><D70/><U46/><E74/><V38/><F38/><W121/><G121/><T33/><D33/><U40/><E35/><V78/><F78/><W84/><G110/><N who="2" m="41993" /><F117/><W65/><G65/><T48/><D130/><U27/><E27/><V108/><N who="2" m="42001" /><V69/><DORA hai="57" /><F69/><W63/><G36/><T68/><D103/><U20/><E20/><N who="2" m="11367" /><F127/><W29/><G21/><T60/><D39/><U82/><E82/><V75/><F75/><W119/><G119/><T62/><D41/><U16/><E16/><V18/><F18/><W91/><G76/><T87/><REACH who="0" step="1"/><D48/><REACH who="0" ten="189,322,106,373" step="2"/><U90/><E34/><V67/><F67/><AGARI ba="0,1" hai="58,60,62,64,67,68,80,87,89,95,97,101,106,107" machi="67" ten="30,12000,2" yaku="1,1,2,1,7,1,52,2,53,1" doraHai="32,57" doraHaiUra="120,85" who="0" fromWho="2" sc="189,130,322,0,106,-120,373,0" owari="319,-8.1,322,12.2,-14,-51.4,373,47.3" /></mjloggm>