<mjloggm ver="2.3"><GO type="169" lobby="0"/><UN n0="%68%61%73%68%69%30%30%31" n1="%E3%83%A4%E3%83%8A%E3%83%AA%E3%83%B3%E3%82%B9%E3%82%AD%E3%83%BC" n2="%E3%81%BE%E3%81%A8%E3%81%9F" n3="%31%35%2E%31%35%63%6D" dan="16,17,16,16" rate="2089.50,2163.69,2106.25,2157.75" sx="M,M,M,M"/><TAIKYOKU oya="0"/><INIT seed="0,0,0,2,0,14" ten="250,250,250,250" oya="0" hai0="73,52,23,99,130,26,60,32,48,56,7,65,131" hai1="123,110,38,111,43,19,133,134,29,78,45,112,132" hai2="117,22,44,40,71,85,25,100,69,107,121,57,122" hai3="92,20,82,97,0,119,33,75,31,58,127,135,108"/><T59/><D73/><U125/><E123/><V1/><F1/><W102/><G119/><T67/><D32/><U124/><E29/><V13/><F117/><W93/><G0/><T18/><D7/><U21/><E78/><V46/><F46/><W115/><G115/><T28/><D99/><U118/><E118/><V53/><F85/><W50/><G33/><T51/><D28/><U47/><E112/><V2/><F2/><W113/><G113/><T104/><D104/><U128/><E47/><V30/><F13/><W86/><G75/><T66/><REACH who="0" step="1"/><D48/><REACH who="0" ten="240,250,250,250" step="2"/><U6/><E6/><V17/><F121/><W62/><G50/><T79/><D79/><U16/><E128/><AGARI ba="0,1" hai="18,23,26,51,52,56,59,60,65,66,67,128,130,131" machi="128" ten="40,12000,1" yaku="1,1,19,1,52,1,54,1,53,0" doraHai="14" doraHaiUra="96" who="0" fromWho="1" sc="240,130,250,-120,250,0,250,0" /><INIT seed="0,1,0,1,2,42" ten="370,130,250,250" oya="0" hai0="105,15,60,88,111,123,31,52,108,94,20,103,14" hai1="30,34,75,48,32,74,25,73,109,43,95,5,77" hai2="35,135,49,120,50,132,53,7,100,58,13,121,101" hai3="38,84,82,40,93,17,69,86,47,128,127,97,44"/><T1/><D1/><U24/><E109/><N who="0" m="42057" /><D123/><N who="2" m="47178" /><F35/><W9/><G69/><T113/><D113/><U67/><E5/><V98/><F13/><N who="0" m="4618" /><D105/><U79/><E67/><V37/><F7/><W3/><G127/><T126/><D103/><N who="2" m="39498" /><F98/><W10/><G128/><T19/><D31/><U0/><E0/><V68/><F37/><W129/><G129/><T102/><D102/><U78/><E95/><V18/><F18/><W110/><G110/><T2/><D2/><U90/><E90/><V96/><F96/><W8/><G3/><T118/><D118/><U131/><E131/><V72/><F72/><W104/><G104/><T45/><D126/><U85/><E85/><V80/><F80/><W91/><G82/><T21/><D19/><U130/><E130/><V61/><F68/><W117/><G17/><T26/><D26/><U125/><E125/><V23/><F23/><W70/><G70/><T27/><D27/><U46/><REACH who="1" step="1"/><E24/><REACH who="1" ten="370,120,250,250" step="2"/><V54/><F135/><W59/><G86/><N who="0" m="52503" /><D60/><U51/><E51/><AGARI ba="1,1" hai="20,21,45,51,52" m="52503,4618,42057" machi="51" ten="30,12000,1" yaku="14,1,10,1,52,1,54,2" doraHai="42" who="0" fromWho="1" sc="370,133,120,-123,250,0,250,0" owari="503,60.3,-3,-50.3,250,5.0,250,-15.0" /></mjloggm>