<mjloggm ver="2.3"><GO type="225" lobby="0"/><UN n0="%E3%81%82%E3%81%84%E3%81%82%E3%81%8A%E3%81%84" n1="%E9%A6%AC%E5%BC%95%E7%81%AB%33" n2="%E6%A1%9C%E8%8A%B1%E9%96%83%E3%80%85" n3="%E5%B0%8F%E9%B3%A5%E9%81%8A%E7%B7%B4%E7%84%A1%32%31%E6%AD%B3" dan="18,16,16,16" rate="2244.15,2135.53,2195.04,2177.50" sx="M,M,M,F"/><TAIKYOKU oya="0"/><INIT seed="0,0,0,0,1,120" ten="250,250,250,250" oya="0" hai0="23,50,13,32,61,122,129,70,48,107,119,100,97" hai1="17,25,98,128,42,89,10,33,87,112,18,85,55" hai2="59,21,126,132,88,108,72,90,81,75,64,83,106" hai3="2,130,6,65,58,24,78,19,73,80,82,109,117"/><T37/><D119/><U93/><E128/><V15/><F64/><W123/><G117/><T22/><D122/><U67/><E112/><V29/><F59/><W8/><G123/><T135/><D37/><U76/><E42/><V63/><F63/><W96/><G130/><T12/><D129/><U35/><E67/><V125/><F15/><W84/><G96/><T92/><D32/><U30/><E33/><V31/><F21/><W40/><G40/><T66/><D135/><U20/><E76/><V104/><F132/><W52/><G65/><T86/><D23/><U121/><E121/><V113/><F113/><W103/><G103/><T27/><D107/><U47/><E10/><V49/><F49/><W39/><G39/><T133/><D133/><U28/><E17/><V14/><F14/><W110/><G19/><T36/><D36/><U3/><E3/><V16/><F16/><W124/><G24/><T99/><D86/><N who="1" m="32779" /><E35/><V5/><F5/><W9/><G9/><T111/><D99/><U7/><E7/><V131/><F131/><W77/><REACH who="3" step="1"/><G124/><REACH who="3" ten="250,250,250,240" step="2"/><T102/><D102/><U56/><E47/><V26/><F26/><W134/><G134/><T4/><D27/><U41/><E41/><V53/><F53/><W91/><G91/><T115/><D66/><U1/><E1/><V57/><F57/><W114/><G114/><T60/><D115/><U118/><E118/><V71/><F71/><W54/><G54/><T62/><D70/><U95/><E95/><V51/><F125/><W74/><G74/><T94/><D94/><U68/><E68/><V46/><F126/><RYUUKYOKU ba="0,1" sc="250,-15,250,15,250,-15,240,15" hai1="18,20,25,28,30,55,56,89,93,98" hai3="2,6,8,52,58,73,77,78,80,82,84,109,110" /><INIT seed="1,1,1,3,0,58" ten="235,265,235,255" oya="1" hai0="70,56,5,109,126,71,111,32,83,0,79,8,118" hai1="75,119,73,30,35,52,41,81,16,47,99,101,46" hai2="117,48,131,92,128,95,87,24,22,6,104,129,29" hai3="34,100,121,110,59,67,68,4,18,98,77,1,134"/><U17/><E119/><V124/><F117/><W12/><G121/><T113/><D118/><U97/><E35/><V135/><F135/><W107/><G110/><N who="0" m="41995" /><D113/><U49/><E30/><V63/><F124/><W122/><G77/><T31/><D126/><U80/><E49/><V61/><F104/><W89/><G89/><T120/><D120/><U62/><E101/><V37/><F37/><W106/><G134/><T53/><D31/><U60/><E52/><V112/><F112/><W64/><G34/><T90/><D90/><U14/><E14/><V38/><F38/><W20/><G122/><T88/><D32/><U108/><E108/><V45/><F6/><W86/><G4/><T105/><D88/><U93/><E41/><N who="2" m="24623" /><F87/><W123/><G86/><N who="0" m="48511" /><D105/><U36/><E36/><V69/><F69/><W65/><G68/><T114/><D114/><U3/><E93/><AGARI ba="1,1" hai="22,24,29,61,63,92,93,95,128,129,131" m="24623" machi="93" ten="30,3900,0" yaku="19,1,52,2" doraHai="58" who="2" fromWho="1" sc="235,0,265,-42,235,52,255,0" /><INIT seed="2,0,0,3,5,74" ten="235,223,287,255" oya="2" hai0="67,102,77,134,92,49,28,120,55,79,7,121,34" hai1="72,93,8,85,75,125,14,3,119,56,80,116,76" hai2="126,89,47,94,63,66,13,65,91,122,135,82,131" hai3="123,59,43,15,32,41,83,21,12,107,25,19,26"/><V61/><F122/><W132/><G123/><T106/><D106/><U33/><E33/><V95/><F131/><W53/><G107/><T42/><D42/><U22/><E125/><V44/><F13/><W20/><G32/><T96/><D134/><U112/><E112/><V98/><F82/><W70/><G70/><T11/><D67/><U2/><E22/><V133/><REACH who="2" step="1"/><F98/><REACH who="2" ten="235,223,277,255" step="2"/><W69/><G12/><T64/><D120/><U27/><E14/><V9/><F9/><W84/><G15/><T105/><D121/><U117/><E8/><V127/><AGARI ba="0,1" hai="44,47,61,63,65,66,89,91,94,95,126,127,133,135" machi="127" ten="25,18000,2" yaku="1,1,0,1,22,2,53,2" doraHai="74" doraHaiUra="57" who="2" fromWho="2" sc="235,-60,223,-60,277,190,255,-60" /><INIT seed="2,1,0,2,3,48" ten="175,163,467,195" oya="2" hai0="62,117,43,98,11,107,1,36,71,25,15,82,51" hai1="78,89,79,88,72,74,16,70,3,86,24,41,120" hai2="67,23,34,42,27,77,130,114,84,54,40,116,45" hai3="134,73,39,126,132,123,80,17,110,101,55,131,49"/><V31/><F114/><W18/><G39/><T37/><D1/><U75/><E3/><V47/><F116/><W56/><G123/><T69/><D117/><U93/><E70/><V66/><F130/><W119/><G119/><T33/><D51/><U2/><E2/><V121/><F34/><W7/><G110/><T87/><D43/><N who="2" m="16426" /><F121/><W129/><G7/><T13/><D13/><U50/><E120/><V64/><F54/><W124/><G101/><T9/><D33/><U12/><E24/><V105/><F105/><W113/><G80/><AGARI ba="1,0" hai="23,27,31,45,47,64,66,67,77,80,84" m="16426" machi="80" ten="30,1500,0" yaku="8,1" doraHai="48" who="2" fromWho="3" sc="175,0,163,0,467,18,195,-18" /><INIT seed="2,2,0,5,2,1" ten="175,163,485,177" oya="2" hai0="50,131,33,13,77,109,6,21,65,127,48,94,83" hai1="10,110,98,31,0,103,15,86,133,19,72,89,119" hai2="7,117,91,112,114,28,106,122,123,81,14,18,11" hai3="80,5,36,44,128,85,38,34,95,8,22,99,16"/><V54/><F54/><W42/><G34/><T25/><D109/><U111/><E119/><V66/><F66/><W59/><G59/><T82/><D127/><U49/><E133/><V32/><F91/><W24/><G128/><T52/><D33/><U70/><E72/><V67/><F81/><W53/><G53/><T58/><D131/><U101/><E70/><V116/><F106/><W45/><G45/><T78/><D65/><U63/><E31/><V100/><F100/><W62/><G62/><T121/><D121/><N who="2" m="46090" /><F67/><W2/><G99/><T75/><D94/><U57/><E49/><V107/><F107/><W76/><REACH who="3" step="1"/><G95/><REACH who="3" ten="175,163,485,167" step="2"/><T27/><D50/><AGARI ba="2,1" hai="2,5,8,16,22,24,36,38,42,44,50,76,80,85" machi="50" ten="30,8000,1" yaku="1,1,2,1,7,1,52,1,54,1,53,0" doraHai="1" doraHaiUra="124" who="3" fromWho="0" sc="175,-86,163,0,485,0,167,96" /><INIT seed="3,0,0,2,4,23" ten="89,163,485,263" oya="3" hai0="91,132,38,100,32,76,6,85,72,102,60,10,108" hai1="16,123,29,135,105,116,87,90,20,52,61,66,17" hai2="121,27,113,70,82,78,8,13,64,110,117,122,65" hai3="73,33,67,41,112,22,53,83,2,46,0,51,79"/><W4/><G112/><T80/><D38/><U69/><E123/><N who="2" m="47115" /><F110/><W128/><G128/><T12/><D108/><U59/><E105/><V131/><F117/><W11/><G33/><T125/><D125/><U127/><E127/><V37/><F113/><W9/><G67/><T31/><D132/><U94/><E135/><V49/><F37/><W21/><G53/><T24/><REACH who="0" step="1"/><D60/><REACH who="0" ten="79,163,485,263" step="2"/><U129/><E116/><V26/><F26/><W58/><G0/><T56/><D56/><U44/><E129/><V119/><F8/><W107/><G11/><T75/><D75/><U35/><E44/><V40/><F82/><AGARI ba="0,1" hai="6,10,12,24,31,32,72,76,80,82,85,91,100,102" machi="82" ten="30,3900,0" yaku="1,1,7,1,52,1,53,0" doraHai="23" doraHaiUra="15" who="0" fromWho="2" sc="79,49,163,0,485,-39,263,0" owari="128,-37.2,163,-23.7,446,54.6,263,6.3" /></mjloggm>