<mjloggm ver="2.3"><GO type="169" lobby="0"/><UN n0="%65%76%69%61%6E%36%31%39" n1="%E6%A1%9C%E6%B2%A2%E5%A2%A8" n2="%E2%91%A3%E3%82%BB%E3%83%B3%E3%83%81" n3="%E3%81%95%E3%81%8F%E3%82%89%E3%81%88%E3%81%B3" dan="16,16,18,16" rate="2126.89,2068.26,2251.55,2120.91" sx="M,F,M,M"/><TAIKYOKU oya="0"/><INIT seed="0,0,0,4,1,104" ten="250,250,250,250" oya="0" hai0="9,110,16,44,7,97,81,130,20,10,116,117,101" hai1="43,52,93,37,61,112,22,84,71,11,90,86,64" hai2="17,113,60,100,32,28,125,91,80,127,40,24,46" hai3="126,0,26,41,66,68,105,95,30,3,108,77,51"/><T29/><D130/><U94/><E112/><V87/><F113/><W124/><G105/><T89/><D29/><U33/><E33/><V50/><F100/><W12/><G108/><T1/><D10/><U65/><E37/><V54/><F60/><W6/><G68/><T45/><D110/><U49/><E43/><V47/><REACH who="2" step="1"/><F17/><REACH who="2" ten="250,250,240,250" step="2"/><W119/><G124/><T4/><D117/><U122/><E122/><V56/><F56/><W103/><G126/><T25/><D116/><U36/><E61/><V78/><F78/><W131/><G77/><T73/><D7/><U62/><E62/><V128/><F128/><W96/><G131/><T98/><D89/><U69/><E69/><V88/><F88/><W5/><G5/><T35/><D101/><U27/><E71/><V39/><AGARI ba="0,1" hai="24,28,32,39,40,46,47,50,54,80,87,91,125,127" machi="39" ten="30,2000,0" yaku="1,1,0,1,53,0" doraHai="104" doraHaiUra="19" who="2" fromWho="2" sc="250,-10,250,-5,240,30,250,-5" /><INIT seed="1,0,0,1,0,26" ten="240,245,270,245" oya="1" hai0="114,85,89,5,88,48,22,51,112,95,126,41,84" hai1="46,54,49,128,109,7,19,10,21,70,110,13,11" hai2="116,25,0,68,6,73,30,43,50,99,20,34,2" hai3="81,125,103,77,37,64,121,122,133,60,101,52,59"/><U3/><E70/><V45/><F116/><W29/><G125/><T18/><D126/><U42/><E128/><V17/><F73/><W56/><G37/><T57/><D5/><U61/><E61/><V86/><F68/><W123/><G133/><T135/><D135/><U90/><E42/><V24/><F6/><W32/><G32/><T40/><D114/><U91/><REACH who="1" step="1"/><E11/><REACH who="1" ten="240,235,270,245" step="2"/><V104/><REACH who="2" step="1"/><F86/><REACH who="2" ten="240,235,260,245" step="2"/><W76/><G122/><T58/><D85/><U79/><E79/><V94/><F94/><W28/><G121/><T111/><D95/><U69/><E69/><V55/><F55/><W106/><G123/><T14/><D84/><U78/><E78/><N who="3" m="30314" /><G106/><T35/><D41/><U92/><E92/><V129/><F129/><W96/><G81/><T113/><D40/><U132/><E132/><V82/><F82/><W67/><G96/><T127/><D127/><U38/><E38/><V27/><F27/><W66/><G59/><T105/><D58/><U9/><E9/><V131/><F131/><W65/><N who="3" m="16384" /><DORA hai="15" /><W130/><G130/><T33/><D57/><U16/><E16/><V47/><F47/><W134/><G134/><T12/><D18/><U120/><E120/><V4/><F4/><W8/><G8/><T118/><D105/><U23/><E23/><V71/><F71/><W102/><AGARI ba="0,2" hai="28,29,52,56,60,101,102,103" m="16384,30314" machi="102" ten="50,8000,1" yaku="8,1,52,2,54,1" doraHai="26,15" who="3" fromWho="3" sc="240,-20,235,-40,260,-20,245,100" /><INIT seed="2,0,0,2,0,14" ten="220,195,240,345" oya="2" hai0="110,60,119,21,2,130,1,54,113,108,0,19,59" hai1="132,83,72,107,109,135,112,26,116,102,6,46,86" hai2="105,32,13,75,69,125,18,35,61,65,100,85,128" hai3="104,22,88,16,10,57,64,31,62,94,126,52,58"/><V78/><F75/><W37/><G104/><T92/><D113/><U93/><E6/><V118/><F118/><W34/><G37/><T76/><D130/><U39/><E26/><V11/><F128/><W91/><G126/><T38/><D38/><U44/><E39/><V82/><REACH who="2" step="1"/><F125/><REACH who="2" ten="220,195,230,345" step="2"/><W51/><G34/><T24/><D119/><U74/><E74/><V17/><F17/><W80/><G31/><T117/><D117/><U87/><E72/><V29/><F29/><W127/><G127/><T106/><D106/><U133/><E107/><V123/><F123/><W49/><G10/><T66/><D110/><U81/><E116/><V121/><F121/><W63/><G16/><T25/><D108/><U30/><E109/><V45/><F45/><N who="1" m="17513" /><E30/><V48/><F48/><W115/><G115/><T70/><D19/><U5/><E112/><V99/><AGARI ba="0,1" hai="11,13,18,32,35,61,65,69,78,82,85,99,100,105" machi="99" ten="30,6000,0" yaku="1,1,0,1,52,1,53,0" doraHai="14" doraHaiUra="111" who="2" fromWho="2" sc="220,-20,195,-20,230,70,345,-20" /><INIT seed="2,1,0,2,5,12" ten="200,175,300,325" oya="2" hai0="47,57,29,113,75,77,63,35,32,109,103,59,27" hai1="116,33,30,126,85,80,60,52,99,24,104,130,91" hai2="28,65,132,135,36,133,50,1,18,67,96,16,64" hai3="38,62,110,106,45,87,95,129,127,6,71,117,15"/><V26/><F36/><W9/><G110/><T86/><D109/><U19/><E116/><V84/><F1/><W66/><G106/><T44/><D113/><U97/><E126/><V2/><F2/><W39/><G117/><T43/><D75/><U4/><E130/><V20/><F84/><W61/><G127/><T46/><D103/><U41/><E4/><V122/><F122/><W93/><G129/><T124/><D35/><U56/><E104/><V10/><F10/><W13/><G45/><T100/><D100/><U40/><REACH who="1" step="1"/><E19/><REACH who="1" ten="200,165,300,325" step="2"/><N who="2" m="7211" /><F96/><AGARI ba="1,1" hai="24,30,33,40,41,52,56,60,80,85,91,96,97,99" machi="96" ten="40,8000,1" yaku="1,1,54,1,53,3" doraHai="12" doraHaiUra="94" who="1" fromWho="2" sc="200,0,165,93,300,-83,325,0" /><INIT seed="3,0,0,5,5,54" ten="200,258,217,325" oya="3" hai0="41,81,45,27,111,82,131,102,2,28,110,32,3" hai1="64,127,19,121,39,98,99,53,125,5,61,58,33" hai2="83,66,86,57,114,18,126,13,135,120,88,70,74" hai3="96,6,109,97,0,84,4,37,132,44,20,42,60"/><W24/><G132/><T31/><D131/><U9/><E121/><V130/><F114/><W100/><G109/><T95/><D31/><U12/><E39/><V69/><F135/><W76/><G0/><T63/><D2/><U52/><E33/><V124/><F74/><W75/><G75/><T23/><D3/><U134/><E134/><V115/><F115/><W103/><G76/><T29/><D29/><U106/><E5/><V77/><F77/><W40/><G84/><T35/><D95/><U48/><E53/><V38/><F38/><W91/><G91/><T1/><D102/><U56/><REACH who="1" step="1"/><E106/><REACH who="1" ten="200,248,217,325" step="2"/><V104/><F104/><W123/><G4/><T7/><D111/><U68/><E68/><V47/><F120/><W108/><G6/><T73/><D35/><U122/><E122/><V113/><F113/><W67/><G108/><T117/><D32/><U87/><E87/><V14/><F70/><W49/><G123/><T22/><D7/><U89/><E89/><V50/><F69/><W10/><G42/><T93/><D1/><U112/><E112/><V25/><F130/><W78/><G40/><T133/><D73/><U116/><E116/><V62/><F126/><AGARI ba="0,1" hai="9,12,19,48,52,56,58,61,64,98,99,125,126,127" machi="126" ten="40,12000,2" yaku="1,1,18,1,52,2,54,1,53,2" doraHai="54" doraHaiUra="94" who="1" fromWho="2" sc="200,0,248,130,217,-120,325,0" /><INIT seed="4,0,0,3,2,52" ten="200,378,97,325" oya="0" hai0="132,80,48,135,89,129,9,25,95,38,75,65,133" hai1="81,2,101,23,57,62,127,106,49,123,39,64,84" hai2="66,79,72,59,76,17,54,50,15,30,109,1,41" hai3="47,82,11,93,13,119,104,20,103,126,86,112,108"/><T58/><D38/><U60/><E123/><V43/><F109/><W46/><G108/><T19/><D129/><U71/><E2/><V24/><F1/><W5/><G119/><T128/><D128/><U120/><E120/><V18/><F66/><W69/><G69/><T131/><D131/><U6/><E39/><V105/><F105/><W42/><G104/><T63/><D75/><U12/><E127/><V91/><F18/><W40/><G112/><T125/><D80/><U21/><E49/><V96/><F72/><W32/><G32/><T70/><D125/><U113/><E113/><V10/><F96/><N who="3" m="59791" /><G20/><N who="0" m="13471" /><D9/><U45/><E45/><N who="3" m="16906" /><G126/><T90/><D95/><U33/><E33/><V97/><F97/><W44/><G44/><T53/><AGARI ba="0,0" hai="48,53,58,63,65,70,89,90,132,133,135" m="13471" machi="53" ten="40,3900,0" yaku="20,1,52,1" doraHai="52" who="0" fromWho="0" sc="200,39,378,-13,97,-13,325,-13" /><INIT seed="4,1,0,0,1,135" ten="239,365,84,312" oya="0" hai0="38,88,15,90,21,3,22,132,17,94,68,66,82" hai1="8,115,45,16,100,42,32,51,57,64,59,80,99" hai2="110,97,26,96,93,44,35,67,128,46,105,122,40" hai3="14,130,25,107,65,62,18,9,113,103,47,20,60"/><T30/><D3/><U84/><E32/><V56/><F110/><W61/><G113/><T102/><D38/><U4/><E115/><V11/><F122/><W134/><G134/><T117/><D117/><U5/><E99/><V10/><F105/><W121/><G121/><T129/><D129/><U39/><E100/><V98/><F128/><W106/><G130/><T75/><D132/><U133/><E133/><V2/><F2/><W23/><G65/><T33/><D102/><U111/><E111/><V91/><F35/><W52/><G103/><T24/><D66/><U48/><E39/><V63/><F26/><W73/><G73/><T118/><D68/><U7/><E51/><V36/><REACH who="2" step="1"/><F46/><REACH who="2" ten="239,365,74,312" step="2"/><W31/><G106/><T6/><D33/><U112/><E112/><V27/><F27/><N who="3" m="14743" /><G107/><T37/><D24/><U109/><E109/><V85/><AGARI ba="1,1" hai="10,11,36,40,44,56,63,67,85,91,93,96,97,98" machi="85" ten="30,2000,0" yaku="1,1,0,1,53,0" doraHai="135" doraHaiUra="72" who="2" fromWho="2" sc="239,-11,365,-6,74,33,312,-6" /><INIT seed="5,0,0,1,0,49" ten="228,359,107,306" oya="1" hai0="17,45,111,88,52,43,35,41,94,71,59,117,61" hai1="66,48,87,1,121,34,47,103,51,33,134,107,100" hai2="2,102,53,95,77,104,20,98,25,24,97,70,19" hai3="11,23,83,69,80,128,127,54,15,65,44,31,124"/><U7/><E121/><V74/><F70/><W115/><G115/><T60/><D35/><U130/><E66/><V75/><F2/><W110/><G110/><T109/><D117/><U58/><E130/><V9/><F77/><W68/><G128/><T21/><D71/><U56/><E7/><V131/><F131/><W14/><G65/><T82/><D61/><U133/><E87/><V118/><F118/><W89/><G89/><T79/><D43/><U72/><E47/><V6/><F25/><N who="3" m="16831" /><G15/><T78/><D78/><U16/><E107/><V62/><F9/><W135/><G80/><T50/><D82/><U96/><E96/><V67/><F6/><W123/><G83/><T26/><D79/><U116/><E116/><V57/><REACH who="2" step="1"/><F67/><REACH who="2" ten="228,359,97,306" step="2"/><W4/><G69/><T132/><D132/><U119/><E119/><V0/><F0/><W36/><G68/><T113/><D113/><U38/><E1/><V126/><F126/><W125/><G135/><T73/><D73/><U90/><E72/><V101/><AGARI ba="0,1" hai="19,20,24,53,57,62,74,75,95,97,98,101,102,104" machi="101" ten="20,5200,0" yaku="1,1,0,1,7,1,52,1,53,0" doraHai="49" doraHaiUra="5" who="2" fromWho="2" sc="228,-13,359,-26,97,62,306,-13" /><INIT seed="6,0,0,2,3,118" ten="215,333,159,293" oya="2" hai0="73,29,124,89,33,9,15,113,66,3,51,5,53" hai1="110,39,122,114,21,17,101,16,95,129,14,84,117" hai2="91,62,105,55,7,119,40,31,63,8,76,37,70" hai3="121,28,58,133,86,98,77,59,71,2,18,41,25"/><V13/><F119/><W36/><G71/><T45/><D113/><U100/><E117/><V83/><F105/><W65/><G2/><T115/><D115/><U27/><E114/><V106/><F106/><W1/><G1/><T56/><D73/><U108/><E39/><V67/><F31/><W104/><G133/><T80/><D124/><U87/><E129/><V107/><F107/><W23/><G36/><T93/><D80/><U60/><E122/><V103/><F103/><W96/><G41/><T97/><D33/><U88/><E108/><V11/><F91/><W131/><G121/><T82/><D82/><U6/><E6/><V30/><F30/><W134/><G134/><T26/><D3/><U130/><E130/><V92/><F92/><W74/><G74/><T111/><D111/><U79/><E110/><V72/><F11/><W24/><G104/><T0/><D0/><U109/><E109/><V125/><F125/><W94/><G65/><T90/><D26/><U52/><E84/><V19/><F7/><W120/><G120/><T135/><D29/><U126/><E79/><V12/><F12/><W127/><G131/><T35/><D35/><U61/><E126/><V99/><F99/><N who="3" m="37931" /><G127/><T4/><D135/><U57/><E61/><N who="2" m="40303" /><F55/><W20/><G77/><T38/><D38/><U10/><AGARI ba="0,0" hai="10,14,16,17,21,27,52,57,60,87,88,95,100,101" machi="10" ten="20,12000,2" yaku="0,1,7,1,8,1,54,3" doraHai="118" who="1" fromWho="1" sc="215,-30,333,120,159,-60,293,-30" /><INIT seed="7,0,0,0,3,23" ten="185,453,99,263" oya="3" hai0="118,26,97,39,84,129,55,0,22,3,123,70,49" hai1="111,89,59,25,103,86,46,11,1,96,74,106,19" hai2="107,6,121,56,105,66,32,134,91,79,113,52,80" hai3="5,48,82,45,117,35,102,7,18,68,14,36,92"/><W8/><G117/><T54/><D39/><U116/><E74/><V119/><F119/><W64/><G36/><T100/><D70/><U112/><E116/><V95/><F113/><W34/><G68/><T133/><D123/><U71/><E71/><V75/><F121/><W20/><G64/><T50/><D133/><U135/><E135/><V16/><F134/><W13/><G7/><T30/><D129/><U77/><E77/><V110/><F66/><W27/><G14/><T53/><D84/><U33/><E112/><V72/><F6/><W15/><G15/><T41/><D118/><U125/><E111/><V69/><F75/><W98/><REACH who="3" step="1"/><G82/><REACH who="3" ten="185,453,99,253" step="2"/><T42/><D3/><U94/><E1/><V37/><F37/><W88/><G88/><T76/><D0/><U114/><E89/><V12/><F69/><W131/><G131/><T2/><D2/><U17/><E114/><V9/><F110/><W78/><G78/><T65/><D76/><U38/><E38/><V21/><F9/><W60/><G60/><T10/><D65/><U44/><E11/><V67/><F67/><W51/><G51/><T126/><D10/><U128/><E128/><V57/><F32/><W4/><G4/><T29/><D50/><U127/><E33/><V132/><F132/><W73/><G73/><T101/><D49/><U24/><E125/><V63/><REACH who="2" step="1"/><F57/><REACH who="2" ten="185,453,89,253" step="2"/><W115/><G115/><T130/><D126/><U61/><E127/><V109/><F109/><W58/><G58/><T108/><D108/><U83/><E83/><V87/><AGARI ba="0,2" hai="12,16,21,52,56,63,72,79,80,87,91,95,105,107" machi="87" ten="20,8000,1" yaku="1,1,0,1,7,1,54,2,53,0" doraHai="23" doraHaiUra="93" who="2" fromWho="2" sc="185,-20,453,-20,89,100,253,-40" owari="165,-33.5,433,53.3,189,-21.1,213,1.3" /></mjloggm>