<mjloggm ver="2.3"><GO type="169" lobby="0"/><UN n0="%E3%83%99%E3%83%AA%E3%83%B3%E3%83%80" n1="%58%E7%8C%AB" n2="%E3%81%AE%E3%81%AF%E3%81%A3%E3%81%A1" n3="%E3%80%8E%E3%83%A8%E3%82%B9%E3%82%AC%E3%83%8E%E3%82%BD%E3%83%A9%E3%80%8F" dan="17,16,16,17" rate="2201.27,2051.99,2188.35,2184.00" sx="M,M,M,M"/><TAIKYOKU oya="0"/><INIT seed="0,0,0,0,3,63" ten="250,250,250,250" oya="0" hai0="117,24,98,35,119,133,111,61,41,78,129,82,16" hai1="40,66,72,23,42,27,92,4,90,121,103,120,118" hai2="131,53,108,59,65,25,70,58,132,54,8,94,69" hai3="88,64,116,50,89,33,106,11,110,28,1,115,52"/><T43/><D129/><U45/><E118/><V30/><F108/><W56/><G116/><T126/><D126/><U109/><E72/><V87/><F132/><W100/><G115/><T38/><D133/><U13/><E103/><V48/><F131/><W36/><G36/><T95/><D111/><U130/><E109/><V44/><F8/><W26/><G110/><T114/><D114/><U124/><E130/><V22/><F44/><W91/><G1/><T84/><D38/><U77/><E77/><V29/><F29/><W0/><G0/><T9/><D117/><U7/><E42/><V71/><F87/><W21/><G33/><T122/><D122/><U101/><E101/><V128/><F128/><W6/><G106/><T18/><D119/><U74/><E74/><V68/><F68/><W127/><G127/><T15/><D61/><U60/><E13/><V125/><F125/><W5/><G100/><N who="0" m="60511" /><D35/><U79/><E79/><V73/><F73/><W55/><G64/><T99/><D99/><N who="1" m="57751" /><E124/><V46/><F94/><W135/><G135/><T76/><D78/><U3/><E3/><V32/><F32/><W97/><G97/><T113/><D113/><U83/><E83/><V17/><F30/><W75/><G75/><T57/><D57/><N who="1" m="37135" /><E121/><V134/><F134/><W31/><G31/><T37/><D37/><N who="1" m="21647" /><E120/><V107/><F107/><W86/><G86/><T67/><D67/><U10/><E10/><V93/><F93/><W51/><G11/><T112/><D112/><U19/><E23/><AGARI ba="0,0" hai="9,15,16,18,23,24,41,43,76,82,84" m="60511" machi="23" ten="30,2900,0" yaku="8,1,54,1" doraHai="63" who="0" fromWho="1" sc="250,29,250,-29,250,0,250,0" /><INIT seed="0,1,0,0,4,23" ten="279,221,250,250" oya="0" hai0="122,123,110,121,78,43,76,127,1,129,50,40,106" hai1="80,124,56,86,93,73,134,24,4,74,83,29,61" hai2="116,108,77,88,126,2,132,30,115,99,62,37,103" hai3="84,98,60,8,17,133,58,113,25,32,79,92,7"/><T35/><D106/><U39/><E39/><V49/><F115/><W0/><G113/><T22/><D35/><U82/><E134/><V13/><F37/><W91/><G133/><T131/><D1/><U117/><E117/><V26/><F2/><W97/><G79/><N who="0" m="30251" /><D127/><U100/><E124/><V112/><F112/><W57/><G57/><T27/><D110/><U71/><E71/><V45/><F108/><W15/><G0/><T105/><D105/><U130/><E4/><V51/><F126/><W16/><G7/><T135/><D135/><U52/><E130/><N who="0" m="49673" /><D50/><U21/><REACH who="1" step="1"/><E86/><REACH who="1" ten="279,211,250,250" step="2"/><V65/><F132/><W28/><REACH who="3" step="1"/><G17/><AGARI ba="1,1" hai="17,22,27,40,43,121,122,123" m="49673,30251" machi="17" ten="40,3900,0" yaku="19,1,52,1" doraHai="23" who="0" fromWho="3" sc="279,52,211,0,250,0,250,-42" /><INIT seed="0,2,0,4,2,121" ten="331,211,250,208" oya="0" hai0="2,48,26,41,43,80,113,118,129,13,105,122,94" hai1="55,69,65,73,27,85,134,57,81,89,12,71,92" hai2="97,29,90,54,128,56,86,53,63,103,101,77,58" hai3="15,52,114,126,119,37,7,49,10,82,51,35,32"/><T19/><D105/><U70/><E134/><V36/><F128/><W61/><G114/><T45/><D2/><U120/><E120/><V99/><F36/><W33/><G119/><T93/><D122/><U102/><E27/><V91/><F77/><W30/><G37/><T18/><D118/><U0/><E0/><V44/><F44/><W112/><G112/><T3/><D3/><U66/><E12/><V59/><F29/><W107/><G107/><T14/><D113/><U131/><E131/><V96/><F86/><W88/><G30/><T28/><D80/><U132/><E132/><V64/><F64/><W9/><G126/><T24/><D28/><U95/><E95/><V83/><F83/><W76/><G9/><T115/><D115/><U20/><E20/><V117/><F117/><W11/><G10/><T34/><D45/><U31/><E31/><V124/><F124/><W50/><G61/><T109/><D48/><U4/><E4/><V135/><F135/><W22/><G22/><T74/><D74/><U40/><E40/><V17/><F17/><W100/><G100/><N who="2" m="38473" /><F63/><W98/><G98/><T46/><D46/><U67/><E102/><V127/><F127/><W6/><G7/><T133/><D133/><U123/><E123/><V42/><F42/><W39/><G39/><T38/><D38/><U60/><E73/><V62/><F62/><W130/><G130/><T104/><D129/><U79/><E79/><V125/><F125/><W110/><G76/><T116/><D116/><U21/><E81/><V72/><F72/><W84/><G52/><AGARI ba="2,0" hai="52,53,54,56,58,59,90,91,96,97,99" m="38473" machi="52" ten="40,8000,1" yaku="28,2,8,1,54,1" doraHai="121" who="2" fromWho="3" sc="331,0,211,0,250,86,208,-86" /><INIT seed="1,0,0,5,1,18" ten="331,211,336,122" oya="1" hai0="103,120,23,96,95,60,52,0,34,90,10,83,89" hai1="56,111,46,39,37,117,33,72,135,40,51,61,66" hai2="6,13,80,122,105,68,116,62,4,112,114,123,73" hai3="48,49,26,119,121,59,106,28,43,126,115,128,29"/><U124/><E33/><V104/><F116/><W102/><G121/><N who="2" m="46089" /><F73/><W97/><G115/><N who="2" m="44073" /><F80/><W55/><G128/><T17/><D34/><U20/><E117/><V85/><F85/><W35/><G119/><T108/><D120/><U88/><E72/><V74/><F74/><W91/><G126/><T82/><D108/><U24/><E124/><V2/><F13/><W9/><G91/><N who="0" m="34827" /><D10/><U54/><E111/><V27/><F27/><W16/><G28/><T69/><D69/><U99/><E135/><V132/><F132/><W57/><G43/><T100/><D100/><U53/><E37/><V38/><F38/><W30/><G29/><T58/><D0/><U14/><E14/><AGARI ba="0,0" hai="14,17,23,52,58,60,82,83,95,96,103" m="34827" machi="14" ten="30,3900,0" yaku="8,1,52,1,54,1" doraHai="18" who="0" fromWho="1" sc="331,39,211,-39,336,0,122,0" /><INIT seed="2,0,0,4,5,53" ten="370,172,336,122" oya="2" hai0="75,110,57,7,89,93,117,135,22,76,121,48,123" hai1="74,32,134,30,47,33,101,3,98,103,88,107,42" hai2="118,54,92,64,52,18,126,1,26,85,83,125,25" hai3="87,72,0,116,106,2,63,80,40,112,108,91,43"/><V46/><F118/><W24/><G116/><T90/><D117/><U41/><E134/><V13/><F1/><W119/><G119/><T28/><D135/><U82/><E3/><V55/><F92/><W59/><G106/><T70/><D70/><U27/><E33/><V113/><F113/><W58/><G108/><T124/><D110/><U21/><E32/><V122/><F122/><W38/><G112/><T39/><D39/><U99/><E74/><V86/><F64/><W79/><G24/><N who="2" m="9321" /><F46/><W67/><G0/><T71/><D71/><U77/><E77/><V61/><F61/><N who="3" m="38327" /><G38/><T104/><D104/><U105/><REACH who="1" step="1"/><E47/><REACH who="1" ten="370,162,336,122" step="2"/><V131/><F131/><W84/><G72/><T17/><D76/><U95/><E95/><V127/><F83/><N who="3" m="47231" /><G2/><T102/><D93/><U133/><E133/><V62/><F62/><W10/><G10/><AGARI ba="0,1" hai="10,13,18,52,54,55,85,86,125,126,127" m="9321" machi="10" ten="40,3900,0" yaku="18,1,54,1" doraHai="53" who="2" fromWho="3" sc="370,0,162,0,336,49,122,-39" /><INIT seed="2,1,0,4,2,65" ten="370,162,385,83" oya="2" hai0="100,128,131,53,106,84,66,2,86,5,30,104,7" hai1="58,56,119,95,68,3,70,96,89,46,4,130,36" hai2="103,101,94,90,24,57,116,71,97,33,52,60,135" hai3="99,102,41,54,87,20,129,9,10,42,29,121,0"/><V23/><F135/><W105/><G121/><T134/><D134/><U110/><E119/><V107/><F116/><W32/><G129/><N who="0" m="49739" /><D66/><U78/><E130/><V49/><F33/><W6/><G32/><T123/><D30/><U22/><E78/><V12/><F107/><N who="0" m="41002" /><D100/><U26/><E110/><V76/><F76/><W115/><G115/><T81/><D123/><U85/><E85/><N who="0" m="32873" /><D81/><U120/><E120/><V69/><F12/><W34/><G34/><T63/><D2/><U75/><E75/><V51/><F51/><W114/><G102/><T59/><AGARI ba="1,0" hai="5,7,53,59,63" m="32873,41002,49739" machi="59" ten="40,1500,0" yaku="19,1" doraHai="65" who="0" fromWho="0" sc="370,18,162,-5,385,-8,83,-5" /><INIT seed="3,0,0,0,0,27" ten="388,157,377,78" oya="3" hai0="71,108,51,41,56,43,111,123,25,78,62,59,125" hai1="120,97,29,61,34,58,127,75,86,42,46,135,63" hai2="22,105,134,102,6,67,95,85,7,18,49,65,126" hai3="128,119,14,4,26,130,80,99,107,129,90,64,54"/><W10/><G119/><T87/><D78/><U131/><E120/><V118/><F126/><W124/><G124/><T36/><D125/><U60/><E127/><V21/><F134/><W133/><G133/><T38/><D87/><U72/><E135/><V3/><F3/><W122/><G122/><T69/><D25/><U1/><E1/><V35/><F35/><W116/><G116/><T74/><D74/><U100/><E86/><V81/><F105/><W55/><G64/><T117/><D117/><U13/><E13/><V44/><F22/><W83/><G26/><T39/><D123/><U103/><E58/><N who="0" m="22057" /><D51/><U52/><E131/><V37/><F37/><W45/><G45/><T40/><D62/><U73/><E97/><N who="2" m="59711" /><F67/><W9/><G10/><T110/><AGARI ba="0,0" hai="36,38,39,40,41,43,69,71,108,110,111" m="22057" machi="110" ten="50,12000,2" yaku="29,2,28,2,14,1,34,2" doraHai="27" who="0" fromWho="0" sc="388,120,157,-30,377,-30,78,-60" /><INIT seed="4,0,0,3,1,29" ten="508,127,347,18" oya="0" hai0="62,109,127,85,47,17,54,84,86,119,35,130,40" hai1="58,56,31,96,113,10,107,116,82,46,69,95,32" hai2="55,30,80,57,71,13,0,90,8,38,34,121,81" hai3="93,123,89,104,100,94,110,118,15,101,60,77,70"/><T74/><D119/><U92/><E116/><V4/><F121/><W11/><G118/><T65/><D74/><U72/><E69/><V134/><F38/><W44/><G123/><T125/><D130/><U9/><E46/><V102/><F134/><W97/><G110/><T132/><D132/><U78/><E107/><V112/><F112/><W79/><G44/><T52/><D17/><U105/><E105/><V61/><F102/><W28/><G28/><T126/><D35/><U26/><E95/><V117/><F71/><W39/><G39/><N who="0" m="21919" /><D109/><U14/><E10/><V6/><F6/><W59/><G70/><AGARI ba="0,0" hai="52,54,62,65,70,84,85,86,125,126,127" m="21919" machi="70" ten="40,3900,0" yaku="18,1,54,1" doraHai="29" who="0" fromWho="3" sc="508,39,127,0,347,0,18,-39" owari="547,64.7,127,-27.3,347,14.7,-21,-52.1" /></mjloggm>