<mjloggm ver="2.3"><GO type="225" lobby="0"/><UN n0="%E3%81%BF%E3%81%BF%E3%81%9A" n1="%E6%98%93%E5%88%A9%E8%96%A9%E4%BC%AF" n2="%E3%83%B4%E3%83%A0%EF%BC%99%E3%81%A6" n3="%E3%82%A4%E3%83%BC%E3%82%B1%E3%83%97%E3%83%A9" dan="17,17,17,17" rate="2230.61,2173.96,2144.18,2170.36" sx="M,F,M,M"/><TAIKYOKU oya="0"/><INIT seed="0,0,0,1,5,17" ten="250,250,250,250" oya="0" hai0="100,70,74,50,33,45,69,0,5,15,61,115,1" hai1="126,107,54,21,43,114,24,42,20,55,49,88,38" hai2="29,133,67,56,92,32,7,12,59,103,83,27,104" hai3="76,130,113,13,80,135,10,109,77,46,23,25,36"/><T93/><D115/><U51/><E107/><V85/><F133/><W14/><G113/><T122/><D122/><U63/><E114/><V127/><F127/><W82/><G135/><T57/><D74/><U66/><E38/><V90/><F104/><W31/><G109/><T44/><D33/><U106/><E106/><V65/><F65/><W16/><G130/><T108/><D108/><U95/><E126/><V91/><F103/><W60/><G36/><T75/><D75/><U134/><E134/><V81/><F67/><W37/><G37/><T64/><D44/><N who="1" m="27943" /><E63/><V47/><F47/><W73/><G46/><T101/><D15/><U120/><E66/><V8/><REACH who="2" step="1"/><F81/><REACH who="2" ten="250,250,240,250" step="2"/><W105/><G105/><T84/><D70/><U132/><E132/><V22/><F22/><N who="1" m="8809" /><E120/><V11/><F11/><W48/><G10/><T102/><D69/><U53/><E24/><V79/><F79/><W121/><G77/><T99/><D101/><U68/><E68/><V62/><F62/><W58/><G60/><T94/><D102/><U35/><E35/><V119/><F119/><W9/><G121/><T41/><D5/><U40/><E51/><V19/><F19/><W97/><G16/><T111/><D111/><U28/><E28/><V3/><F3/><W131/><G48/><T116/><D116/><U124/><E124/><V71/><F71/><W87/><G31/><T39/><D39/><U6/><E6/><V112/><F112/><W2/><G2/><T98/><D100/><U72/><E72/><V89/><F89/><W128/><G73/><T4/><D4/><U26/><E26/><RYUUKYOKU ba="0,1" sc="250,-15,250,15,240,15,250,-15" hai1="40,42,43,53,55,88,95" hai2="7,8,12,27,29,32,56,59,83,85,90,91,92" /><INIT seed="1,1,1,5,5,114" ten="235,265,255,235" oya="1" hai0="116,67,101,50,99,3,64,68,44,41,43,100,111" hai1="0,128,46,126,57,83,104,96,88,75,79,74,112" hai2="47,86,36,11,37,89,129,8,35,51,5,87,9" hai3="69,30,4,55,133,12,103,110,38,80,123,6,106"/><U78/><E112/><V62/><F35/><W2/><G69/><T98/><D3/><U82/><E0/><V102/><F102/><W84/><G38/><T61/><D111/><U107/><E46/><V120/><F120/><W130/><G2/><T1/><D1/><U97/><E57/><V17/><F5/><W21/><G123/><T63/><D116/><U135/><E135/><V92/><F129/><W121/><G121/><T42/><D99/><U26/><E26/><V77/><F17/><W131/><G110/><T60/><D101/><U22/><E22/><V70/><F77/><W113/><G113/><T28/><D28/><U119/><E128/><N who="3" m="49194" /><G133/><T134/><D134/><U45/><E45/><V109/><F109/><W71/><G71/><N who="0" m="42375" /><D98/><U124/><E88/><V72/><F72/><W108/><G108/><T73/><D73/><U94/><E94/><V54/><REACH who="2" step="1"/><F86/><REACH who="2" ten="235,265,245,235" step="2"/><W34/><G34/><T118/><D100/><U117/><AGARI ba="1,2" hai="74,75,78,79,82,83,96,97,104,107,117,119,124,126" machi="117" ten="25,24000,3" yaku="0,1,22,2,34,3,52,2" doraHai="114" who="1" fromWho="1" sc="235,-81,265,263,245,-81,235,-81" /><INIT seed="1,2,0,4,3,0" ten="154,528,164,154" oya="1" hai0="2,101,111,105,78,69,49,122,31,9,106,24,41" hai1="12,113,73,88,110,120,67,100,70,27,6,26,116" hai2="33,89,65,13,38,75,84,58,19,51,99,72,82" hai3="129,98,115,86,30,60,102,53,123,15,23,11,108"/><U62/><E113/><V90/><F38/><W22/><G115/><T21/><D69/><U94/><E116/><V125/><F33/><W66/><G123/><T76/><D122/><U47/><E120/><V7/><F125/><W63/><G108/><T79/><D111/><U59/><E73/><V37/><F37/><W112/><G112/><T135/><D135/><U28/><E110/><V96/><F72/><W39/><G39/><T54/><D41/><U81/><E70/><V25/><F75/><W91/><G129/><T8/><D101/><U126/><E126/><V131/><F131/><W43/><G43/><T40/><D40/><U17/><E6/><V117/><F117/><W133/><G53/><T95/><D95/><U34/><E27/><V68/><F68/><W44/><G44/><T83/><D83/><U18/><E47/><V77/><F25/><N who="3" m="16695" /><G23/><T10/><REACH who="0" step="1"/><D2/><REACH who="0" ten="144,528,164,154" step="2"/><U124/><E124/><V50/><F82/><N who="3" m="49623" /><G133/><T42/><D42/><U130/><E130/><V80/><F80/><W48/><G102/><T92/><D92/><U61/><E100/><V16/><F96/><W97/><G98/><T71/><D71/><U87/><E94/><V74/><F99/><W52/><G97/><T109/><D109/><U29/><E81/><V46/><F74/><W104/><G104/><T55/><D55/><U45/><E87/><V132/><F132/><W121/><G121/><T107/><D107/><U36/><E36/><V119/><F84/><W20/><G52/><T57/><AGARI ba="2,1" hai="8,9,10,21,24,31,49,54,57,76,78,79,105,106" machi="57" ten="30,2000,0" yaku="1,1,0,1,53,0" doraHai="0" doraHaiUra="14" who="0" fromWho="0" sc="144,36,528,-12,164,-7,154,-7" /><INIT seed="2,0,0,1,3,7" ten="180,516,157,147" oya="2" hai0="44,85,35,49,0,126,102,86,32,29,121,41,2" hai1="120,24,90,76,81,28,115,83,128,80,123,75,122" hai2="105,103,3,11,20,96,134,37,53,22,9,135,108" hai3="64,17,13,14,18,113,124,79,5,125,114,110,38"/><V99/><F37/><W74/><G38/><T95/><D121/><U58/><E115/><N who="3" m="44042" /><G64/><T10/><D126/><N who="3" m="48745" /><G79/><T70/><D70/><U97/><E128/><V54/><F3/><W133/><G74/><T67/><D67/><U4/><E4/><V87/><F87/><W60/><G60/><T73/><D73/><U43/><E43/><V23/><F108/><W88/><G110/><T31/><D102/><U89/><E58/><V12/><F96/><W57/><G57/><T36/><D36/><U118/><E118/><V27/><F27/><W112/><N who="3" m="44050" /><W65/><DORA hai="61" /><G65/><T68/><D68/><U106/><E106/><V82/><F82/><N who="1" m="31849" /><E97/><V52/><REACH who="2" step="1"/><F12/><REACH who="2" ten="180,516,147,147" step="2"/><N who="3" m="4715" /><G133/><AGARI ba="0,1" hai="9,11,20,22,23,52,53,54,99,103,105,133,134,135" machi="133" ten="50,18000,2" yaku="1,1,20,1,52,2,54,1,53,1" doraHai="7,61" doraHaiUra="117,93" who="2" fromWho="3" sc="180,0,516,0,147,190,147,-180" owari="180,-22.0,516,61.6,337,13.7,-33,-53.3" /></mjloggm>