<mjloggm ver="2.3"><GO type="169" lobby="0"/><UN n0="%4B%2E%47%2E%4C" n1="%E9%BE%8D%31%30" n2="%E5%A4%A9%E7%A9%BA%E3%81%AE%E6%8A%80" n3="%E5%A4%A7%E4%BB%81%E7%94%B0%E8%96%84" dan="17,16,16,17" rate="2276.19,2092.43,2138.83,2192.67" sx="M,M,M,M"/><TAIKYOKU oya="0"/><INIT seed="0,0,0,2,1,52" ten="250,250,250,250" oya="0" hai0="40,74,130,91,18,80,85,68,4,97,60,42,124" hai1="70,128,55,83,38,0,127,46,101,78,14,21,34" hai2="115,45,3,84,71,9,22,79,81,48,99,36,123" hai3="64,39,122,17,111,20,61,10,30,29,118,50,26"/><T72/><D124/><U77/><E70/><V131/><F71/><W35/><G39/><T75/><D130/><U121/><E34/><V54/><F131/><W41/><G118/><T2/><D2/><U66/><E0/><V134/><F134/><W120/><G111/><T23/><D4/><U11/><E66/><V114/><F123/><N who="3" m="47147" /><G10/><T32/><D32/><U76/><E127/><V59/><F3/><W96/><G96/><T47/><D97/><U82/><E38/><V49/><F9/><W105/><G105/><T28/><D28/><U108/><E101/><V116/><F36/><W6/><G6/><T113/><D113/><U102/><E102/><V129/><F116/><W94/><G94/><T89/><D89/><U5/><E108/><V106/><F129/><W133/><G133/><T43/><D60/><U93/><E93/><V119/><F119/><W7/><G7/><T44/><REACH who="0" step="1"/><D68/><REACH who="0" ten="240,250,250,250" step="2"/><U1/><E128/><V67/><F99/><W88/><G88/><T90/><D90/><U57/><E121/><V73/><F114/><W12/><G30/><T86/><D86/><U19/><REACH who="1" step="1"/><E46/><REACH who="1" ten="240,240,250,250" step="2"/><V31/><F45/><N who="3" m="25903" /><G64/><T16/><D16/><U27/><E27/><AGARI ba="0,2" hai="18,23,27,40,42,43,44,47,72,74,75,80,85,91" machi="27" ten="50,2400,0" yaku="1,1,53,0" doraHai="52" doraHaiUra="126" who="0" fromWho="1" sc="240,44,240,-24,250,0,250,0" /><INIT seed="0,1,0,0,3,72" ten="284,216,250,250" oya="0" hai0="31,11,116,134,118,24,78,130,129,120,115,95,117" hai1="105,28,13,66,100,91,61,76,15,108,107,14,85" hai2="104,123,80,99,89,79,23,97,47,48,58,90,77" hai3="83,3,64,30,33,114,106,50,4,82,49,44,22"/><T37/><D37/><U127/><E127/><V63/><F123/><W84/><G114/><T103/><D103/><U128/><E108/><V74/><F104/><W92/><G106/><T16/><D95/><U93/><E100/><V7/><F7/><W71/><G33/><N who="0" m="20711" /><D78/><N who="2" m="29706" /><F74/><W20/><G64/><T65/><D65/><U1/><E128/><N who="0" m="49257" /><D115/><U62/><E1/><V86/><F23/><W10/><G92/><T67/><D67/><U8/><E28/><V42/><F90/><W122/><G122/><T87/><D87/><U110/><E8/><V133/><F133/><W88/><G82/><T19/><D120/><U55/><E110/><V81/><F80/><W119/><G71/><T32/><D134/><U38/><E38/><V57/><F63/><W113/><G113/><T75/><D75/><U102/><E107/><V2/><F2/><W29/><G50/><T46/><D32/><U36/><E36/><V34/><F34/><W25/><G49/><T45/><D19/><U39/><E105/><V21/><F21/><W112/><G112/><T131/><N who="0" m="49265" /><T51/><DORA hai="60" /><D51/><U41/><E39/><V35/><F35/><W70/><G70/><T0/><D0/><U73/><E62/><V59/><AGARI ba="1,0" hai="42,47,48,57,58,59,81,86,89,97,99" m="29706" machi="59" ten="30,7900,0" yaku="8,1,52,3" doraHai="72,60" who="2" fromWho="2" sc="284,-40,216,-21,250,82,250,-21" /><INIT seed="1,0,0,1,0,26" ten="244,195,332,229" oya="1" hai0="98,73,135,20,132,48,62,44,4,18,41,22,85" hai1="95,115,45,78,1,94,93,99,81,51,131,83,14" hai2="37,97,66,101,40,6,79,133,65,52,36,96,49" hai3="5,74,46,28,71,38,31,114,129,87,70,126,109"/><U59/><E1/><V23/><F133/><N who="0" m="51274" /><D73/><U80/><E115/><V89/><F79/><W102/><G74/><T128/><D128/><U21/><E131/><V15/><F40/><W111/><G129/><T104/><D4/><U57/><E78/><V88/><F6/><W19/><G5/><T69/><D85/><U125/><E99/><V119/><F15/><W0/><G0/><T12/><D22/><U120/><E125/><V76/><F76/><W17/><G126/><T35/><D35/><U54/><REACH who="1" step="1"/><E120/><REACH who="1" ten="244,185,332,229" step="2"/><V134/><F97/><W110/><G114/><T7/><D98/><U64/><E64/><V10/><F66/><W30/><G87/><T72/><D72/><U112/><E112/><V63/><F96/><W113/><G113/><T77/><D77/><U84/><E84/><V123/><F123/><W56/><G102/><T107/><D7/><U130/><E130/><V122/><F101/><W127/><G127/><T60/><D69/><N who="3" m="26121" /><G56/><T24/><D104/><U82/><N who="1" m="20480" /><DORA hai="13" /><U91/><E91/><V3/><F88/><W106/><G106/><T39/><D107/><U53/><E53/><V47/><F89/><W33/><G33/><T43/><D43/><AGARI ba="0,1" hai="17,19,28,30,31,38,43,46,109,110,111" m="26121" machi="43" ten="40,12000,2" yaku="14,1,52,5" doraHai="26,13" who="3" fromWho="0" sc="244,-120,185,0,332,0,229,130" /><INIT seed="2,0,0,5,5,10" ten="124,185,332,359" oya="2" hai0="114,105,28,109,112,87,38,81,11,4,126,72,78" hai1="60,25,131,79,94,17,58,27,123,36,71,127,100" hai2="63,22,53,89,66,16,68,29,97,19,44,64,31" hai3="84,39,101,83,115,35,117,135,45,14,62,52,96"/><V93/><F66/><W61/><G117/><T18/><D38/><U0/><E71/><V107/><F107/><W102/><G35/><T55/><D105/><U67/><E36/><V124/><F124/><W9/><G135/><T74/><D126/><U47/><E0/><V104/><F104/><W116/><G116/><T42/><D42/><U23/><E127/><V13/><F44/><W110/><G110/><T41/><D41/><U77/><E123/><V90/><F53/><W43/><G115/><T120/><D120/><U24/><E47/><V76/><F76/><N who="1" m="29257" /><E131/><V26/><REACH who="2" step="1"/><F90/><REACH who="2" ten="124,185,322,359" step="2"/><W133/><G52/><T108/><D55/><U40/><E40/><V15/><F15/><W1/><G1/><T46/><D46/><U103/><E94/><V113/><F113/><W111/><G133/><T92/><D92/><U75/><E75/><V122/><F122/><W6/><G111/><T37/><D72/><U32/><E32/><V5/><F5/><W119/><G119/><T129/><D74/><U99/><E99/><V34/><F34/><W98/><G98/><T85/><D108/><U134/><E134/><V51/><F51/><W3/><G3/><T50/><D109/><U48/><E48/><V69/><F69/><W91/><G102/><AGARI ba="0,1" hai="17,23,24,25,27,58,60,67,100,102,103" m="29257" machi="102" ten="30,1000,0" yaku="8,1" doraHai="10" who="1" fromWho="3" sc="124,0,185,20,322,0,359,-10" /><INIT seed="3,0,0,2,2,25" ten="124,205,322,349" oya="3" hai0="17,126,62,40,65,117,29,47,125,99,91,49,39" hai1="68,103,38,14,110,26,112,64,104,10,101,35,55" hai2="72,12,18,27,74,53,79,115,122,11,88,123,19" hai3="71,13,86,105,44,31,43,45,90,84,108,100,37"/><W7/><G71/><T51/><D117/><U134/><E112/><V132/><F115/><W118/><G118/><T59/><D17/><U82/><E38/><V5/><F79/><W96/><G108/><T98/><D29/><U85/><E110/><V2/><F132/><W127/><G127/><N who="0" m="48651" /><D91/><U15/><E134/><V8/><F53/><W119/><G119/><T33/><D33/><U41/><E55/><V83/><F27/><W4/><G84/><T81/><D81/><U77/><E41/><V93/><F19/><W73/><G73/><T120/><D120/><N who="2" m="46122" /><F83/><W28/><G44/><N who="0" m="25735" /><D39/><U34/><E15/><V95/><F95/><W24/><G13/><T32/><D32/><U67/><E35/><V114/><F114/><W42/><G42/><AGARI ba="0,0" hai="42,47,51,59,62,65,98,99" m="25735,48651" machi="42" ten="30,1000,0" yaku="18,1" doraHai="25" who="0" fromWho="3" sc="124,10,205,0,322,0,349,-10" /><INIT seed="4,0,0,1,3,0" ten="134,205,322,339" oya="0" hai0="113,65,122,54,85,66,59,35,108,76,84,86,130" hai1="105,32,2,19,68,79,80,4,132,15,120,114,18" hai2="28,93,104,83,11,128,127,92,50,124,47,110,70" hai3="121,41,112,100,63,12,60,91,34,55,49,14,21"/><T89/><D35/><U22/><E120/><V117/><F110/><W5/><G34/><T24/><D122/><U107/><E68/><V57/><F104/><W77/><G41/><T74/><D108/><U36/><E32/><V33/><F70/><W131/><G112/><T8/><D113/><U46/><E114/><V126/><F117/><W30/><G77/><T37/><D37/><U26/><E132/><V123/><F123/><W51/><G100/><T13/><D130/><U116/><E116/><V44/><F83/><W69/><G51/><T135/><D24/><U16/><E2/><V106/><F106/><W40/><G40/><T97/><D135/><U134/><E134/><V42/><F57/><W78/><G78/><T125/><D125/><U72/><E107/><V9/><F47/><W17/><G30/><T133/><D133/><U56/><E105/><V82/><F128/><W71/><G71/><T95/><D76/><U96/><E96/><V20/><F33/><W7/><G69/><T39/><D39/><U103/><E103/><V1/><F28/><W31/><G31/><T88/><D89/><U75/><E72/><V58/><F126/><W81/><G14/><T109/><D74/><U38/><E56/><V52/><F58/><N who="3" m="33135" /><G131/><T48/><REACH who="0" step="1"/><D109/><REACH who="0" ten="124,205,322,339" step="2"/><U98/><E38/><N who="2" m="21591" /><F127/><W94/><G121/><T6/><AGARI ba="0,1" hai="6,8,13,48,54,59,65,66,84,85,86,88,95,97" machi="6" ten="30,12000,1" yaku="1,1,0,1,8,1,52,1,54,1,53,0" doraHai="0" doraHaiUra="102" who="0" fromWho="0" sc="124,130,205,-40,322,-40,339,-40" /><INIT seed="4,1,0,0,3,13" ten="254,165,282,299" oya="0" hai0="77,30,122,14,47,48,12,20,66,111,28,85,4" hai1="43,84,32,81,87,72,134,110,95,24,19,86,23" hai2="106,99,7,125,17,56,128,91,3,31,18,37,104" hai3="9,107,121,82,1,109,16,113,135,49,105,36,94"/><T124/><D122/><U29/><E110/><V67/><F37/><W74/><G36/><T131/><D111/><U61/><E134/><V40/><F40/><W100/><G1/><T5/><D124/><U123/><E123/><V34/><F106/><W132/><G121/><T33/><D131/><U53/><E43/><V80/><F104/><W10/><G10/><T102/><D66/><U70/><E72/><V25/><F128/><W112/><G94/><T114/><D102/><U118/><E95/><V64/><F64/><W98/><G105/><T60/><D60/><U63/><E118/><V120/><F125/><W11/><G11/><N who="0" m="4199" /><D33/><U44/><E70/><V101/><F101/><W92/><G49/><T96/><D96/><U22/><E32/><V75/><F99/><N who="3" m="61855" /><G109/><T71/><D71/><U130/><E81/><V15/><F80/><W52/><G52/><N who="0" m="29727" /><D114/><N who="3" m="44137" /><G82/><N who="0" m="47311" /><D5/><U50/><REACH who="1" step="1"/><E130/><REACH who="1" ten="254,155,282,299" step="2"/><V129/><F129/><W89/><G74/><T76/><D76/><U59/><E59/><V119/><F56/><W97/><G97/><T55/><D55/><U79/><E79/><V57/><F120/><W116/><G116/><T27/><D14/><AGARI ba="1,1" hai="14,19,22,23,24,29,44,50,53,61,63,84,86,87" machi="14" ten="40,5200,0" yaku="1,1,8,1,52,1,53,0" doraHai="13" doraHaiUra="133" who="1" fromWho="0" sc="254,-55,155,65,282,0,299,0" /><AGARI ba="1,0" hai="9,14,16,89,92,98,132,135" m="44137,61855" machi="14" ten="30,3900,0" yaku="15,1,52,1,54,1" doraHai="13" who="3" fromWho="0" sc="199,-39,220,0,282,0,299,39" /><INIT seed="5,0,0,2,5,62" ten="160,220,282,338" oya="1" hai0="33,32,59,80,11,116,91,16,49,64,50,117,106" hai1="23,58,63,26,41,105,71,55,12,36,21,48,20" hai2="43,107,68,38,7,37,44,51,47,108,54,31,113" hai3="97,133,130,98,75,9,70,24,76,104,124,88,15"/><U2/><E105/><V0/><F107/><W94/><G124/><T131/><D106/><U25/><E2/><V13/><F108/><W111/><G111/><T60/><D131/><U30/><E36/><V132/><F0/><W129/><G70/><T121/><D121/><U93/><E71/><V110/><F110/><W84/><G133/><T127/><D127/><U65/><E41/><V100/><F100/><N who="3" m="62479" /><G24/><N who="1" m="9322" /><E30/><V82/><F132/><W5/><G98/><T128/><D128/><U17/><E93/><V46/><F31/><W22/><G22/><N who="1" m="8810" /><E48/><V3/><F3/><W120/><G120/><T135/><D135/><U61/><E61/><V119/><F51/><W53/><G53/><AGARI ba="0,0" hai="12,17,23,53,55,58,63,65" m="8810,9322" machi="53" ten="30,2900,0" yaku="8,1,52,1" doraHai="62" who="1" fromWho="3" sc="160,0,220,29,282,0,338,-29" /><INIT seed="5,1,0,3,5,121" ten="160,249,282,309" oya="1" hai0="15,123,40,99,41,130,49,3,37,91,127,20,113" hai1="35,132,43,111,83,0,79,23,46,26,59,107,28" hai2="29,51,90,114,101,55,64,33,60,39,108,13,116" hai3="125,44,110,52,22,118,134,30,32,88,4,17,84"/><U98/><E132/><V16/><F39/><W69/><G69/><T73/><D3/><U63/><E0/><V21/><F116/><W95/><G134/><T133/><D73/><U10/><E10/><V19/><F101/><W72/><G72/><T135/><D123/><U128/><E128/><V81/><F108/><W24/><G110/><T92/><D130/><U1/><E1/><V25/><F114/><W68/><G68/><T80/><D113/><U53/><E111/><V50/><F55/><W131/><G131/><T70/><D70/><U104/><E98/><V89/><F19/><W124/><G118/><T2/><D2/><U54/><E53/><V36/><F36/><W67/><G4/><T96/><D80/><U47/><E35/><V45/><F81/><W106/><G106/><T94/><D37/><U14/><E14/><V97/><F97/><W112/><G67/><T66/><D66/><U57/><E59/><V5/><F5/><W8/><G8/><T77/><D77/><U100/><E100/><V126/><F126/><N who="3" m="48747" /><G112/><T9/><D20/><U48/><REACH who="1" step="1"/><E47/><REACH who="1" ten="160,239,282,309" step="2"/><V120/><F45/><W65/><G65/><T61/><D127/><U11/><E11/><V93/><F64/><W76/><G44/><N who="0" m="25735" /><D135/><U119/><E119/><V18/><F33/><W102/><G52/><T42/><D133/><U58/><E58/><V109/><F109/><W129/><G102/><N who="0" m="60679" /><D61/><U117/><E117/><V103/><F60/><W82/><G129/><T6/><AGARI ba="1,1" hai="6,9,15,41,42,91,94,99" m="60679,25735" machi="6" ten="30,1100,0" yaku="8,1" doraHai="121" who="0" fromWho="0" sc="160,24,239,-6,282,-4,309,-4" /><INIT seed="6,0,0,4,0,33" ten="184,233,278,305" oya="2" hai0="38,124,128,32,84,58,11,111,116,75,110,10,30" hai1="106,91,63,87,76,65,126,22,100,20,55,41,118" hai2="39,89,105,127,35,129,37,109,14,26,88,97,101" hai3="15,59,50,54,18,121,130,24,31,8,46,36,95"/><V61/><F129/><W53/><G130/><T77/><D38/><U5/><E118/><V81/><F127/><W68/><G68/><T134/><D128/><U99/><E76/><V12/><F89/><W1/><G1/><T2/><D75/><U108/><E41/><V51/><F51/><W94/><G121/><T102/><D102/><U115/><E108/><V122/><F122/><W120/><G120/><T85/><D116/><U104/><E115/><V7/><F109/><W112/><G112/><T66/><D124/><U0/><E55/><V4/><F4/><W13/><G13/><T25/><D134/><U71/><E106/><V135/><F135/><W48/><REACH who="3" step="1"/><G36/><REACH who="3" ten="184,233,278,295" step="2"/><T80/><D111/><U9/><REACH who="1" step="1"/><E126/><REACH who="1" ten="184,223,278,295" step="2"/><V82/><F39/><W21/><AGARI ba="0,2" hai="8,15,18,21,24,31,46,48,50,53,54,59,94,95" machi="21" ten="20,8000,1" yaku="1,1,2,1,0,1,7,1,8,1,53,0" doraHai="33" doraHaiUra="64" who="3" fromWho="3" sc="184,-20,223,-20,278,-40,295,100" /><INIT seed="7,0,0,0,4,77" ten="164,203,238,395" oya="3" hai0="30,81,60,100,75,114,2,20,108,15,1,110,52" hai1="85,93,39,64,129,28,6,62,83,84,36,11,27" hai2="22,98,135,17,125,12,90,42,63,37,101,57,127" hai3="70,104,34,99,79,80,55,16,59,112,38,109,105"/><W18/><G70/><T91/><D100/><U121/><E129/><V87/><F42/><W131/><G34/><T23/><D23/><U118/><E93/><V56/><F37/><W78/><G99/><T0/><D114/><U113/><E85/><V43/><F43/><W122/><G38/><T26/><D15/><U33/><E121/><V94/><F135/><W19/><G109/><T106/><D106/><U53/><E53/><V48/><F48/><W9/><G131/><T120/><D120/><U73/><E73/><V82/><F63/><W119/><G119/><T102/><D102/><U4/><E113/><V72/><F72/><W117/><G117/><T130/><D130/><U92/><E92/><V68/><F68/><W5/><G79/><T65/><D65/><U107/><E6/><V24/><F24/><W8/><G8/><T124/><D124/><AGARI ba="0,0" hai="12,17,22,56,57,82,87,90,94,98,101,124,125,127" machi="124" ten="40,2600,0" yaku="18,1,52,1" doraHai="77" who="2" fromWho="0" sc="164,-26,203,0,238,26,395,0" owari="138,-36.2,203,-19.7,264,6.4,395,49.5" /></mjloggm>