<mjloggm ver="2.3"><GO type="169" lobby="0"/><UN n0="%79%6D%6C%73%67%61%6D%65" n1="%73%61%6E%67%6F%64%64%6F" n2="%52%59%4F%40%53%53" n3="%E5%A7%AB%E7%95%99" dan="16,17,17,16" rate="2130.83,2165.69,2147.78,2130.66" sx="F,M,M,M"/><TAIKYOKU oya="0"/><INIT seed="0,0,0,5,5,9" ten="250,250,250,250" oya="0" hai0="76,126,131,31,25,92,124,64,16,59,60,78,10" hai1="47,26,21,74,99,14,37,52,73,115,8,38,101" hai2="44,85,113,83,65,70,1,129,118,18,133,72,13" hai3="96,67,102,11,3,106,79,75,111,87,117,4,86"/><T89/><D131/><U56/><E115/><V94/><F113/><W46/><G117/><T0/><D0/><U98/><E73/><V30/><F1/><W69/><G111/><T6/><D6/><U130/><E74/><V81/><F129/><W39/><G67/><T116/><D116/><U22/><E130/><V7/><F7/><W107/><G107/><T23/><D124/><U42/><E38/><V27/><F133/><W134/><G134/><T109/><D109/><U43/><E43/><V123/><F123/><W80/><REACH who="3" step="1"/><G69/><REACH who="3" ten="250,250,250,240" step="2"/><T15/><REACH who="0" step="1"/><D126/><REACH who="0" ten="240,250,250,240" step="2"/><U82/><E37/><V57/><F118/><W12/><G12/><T84/><AGARI ba="0,2" hai="10,15,16,23,25,31,59,60,64,76,78,84,89,92" machi="84" ten="20,18000,2" yaku="1,1,2,1,0,1,7,1,8,1,52,1,54,1,53,0" doraHai="9" doraHaiUra="100" who="0" fromWho="0" sc="240,200,250,-60,250,-60,240,-60" /><INIT seed="0,1,0,3,5,98" ten="440,190,190,180" oya="0" hai0="125,123,95,42,74,27,114,31,81,102,86,57,93" hai1="113,104,73,68,88,121,30,122,61,118,75,23,35" hai2="13,6,90,84,16,62,32,14,96,107,41,63,82" hai3="59,87,116,99,46,44,127,1,45,115,20,8,108"/><T39/><D123/><U134/><E118/><V19/><F32/><W56/><G115/><T126/><D114/><U77/><E113/><V91/><F6/><W76/><G116/><T70/><D70/><U60/><E134/><V12/><F41/><W50/><G108/><T5/><D5/><U43/><E43/><V78/><F107/><W37/><G37/><T128/><D128/><U135/><E135/><V101/><F101/><W55/><G127/><N who="0" m="48651" /><D57/><U92/><E35/><V64/><F63/><W112/><G1/><T2/><D2/><U117/><E104/><V40/><F40/><W119/><G8/><T26/><D26/><U79/><E117/><V10/><F96/><W129/><G129/><T7/><D7/><U97/><E68/><V105/><F105/><W71/><G71/><T103/><D42/><U49/><E121/><V83/><F83/><N who="3" m="47591" /><G112/><T15/><D15/><U22/><E122/><V130/><F14/><W65/><G119/><T58/><D58/><N who="3" m="22057" /><G65/><T38/><D74/><U89/><E73/><V9/><F130/><W4/><G4/><T33/><D39/><U0/><E75/><V47/><F47/><W53/><G50/><T36/><D36/><U110/><E49/><V24/><F24/><W17/><G99/><T29/><D29/><U120/><E120/><V106/><F106/><W51/><G51/><T67/><D67/><U25/><E0/><V133/><F133/><W80/><G80/><T69/><D69/><AGARI ba="1,0" hai="9,10,12,13,16,19,62,64,69,78,82,84,90,91" machi="69" ten="30,3900,0" yaku="7,1,9,1,54,1" doraHai="98" who="2" fromWho="0" sc="440,-42,190,0,190,42,180,0" /><INIT seed="1,0,0,2,1,49" ten="398,190,232,180" oya="1" hai0="72,110,16,105,15,131,70,86,97,135,81,58,54" hai1="133,46,75,11,60,21,101,83,115,40,19,41,20" hai2="7,69,35,82,121,33,80,23,64,79,66,108,50" hai3="12,48,17,43,42,61,85,113,56,91,37,26,44"/><U73/><E115/><V55/><F121/><W87/><G113/><T117/><D70/><U3/><E133/><V27/><F7/><W38/><G26/><T30/><D117/><U57/><E101/><V67/><F69/><W51/><G43/><T120/><D30/><U29/><E29/><V8/><F8/><W116/><G116/><T84/><D72/><U1/><E41/><V128/><F108/><W130/><G130/><T52/><D110/><U104/><E104/><V106/><F106/><W122/><G122/><T132/><D120/><U68/><E68/><V124/><F124/><W47/><G47/><T39/><D39/><U13/><E21/><V90/><F90/><W10/><G87/><T99/><D131/><U125/><E125/><V76/><F128/><W94/><REACH who="3" step="1"/><G38/><REACH who="3" ten="398,190,232,170" step="2"/><T119/><D119/><U34/><E46/><N who="2" m="28119" /><F35/><W24/><G24/><T127/><D127/><U25/><E40/><V92/><F33/><W107/><G107/><T4/><D105/><U36/><E36/><V59/><F92/><W32/><G32/><T100/><D86/><U78/><E34/><V0/><F82/><W77/><G77/><T9/><D84/><U62/><E73/><V28/><F80/><W18/><G18/><T109/><D16/><N who="1" m="12423" /><E57/><V45/><F45/><W98/><G98/><T112/><D58/><U114/><E114/><V88/><F59/><W53/><AGARI ba="0,1" hai="10,12,17,37,42,44,48,51,53,56,61,85,91,94" machi="53" ten="20,8000,1" yaku="1,1,0,1,7,1,52,1,53,1" doraHai="49" doraHaiUra="6" who="3" fromWho="3" sc="398,-20,190,-40,232,-20,170,90" /><INIT seed="2,0,0,5,3,68" ten="378,150,212,260" oya="2" hai0="4,21,6,28,14,61,29,69,117,32,46,124,44" hai1="56,30,40,43,131,80,84,118,104,96,5,88,67" hai2="71,25,105,110,76,50,79,51,75,24,18,64,42" hai3="13,49,41,135,26,9,12,17,70,95,103,65,83"/><V119/><F119/><W35/><G135/><T55/><D117/><U93/><E131/><V107/><F71/><W8/><G70/><T63/><D124/><U52/><E118/><V45/><F64/><W11/><G65/><T123/><D123/><U66/><E104/><V20/><F110/><W128/><G128/><T112/><D112/><U27/><E5/><V127/><F127/><W77/><G103/><T0/><D32/><U58/><E66/><V125/><F125/><W116/><G95/><T126/><D126/><U114/><E58/><V132/><F132/><W37/><G116/><T129/><D129/><U57/><E56/><V22/><F51/><W78/><G37/><T111/><D111/><U86/><E86/><V94/><F94/><W106/><G106/><T92/><D69/><U33/><E67/><V19/><REACH who="2" step="1"/><F79/><REACH who="2" ten="378,150,202,260" step="2"/><W54/><G77/><T113/><D92/><U48/><REACH who="1" step="1"/><E114/><REACH who="1" ten="378,140,202,260" step="2"/><V15/><F15/><W121/><G12/><T3/><D113/><U120/><E120/><V133/><F133/><W98/><G121/><T72/><D14/><U10/><E10/><V31/><F31/><W2/><G8/><T115/><D115/><U53/><E53/><V23/><F23/><W122/><G54/><T85/><D21/><U99/><E99/><V7/><F7/><W87/><G98/><T101/><D55/><U59/><E59/><V34/><F34/><W97/><G97/><T134/><D134/><U60/><E60/><V38/><F38/><W36/><G36/><T89/><D63/><U39/><E39/><V47/><F47/><W81/><G35/><RYUUKYOKU ba="0,2" sc="378,-15,140,15,202,15,260,-15" hai1="27,30,33,40,43,48,52,57,80,84,88,93,96" hai2="18,19,20,22,24,25,42,45,50,75,76,105,107" /><INIT seed="2,1,2,1,5,78" ten="363,155,217,245" oya="2" hai0="127,131,11,73,126,64,48,4,67,29,68,108,106" hai1="21,39,99,37,55,89,46,119,98,128,6,87,112" hai2="133,125,31,1,121,96,72,110,65,92,84,77,24" hai3="7,3,132,82,5,27,63,124,28,69,100,90,135"/><V41/><F121/><W40/><G3/><T50/><D106/><U12/><E119/><V2/><F125/><N who="0" m="47626" /><D73/><U14/><E112/><V10/><F72/><W51/><G124/><T38/><D38/><U33/><E33/><V80/><F133/><N who="3" m="51275" /><G100/><T86/><D29/><U18/><E128/><V81/><F41/><W35/><G40/><T0/><D108/><U93/><E6/><V15/><F65/><N who="0" m="25162" /><D68/><U105/><E105/><V45/><F45/><W56/><G51/><T59/><D131/><U107/><E107/><V101/><F81/><W34/><G34/><T43/><D59/><U44/><E39/><V120/><F120/><W16/><G16/><T30/><D30/><U113/><E113/><V130/><F110/><W42/><G42/><T60/><D60/><U23/><E37/><V36/><F36/><W20/><G35/><T122/><D122/><U49/><E44/><V71/><F71/><W129/><G69/><T22/><D43/><U104/><E104/><V95/><F95/><W103/><G129/><T70/><D70/><U102/><E102/><V47/><F47/><W62/><G62/><T32/><D32/><U19/><AGARI ba="1,2" hai="12,14,18,19,21,23,46,49,55,87,89,93,98,99" machi="19" ten="30,4000,0" yaku="0,1,9,1,8,1" doraHai="78" who="1" fromWho="1" sc="363,-11,155,63,217,-21,245,-11" /><INIT seed="3,0,0,3,5,80" ten="352,218,196,234" oya="3" hai0="22,85,28,43,109,75,14,10,11,60,44,122,64" hai1="97,123,0,48,89,70,91,37,121,88,62,71,77" hai2="94,125,116,127,131,46,16,104,31,59,74,61,107" hai3="21,90,81,124,63,99,41,25,19,27,23,117,1"/><W98/><G117/><T132/><D122/><U47/><E37/><V9/><F74/><W2/><G124/><N who="2" m="47689" /><F31/><W103/><G41/><T93/><D75/><U108/><E108/><V101/><F116/><W65/><G81/><T96/><D109/><U12/><E0/><V24/><F46/><W129/><G90/><T135/><D28/><U133/><E133/><N who="0" m="51273" /><D22/><U15/><E77/><V45/><F45/><W33/><G33/><T113/><D113/><U18/><E97/><N who="2" m="59575" /><F131/><W126/><G129/><T51/><D14/><U134/><E134/><V26/><F9/><W20/><G99/><T128/><D128/><U29/><E29/><V119/><F119/><W54/><G126/><T102/><D85/><U56/><E121/><V78/><F78/><W50/><G2/><T118/><D118/><U7/><E7/><V73/><F73/><W114/><G1/><T69/><AGARI ba="0,0" hai="10,11,43,44,51,60,64,69,93,96,102" m="51273" machi="69" ten="30,1100,0" yaku="20,1" doraHai="80" who="0" fromWho="0" sc="352,11,218,-3,196,-3,234,-5" /><INIT seed="4,0,0,4,4,1" ten="363,215,193,229" oya="0" hai0="6,50,8,37,36,124,107,66,132,7,118,81,58" hai1="89,52,54,74,27,83,62,28,59,45,94,105,126" hai2="15,53,32,119,76,87,13,4,131,24,116,46,47" hai3="129,26,104,88,63,2,80,122,78,56,48,101,51"/><T117/><D107/><U30/><E105/><V14/><F131/><W68/><G68/><T18/><D18/><U41/><E126/><V134/><F134/><W67/><G2/><T16/><D81/><U5/><E54/><V86/><F53/><W49/><G129/><T75/><D75/><U96/><E5/><V111/><F111/><W92/><G122/><T95/><D95/><U69/><E69/><V43/><F76/><W61/><G104/><T31/><D31/><U65/><E65/><V40/><F24/><W10/><G10/><T42/><D132/><U11/><E11/><V97/><F97/><W110/><G26/><T34/><D34/><U108/><E108/><V20/><F20/><W133/><G133/><T64/><D124/><U17/><E83/><V109/><F32/><W113/><G113/><T135/><D135/><U99/><E99/><V3/><F3/><W90/><G63/><N who="0" m="38007" /><D66/><U60/><E60/><V91/><F91/><W22/><G110/><T123/><D123/><U120/><E74/><V57/><F57/><W71/><G71/><T44/><D36/><U77/><E77/><V82/><F82/><W103/><G78/><T39/><D39/><N who="1" m="21695" /><E120/><V73/><F73/><W102/><G80/><T29/><D37/><U9/><E9/><V33/><F33/><W128/><G128/><T106/><D8/><U115/><E115/><V19/><F109/><W12/><G92/><T25/><D106/><U127/><E127/><V21/><F21/><AGARI ba="0,0" hai="17,21,27,28,30,52,59,62,89,94,96" m="21695" machi="21" ten="30,2000,0" yaku="25,1,54,1" doraHai="1" who="1" fromWho="2" sc="363,0,215,20,193,-20,229,0" /><INIT seed="5,0,0,0,1,114" ten="363,235,173,229" oya="1" hai0="55,43,0,77,96,92,1,31,28,56,112,75,50" hai1="64,88,33,97,26,47,85,49,94,73,52,29,74" hai2="72,134,36,82,11,20,41,44,59,133,19,67,80" hai3="102,98,63,132,4,14,40,65,106,61,124,8,9"/><U35/><E35/><V126/><F126/><W17/><G124/><T70/><D70/><U22/><E64/><V16/><F11/><W116/><G132/><T131/><D112/><U13/><E33/><V21/><F72/><W103/><G103/><T45/><D131/><U91/><REACH who="1" step="1"/><E13/><REACH who="1" ten="363,225,173,229" step="2"/><V119/><F134/><W54/><G65/><T60/><D0/><U53/><E53/><V68/><F133/><W48/><G54/><T107/><D1/><U113/><E113/><V117/><F68/><W58/><G14/><T87/><D55/><U37/><E37/><V122/><F67/><W135/><G135/><T30/><D43/><U81/><AGARI ba="0,1" hai="22,26,29,47,49,52,73,74,81,85,88,91,94,97" machi="81" ten="20,12000,1" yaku="1,1,0,1,7,1,54,2,53,0" doraHai="114" doraHaiUra="32" who="1" fromWho="1" sc="363,-40,225,130,173,-40,229,-40" /><INIT seed="5,1,0,0,0,40" ten="323,355,133,189" oya="1" hai0="64,118,2,91,84,96,74,52,47,115,15,103,63" hai1="27,117,78,68,49,45,77,42,102,124,130,14,43" hai2="112,1,105,97,54,99,44,82,92,31,76,107,88" hai3="56,25,134,58,83,113,60,30,9,85,86,53,29"/><U109/><E117/><V55/><F1/><W131/><G113/><T26/><D2/><U75/><E68/><V87/><F112/><W116/><G116/><T32/><D115/><U95/><E130/><V120/><F120/><W8/><G134/><T108/><D108/><U46/><E124/><V73/><F31/><W126/><G126/><T65/><D118/><U4/><E109/><V21/><F21/><W111/><G111/><T81/><D74/><U59/><E27/><V19/><F19/><W41/><G131/><T71/><D15/><U20/><E59/><V24/><F24/><W13/><G41/><T11/><D11/><U122/><E75/><V128/><F128/><W5/><G25/><T72/><D72/><U135/><E135/><V35/><F35/><W127/><G127/><T69/><D69/><U38/><E122/><V62/><F62/><W16/><G58/><T133/><D133/><U36/><E49/><V0/><F0/><W100/><G100/><T119/><D119/><U22/><E95/><V61/><F61/><W89/><REACH who="3" step="1"/><G86/><REACH who="3" ten="323,355,133,179" step="2"/><T67/><D71/><U3/><E102/><N who="2" m="62687" /><F44/><W50/><G50/><T57/><D47/><U51/><E51/><V93/><F55/><W80/><G80/><T132/><D132/><U17/><E20/><V66/><F54/><W10/><G10/><AGARI ba="1,1" hai="3,4,10,14,17,22,36,38,42,43,45,46,77,78" machi="10" ten="40,7700,0" yaku="9,1,52,2" doraHai="40" who="1" fromWho="3" sc="323,0,355,90,133,0,179,-80" /><INIT seed="5,2,0,5,2,89" ten="323,445,133,99" oya="1" hai0="110,116,94,33,80,97,122,22,108,104,105,81,42" hai1="72,38,49,60,8,114,91,29,69,18,132,4,67" hai2="64,3,56,74,36,99,112,123,50,83,78,61,15" hai3="96,103,102,77,98,27,37,58,1,25,120,16,47"/><U76/><E114/><V71/><F3/><W41/><G120/><T113/><D33/><U107/><E38/><V54/><F123/><W66/><G1/><T133/><D122/><U118/><E118/><V5/><F112/><W26/><G77/><T87/><D42/><U9/><E107/><N who="0" m="41033" /><D22/><U21/><E29/><V129/><F129/><W117/><G117/><T101/><D113/><U126/><E126/><V13/><F5/><W43/><G43/><T75/><D116/><U31/><E31/><V30/><F30/><W86/><G86/><T12/><D12/><U106/><E106/><V135/><F135/><W93/><G58/><T92/><D133/><U134/><E49/><V53/><F36/><W121/><G66/><T84/><D110/><U95/><E4/><V82/><F82/><N who="0" m="31850" /><D108/><U32/><E32/><V130/><F130/><W124/><G124/><T52/><D52/><U100/><E9/><V79/><F54/><W119/><G121/><T46/><D46/><U34/><E8/><V45/><F45/><W131/><G131/><T6/><D6/><U7/><E7/><V128/><F128/><W2/><G2/><T109/><D109/><U85/><E34/><V20/><F56/><W55/><G119/><T90/><D75/><U115/><E115/><V88/><F50/><W35/><G55/><T11/><D11/><U111/><E111/><V68/><F53/><W59/><G59/><T10/><D10/><U63/><E134/><V0/><F0/><W70/><G70/><T19/><D19/><U127/><E132/><V73/><F71/><W44/><G16/><RYUUKYOKU ba="2,0" sc="323,30,445,-10,133,-10,99,-10" hai0="84,87,90,92,94,97,101" /><INIT seed="6,3,0,5,0,11" ten="353,435,123,89" oya="2" hai0="54,12,115,15,128,2,67,5,76,121,117,101,105" hai1="109,132,36,92,55,74,6,86,35,9,90,7,56" hai2="33,44,49,65,41,38,124,23,46,1,14,96,83" hai3="113,68,129,123,26,47,30,69,61,51,100,120,108"/><V126/><F33/><W50/><G108/><T78/><D121/><U64/><E35/><V98/><F1/><W48/><G129/><T28/><D28/><U103/><E109/><V27/><F65/><W72/><G72/><T25/><D25/><U82/><E36/><V59/><F59/><W93/><G47/><T131/><D67/><U87/><E132/><V39/><F83/><W16/><G61/><T17/><D115/><U19/><E74/><V91/><F91/><W58/><G58/><T80/><D117/><U116/><E64/><V13/><F98/><W88/><G100/><T66/><D66/><U110/><E116/><V29/><F96/><W45/><G45/><T42/><D42/><U95/><E95/><V73/><F73/><W114/><G16/><T102/><D54/><U18/><E103/><N who="0" m="39433" /><D105/><U133/><E133/><V40/><F49/><W3/><G3/><T70/><D70/><N who="3" m="27241" /><G26/><T112/><D112/><N who="3" m="43113" /><G30/><T134/><D134/><U111/><E111/><V122/><F122/><W81/><G81/><T104/><D104/><U22/><E18/><V75/><F75/><W89/><G89/><T0/><D17/><U53/><E9/><V31/><F27/><W85/><AGARI ba="3,0" hai="48,50,51,85,88,93,120,123" m="43113,27241" machi="85" ten="40,5200,0" yaku="15,1,11,1,54,1" doraHai="11" who="3" fromWho="3" sc="353,-16,435,-16,123,-29,89,61" /><INIT seed="7,0,0,0,5,49" ten="337,419,94,150" oya="3" hai0="4,94,14,82,47,75,42,50,21,7,70,30,73" hai1="3,34,123,113,71,76,18,80,6,86,44,89,69" hai2="93,103,88,5,0,68,16,77,22,97,8,107,117" hai3="92,122,102,134,66,23,74,11,130,90,61,52,81"/><W36/><G122/><T25/><D70/><U15/><E123/><V133/><F133/><W37/><G134/><T41/><D94/><U127/><E113/><V104/><F117/><W125/><G102/><T24/><D24/><U65/><E34/><V98/><F68/><W99/><G66/><T39/><D39/><U43/><E65/><V95/><F77/><N who="3" m="44215" /><G11/><T51/><D82/><U110/><E76/><V101/><F101/><W79/><G79/><T96/><D96/><U108/><E80/><V45/><F45/><W33/><G33/><T84/><D84/><U119/><E86/><V85/><F85/><W58/><G130/><T56/><D75/><U114/><E15/><V28/><F28/><W83/><G83/><T19/><D73/><U55/><E44/><V57/><F57/><W1/><G125/><T111/><D42/><U109/><E127/><V121/><F121/><W12/><G12/><AGARI ba="0,0" hai="0,5,8,12,16,22,88,93,95,97,98,103,104,107" machi="12" ten="30,3900,0" yaku="7,1,54,2" doraHai="49" who="2" fromWho="3" sc="337,0,419,0,94,39,150,-39" owari="337,13.7,419,51.9,133,-26.7,111,-38.9" /></mjloggm>