<mjloggm ver="2.3"><GO type="169" lobby="0"/><UN n0="%6C%6E%61%69" n1="%C2%A7%E7%8D%85%E5%AD%90%E5%8E%9F%E7%88%BD" n2="%E9%BE%8D%31%30" n3="%E3%81%9F%E3%81%8B%31%34%31" dan="16,18,16,16" rate="2055.41,2253.53,2091.24,2130.68" sx="M,F,M,M"/><TAIKYOKU oya="0"/><INIT seed="0,0,0,5,1,6" ten="250,250,250,250" oya="0" hai0="47,72,99,11,61,69,88,135,87,18,80,123,110" hai1="74,37,129,46,78,52,59,43,103,3,90,12,119" hai2="128,20,25,19,7,86,34,71,2,73,121,132,96" hai3="54,36,83,111,105,10,131,70,66,48,15,9,40"/><T22/><D123/><U79/><E119/><V64/><F121/><W81/><G105/><T39/><D135/><U42/><E3/><V14/><F73/><W120/><G120/><T94/><D72/><U16/><E129/><V44/><F132/><W0/><G131/><T127/><D127/><U17/><E103/><V21/><F128/><W122/><G122/><T77/><D110/><U49/><E42/><V68/><F96/><W82/><G111/><T35/><D35/><U116/><E116/><V55/><F64/><W30/><G30/><T28/><D28/><U26/><E74/><V115/><F115/><W104/><G104/><T118/><D118/><U101/><E101/><V89/><F34/><W29/><G29/><T84/><D39/><U117/><E117/><V32/><F2/><W91/><G91/><T106/><D106/><U133/><E133/><V75/><F7/><W58/><G0/><T114/><D47/><U113/><E113/><V41/><F32/><W67/><G70/><T13/><D114/><U102/><E102/><V95/><F55/><W130/><G130/><T45/><D45/><U53/><E53/><V124/><F75/><W1/><G1/><T31/><D99/><U98/><E26/><V4/><F4/><W8/><REACH who="3" step="1"/><G15/><REACH who="3" ten="250,250,250,240" step="2"/><T33/><D33/><U108/><E108/><V100/><F124/><W23/><G23/><T5/><D31/><U125/><E125/><V63/><F100/><W57/><G57/><T27/><D69/><U97/><E12/><V60/><F71/><W62/><G62/><AGARI ba="0,1" hai="5,11,13,18,22,27,61,62,77,80,84,87,88,94" machi="62" ten="40,7700,0" yaku="8,1,52,1,54,1" doraHai="6" who="0" fromWho="3" sc="250,87,250,0,250,0,240,-77" /><INIT seed="0,1,0,1,1,1" ten="337,250,250,163" oya="0" hai0="27,123,6,81,120,66,132,62,37,13,108,45,124" hai1="77,93,122,68,5,17,121,56,39,49,63,61,9" hai2="104,36,12,72,53,71,51,40,70,131,98,44,102" hai3="30,11,100,80,78,113,50,18,135,97,95,41,48"/><T54/><D124/><U117/><E117/><V74/><F131/><W115/><G135/><T55/><D132/><U99/><E39/><V60/><F12/><W125/><G125/><T24/><D108/><U134/><E77/><V25/><F25/><W34/><G34/><T105/><D105/><U64/><E17/><V84/><F84/><W7/><G30/><T8/><D123/><U0/><E49/><V33/><F33/><W32/><G32/><T29/><D24/><U114/><E114/><V31/><F31/><W22/><G50/><T73/><D120/><U96/><E96/><V58/><F71/><W69/><G69/><T128/><D128/><U10/><E10/><V26/><F26/><W88/><G100/><T90/><D37/><U118/><E118/><V79/><F79/><W75/><G48/><T4/><D45/><U82/><E82/><V21/><F21/><W129/><G41/><T106/><D106/><U65/><REACH who="1" step="1"/><E134/><REACH who="1" ten="337,240,250,163" step="2"/><V59/><REACH who="2" step="1"/><F70/><REACH who="2" ten="337,240,240,163" step="2"/><W109/><G129/><T86/><D73/><U94/><E94/><V87/><F87/><W111/><G111/><T119/><D119/><U67/><E67/><AGARI ba="1,2" hai="36,40,44,51,53,58,59,60,67,72,74,98,102,104" machi="67" ten="30,2000,0" yaku="1,1,7,1,53,0" doraHai="1" doraHaiUra="91" who="2" fromWho="1" sc="337,0,240,-23,240,43,163,0" /><INIT seed="1,0,0,5,4,17" ten="337,217,283,163" oya="1" hai0="6,29,129,42,60,39,13,111,14,115,41,122,52" hai1="91,55,119,84,61,49,33,113,101,58,73,118,87" hai2="135,120,23,18,62,65,98,131,48,66,59,95,125" hai3="36,53,126,86,78,90,37,21,112,128,123,106,5"/><U79/><E113/><V94/><F120/><W114/><G123/><T130/><D122/><U83/><E33/><V8/><F125/><W105/><G126/><T31/><D115/><U40/><E101/><V7/><F131/><N who="0" m="50186" /><D111/><U70/><E73/><V38/><F135/><W27/><G128/><T22/><D39/><U127/><E127/><V132/><F38/><W64/><G37/><T69/><D69/><U56/><E70/><V26/><F66/><W88/><G36/><T2/><D2/><U30/><E30/><V85/><F132/><W100/><G64/><T99/><D99/><U0/><E0/><V1/><F85/><W15/><G100/><T68/><D68/><U57/><E40/><V93/><REACH who="2" step="1"/><F48/><REACH who="2" ten="337,217,273,163" step="2"/><W92/><G114/><T9/><D41/><U102/><E61/><V44/><F44/><W89/><G112/><T107/><D42/><U47/><REACH who="1" step="1"/><E102/><AGARI ba="0,1" hai="1,7,8,18,23,26,59,62,65,93,94,95,98,102" machi="102" ten="30,3900,0" yaku="1,1,7,1,52,1,53,0" doraHai="17" doraHaiUra="104" who="2" fromWho="1" sc="337,0,217,-39,273,49,163,0" /><INIT seed="2,0,0,3,4,100" ten="337,178,322,163" oya="2" hai0="72,130,33,44,80,85,71,32,96,105,75,58,79" hai1="42,12,121,20,36,60,129,31,125,86,7,17,41" hai2="76,46,48,91,78,54,38,45,55,92,101,8,43" hai3="97,112,62,83,67,6,107,99,117,82,37,108,65"/><V10/><F101/><W29/><G117/><T21/><D71/><U127/><E36/><V18/><F54/><W69/><G37/><T23/><D130/><U26/><E129/><V113/><F113/><W68/><G112/><T0/><D0/><U110/><E110/><V111/><F111/><W59/><G108/><T132/><D44/><U2/><E121/><V120/><F120/><W124/><G6/><T11/><D11/><U5/><E86/><V15/><REACH who="2" step="1"/><F10/><REACH who="2" ten="337,178,312,163" step="2"/><W98/><G67/><T109/><D109/><U122/><E122/><V87/><AGARI ba="0,1" hai="8,15,18,38,43,45,46,48,55,76,78,87,91,92" machi="87" ten="20,12000,1" yaku="1,1,2,1,0,1,7,1,53,1" doraHai="100" doraHaiUra="90" who="2" fromWho="2" sc="337,-40,178,-40,312,130,163,-40" /><INIT seed="2,1,0,3,2,112" ten="297,138,442,123" oya="2" hai0="117,56,54,51,12,60,69,29,127,15,33,36,135" hai1="68,59,19,100,7,118,79,78,113,5,120,65,45" hai2="88,61,23,131,31,13,34,39,91,1,84,124,2" hai3="132,102,110,35,111,122,41,107,16,108,43,82,53"/><V46/><F34/><W6/><G122/><T119/><D127/><U18/><E68/><V94/><F124/><W9/><G35/><T121/><D121/><U57/><E45/><V64/><F131/><W58/><G132/><T130/><D135/><U47/><E47/><V106/><F106/><W72/><G102/><T123/><D123/><U48/><E120/><V49/><F39/><W8/><G107/><T75/><D75/><U99/><E48/><V63/><F2/><W104/><G104/><T115/><D115/><U95/><E113/><V129/><F1/><W86/><G72/><T70/><D36/><U62/><E57/><V80/><F64/><W109/><N who="3" m="27648" /><DORA hai="133" /><W116/><G116/><N who="0" m="44619" /><D130/><U37/><E37/><V83/><F83/><W81/><G81/><T77/><D77/><N who="1" m="29195" /><E118/><V17/><F31/><W44/><G44/><T3/><D3/><U114/><E114/><V98/><REACH who="2" step="1"/><F129/><REACH who="2" ten="297,138,432,123" step="2"/><W71/><G82/><T55/><D29/><U52/><E65/><V11/><F11/><W14/><G71/><N who="0" m="27147" /><D33/><U10/><E10/><V89/><F89/><W50/><REACH who="3" step="1"/><G86/><REACH who="3" ten="297,138,432,113" step="2"/><T103/><D103/><U134/><E134/><V66/><F66/><W38/><G38/><T27/><D55/><AGARI ba="1,2" hai="13,17,23,46,49,55,61,63,80,84,88,91,94,98" machi="55" ten="30,11600,0" yaku="1,1,7,1,8,1,54,1,53,0" doraHai="112,133" doraHaiUra="128,0" who="2" fromWho="0" sc="297,-119,138,0,432,139,113,0" /><INIT seed="2,2,0,3,0,91" ten="178,138,571,113" oya="2" hai0="47,108,81,32,30,98,110,87,105,103,13,9,73" hai1="124,116,88,84,21,89,39,56,28,18,131,19,5" hai2="96,92,36,69,117,17,16,79,37,94,120,99,114" hai3="93,75,46,127,115,48,44,62,129,86,41,61,97"/><V101/><F120/><W102/><G75/><T122/><D122/><U67/><E116/><V71/><F114/><W31/><G115/><T100/><D73/><U134/><E39/><V60/><F79/><W27/><G127/><T90/><D103/><U43/><E43/><V11/><F117/><W63/><G129/><T57/><D57/><U135/><E5/><V118/><F118/><W49/><G86/><T125/><D125/><U10/><E124/><V4/><F4/><W24/><REACH who="3" step="1"/><G31/><REACH who="3" ten="178,138,571,103" step="2"/><T76/><D30/><U25/><E131/><V68/><F60/><W66/><G66/><T106/><D108/><U20/><E67/><V64/><F64/><W107/><G107/><T0/><D106/><U58/><E84/><V77/><F77/><W123/><G123/><T22/><D110/><U6/><E28/><V112/><F112/><W111/><G111/><T128/><D76/><U45/><E135/><V26/><F71/><W40/><AGARI ba="2,1" hai="24,27,40,41,44,46,48,49,61,62,63,93,97,102" machi="40" ten="30,8000,1" yaku="1,1,0,1,9,1,8,1,52,1,53,0" doraHai="91" doraHaiUra="3" who="3" fromWho="3" sc="178,-22,138,-22,571,-42,103,96" /><INIT seed="3,0,0,1,1,87" ten="156,116,529,199" oya="3" hai0="114,11,23,22,83,82,130,27,92,119,40,51,107" hai1="12,7,35,57,5,67,134,124,6,66,85,58,71" hai2="133,2,79,100,61,101,128,36,1,65,103,45,52" hai3="108,20,33,102,122,121,42,3,126,25,62,9,84"/><W0/><G102/><T86/><D119/><U89/><E35/><V53/><F128/><W39/><G62/><T38/><D107/><U77/><E134/><V59/><F79/><W106/><G106/><T81/><D38/><U32/><E32/><V123/><F123/><W93/><G33/><T78/><D130/><U90/><E124/><V104/><F104/><W98/><G126/><T99/><D11/><U75/><E75/><V47/><F133/><W110/><G84/><T127/><D114/><U29/><E29/><V56/><F36/><W41/><G39/><T63/><D22/><U17/><E77/><V37/><F37/><W109/><G42/><T105/><D105/><U73/><E73/><V70/><F65/><N who="1" m="24585" /><E71/><V50/><REACH who="2" step="1"/><F70/><REACH who="2" ten="156,116,519,199" step="2"/><W8/><G122/><T4/><D127/><U116/><E116/><V113/><F113/><W68/><G68/><T21/><D78/><U28/><E28/><V115/><F115/><W125/><G121/><T55/><D27/><U74/><E74/><V31/><F31/><W18/><G125/><T96/><D82/><N who="1" m="49335" /><E90/><V64/><F64/><W69/><G69/><T13/><D81/><U72/><E72/><V54/><F54/><W112/><G112/><T34/><D83/><U131/><E131/><V94/><F94/><W88/><G41/><T111/><D92/><U76/><E76/><V129/><F129/><W19/><G19/><T80/><D40/><U10/><AGARI ba="0,1" hai="5,6,7,10,12,17,57,58" m="49335,24585" machi="10" ten="30,2000,0" yaku="8,1,52,1" doraHai="87" who="1" fromWho="1" sc="156,-5,116,30,519,-5,199,-10" /><INIT seed="4,0,0,4,4,81" ten="151,146,514,189" oya="0" hai0="1,18,67,71,107,96,33,60,16,83,6,121,111" hai1="78,135,113,26,74,13,58,21,114,118,94,63,12" hai2="103,129,42,66,76,75,120,116,20,23,50,54,61" hai3="40,134,32,131,88,9,25,43,3,4,62,55,80"/><T36/><D121/><U17/><E118/><V49/><F116/><W95/><G131/><T52/><D36/><U93/><E135/><V65/><F120/><W15/><G134/><T10/><D33/><U128/><E128/><V64/><F103/><W86/><G3/><T98/><D111/><U100/><E74/><V84/><F75/><W34/><G34/><T37/><D37/><U133/><E78/><V92/><F42/><W5/><G5/><T73/><D73/><U108/><E108/><V112/><F76/><W41/><G32/><T53/><D83/><U77/><E77/><V125/><F112/><N who="1" m="43113" /><E133/><V45/><F125/><W109/><G109/><T31/><D31/><U101/><E101/><V102/><F61/><W85/><G25/><T115/><D115/><U72/><E72/><V122/><F102/><W7/><G7/><T0/><D0/><U30/><E100/><V47/><F122/><W130/><G130/><T51/><D53/><N who="1" m="34255" /><E12/><V105/><F105/><W126/><G126/><T110/><D107/><U39/><E39/><V29/><F29/><W97/><G80/><T28/><D28/><U127/><E127/><V2/><F2/><W106/><G106/><T35/><D35/><AGARI ba="0,0" hai="13,17,21,26,30,35,93,94" m="34255,43113" machi="35" ten="30,2000,0" yaku="15,1,11,1" doraHai="81" who="1" fromWho="0" sc="151,-20,146,20,514,0,189,0" /><INIT seed="5,0,0,1,1,30" ten="131,166,514,189" oya="1" hai0="5,113,59,7,120,27,107,102,2,23,71,38,92" hai1="116,78,126,26,1,99,0,130,58,135,55,68,72" hai2="46,108,54,117,88,77,36,101,95,34,13,48,44" hai3="125,98,47,110,114,35,111,57,124,131,41,56,118"/><U6/><E116/><V42/><F117/><W94/><G118/><T53/><D71/><U90/><E68/><V12/><F108/><N who="3" m="41515" /><G35/><T106/><D38/><U51/><E126/><N who="3" m="48746" /><G114/><T20/><D113/><U109/><E135/><V28/><F77/><W127/><N who="3" m="48754" /><W18/><DORA hai="132" /><G18/><T84/><D120/><U75/><E78/><V67/><F101/><N who="3" m="60631" /><G131/><T100/><D107/><U17/><E17/><V74/><F74/><W65/><G65/><T93/><D106/><U49/><E72/><V81/><F67/><W103/><G103/><T31/><D102/><U64/><E64/><V52/><F28/><W96/><G96/><T85/><D100/><U91/><E99/><V121/><F34/><W15/><G15/><T43/><D2/><U112/><E75/><V61/><F13/><W21/><G21/><T3/><D23/><U89/><E130/><V40/><F12/><W105/><G105/><T123/><D123/><U82/><E112/><V87/><F121/><W60/><G60/><N who="0" m="35951" /><D3/><U37/><E0/><V128/><F61/><W122/><G122/><T69/><D5/><U83/><E6/><V66/><F128/><W24/><G24/><T119/><D7/><U39/><E26/><V45/><F66/><W19/><G19/><T73/><D119/><U50/><E109/><V63/><F63/><W29/><G29/><T76/><D20/><U86/><E1/><V16/><F16/><W14/><G14/><T33/><D33/><U22/><E22/><V79/><F95/><N who="0" m="36426" /><D69/><U115/><E115/><V25/><F25/><W80/><G80/><N who="1" m="30762" /><E86/><V4/><F87/><RYUUKYOKU ba="0,0" sc="131,-15,166,15,514,-15,189,15" hai1="37,39,49,50,51,55,58,89,90,91" hai3="41,47,56,57" /><INIT seed="5,1,0,0,3,37" ten="116,181,499,204" oya="1" hai0="115,119,134,24,86,47,126,73,0,22,48,102,42" hai1="7,84,26,70,81,61,36,87,100,94,64,121,112" hai2="131,19,111,109,25,16,116,125,113,52,72,5,15" hai3="23,31,44,91,20,21,18,6,56,97,17,55,88"/><U66/><E121/><V63/><F72/><W82/><G31/><T4/><D115/><U114/><E36/><V45/><F116/><W75/><G6/><T49/><D119/><U13/><E66/><V123/><F113/><N who="1" m="43625" /><E26/><V54/><F123/><W9/><G44/><T122/><D122/><U68/><E68/><V41/><F125/><W78/><G9/><T12/><D126/><U53/><E53/><V3/><F5/><W71/><G71/><T128/><D134/><U96/><E81/><V14/><F3/><W103/><G17/><T135/><D135/><U59/><E70/><V67/><F131/><W129/><G18/><T10/><D128/><U127/><E127/><V89/><F89/><W133/><G133/><T30/><D73/><U77/><E77/><V51/><F25/><W106/><REACH who="3" step="1"/><G129/><REACH who="3" ten="116,181,499,194" step="2"/><T39/><D102/><U85/><E7/><V40/><F19/><W34/><G34/><T11/><D11/><U65/><E13/><V79/><F16/><W43/><G43/><T35/><D12/><U108/><E64/><V90/><F41/><W1/><G1/><T118/><D118/><U62/><E108/><V93/><F40/><W130/><G130/><T27/><D35/><U58/><E65/><V28/><F67/><W105/><G105/><T69/><D69/><U60/><AGARI ba="1,1" hai="58,59,60,61,62,84,85,87,94,96,100" m="43625" machi="60" ten="40,2100,0" yaku="15,1" doraHai="37" who="1" fromWho="1" sc="116,-8,181,34,499,-8,194,-8" /><INIT seed="5,2,0,0,2,95" ten="108,215,491,186" oya="1" hai0="11,76,13,9,62,128,112,113,26,124,132,19,22" hai1="130,123,75,30,90,5,49,45,96,58,93,1,12" hai2="17,59,68,43,91,129,56,44,98,55,51,0,3" hai3="81,32,94,106,64,18,71,21,15,53,115,109,36"/><U40/><E123/><V47/><F129/><W10/><G109/><T25/><D76/><U83/><E130/><V100/><F68/><W104/><G32/><T35/><D62/><U119/><E119/><V4/><F91/><W84/><G36/><T67/><D67/><U66/><E1/><V27/><F4/><W86/><G115/><N who="0" m="44107" /><D128/><U121/><E121/><V85/><F85/><W6/><G64/><T116/><D116/><U16/><E30/><V57/><F17/><W61/><G94/><T88/><D88/><N who="1" m="55335" /><E5/><V41/><F27/><N who="0" m="10250" /><D35/><U33/><E33/><V101/><F100/><W77/><G86/><T92/><D92/><U39/><E39/><V14/><F14/><W125/><G71/><T117/><D117/><U87/><E75/><V89/><F89/><W70/><G70/><T74/><D74/><U82/><E82/><V69/><F69/><W99/><G81/><T28/><D28/><U133/><E66/><V78/><F3/><W65/><G65/><T127/><D132/><U2/><E133/><V135/><F78/><W34/><G77/><T60/><D60/><U103/><E103/><V110/><F0/><W111/><G61/><T37/><D37/><U134/><E2/><V131/><F101/><W72/><G34/><T118/><D118/><U48/><E134/><V42/><F131/><W79/><G79/><T107/><D107/><U52/><E12/><V105/><F105/><W120/><G106/><T20/><D9/><U7/><E7/><V8/><F135/><W31/><G104/><T73/><D73/><U122/><E122/><V80/><F8/><RYUUKYOKU ba="2,0" sc="108,15,215,15,491,-15,186,-15" hai0="11,13,19,20,22,124,127" hai1="16,40,45,48,49,52,58,83,87,90" /><INIT seed="5,3,0,2,1,6" ten="123,230,476,171" oya="1" hai0="64,43,33,81,13,90,103,71,101,29,8,105,19" hai1="27,9,114,123,69,108,1,93,127,32,122,25,30" hai2="7,49,89,42,72,38,109,0,70,51,10,88,53" hai3="115,59,98,36,129,68,56,61,52,45,107,24,34"/><U133/><E69/><V54/><F72/><W26/><G68/><T18/><D105/><U124/><E93/><V40/><F70/><W37/><G115/><T31/><D43/><U5/><E114/><V130/><F109/><W16/><G129/><T60/><D18/><U84/><E84/><V113/><F130/><W80/><G80/><T128/><D128/><U41/><E41/><V12/><F0/><W131/><G131/><T85/><REACH who="0" step="1"/><D33/><REACH who="0" ten="113,230,476,171" step="2"/><N who="1" m="20687" /><E108/><V86/><F113/><W65/><G34/><T102/><AGARI ba="3,1" hai="8,13,19,29,31,60,64,71,81,85,90,101,102,103" machi="102" ten="30,12000,2" yaku="1,1,0,1,52,1,53,3" doraHai="6" doraHaiUra="96" who="0" fromWho="0" sc="113,139,230,-63,476,-33,171,-33" /><INIT seed="6,0,0,0,3,46" ten="252,167,443,138" oya="2" hai0="121,37,14,133,19,85,101,10,44,9,57,84,54" hai1="107,92,49,100,72,122,83,79,64,82,48,71,47" hai2="0,4,90,78,89,8,41,11,110,67,129,88,111" hai3="127,108,65,118,120,99,50,43,119,135,125,114,94"/><V21/><F129/><W23/><G120/><T81/><D121/><U128/><E122/><V5/><F67/><W86/><G108/><N who="2" m="41513" /><F41/><W31/><G65/><T124/><D133/><U113/><E113/><V7/><F78/><W34/><G34/><T70/><D70/><U39/><E83/><V56/><F56/><W24/><G86/><T102/><D124/><N who="3" m="47689" /><G135/><T91/><D9/><N who="2" m="3658" /><F21/><W16/><G114/><T68/><D68/><U126/><E64/><V60/><F60/><W77/><G77/><T112/><D112/><U123/><E79/><V104/><F104/><W74/><G74/><T28/><D28/><U115/><E107/><V130/><F130/><W25/><G43/><T97/><D37/><U55/><E39/><V103/><F103/><N who="3" m="60919" /><G50/><T51/><D97/><U52/><E72/><V131/><F131/><W33/><AGARI ba="0,0" hai="16,23,24,25,31,33,118,119" m="60919,47689" machi="33" ten="30,2000,0" yaku="18,1,54,1" doraHai="46" who="3" fromWho="3" sc="252,-5,167,-5,443,-10,138,20" /><INIT seed="7,0,0,4,3,40" ten="247,162,433,158" oya="3" hai0="46,25,15,31,16,13,127,118,74,133,121,134,22" hai1="109,120,66,54,98,67,110,2,36,47,59,124,82" hai2="97,42,70,30,106,35,90,43,80,87,92,33,105" hai3="131,99,11,6,63,51,8,122,129,3,107,37,29"/><W128/><G122/><T73/><D118/><U62/><E2/><V116/><F70/><W125/><G37/><T14/><D121/><U108/><E120/><V19/><F116/><W113/><G113/><T86/><D127/><U101/><E124/><V135/><F135/><N who="0" m="51722" /><D31/><U55/><E82/><V34/><F30/><W89/><G125/><T7/><D7/><U111/><N who="1" m="27648" /><DORA hai="4" /><U52/><E67/><V88/><F19/><W91/><G29/><T85/><D46/><U0/><E0/><V123/><F123/><W76/><G76/><T64/><D64/><U79/><E79/><V94/><F80/><W50/><G63/><T38/><D38/><U68/><E98/><V115/><F115/><W77/><G77/><T23/><D23/><U48/><E101/><V100/><REACH who="2" step="1"/><F106/><REACH who="2" ten="247,162,423,158" step="2"/><W78/><G78/><T26/><D26/><U9/><E9/><N who="3" m="3658" /><G6/><T10/><D10/><U104/><E104/><V84/><AGARI ba="0,1" hai="33,34,35,42,43,84,87,88,90,92,94,97,100,105" machi="84" ten="30,7900,0" yaku="1,1,0,1,9,1,54,1,53,0" doraHai="40,4" doraHaiUra="56,53" who="2" fromWho="2" sc="247,-20,162,-20,423,89,158,-39" owari="227,2.7,142,-25.8,512,61.2,119,-38.1" /></mjloggm>