<mjloggm ver="2.3"><GO type="169" lobby="0"/><UN n0="%E5%A4%A9%E6%89%8D%E9%BA%BB%E5%B0%86%E6%99%BA%E4%B9%83" n1="%E8%B5%A4%E7%BE%8E%E6%BF%83%E3%81%BE%E3%81%90%E3%82%8D" n2="%E8%B6%85%E7%B5%B6%E5%82%99%E9%95%B7%E7%82%AD" n3="%E7%94%98%E5%A4%8F%E3%81%BF%E3%81%8B%E3%82%93" dan="16,16,17,16" rate="2144.32,2192.42,2105.67,2143.52" sx="M,M,M,M"/><TAIKYOKU oya="0"/><INIT seed="0,0,0,0,2,41" ten="250,250,250,250" oya="0" hai0="8,7,117,116,67,32,42,99,124,129,118,135,98" hai1="120,1,15,59,103,89,92,97,77,60,108,119,31" hai2="43,47,121,95,83,74,105,51,36,131,96,28,107" hai3="29,85,22,49,88,21,39,14,101,115,9,104,80"/><T114/><D114/><U127/><E119/><V12/><F121/><W82/><G115/><T69/><D129/><U73/><E120/><V54/><F131/><W66/><G39/><T62/><D124/><U4/><E127/><V128/><F128/><W94/><G66/><T24/><D135/><U81/><E108/><V87/><F28/><W50/><G104/><T133/><D133/><U55/><E31/><V3/><F3/><W40/><G101/><T0/><D32/><U93/><E1/><V5/><F74/><W11/><G11/><T102/><D102/><U76/><E76/><V86/><F86/><W2/><G2/><T53/><D24/><U19/><E4/><V84/><F84/><W71/><G71/><T58/><REACH who="0" step="1"/><D42/><REACH who="0" ten="240,250,250,250" step="2"/><U65/><E65/><V109/><F43/><W34/><G40/><T25/><D25/><U112/><E112/><V33/><F36/><W35/><G35/><T64/><D64/><U126/><E126/><V10/><F33/><W44/><G34/><T61/><AGARI ba="0,1" hai="0,7,8,53,58,61,62,67,69,98,99,116,117,118" machi="61" ten="40,3900,0" yaku="1,1,0,1,53,0" doraHai="41" doraHaiUra="110" who="0" fromWho="0" sc="240,49,250,-13,250,-13,250,-13" /><INIT seed="0,1,0,4,2,21" ten="289,237,237,237" oya="0" hai0="76,41,49,73,88,97,107,106,128,51,14,65,102" hai1="91,12,118,74,104,20,22,30,6,120,130,42,9" hai2="132,126,89,82,45,116,4,108,7,39,61,28,59" hai3="117,112,53,86,27,81,54,43,5,69,40,98,56"/><T44/><D128/><U11/><E118/><V66/><F116/><W93/><G117/><T33/><D107/><U90/><E120/><V70/><F132/><W77/><G112/><T60/><D33/><U95/><E104/><V99/><F126/><W68/><G5/><T36/><D14/><U80/><E130/><V32/><F108/><W23/><G68/><T47/><D47/><U122/><E122/><V34/><F34/><W25/><G69/><T105/><D105/><U63/><E42/><N who="3" m="15914" /><G23/><T2/><D2/><U78/><E30/><V10/><F45/><W133/><G133/><T119/><D119/><U85/><E63/><V135/><F39/><W115/><G115/><T121/><D121/><U123/><E123/><V129/><F129/><W16/><G16/><T64/><D64/><U101/><E101/><V46/><F46/><W114/><G114/><T72/><D72/><U87/><REACH who="1" step="1"/><E11/><REACH who="1" ten="289,227,237,237" step="2"/><V3/><F135/><W125/><G125/><T94/><D60/><U15/><E15/><V0/><F0/><W29/><G29/><T62/><D62/><U83/><AGARI ba="1,1" hai="6,9,12,20,22,74,78,80,83,85,87,90,91,95" machi="83" ten="20,5200,0" yaku="1,1,0,1,7,1,53,1" doraHai="21" doraHaiUra="8" who="1" fromWho="1" sc="289,-27,227,65,237,-14,237,-14" /><INIT seed="1,0,0,2,5,5" ten="262,292,223,223" oya="1" hai0="23,29,127,100,43,31,52,10,68,19,132,96,17" hai1="120,107,110,86,134,15,61,51,75,112,40,42,78" hai2="59,39,22,106,9,115,133,30,108,102,58,33,84" hai3="95,76,90,94,89,55,50,103,11,60,46,6,28"/><U80/><E112/><V16/><F39/><W119/><G119/><T47/><D68/><U36/><E107/><V116/><F33/><W12/><G76/><T113/><D113/><U121/><E110/><V34/><F34/><W87/><G28/><T14/><D132/><U54/><E36/><V20/><F116/><W4/><G60/><T71/><D71/><U67/><E134/><V35/><F35/><W45/><G103/><T131/><D131/><U98/><E98/><V63/><F133/><W109/><G109/><T37/><D127/><U13/><E75/><V117/><F117/><W93/><G6/><T105/><REACH who="0" step="1"/><D52/><REACH who="0" ten="252,292,223,223" step="2"/><U129/><E129/><V111/><F115/><W48/><REACH who="3" step="1"/><G90/><REACH who="3" ten="252,292,223,213" step="2"/><T85/><D85/><U21/><E86/><V79/><F108/><W8/><G8/><T88/><D88/><U101/><E78/><V114/><F114/><W24/><G24/><AGARI ba="0,2" hai="10,14,17,19,23,24,29,31,37,43,47,96,100,105" machi="24" ten="30,8000,1" yaku="1,1,7,1,52,1,53,2" doraHai="5" doraHaiUra="27" who="0" fromWho="3" sc="252,100,292,0,223,0,213,-80" /><INIT seed="2,0,0,5,2,80" ten="352,292,223,133" oya="2" hai0="61,78,89,68,111,30,83,12,119,127,54,117,64" hai1="101,51,10,122,6,109,93,95,55,45,0,63,3" hai2="47,92,124,58,11,15,65,133,28,73,116,120,37" hai3="57,34,76,48,112,40,13,32,35,31,107,118,43"/><V69/><F73/><W129/><G118/><N who="0" m="45067" /><D111/><U132/><E122/><V33/><F69/><W70/><G70/><T21/><D89/><U130/><E109/><V125/><F116/><W26/><G129/><T29/><D127/><N who="2" m="48714" /><F120/><W81/><G107/><T114/><D114/><U105/><E130/><V100/><F133/><W4/><G112/><T75/><D54/><U5/><E132/><V85/><F28/><W72/><G57/><T59/><D59/><U23/><E23/><V36/><F33/><W8/><REACH who="3" step="1"/><G43/><REACH who="3" ten="352,292,223,123" step="2"/><T2/><D68/><U97/><E63/><V90/><F47/><AGARI ba="0,1" hai="4,8,13,26,31,32,34,35,40,47,48,72,76,81" machi="47" ten="40,2600,0" yaku="1,1,2,1,53,0" doraHai="80" doraHaiUra="123" who="3" fromWho="2" sc="352,0,292,0,223,-26,123,36" /><INIT seed="3,0,0,1,1,35" ten="352,292,197,159" oya="3" hai0="60,25,37,97,104,77,38,0,101,6,116,17,4" hai1="45,46,33,79,131,26,39,61,122,94,13,127,44" hai2="109,69,103,31,120,59,64,56,78,57,84,7,90" hai3="128,111,119,2,43,51,71,12,42,113,100,22,114"/><W58/><G119/><T29/><D116/><U88/><E122/><V15/><F120/><W107/><G71/><T74/><D17/><U133/><E127/><V96/><F78/><W108/><G128/><T11/><D6/><U62/><E133/><V14/><F109/><N who="3" m="42059" /><G2/><T102/><D102/><U54/><E131/><V95/><F31/><W85/><G85/><T18/><D18/><U27/><E79/><V20/><F7/><W49/><G12/><T89/><D89/><U30/><E39/><V91/><F20/><W21/><G100/><T8/><D8/><U117/><E117/><V5/><F5/><W16/><G107/><T93/><D93/><U118/><E118/><V40/><F91/><W52/><G21/><T23/><D60/><U92/><E92/><V76/><F69/><W67/><G67/><T98/><D98/><U10/><E54/><V24/><F64/><W121/><G121/><T83/><AGARI ba="0,0" hai="0,4,11,23,25,29,37,38,74,77,83,97,101,104" machi="83" ten="30,2000,0" yaku="0,1,52,1" doraHai="35" who="0" fromWho="0" sc="352,20,292,-5,197,-5,159,-10" /><INIT seed="4,0,0,1,3,40" ten="372,287,192,149" oya="0" hai0="9,110,15,12,71,64,105,77,81,102,60,89,67" hai1="99,65,22,111,88,19,63,125,1,44,28,106,101" hai2="62,61,11,76,96,34,21,87,18,57,38,35,10" hai3="119,14,126,30,78,48,100,56,39,24,127,80,37"/><T55/><D110/><U134/><E1/><V27/><F38/><W83/><G119/><T130/><D130/><U32/><E111/><V124/><F124/><N who="3" m="47659" /><G100/><T0/><D67/><U133/><E125/><V16/><F62/><W17/><G56/><T135/><D135/><U41/><E28/><V72/><F72/><N who="3" m="43079" /><G83/><T131/><D131/><U50/><E32/><V42/><F34/><N who="3" m="20807" /><G48/><T13/><D102/><U120/><E120/><V2/><F35/><W31/><G31/><T49/><D105/><U43/><E43/><V69/><F42/><W74/><G74/><T93/><D81/><U114/><E114/><V115/><F69/><W82/><G82/><T86/><D77/><U26/><REACH who="1" step="1"/><E88/><REACH who="1" ten="372,277,192,149" step="2"/><V112/><F112/><W107/><G107/><T20/><D0/><U45/><E45/><V47/><F47/><W3/><G3/><T123/><D123/><U66/><E66/><V4/><F115/><W68/><G68/><AGARI ba="0,1" hai="19,22,26,41,44,50,63,65,68,99,101,106,133,134" machi="68" ten="40,2600,0" yaku="1,1,52,1,53,0" doraHai="40" doraHaiUra="29" who="1" fromWho="3" sc="372,0,277,36,192,0,149,-26" /><INIT seed="5,0,0,4,3,18" ten="372,313,192,123" oya="1" hai0="44,113,69,116,54,22,56,101,87,132,30,104,124" hai1="112,37,133,96,103,9,79,130,84,5,119,109,127" hai2="67,81,24,125,108,15,126,120,72,40,7,17,1" hai3="129,102,48,8,53,51,123,92,28,19,13,73,14"/><U65/><E119/><V49/><F108/><W38/><G123/><T2/><D69/><U86/><E37/><V0/><F120/><W35/><G129/><T47/><D2/><U43/><E43/><V107/><F107/><W94/><G38/><T111/><D111/><U121/><E121/><V20/><F67/><W71/><G73/><T62/><D116/><U78/><E65/><V110/><F110/><W29/><G71/><T64/><D113/><U6/><E112/><V88/><F72/><W74/><G74/><T50/><D124/><N who="2" m="47722" /><F40/><W80/><G80/><T11/><D11/><U66/><E66/><V4/><F49/><W60/><G60/><T117/><D117/><U55/><E109/><V98/><F81/><W45/><G35/><T21/><D54/><U100/><E127/><V115/><F115/><W70/><G70/><T76/><D104/><U89/><E130/><V59/><F59/><W68/><G68/><T26/><D56/><U58/><E133/><V36/><F36/><W91/><G51/><T106/><D132/><U61/><E79/><V57/><F57/><W99/><REACH who="3" step="1"/><G14/><REACH who="3" ten="372,313,192,113" step="2"/><T16/><D64/><U42/><E61/><V31/><F0/><W114/><G114/><T32/><D62/><U105/><E105/><V93/><F1/><W3/><G3/><T34/><D106/><U33/><E33/><AGARI ba="0,1" hai="4,7,15,17,20,24,31,33,88,93,98" m="47722" machi="33" ten="30,3900,0" yaku="18,1,52,1,54,1" doraHai="18" who="2" fromWho="1" sc="372,0,313,-39,192,49,113,0" /><INIT seed="6,0,0,1,1,76" ten="372,274,241,113" oya="2" hai0="43,55,127,94,27,129,128,101,13,107,82,39,21" hai1="8,49,134,83,116,123,65,73,33,108,28,45,90" hai2="25,3,112,24,67,78,110,5,52,102,60,42,12" hai3="131,72,111,93,38,35,119,80,121,85,71,1,57"/><V46/><F3/><W125/><G57/><T62/><D107/><U109/><E116/><V36/><F112/><W48/><G48/><T113/><D127/><U0/><E65/><V99/><F78/><W106/><G93/><T59/><D13/><U9/><E134/><V77/><F77/><W132/><G85/><T41/><D82/><U66/><E66/><V61/><F110/><W97/><G97/><N who="0" m="59575" /><D39/><U88/><E73/><V2/><F2/><W68/><G80/><T70/><D70/><U10/><E0/><V11/><F61/><W23/><G23/><T29/><D113/><AGARI ba="0,0" hai="1,35,38,68,71,72,106,111,113,119,121,125,131,132" machi="113" ten="0,32000,5" yakuman="47" doraHai="76" who="3" fromWho="0" sc="372,-320,274,0,241,0,113,320" /><INIT seed="7,0,0,5,0,50" ten="52,274,241,433" oya="3" hai0="92,81,24,51,28,84,63,38,66,100,86,5,53" hai1="130,57,105,113,119,10,42,88,25,121,125,23,56" hai2="104,58,3,107,127,129,79,95,111,82,37,93,110" hai3="40,78,109,108,7,112,106,12,103,76,47,69,34"/><W99/><G69/><T117/><D117/><U11/><E121/><V72/><F37/><W98/><G112/><T96/><D38/><U133/><E105/><N who="2" m="40523" /><F58/><N who="1" m="22633" /><E113/><V85/><F3/><W91/><G34/><T87/><D5/><U13/><E130/><V68/><F68/><W83/><G12/><T41/><D41/><U31/><E125/><V19/><F19/><W39/><G7/><T124/><D124/><U22/><E119/><V101/><F127/><W20/><G20/><T46/><D81/><U118/><E118/><V55/><F55/><W64/><G64/><T2/><D2/><U60/><E42/><V116/><F116/><W32/><G32/><T102/><D102/><U62/><E133/><V70/><F70/><W122/><G103/><T65/><D65/><U21/><E21/><V18/><F18/><W45/><G106/><T52/><D84/><U33/><E33/><V48/><F48/><W73/><G99/><T1/><D1/><U74/><E23/><V14/><F14/><W75/><G98/><T61/><D61/><N who="1" m="23659" /><E13/><V30/><F30/><W115/><G40/><T27/><D27/><U80/><E74/><V16/><F16/><W4/><G73/><T123/><D123/><U15/><E15/><V71/><F71/><W131/><G75/><T36/><D36/><U94/><E80/><N who="2" m="45159" /><F129/><W128/><G128/><T9/><D9/><U120/><E120/><V134/><F134/><W132/><G131/><T35/><D66/><U17/><E31/><V8/><F8/><W6/><G132/><T26/><D24/><U49/><E49/><V126/><F126/><RYUUKYOKU ba="0,0" sc="52,15,274,15,241,-15,433,-15" hai0="26,28,35,46,51,52,53,63,86,87,92,96,100" hai1="10,11,17,22,25,88,94" owari="67,-43.3,289,8.9,226,-17.4,418,51.8" /></mjloggm>