<mjloggm ver="2.3"><GO type="225" lobby="0"/><UN n0="%E6%B5%81%E3%82%8C%EF%BC%9F%53%4F%41" n1="%E7%89%B9%E6%9D%B1%E3%81%AF%E4%B8%96%E7%95%8C%E3%82%92%E6%95%91%E3%81%86" n2="%E7%B4%94%E6%BD%94%E3%83%94%E3%83%A9%E3%83%8B%E3%82%A2" n3="%E3%81%AF%E3%82%88%E3%81%8A%E3%81%98%E3%81%95%E3%82%93" dan="17,16,16,16" rate="2249.76,2144.42,2189.13,2186.02" sx="M,M,M,M"/><TAIKYOKU oya="0"/><INIT seed="0,0,0,1,1,19" ten="250,250,250,250" oya="0" hai0="36,78,30,106,103,68,55,58,11,82,114,46,32" hai1="48,97,7,133,86,80,57,135,73,99,117,59,81" hai2="13,118,31,33,66,26,52,125,131,0,96,54,53" hai3="21,15,17,90,5,24,44,61,41,42,102,70,40"/><T93/><D68/><U72/><E7/><V56/><F0/><W16/><G102/><T134/><D114/><U28/><E28/><V121/><F121/><W109/><G109/><T2/><D106/><U63/><E48/><V127/><F118/><W130/><G130/><T124/><D124/><N who="2" m="47690" /><F131/><W38/><G5/><T129/><D129/><U77/><E117/><V43/><F43/><W10/><REACH who="3" step="1"/><G90/><REACH who="3" ten="250,250,250,240" step="2"/><T62/><D103/><U116/><E116/><V64/><F56/><W120/><G120/><T35/><D134/><N who="1" m="51211" /><E57/><V113/><F113/><W105/><G105/><T75/><D58/><U83/><E59/><V27/><F64/><AGARI ba="0,1" hai="10,15,16,17,21,24,38,40,41,42,44,61,64,70" machi="64" ten="40,8000,1" yaku="1,1,52,1,54,1,53,1" doraHai="19" doraHaiUra="9" who="3" fromWho="2" sc="250,0,250,0,250,-80,240,90" /><INIT seed="1,0,0,2,1,16" ten="250,250,170,330" oya="1" hai0="6,0,88,29,51,50,109,18,110,34,115,74,122" hai1="116,81,37,13,25,111,41,98,42,113,52,31,125" hai2="90,126,69,44,77,10,8,2,59,58,48,30,72" hai3="97,127,33,27,23,85,12,5,9,130,55,95,101"/><U76/><E113/><V103/><F126/><W32/><G127/><T129/><D115/><U64/><E125/><V104/><F69/><W36/><G130/><T22/><D74/><U120/><E116/><V71/><F71/><W123/><G123/><T20/><D129/><U43/><E120/><V39/><F30/><W62/><G36/><T47/><D50/><U96/><E37/><V65/><F65/><W63/><G85/><T118/><D118/><U19/><E64/><V128/><F128/><W56/><REACH who="3" step="1"/><G63/><REACH who="3" ten="250,250,170,320" step="2"/><T61/><D61/><U57/><E111/><V121/><F39/><W82/><G82/><T106/><D122/><U35/><E81/><V66/><F121/><W135/><G135/><T132/><D132/><U17/><E76/><V78/><F77/><W7/><G7/><T3/><D6/><U99/><REACH who="1" step="1"/><E13/><REACH who="1" ten="250,240,170,320" step="2"/><V24/><F78/><W15/><G15/><T117/><D117/><U84/><E84/><V79/><F79/><W134/><G134/><T46/><D109/><U21/><E21/><V108/><F108/><W80/><G80/><T102/><D20/><U83/><E83/><V119/><F119/><W105/><G105/><T67/><D110/><U53/><E53/><V112/><F112/><W86/><G86/><T49/><D22/><U89/><E89/><V100/><F90/><W14/><G14/><T91/><D88/><U92/><E92/><V26/><F104/><W93/><G93/><T124/><D91/><U4/><E4/><V73/><F66/><W1/><G1/><T94/><D67/><U54/><E54/><V40/><F2/><RYUUKYOKU ba="0,2" sc="250,-15,240,15,170,-15,320,15" hai1="17,19,25,31,35,41,42,43,52,57,96,98,99" hai3="5,9,12,23,27,32,33,55,56,62,95,97,101" /><INIT seed="1,1,2,1,3,50" ten="235,255,155,335" oya="1" hai0="22,47,79,42,31,27,93,126,54,135,72,64,98" hai1="86,30,8,88,17,115,74,52,43,65,33,12,14" hai2="113,133,120,94,3,124,24,97,16,99,15,2,10" hai3="7,59,21,55,83,96,66,84,48,26,123,34,25"/><U38/><E115/><V105/><F120/><W60/><G123/><T70/><D126/><U36/><E74/><V78/><F113/><W110/><G110/><T118/><D118/><U134/><E65/><V75/><F124/><W19/><G7/><T129/><D129/><U91/><E134/><V35/><F133/><W71/><G96/><T107/><D107/><U117/><E117/><V132/><F132/><W4/><G4/><T119/><D119/><U63/><E43/><V77/><F75/><W69/><G34/><T127/><D127/><U103/><E103/><V20/><F105/><W41/><G41/><T53/><D135/><U46/><E14/><V92/><F35/><W5/><G5/><T11/><D11/><U108/><E108/><V114/><F114/><W80/><G80/><T18/><D79/><U45/><E91/><N who="2" m="55455" /><F3/><W82/><G82/><T85/><D85/><U57/><E38/><V56/><F56/><W128/><G128/><T44/><D44/><U131/><E36/><V106/><F2/><W111/><G111/><T28/><D64/><U9/><E131/><V76/><F106/><W95/><G95/><T58/><D70/><U109/><E109/><V112/><F112/><W32/><G32/><T0/><D72/><U90/><E33/><V49/><F49/><W130/><G130/><T62/><D0/><U73/><E73/><V68/><F68/><W61/><G71/><T40/><D40/><U87/><E45/><V23/><F24/><N who="3" m="14399" /><G48/><N who="0" m="28831" /><D42/><U122/><E122/><V39/><F39/><W51/><G51/><T81/><D81/><U29/><E46/><RYUUKYOKU ba="1,2" sc="235,10,255,-30,155,10,335,10" hai0="18,22,27,28,31,54,58,62,93,98" hai2="10,15,16,20,23,76,77,78,94,99" hai3="25,26,55,59,60,61,66,69,83,84" /><INIT seed="2,2,2,3,3,38" ten="245,225,165,345" oya="2" hai0="96,16,39,97,15,10,8,49,4,28,9,72,122" hai1="23,56,88,64,107,53,41,7,131,35,133,17,1" hai2="14,18,134,99,102,25,57,87,59,93,42,71,34" hai3="84,50,85,79,83,51,76,109,5,31,110,44,105"/><V67/><F134/><W27/><G105/><T86/><D72/><U129/><E35/><V13/><F71/><W36/><G5/><T120/><D39/><U81/><E107/><V2/><F2/><W52/><G36/><T65/><D28/><U128/><E133/><V130/><F130/><W47/><G84/><T95/><D65/><U114/><E114/><V118/><F118/><W92/><G92/><T54/><D120/><U75/><E64/><V132/><F132/><W43/><REACH who="3" step="1"/><G79/><REACH who="3" ten="245,225,165,335" step="2"/><T33/><D122/><U6/><E6/><V68/><F87/><W119/><G119/><T32/><D4/><U58/><E7/><V48/><F68/><W104/><G104/><T125/><D86/><N who="1" m="50255" /><E1/><V22/><F34/><AGARI ba="2,3" hai="27,31,34,43,44,47,50,51,52,76,83,85,109,110" machi="34" ten="40,5200,0" yaku="1,1,52,1,54,1,53,0" doraHai="38" doraHaiUra="100" who="3" fromWho="2" sc="245,0,225,0,165,-58,335,88" /><INIT seed="3,0,0,2,3,73" ten="245,225,107,423" oya="3" hai0="25,62,98,34,50,94,67,30,129,63,111,48,78" hai1="119,7,27,114,51,118,1,15,135,44,6,10,107" hai2="4,124,70,39,49,106,12,75,79,23,93,0,125" hai3="54,130,128,121,46,126,77,84,99,17,60,104,64"/><W3/><G121/><T103/><D111/><U95/><E114/><V133/><F93/><W35/><G3/><T122/><D122/><U123/><E107/><V74/><F49/><W31/><G126/><T13/><D63/><U127/><E123/><V59/><F59/><W115/><G115/><T90/><D129/><N who="3" m="49769" /><G17/><T92/><D78/><U113/><E113/><V2/><F12/><W109/><G109/><T76/><D76/><U61/><E127/><V85/><F23/><W43/><G54/><T102/><D13/><U80/><E135/><V112/><F85/><W11/><G11/><T100/><D92/><U89/><E61/><V24/><F4/><W120/><G120/><T134/><D134/><U37/><E37/><V40/><F40/><W71/><G31/><T69/><AGARI ba="0,0" hai="25,30,34,48,50,62,67,69,90,94,98,100,102,103" machi="69" ten="30,1100,0" yaku="0,1" doraHai="73" who="0" fromWho="0" sc="245,11,225,-3,107,-3,423,-5" owari="256,5.6,222,-17.8,104,-39.6,418,51.8" /></mjloggm>