<mjloggm ver="2.3"><GO type="169" lobby="0"/><UN n0="%E8%B5%A4%E6%AF%9B%E3%81%AE%E3%82%AD%E3%83%A7%E3%83%B3" n1="%E8%80%81%E6%A5%BD" n2="%E5%8A%87%E5%9B%A3%E3%82%AA%E3%82%AE%E3%83%A3%E3%83%AA%E3%82%BA%E3%83%A0" n3="%E3%81%82%E3%81%BE%E3%81%82%E3%82%93" dan="18,17,16,17" rate="2315.89,2173.92,2120.15,2130.46" sx="M,M,F,M"/><TAIKYOKU oya="0"/><INIT seed="0,0,0,5,5,119" ten="250,250,250,250" oya="0" hai0="80,27,28,96,70,94,105,109,69,36,67,84,15" hai1="101,112,56,17,77,16,55,103,6,50,54,41,113" hai2="65,26,123,60,78,95,24,59,121,8,106,104,0" hai3="33,125,89,20,116,63,58,86,66,25,83,42,7"/><T45/><D105/><U85/><E41/><V35/><F78/><W90/><G116/><T130/><D130/><U131/><E131/><V10/><F95/><W82/><G125/><T18/><D109/><U40/><E40/><V39/><F39/><W73/><G33/><T79/><D36/><U100/><E6/><V124/><F124/><W99/><G7/><T68/><D45/><U9/><E9/><V133/><F133/><W129/><G129/><T114/><D114/><N who="1" m="44139" /><E55/><V32/><F59/><W4/><G4/><T21/><D67/><U5/><E5/><V88/><F88/><W92/><G42/><T19/><REACH who="0" step="1"/><D15/><REACH who="0" ten="240,250,250,250" step="2"/><U128/><E128/><V127/><F127/><W74/><REACH who="3" step="1"/><G83/><AGARI ba="0,1" hai="16,17,50,54,56,77,83,85,100,101,103" m="44139" machi="83" ten="30,2000,0" yaku="11,1,54,1" doraHai="119" who="1" fromWho="3" sc="240,0,250,30,250,0,250,-20" /><INIT seed="1,0,0,3,1,118" ten="240,280,250,230" oya="1" hai0="88,7,28,23,1,39,105,99,131,25,114,98,4" hai1="119,3,125,102,113,68,51,107,92,109,45,31,76" hai2="16,121,77,64,40,110,59,35,132,71,111,43,82" hai3="133,96,32,86,24,116,29,17,8,37,62,18,130"/><U26/><E119/><V49/><F35/><W20/><G37/><T93/><D114/><U83/><E113/><V117/><F117/><W80/><G116/><T78/><D39/><U15/><E3/><V21/><F71/><W124/><G130/><T100/><D131/><U47/><E68/><V129/><F129/><W6/><G124/><T135/><D1/><U74/><E125/><V81/><F132/><W127/><G127/><T34/><D135/><U103/><E107/><V123/><F64/><W50/><G133/><T122/><D78/><U30/><E30/><V90/><F59/><W89/><G62/><T73/><D73/><U126/><E47/><N who="2" m="25831" /><F90/><W56/><G32/><T115/><D115/><U55/><E126/><V12/><F82/><W65/><G96/><T33/><D33/><U61/><E109/><N who="2" m="41483" /><F43/><W72/><G72/><AGARI ba="0,0" hai="12,16,21,72,77,81,121,123" m="41483,25831" machi="72" ten="30,7700,0" yaku="14,1,52,2,54,1" doraHai="118" who="2" fromWho="3" sc="240,0,280,0,250,77,230,-77" /><INIT seed="2,0,0,3,4,126" ten="240,280,327,153" oya="2" hai0="9,14,53,134,105,44,77,115,68,10,20,1,75" hai1="48,95,72,131,35,32,89,135,73,42,109,111,34" hai2="100,106,47,96,76,132,64,107,103,16,56,28,92" hai3="88,113,33,11,46,108,114,129,23,36,26,0,29"/><V7/><F132/><W99/><G108/><N who="1" m="41546" /><E135/><V31/><F7/><W43/><G23/><T104/><D115/><U19/><E19/><V70/><F70/><W52/><G0/><T13/><D68/><U117/><E117/><V93/><F76/><W84/><G11/><T78/><D20/><U6/><E6/><V8/><F47/><W50/><G99/><T25/><D44/><N who="1" m="25623" /><E131/><V97/><F64/><W82/><REACH who="3" step="1"/><G129/><REACH who="3" ten="240,280,327,143" step="2"/><T45/><D1/><U128/><E128/><V87/><F8/><W71/><G71/><T12/><D134/><U21/><E21/><V49/><F28/><W120/><G120/><T124/><D9/><U123/><E123/><V38/><F31/><W24/><G24/><T79/><D10/><U74/><E35/><V62/><F96/><AGARI ba="0,1" hai="32,34,72,73,74,89,95,96" m="25623,41546" machi="96" ten="40,1300,0" yaku="14,1" doraHai="126" who="1" fromWho="2" sc="240,0,280,23,327,-13,143,0" /><INIT seed="3,0,0,4,1,65" ten="240,303,314,143" oya="3" hai0="66,7,20,72,28,75,90,100,12,13,29,106,78" hai1="132,31,26,45,11,107,50,39,88,122,68,135,36" hai2="119,97,0,54,57,133,44,38,71,124,85,15,30" hai3="102,115,121,126,86,60,64,99,101,130,23,61,16"/><W8/><G115/><T3/><D3/><U84/><E107/><V34/><F0/><W22/><G121/><T77/><D106/><U1/><E122/><V93/><F119/><W55/><G130/><T14/><D100/><U18/><E1/><V59/><F133/><W87/><G126/><T47/><D47/><U113/><E113/><V83/><F71/><W129/><G129/><T108/><D7/><U24/><E68/><V58/><F124/><W5/><G55/><T46/><D46/><U91/><E11/><V21/><F34/><W110/><G110/><T32/><D32/><U35/><E18/><V48/><F38/><W2/><G22/><T10/><D10/><U120/><E24/><N who="2" m="16655" /><F15/><W70/><G60/><T69/><D108/><U131/><E91/><N who="2" m="55487" /><F44/><W6/><G6/><T43/><D90/><AGARI ba="0,0" hai="48,54,57,58,59,83,85,90" m="55487,16655" machi="90" ten="30,1000,0" yaku="8,1" doraHai="65" who="2" fromWho="0" sc="240,-10,303,0,314,10,143,0" /><INIT seed="4,0,0,3,1,43" ten="230,303,324,143" oya="0" hai0="24,78,127,85,9,18,68,132,53,123,111,17,20" hai1="134,82,3,118,102,55,34,113,106,65,4,129,62" hai2="116,0,83,131,63,45,119,87,76,19,2,112,96" hai3="72,51,104,80,67,79,133,95,47,124,108,94,33"/><T26/><D123/><U99/><E118/><N who="2" m="45099" /><F112/><W92/><G108/><T54/><D68/><N who="1" m="42039" /><E55/><V12/><F131/><W91/><G124/><T117/><D117/><U135/><E129/><V75/><F75/><W29/><G133/><T59/><D132/><U40/><E113/><V61/><F96/><W49/><G104/><T103/><D127/><U23/><E23/><N who="2" m="11751" /><F45/><W81/><G67/><T48/><D111/><U90/><E90/><V39/><F39/><W1/><G1/><AGARI ba="0,0" hai="0,1,2,61,63,76,83,87" m="11751,45099" machi="1" ten="30,1000,0" yaku="12,1" doraHai="43" who="2" fromWho="3" sc="230,0,303,0,324,10,143,-10" /><INIT seed="5,0,0,1,0,15" ten="230,303,334,133" oya="1" hai0="10,6,83,130,42,4,8,75,85,52,27,68,82" hai1="129,46,114,112,71,5,120,56,23,73,33,76,134" hai2="55,96,92,17,11,133,21,121,60,35,45,58,115" hai3="7,135,67,105,36,51,111,127,74,95,57,50,59"/><U86/><E71/><V49/><F121/><W88/><G111/><T3/><D68/><U20/><E33/><V22/><F35/><W41/><G105/><T113/><D113/><U43/><E73/><V48/><F115/><W14/><G74/><T84/><D130/><U16/><E23/><V32/><F32/><W79/><G79/><T119/><D119/><U110/><E120/><V109/><F109/><W122/><G122/><T91/><D42/><U66/><E5/><V65/><F133/><W69/><G135/><T61/><D75/><U1/><E1/><V28/><F49/><W93/><G127/><T2/><D27/><U63/><E134/><V100/><F28/><W31/><G31/><T72/><D72/><U0/><E0/><V103/><F103/><W106/><G106/><T104/><D104/><U101/><E101/><V97/><F97/><W118/><G118/><T80/><REACH who="0" step="1"/><D91/><REACH who="0" ten="220,303,334,133" step="2"/><U47/><E129/><V64/><F64/><W102/><G67/><T131/><D131/><U123/><E110/><V128/><F128/><W99/><G69/><T89/><D89/><U125/><E123/><V126/><F126/><W108/><G108/><T87/><D87/><U37/><E125/><V44/><F65/><W94/><G41/><T70/><D70/><U38/><E38/><V107/><F107/><N who="3" m="63967" /><G36/><T116/><D116/><U62/><E114/><V12/><F100/><W24/><G88/><T40/><D40/><U53/><E112/><V19/><F96/><W9/><G24/><T54/><D54/><U26/><E37/><V132/><F132/><W29/><G29/><RYUUKYOKU ba="0,1" sc="220,15,303,-15,334,-15,133,15" hai0="2,3,4,6,8,10,52,61,80,82,83,84,85" hai3="7,9,14,50,51,57,59,93,94,95" /><INIT seed="6,1,1,4,2,124" ten="235,288,319,148" oya="2" hai0="126,87,64,125,19,115,51,71,52,105,57,110,29" hai1="91,33,44,89,46,25,35,120,130,37,34,85,48" hai2="98,3,80,93,88,53,41,55,116,119,76,102,23" hai3="113,5,86,118,45,18,4,114,117,38,2,123,69"/><V81/><F3/><W17/><G69/><T7/><D105/><U62/><E37/><V109/><F109/><W15/><G38/><T50/><D7/><U42/><E62/><V14/><F41/><W31/><G45/><T97/><D29/><U104/><E104/><V75/><F81/><W11/><G86/><T106/><D110/><U66/><E66/><V77/><F77/><W43/><G43/><T128/><D115/><N who="3" m="44041" /><G123/><T20/><D87/><U13/><E46/><V22/><F102/><W131/><G131/><T92/><D128/><U112/><E130/><V122/><F122/><W121/><G121/><T84/><D84/><U99/><E112/><V47/><F55/><W56/><G56/><T65/><D71/><U21/><E120/><V96/><F96/><W36/><G36/><T132/><D126/><U8/><E99/><V70/><F70/><W74/><G74/><T79/><D125/><U58/><E58/><V82/><F82/><W60/><G60/><T1/><D79/><U134/><E85/><V103/><F103/><W6/><G2/><T49/><D1/><U94/><E44/><V61/><F47/><W95/><G95/><T30/><D106/><U107/><E94/><V90/><F90/><W54/><G31/><T12/><D30/><N who="1" m="17711" /><E107/><V127/><F127/><W133/><G133/><T129/><D132/><U10/><E134/><V108/><F61/><W40/><G40/><T27/><D129/><U24/><E42/><V9/><F53/><W0/><G0/><T32/><D97/><U63/><E63/><V135/><F135/><W72/><G54/><RYUUKYOKU ba="1,1" sc="235,0,288,0,319,0,148,0" /><INIT seed="7,2,1,3,3,74" ten="235,288,319,148" oya="3" hai0="135,112,75,99,15,70,66,130,41,50,96,124,48" hai1="37,81,5,4,26,87,58,40,86,27,132,128,6" hai2="134,129,79,49,109,44,127,9,20,120,0,78,101" hai3="105,103,46,73,56,33,18,94,52,13,34,69,88"/><W100/><G69/><T122/><D122/><U53/><E128/><V11/><F109/><W123/><G123/><T93/><D75/><U113/><E113/><V45/><F120/><W117/><G117/><T80/><D130/><U62/><E132/><V29/><F129/><W25/><G73/><T1/><D1/><U106/><E106/><V43/><F134/><W84/><G46/><T89/><D124/><U115/><E115/><V42/><F127/><W35/><G25/><T85/><D135/><U59/><E87/><V91/><F101/><W121/><G105/><T39/><D39/><U90/><E40/><V30/><F91/><W63/><REACH who="3" step="1"/><G121/><REACH who="3" ten="235,288,319,138" step="2"/><T110/><D112/><U119/><E119/><V60/><F45/><W68/><G68/><T111/><D111/><U14/><E37/><V133/><F44/><W108/><G108/><T3/><D110/><U51/><E14/><V114/><F133/><W19/><G19/><T104/><D15/><U102/><E102/><V2/><F114/><W67/><G67/><AGARI ba="2,2" hai="4,5,6,26,27,51,53,58,59,62,67,81,86,90" machi="67" ten="40,1300,0" yaku="8,1" doraHai="74" who="1" fromWho="3" sc="235,0,288,39,319,0,138,-19" owari="235,-16.5,327,42.7,319,11.9,119,-38.1" /></mjloggm>