<mjloggm ver="2.3"><GO type="169" lobby="0"/><UN n0="%E5%AE%88%E6%9D%91%E6%A1%9C%E5%BC%A5" n1="%E4%BA%8C%E6%8A%9E%E4%BA%BA" n2="%E3%83%AF%E3%82%BF%E3%82%B7%E3%81%8C%E9%A3%9B%E3%82%93%E3%81%A0%E6%97%A5" n3="%4E%49%4B%55%59%41" dan="17,16,16,16" rate="2155.94,2070.68,2106.49,2081.62" sx="M,F,M,M"/><TAIKYOKU oya="0"/><INIT seed="0,0,0,2,2,129" ten="250,250,250,250" oya="0" hai0="39,64,13,78,1,2,0,106,114,21,99,71,10" hai1="132,53,88,8,65,28,70,82,23,75,20,58,119" hai2="19,111,100,84,108,124,112,41,96,103,37,110,15" hai3="92,55,107,95,94,121,74,25,31,97,40,69,109"/><T125/><D114/><U48/><E119/><V24/><F112/><W72/><G40/><T85/><D39/><U35/><E35/><V127/><F37/><W36/><G36/><T67/><D125/><N who="2" m="48202" /><F41/><W42/><G42/><T113/><D113/><U59/><E70/><V68/><F68/><W33/><G109/><T77/><D21/><U117/><E117/><V80/><F24/><W12/><G121/><T61/><D67/><U47/><E8/><N who="2" m="6631" /><F96/><W134/><G12/><T62/><D62/><U4/><E4/><V14/><F14/><W18/><G18/><T104/><D99/><U122/><E28/><V9/><F9/><W27/><G27/><T133/><D13/><U46/><E20/><V16/><F16/><W131/><G131/><T90/><D10/><U6/><E6/><V102/><F102/><W49/><G69/><T98/><D98/><U57/><E122/><V115/><F115/><W54/><G97/><T87/><D87/><U66/><E75/><V50/><F50/><W32/><G32/><T93/><REACH who="0" step="1"/><D133/><REACH who="0" ten="240,250,250,250" step="2"/><U51/><E132/><V43/><F43/><W63/><G134/><T56/><D56/><U86/><E23/><V126/><F126/><W105/><G63/><T116/><D116/><U76/><E76/><AGARI ba="0,1" hai="76,80,84,100,103,108,110,111" m="6631,48202" machi="76" ten="40,2600,0" yaku="14,1,18,1" doraHai="129" who="2" fromWho="1" sc="240,0,250,-26,250,36,250,0" /><AGARI ba="0,0" hai="0,1,2,61,64,71,76,77,78,85,90,93,104,106" machi="76" ten="40,3900,0" yaku="1,1,53,1" doraHai="129" doraHaiUra="89" who="0" fromWho="1" sc="240,39,224,-39,286,0,250,0" /><INIT seed="0,1,0,2,0,124" ten="279,185,286,250" oya="0" hai0="129,17,65,85,122,88,93,111,29,117,132,113,69" hai1="47,39,118,43,105,73,126,91,21,59,11,96,51" hai2="112,60,44,55,52,116,49,54,114,108,19,27,110" hai3="24,6,36,90,64,34,99,70,103,84,107,1,92"/><T12/><D122/><U20/><E118/><V56/><F116/><W97/><G36/><T32/><D117/><U14/><E73/><V3/><F3/><W78/><G6/><T42/><D113/><N who="2" m="43626" /><F27/><W101/><G1/><T66/><D132/><U33/><E33/><V100/><F100/><W79/><G64/><T121/><D121/><U86/><E126/><V119/><F19/><W2/><G70/><T81/><D42/><U94/><E105/><V48/><F119/><W63/><G63/><T62/><D66/><U45/><E59/><AGARI ba="1,0" hai="44,48,49,52,54,55,56,59,60,108,110" m="43626" machi="59" ten="30,3900,0" yaku="34,2,54,1" doraHai="124" who="2" fromWho="1" sc="279,0,185,-42,286,42,250,0" /><INIT seed="1,0,0,3,5,133" ten="279,143,328,250" oya="1" hai0="38,93,61,86,31,11,35,62,6,94,23,130,97" hai1="49,3,16,74,120,115,51,107,45,29,81,48,95" hai2="124,63,25,79,44,135,80,50,42,70,111,65,129" hai3="7,14,40,85,127,20,18,84,33,27,4,5,58"/><U24/><E107/><V37/><F135/><W116/><G116/><T9/><D130/><U53/><E120/><V15/><F129/><W100/><G100/><T132/><D38/><U71/><E115/><V1/><F111/><W102/><G102/><T122/><D35/><U41/><E3/><V8/><F25/><W2/><G40/><T30/><D23/><U96/><E71/><V0/><F37/><W69/><G69/><T110/><D132/><U126/><E126/><V109/><F109/><W19/><G127/><T17/><D86/><U75/><E81/><V106/><F106/><W99/><G99/><T22/><D22/><U123/><E123/><V55/><F55/><W47/><G47/><T12/><D12/><U131/><E131/><V77/><F77/><W13/><G58/><T72/><D72/><U82/><E82/><V91/><F91/><W92/><G92/><T28/><D28/><U43/><E75/><V87/><REACH who="2" step="1"/><F124/><REACH who="2" ten="279,143,318,250" step="2"/><W64/><G27/><T52/><D110/><U114/><E114/><V26/><F26/><W32/><G33/><T46/><D52/><U76/><E76/><V56/><F56/><W108/><G32/><T60/><D122/><U34/><E74/><V83/><F83/><W134/><G108/><T125/><D125/><U78/><E78/><V73/><F73/><W118/><G134/><T54/><D54/><U21/><E53/><V112/><F112/><W36/><G36/><T128/><D128/><U88/><E43/><V67/><F67/><W119/><G64/><T121/><D121/><U57/><E57/><V101/><F101/><RYUUKYOKU ba="0,1" sc="279,-15,143,15,318,15,250,-15" hai1="16,21,24,29,34,41,45,48,49,51,88,95,96" hai2="0,1,8,15,42,44,50,63,65,70,79,80,87" /><INIT seed="1,1,1,2,2,12" ten="264,158,333,235" oya="1" hai0="89,19,105,41,85,76,39,86,48,58,10,80,94" hai1="28,74,61,93,75,119,116,132,31,121,84,33,67" hai2="20,46,62,17,133,38,68,5,95,134,23,60,135" hai3="14,27,106,64,130,111,7,127,53,117,6,126,118"/><U56/><E121/><V81/><F5/><N who="3" m="1547" /><G53/><N who="0" m="32039" /><D39/><U124/><E124/><N who="3" m="47658" /><G64/><T88/><D105/><U110/><E132/><V99/><F68/><W25/><G106/><T9/><D41/><U83/><E110/><V131/><F131/><W125/><N who="3" m="47666" /><W26/><DORA hai="63" /><G111/><T45/><D45/><U50/><E119/><N who="3" m="45578" /><G14/><N who="0" m="7631" /><D10/><U107/><E107/><V73/><F46/><W2/><G2/><T3/><D3/><U122/><E116/><V51/><F133/><W120/><G120/><T115/><D115/><U79/><E122/><V78/><F134/><W102/><G102/><T113/><D113/><U47/><E75/><V49/><F135/><W36/><G36/><T29/><D29/><U13/><E13/><V90/><F38/><W96/><G96/><T32/><D32/><U16/><E33/><V57/><F73/><W59/><G59/><T87/><D87/><U70/><E70/><V8/><F57/><W69/><G69/><T0/><D0/><U101/><E74/><V77/><F99/><W104/><G104/><T1/><D1/><U98/><E31/><V34/><F34/><W112/><G112/><T128/><D128/><AGARI ba="1,1" hai="25,26,27,128,130" m="45578,47666,1547" machi="128" ten="50,12000,2" yaku="28,2,18,1,12,1,34,2" doraHai="12,63" who="3" fromWho="0" sc="264,-123,158,0,333,0,235,133" /><INIT seed="2,0,0,4,0,110" ten="141,158,333,368" oya="2" hai0="73,133,5,33,21,39,102,70,37,74,71,58,9" hai1="130,54,14,134,75,123,11,46,27,57,20,3,26" hai2="98,85,120,72,116,132,62,25,99,66,8,59,103" hai3="77,131,101,28,81,118,17,121,109,122,7,126,16"/><V80/><F72/><N who="0" m="27754" /><D58/><U100/><E130/><V38/><F120/><W55/><G109/><T36/><D21/><U29/><E75/><V23/><F132/><W82/><G131/><T42/><D42/><U91/><E134/><V45/><F116/><W124/><G118/><T60/><D60/><U114/><E100/><V64/><F64/><W112/><G101/><T18/><D18/><U108/><E108/><V78/><F8/><W93/><G93/><T92/><D92/><U113/><E3/><V111/><F111/><W105/><G28/><T40/><D40/><U115/><E123/><V49/><F38/><W89/><G89/><T63/><D63/><U32/><E91/><V1/><F1/><W87/><G87/><T15/><D15/><U34/><E46/><V61/><F61/><W65/><G65/><T127/><D102/><U86/><E86/><V12/><F12/><W41/><G41/><T50/><D50/><U31/><E57/><V117/><F117/><W51/><G51/><T6/><D6/><N who="1" m="3447" /><E54/><N who="2" m="29999" /><F103/><W128/><G128/><T107/><D133/><U44/><E44/><V10/><F10/><W96/><G122/><T125/><D107/><U95/><E95/><V48/><F48/><W119/><G105/><T79/><D33/><AGARI ba="0,0" hai="20,26,27,29,31,32,33,34,113,114,115" m="3447" machi="33" ten="30,8000,1" yaku="34,2,52,3" doraHai="110" who="1" fromWho="0" sc="141,-80,158,80,333,0,368,0" /><INIT seed="3,0,0,5,5,110" ten="61,238,333,368" oya="3" hai0="32,102,11,96,60,27,64,69,129,84,75,37,44" hai1="57,134,49,20,90,81,121,114,99,80,101,43,12" hai2="79,86,65,100,29,76,88,42,132,47,126,94,77" hai3="14,119,106,85,8,59,56,97,19,24,46,112,53"/><W34/><G119/><T7/><D129/><U124/><E121/><V116/><F116/><W123/><G123/><T10/><D10/><U18/><E124/><V22/><F126/><W66/><G112/><T16/><D75/><U38/><E38/><V3/><F3/><W82/><G106/><T0/><D32/><U63/><E134/><V58/><F132/><W25/><G97/><T109/><D109/><U111/><E111/><V130/><F100/><W21/><G34/><T62/><D62/><U108/><E108/><V105/><F105/><W15/><G66/><T73/><D73/><U48/><E114/><V45/><F130/><W4/><G46/><T128/><D84/><U54/><E90/><V113/><F113/><W133/><G133/><T87/><D87/><U31/><E31/><V2/><F2/><W72/><G72/><T52/><D128/><U104/><E43/><V40/><F40/><W41/><G41/><T70/><D70/><U35/><E35/><V68/><F68/><W92/><G92/><T95/><D37/><U117/><E117/><V5/><F5/><W33/><G59/><T30/><D30/><U74/><E74/><V51/><F45/><W122/><G33/><T71/><D71/><U107/><E104/><V36/><F36/><W89/><REACH who="3" step="1"/><G122/><REACH who="3" ten="61,238,333,358" step="2"/><T93/><D93/><U120/><E120/><V26/><F58/><W127/><G127/><T103/><D103/><U1/><E107/><V9/><F65/><W135/><G135/><T39/><D44/><U67/><E101/><V55/><F42/><W118/><G118/><T125/><D125/><RYUUKYOKU ba="0,1" sc="61,-15,238,-15,333,15,358,15" hai2="9,22,26,29,47,51,55,76,77,79,86,88,94" hai3="4,8,14,15,19,21,24,25,53,56,82,85,89" /><INIT seed="3,1,1,1,1,92" ten="46,223,348,373" oya="3" hai0="109,5,3,99,52,12,37,102,94,29,84,83,28" hai1="78,126,40,124,38,77,107,34,119,56,26,54,132" hai2="87,86,57,55,97,45,67,127,120,96,121,88,113" hai3="76,89,44,116,105,71,90,19,33,36,53,100,104"/><W82/><G116/><T47/><D109/><U79/><E119/><V13/><F113/><W17/><G71/><T48/><D3/><U11/><E132/><V42/><F127/><N who="1" m="48681" /><E38/><V4/><F67/><W46/><G33/><T98/><D37/><U0/><E40/><V111/><F86/><W66/><G66/><T35/><D35/><U43/><E43/><V64/><F64/><W81/><G36/><T128/><D128/><U134/><E134/><V110/><F4/><W39/><G39/><T63/><D63/><U106/><E11/><V129/><F13/><W9/><G100/><T101/><D5/><U20/><E0/><V135/><F45/><W1/><G1/><T25/><D12/><U14/><E14/><V2/><F42/><W59/><G53/><T60/><D60/><N who="1" m="35863" /><E34/><V50/><F129/><W18/><G18/><AGARI ba="1,1" hai="18,20,26,77,78,79,106,107" m="35863,48681" machi="18" ten="30,1000,0" yaku="18,1" doraHai="92" who="1" fromWho="3" sc="46,0,223,23,348,0,373,-13" /><INIT seed="4,0,0,5,4,133" ten="46,246,348,360" oya="0" hai0="70,86,34,102,92,51,129,119,122,105,55,47,10" hai1="73,125,4,5,16,130,22,91,72,126,121,118,48" hai2="83,6,116,28,120,131,32,106,109,135,39,30,104" hai3="87,56,63,110,66,23,17,26,81,52,108,41,3"/><T36/><D122/><U57/><E118/><V79/><F39/><W1/><G41/><T123/><D123/><U75/><E121/><V111/><F120/><W101/><G101/><T25/><D119/><U14/><E130/><V58/><F116/><W95/><G95/><T38/><D129/><U98/><E98/><V7/><F131/><W9/><G66/><T117/><D117/><U113/><E91/><V76/><F58/><W115/><G115/><T24/><D70/><U8/><E113/><V61/><F61/><W74/><G74/><T53/><D105/><U29/><E29/><V65/><F65/><W43/><G43/><T84/><D10/><U69/><E69/><V20/><F20/><W42/><G42/><T89/><D102/><U27/><REACH who="1" step="1"/><E4/><REACH who="1" ten="46,236,348,360" step="2"/><V11/><F30/><W93/><G110/><T18/><D34/><U37/><E37/><V62/><F28/><W96/><G108/><T35/><D35/><U85/><E85/><V21/><F7/><W64/><G96/><T45/><D86/><U127/><E127/><V134/><F32/><W78/><G93/><T71/><D71/><U46/><E46/><V103/><F111/><W44/><G44/><T31/><D31/><U132/><E132/><V107/><F109/><W128/><G128/><T13/><D38/><U12/><E12/><V19/><F135/><W49/><G87/><T114/><D114/><U97/><E97/><V15/><F134/><W88/><G88/><T80/><D36/><U54/><AGARI ba="0,1" hai="5,8,14,16,22,27,48,54,57,72,73,75,125,126" machi="54" ten="40,8000,1" yaku="1,1,0,1,52,2,54,1,53,0" doraHai="133" doraHaiUra="112" who="1" fromWho="1" sc="46,-40,236,90,348,-20,360,-20" /><INIT seed="5,0,0,0,5,78" ten="6,326,328,340" oya="1" hai0="74,46,66,100,95,132,27,45,52,40,7,31,55" hai1="65,130,39,111,121,43,76,112,125,70,18,131,57" hai2="89,5,54,59,6,41,28,129,64,24,33,37,108" hai3="84,50,15,38,133,79,96,30,90,106,36,109,19"/><U58/><E121/><V80/><F108/><W134/><G109/><T85/><D74/><U13/><E111/><V44/><F129/><N who="1" m="49161" /><E112/><V4/><F64/><W119/><G30/><T71/><D132/><N who="3" m="50793" /><G119/><T63/><D7/><U9/><E125/><V69/><F69/><W135/><N who="3" m="50801" /><W17/><DORA hai="114" /><G79/><T48/><D46/><N who="1" m="23935" /><E76/><V14/><F14/><W126/><G126/><T3/><D3/><U67/><E67/><V128/><F128/><W102/><G50/><T68/><D68/><U117/><E117/><V73/><F73/><W105/><G106/><T87/><D87/><U0/><E0/><V61/><REACH who="2" step="1"/><F5/><REACH who="2" ten="6,326,318,340" step="2"/><W62/><G15/><T107/><D107/><U92/><E92/><V123/><F123/><W94/><G105/><T32/><D85/><AGARI ba="0,1" hai="4,6,24,28,33,37,41,44,54,59,61,80,85,89" machi="85" ten="40,8000,1" yaku="1,1,52,1,53,2" doraHai="78,114" doraHaiUra="29,22" who="2" fromWho="0" sc="6,-80,326,0,318,90,340,0" owari="-74,-57.4,326,-7.4,408,50.8,340,14.0" /></mjloggm>