<mjloggm ver="2.3"><GO type="169" lobby="0"/><UN n0="%E8%B5%A4%E6%AF%9B%E3%81%AE%E3%82%AD%E3%83%A7%E3%83%B3" n1="%E9%9B%AA%E3%81%AE%E8%8F%AF" n2="%70%6F%6E%2D%65%6E" n3="%73%69%65%72%61%34%30%31" dan="18,16,16,17" rate="2337.42,2126.91,2114.10,2232.63" sx="M,F,F,F"/><TAIKYOKU oya="0"/><INIT seed="0,0,0,2,5,74" ten="250,250,250,250" oya="0" hai0="54,110,107,16,133,33,112,134,27,2,67,20,111" hai1="19,109,25,86,47,113,50,76,117,51,69,70,0" hai2="41,58,66,116,9,121,131,30,15,22,7,21,40" hai3="37,32,119,10,34,3,130,96,73,83,55,48,127"/><T103/><D112/><U23/><E0/><V82/><F121/><W94/><G119/><T100/><D2/><U42/><E117/><V92/><F116/><W80/><G37/><T43/><D43/><N who="2" m="16458" /><F131/><W114/><G114/><T61/><D33/><U75/><E75/><V123/><F123/><W102/><G127/><T71/><D54/><U14/><E113/><V5/><F5/><W126/><G130/><T91/><D91/><U59/><E109/><N who="0" m="41481" /><D107/><U89/><E25/><V129/><F129/><W98/><G126/><T84/><D84/><U38/><E38/><V88/><F82/><W60/><G60/><T62/><D62/><U31/><E31/><V104/><F30/><W95/><G32/><T97/><D97/><U105/><E105/><V132/><F132/><AGARI ba="0,0" hai="16,20,27,61,67,71,100,103,132,133,134" m="41481" machi="132" ten="30,11600,0" yaku="20,1,14,1,10,1,54,1" doraHai="74" who="0" fromWho="2" sc="250,116,250,0,250,-116,250,0" /><INIT seed="0,1,0,3,4,32" ten="366,250,134,250" oya="0" hai0="73,28,126,36,97,68,99,9,115,78,11,38,100" hai1="51,30,89,119,13,79,39,65,16,49,114,109,82" hai2="106,60,66,83,24,1,52,25,123,69,57,111,129" hai3="95,12,62,105,91,47,54,128,31,14,81,27,94"/><T90/><D115/><U42/><E114/><V117/><F123/><W48/><G105/><T35/><D68/><U5/><E119/><V108/><F129/><W61/><G128/><T67/><D67/><U93/><E109/><N who="2" m="42059" /><F106/><W44/><G81/><T8/><D126/><U17/><E39/><V116/><F83/><W74/><G74/><T22/><D35/><U64/><E30/><V76/><F76/><W77/><G77/><T110/><D110/><U53/><E42/><V134/><F134/><W131/><G131/><T26/><D78/><U85/><E5/><V41/><F41/><W98/><G44/><T59/><D73/><U21/><E17/><V18/><F18/><W124/><G124/><T104/><REACH who="0" step="1"/><D59/><REACH who="0" ten="356,250,134,250" step="2"/><U101/><E101/><V40/><F117/><W33/><G95/><AGARI ba="1,1" hai="8,9,11,22,26,28,36,38,90,95,97,99,100,104" machi="95" ten="40,12000,1" yaku="1,1,2,1,53,3" doraHai="32" doraHaiUra="4" who="0" fromWho="3" sc="356,133,250,0,134,0,250,-123" /><INIT seed="0,2,0,4,1,117" ten="489,250,134,127" oya="0" hai0="120,71,8,49,51,99,42,12,114,38,103,37,58" hai1="48,126,31,43,95,40,50,55,6,64,72,109,52" hai2="107,82,111,119,78,16,23,81,60,123,101,21,77" hai3="66,17,105,110,0,83,100,90,129,73,44,1,125"/><T39/><D114/><U94/><E72/><V26/><F119/><W46/><G110/><T96/><D71/><U69/><E109/><V87/><F111/><W20/><G125/><T47/><D120/><U33/><E126/><V19/><F123/><W91/><G129/><T128/><D128/><U116/><E116/><V25/><F60/><W88/><G66/><T98/><D51/><U45/><E6/><V7/><F7/><W22/><G105/><T80/><D80/><U115/><E115/><V2/><F2/><W84/><G100/><T62/><D12/><U9/><E9/><V104/><REACH who="2" step="1"/><F101/><REACH who="2" ten="489,250,124,127" step="2"/><W65/><G0/><T34/><D34/><U27/><E69/><V10/><F10/><W67/><G1/><T86/><D8/><U36/><E64/><N who="3" m="24650" /><G73/><AGARI ba="2,1" hai="16,19,21,23,25,26,73,77,78,81,82,87,104,107" machi="73" ten="30,7700,0" yaku="1,1,7,1,9,1,54,1,53,0" doraHai="117" doraHaiUra="130" who="2" fromWho="3" sc="489,0,250,0,124,93,127,-83" /><INIT seed="1,0,0,5,2,27" ten="489,250,217,44" oya="1" hai0="111,73,48,109,103,134,11,118,104,51,47,79,19" hai1="98,21,38,121,9,14,88,1,59,77,114,12,56" hai2="61,58,8,55,90,33,53,123,127,119,92,96,42" hai3="125,20,95,13,23,89,49,37,97,76,50,34,78"/><U74/><E38/><V65/><F119/><W30/><G37/><T63/><D118/><U99/><E121/><V66/><F123/><W67/><G125/><T80/><D134/><U102/><E114/><V22/><BYE who="3" /><F33/><W107/><G107/><T86/><D63/><U87/><E1/><V94/><F127/><UN n3="%73%69%65%72%61%34%30%31" /><W71/><G71/><T7/><D19/><N who="1" m="10471" /><E74/><V6/><F22/><W101/><G67/><T28/><D73/><U32/><E32/><V113/><F42/><W44/><G34/><T112/><D112/><U106/><E106/><V135/><F135/><W24/><G50/><T4/><D51/><U29/><E77/><V64/><F55/><W70/><G70/><T133/><D133/><U120/><E120/><V115/><REACH who="2" step="1"/><F94/><REACH who="2" ten="489,250,207,44" step="2"/><W82/><G23/><T17/><D104/><U131/><E131/><V126/><F126/><W26/><G26/><T43/><D43/><U41/><E41/><V122/><F122/><W31/><G20/><T52/><D52/><U35/><E56/><V129/><F129/><W91/><G24/><T105/><D105/><U45/><E59/><V68/><F68/><W124/><G124/><T16/><D47/><U108/><E35/><V83/><F83/><W110/><G82/><T15/><D80/><N who="1" m="49255" /><E45/><V10/><F10/><W0/><G44/><T40/><D11/><U36/><E36/><V72/><F72/><W60/><G95/><T130/><D40/><U46/><E46/><V117/><F117/><W69/><G69/><T5/><D130/><U84/><E9/><V116/><F116/><W93/><G93/><T128/><D128/><RYUUKYOKU ba="0,1" sc="489,-10,250,-10,207,30,44,-10" hai2="6,8,53,58,61,64,65,66,90,92,96,113,115" /><INIT seed="2,1,1,3,1,1" ten="479,240,237,34" oya="2" hai0="31,82,99,94,0,113,110,27,25,60,26,88,28" hai1="68,14,23,125,83,118,57,15,43,84,6,29,112" hai2="89,56,2,37,107,126,9,49,12,105,8,96,108" hai3="67,90,117,42,65,74,54,53,59,66,32,76,16"/><V135/><F37/><W87/><G117/><T52/><D113/><U22/><E118/><V55/><F135/><W116/><G116/><T102/><D0/><U58/><E68/><V33/><F33/><W95/><G32/><T35/><D110/><U79/><E112/><V24/><F24/><W77/><G42/><T41/><D41/><U109/><E109/><V69/><F69/><W78/><G74/><T93/><D82/><U62/><E125/><V103/><F126/><W134/><G134/><T106/><D106/><U122/><E122/><V129/><F129/><W21/><REACH who="3" step="1"/><G59/><REACH who="3" ten="479,240,237,24" step="2"/><N who="0" m="34919" /><D35/><U7/><E43/><V11/><F108/><W47/><G47/><T124/><D124/><U64/><E58/><V70/><F70/><W128/><G128/><T86/><AGARI ba="1,2" hai="25,26,27,28,31,86,88,93,94,99,102" m="34919" machi="86" ten="30,4000,0" yaku="8,1,54,2" doraHai="1" who="0" fromWho="0" sc="479,63,240,-11,237,-21,24,-11" /><INIT seed="3,0,0,1,4,101" ten="542,229,216,13" oya="3" hai0="96,80,82,94,129,70,135,107,4,81,122,86,93" hai1="71,133,64,14,67,52,92,89,119,117,11,134,44" hai2="88,12,77,31,99,63,30,132,102,7,47,41,118" hai3="2,106,34,3,74,113,35,79,20,66,28,50,76"/><W16/><G113/><T130/><D70/><U23/><E71/><V110/><F118/><N who="1" m="45065" /><E23/><V10/><F110/><W43/><G66/><N who="1" m="25130" /><E44/><V26/><F63/><W131/><G131/><N who="0" m="50187" /><D4/><N who="1" m="3431" /><E52/><V27/><F47/><W69/><G69/><T73/><D122/><U111/><E111/><V53/><F53/><W62/><G62/><T125/><D125/><U33/><E33/><V98/><F41/><W1/><G28/><T126/><D126/><U6/><E6/><V0/><F0/><W128/><G128/><T60/><D60/><U127/><E127/><V17/><F7/><W83/><G76/><N who="0" m="44047" /><D135/><U18/><E18/><V29/><F132/><W123/><G123/><T91/><D107/><U15/><E15/><V38/><F77/><W37/><G106/><T97/><D86/><AGARI ba="0,0" hai="86,89,92,133,134" m="3431,25130,45065" machi="86" ten="30,1000,0" yaku="12,1" doraHai="101" who="1" fromWho="0" sc="542,-10,229,10,216,0,13,0" /><INIT seed="4,0,0,5,3,9" ten="532,239,216,13" oya="0" hai0="16,94,35,20,91,70,113,55,8,93,124,78,18" hai1="57,24,121,88,126,74,87,131,117,2,22,54,104" hai2="76,107,63,120,14,81,86,45,130,135,77,32,23" hai3="38,110,30,11,27,125,89,79,84,75,90,29,132"/><T36/><D35/><U46/><E117/><V71/><F32/><W103/><G110/><T40/><D70/><U100/><E121/><V17/><F120/><W82/><G125/><T64/><D124/><U92/><E126/><V28/><F130/><W95/><G132/><T73/><D64/><U116/><E116/><V122/><F135/><W6/><G38/><T0/><D113/><U1/><E131/><V33/><F122/><W58/><G58/><T31/><D31/><U111/><E111/><V85/><F107/><W4/><G4/><T19/><D55/><U44/><E74/><V10/><F33/><W15/><G27/><T50/><D50/><U65/><E65/><V61/><F71/><W118/><G118/><T106/><D106/><U5/><E5/><V99/><F99/><W37/><G37/><T80/><D20/><U53/><E1/><V56/><F45/><N who="1" m="17513" /><E2/><V134/><F134/><W60/><G60/><T21/><D21/><U3/><E3/><V114/><F114/><W68/><G68/><T123/><D123/><U127/><E104/><V128/><F128/><W72/><G72/><T101/><D101/><U41/><E100/><V26/><F56/><W108/><G108/><T129/><D129/><U66/><E41/><V133/><F133/><W39/><G39/><T52/><D40/><U48/><E127/><V115/><F115/><W7/><G103/><T12/><D0/><U67/><E54/><V96/><F96/><N who="3" m="57455" /><G6/><N who="0" m="3095" /><D36/><U83/><E92/><N who="0" m="35433" /><D91/><U51/><E51/><V98/><F98/><W97/><G97/><T109/><D109/><U34/><E34/><RYUUKYOKU ba="0,0" sc="532,0,239,0,216,0,13,0" hai0="16,18,19,52,73,78,80" hai1="22,24,48,53,57,66,67,83,87,88" hai2="10,14,17,23,26,28,61,63,76,77,81,85,86" hai3="7,11,15,29,30,75,79,82,84,90" /><INIT seed="4,1,0,4,3,127" ten="532,239,216,13" oya="0" hai0="69,85,59,98,11,9,33,7,90,67,133,5,103" hai1="21,1,55,75,2,54,4,6,104,106,109,113,63" hai2="16,30,13,93,64,40,112,31,32,37,42,53,111" hai3="71,91,45,28,76,72,17,102,24,120,43,99,36"/><T34/><D69/><U66/><E75/><V80/><F111/><W26/><G71/><T126/><D126/><U57/><E109/><V14/><F112/><W0/><G0/><T23/><D133/><U110/><E110/><V74/><F32/><W97/><G120/><T60/><D23/><U134/><E134/><V87/><F74/><W114/><G114/><T51/><D51/><U131/><E131/><V79/><F37/><W130/><G17/><T96/><D34/><U18/><E113/><V92/><F64/><W3/><G3/><T73/><D33/><U50/><E55/><V47/><F13/><W44/><G91/><T15/><D73/><U8/><E4/><V86/><F53/><W89/><G89/><T95/><REACH who="0" step="1"/><D103/><REACH who="0" ten="522,239,216,13" step="2"/><U100/><E100/><V49/><F42/><W25/><G102/><T94/><D94/><N who="2" m="36458" /><F87/><W27/><G28/><T135/><D135/><U101/><E101/><V115/><F115/><W121/><G121/><T10/><D10/><AGARI ba="1,1" hai="10,14,16,30,31,40,47,49,79,80,86" m="36458" machi="10" ten="30,2000,0" yaku="8,1,54,1" doraHai="127" who="2" fromWho="0" sc="522,-23,239,0,216,33,13,0" /><INIT seed="5,0,0,3,3,96" ten="499,239,249,13" oya="1" hai0="135,52,107,23,62,134,114,124,72,117,39,59,127" hai1="45,86,122,27,109,130,37,76,113,48,50,133,44" hai2="121,91,2,84,10,14,25,77,1,129,4,100,58" hai3="99,55,115,53,94,74,101,40,98,131,116,51,105"/><U80/><E113/><V103/><F121/><W75/><G115/><T41/><D107/><U89/><E122/><V110/><F110/><W104/><G131/><T82/><D114/><U36/><E130/><V15/><F129/><W123/><G123/><T125/><D117/><U126/><E133/><N who="0" m="50697" /><D23/><U66/><E126/><V69/><F69/><W29/><G116/><T118/><D118/><U0/><E0/><V38/><F38/><W93/><G40/><T35/><D35/><U119/><E119/><V111/><F111/><W19/><G19/><T46/><D82/><U6/><E109/><V85/><F2/><W95/><G29/><T20/><D20/><U73/><E66/><V12/><F25/><W67/><G67/><T47/><D47/><U128/><E6/><V31/><F31/><W18/><G18/><T21/><D21/><U17/><E128/><V13/><F1/><W3/><G3/><T43/><D43/><U54/><E17/><V120/><F120/><W71/><G71/><T42/><D42/><U24/><E37/><V83/><F58/><W60/><G60/><N who="0" m="35943" /><D72/><U102/><E36/><V57/><F57/><W22/><G22/><T49/><D39/><U108/><E108/><V87/><F77/><W9/><G9/><T26/><D26/><N who="1" m="9771" /><E73/><N who="3" m="27658" /><G51/><T16/><D16/><U68/><E76/><V97/><F83/><W88/><G105/><T132/><D132/><U34/><E34/><V70/><F70/><W5/><G5/><T28/><D28/><U63/><E68/><V106/><F106/><W90/><G94/><AGARI ba="0,0" hai="4,10,12,13,14,15,84,85,87,91,94,97,100,103" machi="94" ten="40,5200,0" yaku="8,1,52,2" doraHai="96" who="2" fromWho="3" sc="499,0,239,0,249,52,13,-52" owari="499,59.9,239,-16.1,301,10.1,-39,-53.9" /></mjloggm>