<mjloggm ver="2.3"><GO type="169" lobby="0"/><UN n0="%E3%81%84%E3%81%A1%E3%82%8D%E3%83%BC%32%36%32%E6%AD%B3" n1="%E5%B2%A9%E4%B8%8A%E9%80%9A%E3%82%8A" n2="%E3%82%BF%E3%82%A4%E4%BA%BA%EF%BC%A0%E3%83%90%E3%83%B3%E3%82%B3%E3%82%AF" n3="%55%4D%41%E7%A2%BA%E8%AA%8D%E6%B8%88" dan="16,16,16,16" rate="2166.78,2113.06,2120.91,2136.15" sx="M,M,M,M"/><TAIKYOKU oya="0"/><INIT seed="0,0,0,1,5,50" ten="250,250,250,250" oya="0" hai0="15,107,119,70,51,60,88,8,94,106,41,59,35" hai1="10,72,36,84,46,112,117,16,17,92,12,126,2" hai2="6,64,100,31,89,87,28,3,82,63,9,130,66" hai3="34,30,38,95,33,7,74,120,118,26,13,111,21"/><T73/><D119/><U65/><E117/><V104/><F130/><W76/><G74/><T68/><D73/><U25/><E126/><V1/><F1/><W77/><G76/><T109/><D35/><N who="3" m="13321" /><G77/><T53/><D109/><U132/><E65/><V79/><F66/><W14/><G95/><T56/><D106/><U37/><E132/><V61/><F61/><W127/><G38/><T133/><D133/><U114/><E2/><V115/><F115/><N who="1" m="44073" /><E72/><V5/><F5/><W124/><G118/><T47/><D107/><U116/><E116/><V55/><F104/><W75/><G75/><T123/><D123/><U121/><E121/><V23/><F100/><W71/><G71/><T24/><D24/><U108/><E108/><V62/><F23/><W54/><G120/><T20/><D20/><N who="1" m="13447" /><E46/><V43/><F43/><W29/><G111/><T83/><D83/><U110/><E110/><V32/><F32/><W27/><G7/><T48/><D59/><U131/><E131/><V45/><F79/><W134/><G134/><T52/><D41/><U105/><E105/><V85/><F85/><W39/><G124/><T69/><D60/><U86/><E86/><V44/><F63/><W22/><G127/><T4/><D69/><U58/><E58/><V122/><F122/><W135/><G135/><T91/><D91/><AGARI ba="0,0" hai="10,12,17,36,37,84,91,92" m="13447,44073" machi="91" ten="30,2000,0" yaku="11,1,54,1" doraHai="50" who="1" fromWho="0" sc="250,-20,250,20,250,0,250,0" /><INIT seed="1,0,0,3,0,119" ten="230,270,250,250" oya="1" hai0="17,134,11,111,15,115,49,23,132,135,113,118,96" hai1="40,70,53,75,103,77,93,22,44,33,3,26,32" hai2="110,71,62,107,90,82,36,52,30,89,66,100,55" hai3="94,78,59,85,79,0,88,39,84,43,80,41,19"/><U73/><E70/><V13/><F36/><W126/><G0/><T16/><D49/><U64/><E64/><V6/><F110/><W86/><G126/><T38/><D38/><U83/><E73/><V21/><F107/><W104/><G104/><T1/><D96/><U74/><E75/><V122/><F100/><W72/><G72/><T34/><D118/><U81/><E83/><V102/><F102/><W87/><G39/><T101/><D101/><U57/><E3/><V106/><F106/><W112/><G112/><N who="0" m="43083" /><D111/><U98/><E44/><V116/><F116/><W50/><G19/><N who="0" m="10751" /><D34/><U129/><E40/><V114/><F114/><W124/><G124/><T42/><D42/><N who="3" m="15881" /><G79/><T125/><D125/><U95/><E93/><V14/><F82/><W123/><G50/><T24/><D24/><U108/><E108/><V37/><F37/><W133/><G59/><T58/><D58/><U10/><E10/><V117/><F117/><W105/><G105/><T29/><D29/><U12/><E12/><V48/><F30/><W91/><G78/><T68/><D68/><U54/><E33/><V47/><F48/><W20/><G20/><T2/><D2/><U121/><E32/><V131/><F21/><W65/><G65/><T46/><D46/><U127/><E127/><V63/><F47/><W45/><G45/><T18/><D1/><U97/><E57/><V61/><F66/><W9/><G80/><T51/><D51/><U5/><E81/><V25/><F71/><W130/><G91/><T60/><D60/><U28/><E74/><V109/><F109/><W31/><G31/><RYUUKYOKU ba="0,0" sc="230,30,270,-10,250,-10,250,-10" hai0="11,16,17,18,132,134,135" /><INIT seed="2,1,0,3,5,121" ten="260,260,240,240" oya="2" hai0="3,16,54,129,48,107,42,18,27,81,131,108,5" hai1="90,12,126,13,109,39,43,111,60,24,1,86,51" hai2="128,62,52,55,84,53,100,58,77,4,63,118,80" hai3="2,35,15,73,134,25,117,17,44,96,57,59,110"/><V94/><F128/><N who="0" m="49226" /><D107/><U19/><E1/><V102/><F118/><W29/><G117/><T40/><D81/><U71/><E39/><V7/><F62/><W66/><G73/><T22/><D18/><U9/><E126/><V89/><F100/><W14/><G2/><T85/><D85/><U37/><E37/><V99/><REACH who="2" step="1"/><F102/><REACH who="2" ten="260,260,230,240" step="2"/><W95/><G134/><T127/><D127/><U106/><E60/><V68/><F68/><W47/><G66/><AGARI ba="1,1" hai="4,7,52,53,55,58,63,66,77,80,84,89,94,99" machi="66" ten="40,12000,1" yaku="1,1,8,1,54,1,53,1" doraHai="121" doraHaiUra="92" who="2" fromWho="3" sc="260,0,260,0,230,133,240,-123" /><INIT seed="2,2,0,3,5,62" ten="260,260,363,117" oya="2" hai0="83,86,97,105,28,122,104,43,11,7,0,120,39" hai1="47,2,91,29,10,44,54,59,134,101,73,96,4" hai2="125,128,61,124,26,15,129,102,92,69,57,109,127" hai3="53,111,116,87,32,94,30,21,78,49,42,64,95"/><V119/><F119/><W74/><G116/><T63/><D28/><U89/><E73/><V123/><F123/><W76/><G74/><T14/><D0/><U103/><E103/><V60/><F15/><W131/><G32/><T121/><D97/><U99/><E29/><V133/><F26/><N who="3" m="16719" /><G111/><T16/><D7/><U126/><E126/><V56/><F109/><W40/><G131/><N who="2" m="50249" /><F102/><W27/><G27/><T98/><D98/><U18/><E18/><V132/><F92/><N who="3" m="35371" /><G64/><T77/><REACH who="0" step="1"/><D63/><REACH who="0" ten="250,260,363,117" step="2"/><N who="2" m="24138" /><F69/><W113/><G113/><T58/><D58/><AGARI ba="2,1" hai="56,57,58,124,125,127,132,133" m="24138,50249" machi="58" ten="40,24000,3" yaku="30,2,28,2,18,1,19,1,34,2" doraHai="62" who="2" fromWho="0" sc="250,-246,260,0,363,256,117,0" /><INIT seed="2,3,0,5,2,106" ten="4,260,619,117" oya="2" hai0="4,46,80,13,48,3,60,129,67,79,22,7,8" hai1="69,78,84,6,40,110,23,55,32,116,76,95,15" hai2="127,104,33,111,68,50,81,30,28,77,64,52,94" hai3="38,126,132,109,100,61,59,73,74,75,128,35,131"/><V45/><F104/><W62/><G109/><T58/><D129/><N who="3" m="49737" /><G132/><T27/><D3/><U102/><E32/><V99/><F127/><W118/><G126/><T88/><D7/><U29/><E69/><V14/><F33/><W89/><G118/><T5/><D5/><U12/><E110/><V83/><F83/><W65/><G35/><T93/><D80/><U113/><E40/><V1/><F1/><W39/><G100/><T54/><D79/><U121/><E113/><V123/><F123/><W124/><G124/><T122/><D122/><U101/><E116/><V86/><F111/><W31/><G31/><T63/><D63/><U97/><E121/><V42/><F42/><W26/><G26/><T19/><D93/><U125/><E125/><V49/><F49/><W17/><G17/><T56/><D88/><U135/><E102/><V120/><F120/><W2/><G2/><T105/><D105/><U117/><E117/><V37/><F37/><W9/><G9/><T114/><D114/><U57/><E135/><V41/><F41/><W25/><G25/><T66/><D66/><U18/><E29/><V70/><F14/><W92/><G62/><T107/><D107/><U72/><E84/><AGARI ba="3,0" hai="38,39,59,61,65,73,74,75,84,89,92" m="49737" machi="84" ten="40,8000,1" yaku="19,1,52,3" doraHai="106" who="3" fromWho="1" sc="4,0,260,-89,619,0,117,89" /><INIT seed="3,0,0,3,2,97" ten="4,171,619,206" oya="3" hai0="51,131,14,68,118,96,34,103,99,21,13,55,72" hai1="106,121,11,81,24,65,52,113,25,112,115,31,38" hai2="62,133,80,49,29,82,15,85,111,19,64,47,135" hai3="116,91,8,130,50,59,46,90,108,42,45,6,39"/><W66/><G116/><T119/><D34/><U86/><E106/><V69/><F29/><W26/><G130/><T54/><D68/><U92/><E38/><V117/><F117/><W48/><G108/><T12/><D72/><U126/><E65/><V7/><F7/><W70/><G70/><T95/><D131/><U40/><E40/><V4/><F4/><W120/><G120/><T83/><D119/><U5/><E121/><V32/><F32/><W124/><G124/><T10/><D118/><U0/><E126/><V61/><F61/><N who="3" m="38207" /><G39/><T100/><D83/><U9/><E92/><V102/><F82/><W110/><G110/><T44/><D21/><U101/><E11/><V93/><F111/><W87/><G26/><T67/><D67/><U16/><E31/><V43/><F64/><W109/><G109/><T41/><D10/><U71/><E71/><V132/><F69/><W77/><G77/><T18/><D18/><U58/><E16/><V33/><F19/><W60/><G60/><T123/><D123/><U122/><E122/><V84/><F62/><W76/><G87/><T105/><AGARI ba="0,0" hai="12,13,14,41,44,51,54,55,95,96,99,100,103,105" machi="105" ten="30,4000,0" yaku="0,1,52,2" doraHai="97" who="0" fromWho="0" sc="4,40,171,-10,619,-10,206,-20" /><INIT seed="4,0,0,2,2,104" ten="44,161,609,186" oya="0" hai0="16,27,126,53,24,84,54,76,0,52,107,120,115" hai1="128,14,113,130,4,57,89,40,105,47,79,121,74" hai2="50,86,51,19,59,131,94,122,117,5,41,116,33" hai3="48,11,97,119,36,26,81,31,75,108,102,118,83"/><T61/><D120/><U3/><E14/><V67/><F122/><W93/><G108/><T30/><D0/><U10/><E57/><V99/><F33/><W114/><G36/><T17/><D107/><U64/><E89/><V123/><F5/><W100/><G114/><T21/><D115/><U38/><E113/><V62/><F86/><W80/><G75/><T132/><D126/><U135/><E121/><V18/><F131/><N who="1" m="50217" /><E64/><V82/><F82/><W43/><G102/><T134/><D61/><U44/><E44/><N who="2" m="25871" /><F51/><W109/><G109/><T129/><D129/><U8/><E8/><V106/><F106/><W20/><G11/><T112/><D112/><U72/><E135/><N who="0" m="51753" /><D27/><U56/><E79/><V39/><F123/><W13/><G13/><T34/><D34/><U88/><E105/><V73/><F62/><W12/><G12/><T68/><D68/><U15/><E56/><V111/><F59/><W29/><G119/><T127/><D127/><U70/><E70/><V35/><F35/><W58/><G118/><T49/><D49/><U65/><E65/><V92/><F67/><W87/><G31/><T46/><D46/><U28/><E28/><V22/><F117/><W60/><G48/><T133/><N who="0" m="51761" /><T71/><DORA hai="103" /><D71/><U25/><E25/><V78/><F116/><W91/><REACH who="3" step="1"/><G43/><REACH who="3" ten="44,161,609,176" step="2"/><T95/><D76/><U110/><E110/><V42/><F78/><W37/><G37/><T101/><D101/><U32/><E15/><V6/><F39/><W2/><G2/><T96/><D96/><U45/><E3/><V98/><F99/><W7/><G7/><RYUUKYOKU ba="0,1" sc="44,15,161,-15,609,-15,176,15" hai0="16,17,21,24,30,52,53,54,84,95" hai3="20,26,29,58,60,80,81,83,87,91,93,97,100" /><INIT seed="4,1,1,3,0,117" ten="59,146,594,191" oya="0" hai0="93,47,51,94,31,128,28,1,134,66,15,44,77" hai1="0,82,110,119,70,50,69,123,58,17,42,6,21" hai2="18,76,102,86,10,115,95,33,135,45,74,27,60" hai3="37,98,24,4,8,114,35,30,87,3,14,99,5"/><T125/><D1/><U108/><E119/><V81/><F115/><W79/><G37/><T11/><D128/><U26/><E70/><V46/><F135/><W52/><G114/><T126/><D66/><U111/><E69/><V101/><F60/><W59/><G3/><T73/><D134/><U36/><E50/><V22/><F33/><W105/><G105/><T34/><D73/><U92/><E58/><V55/><F74/><W130/><G130/><T100/><D77/><U16/><E92/><N who="0" m="35433" /><D100/><U71/><E82/><V9/><F46/><N who="0" m="17450" /><D51/><U19/><E71/><V107/><F107/><W63/><REACH who="3" step="1"/><G5/><REACH who="3" ten="59,146,594,181" step="2"/><N who="0" m="3567" /><D34/><U39/><E36/><V127/><F102/><W48/><G48/><T122/><D122/><U64/><E123/><V91/><F101/><W25/><G25/><T32/><D32/><U97/><E39/><V116/><F27/><W112/><G112/><T23/><D126/><U133/><E133/><V75/><F127/><W113/><G113/><T90/><D125/><U56/><E0/><V43/><F116/><W89/><G89/><T120/><D120/><U38/><E38/><V40/><F91/><W104/><G104/><T78/><D78/><U13/><E111/><V84/><F76/><W88/><G88/><T2/><D2/><U83/><E110/><V124/><F124/><W65/><G65/><T20/><D90/><U12/><E64/><V68/><F95/><W132/><G132/><T80/><D80/><AGARI ba="1,2" hai="4,8,14,24,30,35,52,59,63,79,80,87,98,99" machi="80" ten="40,2600,0" yaku="1,1,54,1,53,0" doraHai="117" doraHaiUra="62" who="3" fromWho="0" sc="59,-29,146,0,594,0,181,49" /><INIT seed="5,0,0,4,0,8" ten="30,146,594,230" oya="1" hai0="88,29,65,103,89,131,116,6,50,42,17,15,96" hai1="58,111,114,129,118,69,115,113,127,53,25,78,7" hai2="14,3,66,134,51,30,40,105,101,19,52,97,75" hai3="104,18,16,123,82,4,37,28,71,95,91,35,32"/><U94/><E69/><V67/><F3/><W61/><G37/><T54/><D116/><U98/><E118/><V108/><F75/><W73/><G104/><T26/><D131/><U120/><E120/><V41/><F30/><W12/><G123/><T45/><D6/><U110/><E78/><V62/><F108/><N who="1" m="41513" /><E7/><V76/><F76/><W93/><G93/><T23/><D65/><U43/><E43/><V74/><F74/><W85/><G4/><T72/><D42/><U38/><E38/><V80/><F80/><W79/><G28/><T132/><D72/><U112/><E127/><V22/><F67/><W130/><G130/><T49/><D49/><N who="1" m="31023" /><E129/><V84/><F41/><W57/><G71/><T31/><D132/><U122/><E122/><V13/><F134/><W34/><REACH who="3" step="1"/><G12/><REACH who="3" ten="30,146,594,220" step="2"/><T20/><D31/><U64/><E115/><V81/><F13/><W119/><G119/><T83/><REACH who="0" step="1"/><D83/><REACH who="0" ten="20,146,594,220" step="2"/><U0/><E114/><V9/><F81/><W126/><G126/><T24/><D24/><U125/><E25/><V5/><F5/><W87/><G87/><T107/><AGARI ba="0,2" hai="15,17,20,23,26,29,45,50,54,88,89,96,103,107" machi="107" ten="20,8000,1" yaku="1,1,0,1,7,1,52,1,54,1,53,0" doraHai="8" doraHaiUra="68" who="0" fromWho="0" sc="20,100,146,-40,594,-20,220,-20" /><INIT seed="6,0,0,4,1,71" ten="120,106,574,200" oya="2" hai0="61,106,131,33,135,17,50,134,111,27,124,59,6" hai1="44,19,15,110,109,112,107,104,70,108,2,54,62" hai2="69,40,47,31,68,60,96,77,86,48,51,102,76" hai3="38,116,128,89,25,67,42,94,115,29,37,21,57"/><V58/><F48/><W9/><G116/><T63/><D106/><U1/><E112/><V7/><F7/><W11/><G128/><T8/><D111/><U101/><E101/><V113/><F113/><W133/><G133/><N who="0" m="50699" /><D124/><U26/><E26/><V18/><F31/><W52/><G115/><T14/><D131/><U32/><E32/><V49/><F49/><W97/><G67/><T36/><D36/><U16/><E54/><V23/><F69/><W39/><REACH who="3" step="1"/><G42/><REACH who="3" ten="120,106,574,190" step="2"/><T120/><D120/><U99/><E110/><V73/><F40/><W13/><G13/><T20/><D33/><U30/><E15/><V28/><F68/><W65/><G65/><T46/><D59/><U3/><E70/><V34/><F58/><W80/><G80/><T81/><D81/><U100/><E2/><V121/><F34/><W5/><G5/><T123/><D123/><U90/><E3/><V126/><F121/><W119/><G119/><T55/><AGARI ba="0,1" hai="6,8,14,17,20,27,46,50,55,61,63" m="50699" machi="55" ten="30,1100,0" yaku="20,1" doraHai="71" who="0" fromWho="0" sc="120,21,106,-3,574,-5,190,-3" /><INIT seed="7,0,0,0,0,103" ten="141,103,569,187" oya="3" hai0="80,1,48,50,44,92,38,43,74,131,83,98,32" hai1="104,134,79,55,57,78,111,106,70,102,132,53,2" hai2="9,107,16,88,87,15,26,67,5,54,75,35,96" hai3="46,72,8,124,119,93,69,127,112,110,114,86,29"/><W65/><G119/><T17/><D32/><U62/><E111/><V73/><F67/><W12/><G72/><T39/><D131/><U21/><E2/><V128/><F128/><W37/><G110/><T14/><D1/><U0/><E102/><V76/><F76/><N who="1" m="29225" /><E0/><V36/><F36/><W41/><G29/><T101/><D39/><U27/><E70/><V97/><F54/><W23/><G23/><T64/><D64/><U18/><E55/><V120/><F120/><W7/><G65/><T51/><REACH who="0" step="1"/><D74/><REACH who="0" ten="131,103,569,187" step="2"/><U33/><E33/><V125/><F87/><W82/><G69/><T129/><D129/><U126/><E126/><N who="3" m="48170" /><G93/><T84/><D84/><U116/><E116/><V56/><F9/><AGARI ba="0,1" hai="9,14,17,38,43,44,48,50,51,80,83,92,98,101" machi="9" ten="40,1300,0" yaku="1,1,53,0" doraHai="103" doraHaiUra="66" who="0" fromWho="2" sc="131,23,103,0,569,-13,187,0" owari="154,-24.6,103,-39.7,556,65.6,187,-1.3" /></mjloggm>