<mjloggm ver="2.3"><GO type="169" lobby="0"/><UN n0="%E3%83%AB%E3%82%AB%E3%83%AB%E3%83%88" n1="%E8%80%81%E6%A5%BD" n2="%E3%81%A5%E3%81%8B%E5%AD%90" n3="%E3%81%82%E3%81%95%E3%81%B4%E3%82%93%EF%BC%A0%EF%BD%8D%EF%BD%8A" dan="16,17,16,18" rate="2185.04,2171.94,2151.00,2286.58" sx="M,M,M,M"/><TAIKYOKU oya="0"/><INIT seed="0,0,0,3,0,125" ten="250,250,250,250" oya="0" hai0="93,8,80,105,6,79,53,47,72,34,49,97,1" hai1="124,119,70,109,51,20,26,67,133,85,56,3,94" hai2="65,82,27,123,134,16,95,38,17,5,129,83,18" hai3="102,24,66,60,114,54,103,7,135,35,9,59,64"/><T29/><D105/><U87/><E3/><V104/><F104/><W48/><G114/><T108/><D108/><U113/><E70/><V89/><F123/><W75/><G75/><T22/><D34/><U121/><E119/><V39/><F134/><W30/><G135/><T107/><D107/><U73/><E51/><V12/><F129/><W58/><REACH who="3" step="1"/><G64/><REACH who="3" ten="250,250,250,240" step="2"/><T112/><D112/><U2/><E73/><V116/><F116/><W110/><G110/><T78/><D78/><U128/><E67/><V100/><F65/><W63/><G63/><T91/><D29/><U36/><E133/><V25/><F100/><W52/><G52/><T69/><D69/><U40/><E113/><V84/><F38/><W44/><G44/><T68/><D68/><U31/><E31/><V33/><F39/><W111/><G111/><T90/><REACH who="0" step="1"/><D22/><REACH who="0" ten="240,250,250,240" step="2"/><U42/><E20/><V86/><F33/><W55/><G55/><T77/><D77/><U106/><E109/><V101/><F27/><W98/><G98/><T131/><D131/><U28/><E128/><V13/><F25/><W62/><G62/><T81/><D81/><U122/><E26/><V57/><F82/><W46/><G46/><T96/><D96/><U118/><E121/><V10/><F57/><W88/><G88/><AGARI ba="0,2" hai="1,6,8,47,49,53,72,79,80,88,90,91,93,97" machi="88" ten="30,5800,0" yaku="1,1,7,1,54,1,53,0" doraHai="125" doraHaiUra="21" who="0" fromWho="3" sc="240,78,250,0,250,0,240,-58" /><INIT seed="0,1,0,2,0,77" ten="318,250,250,182" oya="0" hai0="126,83,65,4,121,101,115,22,25,74,103,30,43" hai1="88,98,80,24,119,40,99,109,67,13,108,110,129" hai2="68,134,44,63,78,48,82,127,57,37,71,36,102" hai3="107,111,6,11,47,118,12,39,23,66,131,49,16"/><T124/><D115/><U33/><E119/><V91/><F127/><N who="0" m="48682" /><D121/><U54/><E40/><V55/><F102/><W45/><G118/><T5/><D65/><U112/><E67/><V19/><F134/><W84/><G107/><T85/><D43/><U125/><E125/><V130/><F130/><W53/><G131/><T93/><D74/><U94/><E129/><V89/><F36/><W64/><G111/><T106/><D106/><U120/><E120/><V18/><F37/><W105/><G105/><T133/><D133/><U0/><E0/><V3/><F3/><W100/><G100/><N who="0" m="38475" /><D93/><U61/><E13/><V9/><F71/><W123/><G123/><T86/><D86/><N who="1" m="50247" /><E112/><V35/><F68/><W17/><G39/><T56/><D56/><N who="1" m="34967" /><E94/><V75/><F35/><W29/><G47/><T58/><D58/><U69/><E69/><V41/><F75/><W132/><G132/><T73/><D73/><U122/><E122/><V128/><F128/><W87/><G64/><T81/><D81/><U14/><E14/><N who="2" m="7503" /><F82/><W46/><G66/><T116/><D116/><U51/><E51/><V31/><F48/><W104/><G104/><T26/><D26/><U52/><E52/><V38/><F38/><W96/><G46/><T76/><AGARI ba="1,0" hai="4,5,22,25,30,76,83,85" m="38475,48682" machi="76" ten="30,3000,0" yaku="18,1,52,1" doraHai="77" who="0" fromWho="0" sc="318,33,250,-11,250,-11,182,-11" /><INIT seed="0,2,0,0,1,52" ten="351,239,239,171" oya="0" hai0="109,62,70,37,75,108,113,76,26,40,14,118,22" hai1="64,79,116,125,97,56,9,10,38,2,121,115,58" hai2="57,46,132,41,122,69,44,68,47,93,102,99,111" hai3="61,43,124,3,36,5,129,117,101,13,96,30,80"/><T63/><D113/><U18/><E38/><V135/><F122/><W106/><G13/><T94/><D118/><U19/><E116/><V126/><F111/><N who="0" m="42570" /><D70/><U15/><E121/><V50/><F126/><W105/><G117/><T83/><D14/><N who="1" m="7503" /><E2/><V127/><F127/><W65/><G124/><T55/><D94/><U7/><E125/><V85/><F85/><W67/><G67/><T20/><D20/><U54/><E115/><V71/><REACH who="2" step="1"/><F57/><REACH who="2" ten="351,239,229,171" step="2"/><W4/><G129/><T21/><D75/><U42/><E97/><V86/><F86/><W92/><G96/><T130/><D130/><U6/><E79/><V31/><F31/><W128/><G30/><T134/><D76/><U123/><E123/><V66/><F66/><W100/><G65/><T24/><D134/><AGARI ba="2,1" hai="41,44,46,47,50,68,69,71,93,99,102,132,134,135" machi="134" ten="50,3200,0" yaku="1,1,20,1,53,0" doraHai="52" doraHaiUra="35" who="2" fromWho="0" sc="351,-38,239,0,229,48,171,0" /><INIT seed="1,0,0,5,2,131" ten="313,239,277,171" oya="1" hai0="39,51,105,86,2,133,106,57,85,6,121,111,37" hai1="15,68,135,65,50,48,49,117,4,69,120,28,36" hai2="88,84,31,40,32,122,8,63,9,60,95,97,109" hai3="125,34,56,107,33,128,116,5,1,96,17,73,44"/><U54/><E28/><V0/><F122/><W114/><G56/><T18/><D121/><U89/><E15/><V61/><F109/><W25/><G44/><T71/><D71/><N who="1" m="27211" /><E89/><V123/><F123/><W14/><G73/><T38/><D111/><U127/><E4/><V47/><F0/><W19/><G96/><T45/><D6/><U115/><E120/><V104/><F31/><W93/><G93/><T12/><D2/><U64/><E115/><V112/><F32/><W13/><G107/><T3/><D3/><U76/><E76/><V7/><F112/><W55/><G55/><T70/><D106/><U87/><E87/><V30/><F30/><W118/><G114/><T20/><D86/><U113/><E113/><V74/><F74/><W59/><G59/><T26/><D85/><U58/><E117/><V124/><F124/><W79/><G79/><T92/><D92/><U102/><E102/><V94/><F104/><W99/><G99/><T129/><D12/><N who="3" m="4713" /><G125/><T132/><D105/><U82/><E82/><V11/><F7/><W91/><G91/><T81/><D81/><U80/><E80/><N who="2" m="49159" /><F97/><W46/><G5/><T62/><D70/><U21/><E127/><V24/><F24/><W126/><G126/><T103/><D103/><U53/><E36/><V66/><F66/><N who="1" m="25705" /><E58/><V22/><F22/><W108/><G1/><T101/><D101/><U90/><E21/><V52/><F52/><N who="1" m="20073" /><E90/><V77/><F77/><W41/><G116/><T16/><D39/><U67/><N who="1" m="25713" /><U110/><DORA hai="130" /><E110/><V27/><F27/><W75/><G118/><T78/><D78/><RYUUKYOKU ba="0,0" sc="313,-15,239,15,277,15,171,-15" hai1="48,49,50,135" hai2="8,9,11,40,47,60,61,63,94,95" /><INIT seed="1,1,0,1,5,131" ten="298,254,292,156" oya="1" hai0="129,28,41,49,4,66,29,101,83,115,1,133,67" hai1="91,26,0,65,119,74,24,78,71,79,130,76,46" hai2="97,18,57,72,110,40,27,48,114,125,31,93,124" hai3="60,34,8,104,61,128,50,37,112,82,120,89,11"/><U81/><E119/><V88/><F72/><W102/><G37/><T59/><D115/><U54/><E0/><V98/><F110/><W58/><G112/><T3/><D129/><U39/><E130/><V64/><F114/><W105/><G128/><T10/><D1/><U13/><E74/><V7/><F7/><W5/><G34/><T2/><D2/><U85/><E71/><V107/><F18/><W16/><G120/><T23/><D101/><U6/><E65/><V87/><F40/><W77/><G89/><T43/><D43/><U25/><E39/><V15/><F15/><W47/><G5/><T100/><D100/><U38/><E38/><V94/><F107/><W103/><G103/><T109/><D109/><U30/><E46/><V84/><F87/><W135/><G61/><T117/><D117/><U80/><E54/><V32/><F48/><W121/><G121/><T9/><D9/><U75/><REACH who="1" step="1"/><E30/><REACH who="1" ten="298,244,292,156" step="2"/><V70/><F70/><W45/><G45/><N who="0" m="25775" /><D29/><U20/><E20/><V96/><F64/><W86/><G104/><T44/><D44/><U42/><E42/><V14/><F57/><W118/><G118/><T106/><D106/><U51/><E51/><V73/><F73/><W68/><G68/><T56/><D59/><U12/><E12/><V111/><F14/><W69/><G69/><T132/><D56/><U19/><E19/><V55/><F55/><W22/><G58/><T134/><D23/><U116/><E116/><V126/><REACH who="2" step="1"/><F111/><REACH who="2" ten="298,244,282,156" step="2"/><W113/><G113/><T95/><D3/><U123/><E123/><V127/><N who="2" m="31744" /><DORA hai="36" /><V21/><F21/><RYUUKYOKU ba="1,2" sc="298,-15,244,15,282,15,156,-15" hai1="6,13,24,25,26,75,76,78,79,80,81,85,91" hai2="27,31,32,84,88,93,94,96,97,98" /><INIT seed="1,2,2,4,1,94" ten="283,259,297,141" oya="1" hai0="80,98,62,42,21,54,122,48,86,125,31,59,115" hai1="55,2,102,25,104,111,45,92,47,51,16,23,71" hai2="82,66,50,7,37,49,65,0,117,134,85,87,6" hai3="4,105,95,100,12,28,40,133,128,67,34,79,20"/><U96/><E71/><V52/><F37/><W74/><G105/><T30/><D115/><U83/><E2/><V15/><F0/><W38/><G34/><T93/><D125/><U99/><E111/><V1/><F1/><W78/><G74/><T109/><D109/><U43/><E83/><V3/><F3/><W97/><G128/><T17/><D122/><U114/><E114/><V101/><F117/><W57/><G133/><T126/><D42/><U91/><E43/><V24/><F134/><W124/><G124/><T84/><D48/><U131/><E131/><V11/><F6/><W63/><G40/><T116/><D116/><U68/><E68/><V127/><F127/><W10/><REACH who="3" step="1"/><G38/><REACH who="3" ten="283,259,297,131" step="2"/><T132/><D132/><U108/><E108/><V107/><F50/><W130/><G130/><T120/><D126/><U32/><E32/><V90/><F24/><AGARI ba="2,3" hai="4,10,12,20,24,28,57,63,67,78,79,95,97,100" machi="24" ten="40,12000,2" yaku="1,1,25,2,8,1,52,1,53,1" doraHai="94" doraHaiUra="27" who="3" fromWho="2" sc="283,0,259,0,297,-126,131,156" /><INIT seed="2,0,0,5,5,130" ten="283,259,171,287" oya="2" hai0="132,127,122,65,47,103,123,2,114,24,51,93,29" hai1="83,8,23,72,120,46,45,134,34,94,30,35,61" hai2="17,43,126,67,21,27,101,97,26,70,41,32,129" hai3="102,36,74,57,6,7,124,56,87,31,113,86,15"/><V128/><F126/><W88/><G74/><T115/><D127/><U91/><E23/><V73/><F73/><W105/><G124/><T37/><D2/><U108/><E108/><V90/><F90/><W52/><G36/><T69/><D37/><U13/><E61/><N who="2" m="40303" /><F26/><W20/><G113/><T64/><D103/><U53/><E30/><N who="2" m="19551" /><F21/><W10/><G105/><T109/><D93/><U14/><E14/><V79/><F79/><W33/><G102/><T25/><D29/><U58/><E35/><V116/><F17/><N who="3" m="8439" /><G33/><T85/><D85/><U112/><E34/><V99/><F99/><W125/><G57/><T12/><D12/><U9/><E112/><V62/><F116/><W11/><G11/><T76/><D76/><U119/><E9/><V22/><F22/><W89/><G125/><T98/><D98/><U77/><E119/><V49/><F62/><N who="3" m="36103" /><G20/><T107/><D69/><U95/><E58/><V121/><F121/><W117/><G117/><T81/><D115/><U3/><E120/><V131/><F49/><W71/><G71/><T48/><D114/><U28/><E8/><V18/><F18/><W19/><G19/><T0/><D122/><U39/><E39/><V63/><F63/><W4/><G31/><T111/><D123/><U55/><E28/><V50/><F50/><W68/><G68/><T16/><D16/><U133/><E13/><V82/><F82/><N who="3" m="49239" /><G4/><T1/><D81/><AGARI ba="0,0" hai="6,7,81,87,89" m="49239,36103,8439" machi="81" ten="30,3900,0" yaku="8,1,54,2" doraHai="130" who="3" fromWho="0" sc="283,-39,259,0,171,0,287,39" /><INIT seed="3,0,0,4,0,12" ten="244,259,171,326" oya="3" hai0="88,67,102,60,37,36,44,114,78,91,92,105,14" hai1="82,77,2,47,17,7,127,68,69,85,113,32,108" hai2="25,103,41,4,8,16,42,1,62,106,54,73,97" hai3="135,35,65,128,56,31,23,76,5,13,43,55,101"/><W24/><G128/><T79/><D114/><U129/><E32/><V3/><F73/><W27/><G135/><T70/><D105/><U30/><E30/><V90/><F1/><W38/><G65/><T115/><D115/><U133/><E7/><V63/><F90/><W50/><G101/><T104/><D91/><U110/><E2/><V18/><F25/><W40/><G38/><T71/><D71/><U49/><E113/><V95/><F106/><W84/><G27/><T53/><D36/><U98/><E127/><V94/><F94/><W6/><G35/><T81/><D81/><U121/><E121/><V89/><F103/><W58/><G58/><T26/><D26/><U66/><E133/><V118/><F118/><W9/><REACH who="3" step="1"/><G5/><REACH who="3" ten="244,259,171,316" step="2"/><T45/><D102/><U11/><E129/><V52/><F4/><W86/><G86/><T20/><D37/><U117/><E66/><V48/><F3/><W75/><G75/><T122/><D104/><U109/><E98/><V125/><F125/><W124/><G124/><T119/><D67/><U112/><E112/><V130/><F130/><W46/><G46/><T22/><D45/><U57/><E57/><N who="2" m="32903" /><F8/><W51/><G51/><T134/><D134/><U15/><REACH who="1" step="1"/><E117/><REACH who="1" ten="244,249,171,316" step="2"/><V96/><F97/><W10/><G10/><T87/><D119/><U39/><E39/><V99/><F96/><W74/><G74/><T34/><D34/><U116/><E116/><V59/><F63/><W21/><G21/><T126/><D22/><U132/><E132/><V33/><F33/><W72/><G72/><T83/><D126/><U93/><E93/><RYUUKYOKU ba="0,2" sc="244,-30,249,10,171,10,316,10" hai1="11,15,17,47,49,68,69,77,82,85,108,109,110" hai2="16,18,41,42,54,59,62,89,95,99" hai3="6,9,13,23,24,31,40,43,50,55,56,76,84" /><INIT seed="3,1,2,4,0,30" ten="214,259,181,326" oya="3" hai0="12,108,71,73,8,91,115,53,82,116,46,19,22" hai1="9,92,96,7,29,106,130,110,50,127,59,11,64" hai2="111,122,26,119,99,25,40,6,132,61,134,45,33" hai3="17,18,31,131,85,43,103,98,89,56,123,107,35"/><W101/><G123/><T117/><D108/><U74/><E106/><V52/><F119/><W48/><G131/><T100/><D71/><U70/><E74/><V10/><F111/><W42/><G101/><T60/><D115/><U129/><E110/><V34/><F122/><W51/><G17/><T83/><D100/><U68/><E29/><V84/><F84/><W76/><G76/><N who="0" m="44303" /><D60/><N who="1" m="37919" /><E50/><V124/><F124/><W126/><G126/><T113/><D22/><U14/><E9/><V88/><F25/><W133/><G133/><N who="2" m="51305" /><F26/><W32/><G31/><T23/><D23/><U118/><E118/><V87/><F99/><W135/><G135/><T36/><D36/><U55/><E55/><V16/><F52/><W79/><G79/><T39/><D39/><U21/><E21/><V86/><F16/><W5/><G18/><T27/><D27/><U4/><E4/><V80/><F86/><W1/><G5/><T54/><D54/><U58/><E127/><V69/><F61/><W3/><G85/><N who="0" m="50623" /><D113/><U13/><E11/><V41/><F69/><W72/><G72/><T66/><D66/><U77/><E68/><V47/><F40/><W49/><G103/><T105/><D105/><U20/><E70/><V62/><F62/><W93/><G107/><T65/><D65/><U38/><E77/><V57/><F57/><W24/><G56/><T112/><D112/><U104/><E58/><V97/><F97/><W81/><G24/><T95/><D95/><U102/><E92/><V128/><F128/><W120/><G120/><T78/><D78/><U44/><E130/><V75/><F75/><RYUUKYOKU ba="1,2" sc="214,30,259,-10,181,-10,326,-10" hai0="8,12,19,46,53,116,117" /><INIT seed="4,2,2,2,3,21" ten="244,249,171,316" oya="0" hai0="90,122,114,59,86,110,108,131,22,17,43,111,132" hai1="92,23,80,55,7,116,69,102,73,18,120,61,65" hai2="11,42,70,129,29,34,112,50,104,68,124,89,72" hai3="51,0,91,88,38,118,94,82,126,19,117,45,47"/><T84/><D122/><U35/><E120/><V33/><F89/><W99/><G0/><T93/><D114/><U40/><E35/><N who="2" m="13323" /><F50/><W9/><G38/><T41/><D131/><U57/><E116/><V2/><F42/><N who="0" m="15882" /><D132/><U12/><E40/><V85/><F85/><N who="3" m="50231" /><G126/><T56/><D86/><U107/><E107/><V103/><F103/><W97/><G118/><T32/><D32/><U10/><E73/><V37/><F29/><W135/><G135/><T53/><D53/><U3/><E80/><V28/><F28/><W4/><G117/><T58/><D58/><U30/><E30/><V16/><F16/><W36/><G36/><T66/><D66/><U79/><E79/><V130/><F37/><W49/><G19/><T14/><AGARI ba="2,2" hai="14,17,22,56,59,84,90,93,108,110,111" m="15882" machi="14" ten="40,2100,0" yaku="10,1" doraHai="21" who="0" fromWho="0" sc="244,47,249,-9,171,-9,316,-9" /><INIT seed="4,3,0,4,3,132" ten="291,240,162,307" oya="0" hai0="101,35,118,122,97,17,50,84,13,40,72,76,6" hai1="43,98,127,61,15,0,116,46,59,124,53,51,9" hai2="68,60,111,90,48,109,2,77,133,25,65,1,74" hai3="73,29,31,106,121,115,89,108,131,32,81,19,37"/><T64/><D118/><U52/><E0/><V86/><F133/><W78/><G108/><T42/><D122/><U71/><E116/><V5/><F77/><W93/><G37/><T12/><D35/><U20/><E71/><V45/><F74/><W39/><G39/><T75/><D64/><U47/><E20/><V24/><F24/><W123/><G106/><T30/><D30/><U70/><E98/><V57/><F25/><W69/><G69/><T112/><D112/><U55/><E70/><V134/><F134/><W80/><G80/><N who="0" m="47111" /><D75/><U107/><E107/><V14/><F14/><W117/><G117/><T120/><D72/><U41/><E15/><V3/><F5/><W11/><G32/><T104/><D120/><U88/><E88/><V102/><F102/><W105/><G105/><T129/><D129/><U103/><E9/><V94/><REACH who="2" step="1"/><F68/><REACH who="2" ten="291,240,152,307" step="2"/><W96/><G123/><T66/><D12/><U49/><E103/><V33/><F33/><W56/><G121/><T114/><D6/><U18/><E18/><V38/><F38/><W16/><G19/><T99/><D101/><U22/><E22/><V135/><F135/><W34/><G16/><T130/><D13/><U7/><E7/><V36/><F36/><W91/><G34/><T58/><D17/><U87/><E87/><V4/><F4/><W119/><G11/><T67/><D99/><U63/><E63/><V100/><F100/><W28/><G119/><T126/><D97/><U83/><E83/><V79/><F79/><N who="3" m="44271" /><G28/><T85/><D104/><U62/><E61/><V92/><F92/><W113/><G93/><RYUUKYOKU ba="3,1" sc="291,-15,240,15,152,15,307,-15" hai1="41,43,46,47,49,51,52,53,55,59,62,124,127" hai2="1,2,3,45,48,57,60,65,86,90,94,109,111" /><INIT seed="5,4,1,2,4,131" ten="276,255,167,292" oya="1" hai0="25,2,77,45,37,11,14,58,80,64,72,109,0" hai1="119,132,74,104,15,125,29,70,26,67,92,106,6" hai2="121,115,113,18,39,129,102,19,133,47,68,81,127" hai3="105,96,44,57,135,21,16,20,124,91,17,87,71"/><U112/><E119/><V9/><F129/><W54/><G71/><T53/><D109/><U82/><E92/><V86/><F121/><W40/><G124/><T38/><D64/><U88/><E112/><N who="2" m="43083" /><F68/><W48/><G135/><T98/><D25/><U90/><E125/><V126/><F102/><W114/><G114/><T46/><D98/><U30/><E132/><V3/><F19/><N who="3" m="7243" /><G96/><T108/><D108/><U22/><E29/><V50/><F39/><W27/><G27/><T100/><D100/><U59/><E70/><V49/><F49/><N who="3" m="26759" /><G105/><T101/><D101/><U118/><E118/><V94/><F133/><W24/><G24/><T8/><D37/><U41/><E41/><N who="2" m="24943" /><F94/><AGARI ba="4,1" hai="20,21,48,54,57,87,91,94" m="26759,7243" machi="94" ten="30,2000,0" yaku="8,1,54,1" doraHai="131" who="3" fromWho="2" sc="276,0,255,0,167,-32,292,42" /><INIT seed="6,0,0,2,0,23" ten="276,255,135,334" oya="2" hai0="2,131,32,37,36,107,130,60,52,68,132,88,61" hai1="6,94,105,117,90,124,87,79,106,55,7,45,13" hai2="28,133,58,39,109,129,30,84,53,5,95,38,123" hai3="120,19,35,98,10,59,92,15,121,51,26,82,96"/><V16/><F123/><W118/><G118/><T114/><D2/><U80/><E117/><V126/><F126/><W34/><G82/><T21/><D32/><U69/><E69/><V85/><F133/><W63/><G51/><T44/><D107/><U12/><E124/><V65/><F65/><W40/><G40/><T102/><D102/><U56/><E45/><V119/><F119/><W31/><G34/><T127/><D127/><U62/><E106/><V71/><F71/><W101/><REACH who="3" step="1"/><G98/><REACH who="3" ten="276,255,135,324" step="2"/><T100/><D132/><U1/><E105/><V46/><F39/><W93/><G93/><T103/><D36/><U91/><E79/><V17/><F109/><W8/><G8/><T64/><D37/><U47/><E47/><V134/><F134/><W122/><G122/><T11/><D11/><U66/><E94/><V29/><F38/><W43/><G43/><T54/><D44/><U75/><E80/><V112/><F112/><W125/><G125/><T72/><D114/><U14/><E62/><N who="2" m="36175" /><F129/><W0/><G0/><T110/><D110/><U78/><E1/><V113/><F113/><W135/><G135/><T81/><D61/><U4/><E75/><V70/><F70/><W97/><G97/><T77/><D131/><U42/><E42/><V41/><F95/><W27/><G27/><T89/><D130/><U9/><E9/><V49/><F5/><W22/><G22/><T18/><D21/><U99/><E99/><V115/><F115/><W108/><G108/><T25/><D72/><U20/><E20/><V83/><F83/><W24/><G24/><T57/><D25/><RYUUKYOKU ba="0,1" sc="276,-15,255,-15,135,15,324,15" hai2="16,17,28,29,30,41,46,49,84,85" hai3="10,15,19,26,31,35,59,63,92,96,101,120,121" /><INIT seed="6,1,1,0,0,71" ten="261,240,150,339" oya="2" hai0="23,0,63,130,46,76,19,30,45,51,80,40,87" hai1="20,79,5,73,112,47,96,50,104,8,39,114,98" hai2="57,28,41,83,33,61,126,132,88,26,37,12,36" hai3="58,52,1,25,131,90,38,117,49,59,127,4,125"/><V128/><F126/><N who="3" m="48139" /><G38/><T53/><D130/><U86/><E86/><V118/><F118/><W92/><G131/><T74/><D0/><N who="1" m="39" /><E20/><V123/><F123/><W72/><G72/><T66/><D30/><U9/><E9/><V54/><F132/><W24/><G117/><T67/><D74/><U27/><E27/><N who="3" m="10314" /><G4/><T101/><D101/><N who="1" m="62503" /><E50/><V34/><F128/><W64/><G1/><T7/><D7/><U85/><E85/><V135/><F135/><W122/><G122/><T31/><D31/><U16/><E16/><V129/><F129/><W91/><G92/><T107/><D107/><U109/><E98/><V43/><F12/><W100/><G100/><T13/><REACH who="0" step="1"/><D63/><AGARI ba="1,1" hai="49,52,58,59,63,64,90,91" m="10314,48139" machi="63" ten="30,2000,0" yaku="18,1,54,1" doraHai="71" who="3" fromWho="0" sc="261,-23,240,0,150,0,339,33" /><INIT seed="7,0,0,5,2,62" ten="238,240,150,372" oya="3" hai0="12,125,68,2,17,66,128,56,120,47,59,112,46" hai1="78,124,99,74,30,71,80,108,83,60,40,27,104" hai2="3,126,0,65,35,29,102,119,132,54,105,22,93" hai3="1,70,109,26,39,122,92,123,121,52,9,53,51"/><W25/><G39/><T100/><D2/><U79/><E40/><V61/><F119/><W106/><G106/><T81/><D120/><U13/><E13/><V88/><F132/><W98/><G70/><T111/><D111/><U37/><E37/><V127/><F22/><W44/><G109/><T84/><D68/><U58/><E71/><N who="2" m="42415" /><F54/><W7/><G53/><T42/><D128/><U113/><E113/><V118/><F118/><W76/><G76/><T41/><D112/><U5/><E5/><V130/><F130/><W21/><G21/><T115/><D115/><U85/><E124/><N who="2" m="47659" /><F102/><W72/><G72/><T91/><D100/><U6/><E6/><V69/><F105/><W16/><G16/><T49/><D66/><U57/><E108/><V48/><F48/><W129/><G129/><T75/><D125/><U28/><E60/><V24/><F69/><W20/><G20/><N who="0" m="11303" /><D75/><U18/><E104/><V95/><F95/><W8/><G51/><AGARI ba="0,0" hai="41,42,46,47,49,51,56,59,81,84,91" m="11303" machi="51" ten="30,1000,0" yaku="8,1" doraHai="62" who="0" fromWho="3" sc="238,10,240,0,150,0,372,-10" owari="248,4.8,240,-16.0,150,-35.0,362,46.2" /></mjloggm>