<mjloggm ver="2.3"><GO type="169" lobby="0"/><UN n0="%E3%82%B5%E3%83%AF%E3%83%B3%E3%82%B3%E3%83%95" n1="%E3%81%99%E3%81%91%E3%81%B4%E3%82%87%E3%82%93" n2="%E3%82%A4%E3%83%BC%E3%82%B1%E3%83%97%E3%83%A9" n3="%43%65%6C%65%73%54%65" dan="16,16,16,16" rate="2200.23,2110.18,2109.02,2106.76" sx="M,M,M,M"/><TAIKYOKU oya="0"/><INIT seed="0,0,0,1,1,15" ten="250,250,250,250" oya="0" hai0="115,37,48,97,94,3,77,5,112,108,22,90,81" hai1="74,60,21,12,101,92,89,10,109,121,65,127,13" hai2="116,35,107,44,64,57,0,51,8,67,41,49,130" hai3="54,80,131,28,4,14,71,79,134,47,33,39,78"/><T82/><D37/><U61/><E74/><V85/><F107/><W34/><G71/><T53/><D82/><U83/><E121/><V87/><F35/><W111/><G111/><T11/><D108/><U102/><E109/><V36/><F130/><W129/><G134/><T104/><D104/><U119/><E119/><V2/><F116/><W75/><G79/><T132/><D22/><U124/><E83/><V125/><F125/><W99/><G99/><T50/><D50/><U46/><E46/><V62/><F67/><W84/><G84/><T113/><D132/><U128/><E128/><V95/><F8/><W27/><G33/><T96/><D96/><U31/><E31/><V114/><F114/><W105/><G105/><T56/><REACH who="0" step="1"/><D112/><REACH who="0" ten="240,250,250,250" step="2"/><U16/><E124/><V135/><F135/><W19/><G39/><T1/><D1/><U38/><E38/><V70/><F51/><W17/><G129/><T55/><D55/><U24/><E127/><V23/><F23/><W59/><G131/><T63/><D63/><U133/><E133/><V86/><F95/><W126/><G126/><T42/><D42/><U93/><E61/><V25/><F25/><W9/><REACH who="3" step="1"/><G47/><REACH who="3" ten="240,250,250,240" step="2"/><T32/><D32/><U123/><E123/><V43/><F43/><W106/><G106/><T110/><D110/><U122/><E122/><V68/><F68/><W7/><G7/><T69/><D69/><U26/><E93/><V6/><F6/><W88/><G88/><T45/><D45/><U58/><E89/><V20/><F70/><W52/><G52/><T118/><D118/><U117/><E117/><RYUUKYOKU ba="0,2" sc="240,15,250,-15,250,-15,240,15" hai0="3,5,11,48,53,56,77,81,90,94,97,113,115" hai3="4,9,14,17,19,27,28,34,54,59,75,78,80" /><INIT seed="0,1,2,4,2,91" ten="255,235,235,255" oya="0" hai0="73,68,113,130,65,95,39,66,135,86,109,27,93" hai1="87,105,78,77,80,58,24,69,124,18,100,2,10" hai2="133,118,34,63,42,41,6,7,22,52,104,56,92" hai3="1,98,129,101,33,107,11,38,57,64,8,94,102"/><T85/><D113/><U17/><E69/><V99/><F34/><W115/><G129/><T81/><D39/><U75/><E124/><V37/><F104/><W114/><G33/><T3/><D3/><U14/><E2/><V123/><F123/><W125/><G125/><T51/><D130/><U79/><E75/><V49/><F133/><W67/><G38/><T5/><D5/><N who="2" m="1546" /><F37/><W36/><G36/><T62/><D135/><U119/><E119/><V60/><F118/><W0/><G107/><T108/><D66/><U131/><E131/><V128/><F128/><W28/><G57/><T43/><D27/><U122/><E122/><V35/><F35/><W48/><G48/><T72/><D86/><U112/><E112/><V126/><F22/><W32/><G32/><T45/><D72/><U26/><E26/><V120/><F120/><W110/><G98/><T9/><D9/><U15/><E24/><V83/><F83/><W116/><G116/><T20/><D20/><U76/><E105/><V90/><F126/><W96/><G96/><T111/><D73/><U61/><E100/><V21/><F21/><W121/><G121/><T4/><D4/><N who="1" m="3399" /><E15/><V134/><F134/><W31/><G114/><T89/><AGARI ba="1,2" hai="43,45,51,62,65,68,81,85,89,93,95,108,109,111" machi="89" ten="30,12000,1" yaku="0,1,14,1,10,1,52,2" doraHai="91" who="0" fromWho="0" sc="255,143,235,-41,235,-41,255,-41" /><INIT seed="0,2,0,0,1,119" ten="398,194,194,214" oya="0" hai0="104,11,37,72,77,33,23,44,134,6,74,69,66" hai1="49,17,121,63,36,71,103,52,65,32,92,27,131" hai2="94,57,78,55,118,58,132,30,16,2,106,29,26" hai3="48,20,101,39,110,81,31,0,80,53,120,130,135"/><T46/><D134/><U25/><E131/><V64/><F106/><W15/><G110/><T124/><D23/><U127/><E127/><V108/><F2/><W59/><G130/><T109/><D46/><U99/><E32/><V4/><F108/><W79/><G135/><T28/><D109/><U54/><E36/><V67/><F132/><W7/><G39/><T56/><D56/><U40/><E40/><V75/><F4/><W112/><G112/><T91/><D91/><U13/><E54/><V68/><F68/><W61/><G0/><N who="0" m="455" /><D104/><U107/><E107/><V105/><F105/><W95/><G7/><T116/><D124/><U21/><REACH who="1" step="1"/><E121/><REACH who="1" ten="398,184,194,214" step="2"/><V35/><F55/><W83/><G120/><T19/><D33/><U82/><E82/><V96/><F35/><W126/><G80/><T1/><D37/><U14/><E14/><V70/><F118/><W12/><G81/><T24/><D116/><U129/><E129/><V100/><F67/><W34/><G34/><T50/><D66/><U86/><E86/><V122/><F64/><W47/><G126/><T45/><D1/><U89/><E89/><V102/><F122/><W73/><G95/><T42/><D42/><U133/><E133/><V93/><F93/><W43/><G101/><T84/><D84/><U114/><E114/><V51/><F102/><W76/><G76/><T113/><D77/><U9/><E9/><V62/><F78/><W38/><G38/><T85/><D85/><U90/><E90/><V123/><F123/><W3/><G3/><T115/><D115/><U97/><E97/><V18/><F96/><RYUUKYOKU ba="2,1" sc="398,-15,184,15,194,-15,214,15" hai1="13,17,21,25,27,49,52,63,65,71,92,99,103" hai3="12,15,20,31,43,47,48,53,59,61,73,79,83" /><INIT seed="1,3,1,1,1,94" ten="383,199,179,229" oya="1" hai0="102,17,23,63,103,27,86,66,131,108,7,29,81" hai1="55,114,34,64,101,67,41,43,37,57,39,52,120" hai2="123,85,73,113,38,117,6,90,20,71,48,70,12" hai3="36,89,42,61,24,110,0,72,107,98,104,132,97"/><U56/><E34/><V127/><F117/><W106/><G0/><T58/><D108/><U15/><E101/><N who="0" m="38409" /><D131/><U105/><E15/><V116/><F38/><N who="1" m="14345" /><E105/><V84/><F73/><W9/><G72/><T53/><D7/><U91/><E91/><V14/><F116/><W5/><G24/><T122/><D122/><U45/><E120/><V59/><F123/><W125/><G42/><N who="1" m="15882" /><E114/><V79/><F113/><W92/><G36/><T111/><D111/><U51/><E45/><V65/><F12/><W47/><G47/><T19/><D53/><U11/><E11/><V35/><F6/><W26/><G26/><T118/><D118/><U33/><E33/><V112/><F35/><W100/><G110/><T78/><AGARI ba="3,1" hai="17,19,23,27,29,58,63,66,78,81,86" m="38409" machi="78" ten="30,1100,0" yaku="8,1" doraHai="94" who="0" fromWho="0" sc="383,30,199,-8,179,-6,229,-6" /><INIT seed="2,0,0,0,4,0" ten="413,191,173,223" oya="2" hai0="27,28,62,67,48,57,87,32,40,33,105,85,22" hai1="103,93,3,134,19,115,61,86,6,81,34,35,16" hai2="117,111,130,116,88,21,113,49,4,63,71,64,74" hai3="125,101,96,75,17,41,44,1,94,118,25,124,52"/><V73/><F113/><W36/><G118/><T89/><D105/><U45/><E115/><V132/><F130/><W135/><G75/><T102/><D102/><U119/><E119/><V5/><F132/><W53/><G135/><T84/><D40/><U54/><E134/><V20/><F111/><W46/><G1/><T23/><D48/><U66/><E54/><V126/><F126/><N who="3" m="48747" /><G46/><T92/><REACH who="0" step="1"/><D22/><AGARI ba="0,0" hai="17,22,25,36,41,44,52,53,94,96,101" m="48747" machi="22" ten="30,2000,0" yaku="18,1,54,1" doraHai="0" who="3" fromWho="0" sc="413,-20,191,0,173,0,223,20" /><INIT seed="3,0,0,0,1,76" ten="393,191,173,243" oya="3" hai0="16,29,18,116,60,59,7,105,74,70,103,37,24" hai1="88,48,73,99,129,80,40,27,13,14,130,11,124" hai2="28,95,104,115,46,106,72,9,12,3,120,68,45" hai3="75,26,133,62,10,32,97,134,93,78,108,39,112"/><W8/><G112/><T2/><D116/><U84/><E124/><V102/><F3/><W50/><G39/><T51/><D37/><U89/><E73/><V58/><F68/><W100/><G108/><T61/><D74/><U1/><E27/><V81/><F115/><W132/><G62/><T118/><D118/><U122/><E122/><V114/><F114/><W6/><G50/><T121/><D121/><U94/><E1/><V96/><F28/><N who="3" m="19479" /><G6/><T15/><D51/><U107/><E107/><V109/><F109/><W98/><G98/><T82/><D70/><U23/><E23/><V34/><F34/><W35/><G35/><T127/><D61/><U4/><REACH who="1" step="1"/><E14/><REACH who="1" ten="393,181,173,243" step="2"/><V54/><F120/><W38/><G38/><T49/><D15/><U135/><E135/><V101/><F12/><W22/><G22/><T55/><D2/><U110/><E110/><V33/><F33/><W36/><G36/><T87/><D24/><U67/><E67/><V5/><F106/><W111/><G111/><T86/><D105/><U90/><E90/><V19/><F104/><W131/><G131/><T91/><D91/><U52/><E52/><V113/><F54/><W21/><G21/><T20/><D55/><U119/><E119/><V56/><F113/><W43/><G43/><T125/><D20/><U25/><E25/><V69/><F72/><W57/><G75/><T79/><D127/><U117/><E117/><V71/><F102/><W47/><G133/><T31/><D103/><U85/><E85/><V42/><F42/><W41/><G132/><T17/><D125/><U30/><E30/><RYUUKYOKU ba="0,1" sc="393,-10,181,30,173,-10,243,-10" hai1="4,11,13,40,48,80,84,88,89,94,99,129,130" /><INIT seed="4,1,1,4,4,48" ten="383,211,163,233" oya="0" hai0="11,89,6,115,127,70,27,93,51,131,110,8,32" hai1="19,113,31,47,85,52,9,29,39,38,62,3,35" hai2="18,124,104,26,98,135,15,94,25,107,54,79,50" hai3="75,37,99,23,7,46,4,43,81,91,16,55,28"/><T17/><D115/><U84/><E113/><V13/><F135/><W21/><G21/><T1/><D70/><U118/><E118/><V53/><F124/><W20/><G20/><T112/><D112/><U61/><E35/><V63/><F79/><W57/><G28/><T105/><D105/><U130/><E130/><V100/><F107/><W122/><G122/><T119/><D119/><U76/><E76/><V74/><F74/><W80/><G75/><T86/><D127/><U87/><E3/><V58/><F104/><W88/><G4/><T128/><D110/><U83/><E83/><V120/><F120/><W33/><G7/><T34/><D51/><U109/><E109/><V66/><F13/><W40/><G33/><T72/><D72/><U97/><E97/><V2/><F2/><W129/><G129/><N who="0" m="49739" /><D27/><N who="2" m="10250" /><F50/><W49/><G40/><T133/><D133/><U65/><E47/><V24/><N who="2" m="10258" /><V102/><DORA hai="96" /><F102/><W71/><G71/><T92/><D34/><U36/><E9/><AGARI ba="1,1" hai="9,15,18,53,54,58,63,66,94,98,100" m="10258" machi="9" ten="30,7700,0" yaku="8,1,52,3" doraHai="48,96" who="2" fromWho="1" sc="383,0,211,-80,163,90,233,0" /><INIT seed="5,0,0,1,1,26" ten="383,131,253,233" oya="1" hai0="3,45,25,44,108,23,83,73,87,121,134,56,46" hai1="72,89,2,74,52,115,33,1,31,54,128,32,19" hai2="107,30,53,111,0,100,94,92,76,125,13,81,49" hai3="75,43,58,42,78,69,47,122,113,5,11,124,18"/><U105/><E105/><V61/><F111/><W17/><G122/><T119/><D108/><U62/><E128/><V16/><F0/><W133/><G69/><T116/><D3/><U28/><E62/><V99/><F125/><W117/><G113/><T93/><D134/><U4/><E19/><V127/><F61/><W20/><G124/><T63/><D73/><U40/><E89/><V60/><F60/><W22/><G133/><T85/><D121/><U129/><E129/><V12/><F12/><W80/><G117/><T36/><D36/><U130/><E130/><V106/><F30/><W123/><G123/><T37/><D87/><U114/><REACH who="1" step="1"/><E40/><REACH who="1" ten="383,121,253,233" step="2"/><V104/><F127/><W57/><G43/><T86/><D63/><U35/><E35/><V98/><F106/><W97/><G18/><T120/><D119/><U90/><E90/><V50/><F107/><W131/><G17/><T70/><D116/><U41/><E41/><V24/><F104/><W8/><G131/><T66/><D120/><U88/><E88/><V96/><F16/><W77/><G42/><T132/><D132/><U79/><E79/><V112/><F76/><W110/><G77/><T101/><D101/><U118/><E118/><V21/><F100/><W82/><G110/><T135/><D135/><U95/><E95/><V103/><F94/><W29/><G78/><T84/><D93/><U59/><E59/><V51/><F92/><W38/><G58/><T102/><D56/><U126/><E126/><V71/><F103/><W109/><G57/><T48/><D102/><U34/><E34/><V6/><F99/><RYUUKYOKU ba="0,1" sc="383,-10,121,30,253,-10,233,-10" hai1="1,2,4,28,31,32,33,52,54,72,74,114,115" /><INIT seed="5,1,1,5,5,124" ten="373,151,243,223" oya="1" hai0="33,28,69,88,104,97,76,85,0,105,87,66,42" hai1="13,72,75,44,77,19,47,117,29,31,36,71,64" hai2="132,14,61,106,46,63,40,109,11,131,18,51,121" hai3="110,83,74,6,107,122,34,119,73,23,67,2,80"/><U89/><E117/><V41/><F109/><W108/><G67/><T20/><D0/><U130/><E89/><V21/><F121/><W129/><G23/><T54/><D42/><U115/><E115/><V120/><F120/><W134/><G6/><T112/><D112/><U55/><E36/><V43/><F106/><W111/><G111/><T84/><D20/><U17/><E64/><V127/><F127/><W45/><G45/><T92/><D54/><U26/><E71/><V90/><F132/><W135/><G34/><T99/><D76/><U12/><E77/><V81/><F131/><W125/><G2/><T126/><D126/><U94/><E55/><N who="2" m="30199" /><F21/><W65/><G65/><T37/><D99/><U82/><E94/><V59/><F59/><W24/><G125/><T101/><D37/><U56/><E56/><V4/><F4/><W52/><G122/><T62/><D105/><U116/><E116/><V1/><F1/><W98/><G107/><T95/><D95/><U128/><REACH who="1" step="1"/><E26/><AGARI ba="1,1" hai="26,28,33,62,66,69,84,85,87,88,92,97,101,104" machi="26" ten="40,5200,0" yaku="25,2,54,1" doraHai="124" who="0" fromWho="1" sc="373,65,151,-55,243,0,223,0" /><INIT seed="6,0,0,5,0,120" ten="438,96,243,223" oya="2" hai0="69,75,125,128,105,59,101,93,54,22,104,116,29" hai1="133,53,49,36,20,60,57,70,48,76,89,61,42" hai2="94,113,19,15,82,99,109,72,34,39,46,71,66" hai3="2,97,17,58,106,132,78,111,126,26,117,8,96"/><V25/><F113/><W112/><G117/><T7/><D69/><U21/><E76/><V91/><F71/><W0/><G126/><T62/><D75/><U5/><E5/><V74/><F66/><W3/><G132/><T18/><D125/><U6/><E6/><V35/><F109/><W134/><G134/><T44/><D29/><U43/><E133/><V73/><F82/><W80/><G112/><T114/><D114/><U84/><E21/><V77/><F77/><W121/><G121/><T88/><D101/><U102/><E102/><V27/><F35/><W11/><G111/><T81/><D81/><U45/><E20/><V90/><F90/><W127/><G127/><T123/><D128/><U52/><E84/><V31/><F27/><W98/><G106/><T50/><D7/><U110/><E89/><V115/><F115/><W41/><G41/><T65/><D116/><U92/><E92/><V85/><F46/><W47/><G47/><T124/><D124/><U9/><E9/><V13/><F39/><W86/><G58/><T24/><D123/><U37/><E110/><V135/><F135/><W107/><G107/><T87/><AGARI ba="0,0" hai="18,22,24,44,50,54,59,62,65,87,88,93,104,105" machi="87" ten="20,2700,0" yaku="0,1,7,1,54,1" doraHai="120" who="0" fromWho="0" sc="438,27,96,-7,243,-13,223,-7" /><INIT seed="7,0,0,3,2,120" ten="465,89,230,216" oya="3" hai0="47,115,40,7,60,135,25,103,50,97,57,48,106" hai1="12,113,22,126,107,131,105,61,37,80,83,110,9" hai2="42,102,111,122,51,90,10,94,79,36,100,81,26" hai3="64,8,119,45,99,55,6,75,70,93,132,98,74"/><W66/><G119/><T11/><D135/><U68/><E37/><V125/><F111/><W95/><G132/><T69/><D69/><U128/><E22/><V4/><F36/><W3/><G75/><T114/><D25/><U27/><E27/><V91/><F122/><W13/><G74/><T86/><D86/><U56/><E68/><V54/><F42/><W52/><G3/><T109/><D109/><U2/><E2/><V32/><F125/><W24/><G24/><T84/><D84/><U72/><E110/><V108/><F108/><W65/><G70/><T92/><D106/><U31/><E31/><V67/><F67/><W96/><G45/><T23/><D23/><U41/><E41/><V19/><F91/><W88/><G96/><T5/><D50/><U118/><E118/><V38/><F38/><W78/><G78/><T127/><D127/><U28/><E28/><V34/><F34/><W14/><G14/><T82/><D82/><U30/><E30/><V53/><F81/><W134/><G134/><T43/><D43/><U121/><E72/><V35/><F79/><W85/><G85/><T123/><D123/><U59/><E121/><V89/><F35/><W21/><G21/><T1/><D7/><U87/><E126/><V33/><F33/><W49/><G49/><T129/><D129/><U133/><E87/><V112/><F32/><W76/><G76/><T104/><D104/><U20/><E133/><V44/><F51/><W0/><G0/><T16/><D16/><U73/><E128/><V71/><F71/><W101/><AGARI ba="0,0" hai="6,8,13,52,55,64,65,66,88,93,95,98,99,101" machi="101" ten="30,11700,0" yaku="0,1,8,1,54,2" doraHai="120" who="3" fromWho="3" sc="465,-39,89,-39,230,-39,216,117" /><INIT seed="7,1,0,5,4,7" ten="426,50,191,333" oya="3" hai0="128,63,130,104,112,123,16,62,10,55,12,97,25" hai1="17,96,48,26,84,49,58,93,126,105,29,114,40" hai2="110,3,20,53,4,67,127,50,27,23,121,116,81" hai3="79,5,71,13,89,34,101,59,43,56,134,38,72"/><W51/><G134/><T65/><D123/><U113/><E126/><V44/><F110/><W133/><G133/><T135/><D135/><U66/><E105/><V90/><F116/><W122/><G122/><T47/><D112/><U87/><E113/><V1/><F121/><W91/><G71/><T28/><D47/><U98/><E114/><V8/><F127/><W61/><G34/><N who="0" m="20751" /><D55/><U19/><E29/><V30/><F67/><W80/><G38/><T109/><D109/><U2/><E2/><V118/><F118/><W36/><G36/><T39/><D39/><U52/><E66/><V92/><F81/><W85/><G101/><N who="0" m="62511" /><D62/><U64/><E64/><V125/><F125/><W11/><G72/><T95/><D95/><U54/><E40/><V6/><F23/><W131/><G131/><T88/><D88/><N who="3" m="33865" /><G61/><T46/><D46/><AGARI ba="1,0" hai="5,11,13,43,46,51,56,59,79,80,85" m="33865" machi="46" ten="30,11600,0" yaku="25,1,8,1,52,1,54,1" doraHai="7" who="3" fromWho="0" sc="426,-119,50,0,191,0,333,119" owari="307,10.7,50,-45.0,191,-20.9,452,55.2" /></mjloggm>