<mjloggm ver="2.3"><GO type="169" lobby="0"/><UN n0="%E3%81%AE%E3%81%AF%E3%81%A3%E3%81%A1" n1="%E3%83%9D%E3%83%B3%E3%83%9D%E3%82%B3%E5%95%86%E4%BA%8B" n2="%E8%A1%A8%E7%A4%BA%E4%BE%A1%E6%A0%BC%E3%82%88%E3%82%8A%E5%8D%8A%E9%A1%8D" n3="%56%45%54%54%45%4C" dan="16,16,16,16" rate="2194.95,2197.12,2071.06,2114.02" sx="M,M,M,M"/><TAIKYOKU oya="0"/><INIT seed="0,0,0,0,0,67" ten="250,250,250,250" oya="0" hai0="121,83,42,113,129,94,78,31,99,35,13,18,91" hai1="105,104,16,69,96,70,84,19,114,23,128,37,133" hai2="29,26,71,77,123,17,65,131,41,53,2,43,27" hai3="107,0,88,122,34,102,89,132,68,119,103,14,125"/><T63/><D113/><U25/><E37/><V54/><F131/><W81/><G119/><T28/><D121/><U45/><E45/><V87/><F2/><W126/><G0/><T39/><D129/><U60/><E128/><V74/><F74/><W5/><G34/><T40/><D39/><U61/><E84/><V108/><F108/><W15/><G122/><T86/><D63/><U118/><E118/><V127/><F127/><N who="3" m="48651" /><G132/><T3/><D3/><U76/><E76/><V62/><F27/><W4/><G81/><T98/><D98/><U38/><E38/><V44/><F17/><W134/><G107/><T101/><D101/><N who="3" m="38409" /><G134/><T106/><D106/><U55/><E96/><V50/><F43/><N who="0" m="16426" /><D35/><U58/><E133/><V59/><F71/><W6/><G68/><T97/><D97/><U36/><E36/><V75/><F75/><W100/><N who="3" m="38417" /><W117/><DORA hai="21" /><G117/><T85/><D99/><U66/><E114/><V1/><F1/><W46/><G46/><T11/><AGARI ba="0,0" hai="11,13,18,28,31,78,83,85,86,91,94" m="16426" machi="11" ten="30,1500,0" yaku="8,1" doraHai="67,21" who="0" fromWho="0" sc="250,15,250,-5,250,-5,250,-5" /><INIT seed="0,1,0,2,5,31" ten="265,245,245,245" oya="0" hai0="125,28,71,74,110,36,30,22,101,65,45,27,85" hai1="93,118,8,96,24,9,81,29,16,49,108,14,102" hai2="117,52,46,106,78,94,84,68,107,42,135,62,10" hai3="12,134,26,57,55,18,32,6,97,17,5,4,91"/><T122/><D122/><U60/><E108/><V13/><F117/><W121/><G121/><T82/><D125/><U100/><E118/><V87/><F135/><W50/><G134/><T34/><D110/><U126/><E126/><V66/><F84/><W23/><G32/><T47/><D74/><U21/><E102/><V132/><F132/><W80/><G80/><T35/><D101/><U77/><E49/><V72/><F72/><W115/><G115/><T86/><D86/><U64/><E9/><V113/><F113/><W88/><REACH who="3" step="1"/><G97/><REACH who="3" ten="265,245,245,235" step="2"/><T116/><D116/><U53/><E81/><V130/><F78/><W51/><G51/><T104/><D104/><U105/><E105/><V40/><F107/><W120/><G120/><T25/><D36/><U129/><E77/><V70/><F106/><W59/><G59/><T73/><D73/><U54/><E129/><V124/><F130/><W75/><G75/><T127/><D127/><U33/><REACH who="1" step="1"/><E33/><REACH who="1" ten="265,235,245,235" step="2"/><V111/><F124/><W128/><G128/><T39/><D39/><U76/><E76/><V63/><F111/><W19/><G19/><T95/><D95/><U79/><E79/><V69/><F94/><W90/><G90/><T83/><D83/><U56/><AGARI ba="1,2" hai="8,14,16,21,24,29,53,54,56,60,64,93,96,100" machi="56" ten="20,12000,2" yaku="1,1,0,1,7,1,25,2,8,1,54,1,53,0" doraHai="31" doraHaiUra="131" who="1" fromWho="1" sc="265,-61,235,143,245,-31,235,-31" /><INIT seed="1,0,0,3,2,77" ten="204,378,214,204" oya="1" hai0="124,102,96,89,71,86,59,15,46,135,131,27,69" hai1="81,24,43,47,119,10,52,7,16,128,0,49,101" hai2="134,90,26,76,51,126,1,4,107,39,17,25,75" hai3="110,3,125,129,113,21,108,13,116,94,97,105,12"/><U66/><E119/><V30/><F107/><W74/><G105/><T18/><D131/><U62/><E128/><V33/><F134/><W87/><G74/><T65/><D124/><U106/><E43/><V83/><F126/><W53/><G129/><T104/><D135/><U41/><E41/><V54/><F39/><W84/><G3/><T68/><D27/><U120/><E120/><V19/><F4/><W130/><G130/><T2/><D2/><U28/><E101/><V109/><F1/><W92/><G125/><T9/><D59/><U122/><E106/><V31/><F90/><W44/><G113/><T133/><D133/><U121/><E81/><V70/><F70/><W118/><G44/><T67/><REACH who="0" step="1"/><D46/><REACH who="0" ten="194,378,214,204" step="2"/><U45/><E47/><V112/><F112/><W82/><G116/><T23/><D23/><U73/><E73/><V11/><F11/><W38/><G21/><T55/><D55/><U111/><E28/><V72/><F75/><W22/><G22/><T100/><D100/><U123/><E24/><V103/><F103/><W115/><G118/><T85/><D85/><U127/><E127/><V60/><F26/><W34/><G87/><T117/><D117/><U98/><E121/><V91/><F30/><W14/><G115/><T36/><D36/><U88/><E122/><V99/><F31/><W40/><G38/><T95/><AGARI ba="0,1" hai="9,15,18,65,67,68,69,71,86,89,95,96,102,104" machi="95" ten="30,2000,0" yaku="1,1,0,1,53,0" doraHai="77" doraHaiUra="50" who="0" fromWho="0" sc="194,30,378,-10,214,-5,204,-5" /><INIT seed="2,0,0,2,2,57" ten="224,368,209,199" oya="2" hai0="126,63,60,34,8,120,77,79,69,76,45,71,61" hai1="132,24,88,130,91,44,85,20,55,125,28,118,70" hai2="2,66,83,117,90,84,40,95,5,0,56,113,92" hai3="50,80,134,87,32,101,37,129,31,114,112,109,23"/><V62/><F117/><W110/><G37/><T47/><D120/><U52/><E118/><V38/><F113/><N who="3" m="43627" /><G32/><T6/><D34/><U21/><E130/><V122/><F122/><W111/><G50/><T17/><D17/><U48/><E125/><V22/><F22/><W42/><G42/><T1/><REACH who="0" step="1"/><D126/><REACH who="0" ten="214,368,209,199" step="2"/><U7/><E132/><V105/><F5/><W41/><G134/><T13/><D13/><U39/><E7/><V116/><F116/><W68/><G129/><T27/><D27/><U106/><E24/><V54/><F0/><W119/><G119/><T46/><AGARI ba="0,1" hai="1,6,8,45,46,47,60,61,63,69,71,76,77,79" machi="46" ten="40,12000,2" yaku="1,1,0,1,29,2,52,3,53,0" doraHai="57" doraHaiUra="15" who="0" fromWho="0" sc="214,130,368,-30,209,-60,199,-30" /><INIT seed="3,0,0,0,1,17" ten="344,338,149,169" oya="3" hai0="110,75,36,83,46,87,3,96,19,57,121,58,55" hai1="115,47,74,45,94,104,8,6,81,120,100,122,33" hai2="131,9,80,27,107,72,61,70,84,2,79,125,76" hai3="129,126,113,65,37,68,15,134,24,85,124,91,112"/><W10/><G37/><T48/><D121/><U16/><E115/><V130/><F107/><W73/><G73/><T12/><D110/><U5/><E33/><V89/><F125/><N who="3" m="48235" /><G129/><N who="2" m="49161" /><F72/><W69/><G134/><T118/><D118/><U62/><E104/><V11/><F27/><W135/><G135/><T92/><D3/><U90/><E100/><V105/><F105/><W93/><G24/><T31/><D31/><U86/><E62/><V21/><F21/><W95/><G95/><T99/><D36/><U41/><E47/><V59/><F70/><N who="3" m="27243" /><G65/><T51/><D75/><U44/><E44/><V103/><F103/><W35/><G35/><T52/><D46/><U29/><E29/><V82/><F2/><W14/><G14/><T50/><D50/><U111/><E111/><V13/><F82/><W114/><G114/><T25/><D25/><U88/><E74/><V119/><F119/><W71/><N who="3" m="27251" /><W54/><DORA hai="67" /><G54/><T77/><REACH who="0" step="1"/><D92/><REACH who="0" ten="334,338,149,169" step="2"/><U63/><E122/><V133/><F133/><W38/><G38/><T20/><AGARI ba="0,1" hai="12,19,20,48,51,52,55,57,58,77,83,87,96,99" machi="20" ten="20,16000,3" yaku="1,1,2,1,0,1,7,1,9,1,8,1,52,1,54,1,53,0" doraHai="17,67" doraHaiUra="23,101" who="0" fromWho="0" sc="334,170,338,-40,149,-40,169,-80" /><INIT seed="4,0,0,0,4,1" ten="504,298,109,89" oya="0" hai0="122,131,70,66,97,51,81,22,84,93,34,4,17" hai1="82,47,67,111,112,104,119,19,30,37,7,90,127" hai2="56,92,99,64,41,35,62,53,95,124,125,46,89" hai3="39,16,135,74,83,58,21,91,52,28,48,14,86"/><T110/><D122/><U44/><E111/><V65/><F35/><W94/><G135/><T118/><D118/><U106/><E119/><V96/><F124/><W88/><G39/><T5/><D34/><U50/><E30/><V120/><F120/><W10/><G74/><T102/><D131/><U129/><E67/><V117/><F117/><W33/><G33/><T15/><D110/><U80/><E19/><V107/><F107/><W85/><G28/><T57/><D70/><U32/><E32/><V42/><F125/><W36/><G36/><T59/><D66/><U45/><E50/><V55/><F55/><W3/><G3/><T25/><D51/><U134/><E37/><V2/><F2/><W61/><G61/><T31/><D31/><U71/><E71/><V54/><F54/><W121/><G121/><T123/><D123/><U100/><E127/><V13/><F13/><W38/><G38/><T20/><D59/><U8/><E90/><V128/><F128/><W18/><G18/><N who="0" m="10335" /><D57/><U101/><E129/><V23/><F23/><AGARI ba="0,0" hai="10,14,16,21,23,48,52,58,83,85,86,88,91,94" machi="23" ten="40,8000,1" yaku="8,1,54,3" doraHai="1" who="3" fromWho="2" sc="504,0,298,0,109,-80,89,80" /><INIT seed="5,0,0,5,2,109" ten="504,298,29,169" oya="1" hai0="84,60,96,5,132,20,17,33,54,121,100,30,4" hai1="47,86,89,38,57,61,116,6,43,65,13,22,82" hai2="2,32,123,113,125,79,3,51,130,19,135,24,94" hai3="55,107,16,14,27,104,12,122,28,77,46,111,41"/><U108/><E116/><V59/><F123/><W50/><G111/><T133/><D121/><U99/><E108/><V66/><F130/><W131/><G122/><T18/><D84/><U118/><E118/><V44/><F125/><W85/><G131/><T68/><D33/><U52/><E99/><V31/><F135/><N who="0" m="51786" /><D30/><U53/><REACH who="1" step="1"/><E22/><REACH who="1" ten="504,288,29,169" step="2"/><V76/><F113/><W7/><G104/><T106/><D20/><U37/><E37/><V114/><F114/><W10/><G107/><T48/><D96/><U134/><E134/><V75/><F75/><W34/><G85/><T103/><D106/><U95/><E95/><V78/><F94/><W72/><G72/><T62/><D103/><U56/><E56/><V124/><F124/><W69/><G69/><T93/><D93/><U0/><E0/><V128/><F128/><W129/><G129/><T64/><D100/><U105/><E105/><V35/><F35/><W9/><REACH who="3" step="1"/><G77/><REACH who="3" ten="504,288,29,159" step="2"/><T119/><D119/><U15/><E15/><V120/><F79/><W92/><G92/><T45/><D68/><U73/><E73/><V63/><F78/><W1/><G1/><T87/><D87/><U126/><E126/><V71/><F76/><W110/><G110/><T49/><D45/><U67/><E67/><V127/><F71/><W91/><G91/><T112/><D64/><U26/><E26/><N who="2" m="18551" /><F127/><W117/><G117/><T25/><D25/><U29/><E29/><V39/><F120/><W74/><G74/><T42/><D112/><U23/><E23/><N who="2" m="13439" /><F39/><W83/><G83/><T8/><D8/><AGARI ba="0,2" hai="6,8,13,38,43,47,52,53,57,61,65,82,86,89" machi="8" ten="40,7700,0" yaku="1,1,54,1,53,1" doraHai="109" doraHaiUra="36" who="1" fromWho="0" sc="504,-77,288,97,29,0,159,0" /><INIT seed="5,1,0,1,3,51" ten="427,385,29,159" oya="1" hai0="99,79,78,11,97,3,33,24,25,34,29,5,103" hai1="76,93,92,52,57,48,43,120,7,110,22,109,10" hai2="95,111,28,41,60,59,135,134,84,46,58,85,128" hai3="127,102,101,91,49,71,61,14,54,20,104,80,53"/><U64/><E120/><V56/><F28/><W9/><G104/><T90/><D34/><U114/><E114/><V129/><F95/><W55/><G127/><T6/><D6/><U119/><E119/><V133/><F85/><N who="3" m="50599" /><G71/><T117/><D117/><U69/><E76/><V112/><F84/><W26/><G61/><T121/><D121/><U0/><E43/><V130/><F111/><N who="1" m="42505" /><E22/><V74/><F112/><W63/><G49/><T30/><D30/><U35/><E35/><V125/><F74/><W27/><G63/><AGARI ba="1,0" hai="0,7,10,48,52,57,63,64,69,92,93" m="42505" machi="63" ten="30,5800,0" yaku="10,1,52,1,54,1" doraHai="51" who="1" fromWho="3" sc="427,0,385,61,29,0,159,-61" /><INIT seed="5,2,0,0,4,58" ten="427,446,29,98" oya="1" hai0="113,21,67,31,134,45,16,100,68,111,49,82,112" hai1="48,114,27,46,126,86,92,101,97,121,9,94,15" hai2="129,99,130,115,57,55,42,128,44,18,87,56,116" hai3="29,88,47,123,124,0,53,4,71,107,102,5,12"/><U77/><E121/><V118/><F99/><W106/><G123/><T35/><D111/><U3/><E3/><V83/><F18/><W30/><G124/><T65/><D134/><U40/><E126/><V28/><F28/><W1/><G12/><T19/><D100/><U36/><E114/><N who="0" m="44137" /><D35/><U80/><E36/><N who="2" m="21575" /><F115/><W63/><G102/><T2/><D2/><U25/><REACH who="1" step="1"/><E92/><REACH who="1" ten="427,436,29,98" step="2"/><V26/><F116/><W24/><G0/><T17/><D82/><U81/><E81/><V103/><F118/><W131/><G1/><T120/><D120/><U109/><E109/><V41/><F103/><W104/><G104/><T51/><D68/><U6/><AGARI ba="2,1" hai="6,9,15,25,27,40,46,48,77,80,86,94,97,101" machi="6" ten="20,18000,2" yaku="1,1,0,1,7,1,25,2,8,1,53,1" doraHai="58" doraHaiUra="72" who="1" fromWho="1" sc="427,-62,436,196,29,-62,98,-62" owari="365,16.5,632,73.2,-33,-53.3,36,-36.4" /></mjloggm>