<mjloggm ver="2.3"><GO type="169" lobby="0"/><UN n0="%73%61%6E%67%6F%64%64%6F" n1="%73%61%69%63%68%61%6E%7A" n2="%E4%B8%83%E7%94%9F%E5%A4%95" n3="%E3%83%AD%E3%83%AD%E3%82%93" dan="17,17,16,16" rate="2185.54,2142.81,2136.06,2146.25" sx="M,M,M,M"/><TAIKYOKU oya="0"/><INIT seed="0,0,0,2,0,110" ten="250,250,250,250" oya="0" hai0="10,64,4,99,25,78,131,31,0,133,93,100,129" hai1="38,108,77,67,105,101,57,112,1,18,47,128,15" hai2="62,88,103,39,52,95,94,48,111,80,117,33,104" hai3="24,83,84,8,97,65,3,54,7,120,96,11,28"/><T90/><D133/><U17/><E108/><V58/><F111/><W124/><G124/><T23/><D78/><U40/><E1/><V79/><F39/><W116/><G116/><T66/><REACH who="0" step="1"/><D100/><REACH who="0" ten="240,250,250,250" step="2"/><U98/><E77/><V134/><F134/><W127/><G127/><T29/><D29/><U2/><E128/><AGARI ba="0,1" hai="0,4,10,23,25,31,64,66,90,93,99,128,129,131" machi="128" ten="40,3900,0" yaku="1,1,19,1,53,0" doraHai="110" doraHaiUra="44" who="0" fromWho="1" sc="240,49,250,-39,250,0,250,0" /><INIT seed="0,1,0,0,2,11" ten="289,211,250,250" oya="0" hai0="65,55,68,37,15,78,72,92,53,58,59,46,43" hai1="0,22,25,45,83,104,66,79,56,42,130,16,30" hai2="119,35,26,87,62,110,117,134,28,5,44,60,122" hai3="93,51,4,38,8,29,69,71,13,6,50,126,112"/><T129/><D129/><U18/><E130/><V63/><F122/><W103/><G38/><T125/><D125/><U128/><E128/><V64/><F110/><W120/><G29/><T17/><D68/><U132/><E132/><V106/><F134/><W27/><G126/><T115/><D115/><U40/><E104/><V36/><F106/><W90/><G27/><T99/><D72/><U47/><E0/><V133/><F133/><W49/><G103/><T77/><D65/><U109/><E109/><V89/><F5/><W105/><G105/><T3/><D3/><U54/><E66/><V2/><F2/><W20/><G20/><T73/><D58/><U14/><E40/><V101/><F101/><W124/><G124/><T33/><D33/><U95/><E95/><V57/><F44/><W127/><G127/><T32/><D32/><U88/><E42/><V102/><F102/><W74/><G74/><T116/><D55/><U114/><E114/><V10/><F10/><W48/><G120/><T41/><D41/><U7/><E7/><V111/><F36/><W97/><N who="3" m="12288" /><DORA hai="123" /><W70/><G112/><T76/><D116/><N who="2" m="44618" /><F111/><W98/><REACH who="3" step="1"/><G4/><REACH who="3" ten="289,211,250,240" step="2"/><T121/><D73/><U1/><E30/><V24/><F24/><W94/><G94/><AGARI ba="1,1" hai="26,28,35,57,60,62,63,64,87,89,94" m="44618" machi="94" ten="30,1000,0" yaku="12,1" doraHai="11,123" who="2" fromWho="3" sc="289,0,211,0,250,23,240,-13" /><INIT seed="1,0,0,2,2,131" ten="289,211,273,227" oya="1" hai0="11,58,28,106,114,63,44,98,54,26,13,30,18" hai1="90,130,59,49,27,55,31,118,116,94,20,10,9" hai2="105,43,69,77,1,22,47,72,132,119,97,51,128" hai3="23,56,7,60,19,61,24,50,33,3,79,15,134"/><U65/><E130/><V8/><F119/><W73/><G79/><T100/><D114/><U38/><E38/><V34/><F128/><W112/><G112/><T74/><D74/><U45/><E116/><V36/><F22/><W80/><G80/><T84/><D84/><U125/><E125/><V57/><F34/><W87/><G87/><T104/><D104/><U88/><E118/><V92/><F105/><W93/><G93/><T129/><D129/><U29/><E29/><V107/><F107/><W122/><G73/><T95/><D106/><U25/><E25/><V91/><F69/><W41/><G122/><T89/><D100/><U110/><E110/><V52/><F72/><W133/><G3/><T121/><D121/><U86/><REACH who="1" step="1"/><E90/><REACH who="1" ten="289,201,273,227" step="2"/><V101/><F91/><W109/><G109/><T102/><D102/><U78/><E78/><V96/><F77/><W83/><G83/><T103/><D103/><U67/><E67/><V48/><F36/><W39/><G39/><T46/><REACH who="0" step="1"/><D30/><REACH who="0" ten="279,201,273,227" step="2"/><U6/><E6/><V21/><F101/><W135/><G7/><T35/><AGARI ba="0,2" hai="11,13,18,26,28,35,44,46,54,58,63,89,95,98" machi="35" ten="20,8000,1" yaku="1,1,2,1,0,1,7,1,53,1" doraHai="131" doraHaiUra="85" who="0" fromWho="0" sc="279,100,201,-40,273,-20,227,-20" /><INIT seed="2,0,0,0,5,19" ten="379,161,253,207" oya="2" hai0="124,128,53,1,119,77,26,108,114,72,121,7,24" hai1="132,22,71,8,5,80,120,99,83,82,44,65,25" hai2="47,135,59,33,2,69,70,127,40,122,30,134,117" hai3="20,21,86,12,85,15,94,88,41,125,97,74,3"/><V95/><F117/><W123/><G3/><T55/><D77/><U98/><E120/><V13/><F2/><W73/><G125/><T89/><D121/><U54/><E132/><N who="2" m="50731" /><F122/><W11/><G41/><T36/><D89/><U118/><E118/><V115/><F115/><W116/><G116/><T17/><D72/><U102/><E65/><V0/><F0/><W109/><G109/><T107/><D36/><U14/><E71/><V129/><F127/><W46/><G46/><T57/><D108/><U92/><E99/><V37/><F129/><W79/><G123/><T32/><D1/><U68/><E68/><V28/><F59/><W131/><G131/><T31/><D57/><U78/><E44/><V126/><F126/><W90/><G97/><T104/><D114/><U27/><E54/><V16/><F95/><W61/><G61/><T64/><D55/><U81/><REACH who="1" step="1"/><E22/><REACH who="1" ten="379,151,253,207" step="2"/><N who="2" m="11535" /><F30/><W106/><G106/><T113/><D107/><U52/><E52/><V112/><F112/><W101/><G101/><T9/><D53/><U58/><E58/><V110/><F110/><W67/><G67/><T87/><D64/><U45/><E45/><V23/><F33/><W4/><G79/><T91/><D104/><U96/><E96/><V10/><F10/><W62/><G62/><T111/><D111/><U56/><E56/><V49/><F37/><W105/><G105/><T133/><D113/><U50/><E50/><V130/><F130/><W35/><G35/><N who="0" m="20967" /><D128/><U6/><E6/><V48/><F48/><W66/><G66/><T103/><D133/><U18/><E18/><V63/><F63/><RYUUKYOKU ba="0,1" sc="379,-15,151,15,253,15,207,-15" hai1="5,8,14,25,27,78,80,81,82,83,92,98,102" hai2="23,28,40,47,49,69,70" /><INIT seed="2,1,1,2,0,67" ten="364,166,268,192" oya="2" hai0="110,116,135,43,15,108,62,47,2,36,74,54,133" hai1="25,77,107,121,117,82,27,114,8,55,71,120,81" hai2="72,3,44,35,60,128,92,111,69,1,52,109,5" hai3="31,95,19,34,91,118,16,96,113,46,68,124,87"/><V38/><F72/><W84/><G113/><T32/><D2/><U41/><E114/><V134/><F35/><W98/><G124/><T122/><D32/><U127/><E117/><V90/><F128/><W101/><G118/><T21/><D21/><U18/><E107/><V9/><F134/><N who="0" m="51210" /><D15/><N who="1" m="7527" /><E127/><V49/><F38/><W104/><G46/><T100/><D100/><U64/><E41/><V13/><F60/><W119/><G119/><T105/><D105/><U115/><E115/><V39/><F69/><W63/><G84/><T88/><D74/><U75/><E55/><V51/><F51/><W132/><G87/><T0/><D0/><U99/><E99/><N who="2" m="57751" /><F39/><W93/><G93/><T17/><D17/><U112/><E112/><V40/><F40/><W53/><G53/><T12/><D12/><U94/><E94/><V33/><F33/><W125/><G125/><T129/><D116/><U7/><E7/><V76/><F76/><W78/><G78/><T48/><D88/><U86/><E82/><V106/><F106/><W42/><G42/><T58/><D122/><N who="1" m="47211" /><E75/><V89/><F89/><W4/><G4/><T30/><D30/><U22/><E22/><V85/><F85/><W97/><G97/><T45/><D129/><U14/><E14/><V83/><F83/><W6/><G6/><T23/><D23/><U50/><E50/><V24/><F24/><N who="3" m="18791" /><G132/><T26/><D26/><U61/><AGARI ba="1,1" hai="25,27,61,64,71,77,81,86" m="47211,7527" machi="61" ten="30,2000,0" yaku="13,1,52,1" doraHai="67" who="1" fromWho="1" sc="364,-6,166,33,268,-11,192,-6" /><INIT seed="3,0,0,3,3,48" ten="358,199,257,186" oya="3" hai0="94,28,102,107,17,49,122,27,41,33,39,58,101" hai1="54,30,89,42,82,6,7,109,100,72,45,71,25" hai2="96,116,133,47,64,120,26,119,126,12,130,111,63" hai3="1,70,34,18,51,88,31,117,112,69,0,104,108"/><W121/><G104/><T14/><D107/><U132/><E109/><V61/><F12/><W118/><G18/><T67/><D122/><U19/><E71/><V87/><F87/><W125/><G121/><T24/><D24/><U56/><E100/><V123/><F26/><W115/><G51/><T46/><D94/><U134/><E19/><V114/><F96/><W135/><G88/><T76/><D76/><U8/><E45/><V9/><F9/><W93/><G93/><T105/><D105/><U103/><E42/><V15/><F15/><W80/><G80/><T95/><D95/><U4/><E8/><V97/><F97/><W3/><G125/><T52/><REACH who="0" step="1"/><D67/><REACH who="0" ten="348,199,257,186" step="2"/><U128/><E103/><V74/><F64/><W127/><G127/><T85/><D85/><U11/><E89/><V35/><F126/><W44/><G108/><T22/><AGARI ba="0,1" hai="14,17,22,27,28,33,39,41,46,49,52,58,101,102" machi="22" ten="20,12000,2" yaku="1,1,0,1,7,1,52,1,54,1,53,1" doraHai="48" doraHaiUra="20" who="0" fromWho="0" sc="348,130,199,-30,257,-30,186,-60" /><INIT seed="4,0,0,1,2,125" ten="478,169,227,126" oya="0" hai0="88,14,122,115,50,98,38,120,43,54,114,130,58" hai1="1,87,104,123,17,66,53,24,112,59,93,34,124" hai2="78,96,4,41,22,97,95,133,103,30,116,79,127" hai3="65,129,25,105,21,47,2,8,110,109,86,36,121"/><T27/><D130/><U12/><E104/><V73/><F127/><W118/><G105/><T33/><D14/><U60/><E124/><V48/><F133/><W56/><G56/><T119/><D119/><U102/><E123/><V72/><F4/><W113/><G65/><T6/><D6/><U135/><E135/><V89/><F41/><W107/><G107/><T75/><D75/><N who="2" m="28746" /><F48/><W128/><G118/><T71/><D71/><U13/><E1/><V106/><F22/><W64/><G64/><T19/><D120/><U20/><E112/><V57/><F57/><W28/><G113/><T26/><D122/><U126/><E126/><V70/><F30/><W68/><G68/><T9/><D33/><U90/><E34/><V7/><F7/><N who="3" m="1143" /><G86/><T101/><D101/><U31/><E102/><N who="2" m="62791" /><F70/><W108/><G121/><T3/><D3/><U46/><REACH who="1" step="1"/><E31/><REACH who="1" ten="478,159,227,126" step="2"/><V85/><F116/><W134/><G134/><T52/><D114/><U117/><E117/><V80/><AGARI ba="0,1" hai="78,79,80,85,89,95,97,103" m="62791,28746" machi="80" ten="30,8000,1" yaku="35,5" doraHai="125" who="2" fromWho="2" sc="478,-40,159,-20,227,90,126,-20" /><INIT seed="5,0,0,5,3,4" ten="438,139,317,106" oya="1" hai0="6,21,91,11,3,27,69,129,20,123,95,40,56" hai1="108,37,133,89,59,113,90,76,119,29,43,117,57" hai2="110,53,7,82,132,30,23,33,114,134,79,135,0" hai3="80,103,14,87,55,47,28,9,109,75,124,25,5"/><U127/><E108/><V112/><F53/><W126/><G109/><T38/><D69/><U68/><E113/><N who="2" m="43627" /><F110/><W36/><G75/><T115/><D129/><U42/><E127/><V104/><F104/><W32/><G103/><T49/><D123/><U65/><E133/><V63/><F63/><W77/><G55/><T15/><D38/><U93/><E68/><V86/><F23/><W96/><G96/><T106/><D106/><U74/><E37/><V120/><F120/><W52/><REACH who="3" step="1"/><G36/><REACH who="3" ten="438,139,317,96" step="2"/><T125/><D115/><U94/><E74/><V60/><F135/><W26/><G26/><T83/><D27/><U18/><E65/><V88/><F134/><W92/><G92/><T12/><D95/><U17/><REACH who="1" step="1"/><E76/><REACH who="1" ten="438,129,317,96" step="2"/><V54/><F79/><W81/><G81/><T44/><D83/><U16/><E16/><V64/><F64/><W128/><G128/><T85/><D125/><U98/><E98/><V118/><F82/><W100/><G100/><T71/><D71/><U48/><E48/><AGARI ba="0,2" hai="5,9,14,25,28,32,47,48,52,77,80,87,124,126" machi="48" ten="40,5200,0" yaku="1,1,52,1,54,1,53,0" doraHai="4" doraHaiUra="70" who="3" fromWho="1" sc="438,0,129,-52,317,0,96,72" /><INIT seed="6,0,0,4,0,81" ten="438,77,317,168" oya="2" hai0="125,3,83,23,64,101,36,48,114,1,84,50,126" hai1="106,35,99,94,118,86,37,88,110,40,100,29,4" hai2="46,43,82,26,53,39,120,108,133,122,33,92,31" hai3="32,97,128,93,67,74,130,115,56,111,44,127,24"/><V102/><F133/><W45/><G74/><T0/><D36/><U8/><E110/><V20/><F108/><W66/><G111/><T103/><D64/><U15/><E118/><V80/><F53/><W63/><G127/><N who="0" m="48651" /><D23/><U73/><E35/><V61/><F61/><W135/><G135/><T95/><D114/><U69/><E29/><V96/><REACH who="2" step="1"/><F33/><REACH who="2" ten="438,77,307,168" step="2"/><W34/><G34/><T38/><D38/><U2/><E37/><V17/><F17/><W87/><G32/><T27/><D27/><U21/><E40/><V68/><F68/><W19/><G24/><T71/><D71/><U78/><E69/><V11/><F11/><W9/><G19/><T117/><D117/><U7/><E21/><V55/><F55/><W77/><G9/><T105/><D50/><U41/><E41/><V25/><F25/><W70/><G70/><T98/><D48/><U51/><E51/><V75/><F75/><W28/><G67/><T85/><D83/><AGARI ba="0,1" hai="20,26,31,39,43,46,80,82,83,92,96,102,120,122" machi="83" ten="40,3900,0" yaku="1,1,53,1" doraHai="81" doraHaiUra="16" who="2" fromWho="0" sc="438,-39,77,0,307,49,168,0" /><INIT seed="6,1,0,4,2,87" ten="399,77,356,168" oya="2" hai0="38,71,24,64,129,37,110,40,1,26,19,4,98" hai1="44,10,6,93,42,84,29,120,36,60,20,58,88" hai2="28,133,67,86,22,25,12,43,100,80,97,57,96" hai3="14,50,105,122,59,8,90,82,23,54,55,121,83"/><V116/><F116/><W41/><G105/><T117/><D117/><U34/><E120/><V69/><F133/><W61/><G41/><T126/><D110/><U106/><E106/><V53/><F43/><W32/><G32/><T9/><D126/><U89/><E34/><V115/><F115/><W18/><G23/><T111/><D111/><U49/><E20/><V3/><F3/><W91/><G122/><T35/><D35/><U94/><E29/><V65/><F12/><W31/><G31/><T75/><D98/><N who="2" m="37994" /><F69/><W0/><G0/><T127/><D127/><U108/><E108/><V101/><F100/><W62/><G62/><T47/><D38/><U92/><E36/><V135/><F101/><W125/><G125/><T95/><D95/><U70/><E70/><V72/><F72/><W104/><G104/><T119/><D119/><U7/><E84/><V33/><F33/><W15/><G15/><T68/><D68/><U85/><E85/><V2/><F2/><W103/><G103/><T46/><D75/><U131/><E131/><V130/><F135/><W17/><G17/><T73/><D129/><U76/><E76/><N who="2" m="46343" /><F130/><W16/><G18/><T56/><D71/><U128/><E128/><V11/><F11/><W66/><G66/><T113/><D19/><U52/><E10/><V63/><AGARI ba="1,0" hai="22,25,28,53,57,63,65,67" m="46343,37994" machi="63" ten="30,1500,0" yaku="8,1" doraHai="87" who="2" fromWho="2" sc="399,-6,77,-6,356,18,168,-6" /><INIT seed="6,2,0,1,2,64" ten="393,71,374,162" oya="2" hai0="63,26,54,102,4,36,110,78,22,95,115,43,116" hai1="14,34,59,67,53,25,117,77,19,5,84,13,37" hai2="93,61,129,124,2,1,71,79,29,11,89,31,85" hai3="42,41,90,35,17,18,96,122,27,58,83,38,130"/><V104/><F104/><W51/><G130/><T16/><D110/><U105/><E117/><V57/><F129/><W123/><G38/><T6/><D116/><U33/><E37/><V94/><F124/><W65/><G65/><T125/><D115/><U98/><E5/><V100/><F79/><W119/><G119/><T20/><D78/><U30/><E34/><V28/><F11/><W114/><G114/><T12/><D43/><U49/><E14/><V9/><F9/><W88/><G35/><T133/><D36/><U74/><E74/><V80/><F71/><W39/><G39/><T44/><D133/><U103/><E77/><V62/><F62/><W3/><G3/><T50/><D125/><U48/><E84/><V111/><F111/><W86/><G123/><T55/><D95/><U7/><E7/><N who="0" m="2601" /><D102/><U118/><E118/><V82/><F94/><N who="3" m="56391" /><G122/><T107/><D107/><U76/><E76/><V69/><F69/><W45/><G58/><N who="0" m="35295" /><D12/><U128/><E128/><V40/><F40/><N who="3" m="24999" /><G18/><T81/><D81/><U97/><E98/><V0/><REACH who="2" step="1"/><F100/><REACH who="2" ten="393,71,364,162" step="2"/><W52/><G42/><T134/><D134/><U112/><E112/><V132/><F132/><W66/><G41/><T23/><AGARI ba="2,1" hai="16,20,22,23,26,44,50,54" m="35295,2601" machi="23" ten="30,2000,0" yaku="8,1,54,1" doraHai="64" who="0" fromWho="0" sc="393,36,71,-7,364,-12,162,-7" /><INIT seed="7,0,0,2,1,5" ten="429,64,352,155" oya="3" hai0="33,19,52,56,133,76,117,116,104,29,77,22,87" hai1="45,94,88,43,105,81,20,79,50,69,59,40,60" hai2="38,0,86,120,85,91,58,92,24,4,15,17,46" hai3="26,54,125,101,1,78,103,13,61,75,130,99,122"/><W64/><G1/><T6/><D104/><U96/><E69/><V36/><F120/><W109/><G109/><T121/><D121/><U80/><E105/><V113/><F113/><W115/><G115/><T53/><D33/><U8/><E43/><V10/><F46/><W11/><G130/><T41/><D29/><U70/><E70/><V107/><F107/><W18/><G122/><T44/><D6/><U66/><E79/><V57/><F24/><W132/><G54/><T14/><D133/><U47/><E47/><V65/><F86/><W93/><G132/><T48/><D53/><U21/><REACH who="1" step="1"/><E8/><REACH who="1" ten="429,54,352,155" step="2"/><V119/><F119/><W51/><G78/><T89/><D116/><U71/><E71/><V72/><F72/><W16/><G75/><T73/><D73/><U95/><E95/><V123/><F123/><W12/><G11/><T3/><D117/><U111/><E111/><V114/><F114/><W134/><G93/><T128/><D76/><U108/><E108/><V25/><F25/><W106/><G26/><T2/><D77/><U131/><E131/><V83/><F92/><W98/><G106/><T67/><D128/><U31/><E31/><V84/><F84/><W124/><G134/><T35/><D87/><U23/><AGARI ba="0,1" hai="20,21,23,40,45,50,59,60,66,80,81,88,94,96" machi="23" ten="30,7900,0" yaku="1,1,0,1,8,1,54,1,53,0" doraHai="5" doraHaiUra="97" who="1" fromWho="1" sc="429,-20,54,89,352,-20,155,-39" owari="409,50.9,143,-25.7,332,13.2,116,-38.4" /></mjloggm>