<mjloggm ver="2.3"><GO type="169" lobby="0"/><UN n0="%E3%81%88%E3%81%8C%E3%82%8F%E3%82%8A%E3%81%8A" n1="%53%68%69%72%6C%65%79" n2="%E3%81%9B%E3%81%A9%E3%81%AA%E3%82%8A%E3%81%82%E3%82%93" n3="%E3%81%86%E3%81%A1%E3%83%BC" dan="16,16,17,17" rate="2113.27,2082.66,2171.23,2156.49" sx="M,M,F,M"/><TAIKYOKU oya="0"/><INIT seed="0,0,0,4,1,39" ten="250,250,250,250" oya="0" hai0="1,43,135,17,130,73,133,71,18,134,7,23,69" hai1="28,124,132,70,31,118,101,110,58,123,56,113,97" hai2="114,108,66,106,86,87,15,82,88,76,117,49,93" hai3="85,61,96,32,51,38,14,10,19,121,105,122,8"/><T112/><D112/><U79/><E70/><V52/><F108/><W125/><G38/><T83/><D130/><U84/><E110/><V41/><F117/><W46/><G125/><T26/><D18/><U89/><E124/><V42/><F106/><W4/><G32/><T21/><D21/><U13/><E123/><N who="3" m="47114" /><G61/><T44/><D7/><U78/><E118/><V16/><F66/><W54/><G85/><T57/><D57/><U11/><E56/><N who="2" m="32783" /><F114/><W24/><G24/><T34/><D1/><U94/><E58/><V65/><F65/><W68/><G68/><T126/><D34/><U127/><E113/><V55/><F55/><W12/><G96/><T92/><D92/><N who="1" m="58535" /><E132/><V29/><F29/><N who="1" m="11337" /><E127/><V119/><F119/><W81/><G81/><T98/><D98/><U67/><E67/><V63/><F63/><W129/><G105/><T36/><REACH who="0" step="1"/><D126/><REACH who="0" ten="240,250,250,250" step="2"/><U33/><E33/><V3/><F3/><W5/><G5/><AGARI ba="0,1" hai="5,11,13,78,79,84,89,94" m="11337,58535" machi="5" ten="30,1000,0" yaku="8,1" doraHai="39" who="1" fromWho="3" sc="240,0,250,20,250,0,250,-10" /><INIT seed="1,0,0,1,4,85" ten="240,270,250,240" oya="1" hai0="91,89,94,63,105,106,120,52,15,33,9,107,81" hai1="34,21,134,25,42,70,111,80,44,98,57,48,36" hai2="112,47,7,71,53,38,5,3,46,75,54,87,30" hai3="130,12,86,117,6,131,118,35,23,83,93,27,82"/><U126/><E134/><V60/><F75/><W100/><G35/><T122/><D33/><U51/><E126/><V121/><F121/><N who="0" m="46698" /><D81/><U104/><E70/><V37/><F30/><W77/><G6/><N who="0" m="3511" /><D94/><U116/><E116/><N who="3" m="44650" /><G12/><T20/><D20/><U13/><E13/><V97/><F87/><N who="3" m="48591" /><G23/><T72/><D72/><U50/><E34/><V31/><F3/><W132/><G27/><T58/><AGARI ba="0,0" hai="52,58,63,89,91,105,106,107" m="3511,46698" machi="58" ten="40,8000,1" yaku="13,1,52,2,54,1" doraHai="85" who="0" fromWho="0" sc="240,80,270,-40,250,-20,240,-20" /><INIT seed="2,0,0,2,2,20" ten="320,230,230,220" oya="2" hai0="115,125,32,88,30,111,38,8,100,85,107,49,1" hai1="130,53,102,43,72,80,106,69,61,58,56,105,40" hai2="23,86,45,13,9,132,7,120,83,55,12,78,91" hai3="93,117,46,63,44,131,121,98,26,33,110,18,99"/><V0/><F132/><W66/><G110/><T134/><D115/><U37/><E69/><V15/><F120/><W31/><G117/><T126/><D38/><U52/><E130/><V94/><F45/><W81/><G131/><T71/><D71/><U57/><E57/><V109/><F109/><W21/><G121/><T74/><D74/><U67/><E67/><V114/><F114/><W84/><G18/><T70/><D70/><U113/><E113/><V10/><F55/><W6/><G6/><N who="0" m="1103" /><D111/><U34/><E34/><V25/><F9/><W112/><G33/><T16/><D49/><U96/><E105/><V41/><F41/><W5/><G5/><T89/><D134/><U19/><E37/><V101/><F101/><W104/><G104/><T90/><D107/><U87/><E72/><V135/><F135/><W119/><G119/><T64/><D64/><U79/><REACH who="1" step="1"/><E19/><REACH who="1" ten="320,220,230,220" step="2"/><N who="2" m="12543" /><F0/><W27/><G112/><T60/><D16/><U116/><E116/><V36/><F36/><W2/><G66/><T22/><D32/><U35/><E35/><V65/><F65/><W76/><G46/><T42/><D126/><U39/><E39/><V124/><F124/><W122/><G44/><T51/><D125/><U108/><E108/><V29/><F29/><W118/><G118/><T4/><D30/><U48/><AGARI ba="0,1" hai="40,43,48,52,53,56,58,61,79,80,87,96,102,106" machi="48" ten="20,5200,0" yaku="1,1,0,1,7,1,54,1,53,0" doraHai="20" doraHaiUra="133" who="1" fromWho="1" sc="320,-13,220,62,230,-26,220,-13" /><INIT seed="3,0,0,0,4,22" ten="307,282,204,207" oya="3" hai0="109,33,55,10,111,25,42,18,20,91,49,67,125" hai1="71,83,135,43,90,57,14,76,98,8,116,130,61" hai2="28,124,59,47,103,45,96,75,9,118,121,85,87" hai3="62,80,78,120,86,23,13,36,79,63,12,89,81"/><W82/><G36/><T112/><D125/><U56/><E71/><V101/><F75/><W31/><G120/><T72/><D72/><U3/><E3/><V107/><F118/><W92/><G12/><T126/><D126/><U19/><E130/><V102/><F124/><W66/><G62/><T64/><D112/><U100/><E116/><V134/><F134/><W30/><G13/><T48/><D33/><U29/><E43/><V99/><F121/><W51/><G51/><T65/><D10/><U133/><E90/><V73/><F73/><W84/><G78/><T32/><D32/><U97/><E29/><V108/><F108/><N who="0" m="41546" /><D91/><U114/><E57/><V94/><F9/><W1/><G1/><T128/><D128/><U132/><E100/><V37/><F102/><W15/><G15/><T58/><D42/><U70/><E70/><V74/><F74/><W35/><G35/><T50/><AGARI ba="0,0" hai="18,20,25,48,49,50,55,58,64,65,67" m="41546" machi="50" ten="40,2700,0" yaku="14,1,52,1" doraHai="22" who="0" fromWho="0" sc="307,27,282,-7,204,-7,207,-13" /><INIT seed="4,0,0,4,3,125" ten="334,275,197,194" oya="0" hai0="63,117,65,64,14,74,11,9,104,93,128,118,126" hai1="44,49,97,122,78,134,22,39,28,68,89,27,83" hai2="127,3,20,33,113,79,21,52,54,42,135,123,99" hai3="133,37,101,61,47,38,6,102,10,36,34,55,70"/><T69/><D126/><U86/><E134/><V45/><F127/><W2/><G133/><T108/><D104/><U5/><E68/><V0/><F135/><W51/><REACH who="3" step="1"/><G34/><REACH who="3" ten="334,275,197,184" step="2"/><T16/><D118/><U119/><E119/><V58/><F33/><W40/><G40/><T112/><D117/><U15/><E122/><V110/><F123/><W59/><G59/><T124/><D124/><U103/><E39/><V41/><F58/><W62/><G62/><T76/><D63/><U116/><E116/><V121/><F121/><W92/><G92/><T67/><D93/><N who="1" m="58799" /><E44/><V72/><F45/><W32/><G32/><T25/><D69/><U90/><E49/><V1/><F42/><W105/><G105/><T88/><D108/><U129/><E129/><V66/><F41/><W85/><G85/><T132/><D128/><U106/><E106/><V23/><F110/><W19/><G19/><T131/><D132/><U53/><E86/><V48/><F48/><W57/><G57/><T77/><D131/><U115/><E5/><V98/><F113/><W50/><G50/><T120/><D120/><U18/><E115/><V84/><F84/><W81/><G81/><T100/><D112/><U12/><E83/><N who="2" m="45543" /><F66/><AGARI ba="0,1" hai="2,6,10,36,37,38,47,51,55,61,66,70,101,102" machi="66" ten="40,1300,0" yaku="1,1,53,0" doraHai="125" doraHaiUra="82" who="3" fromWho="2" sc="334,0,275,0,197,-13,184,23" /><INIT seed="5,0,0,0,3,93" ten="334,275,184,207" oya="1" hai0="83,82,46,100,121,118,80,43,35,71,0,81,69" hai1="104,29,25,31,1,38,19,135,96,73,107,44,77" hai2="21,127,90,116,61,125,97,28,37,66,12,89,65" hai3="134,45,119,59,3,4,76,30,112,130,48,98,22"/><U91/><E1/><V6/><F37/><W24/><G112/><T54/><D118/><U132/><E19/><V2/><F116/><W102/><G119/><T131/><D0/><U62/><E62/><V27/><F2/><W78/><G134/><N who="1" m="51242" /><E77/><V10/><F65/><W79/><G130/><T49/><D35/><N who="1" m="20911" /><E73/><V72/><F72/><W74/><G59/><T40/><D131/><U68/><E68/><V51/><F61/><W109/><G109/><T14/><D121/><U94/><E31/><V67/><F66/><W20/><G74/><T106/><D71/><U92/><E92/><V7/><F67/><W70/><G70/><T101/><D69/><U111/><E111/><V55/><F6/><W87/><G4/><T124/><D106/><U9/><E9/><V88/><F125/><W16/><G3/><T113/><D124/><U58/><E58/><N who="2" m="33151" /><F127/><W47/><G87/><T126/><D126/><U57/><E57/><V84/><F84/><W18/><G22/><T99/><D113/><U8/><E8/><V53/><F53/><N who="3" m="29839" /><G47/><T26/><D46/><U95/><E38/><V63/><F63/><W34/><G34/><T56/><D56/><U17/><E44/><V122/><F122/><W133/><G133/><T33/><D33/><U42/><E107/><V115/><F115/><W23/><G23/><T114/><D114/><U5/><E5/><V123/><F123/><W11/><G11/><T32/><D32/><U110/><E104/><V85/><F85/><W108/><G108/><T41/><D49/><U105/><E110/><V13/><F13/><W36/><G36/><RYUUKYOKU ba="0,0" sc="334,-15,275,-15,184,15,207,15" hai2="7,10,12,21,27,28,88,89,90,97" hai3="16,18,20,24,30,76,78,79,98,102" /><INIT seed="6,1,0,3,0,13" ten="319,260,199,222" oya="2" hai0="10,37,96,99,70,104,1,63,14,16,23,101,106" hai1="79,7,42,114,32,61,90,41,122,9,21,65,112" hai2="72,110,86,52,74,108,54,95,25,78,49,4,87" hai3="75,107,46,68,102,133,126,82,44,35,115,131,12"/><V50/><F4/><W17/><G68/><T27/><D37/><U123/><E32/><V71/><F71/><W15/><G35/><T135/><D1/><U103/><E103/><V30/><F78/><N who="3" m="44383" /><G107/><T62/><D135/><U118/><E79/><V24/><REACH who="2" step="1"/><F95/><REACH who="2" ten="319,260,189,222" step="2"/><W55/><G133/><T120/><D70/><U81/><E7/><V113/><F113/><W36/><G115/><T28/><D120/><U128/><E114/><V8/><F8/><W94/><G131/><T57/><D57/><U6/><E128/><V80/><F80/><W76/><G76/><T105/><D105/><U20/><E112/><V92/><F92/><W117/><G94/><T67/><D67/><U93/><E81/><V132/><F132/><W47/><G117/><T98/><D98/><U59/><E118/><V2/><F2/><W73/><G44/><T34/><D104/><U121/><E6/><V119/><F119/><W43/><G46/><T48/><D96/><N who="1" m="57399" /><E9/><V69/><F69/><W77/><G77/><T53/><D10/><U111/><E65/><V51/><F51/><W39/><G39/><T18/><D48/><U129/><E129/><V85/><F85/><W97/><G73/><T91/><D106/><U29/><E122/><V56/><F56/><W0/><G0/><T83/><D83/><U130/><E130/><V116/><F116/><W127/><G97/><T5/><D99/><U38/><E38/><V66/><F66/><W40/><G47/><T58/><D5/><U31/><E123/><V19/><F19/><W124/><G36/><T11/><D58/><U84/><E59/><RYUUKYOKU ba="1,1" sc="319,-10,260,-10,189,30,222,-10" hai2="24,25,30,49,50,52,54,72,74,86,87,108,110" /><INIT seed="6,2,1,1,5,36" ten="309,250,219,212" oya="2" hai0="102,81,99,118,41,62,34,29,48,46,115,133,84" hai1="90,57,70,123,55,82,80,131,69,50,22,77,59" hai2="79,109,87,9,10,39,127,91,14,38,45,42,119" hai3="76,83,8,0,2,24,65,120,53,94,32,5,66"/><V12/><F119/><W88/><G120/><T51/><D115/><U61/><E123/><V75/><F127/><W106/><G106/><T52/><D118/><U33/><E33/><V35/><F35/><W21/><G32/><T20/><D34/><U100/><E100/><V125/><F125/><W113/><G0/><T63/><D133/><U108/><E108/><V98/><F109/><W64/><G53/><T49/><D49/><U6/><E131/><V68/><F68/><W7/><G7/><T43/><D20/><U23/><E6/><V92/><F39/><W95/><G113/><T26/><D26/><U27/><E90/><V122/><F122/><W129/><G129/><T40/><D51/><U103/><E103/><V58/><F58/><W114/><G114/><T112/><D29/><U124/><E82/><V116/><F75/><W107/><G107/><T18/><D18/><U16/><E23/><V47/><F47/><W60/><G60/><T54/><D54/><U97/><E97/><V132/><F132/><W15/><G2/><T17/><D17/><U126/><E126/><V89/><F79/><W111/><G111/><T128/><D128/><U31/><E31/><V67/><F116/><W93/><G88/><N who="0" m="51215" /><D112/><U96/><E124/><V72/><F72/><W56/><G56/><T28/><D28/><U71/><E71/><V30/><F30/><N who="3" m="17679" /><G76/><T37/><D37/><U135/><E135/><V130/><F130/><W4/><G4/><T44/><D44/><U101/><E57/><V85/><F38/><W105/><G105/><T117/><D117/><U19/><E69/><RYUUKYOKU ba="2,1" sc="309,15,250,-15,219,-15,212,15" hai0="40,41,43,46,48,52,62,63,99,102" hai3="5,8,15,64,65,66,83,93,94,95" /><INIT seed="7,3,1,3,3,123" ten="324,235,204,227" oya="3" hai0="59,58,11,41,28,12,112,72,125,23,30,129,85" hai1="100,37,115,86,113,52,94,9,133,98,21,60,17" hai2="22,51,101,110,7,15,90,121,6,47,39,91,83" hai3="87,26,84,19,89,46,93,102,3,103,111,116,105"/><W95/><G3/><T78/><D72/><U76/><E37/><V36/><F110/><W74/><G116/><T68/><D68/><U97/><E9/><V127/><F127/><W20/><G74/><T118/><D118/><U75/><E75/><V13/><F121/><W108/><G46/><T131/><D125/><U120/><E120/><V8/><F101/><W66/><G66/><T34/><D34/><U106/><E86/><V2/><F2/><W57/><G57/><N who="0" m="21515" /><D41/><U33/><E76/><V80/><F39/><W29/><G29/><T88/><D78/><U38/><E33/><V40/><F36/><W130/><G130/><N who="0" m="49675" /><D23/><U62/><E21/><V44/><F44/><W119/><G119/><T10/><D10/><U67/><E38/><V45/><F45/><W77/><G77/><T24/><D24/><U31/><E62/><V61/><F61/><W82/><G105/><T5/><D112/><U14/><E115/><V135/><F135/><W104/><G104/><T25/><D25/><U32/><E133/><V48/><F48/><W50/><G50/><T96/><D96/><U53/><E113/><V56/><F56/><W63/><G63/><T124/><D124/><U35/><E60/><V4/><F22/><W134/><G134/><T70/><D70/><U43/><E32/><V18/><F13/><W16/><G19/><T42/><D42/><U69/><E43/><V117/><F117/><W64/><G64/><T126/><D126/><U1/><E67/><V128/><F128/><W55/><G20/><T99/><D99/><N who="1" m="59511" /><E69/><V49/><F49/><W0/><G111/><RYUUKYOKU ba="3,1" sc="324,15,235,-15,204,15,227,-15" hai0="5,11,12,28,30,85,88" hai2="4,6,7,8,15,18,40,47,51,80,83,90,91" owari="349,44.9,220,2.0,219,-18.1,212,-28.8" /></mjloggm>