<mjloggm ver="2.3"><GO type="169" lobby="0"/><UN n0="%E8%B5%A4%E7%BE%8E%E6%BF%83%E3%81%BE%E3%81%90%E3%82%8D" n1="%71%75%65%79%69%6D%65%6E" n2="%67%6F%6B%75%61%6B%75" n3="%E3%82%AB%E3%83%AB%E3%83%94%E3%82%B9%E3%82%B5%E3%83%AF%E3%83%BC" dan="16,16,17,17" rate="2162.39,2092.22,2202.29,2209.83" sx="M,M,M,M"/><TAIKYOKU oya="0"/><INIT seed="0,0,0,5,2,102" ten="250,250,250,250" oya="0" hai0="85,134,5,118,33,26,68,74,65,99,78,70,1" hai1="25,135,73,12,36,3,49,31,120,94,39,129,107" hai2="32,45,76,122,35,106,23,46,6,57,114,124,113" hai3="112,116,90,44,15,28,37,81,82,7,60,84,47"/><T30/><D85/><U75/><E49/><V79/><F122/><W123/><G112/><T126/><D118/><U110/><E12/><V42/><F124/><W108/><G116/><T71/><D126/><U56/><E56/><V21/><F57/><W18/><G108/><T51/><D51/><U133/><E94/><V2/><F6/><W105/><G123/><T40/><D40/><U119/><E25/><V117/><F117/><W29/><G7/><T111/><D134/><U89/><E89/><V121/><F121/><W54/><G105/><T132/><D132/><N who="1" m="50763" /><E119/><V80/><F80/><W100/><G100/><T8/><D111/><U20/><E120/><V9/><F9/><W17/><G81/><N who="0" m="45271" /><D99/><U104/><E20/><V22/><F22/><W72/><G15/><T14/><D14/><U63/><E110/><V53/><F42/><W131/><G90/><T27/><D27/><U55/><E55/><V19/><F53/><W77/><G54/><T67/><D67/><U66/><E31/><V128/><F19/><W38/><G17/><T62/><AGARI ba="0,0" hai="1,5,8,26,30,33,62,65,68,70,71" m="45271" machi="62" ten="30,3000,0" yaku="33,2" doraHai="102" who="0" fromWho="0" sc="250,30,250,-10,250,-10,250,-10" /><INIT seed="0,1,0,5,3,9" ten="280,240,240,240" oya="0" hai0="19,35,129,131,71,86,21,83,40,62,67,135,110" hai1="56,115,133,92,127,51,108,104,5,26,42,91,64" hai2="88,8,25,15,96,33,119,39,116,57,112,48,97" hai3="130,103,29,74,128,6,12,68,27,77,3,59,79"/><T16/><D35/><U23/><E104/><V34/><F112/><W84/><G68/><T11/><D135/><U32/><E108/><V7/><F39/><W93/><G3/><T111/><D11/><U49/><E32/><V105/><F105/><W73/><G59/><T132/><D40/><U123/><E123/><V69/><F69/><W41/><G41/><T99/><D99/><U124/><E133/><V17/><F7/><W90/><G6/><T66/><D66/><U20/><E5/><V82/><F96/><N who="3" m="59791" /><G12/><N who="0" m="9351" /><D19/><U109/><E23/><V114/><F114/><W107/><G27/><T37/><D37/><U63/><E109/><N who="0" m="41481" /><D132/><U46/><E115/><V45/><F25/><W89/><G29/><T78/><AGARI ba="1,0" hai="62,67,71,78,83,86,129,131" m="41481,9351" machi="78" ten="30,11700,0" yaku="14,1,10,1,52,1,54,1" doraHai="9" who="0" fromWho="0" sc="280,120,240,-40,240,-40,240,-40" /><INIT seed="0,2,0,0,1,0" ten="400,200,200,200" oya="0" hai0="70,97,109,34,122,56,58,53,88,43,42,22,4" hai1="52,21,80,85,71,10,99,51,49,130,94,29,24" hai2="46,17,44,81,82,67,84,15,59,72,106,127,11" hai3="115,18,75,60,114,61,104,118,126,79,113,103,108"/><T92/><D122/><U68/><E130/><V13/><F106/><W135/><G18/><T91/><D70/><U96/><E49/><V123/><F123/><W98/><G60/><T90/><D34/><U50/><E51/><V41/><F127/><W86/><G61/><T102/><D109/><U35/><E35/><V37/><F46/><W112/><N who="3" m="28672" /><DORA hai="12" /><W33/><G33/><T9/><D22/><U133/><E133/><V117/><F117/><W87/><G118/><T38/><D38/><U16/><E96/><V31/><F31/><W125/><G108/><T47/><D47/><U48/><E48/><V128/><F128/><W95/><G135/><T120/><D120/><U64/><E64/><V36/><F36/><W40/><G40/><T93/><D93/><U107/><E107/><V110/><F110/><W100/><G100/><T101/><D101/><U77/><E10/><V63/><F72/><W74/><G74/><T26/><D26/><U124/><E124/><N who="3" m="47722" /><G104/><T69/><D69/><U132/><E29/><V30/><F30/><W2/><G2/><T19/><D19/><U65/><E65/><V20/><REACH who="2" step="1"/><F84/><REACH who="2" ten="400,200,190,200" step="2"/><W121/><G121/><T76/><D43/><U7/><E132/><V54/><F54/><W25/><G25/><T6/><D42/><U23/><E52/><V45/><F45/><W89/><G103/><T73/><D53/><U14/><E24/><V129/><F129/><W134/><G134/><T116/><D73/><U5/><E85/><V111/><F111/><W27/><G27/><T83/><D102/><U66/><E66/><V39/><F39/><RYUUKYOKU ba="2,1" sc="400,-15,200,-15,190,15,200,15" hai2="11,13,15,17,20,37,41,44,59,63,67,81,82" hai3="75,79,86,87,89,95,98" /><INIT seed="1,3,1,4,5,13" ten="385,185,205,215" oya="1" hai0="27,10,41,103,97,42,90,54,133,118,37,120,89" hai1="79,63,6,68,116,40,98,36,99,112,12,114,15" hai2="123,31,44,65,85,59,47,81,77,129,122,67,2" hai3="70,126,61,80,7,124,9,107,82,125,64,52,34"/><U5/><E116/><V95/><F2/><W43/><G34/><T29/><D118/><U91/><E79/><V109/><F109/><W26/><G107/><T74/><D74/><U115/><E36/><V17/><F129/><W101/><G101/><T100/><D133/><U132/><E40/><V110/><F110/><W46/><G26/><T38/><D120/><U93/><E132/><V128/><F128/><W57/><G64/><T69/><D69/><U14/><REACH who="1" step="1"/><E99/><REACH who="1" ten="385,175,205,215" step="2"/><V8/><F122/><W62/><G43/><T48/><D42/><U135/><E135/><V33/><F123/><W28/><G125/><T16/><D41/><U1/><E1/><V117/><F117/><W130/><G126/><T92/><D38/><U108/><E108/><V88/><F77/><W76/><G76/><T87/><D37/><U49/><E49/><V51/><F51/><W73/><G124/><T18/><D97/><U84/><E84/><V72/><F72/><W3/><G73/><T86/><D48/><U50/><E50/><V94/><F47/><W53/><G46/><T71/><D87/><U58/><E58/><V30/><F44/><W32/><G130/><T56/><D56/><U20/><E20/><V21/><F59/><N who="3" m="35047" /><G70/><T23/><D71/><U105/><E105/><V113/><F21/><W96/><G96/><T83/><D23/><U66/><AGARI ba="3,2" hai="5,6,12,14,15,63,66,68,91,93,98,112,114,115" machi="66" ten="40,3900,0" yaku="1,1,0,1,53,0" doraHai="13" doraHaiUra="55" who="1" fromWho="1" sc="385,-16,175,68,205,-16,215,-16" /><INIT seed="1,4,0,3,5,56" ten="369,243,189,199" oya="1" hai0="9,36,47,32,45,82,44,22,83,52,113,49,72" hai1="15,77,8,4,94,69,78,57,46,120,112,106,11" hai2="117,35,128,61,116,67,65,70,21,97,14,84,115" hai3="95,114,42,123,6,119,100,41,87,92,39,126,1"/><U50/><E106/><V3/><F3/><W135/><G123/><T19/><D32/><U129/><E69/><V81/><F35/><W98/><G114/><T55/><D113/><U79/><E112/><V108/><F115/><W110/><G110/><T17/><D72/><U25/><E120/><V16/><F108/><W54/><G126/><T31/><D36/><U131/><E25/><V132/><F128/><N who="1" m="49225" /><E11/><V74/><F132/><W88/><G135/><T29/><D9/><U13/><E13/><V130/><F130/><W24/><G119/><T122/><D122/><U124/><E124/><V60/><F97/><W104/><G39/><T73/><D73/><U76/><E76/><V62/><F62/><W12/><G1/><T37/><D37/><U53/><E94/><V93/><F93/><W18/><G104/><T91/><D91/><U71/><E71/><V48/><F48/><W125/><G125/><T33/><D33/><U10/><E10/><V34/><F34/><W59/><G24/><T80/><D49/><U23/><E23/><V64/><F64/><W85/><G85/><T103/><D103/><U99/><E99/><V102/><F102/><W86/><G86/><T105/><D105/><U134/><E134/><V121/><F74/><W90/><G6/><T51/><D51/><U28/><E28/><N who="0" m="10825" /><D22/><U127/><E127/><V27/><F27/><W107/><G107/><T109/><D109/><U26/><E26/><V133/><F133/><W43/><G100/><T40/><D40/><U101/><E101/><V7/><F121/><W96/><G96/><T2/><D2/><RYUUKYOKU ba="4,0" sc="369,15,243,15,189,-15,199,-15" hai0="17,19,44,45,47,52,55,80,82,83" hai1="4,8,15,46,50,53,57,77,78,79" /><INIT seed="1,5,0,2,2,47" ten="384,258,174,184" oya="1" hai0="91,106,1,108,121,24,64,22,102,105,9,72,43" hai1="119,13,67,99,23,25,109,56,32,46,125,5,94" hai2="30,71,127,80,85,90,107,62,126,93,2,88,120" hai3="3,69,92,45,17,132,114,54,49,118,33,68,52"/><U29/><E119/><V129/><F2/><W28/><G114/><T20/><D121/><U104/><E125/><N who="2" m="47627" /><F30/><W117/><G3/><T98/><D108/><U84/><E109/><V133/><F62/><W110/><G110/><T75/><D106/><U83/><E104/><V63/><F63/><W14/><G132/><T60/><D91/><U86/><E46/><V79/><F71/><W35/><G92/><T76/><D76/><U122/><E122/><V36/><F36/><W113/><G113/><T11/><D43/><U112/><E112/><V18/><F18/><W48/><G28/><T31/><D20/><U89/><E32/><V130/><F120/><W59/><G33/><T61/><D61/><N who="1" m="38311" /><E83/><N who="2" m="49215" /><F107/><W4/><G4/><T19/><D11/><AGARI ba="5,0" hai="5,11,13,23,25,29,84,86,89,94,99" m="38311" machi="11" ten="30,1500,0" yaku="8,1" doraHai="47" who="1" fromWho="0" sc="384,-30,258,30,174,0,184,0" /><INIT seed="1,6,0,1,0,88" ten="354,288,174,184" oya="1" hai0="17,115,104,107,48,33,80,132,116,106,77,93,44" hai1="87,98,16,101,34,15,27,53,111,55,3,70,110" hai2="96,85,82,24,69,43,83,35,109,84,73,51,52" hai3="58,36,56,75,59,8,28,23,57,47,65,10,133"/><U46/><E3/><V74/><F69/><W94/><G75/><T7/><D116/><U68/><E87/><V97/><F109/><N who="1" m="41481" /><E34/><V130/><F130/><W118/><G133/><T102/><D33/><U112/><E27/><V129/><F129/><W120/><G120/><T6/><D115/><U67/><E112/><V99/><F43/><W103/><G47/><T121/><D121/><U127/><E127/><V62/><F62/><N who="3" m="38087" /><G36/><T91/><D102/><U41/><E67/><V124/><F124/><W40/><G40/><T131/><D17/><U105/><E70/><V119/><F119/><W39/><G39/><T108/><D108/><U135/><E68/><V117/><F117/><W72/><G72/><T49/><D132/><U13/><E13/><V71/><F71/><W86/><G118/><T89/><D131/><U31/><E31/><V64/><F64/><W81/><G81/><T134/><D134/><U125/><E125/><V123/><F123/><W25/><G86/><T126/><D126/><U50/><E135/><V113/><F113/><W128/><G128/><T122/><D122/><U60/><E60/><V18/><F35/><W26/><G26/><T114/><D114/><U12/><E12/><V63/><F63/><W45/><G45/><T5/><D44/><U30/><E30/><V32/><F32/><W100/><G100/><T19/><D49/><U54/><E41/><V42/><F42/><W95/><G103/><T38/><D48/><U76/><E76/><N who="2" m="46151" /><F24/><W4/><G4/><T21/><D38/><U90/><E90/><N who="2" m="51519" /><F18/><W29/><G29/><T9/><D7/><RYUUKYOKU ba="6,0" sc="354,-30,288,10,174,10,184,10" hai1="15,16,46,50,53,54,55,98,101,105" hai2="51,52,73,74,96,97,99" hai3="8,10,23,25,28,57,58,59,94,95" /><INIT seed="1,7,0,5,1,63" ten="324,298,184,194" oya="1" hai0="134,85,101,105,100,18,76,4,119,31,73,37,64" hai1="77,111,110,126,95,48,83,23,39,51,62,124,112" hai2="89,7,70,87,81,55,25,54,12,19,34,8,47" hai3="103,88,15,94,108,9,80,118,26,1,71,78,13"/><U60/><E39/><V90/><F70/><W29/><G71/><T61/><D119/><U20/><E95/><V43/><F89/><W99/><G108/><N who="1" m="41514" /><E112/><V27/><F34/><W40/><G118/><T97/><D134/><U53/><E60/><V10/><F55/><W121/><G121/><T24/><D101/><U127/><E62/><V131/><F131/><W125/><G125/><T135/><D37/><U5/><E5/><V32/><F32/><W122/><G122/><T92/><D4/><U113/><E113/><V102/><F102/><W86/><G40/><T58/><D135/><U84/><E51/><N who="2" m="29055" /><F43/><W35/><G1/><AGARI ba="7,0" hai="1,7,8,10,12,19,25,27,81,87,90" m="29055" machi="1" ten="30,1000,0" yaku="25,1" doraHai="63" who="2" fromWho="3" sc="324,0,298,0,184,31,194,-31" /><INIT seed="2,0,0,0,0,4" ten="324,298,215,163" oya="2" hai0="26,135,94,83,52,11,21,87,55,131,36,17,7" hai1="123,54,30,3,98,85,89,66,69,96,37,81,64" hai2="102,27,6,113,106,128,125,77,117,28,90,9,111" hai3="76,50,56,84,53,101,65,124,88,32,25,40,45"/><V70/><F117/><W108/><G108/><T129/><D36/><U63/><E37/><V5/><F113/><W68/><G124/><T19/><D94/><U57/><E3/><V93/><F125/><W118/><G118/><T67/><D67/><U48/><E123/><V127/><F127/><W47/><G76/><T12/><D135/><U51/><E66/><V46/><F70/><W62/><G101/><T71/><D71/><U44/><REACH who="1" step="1"/><E30/><REACH who="1" ten="324,288,215,163" step="2"/><V104/><F111/><W95/><REACH who="3" step="1"/><G40/><AGARI ba="0,1" hai="40,44,48,51,54,57,63,64,69,81,85,89,96,98" machi="40" ten="30,3900,0" yaku="1,1,2,1,7,1,53,0" doraHai="4" doraHaiUra="14" who="1" fromWho="3" sc="324,0,288,49,215,0,163,-39" /><INIT seed="3,0,0,3,5,62" ten="324,337,215,124" oya="3" hai0="65,98,88,80,29,99,76,21,33,60,78,47,7" hai1="44,128,34,67,113,42,48,36,27,61,66,31,73" hai2="32,30,103,5,39,70,96,82,69,123,79,120,101" hai3="86,15,130,25,53,77,94,14,108,83,118,56,26"/><W28/><G118/><T1/><D33/><U46/><E113/><V10/><F39/><W12/><G130/><T19/><D29/><U116/><E128/><V4/><F30/><W126/><G126/><T50/><D1/><U24/><E116/><V41/><F32/><W119/><G119/><T52/><D7/><U18/><E73/><V125/><F41/><W51/><G108/><T59/><D99/><U90/><E61/><V13/><F4/><W133/><G133/><T95/><D80/><U115/><E115/><V35/><F35/><W107/><G107/><T71/><D71/><U63/><E63/><V117/><F125/><W122/><G122/><N who="2" m="46633" /><F117/><W131/><G131/><T45/><D45/><U93/><E27/><AGARI ba="0,0" hai="19,21,27,47,50,52,59,60,65,76,78,88,95,98" machi="27" ten="30,8000,1" yaku="7,1,8,1,52,1,54,2" doraHai="62" who="0" fromWho="1" sc="324,80,337,-80,215,0,124,0" /><INIT seed="4,0,0,0,3,17" ten="404,257,215,124" oya="0" hai0="84,133,126,89,120,67,18,109,31,95,92,33,38" hai1="21,83,3,101,34,32,75,56,81,10,90,25,29" hai2="62,53,98,85,68,47,28,125,23,124,49,77,35" hai3="72,12,129,66,59,19,78,4,131,111,93,13,39"/><T63/><D120/><U88/><E101/><V5/><F5/><W64/><G111/><T76/><D38/><U127/><E127/><N who="2" m="48715" /><F35/><W40/><G4/><T116/><D116/><U20/><E34/><V115/><F115/><W14/><G72/><T70/><D126/><U121/><E121/><V91/><F98/><W96/><G78/><T9/><D133/><U2/><E32/><V15/><F77/><W44/><G19/><T103/><D109/><U119/><E119/><V0/><F0/><W61/><REACH who="3" step="1"/><G64/><REACH who="3" ten="404,257,215,114" step="2"/><T100/><D76/><U130/><E75/><V105/><F28/><W107/><G107/><T11/><D18/><U80/><E2/><V45/><F105/><W41/><G41/><T79/><D79/><U71/><E3/><V8/><F53/><W27/><G27/><T46/><D31/><U135/><E29/><V128/><F15/><W118/><G118/><T87/><D67/><U55/><E25/><V106/><F106/><W110/><G110/><T123/><D123/><U30/><E30/><V74/><F74/><W26/><G26/><T82/><D33/><U43/><E43/><V51/><F8/><W37/><G37/><T117/><D11/><U99/><E10/><V73/><F73/><W97/><G97/><T102/><D9/><U94/><E99/><V69/><F23/><W52/><G52/><T112/><D117/><U16/><E55/><V113/><F113/><W60/><G60/><T132/><D112/><U24/><E21/><V86/><F62/><W48/><G48/><T65/><D63/><U36/><E20/><V134/><F49/><RYUUKYOKU ba="0,1" sc="404,-10,257,-10,215,-10,114,30" hai3="12,13,14,39,40,44,59,61,66,93,96,129,131" /><INIT seed="5,1,1,3,0,71" ten="394,247,205,144" oya="1" hai0="6,129,115,37,14,49,118,40,121,91,21,45,122" hai1="79,68,42,35,30,59,123,53,31,11,96,70,44" hai2="105,57,117,135,61,67,83,62,111,36,84,127,92" hai3="101,0,54,94,87,19,41,128,48,2,89,80,97"/><U76/><E123/><N who="0" m="47113" /><D118/><U114/><E114/><V39/><F111/><W130/><G41/><T20/><D115/><U60/><E70/><V103/><F117/><W93/><G80/><T13/><D129/><U69/><E69/><V16/><F105/><W108/><G108/><T64/><D64/><U55/><E68/><V125/><F135/><W74/><G74/><T107/><D107/><U58/><E35/><V1/><F1/><W133/><G133/><T113/><D113/><U86/><E96/><N who="2" m="59783" /><F61/><W100/><G100/><T95/><D49/><U29/><E11/><V9/><F16/><W116/><G116/><T77/><D77/><U112/><E86/><V98/><F9/><W85/><G85/><N who="0" m="52719" /><D6/><U51/><REACH who="1" step="1"/><E112/><REACH who="1" ten="394,237,205,144" step="2"/><V25/><F98/><W104/><G130/><T81/><D81/><U33/><E33/><V66/><F84/><W73/><G128/><T78/><D78/><U3/><E3/><V4/><F83/><W24/><G73/><T38/><D21/><U22/><E22/><V23/><F23/><N who="3" m="13439" /><G0/><T63/><D20/><U124/><E124/><N who="2" m="47691" /><F25/><W52/><G2/><T106/><D14/><U110/><E110/><V90/><F90/><W17/><G89/><T27/><D13/><U65/><E65/><N who="2" m="24587" /><F4/><W50/><G87/><T7/><D7/><U46/><E46/><V32/><F32/><W131/><G131/><T5/><D5/><U132/><E132/><V18/><F18/><W72/><G17/><T82/><D27/><U10/><E10/><V75/><F75/><W119/><G119/><T12/><D12/><U102/><E102/><V126/><F126/><RYUUKYOKU ba="1,2" sc="394,-15,237,15,205,15,144,-15" hai1="29,30,31,42,44,51,53,55,58,59,60,76,79" hai2="36,39,57,62" /><INIT seed="5,2,2,3,5,51" ten="379,252,220,129" oya="1" hai0="111,18,38,123,125,23,58,87,110,89,72,64,30" hai1="118,61,37,124,91,41,47,6,75,45,85,43,27" hai2="69,12,131,48,92,44,49,96,16,68,65,55,53" hai3="63,104,116,42,122,71,73,26,4,129,100,57,120"/><U10/><E124/><V9/><F131/><W39/><G73/><T117/><D117/><U35/><E75/><V130/><F130/><W14/><G129/><T106/><D72/><U74/><E74/><V95/><F65/><W80/><G71/><T97/><D38/><U56/><E118/><V50/><F50/><W59/><G116/><T0/><D0/><U52/><E35/><V77/><F77/><W83/><G26/><T24/><D125/><U109/><E109/><V81/><F81/><W1/><G1/><T11/><D123/><U82/><E27/><V102/><F95/><W46/><G59/><AGARI ba="2,2" hai="9,12,16,44,48,49,53,55,59,68,69,92,96,102" machi="59" ten="30,7700,0" yaku="7,1,52,2,54,1" doraHai="51" who="2" fromWho="3" sc="379,0,252,0,220,103,129,-83" /><INIT seed="6,0,0,0,1,38" ten="379,252,323,46" oya="2" hai0="124,112,126,54,11,7,23,104,53,29,107,115,3" hai1="22,9,86,41,70,17,99,116,13,81,45,0,90" hai2="77,65,33,71,1,87,6,67,123,59,121,135,75" hai3="27,16,127,68,42,130,43,62,74,34,94,101,80"/><V48/><F33/><W110/><G110/><T55/><D23/><U91/><E70/><V83/><F135/><W128/><G127/><N who="0" m="48683" /><D29/><U4/><E116/><V92/><F71/><W51/><G51/><T63/><D63/><U5/><E5/><V111/><F111/><W88/><G101/><T12/><D3/><U102/><E81/><V73/><F1/><W14/><G27/><T32/><D32/><U134/><E86/><V106/><F6/><W84/><G34/><T129/><D129/><N who="3" m="49769" /><G74/><T89/><D89/><U49/><REACH who="1" step="1"/><E134/><REACH who="1" ten="379,242,323,46" step="2"/><V40/><F75/><W36/><G80/><T35/><D35/><U18/><E18/><V95/><F73/><W131/><N who="3" m="49777" /><W109/><DORA hai="19" /><G109/><T100/><D7/><U103/><E103/><V120/><F120/><W31/><G31/><T64/><D100/><U57/><E57/><V56/><F121/><W85/><G85/><T46/><D115/><U24/><E24/><V20/><F123/><W61/><G36/><T108/><D112/><U105/><AGARI ba="0,1" hai="0,4,9,13,17,22,41,45,49,90,91,99,102,105" machi="105" ten="20,8000,1" yaku="1,1,0,1,7,1,52,2,53,0" doraHai="38,19" doraHaiUra="52,117" who="1" fromWho="1" sc="379,-20,242,90,323,-40,46,-20" /><INIT seed="7,0,0,2,4,108" ten="359,332,283,26" oya="3" hai0="106,122,38,47,11,55,92,35,128,5,76,39,132" hai1="41,85,124,113,13,8,12,19,72,15,16,120,0" hai2="51,31,78,24,21,64,17,93,118,129,43,83,86" hai3="58,57,44,34,14,46,65,4,134,28,98,37,53"/><W32/><G134/><T52/><D106/><U94/><E72/><V60/><F118/><W68/><G68/><T77/><D35/><U2/><E120/><V117/><F117/><W99/><G65/><T9/><D122/><U114/><E124/><V96/><F129/><W110/><G110/><T84/><D128/><U101/><E41/><V3/><F3/><W123/><G123/><T97/><D132/><U40/><E40/><V91/><F43/><W89/><G37/><T121/><D121/><U56/><E56/><V133/><F133/><W115/><G14/><N who="1" m="5738" /><E19/><V71/><F51/><W82/><G82/><T59/><D39/><U26/><E26/><V33/><F33/><W27/><G4/><T69/><D69/><U29/><E29/><V1/><F1/><W88/><G27/><T104/><D104/><U50/><E50/><V45/><F45/><W6/><G6/><T75/><D75/><U42/><E42/><V49/><F49/><W73/><G73/><T36/><D36/><U107/><E107/><V80/><F80/><W125/><G53/><T18/><D38/><U25/><E25/><V90/><REACH who="2" step="1"/><F31/><REACH who="2" ten="359,332,273,26" step="2"/><W10/><G28/><T23/><D47/><U61/><E61/><V74/><F74/><W7/><G7/><T116/><D5/><U22/><E8/><V54/><F54/><W127/><REACH who="3" step="1"/><G10/><REACH who="3" ten="359,332,273,16" step="2"/><T100/><D11/><U135/><E135/><V103/><AGARI ba="0,2" hai="17,21,24,60,64,71,78,83,86,90,91,93,96,103" machi="103" ten="20,2700,0" yaku="1,1,0,1,7,1,53,0" doraHai="108" doraHaiUra="30" who="2" fromWho="2" sc="359,-7,332,-7,273,47,16,-13" owari="352,45.2,325,12.5,320,-8.0,3,-49.7" /></mjloggm>