<mjloggm ver="2.3"><GO type="225" lobby="0"/><UN n0="%4E%6F%2E%30%30%30%31" n1="%E3%81%82%E3%81%84%E3%81%82%E3%81%8A%E3%81%84" n2="%E8%81%B7%E6%A5%AD%E3%80%81%E9%A2%A8%32" n3="%EF%BC%AE%EF%BC%A1%EF%BC%AF%33%33%39" dan="18,18,16,16" rate="2223.63,2257.02,2161.33,2169.35" sx="M,M,M,M"/><TAIKYOKU oya="0"/><INIT seed="0,0,0,0,1,61" ten="250,250,250,250" oya="0" hai0="69,130,24,39,67,13,56,106,103,110,126,34,63" hai1="89,9,121,35,133,81,92,108,132,18,135,31,21" hai2="51,112,62,16,44,50,58,0,29,99,25,88,80" hai3="113,124,87,84,94,114,91,107,45,32,115,78,100"/><T55/><D130/><U17/><E121/><V123/><F123/><W10/><G32/><T4/><D126/><U104/><E104/><V30/><F112/><W53/><G10/><T12/><D39/><U105/><E105/><V19/><F0/><W102/><G53/><T74/><D74/><U42/><E108/><V22/><F19/><W40/><G45/><T72/><D72/><U85/><E42/><N who="2" m="24855" /><F51/><W109/><G40/><T1/><D110/><U7/><E35/><V82/><F80/><N who="3" m="47127" /><G109/><T129/><D129/><U131/><E131/><V68/><F68/><W118/><G118/><T134/><D134/><U37/><E37/><V11/><F11/><W98/><G102/><T73/><D4/><U90/><E31/><V38/><F38/><W122/><G122/><T125/><D1/><N who="1" m="239" /><E21/><V36/><F36/><W47/><G47/><T95/><D34/><U49/><E49/><V41/><F41/><W116/><G116/><T28/><D28/><U65/><E65/><N who="2" m="39127" /><F82/><W64/><G64/><T86/><D67/><U66/><E66/><V117/><F117/><W52/><G52/><T33/><D69/><U70/><E70/><V57/><F57/><W93/><G124/><T23/><D125/><U83/><E83/><AGARI ba="0,0" hai="83,87,91,93,94,98,100,107,113,114,115" m="47127" machi="83" ten="30,2000,0" yaku="34,2" doraHai="61" who="3" fromWho="1" sc="250,0,250,-20,250,0,250,20" /><INIT seed="1,0,0,5,3,134" ten="250,230,250,270" oya="1" hai0="60,15,66,30,91,131,23,109,37,24,114,53,81" hai1="110,5,26,86,41,27,99,62,35,28,48,1,105" hai2="44,79,101,68,129,128,72,12,64,74,56,121,9" hai3="104,75,111,63,85,94,38,71,98,116,132,117,7"/><U102/><E110/><V124/><F121/><W70/><G38/><T21/><D114/><U127/><E27/><V77/><F101/><W112/><G112/><T58/><D109/><U130/><E130/><N who="2" m="50283" /><F68/><W54/><G75/><N who="2" m="28713" /><F44/><W61/><G111/><T17/><D131/><U22/><E35/><V89/><F124/><W8/><G104/><T55/><D37/><U49/><E41/><V57/><F89/><W87/><G132/><T36/><D36/><U0/><E127/><V118/><F118/><W119/><G70/><T45/><D45/><U103/><E103/><V29/><F29/><W78/><G71/><T10/><D10/><U100/><E100/><V51/><F51/><W13/><G78/><N who="2" m="29705" /><F64/><W20/><G116/><T69/><D69/><U93/><E62/><V16/><AGARI ba="0,0" hai="9,12,16,56,57" m="29705,28713,50283" machi="16" ten="40,2700,0" yaku="19,1,54,1" doraHai="134" who="2" fromWho="2" sc="250,-7,230,-13,250,27,270,-7" /><INIT seed="2,0,0,2,3,8" ten="243,217,277,263" oya="2" hai0="67,90,16,45,99,25,35,84,78,105,89,103,86" hai1="61,37,72,14,114,74,92,70,111,0,20,32,81" hai2="127,95,77,83,128,21,93,101,54,110,38,63,104" hai3="49,26,60,97,13,76,123,126,29,28,55,100,44"/><V18/><F128/><W24/><G123/><T121/><D121/><U98/><E114/><V33/><F33/><W4/><G126/><T40/><D67/><U82/><E37/><V50/><F38/><W131/><G131/><T5/><D5/><U87/><E0/><V108/><F127/><W80/><G60/><T53/><D53/><U107/><E107/><V56/><F104/><W31/><G4/><T96/><D78/><U51/><E32/><V57/><F101/><W36/><G36/><T62/><D62/><U113/><E113/><V15/><F83/><W10/><G10/><T133/><D133/><U64/><E51/><V22/><F22/><W12/><G26/><T135/><D135/><U94/><E82/><V46/><F77/><W116/><G24/><T73/><D73/><U122/><E122/><V11/><F21/><W47/><G47/><T75/><D75/><U118/><E118/><V132/><F57/><W68/><G68/><T7/><D7/><U134/><E94/><V109/><F132/><W23/><G23/><N who="0" m="13543" /><D35/><U85/><E134/><V65/><AGARI ba="0,0" hai="11,15,18,46,50,54,56,63,65,93,95,108,109,110" machi="65" ten="30,11700,0" yaku="0,1,14,1,10,1,52,1" doraHai="8" who="2" fromWho="2" sc="243,-39,217,-39,277,117,263,-39" /><INIT seed="2,1,0,3,2,132" ten="204,178,394,224" oya="2" hai0="12,97,69,37,4,30,53,98,129,130,121,46,95" hai1="66,94,117,45,74,123,101,29,112,3,0,27,21" hai2="24,87,108,64,16,111,50,109,126,119,90,124,13" hai3="65,71,54,39,9,11,62,48,79,43,127,20,107"/><V125/><F119/><W96/><G79/><T59/><D121/><U82/><E117/><V100/><F100/><W10/><G20/><T22/><D69/><U86/><E112/><V32/><F64/><W38/><G107/><T73/><D73/><U110/><E110/><V51/><F24/><W116/><G96/><T118/><D118/><U89/><E123/><V88/><F32/><W106/><G106/><T42/><D30/><U102/><E102/><V76/><F76/><W47/><G116/><T15/><D4/><U105/><E45/><V84/><F87/><W93/><G93/><T114/><D98/><U2/><E66/><V56/><F56/><W8/><N who="3" m="2048" /><DORA hai="120" /><W35/><G35/><T83/><D83/><U44/><E44/><V1/><F1/><W49/><REACH who="3" step="1"/><G127/><REACH who="3" ten="204,178,394,214" step="2"/><T40/><D22/><U133/><E133/><V58/><F124/><W81/><G81/><T75/><D97/><N who="1" m="61615" /><E0/><V68/><F125/><W103/><G103/><T34/><D95/><U63/><E2/><V135/><F126/><W7/><G7/><T18/><D34/><U115/><E3/><V6/><F135/><W52/><G52/><T60/><D114/><U19/><E115/><V122/><F6/><W28/><G28/><T72/><D40/><U17/><E29/><V77/><F109/><W61/><G61/><T134/><D134/><U70/><E63/><V26/><F108/><W36/><G36/><T33/><D33/><U104/><E104/><V55/><F111/><W80/><G80/><T25/><D75/><U91/><E74/><V113/><F113/><W78/><G78/><RYUUKYOKU ba="1,1" sc="204,-10,178,-10,394,-10,214,30" hai3="38,39,43,47,48,49,54,62,65,71" /><INIT seed="3,2,1,3,5,94" ten="194,168,384,244" oya="3" hai0="107,88,31,38,2,46,36,57,125,70,35,97,118" hai1="130,42,60,39,82,17,61,85,86,90,24,44,29" hai2="52,47,37,11,104,41,135,14,116,128,32,18,56" hai3="6,72,112,26,1,95,0,25,120,15,74,127,114"/><W63/><G120/><T4/><D118/><U34/><E130/><V8/><F128/><W20/><G127/><T100/><D125/><U54/><E54/><V106/><F32/><W101/><G63/><T89/><D70/><U30/><E30/><V93/><F116/><W129/><G129/><T115/><D115/><U62/><E17/><V73/><F73/><W78/><G15/><T67/><D4/><U98/><E86/><V131/><F131/><W133/><G133/><T65/><D2/><U83/><REACH who="1" step="1"/><E98/><REACH who="1" ten="194,158,384,244" step="2"/><V77/><F18/><W91/><G74/><T9/><D31/><U105/><E105/><V21/><F104/><W132/><G72/><T122/><D122/><U123/><E123/><V124/><F106/><W68/><G114/><T66/><D35/><U121/><E121/><V50/><F52/><W51/><G112/><T64/><D9/><U40/><E40/><V110/><F41/><W76/><G20/><T55/><N who="0" m="16384" /><DORA hai="13" /><T119/><D119/><U27/><E27/><V5/><F21/><W126/><G26/><T117/><D117/><U96/><E96/><V43/><F43/><W111/><G25/><T28/><D28/><U80/><AGARI ba="2,2" hai="24,29,34,39,42,44,60,61,62,80,82,83,85,90" machi="80" ten="30,2000,0" yaku="1,1,0,1,53,0" doraHai="94,13" doraHaiUra="75,45" who="1" fromWho="1" sc="194,-7,158,46,384,-7,244,-12" owari="187,-31.3,204,-19.6,377,47.7,232,3.2" /></mjloggm>