<mjloggm ver="2.3"><GO type="169" lobby="0"/><UN n0="%E6%A1%83%E3%83%8E%E5%8A%A9" n1="%E9%81%8B%E3%81%A7%E5%8B%9D%E3%81%A4" n2="%E3%83%A1%E3%82%AC%E3%83%95%E3%83%BC%E3%83%87%E3%82%A3%E3%83%B3" n3="%E5%A7%AB%E7%95%99" dan="17,17,16,16" rate="2136.16,2155.51,2215.78,2131.60" sx="M,M,F,M"/><TAIKYOKU oya="0"/><INIT seed="0,0,0,1,5,111" ten="250,250,250,250" oya="0" hai0="117,133,57,66,61,65,25,10,37,90,42,68,46" hai1="129,53,132,14,83,32,43,98,55,135,97,64,24" hai2="125,28,128,7,96,112,123,72,94,47,21,81,114" hai3="11,73,41,36,127,76,86,88,35,62,84,109,78"/><T130/><D130/><U101/><E129/><V56/><F128/><W12/><G35/><T75/><D133/><N who="1" m="51275" /><E43/><V104/><F104/><W102/><G109/><T116/><D75/><U3/><E3/><V100/><F123/><W122/><G122/><T79/><D79/><U121/><E121/><V85/><F7/><W70/><G73/><T22/><D10/><U80/><E64/><V87/><F56/><W44/><G102/><T8/><D8/><U134/><E14/><V9/><F9/><W26/><G26/><T5/><D5/><U74/><E134/><V77/><F47/><W15/><G86/><N who="2" m="32777" /><F21/><W119/><G119/><T23/><D90/><U39/><E39/><V106/><F28/><W0/><G0/><T54/><D22/><U49/><E98/><N who="2" m="61719" /><F125/><W18/><G127/><T113/><D66/><U19/><E74/><V20/><F20/><W30/><G30/><T89/><D89/><AGARI ba="0,0" hai="72,77,81,89,94,96,112,114" m="61719,32777" machi="89" ten="30,7700,0" yaku="34,2,52,2" doraHai="111" who="2" fromWho="0" sc="250,-77,250,0,250,77,250,0" /><INIT seed="1,0,0,1,1,17" ten="173,250,327,250" oya="1" hai0="67,107,106,71,100,104,133,76,135,62,122,11,98" hai1="53,68,58,129,46,18,35,120,128,126,114,113,97" hai2="23,22,61,26,4,15,105,51,81,32,111,131,108" hai3="9,42,55,102,2,45,121,13,127,70,27,43,96"/><U65/><E35/><V82/><F105/><W38/><G121/><T30/><D122/><U1/><E1/><V29/><F131/><N who="1" m="50249" /><E97/><V72/><F51/><W78/><G70/><T64/><D64/><U79/><E79/><N who="2" m="44263" /><F61/><W19/><G127/><T48/><D48/><N who="1" m="31015" /><E18/><N who="2" m="10591" /><F4/><W132/><G132/><N who="0" m="50763" /><D30/><U25/><E25/><V5/><F82/><W88/><G27/><T47/><D47/><U59/><E120/><V12/><F5/><W74/><G2/><T92/><D11/><U75/><E75/><V134/><F134/><W80/><G38/><T69/><D69/><U52/><E126/><V57/><F57/><W94/><G45/><T14/><D14/><U21/><E46/><V101/><F101/><W103/><G102/><N who="0" m="60743" /><D76/><U28/><E28/><V112/><F12/><W73/><G74/><T116/><D116/><U87/><E21/><V86/><F86/><N who="3" m="52503" /><G55/><T44/><D44/><U85/><E85/><V56/><F56/><W7/><G19/><T10/><D10/><U50/><E87/><V16/><F112/><W0/><G0/><T20/><D20/><U3/><E3/><V83/><F83/><W115/><G115/><T117/><D117/><U36/><E36/><V34/><F29/><W95/><G42/><T77/><D77/><U91/><E91/><V93/><F93/><W41/><G41/><T109/><D100/><U33/><E33/><V37/><F37/><W119/><G43/><T110/><AGARI ba="0,0" hai="62,67,71,104,106,107,109,110" m="60743,50763" machi="110" ten="40,1500,0" yaku="20,1" doraHai="17" who="0" fromWho="0" sc="173,15,250,-7,327,-4,250,-4" /><INIT seed="2,0,0,0,2,3" ten="188,243,323,246" oya="2" hai0="104,11,99,70,135,132,110,39,67,117,134,30,120" hai1="76,90,35,127,15,89,58,128,109,129,103,1,79" hai2="20,27,121,51,52,96,111,49,18,98,114,40,38" hai3="87,74,2,47,50,41,24,78,13,122,60,57,73"/><V46/><F114/><W56/><G2/><T133/><D120/><U126/><E1/><V84/><F121/><W83/><G122/><T55/><D135/><U86/><E35/><V48/><F111/><W119/><G119/><T31/><D39/><U7/><E58/><V61/><REACH who="2" step="1"/><F84/><REACH who="2" ten="188,243,313,246" step="2"/><W108/><G108/><T10/><D110/><U105/><E109/><V66/><F66/><W23/><G73/><T71/><D117/><U80/><E128/><V124/><F124/><W123/><G74/><T113/><D113/><U75/><E129/><V118/><F118/><W106/><G123/><T95/><D67/><U116/><E116/><V5/><F5/><W21/><G87/><T32/><D133/><U68/><E127/><V65/><F65/><W85/><G85/><T6/><D6/><U22/><E126/><V101/><F101/><W33/><G33/><T102/><D32/><U54/><E7/><V19/><F19/><W63/><G78/><T107/><D102/><U77/><E75/><V42/><F42/><W28/><G41/><T0/><D134/><U26/><E79/><V14/><F14/><W45/><G13/><T93/><D132/><U36/><E15/><V92/><F92/><W37/><G28/><T112/><D112/><U81/><E77/><V29/><F29/><W125/><G125/><T43/><D0/><U17/><E76/><V100/><F100/><W25/><G25/><T115/><D115/><U53/><E103/><V9/><F9/><W88/><G24/><T8/><D8/><U44/><E26/><V59/><AGARI ba="0,1" hai="18,20,27,38,40,46,48,49,51,52,59,61,96,98" machi="59" ten="30,11700,0" yaku="1,1,0,1,54,1,53,1" doraHai="3" doraHaiUra="16" who="2" fromWho="2" sc="188,-39,243,-39,313,127,246,-39" /><INIT seed="2,1,0,2,0,17" ten="149,204,440,207" oya="2" hai0="23,33,126,4,34,56,133,99,25,31,121,2,109" hai1="30,24,15,5,120,62,9,40,80,60,32,16,119" hai2="21,127,83,122,50,19,49,114,123,71,113,8,82" hai3="14,51,61,97,128,117,47,65,35,87,38,48,11"/><V79/><F71/><W1/><G117/><T107/><D107/><U22/><E119/><V0/><F79/><W44/><G35/><N who="0" m="13323" /><D99/><U124/><E124/><V70/><F70/><W12/><G128/><T129/><D56/><U54/><E120/><N who="2" m="46123" /><F49/><W102/><G1/><T118/><D118/><U59/><E80/><V108/><F50/><W10/><G87/><T112/><D121/><U6/><E40/><V132/><F82/><W91/><G91/><T104/><D104/><U84/><E84/><V64/><F83/><W7/><G38/><T111/><D112/><N who="2" m="43114" /><F64/><W42/><G48/><T63/><D63/><U72/><E72/><V39/><F39/><W105/><G51/><T69/><D69/><U116/><E116/><V115/><F115/><W81/><G81/><T96/><D96/><U135/><E135/><V77/><F77/><W45/><G42/><T125/><D133/><U106/><E106/><V100/><F100/><W110/><G61/><T95/><D95/><U29/><E60/><V68/><F68/><W43/><G65/><T53/><D53/><U13/><E30/><V3/><F132/><W66/><G66/><T74/><D74/><U131/><E131/><V92/><F92/><W28/><G43/><T130/><D130/><U27/><E24/><N who="2" m="14399" /><F127/><N who="0" m="48650" /><D129/><U94/><E94/><V20/><F108/><W85/><G110/><T46/><D46/><U37/><E37/><V88/><F88/><W73/><G73/><T93/><D93/><U52/><E54/><V57/><F57/><W18/><G85/><T58/><D58/><U101/><E101/><V67/><F67/><RYUUKYOKU ba="1,0" sc="149,10,204,10,440,-30,207,10" hai0="2,4,23,25,31,109,111" hai1="5,6,9,13,15,16,22,27,29,32,52,59,62" hai3="7,10,11,12,14,18,28,44,45,47,97,102,105" /><INIT seed="3,2,0,3,5,61" ten="159,214,410,217" oya="3" hai0="56,102,51,64,80,15,10,16,85,66,20,130,48" hai1="99,32,1,52,98,57,121,74,76,5,118,60,11" hai2="9,28,115,14,22,36,133,127,94,13,23,37,111" hai3="18,107,44,30,129,120,73,79,134,26,4,117,113"/><W43/><G113/><T70/><D70/><U67/><E121/><V101/><F115/><W33/><G120/><T78/><D130/><U128/><E128/><V110/><F133/><W119/><G129/><T84/><D102/><U116/><E32/><V97/><F127/><W24/><G134/><T126/><D126/><U6/><E6/><V46/><F14/><W131/><G131/><T82/><D20/><N who="2" m="7722" /><F46/><W21/><G107/><T77/><D56/><U81/><REACH who="1" step="1"/><E67/><AGARI ba="2,0" hai="10,15,16,48,51,64,66,67,77,78,80,82,84,85" machi="67" ten="40,12000,2" yaku="9,1,8,1,52,3,54,1" doraHai="61" who="0" fromWho="1" sc="159,126,214,-126,410,0,217,0" /><INIT seed="4,0,0,0,0,1" ten="285,88,410,217" oya="0" hai0="120,26,106,41,33,96,111,69,73,86,9,7,105" hai1="21,5,102,100,122,57,125,99,40,110,91,0,74" hai2="72,121,2,39,71,113,61,107,55,56,25,135,109" hai3="16,95,66,80,130,36,34,31,119,30,76,24,87"/><T94/><D120/><U11/><E110/><V29/><RYUUKYOKU type="yao9" ba="0,0" sc="285,0,88,0,410,0,217,0" hai2="2,25,29,39,55,56,61,71,72,107,109,113,121,135" /><INIT seed="4,1,0,5,3,32" ten="285,88,410,217" oya="0" hai0="62,108,56,111,31,106,49,93,60,27,135,105,113" hai1="71,75,131,88,63,55,76,2,119,123,74,3,80" hai2="134,117,114,5,81,92,14,130,41,85,124,127,61" hai3="89,0,42,53,11,128,8,28,109,112,33,58,107"/><T44/><D113/><U50/><E119/><V95/><F114/><W82/><G109/><N who="0" m="42059" /><D135/><U101/><E123/><V9/><F134/><W120/><G112/><T84/><D93/><U10/><E75/><V23/><F117/><W22/><G107/><N who="0" m="40971" /><D84/><U46/><E101/><V51/><F130/><W66/><G120/><T57/><D44/><U19/><E131/><V70/><F23/><W121/><G22/><T35/><D49/><U45/><E45/><N who="2" m="26031" /><F70/><W86/><G128/><T72/><D72/><U65/><REACH who="1" step="1"/><E88/><REACH who="1" ten="285,78,410,217" step="2"/><V99/><F99/><W87/><G89/><T133/><D133/><U100/><E100/><V97/><F97/><W67/><G121/><T69/><D69/><U132/><E132/><V68/><F85/><W7/><G86/><T26/><D26/><U4/><E4/><V94/><F5/><W116/><G7/><T52/><D56/><U126/><E126/><V122/><F124/><W21/><G58/><T91/><D91/><U79/><E79/><V40/><F127/><W15/><G87/><T24/><D24/><U73/><E73/><V118/><F118/><W78/><G116/><T48/><AGARI ba="1,1" hai="27,31,35,48,52,57,60,62" m="40971,42059" machi="48" ten="30,3000,0" yaku="10,1,54,1" doraHai="32" who="0" fromWho="0" sc="285,43,78,-11,410,-11,217,-11" /><INIT seed="4,2,0,0,0,22" ten="328,67,399,206" oya="0" hai0="37,102,67,76,100,25,111,103,56,113,121,8,14" hai1="21,135,110,93,90,123,77,132,106,86,133,12,28" hai2="129,95,13,69,40,127,126,16,131,61,30,36,49" hai3="23,18,7,105,43,66,108,39,0,3,20,96,34"/><T24/><D121/><U99/><E110/><V62/><F30/><W115/><G66/><T64/><D37/><U27/><E123/><V73/><F73/><W4/><G96/><T65/><D111/><U46/><E46/><N who="2" m="23815" /><F95/><W26/><G43/><T104/><D113/><U9/><E77/><V128/><F49/><W35/><G105/><T44/><D104/><U91/><E106/><V71/><F16/><N who="3" m="12551" /><G115/><T6/><D44/><U70/><E70/><N who="2" m="26635" /><F13/><N who="3" m="9679" /><G39/><T63/><D76/><U124/><E124/><AGARI ba="2,0" hai="61,62,124,126,127,128,129,131" m="26635,23815" machi="124" ten="40,8000,1" yaku="18,1,19,1,34,2" doraHai="22" who="2" fromWho="1" sc="328,0,67,-86,399,86,206,0" owari="328,12.8,-19,-51.9,485,58.5,206,-19.4" /></mjloggm>