<mjloggm ver="2.3"><GO type="169" lobby="0"/><UN n0="%45%7A%61%6B%69" n1="%E6%95%97%E5%8C%97%E8%80%85%E3%81%AD%E3%82%8B" n2="%42%4F%53%23%31%31" n3="%31%35%2E%31%35%63%6D" dan="16,17,16,16" rate="2120.01,2179.63,2101.01,2151.55" sx="M,F,M,M"/><TAIKYOKU oya="0"/><INIT seed="0,0,0,5,5,93" ten="250,250,250,250" oya="0" hai0="112,58,108,121,106,135,48,33,85,74,113,115,110" hai1="89,17,80,35,9,132,24,26,39,116,107,50,60" hai2="82,56,36,10,1,97,34,41,70,14,77,109,25" hai3="111,67,21,71,133,27,2,119,114,12,75,124,45"/><T76/><D33/><U96/><E39/><V47/><F70/><W100/><G12/><T0/><D0/><U4/><E116/><V20/><F109/><N who="0" m="42090" /><D121/><U123/><E123/><V120/><F120/><W78/><G45/><T91/><D58/><U44/><E132/><V32/><F56/><W134/><G2/><T90/><D48/><U125/><E125/><V105/><F105/><W88/><G119/><T30/><D30/><U43/><E35/><V122/><F122/><W102/><G124/><T104/><D135/><N who="3" m="51721" /><G67/><T130/><D130/><U131/><E131/><V22/><F97/><W40/><G40/><T94/><D90/><U16/><E60/><V69/><F20/><W129/><G71/><T83/><AGARI ba="0,0" hai="74,76,83,85,91,94,104,106,112,113,115" m="42090" machi="83" ten="40,12000,1" yaku="14,1,10,1,34,2" doraHai="93" who="0" fromWho="0" sc="250,120,250,-40,250,-40,250,-40" /><INIT seed="0,1,0,3,3,44" ten="370,210,210,210" oya="0" hai0="66,78,80,76,11,71,114,81,84,50,64,2,43" hai1="68,120,101,102,36,93,33,117,59,3,27,46,32" hai2="4,42,45,100,24,15,113,48,77,37,20,87,111" hai3="62,63,132,83,21,121,89,22,1,106,97,34,41"/><T96/><D114/><U67/><E117/><V129/><F111/><W104/><G34/><T58/><D71/><U128/><E3/><V123/><F123/><W109/><G1/><T65/><D96/><U61/><E120/><V130/><F113/><W38/><G121/><T94/><D94/><U9/><E128/><V85/><F100/><W12/><G109/><T49/><D43/><U110/><E110/><V107/><F107/><W134/><G41/><T92/><D92/><U25/><E9/><V10/><F37/><W5/><G38/><T133/><D133/><U88/><E68/><V39/><F39/><W73/><G5/><T74/><REACH who="0" step="1"/><D58/><REACH who="0" ten="360,210,210,210" step="2"/><U126/><E59/><V105/><F105/><W56/><G56/><T14/><D14/><U127/><E93/><V6/><F6/><AGARI ba="1,1" hai="2,6,11,49,50,64,65,66,74,76,78,80,81,84" machi="6" ten="40,7700,0" yaku="1,1,52,2,53,0" doraHai="44" doraHaiUra="131" who="0" fromWho="2" sc="360,90,210,0,210,-80,210,0" /><INIT seed="0,2,0,0,1,105" ten="450,210,130,210" oya="0" hai0="125,44,64,15,121,21,87,24,135,124,112,19,109" hai1="25,22,129,111,5,99,119,108,48,38,61,2,100" hai2="88,42,20,80,34,72,32,63,57,110,10,116,117" hai3="50,12,65,52,74,101,90,81,98,31,82,6,27"/><T39/><D121/><U106/><E38/><V53/><F110/><N who="1" m="42025" /><E119/><N who="2" m="45643" /><F10/><W40/><G65/><T45/><D109/><U3/><E129/><V37/><F20/><W67/><G67/><T16/><D112/><U1/><E48/><V104/><F104/><W66/><G66/><T123/><D123/><U79/><E61/><V122/><F122/><W93/><G40/><T76/><D135/><U126/><E79/><N who="2" m="44135" /><F42/><W0/><G0/><T70/><D39/><U18/><E126/><N who="0" m="48745" /><D64/><U131/><E131/><V113/><F113/><W118/><G118/><T51/><D70/><U58/><E58/><V134/><F134/><W102/><G6/><AGARI ba="2,0" hai="1,2,3,5,6,18,22,25,99,100,106" m="42025" machi="6" ten="40,1300,0" yaku="14,1" doraHai="105" who="1" fromWho="3" sc="450,0,210,19,130,0,210,-19" /><INIT seed="1,0,0,4,2,7" ten="450,229,130,191" oya="1" hai0="134,26,128,118,97,106,86,31,72,41,69,61,119" hai1="94,114,40,104,64,90,121,130,135,132,75,129,110" hai2="57,60,35,91,5,0,66,49,38,84,48,55,28" hai3="23,1,88,71,8,116,107,45,62,96,63,33,2"/><U126/><E40/><V85/><F38/><W14/><G33/><N who="0" m="20727" /><D72/><U80/><E64/><V43/><F35/><W74/><G74/><T32/><D128/><N who="1" m="49259" /><E121/><V37/><F28/><W19/><G116/><T70/><D134/><N who="1" m="51243" /><E114/><V133/><F133/><W99/><G45/><T108/><D70/><U122/><E122/><V76/><F76/><W24/><G107/><T83/><D41/><U51/><E51/><V30/><F30/><W82/><G71/><T92/><D32/><U3/><E3/><V103/><F103/><W111/><G2/><T100/><D92/><U59/><E59/><V27/><F27/><W105/><G1/><T12/><D108/><U36/><E36/><V39/><F43/><W34/><G111/><T117/><D117/><U58/><E58/><V47/><F49/><W25/><G105/><T13/><D118/><U131/><E131/><V78/><F78/><W16/><G34/><T29/><D29/><U81/><E110/><V15/><F0/><W127/><G62/><T93/><D93/><U18/><E104/><V52/><F66/><W9/><G63/><T112/><D112/><U124/><E18/><V6/><F6/><W50/><G19/><T79/><D119/><U125/><E75/><V113/><F113/><W20/><G16/><T42/><D42/><U98/><AGARI ba="0,0" hai="80,81,90,94,98,124,125,126" m="51243,49259" machi="98" ten="40,48000,5" yakuman="39" doraHai="7" who="1" fromWho="1" sc="450,-160,229,480,130,-160,191,-160" owari="290,9.0,709,80.9,-30,-53.0,31,-36.9" /></mjloggm>