<mjloggm ver="2.3"><GO type="169" lobby="0"/><UN n0="%E5%BA%84%E5%8F%B8%E5%81%A5%E5%A4%AA%E6%9C%97" n1="%E5%9B%BD%E7%8E%8B" n2="%53%68%69%72%6C%65%79" n3="%E7%94%9F%E5%BE%92%E4%BC%9A%E3%80%90%E5%BA%8F%E3%80%91" dan="16,16,16,17" rate="2039.29,2185.84,2081.55,2165.68" sx="M,M,M,M"/><TAIKYOKU oya="0"/><INIT seed="0,0,0,3,1,74" ten="250,250,250,250" oya="0" hai0="15,24,65,49,9,40,97,10,61,101,23,115,80" hai1="110,50,46,83,126,120,118,11,57,96,114,94,105" hai2="75,87,28,53,12,131,35,99,125,88,6,59,122" hai3="13,25,89,58,21,117,119,76,18,48,60,26,62"/><T29/><D115/><U4/><E118/><V77/><F122/><W51/><G117/><T38/><D38/><U123/><E110/><V55/><F131/><W67/><G119/><T52/><D40/><U39/><E126/><V27/><F125/><W64/><G89/><T73/><D15/><U0/><E114/><V86/><F99/><W84/><G48/><T81/><D81/><U103/><E39/><V108/><F108/><W19/><G51/><T69/><D80/><U41/><E105/><V93/><F75/><W34/><G34/><T66/><D65/><U124/><E124/><V133/><F133/><W98/><G98/><T128/><D73/><U90/><E57/><V121/><F121/><W30/><G30/><T135/><D128/><U63/><E63/><V2/><F2/><W100/><G100/><T107/><REACH who="0" step="1"/><D135/><REACH who="0" ten="240,250,250,250" step="2"/><U47/><E123/><V8/><REACH who="2" step="1"/><F59/><AGARI ba="0,1" hai="9,10,23,24,29,49,52,59,61,66,69,97,101,107" machi="59" ten="30,12000,1" yaku="1,1,2,1,7,1,54,1,53,1" doraHai="74" doraHaiUra="17" who="0" fromWho="2" sc="240,130,250,0,250,-120,250,0" /><INIT seed="0,1,0,5,5,65" ten="370,250,130,250" oya="0" hai0="134,44,74,6,124,110,34,90,84,96,37,97,23" hai1="1,31,82,49,99,63,43,76,5,118,13,51,85" hai2="14,78,122,19,132,24,127,21,66,18,109,60,102" hai3="69,47,67,112,36,123,8,30,125,10,77,61,32"/><T70/><D34/><U27/><E118/><V108/><F122/><W62/><G112/><T114/><D6/><U46/><E1/><V116/><F116/><W58/><G125/><T16/><D114/><U115/><E115/><V131/><F127/><W117/><G117/><T72/><D124/><U92/><E51/><V12/><F131/><W53/><G123/><T129/><D70/><U98/><E63/><V79/><F132/><W9/><G77/><T135/><D129/><U80/><E80/><V103/><F24/><W33/><REACH who="3" step="1"/><G30/><REACH who="3" ten="370,250,130,240" step="2"/><T52/><D74/><U120/><E120/><V95/><F78/><W0/><G0/><T73/><D72/><U105/><E105/><V75/><F79/><W88/><G88/><T119/><D73/><U94/><E99/><V57/><F75/><W38/><G38/><T113/><D119/><U71/><E98/><V40/><F103/><W29/><G29/><T128/><D113/><U130/><E130/><V28/><F28/><W121/><G121/><T68/><D128/><U64/><E31/><V87/><F102/><W89/><G89/><T104/><D37/><U3/><E3/><V101/><F101/><W100/><G100/><T106/><D97/><U39/><E39/><V2/><F2/><W59/><G59/><T55/><D96/><U111/><E76/><V35/><F35/><W11/><N who="3" m="2048" /><DORA hai="133" /><W81/><G81/><T4/><D106/><U56/><E82/><V50/><F57/><W25/><G25/><T86/><D104/><U15/><E56/><V54/><F18/><W48/><G48/><N who="0" m="28679" /><D135/><U42/><E49/><RYUUKYOKU ba="1,1" sc="370,-10,250,-10,130,-10,240,30" hai3="32,33,36,47,53,58,61,62,67,69" /><INIT seed="1,2,1,1,1,122" ten="360,240,120,270" oya="1" hai0="40,73,98,9,69,62,7,84,82,63,39,41,100" hai1="33,133,57,104,91,54,31,97,26,119,107,29,96" hai2="53,118,60,88,83,12,115,32,46,114,42,87,71" hai3="101,16,134,74,43,11,44,64,61,80,30,76,23"/><U113/><E113/><N who="2" m="43019" /><F118/><W8/><G134/><T72/><D72/><U0/><E0/><V1/><F1/><W111/><G101/><T117/><D117/><U10/><E133/><V48/><F32/><W125/><G111/><T24/><D24/><U77/><E77/><V89/><F12/><W86/><G30/><T78/><D84/><U99/><E119/><V75/><F75/><W108/><G108/><T47/><D41/><U20/><E10/><V81/><F71/><W45/><G125/><T28/><D28/><U56/><E56/><N who="2" m="34831" /><F83/><W51/><G45/><T120/><D69/><U68/><E68/><V130/><F130/><W5/><G5/><T14/><D120/><U127/><E127/><V2/><F2/><W116/><G74/><T55/><D55/><U67/><E67/><V50/><F89/><W110/><G110/><T18/><D7/><U121/><E121/><V109/><F48/><W102/><G102/><T126/><D126/><U49/><REACH who="1" step="1"/><E91/><REACH who="1" ten="360,230,120,270" step="2"/><V105/><F109/><W124/><G124/><T129/><D129/><U92/><E92/><AGARI ba="2,2" hai="9,14,18,39,40,47,62,63,73,78,82,92,98,100" machi="92" ten="30,1000,0" yaku="7,1" doraHai="122" who="0" fromWho="1" sc="360,36,230,-16,120,0,270,0" /><INIT seed="2,0,0,3,3,68" ten="396,214,120,270" oya="2" hai0="37,88,90,115,89,74,25,12,95,19,16,11,111" hai1="61,113,5,39,57,8,121,80,98,108,104,79,26" hai2="96,122,33,70,106,135,49,87,48,6,32,0,65" hai3="128,99,101,17,52,105,41,69,62,112,72,55,9"/><V13/><F122/><W132/><G72/><T18/><D115/><U77/><E113/><V14/><F0/><W71/><G112/><T29/><D74/><U73/><E108/><V22/><F135/><W103/><G132/><T34/><D111/><U58/><E121/><V1/><F1/><W46/><G128/><T76/><D76/><U131/><E79/><V97/><F87/><W64/><G71/><T40/><REACH who="0" step="1"/><D95/><REACH who="0" ten="386,214,120,270" step="2"/><U63/><E131/><V84/><F106/><W134/><G134/><T120/><D120/><U109/><E109/><V54/><F70/><W125/><G125/><T35/><D35/><U118/><E77/><V67/><F84/><W81/><G81/><T110/><D110/><U123/><E80/><V94/><F94/><W28/><G103/><T30/><D30/><U38/><E73/><V42/><F22/><W4/><G28/><T127/><D127/><U56/><E123/><V130/><F130/><W133/><G133/><T107/><D107/><U53/><E104/><V86/><F86/><W31/><G31/><T51/><D51/><U10/><E98/><V124/><F124/><W100/><G100/><T7/><D7/><U75/><E5/><V82/><F82/><W43/><G17/><T24/><D24/><U116/><E26/><V93/><F93/><W27/><G27/><T45/><AGARI ba="0,1" hai="11,12,16,18,19,25,29,34,37,40,45,88,89,90" machi="45" ten="30,8000,1" yaku="1,1,0,1,52,1,54,2,53,0" doraHai="68" doraHaiUra="47" who="0" fromWho="0" sc="386,90,214,-20,120,-40,270,-20" /><INIT seed="3,0,0,0,5,98" ten="476,194,80,250" oya="3" hai0="73,107,9,84,92,132,78,14,71,129,64,49,66" hai1="125,120,112,63,118,75,104,109,43,79,55,3,34" hai2="54,57,130,10,91,117,99,0,28,119,90,127,83" hai3="46,51,7,70,21,85,33,123,31,88,94,53,128"/><W56/><G123/><T72/><D107/><U38/><E55/><V29/><F130/><W77/><G70/><T5/><D132/><U2/><E63/><V16/><F127/><W81/><G128/><T27/><D71/><U6/><E43/><V42/><F0/><W61/><G33/><T11/><D73/><U122/><E79/><V67/><F67/><W17/><G7/><T47/><D72/><U39/><E6/><V4/><F4/><W121/><G121/><T52/><D129/><U133/><E38/><V41/><F119/><W100/><G31/><T15/><D27/><U115/><E122/><V86/><F42/><W35/><G35/><T37/><D37/><U124/><E2/><V25/><F41/><W32/><G32/><T40/><D40/><U110/><E115/><V108/><F108/><W96/><G21/><T111/><D111/><U131/><E124/><V105/><F117/><W134/><G134/><T50/><D49/><U45/><E45/><V116/><F116/><W23/><G23/><T97/><D84/><U69/><AGARI ba="0,0" hai="3,34,39,69,75,104,109,110,112,118,120,125,131,133" machi="69" ten="0,32000,5" yakuman="47" doraHai="98" who="1" fromWho="1" sc="476,-80,194,320,80,-80,250,-160" /><INIT seed="4,0,0,4,5,72" ten="396,514,0,90" oya="0" hai0="7,61,89,107,79,104,128,21,33,126,55,109,129" hai1="111,56,99,19,75,116,69,127,47,27,23,82,35" hai2="36,45,100,59,60,62,67,76,102,24,4,52,34" hai3="16,13,84,120,31,94,43,66,51,20,96,93,133"/><T108/><D33/><U10/><E69/><V135/><F34/><W101/><G120/><T22/><D7/><U18/><E116/><V122/><F122/><W15/><G133/><T37/><D37/><U83/><E111/><N who="0" m="42569" /><D61/><U87/><E35/><V53/><F135/><W41/><G66/><T9/><D9/><U130/><E130/><N who="0" m="50281" /><D55/><U42/><E127/><V8/><F24/><W110/><G110/><T74/><D126/><U115/><E115/><V92/><F92/><W77/><G31/><T17/><D17/><U28/><E56/><V11/><F11/><W12/><G93/><T106/><D89/><U44/><E19/><V70/><F53/><W113/><G113/><T71/><D71/><U63/><E63/><V105/><F105/><N who="0" m="26882" /><T95/><DORA hai="98" /><D95/><U3/><E18/><V97/><F97/><W132/><G132/><T131/><N who="0" m="50289" /><T112/><DORA hai="78" /><D112/><U64/><E99/><V80/><F36/><W121/><G121/><T125/><D125/><U39/><E39/><V0/><F45/><N who="3" m="26031" /><G43/><T119/><D119/><U48/><E47/><V2/><F0/><W103/><G16/><T54/><D54/><U91/><E3/><V50/><F62/><W32/><G32/><T73/><D79/><U123/><E123/><V14/><F2/><W114/><G20/><AGARI ba="0,0" hai="20,21,22,73,74" m="26882,50289,42569" machi="20" ten="60,12000,1" yaku="28,2,10,1,19,1" doraHai="72,98,78" who="0" fromWho="3" sc="396,120,514,0,0,0,90,-120" owari="516,61.6,514,31.4,0,-40.0,-30,-53.0" /></mjloggm>