<mjloggm ver="2.3"><GO type="225" lobby="0"/><UN n0="%72%61%6B%33" n1="%E7%B4%94%E6%BD%94%E3%83%94%E3%83%A9%E3%83%8B%E3%82%A2" n2="%E3%80%90%E8%92%BC%E7%90%89%E3%80%91" n3="%E6%A1%9C%E8%8A%B1%E9%96%83%E3%80%85" dan="16,16,16,16" rate="2089.57,2203.47,2199.27,2213.35" sx="M,M,F,M"/><TAIKYOKU oya="0"/><INIT seed="0,0,0,4,1,17" ten="250,250,250,250" oya="0" hai0="2,129,74,53,18,123,86,61,76,35,134,125,56" hai1="103,92,15,48,88,132,99,9,130,131,29,93,124" hai2="30,19,32,81,105,33,4,72,43,116,51,110,68" hai3="79,14,54,69,58,27,85,118,52,22,10,71,67"/><T62/><D123/><U91/><E124/><V34/><F68/><W36/><G36/><T8/><D125/><U20/><E132/><V50/><F105/><W57/><G118/><T25/><D134/><U7/><E48/><V78/><F110/><W120/><G120/><T75/><D129/><N who="1" m="49163" /><E92/><V80/><F30/><N who="3" m="17783" /><G69/><T37/><D37/><U100/><E91/><V114/><F43/><W107/><G107/><T21/><D35/><U108/><E108/><V115/><F4/><N who="3" m="3399" /><G71/><T84/><D62/><U112/><E112/><V121/><F121/><W111/><G111/><T31/><D31/><U106/><E106/><V128/><F128/><W113/><G113/><T127/><D127/><U89/><E89/><V26/><F116/><W66/><G85/><T11/><D76/><U44/><E44/><V87/><F114/><W49/><G79/><T70/><D70/><U97/><E97/><V133/><F115/><W5/><G5/><T16/><D2/><U55/><E55/><V41/><F41/><W135/><G135/><T6/><D6/><U102/><E29/><V83/><F133/><W117/><G117/><T46/><D46/><U98/><E98/><V42/><F42/><W1/><G1/><T109/><D109/><U96/><E99/><V126/><F126/><W3/><G3/><T94/><D94/><U38/><E38/><V73/><F81/><W104/><G104/><T122/><D122/><U65/><E65/><V12/><F80/><W47/><G47/><T0/><D0/><U45/><E45/><V82/><F82/><W119/><G119/><T63/><D53/><RYUUKYOKU ba="0,0" sc="250,-15,250,15,250,-15,250,15" hai1="7,9,15,20,88,93,96,100,102,103" hai3="49,52,54,57,58,66,67" /><INIT seed="1,1,0,3,2,32" ten="235,265,235,265" oya="1" hai0="90,24,123,124,45,95,74,116,20,77,42,132,60" hai1="18,13,10,4,92,2,69,83,73,71,6,75,107" hai2="93,34,91,48,25,66,3,70,14,50,52,81,36" hai3="65,118,59,44,0,56,125,21,9,134,112,49,15"/><U67/><E107/><V43/><F81/><W23/><G112/><T19/><D116/><U47/><E4/><V55/><F3/><W58/><G118/><T1/><D124/><U51/><E92/><V102/><F102/><W38/><G38/><T128/><D132/><U121/><E121/><V88/><F14/><W119/><G119/><T135/><D135/><U85/><E69/><V117/><F117/><W26/><G134/><T78/><D128/><U31/><E31/><V39/><F43/><N who="3" m="24735" /><G0/><T61/><D1/><U130/><E130/><V37/><F66/><W99/><G99/><T12/><D123/><U41/><E71/><V46/><F70/><W54/><G65/><T127/><D127/><U101/><E101/><V97/><F91/><W96/><G96/><T28/><D78/><U8/><REACH who="1" step="1"/><E67/><REACH who="1" ten="235,255,235,265" step="2"/><V86/><F97/><W84/><G125/><T16/><D28/><U113/><E113/><V98/><F98/><W57/><G57/><T35/><D95/><U64/><E64/><V7/><F7/><W11/><G58/><T108/><D19/><U133/><E133/><V17/><F34/><W115/><G59/><T33/><D35/><U80/><E80/><V53/><REACH who="2" step="1"/><F46/><REACH who="2" ten="235,255,225,265" step="2"/><W68/><G68/><T114/><D33/><U110/><E110/><V72/><F72/><W30/><G115/><T111/><D114/><U120/><E120/><V131/><F131/><W27/><G56/><T87/><D111/><U82/><E82/><V122/><F122/><W76/><G84/><T89/><D108/><U106/><E106/><V103/><F103/><W40/><G76/><AGARI ba="1,2" hai="2,6,8,10,13,18,41,47,51,73,75,76,83,85" machi="76" ten="30,11600,0" yaku="1,1,6,1,7,1,52,1,53,0" doraHai="32" doraHaiUra="63" who="1" fromWho="3" sc="235,0,255,139,225,0,265,-119" /><INIT seed="1,2,0,0,2,88" ten="235,394,225,146" oya="1" hai0="12,87,126,89,35,9,44,53,51,94,39,0,135" hai1="125,130,2,7,42,26,112,20,29,92,10,11,1" hai2="115,43,107,66,5,70,22,41,49,128,14,40,23" hai3="78,117,109,54,68,86,98,3,25,99,47,8,131"/><U75/><E75/><V13/><F107/><W46/><G68/><T84/><D126/><U74/><E74/><V104/><F104/><W19/><G109/><T122/><D135/><U96/><E112/><V65/><F128/><W103/><G131/><T123/><D35/><U61/><E130/><V90/><F115/><W62/><G117/><T64/><D0/><U81/><E81/><V83/><F70/><W100/><G3/><T55/><D64/><U18/><E61/><V63/><F49/><W60/><G86/><T72/><D72/><U132/><E132/><V108/><F108/><W93/><G78/><T121/><D39/><U17/><E42/><V129/><F129/><W38/><G38/><T67/><D67/><U28/><E125/><V36/><F36/><W113/><G113/><T124/><D124/><U101/><E28/><V6/><F83/><W79/><G79/><T133/><D133/><U30/><E29/><V114/><F90/><W57/><G62/><T37/><D37/><U34/><E34/><V119/><F63/><W105/><REACH who="3" step="1"/><G25/><REACH who="3" ten="235,394,225,136" step="2"/><T24/><D24/><U52/><E1/><V116/><F114/><W56/><G56/><T110/><D110/><U33/><E2/><V16/><REACH who="2" step="1"/><F40/><REACH who="2" ten="235,394,215,136" step="2"/><W118/><G118/><T58/><D123/><U106/><E106/><V69/><F69/><W59/><G59/><T111/><D111/><U27/><E30/><V71/><F71/><W95/><G95/><T82/><D58/><U48/><E92/><V102/><F102/><W134/><G134/><T73/><D94/><U97/><E101/><V127/><F127/><RYUUKYOKU ba="2,2" sc="235,-15,394,-15,215,15,136,15" hai2="5,6,13,14,16,22,23,41,43,65,66,116,119" hai3="8,19,46,47,54,57,60,93,98,99,100,103,105" /><INIT seed="2,3,2,3,2,71" ten="220,379,230,151" oya="2" hai0="101,42,125,54,85,2,7,51,92,132,28,127,55" hai1="82,17,20,128,118,64,9,35,93,90,12,43,95" hai2="115,102,14,79,30,15,88,37,74,131,46,108,24" hai3="87,58,114,13,117,57,133,120,78,32,59,34,122"/><V40/><F115/><W36/><G117/><T19/><D28/><U111/><E118/><V5/><F131/><W80/><G114/><T41/><D132/><U60/><E128/><V0/><F102/><W26/><G133/><T121/><D121/><U113/><E35/><V103/><F103/><W104/><G104/><T62/><D19/><U70/><E111/><V3/><F108/><W75/><G13/><T86/><D62/><U130/><E130/><V107/><F107/><W84/><G34/><T29/><D29/><U97/><E113/><V23/><F0/><W61/><G61/><T56/><D54/><U69/><E43/><V73/><F73/><W53/><G53/><T89/><D86/><U116/><E116/><V27/><F27/><W25/><G36/><T49/><D101/><U119/><E119/><V33/><F88/><W50/><G50/><T52/><D7/><U91/><E82/><N who="2" m="45431" /><F23/><W94/><G25/><T65/><D65/><U11/><E69/><V124/><F124/><N who="0" m="47690" /><D2/><U106/><E106/><V22/><F33/><W83/><G94/><T66/><D66/><U105/><E105/><V39/><F39/><W98/><G98/><AGARI ba="3,2" hai="9,11,12,17,20,60,64,70,90,91,93,95,97,98" machi="98" ten="30,2000,0" yaku="7,1,9,1" doraHai="71" who="1" fromWho="3" sc="220,0,379,49,230,0,151,-29" /><INIT seed="3,0,0,5,5,27" ten="220,428,230,122" oya="3" hai0="121,119,22,13,87,71,104,41,89,14,88,84,38" hai1="107,34,17,93,133,124,109,20,63,99,68,5,24" hai2="127,77,40,101,16,23,57,123,18,28,114,9,120" hai3="83,98,52,78,7,115,117,79,128,69,47,67,113"/><W70/><G117/><T130/><D119/><U32/><E109/><V95/><F114/><W45/><G7/><T8/><D121/><N who="2" m="46666" /><F127/><W58/><G98/><T131/><D71/><N who="3" m="27145" /><G83/><T73/><D73/><U59/><E68/><V29/><F77/><W48/><G79/><T135/><D104/><U1/><E63/><V76/><F76/><W102/><G102/><T56/><D56/><U44/><E59/><V51/><F9/><W85/><G85/><T97/><D97/><U6/><E24/><N who="2" m="14439" /><F18/><W0/><G78/><T110/><D22/><U92/><E93/><V122/><F122/><W2/><G2/><T12/><D8/><U36/><E99/><N who="2" m="59647" /><F57/><N who="3" m="32903" /><G0/><T81/><D81/><U55/><E44/><AGARI ba="0,0" hai="28,29,40,44,51" m="59647,14439,46666" machi="44" ten="30,7700,0" yaku="13,1,52,2,54,1" doraHai="27" who="2" fromWho="1" sc="220,0,428,-77,230,77,122,0" owari="220,-18.0,351,45.1,307,10.7,122,-37.8" /></mjloggm>