<mjloggm ver="2.3"><GO type="225" lobby="0"/><UN n0="%E8%B5%A4%E3%81%84%E8%9B%99%31%31" n1="%E6%A1%9C%E8%8A%B1%E9%96%83%E3%80%85" n2="%E3%83%B4%E3%83%A0%EF%BC%99%E3%81%A6" n3="%E3%81%BE%E3%81%A8%E3%81%9F" dan="16,16,17,16" rate="2060.65,2226.88,2131.05,2112.53" sx="M,M,M,M"/><TAIKYOKU oya="0"/><INIT seed="0,0,0,0,4,91" ten="250,250,250,250" oya="0" hai0="73,19,113,111,94,45,106,58,16,105,101,28,90" hai1="56,6,131,134,25,1,127,92,64,49,37,15,109" hai2="22,67,86,30,47,26,122,104,32,68,81,80,5" hai3="120,117,75,121,41,40,11,35,107,42,115,102,39"/><T51/><D113/><U128/><E1/><V52/><F122/><N who="3" m="47211" /><G35/><T124/><D73/><U114/><E37/><V89/><F104/><W33/><G33/><T55/><D124/><U8/><E127/><V69/><F5/><W96/><G117/><T9/><D28/><U82/><E109/><V63/><F68/><W53/><G75/><T133/><D133/><U43/><E134/><V112/><F112/><W46/><G115/><T48/><D111/><U84/><E114/><V108/><F108/><W119/><G119/><T60/><D51/><U100/><E25/><V27/><F80/><W74/><G11/><T23/><D9/><U13/><E13/><V62/><F62/><W130/><G130/><T72/><D72/><U79/><E64/><V29/><F47/><W12/><G12/><T10/><D10/><U7/><E7/><V57/><REACH who="2" step="1"/><F69/><REACH who="2" ten="250,250,240,250" step="2"/><W38/><G74/><T66/><D105/><U99/><E56/><V123/><F123/><W18/><G46/><AGARI ba="0,1" hai="6,8,15,43,46,49,79,82,84,92,99,100,128,131" machi="46" ten="40,5200,0" yaku="25,2,52,1" doraHai="91" who="1" fromWho="3" sc="250,0,250,62,240,0,250,-52" /><INIT seed="1,0,0,0,1,10" ten="250,312,240,198" oya="1" hai0="42,8,99,49,63,115,52,100,57,14,92,103,79" hai1="91,32,2,31,118,53,0,50,39,97,89,36,107" hai2="135,30,124,58,126,7,16,98,45,24,69,94,81" hai3="13,28,17,48,113,3,134,76,18,67,131,108,65"/><U6/><E118/><V26/><F69/><W90/><G108/><T34/><D115/><U116/><E116/><V20/><F135/><W84/><G113/><T21/><D34/><U62/><E62/><V82/><F7/><W114/><G114/><T80/><D21/><U73/><E91/><V75/><F45/><W119/><G119/><T47/><D100/><N who="1" m="62863" /><E89/><N who="2" m="55631" /><F75/><W72/><G131/><T121/><D121/><U86/><E86/><V95/><F95/><W22/><G134/><T55/><D80/><U56/><E50/><V15/><F26/><W60/><G28/><T130/><D130/><U106/><E6/><V71/><F71/><W23/><G3/><T87/><D87/><U133/><E106/><V122/><F122/><W104/><G104/><T105/><D105/><U102/><E73/><V44/><F44/><W41/><G60/><T101/><D101/><U5/><E5/><V109/><F58/><W127/><G72/><T54/><D79/><U4/><E4/><AGARI ba="0,0" hai="4,8,14,42,47,49,52,54,55,57,63,92,99,103" machi="4" ten="30,7700,0" yaku="7,1,8,1,52,1,54,1" doraHai="10" who="0" fromWho="1" sc="250,77,312,-77,240,0,198,0" /><INIT seed="2,0,0,1,1,90" ten="327,235,240,198" oya="2" hai0="82,31,108,56,32,127,57,47,24,83,131,133,87" hai1="52,75,124,104,100,86,64,120,54,71,48,111,17" hai2="39,29,53,119,122,74,65,130,46,105,18,92,51" hai3="132,5,16,23,109,96,26,15,14,44,40,62,34"/><V6/><F119/><W28/><G109/><T98/><D108/><U55/><E75/><V125/><F122/><W13/><G132/><T114/><D114/><U63/><E111/><V61/><F105/><W25/><G62/><T126/><D131/><U106/><E120/><V66/><F74/><W94/><G5/><T19/><D133/><U68/><E68/><V80/><F130/><W93/><REACH who="3" step="1"/><G96/><REACH who="3" ten="327,235,240,188" step="2"/><T129/><D98/><U107/><E63/><V69/><F6/><W49/><AGARI ba="0,1" hai="13,14,15,16,23,25,26,28,34,40,44,49,93,94" machi="49" ten="30,12000,2" yaku="1,1,2,1,0,1,52,2,54,1,53,0" doraHai="90" doraHaiUra="67" who="3" fromWho="3" sc="327,-30,235,-30,240,-60,188,130" /><INIT seed="3,0,0,1,3,3" ten="297,205,180,318" oya="3" hai0="84,75,101,19,105,12,24,116,28,99,10,23,18" hai1="76,71,126,87,121,118,41,62,43,74,69,78,26" hai2="123,66,127,130,65,36,93,44,34,17,81,129,6" hai3="68,133,30,67,35,103,77,83,86,9,48,42,38"/><W39/><G103/><T4/><D116/><U14/><E121/><V110/><F34/><W63/><G133/><T22/><D75/><U8/><E74/><V0/><F123/><W7/><G30/><T16/><D84/><U102/><E118/><V85/><F93/><W64/><G35/><T21/><AGARI ba="0,0" hai="4,10,12,16,18,19,21,22,23,24,28,99,101,105" machi="21" ten="30,4000,0" yaku="0,1,52,1,54,1" doraHai="3" who="0" fromWho="0" sc="297,40,205,-10,180,-10,318,-20" owari="337,43.7,195,-20.5,170,-33.0,298,9.8" /></mjloggm>