<mjloggm ver="2.3"><GO type="169" lobby="0"/><UN n0="%E3%82%A4%E3%82%AB%E3%81%AB%E3%82%82%E6%9D%B1%E5%8C%97" n1="%41%6C%6C%2D%4C%75%63%6B" n2="%E6%9C%A8%E5%8E%9F%E8%B1%AA%E4%B8%80" n3="%E3%81%AA%E3%82%93%E3%81%93%E3%81%86" dan="16,16,16,16" rate="2153.00,2097.05,2159.60,2055.22" sx="M,M,M,M"/><TAIKYOKU oya="0"/><INIT seed="0,0,0,5,2,31" ten="250,250,250,250" oya="0" hai0="83,124,57,87,60,106,38,81,21,12,37,53,125" hai1="32,84,78,129,68,45,52,131,63,1,30,36,50" hai2="48,27,33,72,102,96,73,93,19,117,55,7,56" hai3="94,14,77,23,75,54,95,133,43,119,123,4,114"/><T61/><D106/><U85/><E1/><V97/><F117/><W5/><G119/><T116/><D116/><U44/><E78/><V111/><F111/><W90/><G114/><T99/><D99/><U103/><E103/><V13/><F7/><W34/><G133/><T126/><D61/><U2/><E2/><V92/><F27/><W91/><G43/><T35/><D35/><U47/><E84/><V70/><F70/><W113/><G113/><T62/><D62/><U59/><E85/><V42/><F42/><W17/><G123/><T101/><D101/><U69/><E30/><V6/><F6/><W110/><G77/><T74/><D74/><U3/><E32/><V76/><F76/><W66/><G66/><T86/><D86/><U108/><E3/><V26/><F26/><W98/><G75/><T29/><D29/><U8/><E8/><V28/><F28/><W109/><G34/><T67/><D67/><N who="1" m="39423" /><E108/><N who="3" m="41578" /><G54/><T25/><D25/><U135/><E135/><V104/><F33/><W11/><G11/><T107/><D107/><U71/><E36/><N who="0" m="13929" /><D87/><AGARI ba="0,0" hai="4,5,14,17,23,87,90,91,94,95,98" m="41578" machi="87" ten="30,1000,0" yaku="14,1" doraHai="31" who="3" fromWho="0" sc="250,-10,250,0,250,0,250,10" /><INIT seed="1,0,0,3,3,86" ten="240,250,250,260" oya="1" hai0="25,11,7,118,35,50,126,44,52,40,46,19,108" hai1="116,120,18,88,105,38,83,79,85,33,103,27,104" hai2="80,57,45,1,20,98,130,70,81,37,78,115,49" hai3="65,31,99,122,111,119,58,112,74,93,114,124,60"/><U77/><E120/><V29/><F70/><W22/><G122/><T89/><D118/><U56/><E38/><V73/><F1/><W42/><G111/><T54/><D108/><U117/><E33/><V36/><F81/><W43/><G119/><N who="1" m="45642" /><E56/><V110/><F110/><W68/><G74/><T135/><D135/><U106/><E18/><V94/><F57/><W51/><G124/><T17/><D126/><U109/><E27/><V3/><F3/><W97/><G68/><T121/><D121/><U30/><E30/><V62/><F62/><W5/><G5/><T2/><D54/><U95/><E109/><V53/><F130/><W92/><G112/><T41/><D41/><U14/><E14/><V96/><F96/><AGARI ba="0,0" hai="77,79,83,85,88,95,96,103,104,105,106" m="45642" machi="96" ten="40,12000,1" yaku="34,2,52,1,54,1" doraHai="86" who="1" fromWho="2" sc="240,0,250,120,250,-120,260,0" /><INIT seed="1,1,0,2,4,50" ten="240,370,130,260" oya="1" hai0="0,51,106,14,125,78,69,114,16,105,85,11,76" hai1="64,115,55,41,5,38,28,4,67,54,52,129,118" hai2="60,6,33,101,99,17,128,1,130,43,113,63,100" hai3="59,34,68,135,29,92,13,123,98,108,39,3,36"/><U72/><E72/><V94/><F33/><W47/><G123/><T91/><D114/><U117/><E28/><V27/><F43/><W103/><G68/><T9/><D69/><U82/><E82/><V131/><F113/><W74/><G3/><T25/><D125/><U90/><E115/><V109/><F109/><W121/><G121/><T102/><D25/><U127/><E90/><V20/><REACH who="2" step="1"/><F100/><REACH who="2" ten="240,370,120,260" step="2"/><W2/><G108/><T49/><D102/><U116/><E127/><V44/><F44/><W104/><G47/><T75/><D106/><U119/><E119/><V22/><F22/><W30/><G34/><T124/><D105/><U56/><E129/><V18/><F18/><W110/><G104/><T21/><D21/><U31/><E31/><V40/><F40/><W83/><G30/><T132/><D16/><U70/><E4/><V84/><F84/><W61/><G29/><T46/><D85/><U93/><E5/><V7/><F7/><W88/><G110/><T32/><D46/><N who="1" m="23863" /><E93/><V48/><F48/><W89/><G103/><T53/><D49/><N who="1" m="30799" /><E70/><V81/><F81/><W134/><G83/><T96/><D32/><U71/><E71/><V35/><F35/><W24/><G92/><T26/><D124/><U80/><E80/><V133/><F133/><W37/><G135/><T111/><D132/><U112/><E112/><V73/><F73/><W19/><G74/><T42/><D75/><U86/><E86/><V120/><F120/><W87/><G134/><T57/><D111/><U79/><E79/><V23/><F23/><W12/><G87/><T8/><D78/><RYUUKYOKU ba="1,1" sc="240,-15,370,15,120,15,260,-15" hai1="52,55,64,67,116,117,118" hai2="1,6,17,20,27,60,63,94,99,101,128,130,131" /><INIT seed="1,2,1,2,1,79" ten="225,385,135,245" oya="1" hai0="37,86,133,52,110,49,48,99,100,105,102,18,8" hai1="28,118,131,58,74,4,91,46,92,11,78,124,23" hai2="26,129,6,47,127,67,117,30,132,73,82,123,45" hai3="101,75,126,41,111,10,109,22,40,39,98,13,25"/><U90/><E118/><V42/><F117/><W7/><G75/><T21/><D37/><U3/><E124/><V43/><F123/><W63/><G126/><T24/><D110/><N who="3" m="41993" /><G63/><T14/><D133/><U72/><E131/><V55/><F67/><W106/><G39/><T19/><D102/><U119/><E90/><V128/><F6/><W96/><G96/><T114/><D114/><U70/><E70/><V88/><F127/><W120/><G120/><T32/><D32/><U103/><E103/><V51/><F132/><W130/><G130/><N who="2" m="50281" /><F47/><W60/><G60/><T1/><D1/><U87/><E119/><V69/><F69/><W29/><AGARI ba="2,1" hai="7,10,13,22,25,29,40,41,98,101,106" m="41993" machi="29" ten="30,1100,0" yaku="14,1" doraHai="79" who="3" fromWho="3" sc="225,-5,385,-7,135,-5,245,27" /><INIT seed="2,0,0,2,1,30" ten="220,378,130,272" oya="2" hai0="84,59,29,75,107,24,1,61,116,120,76,71,79" hai1="100,124,94,17,101,96,40,119,77,112,55,69,135" hai2="72,34,110,83,10,86,73,106,42,62,45,51,3" hai3="95,90,26,15,2,80,121,115,133,129,123,91,70"/><V82/><F106/><W28/><G2/><T25/><D120/><U47/><E119/><V12/><F3/><W88/><G70/><T97/><D1/><U98/><E69/><V109/><F62/><W105/><G129/><T87/><D25/><U54/><E124/><V128/><F128/><W104/><G15/><T113/><D113/><U127/><E135/><V13/><F13/><W92/><G133/><T66/><D59/><U52/><E127/><V9/><F9/><W117/><G117/><T93/><D116/><U7/><E77/><N who="0" m="29769" /><D93/><N who="3" m="35913" /><G26/><T37/><D37/><U5/><E112/><V44/><F44/><W41/><G28/><T23/><D23/><U57/><E57/><V67/><F67/><W89/><G41/><T122/><D75/><N who="2" m="28746" /><F86/><N who="3" m="50247" /><G115/><T8/><D8/><U58/><E17/><N who="2" m="8343" /><F34/><W114/><G114/><T36/><D36/><U31/><E31/><V35/><F35/><W22/><G22/><T60/><D60/><U102/><E58/><V78/><F78/><W48/><G48/><T32/><D122/><AGARI ba="0,0" hai="89,90,91,104,105,121,122,123" m="50247,35913" machi="122" ten="30,3900,0" yaku="34,2,54,1" doraHai="30" who="3" fromWho="0" sc="220,-39,378,0,130,0,272,39" /><INIT seed="3,0,0,1,4,99" ten="181,378,130,311" oya="3" hai0="0,92,68,46,94,125,100,103,91,131,16,26,130" hai1="31,32,112,115,127,30,74,132,134,116,64,83,33" hai2="54,85,78,15,51,59,128,93,58,39,55,57,48" hai3="111,9,20,88,18,135,123,28,14,121,24,43,87"/><W76/><G135/><N who="1" m="51754" /><E64/><V65/><F128/><N who="0" m="49194" /><D125/><U36/><E83/><V122/><F122/><W2/><G111/><T7/><D68/><U124/><E74/><V119/><F119/><W41/><G76/><T60/><D60/><U81/><E81/><V80/><F39/><W8/><G123/><T107/><D107/><U72/><E72/><V97/><F15/><W3/><G121/><T67/><D67/><U53/><E53/><V49/><REACH who="2" step="1"/><F65/><REACH who="2" ten="181,378,120,311" step="2"/><W56/><G3/><T10/><D46/><U104/><E36/><V1/><F1/><W12/><G2/><T61/><D61/><U95/><E116/><V98/><F98/><W21/><G56/><T34/><D92/><U13/><E95/><V37/><F37/><W73/><G73/><T113/><D113/><N who="1" m="43595" /><E104/><V17/><F17/><N who="3" m="10279" /><G9/><T82/><D82/><AGARI ba="0,1" hai="8,14,18,21,24,28,41,43,82,87,88" m="10279" machi="82" ten="30,2900,0" yaku="8,1,54,1" doraHai="99" who="3" fromWho="0" sc="181,-29,378,0,120,0,311,39" /><INIT seed="3,1,0,3,0,119" ten="152,378,120,350" oya="3" hai0="65,39,54,97,115,33,102,72,21,7,111,78,77" hai1="96,75,14,36,73,98,9,13,133,30,69,90,49" hai2="50,124,101,103,53,120,88,8,48,116,121,3,125" hai3="29,44,89,132,91,76,6,38,82,41,18,84,57"/><W56/><G132/><T81/><D33/><U68/><E36/><V4/><F116/><W47/><G29/><T117/><D117/><U92/><E133/><V42/><F42/><W99/><G6/><T86/><D39/><U52/><E30/><V128/><F128/><W107/><G47/><T66/><D111/><U131/><E14/><V11/><F88/><W58/><REACH who="3" step="1"/><G18/><REACH who="3" ten="152,378,120,340" step="2"/><T134/><D7/><U63/><E131/><V64/><F4/><W114/><G114/><T67/><D115/><U43/><E69/><V83/><F3/><W100/><AGARI ba="1,1" hai="38,41,44,56,57,58,76,82,84,89,91,99,100,107" machi="100" ten="30,3000,0" yaku="1,1,0,1,53,0" doraHai="119" doraHaiUra="26" who="3" fromWho="3" sc="152,-11,378,-11,120,-11,340,43" /><INIT seed="3,2,0,0,2,101" ten="141,367,109,383" oya="3" hai0="66,55,118,37,14,127,19,26,16,41,114,93,65" hai1="5,85,78,134,46,11,9,113,60,25,98,132,35" hai2="40,8,48,128,31,50,73,116,94,42,84,112,108" hai3="72,51,100,74,13,49,110,119,59,67,99,131,45"/><W44/><G119/><T122/><D118/><U23/><E113/><V33/><F73/><W18/><G131/><T109/><D122/><U1/><E35/><V2/><F112/><W87/><G110/><T102/><D114/><U106/><E11/><V77/><F116/><W21/><G87/><T91/><D109/><U30/><E60/><V71/><F71/><W32/><G32/><T54/><D127/><U97/><E46/><V129/><F2/><W95/><G67/><T133/><D133/><N who="1" m="51307" /><E106/><V29/><F8/><W17/><G59/><T130/><D102/><U79/><E85/><V126/><F108/><W62/><G62/><T24/><D41/><U105/><E105/><V43/><F126/><W83/><G83/><T7/><D37/><U6/><E6/><V53/><F50/><W124/><G124/><T115/><D7/><U12/><E1/><V27/><F94/><W90/><G100/><T56/><D130/><U107/><E107/><V52/><F31/><W81/><G81/><T39/><D39/><U121/><E121/><V117/><F117/><W63/><G63/><N who="0" m="38119" /><D66/><U88/><E98/><V76/><F53/><N who="0" m="19978" /><D19/><U57/><E57/><N who="2" m="32903" /><F84/><W3/><G3/><T86/><D115/><U75/><E75/><N who="3" m="28714" /><G18/><T69/><D69/><U104/><E104/><V89/><F89/><W103/><G90/><T92/><D93/><AGARI ba="2,0" hai="5,9,12,23,25,30,78,79,88,93,97" m="51307" machi="93" ten="30,2000,0" yaku="20,1,54,1" doraHai="101" who="1" fromWho="0" sc="141,-26,367,26,109,0,383,0" /><INIT seed="4,0,0,3,1,26" ten="115,393,109,383" oya="0" hai0="5,85,99,65,131,19,35,43,122,22,112,72,66" hai1="109,46,47,90,38,127,69,129,133,12,2,97,94" hai2="1,135,134,78,25,64,79,4,36,49,107,93,0" hai3="28,73,16,61,18,17,120,80,77,86,123,53,111"/><T110/><D122/><N who="3" m="46633" /><G111/><T113/><D72/><U9/><E2/><V100/><F36/><W23/><G73/><T116/><D116/><U98/><E69/><V31/><F107/><W3/><G3/><T63/><D35/><U96/><E109/><V126/><F64/><W54/><G61/><T15/><D110/><U87/><E127/><V88/><F100/><W68/><G68/><T41/><D131/><U58/><E133/><N who="2" m="50699" /><F126/><W114/><G114/><N who="0" m="44139" /><D5/><U6/><E38/><V50/><F50/><W118/><G118/><T95/><D85/><U70/><E70/><V55/><F4/><W83/><G83/><T128/><D128/><U108/><E108/><V106/><F106/><W59/><G59/><N who="0" m="37119" /><D66/><U125/><E125/><V71/><F71/><W30/><G23/><T42/><D41/><U132/><E129/><V81/><F81/><W74/><G74/><T56/><D56/><U40/><E132/><V48/><F1/><W44/><G44/><N who="1" m="16938" /><E58/><N who="2" m="33127" /><F0/><W33/><G33/><T89/><AGARI ba="0,0" hai="15,19,22,42,43,89,95,99" m="37119,44139" machi="89" ten="30,1500,0" yaku="15,1" doraHai="26" who="0" fromWho="0" sc="115,15,393,-5,109,-5,383,-5" /><INIT seed="4,1,0,0,3,97" ten="130,388,104,378" oya="0" hai0="79,32,10,41,109,110,52,81,54,123,58,126,83" hai1="49,86,117,135,48,55,14,34,4,130,1,133,105" hai2="93,62,114,134,125,61,124,80,56,43,45,70,25" hai3="131,40,17,112,104,29,95,96,18,98,3,101,115"/><T39/><D123/><U91/><E105/><V88/><F80/><W24/><G3/><T120/><D120/><U69/><E34/><V103/><F114/><N who="3" m="43563" /><G40/><T22/><D32/><U9/><E69/><V57/><F25/><W78/><G78/><T132/><D132/><N who="1" m="50763" /><E130/><V116/><F134/><W73/><G73/><T65/><D126/><U2/><E117/><V89/><F70/><W33/><G131/><T118/><D118/><U67/><E67/><V94/><F43/><W72/><G72/><T26/><D10/><U50/><E55/><N who="0" m="21033" /><D41/><U111/><E111/><N who="0" m="42505" /><D39/><U27/><E27/><V75/><F75/><W44/><G44/><T85/><D83/><AGARI ba="1,0" hai="1,2,4,9,14,48,49,50,83,86,91" m="50763" machi="83" ten="30,1000,0" yaku="20,1" doraHai="97" who="1" fromWho="0" sc="130,-13,388,13,104,0,378,0" /><INIT seed="5,0,0,5,0,5" ten="117,401,104,378" oya="1" hai0="102,117,44,110,78,8,65,40,57,91,123,120,36" hai1="131,56,88,104,95,18,0,1,89,55,108,73,111" hai2="121,118,15,98,100,49,11,43,97,115,74,79,10" hai3="69,29,106,45,133,62,28,30,66,124,127,132,109"/><U122/><E73/><V33/><F33/><W90/><G106/><T42/><D78/><U99/><E104/><V59/><F118/><W128/><G109/><N who="1" m="42058" /><E122/><N who="0" m="46633" /><D102/><N who="1" m="60799" /><E131/><V75/><F121/><W61/><G90/><N who="1" m="34922" /><E18/><V7/><F79/><W23/><G45/><T126/><D44/><U84/><E84/><V16/><F98/><W13/><G62/><AGARI ba="0,0" hai="0,1,55,56,62" m="34922,60799,42058" machi="62" ten="30,2900,0" yaku="10,1,54,1" doraHai="5" who="1" fromWho="3" sc="117,0,401,29,104,0,378,-29" /><INIT seed="5,1,0,0,2,101" ten="117,430,104,349" oya="1" hai0="117,14,89,97,86,82,1,74,90,51,48,94,15" hai1="104,123,21,111,41,76,67,43,98,57,5,26,50" hai2="72,112,20,129,69,116,34,54,16,83,100,0,55" hai3="107,12,108,93,84,125,133,17,77,27,19,31,11"/><U85/><E123/><V4/><F116/><W87/><G108/><T122/><D117/><U68/><E68/><V66/><F34/><W39/><G39/><T40/><D122/><U96/><E5/><V130/><F100/><W62/><G133/><T73/><D1/><U63/><E104/><V120/><F120/><W35/><G125/><T25/><D74/><U42/><E50/><V65/><F72/><W10/><G107/><T7/><D73/><U64/><E64/><N who="2" m="24683" /><F83/><W18/><G62/><T88/><D90/><U79/><E111/><V124/><F69/><W135/><G135/><T44/><D7/><U127/><E127/><V49/><F49/><W36/><G36/><T45/><REACH who="0" step="1"/><D25/><REACH who="0" ten="107,430,104,349" step="2"/><U47/><E79/><V95/><F124/><W59/><G77/><T2/><D2/><U121/><E121/><V58/><F4/><W126/><G126/><T110/><D110/><U78/><E78/><V56/><F0/><W6/><G6/><T131/><D131/><U134/><E134/><V115/><F130/><W70/><G27/><T113/><D113/><U119/><E119/><V53/><F129/><W114/><G114/><N who="2" m="43561" /><F95/><W118/><G93/><T13/><D13/><AGARI ba="1,1" hai="13,16,20,53,54,55,56,58" m="43561,24683" machi="13" ten="30,3900,0" yaku="15,1,11,1,54,1" doraHai="101" who="2" fromWho="0" sc="107,-42,430,0,104,52,349,0" /><INIT seed="6,0,0,1,5,70" ten="65,430,156,349" oya="2" hai0="43,78,63,21,20,111,66,15,106,130,29,28,18" hai1="40,50,112,9,89,7,17,27,67,107,99,53,34" hai2="87,3,96,116,38,86,110,45,109,102,121,92,64" hai3="114,135,65,72,2,73,123,26,88,59,76,1,134"/><V77/><F3/><W56/><G123/><T31/><D111/><N who="2" m="42506" /><F121/><W71/><G71/><T126/><D106/><U14/><E112/><V58/><F116/><W82/><G114/><T48/><D130/><U0/><E67/><V79/><F64/><W108/><G108/><T122/><D122/><U30/><E40/><N who="2" m="22679" /><F58/><N who="3" m="22059" /><G26/><T62/><D126/><U98/><E89/><N who="2" m="53303" /><F87/><W83/><G65/><T6/><D78/><U55/><E107/><AGARI ba="0,0" hai="77,79,96,102,107" m="53303,22679,42506" machi="107" ten="30,2900,0" yaku="10,1,52,1" doraHai="70" who="2" fromWho="1" sc="65,0,430,-29,156,29,349,0" /><INIT seed="6,1,0,2,3,11" ten="65,401,185,349" oya="2" hai0="129,72,67,65,34,114,40,2,128,118,10,49,31" hai1="119,36,111,76,124,19,25,98,22,44,39,106,5" hai2="86,70,57,73,77,33,121,27,9,71,41,126,66" hai3="52,113,30,0,85,26,43,8,20,123,112,89,4"/><V6/><F121/><W17/><G123/><T75/><D40/><U88/><E111/><V21/><F33/><W56/><G43/><T100/><D49/><U58/><E124/><V32/><F32/><W92/><REACH who="3" step="1"/><G30/><REACH who="3" ten="65,401,185,339" step="2"/><T64/><D31/><N who="1" m="17847" /><E119/><V131/><F41/><W16/><G16/><T42/><D42/><U62/><E19/><V109/><F109/><W99/><G99/><T28/><D28/><U132/><E98/><V81/><F126/><W103/><G103/><T116/><D100/><U94/><E5/><V54/><F6/><W115/><G115/><T107/><D114/><U1/><E36/><V60/><F131/><N who="0" m="50250" /><D107/><U3/><E106/><V80/><F71/><W102/><G102/><T82/><D34/><U37/><E39/><V59/><F70/><W96/><G96/><T105/><D105/><U130/><E37/><V117/><F117/><N who="0" m="45162" /><D82/><U55/><E130/><V83/><F83/><W14/><G14/><T95/><D95/><U104/><E94/><V68/><F81/><W79/><G79/><T46/><D46/><U127/><E44/><V45/><F45/><W97/><G97/><T18/><D2/><U7/><E104/><V51/><F77/><W38/><G38/><T50/><D50/><AGARI ba="1,1" hai="0,4,8,17,20,26,50,52,56,85,89,92,112,113" machi="50" ten="40,2600,0" yaku="1,1,54,1,53,0" doraHai="11" doraHaiUra="120" who="3" fromWho="0" sc="65,-29,401,0,185,0,339,39" /><INIT seed="7,0,0,4,2,36" ten="36,401,185,378" oya="3" hai0="120,106,124,132,101,15,127,84,97,19,24,6,73" hai1="63,7,119,109,66,133,33,129,126,40,83,0,58" hai2="60,37,110,46,130,74,67,69,56,3,22,57,51" hai3="116,11,98,96,131,71,44,72,134,54,88,29,59"/><W61/><G116/><T43/><D120/><U64/><E109/><V112/><F3/><W27/><G72/><T49/><D73/><U77/><E126/><V28/><F28/><W114/><G71/><T93/><D132/><U87/><E129/><V113/><F74/><W80/><G134/><T16/><D127/><U52/><E33/><V86/><F86/><N who="3" m="50247" /><G131/><T38/><D38/><U92/><E119/><V30/><F22/><N who="3" m="15607" /><G114/><T25/><D124/><U4/><E40/><V135/><F56/><W128/><G128/><T122/><D122/><U1/><E0/><V8/><F60/><W76/><G76/><T105/><D105/><U20/><E1/><V65/><F8/><W53/><G11/><T75/><D75/><U94/><E133/><V2/><F65/><N who="1" m="25193" /><E20/><V103/><F103/><W81/><G81/><T5/><D106/><U14/><E14/><V78/><F78/><W48/><AGARI ba="0,0" hai="44,48,53,54,59,61,96,98" m="15607,50247" machi="48" ten="30,3000,0" yaku="8,1,54,1" doraHai="36" who="3" fromWho="3" sc="36,-10,401,-10,185,-10,378,30" owari="26,-47.4,391,19.1,175,-22.5,408,50.8" /></mjloggm>