<mjloggm ver="2.3"><GO type="169" lobby="0"/><UN n0="%E3%81%8D%E3%81%84%E3%81%AA" n1="%62%73%64%5F%33" n2="%E3%82%B9%E3%82%AB%E3%83%9D%E3%83%B3" n3="%E3%83%8A%E3%82%AB%E3%81%AB%E3%81%97" dan="17,17,17,17" rate="2182.41,2133.33,2235.37,2227.67" sx="F,F,M,M"/><TAIKYOKU oya="0"/><INIT seed="0,0,0,0,2,100" ten="250,250,250,250" oya="0" hai0="14,1,124,82,4,109,68,23,87,60,86,48,34" hai1="111,116,73,72,58,105,19,6,126,61,85,46,92" hai2="44,38,40,16,26,76,70,5,8,52,45,15,21" hai3="29,49,9,88,127,75,121,93,96,2,57,67,63"/><T134/><D134/><U55/><E116/><V98/><F70/><W132/><G75/><T110/><D124/><U79/><E111/><N who="0" m="42505" /><D34/><U27/><E6/><V123/><F123/><W43/><G132/><T102/><D102/><U78/><E73/><V122/><F122/><W106/><G127/><T35/><D35/><U133/><E72/><V104/><F76/><W125/><G125/><T64/><D1/><U114/><E114/><V130/><F130/><W13/><G121/><T12/><D4/><U74/><E74/><V84/><F84/><W94/><G29/><T97/><D97/><U117/><E117/><V56/><F45/><W65/><G2/><T41/><D86/><U31/><E85/><V77/><F77/><W101/><G67/><T33/><D33/><U103/><E79/><V7/><F98/><W0/><G0/><T59/><D23/><U17/><E103/><V135/><F135/><W81/><G81/><T20/><D20/><U120/><E120/><V50/><REACH who="2" step="1"/><F5/><REACH who="2" ten="250,250,240,250" step="2"/><W51/><G43/><T112/><D112/><U3/><E133/><V11/><F11/><W47/><G47/><N who="0" m="25711" /><D68/><U119/><E126/><V71/><F71/><W108/><G108/><T89/><AGARI ba="0,1" hai="12,14,59,60,64,82,87,89" m="25711,42505" machi="89" ten="30,3000,0" yaku="14,1,10,1" doraHai="100" who="0" fromWho="0" sc="250,40,250,-10,240,-10,250,-10" /><INIT seed="0,1,0,4,2,70" ten="290,240,230,240" oya="0" hai0="128,15,102,87,119,75,29,71,106,24,115,23,4" hai1="8,121,68,37,133,49,83,81,69,122,79,107,32" hai2="104,54,105,21,85,48,22,31,72,46,20,19,47" hai3="62,56,51,98,42,30,126,26,57,3,112,82,123"/><T27/><D115/><U38/><E107/><V92/><F72/><W76/><G112/><T25/><D119/><U99/><E32/><V125/><F125/><W45/><G3/><T93/><D75/><U36/><E99/><V5/><F5/><W96/><G126/><T103/><D71/><U28/><E28/><V43/><F105/><W64/><G123/><T130/><D106/><U50/><E8/><V52/><F104/><W9/><G57/><T95/><D29/><U90/><E90/><V55/><F31/><W41/><G41/><T117/><D117/><U86/><E133/><V63/><F63/><W124/><G9/><T34/><D34/><U61/><E37/><V120/><F120/><W116/><G116/><T40/><D40/><U58/><E58/><V35/><F35/><W13/><G13/><T12/><D87/><U134/><E134/><V74/><F74/><W84/><REACH who="3" step="1"/><G124/><REACH who="3" ten="290,240,230,230" step="2"/><T113/><D113/><U73/><E61/><V6/><F6/><W1/><G1/><T110/><D4/><U97/><E122/><V17/><F47/><W100/><G100/><T88/><D25/><U77/><E121/><V18/><F43/><W118/><G118/><T114/><D114/><U39/><E69/><V53/><F53/><W129/><G129/><T78/><D102/><U109/><E68/><V66/><F66/><W44/><G44/><T14/><D103/><U11/><E11/><V16/><N who="2" m="4096" /><DORA hai="65" /><V132/><F132/><W89/><G89/><AGARI ba="1,1" hai="20,21,22,46,48,52,54,55,85,89,92" m="4096" machi="89" ten="60,7700,0" yaku="8,1,54,2" doraHai="70,65" who="2" fromWho="3" sc="290,0,240,0,230,90,230,-80" /><INIT seed="1,0,0,4,2,54" ten="290,240,320,150" oya="1" hai0="31,116,1,78,119,20,5,29,134,114,127,30,67" hai1="65,135,82,73,118,84,41,83,133,36,46,107,75" hai2="50,4,11,7,42,120,58,48,80,19,85,23,63" hai3="109,87,2,111,49,22,45,40,52,92,47,3,99"/><U33/><E118/><N who="0" m="45097" /><D67/><U39/><E33/><V97/><F120/><W126/><G126/><T61/><D61/><U53/><E107/><V102/><F42/><W95/><G22/><T6/><D78/><U72/><E36/><V77/><F11/><W12/><G12/><T25/><D114/><U88/><E65/><V27/><F50/><W32/><G32/><T38/><D38/><U101/><E101/><V8/><F48/><N who="3" m="26663" /><G87/><T56/><D56/><U74/><REACH who="1" step="1"/><E53/><REACH who="1" ten="290,230,320,150" step="2"/><V16/><F102/><N who="3" m="60775" /><G95/><T69/><D127/><U68/><E68/><V94/><F94/><W106/><G106/><T76/><D69/><U131/><E131/><V125/><F125/><W43/><G43/><T90/><D134/><U57/><E57/><V28/><F97/><W121/><G121/><T0/><D0/><U100/><E100/><V9/><F58/><W60/><G60/><T79/><D1/><U96/><E96/><V110/><F63/><W86/><G86/><T105/><D105/><U130/><E130/><V70/><F70/><W115/><G115/><T64/><D64/><U132/><E132/><V124/><F124/><W93/><G93/><T98/><D98/><U117/><E117/><V62/><F62/><W15/><G3/><T103/><D103/><U14/><E14/><V113/><F113/><W91/><G2/><T13/><D13/><U44/><E44/><V104/><F104/><W34/><G15/><T66/><D66/><U128/><E128/><V17/><F85/><W71/><G71/><T21/><D21/><U112/><E112/><V129/><F129/><W18/><G34/><RYUUKYOKU ba="0,1" sc="290,-10,230,30,320,-10,150,-10" hai1="39,41,46,72,73,74,75,82,83,84,88,133,135" /><INIT seed="1,1,1,2,2,61" ten="280,260,310,140" oya="1" hai0="21,0,28,27,94,99,69,62,112,100,10,118,93" hai1="78,5,49,23,51,98,85,108,13,124,101,57,127" hai2="83,22,68,41,110,53,39,109,133,9,82,65,24" hai3="104,64,15,44,84,96,90,131,129,58,106,132,46"/><U105/><E108/><N who="2" m="41579" /><F133/><W125/><G125/><N who="1" m="48202" /><E57/><V6/><F53/><W87/><G132/><T73/><D73/><U123/><E123/><V126/><F126/><W4/><G4/><T1/><D112/><U59/><E59/><V111/><F41/><W34/><G34/><T113/><D113/><U36/><E36/><V63/><F39/><W26/><G26/><T37/><D37/><U18/><E5/><V7/><N who="2" m="41587" /><V119/><DORA hai="47" /><F119/><W19/><G46/><T67/><D118/><U31/><E31/><N who="2" m="17815" /><F6/><W92/><G44/><T128/><D128/><N who="3" m="49225" /><G106/><T45/><D45/><U130/><E130/><V30/><F30/><W11/><G104/><T16/><REACH who="0" step="1"/><D94/><REACH who="0" ten="270,260,310,140" step="2"/><U33/><E33/><V74/><F74/><W103/><G103/><T72/><D72/><U25/><E25/><V40/><F40/><W71/><G71/><T52/><D52/><U55/><E55/><V75/><F75/><W50/><G50/><N who="1" m="18954" /><E78/><V14/><AGARI ba="1,2" hai="7,9,14,63,65,68,82,83" m="17815,41587" machi="14" ten="40,2700,0" yaku="14,1,52,1" doraHai="61,47" who="2" fromWho="2" sc="270,-8,260,-14,310,50,140,-8" /><INIT seed="2,0,0,4,1,128" ten="262,246,360,132" oya="2" hai0="39,124,109,99,29,1,33,32,79,18,74,31,132" hai1="54,9,6,8,43,98,27,65,77,92,118,41,42" hai2="95,131,87,113,135,56,50,85,36,20,129,112,53" hai3="59,117,60,89,10,100,38,115,58,75,122,72,130"/><V13/><F36/><W40/><G117/><T67/><D39/><U104/><E118/><V94/><F13/><W63/><G122/><T76/><D67/><U105/><E77/><V11/><F11/><W24/><G130/><N who="2" m="49673" /><F20/><W91/><G100/><T83/><D1/><U26/><E65/><V102/><F135/><W81/><G38/><T37/><D37/><U55/><E105/><V123/><F123/><W66/><G40/><T71/><D71/><U111/><E111/><V57/><F57/><W46/><G46/><T17/><D99/><U101/><E104/><V68/><F68/><W96/><G115/><T28/><D109/><U103/><E103/><V73/><F73/><W110/><G110/><T12/><D132/><U21/><E26/><V5/><F5/><W22/><G10/><N who="1" m="4202" /><E6/><V4/><F4/><W25/><G96/><T86/><D12/><U14/><E14/><V16/><F102/><W0/><G0/><T51/><D32/><U106/><E106/><V97/><F97/><W127/><G66/><T93/><D33/><U3/><E3/><V45/><F113/><W23/><REACH who="3" step="1"/><G81/><REACH who="3" ten="262,246,360,122" step="2"/><T52/><D83/><U114/><E114/><V15/><F45/><W48/><G48/><T119/><D51/><U90/><E101/><V47/><F47/><W125/><AGARI ba="0,1" hai="22,23,24,25,58,59,60,63,72,75,89,91,125,127" machi="125" ten="25,6400,0" yaku="1,1,0,1,22,2,53,0" doraHai="128" doraHaiUra="62" who="3" fromWho="3" sc="262,-16,246,-16,360,-32,122,74" /><INIT seed="3,0,0,4,2,57" ten="246,230,328,196" oya="3" hai0="18,3,12,50,4,36,8,33,92,126,132,55,27" hai1="39,28,106,59,113,0,72,87,58,115,79,97,91" hai2="52,64,25,93,111,48,128,100,2,105,103,19,51" hai3="6,125,68,66,35,29,23,11,20,56,54,5,129"/><W95/><G129/><T112/><D112/><U24/><E0/><V47/><F111/><W44/><G125/><T131/><D36/><U61/><E39/><V40/><F2/><W15/><G6/><T75/><D75/><U22/><E72/><V116/><F105/><W16/><G44/><T78/><D78/><U109/><E79/><V120/><F116/><W90/><G68/><T94/><D132/><U7/><E7/><V101/><F64/><W30/><G66/><T82/><D82/><U123/><E123/><V108/><F108/><W60/><G35/><T37/><D37/><U32/><E109/><V76/><F76/><W127/><G23/><N who="0" m="11719" /><D131/><U98/><E59/><N who="2" m="33159" /><F120/><W70/><G70/><T107/><D107/><U119/><E32/><V14/><F25/><N who="3" m="14471" /><G127/><T83/><D83/><U102/><E98/><AGARI ba="0,0" hai="5,11,15,29,30,54,56,60,90,95,98" m="14471" machi="98" ten="30,11600,0" yaku="25,1,8,1,52,1,54,1" doraHai="57" who="3" fromWho="1" sc="246,0,230,-116,328,0,196,116" /><INIT seed="3,1,0,3,5,63" ten="246,114,328,312" oya="3" hai0="67,122,88,108,96,118,79,128,93,36,76,65,37" hai1="70,44,92,38,94,102,104,6,40,49,123,60,52" hai2="30,48,59,58,110,11,34,19,61,116,51,121,25" hai3="81,83,64,29,131,47,125,8,31,54,84,135,78"/><W114/><G114/><T20/><D118/><U3/><E123/><V126/><F110/><W117/><G117/><T55/><D122/><U101/><E104/><V17/><F126/><W85/><G125/><T13/><D108/><U5/><E3/><V50/><F116/><W35/><G131/><T130/><D37/><U32/><E32/><V62/><F121/><W22/><G35/><T1/><D1/><U82/><E82/><V73/><F73/><W9/><G135/><T129/><D36/><U66/><E94/><V80/><F80/><W134/><G134/><T109/><D109/><U103/><REACH who="1" step="1"/><E92/><REACH who="1" ten="246,104,328,312" step="2"/><V4/><F34/><W16/><G83/><T27/><D79/><U45/><AGARI ba="1,1" hai="5,6,38,40,44,45,49,52,60,66,70,101,102,103" machi="45" ten="30,8000,1" yaku="1,1,2,1,0,1,52,1,54,1,53,0" doraHai="63" doraHaiUra="91" who="1" fromWho="1" sc="246,-21,104,93,328,-21,312,-41" /><INIT seed="4,0,0,5,1,98" ten="225,197,307,271" oya="0" hai0="63,124,81,71,78,41,24,4,20,87,56,118,109" hai1="48,65,86,26,117,122,12,126,18,133,10,100,0" hai2="27,99,31,73,35,22,94,43,60,19,114,131,104" hai3="29,128,102,15,8,83,58,127,33,5,7,38,47"/><T3/><D118/><U49/><E117/><V84/><F114/><W66/><G128/><T21/><D124/><U93/><E122/><V50/><F131/><W68/><G127/><T11/><D109/><U36/><E36/><V113/><F113/><W30/><G68/><T74/><D71/><U6/><E126/><V32/><F73/><W130/><G33/><T67/><D41/><U90/><E133/><V75/><F75/><W69/><G69/><T34/><REACH who="0" step="1"/><D74/><REACH who="0" ten="215,197,307,271" step="2"/><U55/><E65/><V134/><F43/><W111/><G66/><T54/><D54/><U16/><E55/><V70/><F70/><W105/><G111/><T79/><D79/><U92/><E0/><V40/><F40/><W44/><G130/><T121/><D121/><U123/><E123/><V103/><F134/><W135/><G135/><T61/><D61/><U9/><E49/><V108/><F50/><W120/><G120/><T115/><D115/><U46/><E48/><V125/><F60/><W51/><G51/><T42/><D42/><U64/><E64/><V85/><F108/><W112/><G112/><T97/><D97/><N who="1" m="59431" /><E46/><V80/><F125/><W39/><G44/><T129/><D129/><U132/><E132/><V106/><F99/><N who="3" m="61663" /><G47/><T95/><D95/><U25/><E6/><N who="3" m="2058" /><G58/><T77/><D77/><U28/><E28/><AGARI ba="0,1" hai="3,4,11,20,21,24,28,34,56,63,67,78,81,87" machi="28" ten="40,2000,0" yaku="1,1,53,0" doraHai="98" doraHaiUra="110" who="0" fromWho="1" sc="215,30,197,-20,307,0,271,0" /><INIT seed="4,1,0,2,3,12" ten="245,177,307,271" oya="0" hai0="20,50,31,34,32,72,66,87,28,125,49,74,46" hai1="39,61,118,105,113,25,82,73,103,124,79,90,102" hai2="54,109,69,29,68,11,132,56,15,131,0,96,126" hai3="129,30,33,27,67,122,75,80,51,70,53,57,58"/><T135/><D66/><U45/><E118/><V13/><F109/><W114/><G114/><T1/><D1/><U71/><E124/><V47/><F132/><W127/><G127/><T2/><D2/><U60/><E105/><V110/><F110/><W38/><G129/><T77/><D125/><U48/><E39/><V89/><F131/><W65/><G38/><T83/><D135/><U92/><E113/><V3/><F3/><W88/><G70/><T133/><D133/><U35/><E71/><V41/><F0/><W37/><G37/><T24/><D49/><U95/><E35/><V23/><F96/><W93/><G122/><T112/><D112/><U8/><E8/><V63/><F89/><W117/><G117/><T17/><D32/><U44/><E25/><V6/><F126/><W81/><G75/><T40/><REACH who="0" step="1"/><D31/><REACH who="0" ten="235,177,307,271" step="2"/><U22/><E48/><V19/><F29/><W59/><G65/><T94/><D94/><U101/><E95/><V98/><F98/><W121/><G67/><T85/><D85/><U43/><E92/><V91/><F69/><W64/><G64/><T9/><D9/><U134/><E134/><V100/><F68/><W97/><REACH who="3" step="1"/><G121/><REACH who="3" ten="235,177,307,261" step="2"/><T99/><D99/><U42/><E73/><V55/><F11/><W106/><G106/><T10/><D10/><U7/><E7/><V16/><F6/><W4/><G4/><T14/><AGARI ba="1,2" hai="14,17,20,24,28,34,40,46,50,72,74,77,83,87" machi="14" ten="20,7800,0" yaku="1,1,0,1,7,1,52,1,53,0" doraHai="12" doraHaiUra="119" who="0" fromWho="0" sc="235,101,177,-27,307,-27,261,-27" /><INIT seed="4,2,0,2,0,82" ten="336,150,280,234" oya="0" hai0="11,80,102,5,131,87,74,10,53,32,7,65,115" hai1="122,6,116,34,93,9,29,62,111,81,55,61,124" hai2="64,66,1,121,30,20,90,57,135,19,24,79,132" hai3="119,47,133,22,13,86,134,88,51,89,59,125,28"/><T39/><D39/><U56/><E111/><V75/><F121/><W68/><G68/><T18/><D115/><U96/><E122/><V12/><F1/><W103/><G119/><T109/><D131/><U94/><E116/><V52/><F90/><W40/><G103/><T4/><D32/><U17/><E124/><V99/><F99/><W120/><G120/><T48/><D74/><U44/><E29/><V8/><F79/><W97/><G125/><T72/><D72/><U26/><E34/><V84/><F84/><W67/><G97/><T117/><D117/><U108/><E108/><V130/><F75/><W54/><G67/><T71/><D109/><U60/><E44/><V36/><F36/><W91/><G13/><T38/><D38/><U76/><E17/><V85/><F85/><W42/><G42/><T123/><D123/><U107/><E26/><V45/><F45/><W49/><REACH who="3" step="1"/><G86/><REACH who="3" ten="336,150,280,224" step="2"/><T118/><D102/><N who="1" m="60687" /><E107/><V113/><F66/><W14/><G14/><N who="0" m="7511" /><D71/><U70/><E70/><V2/><F12/><W98/><G98/><T129/><D65/><U41/><E41/><V33/><F64/><W25/><AGARI ba="2,1" hai="22,25,28,40,47,49,51,54,59,88,89,91,133,134" machi="25" ten="30,4000,0" yaku="1,1,0,1,54,1,53,0" doraHai="82" doraHaiUra="63" who="3" fromWho="3" sc="336,-22,150,-12,280,-12,224,56" /><INIT seed="5,0,0,4,0,40" ten="314,138,268,280" oya="1" hai0="9,132,97,66,38,33,12,105,95,54,27,72,10" hai1="77,41,110,114,44,70,90,113,71,29,109,23,84" hai2="89,123,57,3,63,61,87,94,80,69,18,127,34" hai3="112,47,130,119,13,88,106,93,79,22,31,133,32"/><U15/><E77/><V134/><F123/><W5/><G106/><T96/><D72/><U73/><E73/><V56/><F134/><W36/><G133/><T26/><D132/><U37/><E29/><V14/><F127/><W121/><G121/><T107/><D38/><U59/><E23/><V116/><F116/><W124/><G79/><T64/><D54/><U98/><E98/><V117/><F69/><N who="1" m="26121" /><E15/><V76/><F117/><W62/><G62/><T48/><D48/><U30/><E30/><V60/><F3/><W65/><G65/><T21/><D21/><U85/><E85/><N who="2" m="52527" /><F34/><W43/><G124/><T24/><D24/><U52/><E90/><V101/><F101/><W39/><G39/><T49/><D49/><N who="1" m="31119" /><E84/><V20/><AGARI ba="0,0" hai="14,18,20,56,57,60,61,63,76,80,87" m="52527" machi="20" ten="30,1100,0" yaku="8,1" doraHai="40" who="2" fromWho="2" sc="314,-3,138,-5,268,11,280,-3" /><INIT seed="6,0,0,1,5,130" ten="311,133,279,277" oya="2" hai0="116,16,131,21,95,13,124,83,50,79,101,47,121" hai1="82,118,115,7,40,71,8,33,62,65,20,61,120" hai2="46,34,91,27,99,90,127,126,4,28,88,14,129" hai3="85,78,24,23,12,67,77,26,96,75,41,122,39"/><V86/><F129/><W54/><G75/><T11/><D116/><U74/><E33/><V3/><F3/><W128/><G128/><T119/><D119/><U109/><E109/><V84/><F46/><W81/><G122/><T70/><D70/><U113/><E118/><V108/><F108/><W55/><G39/><T110/><D121/><U103/><E103/><V29/><F29/><W60/><G41/><T133/><D110/><U15/><E120/><V35/><F99/><W134/><G78/><T112/><D131/><U51/><E20/><V10/><REACH who="2" step="1"/><F35/><REACH who="2" ten="311,133,269,277" step="2"/><W6/><G96/><T25/><D47/><U94/><E115/><V123/><F123/><W42/><G42/><T53/><D112/><U2/><E113/><V49/><F49/><W93/><G60/><T102/><D50/><U0/><E62/><V132/><F132/><W22/><G134/><T69/><D133/><U104/><E51/><V100/><F100/><W58/><G55/><T87/><D101/><U76/><E40/><V106/><F106/><W117/><G54/><T30/><D102/><U97/><E104/><V72/><F72/><W1/><G1/><T63/><D63/><U17/><E0/><V37/><F37/><W80/><G117/><T59/><D53/><U9/><E97/><V36/><F36/><W111/><G111/><T38/><D38/><U32/><E32/><V98/><F98/><W64/><G64/><T125/><D30/><U45/><E45/><V105/><F105/><W114/><G67/><T89/><D125/><AGARI ba="0,1" hai="4,10,14,27,28,34,84,86,88,90,91,125,126,127" machi="125" ten="40,7700,0" yaku="1,1,18,1,54,1,53,0" doraHai="130" doraHaiUra="43" who="2" fromWho="0" sc="311,-77,133,0,269,87,277,0" /><INIT seed="6,1,0,2,3,15" ten="234,133,356,277" oya="2" hai0="127,115,104,87,11,29,36,86,77,27,100,45,25" hai1="39,53,18,133,79,67,68,106,58,35,71,47,114" hai2="32,124,118,88,132,31,7,40,116,72,92,38,101" hai3="57,17,126,110,81,69,24,1,73,108,117,20,102"/><V10/><F132/><W5/><G117/><T4/><D115/><U26/><E106/><V2/><F124/><W6/><G69/><T112/><D112/><U85/><E114/><V8/><F101/><W84/><G73/><T134/><D134/><U91/><E133/><V63/><F72/><W56/><G126/><T14/><D127/><U62/><E79/><V107/><F107/><W130/><G130/><T78/><D36/><U30/><E68/><V123/><F123/><W90/><G108/><T52/><D100/><U16/><E47/><V135/><F8/><W65/><G110/><T61/><D104/><U113/><E39/><V131/><F32/><W129/><G1/><T33/><D27/><U109/><E109/><V98/><F31/><W99/><G129/><T44/><D44/><U70/><E70/><V49/><F38/><W97/><G97/><T21/><D33/><U48/><E113/><V105/><F105/><W46/><G46/><T3/><D3/><U43/><E43/><V76/><F40/><W96/><G96/><T120/><D120/><U66/><E67/><V51/><F2/><W60/><G57/><N who="0" m="34983" /><D45/><U94/><AGARI ba="1,0" hai="16,18,26,30,35,48,53,58,62,66,71,85,91,94" machi="94" ten="20,8000,1" yaku="0,1,7,1,52,2,54,1" doraHai="15" who="1" fromWho="1" sc="234,-21,133,83,356,-41,277,-21" /><INIT seed="7,0,0,0,5,25" ten="213,216,315,256" oya="3" hai0="133,4,67,34,46,16,6,124,0,2,10,110,134" hai1="116,93,120,58,44,108,103,126,112,51,19,78,106" hai2="61,85,66,95,35,102,122,9,132,54,99,87,104" hai3="83,13,7,71,113,76,89,118,52,30,28,80,20"/><W88/><G71/><T15/><D67/><U39/><E108/><V36/><F132/><N who="0" m="50794" /><D110/><U42/><E120/><V68/><F122/><W77/><G118/><T117/><D117/><U82/><E116/><V131/><F131/><W21/><G113/><T63/><D63/><U22/><E106/><V86/><F36/><W33/><G33/><T43/><D34/><U50/><E112/><V72/><F72/><W55/><G13/><T29/><D29/><U45/><E126/><V64/><F64/><W40/><G7/><N who="0" m="2603" /><D124/><U32/><E32/><V49/><F9/><W74/><G40/><T12/><D12/><U105/><E105/><V100/><F100/><W129/><G74/><T128/><D128/><AGARI ba="0,0" hai="20,21,28,30,52,55,76,77,80,83,88,89,128,129" machi="128" ten="25,18000,2" yaku="22,2,52,2,54,2" doraHai="25" who="3" fromWho="0" sc="213,-180,216,0,315,0,256,180" owari="33,-46.7,216,-18.4,315,11.5,436,53.6" /></mjloggm>