<mjloggm ver="2.3"><GO type="169" lobby="0"/><UN n0="%E2%97%8E%E3%82%88%E3%81%97%E2%97%8E" n1="%E5%AE%88%E6%9D%91%E6%A1%9C%E5%BC%A5" n2="%E3%81%A1%E3%82%83%E3%81%B0%E3%82%8A%E3%83%BC%E3%82%84" n3="%E6%B9%98%E5%8C%97%E2%91%AD%E4%B8%89%E4%BA%95%E5%AF%BF" dan="17,17,16,16" rate="2168.68,2157.53,2109.78,2150.98" sx="M,M,M,M"/><TAIKYOKU oya="0"/><INIT seed="0,0,0,3,1,108" ten="250,250,250,250" oya="0" hai0="61,83,46,50,134,5,18,51,123,16,89,10,31" hai1="26,67,53,27,17,23,103,8,58,2,19,60,87" hai2="37,57,90,34,39,29,7,76,118,13,30,119,73" hai3="62,74,44,66,91,93,124,70,116,92,22,59,32"/><T71/><D123/><U25/><E103/><V85/><F73/><W63/><G32/><T69/><D134/><U114/><E114/><V77/><F57/><W86/><G74/><T109/><D31/><N who="2" m="11786" /><F34/><W40/><G116/><N who="2" m="44585" /><F7/><W15/><G124/><T33/><D33/><U135/><E135/><V14/><F90/><W102/><G102/><T41/><D51/><U82/><E67/><V111/><F111/><W88/><G22/><T104/><D104/><U98/><E98/><V131/><F131/><W45/><G15/><N who="2" m="5641" /><F85/><W47/><G40/><T24/><D109/><U81/><E87/><V130/><F130/><W112/><G91/><T55/><D69/><U133/><E133/><V84/><F84/><W1/><G1/><T113/><D71/><U132/><E132/><V110/><F110/><W125/><G125/><T127/><D127/><U11/><E27/><V12/><N who="2" m="5649" /><V117/><N who="2" m="44593" /><DORA hai="0" /><V100/><DORA hai="72" /><F100/><W68/><G70/><T99/><D24/><U94/><E8/><V79/><AGARI ba="0,0" hai="37,39,76,77,79" m="5649,44593,11786" machi="79" ten="60,12000,2" yaku="28,2,12,1,52,3" doraHai="108,0,72" who="2" fromWho="2" sc="250,-60,250,-30,250,120,250,-30" /><INIT seed="1,0,0,5,5,91" ten="190,220,370,220" oya="1" hai0="52,14,27,46,104,50,59,77,20,85,101,26,76" hai1="62,105,88,129,44,47,58,19,126,35,23,65,131" hai2="38,125,108,54,87,78,41,68,122,10,80,86,0" hai3="121,79,8,61,37,118,113,55,100,24,33,29,72"/><U5/><E105/><V18/><F122/><W93/><G121/><T70/><D70/><U95/><E35/><V75/><F68/><W94/><G113/><T12/><D104/><U48/><E5/><N who="2" m="1319" /><F108/><W71/><G37/><T2/><D2/><U6/><E6/><V40/><F40/><W115/><G115/><T32/><D32/><U16/><E126/><V69/><F69/><W1/><G100/><T135/><D27/><U110/><E110/><V15/><F54/><W7/><G118/><T81/><D101/><U13/><E19/><V39/><F39/><W127/><G127/><T132/><D77/><U51/><E51/><V99/><F99/><W17/><G17/><T102/><D102/><U130/><E48/><V116/><F116/><W60/><G60/><T74/><D74/><U64/><E64/><V28/><F28/><W90/><G90/><T25/><D25/><U117/><E117/><V120/><F120/><W134/><G134/><N who="0" m="51243" /><D46/><U92/><E92/><V82/><F82/><W84/><G72/><T103/><D103/><U43/><E43/><V109/><F109/><W22/><G33/><T45/><D45/><U42/><E42/><V36/><F125/><W98/><G98/><AGARI ba="0,0" hai="13,16,23,44,47,58,62,65,88,95,98,129,130,131" machi="98" ten="40,12000,1" yaku="19,1,52,1,54,2" doraHai="91" who="1" fromWho="3" sc="190,0,220,120,370,0,220,-120" /><INIT seed="1,1,0,3,2,6" ten="190,340,370,100" oya="1" hai0="87,44,70,72,118,89,75,104,45,117,119,128,1" hai1="96,55,95,88,0,36,133,27,108,126,127,43,23" hai2="18,49,86,20,19,63,3,93,131,129,56,34,122" hai3="111,35,103,94,60,22,31,99,32,42,66,90,83"/><U50/><E133/><V48/><F34/><W64/><G111/><T69/><D104/><U84/><E108/><V33/><F33/><W46/><G64/><T5/><D128/><N who="2" m="49226" /><F3/><W61/><G60/><T100/><D100/><U28/><E0/><V73/><F73/><N who="0" m="28234" /><D1/><U54/><E36/><V105/><F105/><W16/><G83/><T92/><D92/><U121/><E121/><V106/><F106/><W59/><G90/><T2/><D2/><U17/><E28/><V124/><F124/><W76/><G76/><T65/><D89/><U82/><E43/><V130/><F18/><W58/><G59/><T26/><D5/><U13/><E27/><V40/><F40/><W109/><G109/><T115/><D26/><U25/><E25/><V9/><F9/><W8/><G31/><T91/><D91/><U15/><E15/><N who="2" m="9343" /><F122/><W4/><G4/><T37/><D117/><U116/><E116/><V112/><F93/><W24/><REACH who="3" step="1"/><G8/><REACH who="3" ten="190,340,370,90" step="2"/><T98/><D118/><U107/><E127/><V39/><F130/><W62/><G62/><T85/><D119/><U57/><E126/><V53/><F63/><W10/><G10/><T101/><D65/><U29/><E29/><V102/><F56/><W134/><G134/><T67/><D67/><U14/><E82/><V30/><F30/><W71/><G71/><T78/><D78/><U52/><REACH who="1" step="1"/><E13/><REACH who="1" ten="190,330,370,90" step="2"/><V77/><F39/><AGARI ba="1,2" hai="16,22,24,32,35,39,42,46,58,61,66,94,99,103" machi="39" ten="30,3900,0" yaku="1,1,7,1,54,1,53,0" doraHai="6" doraHaiUra="125" who="3" fromWho="2" sc="190,0,330,0,370,-42,90,62" /><INIT seed="2,0,0,3,0,58" ten="190,330,328,152" oya="2" hai0="51,71,47,98,42,133,64,74,43,35,119,69,113" hai1="123,14,88,24,59,73,16,99,77,49,54,1,13" hai2="53,23,81,89,19,12,40,84,29,65,44,78,86" hai3="21,135,41,61,82,85,36,120,8,55,10,75,17"/><V100/><F100/><W105/><G105/><T97/><D113/><U34/><E1/><V102/><F102/><W27/><G135/><T63/><D133/><U62/><E123/><V131/><F131/><W118/><G118/><T4/><D119/><U129/><E129/><V57/><F65/><W60/><G75/><T72/><D35/><U2/><E2/><V52/><F29/><W33/><G33/><T134/><D134/><U48/><E34/><V6/><F6/><W96/><G120/><T95/><D4/><U112/><E112/><V66/><F66/><W116/><G116/><T20/><D71/><U127/><E127/><V132/><F132/><W122/><G122/><T39/><D97/><U50/><E77/><V22/><F22/><W114/><G114/><T110/><D110/><U15/><E73/><V109/><F57/><W32/><G32/><T104/><D104/><U25/><E16/><V30/><F30/><W7/><G41/><T76/><D76/><U130/><E130/><V68/><F68/><W126/><G36/><T103/><REACH who="0" step="1"/><D20/><REACH who="0" ten="180,330,328,152" step="2"/><U5/><E5/><V108/><F109/><W79/><G126/><T101/><D101/><U70/><E70/><V94/><REACH who="2" step="1"/><F108/><REACH who="2" ten="180,330,318,152" step="2"/><W111/><G111/><T37/><D37/><AGARI ba="0,2" hai="12,19,23,37,40,44,52,53,78,81,84,86,89,94" machi="37" ten="30,12000,1" yaku="1,1,2,1,7,1,54,1,53,1" doraHai="58" doraHaiUra="18" who="2" fromWho="0" sc="180,-120,330,0,318,140,152,0" /><INIT seed="2,1,0,3,1,5" ten="60,330,458,152" oya="2" hai0="132,31,84,42,112,2,33,105,72,70,6,55,29" hai1="80,56,17,96,107,48,111,15,60,88,98,73,43" hai2="121,130,47,36,51,103,78,113,79,44,7,76,58" hai3="71,122,66,120,37,35,134,14,110,21,119,32,100"/><V129/><F113/><W127/><G37/><T114/><D72/><U91/><E111/><V92/><F121/><W97/><G119/><T59/><D105/><U118/><E118/><V45/><F36/><W57/><G110/><T61/><D132/><U106/><E106/><V65/><F7/><W115/><G71/><T123/><D123/><U116/><E116/><V93/><F103/><W69/><G69/><T109/><D109/><U117/><E117/><V53/><REACH who="2" step="1"/><F65/><REACH who="2" ten="60,330,448,152" step="2"/><W67/><G115/><T13/><D112/><U63/><E107/><V102/><F102/><W24/><G67/><T12/><D114/><U39/><E39/><V27/><F27/><W104/><G120/><T50/><D6/><U0/><E0/><V75/><F75/><W23/><G122/><T126/><D2/><U133/><E133/><V4/><F4/><W18/><G134/><T62/><D13/><U82/><E73/><V49/><F49/><W89/><G127/><T1/><D12/><U8/><E60/><V41/><F41/><W94/><G66/><T108/><D1/><U30/><E48/><V22/><F22/><W34/><G57/><T86/><D108/><U99/><E43/><V25/><F25/><W3/><G3/><T74/><D74/><U64/><E30/><N who="0" m="11273" /><D126/><U16/><E17/><V68/><F68/><W77/><G24/><T28/><D70/><U124/><E124/><V131/><AGARI ba="1,1" hai="44,45,47,51,53,58,76,78,79,92,93,129,130,131" machi="131" ten="40,12000,1" yaku="1,1,0,1,29,2,19,1,53,0" doraHai="5" doraHaiUra="95" who="2" fromWho="2" sc="60,-41,330,-41,448,133,152,-41" /><INIT seed="2,2,0,0,0,8" ten="19,289,581,111" oya="2" hai0="116,69,120,57,23,128,22,96,103,1,81,115,10" hai1="60,7,11,9,0,79,47,36,55,124,66,126,132" hai2="119,42,122,80,40,28,14,117,31,27,89,30,33" hai3="43,38,68,24,18,25,26,118,4,34,87,86,100"/><V49/><F122/><W20/><G68/><T94/><D115/><U107/><E107/><V64/><F64/><W62/><G118/><T16/><D120/><U39/><E132/><V82/><F28/><W19/><G100/><T91/><D69/><U97/><E97/><V67/><F67/><W109/><G4/><T90/><D128/><U123/><E123/><V41/><F49/><W130/><G130/><T71/><D71/><U127/><E79/><V5/><F30/><W61/><G43/><T135/><D135/><U105/><E105/><V12/><F5/><W129/><G129/><T134/><D134/><U108/><E108/><V121/><F121/><W84/><G38/><T83/><D1/><U32/><E32/><V77/><F89/><N who="0" m="33802" /><D57/><U106/><E106/><V74/><REACH who="2" step="1"/><F82/><REACH who="2" ten="19,289,571,111" step="2"/><N who="0" m="31242" /><D116/><AGARI ba="2,1" hai="12,14,27,31,33,40,41,42,74,77,80,116,117,119" machi="116" ten="40,7700,0" yaku="1,1,52,2,53,0" doraHai="8" doraHaiUra="51" who="2" fromWho="0" sc="19,-83,289,0,571,93,111,0" owari="-64,-56.4,289,8.9,664,76.4,111,-28.9" /></mjloggm>