<mjloggm ver="2.3"><GO type="169" lobby="0"/><UN n0="%E3%82%89%E3%81%84%E3%81%82%E3%82%93%E3%81%98%E3%82%83%E3%82%93" n1="%E7%B4%94%E6%BD%94%E3%83%94%E3%83%A9%E3%83%8B%E3%82%A2" n2="%E3%81%BD%E3%82%93%E5%8A%A9" n3="%68%61%79%61%74%6F%E2%98%86" dan="17,16,16,16" rate="2209.94,2193.72,2077.49,2049.45" sx="M,M,M,M"/><TAIKYOKU oya="0"/><INIT seed="0,0,0,2,0,30" ten="250,250,250,250" oya="0" hai0="67,121,81,105,79,12,87,97,112,109,31,32,78" hai1="35,70,11,89,91,18,17,63,14,113,15,60,73" hai2="69,80,125,41,117,53,65,83,86,134,9,74,76" hai3="50,22,102,57,29,46,34,6,42,128,114,129,25"/><T33/><D112/><U49/><E73/><V101/><F125/><W72/><G114/><T28/><D121/><U1/><E1/><V59/><F134/><W77/><G102/><T54/><D109/><U104/><E104/><V127/><F127/><W93/><G6/><T88/><D67/><U108/><E113/><V119/><F101/><W96/><G77/><T131/><D131/><N who="3" m="50249" /><G72/><T44/><D12/><U95/><E70/><V116/><F41/><W7/><G7/><T124/><D124/><U47/><E35/><V10/><F65/><W4/><G4/><T110/><D28/><U84/><E89/><V51/><REACH who="2" step="1"/><F69/><REACH who="2" ten="250,250,240,250" step="2"/><W61/><G42/><T24/><D110/><U133/><E133/><V8/><F8/><W55/><G55/><T36/><D54/><N who="1" m="30015" /><E108/><V20/><F20/><AGARI ba="0,1" hai="11,14,15,17,18,20,60,63,84,91,95" m="30015" machi="20" ten="30,1000,0" yaku="8,1" doraHai="30" who="1" fromWho="2" sc="250,0,250,20,240,-10,250,0" /><INIT seed="1,0,0,1,3,67" ten="250,270,230,250" oya="1" hai0="116,4,49,77,35,10,46,11,76,114,56,115,86" hai1="22,38,99,14,130,108,9,61,92,39,25,8,131" hai2="59,119,126,30,113,79,118,104,134,132,90,13,85" hai3="129,15,91,57,20,111,36,53,87,105,23,41,0"/><U70/><E61/><V33/><F104/><W121/><G121/><T100/><D116/><U48/><E48/><V94/><F126/><W124/><G0/><T107/><D35/><U127/><E127/><V120/><F120/><W128/><G105/><T123/><D123/><U88/><E108/><V21/><F113/><W106/><G106/><T96/><D56/><U58/><E58/><V16/><F79/><W51/><G124/><T109/><D109/><U97/><E97/><V44/><F44/><W42/><G111/><T5/><D11/><U54/><E54/><V34/><F34/><W26/><G15/><T64/><D64/><U7/><E9/><V2/><F2/><W71/><G71/><T62/><D62/><U18/><REACH who="1" step="1"/><E70/><REACH who="1" ten="250,260,230,250" step="2"/><V24/><REACH who="2" step="1"/><F59/><REACH who="2" ten="250,260,220,250" step="2"/><W3/><G57/><T12/><D114/><U102/><E102/><V81/><F81/><W55/><G129/><AGARI ba="0,2" hai="7,8,14,18,22,25,38,39,88,92,99,129,130,131" machi="129" ten="40,7700,0" yaku="1,1,19,1,54,1,53,0" doraHai="67" doraHaiUra="98" who="1" fromWho="3" sc="250,0,260,97,220,0,250,-77" /><INIT seed="1,1,0,1,2,62" ten="250,357,220,173" oya="1" hai0="28,68,108,134,12,65,106,74,107,73,129,14,81" hai1="80,45,44,97,103,63,16,37,93,1,112,38,78" hai2="9,47,29,116,67,30,26,87,17,86,49,76,113" hai3="56,15,100,55,42,25,13,34,90,121,24,79,18"/><U85/><E1/><V59/><F116/><W46/><G121/><T71/><D28/><U89/><E112/><V7/><F113/><W70/><G70/><T4/><D81/><U123/><E123/><V104/><F104/><W132/><G132/><T124/><D4/><U75/><E44/><V120/><F17/><W126/><G126/><T23/><D23/><U41/><E63/><N who="2" m="38399" /><F120/><W133/><G133/><T10/><D10/><U19/><REACH who="1" step="1"/><E37/><REACH who="1" ten="250,347,220,173" step="2"/><V43/><F76/><W31/><G79/><T27/><D134/><U109/><E109/><V5/><F5/><W52/><G46/><T95/><D108/><U94/><AGARI ba="1,1" hai="16,19,38,41,45,75,78,80,85,89,93,94,97,103" machi="94" ten="20,7800,0" yaku="1,1,0,1,7,1,54,1,53,0" doraHai="62" doraHaiUra="58" who="1" fromWho="1" sc="250,-27,347,91,220,-27,173,-27" /><INIT seed="1,2,0,0,0,19" ten="223,438,193,146" oya="1" hai0="103,31,65,29,111,21,112,15,12,122,56,27,53" hai1="74,17,115,32,101,132,48,95,105,8,99,117,79" hai2="68,116,98,92,3,85,59,0,38,52,124,36,49" hai3="10,45,113,22,42,46,110,64,55,87,77,127,58"/><U135/><E32/><V97/><F116/><W125/><G110/><T11/><D111/><U120/><E117/><V41/><F68/><W93/><G113/><T80/><D112/><U25/><E115/><V57/><F124/><W43/><G64/><T73/><D122/><U134/><E120/><V84/><F41/><W9/><G77/><T91/><D103/><U44/><E79/><V24/><F24/><W70/><G70/><T51/><D65/><U90/><E74/><V102/><F97/><W126/><G87/><N who="0" m="50663" /><D73/><U69/><E69/><V47/><F59/><W123/><G93/><T26/><D11/><N who="3" m="4105" /><G123/><T118/><D118/><U34/><E34/><V5/><F5/><W30/><G43/><T67/><D67/><U131/><E131/><V86/><REACH who="2" step="1"/><F47/><REACH who="2" ten="223,438,183,146" step="2"/><W1/><G42/><T133/><D133/><U83/><E135/><V119/><F119/><W82/><G1/><AGARI ba="2,1" hai="0,1,3,36,38,49,52,57,84,85,86,92,98,102" machi="1" ten="40,8000,1" yaku="1,1,54,1,53,3" doraHai="19" doraHaiUra="81" who="2" fromWho="3" sc="223,0,438,0,183,96,146,-86" /><INIT seed="2,0,0,3,3,41" ten="223,438,279,60" oya="2" hai0="82,39,33,87,114,7,111,1,35,109,116,69,2" hai1="83,27,48,36,24,124,11,28,37,125,86,107,10" hai2="21,89,91,117,56,115,47,80,88,76,60,72,42" hai3="9,22,123,64,101,102,79,63,65,97,131,93,0"/><V52/><F115/><W25/><G131/><T96/><D114/><U51/><E107/><V68/><F117/><W106/><G123/><T100/><D69/><U62/><E62/><V71/><REACH who="2" step="1"/><F21/><REACH who="2" ten="223,438,269,60" step="2"/><W132/><G132/><T44/><D116/><U130/><E130/><V78/><F78/><W112/><G79/><T46/><D33/><U108/><E108/><V8/><F8/><W73/><G112/><T13/><D35/><U66/><E11/><V113/><F113/><W19/><G9/><T31/><D109/><U29/><E10/><V127/><F127/><W23/><G0/><T134/><D1/><U43/><E124/><V20/><F20/><W120/><G120/><T14/><D2/><U119/><E125/><V61/><F61/><W49/><G23/><T129/><D111/><U26/><E119/><V133/><F133/><W4/><G4/><T12/><D7/><U75/><E24/><V67/><F67/><W6/><G6/><T85/><D134/><U77/><E66/><V58/><F58/><W99/><G63/><T104/><D129/><U50/><E26/><V15/><F15/><W38/><G73/><T70/><D12/><U18/><E75/><V57/><F57/><W16/><G19/><T110/><D13/><U30/><E18/><V94/><F94/><W53/><REACH who="3" step="1"/><G38/><AGARI ba="0,1" hai="38,42,47,52,56,60,68,71,72,76,80,88,89,91" machi="38" ten="40,12000,1" yaku="1,1,52,1,54,2,53,0" doraHai="41" doraHaiUra="81" who="2" fromWho="3" sc="223,0,438,0,269,130,60,-120" owari="223,-17.7,438,53.8,399,19.9,-60,-56.0" /></mjloggm>