<mjloggm ver="2.3"><GO type="169" lobby="0"/><UN n0="%E3%82%86%E3%81%86%E3%82%86%E3%81%8D" n1="%6B%61%74%65%72%69%6E%61" n2="%E6%98%8E%E6%98%9F%E5%B8%82%E6%B0%91" n3="%E5%A4%A9%E7%A9%BA%E3%81%AE%E6%8A%80" dan="16,16,16,16" rate="2205.26,2144.42,2159.13,2127.81" sx="M,M,M,M"/><TAIKYOKU oya="0"/><INIT seed="0,0,0,0,5,85" ten="250,250,250,250" oya="0" hai0="47,90,28,29,116,114,38,113,112,4,63,57,130" hai1="2,92,40,120,39,100,124,53,22,135,37,26,45" hai2="43,5,11,13,78,103,74,75,96,64,46,129,132" hai3="81,128,19,110,95,3,65,93,15,86,115,51,20"/><T48/><D116/><U60/><E120/><V131/><F132/><W97/><G110/><T25/><D38/><U44/><E2/><V73/><F64/><W62/><G128/><T122/><D122/><U109/><E109/><V88/><F78/><W18/><G3/><T50/><D130/><N who="2" m="49674" /><F103/><W59/><G115/><T134/><D134/><U12/><E135/><V7/><F7/><W27/><G51/><T133/><D133/><U0/><E0/><V30/><F30/><W127/><G127/><T58/><D4/><U108/><E108/><V76/><F76/><W61/><G61/><T33/><D29/><U89/><E124/><V79/><F79/><W71/><G71/><T66/><D57/><U105/><E12/><V52/><F52/><W126/><G97/><T17/><D17/><U80/><E80/><V36/><F73/><W101/><G101/><T106/><D106/><U16/><E100/><V24/><F24/><W49/><G49/><T82/><REACH who="0" step="1"/><D47/><REACH who="0" ten="240,250,250,250" step="2"/><U99/><E105/><V91/><F74/><W125/><G126/><T31/><D31/><U70/><E70/><V55/><F75/><W87/><G125/><T111/><D111/><U84/><E45/><V34/><F34/><W119/><G119/><T123/><D123/><U42/><E39/><V41/><F36/><W1/><G59/><T54/><D54/><U83/><E37/><V68/><F68/><W94/><G19/><T107/><D107/><U10/><E44/><V117/><F117/><W23/><G18/><T67/><D67/><U35/><E16/><V98/><F46/><W102/><G65/><RYUUKYOKU ba="0,1" sc="240,30,250,-10,250,-10,250,-10" hai0="25,28,33,48,50,58,63,66,82,90,112,113,114" /><INIT seed="0,1,1,4,0,49" ten="270,240,240,240" oya="0" hai0="55,76,39,5,98,54,45,121,80,2,62,6,7" hai1="111,89,53,94,134,47,122,95,50,29,1,104,72" hai2="100,42,18,41,88,16,116,113,96,31,132,115,28" hai3="77,70,118,20,60,131,133,21,51,65,34,3,83"/><T84/><D121/><U8/><E122/><V59/><F132/><W103/><G118/><T27/><D2/><U10/><E104/><V13/><F116/><W91/><G133/><T24/><D98/><U35/><E134/><V128/><F128/><W0/><G34/><T58/><REACH who="0" step="1"/><D39/><REACH who="0" ten="260,240,240,240" step="2"/><U124/><E1/><V61/><F115/><W107/><G0/><T57/><D57/><U73/><E124/><V106/><F113/><W101/><G3/><T93/><D93/><U87/><E95/><V23/><F31/><W17/><G107/><T25/><D25/><U64/><E29/><V92/><F28/><W32/><G70/><T46/><D46/><U26/><E26/><N who="2" m="14695" /><F106/><W127/><G127/><T66/><D66/><U110/><E64/><N who="2" m="38975" /><F100/><W129/><G103/><T81/><D81/><U68/><E68/><V125/><F125/><W36/><G101/><T119/><D119/><U67/><E67/><V11/><AGARI ba="1,2" hai="11,13,18,41,42,88,92,96" m="38975,14695" machi="11" ten="30,4000,0" yaku="8,1,54,2" doraHai="49" who="2" fromWho="2" sc="260,-21,240,-11,240,63,240,-11" /><INIT seed="1,0,0,0,4,101" ten="239,229,303,229" oya="1" hai0="39,37,34,46,22,133,23,92,52,49,80,1,73" hai1="112,2,121,35,5,114,82,21,8,119,107,85,60" hai2="54,84,14,6,98,58,62,124,90,10,28,16,134" hai3="96,66,116,100,4,94,113,70,67,20,0,129,27"/><U132/><E119/><V120/><F120/><W65/><G113/><T3/><D34/><U12/><E121/><V81/><F134/><W47/><G129/><T102/><D133/><U31/><E132/><V64/><F124/><W24/><G70/><T118/><D118/><U40/><E40/><V99/><F28/><W83/><G4/><T108/><D108/><U72/><E72/><V74/><F74/><W123/><G0/><T77/><D1/><U11/><E60/><V30/><F30/><W17/><G123/><T93/><D3/><U79/><E11/><V109/><F109/><W9/><G9/><T61/><D61/><U89/><E107/><V117/><F117/><W68/><G68/><T59/><D37/><U43/><E43/><V104/><F104/><W55/><G83/><T45/><D39/><U115/><E79/><V71/><F6/><W126/><G126/><T41/><D45/><U103/><E103/><V76/><F76/><W86/><G86/><T131/><D131/><U44/><E44/><V125/><F125/><W110/><G110/><T135/><D135/><U33/><REACH who="1" step="1"/><E2/><REACH who="1" ten="239,219,303,229" step="2"/><V29/><F29/><W75/><G75/><T25/><D102/><U91/><E91/><V128/><F128/><W63/><G63/><AGARI ba="0,1" hai="10,14,16,54,58,62,63,64,71,81,84,90,98,99" machi="63" ten="30,2000,0" yaku="7,1,54,1" doraHai="101" who="2" fromWho="3" sc="239,0,219,0,303,30,229,-20" /><INIT seed="2,0,0,0,4,127" ten="239,219,333,209" oya="2" hai0="42,66,120,45,91,41,58,69,92,81,123,18,31" hai1="83,13,4,47,28,96,60,11,90,19,1,113,88" hai2="86,2,8,118,46,112,17,7,76,132,134,119,52" hai3="122,65,110,10,73,72,49,93,32,39,15,126,109"/><V9/><F76/><W5/><G32/><T87/><D69/><U99/><E113/><V114/><F86/><W107/><G39/><T115/><D115/><N who="2" m="44074" /><F46/><W37/><G37/><T62/><D31/><U133/><E133/><N who="2" m="51307" /><F52/><W102/><G65/><T43/><D18/><U44/><E28/><V130/><F130/><W53/><G126/><T59/><D45/><U55/><E47/><V38/><F38/><W89/><G122/><T94/><D123/><U105/><E105/><V100/><F100/><W121/><G121/><T54/><REACH who="0" step="1"/><D120/><REACH who="0" ten="229,219,333,209" step="2"/><U101/><E44/><V128/><F128/><W64/><G110/><T79/><D79/><U78/><E78/><V68/><F68/><W61/><G109/><T14/><D14/><AGARI ba="0,1" hai="2,7,8,9,14,17,118,119" m="51307,44074" machi="14" ten="30,5800,0" yaku="20,1,34,2" doraHai="127" who="2" fromWho="0" sc="229,-58,219,0,333,68,209,0" /><INIT seed="2,1,0,1,2,14" ten="171,219,401,209" oya="2" hai0="21,65,91,76,95,105,81,129,38,58,118,12,34" hai1="109,126,51,24,89,5,116,28,26,9,56,112,97" hai2="96,52,36,103,127,122,62,67,128,131,101,2,107" hai3="77,132,88,74,114,61,66,43,123,125,83,70,73"/><V8/><F122/><W104/><G132/><T42/><D34/><U79/><E112/><V99/><F127/><W111/><G125/><T80/><D105/><U68/><E68/><V78/><F78/><W134/><G134/><T82/><D129/><N who="2" m="49738" /><F36/><W18/><G104/><T115/><D118/><U117/><E126/><V59/><F2/><W30/><G30/><T47/><D115/><U20/><E109/><V100/><F8/><W130/><G111/><T16/><D58/><U54/><E79/><V92/><F103/><W13/><G123/><T44/><D44/><U23/><E89/><V53/><AGARI ba="1,0" hai="52,53,59,62,67,92,96,99,100,101,107" m="49738" machi="53" ten="30,3000,0" yaku="19,1,54,1" doraHai="14" who="2" fromWho="2" sc="171,-11,219,-11,401,33,209,-11" /><INIT seed="2,2,0,4,2,32" ten="160,208,434,198" oya="2" hai0="2,68,89,21,25,78,3,46,29,121,15,95,74" hai1="96,61,77,101,52,43,66,19,35,48,54,127,129" hai2="10,69,38,13,110,70,115,24,18,16,56,92,85" hai3="135,82,112,91,131,75,94,88,71,22,50,17,113"/><V100/><F38/><W98/><G71/><T23/><D68/><U49/><E35/><V76/><F115/><N who="3" m="44107" /><G131/><T80/><D121/><U8/><E129/><V99/><F110/><W116/><G135/><T104/><D104/><U44/><E127/><V55/><F70/><W105/><G105/><T134/><D134/><U122/><E122/><V14/><F69/><W126/><G126/><T31/><D46/><U1/><E77/><V40/><F40/><W63/><G63/><T118/><D118/><U33/><E33/><V97/><F24/><N who="3" m="14415" /><G50/><T51/><D51/><U12/><E1/><V6/><F99/><W45/><G45/><T133/><D133/><U67/><E61/><V53/><F56/><W72/><G116/><T30/><D15/><U90/><E43/><V20/><F18/><W65/><G65/><T86/><REACH who="0" step="1"/><D21/><REACH who="0" ten="150,208,434,198" step="2"/><U42/><E42/><V87/><F76/><N who="3" m="44295" /><G75/><T130/><D130/><U79/><E79/><V5/><F5/><W9/><G9/><T36/><D36/><U128/><E128/><V117/><F117/><W58/><G58/><T7/><D7/><U47/><REACH who="1" step="1"/><E90/><AGARI ba="2,1" hai="88,90,91,94,98" m="44295,14415,44107" machi="90" ten="30,2000,0" yaku="11,1,54,1" doraHai="32" who="3" fromWho="1" sc="150,0,208,-26,434,0,198,36" /><INIT seed="3,0,0,0,1,74" ten="150,182,434,234" oya="3" hai0="122,134,114,35,123,66,118,30,106,120,88,69,27" hai1="12,117,89,79,22,101,25,82,73,132,56,16,57" hai2="115,135,24,9,53,119,23,110,4,96,127,98,8" hai3="37,45,28,77,32,20,61,36,70,64,41,109,116"/><W52/><G32/><T84/><D118/><U95/><E132/><V2/><F115/><W0/><G0/><T1/><D1/><U26/><E117/><V113/><F135/><W126/><G116/><T68/><D134/><U14/><E101/><V40/><F113/><W59/><G126/><T80/><D114/><U133/><E133/><V58/><F127/><W49/><G109/><T34/><D106/><U47/><E47/><V121/><F110/><W107/><G107/><T17/><D66/><U75/><E75/><V3/><F40/><W48/><G77/><T42/><D42/><U85/><E14/><V19/><F121/><W125/><G125/><T128/><D128/><U31/><REACH who="1" step="1"/><E26/><REACH who="1" ten="150,172,434,234" step="2"/><V11/><F119/><W43/><G28/><T54/><D30/><U76/><E76/><V44/><F44/><N who="3" m="23599" /><G20/><AGARI ba="0,1" hai="12,16,20,22,25,31,56,57,73,79,82,85,89,95" machi="20" ten="30,8000,1" yaku="1,1,7,1,52,1,54,1,53,1" doraHai="74" doraHaiUra="91" who="1" fromWho="3" sc="150,0,172,90,434,0,234,-80" /><INIT seed="4,0,0,4,3,33" ten="150,262,434,154" oya="0" hai0="0,13,81,69,99,30,126,107,86,22,61,19,90" hai1="26,52,37,17,14,24,98,66,114,96,27,72,57" hai2="83,46,77,131,36,51,7,29,20,42,75,49,115" hai3="15,60,101,125,113,112,79,54,55,39,109,135,106"/><T133/><D133/><U1/><E72/><V3/><F115/><W2/><G79/><T28/><D126/><U35/><E37/><V82/><F131/><W95/><G95/><T105/><D0/><U38/><E38/><V132/><F83/><W10/><G39/><T62/><D69/><U87/><E35/><V32/><F32/><W8/><G135/><T124/><D124/><U56/><E1/><V93/><F93/><W4/><G125/><T118/><D118/><U128/><E128/><V67/><F67/><W116/><G116/><T84/><D99/><U100/><E114/><N who="3" m="44138" /><G109/><T89/><D107/><U117/><E117/><V73/><F73/><W34/><G34/><T91/><D105/><U9/><E87/><N who="0" m="33321" /><D81/><U119/><E119/><V58/><F58/><N who="3" m="34903" /><G55/><T104/><D104/><U122/><E122/><V48/><F132/><W74/><G74/><T108/><D108/><U47/><E66/><V6/><F3/><W121/><G121/><T80/><D80/><U129/><E129/><V59/><F59/><N who="1" m="22601" /><E100/><V71/><F71/><W127/><G127/><T16/><D62/><U94/><E94/><V21/><F29/><N who="0" m="11370" /><D61/><U76/><E76/><V110/><F110/><W120/><G120/><T41/><D41/><U40/><E40/><V123/><F123/><W18/><G106/><T53/><D53/><U31/><E31/><V111/><F111/><W12/><G101/><T11/><D91/><U25/><N who="1" m="6144" /><DORA hai="70" /><U88/><E88/><V65/><F65/><W45/><G2/><T102/><D102/><U63/><E63/><V78/><F78/><W134/><G134/><RYUUKYOKU ba="0,0" sc="150,0,262,0,434,0,154,0" hai0="11,13,16,19,22,89,90" hai1="9,14,17,47,52,96,98" hai2="6,7,20,21,36,42,46,48,49,51,75,77,82" hai3="4,8,10,12,15,18,45" /><INIT seed="4,1,0,5,4,64" ten="150,262,434,154" oya="0" hai0="63,21,60,74,16,41,0,26,106,3,15,71,17" hai1="104,45,1,116,90,67,34,133,43,75,91,83,35" hai2="130,8,86,114,55,128,61,113,84,122,48,119,19" hai3="94,118,111,129,51,27,62,121,5,10,77,72,127"/><T93/><D106/><U120/><E116/><V103/><F122/><W135/><G111/><T125/><D125/><U88/><E120/><V70/><F103/><W69/><G118/><T23/><D74/><U112/><E1/><V96/><F96/><W29/><G121/><T82/><D41/><U18/><E104/><V78/><F119/><W102/><G127/><T110/><D110/><U101/><E101/><V49/><F8/><W124/><G124/><T20/><D82/><U33/><E133/><V123/><F19/><W7/><G135/><T85/><D21/><U40/><E18/><V95/><F123/><W131/><G7/><T76/><D76/><U68/><E112/><N who="2" m="43115" /><F78/><W6/><G6/><T58/><D60/><U79/><REACH who="1" step="1"/><E45/><REACH who="1" ten="150,252,434,154" step="2"/><V47/><F47/><W25/><G102/><T4/><D4/><U97/><E97/><V28/><F28/><W31/><G31/><T107/><D107/><U109/><E109/><V36/><F95/><W2/><G94/><T30/><D30/><U39/><E39/><V56/><F36/><W73/><G29/><T98/><D98/><U53/><E53/><V50/><F86/><W42/><G2/><N who="0" m="555" /><D85/><U99/><E99/><V117/><F84/><W108/><G73/><T54/><D93/><U92/><E92/><V14/><F117/><W65/><G72/><T13/><D13/><U46/><E46/><V126/><F14/><W11/><G108/><T9/><D9/><U132/><E132/><V12/><F12/><W59/><G11/><T57/><D54/><U115/><E115/><V89/><F55/><W22/><G10/><RYUUKYOKU ba="1,1" sc="150,15,252,15,434,-15,154,-15" hai0="15,16,17,20,23,26,57,58,63,71" hai1="33,34,35,40,43,67,68,75,79,83,88,90,91" /><INIT seed="4,2,1,5,5,84" ten="165,267,419,139" oya="0" hai0="44,39,134,105,23,60,117,17,121,68,67,62,72" hai1="33,120,56,106,90,71,19,8,77,10,123,95,119" hai2="24,16,81,7,55,64,43,133,100,22,37,132,101" hai3="30,82,94,129,18,48,114,86,49,54,113,65,28"/><T4/><D121/><U27/><E71/><V104/><F64/><W98/><G129/><T76/><D117/><U52/><E119/><V57/><F7/><W32/><G65/><T128/><D105/><U36/><E36/><V45/><F81/><W63/><G63/><T107/><D107/><U59/><E106/><V131/><F131/><W115/><G32/><T41/><D128/><U110/><E110/><V15/><F24/><W34/><G18/><T83/><D60/><U74/><E59/><V0/><F0/><W79/><G34/><T5/><REACH who="0" step="1"/><D134/><REACH who="0" ten="155,267,419,139" step="2"/><N who="2" m="51818" /><F104/><W40/><G40/><T75/><D75/><U109/><E74/><V35/><F35/><W112/><G112/><T12/><AGARI ba="2,2" hai="4,5,12,17,23,39,41,44,62,67,68,72,76,83" machi="12" ten="20,3900,0" yaku="1,1,0,1,7,1,53,0" doraHai="84" doraHaiUra="103" who="0" fromWho="0" sc="155,65,267,-15,419,-15,139,-15" /><INIT seed="4,3,0,3,1,12" ten="220,252,404,124" oya="0" hai0="3,0,14,78,55,103,81,104,49,15,40,35,8" hai1="2,27,34,44,126,110,52,102,66,29,61,47,70" hai2="67,80,128,88,63,90,85,106,17,131,94,135,28" hai3="112,120,38,21,105,91,113,97,125,100,50,1,133"/><T124/><D124/><U130/><E110/><V51/><F106/><W72/><G1/><T65/><D35/><U117/><E117/><V92/><F28/><W99/><G38/><T41/><D65/><U115/><E2/><V57/><F135/><W84/><G50/><T122/><D122/><U30/><E126/><V95/><F51/><W87/><G21/><T11/><D0/><U31/><E130/><N who="2" m="49707" /><F17/><W53/><G53/><T39/><D103/><U108/><E108/><V19/><F19/><W59/><G59/><T6/><D104/><U23/><E115/><N who="3" m="44106" /><G125/><T71/><D71/><U16/><E34/><V96/><AGARI ba="3,0" hai="57,63,67,80,85,88,90,92,94,95,96" m="49707" machi="96" ten="30,2000,0" yaku="19,1,54,1" doraHai="12" who="2" fromWho="2" sc="220,-13,252,-8,404,29,124,-8" /><INIT seed="5,0,0,2,3,87" ten="207,244,433,116" oya="1" hai0="65,76,33,24,37,5,109,1,19,12,102,14,13" hai1="72,30,116,83,119,22,47,80,39,86,70,74,115" hai2="60,10,41,103,18,28,45,78,128,57,2,130,121" hai3="89,6,50,111,95,36,75,0,97,82,126,112,84"/><U55/><E70/><V94/><F121/><W104/><G111/><T38/><D109/><U32/><E32/><V93/><F28/><W90/><G36/><T108/><D108/><U16/><E30/><V123/><F78/><N who="3" m="44383" /><G50/><T11/><D102/><U25/><E115/><V15/><F2/><W98/><G6/><T35/><D76/><U9/><E116/><V44/><F123/><W56/><G56/><T79/><D79/><U91/><E119/><V88/><F94/><N who="3" m="54567" /><G0/><T8/><D65/><U67/><E67/><V48/><F103/><N who="3" m="62583" /><G112/><T62/><D62/><U31/><E39/><V129/><F44/><W52/><G52/><T53/><D53/><U69/><E69/><V135/><F135/><W27/><G27/><T68/><D68/><U120/><E120/><V105/><F105/><W64/><G64/><T100/><D100/><U46/><E46/><V132/><F132/><W124/><AGARI ba="0,0" hai="90,95,97,124,126" m="62583,54567,44383" machi="124" ten="30,8000,1" yaku="24,1,34,2,52,2" doraHai="87" who="3" fromWho="3" sc="207,-20,244,-40,433,-20,116,80" /><INIT seed="6,0,0,1,2,9" ten="187,204,413,196" oya="2" hai0="19,60,65,109,30,107,51,112,69,0,131,50,15" hai1="71,99,7,25,12,47,121,21,126,86,32,3,67" hai2="40,132,84,52,80,2,120,46,55,92,103,6,64" hai3="18,89,130,14,45,93,41,39,61,117,97,118,83"/><V79/><F120/><W113/><G130/><T115/><D109/><U76/><E126/><V1/><F132/><W88/><G113/><N who="0" m="43595" /><D0/><U54/><E121/><V125/><F64/><W20/><REACH who="3" step="1"/><G61/><REACH who="3" ten="187,204,413,186" step="2"/><T17/><D131/><U75/><E71/><V29/><F125/><W70/><G70/><T58/><D69/><U77/><E75/><V53/><F29/><W24/><G24/><T100/><D30/><U28/><E25/><V82/><F6/><W94/><G94/><T102/><D19/><U42/><E7/><V13/><F92/><W123/><G123/><T91/><D107/><U36/><E28/><V35/><F35/><W110/><G110/><T33/><D33/><U111/><E32/><V57/><F82/><W37/><G37/><T62/><D62/><U134/><E36/><V48/><F1/><W106/><G106/><T135/><D135/><U49/><E3/><V23/><F2/><W81/><G81/><T105/><D105/><U114/><E134/><V4/><F103/><N who="0" m="39466" /><D91/><U22/><E111/><V16/><F4/><W122/><G122/><T133/><D133/><U5/><E114/><V31/><F31/><W27/><G27/><T101/><D101/><U10/><E5/><V108/><F108/><W95/><G95/><T44/><D17/><U43/><E76/><V68/><F68/><W129/><G129/><T59/><D60/><AGARI ba="0,1" hai="13,16,23,40,46,48,52,53,55,57,60,79,80,84" machi="60" ten="30,12000,1" yaku="7,1,8,1,52,1,54,2" doraHai="9" who="2" fromWho="0" sc="187,-120,204,0,413,130,186,0" /><INIT seed="6,1,0,3,2,118" ten="67,204,543,186" oya="2" hai0="72,57,97,89,105,112,49,55,10,37,22,88,42" hai1="36,134,73,60,95,121,2,111,8,14,66,38,50" hai2="128,104,101,91,115,44,122,93,92,132,62,40,0" hai3="4,99,117,126,76,78,12,79,39,123,45,28,65"/><V86/><F86/><W113/><BYE who="2" /><G117/><T16/><D112/><U102/><E111/><V67/><F67/><W52/><G113/><UN n2="%E6%98%8E%E6%98%9F%E5%B8%82%E6%B0%91" /><T3/><D72/><U34/><E73/><V63/><F63/><W120/><BYE who="2" /><G65/><UN n2="%E6%98%8E%E6%98%9F%E5%B8%82%E6%B0%91" /><T74/><D74/><U125/><E2/><V130/><F62/><W51/><G28/><T61/><D37/><U25/><E125/><V124/><F44/><W20/><G39/><T108/><D108/><U68/><E134/><V96/><F40/><W23/><G126/><T64/><D42/><U15/><E15/><V85/><F124/><W83/><G83/><T58/><D105/><U11/><E11/><V33/><F33/><W127/><G127/><T109/><D109/><U116/><E116/><V110/><F0/><W106/><G4/><T31/><D97/><U84/><E50/><V41/><F41/><W69/><G69/><T6/><D31/><U77/><E77/><V107/><F110/><W35/><G35/><T81/><D81/><U26/><E34/><V129/><F115/><W17/><REACH who="3" step="1"/><G23/><REACH who="3" ten="67,204,543,176" step="2"/><T131/><REACH who="0" step="1"/><D131/><REACH who="0" ten="57,204,543,176" step="2"/><U18/><E36/><V80/><F132/><W103/><AGARI ba="1,2" hai="12,17,20,45,51,52,76,78,79,99,103,106,120,123" machi="103" ten="30,12000,2" yaku="1,1,2,1,0,1,52,2,54,1,53,0" doraHai="118" doraHaiUra="5" who="3" fromWho="3" sc="57,-31,204,-31,543,-61,176,143" /><INIT seed="7,0,0,5,5,112" ten="26,173,482,319" oya="3" hai0="28,93,34,2,109,25,43,135,49,29,74,76,123" hai1="78,96,65,13,54,95,40,45,7,71,87,80,133" hai2="89,50,94,35,60,52,114,84,110,102,51,56,108" hai3="127,63,134,32,20,41,98,82,90,61,62,72,10"/><W22/><G32/><T15/><D93/><U117/><E133/><V132/><F35/><W12/><G134/><T79/><D49/><U67/><E71/><V86/><F114/><W100/><G127/><T59/><D43/><U111/><E111/><V105/><F132/><W124/><G124/><T106/><D59/><U68/><E68/><V129/><F129/><W16/><G41/><T121/><D15/><U21/><E54/><V48/><F105/><W24/><G72/><T4/><D25/><U58/><E58/><V53/><F102/><W3/><G3/><T27/><D27/><U46/><E117/><V103/><F103/><W11/><G100/><T19/><D4/><U37/><E46/><V55/><F110/><W5/><G5/><T118/><D19/><U17/><E7/><V30/><F30/><W44/><G44/><T131/><D28/><U36/><E36/><V120/><F120/><W18/><REACH who="3" step="1"/><G98/><REACH who="3" ten="26,173,482,309" step="2"/><T9/><D76/><U8/><E96/><N who="2" m="57423" /><F108/><W39/><G39/><T99/><D29/><U47/><E45/><V88/><F84/><AGARI ba="0,1" hai="10,11,12,16,18,20,22,24,61,62,63,82,84,90" machi="84" ten="40,7700,0" yaku="1,1,8,1,54,1,53,0" doraHai="112" doraHaiUra="91" who="3" fromWho="2" sc="26,0,173,0,482,-77,309,87" /><INIT seed="7,1,0,4,1,131" ten="26,173,405,396" oya="3" hai0="115,11,101,37,84,120,88,14,73,100,96,36,110" hai1="16,64,77,102,56,53,26,33,94,24,109,124,42" hai2="69,106,130,23,98,117,7,87,54,25,44,89,45" hai3="0,90,118,60,15,67,10,78,95,123,132,40,62"/><W50/><G132/><T80/><D110/><U105/><E109/><V59/><F69/><W5/><G123/><T128/><D120/><U92/><E124/><V18/><F130/><W135/><G135/><T27/><D128/><U12/><E105/><V46/><F117/><W65/><G118/><T91/><D73/><U107/><E107/><V74/><F74/><W75/><G0/><T55/><D37/><U22/><E77/><V32/><F32/><W83/><G67/><T104/><D36/><U61/><E42/><V43/><F7/><W63/><G65/><T113/><D101/><U66/><E33/><V112/><F112/><W28/><G28/><T125/><D125/><U71/><E66/><V133/><F133/><W68/><G68/><T127/><D127/><U111/><E111/><V31/><F106/><W6/><G6/><T72/><D72/><U86/><E86/><V122/><F98/><W9/><G9/><T70/><D70/><U134/><E134/><V81/><F122/><W57/><G40/><T30/><D55/><U93/><E102/><V99/><F99/><N who="3" m="57847" /><G50/><T49/><D49/><U119/><E119/><V116/><F116/><W1/><G1/><T13/><D91/><U38/><E38/><V114/><F114/><W52/><G75/><T21/><D11/><U29/><E29/><V2/><F2/><W3/><G3/><T121/><D121/><U34/><E34/><N who="2" m="20847" /><F43/><W17/><G5/><T19/><D30/><U39/><E39/><V79/><F18/><W48/><G48/><T82/><D82/><U97/><E97/><V8/><F81/><RYUUKYOKU ba="1,0" sc="26,10,173,10,405,-30,396,10" hai0="13,14,19,21,27,80,84,88,96,100,104,113,115" hai1="12,16,22,24,26,53,56,61,64,71,92,93,94" hai3="10,15,17,52,57,60,62,63,78,83" owari="36,-46.4,183,-21.7,375,17.5,406,50.6" /></mjloggm>