<mjloggm ver="2.3"><GO type="169" lobby="0"/><UN n0="%E3%81%AC%E3%81%8F%E3%82%82%E3%82%8A" n1="%E3%81%A5%E3%81%8B%E5%AD%90" n2="%41%63%75%6E%61%4A%72" n3="%E9%A2%A8%E3%81%A7%E9%B3%B4%E3%81%8F" dan="17,16,17,17" rate="2184.69,2144.52,2239.04,2207.10" sx="M,M,M,M"/><TAIKYOKU oya="0"/><INIT seed="0,0,0,4,4,129" ten="250,250,250,250" oya="0" hai0="50,105,123,114,119,48,31,20,14,128,60,104,107" hai1="40,30,35,115,127,125,66,126,131,5,45,26,51" hai2="33,85,69,96,34,65,2,27,41,103,73,88,76" hai3="97,28,93,106,21,13,121,100,95,111,53,84,80"/><T32/><D114/><U10/><E131/><V15/><F2/><W37/><G37/><T47/><D128/><U42/><E66/><V67/><F41/><W94/><G111/><T4/><D119/><U108/><E108/><V36/><F36/><W52/><G121/><T11/><D123/><U71/><E71/><V79/><F73/><W74/><G74/><T29/><D32/><U57/><E57/><V56/><F69/><W117/><G117/><T92/><D60/><U109/><E109/><V81/><F15/><W3/><G3/><T9/><D20/><U59/><E59/><V122/><F122/><W99/><G99/><T78/><D78/><U54/><REACH who="1" step="1"/><E115/><REACH who="1" ten="250,240,250,250" step="2"/><V86/><F56/><W6/><G6/><T72/><D4/><U18/><E18/><V23/><F67/><W0/><G0/><AGARI ba="0,1" hai="0,5,10,26,30,35,40,42,45,51,54,125,126,127" machi="0" ten="40,2600,0" yaku="1,1,18,1,53,0" doraHai="129" doraHaiUra="98" who="1" fromWho="3" sc="250,0,240,36,250,0,250,-26" /><INIT seed="1,0,0,3,0,15" ten="250,276,250,224" oya="1" hai0="135,44,49,10,124,12,38,106,22,59,130,50,64" hai1="119,39,123,80,46,108,24,18,62,115,58,45,6" hai2="31,113,73,53,111,37,36,56,133,57,25,101,5" hai3="127,120,128,114,20,109,43,66,55,71,60,84,19"/><U26/><E115/><V13/><F111/><W54/><G120/><T29/><D106/><U3/><E119/><V51/><F113/><W134/><G114/><T89/><D130/><U125/><E123/><V118/><F118/><W116/><G116/><T83/><D135/><U92/><E125/><V41/><F133/><W0/><G0/><T82/><D38/><U30/><E108/><V95/><F73/><W110/><G134/><T131/><D131/><U91/><E80/><V1/><F1/><W121/><G121/><T35/><D35/><U28/><E6/><V102/><F41/><W75/><G75/><T9/><D9/><U93/><E93/><V17/><F5/><W79/><G127/><T61/><D89/><U65/><E39/><V47/><F37/><W104/><G104/><T72/><D50/><U105/><E105/><V69/><F69/><W63/><G43/><T4/><D72/><U96/><E3/><V81/><F81/><W98/><G98/><T112/><D112/><U40/><E40/><V48/><F48/><W7/><G7/><T23/><D23/><N who="1" m="13431" /><E26/><V85/><F36/><W52/><G63/><T132/><D132/><U42/><E42/><V34/><F101/><W129/><G128/><T107/><D107/><U70/><E70/><V33/><F33/><W77/><G129/><T76/><D124/><U122/><E122/><V87/><F102/><W126/><G126/><T14/><D76/><N who="3" m="29257" /><G84/><N who="2" m="32329" /><F95/><W21/><G21/><T78/><D78/><U11/><E11/><V99/><F99/><W16/><G20/><T68/><D22/><U86/><E96/><RYUUKYOKU ba="0,0" sc="250,-30,276,10,250,10,224,10" hai1="28,30,45,46,58,62,65,86,91,92" hai2="13,17,25,31,34,47,51,53,56,57" hai3="16,19,52,54,55,60,66,71,109,110" /><INIT seed="1,1,0,2,0,67" ten="220,286,260,234" oya="1" hai0="132,66,96,63,58,74,54,102,29,128,127,43,34" hai1="60,115,133,120,37,93,61,51,103,18,17,106,25" hai2="47,123,13,86,104,70,52,105,26,107,95,8,135" hai3="3,85,84,53,119,129,42,77,41,108,44,22,64"/><U31/><E37/><V79/><F123/><W4/><G108/><T118/><D118/><U0/><E115/><V92/><F135/><W32/><G32/><T62/><D74/><U9/><E106/><V45/><F70/><W19/><G64/><T11/><D132/><U69/><E120/><V87/><F26/><W1/><G119/><T36/><D128/><U7/><E133/><V117/><F117/><W5/><G53/><T21/><D34/><U40/><E103/><V130/><F130/><W111/><G111/><T50/><D127/><U35/><E93/><V27/><F27/><W38/><G42/><T23/><D11/><U2/><E2/><V81/><F87/><W28/><G28/><T89/><D89/><U99/><E99/><V10/><F10/><W16/><G19/><T100/><D29/><U124/><E124/><V24/><F24/><W73/><G4/><T82/><D82/><U113/><E113/><V30/><F30/><W59/><G59/><T97/><D63/><U15/><E69/><V88/><F52/><W57/><G57/><T91/><D91/><U122/><E122/><V12/><F12/><N who="3" m="9479" /><G1/><T48/><D36/><U112/><E112/><V55/><F55/><W80/><G129/><T20/><D43/><U71/><E71/><V6/><REACH who="2" step="1"/><F95/><REACH who="2" ten="220,286,250,234" step="2"/><W14/><G14/><T109/><D109/><U98/><E0/><V110/><F110/><W83/><G83/><T49/><D54/><U94/><E61/><V116/><F116/><W134/><G134/><T76/><D76/><U101/><E60/><V72/><AGARI ba="1,1" hai="6,8,13,45,47,72,79,81,86,88,92,104,105,107" machi="72" ten="30,4000,0" yaku="1,1,0,1,54,1,53,0" doraHai="67" doraHaiUra="131" who="2" fromWho="2" sc="220,-11,286,-21,250,53,234,-11" /><INIT seed="2,0,0,1,4,99" ten="209,265,303,223" oya="2" hai0="24,120,100,14,129,18,26,16,97,89,106,42,20" hai1="102,84,39,37,51,4,95,65,66,72,67,57,114" hai2="109,135,115,124,70,19,117,133,54,47,41,87,55" hai3="49,74,12,134,2,103,56,10,127,43,131,45,98"/><V1/><F1/><W46/><G74/><T91/><D120/><U21/><E114/><V11/><F115/><W118/><G118/><T101/><D129/><U121/><E72/><V52/><F117/><W93/><G131/><T58/><D42/><U111/><E111/><V7/><F109/><W3/><G127/><T82/><D82/><U104/><E4/><V126/><F87/><W85/><G134/><N who="2" m="51209" /><F19/><W107/><G56/><T34/><D100/><U83/><E121/><V9/><F70/><W86/><G46/><T23/><REACH who="0" step="1"/><D58/><REACH who="0" ten="199,265,303,223" step="2"/><U75/><E57/><V119/><F119/><W31/><G107/><T33/><D33/><U15/><E104/><V30/><F126/><W68/><G68/><T28/><AGARI ba="0,1" hai="14,16,18,20,23,24,26,28,34,89,91,97,101,106" machi="28" ten="30,7900,0" yaku="1,1,0,1,52,1,54,1,53,0" doraHai="99" doraHaiUra="125" who="0" fromWho="0" sc="199,89,265,-20,303,-39,223,-20" /><INIT seed="3,0,0,2,0,77" ten="288,245,264,203" oya="3" hai0="9,125,42,126,122,50,117,72,53,57,92,96,98" hai1="34,69,114,38,97,78,11,65,36,93,22,71,86" hai2="128,37,74,43,88,120,83,54,116,68,28,41,30" hai3="59,46,104,123,124,13,15,1,40,5,10,55,79"/><W121/><G104/><T76/><D117/><U94/><E34/><V84/><F116/><W132/><G124/><N who="0" m="47723" /><D122/><U8/><E114/><V60/><F120/><W20/><G132/><T103/><D42/><N who="2" m="15882" /><F74/><W62/><G1/><T70/><D70/><U102/><E38/><V17/><F37/><W127/><G127/><T131/><D131/><U81/><E36/><V52/><F68/><W110/><G110/><T29/><D29/><N who="2" m="11370" /><F128/><W108/><G108/><T61/><D9/><U23/><E8/><V6/><F6/><W99/><G99/><N who="0" m="59879" /><D50/><U47/><E71/><V21/><F60/><W27/><G15/><AGARI ba="0,0" hai="15,17,21,52,54,83,84,88" m="11370,15882" machi="15" ten="30,7700,0" yaku="8,1,52,1,54,2" doraHai="77" who="2" fromWho="3" sc="288,0,245,0,264,77,203,-77" /><INIT seed="4,0,0,3,0,116" ten="288,245,341,126" oya="0" hai0="74,50,5,101,26,77,39,68,133,6,51,59,82" hai1="21,79,131,126,80,118,92,17,127,13,10,18,37" hai2="114,111,9,99,115,31,30,130,85,88,43,91,12" hai3="89,103,70,109,33,72,29,78,117,107,15,58,8"/><T87/><D68/><U14/><E118/><V2/><F111/><W53/><G109/><T22/><D39/><U66/><E37/><V86/><F2/><W123/><G117/><T65/><D133/><U42/><E42/><V63/><F99/><W64/><G89/><T57/><D74/><U69/><E131/><V94/><F130/><W119/><G119/><T108/><D101/><U41/><E41/><V60/><F43/><W35/><G78/><T52/><D108/><U106/><E106/><V4/><F31/><W100/><G72/><T61/><REACH who="0" step="1"/><D50/><REACH who="0" ten="278,245,341,126" step="2"/><U110/><E110/><V20/><F114/><W83/><G100/><T45/><D45/><U54/><E69/><V56/><F115/><W121/><G103/><T120/><D120/><N who="3" m="46153" /><G107/><T104/><D104/><U3/><E127/><V122/><F122/><W48/><G83/><T34/><D34/><U98/><E126/><V71/><F71/><W28/><G35/><T90/><D90/><U102/><E80/><N who="2" m="49191" /><F56/><W1/><G33/><T67/><D67/><U112/><E66/><V76/><F76/><W27/><G1/><T113/><D113/><U19/><E112/><V81/><F81/><W23/><G70/><T125/><D125/><U97/><E79/><V32/><F32/><W105/><G64/><T44/><D44/><U73/><E73/><V84/><F84/><W93/><G105/><T95/><D95/><U40/><E3/><V47/><F47/><W38/><G38/><T128/><D128/><U46/><E98/><V132/><F132/><W16/><G93/><T124/><D124/><U75/><E75/><RYUUKYOKU ba="0,1" sc="278,10,245,-30,341,10,126,10" hai0="5,6,22,26,51,52,57,59,61,65,77,82,87" hai2="4,9,12,20,30,60,63,86,91,94" hai3="8,15,16,23,27,28,29,48,53,58" /><INIT seed="4,1,1,4,1,131" ten="288,215,351,136" oya="0" hai0="17,113,105,31,32,100,43,69,14,41,90,86,16" hai1="61,21,128,94,121,70,35,127,92,102,126,1,101" hai2="74,33,114,87,53,84,6,0,60,107,9,119,12" hai3="99,80,111,45,124,65,98,39,96,63,2,81,20"/><T25/><D113/><U67/><E35/><V47/><F114/><W18/><G2/><T26/><D69/><U77/><E121/><V49/><F74/><W55/><G111/><T133/><D133/><U48/><E1/><V19/><F107/><W109/><G109/><T23/><D100/><N who="1" m="38507" /><E77/><V82/><F33/><W130/><G130/><T28/><D105/><U108/><E108/><V58/><F119/><W83/><G124/><N who="1" m="47658" /><E128/><V85/><F0/><W115/><G115/><T59/><D59/><U97/><E97/><V36/><F36/><W3/><G3/><T125/><D125/><U122/><E122/><V11/><F11/><W54/><G39/><T7/><D7/><U106/><E106/><V29/><F29/><W15/><REACH who="3" step="1"/><G45/><REACH who="3" ten="288,215,351,126" step="2"/><T116/><D116/><U95/><E48/><V120/><F120/><W13/><G13/><T79/><D79/><U5/><E5/><V8/><F6/><W4/><G4/><T112/><D112/><U68/><E68/><AGARI ba="1,2" hai="15,18,20,54,55,63,65,68,80,81,83,96,98,99" machi="68" ten="40,1300,0" yaku="1,1,53,0" doraHai="131" doraHaiUra="118" who="3" fromWho="1" sc="288,0,215,-16,351,0,126,36" /><INIT seed="5,0,0,5,1,13" ten="288,199,351,162" oya="1" hai0="109,80,106,117,116,99,110,91,96,15,94,70,82" hai1="26,113,7,11,32,104,61,105,87,73,84,19,130" hai2="37,47,39,63,125,18,83,23,107,114,68,41,108" hai3="69,60,24,21,40,65,38,72,127,76,27,2,54"/><U1/><E73/><V30/><F108/><N who="0" m="41578" /><D15/><U128/><E113/><V74/><F107/><W97/><G2/><T12/><D12/><U3/><E61/><V0/><F0/><W59/><G127/><T75/><D70/><U46/><E46/><V134/><F30/><W123/><G97/><T103/><D75/><U81/><E32/><V78/><F125/><W49/><G123/><T58/><D58/><U135/><E135/><V45/><F134/><W35/><G35/><T79/><D79/><U33/><E33/><V112/><F63/><W29/><G27/><T100/><D100/><U48/><E48/><V50/><F68/><W86/><G86/><T51/><D51/><U31/><E31/><V98/><F98/><W53/><G53/><T28/><D28/><U8/><E26/><N who="2" m="14711" /><F47/><N who="3" m="23959" /><G76/><T20/><D20/><U119/><E119/><AGARI ba="0,0" hai="80,82,91,94,96,99,103,106,116,117,119" m="41578" machi="119" ten="30,2000,0" yaku="34,2" doraHai="13" who="0" fromWho="1" sc="288,20,199,-20,351,0,162,0" /><INIT seed="6,0,0,2,4,100" ten="308,179,351,162" oya="2" hai0="54,133,36,110,60,9,28,21,86,12,15,69,2" hai1="59,103,94,46,38,65,6,1,24,74,52,123,121" hai2="106,131,72,114,29,68,81,23,20,39,80,76,82" hai3="96,84,40,107,5,115,18,50,22,90,17,10,44"/><V128/><F68/><W95/><G115/><T37/><D110/><U105/><E74/><V42/><F114/><W55/><G55/><T130/><D2/><U135/><E135/><V93/><F39/><W34/><G34/><T102/><D133/><U7/><E94/><V66/><F66/><W88/><G22/><T73/><D73/><U19/><E19/><V99/><F42/><W64/><G64/><T109/><D109/><U0/><E24/><V33/><F33/><W47/><G47/><T126/><D102/><U83/><E83/><N who="2" m="31819" /><F29/><W32/><G32/><T132/><D69/><U77/><E77/><V89/><F20/><W56/><G56/><T51/><D28/><U25/><E25/><V101/><F23/><W71/><G71/><T45/><D21/><U117/><E117/><V14/><F14/><N who="3" m="5455" /><G107/><T113/><D36/><U16/><E16/><N who="3" m="6250" /><G84/><AGARI ba="0,0" hai="72,76,82,84,89,93,99,101,106,128,131" m="31819" machi="84" ten="30,11600,0" yaku="24,1,34,2,52,1" doraHai="100" who="2" fromWho="3" sc="308,0,179,0,351,116,162,-116" /><INIT seed="6,1,0,5,2,113" ten="308,179,467,46" oya="2" hai0="83,26,5,95,97,122,15,14,115,123,33,17,135" hai1="30,125,58,31,126,88,52,7,127,36,79,129,47" hai2="57,34,98,102,80,25,42,74,65,67,49,43,62" hai3="69,70,27,6,89,76,55,50,48,11,130,10,132"/><V104/><F67/><W124/><G130/><T66/><D115/><U9/><E79/><V101/><F101/><W81/><G124/><T51/><D135/><U105/><E105/><V44/><F74/><W23/><G132/><T21/><D66/><U114/><E129/><V3/><F3/><W18/><G89/><T82/><D123/><U128/><E128/><V12/><F80/><N who="0" m="30762" /><D33/><U134/><E114/><V73/><F73/><W63/><G50/><T107/><D107/><U45/><E88/><V96/><F96/><W13/><G11/><N who="0" m="4463" /><D51/><N who="1" m="31007" /><E134/><V71/><F12/><W46/><REACH who="3" step="1"/><G63/><REACH who="3" ten="308,179,467,36" step="2"/><T108/><D122/><U40/><E45/><V106/><F44/><W103/><G103/><N who="0" m="60863" /><D108/><U85/><E85/><AGARI ba="1,1" hai="6,10,13,18,23,27,46,48,55,69,70,76,81,85" machi="85" ten="30,3900,0" yaku="1,1,7,1,53,1" doraHai="113" doraHaiUra="0" who="3" fromWho="1" sc="308,0,179,-42,467,0,36,52" /><INIT seed="7,0,0,4,5,8" ten="308,137,467,88" oya="3" hai0="105,29,76,114,23,0,125,78,13,12,111,40,118" hai1="77,38,91,94,109,49,115,24,112,66,79,57,4" hai2="92,83,133,50,71,131,10,54,26,7,108,96,64" hai3="123,67,110,5,107,72,14,33,98,42,85,90,11"/><W113/><G123/><T103/><D111/><U82/><E109/><V95/><F133/><W34/><G110/><T53/><D0/><U37/><E4/><V18/><F71/><W17/><G72/><T106/><D118/><U129/><E129/><V61/><F83/><W62/><G42/><T132/><D40/><U65/><E24/><V22/><F131/><W19/><G113/><N who="1" m="43594" /><E49/><V86/><F86/><W93/><G19/><T89/><D23/><U75/><E79/><V44/><F108/><W6/><G6/><T70/><D53/><U119/><E119/><V128/><F128/><W134/><G134/><T81/><D81/><U73/><E73/><V43/><F96/><W32/><G5/><T126/><D89/><U122/><E122/><V116/><F116/><W80/><G107/><T27/><D70/><U124/><E124/><V47/><F64/><N who="1" m="24681" /><E57/><V59/><F47/><W102/><REACH who="3" step="1"/><G34/><REACH who="3" ten="308,137,467,78" step="2"/><T63/><D105/><U120/><E120/><V74/><F74/><W104/><G104/><T45/><D106/><U36/><E37/><V2/><AGARI ba="0,1" hai="2,7,10,18,22,26,43,44,50,54,59,61,92,95" machi="2" ten="20,1500,0" yaku="0,1,7,1" doraHai="8" who="2" fromWho="2" sc="308,-4,137,-4,467,25,78,-7" owari="304,10.4,133,-26.7,492,59.2,71,-42.9" /></mjloggm>