<mjloggm ver="2.3"><GO type="169" lobby="0"/><UN n0="%E3%81%BD%E3%81%A3%E3%81%91%E3%81%95%E3%82%93" n1="%E2%91%A3%E3%82%BB%E3%83%B3%E3%83%81" n2="%79%61%6E%72%6F%75" n3="%E3%81%86%E3%81%A3%E3%81%8B%E3%82%8A" dan="17,18,16,16" rate="2190.42,2264.86,2164.75,2136.25" sx="M,M,M,M"/><TAIKYOKU oya="0"/><INIT seed="0,0,0,3,2,32" ten="250,250,250,250" oya="0" hai0="102,78,33,11,65,26,59,12,0,80,124,120,130" hai1="47,72,37,133,28,128,5,126,46,81,19,89,25" hai2="90,79,1,74,105,70,112,18,13,40,43,107,77" hai3="84,96,97,42,48,4,34,88,117,123,101,134,20"/><T39/><D120/><U10/><E126/><V30/><F70/><W115/><G34/><T51/><D39/><U64/><E128/><V86/><F112/><W119/><G115/><T24/><D124/><U82/><E19/><V36/><F30/><W91/><G123/><T127/><D127/><U66/><E82/><V94/><F74/><W8/><G134/><T63/><D130/><U118/><E47/><V7/><F77/><W110/><G110/><T104/><D33/><U99/><E99/><V113/><F79/><W61/><G61/><T50/><D102/><U71/><E89/><V57/><F57/><W41/><G20/><T62/><D104/><U135/><E71/><V38/><F38/><W67/><G67/><T45/><D0/><N who="1" m="295" /><E66/><V56/><F56/><W108/><G108/><T121/><D62/><U54/><E54/><V132/><F132/><W16/><G91/><T23/><D23/><N who="1" m="15423" /><E64/><V93/><F107/><W109/><G109/><T114/><D121/><U44/><E44/><N who="2" m="23559" /><F105/><W73/><G97/><T6/><D114/><U83/><E83/><N who="2" m="49503" /><F43/><W69/><G69/><T52/><REACH who="0" step="1"/><D51/><REACH who="0" ten="240,250,250,250" step="2"/><U92/><E135/><V103/><F103/><W22/><G48/><T106/><D106/><U53/><E133/><V116/><F113/><W68/><G101/><T55/><D55/><U75/><E53/><V49/><F49/><W125/><G125/><T122/><D122/><U100/><E100/><V87/><F1/><W95/><G42/><T35/><D35/><U31/><E37/><V60/><F60/><W21/><G41/><T131/><D131/><U111/><E111/><RYUUKYOKU ba="0,1" sc="240,30,250,-10,250,-10,250,-10" hai0="6,11,12,24,26,45,50,52,59,63,65,78,80" /><INIT seed="0,1,1,3,1,122" ten="270,240,240,240" oya="0" hai0="74,78,84,94,24,50,46,33,36,9,115,1,17" hai1="15,35,14,95,75,88,104,45,125,123,3,127,126" hai2="69,18,133,30,118,80,26,97,48,91,101,135,61" hai3="47,49,117,32,55,81,109,37,41,23,65,111,132"/><T28/><D115/><U70/><E123/><V113/><F113/><W120/><G32/><T56/><D56/><U12/><E104/><V10/><F48/><W107/><G120/><T43/><D50/><U103/><E103/><V0/><F91/><W87/><G107/><T116/><D116/><U98/><E3/><V76/><F118/><W21/><G65/><T20/><D94/><U63/><E35/><N who="2" m="20951" /><F18/><W121/><G121/><T79/><D84/><U62/><E70/><V89/><F89/><W124/><G117/><T11/><D74/><U39/><REACH who="1" step="1"/><E75/><REACH who="1" ten="270,230,240,240" step="2"/><N who="2" m="43039" /><F101/><W134/><G124/><T60/><D33/><U99/><E99/><V58/><F97/><W40/><G23/><T29/><D1/><U19/><E19/><V131/><F0/><W64/><G21/><T85/><D17/><U59/><E59/><V44/><F58/><N who="3" m="33135" /><G64/><T106/><D106/><U42/><AGARI ba="1,2" hai="12,14,15,39,42,45,62,63,88,95,98,125,126,127" machi="42" ten="40,8000,1" yaku="1,1,0,1,18,1,54,1,53,1" doraHai="122" doraHaiUra="68" who="1" fromWho="1" sc="270,-41,230,103,240,-21,240,-21" /><INIT seed="1,0,0,2,3,120" ten="229,333,219,219" oya="1" hai0="78,14,73,112,4,30,94,81,26,63,58,44,25" hai1="126,117,135,34,92,37,97,72,109,131,62,59,124" hai2="50,129,84,61,119,40,134,113,16,3,100,5,46" hai3="56,106,88,122,22,104,114,107,127,21,132,65,11"/><U38/><E34/><V69/><F129/><W95/><G122/><T57/><D112/><U48/><E72/><V47/><F134/><W123/><G114/><T74/><D74/><U27/><E27/><V93/><F113/><W17/><G123/><T23/><D44/><U87/><E87/><V68/><F3/><W115/><G115/><T90/><D63/><U13/><E117/><V103/><F5/><W82/><G82/><T98/><D4/><U91/><E131/><V36/><F119/><W42/><G42/><T76/><D76/><U18/><E48/><V118/><F118/><W19/><G127/><N who="1" m="48682" /><E109/><V53/><F61/><W125/><G132/><T99/><D14/><U83/><E83/><V102/><REACH who="2" step="1"/><F16/><REACH who="2" ten="229,333,209,219" step="2"/><W60/><G125/><T64/><D26/><U1/><E1/><V6/><F6/><W77/><G11/><T96/><REACH who="0" step="1"/><D64/><REACH who="0" ten="219,333,209,219" step="2"/><N who="1" m="39007" /><E135/><V116/><F116/><W133/><G133/><T108/><D108/><U105/><E105/><V24/><F24/><W28/><G107/><T9/><D9/><AGARI ba="0,2" hai="9,13,18,37,38,91,92,97" m="39007,48682" machi="9" ten="30,1500,0" yaku="18,1" doraHai="120" who="1" fromWho="0" sc="219,-15,333,35,209,0,219,0" /><INIT seed="1,1,0,2,3,2" ten="204,368,209,219" oya="1" hai0="84,28,103,61,78,130,135,127,57,13,22,34,89" hai1="96,5,74,25,77,31,48,94,44,27,56,53,47" hai2="69,91,45,16,4,116,98,95,119,82,36,107,11" hai3="92,3,128,30,93,108,132,86,121,41,70,52,59"/><U15/><E74/><V79/><F69/><W85/><G121/><T72/><D34/><U66/><E77/><V120/><F120/><W12/><G3/><T42/><D103/><U75/><E75/><V76/><F107/><W100/><G70/><T90/><D42/><U64/><E47/><V110/><F76/><W115/><G128/><T122/><D122/><U9/><E44/><V43/><F16/><W104/><G132/><T80/><D130/><U88/><REACH who="1" step="1"/><E27/><REACH who="1" ten="204,358,209,219" step="2"/><V23/><F110/><W8/><G108/><T17/><D135/><U38/><E38/><V37/><F36/><W117/><G115/><T1/><D72/><U112/><E112/><V87/><REACH who="2" step="1"/><F23/><AGARI ba="1,1" hai="5,9,15,23,25,31,48,53,56,64,66,88,94,96" machi="23" ten="30,12000,1" yaku="1,1,7,1,8,1,52,1,54,1,53,0" doraHai="2" doraHaiUra="97" who="1" fromWho="2" sc="204,0,358,133,209,-123,219,0" /><INIT seed="1,2,0,1,5,9" ten="204,491,86,219" oya="1" hai0="72,123,117,23,127,99,110,108,86,80,33,59,66" hai1="128,13,41,133,22,2,12,35,19,50,78,43,79" hai2="81,3,119,98,94,113,104,4,63,97,8,64,28" hai3="21,56,29,105,115,88,74,129,62,69,14,126,34"/><U61/><E2/><V76/><F119/><W58/><G115/><T25/><D33/><U84/><E35/><V68/><F113/><W121/><G74/><T91/><D117/><U0/><E0/><V132/><F132/><W77/><G77/><N who="1" m="29194" /><E133/><V85/><F104/><W96/><G126/><T5/><D72/><U67/><E128/><V100/><F97/><W82/><G121/><T89/><D127/><U1/><E1/><V60/><F63/><W39/><G39/><T130/><D130/><U27/><E84/><V57/><F28/><W114/><G129/><T26/><D123/><U42/><E50/><V10/><REACH who="2" step="1"/><F8/><REACH who="2" ten="204,491,76,219" step="2"/><W53/><G105/><T103/><D99/><U70/><E70/><AGARI ba="2,1" hai="3,4,10,57,60,64,68,70,76,81,85,94,98,100" machi="70" ten="40,2600,0" yaku="1,1,2,1,53,0" doraHai="9" doraHaiUra="102" who="2" fromWho="1" sc="204,0,491,-32,76,42,219,0" /><INIT seed="2,0,0,0,0,109" ten="204,459,118,219" oya="2" hai0="116,66,122,29,78,14,38,60,49,63,82,27,131" hai1="9,121,103,25,34,102,110,118,129,74,112,75,97" hai2="132,1,0,20,53,117,35,61,100,120,64,16,56" hai3="127,48,33,13,69,12,22,125,30,19,108,128,68"/><V95/><F120/><W77/><G108/><T106/><D38/><U39/><E110/><V54/><F117/><W96/><G128/><T115/><D115/><U85/><E9/><V79/><F35/><W36/><G36/><T5/><D106/><U18/><E18/><V57/><F79/><W58/><G77/><T135/><D122/><U104/><E121/><V124/><F132/><W43/><G13/><T94/><D131/><U81/><E39/><V126/><F100/><W51/><G96/><T65/><D135/><U26/><E26/><V70/><F95/><W111/><G111/><T113/><D113/><U10/><E10/><V44/><F44/><W31/><G43/><T87/><D94/><U91/><E118/><V41/><F41/><W76/><G76/><T21/><D116/><U45/><E45/><V89/><F89/><W47/><G47/><T37/><D49/><N who="3" m="19017" /><G58/><N who="2" m="22633" /><F0/><W23/><G33/><T7/><D37/><U73/><E103/><V3/><F1/><W52/><G68/><T130/><D130/><U62/><E129/><V6/><F6/><N who="0" m="2058" /><D14/><U42/><E42/><V4/><F4/><W123/><G69/><T72/><D72/><U114/><REACH who="1" step="1"/><E62/><AGARI ba="0,0" hai="21,27,29,60,62,63,65,66,78,82,87" m="2058" machi="62" ten="30,1000,0" yaku="8,1" doraHai="109" who="0" fromWho="1" sc="204,10,459,-10,118,0,219,0" /><INIT seed="3,0,0,2,1,82" ten="214,449,118,219" oya="3" hai0="7,116,71,94,87,68,16,3,8,72,42,95,49" hai1="73,111,38,125,43,35,69,13,55,51,121,103,30" hai2="64,48,115,106,9,5,45,135,65,53,12,32,15" hai3="78,10,83,97,92,76,109,85,101,120,34,62,99"/><W27/><G120/><T77/><D116/><U18/><E73/><V66/><F115/><W37/><G109/><T104/><D104/><U21/><E69/><V105/><F32/><W24/><G37/><T14/><D72/><U23/><E35/><V40/><F135/><W41/><G41/><T107/><D107/><U11/><E38/><V46/><REACH who="2" step="1"/><F12/><REACH who="2" ten="214,449,108,219" step="2"/><W128/><G34/><T22/><D14/><U124/><E13/><V86/><F86/><W119/><G119/><T113/><D87/><U25/><E121/><V61/><F61/><W60/><G60/><T67/><D113/><U122/><E122/><V98/><F98/><W17/><G62/><T19/><D3/><U79/><E111/><V81/><F81/><W118/><G99/><T123/><D123/><U47/><E125/><V57/><F57/><W58/><G58/><T74/><D74/><U88/><E124/><V36/><AGARI ba="0,1" hai="5,9,15,36,40,45,46,48,53,64,65,66,105,106" machi="36" ten="30,2000,0" yaku="1,1,0,1,53,0" doraHai="82" doraHaiUra="90" who="2" fromWho="2" sc="214,-5,449,-5,108,30,219,-10" /><INIT seed="4,0,0,1,5,57" ten="209,444,138,209" oya="0" hai0="22,62,24,67,115,71,66,10,55,18,91,59,52" hai1="87,107,112,39,105,36,13,127,119,88,37,26,95" hai2="58,128,49,53,42,48,116,79,28,104,117,21,113" hai3="108,123,74,31,120,17,16,93,41,56,73,97,99"/><T83/><D115/><U102/><E119/><V92/><F104/><W109/><G31/><T34/><D34/><U69/><E69/><V80/><F113/><W122/><G41/><T25/><D25/><U114/><E127/><V90/><F128/><W63/><G74/><T9/><D55/><U23/><E107/><V133/><F133/><W134/><G73/><T68/><D68/><U81/><E105/><V72/><F42/><W40/><G40/><T0/><D0/><U101/><E13/><V32/><F32/><W132/><G109/><T35/><D35/><U64/><E64/><N who="0" m="24617" /><D71/><U94/><E102/><V54/><F28/><W96/><G93/><T86/><AGARI ba="0,0" hai="9,10,18,22,24,52,59,62,83,86,91" m="24617" machi="86" ten="30,6000,0" yaku="8,1,52,1,54,1" doraHai="57" who="0" fromWho="0" sc="209,60,444,-20,138,-20,209,-20" /><INIT seed="4,1,0,0,2,119" ten="269,424,118,189" oya="0" hai0="116,88,2,132,65,83,133,74,123,68,12,96,60" hai1="120,72,25,13,16,131,49,129,102,18,26,94,37" hai2="78,79,98,24,87,117,82,11,64,33,21,27,0" hai3="62,23,93,36,125,76,51,127,92,6,14,122,39"/><T50/><D2/><U91/><E37/><V89/><F117/><W126/><G62/><T29/><D116/><U10/><E72/><V86/><F33/><W48/><G76/><T1/><D1/><U47/><E102/><V73/><F24/><W28/><G28/><T31/><D74/><U75/><E75/><V53/><F64/><W113/><G113/><T103/><D123/><U130/><E18/><V8/><F73/><W30/><G30/><T59/><D12/><U109/><E109/><V134/><F134/><N who="0" m="51818" /><D50/><N who="3" m="18985" /><G23/><T85/><D68/><U55/><REACH who="1" step="1"/><E120/><REACH who="1" ten="269,414,118,189" step="2"/><V67/><F89/><W42/><G122/><T90/><D90/><U81/><E81/><V124/><F78/><W71/><G39/><T19/><D19/><U108/><E108/><V58/><F79/><W32/><G36/><T7/><D7/><U101/><E101/><V17/><F82/><W38/><G38/><T100/><D100/><U20/><E20/><V66/><F21/><W106/><G125/><T4/><D4/><U70/><E70/><V34/><F17/><W22/><G71/><T69/><D69/><U43/><E43/><V3/><F124/><W111/><G42/><T110/><D110/><U52/><E52/><V80/><F53/><W112/><G111/><T46/><D46/><U9/><E9/><V44/><F8/><N who="3" m="4375" /><G22/><T114/><D114/><U135/><E135/><V57/><F11/><W115/><G115/><T97/><D103/><U128/><N who="1" m="32768" /><DORA hai="95" /><U84/><AGARI ba="1,1" hai="10,13,16,25,26,47,49,55,84,91,94" m="32768" machi="84" ten="60,12000,2" yaku="1,1,4,1,0,1,19,1,54,1,53,1" doraHai="119,95" doraHaiUra="41,104" who="1" fromWho="1" sc="269,-61,414,133,118,-31,189,-31" /><INIT seed="5,0,0,4,1,17" ten="208,547,87,158" oya="1" hai0="34,21,38,95,103,85,47,135,23,101,109,62,94" hai1="5,77,14,83,88,99,70,92,33,18,49,39,35" hai2="9,116,66,121,117,29,76,133,112,7,55,16,90" hai3="25,65,48,4,104,57,80,69,89,72,61,129,60"/><U44/><E39/><V71/><F121/><W84/><G104/><T102/><D34/><U56/><E70/><V119/><F76/><W108/><G108/><T11/><D109/><U107/><E107/><V24/><F66/><W124/><G72/><T118/><D118/><U52/><E5/><V54/><F71/><W131/><G4/><T20/><D135/><U0/><E0/><V10/><F90/><W40/><G25/><T32/><D32/><U67/><E67/><V12/><F133/><W115/><G115/><T43/><D62/><U123/><E44/><V81/><F81/><W87/><G124/><T13/><REACH who="0" step="1"/><D85/><REACH who="0" ten="198,547,87,158" step="2"/><U30/><E123/><V28/><F112/><W3/><G87/><T58/><D58/><U31/><E35/><V100/><F100/><W132/><G132/><T41/><D41/><U98/><E33/><V42/><F42/><W75/><G40/><T73/><D73/><U114/><E114/><V63/><F63/><W50/><G75/><T82/><D82/><U127/><E127/><V110/><F110/><W27/><G61/><T91/><D91/><U126/><E126/><V45/><F45/><W46/><G57/><T64/><D64/><U134/><E134/><V2/><F55/><W79/><G89/><T1/><D1/><U122/><E122/><V86/><F54/><N who="3" m="29975" /><G3/><T22/><N who="0" m="5120" /><DORA hai="125" /><T130/><D130/><N who="3" m="49673" /><G27/><T15/><D15/><U19/><E14/><N who="2" m="7247" /><F86/><W68/><G69/><T51/><D51/><AGARI ba="0,1" hai="50,51,60,65,68,79,80,84" m="49673,29975" machi="51" ten="30,7700,0" yaku="19,1,52,3" doraHai="17,125" who="3" fromWho="0" sc="198,-77,547,0,87,0,158,87" /><INIT seed="6,0,0,2,3,110" ten="121,547,87,245" oya="2" hai0="101,29,79,11,12,24,135,98,49,77,37,6,36" hai1="123,132,85,86,74,130,7,91,97,57,72,125,19" hai2="64,67,133,129,131,76,4,13,126,0,40,63,39" hai3="89,90,26,43,5,56,8,94,73,46,68,62,71"/><V48/><F0/><W75/><G73/><T96/><D135/><U111/><E7/><V22/><F39/><W32/><G75/><T9/><D37/><U66/><E66/><V3/><F3/><W34/><G34/><T69/><D36/><U122/><E57/><V109/><F133/><W20/><G32/><T25/><D69/><U105/><E19/><V112/><F76/><W100/><G100/><T93/><D98/><U50/><E50/><V21/><F109/><W92/><G46/><T45/><D11/><U65/><E65/><V44/><F126/><W128/><G43/><T41/><D25/><U83/><E130/><N who="2" m="49675" /><F64/><W55/><G128/><T33/><AGARI ba="0,0" hai="6,9,12,24,29,33,41,45,49,77,79,93,96,101" machi="33" ten="20,1500,0" yaku="0,1,7,1" doraHai="110" who="0" fromWho="0" sc="121,15,547,-4,87,-7,245,-4" /><INIT seed="7,0,0,0,5,100" ten="136,543,80,241" oya="3" hai0="85,125,131,83,70,5,63,64,55,108,19,25,99" hai1="53,10,135,14,15,120,37,88,122,101,23,95,54" hai2="87,62,17,109,118,18,107,9,110,132,111,21,82" hai3="16,8,40,81,33,68,34,39,92,60,96,26,130"/><W124/><G124/><T74/><D74/><U47/><E101/><V4/><F118/><W2/><G130/><T52/><D108/><U119/><E119/><V57/><F132/><W27/><G81/><T66/><D66/><U113/><E135/><V78/><F21/><W43/><G68/><T46/><D125/><U115/><E23/><V20/><F20/><W3/><G60/><T112/><D25/><U59/><E37/><V127/><F127/><W61/><G61/><T133/><D19/><U84/><E47/><V56/><F56/><W129/><G129/><T134/><D131/><U106/><E106/><V116/><F116/><W105/><G92/><T89/><D5/><U126/><E15/><V6/><F6/><W123/><G96/><T67/><D67/><U128/><E54/><V32/><F32/><W22/><G22/><T94/><D55/><U28/><E28/><V49/><F49/><W73/><G39/><T48/><REACH who="0" step="1"/><D112/><REACH who="0" ten="126,543,80,241" step="2"/><N who="1" m="43083" /><E126/><V24/><F24/><W117/><G73/><T77/><AGARI ba="0,1" hai="46,48,52,63,64,70,77,83,85,89,94,99,133,134" machi="77" ten="30,4000,0" yaku="1,1,0,1,54,1,53,0" doraHai="100" doraHaiUra="29" who="0" fromWho="0" sc="126,50,543,-10,80,-10,241,-20" owari="176,-22.4,533,63.3,70,-43.0,221,2.1" /></mjloggm>