<mjloggm ver="2.3"><GO type="169" lobby="0"/><UN n0="%E3%81%82%E3%81%95%E3%81%B4%E3%82%93%EF%BC%A0%EF%BD%8D%EF%BD%8A" n1="%E2%97%8E%E3%82%88%E3%81%97%E2%97%8E" n2="%57%44%44%69%65" n3="%E4%B8%89%E5%8D%81%E7%94%BB%E7%94%9F" dan="18,17,16,16" rate="2289.86,2195.55,2104.89,2139.24" sx="M,M,M,M"/><TAIKYOKU oya="0"/><INIT seed="0,0,0,2,5,53" ten="250,250,250,250" oya="0" hai0="77,134,23,82,86,25,12,115,98,55,109,7,64" hai1="84,65,63,128,26,116,94,10,33,61,17,47,48" hai2="88,60,110,81,57,87,112,119,38,80,118,67,70" hai3="45,49,43,15,91,66,58,51,18,21,5,102,4"/><T90/><D115/><U117/><E128/><V71/><F112/><W35/><G35/><T135/><D64/><U79/><E63/><V132/><F38/><W83/><G102/><T22/><D109/><U114/><E114/><V113/><F113/><W100/><G100/><T106/><D55/><U125/><E125/><V111/><F132/><N who="0" m="50730" /><D106/><U14/><E26/><V52/><F81/><W46/><G83/><T92/><D25/><U103/><E33/><V1/><F1/><W27/><G91/><T73/><D73/><U129/><E129/><V96/><F96/><W85/><G85/><T104/><D104/><U97/><E84/><V59/><F71/><W42/><G27/><T11/><AGARI ba="0,0" hai="7,11,12,22,23,77,82,86,90,92,98" m="50730" machi="11" ten="30,1500,0" yaku="20,1" doraHai="53" who="0" fromWho="0" sc="250,15,250,-5,250,-5,250,-5" /><INIT seed="0,1,0,4,1,73" ten="265,245,245,245" oya="0" hai0="81,113,133,45,67,21,85,62,33,111,11,95,3" hai1="64,99,124,24,87,105,9,35,18,25,102,110,122" hai2="8,129,17,15,30,78,82,34,92,51,26,86,39" hai3="123,47,91,19,52,31,65,16,10,89,106,46,107"/><T7/><D113/><U79/><E122/><V96/><F51/><W68/><G123/><T56/><D33/><U66/><E110/><V132/><F132/><W2/><G31/><T103/><D133/><U29/><E124/><V55/><F55/><W1/><G65/><T63/><D111/><U131/><E131/><V125/><F125/><W27/><G10/><T72/><D72/><U116/><E116/><V108/><F108/><W75/><G75/><T127/><D127/><U98/><E98/><V38/><REACH who="2" step="1"/><F129/><REACH who="2" ten="265,245,235,245" step="2"/><W5/><G52/><T88/><D45/><U20/><REACH who="1" step="1"/><E9/><REACH who="1" ten="265,235,235,245" step="2"/><V4/><F4/><W14/><G5/><T80/><D11/><U0/><E0/><V22/><F22/><W60/><G2/><T114/><D7/><U49/><E49/><V74/><F74/><W36/><G1/><T50/><D3/><U58/><E58/><V112/><F112/><W41/><G68/><T115/><D115/><U109/><E109/><V135/><F135/><W121/><G121/><T48/><D114/><U97/><E97/><V6/><F6/><W23/><G23/><T118/><D21/><U100/><E100/><AGARI ba="1,2" hai="8,15,17,26,30,34,38,39,78,82,86,92,96,100" machi="100" ten="30,8000,1" yaku="1,1,7,1,52,1,53,2" doraHai="73" doraHaiUra="70" who="2" fromWho="1" sc="265,0,235,-83,235,103,245,0" /><INIT seed="1,0,0,0,4,50" ten="265,152,338,245" oya="1" hai0="39,10,43,19,41,118,115,58,35,107,12,38,113" hai1="51,3,14,34,46,52,125,81,133,40,119,1,97" hai2="80,62,65,4,55,105,83,117,123,31,11,70,91" hai3="132,124,16,87,30,126,78,102,131,121,18,77,84"/><U104/><E119/><V27/><F105/><W74/><G30/><T75/><D118/><U122/><E122/><V110/><F123/><W29/><G121/><T106/><D35/><U72/><E34/><V42/><F42/><W21/><G29/><T61/><D75/><U134/><E125/><N who="3" m="48234" /><G131/><T71/><D71/><U25/><E25/><V116/><F110/><W128/><G128/><T135/><D135/><N who="1" m="51723" /><E14/><V85/><F83/><N who="3" m="45495" /><G132/><T76/><D76/><N who="1" m="44167" /><E40/><V56/><F27/><N who="3" m="14759" /><G78/><T33/><D33/><U23/><E23/><V2/><REACH who="2" step="1"/><F31/><REACH who="2" ten="265,152,328,245" step="2"/><W120/><G120/><T99/><D41/><U36/><E36/><V129/><F129/><W45/><G18/><T37/><D43/><U57/><E46/><V53/><F53/><W95/><G45/><T44/><D44/><U28/><E28/><V5/><F5/><W22/><G22/><T69/><D38/><U26/><E26/><V108/><F108/><W0/><G0/><T103/><D39/><U98/><E104/><V60/><AGARI ba="0,1" hai="2,4,11,55,56,60,62,65,70,80,85,91,116,117" machi="60" ten="20,5200,0" yaku="1,1,0,1,7,1,52,1,53,0" doraHai="50" doraHaiUra="90" who="2" fromWho="2" sc="265,-13,152,-26,328,62,245,-13" /><INIT seed="2,0,0,5,4,54" ten="252,126,390,232" oya="2" hai0="46,35,69,72,123,87,98,47,44,134,76,106,37" hai1="21,60,120,8,24,108,104,52,1,23,85,109,103" hai2="70,56,9,94,41,40,91,105,107,100,29,25,95" hai3="132,135,71,5,81,93,38,42,80,51,77,119,78"/><V130/><F70/><W121/><G71/><T17/><D123/><U48/><E120/><V90/><F9/><W96/><G38/><T59/><D69/><U30/><E60/><V53/><F100/><W26/><G121/><T113/><D113/><U116/><E116/><V63/><F130/><W65/><G65/><T122/><D122/><U12/><E1/><V133/><F133/><N who="3" m="51275" /><G5/><T34/><D72/><U67/><E67/><V43/><F94/><W3/><G26/><T124/><D37/><U6/><E85/><V61/><F61/><W49/><G3/><T83/><D124/><U117/><E117/><V57/><F57/><W84/><G42/><T62/><D134/><U112/><E112/><V33/><REACH who="2" step="1"/><F91/><REACH who="2" ten="252,126,380,232" step="2"/><N who="3" m="55359" /><G119/><T99/><D106/><U4/><E104/><V2/><F2/><W45/><G45/><T89/><D89/><U126/><E126/><V82/><F82/><W97/><G97/><AGARI ba="0,1" hai="25,29,33,40,41,43,53,56,63,90,95,97,105,107" machi="97" ten="40,3900,0" yaku="1,1,52,1,53,0" doraHai="54" doraHaiUra="66" who="2" fromWho="3" sc="252,0,126,0,380,49,232,-39" /><INIT seed="2,1,0,2,1,92" ten="252,126,429,193" oya="2" hai0="22,96,41,84,100,23,73,29,117,13,36,44,102" hai1="15,87,38,45,127,74,39,16,83,111,14,54,72" hai2="82,43,2,80,3,66,129,85,132,20,56,119,134" hai3="133,28,89,10,58,97,95,12,131,130,94,114,70"/><V55/><F119/><W18/><G70/><T40/><D117/><U0/><E111/><V53/><F129/><W46/><G133/><N who="2" m="51305" /><F43/><W61/><G114/><T126/><D73/><U5/><E127/><V8/><F20/><W108/><G108/><T86/><D126/><U59/><E0/><N who="2" m="43" /><F8/><W110/><G110/><T64/><D64/><U122/><E122/><V79/><F82/><W103/><G46/><T25/><D100/><U26/><E45/><V37/><F37/><W104/><G28/><T115/><D115/><U50/><E38/><V113/><F113/><W34/><G34/><T32/><D40/><U99/><E39/><V49/><F49/><W121/><G121/><T68/><D68/><U35/><E35/><V71/><F71/><W120/><G120/><T24/><D13/><U78/><E26/><V76/><F79/><W27/><G27/><T124/><D124/><U62/><E50/><V112/><F112/><W125/><G125/><T30/><REACH who="0" step="1"/><D32/><REACH who="0" ten="242,126,429,193" step="2"/><U107/><E14/><V60/><AGARI ba="1,1" hai="53,55,56,60,66,76,80,85" m="43,51305" machi="60" ten="40,2100,0" yaku="20,1" doraHai="92" who="2" fromWho="2" sc="242,-8,126,-8,429,34,193,-8" /><INIT seed="2,2,0,0,2,14" ten="234,118,463,185" oya="2" hai0="102,111,81,5,11,25,54,121,68,110,51,123,17" hai1="99,128,50,129,108,19,103,135,67,2,55,101,6" hai2="31,126,60,37,88,98,0,114,10,48,22,21,77" hai3="27,79,85,57,104,100,38,39,117,94,95,53,9"/><V26/><F114/><W49/><G117/><T82/><D68/><U84/><E108/><N who="0" m="41513" /><D102/><U69/><E135/><V91/><F37/><W64/><G104/><T134/><D134/><U45/><E6/><V1/><F77/><W112/><G112/><T66/><D66/><U93/><E2/><V97/><F60/><W35/><G64/><T78/><D25/><U107/><E67/><V90/><F126/><W44/><G38/><T20/><D11/><U41/><E69/><V13/><F48/><W7/><G100/><T58/><D5/><U46/><E103/><V72/><F72/><W32/><G27/><N who="0" m="14735" /><D81/><U73/><E107/><V59/><F59/><W29/><G29/><T132/><D132/><U76/><E73/><AGARI ba="2,0" hai="51,54,58,73,78,82,121,123" m="14735,41513" machi="73" ten="30,2000,0" yaku="14,1,52,1" doraHai="14" who="0" fromWho="1" sc="234,26,118,-26,463,0,185,0" /><INIT seed="3,0,0,4,0,108" ten="260,92,463,185" oya="3" hai0="86,102,91,60,51,30,96,85,97,69,105,112,4" hai1="11,100,123,46,67,52,121,116,17,35,120,98,88" hai2="77,103,125,0,74,131,42,3,9,78,66,127,61" hai3="128,58,45,107,1,75,22,16,84,81,57,122,82"/><W55/><G122/><T39/><D39/><U25/><E116/><V83/><F131/><W104/><G1/><T117/><D117/><U129/><E129/><V14/><F103/><W134/><G128/><T21/><D4/><U110/><E110/><V99/><F99/><W24/><G134/><T27/><D51/><U49/><E67/><V20/><F42/><W18/><G75/><T135/><D135/><U13/><E35/><V79/><F20/><N who="3" m="13319" /><G107/><T19/><D112/><U133/><E133/><V7/><F79/><N who="3" m="46143" /><G104/><T65/><D97/><U63/><E25/><V8/><F78/><W118/><G118/><T64/><D64/><U33/><E33/><V72/><F72/><W31/><G31/><T114/><D114/><U41/><E63/><V126/><F9/><W73/><G82/><T89/><D86/><U5/><E5/><V53/><F53/><W12/><G73/><T93/><REACH who="0" step="1"/><D89/><REACH who="0" ten="250,92,463,185" step="2"/><U40/><REACH who="1" step="1"/><E88/><REACH who="1" ten="250,82,463,185" step="2"/><V132/><F132/><W44/><G58/><AGARI ba="0,2" hai="0,3,7,8,14,58,61,66,74,77,83,125,126,127" machi="58" ten="40,1300,0" yaku="18,1" doraHai="108" who="2" fromWho="3" sc="250,0,82,0,463,33,185,-13" /><INIT seed="4,0,0,5,0,99" ten="250,82,496,172" oya="0" hai0="26,95,112,96,37,114,104,81,8,133,88,2,86" hai1="76,29,11,54,93,16,66,33,70,123,39,61,56" hai2="94,106,31,129,4,32,20,65,100,48,116,126,103" hai3="87,73,83,5,75,36,38,101,69,117,13,40,6"/><T44/><D133/><U128/><E123/><V12/><F106/><W50/><G69/><T35/><D104/><U82/><E128/><V23/><F129/><W125/><G117/><T43/><D43/><U115/><BYE who="0" /><E39/><V72/><F72/><W68/><G68/><T91/><D91/><U28/><E33/><V108/><F108/><W122/><G125/><T18/><D18/><U120/><E120/><V77/><F77/><N who="3" m="46575" /><G6/><T67/><D67/><U53/><E93/><V17/><F32/><W80/><G80/><T98/><D98/><U85/><E115/><V119/><F126/><W74/><G101/><N who="2" m="38985" /><F65/><W46/><G122/><T121/><D121/><U127/><E127/><V0/><F0/><UN n0="%E3%81%82%E3%81%95%E3%81%B4%E3%82%93%EF%BC%A0%EF%BD%8D%EF%BD%8A" /><W109/><G109/><T57/><D37/><U51/><REACH who="1" step="1"/><E54/><REACH who="1" ten="250,72,496,172" step="2"/><V3/><F94/><W22/><G36/><T25/><D35/><U49/><E49/><V55/><F48/><W30/><G38/><T102/><D112/><U10/><E10/><V21/><F55/><W27/><G73/><T52/><D114/><U60/><E60/><V1/><F119/><W19/><G74/><T58/><D8/><U118/><E118/><V89/><F116/><W134/><G75/><T45/><D2/><U131/><E131/><V41/><F3/><W42/><G40/><T110/><D110/><U64/><E64/><V105/><F41/><W84/><G42/><T59/><D52/><U15/><AGARI ba="0,1" hai="11,15,16,28,29,51,53,56,61,66,70,76,82,85" machi="15" ten="30,4000,0" yaku="1,1,0,1,54,1,53,0" doraHai="99" doraHaiUra="97" who="1" fromWho="1" sc="250,-20,72,50,496,-10,172,-10" /><INIT seed="5,0,0,3,2,121" ten="230,122,486,162" oya="1" hai0="27,75,3,88,82,124,8,83,20,45,29,120,15" hai1="2,19,123,92,0,80,6,48,7,113,36,101,81" hai2="9,39,71,18,95,24,31,58,13,119,133,134,96" hai3="94,55,41,66,91,132,35,64,14,59,107,4,126"/><U89/><E123/><V26/><F71/><W76/><G107/><T11/><D120/><U117/><E117/><V116/><F39/><W32/><G126/><T68/><D68/><U85/><E36/><V90/><F58/><W127/><G127/><T104/><D124/><U17/><E113/><V105/><F105/><W23/><G41/><T97/><D75/><U98/><E2/><V111/><F111/><W67/><G76/><T47/><D3/><U38/><E38/><V93/><F93/><W33/><G132/><N who="2" m="50793" /><F26/><W57/><G55/><T21/><D104/><U79/><E48/><V63/><F63/><W52/><G57/><T46/><D21/><AGARI ba="0,0" hai="9,13,18,21,24,31,90,95,96,116,119" m="50793" machi="21" ten="30,1000,0" yaku="20,1" doraHai="121" who="2" fromWho="0" sc="230,-10,122,0,486,10,162,0" /><INIT seed="6,0,0,5,3,47" ten="220,122,496,162" oya="2" hai0="117,41,132,116,7,78,102,98,100,105,10,62,127" hai1="103,97,114,25,70,110,71,86,15,72,31,20,39" hai2="68,73,66,6,23,81,42,45,119,64,4,13,55" hai3="35,130,125,49,108,91,96,112,16,83,133,113,95"/><V99/><F119/><N who="0" m="45642" /><D132/><U58/><E110/><V43/><F68/><W28/><G108/><T5/><D127/><U12/><E72/><V120/><F120/><W109/><G109/><T107/><D41/><U123/><E39/><V128/><F128/><W57/><G133/><T38/><D38/><U129/><E123/><V34/><F34/><W11/><G125/><T37/><D37/><U40/><E129/><V131/><F131/><W48/><G130/><T82/><D62/><U36/><E114/><N who="3" m="44138" /><G57/><T69/><D69/><U106/><E71/><V90/><F73/><W94/><G83/><T50/><D50/><N who="3" m="19561" /><G95/><T63/><D63/><U115/><E70/><V79/><F81/><W26/><G11/><T27/><D10/><U56/><E115/><V88/><F45/><W44/><G44/><T77/><D82/><U59/><REACH who="1" step="1"/><E86/><REACH who="1" ten="220,112,496,162" step="2"/><V30/><F99/><W93/><G93/><T46/><D98/><U111/><E111/><V84/><F84/><W0/><G0/><T32/><D105/><U67/><E67/><V92/><F66/><W118/><G118/><T53/><D107/><U122/><E122/><V75/><F64/><W65/><G65/><T124/><D124/><U104/><E104/><V22/><F75/><W9/><G9/><T80/><D78/><U61/><E61/><V24/><F79/><W3/><G3/><T18/><D77/><U89/><E89/><V8/><F88/><W76/><G76/><T14/><D80/><U121/><E121/><V52/><F90/><W2/><G2/><T60/><D60/><U126/><E126/><V1/><F1/><RYUUKYOKU ba="0,1" sc="220,-15,112,15,496,-15,162,15" hai1="12,15,20,25,31,36,40,56,58,59,97,103,106" hai3="16,26,28,35,91,94,96" /><INIT seed="7,1,1,3,4,87" ten="205,127,481,177" oya="3" hai0="15,107,106,96,84,102,121,129,104,111,55,46,4" hai1="133,27,108,65,116,11,33,66,54,115,76,135,10" hai2="73,132,44,75,30,14,122,40,13,134,1,124,60" hai3="72,62,6,31,86,127,93,52,45,47,112,20,24"/><W101/><G72/><T21/><D111/><U81/><E108/><V120/><F1/><W128/><G112/><T51/><D121/><N who="2" m="46698" /><F124/><W5/><G128/><T0/><D129/><U119/><E54/><V97/><F30/><W67/><G127/><T90/><D0/><U48/><E48/><V71/><F97/><N who="3" m="59567" /><G67/><N who="1" m="25610" /><E33/><V8/><F60/><W26/><G26/><T130/><D130/><U22/><E27/><V50/><F71/><W117/><G117/><N who="1" m="45130" /><E22/><V19/><F14/><W23/><G23/><T74/><D74/><AGARI ba="1,1" hai="8,13,19,40,44,50,73,74,75,132,134" m="46698" machi="74" ten="30,1000,0" yaku="13,1" doraHai="87" who="2" fromWho="0" sc="205,-13,127,0,481,23,177,0" owari="192,-0.8,127,-37.3,504,60.4,177,-22.3" /></mjloggm>