<mjloggm ver="2.3"><GO type="169" lobby="0"/><UN n0="%E9%81%85%E5%88%BB%E3%81%AE%E3%83%97%E3%83%AA%E3%83%B3%E3%82%B9%E2%99%AA" n1="%E6%88%B8%E9%83%B7%E7%BF%94%E5%BE%81" n2="%E3%82%BF%E3%83%9E%E3%83%8D%E3%82%AE" n3="%E4%BA%8C%E6%8A%9E%E4%BA%BA" dan="16,17,18,16" rate="2159.54,2183.90,2240.68,2030.79" sx="F,M,M,F"/><TAIKYOKU oya="0"/><INIT seed="0,0,0,3,1,110" ten="250,250,250,250" oya="0" hai0="25,135,63,44,97,18,28,92,58,30,79,12,62" hai1="52,100,93,66,46,125,54,33,129,48,27,127,69" hai2="68,61,24,21,130,64,35,71,36,0,31,118,98" hai3="80,95,85,126,123,17,55,82,94,102,109,67,131"/><T70/><D135/><U89/><E100/><V88/><F36/><W49/><G109/><T72/><D70/><U47/><E129/><V65/><F0/><W134/><G131/><T90/><D44/><U75/><E75/><V10/><F130/><W117/><G117/><T77/><D72/><U29/><E66/><V41/><F41/><W108/><G108/><T128/><D128/><U5/><E5/><V43/><F43/><W107/><G107/><T111/><D111/><U2/><E2/><V124/><F10/><W38/><G38/><T22/><D30/><U115/><E69/><V34/><F118/><W112/><G67/><T74/><D74/><U91/><E91/><V114/><F124/><W11/><G126/><N who="1" m="48138" /><E115/><V87/><F98/><W106/><G106/><T105/><D105/><U4/><E4/><V53/><F114/><W15/><G112/><T59/><D63/><U86/><E54/><V23/><F53/><W101/><G123/><T50/><D50/><U6/><E6/><V19/><F65/><W122/><G134/><T99/><D99/><U103/><E103/><N who="3" m="39434" /><G122/><T73/><D73/><U42/><E42/><V39/><F68/><W81/><G85/><T96/><D96/><U26/><E26/><N who="2" m="14655" /><F39/><W1/><G1/><T3/><D3/><U14/><E14/><V32/><F87/><W57/><AGARI ba="0,0" hai="11,15,17,49,55,57,80,81,82,94,95" m="39434" machi="57" ten="30,1100,0" yaku="8,1" doraHai="110" who="3" fromWho="3" sc="250,-5,250,-3,250,-3,250,11" /><INIT seed="1,0,0,1,2,51" ten="245,247,247,261" oya="1" hai0="63,69,134,37,125,30,116,54,57,11,102,110,99" hai1="81,59,39,25,92,17,24,80,36,133,109,84,127" hai2="52,4,108,135,120,77,111,65,93,123,10,22,96" hai3="132,53,29,47,61,68,129,101,2,87,70,34,21"/><U19/><E133/><V88/><F65/><W124/><G2/><T98/><D116/><U76/><E127/><V23/><F77/><W32/><G124/><T6/><D125/><U49/><E92/><V67/><F67/><W58/><G132/><T73/><D134/><U91/><E109/><N who="2" m="42059" /><F135/><W115/><G115/><T113/><D110/><U13/><E39/><V106/><F106/><W5/><G5/><T105/><D113/><U71/><E71/><V9/><F9/><W28/><G70/><T107/><D37/><U122/><E36/><V1/><F52/><W38/><G68/><T118/><D118/><U55/><E122/><AGARI ba="0,0" hai="1,4,10,22,23,88,93,96,120,122,123" m="42059" machi="122" ten="30,2000,0" yaku="14,1,54,1" doraHai="51" who="2" fromWho="1" sc="245,0,247,-20,247,20,261,0" /><INIT seed="2,0,0,5,4,37" ten="245,227,267,261" oya="2" hai0="94,22,126,82,55,84,96,99,7,12,95,1,69" hai1="88,97,20,92,128,44,108,81,41,63,111,134,133" hai2="35,28,26,52,60,125,115,102,27,73,90,33,117" hai3="68,8,70,31,76,51,83,114,124,18,120,130,24"/><V56/><F115/><W132/><G114/><T122/><D122/><U50/><E128/><V109/><F117/><W4/><G120/><T10/><D126/><U67/><E20/><V127/><F73/><W23/><G124/><N who="2" m="47689" /><F102/><W103/><G130/><T19/><D69/><U43/><E81/><V135/><F135/><N who="1" m="51721" /><E43/><V104/><F104/><W5/><G103/><T72/><D72/><U101/><E101/><V53/><F109/><W13/><G132/><T118/><D118/><U49/><E49/><V46/><F90/><W48/><G68/><AGARI ba="0,0" hai="41,44,50,63,67,68,88,92,97,108,111" m="51721" machi="68" ten="30,3900,0" yaku="20,1,52,1,54,1" doraHai="37" who="1" fromWho="3" sc="245,0,227,39,267,0,261,-39" /><INIT seed="3,0,0,3,5,12" ten="245,266,267,222" oya="3" hai0="93,103,31,42,123,69,53,50,35,86,32,116,78" hai1="82,64,129,0,125,72,1,111,49,83,73,66,77" hai2="37,47,63,104,133,126,81,52,97,118,36,9,54" hai3="10,19,17,43,30,13,92,100,41,29,33,96,102"/><W91/><G33/><T62/><D116/><U7/><E111/><V117/><F81/><W109/><G109/><T51/><D123/><U90/><E129/><V6/><F104/><W124/><G124/><T101/><D69/><U95/><E125/><V11/><F126/><W71/><G71/><T130/><D130/><U80/><E80/><V94/><F133/><W8/><G91/><T34/><D31/><N who="3" m="11785" /><G102/><T16/><D42/><N who="3" m="15881" /><G8/><T59/><D78/><U22/><E22/><V20/><F20/><W131/><G131/><T26/><D86/><U23/><E49/><V132/><F132/><W106/><G106/><T75/><D75/><U87/><E0/><V112/><F112/><W18/><AGARI ba="0,0" hai="10,13,17,18,19,92,96,100" m="15881,11785" machi="18" ten="30,11700,0" yaku="8,1,52,3" doraHai="12" who="3" fromWho="3" sc="245,-39,266,-39,267,-39,222,117" /><INIT seed="3,1,0,1,3,45" ten="206,227,228,339" oya="3" hai0="66,85,52,121,62,61,43,99,22,116,26,21,72" hai1="80,8,91,106,70,51,79,20,48,60,126,130,19" hai2="18,132,76,117,50,59,112,5,30,135,118,47,95" hai3="90,122,33,40,53,54,111,98,28,81,34,37,6"/><W69/><G122/><T110/><D121/><U55/><E106/><V31/><F5/><W11/><G69/><T15/><D116/><N who="2" m="44650" /><F76/><W63/><G37/><T64/><D72/><U74/><E130/><V24/><F95/><W17/><G40/><T56/><D110/><U1/><E126/><V124/><F112/><W131/><G131/><T44/><D99/><U2/><E91/><V29/><F59/><W16/><G111/><T57/><D85/><U27/><E55/><N who="2" m="30175" /><F18/><W77/><G28/><T46/><D43/><U134/><E134/><N who="2" m="51243" /><F124/><W108/><G108/><T10/><D64/><U32/><E32/><AGARI ba="1,0" hai="24,29,30,31,32" m="51243,30175,44650" machi="32" ten="30,2000,0" yaku="20,1,52,1" doraHai="45" who="2" fromWho="1" sc="206,0,227,-23,228,23,339,0" /><INIT seed="4,0,0,3,3,30" ten="206,204,251,339" oya="0" hai0="127,94,27,47,123,80,52,102,8,61,108,49,66" hai1="46,16,84,90,55,41,53,2,1,62,60,54,17" hai2="124,70,69,18,10,24,13,97,34,51,43,33,110" hai3="4,21,26,42,86,96,75,115,73,82,74,128,77"/><T3/><D123/><U132/><E132/><V50/><F110/><W112/><G128/><T88/><D108/><U85/><E2/><V11/><F124/><W12/><G42/><T133/><D127/><U58/><E1/><V113/><F113/><W19/><G4/><T29/><D133/><U83/><E85/><V135/><F135/><W76/><G76/><T23/><D102/><U118/><E118/><V44/><F97/><W5/><G5/><T7/><D80/><U57/><REACH who="1" step="1"/><E55/><REACH who="1" ten="206,194,251,339" step="2"/><V64/><F64/><W98/><G115/><T71/><D94/><U59/><E59/><V38/><F69/><W100/><G112/><T119/><REACH who="0" step="1"/><D88/><REACH who="0" ten="196,194,251,339" step="2"/><U56/><E56/><V126/><F126/><W39/><G98/><T25/><D25/><U37/><AGARI ba="0,2" hai="16,17,37,41,46,53,54,57,58,60,62,83,84,90" machi="37" ten="20,8000,1" yaku="1,1,0,1,7,1,9,1,54,1,53,0" doraHai="30" doraHaiUra="103" who="1" fromWho="1" sc="196,-40,194,100,251,-20,339,-20" /><INIT seed="5,0,0,2,1,47" ten="156,294,231,319" oya="1" hai0="118,59,41,23,91,52,111,130,21,81,76,86,49" hai1="15,68,34,90,134,122,40,116,24,85,79,22,61" hai2="11,102,16,100,0,96,9,95,128,42,54,117,131" hai3="108,133,71,32,105,92,30,83,107,51,43,46,65"/><U123/><E116/><V103/><F117/><W64/><G108/><T127/><D111/><U3/><E3/><V114/><F42/><W45/><G133/><T80/><D118/><U48/><E79/><V10/><F0/><W8/><G8/><T17/><D130/><N who="2" m="49706" /><F114/><W94/><G83/><T4/><D127/><U73/><E73/><V129/><N who="2" m="49714" /><V53/><DORA hai="67" /><F16/><W97/><G30/><T115/><D115/><U82/><E134/><V89/><AGARI ba="0,0" hai="9,10,11,53,54,89,95,96,100,102,103" m="49714" machi="89" ten="50,1600,0" yaku="19,1" doraHai="47,67" who="2" fromWho="2" sc="156,-4,294,-8,231,16,319,-4" /><INIT seed="6,0,0,1,5,39" ten="152,286,247,315" oya="2" hai0="67,111,86,15,124,109,8,116,10,38,31,117,78" hai1="90,20,6,23,69,62,72,28,57,82,16,73,106" hai2="114,66,115,49,27,44,84,92,37,68,4,61,77" hai3="74,35,120,12,51,103,45,2,89,1,98,134,129"/><V22/><F37/><W113/><G120/><T88/><D67/><U13/><E69/><V102/><F4/><W122/><G35/><T32/><D38/><U63/><E106/><V93/><F77/><W91/><G74/><T41/><D78/><U87/><E6/><V96/><F84/><W7/><G1/><T47/><D124/><U132/><E132/><V48/><F93/><W110/><G2/><T14/><D31/><U100/><E100/><V60/><F60/><W59/><G110/><N who="0" m="41995" /><D32/><U119/><E119/><N who="0" m="45641" /><D47/><U85/><E63/><V46/><F46/><W125/><G45/><T0/><D0/><U99/><E99/><V70/><F70/><W80/><G98/><T127/><D127/><U18/><E87/><V55/><REACH who="2" step="1"/><F49/><REACH who="2" ten="152,286,237,315" step="2"/><W53/><G51/><T123/><D123/><U58/><E73/><V97/><F97/><W83/><G122/><T40/><D8/><U36/><E72/><V25/><F25/><W65/><G125/><T135/><D135/><U128/><E36/><V30/><AGARI ba="0,1" hai="22,27,30,44,48,55,61,66,68,92,96,102,114,115" machi="30" ten="30,3000,0" yaku="1,1,0,1,53,0" doraHai="39" doraHaiUra="101" who="2" fromWho="2" sc="152,-10,286,-10,237,40,315,-10" /><INIT seed="6,1,0,1,2,99" ten="142,276,277,305" oya="2" hai0="49,86,82,59,134,35,76,47,22,42,14,57,88" hai1="25,20,71,45,46,77,116,98,94,36,53,95,103" hai2="108,29,24,110,27,55,19,15,112,30,119,4,67" hai3="56,65,38,1,129,17,51,9,61,37,104,107,50"/><V16/><F67/><W106/><G129/><T132/><D35/><U115/><E115/><V32/><F55/><W21/><G1/><T60/><D76/><U102/><E71/><V93/><F93/><W123/><G9/><T122/><D122/><U7/><E116/><V62/><F62/><W105/><G123/><T84/><D84/><U31/><E77/><V66/><F66/><W48/><N who="3" m="26624" /><DORA hai="68" /><W128/><REACH who="3" step="1"/><G128/><REACH who="3" ten="142,276,277,295" step="2"/><T91/><D91/><U87/><E7/><V80/><F119/><W11/><G11/><T69/><D69/><U127/><E127/><V126/><F126/><W6/><G6/><T114/><D114/><U83/><E36/><V34/><F112/><W125/><G125/><T131/><D131/><U13/><E13/><AGARI ba="1,1" hai="13,17,21,37,38,48,50,51,56,61,65" m="26624" machi="13" ten="70,8000,1" yaku="1,1,52,2,53,1" doraHai="99,68" doraHaiUra="117,63" who="3" fromWho="1" sc="142,0,276,-83,277,0,295,93" /><INIT seed="7,0,0,2,0,44" ten="142,193,277,388" oya="3" hai0="43,118,11,108,131,40,17,116,114,10,119,127,27" hai1="66,12,76,83,87,68,90,59,92,69,14,97,61" hai2="57,130,2,49,1,70,72,111,8,53,73,39,134" hai3="98,33,77,26,23,16,58,85,67,93,135,5,63"/><W112/><G112/><T15/><D108/><U128/><REACH who="1" step="1"/><E128/><REACH who="1" ten="142,183,277,388" step="2"/><V62/><F130/><W129/><G129/><T29/><D131/><U31/><E31/><V20/><F111/><W28/><G135/><T19/><D114/><U120/><E120/><V122/><F122/><W60/><G28/><T78/><D127/><U37/><E37/><V25/><F39/><W75/><G33/><T21/><REACH who="0" step="1"/><D78/><REACH who="0" ten="132,183,277,388" step="2"/><U13/><AGARI ba="0,2" hai="12,13,14,59,61,66,68,69,76,83,87,90,92,97" machi="13" ten="30,7900,0" yaku="21,2,0,1,53,1" doraHai="44" doraHaiUra="81" who="1" fromWho="1" sc="132,-20,183,99,277,-20,388,-39" owari="112,-38.8,282,8.2,257,-14.3,349,44.9" /></mjloggm>