<mjloggm ver="2.3"><GO type="169" lobby="0"/><UN n0="%E8%B5%A4%E7%BE%8E%E6%BF%83%E3%81%BE%E3%81%90%E3%82%8D" n1="%6C%6E%61%69" n2="%E3%83%87%E3%83%A9%E3%82%B3%E3%83%83%E3%82%B3" n3="%E6%B2%B3%E7%AB%A5%E3%81%AE%E3%83%AF%E3%82%AB%E3%83%9E%E3%83%84" dan="17,16,16,17" rate="2206.17,2037.07,2166.49,2180.38" sx="M,M,M,M"/><TAIKYOKU oya="0"/><INIT seed="0,0,0,2,0,83" ten="250,250,250,250" oya="0" hai0="126,125,80,25,1,34,122,30,56,19,43,73,78" hai1="41,49,123,118,130,79,88,120,81,134,86,129,51" hai2="104,10,98,69,77,5,8,95,85,57,12,29,82" hai3="111,31,11,109,2,113,44,70,24,35,17,22,26"/><T89/><D122/><N who="1" m="46635" /><E118/><V7/><F69/><W21/><G70/><T46/><D56/><U50/><E134/><V90/><F57/><W65/><G65/><T54/><D54/><U107/><E107/><V63/><F104/><W16/><G44/><T68/><D68/><U87/><E41/><V124/><F124/><W105/><G105/><T37/><D19/><U61/><E61/><V93/><F29/><W75/><G75/><T102/><D102/><U36/><E36/><V101/><F63/><W127/><G113/><T94/><REACH who="0" step="1"/><D1/><REACH who="0" ten="240,250,250,250" step="2"/><U18/><E18/><V59/><F59/><W15/><G127/><T13/><D13/><U97/><E50/><V40/><F40/><W64/><G64/><T42/><D42/><U135/><E135/><V58/><F58/><W132/><G132/><T117/><D117/><U76/><E51/><V116/><F116/><W121/><G121/><T92/><D92/><U45/><E49/><V23/><F23/><W53/><G53/><T128/><D128/><N who="1" m="49259" /><E45/><V20/><F20/><W28/><G28/><T52/><D52/><U33/><E33/><V100/><F95/><W103/><G103/><T74/><D74/><N who="1" m="43159" /><E79/><V14/><AGARI ba="0,1" hai="5,7,8,10,12,14,77,82,85,90,93,98,100,101" machi="14" ten="20,8000,1" yaku="0,1,7,1,9,1,8,1,52,1" doraHai="83" who="2" fromWho="2" sc="240,-40,250,-20,250,90,250,-20" /><INIT seed="1,0,0,5,2,98" ten="200,230,340,230" oya="1" hai0="125,32,6,82,61,38,43,87,127,28,11,18,5" hai1="93,106,26,101,80,22,0,31,24,34,126,19,2" hai2="17,90,96,73,70,109,44,41,128,49,88,104,27" hai3="29,65,78,25,23,33,122,100,20,66,52,86,85"/><U94/><E126/><N who="0" m="48137" /><D28/><U69/><E69/><V62/><F109/><W35/><G122/><T129/><D32/><U99/><REACH who="1" step="1"/><E80/><REACH who="1" ten="200,220,340,230" step="2"/><V68/><F68/><W12/><G33/><T71/><D129/><U132/><E132/><V51/><F70/><W39/><G35/><T115/><D115/><U92/><AGARI ba="0,1" hai="0,2,19,22,24,26,31,34,92,93,94,99,101,106" machi="92" ten="30,6000,0" yaku="1,1,0,1,52,1,53,0" doraHai="98" doraHaiUra="9" who="1" fromWho="1" sc="200,-20,220,70,340,-20,230,-20" /><INIT seed="1,1,0,0,5,135" ten="180,290,320,210" oya="1" hai0="90,19,105,55,103,24,74,92,125,50,0,124,2" hai1="85,69,81,87,43,7,112,1,49,16,99,54,84" hai2="62,47,67,18,26,56,108,134,95,118,8,33,115" hai3="40,71,39,21,113,12,3,79,117,131,29,36,31"/><U14/><E112/><V30/><F118/><W17/><G113/><T94/><D74/><U80/><E69/><V73/><F115/><W34/><G71/><T45/><D105/><U51/><E1/><V77/><F134/><W128/><G117/><T66/><D66/><U53/><E7/><V22/><F108/><W110/><G110/><T41/><D103/><U64/><E64/><V75/><F77/><W109/><G109/><T20/><D94/><U11/><E43/><V38/><F8/><W4/><G79/><T6/><D41/><U120/><E99/><V10/><F38/><N who="3" m="14379" /><G40/><T13/><D24/><U35/><E35/><V93/><F47/><W106/><G106/><T63/><D63/><U32/><E32/><V15/><F93/><W59/><G59/><T48/><D48/><U133/><E120/><V111/><F111/><W130/><G34/><T65/><D65/><U102/><E102/><V9/><F95/><W88/><G88/><T121/><D121/><U122/><E122/><V37/><F37/><W82/><G82/><N who="1" m="31850" /><E133/><V70/><F70/><W78/><G78/><T96/><REACH who="0" step="1"/><D6/><REACH who="0" ten="170,290,320,210" step="2"/><U114/><E114/><V132/><F132/><W119/><G119/><T126/><AGARI ba="1,1" hai="0,2,13,19,20,45,50,55,90,92,96,124,125,126" machi="126" ten="30,12000,2" yaku="1,1,2,1,0,1,18,1,52,3,53,0" doraHai="135" doraHaiUra="72" who="0" fromWho="0" sc="170,133,290,-61,320,-31,210,-31" /><INIT seed="2,0,0,5,0,130" ten="303,229,289,179" oya="2" hai0="72,123,77,8,74,87,56,133,120,109,22,57,97" hai1="110,35,13,124,28,85,118,122,99,59,42,95,31" hai2="65,112,5,101,89,15,53,11,103,49,52,131,7" hai3="75,68,125,104,92,114,113,30,106,12,63,4,46"/><V116/><F112/><N who="3" m="43115" /><G75/><T24/><D109/><U36/><E118/><V18/><F116/><W91/><G30/><T10/><D87/><U105/><E110/><V107/><F131/><W102/><G102/><N who="2" m="38921" /><F107/><W81/><G81/><T45/><D45/><U134/><E105/><V121/><F121/><W43/><G125/><T44/><D44/><U94/><E124/><V96/><F65/><N who="3" m="41023" /><G12/><T83/><D97/><U115/><E115/><V55/><F49/><N who="3" m="26847" /><G4/><N who="2" m="1609" /><F96/><AGARI ba="0,0" hai="91,92,96,104,106" m="26847,41023,43115" machi="96" ten="30,1000,0" yaku="11,1" doraHai="130" who="3" fromWho="2" sc="303,0,229,0,289,-10,179,10" /><INIT seed="3,0,0,0,1,107" ten="303,229,279,189" oya="3" hai0="104,21,17,75,6,102,2,55,54,32,85,116,20" hai1="63,121,53,59,66,9,134,108,25,12,47,111,100" hai2="14,34,56,96,106,24,103,98,52,124,67,42,31" hai3="7,13,26,5,77,115,49,118,86,57,82,62,10"/><W64/><G118/><T8/><D32/><U60/><E121/><V122/><F124/><W123/><G115/><T68/><D116/><U119/><E119/><V4/><F122/><W51/><G123/><T127/><D127/><U120/><E120/><V11/><F42/><W78/><G5/><T80/><D68/><U45/><E100/><V0/><F98/><W112/><G112/><T3/><D3/><U40/><E25/><V113/><F113/><W46/><G26/><T27/><D75/><U131/><E131/><V71/><F0/><W125/><G125/><T29/><D102/><U76/><E76/><V36/><F36/><W15/><G13/><T72/><D72/><U128/><E128/><V18/><F4/><W48/><REACH who="3" step="1"/><G77/><REACH who="3" ten="303,229,279,179" step="2"/><T110/><D6/><U37/><E12/><V91/><F91/><W97/><G97/><T35/><D27/><U30/><E111/><V94/><F103/><W117/><G117/><T83/><D2/><U19/><E108/><V101/><F106/><W73/><G73/><T92/><D104/><U99/><E99/><V93/><F96/><W133/><G133/><T132/><D132/><U89/><E134/><V126/><F101/><W95/><G95/><T84/><D92/><U28/><E89/><V90/><F126/><W130/><G130/><T105/><D105/><U114/><E114/><V109/><F109/><W38/><G38/><T43/><D110/><U69/><E28/><V79/><F79/><W50/><G50/><T33/><D29/><U16/><E30/><V135/><F135/><W70/><G70/><T41/><D17/><RYUUKYOKU ba="0,1" sc="303,15,229,-15,279,-15,179,15" hai0="8,20,21,33,35,41,43,54,55,80,83,84,85" hai3="7,10,15,46,48,49,51,57,62,64,78,82,86" /><INIT seed="3,1,1,5,4,59" ten="318,214,264,194" oya="3" hai0="63,60,53,107,54,39,86,33,80,103,55,28,78" hai1="27,87,65,7,110,122,49,88,38,125,46,84,75" hai2="124,3,18,85,114,19,89,129,102,97,61,12,96" hai3="51,81,93,76,42,50,127,32,121,24,67,123,117"/><W95/><G117/><T34/><D39/><U25/><E122/><V128/><F114/><W73/><G127/><T58/><D28/><U109/><E75/><V116/><F116/><W82/><G67/><T111/><D111/><N who="1" m="42507" /><E38/><V48/><F3/><W9/><G9/><T29/><D29/><U91/><E125/><V52/><F124/><W4/><G4/><T106/><D103/><U133/><E7/><V131/><F102/><W99/><G81/><T74/><D74/><U2/><E2/><V112/><F112/><W36/><G36/><T115/><D115/><U118/><E133/><V43/><F43/><W120/><G42/><T16/><D16/><N who="2" m="6186" /><F12/><W23/><G95/><T83/><D83/><N who="1" m="49183" /><E65/><V77/><F77/><W21/><G32/><T31/><D31/><U134/><E134/><V108/><F108/><W98/><G98/><T119/><D119/><U92/><E118/><V44/><F61/><W104/><G104/><T66/><D107/><U10/><E10/><V126/><F126/><W37/><G37/><T90/><D106/><U30/><E30/><V0/><F0/><W47/><G24/><T8/><D8/><U130/><E130/><N who="2" m="33283" /><V72/><DORA hai="132" /><F72/><W1/><G1/><T14/><D33/><U13/><E13/><V20/><F20/><W70/><G21/><T101/><D34/><U56/><E25/><V11/><F11/><W105/><G105/><T57/><D78/><U35/><E27/><V135/><F135/><W62/><G23/><T22/><D101/><U113/><E113/><V5/><F5/><W94/><G121/><T6/><D22/><RYUUKYOKU ba="1,1" sc="318,15,214,-15,264,15,194,-15" hai0="6,14,53,54,55,57,58,60,63,66,80,86,90" hai2="44,48,52,85,89,96,97" /><INIT seed="4,2,1,4,3,3" ten="333,199,279,179" oya="0" hai0="38,134,31,125,43,22,13,34,113,11,41,27,100" hai1="98,112,114,57,37,133,103,99,86,91,73,48,76" hai2="115,28,9,40,60,6,44,15,90,68,77,33,119" hai3="47,39,10,55,89,122,79,45,24,63,62,0,111"/><T2/><D113/><N who="1" m="43627" /><E37/><V30/><F115/><W108/><G79/><T105/><D125/><U107/><E48/><V5/><F119/><W26/><G39/><T14/><D134/><U80/><E57/><V12/><F77/><W69/><G89/><T66/><D66/><U117/><E133/><V36/><F33/><W70/><G0/><T54/><D38/><U64/><E64/><V123/><F123/><W46/><G10/><T8/><D105/><U85/><E117/><V132/><F132/><W110/><G122/><T23/><D100/><N who="1" m="62871" /><E91/><V67/><F90/><W1/><G1/><T75/><D75/><U135/><E135/><V61/><F61/><N who="3" m="23051" /><G55/><T78/><D78/><U17/><E17/><V87/><F87/><W88/><G88/><T25/><D54/><U4/><E4/><V106/><F106/><AGARI ba="2,1" hai="73,76,80,85,86,99,103,106" m="62871,43627" machi="106" ten="30,7700,0" yaku="15,1,11,1,34,2" doraHai="3" who="1" fromWho="2" sc="333,0,199,93,279,-83,179,0" /><INIT seed="5,0,0,1,3,23" ten="333,292,196,179" oya="1" hai0="10,50,6,52,119,123,43,86,70,48,72,1,85" hai1="118,127,97,131,15,88,2,19,98,34,80,68,26" hai2="124,35,84,0,126,111,92,42,133,106,129,102,120" hai3="130,44,29,16,107,20,63,60,56,5,54,51,37"/><U75/><E118/><V115/><RYUUKYOKU type="yao9" ba="0,0" sc="333,0,292,0,196,0,179,0" hai2="0,35,42,84,92,102,106,111,115,120,124,126,129,133" /><INIT seed="5,1,0,4,3,122" ten="333,292,196,179" oya="1" hai0="48,34,20,108,54,119,97,57,105,37,60,111,75" hai1="24,81,124,39,115,77,89,38,68,116,45,55,79" hai2="104,2,42,123,132,15,103,59,100,9,11,17,35" hai3="131,51,135,61,62,66,58,4,80,25,87,65,44"/><U86/><E116/><V52/><F123/><W90/><G131/><T33/><D75/><U130/><E68/><V21/><F35/><W113/><G113/><T129/><D37/><U114/><E124/><V70/><F70/><W13/><G135/><T26/><D119/><U29/><E130/><V6/><F132/><W8/><G25/><T83/><D129/><U19/><E19/><V133/><F133/><W128/><G128/><T120/><D120/><U67/><E67/><V32/><F32/><W28/><G28/><T85/><D33/><N who="1" m="20647" /><E55/><V31/><F42/><W118/><G118/><T5/><D34/><U94/><E45/><V126/><F126/><W10/><G10/><T69/><D5/><U43/><E43/><V73/><F73/><W23/><G23/><T18/><D69/><U1/><E1/><V46/><F46/><W47/><REACH who="3" step="1"/><G51/><REACH who="3" ten="333,292,196,169" step="2"/><T121/><D121/><U72/><E38/><V134/><F134/><W7/><G7/><T98/><D48/><U127/><E39/><V14/><F31/><W50/><G50/><T16/><D18/><U88/><E127/><V53/><F21/><W64/><G64/><T36/><D36/><U96/><E114/><V74/><F17/><W112/><G112/><T107/><D107/><U91/><E115/><V78/><F6/><W71/><AGARI ba="1,1" hai="4,8,13,44,47,58,61,62,65,66,71,80,87,90" machi="71" ten="20,2700,0" yaku="1,1,0,1,7,1,53,0" doraHai="122" doraHaiUra="101" who="3" fromWho="3" sc="333,-8,292,-14,196,-8,169,40" /><INIT seed="6,0,0,5,0,21" ten="325,278,188,209" oya="2" hai0="41,66,103,60,36,7,106,86,127,85,69,100,23" hai1="112,76,25,130,79,119,43,17,129,109,122,121,11" hai2="80,4,107,99,56,54,134,13,5,27,12,0,82" hai3="75,123,91,125,55,39,28,68,30,57,95,124,15"/><V115/><F115/><W97/><G68/><T50/><D127/><N who="3" m="48713" /><G123/><N who="1" m="47114" /><E109/><V32/><F134/><W116/><G116/><T44/><D7/><U19/><E119/><V111/><F111/><W31/><G39/><T102/><D106/><U135/><E43/><V81/><F107/><W71/><G71/><T118/><D118/><U10/><E112/><V96/><F0/><W51/><G15/><N who="2" m="5705" /><F32/><W49/><G75/><T84/><REACH who="0" step="1"/><D23/><REACH who="0" ten="315,278,188,209" step="2"/><N who="1" m="13551" /><E135/><V67/><F4/><W101/><G101/><T33/><D33/><U53/><E10/><V29/><F5/><W92/><G95/><T117/><D117/><U73/><E11/><V1/><F1/><W62/><AGARI ba="0,1" hai="28,30,31,49,51,55,57,62,91,92,97" m="48713" machi="62" ten="30,1100,0" yaku="18,1" doraHai="21" who="3" fromWho="3" sc="315,-3,278,-3,188,-5,209,21" /><INIT seed="7,0,0,2,5,99" ten="312,275,183,230" oya="3" hai0="78,3,72,67,116,42,113,11,22,16,103,89,96" hai1="115,23,132,56,95,35,39,48,31,29,61,33,100" hai2="126,73,40,90,68,101,134,104,36,86,38,32,125" hai3="44,43,88,111,25,4,9,131,5,28,122,66,50"/><W46/><G122/><T15/><D116/><U37/><E115/><V71/><F40/><W117/><G117/><T106/><D113/><U2/><E2/><V105/><F86/><W65/><G131/><T120/><D120/><U124/><E124/><N who="2" m="47723" /><F90/><W14/><G111/><T118/><D118/><U55/><E132/><V130/><F130/><W108/><G108/><T54/><D67/><U83/><E83/><V26/><F26/><W102/><G102/><T110/><D42/><U21/><E39/><N who="2" m="14891" /><F101/><W24/><G24/><T63/><D89/><U1/><E37/><V127/><N who="2" m="47731" /><V87/><DORA hai="30" /><F87/><W41/><G88/><T49/><D110/><U6/><E100/><V64/><F134/><W114/><G114/><T62/><D72/><U81/><E81/><V0/><F0/><W52/><G43/><T53/><D78/><U69/><E1/><V19/><F19/><W84/><G84/><T85/><D85/><U59/><E29/><V45/><F45/><W80/><G80/><T123/><D3/><U79/><E31/><V27/><F73/><W76/><G76/><T77/><D77/><U82/><E79/><V47/><F47/><W91/><G91/><T74/><D74/><U94/><E82/><V75/><F75/><W17/><G44/><N who="0" m="27815" /><D123/><U121/><E121/><V128/><F128/><W135/><G135/><T12/><D103/><U129/><E129/><V57/><F57/><W112/><G112/><T92/><D106/><N who="2" m="41066" /><F64/><N who="3" m="24683" /><G41/><T51/><D96/><U58/><E58/><V8/><F8/><W109/><G46/><T18/><D11/><U10/><E10/><RYUUKYOKU ba="0,0" sc="312,-10,275,-10,183,30,230,-10" hai2="27,32,68,71" owari="302,40.2,265,6.5,213,-28.7,220,-18.0" /></mjloggm>