<mjloggm ver="2.3"><GO type="225" lobby="0"/><UN n0="%72%61%6B%33" n1="%E9%A6%AC%E5%BC%95%E7%81%AB%33" n2="%E4%BF%BA%E3%81%A8%E5%A6%96%E5%A4%A2" n3="%E6%97%A5%E6%9B%9C%E6%97%A5%E3%82%88%E3%82%8A%E3%81%AE%E4%BD%BF%E8%80%85" dan="16,16,16,17" rate="2086.00,2150.74,2135.75,2203.72" sx="M,M,F,M"/><TAIKYOKU oya="0"/><INIT seed="0,0,0,3,1,67" ten="250,250,250,250" oya="0" hai0="133,35,115,4,68,20,80,15,38,28,12,54,9" hai1="84,19,73,96,110,44,25,89,82,107,106,58,75" hai2="95,65,99,118,8,85,49,1,41,77,103,14,30" hai3="104,48,66,109,3,21,55,94,117,126,92,129,125"/><T112/><D38/><U91/><E44/><V101/><F118/><W42/><G117/><T36/><D36/><U108/><E58/><V70/><F1/><W90/><G104/><N who="1" m="39978" /><E19/><V37/><F37/><W63/><G3/><T105/><D105/><U124/><E25/><V132/><F132/><W114/><G114/><T119/><D119/><U69/><E69/><V46/><F30/><W71/><G109/><N who="1" m="42090" /><E124/><N who="3" m="47722" /><G129/><T128/><D128/><U60/><E60/><V34/><F34/><W62/><G21/><T13/><D133/><U87/><E96/><V6/><F65/><N who="3" m="41399" /><G42/><T111/><D111/><U22/><E22/><V7/><F70/><N who="3" m="42335" /><G90/><T26/><D68/><U135/><E135/><V2/><F2/><W17/><G17/><T123/><D35/><U39/><E39/><V10/><F6/><W43/><G43/><T56/><D115/><U64/><E64/><V52/><F10/><W32/><G32/><T86/><D112/><U72/><E72/><V74/><F74/><W98/><G98/><T93/><D4/><U102/><E102/><N who="2" m="60799" /><F41/><W50/><G50/><T127/><D127/><U121/><E121/><V88/><F77/><W61/><G61/><N who="0" m="35991" /><D123/><U27/><E27/><V51/><F51/><W113/><G113/><T97/><D9/><U78/><E78/><V23/><F23/><W131/><G131/><T47/><D20/><U83/><AGARI ba="0,0" hai="73,75,82,83,84,87,89,91" m="42090,39978" machi="83" ten="30,4000,0" yaku="14,1,34,2" doraHai="67" who="1" fromWho="1" sc="250,-20,250,40,250,-10,250,-10" /><INIT seed="1,0,0,2,4,132" ten="230,290,240,240" oya="1" hai0="35,14,114,74,95,34,46,130,38,60,125,7,62" hai1="103,124,51,68,6,44,27,110,10,47,9,20,90" hai2="133,42,89,80,69,52,56,4,63,66,117,23,3" hai3="31,121,30,72,5,71,77,78,120,26,116,108,13"/><U48/><E68/><V113/><F117/><W37/><G37/><T43/><D114/><U54/><E103/><V45/><F133/><W70/><G13/><T2/><D74/><U65/><E65/><V88/><F113/><W105/><G116/><T127/><D2/><U115/><E115/><V129/><F129/><W128/><G128/><T118/><D118/><U93/><E110/><V18/><F80/><W126/><G5/><T101/><D130/><U28/><E6/><V40/><F4/><W123/><G105/><T16/><D7/><U22/><E22/><V33/><F33/><W50/><G108/><T36/><D36/><U1/><E1/><V99/><F3/><W96/><G96/><T107/><D107/><U82/><E82/><V12/><F99/><W81/><G78/><T94/><D35/><U86/><E124/><N who="0" m="47689" /><D34/><U39/><E39/><V32/><F32/><W59/><G126/><T49/><D38/><U111/><E111/><V76/><F76/><W109/><G109/><T91/><D101/><U85/><E85/><V15/><F15/><W64/><G72/><T58/><D91/><N who="2" m="34890" /><F69/><W29/><G71/><T84/><D84/><U122/><E122/><V21/><F21/><N who="3" m="15567" /><G70/><T61/><D58/><U0/><E0/><V24/><F24/><W92/><G123/><T83/><D83/><U67/><E9/><AGARI ba="0,0" hai="9,14,16,43,46,49,60,61,62,94,95" m="47689" machi="9" ten="30,8000,1" yaku="18,1,52,3,54,1" doraHai="132" who="0" fromWho="1" sc="230,80,290,-80,240,0,240,0" /><INIT seed="2,0,0,0,4,30" ten="310,210,240,240" oya="2" hai0="29,81,6,79,101,134,45,76,0,83,3,124,115" hai1="46,42,68,106,85,59,72,26,39,113,111,34,48" hai2="100,92,117,21,32,88,90,86,44,70,13,84,119" hai3="102,132,120,130,121,110,69,103,27,91,10,125,63"/><V129/><F70/><W5/><G91/><T31/><D101/><U22/><E111/><V2/><F2/><W98/><G110/><T20/><D45/><U66/><E113/><V47/><F129/><W131/><G27/><T24/><D6/><U62/><E72/><V60/><F100/><W49/><G49/><T95/><D95/><U36/><E106/><V15/><F60/><W37/><G37/><T94/><D94/><U23/><E85/><V65/><F65/><N who="3" m="41151" /><G103/><T14/><D14/><U114/><E114/><V40/><F32/><W78/><G78/><T53/><D53/><U64/><E64/><V105/><F105/><N who="3" m="63703" /><G125/><T55/><D55/><U25/><E36/><V71/><F71/><W93/><G93/><T75/><D124/><U116/><E116/><V96/><F44/><W50/><G50/><T9/><D76/><U18/><E34/><V7/><F96/><W4/><G4/><T41/><D79/><U74/><E74/><V97/><F97/><W82/><G82/><T33/><D83/><U56/><REACH who="1" step="1"/><E39/><REACH who="1" ten="310,200,240,240" step="2"/><V54/><F86/><W112/><G112/><T57/><D75/><U58/><E58/><V127/><F84/><W77/><G77/><T118/><D57/><U128/><E128/><N who="3" m="49194" /><G132/><T16/><D134/><U126/><E126/><V80/><F127/><W43/><G43/><T35/><D41/><U11/><E11/><N who="2" m="4351" /><F40/><W123/><G121/><T8/><D115/><U99/><E99/><V1/><F119/><W107/><G107/><T67/><D118/><U135/><E135/><V17/><F117/><W28/><G28/><AGARI ba="0,1" hai="18,22,23,25,26,28,42,46,48,56,59,62,66,68" machi="28" ten="30,2000,0" yaku="1,1,7,1,53,0" doraHai="30" doraHaiUra="89" who="1" fromWho="3" sc="310,0,200,30,240,0,240,-20" /><INIT seed="3,0,0,0,1,82" ten="310,230,240,220" oya="3" hai0="85,135,36,65,89,2,72,90,83,70,123,91,17" hai1="74,116,93,100,12,27,18,37,80,59,30,35,107" hai2="13,6,78,40,133,4,28,124,50,38,101,88,132" hai3="24,104,8,110,118,126,77,62,32,9,57,29,33"/><W73/><G118/><T48/><D36/><U16/><E37/><V14/><F38/><W49/><G104/><T43/><D2/><U19/><E107/><V94/><F124/><W117/><G117/><T3/><D3/><U95/><E116/><V99/><F78/><W58/><G126/><T69/><D72/><U60/><E100/><V131/><F131/><W51/><G33/><T54/><D43/><U42/><E42/><V106/><F28/><W67/><G110/><T20/><D135/><N who="2" m="51786" /><F50/><W46/><G58/><T11/><D11/><U127/><E127/><V1/><F40/><W121/><G121/><T7/><D7/><N who="2" m="2602" /><F1/><W112/><G112/><T109/><D109/><U87/><E74/><V21/><F21/><W25/><G25/><T63/><D69/><U96/><E27/><V111/><F111/><W115/><G115/><T66/><D123/><U98/><E30/><V128/><F128/><W92/><G73/><T84/><D70/><U122/><E35/><V81/><F81/><W114/><G114/><T10/><D10/><U47/><E80/><V120/><F120/><W61/><G77/><T103/><D83/><U41/><E41/><V44/><F44/><W71/><G51/><T79/><D79/><U119/><E122/><V68/><F68/><W76/><G76/><T75/><D75/><U97/><E47/><V64/><F64/><N who="0" m="24682" /><D48/><U125/><E125/><V134/><N who="2" m="51794" /><V105/><DORA hai="52" /><F106/><W113/><G113/><T45/><D45/><U102/><E119/><V55/><F55/><N who="3" m="33983" /><G92/><T22/><D54/><N who="1" m="33911" /><E95/><V86/><AGARI ba="0,0" hai="13,14,86,88,94,99,101,105" m="2602,51794" machi="86" ten="40,5200,0" yaku="20,1,52,1,54,1" doraHai="82,52" who="2" fromWho="2" sc="310,-13,230,-13,240,52,220,-26" /><INIT seed="4,0,0,0,3,27" ten="297,217,292,194" oya="0" hai0="117,43,18,14,88,126,123,116,70,29,21,48,10" hai1="6,86,35,22,121,57,91,122,71,76,102,66,103" hai2="129,64,61,90,73,130,7,131,63,83,94,115,124" hai3="109,85,59,69,53,128,75,30,120,31,74,112,56"/><T50/><D123/><N who="1" m="47115" /><E22/><V68/><F124/><W32/><G69/><T134/><D70/><U13/><E57/><N who="3" m="22090" /><G32/><T44/><D126/><U16/><E16/><V54/><F115/><W46/><G120/><T101/><D134/><U38/><E13/><V9/><F61/><W125/><G125/><T132/><D132/><U107/><E6/><V34/><F34/><W79/><G109/><T110/><D110/><U25/><E25/><V65/><F65/><W113/><G85/><T51/><D117/><U39/><E86/><N who="2" m="52567" /><F54/><W62/><G62/><T58/><D116/><U89/><E35/><V1/><F83/><N who="3" m="45559" /><G75/><AGARI ba="0,0" hai="1,7,9,63,64,68,73,75,129,130,131" m="52567" machi="75" ten="30,1000,0" yaku="19,1" doraHai="27" who="2" fromWho="3" sc="297,0,217,0,292,10,194,-10" owari="297,9.7,217,-18.3,302,40.2,184,-31.6" /></mjloggm>