<mjloggm ver="2.3"><GO type="169" lobby="0"/><UN n0="%E2%84%83%2D%75%74%65" n1="%E8%8F%85%E7%94%B0%E5%B0%86%E6%9A%89%28%E5%81%BD%E7%89%A9%29" n2="%E5%A4%A9%E5%AE%89%E9%96%80%E5%BF%98%E5%8D%B4" n3="%71%75%65%79%69%6D%65%6E" dan="17,16,18,16" rate="2200.55,2152.51,2221.82,2117.67" sx="M,M,M,M"/><TAIKYOKU oya="0"/><INIT seed="0,0,0,5,1,86" ten="250,250,250,250" oya="0" hai0="13,16,135,70,26,43,87,96,123,81,10,74,98" hai1="133,102,120,46,24,119,100,8,18,61,115,68,85" hai2="128,36,40,62,52,57,59,106,105,104,28,48,71" hai3="83,134,78,89,121,124,55,45,131,44,37,4,60"/><T9/><D123/><U3/><E119/><V41/><F128/><W21/><G121/><T113/><D113/><U79/><E120/><V65/><F36/><W88/><G131/><T97/><D135/><U14/><E3/><V127/><F127/><W111/><G134/><T93/><D70/><U95/><E133/><V22/><REACH who="2" step="1"/><F71/><REACH who="2" ten="250,250,240,250" step="2"/><W23/><G124/><T33/><D74/><U5/><E68/><V31/><F31/><W72/><G111/><T49/><D33/><U20/><E115/><V64/><F64/><W12/><G37/><T84/><D26/><AGARI ba="0,1" hai="22,26,28,40,41,48,52,57,59,62,65,104,105,106" machi="26" ten="40,5200,0" yaku="1,1,54,1,53,1" doraHai="86" doraHaiUra="56" who="2" fromWho="0" sc="250,-52,250,0,240,62,250,0" /><INIT seed="1,0,0,4,1,82" ten="198,250,302,250" oya="1" hai0="91,17,67,47,129,102,90,11,98,108,16,24,5" hai1="71,97,121,18,131,94,62,64,52,34,30,84,112" hai2="80,126,6,43,3,120,70,95,68,36,12,93,13" hai3="92,122,56,48,2,133,76,51,40,111,29,27,32"/><U69/><E112/><V63/><F120/><W77/><G122/><T99/><D108/><U83/><E121/><V55/><F126/><W101/><G111/><T110/><D110/><U61/><E131/><V60/><F3/><W117/><G2/><T100/><D129/><U113/><E113/><V57/><F36/><W49/><G133/><T45/><D24/><U75/><E75/><V96/><F43/><W79/><G117/><T37/><D37/><U73/><E73/><V128/><F128/><W115/><G115/><T22/><D22/><U31/><E18/><V9/><F63/><W88/><G101/><T7/><D67/><U86/><E34/><V105/><F105/><W135/><G135/><T26/><D26/><U107/><E107/><V81/><F13/><W124/><G124/><T106/><D106/><U58/><E71/><V15/><F15/><W35/><G35/><T123/><D123/><U50/><E62/><V14/><F14/><W125/><G125/><T65/><REACH who="0" step="1"/><D65/><REACH who="0" ten="188,250,302,250" step="2"/><U19/><E19/><V78/><F12/><W127/><G127/><T23/><D23/><U46/><E69/><V72/><F70/><W33/><G33/><T104/><D104/><U132/><E132/><V42/><F68/><W44/><REACH who="3" step="1"/><G56/><REACH who="3" ten="188,250,302,240" step="2"/><T41/><D41/><U59/><E58/><V0/><F42/><W130/><G130/><T38/><D38/><U53/><E59/><V4/><F57/><W116/><G116/><T28/><D28/><U20/><E31/><V54/><F60/><W21/><G21/><T118/><D118/><U134/><E61/><V74/><F0/><RYUUKYOKU ba="0,2" sc="188,15,250,-15,302,-15,240,15" hai0="5,7,11,16,17,45,47,90,91,98,99,100,102" hai3="27,29,32,40,44,48,49,51,76,77,79,88,92" /><INIT seed="2,1,2,4,5,110" ten="203,235,287,255" oya="2" hai0="118,97,16,92,120,121,71,113,26,106,78,124,28" hai1="27,36,20,6,135,32,109,130,99,33,115,44,91" hai2="22,56,38,61,64,87,123,112,58,29,59,2,73" hai3="17,128,30,3,52,122,125,41,86,53,51,89,65"/><V93/><F123/><W19/><G122/><T10/><D71/><U57/><E109/><V77/><F38/><W88/><G3/><T126/><D106/><U96/><E130/><V83/><F2/><W68/><G30/><T46/><D78/><U48/><E135/><V129/><F129/><W119/><G128/><T49/><D118/><U75/><E75/><V42/><F42/><W39/><G119/><T54/><D113/><U72/><E72/><V15/><F112/><W25/><G125/><N who="0" m="48235" /><D10/><U94/><E115/><V84/><F73/><W100/><G100/><N who="0" m="60455" /><D16/><N who="3" m="6217" /><G68/><T82/><D82/><U50/><E6/><V98/><F84/><W23/><G39/><T108/><D108/><U117/><E96/><V103/><F15/><W24/><G65/><T18/><D18/><U81/><E81/><V127/><F127/><W95/><G89/><T37/><D37/><U45/><E36/><V67/><REACH who="2" step="1"/><F64/><REACH who="2" ten="203,235,277,255" step="2"/><W5/><G5/><T55/><D55/><N who="3" m="21065" /><G23/><AGARI ba="1,3" hai="23,26,28,46,49,54,120,121" m="60455,48235" machi="23" ten="30,1000,0" yaku="18,1" doraHai="110" who="0" fromWho="3" sc="203,43,235,0,277,0,255,-13" /><INIT seed="3,0,0,2,3,25" ten="246,235,277,242" oya="3" hai0="83,20,70,35,36,41,119,128,17,16,88,74,120" hai1="130,100,87,132,7,10,30,75,5,37,73,122,49" hai2="14,12,81,65,114,54,116,135,31,3,61,51,29" hai3="121,26,68,90,58,86,46,98,77,19,82,44,84"/><W91/><G68/><T40/><D119/><U129/><E122/><V107/><F116/><W97/><G121/><T85/><D120/><U0/><E37/><V11/><F114/><W72/><G72/><T2/><D2/><U71/><E71/><V62/><F107/><W95/><G58/><T134/><D35/><U47/><E132/><V24/><F3/><W106/><G106/><T59/><D70/><U8/><E100/><V94/><F135/><W13/><G26/><T127/><D134/><U117/><E87/><V92/><F81/><W76/><G98/><T113/><D74/><U57/><E57/><N who="2" m="37071" /><F61/><W105/><G105/><T96/><D36/><U56/><E56/><N who="2" m="32863" /><F12/><W99/><G99/><T108/><D96/><U22/><E117/><V45/><F45/><N who="3" m="17515" /><G97/><T109/><D113/><U6/><E0/><V39/><F39/><W21/><AGARI ba="0,0" hai="13,19,21,76,77,82,84,86,90,91,95" m="17515" machi="21" ten="30,1500,0" yaku="8,1" doraHai="25" who="3" fromWho="3" sc="246,-5,235,-5,277,-5,242,15" /><INIT seed="3,1,0,2,3,71" ten="241,230,272,257" oya="3" hai0="64,60,20,100,91,83,87,132,28,92,67,12,52" hai1="120,88,102,76,113,131,25,5,125,62,4,11,95" hai2="122,32,7,40,104,24,77,78,103,27,123,97,0" hai3="107,111,43,18,1,53,65,99,35,38,127,135,117"/><W3/><G117/><T63/><D132/><U68/><E120/><N who="2" m="46123" /><F40/><W72/><G35/><T73/><D73/><U69/><E113/><V85/><F85/><W134/><G72/><T48/><D64/><U79/><E131/><V51/><F51/><W42/><G65/><T31/><D31/><U93/><E125/><V82/><F82/><W55/><G18/><N who="0" m="10311" /><D28/><U41/><E25/><N who="2" m="9803" /><F32/><W33/><G33/><T130/><D67/><U75/><E75/><V128/><F128/><W129/><G129/><T47/><D130/><U6/><E11/><AGARI ba="1,0" hai="0,7,11,77,78,97,103,104" m="9803,46123" machi="11" ten="30,1000,0" yaku="13,1" doraHai="71" who="2" fromWho="1" sc="241,0,230,-13,272,13,257,0" /><INIT seed="4,0,0,4,3,127" ten="241,217,285,257" oya="0" hai0="56,29,62,107,115,75,80,93,41,91,118,113,39" hai1="43,96,2,33,64,34,54,85,97,7,122,32,52" hai2="8,78,72,30,116,89,66,69,6,3,14,129,18" hai3="119,16,79,37,11,22,36,24,19,134,125,110,20"/><T132/><D118/><U124/><E122/><V109/><F109/><W121/><G110/><T84/><D132/><U74/><E74/><V98/><F116/><W47/><G119/><T57/><D107/><U42/><E64/><V13/><F30/><W35/><G125/><T10/><D29/><U101/><E124/><V126/><F126/><W120/><G35/><T38/><D10/><U131/><E85/><V133/><F3/><W44/><G79/><T99/><D75/><U103/><E2/><V102/><F89/><W92/><G92/><T50/><D50/><U61/><E7/><V77/><F72/><W1/><G11/><T45/><D38/><U23/><E23/><V21/><F133/><W86/><G86/><T108/><D108/><U26/><E26/><V9/><F21/><W104/><G24/><T130/><D130/><U88/><E131/><V117/><F129/><W123/><G123/><T67/><REACH who="0" step="1"/><D57/><REACH who="0" ten="231,217,285,257" step="2"/><U73/><E73/><V46/><F117/><W112/><G104/><T48/><D48/><U106/><E61/><V71/><F8/><W111/><G111/><T135/><D135/><U82/><E43/><V51/><F51/><W0/><G134/><T95/><D95/><N who="1" m="58527" /><E42/><V60/><F60/><W90/><G112/><T53/><D53/><U128/><E128/><V31/><F9/><W70/><G70/><T5/><D5/><U17/><E17/><V40/><F6/><W83/><G83/><T15/><D15/><U58/><E58/><V68/><F68/><W12/><G12/><T4/><D4/><U100/><E106/><N who="2" m="63831" /><F71/><W87/><G87/><RYUUKYOKU ba="0,1" sc="231,15,217,-15,285,-15,257,15" hai0="39,41,45,56,62,67,80,84,91,93,99,113,115" hai3="0,1,16,19,20,22,36,37,44,47,90,120,121" /><INIT seed="4,1,1,0,2,27" ten="246,202,270,272" oya="0" hai0="47,124,79,12,69,57,67,29,64,87,70,114,53" hai1="63,83,68,20,9,35,98,110,128,78,43,24,31" hai2="3,23,0,107,120,126,42,2,16,92,71,4,22" hai3="135,102,106,108,32,40,49,54,100,55,60,91,37"/><T109/><D114/><U95/><E110/><V73/><F107/><W45/><G108/><T1/><D1/><U90/><E128/><V80/><F71/><W17/><G135/><T15/><D109/><U133/><E133/><V76/><F120/><W101/><G32/><T82/><D124/><U81/><E43/><V123/><F123/><W96/><G54/><T105/><D105/><U75/><E9/><V56/><F126/><W134/><G134/><T89/><D69/><U94/><E81/><V65/><F4/><W93/><G17/><T127/><D127/><U36/><E36/><V122/><F122/><W62/><REACH who="3" step="1"/><G106/><REACH who="3" ten="246,202,270,262" step="2"/><T10/><D53/><U103/><E35/><V125/><F125/><W48/><G48/><T52/><D67/><U41/><E41/><V119/><F42/><W13/><G13/><T5/><D15/><U131/><E131/><V26/><F65/><W11/><G11/><T97/><D64/><U18/><E63/><V129/><F129/><W34/><G34/><T58/><D70/><U104/><E68/><V132/><F132/><W115/><G115/><T59/><D52/><U130/><E130/><V39/><F0/><W113/><G113/><T50/><D50/><U44/><E44/><AGARI ba="1,2" hai="37,40,44,45,49,55,60,62,91,93,96,100,101,102" machi="44" ten="40,2600,0" yaku="1,1,53,1" doraHai="27" doraHaiUra="85" who="3" fromWho="1" sc="246,0,202,-29,270,0,262,49" /><INIT seed="5,0,0,0,2,94" ten="246,173,270,311" oya="1" hai0="92,112,126,13,89,55,121,104,74,27,14,61,57" hai1="96,54,3,86,97,100,59,39,33,111,108,53,101" hai2="19,8,29,73,0,18,65,20,11,84,12,79,103" hai3="41,130,24,80,45,49,5,52,109,44,125,134,26"/><U66/><E33/><V43/><F73/><W30/><G109/><N who="1" m="42058" /><E3/><V31/><F65/><W106/><G125/><T28/><D112/><U71/><E39/><V91/><F79/><W42/><G134/><T110/><D110/><U113/><E113/><V116/><F116/><W77/><G106/><T88/><D104/><N who="1" m="63495" /><E86/><V1/><F1/><W105/><G130/><T62/><D74/><U36/><E36/><V32/><F32/><W131/><G105/><T23/><D126/><U132/><E71/><V9/><F0/><W78/><G131/><T56/><D121/><U37/><E37/><V60/><F103/><W67/><G5/><T76/><D76/><U69/><E69/><V117/><F117/><W34/><G77/><T127/><D127/><U120/><E120/><V40/><F91/><N who="0" m="34890" /><D92/><N who="1" m="58535" /><E132/><V50/><F84/><W128/><G34/><T133/><D133/><U90/><E90/><V119/><F119/><W6/><G128/><T72/><D72/><U99/><E99/><V98/><F98/><W22/><G78/><T21/><D21/><U58/><E66/><AGARI ba="0,0" hai="13,14,23,27,28,55,56,57,61,62,66" m="34890" machi="66" ten="30,2000,0" yaku="8,1,54,1" doraHai="94" who="0" fromWho="1" sc="246,20,173,-20,270,0,311,0" /><INIT seed="6,0,0,1,3,129" ten="266,153,270,311" oya="2" hai0="105,116,76,19,41,87,126,40,80,70,67,91,112" hai1="104,8,101,85,0,14,84,37,15,124,33,114,90" hai2="127,43,55,22,47,38,110,35,51,133,100,11,132" hai3="122,69,45,54,57,29,32,49,99,42,53,79,113"/><V120/><F35/><W44/><G79/><T62/><D105/><U23/><E37/><V78/><F120/><W63/><G32/><T13/><D112/><U27/><E114/><V30/><F100/><W26/><G113/><T52/><D126/><U123/><E124/><V31/><F127/><W17/><G17/><T130/><D130/><U96/><E123/><V7/><F78/><W68/><G99/><T39/><D39/><U94/><E33/><V56/><F110/><W65/><G26/><T20/><D116/><U95/><E0/><V46/><F46/><N who="3" m="25815" /><G29/><T107/><D107/><U119/><E119/><V10/><F10/><W98/><G98/><T93/><REACH who="0" step="1"/><D52/><REACH who="0" ten="256,153,270,311" step="2"/><N who="3" m="20073" /><G122/><T34/><D34/><U89/><REACH who="1" step="1"/><E8/><REACH who="1" ten="256,143,270,311" step="2"/><V82/><F11/><W134/><G134/><T18/><D18/><AGARI ba="0,2" hai="14,15,18,23,27,84,85,89,90,94,95,96,101,104" machi="18" ten="30,7700,0" yaku="1,1,2,1,7,1,9,1,53,0" doraHai="129" doraHaiUra="128" who="1" fromWho="0" sc="256,-77,143,97,270,0,311,0" /><INIT seed="7,0,0,2,1,129" ten="179,240,270,311" oya="3" hai0="82,80,58,130,57,28,118,119,50,135,30,29,72" hai1="84,0,52,60,13,63,51,110,95,123,91,9,26" hai2="3,107,87,17,124,35,134,74,122,104,113,25,128" hai3="36,89,6,112,103,22,69,64,111,2,16,62,83"/><W14/><G112/><T96/><D96/><U12/><E110/><V31/><RYUUKYOKU type="yao9" ba="0,0" sc="179,0,240,0,270,0,311,0" hai2="3,17,25,31,35,74,87,104,107,113,122,124,128,134" /><INIT seed="7,1,0,1,0,33" ten="179,240,270,311" oya="3" hai0="133,134,25,13,26,78,24,1,82,117,124,44,14" hai1="37,80,60,112,93,62,92,53,113,121,107,51,86" hai2="47,46,31,94,135,106,104,41,56,34,91,105,23" hai3="123,50,77,48,70,89,127,122,98,49,116,73,10"/><W5/><G116/><T0/><D44/><U65/><E107/><V59/><F34/><W35/><G70/><T71/><D71/><U102/><E37/><V83/><F83/><W45/><G35/><T109/><D117/><U39/><E39/><V22/><F135/><N who="0" m="51722" /><D109/><U36/><E36/><V125/><F125/><W126/><G45/><T18/><D124/><N who="3" m="47657" /><G77/><T7/><D7/><U87/><E102/><V8/><F47/><W69/><G69/><T12/><D18/><U99/><E99/><V132/><F46/><W17/><G17/><T32/><D32/><U67/><E80/><V42/><F59/><W63/><G63/><T101/><D101/><U75/><E75/><AGARI ba="1,0" hai="0,1,12,13,14,24,25,26,75,78,82" m="51722" machi="75" ten="40,5200,0" yaku="20,1,52,2" doraHai="33" who="0" fromWho="1" sc="179,55,240,-55,270,0,311,0" owari="234,-16.6,185,-31.5,270,7.0,311,41.1" /></mjloggm>