<mjloggm ver="2.3"><GO type="169" lobby="0"/><UN n0="%E8%A6%9A%E9%86%92%E3%81%97%E3%81%9F%E3%81%A8%E3%81%BE%E3%81%A8" n1="%E8%8F%85%E7%94%B0%E5%B0%86%E6%9A%89%28%E5%81%BD%E7%89%A9%29" n2="%E3%83%9E%E3%83%AD%E3%81%A8%E3%82%B8%E3%83%BC%E3%83%8E" n3="%E7%94%9F%E5%BE%92%E4%BC%9A%E3%80%90%E5%BA%8F%E3%80%91" dan="16,16,16,17" rate="2110.61,2196.99,2135.85,2157.43" sx="M,M,M,M"/><TAIKYOKU oya="0"/><INIT seed="0,0,0,2,4,84" ten="250,250,250,250" oya="0" hai0="10,36,85,127,124,129,14,61,116,111,93,126,16" hai1="54,59,133,47,1,132,83,67,52,110,7,88,95" hai2="50,2,94,6,49,71,122,8,37,92,45,81,34" hai3="40,115,27,87,128,39,57,103,76,17,35,131,123"/><T24/><D116/><U70/><E110/><V21/><F122/><W5/><G115/><T78/><D111/><U12/><E1/><V100/><F34/><W120/><G5/><T113/><D113/><U130/><E130/><N who="3" m="49706" /><G40/><T121/><D129/><U9/><E83/><V48/><F71/><W109/><G39/><T102/><D121/><N who="3" m="46665" /><G103/><T68/><D36/><U90/><E70/><V4/><F4/><W96/><G96/><N who="0" m="59663" /><D24/><U53/><E47/><V135/><F135/><N who="1" m="51785" /><E95/><V105/><F100/><W118/><G109/><T112/><D112/><U101/><E101/><V3/><F3/><W23/><G57/><T18/><D68/><U98/><E98/><V79/><F105/><W29/><G87/><T60/><D18/><U13/><E13/><V73/><REACH who="2" step="1"/><F21/><REACH who="2" ten="250,250,240,250" step="2"/><W65/><G118/><T44/><D44/><U75/><E75/><V89/><F89/><N who="1" m="34409" /><E67/><V43/><AGARI ba="0,1" hai="2,6,8,37,43,45,48,49,50,73,79,81,92,94" machi="43" ten="30,7900,0" yaku="1,1,0,1,25,2,53,0" doraHai="84" doraHaiUra="64" who="2" fromWho="2" sc="250,-39,250,-20,240,89,250,-20" /><INIT seed="1,0,0,4,4,107" ten="211,230,329,230" oya="1" hai0="40,42,101,23,43,35,69,31,93,30,41,70,132" hai1="0,49,55,108,6,63,26,126,39,56,124,103,73" hai2="121,50,13,10,133,84,96,85,33,130,9,68,11" hai3="120,134,125,67,15,112,105,24,119,27,75,135,78"/><U106/><E39/><V60/><F121/><W118/><G105/><T100/><D132/><N who="3" m="50729" /><G120/><T64/><N who="0" m="10240" /><DORA hai="114" /><T76/><D35/><U44/><E108/><V77/><F133/><W3/><G3/><T65/><D76/><U32/><E73/><V102/><F33/><W5/><G112/><T80/><D80/><U2/><E103/><V61/><F130/><W82/><G125/><N who="1" m="48234" /><E106/><V104/><F13/><W51/><G67/><N who="0" m="25675" /><D23/><U92/><E92/><V97/><F68/><N who="0" m="26218" /><D93/><U117/><E117/><N who="3" m="44554" /><G51/><T87/><D87/><U38/><E38/><V48/><F50/><W20/><G20/><T53/><D53/><N who="1" m="34191" /><E6/><V34/><F48/><W89/><G89/><T37/><D37/><U52/><E55/><V7/><F84/><W57/><G57/><T12/><D12/><U54/><E54/><V74/><F85/><W115/><G115/><T28/><AGARI ba="0,0" hai="28,30,31,100,101" m="26218,25675,10240" machi="28" ten="50,3200,0" yaku="28,2" doraHai="107,114" who="0" fromWho="0" sc="211,32,230,-16,329,-8,230,-8" /><INIT seed="2,0,0,4,1,22" ten="243,214,321,222" oya="2" hai0="23,27,76,38,28,4,39,79,30,11,75,16,89" hai1="94,9,110,106,25,73,13,29,113,78,20,37,88" hai2="5,50,7,112,14,130,97,108,126,44,35,60,114" hai3="10,96,55,6,118,32,71,33,26,8,115,48,86"/><V65/><F126/><W95/><G118/><T121/><D121/><U134/><E113/><V12/><F130/><W131/><G71/><T46/><D89/><U43/><E110/><V1/><F108/><W116/><G116/><T107/><D107/><U31/><E134/><V87/><F35/><W61/><G131/><T45/><D39/><U34/><E106/><V99/><F87/><W74/><G74/><T84/><D75/><U103/><E103/><V62/><F50/><W41/><G115/><T18/><D18/><U72/><E78/><V24/><F44/><W105/><G105/><T135/><D135/><U80/><E80/><V117/><F117/><W122/><G122/><T15/><D38/><U119/><E119/><V0/><REACH who="2" step="1"/><F65/><REACH who="2" ten="243,214,311,222" step="2"/><W70/><G48/><T81/><D79/><U53/><E34/><V109/><F109/><W42/><G86/><T51/><D46/><U49/><E37/><V82/><F82/><W111/><G33/><T67/><D67/><U102/><E73/><V64/><F64/><W92/><G111/><T68/><D68/><U98/><E72/><V125/><F125/><W17/><G70/><T104/><D104/><U100/><E43/><AGARI ba="0,1" hai="4,11,15,16,23,27,28,30,43,45,51,76,81,84" machi="43" ten="30,12000,2" yaku="7,1,25,2,8,1,52,1,54,1" doraHai="22" who="0" fromWho="1" sc="243,130,214,-120,311,0,222,0" /><INIT seed="3,0,0,3,1,10" ten="373,94,311,222" oya="3" hai0="41,32,88,96,7,52,30,100,125,14,48,71,112" hai1="134,55,90,94,3,73,86,4,51,59,11,132,85" hai2="1,129,17,122,53,60,35,24,118,104,36,25,63" hai3="98,62,33,22,6,70,47,108,43,91,69,109,128"/><W116/><G116/><T29/><D71/><U113/><E113/><V123/><F118/><W111/><G33/><T102/><D112/><U19/><E73/><V56/><F129/><W78/><G128/><T15/><D32/><U130/><E130/><V82/><F36/><W50/><G78/><T66/><D41/><U23/><REACH who="1" step="1"/><E85/><REACH who="1" ten="373,84,311,222" step="2"/><V99/><F122/><W127/><G127/><T75/><D125/><U54/><E54/><V8/><F53/><W92/><G6/><T57/><D66/><U16/><E16/><V40/><F17/><W87/><G62/><T0/><D75/><U49/><E49/><V61/><F60/><W79/><G22/><T133/><D7/><U65/><E65/><V97/><F61/><W103/><REACH who="3" step="1"/><G79/><REACH who="3" ten="373,84,311,212" step="2"/><T39/><D133/><U26/><AGARI ba="0,2" hai="3,4,11,19,23,26,51,55,59,86,90,94,132,134" machi="26" ten="30,4000,0" yaku="1,1,0,1,53,1" doraHai="10" doraHaiUra="34" who="1" fromWho="1" sc="373,-10,84,60,311,-10,212,-20" /><INIT seed="4,0,0,4,4,83" ten="363,144,301,192" oya="0" hai0="109,23,92,58,90,56,16,0,62,76,134,78,29" hai1="22,18,8,86,63,127,95,12,85,49,70,40,96" hai2="64,125,67,10,97,94,36,126,69,99,59,13,72" hai3="51,1,61,119,45,30,32,122,113,105,11,14,7"/><T128/><D128/><U35/><E35/><V48/><F72/><W37/><G119/><T89/><D134/><U88/><E127/><N who="2" m="48651" /><F36/><W26/><G105/><T71/><D109/><U15/><E70/><V130/><F130/><W60/><G113/><T75/><D0/><U5/><E63/><N who="2" m="40191" /><F94/><W79/><G122/><T104/><D104/><U50/><E40/><V87/><F87/><AGARI ba="0,0" hai="5,8,12,15,18,22,49,50,85,86,87,88,95,96" machi="87" ten="40,8000,1" yaku="8,1,52,3,54,1" doraHai="83" who="1" fromWho="2" sc="363,0,144,80,301,-80,192,0" /><INIT seed="5,0,0,2,5,62" ten="363,224,221,192" oya="1" hai0="113,126,2,83,131,50,79,35,128,75,25,135,103" hai1="91,133,60,96,3,117,41,61,94,129,37,57,68" hai2="16,36,15,1,20,67,118,17,104,78,127,76,80" hai3="125,45,65,12,71,101,74,34,0,49,64,90,51"/><U95/><E117/><V87/><F118/><W120/><G120/><T8/><D113/><U109/><E3/><V48/><F36/><W66/><G0/><T124/><D103/><U52/><E129/><N who="0" m="49737" /><D50/><U130/><E130/><V39/><F39/><W42/><G74/><T69/><D69/><U122/><E122/><V119/><F119/><W47/><G34/><T7/><D135/><U102/><E133/><V114/><F114/><W33/><G33/><T40/><D40/><U81/><E109/><V99/><F1/><W27/><G125/><T98/><D98/><U59/><E68/><V123/><F127/><W93/><G71/><T38/><D38/><U56/><E81/><V112/><F112/><W134/><G134/><T82/><D83/><U19/><E19/><V30/><F123/><W44/><G101/><T13/><D13/><U9/><E9/><V28/><F78/><W110/><G110/><T58/><D58/><N who="1" m="34887" /><E41/><V22/><F104/><W11/><G27/><T108/><D108/><U89/><E37/><V55/><F67/><W84/><G42/><T72/><D72/><U54/><E102/><V86/><F99/><AGARI ba="0,0" hai="54,56,57,59,61,89,91,94,95,96,99" m="34887" machi="99" ten="30,2900,0" yaku="8,1,54,1" doraHai="62" who="1" fromWho="2" sc="363,0,224,29,221,-29,192,0" /><INIT seed="5,1,0,5,5,94" ten="363,253,192,192" oya="1" hai0="27,81,62,21,29,8,56,9,26,16,41,73,85" hai1="75,14,111,50,12,31,122,82,102,101,23,80,17" hai2="38,96,103,45,52,57,39,13,54,67,47,91,131" hai3="119,28,98,30,19,22,132,118,95,32,5,114,129"/><U117/><E117/><N who="3" m="44554" /><G114/><T7/><D73/><U74/><E50/><V37/><F131/><W100/><G129/><T10/><D41/><U71/><E31/><V70/><F70/><W78/><G132/><T84/><D7/><U106/><E71/><V105/><F91/><W53/><G78/><T87/><D27/><U115/><E115/><V15/><F67/><W64/><G32/><T104/><D104/><U89/><E89/><V11/><F54/><W130/><G130/><T66/><REACH who="0" step="1"/><D29/><REACH who="0" ten="353,253,192,192" step="2"/><U63/><E106/><V0/><F0/><W90/><G5/><T88/><AGARI ba="1,1" hai="8,9,10,16,21,26,56,62,66,81,84,85,87,88" machi="88" ten="30,12000,2" yaku="1,1,2,1,0,1,8,1,54,2,53,0" doraHai="94" doraHaiUra="133" who="0" fromWho="0" sc="353,133,253,-61,192,-31,192,-31" /><INIT seed="6,0,0,2,2,18" ten="486,192,161,161" oya="2" hai0="132,122,121,9,94,34,125,109,113,52,30,134,73" hai1="48,25,69,41,5,112,86,133,53,71,106,124,108" hai2="82,92,83,61,54,104,131,126,117,103,90,6,99" hai3="1,7,114,119,115,127,28,68,81,0,85,91,80"/><V11/><F126/><W58/><G68/><T55/><D125/><U33/><E124/><V2/><F131/><W38/><G127/><T74/><D109/><U63/><E108/><V66/><F54/><N who="0" m="20522" /><D94/><U76/><E112/><N who="3" m="43050" /><G119/><T105/><D105/><U64/><E133/><N who="0" m="51305" /><D113/><U31/><E106/><V128/><F128/><W22/><G38/><T47/><D47/><U8/><E41/><V32/><F32/><W88/><G7/><T14/><D30/><U75/><E75/><N who="0" m="28681" /><D34/><U78/><E69/><V26/><F117/><W118/><G58/><T21/><D21/><U36/><E36/><V123/><F123/><W44/><G44/><T37/><D37/><U15/><E86/><V84/><REACH who="2" step="1"/><F26/><REACH who="2" ten="486,192,151,161" step="2"/><N who="3" m="16471" /><G118/><T40/><D40/><U24/><E25/><V27/><F27/><W97/><G81/><T111/><D111/><U93/><E93/><AGARI ba="0,1" hai="0,1,80,85,88,91,93,97" m="16471,43050" machi="93" ten="30,7700,0" yaku="15,1,11,1,52,1,54,1" doraHai="18" who="3" fromWho="1" sc="486,0,192,-77,151,0,161,87" /><INIT seed="7,0,0,4,4,61" ten="486,115,151,248" oya="3" hai0="100,51,38,73,120,115,121,13,59,10,55,96,118" hai1="82,97,110,101,93,94,56,63,123,133,70,46,25" hai2="132,20,108,34,2,126,28,80,131,114,87,124,53" hai3="14,129,76,32,50,15,17,5,107,86,19,113,66"/><W42/><G107/><T3/><D118/><U58/><E110/><V44/><F108/><W90/><G32/><T83/><D115/><U84/><E123/><V57/><F114/><W112/><G129/><T31/><D38/><U71/><E133/><V106/><F131/><W12/><G76/><T111/><D111/><U18/><E46/><V24/><F106/><W103/><G103/><T75/><D3/><U9/><E93/><V47/><F2/><W74/><G74/><T98/><D98/><U72/><E72/><V36/><F34/><W49/><G5/><T69/><D69/><U125/><E125/><N who="2" m="48235" /><F36/><W105/><G105/><T88/><D31/><U48/><E48/><N who="2" m="30887" /><F132/><W45/><G49/><T39/><D39/><U27/><E56/><V23/><F23/><W65/><G113/><T99/><D96/><U95/><E95/><V43/><F43/><W30/><G30/><T134/><D13/><U16/><E70/><V60/><F60/><W7/><G7/><T109/><D55/><U130/><E71/><V26/><F26/><N who="1" m="9737" /><E9/><V33/><F33/><W11/><G112/><T116/><D100/><U52/><E130/><V37/><F37/><W77/><G77/><AGARI ba="0,0" hai="16,18,52,58,63,77,82,84,94,97,101" m="9737" machi="77" ten="30,3900,0" yaku="8,1,54,2" doraHai="61" who="1" fromWho="3" sc="486,0,115,39,151,0,248,-39" /><AGARI ba="0,0" hai="20,24,28,44,47,77,80,87" m="30887,48235" machi="77" ten="30,1000,0" yaku="18,1" doraHai="61" who="2" fromWho="3" sc="486,0,154,0,151,10,209,-10" owari="486,58.6,154,-34.6,161,-23.9,199,-0.1" /></mjloggm>