<mjloggm ver="2.3"><GO type="169" lobby="0"/><UN n0="%E3%81%8B%E3%81%AA%E3%81%8D%E3%83%BC" n1="%6D%79%6D%65%6C%6F%58%58" n2="%E6%99%82%E8%A8%88%E5%9D%82%E9%9B%B6" n3="%E4%B8%9E%E9%A3%9B" dan="17,17,16,16" rate="2231.67,2224.26,2146.29,2080.32" sx="F,M,M,M"/><TAIKYOKU oya="0"/><INIT seed="0,0,0,0,4,111" ten="250,250,250,250" oya="0" hai0="37,119,85,94,77,36,69,8,96,83,106,78,73" hai1="44,39,25,130,67,61,101,50,63,42,126,109,22" hai2="127,11,16,54,107,62,40,105,19,52,20,59,79" hai3="4,0,43,13,7,27,80,70,38,76,5,14,113"/><T124/><D69/><U98/><E109/><V18/><F127/><W24/><G70/><T92/><D36/><U34/><E126/><V134/><F134/><W28/><G43/><T29/><D37/><U60/><E130/><V46/><F79/><W114/><G38/><T51/><D29/><U118/><E118/><V86/><F86/><W32/><G76/><N who="0" m="29291" /><D51/><U121/><E121/><V116/><F116/><W100/><G100/><N who="0" m="62727" /><D8/><U81/><E81/><V135/><F135/><W99/><G80/><T33/><D33/><U55/><E34/><V58/><F11/><N who="3" m="2439" /><G99/><T1/><D1/><U26/><E67/><V95/><F95/><N who="0" m="36394" /><D119/><U47/><REACH who="1" step="1"/><E22/><REACH who="1" ten="250,240,250,250" step="2"/><V3/><F20/><W45/><G32/><T89/><D124/><U10/><E10/><V2/><F2/><W117/><G117/><T133/><D133/><U104/><AGARI ba="0,1" hai="25,26,39,42,44,47,50,55,60,61,63,98,101,104" machi="104" ten="30,2000,0" yaku="1,1,0,1,53,0" doraHai="111" doraHaiUra="84" who="1" fromWho="1" sc="250,-10,240,30,250,-5,250,-5" /><INIT seed="1,0,0,1,2,59" ten="240,270,245,245" oya="1" hai0="7,54,82,68,121,75,78,61,125,81,86,66,8" hai1="3,30,113,99,74,126,95,10,51,36,132,127,62" hai2="110,25,1,18,23,97,0,15,40,45,119,21,120" hai3="69,12,38,130,27,41,128,92,20,64,14,76,50"/><U63/><E113/><V89/><F119/><W111/><G38/><T118/><D125/><N who="1" m="47627" /><E36/><V71/><F120/><W84/><G111/><T48/><D121/><U115/><E115/><V98/><F110/><W4/><G69/><T106/><D118/><U42/><E74/><V52/><F71/><W60/><G92/><T88/><D106/><U134/><E30/><V24/><F15/><W5/><G14/><T83/><D83/><U44/><E10/><V133/><F133/><N who="1" m="51305" /><E3/><V55/><F0/><W37/><G37/><T109/><D109/><U31/><E31/><V22/><F1/><W16/><G12/><T131/><D8/><U9/><E9/><V28/><F22/><W49/><G5/><T2/><D7/><U80/><E80/><V57/><F89/><AGARI ba="0,0" hai="42,44,51,62,63,89,95,99" m="51305,47627" machi="89" ten="30,11600,0" yaku="18,1,20,1,52,2" doraHai="59" who="1" fromWho="2" sc="240,0,270,116,245,-116,245,0" /><INIT seed="1,1,0,4,5,106" ten="240,386,129,245" oya="1" hai0="42,21,65,53,128,55,82,7,8,110,102,34,83" hai1="33,60,70,62,17,9,0,52,107,85,98,116,32" hai2="49,59,120,101,47,29,51,76,92,93,78,25,122" hai3="129,81,133,12,114,35,100,96,127,134,95,126,71"/><U20/><E116/><V31/><F59/><W27/><G71/><T1/><D34/><U28/><E28/><V125/><F125/><N who="3" m="47627" /><G12/><T88/><D110/><U3/><E70/><V15/><F15/><W46/><G46/><T75/><D128/><U73/><E73/><V87/><F87/><W108/><G114/><T79/><D102/><U58/><E62/><V4/><F4/><W94/><G108/><T117/><D117/><U115/><E115/><V37/><F37/><W24/><G35/><T48/><D65/><U54/><E54/><V11/><F11/><W5/><G5/><T121/><D121/><U67/><E67/><V131/><F131/><W68/><G68/><T91/><D21/><U80/><E9/><V43/><F47/><W19/><G19/><T90/><D42/><U23/><E23/><V39/><F39/><W77/><G94/><T57/><REACH who="0" step="1"/><D53/><REACH who="0" ten="230,386,129,245" step="2"/><U135/><E32/><V13/><F43/><W111/><G111/><T38/><D38/><U113/><E33/><V41/><F41/><W130/><G130/><T36/><D36/><U109/><E109/><V26/><F120/><W64/><G64/><T123/><D123/><U10/><E113/><V89/><F122/><W72/><G129/><T63/><D63/><U112/><E112/><V45/><F101/><W18/><G18/><T66/><D66/><U2/><E20/><V50/><F29/><W86/><G100/><T124/><D124/><U103/><E17/><V69/><F31/><W118/><G118/><T14/><D14/><U16/><E16/><V99/><F13/><W97/><G27/><RYUUKYOKU ba="1,1" sc="230,30,386,-10,129,-10,245,-10" hai0="1,7,8,48,55,57,75,79,82,83,88,90,91" /><INIT seed="2,2,1,1,5,24" ten="260,376,119,235" oya="2" hai0="40,89,19,92,132,68,114,39,65,66,75,57,101" hai1="14,135,94,5,81,121,100,93,91,117,111,119,10" hai2="3,34,60,86,49,26,8,59,126,51,58,37,62" hai3="50,72,109,52,32,118,38,90,7,35,103,41,16"/><V1/><F37/><W115/><G72/><T29/><D114/><U78/><E111/><V36/><F36/><W64/><G118/><T67/><D132/><U25/><E135/><V123/><F123/><W120/><G103/><T83/><D68/><U17/><E121/><V84/><F126/><W122/><G109/><T129/><D129/><U95/><E100/><V45/><F8/><W53/><G7/><T112/><D112/><U28/><E5/><V43/><F51/><W0/><G0/><T48/><D19/><U15/><E15/><V70/><F70/><W22/><G115/><T71/><D71/><U4/><E4/><V110/><F110/><W107/><G107/><T31/><D101/><U87/><REACH who="1" step="1"/><E91/><REACH who="1" ten="260,366,119,235" step="2"/><V133/><F133/><W76/><G90/><T77/><D39/><U88/><E88/><V124/><F124/><W30/><G38/><T79/><D79/><U11/><E11/><V98/><F1/><W63/><G76/><T61/><D89/><U18/><E18/><V13/><F13/><W82/><G16/><T130/><D130/><U9/><E9/><V56/><F3/><W125/><G125/><T131/><D131/><U97/><E97/><V47/><F98/><W127/><G127/><T116/><D116/><U12/><E12/><V33/><F26/><W54/><G120/><T80/><D77/><U108/><E108/><V74/><F60/><W106/><G63/><T27/><D61/><U23/><AGARI ba="2,2" hai="10,14,17,23,25,28,78,81,87,93,94,95,117,119" machi="23" ten="30,4000,0" yaku="1,1,0,1,52,1,53,0" doraHai="24" doraHaiUra="44" who="1" fromWho="1" sc="260,-12,366,66,119,-22,235,-12" /><INIT seed="3,0,0,0,1,101" ten="248,432,97,223" oya="3" hai0="50,121,90,5,55,133,126,44,54,31,91,41,104" hai1="68,134,120,98,20,129,109,116,95,61,106,22,130" hai2="18,26,111,19,99,132,67,125,81,35,82,108,13" hai3="83,88,117,78,74,100,34,86,113,7,115,123,66"/><W118/><G34/><T39/><D121/><U128/><E120/><V102/><F132/><W79/><G123/><T84/><D133/><U43/><E134/><V124/><F67/><W6/><G66/><T30/><D126/><N who="2" m="48746" /><F35/><W94/><G7/><T45/><D104/><U69/><E106/><N who="2" m="63839" /><F26/><W122/><G6/><T23/><D5/><U58/><E109/><N who="2" m="42059" /><F19/><W12/><G12/><T105/><D105/><U92/><E43/><V103/><F103/><W119/><G122/><T110/><D110/><U11/><E11/><AGARI ba="0,0" hai="11,13,18,81,82" m="42059,63839,48746" machi="11" ten="30,3900,0" yaku="18,1,14,1,52,1" doraHai="101" who="2" fromWho="1" sc="248,0,432,-39,97,39,223,0" /><INIT seed="4,0,0,5,3,59" ten="248,393,136,223" oya="0" hai0="105,125,7,108,78,68,29,39,103,57,5,35,101" hai1="97,65,115,116,112,124,121,75,48,120,130,104,132" hai2="63,31,43,62,45,131,23,37,71,20,88,72,36" hai3="4,50,61,25,26,102,91,93,21,19,95,12,3"/><T40/><D125/><U41/><E75/><V133/><F37/><W107/><G107/><T110/><D68/><U28/><E28/><V89/><F72/><W76/><G76/><T27/><D78/><U134/><E116/><V82/><F131/><W87/><G3/><T106/><D57/><U67/><E130/><V56/><F133/><N who="1" m="51305" /><E97/><V92/><F71/><W126/><G4/><N who="0" m="1611" /><D39/><U86/><E86/><V84/><F31/><W10/><G126/><T69/><D40/><U83/><E83/><V100/><F100/><N who="0" m="38474" /><D69/><U52/><E41/><V114/><F114/><N who="1" m="43561" /><E104/><V73/><F73/><W18/><G102/><T85/><D85/><U16/><E16/><V64/><REACH who="2" step="1"/><F62/><REACH who="2" ten="248,393,126,223" step="2"/><W98/><G61/><T6/><D29/><U74/><E74/><V33/><F33/><W32/><G32/><T47/><D35/><U1/><E124/><V135/><F135/><W22/><G50/><T11/><D108/><U60/><E60/><V53/><F53/><W49/><G49/><T0/><D110/><U80/><E1/><V44/><F44/><W90/><G26/><T79/><D27/><U58/><E80/><V111/><F111/><W55/><G55/><T123/><D0/><U8/><E52/><V77/><F77/><W46/><G46/><T129/><D47/><U15/><E48/><V42/><F42/><W117/><G117/><T113/><D79/><U128/><E128/><V127/><F127/><W94/><G94/><T81/><D129/><U13/><E58/><V96/><AGARI ba="0,1" hai="20,23,36,43,45,56,63,64,82,84,88,89,92,96" machi="96" ten="20,8000,1" yaku="1,1,0,1,7,1,52,1,54,1,53,0" doraHai="59" doraHaiUra="119" who="2" fromWho="2" sc="248,-40,393,-20,126,90,223,-20" /><INIT seed="5,0,0,4,5,127" ten="208,373,216,203" oya="1" hai0="109,77,106,23,6,111,119,85,25,44,54,46,122" hai1="84,42,121,72,12,40,50,88,89,117,9,93,38" hai2="19,99,113,18,55,28,104,81,98,48,66,4,116" hai3="71,90,67,14,74,15,60,39,52,59,118,129,97"/><U62/><E117/><V43/><F116/><W102/><G74/><T73/><D119/><U26/><E38/><V114/><F43/><W75/><G118/><T32/><D106/><U20/><E72/><V112/><F66/><W30/><G75/><T33/><D73/><U115/><E115/><V131/><F131/><W94/><G39/><T91/><D77/><U51/><E121/><V103/><F81/><W132/><G132/><T87/><D122/><U100/><E100/><V126/><F126/><W80/><G30/><T63/><D6/><U37/><E37/><V124/><F124/><W45/><G129/><T41/><D23/><U107/><E107/><V83/><F83/><W10/><G71/><T0/><D0/><U68/><E62/><V29/><F99/><W64/><G45/><T78/><D25/><U7/><E89/><V123/><F4/><W125/><G125/><T13/><D13/><N who="3" m="4617" /><G10/><T110/><D41/><N who="1" m="15979" /><E68/><V130/><F130/><W92/><G80/><T49/><D44/><U86/><E86/><AGARI ba="0,0" hai="52,59,60,64,67,86,90,92,94,97,102" m="4617" machi="86" ten="30,2000,0" yaku="8,1,54,1" doraHai="127" who="3" fromWho="1" sc="208,0,373,-20,216,0,203,20" /><INIT seed="6,0,0,4,4,117" ten="208,353,216,223" oya="2" hai0="102,54,11,132,83,135,70,27,25,42,33,65,79" hai1="7,103,44,96,129,37,75,69,16,93,108,57,9" hai2="53,105,121,31,120,46,21,71,127,78,86,91,12" hai3="128,17,6,89,94,23,85,63,24,81,122,104,51"/><V112/><F71/><W118/><G128/><T116/><D116/><U43/><E69/><V72/><F105/><W3/><G118/><T49/><D42/><U133/><E129/><V126/><F112/><W5/><G104/><T61/><D102/><U56/><E133/><N who="0" m="51273" /><D11/><U28/><E108/><V131/><F131/><W26/><G3/><T109/><D33/><U100/><E75/><V115/><F115/><W36/><G36/><T67/><D67/><U1/><E28/><V0/><F0/><W47/><G122/><N who="2" m="47209" /><F78/><W74/><G63/><T41/><D41/><U106/><E103/><V58/><F72/><W125/><G125/><N who="2" m="47625" /><F46/><W39/><G74/><N who="0" m="43511" /><D109/><U59/><E106/><V68/><F68/><W113/><G113/><T15/><D15/><U80/><E1/><V29/><F12/><W38/><G24/><T119/><D119/><U87/><E44/><AGARI ba="0,0" hai="25,27,44,49,54,61,65,70" m="43511,51273" machi="44" ten="30,1000,0" yaku="20,1" doraHai="117" who="0" fromWho="1" sc="208,10,353,-10,216,0,223,0" /><INIT seed="7,0,0,3,5,83" ten="218,343,216,223" oya="3" hai0="37,8,111,14,128,90,57,118,31,126,18,104,63" hai1="121,29,13,80,45,116,72,55,122,25,33,17,93" hai2="123,74,66,38,99,84,76,65,97,23,134,21,108" hai3="78,6,48,0,67,15,46,16,61,20,59,68,26"/><W130/><G130/><T11/><D111/><U94/><E116/><V109/><F74/><W73/><G0/><T86/><D118/><U82/><E82/><N who="2" m="47175" /><F38/><W52/><G78/><T120/><D120/><U58/><E45/><V60/><F109/><W50/><G73/><T44/><D104/><U43/><E43/><V88/><F108/><W62/><G6/><T102/><D102/><U70/><E70/><V2/><F2/><W5/><G5/><T30/><D128/><U41/><E41/><V89/><F123/><W81/><G81/><N who="0" m="49487" /><D37/><U24/><E80/><V113/><F113/><W87/><G87/><T34/><D34/><U51/><E72/><V95/><F134/><W42/><REACH who="3" step="1"/><G26/><REACH who="3" ten="218,343,216,213" step="2"/><T28/><D126/><U1/><E1/><V49/><F49/><AGARI ba="0,1" hai="15,16,20,42,46,48,49,50,52,59,61,62,67,68" machi="49" ten="30,12000,1" yaku="1,1,2,1,7,1,54,2,53,0" doraHai="83" doraHaiUra="110" who="3" fromWho="2" sc="218,0,343,0,216,-120,213,130" /><INIT seed="7,1,0,3,0,120" ten="218,343,96,343" oya="3" hai0="88,108,20,129,58,74,102,3,128,60,23,99,119" hai1="44,65,83,68,121,46,66,16,94,117,2,29,1" hai2="85,132,45,30,98,17,10,51,112,109,33,6,106" hai3="40,133,48,103,77,115,97,71,101,59,82,5,38"/><W118/><G118/><T53/><D119/><U0/><E117/><V43/><F112/><W25/><G71/><T63/><D74/><U21/><E121/><V134/><F85/><W110/><G38/><T116/><D116/><U100/><E29/><V104/><F17/><W70/><G70/><T57/><D3/><U80/><E94/><V69/><F69/><W86/><G115/><T37/><D37/><U18/><E68/><V72/><F72/><W54/><G110/><T124/><D88/><U24/><E100/><N who="3" m="38474" /><G133/><T55/><D102/><U52/><E52/><V130/><F130/><W19/><G5/><T12/><D12/><U67/><REACH who="1" step="1"/><E18/><REACH who="1" ten="218,333,96,343" step="2"/><V49/><F30/><W62/><G97/><T111/><D124/><U73/><E73/><V126/><F126/><W42/><G62/><T95/><D95/><U35/><E35/><V127/><F33/><W39/><G39/><T14/><D14/><U27/><E27/><V75/><F75/><W79/><G79/><T93/><D93/><U107/><E107/><V135/><F127/><W131/><G131/><T34/><D34/><U47/><AGARI ba="1,1" hai="0,1,2,16,21,24,44,46,47,65,66,67,80,83" machi="47" ten="40,8000,1" yaku="1,1,0,1,29,2,54,1,53,0" doraHai="120" doraHaiUra="7" who="1" fromWho="1" sc="218,-21,333,93,96,-21,343,-41" owari="197,-20.3,426,52.6,75,-42.5,302,10.2" /></mjloggm>