<mjloggm ver="2.3"><GO type="169" lobby="0"/><UN n0="%6B%61%77%61%69%31%32" n1="%E6%97%A5%E9%99%B0%E3%81%95%E3%82%93" n2="%63%61%72%6C%6F%73%6E" n3="%E3%82%89%E3%81%84%E3%81%82%E3%82%93%E3%81%98%E3%82%83%E3%82%93" dan="16,17,17,17" rate="2090.02,2194.97,2210.39,2206.35" sx="M,F,M,M"/><TAIKYOKU oya="0"/><INIT seed="0,0,0,3,0,46" ten="250,250,250,250" oya="0" hai0="100,44,38,29,58,55,37,82,111,114,33,99,42" hai1="5,68,97,50,52,17,67,94,16,123,43,95,130" hai2="31,25,74,120,71,126,23,63,122,21,36,85,89" hai3="77,15,0,20,98,109,2,51,84,86,73,41,62"/><T8/><D114/><U127/><E123/><V113/><F113/><W91/><G109/><T108/><D38/><U135/><E130/><V101/><F74/><W134/><G134/><T7/><D82/><U110/><E110/><N who="0" m="42025" /><D29/><U132/><E127/><V11/><F36/><W133/><G84/><T105/><D33/><U69/><E43/><V104/><F126/><W14/><G86/><T24/><D24/><U57/><E5/><V81/><F11/><W76/><G77/><T30/><D30/><U45/><E95/><V1/><F1/><W12/><G76/><T34/><D34/><U32/><E32/><N who="2" m="20591" /><F122/><W13/><G20/><T49/><D8/><U90/><E68/><V124/><F120/><W3/><G73/><T119/><D7/><U106/><E106/><V83/><F83/><W112/><G133/><N who="1" m="51274" /><E69/><V128/><F128/><W61/><G112/><T118/><AGARI ba="0,0" hai="37,42,44,49,55,58,99,100,105,118,119" m="42025" machi="118" ten="30,6000,0" yaku="14,1,10,1,52,1" doraHai="46" who="0" fromWho="0" sc="250,60,250,-20,250,-20,250,-20" /><INIT seed="0,1,0,2,0,91" ten="310,230,230,230" oya="0" hai0="104,118,129,28,60,32,26,128,12,78,110,117,25" hai1="62,4,94,70,2,123,96,125,41,22,34,13,72" hai2="124,36,95,130,88,6,18,101,74,50,84,54,113" hai3="115,59,132,77,135,106,49,19,20,15,111,14,39"/><T1/><D1/><U33/><E123/><V67/><F113/><W48/><G39/><T85/><D104/><U35/><E72/><V11/><F36/><W3/><G3/><T114/><D114/><U17/><E125/><V68/><F74/><W0/><G0/><T55/><D25/><U42/><E2/><V105/><F124/><W29/><G115/><T99/><D99/><U21/><E4/><V97/><F130/><N who="0" m="50282" /><D12/><U5/><E5/><V30/><F30/><W53/><G29/><T64/><D55/><U38/><E38/><V90/><F6/><W69/><G106/><T127/><D127/><U79/><E22/><V100/><F67/><W82/><G69/><N who="0" m="42119" /><D110/><U73/><E70/><V102/><F68/><W47/><G111/><T121/><D121/><U92/><E62/><V120/><F120/><W87/><REACH who="3" step="1"/><G14/><REACH who="3" ten="310,230,230,220" step="2"/><T134/><D134/><U112/><E112/><V46/><F105/><W76/><G76/><T10/><D78/><U75/><E79/><V122/><F122/><W58/><G58/><T51/><D117/><U116/><E116/><V108/><F108/><W9/><G9/><T109/><D118/><U61/><E13/><N who="2" m="7487" /><F102/><W7/><G7/><T43/><D109/><U119/><E119/><V63/><F63/><W16/><G16/><T8/><D8/><U31/><E61/><V83/><AGARI ba="1,1" hai="46,50,54,83,84,88,90,95,97,100,101" m="7487" machi="83" ten="30,7900,0" yaku="25,1,8,1,52,1,54,1" doraHai="91" who="2" fromWho="2" sc="310,-40,230,-21,230,92,220,-21" /><INIT seed="1,0,0,3,1,126" ten="270,209,322,199" oya="1" hai0="99,68,61,20,132,88,97,12,123,131,82,83,54" hai1="30,85,24,80,60,31,106,102,47,41,10,50,6" hai2="119,73,133,26,93,122,86,0,100,55,22,17,120" hai3="63,9,32,81,11,2,78,72,44,69,1,23,28"/><U8/><E106/><V52/><F119/><W84/><G9/><T7/><D132/><U18/><E102/><V101/><F73/><W124/><G124/><T58/><D68/><U75/><E75/><V48/><F0/><W46/><G23/><T129/><D123/><U104/><E104/><V70/><F70/><W87/><G28/><T134/><D134/><U33/><E30/><V53/><F133/><W35/><G63/><T29/><D7/><U16/><E60/><V135/><F135/><W77/><G69/><T118/><D118/><U14/><REACH who="1" step="1"/><E10/><REACH who="1" ten="270,199,322,199" step="2"/><V92/><F122/><W4/><G72/><T59/><D29/><U19/><E19/><V113/><F120/><W42/><G11/><T127/><D127/><U90/><AGARI ba="0,1" hai="6,8,14,16,18,24,31,33,41,47,50,80,85,90" machi="90" ten="20,7800,0" yaku="1,1,0,1,7,1,54,1,53,0" doraHai="126" doraHaiUra="62" who="1" fromWho="1" sc="270,-26,199,88,322,-26,199,-26" /><INIT seed="1,1,0,5,3,61" ten="244,287,296,173" oya="1" hai0="103,93,50,81,4,38,6,121,5,135,96,82,3" hai1="100,88,15,56,43,104,37,78,86,97,79,14,26" hai2="22,20,17,45,115,36,117,89,32,29,13,42,76" hai3="112,130,68,69,131,0,87,53,52,58,116,24,31"/><U59/><E37/><V110/><F117/><W9/><G112/><T74/><D38/><U57/><E43/><V25/><F115/><W34/><G116/><T75/><D3/><U73/><E26/><V127/><F127/><W71/><G87/><T113/><D113/><U23/><E23/><V41/><F110/><W108/><G108/><T126/><D126/><U66/><E66/><V132/><F132/><W125/><G125/><T48/><D135/><U105/><E105/><V27/><F42/><W62/><REACH who="3" step="1"/><G53/><REACH who="3" ten="244,287,296,163" step="2"/><T77/><D121/><U51/><E73/><V109/><F109/><W28/><G28/><T107/><D107/><U63/><E86/><V111/><F111/><W72/><G72/><T114/><D114/><U123/><E104/><V55/><F55/><W39/><G39/><T40/><D40/><U102/><E123/><V30/><F41/><W70/><N who="3" m="17408" /><DORA hai="101" /><W128/><G128/><T8/><D75/><U65/><E79/><V91/><F76/><W106/><G106/><T94/><D74/><U49/><E78/><V44/><F36/><W2/><G2/><T64/><D77/><U10/><E97/><V11/><F30/><W98/><G98/><T21/><D96/><U120/><E120/><V129/><F129/><W122/><G122/><T83/><D103/><U92/><E100/><V12/><F29/><W60/><G60/><T119/><D119/><U46/><E102/><V1/><F1/><W85/><G85/><T33/><D50/><U99/><E51/><V54/><F54/><W124/><G124/><T133/><D48/><U35/><E49/><RYUUKYOKU ba="1,1" sc="244,-10,287,-10,296,-10,163,30" hai3="0,9,24,31,34,52,58,62,130,131" /><INIT seed="2,2,1,5,1,78" ten="234,277,286,193" oya="2" hai0="132,24,129,92,63,82,31,75,115,98,97,25,48" hai1="102,113,14,33,6,34,95,71,80,72,121,112,135" hai2="49,20,84,100,131,86,32,64,53,106,126,77,70" hai3="96,8,9,67,3,38,30,1,60,13,21,65,0"/><V16/><F32/><W111/><G38/><T91/><D115/><U79/><E71/><V62/><F131/><W124/><G111/><T68/><D129/><U4/><E135/><V109/><F126/><W54/><G124/><T128/><D128/><U18/><E121/><V5/><F109/><W57/><G96/><T15/><D132/><U44/><E33/><V93/><F106/><W133/><G133/><T99/><D68/><U58/><E34/><V27/><F5/><W73/><G73/><T122/><D122/><U23/><E44/><V61/><F61/><W56/><G67/><T130/><D130/><U74/><E74/><V17/><F77/><W123/><G123/><T88/><D75/><U47/><E47/><V41/><F41/><W28/><G21/><N who="0" m="15759" /><D25/><U119/><E119/><V40/><F40/><W11/><REACH who="3" step="1"/><G13/><REACH who="3" ten="234,277,286,183" step="2"/><T10/><D63/><AGARI ba="2,2" hai="0,1,3,8,9,11,28,30,54,56,57,60,63,65" machi="63" ten="50,8000,1" yaku="1,1,2,1,53,2" doraHai="78" doraHaiUra="55" who="3" fromWho="0" sc="234,-86,277,0,286,0,183,106" /><INIT seed="3,0,0,2,1,82" ten="148,277,286,289" oya="3" hai0="1,135,36,0,61,12,95,93,23,26,86,33,114" hai1="42,106,47,127,77,66,89,96,107,10,97,5,46" hai2="38,18,34,22,56,63,109,102,68,35,69,17,74" hai3="113,105,85,80,37,132,44,70,88,104,91,13,81"/><W101/><G70/><T111/><D33/><U9/><E77/><V15/><F74/><W116/><G113/><T128/><D36/><U122/><E127/><V126/><F38/><W118/><G13/><T24/><D114/><U75/><E75/><V40/><F40/><W27/><G27/><T87/><D111/><U39/><E66/><V121/><F109/><W100/><G44/><T25/><D128/><U115/><E115/><V52/><F126/><W58/><G58/><T21/><D61/><U84/><E122/><V14/><F121/><W119/><G37/><T51/><D12/><U43/><E97/><V50/><F102/><N who="3" m="39531" /><G132/><T133/><REACH who="0" step="1"/><D25/><REACH who="0" ten="138,277,286,289" step="2"/><U90/><E39/><V16/><F63/><W4/><G4/><T83/><D83/><U45/><E5/><V72/><F15/><W131/><G131/><T55/><D55/><U7/><E7/><V65/><F14/><W30/><G30/><T20/><D20/><U67/><E43/><V54/><F22/><W108/><G108/><T99/><D99/><U94/><E42/><V29/><F54/><W8/><G8/><T130/><D130/><U120/><E120/><V76/><F35/><W53/><G53/><T60/><D60/><U57/><E9/><V110/><F110/><W71/><G71/><T32/><D32/><U129/><E129/><V117/><F68/><W112/><G112/><T79/><D79/><U19/><E10/><V59/><F69/><W2/><G2/><T134/><D134/><U64/><E64/><V103/><F65/><W78/><G80/><T48/><AGARI ba="0,1" hai="0,1,21,23,24,26,48,51,86,87,93,95,133,135" machi="48" ten="25,12000,2" yaku="1,1,0,1,22,2,52,2,53,0" doraHai="82" doraHaiUra="11" who="0" fromWho="0" sc="138,130,277,-30,286,-30,289,-60" /><INIT seed="4,0,0,2,3,27" ten="268,247,256,229" oya="0" hai0="20,47,61,51,125,77,58,34,52,0,53,40,42" hai1="108,39,102,112,94,66,129,14,105,111,46,115,81" hai2="128,4,118,73,132,68,98,70,36,103,60,41,1" hai3="56,59,109,44,133,29,97,88,110,92,35,124,19"/><T90/><D125/><U96/><E66/><V119/><F128/><W25/><G124/><T79/><D34/><U104/><E14/><V49/><F49/><W116/><G116/><N who="2" m="44585" /><F73/><W69/><G69/><T26/><D0/><U54/><E129/><V30/><F132/><W9/><G133/><T95/><D79/><U82/><E54/><V120/><F120/><W121/><G44/><T2/><D77/><U33/><E33/><V99/><F99/><W10/><G121/><T50/><D2/><U114/><E46/><N who="2" m="23847" /><F60/><W134/><G134/><T64/><D51/><U74/><E39/><V76/><F76/><W84/><G97/><N who="0" m="57591" /><D64/><U63/><E63/><V16/><F30/><AGARI ba="0,0" hai="20,26,30,40,42,47,50,52,53,58,61" m="57591" machi="30" ten="30,5800,0" yaku="8,1,52,1,54,1" doraHai="27" who="0" fromWho="2" sc="268,58,247,0,256,-58,229,0" /><INIT seed="4,1,0,2,3,76" ten="326,247,198,229" oya="0" hai0="135,3,84,38,101,122,120,126,48,54,96,29,37" hai1="133,68,97,22,87,24,58,2,111,113,88,79,95" hai2="36,57,85,1,50,42,0,16,93,130,128,44,107" hai3="60,34,41,110,30,13,89,6,99,102,75,105,109"/><T98/><D3/><U33/><E111/><V43/><F107/><W106/><G106/><T117/><D117/><U27/><E68/><V63/><F43/><W14/><G41/><T70/><D70/><U20/><E2/><V86/><F36/><W25/><G75/><T65/><D65/><U39/><E39/><V59/><F59/><W134/><G134/><T71/><D71/><U10/><E133/><V94/><F0/><W15/><G6/><T112/><D135/><U67/><E10/><V125/><F1/><W32/><G32/><T45/><D126/><U78/><E113/><V90/><F125/><W21/><G21/><N who="1" m="8298" /><E33/><V52/><REACH who="2" step="1"/><F16/><REACH who="2" ten="326,247,188,229" step="2"/><W82/><G60/><T114/><D37/><U19/><E19/><V46/><F46/><W119/><G119/><T74/><D38/><U77/><E58/><V18/><F18/><W132/><G132/><T104/><D29/><U80/><E67/><V103/><F103/><AGARI ba="1,1" hai="24,27,77,78,79,80,87,88,95,97,103" m="8298" machi="103" ten="30,3900,0" yaku="8,1,52,1,54,1" doraHai="76" who="1" fromWho="2" sc="326,0,247,52,188,-42,229,0" /><INIT seed="5,0,0,5,0,91" ten="326,299,146,229" oya="1" hai0="30,65,107,26,20,27,68,39,59,54,74,22,88" hai1="19,62,117,49,96,76,89,55,73,5,3,109,58" hai2="35,71,111,69,36,23,17,24,64,110,135,108,18" hai3="28,121,95,130,113,40,50,118,80,41,16,37,92"/><U56/><E117/><V52/><F36/><W112/><G121/><T102/><D39/><U78/><E109/><V70/><F135/><W99/><G37/><T66/><D74/><U8/><E73/><V87/><F35/><W82/><G28/><T115/><D68/><U128/><E128/><V6/><F64/><W46/><G130/><T81/><D102/><U21/><E89/><V103/><F6/><W101/><G118/><T134/><D107/><U129/><E96/><V25/><F103/><W10/><G40/><T1/><D1/><U94/><E94/><N who="3" m="35882" /><G99/><T127/><D127/><U11/><E11/><V114/><F114/><N who="3" m="44139" /><G101/><T4/><D115/><U79/><E129/><V105/><F105/><W133/><G133/><T33/><D134/><U43/><E43/><V13/><F87/><W53/><G53/><T14/><D54/><U9/><E55/><V75/><F75/><W67/><G67/><T2/><D65/><U124/><E124/><V15/><REACH who="2" step="1"/><F52/><REACH who="2" ten="326,299,136,229" step="2"/><W83/><G83/><T116/><D81/><U126/><E126/><V38/><F38/><W132/><G132/><T51/><D66/><U48/><E49/><V131/><F131/><W7/><G7/><T106/><D51/><U72/><E48/><V125/><F125/><W61/><G61/><T100/><D106/><U90/><E62/><V0/><F0/><W97/><G97/><T86/><D100/><U104/><E3/><V77/><F77/><W123/><G123/><T42/><D2/><U119/><E78/><V45/><F45/><W60/><G60/><T122/><D122/><U34/><E79/><RYUUKYOKU ba="0,1" sc="326,-15,299,-15,136,15,229,15" hai2="13,15,17,18,23,24,25,69,70,71,108,110,111" hai3="10,16,41,46,50,80,82" /><INIT seed="6,1,1,3,3,16" ten="311,284,151,244" oya="2" hai0="65,64,12,101,39,118,88,95,19,35,81,53,54" hai1="124,111,82,112,105,0,43,32,89,117,67,37,97" hai2="52,123,132,127,60,98,29,104,119,87,45,34,116" hai3="8,114,7,15,130,23,85,83,113,76,68,100,28"/><V41/><F123/><W10/><G68/><T115/><D35/><U18/><E111/><V99/><F127/><W129/><G100/><T48/><D39/><U47/><E117/><V126/><F126/><W27/><REACH who="3" step="1"/><G8/><REACH who="3" ten="311,284,151,234" step="2"/><T92/><D118/><U70/><E70/><V13/><F119/><W75/><G75/><T78/><D115/><AGARI ba="1,2" hai="7,10,15,23,27,28,76,83,85,113,114,115,129,130" machi="115" ten="40,8000,1" yaku="1,1,15,1,11,1,52,1,53,0" doraHai="16" doraHaiUra="51" who="3" fromWho="0" sc="311,-83,284,0,151,0,234,103" /><INIT seed="7,0,0,3,2,44" ten="228,284,151,337" oya="3" hai0="99,8,82,34,21,35,114,19,103,72,80,93,0" hai1="32,96,84,40,54,116,91,132,67,9,24,29,128" hai2="6,25,16,20,101,14,13,4,10,23,42,73,28" hai3="125,50,64,55,86,7,30,121,70,15,31,110,104"/><W66/><G104/><T11/><D114/><U109/><E109/><V68/><F73/><W135/><G121/><T39/><D39/><U105/><E128/><V118/><F68/><W60/><G110/><T117/><D117/><U22/><E132/><V106/><F118/><W3/><G3/><T120/><D120/><U88/><E40/><V5/><F106/><W53/><G53/><T131/><D131/><U134/><E134/><V36/><F36/><W27/><G27/><T124/><D124/><U77/><E67/><N who="3" m="25642" /><G60/><T83/><D72/><U108/><E108/><V41/><F101/><W56/><G70/><T51/><D0/><U59/><E9/><V37/><REACH who="2" step="1"/><F37/><REACH who="2" ten="228,284,141,337" step="2"/><W113/><G135/><T115/><D115/><U119/><E105/><V45/><F45/><W107/><G107/><T38/><D38/><U48/><E116/><V76/><F76/><W1/><G1/><T69/><D69/><U2/><E2/><V87/><F87/><W111/><G111/><T97/><D103/><U49/><E119/><V100/><F100/><W18/><G113/><T133/><D133/><U89/><E77/><V65/><F65/><W85/><G86/><T90/><D90/><U123/><E84/><V92/><F92/><W61/><G85/><T46/><D93/><U57/><E91/><V94/><F94/><W33/><G56/><T71/><D71/><U130/><E89/><V79/><F79/><W43/><G125/><T78/><D78/><U112/><E112/><V63/><F63/><W127/><G61/><T81/><N who="0" m="20480" /><DORA hai="12" /><T129/><D46/><U95/><E88/><RYUUKYOKU ba="0,1" sc="228,-10,284,-10,141,30,337,-10" hai2="4,5,6,10,13,14,16,20,23,25,28,41,42" owari="218,-18.2,274,7.4,171,-32.9,337,43.7" /></mjloggm>