<mjloggm ver="2.3"><GO type="169" lobby="0"/><UN n0="%64%65%62" n1="%E3%81%9F%E3%81%8F%E3%81%9E%E3%81%85" n2="%E5%A4%A9%E6%89%8D%E9%BA%BB%E5%B0%86%E6%99%BA%E4%B9%83" n3="%E7%BC%B6%E3%82%B3%E3%83%92" dan="16,16,16,16" rate="2068.58,2123.97,2146.52,2036.79" sx="M,M,M,M"/><TAIKYOKU oya="0"/><INIT seed="0,0,0,0,1,96" ten="250,250,250,250" oya="0" hai0="5,12,127,87,77,76,95,123,115,17,81,124,49" hai1="60,108,111,8,9,68,118,117,63,64,37,88,29" hai2="59,47,72,27,46,39,18,43,36,90,6,80,45" hai3="114,42,99,53,0,26,52,21,92,69,106,116,73"/><T130/><D115/><U104/><E37/><V103/><F6/><W61/><G0/><T120/><D5/><U86/><E29/><V97/><F59/><W25/><G114/><T24/><D24/><U7/><E104/><V15/><F27/><W51/><G73/><T41/><D77/><U1/><E9/><V128/><F128/><W107/><G25/><T65/><D65/><U91/><E63/><V126/><F126/><N who="0" m="48170" /><D130/><U74/><E74/><V3/><F3/><W113/><G113/><T119/><D95/><U38/><E38/><V84/><F72/><W71/><G116/><T70/><D70/><U135/><E91/><V133/><F39/><W11/><G69/><T32/><D32/><U58/><E68/><V34/><F34/><W129/><G129/><T125/><D119/><U94/><E135/><V89/><F89/><W105/><G11/><N who="0" m="6303" /><D125/><U22/><REACH who="1" step="1"/><E22/><REACH who="1" ten="250,240,250,250" step="2"/><V132/><F133/><W33/><G33/><T93/><D93/><U78/><E78/><V28/><F132/><W31/><G71/><T83/><D83/><U13/><E13/><V134/><F134/><W50/><G105/><T2/><D2/><U23/><E23/><V40/><F28/><W44/><G106/><T48/><D48/><U54/><E54/><N who="3" m="21098" /><G107/><T98/><D49/><U79/><E79/><V14/><F14/><W121/><G51/><T82/><D82/><U56/><E56/><V35/><F36/><W100/><G61/><T30/><D30/><U19/><E19/><V62/><F35/><W85/><G121/><T57/><D120/><U20/><E20/><N who="2" m="11359" /><F62/><W16/><G31/><RYUUKYOKU ba="0,1" sc="250,-30,240,10,250,10,250,10" hai1="1,7,8,58,60,64,86,88,94,108,111,117,118" hai2="40,43,45,46,47,80,84,90,97,103" hai3="16,21,26,42,44,50,85,92,99,100" /><INIT seed="1,1,1,4,0,76" ten="220,250,260,260" oya="1" hai0="33,25,42,117,99,134,69,4,116,35,75,7,13" hai1="104,87,55,86,28,111,93,89,94,16,48,71,100" hai2="98,44,133,9,27,113,66,40,82,128,61,56,125" hai3="36,105,135,30,84,64,85,41,97,5,103,39,22"/><U91/><E71/><V46/><F128/><W37/><G135/><T68/><D75/><U31/><E111/><V81/><F133/><W1/><G41/><T10/><D134/><U122/><E122/><V34/><F125/><W49/><G49/><T38/><D99/><U92/><E104/><V107/><F113/><W52/><G64/><T26/><D13/><U15/><E94/><V8/><F34/><W47/><G5/><T20/><D20/><U80/><E100/><V12/><F27/><W102/><G1/><T0/><D42/><U43/><E93/><V32/><F32/><W119/><G119/><T53/><D53/><U6/><E6/><V132/><F132/><W129/><G129/><T63/><D63/><U79/><E79/><V77/><F77/><W21/><G103/><T90/><D38/><U24/><E24/><V70/><F70/><W121/><G121/><T3/><REACH who="0" step="1"/><D90/><REACH who="0" ten="210,250,260,260" step="2"/><U108/><E43/><V2/><F98/><W126/><G39/><T62/><D62/><U112/><E112/><V45/><F40/><W54/><G97/><T115/><D115/><U14/><E14/><V123/><F123/><W118/><G102/><T23/><D23/><N who="1" m="11679" /><E108/><V120/><F120/><W124/><G105/><T109/><D109/><U11/><E11/><AGARI ba="1,2" hai="0,3,4,7,10,11,25,26,33,35,68,69,116,117" machi="11" ten="25,3200,0" yaku="1,1,22,2,53,0" doraHai="76" doraHaiUra="17" who="0" fromWho="1" sc="210,55,250,-35,260,0,260,0" /><INIT seed="2,0,0,2,0,103" ten="265,215,260,260" oya="2" hai0="12,118,39,25,80,3,32,37,78,83,38,135,14" hai1="35,71,106,1,119,108,91,100,88,0,7,56,22" hai2="77,98,63,59,26,65,96,60,33,82,50,18,92" hai3="9,27,72,76,13,127,21,125,42,102,31,115,129"/><V45/><F63/><W15/><G42/><T20/><D135/><U121/><E119/><V55/><F92/><W51/><G51/><T110/><D118/><U99/><E35/><V40/><F40/><W131/><G76/><T120/><D32/><U43/><E71/><V67/><F67/><W28/><G72/><T85/><D3/><U57/><E108/><V107/><F107/><W95/><G95/><T23/><D110/><U47/><E121/><V132/><F132/><W52/><G102/><T113/><D113/><U122/><E122/><V124/><F124/><N who="3" m="47691" /><G52/><T89/><D120/><U128/><E22/><V53/><F53/><W84/><G84/><T123/><D20/><U17/><E17/><V30/><REACH who="2" step="1"/><F18/><REACH who="2" ten="265,215,250,260" step="2"/><N who="3" m="10447" /><G115/><T64/><D64/><U62/><E62/><V48/><F48/><W73/><G73/><AGARI ba="0,1" hai="26,30,33,45,50,55,59,60,65,73,77,82,96,98" machi="73" ten="30,2900,0" yaku="1,1,7,1,53,0" doraHai="103" doraHaiUra="4" who="2" fromWho="3" sc="265,0,215,0,250,39,260,-29" /><INIT seed="2,1,0,5,2,79" ten="265,215,289,231" oya="2" hai0="34,85,112,71,76,59,63,92,99,64,91,10,109" hai1="2,18,95,37,74,46,0,51,41,130,43,19,23" hai2="16,131,106,44,128,7,14,49,122,26,66,33,6" hai3="5,25,11,28,126,115,111,84,55,104,89,118,22"/><V1/><F106/><W80/><G118/><T129/><D34/><U75/><E130/><N who="2" m="49707" /><F66/><W81/><G111/><T29/><D109/><U58/><E75/><V124/><F122/><W90/><G104/><T97/><D112/><U24/><E74/><V132/><F132/><W45/><G115/><T42/><D29/><U102/><E102/><V13/><F1/><W87/><G126/><T40/><D42/><U38/><E95/><V88/><F124/><W8/><G5/><N who="2" m="1545" /><F33/><W4/><G4/><T48/><D10/><U52/><E19/><V127/><F127/><W108/><G108/><T121/><D121/><U70/><E70/><V94/><F26/><W50/><AGARI ba="1,0" hai="8,11,22,25,28,45,50,55,80,81,84,87,89,90" machi="50" ten="30,8000,1" yaku="0,1,9,1,8,1,52,2" doraHai="79" who="3" fromWho="3" sc="265,-21,215,-21,289,-41,231,83" /><INIT seed="3,0,0,2,4,18" ten="244,194,248,314" oya="3" hai0="125,65,114,97,46,119,47,86,117,121,135,4,83" hai1="106,85,59,10,134,66,102,120,30,54,129,51,110" hai2="109,68,40,88,49,6,105,69,127,84,53,16,1" hai3="11,34,128,5,31,21,108,101,19,113,93,103,48"/><W15/><G113/><T126/><D114/><U56/><E120/><V123/><F123/><W96/><G128/><T8/><D121/><U27/><E129/><V41/><F105/><W14/><G108/><T58/><D97/><U82/><E110/><V99/><F99/><W76/><G76/><T55/><D65/><U24/><E134/><V115/><F115/><W29/><G34/><T25/><D25/><U116/><E27/><V33/><F33/><W3/><G3/><T79/><D135/><U12/><E116/><V104/><F104/><W133/><G133/><T26/><D26/><U32/><E106/><V44/><F127/><N who="0" m="48650" /><D119/><U13/><E102/><V89/><F89/><W118/><G118/><T62/><D117/><U38/><E38/><V60/><F109/><W100/><REACH who="3" step="1"/><G48/><REACH who="3" ten="244,194,248,304" step="2"/><T61/><D61/><U90/><E51/><V64/><F1/><AGARI ba="0,1" hai="1,4,8,46,47,55,58,62,79,83,86" m="48650" machi="1" ten="30,1000,0" yaku="18,1" doraHai="18" who="0" fromWho="2" sc="244,20,194,0,248,-10,304,0" /><INIT seed="4,0,0,4,2,8" ten="264,194,238,304" oya="0" hai0="91,81,126,49,55,4,119,13,12,76,40,5,94" hai1="110,59,30,84,3,46,65,7,103,43,1,118,92" hai2="14,48,131,86,87,100,120,129,60,22,113,96,135" hai3="28,52,2,58,97,17,61,83,41,132,71,128,82"/><T72/><D126/><U0/><E110/><V68/><F120/><W130/><G132/><T20/><D119/><U26/><E118/><V77/><F135/><W53/><G41/><T67/><D67/><U93/><E7/><V33/><F33/><W39/><G39/><T63/><D63/><U125/><E125/><V66/><F48/><W70/><G2/><T109/><D40/><U32/><E103/><V134/><F134/><W124/><G124/><T78/><D78/><U44/><E44/><V34/><F34/><W64/><G28/><T89/><D89/><U62/><REACH who="1" step="1"/><E84/><REACH who="1" ten="264,184,238,304" step="2"/><V69/><F87/><W88/><G128/><T104/><D4/><U47/><E47/><V73/><F86/><W114/><G130/><T16/><D109/><U35/><E35/><V127/><F127/><W18/><G114/><T79/><D72/><U116/><E116/><V25/><F113/><W85/><G82/><T102/><D81/><U37/><AGARI ba="0,1" hai="0,1,3,26,30,32,37,43,46,59,62,65,92,93" machi="37" ten="30,4000,0" yaku="1,1,0,1,53,1" doraHai="8" doraHaiUra="42" who="1" fromWho="1" sc="264,-20,184,50,238,-10,304,-10" /><INIT seed="5,0,0,0,2,35" ten="244,234,228,294" oya="1" hai0="126,51,91,6,30,73,1,67,63,50,57,97,14" hai1="85,111,59,132,5,112,7,122,114,60,92,20,119" hai2="120,16,79,106,11,46,62,2,96,99,36,48,10" hai3="115,58,78,66,104,76,45,74,87,70,13,25,108"/><U27/><E119/><V9/><F120/><W53/><G108/><T113/><D113/><N who="1" m="43627" /><E122/><V19/><F36/><W105/><G74/><T71/><D73/><U42/><E42/><V0/><F79/><W125/><G115/><T95/><D126/><U134/><E111/><V28/><F28/><W40/><G25/><T64/><D30/><N who="1" m="17767" /><E92/><V18/><F62/><W61/><G125/><T39/><D39/><U8/><E85/><V109/><F109/><W82/><G76/><T89/><D89/><U93/><E93/><V107/><F99/><W123/><G123/><T52/><D14/><N who="1" m="5391" /><E7/><V131/><F96/><W68/><G68/><T12/><D12/><U75/><E75/><V116/><F116/><W55/><G13/><T81/><D81/><U56/><E56/><V88/><F88/><W83/><G83/><T4/><D4/><U101/><E101/><V29/><F107/><W3/><G58/><T38/><D38/><U118/><E118/><V37/><F106/><W26/><G104/><T90/><D90/><U127/><E127/><V102/><F102/><W54/><G105/><T44/><D71/><U98/><E98/><V23/><F37/><W110/><G110/><T121/><D121/><U33/><E33/><V24/><REACH who="2" step="1"/><F131/><REACH who="2" ten="244,234,218,294" step="2"/><W94/><G78/><T84/><D97/><U124/><E124/><V133/><F133/><W17/><G61/><T117/><D117/><U77/><E77/><V22/><F22/><W100/><G100/><T65/><REACH who="0" step="1"/><D51/><REACH who="0" ten="234,234,218,294" step="2"/><U128/><E128/><V32/><F32/><W69/><G82/><T43/><D43/><AGARI ba="0,2" hai="0,2,9,10,11,16,18,19,23,24,29,43,46,48" machi="43" ten="40,8000,1" yaku="1,1,52,2,54,1,53,0" doraHai="35" doraHaiUra="49" who="2" fromWho="0" sc="234,-80,234,0,218,100,294,0" /><INIT seed="6,0,0,2,5,124" ten="154,234,318,294" oya="2" hai0="2,0,80,105,58,117,23,39,95,112,121,49,73" hai1="109,34,30,28,67,106,7,78,21,68,113,85,51" hai2="52,71,3,25,130,89,84,120,5,64,107,26,22" hai3="128,12,38,119,65,111,91,123,93,55,62,20,11"/><V43/><F120/><W53/><G111/><T70/><D105/><U56/><E109/><V44/><F107/><W63/><G123/><T31/><D70/><U47/><E106/><V94/><F71/><W115/><G119/><T133/><D39/><U77/><E68/><V1/><F64/><W32/><G32/><T125/><D121/><U129/><E7/><V45/><F5/><W66/><G38/><T88/><D125/><U13/><E34/><V81/><F26/><W17/><G115/><T102/><D117/><U8/><E113/><V69/><F69/><W14/><G128/><T79/><D102/><U24/><E129/><V110/><F130/><W127/><G127/><T59/><D133/><U37/><E28/><V99/><F45/><W57/><G63/><T82/><D82/><U104/><E104/><V42/><F1/><W134/><G55/><T116/><D116/><U87/><E37/><V46/><F46/><W15/><G134/><T97/><D112/><U10/><E56/><V90/><F3/><W35/><G35/><T54/><REACH who="0" step="1"/><D59/><REACH who="0" ten="144,234,318,294" step="2"/><U36/><E36/><V60/><F110/><W131/><G131/><T122/><D122/><U92/><E92/><V114/><F114/><W108/><G108/><T118/><D118/><U19/><E47/><V6/><F44/><W33/><G33/><T16/><D16/><U126/><E19/><N who="2" m="12511" /><F6/><W76/><G57/><AGARI ba="0,1" hai="42,43,52,57,60,81,84,89,90,94,99" m="12511" machi="57" ten="30,5800,0" yaku="25,1,8,1,54,1" doraHai="124" who="2" fromWho="3" sc="144,0,234,0,318,68,294,-58" /><INIT seed="6,1,0,0,0,18" ten="144,234,386,236" oya="2" hai0="127,104,36,29,22,1,62,63,13,87,69,128,135" hai1="44,99,102,3,98,64,50,94,15,77,6,92,86" hai2="117,125,84,35,91,129,42,80,72,48,25,56,41" hai3="105,109,53,71,131,76,90,134,38,46,101,57,55"/><V61/><F117/><W111/><G105/><T116/><D1/><U115/><E115/><V97/><F72/><W19/><G101/><T16/><D116/><U96/><E3/><V17/><F129/><W11/><G76/><T110/><D110/><U112/><E112/><V83/><F125/><W122/><G122/><T43/><D128/><U121/><E64/><V28/><F48/><W54/><G71/><T12/><D127/><U78/><E121/><V7/><F7/><W103/><G103/><T68/><D104/><U58/><E58/><V65/><F83/><W100/><G100/><T123/><D123/><U49/><E49/><V24/><F97/><W124/><G124/><T89/><D29/><U39/><E39/><V9/><F9/><W5/><G90/><T75/><D75/><U82/><E94/><V95/><F95/><W73/><G73/><T14/><D135/><U33/><E33/><V23/><AGARI ba="1,0" hai="17,23,24,25,28,35,41,42,56,61,65,80,84,91" machi="23" ten="30,3000,0" yaku="0,1,52,1" doraHai="18" who="2" fromWho="2" sc="144,-11,234,-11,386,33,236,-11" /><INIT seed="6,2,0,0,0,19" ten="133,223,419,225" oya="2" hai0="89,53,40,98,12,93,57,25,86,101,1,112,110" hai1="96,3,75,46,30,7,105,121,6,99,39,28,90" hai2="104,102,118,69,31,59,107,115,129,78,55,0,45" hai3="135,41,49,42,29,64,70,43,52,68,9,113,54"/><V63/><F118/><W47/><G29/><T22/><D112/><U72/><E46/><V106/><F0/><W8/><G8/><T108/><D1/><U33/><E3/><V74/><F115/><W128/><G9/><T117/><D40/><N who="3" m="15465" /><G113/><T127/><D127/><U123/><E39/><V48/><F31/><W16/><G16/><T116/><D12/><U58/><E58/><V103/><F69/><N who="3" m="26731" /><G128/><T62/><D116/><U79/><E79/><V132/><F129/><W84/><G84/><T38/><D38/><U26/><E90/><V61/><F78/><W82/><G82/><T32/><D32/><U21/><E26/><V87/><F87/><W83/><G83/><T97/><D117/><U35/><E105/><V5/><F74/><W111/><G111/><T120/><D120/><U65/><E65/><V10/><F103/><W124/><G124/><T14/><D14/><U122/><E123/><V11/><F102/><W133/><G64/><T71/><D71/><U76/><E76/><V24/><F106/><W81/><G81/><T23/><D98/><U60/><E60/><V88/><F104/><W85/><G85/><T36/><D36/><U114/><E114/><V77/><F107/><W119/><G119/><T95/><REACH who="0" step="1"/><D25/><REACH who="0" ten="123,223,419,225" step="2"/><U56/><E122/><V126/><F24/><W18/><G18/><T34/><D34/><U17/><E17/><V131/><F126/><W73/><G73/><T44/><D44/><U4/><E121/><V91/><F131/><W66/><G66/><T130/><D130/><U13/><E72/><V20/><F5/><W67/><G67/><RYUUKYOKU ba="2,1" sc="123,15,223,-15,419,-15,225,15" hai0="22,23,53,57,62,86,89,93,95,97,101,108,110" hai3="43,47,49,52,54,133,135" /><INIT seed="7,3,1,2,0,54" ten="138,208,404,240" oya="3" hai0="85,4,110,3,119,100,126,115,121,5,84,29,13" hai1="20,86,98,105,49,75,34,90,57,128,127,46,108" hai2="114,117,9,21,44,74,129,17,83,112,69,76,87" hai3="24,23,11,113,93,109,91,103,81,135,36,7,65"/><W25/><G113/><N who="2" m="43625" /><F129/><W106/><G36/><T133/><D115/><U102/><E34/><V77/><F69/><W47/><G135/><T130/><D133/><U124/><E75/><V40/><F9/><W10/><G65/><T14/><D130/><U99/><E108/><V67/><F67/><W56/><G81/><T104/><D110/><U27/><E99/><V15/><F117/><W73/><G73/><T71/><D71/><U39/><E39/><N who="2" m="21535" /><F74/><W51/><G106/><T33/><D119/><U97/><E97/><V53/><F53/><W58/><G103/><T134/><D134/><U63/><E128/><V123/><F123/><W96/><G109/><T118/><D118/><U94/><E49/><V42/><F42/><W68/><G68/><T16/><D121/><U95/><E46/><V55/><F55/><N who="3" m="30207" /><G25/><N who="0" m="18607" /><D104/><U50/><E50/><V125/><F125/><W48/><G48/><T62/><D100/><U30/><E105/><V38/><F38/><W37/><G37/><T2/><D126/><U41/><E41/><V28/><F77/><W61/><G61/><T70/><D62/><U43/><E43/><V101/><F101/><W107/><G107/><T1/><D70/><U18/><E127/><V120/><F120/><W66/><G66/><T79/><D79/><U31/><E124/><V111/><F111/><W116/><G116/><T60/><D60/><U82/><E82/><V72/><F72/><W132/><G132/><T78/><D78/><U26/><E26/><V80/><F80/><W35/><G24/><T12/><D16/><U59/><E63/><V52/><F52/><RYUUKYOKU ba="3,1" sc="138,10,208,10,404,10,240,-30" hai0="1,2,3,4,5,12,13,14,84,85" hai1="18,20,27,30,31,57,59,86,90,94,95,98,102" hai2="15,17,21,28,76,83,87" owari="148,-35.2,218,1.8,424,52.4,210,-19.0" /></mjloggm>