<mjloggm ver="2.3"><GO type="169" lobby="0"/><UN n0="%E3%83%97%E3%83%AC%E3%82%B9%E3%83%97" n1="%E5%A4%A9%E6%89%8D%E9%BA%BB%E5%B0%86%E6%99%BA%E4%B9%83" n2="%63%6C%75%74%63%68%37%33" n3="%E3%81%93%E3%81%A1" dan="16,16,17,16" rate="2170.32,2150.79,2278.74,2193.29" sx="M,M,M,F"/><TAIKYOKU oya="0"/><INIT seed="0,0,0,4,5,108" ten="250,250,250,250" oya="0" hai0="29,109,43,47,60,76,98,102,122,71,70,63,112" hai1="81,89,78,66,22,4,12,133,82,39,72,120,23" hai2="35,92,28,54,75,117,68,57,16,30,50,119,17" hai3="59,38,6,0,125,101,49,44,126,42,73,14,83"/><T111/><D122/><U74/><E120/><V127/><F127/><W11/><G101/><T116/><D116/><N who="2" m="44618" /><F68/><N who="0" m="26154" /><D29/><N who="2" m="11370" /><F35/><W91/><G14/><T130/><D76/><U124/><E39/><V90/><F75/><W88/><G59/><T121/><D121/><U19/><E66/><V77/><F77/><N who="3" m="44463" /><G49/><N who="0" m="26879" /><D98/><AGARI ba="0,0" hai="16,17,50,54,57,90,92,98" m="11370,44618" machi="98" ten="30,2000,0" yaku="12,1,54,1" doraHai="108" who="2" fromWho="0" sc="250,-20,250,0,250,20,250,0" /><INIT seed="1,0,0,3,5,70" ten="230,250,270,250" oya="1" hai0="16,73,24,112,105,47,31,37,62,26,42,118,61" hai1="90,128,41,97,80,121,56,125,11,59,106,71,101" hai2="100,23,111,69,5,48,78,9,132,96,67,3,34" hai3="19,8,63,36,55,45,43,93,20,18,33,4,14"/><U107/><E121/><V129/><F111/><W12/><G33/><T54/><D112/><U58/><E128/><V13/><F129/><W60/><G55/><T103/><D118/><U65/><E125/><V79/><F132/><W76/><G76/><T117/><D117/><U75/><E106/><V22/><F34/><W114/><G114/><T130/><D73/><U40/><E71/><V123/><F123/><W115/><G115/><T87/><D130/><U28/><E65/><V30/><F23/><W52/><G93/><T27/><D31/><U119/><E119/><V10/><F48/><W1/><REACH who="3" step="1"/><G52/><REACH who="3" ten="230,250,270,240" step="2"/><T74/><D54/><U2/><E107/><V94/><F79/><W44/><G44/><T108/><D108/><U57/><E80/><V86/><F78/><W17/><G17/><T88/><D74/><U109/><E75/><V53/><F53/><W6/><G6/><T85/><D105/><U66/><E109/><V35/><F35/><W98/><G98/><T122/><D122/><U50/><E97/><V133/><F94/><W102/><G102/><T29/><D103/><U46/><E101/><V95/><F95/><W49/><G49/><T84/><D29/><U92/><E28/><V120/><F96/><W21/><AGARI ba="0,1" hai="1,4,8,12,14,18,19,20,21,36,43,45,60,63" machi="21" ten="20,8000,1" yaku="1,1,0,1,7,1,9,1,52,1,53,0" doraHai="70" doraHaiUra="110" who="3" fromWho="3" sc="230,-20,250,-40,270,-20,240,90" /><INIT seed="2,0,0,0,3,69" ten="210,210,250,330" oya="2" hai0="81,106,5,130,112,96,52,67,82,134,118,105,64" hai1="124,7,35,30,71,98,123,12,95,56,19,117,24" hai2="110,70,18,29,55,11,126,38,1,76,53,93,28" hai3="27,108,77,100,87,109,60,20,102,125,73,122,68"/><V57/><F70/><W9/><G73/><T36/><D112/><U132/><E117/><V14/><F126/><W6/><G122/><T42/><D118/><U80/><E71/><V84/><F1/><W46/><G125/><T22/><D5/><U121/><E124/><V101/><F38/><W128/><G128/><T58/><D130/><U49/><E7/><V40/><F40/><W89/><G77/><T48/><D134/><U86/><E132/><V33/><F33/><W44/><G60/><T97/><D22/><U129/><E129/><V120/><F120/><W21/><G68/><T54/><D42/><U26/><E26/><V85/><F55/><W74/><G74/><T10/><D10/><U119/><E119/><V127/><F127/><W107/><G21/><T15/><D15/><U45/><E56/><V37/><F37/><W99/><G102/><T90/><D36/><U0/><E0/><V32/><F32/><W63/><G63/><T4/><D4/><U113/><E113/><V92/><F85/><W79/><G87/><T13/><D13/><U78/><E98/><N who="2" m="59591" /><F110/><W34/><G108/><T114/><D114/><U115/><E115/><V88/><F76/><W25/><G79/><T23/><D58/><U135/><E95/><V61/><AGARI ba="0,0" hai="11,14,18,28,29,53,57,61,84,88,93" m="59591" machi="61" ten="30,3000,0" yaku="8,1,54,1" doraHai="69" who="2" fromWho="2" sc="210,-10,210,-10,250,30,330,-10" /><INIT seed="2,1,0,4,2,59" ten="200,200,280,320" oya="2" hai0="41,4,74,80,86,75,93,81,56,44,64,123,126" hai1="95,37,105,130,71,38,3,121,36,97,84,119,82" hai2="112,58,78,48,134,96,98,115,35,100,117,46,99" hai3="66,104,116,22,45,125,50,0,17,127,42,19,30"/><V54/><F117/><W33/><G116/><T5/><D123/><U108/><E119/><V31/><F134/><W109/><G104/><T63/><D126/><N who="3" m="48137" /><G0/><T9/><D93/><U92/><E108/><V10/><F78/><W73/><G73/><T34/><D34/><U79/><E3/><V67/><F100/><W24/><G109/><T128/><D128/><U6/><E6/><V14/><F35/><W55/><G66/><T1/><D5/><U133/><E133/><V18/><REACH who="2" step="1"/><F31/><REACH who="2" ten="200,200,270,320" step="2"/><W53/><G53/><T90/><REACH who="0" step="1"/><D81/><REACH who="0" ten="190,200,270,320" step="2"/><U13/><E82/><V101/><F101/><W107/><G33/><T118/><D118/><U61/><E130/><V25/><F25/><W60/><G107/><T21/><D21/><U72/><E105/><V70/><F70/><W87/><G22/><T28/><D28/><U120/><E71/><V32/><F32/><W76/><G24/><T62/><D62/><AGARI ba="1,2" hai="10,14,18,46,48,54,58,62,67,96,98,99,112,115" machi="62" ten="40,3900,0" yaku="1,1,52,1,53,0" doraHai="59" doraHaiUra="91" who="2" fromWho="0" sc="190,-42,200,0,270,62,320,0" /><INIT seed="2,2,0,3,0,115" ten="148,200,332,320" oya="2" hai0="101,30,125,55,122,59,68,40,81,84,83,71,127" hai1="0,14,87,16,110,109,17,121,100,113,89,72,45" hai2="11,60,95,37,134,51,36,54,22,8,62,116,124" hai3="46,92,97,9,88,1,50,52,93,131,75,82,18"/><V104/><F104/><W13/><G131/><T4/><D122/><U67/><E113/><V120/><F120/><W19/><G1/><T102/><D40/><U133/><E0/><V48/><F22/><W47/><G47/><T41/><D41/><U90/><E72/><V35/><F95/><W38/><G38/><T80/><D84/><U10/><E121/><V98/><F98/><W56/><G56/><T7/><D30/><U114/><E114/><V66/><F54/><W123/><G123/><T76/><D76/><U23/><E100/><N who="0" m="38505" /><D55/><U12/><E133/><V103/><F103/><N who="3" m="60839" /><G75/><T15/><D15/><U63/><E45/><V119/><F124/><N who="0" m="47690" /><D59/><U91/><REACH who="1" step="1"/><E87/><REACH who="1" ten="148,190,332,320" step="2"/><V2/><F2/><W24/><G82/><N who="0" m="20995" /><T25/><DORA hai="94" /><D25/><U78/><E78/><V77/><F77/><W34/><G24/><T112/><D112/><U32/><E32/><V33/><F134/><W61/><G34/><T57/><D57/><AGARI ba="2,1" hai="10,12,14,16,17,23,57,63,67,89,90,91,109,110" machi="57" ten="40,2600,0" yaku="1,1,54,1,53,0" doraHai="115,94" doraHaiUra="31,74" who="1" fromWho="0" sc="148,-32,190,42,332,0,320,0" /><INIT seed="3,0,0,2,2,128" ten="116,232,332,320" oya="3" hai0="102,131,98,114,103,3,29,7,59,57,1,45,49" hai1="77,113,81,65,135,106,78,76,55,60,105,120,14" hai2="91,41,53,80,17,63,58,121,124,35,56,39,38" hai3="22,67,5,31,123,97,72,85,48,24,18,10,92"/><W12/><G123/><T75/><D75/><U26/><E113/><V62/><F121/><W61/><G72/><T51/><D131/><U73/><E120/><V42/><F35/><W129/><G129/><T4/><D98/><U23/><E55/><V107/><F107/><W83/><G48/><T125/><D29/><U115/><E115/><V69/><F17/><W19/><G85/><T89/><D89/><U134/><E14/><V0/><F0/><W117/><G83/><T74/><D74/><U88/><E106/><V122/><F80/><W95/><G95/><T46/><REACH who="0" step="1"/><D114/><REACH who="0" ten="106,232,332,320" step="2"/><U37/><E105/><V96/><F91/><W6/><G31/><T133/><D133/><N who="1" m="50699" /><E88/><V126/><F96/><W20/><G117/><T68/><D68/><N who="1" m="42023" /><E37/><V112/><F112/><W109/><G97/><T50/><D50/><U87/><E73/><V119/><F122/><W28/><G61/><T8/><D8/><U71/><E71/><V27/><F69/><W90/><G10/><T110/><D110/><U2/><E2/><V93/><F119/><W11/><G109/><T16/><D16/><AGARI ba="0,1" hai="16,23,26,76,77,78,81,87" m="42023,50699" machi="16" ten="30,8000,1" yaku="20,1,52,3,54,1" doraHai="128" who="1" fromWho="0" sc="106,-80,232,90,332,0,320,0" /><INIT seed="4,0,0,1,0,3" ten="26,322,332,320" oya="0" hai0="89,39,59,126,94,133,30,123,79,132,17,7,122" hai1="69,38,20,14,82,5,97,93,98,101,87,61,26" hai2="114,109,120,85,50,54,6,108,100,117,27,67,42" hai3="49,57,41,11,37,53,104,60,119,16,129,73,51"/><T130/><D39/><U36/><E97/><V95/><F120/><W55/><G119/><T84/><D30/><U9/><E61/><V91/><F114/><W21/><G104/><T46/><D46/><U23/><E69/><V4/><F117/><W124/><G73/><T112/><D17/><U81/><E81/><V83/><F108/><W35/><G35/><T19/><D19/><U78/><REACH who="1" step="1"/><E23/><REACH who="1" ten="26,312,332,320" step="2"/><V96/><F109/><W66/><G129/><T99/><D130/><U110/><E110/><V134/><F134/><N who="0" m="51818" /><D112/><U71/><E71/><V103/><F67/><W40/><G124/><T28/><D126/><U74/><E74/><V113/><F113/><W70/><G37/><T25/><D59/><U13/><E13/><V22/><F103/><W127/><G127/><T118/><D118/><U18/><AGARI ba="0,1" hai="5,9,14,18,20,26,36,38,78,82,87,93,98,101" machi="18" ten="20,5200,0" yaku="1,1,0,1,7,1,52,1,53,0" doraHai="3" doraHaiUra="24" who="1" fromWho="1" sc="26,-26,312,62,332,-13,320,-13" /><INIT seed="5,0,0,2,1,103" ten="0,374,319,307" oya="1" hai0="48,61,35,77,41,16,21,133,49,39,3,63,70" hai1="60,40,107,52,96,102,17,78,79,124,25,13,93" hai2="47,7,15,109,113,37,26,111,22,45,43,125,58" hai3="1,68,76,117,57,81,74,20,134,50,85,114,92"/><U108/><E124/><V115/><F125/><W88/><G68/><T23/><D35/><U73/><E108/><V132/><F132/><W112/><G134/><T34/><D133/><U120/><E120/><V10/><F47/><W118/><G1/><T69/><D34/><U29/><E73/><V46/><F46/><W106/><G20/><T9/><D77/><U119/><E40/><V131/><F58/><W51/><G57/><T135/><D135/><U84/><E119/><N who="3" m="45578" /><G106/><T91/><D91/><U101/><E60/><V80/><F80/><W129/><G129/><T75/><D75/><U8/><E52/><V33/><F33/><W2/><G2/><T24/><D39/><U128/><E128/><V56/><F56/><W86/><G74/><T62/><D41/><U123/><E123/><V110/><REACH who="2" step="1"/><F131/><REACH who="2" ten="0,374,309,307" step="2"/><W31/><G31/><AGARI ba="0,1" hai="7,10,15,22,26,31,37,43,45,109,110,111,113,115" machi="31" ten="50,6400,0" yaku="1,1,2,1,53,1" doraHai="103" doraHaiUra="27" who="2" fromWho="3" sc="0,0,374,0,309,74,307,-64" /><INIT seed="6,0,0,1,3,33" ten="0,374,383,243" oya="2" hai0="65,13,133,74,92,46,66,93,100,19,27,129,68" hai1="11,70,31,127,58,115,48,80,57,38,49,106,21" hai2="104,99,36,30,97,128,72,51,53,71,6,90,84" hai3="44,124,117,63,78,126,9,61,52,110,10,0,95"/><V102/><F36/><W26/><G110/><T24/><D74/><U15/><E38/><V29/><F72/><W75/><G117/><T81/><D129/><U1/><E70/><V91/><F128/><W82/><G26/><N who="0" m="9771" /><D68/><U55/><E106/><V89/><F71/><W22/><G22/><N who="0" m="11631" /><D133/><U85/><E127/><N who="3" m="48682" /><G95/><N who="0" m="36427" /><D100/><U123/><E123/><V8/><F84/><W42/><G9/><T105/><D105/><U67/><E115/><V77/><F77/><W16/><G42/><T131/><D131/><U76/><E1/><V17/><F17/><W73/><G73/><T122/><D122/><U111/><E111/><V107/><F99/><W130/><G130/><T25/><N who="0" m="9779" /><T47/><DORA hai="60" /><D81/><U40/><E31/><V62/><F107/><W134/><G134/><T118/><D118/><U7/><E21/><V103/><F103/><W114/><G114/><T37/><D37/><U5/><E5/><V119/><F119/><W54/><G0/><T12/><D12/><U56/><E67/><AGARI ba="0,0" hai="46,47,65,66,67" m="36427,11631,9779" machi="67" ten="40,8000,1" yaku="8,1,52,3" doraHai="33,60" who="0" fromWho="1" sc="0,80,374,-80,383,0,243,0" /><INIT seed="7,0,0,3,4,124" ten="80,294,383,243" oya="3" hai0="112,62,11,9,6,78,100,8,22,17,122,103,4" hai1="119,33,44,90,132,61,70,13,83,92,60,7,54" hai2="57,66,96,40,126,43,49,86,130,110,106,42,121" hai3="18,104,131,97,28,118,53,30,41,34,23,32,15"/><W2/><G41/><T117/><D78/><U87/><E33/><N who="3" m="12906" /><G53/><T76/><D76/><U55/><E132/><V123/><F130/><W69/><G97/><T81/><D81/><U98/><E119/><V105/><F126/><W72/><G104/><T31/><D62/><N who="1" m="24171" /><E70/><V133/><F106/><W109/><G72/><T91/><D91/><N who="1" m="51711" /><E44/><V107/><F107/><W102/><G102/><T65/><D65/><U88/><E90/><V84/><F66/><W36/><G36/><T24/><D117/><U125/><E125/><V47/><F133/><W127/><G69/><T19/><D100/><U74/><E74/><V10/><F110/><W50/><G50/><T5/><D103/><U134/><E134/><V52/><F96/><W51/><G51/><T26/><D122/><U94/><E94/><V79/><F105/><W135/><G118/><T113/><REACH who="0" step="1"/><D24/><REACH who="0" ten="70,294,383,243" step="2"/><U95/><E95/><V45/><F79/><W16/><G127/><T71/><D71/><U1/><E92/><V0/><F123/><W116/><G116/><T56/><D56/><U35/><E98/><V108/><F57/><W129/><G135/><T120/><D120/><U3/><E88/><V77/><F77/><W67/><G67/><T58/><D58/><U59/><E59/><V12/><F121/><W20/><G109/><T93/><D93/><U68/><E68/><V115/><F108/><W29/><G2/><T38/><D38/><U21/><E1/><V89/><F89/><W64/><G64/><T37/><D37/><U75/><E3/><V14/><F45/><W25/><AGARI ba="0,1" hai="15,16,18,20,23,25,28,29,30,129,131" m="12906" machi="25" ten="40,12000,1" yaku="34,2,52,2,54,1" doraHai="124" who="3" fromWho="3" sc="70,-40,294,-40,383,-40,243,130" owari="30,-47.0,254,-14.6,343,14.3,373,47.3" /></mjloggm>