<mjloggm ver="2.3"><GO type="169" lobby="0"/><UN n0="%E3%83%94%E3%83%B3%E3%82%B5%E3%83%AD%E5%BA%97%E5%93%A1" n1="%4A%4B%E3%81%97%E3%82%8D%E3%81%BE%E3%82%8B" n2="%E9%81%8B%E3%81%A7%E5%8B%9D%E3%81%A4" n3="%E6%84%9B%E3%81%AF%E6%AD%A3%E7%BE%A9" dan="17,16,17,16" rate="2250.37,2133.03,2144.31,2072.19" sx="M,F,M,F"/><TAIKYOKU oya="0"/><INIT seed="0,0,0,3,3,85" ten="250,250,250,250" oya="0" hai0="92,126,133,82,130,8,47,16,15,53,45,87,9" hai1="19,90,94,89,52,127,18,67,57,107,40,38,69" hai2="100,91,83,122,33,71,115,110,72,73,113,99,123" hai3="108,102,58,104,2,61,79,41,93,134,36,97,11"/><T86/><D130/><U114/><E107/><N who="2" m="63903" /><F71/><W77/><G108/><T106/><D106/><U96/><E127/><V112/><F33/><W101/><G134/><T119/><D119/><U78/><E78/><N who="2" m="44487" /><F110/><W43/><G104/><T59/><D133/><U65/><E114/><V116/><F116/><W29/><G29/><T63/><D126/><U118/><E118/><V64/><F64/><N who="1" m="24649" /><E38/><V55/><F55/><W105/><G105/><T131/><D131/><U46/><E69/><V51/><F51/><W129/><G129/><T88/><D9/><U111/><E111/><V103/><F103/><W121/><G121/><N who="2" m="46089" /><F91/><AGARI ba="0,0" hai="8,15,16,45,47,53,59,63,82,86,87,88,91,92" machi="91" ten="30,18000,2" yaku="7,1,8,1,52,2,54,2" doraHai="85" who="0" fromWho="2" sc="250,180,250,0,250,-180,250,0" /><INIT seed="0,1,0,3,5,13" ten="430,250,70,250" oya="0" hai0="134,25,89,133,46,95,9,18,87,38,8,77,61" hai1="20,115,57,124,86,31,3,92,135,118,94,35,111" hai2="48,64,24,30,80,73,4,110,54,51,33,125,52" hai3="102,1,120,123,42,75,103,100,101,55,40,88,41"/><T2/><D77/><U17/><E118/><V63/><F110/><W93/><N who="3" m="25600" /><DORA hai="81" /><W112/><G1/><T56/><D38/><U114/><E111/><V104/><F104/><W36/><G75/><T16/><D46/><U71/><E71/><V7/><F125/><W60/><G112/><N who="1" m="43050" /><E3/><V43/><F43/><W22/><G22/><N who="0" m="13511" /><D18/><U26/><E135/><N who="0" m="51721" /><D2/><U119/><E119/><V127/><F127/><W83/><G83/><T78/><D78/><U45/><E45/><V14/><F14/><W50/><G60/><T85/><D85/><U62/><E86/><V6/><F80/><W97/><REACH who="3" step="1"/><G36/><REACH who="3" ten="430,250,70,240" step="2"/><T69/><D69/><U107/><E124/><V58/><REACH who="2" step="1"/><F73/><REACH who="2" ten="430,250,60,240" step="2"/><W109/><G109/><T21/><D21/><U53/><E107/><V59/><F59/><AGARI ba="1,2" hai="40,41,42,50,55,59,88,93,97,120,123" m="25600" machi="59" ten="60,7700,0" yaku="1,1,54,1,53,1" doraHai="13,81" doraHaiUra="19,91" who="3" fromWho="2" sc="430,0,250,0,60,-80,240,100" owari="430,53.0,250,-15.0,-20,-52.0,340,14.0" /></mjloggm>