<mjloggm ver="2.3"><GO type="169" lobby="0"/><UN n0="%E8%A1%A8%E7%A4%BA%E4%BE%A1%E6%A0%BC%E3%82%88%E3%82%8A%E5%8D%8A%E9%A1%8D" n1="%53%74%65%69%6E%73" n2="%E2%97%8E%E3%82%88%E3%81%97%E2%97%8E" n3="%54%61%62%61%73%63%6F" dan="16,17,16,16" rate="2095.71,2212.21,2160.48,2097.64" sx="M,M,M,M"/><TAIKYOKU oya="0"/><INIT seed="0,0,0,5,2,92" ten="250,250,250,250" oya="0" hai0="13,95,62,132,111,21,61,124,7,89,67,115,80" hai1="75,65,63,17,52,99,113,134,131,49,73,41,29" hai2="43,114,1,36,50,82,126,117,11,93,79,103,8" hai3="133,28,83,18,78,55,122,44,22,45,16,109,53"/><T97/><D115/><U9/><E113/><V98/><F114/><W30/><G109/><T100/><D124/><U34/><E131/><V12/><F126/><W105/><G105/><T54/><D132/><U86/><E134/><V74/><F117/><W59/><G133/><T42/><D42/><U4/><E41/><V10/><F50/><W14/><G122/><T76/><D111/><U91/><E17/><V51/><F51/><W70/><G70/><T3/><D3/><U88/><E29/><V127/><F127/><W84/><G18/><T24/><D67/><U15/><E34/><V94/><F94/><W48/><REACH who="3" step="1"/><G44/><REACH who="3" ten="250,250,250,240" step="2"/><T2/><D7/><U121/><E121/><V26/><F1/><W27/><G27/><T64/><D24/><U66/><E73/><V128/><F26/><W116/><G116/><T110/><D2/><U102/><E75/><V120/><F120/><W31/><G31/><T107/><D110/><U25/><E25/><V130/><REACH who="2" step="1"/><F12/><REACH who="2" ten="250,250,240,240" step="2"/><W77/><G77/><T106/><D13/><U33/><E15/><V6/><F6/><W0/><G0/><T96/><D76/><U60/><E4/><V72/><F72/><W5/><G5/><T87/><D95/><U37/><E49/><AGARI ba="0,2" hai="14,16,22,28,30,45,48,49,53,55,59,78,83,84" machi="49" ten="30,7700,0" yaku="1,1,7,1,8,1,54,1,53,0" doraHai="92" doraHaiUra="68" who="3" fromWho="1" sc="250,0,250,-77,240,0,240,97" /><INIT seed="1,0,0,3,3,79" ten="250,173,240,337" oya="1" hai0="18,119,17,103,56,97,31,49,52,46,88,26,92" hai1="45,13,66,69,117,131,25,41,23,124,6,123,60" hai2="70,63,86,2,22,42,129,47,87,98,77,99,89" hai3="114,90,121,80,43,64,14,111,105,39,48,20,125"/><U28/><E117/><V57/><F70/><W44/><G114/><T78/><D119/><U106/><E123/><V51/><F2/><W40/><G121/><T113/><D113/><U1/><E106/><V83/><F22/><W29/><G105/><T73/><D73/><U62/><E131/><V16/><F16/><W94/><G111/><T37/><D78/><U75/><E75/><V24/><F24/><W15/><G125/><T36/><D36/><U118/><E118/><V67/><REACH who="2" step="1"/><F129/><REACH who="2" ten="250,173,230,337" step="2"/><W50/><G20/><T0/><D0/><U127/><E1/><V5/><F5/><W11/><G15/><T33/><D37/><U12/><E6/><V96/><F96/><W3/><G14/><T126/><D126/><N who="1" m="48171" /><E62/><V100/><F100/><W32/><G39/><AGARI ba="0,1" hai="12,13,23,25,28,39,41,45,60,66,69" m="48171" machi="39" ten="30,1500,0" yaku="18,1" doraHai="79" who="1" fromWho="3" sc="250,0,173,25,230,0,337,-15" /><INIT seed="1,1,0,3,5,18" ten="250,198,230,322" oya="1" hai0="122,126,120,86,55,20,5,69,21,135,6,74,24" hai1="116,12,1,36,88,96,15,115,107,104,95,52,82" hai2="13,59,50,61,99,4,127,71,78,113,26,70,9" hai3="27,0,112,117,43,8,14,118,64,130,11,111,91"/><U33/><E115/><V79/><F127/><W38/><G64/><T93/><D126/><U49/><E116/><N who="3" m="44650" /><G38/><T57/><D69/><U134/><E36/><V98/><F113/><W90/><G43/><T128/><D24/><U94/><E1/><V105/><F71/><W103/><G103/><T42/><D42/><U84/><E33/><V31/><F70/><W35/><G91/><N who="0" m="53495" /><D74/><U34/><E34/><V97/><F50/><W106/><G90/><T83/><D83/><U92/><E134/><V100/><F100/><W65/><G65/><T32/><D32/><U110/><E110/><V46/><F46/><W58/><G58/><T3/><D3/><U10/><E96/><V45/><F45/><W62/><G62/><N who="0" m="36159" /><D128/><U87/><E87/><V39/><F39/><W80/><G80/><T108/><D108/><U81/><E81/><V2/><F2/><W16/><G106/><T28/><D28/><U125/><E125/><V44/><F105/><W114/><G130/><T48/><D48/><U23/><E104/><V109/><F109/><W47/><G111/><T67/><D135/><U51/><E107/><V66/><REACH who="2" step="1"/><F44/><REACH who="2" ten="250,198,220,322" step="2"/><W129/><G47/><T101/><D101/><U132/><E132/><V76/><F76/><W30/><G129/><T133/><D133/><U72/><E49/><V53/><F53/><W119/><G119/><T123/><D67/><U56/><E72/><V121/><F121/><W77/><G77/><T54/><D54/><U22/><E15/><V25/><F25/><W41/><G41/><T68/><D68/><U89/><E89/><V60/><F60/><RYUUKYOKU ba="1,1" sc="250,0,198,0,220,0,322,0" hai0="5,6,20,21,120,122,123" hai1="10,12,22,23,51,52,56,82,84,88,92,94,95" hai2="4,9,13,26,31,59,61,66,78,79,97,98,99" hai3="0,8,11,14,16,27,30,35,112,114" /><INIT seed="1,2,1,4,1,113" ten="250,198,220,322" oya="1" hai0="51,5,12,50,125,65,87,129,33,123,70,28,67" hai1="34,94,120,1,10,24,72,105,45,17,53,85,95" hai2="36,73,108,26,52,57,66,4,130,8,39,101,115" hai3="114,100,122,46,89,54,55,7,134,86,127,63,21"/><U6/><E120/><V62/><F115/><W82/><G114/><T31/><D123/><U19/><E105/><V121/><F121/><W110/><G122/><T64/><D70/><U49/><E72/><V92/><F73/><W29/><G110/><T111/><D111/><U69/><E69/><V119/><F130/><W99/><G134/><T98/><D129/><U43/><E53/><V117/><F108/><W14/><G7/><T128/><D128/><U96/><E85/><V80/><F80/><W88/><G55/><T97/><D125/><U68/><E68/><V90/><F101/><W16/><G29/><N who="0" m="11339" /><D87/><U11/><E34/><V59/><F26/><W56/><G46/><T20/><D33/><U103/><E24/><V9/><F39/><W78/><G127/><T48/><D20/><U75/><E75/><V93/><F36/><W27/><G27/><T131/><D131/><U30/><E30/><V35/><F35/><W3/><G3/><T2/><D2/><U41/><E41/><V106/><F106/><AGARI ba="2,1" hai="14,16,21,54,56,63,78,82,86,88,89,99,100,106" machi="106" ten="30,3900,0" yaku="7,1,54,2" doraHai="113" who="3" fromWho="2" sc="250,0,198,0,220,-45,322,55" /><INIT seed="2,0,0,1,3,4" ten="250,198,175,377" oya="2" hai0="0,119,39,25,58,19,97,5,107,6,133,83,32" hai1="73,81,7,84,54,23,111,64,51,17,75,72,86" hai2="68,85,108,88,63,129,59,78,90,135,91,49,14" hai3="99,52,60,77,10,109,29,18,50,118,92,20,30"/><V110/><F68/><W76/><G118/><T48/><D39/><U114/><E114/><V125/><F129/><W47/><G109/><N who="2" m="42089" /><F125/><W104/><G104/><T115/><D115/><U130/><E111/><V61/><F135/><W45/><G45/><T120/><D120/><U22/><E130/><V40/><F14/><N who="3" m="7511" /><G60/><N who="2" m="23113" /><F78/><N who="3" m="30315" /><G20/><T82/><D0/><U27/><E64/><V102/><F102/><AGARI ba="0,0" hai="29,30,47,50,52,92,99,102" m="30315,7511" machi="102" ten="30,3900,0" yaku="8,1,52,1,54,1" doraHai="4" who="3" fromWho="2" sc="250,0,198,0,175,-39,377,39" /><INIT seed="3,0,0,4,3,78" ten="250,198,136,416" oya="3" hai0="53,44,30,96,11,91,12,72,38,82,0,106,66" hai1="69,108,47,1,122,48,120,2,10,109,121,6,46" hai2="99,98,130,105,67,84,111,114,125,126,113,101,24" hai3="20,73,31,92,65,97,40,110,118,22,49,59,15"/><W42/><G118/><T32/><D66/><U123/><N who="1" m="30720" /><DORA hai="89" /><U76/><E69/><V102/><F67/><W9/><G73/><T128/><D0/><U115/><E115/><N who="2" m="44043" /><F24/><N who="3" m="16775" /><G22/><T68/><D68/><U74/><E1/><V39/><F39/><W60/><G49/><T93/><D106/><U124/><E124/><N who="2" m="47723" /><F130/><W13/><G110/><N who="1" m="42602" /><E48/><V64/><F64/><W132/><G132/><T8/><D128/><U116/><E116/><V52/><F52/><W25/><G25/><T43/><D53/><U29/><E29/><V61/><F61/><W55/><G55/><T41/><D30/><U34/><E34/><V90/><F111/><W104/><G15/><T21/><D32/><U3/><E3/><V95/><F102/><W62/><G62/><T17/><REACH who="0" step="1"/><D43/><REACH who="0" ten="240,198,136,416" step="2"/><U107/><E107/><V79/><F79/><AGARI ba="0,1" hai="8,11,12,17,21,38,41,44,72,79,82,91,93,96" machi="79" ten="40,8000,1" yaku="1,1,2,1,52,2,53,1" doraHai="78,89" doraHaiUra="37,58" who="0" fromWho="2" sc="240,90,198,0,136,-80,416,0" /><INIT seed="4,0,0,4,4,20" ten="330,198,56,416" oya="0" hai0="110,119,104,70,132,83,35,21,40,44,122,102,43" hai1="50,89,28,135,39,33,96,99,17,87,2,79,112" hai2="54,5,111,82,94,26,108,47,69,22,53,127,78" hai3="12,76,85,109,48,37,86,42,93,91,36,90,130"/><T133/><D119/><U72/><E39/><V49/><F127/><W32/><G109/><T41/><D35/><U62/><E2/><V100/><F69/><W58/><G32/><T38/><D70/><U10/><E135/><V124/><F124/><W3/><G3/><T114/><D110/><U92/><E112/><V0/><F54/><W105/><G76/><T84/><D122/><U67/><E50/><V98/><F5/><W30/><G105/><T8/><D8/><U14/><E79/><V95/><F94/><W115/><G130/><T24/><D102/><U63/><E72/><V29/><REACH who="2" step="1"/><F0/><REACH who="2" ten="330,198,46,416" step="2"/><W59/><G93/><T71/><D71/><U11/><E92/><V116/><F116/><W74/><G115/><T61/><D114/><U129/><E67/><V75/><AGARI ba="0,1" hai="22,26,29,47,49,53,75,78,82,95,98,100,108,111" machi="75" ten="20,5200,0" yaku="1,1,0,1,7,1,52,1,53,0" doraHai="20" doraHaiUra="57" who="2" fromWho="2" sc="330,-26,198,-13,46,62,416,-13" /><INIT seed="5,0,0,5,5,79" ten="304,185,108,403" oya="1" hai0="4,24,121,116,61,110,84,97,3,33,22,99,134" hai1="38,95,69,119,64,117,58,23,60,54,7,66,29" hai2="37,108,63,27,75,94,130,125,133,42,80,9,5" hai3="55,90,14,129,47,132,78,115,46,85,56,93,12"/><U89/><E7/><V88/><F108/><W91/><G115/><T118/><D110/><U120/><E120/><V76/><F125/><W128/><G78/><T32/><D134/><U96/><E38/><V16/><F133/><W123/><G123/><T11/><D121/><U100/><E89/><V0/><F130/><W57/><G132/><T135/><D135/><U131/><E131/><V13/><F63/><W62/><G85/><T109/><D33/><U67/><E69/><V48/><F48/><W6/><G93/><T59/><D32/><U65/><REACH who="1" step="1"/><E54/><REACH who="1" ten="304,175,108,403" step="2"/><V39/><F42/><W43/><G6/><T101/><D109/><U20/><E20/><V34/><F0/><W70/><G55/><T19/><D116/><U92/><E92/><V87/><REACH who="2" step="1"/><F5/><REACH who="2" ten="304,175,98,403" step="2"/><W81/><G43/><T83/><D3/><U71/><E71/><V44/><F44/><W113/><G70/><T35/><D4/><U105/><E105/><V124/><F124/><W68/><G68/><T45/><D45/><U53/><E53/><V2/><F2/><W28/><G128/><T103/><D118/><U104/><E104/><V10/><F10/><W111/><G129/><T74/><D11/><U21/><E21/><V15/><F15/><W31/><G111/><T122/><D122/><U82/><E82/><V72/><F72/><W112/><G81/><T25/><D74/><U26/><AGARI ba="0,2" hai="23,26,29,58,60,64,65,66,67,95,96,100,117,119" machi="26" ten="30,11700,0" yaku="1,1,0,1,25,2,53,0" doraHai="79" doraHaiUra="127" who="1" fromWho="1" sc="304,-39,175,137,98,-39,403,-39" /><INIT seed="5,1,0,2,0,22" ten="265,312,59,364" oya="1" hai0="28,60,125,38,13,68,40,76,47,111,43,129,131" hai1="113,88,118,51,52,100,14,15,48,35,94,72,41" hai2="117,75,95,66,132,18,58,63,32,74,97,21,73" hai3="110,82,119,8,36,25,10,39,81,90,101,134,98"/><U103/><E118/><V92/><F117/><W70/><G119/><T23/><D111/><U54/><E72/><V24/><F132/><W61/><G110/><T78/><D125/><U128/><E113/><V45/><F32/><W49/><G134/><T126/><D43/><U114/><E114/><V85/><F85/><W34/><G49/><T3/><D3/><U105/><E35/><V123/><F123/><W122/><G122/><T84/><D84/><N who="1" m="52487" /><E105/><V1/><F1/><W6/><G10/><T79/><D126/><U120/><E128/><V77/><F45/><W59/><G90/><T4/><D4/><U124/><E124/><V20/><F77/><W89/><G89/><T31/><D129/><U7/><E120/><V109/><F109/><W133/><G82/><T127/><D131/><U102/><E41/><V130/><F130/><W65/><G59/><T33/><D33/><U12/><E7/><V37/><F37/><W115/><G81/><T91/><D91/><U112/><E112/><V93/><REACH who="2" step="1"/><F21/><REACH who="2" ten="265,312,49,364" step="2"/><W19/><G133/><T67/><D127/><U42/><E42/><V44/><F44/><W56/><G115/><T135/><D135/><U30/><E30/><V80/><F80/><W62/><G34/><T50/><D31/><U107/><E107/><V121/><F121/><W27/><G39/><T71/><D28/><U9/><E9/><V2/><F2/><W5/><G36/><T64/><D38/><U106/><E106/><V96/><AGARI ba="1,1" hai="18,20,24,58,63,66,73,74,75,92,93,95,96,97" machi="96" ten="40,5200,0" yaku="1,1,0,1,52,1,53,0" doraHai="22" doraHaiUra="0" who="2" fromWho="2" sc="265,-14,312,-27,49,65,364,-14" /><INIT seed="6,0,0,4,4,101" ten="251,285,114,350" oya="2" hai0="23,53,98,31,6,51,86,67,134,124,100,54,44" hai1="96,103,22,84,82,49,135,107,16,123,1,3,78" hai2="27,102,15,35,8,13,70,109,10,104,85,7,95" hai3="25,41,21,122,118,128,131,132,99,46,81,47,105"/><V76/><F109/><W18/><G122/><T5/><D134/><U97/><E135/><V34/><F70/><W52/><G132/><T87/><D124/><U69/><E123/><V116/><F116/><W119/><G81/><T30/><D67/><U127/><E69/><V120/><F120/><W133/><G133/><T71/><D71/><U88/><E127/><V79/><F27/><W110/><G110/><T89/><D54/><U57/><E57/><V20/><F20/><W43/><G47/><T68/><D87/><U72/><E49/><V55/><F55/><W28/><G28/><N who="0" m="10795" /><D23/><U111/><E96/><V92/><F102/><N who="3" m="62687" /><G43/><T94/><D68/><U77/><E111/><V90/><F104/><W65/><G65/><T26/><D26/><N who="1" m="14663" /><E78/><V83/><F79/><W48/><G41/><T74/><D74/><U56/><E56/><V114/><F114/><W58/><G58/><T59/><D59/><U108/><E108/><V24/><F24/><W42/><G42/><T19/><D19/><U0/><E1/><V11/><F11/><W125/><G125/><T40/><D40/><U4/><E4/><V37/><F37/><W9/><G9/><T45/><D45/><U129/><E129/><AGARI ba="0,0" hai="18,21,25,46,48,52,118,119,128,129,131" m="62687" machi="129" ten="30,3900,0" yaku="19,1,52,1,54,1" doraHai="101" who="3" fromWho="1" sc="251,0,285,-39,114,0,350,39" /><INIT seed="7,0,0,4,2,6" ten="251,246,114,389" oya="3" hai0="100,91,121,40,49,82,86,123,104,134,79,8,68" hai1="21,71,47,24,69,66,50,120,103,125,90,107,54" hai2="53,105,76,67,89,92,14,112,5,93,9,44,35" hai3="96,41,124,115,94,108,0,109,61,135,4,126,77"/><W28/><G115/><T46/><D68/><U43/><E120/><V74/><F112/><W131/><G131/><T78/><D134/><U3/><E3/><V129/><F129/><W132/><G41/><T72/><D79/><U111/><E111/><N who="3" m="42570" /><G28/><T36/><D8/><U2/><E2/><V29/><F105/><W39/><G39/><T97/><D36/><U117/><E125/><V106/><F106/><W56/><G77/><T65/><D65/><U130/><E130/><V127/><F127/><W38/><G38/><T32/><D32/><U37/><E117/><V11/><F67/><W34/><G34/><T58/><D58/><U10/><E10/><V128/><F128/><W20/><G20/><T59/><D59/><U80/><E66/><V64/><F64/><W19/><G56/><T33/><D33/><U55/><E37/><V63/><F76/><W114/><G4/><T88/><D91/><U101/><E71/><V45/><F74/><W52/><G0/><T23/><D23/><U22/><E22/><V87/><F92/><AGARI ba="0,0" hai="40,46,49,72,78,82,86,88,92,97,100,104,121,123" machi="92" ten="30,7700,0" yaku="7,1,24,2,54,1" doraHai="6" who="0" fromWho="2" sc="251,77,246,0,114,-77,389,0" owari="328,12.8,246,-15.4,37,-46.3,389,48.9" /></mjloggm>