<mjloggm ver="2.3"><GO type="169" lobby="0"/><UN n0="%E3%82%A6%E3%82%A9%E3%83%AB%E3%83%AD%E3%83%83%E3%83%88" n1="%E8%87%AA%E6%91%B8%E3%81%AE%E3%81%BF" n2="%E3%81%82%E3%81%AF%E3%82%82" n3="%E6%81%8B%E3%81%AE%E3%81%86%E3%81%9F" dan="18,16,16,17" rate="2223.85,2096.44,2179.95,2233.46" sx="M,M,M,M"/><TAIKYOKU oya="0"/><INIT seed="0,0,0,2,3,104" ten="250,250,250,250" oya="0" hai0="121,5,124,85,114,1,42,83,48,89,95,135,16" hai1="65,87,81,129,134,20,35,112,53,96,3,31,123" hai2="69,8,71,84,119,58,46,97,28,102,70,118,78" hai3="7,59,76,131,105,63,91,117,0,74,67,115,107"/><T113/><D121/><U43/><E123/><V93/><F28/><W55/><G115/><T120/><D120/><U80/><E43/><V19/><F58/><W73/><G117/><N who="2" m="44553" /><F46/><W72/><G76/><T6/><D135/><U30/><E3/><V86/><F78/><W29/><G131/><T100/><D124/><U116/><E35/><V18/><F8/><W50/><G29/><T126/><D126/><U94/><E65/><V4/><F4/><W33/><G33/><T40/><D1/><U101/><E112/><V27/><F27/><W62/><G91/><T52/><D114/><U25/><E129/><V26/><F26/><W41/><G41/><N who="0" m="15979" /><D113/><U106/><E134/><V57/><F57/><W66/><G7/><T125/><D125/><U23/><E53/><V51/><F51/><W10/><G10/><T56/><D16/><AGARI ba="0,0" hai="16,18,19,69,70,71,84,86,93,97,102" m="44553" machi="16" ten="40,2600,0" yaku="12,1,54,1" doraHai="104" who="2" fromWho="0" sc="250,-26,250,0,250,26,250,0" /><INIT seed="1,0,0,0,5,128" ten="224,250,276,250" oya="1" hai0="135,8,42,34,80,5,98,129,4,92,68,133,95" hai1="62,35,64,30,127,44,17,109,23,69,73,85,102" hai2="53,119,70,113,76,49,29,126,82,108,15,131,7" hai3="117,14,130,57,118,124,21,100,11,132,18,91,115"/><U125/><E73/><V22/><F119/><N who="3" m="45579" /><G100/><T9/><D34/><U38/><E109/><V59/><F70/><W19/><G57/><T46/><D68/><U114/><E114/><V13/><F131/><W10/><G91/><T122/><D129/><U123/><E123/><V16/><F108/><W61/><G61/><T112/><D112/><U37/><E85/><V71/><F113/><W12/><G130/><T103/><D122/><U54/><E102/><V66/><F29/><W121/><G115/><T32/><D32/><U90/><E90/><V50/><F126/><N who="1" m="48137" /><E30/><V28/><F28/><W96/><G96/><T33/><D33/><U111/><E35/><V75/><F50/><W81/><G81/><T25/><D25/><N who="1" m="14575" /><E111/><V55/><F55/><W99/><G99/><T58/><D80/><U24/><E24/><V31/><F31/><W87/><G87/><T89/><D89/><U67/><E67/><V51/><F66/><W60/><G121/><T2/><D95/><U26/><E26/><V77/><F77/><W120/><G120/><T52/><D5/><U56/><E44/><V45/><F71/><W101/><G101/><T1/><D1/><U3/><E3/><V48/><REACH who="2" step="1"/><F45/><REACH who="2" ten="224,250,266,250" step="2"/><W63/><G124/><T39/><REACH who="0" step="1"/><D8/><AGARI ba="0,1" hai="7,8,13,15,16,22,48,49,51,53,59,75,76,82" machi="8" ten="40,8000,1" yaku="1,1,2,1,54,1,53,1" doraHai="128" doraHaiUra="72" who="2" fromWho="0" sc="224,-80,250,0,266,90,250,0" /><INIT seed="2,0,0,0,1,42" ten="144,250,356,250" oya="2" hai0="43,97,101,128,15,120,99,73,16,1,129,50,19" hai1="33,107,13,110,64,84,95,126,88,5,119,100,89" hai2="108,62,130,113,78,83,52,57,22,86,37,121,45" hai3="60,127,10,65,79,46,30,35,66,8,44,118,106"/><V11/><F113/><W134/><G118/><T72/><D1/><U53/><E119/><V56/><F121/><W115/><G106/><T23/><D120/><U31/><E126/><V59/><F130/><N who="0" m="50282" /><D19/><U124/><E124/><V24/><F108/><W12/><G127/><T67/><D67/><U74/><E74/><N who="0" m="28777" /><D101/><U112/><E112/><V123/><F11/><W34/><G115/><T28/><D28/><U9/><E110/><V122/><F122/><W25/><G134/><T7/><D7/><U109/><E109/><V93/><F93/><W38/><G38/><T40/><D40/><U0/><E64/><V20/><F123/><W18/><G65/><T133/><D133/><U91/><E0/><V90/><F78/><W98/><G79/><T54/><D43/><U17/><E5/><V68/><F37/><W87/><G35/><T48/><D48/><U92/><E107/><V47/><F68/><W104/><G10/><T21/><D21/><N who="2" m="8298" /><F24/><W29/><G29/><T125/><D125/><U117/><E117/><V94/><F83/><W132/><G132/><T77/><D77/><U70/><E70/><V105/><F105/><W39/><G39/><T61/><D61/><U4/><E4/><V80/><F80/><W63/><G63/><T76/><D76/><U55/><E31/><V41/><F41/><W32/><G32/><T58/><AGARI ba="0,0" hai="15,16,23,50,54,58,97,99" m="28777,50282" machi="58" ten="30,2000,0" yaku="19,1,54,1" doraHai="42" who="0" fromWho="0" sc="144,20,250,-5,356,-10,250,-5" /><INIT seed="3,0,0,4,1,11" ten="164,245,346,245" oya="3" hai0="87,134,63,72,111,93,31,48,0,3,135,78,36" hai1="85,62,95,73,12,90,74,100,102,71,16,34,6" hai2="24,20,91,60,114,7,101,64,8,37,97,128,127" hai3="69,27,92,116,4,70,10,41,108,57,45,118,110"/><W18/><G92/><T59/><D36/><U43/><E34/><V126/><F37/><N who="3" m="21679" /><G18/><T19/><D111/><N who="3" m="42537" /><G27/><T50/><D72/><U42/><E6/><V129/><F91/><W28/><G28/><T103/><D31/><U61/><E74/><V130/><F114/><W52/><G10/><T47/><D19/><U121/><E73/><V94/><F20/><W56/><G56/><T65/><D78/><U55/><E71/><N who="3" m="27146" /><G4/><T107/><D107/><U124/><E121/><V49/><F24/><W131/><G131/><T80/><D80/><U122/><E122/><V22/><F22/><W30/><G30/><T46/><D103/><N who="1" m="39467" /><E124/><V32/><F32/><W26/><G26/><T79/><D79/><U14/><E55/><V23/><F23/><W117/><G117/><T113/><D93/><U17/><E17/><V15/><F49/><AGARI ba="0,0" hai="49,52,57,116,118" m="27146,42537,21679" machi="49" ten="30,12000,1" yaku="14,1,10,1,34,2,54,1" doraHai="11" who="3" fromWho="2" sc="164,0,245,0,346,-120,245,120" /><INIT seed="3,1,0,3,3,32" ten="164,245,226,365" oya="3" hai0="10,71,119,116,79,23,47,16,55,90,96,129,51" hai1="60,111,38,61,84,45,133,42,28,115,81,124,97" hai2="26,27,120,80,131,70,49,94,102,50,34,82,39" hai3="99,112,77,65,74,117,93,59,113,40,63,41,110"/><W101/><G117/><T83/><D71/><U98/><E115/><V92/><F131/><W15/><G110/><T128/><D10/><U121/><E111/><V6/><F70/><W67/><G74/><T72/><D90/><U52/><E121/><V56/><F39/><W108/><G108/><T24/><REACH who="0" step="1"/><D96/><REACH who="0" ten="154,245,226,365" step="2"/><U29/><E98/><V11/><F11/><W64/><G112/><T3/><D3/><U89/><E97/><V126/><F120/><W104/><G113/><T20/><D20/><U106/><E89/><V46/><F34/><W135/><G99/><T69/><D69/><U30/><E106/><V37/><F102/><W44/><G104/><T88/><D88/><U78/><E133/><V19/><F94/><W118/><G135/><T87/><D87/><U31/><E124/><V53/><F92/><W62/><G93/><T36/><D36/><U122/><E122/><V105/><F37/><W17/><G101/><T35/><D35/><U85/><E85/><V21/><F105/><W43/><G65/><T12/><D12/><U95/><E95/><V7/><F126/><W57/><G67/><T4/><D4/><N who="2" m="1578" /><F27/><W66/><G66/><T0/><D0/><U123/><E123/><V5/><N who="2" m="1586" /><V132/><DORA hai="14" /><F132/><W76/><G64/><T2/><D2/><U58/><N who="1" m="7168" /><DORA hai="1" /><U18/><E18/><V100/><F100/><W75/><G17/><T91/><D91/><U33/><E33/><V68/><F68/><W9/><G15/><T73/><D73/><U54/><E81/><V13/><F26/><W125/><G125/><T127/><D127/><RYUUKYOKU ba="1,1" sc="154,15,245,-15,226,15,365,-15" hai0="16,23,24,47,51,55,72,79,83,116,119,128,129" hai2="13,19,21,46,49,50,53,56,80,82" /><INIT seed="4,2,1,0,0,4" ten="169,230,241,350" oya="0" hai0="8,22,77,61,11,94,58,42,70,51,2,109,5" hai1="57,111,71,55,40,31,21,103,9,82,118,92,114" hai2="36,19,50,68,124,49,41,80,34,101,99,29,43" hai3="72,12,25,64,6,96,108,1,26,117,45,116,13"/><T78/><D109/><U135/><E111/><V98/><F68/><W79/><G108/><T0/><D70/><U123/><E118/><V67/><F67/><W129/><G117/><T16/><D42/><U38/><E123/><V39/><F80/><W104/><G116/><T130/><D51/><U126/><E9/><V113/><F113/><W48/><G1/><T73/><D73/><U60/><E21/><V102/><F19/><W37/><G37/><T59/><D130/><U127/><E31/><V93/><F29/><W35/><G104/><T75/><D75/><U107/><E82/><V17/><F17/><W84/><G72/><T7/><D94/><U131/><E131/><V128/><F128/><W81/><G35/><T46/><D46/><N who="1" m="23831" /><E92/><V121/><F93/><W119/><G6/><T120/><D120/><U18/><E18/><V89/><F121/><W23/><G23/><T47/><D47/><U65/><E103/><V85/><F85/><W66/><G96/><T32/><D32/><U100/><E114/><V27/><F34/><W125/><G119/><T3/><D3/><U76/><E76/><V86/><F86/><W33/><G33/><T97/><D97/><N who="1" m="61839" /><E135/><V133/><F133/><W52/><G129/><T91/><D91/><U53/><E53/><V15/><F89/><W69/><G79/><T83/><D83/><U88/><E88/><V122/><F122/><W74/><G81/><T105/><D105/><U28/><E28/><V24/><REACH who="2" step="1"/><F15/><REACH who="2" ten="169,230,231,350" step="2"/><W106/><G74/><T14/><D59/><U44/><E71/><V132/><F132/><W20/><G69/><RYUUKYOKU ba="2,2" sc="169,10,230,10,231,10,350,-30" hai0="0,2,5,7,8,11,14,16,22,58,61,77,78" hai1="44,55,57,60,65,126,127" hai2="24,27,36,39,41,43,49,50,98,99,101,102,124" /><INIT seed="4,3,2,3,0,44" ten="179,240,241,320" oya="0" hai0="72,0,71,58,131,30,135,27,73,85,49,69,109" hai1="125,23,64,113,81,10,45,70,122,134,48,15,52" hai2="107,104,112,14,37,91,32,5,97,128,54,114,111" hai3="90,7,120,65,19,103,126,78,74,24,34,108,94"/><T84/><D0/><U51/><E122/><V35/><F111/><W95/><G108/><T21/><D109/><U20/><E134/><V87/><F37/><W59/><G7/><T129/><D135/><U12/><E125/><V36/><F36/><W102/><G74/><N who="0" m="28779" /><D85/><U9/><E113/><N who="2" m="43627" /><F128/><N who="0" m="49226" /><D84/><U13/><E70/><N who="0" m="26633" /><D58/><N who="1" m="33031" /><E64/><V118/><F118/><W99/><G65/><T93/><D93/><U47/><E47/><V116/><F116/><W26/><G94/><T42/><D42/><N who="1" m="25015" /><E81/><N who="2" m="49647" /><F54/><W3/><G120/><T101/><D101/><U18/><E23/><V29/><F97/><W127/><G127/><T4/><D4/><U55/><E55/><V2/><F2/><W50/><G126/><T80/><D80/><U123/><E123/><V100/><F100/><W1/><G103/><T115/><D115/><U66/><E66/><V88/><F88/><W67/><G90/><T121/><D121/><U92/><E92/><V110/><F110/><W60/><G95/><T33/><D49/><U16/><E18/><V6/><F6/><W8/><G19/><T22/><AGARI ba="3,2" hai="21,22,27,30,33" m="26633,49226,28779" machi="22" ten="40,2100,0" yaku="19,1" doraHai="44" who="0" fromWho="0" sc="179,50,240,-10,241,-10,320,-10" /><INIT seed="4,4,0,4,3,24" ten="229,230,231,310" oya="0" hai0="91,129,100,127,82,28,37,56,134,65,130,60,124" hai1="93,15,102,36,61,97,22,80,104,14,66,113,11" hai2="19,88,92,32,81,85,96,2,101,70,110,29,90" hai3="44,55,98,4,122,69,115,57,18,3,9,125,49"/><T84/><D37/><U121/><E121/><V13/><F2/><W89/><G69/><T72/><D72/><U118/><E118/><V87/><F110/><W20/><G115/><T7/><D7/><U51/><E36/><V64/><F70/><W83/><G125/><N who="0" m="48203" /><D100/><U111/><E111/><V39/><F39/><W73/><G122/><T54/><D28/><U94/><E113/><V120/><F120/><W79/><G98/><T0/><D0/><U12/><E80/><V119/><F119/><W30/><G89/><T99/><D99/><U41/><E11/><V27/><F64/><W76/><G76/><T5/><D5/><U135/><E135/><V43/><F43/><W116/><G116/><T78/><D78/><U128/><E128/><N who="0" m="49257" /><D65/><U6/><E6/><V117/><F117/><W47/><REACH who="3" step="1"/><G30/><REACH who="3" ten="229,230,231,300" step="2"/><T53/><D53/><U68/><E104/><V126/><F126/><W34/><G34/><T25/><D25/><AGARI ba="4,1" hai="3,4,9,18,20,25,44,47,49,55,57,73,79,83" machi="25" ten="30,2000,0" yaku="1,1,7,1,53,0" doraHai="24" doraHaiUra="108" who="3" fromWho="0" sc="229,-32,230,0,231,0,300,42" /><INIT seed="5,0,0,2,0,28" ten="197,230,231,342" oya="1" hai0="61,135,81,78,18,124,123,89,111,40,110,73,115" hai1="103,97,98,93,133,14,65,38,24,131,27,59,129" hai2="71,67,36,5,104,96,79,17,20,39,106,86,119" hai3="44,55,30,58,35,22,118,105,114,126,13,3,52"/><U12/><E38/><V34/><F119/><W108/><G108/><T50/><D115/><U10/><E133/><V51/><F51/><W54/><G3/><T68/><D135/><U29/><E65/><V16/><F5/><W70/><G105/><T4/><D124/><U21/><E27/><V113/><F113/><W26/><G70/><T127/><D127/><U128/><E59/><V60/><F34/><W117/><G114/><T130/><D130/><U33/><E21/><V31/><F31/><W23/><G126/><T102/><D123/><U64/><E64/><V99/><F104/><W74/><G74/><T47/><D102/><U69/><E69/><V9/><F9/><W125/><G44/><T1/><D89/><N who="1" m="55471" /><E10/><V82/><F17/><N who="3" m="10543" /><G23/><T83/><D83/><U66/><E66/><V80/><F80/><W49/><G125/><T92/><D92/><AGARI ba="0,0" hai="12,14,24,29,33,92,98,103,128,129,131" m="55471" machi="92" ten="30,2900,0" yaku="19,1,52,1" doraHai="28" who="1" fromWho="0" sc="197,-29,230,29,231,0,342,0" /><INIT seed="5,1,0,3,4,104" ten="168,259,231,342" oya="1" hai0="83,21,127,117,2,51,56,99,10,72,4,8,34" hai1="134,69,93,111,84,131,119,23,70,118,77,85,108" hai2="46,47,42,37,128,114,95,61,41,30,15,27,80" hai3="81,102,12,45,97,88,14,11,25,100,43,78,6"/><U71/><E23/><V31/><F128/><W19/><G25/><T101/><D117/><N who="1" m="44555" /><E93/><V0/><F0/><W105/><G102/><T91/><D127/><U76/><E131/><V29/><F114/><W98/><G98/><T73/><D34/><U18/><E18/><V87/><F95/><W75/><G88/><T7/><D21/><U57/><E57/><V64/><F15/><W48/><REACH who="3" step="1"/><G19/><REACH who="3" ten="168,259,231,332" step="2"/><T63/><D91/><U38/><E134/><V82/><F27/><W120/><G120/><T26/><D26/><U49/><E38/><V17/><F17/><W35/><G35/><T66/><D83/><U68/><N who="1" m="17408" /><DORA hai="74" /><U1/><E1/><AGARI ba="1,1" hai="1,6,11,12,14,43,45,48,75,78,81,97,100,105" machi="1" ten="30,7700,0" yaku="1,1,7,1,52,2,53,0" doraHai="104,74" doraHaiUra="67,52" who="3" fromWho="1" sc="168,0,259,-80,231,0,332,90" /><INIT seed="6,0,0,0,2,70" ten="168,179,231,422" oya="2" hai0="66,113,129,7,72,36,85,133,22,56,115,121,39" hai1="120,123,19,119,101,105,83,25,100,31,18,64,110" hai2="93,81,92,38,30,14,33,12,84,10,45,126,1" hai3="98,34,135,132,0,111,125,48,54,42,63,69,82"/><V43/><F126/><W62/><G0/><T8/><D72/><U103/><E110/><V104/><F104/><W67/><G34/><T128/><D121/><N who="1" m="46667" /><E119/><V3/><F14/><W23/><G111/><T91/><D133/><N who="3" m="51273" /><G42/><T94/><D22/><N who="1" m="15799" /><E64/><V17/><F3/><W76/><G98/><T32/><D32/><U95/><E105/><V108/><F108/><W122/><G63/><N who="0" m="38247" /><D8/><U35/><E35/><V29/><F1/><W2/><G2/><T75/><D7/><U4/><E4/><V24/><REACH who="2" step="1"/><F29/><REACH who="2" ten="168,179,221,422" step="2"/><W40/><G125/><T99/><D75/><U57/><E18/><V21/><F21/><W107/><G107/><T97/><D115/><U27/><E19/><V117/><F117/><W124/><G124/><T87/><D113/><U116/><E116/><V90/><AGARI ba="0,1" hai="10,12,17,24,30,33,38,43,45,81,84,90,92,93" machi="90" ten="20,7800,0" yaku="1,1,0,1,7,1,52,1,53,0" doraHai="70" doraHaiUra="55" who="2" fromWho="2" sc="168,-26,179,-26,221,88,422,-26" /><INIT seed="6,1,0,1,0,8" ten="142,153,309,396" oya="2" hai0="82,94,31,105,110,113,69,54,98,57,9,126,114" hai1="68,75,13,99,52,106,4,93,70,119,65,34,100" hai2="77,92,40,129,108,120,23,60,80,25,117,111,42" hai3="47,50,61,90,33,20,28,73,127,132,115,29,76"/><V67/><F117/><W46/><G33/><T58/><D105/><U107/><E34/><V63/><F120/><W74/><G76/><T7/><D69/><U51/><E75/><V72/><F92/><W2/><G2/><N who="0" m="247" /><D110/><N who="2" m="42026" /><F129/><W44/><G50/><T104/><D104/><U30/><E30/><N who="2" m="17727" /><F63/><W26/><G61/><T84/><D126/><U45/><E119/><V130/><F130/><W86/><G127/><T53/><D31/><U101/><E101/><V11/><F11/><W97/><G28/><T103/><D54/><U96/><E107/><V55/><F55/><W48/><G29/><T56/><D53/><U124/><E124/><V36/><F36/><W38/><G38/><T0/><D0/><U41/><E65/><V102/><F102/><W109/><G109/><T6/><D6/><U66/><E66/><V24/><F24/><W22/><G26/><T112/><D58/><AGARI ba="1,0" hai="40,42,58,60,67,72,77,80" m="17727,42026" machi="58" ten="30,1500,0" yaku="10,1" doraHai="8" who="2" fromWho="0" sc="142,-18,153,0,309,18,396,0" /><INIT seed="6,2,0,3,1,119" ten="124,153,327,396" oya="2" hai0="59,49,72,44,7,55,121,45,63,130,31,5,75" hai1="87,78,96,43,131,51,21,91,20,61,90,57,66" hai2="79,32,86,28,84,8,76,36,112,134,26,48,62" hai3="128,74,40,56,122,15,35,100,10,14,70,38,73"/><V19/><F36/><W97/><G122/><T88/><D130/><U69/><E131/><V65/><F112/><W113/><G128/><T11/><D121/><U13/><E78/><V54/><F134/><W29/><G70/><T17/><D44/><U118/><E118/><V3/><F79/><W77/><G15/><T125/><D125/><U108/><E108/><V18/><F3/><W124/><G56/><T60/><D60/><U99/><E91/><V120/><F120/><W4/><G29/><T6/><D31/><U80/><E69/><V58/><F8/><W53/><G35/><T30/><D30/><U0/><E0/><V104/><F104/><W2/><G53/><T33/><D33/><U64/><E64/><V67/><F67/><W23/><G124/><T110/><D110/><U107/><E107/><V101/><F101/><W52/><G52/><T115/><D115/><U71/><E71/><V85/><REACH who="2" step="1"/><F76/><REACH who="2" ten="124,153,317,396" step="2"/><W16/><G113/><T109/><D109/><U82/><E66/><V41/><F41/><W39/><G40/><T114/><D114/><U92/><E43/><V22/><F22/><W93/><G77/><T68/><D68/><AGARI ba="2,1" hai="18,19,26,28,32,48,54,58,62,65,68,84,85,86" machi="68" ten="40,3900,0" yaku="1,1,53,1" doraHai="119" doraHaiUra="47" who="2" fromWho="0" sc="124,-45,153,0,317,55,396,0" /><INIT seed="6,3,0,4,5,123" ten="79,153,372,396" oya="2" hai0="25,63,40,31,90,47,33,64,19,85,22,41,76" hai1="29,36,128,118,130,49,117,86,9,100,108,106,107" hai2="38,135,68,32,114,87,121,35,5,39,15,134,102" hai3="48,122,129,52,112,133,26,93,21,95,46,111,96"/><V82/><F121/><W83/><G111/><T24/><D76/><U55/><E36/><N who="2" m="13867" /><F102/><W88/><G122/><T105/><D105/><U103/><E29/><V3/><F3/><W58/><G129/><N who="1" m="49770" /><E108/><V92/><F92/><W59/><G133/><N who="2" m="50697" /><F68/><W94/><G112/><T73/><D73/><U17/><E86/><V99/><F99/><W27/><G27/><T131/><D131/><U7/><E17/><V65/><F65/><W54/><G83/><T62/><D62/><U23/><E23/><V1/><F1/><W72/><G72/><T16/><D19/><U18/><E18/><V84/><F114/><W109/><G109/><T74/><D74/><U67/><E67/><V113/><F113/><W6/><G6/><T70/><REACH who="0" step="1"/><D47/><REACH who="0" ten="69,153,372,396" step="2"/><N who="1" m="28095" /><E106/><V125/><F125/><W110/><G110/><T12/><D12/><N who="1" m="5183" /><E107/><V56/><F56/><W69/><G58/><T126/><D126/><U98/><E98/><V11/><F87/><W77/><G96/><T28/><D28/><U81/><E81/><AGARI ba="3,1" hai="16,22,24,25,31,33,40,41,63,64,70,81,85,90" machi="81" ten="30,7700,0" yaku="1,1,7,1,54,1,53,1" doraHai="123" doraHaiUra="30" who="0" fromWho="1" sc="69,96,153,-86,372,0,396,0" /><INIT seed="7,0,0,0,1,65" ten="165,67,372,396" oya="3" hai0="49,17,85,5,63,44,101,38,81,10,74,80,13" hai1="16,108,116,84,36,69,112,31,7,62,26,111,23" hai2="96,120,126,45,130,103,90,19,37,97,3,50,100" hai3="47,66,124,25,42,93,48,122,91,78,125,89,56"/><W135/><G122/><T12/><D38/><U32/><E36/><V34/><F120/><W8/><G135/><T9/><D74/><U24/><E116/><V1/><F130/><W134/><G134/><T59/><D101/><U99/><E112/><V133/><F34/><W33/><G78/><T114/><D114/><U105/><E7/><V121/><F121/><W14/><G66/><N who="0" m="39295" /><D85/><U113/><E113/><V64/><F133/><W53/><G25/><T51/><D51/><U118/><E118/><V102/><F37/><N who="3" m="21967" /><G93/><T128/><D128/><U109/><E84/><V43/><F126/><N who="3" m="48747" /><G33/><T28/><D28/><U110/><N who="1" m="27648" /><DORA hai="29" /><U77/><E77/><V106/><F64/><W76/><G76/><T40/><AGARI ba="0,0" hai="5,9,10,12,13,17,40,44,49,80,81" m="39295" machi="40" ten="30,1100,0" yaku="8,1" doraHai="65,29" who="0" fromWho="0" sc="165,11,67,-3,372,-3,396,-5" owari="176,-22.4,64,-43.6,369,16.9,391,49.1" /></mjloggm>