<mjloggm ver="2.3"><GO type="169" lobby="0"/><UN n0="%6F%6C%69%76%65%72" n1="%E3%81%99%E3%81%84%E3%81%A1%E3%82%83%E3%82%93%E5%A4%A7%E5%A5%BD%E3%81%8D" n2="%E7%94%9F%E5%BE%92%E4%BC%9A%E3%80%90%E5%BA%8F%E3%80%91" n3="%E5%B0%8F%E4%B8%89%E5%85%83%E5%8D%97%E5%8D%98%E9%A8%8E" dan="16,16,17,16" rate="2056.22,2104.45,2157.56,2088.66" sx="M,M,M,M"/><TAIKYOKU oya="0"/><INIT seed="0,0,0,5,1,135" ten="250,250,250,250" oya="0" hai0="17,14,0,46,52,54,110,68,60,120,41,76,115" hai1="21,51,118,59,114,43,34,66,55,133,28,84,79" hai2="64,18,72,97,82,7,100,74,95,123,44,73,22" hai3="122,2,61,87,92,9,25,48,57,130,62,119,49"/><T27/><D115/><U37/><E114/><V16/><F123/><W85/><G119/><T15/><D120/><U117/><E133/><V13/><F64/><W78/><G122/><T77/><D0/><U47/><E34/><V132/><F132/><W116/><G116/><T124/><D110/><U80/><E28/><V33/><F33/><W40/><G130/><T38/><D27/><U105/><E105/><V104/><F7/><W4/><G25/><T30/><D30/><U111/><E111/><V127/><F44/><W128/><G128/><T106/><D106/><U102/><E102/><V20/><F104/><W75/><G75/><T103/><D103/><U53/><E21/><V63/><F63/><W45/><G87/><T99/><D99/><U109/><E109/><V50/><F50/><W107/><G107/><T108/><D14/><U94/><E53/><V29/><F29/><W36/><G62/><T35/><D35/><U125/><E94/><V10/><F127/><W98/><G85/><T112/><D124/><U58/><E125/><V56/><F56/><W8/><G8/><N who="0" m="6375" /><D112/><U90/><E79/><N who="0" m="30281" /><D108/><U23/><E23/><V5/><F82/><W131/><G131/><T96/><D96/><U31/><E31/><V24/><REACH who="2" step="1"/><F73/><REACH who="2" ten="250,250,240,250" step="2"/><W121/><G121/><T19/><D19/><U86/><E117/><V71/><F71/><W69/><G69/><T65/><D68/><U11/><E118/><V134/><F134/><W113/><G113/><T26/><D65/><U126/><E66/><V32/><F32/><W3/><G4/><T12/><D60/><U81/><E126/><RYUUKYOKU ba="0,1" sc="250,-10,250,-10,240,30,250,-10" hai2="5,10,13,16,18,20,22,24,72,74,95,97,100" /><INIT seed="1,1,1,4,2,106" ten="240,240,270,240" oya="1" hai0="27,97,13,88,101,4,28,135,11,7,32,74,34" hai1="122,35,94,89,6,114,51,58,36,117,17,130,62" hai2="63,59,69,111,95,124,80,123,67,52,9,57,86" hai3="96,93,26,90,3,126,125,129,55,100,85,40,98"/><U8/><E117/><V108/><F123/><W75/><G3/><T78/><D135/><U33/><E114/><V104/><F104/><N who="3" m="63495" /><G40/><T107/><D34/><U12/><E130/><V25/><F124/><N who="3" m="47723" /><G26/><T42/><D42/><U37/><E122/><V44/><F95/><N who="3" m="54735" /><G55/><T19/><REACH who="0" step="1"/><D88/><REACH who="0" ten="230,240,270,240" step="2"/><U61/><E33/><V76/><F111/><W66/><G66/><T20/><D20/><U56/><E35/><V105/><F108/><W29/><G29/><T0/><D0/><U1/><E36/><V84/><F9/><W38/><G38/><T132/><D132/><U39/><E37/><V31/><F105/><W2/><G2/><T116/><D116/><U21/><E39/><V22/><F69/><W82/><G129/><T15/><D15/><U118/><E118/><V16/><F44/><W5/><G5/><T81/><AGARI ba="1,2" hai="4,7,11,13,19,27,28,32,74,78,81,97,101,107" machi="81" ten="30,4000,0" yaku="1,1,0,1,52,1,53,0" doraHai="106" doraHaiUra="127" who="0" fromWho="0" sc="230,63,240,-21,270,-11,240,-11" /><INIT seed="2,0,0,4,5,120" ten="293,219,259,229" oya="2" hai0="54,81,119,50,8,27,134,23,35,84,69,79,74" hai1="133,105,47,95,135,16,76,125,64,2,61,7,3" hai2="29,38,91,116,9,22,117,48,128,94,32,0,126" hai3="20,96,124,42,86,109,115,56,93,113,107,1,129"/><V99/><F38/><W70/><G70/><T88/><D134/><N who="1" m="51211" /><E105/><V40/><F126/><W21/><G124/><T118/><D69/><U114/><E125/><V104/><F128/><W39/><G129/><T90/><D35/><U60/><E76/><V71/><F71/><W122/><G122/><T5/><D74/><U80/><E114/><N who="3" m="43530" /><G1/><T34/><D34/><U65/><E7/><V112/><F112/><W17/><G107/><T83/><D83/><U67/><E80/><V102/><F32/><W132/><G132/><T59/><D118/><U6/><E6/><V68/><F68/><W12/><G86/><T19/><REACH who="0" step="1"/><D119/><REACH who="0" ten="283,219,259,229" step="2"/><U37/><E2/><AGARI ba="0,1" hai="2,5,8,19,23,27,50,54,59,79,81,84,88,90" machi="2" ten="30,8000,1" yaku="1,1,2,1,7,1,54,1,53,1" doraHai="120" doraHaiUra="51" who="0" fromWho="1" sc="283,90,219,-80,259,0,229,0" /><INIT seed="3,0,0,3,1,133" ten="373,139,259,229" oya="3" hai0="32,29,49,23,117,33,34,22,7,45,26,14,83" hai1="97,116,9,62,108,119,107,52,40,60,75,69,25" hai2="12,128,106,93,91,127,46,94,101,90,21,39,0" hai3="84,57,4,17,120,88,92,95,110,111,61,35,44"/><W124/><G120/><T87/><D117/><U89/><E75/><V134/><F0/><W56/><G35/><T129/><D129/><U82/><E108/><N who="3" m="41514" /><G4/><T50/><D45/><U109/><E109/><V74/><F46/><W24/><G44/><T132/><D132/><U121/><E40/><V67/><F67/><N who="3" m="39335" /><G57/><T47/><D47/><U99/><E121/><V122/><F39/><W131/><G131/><T1/><D1/><U63/><E69/><V59/><F128/><W16/><G124/><T54/><D54/><U72/><E52/><V78/><F59/><W113/><G113/><T135/><D135/><U86/><E72/><V98/><F134/><W100/><G24/><T6/><D6/><U73/><E73/><V18/><F122/><W53/><G53/><T102/><D7/><U51/><E25/><V76/><F127/><W2/><G2/><T30/><D14/><U10/><E116/><V125/><F74/><W43/><G43/><T31/><D26/><U103/><E119/><V3/><F125/><W28/><G28/><T20/><REACH who="0" step="1"/><D102/><REACH who="0" ten="363,139,259,229" step="2"/><U70/><E103/><V55/><F55/><W19/><G100/><T36/><D36/><U13/><E13/><V118/><F3/><W96/><G96/><T42/><D42/><U130/><E99/><N who="2" m="61759" /><F118/><W37/><G37/><T126/><D126/><U38/><E130/><V105/><F105/><W58/><G58/><T80/><D80/><AGARI ba="0,1" hai="16,17,19,80,84,88,92,95" m="39335,41514" machi="80" ten="30,11600,0" yaku="14,1,10,1,54,2" doraHai="133" who="3" fromWho="0" sc="363,-116,139,0,259,0,229,126" /><INIT seed="3,1,0,1,3,91" ten="247,139,259,355" oya="3" hai0="71,31,72,60,8,45,49,40,134,121,18,63,112" hai1="24,39,94,107,101,62,105,111,23,128,12,64,104" hai2="87,97,73,93,66,69,117,82,11,15,44,4,20" hai3="84,122,119,129,53,83,75,61,70,113,54,108,135"/><W28/><G28/><T127/><D121/><U37/><E111/><V106/><F117/><W77/><G119/><T58/><D72/><U68/><E128/><V3/><F73/><W76/><G122/><T14/><D127/><U38/><E12/><V32/><F32/><W103/><G113/><T125/><D125/><U16/><REACH who="1" step="1"/><E94/><REACH who="1" ten="247,129,259,355" step="2"/><V74/><F106/><W47/><G129/><T59/><D14/><U1/><E1/><V123/><F123/><W85/><G108/><T88/><D112/><U9/><E9/><V118/><F118/><W52/><G135/><T55/><D134/><U34/><E34/><V21/><F3/><W115/><G115/><T27/><D8/><U100/><AGARI ba="1,1" hai="16,23,24,37,38,39,62,64,68,100,101,104,105,107" machi="100" ten="40,8000,1" yaku="1,1,0,1,54,1,53,1" doraHai="91" doraHaiUra="57" who="1" fromWho="1" sc="247,-21,129,93,259,-21,355,-41" /><INIT seed="4,0,0,2,0,30" ten="226,222,238,314" oya="0" hai0="65,38,21,135,129,3,96,18,1,20,61,75,71" hai1="115,108,54,8,124,34,111,36,15,130,95,2,77" hai2="131,127,56,33,105,98,39,60,86,26,40,120,94" hai3="67,72,92,41,44,42,5,133,134,17,59,114,104"/><T4/><D75/><U9/><E36/><V16/><F120/><W7/><G104/><T103/><D135/><N who="3" m="51721" /><G72/><T113/><D113/><U126/><E130/><V10/><F131/><W45/><G17/><T37/><D129/><U0/><E77/><V116/><F116/><W85/><G85/><T23/><D18/><U29/><E54/><V68/><F68/><W35/><G92/><T102/><D102/><U117/><E95/><V106/><F127/><N who="1" m="48681" /><E117/><V24/><F86/><W122/><G35/><T112/><D112/><U119/><E119/><V25/><F33/><W27/><G27/><T58/><D71/><U66/><E66/><V69/><F69/><W132/><G122/><T43/><D43/><U76/><E76/><V121/><F121/><W6/><G114/><T81/><D81/><U88/><E88/><V31/><F106/><W101/><G101/><T74/><D74/><U51/><E51/><V84/><F105/><W100/><G100/><T63/><D63/><U128/><E115/><V19/><F84/><W64/><G132/><T83/><D83/><U11/><E15/><N who="2" m="7287" /><F94/><W78/><G78/><T12/><D38/><U87/><E87/><V93/><F93/><W89/><G89/><T62/><D37/><U52/><E128/><V46/><F98/><W109/><G109/><N who="1" m="42058" /><E52/><N who="2" m="33799" /><F31/><W57/><G67/><N who="0" m="39351" /><D96/><U14/><E14/><V13/><F13/><W80/><G80/><T110/><D110/><U107/><E107/><V118/><F118/><W125/><G125/><T70/><D103/><U90/><E90/><V47/><F47/><N who="3" m="17995" /><G64/><T50/><D50/><U49/><E49/><RYUUKYOKU ba="0,0" sc="226,0,222,0,238,0,314,0" hai0="1,3,4,12,20,21,23,62,65,70" hai1="0,2,8,9,11,29,34" hai2="19,24,25,26,39,40,46" hai3="5,6,7,41,42,57,59" /><INIT seed="4,1,0,0,0,16" ten="226,222,238,314" oya="0" hai0="52,107,130,18,103,46,34,124,119,122,64,117,127" hai1="128,49,65,37,92,15,109,129,60,105,101,12,76" hai2="56,30,114,4,67,53,66,84,100,113,0,87,93" hai3="55,95,26,112,9,75,69,118,88,8,1,21,77"/><T10/><D122/><U131/><E76/><V98/><F30/><W38/><G118/><T47/><D34/><U102/><E37/><V29/><F29/><W45/><G69/><T17/><D64/><N who="2" m="24618" /><F4/><W78/><G112/><N who="2" m="43113" /><F0/><W54/><G54/><T58/><D130/><U121/><E109/><V134/><F134/><W40/><G55/><T120/><D120/><U61/><E121/><V73/><F73/><W27/><G27/><T111/><D111/><U68/><E105/><V35/><F35/><W32/><G32/><T3/><D3/><U110/><E110/><V123/><F123/><W41/><G40/><T5/><D5/><U106/><E106/><V7/><F7/><W62/><G62/><AGARI ba="1,0" hai="53,56,62,84,87,93,98,100" m="43113,24618" machi="62" ten="30,1000,0" yaku="15,1" doraHai="16" who="2" fromWho="3" sc="226,0,222,0,238,13,314,-13" /><INIT seed="5,0,0,4,4,36" ten="226,222,251,301" oya="1" hai0="93,106,1,107,122,15,123,14,16,67,22,37,65" hai1="90,30,59,64,132,11,78,95,24,29,115,102,45" hai2="57,18,41,53,109,61,5,74,111,75,28,103,120" hai3="83,13,68,27,76,12,66,96,51,85,43,110,2"/><U112/><E132/><V121/><F103/><W19/><G2/><T99/><D1/><U62/><E102/><V0/><F18/><W21/><G110/><N who="2" m="41993" /><F28/><W131/><G131/><T119/><D37/><U88/><E78/><V39/><F5/><W135/><G135/><T104/><D119/><U81/><E11/><V8/><F8/><W134/><G134/><T126/><D126/><U77/><E90/><V92/><F92/><W6/><G6/><T80/><D14/><U56/><E56/><V82/><F82/><W91/><G66/><T71/><D80/><U52/><E64/><V130/><F75/><W105/><G68/><T10/><D10/><U128/><E128/><V84/><F84/><W97/><G105/><T86/><D86/><U7/><E7/><V34/><F74/><W113/><G113/><N who="1" m="43594" /><E24/><V47/><F34/><W23/><G91/><N who="0" m="55743" /><D71/><U98/><E45/><N who="2" m="23743" /><F0/><W17/><G27/><T114/><D114/><U129/><E129/><V118/><F130/><W125/><G125/><T31/><D31/><U108/><E108/><V70/><F118/><W26/><G26/><T116/><D116/><U3/><E3/><V63/><F47/><AGARI ba="0,0" hai="12,13,17,19,21,23,43,47,51,76,83,85,96,97" machi="47" ten="40,5200,0" yaku="9,1,8,1,52,1" doraHai="36" who="3" fromWho="2" sc="226,0,222,0,251,-52,301,52" /><INIT seed="6,0,0,3,2,121" ten="226,222,199,353" oya="2" hai0="127,111,37,61,117,122,92,59,53,1,63,5,60" hai1="64,134,13,4,6,52,116,74,106,115,32,93,30" hai2="86,97,46,54,103,48,96,55,39,16,10,73,65" hai3="80,3,130,95,27,105,14,132,125,49,98,88,68"/><V33/><F73/><W87/><G3/><T2/><D111/><U34/><E116/><V17/><F33/><W21/><G68/><T8/><D122/><U0/><E106/><V108/><F39/><W40/><G125/><T41/><D127/><U89/><E115/><V110/><F65/><W91/><G132/><T47/><D117/><U129/><E74/><V19/><F86/><W79/><G105/><T7/><D92/><U43/><E134/><V12/><F54/><W35/><G35/><T72/><D72/><U15/><E0/><V45/><F45/><N who="3" m="25767" /><G14/><T119/><D119/><U101/><E129/><V58/><F46/><W126/><G130/><T90/><D90/><U11/><E64/><V31/><F31/><N who="3" m="17903" /><G126/><T123/><D123/><U75/><E75/><V107/><REACH who="2" step="1"/><F97/><REACH who="2" ten="226,222,189,353" step="2"/><W22/><G22/><T36/><D37/><U69/><E52/><V102/><F102/><AGARI ba="0,1" hai="79,80,87,88,91,95,98,102" m="17903,25767" machi="102" ten="30,2000,0" yaku="8,1,54,1" doraHai="121" who="3" fromWho="2" sc="226,0,222,0,189,-20,353,30" /><INIT seed="7,0,0,3,5,91" ten="226,222,169,383" oya="3" hai0="122,101,109,55,88,93,18,66,46,41,90,7,10" hai1="118,132,62,135,34,21,105,58,89,84,99,77,75" hai2="82,60,87,17,27,114,128,35,81,9,25,120,127" hai3="125,80,98,95,14,83,103,13,130,86,11,39,71"/><W68/><G39/><T23/><D109/><U37/><E118/><V59/><F127/><W44/><G125/><T124/><D122/><U104/><E37/><V106/><F106/><W73/><G44/><T32/><D32/><U69/><E69/><V134/><F120/><W48/><G48/><T12/><D66/><U20/><E34/><V100/><F128/><W97/><G73/><T107/><D55/><U92/><E75/><V63/><F134/><N who="1" m="51241" /><E77/><V50/><F114/><W78/><G83/><T16/><D124/><U61/><E61/><V129/><F100/><W22/><G130/><T6/><D107/><N who="1" m="41035" /><E99/><V24/><F35/><W49/><G98/><N who="0" m="57639" /><D90/><U70/><E70/><V19/><F129/><W121/><G71/><T112/><D101/><U65/><AGARI ba="0,0" hai="20,21,58,62,65,84,89,92" m="41035,51241" machi="65" ten="30,2000,0" yaku="20,1,52,1" doraHai="91" who="1" fromWho="1" sc="226,-5,222,20,169,-5,383,-10" owari="221,-17.9,242,4.2,164,-33.6,373,47.3" /></mjloggm>