<mjloggm ver="2.3"><GO type="169" lobby="0"/><UN n0="%E3%82%B5%E3%83%95%E3%82%A9%E3%83%BC%E3%82%AF%E3%81%AE%E7%94%BA" n1="%53%6F%6C%69%64" n2="%67%6F%6B%75%61%6B%75" n3="%E7%B9%AD%E3%82%92%E8%A7%A3%E3%81%8F" dan="16,17,17,17" rate="2166.84,2150.86,2220.02,2219.09" sx="M,M,M,M"/><TAIKYOKU oya="0"/><INIT seed="0,0,0,3,1,82" ten="250,250,250,250" oya="0" hai0="5,36,72,38,2,6,45,101,42,11,33,135,29" hai1="91,9,98,110,124,83,35,47,21,66,15,56,108" hai2="10,118,7,75,125,67,114,22,88,25,130,121,60" hai3="80,12,133,107,84,100,134,77,17,74,18,106,1"/><T128/><D135/><N who="3" m="51721" /><G1/><T95/><D72/><U76/><E35/><V102/><F121/><W30/><G30/><T3/><D128/><U4/><E124/><V104/><F114/><W111/><G111/><N who="1" m="42538" /><E47/><V44/><F130/><W94/><G18/><T40/><D29/><U105/><E21/><V96/><F125/><W41/><G41/><T32/><D40/><U90/><E66/><V68/><F75/><W119/><G119/><T71/><D71/><U112/><E56/><V50/><F118/><W43/><G43/><T122/><D36/><U79/><E112/><V113/><F113/><W127/><G127/><T37/><D37/><U26/><E26/><V0/><F44/><W70/><G70/><T65/><D65/><U129/><E129/><V59/><F50/><W52/><G52/><T13/><D122/><U63/><E63/><V109/><F109/><W24/><G24/><T8/><D13/><U58/><E58/><V46/><F46/><W55/><G55/><T64/><D64/><U99/><E79/><V69/><F69/><W81/><G12/><T103/><D33/><U53/><E53/><V34/><F59/><W89/><G17/><T20/><D20/><U116/><E116/><V115/><F115/><W87/><G74/><T97/><REACH who="0" step="1"/><D32/><REACH who="0" ten="240,250,250,250" step="2"/><U28/><E28/><V62/><F34/><W93/><G100/><AGARI ba="0,1" hai="2,3,5,6,8,11,38,42,45,95,97,100,101,103" machi="100" ten="30,11600,0" yaku="1,1,2,1,7,1,9,1,53,0" doraHai="82" doraHaiUra="85" who="0" fromWho="3" sc="240,126,250,0,250,0,250,-116" /><INIT seed="0,1,0,3,0,91" ten="366,250,250,134" oya="0" hai0="57,122,33,21,88,128,76,92,72,24,59,28,12" hai1="108,10,4,110,130,113,7,9,5,83,123,29,75" hai2="38,120,126,17,73,109,2,86,119,60,78,13,54" hai3="118,49,1,133,51,45,0,6,26,34,50,58,69"/><T48/><D122/><U43/><E123/><V79/><F120/><W106/><G106/><T63/><D128/><U22/><E43/><V32/><F32/><W99/><G69/><T95/><D72/><U14/><E83/><V74/><F2/><W18/><G118/><T87/><D33/><U96/><E75/><V44/><F109/><N who="1" m="42089" /><E96/><V116/><F126/><W11/><G133/><T94/><D76/><U77/><E77/><V131/><F131/><W104/><G1/><T42/><D12/><N who="1" m="5159" /><E130/><V55/><F38/><W114/><G114/><T19/><D19/><N who="1" m="8663" /><E113/><V85/><F60/><W98/><G45/><N who="0" m="25655" /><D57/><U132/><E132/><V56/><F56/><W30/><G104/><T134/><D134/><U112/><E112/><V41/><F41/><W97/><G58/><T102/><D102/><U135/><E135/><V68/><F44/><W23/><REACH who="3" step="1"/><G98/><REACH who="3" ten="366,250,250,124" step="2"/><T3/><D3/><U36/><E36/><V20/><F68/><W25/><AGARI ba="1,1" hai="0,6,11,18,23,25,26,30,34,49,50,51,97,99" machi="25" ten="30,4000,0" yaku="1,1,2,1,0,1,53,0" doraHai="91" doraHaiUra="82" who="3" fromWho="3" sc="366,-21,250,-11,250,-11,124,53" /><INIT seed="1,0,0,0,1,119" ten="345,239,239,177" oya="1" hai0="100,76,26,36,132,59,85,115,63,104,15,60,125" hai1="77,93,13,30,29,126,80,70,28,39,105,3,97" hai2="109,57,96,122,118,44,108,92,116,38,129,89,95" hai3="79,61,37,103,65,16,53,19,110,7,55,134,24"/><U43/><E3/><V111/><F38/><W114/><G114/><T101/><D36/><U18/><E70/><V45/><F57/><W23/><G37/><T10/><D115/><U9/><E126/><V1/><F1/><W51/><G110/><T34/><D132/><U46/><E105/><V50/><F129/><W62/><G134/><T69/><D69/><U67/><E67/><V98/><F45/><W74/><G7/><T75/><D75/><U71/><E71/><V40/><REACH who="2" step="1"/><F122/><REACH who="2" ten="345,239,229,177" step="2"/><W130/><G130/><T22/><D59/><U124/><E124/><V83/><F83/><W48/><G65/><T17/><D125/><U123/><E123/><V120/><F120/><W86/><G62/><T94/><D63/><U87/><REACH who="1" step="1"/><E29/><REACH who="1" ten="345,229,229,177" step="2"/><V56/><F56/><W47/><G47/><T72/><D104/><U113/><E113/><V117/><F117/><W6/><G53/><T73/><D60/><U84/><E84/><V27/><F27/><W135/><G61/><T81/><D85/><U133/><E133/><V66/><F66/><W12/><G86/><T64/><D64/><U14/><E14/><V35/><F35/><W5/><G135/><T91/><D34/><U2/><E2/><V78/><F78/><W54/><G54/><T112/><D112/><U107/><E107/><V32/><F32/><W99/><G55/><T82/><D26/><U121/><E121/><V11/><F11/><W8/><G79/><N who="0" m="44263" /><D10/><U0/><E0/><V127/><F127/><W106/><REACH who="3" step="1"/><G74/><REACH who="3" ten="345,229,229,167" step="2"/><T88/><D73/><U42/><E42/><V49/><F49/><W131/><G131/><RYUUKYOKU ba="0,3" sc="345,-30,229,10,229,10,167,10" hai1="9,13,18,28,30,39,43,46,77,80,87,93,97" hai2="40,44,50,89,92,95,96,98,108,109,111,116,118" hai3="5,6,8,12,16,19,23,24,48,51,99,103,106" /><INIT seed="1,1,3,4,2,134" ten="315,239,239,177" oya="1" hai0="22,116,79,108,87,72,3,125,101,123,44,109,70" hai1="42,43,94,129,2,103,114,93,105,63,61,12,124" hai2="57,1,54,8,127,121,28,30,37,77,48,69,133" hai3="24,55,32,98,15,53,96,73,14,106,9,81,60"/><U100/><E2/><V126/><F121/><W132/><G132/><T71/><D116/><U102/><E114/><V118/><F118/><W40/><G40/><N who="1" m="15402" /><E105/><V62/><F133/><W78/><G15/><T4/><D72/><U99/><E129/><V82/><F37/><W5/><G106/><T51/><D101/><N who="1" m="39019" /><E124/><N who="2" m="47659" /><F69/><W131/><G131/><T59/><D3/><U65/><E65/><N who="2" m="39119" /><F8/><W119/><G119/><T91/><D123/><U66/><E66/><V76/><F1/><W67/><G55/><T135/><D70/><U113/><E113/><V49/><F49/><W130/><G53/><T112/><D51/><U50/><E50/><V35/><F35/><W56/><REACH who="3" step="1"/><G130/><REACH who="3" ten="315,239,239,167" step="2"/><T16/><D125/><U18/><E94/><V13/><F13/><W46/><G46/><T52/><D44/><U84/><E84/><N who="2" m="48199" /><F77/><W34/><G34/><T25/><D79/><U97/><E97/><V85/><F85/><W90/><G90/><T86/><D86/><U41/><E41/><V47/><AGARI ba="1,4" hai="28,30,47,48,54" m="48199,39119,47659" machi="47" ten="30,7900,0" yaku="18,1,52,3" doraHai="134" who="2" fromWho="2" sc="315,-21,239,-40,239,122,167,-21" /><INIT seed="2,0,0,1,2,84" ten="294,199,361,146" oya="2" hai0="4,40,72,44,70,83,74,22,59,57,24,78,81" hai1="5,91,7,26,21,110,129,92,112,105,28,123,90" hai2="47,126,61,34,96,20,48,17,122,68,35,8,6" hai3="49,95,85,46,121,3,86,118,127,15,14,65,58"/><V79/><F122/><W69/><G69/><T9/><D70/><U100/><E112/><V37/><F37/><W63/><G3/><T56/><D81/><U82/><E105/><V39/><F39/><W66/><G118/><T64/><D74/><U124/><E123/><V36/><F36/><W111/><G111/><T89/><D89/><N who="1" m="33803" /><E110/><V88/><F79/><W101/><G127/><T67/><D44/><U45/><E124/><V16/><F126/><W51/><G121/><T128/><D40/><U18/><E129/><V125/><F125/><W0/><G0/><T115/><D115/><U106/><E106/><V108/><F108/><W53/><G66/><T134/><D134/><U131/><E131/><V54/><F68/><W77/><G51/><T132/><D132/><U55/><E82/><V32/><F61/><W103/><G85/><T102/><D102/><N who="3" m="38921" /><G95/><T109/><D109/><U43/><E43/><V12/><REACH who="2" step="1"/><F20/><REACH who="2" ten="294,199,351,146" step="2"/><W29/><G77/><T119/><D128/><U93/><E28/><V97/><F97/><W42/><G29/><T38/><D38/><U31/><E31/><V117/><F117/><W23/><G23/><T107/><D119/><U76/><E76/><V60/><F60/><N who="3" m="38039" /><G86/><T1/><D107/><U10/><E10/><V80/><F80/><W87/><G87/><T99/><D99/><N who="1" m="59495" /><E93/><AGARI ba="0,1" hai="6,8,12,16,17,32,34,35,47,48,54,88,93,96" machi="93" ten="40,12000,1" yaku="1,1,52,1,54,2,53,0" doraHai="84" doraHaiUra="130" who="2" fromWho="1" sc="294,0,199,-120,351,130,146,0" /><INIT seed="2,1,0,4,1,125" ten="294,79,481,146" oya="2" hai0="71,133,11,42,25,72,83,131,41,100,49,97,95" hai1="55,5,74,30,82,115,62,50,16,9,15,106,88" hai2="52,19,98,7,47,123,86,21,126,46,122,4,121" hai3="65,75,104,59,66,40,79,6,53,45,118,119,43"/><V58/><F126/><W116/><G104/><T92/><D71/><U64/><E115/><V34/><F34/><W91/><G91/><T18/><D133/><U10/><E106/><V29/><F29/><W84/><G75/><T93/><D72/><U101/><E101/><V56/><F98/><W17/><G84/><T14/><D83/><U135/><E135/><V81/><F58/><W8/><G17/><T33/><D33/><U112/><E112/><V120/><F120/><W28/><G79/><T26/><D131/><U130/><E130/><V99/><F99/><W102/><G102/><T63/><D63/><U90/><E30/><V2/><F2/><W78/><G78/><T77/><D77/><U132/><E132/><V73/><F73/><W32/><G32/><T96/><D92/><U3/><E82/><V1/><F1/><W51/><G28/><T13/><D13/><U134/><E74/><V23/><F23/><W20/><G20/><T68/><D68/><U103/><E103/><V76/><F7/><W61/><G6/><T127/><D127/><U22/><E22/><V35/><F4/><W38/><G8/><T39/><D39/><U129/><E129/><V70/><F70/><W69/><G66/><T12/><D49/><U124/><E124/><V0/><F0/><W109/><G109/><T113/><D113/><U37/><E37/><V36/><F36/><W54/><G118/><T110/><D110/><U107/><E107/><V111/><F111/><W44/><G38/><T114/><D114/><U80/><E134/><V108/><F108/><W24/><G69/><RYUUKYOKU ba="1,0" sc="294,0,79,0,481,0,146,0" /><INIT seed="3,2,0,0,1,84" ten="294,79,481,146" oya="3" hai0="79,74,7,70,120,58,65,59,63,52,94,1,40" hai1="91,134,76,133,86,127,36,41,51,38,88,110,50" hai2="21,13,109,75,17,0,128,130,82,53,132,22,49" hai3="55,3,30,64,113,92,99,87,42,104,66,118,25"/><W77/><G118/><T26/><D120/><U33/><E33/><V27/><F0/><W44/><G113/><T5/><D70/><U12/><E110/><V129/><F109/><W124/><G3/><T96/><D40/><U106/><E106/><V8/><F132/><N who="1" m="50793" /><E127/><V78/><REACH who="2" step="1"/><F27/><REACH who="2" ten="294,79,471,146" step="2"/><W97/><G25/><T32/><D1/><U23/><E23/><V9/><BYE who="1" /><F9/><W67/><G124/><T29/><D74/><U102/><E102/><V56/><AGARI ba="2,1" hai="8,13,17,21,22,49,53,56,75,78,82,128,129,130" machi="56" ten="30,4000,0" yaku="1,1,0,1,19,1,53,0" doraHai="84" doraHaiUra="111" who="2" fromWho="2" sc="294,-12,79,-12,471,56,146,-22" /><INIT seed="4,0,0,0,2,67" ten="282,67,527,124" oya="0" hai0="58,127,41,113,83,73,95,9,17,126,91,87,135" hai1="119,0,90,57,129,112,108,102,104,18,84,78,97" hai2="117,32,109,132,19,22,38,34,59,130,124,76,26" hai3="45,52,69,62,7,74,11,116,43,5,3,36,75"/><T25/><D135/><U28/><E28/><V100/><F109/><W111/><G111/><T101/><D113/><U61/><E61/><V131/><F132/><W77/><G116/><UN n1="%53%6F%6C%69%64" /><T4/><D41/><U39/><E57/><V64/><F124/><N who="0" m="47658" /><D58/><U68/><E39/><V21/><F117/><W79/><G7/><T42/><D42/><U98/><E18/><V23/><F100/><W114/><G114/><T10/><D4/><U123/><E68/><V110/><F76/><W14/><G14/><T53/><D53/><U12/><E12/><V24/><F110/><W35/><G35/><N who="2" m="13353" /><F38/><W105/><G105/><T115/><D115/><U44/><E0/><V55/><F64/><W2/><G2/><T63/><D63/><U1/><E1/><V27/><F55/><W30/><G30/><T72/><D101/><U49/><E108/><V13/><F59/><W60/><G60/><T50/><D50/><U133/><E133/><V120/><F120/><W106/><G106/><T92/><D25/><U99/><E119/><V16/><F19/><W89/><G52/><T81/><D17/><U37/><E123/><V51/><F51/><W125/><G125/><T94/><D72/><N who="3" m="27689" /><G62/><T134/><D134/><U56/><E112/><V86/><F86/><W46/><G69/><T71/><D71/><U54/><E37/><V6/><F6/><W66/><G66/><T31/><D31/><U29/><E29/><V85/><F85/><W96/><G46/><T128/><D128/><AGARI ba="0,0" hai="13,16,21,22,23,24,26,27,128,130,131" m="13353" machi="128" ten="40,8000,1" yaku="19,1,34,2,54,1" doraHai="67" who="2" fromWho="0" sc="282,-80,67,0,527,80,124,0" /><INIT seed="5,0,0,4,0,34" ten="202,67,607,124" oya="1" hai0="135,8,100,70,97,117,47,25,18,16,27,35,106" hai1="17,91,41,9,92,44,63,109,74,51,30,56,38" hai2="48,6,45,102,11,101,19,131,123,75,37,21,71" hai3="73,67,57,133,130,64,4,52,49,54,2,107,77"/><U118/><E118/><V10/><F123/><W84/><G107/><T98/><D70/><U83/><E109/><V0/><F75/><W128/><G133/><T14/><D117/><U125/><E125/><V66/><F37/><W55/><G73/><T115/><D115/><U3/><E30/><V94/><F131/><N who="3" m="50219" /><G84/><T12/><D135/><U86/><E51/><V122/><F122/><W111/><G77/><T69/><D69/><U78/><E17/><V33/><F33/><W103/><G103/><T119/><D119/><U39/><E39/><V32/><F32/><W88/><G88/><T60/><D35/><U22/><E22/><V26/><F11/><N who="3" m="2455" /><G111/><T62/><D47/><U127/><E127/><V89/><F66/><AGARI ba="0,0" hai="49,52,54,55,57,64,66,67" m="2455,50219" machi="66" ten="30,3900,0" yaku="19,1,52,1,54,1" doraHai="34" who="3" fromWho="2" sc="202,0,67,0,607,-39,124,39" /><INIT seed="6,0,0,2,2,117" ten="202,67,568,163" oya="2" hai0="115,10,19,9,50,73,48,15,106,81,25,79,114" hai1="88,94,69,76,29,49,84,57,78,107,12,104,7" hai2="105,68,100,16,111,113,95,121,6,112,3,28,71" hai3="116,109,40,80,132,123,11,51,131,30,38,66,55"/><V133/><F105/><W58/><G109/><T74/><D106/><U102/><E69/><V130/><F111/><W31/><G116/><T119/><D119/><U14/><E104/><V126/><F28/><W42/><G132/><T64/><D74/><U65/><E107/><V96/><F133/><W128/><G80/><T4/><D64/><U108/><E108/><V21/><F130/><N who="3" m="49707" /><G11/><T46/><D25/><U2/><E2/><V1/><F126/><W120/><G66/><T61/><D61/><U125/><E125/><V62/><F62/><W41/><G38/><T122/><D122/><AGARI ba="0,0" hai="30,31,40,41,42,51,55,58,120,122,123" m="49707" machi="122" ten="40,8000,1" yaku="19,1,52,3" doraHai="117" who="3" fromWho="0" sc="202,-80,67,0,568,0,163,80" /><INIT seed="7,0,0,5,1,59" ten="122,67,568,243" oya="3" hai0="79,135,117,132,51,120,19,90,36,109,37,114,133" hai1="119,28,0,94,14,122,49,125,127,4,82,30,95" hai2="67,55,39,42,98,56,103,54,80,84,18,58,110" hai3="83,81,91,17,2,40,124,21,35,72,44,74,89"/><W107/><G107/><T126/><D117/><U22/><E82/><V13/><F110/><W131/><G2/><T43/><D120/><U50/><E122/><V53/><F42/><W69/><G35/><T5/><D79/><U92/><E119/><V134/><F39/><W63/><G40/><T61/><D109/><U23/><E0/><V52/><F134/><W47/><G21/><N who="1" m="7690" /><E14/><V48/><F67/><W62/><G131/><T112/><D36/><U75/><E4/><V77/><F98/><W15/><G124/><N who="1" m="47690" /><E75/><V99/><F99/><W102/><G15/><T101/><D126/><U128/><E128/><V20/><F103/><W27/><G102/><T130/><D130/><U115/><E115/><V31/><F31/><W76/><G76/><T65/><D5/><U64/><E64/><V86/><F86/><W1/><G1/><T111/><D111/><U45/><E45/><AGARI ba="0,0" hai="13,18,20,45,48,52,53,54,55,56,58,77,80,84" machi="45" ten="40,2600,0" yaku="8,1,54,1" doraHai="59" who="2" fromWho="1" sc="122,0,67,-26,568,26,243,0" owari="122,-27.8,41,-45.9,594,69.4,243,4.3" /></mjloggm>