<mjloggm ver="2.3"><GO type="169" lobby="0"/><UN n0="%73%61%6E%67%6F%64%64%6F" n1="%E3%83%A8%E3%83%BC%E3%83%BB%E3%83%9E%E3%82%A4%E3%82%AB" n2="%6D%62%72%63%68%61%6E" n3="%E4%BE%8D" dan="17,17,16,17" rate="2167.60,2207.28,2144.90,2216.96" sx="M,M,M,M"/><TAIKYOKU oya="0"/><INIT seed="0,0,0,3,0,130" ten="250,250,250,250" oya="0" hai0="34,32,72,69,50,132,76,61,19,98,29,55,107" hai1="43,126,96,97,104,6,65,86,63,22,93,101,15" hai2="23,129,108,124,4,80,123,26,78,59,81,85,9" hai3="60,79,20,11,1,73,18,133,84,118,51,68,106"/><T40/><D40/><U122/><E126/><V90/><F108/><W115/><G118/><T28/><D19/><U31/><E122/><V56/><F129/><W119/><G115/><T88/><D72/><U89/><E43/><V57/><F124/><W25/><G106/><T102/><D76/><U10/><E97/><V47/><F123/><W35/><G119/><T75/><D75/><U12/><E31/><V38/><F47/><W125/><G73/><T67/><D29/><U134/><E22/><V66/><F38/><W77/><G125/><T13/><D13/><U116/><E116/><V37/><F37/><W87/><G51/><T70/><D70/><U111/><E111/><V14/><F66/><W100/><G100/><T109/><D109/><U36/><E36/><V46/><F46/><W8/><G35/><T82/><D132/><U3/><REACH who="1" step="1"/><E134/><REACH who="1" ten="250,240,250,250" step="2"/><V7/><F7/><W103/><G133/><T92/><D28/><U74/><E74/><V2/><F2/><W44/><G1/><T117/><D117/><U120/><E120/><V62/><F62/><W91/><G60/><T45/><REACH who="0" step="1"/><D82/><REACH who="0" ten="240,240,250,250" step="2"/><U21/><E21/><V53/><F81/><W135/><G20/><T58/><D58/><AGARI ba="0,2" hai="3,6,10,12,15,58,63,65,86,89,93,96,101,104" machi="58" ten="30,2000,0" yaku="1,1,7,1,53,0" doraHai="130" doraHaiUra="131" who="1" fromWho="0" sc="240,-20,240,40,250,0,250,0" /><INIT seed="1,0,0,2,4,99" ten="220,280,250,250" oya="1" hai0="83,63,97,33,106,61,90,19,118,32,94,100,77" hai1="135,89,102,120,103,113,105,67,54,73,8,40,129" hai2="29,115,124,82,57,114,13,79,134,62,109,27,74" hai3="112,16,47,70,75,101,34,5,122,23,98,56,17"/><U96/><E40/><V42/><F109/><W104/><G112/><T39/><D39/><U78/><E67/><V24/><F134/><W69/><G122/><T52/><D118/><U30/><E30/><V43/><F43/><W10/><BYE who="2" /><G34/><T41/><D41/><U15/><E113/><UN n2="%6D%62%72%63%68%61%6E" /><V93/><F124/><W12/><G75/><T81/><D19/><U95/><E120/><V51/><F27/><W44/><G56/><T108/><D108/><U46/><E135/><V59/><F13/><W121/><G17/><T37/><D37/><U111/><E111/><V3/><F3/><W48/><G121/><T88/><D90/><U38/><E38/><V84/><F74/><W80/><G80/><T66/><D52/><U31/><E31/><V26/><F26/><W35/><G35/><T22/><D22/><U131/><E78/><V71/><F71/><W116/><G116/><T64/><D81/><U125/><E73/><V4/><F4/><W18/><G18/><T72/><D63/><U25/><E25/><V45/><F93/><W50/><G50/><T107/><D66/><U92/><E92/><V28/><F28/><W58/><G58/><N who="0" m="36919" /><D107/><U21/><E21/><N who="2" m="15503" /><F59/><W85/><G85/><AGARI ba="0,0" hai="32,33,72,77,83,85,88,94,97,100,106" m="36919" machi="85" ten="30,3900,0" yaku="24,1,52,1,54,1" doraHai="99" who="0" fromWho="3" sc="220,39,280,0,250,0,250,-39" /><INIT seed="2,0,0,5,3,54" ten="259,280,250,211" oya="2" hai0="4,66,40,99,96,133,89,128,86,93,53,41,56" hai1="11,52,84,75,49,64,73,131,23,31,121,35,117" hai2="118,14,108,19,111,109,104,79,29,65,34,72,36" hai3="80,126,1,100,45,125,112,103,26,69,24,18,17"/><V95/><F104/><W59/><G45/><T43/><D128/><U107/><E117/><V134/><F36/><W81/><G69/><T5/><D133/><U46/><E131/><V12/><F118/><W106/><G106/><T57/><D66/><U32/><E121/><V37/><F37/><W85/><G85/><T0/><D0/><U102/><E64/><V55/><F134/><W83/><G1/><T39/><D39/><U98/><E11/><V60/><F55/><W13/><G112/><T28/><D28/><U123/><E123/><V91/><F79/><W6/><G6/><N who="0" m="2667" /><D53/><U67/><E67/><V30/><F72/><W97/><G97/><AGARI ba="0,0" hai="40,41,43,56,57,86,89,93,96,97,99" m="2667" machi="97" ten="30,3900,0" yaku="8,1,52,2" doraHai="54" who="0" fromWho="3" sc="259,39,280,0,250,0,211,-39" /><INIT seed="3,0,0,5,5,132" ten="298,280,250,172" oya="3" hai0="68,84,65,87,9,23,134,16,91,29,7,52,108" hai1="6,111,105,59,127,101,8,123,47,55,118,104,24" hai2="22,42,69,116,66,60,10,51,128,28,70,4,112" hai3="57,83,74,1,119,77,98,35,133,107,19,20,37"/><W36/><G119/><T115/><D108/><U43/><E123/><V130/><F112/><W44/><G1/><T135/><D115/><U12/><E111/><V61/><F116/><W94/><G35/><T124/><D29/><U33/><E118/><V81/><F81/><W79/><G133/><N who="0" m="50699" /><D124/><U14/><E14/><V86/><F86/><W106/><G79/><T73/><D73/><U95/><E127/><V25/><F51/><W82/><G83/><T89/><D65/><U93/><E33/><V27/><F42/><W34/><G34/><T15/><D68/><U13/><E24/><V18/><F61/><W100/><G57/><T72/><D72/><U114/><E114/><V85/><F85/><N who="0" m="32842" /><D52/><U0/><E55/><V48/><F70/><W109/><G109/><T63/><D63/><U117/><E59/><V17/><F48/><W80/><G80/><T71/><D71/><U113/><E113/><V3/><REACH who="2" step="1"/><F27/><AGARI ba="0,0" hai="7,9,15,16,23,27,89,91" m="32842,50699" machi="27" ten="30,2000,0" yaku="20,1,54,1" doraHai="132" who="0" fromWho="2" sc="298,20,280,0,250,-20,172,0" /><INIT seed="4,0,0,5,2,104" ten="318,280,230,172" oya="0" hai0="26,68,48,40,57,90,113,1,84,69,31,108,5" hai1="114,102,79,10,51,129,32,97,106,94,21,37,54" hai2="73,127,109,18,95,98,77,107,25,17,131,118,93" hai3="0,133,111,60,128,71,74,64,72,50,89,13,91"/><T132/><D113/><U59/><E37/><V120/><F120/><W53/><G111/><T75/><D108/><U11/><E32/><V119/><F109/><W63/><G0/><T12/><D1/><U23/><E114/><V134/><F131/><W58/><G128/><T42/><D75/><U117/><E117/><N who="2" m="44555" /><F127/><W65/><G133/><T81/><D132/><U35/><E35/><V44/><F134/><W29/><G29/><T126/><D126/><U30/><E129/><V61/><F44/><W67/><G67/><T135/><D135/><U66/><E79/><V27/><F61/><W49/><G49/><T41/><D12/><U110/><E110/><V130/><F130/><W47/><REACH who="3" step="1"/><G13/><REACH who="3" ten="318,280,230,162" step="2"/><T22/><D48/><U92/><E30/><V9/><F27/><W116/><G116/><T20/><D31/><U46/><E66/><V70/><F25/><W85/><G85/><T76/><D26/><U14/><E51/><V62/><F98/><W100/><G100/><T103/><D103/><U43/><E102/><V112/><F112/><W16/><G16/><T86/><D86/><U123/><E97/><V52/><F18/><W3/><G3/><T115/><D115/><U121/><E14/><V45/><F17/><W80/><G80/><T8/><D84/><U38/><E121/><V83/><F83/><W6/><G6/><T2/><D81/><U101/><E123/><V28/><F28/><W122/><G122/><T124/><D124/><U55/><E101/><V7/><F7/><W78/><G78/><T4/><D76/><U24/><E24/><V56/><F77/><RYUUKYOKU ba="0,1" sc="318,-10,280,-10,230,-10,162,30" hai3="47,50,53,58,60,63,64,65,71,72,74,89,91" /><INIT seed="5,1,1,5,1,64" ten="308,270,220,192" oya="1" hai0="134,99,21,90,61,63,37,80,130,72,74,43,123" hai1="107,10,94,7,106,103,110,60,117,127,15,14,51" hai2="57,54,32,116,101,133,97,93,104,4,128,1,27" hai3="66,111,126,78,18,20,17,114,23,34,92,46,0"/><U65/><E117/><V112/><F116/><W52/><G111/><T85/><D37/><U119/><E110/><V91/><F128/><W115/><G0/><T6/><D43/><U131/><E119/><V24/><F133/><W49/><G34/><T42/><D42/><U124/><E131/><V132/><F132/><W45/><G126/><N who="1" m="48170" /><E51/><V13/><F1/><W30/><G30/><T73/><D130/><U86/><E14/><V8/><F112/><N who="3" m="43051" /><G78/><T98/><D6/><U79/><E79/><V62/><REACH who="2" step="1"/><F32/><REACH who="2" ten="308,270,210,192" step="2"/><W84/><G66/><T89/><D134/><U47/><E47/><V36/><F36/><W121/><G121/><T35/><D35/><U11/><E11/><V33/><F33/><W113/><G46/><T71/><D123/><U58/><E103/><V100/><F100/><W108/><G108/><T44/><D44/><U48/><E48/><V12/><F12/><W77/><G113/><T50/><D50/><U70/><E15/><V26/><F26/><W109/><G109/><T28/><D21/><U105/><E10/><V102/><F102/><W29/><G23/><T68/><D61/><U56/><E7/><V41/><F41/><W95/><G29/><T81/><D63/><U38/><E38/><V31/><F31/><W39/><G39/><T53/><D28/><U5/><E5/><V59/><F59/><W118/><G118/><T87/><D53/><U3/><E3/><V76/><F76/><W22/><G20/><T9/><D9/><U55/><E55/><V82/><F82/><N who="3" m="47183" /><G22/><T125/><D125/><U69/><E56/><V19/><F19/><AGARI ba="1,2" hai="17,18,19,45,49,52,92,95" m="47183,43051" machi="19" ten="30,3900,0" yaku="6,1,15,1,54,1" doraHai="64" who="3" fromWho="2" sc="308,0,270,0,210,-42,192,62" /><INIT seed="6,0,0,4,0,104" ten="308,270,168,254" oya="2" hai0="119,56,107,91,133,68,127,76,103,57,13,44,75" hai1="36,114,79,128,61,21,18,19,50,29,97,17,73" hai2="120,4,92,60,100,131,43,30,12,109,58,51,2" hai3="65,53,122,106,102,96,0,40,77,130,99,123,47"/><V64/><F120/><W24/><G0/><T41/><D68/><U108/><E108/><V69/><F109/><W11/><G130/><T118/><D133/><U3/><E36/><V126/><F2/><W94/><G65/><T42/><D127/><U26/><E3/><V6/><F131/><W89/><G53/><T20/><D91/><U10/><E128/><V82/><F126/><W31/><G11/><T81/><D103/><U1/><E114/><V7/><F30/><W83/><G47/><T22/><D107/><U39/><E39/><V28/><F28/><W54/><G54/><T101/><D101/><U112/><E112/><V78/><F12/><W72/><REACH who="3" step="1"/><G40/><REACH who="3" ten="308,270,168,244" step="2"/><T67/><D67/><U117/><E117/><V34/><F34/><AGARI ba="0,1" hai="24,31,34,72,77,83,89,94,96,99,102,106,122,123" machi="34" ten="30,7700,0" yaku="1,1,2,1,7,1,52,1,53,0" doraHai="104" doraHaiUra="52" who="3" fromWho="2" sc="308,0,270,0,168,-77,244,87" /><INIT seed="7,0,0,1,4,119" ten="308,270,91,331" oya="3" hai0="134,86,0,18,28,81,103,9,130,22,50,131,109" hai1="3,99,69,19,46,6,16,83,71,4,51,5,88" hai2="38,32,61,66,60,95,75,105,82,10,76,96,15" hai3="89,29,14,72,87,68,21,27,126,59,55,39,117"/><W79/><G117/><T116/><D109/><U91/><E3/><V70/><F38/><W94/><G39/><T65/><D116/><U101/><E71/><V37/><F37/><W24/><G68/><T23/><D65/><U90/><E69/><V77/><F61/><W135/><G135/><T47/><D103/><U33/><E33/><V118/><F118/><W1/><G1/><T120/><D134/><U53/><REACH who="1" step="1"/><E83/><REACH who="1" ten="308,260,91,331" step="2"/><V93/><F32/><W84/><G126/><T107/><D0/><U78/><E78/><V2/><F77/><W11/><G79/><T30/><D130/><U45/><E45/><V110/><F110/><W52/><G59/><T44/><D44/><U17/><E17/><V35/><F35/><W13/><G29/><T64/><D28/><U56/><E56/><V40/><F40/><W34/><G34/><T122/><D30/><U108/><E108/><V74/><F74/><W43/><G72/><T48/><D47/><U36/><E36/><V98/><F2/><W31/><G31/><T7/><D18/><U127/><E127/><V92/><REACH who="2" step="1"/><F105/><AGARI ba="0,1" hai="4,5,6,16,19,46,51,53,88,90,91,99,101,105" machi="105" ten="40,5200,0" yaku="1,1,54,2,53,0" doraHai="119" doraHaiUra="104" who="1" fromWho="2" sc="308,0,260,62,91,-52,331,0" owari="308,-9.2,322,12.2,39,-46.1,331,43.1" /></mjloggm>