<mjloggm ver="2.3"><GO type="169" lobby="0"/><UN n0="%E3%82%84%E3%82%89%E3%82%8C%E5%BD%B9" n1="%E8%B5%A4%E6%9C%A8%E3%81%97%E3%81%92%E3%82%8B" n2="%E3%81%AF%E3%81%99%E3%81%9F" n3="%E3%81%A1%E3%82%83%E3%82%93%E3%81%AE%E3%81%B6" dan="17,16,17,17" rate="2154.68,2061.06,2222.78,2145.95" sx="M,M,M,M"/><TAIKYOKU oya="0"/><INIT seed="0,0,0,1,3,130" ten="250,250,250,250" oya="0" hai0="18,94,41,83,33,109,128,24,110,26,114,13,122" hai1="50,118,134,76,59,17,0,49,108,96,116,43,60" hai2="90,123,133,127,2,39,75,115,8,7,48,112,82" hai3="124,63,72,77,38,47,58,23,111,5,21,119,44"/><T81/><D114/><U12/><E0/><V105/><F123/><W97/><G119/><T120/><D41/><U121/><E121/><N who="0" m="46697" /><D94/><U125/><E76/><V61/><F127/><W51/><G38/><T64/><D64/><U42/><E96/><V100/><F48/><W28/><G124/><T4/><D4/><U56/><E17/><V3/><F3/><W66/><G77/><T31/><D24/><U95/><E12/><V16/><F16/><W129/><G72/><T1/><D1/><U85/><E85/><V15/><F15/><W30/><G5/><T14/><D14/><U78/><E95/><V29/><F29/><W36/><G36/><T126/><D126/><U67/><E78/><N who="2" m="44383" /><F61/><W32/><G32/><T89/><D89/><U70/><E125/><V52/><F52/><W65/><G63/><T10/><D128/><U135/><E60/><V74/><F90/><W45/><G129/><T46/><D46/><U25/><E25/><V53/><F74/><W73/><G73/><T35/><D35/><U101/><E101/><V132/><F100/><W113/><G30/><T91/><D91/><U40/><E40/><V107/><F107/><W19/><G28/><T69/><D69/><U84/><E84/><V9/><F105/><W104/><G104/><T102/><D102/><U57/><E57/><V93/><F2/><W22/><G58/><T106/><D106/><U6/><E6/><V37/><F7/><W54/><G66/><T103/><D103/><U11/><E67/><V88/><F93/><W55/><G65/><T92/><D92/><U20/><E70/><RYUUKYOKU ba="0,0" sc="250,30,250,-10,250,-10,250,-10" hai0="10,13,18,26,31,33,81,83,109,110" /><INIT seed="0,1,0,2,2,68" ten="280,240,240,240" oya="0" hai0="50,47,45,70,11,80,21,122,110,124,105,83,67" hai1="35,57,34,121,39,73,128,74,52,99,26,12,108" hai2="127,91,115,72,88,29,81,104,65,126,98,61,0" hai3="95,7,77,123,87,129,109,32,64,14,40,6,97"/><T43/><D122/><U38/><E12/><V96/><F0/><W37/><G32/><N who="1" m="12330" /><E26/><V27/><F27/><W106/><G123/><T31/><D105/><U116/><E121/><V59/><F29/><W41/><G106/><T133/><D133/><U24/><E24/><V60/><F115/><W18/><G109/><T90/><D21/><U22/><E22/><V76/><F61/><W82/><G64/><T94/><D31/><U4/><E57/><V66/><F65/><W134/><G129/><T119/><D124/><U84/><E84/><V20/><F20/><W15/><G134/><T19/><D119/><U92/><E92/><V53/><F66/><W111/><G111/><T125/><D125/><N who="2" m="47626" /><F104/><W79/><G15/><N who="0" m="7679" /><D70/><U8/><E108/><V131/><F131/><W130/><G130/><T44/><D67/><U5/><E8/><V46/><F46/><N who="0" m="18026" /><D110/><U63/><E128/><V42/><F42/><N who="3" m="16491" /><G37/><N who="1" m="13834" /><E116/><V113/><F59/><W9/><G77/><T102/><D94/><U89/><E63/><V33/><F60/><W100/><AGARI ba="1,0" hai="6,7,9,14,18,79,82,87,95,97,100" m="16491" machi="100" ten="30,1100,0" yaku="8,1" doraHai="68" who="3" fromWho="3" sc="280,-6,240,-4,240,-4,240,14" /><INIT seed="1,0,0,2,0,134" ten="274,236,236,254" oya="1" hai0="59,47,101,6,122,57,78,40,83,37,0,111,84" hai1="129,86,33,39,3,5,82,61,4,65,38,91,95" hai2="75,22,64,67,25,125,128,20,17,28,92,100,48" hai3="2,69,117,93,14,7,49,62,88,110,29,55,107"/><U30/><E129/><V114/><F128/><W72/><G107/><T127/><D111/><U35/><E4/><V41/><F75/><W42/><G72/><T106/><D122/><U34/><E30/><V71/><F114/><W118/><G110/><T99/><REACH who="0" step="1"/><D127/><REACH who="0" ten="264,236,236,254" step="2"/><U121/><E121/><V15/><F125/><W105/><G117/><T53/><D53/><U131/><E131/><V73/><F73/><W103/><G118/><T104/><D104/><U112/><E112/><V1/><F1/><W45/><G105/><T135/><D135/><U94/><E3/><V60/><F67/><W126/><G55/><T115/><D115/><U113/><E113/><V63/><F64/><W108/><G2/><T32/><D32/><U52/><E5/><V51/><F71/><W102/><G126/><T8/><AGARI ba="0,1" hai="0,6,8,37,40,47,57,59,78,83,84,99,101,106" machi="8" ten="30,2000,0" yaku="1,1,0,1,53,0" doraHai="134" doraHaiUra="10" who="0" fromWho="0" sc="264,30,236,-10,236,-5,254,-5" /><INIT seed="2,0,0,0,0,18" ten="294,226,231,249" oya="2" hai0="95,131,92,130,66,70,60,17,48,105,21,118,82" hai1="114,15,78,7,5,67,25,115,101,90,24,51,42" hai2="20,9,46,112,111,132,61,119,38,22,47,102,54" hai3="134,4,58,88,84,59,26,14,69,128,120,86,91"/><V77/><F112/><W13/><G69/><T50/><D105/><U10/><E67/><V37/><F119/><W126/><G120/><T79/><D118/><U33/><E101/><V16/><F102/><W62/><G128/><N who="0" m="49195" /><D95/><U110/><E78/><V87/><F132/><W80/><G134/><T121/><D92/><U57/><E5/><V68/><F68/><W43/><G126/><T85/><D121/><U55/><E42/><V34/><F34/><W30/><G43/><T100/><D100/><U96/><E110/><V40/><F111/><W74/><G74/><T129/><D129/><U113/><E33/><V106/><F106/><W107/><G107/><T75/><D75/><U71/><E71/><V93/><F38/><W45/><G45/><T94/><D94/><U122/><E122/><V2/><F2/><W8/><G14/><AGARI ba="0,0" hai="14,17,21,48,50,60,66,70,79,82,85" m="49195" machi="14" ten="30,2000,0" yaku="19,1,52,1" doraHai="18" who="0" fromWho="3" sc="294,20,226,0,231,0,249,-20" /><INIT seed="3,0,0,5,3,16" ten="314,226,231,229" oya="3" hai0="67,85,15,30,17,32,131,96,130,75,82,66,126" hai1="33,54,5,28,18,97,94,121,41,104,21,79,73" hai2="120,72,49,86,111,0,68,76,61,44,59,26,77" hai3="6,39,13,108,107,122,9,51,100,8,36,109,80"/><W43/><G122/><T42/><D75/><U70/><E70/><V1/><F120/><W14/><G100/><T22/><D126/><U91/><E104/><V65/><F72/><W4/><G107/><T124/><D124/><U74/><E121/><V57/><F111/><N who="3" m="42571" /><G80/><T114/><D42/><U11/><E41/><V128/><F128/><N who="0" m="49194" /><D96/><U3/><E79/><V88/><F77/><W93/><G93/><T102/><D102/><U45/><E45/><AGARI ba="0,0" hai="4,6,8,9,13,14,36,39,43,45,51" m="42571" machi="45" ten="30,2900,0" yaku="14,1,10,1" doraHai="16" who="3" fromWho="1" sc="314,0,226,-29,231,0,229,29" /><INIT seed="3,1,0,2,1,76" ten="314,197,231,258" oya="3" hai0="107,105,109,94,49,40,85,96,15,14,21,83,57" hai1="8,124,34,128,53,134,16,100,20,97,60,74,10" hai2="102,132,9,37,135,11,65,95,93,84,27,127,99" hai3="122,30,64,73,89,7,63,33,111,2,121,26,67"/><W103/><G73/><T92/><D109/><U129/><E74/><V80/><F37/><W113/><G113/><T38/><D38/><U77/><E77/><V69/><F127/><W78/><G111/><T90/><D107/><U72/><E72/><V68/><F27/><W116/><G116/><T81/><D105/><U101/><E34/><V55/><F55/><W79/><G79/><T133/><D133/><U118/><E118/><V17/><F17/><W48/><G48/><T71/><D71/><U5/><E134/><V108/><F108/><W36/><G36/><T110/><D110/><U32/><E32/><V19/><F19/><W39/><G39/><T56/><D21/><U51/><E124/><V58/><F58/><N who="0" m="22634" /><D40/><U4/><E60/><V12/><F12/><N who="0" m="4650" /><D49/><U104/><E100/><AGARI ba="1,0" hai="81,83,85,90,92,94,96,100" m="4650,22634" machi="100" ten="30,3900,0" yaku="8,1,52,2" doraHai="76" who="0" fromWho="1" sc="314,42,197,-42,231,0,258,0" /><INIT seed="4,0,0,3,1,135" ten="356,155,231,258" oya="0" hai0="5,58,75,49,61,30,70,54,29,123,72,134,18" hai1="32,3,73,22,9,37,118,107,127,79,117,10,55" hai2="28,122,6,85,65,121,39,80,124,56,132,8,24" hai3="133,81,44,100,0,103,63,102,25,66,27,13,83"/><T1/><D123/><U23/><E79/><V33/><F39/><W98/><G133/><T88/><D134/><U105/><E37/><V111/><F132/><W128/><G0/><T112/><D112/><U17/><E3/><V106/><F111/><W67/><G128/><T20/><D5/><U74/><E55/><V19/><F106/><W101/><G13/><T11/><D11/><U35/><REACH who="1" step="1"/><E17/><REACH who="1" ten="356,145,231,258" step="2"/><V47/><F19/><W113/><G113/><T51/><D1/><U116/><E116/><V71/><F122/><W57/><G67/><T31/><D18/><U12/><E12/><V110/><F121/><W78/><G44/><T2/><D54/><U41/><E41/><V48/><F65/><W93/><REACH who="3" step="1"/><G83/><REACH who="3" ten="356,145,231,248" step="2"/><T34/><D2/><U115/><E115/><V7/><F47/><W4/><G4/><T42/><D42/><U59/><E59/><V40/><F6/><W87/><AGARI ba="0,2" hai="25,27,57,63,66,78,81,87,93,98,100,101,102,103" machi="87" ten="30,7900,0" yaku="1,1,0,1,8,1,53,1" doraHai="135" doraHaiUra="82" who="3" fromWho="3" sc="356,-39,145,-20,231,-20,248,99" /><INIT seed="5,0,0,5,2,25" ten="317,125,211,347" oya="1" hai0="86,72,54,93,0,45,38,132,52,63,13,124,104" hai1="133,82,115,79,6,118,97,1,60,100,44,20,129" hai2="46,43,69,33,35,67,123,19,90,53,122,76,114" hai3="26,89,5,65,31,83,18,92,73,78,84,10,40"/><U58/><E115/><V106/><F106/><W4/><G65/><T55/><D0/><U28/><E133/><V120/><F114/><W125/><G125/><T110/><D72/><U21/><E129/><V119/><F119/><W62/><G62/><T134/><D104/><U111/><E111/><V131/><F131/><W16/><G40/><N who="0" m="22679" /><D13/><U107/><E118/><V17/><F53/><W88/><G89/><T127/><D93/><U3/><E44/><V8/><F90/><W101/><G101/><T57/><D86/><U128/><E128/><V98/><F98/><W22/><REACH who="3" step="1"/><G5/><REACH who="3" ten="317,125,211,337" step="2"/><T9/><D110/><U11/><E1/><AGARI ba="0,1" hai="1,4,10,16,18,22,26,31,73,78,83,84,88,92" machi="1" ten="30,12000,2" yaku="1,1,2,1,7,1,52,1,54,2,53,1" doraHai="25" doraHaiUra="75" who="3" fromWho="1" sc="317,0,125,-120,211,0,337,130" /><INIT seed="6,0,0,3,5,73" ten="317,5,211,467" oya="2" hai0="62,84,113,46,65,97,25,7,66,11,82,131,83" hai1="89,56,124,27,40,74,109,50,35,6,130,87,88" hai2="1,107,0,16,61,19,32,116,86,92,47,58,90" hai3="114,52,81,108,15,22,72,100,75,51,45,21,59"/><V13/><F116/><W18/><G108/><T115/><D131/><U67/><E74/><V99/><F32/><W28/><G114/><N who="0" m="43531" /><D97/><U57/><E109/><V79/><F47/><W122/><G122/><T125/><D125/><U14/><E130/><V94/><F107/><W121/><G121/><T128/><D128/><U60/><E124/><V135/><F135/><W53/><G100/><T24/><D46/><N who="1" m="25927" /><E35/><V96/><F96/><W129/><G129/><T64/><D62/><N who="1" m="38343" /><E27/><N who="0" m="10313" /><D84/><U38/><E38/><V71/><F71/><W118/><G118/><T111/><D111/><U34/><E34/><V101/><F79/><W134/><G45/><T78/><D78/><U31/><E31/><V77/><F77/><W3/><G28/><T54/><D54/><N who="1" m="33847" /><E87/><V85/><F85/><W23/><G72/><T105/><D105/><U126/><E126/><V20/><REACH who="2" step="1"/><F19/><REACH who="2" ten="317,5,201,467" step="2"/><W112/><G18/><T30/><D30/><U95/><E95/><V37/><F37/><W68/><G112/><T8/><D7/><U76/><E76/><V12/><F12/><W119/><G15/><T102/><D102/><U29/><E29/><V41/><F41/><W26/><G119/><T132/><D132/><U42/><E42/><V33/><F33/><W98/><G26/><T43/><D43/><U63/><E63/><V93/><F93/><W69/><G68/><T39/><D39/><U36/><E36/><V10/><F10/><AGARI ba="0,1" hai="8,10,11,64,65,66,82,83" m="10313,43531" machi="10" ten="40,5200,0" yaku="28,2,15,1" doraHai="73" who="0" fromWho="2" sc="317,62,5,0,201,-52,467,0" /><AGARI ba="0,0" hai="6,10,14,88,89" m="33847,38343,25927" machi="10" ten="30,2000,0" yaku="8,1,54,1" doraHai="73" who="1" fromWho="2" sc="379,0,5,20,149,-20,467,0" /><INIT seed="7,0,0,5,4,125" ten="379,25,129,467" oya="3" hai0="56,48,50,89,37,33,19,43,10,107,66,100,52" hai1="30,1,23,24,75,132,104,42,91,134,115,61,98" hai2="109,130,53,79,62,133,81,129,85,131,29,71,21" hai3="86,35,120,59,99,116,82,72,127,9,14,123,45"/><W26/><G116/><T46/><D33/><U103/><E75/><V22/><F109/><W58/><G127/><T64/><D107/><U27/><E1/><V41/><F133/><W70/><G70/><T6/><D100/><U73/><E73/><V40/><F53/><W106/><G72/><T101/><D101/><U112/><E42/><N who="2" m="16491" /><F29/><W34/><G106/><T128/><D128/><U54/><E61/><V38/><F38/><W110/><G99/><T12/><D37/><U44/><E44/><V13/><F13/><W117/><G117/><T102/><D102/><U135/><E54/><V8/><F8/><W16/><G110/><T68/><D68/><U28/><E91/><V80/><F81/><W18/><G45/><T77/><D77/><U83/><E83/><V49/><F49/><W105/><G105/><T113/><D113/><N who="1" m="43595" /><E98/><V119/><F119/><W118/><G118/><T57/><D57/><U55/><E55/><V36/><F36/><W108/><G108/><T93/><REACH who="0" step="1"/><D6/><REACH who="0" ten="369,25,129,467" step="2"/><U92/><E103/><V87/><F71/><W84/><G59/><T39/><D39/><U74/><E104/><V47/><F79/><W3/><G35/><T67/><D67/><U124/><E74/><V69/><F69/><W11/><G34/><T51/><D51/><U121/><E92/><V96/><F129/><W78/><G58/><T63/><D63/><U126/><E121/><V5/><F62/><W7/><G120/><T0/><D0/><U15/><E15/><V31/><F131/><W88/><G123/><T25/><D25/><U94/><E94/><V122/><F130/><RYUUKYOKU ba="0,1" sc="369,15,25,15,129,-15,467,-15" hai0="10,12,19,43,46,48,50,52,56,64,66,89,93" hai1="23,24,27,28,30,124,126,132,134,135" owari="384,18.4,40,-46.0,114,-28.6,462,56.2" /></mjloggm>