<mjloggm ver="2.3"><GO type="169" lobby="0"/><UN n0="%E8%B5%A4%E5%BA%A7%E3%81%82%E3%81%8B%E3%82%8A%45%58" n1="%E3%82%A8%E3%83%8D%E3%83%AB" n2="%E3%81%95%E3%81%8D%E3%81%8A%E3%80%82" n3="%4D%72%52%41%4D%4F" dan="16,18,16,16" rate="2160.76,2201.57,2153.16,2137.12" sx="M,M,M,M"/><TAIKYOKU oya="0"/><INIT seed="0,0,0,0,4,44" ten="250,250,250,250" oya="0" hai0="1,25,84,53,124,7,118,78,31,9,64,109,72" hai1="75,36,122,40,5,80,108,103,63,120,11,96,16" hai2="101,34,62,97,48,91,27,131,4,73,90,28,79" hai3="82,15,30,111,69,83,51,76,133,115,54,47,134"/><T92/><D118/><U3/><E108/><V35/><F131/><W116/><G116/><T12/><D124/><U132/><E63/><V32/><F4/><W37/><G115/><T21/><D109/><U70/><E132/><N who="3" m="50794" /><G111/><T99/><D64/><U135/><E70/><V98/><F62/><W60/><G30/><T129/><D129/><U42/><E42/><V93/><F79/><W95/><G37/><T65/><D65/><U39/><E16/><V66/><F66/><N who="3" m="41159" /><G95/><T86/><D72/><U105/><E135/><V107/><F73/><W2/><G2/><T52/><D1/><U110/><E110/><V10/><F10/><W123/><G123/><N who="1" m="47146" /><E40/><V14/><F14/><W106/><G106/><T71/><D71/><U121/><N who="1" m="47154" /><U61/><DORA hai="77" /><E61/><V58/><REACH who="2" step="1"/><F91/><REACH who="2" ten="250,250,240,250" step="2"/><W87/><G15/><T22/><D78/><AGARI ba="0,1" hai="3,5,11,36,39,75,78,80,96,103,105" m="47154" machi="78" ten="40,2600,0" yaku="23,1,52,1" doraHai="44,77" who="1" fromWho="0" sc="250,-26,250,36,240,0,250,0" /><INIT seed="1,0,0,2,0,122" ten="224,286,240,250" oya="1" hai0="123,106,12,130,1,107,68,100,24,126,62,29,26" hai1="0,67,105,77,54,4,110,73,134,117,98,23,11" hai2="113,27,111,64,5,32,17,38,20,55,50,36,10" hai3="37,119,112,46,47,3,57,103,91,41,87,79,94"/><U124/><E117/><V48/><F113/><W70/><G112/><T72/><D123/><U81/><E134/><V44/><F64/><W99/><G70/><T21/><D1/><U28/><E124/><V78/><F78/><W96/><G119/><T80/><D130/><U31/><E67/><V39/><F32/><W59/><G3/><T76/><D126/><U115/><E115/><V66/><F66/><W60/><G47/><T6/><D26/><U118/><E118/><V9/><F5/><W88/><G79/><T127/><D100/><U43/><E54/><V82/><F82/><W40/><G40/><T114/><D127/><U8/><E8/><V16/><F48/><W45/><G45/><T116/><D116/><U108/><E23/><V34/><F34/><W101/><G60/><T128/><D128/><U61/><E61/><V53/><F53/><W109/><G109/><N who="1" m="42090" /><E43/><V95/><F111/><W19/><G19/><T97/><D62/><U104/><E98/><V69/><F69/><W84/><G99/><T90/><D68/><U93/><E93/><V83/><F95/><W7/><G7/><T125/><D125/><U63/><E63/><V35/><F35/><W120/><G120/><T13/><D114/><U65/><E65/><V74/><F17/><W22/><G22/><T102/><D6/><U131/><E131/><V25/><F9/><W2/><G96/><T58/><D97/><U86/><E73/><V71/><F10/><W121/><G121/><T14/><D72/><U132/><E132/><V129/><F129/><W49/><G41/><T52/><D52/><RYUUKYOKU ba="0,0" sc="224,-10,286,30,240,-10,250,-10" hai1="0,4,11,28,31,77,81,86,104,105" /><INIT seed="1,1,0,3,3,27" ten="214,316,230,240" oya="1" hai0="85,123,86,43,81,132,127,89,5,76,40,17,128" hai1="16,65,117,95,78,74,33,108,25,9,130,99,70" hai2="21,4,94,45,38,135,7,12,112,22,3,44,31" hai3="39,102,26,36,59,101,13,92,79,10,116,80,47"/><U82/><E117/><V114/><F94/><W41/><G116/><T63/><D123/><U66/><E130/><V0/><F38/><W131/><G131/><T105/><D128/><U53/><E108/><V60/><F60/><W14/><G39/><T48/><D105/><U23/><E70/><V54/><F54/><W67/><G92/><T84/><D127/><U125/><E125/><V75/><F75/><W88/><G14/><T90/><D5/><N who="2" m="2122" /><F44/><W37/><G37/><T98/><D132/><U83/><E82/><V29/><F45/><W121/><G26/><T120/><D120/><U133/><E133/><V115/><F135/><W28/><G121/><T71/><D71/><U109/><E109/><V51/><F51/><W134/><G134/><T119/><D63/><U11/><E53/><V100/><F100/><W110/><G110/><T34/><D48/><U2/><E2/><N who="2" m="555" /><F12/><W30/><G67/><T52/><D52/><U35/><E66/><V129/><F129/><W49/><G36/><T19/><D119/><U107/><E65/><V6/><N who="2" m="2130" /><V73/><DORA hai="57" /><F73/><W8/><G59/><T96/><D86/><U24/><E107/><V15/><F15/><W58/><G58/><T106/><D106/><U122/><E122/><V113/><F113/><W56/><G56/><T91/><D85/><U64/><E64/><V77/><F77/><W72/><G13/><T104/><D104/><U61/><E61/><V97/><F97/><W62/><G62/><T69/><D69/><U46/><E99/><V32/><F32/><W118/><G72/><T124/><D98/><RYUUKYOKU ba="1,0" sc="214,-10,316,-10,230,30,240,-10" hai2="21,22,29,31,112,114,115" /><INIT seed="2,2,0,1,2,108" ten="204,306,260,230" oya="2" hai0="117,12,70,80,14,96,17,110,63,5,89,47,79" hai1="90,130,100,123,120,88,25,15,125,33,30,84,128" hai2="116,60,121,43,23,56,19,51,38,40,77,112,94" hai3="72,59,132,45,21,73,31,131,118,16,122,20,35"/><V54/><F116/><W32/><G118/><T24/><D110/><U1/><E1/><V42/><F121/><N who="1" m="46665" /><E125/><V36/><F77/><W101/><G122/><T6/><D117/><U71/><E71/><V57/><F94/><W103/><G59/><T129/><D129/><N who="1" m="49771" /><E100/><V13/><REACH who="2" step="1"/><F112/><REACH who="2" ten="204,306,250,230" step="2"/><W49/><G131/><T65/><D79/><U83/><E90/><V92/><F92/><W50/><G132/><T0/><D89/><U82/><E83/><V135/><F135/><W67/><G101/><T2/><D80/><U133/><E133/><V48/><F48/><W109/><G103/><T78/><D78/><U98/><E98/><V124/><F124/><W64/><G50/><T115/><D96/><U27/><E82/><V95/><F95/><W66/><G49/><T99/><D99/><U126/><E88/><V86/><F86/><W75/><G109/><T74/><D115/><U91/><E91/><V76/><F76/><W9/><G73/><T52/><D74/><U34/><E84/><V61/><F61/><W87/><G75/><T46/><D63/><U81/><E81/><V55/><AGARI ba="2,1" hai="13,19,23,36,38,40,42,43,51,54,55,56,57,60" machi="55" ten="30,3000,0" yaku="1,1,0,1,53,0" doraHai="108" doraHaiUra="102" who="2" fromWho="2" sc="204,-12,306,-12,250,46,230,-12" /><INIT seed="2,3,0,1,0,111" ten="192,294,296,218" oya="2" hai0="13,76,69,54,75,64,83,89,20,49,101,26,38" hai1="63,73,95,135,44,59,88,123,8,52,43,27,36" hai2="21,128,103,87,82,7,115,102,131,114,126,97,32" hai3="15,30,107,56,120,116,132,45,98,1,62,22,134"/><V33/><F7/><W6/><G116/><T127/><D38/><U99/><E135/><N who="3" m="51754" /><G120/><T118/><D118/><U0/><E123/><V113/><F21/><W19/><G30/><T28/><D127/><U81/><E27/><V25/><F126/><W58/><G45/><T74/><D101/><N who="2" m="38410" /><F97/><W48/><G98/><T46/><D89/><U41/><E41/><V130/><F25/><W4/><G107/><T121/><D121/><U68/><E68/><V80/><F87/><W40/><G1/><T71/><D75/><U112/><E112/><V77/><F77/><W67/><G40/><T84/><D74/><U53/><E73/><V11/><F11/><W31/><G31/><T108/><D108/><U10/><E0/><V37/><F37/><W119/><G119/><T23/><D23/><U90/><E90/><V34/><AGARI ba="3,0" hai="32,33,34,80,82,113,114,115,128,130,131" m="38410" machi="34" ten="50,24000,3" yaku="29,2,28,2,19,1,52,3" doraHai="111" who="2" fromWho="2" sc="192,-83,294,-83,296,249,218,-83" /><INIT seed="2,4,0,4,3,37" ten="109,211,545,135" oya="2" hai0="14,132,39,3,75,21,63,70,20,108,1,92,76" hai1="131,50,29,44,81,97,45,71,116,122,9,111,90" hai2="38,114,110,85,124,60,105,123,48,98,17,78,96" hai3="32,125,56,47,84,8,65,120,109,10,88,57,59"/><V13/><F38/><W128/><G120/><T52/><D39/><U115/><E29/><V43/><F123/><W46/><G32/><T95/><D108/><U28/><E28/><V5/><F5/><W104/><G104/><T77/><D70/><U27/><E27/><V18/><F114/><W86/><G109/><T100/><D132/><U11/><E50/><V36/><F36/><W51/><G128/><T15/><D63/><U102/><E81/><V107/><F124/><W87/><G125/><T34/><D100/><U68/><E97/><V69/><F110/><W31/><G31/><T113/><D75/><U134/><E111/><V133/><F133/><W23/><G23/><T6/><D6/><U49/><E49/><V66/><F78/><W119/><G119/><T99/><D99/><U35/><E102/><V91/><F96/><W64/><G88/><T30/><D30/><U127/><E90/><V55/><F17/><W53/><REACH who="3" step="1"/><G47/><REACH who="3" ten="109,211,545,125" step="2"/><N who="1" m="17994" /><E35/><V54/><F98/><W72/><G72/><T7/><D34/><U26/><E131/><V4/><F105/><W62/><G62/><T79/><D79/><U80/><E116/><V74/><F60/><W89/><G89/><T33/><D33/><U112/><E127/><V67/><F91/><W42/><G42/><T0/><D77/><U118/><E118/><V101/><F43/><W40/><G40/><T73/><D76/><U16/><E122/><V12/><F74/><W129/><G129/><T126/><D73/><U22/><E134/><V117/><F117/><W121/><G121/><T41/><D126/><U61/><E115/><RYUUKYOKU ba="4,1" sc="109,-10,211,-10,545,-10,125,30" hai3="8,10,46,51,53,56,57,59,64,65,84,86,87" /><INIT seed="3,5,1,2,5,6" ten="99,201,535,155" oya="3" hai0="86,124,14,1,4,15,129,117,104,130,108,83,111" hai1="36,115,121,56,100,103,133,119,101,69,42,84,134" hai2="43,29,93,113,51,98,123,37,34,41,35,58,0" hai3="53,95,68,66,55,107,102,99,91,9,126,76,5"/><W57/><G126/><T132/><D104/><U71/><E115/><V97/><F37/><W39/><G39/><T125/><D86/><U75/><E75/><V127/><F113/><W109/><G109/><N who="0" m="42059" /><D83/><U88/><E121/><V24/><F123/><W21/><G68/><T87/><D87/><U20/><E119/><V47/><F127/><N who="0" m="48714" /><D117/><U94/><E56/><V63/><F41/><W67/><G21/><T72/><D72/><U77/><E77/><V79/><F79/><W81/><G81/><T38/><D38/><U16/><E42/><V10/><F34/><W25/><G25/><T92/><D92/><U11/><E11/><V49/><F49/><W60/><G76/><T2/><D132/><N who="1" m="50795" /><E36/><V18/><F93/><W64/><G53/><T110/><N who="0" m="42067" /><T48/><DORA hai="85" /><D48/><U105/><E105/><V70/><F70/><W89/><REACH who="3" step="1"/><G107/><REACH who="3" ten="99,201,535,145" step="2"/><T27/><D27/><AGARI ba="5,2" hai="16,20,27,69,71,84,88,94,100,101,103" m="50795" machi="27" ten="30,7700,0" yaku="20,1,52,1,54,2" doraHai="6,85" who="1" fromWho="0" sc="99,-92,201,112,535,0,145,0" /><INIT seed="4,0,0,4,4,16" ten="7,313,535,145" oya="0" hai0="88,84,30,50,117,113,42,97,126,115,93,71,122" hai1="94,22,51,129,61,26,27,56,43,107,38,123,66" hai2="68,53,34,105,124,104,106,57,20,131,35,6,10" hai3="62,0,65,79,132,48,64,120,110,108,118,109,111"/><T81/><D71/><U103/><E123/><V2/><F68/><W55/><G0/><T72/><D117/><U69/><E129/><V95/><F131/><W135/><G79/><N who="0" m="44263" /><D30/><U75/><E75/><V83/><F124/><W89/><G89/><N who="0" m="55471" /><D50/><U19/><E107/><V8/><F8/><W101/><G101/><T91/><D42/><U52/><E94/><V119/><F95/><W76/><G76/><T21/><D21/><U121/><E103/><V125/><F125/><W41/><N who="3" m="27648" /><DORA hai="12" /><W39/><G118/><T58/><D58/><U17/><E121/><V7/><F7/><W70/><G65/><T32/><D32/><U24/><E22/><V33/><F119/><W45/><G120/><T128/><D122/><U3/><E3/><V11/><F11/><W100/><G100/><T73/><D128/><U63/><E63/><V18/><F83/><W15/><G15/><T37/><D37/><U112/><E112/><N who="0" m="43081" /><D126/><U29/><E29/><V80/><F80/><W14/><G14/><T28/><D28/><U74/><E74/><V99/><F57/><AGARI ba="0,0" hai="39,41,45,48,55,57,62,64,70,132,135" m="27648" machi="57" ten="70,8000,1" yaku="24,2,34,3" doraHai="16,12" who="3" fromWho="2" sc="7,0,313,0,535,-80,145,80" /><INIT seed="5,0,0,3,5,116" ten="7,313,455,225" oya="1" hai0="76,127,108,123,104,101,11,94,24,103,48,82,47" hai1="128,69,28,25,75,105,53,27,107,43,14,90,72" hai2="117,46,111,126,100,67,78,77,3,13,87,65,37" hai3="61,22,45,91,0,89,114,40,74,44,80,95,18"/><U17/><E128/><V52/><F3/><W57/><G0/><T32/><D104/><U110/><E110/><V23/><F111/><W129/><G114/><T106/><D106/><U51/><E105/><V109/><F109/><W70/><G70/><T36/><D36/><U84/><E43/><V35/><F35/><W71/><G71/><T86/><D108/><U113/><E107/><V64/><F117/><W30/><G30/><T7/><D127/><U130/><E69/><V124/><F37/><W58/><G129/><T88/><D24/><U92/><E113/><V21/><F100/><W50/><G45/><T133/><D32/><U120/><E120/><V81/><F78/><W62/><G74/><T56/><D56/><U99/><E99/><V98/><F98/><W6/><G6/><T55/><D133/><U119/><E27/><V93/><F93/><W41/><G41/><T9/><D123/><U134/><E134/><V31/><F31/><W102/><G102/><N who="0" m="38923" /><D7/><U26/><E26/><V66/><N who="2" m="16384" /><DORA hai="33" /><V85/><F85/><AGARI ba="0,0" hai="9,11,47,48,55,76,82,85,86,88,94" m="38923" machi="85" ten="30,2000,0" yaku="8,1,54,1" doraHai="116,33" who="0" fromWho="2" sc="7,20,313,0,455,-20,225,0" /><INIT seed="6,0,0,2,1,39" ten="27,313,435,225" oya="2" hai0="124,102,91,38,74,79,22,0,42,11,78,119,50" hai1="59,17,97,13,110,95,60,90,20,4,51,127,53" hai2="49,56,29,135,99,8,40,57,35,62,41,122,83" hai3="72,24,105,30,87,103,108,126,84,115,58,73,132"/><V10/><F122/><W77/><G108/><T26/><D124/><U104/><E127/><V9/><F135/><W107/><G126/><T128/><D128/><U1/><E110/><V86/><F35/><W5/><G5/><T82/><D119/><U64/><E104/><V98/><F29/><W114/><G58/><N who="2" m="22633" /><F62/><W52/><G132/><T80/><D102/><U31/><E31/><V25/><F25/><W109/><G109/><T37/><D91/><U131/><E131/><V21/><F21/><W65/><G65/><T67/><D67/><U76/><E76/><N who="2" m="46439" /><F49/><W123/><G123/><T133/><D133/><U69/><E1/><V88/><F99/><N who="3" m="61695" /><G107/><T100/><D100/><U117/><E117/><V68/><F68/><W23/><G73/><T16/><D11/><U28/><E28/><V93/><AGARI ba="0,0" hai="8,9,10,40,41,88,93,98" m="46439,22633" machi="93" ten="30,11700,0" yaku="8,1,52,2,54,1" doraHai="39" who="2" fromWho="2" sc="27,-39,313,-39,435,117,225,-39" owari="-12,-51.2,274,7.4,552,65.2,186,-21.4" /></mjloggm>