<mjloggm ver="2.3"><GO type="225" lobby="0"/><UN n0="%72%61%6B%33" n1="%73%68%75%6D%70" n2="%E3%81%8B%E3%82%8F%E3%81%A1%E3%82%83%E3%82%93%35%38" n3="%E3%81%82%E3%81%84%E3%81%82%E3%81%8A%E3%81%84" dan="16,16,16,18" rate="2113.45,2122.73,2139.92,2197.37" sx="M,M,M,M"/><TAIKYOKU oya="0"/><INIT seed="0,0,0,1,2,21" ten="250,250,250,250" oya="0" hai0="125,104,8,25,15,99,71,64,54,121,100,26,43" hai1="86,124,48,20,42,78,16,85,5,134,3,70,52" hai2="61,44,47,18,132,68,117,123,111,45,65,59,39" hai3="120,27,2,50,135,29,94,110,133,1,106,58,51"/><T119/><D119/><U67/><E124/><V63/><F123/><W12/><G106/><T66/><D121/><U127/><E127/><V81/><F117/><W114/><G114/><T77/><D125/><U128/><E42/><V22/><F111/><W33/><G120/><T23/><D43/><U55/><E134/><N who="3" m="51210" /><G110/><T4/><D77/><U28/><E128/><V93/><F132/><W103/><G12/><T91/><D71/><U92/><E28/><V72/><F93/><W118/><G118/><T35/><D91/><U36/><E36/><V84/><F72/><W69/><G69/><T74/><D74/><U60/><E78/><V30/><F30/><W130/><G130/><T82/><D82/><U79/><E79/><V80/><F39/><W90/><G103/><T75/><D75/><U31/><E31/><V129/><F129/><W122/><G122/><T98/><D98/><U101/><E55/><V19/><F84/><N who="3" m="52551" /><G58/><T105/><D105/><U37/><E37/><V107/><F107/><W76/><G76/><T13/><D35/><U41/><E92/><V24/><REACH who="2" step="1"/><F18/><REACH who="2" ten="250,250,240,250" step="2"/><W109/><G109/><T10/><D104/><U116/><E116/><V49/><F49/><AGARI ba="0,1" hai="1,2,27,29,33,49,50,51" m="52551,51210" machi="49" ten="30,2000,0" yaku="20,1,52,1" doraHai="21" who="3" fromWho="2" sc="250,0,250,0,240,-20,250,30" /><INIT seed="1,0,0,2,3,75" ten="250,250,220,280" oya="1" hai0="95,60,23,20,25,93,120,83,58,91,73,34,90" hai1="78,114,5,27,127,106,54,111,37,89,14,8,26" hai2="12,17,41,101,13,121,50,33,131,115,67,69,122" hai3="85,112,118,53,124,98,1,48,0,133,11,104,79"/><U86/><E114/><V2/><F101/><W74/><G112/><T132/><D132/><U119/><E119/><V126/><F115/><W109/><G74/><T105/><D105/><U92/><E127/><V99/><F99/><W96/><G96/><T21/><D120/><U38/><E106/><V94/><F94/><W88/><G133/><T56/><D34/><U113/><E113/><V110/><F2/><W128/><G124/><T18/><D93/><U42/><E111/><V116/><F116/><W135/><G135/><T16/><D58/><U76/><E54/><V108/><F33/><W24/><G24/><N who="1" m="9258" /><E38/><V55/><F126/><W64/><G53/><T44/><D44/><U71/><E71/><V35/><F35/><W29/><G104/><T28/><D18/><U80/><E37/><V81/><F69/><W9/><G0/><T52/><D28/><U107/><E42/><V68/><F41/><W130/><G29/><T125/><D125/><U103/><E107/><V77/><F67/><W22/><G64/><T46/><D46/><U102/><E92/><V100/><F68/><W123/><G1/><T82/><D91/><U19/><E19/><V84/><F100/><AGARI ba="0,0" hai="5,8,14,76,78,80,86,89,100,102,103" m="9258" machi="100" ten="30,5800,0" yaku="8,1,52,2" doraHai="75" who="1" fromWho="2" sc="250,0,250,58,220,-58,280,0" /><INIT seed="1,1,0,2,5,25" ten="250,308,162,280" oya="1" hai0="67,33,46,64,92,75,32,53,48,11,27,36,133" hai1="20,78,121,129,52,83,6,99,72,37,2,95,65" hai2="31,132,86,45,57,34,87,82,43,107,68,96,118" hai3="125,35,90,103,124,131,10,16,38,84,18,39,61"/><U114/><E121/><V102/><F132/><W101/><G35/><T26/><D133/><U13/><E129/><V12/><F118/><W40/><G131/><T88/><D75/><U62/><E37/><V9/><F68/><W15/><G18/><T50/><D36/><U21/><E2/><V41/><F86/><W56/><G39/><T14/><D33/><U93/><E114/><V113/><F113/><W81/><G40/><T111/><D111/><U71/><E95/><V7/><F45/><W74/><G38/><T80/><D80/><U42/><E42/><V98/><F57/><W28/><G28/><T19/><D50/><U122/><E122/><V120/><F98/><W3/><G3/><T22/><D32/><U60/><E13/><V135/><F135/><W123/><G74/><T55/><D55/><U100/><REACH who="1" step="1"/><E6/><REACH who="1" ten="250,298,162,280" step="2"/><V4/><F4/><W108/><G123/><T106/><D106/><U109/><E109/><V127/><F120/><W79/><G108/><T70/><D70/><U29/><E29/><V69/><F69/><W17/><G17/><T115/><D115/><U112/><E112/><V128/><F128/><W58/><G16/><N who="0" m="12615" /><D27/><U130/><E130/><V66/><F31/><W76/><G15/><T44/><D44/><U77/><E77/><N who="2" m="46543" /><F34/><W63/><G79/><T47/><D47/><U110/><E110/><V91/><F91/><W117/><G76/><T0/><D0/><U104/><E104/><V97/><F127/><W105/><G124/><T116/><D116/><U24/><E24/><V94/><F66/><W8/><G117/><T134/><D134/><RYUUKYOKU ba="1,1" sc="250,10,298,10,162,10,280,-30" hai0="11,14,19,46,48,53,64,67,88,92" hai1="20,21,52,60,62,65,71,72,78,83,93,99,100" hai2="7,9,12,41,43,94,96,97,102,107" /><INIT seed="1,2,1,2,4,39" ten="260,308,172,250" oya="1" hai0="26,74,63,125,18,85,133,61,69,129,90,101,4" hai1="19,95,47,128,120,45,123,9,87,134,10,55,80" hai2="83,16,112,68,114,118,12,24,13,91,0,11,121" hai3="7,57,100,64,41,103,116,124,52,76,130,30,104"/><U97/><E128/><V93/><F118/><W78/><G130/><T102/><D74/><U56/><E134/><V34/><F68/><W60/><G124/><T59/><D125/><U119/><E119/><V42/><F121/><W96/><G116/><T35/><D133/><U14/><E9/><V48/><F83/><W109/><G109/><T27/><D4/><U33/><E33/><V126/><F126/><W127/><G127/><T58/><D69/><U73/><E73/><V28/><F12/><W117/><G117/><T65/><D129/><U67/><E67/><V92/><F0/><W107/><G30/><T99/><D35/><U46/><E120/><V50/><F92/><W36/><G7/><T44/><D44/><U37/><E123/><V135/><F135/><W49/><G103/><N who="0" m="39435" /><D99/><U98/><E95/><V29/><F29/><W113/><G107/><T2/><D18/><U66/><E66/><V84/><REACH who="2" step="1"/><F42/><REACH who="2" ten="260,308,162,250" step="2"/><W23/><G104/><T32/><D2/><U81/><E37/><V43/><F43/><W75/><G41/><T89/><D26/><U51/><REACH who="1" step="1"/><E80/><REACH who="1" ten="260,298,162,250" step="2"/><V38/><F38/><W108/><G36/><T72/><D72/><U131/><E131/><V122/><F122/><W70/><G75/><T94/><D94/><U25/><E25/><V5/><F5/><W31/><G70/><T115/><D27/><U79/><AGARI ba="2,3" hai="10,14,19,45,46,47,51,55,56,79,81,87,97,98" machi="79" ten="30,6000,0" yaku="1,1,0,1,8,1,53,0" doraHai="39" doraHaiUra="132" who="1" fromWho="1" sc="260,-22,298,96,162,-22,250,-22" /><INIT seed="1,3,0,4,3,31" ten="238,394,140,228" oya="1" hai0="62,118,20,112,110,97,123,74,69,13,107,64,128" hai1="96,27,113,102,119,77,32,122,65,56,90,70,131" hai2="92,1,61,16,34,106,93,130,24,105,84,125,22" hai3="79,120,6,38,58,88,124,2,135,4,40,0,45"/><U116/><E56/><V104/><F130/><W44/><G120/><T48/><D112/><U21/><E21/><V83/><F125/><W67/><G124/><T30/><D118/><U101/><E101/><V114/><F114/><W7/><G135/><T36/><D36/><U39/><E90/><V59/><F1/><W134/><G134/><T98/><D74/><U126/><E126/><V76/><REACH who="2" step="1"/><F34/><REACH who="2" ten="238,394,130,228" step="2"/><W42/><G0/><T68/><D128/><U57/><E32/><V14/><F14/><W117/><G2/><T54/><D13/><U94/><E131/><V115/><F115/><W3/><G3/><T25/><D123/><U99/><E113/><V121/><F121/><W49/><G117/><T29/><D110/><U81/><E122/><V111/><F111/><W19/><G4/><T86/><D69/><U33/><E33/><V23/><F23/><W8/><G6/><T73/><D20/><U71/><E27/><V103/><F103/><W89/><G7/><T108/><D25/><U12/><E12/><V41/><F41/><W133/><G133/><T75/><D68/><U28/><E71/><V91/><F91/><W43/><G43/><T100/><D100/><U11/><E70/><V53/><AGARI ba="3,1" hai="16,22,24,53,59,61,76,83,84,92,93,104,105,106" machi="53" ten="30,4000,0" yaku="1,1,0,1,54,1,53,0" doraHai="31" doraHaiUra="85" who="2" fromWho="2" sc="238,-13,394,-23,130,59,228,-13" /><INIT seed="2,0,0,3,2,100" ten="225,371,189,215" oya="2" hai0="101,24,57,93,25,47,34,0,73,20,14,119,1" hai1="104,82,85,99,123,98,33,111,80,126,124,107,36" hai2="5,28,113,92,87,46,17,43,121,105,127,116,45" hai3="115,19,133,91,23,16,76,55,30,74,63,86,71"/><V31/><F116/><W48/><G133/><T50/><D73/><U120/><E36/><V56/><F113/><W51/><G115/><T84/><D0/><U128/><E33/><V35/><F121/><N who="1" m="46665" /><E111/><V53/><F127/><N who="1" m="48681" /><E128/><V67/><F105/><N who="1" m="40521" /><E80/><V4/><F35/><W13/><G71/><T9/><D34/><U40/><E40/><V103/><F43/><W132/><G30/><T8/><D119/><U39/><E39/><V81/><F28/><W102/><G51/><T129/><D50/><U65/><E65/><V22/><F67/><W60/><G48/><T52/><D129/><U108/><E108/><V135/><F31/><W94/><G63/><T15/><D52/><U11/><E11/><V83/><F53/><W58/><G60/><T114/><D8/><U54/><E54/><V89/><F135/><W32/><G132/><T49/><D9/><U131/><E131/><V78/><F83/><W37/><G37/><T109/><D109/><U130/><E130/><V59/><F81/><W88/><G55/><T29/><D49/><U70/><E70/><V61/><F45/><W44/><G44/><T64/><D47/><U72/><E72/><V42/><F46/><W96/><G74/><T110/><D64/><U12/><E12/><N who="2" m="9511" /><F42/><W112/><G32/><T3/><D110/><U41/><E41/><V106/><F78/><AGARI ba="0,0" hai="78,82,85,98,99" m="40521,48681,46665" machi="78" ten="40,12000,2" yaku="13,1,18,1,34,2,52,3" doraHai="100" who="1" fromWho="2" sc="225,0,371,120,189,-120,215,0" /><INIT seed="3,0,0,5,1,21" ten="225,491,69,215" oya="3" hai0="6,106,116,57,17,63,18,115,56,25,64,104,5" hai1="14,23,11,103,90,73,111,77,22,100,105,35,70" hai2="52,98,2,43,125,82,15,13,117,79,44,114,67" hai3="8,88,89,0,4,59,26,29,3,128,42,12,20"/><W32/><G128/><T60/><D25/><U58/><E111/><V38/><F114/><W34/><G42/><T120/><D64/><U95/><E35/><N who="3" m="13354" /><G88/><T122/><D115/><U9/><E70/><V41/><F125/><W109/><G89/><T66/><D66/><U7/><E103/><V76/><F117/><AGARI ba="0,0" hai="5,6,17,18,56,57,60,63,104,106,116,117,120,122" machi="117" ten="25,1600,0" yaku="22,2" doraHai="21" who="0" fromWho="2" sc="225,16,491,0,69,-16,215,0" owari="241,4.1,491,59.1,53,-44.7,215,-18.5" /></mjloggm>