<mjloggm ver="2.3"><GO type="169" lobby="0"/><UN n0="%41%4C%50%45%52%49%4E" n1="%E3%83%AD%E3%83%AD%E3%82%93" n2="%43%68%65" n3="%E5%A4%A7%E4%BB%81%E7%94%B0%E8%96%84" dan="17,16,16,17" rate="2184.09,2158.25,2188.92,2187.56" sx="M,M,M,M"/><TAIKYOKU oya="0"/><INIT seed="0,0,0,5,0,29" ten="250,250,250,250" oya="0" hai0="89,22,115,1,53,106,134,107,55,77,42,70,36" hai1="61,38,7,129,30,62,119,3,111,23,39,46,64" hai2="92,34,52,86,43,90,78,63,12,118,109,76,99" hai3="19,35,15,27,44,65,17,102,97,18,59,60,85"/><T126/><D115/><U75/><E75/><V66/><F109/><W40/><G85/><T68/><D1/><U37/><E7/><V88/><F118/><W108/><G108/><T124/><D77/><U49/><E3/><V48/><F43/><W96/><G96/><T100/><D22/><U122/><E111/><V130/><F34/><W54/><G65/><T112/><D112/><U14/><E119/><V10/><F130/><W84/><G84/><T26/><D89/><U95/><E95/><N who="2" m="56807" /><F63/><W81/><G81/><T114/><D114/><U73/><E73/><V6/><F66/><W103/><G15/><T71/><D26/><U67/><E14/><V91/><F91/><W4/><G4/><T101/><D134/><U21/><E129/><V113/><F113/><W133/><G133/><T72/><D72/><U5/><E5/><V105/><F105/><N who="0" m="39946" /><D42/><N who="1" m="24791" /><E122/><V11/><F11/><W117/><G117/><T51/><D36/><U80/><E80/><V58/><AGARI ba="0,0" hai="6,10,12,48,52,58,76,78,86,90,92" m="56807" machi="58" ten="30,4000,0" yaku="8,1,54,2" doraHai="29" who="2" fromWho="2" sc="250,-20,250,-10,250,40,250,-10" /><INIT seed="1,0,0,4,0,34" ten="230,240,290,240" oya="1" hai0="3,48,2,84,86,65,36,46,17,38,108,134,128" hai1="19,29,74,27,130,79,69,44,22,115,57,20,51" hai2="71,11,28,119,133,26,127,99,110,25,9,125,83" hai3="52,73,45,50,109,37,7,23,132,55,114,98,49"/><U15/><E130/><V33/><F71/><W53/><G73/><T107/><D107/><U40/><E69/><V100/><F119/><W96/><G114/><T60/><D128/><U12/><E115/><V90/><F110/><W87/><G109/><T68/><D108/><U91/><E74/><V4/><F133/><W72/><G72/><T124/><D134/><U93/><E79/><V1/><F26/><W104/><G132/><T123/><D123/><U101/><E101/><V30/><F30/><W111/><G111/><T18/><D124/><N who="2" m="47690" /><F11/><W81/><G37/><T8/><D38/><U77/><E77/><V42/><F42/><W35/><G35/><T32/><D32/><U105/><E105/><N who="2" m="63647" /><F90/><W122/><G122/><T92/><D36/><U39/><E39/><V75/><F75/><W70/><G70/><T0/><D92/><U85/><E57/><V56/><F56/><W135/><G135/><T117/><D117/><U13/><AGARI ba="0,0" hai="12,13,15,19,20,22,27,29,40,44,51,85,91,93" machi="13" ten="20,3900,0" yaku="0,1,7,1,8,1" doraHai="34" who="1" fromWho="1" sc="230,-13,240,39,290,-13,240,-13" /><INIT seed="1,1,0,4,3,124" ten="217,279,277,227" oya="1" hai0="111,101,28,117,77,30,51,97,110,38,33,49,41" hai1="87,112,72,15,68,7,31,128,9,105,71,108,131" hai2="66,65,14,86,129,26,118,62,70,82,126,96,85" hai3="125,17,80,100,40,36,114,106,11,64,92,39,35"/><U43/><E72/><V23/><F118/><W3/><G35/><T130/><D117/><U37/><E105/><V113/><F126/><W135/><G106/><T10/><D77/><U13/><E108/><N who="0" m="41513" /><D10/><U107/><E107/><V74/><F113/><W20/><G64/><T119/><D119/><U123/><E31/><N who="0" m="11817" /><D33/><U88/><E123/><V120/><F66/><W19/><G114/><T90/><D90/><U46/><E112/><V55/><F14/><W29/><G29/><T52/><D130/><N who="1" m="49707" /><E15/><V21/><F74/><W47/><G39/><T59/><D38/><U45/><E45/><V0/><F120/><W81/><G3/><T57/><D41/><U18/><E7/><V116/><F129/><W54/><G40/><T53/><D97/><U5/><E5/><V122/><F96/><W50/><G36/><T73/><D73/><U89/><E89/><V98/><F0/><W115/><G115/><T56/><D101/><U103/><E103/><V94/><F122/><W44/><G44/><AGARI ba="1,0" hai="44,49,51,52,53,56,57,59" m="11817,41513" machi="44" ten="30,2000,0" yaku="14,1,54,1" doraHai="124" who="0" fromWho="3" sc="217,23,279,0,277,0,227,-23" /><INIT seed="2,0,0,1,2,111" ten="240,279,277,204" oya="2" hai0="22,40,20,41,55,16,97,34,131,30,29,130,49" hai1="129,9,12,116,105,122,65,88,39,99,133,60,68" hai2="32,84,57,96,91,44,93,120,8,94,78,3,103" hai3="13,118,72,0,19,14,50,4,31,6,23,11,127"/><V119/><F119/><W5/><G72/><T83/><D83/><U77/><E116/><V58/><F120/><W90/><G118/><T21/><D97/><U126/><E39/><V112/><F32/><W108/><G108/><T54/><D34/><U46/><E77/><V134/><F134/><W92/><G127/><T101/><D101/><U114/><E46/><V110/><F110/><W69/><G69/><T56/><D16/><U109/><E109/><V25/><F78/><W17/><G31/><N who="0" m="11787" /><D56/><U115/><E126/><V38/><F25/><W37/><G37/><T117/><D49/><U70/><E70/><V15/><F3/><W86/><REACH who="3" step="1"/><G50/><REACH who="3" ten="240,279,277,194" step="2"/><T47/><D117/><U62/><E122/><V53/><F38/><W63/><G63/><T124/><D124/><U89/><E62/><V2/><F2/><AGARI ba="0,1" hai="0,2,4,5,6,11,13,14,17,19,23,86,90,92" machi="2" ten="40,1300,0" yaku="1,1,53,0" doraHai="111" doraHaiUra="75" who="3" fromWho="2" sc="240,0,279,0,277,-13,194,23" /><INIT seed="3,0,0,1,5,49" ten="240,279,264,217" oya="3" hai0="109,118,132,99,129,67,130,43,94,70,84,86,81" hai1="115,120,89,64,7,56,37,87,75,14,38,107,121" hai2="45,36,23,47,22,4,30,85,98,102,42,103,39" hai3="35,77,135,60,0,88,52,91,10,106,71,11,72"/><W34/><G106/><T26/><D118/><U104/><E14/><V78/><F4/><W54/><G72/><T80/><D43/><U116/><E7/><V1/><F1/><W41/><G41/><T32/><D109/><U16/><E75/><V74/><F74/><W50/><G77/><T25/><D132/><U15/><E116/><V24/><F23/><W18/><G0/><T96/><D94/><U68/><E68/><V108/><F108/><W9/><G135/><T69/><REACH who="0" step="1"/><D67/><REACH who="0" ten="230,279,264,217" step="2"/><U79/><E107/><V20/><F42/><W73/><G73/><T112/><D112/><U97/><E104/><V105/><F105/><W21/><G35/><AGARI ba="0,1" hai="25,26,32,35,69,70,80,81,84,86,96,99,129,130" machi="35" ten="25,3200,0" yaku="1,1,22,2,53,0" doraHai="49" doraHaiUra="8" who="0" fromWho="3" sc="230,42,279,0,264,0,217,-32" /><INIT seed="4,0,0,4,0,41" ten="272,279,264,185" oya="0" hai0="28,56,83,63,26,105,59,99,124,45,70,43,30" hai1="91,85,35,74,64,51,108,50,27,8,93,25,114" hai2="120,77,109,58,54,84,81,49,95,92,89,17,128" hai3="111,117,122,121,86,123,68,36,88,87,125,69,116"/><T44/><D124/><U48/><E108/><V12/><F109/><W106/><G111/><T66/><D83/><U14/><E74/><V61/><F120/><W40/><G106/><T11/><D11/><U37/><E37/><V52/><F128/><W73/><G73/><T113/><D113/><U38/><E38/><V57/><REACH who="2" step="1"/><F77/><REACH who="2" ten="272,279,254,185" step="2"/><W133/><G125/><T24/><D105/><U5/><E114/><V10/><AGARI ba="0,1" hai="10,12,17,49,52,54,57,58,61,81,84,89,92,95" machi="10" ten="20,16000,3" yaku="1,1,2,1,0,1,7,1,8,1,54,1,53,2" doraHai="41" doraHaiUra="55" who="2" fromWho="2" sc="272,-80,279,-40,254,170,185,-40" /><INIT seed="5,0,0,4,4,98" ten="192,239,424,145" oya="1" hai0="96,33,83,89,22,64,28,99,94,78,109,117,6" hai1="84,57,120,123,88,38,69,100,97,77,41,65,112" hai2="39,1,133,75,45,52,107,130,50,55,115,12,17" hai3="127,2,125,0,90,18,80,48,16,70,91,110,134"/><U85/><E112/><V86/><F75/><W32/><G70/><T8/><D109/><U67/><E69/><V20/><F115/><W76/><G110/><T62/><D117/><U27/><E27/><V61/><F39/><W56/><G32/><T71/><D33/><U79/><E41/><V128/><F1/><N who="3" m="619" /><G48/><T11/><D99/><U102/><E97/><V129/><F133/><W92/><G56/><T116/><D116/><U93/><E93/><V14/><F107/><W121/><G92/><T106/><D106/><U31/><E57/><N who="2" m="34983" /><F86/><W131/><G121/><T68/><D68/><U42/><E42/><V5/><F5/><W81/><G134/><T72/><D6/><U104/><E104/><V47/><F12/><W21/><G21/><T3/><D3/><U74/><E74/><V49/><F49/><W82/><G76/><T73/><D73/><U118/><E118/><V30/><F30/><W37/><G131/><T29/><D29/><U111/><E111/><V135/><F135/><W126/><G37/><T23/><D28/><U43/><E38/><V9/><F47/><W35/><G35/><T132/><D132/><U25/><E43/><V7/><F7/><W54/><G54/><T105/><D105/><U66/><E31/><V119/><F119/><W101/><G101/><T24/><D23/><AGARI ba="0,0" hai="9,14,17,20,23,45,50,55,128,129,130" m="34983" machi="23" ten="30,2000,0" yaku="19,1,54,1" doraHai="98" who="2" fromWho="0" sc="192,-20,239,0,424,20,145,0" /><INIT seed="6,0,0,2,5,91" ten="172,239,444,145" oya="2" hai0="25,120,54,119,110,10,121,61,103,86,122,113,39" hai1="88,64,11,19,47,14,32,128,135,100,52,108,76" hai2="102,27,3,81,66,49,29,7,101,13,55,95,129" hai3="131,21,51,41,111,123,37,94,132,85,116,82,71"/><V130/><F3/><W31/><G111/><T83/><D39/><U43/><E32/><V80/><F66/><W87/><G123/><T90/><D110/><U4/><E64/><V12/><F7/><W38/><G71/><T112/><D119/><U17/><E100/><V124/><F124/><W109/><G109/><T105/><D25/><U68/><E68/><V99/><F102/><W84/><G116/><T98/><D10/><U56/><E76/><V65/><F65/><W16/><G31/><T8/><D8/><U42/><E135/><V77/><F13/><W74/><G132/><T30/><D30/><U53/><E108/><V44/><F12/><W97/><G131/><N who="2" m="50185" /><F77/><W79/><G51/><T127/><D127/><U46/><E128/><V96/><F96/><W40/><G38/><T59/><AGARI ba="0,0" hai="54,59,61,83,86,90,98,103,105,112,113,120,121,122" machi="59" ten="40,1500,0" yaku="0,1" doraHai="91" who="0" fromWho="0" sc="172,15,239,-4,444,-7,145,-4" /><INIT seed="7,0,0,0,1,53" ten="187,235,437,141" oya="3" hai0="59,41,98,105,82,29,17,36,100,92,44,39,94" hai1="8,28,68,45,33,70,48,10,49,97,90,47,131" hai2="55,96,72,122,87,6,119,14,1,66,16,46,15" hai3="102,52,24,57,51,91,67,7,69,38,65,31,101"/><W132/><G38/><T81/><D39/><U99/><E28/><V71/><F72/><W75/><G75/><T134/><D134/><U61/><E61/><V2/><F6/><W117/><G117/><T88/><D29/><U40/><E33/><V123/><F14/><W62/><G132/><T3/><D3/><U84/><E131/><V54/><F119/><W89/><G7/><T37/><D37/><U12/><E70/><V60/><F87/><W25/><G67/><T110/><D110/><U34/><E34/><V113/><F96/><N who="1" m="36937" /><E12/><V126/><F113/><W118/><G118/><T64/><D17/><U30/><E30/><V43/><F126/><W83/><G24/><T63/><D105/><U85/><E85/><AGARI ba="0,0" hai="36,41,44,59,63,64,81,82,85,88,92,94,98,100" machi="85" ten="30,3900,0" yaku="7,1,52,1,54,1" doraHai="53" who="0" fromWho="1" sc="187,39,235,-39,437,0,141,0" owari="226,2.6,196,-20.4,437,53.7,141,-35.9" /></mjloggm>