<mjloggm ver="2.3"><GO type="225" lobby="0"/><UN n0="%70%68%65%6E%6F%6D%65" n1="%E4%BF%BA%E3%81%A8%E5%A6%96%E5%A4%A2" n2="%E3%81%BF%E3%81%BF%E3%81%9A" n3="%E8%B5%A4%E3%81%84%E8%9B%99%31%31" dan="16,16,17,16" rate="2179.10,2117.89,2233.52,2075.51" sx="M,F,M,M"/><TAIKYOKU oya="0"/><INIT seed="0,0,0,2,3,22" ten="250,250,250,250" oya="0" hai0="15,6,98,87,10,105,89,81,115,36,69,35,71" hai1="0,84,14,58,94,106,95,9,131,91,120,102,16" hai2="13,77,83,37,38,26,119,97,75,100,29,85,70" hai3="44,127,55,27,43,52,46,28,39,103,117,74,63"/><T65/><D115/><U122/><E131/><V90/><F119/><W134/><G117/><T23/><D35/><U93/><E0/><V2/><F2/><W30/><G74/><T48/><D36/><U57/><E106/><V111/><F111/><W78/><G134/><T50/><D105/><U7/><E7/><V108/><F70/><W47/><G78/><T19/><D98/><U8/><E8/><V72/><F108/><W125/><G103/><T54/><D65/><U133/><E133/><V56/><F75/><W67/><G28/><T128/><D50/><U123/><REACH who="1" step="1"/><E102/><REACH who="1" ten="250,240,250,250" step="2"/><V88/><F100/><W24/><G127/><T17/><D128/><U42/><E42/><V82/><F13/><W40/><G125/><T64/><D64/><U68/><E68/><V66/><F66/><W124/><G124/><T96/><D96/><U130/><E130/><V113/><F113/><W73/><G40/><T121/><D121/><U132/><E132/><V107/><F107/><W135/><G135/><T79/><D6/><U109/><E109/><V32/><REACH who="2" step="1"/><F56/><AGARI ba="0,1" hai="9,14,16,56,57,58,84,91,93,94,95,120,122,123" machi="56" ten="40,2600,0" yaku="1,1,54,1,53,0" doraHai="22" doraHaiUra="51" who="1" fromWho="2" sc="250,0,240,36,250,-26,250,0" /><INIT seed="1,0,0,1,0,68" ten="250,276,224,250" oya="1" hai0="128,47,133,11,107,112,1,75,59,122,97,62,76" hai1="8,72,132,130,87,60,95,106,91,10,41,121,119" hai2="37,118,2,49,111,108,46,113,65,40,52,12,80" hai3="48,33,101,100,24,45,19,84,3,103,35,88,39"/><U32/><E119/><V36/><F2/><W83/><G3/><T110/><D112/><U38/><E121/><V81/><F118/><W20/><REACH who="3" step="1"/><G39/><REACH who="3" ten="250,276,224,240" step="2"/><N who="2" m="14921" /><F113/><W7/><G7/><T109/><D1/><U104/><E38/><N who="2" m="21783" /><F12/><W96/><G96/><T13/><D97/><U93/><E106/><V56/><F80/><W114/><G114/><T73/><D13/><U18/><E104/><V123/><F81/><W94/><G94/><T26/><D107/><U102/><E95/><V21/><F21/><W17/><G17/><T28/><D11/><U50/><E18/><V27/><F27/><W42/><AGARI ba="0,1" hai="19,20,24,33,35,42,45,48,83,84,88,100,101,103" machi="42" ten="30,4000,0" yaku="1,1,0,1,54,1,53,0" doraHai="68" doraHaiUra="25" who="3" fromWho="3" sc="250,-10,276,-20,224,-10,240,50" /><INIT seed="2,0,0,0,5,52" ten="240,256,214,290" oya="2" hai0="25,46,9,49,20,22,27,86,124,11,133,109,60" hai1="132,45,99,55,130,96,83,58,40,110,131,29,81" hai2="23,62,90,1,28,10,33,85,84,18,65,94,91" hai3="26,127,30,100,34,72,50,95,98,112,75,51,67"/><V47/><F33/><W43/><G127/><T53/><D124/><U122/><E110/><V70/><F28/><W66/><G112/><T129/><D109/><U64/><E64/><V38/><F1/><W44/><REACH who="3" step="1"/><G51/><REACH who="3" ten="240,256,214,280" step="2"/><T24/><D129/><U104/><E131/><V128/><F128/><W54/><G54/><T78/><D133/><U119/><E130/><V73/><F73/><AGARI ba="0,1" hai="26,30,34,43,44,50,66,67,72,73,75,95,98,100" machi="73" ten="40,1300,0" yaku="1,1,53,0" doraHai="52" doraHaiUra="69" who="3" fromWho="2" sc="240,0,256,0,214,-13,280,23" /><INIT seed="3,0,0,3,5,133" ten="240,256,201,303" oya="3" hai0="17,120,118,54,30,42,86,1,63,85,68,48,14" hai1="98,15,84,105,4,92,44,115,67,11,31,65,53" hai2="36,38,35,61,72,116,43,107,126,13,8,135,103" hai3="51,26,58,108,91,27,129,101,95,110,71,122,87"/><W81/><G71/><T46/><D120/><U7/><E115/><V78/><F116/><W102/><G129/><T22/><D118/><U100/><E31/><V55/><F55/><N who="3" m="32127" /><G122/><T114/><D114/><U60/><E4/><V41/><F61/><W37/><G37/><N who="2" m="14441" /><F35/><W24/><G95/><T47/><D1/><U121/><E121/><V93/><F107/><W40/><G40/><N who="2" m="15433" /><F93/><W66/><G66/><T111/><D68/><U19/><E105/><V23/><F23/><W21/><G21/><T77/><D63/><U94/><E60/><V117/><F117/><W119/><G119/><T9/><D22/><U29/><E29/><V59/><F59/><W104/><G104/><T83/><D30/><U106/><E106/><V96/><F135/><W62/><G62/><T123/><D123/><U73/><E92/><N who="2" m="58759" /><F72/><W90/><G90/><T113/><D113/><U80/><E73/><V112/><F112/><W33/><G33/><T132/><D132/><U109/><E67/><V2/><F2/><W12/><G12/><T88/><D47/><U10/><E65/><V97/><F97/><W18/><G18/><T25/><D25/><U69/><E69/><V3/><F3/><W75/><G75/><T45/><D46/><U6/><E19/><V64/><F64/><W134/><G134/><T5/><D42/><U99/><E99/><V70/><F70/><W128/><G128/><T50/><D17/><U0/><E44/><V16/><F78/><W125/><G102/><T82/><D50/><U34/><E34/><V32/><F32/><W79/><G79/><T39/><D39/><RYUUKYOKU ba="0,0" sc="240,15,256,-15,201,15,303,-15" hai0="5,9,14,45,48,54,77,82,83,85,86,88,111" hai2="8,13,16,126" /><INIT seed="4,1,0,2,3,123" ten="255,241,216,288" oya="0" hai0="128,14,133,63,83,22,34,68,108,33,56,96,42" hai1="77,20,125,114,86,100,18,129,115,97,5,32,135" hai2="6,51,70,48,69,0,107,8,54,90,106,38,30" hai3="72,59,62,74,66,75,94,130,119,12,120,102,118"/><T4/><D68/><U131/><E32/><V55/><F38/><W47/><G120/><T126/><D42/><U65/><E5/><V87/><F30/><W95/><G130/><N who="1" m="49674" /><E65/><V28/><F28/><W81/><G81/><T122/><D128/><U13/><E135/><V121/><F121/><W2/><G2/><T25/><D126/><U24/><E125/><V43/><F43/><W98/><G47/><T73/><D133/><U58/><E58/><V64/><F64/><W124/><G124/><T26/><D122/><U40/><E40/><V91/><F87/><W35/><G35/><T84/><D73/><U134/><E134/><V50/><F8/><W60/><G12/><T46/><D46/><U79/><E24/><V76/><F6/><W44/><G44/><T104/><D14/><U78/><E86/><V10/><F10/><W21/><G21/><T11/><D25/><U88/><E88/><N who="2" m="33835" /><F76/><W105/><REACH who="3" step="1"/><G60/><REACH who="3" ten="255,241,216,278" step="2"/><T110/><D33/><U53/><E20/><V45/><F0/><W80/><G80/><T7/><D34/><U1/><E1/><V71/><F45/><W39/><G39/><T101/><D11/><U41/><E41/><V103/><F103/><W19/><G19/><N who="0" m="12639" /><D4/><U29/><E29/><V16/><F16/><W99/><G99/><T111/><D7/><U89/><E18/><V37/><F37/><W92/><AGARI ba="1,1" hai="59,62,66,72,74,75,92,94,95,98,102,105,118,119" machi="92" ten="40,5200,0" yaku="1,1,0,1,53,1" doraHai="123" doraHaiUra="61" who="3" fromWho="3" sc="255,-27,241,-14,216,-14,278,65" owari="228,2.8,227,-17.3,202,-29.8,343,44.3" /></mjloggm>