<mjloggm ver="2.3"><GO type="169" lobby="0"/><UN n0="%E3%83%A9%E3%83%A0%E3%83%9E%E3%82%B8%E5%A4%A9%E4%BD%BF" n1="%E4%B8%83%E7%94%9F%E5%A4%95" n2="%E8%B5%A4%E7%BE%8E%E6%BF%83%E3%81%BE%E3%81%90%E3%82%8D" n3="%E9%A4%8A%E5%88%86%E4%B8%B8" dan="17,16,17,17" rate="2163.47,2093.09,2204.29,2255.00" sx="M,M,M,M"/><TAIKYOKU oya="0"/><INIT seed="0,0,0,3,5,3" ten="250,250,250,250" oya="0" hai0="19,91,44,49,23,111,47,87,72,119,132,4,17" hai1="9,135,85,26,127,76,130,69,7,125,75,67,13" hai2="52,28,97,53,1,92,43,107,103,113,12,90,40" hai3="18,117,74,95,30,61,50,100,129,89,45,60,46"/><T62/><D119/><U82/><E130/><V41/><F1/><W59/><G74/><T79/><D132/><U58/><E135/><V38/><F38/><W123/><G123/><T126/><D126/><U120/><E120/><V128/><F113/><W121/><G121/><T116/><D116/><U35/><E69/><V39/><F39/><W65/><G117/><T22/><D111/><U71/><E71/><V0/><F0/><W56/><G129/><T98/><D62/><U96/><E96/><V25/><F12/><W33/><G100/><T32/><D32/><U80/><E67/><V5/><F5/><W29/><G18/><T88/><D72/><U66/><E58/><V24/><F128/><W134/><G134/><T93/><D79/><U86/><E66/><V27/><REACH who="2" step="1"/><F28/><REACH who="2" ten="250,250,240,250" step="2"/><W20/><G29/><T122/><D122/><U68/><E125/><V64/><F64/><W15/><G30/><T83/><D4/><U54/><E127/><V14/><F14/><W51/><G15/><T37/><D37/><U2/><E2/><V73/><F73/><W42/><G65/><T55/><D17/><U108/><E75/><V109/><F109/><W84/><G33/><T78/><D19/><U124/><E108/><V106/><F106/><W115/><G115/><T36/><D36/><U63/><E124/><V114/><F114/><W8/><G8/><T133/><D133/><U101/><E9/><V6/><F6/><W57/><G20/><T21/><REACH who="0" step="1"/><D78/><REACH who="0" ten="240,250,240,250" step="2"/><U94/><E76/><V77/><F77/><W118/><G118/><T10/><D10/><U48/><E35/><RYUUKYOKU ba="0,2" sc="240,10,250,-30,240,10,250,10" hai0="21,22,23,44,47,49,55,83,87,88,91,93,98" hai2="24,25,27,40,41,43,52,53,90,92,97,103,107" hai3="42,45,46,50,51,56,57,59,60,61,84,89,95" /><INIT seed="0,1,2,3,3,86" ten="250,220,250,260" oya="0" hai0="73,50,61,63,0,127,131,113,134,25,12,78,39" hai1="110,33,115,54,7,56,84,4,89,135,119,74,88" hai2="92,2,77,11,126,6,122,120,130,16,95,34,49" hai3="55,18,41,99,70,101,102,96,40,24,97,71,118"/><T9/><D113/><U42/><E74/><V68/><F68/><W107/><G118/><T91/><D39/><U36/><E119/><V72/><F34/><W117/><G117/><T43/><D0/><U10/><E33/><V5/><F126/><W1/><G1/><T28/><D127/><U80/><E115/><V15/><F130/><W93/><G99/><T94/><D131/><U51/><E110/><V82/><F6/><N who="1" m="2089" /><E36/><V69/><F69/><W108/><G108/><T3/><D3/><U100/><E135/><V38/><F38/><W104/><G93/><T66/><D134/><U31/><E100/><V129/><F129/><W83/><G83/><T133/><D133/><U19/><E31/><V124/><F124/><W58/><G70/><T57/><D73/><U13/><E42/><V123/><REACH who="2" step="1"/><F49/><REACH who="2" ten="250,220,240,260" step="2"/><W44/><G71/><T22/><D78/><AGARI ba="1,3" hai="10,13,19,51,54,56,78,80,84,88,89" m="2089" machi="78" ten="30,7700,0" yaku="8,1,52,2,54,1" doraHai="86" who="1" fromWho="0" sc="250,-80,220,110,240,0,260,0" /><INIT seed="1,0,0,1,5,27" ten="170,330,240,260" oya="1" hai0="108,4,32,15,2,106,35,112,30,103,10,31,24" hai1="62,94,19,58,85,123,107,75,60,81,117,118,73" hai2="57,17,131,71,110,3,0,33,39,53,67,105,122" hai3="63,51,68,79,37,56,42,77,130,23,61,72,83"/><U102/><E123/><V46/><F122/><W43/><G37/><T92/><D92/><U18/><E107/><V48/><F105/><W14/><G130/><T109/><D103/><U16/><E102/><V135/><F33/><W91/><G79/><T127/><D106/><U125/><E94/><V47/><F131/><W124/><G124/><T20/><D127/><U50/><E125/><V13/><F110/><N who="0" m="42602" /><D112/><U8/><E8/><V6/><F6/><W78/><G78/><T21/><D2/><U87/><E50/><V115/><F47/><W29/><G91/><T12/><D12/><U100/><E100/><V104/><F104/><W25/><G14/><T119/><D119/><N who="1" m="45579" /><E58/><V40/><F135/><W129/><G129/><T113/><D113/><U34/><E81/><V116/><F116/><W55/><REACH who="3" step="1"/><G68/><REACH who="3" ten="170,330,240,250" step="2"/><T1/><D1/><U52/><E34/><N who="0" m="12841" /><D20/><U132/><E132/><V11/><REACH who="2" step="1"/><F115/><REACH who="2" ten="170,330,230,250" step="2"/><W89/><G89/><T54/><D54/><U114/><E52/><V69/><F69/><W96/><G96/><T95/><D95/><U7/><E114/><V59/><F59/><W65/><G65/><T64/><D64/><U86/><E7/><V128/><F128/><W120/><G120/><T88/><D88/><U111/><E111/><V44/><F44/><W74/><G74/><AGARI ba="0,2" hai="16,18,19,60,62,73,74,75,85,86,87" m="45579" machi="74" ten="40,7700,0" yaku="28,2,54,1" doraHai="27" who="1" fromWho="3" sc="170,0,330,97,230,0,250,-77" /><INIT seed="1,1,0,1,2,97" ten="170,427,230,173" oya="1" hai0="32,134,30,118,113,83,55,45,106,3,26,69,17" hai1="95,96,21,24,87,48,9,73,89,11,126,133,100" hai2="90,85,125,122,56,28,15,20,98,27,4,70,18" hai3="121,39,104,57,54,38,42,5,62,105,116,36,12"/><U64/><E126/><V110/><F70/><W92/><G121/><T99/><D113/><U6/><E133/><V84/><F122/><W74/><G74/><T123/><D118/><U114/><E73/><V109/><F125/><W127/><G127/><T58/><D123/><U80/><E114/><V75/><F75/><W67/><G116/><T63/><D134/><U41/><E64/><V59/><F4/><W103/><G42/><T93/><D3/><U81/><E81/><V79/><F79/><W2/><G2/><T53/><D69/><U47/><REACH who="1" step="1"/><E6/><REACH who="1" ten="170,417,230,173" step="2"/><V120/><F120/><W77/><G67/><T119/><D119/><U7/><E7/><V65/><F65/><W88/><G5/><T131/><D83/><U115/><E115/><V19/><F110/><W49/><G77/><T72/><D72/><U102/><E102/><V61/><F109/><W29/><G103/><T91/><D131/><U129/><E129/><V46/><F90/><W68/><G88/><T43/><D17/><AGARI ba="1,1" hai="9,11,17,21,24,41,47,48,80,87,89,95,96,100" machi="17" ten="30,11600,0" yaku="1,1,7,1,8,1,52,1,53,0" doraHai="97" doraHaiUra="112" who="1" fromWho="0" sc="170,-119,417,129,230,0,173,0" /><INIT seed="1,2,0,0,3,32" ten="51,546,230,173" oya="1" hai0="82,112,103,87,34,104,122,12,129,86,4,26,78" hai1="57,88,131,21,6,53,36,84,85,106,30,45,48" hai2="72,56,111,74,27,126,16,29,37,0,24,93,91" hai3="8,134,73,124,132,44,10,43,68,52,96,70,49"/><U121/><E121/><V90/><F37/><W100/><G73/><T5/><D112/><U120/><E120/><V81/><F111/><W105/><G124/><T114/><D122/><U33/><E106/><V118/><F118/><W101/><G101/><T67/><D114/><U46/><E33/><V97/><F126/><W117/><G117/><T80/><D129/><U2/><E84/><V50/><F0/><W1/><G43/><T58/><D34/><U35/><E35/><V41/><F74/><W109/><G109/><T22/><D103/><U92/><E36/><V125/><F125/><W13/><G10/><T40/><D40/><U102/><E102/><V20/><F72/><W39/><G39/><T3/><D104/><U108/><E131/><V133/><F133/><N who="3" m="51307" /><G1/><T113/><D113/><U54/><E2/><V64/><F41/><W25/><G25/><T14/><D3/><U55/><E6/><AGARI ba="2,0" hai="6,8,13,44,49,52,68,70,96,100,105" m="51307" machi="6" ten="30,2000,0" yaku="20,1,54,1" doraHai="32" who="3" fromWho="1" sc="51,0,546,-26,230,0,173,26" /><INIT seed="2,0,0,3,2,38" ten="51,520,230,199" oya="2" hai0="114,59,72,124,17,6,37,66,94,44,88,26,86" hai1="126,84,1,89,2,103,20,119,34,15,112,55,123" hai2="104,32,60,131,115,107,45,0,125,36,81,96,85" hai3="27,46,130,42,91,98,117,82,54,41,9,5,128"/><V25/><F115/><W28/><G117/><T69/><D114/><U102/><E34/><V10/><F125/><W80/><G54/><T58/><D124/><U76/><E119/><V43/><F131/><N who="3" m="50219" /><G98/><T71/><D72/><U62/><E76/><V12/><F96/><W31/><G91/><T39/><D6/><U121/><E103/><V52/><F0/><N who="3" m="167" /><G46/><T19/><D39/><U18/><E102/><V14/><F32/><N who="3" m="20511" /><G31/><T53/><D69/><U40/><E40/><AGARI ba="0,0" hai="40,41,42,80,82" m="20511,167,50219" machi="40" ten="30,7700,0" yaku="19,1,52,3" doraHai="38" who="3" fromWho="1" sc="51,0,520,-77,230,0,199,77" /><INIT seed="3,0,0,2,2,5" ten="51,443,230,276" oya="3" hai0="13,77,129,83,56,103,117,112,60,40,80,45,72" hai1="43,55,122,49,19,36,88,68,128,23,58,69,20" hai2="9,17,115,106,57,135,105,0,96,28,30,62,48" hai3="53,120,113,75,12,64,70,27,89,26,104,51,16"/><W39/><G113/><T71/><D117/><U33/><E33/><V132/><F115/><W32/><G120/><T124/><D112/><U131/><E122/><V81/><F48/><W116/><G116/><T24/><D124/><U110/><E110/><V119/><F119/><W94/><G104/><T87/><D129/><N who="1" m="49739" /><E88/><V54/><F81/><W37/><G75/><T78/><D103/><U99/><E99/><V7/><F17/><W47/><G64/><T90/><D24/><N who="1" m="14367" /><E23/><V93/><F105/><W21/><G70/><T4/><D71/><U91/><E91/><V74/><F74/><W92/><G92/><T121/><D121/><U35/><E35/><V8/><F106/><W65/><G65/><T15/><D90/><U18/><E18/><V98/><F98/><W14/><G27/><T108/><D108/><U41/><E41/><V52/><F54/><W130/><G130/><T125/><D125/><U76/><E76/><V84/><F84/><W61/><G61/><T118/><D118/><U102/><E102/><V123/><F123/><W109/><G109/><T50/><REACH who="0" step="1"/><D4/><REACH who="0" ten="41,443,230,276" step="2"/><U29/><E69/><V2/><F7/><W11/><G32/><T127/><D127/><U114/><E68/><V63/><F135/><W97/><G26/><T22/><D22/><U44/><E114/><V67/><F132/><W34/><G34/><T86/><D86/><U85/><E85/><V134/><F134/><W101/><G101/><T111/><D111/><U6/><E6/><AGARI ba="0,1" hai="6,11,12,14,16,21,37,39,47,51,53,89,94,97" machi="6" ten="30,5800,0" yaku="7,1,52,1,54,1" doraHai="5" who="3" fromWho="1" sc="41,0,443,-58,230,0,276,68" /><INIT seed="3,1,0,4,3,82" ten="41,385,230,344" oya="3" hai0="6,85,107,23,79,103,88,97,7,95,19,111,90" hai1="39,105,112,131,123,135,101,53,9,114,78,89,86" hai2="2,87,33,3,37,128,43,4,63,133,15,35,120" hai3="34,119,22,117,56,55,29,61,58,121,41,116,10"/><W66/><G121/><T30/><D111/><U24/><E39/><V0/><F128/><W126/><G126/><T124/><D124/><U36/><E36/><V52/><F133/><W129/><G129/><T27/><D30/><U60/><E131/><V32/><F120/><W115/><G115/><T14/><D14/><U5/><E123/><V122/><F122/><W94/><G41/><T20/><D20/><U100/><E135/><V18/><F37/><W12/><G34/><T51/><D51/><U62/><E78/><V8/><F43/><W77/><G77/><T46/><D46/><U50/><E24/><V118/><F118/><W132/><G132/><T1/><D1/><U69/><E112/><V106/><F106/><W98/><G22/><T92/><REACH who="0" step="1"/><D79/><REACH who="0" ten="31,385,230,344" step="2"/><U102/><E114/><V127/><F127/><W134/><G29/><T76/><D76/><U91/><E50/><V72/><F3/><W80/><G134/><T74/><D74/><U65/><E60/><V13/><F72/><W54/><G119/><T84/><AGARI ba="1,1" hai="6,7,19,23,27,84,85,88,90,92,95,97,103,107" machi="84" ten="20,12000,2" yaku="1,1,0,1,7,1,9,1,52,2,54,1,53,0" doraHai="82" doraHaiUra="28" who="0" fromWho="0" sc="31,133,385,-31,230,-31,344,-61" /><INIT seed="4,0,0,2,1,18" ten="164,354,199,283" oya="0" hai0="88,6,124,17,30,116,27,55,72,41,132,100,106" hai1="5,96,119,98,75,126,133,99,2,13,85,120,11" hai2="105,19,67,14,121,118,57,49,71,63,39,52,38" hai3="44,22,115,83,76,123,129,56,112,122,66,111,130"/><T128/><D116/><U20/><E75/><V102/><F121/><N who="3" m="46091" /><G22/><T8/><D72/><U33/><E120/><V64/><F118/><W45/><G83/><T74/><D74/><U50/><E33/><V94/><F105/><W125/><G76/><T110/><D124/><U34/><E34/><V77/><F77/><W107/><G107/><T81/><D128/><N who="3" m="49257" /><G125/><T37/><D132/><U42/><E133/><V127/><F67/><W40/><G111/><T62/><D110/><U92/><E119/><V131/><F127/><W9/><G9/><T84/><D17/><U117/><E117/><V35/><F35/><W28/><G28/><T59/><D106/><U80/><E126/><V32/><F32/><W87/><G87/><T4/><D100/><U78/><E2/><V104/><F104/><W12/><G12/><T101/><D101/><N who="1" m="60551" /><E20/><V26/><F26/><W3/><G3/><T135/><D135/><U82/><E82/><V1/><F1/><W24/><G24/><T23/><REACH who="0" step="1"/><D8/><REACH who="0" ten="154,354,199,283" step="2"/><U31/><E31/><V113/><F131/><W69/><G69/><T16/><D16/><U7/><E7/><V53/><F19/><W73/><G73/><T60/><D60/><U108/><E108/><V51/><F102/><W109/><G109/><T10/><D10/><U29/><E29/><V95/><F63/><N who="3" m="38247" /><G45/><AGARI ba="0,1" hai="4,6,23,27,30,37,41,45,55,59,62,81,84,88" machi="45" ten="40,7700,0" yaku="1,1,52,1,54,1,53,0" doraHai="18" doraHaiUra="47" who="0" fromWho="3" sc="154,87,354,0,199,0,283,-77" /><AGARI ba="0,0" hai="5,11,13,42,45,50,78,80,85,98,99" m="60551" machi="45" ten="30,2000,0" yaku="25,1,8,1" doraHai="18" who="1" fromWho="3" sc="241,0,354,20,199,0,206,-20" /><INIT seed="4,1,0,2,5,6" ten="241,374,199,186" oya="0" hai0="2,0,51,17,28,91,77,85,98,19,40,13,33" hai1="94,22,5,110,93,52,56,129,116,123,41,78,4" hai2="75,134,69,68,50,112,11,24,72,92,45,7,49" hai3="64,20,82,21,44,106,14,3,30,124,29,97,95"/><T89/><D33/><U133/><E110/><V27/><F112/><W118/><G3/><T63/><D28/><U67/><E116/><V86/><F134/><W34/><G118/><T90/><D63/><U32/><E32/><V76/><F72/><W46/><G106/><T121/><D121/><U87/><E123/><V100/><F75/><W42/><G34/><T8/><D98/><U35/><E35/><V54/><F69/><W111/><G111/><T79/><D17/><U9/><E41/><V38/><F68/><W37/><G64/><T96/><D96/><U120/><E67/><V25/><F38/><W127/><G82/><T73/><D73/><U1/><E5/><V16/><F100/><W105/><G105/><T58/><D79/><U12/><E133/><V135/><F135/><W130/><G130/><T126/><D126/><N who="3" m="48169" /><G46/><N who="0" m="26055" /><D0/><U62/><E129/><V57/><F92/><W103/><G14/><T115/><D2/><U70/><E70/><V26/><F7/><W88/><G103/><T36/><D36/><U66/><E1/><V59/><F50/><W99/><G99/><T48/><D115/><U23/><E120/><V114/><F114/><W128/><G128/><T39/><D39/><U80/><E66/><V43/><F76/><W61/><G61/><T117/><D117/><U18/><E18/><V122/><F122/><W60/><G60/><T108/><D108/><U109/><E109/><V74/><F74/><W71/><G71/><T47/><D77/><U55/><E62/><V132/><F132/><W84/><G97/><T15/><D85/><U113/><E87/><RYUUKYOKU ba="1,0" sc="241,-10,374,-10,199,-10,186,30" hai3="20,21,29,30,37,42,44,84,88,95" /><INIT seed="5,2,0,3,4,105" ten="231,364,189,216" oya="1" hai0="69,54,83,43,102,85,64,47,18,123,25,58,77" hai1="119,39,5,4,87,23,125,135,30,103,73,31,37" hai2="109,100,84,79,132,27,108,134,63,66,111,72,82" hai3="53,56,8,2,106,81,127,1,130,55,126,17,33"/><U70/><E87/><V12/><F12/><N who="3" m="7303" /><G106/><T97/><D123/><U93/><E23/><V110/><N who="2" m="27648" /><DORA hai="51" /><V14/><F14/><W99/><G33/><T68/><D18/><U118/><E93/><V101/><F27/><W80/><G99/><T129/><D129/><U19/><E19/><V124/><F124/><N who="3" m="47659" /><G130/><T46/><D25/><U60/><E125/><V91/><F63/><N who="3" m="36239" /><G55/><T22/><D22/><U29/><E4/><V92/><F66/><W90/><G90/><T96/><D102/><AGARI ba="2,0" hai="72,79,82,84,91,92,100,101,102,132,134" m="27648" machi="102" ten="70,8000,1" yaku="34,3,52,1" doraHai="105,51" who="2" fromWho="0" sc="231,-86,364,0,189,86,216,0" /><INIT seed="6,0,0,2,3,38" ten="145,364,275,216" oya="2" hai0="94,116,82,18,3,46,118,115,98,69,76,92,45" hai1="124,67,104,47,122,5,93,134,57,112,33,81,22" hai2="37,25,107,41,52,0,43,128,102,68,117,56,111" hai3="16,86,39,130,26,99,113,64,74,105,97,100,121"/><V77/><F117/><N who="0" m="45162" /><D69/><U17/><E104/><V59/><F68/><W2/><G121/><T127/><D3/><U58/><E33/><V35/><F0/><W73/><G2/><T27/><D27/><U8/><E112/><V88/><F37/><W34/><G39/><T120/><D18/><U23/><E93/><N who="0" m="35945" /><D115/><U79/><E17/><V24/><F77/><W48/><G113/><T106/><D120/><U131/><E122/><V53/><F128/><W85/><G64/><T55/><D55/><U126/><E67/><V129/><F129/><W44/><G130/><T91/><D45/><U71/><E47/><V62/><F111/><W15/><G99/><T49/><D91/><U61/><E71/><V108/><F88/><W95/><G26/><T14/><D14/><U31/><E131/><V75/><F75/><W7/><G7/><T101/><D127/><U84/><E5/><V4/><F4/><W90/><G34/><T54/><D82/><U66/><E81/><V63/><F35/><W20/><REACH who="3" step="1"/><G86/><REACH who="3" ten="145,364,275,206" step="2"/><T109/><D109/><U87/><E84/><V123/><F108/><W32/><G32/><T80/><D80/><U60/><E87/><V11/><F123/><W6/><G6/><T50/><D76/><U28/><E79/><V19/><F25/><W1/><G1/><T119/><N who="0" m="45170" /><T132/><DORA hai="42" /><D132/><U110/><E134/><V114/><F24/><W9/><G9/><T65/><D65/><U10/><E110/><V51/><F114/><W83/><G83/><T133/><D133/><U12/><E66/><V125/><F11/><N who="1" m="4137" /><E126/><V135/><F125/><RYUUKYOKU ba="0,1" sc="145,15,364,-15,275,-15,206,15" hai0="46,49,50,54,98,101,106" hai3="15,16,20,44,48,73,74,85,90,95,97,100,105" /><INIT seed="7,1,1,3,0,123" ten="160,349,260,221" oya="3" hai0="98,14,115,120,67,39,103,105,8,74,106,26,56" hai1="73,70,76,124,125,128,131,86,49,9,94,117,1" hai2="40,47,72,31,112,25,108,20,59,57,82,101,97" hai3="19,13,43,126,62,107,37,6,4,12,78,2,53"/><W95/><G107/><T109/><D120/><U77/><E117/><V50/><F108/><W83/><G2/><T90/><D39/><U65/><E73/><V111/><F111/><W17/><G126/><N who="1" m="48746" /><E49/><V22/><F112/><W119/><G119/><T69/><D109/><U33/><E33/><V35/><F35/><W104/><G104/><T121/><D121/><U118/><E118/><V99/><F72/><W38/><G95/><T10/><D115/><U44/><E44/><V87/><F22/><W0/><G0/><T133/><D133/><U52/><E52/><V63/><F101/><W27/><G27/><T85/><D74/><U102/><E65/><N who="2" m="39151" /><F59/><W42/><G53/><T132/><D132/><U68/><E86/><V18/><F31/><W3/><G3/><T16/><D69/><U100/><E77/><AGARI ba="1,1" hai="18,20,25,40,47,50,77,82,87,97,99" m="39151" machi="77" ten="30,1000,0" yaku="8,1" doraHai="123" who="2" fromWho="1" sc="160,0,349,-13,260,23,221,0" owari="160,-34.0,336,43.6,283,8.3,221,-17.9" /></mjloggm>