<mjloggm ver="2.3"><GO type="169" lobby="0"/><UN n0="%E3%83%AD%E3%83%99%E3%83%AB%E3%82%BF%E3%81%95%E3%82%93%EF%BC%A0" n1="%4D%41%54%59%55%49%E2%98%86" n2="%E5%81%BD%E9%80%A0%E6%8D%8F%E9%80%A0%E5%AE%89%E5%80%8D%E6%99%8B%E4%B8%89" n3="%41%63%75%6E%61%4A%72" dan="16,17,16,17" rate="2129.96,2204.30,2137.75,2266.38" sx="F,M,M,M"/><TAIKYOKU oya="0"/><INIT seed="0,0,0,0,3,18" ten="250,250,250,250" oya="0" hai0="83,59,47,39,33,46,29,62,93,36,2,115,132" hai1="131,52,70,42,125,35,135,11,68,86,96,92,102" hai2="88,66,79,73,74,4,14,118,22,133,81,19,89" hai3="84,101,15,16,91,45,56,50,44,43,77,60,109"/><T99/><D132/><U71/><E135/><V69/><F133/><W54/><G109/><T122/><D2/><U119/><E119/><V6/><F118/><W87/><G101/><T61/><D122/><U100/><E35/><V85/><F74/><W24/><G24/><T110/><D115/><U21/><E125/><V124/><F124/><W127/><G127/><T114/><D114/><U103/><E42/><V63/><REACH who="2" step="1"/><F89/><REACH who="2" ten="250,250,240,250" step="2"/><W57/><G77/><T41/><D110/><U104/><E131/><V94/><AGARI ba="0,1" hai="4,6,14,19,22,63,66,69,73,79,81,85,88,94" machi="94" ten="20,12000,2" yaku="1,1,2,1,0,1,7,1,52,1,54,1,53,1" doraHai="18" doraHaiUra="65" who="2" fromWho="2" sc="250,-60,250,-30,240,130,250,-30" /><INIT seed="1,0,0,4,3,130" ten="190,220,370,220" oya="1" hai0="45,36,78,5,120,7,2,83,72,113,64,111,82" hai1="105,66,28,107,133,75,27,39,69,70,114,13,46" hai2="8,1,80,92,67,41,33,117,16,32,85,37,123" hai3="9,53,26,19,95,96,90,24,119,103,128,6,68"/><U61/><E114/><V34/><F117/><W77/><G128/><T93/><D111/><U97/><E13/><V55/><F123/><W62/><G119/><T94/><D7/><U131/><E131/><V22/><F67/><W43/><G77/><T48/><D113/><U124/><E124/><V132/><F132/><W122/><G122/><T104/><D104/><U44/><E44/><V88/><F37/><W18/><G43/><T110/><D110/><U49/><E75/><V125/><F41/><W25/><G103/><T42/><D120/><U81/><E81/><V29/><F29/><W57/><REACH who="3" step="1"/><G68/><REACH who="3" ten="190,220,370,210" step="2"/><T51/><D42/><N who="1" m="22879" /><E70/><V30/><F125/><W98/><G98/><T102/><D78/><U54/><E107/><V84/><F84/><W11/><G11/><T134/><D102/><U100/><E49/><V87/><F8/><W17/><G17/><T63/><D51/><U79/><E79/><V116/><F116/><W121/><G121/><T12/><D48/><U76/><E76/><V89/><F16/><W56/><G56/><T135/><D36/><U23/><E105/><V129/><F129/><W73/><G73/><T71/><D72/><U58/><E69/><V14/><F87/><W35/><G35/><T50/><D50/><U99/><E100/><V3/><F85/><W10/><G10/><T52/><D71/><U21/><E99/><N who="2" m="57735" /><F33/><W40/><G40/><T109/><D109/><U126/><E97/><V38/><F34/><W0/><AGARI ba="0,1" hai="0,6,9,18,19,24,25,26,53,57,62,90,95,96" machi="0" ten="30,2000,0" yaku="1,1,0,1,53,0" doraHai="130" doraHaiUra="118" who="3" fromWho="3" sc="190,-5,220,-10,370,-5,210,30" /><INIT seed="2,0,0,1,5,20" ten="185,210,365,240" oya="2" hai0="80,31,12,52,10,63,135,96,24,22,118,119,109" hai1="122,127,90,47,112,133,60,79,27,16,54,76,100" hai2="125,49,68,58,98,4,95,101,38,129,44,51,75" hai3="113,43,45,56,74,64,106,34,82,84,128,132,120"/><V5/><F68/><W40/><G120/><T23/><D109/><U99/><E112/><V67/><F75/><W107/><G132/><T126/><D126/><U42/><E133/><V19/><F125/><W88/><G128/><T25/><D135/><U33/><E127/><V15/><F38/><W108/><G108/><T50/><D63/><U1/><E1/><V37/><F37/><W121/><G121/><T59/><D96/><U41/><E122/><V8/><F129/><W70/><G70/><T117/><D80/><U11/><E33/><V17/><F5/><W53/><G64/><T26/><REACH who="0" step="1"/><D31/><REACH who="0" ten="175,210,365,240" step="2"/><U69/><E60/><N who="2" m="38295" /><F51/><W71/><G113/><T0/><D0/><U65/><E99/><V73/><F73/><W14/><G74/><T123/><D123/><U2/><E2/><V29/><F29/><W114/><G114/><T102/><D102/><U105/><E100/><V32/><F32/><W72/><G34/><T97/><D97/><U78/><E69/><V7/><F17/><AGARI ba="0,1" hai="10,12,17,22,23,24,25,26,50,52,59,117,118,119" machi="17" ten="50,12000,2" yaku="1,1,12,1,52,3,54,1,53,1" doraHai="20" doraHaiUra="48" who="0" fromWho="2" sc="175,130,210,0,365,-120,240,0" /><INIT seed="3,0,0,5,5,132" ten="305,210,245,240" oya="3" hai0="61,117,43,3,87,114,29,19,71,67,74,86,22" hai1="54,25,5,6,107,65,125,8,108,63,42,81,14" hai2="18,85,77,59,98,56,99,118,9,11,58,2,111" hai3="34,134,4,45,50,0,92,91,39,72,109,53,49"/><W128/><G134/><T66/><D74/><U78/><E107/><V1/><F118/><W69/><G34/><T60/><D3/><N who="2" m="1034" /><F85/><W88/><G69/><T70/><D114/><U129/><E108/><V130/><F18/><W12/><G109/><T82/><D117/><U90/><E129/><V89/><F89/><W17/><G72/><T95/><D43/><U27/><E42/><V112/><F77/><W23/><G128/><T76/><D29/><U84/><E54/><V100/><F100/><W68/><G68/><T40/><D40/><U97/><E5/><V79/><F79/><W37/><G50/><T20/><D19/><U104/><E104/><V121/><F111/><W80/><G80/><T102/><D87/><U83/><E97/><AGARI ba="0,0" hai="20,22,60,61,66,67,70,71,76,82,86,95,97,102" machi="97" ten="40,1300,0" yaku="9,1" doraHai="132" who="0" fromWho="1" sc="305,13,210,-13,245,0,240,0" /><INIT seed="4,0,0,2,4,72" ten="318,197,245,240" oya="0" hai0="121,119,110,21,63,89,90,79,100,8,2,133,30" hai1="106,69,132,51,135,107,122,109,83,81,34,39,50" hai2="88,76,111,115,78,105,114,124,131,9,27,25,20" hai3="41,14,22,42,93,28,48,101,1,36,82,92,32"/><T98/><D119/><U60/><E39/><V45/><F111/><W91/><G1/><T112/><D133/><U19/><E34/><V16/><F105/><W64/><G36/><T10/><D112/><N who="2" m="43050" /><F131/><W71/><G32/><T75/><D121/><U54/><E109/><V85/><F124/><W123/><G71/><T108/><D63/><U65/><E122/><V74/><F74/><W134/><G64/><T23/><D75/><U96/><E19/><V0/><F25/><W59/><G134/><N who="1" m="51242" /><E50/><V70/><F70/><W128/><G128/><T116/><D2/><U80/><E96/><V68/><F45/><AGARI ba="0,0" hai="45,51,54,60,65,69,80,81,83,106,107" m="51242" machi="45" ten="30,1000,0" yaku="20,1" doraHai="72" who="1" fromWho="2" sc="318,0,197,10,245,-10,240,0" /><INIT seed="5,0,0,4,2,70" ten="318,207,235,240" oya="1" hai0="59,44,79,22,61,109,48,31,104,96,118,83,29" hai1="73,58,67,114,91,122,132,93,74,90,115,111,86" hai2="18,26,53,80,41,121,106,14,64,89,108,124,128" hai3="16,8,103,54,17,24,69,43,50,102,92,28,84"/><U78/><E67/><V107/><F108/><W77/><G69/><T27/><D109/><U113/><E111/><V12/><F121/><W34/><G43/><T62/><D31/><U65/><E65/><V33/><F128/><W75/><G75/><N who="1" m="28682" /><E58/><V72/><F124/><W56/><G77/><T10/><D10/><U55/><E55/><V97/><F41/><W129/><G129/><T126/><D126/><U110/><E110/><V127/><F64/><W82/><G92/><T35/><D22/><U60/><E60/><V52/><F72/><W135/><G135/><T23/><D23/><U30/><E30/><V101/><F26/><W2/><G17/><T6/><D6/><U119/><E119/><V100/><F18/><W21/><G84/><T63/><D59/><U85/><E122/><V94/><F33/><W134/><G82/><T105/><D62/><U1/><E1/><V7/><F80/><W98/><G134/><T32/><D63/><U123/><E123/><V45/><F7/><N who="3" m="1143" /><G98/><T42/><D61/><U131/><E131/><V47/><F97/><W19/><G19/><T11/><D42/><U68/><E68/><V133/><F133/><W25/><G25/><T36/><D48/><U66/><E66/><V71/><F71/><W120/><G120/><T130/><D130/><U49/><E132/><V0/><F0/><W5/><G5/><T95/><D44/><U39/><E49/><V76/><F127/><W112/><G112/><T88/><D29/><U81/><E78/><V125/><F76/><W4/><G4/><T99/><D79/><U51/><E51/><RYUUKYOKU ba="0,0" sc="318,-15,207,15,235,-15,240,15" hai1="39,81,85,86,90,91,93,113,114,115" hai3="16,21,24,28,34,50,54,56,102,103" /><INIT seed="5,1,0,2,5,20" ten="303,222,220,255" oya="1" hai0="87,102,67,44,77,88,39,4,116,103,9,130,17" hai1="51,43,35,120,31,112,81,89,129,93,66,134,74" hai2="18,0,56,28,33,8,100,131,119,71,27,109,24" hai3="61,70,46,41,94,83,65,11,38,47,72,29,48"/><U101/><E120/><V26/><F71/><W2/><G94/><T68/><D130/><U6/><E129/><V60/><F109/><W91/><G29/><T122/><D116/><U84/><E112/><V12/><F119/><W108/><G108/><T106/><D106/><U126/><E126/><V50/><F131/><W62/><G91/><T117/><D77/><U13/><E134/><V36/><F36/><W104/><G104/><T97/><D97/><U59/><E74/><V99/><F50/><W98/><G98/><T37/><D17/><U23/><E35/><V132/><F0/><W3/><G11/><T125/><D125/><U96/><E43/><V69/><F132/><W52/><REACH who="3" step="1"/><G62/><REACH who="3" ten="303,222,220,245" step="2"/><T58/><D9/><N who="1" m="4279" /><E31/><V14/><F14/><W53/><G53/><T123/><D123/><U92/><E23/><V7/><F7/><W80/><G80/><T110/><D122/><U128/><E128/><V105/><F69/><W127/><G127/><T49/><D68/><U133/><E133/><V54/><AGARI ba="1,1" hai="8,12,18,24,26,27,28,33,54,56,60,99,100,105" machi="54" ten="20,8000,1" yaku="0,1,7,1,52,3" doraHai="20" who="2" fromWho="2" sc="303,-21,222,-41,220,93,245,-21" /><INIT seed="6,0,0,0,2,23" ten="282,181,313,224" oya="2" hai0="56,30,15,49,89,41,33,37,82,100,3,54,110" hai1="47,104,126,77,59,121,22,55,112,20,79,60,39" hai2="115,2,85,27,44,61,109,31,66,67,135,38,34" hai3="18,32,102,25,10,21,51,8,103,42,24,62,92"/><V68/><F115/><W134/><G134/><T106/><D3/><U91/><E104/><V130/><F135/><W19/><G62/><T72/><D110/><U131/><E112/><V26/><F130/><W129/><G129/><T108/><D108/><U70/><E131/><V97/><F67/><W11/><G32/><T116/><D116/><U124/><E121/><V9/><F85/><W120/><G120/><T71/><D71/><U80/><E70/><V5/><F109/><W113/><G113/><T64/><D64/><U28/><E91/><V50/><F38/><W107/><G107/><T90/><D15/><U118/><E118/><V40/><F97/><N who="3" m="59687" /><G103/><T4/><D4/><U101/><E101/><V14/><REACH who="2" step="1"/><F27/><REACH who="2" ten="282,181,303,224" step="2"/><N who="3" m="14775" /><G19/><T105/><D37/><U13/><E39/><V53/><F53/><W1/><G1/><AGARI ba="0,1" hai="1,2,5,9,14,26,31,34,40,44,50,61,66,68" machi="1" ten="40,3900,0" yaku="1,1,52,1,53,0" doraHai="23" doraHaiUra="76" who="2" fromWho="3" sc="282,0,181,0,303,49,224,-39" /><INIT seed="6,1,0,5,0,74" ten="282,181,352,185" oya="2" hai0="11,18,81,40,135,6,9,39,56,90,0,37,25" hai1="84,28,21,68,76,129,125,109,22,50,14,72,100" hai2="5,86,19,96,13,111,61,63,66,1,35,15,36" hai3="80,132,29,133,42,108,65,104,91,114,73,89,59"/><V77/><F36/><W71/><G108/><T103/><D135/><N who="3" m="51785" /><G104/><T121/><D40/><U131/><E109/><V126/><F35/><W107/><G107/><T82/><D103/><U64/><E72/><V30/><F1/><W99/><G29/><T97/><D82/><N who="1" m="47175" /><E100/><V4/><F96/><W51/><G114/><T24/><D24/><U115/><E115/><V117/><F30/><W93/><G71/><T123/><D37/><U45/><E125/><V12/><F117/><W43/><G65/><T94/><D39/><U127/><E127/><V119/><F119/><W124/><G124/><T48/><D81/><U92/><E92/><V62/><F66/><W134/><N who="3" m="51793" /><W69/><DORA hai="32" /><G69/><T102/><D121/><U10/><E64/><V47/><F47/><W26/><G26/><T105/><D105/><U87/><E87/><V27/><F86/><N who="3" m="50375" /><G73/><T70/><D25/><U3/><E68/><V58/><F27/><W53/><AGARI ba="1,0" hai="42,43,51,53,59,91,93,99" m="50375,51793" machi="53" ten="40,1500,0" yaku="20,1" doraHai="74,32" who="3" fromWho="3" sc="282,-5,181,-5,352,-8,185,18" /><INIT seed="7,0,0,4,1,124" ten="277,176,344,203" oya="3" hai0="1,120,82,91,115,62,130,6,56,74,117,18,0" hai1="110,122,125,84,55,105,112,19,88,14,35,69,4" hai2="85,72,39,101,9,3,34,25,47,12,15,28,58" hai3="78,23,87,27,5,131,60,44,16,102,11,42,59"/><W66/><G131/><T107/><D120/><U10/><E122/><V75/><F3/><W46/><G102/><T32/><D32/><U96/><E110/><V80/><F101/><W92/><G42/><T53/><D107/><U61/><E35/><V49/><F58/><W81/><REACH who="3" step="1"/><G92/><REACH who="3" ten="277,176,344,193" step="2"/><T13/><D130/><U71/><E125/><V45/><F75/><W86/><G86/><T94/><D74/><U100/><E112/><V133/><F72/><W2/><AGARI ba="0,1" hai="2,5,11,16,23,27,44,46,59,60,66,78,81,87" machi="2" ten="20,7800,0" yaku="1,1,0,1,7,1,54,1,53,0" doraHai="124" doraHaiUra="116" who="3" fromWho="3" sc="277,-26,176,-26,344,-26,193,88" /><INIT seed="7,1,0,2,2,20" ten="251,150,318,281" oya="3" hai0="84,86,104,105,111,33,124,126,39,120,13,30,92" hai1="7,0,74,81,132,47,94,16,43,3,97,14,26" hai2="128,62,57,50,4,109,122,60,31,89,102,91,114" hai3="64,48,131,73,123,29,34,99,12,49,110,70,58"/><W76/><G123/><T44/><D13/><U24/><E132/><V75/><F109/><W121/><G121/><T15/><D15/><U108/><E108/><V96/><F75/><W21/><G34/><T116/><D30/><U80/><E0/><V55/><F122/><W90/><G70/><T28/><D28/><U78/><E81/><V117/><F117/><W25/><G131/><T6/><D6/><U41/><E41/><V8/><F31/><W67/><G76/><T103/><D44/><U83/><E83/><V38/><F38/><W135/><G73/><T134/><D39/><N who="1" m="22015" /><E94/><N who="2" m="58647" /><F128/><W35/><G135/><T85/><D33/><U101/><E97/><V107/><F107/><N who="0" m="41034" /><D124/><U112/><E101/><V37/><F114/><W61/><G67/><T40/><D40/><U63/><E63/><N who="2" m="24107" /><F37/><W87/><G99/><T118/><D134/><U127/><E112/><V65/><F65/><W18/><G110/><T2/><D2/><U53/><E53/><V95/><F95/><AGARI ba="1,0" hai="12,18,21,25,29,35,48,49,58,61,64,87,90,95" machi="95" ten="30,2900,0" yaku="7,1,52,1" doraHai="20" who="3" fromWho="2" sc="251,0,150,0,318,-32,281,32" owari="251,-14.9,150,-35.0,286,8.6,313,41.3" /></mjloggm>