<mjloggm ver="2.3"><GO type="169" lobby="0"/><UN n0="%E3%81%82%E3%82%8B%E8%A8%BC%E6%98%8E%EF%BF%A1" n1="%E3%81%BD%E3%81%A3%E3%81%91%E3%81%95%E3%82%93" n2="%41%63%75%6E%61%4A%72" n3="%E3%81%9D%E3%81%86%E3%81%9F%E3%81%A3%E3%81%9F" dan="16,17,17,16" rate="2074.65,2178.76,2256.74,2193.53" sx="M,M,M,M"/><TAIKYOKU oya="0"/><INIT seed="0,0,0,5,0,115" ten="250,250,250,250" oya="0" hai0="89,118,134,1,4,59,106,102,116,85,83,128,67" hai1="61,70,101,107,135,86,95,122,73,98,29,35,9" hai2="45,110,129,82,68,7,46,40,77,50,132,127,8" hai3="51,15,78,105,5,32,104,92,36,72,74,43,81"/><T133/><D1/><U56/><E122/><V34/><F110/><W30/><G36/><T79/><D4/><U44/><E73/><V66/><F127/><W123/><G72/><T54/><D67/><U126/><E135/><N who="0" m="51721" /><D128/><U48/><E126/><V14/><F132/><W90/><G123/><T55/><D79/><U57/><E9/><V49/><F129/><W21/><G32/><T3/><D3/><U11/><E11/><V23/><F34/><W76/><G76/><T12/><D12/><U13/><E13/><V62/><F23/><W112/><G112/><T39/><D39/><U125/><E125/><V93/><F93/><W63/><G5/><T80/><D80/><U16/><E16/><V20/><F20/><W84/><G63/><T41/><D41/><U53/><E86/><V19/><F19/><W120/><G120/><T109/><D109/><U24/><REACH who="1" step="1"/><E95/><REACH who="1" ten="250,240,250,250" step="2"/><V31/><F31/><W17/><G30/><T117/><D59/><U99/><E99/><AGARI ba="0,1" hai="54,55,83,85,89,99,102,106,116,117,118" m="51721" machi="99" ten="40,12000,1" yaku="20,1,52,3" doraHai="115" who="0" fromWho="1" sc="250,130,240,-120,250,0,250,0" /><INIT seed="0,1,0,2,3,126" ten="380,120,250,250" oya="0" hai0="79,40,38,8,92,123,118,107,98,106,41,13,122" hai1="42,50,39,81,7,71,112,49,9,28,58,84,10" hai2="91,24,14,63,99,94,130,48,44,89,46,116,26" hai3="96,108,86,56,65,37,12,101,127,93,15,45,68"/><T33/><D33/><U132/><E71/><V34/><F116/><W113/><G113/><T4/><D118/><U117/><E117/><V53/><F130/><W29/><G68/><T5/><D79/><U131/><E112/><V90/><F34/><W3/><G3/><T18/><D38/><U102/><E132/><V22/><F63/><W114/><G108/><T121/><D18/><U135/><E135/><V6/><F46/><W57/><G127/><T73/><D73/><U11/><E39/><V52/><F53/><W17/><G12/><T23/><D23/><U43/><E28/><V27/><REACH who="2" step="1"/><F22/><REACH who="2" ten="380,120,240,250" step="2"/><W115/><G45/><T74/><D123/><U30/><E43/><V75/><F75/><W77/><G115/><T19/><D74/><U2/><E42/><V47/><F47/><W125/><G125/><T21/><D40/><U103/><E131/><V67/><F67/><W16/><G65/><T35/><D35/><U78/><E50/><V61/><F61/><W64/><G64/><T128/><D41/><U54/><E2/><V62/><F62/><W20/><G114/><T109/><D128/><U87/><E49/><V59/><F59/><W120/><G56/><T110/><D121/><U32/><E58/><V25/><N who="2" m="6144" /><DORA hai="100" /><V36/><F36/><W51/><G120/><T105/><D122/><U55/><E30/><V95/><F95/><W0/><G29/><T69/><D21/><U82/><E32/><V111/><F111/><N who="0" m="42506" /><D69/><U1/><E54/><V31/><F31/><W88/><G37/><T66/><D66/><U70/><E70/><V133/><F133/><RYUUKYOKU ba="1,1" sc="380,15,120,-15,240,15,250,-15" hai0="4,5,8,13,19,92,98,105,106,107" hai2="6,14,44,48,52,89,90,91,94,99" /><INIT seed="0,2,1,0,5,77" ten="395,105,255,235" oya="0" hai0="133,60,20,117,123,41,100,35,61,107,55,59,132" hai1="91,38,110,124,128,56,108,87,1,121,53,125,78" hai2="64,45,66,131,58,54,14,63,7,5,80,13,37" hai3="74,69,76,83,25,94,93,88,52,33,21,90,51"/><T113/><D35/><U98/><E1/><V105/><F105/><W42/><G69/><T70/><D107/><U29/><E29/><V50/><F131/><W116/><G116/><T72/><D72/><U84/><E38/><V65/><F37/><W101/><G42/><T109/><D100/><U92/><E53/><V47/><F47/><W111/><G111/><N who="1" m="42538" /><E56/><V28/><F80/><W39/><G33/><T81/><D109/><U3/><E3/><V49/><F49/><W85/><G101/><T130/><D117/><U23/><E23/><V44/><F28/><W34/><G34/><T114/><D130/><U19/><E19/><V36/><F36/><W12/><G12/><N who="2" m="4713" /><F45/><N who="3" m="27759" /><G74/><T73/><D73/><U31/><E31/><V95/><F95/><N who="3" m="36363" /><G39/><T86/><D20/><U68/><E68/><V18/><F18/><AGARI ba="2,1" hai="18,21,25,76,83,85,88,90" m="36363,27759" machi="18" ten="30,7700,0" yaku="8,1,52,1,54,2" doraHai="77" who="3" fromWho="2" sc="395,0,105,0,255,-83,235,93" /><INIT seed="1,0,0,4,5,98" ten="395,105,172,328" oya="1" hai0="114,27,54,127,75,130,110,117,11,133,81,97,30" hai1="74,95,116,90,4,96,20,14,69,107,18,33,102" hai2="40,65,29,0,135,84,57,89,28,61,129,37,94" hai3="32,126,22,72,17,50,9,112,93,12,5,125,56"/><U63/><E116/><V99/><F0/><W68/><G68/><T80/><D117/><U6/><E33/><V119/><F119/><W91/><G72/><T52/><D114/><U66/><REACH who="1" step="1"/><E74/><REACH who="1" ten="395,95,172,328" step="2"/><V121/><F121/><W122/><G32/><T45/><D127/><U15/><E15/><V100/><F135/><W87/><G122/><T58/><D133/><U25/><E25/><V67/><F129/><W118/><G118/><T47/><D27/><U83/><E83/><V8/><F8/><W109/><G112/><T10/><D81/><U70/><E70/><V108/><F108/><W55/><REACH who="3" step="1"/><G109/><REACH who="3" ten="395,95,172,318" step="2"/><T13/><D110/><U53/><E53/><V38/><F67/><W111/><G111/><T64/><D52/><U3/><E3/><AGARI ba="0,2" hai="3,5,9,12,17,22,50,55,56,87,91,93,125,126" machi="3" ten="40,5200,0" yaku="1,1,25,2,53,0" doraHai="98" doraHaiUra="59" who="3" fromWho="1" sc="395,0,95,-52,172,0,318,72" /><INIT seed="2,0,0,1,0,37" ten="395,43,172,390" oya="2" hai0="95,22,70,133,80,38,65,8,92,102,86,118,10" hai1="115,28,91,11,104,3,7,36,114,69,121,41,60" hai2="21,15,5,62,50,93,100,128,20,135,64,16,29" hai3="83,51,32,47,101,6,55,87,78,42,54,44,122"/><V31/><F135/><W112/><G122/><T85/><D133/><U75/><E91/><V82/><F128/><W107/><G32/><T134/><D134/><U84/><E84/><V79/><F5/><W94/><G112/><T110/><D110/><U81/><E28/><V72/><F50/><W12/><G107/><T103/><D118/><U117/><E117/><V129/><F129/><W40/><G101/><T111/><D111/><U1/><E1/><V97/><REACH who="2" step="1"/><F21/><REACH who="2" ten="395,43,162,390" step="2"/><W39/><G94/><T116/><D22/><U109/><E109/><V105/><F105/><W108/><G108/><T120/><D95/><U61/><E104/><V46/><F46/><W56/><G56/><AGARI ba="0,1" hai="15,16,20,29,31,56,62,64,72,79,82,93,97,100" machi="56" ten="30,5800,0" yaku="1,1,7,1,54,1,53,0" doraHai="37" doraHaiUra="67" who="2" fromWho="3" sc="395,0,43,0,162,68,390,-58" /><INIT seed="2,1,0,2,3,98" ten="395,43,230,332" oya="2" hai0="6,92,5,113,13,126,17,87,38,103,72,116,19" hai1="2,73,18,122,96,80,93,75,58,135,106,4,32" hai2="28,117,46,55,102,20,50,133,40,112,74,51,56" hai3="95,129,41,118,23,108,131,88,79,100,128,59,90"/><V11/><F112/><W44/><G118/><T91/><D113/><U26/><E106/><V10/><F117/><W104/><G104/><T127/><D116/><U94/><E135/><V65/><F74/><W107/><G107/><T3/><D38/><U9/><E94/><V22/><F133/><W16/><G79/><T62/><D72/><U85/><E122/><V105/><F65/><W60/><G108/><T49/><D3/><U125/><E125/><N who="0" m="47625" /><D62/><U66/><E66/><V84/><F84/><W0/><G0/><T36/><D36/><U69/><E69/><V70/><F70/><W24/><G100/><T33/><D33/><U35/><E35/><V124/><F124/><W119/><G95/><T25/><D49/><U81/><E81/><V43/><F43/><W132/><G119/><T101/><D25/><U31/><E58/><V7/><F28/><W39/><REACH who="3" step="1"/><G132/><REACH who="3" ten="395,43,230,322" step="2"/><T76/><D76/><U27/><E80/><V67/><F105/><W52/><AGARI ba="1,1" hai="16,23,24,39,41,44,52,59,60,88,90,128,129,131" machi="52" ten="30,12000,2" yaku="1,1,2,1,0,1,19,1,54,3,53,0" doraHai="98" doraHaiUra="114" who="3" fromWho="3" sc="395,-31,43,-31,230,-61,322,133" /><INIT seed="3,0,0,2,5,94" ten="364,12,169,455" oya="3" hai0="2,33,63,30,3,14,127,79,75,71,92,78,69" hai1="21,55,116,65,28,61,41,18,12,56,135,32,67" hai2="128,125,85,34,107,0,40,37,104,112,117,129,81" hai3="70,44,8,53,97,86,88,68,38,82,50,15,7"/><W122/><G122/><T1/><D14/><U110/><E110/><V35/><F40/><W46/><G38/><T74/><D92/><U111/><E111/><V101/><F85/><W102/><G44/><T11/><D11/><U91/><E135/><V19/><F19/><W103/><G103/><T119/><D63/><U115/><E115/><V49/><F49/><W51/><G51/><T66/><D66/><N who="1" m="25099" /><E32/><V60/><F81/><W76/><G76/><T59/><D59/><U22/><E116/><V17/><F17/><W26/><G26/><T16/><D119/><U25/><E41/><V13/><F13/><W57/><G57/><T54/><D54/><U45/><E45/><V95/><F95/><AGARI ba="0,0" hai="7,8,15,46,50,53,68,70,82,86,88,95,97,102" machi="95" ten="30,5800,0" yaku="7,1,52,1,54,1" doraHai="94" who="3" fromWho="2" sc="364,0,12,0,169,-58,455,58" /><INIT seed="3,1,0,3,3,30" ten="364,12,111,513" oya="3" hai0="83,100,22,89,72,17,98,117,13,23,123,133,27" hai1="127,132,33,36,46,62,40,2,119,120,92,43,44" hai2="77,42,69,21,124,7,70,121,24,19,93,75,11" hai3="102,74,61,104,101,49,38,18,28,76,5,96,73"/><W108/><G38/><T31/><D123/><U67/><E2/><V81/><F124/><W54/><G5/><T48/><D117/><U131/><E120/><V68/><F121/><W59/><G108/><T97/><D133/><U9/><E127/><V37/><F93/><W130/><G130/><T58/><D72/><U15/><E131/><V90/><F90/><W35/><G102/><T82/><D89/><U79/><E132/><V134/><F134/><W0/><G0/><T20/><D20/><U12/><E119/><V25/><F25/><W84/><G18/><T86/><D86/><U14/><E92/><V65/><F65/><W109/><G109/><T129/><D129/><U1/><E79/><V78/><F78/><W113/><G113/><T39/><D39/><U115/><E115/><V34/><F34/><W126/><G49/><T55/><D97/><U103/><E103/><V80/><F80/><W112/><G112/><T45/><D45/><U52/><E33/><V94/><F94/><AGARI ba="1,0" hai="13,17,22,23,27,31,48,55,58,82,83,94,98,100" machi="94" ten="30,2000,0" yaku="7,1,8,1" doraHai="30" who="0" fromWho="2" sc="364,23,12,0,111,-23,513,0" /><INIT seed="4,0,0,0,1,55" ten="387,12,88,513" oya="0" hai0="32,121,92,114,127,72,99,50,60,86,16,42,2" hai1="41,43,76,13,47,40,5,25,97,69,64,108,75" hai2="63,49,51,37,126,118,74,45,46,106,68,34,89" hai3="125,36,28,56,119,135,14,3,67,20,103,24,113"/><T109/><D121/><U54/><E108/><V61/><F34/><W87/><G3/><T110/><D2/><U120/><E120/><V58/><F106/><W6/><G36/><T12/><D72/><U117/><E117/><V115/><F74/><W133/><G113/><T9/><D32/><U19/><E69/><V111/><F111/><N who="0" m="42506" /><D114/><U30/><E5/><V1/><F1/><W83/><G125/><T18/><D127/><U88/><E64/><N who="2" m="40975" /><F89/><W77/><G103/><N who="0" m="60903" /><D86/><U66/><E66/><N who="2" m="39287" /><F126/><W95/><G119/><T0/><D0/><U134/><E134/><V90/><F90/><W8/><G95/><T91/><D91/><U123/><E123/><V81/><F81/><W44/><G87/><T85/><D85/><U104/><E75/><V59/><F115/><W116/><G116/><T78/><D78/><U27/><E76/><V132/><F132/><W84/><G84/><T62/><D18/><U33/><E27/><V29/><F29/><W31/><G31/><T107/><D107/><U26/><E26/><V100/><F100/><W130/><G28/><T15/><D15/><U71/><E71/><V52/><F118/><W80/><G14/><T57/><D42/><U96/><E88/><V101/><F101/><W128/><G133/><T94/><D94/><U17/><E104/><V35/><F35/><W79/><G135/><T10/><D10/><N who="1" m="6327" /><E19/><V53/><F37/><W98/><G77/><T82/><D82/><U7/><E7/><V70/><F70/><W124/><G79/><T23/><D9/><U22/><E33/><V73/><F73/><W93/><G124/><RYUUKYOKU ba="0,0" sc="387,10,12,10,88,10,513,-30" hai0="12,16,23,50,57,60,62" hai1="22,25,30,40,41,43,47,54,96,97" hai2="45,46,49,51,52,53,59" /><INIT seed="4,1,0,5,3,76" ten="397,22,98,483" oya="0" hai0="115,30,83,130,73,52,33,47,18,127,96,54,84" hai1="106,25,133,69,119,120,113,60,28,132,123,45,24" hai2="114,68,99,88,46,58,128,43,26,90,36,75,38" hai3="22,4,55,117,50,116,112,44,17,37,67,72,105"/><T81/><D127/><U135/><E106/><V104/><F68/><W92/><G105/><T86/><D73/><U9/><E119/><V131/><F75/><W62/><G112/><T122/><D122/><U48/><E113/><V2/><F2/><W63/><G4/><T41/><D115/><U49/><E9/><V39/><F114/><W89/><G62/><T101/><D130/><N who="2" m="49706" /><F58/><W118/><G37/><N who="2" m="14441" /><F26/><N who="1" m="10345" /><E28/><V108/><F108/><W110/><G72/><T11/><D33/><U77/><E123/><V79/><F79/><W23/><G110/><T134/><D30/><U126/><E120/><V59/><F59/><W19/><G22/><T98/><D134/><U15/><E126/><V129/><F129/><W35/><G23/><T71/><D71/><U111/><E111/><V27/><F27/><W31/><G31/><T3/><D3/><U64/><E77/><V66/><F66/><W16/><G35/><T95/><D96/><U121/><E121/><V32/><F32/><W34/><G34/><T97/><D98/><U93/><E15/><V80/><F80/><N who="0" m="30794" /><D11/><U124/><E124/><V65/><F99/><N who="3" m="57743" /><G118/><T61/><D61/><U87/><E45/><V21/><F46/><W125/><G125/><T78/><D78/><U51/><E87/><N who="0" m="33321" /><D18/><U102/><E93/><V100/><F104/><W29/><G29/><T14/><D14/><U40/><E40/><V20/><F43/><W94/><G94/><T109/><D109/><U56/><E69/><V0/><F39/><W10/><G10/><T91/><D91/><U53/><E102/><V12/><F100/><W8/><G8/><RYUUKYOKU ba="1,0" sc="397,10,22,10,98,-30,483,10" hai0="41,47,52,54,95,97,101" hai1="48,49,51,53,56,60,64,132,133,135" hai3="16,17,19,44,50,55,63,67,116,117" /><INIT seed="4,2,0,5,2,29" ten="407,32,68,493" oya="0" hai0="50,0,22,30,108,70,58,63,64,92,74,82,59" hai1="94,103,42,15,37,6,18,14,107,85,76,81,109" hai2="4,105,91,26,119,69,12,20,130,47,90,62,66" hai3="13,48,114,55,39,121,112,53,124,27,116,54,25"/><T110/><D0/><U57/><E109/><N who="0" m="42089" /><D92/><U127/><E127/><V111/><F111/><W84/><G39/><T49/><D74/><U32/><E107/><V75/><F75/><W77/><G116/><T31/><D82/><U87/><E32/><V83/><F105/><W93/><G121/><T43/><D22/><U71/><E71/><V73/><F130/><W21/><G124/><T95/><D95/><U80/><E37/><V120/><F120/><W101/><G13/><T78/><D78/><N who="1" m="46231" /><E42/><V33/><F47/><W72/><G27/><T98/><D98/><N who="1" m="59863" /><E6/><V24/><F119/><W67/><G77/><T10/><D10/><N who="1" m="6487" /><E57/><N who="0" m="21513" /><D43/><U52/><E15/><V102/><F102/><W89/><G101/><T16/><D16/><U17/><E52/><V133/><F4/><W104/><G104/><T56/><N who="0" m="21521" /><T126/><DORA hai="117" /><D126/><U5/><E5/><V38/><F12/><W8/><G8/><T35/><D35/><U79/><E17/><V1/><F1/><W65/><G72/><T23/><D23/><U28/><E28/><AGARI ba="2,0" hai="28,30,31,49,50,63,64,70" m="21521,42089" machi="28" ten="40,2000,0" yaku="10,1" doraHai="29,117" who="0" fromWho="1" sc="407,26,32,-26,68,0,493,0" /><INIT seed="4,3,0,0,0,27" ten="433,6,68,493" oya="0" hai0="1,4,125,6,15,14,73,20,42,64,40,96,135" hai1="12,71,17,26,78,72,29,63,50,55,37,46,102" hai2="81,52,76,38,9,49,58,90,130,111,45,119,106" hai3="7,80,69,51,98,91,56,23,59,127,41,104,116"/><T25/><D73/><U74/><E37/><V131/><F111/><W129/><G69/><T66/><D125/><U3/><E3/><V93/><F106/><W39/><G39/><T114/><D114/><U89/><E102/><V82/><F119/><W10/><G116/><T108/><D108/><U68/><E89/><V118/><F118/><W133/><G133/><T36/><D135/><U107/><E107/><V77/><F9/><W115/><G129/><N who="2" m="49161" /><F82/><W33/><G33/><T132/><D132/><U60/><E71/><V70/><F70/><W83/><G23/><T121/><D121/><U113/><E113/><V117/><F117/><W53/><G41/><N who="0" m="15979" /><D36/><U75/><E78/><N who="2" m="30315" /><F81/><W109/><G109/><T57/><D96/><U112/><E112/><V34/><F34/><W35/><G35/><T48/><D1/><U86/><E86/><N who="2" m="52439" /><F38/><W5/><G115/><T85/><D85/><U28/><E68/><V18/><F18/><W22/><G104/><T88/><D88/><U87/><E87/><V99/><F99/><W30/><G98/><T101/><D101/><U11/><E29/><V124/><F124/><W32/><G127/><T94/><D94/><U13/><E13/><N who="0" m="4617" /><D4/><U105/><E105/><V31/><F31/><W2/><G5/><T123/><D123/><U110/><E110/><V122/><F122/><W24/><G32/><T126/><D126/><U92/><E92/><V19/><F19/><N who="3" m="12383" /><G91/><T0/><D0/><U103/><E103/><V128/><F128/><W120/><G120/><T16/><D6/><N who="1" m="3191" /><E28/><V134/><F134/><W95/><G30/><T62/><D62/><RYUUKYOKU ba="3,0" sc="433,10,6,10,68,10,493,-30" hai0="16,20,25,48,57,64,66" hai1="17,26,46,50,55,60,63,72,74,75" hai2="45,49,52,58" /><INIT seed="4,4,0,5,2,103" ten="443,16,78,463" oya="0" hai0="10,16,94,92,130,8,9,5,37,13,91,70,19" hai1="77,80,42,120,110,17,104,36,101,12,99,124,95" hai2="23,14,76,100,73,54,40,15,109,59,29,66,97" hai3="118,27,78,20,85,43,121,69,93,123,65,135,11"/><T68/><D37/><U31/><E110/><V112/><F109/><W71/><G118/><T102/><D130/><U72/><E120/><N who="3" m="46154" /><G135/><T47/><D47/><U107/><E124/><V6/><F73/><W83/><G65/><T0/><D102/><U105/><E31/><V125/><F76/><W127/><G127/><T55/><D55/><U48/><E48/><V45/><F66/><W106/><G106/><T41/><D41/><U7/><E7/><V52/><F112/><W56/><G11/><T18/><D94/><U32/><E32/><V117/><F54/><W62/><G93/><T64/><D64/><U49/><E49/><V24/><F6/><W21/><G21/><T88/><D91/><U115/><E115/><V57/><F57/><W87/><G85/><T26/><D26/><U35/><E35/><V96/><F117/><W81/><G81/><T74/><D74/><U25/><E25/><V4/><F4/><W134/><G134/><T34/><D34/><U126/><E126/><V116/><F125/><W60/><G56/><T75/><D75/><U133/><E133/><V50/><F116/><W28/><G43/><T114/><D114/><U98/><E98/><N who="2" m="37995" /><F100/><W3/><G3/><T122/><D122/><U67/><E67/><V82/><F82/><W39/><G39/><T30/><D30/><U79/><E79/><V44/><F40/><W111/><G111/><T63/><D63/><AGARI ba="4,0" hai="20,27,28,60,62,63,69,71,78,83,87" m="46154" machi="63" ten="30,1000,0" yaku="13,1" doraHai="103" who="3" fromWho="0" sc="443,-22,16,0,78,0,463,22" /><INIT seed="5,0,0,5,1,101" ten="421,16,78,485" oya="1" hai0="76,109,86,90,57,72,66,60,124,123,117,39,5" hai1="37,3,111,23,75,135,130,22,81,98,46,114,95" hai2="58,0,97,110,112,29,56,47,14,113,54,32,18" hai3="31,21,24,122,40,1,59,78,62,7,53,104,8"/><U17/><E3/><V118/><F110/><W12/><G122/><T100/><D123/><U43/><E111/><V44/><F0/><W77/><G104/><T134/><D109/><U51/><E135/><V121/><F121/><W131/><G131/><T68/><D117/><U79/><E130/><V82/><F118/><W103/><G103/><T48/><D134/><U2/><E114/><N who="2" m="44139" /><F97/><W89/><G40/><T16/><D124/><U73/><E2/><V9/><F58/><W84/><REACH who="3" step="1"/><G1/><REACH who="3" ten="421,16,78,475" step="2"/><T6/><D100/><U132/><E132/><V94/><F47/><W67/><G67/><T129/><D129/><U126/><E126/><V106/><F44/><W35/><G35/><T65/><D65/><U107/><E107/><V74/><F32/><W128/><G128/><T64/><D64/><U102/><E75/><V63/><F106/><W30/><G30/><T115/><D115/><U116/><E116/><V45/><F45/><W49/><G49/><T41/><D72/><U133/><E133/><V25/><F29/><W85/><G85/><T19/><D39/><U88/><E102/><V4/><F74/><W55/><G55/><T61/><D41/><U99/><E99/><V52/><F54/><W105/><G105/><T71/><D48/><U36/><REACH who="1" step="1"/><E23/><REACH who="1" ten="421,6,78,475" step="2"/><V96/><F96/><W13/><G13/><AGARI ba="0,2" hai="13,17,22,36,37,43,46,51,73,79,81,88,95,98" machi="13" ten="30,12000,1" yaku="1,1,2,1,7,1,54,1,53,1" doraHai="101" doraHaiUra="42" who="1" fromWho="3" sc="421,0,6,140,78,0,475,-120" /><INIT seed="5,1,0,4,2,11" ten="421,146,78,355" oya="1" hai0="93,38,32,81,62,31,82,87,112,122,21,94,123" hai1="18,96,72,33,116,125,71,40,17,3,9,128,108" hai2="97,28,117,10,129,75,34,113,103,68,54,7,60" hai3="126,74,26,59,107,52,48,111,12,92,130,104,100"/><U70/><E116/><V133/><F117/><W0/><G0/><T66/><D32/><U134/><E33/><V135/><F129/><W76/><G111/><T86/><D38/><U44/><E128/><V90/><F75/><W119/><G119/><T57/><D112/><U23/><E108/><V50/><F113/><W16/><G126/><T22/><D31/><U118/><E118/><V46/><F90/><W47/><G26/><T80/><D22/><U2/><E72/><V102/><F28/><W13/><G13/><T42/><D21/><U25/><E125/><V105/><F102/><W131/><G92/><N who="0" m="35435" /><D42/><U85/><E71/><V36/><F36/><W88/><G104/><T20/><D20/><U4/><E70/><V65/><REACH who="2" step="1"/><F34/><REACH who="2" ten="421,146,68,355" step="2"/><W115/><G115/><T67/><D123/><U124/><E124/><V8/><F8/><W35/><G35/><T37/><D37/><U19/><E9/><V5/><F5/><W55/><G100/><T58/><D122/><U39/><E4/><V1/><AGARI ba="1,1" hai="1,7,10,46,50,54,60,65,68,97,103,105,133,135" machi="1" ten="30,2000,0" yaku="1,1,0,1,53,0" doraHai="11" doraHaiUra="121" who="2" fromWho="2" sc="421,-6,146,-11,68,33,355,-6" /><INIT seed="6,0,0,2,3,51" ten="415,135,101,349" oya="2" hai0="82,54,74,121,122,84,91,42,95,18,129,77,96" hai1="35,107,105,83,69,50,88,17,36,3,130,24,70" hai2="106,80,127,133,19,98,61,46,110,79,66,23,38" hai3="43,113,102,103,39,49,67,87,126,41,2,111,8"/><V119/><F119/><W90/><BYE who="2" /><G39/><T1/><D1/><U59/><E36/><V64/><F64/><W48/><G111/><T22/><D129/><U57/><E3/><UN n2="%41%63%75%6E%61%4A%72" /><V47/><F110/><W28/><G126/><T44/><D54/><U118/><E118/><V114/><F127/><W32/><G32/><T75/><D75/><U55/><E130/><V71/><F114/><W4/><G28/><T11/><D11/><U34/><E17/><V33/><F33/><W0/><G0/><T112/><D112/><U100/><E100/><V72/><F133/><W97/><G103/><T58/><D58/><U53/><E50/><V62/><F62/><W37/><G67/><T10/><D10/><U76/><E83/><V101/><REACH who="2" step="1"/><F38/><REACH who="2" ten="415,135,91,349" step="2"/><W134/><G134/><T21/><D122/><U20/><E35/><V128/><F128/><W56/><G37/><T63/><D63/><U13/><E34/><V125/><F125/><W120/><G113/><T109/><D109/><U73/><E70/><V93/><F93/><W6/><G48/><T116/><D95/><U31/><E69/><V85/><F85/><W7/><G87/><T92/><D84/><U115/><E115/><V16/><F16/><W117/><G49/><N who="0" m="26775" /><D121/><U45/><E31/><V26/><AGARI ba="0,1" hai="19,23,26,46,47,61,66,71,72,79,80,98,101,106" machi="26" ten="20,3900,0" yaku="1,1,0,1,7,1,53,0" doraHai="51" doraHaiUra="135" who="2" fromWho="2" sc="415,-13,135,-13,91,49,349,-13" /><INIT seed="6,1,0,2,5,98" ten="402,122,140,336" oya="2" hai0="59,102,61,68,133,14,18,49,94,74,40,60,54" hai1="103,111,28,15,50,108,29,21,95,45,125,82,44" hai2="34,46,0,42,11,6,4,32,120,122,64,53,119" hai3="26,96,56,66,77,16,10,127,37,128,124,105,81"/><V99/><F119/><W13/><G37/><T62/><D74/><U47/><E125/><N who="3" m="48202" /><G128/><T130/><D130/><U135/><E135/><V129/><F129/><W12/><G66/><T117/><D133/><U131/><E131/><V106/><F53/><W58/><G13/><T92/><D117/><U107/><E107/><V114/><F64/><W132/><G26/><T97/><D68/><U5/><E108/><V1/><F114/><W71/><G71/><T90/><D40/><U112/><E112/><V39/><F120/><W30/><G30/><N who="1" m="11882" /><E111/><V91/><F91/><W67/><G67/><T65/><D65/><U84/><E82/><V36/><F36/><W87/><G132/><T22/><D62/><U70/><E70/><V113/><F122/><W43/><G43/><T89/><D89/><N who="1" m="53671" /><E103/><AGARI ba="1,0" hai="10,12,16,56,58,77,81,87,96,103,105" m="48202" machi="103" ten="30,3900,0" yaku="18,1,52,1,54,1" doraHai="98" who="3" fromWho="1" sc="402,0,122,-42,140,0,336,42" /><INIT seed="7,0,0,0,4,51" ten="402,80,140,378" oya="3" hai0="78,116,60,66,87,125,118,111,7,70,119,8,43" hai1="77,127,4,54,67,132,124,126,22,23,1,32,107" hai2="10,114,13,103,29,84,120,79,86,63,31,96,109" hai3="36,49,18,128,81,97,44,101,131,11,56,113,28"/><W62/><G36/><T112/><D111/><U93/><E107/><V6/><F109/><W5/><G18/><T72/><D125/><U21/><E32/><V83/><F120/><W82/><G28/><T0/><D112/><U20/><E132/><V30/><F114/><W106/><G113/><T80/><D43/><U48/><E67/><V74/><F63/><W65/><G128/><T88/><D116/><U85/><N who="1" m="5120" /><DORA hai="53" /><U59/><E93/><AGARI ba="0,0" hai="0,7,8,60,66,70,72,78,80,87,88,93,118,119" machi="93" ten="30,2000,0" yaku="7,1,54,1" doraHai="51,53" who="0" fromWho="1" sc="402,20,80,-20,140,0,378,0" owari="422,52.2,60,-44.0,140,-26.0,378,17.8" /></mjloggm>