<mjloggm ver="2.3"><GO type="225" lobby="0"/><UN n0="%33%74%72%65%65" n1="%E8%81%B7%E6%A5%AD%E3%80%81%E9%A2%A8%32" n2="%E3%82%BC%E3%83%AB%E3%83%80%E3%81%AE%E4%BC%9D%E8%AA%AC" n3="%70%6F%69%73%6F%6E%30%32" dan="17,16,17,16" rate="2157.59,2143.40,2153.34,2123.40" sx="F,M,M,M"/><TAIKYOKU oya="0"/><INIT seed="0,0,0,4,0,35" ten="250,250,250,250" oya="0" hai0="124,5,72,34,24,94,54,33,67,117,51,73,85" hai1="29,52,78,80,27,47,26,2,22,8,6,20,115" hai2="135,77,121,16,17,69,111,1,129,10,68,112,21" hai3="119,96,71,60,19,25,65,89,97,82,95,9,55"/><T100/><D117/><U133/><E133/><V41/><F121/><W14/><G119/><T31/><D124/><U57/><E115/><V107/><F112/><W49/><G82/><T131/><D131/><U32/><E47/><V74/><F107/><W98/><REACH who="3" step="1"/><G25/><REACH who="3" ten="250,250,250,240" step="2"/><T102/><D24/><U123/><E123/><V134/><F134/><W101/><G101/><T114/><D100/><U87/><REACH who="1" step="1"/><E27/><REACH who="1" ten="250,240,250,240" step="2"/><V62/><F135/><W93/><G93/><T48/><D94/><U38/><E38/><V56/><F129/><W63/><G63/><AGARI ba="0,2" hai="2,6,8,20,22,26,29,32,52,57,63,78,80,87" machi="63" ten="30,7700,0" yaku="1,1,7,1,52,1,54,1,53,0" doraHai="35" doraHaiUra="88" who="1" fromWho="3" sc="250,0,240,97,250,0,240,-77" /><INIT seed="1,0,0,0,1,84" ten="250,337,250,163" oya="1" hai0="104,71,118,4,28,0,107,20,56,87,70,43,114" hai1="35,123,121,135,77,93,90,42,109,30,126,134,36" hai2="7,95,16,127,23,5,105,110,29,113,15,17,51" hai3="57,72,24,119,1,76,85,106,122,19,103,40,99"/><U52/><E126/><V63/><F105/><W116/><G122/><N who="1" m="46602" /><E42/><V33/><F127/><W68/><G68/><T22/><D87/><N who="1" m="52447" /><E36/><V94/><F110/><W58/><G1/><T49/><D114/><U73/><E109/><V50/><F113/><W37/><G72/><T75/><D75/><U89/><E89/><V131/><F131/><W101/><G101/><T88/><D88/><U59/><E30/><V18/><F33/><W98/><G98/><T12/><D43/><U102/><E102/><V2/><F63/><W31/><G19/><N who="2" m="7241" /><F2/><W47/><G85/><T100/><D0/><U78/><E73/><V108/><F108/><W8/><G76/><T53/><D28/><U125/><E35/><V83/><F83/><W34/><REACH who="3" step="1"/><G8/><REACH who="3" ten="250,337,250,153" step="2"/><N who="0" m="4103" /><D100/><U117/><E125/><V55/><F29/><W80/><G80/><T32/><D71/><U92/><E78/><V44/><F7/><W38/><G38/><T60/><D70/><U21/><E77/><V132/><F5/><W13/><G13/><T115/><D115/><U11/><E11/><V129/><F129/><W45/><G45/><T69/><D69/><U86/><E86/><V124/><F124/><W67/><G67/><T111/><D111/><U74/><E74/><V96/><F96/><W9/><G9/><T81/><D81/><U48/><E59/><AGARI ba="0,1" hai="24,31,34,37,40,47,57,58,59,99,103,106,116,119" machi="59" ten="40,1300,0" yaku="1,1,53,0" doraHai="84" doraHaiUra="133" who="3" fromWho="1" sc="250,0,337,-13,250,0,153,23" /><INIT seed="2,0,0,4,5,103" ten="250,324,250,176" oya="2" hai0="26,22,119,92,48,35,74,104,28,59,100,15,5" hai1="94,86,57,20,18,27,88,68,124,107,122,120,125" hai2="19,73,37,7,8,4,58,6,40,126,21,65,99" hai3="78,135,25,91,117,115,72,95,83,89,90,82,54"/><V134/><F73/><W111/><G117/><T11/><D74/><U97/><E68/><V3/><F126/><N who="1" m="48745" /><E57/><V23/><F134/><W69/><G69/><T123/><D123/><N who="1" m="47147" /><E107/><V71/><F71/><W34/><G135/><T17/><D119/><U0/><E0/><V130/><F130/><W56/><G111/><T13/><D104/><U52/><E52/><V1/><F40/><W66/><G83/><T63/><D48/><U43/><E43/><V53/><F37/><W128/><G66/><T109/><D109/><U39/><E86/><V108/><F108/><W10/><G115/><T44/><D44/><U101/><E101/><V49/><F65/><W96/><G10/><T112/><D112/><U29/><E39/><V45/><F45/><W62/><REACH who="3" step="1"/><G128/><REACH who="3" ten="250,324,250,166" step="2"/><T12/><D11/><U51/><E51/><V93/><F8/><W24/><G24/><T131/><D131/><U85/><E85/><V42/><F49/><W67/><G67/><T47/><D26/><U105/><E27/><V64/><F64/><W33/><G33/><T50/><D35/><U16/><E20/><V75/><F23/><W60/><G60/><T98/><D63/><U114/><E114/><V36/><F21/><W79/><G79/><T14/><D22/><U41/><E29/><AGARI ba="0,1" hai="25,29,34,54,56,62,72,78,82,89,90,91,95,96" machi="29" ten="40,2600,0" yaku="1,1,53,1" doraHai="103" doraHaiUra="77" who="3" fromWho="1" sc="250,0,324,-26,250,0,166,36" /><INIT seed="3,0,0,5,2,111" ten="250,298,250,202" oya="3" hai0="108,69,62,21,12,83,105,10,102,101,130,36,0" hai1="28,39,114,103,75,63,42,109,47,65,38,34,131" hai2="119,135,20,59,57,44,7,35,53,56,55,6,74" hai3="9,107,94,37,85,86,71,72,93,88,112,60,80"/><W48/><G37/><T13/><D108/><U125/><E109/><V54/><F35/><W66/><G107/><T4/><D36/><N who="1" m="21959" /><E114/><V115/><F119/><W68/><G112/><T78/><D130/><U128/><E103/><V14/><F115/><W118/><G118/><T18/><D105/><U51/><E51/><V106/><F106/><W126/><G126/><T64/><REACH who="0" step="1"/><D0/><REACH who="0" ten="240,298,250,202" step="2"/><U99/><E128/><V95/><F135/><W29/><G29/><T11/><D11/><U129/><E39/><V41/><F74/><AGARI ba="0,1" hai="4,10,12,13,18,21,62,64,69,74,78,83,101,102" machi="74" ten="30,2000,0" yaku="1,1,7,1,53,0" doraHai="111" doraHaiUra="33" who="0" fromWho="2" sc="240,30,298,0,250,-20,202,0" /><INIT seed="4,0,0,2,1,9" ten="270,298,230,202" oya="0" hai0="15,58,38,47,65,81,43,99,44,26,76,105,129" hai1="114,37,72,119,22,11,61,94,6,101,111,115,133" hai2="33,117,128,91,134,97,90,55,39,126,89,103,34" hai3="71,16,32,10,121,116,13,73,36,30,53,104,96"/><T20/><D129/><U102/><E119/><V48/><F39/><W84/><G116/><T109/><D109/><U78/><E37/><V41/><F117/><W120/><G73/><T3/><D3/><N who="1" m="479" /><E111/><V56/><F128/><W98/><G36/><T135/><D135/><U69/><E133/><V125/><F41/><W54/><G71/><T23/><D47/><U88/><E78/><V5/><F5/><W64/><G64/><T85/><D105/><U63/><E22/><V87/><F87/><W79/><G30/><T4/><D99/><N who="3" m="37929" /><G32/><T124/><D124/><N who="2" m="47722" /><F134/><W31/><G31/><T110/><D110/><U122/><E122/><N who="3" m="47210" /><G104/><AGARI ba="0,0" hai="33,34,48,55,56,89,90,91,97,103,104" m="47722" machi="104" ten="30,1000,0" yaku="18,1" doraHai="9" who="2" fromWho="3" sc="270,0,298,0,230,10,202,-10" /><INIT seed="5,0,0,0,0,29" ten="270,298,240,192" oya="1" hai0="0,18,13,112,117,46,15,87,38,54,99,100,96" hai1="66,132,56,82,6,61,57,69,3,98,119,21,31" hai2="24,32,76,44,52,17,50,89,114,43,14,27,59" hai3="33,81,77,115,102,37,48,107,91,92,106,85,26"/><U65/><E119/><V108/><F108/><W47/><G37/><T133/><D0/><U71/><E132/><V122/><F122/><W97/><G115/><T120/><D112/><U84/><E3/><V64/><F114/><W70/><G70/><T90/><D117/><U1/><E1/><V10/><F32/><W63/><G63/><T86/><D133/><U125/><E125/><V19/><F76/><W75/><G26/><T2/><D2/><U111/><E6/><V74/><F74/><W7/><G7/><T73/><D73/><U127/><E127/><V123/><F123/><W109/><G109/><T67/><D120/><U83/><E71/><V5/><F64/><W51/><G51/><T42/><D67/><U110/><E98/><V121/><F121/><W23/><G23/><T80/><D100/><U62/><E69/><V41/><F89/><W60/><G60/><T72/><D72/><U124/><E124/><V128/><F128/><W94/><REACH who="3" step="1"/><G33/><REACH who="3" ten="270,298,240,182" step="2"/><T131/><D38/><U12/><E111/><V9/><F27/><W30/><G30/><T8/><D131/><U28/><E110/><V25/><F5/><W79/><G79/><T101/><D18/><N who="1" m="10439" /><E83/><V11/><F17/><W45/><G45/><T36/><D46/><U104/><E104/><V34/><F34/><W135/><G135/><T58/><D80/><U130/><E130/><V68/><F68/><W129/><G129/><T116/><D116/><U93/><E82/><V134/><F134/><W78/><G78/><T39/><D39/><U88/><AGARI ba="0,1" hai="28,31,56,57,61,62,65,66,84,88,93" m="10439" machi="88" ten="30,3000,0" yaku="8,1,54,1" doraHai="29" who="1" fromWho="1" sc="270,-10,298,40,240,-10,182,-10" owari="260,6.0,338,43.8,230,-17.0,172,-32.8" /></mjloggm>