<mjloggm ver="2.3"><GO type="169" lobby="0"/><UN n0="%48%41%43%4F" n1="%E3%81%AA%E3%81%8B%E3%81%AE%E3%81%86%E3%81%88" n2="%67%78%7A" n3="%E3%81%88%E3%81%84%E3%81%8D%E3%81%A1%40%35%6D%66" dan="16,16,17,17" rate="2070.69,2168.56,2167.80,2215.95" sx="M,M,F,M"/><TAIKYOKU oya="0"/><INIT seed="0,0,0,4,1,49" ten="250,250,250,250" oya="0" hai0="93,82,58,131,55,74,77,60,0,4,79,76,66" hai1="135,73,86,120,89,57,17,134,44,27,41,87,109" hai2="54,103,68,24,96,45,98,116,48,11,51,125,34" hai3="107,88,92,81,1,20,53,114,50,37,129,110,90"/><T2/><D131/><U14/><E73/><V62/><F125/><W102/><G114/><T94/><D2/><U91/><E120/><V83/><F116/><W85/><G37/><T9/><D79/><U127/><E109/><V121/><F121/><W46/><G1/><T43/><D43/><U65/><E27/><V36/><F36/><W38/><G110/><T132/><D132/><U106/><E106/><V95/><F83/><W122/><G122/><T23/><D77/><U124/><E65/><V70/><F62/><W6/><G129/><T104/><D104/><U72/><E72/><V130/><F130/><W111/><G111/><T15/><REACH who="0" step="1"/><D66/><REACH who="0" ten="240,250,250,250" step="2"/><U3/><E3/><V118/><F118/><W28/><G107/><T133/><D133/><U19/><E41/><V63/><F68/><W35/><G38/><T80/><D80/><U112/><E135/><V69/><F70/><W71/><G71/><T101/><D101/><U16/><E134/><V108/><F69/><W128/><G128/><T26/><D26/><U123/><E123/><V7/><F24/><N who="3" m="16391" /><G102/><T61/><D61/><U39/><E127/><V42/><F108/><W59/><G90/><T117/><D117/><U21/><E124/><V30/><F103/><W97/><G81/><T99/><D99/><U56/><E91/><V78/><F98/><W119/><G119/><T52/><D52/><U40/><E89/><V31/><F96/><W5/><G97/><T47/><D47/><U8/><E44/><V100/><F100/><W33/><G46/><T10/><D10/><U12/><E8/><V29/><F45/><RYUUKYOKU ba="0,1" sc="240,15,250,-15,250,-15,250,15" hai0="0,4,9,15,23,55,58,60,74,76,82,93,94" hai3="5,6,33,35,50,53,59,85,88,92" /><INIT seed="0,1,1,4,2,6" ten="255,235,235,265" oya="0" hai0="120,17,23,115,31,114,70,56,20,38,28,48,112" hai1="55,2,40,25,51,68,66,118,47,73,100,75,130" hai2="7,34,8,37,22,116,62,18,39,87,59,54,11" hai3="77,83,69,35,127,44,94,9,85,46,14,81,26"/><T24/><D70/><U104/><E118/><V109/><F34/><W45/><G69/><T61/><D38/><U36/><E130/><V111/><F116/><W101/><G127/><T107/><D107/><U50/><E2/><V86/><F39/><W76/><G35/><T106/><D106/><U91/><E51/><V92/><F37/><W64/><G64/><T125/><D120/><U133/><E133/><V27/><F87/><W29/><G26/><T99/><D125/><U105/><E25/><V15/><REACH who="2" step="1"/><F8/><REACH who="2" ten="255,235,225,265" step="2"/><W3/><G9/><T78/><D112/><U74/><E74/><V97/><F97/><W98/><G85/><T89/><D114/><U103/><E75/><V16/><F16/><W12/><G29/><T134/><D31/><U57/><E73/><V96/><F96/><BYE who="2" /><W33/><G3/><T129/><D48/><U110/><E110/><V0/><F0/><W102/><G102/><N who="1" m="38954" /><E91/><UN n2="%67%78%7A" /><V113/><F113/><W52/><G33/><T80/><D115/><U126/><E126/><V90/><AGARI ba="1,2" hai="7,11,15,18,22,27,54,59,62,86,90,92,109,111" machi="90" ten="30,7900,0" yaku="1,1,0,1,52,1,53,1" doraHai="6" doraHaiUra="58" who="2" fromWho="2" sc="255,-40,235,-21,225,102,265,-21" /><INIT seed="1,0,0,3,0,61" ten="215,214,327,244" oya="1" hai0="106,130,125,80,31,53,68,1,41,99,7,89,116" hai1="44,54,87,37,69,24,108,56,57,12,119,88,29" hai2="2,117,127,49,39,105,33,115,78,63,92,21,133" hai3="27,8,45,132,64,118,38,73,86,51,93,30,90"/><U42/><E119/><V9/><F117/><W95/><G73/><T121/><D1/><U110/><E69/><V13/><F105/><W102/><G118/><T100/><D7/><U101/><E101/><V3/><F39/><W58/><G132/><T15/><D41/><U25/><E12/><V5/><F33/><W74/><G74/><T131/><D31/><U66/><E66/><V122/><F122/><W6/><G38/><T103/><D53/><U59/><E54/><V111/><F133/><W17/><G17/><T85/><D15/><U82/><REACH who="1" step="1"/><E29/><REACH who="1" ten="215,204,327,244" step="2"/><V65/><F65/><W77/><G102/><N who="0" m="62815" /><D68/><U36/><E36/><V34/><F13/><W114/><G64/><T46/><D116/><U123/><E123/><V62/><F3/><W18/><G30/><T40/><D121/><U43/><E43/><V104/><F2/><W109/><G114/><T4/><D4/><U22/><E22/><V16/><F21/><W48/><G6/><T84/><D103/><U47/><E47/><V126/><F5/><W120/><G45/><T10/><D46/><U70/><E70/><V0/><F0/><W26/><G120/><T135/><D40/><U83/><E83/><V14/><F14/><W98/><G8/><T20/><D20/><U52/><E52/><V32/><F9/><W11/><G11/><T75/><D10/><U79/><E79/><V28/><F32/><W23/><G77/><N who="0" m="44095" /><D100/><U134/><E134/><V97/><F28/><W67/><G67/><T124/><D135/><U112/><E112/><V35/><F35/><W107/><G23/><T72/><D89/><RYUUKYOKU ba="0,1" sc="215,-10,204,30,327,-10,244,-10" hai1="24,25,37,42,44,56,57,59,82,87,88,108,110" /><INIT seed="1,1,1,1,5,120" ten="205,234,317,234" oya="1" hai0="12,113,63,90,37,103,126,109,76,101,18,115,111" hai1="80,131,56,30,79,24,129,123,94,46,51,112,95" hai2="21,116,52,19,108,48,97,32,45,4,72,31,100" hai3="82,89,61,35,107,43,69,44,92,16,84,99,50"/><U91/><E112/><N who="0" m="43081" /><D12/><U22/><E123/><V28/><F116/><W119/><G119/><T114/><D18/><U74/><E56/><V86/><F72/><W96/><G35/><T20/><D20/><U49/><E49/><V54/><F4/><W65/><G107/><T0/><D63/><U125/><E125/><V36/><F36/><W60/><G60/><T34/><D34/><U122/><E122/><V67/><F67/><W41/><G41/><T83/><D37/><U75/><E75/><V88/><F32/><W106/><G106/><T9/><D9/><U23/><E23/><V15/><F54/><W135/><G135/><T14/><D14/><U59/><E59/><V11/><F21/><W64/><G64/><T5/><D5/><U6/><E6/><V2/><F2/><W42/><G42/><T85/><D0/><U78/><E78/><V71/><F71/><W1/><G1/><T124/><D76/><U13/><E13/><V77/><F77/><W127/><G127/><N who="0" m="48683" /><D114/><U57/><E57/><V93/><REACH who="2" step="1"/><F108/><AGARI ba="1,1" hai="83,85,90,101,103,108,109,111" m="48683,43081" machi="108" ten="40,12000,2" yaku="14,1,18,1,34,2,52,3" doraHai="120" who="0" fromWho="2" sc="205,133,234,0,317,-123,234,0" /><INIT seed="2,0,0,2,3,89" ten="338,234,194,234" oya="2" hai0="76,10,20,46,72,51,78,120,45,74,112,134,34" hai1="61,62,6,15,93,68,80,24,107,60,104,16,37" hai2="35,96,69,79,71,111,2,43,21,92,29,105,84" hai3="30,73,98,47,133,81,27,114,12,122,57,127,90"/><V13/><F2/><W52/><G122/><T19/><D34/><U59/><E68/><V117/><F117/><W103/><G127/><T101/><D120/><U39/><E59/><V17/><F105/><W94/><G133/><T128/><D112/><U132/><E132/><V33/><F43/><W8/><G114/><T0/><D0/><U22/><E80/><V106/><F106/><W67/><G47/><T44/><D128/><U26/><E107/><V63/><F111/><W118/><G67/><T121/><D101/><U82/><E104/><V54/><F54/><W14/><G118/><T58/><D10/><U5/><E82/><V50/><F50/><W70/><G70/><T124/><D124/><U102/><E39/><V83/><F29/><W1/><G1/><T135/><D121/><U32/><E37/><V9/><F69/><W4/><G14/><T28/><D28/><U100/><E100/><V113/><F9/><W97/><G73/><T23/><D58/><U85/><E32/><V86/><F86/><W65/><G65/><T75/><D51/><U88/><E102/><V66/><REACH who="2" step="1"/><F113/><REACH who="2" ten="338,234,184,234" step="2"/><W18/><G30/><T64/><D74/><U55/><E55/><V130/><F130/><W115/><G115/><T3/><D75/><U42/><E42/><V108/><F108/><W36/><G36/><T31/><D72/><U41/><E41/><V87/><F87/><N who="3" m="50543" /><G98/><T7/><D31/><U116/><E116/><V125/><F125/><W91/><G52/><T77/><D135/><U95/><E95/><V53/><F53/><W48/><G94/><T99/><D134/><RYUUKYOKU ba="0,1" sc="338,-15,234,15,184,15,234,-15" hai1="5,6,15,16,22,24,26,60,61,62,85,88,93" hai2="13,17,21,33,35,63,66,71,79,83,84,92,96" /><INIT seed="2,1,1,0,2,19" ten="323,249,199,219" oya="2" hai0="93,24,10,98,131,3,48,107,15,104,49,34,127" hai1="35,59,60,112,17,13,119,20,33,68,40,65,134" hai2="79,125,47,69,100,101,124,77,126,82,83,97,64" hai3="44,61,56,67,8,84,45,99,87,66,11,12,75"/><V133/><F47/><N who="3" m="17995" /><G75/><T28/><D3/><U122/><E112/><V106/><F69/><W14/><G99/><T96/><D131/><U73/><E119/><V36/><F36/><W130/><G130/><T85/><D127/><U121/><E134/><V26/><F64/><N who="3" m="24619" /><G56/><T132/><D85/><N who="3" m="32841" /><G61/><T55/><D98/><U31/><E40/><V4/><F133/><W22/><G22/><T1/><D132/><U32/><E73/><N who="2" m="43311" /><F4/><W62/><G62/><T39/><D39/><U117/><E117/><V30/><F30/><W63/><G63/><T25/><D28/><U46/><E46/><V21/><F21/><W129/><G129/><T111/><D96/><U27/><REACH who="1" step="1"/><E68/><REACH who="1" ten="323,239,199,219" step="2"/><V109/><F124/><W88/><G88/><T113/><D113/><U90/><E90/><V102/><F125/><W76/><G76/><T115/><D115/><U23/><AGARI ba="1,2" hai="13,17,20,23,27,31,32,33,35,59,60,65,121,122" machi="23" ten="40,8000,1" yaku="1,1,0,1,52,2,53,0" doraHai="19" doraHaiUra="7" who="1" fromWho="1" sc="323,-21,239,103,199,-41,219,-21" /><INIT seed="3,0,0,5,4,99" ten="302,342,158,198" oya="3" hai0="15,86,20,60,104,0,80,133,81,56,57,124,8" hai1="97,115,47,40,67,21,39,63,69,117,59,108,11" hai2="83,68,35,58,94,14,3,89,18,125,64,4,101" hai3="32,43,95,121,12,50,127,49,2,36,73,75,76"/><W53/><G2/><T96/><D0/><U33/><E33/><V48/><F35/><W87/><G121/><T132/><D20/><U91/><E108/><V46/><F68/><W72/><G32/><T93/><D104/><U6/><E115/><V55/><F125/><W44/><G127/><T51/><D51/><U92/><E117/><V52/><F3/><W65/><G65/><T26/><D26/><U102/><E21/><V28/><F64/><W116/><G116/><T100/><D124/><U120/><E120/><V77/><F28/><W22/><G53/><N who="0" m="33807" /><D86/><U105/><E69/><V119/><F119/><W79/><G79/><T71/><D57/><U30/><E30/><V37/><F4/><W110/><G110/><T74/><D74/><U126/><E126/><V112/><F112/><W70/><G70/><T29/><D29/><U84/><REACH who="1" step="1"/><E6/><REACH who="1" ten="302,332,158,198" step="2"/><V106/><F18/><W103/><G22/><T88/><D71/><U31/><E31/><V19/><F19/><W118/><G118/><T131/><D133/><U23/><E23/><V134/><F134/><W38/><G75/><T128/><D132/><U34/><E34/><V10/><F10/><AGARI ba="0,1" hai="10,11,39,40,47,59,63,67,84,91,92,97,102,105" machi="10" ten="40,2600,0" yaku="1,1,52,1,53,0" doraHai="99" doraHaiUra="27" who="1" fromWho="2" sc="302,0,332,36,158,-26,198,0" /><INIT seed="4,0,0,0,4,2" ten="302,368,132,198" oya="0" hai0="104,135,86,33,64,63,28,29,134,55,89,67,7" hai1="102,121,60,70,74,41,25,62,36,9,45,115,42" hai2="116,20,21,30,27,35,75,85,53,125,111,54,43" hai3="38,3,69,124,14,113,83,58,118,132,73,39,71"/><T91/><D104/><U108/><E74/><V98/><F75/><W37/><G14/><T4/><D55/><U18/><E108/><V34/><F111/><W120/><G83/><T103/><D103/><U13/><E121/><V131/><F43/><W128/><G58/><T40/><D40/><U79/><E79/><V117/><F131/><W90/><G90/><T19/><D19/><U6/><E115/><V109/><F109/><W5/><G5/><N who="0" m="2123" /><D67/><U97/><E70/><V12/><F53/><W76/><G71/><T59/><D91/><U52/><E42/><V46/><F54/><W57/><G38/><T8/><D8/><U100/><E100/><V0/><F0/><W96/><G39/><T93/><D33/><U32/><E52/><V10/><F34/><W72/><G37/><T81/><D81/><U1/><E1/><V112/><F35/><W122/><G3/><T47/><D47/><U105/><E18/><V127/><F46/><W48/><G122/><T22/><D22/><U17/><E17/><V77/><F21/><W31/><G120/><T106/><D106/><U99/><E32/><V123/><F123/><W107/><G107/><T114/><D114/><U66/><E66/><V119/><F112/><W49/><G69/><T11/><D11/><U110/><E110/><V15/><F10/><W50/><G113/><T82/><D82/><U130/><E9/><V133/><F20/><W16/><G16/><T56/><D56/><U95/><E36/><V94/><F77/><W126/><G76/><T129/><D129/><U87/><E130/><V80/><F80/><RYUUKYOKU ba="0,0" sc="302,30,368,-10,132,-10,198,-10" hai0="28,29,59,63,64,86,89,93,134,135" /><INIT seed="4,1,0,4,5,86" ten="332,358,122,188" oya="0" hai0="129,47,74,10,109,64,2,132,23,43,38,31,92" hai1="108,69,58,66,7,15,106,116,122,29,107,120,135" hai2="130,100,42,49,121,6,16,37,134,131,96,40,39" hai3="99,19,118,133,9,13,90,76,36,71,21,25,55"/><T89/><D129/><N who="2" m="49162" /><F121/><W22/><G118/><T70/><D132/><U61/><E108/><V8/><F134/><W27/><G133/><T101/><D109/><U126/><E116/><V35/><F35/><W12/><G36/><N who="2" m="13897" /><F49/><W81/><G71/><T119/><D74/><U26/><E126/><V95/><F16/><N who="3" m="10375" /><G76/><T87/><D23/><U124/><E124/><V0/><AGARI ba="1,0" hai="0,6,8,40,42,95,96,100" m="13897,49162" machi="0" ten="30,1100,0" yaku="19,1" doraHai="86" who="2" fromWho="2" sc="332,-6,358,-4,122,14,188,-4" /><INIT seed="5,0,0,4,4,40" ten="326,354,136,184" oya="1" hai0="85,43,66,106,77,74,130,56,50,0,84,81,21" hai1="44,86,29,87,113,95,121,126,47,118,68,64,60" hai2="26,117,96,94,127,5,13,58,83,104,105,107,54" hai3="93,80,19,6,119,79,131,55,97,88,17,2,70"/><U33/><E118/><V76/><F117/><W129/><G119/><T14/><D130/><N who="3" m="49673" /><G70/><T51/><D0/><U67/><E121/><V72/><F127/><W102/><G55/><T59/><D106/><U125/><E113/><V52/><F26/><W90/><G6/><T25/><D74/><U37/><E37/><V133/><F133/><W63/><G63/><N who="0" m="38247" /><D85/><N who="1" m="32267" /><E95/><V71/><F71/><W31/><G31/><T69/><D69/><U18/><E67/><V132/><F132/><W82/><G2/><T114/><D114/><U120/><E120/><V91/><REACH who="2" step="1"/><F58/><REACH who="2" ten="326,354,126,184" step="2"/><W39/><G79/><T65/><D25/><U30/><E68/><V8/><AGARI ba="0,1" hai="5,8,13,52,54,72,76,83,91,94,96,104,105,107" machi="8" ten="40,8000,1" yaku="1,1,2,1,0,1,54,1,53,0" doraHai="40" doraHaiUra="110" who="2" fromWho="2" sc="326,-20,354,-40,126,90,184,-20" /><INIT seed="6,0,0,0,1,128" ten="306,314,216,164" oya="2" hai0="121,79,126,51,42,45,110,66,69,9,100,105,116" hai1="34,19,92,3,63,21,13,8,73,62,39,31,88" hai2="135,95,59,99,50,47,32,94,6,4,37,134,55" hai3="82,43,25,115,27,2,76,107,15,35,7,77,114"/><V52/><F32/><W106/><G15/><T93/><D121/><U101/><E39/><V72/><F72/><W87/><G43/><T104/><D110/><U20/><E73/><V40/><F55/><W41/><G41/><T49/><D79/><N who="3" m="30281" /><G35/><T133/><D133/><N who="2" m="50698" /><F95/><W29/><G87/><T57/><D93/><U65/><E92/><V90/><AGARI ba="0,0" hai="4,6,37,40,47,50,52,59,90,94,99" m="50698" machi="90" ten="30,12000,1" yaku="20,1,52,3,54,1" doraHai="128" who="2" fromWho="2" sc="306,-40,314,-40,216,120,164,-40" /><INIT seed="6,1,0,1,0,105" ten="266,274,336,124" oya="2" hai0="55,69,106,95,89,27,3,74,6,101,114,56,103" hai1="10,70,115,87,97,104,100,84,34,18,94,11,72" hai2="123,117,4,133,0,35,67,91,131,53,7,109,17" hai3="29,39,82,92,20,116,111,79,23,126,24,73,98"/><V16/><F117/><W81/><G116/><T13/><D114/><U121/><E115/><V9/><F123/><W37/><G111/><T80/><D69/><U107/><E34/><V129/><F133/><W96/><G126/><T85/><D3/><U118/><E121/><V58/><F109/><W122/><G122/><T50/><D106/><U46/><E70/><V75/><F35/><W1/><G1/><T134/><D134/><U119/><E46/><V44/><F67/><W31/><G82/><T19/><D6/><U135/><E94/><V78/><F7/><W86/><G86/><T132/><D27/><U63/><E63/><V59/><F44/><W99/><REACH who="3" step="1"/><G92/><REACH who="3" ten="266,274,336,114" step="2"/><T12/><D132/><U64/><E107/><V110/><F110/><W5/><G5/><T28/><D95/><U21/><E87/><V124/><F124/><W120/><G120/><T77/><D80/><U51/><E84/><V38/><F0/><W108/><G108/><T42/><D85/><U36/><E104/><V25/><F4/><W40/><G40/><T33/><D42/><U43/><E43/><V62/><F78/><W60/><G60/><T52/><D77/><U112/><E119/><V47/><F62/><W14/><G14/><T127/><D12/><U93/><E118/><V32/><F129/><W2/><G2/><T88/><D13/><U71/><E93/><V30/><F131/><W61/><G61/><N who="0" m="35975" /><D89/><U45/><E135/><V54/><F91/><W102/><G102/><T26/><D88/><U76/><E100/><V83/><F83/><W125/><G125/><T48/><D127/><RYUUKYOKU ba="1,1" sc="266,-10,274,-10,336,-10,114,30" hai3="20,23,24,29,31,37,39,73,79,81,96,98,99" /><INIT seed="7,2,1,4,5,99" ten="256,264,326,144" oya="3" hai0="133,125,126,131,64,101,48,33,5,39,89,79,37" hai1="41,53,11,77,73,69,90,70,16,23,91,66,82" hai2="124,86,94,93,36,109,22,17,108,3,51,98,6" hai3="2,19,104,46,4,8,34,57,54,80,47,24,38"/><W120/><G120/><T81/><D33/><U113/><E113/><V75/><F36/><W84/><G104/><T83/><D131/><U92/><E41/><V10/><F75/><W65/><G65/><T43/><D133/><U106/><E106/><V87/><F124/><N who="0" m="47722" /><D101/><U35/><E35/><V15/><F51/><W26/><G38/><T58/><D5/><U122/><E122/><V14/><F3/><W128/><G128/><T31/><D31/><U117/><E117/><V42/><F42/><W134/><G134/><T56/><D89/><U74/><E74/><V45/><F45/><W130/><G130/><T76/><D83/><U119/><E119/><V102/><F94/><W44/><G19/><T95/><D95/><U118/><E118/><V72/><F72/><W18/><G18/><T111/><D111/><U13/><E66/><V21/><F21/><W85/><G34/><T135/><D135/><U49/><E11/><V0/><F0/><W61/><REACH who="3" step="1"/><G85/><REACH who="3" ten="256,264,326,134" step="2"/><N who="0" m="48295" /><D64/><U59/><E91/><AGARI ba="2,2" hai="2,4,8,24,26,44,46,47,54,57,61,80,84,91" machi="91" ten="40,2000,0" yaku="1,1,53,0" doraHai="99" doraHaiUra="129" who="3" fromWho="1" sc="256,0,264,-26,326,0,134,46" /><INIT seed="7,3,0,1,3,76" ten="256,238,326,180" oya="3" hai0="112,93,111,94,10,26,125,133,102,28,89,22,64" hai1="130,6,62,101,74,36,1,131,98,73,100,37,82" hai2="116,96,71,35,63,81,97,7,88,56,80,33,4" hai3="103,53,14,25,27,128,20,29,52,135,5,72,79"/><W126/><G128/><N who="1" m="49194" /><E62/><V123/><F116/><W122/><G122/><T68/><D111/><U69/><E69/><V132/><F71/><W43/><G126/><T70/><D125/><U85/><E6/><V65/><F123/><W113/><G113/><T40/><D40/><U38/><E1/><V124/><F124/><W91/><G135/><T66/><D70/><U0/><E0/><V105/><F132/><W115/><G115/><T11/><D68/><U121/><E121/><V34/><F105/><W30/><G103/><N who="1" m="39498" /><E98/><V41/><F41/><W18/><G43/><T117/><D112/><U87/><E87/><V55/><F55/><N who="3" m="21067" /><G79/><AGARI ba="3,0" hai="36,37,38,73,74,79,82,85" m="39498,49194" machi="79" ten="40,2600,0" yaku="19,1,52,1" doraHai="76" who="1" fromWho="3" sc="256,0,238,35,326,0,180,-35" owari="256,-14.4,273,7.3,326,42.6,145,-35.5" /></mjloggm>