<mjloggm ver="2.3"><GO type="169" lobby="0"/><UN n0="%E3%83%87%E3%83%A9%E3%82%B3%E3%83%83%E3%82%B3" n1="%E6%B2%B3%E7%AB%A5%E3%81%AE%E3%83%AF%E3%82%AB%E3%83%9E%E3%83%84" n2="%E3%81%86%E3%81%AA%E3%81%8E%E9%BA%BA" n3="%6F%6B%62%6F%6B%62" dan="16,17,17,17" rate="2158.60,2165.67,2175.22,2197.99" sx="M,M,M,M"/><TAIKYOKU oya="0"/><INIT seed="0,0,0,0,2,38" ten="250,250,250,250" oya="0" hai0="78,8,71,43,39,68,6,35,13,89,69,57,105" hai1="126,23,96,32,132,91,45,50,115,3,74,103,2" hai2="24,124,36,28,127,56,31,123,118,104,21,49,46" hai3="111,110,135,88,18,122,0,15,5,52,72,42,67"/><T79/><D35/><U41/><E32/><V95/><F104/><W37/><G72/><T120/><D120/><U54/><E74/><V80/><F123/><W90/><G67/><T81/><D105/><U53/><E132/><V76/><F118/><W19/><G135/><T131/><D131/><U48/><E126/><V55/><F95/><W119/><G119/><T112/><D112/><U125/><E125/><V117/><F117/><W59/><G0/><T63/><D89/><N who="3" m="34409" /><G5/><T134/><D134/><U93/><E115/><V16/><F127/><W47/><G15/><T130/><D130/><U66/><E66/><V51/><F36/><W65/><G65/><T100/><D100/><U12/><E103/><V34/><F34/><W1/><G1/><T30/><D30/><U14/><E54/><V29/><F124/><W58/><G58/><T4/><D4/><U98/><E98/><V129/><F129/><W9/><G9/><T83/><D57/><U60/><E14/><V94/><F94/><W11/><G11/><T44/><REACH who="0" step="1"/><D63/><REACH who="0" ten="240,250,250,250" step="2"/><U106/><E60/><V82/><REACH who="2" step="1"/><F76/><AGARI ba="0,1" hai="6,8,13,39,43,44,68,69,71,76,78,79,81,83" machi="76" ten="40,7700,0" yaku="1,1,2,1,52,1,53,0" doraHai="38" doraHaiUra="26" who="0" fromWho="2" sc="240,87,250,0,250,-77,250,0" /><INIT seed="0,1,0,4,3,97" ten="327,250,173,250" oya="0" hai0="125,48,99,3,35,57,103,77,21,62,134,54,58" hai1="85,101,1,100,112,63,93,124,49,31,115,23,68" hai2="50,80,86,70,111,24,18,127,32,78,91,106,6" hai3="123,61,90,120,22,27,7,73,75,74,95,87,114"/><T12/><D3/><U129/><E1/><V55/><F70/><W105/><G7/><T56/><D35/><U47/><E129/><V13/><F111/><W66/><G105/><T30/><D125/><U8/><E124/><V128/><F127/><W108/><G108/><T4/><D134/><U79/><E8/><V26/><F106/><W34/><G34/><T94/><D77/><U102/><E68/><V20/><F128/><W28/><REACH who="3" step="1"/><G114/><REACH who="3" ten="327,250,173,240" step="2"/><T2/><D4/><U42/><E112/><V122/><F122/><W52/><G52/><N who="0" m="34055" /><D2/><U71/><E115/><V89/><F32/><W64/><G64/><T76/><D76/><U107/><E107/><V88/><REACH who="2" step="1"/><F6/><REACH who="2" ten="327,250,163,240" step="2"/><W117/><G117/><T60/><D60/><U33/><E33/><V113/><F113/><W67/><G67/><T65/><D65/><U40/><E63/><V29/><F29/><W110/><G110/><T92/><D30/><U0/><E31/><V38/><F38/><W25/><G25/><T11/><D12/><U130/><E0/><V46/><AGARI ba="1,2" hai="13,18,20,24,26,46,50,55,78,80,86,88,89,91" machi="46" ten="30,8000,1" yaku="1,1,0,1,8,1,54,1,53,1" doraHai="97" doraHaiUra="45" who="2" fromWho="2" sc="327,-41,250,-21,163,103,240,-21" /><INIT seed="1,0,0,1,5,9" ten="286,229,266,219" oya="1" hai0="60,31,41,95,133,45,80,28,121,14,113,53,34" hai1="36,71,98,102,17,125,7,70,123,81,4,106,119" hai2="96,57,76,116,39,99,27,135,105,131,97,128,6" hai3="2,29,42,66,120,130,49,48,26,114,23,54,90"/><U73/><E119/><V134/><F39/><W15/><G114/><T107/><D113/><U64/><E123/><V69/><F69/><W51/><G120/><T43/><D121/><U22/><E36/><V38/><F38/><W100/><G2/><T91/><D107/><U63/><E71/><V85/><F6/><W112/><G66/><T47/><D133/><N who="2" m="50698" /><F27/><W12/><G112/><T74/><D74/><U67/><E64/><V109/><F57/><W86/><G100/><T35/><D80/><U110/><E125/><V132/><N who="2" m="50706" /><V126/><DORA hai="32" /><F116/><W33/><G33/><T118/><D118/><U20/><E110/><V18/><F18/><W117/><G117/><T124/><D124/><U89/><E20/><V101/><F126/><W72/><G72/><T92/><D91/><U108/><E108/><V46/><F46/><N who="3" m="25687" /><G130/><N who="2" m="49705" /><F109/><W0/><G0/><T30/><D30/><U59/><E70/><V58/><F58/><N who="3" m="33103" /><G51/><T24/><D60/><U111/><E111/><V75/><F75/><W56/><G56/><T11/><D53/><U21/><E73/><V61/><F61/><W83/><AGARI ba="0,0" hai="12,15,23,26,29,83,86,90" m="33103,25687" machi="83" ten="30,4000,0" yaku="8,1,52,2" doraHai="9,32" who="3" fromWho="3" sc="286,-10,229,-20,266,-10,219,40" /><INIT seed="2,0,0,2,0,7" ten="276,209,256,259" oya="2" hai0="109,132,51,68,62,17,117,126,42,102,79,127,1" hai1="25,69,4,53,116,32,73,59,131,57,105,20,74" hai2="129,27,44,56,0,95,108,9,134,13,55,14,63" hai3="80,133,82,119,112,76,10,47,135,48,58,97,111"/><V24/><F129/><W8/><G111/><T86/><D1/><U128/><E69/><V11/><F108/><W113/><G58/><T54/><D109/><U5/><E105/><V28/><F0/><W125/><G119/><T87/><D102/><U124/><E32/><V3/><F3/><W114/><G97/><T21/><D132/><N who="3" m="50761" /><G125/><T101/><D101/><U98/><E98/><V67/><F134/><W41/><G82/><T94/><D117/><U123/><E116/><V110/><F95/><W106/><G106/><T61/><D42/><U64/><E123/><V60/><F110/><W37/><G37/><T26/><D68/><U29/><E124/><V120/><F120/><W50/><G48/><T70/><D70/><U85/><E64/><V104/><F104/><W115/><N who="3" m="28672" /><DORA hai="121" /><W107/><G107/><T90/><D127/><U12/><E59/><N who="2" m="37279" /><F44/><W36/><G36/><T45/><D126/><U78/><E128/><V88/><F88/><W43/><G41/><T81/><AGARI ba="0,0" hai="17,21,26,45,51,54,61,62,79,81,86,87,90,94" machi="81" ten="30,2000,0" yaku="0,1,8,1" doraHai="7,121" who="0" fromWho="0" sc="276,20,209,-5,256,-10,259,-5" /><INIT seed="3,0,0,4,4,20" ten="296,204,246,254" oya="3" hai0="83,132,76,35,87,102,116,64,42,75,135,129,24" hai1="122,121,101,49,43,134,107,124,95,98,52,32,70" hai2="94,21,105,130,114,100,111,26,17,72,86,38,109" hai3="80,50,125,115,63,91,58,12,77,57,103,9,117"/><W46/><G117/><T131/><D116/><U59/><E134/><N who="0" m="51241" /><D64/><U96/><E124/><V29/><F72/><W48/><G125/><T39/><D42/><U89/><E70/><V81/><F114/><W34/><G115/><T88/><D39/><U112/><E112/><V66/><F38/><W67/><G103/><T6/><D6/><U120/><REACH who="1" step="1"/><E43/><REACH who="1" ten="296,194,246,254" step="2"/><V104/><F111/><W71/><G34/><AGARI ba="0,1" hai="32,34,49,52,59,89,95,96,98,101,107,120,121,122" machi="34" ten="40,8000,1" yaku="1,1,2,1,54,1,53,1" doraHai="20" doraHaiUra="51" who="1" fromWho="3" sc="296,0,194,90,246,0,254,-80" /><INIT seed="4,0,0,0,3,7" ten="296,284,246,174" oya="0" hai0="135,88,97,118,63,29,55,40,112,123,28,81,49" hai1="17,108,19,0,132,69,23,9,127,51,54,35,121" hai2="78,31,115,53,116,70,102,59,85,93,20,12,62" hai3="106,22,45,50,27,52,46,8,103,25,99,79,133"/><T41/><D118/><U96/><E108/><V36/><F36/><W32/><G133/><T129/><D123/><U100/><E121/><V6/><F116/><W67/><G67/><T75/><D135/><U61/><E35/><V47/><F115/><W56/><G79/><T57/><D112/><U76/><E132/><V39/><F70/><W24/><G32/><T33/><D129/><U2/><E127/><V89/><F78/><W21/><G45/><T3/><D3/><U77/><E0/><V74/><F74/><W71/><G71/><T92/><D75/><U60/><E76/><V90/><F102/><W80/><G80/><T10/><D81/><U14/><E77/><V114/><F114/><W94/><G106/><T122/><D122/><U130/><E130/><V82/><F31/><N who="0" m="11850" /><D33/><U120/><E120/><V48/><F39/><W68/><G68/><T98/><D98/><U128/><E128/><V1/><F1/><W117/><G117/><T95/><D95/><N who="1" m="58399" /><E2/><V72/><F72/><W84/><G84/><T105/><D105/><U110/><E69/><V64/><F20/><W91/><G103/><T13/><D49/><U131/><E131/><V126/><F126/><W4/><REACH who="3" step="1"/><G46/><REACH who="3" ten="296,284,246,164" step="2"/><T30/><D30/><U37/><E37/><V18/><F90/><W42/><G42/><T38/><D38/><U44/><E110/><V73/><F73/><W134/><G134/><T107/><D107/><U26/><AGARI ba="0,1" hai="9,14,17,19,23,26,44,51,54,60,61" m="58399" machi="26" ten="30,2000,0" yaku="8,1,52,1" doraHai="7" who="1" fromWho="1" sc="296,-10,284,30,246,-5,164,-5" /><INIT seed="5,0,0,0,1,123" ten="286,314,241,159" oya="1" hai0="94,36,29,75,45,81,79,55,97,76,53,77,93" hai1="107,91,56,65,40,102,130,132,60,46,42,73,22" hai2="38,6,103,61,16,41,59,20,17,96,49,66,86" hai3="101,118,4,100,71,92,47,135,127,114,27,23,13"/><U50/><E73/><V64/><F38/><W34/><G71/><T129/><D129/><U105/><E130/><V15/><F6/><W133/><G47/><T131/><D131/><U18/><E132/><N who="3" m="50762" /><G100/><T28/><D75/><U14/><E102/><V39/><F39/><W33/><G92/><N who="0" m="35435" /><D36/><U62/><E91/><V74/><F74/><W109/><G101/><T82/><D97/><U115/><E115/><V21/><F86/><W19/><G114/><T121/><D121/><U51/><E62/><V31/><F31/><N who="0" m="11850" /><D45/><AGARI ba="0,0" hai="14,18,22,40,42,45,46,50,51,56,60,65,105,107" machi="45" ten="40,2000,0" yaku="9,1" doraHai="123" who="1" fromWho="0" sc="286,-20,314,20,241,0,159,0" /><INIT seed="5,1,0,0,4,76" ten="266,334,241,159" oya="1" hai0="114,15,27,102,101,11,133,35,23,115,31,72,55" hai1="107,129,34,51,37,49,56,128,33,69,45,119,36" hai2="26,59,48,13,120,125,41,73,60,122,9,109,103" hai3="89,81,77,66,21,12,113,134,53,42,6,40,58"/><U135/><E107/><V2/><F2/><W67/><G134/><T98/><D72/><U118/><E56/><V97/><F109/><W132/><G132/><T117/><D133/><U8/><E135/><V112/><F73/><W71/><G113/><N who="0" m="43019" /><D117/><N who="1" m="44555" /><E8/><V84/><F112/><W75/><G89/><T100/><D55/><U28/><E28/><V19/><F125/><W52/><G53/><T88/><D35/><N who="1" m="13323" /><E69/><V20/><F84/><N who="3" m="48175" /><G71/><T91/><D98/><U121/><E121/><V94/><F48/><N who="1" m="18505" /><E45/><V123/><F41/><N who="3" m="15979" /><G75/><T39/><D39/><AGARI ba="1,0" hai="36,37,39,128,129" m="18505,13323,44555" machi="39" ten="40,3900,0" yaku="28,2" doraHai="76" who="1" fromWho="0" sc="266,-42,334,42,241,0,159,0" /><INIT seed="5,2,0,5,5,24" ten="224,376,241,159" oya="1" hai0="130,65,43,129,90,91,103,2,39,9,28,66,76" hai1="1,61,69,118,97,112,117,79,49,70,10,8,17" hai2="75,30,46,32,26,37,41,21,45,68,52,116,135" hai3="100,54,88,25,44,33,110,127,113,105,122,74,73"/><U42/><E79/><V78/><F116/><W63/><G110/><T34/><D103/><U20/><E112/><V92/><F68/><W131/><G122/><T107/><D107/><U0/><E97/><V98/><F135/><W80/><G113/><T109/><D109/><U134/><E49/><V67/><F67/><N who="0" m="25610" /><D76/><U99/><E99/><V36/><F78/><W119/><G100/><T106/><D106/><U40/><E20/><V77/><F77/><W71/><G105/><T16/><D43/><U121/><E17/><V94/><F75/><W84/><G71/><T23/><D39/><U82/><E82/><V4/><F4/><W19/><G131/><N who="0" m="50187" /><D2/><U12/><E12/><V96/><F37/><W62/><G127/><T125/><D9/><U56/><E56/><V15/><F94/><W83/><G119/><T7/><D7/><U85/><E85/><V22/><F15/><W55/><G80/><T101/><D101/><U115/><E115/><V58/><F98/><W14/><G74/><T38/><D38/><U5/><E5/><V123/><F123/><W87/><G73/><T128/><D125/><U13/><E121/><V72/><F72/><W126/><G126/><T60/><D60/><U132/><E13/><V93/><F93/><W29/><G84/><T81/><D81/><U11/><E11/><V120/><F120/><W111/><G111/><T57/><D57/><U64/><E64/><V95/><F46/><W133/><G44/><T50/><D128/><U86/><E86/><V104/><F104/><W114/><G114/><T27/><D50/><U124/><E124/><RYUUKYOKU ba="2,0" sc="224,15,376,15,241,-15,159,-15" hai0="16,23,27,28,34,90,91" hai1="0,1,8,10,40,42,61,69,70,117,118,132,134" /><INIT seed="5,3,0,2,1,99" ten="239,391,226,144" oya="1" hai0="135,98,37,89,60,84,18,78,47,7,15,134,49" hai1="58,45,29,83,51,69,71,126,26,25,119,121,110" hai2="132,92,38,118,44,90,120,36,2,53,5,34,75" hai3="41,103,94,48,130,42,1,116,32,43,113,31,104"/><U86/><E121/><V127/><F75/><W107/><G130/><T124/><D37/><U21/><E119/><V66/><F34/><W62/><G1/><T79/><D7/><U55/><E126/><V46/><F66/><W129/><G129/><T9/><D124/><U125/><E125/><V35/><F35/><W52/><G62/><T96/><D60/><U54/><E110/><V23/><F5/><W115/><G116/><T102/><D98/><U63/><REACH who="1" step="1"/><E26/><REACH who="1" ten="239,381,226,144" step="2"/><V111/><F111/><W73/><G115/><T19/><D135/><U56/><E56/><V109/><F132/><W24/><G113/><T57/><D134/><U61/><E61/><V85/><F127/><W100/><G73/><T93/><D57/><U123/><E123/><V20/><F118/><W11/><G24/><T105/><REACH who="0" step="1"/><D19/><REACH who="0" ten="229,381,226,144" step="2"/><U81/><E81/><V97/><F109/><W0/><G31/><T28/><D28/><U77/><AGARI ba="3,2" hai="21,25,29,45,51,54,55,58,63,69,71,77,83,86" machi="77" ten="20,12000,1" yaku="1,1,0,1,7,1,53,2" doraHai="99" doraHaiUra="50" who="1" fromWho="1" sc="229,-43,381,149,226,-43,144,-43" /><INIT seed="5,4,0,1,5,42" ten="186,530,183,101" oya="1" hai0="10,109,8,105,3,15,0,65,16,41,87,9,39" hai1="60,100,128,131,112,134,2,130,97,25,29,111,28" hai2="61,85,120,124,70,75,108,133,132,103,113,26,66" hai3="35,47,91,54,76,135,99,107,78,98,22,30,83"/><U53/><E112/><V37/><F75/><W79/><G35/><T36/><D105/><U125/><E134/><N who="2" m="51819" /><F120/><W32/><G32/><T93/><D65/><U102/><E125/><V11/><F103/><W45/><G135/><T14/><D109/><U69/><E111/><V24/><F108/><W12/><G54/><T114/><D114/><U20/><E2/><V96/><F96/><N who="3" m="36907" /><G107/><T80/><D93/><N who="1" m="58415" /><E102/><V27/><F113/><W21/><G30/><T115/><D8/><U106/><E106/><V88/><F124/><W82/><G91/><T92/><D92/><U51/><E69/><V77/><F37/><W72/><G72/><T89/><D115/><U110/><E110/><V6/><F77/><W1/><G1/><T62/><D39/><U17/><E60/><V117/><F117/><W44/><G12/><T40/><D62/><U86/><E86/><V73/><F73/><W119/><G119/><T118/><D118/><U81/><E81/><AGARI ba="4,0" hai="21,22,44,45,47,76,78,79,81,82,83" m="36907" machi="81" ten="40,12000,2" yaku="28,2,8,1,52,3" doraHai="42" who="3" fromWho="1" sc="186,0,530,-132,183,0,101,132" /><INIT seed="6,0,0,3,4,78" ten="186,398,183,233" oya="2" hai0="17,54,116,56,57,73,114,128,41,102,47,72,43" hai1="15,49,16,81,61,59,80,35,4,111,34,86,96" hai2="25,9,58,69,7,24,5,39,88,48,79,3,8" hai3="120,55,64,121,101,22,27,40,118,51,119,99,95"/><V66/><F39/><W12/><G64/><T89/><D114/><U109/><E4/><V130/><F130/><W68/><G68/><T46/><D128/><U45/><E96/><V30/><F69/><W92/><G40/><T91/><D102/><U76/><E81/><V106/><F106/><W103/><G12/><T44/><D17/><U100/><E100/><V37/><F37/><W38/><G38/><T26/><D26/><U83/><E83/><V20/><F79/><W82/><G118/><T94/><D116/><U63/><E63/><V87/><F25/><W112/><G112/><T33/><D33/><U29/><E29/><V127/><F127/><W108/><G108/><T6/><D6/><U90/><E34/><V84/><F84/><W126/><G126/><T98/><D56/><U117/><E35/><V31/><F31/><W74/><G119/><T10/><D10/><N who="1" m="6263" /><E76/><V11/><F3/><W19/><G82/><T77/><D77/><U13/><E13/><V110/><F110/><W133/><G74/><T60/><REACH who="0" step="1"/><D91/><REACH who="0" ten="176,398,183,233" step="2"/><U129/><E129/><V70/><F70/><W75/><G75/><AGARI ba="0,1" hai="41,43,44,46,47,54,57,60,72,73,75,89,94,98" machi="75" ten="40,8000,1" yaku="1,1,2,1,53,3" doraHai="78" doraHaiUra="105" who="0" fromWho="3" sc="176,90,398,0,183,0,233,-80" /><INIT seed="7,0,0,2,3,133" ten="266,398,183,153" oya="3" hai0="53,85,113,91,130,33,42,50,127,23,73,32,34" hai1="4,99,72,43,90,105,2,108,120,66,40,29,35" hai2="100,20,46,41,51,49,106,112,104,24,16,97,116" hai3="8,54,58,123,103,79,89,21,109,6,114,102,131"/><W132/><G123/><T11/><D73/><U37/><E108/><V3/><F116/><W86/><G109/><T94/><D127/><U122/><E43/><V83/><F3/><W87/><G132/><T62/><D130/><U14/><E14/><V95/><F112/><W107/><G107/><T64/><D42/><U19/><E19/><V59/><F83/><N who="3" m="47487" /><G114/><T60/><D11/><N who="1" m="2455" /><E90/><V0/><F0/><W22/><G8/><T61/><D113/><U67/><E67/><V96/><F106/><W5/><G131/><T117/><D117/><U26/><E66/><V56/><F51/><N who="3" m="31071" /><G6/><T48/><D48/><U65/><E65/><V129/><F129/><W98/><G5/><T55/><D55/><U135/><E72/><V115/><F115/><W28/><G98/><T81/><D64/><U25/><E135/><V1/><F1/><W69/><G69/><T47/><D23/><N who="3" m="8713" /><G28/><T15/><D15/><U63/><E25/><V126/><F126/><W38/><G38/><T36/><D36/><U110/><E110/><V68/><F68/><W30/><G30/><T119/><D119/><U13/><E13/><V93/><F104/><W111/><G111/><T31/><D31/><U128/><E128/><V71/><F71/><W118/><G118/><T17/><D17/><U39/><E39/><V92/><F92/><AGARI ba="0,0" hai="87,89,92,102,103" m="8713,31071,47487" machi="92" ten="30,1500,0" yaku="8,1" doraHai="133" who="3" fromWho="2" sc="266,0,398,0,183,-15,153,15" /><INIT seed="7,1,0,4,0,95" ten="266,398,168,168" oya="3" hai0="108,66,28,20,13,123,46,18,125,49,10,15,82" hai1="63,121,29,62,93,54,36,104,87,44,42,4,27" hai2="91,57,135,83,81,74,110,47,79,90,1,37,85" hai3="71,41,32,133,56,53,70,98,117,65,96,129,21"/><W94/><G117/><T26/><D108/><U111/><E111/><V102/><F110/><W107/><G32/><T25/><D123/><U55/><E104/><V122/><F122/><W77/><G77/><T124/><D66/><U75/><E75/><V9/><F135/><W101/><G65/><T11/><D82/><U132/><E4/><N who="2" m="1167" /><F57/><W116/><G116/><T68/><D68/><U5/><E5/><V126/><F102/><W115/><G133/><T103/><D103/><U127/><E127/><N who="0" m="48713" /><D10/><U61/><E121/><V50/><F50/><W22/><G115/><T80/><D80/><U73/><E73/><V31/><F31/><W34/><G34/><N who="0" m="20751" /><D11/><U19/><E132/><V86/><F126/><W128/><G41/><AGARI ba="1,0" hai="13,15,18,20,26,41,46,49" m="20751,48713" machi="41" ten="30,1000,0" yaku="18,1" doraHai="95" who="0" fromWho="3" sc="266,13,398,0,168,0,168,-13" owari="279,7.9,398,49.8,168,-23.2,155,-34.5" /></mjloggm>