<mjloggm ver="2.3"><GO type="169" lobby="0"/><UN n0="%E4%BA%BA%E5%93%81%E3%81%AA%E3%81%97" n1="%E3%81%AA%E3%81%8B%E3%81%AE%E3%81%86%E3%81%88" n2="%E3%81%93%E3%81%AB" n3="%E3%81%94%E3%82%8B%E3%81%AF%E3%82%80%33%30" dan="17,16,16,17" rate="2206.05,2164.24,2148.71,2205.80" sx="M,M,M,F"/><TAIKYOKU oya="0"/><INIT seed="0,0,0,5,0,90" ten="250,250,250,250" oya="0" hai0="28,14,24,69,36,132,64,12,71,66,61,129,53" hai1="67,96,7,118,15,93,68,5,110,102,105,123,130" hai2="83,41,33,13,9,92,4,56,115,22,25,87,117" hai3="10,109,98,88,120,122,84,81,103,127,52,3,2"/><T43/><D129/><U72/><E118/><V74/><F115/><W108/><G127/><T128/><D128/><U119/><E123/><N who="3" m="47146" /><G52/><T76/><D76/><U39/><E110/><N who="3" m="42602" /><G10/><T114/><D114/><U101/><E119/><V106/><F106/><AGARI ba="0,0" hai="2,3,81,84,88,98,103,106" m="42602,47146" machi="106" ten="30,3900,0" yaku="13,1,14,1,54,1" doraHai="90" who="3" fromWho="2" sc="250,0,250,0,250,-39,250,39" /><INIT seed="1,0,0,1,1,78" ten="250,250,211,289" oya="1" hai0="17,35,25,66,120,112,81,84,90,79,41,109,68" hai1="60,38,127,23,124,128,99,11,76,104,36,37,12" hai2="44,57,62,0,73,75,42,91,106,95,14,43,64" hai3="86,10,31,69,3,110,51,88,65,4,123,133,71"/><U16/><E128/><V118/><F106/><W9/><G123/><T20/><D109/><U40/><E40/><V33/><F118/><W134/><G110/><T21/><D112/><U53/><E76/><V92/><F0/><W122/><G122/><T74/><D120/><U132/><E132/><N who="3" m="50794" /><G31/><T13/><D35/><U50/><E60/><V32/><F43/><W77/><G77/><T30/><D41/><U55/><E11/><V80/><F95/><W22/><G22/><T70/><REACH who="0" step="1"/><D66/><REACH who="0" ten="240,250,211,289" step="2"/><U18/><E55/><V52/><F32/><W87/><G65/><T108/><D108/><U27/><E53/><V72/><F33/><W29/><G3/><T117/><D117/><U96/><E127/><V129/><F129/><W121/><G121/><T125/><D125/><U2/><E124/><V28/><F64/><W58/><G69/><T63/><D63/><U82/><E2/><V93/><F42/><W119/><G71/><T111/><D111/><U107/><E107/><V94/><F62/><W34/><G119/><T113/><D113/><U45/><E104/><V114/><F114/><W102/><G34/><T49/><D49/><U126/><E126/><V6/><F52/><W83/><G51/><T8/><D8/><N who="1" m="6151" /><E50/><V116/><F116/><W135/><G10/><T100/><D100/><U15/><E38/><V26/><F44/><W85/><G102/><T39/><D39/><U7/><E45/><V24/><F57/><W61/><G58/><T19/><D19/><U105/><E37/><V48/><F48/><W115/><G135/><T59/><D59/><U1/><E36/><RYUUKYOKU ba="0,1" sc="240,30,250,-10,211,-10,289,-10" hai0="13,17,20,21,25,30,68,70,74,79,81,84,90" /><INIT seed="2,1,1,2,5,85" ten="270,240,201,279" oya="2" hai0="34,51,16,135,79,25,62,49,99,6,133,64,101" hai1="29,8,59,80,15,128,104,86,2,100,52,106,60" hai2="54,38,75,39,0,57,63,22,129,92,10,65,105" hai3="71,23,7,118,125,123,113,11,17,122,124,32,114"/><V81/><F105/><W42/><G42/><T83/><D6/><U127/><E2/><V50/><F129/><W111/><G71/><T69/><D133/><U24/><E127/><N who="3" m="48714" /><G32/><T9/><D135/><U40/><E40/><V87/><F75/><W131/><G111/><T68/><D68/><U4/><E100/><V98/><F22/><W76/><G76/><T72/><D9/><U115/><E115/><N who="3" m="44042" /><G118/><T26/><D26/><U18/><E4/><V93/><F10/><W43/><G43/><T82/><D82/><U56/><E56/><V3/><F3/><N who="3" m="511" /><G131/><T88/><D101/><U12/><E12/><AGARI ba="1,1" hai="12,17,23,122,123" m="511,44042,48714" machi="12" ten="30,7700,0" yaku="18,1,11,1,34,2" doraHai="85" who="3" fromWho="1" sc="270,0,240,-80,201,0,279,90" /><INIT seed="3,0,0,1,1,54" ten="270,160,201,369" oya="3" hai0="55,42,34,73,132,77,95,41,0,111,112,3,57" hai1="128,108,18,51,31,64,24,23,122,101,127,35,29" hai2="40,67,48,125,82,119,133,117,86,4,130,92,19" hai3="68,71,88,85,16,80,61,70,53,66,126,12,9"/><W102/><G126/><T63/><D111/><U72/><E122/><V116/><F125/><W27/><G102/><T65/><D132/><U45/><E128/><V124/><F124/><W39/><G39/><T93/><D34/><U60/><E108/><V135/><F130/><W106/><G106/><T118/><D112/><U8/><E72/><V50/><F4/><W28/><REACH who="3" step="1"/><G53/><REACH who="3" ten="270,160,201,359" step="2"/><T134/><D134/><U14/><E101/><V114/><F133/><W107/><G107/><T15/><D15/><U79/><E127/><V96/><F135/><W38/><G38/><T78/><D118/><U120/><E120/><V33/><F116/><W89/><G89/><T49/><D49/><U20/><E79/><V74/><F48/><W62/><G62/><T69/><D77/><U46/><E60/><V94/><F50/><W47/><G47/><T129/><D78/><U32/><E46/><V87/><F117/><W30/><G30/><T97/><D129/><U83/><E31/><V7/><F119/><W90/><G90/><T52/><D55/><U1/><E29/><V99/><F114/><W103/><G103/><T36/><D36/><U131/><E131/><V104/><F104/><W10/><G10/><T76/><D52/><U113/><E8/><V59/><F40/><W121/><G121/><T115/><D42/><U22/><E51/><V25/><F67/><W91/><G91/><T2/><D41/><U17/><E64/><V58/><F25/><W110/><G110/><T5/><D63/><U123/><E113/><V56/><F33/><AGARI ba="0,1" hai="9,12,16,27,28,33,61,66,68,70,71,80,85,88" machi="33" ten="30,12000,1" yaku="1,1,7,1,54,2,53,1" doraHai="54" doraHaiUra="11" who="3" fromWho="2" sc="270,0,160,0,201,-120,359,130" /><INIT seed="3,1,0,5,3,40" ten="270,160,81,489" oya="3" hai0="67,48,99,121,6,130,134,50,122,9,20,60,54" hai1="114,116,29,63,22,30,94,21,37,0,61,133,110" hai2="13,87,132,58,103,53,89,76,123,33,113,2,49" hai3="11,66,117,5,57,86,36,128,82,107,71,8,1"/><W17/><G117/><T59/><D130/><U129/><E94/><V34/><F2/><W119/><G119/><T101/><D134/><U51/><E51/><V108/><F108/><W126/><G107/><T68/><D20/><U41/><E41/><V135/><F113/><W69/><G128/><T83/><D83/><U65/><E0/><V7/><F123/><W3/><G36/><T127/><D50/><U39/><E65/><V32/><F76/><W12/><G126/><T14/><REACH who="0" step="1"/><D127/><REACH who="0" ten="260,160,81,489" step="2"/><U47/><E129/><V115/><F115/><W105/><G82/><T27/><D27/><U109/><E116/><V112/><F112/><W31/><G8/><T4/><D4/><U38/><E38/><V28/><F132/><W106/><G11/><T44/><D44/><U100/><E114/><V16/><F135/><W56/><G5/><T26/><D26/><U95/><E133/><V97/><F7/><W72/><G1/><T81/><D81/><U15/><E47/><V77/><F33/><W24/><G24/><T74/><D74/><U64/><E22/><V73/><F73/><W80/><G72/><T85/><D85/><U131/><E21/><V92/><F28/><W43/><G31/><T118/><D118/><U45/><E37/><V18/><F18/><W88/><G17/><T111/><D111/><U79/><E39/><V96/><F87/><W124/><G86/><T91/><D91/><U75/><E110/><V46/><F46/><W120/><G124/><T23/><D23/><U25/><E109/><V84/><F84/><N who="3" m="50183" /><G3/><T90/><D90/><U19/><E131/><RYUUKYOKU ba="1,1" sc="260,30,160,-10,81,-10,489,-10" hai0="6,9,14,48,54,59,60,67,68,99,101,121,122" /><INIT seed="4,2,1,3,5,77" ten="290,150,71,479" oya="0" hai0="96,8,100,106,7,42,89,74,63,33,85,70,78" hai1="10,9,20,2,91,80,43,19,45,90,122,38,41" hai2="87,47,92,13,4,6,12,103,25,16,5,104,81" hai3="30,51,75,99,24,17,102,86,66,125,129,113,124"/><T39/><D33/><U22/><E122/><V59/><F104/><W56/><G75/><T88/><D70/><U128/><E128/><V109/><F109/><W117/><G129/><T110/><D110/><U49/><E38/><V29/><F47/><W120/><G117/><T52/><D74/><U35/><E35/><V26/><F59/><W27/><G113/><T123/><D123/><U132/><E132/><V40/><F40/><W107/><G120/><T46/><D78/><U21/><E2/><V93/><F13/><W105/><G105/><T31/><D31/><U28/><E28/><V50/><F50/><W130/><G130/><T108/><D108/><U11/><E43/><V69/><F69/><W98/><G98/><T65/><D85/><N who="1" m="50471" /><E91/><N who="2" m="51695" /><F29/><W133/><G133/><T57/><REACH who="0" step="1"/><D65/><REACH who="0" ten="280,150,71,479" step="2"/><U18/><AGARI ba="2,2" hai="9,10,11,18,19,20,21,22,41,45,49" m="50471" machi="18" ten="40,2700,0" yaku="8,1,52,1" doraHai="77" who="1" fromWho="1" sc="280,-15,150,53,71,-9,479,-9" /><INIT seed="5,0,0,0,5,25" ten="265,203,62,470" oya="1" hai0="118,62,15,69,125,49,117,60,106,108,114,16,9" hai1="100,24,58,20,34,29,104,126,122,77,120,105,26" hai2="135,86,52,78,51,82,81,55,46,38,10,133,103" hai3="8,36,39,21,32,98,5,43,115,130,6,74,41"/><U99/><E126/><V33/><F38/><W113/><G32/><T123/><D108/><U92/><E77/><V132/><F33/><W73/><G21/><T45/><D114/><U109/><E109/><V48/><F103/><W37/><G98/><T11/><D125/><U18/><REACH who="1" step="1"/><E58/><REACH who="1" ten="265,193,62,470" step="2"/><V119/><F119/><W31/><G113/><T79/><D117/><U129/><E129/><V72/><F10/><W75/><G115/><T90/><D79/><U47/><E47/><V124/><F124/><W91/><G130/><T93/><D118/><U7/><E7/><V4/><F4/><W95/><G6/><T89/><D123/><AGARI ba="0,1" hai="18,20,24,26,29,34,92,99,100,104,105,120,122,123" machi="123" ten="40,3900,0" yaku="1,1,52,1,53,0" doraHai="25" doraHaiUra="83" who="1" fromWho="0" sc="265,-39,193,49,62,0,470,0" /><INIT seed="5,1,0,4,2,102" ten="226,242,62,470" oya="1" hai0="53,34,21,38,33,17,101,70,130,14,135,82,28" hai1="10,128,73,126,1,50,56,15,45,57,58,8,19" hai2="81,7,125,72,134,40,121,103,18,100,114,104,46" hai3="94,88,132,35,95,75,24,106,27,9,86,109,20"/><U111/><E126/><V43/><F121/><W52/><G109/><T30/><D70/><U71/><E128/><V85/><F125/><W61/><G106/><T22/><D38/><U117/><E117/><V97/><F134/><W6/><G75/><T119/><D119/><U115/><E115/><V29/><F114/><W74/><G74/><T37/><D37/><U54/><E73/><V89/><F7/><W51/><G35/><T25/><D130/><U32/><E71/><V84/><F29/><N who="0" m="11370" /><D53/><U39/><E32/><N who="0" m="12393" /><D82/><U122/><E122/><V87/><F18/><W42/><G61/><T98/><D98/><U16/><E111/><V90/><F43/><W5/><G42/><T67/><D101/><U133/><E133/><V11/><F11/><W62/><G62/><T48/><D48/><U110/><E110/><V129/><F129/><W23/><G95/><T123/><D67/><U124/><E124/><V118/><F118/><W83/><G83/><T79/><D79/><U31/><E31/><V55/><F55/><W78/><G78/><T113/><D113/><U107/><E39/><V92/><F46/><W3/><G132/><T60/><D135/><U93/><E93/><V63/><F63/><W4/><G52/><T120/><D60/><U96/><E1/><V112/><F40/><W2/><G2/><T41/><D41/><U59/><N who="1" m="14336" /><DORA hai="65" /><U13/><E96/><N who="2" m="61447" /><F112/><W0/><G0/><T26/><D22/><N who="3" m="8233" /><G51/><T127/><D127/><U44/><E44/><V66/><F66/><W91/><G91/><N who="2" m="34825" /><F72/><W47/><G47/><T64/><D64/><U76/><E76/><AGARI ba="1,0" hai="76,81,84,85,87,92,97,103" m="34825,61447" machi="76" ten="30,12000,2" yaku="6,1,35,5,52,1" doraHai="102,65" who="2" fromWho="1" sc="226,0,242,-123,62,123,470,0" /><INIT seed="6,0,0,0,1,133" ten="226,119,185,470" oya="2" hai0="33,65,11,124,63,42,66,93,112,38,28,58,22" hai1="126,127,4,44,46,98,7,53,56,131,91,6,27" hai2="14,35,117,104,68,64,116,101,92,135,122,10,130" hai3="12,43,103,79,36,69,76,8,1,108,87,51,83"/><V9/><F122/><W115/><G108/><T114/><D33/><U106/><E131/><V60/><F130/><W55/><G69/><T70/><D124/><N who="1" m="47659" /><E27/><V3/><F135/><W119/><G1/><T31/><D22/><U41/><E41/><V125/><F125/><W23/><G36/><T132/><D132/><U128/><E128/><V102/><F104/><W94/><G115/><N who="0" m="44075" /><D70/><U75/><E75/><V0/><F35/><W89/><G43/><T32/><D32/><U48/><E91/><V21/><F68/><W39/><G89/><T113/><D65/><U118/><E118/><V80/><F64/><W25/><G39/><T84/><D113/><U86/><E86/><V17/><F116/><W47/><G87/><T59/><D59/><U74/><E74/><V90/><F117/><W111/><G25/><T81/><D42/><U54/><E53/><V34/><F34/><W95/><G55/><T37/><D37/><U134/><E134/><V18/><F90/><W49/><G119/><T109/><D38/><U82/><E82/><V29/><F80/><W100/><G83/><T96/><D109/><U105/><E105/><V50/><F101/><AGARI ba="0,0" hai="4,6,7,44,46,48,54,56,98,101,106" m="47659" machi="101" ten="30,7700,0" yaku="18,1,52,3" doraHai="133" who="1" fromWho="2" sc="226,0,119,77,185,-77,470,0" /><INIT seed="7,0,0,0,2,43" ten="226,196,108,470" oya="3" hai0="57,91,24,94,105,97,128,19,14,122,102,11,42" hai1="84,5,63,117,23,2,33,8,55,107,69,67,54" hai2="65,119,129,56,77,114,27,68,112,85,92,61,49" hai3="127,59,52,109,103,60,71,100,32,45,47,15,40"/><W115/><G115/><T73/><D122/><U35/><E117/><V21/><F119/><W50/><G32/><T80/><D128/><U95/><E107/><V99/><F129/><W9/><G71/><T132/><D132/><U118/><E118/><V131/><F131/><W64/><G127/><T13/><D42/><U10/><E23/><V39/><F39/><W30/><G30/><T22/><D57/><U89/><E10/><V121/><F121/><W86/><G86/><N who="0" m="52599" /><D11/><U110/><E110/><V46/><F68/><W123/><G123/><T96/><D96/><U4/><E4/><V125/><F125/><W90/><G90/><T6/><D6/><U12/><E2/><V101/><F85/><W108/><G108/><T111/><D111/><U130/><E130/><V88/><F77/><AGARI ba="0,0" hai="13,14,19,22,24,73,77,80,97,102,105" m="52599" machi="77" ten="30,1000,0" yaku="24,1" doraHai="43" who="0" fromWho="2" sc="226,10,196,0,108,-10,470,0" owari="236,3.6,196,-20.4,98,-40.2,470,57.0" /></mjloggm>