<mjloggm ver="2.3"><GO type="169" lobby="0"/><UN n0="%E4%B8%89%E5%8D%81%E7%94%BB%E7%94%9F" n1="%6D%6F%75%77" n2="%6E%69%6E%6A%61%68" n3="%45%72%77%69%6E%52%64" dan="16,16,16,16" rate="2130.79,2106.81,2117.30,2152.40" sx="M,M,M,M"/><TAIKYOKU oya="0"/><INIT seed="0,0,0,3,0,39" ten="250,250,250,250" oya="0" hai0="58,67,88,12,43,111,22,8,55,21,28,135,2" hai1="97,78,30,80,33,25,105,13,77,76,119,44,106" hai2="56,134,11,110,74,83,123,1,14,73,102,89,131" hai3="38,27,85,92,68,81,3,87,24,20,10,130,61"/><T104/><D135/><U93/><E119/><V7/><F123/><W120/><G120/><T47/><D104/><U72/><E77/><V94/><F134/><W91/><G38/><T15/><D2/><U113/><E113/><V23/><F110/><W118/><G118/><T124/><D67/><U90/><E78/><V9/><F23/><W18/><G130/><T84/><D124/><U128/><E128/><V52/><F102/><W34/><G68/><T100/><D100/><U31/><E31/><V86/><F83/><W53/><G34/><T46/><D111/><U114/><E114/><V17/><REACH who="2" step="1"/><F131/><REACH who="2" ten="250,250,240,250" step="2"/><W129/><G129/><T107/><D22/><U50/><REACH who="1" step="1"/><E13/><REACH who="1" ten="250,240,240,250" step="2"/><V125/><F125/><W45/><G3/><T82/><D15/><U108/><E108/><V63/><AGARI ba="0,2" hai="1,7,9,11,14,17,52,56,63,73,74,86,89,94" machi="63" ten="20,5200,0" yaku="1,1,0,1,7,1,54,1,53,0" doraHai="39" doraHaiUra="60" who="2" fromWho="2" sc="250,-26,240,-13,240,72,250,-13" /><INIT seed="1,0,0,5,4,20" ten="224,227,312,237" oya="1" hai0="51,97,84,50,123,100,93,4,49,72,39,70,82" hai1="112,75,35,86,117,98,85,126,107,105,37,91,74" hai2="87,38,8,13,125,65,26,60,103,41,111,108,67" hai3="90,99,68,15,104,12,78,63,28,40,66,56,6"/><U133/><E37/><V47/><F125/><W95/><G78/><T31/><D39/><U11/><E35/><V134/><F134/><W36/><G104/><N who="1" m="40010" /><E11/><V71/><F103/><W44/><G6/><T88/><D123/><U52/><E52/><V24/><F87/><W34/><REACH who="3" step="1"/><G68/><REACH who="3" ten="224,227,312,227" step="2"/><T129/><D70/><U3/><E74/><V55/><F67/><W124/><G124/><T127/><D127/><U64/><E75/><V17/><F55/><W102/><G102/><T42/><D72/><U32/><E64/><V30/><F30/><W22/><G22/><T21/><D4/><U46/><E32/><V2/><F2/><W27/><AGARI ba="0,1" hai="12,15,27,28,34,36,40,44,56,63,66,90,95,99" machi="27" ten="30,4000,0" yaku="1,1,0,1,52,1,53,0" doraHai="20" doraHaiUra="115" who="3" fromWho="3" sc="224,-10,227,-20,312,-10,227,50" /><INIT seed="2,0,0,0,4,95" ten="214,207,302,277" oya="2" hai0="84,51,104,16,63,64,124,25,92,80,26,46,126" hai1="111,100,108,20,130,85,107,90,94,0,114,3,72" hai2="35,71,75,74,133,125,62,55,42,32,30,21,37" hai3="31,23,117,60,102,106,40,17,13,22,18,121,14"/><V52/><F125/><W110/><G117/><T127/><D104/><U123/><E20/><V39/><F21/><W97/><G121/><T24/><D92/><U7/><E7/><V56/><F133/><W65/><G110/><N who="1" m="42026" /><E0/><V28/><F56/><W118/><G118/><T70/><D16/><U87/><E3/><V81/><F81/><W41/><REACH who="3" step="1"/><G31/><REACH who="3" ten="214,207,302,267" step="2"/><T103/><D127/><U69/><E123/><V134/><F134/><W113/><G113/><T119/><D119/><U2/><E114/><V131/><F131/><W5/><G5/><T101/><D126/><U120/><E120/><V112/><F112/><W128/><G128/><T50/><D124/><U96/><E130/><V54/><F28/><W44/><G44/><T8/><D46/><U4/><E4/><V77/><F30/><W93/><G93/><T48/><REACH who="0" step="1"/><D8/><REACH who="0" ten="204,207,302,267" step="2"/><U99/><E2/><V98/><F32/><W43/><G43/><T34/><D34/><U15/><E94/><V135/><F35/><W122/><G122/><T1/><D1/><U109/><E109/><V29/><F42/><W132/><G132/><T11/><D11/><U86/><E107/><V88/><F135/><W83/><G83/><T53/><D53/><U115/><E115/><V116/><F116/><W73/><G73/><T6/><D6/><U82/><E72/><V57/><F75/><W129/><G129/><T33/><D33/><U19/><E82/><N who="2" m="45367" /><F29/><W12/><G12/><T49/><N who="0" m="12288" /><DORA hai="67" /><T91/><AGARI ba="0,2" hai="24,25,26,63,64,70,80,84,91,101,103" m="12288" machi="91" ten="50,8000,1" yaku="1,1,4,1,0,1,52,1,53,1" doraHai="95,67" doraHaiUra="68,66" who="0" fromWho="0" sc="204,100,207,-20,302,-40,267,-20" /><INIT seed="3,0,0,1,0,54" ten="304,187,262,247" oya="3" hai0="130,107,81,119,128,47,1,13,24,96,105,25,98" hai1="93,84,123,52,75,116,106,61,95,78,55,43,33" hai2="0,27,12,19,104,80,76,69,58,29,26,48,67" hai3="31,2,22,85,129,39,86,127,88,113,132,45,122"/><W135/><G113/><T6/><D119/><U57/><E33/><V121/><F104/><N who="0" m="40010" /><D1/><U115/><E115/><V73/><F0/><W117/><G117/><T102/><D47/><U38/><E123/><V17/><F121/><W5/><G122/><T77/><D6/><U60/><E106/><V62/><F48/><W46/><G127/><T89/><D13/><U65/><E75/><V71/><F19/><W18/><G31/><T120/><D25/><U9/><E116/><V82/><F82/><W40/><G129/><N who="0" m="49771" /><D24/><U36/><E55/><V74/><F26/><W23/><G2/><T101/><D120/><U70/><E9/><V133/><F133/><W108/><G5/><T66/><D66/><U87/><E78/><V131/><F74/><W50/><G108/><T34/><D34/><U64/><E64/><V8/><REACH who="2" step="1"/><F131/><REACH who="2" ten="304,187,252,247" step="2"/><W28/><G28/><T103/><D89/><U3/><E3/><V92/><F92/><W112/><G112/><T90/><D90/><U100/><E95/><V35/><AGARI ba="0,1" hai="8,12,17,27,29,35,58,62,67,69,71,73,76,80" machi="35" ten="20,5200,0" yaku="1,1,0,1,7,1,52,1,53,0" doraHai="54" doraHaiUra="125" who="2" fromWho="2" sc="304,-13,187,-13,252,62,247,-26" /><INIT seed="4,0,0,1,2,45" ten="291,174,314,221" oya="0" hai0="56,60,52,114,28,123,69,27,87,78,53,117,115" hai1="38,40,70,48,85,68,84,7,133,37,82,39,92" hai2="43,22,41,122,72,23,130,63,118,16,36,86,107" hai3="51,104,93,102,96,49,74,120,119,10,18,5,132"/><T80/><D117/><U99/><E133/><V91/><F122/><W31/><G119/><T135/><D123/><U100/><E7/><V44/><F130/><W116/><G116/><T128/><D128/><U79/><REACH who="1" step="1"/><E85/><REACH who="1" ten="291,164,314,221" step="2"/><V34/><F86/><W50/><G132/><T13/><D135/><U111/><E111/><V46/><F118/><W11/><G120/><T73/><D87/><U131/><E131/><V94/><F72/><W101/><G74/><T58/><D69/><U65/><E65/><V35/><F36/><W15/><G31/><T127/><D127/><U24/><E24/><V81/><F41/><W9/><REACH who="3" step="1"/><G5/><REACH who="3" ten="291,164,314,211" step="2"/><T17/><D28/><U77/><E77/><V110/><F110/><W125/><G125/><T126/><D126/><U75/><E75/><V124/><F124/><W26/><G26/><T57/><D27/><U61/><E61/><V12/><F63/><W29/><G29/><T113/><REACH who="0" step="1"/><D60/><REACH who="0" ten="281,164,314,211" step="2"/><U105/><E105/><V76/><F107/><W32/><G32/><T62/><D62/><U20/><E20/><AGARI ba="0,3" hai="13,17,20,52,53,56,57,58,73,78,80,113,114,115" machi="20" ten="50,9600,0" yaku="1,1,15,1,54,1,53,0" doraHai="45" doraHaiUra="95" who="0" fromWho="1" sc="281,126,164,-96,314,0,211,0" /><INIT seed="4,1,0,4,3,43" ten="407,68,314,211" oya="0" hai0="95,126,121,32,73,132,19,40,2,130,7,65,3" hai1="91,81,69,9,60,5,94,41,78,58,122,29,71" hai2="90,54,57,100,66,12,108,42,46,25,125,105,49" hai3="82,8,92,112,38,23,56,24,21,117,97,36,103"/><T80/><D121/><U68/><E122/><V115/><F108/><W44/><G112/><T61/><D32/><U33/><E33/><V70/><F115/><W15/><G117/><T1/><D130/><U113/><E29/><V47/><F125/><W110/><G110/><T26/><D132/><U104/><E104/><V27/><F12/><W107/><G56/><T87/><D73/><U6/><E113/><V17/><F90/><W114/><G114/><T133/><D95/><U124/><E124/><V4/><F4/><W88/><G82/><T76/><D133/><U18/><E18/><V83/><F83/><W37/><G24/><T55/><D55/><U45/><E9/><V119/><F70/><W72/><G72/><T131/><D131/><U30/><E30/><V59/><F119/><W11/><G11/><T31/><D19/><U102/><E102/><V93/><F105/><W62/><G62/><T35/><D40/><U98/><E78/><V10/><F66/><W86/><REACH who="3" step="1"/><G44/><REACH who="3" ten="407,68,314,201" step="2"/><T123/><D123/><U51/><REACH who="1" step="1"/><E81/><REACH who="1" ten="407,58,314,201" step="2"/><V99/><F10/><W0/><G0/><T48/><D126/><U22/><E22/><N who="2" m="13519" /><F27/><W14/><G14/><T134/><D3/><U106/><E106/><V79/><F79/><W116/><G116/><T75/><D2/><U89/><E89/><V67/><F67/><AGARI ba="1,2" hai="5,6,41,45,51,58,60,67,68,69,71,91,94,98" machi="67" ten="40,2600,0" yaku="1,1,52,1,53,0" doraHai="43" doraHaiUra="101" who="1" fromWho="2" sc="407,0,58,49,314,-29,201,0" /><INIT seed="5,0,0,2,1,126" ten="407,107,285,201" oya="1" hai0="66,83,80,34,133,87,104,49,105,33,48,55,101" hai1="131,37,73,84,7,100,98,16,82,3,4,17,35" hai2="23,75,8,52,19,109,26,46,85,120,127,81,30" hai3="10,77,25,86,5,118,79,22,36,74,32,122,71"/><U106/><E35/><V0/><F109/><W29/><G122/><T112/><D66/><U41/><E131/><V102/><F120/><W40/><G71/><T129/><D101/><U62/><E73/><V124/><F102/><W65/><G65/><T64/><D64/><U92/><E62/><V128/><F75/><W132/><G132/><T89/><D87/><U45/><E106/><V130/><F46/><W44/><G118/><T96/><D96/><U117/><E117/><V43/><F43/><W119/><G119/><T90/><D55/><U57/><E57/><V69/><F52/><W103/><G103/><T97/><D97/><U114/><E114/><V110/><F110/><W50/><G86/><T61/><D61/><U53/><E53/><V91/><F69/><W135/><G135/><T93/><D93/><U113/><E113/><V39/><F39/><W2/><G50/><T125/><D133/><U116/><E116/><V68/><F68/><W21/><G77/><T99/><D99/><U51/><E37/><V59/><F59/><W70/><G70/><T58/><D58/><U121/><E121/><V20/><F0/><W42/><G40/><T6/><D112/><U78/><REACH who="1" step="1"/><E3/><REACH who="1" ten="407,97,285,201" step="2"/><V12/><F124/><W54/><G54/><T60/><D125/><U24/><E24/><N who="2" m="14367" /><F127/><W47/><G44/><T94/><D60/><U76/><E76/><V123/><F123/><W56/><G56/><T108/><D34/><U107/><E107/><V88/><F128/><W134/><G134/><T111/><D129/><U72/><E72/><V28/><F130/><W13/><G2/><RYUUKYOKU ba="0,1" sc="407,-15,97,15,285,-15,201,15" hai1="4,7,16,17,41,45,51,78,82,84,92,98,100" hai3="5,10,13,21,22,25,29,32,36,42,47,74,79" /><INIT seed="5,1,1,2,0,110" ten="392,112,270,216" oya="1" hai0="83,7,119,76,21,117,102,0,3,128,64,26,36" hai1="98,79,47,69,5,25,23,74,112,72,63,85,54" hai2="66,130,29,38,122,91,56,97,104,34,1,134,124" hai3="123,46,59,71,49,37,133,100,75,86,28,53,68"/><U125/><E125/><V45/><F122/><W48/><G75/><T89/><D128/><U94/><E5/><V13/><F130/><W77/><G123/><T103/><D89/><U115/><E85/><V32/><F1/><W131/><G131/><T31/><D3/><U120/><E120/><V126/><F134/><W116/><G116/><T16/><D36/><U17/><E69/><V108/><F108/><W88/><G37/><T109/><D64/><U118/><E118/><V50/><F38/><W20/><G100/><T95/><D103/><U121/><E121/><V87/><F13/><W51/><G77/><T99/><D109/><U33/><E33/><V43/><F97/><W105/><G105/><T132/><D132/><U82/><E72/><V101/><F29/><W11/><G11/><T10/><D31/><U67/><E47/><V15/><F15/><W39/><G39/><T135/><D135/><U8/><E8/><V52/><F66/><W127/><G127/><N who="2" m="48681" /><F101/><W73/><G73/><AGARI ba="1,1" hai="0,7,10,16,21,26,73,76,83,95,99,102,117,119" machi="73" ten="30,2000,0" yaku="7,1,54,1" doraHai="110" who="0" fromWho="3" sc="392,33,112,0,270,0,216,-23" /><INIT seed="6,0,0,2,0,56" ten="425,112,270,193" oya="2" hai0="16,87,105,30,116,114,97,2,27,25,135,54,131" hai1="132,5,90,13,100,1,133,71,124,11,89,0,39" hai2="53,9,123,134,73,59,98,104,22,47,122,17,120" hai3="32,6,79,125,68,21,42,108,74,128,70,121,37"/><V52/><F73/><W119/><RYUUKYOKU type="yao9" ba="0,0" sc="425,0,112,0,270,0,193,0" hai3="6,21,32,37,42,68,70,74,79,108,119,121,125,128" /><INIT seed="6,1,0,4,2,22" ten="425,112,270,193" oya="2" hai0="97,24,68,63,44,110,52,120,96,128,19,88,111" hai1="21,35,30,121,41,107,83,95,112,129,119,92,54" hai2="5,64,99,62,17,104,132,49,79,124,15,123,25" hai3="133,31,90,34,13,127,60,106,126,18,67,70,114"/><V12/><F123/><W7/><G106/><T6/><D120/><U43/><E119/><V3/><F124/><N who="3" m="47659" /><G133/><T4/><D128/><U2/><E35/><V72/><F132/><W91/><G7/><N who="0" m="2603" /><D68/><U89/><E107/><V98/><F3/><W23/><G114/><T122/><D122/><U105/><E105/><V59/><F49/><W14/><G14/><T8/><D8/><U53/><E2/><V117/><F117/><W10/><G34/><T77/><D77/><U55/><E112/><V40/><F40/><N who="1" m="15433" /><E129/><V20/><F104/><W11/><G11/><T28/><D28/><U32/><E32/><V125/><F125/><W61/><G61/><T101/><D101/><U108/><E108/><V46/><F46/><W135/><G135/><T29/><D29/><U130/><E130/><V1/><F1/><W50/><G50/><T38/><D38/><U58/><E58/><V16/><F72/><W93/><G93/><N who="1" m="35914" /><E121/><V134/><F79/><W48/><G48/><T102/><D110/><U109/><E109/><V42/><F42/><W0/><G0/><T78/><D111/><U47/><E47/><V69/><F69/><W39/><G39/><T80/><D44/><U75/><E75/><V81/><F134/><W86/><G86/><T103/><D63/><U66/><E66/><V118/><F118/><W85/><G85/><T87/><D87/><N who="1" m="50431" /><E55/><V116/><F116/><W36/><G36/><T115/><D52/><U57/><E57/><V37/><F37/><W56/><G56/><T51/><D115/><U26/><AGARI ba="1,0" hai="21,26,30,53,54" m="50431,35914,15433" machi="26" ten="30,2000,0" yaku="8,1,52,1" doraHai="22" who="1" fromWho="1" sc="425,-6,112,23,270,-11,193,-6" /><INIT seed="7,0,0,1,2,132" ten="419,135,259,187" oya="3" hai0="23,59,45,88,12,54,2,31,6,107,75,124,127" hai1="83,57,115,125,118,49,105,87,3,62,50,91,37" hai2="39,72,79,81,117,116,21,99,51,92,17,15,16" hai3="46,80,77,112,129,98,19,52,40,24,18,109,94"/><W66/><G112/><T111/><D75/><U108/><E108/><V36/><F39/><W96/><G109/><T110/><D107/><U26/><E105/><V7/><F7/><W28/><G66/><T71/><D71/><U25/><E115/><V67/><F67/><W33/><G129/><T58/><D2/><U120/><E120/><V76/><F76/><W93/><G93/><T48/><D110/><U35/><E37/><V128/><F36/><W14/><G40/><T55/><D111/><U78/><E3/><V10/><F51/><W114/><G96/><T95/><D31/><U82/><E118/><V70/><F70/><W60/><G14/><T119/><D45/><U131/><E131/><V22/><F10/><W47/><G47/><T34/><D34/><U103/><E103/><V89/><F128/><W86/><G46/><T1/><D1/><U121/><E121/><V101/><F101/><W113/><G113/><T135/><D119/><U68/><E68/><V130/><F130/><W43/><G43/><T69/><D69/><U123/><E123/><V8/><F8/><W42/><G42/><T63/><D6/><U27/><E35/><V44/><F44/><W11/><G11/><T102/><D102/><U20/><E125/><V9/><F9/><W65/><G28/><T0/><D0/><U73/><E20/><V38/><F38/><W97/><G33/><T85/><D135/><U106/><REACH who="1" step="1"/><E106/><REACH who="1" ten="419,125,259,187" step="2"/><V126/><F126/><W100/><G114/><T64/><D64/><AGARI ba="0,1" hai="25,26,27,49,50,57,62,64,73,78,82,83,87,91" machi="64" ten="40,2600,0" yaku="1,1,2,1,53,0" doraHai="132" doraHaiUra="13" who="1" fromWho="0" sc="419,-26,125,36,259,0,187,0" owari="393,49.3,161,-33.9,259,5.9,187,-21.3" /></mjloggm>