<mjloggm ver="2.3"><GO type="225" lobby="0"/><UN n0="%E7%AC%B9%E9%A4%85" n1="%E3%81%99%E3%81%84%E3%81%BE%E3%81%9B%E3%83%BC%E3%82%93" n2="%E8%B5%A4%E3%81%84%E8%9B%99%31%31" n3="%E9%A6%AC%E5%BC%95%E7%81%AB%33" dan="18,18,16,16" rate="2212.58,2203.72,2075.62,2127.76" sx="M,M,M,M"/><TAIKYOKU oya="0"/><INIT seed="0,0,0,1,1,9" ten="250,250,250,250" oya="0" hai0="90,97,45,115,0,44,28,34,120,92,87,96,81" hai1="63,38,135,19,61,51,74,60,21,30,134,69,118" hai2="105,104,14,3,77,123,65,131,103,31,25,114,49" hai3="1,7,122,85,32,126,128,46,80,15,53,99,116"/><T4/><D115/><U6/><E118/><V93/><F3/><W48/><G116/><T17/><D120/><U55/><E38/><V109/><F114/><W22/><G32/><T8/><D97/><U12/><E74/><V2/><F2/><W54/><G122/><T130/><D130/><U106/><E106/><V66/><F123/><W18/><G128/><T100/><REACH who="0" step="1"/><D17/><REACH who="0" ten="240,250,250,250" step="2"/><U133/><E6/><V35/><F131/><W88/><G126/><T52/><D52/><U110/><E110/><V50/><F109/><W72/><G99/><T71/><D71/><U111/><E111/><V78/><F66/><W102/><G102/><T101/><D101/><U24/><E69/><V33/><F65/><W108/><G108/><T5/><D5/><U27/><REACH who="1" step="1"/><E30/><REACH who="1" ten="240,240,250,250" step="2"/><V68/><F31/><W86/><G7/><T119/><D119/><U67/><E67/><V13/><F68/><W127/><G127/><T23/><D23/><U59/><AGARI ba="0,2" hai="12,19,21,24,27,51,55,59,60,61,63,133,134,135" machi="59" ten="40,8000,1" yaku="1,1,0,1,20,1,52,1,53,0" doraHai="9" doraHaiUra="41" who="1" fromWho="1" sc="240,-40,240,100,250,-20,250,-20" /><INIT seed="1,0,0,4,1,127" ten="200,340,230,230" oya="1" hai0="89,131,43,135,107,21,70,47,36,110,101,3,98" hai1="119,125,97,81,108,84,45,87,9,16,58,78,65" hai2="44,90,35,103,4,13,115,54,76,49,32,91,18" hai3="26,126,51,85,74,40,67,73,117,23,118,10,38"/><U112/><E112/><V88/><F115/><W14/><G126/><T56/><D70/><U130/><E119/><N who="3" m="45578" /><G38/><T34/><D34/><U50/><E125/><V129/><F129/><W122/><G122/><T79/><D110/><U96/><E130/><V99/><F76/><W133/><G133/><T12/><D3/><U120/><E120/><V39/><F4/><N who="3" m="3399" /><G67/><T123/><D123/><U33/><E33/><V59/><F39/><W42/><G85/><T71/><D71/><U102/><E87/><V19/><F44/><N who="3" m="25991" /><G42/><T104/><D135/><U95/><E108/><V41/><F41/><W114/><G114/><T15/><D131/><U86/><E97/><V106/><REACH who="2" step="1"/><F19/><AGARI ba="0,0" hai="19,23,26,73,74" m="25991,3399,45578" machi="19" ten="30,1000,0" yaku="12,1" doraHai="127" who="3" fromWho="2" sc="200,0,340,0,230,-10,230,10" /><INIT seed="2,0,0,3,5,48" ten="200,340,220,240" oya="2" hai0="37,91,113,8,116,126,42,83,60,131,133,56,55" hai1="98,84,14,65,50,36,79,52,120,23,40,59,69" hai2="104,95,81,61,2,106,118,0,107,68,43,4,121" hai3="26,62,135,66,63,19,115,125,44,94,130,119,25"/><V24/><F118/><W111/><G119/><T71/><D116/><U30/><E120/><V70/><F121/><W88/><G111/><T124/><D113/><U49/><E98/><V93/><F43/><W103/><G115/><T11/><D131/><U31/><E36/><V57/><F81/><W78/><G130/><T51/><D133/><U127/><E127/><N who="0" m="48681" /><D37/><U99/><E99/><V80/><F80/><W41/><G125/><T29/><D29/><U67/><E69/><V86/><F24/><W132/><G103/><T122/><D122/><U9/><E79/><V108/><F108/><W54/><G78/><T35/><D35/><U1/><E1/><V21/><F21/><W117/><G117/><T92/><D83/><U22/><E84/><V89/><F95/><W85/><G19/><T87/><D42/><U18/><E30/><V5/><F0/><W32/><G32/><T15/><D15/><U110/><E110/><V77/><F77/><W27/><G41/><T53/><D71/><U12/><E31/><V96/><F86/><W100/><G100/><T34/><D34/><U10/><E22/><V105/><N who="2" m="26624" /><DORA hai="97" /><V72/><F72/><W13/><G13/><T101/><D101/><U45/><E23/><V75/><F75/><W28/><G28/><T74/><D74/><U128/><E128/><V134/><F134/><N who="3" m="51243" /><G66/><T112/><D112/><U109/><E109/><V39/><F39/><W16/><G16/><AGARI ba="0,0" hai="9,10,12,14,16,18,40,45,49,50,52,59,65,67" machi="16" ten="30,12000,2" yaku="7,1,9,1,8,1,52,1,54,2" doraHai="48,97" who="1" fromWho="3" sc="200,0,340,120,220,0,240,-120" /><INIT seed="3,0,0,4,5,29" ten="200,460,220,120" oya="3" hai0="117,67,131,81,124,32,119,80,83,84,35,79,121" hai1="103,38,13,30,20,101,61,58,126,42,97,95,52" hai2="3,47,125,108,68,36,25,118,127,104,45,43,129" hai3="39,14,102,1,91,93,94,66,106,134,99,54,114"/><W89/><G114/><T132/><D121/><U123/><E123/><V49/><F108/><W115/><G115/><T56/><D131/><U130/><E130/><V2/><F118/><W48/><G1/><N who="2" m="9" /><F104/><W98/><G39/><T113/><D113/><U135/><E126/><N who="2" m="48139" /><F129/><W41/><G134/><T107/><D107/><U85/><E135/><V53/><F25/><W57/><G41/><T44/><D132/><U26/><E38/><V31/><F31/><W7/><G66/><T46/><D124/><U90/><E42/><V8/><F8/><W69/><G69/><AGARI ba="0,0" hai="36,43,45,47,49,53,68,69" m="48139,9" machi="69" ten="30,1000,0" yaku="18,1" doraHai="29" who="2" fromWho="3" sc="200,0,460,0,220,10,120,-10" owari="200,-20.0,460,56.0,230,3.0,110,-39.0" /></mjloggm>