<mjloggm ver="2.3"><GO type="169" lobby="0"/><UN n0="%E3%82%AB%E3%83%A9%E6%9D%BE" n1="%E8%8F%8A%E6%B1%A0%E9%A2%A8%E9%A6%99" n2="%E5%B6%BA%E4%B8%8A%E5%92%B2" n3="%41%6E%6B%6F%61%6E%6B%6F" dan="17,16,16,16" rate="2128.89,2108.80,2136.37,2141.60" sx="M,M,F,F"/><TAIKYOKU oya="0"/><INIT seed="0,0,0,3,4,24" ten="250,250,250,250" oya="0" hai0="67,124,8,50,81,119,79,11,133,103,117,63,37" hai1="12,35,72,109,121,126,129,98,135,48,41,112,99" hai2="90,3,96,49,114,58,75,64,34,80,53,97,116" hai3="23,125,70,45,26,127,89,39,9,44,118,130,31"/><T38/><D124/><N who="3" m="47689" /><G118/><T76/><D103/><U36/><E126/><V61/><F34/><W95/><G70/><T7/><D50/><U93/><E35/><V1/><F114/><W22/><G130/><T2/><D133/><U86/><E72/><V54/><F116/><W68/><G68/><T21/><D21/><U88/><E121/><V108/><F108/><W66/><G66/><T102/><D102/><U4/><E109/><V132/><F132/><W78/><G78/><T28/><D11/><U47/><E135/><V29/><F29/><W113/><G113/><T16/><D76/><U17/><E129/><V100/><F54/><W104/><G104/><T19/><D117/><U94/><E4/><V51/><F51/><W131/><G131/><T105/><D119/><U84/><E36/><V0/><F100/><W56/><G56/><T122/><D105/><U87/><E112/><V59/><F75/><W110/><G110/><T52/><D122/><U10/><REACH who="1" step="1"/><E99/><REACH who="1" ten="250,240,250,250" step="2"/><V65/><F97/><N who="3" m="57583" /><G39/><T111/><D37/><U83/><E83/><V82/><F82/><W43/><G43/><T42/><D111/><U57/><E57/><V123/><F123/><W30/><G9/><T60/><D38/><U91/><AGARI ba="0,1" hai="10,12,17,41,47,48,84,86,87,88,91,93,94,98" machi="91" ten="20,12000,2" yaku="1,1,0,1,7,1,8,1,54,1,53,1" doraHai="24" doraHaiUra="15" who="1" fromWho="1" sc="250,-60,240,130,250,-30,250,-30" /><INIT seed="1,0,0,5,1,55" ten="190,370,220,220" oya="1" hai0="90,38,71,52,44,135,91,129,1,20,99,29,59" hai1="61,24,125,119,105,100,25,82,112,70,43,104,26" hai2="54,58,115,103,96,128,60,120,92,16,7,72,50" hai3="57,9,48,35,17,69,62,94,84,111,27,134,110"/><U30/><E112/><V132/><F120/><W51/><G134/><T79/><D71/><U39/><E119/><V133/><F72/><W102/><G69/><T2/><D135/><N who="2" m="51786" /><F7/><W19/><G35/><T95/><D129/><U31/><E125/><V86/><F128/><W32/><G32/><T18/><D29/><U116/><E116/><V34/><F34/><W106/><G106/><T47/><D79/><U87/><E43/><V13/><F86/><W49/><G9/><T114/><D114/><U113/><E39/><V46/><F115/><W126/><G126/><T15/><D90/><U4/><E4/><V28/><F28/><W98/><G84/><T14/><D38/><U127/><E127/><V118/><F118/><W77/><G77/><T64/><D64/><U75/><E75/><V93/><F93/><W41/><G41/><T66/><D66/><U101/><E113/><V81/><F81/><W73/><G73/><T0/><REACH who="0" step="1"/><D15/><REACH who="0" ten="180,370,220,220" step="2"/><U6/><E70/><V56/><F60/><AGARI ba="0,1" hai="0,1,2,14,18,20,44,47,52,59,60,91,95,99" machi="60" ten="40,8000,1" yaku="1,1,2,1,52,1,54,1,53,0" doraHai="55" doraHaiUra="67" who="0" fromWho="2" sc="180,90,370,0,220,-80,220,0" /><INIT seed="2,0,0,3,1,81" ten="270,370,140,220" oya="2" hai0="49,57,68,110,10,95,16,119,70,18,78,7,100" hai1="36,135,74,41,52,91,13,67,9,19,12,55,24" hai2="65,69,6,120,77,54,26,60,106,116,5,23,115" hai3="98,86,8,63,15,129,123,32,128,71,4,45,133"/><V59/><F115/><W20/><G123/><T84/><D110/><U107/><E135/><V34/><F116/><W37/><G32/><T134/><D119/><U1/><E1/><V42/><F120/><W85/><G133/><T87/><D134/><U72/><E107/><V96/><F77/><W118/><G118/><T121/><D121/><U25/><E67/><V0/><F42/><N who="3" m="22735" /><G98/><N who="0" m="59487" /><D68/><U88/><E41/><V50/><F0/><W113/><G113/><T47/><D70/><U75/><E36/><V27/><F27/><N who="1" m="10313" /><E19/><N who="0" m="7209" /><D57/><U11/><E13/><V93/><F106/><W38/><G20/><T104/><D78/><U2/><E12/><V56/><F69/><W79/><G79/><T46/><D104/><U112/><E2/><V64/><F34/><W102/><G102/><T21/><D21/><U28/><E28/><N who="2" m="17503" /><F65/><N who="3" m="41407" /><G38/><T83/><D83/><U125/><E112/><V82/><F82/><W76/><G76/><T39/><D39/><U117/><E117/><V62/><F62/><W114/><G114/><T122/><D122/><U132/><E132/><V48/><F48/><W127/><G127/><T89/><D89/><AGARI ba="0,0" hai="5,6,50,54,56,59,60,64,89,93,96" m="17503" machi="89" ten="30,1500,0" yaku="8,1" doraHai="81" who="2" fromWho="0" sc="270,-15,370,0,140,15,220,0" /><INIT seed="2,1,0,4,5,80" ten="255,370,155,220" oya="2" hai0="122,1,135,114,73,39,67,128,58,125,84,26,35" hai1="10,25,78,89,44,51,83,105,115,96,131,40,54" hai2="8,124,104,126,127,14,111,57,7,2,70,94,28" hai3="22,29,55,43,20,134,4,120,95,13,86,100,12"/><V41/><F70/><W64/><G120/><T61/><RYUUKYOKU type="yao9" ba="1,0" sc="255,0,370,0,155,0,220,0" hai0="1,26,35,39,58,61,67,73,84,114,122,125,128,135" /><INIT seed="2,2,0,2,4,88" ten="255,370,155,220" oya="2" hai0="132,28,59,32,71,58,82,98,43,89,76,62,87" hai1="15,5,0,135,6,96,7,38,83,123,2,116,20" hai2="124,74,100,14,45,16,27,86,3,75,115,97,33" hai3="57,67,109,112,110,92,133,78,130,117,19,54,73"/><V41/><F3/><W102/><G19/><T69/><D132/><U80/><E38/><V12/><F115/><W48/><G78/><T31/><D43/><U107/><E116/><V52/><F124/><W131/><G73/><T30/><D32/><U120/><E107/><V25/><F12/><W39/><G102/><T84/><D98/><U22/><E96/><V65/><F65/><W18/><G18/><T51/><D51/><U113/><E113/><V134/><F134/><W118/><G92/><T56/><REACH who="0" step="1"/><D62/><REACH who="0" ten="245,370,155,220" step="2"/><U111/><E135/><V129/><F33/><W79/><G133/><T63/><D63/><U70/><E123/><V122/><F122/><W37/><G112/><T60/><D60/><U126/><E120/><V23/><F129/><N who="3" m="49163" /><G67/><T108/><D108/><N who="3" m="41577" /><G79/><T93/><AGARI ba="2,1" hai="28,30,31,56,58,59,69,71,76,82,84,87,89,93" machi="93" ten="30,4000,0" yaku="1,1,0,1,52,1,53,0" doraHai="88" doraHaiUra="121" who="0" fromWho="0" sc="245,56,370,-12,155,-22,220,-12" /><INIT seed="3,0,0,0,0,132" ten="301,358,133,208" oya="3" hai0="109,129,58,134,120,127,67,21,15,83,32,114,73" hai1="104,23,70,63,6,79,3,61,25,64,5,89,45" hai2="118,14,97,30,28,31,72,106,18,62,38,111,75" hai3="94,12,99,80,123,87,41,20,35,27,34,100,90"/><W113/><G113/><T108/><D32/><U128/><E104/><V95/><F118/><W84/><G123/><T2/><D2/><U82/><E128/><V17/><F106/><W91/><G41/><T78/><D120/><U50/><E89/><V13/><F38/><W96/><G96/><T131/><D114/><U52/><E61/><V107/><F107/><W51/><G51/><T1/><D1/><U71/><E71/><V37/><F37/><W116/><G116/><T103/><D103/><U65/><E65/><V85/><F62/><W48/><G12/><T115/><D115/><U68/><E68/><V66/><F66/><W135/><G135/><T59/><D134/><U4/><E3/><V69/><F69/><W124/><G48/><T40/><D40/><U56/><E70/><V88/><F111/><N who="0" m="42570" /><D67/><U33/><E33/><V126/><F126/><W26/><G124/><T46/><D46/><U133/><E133/><V119/><F119/><W86/><G86/><T36/><D127/><U98/><E98/><V81/><F75/><W10/><G10/><T74/><D36/><U29/><REACH who="1" step="1"/><E4/><REACH who="1" ten="301,348,133,208" step="2"/><V117/><F117/><W121/><G121/><T44/><D129/><U77/><E77/><V112/><F112/><W49/><G34/><T54/><D131/><U22/><E22/><V57/><F72/><AGARI ba="0,1" hai="5,6,23,25,29,45,50,52,56,63,64,72,79,82" machi="72" ten="30,3900,0" yaku="1,1,7,1,54,1,53,0" doraHai="132" doraHaiUra="102" who="1" fromWho="2" sc="301,0,348,49,133,-39,208,0" /><INIT seed="4,0,0,4,5,79" ten="301,397,94,208" oya="0" hai0="68,55,75,97,115,51,58,56,122,65,24,94,6" hai1="67,105,89,34,22,7,101,98,4,127,107,31,39" hai2="108,20,124,84,11,83,103,116,25,12,63,73,76" hai3="27,71,117,77,30,82,64,88,123,85,72,23,15"/><T118/><D118/><U44/><E34/><V93/><F108/><W110/><G117/><T41/><D122/><U133/><E107/><V46/><F124/><W134/><G110/><T104/><D104/><U132/><E127/><V14/><F116/><W90/><G123/><T113/><D68/><U99/><E67/><V21/><F63/><W33/><G134/><N who="1" m="51818" /><E98/><N who="2" m="59855" /><F73/><W78/><G78/><T61/><D75/><U45/><E89/><V17/><F46/><N who="1" m="18025" /><E39/><V109/><F109/><W38/><G38/><T120/><D120/><U18/><E31/><N who="2" m="17839" /><F11/><W106/><G106/><T50/><D6/><U43/><E43/><V125/><F125/><W59/><G71/><T48/><D41/><U36/><E36/><V66/><F66/><W5/><G72/><T40/><D40/><U0/><E0/><V114/><F114/><N who="0" m="43530" /><D24/><AGARI ba="0,0" hai="4,7,18,22,24,99,101,105" m="18025,51818" machi="24" ten="30,1000,0" yaku="20,1" doraHai="79" who="1" fromWho="0" sc="301,-10,397,10,94,0,208,0" /><AGARI ba="0,0" hai="12,14,17,20,24,76,83,84" m="17839,59855" machi="24" ten="30,2000,0" yaku="8,1,52,1" doraHai="79" who="2" fromWho="0" sc="291,-20,407,0,94,20,208,0" /><INIT seed="5,0,0,4,1,98" ten="271,407,114,208" oya="1" hai0="113,73,68,44,50,80,36,81,110,7,107,22,94" hai1="117,25,31,101,59,91,74,103,124,18,26,109,89" hai2="86,46,114,88,14,34,83,82,76,9,67,134,39" hai3="38,43,133,60,126,71,49,108,19,17,16,97,95"/><U6/><E117/><V24/><F134/><W33/><G108/><T78/><D107/><U57/><E74/><V106/><F106/><W12/><G133/><T104/><D104/><U66/><E109/><V2/><F2/><W84/><G126/><T131/><D110/><U135/><E135/><V5/><F67/><W105/><G33/><T45/><D68/><U77/><E77/><V65/><F65/><W30/><G30/><T115/><D131/><U28/><E6/><V79/><F114/><W130/><G130/><T56/><D80/><U122/><E66/><V51/><F39/><W85/><G38/><T37/><D45/><U116/><E116/><V55/><F34/><W61/><G105/><T35/><D35/><U96/><E96/><V93/><F24/><W10/><G71/><T40/><D7/><U48/><E48/><V13/><F13/><W4/><G49/><T90/><D22/><U21/><E21/><V11/><F11/><W54/><G43/><T64/><D113/><U72/><E72/><V118/><F118/><W3/><G3/><T100/><D115/><U8/><E8/><V32/><F32/><W129/><G129/><T15/><D37/><U0/><E0/><V63/><F63/><N who="3" m="24139" /><G54/><N who="0" m="31831" /><D64/><U70/><E70/><V41/><F55/><W92/><G92/><T58/><D36/><U87/><E124/><V75/><REACH who="2" step="1"/><F93/><REACH who="2" ten="271,407,104,208" step="2"/><W42/><G42/><T119/><D40/><U125/><E125/><V69/><F69/><W27/><G27/><T112/><D112/><U132/><E26/><V23/><F23/><W47/><G47/><T121/><D44/><RYUUKYOKU ba="0,1" sc="271,-15,407,-15,104,15,208,15" hai2="5,9,14,41,46,51,75,76,79,82,83,86,88" hai3="4,10,12,16,17,19,84,85,95,97" /><INIT seed="6,1,1,4,2,61" ten="256,392,119,223" oya="2" hai0="63,23,29,126,90,122,104,118,54,2,107,9,105" hai1="59,95,36,16,114,127,72,31,24,55,108,27,43" hai2="94,37,0,116,3,81,60,123,58,132,82,69,52" hai3="28,18,38,53,85,14,10,25,96,78,128,22,130"/><V35/><F116/><W113/><G38/><T79/><D122/><U99/><E108/><V87/><F35/><W47/><G96/><T112/><D118/><U45/><E114/><V77/><F123/><W97/><G97/><T40/><D112/><U133/><E133/><V26/><F37/><W65/><G113/><T120/><D120/><U12/><E127/><V125/><F125/><W5/><G65/><T41/><D79/><U70/><E70/><V119/><F119/><W7/><G47/><T6/><D90/><U67/><E67/><V71/><F132/><W17/><G53/><T110/><D110/><U66/><E66/><V109/><F109/><W103/><G103/><T83/><D83/><U42/><E42/><V98/><F26/><N who="3" m="14671" /><G85/><T80/><D80/><U64/><E64/><V4/><F82/><W51/><G51/><T32/><D32/><U21/><E72/><V48/><F48/><W117/><G78/><T33/><D33/><U13/><E27/><V134/><F134/><W124/><G124/><T92/><D126/><U129/><E31/><V50/><F50/><W76/><G76/><T131/><D29/><U75/><E75/><V68/><REACH who="2" step="1"/><F4/><REACH who="2" ten="256,392,109,223" step="2"/><N who="3" m="1611" /><G117/><T46/><D6/><U56/><E36/><V101/><AGARI ba="1,2" hai="0,3,52,58,60,68,69,71,77,81,87,94,98,101" machi="101" ten="30,6000,0" yaku="1,1,0,1,54,1,53,0" doraHai="61" doraHaiUra="135" who="2" fromWho="2" sc="256,-21,392,-21,109,83,223,-21" /><INIT seed="6,2,0,5,1,127" ten="235,371,192,202" oya="2" hai0="18,34,40,82,101,7,27,135,25,13,73,23,125" hai1="116,38,55,53,26,28,107,90,81,79,61,100,111" hai2="76,113,69,32,134,56,92,19,4,122,36,63,99" hai3="131,49,47,108,66,124,6,11,91,48,9,89,86"/><V65/><F32/><W37/><G108/><T14/><D101/><U132/><E111/><V12/><F122/><W45/><G124/><T43/><D125/><U78/><E38/><V130/><F36/><W74/><G74/><T58/><D135/><U109/><E116/><V75/><F134/><W16/><G37/><T126/><D126/><U128/><E109/><V59/><F4/><W123/><G123/><T103/><D103/><U5/><E5/><V72/><F113/><W41/><G66/><T67/><D73/><U60/><E100/><V97/><F75/><W1/><G131/><T96/><D96/><U119/><E128/><V85/><F130/><W88/><G9/><N who="0" m="4287" /><D82/><U114/><E107/><V20/><F72/><W102/><G102/><T104/><D34/><U8/><E119/><V29/><F29/><W94/><REACH who="3" step="1"/><G16/><REACH who="3" ten="235,371,192,192" step="2"/><N who="0" m="12519" /><D104/><U77/><E132/><V54/><F69/><W117/><G117/><T98/><D27/><U95/><E26/><V46/><F46/><W70/><G70/><T2/><D2/><U83/><E114/><V52/><F65/><W31/><G31/><T71/><D71/><U44/><E28/><V80/><REACH who="2" step="1"/><F92/><REACH who="2" ten="235,371,182,192" step="2"/><W22/><G22/><T105/><D67/><U84/><E95/><V87/><F87/><W93/><G93/><T0/><D105/><U106/><E84/><V42/><F42/><AGARI ba="2,2" hai="1,6,11,41,42,45,47,48,49,86,88,89,91,94" machi="42" ten="30,7700,0" yaku="1,1,7,1,9,1,54,1,53,0" doraHai="127" doraHaiUra="15" who="3" fromWho="2" sc="235,0,371,0,182,-83,192,103" /><INIT seed="7,0,0,1,4,77" ten="235,371,99,295" oya="3" hai0="119,33,37,11,72,22,24,106,89,107,94,87,44" hai1="70,57,66,102,28,18,124,50,123,32,43,30,40" hai2="97,80,4,110,46,36,3,116,54,56,104,133,76" hai3="135,17,35,25,125,130,127,100,96,20,81,1,74"/><W67/><G1/><T52/><D119/><U62/><E123/><V38/><F116/><W2/><G2/><T112/><D33/><U64/><E124/><N who="3" m="47690" /><G67/><T128/><D72/><U15/><E102/><V51/><F110/><W8/><G8/><T92/><D112/><U5/><E5/><V69/><F69/><W65/><G65/><T105/><D128/><U111/><E111/><V103/><F133/><W108/><G108/><T48/><D37/><U117/><E117/><V85/><F3/><W84/><G74/><T121/><D11/><U90/><E90/><V6/><F36/><W63/><G63/><T113/><D121/><U118/><E118/><V19/><F38/><W99/><G35/><T10/><D10/><U39/><E66/><V29/><F29/><W58/><G58/><T9/><D9/><U91/><E30/><V134/><F134/><W45/><G135/><T42/><D113/><U120/><E32/><V26/><F104/><W122/><G122/><T61/><D61/><U21/><E120/><V60/><F103/><W115/><G115/><T129/><D129/><U41/><E28/><V49/><F97/><N who="3" m="37451" /><G130/><T82/><REACH who="0" step="1"/><D42/><REACH who="0" ten="225,371,99,295" step="2"/><U101/><E41/><V109/><F109/><W95/><G100/><T31/><AGARI ba="0,1" hai="22,24,31,44,48,52,82,87,89,92,94,105,106,107" machi="31" ten="30,12000,2" yaku="1,1,2,1,0,1,52,1,54,1,53,1" doraHai="77" doraHaiUra="16" who="0" fromWho="0" sc="225,130,371,-30,99,-30,295,-60" owari="355,45.5,341,14.1,69,-43.1,235,-16.5" /></mjloggm>