<mjloggm ver="2.3"><GO type="169" lobby="0"/><UN n0="%E2%97%8E%E3%82%88%E3%81%97%E2%97%8E" n1="%E3%81%B5%E3%82%8D%E3%82%93" n2="%E5%BA%84%E5%8F%B8%E5%81%A5%E5%A4%AA%E6%9C%97" n3="%E8%99%9A%E6%B7%B5%E7%8E%84" dan="16,17,16,17" rate="2154.73,2197.07,2064.34,2205.55" sx="M,M,M,M"/><TAIKYOKU oya="0"/><INIT seed="0,0,0,1,4,75" ten="250,250,250,250" oya="0" hai0="17,3,12,73,63,71,134,131,25,105,79,29,39" hai1="53,14,91,54,127,100,50,8,65,21,74,31,9" hai2="80,123,89,83,104,132,20,81,38,87,67,30,125" hai3="78,77,99,32,113,108,107,15,5,102,97,44,70"/><T4/><D105/><U133/><E133/><V76/><F38/><W26/><G113/><T95/><D39/><U10/><E127/><V6/><F6/><W110/><G70/><T19/><D134/><U43/><E74/><V130/><F132/><W86/><G44/><T60/><D131/><U69/><E100/><V16/><F130/><W103/><G15/><T106/><D106/><U23/><E65/><V135/><F123/><W36/><G5/><T33/><D71/><U13/><E91/><V84/><F104/><N who="3" m="63583" /><G36/><T115/><D115/><U48/><E69/><V40/><F125/><W64/><G64/><T51/><D95/><U112/><E112/><V101/><F101/><W88/><G26/><T34/><D34/><U0/><E0/><V122/><F30/><W96/><G96/><T98/><D98/><U56/><E43/><V119/><F40/><W116/><G32/><T118/><D51/><U7/><E31/><V42/><F42/><W120/><G116/><T117/><D19/><U2/><E2/><V41/><F41/><W49/><G49/><T45/><D45/><U55/><E7/><V35/><F35/><W58/><G58/><T62/><D4/><U126/><E126/><V90/><F119/><W68/><G68/><T72/><D3/><U85/><E54/><V92/><F67/><W1/><G1/><T18/><D18/><U11/><N who="1" m="2048" /><DORA hai="24" /><U93/><E21/><V47/><F47/><W37/><G37/><T66/><D66/><U114/><E114/><V82/><N who="2" m="20480" /><DORA hai="59" /><V52/><F135/><W109/><G120/><T128/><D128/><RYUUKYOKU ba="0,0" sc="250,-10,250,-10,250,-10,250,30" hai3="77,78,86,88,97,103,107,108,109,110" /><INIT seed="1,1,0,1,4,32" ten="240,240,240,280" oya="1" hai0="127,26,87,101,64,40,8,25,95,110,96,62,107" hai1="103,126,113,53,4,124,125,7,94,55,19,111,52" hai2="3,118,5,97,61,83,90,105,60,123,35,27,86" hai3="77,13,42,15,54,70,16,6,59,1,82,106,69"/><U116/><E113/><V115/><F118/><W108/><G106/><T18/><D110/><U89/><E116/><V20/><F123/><W133/><G13/><T74/><D127/><U68/><E68/><V75/><F35/><W50/><G108/><T122/><D74/><U66/><E111/><V14/><F115/><W100/><G100/><T31/><D122/><U128/><E66/><V81/><F14/><W57/><G42/><T0/><D40/><U17/><E103/><V92/><F105/><W34/><G133/><T72/><D72/><U112/><E128/><V44/><F44/><W88/><G34/><T45/><D45/><U10/><E112/><V104/><F104/><W84/><G59/><T85/><D18/><N who="1" m="6667" /><E10/><V39/><F39/><W28/><G28/><T51/><D51/><U117/><E117/><V71/><F75/><W30/><G30/><T98/><D26/><U2/><E2/><V67/><F61/><W102/><G102/><N who="0" m="60703" /><D8/><U76/><E76/><V65/><F65/><W24/><G24/><T80/><D0/><U38/><E38/><V47/><F47/><W99/><G1/><T79/><D25/><U58/><E58/><V41/><F27/><W12/><G12/><T129/><D31/><U29/><E29/><V131/><F131/><W37/><G37/><T36/><D36/><U46/><E46/><V9/><F41/><W33/><G33/><T21/><D129/><U23/><E23/><V130/><F20/><N who="3" m="11295" /><G6/><T63/><D21/><U135/><E135/><V22/><F130/><W132/><G132/><T91/><D64/><U134/><E134/><RYUUKYOKU ba="1,0" sc="240,10,240,10,240,-30,280,10" hai0="62,63,79,80,85,87,91,98,101,107" hai1="4,7,52,53,55,89,94,124,125,126" hai3="50,54,57,69,70,77,82,84,88,99" /><INIT seed="1,2,0,3,2,48" ten="250,250,210,290" oya="1" hai0="88,68,44,74,110,127,99,81,117,13,19,102,2" hai1="60,82,56,9,78,94,98,113,122,21,22,95,50" hai2="101,111,75,135,6,65,119,16,1,3,12,67,63" hai3="40,38,116,121,36,91,126,27,93,84,112,80,41"/><U31/><E113/><V30/><F119/><W59/><G121/><T125/><D117/><U64/><E122/><V89/><F111/><W96/><G112/><T34/><D68/><U70/><E9/><V23/><F135/><W76/><G126/><N who="0" m="48139" /><D34/><U83/><E95/><V26/><F75/><W18/><G116/><T132/><D2/><U134/><E134/><V129/><F129/><W87/><G38/><T92/><D110/><U53/><E31/><V86/><F101/><W79/><G36/><T39/><D132/><U49/><E49/><V37/><F37/><W61/><G76/><N who="0" m="44183" /><D44/><U133/><E133/><V0/><F63/><W14/><G27/><T58/><D58/><U123/><E82/><V72/><F6/><W8/><REACH who="3" step="1"/><G84/><REACH who="3" ten="250,250,210,280" step="2"/><T100/><D39/><U130/><E123/><V20/><REACH who="2" step="1"/><F72/><REACH who="2" ten="250,250,200,280" step="2"/><W124/><G124/><T85/><D85/><U115/><E115/><V25/><F25/><W71/><G71/><T105/><D105/><U107/><E107/><V43/><F43/><W33/><G33/><T10/><AGARI ba="2,2" hai="10,13,19,88,92,99,100,102" m="44183,48139" machi="10" ten="30,2000,0" yaku="18,1,54,1" doraHai="48" who="0" fromWho="0" sc="250,46,250,-12,200,-7,280,-7" /><INIT seed="2,0,0,3,5,103" ten="296,238,193,273" oya="2" hai0="79,89,51,24,114,23,21,73,2,0,14,33,115" hai1="127,133,49,57,28,8,3,60,7,99,74,95,112" hai2="117,70,18,121,105,46,40,134,20,101,71,29,83" hai3="85,110,59,5,16,118,96,68,41,66,63,129,64"/><V84/><F117/><W126/><G118/><T108/><D51/><U19/><E112/><N who="0" m="43049" /><D89/><U22/><E74/><V4/><F121/><W53/><G5/><T56/><D56/><U38/><E38/><V13/><F134/><W93/><G110/><T135/><D79/><U132/><E127/><V97/><F29/><W69/><G129/><T109/><D73/><U32/><E49/><V36/><REACH who="2" step="1"/><F4/><REACH who="2" ten="296,238,183,273" step="2"/><W47/><G126/><T75/><D135/><U58/><E132/><V94/><F94/><W65/><G68/><T123/><D123/><U88/><E133/><V116/><F116/><W91/><G69/><T81/><D109/><U87/><E28/><V92/><F92/><W9/><G96/><T98/><D98/><U6/><E6/><V1/><F1/><W107/><G107/><T120/><D0/><U128/><E99/><V119/><F119/><W124/><G124/><T26/><D2/><U10/><E3/><V100/><F100/><W42/><G47/><T125/><D125/><U104/><E104/><V67/><F67/><W131/><G131/><T80/><D108/><U122/><E122/><V55/><F55/><W52/><G53/><T43/><D120/><U130/><E7/><V106/><F106/><W34/><G34/><T111/><D33/><U12/><E32/><V62/><F62/><W17/><G17/><T82/><D111/><U15/><E60/><V30/><F30/><W44/><G44/><T61/><D61/><U90/><E19/><V37/><F37/><W78/><G78/><AGARI ba="0,1" hai="13,18,20,36,40,46,70,71,78,83,84,97,101,105" machi="78" ten="30,5800,0" yaku="1,1,7,1,52,1,53,0" doraHai="103" doraHaiUra="31" who="2" fromWho="3" sc="296,0,238,0,183,68,273,-58" /><INIT seed="2,1,0,4,3,128" ten="296,238,251,215" oya="2" hai0="48,107,131,72,45,124,94,97,83,80,105,17,73" hai1="14,118,30,132,81,135,122,93,121,26,111,37,116" hai2="82,33,46,123,41,103,87,114,31,89,110,127,99" hai3="77,84,38,129,67,70,49,55,66,16,95,34,78"/><V125/><F114/><W27/><G38/><T9/><D9/><U1/><E37/><V36/><F123/><N who="1" m="47113" /><E1/><V79/><F110/><W21/><G129/><T68/><D17/><U35/><E93/><V8/><F8/><W90/><G34/><T25/><D25/><U18/><E81/><N who="0" m="31305" /><D68/><U57/><E57/><V5/><F5/><W112/><G112/><T22/><D22/><N who="1" m="11607" /><E111/><V134/><F79/><N who="3" m="30219" /><G70/><T40/><D45/><AGARI ba="1,0" hai="16,21,27,45,49,55,66,67,84,90,95" m="30219" machi="45" ten="30,2000,0" yaku="8,1,54,1" doraHai="128" who="3" fromWho="0" sc="296,-23,238,0,251,0,215,23" /><INIT seed="3,0,0,1,1,63" ten="273,238,251,238" oya="3" hai0="42,100,73,124,120,0,88,13,6,26,14,97,135" hai1="43,15,10,44,122,110,106,133,79,45,72,115,71" hai2="123,17,40,81,46,22,126,25,83,61,65,116,118" hai3="108,94,75,89,113,27,74,86,41,102,55,93,67"/><W121/><G113/><T19/><D120/><U125/><E115/><V104/><F104/><W77/><G121/><T23/><D73/><U128/><E122/><V51/><F123/><W132/><G41/><T35/><D124/><U96/><E71/><V69/><REACH who="2" step="1"/><F126/><REACH who="2" ten="273,238,241,238" step="2"/><W68/><G108/><T37/><D135/><U114/><E106/><V90/><F90/><W18/><G132/><T33/><D88/><U60/><E110/><V12/><F12/><W28/><G89/><T66/><D13/><U80/><E125/><V16/><F16/><W129/><G18/><T95/><D14/><U30/><E15/><V130/><F130/><W58/><G129/><T7/><D19/><U24/><E128/><V38/><F38/><W84/><G94/><T70/><D37/><U82/><E133/><V56/><F56/><W8/><G93/><T103/><D95/><U119/><E114/><V2/><F2/><W29/><G58/><T34/><D0/><U11/><E11/><V50/><F50/><W101/><G8/><T3/><D3/><U4/><E10/><V98/><F98/><W36/><G36/><T131/><D97/><U92/><E92/><V5/><F5/><W99/><G99/><T39/><D131/><U52/><E4/><V21/><F21/><W48/><G48/><T109/><D6/><U31/><E96/><V59/><F59/><W32/><G68/><T107/><D7/><U91/><E91/><V1/><F1/><W87/><G102/><T47/><D107/><U57/><E57/><V20/><F20/><W64/><G101/><T127/><D127/><RYUUKYOKU ba="0,1" sc="273,-10,238,-10,241,30,238,-10" hai2="17,22,25,40,46,51,61,65,69,81,83,116,118" /><INIT seed="4,1,1,3,4,31" ten="263,228,271,228" oya="0" hai0="22,34,120,47,16,40,128,44,59,51,121,53,28" hai1="7,78,133,1,33,25,101,109,80,113,116,84,8" hai2="96,19,0,52,99,50,76,32,114,18,98,5,126" hai3="4,127,97,39,46,129,74,130,41,43,69,122,45"/><T36/><D128/><N who="3" m="49257" /><G74/><T123/><D28/><U71/><E116/><V24/><F32/><W27/><G4/><T107/><D107/><U75/><E109/><V6/><F114/><W48/><G97/><T20/><D34/><U54/><E71/><V92/><F0/><W57/><G27/><T73/><D73/><U86/><E133/><V119/><F126/><W93/><G93/><T110/><D110/><U79/><E113/><V103/><F76/><W58/><G127/><T42/><REACH who="0" step="1"/><D16/><REACH who="0" ten="253,228,271,228" step="2"/><N who="2" m="6186" /><F24/><W104/><G104/><T70/><D70/><U62/><E33/><V91/><F119/><W108/><G108/><T87/><D87/><U10/><E84/><N who="2" m="52327" /><F103/><W30/><G30/><T60/><AGARI ba="1,2" hai="20,22,36,40,42,44,47,51,53,59,60,120,121,123" machi="60" ten="30,3000,0" yaku="1,1,0,1,53,0" doraHai="31" doraHaiUra="21" who="0" fromWho="0" sc="253,53,228,-11,271,-11,228,-11" /><INIT seed="4,2,0,2,4,91" ten="306,217,260,217" oya="0" hai0="128,120,131,30,49,24,47,123,107,106,127,133,32" hai1="19,119,42,109,16,130,104,36,121,52,15,59,94" hai2="69,105,10,99,17,65,0,64,25,95,84,44,58" hai3="88,86,20,132,26,57,63,111,110,72,4,115,27"/><T31/><D31/><U33/><E104/><V38/><F69/><W23/><G72/><T97/><D127/><U41/><E119/><V92/><F105/><N who="0" m="39946" /><D97/><U54/><E121/><N who="0" m="46665" /><D49/><U48/><E109/><V126/><F126/><W62/><G4/><T124/><D124/><U37/><E130/><N who="0" m="49705" /><D47/><U35/><E48/><V46/><F46/><W8/><G111/><T50/><D50/><U134/><E35/><V83/><F99/><W39/><G110/><T117/><D133/><U14/><E134/><V76/><F58/><W34/><G132/><T73/><D73/><U90/><E59/><V102/><F102/><W116/><G57/><T43/><D43/><U53/><E41/><V100/><F100/><W71/><G34/><T67/><D67/><U118/><E33/><V6/><F65/><W103/><G103/><T5/><D5/><U78/><E42/><V51/><F64/><W85/><G63/><T12/><D12/><U112/><E15/><V75/><F75/><W1/><G62/><T56/><D56/><U82/><E14/><V129/><F129/><W74/><G74/><T135/><D135/><U77/><E54/><V13/><F13/><W21/><G21/><T40/><D40/><U93/><E53/><V87/><F51/><W29/><G20/><T28/><D28/><U108/><E52/><V89/><F87/><W7/><G86/><T18/><D18/><U98/><E108/><V80/><F17/><W68/><G29/><T61/><D61/><U122/><E122/><V9/><F44/><W81/><G7/><T125/><D125/><U22/><E19/><RYUUKYOKU ba="2,0" sc="306,30,217,-10,260,-10,217,-10" hai0="24,30,32,117" /><INIT seed="4,3,0,5,5,0" ten="336,207,250,207" oya="0" hai0="12,33,133,15,90,55,14,89,109,77,3,38,87" hai1="13,54,69,100,86,9,19,126,49,18,107,58,45" hai2="122,32,21,98,56,26,113,35,1,125,110,104,96" hai3="97,6,2,52,80,31,40,65,29,24,36,106,7"/><T5/><D33/><U25/><E69/><V23/><F110/><W78/><G65/><T63/><D38/><U105/><E126/><V47/><F122/><W51/><G2/><T114/><D114/><U79/><E100/><V27/><F47/><W61/><G36/><T93/><D133/><U111/><E111/><V72/><F56/><W59/><G106/><T83/><D109/><U91/><E79/><V121/><F1/><W62/><G97/><N who="0" m="57519" /><D3/><U68/><E68/><V101/><F72/><W34/><G31/><T112/><D112/><U99/><E99/><V95/><F125/><W64/><G40/><T119/><D119/><U129/><E129/><V41/><F41/><W39/><G39/><T44/><D77/><U75/><E75/><V50/><F50/><W46/><G61/><T70/><D70/><U37/><E37/><V8/><F121/><W123/><G123/><T85/><D87/><AGARI ba="3,0" hai="6,7,24,29,34,46,51,52,59,62,64,78,80,87" machi="87" ten="30,7700,0" yaku="7,1,52,2,54,1" doraHai="0" who="3" fromWho="0" sc="336,-86,207,0,250,0,207,86" /><INIT seed="5,0,0,4,3,54" ten="250,207,250,293" oya="1" hai0="23,112,60,19,127,107,51,12,75,32,90,22,125" hai1="67,82,98,63,104,113,73,53,1,111,0,99,42" hai2="24,77,18,84,132,31,109,86,29,69,85,57,21" hai3="34,16,2,81,126,10,94,17,122,78,62,43,88"/><U128/><E42/><V87/><F69/><W134/><G122/><T120/><D32/><U46/><E113/><V66/><F109/><W61/><G34/><T121/><D107/><U41/><E111/><V40/><F132/><W124/><G43/><T45/><D75/><U47/><E128/><V105/><F105/><W55/><G134/><T103/><D103/><U123/><E123/><N who="0" m="47177" /><D112/><U110/><E110/><V102/><F102/><W49/><G2/><T3/><D3/><U79/><E53/><V92/><F40/><W116/><G116/><T30/><D90/><U64/><E64/><V38/><F38/><W135/><G135/><T58/><D30/><U93/><E104/><V44/><F44/><W129/><G129/><T6/><D6/><U13/><E13/><V131/><F131/><W9/><G126/><N who="0" m="48139" /><D51/><U5/><E98/><V59/><F66/><W76/><G124/><T83/><D83/><U101/><E5/><V48/><F48/><W119/><G81/><T36/><D45/><U130/><E47/><V14/><F31/><W56/><G119/><T71/><D71/><U28/><E28/><V72/><F72/><W33/><G33/><T7/><D7/><U27/><E130/><V106/><F106/><W95/><G95/><T115/><D115/><U68/><REACH who="1" step="1"/><E27/><REACH who="1" ten="250,197,250,293" step="2"/><V4/><F4/><W8/><G17/><T11/><D36/><AGARI ba="0,1" hai="0,1,36,41,46,63,67,68,73,79,82,93,99,101" machi="36" ten="30,11600,0" yaku="1,1,2,1,7,1,53,1" doraHai="54" doraHaiUra="74" who="1" fromWho="0" sc="250,-116,197,126,250,0,293,0" /><INIT seed="5,1,0,3,0,126" ten="134,323,250,293" oya="1" hai0="69,114,102,92,46,45,98,128,115,20,85,87,70" hai1="107,86,30,81,58,95,122,39,16,84,73,89,14" hai2="60,36,25,28,113,75,132,106,22,82,44,9,53" hai3="127,38,72,134,54,108,77,125,8,15,88,26,123"/><U12/><E122/><V56/><F106/><W52/><G108/><T1/><D1/><U10/><E39/><V40/><F132/><W65/><G123/><T78/><D20/><U24/><E107/><V55/><F113/><N who="0" m="43018" /><D78/><U57/><E73/><V19/><F55/><W43/><G65/><T41/><D41/><U27/><E14/><V121/><F121/><W23/><G77/><T71/><D85/><U131/><E131/><V120/><F120/><W103/><G103/><T112/><N who="0" m="43026" /><T17/><DORA hai="117" /><D87/><U99/><E84/><V32/><F9/><W105/><G134/><T47/><D17/><U74/><E74/><V93/><F93/><W33/><G33/><T18/><D18/><U2/><E2/><V79/><REACH who="2" step="1"/><F19/><REACH who="2" ten="134,323,240,293" step="2"/><W135/><G135/><T29/><D29/><U104/><E104/><V7/><F7/><W90/><G105/><T50/><D50/><U116/><E116/><V130/><F130/><AGARI ba="1,1" hai="45,46,47,69,70,71,92,98,102,128,130" m="43026" machi="130" ten="60,7700,0" yaku="15,1,52,2" doraHai="126,117" who="0" fromWho="2" sc="134,90,323,0,240,-80,293,0" /><INIT seed="6,0,0,0,3,16" ten="224,323,160,293" oya="2" hai0="86,33,73,56,84,134,42,60,120,15,133,30,122" hai1="69,77,90,112,94,49,102,29,85,7,47,89,39" hai2="106,27,5,135,53,126,124,82,107,13,95,88,25" hai3="105,111,80,103,3,22,11,81,62,43,67,100,12"/><V36/><F36/><W66/><G111/><T26/><D73/><U121/><E69/><V108/><F108/><W52/><G3/><T50/><D42/><U113/><E39/><V34/><F135/><N who="0" m="51722" /><D50/><U8/><E121/><N who="0" m="46697" /><D15/><U129/><E129/><V118/><F118/><W63/><G105/><N who="2" m="39945" /><F34/><W14/><G43/><T21/><D33/><U76/><E49/><V115/><F82/><W75/><G75/><T93/><D93/><U78/><E47/><V132/><F132/><W44/><G44/><T17/><D30/><U24/><E29/><V123/><F123/><W128/><G128/><T114/><D114/><U45/><E45/><V119/><F119/><W87/><G80/><T104/><D104/><U74/><E74/><V10/><F115/><W2/><G81/><T46/><D46/><U68/><E113/><V1/><F1/><W130/><G2/><T97/><D97/><U35/><E112/><V51/><F27/><W83/><G130/><T58/><D58/><U92/><E24/><V37/><F37/><W48/><G83/><T72/><D72/><U20/><E35/><V91/><F25/><W54/><G87/><T109/><D109/><U127/><E85/><N who="2" m="52623" /><F91/><W4/><G48/><T79/><D79/><U6/><E78/><V32/><F32/><W57/><G103/><T101/><D101/><U59/><E102/><V64/><F64/><AGARI ba="0,0" hai="17,21,26,56,60,64,84,86" m="46697,51722" machi="64" ten="30,2000,0" yaku="20,1,52,1" doraHai="16" who="0" fromWho="2" sc="224,20,323,0,160,-20,293,0" /><INIT seed="7,0,0,1,3,128" ten="244,323,140,293" oya="3" hai0="64,24,73,0,68,132,23,131,127,107,135,11,75" hai1="27,12,77,98,111,96,10,129,16,134,8,29,53" hai2="58,28,25,32,79,125,38,117,108,116,95,9,45" hai3="13,31,70,101,47,86,34,81,54,61,43,104,65"/><W17/><G54/><T90/><D107/><U60/><E111/><V14/><F125/><W67/><G67/><T4/><D90/><U63/><E129/><V40/><F108/><W91/><G31/><N who="0" m="17823" /><D131/><U37/><E37/><V115/><F115/><W33/><G101/><T93/><D93/><U41/><E41/><V26/><F26/><W7/><G7/><T3/><D3/><U50/><E134/><N who="0" m="51241" /><D127/><U18/><E77/><V19/><F79/><W22/><G104/><T114/><D114/><U42/><E42/><V109/><F109/><W94/><G94/><T44/><D44/><N who="1" m="27847" /><E98/><V52/><REACH who="2" step="1"/><F95/><REACH who="2" ten="244,323,130,293" step="2"/><W121/><G121/><T76/><D76/><U123/><E27/><V20/><F20/><W39/><AGARI ba="0,1" hai="13,17,22,33,34,39,43,47,61,65,70,81,86,91" machi="39" ten="20,2100,0" yaku="0,1,7,1" doraHai="128" who="3" fromWho="3" sc="244,-7,323,-7,130,-7,293,31" owari="237,-16.3,316,11.6,123,-37.7,324,42.4" /></mjloggm>