<mjloggm ver="2.3"><GO type="169" lobby="0"/><UN n0="%E7%A7%98%E6%89%93%E7%99%BD%E9%B3%A5%E3%81%AE%E6%B9%96" n1="%E7%A8%B2%E5%A6%BB%E3%81%A1%E3%82%83%E3%81%A3%E3%81%B4%E3%83%BC" n2="%E2%91%A3%E3%82%BB%E3%83%B3%E3%83%81" n3="%73%65%69%67%65%6E" dan="17,17,18,17" rate="2145.74,2174.11,2264.75,2215.94" sx="M,M,M,M"/><TAIKYOKU oya="0"/><INIT seed="0,0,0,1,5,98" ten="250,250,250,250" oya="0" hai0="103,48,59,107,102,132,122,54,33,64,35,9,92" hai1="39,50,78,94,77,1,55,41,110,51,104,109,13" hai2="133,82,99,112,89,53,86,116,119,74,21,117,18" hai3="37,63,42,95,135,125,60,87,24,29,76,19,52"/><T16/><D122/><U10/><E104/><V79/><F112/><W126/><G135/><T5/><D107/><U30/><E1/><V130/><F133/><W49/><G19/><T2/><D132/><U84/><E30/><V73/><F130/><W101/><G37/><T7/><D7/><U115/><E115/><V61/><F61/><W43/><G63/><T28/><D64/><U72/><E72/><V114/><F114/><W66/><G76/><T108/><D108/><U40/><E39/><V75/><F53/><W113/><G113/><T69/><D69/><U17/><E78/><V83/><REACH who="2" step="1"/><F99/><REACH who="2" ten="250,250,240,250" step="2"/><N who="3" m="59647" /><G87/><T6/><D54/><U124/><E109/><V97/><F97/><W0/><G60/><T31/><D35/><U105/><E110/><V14/><AGARI ba="0,1" hai="14,18,21,73,74,75,79,82,83,86,89,116,117,119" machi="14" ten="30,4000,0" yaku="1,1,0,1,12,1,53,0" doraHai="98" doraHaiUra="20" who="2" fromWho="2" sc="250,-20,250,-10,240,50,250,-10" /><INIT seed="1,0,0,1,4,95" ten="230,240,290,240" oya="1" hai0="77,109,7,37,10,60,84,101,130,2,69,39,52" hai1="131,121,125,20,91,127,134,16,22,74,118,85,82" hai2="33,29,25,98,15,120,17,19,48,110,57,83,79" hai3="89,111,66,56,87,13,115,113,36,112,61,12,1"/><U102/><E118/><V53/><F120/><W124/><G111/><T51/><D109/><U99/><E121/><V119/><F110/><W78/><G1/><T41/><D130/><U135/><E74/><V103/><F119/><W58/><G124/><N who="1" m="47690" /><E131/><V90/><F90/><W67/><G78/><T70/><D41/><U106/><E22/><V132/><F132/><W104/><G104/><T24/><D24/><AGARI ba="0,0" hai="16,20,24,82,85,91,99,102,106,134,135" m="47690" machi="24" ten="30,5800,0" yaku="18,1,52,1,54,1" doraHai="95" who="1" fromWho="0" sc="230,-58,240,58,290,0,240,0" /><INIT seed="1,1,0,1,2,99" ten="172,298,290,240" oya="1" hai0="92,71,43,130,82,28,96,52,121,11,113,16,1" hai1="63,9,78,65,33,81,132,26,40,49,56,134,133" hai2="51,86,7,101,50,103,32,126,44,61,8,13,93" hai3="62,120,84,111,83,118,112,22,12,58,66,38,131"/><U105/><E105/><V55/><F32/><W67/><G112/><T73/><D113/><U115/><E115/><V74/><F74/><W85/><G120/><T69/><D121/><U102/><E9/><V122/><F122/><W37/><G111/><T53/><D28/><U125/><E125/><V47/><F126/><W87/><G131/><T30/><D30/><U27/><E33/><V19/><F61/><W20/><G118/><T54/><D130/><U18/><E18/><V68/><F68/><W91/><G67/><T116/><D116/><U3/><E3/><V24/><F86/><W89/><G87/><T2/><D43/><U35/><E102/><N who="2" m="38923" /><F93/><W128/><G128/><T80/><D1/><U17/><E35/><V39/><F39/><W45/><G12/><T64/><D2/><U108/><E108/><V114/><F114/><W59/><G59/><T31/><D73/><N who="1" m="43215" /><E17/><V88/><F88/><W60/><G60/><T36/><D36/><U48/><E48/><N who="2" m="18475" /><F55/><W123/><G123/><T76/><D71/><U77/><E77/><V42/><F42/><W94/><G38/><T5/><D69/><N who="1" m="42175" /><E40/><V104/><F104/><W97/><G37/><T70/><D76/><U14/><E49/><V21/><AGARI ba="1,0" hai="7,8,13,19,21,24,44,47" m="18475,38923" machi="21" ten="30,7900,0" yaku="8,1,52,3" doraHai="99" who="2" fromWho="2" sc="172,-21,298,-40,290,82,240,-21" /><INIT seed="2,0,0,0,5,49" ten="151,258,372,219" oya="2" hai0="118,10,32,34,124,39,19,107,83,123,67,6,58" hai1="84,117,97,76,99,74,41,82,113,3,51,100,105" hai2="15,125,56,134,68,121,54,26,110,27,2,16,108" hai3="62,70,80,132,33,72,75,21,45,28,36,135,13"/><V0/><F68/><W12/><G33/><T20/><D123/><U109/><E3/><N who="2" m="1067" /><F121/><W30/><G36/><T95/><D107/><U69/><E69/><V25/><F125/><W22/><G45/><T37/><D124/><U115/><E117/><V94/><F94/><W47/><G47/><T43/><D118/><U96/><BYE who="3" /><E41/><UN n3="%73%65%69%67%65%6E" /><V42/><F42/><W5/><G70/><T18/><D95/><U31/><E51/><V4/><F4/><W78/><G62/><T9/><D43/><U91/><E31/><V55/><F56/><W112/><G5/><T101/><D101/><U61/><E61/><V23/><F134/><N who="3" m="51243" /><G112/><N who="1" m="43082" /><E109/><AGARI ba="0,0" hai="15,16,23,25,26,27,54,55,108,109,110" m="1067" machi="109" ten="40,12000,1" yaku="14,1,10,1,52,2,54,1" doraHai="49" who="2" fromWho="1" sc="151,0,258,-120,372,120,219,0" /><INIT seed="2,1,0,0,2,19" ten="151,138,492,219" oya="2" hai0="42,105,46,52,58,4,33,76,67,114,88,131,63" hai1="77,124,65,113,10,126,2,32,85,9,107,100,117" hai2="7,36,134,61,98,13,95,53,80,25,43,101,34" hai3="111,84,40,45,86,82,123,75,125,0,64,20,119"/><V12/><F134/><W121/><G119/><T49/><D114/><U3/><E113/><V71/><F36/><W79/><G111/><T135/><D105/><U83/><E117/><V108/><F43/><W27/><G0/><N who="1" m="42" /><E32/><V110/><F80/><W92/><G125/><N who="1" m="48234" /><E65/><N who="2" m="41391" /><F53/><W118/><G64/><T1/><D33/><U115/><E115/><V93/><F93/><W106/><G106/><T70/><D131/><U96/><AGARI ba="1,0" hai="9,10,77,83,85,96,100,107" m="48234,42" machi="96" ten="40,1500,0" yaku="18,1" doraHai="19" who="1" fromWho="1" sc="151,-5,138,18,492,-8,219,-5" /><INIT seed="3,0,0,3,0,47" ten="146,156,484,214" oya="3" hai0="50,23,61,132,93,39,67,129,41,30,48,0,52" hai1="133,2,85,122,68,54,86,28,36,98,80,110,71" hai2="16,90,116,82,27,103,17,106,65,107,131,8,81" hai3="134,101,111,88,44,104,83,21,70,74,57,96,25"/><W108/><G70/><T66/><D0/><U51/><E122/><V60/><F116/><W115/><G115/><T75/><D75/><U6/><E36/><V91/><F103/><W92/><G134/><T89/><D132/><U38/><E38/><V95/><F131/><W40/><G57/><N who="0" m="32903" /><D39/><U29/><E133/><V117/><F117/><W12/><G12/><T73/><D73/><U9/><E110/><N who="3" m="42026" /><G74/><T18/><D30/><U126/><E68/><V3/><F3/><W49/><G83/><T119/><D129/><U33/><E71/><V43/><F82/><W5/><G5/><T7/><D7/><U42/><E42/><V4/><F43/><W62/><G62/><T63/><D119/><U72/><E72/><V102/><F81/><W130/><G130/><T127/><D127/><U100/><E126/><V59/><F4/><W64/><G64/><N who="0" m="24619" /><D41/><U10/><E6/><V53/><F60/><W24/><G21/><T125/><D50/><U135/><E2/><V32/><F65/><W105/><G105/><T11/><D11/><U118/><E9/><V114/><F107/><W31/><G31/><T14/><D125/><U45/><E10/><V26/><F106/><W87/><AGARI ba="0,0" hai="24,25,40,44,49,87,88,92,96,101,104" m="42026" machi="87" ten="30,11700,0" yaku="14,1,10,1,52,1,54,1" doraHai="47" who="3" fromWho="3" sc="146,-39,156,-39,484,-39,214,117" /><INIT seed="3,1,0,2,3,96" ten="107,117,445,331" oya="3" hai0="128,101,100,59,73,116,27,102,113,60,42,52,90" hai1="103,121,17,105,78,26,97,95,39,29,109,72,3" hai2="112,13,41,34,83,80,4,44,99,31,111,16,18" hai3="35,107,122,127,65,54,23,9,38,15,131,88,125"/><W19/><G122/><T51/><D116/><U63/><E109/><V20/><F112/><W129/><G38/><T12/><D73/><U82/><E121/><V56/><F111/><W104/><G35/><T7/><D113/><U134/><E134/><V62/><F4/><W110/><G110/><T28/><D128/><N who="3" m="49225" /><G65/><T64/><D42/><U135/><E135/><V70/><F70/><W120/><G120/><T74/><D74/><U124/><E39/><V6/><F6/><W86/><G54/><T94/><D12/><U46/><E3/><V123/><F123/><W133/><G23/><N who="0" m="15487" /><D7/><U69/><E17/><V81/><F34/><W55/><G55/><T49/><D64/><U79/><E79/><V21/><F31/><W48/><G48/><T22/><D22/><U132/><E132/><V115/><F115/><W53/><G53/><T36/><D36/><U10/><E46/><V68/><F68/><W32/><G32/><T57/><D57/><U130/><E130/><V30/><F30/><W61/><G61/><T66/><D66/><N who="1" m="41183" /><E10/><V75/><F41/><W45/><G45/><T2/><D2/><U114/><E114/><V58/><F44/><W5/><G5/><T8/><D8/><U11/><E11/><V77/><F58/><W14/><G133/><T108/><D108/><U24/><E29/><V71/><F71/><W118/><G118/><T67/><D67/><U89/><E24/><N who="2" m="14343" /><F56/><W37/><G37/><T50/><D60/><U87/><E26/><V126/><F62/><W91/><G9/><T92/><D92/><U85/><E72/><V98/><F126/><AGARI ba="1,0" hai="78,82,85,87,89,95,97,103,105,124,126" m="41183" machi="126" ten="30,2000,0" yaku="6,1,52,1" doraHai="96" who="1" fromWho="2" sc="107,0,117,23,445,-23,331,0" /><INIT seed="4,0,0,3,0,53" ten="107,140,422,331" oya="0" hai0="31,17,79,98,95,7,118,24,0,82,96,1,84" hai1="122,10,107,47,39,132,105,73,92,22,28,99,86" hai2="37,77,117,135,91,131,101,5,103,71,49,14,34" hai3="83,106,97,108,87,129,94,3,58,88,60,120,32"/><T36/><D118/><U23/><E122/><V19/><F37/><W104/><G108/><T85/><D36/><U41/><E73/><V56/><F71/><W76/><G120/><T90/><D17/><U111/><E111/><V100/><F34/><W133/><G133/><T44/><D44/><U102/><E132/><V35/><F35/><W52/><G129/><T9/><REACH who="0" step="1"/><D1/><REACH who="0" ten="97,140,422,331" step="2"/><U125/><E47/><V16/><F16/><W72/><G3/><T74/><D74/><U46/><E46/><V38/><F19/><W40/><G40/><T6/><D6/><U43/><E41/><V26/><F5/><W59/><G72/><T130/><D130/><U126/><E43/><V69/><F38/><W80/><G32/><AGARI ba="0,1" hai="0,7,9,24,31,32,79,82,84,85,90,95,96,98" machi="32" ten="30,2900,0" yaku="1,1,7,1,53,0" doraHai="53" doraHaiUra="18" who="0" fromWho="3" sc="97,39,140,0,422,0,331,-29" /><INIT seed="4,1,0,1,4,36" ten="136,140,422,302" oya="0" hai0="108,133,99,115,6,46,63,42,41,45,23,86,111" hai1="120,38,22,112,81,92,105,117,26,79,70,65,98" hai2="58,74,12,124,121,50,75,80,116,130,29,64,24" hai3="119,97,0,68,107,27,15,83,39,88,32,54,114"/><T101/><D115/><U57/><E117/><V134/><F121/><W84/><G0/><T20/><D6/><U106/><E120/><V126/><F116/><W37/><G119/><T47/><D86/><U89/><E70/><V17/><F130/><W13/><G114/><T69/><D133/><U93/><E112/><V7/><F7/><W82/><G68/><T62/><D69/><U3/><E3/><V71/><F71/><W28/><G83/><T16/><D63/><U87/><E38/><V51/><F64/><W30/><G30/><T35/><D62/><U131/><E131/><V95/><F95/><W90/><G13/><N who="0" m="9231" /><D35/><U132/><E132/><V19/><F75/><W109/><G109/><N who="0" m="42059" /><D23/><U76/><E76/><V21/><F74/><W122/><G122/><T59/><D59/><U102/><E57/><V48/><F21/><W100/><G15/><T31/><D31/><U78/><E78/><V5/><F58/><W11/><G11/><T67/><D67/><U34/><E65/><V25/><F5/><W118/><G118/><T60/><D60/><U125/><E34/><V40/><F29/><W77/><G77/><T104/><AGARI ba="1,0" hai="41,42,45,46,47,99,101,104" m="42059,9231" machi="104" ten="30,11700,0" yaku="10,1,52,2,54,1" doraHai="36" who="0" fromWho="0" sc="136,120,140,-40,422,-40,302,-40" /><INIT seed="4,2,0,3,5,24" ten="256,100,382,262" oya="0" hai0="5,125,119,109,29,71,14,78,133,58,118,60,52" hai1="94,74,15,131,45,41,34,106,26,13,122,40,31" hai2="85,79,101,66,123,10,70,11,68,98,103,67,21" hai3="64,49,88,80,120,75,61,99,28,22,107,108,25"/><T129/><D129/><U38/><E122/><V59/><F59/><W72/><G108/><T130/><D130/><U36/><E131/><V76/><F21/><W89/><G120/><T95/><D109/><U54/><E106/><V127/><F123/><W7/><G7/><T17/><D125/><U63/><E74/><V42/><F85/><W134/><G134/><T12/><D133/><U48/><E63/><V47/><F47/><W35/><G49/><T57/><D71/><U102/><E41/><V4/><F4/><W113/><G113/><T104/><D104/><U135/><E38/><V128/><F128/><W97/><G22/><T93/><D78/><U8/><E135/><V27/><F27/><W9/><G9/><T16/><D5/><U44/><REACH who="1" step="1"/><E8/><REACH who="1" ten="256,90,382,262" step="2"/><V96/><F42/><W46/><G75/><T132/><D132/><U55/><E55/><V23/><F127/><W6/><G72/><T3/><D52/><U84/><E84/><V43/><F43/><W69/><G61/><T115/><D60/><U32/><E32/><V92/><F23/><W110/><G35/><T116/><D116/><U65/><E65/><V90/><F67/><W112/><G64/><T50/><D50/><U86/><E86/><V117/><F66/><W19/><G110/><T91/><D115/><U73/><E73/><V51/><F51/><W126/><G112/><T100/><D119/><U124/><E124/><V20/><F20/><W53/><G126/><T0/><D118/><U30/><E30/><V77/><F117/><W105/><G28/><T1/><D29/><U121/><E121/><RYUUKYOKU ba="2,1" sc="256,-10,90,30,382,-10,262,-10" hai1="13,15,26,31,34,36,40,44,45,48,54,94,102" /><INIT seed="5,3,1,3,1,61" ten="246,120,372,252" oya="1" hai0="82,69,73,113,106,25,121,48,27,17,26,130,90" hai1="135,36,51,46,63,104,80,45,78,92,65,43,32" hai2="85,62,87,109,91,81,2,6,102,67,29,66,111" hai3="9,59,53,131,37,88,49,19,133,64,16,10,41"/><U40/><E104/><V93/><F29/><W75/><G75/><T123/><D106/><U129/><E32/><V22/><F102/><W95/><G133/><T100/><D100/><U119/><E119/><V7/><F22/><W108/><G108/><T39/><D39/><U117/><E117/><V30/><F30/><W20/><G131/><T125/><D69/><U118/><E118/><V21/><F21/><W127/><G127/><T98/><D125/><U44/><E129/><V42/><F42/><W105/><G105/><T107/><D107/><U89/><E135/><V13/><F2/><W115/><G115/><T114/><D130/><U97/><E46/><V31/><F31/><W5/><G5/><T3/><D3/><U12/><E12/><V83/><F93/><W70/><G19/><T50/><D17/><U103/><E103/><V84/><F84/><N who="3" m="52615" /><G41/><T126/><D126/><U56/><E80/><V54/><F13/><N who="3" m="9231" /><G37/><T110/><D110/><U0/><E0/><V60/><F91/><W128/><G128/><T14/><D14/><U76/><AGARI ba="3,1" hai="36,40,43,44,45,51,56,63,65,76,78,89,92,97" machi="76" ten="30,3000,0" yaku="0,1,52,1" doraHai="61" who="1" fromWho="1" sc="246,-13,120,49,372,-13,252,-13" /><INIT seed="5,4,0,3,2,128" ten="233,169,359,239" oya="1" hai0="104,80,134,2,91,35,133,29,52,60,108,56,58" hai1="7,66,40,107,85,77,12,19,38,90,123,78,99" hai2="4,24,55,92,23,126,98,121,119,131,62,105,0" hai3="30,47,73,9,41,86,127,37,8,106,129,34,43"/><U109/><E123/><V64/><F121/><W50/><G73/><T21/><D108/><U6/><E109/><V45/><F105/><W82/><G129/><T100/><D2/><U10/><E66/><V15/><F0/><W95/><G106/><T135/><D35/><U113/><E113/><V130/><F119/><W51/><G127/><T20/><BYE who="3" /><D29/><UN n3="%73%65%69%67%65%6E" /><U13/><E38/><V124/><F4/><W16/><G95/><T42/><D42/><U97/><E40/><V46/><F15/><W63/><G63/><N who="0" m="36231" /><D100/><U94/><E6/><V68/><F131/><W31/><G34/><T36/><D36/><U122/><E122/><V115/><F115/><W132/><G132/><T114/><D104/><U76/><REACH who="1" step="1"/><E107/><REACH who="1" ten="233,159,359,239" step="2"/><V84/><F64/><W14/><G37/><T59/><D114/><U5/><E5/><V33/><F130/><W101/><G43/><T39/><D39/><U69/><E69/><V87/><F68/><W17/><G17/><T70/><D70/><U79/><N who="1" m="19456" /><DORA hai="57" /><U83/><E83/><V71/><F71/><W61/><G16/><T112/><D112/><U110/><E110/><V117/><F126/><W28/><G41/><T111/><D111/><U32/><E32/><V27/><F33/><W26/><G30/><T54/><D59/><U53/><E53/><V11/><F55/><W22/><G31/><T65/><D65/><U102/><E102/><V74/><F124/><W125/><G101/><T120/><D120/><U18/><E18/><V72/><F72/><W3/><G125/><T81/><D81/><U89/><E89/><V1/><F74/><RYUUKYOKU ba="4,1" sc="233,15,159,15,359,-15,239,-15" hai0="20,21,54,58,60,80,91,133,134,135" hai1="7,10,12,13,19,85,90,94,97,99" /><INIT seed="5,5,1,0,4,67" ten="248,174,344,224" oya="1" hai0="6,60,18,84,76,57,10,83,107,63,34,74,106" hai1="16,45,4,121,96,8,129,61,3,58,104,5,38" hai2="13,130,127,111,22,31,73,72,68,44,91,78,64" hai3="42,52,93,99,80,39,86,81,0,79,95,98,126"/><U40/><E121/><V33/><F33/><W105/><G0/><T85/><D34/><U48/><E129/><V114/><F78/><W75/><G42/><T103/><D18/><U55/><E5/><V28/><F111/><W109/><G39/><T27/><D27/><U125/><E125/><V23/><F44/><W117/><G109/><T119/><D119/><U41/><E41/><V53/><F53/><W20/><G20/><T1/><D63/><U87/><E87/><V65/><F91/><W134/><G52/><T25/><D25/><U32/><E32/><V110/><F110/><W36/><G36/><T90/><D103/><U26/><E96/><V15/><F114/><W77/><G126/><T135/><D135/><U112/><E104/><V17/><F17/><W123/><G123/><T133/><D133/><U89/><E89/><V2/><F2/><W70/><G70/><T132/><D132/><U51/><REACH who="1" step="1"/><E112/><REACH who="1" ten="248,164,344,224" step="2"/><V7/><F7/><W50/><G134/><T122/><D122/><U11/><E11/><V69/><F127/><W100/><G117/><T37/><D85/><U101/><E101/><V30/><F130/><W62/><G62/><T46/><D84/><U21/><AGARI ba="5,2" hai="3,4,8,16,21,26,38,40,45,48,51,55,58,61" machi="21" ten="30,6000,0" yaku="1,1,0,1,54,1,53,0" doraHai="67" doraHaiUra="128" who="1" fromWho="1" sc="248,-25,164,95,344,-25,224,-25" /><INIT seed="5,6,0,2,2,116" ten="223,259,319,199" oya="1" hai0="39,109,98,48,99,76,58,95,115,125,104,43,42" hai1="33,31,90,66,107,61,88,16,23,84,126,70,96" hai2="103,77,10,14,9,25,29,122,79,112,40,134,64" hai3="52,63,17,118,37,55,75,28,129,106,2,68,74"/><U80/><E126/><V0/><F134/><W8/><G118/><T65/><D109/><U102/><E33/><V83/><F79/><W121/><G106/><T111/><D111/><U26/><REACH who="1" step="1"/><E31/><REACH who="1" ten="223,249,319,199" step="2"/><V72/><F29/><W35/><G28/><T91/><D125/><U59/><E59/><V62/><F112/><W36/><G35/><T110/><D115/><U120/><E120/><V117/><F122/><W46/><G121/><T97/><D110/><U34/><E34/><V3/><F117/><W123/><G123/><T21/><D58/><U132/><E132/><V86/><F0/><W108/><G108/><T60/><D104/><U24/><E24/><V32/><F25/><W4/><G2/><T15/><D15/><U135/><E135/><V100/><F32/><W101/><G68/><T67/><D67/><U81/><E81/><V54/><F3/><W113/><G113/><T20/><D65/><U56/><E56/><V127/><F14/><W7/><G46/><T128/><D95/><U19/><E19/><V12/><F64/><W49/><G63/><T94/><D94/><U114/><E114/><V38/><F12/><W105/><G105/><T130/><D60/><U119/><E119/><V57/><F127/><W27/><G27/><T1/><D1/><U133/><E133/><V131/><F62/><W85/><G4/><T45/><D45/><U30/><E30/><V41/><F57/><W71/><G17/><T92/><D92/><U124/><E124/><V5/><F5/><W51/><G7/><T11/><D130/><U22/><E22/><V18/><F131/><RYUUKYOKU ba="6,1" sc="223,-10,249,30,319,-10,199,-10" hai1="16,23,26,61,66,70,80,84,88,90,96,102,107" /><INIT seed="5,7,1,3,0,63" ten="213,279,309,189" oya="1" hai0="30,102,135,104,134,61,65,97,25,66,133,27,52" hai1="85,71,115,21,94,38,101,53,91,87,39,88,34" hai2="7,111,86,89,33,96,51,72,60,120,28,3,15" hai3="123,79,129,62,100,106,125,23,43,118,119,83,31"/><U45/><E34/><V131/><F72/><W42/><G123/><T26/><D30/><U74/><E74/><V57/><F3/><W10/><G129/><T112/><D112/><U37/><E115/><V82/><F120/><W127/><G106/><T40/><D40/><N who="3" m="15401" /><G100/><T113/><D113/><U13/><E71/><V69/><F111/><W20/><G10/><T121/><D121/><U90/><E101/><V67/><F96/><W84/><G62/><T0/><D0/><U117/><E117/><N who="3" m="44554" /><G31/><T122/><D122/><U75/><E75/><V17/><F28/><W124/><AGARI ba="7,1" hai="20,23,79,83,84,124,125,127" m="44554,15401" machi="124" ten="40,2700,0" yaku="18,1,12,1" doraHai="63" who="3" fromWho="3" sc="213,-14,279,-20,309,-14,189,58" /><INIT seed="6,0,0,5,1,6" ten="199,259,295,247" oya="2" hai0="47,79,64,95,43,89,85,38,66,98,80,102,60" hai1="100,135,83,36,101,13,45,108,55,41,35,5,74" hai2="17,25,112,19,133,23,63,99,77,8,12,91,107" hai3="3,115,129,59,14,51,11,119,20,22,103,52,34"/><V48/><F112/><W44/><G119/><T121/><D121/><U30/><E108/><V70/><F133/><W122/><G122/><T75/><REACH who="0" step="1"/><D60/><REACH who="0" ten="189,259,295,247" step="2"/><U53/><E135/><V82/><F63/><W10/><G115/><T111/><D111/><U90/><E100/><V128/><F128/><W76/><G129/><T18/><D18/><U126/><E101/><V125/><F19/><W49/><G103/><T4/><D4/><U87/><E5/><V7/><F17/><N who="3" m="10295" /><G3/><T72/><D72/><U130/><E74/><V58/><F7/><W2/><G2/><T15/><D15/><U97/><E13/><V114/><F12/><W68/><G34/><T84/><D84/><U92/><E130/><V24/><F114/><W120/><G120/><T118/><D118/><U37/><E35/><V86/><F86/><W29/><G68/><T57/><D57/><U71/><E71/><V33/><F58/><W134/><G134/><T113/><D113/><U88/><E87/><V132/><F132/><W1/><G1/><T26/><D26/><U46/><E30/><V32/><F25/><N who="3" m="16567" /><G76/><T110/><D110/><U42/><E83/><AGARI ba="0,1" hai="38,43,47,64,66,75,79,80,83,85,89,95,98,102" machi="83" ten="30,2000,0" yaku="1,1,7,1,53,0" doraHai="6" doraHaiUra="117" who="0" fromWho="1" sc="189,30,259,-20,295,0,247,0" /><INIT seed="7,0,0,3,5,33" ten="219,239,295,247" oya="3" hai0="8,26,56,101,21,0,20,100,61,94,38,102,46" hai1="18,132,17,123,86,7,43,58,119,37,16,127,25" hai2="11,80,70,53,48,122,39,36,77,72,71,51,75" hai3="47,135,106,109,133,63,115,52,9,124,104,81,103"/><W130/><G115/><T112/><D112/><U74/><E74/><V66/><F122/><W29/><G109/><T113/><D113/><U67/><E123/><V1/><F72/><W31/><G124/><T59/><D21/><U32/><E127/><V96/><F51/><W49/><G130/><T22/><D20/><U118/><E132/><N who="3" m="50762" /><G103/><T110/><D110/><U12/><E37/><V68/><F66/><W41/><G81/><T60/><D38/><U13/><E43/><V5/><REACH who="2" step="1"/><F96/><REACH who="2" ten="219,239,285,247" step="2"/><W76/><G76/><T64/><D46/><AGARI ba="0,1" hai="1,5,11,36,39,46,48,53,68,70,71,75,77,80" machi="46" ten="40,5200,0" yaku="1,1,2,1,52,1,53,0" doraHai="33" doraHaiUra="93" who="2" fromWho="0" sc="219,-52,239,0,285,62,247,0" owari="167,-33.3,239,-16.1,347,44.7,247,4.7" /></mjloggm>