<mjloggm ver="2.3"><GO type="169" lobby="0"/><UN n0="%41%52%44%45%4E" n1="%E3%81%B5%E3%82%8D%E3%82%93" n2="%E4%B8%83%E8%8D%89%E9%A6%99%E6%BE%84" n3="%E6%B2%B3%E7%AB%A5%E3%81%AE%E3%83%AF%E3%82%AB%E3%83%9E%E3%83%84" dan="16,17,16,17" rate="2080.11,2215.31,2180.37,2171.60" sx="F,M,F,M"/><TAIKYOKU oya="0"/><INIT seed="0,0,0,3,1,43" ten="250,250,250,250" oya="0" hai0="26,105,0,117,20,115,109,118,135,40,121,36,30" hai1="5,104,124,128,126,3,29,112,110,56,81,52,66" hai2="107,2,103,95,34,39,70,134,120,16,92,48,22" hai3="4,86,85,91,77,100,37,62,24,46,54,61,122"/><T68/><RYUUKYOKU type="yao9" ba="0,0" sc="250,0,250,0,250,0,250,0" hai0="0,20,26,30,36,40,68,105,109,115,117,118,121,135" /><INIT seed="0,1,0,1,3,59" ten="250,250,250,250" oya="0" hai0="71,129,128,15,96,84,94,33,88,65,64,16,42" hai1="13,86,3,131,4,20,30,56,26,120,0,133,69" hai2="113,40,108,28,53,106,9,82,1,32,74,66,80" hai3="22,38,37,75,116,6,95,110,124,89,117,41,73"/><T109/><D33/><U87/><E69/><V49/><F113/><W51/><G6/><T21/><D109/><U91/><E120/><V19/><F108/><W55/><G110/><T93/><D42/><U125/><E131/><N who="0" m="50249" /><D71/><U81/><E133/><V2/><F106/><W130/><G130/><T14/><D14/><U10/><E125/><V107/><F107/><W114/><G114/><T61/><D61/><U123/><E123/><V119/><F40/><W99/><G124/><T36/><D36/><U48/><E48/><V77/><F119/><W135/><G135/><T90/><AGARI ba="1,0" hai="15,16,21,64,65,84,88,90,93,94,96" m="50249" machi="90" ten="30,6000,0" yaku="19,1,54,2" doraHai="59" who="0" fromWho="0" sc="250,63,250,-21,250,-21,250,-21" /><INIT seed="0,2,0,0,1,79" ten="313,229,229,229" oya="0" hai0="85,53,27,71,52,19,120,78,67,55,123,8,103" hai1="110,75,70,64,86,90,34,42,0,99,9,30,60" hai2="77,49,17,102,84,38,39,56,129,131,1,95,32" hai3="25,23,7,15,69,112,133,76,63,88,46,74,5"/><T44/><D103/><U54/><E75/><V107/><F32/><W48/><G112/><T101/><D101/><U14/><E110/><V51/><F1/><W2/><G2/><T72/><D72/><U89/><E42/><V20/><F107/><W43/><G133/><T104/><D104/><U35/><E0/><V45/><F56/><W135/><G135/><T111/><D111/><U12/><E30/><V96/><F39/><W18/><G69/><T58/><D71/><U83/><E14/><V126/><F38/><W128/><G128/><N who="2" m="49225" /><F126/><W65/><G63/><N who="0" m="38391" /><D120/><U127/><E54/><V80/><F45/><W106/><G106/><T4/><D123/><U92/><REACH who="1" step="1"/><E127/><REACH who="1" ten="313,219,229,229" step="2"/><V3/><F3/><W124/><G124/><T40/><D40/><U114/><E114/><V98/><F98/><W6/><G65/><T115/><D115/><U94/><E94/><V132/><F132/><W66/><G66/><T24/><D44/><U57/><E57/><V50/><F95/><W68/><G68/><T81/><D4/><AGARI ba="2,1" hai="4,9,12,34,35,60,64,70,83,86,89,90,92,99" machi="4" ten="30,3900,0" yaku="1,1,7,1,52,1,53,0" doraHai="79" doraHaiUra="41" who="1" fromWho="0" sc="313,-45,219,55,229,0,229,0" /><INIT seed="1,0,0,2,2,2" ten="268,274,229,229" oya="1" hai0="19,57,116,89,20,127,99,21,62,54,112,121,42" hai1="73,5,128,45,94,55,74,24,70,130,71,41,108" hai2="109,85,59,6,131,1,129,51,4,119,56,13,46" hai3="0,72,49,98,122,133,53,34,68,69,96,37,92"/><U9/><E55/><V105/><F119/><W87/><G122/><T135/><D116/><U15/><E94/><V110/><F1/><W125/><G72/><N who="1" m="27754" /><E24/><V79/><F105/><W114/><G0/><T64/><D112/><U80/><E80/><N who="2" m="47263" /><F13/><W29/><G114/><T124/><D135/><U43/><E43/><N who="2" m="25055" /><F59/><W93/><G133/><T107/><D121/><U63/><E63/><V11/><F56/><W117/><G53/><T44/><D107/><U47/><E47/><V82/><F82/><W30/><G49/><N who="0" m="26775" /><D64/><U76/><E76/><V126/><F126/><N who="0" m="48170" /><D19/><U78/><E78/><V50/><F50/><W84/><G125/><T75/><D75/><U39/><E108/><N who="2" m="41579" /><F11/><W102/><G117/><T7/><D89/><U113/><E113/><V8/><F8/><W33/><G102/><T25/><D25/><U36/><E36/><AGARI ba="0,0" hai="29,30,33,34,36,37,68,69,84,87,92,93,96,98" machi="36" ten="25,1600,0" yaku="22,2" doraHai="2" who="3" fromWho="1" sc="268,0,274,-16,229,0,229,16" /><INIT seed="2,0,0,1,2,51" ten="268,258,229,245" oya="2" hai0="95,85,129,111,64,45,73,24,56,87,104,30,2" hai1="82,130,105,84,78,1,32,13,15,116,4,34,126" hai2="102,5,49,39,117,17,132,112,134,48,35,98,0" hai3="127,8,88,124,80,81,118,86,133,109,107,99,50"/><V93/><F112/><W92/><G8/><T33/><D111/><U119/><E105/><V115/><F115/><W60/><G60/><T65/><D129/><U42/><E130/><V128/><F128/><W54/><G118/><T131/><D104/><U94/><E126/><N who="3" m="48170" /><G109/><T110/><D73/><U76/><E94/><V89/><F117/><W38/><G38/><T97/><D110/><U74/><E84/><V61/><F39/><W31/><G31/><T113/><D2/><U68/><E82/><V62/><F35/><W96/><G133/><N who="2" m="51305" /><F17/><W11/><G11/><T100/><D113/><U20/><E20/><V7/><F102/><N who="3" m="62919" /><G99/><T58/><D131/><U23/><E23/><V55/><F48/><W28/><G28/><T103/><D103/><U18/><E18/><V41/><F41/><W27/><G27/><T123/><D123/><U106/><E42/><V40/><F40/><W70/><G70/><T21/><D33/><U122/><E68/><V47/><F0/><W108/><G108/><T101/><D101/><U22/><E1/><V3/><F3/><W75/><G75/><T26/><D26/><U90/><E74/><V72/><F72/><W53/><G50/><T36/><D36/><U52/><E34/><V59/><F47/><W63/><G63/><AGARI ba="0,0" hai="5,7,49,55,59,61,62,63,89,93,98" m="51305" machi="63" ten="30,2900,0" yaku="20,1,52,1" doraHai="51" who="2" fromWho="3" sc="268,0,258,0,229,29,245,-29" /><INIT seed="2,1,0,3,0,114" ten="268,258,258,216" oya="2" hai0="129,89,92,69,56,60,33,87,24,82,44,100,51" hai1="21,15,112,97,133,62,125,110,132,81,68,115,124" hai2="116,98,122,14,16,77,130,47,12,111,22,4,41" hai3="57,93,11,85,95,71,31,13,76,128,30,80,1"/><V84/><F122/><W67/><G71/><T10/><D129/><U127/><E81/><N who="2" m="47151" /><F130/><W86/><G1/><T134/><D134/><N who="1" m="51819" /><E97/><V120/><F120/><W64/><G128/><T2/><D69/><U35/><E15/><V119/><F98/><W26/><G57/><T19/><D100/><U66/><E21/><V126/><F126/><W27/><G13/><T104/><D104/><U55/><E35/><V108/><F4/><W103/><G103/><T40/><D33/><U37/><E110/><N who="2" m="42027" /><F12/><W0/><G0/><T32/><D2/><U63/><E37/><AGARI ba="1,0" hai="14,16,22,37,41,47,116,119" m="42027,47151" machi="37" ten="30,12000,1" yaku="14,1,10,1,52,2,54,1" doraHai="114" who="2" fromWho="1" sc="268,0,258,-123,258,123,216,0" /><INIT seed="2,2,0,0,2,41" ten="268,135,381,216" oya="2" hai0="34,103,95,31,83,22,128,46,89,106,114,107,94" hai1="67,0,16,29,28,104,115,56,55,38,101,52,73" hai2="23,60,9,132,3,15,125,21,110,4,58,133,42" hai3="97,54,82,62,19,49,87,66,14,69,50,99,53"/><V119/><F119/><W51/><G97/><T24/><D114/><U81/><E115/><V1/><F125/><W57/><G99/><T2/><D128/><U72/><E0/><N who="2" m="75" /><F42/><W127/><G127/><T48/><D2/><U130/><E38/><V44/><F110/><W78/><REACH who="3" step="1"/><G69/><REACH who="3" ten="268,135,381,206" step="2"/><T37/><D103/><U47/><E101/><V32/><F133/><W129/><G129/><T33/><D106/><U11/><E104/><V35/><F132/><W64/><G64/><T123/><D107/><U7/><E67/><V108/><F108/><W17/><G17/><T39/><D123/><U74/><E130/><V18/><F18/><W68/><G68/><T118/><D118/><U88/><E16/><V71/><F71/><W20/><AGARI ba="2,1" hai="14,19,20,49,50,51,53,54,57,62,66,78,82,87" machi="20" ten="30,4000,0" yaku="1,1,0,1,8,1,53,0" doraHai="41" doraHaiUra="6" who="3" fromWho="3" sc="268,-12,135,-12,381,-22,206,56" /><INIT seed="3,0,0,5,2,129" ten="256,123,359,262" oya="3" hai0="49,135,102,88,54,115,80,31,120,34,60,39,22" hai1="114,79,1,130,101,91,72,93,44,89,24,121,5" hai2="104,7,23,67,119,96,76,65,2,124,128,37,123" hai3="105,25,103,113,69,85,73,100,43,46,61,133,42"/><W68/><G113/><T112/><D120/><U33/><E114/><N who="0" m="43561" /><D39/><U40/><E121/><V82/><F123/><W12/><G73/><T126/><D126/><U45/><E130/><V53/><F128/><W107/><G12/><T35/><D102/><U97/><E33/><V86/><F119/><W87/><G25/><N who="0" m="16823" /><D60/><U50/><E24/><V21/><F37/><W18/><G61/><T30/><D30/><U132/><E132/><V17/><F124/><W14/><G14/><T9/><D9/><U0/><E0/><V29/><F29/><W64/><G18/><T41/><D41/><U74/><E5/><V84/><F53/><W6/><G6/><T99/><D135/><U111/><E1/><V10/><F67/><W38/><G38/><T11/><D11/><U15/><E15/><V95/><F65/><W94/><G64/><T59/><D80/><U4/><E4/><V127/><F127/><W36/><G36/><T56/><D59/><U83/><E111/><V55/><F17/><W62/><G62/><T122/><D122/><U13/><E13/><V51/><F104/><W78/><G46/><T47/><D47/><U19/><E19/><V27/><F27/><W52/><G52/><T63/><D63/><U66/><E66/><V117/><F55/><W109/><G133/><T98/><D98/><U110/><E110/><V32/><F96/><W81/><G109/><T20/><D20/><N who="2" m="7754" /><F32/><W8/><G8/><T131/><D131/><U92/><E45/><V57/><F57/><W58/><G58/><T71/><D71/><N who="3" m="27209" /><G42/><T90/><D99/><N who="1" m="57759" /><E101/><N who="3" m="38986" /><G43/><T70/><D70/><RYUUKYOKU ba="0,0" sc="256,10,123,10,359,-30,262,10" hai0="34,35,49,54,56,88,90" hai1="40,44,50,72,74,79,83,89,93,97" hai3="78,81,85,87,94,105,107" /><INIT seed="3,1,0,5,5,44" ten="266,133,329,272" oya="3" hai0="94,115,86,106,0,68,15,104,134,93,126,16,81" hai1="4,116,14,64,112,21,19,3,17,77,9,1,69" hai2="95,41,80,55,82,8,73,6,84,56,111,36,99" hai3="96,42,52,105,28,133,110,40,26,124,45,13,2"/><W117/><G117/><T85/><D68/><U51/><E112/><V39/><F111/><W108/><G2/><T88/><D0/><U72/><E116/><V54/><F73/><W70/><G70/><T23/><D115/><U37/><E64/><V75/><F75/><W127/><G133/><T5/><D134/><U125/><E69/><V135/><F135/><W98/><G13/><T22/><D126/><N who="3" m="48169" /><G105/><T25/><D5/><U114/><E114/><V89/><F41/><W97/><G52/><T102/><D102/><U109/><E125/><V11/><F55/><W65/><G65/><T131/><D131/><U120/><E3/><V12/><F8/><W48/><G42/><T35/><D35/><AGARI ba="1,0" hai="26,28,35,40,45,48,96,97,98,108,110" m="48169" machi="35" ten="40,3900,0" yaku="18,1,52,1" doraHai="44" who="3" fromWho="0" sc="266,-42,133,0,329,0,272,42" /><INIT seed="3,2,0,1,0,83" ten="224,133,329,314" oya="3" hai0="97,118,113,47,90,123,43,124,5,131,49,87,15" hai1="39,99,85,71,67,107,132,57,61,8,84,56,74" hai2="52,37,86,26,51,109,78,66,24,54,53,112,44" hai3="77,38,88,48,50,119,81,133,4,31,23,117,95"/><W17/><G38/><T28/><D118/><U16/><E74/><V75/><F112/><W72/><G4/><T13/><D123/><U46/><E132/><V125/><F75/><W55/><G31/><T20/><D113/><U63/><E107/><V135/><F37/><W33/><G33/><T93/><D124/><U41/><E99/><V58/><F125/><W98/><G50/><T103/><D131/><U105/><E105/><V19/><F109/><W104/><G104/><T36/><D5/><U108/><E108/><V100/><F135/><W91/><G91/><T21/><D36/><U32/><E32/><V27/><F100/><W110/><G133/><T11/><D11/><U64/><E71/><V120/><F120/><W25/><REACH who="3" step="1"/><G110/><REACH who="3" ten="224,133,329,304" step="2"/><T92/><D28/><U29/><REACH who="1" step="1"/><E29/><REACH who="1" ten="224,123,329,304" step="2"/><V134/><F134/><W9/><G9/><T129/><D129/><U18/><E18/><V114/><F19/><W22/><G22/><AGARI ba="2,2" hai="13,15,20,21,22,43,47,49,87,90,92,93,97,103" machi="22" ten="40,2600,0" yaku="8,1,52,1" doraHai="83" who="0" fromWho="3" sc="224,52,123,0,329,0,304,-32" /><INIT seed="4,0,0,5,0,22" ten="276,123,329,272" oya="0" hai0="36,135,19,66,2,61,3,0,27,24,55,129,115" hai1="109,114,126,85,71,108,118,26,43,35,123,1,14" hai2="101,60,75,76,50,121,57,9,116,62,90,17,88" hai3="38,122,25,82,110,47,11,52,130,128,54,117,42"/><T37/><D129/><N who="3" m="49769" /><G110/><N who="1" m="42602" /><E85/><V91/><F121/><W67/><G117/><T53/><D135/><U120/><E43/><V4/><F116/><W56/><G122/><N who="1" m="46634" /><E71/><V44/><F101/><W95/><G11/><T65/><D115/><U64/><E64/><N who="0" m="24681" /><D19/><U105/><E105/><V48/><F17/><W78/><G95/><T10/><D10/><U12/><E118/><V13/><F57/><W100/><G100/><T92/><D61/><U106/><E106/><V39/><F39/><N who="0" m="14922" /><D92/><U98/><E98/><V86/><F75/><N who="3" m="43359" /><G67/><T113/><D113/><U15/><E114/><V132/><F132/><W133/><G133/><T89/><D89/><U16/><E1/><V51/><REACH who="2" step="1"/><F44/><REACH who="2" ten="276,123,319,272" step="2"/><W134/><G134/><T74/><D74/><U20/><E126/><V7/><F7/><W84/><G56/><T49/><D49/><U21/><E35/><V77/><F77/><W59/><G59/><T124/><D124/><U6/><E6/><V112/><F112/><W30/><G38/><T31/><D31/><AGARI ba="0,1" hai="12,14,15,16,20,21,26,31" m="46634,42602" machi="31" ten="30,7700,0" yaku="34,2,52,1,54,1" doraHai="22" who="1" fromWho="0" sc="276,-77,123,87,319,0,272,0" /><INIT seed="5,0,0,4,4,99" ten="199,210,319,272" oya="1" hai0="96,109,106,57,75,32,95,31,22,43,9,51,66" hai1="12,48,4,131,107,104,7,114,42,93,79,61,19" hai2="130,67,59,91,105,119,84,44,128,87,74,21,127" hai3="56,34,52,71,13,115,118,108,100,97,124,46,45"/><U30/><E114/><V55/><F119/><W37/><G108/><T20/><D106/><U103/><E131/><N who="2" m="50219" /><F74/><W5/><G34/><T101/><D109/><U53/><E30/><V50/><F127/><W41/><G71/><T18/><D75/><U47/><E79/><V26/><F105/><W15/><G124/><T110/><D110/><U132/><E132/><V73/><F73/><W76/><G76/><T121/><D32/><U81/><E81/><V135/><F135/><W14/><G46/><N who="0" m="26079" /><D121/><U35/><E35/><V25/><F91/><W2/><G118/><T11/><D20/><U72/><E72/><V98/><F98/><W38/><G37/><T123/><D123/><U40/><E104/><V54/><F67/><W86/><G86/><N who="2" m="32809" /><F21/><W117/><G117/><T78/><D78/><U1/><E107/><V112/><F112/><W39/><G38/><T63/><D31/><U89/><E1/><V94/><F94/><W70/><G70/><T36/><D36/><U58/><E40/><V83/><F83/><W17/><G115/><T49/><D49/><AGARI ba="0,0" hai="25,26,44,49,50,54,55,59" m="32809,50219" machi="49" ten="30,1000,0" yaku="19,1" doraHai="99" who="2" fromWho="0" sc="199,-10,210,0,319,10,272,0" /><INIT seed="6,0,0,4,2,3" ten="189,210,329,272" oya="2" hai0="50,129,72,102,108,128,75,81,98,22,74,107,10" hai1="100,126,71,133,33,51,115,54,27,104,103,55,19" hai2="101,90,5,58,1,46,25,87,127,117,32,57,122" hai3="89,76,61,56,93,85,106,45,132,9,70,53,40"/><V48/><F122/><W113/><G132/><T130/><D108/><U125/><E71/><V63/><F117/><W34/><G34/><T18/><D10/><U6/><E133/><V21/><F32/><W99/><G113/><T109/><D109/><U37/><E37/><V111/><F111/><W73/><G73/><T114/><D50/><U44/><E115/><V65/><F127/><N who="1" m="48649" /><E104/><V119/><F119/><W86/><G106/><T97/><D114/><U28/><E19/><V47/><F101/><N who="1" m="38985" /><E6/><V30/><F1/><W42/><G76/><T77/><REACH who="0" step="1"/><D98/><REACH who="0" ten="179,210,329,272" step="2"/><U23/><E33/><V120/><F120/><W36/><G9/><T31/><D31/><U68/><E68/><V11/><F11/><W16/><G70/><T88/><D88/><U60/><E60/><V92/><F5/><W8/><G8/><T17/><D17/><U95/><E95/><V91/><F90/><W43/><G16/><T80/><D80/><U110/><E110/><V79/><F79/><W67/><G36/><T13/><AGARI ba="0,1" hai="13,18,22,72,74,75,77,81,97,102,107,128,129,130" machi="13" ten="30,7900,0" yaku="1,1,0,1,19,1,53,1" doraHai="3" doraHaiUra="14" who="0" fromWho="0" sc="179,89,210,-20,329,-39,272,-20" /><INIT seed="7,0,0,5,4,5" ten="268,190,290,252" oya="3" hai0="64,11,130,118,49,65,42,57,56,104,62,18,109" hai1="84,23,36,117,132,97,112,29,26,90,128,80,53" hai2="41,59,32,89,51,81,120,61,123,19,95,52,37" hai3="103,127,75,39,134,73,87,20,88,83,129,78,85"/><W15/><G39/><T7/><D104/><U122/><E122/><N who="2" m="46635" /><F32/><W67/><G129/><T17/><D109/><U33/><E36/><V77/><F37/><W30/><G134/><T45/><D118/><U27/><E128/><V119/><F119/><W35/><G127/><T115/><D115/><U16/><E117/><V100/><F100/><W24/><G103/><T105/><D105/><U98/><E132/><V76/><F19/><W43/><G43/><T54/><D130/><U1/><E112/><V71/><F81/><W74/><G67/><T0/><REACH who="0" step="1"/><D65/><REACH who="0" ten="258,190,290,252" step="2"/><U116/><E116/><V8/><F8/><W125/><G125/><T135/><D135/><U63/><REACH who="1" step="1"/><E1/><REACH who="1" ten="258,180,290,252" step="2"/><V111/><F111/><W114/><G114/><T99/><D99/><U79/><E79/><V46/><F71/><W121/><G121/><T44/><D44/><U110/><E110/><V124/><F124/><W66/><G78/><T94/><D94/><U21/><E21/><V133/><F133/><W40/><G20/><T93/><D93/><U34/><E34/><V47/><F46/><W25/><G35/><T92/><D92/><U22/><E22/><V82/><F82/><W28/><G83/><T101/><D101/><U13/><E13/><V38/><F38/><AGARI ba="0,2" hai="0,7,11,17,18,38,42,45,49,54,56,57,62,64" machi="38" ten="30,3900,0" yaku="1,1,7,1,52,1,53,0" doraHai="5" doraHaiUra="91" who="0" fromWho="2" sc="258,59,180,0,290,-39,252,0" owari="317,41.7,180,-32.0,251,-14.9,252,5.2" /></mjloggm>