<mjloggm ver="2.3"><GO type="169" lobby="0"/><UN n0="%E2%97%8E%E3%82%88%E3%81%97%E2%97%8E" n1="%E3%81%A1%E3%82%83%E3%82%93%E3%81%AE%E3%81%B6" n2="%E8%B5%A4%E7%BE%8E%E6%BF%83%E3%81%BE%E3%81%90%E3%82%8D" n3="%E9%B7%BA%E5%AE%AE%E6%85%A7%E5%A4%AA" dan="17,17,17,16" rate="2176.58,2120.22,2211.64,2121.00" sx="M,M,M,M"/><TAIKYOKU oya="0"/><INIT seed="0,0,0,0,1,62" ten="250,250,250,250" oya="0" hai0="23,28,101,111,34,71,0,133,17,75,2,124,42" hai1="78,40,83,126,55,102,91,24,94,35,14,20,105" hai2="104,22,16,129,61,6,50,4,21,65,100,26,27" hai3="51,12,47,99,1,134,115,88,54,37,123,127,103"/><T29/><D75/><U132/><E132/><V81/><F129/><W69/><G115/><T10/><D42/><U121/><E121/><V49/><F104/><W11/><G69/><T43/><D43/><U31/><E126/><V9/><F100/><W13/><G134/><T58/><D71/><U19/><E40/><V60/><F81/><W116/><G116/><T125/><D58/><U87/><E55/><V77/><F77/><W120/><G37/><T30/><D101/><U107/><REACH who="1" step="1"/><E102/><REACH who="1" ten="250,240,250,250" step="2"/><V70/><F60/><W36/><G127/><N who="0" m="48715" /><D133/><U128/><E128/><V8/><F6/><W82/><G120/><T86/><D111/><U32/><E32/><V67/><F67/><W130/><G123/><T63/><D34/><U15/><E15/><V66/><F66/><W48/><G130/><T85/><D63/><U56/><E56/><V38/><F38/><W68/><G68/><T93/><D0/><U33/><E33/><V44/><F4/><W39/><G1/><T92/><D2/><U18/><E18/><V109/><F109/><W64/><G64/><T108/><D108/><U131/><E131/><V118/><F118/><W96/><G39/><T113/><D113/><U80/><E80/><V84/><F50/><N who="3" m="29023" /><G36/><T7/><D7/><U89/><E89/><V52/><F84/><AGARI ba="0,1" hai="14,19,20,24,31,35,78,83,84,87,91,94,105,107" machi="84" ten="30,2000,0" yaku="1,1,7,1,53,0" doraHai="62" doraHaiUra="97" who="1" fromWho="2" sc="250,0,240,30,250,-20,250,0" /><INIT seed="1,0,0,3,2,78" ten="250,270,230,250" oya="1" hai0="31,69,71,84,123,14,131,45,130,9,86,25,125" hai1="30,52,82,49,93,110,46,135,37,77,40,102,90" hai2="8,89,34,127,74,105,79,101,113,117,99,120,42" hai3="4,48,133,19,21,108,58,98,1,26,54,41,27"/><U7/><E135/><V39/><F34/><W94/><G108/><T18/><D125/><U95/><E110/><V55/><F117/><W29/><G133/><T2/><D2/><U88/><E7/><V132/><F132/><W129/><G129/><N who="0" m="49163" /><D45/><U57/><E30/><V12/><F113/><W5/><G1/><T56/><D56/><U118/><E118/><V3/><F120/><W68/><G68/><N who="0" m="26187" /><D123/><U32/><E32/><AGARI ba="0,0" hai="9,14,18,25,31,32,84,86" m="26187,49163" machi="32" ten="30,1000,0" yaku="19,1" doraHai="78" who="0" fromWho="1" sc="250,10,270,-10,230,0,250,0" /><INIT seed="2,0,0,5,2,41" ten="260,260,230,250" oya="2" hai0="28,2,110,47,11,72,118,127,77,51,79,50,124" hai1="75,129,113,55,98,38,57,8,108,130,128,82,114" hai2="87,90,64,112,56,42,3,95,80,21,74,14,122" hai3="54,15,115,107,34,100,116,60,36,32,22,92,46"/><V125/><F122/><W0/><G116/><T43/><D118/><U49/><E8/><V121/><F121/><W24/><G0/><T30/><D110/><U48/><E108/><V103/><F3/><W105/><G115/><T59/><D59/><U37/><E98/><V93/><F112/><N who="1" m="43113" /><E82/><V61/><F125/><N who="0" m="48202" /><D51/><N who="1" m="19531" /><E75/><V68/><F42/><W4/><G36/><N who="1" m="13930" /><E57/><V70/><F74/><W84/><G105/><T85/><D72/><U134/><E55/><V13/><F70/><W119/><G107/><T27/><D85/><U35/><E35/><V45/><F68/><W73/><G73/><T120/><D120/><U53/><E53/><V6/><F103/><W88/><G100/><T1/><D28/><U40/><E40/><V12/><F6/><W16/><G119/><T78/><D11/><U63/><E63/><V117/><F117/><W86/><G86/><T99/><D99/><U19/><E19/><V111/><F111/><W69/><G69/><T97/><D97/><U96/><E96/><V20/><F80/><W94/><G60/><T9/><D9/><U25/><E25/><V131/><F95/><W126/><G126/><T133/><D2/><U18/><E18/><V91/><F93/><W81/><G34/><N who="0" m="20831" /><D1/><U5/><E5/><V123/><F87/><W52/><G32/><T135/><AGARI ba="0,0" hai="43,47,50,77,78,79,133,135" m="20831,48202" machi="135" ten="40,2700,0" yaku="18,1,52,1" doraHai="41" who="0" fromWho="0" sc="260,27,260,-7,230,-13,250,-7" /><INIT seed="3,0,0,0,3,83" ten="287,253,217,243" oya="3" hai0="30,16,33,57,117,47,68,98,124,118,125,44,129" hai1="76,110,67,106,18,74,7,35,4,81,121,126,8" hai2="50,62,116,65,61,66,41,128,91,9,112,96,77" hai3="85,135,64,86,51,71,107,36,88,63,101,0,102"/><W72/><G36/><T43/><D68/><U53/><E121/><V130/><F116/><N who="0" m="44650" /><D30/><U113/><E113/><V32/><F32/><W23/><G72/><T2/><D33/><U104/><E110/><V55/><F77/><W52/><G0/><T95/><D2/><U109/><E109/><V49/><F9/><W27/><G135/><T39/><D44/><U60/><E35/><V79/><F79/><W10/><G10/><T73/><D73/><U97/><E126/><N who="0" m="48745" /><D57/><U108/><E108/><V42/><F91/><W58/><G58/><T19/><D129/><N who="2" m="49770" /><F96/><W70/><G70/><T29/><D29/><U94/><E104/><V103/><F103/><AGARI ba="0,0" hai="16,19,39,43,47,95,98,103" m="48745,44650" machi="103" ten="30,2000,0" yaku="18,1,54,1" doraHai="83" who="0" fromWho="2" sc="287,20,253,0,217,-20,243,0" /><INIT seed="4,0,0,1,3,73" ten="307,253,197,243" oya="0" hai0="7,34,8,51,118,39,16,46,85,58,23,59,88" hai1="94,45,76,29,65,11,9,14,21,60,106,108,113" hai2="72,105,98,129,13,52,112,119,132,110,84,115,91" hai3="10,82,133,107,19,56,47,53,31,5,80,40,20"/><T125/><D118/><U120/><E108/><V35/><F35/><W83/><G107/><T22/><D34/><U70/><E120/><V81/><F110/><W86/><G133/><T24/><D23/><U131/><E106/><V92/><F13/><N who="3" m="5327" /><G31/><T126/><D39/><U12/><E131/><V75/><F119/><W44/><G40/><N who="0" m="25031" /><D8/><U33/><E33/><V103/><F132/><W67/><G67/><T130/><D7/><U42/><E94/><V0/><F0/><W41/><G41/><T109/><D130/><U90/><E90/><V64/><F64/><W3/><G3/><T69/><D69/><U77/><E113/><N who="2" m="43595" /><F129/><W38/><G38/><T36/><D36/><U30/><E21/><V87/><F52/><W111/><G111/><T117/><D117/><U93/><E93/><V48/><F48/><N who="3" m="30759" /><G86/><T89/><D85/><U96/><E96/><V66/><F66/><W114/><G114/><T102/><D109/><U37/><E30/><V121/><F121/><W63/><G63/><T26/><D26/><AGARI ba="0,0" hai="19,20,26,44,47,80,82,83" m="30759,5327" machi="26" ten="30,1000,0" yaku="8,1" doraHai="73" who="3" fromWho="0" sc="307,-10,253,0,197,0,243,10" /><INIT seed="5,0,0,4,3,38" ten="297,253,197,253" oya="1" hai0="83,69,97,0,115,2,33,42,130,61,98,73,51" hai1="91,112,96,100,105,5,110,89,113,66,85,121,114" hai2="129,52,49,55,60,32,81,31,29,111,86,71,53" hai3="46,90,35,54,134,20,64,116,57,133,82,65,10"/><U12/><E66/><V24/><F111/><W101/><G35/><T102/><D33/><U120/><E5/><V56/><F129/><W19/><G10/><T92/><D115/><U78/><E12/><V21/><F71/><W36/><G101/><T41/><D51/><U9/><E9/><V123/><F123/><N who="1" m="47177" /><E110/><V39/><F39/><W63/><G116/><T67/><D130/><U128/><E128/><V15/><F49/><W45/><G82/><AGARI ba="0,0" hai="78,82,85,89,91,96,100,105,112,113,114" m="47177" machi="82" ten="40,7700,0" yaku="15,1,34,2" doraHai="38" who="1" fromWho="3" sc="297,0,253,77,197,0,253,-77" /><INIT seed="5,1,0,5,5,18" ten="297,330,197,176" oya="1" hai0="61,111,37,72,53,42,99,58,49,75,106,31,85" hai1="46,26,51,74,5,38,73,2,29,21,83,67,48" hai2="7,123,80,116,101,33,81,133,62,0,92,6,41" hai3="78,109,115,52,47,12,23,36,107,69,93,120,122"/><U32/><E67/><V22/><F33/><W110/><G69/><T1/><D1/><U89/><E32/><V13/><F0/><W66/><G107/><T17/><D31/><U131/><E131/><V97/><F116/><W63/><G78/><T100/><D111/><N who="3" m="42505" /><G93/><T129/><D129/><U76/><E73/><V117/><F117/><W54/><G23/><T130/><D130/><U126/><E89/><V105/><F123/><N who="3" m="47147" /><G12/><T103/><D103/><U104/><E126/><V121/><F121/><W14/><G14/><T8/><D85/><U82/><E82/><N who="2" m="31851" /><F105/><W59/><G115/><T28/><D28/><U112/><E104/><V86/><F133/><W50/><G36/><T114/><D114/><U60/><E112/><V30/><F86/><W71/><G71/><T79/><D37/><U98/><E98/><V70/><F70/><W88/><G88/><T11/><D79/><U4/><E2/><V77/><F77/><W84/><G84/><T96/><D96/><U19/><E29/><V44/><F13/><W45/><G45/><T91/><D75/><U68/><E38/><V9/><F9/><W40/><AGARI ba="1,0" hai="40,47,50,52,54,59,63,66" m="47147,42505" machi="40" ten="30,4000,0" yaku="34,2,54,1" doraHai="18" who="3" fromWho="3" sc="297,-11,330,-21,197,-11,176,43" /><INIT seed="6,0,0,1,5,126" ten="286,309,186,219" oya="2" hai0="50,41,10,88,17,70,85,101,67,25,42,114,1" hai1="8,127,14,121,51,56,49,84,62,33,32,43,99" hai2="30,103,128,53,80,124,23,46,112,111,123,47,24" hai3="6,110,132,16,73,113,19,35,96,39,58,130,29"/><V20/><F111/><W100/><G110/><T4/><D114/><U27/><E127/><V78/><F123/><W77/><G39/><T21/><D101/><U94/><E121/><V66/><F124/><W125/><G125/><T11/><D67/><U102/><E27/><V82/><F112/><W65/><G113/><T92/><D70/><U9/><E9/><V18/><F128/><W44/><G6/><T64/><D64/><U0/><E0/><V5/><F66/><W95/><G132/><T97/><D50/><U22/><E22/><V115/><F115/><W13/><G130/><T120/><D120/><U109/><E109/><V48/><F5/><W31/><G35/><T74/><D74/><U105/><E43/><V68/><F68/><W119/><G119/><T117/><D117/><U28/><E28/><V40/><F103/><W3/><G3/><T2/><D97/><U72/><E72/><V79/><F79/><W63/><G19/><T93/><D92/><U129/><E33/><V26/><REACH who="2" step="1"/><F78/><REACH who="2" ten="286,309,176,219" step="2"/><W60/><G77/><T37/><D37/><AGARI ba="0,1" hai="18,20,23,24,26,30,37,40,46,47,48,53,80,82" machi="37" ten="30,5800,0" yaku="1,1,2,1,7,1,53,0" doraHai="126" doraHaiUra="118" who="2" fromWho="0" sc="286,-58,309,0,176,68,219,0" /><INIT seed="6,1,0,1,3,61" ten="228,309,244,219" oya="2" hai0="118,13,28,16,114,123,134,126,71,92,128,63,11" hai1="4,20,93,64,131,44,84,124,36,98,68,17,132" hai2="90,26,116,53,14,94,34,39,3,45,81,66,31" hai3="43,133,18,62,85,0,48,111,74,21,57,122,9"/><V107/><F107/><W135/><G111/><T112/><D123/><U127/><E131/><V56/><F116/><W121/><G74/><T125/><D128/><U115/><E115/><N who="0" m="44073" /><D118/><U69/><E132/><N who="3" m="50762" /><G85/><T100/><D134/><U72/><E72/><V104/><F104/><W75/><G75/><T113/><N who="0" m="44081" /><T59/><DORA hai="80" /><D71/><U60/><E4/><V102/><F3/><W97/><G97/><N who="0" m="59431" /><D28/><U23/><E69/><V103/><F81/><W10/><G43/><T32/><D32/><U99/><E84/><V33/><F33/><W42/><G0/><T58/><D58/><U91/><E99/><V96/><F14/><N who="3" m="9431" /><G42/><T119/><D119/><U120/><E120/><N who="3" m="46186" /><G48/><T25/><D25/><U30/><E36/><V5/><F39/><W41/><G41/><T19/><D19/><U54/><E30/><V78/><F78/><W95/><G95/><T15/><D15/><U110/><E17/><V65/><F5/><W55/><AGARI ba="1,0" hai="9,10,55,57,62" m="46186,9431,50762" machi="55" ten="30,1100,0" yaku="20,1" doraHai="61,80" who="3" fromWho="3" sc="228,-4,309,-4,244,-6,219,14" /><INIT seed="7,0,0,4,4,121" ten="224,305,238,233" oya="3" hai0="105,118,72,26,124,53,62,119,95,56,3,35,19" hai1="34,44,76,85,65,101,69,46,4,55,36,82,48" hai2="77,96,27,103,86,128,39,78,111,108,25,99,70" hai3="64,89,84,122,18,59,32,20,68,87,90,17,75"/><W80/><G122/><T112/><D105/><U24/><E101/><V61/><F39/><W28/><G68/><T31/><D72/><U110/><E110/><N who="2" m="42027" /><F86/><W107/><G107/><T40/><D3/><U130/><E65/><V116/><F116/><W2/><G2/><T57/><D40/><U98/><E69/><V81/><F81/><W22/><G75/><T47/><D47/><U1/><E98/><N who="2" m="37419" /><F70/><W45/><G45/><T15/><D57/><U49/><E36/><V8/><F8/><W73/><G73/><T114/><D95/><U123/><E123/><V30/><F103/><W29/><G32/><T0/><D0/><U131/><E1/><V37/><F37/><W109/><G109/><T126/><D118/><U41/><E4/><V125/><F30/><N who="3" m="11883" /><G64/><T11/><D119/><U67/><E67/><V94/><F94/><N who="3" m="54567" /><G59/><T135/><D135/><U38/><E38/><V5/><F5/><W100/><G100/><T6/><D6/><U54/><E41/><V60/><F125/><AGARI ba="0,0" hai="11,15,19,26,31,35,53,56,62,112,114,124,125,126" machi="125" ten="40,1300,0" yaku="18,1" doraHai="121" who="0" fromWho="2" sc="224,13,305,0,238,-13,233,0" owari="237,3.7,305,40.5,225,-27.5,233,-16.7" /></mjloggm>