<mjloggm ver="2.3"><GO type="169" lobby="0"/><UN n0="%E3%81%A5%E3%81%8B%E5%AD%90" n1="%E4%B8%89%E5%B3%B6%E5%85%AB%E9%9B%B2" n2="%6F%69%6E%61%72%69%6E%67" n3="%53%69%6C%65%6E%54" dan="16,17,16,16" rate="2142.10,2243.37,2081.98,2166.18" sx="M,M,M,F"/><TAIKYOKU oya="0"/><INIT seed="0,0,0,4,1,88" ten="250,250,250,250" oya="0" hai0="110,75,31,45,106,84,74,29,73,4,55,76,102" hai1="36,100,79,109,131,61,14,112,128,10,43,41,95" hai2="65,20,27,16,63,133,21,103,87,124,77,3,5" hai3="0,57,13,12,9,94,90,80,68,115,70,66,125"/><T91/><D4/><U50/><E36/><V126/><F133/><W30/><G115/><T119/><D119/><U132/><E109/><V107/><F107/><W32/><G125/><T130/><D130/><N who="1" m="49707" /><E132/><V11/><F103/><W23/><G80/><N who="0" m="47111" /><D55/><U44/><E112/><V53/><F53/><W19/><G0/><T98/><D29/><U46/><E79/><V2/><F2/><W89/><G32/><T85/><D45/><N who="1" m="25903" /><E61/><V8/><F8/><W114/><G30/><T47/><D47/><U1/><E1/><V83/><REACH who="2" step="1"/><F21/><REACH who="2" ten="250,250,240,250" step="2"/><W34/><G23/><T127/><D127/><U97/><E43/><V108/><F108/><W118/><G114/><T82/><D31/><U78/><E78/><V71/><AGARI ba="0,1" hai="3,5,11,16,20,27,63,65,71,77,83,87,124,126" machi="71" ten="30,4000,0" yaku="1,1,0,1,54,1,53,0" doraHai="88" doraHaiUra="93" who="2" fromWho="2" sc="250,-20,250,-10,240,50,250,-10" /><INIT seed="1,0,0,0,0,105" ten="230,240,290,240" oya="1" hai0="100,99,61,22,40,118,109,66,83,17,72,75,29" hai1="30,107,47,98,35,76,36,110,122,51,34,71,106" hai2="44,85,103,59,56,81,89,95,132,128,37,79,96" hai3="9,62,24,57,123,49,67,27,86,90,87,108,130"/><U129/><E122/><V112/><F128/><W58/><G123/><T31/><D118/><U104/><E129/><V114/><F132/><W46/><G130/><T78/><D109/><U117/><E117/><V64/><F37/><W84/><G108/><T120/><D40/><N who="1" m="22919" /><E51/><V133/><F133/><W55/><G9/><T1/><D1/><U12/><E12/><V134/><F134/><W4/><G4/><T53/><D53/><U63/><E110/><V73/><F44/><W126/><G126/><T16/><D17/><U54/><E54/><V5/><F5/><W43/><REACH who="3" step="1"/><G90/><REACH who="3" ten="230,240,290,230" step="2"/><T119/><D120/><U33/><E76/><V10/><F10/><W92/><G92/><T111/><D111/><U18/><E18/><V50/><F50/><AGARI ba="0,1" hai="24,27,43,46,49,50,55,57,58,62,67,84,86,87" machi="50" ten="40,2600,0" yaku="1,1,8,1,53,0" doraHai="105" doraHaiUra="11" who="3" fromWho="2" sc="230,0,240,0,290,-26,230,36" /><INIT seed="2,0,0,1,4,11" ten="230,240,264,266" oya="2" hai0="80,67,117,108,63,99,84,64,72,68,23,103,27" hai1="91,12,52,124,113,14,18,15,110,10,93,30,66" hai2="75,8,132,104,83,35,78,2,36,89,13,87,70" hai3="65,7,54,111,34,122,55,17,6,22,33,38,20"/><V24/><F132/><W97/><G38/><T62/><D108/><U135/><E113/><V44/><F2/><W71/><G122/><T4/><D117/><U128/><E110/><V58/><F70/><W1/><G97/><T79/><D4/><U29/><E135/><V131/><F104/><W92/><G92/><T5/><D5/><U37/><E37/><V46/><F131/><W82/><G82/><T90/><D23/><U19/><E128/><V21/><F35/><W85/><G85/><T0/><D27/><U45/><E66/><V9/><F9/><W77/><G77/><T47/><D47/><U41/><E124/><V60/><F36/><W101/><G101/><T51/><D51/><N who="1" m="28783" /><E41/><V3/><F3/><W50/><G1/><T88/><D72/><U100/><E100/><V73/><F73/><W53/><G65/><T127/><D127/><U32/><E32/><V81/><F21/><W49/><G71/><T118/><D118/><U25/><E25/><V119/><F24/><W107/><G107/><T39/><D0/><U43/><E43/><V59/><F119/><W114/><G111/><T86/><D39/><U48/><E48/><V98/><F59/><W69/><G50/><T26/><D26/><U56/><E56/><V115/><F115/><W121/><G49/><T129/><D129/><U94/><E94/><V40/><F40/><W57/><G114/><T120/><D120/><U130/><E130/><V134/><F134/><W16/><G121/><T123/><D123/><U116/><E116/><V106/><F106/><W133/><G133/><T28/><D68/><RYUUKYOKU ba="0,0" sc="230,0,240,0,264,0,266,0" /><INIT seed="3,1,0,4,4,97" ten="230,240,264,266" oya="3" hai0="47,55,42,16,84,110,25,62,121,77,131,45,92" hai1="68,13,59,118,111,58,80,71,76,63,1,30,127" hai2="8,88,4,73,3,89,115,107,65,9,90,109,113" hai3="114,12,122,22,81,14,108,36,67,95,79,53,98"/><W78/><G122/><T102/><D121/><U51/><E1/><V5/><F73/><W7/><G36/><T83/><D110/><U104/><E104/><V112/><F109/><W27/><G114/><T38/><D131/><U29/><E111/><V126/><F107/><W106/><G106/><T18/><D25/><U41/><E127/><V85/><F126/><W120/><G67/><T99/><REACH who="0" step="1"/><D45/><REACH who="0" ten="220,240,264,266" step="2"/><U74/><E118/><V117/><F117/><W33/><G27/><T19/><D19/><U101/><E30/><V116/><F116/><W129/><G129/><T69/><D69/><U123/><E29/><V60/><F85/><W35/><G120/><T70/><D70/><U34/><E71/><V66/><REACH who="2" step="1"/><F60/><REACH who="2" ten="220,240,254,266" step="2"/><W20/><G108/><T54/><D54/><U49/><E63/><V24/><F24/><W96/><G53/><T125/><D125/><U31/><E123/><V133/><F133/><W105/><G96/><T64/><D64/><U91/><E74/><V135/><F135/><W37/><G98/><T86/><D86/><U132/><E132/><V93/><F93/><W10/><G95/><T87/><D87/><U119/><E119/><V26/><F26/><W100/><G105/><T23/><D23/><U56/><E31/><V46/><F46/><W48/><G22/><T52/><D52/><U28/><E28/><V130/><F130/><W0/><G20/><T128/><D128/><U103/><E34/><V6/><F6/><W39/><G7/><T40/><D40/><U124/><E41/><V32/><F32/><W11/><G35/><T57/><AGARI ba="1,2" hai="16,18,38,42,47,55,57,62,77,83,84,92,99,102" machi="57" ten="30,12000,2" yaku="1,1,5,1,0,1,52,1,54,1,53,1" doraHai="97" doraHaiUra="72" who="0" fromWho="0" sc="220,143,240,-31,254,-31,266,-61" /><INIT seed="4,0,0,2,0,62" ten="363,209,223,205" oya="0" hai0="80,107,20,113,117,4,82,94,32,39,13,111,41" hai1="59,74,122,106,36,27,28,8,44,16,46,71,50" hai2="83,130,134,87,120,61,110,2,6,128,75,101,48" hai3="18,116,115,30,10,23,125,12,84,43,9,21,52"/><T19/><D107/><U56/><E71/><V109/><F2/><W93/><G116/><T73/><D117/><U86/><E74/><V5/><F48/><W108/><G108/><N who="2" m="41577" /><F5/><W92/><G43/><T96/><D111/><U127/><E106/><V67/><F6/><W3/><G3/><T37/><D32/><U33/><E122/><V70/><F120/><W14/><G115/><T129/><D129/><N who="2" m="49770" /><F134/><W55/><G125/><T65/><D113/><U15/><E127/><V133/><F133/><W98/><G84/><T81/><D4/><U114/><E114/><V34/><F34/><W99/><REACH who="3" step="1"/><G18/><REACH who="3" ten="363,209,223,195" step="2"/><T79/><D41/><U97/><E86/><V57/><F75/><W24/><G24/><T11/><D19/><U51/><E36/><V63/><F101/><W89/><G89/><T7/><D39/><U60/><E27/><V102/><F102/><W45/><G45/><T90/><D37/><U77/><E46/><V66/><F87/><W112/><G112/><T132/><D132/><U17/><E44/><V91/><F91/><W69/><G69/><T0/><D0/><U31/><E17/><V88/><F88/><W135/><G135/><T72/><D72/><U64/><E16/><V26/><F26/><W22/><G22/><T100/><D20/><U85/><E33/><V25/><F25/><W1/><G1/><T49/><D100/><U29/><E85/><V104/><F104/><W103/><G103/><T76/><D73/><U54/><E31/><AGARI ba="0,1" hai="9,10,12,14,21,23,30,31,52,55,92,93,98,99" machi="31" ten="25,8000,1" yaku="1,1,22,2,8,1,54,1,53,0" doraHai="62" doraHaiUra="42" who="3" fromWho="1" sc="363,0,209,-80,223,0,195,90" /><INIT seed="5,0,0,0,5,70" ten="363,129,223,285" oya="1" hai0="75,20,11,52,94,65,112,85,17,108,71,49,58" hai1="111,8,114,10,133,115,63,3,62,15,129,25,72" hai2="105,73,44,99,110,0,123,27,116,45,84,67,50" hai3="40,119,127,21,59,88,131,6,93,30,64,23,5"/><U28/><E72/><V90/><F73/><W54/><G131/><T76/><D108/><U89/><E89/><V1/><F116/><W18/><G127/><T68/><D112/><N who="1" m="43051" /><E63/><V132/><F27/><N who="3" m="16751" /><G40/><T101/><D11/><U79/><E62/><V41/><F67/><W36/><G36/><T37/><D37/><U100/><E79/><V74/><F74/><W92/><G92/><T34/><D34/><N who="1" m="20751" /><E100/><V2/><F45/><W135/><G64/><T22/><D22/><U56/><E56/><V32/><F32/><W106/><G106/><T43/><D43/><U80/><E80/><V122/><F110/><W126/><G119/><T95/><D75/><U124/><E111/><V42/><F42/><W104/><G104/><T33/><D33/><U97/><E97/><V98/><F98/><W77/><G77/><T26/><D65/><U118/><E118/><V82/><REACH who="2" step="1"/><F132/><REACH who="2" ten="363,129,213,285" step="2"/><W4/><G135/><T61/><D71/><U69/><E69/><V12/><F12/><W46/><G46/><T29/><D68/><U103/><E133/><V60/><F60/><W134/><G134/><T13/><D61/><U96/><E124/><V7/><F7/><W120/><G5/><T35/><D58/><U117/><E117/><V31/><F31/><W39/><G59/><T47/><D47/><U125/><E125/><V66/><F66/><W38/><G126/><T16/><D29/><U51/><E15/><V107/><F107/><W53/><G54/><T83/><D52/><U48/><E129/><V9/><F9/><N who="1" m="3689" /><E3/><V121/><F121/><W14/><G120/><T57/><D13/><RYUUKYOKU ba="0,1" sc="363,-15,129,15,213,15,285,-15" hai1="48,51,96,103" hai2="0,1,2,41,44,50,82,84,90,99,105,122,123" /><INIT seed="5,1,1,3,3,83" ten="348,144,228,270" oya="1" hai0="81,53,115,107,66,37,99,20,45,13,32,23,111" hai1="22,90,112,69,25,77,39,72,126,116,63,119,11" hai2="15,87,56,103,33,127,104,28,93,54,89,52,109" hai3="18,117,51,98,3,110,101,47,100,68,44,96,17"/><U46/><E112/><V105/><F109/><W123/><G110/><T92/><D111/><U95/><E126/><V131/><F127/><W0/><G51/><T26/><D107/><U135/><E135/><V8/><F131/><W79/><G79/><T61/><D115/><U130/><E130/><V78/><F78/><W70/><G117/><T50/><D13/><U129/><E129/><V102/><F105/><W106/><G106/><T122/><D122/><AGARI ba="1,1" hai="0,3,17,18,44,47,68,70,96,98,100,101,122,123" machi="122" ten="25,1600,0" yaku="22,2" doraHai="83" who="3" fromWho="0" sc="348,-19,144,0,228,0,270,29" /><INIT seed="6,0,0,3,2,134" ten="329,144,228,299" oya="2" hai0="75,9,39,117,121,122,111,50,55,96,60,3,80" hai1="114,45,74,2,118,49,36,15,112,79,19,18,8" hai2="25,27,132,83,124,87,16,126,43,54,14,63,7" hai3="20,61,69,52,35,81,65,97,1,106,67,13,113"/><V90/><F7/><W71/><G1/><T51/><D111/><U26/><E36/><V78/><F43/><W115/><G35/><T58/><D96/><U128/><E74/><V5/><F5/><W120/><G81/><T133/><D3/><U119/><E79/><V42/><F42/><W28/><G120/><T24/><D9/><U77/><E77/><V23/><F132/><W104/><G97/><T17/><D75/><U4/><E49/><N who="0" m="18441" /><D17/><U107/><E45/><V11/><F11/><W0/><G0/><T127/><D24/><U92/><E92/><V32/><F78/><W129/><G52/><N who="0" m="33863" /><D80/><U70/><E70/><V116/><F116/><N who="1" m="44585" /><E107/><V62/><F27/><W135/><G69/><T31/><D31/><U89/><E89/><V33/><F33/><W86/><G71/><T110/><D117/><U22/><E128/><V105/><F105/><W53/><G129/><T47/><D133/><U29/><E19/><V102/><F102/><W6/><G135/><T103/><D55/><U108/><E108/><V76/><F76/><W12/><G53/><T101/><D103/><U94/><E94/><V125/><F54/><W38/><G104/><T68/><D101/><U130/><E130/><V46/><F46/><W95/><G106/><T64/><D110/><U88/><E88/><V91/><F91/><W59/><G95/><T40/><D121/><U56/><E56/><V21/><F32/><AGARI ba="0,0" hai="2,4,8,15,18,22,26,29,32,112,114" m="44585" machi="32" ten="30,3900,0" yaku="24,1,34,2" doraHai="134" who="1" fromWho="2" sc="329,0,144,39,228,-39,299,0" /><INIT seed="7,0,0,5,1,38" ten="329,183,189,299" oya="3" hai0="127,64,48,130,58,118,49,21,27,65,101,93,123" hai1="115,83,45,53,52,56,15,22,88,124,20,41,85" hai2="70,73,59,72,84,29,68,63,34,18,23,132,44" hai3="26,112,46,129,4,10,113,108,106,119,5,78,126"/><W24/><G106/><T47/><D123/><U43/><E115/><N who="3" m="44106" /><G119/><T103/><D118/><U71/><E71/><V105/><F105/><W74/><G129/><T100/><D127/><U92/><E124/><V6/><F6/><N who="3" m="2667" /><G10/><T82/><D130/><U32/><E32/><V37/><F29/><W36/><G126/><T122/><D122/><U54/><E56/><V95/><F34/><W30/><G30/><N who="0" m="17775" /><D82/><U51/><E41/><N who="2" m="22575" /><F72/><W19/><G19/><T50/><D93/><U94/><E15/><N who="2" m="9695" /><F95/><AGARI ba="0,0" hai="20,22,43,45,51,52,53,54,83,85,88,92,94,95" machi="95" ten="40,8000,1" yaku="8,1,52,1,54,2" doraHai="38" who="1" fromWho="2" sc="329,0,183,80,189,-80,299,0" owari="329,42.9,263,-13.7,109,-39.1,299,9.9" /></mjloggm>