<mjloggm ver="2.3"><GO type="169" lobby="0"/><UN n0="%E3%81%82%E3%81%95%E3%81%B4%E3%82%93%EF%BC%A0%EF%BD%8D%EF%BD%8A" n1="%6F%6B%62%6F%6B%62" n2="%E4%BA%BA%E5%8F%82%E5%BD%B9%E8%80%85%E3%81%8F%E3%82%93" n3="%E8%B6%85%E7%B5%B6%E5%82%99%E9%95%B7%E7%82%AD" dan="18,17,17,17" rate="2272.69,2209.23,2154.06,2071.25" sx="M,M,M,M"/><TAIKYOKU oya="0"/><INIT seed="0,0,0,5,4,111" ten="250,250,250,250" oya="0" hai0="29,84,89,75,51,92,0,106,27,60,133,122,18" hai1="59,68,31,21,65,52,121,120,113,83,13,5,35" hai2="9,132,79,129,23,125,95,116,73,82,6,47,101" hai3="85,91,62,118,119,28,71,69,41,100,42,44,134"/><T94/><D122/><U107/><E35/><V19/><F125/><W49/><G134/><T26/><D106/><U53/><E107/><V112/><F112/><W58/><G100/><T66/><D75/><U88/><E68/><V24/><F132/><W40/><G28/><T80/><D0/><U64/><E121/><V12/><F129/><W97/><G97/><T127/><D133/><U15/><E53/><V67/><F116/><W11/><G11/><T78/><D127/><U45/><E45/><V48/><F67/><N who="1" m="25673" /><E5/><V103/><REACH who="2" step="1"/><F95/><REACH who="2" ten="250,250,240,250" step="2"/><N who="3" m="54767" /><G119/><T8/><D92/><U109/><E120/><V105/><F105/><W99/><G118/><T43/><D94/><U135/><E135/><V37/><F37/><W114/><G114/><T110/><D66/><U72/><E113/><V131/><F131/><W54/><G71/><T33/><D110/><U36/><E36/><V32/><F32/><W14/><G69/><T3/><D33/><U87/><E109/><V98/><F98/><W74/><G99/><T17/><D80/><U102/><E102/><V86/><F86/><W70/><G74/><T7/><D84/><U50/><E72/><V81/><F81/><W61/><G70/><T4/><D3/><U108/><E108/><V55/><AGARI ba="0,1" hai="6,9,12,19,23,24,47,48,55,73,79,82,101,103" machi="55" ten="20,2700,0" yaku="1,1,0,1,7,1,53,0" doraHai="111" doraHaiUra="34" who="2" fromWho="2" sc="250,-13,250,-7,240,37,250,-7" /><INIT seed="1,0,0,3,1,21" ten="237,243,277,243" oya="1" hai0="19,64,1,37,67,66,12,93,130,114,85,8,113" hai1="39,102,4,96,3,75,127,58,65,86,128,76,77" hai2="119,109,72,129,33,15,61,10,51,135,78,32,62" hai3="94,80,29,110,26,124,134,84,70,35,0,79,24"/><U47/><E128/><V118/><F129/><W98/><G70/><T89/><D130/><U120/><E120/><V90/><F109/><W69/><G69/><T23/><D37/><U105/><E86/><V36/><F36/><W55/><G0/><T17/><REACH who="0" step="1"/><D1/><REACH who="0" ten="227,243,277,243" step="2"/><U22/><E39/><V34/><F119/><W125/><G110/><T52/><D52/><U49/><E3/><V38/><F118/><W82/><G55/><T107/><D107/><U97/><E105/><V31/><F38/><W30/><G134/><T126/><D126/><U60/><E127/><V46/><F135/><W53/><G53/><T9/><D9/><U115/><E115/><V63/><F10/><W28/><G124/><T44/><D44/><U41/><E4/><V48/><F46/><W81/><G125/><T83/><D83/><N who="3" m="31817" /><G35/><T27/><AGARI ba="0,1" hai="8,12,17,19,23,27,64,66,67,85,89,93,113,114" machi="27" ten="30,4000,0" yaku="1,1,0,1,52,1,53,0" doraHai="21" doraHaiUra="54" who="0" fromWho="0" sc="227,50,243,-20,277,-10,243,-10" /><INIT seed="2,0,0,5,5,78" ten="277,223,267,233" oya="2" hai0="25,85,12,47,41,65,58,77,33,35,49,51,3" hai1="134,127,6,128,87,4,98,11,99,83,112,48,96" hai2="61,5,76,80,53,64,84,133,97,32,36,38,17" hai3="34,79,26,116,121,126,105,123,110,30,24,132,15"/><V59/><F133/><W2/><G105/><T100/><D3/><U14/><E134/><V10/><F32/><W89/><G132/><T82/><D100/><U111/><E111/><V19/><F97/><W37/><G37/><T90/><D25/><U114/><E128/><V28/><F28/><W67/><G2/><T68/><D68/><U50/><E4/><V125/><F125/><W119/><G26/><T54/><D65/><U95/><E127/><V1/><F19/><W93/><G126/><T29/><D29/><U44/><E95/><V22/><REACH who="2" step="1"/><F64/><REACH who="2" ten="277,223,257,233" step="2"/><W18/><G67/><T20/><D35/><U129/><E129/><V118/><F118/><W104/><G119/><T91/><D33/><U13/><E114/><V73/><F73/><W70/><G116/><T124/><D124/><U92/><E112/><V107/><F107/><W46/><G104/><T21/><D21/><U117/><E117/><V42/><F42/><W120/><G120/><T43/><D41/><U8/><E92/><V0/><F0/><W86/><G121/><T23/><D23/><U7/><REACH who="1" step="1"/><E44/><REACH who="1" ten="277,213,257,233" step="2"/><V115/><F115/><W31/><G46/><T40/><D40/><U16/><E16/><AGARI ba="0,2" hai="12,16,20,43,47,49,51,54,58,77,82,85,90,91" machi="16" ten="40,5200,0" yaku="8,1,52,1,54,1" doraHai="78" who="0" fromWho="1" sc="277,72,213,-52,257,0,233,0" /><INIT seed="3,0,0,2,0,103" ten="349,161,257,233" oya="3" hai0="27,95,36,91,59,56,45,132,109,7,75,16,106" hai1="72,67,79,69,101,133,124,125,14,81,15,119,99" hai2="20,31,19,129,38,113,117,64,17,87,111,43,62" hai3="22,100,51,120,108,135,11,90,21,5,82,104,112"/><W122/><G112/><T49/><D75/><U126/><E119/><V74/><F113/><W58/><G135/><T23/><D132/><U93/><E133/><V102/><F74/><W131/><G131/><T25/><D109/><U52/><E67/><V85/><F129/><W128/><G128/><T13/><D36/><U96/><E69/><V94/><F111/><W55/><G108/><T40/><D106/><U127/><N who="1" m="31744" /><DORA hai="63" /><U26/><E26/><N who="0" m="9737" /><D7/><U47/><E96/><AGARI ba="0,0" hai="13,16,23,40,45,49,56,59,91,95,96" m="9737" machi="96" ten="30,2000,0" yaku="8,1,54,1" doraHai="103,63" who="0" fromWho="1" sc="349,20,161,-20,257,0,233,0" /><INIT seed="4,0,0,2,2,60" ten="369,141,257,233" oya="0" hai0="0,53,113,23,86,91,6,101,80,8,130,93,66" hai1="99,49,128,21,109,35,87,34,41,118,74,111,96" hai2="98,32,58,82,71,40,9,135,88,30,69,85,17" hai3="105,57,65,36,44,31,7,79,95,14,120,19,51"/><T125/><D113/><U77/><E74/><V68/><F135/><W1/><G105/><T84/><D130/><U127/><E128/><V37/><F37/><W97/><G36/><T62/><D125/><U133/><E133/><V78/><F40/><W16/><G1/><T15/><D53/><U27/><E118/><V29/><F32/><W22/><G79/><T11/><D23/><U67/><E34/><V89/><F58/><W38/><G38/><T4/><D101/><U28/><E127/><V102/><F17/><N who="3" m="10551" /><G7/><T116/><D116/><U123/><E123/><V121/><F9/><W13/><G31/><T46/><D46/><U52/><E41/><V106/><REACH who="2" step="1"/><F121/><REACH who="2" ten="369,141,247,233" step="2"/><W119/><G120/><T20/><D20/><U64/><E35/><V92/><F92/><W24/><G119/><T115/><D115/><U12/><E111/><V18/><F18/><W39/><G39/><T43/><D43/><U47/><E109/><V94/><F94/><W107/><G107/><T126/><D126/><U10/><E96/><V131/><F131/><W61/><G24/><T56/><D80/><N who="1" m="47503" /><E99/><AGARI ba="0,1" hai="0,4,6,8,11,15,56,62,66,84,86,91,93,99" machi="99" ten="30,2900,0" yaku="7,1,52,1" doraHai="60" who="0" fromWho="1" sc="369,39,141,-29,247,0,233,0" /><INIT seed="4,1,0,5,1,113" ten="408,112,247,233" oya="0" hai0="65,84,124,28,46,108,98,59,30,74,126,99,7" hai1="73,48,70,6,71,20,37,12,29,119,97,134,67" hai2="57,35,16,47,92,78,52,129,91,27,50,81,18" hai3="80,128,82,109,127,10,106,121,39,14,79,63,96"/><T118/><D74/><U116/><E37/><V83/><F129/><W60/><G39/><T31/><D108/><U88/><E73/><V0/><F0/><W72/><G109/><T120/><D120/><U34/><E34/><V86/><F83/><W64/><G128/><T23/><D7/><U87/><E97/><V94/><F94/><W115/><G82/><T8/><D8/><U9/><E134/><V93/><F93/><W131/><G131/><T135/><D135/><U103/><E103/><V15/><F47/><W2/><G2/><T132/><D132/><U122/><E122/><V105/><F105/><W43/><G43/><T75/><D75/><U26/><E48/><V54/><F54/><W89/><G121/><T22/><D46/><U104/><E104/><V21/><F35/><W110/><G110/><T90/><D59/><U100/><E100/><V77/><F81/><W62/><G106/><T123/><D65/><U44/><E44/><V11/><AGARI ba="1,0" hai="11,15,16,18,21,27,50,52,57,77,78,86,91,92" machi="11" ten="20,8000,1" yaku="0,1,7,1,8,1,54,2" doraHai="113" who="2" fromWho="2" sc="408,-41,112,-21,247,83,233,-21" /><INIT seed="5,0,0,5,4,73" ten="367,91,330,212" oya="1" hai0="56,31,117,9,110,91,13,64,61,10,4,65,75" hai1="12,67,76,118,30,130,36,95,27,66,93,88,100" hai2="49,126,16,20,17,119,129,46,113,122,84,89,14" hai3="72,97,19,87,37,94,1,11,7,39,80,109,134"/><U105/><E36/><V106/><F119/><W54/><G72/><T23/><D117/><U82/><E118/><V85/><F122/><W43/><G43/><T24/><D75/><N who="1" m="43295" /><E12/><V22/><F126/><W101/><G109/><T81/><D110/><U86/><E95/><V59/><F106/><W62/><G19/><T128/><D128/><U44/><E44/><V104/><F104/><W63/><G63/><T102/><D102/><U48/><E48/><V77/><F129/><W0/><G0/><T15/><D81/><U57/><E57/><V6/><F6/><W51/><G62/><T28/><D91/><U2/><E2/><V5/><F5/><W121/><G121/><T60/><D28/><U103/><E103/><V58/><F77/><N who="3" m="46479" /><G39/><T52/><D61/><U71/><E71/><V92/><F84/><W26/><G26/><T55/><D64/><U53/><E53/><N who="2" m="29879" /><F113/><W131/><G37/><T41/><D41/><U125/><E125/><V21/><F21/><W45/><G131/><T32/><D32/><N who="1" m="20575" /><E130/><V50/><F50/><W40/><G54/><T79/><D79/><U90/><E90/><V38/><F38/><W35/><G35/><T124/><D124/><U116/><E116/><V25/><AGARI ba="0,0" hai="14,16,17,20,22,25,58,59,85,89,92" m="29879" machi="25" ten="30,2000,0" yaku="8,1,54,1" doraHai="73" who="2" fromWho="2" sc="367,-5,91,-10,330,20,212,-5" /><INIT seed="6,0,0,5,1,110" ten="362,81,350,207" oya="2" hai0="46,20,97,16,105,108,85,117,116,43,70,103,68" hai1="96,50,135,24,95,28,128,134,71,124,133,59,35" hai2="102,39,49,79,58,15,126,22,113,65,129,42,27" hai3="25,60,9,91,111,93,118,86,5,92,115,99,77"/><V82/><F126/><W19/><G111/><T57/><D108/><U11/><E71/><V21/><F129/><W26/><G118/><N who="0" m="45675" /><D57/><U38/><E38/><V2/><F2/><W18/><G60/><T73/><D85/><U112/><E11/><V106/><F39/><W72/><G72/><T94/><D73/><U123/><E123/><V81/><F15/><W33/><G77/><T52/><D105/><U6/><E6/><V131/><F131/><W67/><G67/><T101/><D101/><U44/><E128/><V61/><F22/><W30/><G26/><N who="0" m="14599" /><D52/><U41/><E59/><V66/><F66/><W32/><G93/><T14/><D14/><U10/><E10/><V47/><F102/><W17/><G86/><T1/><D1/><U62/><E62/><V132/><F106/><W84/><G84/><T40/><D40/><U56/><E56/><V37/><F37/><AGARI ba="0,0" hai="37,43,46,68,70,94,97,103" m="14599,45675" machi="37" ten="30,2000,0" yaku="12,1,54,1" doraHai="110" who="0" fromWho="2" sc="362,20,81,0,350,-20,207,0" /><INIT seed="7,0,0,5,4,40" ten="382,81,330,207" oya="3" hai0="111,25,98,69,28,64,116,4,82,58,131,77,80" hai1="24,38,106,93,5,123,29,56,2,115,89,127,91" hai2="67,30,48,84,101,18,119,62,122,70,130,72,3" hai3="135,46,55,59,66,43,132,121,94,27,23,117,35"/><W110/><G35/><T87/><D111/><U92/><E56/><V90/><F72/><W6/><G66/><T45/><D116/><U79/><E24/><V51/><F119/><W133/><G117/><T128/><D69/><U0/><E123/><V14/><F3/><W76/><G121/><T105/><D4/><U126/><E5/><V99/><F30/><W61/><G110/><T9/><D9/><U88/><E29/><V16/><F130/><N who="0" m="49706" /><D45/><U34/><E34/><V96/><F122/><W113/><G6/><T102/><D82/><U60/><E60/><V97/><F101/><W32/><G32/><N who="0" m="20495" /><D58/><U53/><E79/><V42/><F42/><W65/><G76/><T1/><D64/><U31/><E31/><V50/><REACH who="2" step="1"/><F14/><REACH who="2" ten="382,81,320,207" step="2"/><W21/><G27/><T83/><D83/><AGARI ba="0,1" hai="16,18,48,50,51,62,67,70,83,84,90,96,97,99" machi="83" ten="40,5200,0" yaku="1,1,2,1,54,1,53,0" doraHai="40" doraHaiUra="71" who="2" fromWho="0" sc="382,-52,81,0,320,62,207,0" owari="330,13.0,81,-41.9,382,48.2,207,-19.3" /></mjloggm>