<mjloggm ver="2.3"><GO type="169" lobby="0"/><UN n0="%E4%B9%9D%E7%B4%8B%E9%BE%8D%E5%8F%B2%E9%80%B2" n1="%E8%BF%BD%E5%B0%81" n2="%56%45%54%54%45%4C" n3="%E7%B4%94%E6%BD%94%E3%83%94%E3%83%A9%E3%83%8B%E3%82%A2" dan="19,16,16,16" rate="2286.77,2102.09,2128.82,2175.95" sx="M,M,M,M"/><TAIKYOKU oya="0"/><INIT seed="0,0,0,0,2,79" ten="250,250,250,250" oya="0" hai0="31,116,35,83,45,126,55,122,12,95,16,29,54" hai1="77,113,3,88,76,56,50,125,61,8,111,15,49" hai2="106,131,32,40,91,105,93,70,39,36,42,120,11" hai3="9,64,43,119,34,98,66,18,73,92,75,104,23"/><T78/><D116/><U80/><E3/><V132/><F120/><W62/><G34/><T48/><D122/><U46/><E111/><V117/><F117/><W84/><G43/><T118/><D118/><U102/><E125/><V133/><F32/><W124/><G9/><T69/><D69/><U135/><E135/><N who="2" m="51787" /><F70/><W30/><G30/><T4/><D4/><U17/><E102/><V41/><F11/><W72/><G124/><T108/><D126/><U0/><E0/><V13/><F13/><W24/><G119/><T87/><D108/><U128/><E128/><V68/><F68/><W100/><G62/><T57/><D95/><U5/><E5/><V99/><F131/><W25/><G25/><T22/><D35/><U107/><E107/><AGARI ba="0,0" hai="36,39,40,41,42,91,93,99,105,106,107" m="51787" machi="107" ten="40,1300,0" yaku="20,1" doraHai="79" who="2" fromWho="1" sc="250,0,250,-13,250,13,250,0" /><INIT seed="1,0,0,1,5,61" ten="250,237,263,250" oya="1" hai0="22,69,26,2,64,68,67,58,122,46,3,91,80" hai1="88,127,134,16,51,0,131,59,77,121,132,25,108" hai2="9,94,65,8,37,21,24,14,13,99,124,20,98" hai3="42,71,118,92,12,106,52,115,78,10,36,39,45"/><U111/><E121/><V49/><F124/><W133/><G106/><T102/><D122/><U11/><E127/><V35/><F37/><W19/><G115/><T7/><D102/><U4/><E77/><V5/><F49/><W66/><G133/><N who="1" m="51306" /><E131/><V31/><F99/><W55/><G36/><T74/><D58/><U109/><E88/><V84/><F84/><W107/><G107/><T114/><D114/><U32/><E32/><V63/><F94/><W53/><G118/><T62/><D7/><U104/><E104/><V125/><F98/><W85/><G92/><T79/><D91/><U86/><E86/><V40/><F40/><W135/><G135/><T81/><D80/><U101/><E101/><V76/><F76/><W83/><G71/><T43/><D68/><U23/><E51/><V116/><F116/><W119/><G119/><T34/><D67/><U129/><E129/><V6/><REACH who="2" step="1"/><F125/><REACH who="2" ten="250,237,253,250" step="2"/><W56/><REACH who="3" step="1"/><G66/><REACH who="3" ten="250,237,253,240" step="2"/><T82/><D82/><U44/><E44/><V17/><F17/><W30/><G30/><T15/><D46/><U48/><E48/><AGARI ba="0,2" hai="10,12,19,39,42,45,48,52,53,55,56,78,83,85" machi="48" ten="30,7700,0" yaku="1,1,7,1,54,1,53,1" doraHai="61" doraHaiUra="70" who="3" fromWho="1" sc="250,0,237,-77,253,0,240,97" /><INIT seed="2,0,0,4,2,93" ten="250,160,253,337" oya="2" hai0="17,128,7,91,97,78,110,77,57,127,94,79,52" hai1="14,134,133,88,63,25,113,53,99,96,101,61,64" hai2="92,0,54,69,86,2,100,34,22,124,68,111,18" hai3="29,123,58,65,9,102,39,40,66,73,62,118,121"/><V26/><F124/><W20/><G73/><T107/><D127/><U131/><E113/><V109/><F34/><W47/><G118/><T3/><D110/><N who="2" m="41994" /><F54/><W16/><G66/><T122/><D122/><U114/><E114/><V104/><F104/><W21/><G9/><T81/><D128/><U103/><E131/><V1/><F86/><W129/><G129/><T19/><D107/><N who="1" m="63911" /><E25/><V125/><F125/><W119/><G119/><T89/><D7/><U15/><E53/><V126/><F126/><W36/><G36/><T67/><D3/><U37/><E37/><V10/><F10/><W70/><G70/><T74/><D67/><U27/><E27/><V130/><F130/><W38/><G38/><T132/><D132/><N who="1" m="50795" /><E63/><V135/><F135/><W85/><G85/><N who="0" m="50351" /><D74/><U4/><E4/><V30/><F30/><W13/><G29/><T49/><AGARI ba="0,0" hai="17,19,49,52,57,77,78,79,91,94,97" m="50351" machi="49" ten="30,4000,0" yaku="8,1,52,1,54,1" doraHai="93" who="0" fromWho="0" sc="250,40,160,-10,253,-20,337,-10" /><INIT seed="3,0,0,3,3,94" ten="290,150,233,327" oya="3" hai0="102,51,75,121,123,112,37,92,29,81,44,60,38" hai1="70,4,77,130,78,43,6,9,47,65,58,19,74" hai2="11,48,14,16,30,104,12,21,8,28,80,13,35" hai3="122,110,0,132,31,33,76,64,72,50,46,120,96"/><W109/><G0/><T113/><D29/><N who="2" m="11370" /><F104/><W126/><G132/><T24/><D24/><U54/><E130/><V101/><F80/><N who="3" m="45063" /><G31/><T91/><D102/><U7/><E70/><V22/><F48/><W89/><G33/><T83/><D60/><U117/><E65/><V68/><F68/><W118/><G64/><T111/><D111/><N who="3" m="42505" /><G118/><T15/><D15/><N who="2" m="5706" /><F101/><W105/><G126/><T125/><D125/><U20/><E9/><N who="2" m="3659" /><F22/><W86/><G86/><T115/><D37/><U95/><E74/><V119/><F119/><W67/><G67/><T56/><D38/><U116/><E116/><V10/><N who="2" m="3667" /><V45/><DORA hai="93" /><F45/><W61/><G61/><T18/><D56/><U134/><E117/><V63/><F63/><W62/><G62/><T39/><D39/><U131/><E4/><V88/><F88/><W5/><G5/><T36/><D36/><U133/><E6/><V41/><F41/><N who="3" m="24911" /><G89/><T69/><D69/><U2/><E7/><V85/><F85/><W1/><G1/><T129/><D75/><U23/><E133/><V34/><AGARI ba="0,0" hai="14,16,21,34,35" m="3667,5706,11370" machi="34" ten="40,12000,2" yaku="35,5,54,1" doraHai="94,93" who="2" fromWho="2" sc="290,-30,150,-30,233,120,327,-60" /><INIT seed="4,0,0,0,2,103" ten="260,120,353,267" oya="0" hai0="110,111,48,122,42,0,35,20,112,57,44,89,108" hai1="128,38,36,28,129,30,82,29,109,15,45,60,117" hai2="87,78,134,118,3,27,66,43,133,13,121,7,41" hai3="10,131,11,14,12,70,90,37,49,93,69,56,72"/><T127/><D35/><U61/><E117/><V120/><F118/><W26/><G37/><T58/><D0/><U125/><E109/><V31/><F66/><W84/><G72/><T4/><D4/><U62/><E125/><V98/><F3/><W18/><G26/><T114/><D127/><U100/><E100/><V96/><F78/><W130/><G56/><N who="0" m="21611" /><D20/><U64/><E82/><V92/><F87/><W81/><G81/><T68/><D89/><U67/><E15/><V107/><F7/><W19/><REACH who="3" step="1"/><G49/><REACH who="3" ten="260,120,353,257" step="2"/><T135/><D122/><U8/><E8/><V95/><F27/><W91/><G91/><T102/><D102/><U53/><E53/><V17/><F120/><W74/><G74/><T85/><D85/><U76/><E76/><V73/><F73/><W6/><G6/><T46/><D135/><U23/><E23/><V101/><F121/><W21/><G21/><T54/><D68/><AGARI ba="0,1" hai="10,11,12,14,18,19,68,69,70,84,90,93,130,131" machi="68" ten="40,2600,0" yaku="1,1,9,1,53,0" doraHai="103" doraHaiUra="51" who="3" fromWho="0" sc="260,-26,120,0,353,0,257,36" /><INIT seed="5,0,0,2,4,47" ten="234,120,353,293" oya="1" hai0="38,10,132,101,9,131,122,75,32,45,19,104,21" hai1="69,127,86,64,2,17,112,128,57,22,56,31,133" hai2="124,67,103,126,5,82,23,91,94,71,118,77,40" hai3="15,116,52,78,130,0,72,60,102,119,135,87,76"/><U89/><E2/><V108/><F108/><W98/><G0/><T14/><D75/><U61/><E112/><V24/><F118/><N who="3" m="45099" /><G72/><T65/><D32/><U30/><E128/><V11/><F103/><W42/><G42/><T6/><D131/><U7/><E127/><N who="2" m="48683" /><F40/><W43/><G43/><T110/><D110/><U35/><E133/><V88/><F67/><W49/><G60/><T36/><D132/><U50/><E7/><V92/><F71/><W125/><G125/><T113/><D113/><U115/><E115/><V25/><F94/><N who="3" m="58711" /><G135/><T97/><D122/><U8/><E8/><V123/><F123/><W27/><G15/><T79/><D79/><U109/><E109/><V37/><F37/><W12/><G12/><T4/><D65/><U107/><E107/><V96/><F91/><W134/><G134/><T93/><D104/><U3/><E3/><N who="2" m="447" /><F23/><W34/><G87/><AGARI ba="0,0" hai="24,25,77,82,87,88,92,96" m="447,48683" machi="87" ten="30,2000,0" yaku="18,1,54,1" doraHai="47" who="2" fromWho="3" sc="234,0,120,0,353,20,293,-20" /><INIT seed="6,0,0,4,0,75" ten="234,120,373,273" oya="2" hai0="30,31,1,100,90,106,130,86,28,121,6,56,58" hai1="88,15,113,49,84,73,52,108,93,25,29,36,39" hai2="82,45,2,9,96,54,112,10,32,69,3,111,89" hai3="94,80,60,26,43,123,34,107,76,109,66,23,18"/><V61/><F32/><W127/><G107/><T128/><D121/><U68/><E108/><V95/><F111/><W129/><G123/><T122/><D122/><U81/><E68/><V13/><F112/><W14/><G127/><T105/><D6/><U110/><E110/><V8/><F13/><W19/><G129/><N who="0" m="49771" /><D1/><U85/><E73/><V44/><F82/><W91/><G43/><T98/><D105/><U117/><E117/><V59/><REACH who="2" step="1"/><F69/><REACH who="2" ten="234,120,363,273" step="2"/><W7/><G34/><T65/><D65/><U120/><E15/><V83/><F83/><AGARI ba="0,1" hai="28,30,31,56,58,83,86,90,98,100,106" m="49771" machi="83" ten="30,1000,0" yaku="19,1" doraHai="75" who="0" fromWho="2" sc="234,20,120,0,363,-10,273,0" /><INIT seed="7,0,0,4,0,54" ten="254,120,353,273" oya="3" hai0="133,51,111,35,22,24,44,15,94,57,109,85,61" hai1="10,73,21,7,90,118,0,8,19,69,105,25,119" hai2="23,14,13,43,95,110,3,17,79,52,108,41,70" hai3="63,6,86,128,18,74,116,64,2,11,9,39,91"/><W84/><G39/><T120/><D120/><U97/><E69/><V66/><F3/><W45/><G116/><T71/><D71/><U37/><E37/><V103/><F79/><W106/><G74/><T123/><D123/><U92/><E73/><V53/><F108/><W42/><G128/><T38/><D38/><U125/><E105/><V72/><F72/><W107/><G84/><T47/><D35/><U96/><E96/><N who="2" m="59807" /><F70/><W46/><G11/><T12/><D133/><U113/><E113/><V5/><F66/><W102/><G18/><T82/><D94/><U59/><E125/><V104/><F104/><W58/><G42/><N who="2" m="15881" /><F110/><W80/><REACH who="3" step="1"/><G106/><REACH who="3" ten="254,120,353,263" step="2"/><T34/><D111/><U114/><E10/><AGARI ba="0,1" hai="5,10,13,14,17,23,52,53" m="15881,59807" machi="10" ten="30,2000,0" yaku="8,1,54,1" doraHai="54" who="2" fromWho="1" sc="254,0,120,-20,353,30,263,0" owari="254,-14.6,100,-40.0,383,48.3,263,6.3" /></mjloggm>