<mjloggm ver="2.3"><GO type="169" lobby="0"/><UN n0="%6F%6B%62%6F%6B%62" n1="%E3%81%95%E3%81%8F%E3%82%89%E3%81%88%E3%81%B3" n2="%72%65%62%65%65%72" n3="%E6%82%94%E3%81%84%E3%82%BF%E3%83%B3" dan="17,16,16,17" rate="2193.73,2119.89,2157.57,2191.04" sx="M,M,M,M"/><TAIKYOKU oya="0"/><INIT seed="0,0,0,1,2,10" ten="250,250,250,250" oya="0" hai0="131,73,132,69,9,122,46,2,100,89,81,72,70" hai1="117,25,56,13,5,3,112,37,35,93,63,4,62" hai2="91,6,18,22,82,39,103,102,92,90,126,45,36" hai3="53,101,50,52,21,20,61,19,124,133,41,120,119"/><T30/><D122/><U104/><E104/><V34/><F126/><W114/><G120/><T75/><D132/><U87/><E37/><V15/><F34/><W49/><G124/><T26/><D100/><U110/><E110/><V86/><F36/><W47/><G133/><T32/><D46/><U66/><E3/><V14/><F45/><W118/><G114/><T60/><D131/><U135/><E117/><V94/><F39/><W43/><G101/><T134/><D134/><U17/><E135/><V113/><F113/><W1/><G1/><T116/><D116/><U24/><E63/><V38/><F82/><W74/><G61/><T128/><D128/><U42/><E42/><V79/><F79/><W58/><G74/><T7/><D89/><N who="1" m="53439" /><E35/><V57/><F57/><W129/><G129/><T31/><D31/><U16/><E17/><V95/><F95/><W98/><G47/><T130/><D130/><U12/><E112/><V96/><F38/><W109/><G19/><T121/><D121/><U107/><E107/><V127/><F127/><W106/><G106/><T77/><D69/><U44/><E44/><V111/><F111/><W99/><REACH who="3" step="1"/><G58/><REACH who="3" ten="250,250,250,240" step="2"/><T97/><REACH who="0" step="1"/><D97/><REACH who="0" ten="240,250,250,240" step="2"/><U29/><E29/><V83/><F94/><W59/><G59/><T76/><D76/><U54/><E66/><AGARI ba="0,2" hai="2,7,9,26,30,32,60,66,70,72,73,75,77,81" machi="66" ten="40,12000,1" yaku="1,1,33,3,53,1" doraHai="10" doraHaiUra="33" who="0" fromWho="1" sc="240,140,250,-120,250,0,240,0" /><INIT seed="0,1,0,0,5,126" ten="380,130,250,240" oya="0" hai0="120,113,70,31,51,10,30,69,68,94,82,76,129" hai1="101,58,37,40,18,125,41,130,91,15,95,112,28" hai2="73,123,66,29,22,122,44,71,47,48,105,118,119" hai3="43,16,38,132,21,98,54,27,42,85,55,133,17"/><T25/><D120/><N who="2" m="46122" /><F73/><W35/><G98/><T33/><D113/><U6/><E125/><V88/><F105/><W89/><G35/><T26/><D94/><U81/><E112/><V23/><F29/><W59/><G55/><T2/><D51/><U116/><E116/><N who="2" m="44587" /><F88/><W134/><G17/><T64/><D129/><U52/><E28/><V92/><F92/><W135/><N who="3" m="33792" /><DORA hai="127" /><W86/><G38/><T87/><D10/><U5/><E81/><V72/><F72/><W12/><G27/><T79/><D2/><U60/><E130/><V49/><F71/><W97/><G97/><T65/><REACH who="0" step="1"/><D76/><REACH who="0" ten="370,130,250,240" step="2"/><U104/><E104/><V83/><F49/><N who="3" m="31183" /><G85/><T14/><D14/><U19/><E37/><V99/><F48/><W106/><G106/><T90/><D90/><U77/><E77/><V121/><F121/><W128/><G128/><T96/><D96/><U9/><E101/><V61/><F99/><W0/><G0/><T74/><D74/><U78/><E78/><V108/><F83/><AGARI ba="1,1" hai="12,16,21,42,43,83,86,89" m="31183,33792" machi="83" ten="60,3900,0" yaku="20,1,54,1" doraHai="126,127" who="3" fromWho="2" sc="370,0,130,0,250,-42,240,52" /><INIT seed="1,0,0,4,3,24" ten="370,130,208,292" oya="1" hai0="134,111,113,61,93,91,50,11,105,109,15,44,71" hai1="70,72,119,28,52,82,121,126,43,33,87,51,38" hai2="18,92,86,75,129,57,53,96,97,0,56,115,12" hai3="64,69,127,130,68,6,25,95,135,13,27,55,110"/><U132/><E119/><V40/><F75/><W4/><G110/><T124/><D105/><U112/><E121/><V73/><F73/><W99/><G127/><T133/><D124/><U79/><E112/><V58/><F0/><W76/><G76/><T103/><D103/><U63/><E126/><V31/><F129/><W78/><G78/><T100/><D100/><U83/><E132/><N who="0" m="50793" /><D61/><U49/><E38/><V128/><F40/><W88/><G135/><T108/><D71/><U102/><E102/><V8/><F128/><W114/><G114/><T106/><D106/><U98/><E98/><V10/><F10/><W131/><G131/><T117/><D117/><U30/><E33/><V123/><F123/><W104/><G104/><T26/><D26/><U17/><E70/><V7/><F7/><W1/><G25/><T5/><D113/><U90/><E17/><V36/><F36/><W41/><G64/><T59/><D59/><N who="2" m="22602" /><F115/><W47/><G130/><T14/><D11/><U62/><E43/><V116/><F31/><N who="1" m="11817" /><E72/><V32/><F32/><W125/><G41/><N who="0" m="24847" /><D5/><U39/><E39/><V118/><F118/><W34/><G1/><T89/><D89/><U60/><E52/><V21/><F8/><N who="3" m="4231" /><G6/><T2/><D2/><U45/><E45/><V66/><F53/><W29/><G125/><T94/><D91/><U74/><E74/><V22/><F116/><W20/><G34/><T9/><D9/><U46/><E46/><V80/><F22/><W122/><G122/><T35/><D35/><U3/><E3/><V37/><F37/><W54/><G47/><T77/><D77/><RYUUKYOKU ba="0,0" sc="370,10,130,10,208,-30,292,10" hai0="14,15,93,94,108,109,111" hai1="49,51,60,62,63,79,82,83,87,90" hai3="20,27,29,54,55,68,69,88,95,99" /><INIT seed="1,1,0,4,5,112" ten="380,140,178,302" oya="1" hai0="100,69,93,71,89,54,52,87,108,97,124,13,134" hai1="64,49,67,58,12,55,50,116,59,18,66,29,19" hai2="57,122,24,78,126,0,14,76,103,26,17,82,81" hai3="36,7,131,109,130,33,95,102,65,28,133,20,6"/><U96/><E29/><V63/><F0/><W114/><G36/><T62/><D134/><U84/><E116/><V60/><F103/><W98/><G114/><T34/><D34/><U132/><E132/><V104/><F104/><W99/><G133/><T68/><D124/><U45/><E96/><V73/><F126/><W105/><G33/><T111/><D13/><U27/><E84/><V72/><F122/><W128/><G65/><T118/><D118/><U120/><E120/><V47/><F47/><W5/><G109/><N who="0" m="42059" /><D62/><U53/><E27/><V8/><REACH who="2" step="1"/><F63/><REACH who="2" ten="380,140,168,302" step="2"/><W30/><REACH who="3" step="1"/><G20/><REACH who="3" ten="380,140,168,292" step="2"/><T3/><D3/><U117/><E117/><V80/><F80/><AGARI ba="1,2" hai="52,54,68,69,71,80,87,89,93,97,100" m="42059" machi="80" ten="40,2600,0" yaku="14,1,54,1" doraHai="112" who="0" fromWho="2" sc="380,49,140,0,168,-29,292,0" /><INIT seed="2,0,0,3,3,21" ten="429,140,139,292" oya="2" hai0="51,1,123,93,84,33,115,11,114,65,67,41,79" hai1="124,39,15,54,72,18,62,34,55,108,80,28,94" hai2="12,97,81,47,0,10,22,64,13,29,46,104,85" hai3="49,118,71,24,20,36,17,61,40,111,78,95,52"/><V27/><F0/><W131/><G118/><T45/><D33/><U73/><E108/><V82/><F64/><W126/><G111/><T109/><D109/><U127/><E39/><V134/><F134/><W76/><G126/><N who="1" m="48170" /><E94/><V90/><F81/><W42/><G131/><T135/><D135/><U88/><E28/><V103/><REACH who="2" step="1"/><F13/><REACH who="2" ten="429,140,129,292" step="2"/><W96/><G71/><T119/><D67/><U44/><E15/><V3/><F3/><W112/><G112/><T86/><D119/><U63/><E55/><V92/><F92/><W130/><G130/><T128/><D65/><U16/><E34/><V122/><F122/><W87/><G52/><T89/><D123/><U101/><E54/><V60/><F60/><W31/><G61/><T102/><D128/><U8/><E62/><V99/><F99/><W100/><G95/><T66/><D66/><U57/><E63/><V117/><F117/><W56/><G96/><T116/><D116/><U4/><E80/><V113/><F113/><W23/><G100/><T50/><D102/><U75/><E101/><V105/><F105/><W26/><G78/><T68/><D68/><U30/><E57/><V91/><F91/><W32/><G56/><T77/><D77/><U37/><E88/><V110/><F110/><W9/><G76/><T106/><D106/><U70/><E70/><V121/><F121/><W6/><G42/><T2/><D2/><N who="1" m="23" /><E30/><V133/><F133/><W25/><G31/><T43/><D79/><U83/><E83/><V38/><F38/><W69/><G36/><T7/><D84/><U59/><E59/><V19/><AGARI ba="0,1" hai="10,12,19,22,27,29,46,47,82,85,90,97,103,104" machi="19" ten="20,12000,1" yaku="1,1,5,1,0,1,7,1,52,1,53,0" doraHai="21" doraHaiUra="35" who="2" fromWho="2" sc="429,-40,140,-40,129,130,292,-40" /><INIT seed="2,1,0,0,3,120" ten="389,100,259,252" oya="2" hai0="20,15,85,71,39,12,26,73,92,25,99,106,38" hai1="80,33,131,55,93,57,14,62,41,58,46,115,100" hai2="122,48,1,114,37,16,36,79,108,132,102,21,112" hai3="4,133,40,76,44,88,47,67,107,49,91,77,126"/><V90/><F122/><W86/><G126/><T121/><D71/><U101/><E115/><V34/><F1/><W29/><G133/><T5/><D73/><U98/><E131/><V119/><F119/><W59/><G107/><T113/><D113/><U22/><E33/><V70/><F34/><W53/><G29/><T82/><D121/><U123/><E123/><V64/><F37/><W97/><G4/><T61/><D26/><U129/><E129/><V95/><F36/><W50/><G97/><T68/><D106/><U17/><E80/><V96/><F132/><W0/><G0/><T24/><D24/><U111/><E111/><V27/><F79/><W105/><G105/><T19/><D39/><U3/><E3/><V116/><F116/><W23/><G23/><T28/><D38/><U8/><E41/><V87/><F108/><W43/><G67/><T78/><D19/><U75/><E46/><V103/><F48/><W127/><G127/><T74/><D74/><U31/><E75/><V7/><F7/><W110/><G110/><T6/><D6/><U125/><E125/><V2/><F2/><W9/><G9/><T63/><D68/><U81/><E81/><N who="2" m="49519" /><F103/><W94/><G91/><T13/><REACH who="0" step="1"/><D5/><REACH who="0" ten="379,100,259,252" step="2"/><U69/><E69/><V84/><F114/><W11/><G11/><T135/><D135/><U72/><E72/><V65/><F112/><W60/><AGARI ba="1,1" hai="40,43,44,47,49,50,53,59,60,76,77,86,88,94" machi="60" ten="20,8000,1" yaku="0,1,7,1,9,1,8,1,54,1" doraHai="120" who="3" fromWho="3" sc="379,-21,100,-21,259,-41,252,93" /><INIT seed="3,0,0,4,4,26" ten="358,79,218,345" oya="3" hai0="125,109,118,40,117,81,80,30,103,10,127,134,46" hai1="104,45,11,48,75,6,29,59,135,88,5,129,93" hai2="130,47,100,28,19,95,68,119,84,18,122,64,38" hai3="72,114,113,1,107,76,131,58,21,108,63,0,120"/><W54/><G120/><T74/><D103/><U32/><E104/><V65/><F119/><W53/><G107/><T24/><D10/><U44/><E75/><V77/><F130/><W98/><G131/><T101/><D101/><U14/><E129/><V96/><F122/><W85/><G72/><T13/><D13/><U15/><E135/><V89/><F77/><W25/><G98/><T106/><D106/><U17/><E32/><V97/><F97/><W102/><G102/><T33/><D134/><U133/><E133/><V66/><F68/><W112/><G108/><T51/><D109/><U7/><E29/><V2/><F2/><W69/><G69/><T12/><D12/><U132/><E132/><V8/><F8/><W52/><G76/><T67/><D67/><U128/><E128/><V73/><F73/><W87/><G1/><T23/><D23/><U27/><E27/><V22/><F47/><W82/><G0/><T111/><D111/><U70/><E70/><V124/><F38/><W79/><REACH who="3" step="1"/><G87/><REACH who="3" ten="358,79,218,335" step="2"/><T41/><D74/><U90/><E90/><V62/><F100/><W60/><G60/><T16/><D117/><U116/><E116/><V42/><F62/><W36/><G36/><T71/><D71/><U121/><E121/><V37/><F96/><W110/><G110/><T9/><D118/><U126/><E126/><V92/><F124/><W49/><G49/><N who="0" m="26823" /><D127/><U78/><E78/><V55/><F37/><W50/><G50/><T4/><D125/><U31/><E48/><V105/><F105/><W3/><G3/><T56/><D51/><U123/><E123/><RYUUKYOKU ba="0,1" sc="358,-10,79,-10,218,-10,335,30" hai3="21,25,52,53,54,58,63,79,82,85,112,113,114" /><INIT seed="3,1,1,4,0,59" ten="348,69,208,365" oya="3" hai0="104,5,60,33,73,54,97,81,117,106,80,85,31" hai1="66,61,63,135,96,24,47,65,93,57,16,27,3" hai2="41,2,40,132,50,118,95,6,9,32,20,7,39" hai3="111,36,8,52,28,121,79,89,102,91,107,122,94"/><W82/><G36/><T76/><D117/><U99/><E135/><V130/><F32/><W67/><G28/><T56/><D33/><U105/><E3/><V14/><F118/><W100/><G67/><T69/><D31/><U110/><E110/><V124/><F39/><W49/><G111/><T30/><D30/><U55/><E105/><V12/><F132/><W45/><G91/><T43/><D5/><U34/><E34/><V84/><F124/><W72/><G8/><T19/><D19/><U71/><E96/><V53/><F130/><W88/><G89/><T127/><D127/><U48/><REACH who="1" step="1"/><E16/><REACH who="1" ten="348,59,208,365" step="2"/><N who="2" m="10247" /><F7/><W62/><G107/><T75/><D106/><U128/><E128/><V74/><F2/><W15/><G15/><T129/><D129/><U109/><E109/><V42/><F74/><W126/><G126/><T131/><D131/><U22/><E22/><V1/><F1/><W83/><G72/><T77/><D73/><U92/><E92/><V10/><F10/><W35/><G35/><T64/><D97/><U4/><E4/><V11/><F11/><W0/><G0/><T26/><D104/><U125/><E125/><V68/><F95/><W37/><G94/><T25/><REACH who="0" step="1"/><D43/><REACH who="0" ten="338,59,208,365" step="2"/><U123/><E123/><V101/><F42/><N who="3" m="24759" /><G122/><T98/><D98/><U46/><E46/><V116/><F41/><W18/><G121/><T134/><D134/><U108/><E108/><V21/><F40/><W112/><G18/><T90/><D90/><AGARI ba="1,3" hai="24,27,47,48,55,57,61,63,65,66,71,90,93,99" machi="90" ten="30,7700,0" yaku="1,1,7,1,52,2,53,0" doraHai="59" doraHaiUra="103" who="1" fromWho="0" sc="338,-80,59,110,208,0,365,0" /><INIT seed="4,0,0,3,3,68" ten="258,169,208,365" oya="0" hai0="91,130,44,52,1,31,51,85,103,62,84,126,5" hai1="22,18,79,49,33,8,35,7,78,17,58,128,32" hai2="69,121,106,30,40,37,66,98,74,133,29,53,67" hai3="57,15,6,48,104,125,71,99,100,102,3,131,118"/><T120/><D120/><U42/><E128/><V24/><F121/><W13/><G118/><T12/><D130/><U97/><E97/><V9/><F74/><W127/><G71/><T134/><D1/><U70/><E70/><V45/><F133/><W56/><G131/><T115/><D134/><U63/><E42/><V60/><F67/><W105/><G3/><T117/><D117/><U50/><E78/><V54/><F9/><W113/><G113/><T61/><D115/><U10/><E79/><V23/><REACH who="2" step="1"/><F30/><REACH who="2" ten="258,169,198,365" step="2"/><W119/><G119/><T43/><D31/><U14/><E10/><V46/><F46/><W101/><G125/><T129/><D126/><U124/><E124/><V111/><F111/><W34/><G127/><T122/><D129/><U93/><E18/><V107/><F107/><W87/><G104/><T39/><D122/><U16/><E17/><V38/><F38/><W114/><G105/><T109/><D109/><U64/><REACH who="1" step="1"/><E93/><REACH who="1" ten="258,159,198,365" step="2"/><V11/><F11/><W88/><G114/><T83/><D5/><U72/><E72/><V110/><F110/><W90/><G6/><T94/><D12/><AGARI ba="0,2" hai="7,8,12,14,16,22,32,33,35,49,50,58,63,64" machi="12" ten="40,2600,0" yaku="1,1,54,1,53,0" doraHai="68" doraHaiUra="26" who="1" fromWho="0" sc="258,-26,159,46,198,0,365,0" /><INIT seed="5,0,0,5,1,3" ten="232,205,198,365" oya="1" hai0="127,103,114,58,36,33,18,56,101,95,117,72,34" hai1="23,9,106,55,82,12,13,54,21,113,124,73,14" hai2="48,90,78,130,112,100,74,133,61,63,122,42,98" hai3="105,75,84,45,97,24,44,67,77,57,123,32,19"/><U43/><E106/><V86/><F122/><W30/><G75/><T119/><D72/><U64/><E113/><V99/><F130/><W26/><G123/><T6/><D36/><U17/><E124/><V59/><F133/><W66/><G77/><T89/><D127/><U16/><E64/><V104/><F99/><W125/><G84/><T91/><D18/><U41/><E82/><V8/><F112/><W38/><G38/><T60/><D114/><U129/><E73/><V35/><F35/><W76/><G76/><T69/><D95/><U81/><E81/><N who="2" m="45271" /><F8/><W27/><G97/><T70/><REACH who="0" step="1"/><D60/><REACH who="0" ten="222,205,198,365" step="2"/><U52/><E129/><V25/><F25/><N who="3" m="18511" /><G19/><AGARI ba="0,1" hai="9,12,13,14,16,17,19,21,23,41,43,52,54,55" machi="19" ten="40,12000,1" yaku="9,1,8,1,54,2" doraHai="3" who="1" fromWho="3" sc="222,0,205,130,198,0,365,-120" /><INIT seed="5,1,0,4,2,51" ten="222,335,198,245" oya="1" hai0="83,68,132,81,131,3,55,89,126,114,94,50,63" hai1="58,96,13,122,77,119,91,79,121,37,46,102,21" hai2="53,36,56,19,25,11,113,2,33,12,1,62,112" hai3="54,32,60,133,105,106,117,48,14,38,7,24,49"/><U118/><E118/><V31/><REACH who="2" step="1"/><F36/><REACH who="2" ten="222,335,188,245" step="2"/><W104/><G38/><T111/><D111/><U80/><E37/><V73/><F73/><W110/><G110/><T64/><D132/><U90/><E121/><V107/><F107/><W16/><G133/><T0/><D131/><U87/><E122/><V15/><F15/><W66/><G117/><T39/><D39/><U100/><E119/><V67/><F67/><W4/><G66/><T88/><D3/><AGARI ba="1,1" hai="1,2,3,11,12,19,25,31,33,53,56,62,112,113" machi="3" ten="40,5200,0" yaku="21,2,52,1,53,0" doraHai="51" doraHaiUra="92" who="2" fromWho="0" sc="222,-55,335,0,188,65,245,0" /><INIT seed="6,0,0,4,2,84" ten="167,335,253,245" oya="2" hai0="55,11,12,56,14,93,4,111,44,134,80,41,78" hai1="20,68,36,100,53,123,51,110,49,70,124,6,95" hai2="125,120,27,29,133,38,30,107,3,64,72,94,127" hai3="92,33,32,108,119,66,7,15,82,37,73,132,76"/><V25/><F107/><W71/><G119/><T115/><D115/><U89/><E110/><V96/><F120/><W129/><G108/><T114/><D114/><U63/><E36/><V46/><F72/><W59/><G71/><T8/><D111/><U10/><E123/><V103/><F3/><W86/><G37/><T18/><D134/><U97/><E124/><V45/><F133/><W67/><G132/><T83/><D78/><U74/><E74/><V24/><F64/><W81/><G129/><T121/><D121/><U116/><E116/><V42/><REACH who="2" step="1"/><F46/><REACH who="2" ten="167,335,243,245" step="2"/><W118/><G66/><T0/><D0/><U5/><E68/><V39/><F39/><W9/><G118/><T130/><D130/><U17/><E70/><V77/><F77/><W88/><REACH who="3" step="1"/><G92/><REACH who="3" ten="167,335,243,235" step="2"/><T85/><D93/><U135/><E95/><V58/><F58/><W62/><AGARI ba="0,2" hai="7,9,15,32,33,59,62,67,73,76,81,82,86,88" machi="62" ten="30,8000,1" yaku="1,1,2,1,0,1,52,1,54,1,53,0" doraHai="84" doraHaiUra="128" who="3" fromWho="3" sc="167,-20,335,-20,243,-40,235,100" /><INIT seed="7,0,0,2,2,115" ten="147,315,203,335" oya="3" hai0="130,128,42,121,62,57,111,89,100,27,133,78,105" hai1="66,120,99,7,82,70,132,12,84,85,102,110,126" hai2="41,36,124,77,61,112,122,47,49,116,97,90,16" hai3="74,135,91,107,13,45,76,28,24,63,108,29,67"/><W113/><G113/><T43/><D27/><U72/><E110/><V14/><F124/><W81/><G107/><T125/><D111/><U18/><E120/><V59/><F122/><W87/><G108/><T26/><D26/><U35/><E35/><V129/><F129/><N who="0" m="49770" /><D121/><U11/><E126/><V104/><F77/><W53/><G135/><T123/><D123/><U22/><E132/><V48/><F112/><W5/><G5/><T117/><D133/><U4/><E4/><V60/><F60/><W118/><G118/><T34/><D34/><U10/><E10/><V88/><F116/><W8/><G24/><T71/><D78/><U86/><E72/><V64/><F104/><W131/><G131/><T69/><D89/><U96/><E66/><V106/><F106/><W98/><G74/><T52/><D100/><U46/><E46/><V68/><F97/><N who="1" m="37449" /><E70/><N who="0" m="26633" /><D105/><U21/><E21/><V79/><F79/><W19/><G45/><T119/><D125/><U109/><E109/><V103/><F103/><W65/><G65/><T1/><D1/><U9/><E9/><V94/><F94/><N who="3" m="56671" /><G67/><T127/><D127/><U20/><E20/><N who="2" m="11287" /><F68/><W44/><G44/><T23/><D23/><U92/><E102/><V25/><F25/><W73/><G73/><T38/><D38/><U55/><E92/><V33/><F33/><W134/><G134/><T95/><D95/><U101/><E101/><V6/><F36/><W32/><G32/><T39/><D39/><U58/><E22/><V40/><F90/><W83/><G83/><T3/><D3/><U50/><E82/><V54/><F88/><RYUUKYOKU ba="0,0" sc="147,10,315,10,203,-30,335,10" hai0="42,43,52,57,62,117,119" hai1="7,11,12,18,50,55,58,84,85,86" hai3="8,13,19,28,29,53,63,76,81,87" owari="157,-34.3,325,12.5,173,-22.7,345,44.5" /></mjloggm>