<mjloggm ver="2.3"><GO type="225" lobby="0"/><UN n0="%E3%81%8B%E3%82%8F%E3%81%A1%E3%82%83%E3%82%93%35%38" n1="%E7%B4%94%E6%BD%94%E3%83%94%E3%83%A9%E3%83%8B%E3%82%A2" n2="%E3%83%A9%E3%82%B9%E7%8E%87%EF%BC%93%E5%89%B2" n3="%72%61%6B%33" dan="16,16,17,16" rate="2141.81,2189.94,2191.31,2102.98" sx="M,M,F,M"/><TAIKYOKU oya="0"/><INIT seed="0,0,0,0,2,84" ten="250,250,250,250" oya="0" hai0="69,13,51,10,131,63,4,37,19,1,53,54,117" hai1="124,58,119,9,43,130,94,68,45,105,125,34,80" hai2="6,98,72,92,35,103,70,3,75,38,116,42,16" hai3="60,122,85,77,111,97,18,99,17,132,91,82,83"/><T21/><D131/><U133/><E105/><V81/><F70/><W112/><G112/><T79/><D37/><U47/><E68/><V87/><F35/><W55/><G111/><T67/><D117/><U127/><E34/><V36/><F116/><W71/><G132/><T102/><D102/><U109/><E109/><V78/><F6/><W126/><G126/><T107/><D107/><U52/><E119/><V33/><F3/><W66/><G122/><T50/><D79/><U29/><E29/><V93/><F33/><W25/><G55/><T135/><D135/><U89/><E133/><V104/><F42/><W123/><G123/><T0/><D51/><N who="1" m="31007" /><E80/><V59/><F59/><W49/><G49/><T61/><D61/><U26/><E26/><V12/><F92/><W24/><G25/><T134/><D134/><U88/><E94/><V56/><F56/><W20/><REACH who="3" step="1"/><G17/><REACH who="3" ten="250,250,250,240" step="2"/><T86/><D54/><U74/><E130/><V46/><F46/><N who="1" m="17417" /><E43/><V128/><F128/><W14/><G14/><T44/><D1/><U28/><E28/><V118/><F118/><W62/><G62/><T106/><D106/><U64/><E64/><V27/><F27/><W7/><G7/><T120/><D120/><U96/><E74/><AGARI ba="0,1" hai="18,20,24,60,66,71,74,77,82,83,85,91,97,99" machi="74" ten="30,3900,0" yaku="1,1,7,1,52,1,53,0" doraHai="84" doraHaiUra="39" who="3" fromWho="1" sc="250,0,250,-39,250,0,240,49" /><INIT seed="1,0,0,0,4,79" ten="250,211,250,289" oya="1" hai0="115,84,111,55,82,30,123,29,45,23,128,94,73" hai1="85,35,43,27,120,127,60,105,75,52,119,32,104" hai2="56,18,37,131,86,98,1,46,59,90,122,16,0" hai3="124,76,17,5,101,64,3,88,26,38,74,15,108"/><U135/><E75/><V36/><F122/><W34/><G38/><T21/><D115/><U92/><E120/><V89/><F86/><W54/><G101/><T53/><D123/><U48/><E119/><V78/><F46/><W68/><G54/><T69/><D69/><U117/><E117/><V125/><F78/><W99/><G108/><T40/><D73/><U49/><E127/><V133/><F98/><W39/><G39/><T31/><D94/><U113/><E113/><V13/><F13/><W65/><G124/><T110/><D128/><U14/><E135/><V118/><F125/><W25/><G25/><T112/><D112/><U33/><E27/><V107/><F107/><W22/><G68/><T51/><D111/><U106/><E43/><V12/><F12/><W70/><G70/><T100/><D100/><U19/><E92/><V72/><F72/><W114/><G114/><T116/><D116/><U134/><E85/><V42/><F42/><W83/><G88/><N who="0" m="51223" /><D110/><U63/><E134/><V11/><F118/><W67/><G99/><T28/><N who="0" m="7168" /><DORA hai="61" /><T91/><D91/><U2/><E2/><V126/><F126/><W4/><G34/><T58/><D40/><U129/><E129/><V80/><F131/><W103/><G3/><T24/><D24/><U77/><E77/><V50/><F133/><W6/><REACH who="3" step="1"/><G103/><REACH who="3" ten="250,211,250,279" step="2"/><T109/><D109/><U47/><REACH who="1" step="1"/><E48/><AGARI ba="0,1" hai="21,23,45,48,51,53,55,58" m="7168,51223" machi="48" ten="40,5200,0" yaku="8,1,52,1,54,1" doraHai="79,61" who="0" fromWho="1" sc="250,62,211,-52,250,0,279,0" /><INIT seed="2,0,0,5,1,132" ten="312,159,250,279" oya="2" hai0="27,17,46,26,53,101,120,28,38,123,110,65,59" hai1="64,39,86,30,105,129,91,112,92,42,3,32,88" hai2="22,1,13,131,29,114,58,55,34,104,15,128,134" hai3="56,69,76,125,90,100,75,48,124,37,35,5,87"/><V107/><F114/><W115/><G69/><T19/><D101/><U127/><E112/><V83/><F1/><W7/><G115/><T103/><D103/><U102/><E129/><N who="2" m="49739" /><F34/><W82/><G37/><T70/><D110/><U66/><E3/><V126/><F83/><W63/><G48/><T50/><D27/><U67/><E39/><V62/><F134/><W89/><G35/><T94/><D94/><U23/><E42/><V18/><F29/><W12/><G100/><T36/><D36/><U111/><E111/><V2/><F2/><W73/><G90/><T99/><D99/><U61/><E91/><V51/><F15/><W122/><G122/><T118/><D118/><U31/><E32/><V106/><F126/><N who="3" m="48747" /><G12/><T44/><D70/><U79/><E79/><V14/><F13/><W96/><G96/><T6/><D38/><U93/><E105/><N who="2" m="26883" /><V20/><DORA hai="57" /><F20/><W121/><G121/><T52/><D123/><U85/><E127/><V11/><F22/><W119/><G119/><T97/><D120/><U68/><E30/><V133/><F133/><W113/><G113/><T47/><D28/><U74/><E74/><N who="3" m="28170" /><G76/><T45/><D26/><U54/><E85/><V43/><F43/><W16/><G16/><T24/><D17/><U71/><E31/><V9/><F9/><W72/><N who="3" m="28178" /><W81/><DORA hai="21" /><G81/><T78/><D78/><U10/><E10/><V80/><F80/><W0/><G0/><T109/><D109/><U77/><E23/><V60/><AGARI ba="0,0" hai="11,14,18,51,55,58,60,62" m="26883,49739" machi="60" ten="50,9600,0" yaku="19,1,52,2" doraHai="132,57,21" who="2" fromWho="2" sc="312,-32,159,-32,250,96,279,-32" /><INIT seed="2,1,0,4,3,31" ten="280,127,346,247" oya="2" hai0="135,26,63,105,110,52,90,17,133,54,65,7,34" hai1="36,4,88,70,124,20,12,114,100,8,53,19,121" hai2="35,29,3,85,79,49,57,45,87,16,80,96,111" hai3="2,97,76,32,59,60,56,102,101,78,93,9,14"/><V28/><F3/><W61/><G61/><T77/><D77/><U120/><BYE who="3" /><E70/><V129/><F129/><W6/><G6/><T95/><D105/><U91/><E114/><V109/><F57/><W58/><G58/><T131/><D7/><U25/><E124/><V42/><F96/><W72/><G72/><T10/><D110/><N who="2" m="41994" /><F35/><W66/><G66/><T75/><D75/><U134/><E134/><N who="0" m="51209" /><D131/><U68/><E68/><V37/><F37/><W74/><G74/><T24/><D10/><U27/><E36/><V50/><F50/><W86/><G86/><T106/><D106/><U83/><E100/><V47/><F47/><W43/><G43/><T71/><D17/><U130/><E130/><V82/><F16/><W122/><G122/><T99/><D24/><U84/><E53/><V98/><F98/><W15/><G15/><T73/><D73/><U125/><E125/><V0/><F0/><W48/><G48/><T103/><D103/><U64/><E64/><V51/><F51/><W67/><G67/><T62/><D62/><U41/><E41/><V127/><F127/><W119/><G119/><T22/><D22/><U21/><REACH who="1" step="1"/><E91/><AGARI ba="1,0" hai="28,29,42,45,49,79,80,82,85,87,91" m="41994" machi="91" ten="30,2900,0" yaku="14,1,10,1" doraHai="31" who="2" fromWho="1" sc="280,0,127,-32,346,32,247,0" /><INIT seed="2,2,0,2,2,135" ten="280,95,378,247" oya="2" hai0="92,114,80,4,112,34,32,130,19,0,74,69,84" hai1="123,13,105,55,33,110,85,113,63,101,54,86,116" hai2="21,10,115,14,12,20,23,75,125,118,76,22,99" hai3="29,30,83,96,7,134,94,77,122,46,42,111,44"/><V60/><F115/><W133/><G133/><T103/><D84/><U97/><E113/><V27/><F118/><W36/><G36/><T51/><D51/><U108/><E33/><V47/><F125/><W25/><G25/><T66/><D92/><U126/><E13/><V52/><F75/><W57/><G57/><T129/><D103/><UN n3="%72%61%6B%33" /><U24/><E24/><V82/><F99/><W104/><G122/><T39/><D39/><U127/><E116/><V40/><F82/><W87/><G111/><N who="1" m="42538" /><E123/><V72/><F72/><W1/><G134/><T16/><D80/><U128/><E128/><V8/><F76/><W28/><G104/><T18/><D74/><U59/><E55/><V121/><F40/><W107/><G107/><T35/><D66/><U124/><AGARI ba="2,0" hai="54,59,63,85,86,97,101,105,124,126,127" m="42538" machi="124" ten="40,8000,1" yaku="18,1,14,1,52,3" doraHai="135" who="1" fromWho="1" sc="280,-22,95,86,378,-42,247,-22" /><INIT seed="3,0,0,5,2,121" ten="258,181,336,225" oya="3" hai0="63,89,112,104,105,68,44,126,30,110,62,98,2" hai1="135,125,134,22,7,72,94,116,32,29,82,14,69" hai2="64,25,19,92,23,51,120,45,8,114,128,73,42" hai3="21,27,93,131,59,76,102,83,111,85,87,65,107"/><W39/><G39/><T18/><D2/><U37/><E37/><V130/><F73/><W12/><G131/><N who="2" m="50217" /><F114/><W6/><G107/><T122/><D110/><U75/><E69/><V106/><F106/><W36/><G36/><T71/><D122/><U95/><E82/><V3/><F64/><W0/><G0/><T33/><D112/><U99/><E32/><V9/><F3/><W56/><G111/><T24/><D126/><U28/><E125/><V13/><F120/><W66/><G66/><T10/><D44/><U26/><E116/><V41/><F92/><W100/><G87/><T58/><D63/><U115/><E115/><V16/><F9/><N who="3" m="4151" /><G93/><T133/><D133/><U11/><E95/><V129/><F129/><W54/><G65/><T117/><D71/><U113/><E113/><V96/><F96/><W46/><G46/><T119/><D68/><U81/><E81/><V103/><F103/><N who="3" m="39467" /><G54/><AGARI ba="0,0" hai="8,13,16,19,23,25,41,42,45,51,54" m="50217" machi="54" ten="30,2000,0" yaku="19,1,54,1" doraHai="121" who="2" fromWho="3" sc="258,0,181,0,336,20,225,-20" owari="258,5.8,181,-31.9,356,45.6,205,-19.5" /></mjloggm>