<mjloggm ver="2.3"><GO type="169" lobby="0"/><UN n0="%E3%81%AC%E3%81%AC%E3%81%84%E3%81%AC" n1="%E2%97%8E%E3%82%88%E3%81%97%E2%97%8E" n2="%E3%80%8E%E3%83%A8%E3%82%B9%E3%82%AC%E3%83%8E%E3%82%BD%E3%83%A9%E3%80%8F" n3="%E3%83%8F%E3%82%A4%E3%83%A9%E3%82%A4%E3%83%88%31%37%6D" dan="16,17,17,16" rate="2081.69,2183.16,2183.60,2092.87" sx="M,M,M,M"/><TAIKYOKU oya="0"/><INIT seed="0,0,0,2,4,36" ten="250,250,250,250" oya="0" hai0="18,0,9,43,86,69,103,29,78,85,80,60,94" hai1="8,107,81,73,27,118,44,25,115,132,129,95,122" hai2="61,17,5,51,62,90,77,67,23,15,97,57,92" hai3="112,104,37,66,3,117,84,28,38,45,48,31,42"/><T58/><D69/><U105/><E118/><V56/><F77/><W50/><G3/><T16/><D29/><U106/><E122/><V46/><F5/><W65/><G104/><T100/><D0/><U2/><E129/><V12/><F12/><W11/><G45/><T109/><D109/><U91/><E132/><V41/><REACH who="2" step="1"/><F61/><REACH who="2" ten="250,250,240,250" step="2"/><W10/><G117/><T52/><D9/><U70/><E8/><V119/><F119/><W88/><G112/><T89/><REACH who="0" step="1"/><D43/><REACH who="0" ten="240,250,240,250" step="2"/><U82/><E2/><V71/><AGARI ba="0,2" hai="15,17,23,41,46,51,56,57,62,67,71,90,92,97" machi="71" ten="20,8000,1" yaku="1,1,0,1,7,1,52,1,53,1" doraHai="36" doraHaiUra="13" who="2" fromWho="2" sc="240,-40,250,-20,240,100,250,-20" /><INIT seed="1,0,0,0,0,131" ten="200,230,340,230" oya="1" hai0="29,16,54,40,104,88,3,98,38,96,115,127,93" hai1="42,56,84,58,45,27,74,31,65,52,55,107,63" hai2="9,87,30,70,109,121,135,11,134,23,76,49,46" hai3="123,24,4,128,22,130,90,41,124,94,10,113,25"/><U13/><E74/><V89/><F121/><W8/><G123/><T81/><D115/><U79/><E107/><V35/><F70/><W33/><G41/><T59/><D3/><U108/><E108/><V122/><F122/><W32/><G94/><T85/><D29/><U112/><E112/><V0/><F35/><W116/><G90/><T125/><D104/><U44/><E13/><V6/><F76/><W118/><G113/><T103/><D96/><U133/><E133/><N who="2" m="50699" /><F109/><W73/><G73/><T75/><D75/><U61/><E65/><V17/><F30/><W92/><G92/><T20/><D40/><U101/><E101/><V71/><F71/><W106/><G106/><T110/><D38/><U36/><E36/><V28/><F28/><W2/><G22/><T102/><D102/><U117/><E42/><N who="2" m="24791" /><F6/><W48/><G4/><T19/><D110/><U80/><REACH who="1" step="1"/><E117/><REACH who="1" ten="200,220,340,230" step="2"/><V86/><F0/><W68/><G2/><T1/><D1/><U120/><E120/><V100/><F100/><W66/><G116/><T126/><REACH who="0" step="1"/><D20/><AGARI ba="0,1" hai="20,27,31,44,45,52,55,56,58,61,63,79,80,84" machi="20" ten="30,12000,1" yaku="1,1,7,1,9,1,8,1,54,1,53,0" doraHai="131" doraHaiUra="62" who="1" fromWho="0" sc="200,-120,220,130,340,0,230,0" /><INIT seed="1,1,0,5,3,44" ten="80,350,340,230" oya="1" hai0="87,89,65,126,99,69,96,131,7,103,47,129,62" hai1="5,72,43,36,18,57,80,91,30,100,55,101,98" hai2="111,11,9,108,23,75,34,13,125,92,104,120,70" hai3="122,61,86,58,40,133,113,128,102,50,97,37,15"/><U134/><E134/><V28/><F120/><W10/><G128/><T12/><D126/><U27/><E18/><N who="2" m="10703" /><F104/><W93/><G37/><T46/><D7/><U84/><E72/><V116/><F75/><W54/><G113/><T68/><D12/><U51/><E5/><V67/><F92/><W49/><G40/><T14/><D14/><U42/><E36/><V115/><F67/><W90/><G133/><T8/><D8/><N who="2" m="3146" /><F70/><W127/><G127/><T60/><D89/><U0/><E0/><V64/><F64/><W77/><G77/><T123/><D65/><U32/><REACH who="1" step="1"/><E100/><REACH who="1" ten="80,340,340,230" step="2"/><V63/><F125/><W17/><REACH who="3" step="1"/><G122/><REACH who="3" ten="80,340,340,220" step="2"/><T121/><D123/><U74/><E74/><V132/><F132/><W110/><G110/><T35/><D121/><U48/><E48/><V1/><F111/><W135/><G135/><T16/><D129/><U31/><E31/><V130/><F28/><W25/><G25/><T88/><D131/><U53/><E53/><V109/><F108/><W114/><G114/><T105/><D62/><U73/><E73/><V119/><F63/><W106/><AGARI ba="1,2" hai="10,15,17,49,50,54,58,61,86,90,93,97,102,106" machi="106" ten="20,8000,1" yaku="1,1,0,1,7,1,52,2,53,0" doraHai="44" doraHaiUra="78" who="3" fromWho="3" sc="80,-21,340,-41,340,-21,220,103" /><INIT seed="2,0,0,2,4,81" ten="59,299,319,323" oya="2" hai0="3,46,95,29,8,114,58,5,65,47,6,49,48" hai1="51,106,57,31,105,16,24,50,13,33,128,134,44" hai2="35,27,101,76,124,108,30,17,41,92,19,42,66" hai3="116,91,123,97,20,56,75,1,11,83,113,122,131"/><V104/><F104/><W79/><G116/><T28/><D114/><U54/><E128/><V94/><F124/><W85/><G131/><T98/><D65/><U133/><E134/><V118/><F118/><W103/><G113/><T12/><D58/><U18/><E133/><V126/><F126/><W120/><G20/><T112/><D3/><U15/><E15/><V69/><F76/><W110/><G56/><T125/><D112/><U96/><E96/><V25/><F108/><W132/><G132/><T82/><D82/><U62/><E18/><V87/><F66/><W64/><G64/><T45/><D6/><U117/><E51/><V102/><F30/><W55/><G55/><T23/><D29/><U73/><E73/><V67/><F67/><W74/><G110/><T14/><D14/><U9/><REACH who="1" step="1"/><E117/><REACH who="1" ten="59,289,319,323" step="2"/><V52/><F69/><W115/><G74/><T21/><D125/><U4/><E4/><V32/><REACH who="2" step="1"/><F52/><AGARI ba="0,1" hai="9,13,16,24,31,33,44,50,52,54,57,62,105,106" machi="52" ten="30,8000,1" yaku="1,1,7,1,54,2,53,1" doraHai="81" doraHaiUra="7" who="1" fromWho="2" sc="59,0,289,90,319,-80,323,0" /><INIT seed="3,0,0,1,0,76" ten="59,379,239,323" oya="3" hai0="104,127,71,31,120,72,122,33,9,38,10,5,55" hai1="88,3,23,135,45,30,48,118,57,73,19,17,81" hai2="41,85,77,102,13,11,29,75,70,83,59,125,130" hai3="94,92,28,47,56,69,132,0,1,24,93,74,54"/><W101/><G132/><T110/><D55/><N who="1" m="30095" /><E3/><V65/><F70/><W78/><G47/><T128/><D10/><U68/><E68/><V21/><F130/><W121/><G101/><T96/><D9/><U98/><E73/><V14/><F125/><W39/><G39/><T51/><D51/><U27/><E118/><V15/><F102/><W119/><G121/><T40/><D5/><U49/><E135/><V116/><F116/><W7/><G7/><T131/><D40/><U79/><E79/><V42/><F75/><W134/><G134/><T50/><D50/><U64/><E98/><V37/><F11/><W133/><G119/><T58/><D38/><U84/><E49/><V89/><F77/><W4/><G4/><T103/><D58/><U34/><E34/><V100/><F100/><W62/><G69/><T43/><D43/><U114/><E114/><V113/><F113/><W87/><G74/><T36/><D36/><U106/><E106/><V95/><F95/><W126/><G126/><T61/><D72/><U60/><AGARI ba="0,0" hai="17,19,23,27,30,57,60,64,81,84,88" m="30095" machi="60" ten="30,4000,0" yaku="8,1,52,1,54,1" doraHai="76" who="1" fromWho="1" sc="59,-10,379,40,239,-10,323,-20" /><INIT seed="4,0,0,1,0,50" ten="49,419,229,303" oya="0" hai0="102,72,73,4,39,21,104,0,45,43,34,114,40" hai1="81,89,82,87,113,58,53,19,103,20,61,16,78" hai2="79,134,108,65,48,132,36,69,105,35,99,57,8" hai3="94,66,64,90,118,31,62,92,27,135,11,15,13"/><T131/><D114/><U96/><E113/><V44/><F108/><W129/><G129/><T67/><D21/><U23/><E23/><V26/><F79/><W10/><G135/><N who="2" m="51753" /><F8/><W86/><G118/><T85/><D85/><U124/><E124/><V110/><F110/><W126/><G126/><T51/><D131/><U83/><E20/><V125/><F125/><W24/><G31/><T109/><D109/><U95/><E82/><V56/><F36/><W133/><G133/><T74/><D67/><U70/><E70/><V6/><F6/><W76/><G76/><T100/><D34/><U91/><E91/><V37/><F37/><W116/><G116/><T30/><D30/><U122/><E122/><V71/><F26/><W29/><G29/><T2/><D104/><U9/><E9/><V42/><F35/><W18/><G94/><T121/><D121/><U130/><E130/><V17/><F17/><W28/><G28/><T59/><D4/><U1/><E1/><V5/><F5/><W75/><G75/><AGARI ba="0,0" hai="16,19,53,58,61,75,78,81,83,87,89,95,96,103" machi="75" ten="30,3900,0" yaku="7,1,52,1,54,1" doraHai="50" who="1" fromWho="3" sc="49,0,419,39,229,0,303,-39" /><INIT seed="5,0,0,2,0,41" ten="49,458,229,264" oya="1" hai0="35,122,54,71,22,30,89,90,118,79,51,110,121" hai1="114,47,63,87,117,119,75,10,32,12,115,9,52" hai2="36,128,15,135,84,73,8,97,125,38,43,104,116" hai3="127,26,124,11,72,2,49,80,42,131,99,120,92"/><U68/><E75/><V133/><F116/><N who="1" m="44617" /><E32/><V95/><F73/><W19/><G131/><T4/><D110/><U50/><E87/><V108/><F108/><W13/><G120/><T27/><D71/><U103/><E103/><V33/><F33/><W31/><G2/><T65/><D65/><N who="1" m="41023" /><E12/><V109/><F109/><W44/><G80/><T69/><D69/><U34/><E34/><V101/><F128/><W85/><G85/><T39/><D39/><U88/><E88/><N who="2" m="53639" /><F43/><W28/><G72/><T91/><D118/><U112/><AGARI ba="0,0" hai="9,10,47,50,52,112,114,115" m="41023,44617" machi="112" ten="40,7800,0" yaku="15,1,52,1,54,1" doraHai="41" who="1" fromWho="1" sc="49,-26,458,78,229,-26,264,-26" /><INIT seed="5,1,0,4,4,8" ten="23,536,203,238" oya="1" hai0="100,54,111,72,96,17,123,11,37,12,75,47,4" hai1="10,87,113,3,48,97,23,0,38,81,116,68,76" hai2="71,63,49,60,73,91,39,95,90,120,85,58,56" hai3="14,114,13,24,22,26,1,109,128,102,15,41,31"/><U62/><E38/><V94/><F120/><W104/><G104/><T67/><D111/><U134/><E116/><V101/><F39/><W124/><G102/><T127/><D127/><U27/><E48/><V65/><F73/><W30/><G41/><T119/><D119/><U46/><E46/><V28/><F101/><W106/><G106/><T44/><D67/><U32/><E32/><V117/><F117/><W107/><G107/><T103/><D103/><U88/><E134/><V59/><F28/><W29/><G109/><T115/><D115/><U61/><E113/><V7/><F7/><W45/><G45/><T135/><D135/><U69/><E69/><V70/><F49/><W98/><G98/><T9/><D54/><U131/><E131/><V99/><REACH who="2" step="1"/><F71/><REACH who="2" ten="23,536,193,238" step="2"/><W126/><G114/><T122/><D37/><U110/><E68/><V64/><AGARI ba="1,1" hai="56,58,59,60,63,64,65,70,85,90,91,94,95,99" machi="64" ten="20,5200,0" yaku="1,1,2,1,0,1,7,1,53,0" doraHai="8" doraHaiUra="50" who="2" fromWho="2" sc="23,-14,536,-27,193,65,238,-14" /><INIT seed="6,0,0,5,1,93" ten="9,509,258,224" oya="2" hai0="67,57,125,7,120,83,122,94,118,119,106,52,44" hai1="4,129,29,109,116,30,11,71,86,40,115,92,89" hai2="31,49,72,5,43,22,134,1,12,47,62,23,111" hai3="9,105,28,132,76,2,34,126,54,91,50,63,102"/><V133/><F72/><W103/><G132/><N who="2" m="50793" /><F111/><W36/><G126/><T42/><D83/><U66/><E40/><V87/><F1/><W60/><G36/><N who="0" m="21575" /><D94/><U113/><E116/><N who="0" m="44585" /><D106/><U35/><E129/><V68/><F31/><W131/><G131/><T61/><D7/><U117/><E117/><V128/><F128/><W99/><G103/><T20/><D20/><N who="2" m="7722" /><F87/><W70/><G91/><T59/><D125/><U32/><E109/><V90/><F90/><W95/><G76/><T51/><AGARI ba="0,0" hai="51,52,57,59,61,67,120,122" m="44585,21575" machi="51" ten="30,7900,0" yaku="12,1,34,2,54,1" doraHai="93" who="0" fromWho="0" sc="9,79,509,-20,258,-39,224,-20" /><INIT seed="7,0,0,1,4,81" ten="88,489,219,204" oya="3" hai0="114,11,110,90,36,124,9,79,46,97,105,85,6" hai1="107,115,31,120,22,48,100,4,92,118,68,20,17" hai2="27,40,55,95,78,58,65,129,16,89,108,49,74" hai3="66,113,61,75,7,41,5,10,123,87,76,71,18"/><W125/><G113/><T42/><D110/><U12/><E92/><V135/><F108/><W45/><G125/><T111/><D111/><U23/><E48/><V50/><F135/><W28/><G123/><T14/><D124/><U101/><E12/><V32/><F129/><W93/><G28/><T121/><D121/><U57/><E17/><V15/><F74/><W116/><G116/><T109/><D114/><U29/><E57/><V98/><F78/><W30/><G30/><T112/><D112/><U88/><E88/><V38/><F38/><W126/><G126/><T69/><D69/><U60/><E60/><V21/><F65/><W34/><G34/><T3/><D109/><U43/><E29/><N who="2" m="17647" /><F32/><W64/><G18/><T80/><D105/><U67/><E101/><V128/><F128/><W33/><G5/><T44/><D44/><U77/><E4/><V25/><F25/><W117/><G64/><T39/><D39/><U62/><E31/><V1/><F1/><W133/><G133/><T127/><D127/><U0/><E67/><V83/><F83/><N who="3" m="45471" /><G93/><T131/><D131/><U13/><E115/><V82/><F82/><W73/><G73/><T54/><D54/><U134/><E120/><V26/><F26/><W106/><G117/><T130/><D130/><U63/><E118/><V53/><F40/><W122/><G106/><T132/><D132/><U24/><E134/><V35/><F35/><W2/><G122/><T94/><REACH who="0" step="1"/><D11/><REACH who="0" ten="78,489,219,204" step="2"/><U104/><E13/><V103/><F53/><W56/><G71/><T59/><D59/><U119/><E68/><V96/><F58/><RYUUKYOKU ba="0,1" sc="78,30,489,-10,219,-10,204,-10" hai0="3,6,9,14,36,42,46,79,80,85,90,94,97" owari="108,-39.2,489,58.9,209,0.9,194,-20.6" /></mjloggm>