<mjloggm ver="2.3"><GO type="225" lobby="0"/><UN n0="%E3%81%82%E3%81%97%E3%82%85%E3%82%8A%E3%82%93" n1="%E8%B5%A4%E3%81%84%E8%9B%99%31%31" n2="%E5%91%A8%E6%9D%B1" n3="%E3%81%BF%E3%81%BF%E3%81%9A" dan="16,16,16,17" rate="2140.75,2096.70,2152.75,2290.46" sx="M,M,M,M"/><TAIKYOKU oya="0"/><INIT seed="0,0,0,0,5,103" ten="250,250,250,250" oya="0" hai0="1,111,5,14,99,57,17,104,32,68,97,63,11" hai1="95,84,58,127,2,80,60,18,110,77,42,107,47" hai2="114,46,45,122,78,123,129,10,21,4,34,102,98" hai3="89,100,51,113,41,67,24,115,36,23,35,91,29"/><T15/><D111/><U125/><E2/><V61/><F34/><W126/><G36/><T6/><D68/><U26/><E110/><V93/><F114/><W79/><G126/><N who="1" m="48138" /><E95/><V62/><F129/><W116/><G116/><T38/><D38/><N who="1" m="21975" /><E18/><V19/><F78/><W20/><G35/><T13/><D32/><U117/><E26/><V49/><F123/><W52/><G41/><T109/><D109/><U25/><E25/><V94/><F122/><W83/><G113/><T73/><D73/><U69/><E69/><V40/><F46/><W121/><G115/><T85/><D85/><U54/><E117/><V28/><F28/><W39/><G39/><T106/><D6/><U22/><E22/><V74/><F74/><W120/><G20/><T48/><D48/><U82/><E82/><V131/><F94/><W37/><G37/><T56/><D17/><U101/><E101/><V105/><F93/><W0/><G100/><T50/><D50/><U71/><E71/><V7/><F131/><W43/><G0/><T12/><N who="0" m="3072" /><DORA hai="72" /><T31/><D31/><U9/><E9/><V81/><F81/><W124/><G124/><T76/><D76/><U53/><E53/><V135/><F10/><W64/><G43/><T88/><D57/><U59/><E58/><V118/><F118/><W132/><G121/><T128/><D128/><U90/><E77/><V92/><F4/><W75/><G120/><T44/><D44/><U65/><E54/><V87/><F7/><W134/><G52/><N who="0" m="34183" /><D88/><N who="3" m="33865" /><G51/><T30/><D30/><U96/><E96/><V130/><F130/><W112/><G112/><RYUUKYOKU ba="0,0" sc="250,10,250,10,250,-30,250,10" hai0="1,5,11,97,99,104,106" hai1="59,60,65,80,84,90,107" hai3="23,24,29,64,67,75,79,83,132,134" /><INIT seed="0,1,0,1,5,29" ten="260,260,220,260" oya="0" hai0="44,9,122,126,130,30,108,92,104,120,0,50,67" hai1="31,102,65,47,8,116,49,69,51,99,7,86,119" hai2="127,79,96,1,27,3,117,66,101,11,121,84,61" hai3="71,54,62,64,48,93,23,97,16,22,118,35,77"/><T78/><D104/><U88/><E31/><V38/><F121/><W59/><G118/><T89/><D126/><U133/><E133/><V39/><F127/><W52/><G35/><T113/><D113/><U12/><E69/><V24/><F117/><W25/><G77/><T68/><D130/><U33/><E33/><V105/><F84/><W76/><G76/><T111/><D78/><U95/><E65/><V100/><F79/><W103/><G71/><T98/><D30/><U46/><E49/><V107/><F11/><W106/><G106/><T80/><D80/><U109/><E109/><N who="0" m="42057" /><D0/><U134/><E47/><V2/><F61/><W41/><G23/><T32/><D9/><U57/><E57/><V129/><F66/><W72/><G72/><T123/><D32/><U70/><E70/><V42/><F129/><W135/><G135/><T34/><D34/><U132/><E132/><V37/><F42/><W85/><G85/><T26/><D26/><U82/><REACH who="1" step="1"/><E134/><REACH who="1" ten="260,250,220,260" step="2"/><V131/><REACH who="2" step="1"/><F131/><REACH who="2" ten="260,250,210,260" step="2"/><W60/><G60/><N who="0" m="40039" /><D123/><U87/><E87/><V36/><N who="2" m="9216" /><DORA hai="75" /><V10/><F10/><W73/><G73/><T74/><D74/><U43/><AGARI ba="1,2" hai="7,8,12,43,46,51,82,86,88,95,99,102,116,119" machi="43" ten="20,8000,1" yaku="1,1,0,1,7,1,54,1,53,1" doraHai="29,75" doraHaiUra="18,81" who="1" fromWho="1" sc="260,-41,250,103,210,-21,260,-21" /><INIT seed="1,0,0,2,4,71" ten="219,353,189,239" oya="1" hai0="86,106,2,59,107,115,49,132,105,123,23,45,15" hai1="6,91,89,5,88,70,87,98,32,10,128,14,117" hai2="30,43,82,92,37,121,104,95,108,53,4,11,63" hai3="133,51,130,50,34,68,41,129,3,69,99,75,85"/><U33/><E117/><V111/><F104/><W77/><G34/><T119/><D115/><U94/><E128/><N who="3" m="49258" /><G3/><T25/><D119/><U135/><E135/><V40/><F121/><W7/><G75/><T83/><D2/><U78/><E70/><N who="3" m="27242" /><G133/><T72/><D123/><U109/><E109/><N who="2" m="42059" /><F30/><W110/><G110/><T42/><D59/><U79/><E5/><V81/><F63/><W114/><G114/><T39/><D15/><U61/><E61/><V64/><F53/><W62/><G7/><T52/><D72/><U13/><E13/><N who="2" m="5351" /><F64/><W38/><G99/><T125/><D132/><U9/><E9/><V48/><F48/><N who="3" m="18475" /><G62/><T134/><D134/><U84/><E32/><V120/><F120/><W54/><G54/><T93/><D93/><N who="2" m="35914" /><F43/><W101/><G101/><T20/><D25/><U66/><E33/><V29/><F29/><W116/><G116/><T65/><D52/><U96/><E66/><V31/><F31/><W67/><G67/><T131/><D65/><U22/><E96/><V36/><F40/><W90/><G77/><N who="0" m="46447" /><D131/><U46/><E78/><V126/><F126/><W19/><G19/><T74/><D125/><U47/><E79/><V55/><F55/><W122/><G122/><T26/><D74/><U103/><E98/><V102/><F102/><W100/><G100/><T44/><D26/><U60/><E103/><V57/><F57/><W0/><G0/><T17/><D17/><U56/><E56/><V16/><F16/><W112/><G112/><T1/><D1/><U124/><E124/><V118/><F118/><W97/><G41/><N who="0" m="24751" /><D106/><U58/><E58/><RYUUKYOKU ba="0,0" sc="219,15,353,-15,189,15,239,-15" hai0="20,23,39,42,44,105,107" hai2="36,37,81,82" /><INIT seed="2,1,0,4,4,108" ten="234,338,204,224" oya="2" hai0="128,89,33,133,46,66,76,119,94,31,85,73,124" hai1="91,68,132,81,122,72,44,37,61,104,35,92,83" hai2="28,17,125,123,60,12,130,88,120,116,5,38,23" hai3="111,117,62,102,47,79,115,65,2,80,101,42,11"/><V50/><F38/><N who="3" m="21975" /><G117/><T8/><D119/><U6/><E35/><V39/><F39/><W95/><G95/><T40/><D124/><U27/><E104/><V19/><F116/><W126/><G111/><T36/><D128/><U49/><E37/><V121/><F125/><W100/><G126/><T109/><D133/><U113/><E122/><V93/><F130/><W13/><G13/><T84/><D109/><U106/><E106/><V51/><F5/><N who="3" m="1463" /><G115/><T131/><D131/><U96/><E113/><V64/><F28/><W97/><G97/><T14/><D66/><U53/><E132/><V110/><F19/><W15/><G15/><T7/><D31/><U70/><E27/><V3/><F3/><W16/><G16/><T63/><D63/><U10/><E61/><V114/><F114/><W57/><G101/><T78/><D33/><U30/><E30/><V54/><F54/><W103/><G100/><T29/><D29/><U69/><REACH who="1" step="1"/><E72/><AGARI ba="1,0" hai="57,62,65,72,79,80,102,103" m="1463,21975" machi="72" ten="30,1000,0" yaku="25,1" doraHai="108" who="3" fromWho="1" sc="234,0,338,-13,204,0,224,13" /><INIT seed="3,0,0,1,2,132" ten="234,325,204,237" oya="3" hai0="4,18,128,115,135,129,131,92,15,52,47,45,112" hai1="123,134,16,2,83,85,13,130,24,31,36,21,103" hai2="51,78,97,66,86,25,71,40,127,69,95,125,133" hai3="120,42,63,57,88,107,90,8,80,106,110,98,114"/><W84/><G120/><T56/><D135/><U23/><E123/><V32/><F133/><W119/><G114/><N who="0" m="43563" /><D4/><U108/><E36/><V61/><F71/><W53/><G119/><T9/><D92/><U3/><E108/><V79/><F40/><W12/><G110/><T5/><D5/><U99/><E130/><V17/><F51/><AGARI ba="0,0" hai="9,15,18,45,47,51,52,56,128,129,131" m="43563" machi="51" ten="40,5200,0" yaku="19,1,11,1,54,1" doraHai="132" who="0" fromWho="2" sc="234,52,325,0,204,-52,237,0" owari="286,8.6,325,42.5,152,-34.8,237,-16.3" /></mjloggm>