<mjloggm ver="2.3"><GO type="169" lobby="0"/><UN n0="%E4%BA%8C%E9%9A%8E%E5%A0%82%E7%9C%9F%E7%B4%85%E3%81%A1%E3%82%83%E3%82%93" n1="%E3%81%A8%E3%81%B3%E3%81%BE%E3%81%93" n2="%E5%A4%A7%E4%BB%81%E7%94%B0%E8%96%84" n3="%55%4D%41%E7%A2%BA%E8%AA%8D%E6%B8%88" dan="16,16,17,16" rate="2157.09,2161.88,2204.66,2120.91" sx="M,M,M,M"/><TAIKYOKU oya="0"/><INIT seed="0,0,0,2,2,67" ten="250,250,250,250" oya="0" hai0="4,32,45,47,71,40,130,57,82,119,95,46,68" hai1="19,29,77,93,97,37,12,11,60,25,92,103,65" hai2="133,44,13,20,83,5,39,132,64,125,69,50,54" hai3="90,49,110,75,18,26,73,87,79,106,23,98,43"/><T53/><D32/><U115/><E37/><V31/><F83/><W135/><G110/><T91/><D119/><U86/><E115/><V10/><F125/><W38/><G38/><T117/><D117/><U100/><E77/><V109/><F109/><W21/><G135/><N who="2" m="51785" /><F39/><W58/><G79/><T51/><D4/><U6/><E6/><V0/><F31/><W63/><G106/><T88/><D130/><U114/><E114/><V34/><F34/><W126/><G98/><T7/><D7/><U76/><E76/><V70/><F64/><W61/><G126/><T2/><D2/><U94/><E86/><V15/><F20/><W105/><G105/><T42/><D91/><U28/><E28/><V24/><F24/><W134/><G134/><T52/><D82/><U55/><E55/><V85/><F85/><W66/><G61/><N who="0" m="36007" /><D88/><U3/><E103/><V113/><F113/><W78/><G78/><T127/><D95/><U59/><REACH who="1" step="1"/><E3/><REACH who="1" ten="250,240,250,250" step="2"/><V9/><F0/><W48/><G73/><T22/><D127/><U124/><E124/><V101/><F101/><W111/><G75/><T123/><D123/><U96/><E96/><V112/><F112/><W14/><G111/><T56/><D22/><AGARI ba="0,1" hai="11,12,19,22,25,29,59,60,65,92,93,94,97,100" machi="22" ten="30,8000,1" yaku="1,1,7,1,25,2,8,1,53,0" doraHai="67" doraHaiUra="120" who="1" fromWho="0" sc="250,-80,240,90,250,0,250,0" /><INIT seed="1,0,0,3,3,99" ten="170,330,250,250" oya="1" hai0="68,125,135,82,50,126,55,30,22,75,86,104,91" hai1="73,108,60,120,115,103,28,131,18,88,79,129,117" hai2="109,59,47,33,45,130,133,57,56,111,69,106,124" hai3="34,4,48,118,7,87,58,43,64,32,23,74,2"/><U46/><E115/><V95/><F106/><W13/><G74/><T26/><D68/><U112/><E112/><V107/><F107/><W11/><G118/><T35/><D135/><U90/><E117/><V116/><F116/><W44/><G87/><T42/><D75/><U76/><E120/><V94/><F33/><W27/><G2/><T41/><D104/><U53/><E28/><V25/><F25/><W100/><G4/><T62/><D35/><U63/><E18/><V84/><F69/><W127/><G127/><N who="0" m="48651" /><D62/><U102/><E73/><V110/><F124/><W123/><G123/><T132/><D132/><U121/><E121/><V24/><F24/><W114/><G114/><T105/><D105/><U5/><E46/><AGARI ba="0,0" hai="22,26,30,41,42,46,50,55,82,86,91" m="48651" machi="46" ten="30,1000,0" yaku="18,1" doraHai="99" who="0" fromWho="1" sc="170,10,330,-10,250,0,250,0" /><INIT seed="2,0,0,0,3,56" ten="180,320,250,250" oya="2" hai0="3,16,123,132,54,69,51,82,9,62,134,103,106" hai1="133,119,93,22,34,21,135,66,65,118,76,36,63" hai2="27,6,77,104,127,90,67,14,131,64,29,47,130" hai3="100,113,55,87,78,4,88,117,108,121,49,17,18"/><V10/><F127/><W50/><G117/><T48/><D106/><U74/><E34/><V112/><F112/><W11/><G121/><T31/><D103/><U68/><E36/><V30/><F104/><W122/><G122/><T124/><D31/><U53/><E53/><V41/><F90/><W12/><G108/><T33/><D33/><U80/><E93/><V59/><F77/><W97/><G113/><T120/><D3/><U42/><E42/><V110/><F110/><W91/><G78/><T109/><D82/><U39/><E39/><V98/><F98/><W101/><G91/><T15/><D51/><U28/><E66/><V2/><F2/><W83/><G49/><T115/><D115/><U114/><E114/><V8/><F8/><W81/><G81/><T5/><D5/><U107/><E107/><V13/><F13/><W32/><G32/><T70/><D124/><U72/><E72/><V84/><F84/><W102/><REACH who="3" step="1"/><G97/><REACH who="3" ten="180,320,250,240" step="2"/><T46/><D109/><U86/><E119/><V92/><F131/><W75/><G75/><T89/><D89/><U79/><E118/><V128/><F128/><W57/><AGARI ba="0,1" hai="4,11,12,17,18,50,55,57,83,87,88,100,101,102" machi="57" ten="30,7900,0" yaku="1,1,0,1,8,1,54,1,53,0" doraHai="56" doraHaiUra="125" who="3" fromWho="3" sc="180,-20,320,-20,250,-39,240,89" /><INIT seed="3,0,0,4,4,7" ten="160,300,211,329" oya="3" hai0="111,82,47,77,16,71,81,14,8,90,4,88,31" hai1="21,33,72,63,5,12,13,59,95,134,3,91,125" hai2="116,70,131,79,44,45,57,49,73,19,104,68,43" hai3="75,98,74,100,108,22,62,55,130,78,93,109,34"/><W29/><G130/><T24/><D71/><N who="2" m="27178" /><F19/><W37/><G37/><T41/><D111/><N who="3" m="42569" /><G34/><T132/><D132/><U135/><E125/><V53/><F79/><W85/><G85/><N who="0" m="48303" /><D82/><U110/><E72/><V58/><F104/><W96/><G78/><T102/><D102/><U50/><E33/><V99/><F99/><W127/><G127/><T123/><D123/><U17/><E50/><N who="2" m="26911" /><F73/><W105/><G22/><N who="0" m="13383" /><D31/><U124/><E3/><V118/><F131/><W126/><G29/><T94/><D94/><U46/><E124/><V32/><F32/><W40/><G126/><T9/><D9/><U2/><E110/><V122/><F122/><W113/><G75/><T67/><D67/><U39/><E135/><V65/><F65/><W133/><G74/><T25/><D25/><U86/><E134/><V56/><AGARI ba="0,0" hai="45,49,53,56,57,58,116,118" m="26911,27178" machi="56" ten="30,2000,0" yaku="34,2" doraHai="7" who="2" fromWho="2" sc="160,-5,300,-5,211,20,329,-10" /><INIT seed="4,0,0,4,5,54" ten="155,295,231,319" oya="0" hai0="44,47,85,19,43,122,87,104,63,45,30,92,125" hai1="36,84,93,2,48,123,7,124,74,90,16,121,80" hai2="0,46,35,135,99,77,107,66,119,106,68,34,57" hai3="72,100,98,49,40,109,3,39,71,53,111,78,14"/><T133/><D104/><U61/><E36/><V110/><F110/><W28/><G3/><T75/><D75/><U116/><E116/><V38/><F0/><W69/><G28/><T56/><D122/><U130/><E130/><V108/><F108/><W15/><G111/><T23/><D125/><U101/><E124/><V117/><F68/><W11/><G109/><T120/><D120/><U33/><E33/><V9/><F77/><W95/><G40/><T67/><D133/><U103/><E103/><V51/><F9/><W86/><G39/><T10/><D43/><U60/><E48/><V115/><F115/><W62/><G72/><T113/><D113/><U114/><E114/><V52/><F135/><W17/><G62/><T21/><D30/><U129/><E129/><V50/><F38/><W1/><G1/><T65/><D65/><U37/><E37/><V89/><F106/><W94/><G15/><N who="0" m="7671" /><D87/><U4/><E2/><V22/><F22/><W8/><G8/><T83/><D92/><U97/><E74/><V42/><F66/><W29/><G29/><T59/><D56/><U81/><E81/><V105/><F105/><W102/><G78/><AGARI ba="0,0" hai="21,23,44,45,47,59,63,67,78,83,85" m="7671" machi="78" ten="30,2900,0" yaku="8,1,52,1" doraHai="54" who="0" fromWho="3" sc="155,29,295,0,231,0,319,-29" /><INIT seed="4,1,0,4,0,5" ten="184,295,231,290" oya="0" hai0="125,86,104,55,27,39,74,41,131,127,56,7,53" hai1="98,17,43,25,105,9,8,110,102,72,3,45,44" hai2="128,19,24,107,30,116,95,101,29,2,59,33,37" hai3="36,122,84,92,119,70,132,111,91,135,117,57,83"/><T49/><D74/><U28/><E72/><V34/><F37/><W35/><G70/><T88/><D104/><U108/><E44/><V46/><F107/><W94/><G36/><T103/><D103/><U4/><E17/><V42/><F128/><W75/><G35/><T14/><D27/><U99/><E9/><V106/><F106/><W115/><G57/><T61/><D131/><U64/><E64/><V6/><F116/><N who="3" m="44619" /><G111/><T15/><D41/><U31/><E99/><V32/><F59/><W114/><G122/><T112/><D112/><N who="3" m="43049" /><G75/><T120/><D39/><U124/><E124/><N who="0" m="47689" /><D120/><U38/><E28/><V93/><F101/><W68/><G68/><T71/><D71/><U10/><E10/><V118/><F118/><W54/><G54/><T82/><D7/><U1/><E1/><V109/><F109/><W100/><G100/><T21/><D21/><AGARI ba="1,0" hai="3,4,8,21,25,31,38,43,45,98,102,105,108,110" machi="21" ten="30,2000,0" yaku="7,1,52,1" doraHai="5" who="1" fromWho="0" sc="184,-23,295,23,231,0,290,0" /><INIT seed="5,0,0,0,3,53" ten="161,318,231,290" oya="1" hai0="112,121,96,66,8,24,85,54,12,88,71,57,107" hai1="20,49,72,89,45,16,74,135,119,133,26,55,7" hai2="1,18,60,101,80,2,103,44,125,68,3,25,83" hai3="90,108,102,31,32,115,41,105,36,19,61,10,128"/><U67/><E119/><V59/><F68/><W78/><G90/><T77/><D112/><U86/><E7/><V76/><F125/><W37/><G19/><T42/><D121/><U114/><E67/><V14/><F25/><N who="3" m="18543" /><G10/><T104/><D42/><U106/><E106/><V27/><F27/><W84/><G84/><T134/><D134/><N who="1" m="51211" /><E114/><V15/><F44/><W95/><G95/><AGARI ba="0,0" hai="16,20,26,45,49,55,72,74,86,89,95" m="51211" machi="95" ten="30,2900,0" yaku="20,1,54,1" doraHai="53" who="1" fromWho="3" sc="161,0,318,29,231,0,290,-29" /><INIT seed="5,1,0,3,5,110" ten="161,347,231,261" oya="1" hai0="75,116,42,101,104,43,97,102,94,11,14,50,86" hai1="57,35,19,135,82,100,134,127,24,6,112,103,52" hai2="20,40,85,109,34,56,61,2,106,51,21,0,79" hai3="31,117,47,49,108,107,126,121,64,44,73,46,113"/><U9/><E127/><V80/><F34/><W84/><G73/><T36/><D36/><U27/><E82/><V90/><F106/><W39/><G107/><T78/><D116/><U3/><E19/><V74/><F109/><W7/><G7/><T119/><D119/><U99/><E112/><V122/><F122/><W68/><G31/><T22/><D102/><U29/><E27/><V93/><F40/><N who="3" m="22559" /><G84/><T123/><D22/><U91/><E91/><V45/><F45/><W69/><G108/><T38/><D38/><U96/><E103/><V48/><F21/><W65/><G117/><T133/><D50/><U83/><E83/><V76/><F76/><W4/><G4/><T62/><D62/><U1/><E1/><V129/><F129/><W95/><G95/><T105/><D105/><U81/><E81/><V72/><F72/><W37/><G121/><T8/><D104/><U58/><E58/><V71/><F71/><N who="3" m="27211" /><G126/><T128/><D128/><U111/><E111/><V131/><F131/><W28/><G28/><T125/><D75/><U55/><E100/><V87/><F74/><W98/><G98/><T15/><D123/><U130/><E96/><V33/><F33/><W23/><G23/><T10/><D125/><U67/><E99/><V54/><F20/><W25/><G25/><T77/><D86/><U60/><E130/><V30/><F30/><W124/><G124/><T118/><D118/><U115/><E29/><V89/><F79/><N who="0" m="30218" /><D133/><U13/><E135/><V5/><F0/><W26/><G37/><T12/><D101/><U70/><E3/><V32/><F32/><RYUUKYOKU ba="1,0" sc="161,15,347,-15,231,15,261,-15" hai0="8,10,11,12,14,15,42,43,94,97" hai2="2,5,48,51,54,56,61,80,85,87,89,90,93" /><INIT seed="6,2,0,3,0,37" ten="176,332,246,246" oya="2" hai0="8,47,48,107,86,102,24,84,73,72,21,81,28" hai1="10,87,65,34,46,106,67,117,119,4,44,78,85" hai2="57,12,39,36,14,27,5,101,1,2,11,56,29" hai3="77,114,128,42,95,92,66,99,18,23,115,54,82"/><V116/><F116/><W69/><G128/><T71/><D71/><U76/><E10/><V100/><F11/><W112/><G54/><T51/><D107/><U0/><E0/><V105/><F105/><W83/><G66/><T122/><D102/><U131/><E106/><V89/><F89/><W109/><G109/><T130/><D122/><U61/><E61/><V90/><F90/><W52/><G69/><T22/><D130/><U124/><E131/><V20/><F20/><W123/><G123/><T98/><D98/><U118/><E124/><V55/><F55/><W127/><G127/><T75/><D48/><U93/><E93/><N who="3" m="35914" /><G99/><T59/><D59/><U125/><E34/><V38/><F27/><N who="3" m="14839" /><G77/><T3/><D22/><U40/><E125/><V7/><REACH who="2" step="1"/><F38/><REACH who="2" ten="176,332,236,246" step="2"/><W25/><G52/><T94/><D94/><U121/><E119/><V32/><F32/><W41/><G25/><T110/><D110/><U33/><E33/><V60/><F60/><W45/><G42/><T19/><D81/><U43/><E121/><V16/><F16/><W79/><G79/><T120/><D120/><U108/><E108/><V62/><F62/><W17/><G17/><T88/><D88/><U68/><E4/><V26/><F26/><W135/><G135/><T35/><D35/><U134/><E134/><V15/><F15/><W103/><G103/><T132/><D132/><U63/><E63/><V64/><F64/><W111/><G111/><T9/><D9/><U30/><E68/><V113/><F113/><W49/><AGARI ba="2,1" hai="41,45,49,82,83,112,114,115" m="14839,35914" machi="49" ten="40,5200,0" yaku="15,1,11,1,52,1" doraHai="37" who="3" fromWho="3" sc="176,-15,332,-15,236,-28,246,68" /><INIT seed="7,0,0,1,0,11" ten="161,317,208,314" oya="3" hai0="17,104,15,44,99,118,102,43,91,51,121,32,76" hai1="0,14,92,97,127,12,88,105,57,77,124,19,134" hai2="67,52,18,53,81,38,42,74,58,103,47,7,25" hai3="117,26,28,79,4,89,112,115,1,132,68,27,60"/><W39/><G117/><T49/><D121/><U130/><E0/><V23/><F103/><W82/><G39/><T114/><D118/><U75/><E130/><V101/><F101/><W62/><G132/><T78/><D32/><U93/><E105/><V33/><F33/><W22/><G89/><T54/><D91/><N who="1" m="55455" /><E134/><V94/><F94/><W55/><G68/><T84/><D84/><N who="1" m="52359" /><E19/><V71/><F71/><W2/><G26/><T6/><D6/><U126/><E57/><V66/><F53/><W129/><G129/><T5/><D5/><U116/><E116/><V109/><F109/><W133/><G133/><T70/><D114/><N who="3" m="43561" /><G55/><T98/><D98/><U95/><E95/><V131/><F7/><W107/><G107/><T125/><D70/><U9/><E9/><V80/><F131/><W106/><G106/><T128/><D128/><U113/><E113/><V20/><F81/><AGARI ba="0,0" hai="12,14,75,77,81,124,126,127" m="52359,55455" machi="81" ten="30,7700,0" yaku="18,1,52,2,54,1" doraHai="11" who="1" fromWho="2" sc="161,0,317,77,208,-77,314,0" owari="161,-23.9,394,49.4,131,-36.9,314,11.4" /></mjloggm>