<mjloggm ver="2.3"><GO type="169" lobby="0"/><UN n0="%73%79%75%70%6F%6E" n1="%45%6C%66%51%75%65%65%6E" n2="%E8%99%9A%E6%B7%B5%E7%8E%84" n3="%E8%B5%A4%E4%BA%94%E7%AB%8B%E7%9B%B4" dan="17,16,17,16" rate="2220.19,2021.68,2224.54,2159.45" sx="M,F,M,F"/><TAIKYOKU oya="0"/><INIT seed="0,0,0,5,5,45" ten="250,250,250,250" oya="0" hai0="5,0,94,132,135,1,92,10,52,63,8,11,61" hai1="97,56,125,15,49,58,122,93,33,16,130,131,24" hai2="85,54,35,36,75,108,59,47,40,113,73,83,6" hai3="102,30,67,37,66,2,112,91,104,29,48,99,18"/><T133/><D5/><U116/><E122/><V14/><F113/><W19/><G37/><T110/><D110/><U88/><E116/><V55/><F35/><W25/><G2/><T95/><REACH who="0" step="1"/><D52/><REACH who="0" ten="240,250,250,250" step="2"/><N who="1" m="31759" /><E125/><V118/><F54/><W72/><G112/><T107/><D107/><U46/><E46/><V80/><F47/><W109/><G109/><T86/><D86/><U115/><E115/><V7/><F85/><W68/><G72/><T76/><D76/><U21/><E58/><V128/><F59/><W114/><G114/><T77/><D77/><U27/><E33/><V34/><F34/><W103/><G104/><T28/><D28/><U98/><E97/><V44/><F108/><W4/><G99/><T123/><D123/><U90/><E90/><V26/><F75/><W41/><G4/><T38/><D38/><U31/><E31/><V39/><F73/><W64/><G91/><T111/><D111/><U53/><E53/><V124/><F55/><W134/><G30/><T119/><D119/><U101/><E101/><V129/><F118/><W20/><G68/><T70/><D70/><U89/><E89/><V82/><F36/><W74/><G74/><T17/><D17/><N who="3" m="6153" /><G134/><T65/><D65/><U117/><E117/><V78/><F39/><W106/><G106/><T71/><D71/><U60/><E60/><AGARI ba="0,1" hai="0,1,8,10,11,60,61,63,92,94,95,132,133,135" machi="60" ten="50,18000,2" yaku="1,1,29,2,28,2,20,1,53,0" doraHai="45" doraHaiUra="3" who="0" fromWho="1" sc="240,190,250,-180,250,0,250,0" /><INIT seed="0,1,0,1,2,22" ten="430,70,250,250" oya="0" hai0="119,10,99,133,83,95,115,1,16,104,81,89,46" hai1="94,125,111,102,7,39,105,59,18,31,78,3,24" hai2="63,52,120,69,92,87,132,106,25,107,131,128,93" hai3="49,116,73,11,79,45,123,126,29,35,12,109,15"/><T100/><D115/><U33/><E39/><V43/><F43/><W112/><G116/><T36/><D119/><U40/><E105/><V103/><F120/><W135/><G123/><T53/><D133/><U56/><E40/><V117/><F117/><W0/><G135/><T57/><D46/><U55/><E111/><V28/><F132/><W37/><G126/><T96/><D36/><U65/><E125/><V66/><F87/><W54/><G109/><T114/><D114/><U27/><E78/><V62/><F52/><W32/><G37/><T118/><D118/><U113/><E113/><V5/><F5/><W76/><G0/><T98/><D98/><U97/><E65/><V8/><F8/><W2/><G2/><T124/><D124/><U84/><E84/><V108/><F63/><W122/><G122/><T130/><D130/><N who="2" m="49706" /><F108/><W42/><G32/><T34/><D34/><U30/><E55/><V58/><F69/><W61/><G73/><T71/><D71/><U4/><E18/><V14/><F14/><W19/><G112/><T77/><D77/><U50/><E50/><V134/><F134/><W60/><G15/><T47/><D47/><U13/><E13/><V38/><F38/><W129/><G129/><T41/><D41/><U72/><E72/><V121/><F121/><W80/><G42/><T21/><D10/><U48/><E48/><V127/><F127/><W75/><G79/><T17/><D1/><U67/><E67/><V64/><F64/><W23/><G11/><T44/><D44/><U6/><E3/><V82/><F66/><W86/><G75/><RYUUKYOKU ba="1,0" sc="430,-15,70,15,250,-15,250,15" hai1="4,6,7,24,27,30,31,33,56,59,94,97,102" hai3="12,19,23,29,35,45,49,54,60,61,76,80,86" /><INIT seed="1,2,0,2,2,12" ten="415,85,235,265" oya="1" hai0="115,132,31,125,129,46,104,54,40,133,87,121,75" hai1="83,55,0,48,44,58,71,135,130,127,53,45,131" hai2="35,95,77,6,90,32,59,111,68,11,117,118,19" hai3="2,14,102,15,73,5,80,110,123,4,112,61,29"/><U103/><E0/><V92/><F68/><W100/><G112/><T114/><D75/><U134/><E103/><V101/><F77/><W96/><G123/><T93/><D104/><U106/><E106/><V21/><F111/><W64/><G110/><T88/><D121/><U85/><E83/><V74/><F74/><W128/><G128/><N who="1" m="49194" /><E85/><V24/><F59/><W79/><G100/><T36/><D129/><U120/><E120/><V25/><F95/><W108/><G29/><T116/><D116/><U63/><E71/><V37/><F37/><W42/><G42/><T91/><D91/><U10/><E10/><V34/><F101/><W89/><G89/><T13/><D31/><U22/><E22/><V126/><F126/><W49/><G49/><T1/><D1/><U81/><E81/><V67/><F67/><W8/><G4/><T60/><D125/><U3/><E3/><N who="2" m="479" /><F92/><W107/><G108/><T113/><D13/><U23/><E23/><N who="2" m="13439" /><F90/><W39/><G39/><T38/><D38/><U86/><E86/><V78/><F78/><W69/><AGARI ba="2,0" hai="2,5,8,14,15,61,64,69,73,79,80,96,102,107" machi="69" ten="20,1500,0" yaku="0,1,7,1" doraHai="12" who="3" fromWho="3" sc="415,-6,85,-9,235,-6,265,21" /><INIT seed="2,0,0,0,5,22" ten="409,76,229,286" oya="2" hai0="87,104,44,18,15,80,58,107,25,109,62,75,38" hai1="63,3,24,123,90,93,64,7,115,112,41,55,110" hai2="10,96,106,26,113,50,100,47,43,19,129,69,23" hai3="97,135,27,59,131,133,73,98,6,79,89,67,34"/><V116/><F129/><W103/><G131/><T4/><D75/><U29/><E110/><V117/><F113/><W1/><G6/><T122/><D122/><U40/><E123/><V42/><F69/><W49/><G1/><T14/><D109/><U78/><E78/><V118/><REACH who="2" step="1"/><F10/><REACH who="2" ten="409,76,219,286" step="2"/><W68/><G68/><T21/><D107/><U5/><E115/><V45/><F45/><W16/><G133/><T91/><D104/><U76/><E112/><V105/><F105/><W82/><G135/><T130/><D130/><U51/><E76/><V120/><F120/><W121/><G121/><T125/><D125/><U52/><E40/><AGARI ba="0,1" hai="19,23,26,40,42,43,47,50,96,100,106,116,117,118" machi="40" ten="40,3900,0" yaku="1,1,52,1,53,0" doraHai="22" doraHaiUra="61" who="2" fromWho="1" sc="409,0,76,-39,219,49,286,0" /><INIT seed="2,1,0,0,0,18" ten="409,37,268,286" oya="2" hai0="113,84,106,115,132,101,15,3,56,47,69,83,122" hai1="57,99,90,7,98,44,95,32,38,100,89,133,94" hai2="108,8,53,4,71,68,64,67,74,45,48,39,127" hai3="31,9,21,96,121,131,81,30,134,51,29,79,1"/><V60/><F74/><W34/><G121/><T72/><D69/><U97/><E32/><V49/><F8/><W43/><G34/><T22/><D3/><U104/><E7/><V123/><F4/><W40/><G131/><T91/><D122/><U126/><E57/><V87/><F87/><W130/><G130/><T111/><D111/><U35/><E35/><V118/><F123/><W110/><G110/><T61/><D132/><U88/><E133/><V124/><F108/><W114/><G134/><T37/><D72/><U76/><E126/><N who="2" m="48171" /><F118/><W11/><G1/><T78/><D106/><U63/><E63/><N who="2" m="40351" /><F53/><W12/><G114/><T20/><D84/><U36/><E44/><V77/><F77/><W16/><G96/><T5/><D78/><U33/><E33/><V13/><F13/><W128/><G128/><T14/><D14/><U117/><E117/><V42/><AGARI ba="1,0" hai="39,42,45,48,49,60,67,68" m="40351,48171" machi="42" ten="30,6000,0" yaku="18,1,34,2" doraHai="18" who="2" fromWho="2" sc="409,-21,37,-21,268,63,286,-21" /><INIT seed="2,2,0,4,1,44" ten="388,16,331,265" oya="2" hai0="12,109,106,89,47,28,108,8,29,1,18,97,16" hai1="52,101,37,46,32,10,91,103,80,133,72,63,82" hai2="48,96,56,114,83,100,23,126,11,42,27,112,118" hai3="121,81,70,41,110,21,66,102,131,24,7,68,0"/><V34/><F118/><W45/><G121/><T115/><D115/><U105/><E32/><V124/><F34/><W17/><G110/><N who="0" m="42603" /><D1/><U104/><E133/><V30/><F83/><W55/><G131/><T122/><D122/><U4/><E37/><V6/><F42/><W54/><G102/><N who="0" m="62799" /><D89/><U113/><E113/><V62/><F48/><W13/><G0/><T128/><D128/><U123/><E123/><V125/><F11/><W61/><G68/><T22/><D47/><U73/><E91/><V9/><F9/><W130/><G130/><T59/><D59/><U26/><E46/><V132/><F6/><W49/><G7/><T88/><D88/><U33/><E10/><V3/><F132/><W116/><G116/><T65/><D65/><U14/><E4/><V77/><F77/><W94/><G94/><T134/><D134/><U40/><E40/><V75/><F75/><W19/><REACH who="3" step="1"/><G81/><REACH who="3" ten="388,16,331,255" step="2"/><T64/><D64/><U90/><E82/><V50/><F3/><W135/><G135/><T129/><D129/><U92/><E80/><V2/><F2/><W98/><G98/><T36/><D36/><U60/><E92/><V69/><F69/><W86/><G86/><T35/><D35/><U119/><E33/><V57/><F114/><W79/><G79/><T43/><D43/><U39/><E39/><V51/><F112/><W20/><AGARI ba="2,1" hai="13,17,19,20,21,24,41,45,49,54,55,61,66,70" machi="20" ten="20,5200,0" yaku="1,1,0,1,7,1,52,1,53,0" doraHai="44" doraHaiUra="107" who="3" fromWho="3" sc="388,-15,16,-15,331,-28,255,68" /><INIT seed="3,0,0,0,1,130" ten="373,1,303,323" oya="3" hai0="57,58,64,67,86,17,48,22,4,96,87,74,32" hai1="38,132,104,20,81,24,30,37,111,125,42,8,128" hai2="84,2,93,34,40,26,21,23,53,100,119,49,36" hai3="91,134,65,10,27,59,11,75,72,101,122,43,46"/><W31/><G122/><T124/><D74/><U18/><E104/><V71/><F119/><W15/><G134/><T103/><D32/><U118/><E128/><V61/><F2/><W66/><G75/><T109/><D109/><U0/><E111/><V62/><F34/><W76/><G101/><T83/><D124/><U60/><E125/><V28/><F36/><W35/><G11/><T7/><D96/><U120/><E120/><V39/><F40/><W90/><G76/><N who="0" m="46439" /><D87/><U92/><E81/><V63/><F39/><W135/><G135/><T116/><D116/><U110/><E110/><V29/><F71/><W50/><G72/><T5/><D103/><U89/><E132/><V70/><F70/><W126/><G126/><T85/><D85/><U47/><E118/><V41/><F41/><W78/><G78/><T69/><D69/><U112/><E112/><V102/><F84/><W117/><G117/><T113/><D113/><U107/><E107/><V131/><F131/><W80/><G80/><T12/><D48/><U33/><E60/><V25/><REACH who="2" step="1"/><F93/><REACH who="2" ten="373,1,293,323" step="2"/><W45/><G45/><AGARI ba="0,1" hai="21,23,25,26,28,29,45,49,53,61,62,63,100,102" machi="45" ten="40,8000,1" yaku="1,1,2,1,9,1,8,1,53,0" doraHai="130" doraHaiUra="55" who="2" fromWho="3" sc="373,0,1,0,293,90,323,-80" /><INIT seed="4,0,0,2,1,107" ten="373,1,383,243" oya="0" hai0="77,44,35,49,101,119,55,100,6,127,62,38,105" hai1="39,64,14,112,90,86,110,22,123,84,8,23,134" hai2="32,43,124,83,66,109,48,53,59,135,19,31,116" hai3="50,51,42,114,132,133,96,16,24,10,28,27,108"/><T37/><D119/><U30/><E110/><V46/><F109/><W122/><G108/><T117/><D117/><U9/><E123/><V3/><F3/><W91/><G122/><T88/><D35/><U75/><E39/><V73/><F135/><N who="3" m="51787" /><G114/><T13/><D105/><U94/><E134/><V54/><F124/><W40/><G96/><T69/><D77/><U128/><E75/><V26/><F116/><W79/><G91/><T115/><D115/><U7/><E112/><V41/><F66/><W126/><G79/><T29/><D127/><U15/><E128/><V45/><F19/><W125/><G125/><T102/><D29/><U65/><E84/><V80/><F73/><W81/><G81/><T60/><D69/><U89/><E89/><V74/><F74/><W5/><G126/><T120/><D120/><U25/><E23/><V103/><F103/><W118/><G118/><T52/><D88/><U71/><E71/><V106/><F106/><W131/><G131/><T76/><D76/><U47/><E47/><V93/><F93/><W104/><G104/><T78/><D78/><U0/><E0/><V97/><F97/><W12/><G5/><AGARI ba="0,0" hai="5,7,8,9,14,15,22,25,30,64,65,86,90,94" machi="5" ten="30,3900,0" yaku="7,1,9,1,8,1" doraHai="107" who="1" fromWho="3" sc="373,0,1,39,383,0,243,-39" /><INIT seed="5,0,0,2,1,130" ten="373,40,383,204" oya="1" hai0="90,114,71,43,104,117,83,69,37,78,132,16,51" hai1="94,107,26,124,91,68,56,53,73,97,47,125,102" hai2="31,50,82,62,70,112,29,4,18,126,119,35,10" hai3="11,14,110,1,115,67,122,52,135,30,63,85,38"/><U123/><E68/><V21/><F119/><W86/><G110/><T49/><D117/><U15/><E123/><V5/><F126/><N who="1" m="48745" /><E73/><V111/><F111/><W7/><G115/><T54/><D104/><U128/><E128/><V65/><F35/><W23/><G135/><T13/><D114/><U8/><E26/><V100/><F100/><W3/><G38/><T95/><D37/><U20/><E20/><V98/><F98/><W57/><G122/><T64/><D43/><U72/><E72/><V74/><F4/><W33/><G3/><T103/><D103/><U105/><E47/><V106/><F106/><W134/><G134/><T27/><D27/><U80/><E80/><V42/><F82/><W17/><G67/><T0/><D0/><U118/><E102/><V131/><F74/><W34/><G34/><T92/><D64/><U101/><E101/><V76/><F131/><W75/><G75/><T96/><D95/><U66/><E66/><V127/><F112/><W77/><G77/><T61/><D71/><U2/><E2/><N who="2" m="311" /><F76/><W113/><G113/><T81/><D69/><U6/><E118/><V129/><F129/><W116/><G116/><T28/><D81/><U133/><E133/><V120/><F120/><W121/><G121/><T24/><D132/><U25/><E25/><AGARI ba="0,0" hai="1,7,11,14,17,23,25,30,33,52,57,63,85,86" machi="25" ten="40,5200,0" yaku="24,2,54,1" doraHai="130" who="3" fromWho="1" sc="373,0,40,-52,383,0,204,52" owari="373,17.3,-12,-51.2,383,48.3,256,-14.4" /></mjloggm>