<mjloggm ver="2.3"><GO type="169" lobby="0"/><UN n0="%E7%91%9E%E5%8E%9F%E3%83%B4%E3%82%A1%E3%82%AE%E3%83%8A" n1="%72%61%79%2A%6B%77%6B%6D" n2="%E3%81%82%E3%81%95%E3%81%B4%E3%82%93%EF%BC%A0%EF%BD%8D%EF%BD%8A" n3="%E3%81%97%E3%82%82%E3%82%93%E3%81%AC" dan="16,16,18,16" rate="2070.34,2084.75,2284.37,2185.23" sx="M,F,M,M"/><TAIKYOKU oya="0"/><INIT seed="0,0,0,4,5,14" ten="250,250,250,250" oya="0" hai0="97,13,17,120,131,15,63,55,108,26,93,78,18" hai1="30,56,109,96,42,90,88,114,3,75,39,67,1" hai2="80,68,6,53,105,110,9,124,28,60,47,135,125" hai3="34,10,103,16,4,76,84,51,106,89,132,79,94"/><T23/><D120/><U122/><E122/><V57/><F105/><W99/><G132/><T49/><D131/><U104/><E75/><V19/><F135/><W61/><G34/><T95/><D108/><U22/><E109/><V65/><F110/><W59/><G51/><T21/><D78/><U41/><E114/><V66/><F28/><W2/><REACH who="3" step="1"/><G16/><REACH who="3" ten="250,250,250,240" step="2"/><N who="0" m="12583" /><D63/><U81/><E39/><V115/><F19/><W0/><G0/><T91/><D95/><U48/><E1/><V86/><F60/><W118/><G118/><T37/><D37/><U112/><E3/><V130/><F130/><W8/><G8/><N who="0" m="6311" /><D55/><AGARI ba="0,1" hai="2,4,10,55,59,61,76,79,84,89,94,99,103,106" machi="55" ten="30,2000,0" yaku="1,1,7,1,53,0" doraHai="14" doraHaiUra="40" who="3" fromWho="0" sc="250,-20,250,0,250,0,240,30" /><INIT seed="1,0,0,2,2,23" ten="230,250,250,270" oya="1" hai0="62,133,39,114,60,71,43,59,66,113,99,20,117" hai1="40,30,3,101,127,22,90,44,102,123,57,31,103" hai2="12,96,77,52,109,81,28,55,98,78,129,48,63" hai3="80,83,92,64,42,125,88,11,104,73,67,65,128"/><U56/><E123/><V132/><F109/><W91/><G128/><T97/><D20/><U95/><E3/><V36/><F36/><W16/><G125/><T100/><D99/><U58/><E127/><V5/><F129/><W84/><G104/><T89/><D89/><U61/><E61/><V1/><F1/><W46/><G73/><T72/><D72/><U34/><E34/><V4/><F132/><W85/><G92/><T18/><D133/><U116/><E116/><V10/><F4/><W69/><G69/><T19/><D117/><U51/><REACH who="1" step="1"/><E22/><REACH who="1" ten="230,240,250,270" step="2"/><V111/><F63/><W75/><G75/><T14/><D62/><U37/><E37/><V76/><F111/><W47/><G42/><T33/><D33/><U45/><E45/><V7/><F55/><W13/><AGARI ba="0,1" hai="11,13,16,46,47,64,65,67,80,83,84,85,88,91" machi="13" ten="30,8000,1" yaku="0,1,9,1,8,1,54,2" doraHai="23" who="3" fromWho="3" sc="230,-20,240,-40,250,-20,270,90" /><INIT seed="2,0,0,1,0,65" ten="210,200,230,360" oya="2" hai0="13,127,47,70,41,132,45,17,121,5,111,39,104" hai1="9,38,37,101,78,80,56,74,84,67,126,110,118" hai2="43,117,63,40,44,115,88,21,25,61,6,14,30" hai3="3,113,114,96,129,134,35,0,50,119,130,135,106"/><V95/><F115/><N who="3" m="44043" /><G50/><T28/><D121/><U24/><E118/><V87/><F117/><W19/><G119/><T8/><D104/><U49/><E110/><V64/><F63/><W27/><G96/><T68/><D111/><U48/><E126/><V22/><F44/><W29/><G106/><T103/><D103/><U86/><E101/><V108/><F108/><W62/><G19/><T76/><D127/><U66/><E24/><V33/><F33/><W123/><G62/><T81/><D132/><N who="3" m="50729" /><G123/><T32/><D47/><U116/><E116/><V4/><F22/><W55/><G55/><T120/><D120/><U93/><E9/><V79/><F4/><W71/><G71/><T131/><D131/><AGARI ba="0,0" hai="0,3,27,29,35,129,130,131" m="50729,44043" machi="131" ten="40,12000,2" yaku="19,1,11,1,20,1,23,1,34,2" doraHai="65" who="3" fromWho="0" sc="210,-120,200,0,230,0,360,120" /><INIT seed="3,0,0,0,0,129" ten="90,200,230,480" oya="3" hai0="80,82,65,131,120,118,98,4,21,102,18,94,57" hai1="100,36,60,1,133,90,134,2,29,58,76,19,14" hai2="61,78,43,24,11,50,46,104,74,124,62,109,85" hai3="83,15,12,111,113,55,47,95,69,107,84,22,53"/><W54/><G107/><T87/><D131/><U75/><E36/><V112/><F112/><W39/><G113/><T101/><D118/><U88/><E100/><V48/><F104/><W49/><G69/><T33/><D120/><U8/><E29/><V86/><F74/><W10/><G39/><T121/><D121/><U103/><E103/><V130/><F130/><W59/><G111/><T71/><D33/><U117/><E117/><V6/><F109/><W45/><G95/><T66/><D71/><U81/><E1/><V27/><F124/><W126/><G126/><T135/><D102/><U67/><E2/><V79/><F46/><N who="3" m="17419" /><G22/><T63/><D4/><U44/><E44/><V40/><REACH who="2" step="1"/><F6/><REACH who="2" ten="90,200,220,480" step="2"/><N who="3" m="3159" /><G15/><T127/><D127/><U108/><REACH who="1" step="1"/><E108/><REACH who="1" ten="90,190,220,480" step="2"/><V115/><F115/><W25/><G25/><T99/><D135/><AGARI ba="0,2" hai="8,14,19,58,60,67,75,76,81,88,90,133,134,135" machi="135" ten="40,12000,2" yaku="1,1,2,1,20,1,52,3,54,1,53,0" doraHai="129" doraHaiUra="26" who="1" fromWho="0" sc="90,-120,190,140,220,0,480,0" owari="-30,-53.0,330,13.0,220,-18.0,480,58.0" /></mjloggm>