<mjloggm ver="2.3"><GO type="169" lobby="0"/><UN n0="%E8%B4%88%E4%BA%BA%E8%A9%A9%E6%96%BC%E5%A4%A2" n1="%E7%8A%B6%E6%85%8B%E9%BA%BB%E9%9B%80" n2="%70%6F%6E%2D%65%6E" n3="%E3%83%97%E3%83%AC%E3%82%B9%E3%83%97" dan="17,17,16,16" rate="2199.40,2227.76,2113.33,2169.34" sx="M,M,F,M"/><TAIKYOKU oya="0"/><INIT seed="0,0,0,1,5,113" ten="250,250,250,250" oya="0" hai0="50,112,74,55,5,44,34,75,99,132,77,119,63" hai1="35,57,93,110,15,21,76,60,105,27,88,115,130" hai2="51,111,36,37,1,38,103,17,6,43,49,45,129" hai3="24,29,69,100,26,90,78,48,20,3,8,31,92"/><T108/><D112/><U56/><E115/><V121/><F121/><W53/><G69/><T52/><D132/><U58/><E105/><V106/><F111/><W102/><G78/><T66/><D34/><U124/><E110/><V10/><F129/><W12/><G3/><T125/><D125/><U72/><E124/><V122/><F122/><W14/><G14/><T11/><D119/><U23/><E130/><V86/><F86/><W89/><G90/><T70/><D108/><U18/><E35/><V39/><REACH who="2" step="1"/><F17/><REACH who="2" ten="250,250,240,250" step="2"/><W116/><G116/><T114/><D114/><U118/><E118/><V4/><F4/><W94/><G29/><T123/><D123/><U40/><E72/><V41/><F41/><W28/><G28/><T134/><D134/><U120/><E40/><V64/><F64/><W109/><G109/><T104/><D77/><U33/><E76/><V62/><F62/><W83/><G31/><T91/><D55/><N who="1" m="33823" /><E120/><V65/><F65/><W7/><G53/><T25/><D75/><U82/><E33/><V22/><F22/><W127/><G20/><T61/><D74/><U42/><E42/><V96/><AGARI ba="0,1" hai="1,6,10,36,37,38,39,43,45,49,51,96,103,106" machi="96" ten="40,2700,0" yaku="1,1,0,1,53,0" doraHai="113" doraHaiUra="30" who="2" fromWho="2" sc="250,-13,250,-7,240,37,250,-7" /><INIT seed="1,0,0,1,2,52" ten="237,243,277,243" oya="1" hai0="85,56,72,30,15,131,6,27,106,10,69,8,94" hai1="120,127,114,73,48,70,132,97,75,53,76,13,17" hai2="60,43,77,32,82,26,29,89,66,2,125,67,9" hai3="59,122,46,130,18,109,35,128,80,81,22,123,57"/><U108/><E114/><V96/><F125/><W58/><G35/><T14/><D69/><U37/><E120/><N who="3" m="46122" /><G46/><T54/><D72/><U34/><E127/><V7/><F89/><W45/><G45/><T121/><D106/><U16/><E37/><V134/><F134/><W44/><G44/><T101/><D131/><N who="3" m="50217" /><G109/><T28/><D121/><U100/><E70/><V84/><F43/><W55/><G55/><T3/><D3/><U0/><E0/><V86/><F96/><W50/><G50/><T64/><D64/><U110/><E34/><V103/><F103/><W107/><G107/><T93/><D85/><U78/><E132/><V61/><REACH who="2" step="1"/><F84/><REACH who="2" ten="237,243,267,243" step="2"/><W119/><G119/><T115/><D101/><U36/><E75/><V24/><F24/><AGARI ba="0,1" hai="18,22,24,57,58,59,80,81" m="50217,46122" machi="24" ten="40,8000,1" yaku="19,1,52,3" doraHai="52" who="3" fromWho="2" sc="237,0,243,0,267,-80,243,90" /><INIT seed="2,0,0,0,2,122" ten="237,243,187,333" oya="2" hai0="83,33,25,29,114,89,59,124,35,107,19,37,103" hai1="23,132,14,28,13,52,11,6,49,79,134,54,78" hai2="76,58,104,34,12,130,81,126,27,57,66,128,9" hai3="48,97,133,3,26,94,2,60,40,41,105,111,84"/><V98/><F126/><W85/><G133/><N who="1" m="51306" /><E54/><V7/><F104/><W43/><G105/><T125/><D114/><U93/><E93/><V95/><F34/><W131/><G131/><N who="2" m="50217" /><F27/><W51/><G60/><T24/><D37/><U80/><E80/><V99/><F66/><W44/><G26/><T4/><D4/><U62/><E62/><V75/><F99/><W106/><G106/><T86/><D103/><AGARI ba="0,0" hai="7,9,12,57,58,75,76,81,95,98,103" m="50217" machi="103" ten="30,1500,0" yaku="19,1" doraHai="122" who="2" fromWho="0" sc="237,-15,243,0,187,15,333,0" /><INIT seed="2,1,0,3,4,11" ten="222,243,202,333" oya="2" hai0="119,3,94,18,63,27,15,67,12,76,20,0,82" hai1="69,42,111,84,61,124,80,85,62,116,106,59,37" hai2="127,100,74,9,126,103,31,24,30,64,75,16,68" hai3="40,122,83,89,51,66,96,22,49,79,110,102,133"/><V97/><F68/><W45/><G122/><T120/><D120/><U6/><E116/><V32/><F31/><W108/><G133/><T53/><D53/><U123/><E106/><V128/><F64/><W56/><G89/><T41/><D41/><U113/><E113/><V91/><F91/><W125/><G125/><N who="2" m="47625" /><F128/><W65/><G22/><T115/><D115/><U114/><E69/><V13/><F103/><W48/><G56/><T38/><D38/><U87/><E59/><V4/><F4/><W132/><G132/><T109/><D109/><N who="3" m="42089" /><G66/><T93/><D0/><U86/><E114/><V112/><F112/><W26/><G26/><T90/><D3/><U39/><E123/><V92/><AGARI ba="1,0" hai="9,13,16,24,30,32,74,75,92,97,100" m="47625" machi="92" ten="30,6000,0" yaku="18,1,52,1,54,1" doraHai="11" who="2" fromWho="2" sc="222,-21,243,-21,202,63,333,-21" /><INIT seed="2,2,0,4,4,88" ten="201,222,265,312" oya="2" hai0="16,22,9,103,71,97,81,52,129,20,115,62,80" hai1="74,96,104,126,135,111,85,37,94,7,39,8,93" hai2="24,28,107,46,95,109,106,54,91,73,55,83,133" hai3="36,66,33,30,69,11,48,53,131,70,32,10,56"/><V14/><F133/><W5/><G131/><T121/><D115/><U82/><E135/><V4/><F109/><W47/><G30/><T44/><D71/><U13/><E111/><V21/><F83/><N who="0" m="31818" /><D129/><U101/><E126/><V51/><F73/><W64/><G64/><T119/><D121/><U108/><E108/><V38/><F38/><W25/><G25/><T77/><D77/><U61/><E61/><V122/><F122/><W128/><G128/><T72/><D72/><U99/><E74/><V117/><F117/><W1/><G11/><T120/><D120/><U0/><E0/><V6/><F55/><W2/><G2/><T65/><D65/><U132/><E132/><V29/><F29/><W45/><G45/><T76/><D76/><U75/><E75/><V89/><F89/><W98/><G98/><T34/><D34/><U63/><E63/><V102/><F102/><W43/><G69/><T40/><D40/><U116/><E116/><V79/><F79/><W58/><G58/><N who="0" m="35143" /><D44/><U23/><E23/><V125/><F125/><W114/><G114/><T15/><D119/><U31/><E31/><V26/><F107/><W105/><G105/><T68/><D68/><U124/><E124/><V90/><F106/><W130/><G130/><T59/><D59/><U123/><E123/><V113/><F113/><W27/><G66/><T35/><D35/><N who="3" m="13385" /><G70/><T134/><D134/><U86/><E104/><V57/><F46/><W78/><G78/><T110/><D110/><U87/><REACH who="1" step="1"/><E82/><REACH who="1" ten="201,212,265,312" step="2"/><V49/><F57/><W12/><G1/><T60/><D60/><U50/><E50/><RYUUKYOKU ba="2,1" sc="201,10,212,10,265,-30,312,10" hai0="9,15,16,20,22,97,103" hai1="7,8,13,37,39,85,86,87,93,94,96,99,101" hai3="5,10,12,27,36,43,47,48,53,56" /><INIT seed="3,3,1,2,4,36" ten="211,222,235,322" oya="3" hai0="76,61,25,59,65,40,80,2,83,26,32,7,95" hai1="69,67,119,43,58,29,17,109,55,34,52,14,93" hai2="116,77,1,27,105,118,8,124,98,121,6,117,114" hai3="5,89,123,47,72,73,50,91,24,54,103,35,92"/><W84/><G123/><T68/><D80/><U39/><E109/><V74/><F114/><W13/><G103/><T53/><D32/><U48/><E119/><V66/><F124/><W127/><G127/><T4/><D95/><U15/><E55/><V100/><F66/><W120/><G120/><T3/><D3/><U23/><E34/><V31/><F121/><W75/><G89/><T37/><D4/><U63/><E29/><V112/><F112/><W11/><G35/><T134/><D134/><U110/><E110/><V107/><F107/><W101/><G101/><T133/><D7/><U129/><E129/><V46/><F46/><W106/><REACH who="3" step="1"/><G24/><REACH who="3" ten="211,222,235,312" step="2"/><T44/><D133/><U9/><E93/><V30/><F117/><W12/><G12/><T41/><D2/><U108/><E108/><V51/><F116/><W104/><AGARI ba="3,2" hai="5,11,13,47,50,54,72,73,75,84,91,92,104,106" machi="104" ten="40,3900,0" yaku="1,1,0,1,53,0" doraHai="36" doraHaiUra="38" who="3" fromWho="3" sc="211,-16,222,-16,235,-16,312,68" /><INIT seed="3,4,0,3,2,120" ten="195,206,219,380" oya="3" hai0="31,60,37,62,40,25,50,105,49,16,127,58,86" hai1="88,38,21,27,102,125,90,128,85,10,108,92,111" hai2="57,0,115,26,9,12,23,44,11,53,7,35,28" hai3="41,117,135,116,133,19,74,89,30,42,77,51,32"/><W82/><G32/><T131/><D105/><U56/><E38/><V24/><F44/><W8/><G30/><T2/><D2/><U59/><E128/><V39/><F57/><W126/><G126/><T63/><D131/><U124/><E102/><V73/><F53/><W106/><G106/><T66/><D37/><U22/><E10/><V1/><F73/><W103/><G103/><T65/><D40/><U76/><E76/><V70/><F70/><W83/><G19/><T107/><D107/><U132/><E132/><N who="3" m="50762" /><G8/><T93/><D62/><U81/><E59/><V72/><F72/><W5/><G5/><T6/><D6/><U129/><E56/><V75/><F75/><W33/><G33/><T48/><D127/><N who="1" m="48715" /><E129/><V84/><F84/><N who="3" m="50335" /><G51/><T87/><D93/><U100/><E100/><V104/><F39/><W119/><AGARI ba="4,0" hai="41,42,74,77,82,116,117,119" m="50335,50762" machi="119" ten="40,2100,0" yaku="20,1" doraHai="120" who="3" fromWho="3" sc="195,-11,206,-11,219,-11,380,33" /><INIT seed="3,5,0,3,0,104" ten="184,195,208,413" oya="3" hai0="52,60,102,127,85,57,64,59,66,56,53,92,77" hai1="40,7,38,113,51,83,131,55,111,13,97,54,95" hai2="118,63,101,61,117,135,4,27,29,14,100,108,86" hai3="76,30,69,21,87,75,32,12,42,84,103,128,2"/><W25/><G69/><T81/><D127/><U105/><E113/><V20/><F108/><W109/><G128/><T124/><D124/><U121/><E121/><V26/><F135/><W114/><G114/><T3/><D3/><U112/><E105/><V10/><F118/><W99/><G2/><T107/><D107/><U44/><E112/><V91/><F117/><W98/><G42/><T80/><D80/><U6/><E111/><V1/><F1/><W70/><G70/><T19/><D19/><U50/><E131/><V65/><F27/><W36/><G36/><T72/><D59/><U8/><E38/><V16/><F4/><W73/><G99/><T82/><D92/><U106/><E106/><V125/><F125/><W68/><G68/><T37/><D102/><N who="2" m="39530" /><F65/><W48/><G48/><T58/><D58/><U78/><E7/><V115/><F115/><W0/><G0/><T22/><D22/><U133/><E51/><V46/><F46/><W120/><G120/><T123/><D123/><U41/><E41/><V134/><F134/><W96/><G96/><T62/><D37/><U43/><E43/><V79/><F79/><AGARI ba="5,0" hai="52,53,56,57,60,62,64,66,72,77,79,81,82,85" machi="79" ten="30,7700,0" yaku="7,1,9,1,52,1,54,1" doraHai="104" who="0" fromWho="2" sc="184,92,195,0,208,-92,413,0" /><INIT seed="4,0,0,5,1,128" ten="276,195,116,413" oya="0" hai0="69,75,60,121,18,109,37,57,104,116,15,93,111" hai1="29,32,83,70,42,79,129,89,78,102,66,56,88" hai2="82,106,134,132,7,100,99,1,84,50,130,52,0" hai3="64,4,92,68,120,35,22,94,113,105,33,28,90"/><T101/><D75/><U61/><E129/><V103/><F103/><W45/><G105/><T44/><D116/><U98/><E42/><V118/><F118/><W96/><G113/><T125/><D121/><U76/><E83/><V122/><F122/><W41/><G120/><T16/><D69/><U34/><E56/><V95/><F106/><W131/><G131/><T36/><D104/><N who="1" m="63575" /><E34/><V62/><F62/><W115/><G4/><T135/><D18/><U53/><E53/><V8/><F130/><W72/><G72/><T85/><D125/><U58/><E58/><V117/><F117/><W81/><G81/><T112/><D112/><U49/><E49/><V3/><F52/><W74/><G74/><T108/><D44/><U107/><E107/><V73/><F50/><W119/><G115/><T63/><D63/><U5/><E5/><V114/><F73/><W124/><G124/><T67/><D36/><U25/><AGARI ba="0,0" hai="25,29,32,61,66,70,76,78,79,88,89" m="63575" machi="25" ten="30,2000,0" yaku="25,1,54,1" doraHai="128" who="1" fromWho="1" sc="276,-10,195,20,116,-5,413,-5" /><INIT seed="5,0,0,3,5,7" ten="266,215,111,408" oya="1" hai0="77,29,2,0,68,81,82,88,70,56,76,57,110" hai1="85,123,103,108,66,20,13,87,39,101,124,93,27" hai2="5,53,111,33,12,102,58,14,65,126,96,26,23" hai3="130,105,78,120,45,98,69,25,55,18,32,92,49"/><U99/><E123/><V41/><F111/><W71/><G120/><T131/><D29/><U132/><E39/><V51/><F126/><W61/><G130/><T37/><D37/><U84/><E124/><V22/><F33/><W134/><G78/><T119/><D110/><U34/><E108/><V9/><F41/><W74/><G74/><T43/><D43/><U67/><E132/><V17/><F65/><W8/><G105/><T113/><D113/><U11/><E101/><V59/><F59/><W1/><G61/><T86/><D86/><U114/><E34/><V42/><F42/><W79/><G79/><T106/><D106/><U75/><E75/><V52/><F53/><W19/><G1/><T118/><REACH who="0" step="1"/><D88/><REACH who="0" ten="256,215,111,408" step="2"/><N who="1" m="55719" /><E114/><V94/><REACH who="2" step="1"/><F23/><REACH who="2" ten="256,215,101,408" step="2"/><W47/><G32/><T133/><D133/><U38/><E38/><V83/><F83/><W90/><G134/><T104/><D104/><U15/><E67/><V48/><F48/><W6/><G49/><T97/><D97/><U44/><E66/><V54/><F54/><W117/><G55/><T46/><D46/><U95/><E44/><V35/><F35/><W50/><G47/><T122/><D122/><U40/><E40/><V60/><F60/><W21/><G45/><T89/><D89/><U16/><E103/><V3/><AGARI ba="0,2" hai="3,5,9,12,14,17,22,26,51,52,58,94,96,102" machi="3" ten="20,8000,1" yaku="1,1,0,1,7,1,52,1,54,1,53,0" doraHai="7" doraHaiUra="128" who="2" fromWho="2" sc="256,-20,215,-40,101,100,408,-20" /><INIT seed="6,0,0,3,1,107" ten="236,175,201,388" oya="2" hai0="85,92,94,46,98,122,112,58,66,47,96,114,60" hai1="124,55,11,116,29,73,49,16,36,62,57,67,126" hai2="108,95,83,7,53,20,54,24,33,121,26,14,123" hai3="82,3,134,74,77,79,5,34,1,65,48,32,10"/><V102/><F108/><W101/><G134/><T45/><D122/><U22/><E116/><V9/><F121/><W129/><G129/><T89/><D85/><U125/><E36/><V15/><F123/><W43/><G1/><T104/><D104/><U109/><E109/><V61/><F83/><W64/><G77/><T128/><D128/><U76/><E11/><N who="2" m="4479" /><F33/><W30/><G101/><T91/><AGARI ba="0,0" hai="45,46,47,58,60,66,89,91,92,94,96,98,112,114" machi="91" ten="30,2000,0" yaku="0,1,9,1" doraHai="107" who="0" fromWho="0" sc="236,20,175,-5,201,-10,388,-5" /><INIT seed="7,0,0,5,2,77" ten="256,170,191,383" oya="3" hai0="75,43,56,113,102,134,122,76,23,11,124,85,8" hai1="101,2,114,82,128,19,92,34,53,44,80,129,52" hai2="123,130,111,106,126,105,16,57,61,10,40,94,115" hai3="38,103,69,46,30,93,131,100,9,31,26,121,78"/><W110/><G93/><T135/><D75/><U133/><E114/><V27/><F111/><W54/><G54/><N who="1" m="21098" /><E34/><V58/><F115/><W24/><G9/><T99/><D124/><U79/><E2/><V63/><F126/><W74/><G78/><T98/><D56/><N who="2" m="21610" /><F130/><N who="1" m="50281" /><E133/><V89/><F123/><W6/><G74/><T73/><D23/><U22/><E79/><V118/><F118/><W55/><G55/><T32/><D85/><U35/><E35/><V60/><F105/><W13/><G46/><T45/><D32/><U17/><E44/><V18/><F106/><W83/><G100/><T0/><D122/><U86/><E19/><N who="2" m="7211" /><F40/><W108/><G110/><T84/><D113/><U62/><E62/><V64/><F64/><W20/><G108/><T4/><D134/><U107/><E107/><V96/><F10/><W36/><G121/><T132/><D11/><U48/><E48/><V117/><F117/><W81/><G36/><T7/><D8/><U5/><E5/><V104/><F104/><W39/><G38/><T88/><D4/><U71/><E71/><V59/><N who="2" m="21618" /><V91/><DORA hai="37" /><F27/><W65/><G39/><T87/><D132/><U119/><E119/><V90/><AGARI ba="0,0" hai="60,61,63,89,90,91,94,96" m="7211,21618" machi="90" ten="40,2700,0" yaku="8,1,54,1" doraHai="77,37" who="2" fromWho="2" sc="256,-7,170,-7,191,27,383,-13" owari="249,4.9,163,-33.7,218,-18.2,370,47.0" /></mjloggm>