<mjloggm ver="2.3"><GO type="225" lobby="0"/><UN n0="%E9%A6%AC%E5%BC%95%E7%81%AB%33" n1="%E6%97%A5%E6%9B%9C%E6%97%A5%E3%82%88%E3%82%8A%E3%81%AE%E4%BD%BF%E8%80%85" n2="%E5%91%A8%E6%9D%B1" n3="%E3%81%82%E3%81%84%E3%81%82%E3%81%8A%E3%81%84" dan="16,17,16,18" rate="2139.00,2197.16,2192.36,2197.30" sx="M,M,M,M"/><TAIKYOKU oya="0"/><INIT seed="0,0,0,5,1,108" ten="250,250,250,250" oya="0" hai0="48,120,90,92,101,93,53,129,19,67,43,21,45" hai1="76,99,11,132,16,84,63,135,109,22,96,83,56" hai2="40,18,86,54,52,81,117,71,100,7,105,55,91" hai3="51,134,27,31,79,73,8,82,74,102,112,25,68"/><T115/><D120/><U34/><E34/><V46/><F117/><W4/><G68/><T26/><D129/><U125/><E11/><V38/><F71/><W111/><G111/><T107/><D115/><U124/><E109/><V49/><F7/><W28/><G134/><N who="1" m="51242" /><E99/><V114/><F114/><W66/><G66/><T5/><D107/><U110/><E96/><V87/><F105/><W24/><G112/><T95/><D67/><N who="1" m="39399" /><E110/><V75/><F75/><W60/><G60/><T58/><D5/><U106/><E106/><V0/><F100/><W57/><G102/><T119/><D119/><U133/><N who="1" m="51250" /><U64/><DORA hai="42" /><E64/><V35/><F35/><W123/><G74/><T6/><D6/><U1/><E1/><V94/><F0/><W78/><G123/><T98/><REACH who="0" step="1"/><D101/><REACH who="0" ten="240,250,250,250" step="2"/><U70/><E70/><V14/><F38/><AGARI ba="0,1" hai="19,21,26,38,43,45,48,53,58,90,92,93,95,98" machi="38" ten="30,18000,2" yaku="1,1,2,1,7,1,52,1,53,3" doraHai="108,42" doraHaiUra="2,89" who="0" fromWho="2" sc="240,190,250,0,250,-180,250,0" /><INIT seed="0,1,0,2,3,64" ten="430,250,70,250" oya="0" hai0="77,94,31,13,55,39,129,102,70,117,45,114,21" hai1="8,35,37,32,28,24,125,48,78,56,34,5,85" hai2="3,106,75,134,119,74,100,89,15,84,12,98,18" hai3="46,49,95,58,118,41,88,92,76,97,6,7,47"/><T121/><D114/><U57/><E37/><V61/><F3/><W81/><G118/><T72/><D121/><U132/><E125/><V104/><F119/><W127/><G127/><T67/><D129/><U65/><E132/><V73/><F134/><W44/><G95/><T62/><D117/><U105/><E105/><V71/><F104/><W123/><G123/><T42/><D55/><U96/><E96/><V87/><F12/><W110/><G110/><T113/><D113/><U2/><E48/><V131/><F131/><W116/><G116/><T17/><D31/><U109/><E109/><V19/><F18/><W25/><G25/><T26/><D77/><U80/><REACH who="1" step="1"/><E65/><REACH who="1" ten="430,240,70,250" step="2"/><V130/><F130/><W103/><G103/><T122/><D122/><U93/><E93/><V20/><REACH who="2" step="1"/><F89/><REACH who="2" ten="430,240,60,250" step="2"/><W91/><G91/><T69/><D102/><U79/><E79/><V60/><F60/><W83/><G76/><T11/><D62/><U54/><E54/><V128/><F128/><W99/><G88/><T63/><D63/><U107/><E107/><V124/><F124/><W52/><G52/><T120/><D120/><U135/><E135/><V133/><F133/><W68/><G41/><T40/><D40/><U90/><E90/><V86/><F86/><W59/><G99/><T112/><D42/><U4/><E4/><V22/><F22/><AGARI ba="1,2" hai="2,5,8,22,24,28,32,34,35,56,57,78,80,85" machi="22" ten="40,1300,0" yaku="1,1,53,0" doraHai="64" doraHaiUra="9" who="1" fromWho="2" sc="430,0,240,36,60,-16,250,0" /><INIT seed="1,0,0,1,5,79" ten="430,276,44,250" oya="1" hai0="56,73,84,57,19,9,40,105,101,89,130,125,49" hai1="107,50,115,23,38,87,106,7,99,20,119,41,120" hai2="32,135,110,36,111,62,90,132,126,26,21,54,108" hai3="16,71,13,66,77,80,78,42,34,11,82,124,74"/><U48/><E38/><V47/><F32/><W61/><G124/><T114/><D73/><U64/><E41/><N who="2" m="22951" /><F90/><W35/><REACH who="3" step="1"/><G42/><REACH who="3" ten="430,276,44,240" step="2"/><T129/><D40/><U109/><E115/><V30/><F126/><W53/><G53/><T93/><D114/><U31/><E120/><V60/><F54/><W96/><G96/><T37/><D125/><U95/><E99/><V25/><F25/><W5/><G5/><T6/><D6/><U1/><E7/><V4/><F4/><W91/><G91/><T133/><D89/><U59/><E1/><V67/><F67/><W24/><G24/><T116/><D130/><U94/><E64/><V39/><F39/><W8/><G8/><T33/><D9/><U98/><E98/><V2/><F2/><W75/><AGARI ba="0,1" hai="11,13,16,34,35,61,66,71,74,75,77,78,80,82" machi="75" ten="20,12000,2" yaku="1,1,0,1,7,1,9,1,52,2,54,1,53,0" doraHai="79" doraHaiUra="3" who="3" fromWho="3" sc="430,-30,276,-60,44,-30,240,130" /><INIT seed="2,0,0,3,0,74" ten="400,216,14,370" oya="2" hai0="61,60,50,119,47,36,102,43,130,127,38,7,121" hai1="55,99,6,115,18,0,86,56,62,12,35,104,129" hai2="8,20,30,68,75,124,89,112,116,64,41,133,46" hai3="110,65,84,5,87,11,111,81,82,22,44,98,103"/><V37/><F116/><W32/><G32/><T122/><D102/><U34/><E115/><V19/><F112/><W54/><G65/><T1/><D7/><U109/><E109/><N who="3" m="41482" /><G22/><T95/><D95/><U39/><E39/><N who="0" m="14889" /><D1/><U42/><E129/><V105/><F105/><N who="3" m="63735" /><G44/><T25/><D25/><U67/><E42/><V85/><F133/><W120/><G54/><T21/><D21/><U80/><E6/><V78/><F124/><W117/><G117/><T96/><D96/><U66/><E0/><V72/><F30/><W58/><G58/><T57/><D119/><U73/><E73/><V33/><F33/><W106/><G106/><T88/><D130/><U118/><E118/><V113/><F113/><W48/><G48/><T135/><D127/><U13/><E104/><V94/><F8/><W71/><G71/><T79/><D60/><U101/><E62/><V131/><F131/><W90/><G5/><T23/><D23/><U63/><E63/><V123/><F123/><W40/><G40/><T125/><D57/><U2/><E56/><V100/><F100/><W52/><G52/><T26/><D61/><U83/><E101/><V77/><F68/><W93/><G11/><T92/><D125/><U69/><E69/><V31/><F64/><W9/><G9/><T53/><D135/><U108/><E67/><V15/><REACH who="2" step="1"/><F31/><REACH who="2" ten="400,216,4,370" step="2"/><W27/><G120/><T132/><D132/><U70/><E35/><V10/><F10/><W4/><G4/><T128/><D122/><U29/><E34/><V59/><F59/><W134/><G134/><T28/><D121/><U76/><E29/><RYUUKYOKU ba="0,1" sc="400,-10,216,-10,4,30,370,-10" hai2="15,19,20,37,41,46,72,75,77,78,85,89,94" /><INIT seed="2,1,1,1,4,73" ten="390,206,34,360" oya="2" hai0="92,25,26,123,27,48,59,78,102,15,93,80,10" hai1="112,13,41,45,54,39,115,62,60,57,87,23,88" hai2="72,77,132,49,134,24,8,29,0,58,36,125,56" hai3="21,4,38,33,114,20,1,16,19,104,46,55,119"/><V50/><F36/><W82/><G104/><T126/><D123/><U75/><E75/><V64/><F125/><W85/><G33/><T53/><D126/><U63/><E115/><V118/><F118/><W83/><G119/><T124/><D124/><U84/><E84/><V76/><F72/><W94/><G114/><T110/><D110/><U42/><E42/><V68/><F68/><W107/><G107/><T91/><D102/><U120/><E120/><V67/><F8/><W90/><G1/><T3/><D91/><U14/><E112/><V11/><F11/><W111/><G4/><T61/><D61/><U74/><E74/><V5/><F5/><W9/><G9/><T7/><D3/><U135/><E135/><V66/><F0/><W113/><G111/><T69/><D69/><U116/><E116/><V44/><F24/><N who="3" m="14343" /><G38/><T30/><D30/><U43/><E43/><V109/><F29/><W51/><G113/><T65/><D65/><U89/><E89/><V97/><F97/><W99/><G99/><T17/><D7/><U121/><E121/><V34/><F34/><W128/><G128/><T108/><D108/><U117/><E117/><V95/><F109/><W18/><G18/><T32/><D32/><U96/><E96/><V103/><F103/><W6/><G6/><T2/><D2/><U101/><E101/><V127/><F127/><W22/><G22/><T37/><D37/><U98/><E98/><V133/><F95/><W71/><G71/><T81/><D81/><N who="1" m="49263" /><E23/><V40/><F133/><W100/><G100/><T31/><D31/><U12/><AGARI ba="1,1" hai="12,13,14,39,41,45,54,57,60,62,63" m="49263" machi="12" ten="30,2000,0" yaku="5,1,54,1" doraHai="73" who="1" fromWho="1" sc="390,-6,206,33,34,-11,360,-6" /><INIT seed="3,0,0,3,0,27" ten="384,239,23,354" oya="3" hai0="78,133,91,30,88,131,100,40,105,70,64,93,43" hai1="119,71,39,107,34,112,52,83,66,12,57,94,77" hai2="113,46,21,35,127,36,11,60,1,126,117,122,2" hai3="74,73,101,111,45,121,42,44,115,128,38,69,14"/><W26/><G115/><T7/><D78/><U32/><E112/><V22/><F60/><W82/><G121/><T125/><D105/><U33/><E107/><V37/><F46/><W29/><G69/><T85/><D100/><U129/><E39/><V124/><F113/><W6/><G128/><T50/><D131/><U53/><E129/><V15/><F122/><W135/><G135/><T62/><D133/><U47/><E119/><V25/><F117/><W95/><G111/><T23/><D125/><U13/><E71/><V116/><F116/><W8/><G45/><T84/><D7/><U110/><E110/><V89/><F89/><W86/><G95/><T67/><D67/><U18/><E94/><V134/><F134/><W96/><G96/><T0/><D50/><U81/><E66/><V16/><F37/><W56/><G56/><T55/><D55/><U59/><E47/><V108/><F36/><W19/><G19/><T54/><D54/><U114/><E114/><V75/><F75/><W130/><G101/><T120/><D0/><U24/><E24/><V17/><F108/><W68/><G68/><T4/><D4/><U90/><E90/><V65/><F65/><W97/><G97/><T10/><D10/><U92/><E92/><V9/><F35/><W104/><G104/><T72/><D72/><U5/><E5/><V132/><F132/><W79/><REACH who="3" step="1"/><G130/><REACH who="3" ten="384,239,23,344" step="2"/><T28/><D120/><U99/><E99/><V106/><F106/><W109/><G109/><T20/><D70/><U51/><E18/><V87/><F87/><N who="0" m="33354" /><D93/><U76/><E34/><AGARI ba="0,1" hai="6,8,14,26,29,34,38,42,44,73,74,79,82,86" machi="34" ten="30,11600,0" yaku="1,1,7,1,52,1,53,1" doraHai="27" doraHaiUra="41" who="3" fromWho="1" sc="384,0,239,-116,23,0,344,126" owari="384,18.4,123,-27.7,23,-47.7,470,57.0" /></mjloggm>