<mjloggm ver="2.3"><GO type="169" lobby="0"/><UN n0="%E3%81%A6%E3%82%93%E3%81%8F%E3%81%86" n1="%E6%9D%B1%E6%96%B9%E5%AE%9A%E5%8A%A9" n2="%58%E7%8C%AB" n3="%E9%81%8B%E3%81%A7%E5%8B%9D%E3%81%A4" dan="16,16,16,17" rate="2192.39,2124.37,2053.44,2165.35" sx="M,M,M,M"/><TAIKYOKU oya="0"/><INIT seed="0,0,0,0,0,28" ten="250,250,250,250" oya="0" hai0="18,121,13,40,103,11,26,63,45,123,77,118,27" hai1="117,135,97,68,91,107,84,50,3,82,116,72,62" hai2="133,108,75,20,89,105,64,79,7,67,70,61,4" hai3="38,126,14,30,56,58,132,21,94,19,119,125,1"/><T88/><D118/><U24/><E3/><V5/><F105/><W85/><G119/><T35/><D77/><U8/><E8/><V114/><F114/><W101/><G38/><T130/><D103/><U44/><E135/><V66/><F79/><W111/><G1/><T129/><D63/><U120/><E120/><V86/><F75/><W23/><G132/><T73/><D73/><U2/><E2/><V100/><F100/><W59/><G111/><T92/><D45/><U109/><E72/><V124/><F108/><W106/><G106/><T33/><D40/><U134/><E107/><V78/><F78/><W131/><G131/><N who="0" m="50187" /><D27/><U17/><E44/><V0/><F133/><W53/><G53/><T34/><D26/><U51/><E24/><V22/><F0/><W9/><G30/><T74/><D74/><U93/><E62/><V102/><F102/><W36/><G36/><T80/><D80/><U54/><E82/><V110/><F110/><W128/><G128/><T39/><D39/><U96/><E54/><V48/><F48/><W99/><REACH who="3" step="1"/><G85/><AGARI ba="0,0" hai="11,13,18,33,34,35,85,88,92,121,123" m="50187" machi="85" ten="40,12000,1" yaku="19,1,52,3,54,1" doraHai="28" who="0" fromWho="3" sc="250,120,250,0,250,0,250,-120" /><INIT seed="0,1,0,5,1,44" ten="370,250,250,130" oya="0" hai0="21,114,92,56,83,86,118,101,76,3,26,50,87" hai1="12,121,0,65,115,29,112,24,107,19,18,55,47" hai2="99,88,36,2,67,13,54,117,120,41,28,84,105" hai3="72,31,95,59,6,10,106,37,20,61,80,69,68"/><T103/><D114/><U131/><E107/><V62/><F120/><W104/><G37/><T70/><D70/><U49/><E121/><V119/><F2/><W100/><G72/><T58/><D3/><U97/><E0/><V35/><F13/><W125/><G80/><T25/><D118/><U128/><E97/><V85/><F41/><W57/><G125/><T34/><D34/><N who="1" m="20775" /><E65/><V7/><F7/><W78/><G78/><T71/><D71/><U90/><E90/><V93/><F36/><W132/><G59/><T130/><D130/><N who="1" m="49707" /><E19/><V64/><F64/><W43/><G106/><T60/><D60/><U46/><E47/><V75/><F75/><W30/><G104/><T123/><D123/><U1/><E1/><V135/><F67/><W96/><G30/><T98/><D103/><U4/><E4/><V113/><F105/><W94/><G31/><N who="0" m="17839" /><D56/><U22/><AGARI ba="1,0" hai="12,18,22,46,49,55,112,115" m="49707,20775" machi="22" ten="30,2000,0" yaku="19,1,52,1" doraHai="44" who="1" fromWho="1" sc="370,-11,250,23,250,-6,130,-6" /><INIT seed="1,0,0,4,0,57" ten="359,273,244,124" oya="1" hai0="16,47,21,91,122,95,65,23,7,108,83,132,98" hai1="3,44,87,110,59,70,111,109,41,104,32,19,14" hai2="45,66,79,76,90,49,51,35,81,78,6,40,106" hai3="13,84,61,115,17,116,60,126,26,131,112,38,12"/><U46/><E3/><V128/><F106/><W64/><G38/><T123/><D108/><U120/><E120/><N who="0" m="46121" /><D132/><U67/><E70/><V24/><F128/><W8/><G131/><T99/><D7/><U27/><E104/><V56/><F35/><W2/><G2/><T135/><D135/><U55/><E67/><V85/><F24/><W124/><G26/><T92/><D23/><U127/><E127/><N who="3" m="48682" /><G116/><T31/><D31/><N who="1" m="19583" /><E87/><V1/><F1/><W97/><G64/><T36/><D65/><U107/><E41/><V73/><F6/><N who="3" m="3095" /><G84/><N who="0" m="50591" /><D99/><U118/><E118/><V30/><F30/><W119/><G97/><T63/><D98/><U10/><E107/><V5/><F5/><W100/><G100/><T129/><D129/><U96/><E96/><V11/><F11/><N who="3" m="6335" /><G119/><T117/><D117/><U89/><E89/><V39/><F73/><W102/><G102/><T18/><D36/><U37/><E37/><V82/><F82/><W69/><G69/><T42/><D95/><U93/><E93/><V80/><F80/><W4/><G4/><T94/><D92/><U121/><E121/><V20/><F66/><W0/><G0/><T58/><D94/><U28/><E28/><V53/><F39/><W48/><G48/><AGARI ba="0,0" hai="10,14,19,44,46,48,55,59,109,110,111" m="19583" machi="48" ten="30,2900,0" yaku="14,1,10,1" doraHai="57" who="1" fromWho="3" sc="359,0,273,29,244,0,124,-29" /><INIT seed="1,1,0,0,4,116" ten="359,302,244,95" oya="1" hai0="99,35,59,50,79,5,49,66,130,14,67,89,42" hai1="96,48,38,85,103,9,43,120,119,4,82,20,75" hai2="23,29,135,94,123,126,13,0,56,122,133,69,70" hai3="97,80,3,61,109,108,121,41,51,88,12,46,16"/><U19/><E119/><V52/><F0/><W98/><G3/><T86/><D35/><U1/><E75/><V124/><F94/><W91/><G61/><T118/><D118/><U132/><E132/><N who="2" m="50763" /><F29/><W101/><G121/><N who="2" m="46089" /><F23/><W15/><G15/><T112/><D130/><U44/><E120/><V60/><F13/><W7/><G7/><T21/><D112/><U10/><E10/><V84/><F84/><N who="3" m="50183" /><G91/><T72/><D72/><U104/><E20/><V100/><F100/><W77/><G77/><T24/><D79/><U57/><E19/><V25/><F25/><W27/><G27/><T65/><D99/><U87/><E82/><V26/><F26/><W31/><G31/><T71/><D71/><AGARI ba="1,0" hai="52,56,60,69,70,71,124,126" m="46089,50763" machi="71" ten="40,12000,2" yaku="20,1,34,2,52,3,54,1" doraHai="116" who="2" fromWho="0" sc="359,-123,302,0,244,123,95,0" /><INIT seed="2,0,0,4,0,104" ten="236,302,367,95" oya="2" hai0="75,2,90,109,133,48,123,116,100,45,96,72,41" hai1="106,13,5,11,43,21,102,94,50,77,15,44,27" hai2="56,130,49,42,40,126,60,38,101,87,46,113,69" hai3="4,8,20,31,28,66,95,29,81,1,128,63,53"/><V134/><F101/><W124/><G124/><T118/><D123/><U16/><E106/><V89/><F113/><W9/><G128/><T51/><D2/><U79/><REACH who="1" step="1"/><E27/><REACH who="1" ten="236,292,367,95" step="2"/><V34/><F130/><W59/><G31/><T76/><D116/><U39/><E39/><V74/><F126/><W36/><G36/><T35/><D118/><U54/><E54/><V114/><F114/><W99/><G53/><T24/><D24/><U93/><E93/><V107/><F107/><W108/><G108/><T112/><D112/><U127/><E127/><V120/><F120/><W86/><G29/><T67/><D67/><U115/><E115/><V3/><F134/><W84/><G28/><T12/><D133/><U125/><E125/><V85/><F40/><W82/><G95/><T57/><D41/><U65/><E65/><V10/><F38/><W22/><G66/><T25/><D25/><U103/><E103/><V61/><F42/><W19/><G82/><T62/><D100/><U18/><E18/><V80/><F80/><W70/><G81/><T111/><D111/><U68/><E68/><V131/><F69/><W129/><G19/><T105/><D105/><U117/><E117/><V64/><F131/><W121/><G70/><T132/><D132/><U73/><E73/><V55/><F74/><W58/><G129/><T6/><D75/><U0/><E0/><V26/><F26/><W135/><G121/><T14/><D72/><U97/><AGARI ba="0,1" hai="5,11,13,15,16,21,43,44,50,77,79,94,97,102" machi="97" ten="30,7900,0" yaku="1,1,0,1,8,1,54,1,53,0" doraHai="104" doraHaiUra="71" who="1" fromWho="1" sc="236,-20,292,89,367,-39,95,-20" /><INIT seed="3,0,0,4,3,100" ten="216,381,328,75" oya="3" hai0="20,102,105,43,64,54,15,134,131,40,77,12,4" hai1="47,10,33,0,87,23,117,3,27,34,119,28,92" hai2="112,57,80,13,124,93,67,46,38,127,86,61,116" hai3="29,125,79,95,58,84,110,123,128,16,70,114,8"/><W101/><G70/><T51/><D134/><U99/><E87/><V44/><F112/><W71/><G71/><T42/><D131/><U121/><E121/><V73/><F116/><N who="1" m="44617" /><E47/><V83/><F13/><W75/><G114/><T59/><D77/><U6/><E3/><V130/><F130/><W90/><G128/><T94/><D94/><U25/><E25/><V126/><F38/><W118/><G118/><T85/><D85/><U132/><E132/><V36/><F36/><W129/><G123/><T60/><D4/><U18/><E28/><V69/><F69/><W37/><G37/><T39/><D39/><U135/><E135/><V109/><F109/><W41/><G29/><T55/><D20/><U17/><E17/><V5/><F5/><W91/><G41/><T78/><D78/><U53/><E53/><V30/><F30/><W2/><G129/><T50/><D54/><U68/><E68/><V65/><F65/><W96/><G75/><T72/><D72/><U106/><E106/><V49/><F44/><W88/><G125/><T82/><D51/><U56/><E56/><V35/><F35/><W115/><G115/><T24/><D24/><U107/><E107/><V63/><F63/><W19/><G58/><N who="0" m="33143" /><D82/><U104/><E104/><V1/><F1/><W122/><G122/><T89/><D89/><AGARI ba="0,0" hai="0,6,10,18,23,27,33,34,89,92,99" m="44617" machi="89" ten="30,1000,0" yaku="12,1" doraHai="100" who="1" fromWho="0" sc="216,-10,381,10,328,0,75,0" /><INIT seed="4,0,0,4,1,53" ten="206,391,328,75" oya="0" hai0="84,72,18,94,31,57,61,132,25,34,86,69,126" hai1="1,128,13,50,49,103,62,26,135,48,83,111,79" hai2="112,89,3,20,68,42,32,114,123,46,77,21,116" hai3="95,122,5,11,0,107,38,29,121,101,82,88,75"/><T133/><D72/><U55/><E111/><V104/><F123/><W41/><G29/><T97/><D69/><U65/><E1/><V36/><F32/><W37/><G107/><T71/><D71/><U44/><E128/><V12/><F3/><W70/><G70/><T58/><D61/><U80/><E135/><N who="0" m="51785" /><D18/><U85/><E103/><V60/><F104/><W124/><G101/><N who="0" m="60599" /><D126/><U78/><E26/><V98/><F77/><N who="3" m="44351" /><G124/><T102/><D102/><U24/><E24/><V59/><F68/><W15/><G15/><T131/><D131/><U64/><E13/><V9/><F116/><W90/><G38/><T28/><D28/><U74/><E65/><V22/><F89/><N who="3" m="34411" /><G95/><T56/><AGARI ba="0,0" hai="25,31,34,56,57,58,84,86" m="60599,51785" machi="56" ten="30,11700,0" yaku="20,1,52,3" doraHai="53" who="0" fromWho="0" sc="206,117,391,-39,328,-39,75,-39" /><INIT seed="4,1,0,3,3,112" ten="323,352,289,36" oya="0" hai0="120,62,53,21,129,19,5,6,64,74,131,101,135" hai1="100,76,32,99,48,24,130,37,79,133,9,36,70" hai2="11,41,107,80,23,119,87,65,77,124,18,117,33" hai3="61,8,104,102,106,28,43,3,123,110,73,14,83"/><T22/><D120/><U1/><E48/><V38/><F33/><W72/><G110/><T67/><D74/><U4/><E79/><V88/><F107/><W46/><G123/><T54/><D62/><U75/><E130/><N who="0" m="49673" /><D101/><U103/><E103/><V42/><F11/><W121/><G28/><T27/><D135/><U49/><E49/><V109/><F109/><W2/><G121/><T91/><D91/><U7/><E7/><N who="0" m="2569" /><D22/><U127/><E133/><V50/><F65/><AGARI ba="1,0" hai="19,21,27,53,54,64,65,67" m="2569,49673" machi="65" ten="30,1500,0" yaku="19,1" doraHai="112" who="0" fromWho="2" sc="323,18,352,0,289,-18,36,0" /><INIT seed="4,2,0,4,0,11" ten="341,352,271,36" oya="0" hai0="124,62,110,61,52,123,71,46,24,134,116,56,83" hai1="95,73,39,126,103,51,10,129,76,43,64,33,63" hai2="12,119,72,91,135,13,98,16,70,60,114,105,4" hai3="45,93,86,96,26,90,30,31,17,87,50,35,108"/><T65/><D116/><U78/><E73/><V54/><F72/><W23/><G108/><T115/><D110/><U99/><E129/><V130/><F130/><W48/><G35/><T8/><D115/><U2/><E33/><V36/><F36/><W101/><G87/><T128/><D128/><U3/><E39/><V100/><F135/><W38/><G38/><T1/><D123/><U19/><E126/><V18/><F119/><W77/><G77/><T88/><D134/><U66/><E66/><V81/><F4/><W97/><G50/><T84/><D124/><U68/><E2/><V47/><F70/><W21/><G101/><T74/><D74/><U85/><E3/><V20/><F114/><W58/><G58/><T9/><D1/><U112/><E112/><V82/><F91/><W59/><G59/><T6/><D6/><U94/><E94/><V75/><F75/><W111/><G111/><T67/><REACH who="0" step="1"/><D24/><REACH who="0" ten="331,352,271,36" step="2"/><U118/><E118/><V69/><F69/><W107/><G107/><T120/><D120/><U22/><E68/><V0/><F0/><W57/><G57/><T29/><D29/><U80/><E19/><V5/><F5/><W92/><G31/><T14/><D14/><U127/><E127/><V79/><F79/><W53/><REACH who="3" step="1"/><G93/><REACH who="3" ten="331,352,271,26" step="2"/><T89/><D89/><U27/><E95/><V122/><F122/><W104/><G104/><T41/><D41/><U106/><E43/><V133/><F133/><W109/><G109/><T55/><D55/><U131/><E78/><V42/><F42/><W32/><G32/><T121/><D121/><U7/><E76/><RYUUKYOKU ba="2,2" sc="331,15,352,-15,271,-15,26,15" hai0="8,9,46,52,56,61,62,65,67,71,83,84,88" hai3="17,21,23,26,30,45,48,53,86,90,92,96,97" /><INIT seed="4,3,2,4,1,12" ten="346,337,256,41" oya="0" hai0="43,42,20,56,126,44,4,128,58,47,40,65,104" hai1="114,97,38,132,68,103,0,84,118,50,53,93,72" hai2="8,96,61,6,49,133,115,45,15,98,13,67,11" hai3="32,95,79,91,106,70,14,69,5,10,129,90,117"/><T52/><D104/><U123/><E118/><V109/><F115/><W16/><G117/><T18/><D128/><U75/><E123/><V7/><F133/><W131/><G106/><T101/><D126/><U57/><E0/><V41/><REACH who="2" step="1"/><F109/><REACH who="2" ten="346,337,246,41" step="2"/><W25/><G131/><T46/><D4/><U108/><E132/><V3/><F3/><W19/><G129/><T21/><D101/><U120/><E103/><V113/><F113/><W23/><G32/><T81/><D81/><U77/><E108/><V33/><F33/><W17/><G79/><T116/><D116/><U99/><E77/><V35/><F35/><W102/><G70/><AGARI ba="3,3" hai="6,7,8,11,13,15,41,45,49,61,67,70,96,98" machi="70" ten="30,3900,0" yaku="1,1,7,1,9,1,53,0" doraHai="12" doraHaiUra="134" who="2" fromWho="3" sc="346,0,337,0,246,78,41,-48" owari="346,44.6,337,13.7,324,-7.6,-7,-50.7" /></mjloggm>