<mjloggm ver="2.3"><GO type="169" lobby="0"/><UN n0="%E3%81%AF%E3%81%9F%E3%82%86%E3%81%86" n1="%43%6C%65%74%68" n2="%E3%81%82%E3%81%95%E3%81%B4%E3%82%93%EF%BC%A0%EF%BD%8D%EF%BD%8A" n3="%E3%81%82%E3%81%8B%E3%82%8A%E3%82%8D%E3%82%93" dan="16,18,18,16" rate="2123.41,2217.18,2297.99,2158.85" sx="M,M,M,F"/><TAIKYOKU oya="0"/><INIT seed="0,0,0,3,1,62" ten="250,250,250,250" oya="0" hai0="54,32,122,30,18,101,120,39,0,124,21,80,79" hai1="17,53,71,61,15,63,119,5,28,43,19,34,82" hai2="109,133,10,77,81,86,87,42,37,127,105,29,128" hai3="35,24,74,52,50,23,103,44,68,11,104,45,110"/><T59/><D124/><U8/><E119/><V4/><F105/><W58/><G35/><T88/><D39/><U115/><E115/><V31/><F127/><W114/><G114/><T16/><D0/><U64/><E43/><V130/><F109/><W73/><G110/><T46/><D46/><U56/><E34/><V70/><F70/><W69/><G11/><T94/><D101/><U132/><E28/><V49/><F37/><W112/><G112/><T131/><D32/><U6/><E132/><V83/><F133/><W51/><G58/><T108/><D30/><U97/><E97/><V7/><F49/><W67/><G103/><T126/><D18/><U91/><E91/><V57/><F57/><W40/><G104/><T106/><D106/><U134/><E134/><V121/><F42/><W38/><G38/><T60/><D126/><U25/><E82/><V66/><F10/><W2/><G2/><T12/><D131/><U3/><REACH who="1" step="1"/><E3/><REACH who="1" ten="250,240,250,250" step="2"/><V65/><REACH who="2" step="1"/><F77/><REACH who="2" ten="250,240,240,250" step="2"/><W36/><G36/><T75/><REACH who="0" step="1"/><D108/><REACH who="0" ten="240,240,240,250" step="2"/><U123/><E123/><AGARI ba="0,3" hai="4,7,29,31,65,66,81,83,86,87,121,123,128,130" machi="123" ten="25,16000,3" yaku="1,1,2,1,22,2,52,2,53,2" doraHai="62" doraHaiUra="118" who="2" fromWho="1" sc="240,0,240,-160,240,190,250,0" /><INIT seed="1,0,0,0,3,38" ten="240,80,430,250" oya="1" hai0="1,93,68,90,84,41,62,108,2,104,6,134,21" hai1="48,60,16,53,127,58,119,91,106,37,131,12,105" hai2="32,79,22,69,95,115,128,56,36,19,107,3,65" hai3="77,54,34,9,35,124,126,123,8,103,10,25,57"/><U61/><E119/><V43/><F107/><W39/><G123/><T133/><D104/><U27/><E127/><N who="3" m="48682" /><G39/><T78/><D78/><U98/><E131/><V83/><F32/><W125/><N who="3" m="48690" /><W50/><DORA hai="31" /><G103/><T76/><D76/><U45/><E27/><V113/><F69/><W92/><G92/><T112/><D112/><N who="2" m="43082" /><F3/><W26/><G77/><T97/><D108/><U5/><E5/><V81/><F95/><W94/><G94/><T130/><D130/><U74/><E74/><V63/><F128/><W7/><G7/><T101/><D21/><U42/><E91/><V44/><F79/><W33/><AGARI ba="0,0" hai="8,9,10,25,26,33,34,35,50,54,57" m="48690" machi="33" ten="50,8000,1" yaku="18,1,52,3" doraHai="38,31" who="3" fromWho="3" sc="240,-20,80,-40,430,-20,250,80" /><INIT seed="2,0,0,2,1,1" ten="220,40,410,330" oya="2" hai0="54,93,135,107,8,128,20,10,72,134,87,127,53" hai1="83,12,28,41,92,68,9,13,100,19,67,31,15" hai2="117,131,7,27,104,6,111,116,86,79,73,29,91" hai3="38,60,48,49,109,94,65,125,37,112,55,57,102"/><V105/><F73/><W64/><G102/><T118/><D72/><U133/><E41/><V95/><F79/><W36/><G94/><T96/><D118/><U26/><E67/><N who="3" m="25674" /><G109/><T3/><D128/><U85/><E68/><V88/><F131/><W40/><G125/><T50/><D127/><U69/><E69/><V80/><F111/><W84/><G84/><T81/><D107/><U43/><E43/><V5/><F116/><W123/><G123/><T32/><D32/><U113/><E113/><V23/><REACH who="2" step="1"/><F117/><REACH who="2" ten="220,40,400,330" step="2"/><W129/><G129/><T4/><D135/><U30/><E133/><V70/><F70/><W63/><G112/><T44/><D134/><U71/><E71/><V39/><F39/><W56/><G40/><T108/><D108/><U120/><E120/><V46/><F46/><W52/><AGARI ba="0,1" hai="36,37,38,48,49,52,55,56,57,60,63" m="25674" machi="52" ten="40,12000,2" yaku="35,5,54,1" doraHai="1" who="3" fromWho="3" sc="220,-30,40,-30,400,-60,330,130" /><INIT seed="3,0,0,5,2,65" ten="190,10,340,460" oya="3" hai0="59,121,90,124,27,17,13,19,97,109,28,106,10" hai1="107,37,51,21,60,92,114,55,23,94,41,131,24" hai2="56,132,9,57,122,76,84,52,71,135,77,67,5" hai3="72,40,26,12,6,129,45,87,125,95,119,34,86"/><W31/><G119/><T39/><D109/><U96/><E114/><V79/><F122/><W48/><G72/><T78/><D78/><U74/><E74/><V128/><F128/><W108/><G129/><T98/><D39/><U53/><E131/><V35/><F35/><W70/><G70/><T25/><D124/><U11/><E37/><V42/><F42/><W115/><G115/><T43/><D43/><U123/><E107/><V64/><F84/><W2/><G125/><T110/><D110/><U85/><E11/><V63/><F57/><W29/><G108/><T117/><D106/><U113/><E113/><V18/><F18/><W105/><G105/><T14/><D117/><U101/><E123/><V102/><F102/><W38/><G29/><T111/><D111/><U66/><E41/><V30/><F30/><W58/><G2/><T81/><D59/><N who="1" m="37151" /><E51/><V120/><F120/><W83/><G83/><T93/><D81/><U134/><E134/><V49/><REACH who="2" step="1"/><F67/><REACH who="2" ten="190,10,330,460" step="2"/><W73/><G73/><T33/><D121/><U47/><E47/><V16/><F16/><W88/><G58/><T100/><D33/><U20/><E24/><V54/><F54/><W7/><G38/><T103/><D28/><U116/><E116/><V68/><F68/><W126/><G126/><T118/><D118/><U104/><E104/><V15/><AGARI ba="0,1" hai="5,9,15,49,52,56,63,64,71,76,77,79,132,135" machi="15" ten="30,8000,1" yaku="1,1,0,1,52,1,54,1,53,1" doraHai="65" doraHaiUra="62" who="2" fromWho="2" sc="190,-20,10,-20,330,90,460,-40" owari="170,-23.0,-10,-51.0,420,52.0,420,22.0" /></mjloggm>