<mjloggm ver="2.3"><GO type="169" lobby="0"/><UN n0="%58%E7%8C%AB" n1="%E6%95%97%E5%8C%97%E8%80%85%E3%81%AD%E3%82%8B" n2="%E3%81%AE%E3%81%AF%E3%81%A3%E3%81%A1" n3="%E3%81%A1%E3%82%83%E3%82%93%E3%81%AE%E3%81%B6" dan="16,17,16,17" rate="2075.05,2180.81,2181.08,2123.58" sx="M,F,M,M"/><TAIKYOKU oya="0"/><INIT seed="0,0,0,4,3,88" ten="250,250,250,250" oya="0" hai0="84,85,63,83,51,74,27,41,95,0,86,35,72" hai1="99,55,106,46,109,77,111,45,97,102,42,128,130" hai2="122,66,65,19,12,93,90,26,47,117,87,129,127" hai3="132,37,64,62,39,4,5,133,44,79,81,89,98"/><T68/><D0/><U38/><E77/><V124/><F122/><W91/><G44/><T94/><D35/><U3/><E3/><V76/><F129/><W110/><G110/><T104/><D104/><U69/><E69/><V32/><F117/><W80/><G62/><T17/><D68/><U16/><E97/><V10/><F76/><W52/><G98/><T75/><D63/><U13/><E55/><V67/><REACH who="2" step="1"/><F47/><REACH who="2" ten="250,250,240,250" step="2"/><W82/><G79/><T9/><D83/><U123/><E46/><V28/><AGARI ba="0,1" hai="10,12,19,26,28,32,65,66,67,87,90,93,124,127" machi="28" ten="30,8000,1" yaku="1,1,2,1,0,1,52,1,53,1" doraHai="88" doraHaiUra="15" who="2" fromWho="2" sc="250,-40,250,-20,240,90,250,-20" /><INIT seed="1,0,0,5,1,72" ten="210,230,330,230" oya="1" hai0="2,107,27,89,115,17,20,84,67,11,54,49,101" hai1="29,105,134,59,62,64,8,63,86,31,48,104,77" hai2="71,50,60,88,93,16,10,120,79,91,123,97,24" hai3="130,94,45,4,58,5,0,52,39,128,22,19,118"/><U78/><E134/><V46/><F91/><W113/><G113/><T69/><D115/><U102/><E102/><V125/><F125/><W9/><G4/><T87/><D69/><U51/><E86/><V96/><F96/><W90/><G118/><T36/><D36/><U66/><E59/><V43/><F79/><W135/><G45/><T131/><D67/><U81/><E81/><V41/><F41/><W33/><G33/><T92/><D131/><U80/><E80/><V74/><F74/><W44/><G44/><T114/><D107/><U61/><E61/><V95/><F95/><W117/><G39/><T119/><D114/><U12/><E12/><V132/><F132/><W85/><G117/><T56/><D119/><U28/><E8/><V1/><F1/><W53/><G135/><T110/><D101/><U30/><E30/><V32/><F32/><W133/><G133/><T103/><D103/><U121/><REACH who="1" step="1"/><E28/><REACH who="1" ten="210,220,330,230" step="2"/><V122/><F10/><W82/><G82/><T76/><D11/><U3/><E3/><V127/><F60/><W37/><G128/><T65/><D2/><U75/><E75/><V25/><F123/><AGARI ba="0,1" hai="29,31,48,51,62,63,64,66,77,78,104,105,121,123" machi="123" ten="25,12000,1" yaku="1,1,22,2,52,2,53,0" doraHai="72" doraHaiUra="126" who="1" fromWho="2" sc="210,0,220,130,330,-120,230,0" /><INIT seed="1,1,0,3,3,112" ten="210,350,210,230" oya="1" hai0="12,130,107,41,0,6,56,53,29,125,117,17,38" hai1="13,21,94,75,14,73,63,68,40,121,62,28,79" hai2="3,128,105,1,45,89,126,114,22,95,67,71,113" hai3="120,109,72,7,27,60,88,115,85,4,26,98,31"/><U134/><E121/><V96/><F126/><W37/><G120/><T127/><D107/><U15/><E134/><V92/><F105/><W55/><G115/><T42/><D29/><U122/><E122/><V44/><F128/><W11/><G37/><T20/><D130/><U58/><E40/><V116/><F22/><W106/><G72/><T78/><D78/><U131/><E131/><V57/><F57/><W33/><G109/><T50/><D38/><U110/><E110/><V118/><F96/><W132/><G132/><T99/><D99/><U133/><E133/><V82/><F82/><W46/><G27/><T23/><D23/><U2/><E2/><V5/><F67/><W64/><G46/><T51/><D51/><U87/><E68/><V80/><F80/><W93/><G55/><T135/><D135/><U83/><E63/><V30/><F5/><W61/><G61/><T35/><D35/><U24/><REACH who="1" step="1"/><E94/><REACH who="1" ten="210,340,210,230" step="2"/><V66/><F71/><W32/><G106/><T54/><D42/><U65/><AGARI ba="1,1" hai="13,14,15,21,24,28,58,62,65,73,75,79,83,87" machi="65" ten="30,6000,0" yaku="1,1,2,1,0,1,53,0" doraHai="112" doraHaiUra="91" who="1" fromWho="1" sc="210,-21,340,73,210,-21,230,-21" /><INIT seed="1,2,0,3,1,132" ten="189,413,189,209" oya="1" hai0="2,32,80,52,36,25,97,45,65,22,62,40,82" hai1="96,31,34,103,110,73,128,91,51,42,85,11,93" hai2="64,26,55,133,118,95,38,92,112,99,121,61,69" hai3="87,59,24,127,105,98,13,79,67,74,134,57,20"/><U124/><E128/><V29/><F121/><W123/><G134/><T60/><D2/><U76/><E73/><V33/><F118/><W71/><G123/><T101/><D32/><U23/><E76/><V90/><F112/><W125/><G74/><T58/><D101/><U70/><E70/><V43/><F133/><W53/><G13/><T100/><D25/><U14/><E110/><V117/><F117/><W41/><G41/><T15/><D15/><U109/><E109/><V129/><F129/><W39/><G39/><T107/><REACH who="0" step="1"/><D22/><REACH who="0" ten="179,413,189,209" step="2"/><U119/><E34/><V78/><F26/><W115/><G20/><T94/><D94/><U47/><E119/><V75/><F95/><W72/><G24/><T89/><D89/><U46/><E23/><V21/><F21/><W35/><G35/><T81/><D81/><U49/><E31/><V131/><F92/><W4/><G115/><T122/><D122/><U17/><E124/><V9/><F90/><W37/><G125/><T104/><D104/><U88/><REACH who="1" step="1"/><E85/><REACH who="1" ten="179,403,189,209" step="2"/><V108/><F29/><W8/><G87/><T120/><D120/><U12/><E12/><V83/><F33/><W84/><G84/><T126/><D126/><U54/><AGARI ba="2,2" hai="11,14,17,42,46,47,49,51,54,88,91,93,96,103" machi="54" ten="20,18000,2" yaku="1,1,0,1,7,1,8,1,54,1,53,1" doraHai="132" doraHaiUra="5" who="1" fromWho="1" sc="179,-62,403,206,189,-62,209,-62" /><INIT seed="1,3,0,4,0,112" ten="117,609,127,147" oya="1" hai0="53,82,113,106,132,47,114,119,93,69,72,70,49" hai1="21,52,98,13,77,48,39,94,23,44,63,115,128" hai2="10,118,103,74,11,66,8,117,17,29,45,12,57" hai3="110,133,100,38,18,87,54,43,33,130,28,19,68"/><U99/><E115/><V9/><F74/><W59/><G68/><T80/><D106/><U95/><E128/><V20/><F103/><W111/><G130/><T88/><D70/><U36/><E77/><V14/><F45/><N who="3" m="23799" /><G100/><T116/><D69/><U27/><E13/><N who="2" m="9263" /><F66/><W86/><G28/><T71/><D71/><U5/><E5/><N who="2" m="3087" /><F57/><W6/><G6/><T37/><D37/><U135/><E135/><V65/><F65/><W85/><G33/><T64/><D64/><U107/><E107/><V129/><F129/><W124/><G133/><T1/><D132/><U15/><E15/><V83/><F83/><W105/><G105/><T25/><D114/><U78/><E78/><V89/><F89/><W122/><G122/><T7/><D113/><U50/><E63/><V30/><F14/><W35/><G54/><T91/><D91/><U56/><E36/><V46/><F46/><W16/><G59/><T76/><D82/><U126/><E39/><V92/><F92/><N who="1" m="35369" /><E126/><V73/><F73/><W24/><G124/><T90/><D90/><U81/><E81/><V40/><F40/><W61/><G61/><T121/><D121/><U120/><E120/><V42/><F42/><W125/><G125/><T109/><D25/><U60/><E48/><V22/><F22/><W131/><G131/><T58/><D47/><U32/><E32/><V84/><F84/><W31/><G35/><T79/><D79/><U2/><E21/><V108/><F108/><N who="3" m="41515" /><G87/><N who="0" m="52383" /><D109/><U62/><E62/><V4/><F4/><W51/><G51/><T75/><D75/><U34/><E34/><V96/><F96/><RYUUKYOKU ba="3,0" sc="117,10,609,-30,127,10,147,10" hai0="1,7,49,53,58,72,76,80,116,119" hai2="9,10,11,29,30,117,118" hai3="16,18,19,24,31,85,86" /><INIT seed="2,4,0,3,1,5" ten="127,579,137,157" oya="2" hai0="112,26,118,21,130,80,2,29,113,54,16,67,119" hai1="104,109,116,48,128,58,38,18,63,132,17,106,52" hai2="40,114,39,53,42,11,84,85,111,101,71,103,83" hai3="92,6,41,28,110,35,56,43,100,76,10,131,47"/><V108/><F114/><W73/><G110/><N who="2" m="42025" /><F71/><W37/><G43/><N who="2" m="16425" /><F39/><W87/><G131/><T97/><D67/><U30/><E38/><V4/><F53/><W36/><G36/><T86/><D2/><U127/><E116/><N who="0" m="44585" /><D130/><U7/><E109/><V60/><F60/><W23/><G56/><T65/><D65/><U94/><E128/><V99/><F83/><W68/><G68/><T22/><D97/><U78/><E127/><V14/><F101/><W9/><G35/><T61/><D61/><U44/><E132/><V89/><F89/><W95/><G100/><T107/><D54/><U51/><E78/><V90/><F90/><W49/><G37/><T105/><D113/><U74/><E74/><V50/><F50/><W59/><G73/><T120/><D112/><U25/><E51/><V79/><F79/><W123/><G59/><T126/><D126/><U64/><E7/><V72/><F72/><W1/><G76/><N who="0" m="46343" /><D120/><U88/><E106/><AGARI ba="4,0" hai="4,11,14,84,85,99,103,106" m="16425,42025" machi="106" ten="30,5800,0" yaku="14,1,10,1,52,1" doraHai="5" who="2" fromWho="1" sc="127,0,579,-70,137,70,157,0" /><INIT seed="2,5,0,2,5,52" ten="127,509,207,157" oya="2" hai0="99,133,24,69,75,28,86,89,42,71,126,80,56" hai1="98,29,11,111,50,67,110,46,23,132,55,40,122" hai2="63,25,96,37,130,20,36,134,95,66,41,34,88" hai3="117,76,120,47,45,125,3,85,5,90,58,109,103"/><V116/><F116/><W101/><G117/><T70/><D133/><U78/><E78/><V100/><F130/><W21/><G120/><T128/><D126/><U87/><E122/><V51/><F134/><W17/><G125/><T114/><D128/><U39/><E132/><V8/><F34/><W64/><G76/><T92/><D114/><U35/><E35/><V49/><F8/><W6/><G109/><T53/><D42/><U4/><E67/><V0/><F0/><W13/><G47/><T60/><D75/><U135/><E135/><V26/><F26/><W115/><G45/><T93/><REACH who="0" step="1"/><D99/><REACH who="0" ten="117,509,207,157" step="2"/><U9/><E40/><V57/><F41/><W83/><G115/><T12/><D12/><U15/><E98/><V108/><F108/><W22/><G3/><T73/><D73/><U118/><E15/><V82/><F37/><W19/><G5/><T7/><D7/><U112/><E4/><V91/><F36/><W33/><G6/><T54/><D54/><U10/><E39/><V84/><F100/><W107/><G107/><T68/><N who="0" m="17408" /><DORA hai="77" /><T43/><D43/><U65/><E112/><V74/><REACH who="2" step="1"/><F74/><REACH who="2" ten="117,509,197,157" step="2"/><W32/><G103/><T105/><D105/><U113/><E113/><V119/><F119/><W38/><G101/><T104/><D104/><U129/><E118/><V97/><F97/><W121/><G38/><T30/><D30/><AGARI ba="5,2" hai="20,25,30,49,51,57,63,66,82,84,88,91,95,96" machi="30" ten="30,24000,3" yaku="1,1,7,1,8,1,52,2,54,1,53,2" doraHai="52,77" doraHaiUra="94,59" who="2" fromWho="0" sc="117,-255,509,0,197,275,157,0" owari="-138,-63.8,509,60.9,472,27.2,157,-24.3" /></mjloggm>