<mjloggm ver="2.3"><GO type="169" lobby="0"/><UN n0="%73%61%6E%64%69%72%69%73" n1="%E6%BA%AF%E6%9C%88%E9%A3%9F" n2="%E3%81%9F%E3%81%8B%E3%81%A3%E3%81%A6%E3%81%83%E3%83%BC" n3="%E2%97%8E%E3%82%88%E3%81%97%E2%97%8E" dan="17,16,16,16" rate="2234.34,2108.78,2187.58,2164.74" sx="M,M,F,M"/><TAIKYOKU oya="0"/><INIT seed="0,0,0,5,3,32" ten="250,250,250,250" oya="0" hai0="73,42,114,37,127,18,103,30,35,131,98,91,120" hai1="97,79,95,57,9,84,48,36,25,19,90,5,112" hai2="111,55,15,122,4,128,23,77,40,92,76,3,93" hai3="88,39,28,13,102,16,1,22,59,29,105,74,116"/><T69/><D114/><U7/><E36/><V6/><F122/><W72/><G39/><T80/><D120/><U81/><E112/><V21/><F111/><W108/><G116/><T33/><D127/><U65/><E65/><V38/><F128/><W49/><G108/><T24/><D18/><U58/><E5/><V115/><F115/><W53/><G74/><T60/><D91/><U87/><E48/><V43/><F38/><W117/><G72/><T17/><D17/><U52/><E57/><V118/><F55/><W26/><G117/><T82/><D131/><U135/><E135/><V0/><F15/><W96/><G1/><T63/><D63/><U10/><E84/><V109/><REACH who="2" step="1"/><F109/><REACH who="2" ten="250,250,240,250" step="2"/><W61/><G13/><T67/><D37/><U130/><E130/><V71/><F71/><W68/><G68/><T124/><D124/><U86/><E7/><V125/><F125/><W100/><G100/><T85/><D103/><U31/><E52/><V110/><F110/><W104/><G104/><T83/><D69/><U46/><E58/><V132/><F132/><W50/><G102/><T129/><D129/><U134/><E134/><V123/><F123/><W66/><G105/><T75/><D60/><U70/><E70/><V44/><F44/><N who="3" m="27815" /><G50/><T2/><D67/><U41/><E46/><V56/><F56/><W14/><G14/><T106/><D106/><U11/><E41/><V119/><AGARI ba="0,1" hai="0,3,4,6,21,23,40,43,76,77,92,93,118,119" machi="119" ten="25,12000,2" yaku="1,1,0,1,22,2,52,2,53,0" doraHai="32" doraHaiUra="121" who="2" fromWho="2" sc="250,-60,250,-30,240,130,250,-30" /><INIT seed="1,0,0,2,4,119" ten="190,220,370,220" oya="1" hai0="125,60,19,37,135,34,31,5,90,22,74,76,26" hai1="10,111,130,38,53,81,134,85,58,128,108,13,117" hai2="14,115,98,16,1,127,113,94,84,132,79,106,40" hai3="88,91,43,100,64,3,23,107,4,24,15,96,8"/><U78/><E117/><V93/><F1/><W89/><G43/><T120/><D135/><U92/><E38/><V69/><F69/><W2/><REACH who="3" step="1"/><G64/><REACH who="3" ten="190,220,370,210" step="2"/><T57/><D125/><U36/><E134/><V124/><F40/><W122/><G122/><T45/><D120/><U46/><E36/><V72/><F132/><W82/><G82/><T71/><D37/><U129/><E46/><V27/><F127/><W77/><G77/><T95/><D76/><U12/><E92/><V80/><F124/><W48/><G48/><T67/><D45/><U49/><REACH who="1" step="1"/><E13/><REACH who="1" ten="190,210,370,210" step="2"/><V17/><F94/><W6/><G6/><AGARI ba="0,2" hai="6,10,12,49,53,58,78,81,85,108,111,128,129,130" machi="6" ten="50,9600,0" yaku="1,1,2,1,19,1,53,0" doraHai="119" doraHaiUra="86" who="1" fromWho="3" sc="190,0,210,116,370,0,210,-96" /><INIT seed="1,1,0,0,0,27" ten="190,326,370,114" oya="1" hai0="80,106,113,116,135,122,58,38,9,93,99,60,115" hai1="118,55,20,79,111,24,124,82,101,34,56,41,89" hai2="14,50,69,95,1,42,96,61,87,85,102,90,59" hai3="78,77,75,7,10,127,73,103,123,129,15,110,112"/><U81/><E118/><V13/><F1/><W91/><G112/><T19/><D116/><U5/><E34/><V25/><F69/><W114/><G114/><T8/><D38/><U54/><E124/><V64/><F25/><W94/><G123/><T44/><D122/><U29/><E111/><V3/><F3/><W119/><G119/><T108/><D135/><U63/><E41/><V70/><F87/><W98/><G129/><T76/><D106/><U31/><E101/><V33/><F33/><W134/><G134/><T128/><D128/><U36/><E36/><V4/><F4/><W130/><G130/><T2/><D44/><U22/><E5/><V51/><F70/><W84/><G110/><T104/><D104/><U65/><E20/><V107/><REACH who="2" step="1"/><F42/><REACH who="2" ten="190,326,360,114" step="2"/><W43/><G127/><T121/><D2/><U18/><E82/><V52/><F52/><N who="1" m="20009" /><E79/><V48/><AGARI ba="1,1" hai="13,14,48,50,51,59,61,64,85,90,95,96,102,107" machi="48" ten="30,2000,0" yaku="1,1,0,1,53,0" doraHai="27" doraHaiUra="40" who="2" fromWho="2" sc="190,-6,326,-11,360,33,114,-6" /><INIT seed="2,0,0,5,5,43" ten="184,315,393,108" oya="2" hai0="118,75,28,64,132,53,41,6,100,78,58,65,76" hai1="25,124,59,10,26,130,103,90,82,8,95,46,87" hai2="60,70,89,20,68,80,56,30,52,11,42,88,73" hai3="114,86,83,39,15,107,18,50,57,92,48,31,7"/><V101/><F101/><W49/><G107/><T128/><D128/><U96/><E124/><V13/><F42/><W62/><G114/><T34/><D132/><U21/><E25/><N who="2" m="16679" /><F70/><W23/><G39/><T79/><D75/><U33/><E33/><V69/><F69/><W93/><G31/><T119/><D6/><U94/><E130/><V66/><F68/><W44/><G7/><T1/><D1/><U134/><E134/><V27/><F73/><W81/><G81/><T106/><D41/><U74/><E59/><N who="2" m="37151" /><F80/><W32/><G32/><T71/><D71/><U4/><E74/><V99/><F99/><W127/><G127/><T9/><D100/><U5/><E95/><V122/><F27/><W104/><G104/><T129/><D106/><U108/><E4/><N who="2" m="3303" /><F122/><W116/><G116/><T22/><D34/><U111/><E5/><V120/><F120/><W17/><G17/><T12/><D129/><U16/><E10/><V63/><AGARI ba="0,0" hai="52,56,63,88,89" m="3303,37151,16679" machi="63" ten="30,6000,0" yaku="8,1,54,2" doraHai="43" who="2" fromWho="2" sc="184,-20,315,-20,393,60,108,-20" /><INIT seed="2,1,0,0,1,17" ten="164,295,453,88" oya="2" hai0="3,89,92,47,24,1,128,115,59,52,61,8,44" hai1="32,78,56,39,9,2,122,134,12,38,57,119,116" hai2="117,133,107,15,18,63,108,69,110,132,10,30,55" hai3="37,49,11,100,87,99,64,123,83,97,65,19,131"/><V90/><F107/><W125/><G37/><T51/><D115/><U36/><E32/><V53/><F117/><W129/><G123/><T72/><D72/><U68/><E2/><V14/><F30/><W94/><G125/><T105/><D105/><U74/><E68/><V96/><F96/><W48/><G99/><T118/><D128/><U127/><E134/><N who="2" m="51819" /><F90/><W50/><G129/><T102/><D102/><U79/><E127/><V40/><F40/><W6/><G19/><T111/><D111/><N who="2" m="42538" /><F15/><W95/><G131/><T73/><D89/><U58/><E122/><V13/><F13/><W42/><G42/><T43/><D43/><U114/><E114/><V7/><F7/><W81/><G81/><T71/><D118/><U86/><E119/><V82/><F82/><W21/><G95/><T126/><D92/><U93/><E116/><V121/><F121/><W91/><REACH who="3" step="1"/><G21/><REACH who="3" ten="164,295,453,78" step="2"/><T31/><D126/><U84/><E93/><V120/><F120/><W34/><G34/><T41/><D41/><U113/><E113/><V124/><F124/><W75/><G75/><T4/><D73/><U103/><E74/><V29/><F29/><W26/><G26/><T135/><D24/><U101/><E39/><V27/><F27/><W98/><G98/><T33/><D135/><U70/><E38/><V130/><F130/><W25/><G25/><T112/><D112/><U16/><E36/><V35/><F35/><W28/><G28/><T109/><D109/><U22/><E22/><V76/><F76/><W0/><AGARI ba="1,1" hai="0,6,11,48,49,50,64,65,83,87,91,94,97,100" machi="0" ten="30,8000,1" yaku="1,1,0,1,53,3" doraHai="17" doraHaiUra="46" who="3" fromWho="3" sc="164,-21,295,-21,453,-41,78,93" /><INIT seed="3,0,0,3,3,44" ten="143,274,412,171" oya="3" hai0="38,118,104,41,12,127,54,102,75,95,117,107,16" hai1="26,97,85,46,5,31,40,113,67,39,126,27,63" hai2="108,62,81,50,10,0,122,134,30,1,76,33,18" hai3="51,57,105,101,52,129,133,42,114,96,110,6,48"/><W20/><G114/><T45/><D75/><U56/><E126/><V4/><F108/><W77/><G110/><T132/><D127/><U98/><E113/><V100/><F134/><W116/><G116/><T66/><D132/><U24/><E5/><V22/><F122/><W17/><G133/><T53/><D66/><U86/><E31/><V88/><F100/><W80/><G6/><T13/><D95/><U68/><E85/><V130/><F130/><W37/><G129/><T125/><D125/><U65/><E65/><V61/><F0/><W69/><G69/><T90/><D90/><U60/><E60/><V120/><F120/><W7/><G7/><T3/><D3/><U8/><E8/><V72/><F88/><W28/><G28/><T70/><D70/><U93/><E86/><V119/><F119/><W82/><G37/><T121/><D121/><U89/><REACH who="1" step="1"/><E97/><REACH who="1" ten="143,264,412,171" step="2"/><V87/><F87/><W64/><G64/><T58/><D117/><U135/><E135/><V84/><F84/><W43/><G77/><T109/><D118/><U128/><E128/><V2/><F30/><W124/><G124/><T99/><BYE who="3" /><D109/><UN n3="%E2%97%8E%E3%82%88%E3%81%97%E2%97%8E" /><U123/><E123/><V47/><F1/><W55/><G82/><T73/><D99/><U23/><E23/><V29/><F29/><W103/><G80/><T34/><D73/><U115/><E115/><V35/><F61/><W131/><G131/><T25/><D34/><U11/><E11/><V79/><F62/><W32/><G32/><T83/><D83/><U78/><E78/><V9/><F35/><W92/><G96/><N who="0" m="61511" /><D16/><U71/><AGARI ba="0,1" hai="24,26,27,39,40,46,56,63,67,68,71,89,93,98" machi="71" ten="30,7900,0" yaku="1,1,5,1,0,1,53,1" doraHai="44" doraHaiUra="36" who="1" fromWho="1" sc="143,-20,264,89,412,-20,171,-39" /><INIT seed="4,0,0,3,5,132" ten="123,353,392,132" oya="0" hai0="129,9,75,29,33,82,58,73,72,12,55,54,46" hai1="84,4,37,44,36,135,14,88,10,26,52,81,57" hai2="19,59,11,90,101,39,117,113,91,115,123,125,24" hai3="8,63,71,131,97,7,31,127,93,38,6,112,128"/><T5/><D129/><N who="3" m="49737" /><G38/><T35/><D29/><U87/><E135/><V86/><F123/><W95/><G31/><T102/><D102/><U70/><E70/><V30/><F39/><W27/><G27/><T67/><D82/><U92/><E44/><V60/><F101/><N who="3" m="60591" /><G95/><T42/><D67/><U106/><E106/><V48/><F48/><W65/><G112/><T18/><D5/><N who="3" m="1545" /><G8/><T124/><D124/><AGARI ba="0,0" hai="63,65,71,124,127" m="1545,60591,49737" machi="124" ten="30,3900,0" yaku="19,1,52,2" doraHai="132" who="3" fromWho="0" sc="123,-39,353,0,392,0,132,39" /><INIT seed="5,0,0,4,2,44" ten="84,353,392,171" oya="1" hai0="104,64,79,9,103,0,55,105,22,124,45,120,16" hai1="36,42,43,96,89,108,41,123,75,116,62,54,39" hai2="72,86,26,24,10,126,106,95,98,90,4,121,23" hai3="131,18,66,34,58,114,97,51,92,94,113,115,69"/><U127/><E75/><V68/><F121/><W21/><G131/><T40/><D120/><U133/><E123/><V110/><F110/><W109/><G109/><T53/><D124/><U135/><E108/><V88/><F68/><W100/><G34/><T81/><D64/><U3/><E3/><V61/><F72/><W33/><G33/><T11/><D55/><U85/><E96/><V71/><F126/><W20/><G69/><T46/><D53/><U73/><E73/><V78/><F78/><W117/><G117/><T70/><D70/><U52/><E127/><V17/><F71/><W128/><G128/><T63/><D63/><U87/><E89/><V74/><F74/><W35/><G35/><T80/><D46/><U6/><E6/><V2/><F61/><N who="3" m="38199" /><G51/><T83/><D79/><U93/><E62/><V91/><REACH who="2" step="1"/><F26/><REACH who="2" ten="84,353,382,171" step="2"/><W122/><G122/><T84/><D104/><U13/><E116/><V37/><F37/><W111/><G111/><T107/><D107/><U125/><E125/><V30/><F30/><W28/><G28/><T48/><D0/><U132/><E132/><V59/><F59/><W38/><G38/><T112/><D112/><U27/><E27/><V32/><F32/><W29/><G29/><T129/><D129/><U15/><E36/><V12/><F12/><N who="3" m="9287" /><G115/><T134/><D134/><U50/><E39/><V31/><F31/><W99/><G113/><T67/><D105/><U101/><E133/><V130/><F130/><W118/><G114/><T5/><D45/><U102/><E135/><V119/><F119/><W25/><G118/><T14/><D14/><RYUUKYOKU ba="0,1" sc="84,-10,353,-10,382,30,171,-10" hai2="2,4,10,17,23,24,86,88,90,91,95,98,106" /><INIT seed="6,1,1,5,4,12" ten="74,343,412,161" oya="2" hai0="32,123,2,103,135,114,39,124,131,30,42,38,19" hai1="104,9,95,57,51,27,11,67,3,58,96,109,54" hai2="31,64,34,126,16,6,86,62,81,82,7,94,88" hai3="47,46,56,33,36,75,119,8,26,69,118,45,122"/><V1/><F126/><W77/><G69/><T61/><D123/><U132/><E109/><V113/><F113/><W41/><G122/><T35/><D114/><U106/><E132/><V111/><F111/><W5/><G77/><T4/><D135/><U52/><E67/><V48/><F48/><W13/><G75/><T53/><D124/><U50/><E27/><V102/><F31/><W73/><G73/><T108/><D108/><U18/><E3/><V68/><F34/><W127/><G127/><T115/><D115/><U21/><E104/><V59/><F68/><W125/><G125/><T117/><D131/><U101/><REACH who="1" step="1"/><E106/><REACH who="1" ten="74,333,412,161" step="2"/><V24/><F1/><W112/><G112/><T76/><D2/><U130/><E130/><V107/><F107/><W93/><G26/><T10/><D117/><U128/><E128/><V116/><F116/><W110/><G110/><T84/><D35/><U74/><E74/><V78/><F24/><W28/><G118/><T72/><D72/><U85/><E85/><V17/><F86/><W23/><G33/><T100/><D32/><U65/><E65/><V83/><F64/><W40/><G119/><T99/><D84/><U66/><E66/><V105/><F105/><W133/><G133/><T79/><D99/><U91/><E91/><V22/><F88/><W15/><G15/><T87/><D87/><U25/><AGARI ba="1,2" hai="9,11,18,21,25,50,51,52,54,57,58,95,96,101" machi="25" ten="20,12000,2" yaku="1,1,0,1,7,1,9,1,8,1,52,1,54,1,53,0" doraHai="12" doraHaiUra="71" who="1" fromWho="1" sc="74,-31,333,143,412,-61,161,-31" /><INIT seed="7,0,0,4,3,52" ten="43,476,351,130" oya="3" hai0="5,109,116,8,15,124,47,27,33,53,82,75,43" hai1="30,126,94,20,71,121,50,35,63,49,55,28,72" hai2="37,9,11,91,107,10,45,98,85,111,31,103,19" hai3="128,22,59,54,83,1,78,60,77,68,132,38,90"/><W84/><G1/><T51/><D116/><U108/><E72/><V7/><F111/><W34/><G34/><T119/><D119/><U123/><E108/><V110/><F110/><W80/><G38/><T4/><D109/><U87/><E126/><V74/><F74/><W102/><G68/><T23/><D124/><U29/><E35/><V2/><F31/><W39/><G39/><T17/><D75/><U105/><E105/><V95/><F19/><W0/><G0/><T130/><D130/><U21/><E63/><V114/><F114/><W12/><G102/><T113/><D113/><U66/><E66/><V96/><F85/><N who="3" m="48271" /><G132/><T112/><D112/><U88/><E71/><V97/><F97/><W122/><G122/><T120/><D120/><U32/><E32/><V62/><F62/><W44/><G44/><T117/><D117/><U46/><E121/><V131/><F131/><W93/><G128/><T56/><D33/><U14/><E123/><V64/><F64/><W76/><G83/><T134/><D134/><U25/><E50/><V127/><F127/><W101/><G101/><T135/><D135/><U36/><E36/><V65/><F65/><W3/><G3/><T79/><D82/><U67/><E67/><V6/><F2/><W115/><G115/><T26/><D79/><U129/><E129/><V40/><AGARI ba="0,0" hai="6,7,9,10,11,37,40,45,91,95,96,98,103,107" machi="40" ten="30,1100,0" yaku="0,1" doraHai="52" who="2" fromWho="2" sc="43,-3,476,-3,351,11,130,-5" owari="40,-46.0,473,57.3,362,16.2,125,-27.5" /></mjloggm>