<mjloggm ver="2.3"><GO type="169" lobby="0"/><UN n0="%E3%83%94%E3%83%B3%E3%82%B5%E3%83%AD%E5%BA%97%E5%93%A1" n1="%E9%A7%BF" n2="%E3%83%8D%E3%82%AA%E3%81%92%E3%82%8D%E3%81%A3%E3%81%B4" n3="%E3%81%94%E3%82%8B%E3%81%AF%E3%82%80%33%30" dan="17,16,16,17" rate="2190.00,2122.99,2134.30,2196.35" sx="M,M,M,F"/><TAIKYOKU oya="0"/><INIT seed="0,0,0,4,5,132" ten="250,250,250,250" oya="0" hai0="30,111,85,131,96,71,98,7,29,21,19,110,70" hai1="26,135,67,89,10,2,40,120,0,106,94,86,105" hai2="54,126,24,66,84,49,97,130,72,15,64,43,63" hai3="17,46,14,73,23,57,3,51,78,6,92,108,9"/><T88/><D7/><U68/><E120/><V113/><F72/><W104/><G104/><T82/><D131/><U27/><E135/><V74/><F74/><W28/><G108/><N who="0" m="41515" /><D30/><U65/><E40/><V79/><F113/><W38/><G38/><T39/><D29/><U47/><E47/><V50/><F24/><W99/><G57/><T128/><D39/><U34/><E34/><V90/><F79/><W4/><G4/><T56/><D56/><U12/><E26/><V59/><F97/><N who="0" m="37482" /><D128/><U123/><E0/><V93/><F130/><W133/><G133/><T37/><D37/><U45/><E2/><V58/><F15/><AGARI ba="0,0" hai="15,19,21,70,71,82,85,88" m="37482,41515" machi="15" ten="30,5800,0" yaku="14,1,10,1,54,1" doraHai="132" who="0" fromWho="2" sc="250,58,250,0,250,-58,250,0" /><INIT seed="0,1,0,3,3,3" ten="308,250,192,250" oya="0" hai0="0,113,53,133,75,39,80,11,7,26,111,129,65" hai1="44,24,82,105,108,127,16,79,110,97,56,120,32" hai2="109,35,52,104,115,67,88,128,58,102,22,33,118" hai3="45,131,15,46,27,117,1,122,30,25,91,38,50"/><T100/><D113/><U125/><E120/><V87/><F115/><W36/><G1/><T94/><D129/><U63/><E44/><V42/><F128/><W61/><G117/><T98/><D133/><U121/><E121/><V10/><F109/><N who="1" m="42089" /><E105/><V86/><F118/><W119/><G119/><T71/><D111/><U34/><E97/><V124/><F124/><N who="1" m="47689" /><E56/><V92/><F67/><W48/><G122/><T101/><D39/><U64/><E63/><V4/><F42/><W49/><G131/><T20/><D53/><U18/><E64/><V72/><F72/><W62/><G48/><T57/><D71/><U59/><E59/><V126/><F126/><W89/><G15/><T5/><D101/><U78/><E78/><V90/><F22/><W9/><G9/><T134/><D134/><U132/><E132/><V19/><F19/><N who="1" m="7209" /><E24/><V60/><F102/><W85/><G85/><AGARI ba="1,0" hai="32,34,79,82,85" m="7209,47689,42089" machi="85" ten="30,3900,0" yaku="14,1,18,1,54,1" doraHai="3" who="1" fromWho="3" sc="308,0,250,42,192,0,250,-42" /><INIT seed="1,0,0,0,0,105" ten="308,292,192,208" oya="1" hai0="69,100,81,36,31,34,16,41,72,77,0,58,108" hai1="88,96,55,130,95,56,46,75,6,86,128,21,102" hai2="70,63,107,92,64,30,76,118,50,126,29,13,59" hai3="20,47,24,25,48,44,26,73,18,12,32,119,27"/><U134/><E134/><V97/><F118/><W28/><G119/><T14/><D69/><U37/><E6/><V11/><F107/><W52/><REACH who="3" step="1"/><G73/><REACH who="3" ten="308,292,192,198" step="2"/><T54/><D72/><U66/><E75/><V78/><F126/><W124/><G124/><T10/><D108/><U83/><E130/><V101/><F70/><W7/><G7/><T15/><D0/><U111/><E128/><V84/><F50/><W131/><G131/><T45/><D36/><U110/><E37/><V93/><F76/><W57/><AGARI ba="0,1" hai="12,18,20,24,25,26,27,28,32,44,47,48,52,57" machi="57" ten="30,12000,2" yaku="1,1,0,1,54,1,53,4" doraHai="105" doraHaiUra="22" who="3" fromWho="3" sc="308,-30,292,-60,192,-30,198,130" /><INIT seed="2,0,0,0,2,70" ten="278,232,162,328" oya="2" hai0="97,125,1,86,35,8,116,67,79,132,120,57,24" hai1="36,29,84,83,91,72,73,43,134,104,61,40,60" hai2="88,94,110,20,14,126,44,75,9,93,65,113,107" hai3="10,85,3,6,22,121,23,30,96,78,31,41,135"/><V64/><F107/><W130/><G121/><T127/><D120/><U108/><E104/><V98/><F113/><W51/><G130/><T38/><D97/><U92/><E108/><V28/><F75/><W89/><G135/><T133/><D116/><U82/><E134/><N who="0" m="51817" /><D67/><U106/><E106/><V34/><F34/><W102/><G78/><T50/><D57/><U119/><E119/><V95/><F126/><N who="0" m="48138" /><D50/><U32/><E60/><V131/><F131/><W100/><G41/><T55/><D55/><U128/><E128/><V99/><F110/><W101/><G51/><T105/><D105/><U77/><E61/><V19/><F44/><W114/><G114/><T13/><D86/><U71/><E71/><V69/><F69/><W122/><G96/><T15/><D79/><U56/><E56/><V7/><F28/><W47/><G47/><T12/><D38/><U5/><E36/><V68/><F68/><W26/><G122/><T48/><D48/><U25/><E5/><V123/><F123/><W58/><G58/><T2/><D8/><U54/><E54/><V42/><F42/><W62/><G62/><T39/><D39/><U90/><E72/><V33/><F33/><W16/><REACH who="3" step="1"/><G22/><REACH who="3" ten="278,232,162,318" step="2"/><T124/><D124/><U4/><E40/><V81/><F98/><W118/><G118/><T63/><D63/><U49/><E43/><V52/><F99/><W111/><G111/><T53/><D53/><U18/><E49/><V103/><F52/><W45/><G45/><T74/><D74/><U46/><E73/><V21/><F21/><W112/><G112/><T66/><D66/><RYUUKYOKU ba="0,1" sc="278,15,232,-15,162,-15,318,15" hai0="1,2,12,13,15,24,35" hai3="3,6,10,16,23,26,30,31,85,89,100,101,102" /><INIT seed="3,1,1,3,2,49" ten="293,217,147,333" oya="3" hai0="102,54,133,120,125,41,73,62,117,34,101,66,8" hai1="19,83,60,23,134,116,87,21,123,67,27,106,76" hai2="1,85,63,96,104,6,115,10,110,107,118,81,114" hai3="128,16,72,112,113,39,37,111,58,57,124,4,64"/><W84/><G72/><T95/><D117/><U0/><E123/><V35/><F118/><W33/><G33/><T45/><D120/><U2/><E116/><V82/><F35/><W74/><G74/><T56/><D73/><U44/><E106/><V103/><F110/><W46/><G4/><T99/><D133/><U91/><E134/><V131/><F131/><W30/><G30/><T53/><D34/><U135/><E135/><V129/><F129/><W61/><G128/><T79/><D125/><U14/><E44/><V38/><F38/><W75/><G75/><T42/><D79/><U78/><E0/><V89/><F104/><W130/><G130/><T43/><D45/><U9/><E2/><V119/><F119/><W12/><G124/><T17/><D102/><U31/><REACH who="1" step="1"/><E9/><REACH who="1" ten="293,207,147,333" step="2"/><V126/><F126/><W13/><G46/><T7/><REACH who="0" step="1"/><D17/><REACH who="0" ten="283,207,147,333" step="2"/><U32/><E32/><V3/><F114/><W29/><G16/><T70/><D70/><AGARI ba="1,3" hai="14,19,21,23,27,31,60,67,70,76,78,83,87,91" machi="70" ten="30,2000,0" yaku="1,1,7,1,53,0" doraHai="49" doraHaiUra="127" who="1" fromWho="0" sc="283,-23,207,53,147,0,333,0" /><INIT seed="4,0,0,5,3,54" ten="260,260,147,333" oya="0" hai0="62,33,30,127,133,79,22,29,107,48,6,98,119" hai1="92,86,36,68,88,78,23,94,69,76,116,85,13" hai2="93,57,123,41,124,1,2,25,109,32,40,87,44" hai3="7,37,89,99,82,45,8,100,27,113,5,28,104"/><T19/><D119/><U67/><E36/><V103/><F123/><W130/><G113/><T108/><D133/><U38/><E38/><V95/><F124/><W129/><G89/><T50/><D127/><U61/><E116/><V118/><F118/><W90/><G90/><T73/><D108/><U70/><E94/><V17/><F109/><W18/><G82/><T47/><D6/><U16/><REACH who="1" step="1"/><E86/><REACH who="1" ten="260,250,147,333" step="2"/><V0/><F87/><W135/><G37/><T52/><D107/><U134/><E134/><V105/><F105/><W80/><G135/><T110/><D110/><U39/><E39/><V15/><F93/><W24/><G104/><T106/><D106/><U9/><E9/><V65/><F95/><W97/><G8/><T51/><D98/><U56/><AGARI ba="0,1" hai="13,16,23,56,61,67,68,69,70,76,78,85,88,92" machi="56" ten="30,8000,1" yaku="1,1,0,1,52,1,54,2,53,0" doraHai="54" doraHaiUra="42" who="1" fromWho="1" sc="260,-40,250,90,147,-20,333,-20" /><INIT seed="5,0,0,2,2,27" ten="220,340,127,313" oya="1" hai0="125,42,96,45,81,115,109,58,35,14,3,119,71" hai1="65,131,134,111,31,52,22,92,88,102,39,105,51" hai2="82,36,122,11,75,68,5,99,73,18,130,8,83" hai3="87,38,123,112,107,53,7,84,44,101,70,47,121"/><U126/><E39/><V135/><F36/><W57/><G70/><T1/><D109/><U127/><E111/><V85/><F122/><W40/><G47/><T37/><D119/><U120/><E120/><V103/><F68/><W90/><G7/><T74/><D71/><U49/><E131/><V97/><F130/><W63/><G112/><T77/><D115/><U41/><E65/><V94/><F135/><W50/><G84/><T55/><D125/><N who="1" m="47627" /><E134/><V9/><F5/><W43/><G43/><T28/><D14/><U98/><E41/><V132/><F132/><W80/><REACH who="3" step="1"/><G38/><REACH who="3" ten="220,340,127,303" step="2"/><T46/><D46/><U6/><E6/><V133/><F133/><W89/><G89/><T78/><D78/><U60/><E88/><V62/><F75/><W59/><G59/><T21/><D58/><N who="1" m="34887" /><E105/><V24/><F73/><W54/><G54/><T15/><D55/><U10/><E10/><V124/><F124/><W32/><G32/><T118/><D35/><U16/><E31/><V34/><F34/><W4/><G4/><T72/><D72/><U30/><E30/><V93/><F85/><W110/><G110/><T29/><D29/><U79/><E79/><V33/><F33/><W17/><G17/><N who="0" m="10431" /><D28/><U128/><E128/><V106/><F8/><W76/><G76/><T26/><D77/><U2/><E2/><V69/><F9/><W48/><G48/><T117/><D3/><U129/><E129/><V91/><F11/><W25/><G25/><AGARI ba="0,1" hai="16,22,25,49,51,92,98,102" m="34887,47627" machi="25" ten="30,5800,0" yaku="18,1,54,2" doraHai="27" who="1" fromWho="3" sc="220,0,340,68,127,0,303,-58" /><INIT seed="5,1,0,2,2,27" ten="220,408,127,245" oya="1" hai0="46,57,4,56,89,122,96,111,106,75,100,41,119" hai1="58,67,7,20,128,78,108,82,130,8,102,36,86" hai2="33,25,101,22,110,92,132,73,62,17,43,38,88" hai3="3,112,55,64,81,40,11,1,104,103,87,28,30"/><U95/><E108/><V115/><F73/><W133/><G40/><T51/><D119/><U18/><E36/><V70/><F110/><W118/><G118/><T59/><D111/><U117/><E117/><V126/><F126/><W35/><G64/><T79/><D122/><U54/><E67/><V83/><F132/><W31/><G35/><T68/><D68/><U124/><E124/><V80/><F115/><W129/><G133/><T109/><D109/><U16/><E102/><V131/><F131/><N who="1" m="50217" /><E95/><V26/><F101/><W72/><G72/><T94/><D4/><U10/><E20/><V23/><F33/><W47/><G129/><T9/><D9/><N who="1" m="3691" /><E7/><V113/><F113/><W0/><G112/><T45/><D45/><U114/><E114/><V2/><F2/><W99/><G11/><T85/><REACH who="0" step="1"/><D59/><REACH who="0" ten="210,408,127,245" step="2"/><U61/><AGARI ba="1,1" hai="16,18,54,58,61,78,82,86" m="3691,50217" machi="61" ten="30,3000,0" yaku="19,1,54,1" doraHai="27" who="1" fromWho="1" sc="210,-11,408,43,127,-11,245,-11" /><INIT seed="5,2,0,5,4,29" ten="199,451,116,234" oya="1" hai0="66,10,49,118,72,70,129,81,55,45,120,134,56" hai1="108,112,42,128,31,78,77,57,92,19,74,14,131" hai2="99,24,96,1,3,38,125,23,48,18,36,69,37" hai3="26,11,71,67,32,113,2,126,7,105,86,89,133"/><U12/><E112/><V106/><F69/><W13/><G113/><T4/><D118/><U119/><E119/><V101/><F125/><W28/><G126/><T16/><D129/><U111/><E42/><V85/><F85/><W132/><G105/><T25/><D134/><N who="3" m="51817" /><G67/><T123/><D70/><U65/><E31/><V47/><REACH who="2" step="1"/><F99/><REACH who="2" ten="199,451,106,234" step="2"/><W79/><G71/><T84/><D72/><U8/><E74/><V91/><F91/><W82/><G89/><T60/><D25/><U34/><E128/><V33/><F33/><W135/><G135/><T62/><D123/><U124/><E34/><V115/><F115/><W90/><G90/><T122/><D122/><U5/><E124/><V22/><F22/><W116/><G116/><T43/><D120/><U15/><E131/><V9/><F9/><W83/><G83/><T68/><D81/><U110/><E8/><V35/><F35/><W100/><G100/><T127/><D127/><U54/><E110/><V93/><F93/><W58/><G86/><T117/><D84/><U50/><E92/><V27/><F27/><W41/><G82/><T80/><D80/><U20/><E111/><V107/><F107/><W51/><G11/><T63/><D117/><U40/><E108/><V97/><F97/><W104/><G104/><T46/><D68/><U53/><E20/><V95/><F95/><W98/><G98/><T87/><D87/><U17/><E78/><V6/><F6/><W30/><G79/><T88/><D88/><U94/><E77/><V121/><F121/><W102/><G32/><T76/><D76/><U114/><E114/><RYUUKYOKU ba="2,1" sc="199,-10,451,-10,106,30,234,-10" hai2="1,3,18,23,24,36,37,38,47,48,96,101,106" /><INIT seed="6,3,1,3,5,53" ten="189,441,136,224" oya="2" hai0="115,43,71,48,133,10,70,126,81,6,83,40,39" hai1="4,60,47,31,51,90,1,92,73,94,85,108,29" hai2="22,76,59,19,111,44,95,37,66,54,12,107,101" hai3="109,67,97,46,127,102,17,16,96,119,61,27,75"/><V9/><F111/><W98/><G109/><T134/><D39/><U25/><E73/><V121/><F121/><W5/><G119/><T26/><D115/><U110/><E31/><V23/><F107/><W24/><G75/><T52/><D26/><U33/><E60/><N who="2" m="38175" /><F37/><W42/><G5/><T93/><D93/><U118/><E118/><V135/><F135/><N who="0" m="51722" /><D83/><U91/><E4/><V55/><F76/><W8/><G102/><T130/><D81/><U14/><E1/><V72/><F72/><W69/><G127/><T49/><D130/><U112/><E112/><V63/><F44/><W45/><G45/><N who="0" m="25639" /><D43/><U128/><E128/><V113/><F113/><W58/><G69/><T65/><D65/><U13/><E110/><V117/><F117/><W89/><G89/><T50/><D50/><U114/><E114/><V84/><F63/><W124/><G124/><T62/><D62/><U88/><E108/><V15/><F22/><W104/><G104/><T64/><D64/><U77/><E77/><V131/><F131/><W34/><G34/><T18/><D126/><U82/><E51/><V57/><F57/><W38/><G38/><T11/><D49/><U99/><E47/><V30/><F30/><W132/><G132/><T125/><D125/><U120/><E120/><V74/><F74/><W0/><G46/><T123/><D123/><U35/><E33/><V116/><F116/><W36/><G36/><T87/><D70/><U80/><E80/><V68/><F68/><W20/><G42/><T100/><D71/><U122/><E122/><V21/><F21/><N who="3" m="13351" /><G0/><T86/><D52/><RYUUKYOKU ba="3,1" sc="189,-15,441,15,136,-15,224,15" hai1="13,14,25,29,35,82,85,88,90,91,92,94,99" hai3="8,17,20,27,58,61,67,96,97,98" /><INIT seed="7,4,1,5,2,60" ten="174,456,121,239" oya="3" hai0="63,3,55,130,45,7,119,104,112,69,27,11,62" hai1="133,120,56,31,108,34,18,2,131,61,71,101,40" hai2="78,125,85,17,80,23,14,121,87,123,37,49,13" hai3="132,29,73,97,38,118,129,50,83,6,94,33,10"/><W5/><G38/><T81/><D119/><U24/><E71/><V135/><F37/><W113/><G118/><T65/><D104/><U89/><E108/><V28/><F28/><W4/><G33/><T36/><D130/><U105/><E120/><V128/><F128/><W84/><G73/><T109/><D109/><U106/><E101/><V92/><F135/><W114/><G29/><T67/><D112/><N who="3" m="43113" /><G132/><T122/><D122/><U103/><E103/><V111/><F111/><W117/><G117/><T22/><D81/><U88/><E2/><V54/><F125/><W75/><G75/><T70/><D55/><U35/><E40/><V126/><F126/><W51/><G10/><T96/><D96/><U58/><E31/><V100/><F13/><W15/><G15/><T19/><D36/><U86/><E24/><V16/><F17/><W42/><G42/><T134/><D45/><U74/><E18/><V32/><F32/><W47/><G47/><T76/><D76/><U79/><E74/><V30/><F30/><W102/><G129/><T9/><D9/><U48/><E34/><V26/><F26/><W72/><G72/><T95/><D95/><U39/><E35/><V41/><F41/><W124/><G124/><T77/><D77/><AGARI ba="4,1" hai="4,5,6,50,51,77,83,84,94,97,102" m="43113" machi="77" ten="30,1500,0" yaku="15,1" doraHai="60" who="3" fromWho="0" sc="174,-27,456,0,121,0,239,37" /><INIT seed="7,5,0,0,4,115" ten="147,456,121,276" oya="3" hai0="86,89,110,10,30,79,47,130,17,90,55,69,20" hai1="135,8,107,116,92,96,22,127,118,82,38,18,14" hai2="97,51,57,23,98,2,11,71,84,45,88,81,100" hai3="43,73,126,7,34,36,24,83,128,80,60,64,25"/><W5/><G36/><T58/><D110/><U15/><E135/><V54/><F71/><W122/><G43/><T76/><D69/><U42/><E107/><V101/><F23/><W32/><G122/><T124/><D130/><U105/><E105/><V40/><F2/><W125/><G60/><N who="0" m="35935" /><D124/><U131/><E127/><V78/><F11/><W121/><G121/><T77/><D47/><U50/><E38/><V117/><F117/><W9/><G9/><T104/><D104/><U123/><E123/><V134/><F134/><W6/><G73/><T74/><D74/><U111/><E111/><V66/><F66/><W120/><G5/><T28/><D10/><U4/><E82/><V31/><F31/><N who="0" m="11818" /><D86/><U102/><E131/><V13/><F13/><AGARI ba="5,0" hai="13,17,20,76,77,79,89,90" m="11818,35935" machi="13" ten="30,1000,0" yaku="8,1" doraHai="115" who="0" fromWho="2" sc="147,25,456,0,121,-25,276,0" owari="172,-22.8,456,55.6,96,-40.4,276,7.6" /></mjloggm>