<mjloggm ver="2.3"><GO type="169" lobby="0"/><UN n0="%E4%BA%8C%E6%8A%9E%E4%BA%BA" n1="%E4%B8%80%E8%93%AE%E5%B3%BB%E6%BD%A4" n2="%E3%82%A4%E3%82%AB%E3%81%AB%E3%82%82%E6%9D%B1%E5%8C%97" n3="%E9%A7%BF" dan="16,17,16,16" rate="2064.61,2191.96,2157.65,2139.44" sx="F,M,M,M"/><TAIKYOKU oya="0"/><INIT seed="0,0,0,4,5,119" ten="250,250,250,250" oya="0" hai0="16,84,14,67,103,77,107,7,121,100,40,61,55" hai1="132,0,21,30,57,53,80,36,133,18,112,27,101" hai2="44,10,104,113,13,94,26,37,49,47,114,33,118" hai3="73,83,56,87,88,106,34,3,120,32,127,135,134"/><T23/><D40/><U20/><E36/><V54/><F104/><W97/><G3/><T29/><D121/><U78/><E0/><V65/><F118/><W125/><G56/><T93/><D107/><U126/><E101/><V115/><F65/><W24/><G24/><T11/><D29/><U48/><E126/><N who="3" m="48138" /><G120/><T8/><D55/><U35/><E112/><V108/><F108/><W95/><G32/><T124/><D124/><U60/><E60/><V62/><F62/><W131/><G34/><T38/><D38/><U31/><E31/><V6/><F33/><W43/><G43/><T72/><D72/><U86/><REACH who="1" step="1"/><E18/><REACH who="1" ten="250,240,250,250" step="2"/><V130/><F37/><W109/><G109/><T122/><D103/><U82/><E82/><V128/><F94/><W102/><G131/><N who="2" m="50217" /><F26/><W25/><G25/><T2/><D93/><U45/><E45/><AGARI ba="0,1" hai="6,10,13,44,45,47,49,54,113,114,115" m="50217" machi="45" ten="40,1300,0" yaku="19,1" doraHai="119" who="2" fromWho="1" sc="250,0,240,-13,250,23,250,0" /><INIT seed="1,0,0,0,4,25" ten="250,227,273,250" oya="1" hai0="119,40,135,39,86,17,36,5,128,62,2,109,90" hai1="83,92,65,73,14,84,60,63,11,46,129,26,111" hai2="87,8,47,4,97,30,6,71,45,75,102,20,110" hai3="80,16,15,77,113,55,24,79,88,103,19,18,120"/><U67/><E129/><V123/><F75/><W22/><G120/><T96/><D119/><U44/><E73/><V12/><F123/><W76/><G113/><T99/><D109/><U0/><E0/><V115/><F71/><W105/><G105/><T31/><D17/><U29/><E111/><V37/><F110/><W107/><G107/><T34/><D128/><U66/><E92/><V85/><F115/><W13/><G103/><T95/><D5/><U108/><E108/><V53/><F4/><W116/><G116/><T28/><D34/><U121/><E121/><V41/><F53/><W51/><G13/><T104/><D2/><U130/><E130/><V133/><F47/><W106/><G106/><T93/><D104/><U23/><E46/><V72/><F133/><W35/><G35/><T38/><D40/><U74/><E44/><V114/><F72/><W3/><G3/><T126/><D135/><U125/><E125/><V100/><F114/><W70/><G70/><T132/><D132/><U118/><E74/><V58/><F58/><N who="3" m="33151" /><G15/><T61/><D86/><AGARI ba="0,0" hai="16,18,19,22,24,76,77,79,80,86,88" m="33151" machi="86" ten="30,3900,0" yaku="8,1,54,2" doraHai="25" who="3" fromWho="0" sc="250,-39,227,0,273,0,250,39" /><INIT seed="2,0,0,3,0,32" ten="211,227,273,289" oya="2" hai0="80,34,4,134,127,51,62,60,38,27,126,44,104" hai1="59,42,39,130,89,86,30,28,118,75,24,37,35" hai2="69,111,40,67,33,70,17,107,14,109,122,29,23" hai3="129,16,120,131,92,68,45,99,114,119,1,124,47"/><V49/><F122/><W48/><G119/><T18/><D104/><U54/><E118/><V52/><F107/><W83/><G120/><T19/><D38/><U78/><E130/><V56/><F40/><W61/><G124/><N who="0" m="47659" /><D134/><U105/><E105/><V98/><F98/><W71/><G83/><T22/><D34/><U57/><E30/><V58/><F58/><W87/><G87/><T125/><N who="0" m="47667" /><T46/><DORA hai="84" /><D46/><U5/><E78/><V108/><REACH who="2" step="1"/><F67/><REACH who="2" ten="211,227,263,289" step="2"/><W96/><G96/><T6/><D44/><U55/><E42/><V7/><F7/><W106/><G106/><T116/><D4/><U15/><E59/><V43/><F43/><W132/><G99/><T90/><D6/><U41/><E41/><V81/><F81/><W31/><G129/><T73/><D116/><U95/><E55/><V66/><F66/><W85/><G131/><T63/><D80/><U88/><E39/><V135/><F135/><W72/><G132/><T91/><D73/><U64/><E64/><V50/><F50/><W102/><G48/><T79/><D51/><U133/><E37/><V26/><AGARI ba="0,1" hai="14,17,23,26,29,33,49,52,56,69,70,108,109,111" machi="26" ten="40,12000,1" yaku="1,1,0,1,14,1,10,1,54,1,53,0" doraHai="32,84" doraHaiUra="0,110" who="2" fromWho="2" sc="211,-40,227,-40,263,130,289,-40" /><INIT seed="2,1,0,0,1,97" ten="171,187,393,249" oya="2" hai0="80,98,107,29,74,23,11,14,0,100,93,66,30" hai1="83,76,91,123,120,129,17,5,58,9,88,62,33" hai2="73,124,78,84,25,106,112,115,92,10,108,26,39" hai3="114,24,89,60,132,135,105,35,57,70,99,64,81"/><V15/><F106/><W2/><G2/><T37/><D37/><U44/><E33/><V128/><F39/><W54/><G114/><T71/><D0/><U67/><E129/><V116/><F116/><W77/><G24/><T51/><D74/><U90/><E44/><V101/><F128/><W46/><G35/><T38/><D38/><U55/><E17/><V45/><F124/><W130/><G46/><T40/><D71/><U28/><E28/><V104/><F104/><W94/><G105/><T109/><D66/><U4/><E67/><V110/><F73/><W96/><G96/><T18/><D80/><U1/><REACH who="1" step="1"/><E5/><REACH who="1" ten="171,177,393,249" step="2"/><V20/><F45/><W42/><G130/><T36/><D29/><U27/><E27/><V12/><F26/><W16/><G16/><T75/><D30/><U118/><E118/><V134/><F25/><W56/><G42/><T131/><D40/><U85/><AGARI ba="1,1" hai="1,4,9,55,58,62,76,83,85,88,90,91,120,123" machi="85" ten="30,4000,0" yaku="1,1,0,1,54,1,53,0" doraHai="97" doraHaiUra="63" who="1" fromWho="1" sc="171,-11,177,53,393,-21,249,-11" /><INIT seed="3,0,0,5,5,129" ten="160,230,372,238" oya="3" hai0="67,84,82,44,80,123,134,60,119,95,114,98,81" hai1="22,125,65,47,116,8,19,124,28,110,18,15,0" hai2="105,100,89,49,14,34,77,75,20,31,50,16,107" hai3="9,35,24,25,92,93,128,53,13,6,133,90,17"/><W121/><G121/><T108/><D123/><U63/><E110/><V7/><F7/><W27/><G128/><T33/><D119/><U39/><E116/><V69/><F69/><W58/><G35/><T91/><D33/><U117/><E117/><V102/><F75/><W46/><G133/><T118/><D118/><U86/><E28/><V41/><F77/><W12/><G46/><T99/><D108/><U104/><E104/><V52/><F107/><W113/><G113/><T87/><D114/><U132/><E86/><V54/><F41/><W76/><G76/><T5/><D5/><U94/><E94/><V64/><F64/><W74/><G74/><T111/><D111/><U78/><E78/><V48/><F105/><W62/><REACH who="3" step="1"/><G90/><REACH who="3" ten="160,230,372,228" step="2"/><T112/><D112/><U122/><E122/><V23/><F89/><W66/><G66/><T126/><D134/><U45/><E132/><V40/><F34/><W55/><G55/><N who="2" m="21033" /><F40/><W38/><G38/><T10/><D44/><U120/><E120/><V106/><F106/><W103/><G103/><T59/><D91/><U51/><E39/><V36/><F36/><W21/><AGARI ba="0,1" hai="6,9,12,13,17,21,24,25,27,53,58,62,92,93" machi="21" ten="30,6000,0" yaku="1,1,0,1,8,1,53,0" doraHai="129" doraHaiUra="43" who="3" fromWho="3" sc="160,-20,230,-20,372,-20,228,70" /><INIT seed="3,1,0,3,3,51" ten="140,210,352,298" oya="3" hai0="37,7,44,42,35,62,15,28,0,38,29,66,59" hai1="117,114,20,123,128,70,98,47,87,3,23,113,71" hai2="134,129,60,8,14,135,24,75,45,91,68,12,127" hai3="34,93,11,9,41,102,88,49,63,120,132,85,40"/><W103/><G34/><T26/><D28/><U116/><E98/><V86/><F75/><W97/><G120/><T33/><D33/><U61/><E3/><V10/><F129/><W107/><G132/><N who="2" m="50729" /><F127/><W115/><G115/><T126/><D126/><U31/><E31/><V69/><F45/><W50/><G103/><T99/><D99/><U109/><E123/><V89/><F24/><W131/><G131/><T57/><D0/><U2/><E2/><V53/><F53/><W110/><G110/><T80/><D80/><U83/><E128/><V73/><F73/><W32/><G32/><T84/><D84/><U13/><E47/><V67/><F69/><W30/><G30/><T6/><D38/><U77/><E109/><V21/><F21/><N who="1" m="8265" /><E13/><N who="2" m="5227" /><F91/><W43/><REACH who="3" step="1"/><G63/><REACH who="3" ten="140,210,352,288" step="2"/><T39/><D35/><U95/><E61/><V76/><F76/><W18/><G18/><T55/><D29/><U25/><E114/><V111/><F111/><W27/><G27/><T19/><D26/><U78/><E113/><V125/><F125/><W96/><G96/><T105/><D19/><U22/><E78/><V79/><F79/><W124/><G124/><T122/><D122/><U106/><E25/><V52/><F60/><W4/><G4/><T100/><D6/><U1/><E77/><V48/><F89/><W112/><G112/><T46/><D7/><U119/><E119/><V133/><F133/><W118/><G118/><T54/><D62/><U94/><E117/><V74/><F74/><W36/><G36/><T101/><D37/><U108/><E116/><V65/><F86/><W72/><G72/><RYUUKYOKU ba="1,1" sc="140,-10,210,-10,352,-10,288,30" hai3="9,11,40,41,43,49,50,85,88,93,97,102,107" /><INIT seed="3,2,1,5,3,75" ten="130,200,342,318" oya="3" hai0="39,78,114,2,65,51,96,105,95,113,90,10,25" hai1="22,93,17,5,69,18,43,37,52,1,99,70,131" hai2="16,26,103,77,108,45,28,115,130,29,46,102,35" hai3="116,44,112,111,36,76,34,47,6,125,123,24,4"/><W50/><G112/><N who="0" m="43115" /><D39/><U30/><E131/><V33/><F115/><W57/><G116/><T106/><D65/><U67/><E30/><V72/><F130/><W41/><G123/><T124/><D124/><U61/><E69/><V82/><F108/><W21/><G34/><T56/><D25/><U0/><E5/><V120/><F120/><W12/><G125/><T59/><D51/><U42/><E18/><V81/><F16/><W53/><G111/><T23/><D23/><U14/><E42/><V74/><REACH who="2" step="1"/><F26/><REACH who="2" ten="130,200,332,318" step="2"/><W88/><G24/><T27/><D27/><U100/><E17/><V32/><F32/><W97/><G21/><T126/><D126/><U132/><E22/><V71/><F71/><W84/><G4/><T107/><D10/><U40/><E70/><V110/><F110/><W135/><G6/><T83/><D2/><U129/><E129/><V127/><F127/><W117/><G12/><T54/><D54/><U86/><E52/><V94/><F94/><W3/><G53/><T122/><D122/><U109/><E93/><V128/><F128/><W91/><G3/><T60/><D60/><U9/><E61/><V55/><F55/><W13/><G13/><T15/><D15/><U8/><E14/><V7/><F7/><W80/><G41/><T38/><D38/><U118/><E37/><V20/><F20/><W85/><G36/><T11/><D11/><U101/><E109/><V68/><F68/><W98/><G50/><T58/><D106/><U134/><E67/><V49/><F49/><W31/><G31/><T48/><D48/><U66/><E1/><RYUUKYOKU ba="2,2" sc="130,15,200,-15,332,15,318,-15" hai0="56,58,59,78,83,90,95,96,105,107" hai2="28,29,33,35,45,46,72,74,77,81,82,102,103" /><INIT seed="4,3,2,0,1,14" ten="145,185,347,303" oya="0" hai0="33,123,2,39,101,22,89,9,100,134,46,10,99" hai1="58,40,28,98,35,12,104,114,132,81,127,0,44" hai2="118,47,105,24,61,67,19,87,110,128,95,17,20" hai3="30,133,37,109,121,5,82,63,113,6,13,84,106"/><T4/><D123/><U45/><E0/><V60/><F110/><W8/><G109/><T66/><D33/><U43/><E132/><V76/><F105/><W64/><G133/><T119/><D119/><U107/><E127/><V51/><F118/><W130/><G106/><T62/><D134/><U34/><E114/><V18/><F128/><W112/><G130/><T25/><D10/><U49/><E58/><N who="2" m="37271" /><F61/><W55/><G37/><T3/><D3/><U124/><E124/><V125/><F125/><W88/><G121/><T15/><D2/><U91/><E28/><V85/><F95/><W92/><G55/><T71/><D89/><U74/><E107/><V116/><F116/><W102/><G30/><T57/><D71/><U120/><E120/><V93/><F93/><W94/><G5/><T80/><D80/><U90/><E90/><V31/><F76/><W23/><G102/><T59/><D59/><U75/><E75/><V50/><F50/><W65/><G65/><T26/><D99/><U16/><E104/><V48/><F51/><W29/><G113/><T79/><D79/><U86/><E74/><V126/><F126/><W78/><G78/><T68/><D68/><U117/><E98/><V97/><F97/><W111/><G112/><T96/><D96/><U69/><E69/><V52/><AGARI ba="3,2" hai="17,18,19,20,24,31,47,48,52,85,87" m="37271" machi="52" ten="30,8000,1" yaku="8,1,52,3,54,1" doraHai="14" who="2" fromWho="2" sc="145,-43,185,-23,347,109,303,-23" /><INIT seed="5,0,0,2,1,94" ten="102,162,456,280" oya="1" hai0="49,57,90,74,71,19,52,65,77,13,117,89,46" hai1="109,68,114,10,58,66,40,79,25,22,100,60,42" hai2="121,86,21,83,12,28,111,119,50,27,106,93,73" hai3="88,37,130,120,54,62,108,1,122,87,133,123,24"/><U72/><E114/><V29/><F111/><W26/><G108/><T41/><D117/><U45/><E109/><V63/><F106/><W23/><G1/><T32/><D32/><U76/><E72/><V92/><F73/><W16/><G37/><T9/><D74/><U55/><E10/><V116/><F121/><W64/><G130/><T15/><D77/><U113/><E113/><V126/><F126/><W82/><G133/><T91/><D71/><U61/><E100/><V85/><F29/><W7/><G7/><T118/><D118/><U14/><E14/><V102/><F50/><W48/><G24/><T31/><D31/><U129/><E129/><V135/><F135/><W98/><G98/><T107/><D107/><U44/><E45/><V34/><F85/><W97/><G97/><T4/><D65/><U38/><REACH who="1" step="1"/><E42/><REACH who="1" ten="102,152,456,280" step="2"/><V112/><F112/><W3/><G3/><T17/><REACH who="0" step="1"/><D13/><REACH who="0" ten="92,152,456,280" step="2"/><U11/><E11/><V134/><F12/><W132/><G132/><T30/><D30/><AGARI ba="0,2" hai="22,25,30,38,40,44,55,58,60,61,66,68,76,79" machi="30" ten="30,5800,0" yaku="1,1,7,1,53,1" doraHai="94" doraHaiUra="53" who="1" fromWho="0" sc="92,-58,152,78,456,0,280,0" /><INIT seed="5,1,0,4,4,24" ten="34,230,456,280" oya="1" hai0="52,61,130,13,124,6,42,135,103,58,84,68,14" hai1="23,82,132,114,92,19,63,41,96,37,62,88,2" hai2="94,29,75,122,134,87,17,108,74,50,66,111,91" hai3="73,44,105,48,34,123,54,59,18,9,98,70,10"/><U86/><E2/><V116/><F116/><W106/><G70/><T120/><D120/><U72/><E114/><V33/><F122/><W40/><G73/><T16/><D130/><U95/><E132/><V117/><F117/><W3/><G123/><T36/><D135/><U60/><E72/><V27/><F134/><W38/><G34/><T97/><D124/><U67/><E37/><V129/><F129/><W55/><G10/><T47/><D84/><U89/><E41/><V1/><F1/><W39/><G39/><T56/><D6/><U71/><REACH who="1" step="1"/><E82/><REACH who="1" ten="34,220,456,280" step="2"/><V35/><F74/><W85/><G38/><T79/><D79/><U127/><E127/><V31/><F75/><W110/><G40/><T90/><D90/><U21/><E21/><V0/><F0/><W8/><G3/><T131/><D131/><U126/><E126/><V119/><F35/><W53/><G8/><T80/><D80/><U45/><E45/><V125/><F33/><W30/><G9/><T69/><D58/><U133/><E133/><V93/><F91/><W49/><G44/><T101/><D101/><U32/><E32/><V4/><F125/><W46/><G46/><T104/><REACH who="0" step="1"/><D13/><AGARI ba="1,1" hai="13,19,23,60,62,63,67,71,86,88,89,92,95,96" machi="13" ten="30,5800,0" yaku="1,1,7,1,54,1,53,0" doraHai="24" doraHaiUra="22" who="1" fromWho="0" sc="34,-61,220,71,456,0,280,0" owari="-27,-52.7,291,9.1,456,55.6,280,-12.0" /></mjloggm>