<mjloggm ver="2.3"><GO type="169" lobby="0"/><UN n0="%E2%97%8E%E3%82%88%E3%81%97%E2%97%8E" n1="%6B%61%74%65%72%69%6E%61" n2="%E3%83%8A%E3%82%AB%E3%81%AB%E3%81%97" n3="%E3%82%BF%E3%82%A4%E4%BA%BA%EF%BC%A0%E3%83%90%E3%83%B3%E3%82%B3%E3%82%AF" dan="16,16,17,16" rate="2152.51,2108.26,2236.36,2122.86" sx="M,M,M,M"/><TAIKYOKU oya="0"/><INIT seed="0,0,0,0,5,97" ten="250,250,250,250" oya="0" hai0="120,79,115,126,58,22,16,106,124,93,1,48,128" hai1="103,9,90,125,54,4,24,61,7,69,91,0,27" hai2="52,66,45,134,42,83,8,28,127,92,64,74,26" hai3="21,3,98,44,40,35,37,46,12,109,113,39,55"/><T41/><D120/><U118/><E118/><V57/><F134/><W108/><G113/><T36/><D115/><U81/><E125/><N who="0" m="48233" /><D106/><U70/><E103/><V56/><F127/><W5/><G35/><T129/><D1/><U62/><E81/><V14/><F74/><W49/><G3/><T2/><D2/><U15/><E0/><V34/><F83/><W19/><G5/><T104/><D104/><U67/><E54/><V94/><F66/><W75/><G75/><T23/><D79/><U11/><REACH who="1" step="1"/><E15/><REACH who="1" ten="250,240,250,250" step="2"/><V95/><F64/><AGARI ba="0,1" hai="4,7,9,11,24,27,61,62,64,67,69,70,90,91" machi="64" ten="25,6400,0" yaku="1,1,2,1,22,2,53,0" doraHai="97" doraHaiUra="43" who="1" fromWho="2" sc="250,0,240,74,250,-64,250,0" /><INIT seed="1,0,0,0,2,109" ten="250,314,186,250" oya="1" hai0="33,23,131,31,53,101,37,85,38,8,79,56,83" hai1="126,7,74,68,128,62,51,22,134,87,27,121,65" hai2="21,52,92,1,28,125,15,40,25,70,29,75,19" hai3="129,34,48,97,89,35,12,111,17,86,60,94,113"/><U2/><E121/><V73/><F70/><W26/><G113/><T133/><D131/><U112/><E74/><V66/><F66/><W104/><G111/><T39/><D133/><U98/><E128/><V84/><F125/><W5/><G129/><T124/><D124/><U122/><E126/><V20/><F40/><W107/><G5/><T13/><D101/><U69/><E122/><V24/><F1/><W63/><G48/><T30/><D23/><U118/><E118/><V44/><F84/><W14/><G14/><T108/><D33/><U76/><E134/><V81/><F92/><W32/><G26/><T103/><D103/><U4/><E69/><V116/><F81/><W58/><G86/><T106/><D106/><U50/><E112/><V9/><REACH who="2" step="1"/><F116/><REACH who="2" ten="250,314,176,250" step="2"/><W91/><G107/><T115/><D108/><U120/><E120/><V96/><F96/><W16/><G104/><T46/><D115/><U80/><E98/><V123/><F123/><W11/><G91/><T127/><D127/><U3/><E3/><V59/><F59/><W119/><G119/><T55/><D56/><U57/><E2/><V61/><F61/><W90/><G90/><T42/><D55/><U82/><E82/><V64/><F64/><W130/><G130/><T99/><D53/><U10/><E68/><V54/><F54/><N who="3" m="33879" /><G63/><T0/><D0/><U71/><E71/><V88/><F88/><W105/><G105/><T132/><D99/><U6/><REACH who="1" step="1"/><E10/><REACH who="1" ten="250,304,176,250" step="2"/><V43/><F43/><W135/><G135/><T45/><D132/><U117/><E117/><V41/><F41/><W47/><G47/><RYUUKYOKU ba="0,2" sc="250,-30,304,10,176,10,250,10" hai1="4,6,7,22,27,50,51,57,62,65,76,80,87" hai2="9,15,19,20,21,24,25,28,29,44,52,73,75" hai3="11,12,16,17,32,34,35,89,94,97" /><INIT seed="1,1,2,2,4,24" ten="220,314,186,260" oya="1" hai0="124,97,116,67,105,106,128,99,85,126,50,87,111" hai1="49,83,29,58,46,28,76,135,64,72,54,118,57" hai2="117,0,14,8,23,6,40,44,63,113,91,35,79" hai3="131,22,101,104,30,20,120,5,61,130,102,114,100"/><U9/><E118/><V37/><F117/><W84/><G120/><T52/><D67/><U119/><E119/><V19/><F113/><W32/><G114/><T45/><D116/><U11/><E135/><V80/><F35/><W38/><G38/><T69/><D69/><U51/><E58/><V36/><F63/><W132/><G132/><T39/><D39/><U53/><REACH who="1" step="1"/><E64/><REACH who="1" ten="220,304,186,260" step="2"/><V7/><F37/><W125/><G130/><T74/><D128/><U121/><E121/><V47/><F47/><W81/><G131/><T94/><D45/><U27/><E27/><V42/><F42/><W82/><G125/><T88/><D52/><U31/><AGARI ba="1,3" hai="9,11,28,29,31,46,49,51,53,54,57,72,76,83" machi="31" ten="30,12000,1" yaku="1,1,0,1,52,3,53,0" doraHai="24" doraHaiUra="98" who="1" fromWho="1" sc="220,-41,304,153,186,-41,260,-41" /><INIT seed="1,2,0,3,5,116" ten="179,457,145,219" oya="1" hai0="36,88,64,75,131,133,110,91,24,0,14,102,118" hai1="86,41,49,52,11,128,115,42,15,89,121,117,37" hai2="77,132,134,70,122,94,84,28,90,25,6,38,80" hai3="45,97,62,120,40,129,33,68,74,111,19,21,27"/><U99/><E117/><V47/><F70/><W106/><G74/><T125/><D118/><U101/><E115/><V29/><F6/><W43/><G111/><T79/><D0/><U30/><E37/><V8/><F8/><W100/><G129/><T81/><D36/><U53/><E128/><V76/><F76/><W5/><G5/><T34/><D131/><U48/><E121/><V83/><F83/><W31/><G120/><T119/><D110/><U107/><E30/><V96/><F122/><W55/><G55/><T92/><D125/><U72/><E72/><V63/><F63/><W108/><G45/><T124/><D124/><U73/><E73/><V127/><F127/><W69/><G69/><T57/><D133/><N who="2" m="51306" /><F25/><N who="3" m="14527" /><G108/><T54/><D64/><AGARI ba="2,0" hai="27,31,33,40,43,62,64,68,97,100,106" m="14527" machi="64" ten="30,1000,0" yaku="25,1" doraHai="116" who="3" fromWho="0" sc="179,-16,457,0,145,0,219,16" /><INIT seed="2,0,0,3,4,90" ten="163,457,145,235" oya="2" hai0="32,81,50,20,77,106,95,61,41,56,54,83,119" hai1="73,4,51,7,109,123,64,52,86,42,114,134,3" hai2="94,74,92,13,27,59,47,87,75,98,48,38,91" hai3="112,28,6,67,53,18,113,132,1,58,127,62,88"/><V2/><F2/><W46/><G132/><T82/><D32/><U65/><E114/><V131/><F131/><W122/><G122/><T49/><D106/><U107/><E73/><V66/><F27/><W105/><G105/><T76/><D119/><U103/><E123/><V16/><F38/><W15/><G28/><T110/><D110/><U39/><E109/><V26/><F26/><W124/><G6/><T19/><D95/><U22/><E134/><V40/><F59/><W29/><G29/><T17/><D41/><U9/><E7/><V79/><F66/><W96/><G1/><T0/><D0/><U12/><E42/><V85/><F79/><N who="0" m="30282" /><D19/><U117/><E39/><V36/><F36/><W69/><G69/><T60/><D61/><U120/><E120/><V8/><F87/><W34/><G34/><T80/><N who="0" m="20480" /><DORA hai="126" /><T25/><AGARI ba="0,0" hai="17,20,25,49,50,54,56,60" m="20480,30282" machi="25" ten="40,2700,0" yaku="4,1,8,1" doraHai="90,126" who="0" fromWho="0" sc="163,27,457,-7,145,-13,235,-7" /><INIT seed="3,0,0,5,5,71" ten="190,450,132,228" oya="3" hai0="30,47,95,73,19,11,114,65,53,131,41,125,123" hai1="122,2,9,22,100,37,88,80,18,89,84,104,32" hai2="40,79,119,52,31,108,1,91,21,33,96,126,12" hai3="128,93,117,118,58,57,7,26,54,60,90,42,36"/><W82/><G128/><T133/><D123/><U92/><E122/><V17/><F119/><W4/><G82/><T130/><D73/><U34/><E37/><V129/><F108/><W28/><G118/><T25/><D133/><U67/><E67/><V81/><F129/><W59/><G117/><T116/><D125/><U61/><E61/><V134/><F134/><W106/><G106/><T112/><D116/><U15/><E100/><V43/><F1/><W66/><G42/><T46/><D95/><U62/><E62/><V45/><F126/><W13/><G36/><T35/><D65/><U103/><E103/><V6/><F6/><W99/><G13/><N who="0" m="7615" /><D53/><U124/><E104/><V64/><F64/><W24/><G24/><T101/><D46/><U51/><E51/><V135/><F135/><W77/><G77/><T63/><D63/><U107/><E107/><V23/><F33/><W78/><G78/><T0/><D0/><U38/><E38/><V8/><F96/><W16/><G54/><T76/><D101/><U69/><E69/><V110/><F110/><W115/><G115/><N who="0" m="44075" /><D76/><U105/><E105/><V68/><F68/><W121/><G121/><T44/><D44/><U94/><E124/><V102/><F102/><W127/><G127/><T50/><AGARI ba="0,0" hai="25,30,35,41,47,50,130,131" m="44075,7615" machi="50" ten="30,1100,0" yaku="11,1" doraHai="71" who="0" fromWho="0" sc="190,11,450,-3,132,-3,228,-5" /><INIT seed="4,0,0,2,3,68" ten="201,447,129,223" oya="0" hai0="71,15,13,37,3,118,57,65,117,102,5,6,47" hai1="56,96,104,97,33,106,85,128,108,55,69,95,114" hai2="109,63,83,119,11,84,89,66,76,79,7,129,107" hai3="0,28,135,124,82,44,23,58,42,105,36,120,48"/><T4/><D3/><U8/><E69/><V45/><F109/><W59/><G105/><T91/><D71/><U29/><E108/><V110/><F110/><W25/><G0/><T46/><D102/><U61/><E128/><V75/><F129/><W26/><G135/><T130/><D130/><U86/><E114/><V24/><F107/><W50/><G124/><T22/><D91/><U64/><E104/><V116/><F24/><W73/><G120/><T93/><D93/><U90/><E33/><V17/><F17/><W19/><G50/><T115/><D115/><U18/><E29/><V70/><F45/><N who="0" m="16906" /><D65/><U113/><E113/><V80/><REACH who="2" step="1"/><F89/><REACH who="2" ten="201,447,119,223" step="2"/><W60/><G26/><T21/><D37/><U54/><E106/><V9/><F9/><W14/><G36/><T134/><D134/><U92/><E18/><V100/><F100/><W78/><REACH who="3" step="1"/><G60/><REACH who="3" ten="201,447,119,213" step="2"/><T38/><D38/><U40/><E61/><V123/><F123/><W1/><G1/><AGARI ba="0,2" hai="1,7,11,63,66,70,75,76,79,80,83,84,116,119" machi="1" ten="40,1300,0" yaku="1,1,53,0" doraHai="68" doraHaiUra="125" who="2" fromWho="3" sc="201,0,447,0,119,33,213,-13" /><INIT seed="5,0,0,2,1,88" ten="201,447,152,200" oya="1" hai0="60,56,50,68,63,34,12,122,23,3,8,45,58" hai1="106,13,118,89,28,85,6,5,87,46,101,95,99" hai2="71,125,134,98,94,17,47,42,114,121,16,62,41" hai3="54,112,74,18,10,84,4,126,102,27,109,7,30"/><U108/><E118/><V110/><F110/><W107/><G109/><T111/><D34/><U113/><E108/><V26/><F121/><W131/><G74/><T123/><D111/><U65/><E113/><V55/><F134/><W24/><G112/><T132/><D3/><U48/><E65/><V83/><F125/><W127/><G131/><T91/><D23/><U76/><E28/><V100/><F114/><W92/><G107/><T69/><D91/><U37/><E37/><V59/><F71/><W40/><G40/><T14/><D8/><U29/><E29/><V93/><F83/><W22/><G54/><N who="0" m="30031" /><D12/><U73/><E87/><V31/><F94/><W80/><G126/><T105/><D14/><U97/><E97/><V44/><F44/><W61/><G61/><N who="0" m="23627" /><D105/><U75/><E13/><V120/><F42/><W43/><G43/><T133/><D58/><U52/><E73/><V39/><REACH who="2" step="1"/><F120/><REACH who="2" ten="201,447,142,200" step="2"/><N who="0" m="46122" /><D56/><U0/><E0/><V130/><F130/><W90/><G127/><T86/><D86/><U51/><E48/><V117/><F117/><W79/><G80/><AGARI ba="0,1" hai="5,6,46,51,52,75,76,80,85,89,95,99,101,106" machi="80" ten="40,12000,1" yaku="24,2,52,1,54,1" doraHai="88" who="1" fromWho="3" sc="201,0,447,130,142,0,200,-120" /><INIT seed="5,1,0,1,5,5" ten="201,577,142,80" oya="1" hai0="106,91,64,71,129,103,1,48,111,2,100,22,70" hai1="36,93,17,101,58,39,86,123,14,120,23,62,124" hai2="44,84,105,49,80,126,85,59,68,15,78,82,98" hai3="3,67,31,76,133,20,45,95,18,75,6,117,11"/><U89/><E124/><V28/><F68/><W19/><G117/><T7/><D111/><U35/><E35/><V128/><F128/><W131/><G133/><T8/><D129/><U97/><E120/><V16/><F126/><W54/><G131/><T60/><D71/><U125/><E123/><V104/><F28/><W112/><G112/><T47/><D2/><U41/><E41/><V30/><F30/><W65/><G76/><T56/><D106/><U33/><E33/><V37/><F59/><W115/><G75/><T57/><D22/><U53/><REACH who="1" step="1"/><E125/><REACH who="1" ten="201,567,142,80" step="2"/><V63/><F37/><W51/><G115/><T21/><D64/><U116/><E116/><V12/><F105/><AGARI ba="1,1" hai="14,17,23,36,39,53,58,62,86,89,93,97,101,105" machi="105" ten="30,2900,0" yaku="1,1,7,1,53,0" doraHai="5" doraHaiUra="34" who="1" fromWho="2" sc="201,0,567,42,142,-32,80,0" /><INIT seed="5,2,0,4,3,126" ten="201,609,110,80" oya="1" hai0="93,19,57,22,52,101,119,8,94,131,2,9,74" hai1="97,99,112,0,4,102,60,122,25,82,17,36,95" hai2="113,70,85,118,3,79,47,48,62,120,92,84,64" hai3="66,73,12,116,44,1,110,56,27,111,107,5,33"/><U24/><E122/><V50/><F120/><W96/><G73/><T89/><D74/><U128/><E36/><V18/><F118/><W20/><G116/><T76/><D131/><U28/><E112/><V55/><F3/><W10/><G44/><T53/><D2/><U63/><E128/><V35/><F35/><W26/><G56/><T21/><D76/><U7/><E17/><V31/><F31/><W13/><G66/><T78/><D78/><U65/><E82/><V115/><F18/><W123/><G96/><N who="0" m="59535" /><D21/><U67/><E0/><V134/><F134/><W39/><G39/><T87/><D53/><U135/><E135/><V108/><F108/><W11/><G107/><T51/><D119/><U46/><E46/><V100/><F50/><W6/><G123/><T45/><D45/><U103/><E95/><V71/><F71/><W29/><G1/><T41/><D41/><U16/><E16/><AGARI ba="2,0" hai="5,6,10,11,12,13,16,20,26,27,29,33,110,111" machi="16" ten="30,12000,2" yaku="7,1,9,1,34,3,54,1" doraHai="126" who="3" fromWho="1" sc="201,0,609,-126,110,0,80,126" /><INIT seed="6,0,0,3,4,51" ten="201,483,110,206" oya="2" hai0="49,91,57,6,70,113,83,28,14,52,24,43,123" hai1="72,58,15,94,93,131,10,13,132,105,73,124,107" hai2="69,33,34,74,37,5,95,80,127,104,50,64,129" hai3="86,46,67,114,126,120,42,130,39,109,101,75,65"/><V18/><F104/><W21/><G120/><T56/><D123/><U30/><E30/><V20/><F37/><W11/><G75/><T110/><D70/><U17/><E131/><V27/><F129/><W40/><G130/><T68/><D68/><U54/><E132/><V133/><F133/><W36/><G109/><T7/><D110/><U23/><E124/><V134/><F134/><W118/><G118/><T60/><D14/><U59/><E23/><V97/><F5/><W119/><G11/><T84/><D113/><U115/><E10/><V25/><F127/><W98/><G114/><T79/><D79/><U53/><E17/><V102/><F27/><W3/><G3/><T62/><D43/><U112/><AGARI ba="0,0" hai="13,15,53,54,58,59,72,73,93,94,105,107,112,115" machi="112" ten="25,8000,1" yaku="0,1,22,2,52,2" doraHai="51" who="1" fromWho="1" sc="201,-20,483,80,110,-40,206,-20" /><INIT seed="7,0,0,5,4,99" ten="181,563,70,186" oya="3" hai0="53,130,108,2,6,56,65,125,84,5,79,30,71" hai1="106,18,11,135,13,105,129,74,46,76,54,83,116" hai2="85,33,88,29,89,24,119,103,104,36,9,127,0" hai3="114,41,28,47,113,4,118,95,25,109,131,123,73"/><W78/><G118/><T97/><D2/><U39/><E116/><V69/><F119/><W50/><G123/><T48/><D108/><U80/><E129/><V68/><F127/><W67/><G109/><T14/><D30/><U90/><E135/><V26/><F36/><W133/><G133/><T38/><D38/><U82/><E82/><V60/><F26/><W45/><G131/><T52/><D65/><U77/><E90/><V27/><F27/><W22/><G4/><T92/><D71/><U126/><E126/><V58/><F89/><W55/><G67/><T62/><D14/><U110/><E110/><V42/><F42/><W102/><G78/><T37/><D37/><U75/><E54/><V17/><F17/><W115/><G73/><T21/><D21/><U59/><E59/><V64/><F9/><W31/><G31/><T35/><D35/><U43/><AGARI ba="0,0" hai="11,13,18,39,43,46,74,75,76,77,80,83,105,106" machi="43" ten="30,2000,0" yaku="0,1,9,1" doraHai="99" who="1" fromWho="1" sc="181,-5,563,20,70,-5,186,-10" owari="176,-2.4,583,68.3,65,-43.5,176,-22.4" /></mjloggm>