<mjloggm ver="2.3"><GO type="169" lobby="0"/><UN n0="%6E%61%74%73%75%6D%65%65" n1="%6F%6B%61%62%65%73%68%69" n2="%65%76%31%36%33%38%34" n3="%E4%BE%8D" dan="16,17,17,17" rate="2071.31,2189.99,2149.48,2228.03" sx="F,M,M,M"/><TAIKYOKU oya="0"/><INIT seed="0,0,0,5,5,90" ten="250,250,250,250" oya="0" hai0="85,130,132,54,33,35,116,16,109,37,103,113,105" hai1="23,42,69,121,88,78,19,43,100,27,87,74,133" hai2="134,40,79,32,7,50,124,21,125,59,129,65,122" hai3="131,13,48,28,4,84,44,118,46,66,45,68,89"/><T123/><RYUUKYOKU type="yao9" ba="0,0" sc="250,0,250,0,250,0,250,0" hai0="16,33,35,37,54,85,103,105,109,113,116,123,130,132" /><INIT seed="0,1,0,5,4,81" ten="250,250,250,250" oya="0" hai0="17,110,25,93,119,1,27,122,103,60,6,66,78" hai1="34,38,7,37,85,105,87,33,115,0,75,53,86" hai2="106,10,123,121,96,133,14,26,59,48,129,13,39" hai3="18,28,84,128,12,120,42,24,15,22,82,90,83"/><T92/><D119/><U46/><E75/><V47/><F39/><W55/><G128/><T91/><D122/><U11/><E105/><V52/><F129/><W19/><G120/><T16/><D78/><U130/><E130/><V67/><F133/><W72/><G42/><T135/><D135/><U8/><E115/><V108/><F108/><W45/><G72/><T94/><D110/><U43/><E37/><V71/><F71/><W100/><G100/><T98/><D1/><U112/><E112/><V131/><F131/><W32/><G83/><T29/><D6/><U44/><REACH who="1" step="1"/><E11/><REACH who="1" ten="250,240,250,250" step="2"/><V51/><F106/><W80/><G80/><T31/><D94/><U132/><E132/><V56/><F10/><W62/><G62/><T69/><D93/><U97/><E97/><V125/><F96/><W88/><G45/><T21/><REACH who="0" step="1"/><D103/><REACH who="0" ten="240,240,250,250" step="2"/><U61/><E61/><V58/><F123/><W30/><G90/><T70/><D70/><U63/><E63/><V20/><F121/><W57/><G88/><T104/><D104/><U64/><E64/><V116/><F67/><W65/><G65/><T134/><D134/><U36/><E36/><V54/><F116/><W35/><G82/><T79/><D79/><U73/><E73/><V9/><F9/><W109/><G109/><T95/><D95/><U4/><E4/><V41/><F125/><W99/><G99/><T117/><D117/><U50/><AGARI ba="1,2" hai="0,7,8,33,34,38,43,44,46,50,53,85,86,87" machi="50" ten="30,8000,1" yaku="1,1,0,1,52,3,53,0" doraHai="81" doraHaiUra="107" who="1" fromWho="1" sc="240,-41,240,103,250,-21,250,-21" /><INIT seed="1,0,0,5,5,131" ten="199,343,229,229" oya="1" hai0="135,95,27,92,128,58,93,112,129,121,132,9,20" hai1="34,46,57,36,63,51,69,91,105,73,44,12,125" hai2="28,82,86,97,109,24,11,96,48,62,78,104,75" hai3="4,120,42,85,108,124,35,77,100,25,133,50,16"/><U65/><E73/><V52/><F109/><W13/><G120/><T45/><D121/><U90/><E105/><V106/><F62/><W81/><G108/><T101/><D112/><U38/><E34/><V7/><F75/><W102/><G124/><T21/><D101/><U31/><E31/><V70/><F70/><W111/><G111/><T59/><D9/><U54/><E125/><V3/><F106/><W19/><G35/><T5/><D5/><U10/><E46/><V43/><F43/><W118/><G118/><T119/><D45/><U88/><REACH who="1" step="1"/><E69/><REACH who="1" ten="199,333,229,229" step="2"/><V134/><F104/><W64/><G133/><N who="0" m="51275" /><D119/><U30/><E30/><V68/><F68/><W66/><G102/><T84/><D84/><U74/><E74/><V40/><F134/><W116/><G100/><T99/><D99/><U22/><E22/><N who="0" m="8809" /><D27/><U23/><E23/><V115/><F97/><W32/><G25/><T60/><D59/><U127/><E127/><V56/><F96/><W18/><G32/><T123/><D123/><U103/><E103/><V41/><F115/><W71/><G71/><T6/><D6/><AGARI ba="0,1" hai="6,10,12,36,38,44,51,54,57,63,65,88,90,91" machi="6" ten="40,3900,0" yaku="1,1,54,1,53,0" doraHai="131" doraHaiUra="89" who="1" fromWho="0" sc="199,-39,333,49,229,0,229,0" /><INIT seed="1,1,0,2,5,124" ten="160,382,229,229" oya="1" hai0="115,28,22,133,21,100,46,92,70,103,78,76,81" hai1="15,63,116,16,111,12,7,109,83,34,125,93,65" hai2="44,41,26,80,85,17,77,120,49,66,23,127,62" hai3="107,118,57,11,39,43,61,0,24,13,82,33,121"/><U40/><E116/><V9/><F127/><W30/><G121/><T75/><D70/><U53/><E125/><V94/><F120/><W90/><G107/><T60/><D115/><U37/><E34/><V106/><F106/><W99/><G118/><T91/><D133/><U47/><E7/><V134/><F134/><W114/><G114/><T38/><D78/><U10/><E53/><V42/><F94/><W101/><G0/><T18/><D60/><U73/><E93/><V6/><F42/><W89/><G43/><T129/><D129/><U45/><E45/><V56/><F9/><W117/><G39/><T123/><D123/><U74/><E15/><V67/><REACH who="2" step="1"/><F6/><REACH who="2" ten="160,382,219,229" step="2"/><W4/><G117/><T130/><D92/><U58/><REACH who="1" step="1"/><E83/><REACH who="1" ten="160,372,219,229" step="2"/><V20/><F20/><W72/><G82/><T97/><D21/><U29/><E29/><V19/><F19/><W79/><G30/><T98/><D28/><U27/><E27/><V52/><AGARI ba="1,2" hai="17,23,26,41,44,49,52,56,62,66,67,77,80,85" machi="52" ten="20,8000,1" yaku="1,1,0,1,7,1,8,1,54,1,53,0" doraHai="124" doraHaiUra="64" who="2" fromWho="2" sc="160,-21,372,-41,219,103,229,-21" /><INIT seed="2,0,0,4,0,68" ten="139,331,322,208" oya="2" hai0="52,90,118,53,63,129,115,119,82,39,134,34,80" hai1="128,127,33,16,47,120,78,40,89,8,66,135,113" hai2="103,58,132,71,76,122,0,87,70,60,18,31,49" hai3="123,91,25,12,64,45,51,61,35,4,9,54,97"/><V3/><F122/><W109/><G109/><T111/><D115/><U81/><E113/><V85/><F31/><W28/><G123/><T48/><D111/><U17/><E120/><V88/><F103/><W36/><G91/><T131/><D34/><U11/><E33/><V69/><F132/><W125/><G125/><T74/><D134/><U7/><E135/><V20/><F49/><W23/><G97/><T112/><D112/><U59/><E127/><V6/><F76/><W100/><G100/><T101/><D101/><U121/><E121/><V105/><F105/><W43/><G35/><T22/><D22/><U42/><E89/><V114/><F114/><W1/><G1/><T32/><D32/><U102/><E128/><N who="0" m="49225" /><D74/><U27/><E102/><V41/><F41/><W50/><REACH who="3" step="1"/><G54/><REACH who="3" ten="139,331,322,198" step="2"/><T133/><D133/><U75/><E66/><V65/><F88/><W77/><G77/><T67/><D90/><U86/><E75/><V72/><F72/><W110/><G110/><T107/><D53/><U26/><E11/><V84/><REACH who="2" step="1"/><F6/><REACH who="2" ten="139,331,312,198" step="2"/><W124/><G124/><T104/><D104/><U21/><E7/><V106/><F106/><W83/><G83/><N who="0" m="31787" /><D107/><U92/><E92/><V93/><F93/><W14/><G14/><AGARI ba="0,2" hai="0,3,14,18,20,58,60,65,69,70,71,84,85,87" machi="14" ten="50,4800,0" yaku="1,1,53,1" doraHai="68" doraHaiUra="55" who="2" fromWho="3" sc="139,0,331,0,312,68,198,-48" /><INIT seed="2,1,0,0,3,110" ten="139,331,380,150" oya="2" hai0="19,17,115,67,69,88,81,108,50,94,114,58,96" hai1="79,31,54,121,60,75,34,10,51,82,32,104,118" hai2="0,35,16,66,112,12,109,37,99,92,123,5,116" hai3="130,76,7,77,15,27,9,30,95,133,6,18,36"/><V65/><F116/><W38/><G130/><T74/><D108/><U39/><E118/><V11/><F109/><W55/><G133/><T56/><D69/><U57/><E104/><V97/><F123/><W20/><G38/><T85/><D74/><U100/><E100/><V43/><F35/><W25/><G36/><T40/><D67/><U48/><E121/><V14/><F0/><W106/><G106/><T93/><D93/><U2/><E31/><V90/><F112/><W119/><G119/><T103/><D40/><U46/><E48/><V117/><F117/><W83/><G95/><T107/><D58/><U22/><E22/><V61/><F61/><W68/><G68/><T3/><D3/><U72/><E72/><V101/><F43/><W42/><G42/><T122/><D122/><U26/><E26/><V71/><F71/><W73/><G77/><T126/><D126/><U21/><E21/><V62/><F62/><W29/><REACH who="3" step="1"/><G55/><REACH who="3" ten="139,331,380,140" step="2"/><T13/><D81/><U86/><E39/><V23/><REACH who="2" step="1"/><F37/><REACH who="2" ten="139,331,370,140" step="2"/><W89/><G89/><T131/><D131/><U4/><E75/><V135/><F135/><W120/><G120/><T113/><REACH who="0" step="1"/><D13/><REACH who="0" ten="129,331,370,140" step="2"/><U111/><REACH who="1" step="1"/><E111/><REACH who="1" ten="129,321,370,140" step="2"/><RYUUKYOKU type="reach4" ba="1,4" sc="129,0,321,0,370,0,140,0" hai0="17,19,50,56,85,88,94,96,103,107,113,114,115" hai1="2,4,10,32,34,46,51,54,57,60,79,82,86" hai2="5,11,12,14,16,23,65,66,90,92,97,99,101" hai3="6,7,9,15,18,20,25,27,29,30,73,76,83" /><INIT seed="2,2,4,4,1,62" ten="129,321,370,140" oya="2" hai0="128,101,87,130,57,1,103,88,33,4,71,73,55" hai1="117,106,131,46,99,29,75,47,66,24,72,16,52" hai2="8,32,35,95,90,36,120,51,23,129,26,43,31" hai3="110,15,19,70,50,45,25,21,122,37,85,114,116"/><V17/><F120/><W7/><G122/><T38/><D73/><U98/><E117/><V109/><F36/><W20/><G116/><T6/><D33/><U118/><E118/><V100/><F100/><N who="0" m="38474" /><D38/><U82/><E106/><V86/><F129/><N who="0" m="49770" /><D71/><U97/><E131/><V34/><F109/><W60/><G110/><T2/><D1/><U65/><E16/><V123/><F123/><W93/><G114/><T12/><D12/><U113/><E113/><V105/><F105/><W42/><G37/><T135/><D2/><U44/><E82/><V59/><F8/><W53/><G70/><T104/><D135/><U13/><E13/><V22/><F22/><W10/><G21/><T94/><D104/><U76/><E76/><V79/><F79/><W125/><G125/><T124/><D124/><U11/><E11/><V63/><F51/><AGARI ba="2,4" hai="4,6,51,55,57,87,88,94" m="49770,38474" machi="51" ten="30,2000,0" yaku="19,1,54,1" doraHai="62" who="0" fromWho="2" sc="129,66,321,0,370,-26,140,0" /><INIT seed="3,0,0,2,5,1" ten="195,321,344,140" oya="3" hai0="90,39,124,0,128,25,12,91,7,51,102,30,84" hai1="49,50,104,127,27,3,29,34,87,70,52,85,129" hai2="45,63,53,44,72,114,69,48,126,56,26,40,16" hai3="10,31,35,119,118,13,15,18,59,38,78,68,121"/><W99/><G68/><T83/><D39/><U61/><E127/><V33/><F72/><W64/><G38/><T105/><D124/><U82/><E129/><V86/><F126/><W71/><G71/><T131/><D0/><U54/><E104/><V81/><F114/><W97/><G121/><T20/><D51/><U46/><E3/><V36/><F33/><W80/><G35/><T21/><D105/><U122/><E122/><V66/><F45/><W58/><G31/><T76/><D102/><U77/><E70/><V133/><F133/><W110/><G110/><T60/><D60/><U108/><E108/><V103/><F103/><W65/><G10/><N who="0" m="4191" /><D20/><U120/><E61/><V109/><F109/><W55/><G18/><T9/><D9/><U4/><E4/><V47/><F47/><W43/><G80/><T6/><D6/><U106/><E106/><V117/><F117/><W57/><G57/><T135/><D135/><U42/><E120/><V92/><F92/><W2/><G2/><T101/><D101/><U8/><E8/><V132/><F132/><W17/><G17/><T125/><D125/><U62/><E62/><V37/><F37/><W112/><G55/><T28/><D28/><U111/><E111/><V94/><F94/><W67/><G67/><T93/><D93/><U14/><E14/><V98/><F16/><W113/><REACH who="3" step="1"/><G43/><REACH who="3" ten="195,321,344,130" step="2"/><T116/><D116/><U115/><E42/><V100/><F36/><W74/><G74/><T5/><D5/><U134/><E134/><V89/><F40/><W22/><G22/><T41/><D41/><U88/><E54/><RYUUKYOKU ba="0,1" sc="195,15,321,-15,344,-15,130,15" hai0="21,25,30,76,83,84,90,91,128,131" hai3="13,15,58,59,64,65,78,97,99,112,113,118,119" /><INIT seed="3,1,1,1,3,63" ten="210,306,329,145" oya="3" hai0="31,77,72,49,28,118,33,46,60,26,4,112,41" hai1="40,84,90,2,111,108,1,132,62,68,129,36,65" hai2="96,39,17,133,34,115,22,0,38,131,44,55,113" hai3="110,53,24,86,89,92,12,50,98,100,106,119,104"/><W19/><G119/><T74/><D118/><U35/><E35/><V66/><F34/><W32/><G110/><N who="1" m="42026" /><E129/><V135/><F0/><N who="1" m="105" /><E132/><N who="2" m="50763" /><F96/><W81/><G32/><T18/><D31/><U76/><E76/><V78/><F78/><W57/><REACH who="3" step="1"/><G24/><REACH who="3" ten="210,306,329,135" step="2"/><T99/><D26/><U83/><E36/><V97/><F39/><W134/><G134/><T13/><D33/><U54/><E40/><V16/><F38/><W124/><G124/><T122/><D41/><U7/><E7/><V70/><F131/><W71/><G71/><T8/><D4/><U47/><E47/><V64/><F44/><W37/><G37/><T127/><D46/><U95/><E54/><V14/><F55/><W21/><AGARI ba="1,2" hai="12,19,21,50,53,57,81,86,89,92,98,100,104,106" machi="21" ten="20,3900,0" yaku="1,1,0,1,7,1,53,0" doraHai="63" doraHaiUra="126" who="3" fromWho="3" sc="210,-14,306,-14,329,-14,135,62" /><INIT seed="3,2,0,5,4,43" ten="196,292,315,197" oya="3" hai0="75,25,96,48,109,86,125,62,104,13,108,27,89" hai1="10,44,73,61,22,8,59,126,33,11,123,99,100" hai2="15,19,129,63,20,65,29,115,0,103,67,51,7" hai3="94,95,4,121,24,3,106,6,47,127,83,130,88"/><W97/><G121/><T90/><D75/><U1/><E123/><V120/><F115/><W37/><G130/><T50/><D125/><U39/><E33/><V36/><F36/><W84/><G127/><T76/><D76/><U81/><E126/><V119/><F119/><W71/><G71/><T42/><D62/><U114/><E114/><V111/><F120/><W34/><G106/><T107/><D42/><U5/><E22/><V101/><F111/><W112/><G112/><T23/><D23/><U118/><E118/><V132/><F132/><W98/><G37/><T28/><D13/><U82/><E73/><V134/><F134/><W58/><G47/><T102/><D86/><U133/><E133/><V72/><F72/><W55/><G34/><T60/><D60/><U69/><E69/><V41/><F29/><W45/><G24/><T87/><D87/><U128/><E128/><V18/><F7/><W2/><G2/><T30/><REACH who="0" step="1"/><D102/><REACH who="0" ten="186,292,315,197" step="2"/><U57/><E1/><V122/><F63/><N who="3" m="36319" /><G3/><T116/><D116/><U46/><E5/><N who="3" m="2154" /><G98/><AGARI ba="2,1" hai="25,27,28,30,48,50,89,90,96,98,104,107,108,109" machi="98" ten="25,8000,1" yaku="1,1,22,2,53,2" doraHai="43" doraHaiUra="85" who="0" fromWho="3" sc="186,96,292,0,315,0,197,-86" /><INIT seed="4,0,0,3,3,122" ten="282,292,315,111" oya="0" hai0="17,38,134,8,59,102,69,84,91,11,96,116,125" hai1="123,27,76,19,26,81,98,3,48,65,92,77,68" hai2="106,23,119,7,10,56,90,24,120,18,128,117,109" hai3="121,2,111,94,66,82,29,14,78,72,13,25,21"/><T49/><D116/><N who="2" m="44618" /><F106/><W113/><G121/><T16/><D69/><U100/><E123/><V43/><F43/><W105/><G105/><T67/><D38/><U83/><E3/><V6/><F120/><W15/><G2/><T87/><D125/><U86/><E68/><V60/><F128/><W101/><G113/><T61/><D134/><U74/><E65/><N who="2" m="39047" /><F109/><W42/><G42/><T114/><D49/><U79/><E48/><V118/><F118/><W73/><G73/><T110/><D110/><U85/><E19/><N who="0" m="7241" /><D114/><U51/><E51/><V12/><F90/><W132/><G132/><T103/><D87/><U93/><E26/><V39/><F39/><W46/><G46/><T80/><D96/><N who="1" m="59399" /><E27/><V88/><F88/><W133/><G133/><T129/><D129/><U41/><E41/><V58/><F58/><W95/><G95/><T22/><D22/><U4/><E4/><AGARI ba="0,0" hai="4,6,7,10,12,18,23,24" m="39047,44618" machi="4" ten="30,1000,0" yaku="12,1" doraHai="122" who="2" fromWho="1" sc="282,0,292,-10,315,10,111,0" /><INIT seed="5,0,0,5,1,102" ten="282,282,325,111" oya="1" hai0="47,133,12,120,90,1,72,46,60,43,99,69,83" hai1="37,41,127,44,31,103,116,63,97,58,81,57,9" hai2="28,65,73,42,134,109,67,45,26,93,40,111,89" hai3="13,74,51,11,3,27,105,4,76,53,82,80,64"/><U114/><E116/><V95/><F73/><W126/><G126/><T92/><D1/><U55/><E127/><V121/><F121/><W100/><G64/><T2/><D2/><U39/><E114/><V49/><F134/><W70/><G70/><T29/><D133/><U118/><E118/><V71/><F42/><W36/><G36/><T79/><D120/><U34/><E9/><V23/><F95/><W88/><G27/><T21/><D69/><U94/><E31/><V110/><REACH who="2" step="1"/><F71/><REACH who="2" ten="282,282,315,111" step="2"/><W35/><G35/><T25/><D43/><U22/><E81/><V68/><F68/><W52/><G3/><T5/><D60/><U124/><E124/><V129/><F129/><W16/><G4/><T125/><D125/><U24/><E34/><V8/><F8/><W38/><G38/><T54/><D54/><U108/><E108/><V56/><F56/><W113/><G113/><T32/><D5/><U50/><E58/><V7/><F7/><W112/><G112/><T87/><D72/><U77/><E37/><V61/><F61/><W19/><G53/><T66/><D66/><N who="1" m="39279" /><E39/><V0/><F0/><W123/><G123/><T15/><D32/><U75/><E75/><V106/><F106/><W6/><G52/><T119/><D119/><U84/><E41/><V14/><F14/><AGARI ba="0,1" hai="12,14,15,21,25,29,46,47,79,83,87,90,92,99" machi="14" ten="40,1300,0" yaku="8,1" doraHai="102" who="0" fromWho="2" sc="282,23,282,0,315,-13,111,0" /><INIT seed="6,0,0,1,5,76" ten="305,282,302,111" oya="2" hai0="116,55,66,49,27,71,85,127,44,21,2,121,41" hai1="86,0,129,104,84,67,83,34,1,39,110,69,114" hai2="89,31,57,132,80,19,105,103,17,78,106,29,90" hai3="5,94,18,100,126,3,63,15,52,120,98,65,124"/><V62/><F132/><W46/><G120/><T91/><D121/><U36/><E110/><V113/><F113/><W40/><G3/><T33/><D2/><U26/><E104/><V70/><F70/><W14/><G5/><T74/><D74/><U128/><E114/><V130/><F130/><N who="1" m="50281" /><E0/><V10/><F31/><W79/><G79/><T101/><D127/><U23/><E86/><V133/><F29/><W88/><G124/><T61/><D116/><U35/><E1/><V111/><F111/><W47/><G126/><T123/><D33/><N who="1" m="12299" /><E67/><V32/><F32/><W22/><G14/><T42/><D123/><U134/><E69/><V38/><F38/><W48/><G65/><T108/><D101/><U99/><E99/><V93/><F133/><W4/><G4/><T72/><D72/><U115/><E115/><V9/><F106/><W77/><G77/><T97/><D97/><U54/><E54/><V102/><F105/><W16/><G18/><T11/><D108/><U135/><E36/><V12/><F78/><W20/><G20/><T109/><D11/><U112/><E39/><V13/><F93/><W92/><G63/><T73/><D73/><U64/><E64/><V122/><F122/><W125/><G125/><T8/><D8/><U81/><E112/><V24/><F62/><W45/><G40/><T25/><D109/><U43/><E43/><N who="0" m="16393" /><D21/><U53/><E53/><V50/><F10/><W6/><G6/><T118/><D118/><U30/><E84/><AGARI ba="0,0" hai="15,16,22,45,46,47,48,52,84,88,92,94,98,100" machi="84" ten="30,8000,1" yaku="7,1,8,1,54,3" doraHai="76" who="3" fromWho="1" sc="305,0,282,-80,302,0,111,80" /><INIT seed="7,0,0,2,3,114" ten="305,202,302,191" oya="3" hai0="131,56,121,9,8,49,57,120,118,128,45,34,97" hai1="89,88,1,130,99,19,60,119,107,75,37,92,4" hai2="42,79,81,32,93,113,35,80,40,95,117,18,108" hai3="74,24,73,124,72,71,126,84,135,47,58,98,11"/><W87/><G71/><T14/><D34/><U77/><E37/><V103/><F117/><W63/><G135/><T44/><D118/><U54/><E119/><V25/><F108/><W111/><G111/><T78/><D78/><U31/><E130/><N who="0" m="49705" /><D97/><U110/><E110/><V3/><F3/><W13/><G98/><T83/><D83/><U112/><E112/><V50/><F113/><W132/><G132/><T106/><D106/><U39/><E39/><V36/><F36/><W33/><G33/><T29/><D29/><U68/><E107/><V104/><F104/><W129/><G129/><T22/><D22/><U55/><E31/><V115/><F115/><W28/><G28/><T65/><D45/><U70/><E77/><V20/><F35/><W12/><G47/><T85/><D85/><N who="3" m="32841" /><G11/><N who="0" m="4171" /><D14/><N who="3" m="5737" /><G24/><T61/><D57/><U76/><E4/><V52/><F32/><W96/><G96/><T27/><D27/><U102/><E1/><V109/><F109/><W53/><G126/><T116/><D116/><U127/><E127/><V17/><F17/><W15/><G124/><T90/><D90/><U66/><E70/><V26/><F26/><W69/><G69/><T38/><D38/><U91/><REACH who="1" step="1"/><E19/><REACH who="1" ten="305,192,302,191" step="2"/><V43/><F79/><W48/><N who="3" m="5745" /><W94/><DORA hai="100" /><G94/><N who="2" m="35849" /><F103/><W105/><G105/><T41/><AGARI ba="0,1" hai="41,44,49,56,61,65,120,121" m="4171,49705" machi="41" ten="30,1100,0" yaku="19,1" doraHai="114,100" who="0" fromWho="0" sc="305,21,192,-3,302,-3,191,-5" owari="326,42.6,189,-21.1,299,9.9,186,-31.4" /></mjloggm>