<mjloggm ver="2.3"><GO type="169" lobby="0"/><UN n0="%43%52%41%5A%59%42%45%45" n1="%E3%83%AA%E3%83%AA%E3%83%BC%E3%83%96%E3%83%A9%E3%83%83%E3%82%AF" n2="%E3%82%AB%E3%82%B6%E3%83%A9%E3%82%AD" n3="%35%30%38%30%74%61%6B%61" dan="19,16,17,16" rate="2214.91,2024.75,2204.44,2104.03" sx="F,F,M,M"/><TAIKYOKU oya="0"/><INIT seed="0,0,0,3,4,16" ten="250,250,250,250" oya="0" hai0="7,124,39,71,35,94,89,67,68,79,118,42,65" hai1="69,26,44,116,99,11,125,58,14,12,32,127,119" hai2="86,123,72,110,64,15,93,0,55,90,19,20,106" hai3="27,121,22,92,21,52,112,85,74,114,117,57,48"/><T2/><D118/><U24/><E69/><V126/><F123/><W29/><G117/><N who="1" m="45130" /><E58/><V100/><F0/><W77/><G121/><T128/><D35/><U63/><E44/><V56/><F110/><W70/><G70/><T23/><D128/><U81/><E81/><V97/><F126/><N who="1" m="48137" /><E99/><V45/><F72/><W13/><G74/><T91/><D124/><U130/><E63/><V108/><F108/><W96/><G77/><T4/><D79/><U82/><E82/><V66/><REACH who="2" step="1"/><F45/><REACH who="2" ten="250,250,240,250" step="2"/><W47/><G47/><T133/><D2/><U38/><E130/><V43/><F43/><W62/><G85/><T87/><D87/><U36/><E36/><V104/><F104/><W83/><G83/><T9/><D39/><U75/><E75/><V109/><F109/><W61/><G112/><T132/><D42/><U34/><E38/><V30/><F30/><W28/><G114/><T120/><D120/><U53/><E53/><V37/><F37/><W134/><G134/><T78/><D132/><U122/><E122/><V95/><F95/><W31/><G31/><T6/><D94/><U98/><E98/><V17/><F17/><N who="3" m="10415" /><G29/><T135/><D135/><U84/><E84/><V5/><F5/><W102/><AGARI ba="0,1" hai="22,27,28,48,52,57,61,62,92,96,102" m="10415" machi="102" ten="30,7900,0" yaku="8,1,52,2,54,1" doraHai="16" who="3" fromWho="3" sc="250,-39,250,-20,240,-20,250,89" /><INIT seed="1,0,0,3,3,103" ten="211,230,220,339" oya="1" hai0="2,128,30,85,83,84,91,108,46,107,8,87,45" hai1="0,77,131,124,58,59,9,116,78,132,1,33,36" hai2="126,6,44,67,95,81,10,26,57,65,11,7,66" hai3="48,127,130,25,22,24,129,17,3,69,54,40,16"/><U113/><E113/><V21/><F126/><W43/><G69/><T19/><D108/><U82/><E116/><V13/><F81/><W35/><G3/><T23/><D128/><U37/><E33/><V5/><F44/><N who="0" m="17002" /><D107/><U133/><E82/><V110/><F110/><W122/><G122/><T53/><D2/><U106/><E9/><V38/><F38/><W102/><G102/><T62/><D30/><U72/><E72/><V86/><F57/><N who="3" m="32967" /><G127/><T18/><D8/><U14/><E14/><V89/><REACH who="2" step="1"/><F13/><REACH who="2" ten="211,230,210,339" step="2"/><W97/><G129/><T27/><D83/><U98/><E131/><V120/><F120/><W49/><G130/><T79/><D79/><U112/><E124/><V76/><F76/><W68/><G43/><T125/><D125/><U80/><E80/><V32/><F32/><W42/><G40/><T47/><D47/><U20/><E112/><V50/><F50/><W34/><G49/><T56/><D91/><U94/><E37/><V75/><F75/><W134/><G42/><T63/><D62/><U109/><E36/><V121/><F121/><W90/><G90/><T64/><D63/><U74/><E74/><V61/><F61/><W60/><G60/><T93/><D56/><U41/><E109/><V100/><F100/><W111/><G111/><T31/><D53/><U105/><E41/><V114/><F114/><W12/><G34/><T119/><D119/><U96/><E94/><V55/><F55/><W92/><G35/><T4/><D93/><U123/><E123/><V117/><F117/><W71/><G92/><T28/><D64/><U135/><E135/><RYUUKYOKU ba="0,1" sc="211,-15,230,15,210,15,339,-15" hai1="0,1,20,58,59,77,78,96,98,105,106,132,133" hai2="5,6,7,10,11,21,26,65,66,67,86,89,95" /><INIT seed="1,1,1,3,2,24" ten="196,245,225,324" oya="1" hai0="72,12,9,87,117,99,38,92,42,109,18,57,94" hai1="33,81,58,10,55,100,28,114,67,31,74,129,52" hai2="27,131,15,101,46,102,3,113,39,75,14,116,29" hai3="98,26,132,110,89,66,83,127,121,130,123,51,90"/><U111/><E114/><V11/><F116/><W119/><G26/><T104/><D117/><U82/><E33/><V103/><F131/><W124/><G51/><T86/><D72/><U41/><E129/><V50/><F39/><W112/><G66/><T134/><D104/><U85/><E41/><V37/><F37/><W47/><G47/><T135/><D109/><U133/><E111/><V1/><F75/><W65/><G65/><T128/><D128/><U122/><E122/><N who="3" m="46602" /><G130/><T4/><D57/><U22/><E100/><V79/><F79/><W6/><G6/><T21/><D92/><U20/><E81/><V80/><F80/><W115/><G119/><T77/><D77/><N who="1" m="46287" /><E74/><V71/><F71/><W19/><G19/><T44/><D134/><U78/><E78/><V35/><F113/><N who="3" m="43595" /><G110/><T25/><REACH who="0" step="1"/><D135/><REACH who="0" ten="186,245,225,324" step="2"/><U63/><E133/><V56/><F56/><W97/><G132/><T126/><D126/><N who="3" m="48169" /><G83/><T2/><D2/><U16/><E10/><V54/><REACH who="2" step="1"/><F14/><REACH who="2" ten="186,245,215,324" step="2"/><W60/><G60/><T120/><D120/><U34/><E63/><V49/><F49/><W43/><G43/><T5/><D5/><AGARI ba="1,3" hai="1,3,5,11,15,27,29,35,46,50,54,101,102,103" machi="5" ten="40,2600,0" yaku="1,1,52,1,53,0" doraHai="24" doraHaiUra="95" who="2" fromWho="0" sc="186,-29,245,0,215,59,324,0" /><INIT seed="2,0,0,4,0,54" ten="157,245,274,324" oya="2" hai0="108,61,47,66,13,115,19,50,120,113,1,99,75" hai1="20,100,21,23,91,9,74,101,42,72,122,121,31" hai2="73,28,95,80,110,77,128,39,116,135,7,84,30" hai3="6,106,103,131,33,69,76,3,24,85,129,49,123"/><V63/><F116/><W32/><G123/><N who="1" m="47114" /><E31/><V64/><F39/><W127/><G69/><T55/><D120/><U104/><E42/><V112/><F112/><W14/><G3/><T118/><D1/><U58/><E104/><V53/><F135/><W15/><G127/><T78/><D108/><U87/><E9/><V2/><F128/><W70/><G70/><T81/><D118/><U86/><E91/><V41/><F41/><W62/><G62/><T79/><D79/><U46/><E46/><V48/><F110/><W11/><G49/><T45/><D99/><U88/><E58/><V68/><F7/><W17/><G103/><N who="1" m="39498" /><E88/><V67/><F67/><W60/><G106/><T71/><REACH who="0" step="1"/><D47/><REACH who="0" ten="147,245,274,324" step="2"/><U124/><E124/><V35/><F2/><W16/><G76/><T38/><D38/><U43/><E43/><V59/><F35/><W119/><G119/><T25/><D25/><U105/><E105/><V51/><F84/><AGARI ba="0,1" hai="20,21,23,72,74,84,86,87" m="39498,47114" machi="84" ten="40,5200,0" yaku="28,2,13,1" doraHai="54" who="1" fromWho="2" sc="147,0,245,62,274,-52,324,0" /><INIT seed="3,0,0,0,0,11" ten="147,307,222,324" oya="3" hai0="31,23,65,84,110,35,37,114,79,33,13,104,34" hai1="29,72,22,53,46,75,123,89,77,133,116,124,7" hai2="105,1,87,118,108,131,30,125,66,59,71,15,64" hai3="20,52,135,26,56,9,41,6,12,119,97,0,85"/><W21/><G119/><T117/><D117/><U62/><E116/><V19/><F1/><W78/><G135/><T113/><D37/><U8/><E123/><V80/><F105/><W128/><G128/><T88/><D104/><U5/><E5/><V49/><F118/><W42/><G97/><T100/><D100/><U68/><E77/><V86/><F71/><W16/><G78/><T61/><D79/><U43/><E89/><V2/><F2/><W81/><G81/><T121/><D121/><U95/><E95/><V28/><F125/><W115/><G85/><T47/><D47/><U44/><E124/><V24/><F108/><W48/><G115/><N who="0" m="44043" /><D110/><U38/><E29/><AGARI ba="0,0" hai="0,6,9,12,16,20,21,26,29,41,42,48,52,56" machi="29" ten="30,11600,0" yaku="7,1,52,1,54,2" doraHai="11" who="3" fromWho="1" sc="147,0,307,-116,222,0,324,116" /><INIT seed="3,1,0,1,1,74" ten="147,191,222,440" oya="3" hai0="48,124,34,54,36,100,127,89,104,57,121,17,73" hai1="112,95,65,85,63,83,131,117,59,32,84,79,66" hai2="0,82,30,49,119,47,41,94,5,128,15,103,26" hai3="37,67,75,4,133,99,8,111,76,58,108,125,61"/><W81/><G125/><T80/><D121/><U38/><E112/><V18/><F119/><W105/><G37/><T42/><D34/><U109/><E117/><V55/><F128/><W106/><G133/><T68/><D68/><U71/><E131/><V135/><F135/><W78/><G78/><T96/><D17/><U9/><E109/><N who="3" m="42058" /><G99/><T113/><D113/><U24/><E38/><V10/><F94/><W11/><G11/><T114/><D114/><U28/><E9/><V120/><F120/><W7/><G7/><T33/><D33/><U134/><E134/><V101/><F41/><W115/><G115/><T92/><D42/><U21/><E32/><V56/><F56/><W40/><G40/><T51/><D36/><U126/><E126/><V107/><F107/><W53/><G53/><T102/><D48/><U64/><REACH who="1" step="1"/><E71/><REACH who="1" ten="147,181,222,440" step="2"/><V1/><F1/><AGARI ba="1,1" hai="1,4,8,58,61,67,75,76,81,105,106" m="42058" machi="1" ten="30,5800,0" yaku="14,1,10,1,52,1" doraHai="74" who="3" fromWho="2" sc="147,0,181,0,222,-61,440,71" /><INIT seed="3,2,0,4,2,90" ten="147,181,161,511" oya="3" hai0="129,41,35,86,58,3,82,81,123,26,111,100,72" hai1="132,48,64,49,80,65,78,17,6,71,16,51,61" hai2="52,21,128,118,54,126,68,124,11,130,102,110,19" hai3="60,22,14,107,94,79,0,25,40,37,10,121,120"/><W29/><G107/><T134/><D123/><U42/><E132/><V38/><F38/><W23/><G79/><T15/><D3/><U28/><E42/><V57/><F68/><W104/><G104/><T89/><D134/><U83/><E6/><V108/><F11/><W1/><G60/><T18/><D111/><N who="2" m="42538" /><F102/><W30/><G37/><T66/><D129/><N who="2" m="49770" /><F118/><W31/><G40/><T97/><D41/><U73/><E28/><N who="3" m="10858" /><G94/><N who="0" m="58423" /><D72/><U50/><N who="1" m="12288" /><DORA hai="113" /><U76/><REACH who="1" step="1"/><E65/><REACH who="1" ten="147,171,161,511" step="2"/><V96/><F54/><W85/><G120/><T115/><D66/><U47/><E47/><V133/><F133/><W74/><G121/><T112/><D112/><U88/><E88/><V32/><F32/><W9/><G31/><T99/><D35/><U105/><E105/><V24/><F96/><W5/><G5/><T7/><D7/><U95/><E95/><V62/><AGARI ba="2,1" hai="19,21,24,52,57,62,124,126" m="49770,42538" machi="62" ten="40,5200,0" yaku="14,1,19,1,54,1" doraHai="90,113" who="2" fromWho="2" sc="147,-15,171,-15,161,68,511,-28" /><INIT seed="4,0,0,0,3,117" ten="132,156,229,483" oya="0" hai0="104,29,108,132,98,93,28,21,116,131,25,111,32" hai1="95,87,16,127,39,38,107,12,112,40,125,46,3" hai2="102,53,27,77,47,70,65,58,86,120,78,133,119" hai3="60,44,72,49,83,74,106,110,122,64,89,14,82"/><T41/><D116/><U45/><E107/><V129/><F119/><W76/><G110/><N who="0" m="42027" /><D104/><U22/><E3/><V105/><F129/><W91/><G106/><T2/><D131/><U88/><REACH who="1" step="1"/><E112/><REACH who="1" ten="132,146,229,483" step="2"/><V62/><F105/><W128/><G128/><T73/><D2/><U130/><E130/><V135/><F135/><W6/><G74/><T61/><D132/><U92/><E92/><V57/><F133/><W81/><G72/><T0/><D0/><U79/><E79/><V19/><F77/><W31/><G76/><T101/><D73/><U11/><E11/><V48/><F78/><W8/><G8/><T134/><D134/><U35/><E35/><V113/><F113/><W118/><G118/><T50/><D32/><U18/><E18/><V30/><F19/><W115/><G115/><T90/><D29/><U7/><E7/><V15/><F30/><W10/><G31/><T51/><D41/><AGARI ba="0,1" hai="12,16,22,38,39,40,41,45,46,87,88,95,125,127" machi="41" ten="40,8000,1" yaku="1,1,9,1,54,2,53,0" doraHai="117" doraHaiUra="114" who="1" fromWho="0" sc="132,-80,146,90,229,0,483,0" /><INIT seed="5,0,0,1,2,109" ten="52,236,229,483" oya="1" hai0="59,131,10,89,130,39,9,90,125,8,2,95,83" hai1="133,135,100,64,114,17,81,38,88,111,5,36,45" hai2="119,42,101,75,96,123,98,120,127,46,73,71,55" hai3="80,52,77,1,26,121,97,110,53,23,92,60,14"/><U51/><E111/><V104/><F55/><W27/><G110/><T105/><D105/><U93/><E5/><V107/><F119/><W76/><G1/><T68/><D68/><U86/><E64/><V117/><F117/><W70/><G70/><T41/><D125/><U48/><E48/><V132/><F71/><W129/><G121/><T74/><D59/><U3/><E3/><V82/><F46/><W57/><G129/><T128/><D2/><U115/><E17/><V102/><F42/><W84/><G77/><T18/><D18/><U126/><E100/><V112/><F127/><W113/><G113/><N who="1" m="43018" /><E81/><V33/><F33/><W29/><G29/><T62/><D62/><U61/><E61/><V35/><F35/><W65/><G14/><T87/><D74/><U7/><E7/><V24/><F112/><W106/><G106/><T15/><D15/><U16/><E16/><V58/><F24/><N who="3" m="9259" /><G23/><T56/><D39/><N who="1" m="14891" /><E126/><V28/><F28/><W67/><G67/><T78/><D41/><AGARI ba="0,0" hai="41,45,51,86,88,93,133,135" m="14891,43018" machi="41" ten="30,12000,1" yaku="15,1,52,3,54,1" doraHai="109" who="1" fromWho="0" sc="52,-120,236,120,229,0,483,0" owari="-68,-56.8,356,15.6,229,-17.1,483,58.3" /></mjloggm>