<mjloggm ver="2.3"><GO type="225" lobby="0"/><UN n0="%E3%81%99%E3%81%84%E3%81%BE%E3%81%9B%E3%83%BC%E3%82%93" n1="%E3%81%AF%E3%82%88%E3%81%8A%E3%81%98%E3%81%95%E3%82%93" n2="%E6%97%A5%E6%9B%9C%E6%97%A5%E3%82%88%E3%82%8A%E3%81%AE%E4%BD%BF%E8%80%85" n3="%E7%B4%94%E6%BD%94%E3%83%94%E3%83%A9%E3%83%8B%E3%82%A2" dan="18,16,17,16" rate="2197.07,2169.79,2217.00,2213.18" sx="M,M,M,M"/><TAIKYOKU oya="0"/><INIT seed="0,0,0,3,2,54" ten="250,250,250,250" oya="0" hai0="79,87,49,133,45,103,59,26,53,113,10,83,93" hai1="65,94,99,114,75,126,63,1,27,22,74,50,64" hai2="107,86,28,58,88,30,15,89,42,78,77,62,43" hai3="123,112,39,6,117,90,12,72,128,4,129,61,101"/><T52/><D113/><U122/><E122/><V23/><F107/><W132/><G72/><T68/><D68/><U95/><E1/><V97/><F97/><W25/><G39/><T40/><D133/><U70/><E114/><V118/><F118/><W82/><G117/><T38/><D10/><U102/><E126/><V47/><F15/><W100/><G123/><T84/><D26/><U24/><E65/><N who="2" m="39127" /><F89/><W57/><G25/><T81/><D53/><U105/><E24/><N who="2" m="16415" /><F30/><W21/><G21/><T134/><D134/><U106/><E105/><V9/><F9/><N who="3" m="4135" /><G6/><T115/><D115/><U36/><E36/><V51/><F43/><W29/><G29/><T135/><D135/><U33/><E33/><V7/><F7/><W120/><G120/><T13/><D13/><U80/><E75/><V56/><F56/><W130/><G132/><T67/><D67/><U34/><E34/><V31/><F31/><W121/><G121/><T119/><D119/><U35/><E35/><V116/><F116/><W110/><G112/><T41/><D40/><U125/><E125/><V85/><F85/><N who="3" m="50487" /><G110/><T92/><D103/><U96/><E99/><V46/><F46/><W14/><G14/><T127/><D127/><U124/><E124/><V108/><F108/><W37/><G37/><T71/><D71/><U48/><E22/><V16/><F16/><W131/><G131/><T19/><D19/><U5/><E27/><V20/><F20/><W76/><G76/><AGARI ba="0,0" hai="38,41,45,49,52,59,76,79,81,83,84,87,92,93" machi="76" ten="30,11600,0" yaku="7,1,9,1,52,1,54,1" doraHai="54" who="0" fromWho="3" sc="250,116,250,0,250,0,250,-116" /><INIT seed="0,1,0,5,2,116" ten="366,250,250,134" oya="0" hai0="87,64,91,56,67,124,45,20,106,72,24,4,70" hai1="104,61,112,35,13,53,51,88,3,60,43,120,58" hai2="29,19,59,2,95,55,17,34,108,100,89,9,46" hai3="39,28,135,114,36,133,78,6,7,96,109,115,132"/><T103/><D72/><U102/><E3/><V40/><F108/><W75/><G75/><T113/><D113/><N who="3" m="43017" /><G28/><T38/><D124/><U130/><E112/><V122/><F122/><W74/><G74/><T101/><D70/><U90/><E120/><V25/><F100/><W23/><G23/><T93/><D4/><N who="3" m="1577" /><G96/><T27/><D27/><U76/><E35/><V110/><F110/><W21/><G21/><T37/><D106/><U131/><E76/><V127/><F127/><W117/><G109/><T77/><D77/><U126/><E126/><V86/><F9/><W85/><G117/><T57/><D103/><U79/><E79/><V105/><F2/><W73/><G73/><T10/><D10/><U42/><E13/><V111/><F105/><W129/><G129/><N who="1" m="49162" /><E102/><V68/><F68/><W22/><G22/><T48/><D101/><U1/><E1/><V14/><F14/><W33/><G33/><T123/><D20/><U118/><E104/><V99/><F111/><W0/><G0/><T63/><D38/><N who="3" m="14377" /><G78/><T50/><D37/><U30/><E30/><V92/><F29/><W54/><G85/><T82/><D87/><U52/><E118/><V98/><F34/><W44/><G44/><T62/><D45/><N who="1" m="27759" /><E61/><N who="2" m="36095" /><F25/><W84/><G84/><T66/><D24/><U32/><E32/><V119/><F119/><W47/><G47/><T125/><D125/><U97/><E97/><V80/><F99/><W8/><G8/><T69/><D63/><U81/><E90/><N who="2" m="55575" /><F80/><W107/><G107/><T49/><D82/><U65/><E53/><AGARI ba="1,0" hai="53,54,132,133,135" m="14377,1577,43017" machi="53" ten="40,5200,0" yaku="28,2,20,1" doraHai="116" who="3" fromWho="1" sc="366,0,250,-55,250,0,134,55" /><INIT seed="1,0,0,4,3,96" ten="366,195,250,189" oya="1" hai0="36,89,99,58,56,120,49,38,60,54,28,9,134" hai1="50,57,45,112,63,26,10,46,66,64,13,22,104" hai2="77,7,43,41,126,132,1,4,44,3,40,59,6" hai3="81,33,109,5,74,102,14,37,16,79,95,19,92"/><U48/><E112/><V98/><F126/><W124/><G124/><T62/><D134/><U131/><E131/><V30/><F132/><W133/><G133/><T17/><D120/><U115/><E104/><V65/><F30/><W94/><G33/><T42/><D28/><U130/><E130/><V55/><F65/><W121/><G121/><T67/><D42/><U34/><E34/><V72/><F44/><N who="1" m="17001" /><E64/><V24/><F24/><W97/><G37/><T18/><D38/><U88/><E115/><V51/><F98/><W78/><G78/><T118/><D36/><U93/><E13/><V21/><F21/><W68/><G68/><T103/><D118/><U11/><E11/><V71/><F71/><W117/><G117/><T111/><D9/><U110/><E10/><V69/><F69/><W128/><G128/><T73/><D73/><U105/><E105/><V32/><F32/><W107/><G5/><T101/><D111/><U129/><E129/><V91/><F91/><W39/><G39/><T125/><D125/><U106/><E106/><V100/><F72/><W0/><G0/><T12/><D12/><U113/><E113/><V75/><F75/><W86/><G14/><T2/><D2/><U83/><E83/><V53/><F1/><W27/><G109/><T108/><D108/><U70/><E70/><V123/><F3/><W90/><G27/><T76/><D67/><U80/><E80/><V31/><F123/><W35/><G35/><T119/><D119/><U127/><E127/><V135/><F135/><W8/><G8/><T25/><D25/><U61/><E110/><RYUUKYOKU ba="0,0" sc="366,-10,195,-10,250,-10,189,30" hai3="16,19,74,79,81,86,90,92,94,95,97,102,107" /><INIT seed="2,1,0,5,5,21" ten="356,185,240,219" oya="2" hai0="122,133,41,59,42,7,131,72,107,115,114,5,97" hai1="45,96,27,40,38,57,51,100,2,11,123,63,25" hai2="69,121,47,105,73,118,87,83,9,77,53,102,54" hai3="22,48,67,101,126,4,82,130,50,120,20,13,109"/><V55/><F118/><W79/><G120/><T90/><D72/><U132/><E123/><V103/><F121/><W30/><G109/><T62/><D122/><U93/><E132/><V113/><F113/><W124/><G130/><T92/><D133/><U78/><E78/><V86/><F69/><W17/><G67/><T84/><D131/><U134/><E134/><V16/><F105/><W81/><G101/><N who="2" m="38409" /><F73/><W135/><G4/><N who="0" m="1611" /><D107/><U18/><E38/><V129/><F87/><W112/><G112/><T89/><D115/><U111/><E111/><V76/><F129/><W125/><G135/><T46/><D46/><U94/><E93/><V43/><F77/><W65/><G65/><N who="0" m="39135" /><D114/><U66/><E2/><V32/><F32/><W91/><G79/><T95/><AGARI ba="1,0" hai="41,42,84,89,90,92,95,97" m="39135,1611" machi="95" ten="30,1100,0" yaku="8,1" doraHai="21" who="0" fromWho="0" sc="356,14,185,-4,240,-6,219,-4" /><INIT seed="3,0,0,3,2,46" ten="370,181,234,215" oya="3" hai0="100,22,135,47,8,134,126,127,125,81,27,48,90" hai1="83,131,16,29,67,33,102,55,73,0,107,36,57" hai2="59,3,32,123,80,111,76,9,24,14,12,95,70" hai3="5,10,99,15,69,2,110,64,31,63,120,104,128"/><W88/><G120/><T133/><D100/><U40/><E0/><V75/><F70/><W1/><G128/><T74/><D8/><U97/><E131/><V13/><F123/><W101/><G110/><T65/><D65/><U25/><E67/><V45/><F111/><W118/><G118/><T28/><D74/><U61/><E40/><V115/><F115/><W43/><G43/><N who="0" m="24703" /><D90/><U86/><E36/><V77/><F77/><W82/><REACH who="3" step="1"/><G31/><REACH who="3" ten="370,181,234,205" step="2"/><T121/><D121/><U53/><E73/><V92/><F75/><W26/><G26/><T79/><D135/><U52/><REACH who="1" step="1"/><E16/><REACH who="1" ten="370,171,234,205" step="2"/><V87/><F24/><W4/><G4/><T106/><D27/><U122/><E122/><V58/><F3/><W71/><G71/><T112/><D28/><U30/><E30/><V96/><F13/><W21/><G21/><T23/><D22/><U11/><E11/><V17/><F14/><W49/><G49/><T51/><D51/><U103/><E103/><V98/><F17/><W54/><G54/><T34/><D23/><U39/><E39/><V84/><F12/><W7/><G7/><T68/><D68/><U109/><E109/><V60/><F9/><W41/><G41/><T85/><D134/><U19/><E19/><V130/><F130/><W108/><G108/><T38/><D38/><U44/><E44/><V20/><F45/><W129/><G129/><T94/><D133/><U116/><E116/><V113/><F20/><W78/><G78/><AGARI ba="0,2" hai="25,29,33,52,53,55,57,61,78,83,86,97,102,107" machi="78" ten="30,3900,0" yaku="1,1,7,1,54,1,53,0" doraHai="46" doraHaiUra="132" who="1" fromWho="3" sc="370,0,171,59,234,0,205,-39" owari="370,47.0,230,-17.0,234,3.4,166,-33.4" /></mjloggm>