<mjloggm ver="2.3"><GO type="169" lobby="0"/><UN n0="%E3%81%82%E3%81%95%E3%81%B4%E3%82%93%EF%BC%A0%EF%BD%8D%EF%BD%8A" n1="%E4%BA%BA%E5%93%81%E3%81%AA%E3%81%97" n2="%E6%9C%AC%E5%AE%B6%E3%81%8B%E3%81%BE%E3%81%A9%E3%82%84" n3="%E3%83%95%E3%82%AF%E3%83%AD%E3%82%A6%E3%82%B5%E3%83%B3" dan="18,17,16,17" rate="2292.15,2214.93,2133.58,2165.99" sx="M,M,M,M"/><TAIKYOKU oya="0"/><INIT seed="0,0,0,1,5,98" ten="250,250,250,250" oya="0" hai0="105,85,14,82,57,108,30,84,31,104,106,0,66" hai1="101,113,99,64,122,132,126,13,23,56,100,94,3" hai2="12,28,8,63,73,44,91,53,114,76,72,49,103" hai3="134,128,77,32,125,25,43,48,129,115,121,9,41"/><T52/><D0/><U1/><E122/><V87/><F114/><W65/><G115/><T37/><D37/><U117/><E117/><V38/><F28/><W127/><G77/><T26/><D66/><U7/><E113/><V29/><F29/><W69/><G25/><T124/><D124/><N who="3" m="47689" /><G32/><T112/><D112/><U4/><E132/><V71/><F38/><W60/><G9/><T21/><D108/><U58/><E126/><V5/><F76/><W135/><G121/><T90/><D30/><U16/><E1/><V120/><F120/><W22/><G22/><T133/><D133/><N who="3" m="50697" /><G48/><T86/><REACH who="0" step="1"/><D14/><REACH who="0" ten="240,250,250,250" step="2"/><U2/><E2/><V15/><F12/><W131/><AGARI ba="0,1" hai="41,43,60,65,69,128,129,131" m="50697,47689" machi="131" ten="40,32000,5" yakuman="39" doraHai="98" who="3" fromWho="3" sc="240,-160,250,-80,250,-80,250,330" /><INIT seed="1,0,0,2,5,120" ten="80,170,170,580" oya="1" hai0="23,41,127,91,52,78,95,62,40,89,121,126,99" hai1="119,132,19,53,7,45,125,100,133,66,124,32,77" hai2="11,75,128,26,38,1,129,21,10,94,85,61,122" hai3="123,115,33,74,54,64,111,107,67,27,55,48,35"/><U37/><E77/><V69/><F122/><W118/><G123/><T18/><D121/><U14/><E100/><V60/><F38/><W108/><G115/><T3/><D3/><U98/><E98/><V71/><F75/><W96/><G74/><T58/><D78/><U82/><E82/><V84/><F94/><W63/><G118/><T30/><D30/><U65/><E32/><V116/><F21/><W130/><G130/><T44/><D91/><U20/><E7/><V135/><F1/><W39/><G39/><T68/><D68/><U16/><E119/><V83/><F26/><W90/><G90/><T29/><D29/><U79/><E79/><V0/><F0/><W8/><G8/><T117/><D117/><U15/><E37/><V88/><F116/><W104/><G48/><T51/><REACH who="0" step="1"/><D41/><REACH who="0" ten="70,170,170,580" step="2"/><U80/><E80/><V22/><F83/><W4/><G33/><T12/><AGARI ba="0,1" hai="12,18,23,40,44,51,52,58,62,89,95,99,126,127" machi="12" ten="30,8000,1" yaku="1,1,2,1,0,1,54,1,53,1" doraHai="120" doraHaiUra="93" who="0" fromWho="0" sc="70,90,170,-40,170,-20,580,-20" /><INIT seed="2,0,0,0,4,116" ten="160,130,150,560" oya="2" hai0="61,30,80,123,21,52,88,3,84,117,56,51,69" hai1="38,27,119,71,0,47,109,9,23,57,50,127,98" hai2="16,118,132,4,12,44,32,33,85,124,76,5,63" hai3="97,58,106,107,115,100,129,70,134,79,60,99,81"/><V89/><F118/><W90/><G70/><T42/><D117/><U126/><E109/><V87/><F124/><W75/><G129/><T78/><D3/><U77/><E119/><V83/><F132/><W92/><G134/><T36/><D123/><U110/><E110/><V53/><F33/><W131/><G131/><T74/><D36/><U15/><E0/><V8/><F32/><W22/><G115/><T108/><D108/><U104/><E71/><V59/><REACH who="2" step="1"/><F44/><REACH who="2" ten="160,130,140,560" step="2"/><W94/><G22/><T112/><D112/><U49/><E126/><V6/><F6/><W95/><G107/><T25/><D69/><U26/><E127/><V62/><F62/><W66/><AGARI ba="0,1" hai="58,60,66,75,79,81,90,92,94,95,97,99,100,106" machi="66" ten="20,1500,0" yaku="0,1,7,1" doraHai="116" who="3" fromWho="3" sc="160,-4,130,-4,140,-7,560,25" /><INIT seed="3,0,0,2,1,13" ten="156,126,133,585" oya="3" hai0="63,75,9,83,27,35,108,11,91,110,79,101,2" hai1="58,45,29,16,118,42,51,120,109,125,26,39,81" hai2="134,64,54,132,36,89,124,130,66,14,88,57,96" hai3="34,21,62,74,86,6,84,7,1,103,77,117,78"/><W24/><G117/><T18/><D101/><U127/><E120/><V71/><F36/><W33/><G103/><T135/><D135/><N who="2" m="51754" /><F124/><N who="1" m="47689" /><E118/><V95/><F130/><W3/><G62/><T28/><D2/><U112/><E109/><N who="0" m="42089" /><D91/><U85/><E112/><V41/><F41/><W38/><G38/><T114/><D114/><U44/><E58/><V94/><F14/><W22/><REACH who="3" step="1"/><G24/><REACH who="3" ten="156,126,133,575" step="2"/><N who="0" m="18823" /><D63/><U87/><E29/><V133/><F71/><W69/><G69/><T113/><D113/><U76/><E39/><V56/><F133/><W5/><G5/><T53/><D53/><U61/><E61/><N who="2" m="35991" /><F57/><W47/><G47/><T17/><D27/><U106/><E45/><V105/><F105/><W121/><G121/><T128/><D128/><U99/><E106/><V8/><F8/><AGARI ba="0,1" hai="8,9,11,17,18,75,79,83" m="18823,42089" machi="8" ten="30,3900,0" yaku="14,1,52,2" doraHai="13" who="0" fromWho="2" sc="156,49,126,0,133,-39,575,0" /><INIT seed="4,0,0,2,5,50" ten="205,126,94,575" oya="0" hai0="75,89,131,37,7,20,82,67,111,134,34,8,99" hai1="68,91,55,79,23,78,44,47,94,40,74,35,77" hai2="112,130,26,36,29,119,95,0,57,93,115,125,45" hai3="1,48,80,120,100,30,92,72,97,65,22,124,19"/><T83/><D34/><U60/><E35/><V121/><F121/><W17/><G1/><T18/><D37/><U96/><E74/><V123/><F123/><W86/><G120/><T28/><D28/><U21/><E68/><V24/><F0/><W81/><G124/><T69/><D131/><U16/><E40/><V51/><F36/><W88/><G65/><T4/><D134/><U128/><E23/><N who="2" m="15519" /><F125/><W110/><G110/><T27/><D111/><U107/><E107/><V105/><F105/><W14/><G30/><T113/><D113/><N who="2" m="43594" /><F26/><W103/><G72/><T53/><D75/><U56/><E128/><V54/><F130/><W63/><G63/><T87/><D99/><U129/><E129/><V39/><F119/><W62/><G62/><T66/><D69/><U116/><E116/><V135/><F135/><W133/><G133/><T49/><D83/><U12/><AGARI ba="0,0" hai="12,16,21,44,47,55,56,60,77,78,79,91,94,96" machi="12" ten="30,7900,0" yaku="0,1,8,1,52,1,54,1" doraHai="50" who="1" fromWho="1" sc="205,-39,126,79,94,-20,575,-20" /><INIT seed="5,0,0,5,4,49" ten="166,205,74,555" oya="1" hai0="1,120,77,5,91,87,99,110,55,86,76,72,63" hai1="115,48,90,21,129,84,88,103,106,83,61,109,16" hai2="100,18,80,68,133,85,2,96,35,66,56,101,29" hai3="11,51,58,32,132,7,57,54,25,26,135,102,33"/><U127/><E115/><V14/><F133/><N who="3" m="51275" /><G102/><T4/><D110/><U98/><E109/><V23/><F2/><N who="3" m="503" /><G58/><N who="0" m="35295" /><D72/><U8/><E127/><V104/><F100/><W24/><AGARI ba="0,0" hai="24,25,26,32,33,51,54,57" m="503,51275" machi="24" ten="30,2000,0" yaku="20,1,52,1" doraHai="49" who="3" fromWho="3" sc="166,-5,205,-10,74,-5,555,20" /><INIT seed="6,0,0,0,0,65" ten="161,195,69,575" oya="2" hai0="64,100,82,18,26,120,57,51,31,21,58,70,71" hai1="66,39,7,74,79,86,104,93,44,10,41,123,25" hai2="43,19,88,67,103,36,113,35,95,30,59,14,87" hai3="124,112,47,75,80,37,40,83,81,62,77,130,76"/><V46/><F113/><W29/><G112/><T89/><D120/><U114/><E114/><V72/><F72/><W96/><G130/><T116/><D116/><U131/><E131/><V23/><F103/><W38/><G124/><T60/><D100/><U68/><E93/><V33/><REACH who="2" step="1"/><F30/><REACH who="2" ten="161,195,59,575" step="2"/><W73/><G29/><T107/><D31/><U52/><E74/><V12/><F12/><W115/><G115/><T48/><D107/><U45/><E123/><V92/><F92/><W127/><G127/><T117/><D117/><U22/><E104/><V50/><F50/><W128/><G128/><T9/><D51/><U28/><E39/><V42/><F42/><W90/><G37/><T11/><D48/><U111/><E41/><V34/><F34/><W15/><G15/><T85/><REACH who="0" step="1"/><D58/><REACH who="0" ten="151,195,59,575" step="2"/><U118/><E118/><V84/><F84/><W135/><G73/><T32/><D32/><U106/><E86/><V69/><F69/><AGARI ba="0,2" hai="9,11,18,21,26,57,60,64,69,70,71,82,85,89" machi="69" ten="40,8000,1" yaku="1,1,52,3,53,0" doraHai="65" doraHaiUra="91" who="0" fromWho="2" sc="151,100,195,0,59,-80,575,0" owari="251,5.1,195,-20.5,-21,-52.1,575,67.5" /></mjloggm>