<mjloggm ver="2.3"><GO type="225" lobby="0"/><UN n0="%E3%83%96%E3%83%83%E3%83%91%E3%82%AA%E3%83%96%E3%83%81%E3%82%AD%E3%83%B3" n1="%E3%82%BC%E3%83%AB%E3%83%80%E3%81%AE%E4%BC%9D%E8%AA%AC" n2="%43%55%4B%45%59" n3="%E7%B4%94%E6%BD%94%E3%83%94%E3%83%A9%E3%83%8B%E3%82%A2" dan="16,17,16,16" rate="2167.26,2165.13,2034.60,2186.66" sx="M,M,M,M"/><TAIKYOKU oya="0"/><INIT seed="0,0,0,5,4,49" ten="250,250,250,250" oya="0" hai0="57,8,116,135,107,85,10,74,63,28,36,125,115" hai1="3,67,0,92,84,88,110,17,42,51,15,61,70" hai2="39,1,113,82,71,56,65,12,4,96,32,27,87" hai3="101,100,99,93,81,118,108,123,52,30,102,59,90"/><T46/><D115/><U5/><E110/><V48/><F113/><W111/><G118/><T55/><D116/><U77/><E5/><V127/><F39/><W109/><G30/><T121/><D121/><U20/><REACH who="1" step="1"/><E77/><REACH who="1" ten="250,240,250,250" step="2"/><V69/><F4/><W134/><G123/><T133/><D125/><U50/><E50/><V33/><F48/><N who="3" m="31111" /><G134/><N who="0" m="51211" /><D74/><U122/><E122/><V60/><F127/><W38/><G38/><T26/><D107/><U86/><E86/><AGARI ba="0,1" hai="81,86,90,93,99,100,101,102,108,109,111" m="31111" machi="86" ten="30,3900,0" yaku="14,1,52,1,54,1" doraHai="49" who="3" fromWho="1" sc="250,0,240,-39,250,0,250,49" /><INIT seed="1,0,0,2,2,75" ten="250,201,250,299" oya="1" hai0="9,84,36,41,56,125,111,86,106,18,68,29,100" hai1="107,0,52,14,63,76,83,115,92,101,35,23,114" hai2="93,112,43,27,34,113,132,98,12,133,127,74,89" hai3="128,126,31,73,104,81,87,21,65,28,80,11,60"/><U91/><E35/><V117/><F43/><W50/><G104/><T38/><D68/><U66/><E0/><V42/><F117/><W7/><G126/><T124/><D29/><U51/><E107/><V135/><F12/><W33/><G33/><T22/><D9/><U99/><E101/><V58/><F127/><N who="0" m="48714" /><D111/><U44/><E14/><V85/><F42/><W20/><G50/><T61/><D100/><U131/><E23/><V97/><F58/><W57/><G73/><T94/><D106/><U120/><E131/><V1/><F1/><W16/><G80/><T130/><D130/><U122/><E122/><V72/><F27/><N who="3" m="14727" /><G21/><T79/><D94/><U53/><E53/><V13/><F34/><W67/><G67/><N who="0" m="39335" /><D79/><U103/><E103/><N who="2" m="60847" /><F98/><W37/><G37/><N who="0" m="14443" /><D41/><U109/><E109/><V30/><F30/><W134/><G128/><T26/><AGARI ba="0,0" hai="18,22,26,84,86" m="14443,39335,48714" machi="26" ten="30,1100,0" yaku="18,1" doraHai="75" who="0" fromWho="0" sc="250,11,201,-5,250,-3,299,-3" /><INIT seed="2,0,0,4,0,37" ten="261,196,247,296" oya="2" hai0="74,31,69,115,72,17,45,128,68,99,70,38,82" hai1="131,39,26,110,16,6,117,32,77,7,113,48,53" hai2="36,35,40,0,109,18,13,44,21,80,47,102,127" hai3="28,90,8,94,65,61,5,135,89,100,60,112,34"/><V114/><F114/><W134/><G112/><T111/><D115/><U59/><E113/><RYUUKYOKU type="kaze4" ba="0,0" sc="261,0,196,0,247,0,296,0" /><INIT seed="2,1,0,4,0,63" ten="261,196,247,296" oya="2" hai0="68,113,102,15,109,76,10,90,35,132,44,98,51" hai1="29,22,66,41,0,133,4,14,119,69,19,24,74" hai2="89,60,83,82,128,129,65,7,118,48,81,112,73" hai3="37,123,87,126,8,27,107,115,96,46,105,134,21"/><V34/><F118/><W18/><G123/><T49/><D113/><U104/><E119/><V52/><F112/><W106/><G115/><T135/><D109/><U101/><E133/><N who="0" m="51273" /><D35/><U103/><E74/><V57/><F34/><W95/><G134/><T47/><D76/><U70/><E41/><V72/><F7/><W23/><G126/><T9/><D68/><U36/><E36/><V59/><REACH who="2" step="1"/><F89/><REACH who="2" ten="261,196,237,296" step="2"/><W125/><G125/><T75/><D90/><U31/><E4/><V11/><F11/><W120/><G8/><T111/><D9/><U38/><E0/><V56/><F56/><W30/><G120/><T12/><D10/><U131/><E70/><V116/><F116/><W54/><G21/><T71/><D71/><U88/><E88/><V61/><F61/><W28/><G23/><T53/><D111/><U1/><E1/><V32/><F32/><W17/><G46/><T77/><D47/><U91/><E91/><V99/><F99/><W93/><G96/><T50/><D44/><U5/><E5/><V85/><F85/><W108/><G87/><T20/><D75/><AGARI ba="1,1" hai="48,52,57,59,60,65,72,73,75,81,82,83,128,129" machi="75" ten="40,7700,0" yaku="1,1,52,1,54,1,53,0" doraHai="63" doraHaiUra="64" who="2" fromWho="0" sc="261,-80,196,0,237,90,296,0" /><INIT seed="2,2,0,1,3,62" ten="181,196,327,296" oya="2" hai0="31,133,118,4,104,57,126,35,95,66,7,123,45" hai1="129,43,68,128,42,22,37,50,63,83,12,121,74" hai2="98,73,70,60,8,38,33,92,5,93,97,10,100" hai3="17,19,79,20,130,48,91,18,13,76,49,21,41"/><V26/><F73/><W84/><G130/><N who="1" m="50282" /><E37/><V103/><F38/><W120/><G120/><T30/><D123/><U88/><E121/><V32/><F26/><W2/><G2/><T36/><D104/><U101/><E101/><V80/><F80/><W107/><G107/><T55/><D126/><U87/><E74/><V108/><F108/><W23/><G13/><T81/><D133/><U105/><E105/><V77/><F77/><N who="3" m="29771" /><G41/><N who="1" m="15370" /><E50/><N who="3" m="19562" /><G84/><T119/><D36/><U114/><E114/><V54/><F54/><W102/><G91/><T72/><D72/><U16/><E63/><V113/><F113/><W56/><G56/><T115/><D115/><U46/><E46/><V75/><F75/><W0/><G0/><T124/><D45/><U44/><E44/><V65/><F10/><W39/><G39/><T116/><D124/><U25/><E12/><AGARI ba="2,0" hai="5,8,12,32,33,60,65,70,92,93,97,98,100,103" machi="12" ten="30,5800,0" yaku="7,1,9,1,52,1" doraHai="62" who="2" fromWho="1" sc="181,0,196,-64,327,64,296,0" /><INIT seed="2,3,0,2,5,108" ten="181,132,391,296" oya="2" hai0="133,72,13,14,82,129,30,41,50,40,110,126,32" hai1="135,19,66,57,128,2,107,87,59,44,113,26,37" hai2="25,103,97,39,109,67,119,75,56,62,90,43,91" hai3="0,120,99,98,102,38,35,100,114,123,69,65,20"/><V104/><F109/><W96/><G35/><T47/><D110/><U89/><E2/><V85/><F119/><W10/><G38/><T12/><D126/><U11/><E107/><V5/><F75/><W17/><G69/><T79/><D129/><U7/><E128/><V132/><F132/><W124/><G65/><T54/><REACH who="0" step="1"/><D133/><REACH who="0" ten="171,132,391,296" step="2"/><U34/><E135/><V111/><F111/><W49/><G124/><T52/><D52/><U21/><E113/><V29/><F5/><W64/><G114/><T122/><D122/><U15/><E34/><V71/><F56/><W81/><G64/><T22/><D22/><U46/><E37/><V131/><F131/><W76/><G20/><T16/><D16/><U4/><E4/><V73/><F73/><W88/><G17/><T63/><D63/><N who="1" m="38255" /><E59/><V36/><F43/><W58/><G58/><T51/><D51/><U101/><E101/><V134/><F134/><W6/><G49/><T93/><D93/><AGARI ba="3,1" hai="7,11,15,19,21,26,44,46,87,89,93" m="38255" machi="93" ten="30,1000,0" yaku="8,1" doraHai="108" who="1" fromWho="0" sc="171,-19,132,29,391,0,296,0" /><INIT seed="3,0,0,0,1,83" ten="152,161,391,296" oya="3" hai0="28,35,89,113,109,21,22,93,31,115,5,48,37" hai1="77,79,96,108,74,46,44,102,60,129,11,131,1" hai2="49,10,124,13,39,41,66,84,75,59,81,56,54" hai3="123,133,61,71,125,127,19,118,9,27,69,3,106"/><W62/><G106/><T82/><D37/><U0/><E108/><V43/><F124/><N who="3" m="47691" /><G123/><T7/><D109/><U40/><E60/><N who="3" m="23146" /><G118/><T86/><D48/><N who="1" m="26631" /><E46/><N who="2" m="27959" /><F75/><W134/><G27/><N who="0" m="16503" /><D35/><U110/><E110/><V25/><F25/><W53/><G53/><T63/><D63/><U94/><E74/><V116/><F116/><W50/><G50/><T8/><D8/><U104/><E11/><V15/><F39/><W55/><G55/><T122/><D122/><U24/><E24/><V18/><F66/><W78/><G78/><N who="1" m="29706" /><E104/><V97/><F41/><W36/><G36/><T42/><D42/><U88/><E102/><V111/><F43/><W23/><G23/><T72/><D21/><U33/><E33/><V58/><F111/><W105/><G105/><T126/><D126/><U17/><E17/><V90/><F15/><N who="3" m="7663" /><G3/><T68/><D31/><U101/><E1/><V95/><F59/><W132/><AGARI ba="0,0" hai="69,71,132,133,134" m="7663,23146,47691" machi="132" ten="40,3900,0" yaku="20,1,18,1" doraHai="83" who="3" fromWho="3" sc="152,-13,161,-13,391,-13,296,39" /><INIT seed="3,1,0,0,1,10" ten="139,148,378,335" oya="3" hai0="26,120,3,83,74,27,123,107,19,129,57,72,103" hai1="124,39,13,84,81,79,95,71,4,51,45,58,52" hai2="12,91,88,21,9,100,102,20,47,82,38,76,109" hai3="65,134,31,99,54,68,5,106,40,94,46,53,44"/><W29/><G106/><T22/><D3/><U77/><E71/><V105/><F109/><W25/><G68/><T119/><D119/><U56/><E124/><V80/><F105/><W110/><G65/><T86/><D129/><U16/><E39/><V97/><F47/><N who="3" m="17963" /><G134/><T89/><D57/><N who="1" m="22123" /><E95/><N who="2" m="56551" /><F38/><W43/><G5/><T15/><D107/><U132/><E132/><V24/><F91/><N who="3" m="55775" /><G25/><T30/><D103/><N who="2" m="39466" /><F76/><W28/><G110/><T122/><REACH who="0" step="1"/><D27/><REACH who="0" ten="129,148,378,335" step="2"/><U78/><E4/><N who="2" m="3111" /><F24/><W121/><G121/><T114/><D114/><U135/><E135/><V69/><F69/><W92/><G92/><T18/><D18/><U131/><E131/><V34/><F34/><AGARI ba="1,1" hai="15,19,22,26,30,34,72,74,83,86,89,120,122,123" machi="34" ten="40,2600,0" yaku="1,1,52,1,53,0" doraHai="10" doraHaiUra="7" who="0" fromWho="2" sc="129,39,148,0,378,-29,335,0" owari="168,-23.2,148,-35.2,349,44.9,335,13.5" /></mjloggm>