<mjloggm ver="2.3"><GO type="169" lobby="0"/><UN n0="%E5%90%83%E8%B2%A8%E5%B0%8F%E5%8C%97%E5%8C%97" n1="%E6%95%97%E5%8C%97%E8%80%85%E3%81%AD%E3%82%8B" n2="%E4%BF%9D%E8%82%B2%E5%A3%AB" n3="%46%E5%92%B8%E9%AD%9A%E5%92%B8%E9%AD%9A%E5%92%B8" dan="18,17,16,16" rate="2292.12,2167.77,2184.45,2079.04" sx="M,F,M,M"/><TAIKYOKU oya="0"/><INIT seed="0,0,0,3,3,97" ten="250,250,250,250" oya="0" hai0="3,49,48,128,53,71,9,100,56,7,2,107,43" hai1="119,74,135,36,94,59,123,46,14,30,4,125,90" hai2="116,115,88,77,113,106,54,39,66,52,16,40,127" hai3="108,63,101,60,68,132,26,64,34,75,96,42,126"/><T17/><D128/><U19/><E119/><V82/><F116/><W124/><G108/><T86/><D71/><U103/><E123/><V81/><F106/><W130/><G130/><T35/><D35/><U69/><E69/><V5/><F66/><W99/><G132/><T61/><D2/><U110/><E74/><V22/><F5/><W47/><G63/><T25/><D43/><U80/><E110/><V51/><F127/><W114/><G75/><T129/><D129/><U122/><E4/><V83/><F77/><W133/><G114/><T89/><D25/><U11/><E125/><V105/><F105/><N who="3" m="63655" /><G99/><T27/><D107/><U104/><E30/><V65/><F65/><W29/><G133/><T21/><REACH who="0" step="1"/><D100/><REACH who="0" ten="240,250,250,250" step="2"/><U31/><E103/><V24/><F115/><W109/><G109/><T121/><D121/><U20/><E104/><V18/><F113/><W118/><G118/><T10/><D10/><U41/><E11/><V111/><F111/><W67/><G67/><T72/><D72/><U28/><E122/><V91/><F40/><W0/><G0/><T44/><D44/><U73/><E135/><V131/><F39/><AGARI ba="0,1" hai="26,29,34,39,42,47,60,64,68,124,126" m="63655" machi="39" ten="30,3900,0" yaku="25,1,23,1,52,1" doraHai="97" who="3" fromWho="2" sc="240,0,250,0,250,-39,250,49" /><INIT seed="1,0,0,5,1,6" ten="240,250,211,299" oya="1" hai0="12,108,14,37,74,76,84,99,78,47,26,44,36" hai1="91,69,1,16,100,131,30,134,17,35,88,20,51" hai2="32,71,97,82,52,15,45,48,0,126,113,109,132" hai3="43,63,90,55,59,25,4,105,111,68,95,10,49"/><U5/><E69/><V18/><F0/><W57/><G111/><T64/><D64/><U121/><E121/><V42/><F109/><W31/><G105/><T23/><D108/><U85/><E131/><V66/><F32/><W33/><G68/><T24/><D84/><U81/><E134/><V120/><F120/><W124/><G43/><T86/><D86/><U79/><E35/><V54/><F132/><W38/><G38/><T127/><D23/><U107/><E107/><V93/><F82/><W62/><G59/><T123/><D99/><U125/><E100/><V135/><F135/><W110/><G124/><T133/><D133/><U41/><E1/><V67/><F113/><W27/><G27/><T130/><D123/><U122/><E5/><V11/><F126/><W70/><G70/><T9/><D127/><U128/><E128/><V39/><F39/><W94/><G94/><T19/><D19/><N who="1" m="7243" /><E125/><V2/><F2/><W112/><G112/><T77/><D77/><U53/><E41/><V118/><F118/><W119/><G119/><T96/><D96/><U116/><E116/><V28/><F28/><W89/><G110/><T13/><D13/><U92/><E122/><V34/><F34/><W3/><G90/><N who="1" m="34346" /><E92/><V7/><F7/><W98/><AGARI ba="0,0" hai="3,4,10,25,31,33,49,55,57,62,63,89,95,98" machi="98" ten="20,2700,0" yaku="0,1,7,1,52,1" doraHai="6" who="3" fromWho="3" sc="240,-7,250,-13,211,-7,299,27" /><INIT seed="2,0,0,4,4,61" ten="233,237,204,326" oya="2" hai0="79,44,58,39,76,86,59,53,1,3,127,50,113" hai1="43,64,24,60,80,70,28,121,69,81,48,83,20" hai2="78,87,133,65,103,5,109,66,97,91,29,84,135" hai3="0,105,116,90,75,102,88,118,134,95,73,33,108"/><V13/><F29/><W94/><G33/><T107/><D107/><U111/><E111/><V25/><F109/><W123/><G0/><T96/><D113/><U21/><E121/><V47/><F25/><W126/><G108/><T8/><D127/><U71/><E43/><V52/><F78/><W101/><G105/><T130/><D130/><U22/><REACH who="1" step="1"/><E48/><REACH who="1" ten="233,227,204,326" step="2"/><N who="2" m="28703" /><F135/><W2/><G2/><T131/><D50/><U18/><E18/><V14/><F133/><W12/><G134/><T114/><D3/><U77/><E77/><V128/><F128/><W106/><G123/><T125/><D76/><U99/><E99/><V41/><F41/><W49/><G49/><T55/><D96/><U7/><E7/><V82/><F84/><W100/><G106/><T124/><D86/><U68/><AGARI ba="0,1" hai="20,21,22,24,28,60,64,68,69,70,71,80,81,83" machi="68" ten="40,5200,0" yaku="1,1,0,1,52,1,53,0" doraHai="61" doraHaiUra="37" who="1" fromWho="1" sc="233,-13,227,62,204,-26,326,-13" /><INIT seed="3,0,0,3,2,76" ten="220,289,178,313" oya="3" hai0="83,104,2,124,30,49,64,11,14,38,97,37,42" hai1="90,117,105,55,6,100,3,45,133,63,65,116,4" hai2="118,121,47,31,50,62,79,69,131,57,8,127,130" hai3="51,111,43,132,88,77,81,20,85,78,29,82,35"/><W72/><G35/><T75/><D124/><U87/><E133/><V25/><F118/><N who="1" m="45673" /><E100/><V70/><F8/><W112/><G112/><T98/><D2/><U39/><E105/><V21/><F127/><W135/><G111/><T107/><D30/><U0/><E55/><V102/><F102/><W9/><G9/><T128/><D64/><U23/><E23/><V122/><F79/><W123/><G123/><N who="2" m="47113" /><F21/><W40/><G78/><T27/><D27/><U32/><E32/><V113/><F25/><N who="3" m="16551" /><G51/><T93/><D49/><U5/><E45/><V68/><F31/><W95/><G95/><T96/><D93/><N who="1" m="54495" /><E39/><V1/><F1/><W110/><G110/><T106/><D38/><U59/><AGARI ba="0,0" hai="0,3,4,5,6,59,63,65" m="54495,45673" machi="59" ten="30,1100,0" yaku="12,1" doraHai="76" who="1" fromWho="1" sc="220,-3,289,11,178,-3,313,-5" /><INIT seed="4,0,0,3,2,127" ten="217,300,175,308" oya="0" hai0="98,135,105,81,36,117,71,87,111,113,35,99,88" hai1="110,68,41,65,125,95,120,108,109,27,52,7,20" hai2="84,47,72,122,112,12,25,26,102,1,3,48,43" hai3="70,33,79,114,22,115,119,57,86,90,31,69,77"/><T116/><D71/><U56/><E120/><V21/><F72/><W45/><G33/><T29/><D36/><U54/><E125/><V53/><F122/><W93/><G119/><N who="0" m="45643" /><D35/><U100/><E7/><V124/><F112/><N who="3" m="43051" /><G45/><T59/><D29/><U30/><E41/><V42/><F124/><W128/><G128/><T104/><D59/><U75/><E75/><V55/><F102/><W0/><G0/><T38/><D38/><U64/><E68/><N who="3" m="26218" /><G57/><T103/><D113/><U83/><E83/><V2/><F12/><W37/><G37/><T97/><D135/><U8/><E8/><V121/><F121/><W17/><G31/><T24/><D24/><AGARI ba="0,0" hai="17,22,24,77,79,86,90,93" m="26218,43051" machi="24" ten="30,1000,0" yaku="15,1" doraHai="127" who="3" fromWho="0" sc="217,-10,300,0,175,0,308,10" /><INIT seed="5,0,0,2,3,58" ten="207,300,175,318" oya="1" hai0="72,114,32,109,120,52,22,82,12,73,89,111,85" hai1="122,13,113,17,83,28,129,61,135,87,44,9,54" hai2="29,107,55,15,86,31,62,19,98,130,93,26,123" hai3="5,14,75,67,0,63,108,34,84,60,51,99,38"/><U105/><E122/><V133/><F123/><W27/><G38/><T68/><D32/><U8/><E105/><V131/><F107/><W2/><G108/><T96/><D120/><U6/><E113/><V106/><F86/><W101/><G75/><T128/><D68/><U76/><E129/><N who="2" m="49163" /><F106/><W23/><G34/><T97/><D128/><U103/><E135/><V74/><F74/><N who="0" m="28778" /><D52/><U117/><E103/><N who="2" m="60879" /><F133/><W53/><G84/><N who="0" m="50327" /><D22/><U92/><E92/><V126/><F126/><W66/><G14/><T42/><D12/><U115/><E117/><V91/><F91/><W118/><G5/><T3/><D42/><U47/><E115/><V46/><F26/><W121/><G118/><T45/><D45/><U104/><E104/><V20/><F46/><N who="3" m="27895" /><G0/><T64/><D3/><U79/><E79/><V78/><F78/><W33/><G33/><T36/><D114/><U88/><E76/><V50/><F50/><W49/><G49/><T81/><D36/><U124/><E124/><V112/><F112/><W80/><G2/><T18/><D97/><U94/><E44/><V132/><F132/><W4/><G99/><T65/><D96/><N who="1" m="57415" /><E47/><V95/><F95/><W10/><G27/><T7/><D111/><U59/><E13/><V134/><F134/><W48/><G48/><T100/><D100/><U119/><E6/><V25/><F15/><N who="3" m="5575" /><G101/><T77/><D7/><U90/><E8/><V1/><F1/><W11/><G11/><T35/><D109/><U71/><E9/><V125/><F125/><W127/><G127/><T102/><D102/><U116/><E116/><V41/><F41/><RYUUKYOKU ba="0,0" sc="207,-10,300,-10,175,30,318,-10" hai2="19,20,25,29,31,55,62" /><INIT seed="6,1,0,4,1,29" ten="197,290,205,308" oya="2" hai0="106,67,111,20,30,42,95,27,3,34,11,12,127" hai1="92,77,5,114,72,135,70,91,83,15,128,9,61" hai2="45,25,18,109,48,90,69,59,32,125,46,89,71" hai3="19,133,36,120,129,60,105,75,63,65,51,94,40"/><V58/><F125/><W124/><G105/><T84/><D106/><U134/><E114/><V37/><F109/><W78/><G120/><T85/><D111/><U93/><E128/><V115/><F115/><W8/><G124/><T103/><D127/><U100/><E100/><V79/><F79/><W56/><G129/><T96/><D42/><U68/><E61/><V81/><F37/><W1/><G36/><T113/><D113/><U64/><E64/><V116/><F116/><W123/><G133/><N who="1" m="50698" /><E93/><V110/><F110/><W14/><G1/><T33/><D67/><U17/><E17/><V49/><F18/><W76/><G75/><T50/><D50/><U73/><E73/><V7/><F81/><W108/><G123/><T66/><D66/><U21/><E21/><V28/><F28/><W13/><G63/><T16/><D34/><U119/><E119/><V6/><F32/><W35/><G35/><T54/><D54/><U43/><E43/><V130/><F130/><W62/><G62/><T52/><D52/><U38/><E38/><V2/><F2/><W131/><G131/><T99/><D99/><AGARI ba="1,0" hai="5,9,15,68,70,72,77,83,91,92,99" m="50698" machi="99" ten="30,1000,0" yaku="20,1" doraHai="29" who="1" fromWho="0" sc="197,-13,290,13,205,0,308,0" /><INIT seed="7,0,0,0,2,94" ten="184,303,205,308" oya="3" hai0="130,105,92,31,17,117,135,119,40,76,53,16,79" hai1="57,33,27,28,15,113,32,123,133,82,43,83,7" hai2="58,118,18,96,52,93,63,12,132,50,39,71,69" hai3="81,25,121,111,122,85,5,126,24,115,68,112,80"/><W29/><G68/><T107/><D40/><U78/><E123/><V70/><F39/><W100/><G126/><T35/><D92/><U11/><E113/><N who="3" m="43594" /><G111/><T49/><D130/><U86/><E133/><V67/><F118/><N who="0" m="45066" /><D35/><U38/><E57/><V22/><REACH who="2" step="1"/><F132/><REACH who="2" ten="184,303,195,308" step="2"/><W98/><G122/><T0/><D135/><U87/><E38/><V102/><AGARI ba="0,1" hai="12,18,22,50,52,58,63,67,69,70,71,93,96,102" machi="102" ten="20,12000,2" yaku="1,1,2,1,0,1,7,1,52,1,54,1,53,0" doraHai="94" doraHaiUra="114" who="2" fromWho="2" sc="184,-30,303,-30,195,130,308,-60" owari="154,-34.6,273,7.3,325,42.5,248,-15.2" /></mjloggm>