<mjloggm ver="2.3"><GO type="169" lobby="0"/><UN n0="%E4%BB%8A%E6%97%A5%E4%B8%80" n1="%E6%A8%99" n2="%E9%A4%8A%E5%88%86%E4%B8%B8" n3="%E3%81%A8%E3%82%8D%E3%82%8D%E3%81%9D%E3%81%B0" dan="17,16,17,17" rate="2218.00,2130.08,2240.09,2232.75" sx="F,M,M,M"/><TAIKYOKU oya="0"/><INIT seed="0,0,0,5,0,124" ten="250,250,250,250" oya="0" hai0="43,34,121,31,50,61,25,92,75,58,129,105,2" hai1="8,72,48,118,21,26,91,134,39,59,99,49,5" hai2="60,24,53,114,85,119,40,76,107,110,97,19,103" hai3="102,120,67,66,70,100,28,133,64,37,111,29,69"/><T78/><D121/><U54/><E72/><V27/><F114/><W62/><G37/><T98/><D105/><U132/><E39/><V47/><F110/><W15/><G15/><T104/><D104/><U130/><E118/><V126/><F126/><W135/><G62/><T86/><D75/><U84/><E99/><V116/><F53/><W63/><G63/><T16/><D2/><U10/><E48/><V32/><F60/><W113/><G111/><T79/><D86/><U35/><E35/><V41/><F32/><W131/><G113/><T71/><D71/><N who="3" m="27145" /><G120/><T42/><D78/><U125/><E125/><V106/><F106/><W117/><G117/><N who="2" m="45129" /><F19/><W94/><G94/><T17/><D79/><U128/><E5/><V96/><F96/><W122/><G122/><T22/><D50/><U20/><E20/><V95/><F107/><W46/><G46/><T38/><D38/><U56/><E56/><V11/><F11/><N who="1" m="4137" /><E21/><V3/><F3/><W0/><G0/><T44/><D44/><U6/><E6/><V45/><F45/><W74/><G74/><T36/><D36/><U88/><E26/><N who="2" m="9771" /><F47/><W80/><G80/><AGARI ba="0,0" hai="40,41,76,80,85,95,97,103" m="9771,45129" machi="80" ten="30,1000,0" yaku="12,1" doraHai="124" who="2" fromWho="3" sc="250,0,250,0,250,10,250,-10" /><INIT seed="1,0,0,5,4,127" ten="250,250,260,240" oya="1" hai0="66,27,134,41,116,117,43,15,19,26,76,121,125" hai1="5,129,11,1,17,3,130,37,128,106,48,45,24" hai2="32,124,98,57,119,96,74,114,87,16,0,100,67" hai3="99,10,111,39,9,84,29,126,82,103,58,85,102"/><U25/><E106/><V81/><F119/><W90/><G39/><T133/><D76/><U44/><E37/><V131/><F0/><N who="1" m="73" /><E17/><V47/><F32/><W36/><G36/><T80/><D80/><U46/><E48/><V70/><F70/><W18/><G126/><T135/><D125/><U53/><E53/><V69/><F69/><W49/><G29/><T105/><D105/><U55/><E55/><V6/><F6/><W65/><G99/><T86/><D86/><U56/><E56/><V92/><F124/><W97/><G97/><T52/><D66/><U110/><E110/><V83/><F74/><W79/><G111/><T51/><D121/><U59/><E59/><V63/><F114/><W40/><G40/><N who="0" m="15435" /><D116/><U31/><E31/><V12/><F47/><N who="1" m="12033" /><U132/><DORA hai="64" /><E132/><V101/><F87/><W68/><G68/><T35/><D117/><U13/><AGARI ba="0,0" hai="5,11,13,24,25,128,129,130" m="12033,73" machi="13" ten="50,12000,1" yaku="19,1,52,3" doraHai="127,64" who="1" fromWho="1" sc="250,-40,250,120,260,-40,240,-40" /><INIT seed="1,1,0,2,3,26" ten="210,370,220,200" oya="1" hai0="66,104,38,59,12,9,70,111,103,61,23,65,17" hai1="62,63,49,60,1,69,47,81,14,13,116,87,42" hai2="79,105,88,94,5,3,52,67,18,8,31,64,106" hai3="78,135,22,131,2,117,76,40,93,132,71,55,51"/><U33/><E1/><V32/><F79/><W119/><G2/><T21/><D111/><U86/><E116/><N who="3" m="44618" /><G71/><T84/><D38/><U6/><E69/><V35/><F18/><W107/><G107/><T130/><D130/><U30/><E6/><V115/><F115/><W109/><G40/><T121/><D121/><U19/><E19/><V98/><F106/><W72/><G72/><T46/><D46/><U100/><E100/><V77/><F77/><W91/><G22/><T15/><D84/><U34/><E86/><V123/><F123/><W10/><G10/><T108/><D108/><U74/><E74/><V0/><F0/><W127/><G109/><T16/><D9/><U120/><E120/><V25/><F105/><W43/><G43/><T114/><D114/><U95/><E95/><V128/><F128/><W57/><G131/><T126/><D126/><U58/><E58/><V129/><F129/><W133/><G127/><T48/><D66/><U97/><E97/><AGARI ba="1,0" hai="51,55,57,76,78,91,93,97,132,133,135" m="44618" machi="97" ten="40,2600,0" yaku="20,1,12,1" doraHai="26" who="3" fromWho="1" sc="210,0,370,-29,220,0,200,29" /><INIT seed="2,0,0,3,2,38" ten="210,341,220,229" oya="2" hai0="76,107,123,117,106,104,71,68,52,121,31,109,39" hai1="122,55,19,23,66,115,103,102,120,43,77,75,49" hai2="112,25,10,65,34,33,28,11,98,54,132,83,64" hai3="119,6,90,84,56,110,126,41,30,13,57,32,92"/><V131/><F112/><W97/><G119/><T67/><D117/><U3/><E3/><V128/><F34/><W89/><G110/><T37/><D109/><U87/><E115/><V111/><F111/><W16/><G126/><T124/><D124/><U60/><E75/><V29/><F29/><W105/><G6/><T15/><D31/><U82/><E43/><V27/><F27/><W93/><G105/><T118/><D118/><U22/><E22/><V88/><F54/><W100/><G30/><T12/><D76/><U8/><E8/><N who="2" m="3115" /><F132/><W80/><G41/><T5/><D67/><U7/><E7/><V53/><F53/><W91/><G32/><T21/><D5/><U133/><E133/><V36/><F36/><W26/><G26/><T9/><D9/><U114/><E114/><V58/><F58/><W42/><G42/><T0/><D21/><U48/><E48/><V18/><F18/><W72/><G72/><T125/><D125/><U59/><E120/><V134/><F134/><W45/><G45/><T50/><D0/><U74/><E74/><V129/><F98/><N who="3" m="57615" /><G100/><T96/><D39/><U101/><E122/><N who="0" m="46601" /><D96/><U35/><E35/><V14/><F14/><N who="0" m="5162" /><D37/><U63/><E66/><V4/><F4/><W2/><G2/><T70/><D52/><U81/><E81/><V46/><F46/><W95/><G80/><T62/><D50/><U113/><E113/><V51/><F51/><W69/><G69/><T1/><D1/><U86/><E86/><AGARI ba="0,0" hai="25,28,33,64,65,83,86,88,128,129,131" m="3115" machi="86" ten="40,3900,0" yaku="19,1,54,1" doraHai="38" who="2" fromWho="1" sc="210,0,341,-39,220,39,229,0" /><INIT seed="2,1,0,1,0,107" ten="210,302,259,229" oya="2" hai0="37,0,55,27,77,6,39,53,7,43,82,9,23" hai1="96,79,14,75,31,71,111,13,130,92,89,40,93" hai2="48,104,5,62,16,35,58,117,80,21,76,127,122" hai3="50,52,28,124,85,133,54,129,68,116,78,30,38"/><V36/><F117/><W126/><G38/><T10/><D39/><U33/><E111/><V90/><F36/><W121/><G68/><T12/><D43/><U11/><E130/><V100/><F122/><W4/><G116/><T98/><D98/><U22/><E71/><V18/><F35/><W32/><G121/><T15/><D0/><U65/><E65/><V61/><F127/><W42/><G4/><T115/><D37/><U19/><E40/><V73/><F5/><W29/><G32/><T69/><D69/><U17/><E92/><V51/><F62/><W123/><G123/><T34/><D34/><U63/><E63/><V1/><F1/><W110/><G110/><T109/><D115/><U81/><E33/><V86/><F100/><W56/><G42/><T59/><D59/><U45/><E45/><V3/><F3/><W87/><G129/><T74/><REACH who="0" step="1"/><D109/><REACH who="0" ten="200,302,259,229" step="2"/><U41/><E41/><V113/><F113/><W102/><G126/><T95/><D95/><U108/><E108/><V70/><F70/><W2/><G124/><T60/><D60/><U67/><E67/><V132/><F132/><W131/><G133/><T84/><D84/><U101/><REACH who="1" step="1"/><E31/><AGARI ba="1,1" hai="6,7,9,10,12,15,23,27,31,53,55,74,77,82" machi="31" ten="30,7700,0" yaku="1,1,7,1,9,1,52,1,53,0" doraHai="107" doraHaiUra="57" who="0" fromWho="1" sc="200,90,302,-80,259,0,229,0" /><INIT seed="3,0,0,1,3,39" ten="290,222,259,229" oya="3" hai0="60,111,84,14,64,99,20,47,121,31,26,101,70" hai1="34,110,12,103,4,98,80,96,117,81,6,90,93" hai2="78,108,73,17,51,122,129,32,102,13,74,52,123" hai3="35,72,85,2,83,21,33,11,92,135,42,125,126"/><W109/><G72/><T106/><D111/><U59/><E34/><V23/><F32/><W46/><G92/><T57/><D121/><N who="2" m="46090" /><F108/><W50/><G109/><T54/><D84/><U120/><E120/><V5/><F129/><W91/><G135/><T24/><D24/><U87/><E110/><V56/><F78/><W62/><G62/><T66/><D47/><U29/><E29/><V114/><F114/><W113/><G113/><T130/><D130/><U53/><E117/><V97/><F5/><W118/><G118/><T44/><D70/><U75/><E75/><V124/><F124/><N who="3" m="47723" /><G21/><T28/><D28/><U9/><E81/><V71/><F71/><W16/><G2/><T127/><D127/><U76/><E96/><V48/><F48/><W15/><AGARI ba="0,0" hai="11,15,16,33,35,42,46,50,83,85,91" m="47723" machi="15" ten="30,6000,0" yaku="18,1,52,1,54,1" doraHai="39" who="3" fromWho="3" sc="290,-20,222,-20,259,-20,229,60" /><INIT seed="3,1,0,0,5,83" ten="270,202,239,289" oya="3" hai0="63,120,67,65,122,134,100,84,10,106,41,108,90" hai1="70,55,57,32,7,72,22,2,87,29,112,117,80" hai2="73,131,113,96,16,124,25,30,78,104,75,129,59" hai3="19,119,11,133,101,81,1,125,38,77,3,35,126"/><W91/><G119/><T98/><D108/><U111/><E111/><V34/><F113/><W18/><G38/><T27/><D134/><U76/><E112/><V86/><F124/><W74/><G35/><T118/><D118/><U127/><E70/><V82/><F59/><W123/><G123/><T109/><D109/><U46/><E117/><V9/><F104/><W130/><G101/><T88/><D67/><U58/><E127/><N who="3" m="48650" /><G133/><T6/><D41/><U37/><E32/><V39/><F96/><W135/><G135/><T40/><D90/><U89/><E2/><N who="3" m="522" /><G130/><N who="2" m="49673" /><F39/><W116/><G116/><T45/><D27/><U71/><E71/><V23/><F9/><W107/><G107/><T36/><D10/><U128/><E128/><V49/><F49/><W8/><G91/><T92/><D6/><U60/><E37/><V17/><F17/><AGARI ba="1,0" hai="8,11,17,18,19,74,77,81" m="522,48650" machi="17" ten="30,1500,0" yaku="18,1" doraHai="83" who="3" fromWho="2" sc="270,0,202,0,239,-18,289,18" /><INIT seed="3,2,0,1,5,22" ten="270,202,221,307" oya="3" hai0="77,39,63,113,27,7,67,72,87,124,80,34,110" hai1="132,60,114,69,10,46,70,107,49,75,3,51,133" hai2="81,54,18,35,55,53,8,65,2,29,120,123,11" hai3="121,13,109,95,17,26,64,76,106,33,83,0,135"/><W66/><G106/><T40/><D124/><U111/><E107/><V89/><F2/><W42/><G121/><N who="2" m="46665" /><F65/><W82/><G0/><T1/><D110/><U15/><E75/><V14/><F8/><W92/><G42/><T73/><D113/><U31/><E3/><V79/><F89/><W38/><G38/><T30/><D7/><U16/><E114/><V57/><F29/><W9/><G135/><N who="1" m="51786" /><E111/><V125/><F35/><W117/><G117/><T127/><D1/><U68/><E60/><N who="2" m="35887" /><F125/><W59/><G109/><T129/><D127/><U43/><E31/><V128/><F128/><W62/><G66/><T85/><D73/><AGARI ba="2,0" hai="11,14,18,54,55,73,79,81" m="35887,46665" machi="73" ten="30,1000,0" yaku="13,1" doraHai="22" who="2" fromWho="0" sc="270,-16,202,0,221,16,307,0" /><INIT seed="4,0,0,5,4,94" ten="254,202,237,307" oya="0" hai0="47,21,119,34,91,98,87,4,109,106,46,96,125" hai1="75,122,2,6,43,59,44,27,132,48,92,0,117" hai2="51,66,23,52,12,116,30,3,15,131,42,101,105" hai3="53,9,130,128,64,19,37,69,55,99,31,81,41"/><T84/><D119/><U38/><E117/><V79/><F116/><W70/><G31/><T85/><D34/><U29/><E122/><V60/><F3/><W57/><G81/><T103/><D4/><U95/><E75/><V78/><F131/><N who="3" m="50219" /><G19/><T72/><D125/><U112/><E112/><V28/><F42/><W80/><G80/><T33/><D33/><U88/><E132/><V35/><F35/><W134/><G9/><T110/><D21/><U133/><E133/><V100/><F79/><W65/><G99/><N who="0" m="61823" /><D72/><U76/><E76/><V111/><F78/><W7/><G7/><T40/><D91/><U26/><E92/><V71/><F111/><N who="0" m="42506" /><D47/><U54/><E26/><V1/><F1/><W73/><G73/><T89/><D89/><U127/><E6/><V25/><F30/><W13/><G13/><T93/><D93/><U77/><E77/><V39/><F39/><AGARI ba="0,0" hai="39,40,46,84,85,87,96,98" m="42506,61823" machi="39" ten="30,11600,0" yaku="10,1,52,3" doraHai="94" who="0" fromWho="2" sc="254,116,202,0,237,-116,307,0" /><INIT seed="4,1,0,4,0,133" ten="370,202,121,307" oya="0" hai0="71,36,29,99,106,124,80,46,114,13,22,69,61" hai1="125,51,81,3,31,116,102,15,7,109,89,108,135" hai2="131,47,48,63,85,91,1,101,75,50,23,90,28" hai3="42,121,88,59,43,97,25,100,14,32,67,105,34"/><T8/><D114/><U134/><E3/><V84/><F75/><W132/><G132/><N who="1" m="50730" /><E116/><V115/><F1/><W49/><G121/><T65/><D71/><U21/><E102/><V72/><F72/><W92/><G14/><T119/><D119/><U78/><E89/><V40/><F115/><W86/><G25/><T122/><D122/><U55/><E31/><V2/><F2/><W53/><REACH who="3" step="1"/><G67/><REACH who="3" ten="370,202,121,297" step="2"/><T94/><D65/><U10/><E108/><V0/><F0/><W19/><G19/><T123/><D13/><U18/><E109/><V118/><F118/><W73/><G73/><T35/><D29/><U9/><E7/><V60/><F28/><W27/><G27/><T30/><D30/><U82/><E9/><V38/><F131/><W93/><G93/><T117/><D94/><U70/><E10/><V104/><F104/><W6/><G6/><T77/><D8/><U52/><E15/><V126/><F23/><W83/><G83/><T87/><D80/><N who="1" m="30827" /><E78/><V12/><F12/><W11/><G11/><T127/><D77/><U44/><E21/><V98/><F85/><W58/><G58/><T79/><D87/><U24/><E24/><V112/><F84/><W45/><G45/><T17/><D22/><U57/><E70/><V113/><F113/><W33/><AGARI ba="1,1" hai="32,33,34,42,43,49,53,59,86,88,92,97,100,105" machi="33" ten="30,4000,0" yaku="1,1,0,1,54,1,53,0" doraHai="133" doraHaiUra="111" who="3" fromWho="3" sc="370,-21,202,-11,121,-11,297,53" /><INIT seed="5,0,0,0,3,42" ten="349,191,110,350" oya="1" hai0="11,49,47,70,40,79,112,98,81,92,82,77,129" hai1="127,17,64,102,56,8,67,94,93,114,73,134,106" hai2="14,68,1,29,5,61,133,107,33,57,131,25,48" hai3="24,51,16,130,4,74,103,88,20,75,108,118,120"/><U109/><E73/><V128/><F107/><W99/><G108/><T87/><D112/><U50/><E109/><V80/><F1/><W38/><G38/><T12/><D70/><U125/><E114/><V35/><F35/><W60/><G120/><T31/><D31/><U101/><E134/><V124/><F133/><W28/><G130/><N who="2" m="49705" /><F124/><N who="1" m="47689" /><E106/><V95/><F95/><N who="1" m="36361" /><E50/><V123/><F123/><W89/><G118/><T113/><D113/><U15/><E56/><V55/><F80/><N who="0" m="30826" /><D87/><U84/><E84/><V63/><F68/><W85/><G4/><N who="0" m="3175" /><D129/><U21/><E8/><AGARI ba="0,0" hai="5,8,14,25,29,33,48,55,57,61,63" m="49705" machi="8" ten="30,1000,0" yaku="19,1" doraHai="42" who="2" fromWho="1" sc="349,0,191,-10,110,10,350,0" /><INIT seed="6,0,0,3,3,48" ten="349,181,120,350" oya="2" hai0="34,121,114,39,104,21,80,132,93,88,18,4,70" hai1="49,118,27,128,6,14,111,65,78,44,63,52,5" hai2="25,30,0,129,81,87,115,100,134,62,61,79,58" hai3="10,47,59,91,53,96,32,120,125,74,57,45,40"/><V98/><F0/><W24/><G74/><T110/><D34/><U28/><E118/><V67/><F115/><W77/><G120/><T85/><D114/><U83/><E111/><V107/><F129/><W94/><G125/><T109/><D104/><U13/><E128/><V19/><F134/><W46/><G77/><T113/><D113/><U37/><E37/><V43/><F43/><W84/><G32/><T2/><D132/><U90/><E90/><V99/><F99/><W26/><G59/><T16/><D121/><U112/><E112/><V22/><REACH who="2" step="1"/><F62/><REACH who="2" ten="349,181,110,350" step="2"/><N who="3" m="36143" /><G40/><T89/><D110/><U31/><E5/><V17/><AGARI ba="0,1" hai="17,19,22,25,30,58,61,67,79,81,87,98,100,107" machi="17" ten="30,3000,0" yaku="1,1,0,1,53,0" doraHai="48" doraHaiUra="119" who="2" fromWho="2" sc="349,-10,181,-10,110,40,350,-10" /><INIT seed="6,1,0,4,3,103" ten="339,171,150,340" oya="2" hai0="86,20,110,126,80,99,116,26,27,121,95,81,132" hai1="5,21,3,8,46,123,106,89,115,111,101,62,105" hai2="134,38,68,71,18,98,51,49,9,122,41,25,63" hai3="108,58,22,67,119,83,77,45,92,79,96,60,88"/><V24/><F122/><W19/><G108/><T133/><D121/><U40/><E111/><V14/><F38/><W30/><G119/><T70/><D110/><U118/><E123/><V73/><F73/><W48/><G83/><T69/><D116/><U53/><E118/><V34/><F134/><N who="0" m="51818" /><D126/><U65/><E115/><V13/><F34/><W102/><G102/><N who="0" m="60799" /><D81/><U4/><E4/><V125/><F125/><W50/><G30/><N who="0" m="17735" /><D27/><U43/><E101/><V85/><F85/><W54/><REACH who="3" step="1"/><G50/><REACH who="3" ten="339,171,150,330" step="2"/><T78/><AGARI ba="1,1" hai="69,70,78,80,86" m="17735,60799,51818" machi="78" ten="30,1100,0" yaku="20,1" doraHai="103" who="0" fromWho="0" sc="339,24,171,-4,150,-6,330,-4" /><INIT seed="7,0,0,5,3,9" ten="363,167,144,326" oya="3" hai0="26,65,113,125,33,14,70,110,78,12,46,61,105" hai1="67,19,39,129,24,73,13,108,98,6,47,41,34" hai2="89,3,74,107,115,94,118,15,1,45,17,0,132" hai3="50,121,36,11,91,37,117,97,81,84,5,101,130"/><W120/><G117/><T114/><D110/><U126/><E108/><V82/><F118/><W102/><G130/><T111/><D111/><U133/><E129/><V28/><F107/><W62/><G102/><T112/><D125/><U27/><E126/><V103/><F115/><W90/><G90/><T7/><D105/><U92/><E73/><V31/><F132/><W124/><G124/><T134/><D134/><U54/><E133/><V99/><F45/><W93/><G62/><T68/><D68/><U4/><E67/><V59/><F59/><W42/><G50/><T49/><D7/><U83/><E83/><V80/><F80/><W53/><G53/><N who="0" m="29879" /><D78/><U56/><E34/><V88/><F89/><W128/><G128/><T79/><D79/><U35/><E35/><V20/><REACH who="2" step="1"/><F74/><REACH who="2" ten="363,167,134,326" step="2"/><W10/><G37/><T2/><D114/><U29/><E29/><V22/><F22/><W109/><G109/><T52/><D112/><U96/><E92/><V23/><F23/><W63/><G11/><T76/><D113/><U51/><E24/><V40/><F40/><W122/><G42/><T69/><D26/><U16/><E27/><V127/><F127/><W38/><REACH who="3" step="1"/><G63/><REACH who="3" ten="363,167,134,316" step="2"/><T21/><D61/><N who="1" m="35991" /><E39/><V43/><F43/><W123/><N who="3" m="30720" /><DORA hai="66" /><W60/><G60/><T30/><D76/><U77/><E77/><V85/><AGARI ba="0,2" hai="0,1,3,15,17,20,28,31,82,85,88,94,99,103" machi="85" ten="40,8000,1" yaku="1,1,0,1,52,1,54,1,53,1" doraHai="9,66" doraHaiUra="95,71" who="2" fromWho="2" sc="363,-20,167,-20,134,100,316,-40" owari="343,44.3,147,-35.3,234,-16.6,276,7.6" /></mjloggm>