<mjloggm ver="2.3"><GO type="169" lobby="0"/><UN n0="%48%41%43%4F" n1="%E3%81%AA%E3%81%8B%E3%81%AE%E3%81%86%E3%81%88" n2="%E3%81%8B%E3%82%81%E3%81%98%E3%82%8D%E3%81%86" n3="%E3%81%88%E3%81%84%E3%81%8D%E3%81%A1%40%35%6D%66" dan="16,16,17,17" rate="2076.11,2153.51,2169.47,2207.27" sx="M,M,M,M"/><TAIKYOKU oya="0"/><INIT seed="0,0,0,4,3,58" ten="250,250,250,250" oya="0" hai0="131,132,32,18,108,34,114,5,50,128,39,65,2" hai1="103,115,53,36,73,105,113,94,71,47,33,86,129" hai2="126,77,15,89,9,16,95,79,104,14,48,100,67" hai3="124,52,125,123,84,13,25,27,70,54,59,56,6"/><T49/><D39/><U85/><E33/><V98/><F126/><N who="3" m="48747" /><G70/><T17/><D114/><U35/><E35/><N who="0" m="13353" /><D65/><U10/><E10/><V21/><F48/><N who="0" m="18538" /><D5/><U117/><E53/><N who="3" m="20586" /><G123/><T24/><D24/><N who="3" m="9289" /><G84/><T44/><D44/><U45/><E86/><V3/><F3/><W122/><G122/><T20/><D20/><U68/><E85/><V61/><F104/><W97/><G97/><T31/><D2/><U106/><E47/><V81/><F89/><W11/><AGARI ba="0,0" hai="6,11,13,56,59" m="9289,20586,48747" machi="11" ten="40,2700,0" yaku="18,1,54,1" doraHai="58" who="3" fromWho="3" sc="250,-13,250,-7,250,-7,250,27" /><INIT seed="1,0,0,0,3,124" ten="237,243,243,277" oya="1" hai0="125,129,41,80,66,74,81,98,82,131,7,51,132" hai1="19,71,99,48,106,12,130,55,25,75,20,126,45" hai2="109,134,64,115,79,108,27,97,92,127,102,1,3" hai3="90,38,9,72,122,104,100,70,113,37,21,59,42"/><U56/><E71/><V2/><F127/><W28/><G122/><T94/><D125/><U29/><E126/><V95/><F134/><W121/><G121/><T114/><D132/><U118/><E118/><V103/><F115/><W39/><G113/><T23/><D114/><U54/><E75/><V47/><F64/><W15/><G70/><T111/><D66/><U123/><E123/><V6/><F79/><W13/><G72/><T24/><D74/><U76/><E76/><V135/><F135/><W87/><G59/><T53/><D41/><U83/><E83/><V133/><F133/><W8/><G42/><T43/><D43/><U57/><E130/><N who="0" m="49673" /><D7/><U50/><E45/><V96/><F47/><W33/><G33/><T88/><D111/><N who="2" m="42570" /><F27/><W5/><G5/><AGARI ba="0,0" hai="1,2,3,5,6,92,95,96,97,102,103" m="42570" machi="5" ten="40,1300,0" yaku="14,1" doraHai="124" who="2" fromWho="3" sc="237,0,243,0,243,13,277,-13" /><INIT seed="2,0,0,2,0,107" ten="237,243,256,264" oya="2" hai0="36,52,83,65,29,87,129,88,62,54,114,17,48" hai1="124,59,50,51,78,9,100,47,13,0,3,38,73" hai2="27,116,108,46,111,64,85,135,80,68,101,70,93" hai3="63,74,24,20,120,106,39,30,42,117,14,110,72"/><V33/><F116/><W128/><G117/><T115/><D129/><U105/><E38/><V79/><F46/><W119/><G119/><T98/><D36/><U118/><E124/><V130/><F130/><W91/><G128/><T28/><D115/><U67/><E100/><V133/><F33/><W58/><G120/><T19/><D114/><U132/><E105/><V45/><F45/><W22/><G106/><T7/><D7/><U23/><E23/><V66/><F27/><W21/><G110/><N who="2" m="42025" /><F66/><W104/><G104/><T127/><D98/><U61/><E132/><N who="2" m="50763" /><F64/><W53/><G42/><T49/><D127/><U113/><E113/><V40/><F40/><W95/><G39/><T60/><D65/><U26/><E26/><V81/><F81/><W15/><G24/><T37/><D29/><U4/><E118/><V84/><F101/><W76/><G30/><T86/><D28/><U122/><E122/><V2/><F2/><W56/><G56/><N who="0" m="32775" /><D37/><U12/><E3/><V6/><F6/><W55/><G53/><T34/><D34/><U121/><E121/><V125/><F125/><W16/><G14/><T109/><D109/><U131/><E131/><V57/><F57/><W126/><G126/><T96/><D83/><N who="1" m="45519" /><E47/><V43/><F43/><W11/><G22/><T10/><D10/><U92/><E0/><V134/><N who="2" m="50771" /><V41/><DORA hai="1" /><F41/><W94/><G21/><T90/><D17/><U31/><E31/><V18/><F18/><W82/><G20/><T71/><D19/><U69/><E13/><V32/><F32/><W77/><G15/><T123/><D123/><RYUUKYOKU ba="0,0" sc="237,-10,243,-10,256,30,264,-10" hai2="68,70,79,80,84,85,93" /><INIT seed="2,1,0,1,3,119" ten="227,233,286,254" oya="2" hai0="23,55,90,85,18,13,34,41,10,135,1,46,101" hai1="60,35,71,115,26,118,117,121,129,48,54,43,82" hai2="0,6,113,49,4,107,97,17,22,29,104,84,77" hai3="93,109,108,78,76,51,15,67,112,123,130,72,24"/><V42/><F113/><W11/><G112/><T134/><D34/><U59/><E115/><V131/><F29/><W95/><G130/><T57/><D101/><U32/><E129/><V98/><F131/><W126/><G126/><T33/><D33/><U87/><E35/><V70/><F70/><W102/><G67/><T133/><D1/><U39/><E26/><V3/><F3/><W28/><G51/><T14/><D46/><N who="1" m="23935" /><E32/><V80/><F107/><W86/><G72/><T38/><D41/><U73/><E73/><V116/><F116/><W124/><G124/><T81/><D38/><U56/><E56/><V12/><F104/><W100/><G24/><T127/><D127/><U62/><E62/><V83/><F83/><W128/><G28/><T27/><REACH who="0" step="1"/><D10/><REACH who="0" ten="217,233,286,254" step="2"/><U74/><E118/><V69/><F0/><W132/><G11/><T21/><D21/><U50/><E117/><V66/><F22/><W68/><G128/><T25/><D25/><U2/><E2/><V20/><F42/><W105/><G102/><T30/><D30/><U40/><E40/><V94/><F20/><W45/><G100/><T53/><D53/><U114/><E54/><V63/><F12/><W111/><G45/><T16/><D16/><U9/><E9/><V89/><F17/><W96/><G15/><T64/><D64/><U47/><E47/><V110/><F66/><W79/><G108/><T31/><D31/><U75/><E114/><V5/><F110/><W91/><G109/><T7/><D7/><U8/><E8/><V99/><F5/><W58/><G111/><T122/><D122/><RYUUKYOKU ba="1,1" sc="217,30,233,-10,286,-10,254,-10" hai0="13,14,18,23,27,55,57,81,85,90,133,134,135" /><INIT seed="3,2,1,3,5,69" ten="247,223,276,244" oya="3" hai0="109,22,118,32,116,127,7,28,21,117,103,70,121" hai1="37,40,73,64,0,99,104,27,4,31,81,112,26" hai2="55,49,52,133,75,42,123,6,85,33,124,1,83" hai3="119,74,14,114,79,77,93,92,129,101,45,105,87"/><W62/><G114/><T100/><D70/><U113/><E64/><V17/><F33/><W126/><G119/><T65/><D65/><U128/><E128/><V8/><F124/><W39/><G126/><T54/><D127/><U61/><E61/><V35/><F35/><W66/><G129/><T57/><D121/><U72/><E27/><V97/><F75/><N who="1" m="28745" /><E81/><V9/><F123/><W41/><G74/><T106/><D109/><U11/><E26/><V82/><F133/><W3/><G3/><T23/><D32/><U89/><E89/><V16/><F97/><W122/><G122/><T98/><D100/><N who="1" m="62495" /><E31/><V125/><F125/><W48/><G105/><T108/><D108/><U43/><E43/><V25/><F42/><W86/><G48/><T2/><D28/><U44/><AGARI ba="2,1" hai="0,4,11,37,40,44,112,113" m="62495,28745" machi="44" ten="30,2000,0" yaku="23,1,52,1" doraHai="69" who="1" fromWho="1" sc="247,-7,223,36,276,-7,244,-12" /><INIT seed="4,0,0,4,2,129" ten="240,259,269,232" oya="0" hai0="77,123,131,1,125,83,9,25,102,85,17,115,86" hai1="126,0,134,74,30,68,40,120,18,45,75,41,119" hai2="60,78,107,80,66,103,88,127,43,8,31,37,104" hai3="98,22,19,84,67,15,6,11,38,51,99,58,128"/><T133/><D131/><U55/><E0/><V42/><F127/><W110/><G128/><T5/><D125/><U117/><E18/><V29/><F88/><W69/><G38/><T47/><D123/><U16/><E55/><V62/><F8/><W89/><G69/><T105/><D115/><U72/><E72/><V81/><F37/><W116/><G116/><T95/><D105/><U27/><E45/><V63/><F66/><W113/><G110/><T112/><D112/><U28/><E16/><V124/><F124/><W97/><G113/><T4/><D4/><U35/><E126/><V70/><F70/><W109/><G109/><T92/><D102/><U87/><E68/><V71/><F71/><W32/><G32/><T14/><D133/><U56/><E87/><V114/><F114/><W59/><G51/><T53/><D85/><U93/><E93/><V82/><F78/><W79/><G79/><T50/><REACH who="0" step="1"/><D25/><REACH who="0" ten="230,259,269,232" step="2"/><U100/><E100/><V94/><F103/><W65/><G65/><T2/><D2/><U7/><E27/><V130/><F130/><W101/><G101/><T33/><D33/><U20/><E7/><V44/><F104/><W49/><G67/><T64/><D64/><U108/><E35/><V46/><F107/><W34/><G34/><T13/><D13/><U48/><E134/><V118/><F118/><W96/><N who="3" m="24576" /><DORA hai="23" /><W21/><G6/><T39/><D39/><U106/><E106/><V57/><F57/><N who="3" m="21515" /><G49/><T24/><D24/><U61/><E119/><V135/><F135/><W76/><G89/><T3/><D3/><U10/><E117/><RYUUKYOKU ba="0,1" sc="230,15,259,-15,269,-15,232,15" hai0="1,5,9,14,17,47,50,53,77,83,86,92,95" hai3="11,15,19,21,22,76,84" /><INIT seed="4,1,1,3,5,90" ten="245,244,254,247" oya="0" hai0="92,19,102,86,88,103,67,93,32,42,63,41,7" hai1="74,73,46,89,119,72,118,123,96,21,91,59,110" hai2="14,100,45,0,87,97,64,5,132,13,128,80,34" hai3="58,125,79,114,66,49,68,12,133,17,61,36,2"/><T40/><D32/><U134/><E59/><V20/><F34/><W53/><G2/><T122/><D122/><U30/><E46/><V113/><F113/><W70/><G114/><T8/><D19/><U95/><E21/><V37/><F128/><W78/><G125/><T109/><D109/><U52/><E30/><V11/><F132/><W39/><G133/><T44/><D44/><U130/><E52/><V82/><F64/><W69/><G78/><T75/><D93/><N who="1" m="56367" /><E134/><V65/><F65/><W3/><G79/><T27/><D27/><U47/><E47/><V116/><F116/><N who="1" m="44585" /><E130/><V9/><F20/><W101/><G101/><T81/><D81/><U23/><E23/><V62/><F80/><W38/><REACH who="3" step="1"/><G3/><REACH who="3" ten="245,244,254,237" step="2"/><T26/><D75/><U106/><E110/><V112/><F112/><W77/><G77/><T60/><D26/><U85/><E106/><V71/><F0/><W48/><G48/><T129/><D129/><U127/><E123/><V55/><F62/><W22/><AGARI ba="1,2" hai="12,17,22,36,38,39,49,53,58,61,66,68,69,70" machi="22" ten="30,2000,0" yaku="1,1,0,1,53,0" doraHai="90" doraHaiUra="111" who="3" fromWho="3" sc="245,-11,244,-6,254,-6,237,43" /><INIT seed="5,0,0,0,0,41" ten="234,238,248,280" oya="1" hai0="2,114,11,109,7,70,83,101,22,105,3,14,36" hai1="116,12,45,33,121,113,47,66,79,5,128,64,123" hai2="4,20,24,28,77,68,135,73,80,92,55,69,51" hai3="21,98,53,117,78,132,48,99,112,37,25,91,67"/><U95/><E116/><V76/><F135/><W100/><G37/><T6/><D70/><U56/><E33/><V15/><F76/><W27/><G132/><T87/><D109/><U49/><E123/><V72/><F72/><W59/><G117/><T122/><D122/><U111/><E121/><V32/><F92/><W43/><G112/><T31/><D36/><U44/><E113/><V42/><F42/><W46/><G78/><T62/><D105/><U125/><E111/><V134/><F134/><W17/><G67/><N who="1" m="25642" /><E128/><V107/><F107/><W74/><G74/><T118/><D3/><U127/><E79/><V129/><F129/><W1/><G1/><T130/><D2/><U60/><E95/><V75/><F75/><W89/><G27/><N who="0" m="16887" /><D101/><U131/><E131/><V9/><REACH who="2" step="1"/><F32/><REACH who="2" ten="234,238,238,280" step="2"/><W81/><G81/><T19/><D130/><U71/><E127/><V85/><F85/><W16/><G99/><T18/><D114/><U133/><E125/><V102/><F102/><W119/><G119/><T0/><D118/><U35/><E35/><V13/><F13/><W34/><G34/><T40/><D0/><U110/><E133/><V86/><F86/><W65/><G100/><T84/><D83/><U61/><E110/><V90/><F90/><W93/><G91/><T126/><D126/><U58/><E12/><V29/><F29/><N who="3" m="17583" /><G43/><T104/><D104/><U82/><E82/><V39/><F39/><W26/><G26/><T50/><D87/><U30/><E30/><V54/><F54/><N who="3" m="29975" /><G65/><T108/><D84/><U106/><E106/><V96/><F96/><W8/><G98/><RYUUKYOKU ba="0,1" sc="234,-10,238,-10,238,30,280,-10" hai2="4,9,15,20,24,28,51,55,68,69,73,77,80" /><INIT seed="6,1,1,5,0,101" ten="224,228,268,270" oya="2" hai0="66,16,40,65,84,83,54,48,11,1,3,2,97" hai1="129,113,57,87,44,116,93,56,8,117,112,13,46" hai2="21,98,52,108,36,55,27,107,59,96,115,70,128" hai3="79,130,26,133,120,9,92,7,99,23,32,47,49"/><V15/><F70/><W42/><G120/><T53/><D97/><U102/><E129/><V100/><F128/><W91/><G130/><T64/><D40/><U22/><E22/><V62/><F115/><N who="1" m="44105" /><E57/><V50/><F36/><W30/><G133/><T31/><D31/><U5/><E56/><V24/><F108/><W103/><G79/><T33/><D33/><U109/><E109/><V39/><F39/><W90/><REACH who="3" step="1"/><G32/><REACH who="3" ten="224,228,268,260" step="2"/><T121/><D121/><U134/><E134/><V85/><F85/><W110/><G110/><T78/><REACH who="0" step="1"/><D48/><REACH who="0" ten="214,228,268,260" step="2"/><U69/><E117/><V111/><F111/><W81/><G81/><T67/><N who="0" m="16384" /><DORA hai="29" /><T38/><D38/><U37/><E37/><V43/><F43/><W68/><G68/><T86/><D86/><U14/><E69/><V114/><F114/><W119/><G119/><T25/><D25/><U105/><E116/><V80/><F80/><W76/><G76/><T19/><D19/><U126/><E87/><V104/><F27/><W82/><G82/><T123/><D123/><U75/><E75/><V122/><F122/><W118/><G118/><T41/><D41/><U34/><E34/><V10/><F50/><W131/><G131/><T127/><D127/><U72/><E72/><V77/><F77/><W58/><G58/><T135/><D135/><U89/><E126/><V35/><F35/><W106/><G106/><T94/><D94/><U95/><E105/><V61/><F59/><W73/><G73/><T28/><D28/><U60/><E95/><V12/><F107/><W124/><G124/><T17/><D17/><U6/><E93/><RYUUKYOKU ba="1,3" sc="214,15,228,-15,268,-15,260,15" hai0="1,2,3,11,16,53,54,78,83,84" hai3="7,9,23,26,30,42,47,49,90,91,92,99,103" /><INIT seed="7,2,3,0,4,48" ten="229,213,253,275" oya="3" hai0="101,105,53,16,85,24,17,40,128,91,15,29,49" hai1="130,43,54,135,47,117,31,111,113,75,103,73,107" hai2="127,72,5,34,8,124,121,68,57,98,50,67,52" hai3="32,120,69,35,89,93,82,133,28,20,115,11,125"/><W99/><G120/><T100/><D105/><U33/><E111/><V41/><F121/><W76/><G69/><T104/><D104/><U62/><E113/><V27/><F72/><W84/><G115/><T7/><D40/><U18/><E130/><V108/><F108/><W114/><G114/><T118/><D118/><U123/><E135/><V51/><F98/><W44/><G133/><T66/><D66/><U134/><E134/><V19/><F68/><W9/><G125/><N who="2" m="48201" /><F67/><W37/><G35/><T96/><D7/><U88/><E103/><N who="0" m="39497" /><D96/><U110/><E107/><V4/><F19/><N who="0" m="7242" /><D15/><U36/><E123/><V132/><F132/><W46/><G32/><T23/><D128/><U12/><E110/><V86/><F86/><W81/><G37/><T116/><D116/><U22/><E117/><V126/><F126/><W71/><G71/><T106/><D106/><U61/><E75/><V64/><F64/><W6/><G6/><T94/><D49/><U3/><E73/><V90/><F8/><W122/><G122/><T78/><D78/><U21/><E33/><V97/><F41/><W38/><G38/><T79/><D79/><U102/><E102/><V45/><F97/><W119/><G119/><T95/><D95/><U26/><E3/><V59/><F5/><W55/><G9/><T87/><D87/><U129/><E129/><V70/><F4/><W13/><G11/><T58/><D58/><N who="1" m="35031" /><E88/><V80/><F70/><W42/><G89/><T74/><D74/><U25/><E12/><V10/><F10/><W77/><G13/><T1/><D1/><U2/><E2/><RYUUKYOKU ba="2,3" sc="229,15,213,15,253,-15,275,-15" hai0="23,24,29,53,85,91,94" hai1="18,21,22,25,26,31,36,43,47,62" /><INIT seed="8,3,3,4,2,14" ten="244,228,238,260" oya="0" hai0="102,66,2,10,112,89,4,1,22,61,52,115,25" hai1="15,85,111,101,104,113,13,124,99,128,43,21,26" hai2="117,0,127,55,120,70,36,18,78,123,11,134,68" hai3="82,100,77,93,49,92,110,27,33,44,56,81,67"/><T5/><D102/><U103/><E111/><V46/><F18/><W57/><G110/><T131/><D131/><U17/><E128/><V125/><F78/><W28/><G82/><T64/><D89/><U41/><E124/><N who="2" m="47691" /><F134/><W50/><G50/><T105/><D105/><U86/><E113/><V9/><F117/><W34/><G34/><T129/><D129/><U73/><E73/><V91/><F91/><W39/><G39/><T16/><D64/><U114/><E114/><V20/><F20/><W59/><G67/><T7/><D52/><U95/><E103/><V47/><F0/><N who="0" m="106" /><D61/><U23/><E104/><V121/><F55/><W38/><G38/><T6/><D66/><U29/><E15/><AGARI ba="3,3" hai="4,5,6,7,10,15,16,22,25,112,115" m="106" machi="15" ten="30,11600,0" yaku="34,2,52,1,54,1" doraHai="14" who="0" fromWho="1" sc="244,155,228,-125,238,0,260,0" owari="399,49.9,103,-39.7,238,-16.2,260,6.0" /></mjloggm>