<mjloggm ver="2.3"><GO type="225" lobby="0"/><UN n0="%72%61%6B%33" n1="%E3%81%A4%E3%81%A3%E3%81%B1%E3%82%8A%E3%83%9D%E3%83%BC%E3%83%AB" n2="%E7%B4%94%E6%BD%94%E3%83%94%E3%83%A9%E3%83%8B%E3%82%A2" n3="%E6%A1%9C%E8%8A%B1%E9%96%83%E3%80%85" dan="16,17,16,16" rate="2090.36,2159.97,2192.46,2199.62" sx="M,M,M,M"/><TAIKYOKU oya="0"/><INIT seed="0,0,0,4,2,88" ten="250,250,250,250" oya="0" hai0="34,101,97,68,13,0,110,115,16,54,134,5,17" hai1="107,129,66,43,12,59,93,81,118,65,135,86,83" hai2="38,7,19,6,123,20,4,40,77,60,44,79,103" hai3="114,127,62,45,87,55,82,119,56,122,116,8,52"/><T61/><D115/><U132/><E107/><V10/><F123/><W67/><G114/><T76/><D134/><N who="1" m="51243" /><E118/><V84/><F103/><W64/><G122/><T47/><D34/><U23/><E43/><V15/><F60/><W30/><G127/><T104/><D110/><U120/><E120/><V32/><F32/><W91/><G30/><T106/><D0/><U58/><E129/><V92/><F79/><W75/><G75/><T37/><D76/><N who="1" m="46375" /><E83/><V71/><F71/><W33/><G33/><T42/><D106/><U29/><E93/><V117/><F117/><W124/><G124/><T35/><D35/><U94/><E94/><V109/><F109/><W51/><G116/><T11/><REACH who="0" step="1"/><D54/><REACH who="0" ten="240,250,250,250" step="2"/><U41/><E41/><V121/><F77/><W49/><G119/><T85/><D85/><U21/><E21/><V95/><F121/><W108/><G108/><T99/><D99/><U2/><E2/><V126/><F126/><W113/><G113/><T133/><D133/><U130/><E130/><V26/><REACH who="2" step="1"/><F84/><REACH who="2" ten="240,250,240,250" step="2"/><W27/><G87/><T98/><D98/><U128/><E128/><V73/><F73/><W50/><G67/><AGARI ba="0,2" hai="5,11,13,16,17,37,42,47,61,67,68,97,101,104" machi="67" ten="40,7700,0" yaku="1,1,54,1,53,1" doraHai="88" doraHaiUra="9" who="0" fromWho="3" sc="240,97,250,0,240,0,250,-77" /><INIT seed="0,1,0,3,3,46" ten="337,250,240,173" oya="0" hai0="34,111,58,101,78,62,70,38,31,21,64,117,106" hai1="126,52,72,107,36,92,128,121,32,27,22,20,7" hai2="57,89,109,87,60,11,43,15,86,0,129,56,13" hai3="2,17,33,48,41,47,74,113,96,100,134,132,49"/><T6/><D117/><U16/><E107/><V54/><F109/><W130/><G113/><T24/><D111/><U85/><E121/><V35/><F35/><W125/><G74/><T94/><D38/><U28/><E36/><V65/><F129/><W83/><G130/><T55/><D6/><U9/><E72/><V44/><F0/><W75/><G33/><T69/><D78/><U8/><E128/><V18/><F13/><W68/><G68/><T45/><D106/><U84/><E126/><V88/><F87/><N who="1" m="33353" /><E32/><V99/><F99/><W76/><G2/><T25/><D45/><U127/><E127/><V71/><F89/><W40/><G125/><T39/><D39/><U98/><E7/><V102/><F102/><W29/><G29/><N who="0" m="17551" /><D55/><U79/><E79/><V122/><F122/><W93/><G17/><T66/><D66/><U135/><E135/><N who="3" m="51754" /><G47/><T1/><D1/><U118/><E52/><V19/><F19/><W124/><G124/><T73/><D73/><U26/><E118/><V3/><F3/><W105/><G105/><T133/><D133/><U81/><E81/><V80/><F54/><W123/><G123/><T23/><D23/><U90/><AGARI ba="1,0" hai="8,9,16,20,22,26,27,28,90,92,98" m="33353" machi="90" ten="30,2000,0" yaku="8,1,54,1" doraHai="46" who="1" fromWho="1" sc="337,-11,250,23,240,-6,173,-6" /><INIT seed="1,0,0,0,2,132" ten="326,273,234,167" oya="1" hai0="69,70,12,124,77,72,106,104,114,87,83,27,2" hai1="78,73,129,98,81,42,64,80,119,32,92,60,10" hai2="13,82,15,71,86,30,66,9,14,122,75,125,63" hai3="29,133,100,45,127,49,95,113,58,3,130,62,96"/><U18/><E119/><V51/><F122/><W91/><G113/><T47/><D2/><U50/><E129/><V0/><F75/><W5/><G133/><T56/><D114/><U123/><E32/><V79/><F30/><W7/><G130/><T17/><D27/><U26/><E123/><V115/><F115/><W25/><G91/><T11/><D72/><U22/><E81/><V110/><F110/><W34/><G3/><T120/><D120/><U57/><E10/><V35/><F35/><W4/><G127/><T37/><D124/><U131/><E131/><V135/><F135/><W68/><G68/><T44/><D56/><U28/><E42/><V46/><F0/><W94/><G94/><T74/><D74/><U126/><E50/><V116/><F116/><W24/><G29/><T36/><D47/><U117/><E117/><V67/><F66/><W65/><REACH who="3" step="1"/><G34/><REACH who="3" ten="326,273,234,157" step="2"/><T101/><D70/><U111/><E126/><V59/><F71/><W52/><AGARI ba="0,1" hai="4,5,7,24,25,45,49,52,58,62,65,95,96,100" machi="52" ten="30,8000,1" yaku="1,1,2,1,0,1,8,1,54,1,53,0" doraHai="132" doraHaiUra="31" who="3" fromWho="3" sc="326,-20,273,-40,234,-20,157,90" /><INIT seed="2,0,0,5,1,18" ten="306,233,214,247" oya="2" hai0="98,73,55,76,108,2,77,29,23,65,43,110,79" hai1="104,1,80,115,5,87,90,50,13,59,57,82,51" hai2="60,132,56,135,93,101,8,71,26,11,42,45,12" hai3="123,40,102,10,118,109,111,95,119,105,68,129,91"/><V53/><F71/><W16/><G68/><T27/><D2/><U126/><E1/><V113/><F113/><W33/><G33/><T114/><D114/><U85/><E104/><V72/><F72/><W36/><G123/><T122/><D122/><U103/><E103/><V35/><F35/><W124/><G40/><T75/><D65/><U14/><E126/><V9/><F26/><W52/><G36/><T15/><D43/><U128/><E115/><V21/><F101/><W25/><G124/><T83/><D98/><U112/><E112/><V41/><F93/><W84/><G129/><T125/><D125/><U24/><E24/><V6/><F41/><W107/><G52/><T49/><D15/><N who="1" m="5643" /><E5/><V61/><F60/><W7/><G102/><T121/><D121/><U3/><E3/><V30/><F30/><W48/><G48/><N who="1" m="18474" /><E128/><V134/><REACH who="2" step="1"/><F21/><REACH who="2" ten="306,233,204,247" step="2"/><N who="3" m="13479" /><G107/><T120/><D120/><U97/><E97/><V78/><F78/><AGARI ba="0,1" hai="57,59,78,80,82,85,87,90" m="18474,5643" machi="78" ten="30,1000,0" yaku="8,1" doraHai="18" who="1" fromWho="2" sc="306,0,233,20,204,-10,247,0" /><INIT seed="3,0,0,3,0,122" ten="306,253,194,247" oya="3" hai0="78,6,53,3,112,22,14,11,63,96,126,107,118" hai1="62,123,61,42,16,47,125,40,89,4,56,2,91" hai2="64,75,32,77,115,25,9,117,128,81,120,79,82" hai3="26,49,28,72,31,98,50,60,39,70,93,76,23"/><W94/><G39/><T121/><D121/><U95/><E123/><V58/><F120/><W37/><G37/><T135/><D118/><U55/><E125/><V44/><F117/><W119/><G119/><T90/><D126/><U46/><E4/><V51/><F115/><W54/><G31/><T116/><D116/><U114/><E2/><V124/><F124/><W65/><G93/><T129/><D78/><U21/><E62/><V29/><F128/><W67/><G67/><T106/><D129/><U134/><E134/><V30/><F30/><W111/><G111/><T92/><D135/><U71/><E71/><V109/><F9/><W7/><G7/><T108/><D108/><U83/><E83/><V19/><F19/><W45/><G50/><T41/><D41/><N who="1" m="15979" /><E114/><V80/><F109/><W97/><G94/><T110/><D112/><U85/><E91/><V130/><F130/><W100/><G100/><T24/><D3/><U34/><E34/><V133/><F133/><W105/><G105/><T27/><D27/><AGARI ba="0,0" hai="16,21,27,46,47,55,56,61,85,89,95" m="15979" machi="27" ten="30,2000,0" yaku="8,1,54,1" doraHai="122" who="1" fromWho="0" sc="306,-20,253,20,194,0,247,0" /><INIT seed="4,0,0,2,3,95" ten="286,273,194,247" oya="0" hai0="12,52,61,87,23,111,19,32,65,3,18,67,21" hai1="89,134,69,80,36,55,51,133,115,130,83,8,6" hai2="76,97,126,58,85,125,28,27,105,124,24,30,45" hai3="84,110,129,66,118,11,90,92,47,56,86,7,62"/><T60/><D32/><U53/><E36/><V74/><F74/><W127/><G127/><N who="2" m="32513" /><V29/><DORA hai="98" /><F45/><W135/><G110/><T88/><D3/><U59/><E69/><V14/><F14/><N who="3" m="5503" /><G118/><T54/><D111/><U34/><E34/><V113/><F113/><W15/><G135/><N who="1" m="51722" /><E130/><V102/><F58/><W109/><G109/><T128/><D128/><U1/><E115/><V25/><F85/><N who="3" m="52303" /><G129/><T116/><D116/><U33/><E33/><V73/><F76/><W81/><G81/><N who="0" m="49263" /><D61/><N who="1" m="36079" /><E89/><V68/><F73/><W64/><G64/><N who="0" m="24651" /><D60/><U13/><E1/><V41/><F41/><W91/><G62/><T96/><D96/><U72/><E72/><V114/><F114/><W77/><G84/><T37/><D37/><U63/><E63/><V57/><F57/><AGARI ba="0,0" hai="6,8,13,51,55,57,80,83" m="36079,51722" machi="57" ten="30,1000,0" yaku="20,1" doraHai="95,98" who="1" fromWho="2" sc="286,0,273,10,194,-10,247,0" /><INIT seed="5,0,0,3,4,106" ten="286,283,184,247" oya="1" hai0="60,108,41,95,22,64,118,89,6,36,33,5,44" hai1="117,90,35,62,88,1,80,2,135,126,99,28,120" hai2="109,75,7,76,97,77,107,46,111,127,14,66,54" hai3="56,61,79,8,112,85,69,94,100,31,12,25,131"/><U92/><E117/><V129/><F127/><W102/><G69/><T37/><D33/><U48/><E120/><V11/><F129/><W119/><G119/><T67/><D108/><U133/><E126/><V121/><F121/><W84/><G112/><T59/><D118/><U47/><E62/><V57/><F76/><W82/><G131/><T91/><D37/><U16/><E16/><V70/><F46/><W86/><G94/><T27/><D67/><U0/><E28/><V123/><F123/><W20/><G100/><T104/><D104/><U134/><E35/><V110/><F66/><W103/><G103/><T53/><D64/><U96/><E80/><V72/><F70/><W21/><G21/><T19/><REACH who="0" step="1"/><D91/><REACH who="0" ten="276,283,184,247" step="2"/><N who="1" m="55327" /><E99/><AGARI ba="0,1" hai="5,6,19,22,27,36,41,44,53,59,60,89,95,99" machi="99" ten="30,8000,1" yaku="1,1,7,1,25,2,53,1" doraHai="106" doraHaiUra="15" who="0" fromWho="1" sc="276,90,283,-80,184,0,247,0" owari="366,46.6,203,-19.7,184,-31.6,247,4.7" /></mjloggm>