<mjloggm ver="2.3"><GO type="225" lobby="0"/><UN n0="%E3%81%82%E3%81%84%E3%81%82%E3%81%8A%E3%81%84" n1="%72%61%6B%33" n2="%E5%B0%8F%E9%B3%A5%E9%81%8A%E7%B7%B4%E7%84%A1%32%31%E6%AD%B3" n3="%E9%A6%AC%E5%BC%95%E7%81%AB%33" dan="18,16,16,16" rate="2238.51,2106.50,2179.56,2141.40" sx="M,M,F,M"/><TAIKYOKU oya="0"/><INIT seed="0,0,0,0,5,98" ten="250,250,250,250" oya="0" hai0="35,53,117,121,47,105,12,34,33,8,31,104,85" hai1="1,40,11,38,92,72,56,74,111,45,116,58,78" hai2="91,27,59,89,95,99,129,69,5,94,22,87,93" hai3="37,39,67,55,96,29,16,82,83,128,21,62,109"/><T49/><D117/><U76/><E116/><V108/><F69/><W7/><G109/><T14/><D121/><U88/><E111/><V123/><F108/><W43/><G128/><T84/><D31/><U135/><E135/><V64/><F129/><W57/><G7/><T23/><D23/><U110/><E110/><V13/><F123/><W90/><G29/><T131/><D131/><U77/><E1/><V107/><F5/><W73/><G67/><T101/><D14/><U115/><E11/><V50/><F13/><W122/><G122/><T30/><D30/><U126/><E126/><V41/><F41/><W0/><G0/><T113/><D113/><U18/><E18/><V3/><F3/><W2/><G2/><T119/><D119/><U102/><E102/><V32/><F32/><W103/><G73/><T106/><REACH who="0" step="1"/><D101/><REACH who="0" ten="240,250,250,250" step="2"/><U24/><E115/><V71/><F22/><W112/><G103/><T134/><D134/><U125/><E24/><V86/><F27/><W26/><G112/><T51/><D51/><U25/><E25/><V127/><F50/><W6/><G6/><AGARI ba="0,1" hai="6,8,12,33,34,35,47,49,53,84,85,104,105,106" machi="6" ten="50,9600,0" yaku="1,1,53,2" doraHai="98" doraHaiUra="80" who="0" fromWho="3" sc="240,106,250,0,250,0,250,-96" /><INIT seed="0,1,0,3,4,45" ten="346,250,250,154" oya="0" hai0="122,36,63,135,22,2,65,52,3,53,114,1,128" hai1="91,103,98,89,76,74,85,96,120,92,28,21,133" hai2="79,119,7,130,72,115,64,80,112,94,41,111,26" hai3="73,93,0,46,9,113,77,40,19,11,13,129,68"/><T24/><D114/><U39/><E39/><V44/><F111/><W51/><G113/><T70/><D122/><U134/><E28/><V87/><F130/><W127/><G129/><T62/><D128/><U124/><E21/><V110/><F110/><W42/><G127/><T71/><D36/><U81/><E120/><V100/><F119/><W66/><G93/><T35/><D35/><U118/><E118/><V88/><F64/><W107/><G107/><T54/><D135/><U102/><E124/><V47/><F47/><W108/><G108/><T29/><REACH who="0" step="1"/><D65/><REACH who="0" ten="336,250,250,154" step="2"/><U14/><E14/><V38/><F115/><W90/><G66/><T117/><D117/><U132/><E74/><V43/><F112/><W75/><G68/><AGARI ba="1,1" hai="1,2,3,22,24,29,52,53,54,62,63,68,70,71" machi="68" ten="50,12000,1" yaku="1,1,54,1,53,3" doraHai="45" doraHaiUra="33" who="0" fromWho="3" sc="336,133,250,0,250,0,154,-123" /><INIT seed="0,2,0,2,2,44" ten="469,250,250,31" oya="0" hai0="109,134,33,91,116,104,10,36,4,21,67,53,123" hai1="48,131,124,82,57,11,101,99,128,114,49,25,66" hai2="86,79,35,58,83,20,132,74,112,60,65,129,113" hai3="17,117,80,84,77,94,73,54,133,50,88,45,135"/><T90/><D116/><U14/><E124/><V23/><F132/><W41/><G117/><T24/><D123/><U69/><E69/><V61/><F35/><W98/><G17/><T34/><D104/><U97/><E114/><V122/><F122/><W37/><REACH who="3" step="1"/><G73/><REACH who="3" ten="469,250,250,21" step="2"/><T68/><D134/><U111/><E131/><V115/><F129/><W31/><G31/><T2/><D109/><U70/><E128/><V30/><F30/><W59/><AGARI ba="2,1" hai="37,41,45,50,54,59,77,80,84,88,94,98,133,135" machi="59" ten="30,8000,1" yaku="1,1,0,1,52,1,54,1,53,1" doraHai="44" doraHaiUra="95" who="3" fromWho="3" sc="469,-42,250,-22,250,-22,21,96" /><INIT seed="1,0,0,4,4,132" ten="427,228,228,117" oya="1" hai0="57,28,102,3,69,22,114,118,67,12,99,134,122" hai1="72,56,4,14,13,59,124,92,76,127,11,61,117" hai2="65,41,51,52,29,1,66,106,123,94,90,58,30" hai3="43,32,95,135,31,5,133,126,37,8,119,78,60"/><U39/><E117/><V89/><F106/><W27/><G95/><T80/><D3/><U87/><E39/><V18/><F1/><N who="3" m="47" /><G60/><T47/><D69/><U2/><E72/><V73/><F73/><W19/><G78/><T62/><D12/><U112/><E112/><V111/><F111/><W10/><G43/><T34/><D34/><U91/><E76/><V53/><F41/><W88/><G88/><N who="2" m="33897" /><F94/><W44/><G44/><T113/><D47/><U50/><E50/><N who="2" m="30999" /><F123/><W107/><G107/><T25/><D118/><U100/><E100/><V75/><F75/><W16/><G37/><T42/><D42/><U120/><E120/><V131/><F131/><W109/><G119/><T82/><D122/><U23/><E56/><N who="2" m="32831" /><F18/><N who="3" m="6699" /><G109/><T48/><D114/><U54/><E2/><V105/><F105/><W129/><G129/><T70/><D113/><U84/><E84/><V7/><F7/><W83/><G83/><T63/><D82/><U36/><E36/><V0/><F0/><W130/><G130/><T79/><D80/><U104/><E104/><V85/><F85/><W45/><G45/><T116/><D116/><U103/><E103/><V115/><F115/><W93/><G93/><T98/><D102/><U17/><AGARI ba="0,0" hai="4,11,13,14,17,23,54,59,61,87,91,92,124,127" machi="17" ten="30,6000,0" yaku="0,1,52,2" doraHai="132" who="1" fromWho="1" sc="427,-20,228,60,228,-20,117,-20" /><INIT seed="1,1,0,3,1,33" ten="407,288,208,97" oya="1" hai0="82,44,84,13,76,101,51,121,59,118,50,10,85" hai1="52,2,20,103,69,88,120,21,36,75,27,113,78" hai2="125,60,132,110,4,58,53,89,81,30,134,42,34" hai3="128,91,102,63,119,7,127,97,56,54,23,38,37"/><U14/><E113/><V106/><F106/><W47/><G127/><T123/><D118/><U111/><E120/><N who="0" m="46153" /><D101/><U24/><E36/><V6/><F125/><W15/><G119/><T107/><D107/><U19/><E69/><V25/><F42/><W5/><G128/><T105/><D105/><U79/><E111/><V133/><F110/><W67/><G91/><T64/><D85/><AGARI ba="1,0" hai="4,6,25,30,34,53,58,60,81,85,89,132,133,134" machi="85" ten="40,1300,0" yaku="20,1" doraHai="33" who="2" fromWho="0" sc="407,-16,288,0,208,16,97,0" /><INIT seed="2,0,0,4,3,62" ten="391,288,224,97" oya="2" hai0="7,119,53,0,58,45,74,117,118,51,94,67,84" hai1="71,31,28,83,48,11,85,27,129,54,128,101,100" hai2="60,30,61,120,133,36,127,5,82,1,124,90,64" hai3="8,33,69,35,3,80,111,43,110,77,112,113,63"/><V105/><F36/><W122/><G43/><T12/><D74/><U131/><E71/><V15/><F105/><W87/><G122/><T78/><D0/><U107/><E11/><V97/><F120/><W41/><G41/><T95/><D7/><U38/><E38/><V92/><F1/><W102/><G102/><T65/><D12/><U57/><E107/><V55/><F30/><W4/><G63/><N who="0" m="38135" /><D67/><U134/><E134/><V42/><F42/><W93/><G69/><T106/><D106/><U86/><E28/><V19/><F5/><W18/><G18/><T9/><D9/><U91/><REACH who="1" step="1"/><E85/><REACH who="1" ten="391,278,224,97" step="2"/><V108/><F133/><W68/><G68/><T20/><D20/><AGARI ba="0,1" hai="20,27,31,48,54,57,83,86,91,100,101,128,129,131" machi="20" ten="40,5200,0" yaku="1,1,2,1,19,1,53,0" doraHai="62" doraHaiUra="34" who="1" fromWho="0" sc="391,-52,278,62,224,0,97,0" /><INIT seed="3,0,0,2,5,17" ten="339,340,224,97" oya="3" hai0="33,50,10,7,102,96,74,13,49,111,97,22,100" hai1="15,126,11,18,73,103,71,120,57,77,127,24,107" hai2="64,84,134,43,86,69,66,90,28,58,12,39,83" hai3="110,53,56,68,124,109,75,37,30,79,32,104,47"/><W80/><G68/><T93/><D74/><U5/><E71/><V105/><F69/><W82/><G104/><T20/><D33/><U61/><E120/><V85/><F105/><W14/><G124/><N who="1" m="47658" /><E77/><V128/><F128/><W112/><G112/><T87/><D111/><N who="3" m="42505" /><G82/><T106/><D87/><U40/><E40/><V99/><F43/><N who="3" m="23023" /><G14/><T16/><D22/><N who="1" m="13399" /><E73/><V62/><F12/><AGARI ba="0,0" hai="7,10,12,13,16,20,49,50,93,96,97,100,102,106" machi="12" ten="30,3900,0" yaku="7,1,52,1,54,1" doraHai="17" who="0" fromWho="2" sc="339,39,340,0,224,-39,97,0" owari="378,47.8,340,14.0,185,-21.5,97,-40.3" /></mjloggm>