<mjloggm ver="2.3"><GO type="225" lobby="0"/><UN n0="%70%68%65%6E%6F%6D%65" n1="%73%68%75%6D%70" n2="%E8%B5%A4%E3%81%84%E8%9B%99%31%31" n3="%E3%81%82%E3%81%84%E3%81%82%E3%81%8A%E3%81%84" dan="16,16,16,18" rate="2191.84,2126.54,2092.08,2239.96" sx="M,M,M,M"/><TAIKYOKU oya="0"/><INIT seed="0,0,0,3,2,58" ten="250,250,250,250" oya="0" hai0="71,23,109,118,44,98,43,127,19,81,10,17,42" hai1="117,135,89,100,99,50,0,115,110,30,112,3,47" hai2="32,119,35,63,123,132,61,66,79,90,104,52,83" hai3="2,78,128,46,120,55,70,93,97,22,45,126,51"/><T20/><D118/><U56/><E110/><V1/><F119/><W33/><G33/><T124/><D71/><U64/><E135/><V34/><F123/><W131/><G2/><T38/><D43/><U26/><E89/><V84/><F132/><W4/><G4/><T122/><D122/><U76/><E76/><V15/><F1/><W111/><G120/><T59/><D109/><U48/><E0/><V40/><F40/><W130/><G111/><T18/><D10/><U87/><E87/><V95/><F104/><W103/><G126/><N who="0" m="48171" /><D98/><U77/><E77/><V60/><F15/><W91/><G70/><T108/><D108/><U7/><E7/><V54/><REACH who="2" step="1"/><F66/><REACH who="2" ten="250,250,240,250" step="2"/><W102/><G78/><T88/><D59/><U8/><E3/><V12/><F12/><W94/><G46/><T29/><D29/><U6/><E117/><V28/><F28/><W92/><G22/><T39/><D38/><U41/><E115/><V113/><F113/><W105/><REACH who="3" step="1"/><G103/><REACH who="3" ten="250,250,240,240" step="2"/><T68/><D68/><U49/><E112/><V65/><F65/><W21/><G21/><T36/><D36/><U53/><E64/><V16/><F16/><W96/><AGARI ba="0,2" hai="45,51,55,91,92,93,94,96,97,102,105,128,130,131" machi="96" ten="40,5200,0" yaku="1,1,0,1,19,1,53,0" doraHai="58" doraHaiUra="134" who="3" fromWho="3" sc="250,-26,250,-13,240,-13,240,72" /><INIT seed="1,0,0,0,2,65" ten="224,237,227,312" oya="1" hai0="58,23,38,63,113,3,15,134,80,82,86,88,118" hai1="115,29,117,53,108,78,90,20,17,75,69,42,5" hai2="109,121,37,47,6,95,40,67,133,74,101,31,103" hai3="119,110,64,43,97,18,130,123,7,57,111,68,79"/><U56/><E117/><V32/><F121/><W112/><G123/><T16/><D118/><U49/><E115/><V77/><F133/><W126/><G119/><T27/><D113/><U22/><E5/><V92/><F109/><W45/><G112/><T122/><D122/><U34/><E34/><V70/><F6/><W100/><G126/><T94/><D134/><U1/><E1/><V35/><F74/><W99/><G130/><T135/><D135/><U128/><E128/><V129/><F77/><W66/><G7/><T124/><D3/><U91/><E108/><V125/><F129/><W127/><G79/><T36/><D124/><U10/><E69/><V33/><F31/><W25/><G57/><T44/><D44/><N who="1" m="25751" /><E78/><V102/><REACH who="2" step="1"/><F125/><REACH who="2" ten="224,237,217,312" step="2"/><W84/><G127/><T48/><D48/><N who="1" m="30759" /><E75/><V9/><F9/><W30/><G111/><T61/><D61/><AGARI ba="0,1" hai="32,33,35,37,40,47,61,67,70,92,95,101,102,103" machi="61" ten="50,8000,1" yaku="1,1,52,1,53,3" doraHai="65" doraHaiUra="28" who="2" fromWho="0" sc="224,-80,237,0,217,90,312,0" /><INIT seed="2,0,0,4,2,75" ten="144,237,307,312" oya="2" hai0="26,78,99,11,9,93,58,98,57,112,76,49,72" hai1="61,88,23,1,70,3,33,21,80,87,132,19,68" hai2="40,105,89,91,64,121,28,53,86,43,113,22,67" hai3="77,108,104,44,123,51,69,55,84,128,101,52,94"/><V125/><F113/><W5/><G123/><T134/><D112/><U62/><E33/><V106/><F121/><W65/><G108/><T38/><D38/><U29/><E132/><V0/><F0/><W119/><G119/><T100/><D134/><U92/><E1/><V107/><F53/><W8/><G128/><T79/><D72/><U31/><E3/><V131/><F131/><W14/><G104/><T13/><D26/><U12/><E70/><V50/><F125/><W63/><G101/><T83/><D83/><U95/><E68/><V90/><F86/><W81/><G94/><N who="1" m="35882" /><E23/><V7/><F7/><W36/><G36/><T48/><D99/><U18/><E18/><V35/><F35/><W73/><G73/><T42/><D9/><U56/><E62/><V115/><F115/><W32/><G32/><T122/><D122/><U74/><E74/><V118/><F118/><W25/><G25/><T127/><D127/><U15/><E15/><V60/><F50/><N who="0" m="19562" /><D42/><AGARI ba="0,0" hai="5,8,14,42,44,51,52,55,63,65,69,77,81,84" machi="42" ten="30,8000,1" yaku="7,1,25,2,52,1,54,1" doraHai="75" who="3" fromWho="0" sc="144,-80,237,0,307,0,312,80" /><INIT seed="3,0,0,5,4,54" ten="64,237,307,392" oya="3" hai0="82,121,110,19,134,21,34,20,10,111,4,104,32" hai1="50,64,114,95,25,115,66,99,109,65,117,3,12" hai2="119,86,100,57,26,16,79,76,71,29,1,52,92" hai3="36,24,125,78,28,97,6,37,60,67,43,40,51"/><W22/><G125/><T126/><D82/><U127/><E3/><V27/><F1/><W58/><G6/><T13/><D104/><U63/><E109/><V53/><F71/><W42/><G78/><T14/><D121/><U48/><E127/><V123/><F119/><W120/><G120/><T89/><D89/><U129/><E129/><V45/><F45/><W108/><G108/><T46/><D46/><U8/><E25/><N who="2" m="9227" /><F29/><W0/><G0/><T30/><D126/><U70/><E117/><V118/><F53/><W49/><REACH who="3" step="1"/><G97/><REACH who="3" ten="64,237,307,382" step="2"/><T73/><D73/><U91/><E115/><V44/><F123/><W101/><G101/><T33/><D134/><U106/><E114/><V130/><F130/><W62/><G62/><T96/><D96/><U72/><E63/><V7/><F7/><W112/><G112/><T132/><D132/><U41/><E99/><V15/><F118/><W105/><G105/><T98/><D98/><N who="1" m="57727" /><E106/><V103/><F103/><W87/><G87/><T84/><D84/><U128/><E72/><V69/><F100/><W94/><G94/><T56/><D56/><U133/><E128/><V23/><F92/><W122/><G122/><T55/><D55/><U135/><E135/><V61/><F86/><W59/><G59/><T81/><D81/><U68/><E133/><V85/><F85/><W5/><G5/><T131/><D131/><U18/><E70/><V80/><F69/><W124/><G124/><T107/><REACH who="0" step="1"/><D107/><REACH who="0" ten="54,237,307,382" step="2"/><U102/><E102/><V9/><F80/><W2/><G2/><T90/><D90/><U93/><E68/><V113/><F57/><RYUUKYOKU ba="0,2" sc="54,15,237,-15,307,-15,382,15" hai0="4,10,13,14,19,20,21,30,32,33,34,110,111" hai3="22,24,28,36,37,40,42,43,49,51,58,60,67" owari="69,-43.1,222,-17.8,292,9.2,417,51.7" /></mjloggm>