<mjloggm ver="2.3"><GO type="169" lobby="0"/><UN n0="%E3%81%B1%E3%82%93%E3%81%AA%E3%81%93%E3%81%BE%E3%81%A3%E3%81%9F" n1="%E6%B2%B3%E7%AB%A5%E3%81%AE%E3%83%AF%E3%82%AB%E3%83%9E%E3%83%84" n2="%E9%98%BF%E9%83%A8%E5%AF%9B%EF%BC%A0%E9%B3%B3%E5%8D%93" n3="%E3%83%AA%E3%83%B3%E3%83%8D%E3%83%B3" dan="17,17,16,16" rate="2218.95,2193.72,2122.02,2107.14" sx="M,M,F,M"/><TAIKYOKU oya="0"/><INIT seed="0,0,0,3,2,62" ten="250,250,250,250" oya="0" hai0="66,76,109,37,103,70,112,45,101,9,133,72,119" hai1="28,130,104,124,61,14,24,107,18,63,30,27,51" hai2="80,77,12,74,11,85,71,122,57,21,56,60,121" hai3="52,55,33,108,84,132,16,128,117,102,50,36,31"/><T58/><D112/><U22/><E130/><V114/><F21/><W2/><G117/><T67/><D119/><U120/><E124/><V69/><F114/><W32/><G36/><T111/><D133/><U17/><E51/><V134/><F134/><W20/><G132/><T86/><D70/><U40/><E40/><V39/><F39/><W73/><G73/><T125/><D125/><U93/><E93/><V96/><F96/><W64/><G2/><T98/><D72/><U88/><E120/><V129/><F129/><W25/><G108/><N who="0" m="41547" /><D58/><U89/><REACH who="1" step="1"/><E22/><REACH who="1" ten="250,240,250,250" step="2"/><V59/><F121/><W7/><G128/><T79/><D103/><U10/><E10/><V127/><F122/><W91/><G102/><T83/><D9/><U44/><E44/><V26/><F127/><W126/><G126/><T46/><D79/><U15/><AGARI ba="0,1" hai="14,15,17,18,24,27,28,30,61,63,88,89,104,107" machi="15" ten="25,8000,1" yaku="1,1,0,1,22,2,54,1,53,0" doraHai="62" doraHaiUra="82" who="1" fromWho="1" sc="250,-40,240,90,250,-20,250,-20" /><INIT seed="1,0,0,2,4,0" ten="210,330,230,230" oya="1" hai0="32,51,91,130,20,33,127,112,40,72,7,6,106" hai1="60,53,125,94,1,77,57,75,24,103,23,5,44" hai2="116,102,86,21,39,128,49,19,114,107,92,56,48" hai3="41,70,43,117,54,4,59,3,47,99,9,96,98"/><U38/><E125/><V88/><F116/><W15/><G70/><T95/><D106/><U50/><E38/><V108/><F39/><W14/><G117/><T135/><D112/><U110/><E110/><V83/><F108/><W8/><G47/><N who="0" m="26087" /><D72/><U52/><E77/><V27/><F114/><W22/><G22/><T67/><D127/><U26/><E75/><V104/><F128/><W131/><G131/><T42/><D130/><U30/><E24/><V62/><F104/><W17/><REACH who="3" step="1"/><G3/><REACH who="3" ten="210,330,230,220" step="2"/><T133/><D33/><U58/><E44/><V36/><F36/><W18/><G18/><T111/><D32/><U71/><E71/><V80/><F107/><W101/><G101/><T87/><D111/><U105/><E105/><V134/><F134/><N who="0" m="51210" /><D42/><U69/><E69/><V74/><F102/><W100/><G100/><T85/><D20/><U118/><E118/><V113/><F113/><W12/><G12/><T90/><D67/><U122/><E1/><V13/><F13/><W73/><G73/><T82/><AGARI ba="0,1" hai="6,7,82,85,87,90,91,95" m="51210,26087" machi="82" ten="30,4000,0" yaku="20,1,52,2" doraHai="0" who="0" fromWho="0" sc="210,50,330,-20,230,-10,220,-10" /><INIT seed="2,0,0,4,5,112" ten="260,310,220,210" oya="2" hai0="107,114,127,62,60,68,3,101,75,115,12,67,1" hai1="26,34,90,9,20,29,72,135,6,42,57,118,54" hai2="28,74,123,18,17,11,30,82,63,33,35,132,43" hai3="128,2,104,19,103,83,73,21,24,97,40,32,119"/><V93/><F43/><W25/><G2/><T64/><D75/><U94/><E135/><V5/><F63/><W70/><G70/><T99/><D127/><U14/><E72/><V47/><F47/><W100/><G128/><T98/><D12/><U31/><E42/><V129/><F93/><W91/><G103/><T120/><D120/><U89/><E118/><V23/><F82/><W86/><G40/><T80/><D80/><U108/><E108/><V16/><F74/><W65/><G65/><T124/><D124/><U22/><E31/><N who="2" m="11819" /><F123/><W121/><G121/><T4/><D4/><U116/><E116/><V44/><F44/><W92/><G32/><N who="2" m="12361" /><F132/><W106/><G106/><T96/><D96/><U77/><E77/><V59/><F59/><W46/><G46/><T45/><D45/><U95/><E94/><V85/><F85/><W113/><G119/><T111/><D111/><U52/><E89/><V81/><F81/><W8/><G113/><T131/><D131/><U49/><REACH who="1" step="1"/><E54/><REACH who="1" ten="260,300,220,210" step="2"/><V10/><F129/><W27/><G73/><T37/><D37/><U133/><E133/><V117/><F117/><W79/><G79/><T66/><D66/><U76/><E76/><V56/><F56/><W61/><G104/><T110/><D110/><U41/><E41/><V109/><F109/><W125/><G125/><T71/><D107/><U51/><E51/><V105/><F105/><W38/><G38/><T13/><D101/><U88/><E88/><V50/><F50/><W122/><G122/><T134/><D134/><U126/><E126/><V53/><F53/><W84/><G91/><RYUUKYOKU ba="0,1" sc="260,15,300,15,220,-15,210,-15" hai0="1,3,13,60,62,64,67,68,71,98,99,114,115" hai1="6,9,14,20,22,26,29,34,49,52,57,90,95" /><INIT seed="3,1,1,1,1,41" ten="275,315,205,195" oya="3" hai0="84,18,17,111,9,22,35,8,97,46,15,51,90" hai1="105,42,68,103,48,130,95,107,104,52,125,127,126" hai2="13,58,40,44,57,43,79,93,98,72,33,122,89" hai3="91,29,64,53,21,34,118,70,45,110,82,101,113"/><W81/><G113/><T39/><D111/><U32/><E130/><V55/><F33/><W108/><G118/><T62/><D35/><U59/><E32/><V86/><F72/><W26/><G101/><T134/><D134/><U30/><E30/><V69/><F69/><W71/><G34/><T47/><D39/><U121/><E121/><V25/><F122/><W132/><G132/><T63/><D97/><U80/><E68/><V76/><F25/><W24/><G24/><T10/><D18/><U66/><E66/><V116/><F116/><W50/><G71/><T77/><D77/><N who="2" m="29770" /><F13/><W117/><G117/><T7/><D7/><U123/><E123/><V78/><F44/><N who="0" m="16938" /><D51/><U87/><E42/><N who="2" m="15915" /><F55/><W23/><G70/><T131/><D131/><U36/><E36/><V60/><F60/><W49/><G64/><T6/><D6/><U112/><E112/><V135/><F135/><W96/><G50/><T67/><D67/><U38/><E38/><V88/><F78/><W11/><G29/><T73/><D73/><U56/><E48/><V27/><F27/><W99/><G26/><T12/><D15/><U31/><E31/><V129/><F129/><W1/><G49/><T37/><D37/><U65/><E65/><V16/><F16/><W4/><G53/><T0/><D0/><U92/><E52/><V124/><F124/><W75/><G75/><T5/><D5/><U128/><E128/><V106/><F106/><W115/><G115/><T20/><D22/><N who="3" m="8201" /><G45/><T100/><D100/><U19/><E103/><V3/><F3/><W74/><G74/><T114/><D114/><RYUUKYOKU ba="1,1" sc="275,15,315,-15,205,15,195,-15" hai0="8,9,10,12,17,20,62,63,84,90" hai2="57,58,86,88,89,93,98" /><INIT seed="4,2,1,5,3,112" ten="290,300,220,180" oya="0" hai0="35,57,125,94,18,91,98,3,30,80,85,25,37" hai1="74,6,128,115,49,119,26,75,45,29,89,16,14" hai2="122,51,87,28,44,9,130,92,129,106,124,81,84" hai3="52,66,127,46,19,47,63,24,113,34,77,31,22"/><T111/><D125/><U67/><E128/><N who="2" m="49259" /><F124/><W123/><G127/><T17/><D111/><U33/><E119/><V131/><F106/><W40/><G113/><T64/><D37/><U100/><E115/><V102/><F122/><W118/><G118/><T5/><D3/><U108/><E108/><V117/><F131/><W43/><G123/><T76/><D5/><U90/><E6/><V20/><F117/><W55/><G77/><T65/><REACH who="0" step="1"/><D57/><REACH who="0" ten="280,300,220,180" step="2"/><U82/><E67/><AGARI ba="2,2" hai="17,18,25,30,35,64,65,67,76,80,85,91,94,98" machi="67" ten="40,3900,0" yaku="1,1,2,1,53,0" doraHai="112" doraHaiUra="110" who="0" fromWho="1" sc="280,65,300,-45,220,0,180,0" /><INIT seed="4,3,0,2,5,13" ten="345,255,220,180" oya="0" hai0="14,39,4,119,88,26,46,108,67,51,111,48,6" hai1="75,57,90,40,19,113,98,100,116,42,109,25,96" hai2="97,64,77,59,131,32,124,62,60,105,49,101,85" hai3="104,2,68,7,1,38,52,120,28,80,86,83,44"/><T92/><D119/><U89/><E75/><V127/><F32/><W55/><G120/><T99/><D67/><U112/><E109/><N who="0" m="42057" /><D26/><U117/><E57/><V47/><F131/><W43/><G68/><T107/><D107/><U66/><E66/><V33/><F33/><W110/><G110/><T93/><D39/><U118/><E25/><V132/><F132/><W30/><G104/><T70/><D70/><U5/><E5/><N who="0" m="2153" /><D46/><U65/><E65/><V41/><F62/><W130/><G130/><T54/><D54/><U31/><E31/><V74/><F74/><W16/><G28/><T106/><D106/><U17/><REACH who="1" step="1"/><E117/><REACH who="1" ten="345,245,220,180" step="2"/><V8/><F64/><W53/><G30/><T36/><D36/><U12/><E12/><V94/><F59/><W87/><G7/><T126/><D126/><U134/><E134/><V128/><F124/><W84/><REACH who="3" step="1"/><G16/><REACH who="3" ten="345,245,220,170" step="2"/><T0/><D0/><AGARI ba="3,2" hai="0,1,2,38,43,44,52,53,55,80,83,84,86,87" machi="0" ten="50,6400,0" yaku="1,1,2,1,54,1,53,0" doraHai="13" doraHaiUra="45" who="3" fromWho="0" sc="345,-73,245,0,220,0,170,93" /><INIT seed="5,0,0,0,0,41" ten="272,245,220,263" oya="1" hai0="45,109,0,106,95,121,96,107,81,56,71,129,36" hai1="102,61,84,97,62,26,127,65,12,122,15,68,87" hai2="116,118,2,67,59,89,42,23,29,104,5,117,131" hai3="125,83,112,18,128,126,82,63,86,98,40,27,22"/><U43/><E122/><V52/><F131/><W94/><G128/><T14/><D71/><U75/><E75/><V88/><F104/><W13/><G112/><T133/><D0/><U120/><E120/><V49/><F2/><W3/><G3/><T76/><D121/><U34/><E127/><N who="3" m="48650" /><G63/><T64/><D129/><U119/><E119/><V100/><F100/><N who="3" m="60503" /><G40/><T79/><D109/><U132/><E132/><V93/><F67/><W48/><G48/><T123/><D123/><U134/><E134/><V37/><F5/><W50/><G50/><T28/><D133/><U33/><E43/><V30/><F23/><N who="3" m="11727" /><G86/><T90/><D36/><U103/><E97/><V101/><F101/><W135/><G135/><T72/><D72/><U78/><E68/><V21/><F21/><W39/><G39/><T124/><D124/><U114/><E65/><V74/><F74/><W32/><G32/><T9/><D64/><U24/><REACH who="1" step="1"/><E114/><REACH who="1" ten="272,235,220,263" step="2"/><V19/><F42/><W105/><G105/><T47/><D107/><U20/><E20/><V92/><F37/><W111/><G111/><T91/><D106/><U7/><E7/><V70/><F70/><W10/><G10/><T46/><D96/><U17/><E17/><AGARI ba="0,1" hai="17,22,27,82,83" m="11727,60503,48650" machi="17" ten="30,1000,0" yaku="18,1" doraHai="41" who="3" fromWho="1" sc="272,0,235,-10,220,0,263,20" /><INIT seed="6,0,0,1,2,86" ten="272,225,220,283" oya="2" hai0="77,65,2,94,13,67,20,123,76,101,64,43,49" hai1="48,11,36,104,78,66,109,130,82,70,110,14,102" hai2="90,100,113,45,134,125,84,18,59,15,74,4,40" hai3="87,32,22,51,47,127,135,108,118,75,98,23,34"/><V3/><F113/><W69/><G75/><T29/><D2/><U128/><E36/><V81/><F125/><W6/><G108/><T80/><D123/><U120/><E48/><V117/><F134/><W97/><G118/><T114/><D114/><U129/><E120/><V54/><F117/><W133/><G69/><T33/><D33/><U107/><E66/><V124/><F124/><W25/><G6/><T116/><D116/><U24/><E70/><V19/><F100/><W61/><G61/><T79/><D80/><U41/><E41/><V122/><F122/><W85/><G51/><T7/><D101/><U132/><E24/><V44/><F3/><W103/><G103/><T55/><D43/><U96/><E132/><V105/><F105/><N who="1" m="40521" /><E14/><V39/><F74/><W92/><G127/><T95/><D29/><U91/><E11/><N who="2" m="4583" /><F39/><W58/><G25/><T12/><D12/><U37/><E37/><V83/><F83/><W57/><G92/><T71/><D71/><U106/><E91/><V89/><F90/><W112/><G112/><T93/><D20/><U5/><E5/><V46/><F40/><W38/><G38/><T31/><D31/><U63/><E63/><AGARI ba="0,0" hai="18,19,44,45,46,54,59,63,81,84,89" m="4583" machi="63" ten="30,2900,0" yaku="8,1,52,1" doraHai="86" who="2" fromWho="1" sc="272,0,225,-29,220,29,283,0" /><INIT seed="6,1,0,3,0,113" ten="272,196,249,283" oya="2" hai0="90,93,41,17,2,91,29,89,65,95,69,85,116" hai1="88,66,14,61,20,7,97,132,78,46,37,39,125" hai2="114,51,25,38,82,12,13,92,105,42,54,112,36" hai3="126,31,119,0,43,60,52,16,15,86,67,8,72"/><V45/><F105/><W48/><G72/><T24/><D2/><U80/><E132/><V59/><F92/><W83/><G119/><T117/><D41/><U81/><E125/><V70/><F25/><W62/><G0/><T134/><D134/><U129/><E129/><V74/><F82/><W30/><G43/><T106/><D106/><U56/><E46/><V84/><F84/><W63/><G67/><T135/><D135/><U27/><E14/><V76/><F76/><N who="3" m="46439" /><G126/><T18/><D65/><U118/><E7/><V22/><F74/><W34/><G34/><T49/><D49/><U122/><E122/><V58/><F22/><W26/><G26/><T57/><D57/><AGARI ba="1,0" hai="8,15,16,30,31,48,52,57,60,62,63" m="46439" machi="57" ten="30,3900,0" yaku="8,1,54,2" doraHai="113" who="3" fromWho="0" sc="272,-42,196,0,249,0,283,42" /><INIT seed="7,0,0,5,2,125" ten="230,196,249,325" oya="3" hai0="49,124,21,28,25,101,41,15,53,14,135,58,128" hai1="92,119,10,50,55,80,59,112,88,9,83,84,62" hai2="123,69,94,96,12,107,30,1,42,71,51,65,20" hai3="46,6,117,5,118,79,102,66,72,111,17,22,27"/><W4/><G111/><T68/><D68/><U13/><E112/><V104/><F1/><W129/><G129/><T90/><D128/><U105/><E105/><V0/><F0/><W127/><G127/><T93/><D124/><U109/><E109/><V85/><F85/><W57/><G102/><T56/><D135/><U74/><E119/><V130/><F65/><W134/><G134/><T77/><D77/><U37/><E37/><V32/><F32/><W39/><G66/><T19/><D41/><U8/><E74/><V23/><F12/><W54/><G46/><T97/><D58/><U33/><E33/><V81/><F81/><W87/><G39/><T99/><D99/><U78/><E78/><V34/><F96/><W114/><G114/><T122/><D122/><U16/><REACH who="1" step="1"/><E62/><REACH who="1" ten="230,186,249,325" step="2"/><V131/><F34/><W26/><G72/><T61/><D61/><U44/><E44/><V120/><F104/><W75/><G75/><T116/><D116/><U91/><E91/><V86/><F107/><W43/><G118/><T29/><D90/><U89/><E89/><V73/><F73/><W82/><G117/><T64/><D64/><U113/><E113/><V40/><F123/><W2/><G79/><T48/><D48/><U100/><E100/><V60/><F120/><W31/><G2/><T24/><D101/><U98/><E98/><V70/><F130/><W11/><G87/><T47/><D97/><U126/><E126/><V38/><F131/><W103/><G103/><T108/><D108/><U76/><E76/><V7/><F38/><W3/><G3/><T35/><D35/><RYUUKYOKU ba="0,1" sc="230,-10,186,30,249,-10,325,-10" hai1="8,9,10,13,16,50,55,59,80,83,84,88,92" owari="220,-18.0,216,-28.4,239,3.9,325,42.5" /></mjloggm>