<mjloggm ver="2.3"><GO type="169" lobby="0"/><UN n0="%E3%83%A9%E3%83%9E%E3%83%BC%E7%9A%87%E5%AD%90" n1="%E9%BB%92%E6%B2%A2%E7%BE%A9%E6%98%8E" n2="%63%2E%63%2D%76%2E%76" n3="%E3%82%B5%E3%83%AF%E3%83%B3%E3%82%B3%E3%83%95" dan="19,17,17,16" rate="2242.59,2194.68,2223.09,2199.55" sx="M,M,F,M"/><TAIKYOKU oya="0"/><INIT seed="0,0,0,5,4,15" ten="250,250,250,250" oya="0" hai0="134,17,39,24,41,98,111,25,58,32,20,126,47" hai1="107,119,29,110,52,66,103,7,56,115,68,102,27" hai2="49,21,18,23,89,94,6,77,79,38,88,81,62" hai3="65,90,14,42,51,54,86,130,30,22,105,133,93"/><T101/><D126/><U26/><E119/><V87/><F38/><W63/><G105/><T80/><D134/><U36/><E36/><V97/><F6/><W13/><G42/><T1/><D1/><U113/><E110/><V60/><F49/><W12/><G130/><T129/><D129/><U59/><E7/><V78/><REACH who="2" step="1"/><F23/><REACH who="2" ten="250,250,240,250" step="2"/><W50/><G133/><T72/><D111/><U46/><E113/><V53/><F53/><W55/><G50/><T95/><D32/><U64/><E52/><V84/><F84/><W82/><G51/><T45/><D45/><U3/><E115/><V40/><F40/><W35/><G35/><T33/><D33/><U4/><E4/><V11/><F11/><W114/><G114/><T61/><D72/><U131/><E46/><V9/><F9/><W127/><G127/><T16/><D80/><U2/><E131/><V70/><F70/><W124/><G124/><T121/><D121/><U92/><E68/><V100/><F100/><W37/><G37/><T96/><D96/><U57/><E57/><V69/><F69/><W117/><G117/><T108/><D108/><U85/><E85/><V116/><F116/><W8/><G8/><T67/><REACH who="0" step="1"/><D24/><AGARI ba="0,1" hai="18,21,24,60,62,77,78,79,81,87,88,89,94,97" machi="24" ten="40,8000,1" yaku="1,1,8,1,52,1,54,1,53,0" doraHai="15" doraHaiUra="120" who="2" fromWho="0" sc="250,-80,250,0,240,90,250,0" /><INIT seed="1,0,0,3,5,110" ten="170,250,330,250" oya="1" hai0="75,3,130,67,50,25,72,99,73,113,78,44,94" hai1="23,40,20,128,69,74,33,54,129,116,43,6,79" hai2="18,48,127,11,121,63,32,13,53,119,70,76,103" hai3="93,36,134,2,96,125,111,5,10,82,81,114,102"/><U108/><E116/><V47/><F119/><W62/><G111/><T100/><D130/><N who="1" m="50283" /><E108/><V117/><F121/><W12/><G36/><T8/><D67/><U21/><E33/><V37/><F117/><W57/><G134/><T112/><D78/><U29/><E29/><V105/><F127/><W0/><G125/><T61/><D61/><U131/><E131/><V68/><F32/><W14/><G114/><T80/><D80/><N who="1" m="45175" /><E69/><V90/><F76/><W98/><G98/><T16/><D3/><U41/><E54/><V133/><F133/><W46/><G46/><T107/><D107/><U7/><AGARI ba="0,0" hai="6,7,20,21,23,40,41,43" m="45175,50283" machi="7" ten="40,2100,0" yaku="19,1" doraHai="110" who="1" fromWho="1" sc="170,-7,250,21,330,-7,250,-7" /><INIT seed="1,1,0,4,4,96" ten="163,271,323,243" oya="1" hai0="134,52,82,113,102,59,66,44,55,87,40,91,41" hai1="106,108,90,81,57,118,69,36,100,125,64,23,70" hai2="2,112,74,76,21,128,97,25,135,9,35,8,124" hai3="93,30,53,31,29,18,60,101,109,115,117,6,3"/><U126/><E118/><V67/><F124/><N who="1" m="47721" /><E36/><V83/><F128/><W45/><G115/><T122/><D113/><U42/><E42/><V86/><F135/><W132/><G109/><T105/><D134/><U16/><E108/><V123/><F123/><W54/><G132/><T26/><D122/><U11/><E11/><V0/><F35/><W32/><G32/><T12/><D26/><N who="1" m="14695" /><E64/><V88/><F112/><W14/><G117/><T10/><D105/><U127/><N who="1" m="47729" /><U22/><DORA hai="48" /><E57/><V129/><F129/><W131/><G131/><T80/><D102/><U95/><E81/><V24/><F67/><W84/><G6/><N who="0" m="3159" /><D82/><U119/><E22/><V19/><F0/><W68/><G3/><T98/><D98/><N who="1" m="61719" /><E119/><V49/><F2/><W33/><G33/><T37/><D37/><U130/><E130/><V111/><F111/><W17/><G101/><T73/><D73/><U38/><E38/><V34/><F74/><W104/><G104/><T116/><D116/><U99/><AGARI ba="1,0" hai="69,70,90,95,99" m="61719,14695,47729" machi="99" ten="40,7800,0" yaku="18,1,52,1,54,1" doraHai="96,48" who="1" fromWho="1" sc="163,-27,271,81,323,-27,243,-27" /><INIT seed="1,2,0,4,5,40" ten="136,352,296,216" oya="1" hai0="10,110,72,127,82,117,130,52,88,8,53,86,28" hai1="19,135,111,114,30,57,133,55,42,91,132,0,120" hai2="66,12,24,45,90,115,73,56,11,131,109,79,101" hai3="43,7,44,49,71,26,126,107,113,58,5,16,15"/><U99/><E114/><V75/><F109/><W78/><G113/><T2/><D117/><U67/><E120/><V121/><F121/><W65/><G126/><T64/><D110/><U32/><E111/><V76/><F131/><W116/><G71/><T23/><D130/><U35/><E0/><V27/><F101/><W37/><G107/><T129/><D129/><U97/><E67/><V118/><F118/><W22/><G116/><T59/><D72/><U38/><E19/><V89/><F115/><W48/><G37/><T94/><D127/><U13/><E13/><V18/><F73/><W70/><G70/><T3/><D3/><U103/><E91/><N who="2" m="34827" /><F45/><N who="3" m="25663" /><G78/><N who="2" m="29737" /><F75/><W36/><G36/><T105/><D105/><N who="1" m="63727" /><E30/><V125/><F125/><W85/><G85/><T87/><D87/><U95/><E95/><V39/><F39/><W100/><G100/><T41/><D94/><U46/><E99/><V62/><AGARI ba="2,0" hai="11,12,18,24,27,56,62,66" m="29737,34827" machi="62" ten="30,1100,0" yaku="8,1" doraHai="40" who="2" fromWho="2" sc="136,-5,352,-7,296,17,216,-5" /><INIT seed="2,0,0,3,2,131" ten="131,345,313,211" oya="2" hai0="130,103,92,54,44,43,70,120,56,121,132,108,116" hai1="83,48,98,32,46,34,134,37,31,94,36,63,33" hai2="47,110,58,75,99,112,133,69,79,12,97,11,62" hai3="107,111,13,122,8,3,49,89,65,40,67,74,126"/><V109/><F112/><W124/><G122/><T1/><D1/><U93/><E31/><V129/><F69/><W0/><G107/><T25/><D70/><U6/><E6/><V87/><F129/><W17/><G74/><T119/><D25/><U113/><E113/><V135/><F47/><N who="3" m="25831" /><G111/><N who="2" m="42505" /><F87/><W61/><G89/><T82/><D82/><U28/><E28/><V106/><F79/><W15/><G15/><T53/><D92/><U66/><E83/><V18/><F75/><W4/><G61/><N who="0" m="35983" /><D103/><U41/><E98/><N who="2" m="37387" /><F106/><W14/><G0/><T127/><D130/><U118/><E118/><N who="0" m="45097" /><D108/><U86/><E86/><V77/><F77/><W81/><G3/><T45/><D127/><N who="3" m="48681" /><G81/><T96/><D96/><U68/><E94/><V100/><F100/><W76/><G76/><T21/><D121/><U38/><REACH who="1" step="1"/><E93/><REACH who="1" ten="131,335,313,211" step="2"/><V91/><F91/><W52/><G4/><T57/><D120/><U42/><E42/><V105/><F105/><W80/><G80/><T16/><D43/><U2/><E2/><V27/><F27/><W71/><G13/><N who="0" m="9359" /><D132/><AGARI ba="0,1" hai="32,33,34,36,37,38,41,46,48,63,66,68,132,134" machi="132" ten="50,6400,0" yaku="1,1,52,2,53,0" doraHai="131" doraHaiUra="101" who="1" fromWho="0" sc="131,-64,335,74,313,0,211,0" /><INIT seed="3,0,0,1,4,126" ten="67,409,313,211" oya="3" hai0="108,18,19,34,110,64,117,46,1,56,4,2,72" hai1="6,111,25,42,133,73,65,135,94,49,61,98,83" hai2="123,132,45,59,70,120,24,71,47,99,62,121,28" hai3="74,48,69,107,97,14,101,75,52,27,57,32,51"/><W134/><G134/><N who="1" m="51210" /><E111/><N who="0" m="42537" /><D72/><U63/><E6/><V129/><F132/><W91/><G69/><N who="2" m="26121" /><F99/><W125/><G125/><T66/><D117/><U26/><E42/><V58/><F58/><W131/><G131/><T104/><D104/><U50/><E50/><V78/><F78/><W11/><G91/><T68/><D68/><N who="1" m="42031" /><E49/><V36/><F129/><W20/><G32/><T87/><D56/><U5/><E5/><V3/><F3/><N who="0" m="1034" /><D4/><U37/><E37/><V84/><F84/><W41/><G41/><T76/><D46/><U112/><E63/><V77/><F77/><W21/><G48/><T44/><D44/><U55/><E55/><N who="2" m="34175" /><F36/><W80/><G75/><T33/><D87/><U23/><E73/><V93/><F93/><W7/><REACH who="3" step="1"/><G27/><REACH who="3" ten="67,409,313,201" step="2"/><T38/><D38/><U127/><E26/><V8/><F120/><W86/><G86/><T114/><D76/><AGARI ba="0,1" hai="7,11,14,20,21,51,52,57,74,76,80,97,101,107" machi="76" ten="40,7700,0" yaku="1,1,54,1,53,1" doraHai="126" doraHaiUra="79" who="3" fromWho="0" sc="67,-77,409,0,313,0,201,87" owari="-10,-51.0,409,50.9,313,11.3,288,-11.2" /></mjloggm>