<mjloggm ver="2.3"><GO type="169" lobby="0"/><UN n0="%E6%81%8B%E3%81%AE%E3%81%86%E3%81%9F" n1="%64%69%76%61" n2="%E6%95%97%E5%8C%97%E8%80%85%E3%81%AD%E3%82%8B" n3="%E3%83%AD%E3%82%B7%E3%83%83%E3%83%84%E3%82%A1" dan="17,16,17,16" rate="2224.67,2070.56,2191.85,2009.20" sx="M,M,F,F"/><TAIKYOKU oya="0"/><INIT seed="0,0,0,2,1,30" ten="250,250,250,250" oya="0" hai0="105,55,97,83,18,111,39,58,72,80,100,110,90" hai1="95,86,41,10,16,37,71,68,133,4,25,120,6" hai2="5,73,22,51,99,12,87,106,127,66,64,15,67" hai3="65,62,46,27,84,104,118,116,117,38,94,44,45"/><T60/><D39/><U70/><E120/><V59/><F73/><W77/><G104/><T61/><D18/><U91/><E133/><V103/><F127/><W3/><G3/><T13/><D13/><U130/><E130/><V23/><F87/><W40/><G27/><T24/><D90/><U121/><E121/><V57/><F51/><W2/><G2/><T124/><D124/><U63/><E63/><V52/><F57/><W21/><G21/><T85/><D72/><U69/><N who="1" m="17408" /><DORA hai="113" /><U8/><E41/><V47/><F47/><W109/><G109/><N who="0" m="41483" /><D85/><U101/><E101/><V129/><F129/><W82/><REACH who="3" step="1"/><G94/><REACH who="3" ten="250,250,250,240" step="2"/><T93/><D105/><U115/><E115/><V108/><F108/><W76/><G76/><T125/><D125/><U11/><REACH who="1" step="1"/><E37/><REACH who="1" ten="250,240,250,240" step="2"/><V14/><F5/><W48/><G48/><N who="0" m="31079" /><D24/><U119/><E119/><V42/><F42/><W102/><G102/><T134/><D134/><U9/><N who="1" m="2048" /><DORA hai="49" /><U78/><E78/><V56/><F103/><W123/><G123/><T36/><D36/><U0/><E0/><V88/><F106/><W1/><G1/><T31/><D60/><U43/><E43/><V74/><F12/><W79/><G79/><T114/><D61/><U32/><E32/><V96/><F14/><W35/><G35/><T50/><D114/><U19/><E19/><V54/><F15/><W135/><G135/><T29/><D50/><U92/><E92/><V53/><F56/><AGARI ba="0,2" hai="38,40,44,45,46,56,62,65,77,82,84,116,117,118" machi="56" ten="40,8000,1" yaku="1,1,52,3,53,1" doraHai="30,113,49" doraHaiUra="33,81,128" who="3" fromWho="2" sc="250,0,240,0,250,-80,240,100" /><INIT seed="1,0,0,3,1,129" ten="250,240,170,340" oya="1" hai0="70,111,89,71,3,24,15,63,86,77,9,117,130" hai1="100,42,61,35,76,44,84,121,19,16,2,47,30" hai2="27,60,5,20,85,97,91,65,112,66,31,105,33" hai3="21,73,81,131,28,79,101,99,83,56,67,13,120"/><U38/><E121/><V114/><F66/><W32/><G32/><T135/><D117/><U95/><E2/><V53/><F53/><W134/><G131/><T29/><D111/><U110/><E110/><V10/><F20/><W51/><G83/><T103/><D77/><U92/><E61/><V116/><F116/><W36/><G36/><T75/><D75/><U55/><E95/><V41/><F41/><W88/><G88/><T115/><D115/><U90/><E76/><V102/><F85/><W107/><G120/><T94/><D3/><U132/><E100/><V104/><F104/><W11/><G21/><T125/><D125/><U98/><E98/><V62/><F62/><W34/><G28/><T12/><D70/><U74/><E74/><V6/><F91/><W59/><G34/><T127/><D127/><U45/><E45/><V122/><F122/><W106/><G67/><T82/><D71/><U37/><E37/><V57/><REACH who="2" step="1"/><F10/><REACH who="2" ten="250,240,160,340" step="2"/><W0/><G106/><T17/><D63/><U18/><E42/><V22/><F22/><W39/><G107/><T133/><D130/><U48/><E55/><V118/><F118/><W50/><G11/><T126/><D126/><U14/><E84/><V108/><F108/><W78/><G73/><T113/><D9/><U109/><E90/><V25/><F25/><W80/><G78/><T43/><D43/><U40/><E40/><V64/><F64/><W58/><G79/><T46/><D86/><U54/><E54/><V8/><F8/><W7/><G39/><T72/><D72/><U23/><E109/><V68/><F68/><RYUUKYOKU ba="0,1" sc="250,-10,240,-10,160,30,340,-10" hai2="5,6,27,31,33,57,60,65,97,102,105,112,114" /><INIT seed="2,1,1,0,5,71" ten="240,230,190,330" oya="2" hai0="96,19,90,16,99,7,134,106,50,131,92,30,48" hai1="42,100,75,8,95,54,115,45,74,135,47,120,56" hai2="69,119,65,15,39,116,112,94,107,61,2,122,113" hai3="111,49,72,98,5,28,89,102,103,59,124,125,1"/><V9/><F107/><W91/><G111/><T37/><D131/><U20/><E115/><N who="2" m="44107" /><F94/><W46/><G72/><T79/><D134/><U52/><E135/><V121/><F15/><W82/><G28/><T66/><D66/><U43/><E120/><N who="2" m="46187" /><F9/><N who="3" m="2223" /><G59/><T18/><D7/><U10/><E95/><V53/><F2/><W93/><G103/><T12/><D37/><U110/><E110/><V118/><F53/><N who="3" m="29879" /><G82/><T22/><D79/><U27/><E100/><V76/><F76/><W114/><G114/><T128/><D128/><U108/><E108/><V4/><F4/><W21/><G21/><T67/><D106/><U132/><E132/><V32/><F32/><W73/><G73/><T51/><D67/><U126/><E20/><V88/><F88/><W23/><G23/><T64/><D64/><U70/><E27/><V101/><F101/><W130/><G130/><T83/><D83/><U80/><E80/><V58/><F58/><W25/><G25/><N who="0" m="16695" /><D12/><U84/><E56/><V33/><F33/><W104/><G104/><T63/><D96/><U97/><E97/><V55/><F55/><W62/><G89/><T34/><D34/><U31/><E84/><V36/><AGARI ba="1,1" hai="36,39,61,65,69,116,118,119" m="46187,44107" machi="36" ten="40,12000,1" yaku="23,1,34,2,52,2" doraHai="71" who="2" fromWho="2" sc="240,-41,230,-41,190,133,330,-41" /><INIT seed="2,2,0,4,0,125" ten="199,189,323,289" oya="2" hai0="62,91,121,19,70,102,129,57,69,123,30,118,4" hai1="45,0,74,28,50,108,122,32,17,112,6,7,127" hai2="27,87,73,15,103,14,77,119,39,35,94,51,61" hai3="5,134,18,40,83,124,59,104,132,23,13,64,107"/><V82/><F119/><W34/><G34/><T78/><D78/><U49/><E112/><V8/><F39/><W101/><G124/><T33/><D102/><U11/><E127/><V41/><F61/><W26/><G40/><T16/><D4/><U58/><E108/><V31/><F73/><W90/><G101/><T135/><D135/><N who="3" m="51753" /><G64/><T96/><D30/><U67/><E74/><V25/><F25/><W22/><G59/><T68/><D33/><U3/><E122/><V63/><F63/><W133/><G133/><T115/><D115/><U24/><E67/><V52/><F41/><W84/><G5/><T53/><D118/><U126/><E126/><V71/><F71/><W65/><G65/><T79/><D79/><U37/><E37/><V9/><F103/><W1/><G1/><T131/><D96/><U55/><E6/><V117/><F117/><W120/><G120/><N who="0" m="46155" /><D91/><U81/><E0/><V89/><F8/><W38/><G38/><T47/><D47/><U114/><E114/><V116/><F116/><W76/><G90/><T130/><AGARI ba="2,0" hai="16,19,53,57,62,68,69,70,129,130,131" m="46155" machi="130" ten="50,8000,1" yaku="19,1,52,3,54,1" doraHai="125" who="0" fromWho="0" sc="199,86,189,-22,323,-42,289,-22" /><INIT seed="3,0,0,2,0,94" ten="285,167,281,267" oya="3" hai0="19,21,92,0,65,18,42,115,123,8,99,130,128" hai1="53,98,95,9,122,15,116,114,31,2,59,126,102" hai2="131,133,87,96,88,124,120,17,127,39,121,135,34" hai3="3,23,60,11,35,24,109,108,40,48,20,52,118"/><W51/><G118/><T107/><D123/><N who="2" m="47178" /><F34/><W91/><G35/><T44/><D107/><U100/><E114/><V103/><F39/><W26/><G40/><T32/><D65/><U84/><E122/><V4/><F17/><W45/><G48/><T101/><D32/><U89/><E116/><V66/><F4/><W134/><G134/><N who="2" m="51209" /><F66/><W78/><G78/><T58/><D58/><U41/><E126/><N who="2" m="48171" /><F131/><N who="0" m="50218" /><D115/><U70/><E70/><V112/><F112/><W47/><G47/><T55/><D55/><U61/><E2/><V33/><F33/><W50/><G50/><N who="0" m="26903" /><D21/><U13/><E41/><V63/><F63/><W77/><G60/><T5/><AGARI ba="0,0" hai="0,5,8,18,19,92,99,101" m="26903,50218" machi="5" ten="30,2000,0" yaku="19,1,52,1" doraHai="94" who="0" fromWho="0" sc="285,20,167,-5,281,-5,267,-10" /><INIT seed="4,0,0,4,1,52" ten="305,162,276,257" oya="0" hai0="112,41,117,103,69,47,33,6,120,60,16,51,53" hai1="17,99,115,85,18,0,59,26,119,45,34,95,89" hai2="39,130,55,37,129,25,46,74,9,86,65,40,57" hai3="10,105,91,5,15,106,68,71,30,118,61,44,54"/><T96/><D112/><U29/><E119/><V73/><F9/><W1/><G30/><T135/><D120/><U67/><E115/><V19/><F86/><W11/><G118/><T23/><D135/><U102/><E0/><V50/><F19/><W113/><G113/><T78/><D33/><U111/><E45/><N who="2" m="28111" /><F25/><W32/><G32/><T125/><D125/><U100/><E100/><V84/><F84/><W116/><G116/><T98/><D117/><U38/><E38/><N who="2" m="21783" /><F73/><W31/><G44/><T80/><D6/><U20/><E34/><V62/><F74/><W109/><G109/><T79/><D80/><U88/><E89/><V132/><F132/><W28/><G91/><T126/><D126/><U58/><E111/><V90/><F90/><W43/><G43/><T48/><D96/><U3/><E3/><V49/><F49/><W94/><G94/><T133/><D51/><U127/><E127/><V121/><F121/><W134/><G134/><T35/><D35/><U101/><E101/><V70/><F70/><W82/><G82/><T7/><D7/><U66/><E17/><V122/><F122/><W4/><G71/><T104/><D133/><U13/><E29/><V36/><AGARI ba="0,0" hai="36,37,39,57,62,65,129,130" m="21783,28111" machi="36" ten="40,5200,0" yaku="34,2,52,1" doraHai="52" who="2" fromWho="2" sc="305,-26,162,-13,276,52,257,-13" /><INIT seed="5,0,0,1,4,6" ten="279,149,328,244" oya="1" hai0="1,4,53,34,91,5,102,29,22,17,41,12,85" hai1="8,50,93,107,66,104,21,86,94,40,133,68,129" hai2="3,108,80,125,39,78,123,31,26,70,103,59,60" hai3="42,117,52,131,25,19,100,132,38,64,16,13,45"/><U62/><E129/><V63/><F123/><W27/><G132/><T43/><D102/><U90/><E133/><V49/><F108/><W77/><G64/><T28/><D34/><U89/><E21/><V35/><F39/><W83/><G117/><T37/><D37/><U30/><E30/><N who="0" m="11881" /><D1/><U11/><E40/><N who="0" m="15433" /><D53/><U135/><E50/><V76/><F3/><W56/><G100/><T130/><D130/><U51/><E51/><V98/><F70/><W36/><G36/><T82/><AGARI ba="0,0" hai="4,5,12,17,22,82,85,91" m="15433,11881" machi="82" ten="30,1100,0" yaku="8,1" doraHai="6" who="0" fromWho="0" sc="279,11,149,-5,328,-3,244,-3" /><INIT seed="6,0,0,0,2,126" ten="290,144,325,241" oya="2" hai0="106,122,82,81,57,54,41,35,133,100,80,20,101" hai1="67,49,113,135,85,83,73,25,91,53,38,96,9" hai2="119,46,63,2,58,72,93,74,24,89,105,59,10" hai3="48,51,128,32,19,12,109,117,124,115,11,114,40"/><V90/><F119/><W76/><G109/><T123/><D35/><U22/><E38/><V95/><F105/><W120/><G117/><T121/><D41/><U60/><E113/><N who="3" m="43018" /><G120/><T13/><D106/><U50/><E73/><V14/><F2/><W45/><G124/><T26/><D13/><U30/><E135/><V94/><F46/><W0/><G32/><T8/><D8/><U29/><E29/><V104/><F104/><W130/><G0/><T116/><D116/><U37/><E37/><V103/><F103/><W33/><G33/><T18/><REACH who="0" step="1"/><D133/><REACH who="0" ten="280,144,325,241" step="2"/><U134/><E134/><V27/><F72/><W6/><G6/><T77/><D77/><U16/><E53/><N who="2" m="34255" /><F74/><W44/><G76/><T99/><D99/><U65/><E96/><V42/><F42/><AGARI ba="0,1" hai="11,12,19,40,42,44,45,48,51,128,130" m="43018" machi="42" ten="30,7700,0" yaku="15,1,11,1,52,2" doraHai="126" who="3" fromWho="2" sc="280,0,144,0,325,-77,241,87" /><INIT seed="7,0,0,4,3,45" ten="280,144,248,328" oya="3" hai0="34,10,104,99,86,65,8,96,77,117,6,97,18" hai1="27,87,43,90,33,127,122,11,24,75,2,131,102" hai2="59,78,46,22,14,113,69,36,0,67,38,89,88" hai3="135,118,56,71,16,125,19,133,4,41,85,31,49"/><W7/><G71/><T98/><D34/><U30/><E75/><V15/><F69/><W5/><G118/><T83/><D117/><U121/><E102/><V64/><F0/><W25/><G125/><T12/><N who="0" m="24576" /><DORA hai="74" /><T105/><REACH who="0" step="1"/><D65/><REACH who="0" ten="270,144,248,328" step="2"/><U109/><E127/><V39/><F113/><W100/><G100/><T58/><D58/><U1/><E109/><V23/><F36/><W13/><G56/><T40/><D40/><U82/><E43/><V76/><F59/><W32/><G135/><T51/><D51/><U114/><E131/><V57/><F57/><W9/><G49/><T55/><D55/><U52/><E52/><V112/><F112/><W124/><G41/><T35/><D35/><U115/><E115/><V120/><F120/><W93/><G32/><T111/><D111/><U50/><E50/><V80/><F80/><W20/><G133/><T37/><D37/><U119/><E119/><V81/><F81/><W70/><G124/><T66/><D66/><U47/><E114/><V132/><F46/><W28/><G70/><T61/><D61/><U94/><E47/><V128/><F132/><W42/><G42/><T116/><D116/><U26/><E122/><V21/><F21/><W17/><G20/><T106/><D106/><U73/><E121/><V130/><AGARI ba="0,1" hai="14,15,22,23,38,39,64,67,76,78,88,89,128,130" machi="130" ten="25,12000,2" yaku="0,1,22,2,52,2,54,1" doraHai="45,74" who="2" fromWho="2" sc="270,-30,144,-30,248,130,328,-60" owari="240,-16.0,114,-38.6,378,47.8,268,6.8" /></mjloggm>