<mjloggm ver="2.3"><GO type="169" lobby="0"/><UN n0="%E5%B0%8F%E6%B3%89%E3%83%81%E3%83%AB%E3%83%89%E3%83%AC%E3%83%B3" n1="%E5%8D%B5%E3%81%8B%E3%81%91%E6%B6%85%E6%A7%83" n2="%E6%BB%9D%E6%9C%AC%E3%81%B2%E3%81%B5%E3%81%BF%EF%BC%81" n3="%73%61%6E%67%6F%64%64%6F" dan="16,16,16,17" rate="2097.43,2070.94,2174.13,2179.54" sx="M,M,M,M"/><TAIKYOKU oya="0"/><INIT seed="0,0,0,3,4,89" ten="250,250,250,250" oya="0" hai0="11,22,9,66,28,33,42,19,6,29,104,130,92" hai1="41,24,129,101,114,111,63,125,70,85,20,116,91" hai2="109,106,67,56,26,76,113,54,47,132,117,68,72" hai3="119,73,65,100,51,12,34,50,52,13,48,16,55"/><T3/><D130/><U98/><E116/><V61/><F113/><W94/><G119/><T102/><D104/><U115/><E129/><V105/><F117/><W93/><G73/><T37/><D37/><U103/><E111/><V17/><F109/><W121/><G121/><T77/><D42/><U1/><E1/><V5/><F132/><W96/><G34/><T60/><D77/><U82/><E125/><V133/><F133/><W57/><G12/><T69/><D11/><U43/><E70/><V30/><F5/><W126/><G126/><T79/><D79/><U122/><E122/><V128/><F128/><W39/><G39/><T46/><D46/><U27/><E63/><V32/><F47/><W112/><G112/><N who="1" m="43050" /><E24/><V45/><F45/><W10/><G93/><T108/><D33/><U90/><E90/><V59/><F17/><W110/><G110/><T86/><D108/><U78/><E103/><V99/><F68/><W88/><G100/><T97/><REACH who="0" step="1"/><D86/><REACH who="0" ten="240,250,250,250" step="2"/><U53/><E78/><V83/><REACH who="2" step="1"/><F99/><REACH who="2" ten="240,250,240,250" step="2"/><W2/><G2/><T44/><D44/><U7/><E98/><V40/><F40/><W75/><G75/><T31/><D31/><U120/><E41/><V80/><F80/><W71/><G71/><T81/><D81/><U18/><E43/><V23/><F23/><W124/><G124/><T134/><D134/><U62/><E120/><V14/><F14/><AGARI ba="0,2" hai="3,6,9,14,19,22,28,29,60,66,69,92,97,102" machi="14" ten="30,11600,0" yaku="1,1,7,1,52,1,53,1" doraHai="89" doraHaiUra="15" who="0" fromWho="2" sc="240,136,250,0,240,-116,250,0" /><INIT seed="0,1,0,4,3,0" ten="376,250,124,250" oya="0" hai0="91,122,100,14,61,58,112,128,45,86,27,8,115" hai1="113,93,36,104,29,95,19,87,34,107,133,41,47" hai2="13,101,71,89,126,121,66,57,90,79,59,105,30" hai3="10,38,118,51,46,69,60,75,55,120,123,40,7"/><T3/><D122/><U26/><E133/><V56/><F121/><N who="3" m="46667" /><G75/><T44/><D128/><U135/><E135/><V9/><F126/><W64/><G118/><T102/><D3/><U63/><E113/><V77/><F30/><W92/><G92/><T17/><D27/><U74/><E74/><V12/><F105/><W94/><G94/><N who="0" m="54647" /><D115/><U53/><E19/><V103/><F71/><W1/><G55/><N who="0" m="34015" /><D112/><U110/><E110/><V22/><F66/><W48/><AGARI ba="1,0" hai="1,7,10,38,40,46,48,51,60,64,69" m="46667" machi="48" ten="30,2000,0" yaku="13,1,52,1" doraHai="0" who="3" fromWho="3" sc="376,-11,250,-6,124,-6,250,23" /><INIT seed="1,0,0,0,4,40" ten="365,244,118,273" oya="1" hai0="122,28,111,34,7,77,51,53,5,10,33,16,116" hai1="86,83,124,112,12,62,128,38,29,87,30,101,17" hai2="68,104,37,27,84,52,119,61,121,35,78,39,47" hai3="82,14,18,113,85,63,90,79,99,120,126,24,89"/><U48/><E112/><V105/><F119/><W9/><G113/><T41/><D116/><U25/><E38/><V42/><F121/><W58/><G120/><T110/><D41/><U133/><E133/><V19/><F37/><W88/><G126/><T23/><D77/><U106/><E124/><V114/><F114/><W97/><REACH who="3" step="1"/><G24/><REACH who="3" ten="365,244,118,263" step="2"/><T102/><D122/><U94/><E25/><V2/><F2/><W1/><G1/><T32/><D110/><U50/><E128/><V11/><F35/><W59/><G59/><T96/><D111/><U13/><E106/><V117/><F117/><W6/><G6/><T125/><D7/><U43/><E12/><V108/><F108/><W81/><G81/><T75/><D5/><U67/><E83/><V70/><F104/><W100/><G100/><T129/><D102/><U22/><E101/><V95/><F105/><W115/><G115/><T118/><D34/><U71/><E48/><V131/><F131/><W46/><G46/><T76/><D33/><U15/><E15/><V45/><F68/><W107/><G107/><T3/><D51/><U21/><E50/><V65/><F27/><W55/><AGARI ba="0,1" hai="9,14,18,55,58,63,79,82,85,88,89,90,97,99" machi="55" ten="30,7900,0" yaku="1,1,0,1,8,1,54,1,53,0" doraHai="40" doraHaiUra="134" who="3" fromWho="3" sc="365,-20,244,-39,118,-20,263,89" /><BYE who="2" /><UN n2="%E6%BB%9D%E6%9C%AC%E3%81%B2%E3%81%B5%E3%81%BF%EF%BC%81" /><INIT seed="2,0,0,1,2,7" ten="345,205,98,352" oya="2" hai0="92,114,17,124,93,61,25,4,119,77,102,134,125" hai1="40,3,5,103,133,48,50,74,82,32,112,31,23" hai2="35,98,54,62,70,55,47,19,37,87,127,0,85" hai3="122,88,100,113,26,72,6,57,56,111,63,67,64"/><V80/><F127/><N who="0" m="48714" /><D114/><U117/><E112/><V120/><F120/><W129/><G113/><T90/><D134/><U27/><E117/><V52/><F35/><W76/><G111/><T79/><D4/><U121/><E133/><V104/><F0/><W130/><G122/><T46/><D119/><U107/><E121/><V13/><F80/><W89/><G100/><T97/><D46/><U126/><E126/><V20/><F104/><W45/><G76/><N who="0" m="29259" /><D61/><U43/><E74/><V118/><F98/><W101/><G101/><T91/><D92/><U96/><E82/><V66/><REACH who="2" step="1"/><F118/><REACH who="2" ten="345,205,88,352" step="2"/><W10/><G72/><T106/><D106/><U128/><E32/><V71/><F71/><W1/><G129/><T38/><D38/><U99/><E128/><V131/><F131/><W132/><G130/><T86/><D86/><U65/><E99/><V33/><F33/><W2/><G2/><T123/><D123/><U51/><E107/><V39/><F39/><W115/><G132/><T105/><D105/><U58/><E96/><V110/><F110/><W84/><G84/><T68/><D68/><U21/><E3/><V22/><F22/><AGARI ba="0,1" hai="17,22,25,90,91,93,97,102" m="29259,48714" machi="22" ten="30,1000,0" yaku="18,1" doraHai="7" who="0" fromWho="2" sc="345,20,205,0,88,-10,352,0" /><INIT seed="3,0,0,5,0,63" ten="365,205,78,352" oya="3" hai0="68,6,61,56,30,79,110,75,128,114,105,103,42" hai1="106,47,58,43,3,88,134,80,37,60,70,45,111" hai2="33,15,77,38,99,20,91,86,19,126,125,57,28" hai3="10,102,129,39,36,21,98,16,52,34,50,9,35"/><W26/><G129/><T121/><D121/><U2/><E106/><V89/><F38/><W100/><G39/><T32/><D128/><U27/><E111/><V5/><F33/><W12/><G36/><T104/><D110/><U74/><E134/><V82/><F28/><W64/><G64/><N who="0" m="40975" /><D42/><U29/><E70/><V119/><F119/><W122/><G122/><T53/><D6/><U67/><E45/><V94/><F5/><W76/><G76/><T71/><D71/><U48/><E37/><V132/><F132/><W8/><G12/><T41/><D41/><U72/><E72/><V31/><F31/><W92/><REACH who="3" step="1"/><G102/><REACH who="3" ten="365,205,78,342" step="2"/><T69/><D79/><U18/><E2/><V49/><REACH who="2" step="1"/><F77/><REACH who="2" ten="365,205,68,342" step="2"/><W127/><G127/><T66/><D114/><U54/><E3/><V4/><F4/><W14/><G14/><T22/><D103/><U1/><E1/><V44/><F44/><AGARI ba="0,2" hai="8,9,10,16,21,26,34,35,44,50,52,92,98,100" machi="44" ten="40,7700,0" yaku="1,1,54,2,53,0" doraHai="63" doraHaiUra="59" who="3" fromWho="2" sc="365,0,205,0,68,-77,342,97" owari="365,16.5,205,-19.5,-9,-50.9,439,53.9" /></mjloggm>