<mjloggm ver="2.3"><GO type="169" lobby="0"/><UN n0="%6E%61%67%61%69%6D%6F" n1="%62%61%6B%75%72%61%30%38" n2="%70%6F%6E%2D%65%6E" n3="%E6%A8%AA%E6%B5%9C%E3%81%AE%E3%81%B2%E3%82%88%E3%81%93" dan="16,17,16,16" rate="2121.66,2166.80,2119.39,2140.33" sx="M,M,F,M"/><TAIKYOKU oya="0"/><INIT seed="0,0,0,2,1,38" ten="250,250,250,250" oya="0" hai0="65,7,90,83,18,82,69,37,89,98,97,129,9" hai1="66,64,113,132,125,60,34,128,135,24,133,130,31" hai2="116,44,110,53,6,102,86,40,94,16,118,32,70" hai3="14,48,95,79,47,33,52,58,126,109,50,73,134"/><T119/><D119/><N who="2" m="45610" /><F110/><W105/><G109/><T124/><D69/><U100/><E100/><V77/><F32/><W74/><G134/><T57/><D18/><U115/><E66/><V30/><F30/><W23/><G126/><T111/><D124/><U45/><E45/><V76/><F6/><W101/><G33/><T21/><D21/><U127/><E127/><V84/><F53/><W51/><G105/><T104/><D111/><U91/><E91/><V85/><F70/><W25/><G14/><T35/><D35/><U0/><E125/><V131/><F131/><N who="1" m="50217" /><E0/><V10/><F102/><W88/><G101/><T8/><D129/><U112/><E64/><V123/><F94/><W54/><G50/><T49/><D37/><U122/><E60/><V71/><F71/><W36/><G79/><T72/><D104/><U20/><E34/><V13/><F123/><AGARI ba="0,0" hai="20,24,31,112,113,115,122,123,132,133,135" m="50217" machi="123" ten="50,8000,1" yaku="11,1,20,1,19,1,34,2" doraHai="38" who="1" fromWho="2" sc="250,0,250,80,250,-80,250,0" /><INIT seed="1,0,0,3,5,91" ten="250,330,170,250" oya="1" hai0="23,35,95,8,61,28,83,6,65,42,93,133,24" hai1="0,98,88,115,4,114,37,14,134,122,20,78,68" hai2="26,104,128,57,94,3,55,19,121,70,132,59,31" hai3="16,25,40,79,10,44,99,72,71,43,56,110,77"/><U62/><E122/><V80/><F104/><W63/><G110/><T30/><D133/><U108/><E37/><V41/><F70/><W129/><G129/><T49/><D83/><U103/><E134/><V106/><F3/><W17/><G71/><T73/><D73/><U85/><E0/><V87/><F106/><W67/><G40/><T53/><D42/><U34/><E34/><V60/><F132/><W116/><G116/><T66/><D30/><U126/><E78/><V32/><F128/><W47/><G47/><T97/><D35/><U90/><E126/><V124/><F124/><W33/><G72/><T9/><D97/><U101/><E90/><V82/><F121/><W84/><G84/><T131/><D131/><U29/><E108/><V100/><F41/><W75/><G75/><T76/><D76/><U89/><E89/><V22/><F87/><W5/><G99/><T118/><D118/><U105/><E101/><V135/><F135/><W36/><G17/><T7/><D61/><U38/><E38/><V119/><F119/><W107/><G107/><T130/><D130/><U48/><E48/><N who="2" m="30951" /><F19/><W2/><REACH who="3" step="1"/><G33/><REACH who="3" ten="250,330,170,240" step="2"/><T27/><D6/><U102/><E4/><V51/><F32/><W113/><G113/><T92/><D27/><N who="1" m="16615" /><E98/><N who="2" m="59479" /><F51/><W127/><G127/><T117/><D117/><U64/><E105/><V15/><F15/><W39/><G39/><T81/><D7/><U58/><E14/><V50/><F50/><W96/><G96/><T111/><D111/><U52/><E114/><V11/><F11/><W112/><G112/><T46/><D9/><U54/><E115/><RYUUKYOKU ba="0,1" sc="250,-15,330,-15,170,15,240,15" hai2="22,26,31,59,60,80,82" hai3="2,5,10,16,25,36,43,44,56,63,67,77,79" /><INIT seed="2,1,1,1,1,27" ten="235,315,185,255" oya="2" hai0="16,47,61,70,74,43,99,128,79,119,37,44,36" hai1="132,18,33,20,101,77,46,68,45,21,71,81,59" hai2="49,104,51,42,103,76,25,15,32,86,38,10,126" hai3="34,114,56,65,94,22,41,82,72,13,131,28,92"/><V54/><F126/><W48/><G131/><T5/><D128/><U127/><E33/><V31/><F104/><W17/><G114/><T62/><D119/><U73/><E127/><V60/><F103/><W1/><G1/><T110/><D5/><U135/><E101/><V69/><F38/><W120/><G120/><T115/><D115/><U107/><E107/><V130/><F42/><W55/><G65/><T116/><D116/><U9/><E9/><V52/><F130/><W24/><REACH who="3" step="1"/><G41/><REACH who="3" ten="235,315,185,245" step="2"/><T98/><D43/><U111/><E132/><V90/><F54/><W11/><G11/><T83/><D70/><U64/><E135/><V109/><F69/><W123/><G123/><T7/><D110/><U66/><E64/><V88/><F109/><W30/><G30/><T134/><D134/><U35/><E66/><V75/><F52/><W108/><G108/><T23/><D37/><U63/><E111/><V6/><F31/><W67/><G67/><T39/><D36/><U14/><E68/><V85/><F10/><W84/><G84/><T78/><D39/><U118/><E71/><V19/><F85/><W91/><G91/><T133/><D133/><U87/><E87/><V112/><F88/><W121/><G121/><T106/><D78/><AGARI ba="1,2" hai="13,17,22,24,28,34,48,55,56,72,78,82,92,94" machi="78" ten="40,2600,0" yaku="1,1,52,1,53,0" doraHai="27" doraHaiUra="2" who="3" fromWho="0" sc="235,-29,315,0,185,0,245,49" /><INIT seed="3,0,0,0,1,71" ten="206,315,185,294" oya="3" hai0="47,48,89,111,81,101,80,133,42,95,107,41,106" hai1="130,40,70,55,98,13,38,97,83,126,64,102,67" hai2="12,52,1,117,50,7,51,61,33,116,44,58,94" hai3="19,6,2,35,4,18,112,119,65,25,84,66,20"/><W21/><G112/><T15/><D133/><U74/><E126/><V110/><F1/><W113/><G113/><T82/><D111/><U75/><E130/><V54/><F33/><W28/><G119/><T16/><D41/><U36/><E40/><V109/><F94/><W78/><G78/><T59/><D59/><U68/><E13/><V34/><F34/><W100/><G100/><T105/><D101/><U62/><E55/><N who="2" m="34015" /><F12/><N who="3" m="9287" /><G84/><T115/><D115/><U118/><E118/><N who="2" m="45675" /><F7/><N who="3" m="2603" /><G66/><T123/><D123/><U124/><E124/><V92/><F92/><W9/><G65/><T30/><D30/><U79/><E74/><V69/><F69/><W134/><G134/><T29/><D29/><U11/><E11/><V88/><F88/><W14/><G2/><T32/><D32/><AGARI ba="0,0" hai="9,14,19,21,25,28,32,35" m="2603,9287" machi="32" ten="30,12000,1" yaku="35,5" doraHai="71" who="3" fromWho="0" sc="206,-120,315,0,185,0,294,120" /><INIT seed="3,1,0,1,0,67" ten="86,315,185,414" oya="3" hai0="85,62,9,24,82,127,57,81,72,1,27,16,64" hai1="14,124,5,106,25,96,109,71,26,89,43,105,3" hai2="66,55,84,48,47,34,50,18,45,133,103,122,36" hai3="95,35,41,112,126,68,120,129,135,0,83,42,99"/><W20/><G112/><T58/><D127/><U12/><E109/><V23/><F133/><W118/><G118/><T65/><D72/><U121/><E121/><V49/><F122/><W91/><G120/><T111/><D111/><U15/><E124/><V100/><F34/><W54/><G126/><T40/><D40/><U56/><E43/><V4/><F4/><W29/><G135/><T6/><D27/><U119/><E3/><V131/><F131/><W7/><G68/><T104/><D104/><U92/><E5/><V94/><F36/><W19/><G129/><T80/><D64/><U132/><E132/><V87/><F66/><W101/><G54/><T115/><D115/><U32/><E71/><V125/><F125/><W74/><G29/><T113/><D113/><U114/><E114/><V77/><F77/><W107/><G35/><T102/><D102/><N who="2" m="38954" /><F94/><W76/><G7/><T8/><D57/><U60/><E119/><V53/><F50/><W108/><G0/><T2/><D2/><U61/><E61/><V63/><F63/><W31/><G31/><T75/><D75/><U93/><E93/><V22/><F22/><W39/><G39/><T69/><D58/><U79/><E79/><V117/><F117/><W110/><G110/><T30/><D30/><U37/><E37/><V51/><F49/><W98/><G108/><T46/><D46/><U116/><E116/><V28/><F28/><W123/><G123/><T10/><REACH who="0" step="1"/><D85/><REACH who="0" ten="76,315,185,414" step="2"/><U90/><E105/><V38/><F38/><W128/><G128/><T59/><D59/><U21/><E106/><V33/><F33/><RYUUKYOKU ba="1,1" sc="76,10,315,-30,185,10,414,10" hai0="1,6,8,9,10,16,24,62,65,69,80,81,82" hai2="18,23,45,47,48,51,53,55,84,87" hai3="19,20,41,42,74,76,83,91,95,98,99,101,107" /><INIT seed="3,2,1,1,0,110" ten="86,285,195,424" oya="3" hai0="17,124,129,9,104,98,126,64,1,42,81,2,59" hai1="70,43,56,85,125,77,41,60,78,19,91,5,101" hai2="3,120,127,30,87,116,122,54,46,63,134,133,69" hai3="18,99,114,121,66,68,88,53,10,135,22,4,109"/><W23/><G114/><T80/><D42/><N who="1" m="15883" /><E70/><V90/><F3/><W36/><G121/><N who="2" m="46697" /><F30/><W48/><G109/><T96/><D64/><N who="1" m="38919" /><E125/><V106/><F106/><W112/><G112/><T102/><D59/><U73/><E73/><V32/><F32/><W16/><G135/><N who="2" m="51721" /><F116/><W131/><G131/><T67/><D67/><U74/><E74/><V14/><F14/><N who="3" m="5447" /><G36/><T50/><D50/><U75/><E75/><V37/><F37/><W119/><G66/><T76/><D129/><U21/><E5/><V65/><F127/><W115/><G68/><T79/><D104/><U35/><E101/><V11/><F11/><W39/><G39/><T8/><D17/><N who="3" m="6761" /><G115/><T57/><D57/><U47/><E47/><V108/><F108/><W130/><G130/><T93/><D102/><U100/><E100/><V117/><F117/><W55/><G119/><T103/><D103/><U89/><E35/><V97/><F97/><W6/><G6/><T15/><D15/><N who="1" m="9471" /><E91/><V71/><F71/><W82/><G48/><T33/><REACH who="0" step="1"/><D33/><REACH who="0" ten="76,285,195,424" step="2"/><U94/><AGARI ba="2,2" hai="77,78,85,89,94" m="9471,38919,15883" machi="94" ten="30,1100,0" yaku="8,1" doraHai="110" who="1" fromWho="1" sc="76,-5,285,37,195,-5,424,-7" /><INIT seed="4,0,0,1,3,25" ten="71,322,190,417" oya="0" hai0="89,122,116,16,69,64,104,99,39,123,91,126,127" hai1="119,9,21,103,105,128,78,97,63,10,49,41,117" hai2="109,34,4,72,32,38,88,12,0,115,71,98,59" hai3="5,76,82,62,114,51,111,84,17,14,132,11,66"/><T58/><D39/><U1/><E128/><V26/><F71/><W68/><G111/><T46/><D69/><U53/><E78/><V54/><F115/><W112/><G132/><T134/><D46/><U50/><E63/><V43/><F72/><W6/><REACH who="3" step="1"/><G51/><REACH who="3" ten="71,322,190,407" step="2"/><T77/><D134/><U33/><E49/><V48/><F109/><W55/><G55/><T36/><D36/><U44/><E53/><V35/><F38/><W65/><G65/><T93/><D64/><U57/><E50/><V131/><F131/><W19/><G19/><T29/><D58/><U42/><E57/><V81/><F54/><W8/><G8/><T106/><D16/><U7/><E9/><V92/><F59/><W102/><G102/><T22/><D116/><U83/><E10/><V73/><F48/><W70/><G70/><T28/><D22/><U2/><E21/><V101/><F35/><W61/><G61/><T87/><D77/><U30/><E33/><V135/><F34/><W118/><G118/><T75/><D75/><U94/><E119/><V120/><F135/><W80/><G80/><T45/><D45/><U107/><E83/><V27/><F32/><W74/><G74/><T52/><D52/><U3/><E44/><V67/><F73/><W60/><G60/><T113/><D113/><AGARI ba="0,1" hai="5,6,11,14,17,62,66,68,76,82,84,112,113,114" machi="113" ten="40,2600,0" yaku="1,1,15,1,53,0" doraHai="25" doraHaiUra="96" who="3" fromWho="0" sc="71,-26,322,0,190,0,407,36" /><INIT seed="5,0,0,2,3,97" ten="45,322,190,443" oya="1" hai0="37,95,40,93,99,6,115,100,71,122,85,75,107" hai1="78,7,72,27,11,49,56,34,22,52,87,36,1" hai2="17,64,20,114,19,55,53,38,39,118,80,123,16" hai3="83,76,45,68,104,135,111,63,13,66,134,33,30"/><U28/><E36/><V89/><F118/><W23/><G111/><T116/><D71/><U12/><E72/><V31/><F123/><W0/><G0/><T32/><D32/><U121/><E121/><V42/><F114/><W70/><G70/><T46/><D122/><U50/><E50/><V113/><F113/><W94/><G104/><T3/><D115/><U130/><E130/><V90/><F64/><W81/><G33/><T9/><D116/><U61/><E49/><V24/><F39/><W109/><G109/><T48/><D85/><U82/><REACH who="1" step="1"/><E34/><REACH who="1" ten="45,312,190,443" step="2"/><V58/><F38/><W105/><G135/><T69/><D69/><U84/><E84/><V44/><F42/><W57/><G134/><T131/><D131/><U126/><E126/><V128/><F128/><W79/><G68/><T26/><D26/><U102/><E102/><V74/><F74/><W4/><G63/><T133/><D133/><U103/><E103/><V96/><F24/><W108/><G108/><T120/><D120/><U91/><E91/><V73/><F90/><W101/><G101/><T125/><D125/><U129/><E129/><V21/><F89/><W25/><G25/><T51/><D51/><U77/><E77/><V106/><F73/><W127/><G127/><T5/><D5/><U124/><E124/><V86/><F86/><W59/><G4/><T10/><D10/><U112/><E112/><V88/><F88/><W62/><G79/><T98/><D98/><U43/><E43/><V14/><F96/><W60/><G76/><T65/><D75/><U18/><E18/><V132/><F132/><RYUUKYOKU ba="0,1" sc="45,-10,312,30,190,-10,443,-10" hai1="1,7,11,12,22,27,28,52,56,61,78,82,87" /><INIT seed="5,1,1,5,1,94" ten="35,342,180,433" oya="1" hai0="112,100,66,99,2,81,50,116,96,4,44,28,64" hai1="122,69,27,105,41,70,3,93,26,0,14,22,8" hai2="16,63,113,131,133,33,86,134,35,29,1,88,110" hai3="46,42,123,129,73,132,97,37,95,61,17,80,84"/><U119/><E119/><V114/><F1/><W130/><G123/><T108/><D116/><U7/><E105/><V83/><F110/><W21/><G132/><N who="2" m="50793" /><F131/><N who="3" m="50187" /><G61/><T104/><D108/><U118/><E118/><V87/><F29/><W111/><G111/><T125/><D112/><N who="2" m="43114" /><F16/><W76/><G17/><T65/><D125/><U107/><E107/><V43/><F43/><W82/><G21/><T103/><D28/><U6/><E41/><V79/><F63/><W75/><G82/><AGARI ba="1,1" hai="33,35,79,82,83,86,87,88" m="43114,50793" machi="82" ten="30,7700,0" yaku="20,1,15,1,11,1,54,1" doraHai="94" who="2" fromWho="3" sc="35,0,342,0,180,90,433,-80" /><INIT seed="6,0,0,4,2,14" ten="35,342,270,353" oya="2" hai0="11,45,48,49,89,58,106,120,65,85,56,41,88" hai1="52,38,3,16,10,131,21,74,35,19,93,57,39" hai2="102,12,55,4,76,2,63,73,110,108,132,90,31" hai3="82,23,37,130,36,70,20,135,103,17,53,40,97"/><V79/><F2/><W118/><G118/><T25/><D106/><U123/><E74/><V133/><F31/><W67/><G135/><N who="2" m="51785" /><F63/><W51/><G130/><T6/><D120/><U30/><E35/><V107/><F55/><W66/><G23/><T99/><D99/><U127/><E127/><V54/><F54/><W75/><G40/><T95/><D89/><U27/><E131/><V81/><F12/><W125/><G125/><T113/><D113/><U115/><E115/><V116/><F4/><W100/><G100/><T128/><D128/><U121/><E93/><V129/><F129/><W86/><G75/><T109/><D109/><N who="2" m="42090" /><F116/><W8/><G8/><T33/><D65/><U5/><E38/><V71/><F71/><W60/><G37/><T42/><D33/><U34/><E39/><V69/><F69/><W7/><G7/><T15/><REACH who="0" step="1"/><D25/><REACH who="0" ten="25,342,270,353" step="2"/><U83/><E34/><V124/><F124/><W13/><G66/><T22/><D22/><U98/><E121/><V104/><F102/><W101/><G103/><T87/><D87/><U78/><E123/><V59/><F59/><W24/><G67/><T94/><D94/><U29/><E57/><V80/><F90/><W84/><G70/><T18/><D18/><U0/><E16/><V28/><F28/><W105/><G17/><T114/><D114/><U62/><E29/><V44/><F44/><AGARI ba="0,1" hai="6,11,15,41,42,44,45,48,49,56,58,85,88,95" machi="44" ten="40,8000,1" yaku="1,1,9,1,8,1,54,1,53,1" doraHai="14" doraHaiUra="1" who="0" fromWho="2" sc="25,90,342,0,270,-80,353,0" /><INIT seed="7,0,0,2,3,31" ten="115,342,190,353" oya="3" hai0="56,122,28,114,104,87,119,129,46,53,5,90,116" hai1="8,49,44,47,6,121,52,35,36,78,130,38,103" hai2="127,62,40,132,107,83,110,22,91,73,88,111,84" hai3="85,14,39,2,96,81,63,133,57,123,48,25,92"/><W118/><G118/><T82/><D122/><U105/><E121/><V86/><F107/><W19/><G123/><T18/><D129/><U68/><E68/><V65/><F73/><W1/><G39/><T74/><D104/><U115/><E130/><V61/><F127/><W64/><G133/><T70/><D70/><U128/><E128/><V10/><F132/><W75/><G75/><T106/><D106/><U97/><E35/><V102/><F102/><W59/><G25/><T54/><D74/><U93/><E115/><V50/><F22/><W108/><G108/><T79/><D114/><U77/><E105/><V23/><F23/><N who="3" m="11767" /><G48/><T37/><D5/><U55/><E38/><V98/><F98/><W11/><G11/><T43/><D79/><N who="1" m="30219" /><E36/><V60/><F91/><N who="3" m="51631" /><G1/><T120/><D120/><U24/><E24/><V17/><F40/><W80/><G2/><T33/><D18/><U51/><E8/><V100/><F84/><W124/><G124/><T66/><D66/><U45/><E6/><V58/><F58/><AGARI ba="0,0" hai="44,45,47,49,51,52,55,58,93,97,103" m="30219" machi="58" ten="30,2000,0" yaku="8,1,54,1" doraHai="31" who="1" fromWho="2" sc="115,0,342,20,190,-20,353,0" owari="115,-38.5,362,46.2,170,-23.0,353,15.3" /></mjloggm>