<mjloggm ver="2.3"><GO type="169" lobby="0"/><UN n0="%E3%81%97%E3%82%83%E3%82%93%E3%81%8A%E3%81%98" n1="%E5%A7%AB%E7%95%99" n2="%E6%B3%A2%E4%B9%83%E7%90%86" n3="%74%2E%6F%2E%6F%2E%73" dan="17,16,16,17" rate="2184.83,2121.98,2114.44,2114.92" sx="F,M,M,M"/><TAIKYOKU oya="0"/><INIT seed="0,0,0,0,1,3" ten="250,250,250,250" oya="0" hai0="67,133,25,134,28,105,72,84,116,91,96,98,20" hai1="73,92,130,109,50,35,49,124,111,127,60,9,121" hai2="135,52,128,108,68,82,75,80,112,110,87,4,132" hai3="58,93,126,79,113,39,2,102,61,83,19,71,33"/><T94/><D116/><U43/><E35/><V46/><F68/><W129/><G33/><T77/><D67/><U115/><E73/><V30/><F30/><W26/><G39/><T120/><D120/><U76/><E76/><V64/><F64/><W103/><G71/><T6/><D6/><U123/><E92/><V40/><F40/><W85/><G113/><T24/><D24/><U51/><E9/><V70/><F75/><W107/><G107/><T88/><D91/><U38/><E115/><V97/><F97/><W74/><G2/><T90/><D90/><U8/><E8/><V101/><F70/><W69/><G69/><T81/><REACH who="0" step="1"/><D96/><REACH who="0" ten="240,250,250,250" step="2"/><U62/><E130/><V12/><F112/><W54/><G129/><T16/><D16/><U34/><E34/><V23/><F128/><W53/><G26/><T131/><D131/><U14/><E123/><V31/><F101/><AGARI ba="0,1" hai="20,25,28,72,77,81,84,88,94,98,101,105,133,134" machi="101" ten="40,12000,1" yaku="1,1,24,2,54,1,53,1" doraHai="3" doraHaiUra="21" who="0" fromWho="2" sc="240,130,250,0,250,-120,250,0" /><INIT seed="0,1,0,3,5,115" ten="370,250,130,250" oya="0" hai0="107,102,135,22,93,31,44,49,85,47,54,64,84" hai1="53,2,59,24,43,38,134,4,50,105,98,74,117" hai2="95,104,7,56,62,40,129,67,124,119,55,132,82" hai3="83,37,10,46,133,96,19,71,0,17,126,20,89"/><T116/><D116/><U94/><E74/><V88/><F104/><W60/><G126/><T9/><D135/><U34/><E134/><V109/><F132/><W128/><G133/><T100/><D107/><U122/><E122/><V130/><F40/><W76/><G128/><T11/><D64/><U25/><E105/><V66/><F109/><W90/><G71/><T12/><D47/><U131/><E131/><N who="2" m="50187" /><F82/><W65/><G60/><T13/><D31/><U127/><E127/><V18/><F7/><W51/><G65/><T41/><D54/><U29/><E25/><V33/><F33/><W103/><G37/><T28/><D28/><U52/><E117/><V110/><F110/><W86/><G0/><T121/><D121/><U101/><E38/><V26/><F124/><W57/><G57/><T27/><D27/><U42/><REACH who="1" step="1"/><E53/><REACH who="1" ten="370,240,130,250" step="2"/><V91/><F119/><W87/><G76/><T45/><D41/><U15/><E15/><V23/><F91/><W5/><G89/><T118/><D118/><U61/><E61/><V69/><F69/><W75/><G90/><T70/><D70/><U81/><E81/><V35/><F35/><W72/><G83/><T63/><D63/><U114/><E114/><V112/><F112/><W92/><G72/><T123/><D123/><U21/><E21/><V120/><F120/><W14/><G20/><T32/><D22/><U99/><E99/><AGARI ba="1,1" hai="18,23,26,55,56,62,66,67,88,95,99" m="50187" machi="99" ten="30,3900,0" yaku="25,1,19,1,54,1" doraHai="115" who="2" fromWho="1" sc="370,0,240,-42,130,52,250,0" /><INIT seed="1,0,0,2,4,116" ten="370,198,182,250" oya="1" hai0="19,101,68,55,63,69,88,0,29,86,16,118,121" hai1="50,41,72,25,104,28,103,54,22,64,49,128,26" hai2="76,115,8,114,125,44,83,13,73,12,98,130,31" hai3="119,23,102,105,1,51,17,14,5,47,112,70,82"/><U11/><E72/><V85/><F130/><W97/><G112/><T2/><D118/><U42/><E128/><V87/><F125/><W81/><G119/><T71/><D101/><U134/><E134/><V74/><F31/><W79/><G70/><T129/><D129/><U94/><E104/><V135/><F44/><W96/><G96/><T9/><D29/><U7/><E64/><V59/><F59/><W20/><G20/><T60/><D121/><U66/><E66/><V67/><F67/><W120/><G120/><T56/><D63/><U84/><E26/><V108/><F135/><W124/><G124/><T90/><D90/><U46/><E50/><V24/><F24/><W107/><G107/><T78/><D78/><U89/><REACH who="1" step="1"/><E103/><REACH who="1" ten="370,188,182,250" step="2"/><V45/><F74/><W38/><G51/><T80/><REACH who="0" step="1"/><D0/><AGARI ba="0,1" hai="0,7,11,22,25,28,41,42,46,49,54,84,89,94" machi="0" ten="30,5800,0" yaku="1,1,2,1,7,1,53,0" doraHai="116" doraHaiUra="77" who="1" fromWho="0" sc="370,-58,188,68,182,0,250,0" /><INIT seed="1,1,0,1,5,7" ten="312,256,182,250" oya="1" hai0="65,102,93,71,67,90,135,94,105,87,111,33,35" hai1="17,38,62,84,49,117,30,110,126,119,51,22,69" hai2="95,23,64,55,114,27,10,97,106,70,59,46,103" hai3="83,0,107,85,34,29,123,60,37,56,112,72,5"/><U32/><E38/><V12/><F114/><W61/><G123/><T2/><D105/><U127/><E32/><V11/><F106/><W44/><G112/><T104/><D104/><U9/><E9/><N who="2" m="3083" /><F70/><W68/><G107/><T75/><D75/><U91/><E30/><N who="2" m="17791" /><F12/><W125/><G72/><T92/><D2/><U6/><E6/><V39/><F39/><W76/><G68/><T13/><D13/><U96/><E110/><V73/><F73/><W115/><G115/><T8/><D8/><U129/><E69/><V79/><F79/><W80/><G5/><T131/><D111/><U130/><E117/><V3/><F3/><W82/><G0/><T26/><D26/><U53/><E119/><V4/><F4/><W16/><G76/><T14/><D14/><U18/><E126/><V109/><F109/><W81/><G37/><T86/><D71/><U48/><E127/><V108/><F108/><W78/><G125/><T28/><D33/><U43/><E129/><V133/><F133/><W24/><G34/><T128/><D135/><U116/><E130/><V47/><F64/><W41/><G78/><T66/><D131/><U99/><E116/><V42/><F42/><W77/><G41/><T52/><D128/><U120/><E43/><V118/><F118/><W121/><G77/><T132/><D132/><U100/><E120/><V21/><F21/><W25/><G121/><T63/><D35/><U88/><E22/><V122/><F122/><W50/><G24/><T101/><D65/><U98/><E18/><V134/><F134/><W36/><G16/><T89/><D28/><RYUUKYOKU ba="1,0" sc="312,-10,256,-10,182,30,250,-10" hai2="46,47,55,59,95,97,103" /><INIT seed="2,2,0,4,4,50" ten="302,246,212,240" oya="2" hai0="69,102,129,20,103,81,90,36,121,60,5,115,33" hai1="55,119,1,8,23,107,24,6,45,74,122,93,30" hai2="106,44,88,101,9,40,31,32,118,72,104,100,25" hai3="113,16,132,111,120,64,39,49,75,112,128,12,73"/><V110/><F72/><W71/><G120/><T87/><D36/><U26/><E107/><V86/><F118/><W97/><G39/><T133/><D33/><U80/><E119/><V82/><F110/><W17/><G111/><T123/><D115/><N who="3" m="44105" /><G128/><T114/><D114/><U89/><E122/><V68/><F68/><W83/><G132/><T92/><D133/><U38/><E80/><V53/><F106/><W0/><G0/><T66/><D129/><U2/><E74/><V126/><F126/><W135/><G135/><T65/><D5/><U47/><E38/><V35/><F35/><W98/><G83/><T108/><D108/><U77/><E77/><V99/><F101/><W37/><G37/><T18/><D65/><U84/><E26/><V79/><F40/><W61/><G17/><T21/><D21/><U42/><E42/><V7/><F79/><W124/><G124/><T56/><D69/><U91/><E2/><V94/><F104/><W15/><G15/><N who="0" m="9311" /><D123/><U85/><REACH who="1" step="1"/><E55/><REACH who="1" ten="302,236,212,240" step="2"/><V116/><F116/><W34/><G73/><T125/><D121/><U78/><E78/><V41/><F41/><W46/><G75/><T57/><D125/><U48/><E48/><V10/><REACH who="2" step="1"/><F7/><REACH who="2" ten="302,236,202,240" step="2"/><W59/><G34/><T105/><D105/><U130/><E130/><V95/><F95/><W14/><G71/><T76/><D76/><U131/><E131/><V117/><F117/><W58/><G12/><T54/><D92/><U51/><E51/><AGARI ba="2,2" hai="9,10,25,31,32,44,51,53,82,86,88,94,99,100" machi="51" ten="40,12000,1" yaku="1,1,52,1,54,1,53,1" doraHai="50" doraHaiUra="28" who="2" fromWho="1" sc="302,0,236,-126,202,146,240,0" /><AGARI ba="2,0" hai="51,54,56,57,60,66,81,87,90,102,103" m="9311" machi="51" ten="30,2000,0" yaku="8,1,52,1" doraHai="50" who="0" fromWho="1" sc="302,20,110,-20,348,0,240,0" /><INIT seed="2,3,0,5,3,101" ten="322,90,348,240" oya="2" hai0="71,2,88,102,111,15,103,64,90,14,0,87,134" hai1="96,49,97,125,106,47,25,44,114,17,55,3,52" hai2="22,94,45,33,74,117,6,58,35,113,13,124,21" hai3="39,9,59,91,128,121,99,29,79,80,129,11,78"/><V42/><F117/><W18/><G39/><T43/><D43/><U131/><E114/><V122/><F74/><W98/><G121/><T61/><D111/><U16/><E3/><V132/><F122/><W7/><G29/><T118/><D118/><U54/><E125/><V56/><F113/><W66/><G18/><T69/><D134/><U123/><E123/><V72/><F72/><W135/><G135/><T70/><D61/><U86/><E131/><V32/><F132/><W81/><G59/><T119/><D119/><U116/><E116/><V68/><F68/><W105/><G91/><N who="0" m="34859" /><D87/><U130/><E130/><V120/><F120/><W50/><G50/><T62/><D62/><U26/><E55/><V110/><F110/><W133/><G133/><T82/><D82/><U108/><E49/><V76/><F76/><W83/><G83/><T48/><D64/><U53/><E53/><V23/><F124/><W65/><G7/><T60/><D60/><U46/><E46/><V100/><F6/><W37/><G37/><T27/><D27/><U63/><E63/><V75/><F75/><W24/><G24/><T104/><D104/><AGARI ba="3,0" hai="9,11,65,66,78,79,80,81,98,99,104,105,128,129" machi="104" ten="25,6400,0" yaku="22,2,52,2" doraHai="101" who="3" fromWho="0" sc="322,-73,90,0,348,0,240,73" /><INIT seed="3,0,0,2,3,50" ten="249,90,348,313" oya="3" hai0="102,18,27,46,96,79,103,131,130,29,58,0,118" hai1="121,60,128,66,94,92,8,42,21,71,84,109,43" hai2="41,75,45,85,90,95,30,76,55,91,113,111,99" hai3="33,74,82,40,132,36,56,57,65,120,108,125,53"/><W48/><G120/><T98/><D0/><U1/><E121/><V107/><F113/><W77/><G33/><T119/><D18/><U86/><E109/><V89/><F111/><W134/><G108/><T64/><D46/><U69/><E128/><N who="0" m="49193" /><D64/><U2/><E21/><V20/><F30/><W39/><G125/><T127/><D58/><U28/><E28/><V101/><F20/><W23/><G23/><T47/><D47/><U24/><E66/><V7/><F7/><W116/><G116/><N who="0" m="44587" /><D29/><U37/><E60/><V11/><F11/><W97/><G97/><N who="0" m="37483" /><D27/><U15/><E24/><V51/><F41/><W72/><G72/><T100/><D79/><U34/><E8/><V38/><F38/><W3/><G3/><T112/><D112/><U63/><E63/><V78/><F76/><W80/><G40/><T5/><D5/><U19/><E19/><V10/><F10/><W62/><G36/><T93/><D93/><U9/><E9/><V25/><F25/><W129/><G39/><T31/><D31/><U22/><E22/><V14/><F14/><W44/><G44/><T73/><D73/><U68/><E68/><V16/><F16/><W17/><G129/><T35/><D127/><U105/><E15/><V59/><F45/><W70/><G17/><T6/><D6/><U88/><E34/><AGARI ba="0,0" hai="34,35,100,102,103" m="37483,44587,49193" machi="34" ten="40,5200,0" yaku="28,2,19,1" doraHai="50" who="0" fromWho="1" sc="249,52,90,-52,348,0,313,0" /><INIT seed="4,0,0,5,3,82" ten="301,38,348,313" oya="0" hai0="129,98,11,71,52,83,29,131,15,24,30,23,87" hai1="17,91,46,85,58,50,135,34,96,118,101,43,84" hai2="78,120,63,12,108,49,64,44,76,103,45,104,38" hai3="42,28,72,59,41,73,109,92,107,33,123,10,56"/><T86/><D71/><U55/><E118/><V112/><F108/><W117/><G107/><T40/><D40/><U1/><E135/><V0/><F0/><W69/><G109/><T80/><D30/><U119/><E119/><V54/><F120/><W130/><G69/><T2/><D2/><U89/><E34/><V39/><F112/><W65/><G117/><T7/><D98/><U110/><E1/><V128/><F128/><N who="0" m="49226" /><D80/><U121/><E121/><V74/><F74/><W133/><G28/><T37/><D37/><U5/><E5/><V97/><F12/><W48/><G41/><T67/><D67/><U75/><E75/><V3/><F3/><W115/><G42/><T111/><D111/><U90/><E17/><V79/><REACH who="2" step="1"/><F45/><REACH who="2" ten="301,38,338,313" step="2"/><W99/><G130/><T14/><D14/><U6/><E110/><V20/><F20/><W9/><G123/><T94/><D83/><U132/><E132/><V93/><F93/><W57/><G133/><T114/><D94/><N who="1" m="58519" /><E6/><V116/><F116/><W88/><G92/><T13/><D13/><U66/><E66/><V27/><F27/><W134/><G65/><T61/><D114/><U62/><AGARI ba="0,1" hai="43,46,50,55,58,62,84,85,89,90,91" m="58519" machi="62" ten="30,4000,0" yaku="8,1,52,2" doraHai="82" who="1" fromWho="1" sc="301,-20,38,50,338,-10,313,-10" /><INIT seed="5,0,0,3,0,96" ten="281,88,328,303" oya="1" hai0="93,35,57,26,84,63,7,46,45,78,112,90,55" hai1="60,32,12,38,99,97,58,42,44,3,131,62,54" hai2="27,23,76,52,87,85,110,10,43,11,6,86,59" hai3="107,17,132,29,88,74,1,51,124,2,61,121,70"/><U101/><E3/><V30/><F110/><W118/><G51/><T47/><D112/><U123/><E123/><V5/><F43/><W68/><G29/><T79/><D7/><N who="2" m="2570" /><F76/><N who="0" m="29226" /><D35/><U25/><E131/><V0/><F0/><W75/><G61/><AGARI ba="0,0" hai="10,11,23,27,30,52,59,61,85,86,87" m="2570" machi="61" ten="30,2000,0" yaku="8,1,54,1" doraHai="96" who="2" fromWho="3" sc="281,0,88,0,328,20,303,-20" /><INIT seed="6,0,0,0,4,104" ten="281,88,348,283" oya="2" hai0="93,114,132,92,96,59,100,107,126,28,35,85,56" hai1="44,64,2,129,79,122,18,65,105,77,33,15,70" hai2="133,112,120,84,66,128,67,103,82,69,89,58,16" hai3="101,135,108,60,50,73,119,72,76,118,4,8,54"/><V134/><F120/><W117/><G108/><T22/><D35/><U78/><E2/><V63/><F112/><W34/><G34/><T13/><D114/><U75/><E122/><V38/><F38/><W110/><G110/><T125/><D132/><N who="2" m="50794" /><F128/><W32/><G32/><T46/><D46/><U74/><E129/><V23/><F103/><W1/><G135/><T12/><D28/><U27/><E105/><V14/><F69/><W81/><G60/><T127/><D22/><U10/><E44/><V131/><F131/><W111/><G101/><T95/><REACH who="0" step="1"/><D85/><REACH who="0" ten="271,88,348,283" step="2"/><U3/><E3/><V5/><F5/><W51/><G111/><T116/><D116/><U6/><E70/><V109/><F109/><W47/><REACH who="3" step="1"/><G50/><REACH who="3" ten="271,88,348,273" step="2"/><T94/><N who="0" m="23552" /><DORA hai="9" /><T124/><N who="0" m="31744" /><DORA hai="87" /><T88/><D88/><U52/><E33/><V49/><F49/><W121/><G121/><T68/><D68/><U97/><E97/><V41/><F41/><W30/><G30/><T71/><D71/><U55/><E75/><AGARI ba="0,2" hai="1,4,8,47,51,54,72,73,75,76,81,117,118,119" machi="75" ten="40,8000,1" yaku="1,1,52,3,53,0" doraHai="104,9,87" doraHaiUra="29,91,31" who="3" fromWho="1" sc="271,0,88,-80,348,0,273,100" /><INIT seed="7,0,0,0,3,64" ten="271,8,348,373" oya="3" hai0="50,32,112,59,70,132,109,125,27,1,30,9,47" hai1="43,76,105,77,106,123,113,122,29,133,45,8,6" hai2="135,121,33,58,52,85,61,62,94,55,110,41,83" hai3="0,56,49,111,5,119,130,84,117,131,72,28,78"/><W114/><G114/><T80/><D109/><U2/><E113/><V127/><F110/><W101/><G72/><T65/><D112/><U44/><E8/><V4/><F33/><W91/><G78/><T115/><D115/><U67/><E67/><V97/><F121/><W89/><G111/><T12/><D132/><U26/><E133/><V11/><F135/><W17/><G28/><T20/><D125/><U7/><E29/><V73/><F73/><W22/><G101/><T21/><D59/><U39/><E26/><V86/><F41/><W40/><G5/><T95/><D95/><U88/><E88/><N who="3" m="33866" /><G84/><N who="2" m="32361" /><F94/><W48/><G0/><T18/><D80/><U36/><E2/><V104/><F104/><W31/><G31/><T24/><D24/><U82/><E82/><V120/><F120/><W126/><G126/><T93/><D93/><U34/><E34/><V68/><F83/><W53/><G48/><T13/><D13/><U16/><E16/><V134/><F134/><W102/><G40/><T63/><REACH who="0" step="1"/><D1/><REACH who="0" ten="261,8,348,373" step="2"/><U14/><E14/><N who="2" m="5479" /><F127/><W81/><G81/><T103/><D103/><U92/><E92/><V118/><F118/><W107/><G102/><T38/><D38/><U98/><E98/><V90/><F97/><W3/><G3/><T108/><D108/><U74/><E74/><V25/><F25/><N who="3" m="14543" /><G107/><T96/><D96/><U69/><E106/><V99/><F99/><W19/><G117/><T15/><D15/><U100/><E105/><V87/><F87/><W60/><G119/><T57/><D57/><U10/><E122/><V79/><F79/><W37/><G37/><RYUUKYOKU ba="0,1" sc="261,30,8,-10,348,-10,373,-10" hai0="9,12,18,20,21,27,30,32,47,50,63,65,70" owari="291,-10.9,-2,-50.2,338,13.8,373,47.3" /></mjloggm>