<mjloggm ver="2.3"><GO type="225" lobby="0"/><UN n0="%E3%82%BC%E3%83%AB%E3%83%80%E3%81%AE%E4%BC%9D%E8%AA%AC" n1="%E3%82%A4%E3%83%BC%E3%82%B1%E3%83%97%E3%83%A9" n2="%72%61%6B%33" n3="%E7%B4%94%E6%BD%94%E3%83%94%E3%83%A9%E3%83%8B%E3%82%A2" dan="17,16,16,16" rate="2158.89,2106.38,2115.78,2191.97" sx="M,M,M,M"/><TAIKYOKU oya="0"/><INIT seed="0,0,0,3,2,114" ten="250,250,250,250" oya="0" hai0="56,57,128,44,129,20,52,117,47,69,11,98,21" hai1="104,110,13,4,121,86,83,48,112,77,15,16,53" hai2="39,26,19,27,93,127,111,125,71,59,51,49,91" hai3="100,94,28,5,74,40,7,70,115,65,97,14,38"/><T29/><D69/><U122/><E104/><V90/><F71/><W35/><G74/><T75/><D75/><U79/><E112/><V108/><F39/><W96/><G115/><T0/><D98/><U88/><E110/><N who="2" m="42027" /><F59/><W89/><G14/><T78/><D78/><U107/><E107/><V2/><F2/><W82/><G82/><T119/><D11/><N who="1" m="4327" /><E122/><V132/><F19/><W34/><G40/><T102/><D52/><U99/><E99/><V54/><F132/><W17/><G17/><T64/><D29/><U67/><E67/><V68/><F68/><W45/><G45/><T123/><D0/><U118/><E118/><V113/><F113/><W101/><G38/><T30/><D30/><U42/><E42/><V95/><F26/><W124/><G65/><T12/><D12/><U72/><E72/><V10/><F27/><W23/><G70/><T1/><D1/><U50/><E50/><N who="2" m="18955" /><F10/><W61/><G28/><T80/><D64/><U62/><E62/><V32/><F32/><W109/><G61/><T31/><D31/><U36/><E36/><V103/><F103/><W120/><G109/><T8/><D8/><N who="1" m="6247" /><E121/><V18/><F18/><W133/><G120/><T55/><D123/><U87/><E87/><V76/><F54/><W41/><G100/><T60/><D55/><U134/><E134/><V85/><F76/><W131/><G133/><T126/><D102/><U22/><E22/><V6/><F6/><W73/><G101/><T63/><D80/><U25/><E25/><V106/><F106/><W58/><G7/><T43/><D43/><U66/><E66/><RYUUKYOKU ba="0,0" sc="250,10,250,10,250,10,250,-30" hai0="20,21,44,47,56,57,60,63,117,119,126,128,129" hai1="48,53,77,79,83,86,88" hai2="85,90,91,93,95,125,127" /><INIT seed="0,1,0,0,0,13" ten="260,260,260,220" oya="0" hai0="59,7,51,5,87,77,78,79,25,69,100,14,109" hai1="90,40,92,67,23,61,18,42,8,94,49,88,96" hai2="117,70,84,54,76,89,85,35,31,124,121,4,46" hai3="72,52,34,32,3,30,50,29,86,101,41,37,44"/><T33/><D69/><U111/><E111/><V39/><F121/><W2/><G72/><T115/><D115/><U48/><E8/><V60/><F124/><W103/><G86/><T97/><D109/><U99/><E42/><V118/><F4/><W73/><G73/><T47/><D59/><N who="1" m="37311" /><E40/><V82/><F39/><W15/><G15/><AGARI ba="1,0" hai="15,18,23,48,49,88,90,92,94,96,99" m="37311" machi="15" ten="30,3900,0" yaku="8,1,52,1,54,1" doraHai="13" who="1" fromWho="3" sc="260,0,260,42,260,0,220,-42" /><INIT seed="1,0,0,0,1,52" ten="260,302,260,178" oya="1" hai0="53,80,134,6,106,84,77,44,110,132,130,108,17" hai1="112,117,89,92,35,0,121,127,22,43,38,42,16" hai2="109,61,3,116,64,105,20,59,48,40,99,9,79" hai3="100,119,14,72,74,29,104,27,124,115,46,60,111"/><U98/><E112/><V58/><F109/><N who="0" m="42090" /><D6/><U1/><E117/><V83/><F116/><W75/><G111/><T82/><D17/><U39/><E121/><V25/><F3/><W66/><G115/><T36/><D36/><U120/><E120/><V91/><F9/><W21/><G119/><T73/><D53/><U103/><E35/><V26/><F105/><W11/><G124/><T41/><D44/><U101/><E127/><V32/><F32/><W65/><G104/><T2/><D41/><U24/><E42/><V128/><F128/><W31/><G100/><T34/><D2/><U69/><E69/><V8/><F8/><W57/><G46/><T28/><D28/><U13/><E103/><V87/><F40/><W12/><G31/><T90/><D34/><U133/><E133/><N who="0" m="51305" /><D106/><U135/><E135/><V113/><F113/><W50/><G50/><T15/><D15/><U71/><E71/><V30/><F25/><W51/><G51/><T81/><D130/><U67/><E67/><V126/><F126/><W70/><REACH who="3" step="1"/><G11/><REACH who="3" ten="260,302,260,168" step="2"/><T122/><D122/><U114/><E114/><V4/><F48/><W93/><G93/><AGARI ba="0,1" hai="73,77,80,81,82,84,90,93" m="51305,42090" machi="93" ten="30,7700,0" yaku="14,1,20,1,34,2" doraHai="52" who="0" fromWho="3" sc="260,87,302,0,260,0,168,-77" /><INIT seed="2,0,0,4,0,13" ten="347,302,260,91" oya="2" hai0="99,126,97,23,135,45,67,73,119,105,121,101,113" hai1="33,83,65,26,100,57,89,96,41,118,59,109,108" hai2="69,107,90,61,92,10,66,32,86,80,74,62,5" hai3="133,56,27,79,24,82,93,46,81,64,77,49,75"/><V116/><F116/><W21/><G133/><T52/><D121/><U30/><E118/><V120/><F120/><W20/><G93/><T7/><D119/><U132/><E41/><V34/><F107/><W38/><G38/><T71/><D113/><U37/><E37/><V43/><F43/><W129/><G129/><T111/><D73/><U110/><E132/><V8/><F8/><W17/><G64/><T16/><D135/><U48/><E65/><V104/><F104/><W84/><G56/><T124/><D7/><U91/><E83/><V94/><F61/><W127/><G127/><N who="0" m="48683" /><D97/><U51/><E59/><V42/><F42/><W47/><REACH who="3" step="1"/><G49/><REACH who="3" ten="347,302,260,81" step="2"/><N who="1" m="19018" /><E57/><V53/><F94/><AGARI ba="0,1" hai="26,30,33,89,91,94,96,100,108,109,110" m="19018" machi="94" ten="30,1000,0" yaku="14,1" doraHai="13" who="1" fromWho="2" sc="347,0,302,20,260,-10,81,0" /><INIT seed="3,0,0,4,1,81" ten="347,322,250,81" oya="3" hai0="32,91,97,119,103,14,92,129,104,111,36,109,42" hai1="77,98,121,78,80,72,38,26,12,22,82,57,28" hai2="75,79,126,94,99,112,9,27,63,71,101,134,70" hai3="48,31,23,131,39,124,107,133,3,123,15,16,118"/><W115/><RYUUKYOKU type="yao9" ba="0,0" sc="347,0,322,0,250,0,81,0" hai3="3,15,16,23,31,39,48,107,115,118,123,124,131,133" /><INIT seed="3,1,0,3,5,104" ten="347,322,250,81" oya="3" hai0="95,50,102,111,85,110,29,76,57,67,70,10,92" hai1="125,18,116,20,16,132,77,75,90,47,36,33,44" hai2="122,93,135,59,89,14,12,31,52,74,45,72,21" hai3="123,120,48,65,124,63,128,126,34,6,1,101,99"/><W19/><G34/><T4/><D70/><U134/><E33/><V108/><F45/><W30/><G30/><T66/><D29/><U39/><E125/><N who="3" m="48234" /><G19/><N who="1" m="7210" /><E20/><V103/><F103/><W27/><G27/><T54/><D76/><U87/><E116/><V11/><F108/><N who="0" m="41514" /><D85/><U37/><E77/><V118/><F118/><W80/><G80/><T69/><D69/><U2/><E2/><V49/><F135/><N who="1" m="51753" /><E75/><V53/><F122/><W40/><G128/><T73/><D73/><U3/><E3/><V28/><F28/><W130/><G130/><T115/><D115/><U109/><E109/><V32/><F32/><W119/><G119/><T25/><D25/><U35/><E35/><V62/><F14/><W64/><G40/><T78/><D78/><U121/><E121/><N who="3" m="46666" /><G48/><T43/><D43/><U56/><E56/><N who="2" m="32783" /><F31/><W133/><G63/><T86/><D102/><U112/><E112/><V94/><F11/><N who="3" m="2511" /><G133/><T107/><D107/><AGARI ba="1,0" hai="64,65,99,101,107" m="2511,46666,48234" machi="107" ten="30,1500,0" yaku="18,1" doraHai="104" who="3" fromWho="0" sc="347,-18,322,0,250,0,81,18" /><INIT seed="3,2,0,4,1,40" ten="329,322,250,99" oya="3" hai0="95,32,65,76,9,96,129,16,18,103,120,24,94" hai1="0,114,122,133,71,59,10,2,82,14,123,37,112" hai2="73,60,6,48,61,102,25,22,134,43,39,11,35" hai3="117,97,38,79,107,44,132,127,68,91,74,130,110"/><W56/><RYUUKYOKU type="yao9" ba="2,0" sc="329,0,322,0,250,0,99,0" hai3="38,44,56,68,74,79,91,97,107,110,117,127,130,132" /><INIT seed="3,3,0,0,4,90" ten="329,322,250,99" oya="3" hai0="9,31,7,103,0,50,86,84,87,54,45,20,75" hai1="15,78,120,125,25,28,119,105,24,36,49,72,80" hai2="112,2,41,99,48,56,67,30,17,59,34,46,113" hai3="63,8,123,40,39,106,66,33,115,92,88,116,57"/><W83/><G106/><T94/><D75/><U111/><E36/><V60/><F2/><W61/><G115/><T64/><D64/><U52/><E120/><V128/><F17/><W124/><G116/><T134/><D134/><U89/><E105/><V95/><F128/><W100/><G123/><T38/><D38/><U73/><E119/><V6/><F6/><W65/><G33/><T77/><D77/><U130/><E130/><V129/><F129/><W131/><G131/><T101/><REACH who="0" step="1"/><D94/><REACH who="0" ten="319,322,250,99" step="2"/><U21/><E111/><V133/><F133/><W118/><G118/><T37/><D37/><U81/><E125/><V42/><F42/><W117/><G117/><T43/><D43/><U126/><E126/><V19/><F56/><W68/><G124/><T93/><D93/><U70/><E70/><V74/><F74/><W11/><G39/><T23/><D23/><U71/><E71/><V51/><F51/><W16/><G40/><T85/><D85/><U18/><E73/><V3/><F3/><W110/><G110/><T12/><D12/><U32/><E81/><V69/><F69/><W102/><G83/><T5/><D5/><U13/><E89/><V108/><F108/><W114/><G114/><T91/><D91/><U27/><E13/><V35/><F35/><W29/><G29/><T96/><D96/><U97/><E97/><V14/><F30/><W109/><G109/><T62/><D62/><U121/><E121/><V47/><F34/><W4/><G4/><T82/><D82/><U132/><E132/><V107/><F107/><W58/><G68/><T135/><D135/><RYUUKYOKU ba="3,1" sc="319,15,322,15,250,-15,99,-15" hai0="0,7,9,20,31,45,50,54,84,86,87,101,103" hai1="15,18,21,24,25,27,28,32,49,52,72,78,80" owari="334,13.4,347,44.7,235,-16.5,84,-41.6" /></mjloggm>