<mjloggm ver="2.3"><GO type="169" lobby="0"/><UN n0="%64%69%76%61" n1="%E6%B9%98%E5%8C%97%E2%91%AD%E4%B8%89%E4%BA%95%E5%AF%BF" n2="%43%68%72%69%73%74%31%32" n3="%4D%72%52%41%4D%4F" dan="16,16,17,16" rate="2057.45,2153.08,2172.29,2145.52" sx="M,M,F,M"/><TAIKYOKU oya="0"/><INIT seed="0,0,0,1,5,49" ten="250,250,250,250" oya="0" hai0="73,29,40,52,88,102,126,75,45,71,68,15,97" hai1="59,26,121,8,16,85,118,128,120,61,9,76,93" hai2="34,105,80,39,60,119,62,89,14,108,46,41,103" hai3="22,36,101,92,18,125,70,135,7,99,58,54,6"/><T25/><D126/><U91/><E118/><V130/><F34/><W44/><G125/><T83/><D71/><U107/><E128/><V42/><F130/><W106/><G135/><T116/><D116/><U112/><E107/><V111/><F119/><W114/><G114/><T98/><D68/><U127/><E112/><V4/><F42/><W78/><G70/><T122/><D122/><U129/><E129/><V50/><F39/><W115/><G115/><T38/><D15/><U12/><E127/><V33/><F33/><W134/><G134/><T21/><D98/><U84/><E26/><V81/><F103/><W31/><G31/><T79/><D79/><U19/><E19/><V124/><F105/><W0/><G78/><T117/><D117/><U87/><E9/><N who="2" m="4391" /><F89/><W48/><G0/><T96/><D96/><N who="1" m="57407" /><E121/><V82/><F124/><W28/><G28/><T53/><D102/><U131/><E131/><V110/><AGARI ba="0,0" hai="41,46,50,60,62,80,81,82,108,110,111" m="4391" machi="110" ten="40,1500,0" yaku="14,1" doraHai="49" who="2" fromWho="2" sc="250,-7,250,-4,250,15,250,-4" /><INIT seed="1,0,0,0,2,13" ten="243,246,265,246" oya="1" hai0="64,102,6,32,27,112,17,68,30,24,57,118,63" hai1="38,86,67,125,61,0,95,82,88,8,130,123,50" hai2="129,81,33,34,15,76,69,106,31,104,11,109,42" hai3="59,127,56,122,121,93,134,80,58,46,98,100,44"/><U37/><E123/><V90/><F109/><W114/><G114/><T52/><D112/><U12/><E125/><V29/><F129/><W1/><G1/><T110/><D110/><U108/><E0/><V48/><F90/><W94/><G127/><T105/><D118/><U23/><E108/><V65/><F65/><W115/><G115/><T97/><D24/><U21/><E130/><V5/><F69/><W111/><G111/><T96/><D96/><U71/><E38/><V16/><F5/><W77/><G134/><T84/><D84/><U14/><E37/><V117/><F117/><W19/><G93/><T20/><D6/><U73/><E50/><V133/><F133/><W132/><G132/><T39/><D39/><U55/><E55/><V70/><F70/><W72/><G122/><T89/><D89/><U28/><E28/><V124/><F31/><W116/><G121/><T26/><D57/><U119/><E119/><V45/><F124/><W40/><G116/><T74/><D74/><U75/><E73/><V79/><F79/><W103/><G103/><T101/><D101/><U120/><E120/><V83/><F81/><W49/><REACH who="3" step="1"/><G44/><REACH who="3" ten="243,246,265,236" step="2"/><T113/><D113/><U41/><E95/><V131/><F131/><W47/><G47/><T53/><AGARI ba="0,1" hai="17,20,26,27,30,32,52,53,63,64,68,97,102,105" machi="53" ten="30,8000,1" yaku="0,1,25,2,52,1,54,1" doraHai="13" who="0" fromWho="0" sc="243,90,246,-40,265,-20,236,-20" /><INIT seed="2,0,0,4,1,5" ten="333,206,245,216" oya="2" hai0="105,73,11,66,49,0,64,71,78,15,111,2,80" hai1="32,101,36,62,21,37,38,95,52,116,82,30,125" hai2="44,16,131,45,113,68,14,102,61,94,85,6,103" hai3="69,58,7,57,9,134,133,124,8,47,106,23,51"/><V76/><F113/><W130/><G69/><T132/><D111/><U3/><E116/><V22/><F131/><W70/><G70/><T79/><D105/><U104/><E104/><V86/><F68/><W123/><G123/><T118/><D132/><N who="3" m="50793" /><G106/><T53/><D118/><U88/><E32/><V135/><F135/><W17/><G130/><T83/><D71/><U127/><E3/><V19/><F6/><W121/><G124/><N who="1" m="47690" /><E82/><N who="2" m="47303" /><F61/><W87/><G87/><T97/><D97/><N who="1" m="57575" /><E101/><N who="2" m="38411" /><F19/><W46/><G121/><T74/><D0/><U10/><E10/><N who="3" m="4202" /><G7/><T114/><D114/><U81/><E81/><V33/><F33/><W50/><G17/><T31/><D2/><U60/><E60/><V4/><F4/><W56/><G23/><T93/><D31/><U119/><E119/><V110/><F110/><W24/><G24/><T72/><D72/><U42/><E21/><V59/><F86/><W43/><G57/><T98/><D11/><U91/><E30/><V13/><F59/><W40/><AGARI ba="0,0" hai="40,43,46,47,50,51,56,58" m="4202,50793" machi="40" ten="30,7900,0" yaku="20,1,52,3" doraHai="5" who="3" fromWho="3" sc="333,-20,206,-20,245,-39,216,79" /><INIT seed="3,0,0,4,0,68" ten="313,186,206,295" oya="3" hai0="41,34,72,125,52,94,5,105,82,13,17,23,132" hai1="128,1,54,88,113,27,9,15,112,108,130,117,126" hai2="124,98,102,64,111,60,39,89,56,22,121,129,78" hai3="119,21,47,97,0,99,3,69,83,109,30,131,43"/><W8/><G119/><T114/><D105/><U18/><E117/><V37/><F111/><W36/><G69/><T26/><D132/><U38/><E108/><V81/><F129/><N who="1" m="49769" /><E54/><V40/><F124/><W73/><G109/><T116/><D125/><U4/><E126/><V71/><F121/><W49/><G131/><T104/><D104/><U12/><E38/><V70/><F89/><W87/><G73/><T91/><D114/><N who="1" m="44139" /><E88/><V19/><F40/><W107/><G107/><T74/><D41/><U65/><E65/><V127/><F127/><W28/><G49/><T11/><D116/><U25/><E1/><V59/><F71/><W20/><G0/><T62/><D82/><U32/><E32/><V90/><F90/><W123/><G123/><T86/><D34/><U110/><E110/><V57/><F98/><W67/><G67/><T106/><D106/><U101/><E101/><V46/><F102/><W10/><G97/><T51/><REACH who="0" step="1"/><D62/><REACH who="0" ten="303,186,206,295" step="2"/><U14/><E14/><V45/><F45/><AGARI ba="0,1" hai="5,11,13,17,23,26,45,51,52,72,74,86,91,94" machi="45" ten="30,7700,0" yaku="1,1,2,1,7,1,54,1,53,0" doraHai="68" doraHaiUra="75" who="0" fromWho="2" sc="303,87,186,0,206,-77,295,0" /><INIT seed="4,0,0,3,4,41" ten="390,186,129,295" oya="0" hai0="114,94,77,42,126,60,100,68,40,46,6,20,73" hai1="104,91,105,58,31,47,3,70,59,49,39,129,2" hai2="113,12,88,61,79,76,119,10,22,84,115,90,16" hai3="7,95,92,21,64,112,118,116,85,53,124,75,123"/><T122/><D122/><U44/><E70/><V80/><F119/><W26/><G123/><T103/><D114/><N who="2" m="43530" /><F61/><W78/><G112/><T120/><D120/><U121/><E121/><V134/><F134/><W28/><G124/><T132/><D40/><U111/><E39/><V34/><F34/><W14/><G75/><T35/><D35/><U98/><E31/><V57/><F57/><W11/><G116/><T0/><D94/><U125/><E49/><V74/><F79/><W29/><G118/><T127/><D20/><U106/><E125/><V102/><F102/><W9/><G64/><T81/><D132/><U15/><E15/><N who="2" m="9503" /><F74/><W55/><G28/><T133/><D133/><U110/><E106/><V36/><F36/><W71/><G71/><T89/><D103/><U87/><E91/><V8/><F8/><W37/><G37/><N who="0" m="21839" /><D89/><U18/><E18/><AGARI ba="0,0" hai="10,12,18,76,80,84,88,90" m="9503,43530" machi="18" ten="30,3900,0" yaku="15,1,54,2" doraHai="41" who="2" fromWho="1" sc="390,0,186,-39,129,39,295,0" /><INIT seed="5,0,0,1,0,8" ten="390,147,168,295" oya="1" hai0="86,88,44,21,96,19,78,115,23,20,135,132,110" hai1="79,66,80,114,54,123,61,103,58,12,83,125,134" hai2="27,107,90,5,1,49,62,28,97,93,46,0,60" hai3="24,37,9,71,14,98,26,41,85,92,31,113,73"/><U13/><E123/><V7/><F107/><W95/><G73/><T91/><D115/><U111/><E114/><V17/><F17/><W50/><G71/><T117/><D117/><U121/><E121/><V35/><F7/><W16/><G37/><T65/><D65/><U129/><E125/><V55/><REACH who="2" step="1"/><F5/><REACH who="2" ten="390,147,158,295" step="2"/><W119/><G113/><T45/><D19/><U122/><E122/><V39/><F39/><W102/><G119/><T118/><D118/><U72/><E111/><V70/><F70/><W29/><G29/><T48/><D110/><U124/><E124/><V112/><F112/><W105/><G105/><T42/><D135/><U133/><E129/><V53/><F53/><W75/><G31/><T15/><D132/><N who="1" m="50795" /><E103/><V127/><F127/><W64/><G64/><T76/><D42/><U67/><E83/><V25/><F25/><W40/><G26/><T77/><D76/><U130/><E130/><V81/><F81/><W36/><G24/><T43/><D77/><U109/><E109/><V68/><F68/><W94/><G36/><T11/><D78/><U69/><E67/><V51/><F51/><AGARI ba="0,1" hai="12,13,51,54,58,61,66,69,72,79,80" m="50795" machi="51" ten="30,5800,0" yaku="20,1,52,2" doraHai="8" who="1" fromWho="2" sc="390,0,147,68,158,-58,295,0" /><INIT seed="5,1,0,2,3,59" ten="390,215,100,295" oya="1" hai0="49,44,7,23,40,60,73,106,123,114,82,57,112" hai1="125,45,16,134,31,88,39,113,42,62,63,115,53" hai2="26,128,22,20,83,15,4,119,10,17,77,5,56" hai3="14,109,85,116,43,105,122,120,47,33,74,132,12"/><U37/><E31/><V71/><F71/><W38/><G109/><T61/><D123/><U127/><E134/><V102/><F119/><W86/><G74/><T111/><D111/><U70/><E39/><V3/><F128/><W9/><G105/><T41/><D106/><U28/><E28/><V130/><F130/><W48/><G33/><T110/><D110/><U100/><E100/><V36/><F36/><W27/><G132/><T25/><D40/><U51/><E16/><V32/><F102/><W121/><G116/><T6/><D57/><N who="1" m="32959" /><E88/><V92/><F92/><W46/><G27/><T2/><D2/><U89/><E89/><V19/><F32/><W13/><REACH who="3" step="1"/><G9/><REACH who="3" ten="390,215,100,285" step="2"/><T104/><D104/><U75/><E75/><V8/><F56/><W99/><G99/><T72/><D73/><U90/><E70/><V35/><F35/><W103/><G103/><T108/><D72/><U67/><E90/><V84/><REACH who="2" step="1"/><F22/><REACH who="2" ten="390,215,90,285" step="2"/><W52/><AGARI ba="1,2" hai="12,13,14,38,43,46,47,48,52,85,86,120,121,122" machi="52" ten="40,5200,0" yaku="1,1,0,1,54,1,53,0" doraHai="59" doraHaiUra="87" who="3" fromWho="3" sc="390,-14,215,-27,90,-14,285,75" /><INIT seed="6,0,0,4,0,77" ten="376,188,76,360" oya="2" hai0="80,131,43,130,72,48,38,14,7,16,17,116,73" hai1="51,20,132,53,70,135,129,61,29,88,89,100,62" hai2="30,34,12,76,45,58,66,122,36,18,68,95,56" hai3="118,109,102,134,63,35,99,103,44,98,97,52,81"/><V71/><F122/><W42/><G109/><T26/><D116/><U11/><E100/><V21/><F76/><W57/><G35/><T33/><D38/><U126/><E129/><N who="0" m="49161" /><D7/><U91/><E126/><V47/><F95/><W60/><G134/><N who="1" m="51242" /><E70/><V85/><F85/><W37/><G118/><T90/><D33/><U110/><E110/><V6/><F6/><W39/><G39/><T0/><D0/><U46/><E11/><V15/><F15/><W113/><G113/><T92/><D26/><AGARI ba="0,0" hai="20,26,29,46,51,53,61,62,88,89,91" m="51242" machi="26" ten="30,2000,0" yaku="20,1,54,1" doraHai="77" who="1" fromWho="0" sc="376,-20,188,20,76,0,360,0" /><INIT seed="7,0,0,1,5,81" ten="356,208,76,360" oya="3" hai0="87,18,12,133,118,101,43,94,83,17,38,100,108" hai1="126,62,132,96,10,70,121,23,60,112,26,68,21" hai2="33,34,1,78,19,124,116,89,30,75,27,125,88" hai3="111,65,16,91,134,31,84,4,24,64,86,131,3"/><W46/><G131/><T66/><D108/><U49/><E121/><V55/><F116/><W102/><G111/><T9/><D118/><U22/><E112/><V97/><F1/><W73/><G73/><T14/><D133/><U54/><E132/><V47/><F34/><W63/><G134/><T105/><D105/><U28/><E126/><V110/><F110/><W74/><G74/><T51/><D38/><U119/><E119/><V117/><F117/><W53/><G102/><T13/><D94/><U36/><E36/><V122/><F122/><W67/><G3/><T130/><D130/><U85/><E96/><V2/><F2/><W95/><G4/><T106/><D13/><U99/><E99/><V32/><F32/><W40/><G16/><N who="0" m="8207" /><D66/><U127/><E127/><V135/><F135/><W48/><G84/><T71/><D71/><U61/><E10/><V109/><F109/><W39/><G63/><T11/><D18/><U50/><E26/><V123/><F123/><W92/><G92/><T58/><D106/><U7/><E7/><V6/><F125/><W45/><G65/><T114/><D114/><U107/><E107/><V128/><F128/><W115/><G115/><T35/><D35/><AGARI ba="0,0" hai="24,31,35,39,40,45,46,48,53,64,67,86,91,95" machi="35" ten="30,2900,0" yaku="7,1,52,1" doraHai="81" who="3" fromWho="0" sc="356,-29,208,0,76,0,360,29" owari="327,12.7,208,-19.2,76,-42.4,389,48.9" /></mjloggm>