<mjloggm ver="2.3"><GO type="169" lobby="0"/><UN n0="%E6%98%8E%E6%98%9F%E5%B8%82%E6%B0%91" n1="%E6%99%82%E8%A8%88%E5%9D%82%E9%9B%B6" n2="%E3%81%95%E3%81%8F%E3%82%88%E3%81%93%E3%81%A1%E3%82%83%E3%82%93" n3="%4D%E6%9C%AC" dan="16,16,16,16" rate="2167.13,2149.43,2089.89,2111.42" sx="M,M,F,M"/><TAIKYOKU oya="0"/><INIT seed="0,0,0,4,5,26" ten="250,250,250,250" oya="0" hai0="50,18,75,132,8,106,4,56,86,65,73,42,109" hai1="12,38,113,35,21,121,98,33,131,29,34,13,90" hai2="117,83,58,32,53,130,46,11,52,120,72,125,57" hai3="78,61,9,14,59,55,67,6,54,23,111,51,31"/><T27/><D132/><U44/><E121/><V74/><F120/><W68/><G111/><T0/><D106/><U110/><E110/><V100/><F117/><W2/><G78/><T127/><D109/><U102/><E131/><V47/><F100/><W66/><G68/><T30/><D127/><U81/><E113/><V108/><F108/><W115/><G115/><T43/><D18/><U92/><E81/><V84/><F32/><W25/><REACH who="3" step="1"/><G2/><REACH who="3" ten="250,250,250,240" step="2"/><T17/><D73/><U5/><E34/><V87/><F130/><W80/><G80/><T124/><D75/><U93/><E33/><V114/><F114/><W62/><G62/><T63/><D124/><U133/><E35/><V128/><F128/><W101/><G101/><T135/><D135/><U71/><E71/><V91/><F125/><W48/><G48/><T36/><D36/><U77/><E77/><V82/><F91/><W16/><G16/><T116/><D17/><U99/><E133/><V49/><F49/><W64/><G64/><T85/><D116/><U118/><E118/><V105/><F11/><W15/><G15/><T20/><REACH who="0" step="1"/><D50/><REACH who="0" ten="240,250,250,240" step="2"/><U96/><E38/><V1/><F1/><W104/><G104/><AGARI ba="0,2" hai="46,47,52,53,57,58,72,74,82,83,84,87,104,105" machi="104" ten="25,3200,0" yaku="22,2,54,1" doraHai="26" who="2" fromWho="3" sc="240,0,250,0,250,52,240,-32" /><INIT seed="1,0,0,5,2,7" ten="240,250,302,208" oya="1" hai0="51,28,15,69,127,16,18,125,102,52,130,14,85" hai1="89,50,32,30,77,96,90,48,27,98,36,26,29" hai2="121,20,75,67,74,109,24,111,57,132,9,72,117" hai3="135,113,124,35,13,78,108,2,4,44,47,66,53"/><U83/><E36/><V10/><F117/><W43/><G113/><T62/><D102/><U31/><E32/><V106/><F106/><W118/><G2/><T126/><D28/><U133/><E133/><V119/><F119/><W84/><G118/><T88/><D130/><U134/><E134/><V116/><F116/><W38/><G35/><T70/><D62/><U120/><E120/><V110/><F121/><W68/><G135/><T71/><D14/><U129/><E129/><V22/><F132/><W54/><G108/><T107/><D107/><U59/><E59/><V6/><F6/><W114/><G114/><T99/><D99/><N who="1" m="37931" /><E77/><V86/><F86/><W65/><G124/><T76/><D15/><U131/><E131/><V11/><F24/><N who="1" m="9257" /><E83/><V105/><F105/><W3/><G3/><T104/><D76/><U21/><E21/><V92/><F92/><W64/><G68/><T82/><D104/><U25/><E25/><V37/><F37/><W58/><G47/><AGARI ba="0,0" hai="16,18,47,51,52,69,70,71,82,85,88,125,126,127" machi="47" ten="50,8000,1" yaku="18,1,54,3" doraHai="7" who="0" fromWho="3" sc="240,80,250,0,302,0,208,-80" /><INIT seed="2,0,0,5,3,45" ten="320,250,302,128" oya="2" hai0="123,22,71,46,87,80,52,56,8,102,5,24,93" hai1="101,104,12,96,54,73,53,23,25,15,14,70,133" hai2="94,66,78,17,38,29,81,86,6,127,55,106,47" hai3="128,1,49,84,116,43,118,19,40,125,103,77,65"/><V64/><F106/><W10/><G125/><T132/><D71/><U122/><E70/><V113/><F113/><W4/><G128/><T7/><D123/><U31/><E73/><V95/><F127/><W35/><G35/><T99/><D46/><U28/><E133/><V98/><F29/><W68/><G103/><T105/><D105/><U30/><REACH who="1" step="1"/><E122/><REACH who="1" ten="320,240,302,128" step="2"/><V117/><F117/><W18/><G118/><T72/><D72/><U0/><E0/><V13/><F38/><W51/><G116/><T57/><D132/><U27/><E27/><V48/><F6/><W41/><G68/><T36/><D36/><U79/><E79/><V114/><F114/><W34/><G34/><T75/><D75/><U131/><E131/><V39/><F39/><W33/><G33/><T126/><D5/><U60/><E60/><V107/><F107/><W119/><G119/><T90/><D126/><U88/><E88/><N who="2" m="55623" /><F95/><W110/><G110/><T62/><D7/><U135/><E135/><V3/><F3/><W69/><G19/><AGARI ba="0,1" hai="12,14,15,19,23,25,28,30,31,53,54,96,101,104" machi="19" ten="40,2600,0" yaku="1,1,53,1" doraHai="45" doraHaiUra="21" who="1" fromWho="3" sc="320,0,240,36,302,0,128,-26" /><INIT seed="3,0,0,2,5,28" ten="320,276,302,102" oya="3" hai0="55,77,79,4,72,88,32,18,58,110,22,61,30" hai1="97,23,134,2,19,106,102,71,114,104,21,65,48" hai2="86,36,98,90,64,93,89,109,92,76,66,9,63" hai3="33,17,74,41,29,85,69,68,47,3,123,112,75"/><W37/><G112/><T121/><D110/><U27/><E114/><V60/><F109/><W40/><G123/><T96/><D4/><U46/><E2/><V131/><F36/><N who="3" m="21895" /><G17/><T101/><D121/><U35/><E134/><V113/><F113/><W129/><G85/><T135/><D135/><U44/><E104/><V0/><F131/><W39/><G3/><T7/><D7/><U38/><E38/><N who="3" m="14346" /><G41/><T24/><D72/><N who="3" m="27689" /><G129/><T67/><D67/><N who="2" m="25642" /><F0/><W8/><G8/><T51/><D51/><U1/><E1/><V10/><F76/><W127/><G127/><T34/><D79/><U25/><E48/><V132/><F132/><W117/><G117/><T133/><D77/><U103/><E23/><V62/><AGARI ba="0,0" hai="9,10,60,62,63,86,89,90,92,93,98" m="25642" machi="62" ten="30,1100,0" yaku="8,1" doraHai="28" who="2" fromWho="2" sc="320,-3,276,-3,302,11,102,-5" /><INIT seed="4,0,0,1,3,132" ten="317,273,313,97" oya="0" hai0="62,77,108,50,70,14,36,110,129,49,91,135,82" hai1="128,101,113,68,35,53,98,99,29,5,22,52,16" hai2="51,0,125,47,130,87,103,58,32,72,2,109,90" hai3="8,30,104,23,102,55,78,71,107,112,93,21,106"/><T41/><D129/><U38/><E38/><V83/><F109/><N who="0" m="42090" /><D135/><U6/><E68/><V44/><F130/><W133/><G133/><T94/><D70/><U116/><E116/><V59/><F32/><W97/><G112/><T100/><D100/><U111/><E111/><V86/><F72/><W127/><G71/><T17/><D62/><U61/><E128/><V37/><F103/><W28/><G78/><T42/><D94/><U7/><E113/><V123/><F123/><W24/><G8/><N who="0" m="6343" /><D91/><U1/><E1/><V11/><F11/><W57/><G30/><T76/><D76/><U67/><E29/><V19/><F90/><W84/><G23/><T40/><D36/><U85/><E35/><V105/><F37/><W54/><G84/><AGARI ba="0,0" hai="40,41,42,49,50,77,82,84" m="6343,42090" machi="84" ten="30,1500,0" yaku="10,1" doraHai="132" who="0" fromWho="3" sc="317,15,273,0,313,0,97,-15" /><INIT seed="4,1,0,1,2,69" ten="332,273,313,82" oya="0" hai0="80,109,89,56,23,66,72,22,27,103,113,52,131" hai1="32,28,96,50,98,1,19,121,8,74,26,46,33" hai2="11,88,57,85,125,47,128,116,114,37,21,101,29" hai3="105,107,84,55,93,102,5,108,129,83,24,133,61"/><T99/><D113/><U41/><E121/><V111/><F111/><W49/><G108/><T9/><D131/><U2/><E74/><V3/><F114/><W64/><G129/><T68/><D68/><U86/><E33/><V70/><F70/><W44/><G133/><T123/><D123/><U38/><E86/><V42/><F128/><W117/><G117/><T36/><D36/><U25/><E50/><V67/><F116/><W18/><G5/><T132/><D66/><U81/><E81/><V134/><F134/><W10/><G93/><T35/><D132/><U112/><E112/><V48/><F125/><W77/><G102/><T30/><D9/><U95/><E98/><V130/><F130/><W90/><G77/><T75/><D109/><U16/><E26/><V97/><F3/><W104/><G24/><T118/><D118/><U53/><E53/><V63/><F11/><W122/><G122/><T39/><D39/><U43/><E43/><V34/><F34/><W4/><G4/><T15/><D15/><U124/><E124/><V45/><F29/><W91/><G91/><T135/><D135/><U40/><E40/><V54/><F21/><N who="0" m="7690" /><D89/><U127/><E127/><V110/><F110/><W106/><N who="3" m="26624" /><DORA hai="78" /><W119/><G119/><T59/><D59/><U73/><E73/><N who="0" m="28233" /><D80/><U12/><REACH who="1" step="1"/><E19/><REACH who="1" ten="332,263,313,82" step="2"/><V58/><F97/><W14/><G64/><T20/><D35/><U17/><E17/><V51/><F51/><W60/><AGARI ba="1,1" hai="10,14,18,44,49,55,60,61,83,84,90" m="26624" machi="60" ten="60,8000,1" yaku="0,1,25,2,52,1" doraHai="69,78" who="3" fromWho="3" sc="332,-41,263,-21,313,-21,82,93" /><INIT seed="5,0,0,2,0,93" ten="291,242,292,175" oya="1" hai0="58,32,31,19,128,98,91,130,78,43,41,13,100" hai1="50,111,45,115,29,17,60,120,132,77,61,22,65" hai2="114,6,46,16,42,14,117,24,15,57,122,64,127" hai3="103,67,23,74,79,71,90,59,54,124,123,92,12"/><U0/><E0/><V73/><F117/><W105/><G123/><T34/><D78/><U38/><E38/><V52/><F122/><W134/><G134/><T109/><D91/><U86/><E120/><V81/><F127/><W126/><G67/><T108/><D58/><U25/><E132/><V36/><F64/><W62/><G71/><T39/><D31/><U110/><E115/><V63/><F114/><W20/><G103/><T94/><D39/><U8/><E8/><V21/><REACH who="2" step="1"/><F6/><REACH who="2" ten="291,242,282,175" step="2"/><W37/><G126/><T131/><D109/><N who="1" m="41483" /><E65/><V70/><F70/><W125/><G125/><T48/><D108/><U26/><E77/><AGARI ba="0,1" hai="14,15,16,21,24,36,42,46,52,57,63,73,77,81" machi="77" ten="40,5200,0" yaku="1,1,54,2,53,0" doraHai="93" doraHaiUra="88" who="2" fromWho="1" sc="291,0,242,-52,282,62,175,0" /><INIT seed="6,0,0,2,5,17" ten="291,190,344,175" oya="2" hai0="14,35,64,82,81,112,34,59,51,123,119,94,38" hai1="2,109,0,86,127,31,20,37,70,9,24,61,89" hai2="53,111,10,96,77,56,87,25,88,135,66,108,93" hai3="100,74,115,44,102,41,120,52,95,63,68,106,43"/><V122/><F122/><W15/><G120/><T113/><D38/><U55/><E37/><V8/><F135/><W57/><G74/><T39/><D39/><U48/><E109/><N who="2" m="42059" /><F66/><W103/><G106/><T23/><D123/><U4/><E127/><V118/><F118/><W101/><G115/><N who="0" m="44107" /><D94/><U131/><E131/><V83/><F25/><W75/><G75/><T98/><D98/><U84/><E2/><V58/><F58/><W47/><G68/><T117/><D81/><U91/><E84/><V107/><F107/><W21/><G95/><T3/><D82/><U73/><E73/><V85/><F96/><W121/><G121/><T46/><D3/><U130/><E130/><V134/><F134/><W90/><G90/><T67/><D59/><U62/><E70/><V28/><F28/><W78/><G78/><T125/><D125/><U16/><E31/><V54/><F54/><W13/><N who="3" m="25600" /><DORA hai="11" /><W104/><G104/><T60/><D60/><AGARI ba="0,0" hai="8,10,53,56,60,77,83,85,87,88,93" m="42059" machi="60" ten="30,2900,0" yaku="10,1,54,1" doraHai="17,11" who="2" fromWho="0" sc="291,-29,190,0,344,29,175,0" /><INIT seed="6,1,0,3,1,104" ten="262,190,373,175" oya="2" hai0="76,133,107,63,127,86,6,18,135,126,117,1,12" hai1="25,105,3,110,54,15,81,48,33,59,70,62,123" hai2="91,77,27,131,5,129,37,29,112,11,111,65,2" hai3="73,60,98,13,108,22,109,28,67,14,75,21,43"/><V46/><F112/><W80/><G43/><T114/><D107/><U72/><E3/><V102/><F111/><W118/><G118/><T68/><D68/><U36/><E105/><V7/><F102/><W51/><G51/><T52/><D114/><U84/><E110/><V113/><F7/><W35/><G35/><T38/><D38/><U128/><E36/><V87/><F65/><W50/><G50/><T116/><D76/><U49/><E128/><V97/><F97/><W106/><G80/><T96/><D86/><U132/><E132/><N who="0" m="50761" /><D96/><U17/><E123/><V40/><F77/><W56/><G109/><T85/><D85/><U34/><E70/><V99/><F99/><W88/><G108/><T119/><D52/><U82/><E25/><V115/><F115/><W41/><G41/><T10/><D63/><U95/><E33/><V93/><F113/><W89/><G106/><T23/><AGARI ba="1,0" hai="1,6,10,12,18,23,116,117,119,126,127" m="50761" machi="23" ten="40,8000,1" yaku="12,1,20,1,34,2" doraHai="104" who="0" fromWho="0" sc="262,83,190,-21,373,-41,175,-21" /><INIT seed="7,0,0,0,1,113" ten="345,169,332,154" oya="3" hai0="123,112,46,1,83,71,104,119,0,39,121,82,12" hai1="127,17,78,61,57,29,19,132,9,62,13,98,59" hai2="41,106,124,2,6,125,49,11,23,109,52,101,69" hai3="16,10,48,20,22,96,89,60,43,130,64,95,14"/><W5/><G130/><T122/><D119/><U26/><E132/><V111/><F69/><W120/><G120/><T38/><D112/><U54/><E127/><N who="2" m="48715" /><F41/><W118/><G118/><T84/><D104/><U91/><E78/><V103/><F23/><W93/><G43/><T32/><D71/><U133/><E133/><V33/><F33/><W99/><G48/><T88/><D32/><U3/><E3/><V105/><F105/><W47/><G47/><T24/><D24/><U63/><E29/><V73/><F73/><W74/><G74/><T68/><D68/><U37/><E37/><V117/><F117/><W7/><G22/><T65/><D65/><U81/><E54/><V129/><F129/><W80/><G80/><T18/><D82/><U72/><E72/><V76/><F76/><W31/><G31/><T35/><D35/><U94/><E81/><V108/><F106/><W21/><G21/><AGARI ba="0,0" hai="9,13,17,19,21,26,57,59,61,62,63,91,94,98" machi="21" ten="40,1300,0" yaku="8,1" doraHai="113" who="1" fromWho="3" sc="345,0,169,13,332,0,154,-13" owari="345,44.5,182,-21.8,332,13.2,141,-35.9" /></mjloggm>