<mjloggm ver="2.3"><GO type="169" lobby="0"/><UN n0="%E3%80%8C%E3%82%AD%E3%82%BF%E3%80%8D" n1="%E3%82%8A%E3%82%93%E3%81%94%32%32%36" n2="%E3%83%94%E3%83%B3%E3%82%B5%E3%83%AD%E5%BA%97%E5%93%A1" n3="%E3%83%8F%E3%83%B3%E3%83%81%E3%83%A7%E3%82%A6%E5%A4%A7%E6%A7%BB" dan="16,17,17,16" rate="2050.18,2173.43,2281.37,2105.21" sx="M,M,M,M"/><TAIKYOKU oya="0"/><INIT seed="0,0,0,2,5,3" ten="250,250,250,250" oya="0" hai0="17,111,125,93,131,34,95,15,26,49,76,58,96" hai1="27,45,121,65,63,40,99,16,11,82,51,115,92" hai2="70,90,7,31,118,100,4,128,94,61,80,24,50" hai3="88,69,18,47,6,37,53,110,36,10,75,89,14"/><T119/><D119/><U21/><E115/><V13/><F118/><W68/><G110/><T60/><D125/><U71/><E121/><V66/><F128/><W87/><G75/><T5/><D131/><U72/><E72/><V12/><F100/><W116/><G116/><T101/><D76/><U112/><E112/><V57/><F80/><W130/><G130/><T64/><D5/><N who="2" m="2122" /><F70/><W39/><G89/><T25/><D34/><U67/><E67/><V48/><F24/><W42/><G53/><T20/><D111/><U129/><E129/><V108/><F31/><W8/><G68/><T43/><REACH who="0" step="1"/><D95/><REACH who="0" ten="240,250,250,250" step="2"/><U35/><E35/><V2/><F108/><W44/><G69/><T22/><D22/><U97/><E11/><V29/><F2/><W83/><G47/><AGARI ba="0,1" hai="15,17,20,25,26,43,47,49,58,60,64,93,96,101" machi="47" ten="40,7700,0" yaku="1,1,8,1,53,1" doraHai="3" doraHaiUra="56" who="0" fromWho="3" sc="240,87,250,0,250,0,250,-77" /><INIT seed="0,1,0,5,3,76" ten="327,250,250,173" oya="0" hai0="57,66,55,80,71,114,70,14,92,40,60,78,73" hai1="69,39,35,91,86,47,52,130,42,104,5,131,87" hai2="102,65,49,110,81,120,56,105,74,45,132,43,51" hai3="30,26,117,72,122,103,62,23,63,11,124,107,85"/><T126/><D114/><U50/><E35/><V94/><F120/><W24/><G117/><T13/><D126/><U15/><E104/><V67/><F105/><W44/><G124/><T12/><D40/><U112/><E112/><V1/><F1/><W27/><G122/><T31/><D31/><U121/><E69/><V133/><F102/><W2/><G72/><T128/><D128/><U6/><E87/><V84/><F94/><W99/><G44/><T58/><REACH who="0" step="1"/><D92/><REACH who="0" ten="317,250,250,173" step="2"/><U82/><E121/><V4/><F43/><W134/><G30/><T54/><D54/><U113/><E113/><V9/><F133/><W106/><G106/><T32/><D32/><U77/><E131/><V59/><F132/><W0/><G134/><T125/><D125/><U22/><E130/><V33/><F33/><W90/><G107/><T64/><D64/><U19/><REACH who="1" step="1"/><E77/><REACH who="1" ten="317,240,250,173" step="2"/><V10/><F65/><W100/><G0/><T96/><D96/><U8/><E8/><V75/><F10/><W111/><G11/><T89/><D89/><U109/><E109/><V93/><F67/><W108/><G2/><T20/><D20/><U129/><E129/><V25/><F110/><W61/><G23/><T37/><D37/><U21/><E21/><V41/><F9/><W135/><G135/><T17/><D17/><U95/><E95/><V123/><F93/><N who="3" m="54479" /><G99/><T18/><D18/><U88/><E88/><V53/><F123/><W29/><G29/><T98/><D98/><U68/><E68/><V46/><F4/><W48/><G111/><T7/><D7/><U16/><E16/><V97/><F97/><RYUUKYOKU ba="1,2" sc="317,15,240,15,250,-15,173,-15" hai0="12,13,14,55,57,58,60,66,70,71,73,78,80" hai1="5,6,15,19,22,39,42,47,50,52,82,86,91" /><INIT seed="0,2,2,2,4,8" ten="332,255,235,158" oya="0" hai0="135,47,49,29,66,31,86,11,15,88,123,132,128" hai1="131,125,77,14,40,23,101,94,107,112,69,108,55" hai2="95,114,89,54,34,18,41,75,45,122,115,127,79" hai3="1,63,68,44,97,78,71,3,126,51,96,113,30"/><T73/><D123/><U52/><E107/><V85/><F122/><W20/><G113/><T121/><D73/><U58/><E69/><V90/><F34/><W110/><G110/><T42/><D66/><U13/><E108/><V98/><F127/><W43/><G126/><T83/><D128/><U22/><E125/><V65/><F65/><W105/><G63/><T82/><D82/><U25/><E112/><V39/><F79/><W124/><G124/><T64/><D64/><U21/><E77/><V61/><F75/><W100/><G78/><T53/><D42/><U129/><E40/><V74/><F74/><W2/><G30/><T28/><REACH who="0" step="1"/><D121/><REACH who="0" ten="322,255,235,158" step="2"/><U24/><E129/><V48/><F115/><W7/><G7/><AGARI ba="2,3" hai="7,11,15,28,29,31,47,49,53,83,86,88,132,135" machi="7" ten="40,12000,1" yaku="1,1,2,1,52,1,54,1,53,0" doraHai="8" doraHaiUra="92" who="0" fromWho="3" sc="322,156,255,0,235,0,158,-126" /><INIT seed="0,3,0,1,4,77" ten="478,255,235,32" oya="0" hai0="47,48,104,37,28,102,122,6,95,33,86,99,66" hai1="9,11,69,25,101,53,10,123,105,120,54,125,27" hai2="97,76,71,88,68,130,64,38,1,98,23,114,79" hai3="2,124,129,42,75,82,94,14,39,50,91,55,126"/><T49/><D122/><U134/><E69/><V72/><F114/><W96/><G2/><T19/><D6/><U35/><E125/><N who="3" m="48234" /><G14/><T5/><D5/><U115/><E115/><V78/><F1/><W0/><G0/><T73/><D73/><U108/><E108/><V117/><F72/><W57/><G129/><T60/><D19/><U34/><E101/><V17/><F38/><W85/><G75/><T116/><D116/><U100/><E100/><V58/><F130/><W87/><G87/><T110/><D110/><U112/><E112/><V83/><F68/><W52/><G39/><T45/><D37/><U111/><E111/><V107/><F71/><W133/><G133/><T67/><D86/><U135/><REACH who="1" step="1"/><E11/><REACH who="1" ten="478,245,235,32" step="2"/><V31/><F117/><W113/><G113/><T84/><D102/><U29/><E29/><V44/><F31/><W70/><G70/><T81/><D28/><U24/><E24/><N who="2" m="14447" /><F107/><AGARI ba="3,1" hai="9,10,25,27,34,35,53,54,105,107,120,123,134,135" machi="107" ten="25,3200,0" yaku="1,1,22,2,53,0" doraHai="77" doraHaiUra="13" who="1" fromWho="2" sc="478,0,245,51,235,-41,32,0" /><INIT seed="1,0,0,5,0,47" ten="478,296,194,32" oya="1" hai0="101,67,35,108,58,15,21,7,98,103,95,22,79" hai1="110,24,56,97,84,17,41,20,106,19,63,83,69" hai2="11,80,99,62,112,0,109,28,116,115,90,126,13" hai3="33,27,91,36,124,64,75,55,132,54,120,133,93"/><U92/><E106/><V57/><F116/><W18/><G120/><T122/><D35/><U66/><E69/><V50/><F0/><W46/><G75/><T87/><D103/><U32/><E32/><V73/><F109/><W81/><G64/><T102/><D102/><N who="1" m="60711" /><E41/><V82/><F126/><W3/><G3/><T39/><D39/><U135/><E135/><V5/><F28/><W117/><G117/><T118/><D118/><U89/><E110/><V1/><F1/><W14/><G81/><T119/><D119/><U72/><E72/><V129/><F129/><W29/><G124/><T68/><D68/><U76/><E76/><V61/><F73/><W2/><G2/><T71/><D71/><U125/><E125/><V8/><F8/><W111/><G111/><T128/><D128/><U43/><E43/><V48/><F62/><W38/><G55/><T86/><D79/><U10/><E10/><V31/><F31/><AGARI ba="0,0" hai="17,19,20,24,31,56,63,66,83,84,89" m="60711" machi="31" ten="30,2900,0" yaku="25,1,8,1" doraHai="47" who="1" fromWho="2" sc="478,0,296,29,194,-29,32,0" /><INIT seed="1,1,0,5,0,12" ten="478,325,165,32" oya="1" hai0="128,129,63,126,103,104,49,11,82,19,29,24,95" hai1="20,125,100,10,70,111,134,120,58,67,112,99,55" hai2="74,44,37,92,102,106,65,30,41,3,93,13,94" hai3="8,78,46,107,48,108,54,122,60,16,135,35,17"/><U61/><E112/><V101/><F3/><W119/><G107/><T5/><D104/><U131/><E120/><V22/><F74/><W39/><G35/><T9/><D82/><U124/><E131/><V72/><F72/><W28/><G28/><T45/><D63/><U88/><E134/><V96/><F65/><W34/><G34/><T26/><D126/><U73/><E73/><V56/><F56/><N who="3" m="34839" /><G122/><T7/><D103/><U15/><E20/><V117/><F117/><W33/><G33/><T53/><D95/><U80/><E111/><V66/><F66/><W47/><G39/><T18/><D129/><U25/><E25/><N who="0" m="9833" /><D29/><U130/><E130/><V83/><F83/><W69/><G69/><T98/><D98/><U36/><E36/><V85/><F30/><W118/><G135/><T14/><D128/><U43/><E100/><V2/><F102/><W38/><G108/><T57/><D57/><U116/><E116/><N who="3" m="44586" /><G78/><T79/><D79/><U84/><E99/><V50/><F37/><W86/><G86/><T59/><D59/><U4/><REACH who="1" step="1"/><E43/><REACH who="1" ten="478,315,165,32" step="2"/><V87/><F87/><W109/><G109/><T105/><D105/><U97/><E97/><V68/><F85/><W0/><G38/><T115/><D115/><U64/><E64/><V127/><F106/><W89/><G89/><T76/><D76/><U110/><E110/><V81/><F101/><W31/><G31/><T121/><D121/><U133/><E133/><V113/><F96/><W123/><G123/><T62/><D62/><AGARI ba="1,1" hai="4,10,15,55,58,61,62,67,70,80,84,88,124,125" machi="62" ten="40,7700,0" yaku="1,1,54,1,53,1" doraHai="12" doraHaiUra="77" who="1" fromWho="0" sc="478,-80,315,90,165,0,32,0" /><INIT seed="1,2,0,3,2,97" ten="398,405,165,32" oya="1" hai0="124,72,108,18,86,38,32,30,51,4,121,127,36" hai1="110,123,43,59,77,15,12,131,17,2,125,19,31" hai2="118,135,84,14,93,114,48,45,99,57,115,116,119" hai3="75,55,8,53,106,46,78,130,16,105,52,126,42"/><U5/><E77/><V26/><F135/><W7/><G130/><T73/><D4/><U103/><E123/><V40/><F84/><W21/><G126/><T65/><D65/><U49/><E125/><V64/><F14/><W96/><G96/><T85/><D18/><U6/><E2/><V134/><F134/><W88/><G88/><T63/><D51/><U11/><E131/><V98/><F26/><W101/><G101/><T56/><D121/><U70/><E70/><V33/><F33/><W94/><G94/><T1/><D1/><U39/><E31/><V83/><F83/><W117/><G117/><T74/><D30/><U79/><E79/><V41/><F41/><W10/><G10/><T132/><D132/><U92/><E39/><V95/><F64/><W109/><G109/><T3/><D3/><U111/><E92/><V66/><F66/><W54/><N who="3" m="13312" /><DORA hai="35" /><W44/><G78/><T89/><D32/><U122/><E59/><V9/><F57/><W20/><G75/><T47/><D108/><N who="1" m="41515" /><E103/><V100/><REACH who="2" step="1"/><F9/><REACH who="2" ten="398,405,155,32" step="2"/><W24/><G21/><T0/><D127/><U34/><E34/><V87/><F87/><W71/><G71/><T67/><D86/><U104/><E122/><V69/><F69/><W102/><G46/><T76/><D124/><U113/><E11/><V23/><F23/><W58/><G58/><T61/><D47/><U60/><E15/><V29/><F29/><W112/><G8/><T133/><D133/><U27/><E12/><V120/><F120/><W68/><G68/><T62/><D85/><U28/><E28/><V129/><F129/><RYUUKYOKU ba="2,1" sc="398,-10,405,-10,155,30,32,-10" hai2="40,45,48,93,95,98,99,100,114,115,116,118,119" /><INIT seed="2,3,1,5,3,10" ten="388,395,185,22" oya="2" hai0="59,20,52,12,14,132,6,7,11,120,123,73,130" hai1="64,63,118,96,33,30,4,18,105,107,127,32,17" hai2="84,65,27,43,60,3,135,46,36,99,74,129,39" hai3="83,85,8,44,71,114,108,97,117,16,128,75,131"/><V109/><F74/><W113/><G117/><T29/><D73/><U47/><E118/><V79/><F3/><W134/><G71/><T62/><D130/><N who="3" m="49705" /><G75/><T45/><D132/><U82/><E82/><V102/><F129/><W24/><G134/><T126/><D126/><U125/><E47/><V2/><F2/><W9/><G44/><T31/><D45/><U119/><E4/><V70/><F135/><W88/><G97/><T89/><D89/><U21/><E30/><V54/><F109/><W53/><G53/><T69/><D69/><U38/><E38/><V26/><F39/><W5/><G108/><T78/><D78/><U112/><E18/><V110/><F110/><W37/><G37/><T81/><D81/><U42/><E42/><V103/><F54/><W28/><G28/><T121/><D20/><U93/><E33/><V122/><F122/><W41/><G41/><T0/><D0/><U25/><E32/><V87/><F103/><W98/><G98/><T91/><D91/><N who="1" m="55359" /><E119/><V49/><F36/><W111/><G111/><T76/><D76/><U67/><E67/><V92/><REACH who="2" step="1"/><F79/><REACH who="2" ten="388,395,175,22" step="2"/><W55/><G55/><T72/><D72/><U13/><E127/><V34/><F34/><W95/><G95/><T90/><D90/><U51/><E125/><V19/><F19/><W80/><G80/><T101/><D101/><U23/><E17/><V116/><F116/><W1/><G24/><AGARI ba="3,2" hai="24,26,27,43,46,49,60,65,70,84,87,92,99,102" machi="24" ten="40,2000,0" yaku="1,1,53,0" doraHai="10" doraHaiUra="50" who="2" fromWho="3" sc="388,0,395,0,175,49,22,-29" owari="388,18.8,395,49.5,224,-17.6,-7,-50.7" /></mjloggm>