<mjloggm ver="2.3"><GO type="169" lobby="0"/><UN n0="%E6%89%8B%E6%8A%BC%E3%81%97%E8%BB%8A" n1="%E9%B3%B4%E8%8C%B6" n2="%E6%99%A8%E6%98%8F%E5%B0%8D%E5%B3%99" n3="%E3%81%9F%E3%81%8B%31%34%31" dan="16,16,17,16" rate="2087.81,2148.87,2211.72,2134.48" sx="M,M,M,M"/><TAIKYOKU oya="0"/><INIT seed="0,0,0,3,2,52" ten="250,250,250,250" oya="0" hai0="64,47,131,113,34,98,104,88,135,82,63,117,15" hai1="97,122,70,51,87,69,126,60,9,127,112,46,38" hai2="95,19,23,94,121,36,129,22,37,21,48,106,102" hai3="73,109,72,124,114,78,3,56,75,57,16,118,0"/><T92/><D117/><U12/><E122/><V13/><F121/><W25/><G118/><T7/><D113/><U27/><E112/><V80/><F129/><W125/><G114/><T108/><D34/><U79/><E38/><V134/><F134/><W100/><G100/><T20/><D135/><U33/><E97/><V119/><F119/><W105/><G105/><T44/><D131/><U24/><E79/><V8/><F80/><W35/><G78/><T111/><D104/><U29/><E87/><V91/><F48/><W67/><G67/><T110/><D82/><U5/><E24/><V101/><F106/><W99/><G99/><T81/><D81/><U103/><E103/><V132/><F132/><W83/><G83/><T54/><D54/><U1/><E1/><N who="3" m="586" /><G109/><T18/><D7/><U28/><E29/><V120/><F120/><W4/><G4/><T62/><D62/><U50/><E51/><V10/><F10/><W32/><G16/><T30/><D30/><U49/><E50/><V2/><F2/><W14/><G14/><T133/><D133/><U61/><E60/><V77/><F77/><W6/><G6/><T96/><D98/><U85/><E85/><N who="2" m="52591" /><F102/><W58/><G25/><T17/><D17/><U90/><E90/><V66/><F66/><W116/><G116/><T74/><D74/><U40/><REACH who="1" step="1"/><E61/><REACH who="1" ten="250,240,250,250" step="2"/><V43/><F37/><W128/><G128/><T115/><REACH who="0" step="1"/><D115/><REACH who="0" ten="240,240,250,250" step="2"/><U86/><E86/><V65/><F36/><W41/><G41/><T71/><AGARI ba="0,2" hai="15,18,20,44,47,63,64,71,88,92,96,108,110,111" machi="71" ten="30,18000,2" yaku="1,1,2,1,0,1,14,1,10,1,54,1,53,0" doraHai="52" doraHaiUra="31" who="0" fromWho="0" sc="240,200,240,-60,250,-60,250,-60" /><INIT seed="0,1,0,3,2,121" ten="440,180,190,190" oya="0" hai0="86,130,118,79,73,22,105,72,77,60,35,30,76" hai1="112,58,111,20,12,56,55,26,11,31,135,123,115" hai2="103,40,97,88,109,89,75,107,114,65,117,106,108" hai3="69,27,66,133,44,43,4,14,84,51,17,82,7"/><T127/><D35/><U101/><E123/><V93/><F40/><W23/><G133/><T39/><D39/><U53/><E135/><V15/><F65/><W9/><G69/><T34/><D34/><U5/><E101/><V70/><F70/><W102/><G102/><T113/><D113/><U99/><E99/><V37/><F37/><W110/><G66/><T6/><D6/><U68/><E68/><V59/><F59/><W104/><G104/><N who="2" m="39977" /><F114/><N who="1" m="43561" /><E111/><N who="2" m="42571" /><F117/><W98/><G98/><T19/><D105/><U78/><E78/><V16/><F75/><W124/><G110/><T129/><D30/><U3/><E3/><V116/><F116/><W87/><G124/><T24/><D127/><U131/><E131/><N who="0" m="50185" /><D118/><U25/><E25/><V132/><F132/><W61/><G61/><T52/><D86/><U54/><AGARI ba="1,0" hai="5,11,12,20,26,31,53,54,55,56,58" m="43561" machi="54" ten="30,1100,0" yaku="11,1" doraHai="121" who="1" fromWho="1" sc="440,-6,180,14,190,-4,190,-4" /><INIT seed="1,0,0,5,3,48" ten="434,194,186,186" oya="1" hai0="16,120,79,51,119,89,26,113,81,49,11,50,44" hai1="105,0,63,33,61,101,80,72,66,115,95,35,122" hai2="135,18,78,54,15,3,127,76,39,13,46,37,88" hai3="21,19,71,109,86,96,82,108,98,133,5,91,97"/><U77/><E115/><V103/><F3/><W41/><G71/><T55/><D119/><U111/><E122/><V130/><F103/><W57/><G133/><T104/><D104/><U131/><E0/><V132/><F127/><W100/><G5/><T64/><D113/><U126/><E126/><V125/><F130/><W47/><G57/><T17/><D64/><U2/><E2/><V58/><F125/><W68/><G68/><T10/><D79/><N who="2" m="30250" /><F13/><W30/><G30/><T45/><D120/><U28/><E131/><V69/><F69/><W34/><G34/><T110/><D110/><U83/><E105/><V124/><F124/><W9/><G9/><N who="0" m="3083" /><D50/><U56/><E111/><V1/><F1/><W74/><G74/><T129/><D26/><U42/><E101/><V116/><F116/><W75/><G75/><T117/><D129/><U12/><E72/><V70/><F70/><W121/><G121/><T67/><D67/><U94/><E12/><V73/><F73/><W36/><REACH who="3" step="1"/><G100/><REACH who="3" ten="434,194,186,176" step="2"/><T32/><D32/><U14/><E33/><V4/><F4/><W112/><G112/><T118/><D118/><U62/><E35/><V20/><F46/><W59/><G59/><T25/><D117/><U123/><E56/><V60/><F132/><W134/><G134/><T31/><D31/><U128/><E28/><V87/><F135/><W52/><G52/><N who="0" m="29735" /><D25/><AGARI ba="0,1" hai="19,21,25,36,41,47,82,86,91,96,97,98,108,109" machi="25" ten="40,1300,0" yaku="1,1,53,0" doraHai="48" doraHaiUra="65" who="3" fromWho="0" sc="434,-13,194,0,186,0,176,23" /><INIT seed="2,0,0,5,5,5" ten="421,194,186,199" oya="2" hai0="124,76,44,4,99,64,43,71,73,101,96,108,3" hai1="127,65,106,16,68,87,7,97,13,33,26,24,113" hai2="23,18,95,53,133,98,6,78,100,69,57,10,56" hai3="66,34,39,89,20,63,42,51,93,119,11,129,22"/><V132/><F69/><W47/><G119/><T1/><D99/><U125/><E113/><V46/><F78/><W118/><G118/><T121/><D121/><U58/><E7/><V109/><F109/><W135/><G34/><T92/><D108/><U37/><E37/><V79/><F79/><W54/><G129/><T32/><D32/><U27/><E33/><V105/><F105/><W112/><G135/><N who="2" m="51785" /><F46/><W62/><G112/><T2/><D124/><N who="1" m="47691" /><E68/><V38/><F38/><W61/><G66/><T49/><D64/><U19/><E87/><V82/><F82/><W28/><G28/><T70/><D4/><U86/><E86/><V67/><F67/><W114/><G114/><T128/><D128/><U130/><E130/><V12/><F53/><W94/><G54/><T131/><D131/><U111/><E111/><V29/><F29/><W52/><G94/><T126/><D126/><U25/><N who="1" m="6144" /><DORA hai="85" /><U117/><E117/><V122/><F122/><W107/><G107/><T30/><D30/><U15/><E106/><V102/><F102/><W115/><G115/><T81/><AGARI ba="0,0" hai="1,2,3,43,44,49,70,71,73,76,81,92,96,101" machi="81" ten="40,1500,0" yaku="0,1" doraHai="5,85" who="0" fromWho="0" sc="421,15,194,-4,186,-7,199,-4" /><INIT seed="3,0,0,5,0,125" ten="436,190,179,195" oya="3" hai0="25,24,52,90,61,32,0,53,15,89,13,80,59" hai1="55,113,4,120,60,51,79,81,114,134,43,62,97" hai2="104,126,87,83,10,37,71,46,121,67,110,57,47" hai3="93,123,66,116,135,27,30,18,127,133,28,94,19"/><W78/><G116/><T42/><D0/><U69/><E120/><V103/><F110/><W6/><G123/><T33/><D80/><U72/><E134/><V124/><F121/><W36/><G36/><T109/><D59/><U76/><E43/><V117/><F117/><W22/><G78/><T12/><D42/><U74/><E4/><V105/><F71/><W20/><G66/><T99/><D99/><U112/><E97/><N who="2" m="61551" /><F105/><W34/><G6/><T88/><D61/><U92/><E92/><V40/><F47/><W38/><G38/><T50/><D50/><U16/><E69/><V102/><F10/><W63/><G63/><T14/><D14/><U39/><E39/><V68/><F102/><W26/><REACH who="3" step="1"/><G34/><REACH who="3" ten="436,190,179,185" step="2"/><N who="0" m="13419" /><D109/><U128/><E76/><N who="2" m="46567" /><F67/><W8/><G8/><T48/><D48/><U2/><E51/><V100/><F68/><W64/><G64/><T54/><AGARI ba="0,1" hai="12,13,15,24,25,52,53,54,88,89,90" m="13419" machi="54" ten="40,12000,2" yaku="29,2,28,2,54,2" doraHai="125" who="0" fromWho="0" sc="436,130,190,-30,179,-30,185,-60" /><INIT seed="4,0,0,5,0,69" ten="566,160,149,125" oya="0" hai0="101,109,87,132,17,111,100,128,44,16,61,105,39" hai1="10,1,42,6,45,27,82,102,92,80,84,68,76" hai2="95,90,26,119,9,77,48,83,97,13,125,104,36" hai3="19,106,81,55,73,4,134,11,121,94,2,112,52"/><T57/><D132/><U38/><E68/><V98/><F125/><W59/><G106/><T103/><D87/><U46/><E27/><V122/><F122/><W118/><G118/><T65/><D105/><U96/><E46/><V14/><F119/><W33/><G33/><T5/><D5/><U79/><REACH who="1" step="1"/><E80/><REACH who="1" ten="566,150,149,125" step="2"/><V114/><F26/><W91/><G121/><T24/><D128/><U89/><AGARI ba="0,1" hai="1,6,10,38,42,45,76,79,82,84,89,92,96,102" machi="89" ten="20,8000,1" yaku="1,1,2,1,0,1,7,1,52,1,53,0" doraHai="69" doraHaiUra="107" who="1" fromWho="1" sc="566,-40,150,90,149,-20,125,-20" /><INIT seed="5,0,0,1,1,57" ten="526,240,129,105" oya="1" hai0="14,56,76,114,23,25,103,46,37,93,113,62,105" hai1="134,63,44,35,26,121,7,129,18,131,127,97,96" hai2="110,104,124,88,122,115,99,40,125,64,58,10,52" hai3="72,107,91,120,69,102,133,4,11,8,95,61,117"/><U49/><E121/><V128/><F122/><W109/><G120/><T118/><D105/><U82/><E7/><V87/><F110/><W17/><G109/><T119/><D14/><U65/><E82/><N who="2" m="49271" /><F40/><W123/><G123/><T22/><D76/><U59/><E134/><V135/><F135/><W42/><G72/><T101/><D37/><U80/><E80/><V89/><F64/><W38/><G102/><T54/><D46/><U90/><E127/><N who="2" m="48715" /><F10/><W20/><G107/><T67/><D54/><N who="1" m="29991" /><E90/><V81/><F128/><N who="1" m="49225" /><E35/><V75/><F115/><N who="0" m="44042" /><D23/><AGARI ba="0,0" hai="18,23,26,59,63,65,96,97" m="49225,29991" machi="23" ten="30,2900,0" yaku="19,1,52,1" doraHai="57" who="1" fromWho="0" sc="526,-29,240,29,129,0,105,0" /><INIT seed="5,1,0,0,3,37" ten="497,269,129,105" oya="1" hai0="54,121,7,90,38,23,113,127,134,114,118,48,106" hai1="97,27,21,91,51,120,2,76,108,35,103,57,63" hai2="18,65,52,50,43,45,30,68,55,135,77,93,89" hai3="101,67,100,116,129,60,19,130,104,32,117,132,84"/><U12/><E120/><V56/><F135/><W1/><G1/><T72/><D72/><U10/><E2/><V26/><F77/><W105/><G32/><T70/><D70/><U79/><E35/><V96/><F68/><W69/><G19/><T47/><D106/><N who="3" m="41065" /><G132/><T33/><D33/><U14/><E51/><V111/><F111/><W88/><G60/><T119/><D7/><U98/><E103/><N who="3" m="39498" /><G67/><T115/><D121/><U49/><E49/><V61/><F18/><W13/><G13/><N who="1" m="5226" /><E91/><V66/><F66/><W0/><G0/><T80/><D134/><U25/><E10/><V62/><F62/><W16/><G16/><T107/><D107/><U95/><E108/><V36/><F36/><W112/><G112/><T110/><D110/><U126/><E21/><AGARI ba="1,0" hai="21,26,30,43,45,50,52,55,56,61,65,89,93,96" machi="21" ten="30,7700,0" yaku="7,1,8,1,52,1,54,1" doraHai="37" who="2" fromWho="1" sc="497,0,269,-80,129,80,105,0" /><INIT seed="6,0,0,2,0,119" ten="497,189,209,105" oya="2" hai0="13,131,26,92,36,39,22,67,44,61,6,101,2" hai1="98,109,90,96,45,88,94,91,68,52,1,0,31" hai2="82,108,12,43,65,99,14,51,70,3,5,33,104" hai3="72,37,125,58,57,8,122,15,17,77,23,29,127"/><V63/><F108/><W38/><G77/><T113/><D2/><U134/><E109/><V116/><F116/><W7/><G72/><T47/><D113/><U4/><E68/><V60/><F82/><W132/><G58/><T24/><D131/><U110/><E110/><V83/><F83/><W130/><G57/><T120/><D120/><U93/><E134/><V84/><F84/><W71/><G71/><T27/><D39/><U28/><E4/><V118/><F118/><W25/><G38/><T75/><D75/><U89/><E1/><V62/><F33/><N who="3" m="20655" /><G37/><T42/><D47/><U56/><E45/><N who="2" m="26047" /><F3/><N who="3" m="127" /><G130/><T53/><D53/><U78/><E0/><V123/><F123/><W32/><G32/><T102/><D92/><U74/><E78/><V103/><F104/><W46/><G46/><T135/><D135/><U54/><E74/><V106/><F106/><W112/><G132/><T21/><D102/><N who="1" m="60687" /><E54/><V105/><F70/><W100/><G100/><T55/><D55/><U117/><E117/><V11/><F65/><W50/><G50/><AGARI ba="0,0" hai="28,31,50,52,56,88,89,90,91,94,98" m="60687" machi="50" ten="30,3900,0" yaku="8,1,54,2" doraHai="119" who="1" fromWho="3" sc="497,0,189,39,209,0,105,-39" /><INIT seed="7,0,0,4,5,111" ten="497,228,209,66" oya="3" hai0="102,21,65,90,93,60,17,125,9,115,36,94,85" hai1="49,32,118,45,20,61,30,52,107,134,110,120,87" hai2="67,80,95,41,23,124,11,12,116,126,76,16,0" hai3="74,38,58,4,27,128,117,123,72,98,59,131,24"/><W10/><G117/><T86/><D36/><U31/><E120/><V28/><F116/><W56/><G38/><T75/><D75/><U40/><E110/><V73/><F67/><W99/><G10/><T97/><D9/><U37/><E118/><V62/><F62/><W42/><G42/><T88/><D115/><U66/><E32/><V132/><F132/><W77/><G77/><T81/><D125/><N who="2" m="48234" /><F95/><W47/><G47/><T19/><D21/><U89/><E107/><V133/><F133/><W92/><G92/><T51/><D51/><N who="1" m="27047" /><E134/><V44/><F28/><N who="1" m="10793" /><E37/><N who="2" m="21551" /><F23/><W34/><G4/><T15/><D15/><U122/><E122/><V53/><F53/><W82/><G123/><T29/><D29/><U84/><E20/><V22/><F22/><W135/><G135/><T104/><D104/><U46/><E89/><V35/><F0/><W70/><G59/><AGARI ba="0,0" hai="17,19,59,60,65,81,85,86,88,90,93,94,97,102" machi="59" ten="30,3900,0" yaku="7,1,8,1,54,1" doraHai="111" who="0" fromWho="3" sc="497,39,228,0,209,0,66,-39" /><AGARI ba="0,0" hai="46,49,52,59,61,66,84,87" m="10793,27047" machi="59" ten="30,2000,0" yaku="8,1,54,1" doraHai="111" who="1" fromWho="3" sc="536,0,228,20,209,0,27,-20" owari="536,63.6,248,4.8,209,-19.1,7,-49.3" /></mjloggm>