<mjloggm ver="2.3"><GO type="169" lobby="0"/><UN n0="%E3%83%8F%E3%82%BA%E3%83%AC" n1="%E3%83%A4%E3%83%9E%E3%83%80%E3%81%95%E3%82%93" n2="%57%44%44%69%65" n3="%E3%82%84%E3%81%BE%E6%82%A0%59%59%59%59" dan="17,17,16,17" rate="2160.48,2107.32,2092.73,2219.54" sx="M,M,M,M"/><TAIKYOKU oya="0"/><INIT seed="0,0,0,5,5,9" ten="250,250,250,250" oya="0" hai0="132,104,128,97,126,125,5,6,31,107,72,82,63" hai1="17,55,109,124,77,69,66,103,80,2,68,18,116" hai2="84,39,106,11,100,47,133,13,37,119,52,29,44" hai3="1,19,24,4,113,21,98,59,3,23,40,41,90"/><T89/><D31/><U58/><E2/><V14/><F29/><W60/><G113/><T28/><D28/><U73/><E116/><V96/><F119/><W112/><G112/><T51/><D51/><U30/><E109/><V34/><F34/><W12/><G1/><T49/><D49/><U75/><E75/><V48/><F133/><W92/><G3/><T35/><D35/><U25/><E124/><N who="0" m="47721" /><D132/><U78/><E78/><V26/><F26/><W129/><G129/><T33/><D33/><U65/><E103/><V15/><F44/><W85/><G85/><N who="0" m="50359" /><D128/><U64/><E69/><V108/><F108/><W61/><G61/><T105/><D72/><U127/><E68/><V62/><F11/><N who="3" m="4199" /><G23/><T22/><D22/><U16/><E127/><V102/><F102/><W118/><G118/><T70/><D97/><U93/><E30/><V54/><REACH who="2" step="1"/><F84/><REACH who="2" ten="250,250,240,250" step="2"/><W43/><G43/><T88/><D105/><U71/><E25/><V67/><F67/><AGARI ba="0,1" hai="19,21,24,40,41,59,60,67,90,92,98" m="4199" machi="67" ten="30,2000,0" yaku="8,1,52,1" doraHai="9" who="3" fromWho="2" sc="250,0,250,0,240,-20,250,30" /><INIT seed="1,0,0,0,1,104" ten="250,250,220,280" oya="1" hai0="91,125,42,32,101,9,82,48,58,63,68,72,135" hai1="90,27,116,43,97,57,36,87,128,126,85,107,112" hai2="30,80,67,44,69,77,79,89,5,39,98,127,22" hai3="131,130,120,114,99,74,129,6,1,65,51,61,18"/><U31/><E112/><V8/><F127/><W29/><G114/><T14/><D32/><U25/><E116/><V106/><F67/><W102/><G120/><T47/><D135/><U132/><E132/><V117/><F69/><W15/><G29/><T71/><D125/><U133/><E133/><V134/><F134/><W41/><G6/><T56/><D101/><U21/><E126/><V73/><F79/><W110/><G1/><T38/><D38/><U34/><E128/><V28/><F22/><W40/><G51/><T55/><D58/><U16/><E57/><V35/><F117/><W49/><G49/><T52/><D42/><U83/><E87/><V7/><F7/><W13/><G110/><T53/><D53/><U19/><E19/><V46/><F46/><W75/><G41/><T2/><D2/><U100/><REACH who="1" step="1"/><E43/><REACH who="1" ten="250,240,220,280" step="2"/><N who="2" m="22655" /><F30/><W54/><G40/><T64/><D68/><U103/><E103/><N who="2" m="62839" /><F28/><W92/><G18/><N who="0" m="8527" /><D71/><U3/><E3/><N who="2" m="63" /><F89/><W118/><G118/><T86/><D55/><U66/><E66/><V37/><F37/><AGARI ba="0,1" hai="16,21,25,27,31,34,36,37,83,85,90,97,100,107" machi="37" ten="40,12000,1" yaku="1,1,54,1,53,2" doraHai="104" doraHaiUra="70" who="1" fromWho="2" sc="250,0,240,130,220,-120,280,0" /><INIT seed="1,1,0,1,0,75" ten="250,370,100,280" oya="1" hai0="130,87,0,100,89,59,125,85,49,116,111,64,132" hai1="22,30,57,112,26,109,9,77,94,115,21,96,114" hai2="41,86,127,88,25,122,107,74,28,19,27,61,33" hai3="15,46,135,10,117,82,47,45,80,119,134,113,63"/><U99/><E9/><V97/><F122/><W35/><G63/><T40/><D0/><U120/><E120/><V52/><F74/><W91/><G35/><T121/><D116/><N who="3" m="44617" /><G113/><T83/><D111/><U104/><E109/><V44/><F127/><W23/><G23/><T38/><D38/><U18/><E104/><V51/><F107/><W124/><G91/><T79/><D125/><U78/><E57/><V102/><F102/><W54/><G54/><T98/><D130/><U84/><E84/><V43/><F97/><W11/><G124/><T42/><D132/><N who="3" m="50729" /><G15/><T32/><D32/><U17/><E99/><V123/><F123/><W128/><G128/><T31/><D31/><U101/><REACH who="1" step="1"/><E30/><REACH who="1" ten="250,360,100,280" step="2"/><V71/><F71/><W95/><G95/><T56/><D121/><U65/><E65/><V73/><F73/><W106/><G106/><T70/><D70/><U126/><E126/><V37/><F61/><W108/><G108/><T3/><D64/><U62/><E62/><V68/><F68/><W16/><G16/><T67/><D67/><U1/><E1/><V55/><F19/><W13/><G13/><AGARI ba="1,1" hai="13,17,18,21,22,26,77,78,94,96,101,112,114,115" machi="13" ten="40,7700,0" yaku="1,1,52,2,53,0" doraHai="75" doraHaiUra="2" who="1" fromWho="3" sc="250,0,360,90,100,0,280,-80" /><INIT seed="1,2,0,1,4,95" ten="250,450,100,200" oya="1" hai0="115,68,6,23,20,44,50,16,76,84,100,88,60" hai1="54,83,12,125,22,128,4,99,26,103,31,58,96" hai2="72,107,57,104,124,121,70,133,89,47,78,21,120" hai3="13,27,81,59,34,113,90,110,43,77,86,79,119"/><U18/><E125/><V122/><F70/><W48/><G113/><T102/><D6/><U53/><E128/><V111/><F47/><W80/><G110/><T61/><D76/><U105/><E4/><V17/><F124/><W130/><G130/><T10/><D10/><U9/><E99/><V93/><F111/><W39/><G39/><T46/><D23/><U62/><REACH who="1" step="1"/><E83/><REACH who="1" ten="250,440,100,200" step="2"/><V7/><F7/><W116/><G80/><N who="0" m="49159" /><D115/><U106/><E106/><V91/><F107/><W35/><G81/><T123/><D123/><U38/><E38/><V73/><F104/><W98/><G98/><T135/><D135/><U64/><AGARI ba="2,1" hai="9,12,18,22,26,31,53,54,58,62,64,96,103,105" machi="64" ten="20,7800,0" yaku="1,1,0,1,7,1,52,1,53,0" doraHai="95" doraHaiUra="67" who="1" fromWho="1" sc="250,-28,440,94,100,-28,200,-28" /><INIT seed="1,3,0,0,3,8" ten="222,534,72,172" oya="1" hai0="92,99,134,91,118,65,100,96,60,89,123,125,5" hai1="84,83,23,63,37,26,98,94,110,108,132,25,62" hai2="58,120,20,6,19,43,107,31,57,119,74,47,105" hai3="4,51,72,30,13,101,18,68,86,69,21,79,76"/><U95/><E37/><V36/><F119/><W29/><G101/><T114/><D114/><U78/><E132/><V2/><F120/><W49/><G72/><T33/><D33/><U133/><E133/><V103/><F31/><W10/><G69/><T97/><D118/><U15/><E95/><V48/><F74/><W93/><G68/><T22/><D123/><U16/><E62/><V113/><F113/><W28/><G93/><T24/><D125/><U70/><E70/><V50/><F50/><W17/><G17/><T109/><D109/><N who="1" m="42091" /><E63/><V106/><F103/><AGARI ba="3,0" hai="15,16,23,25,26,78,83,84,94,98,103" m="42091" machi="103" ten="30,11600,0" yaku="14,1,10,1,52,1,54,1" doraHai="8" who="1" fromWho="2" sc="222,0,534,125,72,-125,172,0" owari="222,2.2,659,75.9,-53,-55.3,172,-22.8" /></mjloggm>