<mjloggm ver="2.3"><GO type="169" lobby="0"/><UN n0="%E6%81%8B%E3%81%AE%E3%81%86%E3%81%9F" n1="%6B%61%74%65%72%69%6E%61" n2="%E3%81%BE%E3%81%A1%E3%81%8A" n3="%E3%83%AD%E3%83%99%E3%83%AB%E3%82%BF%E3%81%95%E3%82%93%EF%BC%A0" dan="17,16,16,16" rate="2222.56,2105.81,2161.95,2129.61" sx="M,M,M,F"/><TAIKYOKU oya="0"/><INIT seed="0,0,0,0,2,108" ten="250,250,250,250" oya="0" hai0="14,99,115,10,3,82,45,67,32,59,72,116,43" hai1="22,24,7,112,33,25,70,128,129,9,4,88,31" hai2="90,15,21,111,135,118,49,60,95,68,83,120,107" hai3="20,91,86,92,1,37,52,66,0,114,62,65,100"/><T41/><D116/><U44/><E70/><V121/><F107/><W98/><G37/><T123/><D123/><U61/><E61/><V36/><F36/><W76/><G114/><T12/><D32/><U127/><E44/><V132/><F111/><W124/><G124/><T97/><D3/><U110/><E110/><V85/><F118/><W96/><G66/><T42/><D72/><U87/><E127/><V48/><F68/><W57/><G76/><T103/><D115/><U79/><E79/><V102/><F60/><W18/><G65/><T130/><D130/><N who="1" m="50283" /><E9/><V64/><F64/><W39/><G39/><T2/><D2/><U89/><E112/><V54/><F102/><W105/><REACH who="3" step="1"/><G86/><REACH who="3" ten="250,250,250,240" step="2"/><T78/><D67/><U50/><E87/><V17/><F121/><W63/><G63/><T29/><D78/><U51/><E51/><V109/><F120/><W134/><G134/><N who="2" m="51241" /><F49/><W16/><G16/><T93/><D43/><U125/><E50/><V19/><F19/><W104/><G104/><T84/><D41/><U46/><E125/><V113/><F109/><W30/><G30/><T34/><D29/><U11/><E4/><V73/><F113/><W55/><G55/><T26/><D84/><U77/><E77/><N who="2" m="44463" /><F48/><W122/><G122/><T27/><D42/><U131/><E131/><V28/><F28/><W40/><G40/><T81/><D45/><U71/><E46/><V53/><AGARI ba="0,1" hai="15,17,21,53,54,85,90,95" m="44463,51241" machi="53" ten="30,1100,0" yaku="20,1" doraHai="108" who="2" fromWho="2" sc="250,-5,250,-3,250,21,240,-3" /><INIT seed="1,0,0,1,5,112" ten="245,247,271,237" oya="1" hai0="43,6,85,33,63,51,48,12,130,26,3,29,9" hai1="10,98,81,114,46,65,73,35,32,88,118,134,103" hai2="31,19,82,61,115,79,67,5,44,86,132,4,23" hai3="97,30,0,119,37,15,111,22,58,74,106,53,64"/><U18/><E114/><V2/><F115/><W116/><G111/><T75/><D75/><U68/><E134/><V60/><F132/><W21/><G0/><T124/><D130/><U69/><E118/><N who="3" m="45098" /><G74/><T76/><D124/><U120/><E120/><V8/><F31/><W11/><G37/><T90/><D76/><U93/><E46/><V42/><F5/><N who="3" m="3567" /><G64/><T36/><D36/><U50/><E50/><V72/><F67/><W84/><G30/><T121/><D121/><U24/><E65/><V34/><F34/><W122/><G122/><T17/><D63/><U7/><E18/><V1/><F1/><W57/><G84/><T135/><D43/><U71/><E24/><V87/><F86/><W100/><G57/><T49/><D135/><U92/><E73/><V91/><F72/><W45/><G45/><T117/><D117/><U83/><E35/><V39/><F79/><W54/><G54/><T96/><D85/><U66/><E66/><V104/><F104/><W113/><G113/><T129/><D3/><U127/><E32/><V80/><F80/><W126/><G126/><T101/><D33/><U16/><E127/><V25/><AGARI ba="0,0" hai="2,4,8,19,23,25,39,42,44,60,61,82,87,91" machi="25" ten="20,1500,0" yaku="0,1,7,1" doraHai="112" who="2" fromWho="2" sc="245,-4,247,-7,271,15,237,-4" /><INIT seed="2,0,0,2,4,111" ten="241,240,286,233" oya="2" hai0="54,123,31,21,83,19,8,134,22,28,104,100,42" hai1="50,106,76,61,53,115,12,97,13,43,1,125,70" hai2="58,59,93,78,108,23,124,77,2,44,18,30,68" hai3="80,25,74,46,60,16,132,48,118,128,114,91,11"/><V66/><F2/><W6/><G128/><T90/><D123/><U63/><E1/><V4/><F4/><W47/><G132/><T10/><D104/><U101/><E125/><V94/><F124/><W119/><G46/><T79/><D100/><U75/><E43/><V89/><F30/><W81/><G60/><T85/><D134/><U20/><E115/><V32/><F32/><W121/><G121/><T14/><D42/><U113/><E113/><V7/><F7/><W39/><G39/><T0/><D0/><U55/><E55/><V117/><F117/><W24/><G24/><T122/><D122/><U102/><E102/><V71/><F44/><W103/><G103/><T52/><D79/><U110/><E110/><V15/><F108/><W17/><G81/><T126/><D126/><U130/><E130/><V82/><F78/><W51/><G51/><T33/><D33/><U86/><E75/><V120/><F120/><W67/><G67/><T56/><D54/><U99/><E99/><V3/><F3/><W37/><G37/><T109/><D109/><U9/><E20/><N who="0" m="7785" /><D8/><U35/><E35/><V88/><F77/><W95/><G114/><T41/><D41/><U40/><E40/><V45/><F66/><W36/><G36/><T92/><D83/><N who="1" m="47463" /><E70/><V65/><F82/><W26/><G74/><T105/><D105/><U62/><E9/><V38/><F71/><W135/><G135/><T129/><D129/><U64/><E64/><V5/><F68/><W57/><G119/><T73/><D73/><U131/><E131/><V34/><F65/><W107/><G118/><RYUUKYOKU ba="0,0" sc="241,15,240,15,286,-15,233,-15" hai0="10,14,19,28,31,52,56,85,90,92" hai1="12,13,50,53,61,62,63,97,101,106" /><INIT seed="3,1,0,4,3,99" ten="256,255,271,218" oya="3" hai0="112,88,77,118,98,2,116,68,114,32,59,24,128" hai1="109,25,5,40,15,123,133,73,72,52,106,22,16" hai2="135,14,62,86,127,125,69,54,120,108,30,12,7" hai3="46,84,111,42,47,122,49,0,37,63,104,115,129"/><W60/><G0/><T64/><D68/><U38/><E123/><V121/><F108/><W10/><G104/><T85/><D2/><U35/><E106/><V6/><F86/><W76/><G122/><N who="2" m="47209" /><F135/><W78/><G129/><T34/><D64/><U39/><E109/><V130/><F130/><W95/><G115/><N who="0" m="44075" /><D59/><U1/><E133/><V67/><F30/><W92/><G111/><T102/><D77/><U33/><E33/><N who="0" m="12905" /><D24/><U94/><E72/><V101/><F54/><W119/><G119/><T27/><D27/><U29/><E73/><V87/><F87/><W28/><G28/><T41/><D41/><U90/><E52/><V97/><F14/><W103/><G76/><T56/><D56/><U70/><E70/><V100/><F97/><W55/><G78/><T26/><D26/><U71/><E71/><V124/><F12/><W75/><G75/><T81/><D128/><U65/><E65/><V31/><F31/><W134/><G134/><T105/><AGARI ba="1,0" hai="81,85,88,98,102,105,116,118" m="12905,44075" machi="105" ten="30,4000,0" yaku="11,1,52,1,54,1" doraHai="99" who="0" fromWho="0" sc="256,43,255,-11,271,-11,218,-21" /><INIT seed="4,0,0,0,1,73" ten="299,244,260,197" oya="0" hai0="101,49,35,80,39,50,122,85,26,22,81,105,119" hai1="92,40,74,6,34,4,88,132,27,120,57,45,82" hai2="79,20,3,83,126,133,99,59,52,24,96,53,44" hai3="110,134,77,61,2,112,30,94,12,32,69,84,68"/><T123/><D39/><U33/><E120/><V36/><F3/><W51/><G112/><T131/><D35/><U78/><E132/><V103/><F133/><W11/><G2/><T37/><D37/><U107/><E107/><V15/><F126/><W8/><G8/><T121/><D119/><U114/><E114/><V28/><F15/><W1/><G1/><T118/><D118/><U87/><E57/><V62/><F103/><W29/><G110/><T113/><D131/><U86/><E74/><V127/><F127/><W7/><G134/><T19/><D80/><U67/><E67/><V55/><F36/><W18/><G18/><T93/><D105/><U9/><E27/><V10/><F10/><W135/><G51/><T46/><D113/><U38/><REACH who="1" step="1"/><E6/><REACH who="1" ten="299,234,260,197" step="2"/><V48/><REACH who="2" step="1"/><F53/><REACH who="2" ten="299,234,250,197" step="2"/><W76/><G135/><T106/><D122/><U97/><E97/><V75/><AGARI ba="0,2" hai="20,24,28,44,48,52,55,59,62,75,79,83,96,99" machi="75" ten="20,12000,2" yaku="1,1,2,1,0,1,7,1,52,1,54,1,53,0" doraHai="73" doraHaiUra="129" who="2" fromWho="2" sc="299,-60,234,-30,250,140,197,-30" /><INIT seed="5,0,0,2,3,66" ten="239,204,390,167" oya="1" hai0="93,37,42,59,134,129,52,44,32,4,13,6,16" hai1="39,132,56,91,127,126,122,124,78,24,46,7,26" hai2="19,89,43,47,5,96,3,76,62,65,1,58,109" hai3="15,41,123,17,27,99,87,54,128,72,23,10,117"/><U131/><E122/><V18/><F109/><W35/><G128/><T48/><D32/><U119/><E119/><V95/><F76/><W100/><G123/><T113/><D113/><U111/><E111/><V106/><F106/><W9/><G72/><T45/><D134/><U74/><E131/><V11/><F3/><W0/><G0/><T2/><D2/><U103/><E132/><V49/><AGARI ba="0,0" hai="1,5,11,18,19,43,47,49,58,62,65,89,95,96" machi="49" ten="20,1500,0" yaku="0,1,7,1" doraHai="66" who="2" fromWho="2" sc="239,-4,204,-7,390,15,167,-4" /><INIT seed="6,0,0,0,5,99" ten="235,197,405,163" oya="2" hai0="56,125,74,44,92,3,80,41,124,7,73,135,79" hai1="17,113,59,103,75,45,78,36,65,72,101,132,51" hai2="61,111,38,10,18,131,34,16,21,115,107,30,96" hai3="130,128,89,82,60,67,52,5,6,57,62,1,84"/><V87/><F38/><W42/><G42/><T97/><D56/><U121/><E36/><V27/><F115/><W43/><G43/><T108/><D108/><U29/><E29/><V49/><F111/><W109/><G109/><T58/><D58/><U64/><E17/><V70/><F131/><W100/><G100/><N who="1" m="38474" /><E78/><V83/><F107/><W47/><G1/><T127/><D135/><U26/><E26/><V81/><F18/><W33/><G33/><T12/><D12/><U98/><E98/><V68/><F96/><W77/><G77/><T114/><D114/><U88/><E88/><V24/><F24/><W53/><G47/><T40/><D74/><U119/><E119/><V118/><F16/><W54/><REACH who="3" step="1"/><G62/><REACH who="3" ten="235,197,405,153" step="2"/><T48/><D125/><U110/><E110/><V105/><F61/><W95/><G95/><T9/><D41/><U112/><E112/><V32/><F34/><W76/><G76/><T8/><D124/><U129/><E113/><V2/><F32/><W71/><G71/><T23/><D127/><U126/><E126/><V39/><F118/><W85/><G85/><T102/><D3/><U15/><E75/><V50/><F87/><W133/><G133/><T20/><D73/><U66/><E72/><V117/><F2/><W116/><G116/><T120/><D79/><U11/><E132/><V104/><F70/><W14/><G14/><T46/><D40/><U25/><E45/><V106/><F68/><W123/><G123/><T86/><D120/><U35/><E121/><V63/><F117/><W28/><G28/><T55/><D44/><U69/><E69/><RYUUKYOKU ba="0,1" sc="235,-10,197,-10,405,-10,153,30" hai3="5,6,52,53,54,57,60,67,82,84,89,128,130" /><INIT seed="7,1,1,0,5,28" ten="225,187,395,183" oya="3" hai0="39,58,44,47,53,135,68,89,111,83,27,2,65" hai1="55,114,51,63,102,123,40,42,14,117,71,105,127" hai2="69,18,97,94,84,124,36,131,129,9,61,118,35" hai3="134,106,72,121,73,88,82,60,56,19,24,37,67"/><W4/><G134/><T101/><D2/><U80/><E123/><V22/><F36/><W15/><G121/><T75/><D111/><U30/><E114/><V125/><F118/><W113/><G106/><T5/><D5/><U90/><E117/><V57/><F35/><W48/><G37/><T54/><D101/><U98/><E127/><N who="2" m="48715" /><F84/><W12/><G113/><T133/><D27/><U25/><E14/><N who="2" m="9559" /><F9/><W110/><G110/><T6/><D75/><U41/><E25/><V100/><F69/><W45/><G4/><T11/><D68/><U21/><E30/><V115/><F115/><W79/><G72/><T34/><D34/><U86/><E21/><V74/><F74/><W91/><G24/><T85/><D39/><U130/><E71/><V64/><AGARI ba="1,1" hai="57,61,64,94,97,100,129,131" m="9559,48715" machi="64" ten="30,1100,0" yaku="18,1" doraHai="28" who="2" fromWho="2" sc="225,-4,187,-4,395,24,183,-6" owari="221,2.1,183,-21.7,419,51.9,177,-32.3" /></mjloggm>