<mjloggm ver="2.3"><GO type="169" lobby="0"/><UN n0="%74%73%75%6B%69%31" n1="%E3%82%B7%E3%83%AB%E3%83%90%E3%83%BC%E3%83%96%E3%83%AC%E3%83%83%E3%83%88" n2="%6F%6B%62%6F%6B%62" n3="%E3%82%AD%E3%83%B3%E3%82%B0%E3%81%82%E3%81%A4%E3%81%97" dan="16,16,17,16" rate="2178.76,2206.54,2192.36,2164.67" sx="M,M,M,M"/><TAIKYOKU oya="0"/><INIT seed="0,0,0,5,0,112" ten="250,250,250,250" oya="0" hai0="47,42,56,3,27,99,131,118,86,7,121,2,43" hai1="84,67,123,62,40,116,33,12,132,54,93,68,79" hai2="124,111,76,37,18,113,28,21,100,135,127,55,70" hai3="17,110,6,94,5,85,61,38,133,92,9,105,74"/><T0/><D121/><U130/><E116/><V35/><F113/><W59/><G105/><T119/><D131/><U97/><E132/><V65/><F37/><W109/><G74/><T16/><D7/><U48/><E130/><V36/><F36/><W63/><G38/><T25/><D56/><U115/><E33/><V91/><F76/><W23/><G133/><T114/><D114/><U75/><E123/><V50/><F135/><W31/><G31/><T81/><D99/><U73/><E40/><V98/><F91/><N who="3" m="53359" /><G94/><T41/><D47/><U122/><E122/><V15/><F28/><W8/><G6/><T39/><D39/><U102/><E12/><V83/><F35/><W19/><G19/><T90/><REACH who="0" step="1"/><D16/><REACH who="0" ten="240,250,250,250" step="2"/><U45/><REACH who="1" step="1"/><E115/><REACH who="1" ten="240,240,250,250" step="2"/><V120/><F120/><W128/><G128/><T101/><D101/><U26/><E26/><AGARI ba="0,2" hai="0,2,3,25,26,27,41,42,43,81,86,90,118,119" machi="26" ten="50,9600,0" yaku="1,1,52,2,53,0" doraHai="112" doraHaiUra="72" who="0" fromWho="1" sc="240,116,240,-96,250,0,250,0" /><INIT seed="0,1,0,2,2,117" ten="356,144,250,250" oya="0" hai0="21,11,52,49,135,106,15,118,109,96,39,59,93" hai1="57,99,86,89,4,56,2,46,87,3,47,90,71" hai2="28,12,41,29,44,27,120,88,126,132,62,75,107" hai3="63,60,6,5,123,108,10,68,105,64,116,95,121"/><T1/><D118/><U65/><E65/><V110/><F110/><W125/><G105/><T76/><D109/><U84/><E99/><V101/><F75/><W134/><G116/><T22/><D39/><U34/><E4/><V74/><F74/><W115/><G115/><T119/><D119/><U100/><E100/><V8/><F132/><W7/><G108/><T25/><D106/><U37/><E37/><V77/><F77/><W104/><G104/><T97/><D1/><U24/><E24/><V91/><F126/><W85/><G134/><T128/><D128/><U50/><E50/><V18/><F62/><W80/><G95/><T103/><D76/><U79/><E79/><V53/><F53/><W42/><G42/><T19/><D135/><U31/><E31/><V69/><F29/><W32/><G32/><T33/><D33/><U58/><E71/><V67/><F69/><W38/><G38/><T81/><D81/><U55/><E55/><V51/><F67/><W127/><G10/><T61/><D96/><U54/><E54/><V14/><F14/><W111/><G63/><T13/><D13/><U48/><E34/><V0/><F0/><N who="1" m="41" /><E48/><V124/><F124/><N who="3" m="47691" /><G111/><T112/><D61/><U66/><E66/><V102/><F107/><W17/><G17/><T98/><D98/><U35/><E35/><V43/><F43/><W94/><G94/><T16/><D112/><U129/><E129/><V23/><F120/><N who="3" m="46155" /><G5/><T92/><D93/><U133/><E133/><V73/><F73/><W113/><G113/><T72/><D72/><U9/><E9/><AGARI ba="1,0" hai="9,11,15,16,19,21,22,25,49,52,59,92,97,103" machi="9" ten="40,7700,0" yaku="8,1,54,2" doraHai="117" who="0" fromWho="1" sc="356,80,144,-80,250,0,250,0" /><INIT seed="0,2,0,3,1,128" ten="436,64,250,250" oya="0" hai0="1,21,77,18,19,112,40,116,36,6,94,39,56" hai1="63,62,74,0,134,130,124,3,70,24,57,72,61" hai2="80,121,45,102,119,104,89,35,64,50,66,84,44" hai3="129,26,5,71,31,97,109,107,73,42,123,25,48"/><T120/><D112/><U12/><E130/><V9/><F121/><W11/><G129/><T54/><D116/><U7/><E124/><V33/><F119/><W99/><G73/><T88/><D120/><U34/><E70/><V49/><F104/><W15/><G71/><T4/><D77/><U58/><E12/><V118/><F102/><W85/><G109/><T29/><D29/><U20/><E34/><V13/><F118/><W86/><G123/><T122/><D19/><U135/><E20/><V83/><F83/><W46/><G26/><T95/><D95/><U52/><E24/><V131/><F131/><W10/><G10/><T133/><D122/><U113/><E7/><V38/><F38/><W28/><G28/><T108/><D108/><U37/><E37/><V92/><F92/><W82/><G86/><T27/><D1/><N who="1" m="587" /><E113/><V76/><F76/><N who="3" m="46279" /><G107/><T117/><D117/><U91/><E91/><V78/><F78/><W103/><G103/><T101/><D101/><U125/><E125/><V100/><F100/><W2/><G2/><T67/><D36/><U126/><E126/><V32/><F32/><AGARI ba="2,0" hai="5,11,15,25,31,32,42,46,48,97,99" m="46279" machi="32" ten="30,1000,0" yaku="25,1" doraHai="128" who="3" fromWho="2" sc="436,0,64,0,250,-16,250,16" /><INIT seed="1,0,0,3,5,24" ten="436,64,234,266" oya="1" hai0="105,79,89,22,64,129,88,95,101,57,83,1,73" hai1="42,80,15,16,65,43,97,31,56,92,25,0,9" hai2="47,123,52,60,33,58,93,10,94,114,30,109,132" hai3="124,6,36,8,128,55,98,21,126,12,120,66,119"/><U78/><E0/><V107/><F123/><W68/><G36/><T121/><D1/><U108/><E108/><V112/><F109/><W75/><G75/><T35/><D35/><U7/><E7/><V14/><F47/><W17/><G120/><T135/><D121/><U13/><E13/><V23/><F33/><W116/><G55/><T40/><D135/><U39/><E39/><V5/><F107/><W61/><G98/><T72/><D72/><U11/><E11/><V29/><F23/><W103/><G103/><T77/><D77/><U62/><E80/><V102/><F132/><W2/><REACH who="3" step="1"/><G128/><REACH who="3" ten="436,64,234,256" step="2"/><T91/><D129/><U41/><E78/><V38/><F38/><W131/><G131/><T20/><D40/><U37/><E37/><V134/><F134/><W44/><G44/><T100/><D101/><U110/><E110/><V3/><F3/><W99/><G99/><T71/><D100/><U84/><E84/><V4/><F102/><W87/><G87/><T106/><D106/><U50/><E50/><V27/><F114/><W34/><G34/><T69/><D105/><U117/><E117/><AGARI ba="0,1" hai="2,6,8,12,17,21,61,66,68,116,117,119,124,126" machi="117" ten="40,2600,0" yaku="1,1,12,1,53,0" doraHai="24" doraHaiUra="118" who="3" fromWho="1" sc="436,0,64,-26,234,0,256,36" /><INIT seed="2,0,0,2,3,86" ten="436,38,234,292" oya="2" hai0="135,19,24,20,107,68,56,0,1,74,117,82,55" hai1="134,128,10,22,18,87,92,52,23,78,129,36,105" hai2="115,85,120,88,62,61,40,47,65,38,32,76,45" hai3="11,98,84,27,50,79,9,116,106,63,53,51,17"/><V81/><F115/><W130/><G116/><T109/><D68/><U35/><E105/><V26/><F120/><W4/><G130/><T111/><D107/><U99/><E35/><V69/><F61/><W42/><G106/><T37/><D37/><U43/><E10/><V66/><F66/><W132/><G98/><T8/><D117/><U70/><E70/><V118/><F47/><W33/><G33/><T6/><D0/><U28/><E134/><V21/><F118/><W110/><G110/><T108/><D135/><U14/><E43/><V127/><F127/><W94/><G42/><T34/><D34/><U83/><E36/><V73/><F32/><W7/><G27/><T57/><D55/><U101/><REACH who="1" step="1"/><E52/><REACH who="1" ten="436,28,234,292" step="2"/><V126/><F126/><W29/><G11/><T64/><D64/><U49/><E49/><V44/><F40/><W119/><G9/><T59/><D59/><U12/><E12/><V60/><F38/><W3/><G53/><T58/><D58/><U77/><E77/><AGARI ba="0,1" hai="1,6,8,19,20,24,56,57,74,77,82,108,109,111" machi="77" ten="40,1300,0" yaku="14,1" doraHai="86" who="0" fromWho="1" sc="436,23,28,-13,234,0,292,0" /><INIT seed="3,0,0,0,2,81" ten="459,15,234,292" oya="3" hai0="103,37,75,78,110,125,52,106,124,121,34,71,108" hai1="135,27,0,122,120,43,41,95,107,50,84,6,109" hai2="97,21,13,24,96,80,20,118,14,30,9,73,87" hai3="28,132,48,57,54,99,36,70,74,134,53,16,83"/><W35/><G36/><T60/><D34/><U93/><E107/><V129/><F73/><W101/><G70/><T25/><D25/><U133/><E27/><V112/><F112/><W38/><G38/><T100/><D37/><U4/><E50/><V67/><F129/><W89/><G28/><T63/><D121/><N who="1" m="46699" /><E0/><V62/><F118/><W5/><G5/><N who="1" m="2154" /><E84/><V17/><F20/><W1/><G1/><T55/><D75/><U127/><E109/><N who="0" m="42089" /><D78/><U11/><E11/><V65/><F13/><W68/><G35/><T46/><D106/><U111/><E111/><V23/><F21/><W7/><G7/><T61/><D71/><U2/><E2/><V126/><F126/><N who="0" m="48746" /><D46/><U51/><E127/><V117/><F117/><W72/><G68/><T69/><D69/><U105/><E105/><V8/><F8/><W64/><G72/><T92/><D92/><N who="1" m="35403" /><E51/><V26/><F26/><W82/><G48/><T56/><D56/><U123/><N who="1" m="46707" /><U115/><DORA hai="44" /><E115/><V104/><F104/><W94/><G57/><T15/><D15/><U49/><E49/><V12/><F14/><W40/><G74/><T113/><D113/><U39/><E39/><V22/><F22/><W47/><G47/><T119/><D119/><U114/><E114/><V32/><F32/><W31/><G94/><T86/><D86/><U33/><E33/><V58/><REACH who="2" step="1"/><F65/><REACH who="2" ten="459,15,224,292" step="2"/><W42/><G64/><T85/><D55/><U66/><E66/><V130/><F130/><W91/><G54/><T29/><D52/><U10/><E10/><V88/><AGARI ba="0,1" hai="9,12,17,23,24,30,58,62,67,80,87,88,96,97" machi="88" ten="20,12000,2" yaku="1,1,0,1,7,1,8,1,52,1,54,1,53,0" doraHai="81,44" doraHaiUra="98,128" who="2" fromWho="2" sc="459,-30,15,-30,224,130,292,-60" owari="429,52.9,-15,-51.5,354,15.4,232,-16.8" /></mjloggm>