<mjloggm ver="2.3"><GO type="169" lobby="0"/><UN n0="%E6%96%B0%E6%9C%88%E9%97%87%E9%9F%B3" n1="%73%6F%72%75%6B%61%6E%6F" n2="%E6%82%94%E3%81%84%E3%82%BF%E3%83%B3" n3="%56%45%54%54%45%4C" dan="17,16,17,16" rate="2168.56,2139.34,2200.87,2112.70" sx="M,M,M,M"/><TAIKYOKU oya="0"/><INIT seed="0,0,0,0,0,2" ten="250,250,250,250" oya="0" hai0="64,43,108,106,57,53,103,77,51,105,111,114,78" hai1="135,69,9,6,62,129,63,17,124,79,65,116,5" hai2="58,96,107,125,45,98,30,93,90,12,132,133,34" hai3="32,60,88,8,67,3,46,1,31,47,61,42,37"/><T52/><D114/><U23/><E116/><V55/><F125/><W113/><G113/><T80/><D64/><U130/><E124/><V102/><F45/><W74/><G74/><T99/><D106/><U82/><E135/><N who="2" m="51787" /><F12/><W81/><G47/><T87/><D43/><U68/><E9/><V29/><F34/><W123/><G123/><T25/><D25/><N who="1" m="14575" /><E63/><AGARI ba="0,0" hai="29,30,55,58,63,90,93,96,98,102,107" m="51787" machi="63" ten="30,1000,0" yaku="20,1" doraHai="2" who="2" fromWho="1" sc="250,0,250,-10,250,10,250,0" /><INIT seed="1,0,0,2,3,51" ten="250,240,260,250" oya="1" hai0="54,57,29,83,41,40,45,111,119,101,109,78,117" hai1="65,104,127,30,14,63,130,49,61,64,24,129,17" hai2="58,9,113,47,118,95,72,82,28,44,35,18,91" hai3="67,84,5,134,87,21,6,76,42,79,33,10,89"/><U23/><E104/><V71/><F71/><W125/><G33/><T92/><D29/><U68/><E127/><V102/><F118/><W124/><G42/><T12/><D12/><U135/><E135/><V105/><F113/><W98/><G67/><T59/><D92/><U75/><E75/><V69/><F69/><W22/><G98/><T121/><D101/><U0/><E0/><V126/><F18/><W27/><G27/><T107/><D107/><U108/><E108/><N who="0" m="41545" /><D121/><U94/><E94/><V96/><F9/><W73/><G10/><T70/><D70/><U4/><E4/><V93/><F93/><W74/><REACH who="3" step="1"/><G89/><REACH who="3" ten="250,240,260,240" step="2"/><T3/><D40/><U34/><E64/><V37/><F35/><W131/><G131/><T99/><D99/><U55/><REACH who="1" step="1"/><E63/><REACH who="1" ten="250,230,260,240" step="2"/><V46/><F96/><W85/><G85/><T16/><D119/><U15/><E15/><V77/><F72/><W90/><G90/><T8/><D117/><U106/><E106/><V88/><F91/><W128/><G128/><T123/><D3/><U112/><E112/><V36/><F88/><W120/><G120/><T60/><D123/><U11/><E11/><V20/><F105/><W66/><G66/><T48/><D8/><U2/><E2/><V19/><F102/><W81/><G81/><T43/><D83/><U13/><E13/><V103/><F103/><W52/><G52/><T53/><D53/><U122/><E122/><V25/><F82/><W110/><G110/><T114/><D114/><U116/><E116/><V7/><F7/><W115/><G115/><T62/><D54/><U39/><E39/><RYUUKYOKU ba="0,2" sc="250,-15,230,15,260,-15,240,15" hai1="14,17,23,24,30,34,49,55,61,65,68,129,130" hai3="5,6,21,22,73,74,76,79,84,87,124,125,134" /><INIT seed="1,1,2,5,5,19" ten="235,245,245,255" oya="1" hai0="5,78,25,59,55,129,73,100,84,95,94,2,49" hai1="11,71,118,83,24,120,104,13,23,106,60,86,124" hai2="9,50,0,88,66,26,28,51,38,87,56,44,67" hai3="133,63,80,132,17,82,119,39,29,32,93,46,131"/><U33/><E118/><V16/><F38/><W112/><G119/><T8/><D129/><U48/><E120/><V77/><F77/><W27/><G112/><T91/><D73/><U99/><E124/><V110/><F110/><W61/><G131/><T62/><D78/><U52/><E33/><V116/><F116/><W68/><G93/><T134/><D134/><N who="3" m="51817" /><G17/><T97/><REACH who="0" step="1"/><D25/><REACH who="0" ten="225,245,245,255" step="2"/><U101/><E104/><V90/><F26/><W54/><G68/><T103/><D103/><U31/><E71/><V128/><F128/><W6/><G6/><T122/><D122/><U36/><E36/><V102/><F102/><W76/><G39/><T12/><D12/><U3/><E3/><V126/><F0/><W53/><G82/><T30/><D30/><U109/><E109/><V21/><F28/><W70/><G70/><T114/><D114/><U41/><E13/><N who="2" m="9359" /><F126/><W57/><G27/><T108/><D108/><U98/><E101/><V10/><F90/><W18/><G29/><T105/><D105/><U130/><E106/><V45/><F88/><W22/><G76/><T75/><D75/><U34/><E130/><V69/><F69/><W92/><G32/><T7/><D7/><U1/><E34/><V125/><F125/><W15/><G15/><T135/><D135/><U85/><E1/><V72/><F72/><W4/><G4/><T107/><D107/><U96/><E83/><V115/><F115/><W43/><G92/><T111/><D111/><U64/><E31/><V37/><F37/><W113/><G113/><T89/><D89/><U20/><E24/><V117/><F117/><RYUUKYOKU ba="1,3" sc="225,30,245,-10,245,-10,255,-10" hai0="2,5,8,49,55,59,62,84,91,94,95,97,100" /><INIT seed="2,2,3,4,3,110" ten="255,235,235,245" oya="2" hai0="12,97,60,5,57,87,1,117,19,73,21,68,47" hai1="23,134,48,95,7,58,113,103,90,120,78,49,37" hai2="94,29,131,51,56,59,11,127,33,45,14,22,101" hai3="116,36,39,27,75,3,15,16,74,130,67,122,126"/><V83/><F127/><W50/><G116/><T2/><D73/><U76/><E37/><V69/><F131/><W66/><G122/><T106/><D117/><U70/><E70/><V42/><F33/><W84/><G126/><T9/><D68/><U123/><E103/><V40/><F69/><W13/><G130/><T89/><D47/><U8/><E134/><V102/><F42/><W82/><G3/><T77/><D77/><N who="1" m="29803" /><E113/><V86/><F22/><W107/><G107/><T108/><D108/><U81/><E81/><V104/><F29/><W92/><G92/><T4/><D106/><U114/><E23/><V46/><F46/><W41/><G41/><T115/><D97/><N who="1" m="57591" /><E58/><N who="2" m="22059" /><F94/><W124/><G124/><T65/><D115/><U85/><E85/><V80/><F104/><W133/><G133/><T72/><D72/><U129/><E114/><V34/><F34/><W112/><G112/><T71/><D71/><U10/><E10/><V105/><F105/><W64/><G75/><T125/><D125/><U17/><E17/><N who="2" m="8415" /><F83/><W88/><G74/><T99/><D99/><U53/><E129/><V20/><F20/><N who="3" m="13703" /><G50/><T128/><D128/><U62/><E123/><V43/><F40/><W98/><G98/><T79/><D79/><AGARI ba="2,3" hai="43,45,51,79,80,86,101,102" m="8415,22059" machi="79" ten="30,1500,0" yaku="8,1" doraHai="110" who="2" fromWho="0" sc="255,-21,235,0,235,51,245,0" /><INIT seed="2,3,0,0,4,70" ten="234,235,286,245" oya="2" hai0="92,79,68,46,40,31,5,15,16,74,100,75,39" hai1="98,77,55,57,118,96,67,63,28,133,108,105,116" hai2="84,104,41,83,21,113,42,93,62,76,47,7,54" hai3="2,107,81,120,33,85,90,65,124,49,13,87,58"/><V131/><F104/><W122/><G2/><T35/><D68/><U6/><E108/><V127/><F113/><W44/><G33/><T34/><D5/><U101/><E133/><V24/><F127/><W103/><G124/><T37/><D34/><U51/><E6/><V12/><F131/><W30/><G30/><T71/><D71/><U99/><E28/><V72/><F72/><W82/><G65/><T4/><D4/><U86/><E101/><V45/><F93/><W56/><G107/><T3/><D3/><U25/><E25/><V53/><F47/><W38/><G103/><T132/><D132/><U17/><E17/><N who="2" m="12335" /><F45/><W18/><G120/><T22/><D79/><U60/><E60/><V8/><F62/><W135/><G122/><T10/><D35/><U73/><E73/><V129/><F129/><W88/><G135/><T130/><D130/><U26/><E26/><V102/><F102/><W109/><G109/><T59/><D39/><U125/><E125/><V134/><F134/><W110/><G38/><T111/><D111/><U114/><E105/><V121/><F121/><W123/><G123/><T29/><D75/><U94/><E114/><V89/><F76/><W36/><G36/><T52/><D74/><U1/><E1/><V19/><F7/><W9/><G110/><T43/><D43/><AGARI ba="3,0" hai="8,12,19,41,42,43,53,54,83,84,89" m="12335" machi="43" ten="30,1500,0" yaku="8,1" doraHai="70" who="2" fromWho="0" sc="234,-24,235,0,286,24,245,0" /><AGARI ba="3,0" hai="9,13,18,43,44,49,56,58,81,82,85,87,88,90" machi="43" ten="30,7700,0" yaku="7,1,9,1,8,1,54,1" doraHai="70" who="3" fromWho="0" sc="210,-77,235,0,310,0,245,77" /><INIT seed="2,4,0,3,3,108" ten="133,235,310,322" oya="2" hai0="110,75,99,119,97,124,20,30,60,78,38,36,58" hai1="91,18,106,102,120,12,5,103,82,2,89,48,116" hai2="9,113,35,0,37,26,21,98,55,53,71,8,130" hai3="81,111,1,90,52,41,25,101,109,126,72,62,118"/><V61/><F37/><W94/><G118/><T47/><D110/><N who="3" m="41993" /><G1/><T57/><D124/><U125/><E116/><V43/><F43/><W51/><G126/><T14/><D119/><U84/><E125/><V10/><F130/><W100/><G41/><T105/><D47/><U50/><E120/><V15/><F0/><W49/><G62/><T11/><D78/><U107/><E2/><V76/><F76/><N who="3" m="44167" /><G25/><T6/><D75/><U16/><E5/><V112/><F15/><W88/><G90/><T28/><D60/><U45/><E45/><V85/><F85/><N who="3" m="52495" /><G51/><T40/><D40/><U42/><E42/><V31/><F21/><W34/><G34/><T27/><D20/><U63/><E63/><V3/><F3/><W128/><G128/><T134/><D27/><U87/><E12/><V44/><F98/><W93/><G93/><T33/><D33/><U65/><E82/><V23/><F35/><W135/><G135/><T86/><D14/><U127/><E127/><V39/><F39/><W13/><G13/><T117/><D117/><U29/><E29/><V19/><F31/><W64/><G64/><AGARI ba="4,0" hai="16,18,48,50,64,65,84,87,89,91,102,103,106,107" machi="64" ten="25,3200,0" yaku="22,2,54,1" doraHai="108" who="1" fromWho="3" sc="133,0,235,44,310,0,322,-44" /><INIT seed="3,0,0,1,5,85" ten="133,279,310,278" oya="3" hai0="26,28,112,14,41,134,16,127,71,126,57,47,50" hai1="29,116,33,118,107,32,92,23,27,61,133,65,100" hai2="102,93,0,80,34,52,13,122,119,19,99,101,83" hai3="68,37,79,82,70,131,31,128,108,94,25,84,18"/><W43/><G18/><T89/><D71/><U6/><E6/><V109/><F119/><N who="1" m="45609" /><E133/><V103/><F0/><W54/><G108/><T30/><D134/><U66/><E107/><V5/><F109/><W117/><G117/><T56/><D112/><U113/><E113/><V10/><F34/><N who="1" m="13417" /><E61/><V73/><F122/><W46/><G54/><T49/><D26/><U4/><E4/><V135/><F135/><W110/><G110/><T48/><D127/><U40/><E40/><V98/><F73/><W120/><G120/><T55/><D126/><U96/><AGARI ba="0,0" hai="23,27,29,65,66,92,96,100" m="13417,45609" machi="96" ten="40,1500,0" yaku="12,1" doraHai="85" who="1" fromWho="1" sc="133,-4,279,15,310,-4,278,-7" /><INIT seed="4,0,0,3,4,35" ten="129,294,306,271" oya="0" hai0="20,61,32,134,34,88,124,64,50,87,33,24,74" hai1="129,4,81,133,110,23,43,0,112,125,7,12,70" hai2="63,53,103,11,98,100,102,8,3,82,28,95,75" hai3="114,78,91,79,1,107,80,92,54,120,118,115,71"/><T117/><D117/><U46/><E110/><V37/><F37/><W59/><G71/><T73/><D134/><U65/><E133/><V27/><F75/><W55/><G118/><T90/><D50/><U84/><E125/><V18/><F82/><W51/><G120/><T94/><D90/><U25/><E129/><V15/><F8/><W22/><G107/><T83/><D83/><U42/><E12/><V113/><F113/><N who="3" m="43019" /><G22/><T123/><D124/><U58/><E70/><V86/><F86/><N who="3" m="52343" /><G80/><T96/><D87/><U9/><E7/><V38/><F38/><W72/><G72/><T108/><D108/><U77/><E46/><V127/><F3/><W97/><G97/><T56/><REACH who="0" step="1"/><D123/><REACH who="0" ten="119,294,306,271" step="2"/><U109/><E109/><V17/><F127/><W68/><G51/><T126/><D126/><U52/><E112/><V121/><F121/><W6/><G78/><T44/><D44/><U132/><E132/><V36/><F36/><W128/><G79/><T60/><D60/><U48/><REACH who="1" step="1"/><E65/><REACH who="1" ten="119,284,306,271" step="2"/><V40/><F40/><W14/><G128/><T101/><D101/><U16/><AGARI ba="0,2" hai="0,4,9,16,23,25,42,43,48,52,58,77,81,84" machi="16" ten="20,12000,2" yaku="1,1,2,1,0,1,7,1,52,1,54,2,53,0" doraHai="35" doraHaiUra="41" who="1" fromWho="1" sc="119,-60,284,140,306,-30,271,-30" /><INIT seed="5,0,0,0,5,84" ten="59,424,276,241" oya="1" hai0="17,50,14,99,87,34,124,44,21,24,18,74,11" hai1="6,25,120,52,65,33,71,127,105,78,36,70,77" hai2="20,22,45,32,91,102,43,126,134,131,30,9,31" hai3="29,37,54,76,48,119,111,88,5,107,81,26,122"/><U3/><E120/><V135/><F102/><W2/><G122/><T108/><D124/><U40/><E105/><V132/><F126/><W115/><G111/><T98/><D74/><U47/><E127/><V69/><F69/><W94/><G107/><T75/><D75/><U58/><E71/><V7/><F131/><W59/><G37/><T114/><D114/><U93/><E6/><V92/><F32/><W89/><G115/><T97/><D34/><U118/><E3/><V55/><F55/><W57/><G119/><T104/><D108/><U80/><E80/><V83/><F83/><W125/><G125/><T56/><D104/><U79/><E118/><V19/><F19/><W82/><G2/><T63/><D87/><U130/><E130/><V67/><F67/><W13/><G59/><T112/><D112/><U38/><E38/><V86/><F30/><W109/><G109/><T96/><N who="0" m="24576" /><DORA hai="110" /><T28/><D63/><U95/><E25/><V128/><F31/><W133/><G94/><T49/><D56/><U23/><E23/><V116/><F128/><W113/><G133/><T0/><D0/><U41/><E33/><V1/><REACH who="2" step="1"/><F116/><REACH who="2" ten="59,424,266,241" step="2"/><W42/><G113/><T35/><REACH who="0" step="1"/><D44/><REACH who="0" ten="49,424,266,241" step="2"/><U90/><E47/><V16/><F16/><W51/><G29/><T85/><D85/><U12/><E70/><V117/><F117/><W72/><G72/><T101/><D101/><U121/><E121/><V68/><F68/><W27/><G5/><T103/><D103/><U10/><E58/><V39/><AGARI ba="0,2" hai="1,7,9,20,22,39,43,45,86,91,92,132,134,135" machi="39" ten="30,7900,0" yaku="1,1,0,1,20,1,52,1,53,0" doraHai="84,110" doraHaiUra="46,123" who="2" fromWho="2" sc="49,-20,424,-39,266,99,241,-20" /><INIT seed="6,0,0,5,0,47" ten="29,385,365,221" oya="2" hai0="38,124,77,87,120,116,54,59,89,134,3,90,11" hai1="99,15,88,24,67,42,121,93,5,109,131,55,107" hai2="73,81,83,84,94,41,127,76,114,128,75,61,56" hai3="16,126,21,9,28,118,64,101,17,60,63,49,135"/><V95/><F41/><W51/><G118/><T125/><D120/><U19/><E109/><V13/><F114/><W115/><G115/><T37/><D116/><U27/><E121/><V6/><F127/><W25/><G126/><T29/><D134/><U50/><E131/><V82/><F128/><W4/><G135/><T40/><D125/><U103/><E67/><V132/><F132/><W45/><G101/><T72/><D124/><U35/><E5/><V98/><F75/><W110/><G110/><T20/><D37/><U96/><E35/><V85/><F73/><W48/><G45/><T74/><D74/><U0/><E0/><V71/><F71/><W14/><REACH who="3" step="1"/><G63/><REACH who="3" ten="29,385,365,211" step="2"/><T78/><D72/><U97/><E103/><V123/><F123/><W1/><G1/><T53/><D3/><U108/><E108/><V106/><F106/><W111/><G111/><T18/><D38/><U39/><E39/><V112/><F112/><W30/><G30/><T10/><D29/><U32/><E107/><V66/><F76/><N who="0" m="29290" /><D40/><U69/><E42/><V43/><F43/><W100/><G100/><T58/><D90/><U23/><E88/><N who="2" m="55623" /><F95/><W130/><G130/><T102/><D102/><U117/><E93/><V62/><F61/><W133/><G133/><T52/><D89/><U22/><E117/><V80/><F80/><W113/><G113/><T36/><D36/><U70/><E70/><AGARI ba="0,1" hai="4,9,14,16,17,21,25,28,48,49,51,60,64,70" machi="70" ten="40,12000,2" yaku="1,1,52,3,54,1,53,1" doraHai="47" doraHaiUra="65" who="3" fromWho="1" sc="29,0,385,-120,365,0,211,130" /><INIT seed="7,0,0,4,4,19" ten="29,265,365,341" oya="3" hai0="21,66,64,71,65,120,125,89,94,37,26,84,83" hai1="91,88,110,79,132,24,12,57,76,114,22,39,53" hai2="6,33,42,82,5,126,10,45,52,101,105,47,35" hai3="13,50,72,9,75,104,90,86,96,62,73,29,46"/><W123/><G123/><T121/><D37/><U118/><E110/><V80/><F105/><W107/><G29/><T8/><D125/><U134/><E39/><V23/><F101/><W28/><G28/><T112/><D71/><U20/><E114/><V44/><F126/><W32/><G32/><T54/><D112/><U122/><E122/><V135/><F42/><W27/><G27/><T11/><D121/><U93/><E118/><V129/><F129/><W124/><G124/><T34/><D34/><U36/><E36/><V60/><F33/><W63/><G104/><T108/><D108/><U3/><E3/><V100/><F35/><W61/><G107/><T102/><D120/><U116/><E12/><N who="2" m="5199" /><F100/><W38/><G96/><T18/><D54/><U119/><E24/><V97/><F97/><W130/><G38/><T14/><D102/><U31/><E31/><V69/><F69/><W87/><G90/><N who="1" m="34346" /><E93/><V17/><F6/><W115/><G130/><T40/><D40/><U128/><E128/><V81/><F135/><N who="1" m="51753" /><E79/><V2/><F2/><W16/><REACH who="3" step="1"/><G115/><REACH who="3" ten="29,265,365,331" step="2"/><T58/><D83/><U99/><E99/><V78/><F78/><W15/><G15/><T77/><D77/><U30/><E30/><V68/><F82/><W85/><G85/><T59/><D14/><U0/><E0/><V131/><F131/><W111/><G111/><T43/><D43/><AGARI ba="0,1" hai="9,13,16,43,46,50,61,62,63,72,73,75,86,87" machi="43" ten="50,4800,0" yaku="1,1,54,1,53,0" doraHai="19" doraHaiUra="67" who="3" fromWho="0" sc="29,-48,265,0,365,0,331,58" owari="-19,-51.9,265,-13.5,365,16.5,389,48.9" /></mjloggm>