<mjloggm ver="2.3"><GO type="169" lobby="0"/><UN n0="%E6%96%B0%E5%AD%90%E6%9C%9B" n1="%E3%81%99%E3%83%BC%5F%E9%88%B4%E6%9C%A8%E6%B5%A9%E5%B9%B3" n2="%7A%6F%6F%31%39%36%34" n3="%E3%81%82%E3%81%95%E3%81%B4%E3%82%93%EF%BC%A0%EF%BD%8D%EF%BD%8A" dan="16,16,17,18" rate="2133.69,2099.83,2192.81,2296.78" sx="M,M,M,M"/><TAIKYOKU oya="0"/><INIT seed="0,0,0,1,0,126" ten="250,250,250,250" oya="0" hai0="29,124,80,42,72,66,33,106,3,0,55,4,84" hai1="40,97,116,21,15,103,12,62,81,37,6,45,23" hai2="31,51,8,127,49,98,101,26,30,78,88,111,135" hai3="47,129,86,102,60,35,94,69,133,131,38,117,121"/><T10/><D124/><U115/><E116/><V130/><F127/><W104/><G117/><T83/><D106/><U125/><E125/><V107/><F111/><W113/><G113/><T100/><D100/><U36/><E36/><V112/><F112/><W59/><G35/><T114/><D114/><U132/><E132/><V120/><F120/><W65/><G104/><T123/><D123/><U110/><E110/><V34/><F78/><W87/><G121/><T95/><D66/><U77/><E115/><V82/><F31/><W76/><G133/><T7/><D42/><U89/><E62/><V25/><F25/><W91/><G102/><T27/><D55/><U43/><E89/><V61/><F8/><W73/><G73/><T75/><D7/><U22/><E43/><V68/><F130/><N who="3" m="49675" /><G47/><T99/><D0/><U67/><E67/><N who="2" m="41071" /><F135/><W96/><G38/><T17/><D17/><U53/><E6/><V41/><F41/><W44/><G44/><T70/><D70/><U18/><E18/><V57/><F57/><W128/><N who="3" m="49683" /><W93/><DORA hai="74" /><G76/><T134/><D134/><U16/><E16/><V2/><F2/><W71/><G87/><AGARI ba="0,0" hai="26,30,34,49,51,82,87,88,98,101,107" m="41071" machi="87" ten="30,2000,0" yaku="25,1,54,1" doraHai="126,74" who="2" fromWho="3" sc="250,0,250,0,250,20,250,-20" /><INIT seed="1,0,0,2,0,126" ten="250,250,270,230" oya="1" hai0="131,35,86,15,93,122,132,130,75,70,124,48,34" hai1="57,109,119,37,80,115,45,98,97,44,30,96,78" hai2="42,100,128,53,27,58,22,61,63,20,84,67,64" hai3="102,113,14,77,72,117,90,114,10,73,68,26,69"/><U36/><E115/><V118/><F118/><W71/><G117/><T89/><D70/><U56/><E119/><V129/><F42/><W87/><G102/><T101/><D124/><U65/><E109/><V135/><F135/><W104/><G104/><T82/><D132/><U38/><E30/><V123/><F123/><W5/><G77/><T2/><D2/><U85/><REACH who="1" step="1"/><E65/><REACH who="1" ten="250,240,270,230" step="2"/><V4/><F67/><W120/><G120/><T40/><D122/><U94/><E94/><V110/><F110/><W133/><G133/><T12/><D34/><U32/><E32/><V24/><F4/><W43/><G114/><T52/><D35/><U81/><E81/><V112/><F112/><W125/><G113/><T83/><D83/><U39/><N who="1" m="9216" /><DORA hai="74" /><U105/><E105/><V92/><F92/><W13/><G125/><T62/><D93/><U50/><E50/><V103/><F64/><W7/><G7/><T51/><D51/><U127/><E127/><V18/><F63/><W106/><G106/><T91/><D48/><U1/><E1/><V23/><F61/><W9/><G5/><T21/><D62/><U41/><E41/><V29/><F29/><W17/><G43/><T107/><D40/><U95/><E95/><V31/><F31/><W55/><G55/><T60/><D52/><U59/><AGARI ba="0,1" hai="44,45,56,57,59,78,80,85,96,97,98" m="9216" machi="59" ten="70,12000,1" yaku="1,1,0,1,29,2,52,1,53,0" doraHai="126,74" doraHaiUra="111,6" who="1" fromWho="1" sc="250,-40,240,130,270,-40,230,-40" /><INIT seed="1,1,0,0,4,73" ten="210,370,230,190" oya="1" hai0="124,118,45,41,95,40,108,132,93,13,3,97,32" hai1="76,114,94,82,104,52,23,112,22,61,91,14,0" hai2="133,44,67,96,84,50,37,128,121,18,119,12,89" hai3="106,27,66,127,74,1,117,8,46,134,71,115,16"/><U29/><E104/><V47/><F119/><W107/><G115/><T110/><D3/><U19/><E0/><V33/><F33/><W20/><G117/><T75/><D118/><U130/><E130/><V54/><F121/><W70/><G134/><T58/><D32/><U105/><E105/><V7/><F128/><W31/><G127/><T21/><D124/><U9/><E114/><V24/><F133/><W30/><G74/><T10/><D132/><U111/><E111/><V86/><F67/><W38/><G106/><T56/><D21/><N who="1" m="7691" /><E112/><V78/><F7/><W2/><G107/><T87/><D75/><U69/><E69/><V125/><F24/><W131/><G131/><T42/><D45/><U59/><E29/><V113/><F125/><W116/><G116/><T39/><D39/><U65/><E65/><V79/><F113/><W68/><G66/><T102/><D93/><U35/><E35/><V26/><F26/><W49/><G38/><T88/><D108/><U36/><E36/><V57/><F96/><W28/><REACH who="3" step="1"/><G8/><REACH who="3" ten="210,370,230,180" step="2"/><T6/><D110/><U53/><E9/><N who="2" m="6415" /><F37/><W81/><G81/><T48/><D95/><U51/><E82/><N who="2" m="49367" /><F84/><W83/><G83/><T15/><D87/><U120/><E94/><V103/><F103/><W135/><G135/><T129/><D102/><U109/><E109/><V80/><F80/><W90/><G90/><T126/><D129/><U64/><E91/><V17/><F17/><W34/><G34/><T4/><D126/><U25/><E19/><V122/><F122/><W5/><G5/><T77/><D88/><U101/><E120/><RYUUKYOKU ba="1,1" sc="210,-15,370,-15,230,15,180,15" hai2="44,47,50,54,57,78,79" hai3="1,2,16,20,27,28,30,31,46,49,68,70,71" /><INIT seed="2,2,1,2,0,73" ten="195,355,245,195" oya="2" hai0="42,85,87,7,11,64,123,95,83,57,5,35,89" hai1="69,71,77,93,120,65,117,46,119,62,97,61,10" hai2="44,135,121,55,111,129,50,128,110,91,21,112,23" hai3="126,81,27,79,36,68,113,66,106,96,75,16,34"/><V76/><F112/><W127/><G36/><T59/><D123/><U118/><E120/><V132/><F121/><W60/><G113/><T125/><D35/><U6/><E46/><V1/><F1/><W92/><G92/><T28/><D28/><U0/><E77/><V19/><F91/><W82/><G81/><T31/><D31/><U39/><E39/><V15/><F23/><W100/><REACH who="3" step="1"/><G16/><REACH who="3" ten="195,355,245,185" step="2"/><T122/><D95/><U102/><REACH who="1" step="1"/><E61/><REACH who="1" ten="195,345,245,185" step="2"/><V67/><F76/><W47/><G47/><T86/><D122/><U8/><E8/><V24/><F44/><W108/><G108/><T53/><D11/><U51/><E51/><V20/><F111/><W30/><AGARI ba="2,3" hai="27,30,34,60,66,68,75,79,82,96,100,106,126,127" machi="30" ten="30,12000,2" yaku="1,1,0,1,25,2,23,2,52,1,53,0" doraHai="73" doraHaiUra="33" who="3" fromWho="3" sc="195,-32,345,-32,245,-62,185,156" /><INIT seed="3,0,0,0,1,57" ten="163,313,183,341" oya="3" hai0="104,22,29,51,86,67,23,119,80,55,38,114,20" hai1="66,100,94,49,125,134,12,90,6,116,106,3,50" hai2="110,5,34,117,115,107,25,14,8,130,91,9,39" hai3="60,126,62,77,53,31,15,73,79,105,54,35,26"/><W17/><G105/><T33/><D119/><U68/><E116/><V42/><F107/><W13/><G126/><T36/><D104/><U27/><E125/><V72/><F117/><W11/><G73/><T58/><D114/><U124/><E124/><V121/><F72/><W4/><G54/><T85/><D85/><U18/><E134/><V120/><F115/><W59/><REACH who="3" step="1"/><G62/><REACH who="3" ten="163,313,183,331" step="2"/><T78/><D67/><U92/><E106/><V111/><F121/><W128/><G128/><T103/><D103/><U127/><E66/><V10/><F120/><W21/><AGARI ba="0,1" hai="4,11,13,15,17,21,26,31,35,53,59,60,77,79" machi="21" ten="20,7800,0" yaku="1,1,0,1,7,1,52,1,53,0" doraHai="57" doraHaiUra="37" who="3" fromWho="3" sc="163,-26,313,-26,183,-26,331,88" /><INIT seed="3,1,0,0,0,119" ten="137,287,157,419" oya="3" hai0="79,109,30,49,41,17,94,66,115,7,38,125,59" hai1="130,33,64,103,63,134,100,24,36,106,3,116,114" hai2="27,21,51,129,97,47,29,54,0,118,32,127,50" hai3="101,87,126,70,14,112,76,61,10,132,77,88,52"/><W73/><G112/><T72/><D115/><U135/><E114/><V89/><F129/><W9/><G73/><T120/><D38/><U40/><E116/><V53/><F127/><W92/><G126/><T46/><D125/><U99/><E3/><V85/><F0/><W98/><G132/><N who="1" m="50730" /><E103/><V37/><F37/><W1/><G1/><T2/><D30/><N who="1" m="19655" /><E130/><V18/><F97/><W110/><G110/><T13/><D109/><U102/><E102/><V15/><F118/><W111/><G111/><T124/><D124/><U91/><E91/><V133/><F133/><W48/><G61/><T12/><D94/><U34/><E34/><V20/><F32/><W58/><G70/><T44/><D79/><N who="3" m="30281" /><G14/><T105/><D72/><U95/><E95/><AGARI ba="1,0" hai="9,10,48,52,58,87,88,92,95,98,101" m="30281" machi="95" ten="30,5800,0" yaku="8,1,54,2" doraHai="119" who="3" fromWho="1" sc="137,0,287,-61,157,0,419,61" /><INIT seed="3,2,0,4,5,30" ten="137,226,157,480" oya="3" hai0="32,90,56,46,77,63,9,33,95,83,130,34,78" hai1="97,19,52,44,5,15,64,93,89,134,16,66,13" hai2="79,128,113,123,40,132,92,131,100,124,65,17,98" hai3="84,109,126,38,7,87,42,10,1,67,57,25,91"/><W70/><G70/><T110/><D110/><U22/><E5/><V23/><F113/><W80/><G126/><T122/><D122/><U59/><E44/><V120/><F65/><W72/><G109/><T105/><D105/><U135/><E134/><V71/><F71/><W114/><G114/><T133/><D133/><U88/><E89/><V85/><F40/><W73/><G67/><T3/><D130/><N who="2" m="49706" /><F132/><W37/><G57/><T54/><D46/><U112/><E112/><V29/><F29/><W61/><G61/><T41/><D41/><U125/><E125/><V94/><F124/><W12/><G1/><T47/><D47/><U101/><E101/><V74/><F23/><W62/><G62/><T43/><D43/><U50/><E135/><V86/><F17/><W49/><G49/><T26/><D26/><U69/><E69/><V115/><F115/><W39/><G42/><T35/><N who="0" m="8192" /><DORA hai="28" /><T2/><D9/><AGARI ba="2,0" hai="9,13,15,16,19,22,50,52,59,64,66,88,93,97" machi="9" ten="30,8000,1" yaku="7,1,8,1,54,3" doraHai="30,28" who="1" fromWho="0" sc="137,-86,226,86,157,0,480,0" /><INIT seed="4,0,0,5,4,100" ten="51,312,157,480" oya="0" hai0="79,84,62,78,61,51,85,9,22,18,59,103,49" hai1="32,88,131,57,31,20,52,99,94,8,126,35,101" hai2="112,65,73,30,54,41,21,14,102,6,63,123,55" hai3="12,82,42,68,53,96,71,1,39,89,127,60,119"/><T70/><D70/><U122/><E122/><V130/><F123/><W92/><G1/><T45/><D9/><U67/><E131/><V16/><F73/><W11/><G119/><T121/><D121/><U26/><E126/><V5/><F130/><W97/><G127/><T40/><D103/><U118/><E118/><V66/><F112/><W108/><G108/><T74/><D74/><U64/><E8/><V19/><F30/><W132/><G132/><T133/><D133/><U110/><E110/><V109/><F41/><W93/><G82/><T80/><D51/><U124/><E124/><V87/><F109/><W43/><G39/><T135/><D135/><U116/><E116/><V83/><F19/><W72/><G72/><T50/><D50/><N who="1" m="30871" /><E35/><V120/><F102/><N who="3" m="60679" /><G68/><T95/><D59/><U58/><E32/><V56/><F120/><W10/><G10/><T34/><D34/><U37/><E37/><V48/><F55/><W28/><G28/><T107/><D107/><U128/><E128/><V76/><REACH who="2" step="1"/><F66/><REACH who="2" ten="51,312,147,480" step="2"/><N who="1" m="25129" /><E58/><AGARI ba="0,1" hai="5,6,14,16,21,48,54,56,58,63,65,76,83,87" machi="58" ten="30,7700,0" yaku="1,1,7,1,8,1,54,1,53,0" doraHai="100" doraHaiUra="115" who="2" fromWho="1" sc="51,0,312,-77,147,87,480,0" /><INIT seed="5,0,0,4,3,80" ten="51,235,234,480" oya="1" hai0="42,100,0,113,129,61,36,85,29,16,109,59,112" hai1="110,103,6,47,92,52,12,78,87,53,126,94,77" hai2="31,102,56,111,84,41,35,75,50,91,4,15,90" hai3="46,22,134,7,66,74,93,83,20,68,27,58,14"/><U101/><E126/><V120/><F75/><W132/><G68/><T44/><D0/><U88/><E110/><V99/><F120/><W10/><G46/><T69/><D29/><U39/><E39/><V60/><F111/><W64/><G93/><T79/><D109/><U21/><E101/><V124/><F91/><W98/><G98/><T97/><D69/><U122/><E122/><V133/><F133/><N who="3" m="51307" /><G58/><T118/><D118/><U114/><E114/><V13/><F4/><W63/><G63/><T116/><D116/><U55/><E47/><N who="2" m="25967" /><F35/><W115/><G22/><T107/><D129/><U2/><E2/><V54/><F99/><W104/><G104/><T43/><D43/><U70/><E70/><V71/><F102/><W19/><G115/><T127/><D127/><U106/><E106/><V24/><F124/><W51/><G51/><T96/><D96/><N who="1" m="59783" /><E21/><N who="2" m="15759" /><F71/><W3/><G3/><T62/><D112/><U125/><E125/><V26/><F26/><W105/><G105/><T33/><D33/><U23/><E23/><V25/><F25/><W28/><G28/><T1/><D1/><U37/><E37/><V8/><F8/><AGARI ba="0,0" hai="6,8,12,52,53,55,77,78,87,88,94" m="59783" machi="8" ten="30,11600,0" yaku="8,1,52,1,54,2" doraHai="80" who="1" fromWho="2" sc="51,0,235,116,234,-116,480,0" /><INIT seed="5,1,0,1,4,133" ten="51,351,118,480" oya="1" hai0="52,53,114,49,41,9,42,4,62,32,70,88,54" hai1="121,44,73,57,103,98,107,24,31,93,135,64,84" hai2="101,21,58,131,77,38,30,10,47,110,46,7,104" hai3="28,113,40,27,22,125,128,59,1,120,82,26,124"/><U127/><E121/><V50/><F110/><W111/><G111/><T85/><D32/><U89/><E135/><V37/><F131/><W20/><G120/><T69/><D114/><U29/><E73/><V112/><F104/><W97/><G1/><T115/><D115/><U105/><E31/><V16/><F101/><W126/><G113/><T39/><D39/><U35/><E127/><V36/><F30/><W108/><G108/><T48/><D69/><U51/><E64/><V45/><F77/><W8/><G128/><T119/><D119/><U116/><E57/><V109/><F109/><W129/><G129/><T43/><D62/><U15/><E15/><V78/><F78/><W122/><G122/><T60/><D60/><U117/><REACH who="1" step="1"/><E105/><REACH who="1" ten="51,341,118,480" step="2"/><V55/><F112/><W71/><G59/><T90/><D70/><U74/><E74/><V94/><F58/><W123/><G71/><T63/><D63/><U76/><E76/><V86/><F38/><W61/><G61/><T99/><D99/><U6/><E6/><V12/><F37/><W5/><G123/><T14/><REACH who="0" step="1"/><D90/><REACH who="0" ten="41,341,118,480" step="2"/><U33/><E33/><V17/><F36/><W56/><G97/><T134/><D134/><U19/><E19/><V95/><F17/><W118/><G125/><T34/><D34/><U96/><E96/><V132/><F132/><W66/><G124/><T25/><D25/><U102/><E102/><V65/><F65/><W92/><G66/><T80/><AGARI ba="1,2" hai="4,9,14,41,42,43,48,49,52,53,54,80,85,88" machi="80" ten="30,12000,2" yaku="1,1,0,1,8,1,54,2,53,1" doraHai="133" doraHaiUra="81" who="0" fromWho="0" sc="41,143,341,-61,118,-31,480,-31" /><INIT seed="6,0,0,1,5,7" ten="184,280,87,449" oya="2" hai0="37,11,6,15,12,125,43,109,134,132,98,38,60" hai1="5,97,117,83,106,131,81,113,10,42,34,13,32" hai2="27,66,72,58,48,116,17,74,25,3,22,112,40" hai3="35,0,79,124,75,54,93,56,118,23,50,24,128"/><V45/><F116/><W103/><G118/><T111/><D125/><U104/><E117/><V4/><F112/><W135/><G0/><T105/><D60/><U39/><E113/><V86/><F27/><W114/><G35/><T65/><D65/><U36/><E131/><V92/><F66/><W129/><G114/><T55/><D55/><U52/><E52/><V28/><F28/><W120/><G120/><T9/><D98/><U33/><E104/><V29/><F29/><W108/><G108/><T49/><D49/><U70/><E70/><V78/><F58/><W123/><G135/><N who="0" m="51755" /><D105/><U77/><E42/><V89/><REACH who="2" step="1"/><F78/><REACH who="2" ten="184,280,77,449" step="2"/><W122/><G24/><T62/><D62/><U90/><E77/><V94/><F94/><W61/><G79/><T82/><D82/><U101/><E81/><V1/><F1/><W91/><G56/><T76/><D76/><U57/><E57/><V67/><F67/><W121/><G93/><T126/><D109/><U63/><E83/><V26/><F26/><W107/><G107/><T130/><D111/><U84/><E106/><V21/><F21/><W41/><G23/><T68/><D68/><U71/><E71/><V102/><F102/><W47/><G103/><T110/><D110/><U8/><E101/><V2/><F2/><W85/><G122/><T59/><D59/><U87/><E32/><V127/><F127/><W100/><G124/><T80/><D126/><U119/><E119/><V73/><F73/><W133/><G75/><T99/><D80/><U53/><E33/><V69/><F69/><W44/><G121/><T31/><D31/><RYUUKYOKU ba="0,1" sc="184,-10,280,-10,77,30,449,-10" hai2="3,4,17,22,25,40,45,48,72,74,86,89,92" /><INIT seed="6,1,1,4,4,128" ten="174,270,107,439" oya="2" hai0="83,76,102,15,33,118,84,82,91,78,97,51,35" hai1="99,123,66,30,100,69,40,29,68,48,132,21,92" hai2="3,80,27,124,127,59,70,46,77,93,61,19,31" hai3="4,121,5,126,11,67,36,64,2,125,71,7,73"/><V42/><F3/><W57/><G121/><T95/><D118/><U23/><E123/><V81/><F19/><W47/><G71/><T104/><D51/><U79/><E132/><V88/><F70/><W133/><G133/><T44/><D44/><U28/><E79/><V49/><F127/><N who="3" m="48651" /><G73/><N who="0" m="43279" /><D15/><U85/><E85/><AGARI ba="1,1" hai="33,35,78,83,84,85,91,95,97,102,104" m="43279" machi="85" ten="30,1000,0" yaku="24,1" doraHai="128" who="0" fromWho="1" sc="174,23,270,-13,107,0,439,0" /><INIT seed="7,0,0,2,3,47" ten="197,257,107,439" oya="3" hai0="31,20,60,48,66,131,107,36,104,15,32,71,23" hai1="97,65,55,61,0,105,25,45,121,99,4,24,30" hai2="95,10,3,93,17,78,101,80,69,84,110,82,59" hai3="118,115,7,117,98,122,42,14,130,120,21,67,94"/><W91/><G67/><T34/><D36/><U119/><E121/><V52/><F69/><W33/><G33/><T86/><D86/><U19/><E119/><V134/><F134/><W111/><G42/><T57/><D23/><U96/><E19/><V27/><F110/><W124/><G21/><T62/><D62/><U63/><E105/><V123/><F123/><W116/><G14/><T41/><D131/><U112/><E112/><V46/><F101/><W58/><G58/><T126/><D126/><U100/><E100/><V50/><F3/><W2/><G7/><T39/><D31/><U75/><E75/><V26/><F82/><W103/><G2/><T43/><D43/><U125/><E125/><V37/><F37/><W89/><G124/><T64/><D64/><U132/><E132/><V68/><F68/><W16/><G16/><T81/><D81/><U113/><E113/><V53/><F27/><W79/><G115/><T102/><D102/><U29/><E4/><V9/><F9/><W56/><G56/><T87/><D15/><U109/><E0/><V18/><F18/><W49/><G130/><T88/><D39/><U135/><E135/><V22/><F10/><W74/><G111/><T114/><D71/><U128/><E128/><V73/><F73/><W76/><G74/><T127/><D127/><U92/><E109/><V90/><F78/><N who="3" m="29739" /><G122/><T72/><D114/><U129/><E92/><V85/><F85/><W44/><G120/><T40/><D87/><U5/><E129/><V8/><F8/><W133/><G133/><T35/><D72/><U38/><E38/><RYUUKYOKU ba="0,0" sc="197,-15,257,-15,107,15,439,15" hai2="17,22,26,46,50,52,53,59,80,84,90,93,95" hai3="44,49,89,91,94,98,103,116,117,118" owari="182,-21.8,242,4.2,122,-37.8,454,55.4" /></mjloggm>