<mjloggm ver="2.3"><GO type="225" lobby="0"/><UN n0="%E7%B4%94%E6%BD%94%E3%83%94%E3%83%A9%E3%83%8B%E3%82%A2" n1="%E3%81%BF%E3%81%BF%E3%81%9A" n2="%E5%BA%84%E5%8F%B8%E5%81%A5%E5%A4%AA%E6%9C%97" n3="%33%74%72%65%65" dan="16,17,16,17" rate="2193.01,2236.52,2032.41,2153.42" sx="M,M,M,F"/><TAIKYOKU oya="0"/><INIT seed="0,0,0,5,1,41" ten="250,250,250,250" oya="0" hai0="32,131,69,130,73,100,25,123,121,85,39,83,86" hai1="75,5,94,7,45,112,66,29,105,84,133,132,114" hai2="16,52,31,0,27,60,44,28,43,30,126,49,23" hai3="95,80,46,22,122,55,63,68,40,13,70,117,15"/><T111/><D69/><U9/><E75/><V98/><F126/><W77/><G117/><T82/><D39/><U24/><E105/><V88/><F0/><W135/><G135/><N who="1" m="51786" /><E66/><V56/><REACH who="2" step="1"/><F88/><REACH who="2" ten="250,250,240,250" step="2"/><W78/><G122/><T42/><D100/><U8/><E94/><V134/><F134/><W108/><G95/><T35/><D111/><U92/><E92/><V101/><F101/><W120/><G120/><T99/><D99/><AGARI ba="0,1" hai="16,23,27,28,30,31,43,44,49,52,56,60,98,99" machi="99" ten="40,8000,1" yaku="1,1,8,1,52,1,54,2,53,0" doraHai="41" doraHaiUra="67" who="2" fromWho="0" sc="250,-80,250,0,240,90,250,0" /><INIT seed="1,0,0,4,5,83" ten="170,250,330,250" oya="1" hai0="134,126,2,22,125,101,80,109,49,100,132,59,48" hai1="111,21,14,114,120,129,119,19,110,32,69,73,18" hai2="127,135,86,46,113,15,106,115,117,57,54,52,31" hai3="61,122,9,24,103,56,131,102,121,29,97,72,33"/><U118/><E69/><V6/><F117/><N who="1" m="44553" /><E73/><V65/><F106/><W130/><G72/><T112/><D2/><U96/><E96/><V84/><F135/><N who="0" m="51754" /><D112/><N who="2" m="43082" /><F127/><N who="0" m="48650" /><D109/><N who="1" m="41483" /><E129/><N who="3" m="49162" /><G9/><T45/><D22/><N who="1" m="11607" /><E114/><V66/><F31/><W12/><G97/><T107/><D107/><U60/><E60/><N who="2" m="35879" /><F54/><N who="3" m="33943" /><G103/><N who="0" m="39499" /><D59/><U17/><E120/><V44/><F46/><W124/><G124/><T3/><D3/><U11/><E32/><V99/><F44/><W90/><G121/><T70/><D70/><U37/><E37/><V95/><F99/><W85/><G122/><T123/><D123/><U50/><E50/><V25/><F66/><W78/><G102/><T41/><D48/><U40/><E40/><V89/><F65/><W92/><G78/><T23/><D23/><U5/><E21/><V68/><F68/><W88/><G90/><T128/><D128/><U0/><AGARI ba="0,0" hai="0,5,11,17,19" m="11607,41483,44553" machi="0" ten="30,11700,0" yaku="14,1,10,1,34,2" doraHai="83" who="1" fromWho="1" sc="170,-39,250,117,330,-39,250,-39" /><INIT seed="1,1,0,2,4,111" ten="131,367,291,211" oya="1" hai0="50,66,36,69,103,6,49,102,30,89,98,40,55" hai1="133,130,64,126,100,42,94,21,127,20,99,23,27" hai2="15,108,29,53,113,32,54,3,2,88,45,105,120" hai3="84,41,110,58,92,28,93,10,114,65,95,96,106"/><U118/><E118/><V67/><F120/><W68/><G68/><T35/><D6/><U38/><E133/><V25/><F108/><W12/><G110/><T37/><D89/><U70/><E130/><V90/><F105/><W129/><G129/><T117/><D117/><U52/><E70/><V39/><F67/><W77/><G28/><T8/><D8/><U51/><E64/><V11/><F113/><W87/><G114/><T124/><D49/><U43/><E38/><V1/><F39/><W116/><G116/><T62/><D40/><U97/><E27/><V47/><F54/><W0/><G0/><T79/><D79/><U81/><E81/><V18/><REACH who="2" step="1"/><F53/><REACH who="2" ten="131,367,281,211" step="2"/><W14/><G106/><T72/><D37/><U59/><REACH who="1" step="1"/><E99/><REACH who="1" ten="131,357,281,211" step="2"/><V44/><AGARI ba="1,2" hai="1,2,3,11,15,18,25,29,32,44,45,47,88,90" machi="44" ten="40,8000,1" yaku="1,1,2,1,0,1,54,1,53,0" doraHai="111" doraHaiUra="80" who="2" fromWho="2" sc="131,-21,357,-41,281,103,211,-21" /><INIT seed="2,0,0,4,1,102" ten="110,316,384,190" oya="2" hai0="114,132,60,40,98,82,135,70,17,38,3,78,94" hai1="31,117,39,91,5,18,59,85,64,46,68,74,113" hai2="2,55,61,51,56,120,26,89,43,96,83,101,49" hai3="30,88,115,106,111,125,19,90,36,75,4,128,79"/><V41/><F120/><W87/><G36/><T124/><D3/><U25/><E74/><V44/><F2/><W6/><G75/><T9/><D114/><U54/><E113/><V16/><F89/><N who="3" m="34411" /><G115/><T131/><D131/><U122/><E117/><V35/><F83/><N who="3" m="47615" /><G106/><T86/><D124/><U0/><E122/><V80/><F80/><W32/><G32/><T14/><D40/><N who="2" m="15434" /><F35/><W116/><G116/><T84/><D84/><U27/><E39/><V103/><F96/><W8/><G128/><T20/><D38/><U121/><E121/><V28/><F28/><W126/><G111/><T77/><D77/><U45/><E0/><V133/><F51/><W99/><G30/><T57/><D70/><U72/><E31/><V104/><F104/><W100/><G99/><T69/><D69/><U73/><E72/><V129/><F129/><W108/><G100/><T105/><D105/><U107/><E73/><V21/><F133/><W34/><G34/><T12/><D98/><U24/><E107/><V33/><F33/><W118/><G108/><T123/><D123/><U76/><E76/><V119/><F119/><W130/><G118/><T65/><REACH who="0" step="1"/><D94/><REACH who="0" ten="100,316,384,190" step="2"/><U110/><E110/><V52/><AGARI ba="0,1" hai="16,21,26,44,49,52,55,56,61,101,103" m="15434" machi="52" ten="30,6000,0" yaku="8,1,54,2" doraHai="102" who="2" fromWho="2" sc="100,-20,316,-20,384,70,190,-20" /><INIT seed="2,1,0,0,1,128" ten="80,296,454,170" oya="2" hai0="49,92,83,68,127,16,12,15,19,122,110,85,90" hai1="91,2,73,0,102,44,7,71,78,25,108,23,89" hai2="59,132,43,41,57,99,120,98,109,74,134,46,27" hai3="28,35,34,63,118,65,60,29,82,113,81,67,77"/><V42/><F120/><W64/><G118/><T104/><D122/><U103/><E71/><V9/><F74/><W70/><G113/><T106/><D68/><U129/><E129/><V3/><F46/><W100/><G100/><T48/><D110/><U37/><E108/><V76/><F76/><W55/><G55/><T121/><D121/><U32/><E32/><N who="3" m="12330" /><G77/><T51/><D127/><U21/><E102/><V56/><F27/><W5/><G5/><T93/><D104/><U86/><E103/><V33/><F33/><W10/><G10/><T1/><D1/><U112/><E112/><V115/><F115/><W135/><G135/><N who="2" m="51753" /><F109/><W133/><G133/><T11/><REACH who="0" step="1"/><D106/><REACH who="0" ten="70,296,454,170" step="2"/><U30/><E0/><V97/><F3/><W117/><G117/><T72/><D72/><U114/><E73/><V58/><F58/><W124/><G124/><T95/><D95/><U126/><E2/><V18/><F9/><AGARI ba="1,1" hai="9,11,12,15,16,19,48,49,51,83,85,90,92,93" machi="9" ten="40,8000,1" yaku="1,1,9,1,8,1,54,1,53,0" doraHai="128" doraHaiUra="31" who="0" fromWho="2" sc="70,93,296,0,454,-83,170,0" /><INIT seed="3,0,0,2,0,97" ten="163,296,371,170" oya="3" hai0="88,50,17,81,20,86,118,126,27,125,35,111,43" hai1="94,74,116,87,4,41,25,84,34,91,51,68,134" hai2="123,89,133,18,12,24,83,6,121,101,78,128,107" hai3="14,23,62,67,3,85,110,19,124,38,21,47,59"/><W31/><G124/><N who="0" m="47723" /><D118/><U120/><E74/><N who="2" m="43479" /><F6/><W99/><G110/><T54/><D111/><U114/><E68/><V80/><F133/><W104/><G3/><T64/><D64/><U102/><E114/><V100/><F107/><W132/><G132/><T129/><D129/><U113/><E120/><N who="2" m="46155" /><F24/><N who="3" m="16783" /><G104/><T135/><D135/><U66/><E51/><V90/><F128/><W93/><G38/><T55/><D35/><U130/><E91/><N who="2" m="34827" /><F80/><W0/><G0/><T58/><D43/><U73/><E66/><V103/><F101/><N who="3" m="60655" /><G85/><T37/><D55/><U9/><E9/><AGARI ba="0,0" hai="9,12,18,100,103" m="34827,46155,43479" machi="9" ten="30,3900,0" yaku="13,1,52,2" doraHai="97" who="2" fromWho="1" sc="163,0,296,-39,371,39,170,0" owari="163,-33.7,257,5.7,410,51.0,170,-23.0" /></mjloggm>