<mjloggm ver="2.3"><GO type="169" lobby="0"/><UN n0="%E8%B5%A4%E7%BE%8E%E6%BF%83%E3%81%BE%E3%81%90%E3%82%8D" n1="%E7%8F%BE%E5%A0%B4%E3%81%AD%E3%81%93" n2="%E3%81%8D%E3%82%83%E3%82%82%E3%82%93%E3%81%AC" n3="%E3%83%97%E3%83%AC%E3%82%B9%E3%83%97" dan="17,16,16,16" rate="2207.19,2073.67,2114.62,2173.17" sx="M,M,M,M"/><TAIKYOKU oya="0"/><INIT seed="0,0,0,3,3,81" ten="250,250,250,250" oya="0" hai0="16,42,37,19,13,51,93,9,92,24,131,67,74" hai1="120,10,1,71,63,123,6,3,124,69,127,73,98" hai2="54,96,58,84,64,30,14,102,29,20,53,106,133" hai3="27,97,23,36,25,17,101,49,21,50,109,134,48"/><T44/><D131/><U31/><E63/><V46/><F133/><W107/><G36/><T112/><D74/><U33/><E98/><V78/><F64/><W80/><G134/><T34/><D112/><U103/><E103/><V52/><F46/><W82/><REACH who="3" step="1"/><G109/><REACH who="3" ten="250,250,250,240" step="2"/><T40/><D37/><U5/><E124/><V113/><F113/><W22/><G22/><T100/><D34/><U32/><E127/><V39/><F39/><W65/><G65/><T104/><D67/><U130/><E32/><V86/><F58/><W66/><G66/><T0/><D0/><U111/><E111/><V2/><F2/><W12/><G12/><T122/><D122/><U118/><E120/><V38/><F38/><W132/><G132/><T57/><D57/><U18/><E123/><V129/><F129/><W83/><G83/><T70/><D70/><U35/><E130/><V8/><F78/><W89/><G89/><T41/><D100/><U59/><E59/><V11/><F11/><W79/><G79/><T110/><D110/><U4/><E69/><V125/><F125/><W114/><G114/><T43/><D104/><U135/><E71/><V76/><F76/><W15/><G15/><T47/><D47/><U117/><E135/><V108/><F108/><W77/><G77/><T85/><D24/><N who="1" m="18663" /><E35/><V128/><F128/><W95/><G95/><T72/><D93/><U90/><E90/><V105/><F105/><W94/><G94/><T99/><D92/><U55/><E3/><V91/><F91/><W126/><G126/><T28/><D13/><N who="1" m="7479" /><E1/><V75/><F106/><W60/><G60/><RYUUKYOKU ba="0,1" sc="250,-10,250,-10,250,-10,240,30" hai3="17,21,23,25,27,48,49,50,80,82,97,101,107" /><INIT seed="1,1,1,4,4,66" ten="240,240,240,270" oya="1" hai0="8,35,72,89,40,76,75,64,33,69,57,54,23" hai1="128,19,91,20,47,97,68,107,1,74,87,70,42" hai2="60,122,17,3,56,62,117,133,16,6,14,52,27" hai3="108,131,124,94,13,73,82,118,79,100,9,80,28"/><U21/><E74/><V38/><F122/><W112/><G112/><T86/><D40/><U78/><E1/><V11/><F117/><W98/><G28/><T130/><D130/><U127/><E128/><V61/><F133/><W99/><G131/><T18/><D8/><U119/><E119/><V135/><F135/><W125/><G118/><T22/><D22/><U53/><E53/><V116/><F116/><W51/><G51/><T109/><D109/><U103/><E78/><V105/><F105/><W63/><G108/><T85/><D85/><U121/><E127/><V84/><F38/><W2/><G2/><T30/><D30/><U59/><E59/><V5/><F3/><W113/><G113/><T0/><D0/><U43/><E20/><N who="2" m="13711" /><F84/><W31/><G31/><T95/><D76/><U10/><E10/><V12/><F12/><W24/><G24/><T39/><D39/><U4/><E4/><AGARI ba="1,1" hai="4,5,6,11,14,16,52,56,60,61,62" m="13711" machi="4" ten="30,3900,0" yaku="8,1,54,2" doraHai="66" who="2" fromWho="1" sc="240,0,240,-42,240,52,270,0" /><INIT seed="2,0,0,2,5,47" ten="240,198,292,270" oya="2" hai0="35,110,62,36,85,58,102,122,107,129,22,103,56" hai1="52,44,43,82,17,40,94,53,65,20,78,66,2" hai2="41,112,75,135,8,50,126,125,113,79,128,42,61" hai3="59,131,60,3,32,90,23,120,99,74,93,12,14"/><V89/><F8/><W80/><G32/><T39/><D35/><U46/><E2/><V34/><F34/><W84/><G120/><T4/><D122/><U87/><E94/><V72/><F79/><W118/><G118/><T108/><D4/><U18/><E78/><V114/><F89/><W24/><G3/><T5/><D5/><U119/><E20/><V100/><F100/><N who="0" m="38442" /><D107/><U28/><E87/><V124/><F61/><W121/><G74/><N who="2" m="28201" /><F135/><W105/><G105/><T130/><D85/><U67/><E28/><V7/><F7/><W55/><G131/><N who="0" m="50187" /><D22/><U31/><E31/><V116/><F128/><W45/><G45/><N who="1" m="17514" /><E82/><V57/><F116/><W123/><G123/><T30/><D30/><U0/><E0/><V88/><F88/><N who="3" m="55719" /><G121/><T9/><D9/><U48/><E119/><V101/><F101/><W96/><G96/><T104/><D104/><U11/><E11/><V76/><F76/><W29/><AGARI ba="0,0" hai="12,14,23,24,29,55,59,60,80,84,90" m="55719" machi="29" ten="30,2000,0" yaku="8,1,54,1" doraHai="47" who="3" fromWho="3" sc="240,-5,198,-5,292,-10,270,20" /><INIT seed="3,0,0,3,2,49" ten="235,193,282,290" oya="3" hai0="113,10,9,17,40,92,45,128,127,52,114,60,43" hai1="90,44,119,25,16,80,66,42,82,124,99,48,3" hai2="71,69,38,7,129,41,35,51,67,79,120,94,28" hai3="87,88,132,26,56,14,4,55,72,64,63,107,53"/><W122/><G72/><T130/><D127/><U76/><E124/><V115/><F115/><N who="0" m="44042" /><D92/><U33/><E3/><V78/><F38/><W59/><G122/><T135/><D135/><U0/><E0/><V22/><F35/><W65/><G132/><T123/><D123/><U131/><E131/><N who="0" m="50217" /><D17/><U81/><E81/><V21/><F94/><N who="3" m="54559" /><G107/><T19/><D19/><U106/><E119/><V93/><F93/><W57/><G26/><T75/><D75/><U68/><E33/><V37/><F37/><W20/><G20/><T109/><D109/><U121/><E121/><V54/><F22/><W125/><G125/><T34/><D34/><U96/><E106/><V39/><F21/><W74/><G74/><T104/><D104/><U95/><E25/><V1/><F39/><W13/><G57/><N who="0" m="34855" /><D43/><U134/><E134/><V30/><F41/><W105/><G105/><T84/><D84/><U31/><E99/><V112/><F112/><W118/><G118/><T61/><D61/><N who="1" m="40015" /><E31/><V70/><F28/><W108/><G108/><T24/><D24/><U11/><E76/><V36/><F30/><W85/><G85/><T29/><D29/><U47/><E11/><V100/><F79/><W6/><G6/><T86/><D86/><U73/><E73/><V18/><F78/><W77/><G77/><T8/><D8/><U50/><E16/><V110/><F18/><W58/><G4/><T117/><D117/><U126/><E126/><V102/><F7/><W27/><G27/><T15/><D15/><N who="3" m="5641" /><G63/><T12/><D12/><U133/><E133/><V111/><F129/><W97/><G97/><RYUUKYOKU ba="0,0" sc="235,10,193,10,282,-30,290,10" hai0="9,10,40,45" hai1="42,44,47,48,50,80,82,90,95,96" hai3="53,55,56,58,59,64,65" /><INIT seed="3,1,0,0,2,65" ten="245,203,252,300" oya="3" hai0="25,125,51,80,99,29,76,42,126,48,107,134,79" hai1="9,41,88,116,130,40,10,105,60,11,12,15,54" hai2="27,111,94,34,64,69,92,43,91,103,112,119,90" hai3="56,98,8,104,96,44,100,23,118,101,131,128,47"/><W70/><G118/><T117/><D117/><U1/><E130/><N who="3" m="49706" /><G23/><T61/><D61/><U93/><E105/><V6/><F119/><W37/><G37/><T2/><D2/><U33/><E33/><V81/><F112/><W19/><G56/><T26/><D134/><U113/><E1/><V72/><F111/><W18/><G70/><T75/><D79/><U46/><E113/><V57/><F6/><W28/><G28/><T13/><D13/><N who="1" m="5195" /><E116/><V115/><F115/><W121/><G8/><N who="1" m="2050" /><U106/><DORA hai="84" /><E106/><V45/><F69/><W123/><G123/><T66/><D66/><U5/><E5/><V68/><F68/><W114/><G114/><T120/><D120/><U31/><E31/><V30/><F72/><W0/><G0/><T36/><D29/><U89/><E93/><V62/><F94/><N who="3" m="58391" /><G121/><T59/><D59/><N who="1" m="34935" /><E46/><AGARI ba="1,0" hai="18,19,44,46,47,98,101,104" m="58391,49706" machi="46" ten="30,1500,0" yaku="19,1" doraHai="65,84" who="3" fromWho="1" sc="245,0,203,-18,252,0,300,18" /><INIT seed="3,2,0,0,0,10" ten="245,185,252,318" oya="3" hai0="14,36,69,43,48,129,22,89,3,115,72,131,53" hai1="25,65,128,46,93,95,54,49,20,35,123,67,2" hai2="114,31,76,68,84,42,9,85,83,86,47,119,34" hai3="97,91,55,74,57,82,7,64,30,26,127,18,117"/><W73/><G117/><T101/><D3/><U81/><E128/><N who="0" m="49225" /><D72/><U16/><E123/><V15/><F119/><W24/><G127/><T135/><D69/><U28/><E2/><V39/><F114/><W6/><G64/><T103/><D43/><U133/><E133/><V90/><F68/><W33/><G73/><T124/><D36/><U66/><REACH who="1" step="1"/><E81/><REACH who="1" ten="245,175,252,318" step="2"/><V106/><F106/><W100/><G82/><T122/><D135/><U116/><E116/><V94/><F34/><W109/><G109/><T113/><D122/><U88/><E88/><V105/><F105/><W80/><G91/><T121/><D121/><U29/><E29/><V107/><F107/><W70/><G80/><T79/><D89/><U12/><AGARI ba="2,1" hai="12,16,20,25,28,35,46,49,54,65,66,67,93,95" machi="12" ten="30,8000,1" yaku="1,1,0,1,52,1,54,1,53,1" doraHai="10" doraHaiUra="19" who="1" fromWho="1" sc="245,-22,175,96,252,-22,318,-42" /><INIT seed="4,0,0,2,2,90" ten="223,271,230,276" oya="0" hai0="1,14,130,85,104,35,106,67,93,68,39,83,128" hai1="27,25,18,16,48,0,69,135,120,125,72,78,75" hai2="132,28,110,70,65,101,8,105,96,133,134,74,86" hai3="20,94,7,40,111,112,76,22,57,2,4,29,114"/><T44/><D1/><U30/><E69/><V19/><F110/><W71/><G71/><T11/><D35/><U5/><E78/><V60/><F74/><W59/><G40/><T119/><D119/><U92/><E120/><V34/><F86/><W12/><G76/><T124/><D68/><U107/><E107/><V10/><REACH who="2" step="1"/><F19/><REACH who="2" ten="223,271,220,276" step="2"/><W61/><G111/><T108/><D108/><U38/><E75/><V99/><F99/><W129/><G7/><T53/><D85/><U51/><E5/><V81/><F81/><W73/><G4/><T17/><D83/><U3/><E72/><V98/><F98/><W84/><G73/><T62/><D17/><U52/><E16/><V33/><F33/><W37/><G84/><T9/><D124/><U50/><E18/><V97/><F97/><W55/><G112/><T89/><D130/><U23/><E125/><V113/><F113/><W63/><G114/><T32/><D32/><U49/><E27/><AGARI ba="0,1" hai="8,10,27,28,34,60,65,70,96,101,105,132,133,134" machi="27" ten="40,8000,1" yaku="1,1,25,2,20,1,53,1" doraHai="90" doraHaiUra="58" who="2" fromWho="1" sc="223,0,271,-80,220,90,276,0" /><INIT seed="5,0,0,3,0,131" ten="223,191,310,276" oya="1" hai0="14,0,6,81,68,91,75,60,101,34,99,56,19" hai1="9,84,126,133,13,15,24,112,107,134,12,29,40" hai2="95,62,27,69,87,49,64,74,44,32,116,89,111" hai3="65,58,31,106,8,70,79,22,118,33,102,132,42"/><U18/><E107/><V57/><F111/><W135/><G118/><T55/><D34/><N who="1" m="20775" /><E40/><V16/><F116/><W4/><G22/><T35/><D35/><U110/><E84/><V46/><F74/><W109/><G109/><T73/><D68/><U25/><E110/><V67/><F32/><W1/><G42/><T17/><D0/><U93/><E93/><V51/><F67/><W28/><G58/><T80/><D75/><U90/><E90/><V66/><F66/><W129/><G79/><T78/><D81/><U105/><E105/><V71/><F71/><W53/><G53/><T11/><D91/><U43/><E43/><V127/><F127/><W63/><G129/><T117/><D117/><U83/><E83/><V124/><F124/><W59/><G59/><T121/><D121/><U45/><E45/><N who="2" m="17515" /><F69/><W23/><G23/><AGARI ba="0,0" hai="16,23,27,49,51,57,62,64,87,89,95" m="17515" machi="23" ten="30,2000,0" yaku="8,1,54,1" doraHai="131" who="2" fromWho="3" sc="223,0,191,0,310,20,276,-20" /><INIT seed="6,0,0,4,2,110" ten="223,191,330,256" oya="2" hai0="7,104,99,114,101,4,123,26,112,23,2,102,25" hai1="54,53,28,47,95,133,127,9,98,58,79,13,71" hai2="19,1,82,24,97,96,18,69,63,83,86,14,62" hai3="134,52,108,81,91,80,90,42,40,49,39,85,65"/><V6/><F1/><W37/><G108/><T107/><D123/><U100/><E133/><V51/><F6/><W106/><G106/><T45/><D45/><U12/><E127/><V61/><F69/><W38/><G134/><T70/><D70/><U111/><E111/><V66/><F66/><W17/><G65/><T72/><D72/><U122/><E122/><V128/><F128/><W93/><G17/><T67/><D67/><U87/><E71/><V50/><F24/><W64/><G64/><T115/><D2/><U78/><E28/><V130/><F130/><W57/><REACH who="3" step="1"/><G81/><REACH who="3" ten="223,191,330,246" step="2"/><T44/><D44/><U55/><E58/><V10/><F19/><W105/><G105/><T31/><D26/><U124/><E124/><V34/><F83/><W3/><G3/><T129/><D129/><U33/><E47/><V30/><F30/><W27/><G27/><T125/><D125/><U92/><E33/><V22/><F34/><W117/><G117/><T88/><D7/><N who="1" m="3135" /><E13/><V60/><F82/><W116/><G116/><T8/><D107/><U120/><E120/><V20/><F18/><W59/><G59/><T16/><D104/><U84/><E95/><V36/><F14/><W103/><G103/><T121/><D121/><U29/><E29/><V109/><F109/><W135/><G135/><T48/><D31/><U132/><E132/><V43/><F22/><W68/><G68/><T119/><D119/><U21/><E21/><V126/><F20/><W5/><G5/><T15/><D102/><U32/><E32/><V75/><F126/><W35/><G35/><T131/><D101/><RYUUKYOKU ba="0,1" sc="223,-15,191,15,330,-15,246,15" hai1="53,54,55,78,79,84,87,92,98,100" hai3="37,38,39,40,42,49,52,57,80,85,90,91,93" /><INIT seed="7,1,1,3,4,88" ten="208,206,315,261" oya="3" hai0="116,34,130,51,24,58,125,77,94,50,95,70,42" hai1="79,12,27,133,6,59,112,83,86,111,132,66,37" hai2="56,100,35,36,26,68,63,60,21,8,15,128,135" hai3="3,62,22,32,73,10,75,74,18,5,87,131,80"/><W40/><G32/><T57/><D70/><U134/><E112/><V52/><F135/><W110/><G131/><T92/><D116/><U20/><E111/><V69/><F128/><W76/><G110/><T14/><D125/><U102/><E37/><V107/><F36/><W85/><G40/><T106/><D106/><U129/><E129/><V104/><F35/><W1/><G1/><T123/><D123/><U118/><E118/><V16/><F100/><W81/><G62/><T4/><D130/><U97/><E59/><N who="0" m="22537" /><D34/><U113/><E113/><V29/><REACH who="2" step="1"/><F68/><REACH who="2" ten="208,206,305,261" step="2"/><W31/><G31/><T78/><D24/><U122/><E122/><V28/><F28/><W72/><REACH who="3" step="1"/><G81/><REACH who="3" ten="208,206,305,251" step="2"/><T127/><D127/><U108/><E108/><V11/><F11/><W90/><G90/><T23/><D78/><U53/><E66/><AGARI ba="1,3" hai="8,15,16,21,26,29,52,56,60,63,66,69,104,107" machi="66" ten="40,5200,0" yaku="1,1,54,2,53,0" doraHai="88" doraHaiUra="96" who="2" fromWho="1" sc="208,0,206,-55,305,85,251,0" owari="208,-19.2,151,-34.9,390,49.0,251,5.1" /></mjloggm>