<mjloggm ver="2.3"><GO type="169" lobby="0"/><UN n0="%E5%A5%B3%E3%81%AA%E3%81%AE%E3%81%82%E3%81%8C%E3%82%89%E3%81%9B%E3%81%A6" n1="%E3%81%B5%E3%81%8B" n2="%E8%B5%A4%E4%BA%94%E7%AB%8B%E7%9B%B4" n3="%E3%83%94%E3%83%B3%E3%82%B5%E3%83%AD%E5%BA%97%E5%93%A1" dan="16,17,16,17" rate="2122.47,2227.08,2159.67,2247.18" sx="M,M,F,M"/><TAIKYOKU oya="0"/><INIT seed="0,0,0,1,0,77" ten="250,250,250,250" oya="0" hai0="65,18,45,79,4,131,16,128,119,122,25,51,56" hai1="91,127,84,20,107,112,7,22,41,13,40,66,28" hai2="93,64,19,80,125,135,102,35,59,46,33,133,58" hai3="72,37,96,83,34,63,57,6,101,62,90,71,61"/><T111/><D119/><U68/><E107/><V104/><F104/><W23/><G34/><T43/><D122/><U26/><E127/><V82/><F125/><W2/><G37/><T38/><D4/><U49/><E112/><V17/><F46/><W86/><G71/><T114/><D114/><U118/><E118/><V92/><F64/><W48/><G72/><T29/><D111/><U110/><E110/><V39/><F102/><W14/><G2/><T21/><D79/><U87/><E68/><V97/><F97/><W5/><G23/><T85/><D85/><U15/><E66/><V32/><F32/><W9/><G6/><T27/><D51/><U99/><E99/><V8/><F8/><W30/><G30/><T1/><D1/><U117/><E117/><V89/><F89/><W116/><G116/><T12/><D27/><U52/><E84/><V115/><REACH who="2" step="1"/><F39/><REACH who="2" ten="250,250,240,250" step="2"/><W74/><G101/><T55/><D65/><U11/><E22/><V129/><F129/><W120/><G96/><T126/><D126/><U24/><E11/><V98/><F98/><W70/><G9/><T44/><D44/><U134/><E20/><V105/><F105/><W121/><G90/><T108/><D108/><U67/><E67/><V113/><AGARI ba="0,1" hai="17,19,33,35,58,59,80,82,92,93,113,115,133,135" machi="113" ten="25,12000,2" yaku="1,1,0,1,22,2,52,2,53,0" doraHai="77" doraHaiUra="0" who="2" fromWho="2" sc="250,-60,250,-30,240,130,250,-30" /><INIT seed="1,0,0,3,4,66" ten="190,220,370,220" oya="1" hai0="99,53,37,118,131,108,42,38,133,110,68,72,86" hai1="70,135,23,33,26,48,88,61,14,120,45,40,41" hai2="59,35,105,130,67,71,64,90,85,24,50,12,55" hai3="22,63,11,15,134,82,73,117,98,84,106,21,6"/><U13/><E120/><V49/><F130/><W58/><G73/><T57/><D86/><U9/><E135/><V25/><F105/><W34/><G34/><T122/><D72/><U1/><E33/><V81/><F35/><W3/><G134/><T103/><D133/><U127/><E127/><V78/><F71/><W39/><G39/><N who="0" m="14859" /><D99/><U94/><E40/><V56/><F12/><W83/><G117/><T30/><D30/><U124/><E124/><V114/><F114/><W113/><G113/><T126/><D103/><U54/><E1/><V46/><F78/><W116/><G116/><T0/><D0/><U107/><E107/><V16/><F59/><W62/><G83/><T60/><D118/><U32/><E32/><V2/><F2/><W115/><G115/><T36/><D126/><U10/><E14/><V91/><F91/><W51/><G3/><T119/><D119/><U17/><E13/><V4/><F4/><W112/><G112/><T29/><D29/><U123/><E123/><V89/><F89/><N who="3" m="51351" /><G98/><T8/><D8/><U18/><E18/><V80/><F80/><W96/><G96/><T7/><D7/><U79/><E79/><V76/><F76/><W109/><G106/><T75/><D75/><U132/><E132/><V44/><F16/><W27/><G22/><T19/><D19/><U69/><E9/><V20/><F20/><W125/><G125/><T28/><D28/><U87/><REACH who="1" step="1"/><E10/><REACH who="1" ten="190,210,370,220" step="2"/><V104/><F104/><W31/><G109/><N who="0" m="42091" /><D122/><U65/><E65/><V111/><F111/><W77/><G77/><T74/><D74/><U92/><E92/><RYUUKYOKU ba="0,1" sc="190,-15,210,15,370,-15,220,15" hai1="17,23,26,41,45,48,54,61,69,70,87,88,94" hai3="6,11,15,21,27,31,51,58,62,63" /><INIT seed="1,1,1,3,5,109" ten="175,225,355,235" oya="1" hai0="50,30,12,49,112,60,87,26,46,56,65,0,10" hai1="94,121,11,110,69,15,45,16,72,81,2,66,33" hai2="118,22,48,18,64,9,74,122,63,117,35,100,38" hai3="86,41,52,116,91,115,73,90,120,134,36,31,58"/><U71/><E121/><V70/><F38/><W28/><G73/><T8/><D0/><U128/><E33/><V102/><F35/><W29/><G120/><T17/><D10/><U13/><E2/><V7/><F74/><W113/><G134/><T97/><D112/><U55/><E128/><V96/><F102/><W123/><G123/><T39/><D39/><U92/><E110/><V107/><F48/><W126/><G126/><T77/><D46/><U101/><E66/><V93/><F107/><W42/><G116/><T98/><D98/><U82/><E72/><V135/><F135/><W95/><G91/><T75/><D75/><U83/><E101/><V24/><REACH who="2" step="1"/><F122/><REACH who="2" ten="175,225,345,235" step="2"/><W1/><G1/><AGARI ba="1,2" hai="1,7,9,18,22,24,63,64,70,93,96,100,117,118" machi="1" ten="30,3900,0" yaku="1,1,2,1,7,1,53,0" doraHai="109" doraHaiUra="47" who="2" fromWho="3" sc="175,0,225,0,345,62,235,-42" /><INIT seed="2,0,0,3,0,71" ten="175,225,407,193" oya="2" hai0="86,1,81,95,11,13,63,20,118,26,104,117,94" hai1="6,130,25,82,128,62,101,47,66,108,35,40,7" hai2="67,17,61,41,129,14,52,123,83,91,70,109,64" hai3="76,93,16,84,4,8,79,2,23,42,55,9,27"/><V107/><F123/><W43/><G55/><T89/><D104/><U96/><E108/><V46/><F109/><W44/><G43/><T10/><D1/><U105/><E82/><V99/><F129/><N who="1" m="49769" /><E25/><V48/><F107/><W22/><G9/><T115/><D115/><U34/><E7/><V103/><F103/><W21/><G79/><T90/><D63/><U38/><E6/><V28/><F28/><W131/><G131/><T100/><D100/><U24/><E24/><V80/><F67/><W50/><REACH who="3" step="1"/><G93/><REACH who="3" ten="175,225,407,183" step="2"/><T125/><D95/><U87/><E87/><V57/><F83/><AGARI ba="0,1" hai="2,4,8,16,21,22,23,27,42,44,50,76,83,84" machi="83" ten="40,8000,1" yaku="1,1,2,1,54,1,53,1" doraHai="71" doraHaiUra="72" who="3" fromWho="2" sc="175,0,225,0,407,-80,183,90" /><INIT seed="3,0,0,4,1,33" ten="175,225,327,273" oya="3" hai0="67,103,111,97,24,104,81,36,18,126,40,100,4" hai1="52,5,77,86,35,22,76,123,120,3,14,106,59" hai2="71,55,62,99,68,118,64,135,122,115,130,78,42" hai3="129,19,110,21,113,20,11,84,121,28,83,48,16"/><W13/><G113/><T63/><D111/><U74/><E35/><V41/><F78/><W114/><G114/><T34/><D126/><U45/><E106/><V134/><F115/><W54/><G121/><T73/><D100/><U47/><E74/><V31/><F31/><W131/><G28/><N who="0" m="19719" /><D18/><U127/><E127/><V0/><F0/><W98/><G98/><T25/><D25/><U12/><E3/><V132/><F99/><W69/><G69/><N who="2" m="26697" /><F118/><W43/><G43/><N who="2" m="16393" /><F130/><N who="3" m="49675" /><G110/><T72/><D63/><U96/><E96/><V17/><F17/><W85/><G19/><T60/><D60/><U119/><E119/><V75/><F75/><W37/><G37/><T53/><D53/><U57/><E22/><N who="3" m="8810" /><G83/><T70/><D70/><U7/><E86/><V29/><F29/><W124/><G124/><T90/><D40/><U2/><E2/><V39/><F39/><W95/><G95/><T109/><D36/><U112/><E112/><V80/><F80/><W50/><G50/><T6/><D73/><U46/><E120/><V15/><F15/><W102/><G102/><T133/><D103/><U10/><E123/><V91/><F91/><W93/><G93/><T61/><D90/><U44/><E76/><V23/><F23/><W101/><G101/><T88/><D88/><U49/><E77/><V32/><F32/><W105/><G105/><T66/><D97/><U38/><E38/><V117/><F122/><W56/><AGARI ba="0,0" hai="11,13,16,48,54,56,84,85" m="8810,49675" machi="56" ten="30,3000,0" yaku="19,1,54,1" doraHai="33" who="3" fromWho="3" sc="175,-10,225,-10,327,-10,273,30" /><INIT seed="3,1,0,5,5,51" ten="165,215,317,303" oya="3" hai0="53,12,130,134,109,0,31,113,80,84,29,27,135" hai1="92,14,71,42,1,9,15,64,33,81,114,97,86" hai2="96,129,4,35,32,116,79,57,49,65,19,50,88" hai3="36,39,105,120,5,108,44,70,78,61,115,90,73"/><W121/><G90/><T6/><D0/><U60/><E114/><V34/><F116/><W46/><G5/><T77/><D113/><U122/><E122/><N who="3" m="47210" /><G78/><T112/><D109/><U110/><E110/><V104/><F4/><W119/><G105/><T126/><D126/><U72/><E33/><V28/><F129/><W52/><G73/><T106/><D130/><U68/><E72/><V76/><F28/><W98/><G98/><T67/><D67/><U62/><E42/><V131/><F131/><W21/><G21/><T45/><D106/><U26/><E26/><V117/><F117/><W8/><G8/><T124/><D124/><U30/><E30/><V43/><F19/><W101/><G101/><T133/><D112/><U41/><E41/><V132/><F104/><W89/><G89/><T100/><D100/><U38/><E38/><N who="3" m="14378" /><G115/><T11/><D27/><U91/><E1/><V83/><F79/><W23/><G23/><T59/><REACH who="0" step="1"/><D45/><REACH who="0" ten="155,215,317,303" step="2"/><N who="3" m="17513" /><G108/><T17/><D17/><U25/><E25/><V16/><F16/><W127/><G127/><T74/><D74/><U22/><E22/><V69/><F34/><W87/><G119/><T10/><D10/><U18/><E18/><V20/><F20/><W123/><G123/><T55/><D55/><U2/><E2/><V24/><F24/><W47/><G47/><T125/><D125/><U111/><E111/><V7/><F35/><W118/><G118/><T82/><D82/><U13/><E9/><V95/><F32/><W102/><G102/><T75/><D75/><U103/><E15/><V99/><F83/><W40/><G40/><RYUUKYOKU ba="1,1" sc="155,15,215,15,317,-15,303,-15" hai0="6,11,12,29,31,53,59,77,80,84,133,134,135" hai1="13,14,60,62,64,68,71,81,86,91,92,97,103" /><INIT seed="4,2,1,0,1,111" ten="170,230,302,288" oya="0" hai0="130,13,4,39,120,30,28,87,75,66,6,43,40" hai1="89,125,1,76,86,51,27,49,62,110,15,108,32" hai2="46,88,36,113,128,116,61,70,9,64,59,119,2" hai3="20,78,67,105,19,50,77,48,133,85,73,84,71"/><T80/><D120/><U100/><E1/><V10/><F128/><W44/><G105/><T95/><D130/><U57/><E125/><V117/><F113/><W69/><G73/><T52/><D75/><U135/><E135/><V31/><F31/><N who="0" m="11818" /><D66/><U122/><E32/><V102/><F102/><W118/><G118/><T94/><D39/><U7/><E27/><V103/><F103/><W60/><G133/><T41/><D13/><U112/><E122/><V109/><F109/><W124/><G124/><T63/><D63/><U114/><E76/><V3/><F70/><W56/><G71/><T96/><D52/><N who="1" m="34087" /><E100/><V129/><F129/><W126/><G69/><T29/><N who="0" m="11826" /><T33/><DORA hai="38" /><D33/><U115/><E108/><V127/><F127/><W83/><G126/><T45/><D45/><U24/><E24/><V91/><F3/><W53/><G50/><T54/><D54/><U16/><E7/><N who="0" m="2601" /><D96/><U17/><E110/><V65/><F65/><W68/><G68/><T106/><D106/><U34/><E34/><V97/><F2/><W99/><G99/><T23/><D23/><N who="1" m="11679" /><E17/><V104/><F104/><W90/><REACH who="3" step="1"/><G85/><REACH who="3" ten="170,230,302,278" step="2"/><T121/><D121/><U98/><E98/><V123/><F123/><W11/><G11/><N who="2" m="4105" /><F97/><W12/><AGARI ba="2,2" hai="12,19,20,44,48,53,56,60,67,77,78,83,84,90" machi="12" ten="20,8000,1" yaku="1,1,0,1,7,1,8,1,53,1" doraHai="111,38" doraHaiUra="93,8" who="3" fromWho="3" sc="170,-42,230,-22,302,-22,278,106" /><INIT seed="5,0,0,5,1,11" ten="128,208,280,384" oya="1" hai0="74,59,17,120,16,103,30,65,83,3,55,42,112" hai1="97,47,76,28,134,122,1,25,77,32,116,91,56" hai2="5,50,114,20,26,106,60,80,86,118,58,19,62" hai3="21,79,57,35,95,130,68,7,37,78,133,126,2"/><U52/><E116/><V89/><F118/><W135/><G68/><T73/><D3/><U119/><E119/><V63/><F106/><W98/><G35/><T34/><D112/><U93/><E122/><V41/><F114/><W110/><G110/><T61/><D120/><U129/><E129/><V38/><F38/><W24/><G37/><T104/><D42/><U101/><E134/><N who="3" m="51210" /><G126/><T49/><D34/><U82/><E1/><V113/><F113/><W13/><G2/><T44/><D30/><U9/><E47/><N who="2" m="25967" /><F5/><W107/><G107/><T81/><D104/><U90/><E9/><V15/><F26/><W102/><G130/><T94/><D74/><U71/><E71/><V115/><F115/><W46/><G46/><T123/><D123/><U111/><E111/><V72/><F72/><W67/><G7/><T127/><D127/><U117/><E117/><V18/><F18/><N who="0" m="7274" /><D73/><U75/><REACH who="1" step="1"/><E77/><REACH who="1" ten="128,198,280,384" step="2"/><V69/><F69/><W64/><G78/><T31/><D31/><U100/><E100/><V53/><AGARI ba="0,1" hai="15,19,20,53,58,60,62,63,80,86,89" m="25967" machi="53" ten="30,2000,0" yaku="8,1,52,1" doraHai="11" who="2" fromWho="2" sc="128,-5,198,-10,280,30,384,-5" /><INIT seed="6,0,0,0,1,106" ten="123,188,310,379" oya="2" hai0="105,134,101,115,122,72,129,39,121,91,45,47,15" hai1="34,93,23,33,127,43,21,117,83,38,57,5,95" hai2="63,73,7,24,32,89,4,68,84,8,61,75,104" hai3="52,88,111,51,41,98,29,30,28,12,35,108,19"/><V99/><F7/><W50/><G35/><T48/><D101/><U78/><E117/><V44/><F44/><N who="3" m="25871" /><G111/><T79/><D105/><U42/><E127/><V58/><F63/><W126/><G108/><T13/><D48/><U71/><E71/><V118/><F118/><W100/><G100/><T18/><D79/><U66/><E5/><V103/><F58/><N who="3" m="33055" /><G126/><T9/><D91/><U86/><E38/><V20/><F89/><W10/><G30/><T107/><D107/><U37/><E37/><V113/><F84/><W1/><G1/><T125/><D39/><U26/><E34/><V54/><F113/><W46/><G46/><T3/><D125/><U56/><E33/><V94/><F94/><AGARI ba="0,0" hai="10,12,19,28,29,88,94,98" m="33055,25871" machi="94" ten="30,3900,0" yaku="8,1,54,2" doraHai="106" who="3" fromWho="2" sc="123,0,188,0,310,-39,379,39" /><INIT seed="7,0,0,5,3,114" ten="123,188,271,418" oya="3" hai0="119,89,39,96,115,106,58,70,91,132,21,46,69" hai1="18,34,0,88,48,25,81,59,75,41,86,112,11" hai2="9,107,93,67,45,135,24,101,102,122,77,20,47" hai3="79,82,121,109,50,35,78,7,97,104,57,74,52"/><W68/><G121/><T32/><D32/><U72/><E112/><V123/><F107/><W16/><G35/><T131/><D115/><U125/><E125/><V60/><F77/><W108/><G68/><T84/><D131/><U19/><E0/><V92/><F9/><W100/><G7/><T94/><D132/><U90/><E34/><V6/><F6/><W85/><G16/><T73/><D73/><U83/><E25/><V29/><F135/><W127/><G127/><T51/><D39/><U38/><E38/><V116/><F116/><W44/><G57/><T36/><D36/><U95/><E11/><V128/><F128/><W98/><G98/><T2/><D2/><U17/><E81/><V8/><F8/><W66/><G66/><T103/><D119/><U40/><E75/><V27/><F67/><W76/><G74/><T31/><D58/><U129/><E129/><V126/><F20/><W113/><G113/><T87/><D21/><U53/><REACH who="1" step="1"/><E72/><REACH who="1" ten="123,178,271,418" step="2"/><V64/><F126/><W13/><G13/><T26/><D26/><U54/><E54/><V118/><F27/><W71/><G71/><T130/><D130/><U99/><AGARI ba="0,1" hai="17,18,19,40,41,48,53,59,83,86,88,90,95,99" machi="99" ten="30,12000,2" yaku="1,1,0,1,8,1,54,1,53,3" doraHai="114" doraHaiUra="12" who="1" fromWho="1" sc="123,-30,178,130,271,-30,418,-60" owari="93,-40.7,308,10.8,241,-15.9,358,45.8" /></mjloggm>