<mjloggm ver="2.3"><GO type="169" lobby="0"/><UN n0="%E8%80%81%E6%A5%BD" n1="%E3%81%A8%E3%82%8D%E3%82%8D%E3%81%9D%E3%81%B0" n2="%E3%81%95%E3%81%8F%E3%82%88%E3%81%93%E3%81%A1%E3%82%83%E3%82%93" n3="%E4%B9%9D%E7%B4%8B%E9%BE%8D%E5%8F%B2%E9%80%B2" dan="17,17,16,19" rate="2223.52,2247.82,2067.29,2278.94" sx="M,M,M,M"/><TAIKYOKU oya="0"/><INIT seed="0,0,0,4,5,69" ten="250,250,250,250" oya="0" hai0="116,40,133,74,95,12,113,89,70,84,72,130,52" hai1="108,118,107,79,43,6,23,39,62,29,38,8,63" hai2="71,60,58,46,19,48,99,66,121,85,11,125,33" hai3="37,132,97,1,96,61,25,120,54,31,47,73,100"/><T123/><D113/><U9/><E118/><V106/><F121/><W104/><G120/><T28/><D123/><U26/><E107/><V75/><F75/><W3/><G73/><T94/><D116/><U18/><E108/><V32/><F125/><W105/><G132/><T90/><D70/><U59/><E79/><V83/><F71/><W124/><G124/><T42/><D133/><U126/><E126/><V98/><F106/><W5/><G5/><T50/><D130/><U51/><E63/><V56/><F56/><W64/><G54/><T93/><D74/><U16/><E51/><V102/><F102/><N who="3" m="62535" /><G61/><T10/><D28/><U7/><E7/><V78/><F32/><N who="3" m="20591" /><G64/><T0/><D0/><U111/><E111/><V115/><F33/><W119/><G119/><T35/><D35/><U86/><E86/><V87/><F87/><W77/><G77/><T103/><D103/><U24/><E43/><AGARI ba="0,0" hai="1,3,37,43,47,97,100,105" m="20591,62535" machi="43" ten="30,3900,0" yaku="33,2,52,1" doraHai="69" who="3" fromWho="1" sc="250,0,250,-39,250,0,250,39" /><INIT seed="1,0,0,1,0,19" ten="250,211,250,289" oya="1" hai0="33,75,132,90,4,45,94,121,3,44,18,11,34" hai1="51,87,16,65,111,28,48,39,2,92,30,80,27" hai2="83,8,104,63,97,117,14,114,88,20,86,13,76" hai3="52,81,101,31,68,10,74,58,118,91,125,108,98"/><U119/><E119/><V0/><F117/><W24/><G118/><T85/><D75/><U130/><E2/><V59/><F114/><W79/><G108/><T105/><D105/><U36/><E36/><V77/><F0/><W35/><G68/><T56/><D132/><U133/><E39/><V124/><F124/><W54/><G125/><T131/><D131/><U66/><E133/><V134/><F134/><W84/><G10/><T1/><D1/><U89/><E130/><V70/><F70/><W73/><G79/><T128/><D128/><U95/><E111/><V71/><F71/><W37/><G37/><T106/><D106/><U135/><E135/><V50/><F50/><N who="1" m="18985" /><E95/><V49/><F49/><W12/><G12/><T6/><D121/><U38/><E38/><V5/><F104/><W25/><G25/><T23/><D56/><U112/><E112/><V57/><F57/><W120/><G120/><T126/><D126/><U99/><E30/><V82/><F82/><W46/><G46/><T127/><D127/><U29/><E29/><V41/><F41/><W103/><G58/><T67/><D4/><U17/><E28/><V43/><F43/><W93/><REACH who="3" step="1"/><G103/><REACH who="3" ten="250,211,250,279" step="2"/><T53/><D3/><U64/><E27/><V61/><F77/><AGARI ba="0,1" hai="16,17,64,65,66,77,80,87,89,92,99" m="18985" machi="77" ten="30,2900,0" yaku="8,1,54,1" doraHai="19" who="1" fromWho="2" sc="250,0,211,39,250,-29,279,0" /><INIT seed="1,1,0,3,2,11" ten="250,250,221,279" oya="1" hai0="104,30,97,109,39,0,94,47,72,10,112,54,44" hai1="67,80,91,123,131,128,24,73,69,9,23,87,127" hai2="21,111,116,122,133,42,117,102,15,60,45,70,62" hai3="28,132,57,50,78,58,18,43,89,99,66,88,135"/><U86/><E123/><V108/><F102/><W20/><G28/><T52/><D112/><U82/><E73/><V7/><F122/><W35/><G35/><T51/><D104/><U98/><E98/><V75/><F75/><W126/><G78/><T113/><D72/><U27/><E127/><V56/><F70/><W8/><G8/><T121/><D113/><U77/><E9/><N who="2" m="4543" /><F21/><W4/><G4/><T101/><D109/><N who="2" m="42058" /><F133/><N who="3" m="51275" /><G126/><T65/><D30/><U110/><E110/><V96/><F96/><W5/><G5/><T61/><D121/><U3/><E3/><V100/><F100/><W40/><G66/><T16/><D0/><U41/><E41/><N who="3" m="15946" /><G50/><N who="0" m="28743" /><D39/><U124/><E124/><V6/><F6/><W119/><G119/><T64/><D61/><U68/><E67/><N who="2" m="39303" /><F62/><W25/><G99/><T38/><D38/><AGARI ba="1,0" hai="38,42,45,116,117" m="39303,42058,4543" machi="38" ten="30,2000,0" yaku="14,1,52,1" doraHai="11" who="2" fromWho="0" sc="250,-23,250,0,221,23,279,0" /><INIT seed="2,0,0,4,1,9" ten="227,250,244,279" oya="2" hai0="36,98,130,109,101,8,88,70,27,40,26,3,108" hai1="33,17,19,25,52,32,31,90,66,49,47,77,135" hai2="117,78,5,127,28,68,71,14,11,83,45,53,59" hai3="74,35,126,105,91,73,110,121,1,95,56,86,2"/><V112/><F112/><W20/><G35/><T37/><D70/><U51/><E135/><V10/><F117/><W39/><G121/><T111/><D130/><U85/><E33/><V106/><F106/><W92/><G105/><T132/><D132/><U61/><E51/><V115/><F115/><W12/><G39/><N who="0" m="14923" /><D40/><U94/><REACH who="1" step="1"/><E77/><REACH who="1" ten="227,240,244,279" step="2"/><V75/><F127/><W16/><G126/><T81/><D111/><U125/><E125/><V84/><F45/><W80/><G110/><T15/><D109/><U23/><E23/><V58/><F11/><W82/><G2/><T21/><D3/><U113/><E113/><V107/><F75/><W18/><G1/><T13/><D21/><U123/><E123/><V114/><F114/><W124/><G124/><T57/><D8/><U34/><E34/><V93/><F78/><W131/><G131/><T48/><D48/><U46/><E46/><V65/><F10/><N who="3" m="6167" /><G74/><T63/><D108/><U133/><E133/><V42/><F42/><W128/><G73/><T0/><D0/><U4/><E4/><V50/><F5/><W67/><G128/><T22/><D22/><U41/><E41/><V54/><F50/><W62/><G82/><T89/><D81/><U38/><E38/><V30/><F83/><W120/><G120/><T29/><D29/><U99/><E99/><V102/><F28/><W69/><G69/><AGARI ba="0,1" hai="17,19,25,31,32,47,49,52,61,66,69,85,90,94" machi="69" ten="30,3900,0" yaku="1,1,7,1,54,1,53,0" doraHai="9" doraHaiUra="119" who="1" fromWho="3" sc="227,0,240,49,244,0,279,-39" /><INIT seed="3,0,0,5,3,2" ten="227,289,244,240" oya="3" hai0="11,86,17,58,22,134,62,127,5,88,83,54,82" hai1="128,102,91,67,111,15,125,98,55,6,63,120,117" hai2="53,90,56,115,132,28,24,103,92,33,80,74,60" hai3="95,70,129,23,36,12,41,112,3,85,25,87,101"/><W44/><G3/><T20/><D127/><U21/><E120/><V50/><F115/><W76/><G112/><T46/><D134/><U31/><E125/><V4/><F132/><W123/><G123/><T100/><D100/><U75/><E75/><V13/><F103/><W118/><G118/><T73/><D73/><U68/><E111/><V40/><F74/><W96/><G70/><T130/><D130/><U94/><E128/><V114/><F80/><W45/><G129/><T77/><D46/><U57/><E117/><V1/><F114/><W105/><G76/><T135/><D135/><U7/><E91/><V48/><F1/><W43/><G12/><N who="0" m="5231" /><D22/><U124/><E124/><V61/><F40/><W108/><G105/><T113/><D113/><U0/><E0/><V49/><F61/><W78/><G78/><T126/><D126/><U69/><E69/><V66/><F13/><W122/><G108/><T133/><D133/><U84/><E84/><V131/><F131/><W47/><G47/><T72/><D72/><U8/><E6/><V29/><F4/><W14/><G14/><N who="0" m="9271" /><D82/><U26/><REACH who="1" step="1"/><E68/><REACH who="1" ten="227,279,244,240" step="2"/><V27/><F90/><AGARI ba="0,1" hai="54,58,62,77,83,86,88,90" m="9271,5231" machi="90" ten="30,3900,0" yaku="8,1,52,1,54,1" doraHai="2" who="0" fromWho="2" sc="227,49,279,0,244,-39,240,0" /><INIT seed="4,0,0,1,4,94" ten="276,279,205,240" oya="0" hai0="64,77,42,23,103,25,91,116,95,16,58,8,52" hai1="102,62,3,93,131,5,51,110,99,76,59,10,87" hai2="135,128,13,29,115,96,19,28,78,2,57,11,32" hai3="132,82,31,88,6,55,120,65,47,69,134,83,1"/><T80/><D116/><U17/><E110/><V105/><F115/><W81/><G31/><T43/><D103/><U129/><E51/><V41/><F128/><W40/><G55/><T4/><D64/><U34/><E34/><V108/><F108/><W71/><G120/><T27/><D27/><U75/><E75/><V20/><F135/><N who="3" m="51755" /><G65/><T130/><D130/><U44/><E44/><V74/><F2/><W35/><G35/><T26/><D26/><U117/><E117/><V124/><F32/><W30/><G30/><T49/><D80/><U15/><E87/><V0/><F41/><W33/><G33/><T67/><D67/><U126/><E126/><V54/><F124/><W100/><G100/><T39/><D77/><U109/><E76/><V36/><F36/><N who="3" m="21895" /><G88/><T72/><D72/><U60/><E109/><V63/><F78/><W48/><G48/><T85/><D39/><U111/><E111/><V92/><F74/><W112/><G112/><T107/><REACH who="0" step="1"/><D107/><REACH who="0" ten="266,279,205,240" step="2"/><U122/><E131/><V9/><F105/><W70/><G83/><T97/><D97/><U66/><E129/><V104/><F104/><W73/><G73/><T125/><D125/><U79/><E79/><V121/><F121/><W127/><G127/><T114/><D114/><U14/><E122/><V133/><F133/><W46/><G82/><T37/><D37/><U24/><E24/><N who="2" m="16391" /><F29/><W86/><G81/><T61/><D61/><N who="1" m="38207" /><E3/><AGARI ba="0,1" hai="3,4,8,16,23,25,42,43,49,52,58,85,91,95" machi="3" ten="30,12000,1" yaku="1,1,7,1,54,2,53,1" doraHai="94" doraHaiUra="7" who="0" fromWho="1" sc="266,130,279,-120,205,0,240,0" /><INIT seed="4,1,0,1,4,24" ten="396,159,205,240" oya="0" hai0="35,49,99,132,36,134,85,29,37,57,97,90,77" hai1="3,69,109,123,88,4,46,74,65,96,126,101,26" hai2="98,122,20,93,130,28,81,89,129,73,53,114,10" hai3="40,72,119,112,115,11,125,76,48,62,39,23,66"/><T19/><D77/><U7/><E109/><V118/><F122/><W127/><G11/><T131/><D131/><N who="2" m="50186" /><F114/><N who="3" m="43563" /><G23/><T83/><D19/><U71/><E123/><V32/><F118/><W135/><G76/><T87/><D49/><U113/><E74/><V104/><F104/><W110/><G72/><T94/><D57/><U59/><E3/><V54/><F32/><W100/><G100/><T78/><D36/><U21/><E113/><V124/><F124/><N who="3" m="47691" /><G110/><T51/><D51/><U84/><E126/><V50/><F50/><W42/><G119/><T41/><D41/><N who="3" m="15977" /><G48/><T70/><D37/><U68/><E101/><V15/><F81/><W60/><G39/><T82/><D82/><U13/><E96/><V5/><F73/><W63/><G135/><T55/><D99/><U43/><E43/><V17/><F28/><W116/><G116/><T34/><D97/><U58/><E46/><V14/><AGARI ba="1,0" hai="5,10,14,15,17,20,53,54,89,93,98" m="50186" machi="14" ten="30,1100,0" yaku="19,1" doraHai="24" who="2" fromWho="2" sc="396,-6,159,-4,205,14,240,-4" /><INIT seed="5,0,0,2,3,77" ten="390,155,219,236" oya="1" hai0="60,27,91,93,66,54,33,76,88,128,21,7,84" hai1="85,131,70,53,1,101,71,126,18,39,123,35,121" hai2="67,73,79,28,119,103,96,120,97,92,99,80,107" hai3="43,113,4,87,61,48,12,90,82,111,114,118,31"/><U25/><E39/><V122/><F28/><W8/><G111/><T63/><D33/><U11/><E101/><V74/><F67/><W34/><G118/><T75/><D128/><U116/><E116/><V133/><F119/><W134/><G134/><T32/><D32/><U36/><E36/><V59/><F59/><W47/><REACH who="3" step="1"/><G61/><REACH who="3" ten="390,155,219,226" step="2"/><T68/><D60/><U37/><E123/><N who="2" m="47147" /><F133/><W94/><G94/><T106/><D93/><U56/><E121/><V30/><F30/><W125/><G125/><T41/><D63/><U127/><E126/><V102/><F97/><W100/><G100/><T29/><D29/><U40/><E127/><V57/><F57/><W52/><G52/><T72/><D54/><U38/><E53/><V20/><F20/><W132/><G132/><T81/><D21/><U117/><E56/><V9/><F9/><W95/><G95/><T115/><D66/><U3/><E117/><V23/><F23/><W49/><G49/><T44/><D68/><U24/><E11/><V78/><F80/><W105/><G105/><T6/><D81/><U109/><E71/><V45/><F45/><W51/><G51/><T104/><D44/><U13/><E70/><V124/><F124/><W130/><G130/><T15/><D104/><U129/><E131/><V112/><F112/><W110/><G110/><T108/><D115/><U50/><E109/><V17/><F74/><W26/><AGARI ba="0,1" hai="4,8,12,26,31,34,43,47,48,82,87,90,113,114" machi="26" ten="30,4000,0" yaku="1,1,0,1,52,1,53,0" doraHai="77" doraHaiUra="58" who="3" fromWho="3" sc="390,-10,155,-20,219,-10,226,50" /><INIT seed="6,0,0,1,5,58" ten="380,135,209,276" oya="2" hai0="102,29,34,17,50,46,92,109,63,82,115,93,94" hai1="110,71,23,133,127,15,87,123,96,11,105,74,121" hai2="18,39,130,122,97,77,112,57,1,135,5,67,31" hai3="134,25,65,91,128,111,99,76,48,55,119,117,20"/><V44/><F122/><W116/><G111/><T30/><D34/><U9/><E71/><V125/><F112/><W24/><G76/><T19/><D102/><U54/><E110/><V61/><F130/><W16/><G128/><T64/><D82/><U52/><E74/><V33/><F135/><W75/><G75/><T13/><D19/><U132/><E87/><V80/><F125/><W83/><G134/><N who="1" m="51818" /><E127/><V98/><F18/><W40/><G40/><T37/><D37/><U60/><E23/><V85/><F31/><W68/><G25/><T73/><D73/><U51/><E51/><V3/><F33/><W114/><G114/><T70/><D109/><U10/><E15/><V100/><F5/><W28/><G28/><T78/><D78/><U36/><E36/><V66/><F98/><W118/><G118/><T41/><D115/><U43/><E43/><V4/><F4/><W26/><G26/><T95/><N who="0" m="23552" /><DORA hai="12" /><T120/><REACH who="0" step="1"/><D120/><REACH who="0" ten="370,135,209,276" step="2"/><N who="1" m="46155" /><E60/><V131/><F61/><W129/><G119/><T56/><D56/><U108/><E108/><V69/><F57/><W90/><G117/><T59/><D59/><U79/><E79/><V21/><F77/><W88/><G116/><T42/><D42/><U14/><E14/><V47/><F131/><W62/><G129/><T7/><D7/><U106/><E96/><V49/><F39/><W35/><G99/><T89/><D89/><U107/><AGARI ba="0,1" hai="9,10,11,52,54,105,106,107" m="46155,51818" machi="107" ten="50,8000,1" yaku="28,2,20,1,13,1,54,1" doraHai="58,12" who="1" fromWho="1" sc="370,-20,135,90,209,-40,276,-20" /><INIT seed="7,0,0,0,2,134" ten="350,225,169,256" oya="3" hai0="18,84,123,4,81,16,72,32,120,43,82,124,99" hai1="24,15,126,76,116,69,56,38,26,9,94,95,31" hai2="83,133,61,53,91,46,44,55,112,130,25,66,128" hai3="100,74,70,37,88,27,0,98,10,62,106,118,65"/><W7/><G118/><T110/><D32/><U47/><E69/><V97/><F97/><W87/><G37/><T49/><D4/><U34/><E116/><V77/><F133/><W119/><G119/><T68/><D72/><U52/><E76/><V103/><F103/><W59/><G74/><T64/><D49/><U122/><E122/><V80/><F25/><W30/><G59/><T23/><D43/><U109/><E109/><V90/><F77/><W102/><G102/><T93/><D18/><U33/><E126/><V36/><F61/><W86/><REACH who="3" step="1"/><G88/><REACH who="3" ten="350,225,169,246" step="2"/><T50/><D120/><U22/><E38/><V42/><F36/><W132/><G132/><T21/><D123/><U85/><E47/><V3/><F112/><W35/><AGARI ba="0,1" hai="0,7,10,27,30,35,62,65,70,86,87,98,100,106" machi="35" ten="20,18000,2" yaku="1,1,0,1,7,1,25,2,53,1" doraHai="134" doraHaiUra="1" who="3" fromWho="3" sc="350,-60,225,-60,169,-60,246,190" owari="290,9.0,165,-23.5,109,-39.1,436,53.6" /></mjloggm>