<mjloggm ver="2.3"><GO type="169" lobby="0"/><UN n0="%E5%8B%98%E5%BC%81%E3%81%97%E3%81%A6%E3%82%88" n1="%E9%A7%BF" n2="%E3%81%AF%E3%81%BE%E3%81%A1%E3%83%AA%E3%83%BC%E3%82%B0" n3="%E3%81%BD%E3%82%93%E5%8A%A9" dan="17,16,17,16" rate="2213.14,2124.16,2138.15,2080.50" sx="M,M,M,M"/><TAIKYOKU oya="0"/><INIT seed="0,0,0,2,1,50" ten="250,250,250,250" oya="0" hai0="60,78,104,134,76,53,61,47,9,107,0,55,1" hai1="41,52,103,3,58,91,121,26,126,85,122,82,49" hai2="112,42,89,64,114,132,99,124,62,70,33,23,45" hai3="86,118,131,96,10,87,63,20,25,100,57,4,37"/><T72/><D47/><U119/><E119/><V21/><F33/><W83/><G131/><T44/><D44/><U7/><E126/><V34/><F34/><W84/><G37/><T13/><D9/><U24/><E41/><V109/><F124/><W75/><G75/><T102/><D13/><U133/><E133/><V67/><F132/><W106/><G118/><T65/><D134/><U79/><E103/><V46/><F109/><W32/><G32/><T120/><D102/><U105/><E105/><V14/><F67/><W93/><G106/><T66/><D72/><U5/><E79/><V73/><F45/><W98/><G96/><T110/><D120/><U115/><E115/><V108/><F108/><AGARI ba="0,0" hai="0,1,53,55,60,61,65,66,76,78,104,107,108,110" machi="108" ten="25,9600,0" yaku="22,2,52,2" doraHai="50" who="0" fromWho="2" sc="250,96,250,0,250,-96,250,0" /><INIT seed="0,1,0,5,4,91" ten="346,250,154,250" oya="0" hai0="113,131,32,95,58,11,125,45,38,42,25,0,114" hai1="33,43,21,77,7,10,73,2,127,87,37,90,103" hai2="18,129,115,78,102,34,59,76,63,80,36,41,35" hai3="130,134,5,89,116,6,133,4,62,53,47,54,12"/><T31/><D125/><U101/><E127/><V48/><F115/><W93/><G116/><T75/><D131/><U92/><E33/><V104/><F36/><W30/><G130/><T1/><D58/><U112/><E112/><V61/><F129/><W19/><G30/><T72/><D0/><U27/><E77/><V74/><F78/><W69/><G47/><T82/><D95/><U3/><E73/><N who="0" m="28233" /><D82/><U56/><E2/><V135/><F63/><W84/><G69/><T121/><D121/><U126/><E126/><V120/><F120/><W98/><G98/><T51/><D51/><U119/><E119/><V107/><F48/><W50/><G62/><T85/><D85/><U60/><E43/><V94/><F41/><W88/><G89/><T14/><D14/><U57/><E37/><V117/><F117/><W26/><G26/><T96/><D96/><U106/><E106/><V67/><F107/><W24/><G24/><T8/><D8/><U16/><REACH who="1" step="1"/><E56/><REACH who="1" ten="346,240,154,250" step="2"/><V22/><F104/><W46/><REACH who="3" step="1"/><G53/><AGARI ba="1,1" hai="3,7,10,16,21,27,53,57,60,87,90,92,101,103" machi="53" ten="30,8000,1" yaku="1,1,2,1,7,1,52,1,54,1,53,0" doraHai="91" doraHaiUra="111" who="1" fromWho="3" sc="346,0,240,93,154,0,250,-83" /><INIT seed="1,0,0,4,4,22" ten="346,333,154,167" oya="1" hai0="86,108,50,70,78,81,8,57,13,55,10,118,129" hai1="69,72,67,122,105,75,3,115,84,112,79,64,128" hai2="44,80,26,12,96,54,89,63,94,127,29,31,20" hai3="119,91,99,97,61,15,82,25,56,85,114,48,36"/><U45/><E3/><V88/><F127/><W49/><G36/><T34/><D108/><U28/><E122/><V74/><F12/><W7/><G114/><T23/><D34/><U98/><E69/><V52/><F74/><W102/><G99/><T109/><D109/><U42/><E128/><V101/><F31/><W123/><G123/><T27/><D118/><U125/><E125/><V53/><F80/><W21/><G7/><T17/><D70/><U113/><E84/><V73/><F73/><W65/><G15/><T95/><D129/><U24/><E72/><V90/><F63/><W9/><G9/><T6/><D95/><U68/><E68/><V46/><AGARI ba="0,0" hai="20,26,29,44,46,52,53,54,88,89,90,94,96,101" machi="46" ten="40,8000,1" yaku="0,1,8,1,52,1,54,2" doraHai="22" who="2" fromWho="2" sc="346,-20,333,-40,154,80,167,-20" /><INIT seed="2,0,0,0,3,3" ten="326,293,234,147" oya="2" hai0="63,65,40,56,44,81,75,41,34,94,39,98,23" hai1="13,125,70,120,26,131,29,88,59,4,2,84,38" hai2="10,106,123,32,17,119,82,80,66,46,118,16,14" hai3="8,104,21,25,50,35,54,47,127,55,100,36,0"/><V37/><F123/><W7/><G127/><T6/><D34/><U115/><E115/><V121/><F121/><W67/><G36/><T135/><D135/><U126/><E120/><V9/><F106/><W77/><G77/><T62/><D41/><U76/><E70/><V111/><F32/><W105/><G67/><T42/><D42/><U103/><E2/><V30/><F30/><W102/><G35/><T68/><D75/><U134/><E38/><V107/><F107/><W130/><G130/><T95/><D81/><U72/><E103/><V1/><F66/><W74/><G74/><T53/><D23/><U52/><E134/><V18/><F111/><W87/><G104/><T22/><D22/><U112/><E112/><V20/><F1/><W57/><G87/><T132/><D132/><U124/><E131/><V61/><F61/><W91/><G91/><T33/><D33/><N who="1" m="20663" /><E76/><V5/><F9/><W110/><G110/><T12/><D98/><U116/><E72/><V11/><F11/><W122/><G105/><T28/><D28/><U69/><E69/><V96/><F96/><W128/><G128/><T58/><D68/><U90/><E116/><N who="2" m="44587" /><F20/><W89/><G89/><N who="1" m="34410" /><E84/><V45/><F37/><W51/><REACH who="3" step="1"/><G122/><REACH who="3" ten="326,293,234,137" step="2"/><T64/><D64/><U43/><E125/><V97/><F97/><W101/><G101/><T108/><D108/><U93/><E124/><V79/><F79/><W73/><G73/><T117/><D117/><U109/><E126/><V83/><F83/><W19/><AGARI ba="0,1" hai="0,7,8,19,21,25,47,50,51,54,55,57,100,102" machi="19" ten="20,5200,0" yaku="1,1,0,1,7,1,52,1,53,0" doraHai="3" doraHaiUra="129" who="3" fromWho="3" sc="326,-13,293,-13,234,-26,137,62" /><INIT seed="3,0,0,4,2,89" ten="313,280,208,199" oya="3" hai0="60,40,34,64,90,107,66,15,33,103,67,51,100" hai1="112,76,42,115,28,30,4,98,102,73,1,46,94" hai2="104,129,113,18,109,53,128,82,65,39,69,110,3" hai3="38,22,74,54,41,9,8,101,6,71,27,87,99"/><W5/><G74/><T10/><D60/><U79/><E1/><V105/><F113/><W122/><G71/><T132/><D132/><U80/><E4/><V49/><F3/><W135/><G135/><T120/><D120/><U72/><E76/><V119/><F82/><W68/><G68/><T20/><D107/><U125/><E72/><V91/><F18/><W12/><G38/><T13/><D34/><U114/><REACH who="1" step="1"/><E125/><REACH who="1" ten="313,270,208,199" step="2"/><V123/><F123/><W108/><G122/><T133/><D133/><U45/><E45/><V85/><F110/><W93/><G108/><T121/><D121/><U77/><E77/><V96/><F109/><W61/><G41/><T31/><D40/><U35/><E35/><V81/><F128/><W0/><G87/><T58/><D33/><U62/><E62/><V59/><F129/><W44/><G44/><T70/><D70/><U88/><E88/><V43/><F85/><W55/><REACH who="3" step="1"/><G61/><REACH who="3" ten="313,270,208,189" step="2"/><T37/><D37/><AGARI ba="0,2" hai="28,30,37,42,46,73,79,80,94,98,102,112,114,115" machi="37" ten="40,5200,0" yaku="1,1,52,1,53,1" doraHai="89" doraHaiUra="95" who="1" fromWho="0" sc="313,-52,270,72,208,0,189,0" /><INIT seed="4,0,0,5,4,6" ten="261,342,208,189" oya="0" hai0="125,25,64,5,33,124,4,91,26,12,89,107,62" hai1="34,21,31,29,103,122,133,38,65,11,1,112,79" hai2="18,45,28,105,96,16,57,63,67,36,47,129,13" hai3="17,19,35,135,111,88,22,8,82,51,102,104,121"/><T70/><D107/><U27/><E38/><V53/><F129/><W56/><G111/><T44/><D44/><U84/><E122/><V123/><F123/><W68/><G68/><T126/><D4/><U77/><E1/><V20/><F28/><W58/><G35/><T0/><D0/><U118/><E11/><V71/><F36/><W10/><G104/><T76/><D76/><U55/><E65/><V42/><F42/><W97/><G135/><T95/><D33/><U37/><E37/><V43/><F43/><W50/><G121/><T109/><D109/><U127/><E118/><V94/><F18/><W30/><G30/><T128/><D128/><U39/><E39/><V86/><F86/><N who="3" m="50263" /><G19/><T80/><D80/><U2/><E2/><V73/><F73/><W120/><G120/><T9/><REACH who="0" step="1"/><D91/><REACH who="0" ten="251,342,208,189" step="2"/><U78/><E78/><V134/><F105/><W85/><G85/><AGARI ba="0,1" hai="5,9,12,25,26,62,64,70,85,89,95,124,125,126" machi="85" ten="40,12000,1" yaku="1,1,2,1,18,1,52,1,53,1" doraHai="6" doraHaiUra="61" who="0" fromWho="3" sc="251,130,342,0,208,0,189,-120" /><INIT seed="4,1,0,2,4,125" ten="381,342,208,69" oya="0" hai0="124,7,84,65,9,61,81,57,76,52,64,10,58" hai1="63,50,26,134,94,116,110,79,30,95,105,89,53" hai2="47,128,96,135,23,3,0,35,19,74,46,104,73" hai3="6,109,4,29,127,83,8,119,91,16,43,25,133"/><T88/><D124/><U56/><E110/><V21/><F35/><W59/><G127/><T93/><D7/><U22/><E105/><V49/><F135/><W111/><G119/><T98/><REACH who="0" step="1"/><D65/><REACH who="0" ten="371,342,208,69" step="2"/><U123/><E116/><V120/><F120/><W115/><G133/><T101/><D101/><U80/><E123/><V97/><F0/><W99/><G4/><T77/><D77/><U2/><E134/><V75/><F3/><W118/><G118/><T69/><D69/><U17/><E2/><V31/><F75/><W27/><G6/><T42/><D42/><U72/><E89/><V129/><F74/><W48/><G43/><T107/><D107/><U34/><REACH who="1" step="1"/><E63/><AGARI ba="1,1" hai="9,10,52,57,58,61,63,64,76,81,84,88,93,98" machi="63" ten="30,18000,2" yaku="1,1,7,1,8,1,54,2,53,1" doraHai="125" doraHaiUra="60" who="0" fromWho="1" sc="371,193,342,-183,208,0,69,0" /><INIT seed="4,2,0,4,0,52" ten="564,159,208,69" oya="0" hai0="94,14,61,10,103,120,7,82,107,29,28,5,111" hai1="128,39,121,47,56,46,66,130,81,110,23,131,91" hai2="88,60,74,129,97,86,51,43,100,83,92,49,13" hai3="54,55,19,21,134,57,79,135,119,125,30,42,124"/><T24/><D120/><U72/><E110/><V67/><F129/><W25/><G119/><T33/><D107/><U133/><E121/><V16/><F43/><W99/><G42/><T62/><D111/><U95/><E133/><N who="3" m="50698" /><G79/><T87/><D29/><U11/><E39/><V122/><F74/><W123/><G123/><T80/><D5/><U22/><E11/><V44/><F44/><N who="1" m="16937" /><E81/><V114/><F114/><W26/><G99/><T116/><D116/><U132/><E72/><V65/><F122/><W101/><G101/><T48/><D80/><U50/><E132/><V53/><F53/><W38/><G38/><T109/><D109/><U37/><E37/><V98/><F98/><W68/><G68/><T76/><D48/><N who="2" m="18506" /><F60/><N who="3" m="35895" /><G55/><T89/><D103/><U85/><E50/><V63/><F63/><AGARI ba="2,0" hai="22,23,56,63,66,85,91,95,128,130,131" m="16937" machi="63" ten="40,2600,0" yaku="19,1,52,1" doraHai="52" who="1" fromWho="2" sc="564,0,159,32,208,-32,69,0" /><INIT seed="5,0,0,1,1,46" ten="564,191,176,69" oya="1" hai0="108,76,23,92,35,95,33,56,93,32,49,7,10" hai1="66,39,2,27,73,110,85,28,125,62,133,47,98" hai2="11,126,131,72,134,80,52,54,87,0,97,38,19" hai3="107,114,50,21,44,109,124,4,117,64,100,78,112"/><U129/><E73/><V41/><F131/><W104/><G109/><T103/><D108/><U26/><E110/><V83/><F134/><W81/><G4/><T59/><D76/><U24/><E129/><V40/><F126/><W45/><G124/><T9/><D23/><U37/><E2/><V13/><F0/><W17/><G64/><T42/><D103/><U55/><E125/><V8/><F72/><W82/><G117/><T16/><D16/><U22/><E133/><V12/><F97/><W74/><G82/><T94/><D94/><U132/><E132/><V60/><F38/><W43/><G44/><N who="0" m="25751" /><D7/><U75/><E75/><V128/><F128/><W70/><G70/><T118/><D118/><U29/><E26/><V84/><F60/><W18/><G18/><AGARI ba="0,0" hai="8,11,12,13,18,19,40,41,52,54,80,83,84,87" machi="18" ten="25,6400,0" yaku="22,2,8,1,54,1" doraHai="46" who="2" fromWho="3" sc="564,0,191,0,176,64,69,-64" /><INIT seed="6,0,0,4,1,44" ten="564,191,240,5" oya="2" hai0="73,102,41,9,83,74,123,57,131,103,69,20,120" hai1="17,22,82,40,133,49,94,25,66,113,37,32,93" hai2="18,28,16,31,134,55,125,84,130,118,77,122,0" hai3="46,61,26,56,52,19,97,87,111,124,14,62,13"/><V95/><F122/><W135/><G111/><T47/><D69/><U108/><E108/><V70/><F118/><W29/><G124/><T15/><D57/><U51/><E32/><V65/><F0/><W128/><G135/><T12/><D131/><U68/><E37/><V116/><F116/><W71/><G128/><T101/><D15/><U110/><E110/><V3/><F3/><W24/><G46/><T132/><D132/><U64/><E133/><V117/><F117/><W119/><G119/><T10/><D10/><U53/><E68/><V21/><F125/><W107/><G87/><T72/><D20/><U115/><E82/><V114/><F21/><W76/><G76/><T79/><D123/><U27/><E40/><V89/><F77/><W91/><G26/><T59/><D59/><U63/><E53/><V105/><F55/><W99/><G91/><T34/><D34/><U127/><E127/><V96/><F130/><W106/><G106/><T58/><D58/><N who="1" m="36983" /><E66/><V7/><F134/><W45/><G45/><T60/><D60/><U80/><E80/><V126/><F126/><W43/><G43/><T30/><D30/><U86/><E25/><V2/><F105/><W1/><G1/><T98/><D98/><N who="3" m="37385" /><G107/><T104/><D104/><U48/><E86/><V112/><F2/><W100/><G100/><T81/><D81/><U50/><N who="1" m="12288" /><DORA hai="36" /><U33/><E33/><V129/><F84/><W78/><G78/><T38/><D120/><U92/><E92/><V67/><F129/><W109/><G109/><T35/><D35/><U54/><E54/><V39/><F95/><RYUUKYOKU ba="0,0" sc="564,15,191,15,240,-15,5,-15" hai0="9,12,38,41,47,72,73,74,79,83,101,102,103" hai1="17,22,27,93,94,113,115" owari="579,67.9,206,-19.4,225,2.5,-10,-51.0" /></mjloggm>