<mjloggm ver="2.3"><GO type="169" lobby="0"/><UN n0="%E3%83%9F%E3%82%B2%E3%83%BC%E3%83%AB%E6%94%B9" n1="%E6%B2%B3%E7%AB%A5%E3%81%AE%E3%83%AF%E3%82%AB%E3%83%9E%E3%83%84" n2="%53%6F%6C%69%64" n3="%65%78%69%73%74%2D%79" dan="16,17,17,16" rate="2212.91,2176.48,2141.40,2094.15" sx="M,M,M,M"/><TAIKYOKU oya="0"/><INIT seed="0,0,0,3,3,52" ten="250,250,250,250" oya="0" hai0="26,49,44,114,93,133,32,78,50,36,108,17,72" hai1="86,97,79,35,42,4,64,25,21,15,48,124,6" hai2="89,109,104,59,100,122,85,84,63,18,90,33,51" hai3="65,46,134,31,118,81,132,96,5,10,13,62,28"/><T24/><D114/><U74/><E74/><V82/><F122/><W7/><G118/><T3/><D3/><U38/><E38/><V101/><F33/><W80/><G46/><T69/><D69/><U121/><E121/><V92/><F104/><W47/><G47/><T8/><D36/><U87/><E35/><V39/><F39/><W99/><G13/><T29/><D50/><U68/><E124/><V120/><F120/><W115/><G10/><T1/><D133/><U37/><E97/><V119/><F109/><W125/><G62/><T66/><D66/><U54/><E79/><V113/><F113/><W45/><G45/><T71/><D71/><U112/><E42/><V2/><F2/><W91/><G115/><T129/><D78/><U43/><E43/><V27/><F51/><W88/><REACH who="3" step="1"/><G65/><REACH who="3" ten="250,250,250,240" step="2"/><T107/><D1/><U111/><E112/><V117/><F117/><W106/><G106/><T102/><D107/><U130/><E15/><V135/><F119/><W70/><G70/><T131/><D8/><U123/><E64/><N who="2" m="39039" /><F135/><W57/><G57/><T94/><D44/><U34/><E68/><V75/><F75/><W67/><G67/><T58/><D58/><U60/><E60/><V56/><F56/><W83/><G83/><T14/><D72/><U98/><E37/><V19/><F27/><W76/><G76/><T73/><D26/><U127/><E25/><V128/><F128/><W12/><G12/><T20/><D131/><U55/><E130/><V16/><AGARI ba="0,1" hai="16,18,19,82,84,85,89,90,92,100,101" m="39039" machi="16" ten="30,4000,0" yaku="8,1,52,1,54,1" doraHai="52" who="2" fromWho="2" sc="250,-20,250,-10,250,50,240,-10" /><INIT seed="1,0,0,5,0,69" ten="230,240,300,230" oya="1" hai0="18,36,20,28,53,1,88,70,31,96,67,55,95" hai1="40,120,81,79,52,26,27,57,126,99,107,87,131" hai2="93,75,117,61,58,64,39,44,94,123,104,105,7" hai3="48,33,23,16,116,125,17,102,22,130,128,47,135"/><U71/><E120/><V132/><F117/><W80/><G116/><T73/><D73/><U103/><E131/><N who="3" m="50218" /><G33/><T0/><D67/><U134/><E134/><V118/><F118/><W21/><G135/><T85/><D70/><U127/><E71/><V101/><F123/><W110/><G102/><T100/><D36/><U30/><E40/><V12/><F132/><W25/><G110/><T90/><D100/><U29/><E26/><V8/><F75/><W121/><G121/><T34/><D34/><U74/><E74/><V84/><F101/><W15/><G125/><T37/><D37/><U41/><E41/><V32/><F32/><W129/><N who="3" m="50226" /><W45/><DORA hai="56" /><G80/><N who="0" m="49191" /><D0/><U42/><E42/><V113/><F113/><W13/><G48/><T97/><D97/><U11/><E11/><V3/><F3/><W109/><G109/><T82/><D82/><U114/><E114/><V76/><F39/><W50/><G50/><T98/><D98/><U54/><E54/><N who="0" m="20489" /><D1/><U124/><REACH who="1" step="1"/><E27/><AGARI ba="0,0" hai="18,20,27,28,31,90,95,96" m="20489,49191" machi="27" ten="30,2000,0" yaku="8,1,54,1" doraHai="69,56" who="0" fromWho="1" sc="230,20,240,-20,300,0,230,0" /><INIT seed="2,0,0,5,3,12" ten="250,220,300,230" oya="2" hai0="75,32,14,92,76,124,24,42,33,88,22,97,134" hai1="135,132,107,36,18,34,48,56,116,126,111,13,96" hai2="83,4,98,104,9,113,10,38,3,102,58,60,101" hai3="51,114,71,95,67,50,78,110,100,29,129,125,91"/><V84/><F113/><W44/><G114/><T127/><D14/><U25/><E36/><V11/><F102/><W5/><G125/><N who="0" m="48203" /><D42/><U54/><E116/><V0/><F38/><W6/><G129/><T118/><D118/><U16/><E111/><V15/><F3/><W45/><G78/><T123/><D123/><U17/><E126/><V74/><F74/><W35/><G100/><T59/><D134/><N who="1" m="51243" /><E107/><V72/><F72/><W108/><G29/><T1/><D1/><U133/><N who="1" m="51251" /><U86/><DORA hai="28" /><E96/><V112/><F0/><W65/><G95/><T130/><D130/><U128/><E128/><V103/><F103/><W19/><G91/><T41/><D41/><U52/><E86/><V93/><F104/><W73/><G73/><T90/><D90/><U7/><E54/><V61/><F112/><W62/><G62/><N who="2" m="24169" /><F58/><W49/><G49/><T68/><D59/><U85/><E85/><V121/><F121/><W57/><G57/><T115/><D68/><U70/><E70/><V40/><F40/><W87/><G87/><T27/><D115/><U23/><E34/><N who="0" m="13417" /><D22/><U89/><E89/><AGARI ba="0,0" hai="4,9,10,11,15,83,84,89,93,98,101" m="24169" machi="89" ten="30,1500,0" yaku="8,1" doraHai="12,28" who="2" fromWho="1" sc="250,0,220,-15,300,15,230,0" /><INIT seed="2,1,0,0,1,44" ten="250,205,315,230" oya="2" hai0="47,115,80,76,60,116,1,25,16,28,50,6,54" hai1="135,65,75,101,130,78,31,40,92,39,30,108,13" hai2="15,46,122,118,94,63,109,100,51,34,105,114,49" hai3="32,121,38,62,120,112,2,97,98,79,59,132,126"/><V128/><F114/><W90/><G112/><T129/><D115/><U42/><E108/><V95/><F118/><W117/><G38/><T133/><D116/><U96/><E130/><V48/><F122/><W131/><G2/><T70/><D129/><U86/><E75/><V23/><F128/><W57/><G32/><T3/><D6/><U45/><E135/><V17/><F34/><W8/><G117/><T10/><D133/><U37/><E65/><V11/><F109/><W73/><G73/><T119/><D119/><U125/><E125/><V33/><F33/><W29/><G132/><T134/><D134/><U9/><E42/><N who="2" m="24663" /><F105/><W69/><G126/><T71/><D71/><U53/><E53/><V43/><F43/><W72/><G72/><T102/><D102/><U89/><E78/><V56/><F11/><W67/><G69/><T24/><D60/><U52/><E52/><N who="2" m="34183" /><F95/><W83/><G131/><T5/><D70/><U27/><E39/><V127/><F127/><W20/><G8/><T66/><D66/><U41/><E41/><V7/><F7/><W113/><G113/><T36/><D36/><U22/><E45/><V68/><F68/><W104/><G104/><T74/><D1/><U91/><E40/><V103/><F103/><W21/><G121/><T106/><D106/><U123/><E37/><V26/><F26/><W124/><G124/><T4/><D25/><U77/><E123/><V14/><F14/><W87/><G120/><T64/><D64/><U110/><E110/><V0/><F0/><W84/><G67/><T93/><D3/><U58/><E9/><RYUUKYOKU ba="1,0" sc="250,-10,205,-10,315,30,230,-10" hai2="15,17,23,49,51,94,100" /><INIT seed="2,2,0,4,4,78" ten="240,195,345,220" oya="2" hai0="6,40,129,58,97,7,69,96,24,29,25,122,57" hai1="19,106,52,118,133,33,73,127,71,68,115,94,103" hai2="126,8,28,123,23,117,2,91,84,76,12,80,48" hai3="60,79,121,44,93,67,36,119,5,62,102,70,131"/><V17/><F117/><W59/><G121/><T134/><D122/><U124/><E118/><V72/><F123/><W15/><G119/><T30/><D69/><U22/><E33/><V56/><F126/><N who="1" m="48169" /><E106/><V31/><F2/><W46/><G131/><T88/><D40/><U125/><E115/><V45/><F56/><W38/><G79/><T61/><D134/><U4/><E73/><V0/><F0/><W27/><G27/><T95/><D129/><U113/><E4/><V10/><F10/><W110/><G5/><T64/><D58/><U63/><E113/><V34/><F23/><W130/><G15/><T111/><D111/><U1/><E1/><V41/><REACH who="2" step="1"/><F34/><REACH who="2" ten="240,195,335,220" step="2"/><W13/><G130/><T135/><D135/><U86/><E133/><V99/><F99/><W26/><G59/><T14/><D97/><U42/><E125/><V11/><F11/><W18/><G70/><T9/><D6/><U74/><E71/><V132/><F132/><W114/><G114/><T101/><D101/><U55/><E103/><V107/><F107/><W35/><G102/><T109/><D109/><U89/><E68/><V21/><F21/><W100/><G35/><T90/><D29/><U37/><E22/><V32/><F32/><W82/><G100/><T66/><D30/><U92/><E19/><V87/><F87/><W108/><G18/><T50/><D96/><N who="1" m="57359" /><E74/><V81/><AGARI ba="2,1" hai="8,12,17,28,31,41,45,48,72,76,80,81,84,91" machi="81" ten="20,18000,2" yaku="1,1,0,1,7,1,52,2,53,1" doraHai="78" doraHaiUra="104" who="2" fromWho="2" sc="240,-62,195,-62,335,196,220,-62" /><INIT seed="2,3,0,0,4,85" ten="178,133,531,158" oya="2" hai0="28,120,122,63,13,50,101,110,18,61,98,0,58" hai1="49,125,2,91,11,25,116,47,36,131,38,99,8" hai2="82,92,43,79,123,23,37,70,96,14,57,111,121" hai3="52,53,102,119,113,45,93,127,128,133,26,16,27"/><V54/><F70/><W41/><G119/><T7/><D28/><U109/><E116/><V73/><F111/><W87/><G127/><T67/><D110/><U135/><E109/><V35/><F35/><W64/><G128/><T103/><D103/><U100/><E125/><V114/><F114/><W51/><G133/><T108/><D108/><U81/><E135/><V84/><F73/><W132/><G132/><T56/><D50/><U22/><E131/><V71/><F71/><W5/><G5/><T33/><D7/><U134/><E2/><V24/><F14/><W29/><G64/><T69/><D69/><U77/><E38/><V6/><F6/><W89/><G113/><T1/><D33/><U78/><E36/><V88/><F43/><W60/><G102/><T106/><D1/><U97/><E78/><V42/><F42/><W3/><G60/><T59/><D59/><U105/><E99/><V4/><F4/><W72/><G72/><T83/><D83/><U74/><E91/><V68/><F68/><W115/><G115/><T117/><D0/><U75/><E75/><V15/><F15/><W107/><G107/><T40/><D40/><U65/><E65/><V104/><F104/><W48/><G3/><T19/><D117/><U126/><E134/><V95/><F37/><W44/><G29/><T32/><D32/><U124/><E126/><V17/><F95/><W90/><G41/><T55/><D19/><N who="1" m="12511" /><E124/><V94/><F94/><N who="3" m="54591" /><G16/><T112/><D112/><U20/><E20/><AGARI ba="3,0" hai="13,18,20,55,56,58,61,63,67,98,101,106,120,122" machi="20" ten="30,1000,0" yaku="7,1" doraHai="85" who="0" fromWho="1" sc="178,19,133,-19,531,0,158,0" /><INIT seed="3,0,0,3,4,61" ten="197,114,531,158" oya="3" hai0="74,133,105,65,104,71,128,63,119,96,135,41,5" hai1="64,18,130,109,86,124,88,27,0,99,57,108,52" hai2="80,6,42,123,129,121,51,114,112,33,125,26,31" hai3="67,66,73,36,102,11,43,79,106,75,37,8,116"/><W77/><G102/><T19/><D119/><U91/><E0/><V85/><F125/><W17/><G17/><T76/><D19/><U110/><E124/><V120/><F129/><W70/><G43/><T107/><D41/><U14/><E130/><V2/><F2/><W122/><G116/><T16/><D5/><U100/><E64/><V97/><F6/><W117/><G117/><T29/><D29/><U25/><E99/><V59/><F97/><W103/><G103/><N who="0" m="62567" /><D16/><U72/><E72/><V60/><F51/><W45/><G45/><T10/><D10/><N who="1" m="6487" /><E100/><V81/><F42/><W20/><G20/><T134/><D128/><U4/><E4/><V13/><F13/><W9/><G9/><T89/><D89/><N who="1" m="34379" /><E86/><V12/><F12/><W38/><G38/><T1/><D1/><U21/><E21/><V111/><F111/><N who="1" m="28417" /><U69/><DORA hai="93" /><E69/><V55/><F85/><W92/><G92/><T34/><D34/><U32/><E32/><V48/><F33/><W90/><G90/><T78/><D78/><U44/><E44/><V84/><F84/><W53/><G70/><T47/><D47/><U98/><E98/><V24/><F120/><W3/><G3/><T56/><D56/><U46/><E46/><V127/><F127/><W35/><G35/><T131/><D131/><U15/><E15/><V40/><F121/><W94/><G94/><T58/><D58/><U62/><AGARI ba="0,0" hai="25,27,52,57,62" m="28417,34379,6487" machi="62" ten="40,5200,0" yaku="14,1,54,2" doraHai="61,93" who="1" fromWho="1" sc="197,-13,114,52,531,-13,158,-26" /><INIT seed="4,0,0,4,1,58" ten="184,166,518,132" oya="0" hai0="135,111,77,133,52,74,54,65,107,3,76,79,10" hai1="105,33,23,102,34,49,124,121,24,129,30,51,106" hai2="64,108,6,60,47,67,5,101,75,26,35,90,25" hai3="27,66,28,94,45,81,82,59,9,89,53,68,46"/><T29/><D74/><U127/><E121/><V109/><F75/><W39/><G9/><T122/><D122/><U99/><E106/><V84/><F101/><W1/><G1/><T112/><D107/><U125/><REACH who="1" step="1"/><E129/><REACH who="1" ten="184,156,518,132" step="2"/><V131/><F131/><W40/><G45/><T78/><D111/><U91/><E91/><V104/><F104/><W115/><G115/><T88/><D112/><U130/><E130/><V11/><F90/><W86/><G68/><T62/><D79/><U97/><E97/><V61/><F108/><W38/><G38/><T83/><D29/><U126/><N who="1" m="31744" /><DORA hai="100" /><U55/><E55/><V42/><F109/><W118/><G118/><T96/><D96/><U92/><E92/><V41/><F41/><W14/><G66/><T69/><D88/><U70/><E70/><V87/><F42/><W12/><G81/><T119/><D83/><U16/><E16/><V56/><F64/><W43/><G43/><T32/><D119/><U98/><E98/><V20/><F67/><W103/><G82/><T48/><D54/><U37/><E37/><V36/><F36/><W113/><G113/><T22/><D52/><U72/><E72/><V4/><F84/><W18/><G18/><T21/><D78/><U128/><E128/><V44/><F87/><W50/><REACH who="3" step="1"/><G103/><REACH who="3" ten="184,156,518,122" step="2"/><T85/><D69/><U31/><E31/><V15/><F6/><W116/><G116/><T132/><D77/><U17/><E17/><V134/><F5/><W63/><G63/><T19/><D19/><U73/><E73/><V80/><F4/><W0/><G0/><T110/><D3/><RYUUKYOKU ba="0,2" sc="184,-15,156,15,518,-15,122,15" hai1="23,24,30,33,34,49,51,99,102,105" hai3="12,14,27,28,39,40,46,50,53,59,86,89,94" /><INIT seed="5,1,2,3,3,73" ten="169,171,503,137" oya="1" hai0="82,27,107,95,105,17,93,118,121,113,44,115,20" hai1="71,75,49,12,111,47,87,61,81,102,2,83,39" hai2="41,50,10,133,6,57,120,112,45,25,8,116,37" hai3="69,7,104,70,80,89,66,119,4,0,76,90,46"/><U19/><E2/><V1/><F116/><W94/><G104/><T23/><D118/><U40/><E111/><V65/><F120/><W16/><G119/><T123/><D44/><U97/><E75/><V100/><F112/><N who="0" m="43082" /><D82/><U99/><E39/><V30/><F133/><W106/><G106/><N who="0" m="40459" /><D23/><U29/><E29/><V52/><F100/><W59/><G46/><T68/><D68/><U86/><E102/><V91/><F91/><W14/><G70/><T88/><D95/><U11/><E71/><V60/><F10/><N who="3" m="6231" /><G0/><T129/><D129/><U33/><E33/><V78/><F78/><W43/><G43/><T13/><D27/><U55/><E83/><V135/><F135/><W31/><G69/><T72/><D72/><U56/><REACH who="1" step="1"/><E87/><AGARI ba="1,2" hai="13,17,20,87,88,93,121,123" m="40459,43082" machi="87" ten="30,2000,0" yaku="15,1,54,1" doraHai="73" who="0" fromWho="1" sc="169,43,171,-23,503,0,137,0" /><INIT seed="6,0,0,3,5,69" ten="212,148,503,137" oya="2" hai0="8,57,58,75,84,4,5,90,119,115,10,6,28" hai1="112,93,46,45,52,31,133,11,49,106,134,117,53" hai2="94,25,109,15,73,55,70,9,59,67,127,111,19" hai3="26,14,20,121,98,132,122,101,86,3,35,13,0"/><V100/><F73/><W87/><G35/><T79/><D75/><U91/><E106/><V37/><F127/><W78/><G132/><N who="1" m="50794" /><E117/><V97/><F37/><W124/><G124/><T30/><D79/><U129/><E31/><N who="0" m="11817" /><D115/><U32/><E32/><V72/><F72/><W95/><G26/><T51/><D119/><U102/><E102/><V80/><F80/><W107/><G86/><T43/><D43/><U61/><E11/><N who="0" m="4137" /><D51/><U74/><E129/><V116/><F116/><W27/><G3/><T42/><D42/><U66/><E112/><V103/><F103/><W60/><G0/><T130/><D130/><U62/><E74/><V108/><F25/><W48/><G48/><T34/><D34/><U76/><E76/><V41/><F41/><W64/><G121/><T1/><D1/><U71/><E61/><N who="2" m="36095" /><F70/><W36/><G36/><T56/><D84/><N who="1" m="52455" /><E49/><V18/><F67/><W83/><G122/><T126/><D126/><U38/><E38/><V23/><F108/><W104/><G107/><T131/><D131/><U118/><E118/><V33/><F33/><W82/><G104/><T29/><D29/><U123/><E123/><V65/><F65/><W110/><G110/><T39/><D39/><U7/><E7/><V120/><F120/><W50/><G50/><T105/><D105/><U96/><E52/><V16/><F109/><W47/><G47/><N who="1" m="17930" /><E53/><V22/><F111/><W77/><G77/><T63/><D63/><U68/><E68/><V17/><AGARI ba="0,0" hai="9,15,16,17,18,19,22,23,94,97,100" m="36095" machi="17" ten="30,3000,0" yaku="8,1,54,1" doraHai="69" who="2" fromWho="2" sc="212,-10,148,-10,503,30,137,-10" /><INIT seed="6,1,0,5,5,116" ten="202,138,533,127" oya="2" hai0="89,56,5,87,125,10,21,15,115,30,55,110,134" hai1="49,93,53,16,95,94,119,27,88,128,112,68,85" hai2="61,124,70,39,24,113,7,92,51,3,23,73,69" hai3="72,123,48,80,38,64,74,59,129,35,67,84,76"/><V83/><F39/><W42/><G35/><T0/><D110/><U17/><E119/><V62/><F113/><W103/><G129/><T47/><D115/><U18/><E112/><V11/><F124/><W14/><G103/><T97/><D125/><U114/><E114/><V117/><F117/><W108/><G108/><T20/><D134/><U33/><E68/><V60/><F92/><W130/><G130/><T111/><D111/><U58/><REACH who="1" step="1"/><E128/><REACH who="1" ten="202,128,533,127" step="2"/><V32/><F70/><W133/><G133/><T40/><D30/><AGARI ba="1,1" hai="16,17,18,27,30,33,49,53,58,85,88,93,94,95" machi="30" ten="40,8000,1" yaku="1,1,2,1,54,2,53,0" doraHai="116" doraHaiUra="9" who="1" fromWho="0" sc="202,-83,128,93,533,0,127,0" /><INIT seed="7,0,0,0,3,101" ten="119,221,533,127" oya="3" hai0="135,102,74,73,93,34,68,125,108,55,87,7,130" hai1="110,100,122,22,45,81,66,112,61,63,42,6,47" hai2="88,52,44,20,85,36,109,116,16,57,104,37,98" hai3="99,46,25,91,94,1,2,67,70,31,26,118,69"/><W13/><G118/><T5/><D34/><U114/><E110/><V38/><F109/><W32/><G26/><T27/><D108/><U105/><E122/><V121/><F116/><W90/><G90/><T54/><D68/><U10/><E22/><V24/><F121/><W23/><G46/><T11/><D74/><U62/><E66/><V21/><F21/><W128/><G128/><T133/><D73/><U58/><E58/><V120/><F120/><W106/><G106/><T51/><D130/><U123/><E81/><V30/><F30/><W89/><G89/><N who="0" m="53439" /><D102/><U29/><E29/><V59/><F104/><W77/><G77/><T40/><D125/><U111/><E123/><V103/><F103/><W75/><G75/><T18/><D135/><U92/><E92/><N who="2" m="56583" /><F85/><W50/><G50/><T56/><D133/><U131/><E131/><V49/><F59/><W28/><G28/><T71/><D71/><U83/><E83/><V41/><F38/><W39/><G39/><T65/><D40/><U76/><E76/><V17/><F37/><W8/><G32/><T97/><D97/><N who="1" m="61583" /><E42/><V132/><F132/><W134/><G134/><T48/><D65/><U95/><E95/><V64/><F64/><W80/><G80/><T12/><D27/><U78/><E78/><V82/><F82/><W9/><G70/><T115/><D115/><N who="1" m="44075" /><E111/><V126/><F126/><W129/><G129/><T107/><D107/><U3/><AGARI ba="0,0" hai="3,6,10,45,47,61,62,63" m="44075,61583" machi="3" ten="30,2000,0" yaku="15,1,52,1" doraHai="101" who="1" fromWho="1" sc="119,-5,221,20,533,-5,127,-10" owari="114,-38.6,241,4.1,528,62.8,117,-28.3" /></mjloggm>