<mjloggm ver="2.3"><GO type="169" lobby="0"/><UN n0="%E7%9C%9F%E4%B8%80" n1="%E5%B0%8F%E5%AE%AE%E7%95%B3%E5%BA%97" n2="%70%6F%6E%2D%65%6E" n3="%69%77%61%69%77%61" dan="17,16,16,17" rate="2264.97,2078.30,2184.18,2240.93" sx="M,M,F,M"/><TAIKYOKU oya="0"/><INIT seed="0,0,0,4,3,77" ten="250,250,250,250" oya="0" hai0="1,113,65,30,53,61,89,27,82,10,50,90,9" hai1="34,74,87,110,101,120,20,15,25,54,112,99,26" hai2="14,88,49,38,128,52,60,93,0,58,46,44,22" hai3="48,76,55,97,133,32,129,2,57,5,18,45,103"/><T43/><D113/><U81/><E74/><V83/><F0/><W51/><G129/><T109/><D43/><U64/><E120/><V98/><F128/><W79/><G32/><T59/><D109/><U16/><E110/><V126/><F126/><W68/><G68/><T132/><D132/><U17/><E112/><V108/><F108/><W70/><G70/><T123/><D123/><U69/><E34/><V104/><F104/><W135/><G5/><T56/><D1/><U78/><E69/><V62/><F38/><W102/><G2/><T21/><REACH who="0" step="1"/><D90/><REACH who="0" ten="240,250,250,250" step="2"/><U39/><E39/><V41/><F41/><W28/><G133/><T13/><D13/><U33/><E33/><V72/><F72/><W131/><G135/><T122/><D122/><U115/><E115/><V130/><F130/><W124/><G131/><T6/><D6/><U11/><E64/><V100/><F14/><W19/><G124/><T23/><D23/><U119/><E119/><V91/><F22/><W8/><G8/><T4/><D4/><U80/><E54/><V96/><F91/><W63/><G55/><T71/><D71/><U36/><E36/><V12/><F12/><W86/><G102/><T40/><D40/><U66/><E66/><V106/><REACH who="2" step="1"/><F83/><REACH who="2" ten="240,250,240,250" step="2"/><W116/><G116/><T95/><D95/><N who="1" m="58623" /><E80/><V47/><AGARI ba="0,2" hai="44,46,47,49,52,58,60,62,88,93,96,98,100,106" machi="47" ten="30,8000,1" yaku="1,1,0,1,54,2,53,1" doraHai="77" doraHaiUra="84" who="2" fromWho="2" sc="240,-40,250,-20,240,100,250,-20" /><INIT seed="1,0,0,0,4,109" ten="200,230,340,230" oya="1" hai0="128,37,122,80,90,64,67,76,56,44,11,68,81" hai1="62,43,21,135,46,69,112,8,16,89,0,94,51" hai2="113,4,131,85,60,7,52,117,93,63,47,72,133" hai3="48,61,111,74,130,65,103,1,96,134,66,13,99"/><U18/><E135/><V27/><F72/><W110/><G1/><T2/><D68/><U101/><E101/><V35/><F117/><W124/><G74/><N who="0" m="43031" /><D56/><U70/><E112/><V104/><F104/><W116/><G134/><T121/><D128/><U114/><E114/><V26/><F133/><W20/><G130/><T92/><D81/><U120/><E120/><N who="0" m="46185" /><D37/><U30/><E30/><V34/><F113/><W88/><G124/><T22/><D44/><U41/><E41/><V42/><F131/><W129/><G129/><T39/><D39/><U28/><E28/><V32/><F85/><W105/><G48/><T79/><D79/><U87/><E62/><V36/><F93/><W55/><G55/><T54/><D22/><U33/><E33/><V49/><F63/><W3/><G116/><T23/><D23/><U19/><REACH who="1" step="1"/><E21/><REACH who="1" ten="200,220,340,230" step="2"/><V100/><F100/><W91/><G61/><T84/><D54/><U108/><E108/><V40/><F60/><W57/><G20/><T78/><D67/><U106/><E106/><V115/><F115/><W95/><G65/><T98/><D64/><U119/><E119/><V29/><F42/><W9/><G110/><T14/><D2/><U10/><E10/><V53/><F53/><W123/><G3/><T132/><D132/><U71/><E71/><V127/><F127/><W25/><G123/><T59/><D11/><U97/><E97/><V12/><F29/><W6/><G111/><T77/><D98/><U102/><E102/><V45/><F35/><W82/><G66/><T58/><D14/><U126/><E126/><V15/><F15/><RYUUKYOKU ba="0,1" sc="200,15,220,15,340,-15,230,-15" hai0="58,59,77,78,84,90,92" hai1="0,8,16,18,19,43,46,51,69,70,87,89,94" /><INIT seed="1,1,1,5,0,128" ten="215,235,325,215" oya="1" hai0="104,69,122,65,98,23,49,4,110,9,80,107,36" hai1="55,121,44,109,83,18,20,86,60,11,57,115,54" hai2="41,73,94,127,85,61,17,108,56,120,16,26,58" hai3="21,96,59,133,67,76,77,31,126,33,70,46,14"/><U135/><E121/><V43/><F73/><W38/><G33/><T13/><D36/><U130/><E115/><V113/><F108/><W3/><G3/><T75/><D110/><U40/><E130/><V39/><F120/><W125/><G70/><T95/><D122/><U103/><E109/><V47/><F113/><W5/><G5/><T35/><D35/><U52/><E103/><V93/><F127/><W6/><G6/><T45/><D23/><U25/><E11/><V118/><F118/><W1/><G1/><T112/><D112/><U51/><REACH who="1" step="1"/><E135/><REACH who="1" ten="215,225,325,215" step="2"/><V64/><F39/><W88/><G38/><T28/><D9/><U63/><E63/><V50/><F61/><W101/><G133/><T102/><D102/><U90/><AGARI ba="1,2" hai="18,20,25,40,44,51,52,54,55,57,60,83,86,90" machi="90" ten="20,12000,1" yaku="1,1,0,1,7,1,8,1,54,1,53,0" doraHai="128" doraHaiUra="123" who="1" fromWho="1" sc="215,-41,225,143,325,-41,215,-41" /><INIT seed="1,2,0,5,1,103" ten="174,368,284,174" oya="1" hai0="38,80,97,41,21,84,92,54,0,94,59,4,133" hai1="81,37,132,134,26,9,36,65,48,106,75,93,22" hai2="89,120,51,98,56,43,14,50,3,25,95,53,123" hai3="5,87,66,121,34,73,77,42,74,126,111,45,127"/><U29/><E65/><V85/><F3/><W1/><G121/><T57/><D133/><U28/><E28/><V23/><F98/><W7/><G34/><T99/><D38/><U58/><E93/><V76/><F76/><W90/><G66/><T122/><D41/><U91/><E9/><V107/><F107/><W109/><G5/><T49/><D122/><U52/><E106/><V15/><F120/><W130/><G7/><T104/><D104/><U83/><E83/><V46/><REACH who="2" step="1"/><F123/><REACH who="2" ten="174,368,274,174" step="2"/><W112/><G1/><T115/><D97/><U78/><E91/><V33/><F33/><W110/><G77/><T31/><D99/><U6/><E6/><V63/><F63/><W124/><G112/><T131/><D115/><U39/><AGARI ba="2,1" hai="22,26,29,36,37,39,48,52,58,75,78,81,132,134" machi="39" ten="40,3900,0" yaku="0,1,54,1" doraHai="103" who="1" fromWho="1" sc="174,-15,368,55,274,-15,174,-15" /><INIT seed="1,3,0,4,4,81" ten="159,423,259,159" oya="1" hai0="80,127,86,48,0,7,61,8,16,70,116,95,131" hai1="41,122,10,83,133,6,51,89,120,85,110,101,19" hai2="97,98,112,96,119,31,84,38,126,103,100,43,115" hai3="68,55,59,72,130,64,88,27,9,121,29,71,128"/><U79/><E133/><V36/><F119/><W57/><G72/><T75/><D116/><U5/><E101/><N who="2" m="38987" /><F43/><W54/><G9/><T30/><D131/><N who="3" m="50217" /><G64/><T125/><D30/><U17/><E110/><V62/><F62/><N who="3" m="36151" /><G27/><T47/><D95/><U18/><E89/><V25/><F25/><W32/><G29/><T14/><D75/><U113/><E113/><N who="2" m="43595" /><F31/><W117/><G32/><T102/><D102/><U34/><E34/><V82/><F126/><W69/><G117/><T76/><D61/><U106/><E106/><V44/><F44/><W33/><G33/><T39/><D39/><U26/><E26/><V135/><F135/><W67/><G88/><AGARI ba="3,0" hai="36,38,82,84,88,96,97,98" m="43595,38987" machi="88" ten="30,3900,0" yaku="11,1,52,1,54,1" doraHai="81" who="2" fromWho="3" sc="159,0,423,0,259,48,159,-48" /><INIT seed="2,0,0,5,0,29" ten="159,423,307,111" oya="2" hai0="21,87,36,127,76,16,62,50,86,94,59,133,117" hai1="25,4,103,28,129,119,124,128,11,55,58,38,23" hai2="123,85,1,15,39,104,27,88,20,115,75,42,48" hai3="14,82,113,18,34,49,10,2,125,91,89,78,95"/><V69/><F1/><W7/><G125/><T73/><D127/><U56/><E124/><V43/><F115/><W44/><G113/><T63/><D36/><U31/><E38/><V109/><F123/><W131/><G131/><N who="1" m="50250" /><E119/><V26/><F75/><W12/><G2/><T72/><D133/><U108/><E108/><V92/><F69/><W106/><G106/><T102/><D117/><U17/><E103/><V135/><F104/><W68/><G68/><T65/><D50/><N who="1" m="30839" /><E58/><V8/><F135/><W64/><G34/><T70/><D102/><U40/><E40/><V112/><F112/><W111/><G95/><T35/><D35/><U116/><E116/><V134/><F134/><W19/><G64/><T99/><D99/><U41/><E41/><V5/><F109/><W45/><G111/><T130/><D130/><U114/><E114/><V100/><F100/><W105/><G105/><T132/><D132/><U77/><E77/><V32/><F39/><W81/><G7/><T51/><D51/><U9/><E9/><V22/><F32/><W98/><G98/><T122/><D122/><U46/><E46/><N who="2" m="25687" /><F43/><W67/><G67/><N who="0" m="39391" /><D76/><U54/><E54/><V60/><F60/><W110/><G110/><T37/><D37/><U0/><AGARI ba="0,0" hai="0,4,11,17,23,25,28,31" m="30839,50250" machi="0" ten="30,1100,0" yaku="19,1" doraHai="29" who="1" fromWho="1" sc="159,-3,423,11,307,-5,111,-3" /><INIT seed="3,0,0,2,3,88" ten="156,434,302,108" oya="3" hai0="47,119,28,8,107,89,54,68,100,135,103,29,11" hai1="64,45,93,58,134,85,57,120,66,55,31,21,71" hai2="41,59,121,112,87,74,131,43,56,83,50,46,26" hai3="0,19,108,86,116,3,30,69,77,25,12,124,16"/><W53/><G116/><T92/><D68/><U129/><E71/><V97/><F112/><W14/><G69/><T67/><D119/><U82/><E120/><V32/><F74/><W91/><G77/><T70/><D135/><U75/><E75/><V44/><F131/><W109/><G53/><T125/><D125/><U52/><E129/><V72/><F72/><W49/><G49/><N who="0" m="28991" /><D107/><U110/><E110/><N who="3" m="42602" /><G124/><T40/><D40/><U101/><E134/><V104/><F121/><W99/><G99/><N who="0" m="57743" /><D67/><U5/><E5/><V22/><F50/><W42/><G42/><T115/><D70/><U105/><E105/><V80/><F97/><W117/><G86/><T18/><D115/><U132/><E45/><V96/><F96/><W36/><G91/><T33/><D33/><U130/><E132/><V127/><F127/><W106/><G36/><T114/><D114/><U23/><E130/><V27/><F87/><W17/><G106/><T128/><D128/><U62/><E85/><V65/><F104/><W9/><G117/><T98/><D18/><N who="3" m="6665" /><G12/><T113/><D113/><U2/><E55/><V7/><F65/><W1/><G1/><T123/><D123/><U20/><E2/><V94/><F43/><W24/><G24/><T76/><D76/><U84/><E66/><V61/><F27/><W90/><G90/><T95/><D103/><U38/><E101/><V111/><F26/><W126/><G126/><T81/><D81/><U102/><E102/><V6/><F41/><W37/><G37/><T35/><D35/><AGARI ba="0,0" hai="0,3,9,14,16,25,30,35" m="6665,42602" machi="35" ten="30,12000,1" yaku="14,1,10,1,34,2,54,1" doraHai="88" who="3" fromWho="0" sc="156,-120,434,0,302,0,108,120" /><INIT seed="3,1,0,1,3,38" ten="36,434,302,228" oya="3" hai0="7,109,112,82,30,80,27,67,21,66,123,22,84" hai1="96,74,32,63,104,103,94,132,97,17,8,91,89" hai2="55,9,77,51,70,130,18,48,41,105,100,116,124" hai3="62,81,52,79,19,0,13,86,64,134,25,115,59"/><W135/><G0/><T101/><D109/><U57/><E132/><V16/><F116/><W114/><G25/><T106/><D123/><U35/><E74/><V12/><F124/><W65/><G115/><T69/><D112/><U113/><E113/><V1/><F130/><W61/><G114/><T3/><D3/><U68/><E68/><V54/><F70/><W40/><G40/><T99/><D7/><U92/><E8/><V43/><F1/><W24/><G24/><T53/><D53/><N who="2" m="19978" /><F105/><W111/><G111/><T6/><D6/><U128/><E17/><N who="2" m="6763" /><F100/><W93/><G93/><T36/><D36/><U129/><E104/><V39/><F39/><W46/><G46/><T14/><D14/><U131/><E103/><V10/><F77/><W127/><G127/><T11/><D11/><N who="2" m="4106" /><F12/><W45/><G45/><T2/><D2/><U44/><E44/><V117/><F117/><W58/><G52/><AGARI ba="1,0" hai="32,35,52,57,63,89,91,92,94,96,97,128,129,131" machi="52" ten="40,5200,0" yaku="9,1,19,1,54,1" doraHai="38" who="1" fromWho="3" sc="36,0,434,55,302,0,228,-55" /><INIT seed="4,0,0,2,0,118" ten="36,489,302,173" oya="0" hai0="115,57,21,111,19,35,6,61,92,100,133,80,117" hai1="122,119,56,108,22,67,29,11,14,34,18,77,120" hai2="110,2,89,44,48,39,59,107,130,84,91,41,31" hai3="66,79,82,13,81,36,132,60,135,25,109,126,72"/><T70/><D117/><U43/><E119/><V23/><F107/><W73/><G36/><T99/><D115/><U128/><E108/><V134/><F2/><W105/><G109/><T15/><D111/><U71/><E71/><V40/><F110/><W26/><G105/><T32/><D133/><N who="3" m="51273" /><G126/><T93/><D70/><U24/><E128/><V104/><F59/><N who="3" m="37151" /><G13/><T123/><D123/><U3/><E77/><AGARI ba="0,0" hai="25,26,72,73,77,79,81,82" m="37151,51273" machi="77" ten="30,1000,0" yaku="20,1" doraHai="118" who="3" fromWho="1" sc="36,0,489,-10,302,0,173,10" /><INIT seed="5,0,0,3,2,9" ten="36,479,302,183" oya="1" hai0="2,8,83,18,43,42,133,59,119,102,47,95,118" hai1="12,122,64,62,97,112,127,93,22,128,91,81,55" hai2="104,20,69,113,56,103,26,114,125,94,17,11,100" hai3="35,54,0,5,10,111,88,25,50,99,71,132,52"/><U82/><E122/><V74/><F69/><W79/><G71/><T75/><D133/><U67/><E112/><N who="2" m="43115" /><F104/><W124/><G111/><T46/><D59/><N who="1" m="35199" /><E128/><V53/><F125/><W40/><G124/><T72/><D95/><U6/><E127/><V131/><F131/><W7/><G79/><T110/><D102/><U98/><E98/><V107/><F107/><W48/><G40/><T51/><D110/><U115/><E115/><V1/><F74/><W101/><G7/><T58/><D58/><U24/><E24/><V76/><F76/><W73/><G73/><T14/><D2/><U92/><E93/><V45/><F45/><W80/><G25/><T109/><D109/><U28/><E28/><V21/><F94/><W134/><G35/><T61/><D61/><U37/><E37/><V63/><F20/><W36/><G36/><T13/><D83/><N who="1" m="31755" /><E22/><V77/><F77/><W108/><G108/><T23/><D75/><U66/><E66/><V39/><F39/><W96/><G132/><T87/><D87/><U130/><E130/><V49/><F63/><W68/><G68/><T19/><D72/><U41/><E41/><V129/><F129/><W44/><G134/><T120/><D120/><U78/><E78/><V89/><F89/><W65/><G101/><T135/><D135/><U84/><E97/><V33/><F33/><W3/><G96/><T27/><D27/><U34/><E34/><V106/><F106/><W85/><G99/><T117/><D119/><U116/><E116/><V15/><F1/><W105/><G105/><T29/><D29/><AGARI ba="0,0" hai="11,15,17,21,26,29,49,53,56,100,103" m="43115" machi="29" ten="30,3900,0" yaku="15,1,11,1,52,1" doraHai="9" who="2" fromWho="0" sc="36,-39,479,0,302,39,183,0" owari="-3,-50.3,479,57.9,341,14.1,183,-21.7" /></mjloggm>