<mjloggm ver="2.3"><GO type="169" lobby="0"/><UN n0="%E3%83%8A%E3%82%AB%E3%81%AB%E3%81%97" n1="%63%2E%63%2D%76%2E%76" n2="%67%6F%6B%75%61%6B%75" n3="%E3%83%8F%E3%83%B3%E3%83%81%E3%83%A7%E3%82%A6%E5%A4%A7%E6%A7%BB" dan="17,17,17,16" rate="2230.82,2214.28,2202.02,2089.36" sx="M,F,M,M"/><TAIKYOKU oya="0"/><INIT seed="0,0,0,2,0,21" ten="250,250,250,250" oya="0" hai0="100,105,88,121,34,91,118,27,95,32,39,16,3" hai1="46,116,87,71,84,50,42,75,38,131,63,123,82" hai2="93,94,110,134,43,45,64,54,74,58,97,53,68" hai3="51,0,49,107,12,83,28,11,6,44,73,29,36"/><T79/><D118/><U72/><E123/><V124/><F74/><W69/><G69/><T86/><D121/><U127/><E131/><V62/><F110/><W56/><G107/><T98/><D39/><U102/><E127/><V106/><F124/><W120/><G120/><T132/><D3/><U48/><E116/><V104/><F134/><W19/><G56/><T67/><D132/><U61/><E102/><V81/><F81/><W5/><G5/><T8/><D67/><U125/><E125/><V128/><F128/><W109/><G109/><T130/><D130/><U114/><E114/><V60/><F53/><W115/><G115/><T4/><D79/><U26/><E38/><V1/><F1/><W13/><G13/><T23/><REACH who="0" step="1"/><D91/><REACH who="0" ten="240,250,250,250" step="2"/><U37/><E37/><V76/><F76/><W117/><G117/><T80/><D80/><U14/><E82/><V70/><F64/><W35/><G83/><T113/><D113/><U31/><E72/><V92/><F70/><W99/><G73/><T41/><D41/><U15/><E75/><V119/><F68/><W33/><G36/><T24/><D24/><U85/><E71/><V101/><F119/><W55/><G0/><T103/><D103/><U57/><E26/><V122/><F122/><W47/><G55/><T30/><D30/><U59/><E31/><V17/><F43/><W129/><G129/><T133/><D133/><U78/><E78/><V89/><F54/><W90/><G29/><T65/><D65/><N who="1" m="39087" /><E48/><V2/><F2/><N who="3" m="471" /><G28/><T96/><D96/><U77/><E77/><V126/><F126/><W25/><G25/><RYUUKYOKU ba="0,1" sc="240,15,250,15,250,-15,250,-15" hai0="4,8,16,23,27,32,34,86,88,95,98,100,105" hai1="14,15,42,46,50,59,63,84,85,87" /><INIT seed="0,1,1,0,4,67" ten="255,265,235,235" oya="0" hai0="106,116,8,65,94,40,34,41,121,27,68,21,79" hai1="104,113,91,118,28,50,135,114,7,38,109,56,103" hai2="83,61,110,84,44,5,102,128,119,125,99,23,117" hai3="100,124,97,62,75,87,120,10,49,47,95,9,32"/><T90/><D116/><U70/><E118/><V26/><F110/><W63/><G124/><T80/><D121/><U17/><E38/><V35/><F125/><W39/><G75/><T15/><D106/><U130/><E109/><V71/><F5/><W14/><G32/><T86/><D34/><U51/><E7/><V111/><F44/><W19/><G39/><T59/><D59/><U52/><E130/><V24/><F24/><W13/><G87/><T89/><D89/><U69/><E135/><V12/><F12/><W92/><G95/><T36/><D36/><U88/><E28/><N who="2" m="19863" /><F128/><W73/><G73/><T11/><D65/><U30/><E30/><V115/><F115/><N who="1" m="44041" /><E17/><V60/><F23/><W2/><G2/><T6/><D11/><U131/><E131/><V46/><F46/><W81/><G81/><T126/><D68/><N who="1" m="26219" /><E50/><V42/><F111/><W122/><G122/><T123/><D123/><U76/><E76/><V33/><F33/><W1/><G1/><T31/><REACH who="0" step="1"/><D126/><REACH who="0" ten="245,265,235,235" step="2"/><U77/><E77/><V54/><F117/><W48/><G120/><T108/><D108/><U127/><E127/><V64/><F119/><W66/><G10/><T129/><D129/><U105/><E103/><V0/><F102/><W134/><G100/><T58/><D58/><U45/><E56/><V98/><F71/><W82/><G9/><T107/><D107/><AGARI ba="1,2" hai="45,51,52,88,91,104,105,107" m="26219,44041" machi="107" ten="40,12000,2" yaku="11,1,52,3,54,2" doraHai="67" who="1" fromWho="0" sc="245,-123,265,143,235,0,235,0" /><INIT seed="1,0,0,2,0,55" ten="122,408,235,235" oya="1" hai0="92,53,85,24,123,1,111,51,88,132,103,122,86" hai1="8,17,27,77,25,39,6,99,95,114,126,19,58" hai2="26,33,101,118,73,22,130,76,14,117,66,110,18" hai3="67,96,52,2,106,125,10,100,0,44,69,30,79"/><U104/><E114/><V63/><F110/><W119/><G125/><T61/><D1/><U74/><E39/><V12/><F130/><W36/><G119/><T97/><D111/><U59/><E104/><V9/><F101/><W46/><G79/><T64/><D132/><U21/><E126/><V11/><F76/><W127/><G127/><T41/><D41/><U102/><E74/><V34/><F73/><W48/><G30/><T105/><D86/><U120/><E77/><V50/><F50/><W84/><G84/><T29/><D53/><U13/><E120/><V23/><F63/><W113/><G113/><T37/><D51/><U3/><E3/><V121/><F66/><W135/><G135/><T38/><D123/><U43/><E43/><V57/><F57/><N who="1" m="21513" /><E27/><V54/><F54/><W42/><G10/><T116/><D116/><U32/><E32/><V89/><F121/><W5/><G5/><AGARI ba="0,0" hai="5,6,8,13,17,19,21,25,95,99,102" m="21513" machi="5" ten="30,11600,0" yaku="8,1,52,3" doraHai="55" who="1" fromWho="3" sc="122,0,408,116,235,0,235,-116" /><INIT seed="1,1,0,2,2,2" ten="122,524,235,119" oya="1" hai0="100,6,94,29,52,86,70,28,44,55,40,97,95" hai1="41,5,53,51,61,7,118,8,34,110,91,99,103" hai2="131,82,31,78,42,38,92,10,27,106,72,58,127" hai3="57,54,1,13,112,16,73,56,104,89,77,47,60"/><U46/><E118/><V107/><F131/><W50/><G112/><T108/><D70/><U81/><E34/><V115/><F127/><W125/><G125/><T122/><D108/><U26/><E110/><V93/><F115/><W88/><G1/><T23/><D122/><U18/><E103/><V67/><F93/><W64/><G104/><T35/><D35/><U36/><E36/><V119/><F92/><W114/><G114/><T111/><D111/><U130/><E130/><V116/><F58/><W133/><G133/><T25/><D29/><U32/><E32/><N who="2" m="20607" /><F67/><W22/><G73/><T113/><D113/><U84/><E99/><V20/><F20/><W0/><G0/><T87/><D6/><N who="1" m="2059" /><E61/><V121/><F10/><W49/><REACH who="3" step="1"/><G77/><REACH who="3" ten="122,524,235,109" step="2"/><T132/><D132/><U96/><E96/><V75/><F75/><W39/><G39/><T62/><D86/><U4/><E84/><V66/><F121/><W102/><G102/><T12/><D87/><U83/><E91/><V74/><F74/><W3/><G3/><T68/><D100/><U69/><E69/><V45/><F107/><W37/><G37/><T71/><D97/><U17/><E81/><V85/><F85/><W33/><G33/><T9/><D68/><U24/><E83/><V48/><F106/><W123/><G123/><T109/><D109/><U105/><E105/><V76/><F76/><W126/><G126/><T14/><D71/><U98/><E98/><V90/><F90/><W79/><G79/><T135/><D135/><U11/><E41/><AGARI ba="1,1" hai="13,16,22,41,47,49,50,54,56,57,60,64,88,89" machi="41" ten="30,12000,2" yaku="1,1,7,1,8,1,54,2,53,1" doraHai="2" doraHaiUra="19" who="3" fromWho="1" sc="122,0,524,-123,235,0,109,133" /><INIT seed="2,0,0,0,4,35" ten="122,401,235,242" oya="2" hai0="121,33,75,78,111,56,19,70,4,37,110,90,39" hai1="44,67,17,114,122,132,91,2,24,25,46,54,31" hai2="10,22,0,93,16,42,119,127,59,6,23,104,5" hai3="18,1,49,38,109,30,124,100,40,126,11,108,81"/><V125/><F104/><W117/><G117/><T101/><D121/><U34/><E114/><V128/><F119/><W71/><G71/><T115/><D115/><U76/><E132/><V52/><F128/><W95/><G38/><T72/><D56/><U60/><E2/><V12/><F42/><W112/><G30/><T106/><D19/><U79/><E122/><V84/><F23/><W53/><G81/><T9/><D33/><U61/><E91/><N who="2" m="53479" /><F6/><N who="3" m="1487" /><G18/><T86/><D70/><U51/><E46/><V131/><F131/><W123/><G40/><T47/><D47/><U8/><E60/><V3/><F3/><W85/><G123/><T65/><D65/><U120/><E120/><V129/><F129/><W89/><G100/><T116/><D116/><U94/><E94/><V57/><F57/><N who="3" m="32943" /><G112/><T63/><D39/><U14/><REACH who="1" step="1"/><E25/><REACH who="1" ten="122,391,235,242" step="2"/><V48/><AGARI ba="0,1" hai="0,5,10,12,16,22,48,52,59,125,127" m="53479" machi="48" ten="30,11700,0" yaku="25,1,52,1,54,2" doraHai="35" who="2" fromWho="2" sc="122,-39,391,-39,235,127,242,-39" /><INIT seed="2,1,0,5,3,5" ten="83,352,362,203" oya="2" hai0="76,36,24,127,130,123,105,38,90,51,108,12,94" hai1="47,8,95,106,113,116,83,54,115,70,80,73,132" hai2="72,57,19,41,52,120,37,53,100,133,114,96,74" hai3="26,1,27,59,112,13,125,68,39,135,85,88,84"/><V93/><F120/><W79/><G68/><T82/><D123/><U9/><E106/><V61/><F114/><W11/><G1/><T56/><D105/><U71/><E95/><V0/><F0/><W55/><G39/><T29/><D108/><U4/><E4/><V23/><F133/><W50/><G125/><T131/><D127/><U119/><E54/><V78/><F78/><W20/><G20/><T63/><D51/><U64/><E47/><V34/><F34/><W33/><G33/><T2/><D2/><U134/><REACH who="1" step="1"/><E73/><REACH who="1" ten="83,342,362,203" step="2"/><V122/><F122/><W40/><G112/><T121/><D121/><U66/><AGARI ba="1,1" hai="8,9,64,66,70,71,80,83,113,115,116,119,132,134" machi="66" ten="25,12000,2" yaku="1,1,2,1,0,1,22,2,52,2,53,0" doraHai="5" doraHaiUra="22" who="1" fromWho="1" sc="83,-31,342,133,362,-61,203,-31" /><INIT seed="3,0,0,4,1,62" ten="52,475,301,172" oya="3" hai0="70,105,20,28,103,32,37,44,30,50,83,59,133" hai1="71,51,58,23,135,106,134,35,2,78,80,125,52" hai2="74,24,120,67,29,15,69,115,114,13,9,76,91" hai3="39,36,41,96,45,129,4,14,86,95,17,87,89"/><W98/><G129/><T113/><D133/><N who="1" m="50699" /><E35/><V25/><F120/><W93/><G36/><T11/><D113/><U90/><E2/><V132/><F132/><W3/><G4/><T84/><D32/><U54/><E71/><V121/><F121/><W75/><G75/><T61/><D37/><U48/><E106/><V53/><F53/><W63/><G63/><T40/><D70/><U73/><E23/><V47/><F47/><W101/><REACH who="3" step="1"/><G3/><REACH who="3" ten="52,475,301,162" step="2"/><T107/><D61/><U128/><E128/><V49/><F114/><W81/><G81/><T16/><D83/><U94/><E73/><V66/><F115/><W55/><G55/><T68/><D40/><U26/><E52/><V56/><F74/><W22/><AGARI ba="0,1" hai="14,17,22,39,41,45,86,87,89,93,95,96,98,101" machi="22" ten="20,3900,0" yaku="1,1,0,1,7,1,53,0" doraHai="62" doraHaiUra="102" who="3" fromWho="3" sc="52,-13,475,-13,301,-13,162,49" /><INIT seed="3,1,0,3,3,8" ten="39,462,288,211" oya="3" hai0="43,51,12,104,112,105,111,11,31,94,67,69,124" hai1="73,33,130,118,68,113,91,60,21,20,86,32,77" hai2="42,126,119,57,25,135,109,90,84,74,120,83,70" hai3="132,107,2,53,64,63,78,131,47,95,35,88,24"/><W81/><G2/><T125/><D111/><U89/><E113/><V45/><F109/><W76/><G107/><T129/><D129/><U17/><E130/><V82/><F119/><W122/><G131/><T65/><D31/><U1/><E1/><V15/><F70/><W30/><G132/><T9/><D112/><U58/><E73/><V61/><F135/><W103/><G103/><T121/><D121/><U13/><E77/><V96/><F126/><N who="0" m="48746" /><D94/><U52/><E68/><V72/><F83/><W128/><G128/><T14/><D43/><U39/><E39/><V56/><F56/><W66/><G66/><N who="0" m="25099" /><D51/><U80/><E118/><V108/><F108/><W79/><G122/><T100/><D69/><U46/><E46/><V0/><F42/><W6/><G47/><T62/><D62/><U123/><E123/><V34/><F45/><W98/><G53/><T40/><D40/><U49/><E60/><V5/><F57/><W71/><REACH who="3" step="1"/><G6/><REACH who="3" ten="39,462,288,201" step="2"/><N who="0" m="3127" /><D100/><U54/><E54/><V27/><F5/><AGARI ba="1,1" hai="5,11,14,104,105" m="3127,25099,48746" machi="5" ten="30,3900,0" yaku="18,1,52,2" doraHai="8" who="0" fromWho="2" sc="39,52,462,0,288,-42,201,0" /><INIT seed="4,0,0,2,4,69" ten="91,462,246,201" oya="0" hai0="114,10,9,108,78,128,30,15,31,112,8,116,18" hai1="83,52,94,35,91,22,53,61,40,2,106,132,73" hai2="14,72,20,16,66,23,60,26,90,25,56,46,19" hai3="126,42,70,27,62,28,131,109,135,47,122,44,129"/><T96/><D78/><U41/><E35/><V54/><F72/><W7/><G7/><T101/><D101/><U55/><E106/><V71/><F90/><W68/><G27/><T65/><D96/><U1/><E132/><V0/><F0/><W86/><G28/><N who="0" m="10795" /><D65/><U63/><E22/><V64/><F71/><W124/><G86/><T79/><D79/><U4/><E4/><V130/><F130/><N who="3" m="49675" /><G122/><T3/><D128/><U57/><E73/><V51/><F14/><W50/><G135/><T48/><D48/><U21/><E21/><V6/><F6/><W125/><G109/><T59/><D59/><N who="1" m="35047" /><E2/><V119/><F119/><W110/><G110/><T100/><D100/><U75/><E1/><V127/><F127/><W76/><G76/><T17/><D108/><U82/><E75/><V33/><F33/><W36/><G62/><T103/><D103/><U134/><E134/><V107/><F107/><W117/><G117/><T89/><D89/><U120/><E83/><V113/><F113/><N who="0" m="43626" /><D116/><U84/><E82/><V87/><F87/><W13/><G13/><N who="0" m="7335" /><D3/><U77/><E77/><V133/><F133/><W5/><G5/><T45/><D9/><U104/><E104/><V81/><F81/><W39/><G50/><T93/><D93/><U58/><E94/><V29/><F29/><W32/><G32/><T49/><D49/><U92/><E92/><V24/><F24/><W37/><G42/><AGARI ba="0,0" hai="16,19,20,23,25,26,42,46,51,54,56,60,64,66" machi="42" ten="30,7700,0" yaku="7,1,9,1,8,1,54,1" doraHai="69" who="2" fromWho="3" sc="91,0,462,0,246,77,201,-77" /><INIT seed="5,0,0,2,2,62" ten="91,462,323,124" oya="1" hai0="21,45,69,72,16,48,128,42,107,49,24,32,115" hai1="129,8,11,113,91,53,30,57,10,94,78,7,19" hai2="105,116,33,79,29,63,12,99,121,111,92,22,46" hai3="17,14,41,119,40,2,74,59,43,34,95,55,37"/><U89/><E113/><V20/><F111/><W73/><G34/><T76/><D107/><U108/><E129/><V6/><F121/><W27/><G2/><T126/><D115/><U81/><E108/><V85/><F105/><W61/><G119/><T44/><D128/><U102/><E30/><V133/><F116/><W54/><G37/><T70/><D126/><U56/><E7/><V39/><F133/><W109/><G109/><T47/><D47/><U90/><E19/><V100/><F33/><W50/><G27/><T51/><D32/><U101/><E94/><V71/><F29/><W5/><G5/><T31/><D31/><U124/><E124/><V103/><F103/><N who="1" m="39433" /><E53/><V9/><F46/><W75/><G95/><T80/><REACH who="0" step="1"/><D49/><REACH who="0" ten="81,462,323,124" step="2"/><U96/><E96/><V13/><F39/><W130/><G130/><T23/><D23/><U83/><E78/><V18/><F22/><W106/><G106/><T60/><D60/><U123/><E123/><V28/><F28/><W134/><G134/><T25/><D25/><U67/><E10/><V117/><F117/><W64/><REACH who="3" step="1"/><G50/><REACH who="3" ten="81,462,323,114" step="2"/><T97/><D97/><U26/><E26/><V1/><F99/><W0/><G0/><T132/><D132/><U104/><E104/><V131/><F131/><W88/><G88/><T127/><D127/><U135/><E90/><V120/><F1/><W112/><G112/><T84/><D84/><U77/><E91/><V38/><F38/><W4/><G4/><T52/><AGARI ba="0,2" hai="16,21,24,42,44,45,48,51,52,69,70,72,76,80" machi="52" ten="20,8000,1" yaku="1,1,0,1,7,1,54,2,53,0" doraHai="62" doraHaiUra="110" who="0" fromWho="0" sc="81,100,462,-40,323,-20,114,-20" /><INIT seed="6,0,0,1,5,36" ten="181,422,303,94" oya="2" hai0="7,49,69,101,98,122,110,6,57,125,3,61,108" hai1="38,100,76,18,116,21,107,83,29,120,17,68,126" hai2="26,0,80,133,40,86,104,52,94,115,66,124,118" hai3="112,51,64,129,88,59,20,123,85,42,135,87,78"/><V92/><F118/><W4/><G123/><T44/><D122/><U95/><E120/><V31/><F104/><W35/><G35/><T2/><D69/><U11/><E107/><V109/><F0/><W41/><G135/><T23/><D125/><U74/><E68/><V54/><F66/><W30/><G4/><T65/><D3/><U102/><E116/><V79/><F133/><W45/><G129/><T89/><D89/><U117/><E117/><V72/><F124/><W63/><G112/><T58/><D58/><U114/><E114/><V70/><F70/><W134/><G134/><T13/><D2/><U22/><E29/><V8/><F115/><W127/><G127/><T130/><D130/><U67/><E38/><V47/><F8/><W111/><G111/><T1/><D1/><U128/><E128/><V27/><F109/><W43/><G78/><T121/><D121/><U99/><E67/><V28/><F72/><W75/><G75/><T62/><D62/><U103/><E11/><V91/><F79/><W15/><G85/><T48/><D48/><U131/><E131/><V113/><F113/><W39/><G39/><T33/><D33/><U96/><E96/><V16/><F28/><W32/><G32/><T34/><D34/><U71/><E71/><V55/><F31/><W119/><G119/><T19/><D110/><U14/><E126/><V12/><F92/><N who="3" m="54303" /><G30/><T97/><D108/><U5/><E5/><N who="0" m="1545" /><D101/><U82/><E82/><V90/><F80/><W53/><G64/><T56/><D56/><U132/><E132/><V50/><F91/><W37/><G37/><RYUUKYOKU ba="0,0" sc="181,0,422,0,303,0,94,0" hai0="13,19,23,44,49,57,61,65,97,98" hai1="14,17,18,21,22,74,76,83,95,99,100,102,103" hai2="12,16,26,27,40,47,50,52,54,55,86,90,94" hai3="15,20,41,42,43,45,51,53,59,63" /><INIT seed="6,1,0,4,0,74" ten="181,422,303,94" oya="2" hai0="43,132,89,21,95,65,59,32,75,13,0,5,131" hai1="36,1,41,106,83,86,87,113,129,80,15,122,51" hai2="46,67,135,99,102,114,109,33,116,108,124,3,19" hai3="34,71,96,62,130,47,16,66,81,20,52,128,53"/><V76/><F116/><W12/><G34/><T35/><D75/><U78/><E106/><V63/><F3/><W23/><G96/><T84/><D43/><U57/><E1/><V24/><F114/><W48/><G53/><T73/><D73/><U111/><E111/><V14/><F46/><W107/><G107/><T60/><D131/><U7/><E129/><V97/><F124/><W127/><G127/><T133/><D0/><U44/><E113/><V123/><F135/><N who="0" m="51786" /><D21/><U68/><E68/><V110/><F123/><W100/><G100/><T37/><D37/><U18/><E7/><V10/><F76/><W25/><REACH who="3" step="1"/><G81/><REACH who="3" ten="181,422,303,84" step="2"/><T38/><D38/><U31/><E80/><V22/><F102/><W56/><G56/><T94/><D94/><U119/><E57/><N who="2" m="37359" /><F33/><W9/><G9/><AGARI ba="1,1" hai="5,9,13,32,35,59,60,65,84,89,95" m="51786" machi="9" ten="30,1000,0" yaku="20,1" doraHai="74" who="0" fromWho="3" sc="181,23,422,0,303,0,84,-13" /><INIT seed="7,0,0,4,3,17" ten="204,422,303,71" oya="3" hai0="108,46,7,30,67,9,39,105,6,88,113,49,54" hai1="124,35,42,12,58,130,37,75,4,15,84,70,122" hai2="116,101,3,131,104,27,91,80,94,40,117,44,72" hai3="112,65,18,38,103,28,89,50,125,21,78,0,71"/><W63/><G112/><T119/><D108/><U135/><E122/><V62/><F3/><W102/><G0/><T31/><D105/><U132/><E75/><V43/><F131/><W64/><G38/><T126/><D119/><U110/><E110/><V97/><F62/><W32/><G125/><T74/><D74/><U60/><E70/><V123/><F123/><W41/><G78/><T120/><D120/><U16/><E35/><V14/><F14/><W11/><G65/><T83/><D126/><U13/><E124/><V115/><F115/><W20/><G32/><T68/><D113/><U87/><E4/><V86/><F27/><W48/><G11/><T8/><D39/><U100/><E100/><N who="3" m="38442" /><G71/><T82/><D68/><U22/><E130/><V10/><F10/><N who="0" m="4202" /><D67/><N who="1" m="39319" /><E42/><N who="2" m="15915" /><F44/><N who="3" m="25615" /><G50/><T47/><D47/><U1/><E37/><V59/><F59/><N who="3" m="36991" /><G28/><N who="0" m="10795" /><D88/><U52/><E1/><V98/><F117/><W53/><G53/><T26/><D26/><U90/><E52/><V76/><F116/><W36/><G36/><T79/><D79/><U2/><E2/><V114/><F114/><W128/><G128/><T69/><D69/><U24/><E24/><V85/><F72/><W109/><G109/><T118/><D118/><U19/><E13/><V99/><F104/><W81/><G18/><T25/><D25/><U129/><E129/><V51/><F51/><W95/><G81/><AGARI ba="0,0" hai="6,7,46,49,54,81,82,83" m="10795,4202" machi="81" ten="30,1000,0" yaku="8,1" doraHai="17" who="0" fromWho="3" sc="204,10,422,0,303,0,71,-10" owari="214,-18.6,422,52.2,303,10.3,61,-43.9" /></mjloggm>