<mjloggm ver="2.3"><GO type="169" lobby="0"/><UN n0="%E3%83%9B%E3%83%B3%E3%82%A4%E3%83%84%E8%B5%A4%EF%BC%93" n1="%E9%95%B7%E5%B1%B1%E5%A4%A7%E6%A8%B9" n2="%E3%83%9F%E3%82%B2%E3%83%BC%E3%83%AB%E6%94%B9" n3="%E8%B5%A4%E7%BE%8E%E6%BF%83%E3%81%BE%E3%81%90%E3%82%8D" dan="16,17,16,16" rate="2130.50,2120.80,2217.92,2147.33" sx="M,M,M,M"/><TAIKYOKU oya="0"/><INIT seed="0,0,0,1,0,126" ten="250,250,250,250" oya="0" hai0="22,1,32,10,62,134,84,107,33,128,21,27,65" hai1="28,86,44,102,52,69,60,74,53,73,26,132,97" hai2="59,109,17,16,104,115,18,55,38,66,48,108,6" hai3="78,12,113,71,100,43,81,92,110,91,39,58,30"/><T61/><D107/><U50/><E132/><V83/><F104/><W36/><G71/><T94/><D134/><U123/><E123/><V14/><F115/><W98/><G113/><T7/><D61/><U76/><E76/><V77/><F66/><W133/><G133/><T47/><D47/><U101/><E86/><V35/><F35/><W130/><G110/><N who="2" m="42601" /><F38/><W5/><G30/><T117/><D21/><U56/><E69/><V15/><F6/><W23/><G43/><T57/><D117/><U105/><REACH who="1" step="1"/><E102/><REACH who="1" ten="250,240,250,250" step="2"/><V41/><F41/><W90/><G100/><T20/><D84/><AGARI ba="0,1" hai="14,15,16,17,18,48,55,59,77,83,84" m="42601" machi="84" ten="30,2000,0" yaku="14,1,54,1" doraHai="126" who="2" fromWho="0" sc="250,-20,240,0,250,30,250,0" /><INIT seed="1,0,0,5,1,89" ten="230,240,280,250" oya="1" hai0="96,73,83,101,74,110,118,123,69,45,44,98,6" hai1="9,24,12,36,64,100,34,109,38,111,76,128,53" hai2="22,0,50,84,119,72,37,120,75,21,71,60,59" hai3="31,134,135,70,18,112,86,92,95,25,106,66,47"/><U40/><E128/><V114/><F120/><W130/><G112/><T113/><D69/><U78/><E64/><V105/><F119/><W108/><G106/><T3/><D118/><U121/><E121/><V54/><F105/><W30/><G130/><T2/><D123/><U27/><E100/><V32/><F32/><W124/><G108/><N who="1" m="41546" /><E53/><V43/><F0/><W33/><G124/><T35/><D35/><U68/><E68/><V58/><F114/><W46/><G31/><T90/><D113/><U127/><E127/><V39/><F71/><W99/><G18/><T79/><D110/><U131/><E131/><V29/><F29/><W51/><G86/><T5/><D73/><U117/><E117/><V55/><F84/><W132/><G99/><T28/><D28/><N who="1" m="19719" /><E27/><V122/><F122/><W80/><G80/><T26/><D26/><U42/><E38/><V107/><F107/><W102/><G102/><T23/><D101/><U81/><E36/><V63/><F50/><W8/><G8/><T62/><D62/><U87/><E76/><V11/><F11/><W56/><G70/><T1/><D23/><U48/><E48/><V41/><AGARI ba="0,0" hai="21,22,37,39,41,43,54,55,58,59,60,63,72,75" machi="41" ten="25,3200,0" yaku="0,1,22,2" doraHai="89" who="2" fromWho="2" sc="230,-8,240,-16,280,32,250,-8" /><INIT seed="2,0,0,3,3,95" ten="222,224,312,242" oya="2" hai0="0,71,96,76,23,68,103,31,91,50,128,44,17" hai1="80,93,119,98,111,49,118,25,109,78,34,105,9" hai2="104,101,83,21,85,28,67,16,19,130,10,90,88" hai3="94,47,102,131,99,41,132,61,121,45,26,36,37"/><V66/><F130/><W2/><G121/><T107/><D0/><U112/><E9/><V110/><F101/><W7/><G131/><T126/><D31/><U59/><E25/><N who="2" m="16431" /><F104/><W3/><G132/><T56/><D76/><U22/><E22/><V18/><F110/><N who="1" m="41993" /><E34/><V60/><F60/><W43/><G7/><T77/><D77/><U64/><E49/><V5/><F90/><W58/><REACH who="3" step="1"/><G26/><REACH who="3" ten="222,224,312,232" step="2"/><T69/><D128/><U97/><E118/><V74/><F74/><W55/><AGARI ba="0,1" hai="2,3,36,37,41,43,45,47,55,58,61,94,99,102" machi="55" ten="20,16000,3" yaku="1,1,2,1,0,1,7,1,9,1,52,1,53,2" doraHai="95" doraHaiUra="40" who="3" fromWho="3" sc="222,-40,224,-40,312,-80,232,170" /><INIT seed="3,0,0,2,5,58" ten="182,184,232,402" oya="3" hai0="54,130,105,34,86,75,40,24,4,88,76,103,92" hai1="114,84,127,13,5,62,94,0,31,61,1,85,20" hai2="128,29,83,96,111,82,38,2,112,72,50,109,43" hai3="81,52,108,71,99,126,12,3,90,100,32,33,122"/><W9/><G122/><T41/><D130/><U39/><E39/><V26/><F112/><W44/><G71/><T22/><D4/><U16/><E114/><V65/><F38/><W110/><G3/><T47/><D34/><U98/><E127/><V67/><F2/><W116/><G116/><T36/><D54/><U107/><E107/><V77/><F128/><W131/><G131/><T125/><D125/><U95/><E31/><V14/><F83/><W18/><G126/><T69/><D69/><U56/><E5/><V57/><F96/><W115/><G115/><T28/><D41/><U124/><E124/><V78/><F78/><W104/><G33/><T89/><D89/><N who="1" m="55663" /><E0/><V53/><F43/><W42/><G32/><T133/><D133/><U129/><E1/><V80/><F80/><W118/><G118/><T37/><D37/><U79/><E79/><V132/><F132/><W97/><G42/><T113/><D113/><U60/><E129/><V45/><F45/><W70/><G70/><T7/><D7/><U63/><E94/><V121/><F14/><W74/><G74/><T55/><D55/><AGARI ba="0,0" hai="13,16,20,55,56,60,61,62,63,84,85" m="55663" machi="55" ten="30,12000,2" yaku="8,1,52,4,54,1" doraHai="58" who="1" fromWho="0" sc="182,-120,184,120,232,0,402,0" /><INIT seed="4,0,0,1,3,120" ten="62,304,232,402" oya="0" hai0="119,0,35,76,103,75,129,99,86,79,68,6,104" hai1="115,38,64,30,82,106,116,123,47,121,95,66,45" hai2="74,22,32,51,52,2,72,46,98,59,80,61,89" hai3="57,19,1,131,73,125,117,11,111,36,20,37,14"/><T62/><D119/><U10/><E106/><V71/><F32/><W109/><G117/><T17/><D129/><U112/><E116/><V81/><F2/><W16/><G73/><T54/><D86/><U27/><E95/><V13/><F71/><W31/><G31/><T122/><D122/><U96/><E96/><V101/><F74/><W130/><G57/><T33/><D17/><U3/><E82/><V92/><F72/><W49/><G49/><T114/><D114/><N who="1" m="43563" /><E10/><V41/><F101/><W43/><G43/><T25/><D79/><U56/><E3/><V8/><REACH who="2" step="1"/><F22/><REACH who="2" ten="62,304,222,402" step="2"/><W102/><G102/><T105/><D105/><U124/><E121/><V94/><F94/><W128/><G1/><T133/><D133/><U126/><E123/><V28/><F28/><W44/><G20/><T7/><D0/><U77/><E30/><V90/><F90/><W91/><G91/><T9/><D9/><U107/><E107/><V55/><F55/><W53/><G53/><T5/><D54/><U26/><E77/><V70/><F70/><W29/><G29/><T118/><D118/><U21/><E21/><V83/><F83/><W63/><G131/><T48/><D25/><U97/><E26/><V85/><F85/><W132/><G130/><T135/><D135/><U12/><E27/><V60/><F60/><W23/><G23/><T84/><D68/><U78/><E78/><V58/><F58/><W67/><G128/><T50/><D62/><U15/><E56/><V110/><F110/><W42/><G132/><T127/><D75/><U34/><E34/><N who="0" m="12809" /><D127/><U4/><E126/><RYUUKYOKU ba="0,1" sc="62,15,304,-15,222,15,402,-15" hai0="5,6,7,48,50,76,84,99,103,104" hai2="8,13,41,46,51,52,59,61,80,81,89,92,98" /><INIT seed="4,1,1,1,0,129" ten="77,289,237,387" oya="0" hai0="56,69,77,12,93,6,64,66,109,65,61,14,49" hai1="22,84,46,97,50,2,117,74,45,116,73,76,0" hai2="32,48,38,60,17,86,55,68,101,25,51,134,126" hai3="104,130,53,31,23,94,3,28,95,103,115,91,30"/><T98/><D109/><U59/><E59/><V133/><F38/><W83/><G3/><T124/><D124/><U96/><E84/><V120/><F120/><W113/><G130/><T47/><D77/><U35/><E22/><V41/><F126/><W26/><G104/><T90/><D69/><U44/><E50/><V10/><F86/><N who="3" m="50655" /><G103/><T118/><D118/><U58/><E58/><V85/><F85/><W114/><G53/><T27/><D27/><U15/><E15/><N who="0" m="5673" /><D6/><U132/><E76/><V62/><F10/><W111/><G111/><T24/><D24/><U80/><E46/><V119/><F119/><W100/><G100/><T33/><D33/><U7/><E7/><V123/><F101/><W108/><G108/><T57/><D57/><U43/><E80/><V18/><F123/><W99/><G99/><T112/><D112/><U63/><E63/><V78/><F78/><W8/><G8/><T92/><D92/><AGARI ba="1,1" hai="23,26,28,30,31,92,94,95,113,114,115" m="50655" machi="92" ten="30,1000,0" yaku="15,1" doraHai="129" who="3" fromWho="0" sc="77,-13,289,0,237,0,387,23" /><INIT seed="5,0,0,1,4,91" ten="64,289,237,410" oya="1" hai0="15,102,79,71,6,84,61,39,131,54,3,80,132" hai1="14,97,36,19,111,65,48,27,101,7,128,104,0" hai2="60,12,126,113,29,78,18,116,121,94,72,124,52" hai3="96,17,134,87,109,92,59,28,10,26,25,76,90"/><U62/><E36/><V50/><F121/><W125/><G109/><T88/><D39/><U37/><E37/><V66/><F116/><W114/><G114/><T118/><D118/><U117/><E117/><V93/><F113/><W63/><G125/><N who="2" m="48233" /><F29/><W23/><G134/><T35/><D132/><U68/><E111/><V46/><F78/><W112/><G112/><T82/><D35/><U43/><E128/><V70/><F72/><W22/><G10/><AGARI ba="0,0" hai="10,12,18,46,50,52,60,66,70,93,94" m="48233" machi="10" ten="30,7700,0" yaku="18,1,52,2,54,1" doraHai="91" who="2" fromWho="3" sc="64,0,289,0,237,77,410,-77" /><INIT seed="6,0,0,2,5,51" ten="64,289,314,333" oya="2" hai0="96,135,43,77,66,62,33,63,54,12,90,84,19" hai1="9,21,99,42,118,70,109,32,93,6,60,14,65" hai2="121,125,79,3,20,17,18,13,129,112,87,47,95" hai3="61,126,0,10,111,97,105,71,91,45,124,130,76"/><V52/><F121/><W50/><G111/><T57/><D33/><U78/><E109/><V67/><F3/><W23/><G76/><T46/><D135/><U56/><E32/><V74/><F74/><W59/><G71/><T122/><D122/><U131/><E131/><V29/><F129/><W36/><G36/><T53/><D77/><U16/><E118/><V58/><F112/><W75/><G75/><T11/><D96/><U5/><E78/><V88/><F125/><W34/><G34/><T133/><D63/><U64/><E42/><V119/><F119/><W8/><G23/><T73/><D73/><U108/><E108/><V120/><F120/><W89/><G130/><T134/><D134/><U132/><E132/><V25/><F79/><W115/><G115/><T44/><D133/><U38/><E38/><V81/><F81/><W30/><G30/><T100/><D100/><U37/><E37/><V114/><F114/><W4/><G10/><T92/><REACH who="0" step="1"/><D44/><REACH who="0" ten="54,289,314,333" step="2"/><U123/><E123/><V26/><F47/><W15/><G97/><T116/><D116/><U103/><E70/><V82/><F67/><W22/><G126/><T110/><D110/><U31/><E65/><V68/><F68/><W128/><G124/><T86/><D86/><U102/><E103/><V117/><F117/><W27/><G128/><T40/><D40/><U2/><E2/><V7/><F82/><W101/><G101/><T98/><D98/><U48/><E48/><AGARI ba="0,1" hai="11,12,19,43,46,48,53,54,57,62,66,84,90,92" machi="48" ten="30,8000,1" yaku="1,1,7,1,8,1,52,2,53,0" doraHai="51" doraHaiUra="24" who="0" fromWho="1" sc="54,90,289,-80,314,0,333,0" /><INIT seed="7,0,0,5,2,130" ten="144,209,314,333" oya="3" hai0="110,35,13,84,32,53,94,126,20,40,108,34,72" hai1="66,59,48,129,64,97,101,68,93,51,134,124,76" hai2="128,104,77,37,115,58,54,120,17,25,121,18,6" hai3="103,91,123,107,61,90,117,26,83,29,127,92,65"/><W9/><G117/><T62/><D72/><U86/><E129/><V70/><F128/><W55/><G123/><N who="2" m="47177" /><F104/><W71/><G127/><T38/><D126/><U122/><E124/><V12/><F70/><W125/><G125/><T116/><D116/><U73/><E68/><V79/><F37/><W41/><G41/><T133/><D38/><U111/><E111/><V78/><F115/><W96/><G83/><T23/><D40/><U69/><E69/><V5/><F25/><W36/><G36/><T56/><D133/><U33/><E33/><V114/><F114/><W98/><G9/><T57/><D57/><U87/><E73/><V118/><F118/><W99/><G55/><T0/><D0/><U2/><E2/><V3/><F3/><W63/><G63/><T42/><D42/><U81/><E134/><V95/><F95/><W82/><G82/><T88/><REACH who="0" step="1"/><D13/><REACH who="0" ten="134,209,314,333" step="2"/><U113/><E113/><V31/><F31/><W49/><G29/><T85/><D85/><N who="1" m="48295" /><E122/><V27/><F27/><W47/><G26/><T39/><D39/><U80/><E87/><V19/><F12/><W109/><G47/><T52/><D52/><N who="1" m="32135" /><E51/><AGARI ba="0,1" hai="5,6,17,18,19,51,54,58,77,78,79" m="47177" machi="51" ten="40,1300,0" yaku="13,1" doraHai="130" who="2" fromWho="1" sc="134,0,209,-13,314,23,333,0" owari="134,-36.6,196,-20.4,337,43.7,333,13.3" /></mjloggm>