<mjloggm ver="2.3"><GO type="169" lobby="0"/><UN n0="%2D%E8%B1%8A%E5%8F%A3%E3%82%81%E3%81%90%E3%81%BF%2D" n1="%43%68%61%72%6F%2E" n2="%E6%84%9B%E3%81%AF%E6%AD%A3%E7%BE%A9" n3="%6B%61%74%65%72%69%6E%61" dan="17,17,16,16" rate="2210.57,2188.66,2111.54,2119.42" sx="F,M,F,M"/><TAIKYOKU oya="0"/><INIT seed="0,0,0,5,3,85" ten="250,250,250,250" oya="0" hai0="129,48,10,96,36,72,23,98,124,16,49,95,86" hai1="120,79,5,45,37,110,19,131,80,41,27,33,118" hai2="91,127,93,123,56,82,115,66,116,57,24,126,103" hai3="73,76,77,18,83,128,29,17,87,22,112,47,34"/><T38/><D72/><U122/><E118/><V14/><F123/><W134/><G112/><T106/><D124/><N who="2" m="47658" /><F115/><W26/><G128/><T113/><D113/><U40/><E131/><V121/><F121/><W65/><G134/><T50/><D129/><U64/><E64/><V43/><F43/><W100/><G100/><T69/><D69/><U75/><E110/><V81/><F103/><W90/><G65/><T9/><D38/><U102/><E102/><V94/><F94/><W42/><G73/><T54/><D36/><U52/><E41/><V125/><F24/><W1/><G1/><T63/><D86/><U130/><E130/><V51/><F116/><W108/><G108/><T4/><D106/><U104/><E104/><V20/><F125/><W117/><G117/><T2/><D10/><U28/><E19/><N who="2" m="10359" /><F51/><W114/><G114/><T78/><D78/><U11/><REACH who="1" step="1"/><E52/><REACH who="1" ten="250,240,250,250" step="2"/><V101/><F101/><W133/><G18/><T132/><D132/><U70/><E70/><V53/><F66/><W88/><G133/><T99/><D63/><U97/><E97/><N who="2" m="57535" /><F53/><W7/><G7/><T32/><D54/><U105/><E105/><V13/><F13/><AGARI ba="0,1" hai="5,11,13,27,28,33,37,40,45,75,79,80,120,122" machi="13" ten="30,2000,0" yaku="1,1,7,1,53,0" doraHai="85" doraHaiUra="92" who="1" fromWho="2" sc="250,0,240,30,250,-20,250,0" /><INIT seed="1,0,0,2,3,109" ten="250,270,230,250" oya="1" hai0="83,124,94,51,47,12,45,88,74,13,43,110,14" hai1="117,57,30,123,28,99,37,42,17,89,120,129,69" hai2="3,98,86,107,31,7,0,34,76,75,53,116,60" hai3="15,29,19,92,64,82,84,10,59,23,78,18,49"/><U21/><E69/><V132/><F116/><W97/><G29/><T112/><D110/><U122/><E117/><V35/><F132/><W32/><G32/><T61/><D124/><U16/><E129/><V58/><F75/><W5/><G64/><T9/><D112/><U72/><E72/><V108/><F108/><W105/><G105/><T33/><D33/><U11/><E11/><V131/><F131/><W111/><G111/><T67/><D47/><U41/><E17/><V65/><F7/><W121/><G121/><T77/><D9/><U4/><E4/><V44/><F35/><W119/><G119/><T40/><D40/><U81/><E42/><V55/><F55/><W134/><G134/><T128/><D128/><U48/><E37/><V102/><F76/><W54/><REACH who="3" step="1"/><G23/><REACH who="3" ten="250,270,230,240" step="2"/><T8/><D8/><U66/><E66/><V39/><F31/><W62/><G62/><T90/><REACH who="0" step="1"/><D94/><REACH who="0" ten="240,270,230,240" step="2"/><U106/><E106/><V22/><F34/><W68/><G68/><AGARI ba="0,2" hai="12,13,14,43,45,51,61,67,68,74,77,83,88,90" machi="68" ten="40,5200,0" yaku="1,1,2,1,54,1,53,0" doraHai="109" doraHaiUra="52" who="0" fromWho="3" sc="240,72,270,0,230,0,240,-52" /><INIT seed="2,0,0,4,3,90" ten="312,270,230,188" oya="2" hai0="134,52,131,71,65,8,107,14,66,44,50,82,125" hai1="23,45,126,98,89,118,60,48,101,12,46,61,54" hai2="77,80,63,29,43,122,67,69,32,75,68,7,83" hai3="115,111,73,36,76,34,17,105,88,128,11,20,129"/><V25/><F122/><W86/><G36/><T121/><D121/><U99/><E118/><V3/><F83/><N who="3" m="45455" /><G34/><T51/><D125/><U81/><E126/><V6/><F6/><W49/><G105/><T93/><D107/><U104/><E45/><V92/><F43/><W78/><G78/><T40/><D134/><U1/><E1/><V72/><F92/><N who="3" m="54295" /><G49/><T112/><D131/><N who="3" m="50249" /><G111/><T127/><D127/><U31/><E81/><V58/><F75/><W26/><G11/><T94/><D82/><U106/><E106/><V120/><F120/><W119/><G119/><T42/><D112/><AGARI ba="0,0" hai="17,20,26,112,115" m="50249,54295,45455" machi="112" ten="30,3900,0" yaku="19,1,52,1,54,1" doraHai="90" who="3" fromWho="0" sc="312,-39,270,0,230,0,188,39" /><INIT seed="3,0,0,1,4,116" ten="273,270,230,227" oya="3" hai0="126,17,47,85,54,13,98,48,67,131,71,118,63" hai1="42,24,133,69,100,92,65,18,104,33,62,28,115" hai2="36,132,0,82,31,55,23,97,14,29,106,3,41" hai3="30,73,60,123,1,94,59,112,26,75,83,12,103"/><W43/><G112/><T113/><D118/><U110/><E115/><V4/><F132/><W61/><G1/><T57/><D113/><U102/><E133/><V40/><F36/><W119/><G119/><T27/><D126/><U87/><E110/><V66/><F66/><W10/><G43/><T52/><D131/><U77/><E42/><V44/><F82/><W50/><G50/><T35/><D98/><U89/><E77/><V120/><F120/><W78/><G123/><T122/><D122/><U105/><E100/><V117/><F117/><W45/><G45/><T39/><D85/><U11/><E18/><V20/><F106/><W129/><G129/><T58/><D39/><U9/><REACH who="1" step="1"/><E105/><REACH who="1" ten="273,260,230,227" step="2"/><V96/><F41/><W101/><G101/><T125/><D125/><U114/><E114/><V99/><F40/><W127/><G127/><T34/><D27/><U68/><E68/><V86/><F29/><W19/><G26/><T7/><D7/><U135/><E135/><V134/><F31/><W93/><G30/><T80/><D71/><U74/><E74/><V46/><F4/><W108/><G108/><T37/><D37/><U38/><E38/><V128/><F134/><W5/><G5/><T79/><D79/><U21/><E21/><V109/><F128/><W95/><G75/><T88/><D17/><U70/><E70/><V90/><F109/><W130/><G130/><T51/><D13/><U49/><E49/><V72/><F72/><W6/><G6/><T16/><D16/><U91/><E91/><V32/><F90/><W8/><G73/><T15/><D15/><RYUUKYOKU ba="0,1" sc="273,15,260,15,230,-15,227,-15" hai0="34,35,47,48,51,52,54,57,58,63,67,80,88" hai1="9,11,24,28,33,62,65,69,87,89,92,102,104" /><INIT seed="4,1,1,1,3,8" ten="288,275,215,212" oya="0" hai0="19,20,132,93,11,42,100,15,38,76,79,62,36" hai1="119,129,66,10,86,22,85,2,39,40,9,91,48" hai2="4,28,21,70,12,128,6,84,135,75,131,101,49" hai3="17,125,73,95,78,122,13,34,43,104,26,80,97"/><T106/><D106/><U94/><E119/><V27/><F75/><W74/><G104/><T37/><D132/><U32/><E32/><V103/><F70/><W18/><G125/><T127/><D127/><U115/><E39/><V47/><F135/><W14/><G122/><T7/><D42/><U112/><E129/><N who="2" m="49739" /><F84/><W116/><G116/><T65/><D93/><U24/><E66/><V56/><F56/><W50/><G74/><T25/><REACH who="0" step="1"/><D100/><REACH who="0" ten="278,275,215,212" step="2"/><U63/><E40/><N who="2" m="24807" /><F103/><W35/><G43/><T92/><D92/><U89/><E94/><V69/><F101/><W110/><G95/><T0/><D0/><U123/><E2/><V72/><F72/><W61/><G73/><T52/><D52/><U1/><E1/><V133/><F133/><W3/><G3/><T46/><D46/><U83/><E123/><V64/><F64/><W30/><G97/><T96/><D96/><U107/><E107/><V67/><F67/><W23/><G80/><T108/><D108/><U77/><E83/><V118/><F118/><W41/><G110/><T81/><D81/><U90/><E86/><V16/><F69/><AGARI ba="1,2" hai="7,11,15,19,20,25,36,37,38,62,65,69,76,79" machi="69" ten="40,3900,0" yaku="1,1,52,1,53,0" doraHai="8" doraHaiUra="87" who="0" fromWho="2" sc="278,62,275,0,215,-42,212,0" /><INIT seed="4,2,0,1,5,53" ten="340,275,173,212" oya="0" hai0="103,11,19,36,54,114,38,94,104,115,131,23,52" hai1="13,102,77,6,92,27,37,110,9,48,67,87,117" hai2="79,89,73,98,59,125,83,63,122,127,2,47,93" hai3="69,49,109,58,41,74,24,86,64,42,116,16,99"/><T135/><D104/><U28/><E110/><V55/><F122/><W80/><G109/><T100/><D11/><U88/><E37/><V17/><F2/><W118/><G74/><T0/><D0/><U30/><E117/><V1/><F1/><W57/><G116/><T113/><D131/><U14/><E67/><V32/><F32/><W120/><G120/><T25/><D135/><U108/><E108/><V107/><F47/><W95/><G69/><T22/><D22/><U60/><E60/><V40/><F40/><N who="3" m="15467" /><G49/><T119/><D119/><U78/><E102/><N who="0" m="38953" /><D94/><U106/><E106/><V20/><REACH who="2" step="1"/><F107/><REACH who="2" ten="340,275,163,212" step="2"/><W3/><G3/><T50/><D54/><U132/><E132/><V129/><F129/><W133/><G133/><T76/><D76/><U130/><E130/><V111/><F111/><W34/><G34/><T12/><D12/><AGARI ba="2,1" hai="12,17,20,55,59,63,73,79,83,89,93,98,125,127" machi="12" ten="40,5200,0" yaku="1,1,52,1,53,1" doraHai="53" doraHaiUra="10" who="2" fromWho="0" sc="340,-58,275,0,163,68,212,0" /><INIT seed="5,0,0,4,4,82" ten="282,275,231,212" oya="1" hai0="21,68,44,100,63,34,46,74,93,67,70,45,66" hai1="107,61,104,36,106,101,54,55,9,112,131,87,94" hai2="89,122,15,121,95,13,119,40,11,79,77,116,5" hai3="83,7,30,39,92,23,135,110,78,96,57,19,90"/><U65/><E36/><V24/><F40/><W35/><G110/><T115/><D34/><U127/><E127/><V22/><F15/><W16/><G39/><T132/><D74/><U130/><E112/><V76/><F121/><W2/><G135/><T71/><D115/><U60/><E9/><V6/><F122/><W120/><G120/><T33/><D33/><U37/><E37/><V73/><F6/><W97/><G35/><T69/><D21/><U99/><E87/><V53/><F53/><W52/><G96/><T102/><D93/><U126/><E126/><V108/><F108/><W18/><G7/><T133/><REACH who="0" step="1"/><D66/><REACH who="0" ten="272,275,231,212" step="2"/><U128/><REACH who="1" step="1"/><E60/><REACH who="1" ten="272,265,231,212" step="2"/><V38/><F73/><W91/><G83/><T42/><D42/><U27/><E27/><V58/><F24/><W62/><G62/><T0/><D0/><U4/><E4/><V50/><F5/><W51/><G2/><T47/><N who="0" m="11264" /><DORA hai="111" /><T124/><D124/><U103/><E103/><AGARI ba="0,2" hai="63,67,68,69,70,71,100,102,103,132,133" m="11264" machi="103" ten="60,8000,1" yaku="1,1,53,3" doraHai="82,111" doraHaiUra="98,80" who="0" fromWho="1" sc="272,100,265,-80,231,0,212,0" /><INIT seed="6,0,0,4,2,20" ten="372,185,231,212" oya="2" hai0="118,12,33,28,129,109,131,62,48,16,26,50,77" hai1="76,113,59,97,90,45,135,58,86,84,60,6,10" hai2="114,42,51,72,126,21,32,122,71,9,105,123,95" hai3="87,103,15,124,80,93,43,41,11,134,23,29,47"/><V111/><F105/><W64/><G134/><T89/><D109/><U132/><E113/><V74/><F32/><W67/><G124/><T99/><D77/><U2/><E45/><V54/><F42/><W22/><G43/><T37/><D37/><U7/><E97/><V40/><F40/><W130/><G130/><N who="0" m="49675" /><D62/><U81/><E7/><V5/><F111/><W106/><G106/><T119/><D89/><U112/><E112/><V17/><F71/><W39/><G23/><N who="0" m="11655" /><D99/><U78/><E59/><V116/><F114/><W69/><G69/><T30/><D30/><U102/><E102/><V61/><F61/><W35/><G67/><T56/><D56/><U120/><E120/><V100/><F126/><W49/><G64/><T65/><D65/><U88/><E135/><V19/><F123/><W75/><G75/><T53/><D53/><U73/><E132/><V1/><F122/><W98/><G39/><T94/><D94/><U115/><E115/><V44/><F116/><AGARI ba="0,0" hai="26,28,33,48,50,116,118,119" m="11655,49675" machi="116" ten="30,7700,0" yaku="12,1,19,1,52,1,54,1" doraHai="20" who="0" fromWho="2" sc="372,77,185,0,231,-77,212,0" /><INIT seed="7,0,0,5,1,121" ten="449,185,154,212" oya="3" hai0="96,8,108,104,122,94,28,48,86,132,64,3,19" hai1="76,47,114,126,22,33,81,25,45,116,23,27,15" hai2="7,63,128,73,12,40,65,120,32,110,36,77,85" hai3="67,102,74,13,43,59,49,54,75,84,92,11,119"/><W56/><G119/><T105/><D108/><U109/><E109/><V10/><F120/><W9/><G43/><T106/><D28/><U31/><E116/><V118/><F118/><W14/><G67/><T127/><D127/><U125/><E114/><V53/><F128/><W95/><G84/><T89/><D132/><U71/><E71/><V0/><F53/><W72/><G102/><T130/><D130/><U100/><E100/><V123/><F123/><W46/><G46/><T98/><D48/><U58/><E58/><V18/><F85/><W88/><G92/><T55/><D55/><U2/><E2/><V113/><F113/><W35/><G35/><T97/><D3/><U38/><E15/><V87/><F87/><W51/><G75/><T70/><D122/><U37/><E33/><V115/><F115/><W78/><G78/><T83/><D70/><U5/><E5/><V103/><F103/><W60/><G54/><T68/><D68/><U129/><E129/><V42/><F42/><W20/><G95/><T69/><D69/><U44/><E81/><V16/><F32/><W61/><G20/><T117/><D117/><U79/><E45/><V93/><F93/><W17/><G88/><N who="0" m="51295" /><D64/><U39/><E39/><V99/><F110/><W66/><G66/><T50/><D50/><U134/><E134/><V107/><F0/><W111/><G111/><T133/><D133/><U24/><E24/><V135/><F135/><W101/><G101/><T30/><D89/><U62/><E62/><V6/><F36/><W41/><G41/><T34/><D94/><U131/><E131/><RYUUKYOKU ba="0,0" sc="449,-15,185,15,154,-15,212,15" hai1="22,23,25,27,31,37,38,44,47,76,79,125,126" hai3="9,11,13,14,17,49,51,56,59,60,61,72,74" /><INIT seed="7,1,0,0,0,83" ten="434,200,139,227" oya="3" hai0="131,46,3,63,30,5,72,103,116,135,113,64,32" hai1="15,70,112,23,6,39,94,129,101,45,29,81,43" hai2="109,69,98,60,21,76,12,38,13,58,132,91,128" hai3="18,99,36,9,118,24,95,68,80,130,11,125,14"/><W31/><G118/><T92/><D72/><U37/><E70/><V20/><F109/><W7/><G68/><T33/><D46/><U19/><E112/><V67/><F128/><W108/><G130/><T77/><D77/><U41/><E129/><V106/><F132/><W86/><G36/><T102/><D5/><U82/><E29/><V117/><F117/><W133/><G133/><T104/><D3/><U53/><E6/><V51/><F38/><W110/><G125/><T79/><D79/><U90/><E101/><V2/><F2/><W26/><G95/><T122/><D122/><U121/><E121/><V89/><F76/><N who="3" m="46343" /><G99/><T56/><D92/><U28/><E28/><V75/><F75/><W71/><G31/><T52/><D30/><U74/><E74/><V59/><F69/><W25/><G71/><T111/><D131/><U49/><E39/><V126/><F126/><W17/><G11/><T10/><D10/><U84/><E41/><V47/><F106/><W97/><G97/><T22/><D135/><U65/><E65/><V120/><F120/><W35/><G35/><T61/><D116/><U4/><E4/><V62/><F98/><W105/><G105/><T93/><D93/><U44/><AGARI ba="1,0" hai="15,19,23,37,43,44,45,49,53,81,82,84,90,94" machi="44" ten="20,2700,0" yaku="0,1,7,1,52,1" doraHai="83" who="1" fromWho="1" sc="434,-8,200,30,139,-8,227,-14" owari="426,52.6,230,3.0,131,-36.9,213,-18.7" /></mjloggm>