<mjloggm ver="2.3"><GO type="169" lobby="0"/><UN n0="%E3%81%9A%E3%82%93%E3%81%9A%E3%82%93%E3%80%82" n1="%E3%82%A2%E3%83%B3%E3%83%88%E3%83%AC%E3%83%BC%E3%82%B9" n2="%41%6C%6C%2D%4C%75%63%6B" n3="%E3%81%8B%E3%82%81%E3%81%98%E3%82%8D%E3%81%86" dan="17,16,16,16" rate="2138.58,2065.54,2121.06,2138.21" sx="M,M,M,M"/><TAIKYOKU oya="0"/><INIT seed="0,0,0,2,2,79" ten="250,250,250,250" oya="0" hai0="78,104,61,75,118,34,44,97,7,48,59,51,28" hai1="122,91,107,94,50,4,76,43,6,23,88,1,128" hai2="126,24,127,116,102,83,98,99,35,113,20,73,109" hai3="131,111,72,18,54,63,0,67,21,77,121,117,29"/><T8/><D118/><U22/><E107/><V103/><F35/><W42/><G117/><T39/><D34/><U87/><E122/><V132/><F116/><W10/><G121/><T129/><D28/><U123/><E123/><V57/><F113/><W19/><G131/><T41/><D129/><U71/><E71/><V108/><F57/><W49/><G111/><N who="2" m="42569" /><F132/><W82/><G42/><T27/><D27/><U134/><E76/><N who="2" m="44431" /><F20/><W11/><G29/><T33/><D97/><N who="2" m="36874" /><F24/><W69/><G0/><N who="0" m="103" /><D104/><U13/><E134/><V16/><F16/><W56/><REACH who="3" step="1"/><G18/><REACH who="3" ten="250,250,250,240" step="2"/><T89/><D33/><U17/><E128/><V45/><F45/><W74/><G74/><T52/><D89/><U70/><E1/><V90/><F90/><W12/><AGARI ba="0,1" hai="10,11,12,19,21,49,54,56,63,67,69,72,77,82" machi="12" ten="20,5200,0" yaku="1,1,0,1,7,1,52,1,53,0" doraHai="79" doraHaiUra="95" who="3" fromWho="3" sc="250,-26,250,-13,250,-13,240,62" /><INIT seed="1,0,0,2,3,11" ten="224,237,237,302" oya="1" hai0="5,92,104,83,85,19,48,112,16,52,24,54,111" hai1="7,97,51,113,105,23,133,135,27,114,30,32,22" hai2="41,8,65,56,35,61,70,75,47,62,45,71,90" hai3="38,3,17,81,43,91,134,115,12,69,84,40,121"/><U95/><E105/><V67/><F35/><W94/><G121/><T58/><D104/><U129/><E51/><N who="2" m="27055" /><F8/><W131/><G115/><T96/><D112/><N who="1" m="43115" /><E95/><V124/><F75/><W44/><G69/><N who="2" m="26121" /><F90/><W86/><G134/><N who="1" m="51210" /><E97/><V49/><F124/><W39/><G3/><T132/><D5/><U10/><E129/><V46/><F49/><W98/><G131/><T87/><D111/><U126/><E126/><V20/><F20/><W26/><G26/><T99/><D132/><U127/><E127/><V15/><F15/><AGARI ba="0,0" hai="7,10,15,22,23,27,30,32" m="51210,43115" machi="15" ten="30,11600,0" yaku="20,1,34,2,52,1" doraHai="11" who="1" fromWho="2" sc="224,0,237,116,237,-116,302,0" /><INIT seed="1,1,0,5,2,61" ten="224,353,121,302" oya="1" hai0="94,126,60,1,120,16,82,46,110,13,10,77,49" hai1="102,107,53,70,4,31,47,7,54,64,116,98,108" hai2="75,92,113,87,50,56,79,114,81,11,109,78,66" hai3="42,2,27,122,57,128,73,39,59,26,32,22,34"/><U105/><E116/><V101/><F109/><W62/><G122/><T84/><D110/><U3/><E108/><V83/><F11/><W55/><G2/><T44/><D126/><U134/><E107/><V93/><F50/><W119/><G119/><T8/><D120/><U89/><E134/><V133/><F133/><W9/><G73/><T104/><D104/><U88/><E31/><V130/><F130/><W117/><G117/><T132/><D132/><U51/><E54/><V5/><F5/><W74/><G74/><T37/><D1/><U86/><E3/><V33/><F33/><W63/><G128/><T135/><D135/><U112/><E89/><V28/><F28/><W43/><G9/><T65/><D94/><U129/><E112/><N who="2" m="43115" /><F101/><W100/><G100/><T58/><D37/><U90/><E90/><V106/><F106/><W103/><G103/><T115/><D115/><U125/><E125/><V97/><F97/><W20/><G55/><T72/><D72/><U95/><REACH who="1" step="1"/><E129/><REACH who="1" ten="224,343,121,302" step="2"/><V71/><F71/><W124/><G124/><T24/><D24/><U38/><E38/><AGARI ba="1,1" hai="20,22,26,27,32,34,38,39,42,43,57,59,62,63" machi="38" ten="25,1600,0" yaku="22,2" doraHai="61" who="3" fromWho="1" sc="224,0,343,-19,121,0,302,29" /><INIT seed="2,0,0,5,4,121" ten="224,324,121,331" oya="2" hai0="26,124,109,22,67,115,3,61,127,6,63,74,96" hai1="128,81,0,25,120,11,114,19,58,69,13,16,40" hai2="51,34,39,84,12,83,68,53,88,60,43,132,42" hai3="105,112,29,9,14,20,56,49,5,111,15,45,33"/><V119/><F34/><W89/><G105/><T103/><D74/><U108/><E69/><V102/><F119/><W125/><G125/><N who="0" m="48203" /><D115/><U78/><E114/><V101/><F132/><W90/><G112/><T116/><D116/><U134/><E134/><V27/><F27/><W135/><G135/><T91/><D91/><U126/><E126/><V87/><F39/><W46/><G33/><T100/><D109/><U52/><E128/><V95/><F68/><W37/><G111/><T28/><D67/><U80/><E108/><V79/><F12/><W7/><G56/><T71/><D71/><U38/><E0/><V59/><REACH who="2" step="1"/><F60/><REACH who="2" ten="224,324,111,331" step="2"/><N who="0" m="23114" /><D96/><U18/><E25/><V31/><F31/><W131/><G29/><T73/><D73/><U1/><E1/><V4/><F4/><W107/><G7/><T21/><D21/><U66/><E38/><V117/><F117/><W10/><G20/><T110/><D110/><U129/><E120/><V76/><F76/><W47/><G37/><T113/><D113/><U24/><E24/><V23/><F23/><W32/><G32/><T77/><D77/><U97/><E78/><V104/><F104/><W17/><G107/><T57/><D6/><U54/><E129/><V99/><F99/><W122/><G131/><T93/><D3/><U50/><E97/><V130/><F130/><W98/><G122/><T48/><D22/><U36/><E36/><V106/><F106/><W75/><G75/><T44/><D28/><U118/><E118/><V64/><F64/><W2/><G2/><T133/><D133/><U55/><E66/><V123/><F123/><RYUUKYOKU ba="0,1" sc="224,-10,324,-10,111,30,331,-10" hai2="42,43,51,53,59,79,83,84,87,88,95,101,102" /><INIT seed="2,1,1,2,1,31" ten="214,314,141,321" oya="2" hai0="36,54,10,124,130,1,96,116,135,25,55,61,24" hai1="101,66,103,15,68,29,110,18,30,90,122,56,83" hai2="6,118,5,123,85,71,65,40,7,109,16,120,133" hai3="114,72,91,20,86,42,104,52,44,35,27,50,14"/><V48/><F118/><W76/><G104/><T111/><D36/><U108/><E68/><V117/><F117/><W28/><G114/><T32/><D116/><U106/><E122/><V38/><F38/><W58/><G72/><T70/><D70/><U62/><E106/><V128/><F128/><W134/><G76/><T113/><D113/><U47/><E47/><V87/><F133/><W125/><G125/><T78/><D78/><U34/><E101/><V80/><F109/><N who="1" m="42089" /><E103/><V17/><F87/><W119/><G119/><T2/><D61/><U9/><E34/><V129/><F129/><W13/><G134/><T45/><D32/><U12/><E15/><V88/><F65/><W4/><G4/><T79/><D45/><U112/><E112/><V95/><F71/><W22/><G14/><T26/><D79/><U67/><E67/><V73/><F73/><W63/><G13/><T75/><D75/><U60/><E60/><V64/><F64/><W11/><G11/><T49/><D10/><U8/><E8/><V131/><F131/><W126/><G126/><T127/><D130/><U74/><E74/><V105/><F105/><W69/><G69/><T94/><D135/><U81/><E81/><AGARI ba="1,1" hai="20,22,27,28,35,42,44,50,52,58,63,81,86,91" machi="81" ten="30,3900,0" yaku="7,1,52,1,54,1" doraHai="31" who="3" fromWho="1" sc="214,0,314,-42,141,0,321,52" /><INIT seed="3,0,0,1,4,103" ten="214,272,141,373" oya="3" hai0="39,41,86,4,69,125,85,45,93,129,42,22,82" hai1="64,59,116,1,48,81,80,0,114,72,79,83,5" hai2="96,88,109,92,52,74,35,28,61,123,55,11,95" hai3="12,19,40,25,43,65,21,62,105,107,24,53,75"/><W73/><G75/><T89/><D69/><U17/><E114/><V112/><F74/><W104/><G73/><T68/><D68/><U101/><E116/><V120/><F109/><W84/><G53/><T10/><D129/><U18/><E101/><V87/><F112/><W50/><G84/><T9/><D125/><U56/><E72/><V111/><F111/><W36/><G36/><T49/><D22/><U67/><E5/><V121/><F61/><W20/><G50/><T13/><D10/><U90/><E90/><N who="2" m="55319" /><F11/><W115/><G115/><T135/><D135/><U77/><E83/><V130/><F130/><W126/><G126/><T30/><D30/><U122/><REACH who="1" step="1"/><E48/><REACH who="1" ten="214,262,141,373" step="2"/><V124/><F124/><W16/><REACH who="3" step="1"/><G12/><REACH who="3" ten="214,262,141,363" step="2"/><T3/><D39/><U100/><E100/><V51/><F51/><W32/><G32/><T54/><REACH who="0" step="1"/><D3/><REACH who="0" ten="204,262,141,363" step="2"/><U66/><E66/><V44/><F44/><W58/><AGARI ba="0,3" hai="16,19,20,21,24,25,40,43,58,62,65,104,105,107" machi="58" ten="30,18000,2" yaku="1,1,0,1,9,1,52,3,54,1,53,0" doraHai="103" doraHaiUra="98" who="3" fromWho="3" sc="204,-60,262,-60,141,-60,363,210" /><INIT seed="3,1,0,2,4,36" ten="144,202,81,573" oya="3" hai0="41,95,70,11,119,90,35,49,101,91,29,73,109" hai1="96,113,108,127,76,116,14,131,78,97,85,126,50" hai2="114,67,102,92,94,62,52,120,123,66,112,83,72" hai3="125,23,24,37,27,81,88,48,59,71,87,133,77"/><W12/><G71/><T129/><D70/><U118/><E50/><V21/><F21/><W51/><G37/><T18/><D73/><U17/><E14/><V22/><F22/><W19/><G125/><N who="1" m="47626" /><E17/><V104/><F104/><W5/><G133/><T135/><D119/><N who="1" m="45611" /><E113/><N who="2" m="43627" /><F72/><W26/><G5/><T20/><D35/><U63/><E63/><V64/><F83/><W56/><G77/><N who="1" m="29802" /><E108/><V45/><F102/><W58/><AGARI ba="1,0" hai="12,19,23,24,26,27,48,51,56,58,59,81,87,88" machi="58" ten="30,6000,0" yaku="0,1,8,1,54,1" doraHai="36" who="3" fromWho="3" sc="144,-21,202,-21,81,-21,573,63" /><INIT seed="3,2,0,4,4,87" ten="123,181,60,636" oya="3" hai0="73,44,70,40,131,98,129,125,96,76,27,93,4" hai1="92,37,54,25,55,75,33,123,65,23,101,84,106" hai2="88,128,91,16,69,80,109,81,52,127,78,29,111" hai3="110,68,107,42,10,134,115,22,116,58,32,34,28"/><W102/><G58/><T14/><D70/><U43/><E75/><V67/><F29/><W6/><G42/><T1/><D125/><U48/><E123/><V95/><F127/><W51/><G51/><T132/><D132/><U112/><E112/><V85/><F128/><N who="0" m="49226" /><D27/><U41/><E33/><N who="3" m="12906" /><G68/><T49/><D1/><U121/><E121/><V53/><F69/><W46/><G102/><T13/><D4/><U20/><E106/><V60/><F67/><W104/><G46/><T0/><D0/><U59/><E20/><V103/><F103/><W72/><G22/><T15/><D93/><U61/><E37/><V135/><F135/><W90/><G134/><T47/><D44/><U57/><E54/><V35/><F35/><W114/><G28/><T38/><D38/><U63/><E61/><V118/><F118/><W56/><G56/><T99/><D76/><U50/><E50/><V9/><F60/><W36/><G36/><T108/><D73/><U8/><E8/><V3/><F3/><W64/><G64/><T130/><N who="0" m="49234" /><T24/><DORA hai="126" /><D24/><U45/><E45/><V119/><F119/><W66/><G72/><T82/><D82/><U19/><E101/><V30/><F30/><W89/><G116/><T17/><D108/><N who="2" m="41546" /><F78/><W71/><G110/><T94/><D94/><U117/><E117/><V113/><F80/><W62/><G107/><T26/><D26/><U122/><E122/><V31/><F31/><W133/><G104/><T79/><D79/><U97/><E97/><N who="0" m="24833" /><T5/><DORA hai="105" /><D5/><U120/><E120/><V100/><F100/><W21/><G6/><RYUUKYOKU ba="2,0" sc="123,15,181,15,60,-15,636,-15" hai0="13,14,15,17,40,47,49" hai1="19,23,25,41,43,48,55,57,59,63,65,84,92" /><INIT seed="4,3,0,1,3,15" ten="138,196,45,621" oya="0" hai0="47,98,40,97,121,74,81,50,19,126,87,44,100" hai1="61,130,26,92,13,2,124,96,76,105,125,72,36" hai2="110,115,23,128,30,16,93,21,38,127,120,4,112" hai3="3,59,82,39,42,129,69,58,90,103,64,60,78"/><T8/><D121/><U132/><E36/><V122/><F38/><W67/><G3/><T54/><D74/><U34/><E2/><V49/><F110/><W109/><G109/><T33/><D33/><U10/><E105/><V5/><F93/><W25/><G103/><T17/><D126/><N who="1" m="48747" /><E130/><V104/><F104/><W114/><G90/><T131/><D131/><U14/><E132/><V46/><F128/><W24/><G114/><N who="2" m="43561" /><F127/><W133/><G133/><T88/><D8/><U12/><E61/><V111/><F111/><W51/><G129/><T37/><D98/><U28/><E76/><V65/><F65/><W52/><G67/><T32/><D32/><U63/><E63/><V94/><F94/><AGARI ba="3,0" hai="17,19,37,40,44,47,50,54,81,87,88,94,97,100" machi="94" ten="30,11600,0" yaku="7,1,52,2,54,1" doraHai="15" who="0" fromWho="2" sc="138,125,196,0,45,-125,621,0" owari="263,6.3,196,-20.4,-80,-58.0,621,72.1" /></mjloggm>