<mjloggm ver="2.3"><GO type="225" lobby="0"/><UN n0="%E6%A1%9C%E8%8A%B1%E9%96%83%E3%80%85" n1="%E3%81%BF%E3%81%BF%E3%81%9A" n2="%E3%81%82%E3%81%97%E3%82%85%E3%82%8A%E3%82%93" n3="%E6%9C%88%E5%B3%B6%E5%9F%BA" dan="16,17,16,17" rate="2201.01,2224.99,2128.01,2212.22" sx="M,M,M,M"/><TAIKYOKU oya="0"/><INIT seed="0,0,0,5,1,82" ten="250,250,250,250" oya="0" hai0="29,61,134,96,46,48,13,95,31,78,116,121,100" hai1="56,3,128,83,75,89,1,111,81,105,103,91,39" hai2="9,0,47,123,69,122,77,68,135,132,98,40,127" hai3="84,52,11,67,20,7,94,12,80,16,54,66,34"/><T63/><D116/><U129/><E39/><N who="2" m="21919" /><F98/><W19/><G34/><T97/><D121/><N who="2" m="46090" /><F77/><N who="3" m="46095" /><G94/><N who="0" m="58391" /><D134/><N who="2" m="51242" /><F127/><W90/><G90/><N who="0" m="55543" /><D78/><U104/><E103/><V92/><F92/><W108/><G108/><T101/><D101/><U45/><E111/><V112/><F112/><W6/><G19/><T22/><D13/><U117/><E117/><V88/><F88/><W24/><G7/><AGARI ba="0,0" hai="0,7,9,68,69" m="51242,46090,21919" machi="7" ten="30,2000,0" yaku="20,1,23,1" doraHai="82" who="2" fromWho="3" sc="250,0,250,0,250,20,250,-20" /><INIT seed="1,0,0,1,2,6" ten="250,250,270,230" oya="1" hai0="39,124,4,78,47,134,15,133,106,123,116,61,120" hai1="96,127,50,109,104,65,129,88,2,84,51,70,93" hai2="64,69,71,13,11,90,121,108,113,126,9,16,91" hai3="37,130,95,60,20,53,55,72,58,100,21,75,12"/><U33/><E2/><V115/><F121/><N who="0" m="46666" /><D106/><U68/><E127/><V35/><F108/><W82/><G37/><T19/><D116/><U24/><E129/><V26/><F126/><W97/><G130/><T79/><D4/><U32/><E109/><V83/><F9/><W23/><G75/><T48/><D61/><N who="1" m="39983" /><E33/><V54/><F54/><W107/><G107/><T67/><D67/><U76/><E76/><N who="0" m="29225" /><D39/><U30/><E70/><N who="2" m="26635" /><F83/><W98/><G82/><T80/><D80/><U41/><E41/><V119/><F119/><W87/><G72/><T14/><D124/><U0/><E0/><V5/><F64/><W40/><G40/><N who="0" m="24679" /><D14/><U57/><E57/><V18/><F5/><W103/><G55/><T110/><D110/><U99/><E84/><V73/><F73/><W118/><G87/><T128/><D128/><U81/><E81/><V135/><F135/><W7/><G118/><T89/><D89/><U85/><E85/><V31/><F18/><W114/><G7/><T45/><D45/><U74/><E74/><V56/><F56/><W10/><G58/><T52/><D52/><U25/><E25/><V131/><F131/><W1/><G53/><T59/><D59/><U132/><E132/><V38/><F38/><W112/><G1/><T63/><D63/><U125/><E125/><V29/><F29/><W77/><G60/><T94/><D94/><U102/><AGARI ba="0,0" hai="24,30,32,50,51,88,93,96,99,102,104" m="39983" machi="102" ten="30,3000,0" yaku="25,1,54,1" doraHai="6" who="1" fromWho="1" sc="250,-10,250,30,270,-10,230,-10" /><INIT seed="1,1,0,0,1,12" ten="240,280,260,220" oya="1" hai0="87,109,107,98,49,53,128,102,20,38,127,134,67" hai1="86,88,90,61,8,132,85,108,27,35,45,40,58" hai2="101,7,39,34,32,83,36,84,122,115,52,16,44" hai3="72,121,97,21,65,41,99,118,93,68,89,62,50"/><U77/><E132/><V6/><F122/><W64/><G121/><T33/><D33/><U103/><E108/><V91/><F115/><W124/><G72/><T117/><D117/><U125/><E125/><V55/><F101/><W18/><G124/><T47/><D127/><U51/><E103/><V25/><F34/><W57/><G118/><T15/><D134/><U113/><E113/><V112/><F112/><W2/><G2/><T80/><D128/><U60/><E77/><V28/><F16/><W24/><G68/><T54/><D67/><U114/><E114/><V92/><F83/><W123/><G123/><T19/><D38/><U74/><E74/><V106/><F106/><W126/><G126/><T105/><D109/><U75/><E75/><V81/><F81/><W70/><G70/><T5/><D5/><U129/><E129/><V79/><F79/><W120/><G120/><T48/><D107/><U29/><E8/><V76/><F76/><W96/><REACH who="3" step="1"/><G65/><REACH who="3" ten="240,280,260,210" step="2"/><T42/><REACH who="0" step="1"/><D49/><REACH who="0" ten="230,280,260,210" step="2"/><U135/><E135/><V100/><BYE who="1" /><F39/><W3/><G3/><T111/><D111/><U119/><E119/><V4/><F36/><W131/><G131/><T73/><D73/><U37/><E37/><V63/><F63/><W26/><G26/><UN n1="%E3%81%BF%E3%81%BF%E3%81%9A" /><T43/><D43/><U0/><E0/><V69/><F69/><W59/><G59/><T94/><D94/><N who="1" m="54543" /><E58/><V10/><F25/><W31/><G31/><T23/><D23/><U11/><E11/><V56/><F28/><W104/><G104/><T13/><D13/><U110/><E110/><V78/><F10/><W71/><G71/><RYUUKYOKU ba="1,2" sc="230,10,280,10,260,-30,210,10" hai0="15,19,20,42,47,48,53,54,80,87,98,102,105" hai1="27,29,35,40,45,51,60,61,86,90" hai3="18,21,24,41,50,57,62,64,89,93,96,97,99" /><INIT seed="1,2,2,2,0,69" ten="240,290,230,220" oya="1" hai0="35,25,63,12,88,87,129,114,7,8,5,74,123" hai1="104,111,81,70,75,94,45,17,15,59,41,26,67" hai2="109,33,92,16,65,86,13,98,105,56,18,21,102" hai3="60,42,101,107,119,50,22,124,3,37,23,82,95"/><U118/><E104/><V52/><F109/><W97/><G3/><T76/><D114/><U106/><E106/><V103/><F33/><W110/><G110/><T79/><D74/><U127/><E111/><V40/><F40/><W135/><G37/><T93/><D129/><U100/><E70/><V72/><F72/><W77/><G124/><T43/><D123/><U78/><E118/><V117/><F117/><W112/><G112/><T6/><D43/><U131/><E26/><N who="2" m="14631" /><F65/><W48/><G135/><T134/><D134/><U128/><E127/><V113/><F113/><W32/><G32/><T57/><D25/><U68/><E68/><V80/><F105/><W84/><G119/><T99/><D35/><U14/><E59/><V73/><F73/><N who="3" m="43311" /><G60/><T83/><REACH who="0" step="1"/><D79/><REACH who="0" ten="230,290,230,220" step="2"/><U62/><E131/><V36/><F36/><W91/><G42/><T19/><D19/><U38/><E128/><V0/><F0/><W20/><AGARI ba="2,3" hai="20,22,23,48,50,84,91,95,97,101,107" m="43311" machi="20" ten="30,1100,0" yaku="24,1" doraHai="69" who="3" fromWho="3" sc="230,-5,290,-7,230,-5,220,47" /><INIT seed="2,0,0,4,4,85" ten="225,283,225,267" oya="2" hai0="0,133,53,41,127,70,36,120,27,16,47,75,65" hai1="32,44,55,109,4,59,54,90,13,31,39,11,62" hai2="80,22,78,121,63,103,134,73,2,30,42,79,106" hai3="45,9,6,12,56,71,131,116,97,93,35,113,24"/><V114/><F121/><W122/><G71/><T123/><D0/><U101/><E109/><V57/><F114/><W108/><G116/><T86/><D75/><U115/><E115/><V92/><F2/><W94/><G122/><T66/><D66/><U110/><E110/><V105/><F134/><W5/><G108/><T25/><D133/><U29/><E101/><V46/><F79/><W33/><G6/><T61/><D127/><U68/><E68/><V23/><F23/><W19/><G131/><T124/><D124/><U51/><E32/><V8/><F8/><W88/><G113/><T125/><D125/><U83/><E39/><V117/><F117/><W52/><G45/><T132/><D132/><U37/><E37/><V18/><F30/><W77/><G77/><T118/><D118/><U3/><E3/><V10/><F10/><W48/><G93/><T34/><D86/><AGARI ba="0,0" hai="4,11,13,29,31,44,51,54,55,59,62,83,86,90" machi="86" ten="40,2600,0" yaku="8,1,52,1" doraHai="85" who="1" fromWho="0" sc="225,-26,283,26,225,0,267,0" /><INIT seed="3,0,0,1,3,79" ten="199,309,225,267" oya="3" hai0="4,28,13,112,11,53,51,123,95,64,118,35,73" hai1="55,34,44,75,103,85,56,125,107,15,69,86,70" hai2="52,14,20,121,132,67,116,43,89,115,90,25,22" hai3="29,12,62,49,39,80,127,82,97,19,78,130,126"/><W117/><G39/><T46/><D118/><U94/><E75/><V134/><F116/><W92/><G117/><T47/><D123/><U0/><E0/><V30/><F115/><W72/><G130/><T84/><D73/><U120/><E34/><V76/><F121/><W9/><G29/><T57/><D112/><U110/><E120/><V71/><F76/><W21/><G49/><T38/><D38/><U68/><E107/><V54/><F43/><W10/><G62/><T81/><D95/><U108/><E44/><V119/><F119/><W5/><G82/><T104/><D104/><U31/><E31/><V24/><F14/><W48/><G48/><T50/><D64/><U37/><E37/><V7/><F7/><W131/><G131/><T1/><D1/><U36/><E36/><V77/><F77/><W133/><G133/><N who="2" m="51305" /><F67/><W2/><REACH who="3" step="1"/><G10/><REACH who="3" ten="199,309,225,257" step="2"/><T42/><D28/><U32/><E70/><V3/><F71/><W99/><G99/><T101/><D35/><U8/><E69/><V18/><F3/><W16/><G16/><T27/><D101/><AGARI ba="0,1" hai="2,5,9,12,19,21,72,78,80,92,97,101,126,127" machi="101" ten="40,3900,0" yaku="1,1,52,1,53,0" doraHai="79" doraHaiUra="63" who="3" fromWho="0" sc="199,-39,309,0,225,0,257,49" /><INIT seed="3,1,0,0,1,59" ten="160,309,225,306" oya="3" hai0="128,134,31,50,12,104,13,9,129,96,35,6,74" hai1="76,2,27,33,93,46,122,107,48,51,80,89,92" hai2="4,36,60,98,115,37,125,97,78,106,85,116,100" hai3="38,119,56,121,64,101,110,118,126,66,45,63,133"/><W111/><G121/><T117/><D74/><U102/><E2/><V112/><F116/><N who="3" m="44587" /><G101/><T24/><D117/><U130/><E122/><V16/><F125/><W90/><G126/><T54/><D104/><U75/><E130/><V41/><F4/><W70/><G90/><T11/><D96/><N who="1" m="61895" /><E93/><V120/><F120/><W103/><G103/><T82/><D82/><U55/><E27/><V23/><F98/><W42/><G133/><T113/><D134/><U127/><E127/><V105/><F105/><W72/><G72/><T19/><D50/><N who="1" m="29143" /><E33/><V77/><F77/><W83/><G83/><T88/><D54/><U34/><E34/><V62/><F85/><AGARI ba="1,0" hai="48,51,75,76,80,85,89,92" m="29143,61895" machi="85" ten="30,1000,0" yaku="24,1" doraHai="59" who="1" fromWho="2" sc="160,0,309,13,225,-13,306,0" owari="160,-34.0,322,42.2,212,-18.8,306,10.6" /></mjloggm>