<mjloggm ver="2.3"><GO type="169" lobby="0"/><UN n0="%E8%B6%85%E6%94%BB%E6%92%83%E9%BA%BB%E9%9B%80" n1="%E6%A8%AA%E6%B5%9C%E3%81%AE%E3%81%B2%E3%82%88%E3%81%93" n2="%E4%BA%BA%E5%8F%82%E5%BD%B9%E8%80%85%E3%81%8F%E3%82%93" n3="%64%69%76%61" dan="16,16,17,16" rate="2164.79,2142.32,2173.95,2054.66" sx="M,M,M,M"/><TAIKYOKU oya="0"/><INIT seed="0,0,0,4,2,103" ten="250,250,250,250" oya="0" hai0="87,21,105,63,127,55,9,49,123,84,61,94,89" hai1="31,124,95,12,66,34,120,10,134,18,100,88,1" hai2="44,45,71,13,64,16,128,20,59,36,65,60,97" hai3="51,27,125,133,126,23,48,22,110,99,15,11,91"/><T29/><D123/><U25/><E120/><V93/><F128/><W5/><G133/><T14/><D127/><N who="3" m="48649" /><G110/><T132/><D132/><U39/><E124/><V46/><F71/><W96/><G91/><T17/><D105/><U50/><E134/><V116/><F116/><W47/><G22/><T77/><D29/><U85/><E39/><V43/><REACH who="2" step="1"/><F65/><REACH who="2" ten="250,250,240,250" step="2"/><W8/><G8/><T26/><D9/><U56/><E1/><V42/><F42/><N who="3" m="24695" /><G51/><T113/><D113/><U90/><E50/><V30/><F30/><AGARI ba="0,1" hai="5,11,15,23,27,30,96,99" m="24695,48649" machi="30" ten="30,1000,0" yaku="18,1" doraHai="103" who="3" fromWho="2" sc="250,0,250,0,240,-10,250,20" /><INIT seed="1,0,0,2,2,104" ten="250,250,230,270" oya="1" hai0="42,54,26,35,84,12,52,70,15,106,128,49,37" hai1="64,1,61,21,134,120,45,40,18,121,19,29,17" hai2="7,80,57,118,112,109,47,130,127,125,113,72,92" hai3="69,82,77,20,66,101,13,65,79,117,98,93,108"/><U124/><E1/><V3/><F57/><W11/><G108/><T55/><D106/><U132/><E29/><V116/><F47/><W123/><G123/><T2/><D2/><U91/><E91/><V58/><F58/><W27/><G69/><T126/><D70/><U99/><E99/><V114/><F7/><W48/><G48/><T33/><D128/><U131/><E21/><V43/><F43/><W67/><G117/><N who="2" m="45161" /><F3/><W56/><G56/><T68/><D68/><U28/><E28/><V102/><F109/><W71/><G82/><T32/><D37/><U81/><E61/><V129/><F92/><W46/><G46/><T30/><D42/><U111/><E64/><V100/><F80/><W133/><G133/><N who="1" m="51306" /><E111/><V87/><F87/><W25/><G71/><T78/><D49/><U97/><E45/><V22/><F22/><W95/><G95/><T122/><D122/><U16/><E40/><V0/><F0/><W90/><G90/><T85/><D78/><N who="3" m="29705" /><G20/><T36/><D36/><U59/><E59/><V86/><F86/><W14/><G14/><T89/><D85/><U60/><E120/><V41/><F41/><W135/><G135/><T75/><D15/><U51/><E121/><V74/><F102/><W53/><G53/><T83/><D12/><U115/><E51/><V50/><F50/><W62/><G62/><T34/><REACH who="0" step="1"/><D75/><REACH who="0" ten="240,250,230,270" step="2"/><N who="2" m="28714" /><F100/><W10/><G13/><T88/><D88/><U9/><E81/><V107/><F107/><W38/><G38/><T110/><D110/><U105/><N who="1" m="4096" /><DORA hai="96" /><U119/><E105/><V31/><F114/><W8/><AGARI ba="0,1" hai="8,10,11,25,27,65,66,67,93,98,101" m="29705" machi="8" ten="40,5200,0" yaku="5,1,8,1,52,1" doraHai="104,96" who="3" fromWho="3" sc="240,-13,250,-26,230,-13,270,62" /><INIT seed="2,0,0,2,4,47" ten="227,224,217,332" oya="2" hai0="10,55,134,77,41,51,20,18,64,101,69,33,26" hai1="108,35,125,118,82,21,17,62,46,102,59,8,122" hai2="104,60,50,99,73,89,40,48,9,65,66,37,131" hai3="45,87,49,129,109,111,30,123,75,96,91,34,27"/><V13/><F131/><W116/><G129/><T105/><D134/><U53/><E118/><V52/><F73/><W15/><G116/><T106/><D77/><U68/><E108/><V112/><F112/><W95/><G123/><T110/><D110/><U88/><E122/><V5/><F37/><W6/><G75/><T3/><D41/><U100/><E35/><V121/><F121/><W79/><G79/><T23/><D33/><U84/><E125/><V71/><F40/><W31/><G31/><T85/><D85/><U42/><E8/><V76/><F76/><W14/><G6/><T43/><D43/><U16/><E68/><V0/><F0/><W107/><G111/><T128/><D128/><U78/><E78/><V133/><F133/><W12/><G109/><T132/><D132/><U114/><E114/><V90/><F66/><W22/><G107/><T81/><D81/><U61/><E61/><V74/><F74/><W28/><G28/><T94/><D94/><U135/><E135/><V113/><F113/><W120/><G120/><T58/><D101/><U57/><E57/><V115/><F115/><W38/><G38/><T92/><D92/><U11/><E11/><V39/><F39/><W117/><G117/><T25/><D64/><U1/><E1/><V83/><F83/><W119/><G119/><T93/><D93/><U24/><E17/><V80/><F80/><W67/><G67/><T124/><D69/><U70/><E70/><V86/><F104/><W126/><G126/><T103/><D124/><U127/><E127/><V2/><F2/><W7/><G34/><RYUUKYOKU ba="0,0" sc="227,-10,224,30,217,-10,332,-10" hai1="16,21,24,42,46,53,59,62,82,84,88,100,102" /><INIT seed="3,1,0,4,1,105" ten="217,254,207,322" oya="3" hai0="4,104,133,5,18,31,1,135,23,83,102,131,71" hai1="119,69,35,20,74,127,37,49,130,8,86,51,117" hai2="103,42,101,2,134,57,32,10,7,50,40,6,128" hai3="27,60,89,67,121,109,76,99,132,16,38,110,14"/><W64/><G121/><T82/><D71/><U45/><E35/><V68/><F128/><W46/><G132/><N who="0" m="50763" /><D31/><U107/><E130/><V12/><F134/><W53/><G76/><T17/><D131/><U48/><E107/><V95/><F68/><W88/><G27/><T97/><D18/><U94/><E69/><V34/><F57/><N who="3" m="34863" /><G99/><T87/><D1/><U90/><E127/><V85/><F85/><W66/><G38/><T77/><D83/><U21/><E8/><V62/><F62/><W59/><G59/><T80/><D80/><U116/><E74/><V54/><F2/><W61/><G61/><T3/><D3/><U24/><E24/><AGARI ba="1,0" hai="4,5,17,23,24,77,82,87,97,102,104" m="50763" machi="24" ten="30,1000,0" yaku="20,1" doraHai="105" who="0" fromWho="1" sc="217,13,254,-13,207,0,322,0" /><INIT seed="4,0,0,0,3,122" ten="230,241,207,322" oya="0" hai0="63,110,38,18,95,65,81,88,10,128,48,89,79" hai1="107,123,44,86,40,56,120,132,104,83,66,7,50" hai2="133,126,124,16,118,84,91,102,59,20,61,105,94" hai3="71,62,106,33,17,54,87,58,119,129,72,103,108"/><T32/><D38/><U57/><E132/><V47/><F133/><W115/><G119/><T80/><D128/><U12/><E123/><V92/><F118/><W26/><G129/><T25/><D89/><U134/><E134/><V113/><F105/><W1/><G1/><T22/><D32/><U21/><E120/><V6/><F113/><W69/><G72/><T111/><D48/><U127/><E127/><N who="2" m="48683" /><F47/><W64/><G115/><T93/><D93/><U75/><E75/><V46/><F46/><W114/><G114/><T55/><D10/><U4/><E104/><V43/><F6/><W0/><G0/><T131/><D131/><U90/><E107/><V70/><F70/><W98/><G87/><T15/><D15/><U41/><E41/><V100/><F94/><W78/><G71/><T19/><D19/><N who="1" m="10471" /><E57/><V13/><F43/><W28/><G17/><T35/><D35/><U49/><E49/><V45/><F45/><W23/><G69/><T82/><D79/><U34/><E34/><V112/><F112/><W99/><G78/><T73/><D73/><U51/><E51/><V77/><F77/><W5/><G5/><T67/><D67/><AGARI ba="0,0" hai="13,16,20,59,61,67,84,91,92,100,102" m="48683" machi="67" ten="30,2000,0" yaku="18,1,54,1" doraHai="122" who="2" fromWho="0" sc="230,-20,241,0,207,20,322,0" /><INIT seed="5,0,0,2,0,118" ten="210,241,227,322" oya="1" hai0="101,5,86,47,10,131,43,6,120,83,68,106,64" hai1="93,42,28,80,52,34,56,55,14,33,91,90,12" hai2="3,66,46,63,126,92,30,111,48,87,113,17,88" hai3="117,95,41,94,107,8,110,125,2,13,100,54,58"/><U31/><E42/><V121/><F121/><W102/><G110/><T128/><D6/><U60/><E33/><V57/><F111/><W0/><G117/><T134/><D134/><U70/><E70/><V23/><F126/><W24/><G125/><T21/><D21/><U69/><E69/><V35/><F113/><W74/><G74/><T135/><D135/><U133/><E133/><V77/><F3/><W122/><G122/><T98/><D64/><U99/><E55/><V61/><F61/><W44/><G107/><T85/><D68/><U72/><E72/><V49/><F77/><W16/><G24/><T76/><D86/><N who="1" m="50503" /><E34/><V40/><F35/><W7/><G7/><T62/><D62/><U29/><AGARI ba="0,0" hai="12,14,28,29,31,52,56,60,91,93,99" m="50503" machi="29" ten="30,3000,0" yaku="8,1,54,1" doraHai="118" who="1" fromWho="1" sc="210,-10,241,30,227,-10,322,-10" /><INIT seed="5,1,0,0,0,28" ten="200,271,217,312" oya="1" hai0="39,24,116,84,67,43,124,26,71,52,111,32,66" hai1="99,134,60,135,106,0,62,30,68,1,23,108,117" hai2="73,130,37,83,75,85,2,51,61,57,127,58,123" hai3="46,48,95,53,81,119,86,90,70,8,129,113,3"/><U110/><E117/><V131/><F37/><W21/><G119/><T42/><D116/><U105/><E23/><V109/><F109/><N who="1" m="42089" /><E30/><V98/><F2/><N who="1" m="1129" /><E99/><V19/><F98/><W69/><G129/><T89/><D111/><U64/><E60/><V5/><F61/><W11/><G113/><T16/><D124/><U40/><E40/><V79/><F127/><W77/><G21/><T88/><D71/><U10/><E10/><V59/><F130/><W33/><G33/><T44/><D43/><U49/><E49/><V126/><F51/><W82/><G11/><T115/><D115/><U20/><E20/><V120/><F131/><W103/><G8/><T93/><D89/><U47/><E47/><V13/><F126/><W87/><G3/><T107/><D107/><AGARI ba="1,0" hai="62,64,68,105,106,107,134,135" m="1129,42089" machi="107" ten="40,3900,0" yaku="10,1,23,1" doraHai="28" who="1" fromWho="0" sc="200,-42,271,42,217,0,312,0" /><INIT seed="5,2,0,0,0,72" ten="158,313,217,312" oya="1" hai0="98,114,17,129,88,94,112,53,96,128,125,62,30" hai1="4,127,32,78,116,105,115,102,1,133,65,89,11" hai2="8,56,119,124,34,39,81,93,48,26,9,67,85" hai3="24,69,12,47,120,70,63,6,60,64,22,73,104"/><U35/><E116/><V28/><F39/><W55/><G120/><T71/><D30/><U117/><E117/><V29/><F124/><W41/><G104/><T14/><D53/><U13/><E127/><V52/><F119/><W76/><G6/><T83/><D125/><U132/><E115/><N who="0" m="44073" /><D71/><U97/><E65/><V90/><F67/><W113/><G113/><T3/><D3/><U59/><E59/><V61/><F29/><W107/><G12/><T87/><D62/><U42/><E42/><V16/><F61/><W43/><G43/><T82/><D17/><U86/><E1/><V109/><F109/><W31/><G107/><T99/><D14/><U131/><E131/><AGARI ba="2,0" hai="82,83,87,88,94,96,98,99,128,129,131" m="44073" machi="131" ten="40,8000,1" yaku="19,1,15,1,34,2,54,1" doraHai="72" who="0" fromWho="1" sc="158,86,313,-86,217,0,312,0" /><INIT seed="6,0,0,2,1,13" ten="244,227,217,312" oya="2" hai0="43,89,125,92,30,80,87,26,108,42,8,6,32" hai1="16,107,12,55,38,83,22,27,121,11,95,84,18" hai2="14,45,74,104,94,3,97,52,34,135,56,91,109" hai3="1,120,117,61,113,90,128,126,112,93,15,102,72"/><V110/><F3/><W10/><G117/><T88/><D125/><U132/><E132/><V127/><F135/><W111/><G111/><N who="2" m="42505" /><F34/><W60/><G120/><T50/><D50/><U67/><E121/><V65/><F127/><W129/><G1/><T53/><D53/><U25/><E107/><V23/><F74/><W49/><G49/><T119/><D108/><U21/><E38/><V59/><F104/><W57/><G102/><T77/><D89/><U71/><E71/><V51/><F65/><N who="3" m="39055" /><G61/><T2/><REACH who="0" step="1"/><D119/><REACH who="0" ten="234,227,217,312" step="2"/><U28/><E55/><V81/><F81/><W4/><G126/><T76/><D76/><N who="1" m="46183" /><E67/><V103/><F91/><W85/><G72/><AGARI ba="0,1" hai="2,6,8,26,30,32,42,43,72,77,80,87,88,92" machi="72" ten="30,3900,0" yaku="1,1,7,1,54,1,53,0" doraHai="13" doraHaiUra="40" who="0" fromWho="3" sc="234,49,227,0,217,0,312,-39" /><INIT seed="7,0,0,4,4,45" ten="283,227,217,273" oya="3" hai0="42,38,74,39,60,73,112,110,123,111,31,23,33" hai1="27,125,117,114,100,41,69,59,95,103,52,30,108" hai2="132,26,4,109,135,5,93,99,40,1,11,72,86" hai3="82,62,56,6,97,85,43,49,104,25,118,116,20"/><W70/><G70/><T120/><D23/><N who="1" m="15743" /><E108/><N who="0" m="41513" /><D42/><U94/><E69/><V46/><F109/><W77/><G6/><T28/><D60/><N who="1" m="35943" /><E114/><V101/><F5/><W8/><G8/><T64/><D64/><U131/><E131/><V84/><F26/><W18/><G97/><T127/><D33/><U78/><E125/><V83/><F72/><N who="0" m="27754" /><D112/><U61/><E117/><V9/><F9/><W36/><G36/><N who="0" m="13867" /><D127/><U22/><E78/><V75/><F75/><W14/><G104/><T122/><AGARI ba="0,0" hai="28,31,120,122,123" m="13867,27754,41513" machi="122" ten="50,3200,0" yaku="28,2" doraHai="45" who="0" fromWho="0" sc="283,32,227,-8,217,-8,273,-16" owari="315,41.5,219,-18.1,209,-29.1,257,5.7" /></mjloggm>