<mjloggm ver="2.3"><GO type="169" lobby="0"/><UN n0="%44%61%6C%69" n1="%E5%B1%B1%E6%9C%AC%E6%83%A3%E4%B8%80%E6%9C%97" n2="%E6%98%9F%E7%A9%BA%E3%81%AE%E3%83%A1%E3%83%A2%E3%83%AA%E3%82%A2" n3="%50%75%52%65" dan="17,17,16,16" rate="2188.52,2187.68,2053.42,2143.16" sx="M,M,F,M"/><TAIKYOKU oya="0"/><INIT seed="0,0,0,5,1,124" ten="250,250,250,250" oya="0" hai0="112,24,44,70,94,117,38,119,69,114,105,64,2" hai1="3,127,9,113,49,20,56,67,116,15,19,50,5" hai2="115,132,79,80,34,46,45,18,100,95,22,27,4" hai3="77,81,120,31,108,107,66,97,62,109,1,76,48"/><T85/><D2/><U28/><E116/><V75/><F115/><W91/><G120/><T47/><D94/><U74/><E74/><V110/><F110/><W16/><G31/><T58/><D85/><U32/><E127/><V122/><F122/><W84/><G1/><T102/><D24/><N who="1" m="18439" /><E113/><N who="0" m="43625" /><D102/><U17/><E17/><V29/><F132/><W93/><G48/><N who="1" m="18538" /><E56/><V53/><F4/><W63/><G63/><N who="0" m="38007" /><D105/><U65/><AGARI ba="0,0" hai="3,5,9,15,19,20,65,67" m="18538,18439" machi="65" ten="30,1100,0" yaku="24,1" doraHai="124" who="1" fromWho="1" sc="250,-5,250,11,250,-3,250,-3" /><INIT seed="1,0,0,5,3,39" ten="245,261,247,247" oya="1" hai0="127,19,63,94,4,130,52,13,87,133,18,107,134" hai1="105,64,1,70,131,111,123,91,7,68,45,108,82" hai2="109,21,36,97,113,54,38,33,75,77,86,106,15" hai3="89,85,6,50,121,34,67,57,49,53,20,126,101"/><U92/><E123/><V27/><F75/><W90/><G34/><T56/><D107/><U66/><E105/><V119/><F119/><W58/><G121/><T31/><D31/><U26/><E131/><V16/><F109/><N who="1" m="42057" /><E82/><V24/><F113/><W100/><G126/><T103/><D127/><U3/><E26/><V76/><F27/><W120/><G120/><T117/><D117/><U104/><E104/><V65/><F65/><N who="1" m="25193" /><E45/><V41/><F106/><W125/><G125/><T83/><D130/><U95/><E7/><V84/><F97/><W8/><G20/><T124/><D124/><U132/><E132/><N who="0" m="50793" /><D4/><U71/><E91/><V98/><F98/><W47/><G90/><N who="0" m="51583" /><D13/><U80/><E80/><V110/><F110/><W79/><G79/><T69/><D69/><U99/><E99/><AGARI ba="0,0" hai="18,19,52,56,63,94,99,103" m="51583,50793" machi="99" ten="30,2000,0" yaku="20,1,54,1" doraHai="39" who="0" fromWho="1" sc="245,20,261,-20,247,0,247,0" /><INIT seed="2,0,0,4,3,18" ten="265,241,247,247" oya="2" hai0="8,89,25,43,44,1,37,66,15,40,64,30,7" hai1="106,48,49,52,10,61,125,12,63,26,58,94,114" hai2="53,116,5,46,83,129,56,108,42,133,36,127,13" hai3="0,72,41,34,4,87,122,80,32,82,76,2,111"/><V118/><F83/><W85/><G122/><T117/><D117/><N who="2" m="45162" /><F13/><W105/><G105/><T101/><D101/><U22/><E106/><V130/><F5/><W126/><G111/><T59/><D40/><U95/><E125/><V24/><F24/><W21/><G126/><T78/><D78/><U128/><E128/><N who="2" m="49259" /><F127/><W71/><G71/><T131/><D131/><U29/><E114/><V6/><F6/><W60/><G60/><N who="1" m="23114" /><E49/><N who="2" m="30767" /><F133/><W109/><G72/><T54/><D89/><U62/><E62/><V113/><F113/><W123/><G4/><AGARI ba="0,0" hai="4,10,12,22,26,29,48,52,58,94,95" m="23114" machi="4" ten="30,3900,0" yaku="8,1,52,1,54,1" doraHai="18" who="1" fromWho="3" sc="265,0,241,39,247,0,247,-39" /><INIT seed="3,0,0,3,3,24" ten="265,280,247,208" oya="3" hai0="26,36,63,124,33,13,84,62,66,54,55,56,79" hai1="117,27,99,51,11,125,68,52,100,21,8,101,131" hai2="78,30,17,96,60,118,46,29,128,85,106,103,53" hai3="88,121,102,127,130,111,87,61,18,74,5,76,22"/><W113/><G113/><T23/><D36/><U37/><E37/><V86/><F118/><W19/><G121/><T69/><D124/><U65/><E125/><V116/><F116/><W97/><G127/><T59/><D33/><U40/><E40/><V28/><F128/><W42/><G130/><T82/><D13/><U50/><E131/><V64/><F78/><W47/><G5/><T67/><REACH who="0" step="1"/><D69/><REACH who="0" ten="255,280,247,208" step="2"/><U73/><E117/><V34/><F34/><W57/><G111/><T89/><D89/><U43/><E68/><V95/><F106/><W75/><G76/><T109/><D109/><U119/><E119/><V126/><F126/><W14/><G102/><T133/><D133/><U120/><E101/><V49/><REACH who="2" step="1"/><F17/><AGARI ba="0,1" hai="17,23,26,54,55,56,59,62,63,66,67,79,82,84" machi="17" ten="30,7700,0" yaku="1,1,7,1,9,1,8,1,53,0" doraHai="24" doraHaiUra="7" who="0" fromWho="2" sc="255,87,280,0,247,-77,208,0" /><INIT seed="4,0,0,5,4,67" ten="342,280,170,208" oya="0" hai0="71,60,58,15,11,87,76,118,126,86,31,29,94" hai1="65,89,110,64,122,129,56,93,27,22,123,68,16" hai2="73,51,10,46,17,95,117,9,133,30,131,47,32" hai3="0,28,26,69,96,99,41,3,121,18,102,5,39"/><T59/><D118/><U24/><E110/><V36/><F117/><W52/><G121/><T113/><D113/><U7/><E129/><V112/><F112/><W107/><G18/><T40/><D126/><U116/><E116/><V37/><F73/><W13/><G13/><T90/><D40/><U6/><E122/><V78/><F78/><W35/><G96/><T97/><D71/><U80/><E80/><V100/><F131/><W82/><G82/><T127/><D127/><U103/><E103/><V50/><F133/><W101/><G101/><T81/><D86/><U48/><E24/><V53/><F30/><W34/><G52/><T1/><D1/><U61/><E123/><V57/><F32/><W72/><G72/><T77/><D76/><U49/><E65/><V114/><F114/><W45/><G35/><T55/><REACH who="0" step="1"/><D59/><REACH who="0" ten="332,280,170,208" step="2"/><U128/><E128/><V79/><F79/><W108/><G108/><T21/><D21/><U23/><E22/><V20/><F57/><W33/><G33/><T8/><D8/><U92/><E68/><V66/><F9/><N who="3" m="2215" /><G3/><T4/><AGARI ba="0,1" hai="4,11,15,29,31,55,58,60,77,81,87,90,94,97" machi="4" ten="20,12000,1" yaku="1,1,0,1,7,1,8,1,53,1" doraHai="67" doraHaiUra="91" who="0" fromWho="0" sc="332,130,280,-40,170,-40,208,-40" /><INIT seed="4,1,0,2,4,98" ten="462,240,130,168" oya="0" hai0="70,64,135,89,38,83,74,100,54,20,111,7,47" hai1="44,80,34,50,128,58,108,49,37,129,93,68,43" hai2="18,73,121,105,11,133,115,4,67,3,63,72,32" hai3="85,57,59,25,0,131,16,45,102,132,5,106,65"/><T84/><D135/><U117/><E34/><V39/><F121/><W75/><G75/><T56/><D7/><U23/><E80/><V2/><F133/><W91/><G132/><T48/><D111/><U71/><E23/><V21/><F115/><W33/><G131/><N who="1" m="50250" /><E93/><V69/><F32/><W97/><G45/><T66/><D74/><U26/><E26/><V42/><F3/><W78/><G78/><T6/><D6/><U27/><E27/><V130/><F130/><W8/><G65/><T114/><D114/><U92/><E92/><V99/><F18/><W134/><G134/><T36/><D20/><U61/><E108/><V12/><F21/><W104/><G104/><T76/><D76/><U62/><E117/><V123/><F12/><W126/><G126/><T22/><D22/><U113/><E113/><V60/><F60/><N who="1" m="23145" /><E58/><V116/><F116/><W103/><G16/><T13/><D56/><U41/><E41/><V90/><F123/><W17/><G17/><T35/><D35/><U96/><E96/><V46/><F90/><W124/><G103/><AGARI ba="1,0" hai="2,4,11,39,42,46,63,67,69,72,73,99,103,105" machi="103" ten="40,8000,1" yaku="33,3,52,1" doraHai="98" who="2" fromWho="3" sc="462,0,240,0,130,83,168,-83" /><INIT seed="5,0,0,3,1,121" ten="462,240,213,85" oya="1" hai0="112,84,116,120,8,104,49,130,57,81,26,91,90" hai1="39,10,33,109,74,110,68,82,61,105,127,72,129" hai2="79,67,29,113,12,115,51,56,73,119,133,118,101" hai3="135,6,87,50,71,0,42,114,43,20,62,9,92"/><U65/><E127/><V55/><F133/><W96/><G135/><T53/><D116/><U16/><E129/><V41/><F101/><W4/><G114/><N who="2" m="43529" /><F29/><W93/><G4/><T38/><D38/><U89/><E105/><V7/><F67/><W103/><G20/><T34/><D130/><U107/><E107/><V21/><F41/><W52/><G71/><T78/><D104/><U19/><E39/><V85/><F73/><N who="1" m="28265" /><E10/><N who="2" m="4191" /><F21/><W126/><G62/><T17/><D112/><U37/><E37/><V69/><F69/><W77/><G126/><T98/><D120/><U23/><E23/><V2/><F2/><W124/><G124/><T94/><D8/><U64/><E64/><V14/><F14/><W66/><G66/><T46/><D34/><U83/><E33/><V88/><F79/><W97/><G77/><T22/><D78/><U35/><E35/><V58/><F56/><AGARI ba="0,0" hai="17,22,26,46,49,53,56,57,81,84,90,91,94,98" machi="56" ten="40,1300,0" yaku="8,1" doraHai="121" who="0" fromWho="2" sc="462,13,240,0,213,-13,85,0" /><INIT seed="6,0,0,3,3,83" ten="475,240,200,85" oya="2" hai0="78,99,7,12,2,105,124,33,59,62,117,97,50" hai1="55,42,38,5,27,79,35,6,64,47,26,43,113" hai2="40,107,134,95,63,58,77,24,45,67,131,89,39" hai3="31,52,74,29,68,34,92,16,94,10,23,100,61"/><V57/><F107/><W1/><G74/><T71/><D71/><U30/><E113/><V48/><F134/><W46/><G68/><T4/><D33/><U18/><E64/><V76/><F131/><W98/><G34/><T37/><D37/><U126/><E126/><V70/><F24/><W112/><G112/><T65/><D2/><U114/><E114/><V84/><F58/><W133/><G133/><T104/><D124/><U53/><E43/><V109/><F109/><W66/><G66/><T73/><D73/><U128/><E128/><V15/><F15/><W110/><G110/><T82/><D104/><U60/><E79/><V115/><F115/><W135/><G135/><T119/><D105/><U91/><E91/><V19/><F19/><W51/><G61/><T28/><D28/><U87/><E87/><V106/><F106/><W8/><G94/><T85/><D50/><U102/><E102/><V88/><F89/><W127/><G127/><T54/><D65/><U11/><E60/><V111/><F111/><W81/><G81/><T86/><D12/><U121/><E121/><V72/><F72/><W103/><G103/><T13/><D13/><U129/><E129/><V3/><F3/><W36/><G36/><T75/><D7/><N who="1" m="2571" /><E26/><V9/><F9/><N who="3" m="3691" /><G1/><T56/><D4/><U0/><E0/><V101/><F101/><W20/><G20/><T108/><D108/><U96/><E96/><N who="0" m="36937" /><D59/><U41/><E41/><V93/><F93/><W130/><G130/><T21/><D21/><N who="1" m="13751" /><E11/><V17/><F17/><W49/><G49/><T118/><AGARI ba="0,0" hai="54,56,62,75,78,82,85,86,117,118,119" m="36937" machi="118" ten="40,5200,0" yaku="12,1,52,2" doraHai="83" who="0" fromWho="0" sc="475,52,240,-13,200,-26,85,-13" /><INIT seed="7,0,0,3,4,117" ten="527,227,174,72" oya="3" hai0="31,126,25,9,42,127,55,69,33,100,44,71,97" hai1="7,23,60,5,99,128,52,30,54,57,103,132,134" hai2="108,87,116,21,43,98,74,35,107,91,110,0,121" hai3="50,104,92,125,26,70,48,118,27,85,130,63,90"/><W1/><G118/><T28/><D55/><U112/><E112/><V61/><F116/><W10/><G130/><T11/><D31/><U46/><E128/><V64/><F35/><W95/><G104/><N who="0" m="63503" /><D11/><U12/><E46/><V131/><F74/><W45/><G125/><N who="0" m="47627" /><D9/><U58/><E132/><V36/><F0/><W72/><G72/><T59/><D59/><U47/><E47/><V119/><F110/><W102/><G70/><T81/><D81/><U88/><E103/><V53/><F87/><W14/><G63/><T101/><D101/><U56/><E134/><V120/><F119/><W13/><G1/><T19/><D19/><N who="1" m="10727" /><E30/><V84/><F84/><W94/><G14/><T93/><D93/><N who="3" m="35945" /><G102/><T4/><D4/><N who="1" m="1611" /><E60/><V133/><F108/><W37/><G37/><AGARI ba="0,0" hai="25,28,33,37,42,44,69,71" m="47627,63503" machi="37" ten="30,2000,0" yaku="18,1,23,1" doraHai="117" who="0" fromWho="3" sc="527,20,227,0,174,0,72,-20" owari="547,64.7,227,2.7,174,-22.6,52,-44.8" /></mjloggm>