<mjloggm ver="2.3"><GO type="169" lobby="0"/><UN n0="%E5%A4%A7%E7%A9%BA%E3%82%B9%E3%83%90%E3%83%AB%E2%98%86" n1="%6C%6E%61%69" n2="%43%68%65" n3="%E3%81%B5%E3%81%8B" dan="16,16,16,17" rate="2111.67,2034.25,2172.17,2232.17" sx="F,M,M,M"/><TAIKYOKU oya="0"/><INIT seed="0,0,0,0,2,13" ten="250,250,250,250" oya="0" hai0="92,107,12,26,45,130,37,71,113,94,2,81,58" hai1="127,39,47,77,83,70,119,62,126,105,125,80,78" hai2="17,32,27,61,59,40,131,46,10,95,15,52,25" hai3="64,89,11,31,134,101,76,90,108,54,97,43,110"/><T129/><D2/><U121/><E119/><V85/><F32/><W63/><G134/><T123/><D107/><U16/><E121/><V14/><F131/><N who="0" m="50186" /><D71/><U57/><E105/><V72/><F72/><W109/><G43/><N who="0" m="22767" /><D113/><U112/><E112/><V74/><F74/><W35/><G76/><N who="1" m="29290" /><E70/><V56/><F56/><N who="3" m="35223" /><G64/><T19/><D123/><U79/><N who="1" m="29298" /><U36/><DORA hai="86" /><E80/><V73/><F15/><W91/><G11/><N who="0" m="6559" /><D81/><U21/><E83/><V23/><F10/><W84/><G35/><T117/><D117/><U28/><E47/><V69/><F69/><W8/><G8/><T118/><D118/><U96/><E28/><V48/><F73/><W115/><G31/><T132/><D132/><U111/><E111/><V67/><F40/><W4/><G115/><T5/><D5/><U106/><E106/><V135/><F135/><W103/><G4/><T75/><D75/><U9/><E9/><V124/><F124/><W18/><G18/><T44/><D44/><U102/><E39/><V51/><F51/><W133/><G133/><T99/><D99/><U98/><E36/><V20/><F20/><W128/><G128/><T24/><D58/><U3/><E3/><V93/><F93/><AGARI ba="0,0" hai="24,26,92,93,94" m="6559,22767,50186" machi="93" ten="30,2900,0" yaku="19,1,52,1" doraHai="13,86" who="0" fromWho="2" sc="250,29,250,0,250,-29,250,0" /><INIT seed="0,1,0,0,0,32" ten="279,250,221,250" oya="0" hai0="57,114,36,16,54,26,3,100,56,42,28,79,65" hai1="91,116,97,99,94,82,70,47,76,0,115,25,87" hai2="130,31,98,52,124,30,50,132,112,135,38,66,6" hai3="18,84,51,63,17,127,83,62,117,69,7,134,53"/><T95/><D114/><U37/><E116/><V103/><F112/><W129/><G117/><T101/><D79/><U8/><E70/><V109/><F38/><W4/><G129/><T60/><D3/><U107/><E115/><V133/><F66/><W121/><G134/><T92/><D42/><U61/><E61/><N who="3" m="23050" /><G69/><T33/><D36/><U89/><E25/><V77/><F130/><W85/><G127/><T102/><D57/><U40/><E107/><V2/><F77/><N who="3" m="46191" /><G85/><T11/><REACH who="0" step="1"/><D65/><REACH who="0" ten="269,250,221,250" step="2"/><U118/><E118/><V55/><F124/><W122/><G122/><T58/><D58/><U71/><E71/><V123/><F123/><W88/><G121/><T93/><D93/><U86/><REACH who="1" step="1"/><E76/><REACH who="1" ten="269,240,221,250" step="2"/><V19/><F133/><W131/><G131/><T35/><D35/><U59/><E59/><V20/><F132/><W9/><G51/><T45/><D45/><U104/><E104/><V113/><F135/><W29/><G53/><T106/><D106/><U1/><E1/><V111/><F113/><W81/><G81/><T125/><D125/><U14/><E14/><AGARI ba="1,2" hai="11,14,16,26,28,33,54,56,60,92,95,100,101,102" machi="14" ten="40,3900,0" yaku="1,1,54,1,53,0" doraHai="32" doraHaiUra="108" who="0" fromWho="1" sc="269,62,240,-42,221,0,250,0" /><INIT seed="0,2,0,5,0,10" ten="331,198,221,250" oya="0" hai0="51,106,25,118,50,20,94,123,103,117,6,97,73" hai1="13,12,37,76,128,39,7,21,34,32,44,29,56" hai2="124,2,110,131,26,77,92,121,122,115,16,46,113" hai3="4,86,36,116,96,3,126,14,38,65,80,71,72"/><T127/><D73/><U120/><E120/><N who="2" m="46187" /><F92/><W69/><G116/><T67/><D123/><U54/><E128/><V63/><F63/><W41/><G72/><T91/><D127/><U64/><E64/><V22/><F46/><W101/><G3/><T82/><D6/><U18/><E76/><V5/><F77/><W84/><G84/><T85/><D106/><U99/><E99/><V70/><F70/><W57/><G57/><T24/><D24/><U102/><E102/><V9/><F131/><W130/><G41/><T33/><D33/><U81/><E81/><V95/><F95/><W28/><G28/><T62/><D118/><U111/><E111/><V90/><F90/><W17/><G4/><T75/><D75/><U98/><E98/><V11/><F124/><W23/><G130/><T58/><REACH who="0" step="1"/><D117/><REACH who="0" ten="321,198,221,250" step="2"/><U93/><E34/><V66/><F110/><W114/><G126/><T42/><D42/><U15/><E7/><N who="2" m="1271" /><F66/><W55/><G65/><T88/><D88/><U30/><E32/><V89/><F89/><W8/><G101/><T59/><D59/><U108/><E108/><V0/><AGARI ba="2,1" hai="0,5,11,16,22,26,113,115" m="1271,46187" machi="0" ten="30,4000,0" yaku="34,2,54,1" doraHai="10" who="2" fromWho="2" sc="321,-22,198,-12,221,56,250,-12" /><INIT seed="1,0,0,4,2,34" ten="299,186,277,238" oya="1" hai0="59,18,114,46,23,128,12,95,2,84,52,10,60" hai1="103,127,27,30,4,9,32,87,66,94,75,11,6" hai2="121,56,119,36,45,109,73,37,41,7,132,92,118" hai3="63,135,99,19,133,13,70,15,68,1,53,61,67"/><U101/><E75/><V122/><F73/><W93/><G1/><T50/><D114/><U125/><E66/><V20/><F7/><W96/><G53/><T17/><D128/><U62/><E62/><V48/><F92/><W104/><G93/><T69/><D69/><U31/><E87/><V44/><F20/><W105/><REACH who="3" step="1"/><G19/><REACH who="3" ten="299,186,277,228" step="2"/><T107/><D2/><U86/><E94/><V72/><F122/><W80/><G80/><T91/><D107/><U24/><E86/><V83/><F83/><W97/><G97/><T108/><D108/><U55/><E32/><V22/><F109/><W16/><G16/><N who="0" m="8215" /><D23/><U110/><E110/><V43/><F22/><W5/><G5/><T130/><D130/><U58/><E58/><V29/><F72/><W40/><G40/><AGARI ba="0,1" hai="17,18,40,46,50,52,59,60,84,91,95" m="8215" machi="40" ten="30,3900,0" yaku="8,1,54,2" doraHai="34" who="0" fromWho="3" sc="299,49,186,0,277,0,228,-39" /><INIT seed="2,0,0,1,4,41" ten="348,186,277,189" oya="2" hai0="133,20,29,47,57,75,102,132,21,116,120,7,89" hai1="14,125,99,97,24,86,18,78,52,124,69,115,54" hai2="40,27,79,45,129,113,70,100,114,49,123,90,108" hai3="95,127,119,6,82,17,16,3,43,73,81,128,112"/><V5/><F123/><W34/><G119/><T68/><D68/><U0/><E115/><V9/><F70/><W50/><G34/><T103/><D75/><U111/><E0/><V122/><F122/><W12/><G112/><T58/><D7/><U67/><E111/><V104/><F108/><W77/><G128/><T107/><D89/><U4/><E4/><V51/><F129/><W19/><G127/><N who="1" m="48714" /><E24/><V10/><F10/><W88/><G3/><T8/><D8/><N who="1" m="6471" /><E78/><V66/><F79/><W135/><G135/><T60/><D29/><U59/><E86/><V30/><F90/><W83/><G6/><T117/><D120/><U36/><E36/><V48/><F114/><W87/><REACH who="3" step="1"/><G12/><REACH who="3" ten="348,186,277,179" step="2"/><T37/><D117/><U92/><E69/><V62/><F113/><W2/><G2/><T118/><D118/><U71/><E71/><V109/><F109/><W42/><G42/><T96/><D116/><U101/><E99/><V39/><F5/><W15/><G15/><T38/><D96/><U121/><E121/><V84/><F27/><W105/><G105/><T13/><D13/><U65/><E54/><V11/><F104/><W63/><G63/><AGARI ba="0,1" hai="52,59,63,65,67,92,97,101" m="6471,48714" machi="63" ten="30,2000,0" yaku="18,1,54,1" doraHai="41" who="1" fromWho="3" sc="348,0,186,30,277,0,179,-20" /><INIT seed="3,0,0,3,2,50" ten="348,216,277,159" oya="3" hai0="112,130,125,119,91,129,106,83,49,13,90,24,123" hai1="89,69,45,81,111,27,7,31,93,105,59,72,115" hai2="126,47,67,37,132,8,33,20,23,11,121,15,28" hai3="88,76,79,9,10,26,87,39,58,82,6,35,54"/><W38/><G38/><T12/><D106/><U74/><E115/><V77/><F67/><W48/><G39/><T65/><D119/><U96/><E69/><V55/><F77/><W40/><G40/><T104/><D104/><U64/><E111/><V128/><F37/><W41/><G41/><T71/><D123/><U22/><E105/><V101/><F101/><W17/><G10/><T56/><D125/><U107/><E107/><V109/><F109/><W94/><G82/><T32/><D71/><U92/><E81/><V62/><F126/><W100/><G100/><T3/><D3/><U5/><E72/><V57/><F47/><W25/><G25/><T73/><D112/><U19/><E74/><V52/><F121/><W61/><G48/><T63/><D49/><U29/><E45/><V34/><F11/><W36/><G36/><T86/><D91/><U66/><E93/><V120/><F120/><W114/><G114/><T21/><D32/><U134/><E134/><V44/><F132/><W43/><G43/><T110/><D110/><U131/><E131/><N who="0" m="50185" /><D73/><U95/><E95/><V80/><F80/><W84/><G84/><T122/><D122/><U1/><E1/><V30/><F128/><W4/><G35/><T78/><D78/><N who="3" m="29737" /><G9/><T53/><D65/><N who="1" m="25195" /><E59/><N who="2" m="35175" /><F44/><W108/><G108/><T124/><D124/><U116/><E116/><V133/><F133/><W60/><G60/><T75/><D75/><U102/><E102/><V14/><F34/><W118/><G118/><T16/><AGARI ba="0,0" hai="12,13,16,21,24,53,56,63,83,86,90" m="50185" machi="16" ten="30,4000,0" yaku="19,1,52,1,54,1" doraHai="50" who="0" fromWho="0" sc="348,40,216,-10,277,-10,159,-20" /><INIT seed="4,0,0,4,2,56" ten="388,206,267,139" oya="0" hai0="113,129,92,82,32,26,103,127,118,99,70,107,89" hai1="15,104,65,62,128,38,84,63,119,91,109,31,81" hai2="35,77,86,11,22,0,97,130,54,29,51,24,46" hai3="87,5,2,80,66,45,112,40,18,36,27,75,21"/><T73/><D118/><U61/><E109/><V100/><F130/><W126/><G112/><T98/><D70/><U133/><E119/><V135/><F135/><W9/><G126/><T47/><D47/><U39/><E104/><V68/><F68/><W55/><G66/><T58/><D58/><U52/><E133/><V1/><F35/><W131/><G131/><T59/><D59/><U4/><E128/><V71/><F11/><W41/><G41/><T106/><D26/><U37/><E31/><V34/><F34/><W16/><G55/><T42/><D42/><U108/><E108/><V95/><F71/><W10/><G10/><T102/><D32/><U23/><E52/><V30/><F30/><W19/><REACH who="3" step="1"/><G75/><REACH who="3" ten="388,206,267,129" step="2"/><T53/><D53/><U3/><E3/><V48/><F1/><W124/><G124/><T69/><D127/><U49/><E65/><V85/><F0/><W13/><G13/><T14/><D14/><U94/><E4/><V125/><F125/><W115/><G115/><T43/><D43/><U105/><E105/><V20/><F51/><W12/><G12/><T93/><D129/><U76/><E49/><V33/><F54/><W120/><G120/><T50/><D50/><U121/><E121/><V44/><F48/><W74/><G74/><T8/><D113/><U90/><REACH who="1" step="1"/><E94/><REACH who="1" ten="388,196,267,129" step="2"/><V114/><F95/><W57/><G57/><T134/><D134/><U72/><E72/><V88/><F46/><W67/><G67/><T25/><D93/><U17/><AGARI ba="0,2" hai="15,17,23,37,38,39,61,62,63,76,81,84,90,91" machi="17" ten="40,8000,1" yaku="1,1,0,1,52,3,53,0" doraHai="56" doraHaiUra="110" who="1" fromWho="1" sc="388,-40,196,100,267,-20,129,-20" /><INIT seed="5,0,0,5,4,94" ten="348,296,247,109" oya="1" hai0="74,107,44,70,110,134,75,71,0,55,92,63,15" hai1="42,79,98,51,33,83,125,121,116,68,43,113,78" hai2="10,129,105,119,56,31,86,101,132,20,91,128,47" hai3="49,95,29,97,103,34,135,23,114,76,53,30,39"/><U88/><E116/><V127/><F119/><W8/><G39/><T131/><D0/><U62/><E121/><V57/><F127/><W54/><G34/><T69/><D107/><U130/><E33/><V37/><F132/><W123/><G123/><T16/><D110/><U112/><E125/><V77/><F77/><N who="1" m="29193" /><E130/><N who="2" m="50283" /><F10/><W133/><G114/><N who="1" m="44138" /><E51/><V24/><F101/><W36/><G36/><T28/><D134/><N who="3" m="51209" /><G76/><T38/><D131/><U48/><E48/><V67/><F105/><W96/><G8/><T115/><D115/><U124/><E124/><V46/><F67/><W60/><G23/><T12/><D38/><U40/><E83/><N who="2" m="49631" /><F47/><N who="3" m="27839" /><G96/><T52/><D44/><U58/><E68/><V104/><F104/><W106/><G106/><T32/><D71/><U50/><E50/><V14/><F14/><W25/><G25/><T72/><D70/><U64/><E42/><AGARI ba="0,0" hai="20,24,31,37,42,46,56,57" m="49631,50283" machi="42" ten="30,1000,0" yaku="19,1" doraHai="94" who="2" fromWho="1" sc="348,0,296,-10,247,10,109,0" /><INIT seed="6,0,0,5,0,64" ten="348,286,257,109" oya="2" hai0="57,1,28,109,55,31,115,18,62,56,72,29,132" hai1="50,86,3,81,69,95,96,110,104,40,24,47,131" hai2="98,48,61,41,76,11,51,75,116,59,113,10,130" hai3="133,90,54,58,13,67,79,87,33,17,124,97,52"/><V70/><F116/><W134/><G33/><T135/><D72/><U36/><E110/><V66/><F113/><W37/><G37/><T25/><D109/><U32/><E104/><V105/><F130/><W0/><G0/><T94/><D1/><U14/><E3/><V101/><F51/><W43/><G43/><T19/><D115/><U38/><E131/><V44/><REACH who="2" step="1"/><F59/><REACH who="2" ten="348,286,247,109" step="2"/><W34/><G58/><T49/><D57/><U77/><E38/><V2/><F2/><W80/><G133/><T125/><D49/><U126/><E36/><V16/><F16/><W108/><G134/><T114/><D19/><U45/><E50/><V84/><F84/><W35/><G108/><T102/><D114/><U100/><E86/><V122/><F122/><W117/><G117/><T8/><D18/><U15/><E126/><V20/><F20/><W119/><G124/><T92/><D56/><U89/><E32/><V9/><F9/><W27/><G119/><T23/><D8/><U65/><E96/><V91/><F91/><W30/><G35/><T83/><D125/><U123/><E89/><V63/><F63/><W99/><G99/><T78/><D62/><U82/><E123/><V73/><F73/><W7/><G17/><T121/><D121/><U112/><E112/><V111/><F111/><W60/><G97/><T128/><D128/><U74/><E74/><V93/><F93/><W71/><REACH who="3" step="1"/><G90/><REACH who="3" ten="348,286,247,99" step="2"/><T4/><D135/><U127/><E127/><V68/><F68/><W6/><G6/><T12/><D132/><U88/><E69/><V22/><F22/><W5/><G5/><RYUUKYOKU ba="0,2" sc="348,-15,286,-15,247,15,99,15" hai2="10,11,41,44,48,61,66,70,75,76,98,101,105" hai3="7,13,27,30,34,52,54,60,67,71,79,80,87" /><INIT seed="6,1,2,5,2,112" ten="333,271,262,114" oya="2" hai0="12,8,6,18,73,77,43,117,105,7,5,0,62" hai1="123,31,106,87,46,15,23,86,21,14,47,16,64" hai2="124,40,19,90,85,116,60,82,1,50,66,38,99" hai3="92,115,13,49,97,101,57,29,129,36,107,95,125"/><V80/><F124/><W93/><G36/><T111/><D105/><U104/><E64/><V3/><F38/><W130/><G29/><T91/><D111/><U89/><E123/><V2/><F99/><N who="3" m="61887" /><G13/><T75/><D91/><U74/><E74/><V56/><F19/><W35/><G49/><T59/><D43/><U71/><E71/><V51/><F82/><W128/><G57/><T63/><D63/><U44/><E87/><V135/><F135/><W17/><G17/><T76/><D0/><U61/><E61/><V53/><F40/><W119/><G35/><T34/><D34/><U69/><E69/><V24/><F24/><W30/><G30/><T114/><D114/><U37/><E37/><V100/><F100/><N who="3" m="60455" /><G115/><T118/><D75/><U126/><E126/><V52/><F51/><W131/><N who="3" m="32768" /><DORA hai="134" /><W41/><G41/><T20/><D73/><U67/><E67/><V122/><F53/><W120/><G120/><T11/><D11/><U10/><E10/><V132/><F122/><W9/><G9/><T68/><D68/><U96/><E14/><V45/><F132/><W27/><G27/><T81/><D8/><U65/><E65/><V4/><F4/><W84/><G125/><T58/><D7/><U25/><E25/><V32/><F32/><W98/><G84/><T48/><D6/><U94/><E86/><V102/><F102/><N who="3" m="60751" /><G95/><T22/><D5/><U55/><E55/><V113/><F113/><W121/><G121/><T54/><D54/><U88/><E31/><V70/><F70/><W33/><G33/><T26/><D26/><U83/><E23/><RYUUKYOKU ba="1,2" sc="333,-30,271,10,262,10,114,10" hai1="15,16,21,44,46,47,83,88,89,94,96,104,106" hai2="1,2,3,45,50,52,56,60,66,80,85,90,116" hai3="119" /><INIT seed="6,2,2,4,3,88" ten="303,281,272,124" oya="2" hai0="9,6,77,91,118,1,45,79,82,120,24,105,34" hai1="52,121,126,134,99,92,93,95,13,123,106,18,28" hai2="112,87,86,0,35,25,61,115,12,42,111,129,85" hai3="22,67,19,50,30,76,102,78,53,114,2,90,8"/><V70/><F0/><W103/><G114/><N who="2" m="43561" /><F129/><W97/><G67/><T59/><D105/><U29/><E126/><V132/><F132/><W80/><G30/><N who="1" m="11882" /><E106/><V51/><F111/><W15/><G2/><T130/><D24/><U109/><E109/><V37/><F37/><W36/><G36/><T100/><D34/><U11/><E134/><V69/><F25/><W84/><G22/><T96/><D100/><N who="1" m="60519" /><E52/><V43/><F35/><W98/><G98/><T131/><D120/><AGARI ba="2,2" hai="11,13,18,93,95,120,121,123" m="60519,11882" machi="120" ten="30,7700,0" yaku="13,1,52,3" doraHai="88" who="1" fromWho="0" sc="303,-83,281,103,272,0,124,0" /><INIT seed="7,0,0,5,1,25" ten="220,384,272,124" oya="3" hai0="30,66,133,74,125,7,11,28,32,93,2,6,27" hai1="131,106,127,113,24,101,90,37,94,82,117,121,57" hai2="102,72,97,86,54,14,98,19,75,76,20,23,116" hai3="17,60,95,59,103,111,129,55,9,51,3,80,16"/><W44/><G129/><T8/><D74/><U29/><E37/><V114/><F116/><W81/><G111/><T18/><D66/><U63/><E113/><V49/><F114/><W21/><G3/><N who="0" m="95" /><D93/><U126/><E121/><V110/><F110/><W123/><G123/><T15/><D125/><U120/><E131/><V99/><F102/><W48/><G48/><T107/><D107/><U134/><E134/><V0/><F0/><W36/><G36/><T67/><D67/><U34/><E120/><V135/><F135/><W46/><G46/><T89/><D89/><U83/><E101/><V84/><F75/><W12/><G95/><T52/><D52/><U77/><E106/><V45/><F72/><W92/><G92/><T115/><D133/><U1/><E1/><V61/><F76/><W68/><G68/><T96/><D96/><U62/><E62/><V100/><F100/><W73/><G73/><T128/><D115/><U78/><E78/><V58/><F23/><W104/><G104/><T70/><D70/><U71/><E71/><V41/><AGARI ba="0,0" hai="14,19,20,41,45,49,54,58,61,84,86,97,98,99" machi="41" ten="30,2000,0" yaku="0,1,8,1" doraHai="25" who="2" fromWho="2" sc="220,-5,384,-5,272,20,124,-10" owari="215,-18.5,379,47.9,292,9.2,114,-38.6" /></mjloggm>