<mjloggm ver="2.3"><GO type="169" lobby="0"/><UN n0="%63%78%79%74%6D%6C" n1="%E9%BB%92%E6%B2%A2%E7%BE%A9%E6%98%8E" n2="%C2%A7%E7%8D%85%E5%AD%90%E5%8E%9F%E7%88%BD" n3="%70%6F%6E%2D%65%6E" dan="16,17,18,16" rate="2204.40,2197.90,2259.87,2104.95" sx="M,M,F,F"/><TAIKYOKU oya="0"/><INIT seed="0,0,0,3,2,91" ten="250,250,250,250" oya="0" hai0="109,4,131,128,88,114,45,58,108,44,47,90,49" hai1="50,74,19,85,86,84,59,54,27,18,57,78,107" hai2="127,22,60,13,96,1,38,68,76,40,46,134,98" hai3="17,25,33,56,81,121,62,7,3,5,129,122,113"/><T31/><D31/><U61/><E107/><V112/><F112/><W95/><G113/><T70/><D114/><U8/><E74/><V97/><F1/><W115/><G115/><T52/><D4/><U23/><E78/><V123/><F123/><N who="3" m="47115" /><G3/><T77/><D77/><U80/><E80/><V15/><F76/><W73/><G73/><T130/><D70/><U101/><E101/><V102/><F134/><W124/><G81/><T11/><D11/><U39/><E39/><V125/><F102/><W118/><G118/><T14/><D14/><U32/><E32/><V82/><F82/><W106/><G106/><T6/><D6/><U36/><E36/><V16/><REACH who="2" step="1"/><F13/><REACH who="2" ten="250,250,240,250" step="2"/><W79/><G79/><T103/><D103/><U132/><E132/><V100/><F100/><W105/><G105/><T35/><D35/><U42/><E42/><V75/><F75/><W41/><G41/><T72/><D72/><U69/><E69/><V111/><F111/><AGARI ba="0,1" hai="44,45,47,49,52,58,88,90,108,109,111,128,130,131" machi="111" ten="50,12000,1" yaku="14,1,10,1,19,1,54,2" doraHai="91" who="0" fromWho="2" sc="250,130,250,0,240,-120,250,0" /><INIT seed="0,1,0,4,3,110" ten="380,250,120,250" oya="0" hai0="64,14,114,3,56,35,111,36,5,11,125,47,38" hai1="124,63,8,88,131,50,92,42,74,89,93,126,43" hai2="25,65,66,39,109,75,135,115,4,32,40,13,78" hai3="28,12,118,37,44,106,9,134,23,100,117,30,113"/><T105/><D105/><U27/><E74/><V60/><F109/><W82/><G134/><T119/><D119/><U17/><E131/><V16/><F4/><W90/><G106/><T20/><D111/><U108/><E108/><V59/><F135/><W101/><G37/><T104/><D104/><U91/><E63/><V127/><F127/><N who="1" m="48681" /><E50/><V87/><F75/><W67/><G44/><T18/><D125/><U85/><E27/><V19/><F66/><W77/><G67/><T97/><D97/><N who="1" m="57479" /><E91/><V103/><F103/><W21/><G90/><T6/><D47/><U53/><E53/><V58/><F58/><W133/><G77/><T96/><D96/><U70/><E70/><V24/><F24/><W98/><G98/><T130/><D130/><U116/><E116/><V95/><F39/><W45/><G45/><T62/><D6/><U68/><E68/><V34/><F40/><W0/><G133/><T51/><D51/><U48/><E48/><V132/><F132/><W54/><G54/><T80/><D38/><U86/><E86/><V57/><F57/><W61/><G61/><T2/><D36/><U123/><E123/><V84/><F84/><W26/><G26/><N who="0" m="14615" /><D80/><U69/><E69/><V31/><F59/><W7/><G82/><T10/><D56/><U55/><E55/><V29/><F60/><W112/><G7/><T15/><D62/><U22/><E22/><V128/><F65/><W41/><G41/><T121/><D64/><U71/><E71/><V1/><F128/><W102/><G102/><T76/><D121/><U33/><E33/><V122/><F32/><RYUUKYOKU ba="1,0" sc="380,-10,250,30,120,-10,250,-10" hai1="8,17,42,43,85,89,93" /><INIT seed="1,2,0,2,4,76" ten="370,280,110,240" oya="1" hai0="29,81,131,58,89,111,129,7,53,2,62,87,8" hai1="94,44,19,124,77,102,91,103,113,27,25,132,46" hai2="13,98,123,22,48,56,117,17,125,10,28,118,43" hai3="37,39,71,79,20,99,23,130,1,101,41,67,34"/><U66/><E113/><V114/><F123/><W14/><G34/><T128/><REACH who="0" step="1"/><D29/><REACH who="0" ten="360,280,110,240" step="2"/><U50/><E124/><V127/><F28/><W47/><G130/><T82/><D82/><U68/><E132/><V32/><F127/><W105/><G39/><T121/><D121/><U6/><E6/><V40/><F125/><W83/><G83/><T9/><D9/><U60/><E77/><V51/><F10/><W11/><G11/><T24/><D24/><U73/><E27/><V80/><F80/><W110/><G37/><T45/><D45/><U119/><E46/><V86/><F17/><W63/><G47/><T36/><D36/><U120/><E120/><V16/><F16/><W69/><G79/><T5/><D5/><U97/><E119/><V95/><F117/><W54/><G110/><AGARI ba="2,1" hai="2,7,8,53,58,62,81,87,89,110,111,128,129,131" machi="110" ten="50,8000,1" yaku="21,2,19,1,52,1,53,1" doraHai="76" doraHaiUra="59" who="0" fromWho="3" sc="360,96,280,0,110,0,240,-86" /><INIT seed="2,0,0,4,4,63" ten="456,280,110,154" oya="2" hai0="87,100,50,129,40,32,77,124,57,73,132,51,47" hai1="96,131,127,65,1,62,30,61,83,25,38,91,43" hai2="36,112,16,71,69,27,31,120,118,130,60,7,6" hai3="74,126,72,90,86,14,117,89,9,68,45,107,98"/><V70/><F112/><W39/><G117/><T92/><D32/><U101/><E1/><V135/><F118/><W10/><G126/><T12/><D124/><U80/><E127/><V64/><F120/><W24/><G68/><T122/><D122/><U20/><E131/><V75/><F130/><W78/><G24/><T55/><D129/><U116/><E116/><V105/><F75/><W81/><G72/><T121/><D132/><U34/><E91/><V113/><F113/><W22/><G22/><T37/><D121/><U5/><E5/><V0/><F36/><W115/><G115/><T29/><D29/><U58/><E34/><V42/><F42/><W104/><G104/><T109/><D109/><U53/><E43/><V95/><F105/><W103/><G14/><T106/><D106/><U134/><E38/><V66/><F135/><W93/><REACH who="3" step="1"/><G89/><REACH who="3" ten="456,280,110,144" step="2"/><T11/><D73/><U108/><E134/><V41/><F0/><W114/><G114/><T46/><D12/><U94/><REACH who="1" step="1"/><E108/><REACH who="1" ten="456,270,110,144" step="2"/><V19/><F41/><AGARI ba="0,2" hai="9,10,39,41,45,74,78,81,86,90,93,98,103,107" machi="41" ten="40,5200,0" yaku="1,1,24,2,53,0" doraHai="63" doraHaiUra="26" who="3" fromWho="2" sc="456,0,270,0,110,-52,144,72" /><INIT seed="3,0,0,3,3,78" ten="456,270,58,216" oya="3" hai0="29,53,10,110,134,102,34,73,87,54,41,12,115" hai1="119,13,81,121,64,111,18,61,35,21,89,86,129" hai2="83,59,122,91,20,97,135,108,60,58,71,80,96" hai3="63,17,99,72,128,62,48,28,75,19,69,120,11"/><W8/><G120/><T56/><D73/><U67/><E121/><V36/><F122/><W26/><G128/><T94/><D110/><U124/><E111/><V32/><F32/><W107/><G48/><T22/><D34/><U7/><E124/><V65/><F108/><W31/><G99/><T25/><D134/><U55/><E129/><V4/><F36/><W5/><G26/><T33/><D33/><U52/><E119/><V88/><F135/><W43/><G43/><T24/><D24/><U66/><E35/><V37/><F37/><W125/><G5/><T16/><D115/><U101/><E101/><V116/><F116/><W50/><G50/><T70/><D70/><U114/><E114/><V49/><F4/><W30/><G30/><T0/><D0/><U113/><E113/><V132/><F132/><W123/><G123/><T68/><D68/><U127/><E127/><V126/><F126/><W131/><G125/><T3/><D41/><U95/><E7/><V44/><F59/><W23/><G69/><T106/><D3/><U15/><E15/><V93/><F20/><W40/><G40/><T51/><D106/><U117/><E117/><V130/><F71/><W9/><G107/><T109/><D109/><U46/><E46/><V82/><F130/><W76/><G131/><T42/><D102/><U38/><E38/><V100/><F97/><W6/><G6/><T45/><D56/><N who="1" m="34951" /><E55/><AGARI ba="0,0" hai="44,49,55,58,60,65,80,82,83,88,91,93,96,100" machi="55" ten="40,8000,1" yaku="8,1,52,3,54,1" doraHai="78" who="2" fromWho="1" sc="456,0,270,-80,58,80,216,0" /><INIT seed="4,0,0,5,0,109" ten="456,190,138,216" oya="0" hai0="105,59,1,96,57,108,22,40,56,81,114,66,93" hai1="32,29,94,115,135,15,36,43,95,13,63,30,55" hai2="70,46,127,99,8,129,106,64,53,123,103,72,79" hai3="122,28,35,71,2,10,91,26,89,87,75,102,86"/><T97/><D1/><U16/><E135/><V11/><F53/><W51/><G75/><T132/><D132/><U31/><E32/><V111/><F8/><W118/><G118/><T120/><D120/><U82/><E36/><V47/><F47/><W133/><G71/><T14/><D108/><U34/><E34/><V134/><F46/><W117/><G102/><T67/><D105/><U48/><E43/><V90/><F11/><W23/><G35/><T131/><D131/><U6/><E6/><V7/><F7/><W24/><G51/><T69/><D69/><U20/><E13/><V60/><F90/><W45/><G45/><T52/><D52/><U39/><E39/><V21/><F21/><W107/><G107/><T41/><D22/><U3/><E3/><V61/><F61/><W19/><G10/><T119/><D14/><U100/><E63/><V113/><F60/><W101/><G23/><T25/><D25/><U124/><E124/><V38/><F106/><W42/><G42/><T126/><D126/><U85/><E100/><V44/><F103/><W104/><G101/><T73/><D41/><U4/><E4/><V0/><F0/><W128/><G133/><T92/><D119/><U78/><REACH who="1" step="1"/><E115/><REACH who="1" ten="456,180,138,216" step="2"/><V110/><F113/><W116/><G2/><T76/><D114/><U84/><E84/><V88/><F127/><W9/><G104/><T112/><D112/><U17/><E17/><V80/><F134/><W5/><G5/><T98/><D40/><U65/><E65/><V62/><F110/><W68/><G19/><T125/><D125/><U37/><E37/><RYUUKYOKU ba="0,1" sc="456,15,180,15,138,-15,216,-15" hai0="56,57,59,66,67,73,76,81,92,93,96,97,98" hai1="15,16,20,29,30,31,48,55,78,82,85,94,95" /><INIT seed="4,1,1,4,2,2" ten="471,195,123,201" oya="0" hai0="20,134,80,57,64,81,31,30,113,95,53,12,37" hai1="48,135,111,72,3,39,82,23,131,103,93,70,127" hai2="34,94,32,119,129,133,14,6,7,90,99,66,76" hai3="41,63,104,8,123,120,28,118,43,117,33,130,106"/><T74/><D37/><U40/><E111/><V21/><F133/><W68/><G28/><T25/><D113/><U87/><E70/><V122/><F122/><N who="3" m="46635" /><G33/><T16/><D134/><U98/><E135/><V29/><F129/><W125/><G130/><T5/><D64/><U79/><E131/><V84/><F119/><N who="3" m="45579" /><G125/><T86/><D74/><U75/><E39/><V19/><F66/><N who="3" m="41055" /><G8/><N who="0" m="4111" /><D95/><U102/><E127/><V24/><F32/><W112/><G112/><T11/><D11/><U121/><E121/><V46/><F46/><W91/><G91/><N who="0" m="51655" /><D81/><U128/><E128/><V49/><F76/><W0/><G0/><T15/><D25/><U65/><E3/><V10/><F34/><W61/><G61/><AGARI ba="1,1" hai="15,16,20,30,31,53,57,61" m="51655,4111" machi="61" ten="30,5800,0" yaku="8,1,52,1,54,1" doraHai="2" who="0" fromWho="3" sc="471,71,195,0,123,0,201,-61" /><INIT seed="4,2,0,1,2,58" ten="542,195,123,140" oya="0" hai0="96,103,64,70,21,10,102,110,35,39,44,32,56" hai1="129,94,25,105,121,45,131,112,43,111,115,107,28" hai2="71,36,57,123,8,88,117,104,62,85,50,40,130" hai3="78,5,11,26,6,87,86,120,81,27,41,20,4"/><T72/><D72/><U31/><E94/><V47/><F130/><N who="1" m="49673" /><E121/><V83/><F123/><W77/><G120/><T124/><D56/><U24/><E111/><V17/><F117/><W7/><G41/><T109/><D21/><U84/><E84/><N who="3" m="32298" /><G81/><T114/><D114/><N who="1" m="43563" /><E25/><N who="3" m="9226" /><G20/><T119/><D119/><U52/><E52/><N who="2" m="31895" /><F8/><W75/><G75/><T14/><D103/><U33/><E31/><V3/><F17/><W12/><AGARI ba="2,0" hai="4,5,6,7,11,12,77,78" m="9226,32298" machi="12" ten="30,1100,0" yaku="8,1" doraHai="58" who="3" fromWho="3" sc="542,-7,195,-5,123,-5,140,17" /><INIT seed="5,0,0,1,2,111" ten="535,190,118,157" oya="1" hai0="37,57,2,52,5,26,4,59,16,114,17,61,12" hai1="107,54,39,40,94,67,82,56,29,53,98,102,46" hai2="45,115,24,9,44,103,10,108,100,75,64,90,28" hai3="13,105,34,78,6,32,60,36,71,76,81,87,31"/><U106/><E29/><V117/><F108/><W30/><G36/><T14/><D37/><U88/><E67/><V91/><F64/><W7/><G105/><T0/><D114/><U23/><E23/><V1/><F28/><W92/><G76/><T38/><D38/><U132/><E132/><V96/><F96/><W20/><G71/><T48/><D26/><U25/><E25/><V18/><F24/><W131/><G60/><T126/><D126/><U63/><REACH who="1" step="1"/><E53/><REACH who="1" ten="535,180,118,157" step="2"/><V124/><F124/><W110/><G31/><T73/><D52/><U113/><E113/><V112/><F117/><W128/><G30/><T62/><D73/><U89/><E89/><V11/><F11/><W125/><G125/><T118/><D118/><U43/><E43/><V70/><F75/><W95/><G110/><T101/><D101/><U133/><E133/><V19/><REACH who="2" step="1"/><F1/><REACH who="2" ten="535,180,108,157" step="2"/><W129/><G34/><T72/><D72/><U135/><E135/><V77/><F77/><W65/><G65/><T80/><D2/><U42/><E42/><V121/><F121/><W49/><G32/><T122/><D0/><U3/><E3/><V47/><F47/><W93/><G13/><T68/><D122/><U119/><E119/><V130/><F130/><W8/><G8/><T33/><D33/><U83/><E83/><V58/><F58/><W79/><G79/><T99/><D80/><U127/><E127/><V120/><F120/><W35/><G35/><T69/><D59/><U51/><E51/><V123/><F123/><W66/><G66/><T50/><D57/><U97/><E97/><AGARI ba="0,2" hai="4,5,12,14,16,17,48,50,61,62,68,69,97,99" machi="97" ten="25,3200,0" yaku="22,2,54,1" doraHai="111" who="0" fromWho="1" sc="535,52,180,-32,108,0,157,0" /><INIT seed="6,0,0,1,3,96" ten="587,148,108,157" oya="2" hai0="130,113,134,127,67,105,51,17,99,27,1,45,88" hai1="80,86,90,4,58,89,92,82,91,135,14,78,43" hai2="70,41,60,16,63,59,73,35,118,66,71,124,77" hai3="36,131,30,95,33,104,72,128,97,115,112,23,94"/><V9/><F118/><W5/><G33/><T44/><D1/><U34/><E34/><V81/><F35/><W84/><G72/><T2/><D2/><U48/><E135/><V19/><F124/><W106/><G36/><T38/><D113/><N who="3" m="43593" /><G5/><T46/><D67/><U107/><E107/><N who="3" m="41002" /><G84/><T76/><D76/><U47/><E82/><V65/><F41/><W31/><G95/><T52/><D130/><N who="3" m="49705" /><G23/><T125/><D105/><U116/><E116/><V123/><F123/><W11/><G11/><T55/><D38/><U50/><E92/><V121/><F121/><W103/><AGARI ba="0,0" hai="30,31,94,97,103" m="49705,41002,43593" machi="103" ten="40,8000,1" yaku="15,1,11,1,19,1,52,1" doraHai="96" who="3" fromWho="3" sc="587,-20,148,-20,108,-40,157,80" /><INIT seed="7,0,0,4,1,48" ten="567,128,68,237" oya="3" hai0="15,18,88,60,9,91,100,116,104,82,45,134,25" hai1="79,23,2,65,21,41,19,51,58,133,16,110,96" hai2="92,127,43,98,90,73,80,97,74,10,11,85,71" hai3="12,57,132,119,8,115,83,44,14,118,95,84,6"/><W108/><G115/><T94/><D116/><U112/><E110/><V32/><F32/><W131/><G131/><T49/><D134/><U1/><E112/><V28/><F71/><W114/><G114/><T135/><D135/><U54/><E133/><V50/><F28/><W103/><G132/><T105/><D91/><U7/><E79/><V20/><F127/><W126/><G126/><T117/><D82/><U124/><E124/><V5/><F20/><W53/><G44/><T47/><D47/><U101/><E41/><V113/><F113/><W129/><G129/><T75/><D75/><U33/><E33/><V64/><F73/><W107/><G107/><T34/><D60/><U42/><E42/><V122/><F122/><W120/><G120/><T86/><D100/><U123/><E65/><V76/><F64/><W70/><G12/><T111/><D111/><U46/><E46/><V26/><F26/><W52/><G70/><T37/><D37/><U81/><E81/><V67/><F67/><W29/><G29/><T69/><D69/><U55/><E123/><V56/><F43/><W125/><G125/><T13/><D117/><U102/><E51/><V87/><F74/><W130/><G108/><T31/><D15/><U99/><E58/><V61/><F50/><W30/><G119/><T106/><D106/><U24/><E24/><V3/><REACH who="2" step="1"/><F10/><REACH who="2" ten="567,128,58,237" step="2"/><W68/><G8/><T72/><D72/><U62/><E62/><V38/><F38/><W128/><G130/><T77/><D77/><U63/><E63/><V17/><F17/><W36/><G128/><T66/><D66/><RYUUKYOKU ba="0,1" sc="567,10,128,10,58,10,237,-30" hai0="9,13,18,25,31,34,45,49,86,88,94,104,105" hai1="1,2,7,16,19,21,23,54,55,96,99,101,102" hai2="3,5,11,56,61,76,80,85,87,90,92,97,98" owari="587,68.7,138,-26.2,68,-43.2,207,0.7" /></mjloggm>