<mjloggm ver="2.3"><GO type="169" lobby="0"/><UN n0="%E9%83%BD%E5%B8%82%E4%BC%9D%E8%AA%AC" n1="%70%6F%72%66%65%76%72%65" n2="%E3%81%9F%E3%81%8B%E3%81%AA" n3="%E3%81%95%E3%81%8F%E3%82%88%E3%81%93%E3%81%A1%E3%82%83%E3%82%93" dan="16,16,19,16" rate="2054.12,2125.80,2239.76,2048.02" sx="M,M,M,M"/><TAIKYOKU oya="0"/><INIT seed="0,0,0,4,1,15" ten="250,250,250,250" oya="0" hai0="0,46,86,126,123,80,63,42,20,69,89,53,54" hai1="131,43,51,32,88,109,113,87,72,4,2,115,101" hai2="98,38,125,106,78,82,26,129,110,102,24,118,58" hai3="79,14,36,105,21,120,127,124,41,23,1,62,132"/><T12/><D0/><U134/><E32/><V18/><F110/><W30/><G1/><T83/><D123/><U9/><E72/><V97/><F38/><W121/><G105/><T65/><D126/><N who="3" m="48169" /><G132/><T128/><D128/><U5/><E109/><V11/><F125/><W56/><G79/><T59/><D69/><U104/><E134/><V95/><F118/><W119/><G119/><T93/><D80/><U22/><E5/><V103/><F129/><W70/><G70/><T112/><D83/><U55/><E43/><V122/><F122/><N who="3" m="47211" /><G30/><T52/><D112/><U76/><E76/><V116/><F116/><W35/><G14/><T100/><D100/><U60/><E131/><V25/><F58/><W44/><G35/><T34/><D34/><U73/><E104/><V27/><F27/><W29/><G29/><T135/><D135/><U47/><E73/><V45/><F45/><W31/><G31/><T64/><D46/><U40/><E115/><V90/><F103/><W28/><G28/><T117/><D117/><U13/><E101/><V39/><F39/><W19/><G19/><N who="0" m="10343" /><D42/><U66/><E113/><V71/><F71/><W107/><G107/><T92/><D92/><N who="1" m="54303" /><E2/><V50/><F106/><W57/><G57/><T48/><D48/><U114/><E114/><V85/><F50/><W8/><G56/><T111/><D111/><U37/><E37/><V16/><F11/><W133/><G133/><T77/><D77/><U3/><E3/><V84/><F102/><W75/><G75/><T99/><D99/><AGARI ba="0,0" hai="16,18,24,25,26,78,82,84,85,90,95,97,98,99" machi="99" ten="40,8000,1" yaku="8,1,52,2,54,1" doraHai="15" who="2" fromWho="0" sc="250,-80,250,0,250,80,250,0" /><INIT seed="1,0,0,5,5,73" ten="170,250,330,250" oya="1" hai0="63,42,50,35,91,20,44,70,4,23,97,32,104" hai1="129,99,100,90,101,115,21,67,134,102,31,0,111" hai2="124,3,77,84,72,30,108,15,128,130,65,98,40" hai3="122,116,19,46,49,76,118,94,59,126,43,12,112"/><U56/><E115/><V53/><F3/><W17/><G112/><T45/><D4/><U7/><E134/><V36/><F72/><W58/><G122/><T34/><D104/><U25/><E129/><V57/><F30/><W27/><G126/><T16/><D23/><U33/><E111/><V120/><F120/><W39/><G39/><T28/><D28/><U93/><E33/><V2/><F2/><W10/><G76/><T117/><D117/><N who="3" m="45161" /><G94/><T29/><D29/><U119/><E119/><V24/><F24/><W6/><G27/><T55/><D63/><U62/><REACH who="1" step="1"/><E90/><REACH who="1" ten="170,240,330,250" step="2"/><V66/><F108/><W18/><AGARI ba="0,1" hai="6,10,12,17,18,19,43,46,49,58,59" m="45161" machi="18" ten="30,1100,0" yaku="12,1" doraHai="73" who="3" fromWho="3" sc="170,-3,240,-5,330,-3,250,21" /><INIT seed="2,0,0,3,4,84" ten="167,235,327,271" oya="2" hai0="34,102,114,37,124,85,70,19,81,74,68,97,24" hai1="65,76,22,83,110,57,31,118,111,98,129,67,108" hai2="2,53,29,63,62,112,28,100,133,33,41,72,6" hai3="50,117,126,55,16,99,122,134,42,87,78,54,101"/><V93/><F72/><W20/><G117/><T47/><D114/><U113/><E113/><V107/><F107/><W11/><G122/><T88/><D124/><U23/><E118/><V32/><F112/><W21/><G126/><T26/><D74/><U5/><E129/><V3/><F41/><W64/><G64/><T75/><D75/><U80/><E5/><V46/><F6/><W58/><G134/><T109/><D109/><U127/><E127/><V17/><F17/><W92/><G42/><T7/><D47/><U86/><E83/><V18/><F18/><W95/><G55/><T91/><D37/><U12/><E98/><V35/><F46/><W0/><G0/><T131/><D34/><U135/><E135/><V13/><F13/><N who="3" m="7231" /><G78/><N who="0" m="46263" /><D131/><U125/><E125/><V77/><F77/><W38/><G38/><T40/><D40/><U49/><E12/><V25/><F133/><W104/><G104/><T69/><D7/><U43/><E22/><V130/><F130/><W48/><G48/><T39/><D39/><U45/><REACH who="1" step="1"/><E57/><REACH who="1" ten="167,225,327,271" step="2"/><V14/><F33/><W61/><G20/><N who="0" m="13343" /><D70/><U71/><E71/><V103/><F14/><W8/><G21/><T59/><D69/><U128/><E128/><V120/><F32/><W27/><G27/><AGARI ba="0,1" hai="23,27,31,43,45,49,65,67,76,80,86,108,110,111" machi="27" ten="40,2600,0" yaku="1,1,14,1,53,0" doraHai="84" doraHaiUra="56" who="1" fromWho="3" sc="167,0,225,36,327,0,271,-26" /><INIT seed="3,0,0,4,3,62" ten="167,261,327,245" oya="3" hai0="83,110,107,49,68,9,96,40,124,108,103,79,77" hai1="67,65,15,92,19,57,71,61,25,58,26,3,56" hai2="39,33,97,14,88,16,27,133,64,128,119,18,76" hai3="74,75,114,99,86,126,41,104,90,36,46,130,20"/><W87/><G126/><T31/><D31/><U30/><E3/><V23/><F119/><W69/><G114/><T53/><D40/><U4/><E4/><V117/><F117/><W0/><G0/><T48/><D9/><U51/><E71/><V10/><F39/><W2/><G2/><T63/><D124/><U93/><E30/><V8/><F128/><W17/><G69/><T111/><D79/><U109/><E109/><V102/><F133/><W59/><G130/><T135/><D135/><U134/><E134/><V100/><F33/><W52/><G99/><T5/><D5/><U21/><E51/><V118/><F118/><W116/><G104/><T121/><D121/><U12/><E15/><N who="2" m="7287" /><F64/><N who="1" m="24649" /><E61/><V47/><F14/><W73/><G90/><T6/><D6/><U115/><E115/><V80/><F76/><W122/><G122/><T82/><D82/><U43/><E43/><V95/><F80/><W54/><G116/><T89/><D89/><U123/><E123/><V72/><F72/><W85/><REACH who="3" step="1"/><G59/><REACH who="3" ten="167,261,327,235" step="2"/><N who="0" m="33191" /><D68/><U94/><AGARI ba="0,1" hai="12,19,21,25,26,56,57,58,92,93,94" m="24649" machi="94" ten="40,8000,1" yaku="8,1,52,3" doraHai="62" who="1" fromWho="1" sc="167,-20,261,90,327,-20,235,-40" /><INIT seed="4,0,0,1,3,112" ten="147,351,307,195" oya="0" hai0="102,65,81,50,24,14,119,62,59,85,73,100,108" hai1="86,121,116,16,104,47,93,90,87,20,134,107,69" hai2="91,58,36,96,41,106,114,110,103,37,68,105,54" hai3="55,122,38,40,128,42,0,131,88,45,11,77,9"/><T8/><D119/><U64/><E121/><V57/><F110/><W18/><G122/><T125/><D73/><U28/><E116/><V76/><F68/><W32/><G32/><T31/><D108/><U29/><E134/><V17/><F114/><W126/><G126/><T99/><D99/><U19/><E19/><V51/><F76/><W80/><G0/><T25/><D50/><U10/><E10/><V46/><F106/><W56/><G42/><T66/><D66/><U33/><E33/><V124/><F124/><W12/><G9/><T27/><D31/><U117/><E117/><V26/><F91/><W53/><G88/><N who="0" m="51247" /><D125/><U79/><E64/><V2/><F2/><W49/><REACH who="3" step="1"/><G53/><REACH who="3" ten="147,351,307,185" step="2"/><T118/><D118/><U21/><E69/><V72/><F54/><W67/><G67/><T133/><D133/><U1/><E1/><V120/><F120/><W83/><G83/><T135/><D135/><U129/><E90/><V82/><F82/><W34/><G34/><T44/><D44/><U3/><E47/><V43/><F43/><W89/><G89/><T95/><D95/><U71/><E93/><V78/><F41/><W132/><G132/><T48/><D48/><U52/><E71/><V92/><F92/><W75/><AGARI ba="0,1" hai="11,12,18,38,40,45,49,55,56,75,77,80,128,131" machi="75" ten="30,2000,0" yaku="1,1,0,1,53,0" doraHai="112" doraHaiUra="98" who="3" fromWho="3" sc="147,-10,351,-5,307,-5,185,30" /><INIT seed="5,0,0,1,4,93" ten="137,346,302,215" oya="1" hai0="38,107,127,42,79,10,45,3,1,40,61,117,49" hai1="121,24,30,110,8,48,131,63,78,74,14,113,86" hai2="59,66,60,101,5,83,71,98,129,25,100,12,56" hai3="133,77,132,112,33,55,46,26,4,41,116,84,123"/><U52/><E121/><V28/><F129/><W58/><G123/><T134/><D42/><U73/><E113/><V130/><F130/><W18/><G112/><T32/><D117/><U22/><E110/><V72/><F100/><W47/><G116/><T19/><D19/><U16/><E131/><V7/><F72/><W109/><G109/><T2/><D49/><U106/><E106/><V36/><F83/><N who="3" m="47215" /><G4/><T89/><D89/><U62/><E74/><V82/><F82/><W6/><G6/><N who="0" m="1359" /><D61/><U31/><E73/><V80/><F80/><W91/><G91/><T108/><D79/><U9/><E78/><V70/><F36/><W96/><G18/><T135/><D108/><U39/><E39/><V88/><F70/><W75/><G41/><T13/><D13/><N who="1" m="7207" /><E86/><V105/><F88/><W50/><G50/><T81/><D32/><U125/><E125/><V64/><F12/><W65/><G33/><T15/><D81/><U92/><E92/><V124/><F124/><W102/><G75/><T126/><D107/><U20/><E22/><V76/><F76/><W114/><G114/><T69/><D15/><U104/><E104/><V17/><F71/><W67/><G133/><N who="0" m="50699" /><D69/><U85/><E85/><V118/><F118/><W51/><G132/><T37/><D37/><U21/><E21/><N who="2" m="15407" /><F17/><W97/><G26/><T128/><D128/><U95/><E95/><V54/><F5/><W115/><G115/><T27/><D27/><U122/><E122/><V111/><F111/><W53/><G51/><T119/><D119/><U0/><E24/><V120/><F120/><W34/><G34/><RYUUKYOKU ba="0,0" sc="137,30,346,-10,302,-10,215,-10" hai0="2,3,38,40,45,126,127" /><INIT seed="6,1,0,0,0,70" ten="167,336,292,205" oya="2" hai0="58,69,130,16,86,33,97,43,77,52,96,46,64" hai1="50,79,85,110,31,51,45,99,109,103,44,76,68" hai2="60,38,8,133,10,115,47,20,14,127,59,89,129" hai3="35,54,124,62,113,2,93,101,65,61,13,132,126"/><V34/><F34/><W90/><G2/><T56/><D33/><U28/><E85/><V91/><F115/><W3/><G3/><T55/><D69/><U27/><E68/><V71/><F71/><W30/><G132/><T112/><D64/><U41/><E31/><V87/><F127/><W25/><G113/><T23/><D112/><U9/><E9/><V32/><F32/><W53/><G101/><T94/><D43/><U134/><E134/><V75/><F75/><W88/><G13/><T7/><D7/><U106/><E109/><V49/><F129/><W105/><G105/><T39/><D39/><U0/><E0/><V119/><F119/><W21/><G35/><T84/><D46/><U40/><E110/><V121/><F121/><W82/><G82/><N who="0" m="47183" /><D130/><U98/><E99/><N who="0" m="37961" /><D94/><U107/><E107/><V66/><F38/><W114/><G114/><T29/><D86/><U6/><E6/><V118/><F118/><W22/><G93/><T63/><D29/><U131/><E131/><V18/><F133/><W135/><G135/><T95/><D95/><U117/><E117/><V78/><F78/><W17/><G54/><N who="0" m="20523" /><D63/><N who="3" m="24073" /><G53/><T5/><D5/><U102/><E102/><V108/><F108/><W1/><G65/><T48/><D48/><U11/><E11/><N who="2" m="4139" /><F87/><W92/><G1/><T123/><D123/><U57/><E57/><V100/><F100/><W72/><G72/><T111/><D111/><U15/><E15/><AGARI ba="1,0" hai="15,16,23,56,58" m="20523,37961,47183" machi="15" ten="30,3900,0" yaku="8,1,54,2" doraHai="70" who="0" fromWho="1" sc="167,42,336,-42,292,0,205,0" /><INIT seed="7,0,0,4,3,114" ten="209,294,292,205" oya="3" hai0="15,16,30,18,94,42,67,4,131,122,0,124,1" hai1="64,61,116,11,2,54,12,49,83,117,20,57,43" hai2="44,22,127,134,40,115,104,73,24,105,41,10,26" hai3="121,19,51,86,56,84,128,93,96,100,126,29,113"/><W27/><G121/><T6/><D42/><U39/><E2/><N who="0" m="1129" /><D94/><U32/><E32/><V58/><F115/><W89/><G113/><T81/><D81/><U63/><E20/><V53/><F127/><W48/><G128/><T47/><D47/><N who="1" m="24063" /><E83/><V66/><F134/><W50/><G126/><T17/><D67/><U79/><E79/><V68/><F73/><W52/><G19/><N who="0" m="7179" /><D124/><U135/><E135/><V60/><F10/><W118/><G118/><N who="1" m="45674" /><E64/><V101/><F101/><W107/><REACH who="3" step="1"/><G84/><REACH who="3" ten="209,294,292,195" step="2"/><T23/><D122/><U31/><E31/><V123/><F123/><W125/><G125/><T62/><D131/><U110/><E110/><V71/><F71/><W55/><G55/><T21/><D62/><U119/><E119/><V9/><F68/><W36/><G36/><T28/><D23/><AGARI ba="0,1" hai="23,27,29,48,50,51,52,56,86,89,93,96,100,107" machi="23" ten="30,5800,0" yaku="1,1,7,1,54,1,53,0" doraHai="114" doraHaiUra="111" who="3" fromWho="0" sc="209,-58,294,0,292,0,195,68" /><INIT seed="7,1,0,1,5,104" ten="151,294,292,263" oya="3" hai0="47,74,50,101,30,4,6,39,90,15,94,25,37" hai1="44,29,19,126,9,83,3,24,114,122,121,62,131" hai2="27,59,134,99,7,20,130,10,86,38,106,61,110" hai3="117,1,107,40,125,119,111,81,112,42,72,78,68"/><W71/><G1/><T16/><D101/><U132/><E114/><V28/><F110/><W76/><G112/><T48/><D48/><U79/><E126/><V0/><F38/><W66/><G107/><T57/><D57/><U120/><E62/><V91/><F130/><W54/><G125/><T53/><D74/><U92/><E92/><V36/><F36/><W115/><G115/><T109/><D109/><U33/><E19/><V73/><F73/><W64/><G72/><T89/><D89/><U87/><E132/><V2/><F134/><W11/><G11/><T97/><D39/><U128/><REACH who="1" step="1"/><E44/><REACH who="1" ten="151,284,292,263" step="2"/><V85/><F106/><W5/><G5/><AGARI ba="1,1" hai="3,5,9,24,29,33,79,83,87,120,121,122,128,131" machi="5" ten="50,6400,0" yaku="1,1,2,1,53,1" doraHai="104" doraHaiUra="23" who="1" fromWho="3" sc="151,0,284,77,292,0,263,-67" owari="151,-34.9,361,46.1,292,9.2,196,-20.4" /></mjloggm>