<mjloggm ver="2.3"><GO type="169" lobby="0"/><UN n0="%E3%81%86%E3%81%91%E3%81%AA%E3%81%8C%E3%81%97%E3%81%BE%E3%81%9B%E3%82%93" n1="%E9%98%BF%E9%83%A8%E5%AF%9B%EF%BC%A0%E9%B3%B3%E5%8D%93" n2="%57%44%44%69%65" n3="%E3%82%BF%E3%82%A4%E4%BA%BA%EF%BC%A0%E3%83%90%E3%83%B3%E3%82%B3%E3%82%AF" dan="17,16,16,16" rate="2243.03,2123.93,2074.36,2125.63" sx="F,F,M,M"/><TAIKYOKU oya="0"/><INIT seed="0,0,0,5,5,76" ten="250,250,250,250" oya="0" hai0="50,87,53,102,134,17,35,107,33,42,108,48,73" hai1="126,127,135,27,37,58,41,38,46,122,75,85,3" hai2="24,120,115,12,98,66,57,118,111,112,104,65,14" hai3="39,30,77,28,83,106,13,4,54,74,93,64,91"/><T130/><D73/><U1/><E122/><V97/><F24/><W95/><G39/><T92/><D130/><U5/><E135/><V124/><F57/><W55/><G106/><T21/><D134/><U32/><E75/><V129/><F129/><W18/><G4/><T117/><D117/><U31/><E37/><V61/><F61/><W63/><G93/><T8/><D8/><U94/><E58/><V100/><F111/><W110/><G110/><T89/><D108/><U86/><E5/><V26/><F26/><W9/><G30/><T121/><D121/><U2/><REACH who="1" step="1"/><E94/><REACH who="1" ten="250,240,250,250" step="2"/><V125/><F120/><W105/><G105/><T72/><D72/><U103/><E103/><V51/><F104/><W67/><G67/><T25/><D107/><U7/><E7/><V6/><F6/><W79/><G64/><T0/><D102/><U10/><E10/><V132/><F100/><W116/><G116/><T60/><D0/><U15/><E15/><V82/><F132/><W96/><G13/><T56/><REACH who="0" step="1"/><D60/><REACH who="0" ten="240,240,250,250" step="2"/><U68/><E68/><V109/><F118/><W113/><G63/><T70/><D70/><U131/><E131/><V19/><F109/><W114/><G9/><T43/><D43/><U62/><E62/><V40/><F40/><W133/><G133/><T71/><D71/><U59/><E59/><V78/><F115/><W20/><G74/><T47/><AGARI ba="0,2" hai="17,21,25,33,35,42,47,48,50,53,56,87,89,92" machi="47" ten="30,6000,0" yaku="1,1,0,1,53,1" doraHai="76" doraHaiUra="88" who="0" fromWho="0" sc="240,80,240,-20,250,-20,250,-20" /><INIT seed="0,1,0,3,2,32" ten="320,220,230,230" oya="0" hai0="104,71,58,91,122,100,68,75,5,102,93,42,88" hai1="30,77,131,31,36,125,57,110,64,82,133,85,129" hai2="46,84,81,8,43,62,10,105,48,33,11,13,119" hai3="126,37,7,15,6,116,9,120,97,83,94,19,61"/><T108/><D122/><U60/><E110/><V20/><F33/><W25/><G116/><T78/><D42/><U26/><E125/><V39/><F105/><W90/><G37/><T55/><D108/><U121/><E121/><V115/><F115/><W106/><G126/><T69/><D104/><U52/><E36/><V40/><F119/><W134/><G134/><T53/><D5/><U2/><E133/><V49/><F62/><W127/><G127/><T14/><D14/><U0/><E64/><V18/><REACH who="2" step="1"/><F40/><REACH who="2" ten="320,220,220,230" step="2"/><W12/><G106/><T118/><D118/><U63/><E63/><V1/><F1/><N who="1" m="617" /><E26/><V24/><F24/><W130/><G25/><T28/><D71/><U66/><E66/><V16/><F16/><W47/><G61/><T92/><D28/><U3/><N who="1" m="625" /><U54/><DORA hai="29" /><E54/><V107/><F107/><W86/><G120/><T117/><D117/><U103/><E103/><V114/><F114/><W72/><G19/><T111/><D111/><U135/><E135/><V56/><F56/><W76/><G7/><T21/><D58/><U124/><E124/><V112/><F112/><W35/><G6/><T44/><D69/><U123/><E123/><V50/><F50/><W98/><G47/><T41/><D68/><U73/><E30/><V89/><AGARI ba="1,1" hai="8,10,11,13,18,20,39,43,46,48,49,81,84,89" machi="89" ten="30,2000,0" yaku="1,1,0,1,53,0" doraHai="32,29" doraHaiUra="99,109" who="2" fromWho="2" sc="320,-11,220,-6,220,33,230,-6" /><INIT seed="1,0,0,4,3,121" ten="309,214,253,224" oya="1" hai0="95,108,0,52,112,85,99,81,34,68,132,90,120" hai1="105,50,94,91,10,115,41,100,24,96,75,73,113" hai2="33,21,88,4,87,2,55,56,32,61,27,110,38" hai3="13,36,82,102,69,67,126,116,127,63,122,62,18"/><U83/><E10/><V15/><F38/><W78/><G122/><T48/><D120/><U35/><E24/><V54/><F2/><W123/><G123/><T103/><D112/><N who="1" m="43083" /><E50/><V59/><F4/><W30/><G116/><T47/><D34/><U66/><E66/><V80/><F15/><W11/><G36/><T86/><D68/><U39/><E41/><V6/><F6/><W44/><G44/><T14/><D0/><U77/><E35/><V40/><F40/><W74/><G30/><T114/><D114/><U76/><E39/><V117/><F117/><W131/><G131/><T51/><D132/><U22/><E22/><V60/><REACH who="2" step="1"/><F110/><REACH who="2" ten="309,214,243,224" step="2"/><W71/><G102/><T8/><D108/><U64/><E64/><AGARI ba="0,1" hai="11,13,18,62,63,64,67,69,71,74,78,82,126,127" machi="64" ten="40,1300,0" yaku="9,1" doraHai="121" who="3" fromWho="1" sc="309,0,214,-13,243,0,224,23" /><INIT seed="2,0,0,2,3,70" ten="309,201,243,247" oya="2" hai0="74,81,27,89,114,55,125,88,40,43,105,3,100" hai1="94,131,69,130,17,2,62,16,132,101,119,111,49" hai2="95,41,80,91,54,11,117,76,122,10,83,53,121" hai3="58,77,33,64,113,37,32,28,104,50,61,123,109"/><V103/><F117/><W1/><G123/><T12/><D3/><U134/><E119/><V60/><F103/><W75/><G104/><T4/><D114/><U71/><E2/><V39/><F76/><W45/><G1/><T30/><D125/><U127/><E111/><V20/><F20/><W24/><G109/><T14/><D74/><U6/><E6/><V67/><F95/><W120/><G120/><T44/><D100/><U82/><E82/><V18/><F18/><N who="1" m="7273" /><E49/><V57/><F67/><W110/><G110/><T38/><D105/><U19/><N who="1" m="7281" /><U108/><DORA hai="112" /><E108/><V5/><F54/><W52/><G113/><T65/><D43/><U96/><E127/><V7/><F7/><W51/><G51/><T102/><D81/><U8/><E8/><V13/><F11/><W56/><G77/><T36/><D36/><U63/><E71/><V68/><F68/><W0/><G0/><T34/><D4/><U124/><E124/><V118/><F83/><W31/><G75/><T35/><D35/><U72/><E72/><V92/><F80/><W29/><REACH who="3" step="1"/><G33/><REACH who="3" ten="309,201,243,237" step="2"/><T66/><D34/><U133/><E62/><V84/><REACH who="2" step="1"/><F118/><REACH who="2" ten="309,201,233,237" step="2"/><W21/><G21/><T97/><D12/><U106/><E106/><V48/><F48/><W86/><G86/><T46/><D14/><U90/><E133/><V25/><F25/><W93/><G93/><T126/><D126/><U107/><E132/><V9/><F9/><W59/><G59/><T129/><D27/><U98/><E134/><V79/><F79/><W99/><G99/><T128/><D97/><U116/><E116/><RYUUKYOKU ba="0,2" sc="309,-30,201,10,233,10,237,10" hai1="63,69,90,94,96,98,101,107,130,131" hai2="5,10,13,39,41,53,57,60,84,91,92,121,122" hai3="24,28,29,31,32,37,45,50,52,56,58,61,64" /><INIT seed="2,1,2,0,2,107" ten="279,211,243,247" oya="2" hai0="126,60,56,42,86,35,124,31,111,104,110,52,10" hai1="50,44,55,77,39,2,109,65,11,128,118,7,69" hai2="97,125,4,57,40,121,89,14,20,48,135,115,91" hai3="25,63,64,131,68,133,32,102,12,37,8,54,74"/><V46/><F115/><W73/><G37/><T43/><D104/><U123/><E118/><V17/><F121/><W122/><G122/><T127/><D31/><U95/><E123/><V16/><F135/><W90/><G133/><T62/><D35/><U0/><E109/><N who="0" m="41481" /><D86/><U71/><E128/><V34/><F34/><W59/><G131/><T119/><D10/><U99/><E0/><V26/><F125/><W88/><G102/><T36/><D119/><U117/><E117/><V49/><F97/><W78/><G25/><T129/><D129/><U82/><E65/><V87/><F4/><W24/><G24/><T21/><D21/><U134/><E39/><V18/><F18/><W76/><G76/><T61/><D36/><U116/><E116/><V130/><F130/><W6/><G32/><T28/><D28/><U105/><E105/><V38/><F91/><W85/><G78/><T66/><D66/><U13/><E2/><V75/><F75/><W92/><G90/><T45/><D45/><U93/><E134/><V19/><F19/><W29/><G29/><T80/><D80/><U27/><E27/><V112/><F112/><W67/><G67/><T108/><N who="0" m="41489" /><T79/><DORA hai="51" /><D79/><U106/><E106/><V33/><F33/><W81/><G81/><T120/><D120/><U114/><E114/><V1/><F1/><W5/><G5/><T103/><D103/><U3/><E3/><V72/><F72/><W83/><G83/><T84/><D84/><N who="1" m="48207" /><E99/><V15/><F38/><W30/><G30/><T47/><D47/><U22/><E22/><V94/><F17/><RYUUKYOKU ba="1,2" sc="279,0,211,0,243,0,247,0" hai0="42,43,52,56,60,61,62,124,126,127" hai1="7,11,13,44,50,55,69,71,93,95" hai2="14,15,16,20,26,40,46,48,49,57,87,89,94" hai3="6,8,12,54,59,63,64,68,73,74,85,88,92" /><INIT seed="2,2,2,0,3,24" ten="279,211,243,247" oya="2" hai0="51,6,106,33,114,75,109,120,9,119,5,134,85" hai1="49,39,19,55,122,3,123,112,125,18,60,126,103" hai2="113,36,43,115,104,90,4,16,32,108,124,86,107" hai3="63,70,13,31,121,117,105,21,54,30,53,0,88"/><V128/><F128/><W29/><G117/><T111/><D106/><U67/><E3/><V81/><F124/><N who="1" m="47721" /><E103/><V96/><F4/><W76/><G105/><T42/><D75/><U82/><E82/><V10/><F32/><W35/><G35/><T37/><D114/><U84/><E84/><V50/><F36/><W17/><G0/><T132/><D120/><N who="1" m="46123" /><E39/><V48/><F107/><W131/><G131/><T47/><D119/><U89/><E89/><V11/><F11/><W38/><G38/><T69/><D33/><U127/><N who="1" m="47729" /><U44/><DORA hai="15" /><E112/><V94/><F104/><W28/><N who="3" m="7168" /><DORA hai="34" /><W74/><G121/><T14/><D69/><AGARI ba="2,2" hai="18,19,44,49,55,60,67,69" m="46123,47729" machi="69" ten="40,8000,1" yaku="18,1,13,1,52,2" doraHai="24,15,34" who="1" fromWho="0" sc="279,-86,211,106,243,0,247,0" /><INIT seed="3,0,0,0,5,119" ten="193,317,243,247" oya="3" hai0="91,14,0,132,86,92,10,81,104,62,61,125,59" hai1="37,21,105,130,118,110,49,94,20,30,80,51,50" hai2="128,12,116,68,102,69,67,23,28,97,36,126,103" hai3="2,122,47,15,117,99,41,58,53,79,57,71,18"/><W5/><G117/><T22/><D104/><U87/><E105/><V107/><F116/><W55/><G71/><T112/><D112/><U70/><E37/><V60/><F36/><W7/><G79/><T27/><D0/><U40/><E70/><V131/><F126/><W65/><G65/><T31/><D125/><U74/><E74/><V89/><F69/><W33/><G33/><T93/><D132/><U85/><E30/><V111/><F111/><W29/><G29/><T83/><D93/><U32/><E32/><V76/><F76/><W78/><G78/><T124/><D124/><U54/><E40/><V42/><F42/><W95/><G122/><T66/><REACH who="0" step="1"/><D62/><REACH who="0" ten="183,317,243,247" step="2"/><U127/><E127/><V17/><F107/><W133/><G2/><T16/><AGARI ba="0,1" hai="10,14,16,22,27,31,59,61,66,81,83,86,91,92" machi="16" ten="20,12000,2" yaku="1,1,2,1,0,1,7,1,8,1,54,1,53,1" doraHai="119" doraHaiUra="4" who="0" fromWho="0" sc="183,130,317,-30,243,-30,247,-60" /><INIT seed="4,0,0,0,3,45" ten="313,287,213,187" oya="0" hai0="53,73,121,81,131,67,88,70,7,101,125,71,115" hai1="27,36,98,84,119,103,114,110,56,79,130,102,4" hai2="116,16,109,95,92,123,25,90,52,40,35,78,51" hai3="62,34,31,124,105,74,5,60,113,86,33,44,75"/><T91/><D121/><U64/><E110/><V23/><F123/><W55/><G105/><T126/><D115/><U22/><E119/><V69/><F109/><W30/><G113/><T39/><D39/><U100/><E36/><V28/><F69/><W106/><G106/><T12/><D101/><U118/><E118/><V61/><F116/><W76/><G5/><T54/><D73/><U107/><E114/><V32/><F78/><W46/><G76/><T82/><D7/><U89/><E79/><V63/><F40/><W133/><G86/><T21/><D21/><U111/><E4/><V50/><F95/><W77/><G77/><T108/><D108/><U87/><E111/><V112/><F112/><W10/><G10/><T80/><D12/><U104/><E130/><V122/><F122/><W132/><REACH who="3" step="1"/><G55/><REACH who="3" ten="313,287,213,177" step="2"/><T59/><D82/><U37/><E107/><V2/><F2/><W83/><G83/><T18/><D131/><U85/><E104/><V6/><F6/><W14/><G14/><T65/><D59/><U26/><E85/><V127/><F127/><AGARI ba="0,1" hai="30,31,33,34,44,46,60,62,74,75,124,127,132,133" machi="127" ten="25,3200,0" yaku="1,1,22,2,53,0" doraHai="45" doraHaiUra="97" who="3" fromWho="2" sc="313,0,287,0,213,-32,177,42" /><INIT seed="5,0,0,0,1,33" ten="313,287,181,219" oya="1" hai0="32,112,66,26,132,50,42,106,105,16,43,99,0" hai1="49,127,116,69,40,14,52,64,38,85,15,128,93" hai2="125,130,68,120,54,1,123,11,76,90,7,119,88" hai3="107,23,87,126,59,75,83,73,95,3,30,53,89"/><U56/><E116/><V46/><F119/><W74/><G3/><T110/><D110/><U48/><E127/><V94/><F68/><W109/><G109/><T13/><D112/><U62/><E128/><V65/><F65/><W41/><G41/><T17/><D132/><U44/><REACH who="1" step="1"/><E48/><REACH who="1" ten="313,277,181,219" step="2"/><V117/><F130/><W18/><G126/><T60/><D50/><U67/><E67/><V10/><F125/><W129/><G129/><T96/><D66/><U131/><E131/><V103/><F117/><W37/><G37/><T108/><D108/><U97/><E97/><V12/><F123/><W82/><G107/><T31/><D99/><U9/><E9/><V55/><F120/><W124/><G124/><T28/><D96/><U100/><E100/><V81/><F103/><W8/><G8/><T118/><D105/><U51/><E51/><V121/><F121/><W47/><G75/><T122/><D106/><U135/><E135/><V22/><F11/><W19/><G74/><T91/><D118/><U58/><E58/><V25/><F46/><W34/><G73/><T6/><D122/><U35/><E35/><V101/><F101/><W21/><G47/><T98/><D32/><U79/><E79/><V4/><F4/><W5/><G5/><T78/><D78/><U24/><E24/><V92/><F12/><W36/><G36/><T104/><D104/><U27/><E27/><V72/><F90/><AGARI ba="0,1" hai="14,15,38,40,44,49,52,56,62,64,69,85,90,93" machi="90" ten="40,12000,1" yaku="1,1,24,2,54,1,53,0" doraHai="33" doraHaiUra="133" who="1" fromWho="2" sc="313,0,277,130,181,-120,219,0" /><INIT seed="5,1,0,5,4,24" ten="313,407,61,219" oya="1" hai0="39,82,108,0,67,80,35,105,58,42,106,55,28" hai1="37,66,100,2,119,20,74,40,27,3,31,36,89" hai2="121,135,13,48,130,118,124,134,110,83,101,104,26" hai3="14,70,56,72,51,125,97,32,15,96,79,17,102"/><U9/><E119/><V84/><F118/><W43/><G70/><T128/><D108/><U78/><E100/><V81/><F121/><W98/><G32/><T120/><D0/><U132/><E132/><V127/><F13/><W111/><G111/><T113/><D113/><U93/><E66/><V1/><F1/><W91/><G91/><T53/><D67/><U16/><E78/><V5/><F5/><W44/><G15/><T77/><D42/><U23/><E74/><V112/><F26/><W22/><G125/><N who="2" m="48201" /><F48/><W63/><G79/><T99/><D39/><U19/><E2/><V65/><F65/><W45/><G45/><T109/><D77/><U57/><E57/><V88/><F110/><W68/><G72/><T60/><D35/><U90/><E3/><V85/><F112/><W126/><G68/><T4/><D4/><U64/><E64/><V133/><F101/><W117/><G117/><T95/><D109/><U87/><E9/><V54/><F54/><N who="3" m="34199" /><G126/><T61/><D58/><U11/><E11/><V129/><F104/><W25/><G25/><T116/><D116/><U107/><E107/><V114/><F114/><W47/><G47/><T71/><D120/><U7/><E7/><V29/><F29/><W52/><G102/><T10/><D10/><U46/><E31/><V18/><F18/><W75/><G43/><T49/><D71/><U103/><E103/><V59/><F59/><W131/><G17/><T73/><D105/><U21/><E37/><V33/><F33/><W86/><G22/><N who="1" m="8810" /><E19/><V122/><F122/><W94/><G14/><T76/><D106/><RYUUKYOKU ba="1,0" sc="313,-15,407,15,61,15,219,-15" hai1="16,23,27,36,40,46,87,89,90,93" hai2="81,83,84,85,88,129,130,133,134,135" /><INIT seed="5,2,0,3,0,125" ten="298,422,76,204" oya="1" hai0="101,51,132,8,75,116,47,66,69,111,133,78,94" hai1="93,19,23,88,73,54,115,14,82,63,53,4,33" hai2="105,70,100,109,49,11,29,67,7,27,96,131,46" hai3="114,120,56,68,95,98,55,45,21,18,20,97,76"/><U2/><E115/><V119/><F119/><W110/><G68/><T25/><D116/><U89/><E33/><V124/><F124/><W113/><G120/><T135/><D111/><U91/><E93/><V42/><F109/><W126/><G126/><T10/><D25/><U34/><E34/><V81/><F81/><W3/><G3/><T65/><D75/><U127/><E127/><V16/><F67/><W85/><G110/><T12/><D78/><U71/><E71/><V35/><F70/><W30/><G45/><T31/><D31/><U6/><E63/><V108/><F108/><W121/><G121/><T17/><D10/><U79/><REACH who="1" step="1"/><E2/><REACH who="1" ten="298,412,76,204" step="2"/><V72/><F35/><W15/><G95/><T43/><REACH who="0" step="1"/><D69/><REACH who="0" ten="288,412,76,204" step="2"/><U36/><E36/><V40/><F105/><W9/><G114/><T37/><D37/><U122/><E122/><V1/><F1/><W52/><G113/><T74/><D74/><U59/><E59/><V77/><F72/><W41/><G56/><T118/><D118/><U22/><E22/><V103/><F46/><W123/><G20/><T107/><D107/><U87/><E87/><V86/><F86/><W117/><G85/><T64/><D64/><U60/><E60/><V57/><F57/><W99/><G21/><T134/><N who="0" m="33792" /><DORA hai="13" /><T0/><D0/><U92/><E92/><V61/><F61/><W62/><G62/><T102/><D102/><U58/><E58/><V80/><F103/><W112/><G112/><T28/><D28/><U128/><E128/><V44/><F131/><W50/><G123/><T106/><D106/><U39/><E39/><RYUUKYOKU ba="2,2" sc="288,15,412,15,76,-15,204,-15" hai0="8,12,17,43,47,51,65,66,94,101" hai1="4,6,14,19,23,53,54,73,79,82,88,89,91" /><INIT seed="5,3,2,4,0,14" ten="303,427,61,189" oya="1" hai0="59,52,65,41,117,84,28,10,123,97,68,108,47" hai1="122,51,128,91,0,12,55,86,49,93,112,77,89" hai2="9,50,78,133,125,7,38,48,17,111,105,26,15" hai3="81,64,34,67,57,36,16,44,101,90,100,6,134"/><U126/><E122/><V23/><F111/><W118/><G34/><T58/><D108/><U24/><E0/><V39/><F105/><W43/><G134/><T54/><D117/><U21/><E112/><V27/><F133/><W82/><G6/><T42/><D28/><U135/><E135/><V70/><F70/><W127/><G127/><T106/><D84/><U85/><E126/><V33/><F125/><W76/><G118/><T116/><D10/><U115/><E115/><V30/><F78/><W53/><G90/><T18/><D106/><U66/><E128/><V4/><F4/><W96/><G82/><T60/><D18/><N who="1" m="12343" /><E66/><V130/><F130/><W19/><G67/><T1/><D97/><U75/><E75/><V79/><F79/><W94/><G100/><T2/><D116/><U119/><E77/><V109/><F109/><W46/><G64/><T73/><D73/><U74/><E74/><V40/><F40/><W98/><G98/><T37/><D123/><U3/><E3/><V45/><REACH who="2" step="1"/><F48/><REACH who="2" ten="303,427,51,189" step="2"/><N who="3" m="30887" /><G43/><T31/><D42/><U92/><E119/><V80/><F80/><W72/><G36/><T110/><D110/><U56/><E49/><V83/><F83/><W63/><G72/><T107/><D107/><U11/><E51/><V20/><F20/><W87/><G63/><N who="0" m="36295" /><D31/><U69/><E69/><V132/><F132/><W13/><G13/><T62/><D2/><U32/><E12/><V103/><F103/><W88/><G101/><T61/><D1/><U113/><E113/><V102/><F102/><W131/><G131/><T121/><D121/><U25/><E32/><RYUUKYOKU ba="3,3" sc="303,10,427,-30,51,10,189,10" hai0="37,41,47,54,59,60,61,62,65,68" hai2="7,9,15,17,23,26,27,30,33,38,39,45,50" hai3="16,19,44,46,76,81,87,88,94,96" /><INIT seed="6,4,3,2,0,23" ten="313,397,61,199" oya="2" hai0="134,103,50,125,22,10,75,93,33,16,31,37,61" hai1="11,123,131,52,110,101,107,36,130,85,30,63,88" hai2="90,62,113,46,32,132,104,39,133,86,83,76,48" hai3="81,114,64,120,82,127,74,43,70,66,7,5,99"/><V87/><F32/><W49/><G120/><T54/><D75/><U24/><E110/><V42/><F104/><W67/><G70/><T47/><D125/><U21/><E36/><V65/><F39/><W80/><G127/><T111/><D111/><U112/><E123/><V102/><F102/><W77/><G114/><T118/><D118/><U126/><E126/><V41/><F113/><W20/><G74/><T45/><D134/><U69/><E11/><V106/><F106/><W34/><G77/><T0/><D61/><U109/><E109/><V73/><F42/><W15/><G34/><T95/><D33/><U28/><E112/><V72/><F72/><W8/><G99/><T78/><D78/><U9/><E9/><V55/><F41/><W17/><G8/><T135/><D135/><N who="2" m="51786" /><F90/><W6/><G43/><T57/><D37/><U92/><E101/><V58/><AGARI ba="4,3" hai="46,48,55,58,62,65,73,76,83,86,87" m="51786" machi="58" ten="30,1500,0" yaku="20,1" doraHai="23" who="2" fromWho="2" sc="313,-9,397,-9,61,57,199,-9" /><INIT seed="6,5,0,5,2,74" ten="304,388,118,190" oya="2" hai0="121,40,90,105,111,85,20,50,41,127,72,132,126" hai1="39,104,24,94,71,54,47,38,12,61,62,84,100" hai2="56,118,82,58,4,76,129,79,80,65,86,67,119" hai3="28,66,97,92,117,134,52,16,106,1,19,69,112"/><V37/><F37/><W101/><G117/><T91/><D111/><U115/><E12/><V7/><REACH who="2" step="1"/><F86/><REACH who="2" ten="304,388,108,190" step="2"/><W60/><G134/><T27/><D85/><U122/><E84/><V128/><AGARI ba="5,1" hai="4,7,56,58,65,67,76,79,80,82,118,119,128,129" machi="128" ten="25,18000,2" yaku="1,1,2,1,0,1,22,2,52,2,53,0" doraHai="74" doraHaiUra="9" who="2" fromWho="2" sc="304,-65,388,-65,108,205,190,-65" /><INIT seed="6,6,0,0,4,42" ten="239,323,313,125" oya="2" hai0="68,15,60,132,51,121,5,131,52,74,79,120,43" hai1="89,50,81,49,41,0,107,125,48,59,94,12,82" hai2="108,90,46,67,71,45,38,97,86,39,40,111,104" hai3="88,58,76,95,87,27,73,105,24,103,65,10,127"/><V34/><F34/><W21/><G127/><T2/><D2/><U91/><E0/><V109/><F104/><W122/><G122/><T66/><D131/><U75/><E107/><V124/><F97/><W9/><G27/><T57/><D132/><U19/><E125/><V119/><F124/><W93/><G105/><T129/><D129/><U32/><E32/><V28/><F28/><W55/><G65/><T16/><D5/><U47/><E75/><V116/><F71/><W70/><G70/><T1/><D1/><U36/><E59/><V102/><F102/><W110/><G110/><T7/><D7/><U33/><E33/><V69/><F69/><W64/><G64/><T133/><D133/><U130/><E130/><V134/><F67/><W29/><G76/><T106/><D106/><U100/><E100/><V128/><F128/><W126/><G73/><T78/><D43/><U80/><REACH who="1" step="1"/><E94/><REACH who="1" ten="239,313,313,125" step="2"/><N who="2" m="54615" /><F134/><W14/><G126/><T101/><D101/><U113/><E113/><V4/><F4/><W37/><G103/><T115/><D115/><U63/><E63/><V84/><F119/><W123/><G95/><T17/><D74/><U96/><E96/><V114/><F116/><W56/><G56/><T22/><REACH who="0" step="1"/><D17/><REACH who="0" ten="229,313,313,125" step="2"/><U92/><E92/><V44/><F114/><W62/><G123/><AGARI ba="6,2" hai="15,16,22,51,52,57,60,66,68,78,79,120,121,123" machi="123" ten="40,8000,1" yaku="1,1,2,1,54,2,53,0" doraHai="42" doraHaiUra="83" who="0" fromWho="3" sc="229,118,313,0,313,0,125,-98" /><INIT seed="7,0,0,0,3,17" ten="347,313,313,27" oya="3" hai0="76,127,22,123,35,85,71,10,53,115,97,124,47" hai1="24,52,87,18,83,131,103,45,13,39,61,27,8" hai2="128,86,33,4,40,11,79,60,12,43,63,89,95" hai3="50,92,77,98,113,48,120,117,44,90,64,96,57"/><W29/><G117/><T104/><D123/><U21/><E131/><V26/><F128/><W122/><G113/><T66/><D35/><U111/><E111/><V118/><F118/><W70/><G70/><T65/><D10/><U15/><E103/><V93/><F79/><W32/><G77/><T19/><D115/><U49/><E61/><V94/><F33/><W56/><G98/><T108/><D108/><U0/><E39/><V78/><F78/><W101/><G101/><T37/><D97/><U106/><E0/><V110/><F110/><W14/><G120/><T38/><D38/><U84/><E106/><V109/><F109/><W9/><G122/><T80/><D104/><U135/><E135/><V62/><REACH who="2" step="1"/><F26/><REACH who="2" ten="347,313,303,27" step="2"/><N who="1" m="9769" /><E83/><AGARI ba="0,1" hai="4,11,12,40,43,60,62,63,83,86,89,93,94,95" machi="83" ten="40,2600,0" yaku="1,1,8,1,53,0" doraHai="17" doraHaiUra="28" who="2" fromWho="1" sc="347,0,313,-26,303,36,27,0" owari="347,44.7,287,-11.3,339,13.9,27,-47.3" /></mjloggm>