<mjloggm ver="2.3"><GO type="169" lobby="0"/><UN n0="%41%2E%53%74%61%72%73" n1="%E5%BA%84%E5%8F%B8%E5%81%A5%E5%A4%AA%E6%9C%97" n2="%E6%81%8B%E3%81%AE%E3%81%86%E3%81%9F" n3="%E3%81%BE%E3%81%A8%E3%81%9F" dan="16,16,17,16" rate="2061.87,2057.61,2219.08,2121.99" sx="M,M,M,M"/><TAIKYOKU oya="0"/><INIT seed="0,0,0,5,0,27" ten="250,250,250,250" oya="0" hai0="83,13,26,132,50,127,29,84,8,124,69,87,93" hai1="45,35,52,82,74,76,9,78,24,77,10,133,123" hai2="11,125,130,89,7,91,33,59,17,42,114,115,122" hai3="126,90,121,113,94,48,4,111,62,60,66,0,119"/><T108/><D69/><U96/><E123/><V6/><F122/><W68/><G121/><T58/><D132/><U73/><E133/><V116/><F33/><W80/><G113/><T103/><D58/><U64/><E96/><V21/><F125/><N who="0" m="48202" /><D50/><U118/><E64/><V88/><F130/><W16/><G126/><T107/><D107/><U44/><E118/><V71/><F71/><W43/><G119/><T65/><D65/><U28/><E45/><V99/><F116/><W98/><G48/><T101/><D93/><U32/><E32/><V67/><F42/><W40/><G94/><T31/><D108/><U1/><E1/><V12/><F7/><W55/><G4/><N who="0" m="3207" /><D87/><U72/><REACH who="1" step="1"/><E82/><REACH who="1" ten="250,240,250,250" step="2"/><V85/><F99/><W81/><G66/><T112/><D112/><U20/><E20/><V109/><F114/><W18/><G111/><T129/><D129/><U120/><E120/><V131/><F131/><W128/><G128/><T51/><D103/><U2/><E2/><V39/><F109/><W105/><G0/><T70/><D101/><U79/><N who="1" m="19456" /><DORA hai="5" /><U100/><E100/><V15/><F115/><W97/><G80/><T134/><D83/><U54/><E54/><V46/><F46/><W30/><G81/><T23/><D134/><U49/><AGARI ba="0,1" hai="9,10,24,28,35,44,49,52,72,73,74" m="19456" machi="49" ten="50,12000,2" yaku="1,1,0,1,52,3,54,1,53,0" doraHai="27,5" doraHaiUra="135,117" who="1" fromWho="1" sc="250,-60,240,130,250,-30,250,-30" /><INIT seed="1,0,0,3,2,3" ten="190,370,220,220" oya="1" hai0="88,82,104,102,100,27,81,126,118,119,114,93,33" hai1="8,98,38,111,61,73,131,69,6,113,44,64,60" hai2="90,106,36,95,1,62,117,28,48,121,66,54,105" hai3="129,97,24,58,43,18,72,21,56,39,26,122,25"/><U4/><E113/><V11/><F117/><W77/><G122/><T71/><D71/><U19/><E73/><V14/><F36/><W29/><G129/><T59/><D33/><U74/><E74/><V83/><F1/><W110/><G110/><T37/><D37/><U132/><E132/><V135/><F28/><W12/><G29/><T63/><D27/><U53/><E131/><V133/><F83/><N who="0" m="31754" /><D59/><N who="1" m="36895" /><E38/><V15/><F121/><W40/><G72/><T96/><D63/><U103/><E69/><V78/><F78/><W84/><G77/><T50/><D50/><N who="1" m="28871" /><E61/><V13/><F62/><W35/><G35/><T7/><D7/><N who="1" m="2603" /><E111/><V125/><F66/><W89/><G39/><T2/><D2/><U92/><E19/><V115/><F115/><W20/><G18/><T134/><D114/><U91/><E8/><V127/><F11/><W23/><G23/><T51/><D51/><U65/><E65/><V22/><F22/><W80/><G20/><T16/><D16/><U112/><E112/><V99/><F135/><W109/><G21/><T123/><D134/><U41/><E103/><N who="0" m="39465" /><D123/><U124/><E41/><V46/><REACH who="2" step="1"/><F133/><REACH who="2" ten="190,370,210,220" step="2"/><W5/><G109/><T130/><D130/><U86/><E124/><AGARI ba="0,1" hai="13,14,15,46,48,54,90,95,99,105,106,124,125,127" machi="124" ten="40,12000,2" yaku="1,1,2,1,18,1,53,3" doraHai="3" doraHaiUra="10" who="2" fromWho="1" sc="190,0,370,-120,210,130,220,0" /><INIT seed="2,0,0,4,1,113" ten="190,250,340,220" oya="2" hai0="122,16,66,126,74,57,86,31,23,11,116,19,71" hai1="92,20,75,54,15,101,70,28,17,106,117,5,129" hai2="8,32,38,27,109,130,44,58,89,49,55,112,123" hai3="124,62,88,14,79,51,68,24,25,35,29,26,40"/><V127/><F112/><W103/><G124/><T4/><D122/><U118/><E129/><V43/><F123/><W76/><G103/><T65/><D74/><U6/><E106/><V94/><F130/><W77/><G14/><N who="0" m="5479" /><D71/><U135/><E135/><V82/><F127/><W97/><G40/><T115/><D115/><U131/><E75/><V41/><F41/><W56/><G51/><T91/><D126/><U13/><E70/><V39/><F82/><W73/><G68/><T42/><D42/><U45/><E101/><V119/><F8/><W134/><G73/><T53/><D31/><U22/><E92/><V93/><F93/><W72/><G72/><T104/><D104/><U105/><E105/><V107/><F107/><W37/><G37/><T63/><D116/><N who="1" m="44651" /><E54/><V114/><F119/><W95/><REACH who="3" step="1"/><G134/><REACH who="3" ten="190,250,340,210" step="2"/><T78/><D78/><U111/><E45/><V128/><F114/><W10/><G10/><T125/><D125/><U47/><E47/><V121/><F128/><W64/><AGARI ba="0,1" hai="24,25,26,29,35,56,62,64,76,77,79,88,95,97" machi="64" ten="30,7900,0" yaku="1,1,0,1,54,1,53,1" doraHai="113" doraHaiUra="90" who="3" fromWho="3" sc="190,-20,250,-20,340,-39,210,89" /><INIT seed="3,0,0,0,3,30" ten="170,230,301,299" oya="3" hai0="98,109,34,102,42,37,95,129,90,33,66,130,11" hai1="125,17,82,75,113,131,117,20,28,114,57,132,7" hai2="60,61,31,73,101,85,32,9,40,22,116,46,35" hai3="49,12,89,133,99,14,97,71,88,110,45,55,10"/><W93/><G133/><T54/><D109/><U19/><E57/><V100/><F73/><W78/><G71/><T118/><D118/><U52/><E75/><V13/><F116/><W67/><G78/><T36/><D66/><U47/><E117/><V115/><F115/><W70/><G110/><T25/><D25/><N who="1" m="16423" /><E82/><V68/><F22/><W86/><G89/><T108/><D108/><U64/><E64/><V8/><F31/><W96/><REACH who="3" step="1"/><G10/><REACH who="3" ten="170,230,301,289" step="2"/><T77/><D11/><U39/><E132/><V6/><F68/><W112/><G112/><T135/><D77/><U41/><E114/><V56/><F9/><W103/><G103/><T62/><D135/><U83/><E113/><V15/><F101/><W92/><G92/><T69/><D102/><U76/><E76/><V38/><F100/><W48/><G48/><T81/><D81/><U91/><E91/><V128/><F8/><W79/><G79/><T63/><D69/><U126/><E83/><V16/><F6/><W80/><G80/><T104/><D104/><U27/><E126/><V21/><F60/><AGARI ba="0,1" hai="12,14,45,49,55,60,67,70,86,88,93,96,97,99" machi="60" ten="40,3900,0" yaku="1,1,54,1,53,0" doraHai="30" doraHaiUra="122" who="3" fromWho="2" sc="170,0,230,0,301,-39,289,49" /><INIT seed="3,1,0,3,2,81" ten="170,230,262,338" oya="3" hai0="43,49,66,30,108,48,125,85,28,42,58,121,6" hai1="32,92,25,31,33,18,109,130,122,74,124,127,114" hai2="110,60,45,67,50,98,117,47,126,23,99,129,104" hai3="131,46,134,11,82,70,119,79,5,14,78,135,40"/><W75/><G119/><T1/><D121/><U61/><E74/><V115/><F117/><W0/><G70/><T15/><D1/><U24/><E61/><V44/><F115/><W68/><G131/><T113/><D108/><U123/><E92/><V86/><F126/><N who="1" m="48169" /><E114/><V21/><F110/><W91/><G91/><T111/><D111/><U22/><E109/><V80/><F129/><W20/><G78/><T27/><D113/><U106/><E106/><V100/><F98/><W63/><G20/><T118/><D118/><U10/><E130/><V52/><F23/><W19/><G19/><T13/><D125/><U77/><E77/><V83/><F83/><W87/><G0/><T132/><D132/><U102/><E102/><V128/><F21/><W38/><REACH who="3" step="1"/><G75/><REACH who="3" ten="170,230,262,328" step="2"/><T73/><D73/><U39/><E33/><V90/><REACH who="2" step="1"/><F128/><REACH who="2" ten="170,230,252,328" step="2"/><W54/><G54/><T17/><D30/><U35/><E32/><V62/><F62/><W2/><G2/><T112/><D28/><U7/><E123/><V12/><F12/><W64/><AGARI ba="1,2" hai="5,11,14,38,40,46,63,64,68,79,82,87,134,135" machi="64" ten="30,6000,0" yaku="1,1,0,1,52,1,53,0" doraHai="81" doraHaiUra="103" who="3" fromWho="3" sc="170,-21,230,-21,252,-21,328,83" /><INIT seed="3,2,0,5,1,63" ten="149,209,231,411" oya="3" hai0="23,88,24,31,65,39,85,67,27,76,118,90,100" hai1="16,69,109,112,0,71,133,119,106,7,99,6,86" hai2="134,47,83,56,51,126,36,48,123,132,57,18,113" hai3="75,53,10,2,98,117,131,96,72,93,29,61,70"/><W128/><G29/><T26/><D118/><U121/><E112/><V30/><F30/><W50/><G117/><T19/><D39/><U20/><E119/><V55/><F83/><W9/><G96/><T42/><D42/><U60/><E121/><V87/><F87/><W54/><G54/><T102/><D76/><U78/><E71/><V77/><F18/><W37/><G37/><T15/><D31/><U12/><E0/><V73/><F77/><W95/><G95/><N who="0" m="54671" /><D90/><U125/><E109/><V74/><F36/><W107/><G107/><T40/><D40/><U1/><E1/><V68/><F68/><W62/><G2/><T129/><D129/><U104/><E104/><V115/><F55/><W120/><G53/><T81/><D81/><N who="1" m="47415" /><E106/><V114/><F114/><W82/><G70/><T79/><D79/><U33/><E33/><V103/><F123/><W4/><G120/><T66/><AGARI ba="2,0" hai="15,19,23,24,26,27,65,66,67,100,102" m="54671" machi="66" ten="30,8000,1" yaku="8,1,52,3,54,1" doraHai="63" who="0" fromWho="0" sc="149,86,209,-22,231,-22,411,-42" /><INIT seed="4,0,0,1,0,91" ten="235,187,209,369" oya="0" hai0="122,65,58,45,24,98,49,6,14,131,53,36,71" hai1="132,77,3,78,117,30,126,130,2,11,17,32,27" hai2="101,120,35,55,39,16,7,67,76,102,121,64,8" hai3="85,73,61,94,83,116,54,79,47,26,66,118,75"/><T20/><D131/><U37/><E37/><V0/><F35/><W41/><G54/><T51/><D122/><U52/><E117/><V112/><F39/><W28/><G75/><T99/><D36/><U105/><E105/><V18/><F76/><W57/><G73/><T89/><D71/><U107/><E107/><V74/><F74/><W103/><G47/><T113/><D113/><U44/><E132/><V5/><F55/><W62/><G62/><T34/><D34/><U42/><E42/><V40/><F8/><W127/><G127/><T59/><D14/><U97/><E130/><V80/><F80/><W134/><G41/><T108/><D6/><U19/><E97/><N who="0" m="36873" /><D89/><U114/><E126/><V70/><F40/><W22/><G134/><T25/><D25/><U4/><E3/><V33/><F33/><W86/><G86/><T63/><D108/><U90/><E114/><V21/><F21/><W104/><G104/><T68/><D68/><U50/><E90/><V135/><F70/><W124/><G124/><T13/><D13/><U43/><REACH who="1" step="1"/><E43/><REACH who="1" ten="235,177,209,369" step="2"/><V9/><F112/><W46/><G116/><T23/><D24/><U123/><E123/><V133/><REACH who="2" step="1"/><F9/><REACH who="2" ten="235,177,199,369" step="2"/><W10/><G10/><T29/><D29/><U15/><E15/><V88/><F88/><W69/><G118/><T110/><D110/><U96/><E96/><V82/><F82/><W111/><G83/><T87/><D87/><U56/><E56/><V115/><F115/><W92/><G85/><T60/><D59/><U93/><E93/><N who="3" m="35946" /><G111/><T38/><D38/><U119/><E119/><V100/><F100/><RYUUKYOKU ba="0,2" sc="235,-15,177,15,199,15,369,-15" hai1="2,4,11,17,19,27,30,32,44,50,52,77,78" hai2="0,5,7,16,18,64,67,101,102,120,121,133,135" /><INIT seed="5,1,2,4,4,69" ten="220,192,214,354" oya="1" hai0="58,90,88,100,101,29,63,26,43,13,39,64,94" hai1="22,86,60,17,131,68,8,122,92,82,77,116,54" hai2="30,32,87,59,38,126,2,23,96,28,46,4,16" hai3="45,49,79,121,19,97,89,61,113,112,55,21,71"/><U37/><E116/><V42/><F126/><W125/><G121/><T73/><D73/><U127/><E122/><V24/><F96/><W102/><G79/><T67/><D67/><U0/><E127/><V44/><F44/><W105/><G125/><T3/><D3/><U72/><E37/><V85/><F59/><W81/><G71/><T10/><D39/><U15/><E131/><V123/><F123/><W107/><G61/><T6/><D43/><U25/><E0/><V135/><F135/><W34/><G34/><T108/><D108/><U103/><E103/><V98/><F98/><W66/><G66/><T134/><D134/><U14/><E14/><N who="2" m="9623" /><F30/><W70/><G70/><T57/><D57/><U40/><E40/><V62/><F62/><W48/><G107/><T7/><D7/><U74/><E68/><V31/><F31/><W36/><G36/><T35/><REACH who="0" step="1"/><D90/><REACH who="0" ten="210,192,214,354" step="2"/><U56/><E74/><V12/><F12/><W132/><G89/><T80/><D80/><U53/><E72/><V118/><F118/><W114/><G81/><T106/><D106/><U104/><E104/><V99/><F99/><AGARI ba="1,3" hai="6,10,13,26,29,35,58,63,64,88,94,99,100,101" machi="99" ten="30,7700,0" yaku="1,1,7,1,54,1,53,1" doraHai="69" doraHaiUra="91" who="0" fromWho="2" sc="210,110,192,0,214,-80,354,0" /><INIT seed="6,0,0,2,4,114" ten="320,192,134,354" oya="2" hai0="55,65,86,83,101,107,53,77,19,120,56,59,57" hai1="31,97,119,40,85,9,11,2,46,127,22,96,71" hai2="54,34,24,123,105,67,132,126,15,113,26,48,5" hai3="82,4,61,87,51,8,81,21,30,18,91,125,124"/><V1/><F123/><W72/><G30/><T47/><D120/><U14/><E71/><V110/><F113/><W42/><G61/><T93/><D107/><U63/><E119/><V50/><F105/><W49/><G72/><T10/><D65/><U131/><E131/><V23/><F132/><W84/><G42/><T36/><D36/><U100/><E2/><V75/><F75/><W0/><G124/><T70/><D70/><U52/><E85/><V20/><F1/><W112/><G125/><T58/><D58/><N who="1" m="35271" /><E100/><V128/><F126/><W89/><REACH who="3" step="1"/><G112/><REACH who="3" ten="320,192,134,344" step="2"/><T45/><D55/><U116/><E40/><V62/><F128/><W37/><G37/><T103/><D53/><U117/><E127/><V16/><F110/><W28/><G28/><T94/><D103/><U78/><E31/><V64/><F34/><W38/><G38/><T79/><D101/><U69/><E116/><V135/><F135/><W32/><G32/><T33/><D33/><U95/><E69/><V133/><F133/><W60/><G60/><T111/><D111/><U88/><E117/><V129/><F129/><W25/><AGARI ba="0,1" hai="0,4,8,18,21,25,49,51,81,82,84,87,89,91" machi="25" ten="20,5200,0" yaku="1,1,0,1,7,1,9,1,53,0" doraHai="114" doraHaiUra="43" who="3" fromWho="3" sc="320,-13,192,-13,134,-26,344,62" /><INIT seed="7,0,0,0,4,102" ten="307,179,108,406" oya="3" hai0="32,40,11,121,60,45,61,43,46,63,1,103,135" hai1="30,68,13,74,59,50,94,14,31,106,88,110,131" hai2="15,99,12,18,105,97,109,53,71,85,56,65,108" hai3="73,132,100,66,47,83,48,90,91,19,44,127,130"/><W87/><G73/><T69/><D32/><U116/><E106/><V84/><F65/><W5/><G100/><T2/><D103/><U75/><E68/><V54/><F56/><W101/><G101/><T23/><D23/><U78/><E59/><V26/><F26/><W81/><G5/><T16/><D121/><U133/><E50/><V113/><F113/><W126/><G19/><T122/><D122/><U72/><E133/><V57/><F57/><W129/><G48/><T58/><D135/><U0/><E0/><V111/><F111/><W20/><G132/><T41/><D16/><U79/><E131/><V52/><F53/><W6/><G6/><T21/><D21/><U124/><E124/><N who="3" m="47658" /><G20/><T37/><D11/><U117/><E110/><V29/><F18/><W77/><G66/><T22/><D22/><U123/><E123/><V34/><F34/><W86/><G90/><T89/><D89/><U10/><E88/><V125/><F125/><W92/><G92/><T76/><D76/><U36/><E94/><V112/><F112/><W95/><G95/><T55/><D2/><U62/><E62/><N who="0" m="24169" /><D1/><U120/><E120/><V114/><F114/><W80/><G80/><T98/><D98/><U70/><E79/><V3/><F3/><W49/><G91/><T128/><D128/><U119/><E78/><V7/><F7/><W96/><G130/><T35/><D35/><U33/><E119/><V82/><F82/><W107/><G77/><T8/><D69/><U134/><E75/><V27/><F71/><W4/><G129/><T42/><D58/><U28/><E74/><RYUUKYOKU ba="0,0" sc="307,0,179,0,108,0,406,0" owari="307,10.7,179,-22.1,108,-39.2,406,50.6" /></mjloggm>