<mjloggm ver="2.3"><GO type="169" lobby="0"/><UN n0="%E7%88%86%E7%89%8C%E3%82%A6%E3%82%B7%E3%82%B8%E3%83%9E%E3%81%8F%E3%82%93" n1="%E5%8D%93%E4%B8%8A%E3%81%AE%E5%85%AC%E5%8B%99%E5%93%A1" n2="%E3%82%BF%E3%82%A4%E4%BA%BA%EF%BC%A0%E3%83%90%E3%83%B3%E3%82%B3%E3%82%AF" n3="%41%4C%50%45%52%49%4E" dan="16,16,16,16" rate="2129.15,2136.80,2108.11,2188.84" sx="M,M,M,M"/><TAIKYOKU oya="0"/><INIT seed="0,0,0,4,1,100" ten="250,250,250,250" oya="0" hai0="3,41,22,49,130,65,16,101,131,97,115,99,96" hai1="33,66,119,10,90,64,106,86,102,95,19,87,17" hai2="1,122,103,27,50,112,48,74,105,56,5,93,127" hai3="104,45,111,12,113,30,37,71,29,43,47,9,25"/><T62/><D115/><U83/><E33/><V124/><F122/><W61/><G113/><T89/><D3/><U51/><E119/><V110/><F112/><W91/><G111/><T60/><D89/><U75/><E51/><V32/><F74/><W58/><G71/><T107/><D41/><U72/><E10/><N who="2" m="2351" /><F93/><W2/><G2/><T42/><D42/><U128/><E128/><N who="0" m="49193" /><D49/><U35/><E35/><V109/><F56/><W121/><G121/><T23/><D23/><U133/><E95/><V81/><F81/><W80/><G47/><T11/><D11/><U24/><E102/><V26/><F26/><W70/><G70/><N who="0" m="42279" /><D62/><U36/><E24/><AGARI ba="0,0" hai="16,22,24,96,97,99,101,107" m="42279,49193" machi="24" ten="30,5800,0" yaku="19,1,52,1,54,1" doraHai="100" who="0" fromWho="1" sc="250,58,250,-58,250,0,250,0" /><INIT seed="0,1,0,0,3,90" ten="308,192,250,250" oya="0" hai0="6,8,86,82,62,50,29,55,31,114,88,128,119" hai1="30,102,14,71,112,106,101,58,75,66,131,40,26" hai2="22,76,68,132,46,95,16,91,20,42,36,2,3" hai3="10,77,11,0,51,98,54,48,80,32,97,21,1"/><T129/><D114/><U118/><E58/><V134/><F68/><W125/><G32/><T37/><D37/><U94/><E71/><V133/><F76/><W78/><G125/><T17/><D62/><U4/><E14/><N who="2" m="9239" /><F22/><W49/><G54/><T69/><D69/><U41/><E106/><V117/><F117/><W27/><G1/><T35/><D119/><U38/><E38/><V57/><F57/><W52/><G52/><T63/><D63/><U85/><E30/><V72/><F72/><W104/><G0/><T33/><D33/><U15/><E15/><V53/><F53/><W34/><G34/><T115/><D115/><U9/><E75/><V44/><F44/><W47/><G47/><N who="0" m="28127" /><D6/><U12/><E4/><V79/><F79/><N who="3" m="30219" /><G80/><T13/><D35/><U83/><E83/><V110/><F110/><W25/><G104/><T92/><D92/><U135/><E94/><V100/><F100/><W108/><G108/><T23/><D23/><U84/><E112/><V99/><AGARI ba="1,0" hai="2,3,36,42,46,91,95,99,132,133,134" m="9239" machi="99" ten="30,4000,0" yaku="20,1,52,1,54,1" doraHai="90" who="2" fromWho="2" sc="308,-21,192,-11,250,43,250,-11" /><INIT seed="1,0,0,2,1,118" ten="287,181,293,239" oya="1" hai0="126,37,108,67,9,62,25,94,64,1,127,101,99" hai1="53,100,93,28,71,133,81,54,72,19,78,98,49" hai2="8,102,13,57,109,132,91,69,122,83,36,44,70" hai3="0,113,107,32,79,87,88,120,12,111,73,14,55"/><U68/><E133/><V129/><F109/><W103/><G113/><T16/><D37/><U31/><E19/><V15/><F132/><W95/><G111/><T123/><D108/><U59/><REACH who="1" step="1"/><E54/><REACH who="1" ten="287,171,293,239" step="2"/><V86/><F129/><W42/><G55/><T63/><D16/><U90/><E90/><V2/><F91/><W60/><G88/><T30/><D127/><U48/><E48/><V128/><F128/><W18/><G18/><T10/><D126/><U92/><E92/><V7/><F36/><W52/><G95/><T104/><D94/><U89/><E89/><V131/><F131/><W27/><G52/><T47/><D63/><U40/><E40/><V22/><F102/><W110/><G42/><T50/><D62/><U125/><E125/><V84/><F44/><W17/><G60/><T82/><D50/><U121/><E121/><V21/><F122/><W96/><G17/><T65/><D123/><U39/><E39/><V4/><F83/><W75/><G120/><T29/><D47/><U26/><E26/><V41/><F41/><W105/><G27/><T43/><D43/><U77/><E77/><V97/><F8/><W34/><G79/><T80/><D25/><U85/><E85/><V124/><F86/><W45/><G87/><T134/><D134/><U38/><E38/><V51/><F84/><W114/><G110/><T117/><D117/><U56/><E56/><V46/><F57/><W20/><G103/><T58/><D58/><U33/><E33/><V116/><F51/><W23/><G34/><T66/><N who="0" m="16384" /><DORA hai="112" /><T135/><D135/><U74/><E74/><RYUUKYOKU ba="0,1" sc="287,-10,171,30,293,-10,239,-10" hai1="28,31,49,53,59,68,71,72,78,81,93,98,100" /><INIT seed="1,1,1,3,3,75" ten="277,201,283,229" oya="1" hai0="15,106,17,37,6,19,112,128,129,127,73,86,51" hai1="29,12,46,27,9,103,18,33,34,67,70,116,117" hai2="5,119,101,85,8,57,97,107,105,133,44,63,65" hai3="91,54,30,68,11,94,32,104,39,61,22,134,95"/><U0/><E103/><V109/><F119/><W38/><G104/><T35/><D73/><U110/><E70/><V41/><F109/><W14/><G32/><T10/><D37/><U96/><E67/><V77/><F133/><W2/><G134/><T28/><D106/><U88/><E110/><V66/><F107/><W84/><G2/><T79/><D112/><U47/><E34/><V76/><F66/><W23/><G95/><T114/><D114/><U56/><E56/><V24/><F24/><W59/><G68/><T90/><D127/><U71/><E71/><V13/><REACH who="2" step="1"/><F85/><REACH who="2" ten="277,201,273,229" step="2"/><W81/><G84/><T26/><D128/><U40/><E0/><V82/><F82/><W78/><G81/><T43/><D129/><U58/><E117/><V72/><F72/><W53/><G39/><AGARI ba="1,2" hai="5,8,13,39,41,44,57,63,65,76,77,97,101,105" machi="39" ten="30,8000,1" yaku="1,1,7,1,52,2,53,1" doraHai="75" doraHaiUra="100" who="2" fromWho="3" sc="277,0,201,0,273,103,229,-83" /><INIT seed="2,0,0,0,1,88" ten="277,201,376,146" oya="2" hai0="89,91,65,110,129,116,36,85,7,46,27,64,82" hai1="102,126,68,51,60,31,54,58,39,108,56,107,66" hai2="69,48,40,4,94,10,79,41,13,118,28,62,2" hai3="16,32,5,20,112,74,132,29,92,81,8,3,26"/><V72/><F118/><W98/><G132/><T49/><D116/><U70/><E107/><V124/><F124/><W1/><G112/><T52/><D110/><U135/><E31/><V87/><F72/><W84/><G74/><T83/><D129/><U45/><E102/><V109/><F109/><W133/><G133/><T73/><D36/><U121/><E135/><V42/><F28/><W18/><G3/><T53/><D7/><U34/><E34/><V96/><F2/><W50/><G50/><T47/><D73/><U80/><E80/><N who="2" m="47519" /><F62/><W93/><G98/><T0/><D0/><U59/><E108/><V103/><F69/><N who="1" m="26729" /><E126/><V43/><F43/><W21/><G21/><T14/><D14/><U11/><E11/><V61/><F61/><W120/><G120/><T71/><D71/><N who="1" m="42439" /><E121/><V115/><F115/><W23/><G23/><T57/><D27/><U44/><E44/><AGARI ba="0,0" hai="4,10,13,40,41,42,44,48,94,96,103" m="47519" machi="44" ten="30,5800,0" yaku="25,1,8,1,52,1" doraHai="88" who="2" fromWho="1" sc="277,0,201,-58,376,58,146,0" /><INIT seed="2,1,0,5,5,107" ten="277,143,434,146" oya="2" hai0="82,50,68,3,19,13,118,55,121,21,80,54,119" hai1="66,4,17,27,77,45,23,30,10,9,20,24,33" hai2="32,124,89,86,53,37,127,94,81,123,95,26,52" hai3="49,41,58,97,90,29,65,0,79,35,73,111,108"/><V100/><F37/><W1/><G35/><T22/><D121/><U28/><E66/><V83/><F123/><W106/><G29/><T109/><D3/><U102/><E102/><V129/><F32/><W12/><G12/><T114/><D114/><U116/><E77/><V132/><F26/><W98/><G41/><T59/><D68/><U120/><E45/><V63/><F132/><W57/><G49/><T69/><D69/><U99/><E99/><N who="2" m="59511" /><F63/><W43/><G43/><T93/><D109/><U130/><E130/><V101/><F52/><W62/><G58/><T7/><D7/><U128/><E128/><V74/><F53/><W122/><G122/><T48/><D93/><U25/><E116/><N who="0" m="44585" /><D21/><N who="1" m="13359" /><E120/><V87/><F129/><W14/><G0/><T92/><D92/><U60/><E60/><V51/><F51/><W96/><G1/><T56/><AGARI ba="1,0" hai="13,19,22,48,50,54,55,56,59,80,82" m="44585" machi="56" ten="30,1100,0" yaku="12,1" doraHai="107" who="0" fromWho="0" sc="277,14,143,-4,434,-6,146,-4" /><INIT seed="3,0,0,0,3,59" ten="291,139,428,142" oya="3" hai0="80,29,124,67,12,8,15,84,53,51,128,96,64" hai1="23,119,25,111,54,114,122,38,47,105,86,74,45" hai2="121,82,58,70,9,93,3,55,73,61,104,1,52" hai3="118,108,42,22,5,34,103,83,71,44,4,49,88"/><W33/><G118/><T130/><D124/><U46/><E111/><V36/><F104/><W7/><G108/><T97/><D29/><U125/><E114/><V62/><F36/><W129/><G129/><N who="0" m="49771" /><D97/><U50/><E74/><V87/><F73/><W106/><G71/><T10/><D96/><U94/><E122/><V112/><F112/><W66/><G66/><N who="0" m="25131" /><D12/><U13/><E125/><V75/><F70/><W76/><G106/><T16/><D10/><U131/><E119/><V14/><F75/><W98/><G22/><T95/><D95/><U2/><E2/><V57/><F93/><W56/><G56/><T30/><D30/><U116/><E116/><V68/><F68/><W81/><G81/><T69/><D69/><U41/><E45/><V19/><F121/><W40/><G40/><T110/><D110/><U17/><E105/><V18/><F18/><W77/><G77/><AGARI ba="0,0" hai="1,3,9,14,19,52,55,57,58,61,62,77,82,87" machi="77" ten="30,8000,1" yaku="7,1,9,1,52,2,54,1" doraHai="59" who="2" fromWho="3" sc="291,0,139,0,428,80,142,-80" /><INIT seed="4,0,0,3,3,20" ten="291,139,508,62" oya="0" hai0="66,119,97,24,34,81,54,123,32,59,128,122,51" hai1="98,94,14,26,106,75,43,7,83,76,57,38,120" hai2="115,77,53,88,10,73,135,1,70,132,95,67,39" hai3="41,64,48,61,63,110,107,3,30,99,101,31,92"/><T2/><D2/><U11/><E120/><V87/><F39/><W22/><G110/><T44/><D119/><U104/><E38/><V23/><F115/><W93/><G3/><T112/><D112/><U78/><E43/><V118/><F118/><W9/><G9/><T103/><D128/><U72/><E57/><V19/><F67/><W12/><G31/><T35/><D81/><U13/><E13/><V55/><F70/><W121/><G121/><T36/><D36/><U100/><E76/><V60/><F60/><W111/><G111/><T56/><D66/><U80/><E80/><N who="2" m="45103" /><F10/><W133/><G133/><N who="2" m="51273" /><F1/><W113/><G113/><T65/><D65/><U131/><E72/><V50/><F50/><W0/><G0/><T82/><D82/><U126/><E126/><V96/><F87/><W74/><G74/><T58/><REACH who="0" step="1"/><D24/><AGARI ba="0,0" hai="19,23,24,53,55,88,95,96" m="51273,45103" machi="24" ten="30,3900,0" yaku="20,1,52,1,54,1" doraHai="20" who="2" fromWho="0" sc="291,-39,139,0,508,39,62,0" /><INIT seed="5,0,0,4,1,37" ten="252,139,547,62" oya="1" hai0="119,81,69,20,13,32,59,85,49,95,28,41,46" hai1="113,94,122,31,47,76,45,102,75,36,114,62,68" hai2="4,105,67,24,125,74,60,98,104,63,35,72,86" hai3="2,112,9,100,127,25,50,38,128,135,80,108,23"/><U92/><E122/><V17/><F63/><W29/><G38/><T8/><D69/><U84/><E75/><V106/><F4/><W57/><G108/><T117/><D32/><U107/><E107/><V1/><F1/><W34/><G112/><N who="1" m="43114" /><E31/><V129/><F86/><W82/><G127/><T55/><D95/><N who="1" m="36395" /><E36/><V7/><F74/><W130/><G100/><T66/><D66/><N who="1" m="41047" /><E102/><V21/><F72/><W124/><G124/><T111/><D28/><U16/><E16/><V27/><F125/><W88/><G135/><T120/><D120/><U44/><E84/><V97/><F106/><W0/><G34/><T19/><D111/><U110/><E76/><V33/><F105/><W131/><G9/><T116/><D8/><U42/><E110/><V91/><F104/><W78/><G78/><T54/><REACH who="0" step="1"/><D59/><REACH who="0" ten="242,139,547,62" step="2"/><U65/><E65/><V99/><F67/><W64/><G64/><T96/><D96/><U3/><E3/><V5/><F97/><W48/><G57/><T52/><D52/><U58/><E58/><V89/><F98/><W12/><G128/><T11/><D11/><U22/><E22/><V61/><F99/><W126/><G130/><T83/><D83/><U93/><E93/><V90/><F129/><W123/><G131/><T134/><D134/><U6/><E6/><N who="2" m="2059" /><F35/><W51/><G126/><T109/><D109/><U53/><E53/><V14/><F33/><W15/><G82/><T87/><D87/><U40/><AGARI ba="0,1" hai="40,42,44,45,47" m="41047,36395,43114" machi="40" ten="40,7800,0" yaku="15,1,52,2" doraHai="37" who="1" fromWho="1" sc="242,-26,139,88,547,-26,62,-26" /><INIT seed="5,1,0,1,0,27" ten="216,227,521,36" oya="1" hai0="86,121,51,128,84,77,53,55,32,82,18,119,33" hai1="111,135,0,73,31,65,114,129,11,112,14,1,45" hai2="21,36,37,91,30,115,123,117,23,43,48,69,34" hai3="92,127,4,25,40,113,93,109,78,104,107,85,102"/><U67/><E73/><V39/><F117/><W16/><G109/><T29/><D119/><U49/><E111/><V63/><F123/><W131/><G113/><N who="1" m="43626" /><E135/><V50/><F34/><W5/><G127/><T105/><D105/><U103/><E103/><V41/><F39/><W56/><G131/><T66/><D128/><U130/><E129/><V125/><F91/><W9/><G40/><T98/><D66/><N who="1" m="25099" /><E130/><V58/><F69/><W101/><G56/><T100/><D86/><U10/><E31/><V97/><F30/><W7/><G78/><T87/><D29/><U71/><E71/><V134/><F134/><W61/><G61/><T79/><D121/><U60/><E60/><V22/><F63/><W26/><G85/><T95/><D87/><U110/><E110/><V75/><F75/><W126/><G126/><T28/><D77/><U89/><E89/><V59/><F125/><W12/><G104/><T44/><D33/><U90/><E90/><V57/><F115/><W80/><G80/><T76/><D76/><U15/><E0/><V94/><F37/><W108/><G108/><T124/><D124/><U13/><E1/><V42/><F36/><W68/><G68/><T6/><D28/><U122/><E122/><V64/><F64/><W24/><REACH who="3" step="1"/><G107/><REACH who="3" ten="216,227,521,26" step="2"/><T19/><D79/><U47/><E47/><V81/><F81/><W133/><G133/><T120/><D82/><U62/><E62/><V54/><F94/><AGARI ba="1,1" hai="4,5,7,9,12,16,24,25,26,92,93,94,101,102" machi="94" ten="40,8000,1" yaku="1,1,8,1,54,1,53,2" doraHai="27" doraHaiUra="96" who="3" fromWho="2" sc="216,0,227,0,521,-83,26,93" /><INIT seed="6,0,0,4,3,106" ten="216,227,438,119" oya="2" hai0="85,83,103,4,26,80,71,97,81,36,128,64,21" hai1="78,72,66,7,27,29,104,12,68,92,56,50,59" hai2="94,58,57,91,34,132,9,86,22,115,35,33,88" hai3="31,79,3,63,129,121,131,108,95,40,100,48,126"/><V105/><F105/><W0/><G121/><T39/><D128/><U69/><E104/><V47/><F115/><W38/><G38/><T111/><D111/><U90/><E59/><V125/><F125/><W124/><G63/><T109/><D109/><U30/><E30/><V15/><F22/><W13/><G48/><T16/><D4/><U96/><E12/><V118/><F118/><W107/><G40/><T101/><D39/><U25/><E25/><V43/><F91/><W45/><G45/><T10/><D36/><U65/><E7/><V18/><REACH who="2" step="1"/><F132/><REACH who="2" ten="216,227,428,119" step="2"/><W87/><G107/><T46/><D21/><U133/><E133/><V119/><F119/><W44/><G124/><T123/><D123/><U42/><E90/><V51/><AGARI ba="0,1" hai="9,15,18,33,34,35,43,47,51,57,58,86,88,94" machi="51" ten="30,18000,2" yaku="1,1,0,1,54,1,53,3" doraHai="106" doraHaiUra="28" who="2" fromWho="2" sc="216,-60,227,-60,428,190,119,-60" /><INIT seed="6,1,0,1,2,29" ten="156,167,618,59" oya="2" hai0="18,102,2,135,82,10,87,21,43,66,85,54,114" hai1="38,117,126,56,1,60,112,64,50,57,51,129,39" hai2="127,75,14,7,111,58,115,90,40,89,106,27,53" hai3="95,107,4,104,116,13,52,0,9,76,88,55,99"/><V103/><F75/><W65/><G116/><T94/><D114/><U42/><E1/><V48/><F115/><W41/><G65/><T78/><D135/><U81/><E81/><V96/><F111/><W83/><G41/><T47/><D66/><U23/><E23/><V24/><F127/><W73/><REACH who="3" step="1"/><G0/><REACH who="3" ten="156,167,618,49" step="2"/><T33/><D43/><U79/><E42/><V68/><F40/><W77/><G77/><T113/><D78/><U80/><E117/><V124/><F68/><W30/><G30/><T133/><D2/><U123/><E79/><V109/><F124/><W132/><G132/><T12/><D133/><U63/><E64/><V101/><F109/><W71/><G71/><T120/><D113/><U61/><E112/><V59/><F106/><AGARI ba="1,1" hai="4,9,13,52,55,73,76,83,88,95,99,104,106,107" machi="106" ten="40,5200,0" yaku="1,1,54,2,53,0" doraHai="29" doraHaiUra="34" who="3" fromWho="2" sc="156,0,167,0,618,-55,49,65" /><INIT seed="7,0,0,5,1,70" ten="156,167,563,114" oya="3" hai0="71,42,17,38,1,14,121,73,61,89,44,119,69" hai1="28,43,131,9,110,133,72,109,105,100,114,108,40" hai2="41,124,101,60,15,91,23,55,79,134,51,120,97" hai3="132,98,94,86,24,33,135,48,92,122,126,87,36"/><W32/><G122/><T19/><D119/><U21/><E72/><V123/><F124/><W84/><G126/><T112/><D121/><N who="2" m="46666" /><F134/><N who="3" m="51243" /><G48/><T93/><D1/><U62/><E21/><V103/><F79/><W75/><G75/><T99/><D112/><U20/><E62/><V85/><F60/><W22/><G36/><T5/><D73/><U76/><E9/><V29/><F41/><W25/><G22/><T35/><D35/><N who="3" m="13385" /><G98/><T49/><D49/><U56/><E20/><V130/><F97/><W115/><G115/><T106/><D106/><U27/><E105/><V63/><F63/><W68/><G68/><T18/><D61/><U46/><E114/><V77/><F51/><W50/><G50/><T107/><D107/><U53/><E133/><V10/><F23/><W52/><G52/><T64/><D64/><U104/><E104/><V74/><F55/><W88/><G88/><T16/><D71/><U37/><E40/><V0/><F91/><W4/><G4/><T128/><D69/><U83/><E53/><V6/><F74/><W127/><G127/><T96/><D96/><U82/><E37/><V57/><F77/><W54/><G54/><T102/><D5/><U34/><E76/><V39/><F39/><W118/><G118/><T3/><D89/><U30/><E43/><V66/><F6/><W129/><G129/><T95/><D128/><U13/><E131/><V45/><F66/><W47/><G47/><T81/><D42/><U11/><E34/><V90/><F130/><W12/><G12/><T26/><D38/><U116/><E13/><V80/><F15/><RYUUKYOKU ba="0,0" sc="156,-10,167,-10,563,-10,114,30" hai3="24,25,84,86,87,92,94" /><INIT seed="7,1,0,2,2,68" ten="146,157,553,144" oya="3" hai0="6,125,16,52,62,108,61,127,109,110,31,134,91" hai1="21,90,72,14,103,44,107,63,36,40,54,20,115" hai2="105,45,89,82,95,71,131,28,135,34,57,9,37" hai3="100,41,120,123,12,13,23,122,0,118,106,119,49"/><W74/><G74/><T98/><D6/><U59/><E115/><V7/><F71/><W43/><G0/><T83/><D134/><U114/><E114/><V67/><F105/><W93/><G106/><T58/><D31/><U73/><E90/><V69/><F69/><W66/><G66/><T121/><D121/><U80/><E103/><V10/><F82/><W64/><G64/><T53/><D16/><U85/><E107/><V18/><F131/><W111/><G111/><T22/><D22/><U46/><E46/><V8/><F18/><W3/><G3/><T35/><D35/><U88/><E14/><N who="3" m="5738" /><G23/><T65/><D98/><U47/><E47/><V101/><F10/><W25/><G49/><T86/><D65/><U92/><E72/><V104/><F9/><W87/><G25/><T116/><D116/><N who="3" m="44585" /><G100/><T102/><D102/><U113/><E113/><V29/><F8/><W26/><G26/><T2/><D2/><U33/><E33/><V38/><F34/><W99/><G99/><T130/><D130/><U79/><AGARI ba="1,0" hai="20,21,36,40,44,54,59,63,73,79,80,85,88,92" machi="79" ten="30,4000,0" yaku="0,1,52,1,54,1" doraHai="68" who="1" fromWho="1" sc="146,-11,157,43,553,-11,144,-21" owari="135,-26.5,200,0.0,542,64.2,123,-37.7" /></mjloggm>