<mjloggm ver="2.3"><GO type="169" lobby="0"/><UN n0="%E4%B8%9E%E9%A3%9B" n1="%E8%A1%A8%E7%A4%BA%E4%BE%A1%E6%A0%BC%E3%82%88%E3%82%8A%E5%8D%8A%E9%A1%8D" n2="%E5%A7%9C" n3="%E3%83%8F%E3%83%B3%E3%83%81%E3%83%A7%E3%82%A6%E5%A4%A7%E6%A7%BB" dan="16,16,16,16" rate="2077.03,2085.70,2155.48,2108.88" sx="M,M,M,M"/><TAIKYOKU oya="0"/><INIT seed="0,0,0,5,4,82" ten="250,250,250,250" oya="0" hai0="89,40,114,39,99,30,35,119,86,18,77,102,36" hai1="67,100,122,23,47,126,26,128,135,41,73,72,33" hai2="4,87,104,25,84,83,120,92,106,110,105,69,56" hai3="98,131,97,76,38,108,79,17,66,8,0,91,13"/><T34/><D114/><U107/><E122/><V129/><F69/><W19/><G38/><T94/><D119/><U60/><E128/><V37/><F120/><W55/><G66/><T133/><D133/><U20/><E135/><V132/><F132/><W127/><G0/><T103/><D77/><U6/><E6/><V70/><F70/><W12/><G131/><T90/><D30/><U22/><E126/><V111/><F37/><W29/><G29/><T118/><D118/><U121/><E121/><V7/><F129/><W80/><G127/><T134/><D36/><U24/><E33/><V3/><F25/><W11/><G108/><N who="2" m="41513" /><F3/><W130/><G130/><T78/><D78/><U85/><E26/><V54/><F92/><W68/><G68/><T116/><D116/><U16/><E72/><V112/><F112/><W15/><G55/><T81/><D134/><U2/><E73/><V46/><F46/><W117/><G117/><T43/><D39/><U44/><E44/><V123/><F123/><W63/><G15/><T45/><D18/><U61/><E2/><V31/><F31/><W28/><G28/><T125/><D125/><U71/><E60/><N who="2" m="35863" /><F83/><W53/><G79/><T52/><D34/><U10/><E24/><V88/><F88/><W113/><G76/><T96/><D35/><U1/><E1/><V59/><F59/><N who="3" m="35311" /><G113/><T74/><D90/><U49/><E107/><V57/><F57/><W32/><G32/><T124/><D124/><U62/><E100/><V50/><F50/><W64/><G64/><T109/><D109/><U9/><E67/><V115/><F115/><RYUUKYOKU ba="0,0" sc="250,-15,250,-15,250,15,250,15" hai2="4,7,84,87,104,105,106" hai3="8,11,12,13,17,19,80,91,97,98" /><INIT seed="1,1,0,3,4,52" ten="235,235,265,265" oya="1" hai0="44,2,117,92,69,26,37,100,93,77,3,16,14" hai1="91,110,36,19,103,90,39,27,134,122,51,108,55" hai2="46,80,41,97,64,82,115,24,78,59,38,25,81" hai3="75,29,89,87,7,121,31,85,53,68,73,120,131"/><U101/><E122/><V40/><F115/><W107/><G68/><T15/><D69/><U99/><E134/><V18/><F41/><W79/><G107/><T88/><D117/><U104/><E103/><V61/><F78/><W112/><G7/><T76/><D100/><U34/><E90/><V84/><F84/><W135/><G112/><T13/><D37/><U86/><E19/><V133/><F133/><W66/><G66/><T124/><D124/><U21/><E21/><V42/><F42/><W50/><G135/><T98/><D44/><U57/><E34/><V127/><F127/><W23/><G23/><N who="0" m="13671" /><D3/><U96/><E96/><V95/><REACH who="2" step="1"/><F18/><REACH who="2" ten="235,235,255,265" step="2"/><W105/><G79/><N who="0" m="30283" /><D2/><U102/><E27/><V94/><F94/><AGARI ba="1,1" hai="13,14,15,88,92,93,94,98" m="30283,13671" machi="94" ten="30,3900,0" yaku="8,1,54,2" doraHai="52" who="0" fromWho="2" sc="235,52,235,0,255,-42,265,0" /><INIT seed="2,0,0,2,0,92" ten="287,235,213,265" oya="2" hai0="59,104,98,62,81,65,50,67,43,9,1,70,13" hai1="85,41,120,96,61,36,31,68,117,22,32,0,114" hai2="122,78,123,75,45,28,126,76,7,26,86,18,77" hai3="17,56,131,33,83,125,19,79,35,112,129,49,34"/><V113/><F113/><W134/><G112/><T8/><D1/><U15/><E0/><V82/><F126/><W58/><G49/><T88/><D70/><U101/><E117/><V44/><F7/><W39/><G39/><T57/><D104/><U53/><E120/><V74/><F18/><N who="3" m="6667" /><G125/><T72/><D13/><U107/><E15/><V103/><F103/><W21/><G21/><T12/><D12/><U118/><E118/><V69/><F69/><W42/><G42/><T24/><D24/><U3/><E3/><V94/><F94/><W29/><G29/><T46/><D72/><U99/><E22/><V106/><F106/><W23/><G23/><T71/><D71/><U14/><E14/><V105/><F105/><W25/><G25/><T2/><D2/><U95/><E85/><V87/><F77/><W54/><G54/><T135/><D135/><U115/><E53/><V110/><F26/><W116/><G116/><T66/><D81/><U37/><E41/><V63/><F82/><W38/><G38/><T111/><D111/><U11/><E11/><N who="0" m="4169" /><D62/><U89/><E115/><V108/><REACH who="2" step="1"/><F63/><REACH who="2" ten="287,235,203,265" step="2"/><W5/><G5/><T60/><D60/><U132/><E114/><V121/><F121/><W73/><G134/><T91/><D91/><U40/><E132/><V10/><F10/><W20/><G83/><T27/><D27/><N who="1" m="18559" /><E40/><V64/><F64/><AGARI ba="0,1" hai="36,37,61,64,68,89,95,96,99,101,107" m="18559" machi="64" ten="30,3900,0" yaku="25,1,52,2" doraHai="92" who="1" fromWho="2" sc="287,0,235,49,203,-39,265,0" /><INIT seed="3,0,0,3,2,59" ten="287,284,164,265" oya="3" hai0="68,24,80,76,48,89,50,120,90,70,74,97,19" hai1="36,72,131,87,7,83,33,44,2,27,106,71,107" hai2="29,9,123,121,31,118,61,86,88,40,5,132,64" hai3="93,1,105,102,10,69,37,23,110,41,101,127,0"/><W28/><G127/><T18/><D120/><N who="2" m="46154" /><F40/><W21/><G69/><T77/><D97/><U85/><E71/><N who="2" m="42383" /><F132/><W4/><G105/><T52/><D80/><U3/><E131/><V17/><F17/><W73/><G73/><T53/><REACH who="0" step="1"/><D24/><REACH who="0" ten="277,284,164,265" step="2"/><U99/><E99/><V39/><F118/><W15/><G110/><T54/><D54/><U60/><E27/><V122/><F122/><W42/><G42/><T14/><D14/><U129/><E83/><N who="2" m="49247" /><F39/><W55/><G41/><T98/><D98/><U62/><E36/><V47/><F47/><W20/><G37/><T91/><D91/><U82/><E44/><V134/><F134/><W96/><G55/><T95/><D95/><U84/><E82/><V57/><F57/><W78/><G78/><T119/><D119/><U6/><E129/><V128/><F128/><W135/><G135/><T43/><D43/><U115/><E106/><V113/><F113/><W103/><G93/><T65/><D65/><U58/><E107/><V112/><F112/><W11/><G96/><T32/><D32/><U104/><E33/><V66/><F66/><W46/><G46/><T30/><D30/><U133/><E104/><V51/><F31/><W22/><G28/><T111/><D111/><U81/><E115/><V92/><F92/><W63/><G103/><T124/><D124/><U114/><E133/><V126/><F126/><W12/><G102/><T35/><D35/><U25/><E114/><V16/><F29/><W26/><G101/><T45/><D45/><U75/><E81/><V56/><F56/><W38/><N who="3" m="5120" /><DORA hai="34" /><W117/><G117/><RYUUKYOKU ba="0,1" sc="277,30,284,-10,164,-10,265,-10" hai0="18,19,48,50,52,53,68,70,74,76,77,89,90" /><INIT seed="4,1,1,2,0,74" ten="307,274,154,255" oya="0" hai0="91,130,14,58,71,69,82,13,30,123,122,109,98" hai1="132,54,103,107,31,75,17,105,0,1,10,56,77" hai2="39,27,89,95,80,96,97,94,112,90,83,120,41" hai3="51,110,99,78,67,37,128,46,118,88,57,35,4"/><T36/><D36/><U129/><E132/><V21/><F112/><W7/><G118/><T124/><D109/><U117/><E117/><V115/><F115/><W119/><G37/><T5/><D130/><U84/><E75/><V135/><F135/><W62/><G35/><T20/><D124/><U18/><E31/><V127/><F127/><W32/><G32/><T66/><D58/><U79/><E103/><V22/><F120/><W38/><G38/><T29/><D66/><U59/><E84/><V50/><F39/><W125/><G119/><T81/><D20/><U76/><E54/><V65/><F65/><W68/><G68/><T52/><D98/><U113/><E113/><V131/><F131/><W47/><G47/><T72/><D72/><U60/><E60/><V106/><F106/><N who="1" m="40457" /><E10/><V40/><REACH who="2" step="1"/><F50/><REACH who="2" ten="307,274,144,255" step="2"/><W63/><G128/><T42/><D122/><U87/><E129/><V133/><F133/><W9/><G125/><T3/><D123/><U34/><E34/><V93/><F93/><N who="3" m="56743" /><G110/><T45/><D71/><U43/><E59/><V48/><F48/><W19/><G51/><T11/><D69/><U16/><E56/><V6/><F6/><W61/><G7/><T73/><D5/><U24/><E0/><V44/><F44/><W101/><G4/><T49/><D45/><U126/><E1/><V102/><F102/><W85/><G46/><T104/><D104/><U53/><E126/><V15/><F15/><N who="3" m="7663" /><G101/><T55/><D49/><U86/><E43/><V70/><F70/><W33/><G33/><T134/><D42/><U2/><E2/><V121/><F121/><RYUUKYOKU ba="1,2" sc="307,-15,274,-15,144,15,255,15" hai2="21,22,27,40,41,80,83,89,90,94,95,96,97" hai3="57,61,62,63,67,78,85" /><INIT seed="5,2,2,0,5,50" ten="292,259,159,270" oya="1" hai0="63,94,25,134,8,10,131,29,32,103,118,125,34" hai1="90,7,27,78,5,123,16,77,121,67,105,68,33" hai2="71,100,130,108,14,19,119,127,26,36,31,82,30" hai3="83,40,99,101,20,122,24,135,87,6,124,74,2"/><U98/><E68/><V52/><F108/><W73/><G122/><T132/><D118/><U21/><E67/><V65/><F119/><W17/><G124/><T47/><D125/><U13/><E121/><V39/><F127/><W102/><G102/><T96/><D131/><U59/><E123/><V49/><F130/><W86/><G86/><T18/><D34/><U45/><E45/><V91/><F100/><W115/><G135/><N who="0" m="51755" /><D18/><U12/><E105/><V110/><F110/><W80/><G80/><T1/><D1/><U112/><E112/><V0/><F0/><W72/><G115/><T28/><D28/><U106/><E33/><V37/><F26/><W113/><G113/><T93/><D63/><U46/><E46/><V81/><F65/><W89/><G6/><N who="1" m="2058" /><E106/><V15/><F71/><W43/><REACH who="3" step="1"/><G2/><REACH who="3" ten="292,259,159,260" step="2"/><T88/><D47/><U84/><E98/><AGARI ba="2,3" hai="8,10,25,29,32,88,93,94,96,98,103" m="51755" machi="98" ten="30,2000,0" yaku="20,1,54,1" doraHai="50" who="0" fromWho="1" sc="292,56,259,-26,159,0,260,0" /><INIT seed="6,0,0,5,0,67" ten="348,233,159,260" oya="2" hai0="32,57,6,51,117,102,104,79,16,53,110,42,0" hai1="73,63,5,112,120,47,82,50,41,23,107,40,27" hai2="28,85,127,52,132,116,130,103,15,69,10,46,128" hai3="91,68,65,106,72,71,129,18,93,123,133,135,2"/><V58/><F116/><W14/><G2/><T125/><D110/><U49/><E107/><V108/><F108/><W119/><G119/><T64/><D32/><U126/><E112/><V3/><F3/><W17/><G72/><T94/><D104/><U45/><E126/><V36/><F127/><W96/><G65/><T80/><D125/><U48/><E120/><V22/><F103/><W56/><G56/><T99/><D64/><U75/><E63/><V19/><F132/><N who="3" m="50763" /><G123/><T26/><D42/><U39/><E5/><V77/><F69/><N who="3" m="26699" /><G129/><N who="2" m="49769" /><F36/><W33/><G33/><T38/><D38/><U30/><E39/><V115/><F46/><W92/><G106/><T87/><D0/><U101/><E49/><N who="2" m="30991" /><F115/><W95/><G18/><T131/><D117/><U8/><E8/><AGARI ba="0,0" hai="8,14,17,91,92,93,95,96" m="26699,50763" machi="8" ten="30,7700,0" yaku="20,1,52,3" doraHai="67" who="3" fromWho="1" sc="348,0,233,-77,159,0,260,77" /><INIT seed="7,0,0,3,1,1" ten="348,156,159,337" oya="3" hai0="85,44,4,84,49,31,90,132,65,56,41,82,50" hai1="93,29,0,46,110,54,97,7,32,21,68,61,131" hai2="126,59,120,18,81,17,130,75,14,36,95,80,2" hai3="86,34,92,16,119,111,104,10,118,74,9,11,12"/><W69/><G104/><T83/><D132/><U134/><E110/><V72/><F2/><W73/><G69/><T26/><D4/><U88/><E134/><V91/><F36/><W51/><G111/><T23/><D65/><U113/><E113/><V117/><F117/><W66/><G66/><T48/><D56/><U94/><E68/><V25/><F75/><W20/><G34/><T55/><D55/><U77/><E77/><AGARI ba="0,0" hai="23,26,31,41,44,48,49,50,77,82,83,84,85,90" machi="77" ten="30,2000,0" yaku="7,1,8,1" doraHai="1" who="0" fromWho="1" sc="348,20,156,-20,159,0,337,0" owari="368,46.8,136,-36.4,159,-24.1,337,13.7" /></mjloggm>