<mjloggm ver="2.3"><GO type="169" lobby="0"/><UN n0="%73%6F%72%75%6B%61%6E%6F" n1="%6F%6B%61%62%65%73%68%69" n2="%E9%A2%A8%E3%81%A7%E9%B3%B4%E3%81%8F" n3="%E3%83%97%E3%83%AC%E3%82%B9%E3%83%97" dan="16,17,17,16" rate="2133.58,2221.35,2195.42,2190.44" sx="M,M,M,M"/><TAIKYOKU oya="0"/><INIT seed="0,0,0,2,0,92" ten="250,250,250,250" oya="0" hai0="45,109,99,133,12,59,2,41,21,122,22,69,127" hai1="72,124,56,52,10,32,132,16,104,134,77,73,81" hai2="123,135,63,98,83,34,30,54,43,108,28,74,103" hai3="19,78,129,1,117,105,58,18,80,5,37,130,112"/><T47/><D122/><U64/><E32/><V128/><F123/><W91/><G117/><T35/><D69/><U126/><E64/><V71/><F30/><W38/><G112/><T96/><D2/><U119/><E119/><V53/><F43/><W11/><G105/><T102/><D35/><U125/><E104/><N who="2" m="63607" /><F108/><W49/><G91/><T20/><D109/><U107/><E107/><V62/><F62/><W42/><G58/><T31/><D127/><U4/><E72/><V86/><F74/><W114/><G114/><T82/><D133/><N who="1" m="51307" /><E4/><V25/><F128/><N who="3" m="49259" /><G49/><N who="0" m="26799" /><D47/><U6/><E6/><V61/><F61/><W50/><G50/><T131/><D131/><U23/><E10/><V120/><F120/><W33/><G33/><T75/><D75/><U101/><E101/><V121/><F121/><W29/><G29/><T87/><D102/><U17/><E23/><N who="0" m="8777" /><D59/><U60/><AGARI ba="0,0" hai="16,17,52,56,60,73,77,81,124,125,126" m="51307" machi="60" ten="40,8000,1" yaku="18,1,20,1,54,2" doraHai="92" who="1" fromWho="1" sc="250,-40,250,80,250,-20,250,-20" /><INIT seed="1,0,0,4,5,8" ten="210,330,230,230" oya="1" hai0="21,10,25,32,14,63,54,22,29,107,74,101,86" hai1="70,23,78,133,122,69,68,57,59,66,64,135,76" hai2="35,26,125,112,47,61,27,85,73,132,129,12,37" hai3="4,5,36,128,30,48,1,3,2,111,119,131,124"/><U7/><E7/><N who="3" m="2634" /><G36/><T75/><D107/><U42/><E23/><V83/><F73/><W121/><G48/><T97/><D32/><U15/><E42/><V106/><F106/><W28/><G121/><T126/><D22/><U51/><E51/><V96/><F35/><W82/><G82/><T18/><D126/><U58/><E122/><V84/><F84/><W19/><G124/><T20/><D20/><U87/><E87/><V110/><F110/><W118/><G19/><T46/><D86/><U11/><E11/><V71/><F125/><W72/><G72/><T81/><D81/><U44/><E44/><V77/><F129/><N who="3" m="49739" /><G111/><T108/><D108/><U45/><E15/><V99/><F132/><N who="1" m="50761" /><E45/><V104/><F99/><W9/><G9/><T93/><REACH who="0" step="1"/><D46/><REACH who="0" ten="200,330,230,230" step="2"/><U98/><E98/><V38/><F47/><W92/><G92/><T53/><D53/><U0/><E0/><V114/><F96/><W52/><G52/><T117/><D117/><AGARI ba="0,1" hai="1,2,3,28,30,117,118,119" m="49739,2634" machi="117" ten="40,12000,2" yaku="28,2,12,1,19,1,34,2" doraHai="8" who="3" fromWho="0" sc="200,-120,330,0,230,0,230,130" /><INIT seed="2,0,0,0,3,44" ten="80,330,230,360" oya="2" hai0="101,87,52,120,53,74,61,14,78,4,9,80,30" hai1="116,125,38,113,71,102,89,70,24,83,108,130,63" hai2="96,22,23,66,73,15,26,11,79,134,122,109,20" hai3="69,45,40,91,85,51,119,12,43,31,55,21,18"/><V121/><F134/><W60/><G119/><T56/><D120/><U29/><E116/><V97/><F66/><W16/><G31/><T13/><D101/><U131/><E113/><V34/><F109/><W54/><G69/><T95/><D30/><U5/><E38/><V3/><F3/><W111/><G111/><T99/><D74/><U127/><E108/><V72/><F121/><W50/><G60/><T17/><D53/><U94/><E5/><V35/><F122/><W49/><G18/><T75/><D75/><U88/><E102/><V118/><F118/><W27/><G27/><T115/><D115/><U0/><E0/><V100/><F96/><W68/><G68/><T123/><D123/><U67/><E83/><V41/><F41/><N who="3" m="15947" /><G45/><T65/><D65/><U42/><E42/><V32/><F79/><W58/><G55/><T114/><D114/><U8/><E8/><V105/><REACH who="2" step="1"/><F26/><REACH who="2" ten="80,330,220,360" step="2"/><W86/><G86/><T103/><REACH who="0" step="1"/><D13/><REACH who="0" ten="70,330,220,360" step="2"/><U84/><E71/><V82/><F82/><AGARI ba="0,2" hai="12,16,21,49,50,51,54,58,82,85,91" m="15947" machi="82" ten="30,8000,1" yaku="8,1,52,3,54,1" doraHai="44" who="3" fromWho="2" sc="70,0,330,0,220,-80,360,100" /><INIT seed="3,0,0,1,0,21" ten="70,330,140,460" oya="3" hai0="68,52,91,45,132,61,113,66,36,126,86,115,127" hai1="116,121,10,49,6,23,111,38,124,63,59,82,100" hai2="55,133,97,0,81,7,130,125,80,60,112,120,44" hai3="28,70,58,29,64,104,72,117,114,42,54,135,18"/><W24/><G117/><T43/><D132/><U4/><E121/><V87/><F112/><N who="0" m="43082" /><D86/><U69/><E116/><V20/><F133/><W103/><G114/><T9/><D9/><U30/><E38/><V110/><F110/><W128/><G72/><T16/><D91/><U90/><E111/><V19/><F130/><W129/><G135/><T14/><D14/><U46/><E69/><V75/><F75/><W12/><G42/><T131/><D16/><U62/><E100/><V47/><F81/><W88/><G29/><T41/><D41/><U109/><E109/><V94/><F7/><W32/><G88/><T89/><D89/><U67/><E62/><V22/><F22/><W85/><G85/><T57/><D131/><N who="3" m="50249" /><G103/><T84/><D84/><N who="1" m="50455" /><E10/><V122/><F0/><W95/><G95/><T74/><D74/><U1/><E1/><V8/><F8/><N who="3" m="6407" /><G104/><T76/><D76/><U11/><E11/><V73/><F73/><W15/><G15/><T78/><D78/><U31/><E31/><V56/><F87/><W5/><G5/><T51/><AGARI ba="0,0" hai="36,43,45,51,52,57,61,66,68,126,127" m="43082" machi="51" ten="30,8000,1" yaku="24,1,11,1,34,2,54,1" doraHai="21" who="0" fromWho="0" sc="70,80,330,-20,140,-20,460,-40" /><INIT seed="4,0,0,3,4,78" ten="150,310,120,420" oya="0" hai0="112,96,73,41,40,70,50,56,101,111,119,54,92" hai1="126,25,87,100,125,114,17,30,39,98,90,108,7" hai2="34,58,48,44,80,46,38,51,29,77,28,24,115" hai3="52,43,68,133,15,16,109,129,9,59,91,110,72"/><T107/><D119/><U61/><E39/><V128/><F115/><W21/><G68/><T88/><D112/><U131/><E108/><V19/><F128/><W53/><G129/><T31/><D111/><U135/><E131/><V27/><F19/><W82/><G133/><T118/><D118/><U81/><E114/><V97/><F97/><W13/><G43/><T62/><D73/><U102/><E135/><V3/><F3/><W127/><G127/><N who="1" m="48650" /><E7/><V105/><F105/><W10/><G53/><T84/><REACH who="0" step="1"/><D31/><REACH who="0" ten="140,310,120,420" step="2"/><U64/><E30/><V116/><F116/><W37/><G72/><T103/><D103/><U63/><E102/><V26/><F34/><W75/><G75/><T8/><D8/><U106/><E64/><AGARI ba="0,1" hai="40,41,50,54,56,62,64,70,84,88,92,96,101,107" machi="64" ten="40,3900,0" yaku="1,1,54,1,53,0" doraHai="78" doraHaiUra="23" who="0" fromWho="1" sc="140,49,310,-39,120,0,420,0" /><INIT seed="4,1,0,3,0,105" ten="189,271,120,420" oya="0" hai0="1,114,102,127,107,100,2,59,93,133,78,80,135" hai1="20,36,96,91,28,122,116,62,103,11,87,76,123" hai2="26,82,14,37,23,70,115,52,34,24,41,111,61" hai3="97,33,125,124,10,7,53,55,22,17,31,84,128"/><T56/><D107/><U99/><E36/><V6/><F111/><W95/><G128/><T81/><D114/><U79/><E11/><V25/><F115/><W121/><G121/><T65/><D65/><U110/><E62/><V32/><F82/><N who="0" m="31850" /><D93/><U67/><E67/><V40/><F70/><W64/><G84/><T98/><D98/><U19/><E19/><V16/><F6/><W104/><G104/><T94/><D94/><U15/><E15/><V39/><F39/><W73/><G73/><T29/><D78/><U71/><E20/><V35/><REACH who="2" step="1"/><F37/><REACH who="2" ten="189,271,110,420" step="2"/><W119/><G7/><T75/><D127/><U57/><E71/><V12/><F12/><W30/><G124/><T72/><D29/><U120/><E28/><V44/><F44/><W13/><G125/><T134/><D59/><AGARI ba="1,1" hai="14,16,23,24,25,26,32,34,35,40,41,52,59,61" machi="59" ten="50,6400,0" yaku="1,1,54,2,53,0" doraHai="105" doraHaiUra="42" who="2" fromWho="0" sc="189,-67,271,0,110,77,420,0" /><INIT seed="5,0,0,1,4,81" ten="122,271,187,420" oya="1" hai0="83,80,14,21,71,2,112,47,16,35,87,48,125" hai1="114,19,93,30,1,73,96,86,56,82,23,84,25" hai2="97,131,60,4,44,10,15,20,129,63,77,99,8" hai3="9,107,127,50,76,24,34,46,36,5,90,75,13"/><U7/><E114/><V11/><F77/><W27/><G127/><T66/><D112/><U64/><E73/><V113/><F44/><W111/><G111/><T95/><D35/><U132/><E132/><V105/><F105/><W69/><G69/><T53/><D2/><U51/><E82/><V68/><F113/><W37/><G107/><T57/><D47/><U32/><E1/><V116/><F68/><W49/><G49/><T26/><D125/><U109/><E109/><V126/><F126/><W128/><G128/><N who="2" m="49225" /><F20/><W79/><G90/><T101/><D26/><U122/><E122/><V100/><F100/><W22/><G34/><T121/><D121/><U58/><E7/><V41/><F41/><W39/><G75/><T130/><D130/><U38/><E38/><V106/><F106/><W104/><G104/><T74/><D74/><U88/><E32/><V31/><F31/><W119/><G27/><T124/><D124/><U120/><E120/><V110/><F110/><W134/><G119/><T42/><D42/><U17/><E17/><V52/><F63/><W70/><G70/><T3/><D3/><U78/><E78/><V118/><F15/><W54/><REACH who="3" step="1"/><G134/><REACH who="3" ten="122,271,187,410" step="2"/><T62/><D101/><U29/><E29/><AGARI ba="0,1" hai="5,9,13,22,24,29,36,37,39,46,50,54,76,79" machi="29" ten="40,2600,0" yaku="1,1,2,1,53,0" doraHai="81" doraHaiUra="115" who="3" fromWho="1" sc="122,0,271,-26,187,0,410,36" /><INIT seed="6,0,0,3,0,4" ten="122,245,187,446" oya="2" hai0="55,3,129,21,70,39,71,38,75,84,111,74,48" hai1="90,87,79,11,52,36,60,46,100,62,131,130,83" hai2="5,69,99,72,43,34,105,17,26,64,22,6,95" hai3="122,37,82,25,0,42,14,107,80,119,24,106,109"/><V19/><F72/><W27/><G119/><T29/><D111/><U56/><E100/><V123/><F123/><W15/><G0/><T47/><D129/><N who="1" m="49163" /><E62/><V63/><F43/><W59/><G109/><T101/><D101/><U16/><E36/><V112/><F112/><W126/><G59/><T81/><D39/><U49/><E79/><V8/><F34/><W7/><G42/><T77/><D38/><U85/><E85/><V45/><F45/><W31/><G37/><T20/><D20/><U9/><E16/><V92/><F92/><W30/><G7/><T98/><D98/><U40/><AGARI ba="0,0" hai="9,11,40,46,49,52,56,60,83,87,90" m="49163" machi="40" ten="30,7900,0" yaku="19,1,52,2,54,1" doraHai="4" who="1" fromWho="1" sc="122,-20,245,79,187,-39,446,-20" /><INIT seed="7,0,0,0,1,109" ten="102,324,148,426" oya="3" hai0="27,19,100,0,15,106,25,114,48,111,129,96,127" hai1="59,7,55,132,133,113,84,135,62,66,57,74,126" hai2="52,93,1,29,30,116,105,61,17,123,54,45,79" hai3="40,63,51,85,120,115,99,101,46,110,70,33,36"/><W71/><G120/><T88/><D111/><U98/><E74/><V94/><F105/><W134/><G115/><T72/><D0/><U97/><E7/><V8/><F116/><W76/><G134/><T4/><D127/><U112/><E84/><V102/><F93/><W64/><G33/><T128/><D72/><U10/><E10/><V118/><F61/><W104/><G110/><T80/><D4/><U14/><E14/><V3/><F17/><W56/><G76/><T26/><D48/><N who="1" m="30951" /><E126/><V18/><F8/><W43/><G43/><T92/><D80/><U65/><E97/><V38/><F18/><W34/><G34/><T117/><D117/><U53/><E98/><V82/><F94/><W68/><REACH who="3" step="1"/><G85/><REACH who="3" ten="102,324,148,416" step="2"/><T67/><D67/><AGARI ba="0,1" hai="53,59,62,65,66,67,112,113,132,133,135" m="30951" machi="67" ten="40,8000,1" yaku="20,1,34,2,52,2" doraHai="109" who="1" fromWho="0" sc="102,-80,324,90,148,0,416,0" owari="22,-47.8,414,21.4,148,-25.2,416,51.6" /></mjloggm>