<mjloggm ver="2.3"><GO type="169" lobby="0"/><UN n0="%E5%85%94%E6%96%AF%E5%9F%BA" n1="%E8%8F%85%E7%94%B0%E5%B0%86%E6%9A%89%28%E5%81%BD%E7%89%A9%29" n2="%E3%83%A4%E3%83%9E%E3%83%80%E3%81%95%E3%82%93" n3="%E8%80%81%E6%A5%BD" dan="16,16,16,17" rate="2085.81,2186.37,2099.64,2227.02" sx="M,M,M,M"/><TAIKYOKU oya="0"/><INIT seed="0,0,0,0,2,6" ten="250,250,250,250" oya="0" hai0="105,93,64,125,21,52,113,107,117,67,108,63,68" hai1="42,46,77,29,96,94,95,131,75,133,79,76,12" hai2="43,83,130,112,22,60,11,28,70,19,106,92,59" hai3="39,119,41,84,56,57,17,47,62,101,123,99,134"/><T86/><D113/><U9/><E131/><V91/><F106/><W15/><G119/><T53/><D117/><U103/><E133/><V18/><F112/><W71/><G134/><T37/><D125/><U135/><E135/><V16/><F70/><W82/><G123/><T90/><D108/><U20/><E94/><V58/><F43/><W7/><G7/><T88/><D37/><U30/><E20/><V0/><F83/><W87/><G71/><T114/><D114/><U24/><E24/><N who="2" m="16407" /><F0/><W121/><G121/><T102/><D90/><U104/><E104/><V1/><F1/><W128/><G128/><T127/><D127/><U109/><E109/><V23/><F23/><W44/><G44/><T55/><D67/><U73/><E75/><V72/><F72/><W51/><G39/><T32/><D32/><U25/><E25/><V124/><F58/><W54/><G56/><T35/><D35/><U118/><E73/><V116/><F116/><W10/><REACH who="3" step="1"/><G82/><REACH who="3" ten="250,250,250,240" step="2"/><T129/><D129/><U61/><E118/><V80/><F80/><W65/><G65/><T50/><D68/><U85/><E61/><V4/><F130/><W111/><G111/><T66/><D63/><U3/><E3/><N who="2" m="415" /><F124/><W78/><G78/><T69/><D69/><U45/><E45/><V120/><F120/><W97/><G97/><N who="0" m="61647" /><D50/><N who="1" m="26967" /><E85/><N who="2" m="52335" /><F59/><W14/><G14/><T115/><D115/><U126/><E126/><V31/><F60/><W81/><G81/><T89/><D86/><U110/><E110/><V34/><F34/><W27/><G27/><T74/><D74/><U49/><E49/><V48/><F48/><RYUUKYOKU ba="0,1" sc="250,-30,250,10,250,10,240,10" hai1="9,12,29,30,76,77,79,95,96,103" hai2="16,18,19,31" hai3="10,15,17,41,47,51,54,57,62,84,87,99,101" /><INIT seed="1,1,1,3,0,123" ten="220,260,260,250" oya="1" hai0="71,90,34,127,31,44,6,2,40,32,62,100,122" hai1="104,33,113,1,50,25,47,0,73,28,3,128,56" hai2="37,133,125,45,116,130,52,83,118,95,108,80,27" hai3="48,129,75,54,96,14,13,89,63,38,24,41,8"/><U86/><E113/><V93/><F27/><W78/><G38/><T120/><D100/><U117/><E117/><V57/><F37/><W51/><G75/><T42/><D127/><U135/><E73/><V7/><F45/><W43/><G78/><T53/><D40/><U59/><E128/><V55/><F7/><W4/><G129/><T74/><D90/><U119/><E119/><V79/><F130/><W15/><G24/><N who="0" m="18535" /><D53/><U23/><E135/><V9/><F9/><W84/><G96/><T109/><D34/><U5/><E104/><V67/><F67/><W126/><G63/><T29/><D29/><U105/><E105/><V39/><F39/><W12/><G51/><T103/><D103/><U69/><E69/><V111/><F125/><W102/><G102/><T16/><D74/><U18/><E86/><V20/><F20/><W58/><REACH who="3" step="1"/><G126/><REACH who="3" ten="220,260,260,240" step="2"/><T65/><D122/><U60/><E60/><V99/><F79/><W81/><AGARI ba="1,2" hai="4,8,12,13,14,15,41,43,48,54,58,81,84,89" machi="81" ten="30,7900,0" yaku="1,1,2,1,0,1,8,1,53,0" doraHai="123" doraHaiUra="26" who="3" fromWho="3" sc="220,-21,260,-40,260,-21,240,102" /><INIT seed="2,0,0,5,1,75" ten="199,220,239,342" oya="2" hai0="52,115,111,110,13,65,38,95,60,117,133,64,40" hai1="127,106,71,91,107,129,56,122,57,26,29,76,37" hai2="104,30,102,5,68,67,1,90,61,123,59,41,28" hai3="116,42,33,96,6,31,62,46,70,81,94,121,18"/><V9/><F123/><W10/><G116/><T84/><D117/><U124/><E71/><V85/><F41/><W109/><G18/><T79/><D115/><U51/><E37/><V24/><F59/><N who="1" m="22601" /><E122/><V25/><F28/><W72/><G31/><T112/><D112/><U34/><E51/><V86/><F24/><W43/><G33/><T98/><D133/><U99/><E129/><V101/><F104/><W16/><G46/><T0/><D0/><U97/><E76/><V63/><F63/><W92/><G92/><T53/><D38/><U49/><E49/><V19/><F19/><W32/><G32/><T126/><D40/><U35/><E35/><V74/><F74/><W82/><G6/><T20/><D60/><U36/><E36/><V39/><F39/><W132/><G109/><T54/><D126/><N who="1" m="48171" /><E91/><V87/><REACH who="2" step="1"/><F90/><REACH who="2" ten="199,220,229,342" step="2"/><W22/><G121/><T120/><D120/><U105/><AGARI ba="0,1" hai="26,29,34,97,99,105,106,107" m="48171,22601" machi="105" ten="40,1500,0" yaku="18,1" doraHai="75" who="1" fromWho="1" sc="199,-4,220,25,229,-7,342,-4" /><INIT seed="3,0,0,5,0,37" ten="195,245,222,338" oya="3" hai0="130,61,5,87,82,70,16,59,97,23,42,122,78" hai1="48,92,40,121,134,60,66,96,68,107,120,43,108" hai2="33,93,115,24,118,2,133,132,123,11,76,73,25" hai3="94,26,52,72,58,19,106,126,100,44,15,14,63"/><W105/><G72/><T62/><D122/><U4/><E107/><V111/><F73/><W30/><G126/><T103/><D130/><U57/><E4/><N who="2" m="1431" /><F76/><W83/><G83/><T18/><D5/><U119/><E108/><V17/><F93/><W8/><G15/><T116/><D116/><U128/><E128/><V84/><F84/><W9/><G8/><T10/><D10/><U67/><E119/><V6/><F118/><W113/><G113/><T27/><D70/><U81/><E81/><V38/><F38/><W99/><REACH who="3" step="1"/><G44/><REACH who="3" ten="195,245,222,328" step="2"/><T89/><D78/><U109/><E109/><V39/><F111/><W79/><G79/><T114/><D114/><U28/><E120/><V51/><F115/><W112/><G112/><T56/><D18/><U32/><E121/><V90/><F123/><W36/><G36/><T46/><D46/><U135/><E28/><V85/><F39/><W53/><G53/><T7/><D7/><U1/><E1/><V29/><F6/><W102/><G102/><T129/><D129/><U125/><E125/><V41/><F17/><W71/><G71/><T54/><D42/><U88/><E67/><V95/><F29/><W45/><G45/><T91/><D91/><U34/><E43/><V110/><F110/><W69/><G69/><T21/><D16/><U31/><E31/><V124/><F124/><W3/><G3/><T35/><D103/><U49/><E40/><V12/><F12/><W20/><AGARI ba="0,1" hai="9,14,19,20,26,30,52,58,63,94,99,100,105,106" machi="20" ten="20,7800,0" yaku="1,1,0,1,7,1,54,1,53,0" doraHai="37" doraHaiUra="47" who="3" fromWho="3" sc="195,-26,245,-26,222,-26,328,88" /><INIT seed="3,1,0,5,5,57" ten="169,219,196,416" oya="3" hai0="62,11,112,126,47,4,23,21,27,61,14,7,13" hai1="81,82,72,95,9,36,92,102,127,83,131,117,33" hai2="67,87,109,125,34,51,42,53,111,19,15,10,30" hai3="54,110,31,85,115,80,17,28,24,91,68,70,48"/><W100/><G115/><T26/><D47/><U37/><E33/><V16/><F125/><W130/><G130/><T113/><REACH who="0" step="1"/><D11/><REACH who="0" ten="159,219,196,416" step="2"/><U40/><E9/><V77/><F42/><W99/><G110/><T32/><D32/><U133/><E131/><V29/><F34/><W25/><G68/><T45/><D45/><U76/><E127/><AGARI ba="1,1" hai="4,7,13,14,21,23,26,27,61,62,112,113,126,127" machi="127" ten="25,8000,1" yaku="1,1,22,2,52,2,53,0" doraHai="57" doraHaiUra="50" who="0" fromWho="1" sc="159,93,219,-83,196,0,416,0" /><INIT seed="4,0,0,5,0,82" ten="252,136,196,416" oya="0" hai0="60,84,10,90,58,73,55,70,5,87,28,12,20" hai1="131,3,124,56,14,79,50,67,100,63,108,57,102" hai2="93,27,71,104,39,94,51,6,127,48,59,38,42" hai3="74,37,49,86,78,110,43,32,33,135,75,2,83"/><T103/><D73/><U23/><E3/><V13/><F104/><W133/><G37/><T122/><D122/><U18/><E108/><V11/><F71/><W115/><G2/><T25/><D70/><U22/><E131/><V125/><F27/><W7/><G7/><T85/><REACH who="0" step="1"/><D103/><REACH who="0" ten="242,136,196,416" step="2"/><U64/><E124/><V117/><F127/><W4/><G74/><T19/><D19/><U129/><E129/><V62/><F125/><W36/><G75/><T30/><D30/><U41/><E100/><V132/><F6/><W99/><G4/><T72/><D72/><U1/><E102/><V112/><F117/><W96/><G110/><T35/><D35/><U109/><E109/><V101/><F101/><W21/><G32/><T119/><D119/><U98/><E18/><V45/><F112/><W80/><G33/><T44/><D44/><U106/><E56/><V26/><F45/><W91/><G115/><T54/><D54/><U113/><E57/><V95/><F59/><W134/><G134/><T61/><D61/><U121/><E63/><V66/><F132/><W15/><G135/><T9/><D9/><U76/><E113/><V29/><F62/><W34/><G34/><T123/><D123/><U47/><E121/><V118/><F118/><W130/><G133/><T53/><D53/><U81/><E47/><V77/><F11/><W111/><G130/><T46/><D46/><U116/><E116/><V105/><F29/><W107/><G111/><T92/><AGARI ba="0,1" hai="5,10,12,20,25,28,55,58,60,84,85,87,90,92" machi="92" ten="20,18000,2" yaku="1,1,0,1,7,1,8,1,52,3,53,0" doraHai="82" doraHaiUra="120" who="0" fromWho="0" sc="242,190,136,-60,196,-60,416,-60" /><INIT seed="4,1,0,0,5,89" ten="432,76,136,356" oya="0" hai0="25,1,32,84,12,104,66,2,115,90,107,38,8" hai1="130,72,30,29,111,22,27,103,117,20,41,24,76" hai2="43,125,118,31,44,55,40,124,68,113,45,39,122" hai3="75,13,88,87,98,5,47,129,0,101,128,100,60"/><T78/><D38/><U69/><E111/><V99/><F31/><W119/><G0/><T11/><D78/><U83/><E117/><V62/><F99/><W42/><G75/><T95/><D11/><U46/><E130/><V53/><F122/><W135/><G119/><T93/><D115/><U81/><E81/><V15/><F15/><W116/><G116/><T52/><D66/><U70/><REACH who="1" step="1"/><E103/><REACH who="1" ten="432,66,136,356" step="2"/><V82/><F82/><W64/><G101/><T131/><D131/><U85/><E85/><V4/><F118/><W97/><G100/><T94/><D84/><U127/><E127/><N who="2" m="48715" /><F113/><W71/><G129/><T110/><D110/><U37/><AGARI ba="1,1" hai="20,22,24,27,29,30,37,41,46,69,70,72,76,83" machi="37" ten="20,5200,0" yaku="1,1,0,1,7,1,9,1,53,0" doraHai="89" doraHaiUra="102" who="1" fromWho="1" sc="432,-27,66,65,136,-14,356,-14" /><INIT seed="5,0,0,1,0,18" ten="405,131,122,342" oya="1" hai0="21,67,46,20,86,32,40,12,54,13,78,90,37" hai1="64,45,104,85,58,27,92,66,1,110,80,43,107" hai2="105,130,52,28,75,121,113,97,53,5,115,62,15" hai3="4,30,124,41,122,99,17,39,81,7,103,55,134"/><U31/><E1/><V9/><F121/><W109/><G39/><T2/><D32/><U63/><E110/><V83/><F130/><W112/><G41/><T0/><D67/><U117/><E117/><V116/><F116/><W91/><G30/><T51/><D78/><U133/><E133/><V6/><F6/><W118/><G55/><T101/><D101/><U129/><E66/><V59/><F28/><W68/><G68/><T93/><D0/><U69/><E69/><V47/><F105/><W108/><G124/><T29/><D2/><U95/><E104/><V111/><F111/><W8/><G112/><N who="2" m="43081" /><F97/><W10/><G99/><T42/><D29/><U120/><E107/><V33/><F33/><W25/><G4/><T82/><D93/><U76/><E129/><V38/><F38/><W131/><G7/><T98/><D98/><U127/><E120/><V100/><F100/><W49/><G103/><T22/><REACH who="0" step="1"/><D42/><REACH who="0" ten="395,131,122,342" step="2"/><U87/><E127/><V123/><F123/><W57/><G122/><T126/><D126/><U128/><E128/><V72/><F83/><W14/><G81/><T77/><D77/><U34/><REACH who="1" step="1"/><E87/><REACH who="1" ten="395,121,122,342" step="2"/><V70/><F70/><W79/><G131/><T88/><D88/><U135/><E135/><V73/><F73/><W19/><G91/><T26/><D26/><U11/><E11/><V74/><F74/><W132/><G25/><T44/><AGARI ba="0,2" hai="12,13,20,21,22,37,40,44,46,51,54,82,86,90" machi="44" ten="30,12000,2" yaku="1,1,0,1,52,3,53,1" doraHai="18" doraHaiUra="50" who="0" fromWho="0" sc="395,140,121,-60,122,-30,342,-30" /><INIT seed="6,0,0,2,4,121" ten="535,61,92,312" oya="2" hai0="20,126,91,108,88,31,55,116,95,52,69,111,6" hai1="36,75,92,22,73,133,89,51,27,62,106,86,79" hai2="130,102,11,50,109,33,113,127,9,1,70,93,78" hai3="58,45,44,66,132,8,56,99,35,117,53,110,72"/><V25/><F70/><W101/><G72/><T81/><D69/><U34/><E36/><V64/><F64/><W14/><G35/><T37/><D37/><U115/><E106/><V120/><F78/><W30/><G30/><T124/><D6/><U57/><E133/><V100/><F120/><W0/><G0/><T128/><D128/><U131/><E131/><V42/><F130/><W71/><G117/><T84/><D116/><U5/><E115/><V123/><F123/><W96/><G96/><T60/><D31/><U10/><E34/><V85/><F85/><W61/><G132/><T46/><D20/><U15/><E51/><V98/><F102/><W59/><G110/><N who="0" m="42027" /><D46/><U105/><E105/><V118/><F118/><W104/><G53/><T3/><D60/><U17/><REACH who="1" step="1"/><E79/><REACH who="1" ten="535,51,92,312" step="2"/><V63/><F50/><W41/><G41/><T49/><D49/><U23/><E23/><V4/><F42/><W29/><G29/><T68/><D3/><U43/><E43/><V125/><F33/><W16/><AGARI ba="0,1" hai="8,14,16,44,45,56,58,59,61,66,71,99,101,104" machi="16" ten="30,2000,0" yaku="0,1,54,1" doraHai="121" who="3" fromWho="3" sc="535,-5,51,-5,92,-10,312,30" /><INIT seed="7,0,0,4,0,26" ten="530,46,82,342" oya="3" hai0="12,58,110,45,95,21,19,76,61,11,130,133,7" hai1="22,86,17,115,55,78,40,116,132,91,29,30,23" hai2="97,112,123,27,72,67,59,10,51,106,105,126,103" hai3="84,15,75,4,49,121,24,14,134,34,13,83,32"/><W46/><G75/><T9/><D110/><U43/><E115/><V35/><F72/><W20/><G121/><T89/><D133/><U118/><E132/><V41/><F112/><W98/><G134/><T2/><D130/><U70/><E70/><V71/><F10/><W92/><G32/><T101/><D76/><U5/><E5/><V66/><F66/><W18/><G34/><T25/><D45/><U77/><E55/><N who="2" m="32255" /><F41/><N who="1" m="15945" /><E118/><V73/><F73/><W56/><G56/><T117/><D117/><U1/><E1/><V74/><F74/><W16/><G4/><T64/><D101/><U114/><E114/><V79/><F79/><N who="1" m="30217" /><E116/><V39/><F39/><W100/><G84/><N who="0" m="52647" /><D2/><U128/><E128/><V57/><F123/><W104/><G83/><T94/><D9/><U63/><E63/><N who="2" m="40447" /><F57/><W135/><G135/><T69/><D69/><U129/><E129/><V3/><F3/><W93/><REACH who="3" step="1"/><G18/><REACH who="3" ten="530,46,82,332" step="2"/><N who="0" m="12471" /><D7/><U107/><E107/><N who="2" m="63983" /><F126/><W85/><G85/><T33/><D33/><U87/><E87/><V109/><F109/><W37/><G37/><T124/><D124/><U113/><E113/><V31/><AGARI ba="0,1" hai="27,31,35,105,106" m="63983,40447,32255" machi="31" ten="30,2000,0" yaku="25,1,52,1" doraHai="26" who="2" fromWho="2" sc="530,-5,46,-5,82,30,332,-10" owari="525,62.5,41,-45.9,112,-28.8,322,12.2" /></mjloggm>