<mjloggm ver="2.3"><GO type="169" lobby="0"/><UN n0="%E9%81%8B%E3%81%A7%E5%8B%9D%E3%81%A4" n1="%72%65%62%6F%75%6E%64" n2="%74%73%75%6B%69%31" n3="%43%68%72%69%73%74%31%32" dan="17,16,16,17" rate="2149.54,2115.52,2163.23,2172.03" sx="M,M,M,F"/><TAIKYOKU oya="0"/><INIT seed="0,0,0,0,2,90" ten="250,250,250,250" oya="0" hai0="43,39,23,38,22,77,119,28,63,132,122,98,113" hai1="30,103,24,91,74,5,93,53,10,76,106,79,70" hai2="0,124,95,85,15,1,69,32,25,33,60,125,81" hai3="49,86,68,51,109,120,65,8,84,12,107,58,64"/><T133/><D113/><U111/><E111/><V61/><F15/><W82/><G107/><T2/><D2/><U47/><E70/><V71/><F81/><W59/><G109/><T128/><D119/><U41/><E74/><V105/><F85/><W36/><G36/><T96/><D122/><U34/><E53/><V40/><F105/><W52/><G120/><T57/><D128/><U83/><E83/><V46/><F25/><W73/><G73/><T130/><D130/><U117/><E103/><V44/><REACH who="2" step="1"/><F40/><REACH who="2" ten="250,250,240,250" step="2"/><W35/><G12/><T27/><D43/><U13/><E106/><V121/><F121/><W56/><G82/><T45/><D77/><U66/><E117/><V72/><F72/><W100/><G86/><T29/><D27/><U134/><E134/><V55/><F55/><W131/><G84/><T123/><D123/><U16/><E66/><V19/><F19/><W101/><G52/><T87/><D87/><U31/><E31/><V14/><F14/><W104/><G104/><T7/><D7/><U114/><E5/><V94/><AGARI ba="0,1" hai="0,1,32,33,44,46,60,61,69,71,94,95,124,125" machi="94" ten="25,12000,2" yaku="1,1,0,1,22,2,52,2,53,0" doraHai="90" doraHaiUra="78" who="2" fromWho="2" sc="250,-60,250,-30,240,130,250,-30" /><INIT seed="1,0,0,2,5,121" ten="190,220,370,220" oya="1" hai0="118,119,127,83,50,94,3,42,122,39,89,88,4" hai1="2,132,6,129,86,103,9,61,57,53,68,11,65" hai2="120,55,64,113,45,98,130,15,99,100,56,104,109" hai3="96,135,70,43,66,19,12,123,125,69,62,7,32"/><U54/><E132/><V18/><F120/><W63/><G123/><T117/><D122/><U30/><E129/><V73/><F73/><W84/><G32/><T38/><D127/><U72/><E72/><V95/><F130/><W116/><G125/><T33/><D33/><U67/><E30/><V134/><F134/><W26/><G135/><T91/><D94/><U48/><E11/><V51/><F113/><W58/><G116/><T102/><D102/><U24/><E24/><V107/><F109/><W37/><G7/><T29/><D29/><U13/><E2/><V8/><F99/><W10/><G26/><T23/><D23/><U114/><E114/><V76/><F76/><W87/><G96/><T27/><D27/><U93/><E68/><V16/><F18/><W59/><G43/><T108/><D108/><U133/><E133/><V17/><F17/><W20/><G37/><T80/><D50/><U92/><E103/><V115/><F115/><W85/><REACH who="3" step="1"/><G10/><REACH who="3" ten="190,220,370,210" step="2"/><T124/><D124/><U40/><E40/><V1/><F8/><W49/><G49/><T35/><D35/><U106/><E6/><V71/><F51/><W44/><G44/><N who="0" m="23639" /><D39/><U36/><E36/><V77/><F45/><W79/><G79/><T74/><D74/><U47/><E9/><V131/><F77/><W31/><G31/><T81/><D4/><U78/><E78/><V34/><F34/><W112/><G112/><T22/><D22/><U110/><E110/><V82/><F131/><W105/><G105/><N who="2" m="40521" /><F98/><W111/><G111/><T128/><D128/><U5/><E47/><V52/><F1/><AGARI ba="0,1" hai="1,3,80,81,83,88,89,91,117,118,119" m="23639" machi="1" ten="40,8000,1" yaku="6,1,29,2,54,1" doraHai="121" who="0" fromWho="2" sc="190,90,220,0,370,-80,210,0" /><INIT seed="2,0,0,3,0,111" ten="280,220,290,210" oya="2" hai0="1,91,116,69,46,95,43,117,73,127,23,56,86" hai1="47,114,79,24,52,104,134,41,29,80,21,120,12" hai2="20,74,100,31,39,84,13,26,103,94,121,130,98" hai3="71,3,53,85,75,35,112,67,16,109,45,88,10"/><V101/><F39/><W28/><G75/><T34/><D34/><U106/><E134/><V135/><F74/><W58/><G109/><T102/><D69/><U59/><E120/><V14/><F121/><W126/><G126/><T32/><D32/><U92/><E114/><V129/><F135/><W17/><G71/><T4/><D73/><U33/><E92/><V118/><F118/><W65/><G112/><T11/><D127/><U42/><E33/><V133/><F133/><W66/><G45/><T0/><D102/><U38/><E12/><V18/><F84/><W113/><G113/><T110/><D110/><U83/><E41/><V60/><F60/><W77/><G77/><T131/><D131/><N who="2" m="50186" /><F13/><W128/><G128/><T97/><D23/><AGARI ba="0,0" hai="14,18,20,23,26,31,94,98,100,101,103" m="50186" machi="23" ten="30,1500,0" yaku="19,1" doraHai="111" who="2" fromWho="0" sc="280,-15,220,0,290,15,210,0" /><INIT seed="2,1,0,0,5,134" ten="265,220,305,210" oya="2" hai0="52,62,99,96,11,44,9,106,57,78,24,36,105" hai1="13,0,113,89,33,31,126,23,74,45,108,87,3" hai2="88,133,15,132,64,85,55,39,70,122,8,34,98" hai3="69,75,111,17,119,79,10,129,12,25,116,93,101"/><V91/><F34/><W135/><G69/><T124/><D78/><U115/><E74/><V28/><F28/><W6/><G135/><N who="2" m="51785" /><F122/><W42/><G111/><T86/><D86/><U84/><E33/><V48/><F39/><W7/><G129/><T94/><D124/><U66/><E126/><V40/><F40/><W50/><G75/><T26/><D36/><U125/><E125/><V76/><F64/><W131/><G79/><T46/><D106/><U71/><E66/><V107/><F70/><W47/><G131/><T118/><D105/><U35/><E71/><V128/><F128/><W27/><G119/><T123/><D118/><U72/><E31/><V56/><F76/><W112/><G112/><T82/><D82/><U53/><E35/><V20/><F20/><W61/><G61/><T32/><D32/><U103/><E23/><V92/><F107/><W130/><G116/><T14/><D9/><U100/><E108/><V83/><F15/><W90/><G101/><N who="0" m="60567" /><D99/><U58/><E13/><V60/><F8/><W95/><G130/><T97/><D97/><U65/><E65/><V68/><F68/><W38/><G38/><T114/><D114/><U49/><E0/><V117/><F117/><W63/><G10/><T19/><D123/><U104/><E3/><V37/><F37/><W16/><G12/><T77/><D77/><U121/><E104/><V29/><F29/><W59/><G27/><AGARI ba="1,0" hai="11,14,19,24,26,27,44,46,52,57,62" m="60567" machi="27" ten="30,2000,0" yaku="8,1,54,1" doraHai="134" who="0" fromWho="3" sc="265,23,220,0,305,0,210,-23" /><INIT seed="3,0,0,5,3,86" ten="288,220,305,187" oya="3" hai0="29,88,81,58,42,30,4,75,78,76,7,115,84" hai1="104,53,93,96,66,99,31,91,69,46,118,52,125" hai2="89,100,18,111,34,117,25,95,16,107,133,101,77" hai3="38,12,80,23,114,57,49,19,103,39,44,72,94"/><W40/><G114/><T62/><D42/><U20/><E125/><V45/><F117/><W92/><G103/><T119/><D119/><U102/><E118/><V122/><F111/><W0/><G0/><T121/><D121/><U51/><E69/><V6/><F122/><W85/><G72/><T112/><D112/><U90/><E66/><V124/><F77/><N who="0" m="29802" /><D75/><U128/><E128/><V109/><F109/><W33/><G33/><T116/><D116/><U70/><E70/><V110/><F110/><W74/><G74/><T98/><D115/><U55/><E31/><N who="0" m="11785" /><D98/><U97/><E20/><V11/><F34/><W17/><G39/><T120/><D120/><U37/><E37/><V26/><F124/><W54/><REACH who="3" step="1"/><G19/><REACH who="3" ten="288,220,305,177" step="2"/><T67/><AGARI ba="0,1" hai="4,7,58,62,67,81,84,88" m="11785,29802" machi="67" ten="30,4000,0" yaku="8,1,52,1,54,1" doraHai="86" who="0" fromWho="0" sc="288,50,220,-10,305,-10,177,-20" /><INIT seed="4,0,0,0,1,117" ten="338,210,295,157" oya="0" hai0="114,15,135,91,65,79,118,122,68,26,36,99,73" hai1="77,106,48,97,39,111,17,131,71,16,86,3,96" hai2="35,33,19,81,30,69,51,100,18,53,42,112,0" hai3="12,38,28,109,40,6,95,9,31,120,63,62,121"/><T2/><D2/><U43/><E111/><V102/><F0/><W41/><G109/><T119/><D36/><U55/><E3/><V64/><F42/><N who="3" m="16491" /><G38/><T125/><D65/><U94/><E71/><V37/><F37/><W57/><G95/><T110/><D68/><U8/><E131/><V126/><F69/><W72/><G72/><T87/><D110/><U5/><E106/><V21/><F64/><N who="3" m="38991" /><G63/><T92/><D15/><U24/><E24/><V132/><F112/><W105/><G105/><T59/><D26/><U1/><E43/><V60/><F60/><W56/><G56/><T108/><D59/><U130/><E39/><V127/><F81/><W13/><G13/><T61/><D61/><U7/><E7/><V124/><F132/><W133/><G133/><T54/><D54/><U103/><E130/><V89/><F126/><W10/><G10/><T76/><D135/><U46/><REACH who="1" step="1"/><E97/><REACH who="1" ten="338,200,295,157" step="2"/><V98/><F98/><W88/><G88/><N who="0" m="55687" /><D108/><U67/><E67/><V25/><F89/><W75/><G75/><T58/><D73/><U116/><E116/><V80/><F124/><W113/><G113/><T129/><D125/><U74/><E74/><V45/><F127/><W70/><G70/><T84/><D129/><U32/><E32/><V22/><F35/><W11/><G11/><T78/><D114/><U20/><E20/><V50/><F33/><W27/><G27/><T90/><D119/><U47/><E47/><V49/><F22/><W29/><G6/><T82/><D118/><U115/><E115/><V134/><F25/><W123/><G9/><T34/><D34/><RYUUKYOKU ba="0,1" sc="338,-15,200,15,295,-15,157,15" hai1="1,5,8,16,17,46,48,55,77,86,94,96,103" hai3="12,28,29,31,120,121,123" /><INIT seed="5,1,1,0,5,76" ten="323,215,280,172" oya="1" hai0="47,49,84,104,5,123,19,79,10,110,127,66,75" hai1="71,99,120,24,94,68,69,63,112,82,64,77,48" hai2="30,50,131,42,23,97,59,135,118,3,43,74,105" hai3="95,126,11,101,6,9,132,8,12,65,40,22,73"/><U34/><E120/><V102/><F3/><W91/><G73/><T130/><D110/><U128/><E128/><V45/><F118/><W122/><G122/><T25/><D104/><U103/><E112/><V21/><F74/><W89/><G126/><T1/><D123/><U61/><E48/><V53/><F131/><W100/><G132/><T13/><D130/><U7/><E7/><V85/><F135/><W46/><G65/><T108/><D108/><U31/><REACH who="1" step="1"/><E63/><REACH who="1" ten="323,205,280,172" step="2"/><V27/><F42/><W33/><G6/><T129/><D129/><U81/><E81/><V87/><F21/><W38/><G33/><T78/><D5/><U20/><E20/><V86/><F86/><AGARI ba="1,2" hai="24,31,34,61,64,68,69,71,77,82,86,94,99,103" machi="86" ten="30,11600,0" yaku="1,1,7,1,52,1,53,1" doraHai="76" doraHaiUra="62" who="1" fromWho="2" sc="323,0,205,139,280,-119,172,0" /><INIT seed="5,2,0,2,3,115" ten="323,344,161,172" oya="1" hai0="124,19,4,128,112,98,80,42,130,38,135,59,56" hai1="48,3,102,129,10,81,23,113,106,39,84,127,54" hai2="131,61,50,126,72,109,132,95,35,85,1,77,114" hai3="28,117,82,88,134,40,46,105,75,55,133,11,108"/><U119/><E113/><V36/><RYUUKYOKU type="yao9" ba="2,0" sc="323,0,344,0,161,0,172,0" hai2="1,35,36,50,61,72,77,85,95,109,114,126,131,132" /><INIT seed="5,3,0,1,3,64" ten="323,344,161,172" oya="1" hai0="78,95,26,76,25,104,102,5,49,122,20,86,74" hai1="106,84,41,37,66,110,27,29,81,116,31,130,23" hai2="51,24,80,94,79,112,6,71,123,119,18,8,72" hai3="68,19,2,61,90,73,85,124,45,88,47,21,118"/><U0/><E116/><V129/><F119/><W1/><G73/><T87/><D122/><U7/><E106/><V57/><F123/><W58/><G118/><T131/><D131/><U54/><E130/><V89/><F129/><W22/><G124/><T82/><D5/><U52/><E31/><V12/><F112/><W36/><G36/><T109/><D109/><U13/><E0/><V16/><F71/><W62/><G58/><T77/><D26/><U96/><E96/><V98/><REACH who="2" step="1"/><F24/><REACH who="2" ten="323,344,151,172" step="2"/><W60/><G68/><T117/><D117/><U4/><E110/><V56/><F56/><W114/><G114/><T69/><D69/><U67/><E27/><V83/><F83/><W125/><G125/><T93/><D25/><U59/><E81/><V133/><F133/><W132/><G132/><T48/><D82/><U50/><E59/><V120/><F120/><W70/><G70/><T55/><D74/><U105/><E13/><V108/><F108/><W33/><G33/><T128/><D128/><U43/><E67/><V99/><F99/><W100/><G2/><T135/><D135/><U30/><E66/><V42/><F42/><W75/><G1/><T9/><D55/><AGARI ba="3,1" hai="6,8,12,16,18,51,55,57,72,79,80,89,94,98" machi="55" ten="40,5200,0" yaku="1,1,54,1,53,1" doraHai="64" doraHaiUra="44" who="2" fromWho="0" sc="323,-61,344,0,151,71,172,0" /><INIT seed="6,0,0,5,1,107" ten="262,344,222,172" oya="2" hai0="74,114,66,95,117,15,37,20,131,49,59,16,61" hai1="85,14,88,2,109,94,67,22,84,21,86,72,100" hai2="3,92,123,97,82,79,104,60,75,80,126,70,12" hai3="98,125,134,28,41,96,51,83,124,127,101,47,116"/><V113/><F123/><W30/><G116/><T102/><D37/><U7/><E2/><V110/><F3/><W106/><G134/><T36/><D36/><U18/><E109/><V76/><F110/><W93/><REACH who="3" step="1"/><G83/><REACH who="3" ten="262,344,222,162" step="2"/><T64/><D117/><U9/><E100/><AGARI ba="0,1" hai="28,30,41,47,51,93,96,98,100,101,106,124,125,127" machi="100" ten="40,5200,0" yaku="1,1,2,1,18,1,53,0" doraHai="107" doraHaiUra="115" who="3" fromWho="1" sc="262,0,344,-52,222,0,162,62" /><INIT seed="7,0,0,5,1,128" ten="262,292,222,224" oya="3" hai0="65,3,24,86,94,29,47,122,134,76,120,4,69" hai1="102,45,84,44,39,5,46,17,70,63,113,117,11" hai2="89,130,80,88,104,115,7,78,22,27,26,71,123" hai3="16,100,68,92,19,125,129,9,96,42,64,82,41"/><W23/><G129/><T105/><D105/><U95/><E39/><V18/><F130/><W81/><G125/><T36/><D94/><U54/><E113/><V93/><F104/><W108/><G108/><T12/><D86/><U57/><E117/><V58/><F71/><W74/><G68/><T132/><D76/><U133/><E133/><N who="0" m="51305" /><D3/><U90/><E70/><V43/><F115/><W126/><G126/><T25/><D4/><U101/><REACH who="1" step="1"/><E17/><REACH who="1" ten="262,282,222,224" step="2"/><V35/><F18/><W73/><G9/><T49/><D36/><U97/><E97/><V21/><F7/><W8/><G8/><T106/><D69/><U87/><E87/><V40/><F123/><W77/><G19/><T61/><D122/><U79/><E79/><V127/><F127/><W60/><G74/><T34/><D120/><U135/><E135/><V38/><F38/><W119/><G119/><T62/><D12/><AGARI ba="0,1" hai="5,11,12,44,45,46,54,57,63,84,90,95,101,102" machi="12" ten="40,2600,0" yaku="1,1,8,1,53,0" doraHai="128" doraHaiUra="28" who="1" fromWho="0" sc="262,-26,282,36,222,0,224,0" owari="236,3.6,318,41.8,222,-27.8,224,-17.6" /></mjloggm>