<mjloggm ver="2.3"><GO type="225" lobby="0"/><UN n0="%E3%81%A4%E3%81%A3%E3%81%B1%E3%82%8A%E3%83%9D%E3%83%BC%E3%83%AB" n1="%EF%BC%AE%EF%BC%A1%EF%BC%AF%33%33%39" n2="%33%74%72%65%65" n3="%E3%81%BF%E3%81%BF%E3%81%9A" dan="17,16,17,17" rate="2194.16,2119.71,2165.22,2255.10" sx="M,M,F,M"/><TAIKYOKU oya="0"/><INIT seed="0,0,0,1,4,109" ten="250,250,250,250" oya="0" hai0="64,22,106,132,62,6,80,19,72,129,101,59,14" hai1="98,46,92,76,103,89,50,71,65,12,4,118,121" hai2="85,67,95,7,122,24,48,90,36,28,54,25,117" hai3="2,42,49,134,8,93,119,37,84,53,113,23,5"/><T0/><D132/><U94/><E118/><V66/><F122/><W131/><G119/><T56/><D129/><U124/><E121/><V133/><F117/><W41/><G134/><T29/><D29/><U111/><E111/><V33/><F133/><W88/><G131/><T26/><D0/><U123/><E123/><V126/><F126/><W51/><G37/><T11/><D101/><U60/><E76/><V128/><F128/><W69/><G69/><T38/><D38/><U79/><E79/><V75/><F75/><W58/><G113/><T112/><D106/><U1/><E1/><V47/><F7/><W45/><REACH who="3" step="1"/><G23/><REACH who="3" ten="250,250,250,240" step="2"/><T97/><D112/><U120/><E120/><V107/><F36/><W30/><G30/><T44/><D72/><U55/><E124/><V32/><F107/><W110/><G110/><T20/><D20/><U16/><E4/><V43/><F33/><W40/><AGARI ba="0,1" hai="2,5,8,40,41,42,45,49,51,53,58,84,88,93" machi="40" ten="20,12000,2" yaku="1,1,0,1,7,1,54,1,53,3" doraHai="109" doraHaiUra="39" who="3" fromWho="3" sc="250,-60,250,-30,250,-30,240,130" /><INIT seed="1,0,0,2,0,101" ten="190,220,220,370" oya="1" hai0="73,82,52,48,117,120,91,133,36,22,51,70,34" hai1="12,96,79,10,16,98,80,33,71,47,72,128,2" hai2="125,76,44,130,6,32,77,134,129,59,123,94,68" hai3="58,131,56,113,78,106,100,39,35,13,29,18,87"/><U92/><E71/><V49/><F123/><W26/><G113/><T122/><D117/><U5/><E33/><V38/><F68/><W69/><G39/><T95/><D34/><U102/><E128/><N who="2" m="49259" /><F125/><W23/><G131/><T132/><D36/><U0/><E47/><V28/><F134/><N who="0" m="51818" /><D70/><U60/><E60/><V27/><F6/><W3/><G78/><N who="0" m="44367" /><D22/><U97/><REACH who="1" step="1"/><E0/><REACH who="1" ten="190,210,220,370" step="2"/><V4/><F44/><W30/><G69/><T119/><D119/><U15/><E15/><V74/><F32/><W99/><G30/><T61/><D61/><U7/><E7/><V42/><F4/><W90/><G3/><T111/><D111/><U126/><E126/><V37/><F28/><W107/><G107/><T63/><D63/><U65/><E65/><V81/><F27/><W135/><G135/><T112/><D112/><U11/><AGARI ba="0,1" hai="2,5,10,11,12,16,72,79,80,92,96,97,98,102" machi="11" ten="20,7800,0" yaku="1,1,0,1,7,1,54,1,53,0" doraHai="101" doraHaiUra="121" who="1" fromWho="1" sc="190,-26,210,88,220,-26,370,-26" /><INIT seed="1,1,0,5,4,31" ten="164,298,194,344" oya="1" hai0="68,77,132,36,90,128,13,60,69,21,20,79,48" hai1="84,93,130,61,24,17,114,29,35,92,89,50,75" hai2="106,123,95,46,54,62,38,55,117,119,131,111,118" hai3="109,104,133,30,42,101,37,22,97,12,2,9,51"/><U26/><E75/><V56/><F106/><W49/><G109/><T115/><D115/><U71/><E114/><V100/><F123/><W78/><G133/><T58/><D36/><U96/><E130/><V28/><F131/><W129/><G129/><T126/><D128/><U63/><E71/><V10/><F111/><W107/><G107/><T43/><D132/><U110/><E110/><V122/><F122/><W87/><G2/><T40/><D126/><U27/><E50/><V121/><F121/><W34/><G34/><T91/><D48/><U73/><E73/><V105/><F105/><W112/><G112/><T76/><D13/><U3/><E3/><V124/><F124/><W57/><G37/><T85/><D85/><U11/><E26/><V108/><F108/><W23/><G49/><T4/><D4/><U14/><REACH who="1" step="1"/><E27/><REACH who="1" ten="164,288,194,344" step="2"/><V45/><F118/><W99/><G30/><T113/><D113/><U8/><E8/><V127/><F119/><W32/><G42/><N who="0" m="15915" /><D69/><U103/><AGARI ba="1,1" hai="11,14,17,24,29,35,61,63,84,89,92,93,96,103" machi="103" ten="20,12000,1" yaku="1,1,0,1,7,1,52,1,53,1" doraHai="31" doraHaiUra="83" who="1" fromWho="1" sc="164,-41,288,133,194,-41,344,-41" /><INIT seed="1,2,0,3,4,124" ten="123,421,153,303" oya="1" hai0="112,34,60,1,30,108,131,37,88,29,36,120,90" hai1="114,38,6,22,59,125,45,105,5,73,70,122,104" hai2="87,133,43,17,74,13,121,118,44,39,32,40,123" hai3="7,8,135,89,134,16,102,66,99,19,91,56,54"/><U12/><E70/><V126/><F118/><W26/><G66/><T48/><D112/><U21/><E73/><V53/><F74/><W98/><G89/><N who="0" m="34411" /><D1/><U68/><E68/><V52/><F126/><W109/><G109/><T3/><D3/><U51/><E38/><N who="0" m="14953" /><D34/><U85/><E125/><V129/><F32/><W2/><G91/><T33/><D33/><U84/><E59/><V93/><F43/><W25/><G25/><T78/><D78/><U117/><E117/><V14/><F14/><W50/><G98/><T79/><D79/><U55/><E12/><V113/><F113/><W49/><G50/><T9/><D9/><U132/><E51/><V65/><F13/><W27/><G26/><T111/><D60/><U71/><E71/><V106/><F39/><W82/><G82/><T115/><D115/><U67/><E114/><V42/><F42/><W24/><G27/><T95/><D120/><U110/><E122/><V23/><F40/><W81/><G81/><T94/><D48/><U63/><E63/><V57/><F121/><W46/><G56/><T103/><D103/><U15/><E15/><V116/><F57/><W75/><G75/><T128/><D95/><U28/><E67/><V64/><F65/><W107/><REACH who="3" step="1"/><G24/><REACH who="3" ten="123,421,153,293" step="2"/><T4/><D94/><U127/><E127/><V130/><F93/><W31/><G31/><N who="0" m="11787" /><D4/><U69/><E28/><V41/><F123/><W119/><G119/><T100/><D100/><U11/><E5/><V101/><F116/><W47/><G47/><T97/><D97/><U72/><E6/><V80/><F101/><W92/><G92/><RYUUKYOKU ba="2,1" sc="123,15,421,-15,153,-15,293,15" hai0="108,111,128,131" hai3="2,7,8,16,19,46,49,54,99,102,107,134,135" /><INIT seed="2,3,1,0,0,62" ten="138,406,138,308" oya="2" hai0="38,104,43,35,73,106,65,2,41,91,54,119,132" hai1="101,42,17,98,44,68,12,45,47,115,126,124,26" hai2="131,69,99,102,7,121,78,111,9,29,53,97,1" hai3="3,129,96,85,57,39,61,120,71,107,63,46,67"/><V4/><F121/><W36/><G120/><T11/><D35/><U6/><E68/><V109/><F131/><W30/><G129/><T108/><D73/><U123/><E6/><V89/><F29/><W28/><G3/><T58/><D65/><U90/><E90/><V135/><F135/><W34/><G85/><T5/><D132/><U92/><E26/><V15/><F78/><W82/><G82/><T49/><D108/><N who="2" m="41546" /><F69/><W52/><G46/><T116/><D91/><U48/><E115/><V83/><F53/><W37/><REACH who="3" step="1"/><G34/><REACH who="3" ten="138,406,138,298" step="2"/><T19/><D38/><U95/><E123/><V25/><F1/><W64/><G64/><T10/><D43/><U50/><E42/><V76/><F83/><W86/><G86/><T88/><D41/><U112/><E47/><V59/><F76/><W94/><G94/><T18/><D106/><U32/><E32/><V23/><F97/><W105/><G105/><T27/><D104/><U79/><E79/><V122/><F122/><W40/><G40/><T0/><D0/><U87/><E87/><V114/><F99/><W31/><G31/><T103/><D2/><U22/><E95/><V118/><F118/><W51/><G51/><T128/><D49/><U13/><E45/><V84/><F84/><W100/><AGARI ba="3,2" hai="28,30,36,37,39,52,57,61,63,67,71,96,100,107" machi="100" ten="40,8000,1" yaku="1,1,0,1,52,1,54,1,53,0" doraHai="62" doraHaiUra="130" who="3" fromWho="3" sc="138,-23,406,-23,138,-43,298,109" /><INIT seed="3,0,0,1,0,125" ten="115,383,95,407" oya="3" hai0="77,21,27,20,45,43,28,60,109,129,89,35,117" hai1="75,17,81,10,83,29,119,111,59,47,110,6,133" hai2="12,123,37,103,24,69,82,62,88,55,102,104,13" hai3="19,63,61,3,115,5,53,106,2,134,94,33,51"/><W56/><G115/><T58/><D117/><U67/><E29/><V7/><F37/><W122/><G122/><T121/><D121/><U120/><E120/><V80/><F123/><W112/><G106/><T11/><D129/><U128/><E17/><V46/><F104/><W79/><G112/><T25/><D109/><U97/><E119/><V30/><F80/><W108/><G33/><T39/><D77/><U36/><E97/><V70/><F70/><W91/><G108/><N who="1" m="41514" /><E133/><V84/><F69/><W66/><G134/><T126/><D126/><U96/><E96/><V32/><F13/><W41/><G79/><T65/><D89/><U131/><E59/><V86/><F86/><W93/><G5/><T76/><D76/><N who="1" m="44191" /><E67/><V68/><F46/><W26/><G94/><T116/><D116/><U50/><E83/><V22/><F32/><W15/><G26/><T85/><D85/><U100/><E100/><V9/><F68/><N who="3" m="42063" /><G41/><T0/><D27/><U105/><E36/><V42/><F42/><W34/><G63/><T71/><D71/><U48/><E105/><V14/><F14/><W90/><G34/><T38/><D38/><U78/><E78/><V72/><F72/><W92/><G92/><T31/><D31/><U113/><E113/><V118/><F118/><W107/><G107/><T64/><D64/><U114/><E114/><V74/><F74/><W8/><G91/><T57/><D57/><AGARI ba="0,0" hai="7,9,12,22,24,30,55,57,62,82,84,88,102,103" machi="57" ten="40,2600,0" yaku="8,1,54,1" doraHai="125" who="2" fromWho="0" sc="115,-26,383,0,95,26,407,0" owari="89,-41.1,383,18.3,121,-27.9,407,50.7" /></mjloggm>