<mjloggm ver="2.3"><GO type="169" lobby="0"/><UN n0="%74%61%63%6F%73" n1="%E5%85%A9%E5%84%80%E4%B8%B6%E5%BC%8F" n2="%E9%98%BF%E9%83%A8%E5%AF%9B%EF%BC%A0%E9%B3%B3%E5%8D%93" n3="%4E%6F%73%75%6B%65" dan="18,16,16,16" rate="2180.33,2137.90,2111.62,2120.75" sx="M,M,F,M"/><TAIKYOKU oya="0"/><INIT seed="0,0,0,3,2,121" ten="250,250,250,250" oya="0" hai0="28,14,27,47,19,46,88,58,57,129,5,114,112" hai1="56,39,84,72,63,82,49,23,104,8,71,99,1" hai2="67,33,53,42,36,108,118,90,45,6,94,98,60" hai3="2,34,128,101,125,18,81,66,41,89,106,87,7"/><T55/><D129/><U35/><E35/><V75/><F118/><W97/><G128/><T76/><D76/><U80/><E39/><V130/><F130/><W69/><G125/><T103/><D103/><U117/><E117/><V109/><F33/><W115/><G115/><T134/><D134/><U30/><E71/><N who="2" m="42471" /><F6/><W54/><G41/><T126/><D126/><U105/><E72/><V116/><F75/><W43/><G43/><T68/><D68/><U24/><E82/><V32/><F32/><W132/><G132/><T12/><D5/><U11/><E49/><V15/><F15/><W59/><G34/><T50/><D47/><U17/><E99/><V91/><F91/><W93/><G69/><T78/><D78/><U131/><E131/><V40/><F40/><W79/><G66/><T20/><D12/><U100/><E100/><V51/><F116/><W13/><G7/><T111/><D112/><U22/><E1/><V124/><F124/><W120/><G120/><T127/><D114/><U31/><E105/><V119/><F119/><W110/><G2/><T85/><D127/><U95/><E104/><V123/><F123/><W64/><G64/><T44/><D44/><U62/><E95/><V61/><F61/><N who="3" m="36087" /><G13/><T48/><D48/><U25/><E63/><V133/><F133/><W74/><G18/><T4/><D4/><U77/><E17/><V16/><F16/><W52/><G52/><AGARI ba="0,0" hai="8,11,22,23,24,25,30,31,52,56,62,77,80,84" machi="52" ten="30,7700,0" yaku="7,1,9,1,8,1,54,1" doraHai="121" who="1" fromWho="3" sc="250,0,250,77,250,0,250,-77" /><INIT seed="1,0,0,1,5,26" ten="250,327,250,173" oya="1" hai0="55,66,11,12,122,15,112,121,99,90,2,14,40" hai1="74,89,107,54,65,134,94,53,46,50,78,105,67" hai2="38,76,95,51,109,56,108,129,80,84,71,103,88" hai3="1,21,29,20,131,114,19,52,118,18,24,113,17"/><U87/><E134/><V81/><F38/><W47/><G131/><T7/><D112/><N who="3" m="43113" /><G52/><T6/><D40/><U85/><E74/><V33/><F71/><W68/><G47/><T106/><D66/><U4/><E107/><V34/><F129/><W135/><G68/><T123/><D55/><U127/><E105/><V104/><F51/><W97/><G97/><T92/><REACH who="0" step="1"/><D106/><REACH who="0" ten="240,327,250,173" step="2"/><U83/><E127/><V43/><F43/><W64/><G64/><T23/><D23/><U8/><REACH who="1" step="1"/><E53/><REACH who="1" ten="240,317,250,173" step="2"/><V31/><F104/><W79/><G135/><T70/><D70/><U102/><E102/><V61/><F103/><W124/><G124/><T101/><D101/><U48/><E48/><V63/><F63/><W49/><G49/><T110/><D110/><U62/><E62/><V115/><F115/><W3/><G118/><T27/><D27/><U42/><E42/><V30/><F108/><W32/><G79/><T98/><D98/><U125/><E125/><V36/><F109/><W117/><G117/><T77/><D77/><U128/><E128/><V28/><F36/><W72/><G72/><T130/><D130/><U39/><E39/><V9/><F76/><W75/><G75/><T82/><D82/><N who="2" m="31850" /><F33/><W100/><G100/><T10/><AGARI ba="0,2" hai="2,6,7,10,11,12,14,15,90,92,99,121,122,123" machi="10" ten="40,5200,0" yaku="1,1,0,1,13,1,53,0" doraHai="26" doraHaiUra="16" who="0" fromWho="0" sc="240,72,317,-26,250,-13,173,-13" /><INIT seed="2,0,0,2,0,59" ten="312,291,237,160" oya="2" hai0="95,81,122,50,55,88,124,54,30,91,130,34,100" hai1="125,121,57,80,31,71,38,103,72,20,126,14,41" hai2="110,40,106,82,26,25,48,36,32,112,64,0,114" hai3="79,78,11,120,22,129,65,46,12,16,111,92,133"/><V109/><F106/><W9/><G120/><T128/><D122/><U68/><E121/><V21/><F36/><W87/><G111/><N who="2" m="42505" /><F82/><W17/><G129/><N who="0" m="49771" /><D124/><N who="1" m="47723" /><E103/><V93/><F93/><W97/><G133/><T27/><D81/><U58/><E41/><V6/><F64/><W77/><G65/><T23/><D34/><U3/><E3/><V66/><F66/><W53/><G87/><T13/><D13/><U70/><E38/><V115/><F32/><W35/><G35/><T8/><D8/><U107/><E107/><V118/><F118/><W69/><G69/><T33/><D33/><U60/><E57/><V62/><F62/><W116/><G116/><T102/><D91/><U7/><E80/><V105/><F105/><W63/><G17/><T18/><D18/><N who="1" m="10327" /><E72/><V43/><F43/><W67/><G67/><T52/><D50/><U39/><E39/><V51/><F40/><W85/><G85/><AGARI ba="0,0" hai="23,27,30,52,54,55,85,88,95,100,102" m="49771" machi="85" ten="30,3900,0" yaku="19,1,54,2" doraHai="59" who="0" fromWho="3" sc="312,39,291,0,237,0,160,-39" /><INIT seed="3,0,0,0,4,29" ten="351,291,237,121" oya="3" hai0="13,131,24,50,64,77,60,98,86,104,84,20,38" hai1="127,39,36,0,115,2,89,46,124,130,9,69,51" hai2="123,80,75,111,6,121,126,122,12,81,101,65,110" hai3="92,78,8,135,100,52,15,88,21,91,26,102,59"/><W96/><G135/><T34/><D38/><U17/><E69/><V117/><F65/><W132/><G78/><T5/><D131/><U49/><E115/><V55/><F117/><W134/><G134/><T57/><D77/><U105/><E105/><V63/><F101/><W97/><G132/><T76/><D76/><U22/><E130/><V90/><F75/><W3/><G3/><T14/><D34/><U128/><E128/><V31/><F126/><N who="1" m="48169" /><E89/><V73/><F73/><W19/><G91/><T10/><D14/><N who="1" m="9527" /><E51/><V108/><F31/><W74/><G97/><T118/><D118/><U54/><E0/><V32/><F90/><W1/><G1/><T133/><D133/><U106/><E106/><V129/><F129/><W94/><G94/><T87/><D50/><U109/><E109/><V11/><F32/><W119/><G74/><T95/><D104/><U27/><E27/><V103/><F103/><W42/><G42/><T83/><D83/><U16/><E2/><V61/><REACH who="2" step="1"/><F55/><REACH who="2" ten="351,291,227,121" step="2"/><W125/><G125/><T40/><D40/><U82/><E82/><AGARI ba="0,1" hai="6,11,12,61,63,80,81,82,108,110,111,121,122,123" machi="82" ten="50,12000,2" yaku="1,1,2,1,14,1,13,1,53,2" doraHai="29" doraHaiUra="58" who="2" fromWho="1" sc="351,0,291,-120,227,130,121,0" /><INIT seed="4,0,0,2,3,112" ten="351,171,357,121" oya="0" hai0="28,21,121,81,80,122,102,100,68,77,18,119,30" hai1="82,97,73,94,2,43,54,64,40,83,108,69,0" hai2="91,105,9,36,49,99,13,70,123,93,61,17,78" hai3="89,56,129,79,62,116,95,118,132,133,120,24,29"/><T39/><D39/><U65/><E108/><V104/><F36/><W34/><G79/><T90/><D68/><U48/><E73/><V107/><F123/><W19/><G120/><T55/><D55/><U127/><E127/><V41/><F78/><W6/><G6/><T59/><D59/><U134/><E134/><N who="3" m="51818" /><G129/><T22/><D77/><U1/><E69/><V86/><F70/><W96/><G19/><T111/><D18/><U71/><E71/><V135/><F135/><W11/><G11/><T32/><D90/><U131/><E131/><V8/><F61/><W106/><G106/><T53/><D53/><AGARI ba="0,0" hai="24,29,34,53,56,62,89,95,96,116,118" m="51818" machi="53" ten="30,3900,0" yaku="20,1,52,2" doraHai="112" who="3" fromWho="0" sc="351,-39,171,0,357,0,121,39" /><INIT seed="5,0,0,1,1,44" ten="312,171,357,160" oya="1" hai0="14,91,27,117,42,107,41,49,58,109,90,69,135" hai1="61,119,15,108,36,104,132,70,94,62,76,38,126" hai2="24,12,10,83,32,22,21,63,52,66,51,116,74" hai3="134,60,30,11,98,1,103,72,37,102,65,106,47"/><U100/><E119/><V31/><F116/><W75/><G134/><T29/><D109/><U43/><E132/><V92/><F92/><W46/><G103/><T13/><D69/><U45/><E108/><V113/><F113/><W84/><G84/><T71/><D71/><U86/><E126/><V128/><F128/><W130/><G130/><T121/><D107/><U39/><E104/><V19/><F83/><W20/><G47/><T68/><D68/><U124/><E124/><V48/><F74/><W111/><G111/><T7/><D121/><U28/><E28/><V2/><F66/><W88/><G88/><N who="0" m="33835" /><D117/><U17/><E70/><V118/><F118/><W101/><G101/><T57/><D135/><U73/><E73/><V99/><F99/><W26/><G65/><T78/><D78/><U105/><E105/><V59/><F21/><W64/><G64/><T35/><D35/><U97/><E76/><V54/><F54/><W114/><G60/><T53/><D58/><U79/><E79/><V34/><F34/><W6/><REACH who="3" step="1"/><G114/><REACH who="3" ten="312,171,357,150" step="2"/><T4/><D41/><AGARI ba="0,1" hai="1,6,11,20,26,30,37,41,46,72,75,98,102,106" machi="41" ten="40,2600,0" yaku="1,1,2,1,53,0" doraHai="44" doraHaiUra="123" who="3" fromWho="0" sc="312,-26,171,0,357,0,150,36" /><INIT seed="6,0,0,3,0,83" ten="286,171,357,186" oya="2" hai0="63,58,35,9,109,70,131,26,41,16,101,31,115" hai1="71,93,86,62,129,4,34,13,122,121,23,98,55" hai2="59,91,11,12,112,3,81,51,37,118,106,57,87" hai3="85,130,128,76,39,133,125,123,42,8,111,78,15"/><V2/><F118/><W40/><G123/><N who="1" m="47114" /><E34/><V28/><F37/><W47/><G111/><T119/><D109/><U96/><E129/><N who="3" m="49770" /><G125/><T19/><D131/><U24/><E4/><V114/><F106/><W90/><G42/><T60/><D115/><N who="2" m="44074" /><F28/><W49/><G39/><T36/><D119/><U116/><E13/><V73/><F73/><W134/><G78/><T25/><D101/><U68/><E116/><V38/><F38/><W103/><G76/><T33/><D70/><N who="1" m="26667" /><E55/><N who="2" m="31999" /><F59/><W22/><G103/><T10/><D58/><U1/><E62/><V17/><AGARI ba="0,0" hai="2,3,11,12,17,81,87,91" m="31999,44074" machi="17" ten="30,3000,0" yaku="15,1,52,1" doraHai="83" who="2" fromWho="2" sc="286,-10,171,-10,357,30,186,-10" /><INIT seed="6,1,0,2,5,21" ten="276,161,387,176" oya="2" hai0="88,70,61,48,108,31,11,42,14,135,76,89,100" hai1="111,129,51,102,73,12,57,85,43,19,123,78,23" hai2="74,95,83,72,35,120,68,131,128,30,47,119,63" hai3="9,6,84,15,39,7,65,107,94,55,90,127,2"/><V126/><F119/><W122/><G122/><T8/><D108/><U82/><E111/><V29/><F120/><W60/><G107/><T38/><D38/><U40/><E123/><V101/><F126/><W112/><G127/><T52/><D135/><U97/><E129/><V91/><F101/><W25/><G39/><T54/><D76/><U106/><E57/><V125/><F125/><W77/><G112/><T28/><D100/><U121/><E121/><V58/><F47/><W56/><G77/><T134/><D134/><U69/><E69/><V10/><F10/><W0/><G7/><T36/><D36/><U34/><E34/><V79/><F68/><W124/><G124/><T103/><D103/><U115/><E115/><V4/><F4/><W87/><G87/><T3/><D3/><U71/><E71/><V62/><F74/><W26/><REACH who="3" step="1"/><G65/><REACH who="3" ten="276,161,387,166" step="2"/><T50/><D8/><U86/><E86/><N who="2" m="52727" /><F131/><W49/><G49/><T104/><D48/><U64/><E64/><N who="2" m="38999" /><F128/><W44/><G44/><T75/><D104/><U33/><E51/><V118/><F118/><W46/><G46/><T32/><D50/><U116/><E116/><V132/><F132/><W66/><G66/><T53/><D11/><U130/><E130/><V99/><F63/><W59/><G59/><T105/><D61/><U109/><E109/><V133/><F133/><W117/><G117/><T24/><D70/><U1/><E73/><V110/><F110/><W27/><AGARI ba="1,1" hai="0,2,6,9,15,25,26,27,55,56,60,84,90,94" machi="27" ten="30,8000,1" yaku="1,1,0,1,52,3,53,0" doraHai="21" doraHaiUra="98" who="3" fromWho="3" sc="276,-21,161,-21,387,-41,166,93" /><INIT seed="7,0,0,4,0,90" ten="255,140,346,259" oya="3" hai0="123,35,45,22,108,109,133,126,94,110,54,15,114" hai1="76,8,23,120,50,74,55,51,111,25,21,60,29" hai2="47,127,31,17,101,40,33,71,19,125,12,11,96" hai3="26,103,68,105,14,69,82,91,13,9,1,18,53"/><W3/><G26/><T37/><D35/><U92/><E111/><V62/><F62/><W0/><G53/><T87/><D123/><U116/><E116/><V66/><F66/><W43/><G43/><T80/><D94/><U98/><E120/><V65/><F65/><W132/><G132/><T121/><D121/><U78/><E74/><V20/><F71/><W119/><G119/><T57/><D133/><U56/><E8/><V99/><F31/><W4/><G103/><T61/><D126/><N who="2" m="48138" /><F101/><W24/><G24/><T70/><D70/><U112/><E112/><V72/><F72/><W88/><G105/><T135/><D135/><U85/><E21/><V73/><F73/><W27/><G27/><T89/><D114/><U131/><E131/><V42/><F33/><W79/><G69/><T30/><D30/><U84/><E78/><V28/><F28/><W102/><G102/><T130/><D130/><U52/><E76/><V39/><F42/><W58/><G68/><T97/><D97/><N who="2" m="37450" /><F20/><W81/><G79/><T2/><D2/><U124/><E124/><V46/><F46/><W5/><G3/><T48/><D37/><U128/><E128/><V129/><F129/><W113/><G113/><T104/><D104/><U10/><E10/><V95/><F95/><W7/><G9/><T41/><D22/><U107/><E107/><V38/><F38/><W64/><G1/><T63/><D63/><U118/><E118/><V16/><AGARI ba="0,0" hai="11,12,16,17,19,39,40,47" m="37450,48138" machi="16" ten="30,2000,0" yaku="18,1,54,1" doraHai="90" who="2" fromWho="2" sc="255,-5,140,-5,346,20,259,-10" owari="250,5.0,135,-36.5,366,46.6,249,-15.1" /></mjloggm>