<mjloggm ver="2.3"><GO type="225" lobby="0"/><UN n0="%E7%B4%94%E6%BD%94%E3%83%94%E3%83%A9%E3%83%8B%E3%82%A2" n1="%E3%81%8B%E3%82%8F%E3%81%A1%E3%82%83%E3%82%93%35%38" n2="%E3%82%A4%E3%83%BC%E3%82%B1%E3%83%97%E3%83%A9" n3="%E3%81%BF%E3%81%BF%E3%81%9A" dan="16,16,16,17" rate="2187.00,2137.97,2105.37,2243.36" sx="M,M,M,M"/><TAIKYOKU oya="0"/><INIT seed="0,0,0,5,0,14" ten="250,250,250,250" oya="0" hai0="26,48,38,117,81,56,27,108,130,22,126,122,82" hai1="98,66,13,99,70,89,46,35,28,86,68,47,103" hai2="10,17,119,97,133,114,84,74,19,0,45,18,69" hai3="104,33,73,37,51,49,100,16,80,123,96,23,30"/><T53/><D117/><U1/><E1/><V105/><F74/><W36/><G30/><T65/><D122/><U61/><E68/><V3/><F69/><W55/><G33/><T79/><D38/><U44/><E103/><V78/><F114/><W106/><G106/><T62/><D126/><U39/><E39/><V72/><F72/><W116/><G49/><T59/><D130/><U5/><E28/><V128/><F128/><W88/><G116/><T71/><D108/><U134/><E35/><V125/><F119/><W75/><G75/><T58/><D26/><U15/><E134/><V42/><F125/><W94/><G123/><T41/><D41/><U109/><E109/><V77/><F133/><W110/><G110/><T32/><D32/><U101/><E5/><V52/><F52/><W60/><G60/><T9/><D9/><U20/><E99/><V131/><F131/><W120/><G120/><T127/><D127/><U21/><E21/><V124/><F124/><W43/><G43/><T90/><D90/><U115/><E20/><V129/><F129/><W4/><G4/><T118/><D118/><U40/><E40/><V50/><F10/><W11/><G11/><T76/><D79/><N who="2" m="30218" /><F84/><N who="3" m="52487" /><G80/><N who="0" m="30827" /><D76/><U102/><E115/><V57/><F57/><N who="3" m="33023" /><G73/><T107/><D107/><N who="1" m="63927" /><E102/><N who="2" m="62671" /><F0/><W7/><G7/><T8/><D8/><U31/><E31/><V112/><F3/><W92/><G104/><T95/><D95/><U87/><E87/><V12/><F112/><W63/><G63/><T54/><D54/><U64/><E64/><V25/><F25/><W24/><G92/><T91/><D91/><RYUUKYOKU ba="0,0" sc="250,0,250,0,250,0,250,0" hai0="22,27,48,53,56,58,59,62,65,71" hai1="13,15,44,46,47,61,66,70,86,89" hai2="12,17,18,19,42,45,50" hai3="16,23,24,36,37,96,100" /><INIT seed="0,1,0,5,2,83" ten="250,250,250,250" oya="0" hai0="64,133,97,126,15,27,8,100,28,24,50,132,38" hai1="111,23,102,135,129,33,36,72,104,67,3,93,32" hai2="91,61,99,9,70,46,31,51,117,115,131,20,113" hai3="114,42,63,4,109,89,120,10,95,81,53,55,22"/><T26/><D38/><U17/><E36/><V107/><F131/><W88/><G114/><T96/><D64/><U118/><E72/><V44/><F117/><W123/><G109/><T101/><D50/><U75/><E75/><V77/><F77/><W121/><G42/><T37/><D37/><U94/><E118/><V78/><F78/><W47/><G47/><T80/><D80/><U30/><E3/><V6/><F70/><W71/><G22/><T41/><D41/><U25/><E129/><V54/><F61/><W82/><G71/><T62/><D62/><U116/><E32/><V98/><F46/><W35/><G35/><T90/><D90/><U66/><E116/><V106/><F31/><W59/><G55/><T87/><D87/><U2/><E2/><V134/><F20/><W122/><N who="3" m="30720" /><DORA hai="76" /><W7/><G7/><T49/><D49/><U119/><E111/><V127/><F127/><W112/><G89/><T16/><D28/><U85/><E119/><V29/><F29/><W74/><G112/><T12/><D126/><U34/><E34/><V105/><F134/><N who="0" m="51818" /><D12/><U40/><E135/><V125/><F125/><W79/><G79/><T65/><D65/><U39/><E39/><V128/><F128/><W108/><G74/><T0/><D0/><U68/><E68/><V103/><F115/><W58/><G108/><T11/><D11/><U84/><E33/><V56/><F113/><W1/><G58/><T14/><D14/><U69/><E69/><V92/><F56/><W43/><G43/><T57/><D57/><U60/><E104/><V110/><F110/><RYUUKYOKU type="nm" ba="1,0" sc="250,-40,250,80,250,-20,250,-20" hai0="8,15,16,24,26,27,96,97,100,101" hai2="6,9,44,51,54,91,92,98,99,103,105,106,107" hai3="1,4,10,53,59,63,81,82,88,95" /><INIT seed="0,2,0,2,5,29" ten="210,330,230,230" oya="0" hai0="25,24,88,15,122,83,84,12,77,43,6,110,118" hai1="93,126,14,51,37,130,34,112,63,106,123,56,10" hai2="124,2,61,41,111,54,128,18,49,127,28,81,96" hai3="76,79,94,19,117,99,85,57,11,132,120,62,7"/><T75/><D118/><U73/><E106/><V31/><F2/><W55/><G117/><T107/><D122/><U35/><E37/><V71/><F111/><W38/><G120/><T59/><D107/><U70/><E123/><V42/><F128/><W113/><G113/><T86/><D75/><U5/><E73/><V68/><F81/><W9/><G132/><T92/><D110/><U78/><E78/><V89/><F18/><W114/><G114/><T3/><D3/><U102/><E112/><V105/><F105/><W8/><G38/><T74/><D74/><U95/><E130/><V80/><F80/><N who="3" m="47239" /><G79/><T53/><D43/><N who="2" m="16394" /><F89/><N who="3" m="55759" /><G7/><T50/><REACH who="0" step="1"/><D12/><AGARI ba="2,0" hai="8,9,11,12,19,55,57,62" m="55759,47239" machi="12" ten="30,1000,0" yaku="8,1" doraHai="29" who="3" fromWho="0" sc="210,-16,330,0,230,0,230,16" /><INIT seed="1,0,0,5,2,130" ten="194,330,230,246" oya="1" hai0="64,101,18,6,103,73,59,129,135,107,118,22,57" hai1="8,77,105,45,69,134,3,128,68,82,122,11,106" hai2="116,61,14,5,10,63,20,43,79,35,56,7,27" hai3="114,0,66,36,124,120,17,83,24,44,95,99,62"/><U115/><E115/><V80/><F116/><W85/><G0/><T33/><D33/><U12/><E45/><V65/><F35/><W74/><G120/><T108/><D73/><N who="1" m="43311" /><E12/><V40/><F5/><W119/><G74/><T28/><D28/><U110/><E11/><V49/><F63/><W38/><G114/><T96/><D103/><U111/><E122/><V26/><F49/><W39/><G124/><T9/><D129/><U76/><E76/><V117/><F117/><W23/><G119/><T32/><D32/><U132/><E8/><V112/><F112/><W131/><G131/><T48/><D108/><N who="1" m="41515" /><E3/><V126/><F126/><W58/><G44/><T37/><D37/><U51/><E51/><V102/><F102/><W75/><G75/><T70/><D48/><U31/><E31/><V84/><REACH who="2" step="1"/><F27/><REACH who="2" ten="194,330,220,246" step="2"/><W19/><G38/><T30/><D101/><U86/><E128/><V41/><F41/><W127/><G127/><T91/><D118/><U21/><E105/><V89/><F89/><N who="3" m="55791" /><G36/><T34/><D107/><U78/><E106/><V4/><F4/><W113/><G39/><T87/><D91/><U47/><E78/><V109/><F109/><W60/><G113/><T42/><D42/><U133/><E47/><V121/><F121/><W94/><G60/><N who="0" m="37903" /><D6/><U46/><E46/><V104/><F104/><W53/><G66/><T71/><D34/><U88/><E21/><V92/><F92/><AGARI ba="0,1" hai="68,69,86,88,92,132,133,134" m="41515,43311" machi="92" ten="40,18000,2" yaku="20,1,14,1,10,1,52,3,54,1" doraHai="130" who="1" fromWho="2" sc="194,0,330,190,220,-180,246,0" /><INIT seed="1,1,0,4,2,7" ten="194,520,40,246" oya="1" hai0="124,61,107,133,5,75,95,123,128,115,49,27,129" hai1="72,2,135,63,68,117,40,70,78,57,51,13,119" hai2="76,86,106,58,64,21,87,88,4,62,127,103,16" hai3="35,132,79,10,3,114,43,66,100,77,80,112,74"/><U101/><E2/><V105/><F127/><W18/><G35/><T109/><D95/><U48/><E101/><V25/><F103/><W94/><G66/><T44/><D27/><U113/><E13/><V1/><F86/><W82/><G43/><T110/><D5/><U84/><E84/><V93/><REACH who="2" step="1"/><F76/><REACH who="2" ten="194,520,30,246" step="2"/><W56/><G100/><T71/><D124/><U60/><E78/><V37/><F37/><W6/><G79/><T45/><D110/><U69/><E119/><V39/><F39/><W67/><G77/><T85/><D109/><U20/><E117/><V134/><F134/><W12/><G132/><T102/><D85/><U28/><E135/><V104/><F104/><W19/><G82/><T17/><D107/><U11/><E72/><V83/><F83/><W96/><G80/><T0/><D75/><U38/><E38/><V131/><F131/><W50/><G74/><T97/><D102/><U32/><E113/><V36/><F36/><W126/><G126/><T90/><D115/><U130/><E130/><V33/><F33/><W125/><G125/><T29/><D133/><U99/><E32/><V122/><F122/><W52/><G112/><T118/><D123/><U23/><E99/><V47/><F47/><W8/><G114/><T73/><D45/><U41/><E69/><V26/><F26/><W24/><G96/><T30/><D71/><U92/><E70/><V54/><F54/><W111/><G111/><T108/><D118/><U116/><E68/><V46/><F46/><W55/><G55/><N who="0" m="30119" /><D108/><U65/><E116/><V22/><F22/><N who="1" m="8233" /><E41/><V91/><F91/><RYUUKYOKU ba="1,1" sc="194,-10,520,-10,30,30,246,-10" hai2="1,4,16,21,25,58,62,64,87,88,93,105,106" /><INIT seed="2,2,1,5,1,133" ten="184,510,60,236" oya="2" hai0="85,21,76,111,70,28,125,79,84,10,2,58,13" hai1="77,82,54,9,96,66,74,75,62,59,16,7,78" hai2="131,117,65,103,102,47,8,118,20,108,129,88,122" hai3="57,80,19,42,115,12,4,0,87,25,40,94,17"/><V5/><F122/><W119/><G119/><N who="2" m="45577" /><F65/><W120/><G120/><T86/><D70/><U106/><E106/><V26/><F47/><W67/><G115/><T127/><D111/><U97/><E16/><N who="3" m="6218" /><G0/><T6/><D13/><U95/><E78/><V27/><F108/><W121/><G121/><T34/><D34/><U114/><E114/><V38/><F38/><W49/><G94/><T110/><D110/><U11/><E11/><V105/><F88/><N who="3" m="51303" /><G25/><N who="2" m="9225" /><F20/><W48/><G67/><T55/><D21/><U68/><E75/><V113/><F113/><W35/><G35/><T91/><D28/><U39/><E39/><V93/><F93/><W132/><G132/><T43/><D43/><N who="3" m="16425" /><G57/><T32/><D32/><U89/><E54/><V81/><F81/><W56/><G56/><T60/><REACH who="0" step="1"/><D91/><REACH who="0" ten="174,510,60,236" step="2"/><U126/><E89/><V44/><F44/><W124/><G12/><T99/><D99/><U41/><E96/><V36/><F36/><W107/><G4/><T37/><D37/><U14/><E68/><V18/><F18/><W46/><G46/><T29/><D29/><U135/><E135/><V69/><F69/><W33/><G33/><T128/><D128/><N who="2" m="49226" /><F105/><W31/><G107/><T112/><D112/><U92/><E41/><V63/><F63/><W101/><G31/><T22/><D22/><U51/><E95/><V1/><AGARI ba="2,2" hai="1,5,8,102,103" m="49226,9225,45577" machi="1" ten="40,2100,0" yaku="19,1" doraHai="133" who="2" fromWho="2" sc="174,-9,510,-9,60,47,236,-9" /><INIT seed="2,3,0,3,3,17" ten="165,501,107,227" oya="2" hai0="70,99,57,45,53,123,113,101,14,125,78,81,36" hai1="76,68,108,130,61,22,58,134,111,2,132,49,93" hai2="84,69,117,135,3,112,124,127,6,18,82,34,77" hai3="1,97,107,133,41,95,114,5,87,118,67,62,88"/><V54/><F112/><W106/><G118/><T31/><D125/><N who="2" m="48202" /><F117/><W89/><G114/><T75/><D113/><U8/><E130/><V109/><F34/><W55/><G133/><N who="1" m="51306" /><E68/><V121/><F135/><W104/><G41/><T71/><D123/><U120/><E120/><V90/><F121/><W65/><G55/><T128/><D128/><U24/><E76/><V43/><F69/><W37/><G37/><T19/><D31/><N who="1" m="17815" /><E49/><V73/><F109/><W35/><G35/><T16/><D19/><U32/><E32/><V47/><F54/><W103/><G89/><T105/><D36/><U7/><E93/><N who="2" m="54471" /><F18/><W122/><G122/><T74/><D45/><U15/><E2/><V25/><F25/><W21/><G67/><AGARI ba="3,0" hai="7,8,15,58,61,67,108,111" m="17815,51306" machi="67" ten="30,2000,0" yaku="20,1,52,1" doraHai="17" who="1" fromWho="3" sc="165,0,501,29,107,0,227,-29" /><INIT seed="3,0,0,5,0,133" ten="165,530,107,198" oya="3" hai0="66,103,126,98,101,11,3,119,63,124,67,55,90" hai1="16,123,21,53,125,23,99,116,8,128,36,41,85" hai2="24,129,34,12,35,104,93,100,61,78,118,44,64" hai3="40,30,96,7,2,112,83,29,45,26,81,68,127"/><W48/><G112/><T117/><D55/><U15/><E123/><V50/><F118/><N who="0" m="45066" /><D90/><U52/><E125/><N who="0" m="48233" /><D98/><U102/><E128/><V14/><F129/><W10/><G68/><N who="0" m="42079" /><D67/><U33/><E33/><V28/><F35/><W97/><G127/><T76/><D76/><U71/><E71/><V108/><F108/><W32/><REACH who="3" step="1"/><G30/><REACH who="3" ten="165,530,107,188" step="2"/><T59/><D59/><U43/><E116/><V25/><F28/><W114/><G114/><T17/><D3/><U56/><E36/><V111/><F111/><W95/><G95/><T132/><D132/><U49/><E85/><V31/><F93/><W54/><G54/><T88/><D88/><U82/><E82/><AGARI ba="0,1" hai="2,7,10,26,29,32,40,45,48,81,82,83,96,97" machi="82" ten="40,2000,0" yaku="1,1,53,0" doraHai="133" doraHaiUra="120" who="3" fromWho="1" sc="165,0,530,-20,107,0,188,30" /><INIT seed="3,1,0,2,0,105" ten="165,510,107,218" oya="3" hai0="63,45,126,95,15,120,14,58,31,21,28,73,121" hai1="131,16,129,78,26,90,81,42,107,61,52,98,64" hai2="68,110,135,130,86,44,19,34,76,41,109,33,94" hai3="48,30,50,97,75,13,119,114,132,36,104,49,38"/><W111/><G114/><T92/><D45/><U2/><E2/><V127/><F68/><W3/><G3/><T51/><D51/><U11/><E42/><V128/><F19/><W59/><G119/><T56/><D21/><U39/><E39/><N who="2" m="21567" /><F94/><W37/><G49/><T101/><D101/><U43/><E43/><V40/><F86/><W55/><G50/><T54/><D54/><U22/><E52/><V134/><F76/><W66/><G48/><T102/><D102/><U106/><E11/><V65/><F65/><W6/><G55/><T103/><D103/><U32/><E32/><N who="2" m="12395" /><F40/><W67/><G66/><T10/><D63/><U79/><E90/><V123/><F123/><W82/><G67/><T85/><D85/><N who="1" m="48311" /><E98/><V72/><F72/><W23/><G75/><T53/><D73/><U1/><E1/><V57/><F57/><W29/><G59/><T112/><D53/><U84/><E84/><V117/><F117/><W99/><G97/><T74/><D74/><U71/><E79/><V70/><F70/><W0/><G99/><T91/><D91/><U46/><E46/><V116/><F116/><W20/><G0/><T47/><D47/><U27/><E27/><V108/><F127/><W133/><G37/><T77/><D126/><U35/><E35/><V87/><F87/><W25/><G36/><T18/><D77/><U62/><E62/><V124/><F124/><W12/><G38/><T115/><D18/><U100/><E100/><V60/><F60/><W96/><G96/><T24/><D24/><U7/><E7/><V17/><F17/><W89/><G6/><RYUUKYOKU ba="1,0" sc="165,10,510,10,107,10,218,-30" hai0="10,14,15,28,31,56,58,92,95,112,115,120,121" hai1="16,22,26,61,64,71,106,107,129,131" hai2="108,109,110,128,130,134,135" owari="175,-22.5,520,62.0,117,-38.3,188,-1.2" /></mjloggm>