<mjloggm ver="2.3"><GO type="169" lobby="0"/><UN n0="%E3%82%AB%E3%83%A9%E6%9D%BE" n1="%6C%61%79%65%72%38%31" n2="%E3%81%BE%E3%81%A1%E3%81%8A" n3="%54%61%6B%61%79%61%40" dan="17,17,16,16" rate="2166.31,2145.34,2167.92,2080.05" sx="M,M,M,M"/><TAIKYOKU oya="0"/><INIT seed="0,0,0,5,2,135" ten="250,250,250,250" oya="0" hai0="6,78,24,117,35,13,81,52,1,58,122,41,68" hai1="22,49,25,109,121,37,72,90,108,97,73,5,62" hai2="65,34,99,111,76,31,3,21,30,54,12,105,101" hai3="26,119,10,14,43,131,51,18,63,95,114,77,126"/><T92/><D122/><U4/><E37/><V9/><F111/><N who="1" m="42569" /><E49/><V82/><F3/><W55/><G119/><T46/><D117/><U74/><E62/><V28/><F34/><W50/><G114/><T15/><D68/><U57/><E57/><V112/><F112/><W107/><G107/><T44/><D44/><U32/><E32/><V91/><F91/><W42/><G131/><T48/><D92/><N who="1" m="56471" /><E121/><V64/><F54/><W69/><G77/><T84/><D1/><U38/><E38/><V104/><F104/><W60/><G51/><T133/><D133/><U23/><E23/><V47/><F47/><W66/><G63/><T115/><D115/><U132/><E132/><V86/><REACH who="2" step="1"/><F21/><REACH who="2" ten="250,250,240,250" step="2"/><W98/><G43/><T124/><D35/><U0/><E0/><V20/><F20/><W59/><G42/><T96/><D41/><U67/><E67/><V118/><F118/><W2/><G2/><T120/><D120/><U125/><E125/><V129/><F129/><W61/><G126/><T102/><D124/><U29/><AGARI ba="0,1" hai="4,5,22,25,29,72,73,74" m="56471,42569" machi="29" ten="40,1500,0" yaku="14,1" doraHai="135" who="1" fromWho="1" sc="250,-7,250,25,240,-4,250,-4" /><INIT seed="1,0,0,4,2,87" ten="243,275,236,246" oya="1" hai0="72,85,130,120,58,46,5,111,44,41,20,115,64" hai1="19,108,132,99,113,114,65,67,13,69,118,22,18" hai2="57,23,33,14,126,82,84,110,43,79,92,97,70" hai3="49,52,17,109,80,27,75,119,1,42,39,45,124"/><U2/><E118/><V76/><F70/><W91/><G109/><T104/><D72/><U74/><E2/><V21/><F33/><W107/><G107/><T37/><D115/><U100/><E74/><V9/><F110/><W77/><G124/><T128/><D111/><U47/><E108/><V56/><F126/><W25/><G119/><T89/><D104/><U105/><E132/><V73/><F43/><W103/><G103/><T81/><D120/><U53/><E69/><V129/><F129/><W71/><G71/><T35/><D35/><U30/><E30/><V12/><F79/><W40/><G40/><T15/><D44/><U112/><E47/><V127/><F73/><W36/><G36/><T24/><D5/><U63/><REACH who="1" step="1"/><E19/><REACH who="1" ten="243,265,236,246" step="2"/><V31/><F127/><W134/><G134/><T3/><D3/><U55/><E55/><V94/><F31/><W0/><G0/><T68/><D68/><U86/><E86/><V78/><F84/><W34/><G1/><T83/><D130/><U51/><E51/><V117/><F117/><W66/><G66/><T29/><D128/><U38/><E38/><V54/><F54/><W101/><G17/><T88/><D83/><U121/><E121/><V6/><F82/><W7/><G39/><T4/><D64/><U61/><E61/><V11/><F6/><W8/><G7/><T122/><D122/><U26/><E26/><V96/><AGARI ba="0,1" hai="9,11,12,14,21,23,56,57,76,78,92,94,96,97" machi="96" ten="25,6400,0" yaku="0,1,22,2,8,1" doraHai="87" who="2" fromWho="2" sc="243,-16,265,-32,236,74,246,-16" /><INIT seed="2,0,0,3,4,114" ten="227,233,310,230" oya="2" hai0="25,116,130,50,65,30,98,97,104,12,115,131,132" hai1="90,72,125,31,51,69,19,117,62,99,107,105,8" hai2="121,128,35,70,24,66,18,108,127,38,20,76,96" hai3="13,81,28,110,82,44,74,3,92,83,75,122,41"/><V102/><F121/><W7/><G122/><T135/><D115/><U39/><E39/><V58/><F38/><W124/><G110/><T64/><D50/><U61/><E72/><V33/><F128/><N who="0" m="49194" /><D12/><U91/><E31/><V63/><F127/><W6/><G124/><T57/><D57/><U89/><E125/><V16/><F108/><W9/><G28/><T23/><D104/><U79/><E51/><V78/><F70/><W103/><G6/><T26/><D26/><U42/><E42/><V37/><F37/><W56/><G56/><T53/><D53/><U80/><E105/><V40/><F40/><W133/><G133/><N who="0" m="51275" /><D116/><U17/><E117/><V60/><F60/><W59/><G59/><T45/><D45/><U10/><E69/><V95/><REACH who="2" step="1"/><F18/><REACH who="2" ten="227,233,300,230" step="2"/><W129/><G129/><T34/><D34/><AGARI ba="0,1" hai="16,20,24,33,34,35,58,63,66,76,78,95,96,102" machi="34" ten="40,7700,0" yaku="1,1,2,1,54,1,53,0" doraHai="114" doraHaiUra="106" who="2" fromWho="0" sc="227,-77,233,0,300,87,230,0" /><INIT seed="2,1,0,0,5,80" ten="150,233,387,230" oya="2" hai0="133,59,82,33,20,4,9,17,104,68,53,120,24" hai1="61,135,50,121,51,124,64,25,114,31,131,42,126" hai2="0,130,94,112,56,78,36,34,97,73,91,16,90" hai3="106,116,89,92,87,38,63,60,75,65,134,119,30"/><V132/><F112/><W129/><G134/><T84/><D120/><U10/><E114/><V96/><F0/><W70/><G129/><T57/><D133/><U49/><E135/><V86/><F34/><W37/><G75/><T67/><D104/><U1/><E131/><V39/><F132/><W32/><G106/><T100/><D100/><U7/><E42/><V102/><F130/><W107/><G107/><T98/><D98/><U76/><E76/><V21/><F56/><W27/><REACH who="3" step="1"/><G63/><REACH who="3" ten="150,233,387,220" step="2"/><T15/><D33/><U52/><E121/><V18/><F73/><W113/><G113/><T101/><D101/><U71/><REACH who="1" step="1"/><E52/><REACH who="1" ten="150,223,387,220" step="2"/><V108/><F108/><W62/><G62/><T19/><D53/><U81/><E81/><V28/><F102/><W103/><G103/><T13/><D67/><U8/><E8/><V109/><F109/><W26/><G26/><T3/><D68/><U88/><E88/><V105/><F105/><W79/><G79/><T41/><D41/><U111/><E111/><V123/><F78/><W46/><G46/><T22/><REACH who="0" step="1"/><D24/><REACH who="0" ten="140,223,387,220" step="2"/><U12/><E12/><V122/><F123/><W77/><G77/><AGARI ba="1,3" hai="3,4,9,13,15,17,19,20,22,57,59,77,82,84" machi="77" ten="30,8000,1" yaku="1,1,2,1,7,1,9,1,52,1,53,0" doraHai="80" doraHaiUra="115" who="0" fromWho="3" sc="140,113,223,0,387,0,220,-83" /><INIT seed="3,0,0,4,3,106" ten="253,223,387,137" oya="3" hai0="110,88,30,135,31,41,113,114,72,4,131,51,107" hai1="127,105,29,103,33,37,89,28,76,122,16,108,132" hai2="62,130,66,126,112,34,85,84,35,24,119,27,67" hai3="39,104,13,22,99,128,102,25,100,6,1,68,96"/><W52/><G128/><T78/><D131/><U49/><E37/><V73/><F130/><W36/><G68/><T3/><D107/><U47/><E122/><V23/><F112/><N who="0" m="43114" /><D110/><U93/><E108/><V87/><F119/><W134/><G134/><T2/><D135/><U10/><E76/><V82/><F126/><W129/><G129/><T55/><D41/><U45/><E45/><V44/><F44/><W121/><G1/><N who="0" m="11" /><D4/><U46/><E46/><V70/><F67/><W59/><G121/><T95/><D78/><U40/><E33/><V123/><F123/><W5/><G5/><T75/><D30/><U50/><E127/><V57/><F70/><W17/><G6/><T18/><D18/><U125/><E29/><V11/><F11/><W80/><G80/><T26/><D51/><U60/><E50/><V71/><F71/><W86/><G86/><N who="0" m="52631" /><D55/><U42/><E28/><V56/><F35/><AGARI ba="0,0" hai="26,31,35,72,75" m="52631,11,43114" machi="35" ten="30,7700,0" yaku="11,1,52,2,54,1" doraHai="106" who="0" fromWho="2" sc="253,77,223,0,387,-77,137,0" /><INIT seed="4,0,0,5,5,54" ten="330,223,310,137" oya="0" hai0="114,20,50,6,39,43,10,115,17,57,18,47,98" hai1="27,3,103,60,123,75,7,131,92,68,16,107,1" hai2="4,52,71,84,28,31,89,122,100,30,135,133,24" hai3="46,0,53,42,73,23,108,124,59,119,41,69,101"/><T118/><D118/><U87/><E75/><V90/><F71/><W13/><G0/><T9/><D98/><U106/><E123/><V79/><F122/><W34/><G34/><T110/><D110/><U91/><E131/><V116/><F116/><W82/><G108/><T19/><D20/><U70/><E70/><V86/><F100/><W85/><G73/><T111/><D111/><U56/><E68/><V83/><F4/><W129/><G129/><T93/><D93/><U130/><E130/><V55/><F24/><W15/><G69/><T120/><D120/><U67/><E103/><V97/><F97/><W95/><G124/><T26/><D26/><U72/><E72/><V88/><REACH who="2" step="1"/><F84/><REACH who="2" ten="330,223,300,137" step="2"/><W78/><G119/><T102/><D102/><U11/><REACH who="1" step="1"/><E3/><REACH who="1" ten="330,213,300,137" step="2"/><V134/><AGARI ba="0,2" hai="28,30,31,52,55,79,83,86,88,89,90,133,134,135" machi="134" ten="40,16000,3" yaku="1,1,2,1,0,1,29,2,20,1,54,2,53,0" doraHai="54" doraHaiUra="109" who="2" fromWho="2" sc="330,-80,213,-40,300,180,137,-40" /><INIT seed="5,0,0,0,5,39" ten="250,173,480,97" oya="1" hai0="97,92,103,93,107,131,66,35,125,130,8,106,56" hai1="111,36,67,129,5,26,59,44,85,2,109,25,113" hai2="58,99,69,42,79,46,90,33,57,123,133,80,65" hai3="117,61,100,6,43,115,16,60,9,68,47,13,78"/><U49/><E113/><V19/><F123/><W23/><G117/><T27/><D35/><U128/><E36/><V34/><F133/><W64/><G115/><T1/><D27/><U104/><E104/><V101/><F90/><W10/><G100/><T122/><D122/><U15/><E2/><V37/><F19/><W112/><G112/><T110/><D110/><N who="1" m="41995" /><E85/><V14/><F14/><W50/><G78/><T88/><D125/><U48/><E5/><V132/><F132/><W124/><G124/><T81/><D81/><U114/><E15/><V76/><F76/><W53/><G61/><N who="0" m="38183" /><D8/><U63/><E49/><V52/><F79/><W105/><G105/><T108/><D1/><U31/><E114/><V45/><F80/><W24/><REACH who="3" step="1"/><G9/><REACH who="3" ten="250,173,480,87" step="2"/><T28/><D108/><U20/><E25/><V95/><F101/><W70/><G70/><T3/><D107/><U134/><E134/><V83/><F69/><W38/><G38/><T135/><D106/><U77/><E77/><V116/><F37/><W118/><G118/><T119/><D119/><U102/><E102/><V40/><F116/><W94/><G94/><T72/><D135/><U55/><AGARI ba="0,1" hai="20,26,31,44,48,55,59,63,67,128,129" m="41995" machi="55" ten="30,1500,0" yaku="10,1" doraHai="39" who="1" fromWho="1" sc="250,-5,173,25,480,-5,87,-5" /><INIT seed="5,1,0,2,5,61" ten="245,198,475,82" oya="1" hai0="56,41,85,87,53,33,86,1,12,26,22,116,101" hai1="91,38,120,8,3,52,121,58,117,50,11,81,5" hai2="24,21,60,99,36,42,51,6,43,82,25,88,37" hai3="17,80,114,68,98,67,15,118,49,103,95,75,84"/><U83/><E117/><V47/><F6/><W18/><G118/><T73/><D73/><U66/><E38/><V133/><F133/><W35/><G35/><T100/><D1/><U30/><E30/><V74/><F74/><W135/><G135/><T131/><D131/><U96/><E11/><V126/><F126/><W48/><G114/><T63/><D116/><U93/><REACH who="1" step="1"/><E66/><REACH who="1" ten="245,188,475,82" step="2"/><V62/><F37/><W54/><G75/><T127/><D127/><U122/><AGARI ba="1,1" hai="3,5,8,50,52,58,81,83,91,93,96,120,121,122" machi="122" ten="30,12000,1" yaku="1,1,2,1,0,1,54,1,53,1" doraHai="61" doraHaiUra="55" who="1" fromWho="1" sc="245,-41,188,133,475,-41,82,-41" /><INIT seed="5,2,0,4,5,88" ten="204,321,434,41" oya="1" hai0="69,15,91,55,7,12,106,39,78,20,114,31,117" hai1="50,54,10,40,36,76,111,121,53,49,105,51,82" hai2="60,30,102,89,17,0,67,83,52,110,96,35,13" hai3="126,79,90,84,92,34,113,27,23,132,98,112,120"/><U68/><E105/><V74/><F110/><W95/><G120/><T22/><D39/><U119/><E121/><V127/><F0/><W72/><G34/><T5/><D69/><U71/><E119/><V38/><F38/><W28/><G126/><T29/><D106/><U100/><E100/><V9/><F127/><W42/><G42/><T21/><D78/><U130/><E10/><V101/><F74/><W25/><G132/><T48/><D114/><N who="3" m="44137" /><G27/><T46/><D117/><U73/><E130/><V44/><F30/><N who="0" m="11274" /><D91/><U18/><E18/><V115/><F35/><W94/><G98/><T16/><D15/><U109/><E71/><V56/><F115/><W26/><G26/><T80/><D80/><AGARI ba="2,0" hai="23,25,28,72,79,80,84,90,92,94,95" m="44137" machi="80" ten="30,7700,0" yaku="15,1,52,3" doraHai="88" who="3" fromWho="0" sc="204,-83,321,0,434,0,41,83" /><INIT seed="6,0,0,5,0,39" ten="121,321,434,124" oya="2" hai0="64,58,92,17,119,32,107,122,83,50,109,86,102" hai1="48,15,110,56,79,91,121,13,22,41,9,7,8" hai2="135,28,57,63,43,100,88,67,116,87,53,118,112" hai3="46,114,33,20,19,132,99,68,18,84,31,35,61"/><V106/><F112/><W98/><G132/><T111/><D32/><U130/><E110/><V24/><F135/><W125/><G125/><T65/><D107/><U0/><E130/><V75/><F75/><W131/><G131/><T120/><D17/><U36/><E121/><V3/><F3/><W26/><G114/><T80/><D102/><U44/><E79/><V37/><F100/><W93/><G19/><T14/><D14/><U55/><E91/><V85/><F85/><W30/><G30/><T77/><D92/><U49/><E22/><V70/><F106/><W113/><G113/><T73/><D119/><U45/><REACH who="1" step="1"/><E9/><REACH who="1" ten="121,311,434,124" step="2"/><V71/><F118/><W21/><G21/><T82/><D111/><U76/><E76/><V62/><F116/><W6/><G35/><T16/><D109/><U124/><E124/><V115/><F115/><W23/><G23/><T89/><D120/><U5/><E5/><V4/><F4/><W126/><G126/><T78/><D122/><U74/><E74/><V60/><F88/><W11/><G6/><T105/><D73/><U127/><E127/><V129/><F129/><W51/><G11/><T2/><D78/><U47/><E47/><N who="2" m="24047" /><F87/><W108/><G108/><T12/><D77/><U96/><E96/><V42/><F28/><W66/><G33/><T81/><D86/><U34/><E34/><V52/><F24/><W40/><G31/><T25/><D25/><U123/><E123/><V103/><F103/><N who="3" m="60879" /><G84/><T95/><D89/><U134/><E134/><V128/><F128/><W104/><G99/><T97/><D97/><U29/><E29/><RYUUKYOKU ba="0,1" sc="121,-15,311,15,434,-15,124,15" hai1="0,7,8,13,15,36,41,44,45,48,49,55,56" hai3="18,20,26,40,46,51,61,66,68,104" /><INIT seed="7,1,1,3,4,45" ten="106,326,419,139" oya="3" hai0="133,96,106,117,107,75,55,116,25,69,89,135,7" hai1="1,128,37,115,95,83,21,129,0,38,64,84,33" hai2="108,103,52,49,12,109,134,120,19,74,32,47,73" hai3="41,40,102,86,92,50,81,24,39,35,97,76,100"/><W105/><G39/><T91/><D69/><U23/><E33/><V14/><F32/><W61/><G61/><T62/><D7/><U36/><E95/><V20/><F103/><W79/><G79/><T78/><D25/><U59/><E64/><V16/><F134/><N who="0" m="51210" /><D55/><U18/><E59/><V119/><F119/><N who="0" m="45642" /><D62/><U77/><E115/><V87/><F87/><W101/><G105/><N who="0" m="39947" /><D96/><U44/><E44/><V110/><F120/><W54/><G35/><T8/><D8/><U94/><E1/><V127/><F74/><W9/><G24/><T90/><D78/><U22/><E0/><V58/><F73/><AGARI ba="1,1" hai="73,75,89,90,91" m="39947,45642,51210" machi="73" ten="40,8000,1" yaku="28,2,20,1,34,2" doraHai="45" who="0" fromWho="2" sc="106,93,326,0,419,-83,139,0" owari="199,-20.1,326,12.6,336,43.6,139,-36.1" /></mjloggm>