<mjloggm ver="2.3"><GO type="169" lobby="0"/><UN n0="%41%52%44%45%4E" n1="%74%65%63%68%74%6F" n2="%E3%81%A1%E3%82%83%E3%82%93%E3%81%AE%E3%81%B6" n3="%43%4F%45%44%4F%E7%B7%91" dan="16,17,17,18" rate="2079.95,2145.58,2145.02,2202.02" sx="F,M,M,F"/><TAIKYOKU oya="0"/><INIT seed="0,0,0,4,1,89" ten="250,250,250,250" oya="0" hai0="100,119,57,40,6,32,95,49,8,72,28,105,13" hai1="87,54,33,68,25,85,48,27,31,2,129,101,120" hai2="52,131,41,62,19,56,96,133,112,4,79,122,21" hai3="59,124,16,7,12,127,102,113,77,65,67,130,106"/><T51/><D72/><U110/><E120/><V75/><F122/><W17/><G113/><T97/><D119/><U128/><E110/><V64/><F112/><W123/><G123/><T14/><D105/><U125/><E2/><V104/><F131/><W43/><G130/><N who="1" m="50282" /><E68/><V11/><F133/><W18/><G43/><T111/><D111/><U46/><E125/><N who="3" m="48202" /><G77/><T60/><D40/><U44/><E101/><V61/><F41/><W81/><G81/><T15/><D32/><U35/><E46/><V103/><F79/><W30/><G30/><AGARI ba="0,0" hai="25,27,30,31,33,35,44,48,54,85,87" m="50282" machi="30" ten="30,1000,0" yaku="19,1" doraHai="89" who="1" fromWho="3" sc="250,0,250,10,250,0,250,-10" /><INIT seed="1,0,0,2,3,104" ten="250,260,250,240" oya="1" hai0="30,76,79,130,15,22,7,77,87,45,135,99,18" hai1="129,52,43,97,69,35,41,63,23,47,89,56,40" hai2="11,42,58,39,24,36,50,117,68,6,133,37,115" hai3="96,83,109,72,64,90,65,86,71,101,27,73,51"/><U60/><E35/><V66/><F117/><W31/><G109/><T8/><D135/><U84/><E129/><V48/><F24/><W114/><G114/><T2/><D130/><U34/><E34/><V16/><F133/><W4/><G4/><T107/><D30/><U108/><E108/><V85/><F85/><W119/><G119/><T59/><D59/><U49/><E97/><V98/><F98/><W78/><G51/><T1/><D45/><U44/><E23/><V29/><F29/><W124/><G124/><T53/><D53/><U3/><E3/><V80/><F80/><W111/><G111/><T131/><D131/><U94/><E69/><V17/><F68/><W5/><G5/><T54/><D54/><U103/><E103/><V70/><F70/><W21/><G71/><T132/><D132/><U20/><E20/><V113/><F42/><W0/><G0/><T12/><D87/><U82/><E82/><V61/><F50/><W92/><REACH who="3" step="1"/><G73/><REACH who="3" ten="250,260,250,230" step="2"/><T125/><D125/><U25/><E25/><V13/><REACH who="2" step="1"/><F48/><REACH who="2" ten="250,260,240,230" step="2"/><W28/><G28/><T127/><D127/><U74/><E74/><V106/><F106/><AGARI ba="0,2" hai="21,27,31,64,65,72,78,83,86,90,92,96,101,106" machi="106" ten="30,8000,1" yaku="1,1,7,1,24,2,52,1,53,0" doraHai="104" doraHaiUra="122" who="3" fromWho="2" sc="250,0,260,0,240,-80,230,100" /><INIT seed="2,0,0,5,4,66" ten="250,260,160,330" oya="2" hai0="8,123,11,23,3,2,50,131,130,109,79,77,101" hai1="65,43,16,93,59,63,112,22,32,21,111,9,7" hai2="24,55,33,95,46,117,39,103,38,98,26,128,96" hai3="135,47,17,57,97,25,1,45,62,78,114,89,6"/><V100/><F117/><W84/><G135/><T51/><D123/><U49/><E112/><V122/><F122/><W19/><G114/><T113/><D113/><U41/><E32/><V15/><F128/><W133/><G133/><T87/><D23/><U18/><E111/><V129/><F129/><W74/><G74/><T48/><D101/><U126/><E126/><V108/><F108/><W37/><G37/><T29/><D109/><U30/><E30/><V58/><F15/><W120/><G120/><T42/><D29/><U4/><E22/><V121/><F121/><W5/><G97/><T115/><D115/><U20/><E21/><V34/><F46/><N who="3" m="17419" /><G78/><T61/><D61/><U104/><E104/><V92/><REACH who="2" step="1"/><F58/><REACH who="2" ten="250,260,150,330" step="2"/><W40/><G57/><T105/><D130/><U127/><E127/><V44/><F44/><W102/><G40/><T119/><D131/><U14/><E43/><V75/><F75/><W27/><G1/><T36/><D42/><U107/><E41/><V64/><F64/><W86/><G27/><T82/><D119/><U28/><E65/><V71/><F71/><W106/><G25/><T67/><D67/><U70/><E70/><V69/><F69/><W83/><G6/><T13/><D2/><U132/><E4/><V116/><F116/><W31/><G5/><T88/><D3/><U10/><E7/><V60/><F60/><W80/><G62/><T73/><D73/><U0/><E63/><V12/><F12/><W134/><G134/><T52/><D13/><U118/><E0/><V35/><F35/><W72/><G72/><N who="0" m="43303" /><D36/><U99/><E132/><RYUUKYOKU ba="0,1" sc="250,-10,260,-10,150,30,330,-10" hai2="24,26,33,34,38,39,55,92,95,96,98,100,103" /><INIT seed="2,1,1,5,2,100" ten="240,250,180,320" oya="2" hai0="89,74,124,49,119,8,30,85,110,22,83,36,52" hai1="94,113,78,77,18,28,42,19,51,29,105,17,37" hai2="11,99,115,13,88,96,93,4,65,132,106,24,27" hai3="91,76,86,67,109,31,14,60,97,64,131,92,90"/><V117/><F115/><W95/><G109/><T122/><D122/><U46/><E113/><V129/><F117/><W128/><G31/><T7/><D110/><U3/><E3/><V33/><F129/><N who="3" m="49739" /><G76/><T133/><D36/><U66/><E105/><V134/><F65/><N who="3" m="25163" /><G14/><T80/><D119/><U48/><E94/><V98/><F33/><W53/><G53/><T0/><D124/><U38/><E66/><V123/><F123/><W111/><G111/><T58/><D133/><U6/><E6/><V126/><F126/><W9/><G9/><T57/><D30/><U127/><E17/><V130/><F130/><W34/><G60/><T32/><D32/><AGARI ba="1,1" hai="32,34,86,90,91,92,95,97" m="25163,49739" machi="32" ten="30,1000,0" yaku="19,1" doraHai="100" who="3" fromWho="0" sc="240,-13,250,0,180,0,320,23" /><INIT seed="3,0,0,3,3,44" ten="227,250,180,343" oya="3" hai0="8,72,39,129,48,61,84,76,28,94,86,132,70" hai1="17,97,124,37,95,101,29,16,122,133,103,114,68" hai2="121,100,19,31,77,89,55,26,71,47,34,40,46" hai3="30,98,13,127,18,128,57,119,64,50,43,109,54"/><W25/><G119/><T21/><D129/><U82/><E122/><V32/><F71/><W87/><G128/><T66/><D39/><U93/><E114/><V12/><F121/><W65/><G127/><T53/><D132/><U0/><E0/><V130/><F130/><W123/><G123/><T79/><D72/><U59/><E68/><V73/><F100/><W118/><G118/><T14/><D28/><U49/><E37/><V80/><F34/><W3/><G3/><T22/><D22/><U24/><E124/><V67/><F67/><W27/><G43/><T81/><D21/><N who="1" m="15503" /><E82/><V126/><F126/><W96/><G87/><T75/><D79/><U11/><E11/><V9/><F40/><W120/><G109/><T91/><D75/><U33/><E33/><V6/><F89/><W74/><G74/><T83/><D83/><U7/><E7/><V2/><REACH who="2" step="1"/><F55/><REACH who="2" ten="227,250,170,343" step="2"/><W90/><G90/><T88/><D91/><U38/><E133/><V69/><F69/><W116/><G120/><T63/><D66/><N who="3" m="25705" /><G116/><T5/><D70/><U92/><E103/><V4/><F4/><W131/><G131/><T111/><D111/><U1/><E101/><V78/><F78/><W110/><G110/><T107/><D107/><U115/><E115/><V58/><F58/><AGARI ba="0,1" hai="5,8,14,48,53,58,61,63,76,81,84,86,88,94" machi="58" ten="30,7700,0" yaku="7,1,8,1,52,1,54,1" doraHai="44" who="0" fromWho="2" sc="227,87,250,0,170,-77,343,0" /><INIT seed="4,0,0,4,4,96" ten="314,250,93,343" oya="0" hai0="31,37,55,64,126,134,0,1,97,21,120,29,54" hai1="92,72,115,100,111,130,75,113,69,91,63,32,107" hai2="8,45,123,18,88,132,56,116,58,62,74,76,3" hai3="38,128,71,33,28,39,35,82,25,101,13,109,85"/><T105/><D120/><U41/><E41/><V44/><F123/><W87/><G109/><T16/><D37/><U112/><E32/><V53/><F132/><W47/><G71/><T121/><D121/><U34/><E34/><V67/><F116/><W9/><G35/><T110/><D134/><U104/><E69/><V36/><F36/><W7/><G128/><T11/><D64/><U26/><E26/><V135/><F135/><W30/><G30/><T119/><D119/><U70/><E63/><V49/><F76/><W66/><G66/><T78/><D78/><U4/><E70/><V59/><F74/><N who="1" m="28201" /><E4/><V98/><F59/><W68/><G68/><T133/><D133/><U10/><E10/><V129/><F129/><W95/><G47/><T43/><D43/><U117/><E130/><V17/><F3/><W106/><G106/><N who="1" m="40490" /><E117/><V80/><F8/><W103/><G39/><T60/><D60/><U73/><E111/><V90/><F44/><W6/><G6/><T89/><D110/><U118/><E118/><V84/><REACH who="2" step="1"/><F45/><REACH who="2" ten="314,250,83,343" step="2"/><W51/><G38/><T61/><D11/><U24/><E73/><V108/><F108/><W125/><G9/><T102/><D1/><U122/><E122/><V52/><F52/><W57/><G57/><T12/><D54/><U86/><E24/><V48/><F48/><W40/><G51/><T94/><D0/><U127/><E127/><V131/><F131/><W93/><G125/><T65/><D126/><U20/><E20/><V15/><F15/><W5/><G13/><T46/><D46/><U124/><E124/><V19/><F19/><RYUUKYOKU ba="0,1" sc="314,-15,250,15,83,15,343,-15" hai1="86,91,92,100,112,113,115" hai2="17,18,49,53,56,58,62,67,80,84,88,90,98" /><INIT seed="5,1,1,3,4,72" ten="299,265,98,328" oya="1" hai0="43,129,49,81,19,8,0,52,33,27,10,127,89" hai1="17,4,7,62,67,51,118,131,87,126,45,14,47" hai2="32,111,107,68,102,23,117,130,93,66,65,114,69" hai3="6,50,41,2,78,15,133,128,60,46,59,120,105"/><U125/><E118/><V11/><F117/><W44/><G120/><T48/><D127/><N who="1" m="48651" /><E87/><V28/><F111/><W100/><G2/><T16/><D129/><U26/><E131/><V29/><F130/><W5/><G128/><T77/><D0/><U132/><E26/><V38/><F23/><W1/><G1/><T103/><D103/><U110/><E132/><V24/><F93/><W20/><G133/><T94/><D27/><U101/><E101/><V76/><F38/><W18/><G78/><T99/><D33/><U21/><E110/><V70/><F114/><W98/><REACH who="3" step="1"/><G46/><REACH who="3" ten="299,265,98,318" step="2"/><N who="1" m="17418" /><E51/><V9/><F76/><W58/><G58/><AGARI ba="1,2" hai="4,7,14,17,21,58,62,67" m="17418,48651" machi="58" ten="30,1500,0" yaku="18,1" doraHai="72" who="1" fromWho="3" sc="299,0,265,38,98,0,318,-18" /><INIT seed="5,2,0,1,3,120" ten="299,303,98,300" oya="1" hai0="73,60,124,77,52,68,114,21,129,8,81,32,46" hai1="125,20,11,27,109,18,111,5,48,105,24,127,113" hai2="33,126,112,85,91,80,39,55,41,90,30,103,130" hai3="128,115,31,82,15,9,45,76,49,51,119,106,88"/><U16/><E105/><V69/><F69/><W58/><G106/><T54/><D32/><U19/><E113/><V6/><F103/><W89/><G115/><T64/><D114/><U10/><E48/><V100/><F100/><W97/><G128/><T56/><D124/><N who="1" m="47691" /><E11/><V38/><F112/><W79/><G119/><T95/><D129/><U37/><E37/><V93/><F130/><W7/><G31/><T43/><D8/><U122/><E122/><V44/><F126/><W98/><G58/><T62/><D95/><U23/><E19/><V104/><F104/><W36/><G51/><T40/><D46/><U1/><AGARI ba="2,0" hai="1,5,10,16,18,20,23,24,27,109,111" m="47691" machi="1" ten="30,18000,2" yaku="18,1,34,2,52,2,54,1" doraHai="120" who="1" fromWho="1" sc="299,-62,303,186,98,-62,300,-62" /><INIT seed="5,3,0,3,5,24" ten="237,489,36,238" oya="1" hai0="39,88,100,67,40,65,128,82,134,93,108,68,2" hai1="60,56,48,14,115,121,73,44,99,1,3,21,0" hai2="59,64,120,45,84,20,92,129,8,51,12,135,31" hai3="98,95,72,104,55,37,30,17,102,85,34,81,71"/><U53/><E121/><V6/><F120/><W133/><G37/><T109/><D2/><U105/><E73/><V11/><F135/><W66/><G133/><T75/><D134/><U116/><E116/><V18/><F129/><W126/><G126/><T87/><D128/><U36/><E36/><V112/><F112/><W43/><G43/><T117/><D117/><U35/><E35/><V38/><F38/><W7/><G7/><T90/><D100/><U106/><E99/><V63/><F6/><W86/><G17/><T122/><D122/><U96/><E96/><V28/><F84/><W125/><G55/><T127/><D127/><U62/><E62/><V131/><F92/><W54/><G54/><T10/><D10/><N who="2" m="3626" /><F131/><W13/><G95/><T83/><D75/><U74/><E74/><V69/><F69/><W4/><G4/><T78/><D68/><U123/><E0/><V49/><F49/><W52/><G71/><T16/><D40/><AGARI ba="3,0" hai="12,18,20,28,31,40,45,51,59,63,64" m="3626" machi="40" ten="30,3900,0" yaku="8,1,52,2" doraHai="24" who="2" fromWho="0" sc="237,-48,489,0,36,48,238,0" /><INIT seed="6,0,0,4,4,38" ten="189,489,84,238" oya="2" hai0="113,78,108,40,27,102,18,130,1,43,54,124,21" hai1="56,91,34,11,12,29,84,68,126,97,66,93,133" hai2="129,119,79,33,75,17,109,61,36,2,70,111,22" hai3="82,106,51,14,80,32,125,112,73,88,116,48,71"/><V92/><F119/><W87/><G116/><T89/><D108/><N who="2" m="41546" /><F2/><W134/><G71/><T58/><D124/><U50/><E34/><V25/><F129/><W72/><G32/><T94/><D1/><U55/><E29/><V9/><F36/><W98/><G125/><T115/><D130/><U0/><E0/><V83/><F33/><W65/><G65/><T131/><D102/><U13/><E133/><V49/><F92/><W132/><G14/><T64/><D78/><U15/><E126/><V110/><N who="2" m="41554" /><V122/><DORA hai="28" /><F122/><W57/><G112/><N who="0" m="43083" /><D64/><U16/><E66/><N who="2" m="41295" /><F49/><W24/><G51/><N who="0" m="31071" /><D131/><U59/><E68/><V120/><F120/><W123/><G123/><T35/><D35/><U62/><E50/><V114/><F9/><W85/><G48/><T20/><D20/><U63/><E11/><V69/><F114/><W100/><G57/><T41/><D94/><U121/><E59/><V5/><F69/><W101/><G101/><T118/><D118/><U95/><E121/><V81/><F81/><W135/><G135/><T45/><D45/><U53/><E95/><V77/><F77/><W47/><G47/><T76/><D76/><U37/><E93/><V127/><F127/><W99/><G106/><T96/><D89/><U105/><E91/><V52/><F5/><W7/><G7/><T90/><D90/><U107/><E105/><V26/><F26/><W103/><G88/><T31/><D96/><U19/><E97/><V117/><F117/><W44/><G44/><T30/><AGARI ba="0,0" hai="18,21,27,30,31,40,41,43" m="31071,43083" machi="30" ten="40,8000,1" yaku="15,1,52,3" doraHai="38,28" who="0" fromWho="0" sc="189,80,489,-20,84,-40,238,-20" /><INIT seed="7,0,0,2,5,96" ten="269,469,44,218" oya="3" hai0="50,14,32,7,100,82,13,56,36,94,99,123,98" hai1="4,15,0,118,25,75,81,67,22,83,41,103,2" hai2="112,44,97,117,107,34,52,43,119,79,37,129,54" hai3="102,87,106,66,126,18,62,21,10,89,122,38,93"/><W105/><G122/><T24/><D36/><U45/><E81/><V108/><F79/><W61/><G38/><T64/><D123/><U72/><E75/><V115/><F97/><W95/><G126/><T65/><D32/><U47/><E47/><V90/><F107/><W92/><G10/><T91/><D24/><U131/><E67/><V6/><F34/><W109/><G109/><T101/><D82/><U58/><E58/><V3/><F3/><W60/><G66/><N who="0" m="25707" /><D7/><U69/><E45/><V78/><F78/><W71/><G71/><T29/><D29/><U33/><E22/><V76/><F76/><W31/><G31/><T40/><D99/><U124/><E41/><V110/><F90/><W132/><G132/><T35/><D35/><U121/><E15/><N who="0" m="5641" /><D40/><U30/><E25/><V133/><F6/><W84/><G102/><T134/><D134/><U86/><E83/><V74/><F74/><W49/><G49/><T51/><D51/><U9/><E72/><V114/><F133/><W57/><G57/><T127/><D127/><U42/><E124/><V125/><F125/><W68/><G68/><T128/><D128/><U46/><E69/><V27/><F27/><W111/><G111/><T63/><D50/><U5/><E131/><V20/><F20/><W48/><G48/><T59/><D56/><U116/><E121/><V104/><F104/><N who="3" m="40043" /><G89/><T73/><D73/><U12/><E30/><V130/><F110/><W55/><G55/><AGARI ba="0,0" hai="55,59,63,91,94,98,100,101" m="5641,25707" machi="55" ten="30,3900,0" yaku="8,1,52,2" doraHai="96" who="0" fromWho="3" sc="269,39,469,0,44,0,218,-39" owari="308,10.8,469,56.9,44,-45.6,179,-22.1" /></mjloggm>