<mjloggm ver="2.3"><GO type="169" lobby="0"/><UN n0="%41%6E%6B%6F%61%6E%6B%6F" n1="%6F%6B%61%62%65%73%68%69" n2="%31%35%2E%31%35%63%6D" n3="%E3%82%A2%E3%83%B3%E3%81%95%E3%82%93" dan="16,17,16,18" rate="2136.03,2181.18,2167.65,2221.46" sx="F,M,M,M"/><TAIKYOKU oya="0"/><INIT seed="0,0,0,3,3,18" ten="250,250,250,250" oya="0" hai0="95,69,83,30,87,92,5,88,94,111,7,132,96" hai1="125,112,63,84,11,14,133,113,76,34,13,100,26" hai2="10,70,62,77,29,33,93,91,102,119,46,61,22" hai3="121,50,25,135,45,85,73,16,39,78,71,57,101"/><T116/><D116/><U4/><E125/><V44/><F33/><W81/><G135/><T51/><D132/><U126/><E126/><V117/><F102/><W98/><G71/><T89/><D69/><U55/><E133/><V48/><F77/><W127/><G127/><T27/><D111/><U35/><E100/><V67/><F10/><W114/><G114/><N who="1" m="44138" /><E26/><N who="2" m="16599" /><F62/><W131/><G131/><T47/><D96/><U129/><E14/><V32/><F32/><W86/><G39/><T8/><D89/><U74/><E74/><V43/><F48/><W115/><G121/><T80/><D80/><N who="1" m="47111" /><E129/><V24/><F24/><W124/><G124/><T104/><D104/><U19/><E4/><V134/><F134/><W82/><G115/><T40/><REACH who="0" step="1"/><D8/><REACH who="0" ten="240,250,250,250" step="2"/><U6/><E6/><V52/><F119/><W1/><G82/><T130/><D130/><U66/><E55/><V103/><F52/><W123/><G81/><T97/><D97/><U42/><E42/><V2/><F43/><W49/><G98/><T12/><D12/><U109/><E109/><V68/><F117/><W21/><G101/><T37/><D37/><U75/><E75/><V105/><F103/><W31/><G73/><T65/><D65/><U36/><E36/><V118/><F118/><W64/><G64/><T59/><D59/><AGARI ba="0,1" hai="11,13,19,34,35,59,63,66" m="47111,44138" machi="59" ten="30,1000,0" yaku="11,1" doraHai="18" who="1" fromWho="0" sc="240,-10,250,20,250,0,250,0" /><INIT seed="1,0,0,5,0,88" ten="230,270,250,250" oya="1" hai0="8,36,122,106,64,89,97,5,68,33,47,107,126" hai1="6,17,135,56,14,1,10,98,18,74,59,30,120" hai2="134,95,90,121,72,12,124,57,77,110,26,60,104" hai3="37,102,73,132,20,71,51,128,50,115,93,129,67"/><U119/><E74/><V55/><F121/><W43/><G73/><T54/><D126/><U113/><E120/><V92/><F104/><W127/><G115/><T91/><D122/><U9/><E113/><V27/><F124/><W49/><G127/><T99/><D33/><U63/><E119/><V44/><F110/><W69/><G20/><T31/><D31/><U23/><E135/><V112/><F112/><W7/><G7/><T53/><D68/><U111/><E111/><V76/><F134/><W83/><G83/><T117/><D64/><U52/><E30/><V22/><F72/><W40/><G132/><T25/><D25/><N who="2" m="9226" /><F44/><W32/><G32/><T38/><D47/><U65/><E98/><N who="2" m="57623" /><F95/><W28/><G28/><T105/><D105/><U109/><E109/><V29/><F29/><W82/><G93/><T66/><D66/><U16/><REACH who="1" step="1"/><E23/><REACH who="1" ten="230,260,250,250" step="2"/><V78/><F22/><W100/><G129/><T131/><D131/><U108/><E108/><V35/><F35/><W80/><G128/><T87/><D117/><U62/><AGARI ba="0,1" hai="1,6,9,10,14,16,17,18,52,56,59,62,63,65" machi="62" ten="20,12000,1" yaku="1,1,0,1,7,1,54,2,53,0" doraHai="88" doraHaiUra="103" who="1" fromWho="1" sc="230,-40,260,130,250,-40,250,-40" /><INIT seed="1,1,0,3,0,25" ten="190,390,210,210" oya="1" hai0="135,106,116,97,7,77,65,12,2,84,119,38,98" hai1="104,43,99,76,128,127,39,14,120,133,102,60,9" hai2="37,96,87,92,73,109,59,66,89,19,64,67,42" hai3="124,113,69,68,93,34,132,118,62,121,100,123,61"/><U129/><E120/><V112/><F73/><W46/><G34/><T0/><D38/><U49/><E39/><V1/><F109/><W134/><G100/><T80/><D135/><N who="3" m="51753" /><G93/><T47/><D65/><U20/><E133/><V122/><F122/><N who="3" m="46603" /><G113/><T48/><D0/><U117/><E117/><V32/><F32/><W101/><G101/><T131/><D131/><N who="1" m="50251" /><E127/><V110/><F1/><W35/><G35/><T105/><D2/><U90/><E76/><V50/><F110/><W81/><G81/><T55/><D106/><U75/><E75/><V45/><F112/><W27/><G27/><T21/><D105/><U91/><E20/><V10/><F37/><W5/><G5/><T40/><D55/><U108/><E108/><V130/><F130/><W15/><G15/><T107/><D107/><U56/><E49/><V26/><F96/><N who="0" m="36970" /><D21/><U78/><E43/><V13/><REACH who="2" step="1"/><F26/><REACH who="2" ten="190,390,200,210" step="2"/><W85/><G124/><T114/><D114/><U79/><E14/><V24/><F24/><W83/><G118/><T18/><D119/><U6/><E6/><V111/><F111/><W4/><G4/><T8/><D116/><U44/><E9/><V70/><F70/><W54/><G69/><T51/><D7/><U36/><E36/><V95/><F95/><W23/><G68/><T74/><D74/><U16/><E99/><V125/><F125/><W53/><G23/><T72/><D72/><U88/><E104/><V41/><F41/><W22/><G22/><T28/><D8/><U115/><E115/><V82/><F82/><W30/><G83/><T31/><D40/><U11/><E102/><RYUUKYOKU ba="1,1" sc="190,-10,390,-10,200,30,210,-10" hai2="10,13,19,42,45,50,59,64,66,67,87,89,92" /><INIT seed="2,2,1,0,4,113" ten="180,380,230,200" oya="2" hai0="18,19,0,61,80,114,130,35,43,124,68,41,21" hai1="13,67,119,46,131,29,25,24,105,50,134,59,37" hai2="125,95,20,34,81,57,96,85,22,66,36,115,77" hai3="70,112,58,6,127,84,128,32,40,74,98,103,100"/><V31/><F115/><W16/><G112/><T8/><D114/><U30/><E105/><V90/><F36/><W72/><G70/><T33/><D130/><U14/><E131/><V10/><F125/><W4/><G128/><T75/><D124/><U39/><E134/><V94/><F34/><W42/><G32/><T86/><D75/><U60/><E119/><V79/><F79/><W56/><G84/><T82/><D68/><U102/><E102/><V129/><F129/><W126/><G98/><T17/><D61/><U52/><E37/><V110/><F110/><W111/><REACH who="3" step="1"/><G16/><REACH who="3" ten="180,380,230,190" step="2"/><T107/><D18/><U121/><E121/><V73/><F31/><N who="1" m="11785" /><E39/><V135/><F135/><W88/><G88/><T83/><D86/><U1/><E1/><V63/><F10/><W108/><AGARI ba="2,2" hai="4,6,40,42,56,58,72,74,100,103,108,111,126,127" machi="108" ten="25,6400,0" yaku="1,1,0,1,22,2,53,0" doraHai="113" doraHaiUra="118" who="3" fromWho="3" sc="180,-18,380,-18,230,-34,190,90" /><INIT seed="3,0,0,0,5,99" ten="162,362,196,280" oya="3" hai0="100,101,126,60,43,32,34,23,29,95,53,132,39" hai1="134,120,41,11,62,14,107,121,111,6,88,86,90" hai2="74,96,83,58,51,94,16,127,67,73,57,50,82" hai3="76,8,33,54,4,116,131,135,65,129,80,92,46"/><W61/><G116/><T104/><D132/><U130/><E134/><V49/><F127/><W69/><G135/><T37/><D126/><U122/><E130/><V97/><F67/><W133/><G133/><T45/><D104/><U1/><E111/><V18/><F51/><W70/><G33/><T125/><D125/><U117/><E117/><V112/><REACH who="2" step="1"/><F94/><REACH who="2" ten="162,362,186,280" step="2"/><W56/><G129/><T31/><D95/><U87/><E107/><V12/><F12/><W75/><G131/><T114/><D39/><U0/><E62/><V68/><F68/><W78/><G70/><T25/><D114/><AGARI ba="0,1" hai="16,18,49,50,57,58,73,74,82,83,96,97,112,114" machi="114" ten="25,6400,0" yaku="1,1,22,2,54,1,53,0" doraHai="99" doraHaiUra="91" who="2" fromWho="0" sc="162,-64,362,0,186,74,280,0" /><INIT seed="4,0,0,2,5,59" ten="98,362,260,280" oya="0" hai0="106,7,87,52,44,55,2,19,24,16,46,45,102" hai1="33,28,108,127,27,20,97,112,11,12,109,111,54" hai2="107,130,10,119,126,17,35,23,65,40,29,81,64" hai3="110,76,131,53,30,48,31,77,104,83,78,71,115"/><T60/><D2/><U34/><E97/><V80/><F107/><W89/><G110/><T105/><D7/><N who="1" m="3199" /><E54/><V49/><F126/><W6/><G115/><T74/><D74/><U101/><E101/><V67/><F130/><W100/><G6/><T123/><D123/><U56/><E56/><V113/><F113/><W18/><G18/><T128/><D128/><U50/><E50/><V43/><F35/><N who="1" m="13321" /><E112/><V132/><F132/><W38/><G38/><T92/><D24/><U51/><E51/><V1/><F119/><W116/><G71/><T85/><D44/><U0/><E0/><V91/><F1/><W37/><G37/><T70/><D70/><U133/><E133/><V22/><F91/><W41/><G41/><T125/><D125/><AGARI ba="0,0" hai="20,27,28,108,109,111,125,127" m="13321,3199" machi="125" ten="40,2600,0" yaku="34,2" doraHai="59" who="1" fromWho="0" sc="98,-26,362,26,260,0,280,0" /><INIT seed="5,0,0,2,0,12" ten="72,388,260,280" oya="1" hai0="81,132,46,15,133,84,126,75,20,87,118,57,61" hai1="74,40,127,43,125,26,34,22,49,123,38,91,108" hai2="30,41,31,25,78,54,32,120,39,77,94,96,128" hai3="90,130,76,68,3,88,0,58,122,55,6,110,106"/><U21/><E123/><V53/><F120/><W11/><G110/><T52/><D118/><U27/><E108/><V37/><F128/><W102/><G130/><T134/><D126/><N who="1" m="48139" /><E38/><V18/><F41/><W111/><G111/><T99/><D99/><U119/><E119/><V104/><F104/><W129/><G129/><T42/><D75/><U47/><E34/><V93/><F32/><W63/><G0/><T115/><D115/><U16/><E74/><V44/><F25/><W89/><G76/><T59/><D59/><U19/><E91/><V116/><F96/><W13/><G122/><T9/><D20/><U51/><E51/><V98/><F98/><W4/><G68/><T131/><D131/><U85/><E85/><V121/><F121/><W1/><G106/><T86/><D81/><U7/><E7/><V33/><F33/><W95/><G102/><T113/><D113/><U69/><E69/><V29/><F29/><W62/><G4/><T23/><D23/><U105/><E105/><V97/><F97/><W45/><G45/><T101/><D101/><U60/><E60/><V82/><F44/><W65/><G95/><T124/><D124/><U36/><E36/><V50/><F50/><W24/><G62/><T28/><D28/><U79/><E79/><V117/><F82/><W112/><G112/><T8/><REACH who="0" step="1"/><D15/><REACH who="0" ten="62,388,260,280" step="2"/><U83/><E83/><V80/><F80/><W10/><G13/><T66/><D66/><U109/><E109/><V73/><F73/><W114/><G65/><T48/><AGARI ba="0,1" hai="8,9,42,46,48,52,57,61,84,86,87,132,133,134" machi="48" ten="40,8000,1" yaku="1,1,0,1,20,1,54,1,53,0" doraHai="12" doraHaiUra="2" who="0" fromWho="0" sc="62,90,388,-40,260,-20,280,-20" /><INIT seed="6,0,0,0,5,56" ten="152,348,240,260" oya="2" hai0="1,49,114,51,17,70,74,118,38,110,99,20,134" hai1="102,83,86,41,82,90,53,48,109,92,89,19,93" hai2="122,100,9,35,94,28,79,11,55,106,132,96,85" hai3="25,32,101,46,7,16,123,80,43,124,57,58,81"/><V121/><F132/><W119/><G119/><T131/><RYUUKYOKU type="yao9" ba="0,0" sc="152,0,348,0,240,0,260,0" hai0="1,17,20,38,49,51,70,74,99,110,114,118,131,134" /><INIT seed="6,1,0,4,1,132" ten="152,348,240,260" oya="2" hai0="57,52,135,24,1,115,134,131,85,62,98,75,33" hai1="2,67,105,48,30,26,65,34,94,89,74,81,11" hai2="127,78,77,112,111,97,49,15,66,83,47,44,107" hai3="40,45,73,100,69,133,108,86,118,42,120,88,31"/><V55/><F112/><W119/><G108/><T7/><D75/><U92/><E105/><V35/><F35/><W103/><G133/><N who="0" m="50699" /><D115/><U76/><E94/><V84/><F111/><W68/><G73/><T96/><D131/><U18/><E48/><V39/><F127/><W117/><G120/><T54/><D1/><U53/><E53/><V8/><F66/><W79/><G79/><T56/><D7/><U59/><E59/><V60/><F60/><W91/><G31/><N who="0" m="19687" /><D85/><U20/><E11/><V0/><F0/><W6/><G6/><T82/><D82/><U72/><E2/><V21/><F21/><W61/><G118/><T126/><D98/><U130/><E72/><V17/><F97/><W23/><G86/><T63/><D96/><U28/><E28/><V4/><F107/><W128/><G128/><T106/><D106/><U32/><E32/><V3/><F3/><W36/><G117/><T90/><D90/><U70/><E70/><V5/><F78/><W14/><G68/><T58/><D58/><U110/><E130/><V13/><F13/><W121/><G121/><T101/><D101/><U38/><E38/><V104/><F104/><W99/><G103/><T125/><AGARI ba="1,0" hai="52,54,56,57,62,63,125,126" m="19687,50699" machi="125" ten="30,7900,0" yaku="20,1,52,2,54,1" doraHai="132" who="0" fromWho="0" sc="152,82,348,-21,240,-40,260,-21" /><INIT seed="7,0,0,2,3,37" ten="234,327,200,239" oya="3" hai0="85,74,13,16,68,32,44,6,105,30,107,97,106" hai1="4,90,56,40,133,59,11,104,109,80,89,130,71" hai2="120,98,50,126,24,123,46,54,65,35,108,47,2" hai3="45,34,27,10,118,116,119,122,129,26,96,66,76"/><W18/><G76/><T113/><D74/><U94/><E104/><V5/><F2/><W12/><G66/><T51/><D68/><U110/><E71/><V131/><F5/><W31/><G122/><N who="2" m="46633" /><F98/><W102/><G129/><T36/><D36/><U8/><E130/><V121/><N who="2" m="46641" /><V23/><DORA hai="33" /><F35/><W111/><G45/><T64/><D64/><U21/><E133/><V81/><F131/><W39/><G39/><T63/><D63/><U83/><E40/><N who="2" m="24903" /><F108/><W52/><G26/><T99/><D99/><U84/><E21/><V72/><F65/><W58/><G111/><T38/><D97/><U70/><E70/><V67/><F67/><W87/><G87/><T95/><D6/><U117/><E84/><V20/><F126/><W125/><G125/><T86/><D32/><U43/><E4/><V101/><F101/><W9/><G9/><N who="0" m="6191" /><D30/><U48/><E8/><V3/><F3/><W0/><G0/><T112/><D85/><U100/><E11/><V41/><F54/><W114/><G96/><T69/><D86/><U55/><E100/><V25/><F25/><W82/><G102/><T75/><D69/><U1/><E55/><V61/><F61/><W78/><G52/><N who="0" m="29799" /><D75/><U53/><E1/><V103/><F103/><W128/><G128/><T49/><D95/><U124/><E124/><V19/><F23/><W60/><G60/><T79/><D79/><U77/><E77/><N who="2" m="44199" /><F47/><W92/><G34/><T42/><D38/><U22/><E110/><V17/><F17/><W57/><G18/><T62/><D62/><U93/><E109/><V132/><F132/><RYUUKYOKU ba="0,0" sc="234,15,327,-15,200,15,239,-15" hai0="42,49,105,106,107,112,113" hai2="19,20,24,41" owari="249,4.9,312,41.2,215,-28.5,224,-17.6" /></mjloggm>