<mjloggm ver="2.3"><GO type="169" lobby="0"/><UN n0="%74%73%75%6B%69%31" n1="%E5%BE%A1%E5%BD%B1%E3%82%86%E3%81%9A%E3%81%8D" n2="%E3%80%8E%E3%83%A8%E3%82%B9%E3%82%AC%E3%83%8E%E3%82%BD%E3%83%A9%E3%80%8F" n3="%E3%81%A1%E3%82%83%E3%82%93%E3%81%AE%E3%81%B6" dan="16,17,17,17" rate="2173.15,2199.24,2146.69,2153.93" sx="M,M,M,M"/><TAIKYOKU oya="0"/><INIT seed="0,0,0,2,5,94" ten="250,250,250,250" oya="0" hai0="75,56,134,39,14,59,20,133,58,50,46,108,33" hai1="85,53,67,96,47,124,30,52,74,117,66,10,70" hai2="105,112,24,114,31,22,32,81,99,17,34,36,37" hai3="104,103,3,51,109,21,45,6,106,7,63,76,100"/><T110/><D33/><U78/><E117/><V43/><F81/><W54/><G109/><N who="0" m="42091" /><D75/><U88/><E124/><V69/><F69/><W19/><G76/><T57/><D14/><U127/><E127/><V123/><F123/><W60/><G3/><T98/><D20/><U90/><E74/><V135/><F135/><N who="0" m="51722" /><D98/><U130/><E130/><V121/><F121/><W73/><G73/><T92/><D92/><N who="1" m="56327" /><E70/><V125/><F125/><W93/><G104/><T122/><D122/><U9/><E30/><V64/><F64/><N who="1" m="24617" /><E78/><V97/><F105/><W12/><G106/><T77/><D77/><U79/><E79/><V25/><F34/><W102/><G93/><T128/><N who="0" m="14336" /><DORA hai="71" /><T113/><D128/><U118/><E118/><V83/><F83/><W107/><G107/><T16/><D16/><U120/><E120/><V68/><F68/><W27/><G12/><T5/><D5/><AGARI ba="0,0" hai="5,6,7,19,21,27,45,51,54,60,63,100,102,103" machi="5" ten="40,1300,0" yaku="8,1" doraHai="94,71" who="3" fromWho="0" sc="250,-13,250,0,250,0,250,13" /><INIT seed="1,0,0,0,0,133" ten="237,250,250,263" oya="1" hai0="66,25,117,91,114,110,105,42,127,94,70,81,100" hai1="62,4,44,92,23,51,123,126,102,30,78,90,16" hai2="52,96,79,60,57,37,32,89,55,64,107,84,98" hai3="109,46,72,73,54,69,88,122,34,31,53,104,129"/><U39/><E123/><V63/><F37/><W5/><G122/><T7/><D117/><U26/><E39/><V113/><F32/><W14/><G69/><T10/><D114/><U9/><E78/><V108/><F113/><W61/><G104/><T121/><D121/><U83/><E62/><V87/><F108/><W120/><G120/><T48/><D110/><U17/><E83/><N who="2" m="47231" /><F107/><W0/><G0/><T106/><D100/><U71/><E102/><V59/><F64/><W45/><G61/><T38/><D38/><U24/><E24/><V8/><F8/><W86/><G129/><T36/><D36/><U49/><E71/><V65/><F65/><W40/><G40/><T6/><D81/><AGARI ba="0,0" hai="52,55,57,59,60,63,81,87,89,96,98" m="47231" machi="81" ten="30,2000,0" yaku="8,1,54,1" doraHai="133" who="2" fromWho="0" sc="237,-20,250,0,250,20,263,0" /><INIT seed="2,0,0,1,5,9" ten="217,250,270,263" oya="2" hai0="5,125,8,7,23,98,20,93,17,63,67,37,76" hai1="110,131,79,120,77,30,129,66,4,112,101,22,24" hai2="14,72,87,95,60,107,18,82,6,45,46,0,35" hai3="94,65,75,49,19,133,126,43,90,134,64,119,85"/><V132/><F107/><W91/><G119/><T51/><D37/><U54/><E112/><V29/><F132/><N who="3" m="50795" /><G75/><T58/><D125/><U135/><E135/><V21/><F72/><W108/><G126/><T69/><D76/><U74/><E120/><V47/><F60/><W70/><G70/><T36/><D36/><U124/><E124/><V106/><F106/><W13/><G108/><T53/><D8/><U40/><E40/><V38/><F95/><W73/><G73/><T114/><D20/><U86/><E110/><V113/><F113/><W62/><G62/><T1/><D1/><U61/><E101/><V15/><F0/><W89/><G49/><T12/><REACH who="0" step="1"/><D114/><REACH who="0" ten="207,250,270,263" step="2"/><U84/><E79/><N who="2" m="46559" /><F38/><W81/><G43/><T88/><AGARI ba="0,1" hai="5,7,12,17,23,51,53,58,63,67,69,88,93,98" machi="88" ten="20,8000,1" yaku="1,1,0,1,7,1,52,1,54,1,53,0" doraHai="9" doraHaiUra="41" who="0" fromWho="0" sc="207,90,250,-20,270,-40,263,-20" /><INIT seed="3,0,0,0,3,40" ten="297,230,230,243" oya="3" hai0="69,9,75,11,19,3,92,17,43,45,35,58,2" hai1="77,119,5,21,109,38,8,51,56,94,27,90,34" hai2="59,122,53,74,81,132,13,4,118,80,110,29,49" hai3="100,93,86,22,64,61,26,46,123,55,91,106,97"/><W66/><G123/><T131/><D69/><U16/><E38/><V48/><F118/><W71/><G66/><T36/><D75/><U62/><E109/><V1/><F110/><W52/><REACH who="3" step="1"/><G46/><REACH who="3" ten="297,230,230,233" step="2"/><T130/><D45/><U113/><E119/><V114/><F122/><W95/><G95/><T115/><D92/><U10/><E113/><V41/><F114/><W116/><G116/><T78/><D115/><U47/><E34/><V60/><F132/><W105/><G105/><T112/><D35/><U135/><E135/><V54/><F80/><W107/><G107/><T98/><D112/><U42/><E77/><V89/><F81/><W44/><G44/><T33/><D78/><U103/><E5/><V18/><F4/><W14/><G14/><T28/><D33/><U85/><E103/><V57/><F13/><W20/><G20/><T102/><D102/><U125/><E125/><V99/><F89/><W73/><G73/><T67/><D67/><AGARI ba="0,1" hai="8,10,16,21,27,42,47,51,56,62,67,85,90,94" machi="67" ten="30,7700,0" yaku="7,1,8,1,52,1,54,1" doraHai="40" who="1" fromWho="0" sc="297,-77,230,87,230,0,233,0" /><INIT seed="4,0,0,1,3,77" ten="220,317,230,233" oya="0" hai0="6,29,28,43,70,38,89,93,50,131,1,47,35" hai1="14,46,125,26,84,62,83,52,90,95,124,8,49" hai2="22,31,94,127,23,58,60,81,63,48,121,112,11" hai3="55,53,91,21,80,134,15,16,54,118,25,57,40"/><T76/><D70/><U114/><E114/><V10/><F121/><W86/><G118/><T42/><D131/><U13/><E26/><V24/><F112/><W97/><G134/><T109/><D109/><U41/><E62/><V87/><F127/><N who="1" m="48713" /><E8/><N who="2" m="3115" /><F94/><W65/><G40/><T122/><D1/><U116/><E116/><V0/><F0/><W67/><G57/><T36/><D6/><U92/><E92/><V120/><F120/><W59/><G59/><T78/><D122/><U5/><E5/><V9/><N who="2" m="3123" /><V19/><DORA hai="27" /><F48/><W56/><G56/><T64/><D64/><U68/><E68/><V106/><F106/><W102/><REACH who="3" step="1"/><G25/><REACH who="3" ten="220,317,230,223" step="2"/><T88/><D42/><U119/><E119/><V18/><F58/><W123/><G123/><T130/><D130/><U69/><E69/><V129/><F129/><W133/><G133/><T107/><D36/><U12/><E41/><V135/><F135/><W99/><G99/><T66/><D38/><U71/><E71/><V103/><F60/><W51/><G51/><T110/><D66/><U82/><AGARI ba="0,1" hai="12,13,14,46,49,52,82,83,84,90,95" m="48713" machi="82" ten="40,8000,1" yaku="18,1,52,2,54,1" doraHai="77,27" who="1" fromWho="1" sc="220,-40,317,90,230,-20,223,-20" /><INIT seed="5,0,0,1,2,18" ten="180,407,210,203" oya="1" hai0="119,17,87,128,22,50,82,55,132,12,86,121,35" hai1="69,8,52,15,57,16,93,61,92,104,33,51,88" hai2="81,58,126,80,4,49,24,59,19,103,25,114,99" hai3="9,85,48,102,109,5,120,112,26,124,95,31,40"/><U64/><E33/><V90/><F126/><W21/><G109/><T106/><D119/><U66/><E104/><V2/><F114/><W130/><G120/><T65/><D106/><U11/><E93/><N who="2" m="58863" /><F2/><W111/><G111/><T122/><D35/><U62/><E11/><V110/><F4/><W101/><G112/><T105/><D105/><U44/><E69/><V42/><F110/><W100/><G130/><T73/><D128/><U32/><E32/><V20/><F25/><W125/><G40/><T45/><D65/><N who="1" m="25195" /><E92/><V13/><BYE who="1" /><F24/><W91/><REACH who="3" step="1"/><G48/><REACH who="3" ten="180,407,210,193" step="2"/><T108/><D108/><U96/><E96/><V135/><F135/><W7/><G7/><T0/><D132/><U89/><E89/><V118/><F118/><W98/><G98/><T97/><D97/><U10/><E10/><V134/><F134/><W67/><G67/><T129/><D129/><U41/><E41/><V79/><F90/><W72/><G72/><T131/><D131/><U74/><E74/><V53/><F42/><W3/><AGARI ba="0,1" hai="3,5,9,21,26,31,85,91,95,100,101,102,124,125" machi="3" ten="30,4000,0" yaku="1,1,0,1,52,1,53,0" doraHai="18" doraHaiUra="76" who="3" fromWho="3" sc="180,-10,407,-20,210,-10,193,50" /><INIT seed="6,0,0,0,4,20" ten="170,387,200,243" oya="2" hai0="126,63,32,117,66,7,57,116,17,127,100,94,36" hai1="12,125,30,74,76,120,46,31,6,75,81,67,130" hai2="11,92,33,95,55,27,43,77,62,44,129,107,103" hai3="38,118,15,108,79,73,109,106,98,70,26,3,4"/><V101/><F129/><W0/><G15/><T39/><D32/><U69/><E69/><V24/><F107/><W28/><G118/><N who="0" m="45675" /><D7/><U121/><E121/><V9/><F33/><N who="3" m="20631" /><G38/><N who="0" m="14379" /><D100/><N who="2" m="38474" /><F77/><W113/><G98/><T41/><D94/><N who="2" m="35882" /><F43/><W110/><G106/><T42/><D17/><U86/><E86/><V87/><F87/><W78/><G79/><T85/><D85/><U61/><E61/><V102/><N who="2" m="38482" /><V83/><DORA hai="90" /><F83/><N who="3" m="45519" /><G70/><T10/><D10/><N who="2" m="3594" /><F62/><W124/><G4/><T91/><D91/><U48/><E48/><AGARI ba="0,0" hai="24,27,44,48,55" m="3594,35882,38482" machi="48" ten="40,18000,2" yaku="8,1,52,5" doraHai="20,90" who="2" fromWho="1" sc="170,0,387,-180,200,180,243,0" /><INIT seed="6,1,0,2,4,61" ten="170,207,380,243" oya="2" hai0="92,54,42,27,105,129,133,95,79,120,112,41,77" hai1="84,126,69,78,40,72,12,107,14,134,118,62,85" hai2="116,76,7,65,5,127,93,22,87,15,21,119,51" hai3="122,29,20,114,0,113,55,91,23,2,109,59,32"/><V63/><F127/><W135/><G109/><T115/><D105/><U10/><E10/><V99/><F51/><W35/><G122/><T128/><D27/><U8/><E8/><UN n1="%E5%BE%A1%E5%BD%B1%E3%82%86%E3%81%9A%E3%81%8D" /><V82/><F119/><W49/><G135/><T108/><D54/><U101/><E118/><V111/><F116/><W96/><G29/><T48/><D48/><U60/><E126/><V16/><F111/><W34/><G91/><T57/><D57/><U117/><E134/><V110/><F21/><N who="3" m="8267" /><G96/><T94/><D133/><U31/><E117/><V50/><F50/><W28/><G28/><T80/><D108/><U3/><E31/><V125/><F125/><W83/><G83/><T102/><D102/><U45/><E3/><V44/><F44/><W106/><G106/><T100/><D100/><U33/><E33/><V37/><F37/><W121/><G121/><T131/><D120/><U88/><E107/><V11/><F22/><W74/><G74/><T103/><D103/><U53/><E101/><N who="2" m="60655" /><F110/><W97/><G97/><T58/><D58/><AGARI ba="1,0" hai="5,7,11,15,16,58,63,65,76,82,87" m="60655" machi="58" ten="30,5800,0" yaku="8,1,52,1,54,1" doraHai="61" who="2" fromWho="0" sc="170,-61,207,0,380,61,243,0" /><INIT seed="6,2,0,2,3,37" ten="109,207,441,243" oya="2" hai0="75,45,87,9,33,125,20,34,30,29,80,66,41" hai1="61,19,91,92,122,109,72,135,13,94,134,23,14" hai2="7,60,127,132,107,89,88,118,116,90,5,42,4" hai3="100,67,73,3,96,115,40,123,93,103,131,130,26"/><V64/><F107/><W121/><G3/><T108/><D75/><U117/><E72/><V98/><F132/><N who="1" m="50729" /><E109/><V102/><F127/><W112/><G67/><T63/><D108/><U35/><E35/><V84/><F84/><W111/><G26/><T59/><D125/><U104/><E104/><V32/><F32/><W15/><G15/><T25/><D9/><U126/><E117/><V65/><F118/><W62/><G62/><T82/><D30/><U51/><E126/><V70/><F64/><W24/><G24/><T97/><D97/><N who="1" m="57503" /><E61/><V12/><F60/><W43/><G73/><T8/><D8/><U114/><E114/><N who="3" m="43562" /><G103/><T55/><D66/><U69/><E69/><V120/><F70/><W53/><G53/><T18/><D29/><U74/><E74/><V110/><F65/><W68/><G68/><T71/><D71/><U105/><E105/><V86/><F102/><W31/><G31/><T77/><REACH who="0" step="1"/><D82/><REACH who="0" ten="99,207,441,243" step="2"/><U129/><E122/><N who="3" m="46602" /><G111/><T106/><D106/><U124/><E124/><V39/><F120/><W27/><G27/><T46/><D46/><U21/><E14/><V58/><F12/><W36/><G36/><AGARI ba="2,1" hai="18,20,25,33,34,36,41,45,55,59,63,77,80,87" machi="36" ten="30,3900,0" yaku="1,1,7,1,52,1,53,0" doraHai="37" doraHaiUra="101" who="0" fromWho="3" sc="99,55,207,0,441,0,243,-45" /><INIT seed="7,0,0,2,1,122" ten="154,207,441,198" oya="3" hai0="130,74,61,64,70,24,115,17,98,45,68,12,28" hai1="57,27,35,21,14,40,87,101,15,4,20,31,118" hai2="125,78,75,42,86,103,100,34,105,52,96,25,80" hai3="131,39,126,13,5,41,23,92,99,32,3,47,81"/><W79/><G32/><T114/><D74/><U111/><E111/><V134/><F134/><W2/><G126/><T69/><D130/><U89/><E118/><V93/><F125/><W58/><G131/><T133/><D133/><U117/><E117/><V85/><F42/><W53/><G23/><T106/><D45/><U65/><E35/><V113/><F113/><N who="0" m="43018" /><D12/><U72/><E72/><V19/><F52/><W82/><G13/><T9/><D9/><U109/><E109/><V62/><F62/><W121/><G121/><T135/><D17/><U60/><E4/><V73/><F34/><W90/><G5/><T120/><D120/><U88/><E40/><V26/><F19/><W7/><G7/><T102/><D135/><U36/><E101/><N who="2" m="62631" /><F25/><W49/><G81/><T84/><D84/><AGARI ba="0,0" hai="2,3,39,41,47,49,53,58,79,82,84,90,92,99" machi="84" ten="30,1500,0" yaku="7,1" doraHai="122" who="3" fromWho="0" sc="154,-15,207,0,441,0,198,15" /><INIT seed="7,1,0,3,2,91" ten="139,207,441,213" oya="3" hai0="60,3,82,41,24,106,36,133,42,58,71,105,66" hai1="10,54,111,19,43,14,117,51,118,128,94,17,126" hai2="113,12,93,75,119,25,32,4,76,57,134,99,2" hai3="79,96,5,45,107,52,122,50,130,100,68,120,64"/><W90/><G130/><T9/><D133/><U78/><E128/><V123/><F119/><N who="1" m="45577" /><E111/><V62/><F2/><W18/><G5/><T116/><D116/><U125/><E43/><V26/><F32/><W115/><G115/><T47/><D42/><U49/><E78/><V28/><F12/><W73/><G18/><T63/><D24/><U129/><E129/><V69/><F69/><W121/><G64/><T59/><D71/><U0/><E0/><V72/><F72/><W127/><G68/><T132/><D132/><U21/><E94/><V29/><F75/><W27/><G27/><T87/><D3/><U98/><E98/><V39/><F28/><W86/><G127/><N who="1" m="48650" /><E54/><V37/><F29/><W97/><G97/><T81/><D9/><U13/><AGARI ba="1,0" hai="10,13,14,17,19,21,49,51" m="48650,45577" machi="13" ten="40,2700,0" yaku="12,1,18,1" doraHai="91" who="1" fromWho="1" sc="139,-8,207,30,441,-8,213,-14" owari="131,-36.9,237,3.7,433,53.3,199,-20.1" /></mjloggm>