<mjloggm ver="2.3"><GO type="169" lobby="0"/><UN n0="%73%79%75%70%6F%6E" n1="%63%61%74%6D%65%56%47%43" n2="%6F%6B%62%6F%6B%62" n3="%62%61%6B%75%72%61%30%38" dan="17,18,17,17" rate="2219.20,2272.43,2182.56,2172.66" sx="M,M,M,M"/><TAIKYOKU oya="0"/><INIT seed="0,0,0,5,4,62" ten="250,250,250,250" oya="0" hai0="79,125,14,59,128,51,96,97,58,94,5,64,69" hai1="23,46,104,10,52,47,121,4,60,2,63,33,45" hai2="49,135,29,71,105,133,86,87,32,21,66,15,81" hai3="75,131,41,40,100,88,92,134,30,89,35,70,78"/><T13/><D125/><U28/><E121/><V7/><F105/><W115/><G115/><T116/><D116/><U111/><E111/><V72/><F32/><W114/><G114/><T67/><D128/><U107/><E33/><V65/><F71/><W119/><G119/><T84/><D69/><U26/><REACH who="1" step="1"/><E63/><REACH who="1" ten="250,240,250,250" step="2"/><V57/><F72/><W11/><G35/><T109/><D109/><U76/><E76/><V19/><F7/><W83/><G78/><T101/><D5/><U0/><E0/><V127/><F127/><W112/><G75/><T9/><D79/><U39/><E39/><V43/><F29/><W8/><G30/><T122/><D122/><U53/><E53/><N who="2" m="31919" /><F43/><W42/><G40/><T50/><D50/><U6/><E6/><V25/><F133/><W102/><G41/><T22/><D51/><U91/><E91/><N who="2" m="51663" /><F135/><W118/><G42/><T130/><D130/><U56/><AGARI ba="0,1" hai="2,4,10,23,26,28,45,46,47,52,56,60,104,107" machi="56" ten="30,4000,0" yaku="1,1,0,1,54,1,53,0" doraHai="62" doraHaiUra="85" who="1" fromWho="1" sc="250,-20,240,50,250,-10,250,-10" /><INIT seed="1,0,0,2,1,89" ten="230,290,240,240" oya="1" hai0="10,3,15,6,105,80,132,129,63,116,56,41,77" hai1="23,60,2,9,53,109,13,112,69,64,8,78,5" hai2="55,122,18,126,68,45,26,133,50,4,37,11,62" hai3="35,67,39,17,90,59,120,38,72,79,20,34,65"/><U46/><E112/><V75/><F122/><W92/><G120/><T100/><D116/><U127/><E127/><V47/><F126/><W28/><G79/><T51/><D129/><U130/><E130/><V101/><F133/><W42/><G72/><T70/><D132/><U119/><E119/><V104/><F75/><W7/><G7/><T16/><D70/><U36/><E78/><V123/><F123/><W71/><G71/><T58/><D105/><U86/><E86/><V82/><F82/><W131/><G131/><T93/><D41/><U52/><E23/><V27/><F18/><W40/><G38/><T1/><D51/><U61/><E109/><V33/><F33/><W0/><G0/><T81/><D56/><U30/><E30/><V135/><F135/><W111/><G39/><T76/><D76/><U54/><E36/><V102/><F45/><W31/><G35/><T98/><D1/><U124/><E124/><V94/><F104/><W99/><G34/><T66/><REACH who="0" step="1"/><D77/><REACH who="0" ten="220,290,240,240" step="2"/><U73/><E73/><V74/><F37/><W121/><G59/><T85/><D85/><U95/><E46/><V91/><F74/><W83/><G40/><T113/><D113/><U134/><E134/><V106/><F106/><W97/><G42/><T87/><D87/><U125/><E125/><V25/><F68/><W29/><G111/><T57/><D57/><U14/><E2/><V43/><F43/><W21/><G121/><T110/><D110/><U117/><E117/><V96/><F62/><W114/><G114/><T128/><D128/><U22/><E69/><V24/><F24/><RYUUKYOKU ba="0,1" sc="220,15,290,-15,240,15,240,-15" hai0="3,6,10,15,16,58,63,66,80,81,93,98,100" hai2="4,11,25,26,27,47,50,55,91,94,96,101,102" /><INIT seed="2,1,1,2,4,55" ten="235,275,255,225" oya="2" hai0="111,121,118,87,23,26,97,49,82,114,117,6,109" hai1="9,66,61,59,53,93,67,24,35,33,7,84,58" hai2="62,50,10,52,112,105,135,68,30,99,31,119,80" hai3="42,65,29,5,1,22,110,77,108,75,8,34,16"/><V88/><F119/><N who="0" m="45578" /><D6/><U113/><E113/><V122/><F122/><W71/><G42/><T3/><D3/><U86/><E24/><V2/><F112/><W72/><G65/><T92/><D49/><U51/><E67/><V45/><F68/><W13/><G71/><T36/><D36/><U96/><E33/><V32/><F32/><W20/><G20/><T21/><D21/><U124/><E124/><V85/><F62/><W19/><G19/><T76/><D26/><U18/><E18/><V69/><F69/><W127/><G127/><T81/><D23/><U57/><E58/><V103/><REACH who="2" step="1"/><F135/><REACH who="2" ten="235,275,245,225" step="2"/><W41/><G34/><T120/><D114/><U17/><E35/><V115/><F115/><W79/><G108/><N who="0" m="41547" /><D81/><U12/><REACH who="1" step="1"/><E7/><AGARI ba="1,2" hai="2,7,10,30,31,45,50,52,80,85,88,99,103,105" machi="7" ten="40,7700,0" yaku="1,1,54,2,53,0" doraHai="55" doraHaiUra="107" who="2" fromWho="1" sc="235,0,275,-80,245,100,225,0" /><INIT seed="2,2,0,5,2,98" ten="235,195,345,225" oya="2" hai0="54,1,13,68,22,59,29,75,83,62,25,37,6" hai1="38,99,90,123,110,11,64,89,135,77,26,121,133" hai2="8,103,28,61,131,2,43,93,27,102,5,113,40" hai3="130,105,76,56,7,97,72,31,128,21,33,15,70"/><V116/><F116/><W85/><G70/><T14/><D37/><U101/><E38/><V86/><F113/><W120/><G120/><N who="1" m="46154" /><E64/><V19/><F19/><W10/><G72/><T50/><D1/><U132/><E110/><V0/><F0/><W111/><G111/><T79/><D6/><U94/><E11/><V119/><F119/><W69/><G69/><T4/><D4/><U134/><N who="1" m="33792" /><DORA hai="87" /><U91/><E26/><V3/><F3/><W23/><G56/><T74/><D74/><U9/><E9/><V16/><F61/><W52/><G52/><T114/><D114/><U18/><E18/><V45/><F131/><W117/><G33/><T129/><D129/><U92/><E77/><V106/><F43/><W65/><G65/><T55/><REACH who="0" step="1"/><D68/><REACH who="0" ten="225,195,345,225" step="2"/><U46/><E46/><AGARI ba="2,1" hai="13,14,22,25,29,46,50,54,55,59,62,75,79,83" machi="46" ten="30,3900,0" yaku="1,1,2,1,7,1,53,0" doraHai="98,87" doraHaiUra="95,30" who="0" fromWho="1" sc="225,55,195,-45,345,0,225,0" /><INIT seed="3,0,0,4,2,13" ten="280,150,345,225" oya="3" hai0="118,4,34,56,108,125,74,60,116,44,93,92,133" hai1="3,8,47,94,87,9,128,68,126,115,117,95,84" hai2="46,54,106,19,55,30,91,28,14,113,99,122,25" hai3="27,100,10,105,132,131,32,121,135,107,52,31,5"/><W130/><G121/><T79/><D34/><U7/><E115/><V120/><F113/><W43/><G43/><T0/><D108/><U33/><E33/><V81/><F106/><W50/><G100/><T103/><D125/><U11/><E68/><V20/><F99/><W22/><G32/><T119/><D133/><N who="3" m="51273" /><G105/><T101/><D44/><U21/><E126/><V73/><F73/><W23/><G23/><T75/><D4/><U97/><E128/><N who="3" m="49194" /><G107/><T80/><D103/><U67/><E21/><V102/><F102/><W42/><G42/><T53/><D101/><U64/><E9/><N who="2" m="6607" /><F30/><W24/><G24/><T89/><D116/><U66/><E117/><V72/><F72/><W29/><G50/><T57/><D118/><U1/><E8/><V38/><F38/><W96/><G52/><T114/><D53/><U134/><E134/><V78/><F54/><W51/><G51/><T104/><D104/><U70/><E66/><V124/><F124/><W35/><G96/><T63/><D119/><U41/><E97/><V58/><F46/><W12/><G35/><T18/><D114/><U26/><E47/><V6/><F122/><W45/><G45/><T127/><D127/><U17/><E41/><V48/><F120/><W69/><G69/><T16/><D74/><U86/><E67/><V83/><F55/><W71/><G71/><T112/><D112/><U82/><E64/><V36/><F36/><W129/><N who="3" m="49202" /><W123/><DORA hai="76" /><G123/><T49/><D49/><U61/><E70/><V39/><F48/><W62/><G62/><T85/><D63/><U111/><E61/><RYUUKYOKU ba="0,0" sc="280,-10,150,-10,345,-10,225,30" hai3="5,10,12,22,27,29,31" /><INIT seed="3,1,0,4,5,103" ten="270,140,335,255" oya="3" hai0="99,60,33,71,47,49,7,10,55,93,105,101,16" hai1="92,102,66,61,44,58,4,26,46,28,27,86,98" hai2="36,34,30,82,128,113,106,89,117,38,110,72,96" hai3="5,109,39,6,135,74,73,107,2,68,64,124,116"/><W14/><RYUUKYOKU type="yao9" ba="1,0" sc="270,0,140,0,335,0,255,0" hai3="2,5,6,14,39,64,68,73,74,107,109,116,124,135" /><INIT seed="3,2,0,0,1,0" ten="270,140,335,255" oya="3" hai0="56,53,62,132,70,135,54,103,105,29,102,4,27" hai1="109,43,133,3,130,52,131,16,86,90,28,115,37" hai2="24,33,36,100,59,55,121,74,117,104,49,93,97" hai3="95,96,116,88,106,89,15,77,112,99,126,60,125"/><W80/><G60/><T85/><D70/><U69/><E115/><V72/><F36/><W47/><G47/><T46/><D105/><U79/><E69/><V8/><F117/><W114/><G15/><T22/><D85/><U108/><E28/><V13/><F104/><W30/><G30/><T71/><D71/><U17/><E3/><V81/><F33/><W101/><G89/><T5/><D46/><N who="1" m="23919" /><E79/><V68/><F24/><W118/><G112/><T32/><D53/><U34/><E34/><V14/><F14/><W25/><G25/><T18/><D103/><U98/><E98/><V91/><F121/><W7/><G7/><N who="0" m="2635" /><D102/><U127/><E127/><N who="3" m="48650" /><G114/><T63/><D63/><U35/><E35/><V119/><F68/><W123/><G123/><T110/><D32/><U50/><E133/><N who="0" m="51273" /><D110/><N who="1" m="42603" /><E131/><V1/><F1/><W82/><G82/><T23/><D23/><U2/><E2/><V41/><F81/><W40/><G40/><T83/><D83/><N who="1" m="49503" /><E130/><V122/><F122/><W42/><G42/><T87/><D87/><AGARI ba="2,0" hai="77,80,87,88,95,96,99,101,106,116,118" m="48650" machi="87" ten="30,11600,0" yaku="18,1,34,2,54,1" doraHai="0" who="3" fromWho="0" sc="270,-122,140,0,335,0,255,122" /><INIT seed="3,3,0,2,3,24" ten="148,140,335,377" oya="3" hai0="123,88,61,19,69,133,35,43,44,34,66,128,57" hai1="18,59,32,91,79,5,70,60,73,22,98,52,75" hai2="42,81,86,122,38,47,74,96,103,83,23,127,116" hai3="104,26,76,120,64,51,94,125,48,101,45,121,21"/><W117/><G117/><T68/><D123/><U113/><E113/><V97/><F116/><W87/><G125/><T13/><D128/><U6/><E32/><V2/><F127/><W41/><G104/><T36/><D133/><U72/><E70/><V16/><F2/><W106/><G106/><T31/><D88/><U67/><E79/><V33/><F33/><W30/><G64/><T119/><D119/><U118/><E67/><V15/><F122/><W53/><G101/><T99/><D99/><U7/><E118/><V14/><F103/><W111/><G111/><T8/><REACH who="0" step="1"/><D35/><REACH who="0" ten="138,140,335,377" step="2"/><U135/><E135/><V100/><F100/><W1/><G120/><T131/><D131/><U55/><E55/><V110/><F97/><W63/><G121/><T102/><D102/><U107/><E107/><V129/><F96/><W0/><G94/><T109/><D109/><U126/><E126/><V77/><F110/><W71/><G53/><T108/><D108/><U90/><REACH who="1" step="1"/><E98/><REACH who="1" ten="138,130,335,377" step="2"/><V134/><F134/><W92/><G76/><T78/><D78/><U56/><E56/><V46/><F129/><W95/><G71/><T4/><D4/><U85/><E85/><V89/><REACH who="2" step="1"/><F46/><REACH who="2" ten="138,130,325,377" step="2"/><W80/><G45/><T62/><D62/><U25/><AGARI ba="3,3" hai="5,6,7,18,22,25,52,59,60,72,73,75,90,91" machi="25" ten="40,5200,0" yaku="1,1,0,1,54,1,53,0" doraHai="24" doraHaiUra="9" who="1" fromWho="1" sc="138,-16,130,91,325,-16,377,-29" /><INIT seed="4,0,0,3,5,10" ten="122,221,309,348" oya="0" hai0="41,62,110,121,57,49,90,3,31,111,101,14,7" hai1="103,128,9,38,66,58,99,125,127,73,39,107,82" hai2="85,5,61,29,112,69,71,98,32,30,37,74,119" hai3="51,131,97,87,53,45,105,86,129,135,59,100,75"/><T54/><D121/><U19/><E128/><N who="3" m="49226" /><G75/><T78/><D78/><N who="1" m="44367" /><E9/><V92/><F74/><W79/><G135/><T133/><D133/><U104/><E19/><V35/><F37/><W52/><G79/><T120/><D120/><U134/><E104/><V115/><F5/><W0/><G0/><T96/><D31/><U117/><E134/><V106/><F85/><W122/><G122/><T12/><D90/><U94/><E94/><V64/><F119/><W89/><G89/><T23/><D23/><U88/><E88/><N who="2" m="55559" /><F69/><W91/><G91/><T109/><D7/><U130/><E130/><V1/><F1/><W4/><G4/><T34/><D34/><N who="2" m="12842" /><F106/><W63/><AGARI ba="0,0" hai="45,51,52,53,59,63,86,87,97,100,105" m="49226" machi="63" ten="30,2000,0" yaku="19,1,54,1" doraHai="10" who="3" fromWho="3" sc="122,-10,221,-5,309,-5,348,20" /><INIT seed="5,0,0,5,1,4" ten="112,216,304,368" oya="1" hai0="44,124,132,70,38,2,48,12,135,28,88,86,56" hai1="93,16,57,5,111,110,90,68,113,72,94,64,89" hai2="13,40,25,21,97,121,49,129,46,61,36,43,53" hai3="116,52,85,115,42,79,34,84,74,67,117,19,109"/><U131/><E72/><V63/><F129/><W77/><G34/><T29/><D2/><U100/><E68/><V78/><F121/><W26/><G109/><N who="1" m="41482" /><E113/><V17/><F78/><W1/><G1/><T10/><D70/><U76/><E76/><V98/><F98/><W54/><G42/><T120/><D38/><U82/><E82/><V87/><F87/><W58/><G58/><T80/><D56/><U133/><E5/><V22/><F97/><W37/><G37/><T96/><D96/><N who="1" m="59407" /><E94/><V14/><F14/><W91/><G74/><T103/><D103/><U118/><E118/><V6/><F40/><W127/><G91/><T8/><D120/><U105/><E105/><V20/><F6/><W99/><G99/><T7/><D124/><U107/><E133/><V31/><REACH who="2" step="1"/><F21/><REACH who="2" ten="112,216,294,368" step="2"/><W0/><G77/><T51/><D10/><U123/><E131/><V60/><F60/><W50/><G79/><T73/><D73/><U30/><E123/><V71/><F71/><W119/><G116/><T3/><D3/><U114/><E90/><V130/><F130/><W45/><G0/><T126/><D126/><U47/><E89/><V92/><F92/><W41/><G127/><T24/><D51/><U106/><E106/><V125/><F125/><W95/><G50/><T69/><D69/><U15/><E15/><V81/><F81/><W39/><G117/><T9/><D9/><U75/><E107/><V65/><F65/><W62/><G39/><T128/><D128/><U108/><E64/><V104/><F104/><W32/><G119/><T83/><D83/><U59/><E108/><RYUUKYOKU ba="0,1" sc="112,-10,216,-10,294,30,368,-10" hai2="13,17,20,22,25,31,36,43,46,49,53,61,63" /><INIT seed="6,1,1,3,2,42" ten="102,206,324,358" oya="2" hai0="52,64,1,77,94,22,55,51,39,86,97,53,96" hai1="124,122,127,85,90,102,87,67,3,113,107,17,103" hai2="91,31,114,61,125,70,30,2,80,44,104,63,4" hai3="0,28,132,35,59,6,99,57,74,75,93,101,34"/><V115/><F104/><W27/><G34/><T36/><D1/><U109/><E3/><V62/><F70/><W95/><G132/><T73/><D73/><U50/><E109/><V72/><F125/><N who="1" m="48201" /><E113/><N who="2" m="43019" /><F91/><W121/><G121/><T82/><D64/><U111/><E111/><V40/><F4/><W129/><G129/><T68/><D68/><U79/><E122/><V108/><F2/><W116/><G116/><T123/><D123/><U21/><E67/><V89/><F108/><W20/><G35/><T54/><D22/><U106/><E50/><N who="2" m="26887" /><F89/><W7/><G0/><T131/><D131/><U37/><E37/><V9/><F9/><W88/><G74/><T66/><D66/><U58/><E58/><N who="3" m="22026" /><G75/><T105/><D105/><U49/><E49/><V112/><N who="2" m="43027" /><V117/><DORA hai="13" /><F117/><W25/><G25/><T130/><D130/><U69/><E69/><V48/><F48/><W41/><G41/><T38/><REACH who="0" step="1"/><D94/><REACH who="0" ten="92,206,324,358" step="2"/><N who="1" m="54607" /><E107/><V43/><F43/><W33/><G95/><T65/><D65/><U76/><E106/><V45/><F61/><W98/><G93/><T24/><D24/><N who="1" m="14383" /><E87/><V92/><F92/><W47/><G27/><T118/><D118/><U29/><E29/><V100/><F30/><W119/><G28/><T126/><D126/><U110/><E110/><V83/><F31/><W23/><G119/><T26/><D26/><U78/><AGARI ba="1,2" hai="76,78,79,102,103" m="14383,54607,48201" machi="78" ten="30,2000,0" yaku="18,1,52,1" doraHai="42,13" who="1" fromWho="1" sc="92,-6,206,43,324,-11,358,-6" /><INIT seed="7,0,0,2,3,53" ten="86,249,313,352" oya="3" hai0="92,87,18,44,129,58,51,67,94,102,37,115,22" hai1="105,88,36,84,89,64,9,104,81,85,31,17,30" hai2="77,130,33,26,3,63,68,95,24,19,13,38,27" hai3="54,6,73,62,112,4,47,41,52,126,116,124,96"/><W7/><G112/><T76/><D115/><U108/><E108/><V10/><F38/><W39/><G73/><T34/><D34/><U46/><E64/><V80/><F130/><W69/><G116/><T65/><D129/><U42/><E105/><V118/><F118/><W21/><G21/><T72/><D72/><U79/><E104/><V121/><F121/><W28/><G28/><T93/><D37/><U107/><E107/><V74/><F95/><W35/><G35/><T61/><D76/><U97/><E97/><V106/><F106/><W45/><G96/><T59/><D67/><U50/><E36/><V70/><F3/><W100/><G100/><T57/><D102/><U2/><E79/><V123/><F33/><W86/><G86/><T25/><REACH who="0" step="1"/><D87/><REACH who="0" ten="76,249,313,352" step="2"/><U103/><E103/><V120/><F120/><W49/><G69/><T78/><D78/><U20/><E2/><V0/><F123/><W131/><G131/><T75/><D75/><U91/><E9/><V135/><F0/><W132/><G132/><T66/><D66/><U98/><E98/><V83/><F135/><W43/><G39/><T99/><D99/><U117/><E117/><V109/><F109/><W114/><G114/><T128/><D128/><U56/><E91/><V122/><F122/><W32/><G32/><T60/><D60/><U82/><E89/><V29/><F29/><N who="1" m="10761" /><E84/><V15/><F63/><W12/><G62/><T127/><D127/><N who="3" m="48681" /><G12/><N who="2" m="4681" /><F80/><W101/><G101/><T23/><D23/><U14/><E82/><V40/><F68/><W110/><G110/><T90/><D90/><U71/><E88/><RYUUKYOKU ba="0,1" sc="76,15,249,-15,313,-15,352,15" hai0="18,22,25,44,51,57,58,59,61,65,92,93,94" hai3="4,6,7,41,43,45,47,49,52,54" owari="91,-40.9,234,-16.6,298,9.8,377,47.7" /></mjloggm>