<mjloggm ver="2.3"><GO type="169" lobby="0"/><UN n0="%E3%81%9F%E3%81%8B%E3%81%AA" n1="%E3%81%94%E3%82%8B%E3%81%AF%E3%82%80%33%30" n2="%6B%61%74%65%72%69%6E%61" n3="%E2%84%83%2D%75%74%65" dan="19,17,16,17" rate="2244.74,2201.05,2113.90,2197.09" sx="M,F,M,M"/><TAIKYOKU oya="0"/><INIT seed="0,0,0,4,1,122" ten="250,250,250,250" oya="0" hai0="9,114,121,19,16,78,129,130,60,123,133,70,82" hai1="84,51,66,101,17,20,63,44,111,46,112,80,124" hai2="14,7,69,31,73,67,64,120,99,22,106,49,81" hai3="43,4,12,48,83,98,71,59,61,95,77,105,47"/><T6/><D114/><U2/><E112/><V33/><F120/><W89/><G105/><T128/><D133/><U110/><E2/><V103/><F69/><W40/><G71/><T5/><D121/><U18/><E101/><V76/><F33/><W88/><G43/><T10/><D123/><U90/><E124/><V119/><F119/><W35/><G35/><T91/><D91/><U65/><E17/><V94/><F31/><W132/><G132/><T26/><D60/><U39/><E39/><V34/><F34/><W25/><G25/><T117/><D70/><U108/><E63/><V28/><F28/><W45/><G45/><N who="1" m="17514" /><E51/><V109/><F49/><W113/><G113/><T13/><D117/><U126/><E126/><V11/><F22/><W68/><G68/><T37/><D37/><U118/><E118/><V86/><REACH who="2" step="1"/><F109/><REACH who="2" ten="250,250,240,250" step="2"/><W116/><G116/><T135/><D135/><U3/><E3/><V104/><F104/><W107/><G107/><T97/><D9/><U74/><E74/><V75/><F75/><W58/><G48/><T93/><D129/><U54/><E54/><V42/><F42/><W41/><G41/><T21/><D128/><U38/><E38/><V115/><F115/><W102/><G40/><T52/><D52/><U57/><E57/><V29/><F29/><W30/><G30/><T50/><D130/><U56/><E56/><V62/><F62/><W92/><G61/><T134/><D134/><U125/><E125/><V8/><F8/><W53/><G53/><T55/><D55/><U36/><E36/><V1/><F1/><W127/><G127/><RYUUKYOKU ba="0,1" sc="250,-15,250,15,240,15,250,-15" hai1="18,20,65,66,80,84,90,108,110,111" hai2="7,11,14,64,67,73,76,81,86,94,99,103,106" /><INIT seed="1,1,1,2,3,84" ten="235,265,255,235" oya="1" hai0="100,82,88,14,11,123,51,33,2,6,64,48,111" hai1="63,68,134,26,127,16,7,131,50,0,13,38,126" hai2="3,60,91,86,75,72,35,54,24,43,45,78,122" hai3="110,79,115,19,121,109,59,130,53,102,46,20,36"/><U12/><E38/><V44/><F122/><W99/><G121/><T80/><D123/><U105/><E105/><V66/><F3/><W22/><G115/><T106/><D33/><U41/><E131/><V135/><F135/><W129/><G79/><T28/><D28/><U101/><E101/><V4/><F4/><W83/><G83/><T77/><D111/><N who="3" m="42505" /><G46/><T10/><D64/><U128/><E128/><N who="3" m="49258" /><G19/><T97/><D80/><U18/><E134/><V125/><F125/><W39/><G39/><T94/><D82/><U133/><E133/><V96/><F78/><W112/><G36/><T52/><D77/><U87/><E18/><V58/><F75/><W47/><G47/><T92/><D106/><U17/><E17/><V104/><F72/><W25/><G25/><T40/><D40/><U55/><E41/><V37/><F45/><W15/><G15/><T1/><D1/><U49/><E0/><V132/><F132/><W116/><G116/><T93/><D93/><U31/><E7/><V74/><F74/><W118/><G118/><T119/><D119/><U85/><E126/><V5/><F5/><W61/><G112/><T30/><D30/><U120/><E120/><V98/><F43/><W57/><G57/><N who="0" m="32903" /><D2/><U71/><E127/><V42/><F42/><W69/><G69/><T65/><D14/><N who="1" m="5739" /><E31/><N who="2" m="19943" /><F37/><W117/><G117/><T76/><D6/><U21/><E71/><V107/><F44/><W114/><G114/><T124/><D124/><U89/><E68/><V95/><F58/><W103/><G103/><T113/><D113/><U8/><E16/><V90/><F107/><AGARI ba="1,1" hai="20,22,53,59,61,99,102,107" m="49258,42505" machi="107" ten="30,3900,0" yaku="6,1,14,1,19,1" doraHai="84" who="3" fromWho="2" sc="235,0,265,0,255,-42,235,52" /><INIT seed="2,0,0,0,3,31" ten="235,265,213,287" oya="2" hai0="75,90,56,70,135,73,61,19,5,130,110,43,126" hai1="15,84,13,53,69,58,6,55,114,91,29,28,33" hai2="108,0,2,132,106,60,92,77,17,44,1,49,54" hai3="101,104,32,120,10,97,118,102,48,74,40,121,59"/><V95/><F106/><W82/><G118/><T117/><D110/><U105/><E69/><V25/><F132/><W86/><G74/><T42/><D5/><U107/><E114/><V63/><F108/><W22/><G102/><T64/><D90/><U3/><E3/><V23/><F77/><W20/><G20/><T111/><D111/><U133/><E133/><V27/><F27/><W50/><G50/><T103/><D103/><U47/><E47/><V131/><F131/><W21/><G21/><T52/><D135/><U30/><E53/><V38/><F38/><W36/><G36/><T98/><D98/><U35/><E105/><V85/><F85/><W89/><G32/><T7/><D7/><U9/><E15/><V128/><F128/><W127/><G127/><T71/><D126/><U34/><E107/><V83/><REACH who="2" step="1"/><F83/><REACH who="2" ten="235,265,203,287" step="2"/><W122/><G82/><T72/><D130/><U62/><REACH who="1" step="1"/><E28/><REACH who="1" ten="235,255,203,287" step="2"/><V16/><F16/><W94/><G104/><T65/><D19/><U112/><E112/><V125/><F125/><W39/><G121/><T124/><D124/><U46/><E46/><V12/><F12/><W116/><G122/><T129/><D129/><U68/><E68/><V96/><F96/><W123/><G97/><T45/><D45/><U51/><E51/><V11/><F11/><W93/><G10/><T26/><D71/><U109/><E109/><V76/><F76/><W81/><G48/><T78/><D70/><U80/><AGARI ba="0,2" hai="6,9,13,29,30,33,34,35,55,58,62,80,84,91" machi="80" ten="30,8000,1" yaku="1,1,0,1,52,3,53,0" doraHai="31" doraHaiUra="66" who="1" fromWho="1" sc="235,-20,255,100,203,-40,287,-20" /><INIT seed="3,0,0,3,3,127" ten="215,355,163,267" oya="3" hai0="131,93,16,82,65,54,9,29,45,102,105,110,104" hai1="135,71,68,79,121,66,60,52,19,96,119,85,12" hai2="21,107,132,56,91,86,27,92,75,35,17,126,22" hai3="49,111,120,8,37,15,42,123,6,7,44,25,84"/><W55/><G111/><T20/><D65/><U124/><E121/><V81/><F126/><W2/><G6/><T30/><D110/><U115/><E124/><V14/><F107/><W63/><G63/><T101/><D93/><U11/><E115/><V26/><F132/><W57/><G2/><T134/><D82/><U130/><E135/><V106/><F106/><W33/><G33/><T78/><D78/><U40/><E40/><V129/><F35/><W70/><G70/><T74/><D74/><U76/><E119/><V69/><F69/><W83/><REACH who="3" step="1"/><G25/><REACH who="3" ten="215,355,163,257" step="2"/><T23/><D134/><U48/><E71/><V47/><F27/><W77/><AGARI ba="0,1" hai="7,8,15,37,42,44,49,55,57,77,83,84,120,123" machi="77" ten="20,18000,2" yaku="1,1,2,1,0,1,7,1,53,2" doraHai="127" doraHaiUra="118" who="3" fromWho="3" sc="215,-60,355,-60,163,-60,257,190" /><INIT seed="3,1,0,2,5,44" ten="155,295,103,447" oya="3" hai0="41,12,124,38,131,43,84,20,25,133,74,30,1" hai1="59,48,3,104,75,135,55,16,51,79,42,27,14" hai2="37,68,112,22,67,108,77,123,64,86,132,95,117" hai3="65,69,81,10,102,63,107,66,71,9,129,52,90"/><W58/><G129/><T0/><D74/><U23/><E3/><V114/><F22/><W80/><G102/><T60/><D124/><U87/><E104/><V97/><F37/><W49/><G107/><T99/><D133/><U31/><E75/><V6/><F6/><W120/><G120/><T134/><D134/><U91/><E79/><V113/><F132/><W5/><G90/><T28/><D99/><U89/><E135/><V40/><F68/><W101/><G101/><T46/><D41/><U118/><E118/><V39/><F117/><W100/><G100/><T21/><D131/><U122/><E122/><V126/><F123/><W35/><G35/><T94/><D60/><N who="1" m="35967" /><E42/><V96/><F126/><W61/><G9/><T109/><D109/><U98/><E98/><V53/><F108/><W83/><G83/><T62/><D62/><U121/><E89/><V72/><F72/><W127/><G127/><T56/><D0/><AGARI ba="1,0" hai="0,5,10,49,52,58,61,63,65,66,69,71,80,81" machi="0" ten="30,11600,0" yaku="7,1,9,1,52,1,54,1" doraHai="44" who="3" fromWho="0" sc="155,-119,295,0,103,0,447,119" /><INIT seed="3,2,0,5,3,7" ten="36,295,103,566" oya="3" hai0="71,33,18,70,29,37,81,68,73,3,93,5,58" hai1="8,56,55,9,118,135,39,84,51,0,134,130,69" hai2="78,50,44,15,96,17,46,2,40,115,104,76,38" hai3="117,60,88,133,42,116,95,120,36,41,101,109,127"/><W83/><G120/><T114/><D18/><U97/><E130/><V74/><F115/><W65/><G127/><T19/><D19/><U106/><E39/><V123/><F2/><W79/><G101/><T48/><D93/><U57/><E69/><V13/><F123/><W1/><G1/><T92/><D92/><U128/><E128/><V52/><F74/><W23/><G133/><N who="1" m="50698" /><E118/><V80/><F80/><W103/><G103/><T30/><D114/><U35/><E35/><V107/><F15/><W64/><G64/><T66/><D37/><U124/><E124/><V85/><F96/><W132/><G132/><T111/><D33/><U131/><E131/><V49/><F38/><W90/><G23/><T87/><D73/><U125/><E125/><V53/><F40/><W32/><G41/><T105/><D105/><U43/><E43/><V14/><REACH who="2" step="1"/><F17/><REACH who="2" ten="36,295,93,566" step="2"/><W108/><G42/><T98/><D98/><U89/><E0/><V129/><F129/><W86/><G36/><T26/><D3/><U62/><E97/><V28/><F28/><W82/><G82/><T10/><D29/><U22/><E106/><V75/><F75/><W126/><G83/><T102/><D81/><N who="1" m="49295" /><E22/><V91/><F91/><W45/><G90/><T113/><D113/><U6/><E6/><V54/><F54/><AGARI ba="2,1" hai="8,9,51,54,55,56,57,62" m="49295,50698" machi="54" ten="30,3900,0" yaku="20,1,52,2" doraHai="7" who="1" fromWho="2" sc="36,0,295,55,93,-45,566,0" /><INIT seed="4,0,0,2,5,98" ten="36,350,48,566" oya="0" hai0="50,112,103,119,13,9,111,99,66,8,60,11,108" hai1="0,33,28,59,94,70,30,18,91,64,114,68,31" hai2="1,126,131,17,58,96,95,38,40,132,90,120,93" hai3="127,51,97,128,41,15,36,73,2,92,109,86,24"/><T123/><D119/><U87/><E33/><V27/><F120/><W55/><G73/><T76/><D123/><U117/><E117/><V48/><F1/><W21/><G2/><T88/><D76/><U5/><E5/><V43/><F131/><W65/><G65/><T74/><D74/><U79/><E0/><V32/><F132/><W46/><G109/><N who="0" m="42059" /><D50/><U4/><E4/><V22/><F126/><W130/><G15/><T104/><D112/><U56/><E79/><V25/><F38/><W49/><G86/><T81/><D81/><U12/><E114/><V69/><F69/><W42/><G51/><T113/><D113/><U62/><REACH who="1" step="1"/><E70/><REACH who="1" ten="36,340,48,566" step="2"/><V125/><F32/><W3/><G3/><T134/><D134/><U19/><E19/><V29/><F17/><W100/><G128/><T118/><D118/><U72/><E72/><V110/><F110/><W44/><G130/><T34/><D34/><U61/><E61/><V10/><F29/><W54/><G127/><T80/><D60/><U26/><E26/><V63/><F27/><W105/><G24/><T106/><D106/><U37/><E37/><V14/><F25/><W78/><G105/><T85/><D66/><U116/><E116/><V129/><F63/><W83/><G78/><T45/><D45/><U115/><E115/><V82/><F129/><W84/><G36/><T135/><D135/><U57/><E57/><V7/><F58/><W6/><G44/><T124/><D124/><U16/><E16/><AGARI ba="0,1" hai="8,9,11,13,16,80,85,88,99,103,104" m="42059" machi="16" ten="30,11600,0" yaku="10,1,52,1,54,2" doraHai="98" who="0" fromWho="1" sc="36,126,340,-116,48,0,566,0" /><INIT seed="4,1,0,0,3,107" ten="162,224,48,566" oya="0" hai0="44,57,99,47,132,33,11,43,128,82,64,106,97" hai1="124,17,31,133,119,61,24,20,14,7,121,94,75" hai2="127,111,71,134,8,5,116,102,70,90,37,4,53" hai3="113,130,59,83,30,58,45,15,98,88,72,89,63"/><T62/><D33/><U6/><E119/><V129/><F111/><W80/><G30/><T18/><D128/><U25/><E121/><V122/><F122/><W77/><G113/><T2/><D132/><U114/><E133/><V35/><F134/><W117/><G130/><T19/><D2/><U135/><E135/><V109/><F129/><W79/><G117/><T51/><D106/><U42/><E114/><V118/><F102/><W95/><G45/><T108/><D108/><U69/><E75/><V67/><F109/><W32/><G32/><T38/><D82/><U39/><E42/><V66/><F35/><W40/><G40/><T22/><D11/><U123/><E39/><V126/><F8/><W50/><G50/><T10/><D10/><U9/><E124/><V1/><F53/><W3/><G3/><T36/><D18/><U28/><E123/><V48/><F48/><W55/><G59/><T125/><D125/><U23/><E94/><V56/><F56/><W115/><G15/><T68/><D47/><U101/><E101/><V86/><F1/><W84/><G115/><T0/><D0/><U76/><E76/><V65/><F65/><AGARI ba="1,0" hai="6,7,9,14,17,20,23,24,25,28,31,61,65,69" machi="65" ten="40,1300,0" yaku="9,1" doraHai="107" who="1" fromWho="2" sc="162,0,224,16,48,-16,566,0" /><INIT seed="5,0,0,3,2,126" ten="162,240,32,566" oya="1" hai0="72,33,34,25,39,86,108,78,59,48,38,135,3" hai1="17,109,81,52,57,43,58,133,29,69,107,114,82" hai2="96,31,51,66,99,97,23,127,13,60,85,53,47" hai3="45,32,41,44,56,129,28,104,2,110,90,75,54"/><U122/><E122/><V36/><F127/><W93/><G45/><T55/><D108/><U12/><E69/><V22/><F36/><W94/><G94/><T37/><D3/><U7/><E109/><V11/><F31/><W128/><G104/><T115/><D72/><U103/><E43/><V125/><F125/><W84/><G75/><T30/><D115/><U124/><E124/><V16/><REACH who="2" step="1"/><F85/><REACH who="2" ten="162,240,22,566" step="2"/><W62/><G28/><T65/><D37/><U40/><E29/><V19/><F19/><W42/><G84/><T15/><D38/><U26/><E17/><V116/><F116/><W20/><G110/><T76/><D39/><U130/><E114/><V35/><F35/><W132/><G32/><T21/><D34/><U95/><E133/><V113/><F113/><W68/><G132/><T61/><D135/><U91/><E7/><V87/><F87/><W27/><G41/><T105/><D86/><U4/><E40/><V83/><F83/><W120/><G42/><T131/><D33/><U64/><E81/><V9/><F9/><W123/><G123/><T49/><D30/><U80/><E80/><V6/><F6/><W121/><G121/><T24/><D76/><U0/><E82/><V10/><F10/><W118/><G118/><T14/><D78/><U63/><E4/><V134/><F134/><W71/><G120/><T5/><D5/><U88/><E0/><V117/><F117/><W106/><G2/><T73/><D73/><U1/><E1/><V67/><F67/><W101/><G20/><T89/><D65/><U112/><E64/><V74/><F74/><RYUUKYOKU ba="0,1" sc="162,-10,240,-10,22,30,566,-10" hai2="11,13,16,22,23,47,51,53,60,66,96,97,99" /><INIT seed="6,1,1,4,4,27" ten="152,230,52,556" oya="2" hai0="98,95,62,53,74,119,30,94,21,6,36,57,76" hai1="8,103,84,38,48,41,35,68,117,77,15,82,72" hai2="7,23,97,92,112,19,45,33,54,121,51,105,31" hai3="134,28,108,88,13,125,115,3,99,17,20,59,42"/><V66/><F112/><W4/><G42/><T2/><D36/><U73/><E117/><V70/><F121/><W109/><G59/><T127/><D119/><U102/><E35/><V86/><F105/><W44/><G44/><T123/><D123/><U64/><E38/><V32/><F7/><W91/><G4/><T83/><D127/><U80/><E64/><V110/><F110/><W69/><G3/><T106/><D106/><U47/><E68/><V26/><F86/><W39/><G69/><T130/><D130/><U10/><E10/><V81/><F81/><W43/><G43/><T12/><D98/><U107/><E107/><V55/><F55/><W90/><G99/><T22/><D22/><U24/><E24/><V46/><F46/><W0/><G20/><T120/><D120/><U131/><E131/><V129/><F129/><W87/><G87/><T14/><D2/><U29/><E72/><V1/><F1/><W104/><G0/><T5/><D5/><U111/><E111/><V25/><F33/><W18/><G39/><T122/><D122/><U126/><E126/><V133/><F133/><W34/><G134/><T114/><D114/><U113/><E113/><V52/><F54/><W56/><G34/><T79/><D79/><U85/><E73/><V101/><REACH who="2" step="1"/><F70/><REACH who="2" ten="152,230,42,556" step="2"/><W118/><G115/><T60/><D6/><U116/><E80/><V128/><F128/><W65/><G109/><T93/><D53/><U37/><E82/><V71/><F71/><W67/><G108/><T9/><D83/><U50/><E116/><V78/><F78/><W132/><G118/><RYUUKYOKU ba="1,2" sc="152,-10,230,-10,42,30,556,-10" hai2="19,23,25,26,31,32,45,51,52,66,92,97,101" /><INIT seed="6,2,2,3,5,105" ten="142,220,72,546" oya="2" hai0="102,57,25,87,32,21,45,128,119,66,55,56,92" hai1="95,126,1,81,72,123,15,5,40,89,80,110,36" hai2="11,34,13,50,122,133,37,33,113,18,74,61,58" hai3="125,107,71,7,131,3,39,51,49,8,41,59,43"/><V75/><F122/><W134/><G107/><T62/><D32/><U135/><E110/><V79/><F37/><W77/><G71/><T53/><D128/><U104/><E104/><V93/><F113/><W83/><G43/><T47/><D119/><U112/><E112/><V31/><F133/><W54/><G125/><T38/><D38/><U108/><E108/><V46/><F93/><W0/><G0/><T96/><D87/><U16/><E123/><V27/><F34/><W70/><G70/><T121/><D121/><U35/><E35/><V99/><F99/><W88/><G51/><N who="0" m="30847" /><D53/><U2/><E126/><V22/><F79/><W17/><G17/><AGARI ba="2,2" hai="17,21,25,45,47,57,62,66,92,96,102" m="30847" machi="17" ten="30,1000,0" yaku="8,1" doraHai="105" who="0" fromWho="3" sc="142,36,220,0,72,0,546,-16" /><INIT seed="7,0,0,4,0,21" ten="178,220,72,530" oya="3" hai0="76,44,91,73,131,22,45,69,27,104,105,49,56" hai1="23,84,93,35,28,99,4,129,107,117,89,16,17" hai2="41,113,100,94,10,60,30,36,72,111,64,12,134" hai3="80,106,133,74,109,25,50,86,123,85,43,122,127"/><W15/><G15/><T5/><D69/><U70/><E70/><V37/><F111/><W81/><G50/><T63/><D5/><U2/><E129/><V78/><F113/><W82/><G43/><T19/><D131/><U79/><E117/><V6/><F134/><W75/><G25/><T0/><D0/><U61/><E61/><V62/><F62/><W66/><G66/><T59/><D73/><U9/><E35/><V95/><F78/><W8/><G8/><T98/><D76/><U42/><E42/><V114/><F72/><W14/><G14/><T46/><D49/><U132/><E132/><V88/><F114/><W103/><G133/><T90/><D56/><U101/><E79/><V120/><F120/><W53/><G53/><T97/><D104/><U24/><AGARI ba="0,0" hai="2,4,9,16,17,23,24,28,84,89,93,99,101,107" machi="24" ten="30,4000,0" yaku="0,1,52,1,54,1" doraHai="21" who="1" fromWho="1" sc="178,-10,220,40,72,-10,530,-20" owari="168,-23.2,260,6.0,62,-43.8,510,61.0" /></mjloggm>