<mjloggm ver="2.3"><GO type="169" lobby="0"/><UN n0="%6C%61%79%65%72%38%31" n1="%72%65%62%65%65%72" n2="%E7%94%9F%E5%BE%92%E4%BC%9A%E3%80%90%E5%BA%8F%E3%80%91" n3="%64%6F%6F%6F%6F%77%79%31" dan="17,16,17,16" rate="2139.59,2166.54,2152.52,2193.74" sx="M,M,M,M"/><TAIKYOKU oya="0"/><INIT seed="0,0,0,3,2,105" ten="250,250,250,250" oya="0" hai0="39,93,41,70,135,69,71,60,51,23,32,50,24" hai1="113,58,68,89,48,63,22,134,133,36,77,121,97" hai2="80,6,98,29,33,107,90,114,112,126,11,35,9" hai3="3,59,66,78,75,4,127,128,122,86,17,52,30"/><T96/><D135/><U87/><E36/><V79/><F126/><W13/><G127/><T84/><D84/><U21/><E121/><V44/><F11/><W104/><G122/><T99/><D32/><U42/><E68/><V67/><F67/><W100/><G128/><T119/><D119/><U88/><E113/><V92/><F107/><W82/><G66/><T16/><D96/><U27/><E42/><V45/><F112/><W83/><G30/><T20/><D60/><U7/><E48/><V54/><F29/><W5/><G3/><T1/><D1/><U76/><E7/><V40/><F45/><W94/><G104/><T132/><D132/><N who="1" m="50795" /><E21/><V18/><F54/><W31/><G31/><T120/><D120/><U118/><E97/><V111/><F18/><W56/><G56/><T102/><REACH who="0" step="1"/><D23/><REACH who="0" ten="240,250,250,250" step="2"/><U106/><E118/><V2/><F114/><W12/><G86/><T73/><D73/><U53/><E106/><V47/><F111/><W10/><G75/><T108/><D108/><U95/><E89/><V37/><F44/><AGARI ba="0,1" hai="16,20,24,39,41,44,50,51,69,70,71,93,99,102" machi="44" ten="40,3900,0" yaku="1,1,54,1,53,0" doraHai="105" doraHaiUra="115" who="0" fromWho="2" sc="240,49,250,0,250,-39,250,0" /><INIT seed="0,1,0,3,1,72" ten="289,250,211,250" oya="0" hai0="98,6,0,121,130,12,70,10,129,112,120,88,100" hai1="20,73,105,49,116,31,75,14,5,111,36,74,41" hai2="64,43,113,62,1,42,103,34,22,68,30,84,110" hai3="52,16,117,83,94,26,76,8,92,90,85,119,106"/><T118/><D112/><U44/><E116/><V93/><F113/><W77/><G106/><T131/><D70/><U99/><E111/><V48/><F110/><W67/><G67/><T58/><D118/><U37/><E31/><V133/><F1/><W89/><G119/><T3/><D58/><U91/><E20/><V24/><F133/><W63/><G117/><T135/><D135/><U59/><E59/><V32/><F32/><W18/><G83/><T27/><D100/><U7/><E14/><V78/><F48/><W54/><G63/><T69/><D69/><U21/><E21/><V132/><F132/><W29/><G29/><T81/><D27/><U82/><E105/><V39/><F39/><W122/><G122/><N who="0" m="47211" /><D98/><U86/><REACH who="1" step="1"/><E99/><REACH who="1" ten="289,240,211,250" step="2"/><V11/><F34/><W107/><G107/><T23/><D23/><U66/><E66/><V47/><F22/><N who="3" m="13639" /><G8/><T61/><D61/><U97/><E97/><N who="2" m="59823" /><F11/><W79/><G18/><T65/><D65/><U45/><E45/><V71/><F71/><W55/><G55/><T33/><D33/><U115/><E115/><V9/><F9/><W2/><G2/><T114/><D114/><U13/><E13/><V57/><F47/><W95/><G95/><T108/><D108/><U53/><E53/><V40/><F68/><W125/><G125/><T101/><D101/><U56/><E56/><V104/><F104/><W17/><G17/><T123/><D123/><U102/><E102/><V15/><F15/><W60/><G60/><T87/><AGARI ba="1,1" hai="0,3,6,10,12,81,87,88,129,130,131" m="47211" machi="87" ten="40,3900,0" yaku="19,1,54,1" doraHai="72" who="0" fromWho="0" sc="289,52,240,-14,211,-14,250,-14" /><INIT seed="0,2,0,3,5,9" ten="341,226,197,236" oya="0" hai0="67,71,57,12,79,129,62,24,31,84,49,103,4" hai1="45,35,134,56,58,27,107,124,125,44,37,63,81" hai2="108,76,38,89,52,14,130,85,47,30,133,78,132" hai3="61,68,41,83,65,86,20,102,3,135,74,43,90"/><T72/><D129/><U36/><E107/><V127/><F130/><W128/><G128/><T73/><D103/><U111/><E81/><V59/><F108/><W91/><G135/><N who="2" m="51785" /><F30/><W93/><G3/><T101/><D101/><U23/><E35/><V96/><F96/><W113/><G113/><T109/><D109/><U120/><E134/><V115/><F115/><W25/><G102/><T2/><D2/><U48/><E23/><V92/><F127/><N who="1" m="48713" /><E27/><V39/><F14/><W13/><G13/><T88/><D79/><N who="2" m="30250" /><F47/><N who="1" m="17993" /><E120/><V11/><F11/><W80/><G74/><T29/><D73/><U122/><E122/><V118/><F118/><W50/><G50/><AGARI ba="2,0" hai="38,39,50,52,59,85,89,92" m="30250,51785" machi="50" ten="30,2000,0" yaku="20,1,54,1" doraHai="9" who="2" fromWho="3" sc="341,0,226,0,197,26,236,-26" /><INIT seed="1,0,0,0,2,109" ten="341,226,223,210" oya="1" hai0="12,120,70,102,40,75,31,115,101,5,116,32,94" hai1="74,129,1,49,57,62,14,76,99,119,127,45,90" hai2="53,132,77,15,25,111,107,29,7,82,6,41,43" hai3="114,112,87,26,33,110,56,79,113,17,91,18,71"/><U84/><E119/><V131/><F111/><W21/><G110/><T54/><D75/><U44/><E1/><V125/><F107/><W83/><G71/><T88/><D70/><U130/><E127/><V27/><F125/><W89/><G33/><T4/><D40/><U23/><E99/><V47/><F132/><W104/><G104/><T95/><D95/><U105/><E105/><V2/><F2/><W69/><G69/><T126/><D120/><U28/><E76/><V96/><F96/><W118/><G118/><T106/><D106/><U103/><E103/><V52/><F131/><N who="1" m="50185" /><E74/><V93/><F93/><W48/><REACH who="3" step="1"/><G18/><REACH who="3" ten="341,226,223,200" step="2"/><T85/><D116/><U80/><E28/><V63/><F29/><W30/><G30/><T68/><D31/><U135/><E135/><V86/><F6/><W128/><G128/><T38/><D32/><U20/><E20/><V124/><F124/><W59/><G59/><T37/><D68/><U22/><E22/><V64/><F47/><W100/><G100/><T123/><D126/><U10/><E23/><V65/><F7/><W92/><G92/><T67/><D5/><N who="1" m="3407" /><E49/><V122/><F122/><W60/><G60/><T9/><D123/><U117/><E117/><V81/><F63/><W121/><G121/><T73/><D4/><U97/><E97/><V55/><F82/><W11/><G11/><T46/><D101/><U78/><E44/><V19/><F19/><W16/><G16/><T51/><D102/><U36/><E45/><V133/><F133/><W24/><G24/><N who="2" m="9289" /><F15/><W61/><G61/><T39/><D46/><U8/><E62/><RYUUKYOKU ba="0,1" sc="341,-15,226,-15,223,15,200,15" hai2="41,43,52,53,55,64,65,77,81,86" hai3="17,21,26,48,56,79,83,87,89,91,112,113,114" /><INIT seed="2,1,1,3,1,1" ten="326,211,238,215" oya="2" hai0="120,122,107,57,21,123,133,116,22,67,62,53,11" hai1="99,83,71,38,18,101,95,68,108,17,100,118,65" hai2="37,125,51,110,7,134,115,20,72,30,135,59,19" hai3="126,4,58,103,29,121,40,46,48,94,52,23,34"/><V102/><F72/><W49/><G121/><T70/><D107/><U106/><E38/><V45/><F115/><W90/><G126/><T119/><D11/><U66/><E108/><V6/><F125/><W79/><G34/><T63/><REACH who="0" step="1"/><D133/><REACH who="0" ten="316,211,238,215" step="2"/><N who="2" m="50698" /><F110/><W98/><G79/><T28/><D28/><U112/><E106/><V131/><F30/><W42/><G4/><N who="2" m="1577" /><F131/><W3/><G3/><T84/><D84/><U76/><E76/><V47/><F102/><W104/><G104/><T69/><D69/><U14/><E68/><V114/><F114/><W10/><G10/><T12/><D12/><U92/><E71/><V132/><F132/><W77/><G77/><T97/><D97/><U86/><E14/><N who="2" m="9335" /><F37/><W80/><G29/><T2/><D2/><U9/><E112/><V26/><F26/><W93/><G23/><AGARI ba="1,2" hai="21,22,23,53,57,62,63,67,70,116,119,120,122,123" machi="23" ten="50,3200,0" yaku="1,1,53,1" doraHai="1" doraHaiUra="50" who="0" fromWho="3" sc="316,55,211,0,238,0,215,-35" /><INIT seed="3,0,0,5,3,34" ten="371,211,238,180" oya="3" hai0="14,99,50,119,9,1,107,8,78,123,29,104,125" hai1="131,118,19,65,24,13,101,133,0,91,109,21,66" hai2="134,48,111,86,28,53,135,30,79,39,7,5,41" hai3="11,2,87,92,70,77,113,81,45,130,83,97,82"/><W122/><G70/><T63/><D119/><U32/><E118/><V68/><F68/><W115/><G122/><T60/><D125/><U120/><E120/><V20/><F111/><W110/><G110/><T17/><D29/><U31/><E109/><V114/><F114/><W42/><G130/><T94/><D78/><U55/><E131/><V57/><F39/><W98/><G113/><T106/><D50/><U102/><E133/><N who="2" m="50699" /><F41/><W85/><G115/><T6/><REACH who="0" step="1"/><D123/><REACH who="0" ten="361,211,238,180" step="2"/><U52/><E32/><V16/><F79/><W88/><G77/><T129/><D129/><U23/><E0/><V103/><F30/><W44/><G97/><T40/><D40/><U96/><E91/><AGARI ba="0,1" hai="1,6,8,9,14,17,60,63,91,94,99,104,106,107" machi="91" ten="40,2600,0" yaku="1,1,52,1,53,0" doraHai="34" doraHaiUra="38" who="0" fromWho="1" sc="361,36,211,-26,238,0,180,0" /><INIT seed="4,0,0,4,4,107" ten="397,185,238,180" oya="0" hai0="7,42,98,53,115,75,128,41,76,97,20,4,17" hai1="0,56,101,133,78,43,68,10,62,126,117,72,103" hai2="3,122,118,102,19,61,11,80,9,32,50,2,39" hai3="89,132,66,86,14,36,127,99,23,131,114,58,15"/><T37/><D115/><U125/><E117/><V90/><F39/><W44/><G114/><T73/><D76/><U34/><E34/><V28/><F90/><W59/><G131/><T65/><D128/><U6/><E68/><V8/><F80/><W87/><G132/><T49/><D65/><U67/><E133/><V77/><F50/><W30/><G127/><N who="1" m="48650" /><E43/><V71/><F61/><W104/><G36/><T63/><D63/><U70/><E56/><V40/><F77/><W94/><G44/><T48/><D20/><U64/><E64/><V54/><F54/><W60/><G58/><T105/><D17/><U83/><AGARI ba="0,0" hai="0,6,10,62,67,70,72,78,83,101,103" m="48650" machi="83" ten="30,2000,0" yaku="18,1,52,1" doraHai="107" who="1" fromWho="1" sc="397,-10,185,20,238,-5,180,-5" /><INIT seed="5,0,0,3,4,7" ten="387,205,233,175" oya="1" hai0="68,50,44,84,55,57,29,127,81,131,64,90,88" hai1="46,65,12,10,96,118,43,89,93,120,98,41,107" hai2="25,133,38,100,111,102,109,63,15,125,33,18,45" hai3="135,132,40,3,86,126,1,73,119,20,85,108,115"/><U62/><E118/><V122/><F122/><W70/><G119/><T28/><D127/><U13/><E120/><V103/><F125/><W0/><G126/><T94/><D131/><U117/><E117/><V19/><F133/><N who="3" m="51275" /><G73/><T123/><D68/><U30/><E30/><V36/><F63/><W91/><G70/><T58/><D123/><U60/><E13/><V112/><F112/><W77/><G115/><T39/><D39/><U17/><E41/><V8/><F45/><W72/><G108/><T71/><D71/><U22/><E22/><V97/><F97/><W95/><G40/><T134/><D134/><U92/><E107/><V51/><F51/><W74/><G20/><T5/><D5/><U69/><E65/><V14/><F25/><W9/><G9/><T23/><D64/><U130/><E130/><V76/><F76/><W129/><G129/><T83/><D83/><AGARI ba="0,0" hai="0,1,3,72,74,77,83,85,86,91,95" m="51275" machi="83" ten="40,1300,0" yaku="20,1" doraHai="7" who="3" fromWho="0" sc="387,-13,205,0,233,0,175,13" /><INIT seed="6,0,0,1,5,107" ten="374,205,233,188" oya="2" hai0="78,134,72,101,29,32,12,51,21,18,10,2,13" hai1="4,7,113,69,86,31,50,15,27,36,64,121,93" hai2="70,94,55,26,11,58,47,5,28,65,99,53,129" hai3="25,90,92,52,109,95,105,74,97,132,45,54,81"/><V39/><F129/><W8/><G109/><T9/><D101/><U131/><E36/><V83/><F70/><W114/><G132/><T42/><D134/><U111/><E111/><V34/><F83/><W56/><G105/><T87/><D72/><U19/><E113/><V135/><F135/><W59/><G114/><T48/><D2/><U91/><E131/><V104/><F104/><W16/><G74/><T3/><D3/><U85/><E85/><V88/><F65/><W115/><G115/><T17/><D32/><U108/><E108/><V130/><F130/><W82/><G45/><T96/><D96/><U41/><E121/><V110/><F110/><W0/><G95/><T124/><D124/><U126/><E126/><V68/><F68/><W24/><G0/><T20/><D42/><U120/><E120/><V84/><F99/><W44/><G44/><T100/><D100/><U75/><E75/><V49/><F39/><W77/><G77/><T30/><D87/><U117/><E117/><V67/><F67/><W80/><G56/><T119/><D78/><U23/><E64/><V6/><REACH who="2" step="1"/><F11/><REACH who="2" ten="374,205,223,188" step="2"/><W35/><G35/><T123/><D123/><U61/><E69/><V133/><F133/><W116/><G116/><AGARI ba="0,1" hai="9,10,12,13,17,18,20,21,29,30,48,51,116,119" machi="116" ten="25,1600,0" yaku="22,2" doraHai="107" who="0" fromWho="3" sc="374,26,205,0,223,0,188,-16" /><INIT seed="7,0,0,2,0,44" ten="400,205,223,172" oya="3" hai0="124,126,54,59,111,30,72,112,10,17,95,36,28" hai1="37,117,97,73,20,133,18,56,119,76,86,52,22" hai2="93,104,88,12,16,11,69,47,9,101,31,105,98" hai3="74,63,120,121,2,70,131,45,84,91,19,75,1"/><W33/><G131/><T14/><D111/><U79/><E133/><V57/><F69/><W51/><G33/><T132/><D72/><U103/><E37/><V25/><F57/><W81/><G74/><T94/><D36/><U130/><E86/><V99/><F47/><W102/><G102/><T60/><D112/><U62/><E22/><V96/><F9/><W109/><G109/><T106/><D106/><N who="1" m="63855" /><E73/><V100/><F25/><W83/><G19/><T29/><D132/><U26/><E130/><V68/><F68/><W49/><G1/><T61/><D61/><U34/><E34/><V125/><F125/><AGARI ba="0,0" hai="10,14,17,28,29,30,54,59,60,94,95,124,125,126" machi="125" ten="40,1300,0" yaku="18,1" doraHai="44" who="0" fromWho="2" sc="400,13,205,0,223,-13,172,0" owari="413,51.3,205,-19.5,210,1.0,172,-32.8" /></mjloggm>