<mjloggm ver="2.3"><GO type="169" lobby="0"/><UN n0="%E3%81%97%E3%82%82%E3%82%93%E3%81%AC" n1="%E3%83%8F%E3%83%B3%E3%83%81%E3%83%A7%E3%82%A6%E5%A4%A7%E6%A7%BB" n2="%4F%4D%41%4E%54%41" n3="%E3%81%95%E3%81%8D%E3%81%8A%E3%80%82" dan="16,16,17,16" rate="2206.13,2102.56,2179.68,2165.26" sx="M,M,M,M"/><TAIKYOKU oya="0"/><INIT seed="0,0,0,2,3,83" ten="250,250,250,250" oya="0" hai0="113,105,122,50,119,100,118,75,116,40,86,31,96" hai1="0,1,107,128,117,46,99,26,19,124,89,62,127" hai2="10,20,57,133,85,115,78,8,30,16,53,131,76" hai3="88,14,41,47,125,39,25,112,111,104,15,49,23"/><T33/><D113/><U82/><E117/><V77/><F115/><W45/><G104/><T58/><D122/><U92/><E128/><V54/><F131/><W126/><G111/><T66/><D75/><U6/><E6/><V121/><F121/><W67/><G67/><T95/><D40/><U109/><E109/><V12/><F133/><W4/><G112/><T102/><D102/><U13/><E26/><N who="2" m="16711" /><F8/><W97/><G4/><T130/><D130/><U84/><E62/><N who="2" m="36143" /><F54/><W110/><G110/><T73/><D73/><U64/><E64/><V7/><F7/><W72/><G72/><T43/><D43/><U81/><E46/><V28/><F28/><W36/><G36/><T61/><D50/><U17/><E107/><V59/><F59/><W114/><G47/><T94/><REACH who="0" step="1"/><D86/><AGARI ba="0,0" hai="10,12,16,76,77,78,85,86" m="36143,16711" machi="86" ten="30,7700,0" yaku="8,1,52,2,54,1" doraHai="83" who="2" fromWho="0" sc="250,-77,250,0,250,77,250,0" /><INIT seed="1,0,0,4,1,15" ten="173,250,327,250" oya="1" hai0="62,130,38,92,39,52,91,119,108,135,114,44,51" hai1="97,99,113,77,14,11,129,35,68,127,36,122,23" hai2="75,33,8,55,70,76,120,20,84,47,117,125,107" hai3="123,49,28,106,3,45,132,85,34,61,57,58,96"/><U65/><E113/><V103/><F33/><W31/><G3/><T0/><D114/><U133/><E122/><V73/><F120/><W100/><G132/><T60/><D119/><U118/><E118/><V4/><F70/><W17/><G123/><T32/><D32/><U40/><E35/><V124/><F117/><W59/><G61/><T110/><D0/><U29/><E77/><V21/><F84/><W69/><G69/><T74/><D74/><U43/><E68/><V5/><F103/><W111/><G85/><T81/><D81/><U25/><E65/><V134/><F107/><W6/><G6/><T16/><D135/><U112/><E112/><V46/><F55/><W115/><G115/><T78/><D78/><U72/><E72/><V42/><F76/><W26/><G111/><N who="0" m="42539" /><D130/><U80/><E80/><V83/><F83/><W101/><G101/><T1/><D1/><U87/><E129/><V88/><F134/><W56/><N who="3" m="14336" /><DORA hai="37" /><W105/><G105/><T93/><D93/><U41/><E36/><N who="0" m="13865" /><D16/><N who="1" m="8287" /><E133/><V22/><F22/><W79/><G79/><T50/><D50/><U53/><E127/><V66/><F66/><W71/><G71/><T131/><D131/><U98/><E53/><V24/><F73/><W30/><REACH who="3" step="1"/><G17/><REACH who="3" ten="173,250,327,240" step="2"/><T109/><D109/><U104/><E104/><V9/><F75/><W90/><G90/><T121/><D121/><U13/><E87/><AGARI ba="0,1" hai="44,51,52,60,62,87,91,92" m="13865,42539" machi="87" ten="30,2000,0" yaku="14,1,54,1" doraHai="15,37" who="0" fromWho="1" sc="173,30,250,-20,327,0,240,0" /><INIT seed="2,0,0,3,3,101" ten="203,230,327,240" oya="2" hai0="84,119,122,34,30,123,14,9,7,104,62,59,99" hai1="100,24,102,78,82,94,83,6,45,67,88,18,46" hai2="86,47,41,118,13,21,32,128,130,111,68,91,57" hai3="12,51,3,36,98,33,38,43,81,11,37,76,44"/><V96/><F68/><W120/><G33/><T26/><D119/><U64/><E6/><V56/><F32/><W25/><G25/><T112/><D112/><U133/><E133/><V0/><F0/><W10/><G120/><T63/><D84/><U4/><E4/><V121/><F121/><W114/><G114/><T27/><D27/><U15/><E24/><V95/><F118/><W2/><G98/><T93/><D62/><U50/><E78/><V72/><F72/><W5/><REACH who="3" step="1"/><G11/><REACH who="3" ten="203,230,327,230" step="2"/><T28/><D28/><U52/><E102/><V87/><F96/><W16/><G16/><T58/><D99/><N who="1" m="57799" /><E100/><V116/><F116/><W17/><G17/><T48/><D26/><U90/><E45/><V22/><F47/><W109/><G109/><T49/><D34/><U19/><E19/><V110/><F111/><W53/><G53/><T97/><D30/><U106/><E67/><V105/><F110/><W70/><G70/><T79/><D97/><U31/><E64/><V42/><F21/><W115/><G115/><T39/><D9/><N who="1" m="6511" /><E31/><V54/><F54/><W85/><AGARI ba="0,1" hai="2,3,5,10,12,36,37,38,43,44,51,76,81,85" machi="85" ten="30,8000,1" yaku="1,1,0,1,25,2,53,1" doraHai="101" doraHaiUra="77" who="3" fromWho="3" sc="203,-20,230,-20,327,-40,230,90" /><INIT seed="3,0,0,1,0,45" ten="183,210,287,320" oya="3" hai0="108,62,7,38,93,56,68,37,36,4,104,114,99" hai1="57,10,113,47,133,12,6,52,131,50,9,27,94" hai2="79,22,21,122,126,134,25,51,74,66,101,30,135" hai3="16,123,77,83,70,2,90,64,132,120,48,119,1"/><W23/><G119/><T86/><D108/><U71/><E113/><V121/><F101/><W69/><G132/><N who="2" m="50729" /><F66/><W58/><G90/><T81/><D68/><U15/><E71/><V100/><F100/><W35/><G35/><T61/><D104/><U55/><E131/><V63/><F63/><W95/><G95/><T89/><D114/><U78/><E133/><V130/><F74/><W116/><G116/><T117/><D117/><U13/><E78/><V105/><F79/><W127/><G127/><T125/><D125/><U46/><E94/><V40/><F105/><W129/><G129/><T43/><D43/><U84/><E84/><V49/><F130/><W85/><G69/><T44/><D44/><U8/><E27/><N who="2" m="16751" /><F40/><W26/><G70/><T31/><D31/><U87/><E87/><V67/><F67/><W41/><G64/><T106/><D106/><U73/><E73/><V32/><F32/><W91/><G77/><T0/><D0/><U111/><E111/><V65/><F65/><W128/><G128/><T102/><REACH who="0" step="1"/><D61/><REACH who="0" ten="173,210,287,320" step="2"/><N who="1" m="36007" /><E46/><V3/><F3/><W33/><G41/><T92/><D92/><U39/><E39/><V80/><F80/><W75/><G75/><T115/><D115/><U28/><E28/><N who="2" m="17463" /><F126/><W82/><G82/><T24/><D24/><U34/><E34/><V72/><F72/><W98/><G33/><T29/><D29/><U59/><E47/><V110/><F110/><W60/><G60/><T97/><D97/><U118/><E118/><V11/><F121/><N who="3" m="46667" /><G98/><T54/><AGARI ba="0,1" hai="4,7,36,37,38,54,56,62,81,86,89,93,99,102" machi="54" ten="30,2000,0" yaku="1,1,0,1,53,0" doraHai="45" doraHaiUra="19" who="0" fromWho="0" sc="173,30,210,-5,287,-5,320,-10" /><INIT seed="4,0,0,2,2,58" ten="203,205,282,310" oya="0" hai0="101,113,15,1,77,34,100,8,73,4,83,38,53" hai1="93,94,43,49,50,13,37,79,59,65,132,20,69" hai2="6,78,28,74,63,19,96,67,48,26,84,72,80" hai3="30,130,46,61,106,115,90,109,22,123,17,9,112"/><T131/><D113/><N who="3" m="43593" /><G106/><T126/><D126/><U66/><E132/><V111/><F111/><W92/><G109/><T21/><D131/><U64/><E69/><V55/><F6/><W60/><G123/><T91/><D34/><U87/><E37/><V121/><F121/><W47/><G130/><T98/><D38/><U3/><E3/><V125/><F19/><W118/><G118/><T52/><D91/><U31/><E43/><V114/><F125/><W81/><G81/><T120/><D120/><U89/><E79/><V95/><F114/><W62/><G9/><T99/><D1/><U110/><E110/><V39/><F39/><W35/><G30/><T82/><D82/><U124/><E124/><V18/><F18/><W103/><G103/><T11/><D11/><U71/><E71/><V117/><F117/><W23/><G35/><T57/><D21/><N who="3" m="7689" /><G17/><T2/><D2/><U0/><E0/><V68/><F26/><W116/><G116/><T86/><D73/><U102/><E31/><V104/><F104/><W75/><G75/><T25/><D25/><U108/><E108/><V135/><F135/><W10/><G10/><T122/><D122/><U70/><E70/><V56/><REACH who="2" step="1"/><F28/><REACH who="2" ten="203,205,272,310" step="2"/><W12/><G12/><T128/><D128/><U44/><E13/><V41/><F41/><W14/><G14/><T40/><D40/><U33/><E33/><V7/><F7/><W45/><G45/><T32/><D32/><U88/><E44/><V5/><F5/><W24/><G24/><T105/><D57/><U134/><E59/><V119/><F119/><W29/><G29/><RYUUKYOKU ba="0,1" sc="203,10,205,-30,272,10,310,10" hai0="4,8,15,52,53,77,83,86,98,99,100,101,105" hai2="48,55,56,63,67,68,72,74,78,80,84,95,96" hai3="46,47,60,61,62,90,92" /><INIT seed="4,1,1,5,1,116" ten="213,175,282,320" oya="0" hai0="94,75,112,8,77,51,6,107,16,81,58,82,30" hai1="48,135,117,95,88,87,120,38,26,93,50,72,56" hai2="1,103,130,18,71,27,122,63,14,79,128,104,61" hai3="106,35,44,90,24,97,39,49,109,55,85,102,13"/><T134/><D107/><U127/><E117/><V41/><F1/><W132/><G132/><T100/><D112/><U12/><E38/><V115/><F115/><W28/><G39/><T119/><D119/><U110/><E110/><V40/><F27/><W5/><G13/><T92/><D134/><U121/><E135/><V9/><F122/><W7/><REACH who="3" step="1"/><G109/><REACH who="3" ten="213,175,282,310" step="2"/><T52/><D30/><U53/><E127/><V101/><F14/><W34/><G34/><T10/><D100/><U25/><E25/><V98/><F101/><W126/><G126/><T11/><D6/><U108/><E26/><V114/><F18/><W67/><G67/><T105/><D105/><U91/><E108/><V0/><F114/><W43/><G43/><T124/><D124/><U46/><E12/><V123/><F41/><W20/><G20/><T133/><D133/><U3/><E3/><V73/><F40/><W125/><G125/><T60/><D81/><AGARI ba="1,2" hai="5,7,24,28,35,44,49,55,81,85,90,97,102,106" machi="81" ten="30,2000,0" yaku="1,1,7,1,53,0" doraHai="116" doraHaiUra="131" who="3" fromWho="0" sc="213,-23,175,0,282,0,310,43" /><INIT seed="5,0,0,2,1,97" ten="190,175,282,353" oya="1" hai0="14,58,1,101,110,30,37,3,106,75,117,60,134" hai1="88,43,64,90,119,19,45,104,54,67,22,47,66" hai2="15,2,42,71,68,96,92,34,63,38,81,72,48" hai3="69,86,78,61,32,77,44,120,125,49,40,126,73"/><U127/><E119/><V25/><F2/><W55/><G120/><T124/><D117/><U105/><E127/><N who="3" m="48650" /><G73/><T10/><D110/><U35/><E35/><V133/><F48/><W84/><G32/><T6/><D124/><U100/><E43/><V123/><F15/><W135/><G135/><T31/><D75/><U41/><E41/><V89/><F96/><W28/><G28/><T82/><D37/><U74/><E74/><V112/><F63/><W79/><G40/><T80/><D134/><U56/><E105/><V13/><F81/><W26/><G26/><T95/><D106/><U107/><E107/><V27/><F89/><N who="1" m="34409" /><E100/><V93/><F92/><W113/><G113/><T128/><D1/><U7/><E7/><V109/><F71/><W114/><G114/><T99/><D3/><U33/><E33/><V11/><F93/><W8/><G8/><T57/><D57/><U24/><E104/><V131/><F68/><W87/><G69/><T46/><D46/><U85/><E85/><V91/><F34/><W76/><G76/><T65/><REACH who="0" step="1"/><D128/><REACH who="0" ten="180,175,282,353" step="2"/><U116/><E116/><V52/><F38/><W53/><G44/><T9/><D9/><U130/><E130/><V94/><F11/><W102/><G78/><T103/><D103/><U4/><E4/><V122/><F131/><W12/><G102/><T20/><D20/><U59/><E59/><V118/><F133/><W108/><G77/><T0/><D0/><U62/><AGARI ba="0,1" hai="19,22,24,45,47,54,56,62,64,66,67" m="34409" machi="62" ten="30,3000,0" yaku="8,1,54,1" doraHai="97" who="1" fromWho="1" sc="180,-10,175,40,282,-10,353,-10" /><INIT seed="5,1,0,0,0,122" ten="170,215,272,343" oya="1" hai0="92,86,12,39,49,123,91,22,110,117,96,99,67" hai1="35,132,98,38,5,36,84,65,131,50,30,63,103" hai2="76,97,51,17,9,57,55,64,61,101,6,108,62" hai3="128,114,74,121,10,21,25,85,78,104,34,133,93"/><U71/><E131/><V95/><F108/><W26/><G121/><T45/><D117/><U14/><E132/><V118/><F118/><W66/><G114/><T48/><D123/><U87/><E50/><V32/><F32/><W126/><G34/><T90/><D39/><U73/><E73/><V124/><F124/><W20/><G10/><T46/><D110/><U69/><E69/><V18/><F76/><W33/><G33/><T56/><D67/><U75/><E75/><V100/><F100/><W88/><G66/><T72/><D72/><U83/><E84/><V11/><F61/><W43/><G43/><T59/><D22/><U68/><E68/><V44/><F11/><W13/><G13/><AGARI ba="1,0" hai="6,9,13,17,18,44,51,55,57,62,64,95,97,101" machi="13" ten="30,2000,0" yaku="7,1,8,1" doraHai="122" who="2" fromWho="3" sc="170,0,215,0,272,23,343,-23" /><INIT seed="6,0,0,0,1,17" ten="170,215,295,320" oya="2" hai0="13,47,23,22,72,73,25,95,117,92,34,66,124" hai1="119,108,102,27,113,49,38,1,63,3,35,2,56" hai2="107,62,44,121,37,120,67,70,43,88,94,127,134" hai3="6,99,24,29,110,78,26,55,58,8,111,97,42"/><V114/><F107/><W60/><G78/><T79/><D124/><U101/><E108/><V87/><F127/><W69/><G69/><T21/><D117/><U90/><E38/><V133/><REACH who="2" step="1"/><F114/><REACH who="2" ten="170,215,285,320" step="2"/><W122/><G110/><T86/><D66/><U59/><E113/><V0/><F0/><W125/><G111/><T5/><D72/><U129/><E1/><V82/><F82/><W33/><G125/><T53/><D73/><U65/><E2/><V74/><F74/><W28/><G122/><AGARI ba="0,1" hai="37,43,44,62,67,70,87,88,94,120,121,122,133,134" machi="122" ten="40,3900,0" yaku="1,1,54,1,53,0" doraHai="17" doraHaiUra="48" who="2" fromWho="3" sc="170,0,215,0,285,49,320,-39" /><INIT seed="6,1,0,0,4,133" ten="170,215,334,281" oya="2" hai0="41,81,28,84,124,110,119,12,94,70,125,6,7" hai1="46,116,0,112,68,130,69,88,64,24,135,2,85" hai2="121,49,56,30,48,115,36,126,82,67,32,26,40" hai3="62,17,31,122,120,42,106,10,114,15,95,100,55"/><V75/><F121/><W72/><G106/><T73/><D110/><U132/><E112/><V76/><F115/><W53/><G42/><T21/><D70/><U97/><E116/><V117/><F117/><W34/><G72/><T58/><D119/><U8/><E97/><V93/><F126/><N who="0" m="48746" /><D41/><U43/><E24/><V16/><F93/><W129/><G129/><T22/><D73/><U87/><E87/><V89/><F89/><W104/><G104/><T91/><D58/><U50/><E130/><V113/><F113/><W90/><G100/><T11/><D6/><U3/><E8/><V44/><F67/><W57/><G114/><T63/><D63/><U101/><E64/><V86/><F75/><W1/><G1/><T39/><D39/><U59/><E59/><V127/><F127/><W71/><G71/><T60/><D60/><U5/><E5/><V18/><F56/><W128/><G128/><T52/><D52/><U134/><E101/><V98/><F36/><W83/><G55/><T109/><D109/><U80/><AGARI ba="1,0" hai="0,2,3,43,46,50,68,69,80,85,88,132,134,135" machi="80" ten="40,5200,0" yaku="0,1,20,1,54,1" doraHai="133" who="1" fromWho="1" sc="170,-14,215,55,334,-27,281,-14" /><INIT seed="7,0,0,4,1,95" ten="156,270,307,267" oya="3" hai0="66,118,91,128,58,28,65,111,0,83,4,42,39" hai1="9,79,100,88,116,98,96,104,59,27,52,90,22" hai2="73,69,126,62,57,43,26,124,134,64,107,85,113" hai3="122,75,123,117,97,38,127,106,44,94,71,29,63"/><W11/><G117/><T68/><D111/><U20/><E116/><V112/><F73/><W50/><G106/><T135/><D118/><U19/><E79/><V102/><F134/><W89/><G75/><T82/><D135/><U80/><E9/><V35/><F43/><W76/><G76/><T70/><D128/><U41/><E41/><V120/><F120/><W25/><G38/><T99/><D28/><N who="1" m="17511" /><E104/><V37/><F37/><W110/><G127/><N who="2" m="48681" /><F102/><W92/><G92/><T47/><D0/><U40/><E40/><V105/><F85/><W119/><G110/><T16/><D4/><U132/><E100/><V48/><F48/><W23/><G11/><T12/><D83/><U121/><E121/><V32/><F69/><W33/><G119/><T131/><D131/><U8/><E8/><V115/><F35/><W15/><G63/><T51/><D66/><U30/><E30/><AGARI ba="0,0" hai="26,30,32,57,62,64,105,107,112,113,115" m="48681" machi="30" ten="40,2600,0" yaku="15,1,18,1" doraHai="95" who="2" fromWho="1" sc="156,0,270,-26,307,26,267,0" owari="156,-34.4,244,-15.6,333,43.3,267,6.7" /></mjloggm>