<mjloggm ver="2.3"><GO type="169" lobby="0"/><UN n0="%E7%8F%BE%E5%A0%B4%E3%81%AD%E3%81%93" n1="%35%30%38%30%74%61%6B%61" n2="%E3%81%88%E3%82%8A%E3%82%93%E3%81%BC%E3%81%B1%E3%81%B1" n3="%E3%82%B1%E3%83%AB%E3%83%B4%E3%82%A3%E3%83%B3" dan="16,16,17,16" rate="2087.82,2109.50,2155.88,2139.58" sx="M,M,M,M"/><TAIKYOKU oya="0"/><INIT seed="0,0,0,5,0,64" ten="250,250,250,250" oya="0" hai0="92,3,32,6,38,118,112,130,25,63,58,28,84" hai1="68,45,34,99,104,133,69,108,88,55,74,36,95" hai2="107,87,17,116,128,101,54,96,47,66,85,91,26" hai3="106,50,132,23,79,21,98,127,56,59,125,15,30"/><T90/><BYE who="3" /><D130/><UN n3="%E3%82%B1%E3%83%AB%E3%83%B4%E3%82%A3%E3%83%B3" /><U65/><E74/><V129/><F116/><W51/><G79/><T4/><D112/><U42/><E34/><V52/><F66/><W72/><G72/><T40/><D118/><U121/><E121/><V71/><F85/><W57/><G132/><T62/><D62/><U2/><E2/><V13/><F26/><W12/><G98/><T39/><D3/><U82/><E133/><V109/><F109/><W18/><G106/><T14/><D14/><N who="3" m="5161" /><G18/><T134/><D134/><U11/><E11/><V81/><F71/><W24/><G24/><T0/><D0/><U111/><E55/><V10/><REACH who="2" step="1"/><F54/><REACH who="2" ten="250,250,240,250" step="2"/><W78/><G78/><T20/><D32/><U44/><E65/><V75/><F75/><W126/><G30/><T80/><D80/><U83/><E83/><V94/><F94/><W120/><G120/><T53/><REACH who="0" step="1"/><D40/><REACH who="0" ten="240,250,240,250" step="2"/><U5/><E82/><V105/><F105/><W60/><G60/><T37/><AGARI ba="0,2" hai="4,6,20,25,28,37,38,39,53,58,63,84,90,92" machi="37" ten="30,11700,0" yaku="1,1,2,1,0,1,53,1" doraHai="64" doraHaiUra="48" who="0" fromWho="0" sc="240,137,250,-39,240,-39,250,-39" /><INIT seed="0,1,0,3,5,53" ten="377,211,201,211" oya="0" hai0="119,20,29,100,9,75,36,51,23,16,108,131,48" hai1="45,130,5,65,25,63,31,97,121,1,67,107,126" hai2="132,71,89,81,66,94,116,88,12,41,37,38,87" hai3="120,96,135,82,44,39,56,95,104,110,86,68,105"/><T60/><D119/><U118/><E118/><V40/><F116/><W62/><G68/><T26/><D75/><U2/><E121/><V50/><F132/><W99/><G120/><T103/><D36/><U77/><E126/><V85/><F71/><W123/><G123/><T21/><D131/><U69/><E130/><V19/><F66/><W58/><G135/><T106/><D108/><U52/><E67/><V15/><F15/><W92/><G110/><T74/><D74/><U42/><E5/><V0/><F0/><W76/><G39/><T3/><D60/><U13/><E77/><V18/><F18/><W117/><G117/><T54/><D48/><U61/><E13/><V57/><F37/><W114/><G114/><T79/><D79/><U73/><E73/><V72/><F72/><W101/><G44/><T35/><D106/><U93/><E107/><V133/><F38/><W125/><G125/><T129/><D129/><U43/><E42/><V80/><F133/><W78/><G62/><T24/><D35/><U28/><E28/><V115/><F115/><W112/><G112/><T32/><D32/><U98/><E98/><V84/><F84/><W55/><G55/><T14/><D3/><U47/><E47/><V59/><F80/><W134/><G134/><T102/><D29/><U10/><E10/><N who="2" m="6551" /><F40/><W83/><G86/><T27/><D27/><U11/><E2/><V4/><F4/><W128/><G128/><T22/><N who="0" m="5120" /><DORA hai="111" /><T8/><D8/><U124/><E11/><V70/><F70/><W64/><G64/><T17/><D17/><U46/><E1/><RYUUKYOKU ba="1,0" sc="377,10,211,-30,201,10,211,10" hai0="9,14,16,24,26,51,54,100,102,103" hai2="41,50,57,59,81,85,87,88,89,94" hai3="56,58,76,78,82,83,92,95,96,99,101,104,105" /><INIT seed="0,2,0,0,3,59" ten="387,181,211,221" oya="0" hai0="115,95,53,31,125,110,123,50,67,87,74,4,72" hai1="7,116,26,109,15,73,42,35,40,76,23,135,128" hai2="70,9,98,119,21,25,24,100,46,89,111,58,44" hai3="131,36,61,5,68,106,69,82,49,55,39,0,133"/><T66/><D115/><U104/><E116/><V129/><F70/><W79/><G106/><T52/><D123/><U29/><E104/><V43/><F119/><W103/><G103/><T8/><D125/><U85/><E109/><V54/><F111/><W102/><G102/><T118/><D118/><U18/><E128/><V30/><F129/><W77/><G131/><T17/><D31/><U105/><E105/><V65/><F89/><W27/><G133/><T96/><D17/><U33/><E33/><V101/><F65/><W28/><G5/><T71/><D53/><U86/><E135/><V120/><F120/><W41/><G0/><T122/><D122/><U83/><E73/><V47/><F47/><BYE who="2" /><W10/><G10/><T134/><D134/><UN n2="%E3%81%88%E3%82%8A%E3%82%93%E3%81%BC%E3%81%B1%E3%81%B1" /><U93/><E86/><V130/><F130/><W75/><G77/><T6/><D87/><U2/><REACH who="1" step="1"/><E93/><REACH who="1" ten="387,171,211,221" step="2"/><V32/><F98/><W22/><G39/><T13/><D72/><U132/><E132/><V94/><F94/><W84/><G75/><T127/><D74/><U34/><E34/><V107/><F107/><W124/><G124/><T19/><D127/><U45/><E45/><V62/><F44/><W20/><G36/><T3/><D110/><U112/><E112/><V121/><F121/><W48/><G41/><T97/><D95/><U114/><E114/><V126/><F126/><W16/><G69/><T88/><D97/><U51/><E51/><V1/><F46/><W38/><G38/><T90/><D96/><U80/><E80/><V99/><F43/><W91/><G68/><T12/><D71/><U11/><AGARI ba="2,1" hai="2,7,11,15,18,23,26,29,35,40,42,76,83,85" machi="11" ten="30,8000,1" yaku="1,1,5,1,0,1,24,2,53,0" doraHai="59" doraHaiUra="57" who="1" fromWho="1" sc="387,-42,171,96,211,-22,221,-22" /><INIT seed="1,0,0,5,3,121" ten="345,267,189,199" oya="1" hai0="32,26,37,57,125,77,13,127,42,69,47,133,66" hai1="58,65,87,91,27,119,39,49,62,117,3,9,34" hai2="35,72,45,80,14,38,24,99,97,56,120,55,10" hai3="118,105,44,104,79,29,122,92,74,113,31,94,90"/><U36/><E49/><V114/><F120/><W1/><G122/><T124/><D133/><U28/><E3/><V83/><F114/><W50/><G1/><T106/><D69/><U7/><E7/><V22/><F35/><W17/><G113/><T43/><D43/><U30/><E30/><V12/><F72/><W134/><G134/><T89/><D77/><U6/><E6/><V102/><F45/><W5/><G5/><T100/><D13/><N who="2" m="5226" /><F10/><W70/><G70/><T131/><D89/><U41/><E9/><V128/><F38/><W76/><G118/><T109/><D32/><U101/><E101/><V68/><F68/><W33/><G17/><T112/><D112/><U132/><E132/><V54/><F54/><W23/><G33/><T40/><D40/><U4/><E4/><V98/><F102/><W84/><G92/><T0/><D100/><U86/><E86/><V51/><F128/><W107/><G23/><T63/><D131/><U11/><E11/><V130/><F130/><W78/><REACH who="3" step="1"/><G74/><REACH who="3" ten="345,267,189,189" step="2"/><T93/><D0/><U81/><REACH who="1" step="1"/><E41/><AGARI ba="0,1" hai="29,31,41,44,50,76,78,79,84,90,94,104,105,107" machi="41" ten="50,3200,0" yaku="1,1,2,1,53,0" doraHai="121" doraHaiUra="52" who="3" fromWho="1" sc="345,0,267,-32,189,0,189,42" /><INIT seed="2,0,0,0,2,121" ten="345,235,189,231" oya="2" hai0="52,134,9,40,6,5,48,45,78,75,23,99,55" hai1="16,24,53,110,14,59,94,25,81,130,49,4,123" hai2="74,72,107,1,88,2,82,135,46,104,76,77,96" hai3="95,73,26,18,90,68,39,61,58,71,70,120,22"/><V47/><F135/><W17/><G120/><T89/><D134/><U100/><E123/><V34/><F96/><W20/><G39/><T92/><D75/><U83/><E130/><V108/><F82/><W67/><G73/><T64/><D78/><U85/><E110/><V93/><F93/><W57/><G57/><T69/><D69/><U133/><E133/><V112/><F34/><W65/><G65/><T13/><D64/><U132/><E132/><V11/><F11/><W66/><G66/><T41/><D5/><U44/><E4/><V56/><F56/><W21/><REACH who="3" step="1"/><G26/><REACH who="3" ten="345,235,189,221" step="2"/><T122/><D122/><U127/><E59/><V10/><F10/><W42/><G42/><T109/><D109/><U38/><E38/><V54/><F54/><W128/><G128/><T79/><D40/><U27/><E127/><V60/><F108/><W62/><G62/><T105/><D55/><U116/><E116/><V43/><F43/><W87/><AGARI ba="0,1" hai="17,18,20,21,22,58,61,67,68,70,71,87,90,95" machi="87" ten="40,2700,0" yaku="1,1,0,1,53,0" doraHai="121" doraHaiUra="28" who="3" fromWho="3" sc="345,-7,235,-7,189,-13,221,37" /><INIT seed="3,0,0,4,4,10" ten="338,228,176,258" oya="3" hai0="114,105,68,46,56,33,84,88,17,103,76,5,51" hai1="129,90,81,125,74,69,123,71,47,80,120,79,116" hai2="97,58,61,50,62,101,52,41,92,73,134,66,93" hai3="72,57,28,89,99,13,107,96,118,29,11,65,32"/><W43/><G118/><T124/><D68/><U36/><E36/><V83/><F134/><W1/><G1/><T14/><D124/><U126/><E47/><V35/><F35/><W19/><G72/><T108/><D108/><U102/><E69/><V75/><F83/><W42/><G107/><T4/><D33/><U22/><E71/><V0/><F0/><W7/><G32/><T54/><D76/><N who="1" m="44055" /><E22/><V6/><F6/><W2/><G65/><T63/><D103/><U87/><E116/><V21/><F41/><W82/><G57/><T130/><D105/><U128/><E102/><V91/><F21/><W85/><G42/><T27/><D27/><U104/><E104/><V9/><F9/><W109/><G43/><T115/><D130/><N who="1" m="50283" /><E79/><V121/><F121/><AGARI ba="0,0" hai="81,87,90,120,121,123,125,126" m="50283,44055" machi="121" ten="30,3900,0" yaku="19,1,34,2" doraHai="10" who="1" fromWho="2" sc="338,0,228,39,176,-39,258,0" /><INIT seed="4,0,0,2,0,30" ten="338,267,137,258" oya="0" hai0="9,86,135,84,72,124,38,14,118,77,103,2,71" hai1="105,100,119,111,57,128,8,131,25,134,1,75,53" hai2="5,52,22,115,54,6,97,21,106,98,0,74,113" hai3="37,4,130,81,85,7,80,112,45,3,82,123,110"/><T108/><D103/><U40/><E111/><V61/><F61/><W93/><G110/><T76/><D14/><U70/><E119/><V48/><F48/><W50/><G37/><T32/><D9/><U64/><E75/><V51/><F51/><W126/><G112/><T83/><D83/><U18/><E134/><V107/><REACH who="2" step="1"/><F74/><REACH who="2" ten="338,267,127,258" step="2"/><W121/><G50/><T26/><D72/><U73/><E73/><V99/><F99/><W104/><G45/><T49/><D49/><U15/><E128/><V120/><F120/><W67/><G130/><T11/><D38/><U90/><E131/><V101/><F101/><W94/><G123/><T44/><D44/><U125/><E100/><V36/><F36/><W34/><G121/><T33/><D108/><U10/><E125/><V95/><F95/><W69/><G126/><T109/><D109/><U31/><E105/><V116/><F116/><W58/><G104/><T87/><D124/><U132/><E132/><V56/><F56/><W62/><G94/><T92/><D92/><U47/><E57/><V27/><F27/><W114/><G93/><T20/><D118/><U12/><E25/><V19/><F19/><W65/><G85/><T60/><D135/><U13/><E18/><V122/><F122/><W41/><G58/><T127/><D127/><U24/><E24/><V29/><F29/><W35/><G62/><T46/><D46/><U78/><E31/><V117/><F117/><W66/><G82/><T129/><D129/><U23/><E47/><V16/><F16/><W91/><G81/><T68/><D26/><U28/><E28/><RYUUKYOKU ba="0,1" sc="338,-10,267,-10,127,30,258,-10" hai2="0,5,6,21,22,52,54,97,98,106,107,113,115" /><INIT seed="5,1,1,0,3,16" ten="328,257,157,248" oya="1" hai0="114,123,97,92,65,52,57,102,35,40,94,26,7" hai1="34,5,70,42,11,53,119,36,68,55,90,60,95" hai2="132,93,49,6,121,9,45,79,112,89,130,46,98" hai3="134,127,25,129,71,116,31,69,20,108,120,74,28"/><U63/><E119/><V122/><F130/><W32/><RYUUKYOKU type="yao9" ba="1,1" sc="328,0,257,0,157,0,248,0" hai3="20,25,28,31,32,69,71,74,108,116,120,127,129,134" /><INIT seed="5,2,1,5,3,96" ten="328,257,157,248" oya="1" hai0="116,83,1,87,82,30,24,22,69,81,129,133,9" hai1="51,91,85,106,134,121,110,61,28,43,53,105,23" hai2="38,92,13,135,20,122,123,17,120,26,72,18,65" hai3="73,34,52,126,128,124,75,113,97,130,93,63,56"/><U40/><E121/><V49/><F38/><W88/><G34/><T77/><D116/><U33/><E33/><V127/><F72/><W7/><G7/><T94/><D69/><U62/><E134/><V48/><F135/><W74/><REACH who="3" step="1"/><G113/><REACH who="3" ten="328,257,157,238" step="2"/><T79/><D133/><U54/><E110/><V44/><F127/><AGARI ba="2,2" hai="52,56,63,73,74,75,88,93,97,124,126,127,128,130" machi="127" ten="50,12000,2" yaku="1,1,2,1,18,1,54,2,53,1" doraHai="96" doraHaiUra="84" who="3" fromWho="2" sc="328,0,257,0,157,-126,238,146" /><INIT seed="6,0,0,0,5,72" ten="328,257,31,384" oya="2" hai0="97,111,58,100,51,34,15,128,9,65,11,80,25" hai1="84,53,27,73,45,115,83,107,78,103,40,71,113" hai2="2,38,66,125,109,133,77,64,46,85,5,10,112" hai3="91,124,75,42,47,135,90,36,1,110,32,13,70"/><V94/><F112/><N who="1" m="43081" /><E71/><V33/><F33/><W48/><G110/><T50/><D111/><U37/><E27/><V30/><F109/><W17/><G70/><T24/><D128/><U116/><E116/><V14/><F133/><W96/><G1/><T102/><D80/><U105/><E103/><V16/><F125/><W82/><G135/><T23/><D34/><U26/><E26/><V79/><F38/><W31/><G124/><T57/><D23/><U114/><E114/><V43/><F30/><W119/><G119/><T41/><D15/><U95/><E53/><V126/><F126/><W121/><G121/><T69/><D69/><U99/><E73/><V35/><F35/><W117/><G117/><T55/><D55/><U21/><E21/><V44/><F2/><W122/><G122/><T98/><REACH who="0" step="1"/><D41/><REACH who="0" ten="318,257,31,384" step="2"/><U68/><E68/><V127/><F127/><W89/><G32/><T63/><D63/><U134/><E134/><V6/><F43/><W130/><G130/><T4/><D4/><N who="2" m="1642" /><F64/><AGARI ba="0,1" hai="9,11,24,25,50,51,57,58,64,65,97,98,100,102" machi="64" ten="25,6400,0" yaku="1,1,22,2,8,1,53,0" doraHai="72" doraHaiUra="19" who="0" fromWho="2" sc="318,74,257,0,31,-64,384,0" owari="392,49.2,257,-14.3,-33,-53.3,384,18.4" /></mjloggm>