<mjloggm ver="2.3"><GO type="169" lobby="0"/><UN n0="%44%61%6C%69" n1="%E7%99%BE%E9%87%8E%E3%81%95%E3%82%93" n2="%73%61%69%63%68%61%6E%7A" n3="%E3%83%A9%E3%82%B9%E3%82%8B%E3%81%8B%E3%81%AA" dan="17,17,16,16" rate="2185.98,2197.89,2149.79,2138.00" sx="M,M,M,M"/><TAIKYOKU oya="0"/><INIT seed="0,0,0,0,1,58" ten="250,250,250,250" oya="0" hai0="18,77,130,8,63,135,21,61,14,79,28,95,133" hai1="48,100,108,99,70,109,23,54,56,6,20,64,103" hai2="57,118,131,85,31,35,49,80,16,107,101,26,121" hai3="40,123,11,72,124,96,15,65,7,113,82,128,120"/><T52/><D130/><U73/><E73/><V36/><F121/><N who="3" m="46667" /><G113/><T46/><D95/><U50/><E6/><V38/><F131/><W112/><G112/><T106/><D106/><U92/><E103/><V34/><F118/><W83/><G128/><T98/><D98/><U24/><E50/><V93/><F107/><W27/><G124/><T89/><D89/><U110/><REACH who="1" step="1"/><E24/><REACH who="1" ten="250,240,250,250" step="2"/><V102/><F102/><W117/><G72/><T59/><D133/><U44/><E44/><V47/><F101/><W111/><G117/><T17/><D135/><U9/><E9/><V51/><F47/><W39/><G11/><T62/><D46/><U33/><E33/><V97/><F35/><W4/><G7/><T43/><D43/><U2/><E2/><V1/><F49/><W87/><G4/><T84/><D28/><U94/><E94/><V53/><F1/><W69/><G40/><T91/><D91/><U41/><E41/><V22/><F93/><W60/><G27/><N who="0" m="14767" /><D84/><U25/><E25/><V68/><F97/><W88/><G15/><T122/><D122/><U0/><E0/><V74/><F74/><W32/><G96/><T116/><D116/><U66/><E66/><V132/><F132/><W81/><G32/><T29/><D29/><U67/><E67/><V90/><F34/><W3/><G3/><T75/><D75/><U19/><E19/><V55/><F31/><W86/><G86/><T114/><D114/><U129/><E129/><V71/><F53/><W13/><G13/><T76/><AGARI ba="0,1" hai="8,14,18,52,59,61,62,63,76,77,79" m="14767" machi="76" ten="30,12000,1" yaku="8,1,52,3,54,1" doraHai="58" who="0" fromWho="0" sc="250,130,240,-40,250,-40,250,-40" /><INIT seed="0,1,0,3,2,86" ten="380,200,210,210" oya="0" hai0="26,114,76,128,46,104,19,39,75,117,72,109,96" hai1="94,34,30,127,64,41,33,113,108,101,35,47,10" hai2="90,59,44,55,14,52,87,133,73,58,42,63,120" hai3="123,69,106,89,37,0,68,57,24,51,1,74,110"/><T130/><D114/><U131/><E108/><V60/><F120/><W4/><G106/><T15/><D117/><U65/><E131/><N who="0" m="50217" /><D109/><U31/><E127/><V2/><F133/><W81/><G37/><T121/><D121/><U43/><E10/><V38/><F2/><W126/><G110/><T49/><D39/><U29/><E113/><V22/><F73/><W91/><G123/><T99/><D26/><U119/><E119/><V122/><F122/><W61/><G126/><T116/><D116/><U6/><E6/><V40/><F40/><W82/><G51/><T32/><D32/><U80/><E80/><V13/><F22/><W129/><G129/><T115/><D115/><U48/><E101/><V85/><REACH who="2" step="1"/><F85/><REACH who="2" ten="380,200,200,210" step="2"/><W79/><G74/><T3/><D75/><U124/><E124/><V25/><F25/><W8/><G24/><T67/><D3/><U132/><E132/><V9/><F9/><W98/><G0/><T36/><D72/><U17/><E43/><V125/><F125/><W27/><G27/><T93/><D99/><U11/><E11/><V100/><F100/><W71/><G98/><T23/><D96/><U18/><REACH who="1" step="1"/><E94/><AGARI ba="1,1" hai="13,14,38,42,44,52,55,58,59,60,63,87,90,94" machi="94" ten="30,8000,1" yaku="1,1,7,1,9,1,52,1,54,1,53,0" doraHai="86" doraHaiUra="62" who="2" fromWho="1" sc="380,0,200,-83,200,93,210,0" /><INIT seed="1,0,0,4,1,54" ten="380,117,293,210" oya="1" hai0="72,119,24,124,122,39,81,58,56,60,125,82,50" hai1="5,14,127,32,78,40,63,104,129,38,30,114,93" hai2="59,116,107,102,73,49,53,79,120,106,8,88,117" hai3="33,62,2,37,98,20,34,110,77,126,96,57,100"/><U121/><E114/><V52/><F120/><W46/><G2/><T28/><D119/><U99/><E121/><V55/><F107/><W42/><G110/><T135/><D39/><U84/><E104/><V17/><F73/><W61/><G126/><N who="0" m="48747" /><D122/><U80/><E127/><V3/><F79/><W134/><G134/><T44/><D135/><U131/><E32/><V66/><F106/><W90/><G77/><N who="0" m="44199" /><D82/><U83/><E30/><V75/><F75/><W68/><G90/><T18/><D18/><U15/><E83/><V76/><F76/><W97/><G100/><T123/><D60/><U64/><E40/><V65/><F102/><W87/><G87/><T22/><D123/><U112/><E38/><V19/><F116/><W70/><G20/><T92/><D92/><U31/><E31/><V23/><F117/><W7/><G7/><T115/><D115/><U47/><E47/><V1/><F88/><W9/><G9/><T71/><D71/><U11/><E15/><N who="2" m="7399" /><F1/><W10/><G10/><T29/><D28/><U35/><E35/><V0/><F0/><W101/><G101/><T51/><D51/><U85/><E112/><V69/><F69/><W108/><G108/><T118/><D118/><U25/><E25/><N who="2" m="14591" /><F3/><W6/><G6/><T36/><D36/><U26/><E26/><V74/><F74/><W67/><REACH who="3" step="1"/><G70/><REACH who="3" ten="380,117,293,200" step="2"/><T4/><D4/><U113/><E113/><V132/><F132/><W12/><G12/><T13/><D13/><U103/><REACH who="1" step="1"/><E85/><REACH who="1" ten="380,107,293,200" step="2"/><V43/><F43/><AGARI ba="0,2" hai="22,24,29,43,44,50,56,58" m="44199,48747" machi="43" ten="30,3900,0" yaku="18,1,52,2" doraHai="54" who="0" fromWho="2" sc="380,59,107,0,293,-39,200,0" /><INIT seed="2,0,0,0,2,76" ten="439,107,254,200" oya="2" hai0="112,124,117,91,134,39,4,115,18,95,74,25,100" hai1="61,59,56,130,33,50,71,86,82,47,53,80,118" hai2="93,10,66,49,88,67,133,14,5,68,101,104,127" hai3="114,16,51,123,121,48,84,6,77,126,45,54,90"/><V44/><F127/><W129/><G126/><T70/><D74/><U102/><E33/><V92/><F133/><W11/><G129/><T58/><D70/><U55/><E118/><V57/><F68/><W28/><G114/><T22/><D39/><U108/><E71/><V46/><F104/><W38/><G38/><T113/><D134/><U103/><E130/><V131/><F131/><W42/><G28/><T8/><D124/><U122/><E122/><V106/><F106/><W120/><G77/><T125/><D125/><U99/><E108/><V1/><F1/><W17/><G51/><T24/><D117/><U9/><E9/><V40/><F57/><W37/><G37/><T27/><D58/><U15/><E15/><V41/><F101/><N who="1" m="38409" /><E99/><V34/><F93/><W105/><G105/><T21/><D100/><U78/><E78/><V43/><F34/><W7/><G42/><N who="2" m="16489" /><F46/><W26/><G26/><N who="0" m="14647" /><D95/><U107/><E107/><V60/><F60/><W94/><REACH who="3" step="1"/><G6/><REACH who="3" ten="439,107,254,190" step="2"/><T19/><D91/><N who="1" m="51655" /><E47/><V98/><AGARI ba="0,1" hai="5,10,14,43,44,49,66,67,88,92,98" m="16489" machi="98" ten="30,3000,0" yaku="8,1,54,1" doraHai="76" who="2" fromWho="2" sc="439,-10,107,-10,254,40,190,-10" /><INIT seed="2,1,0,5,5,61" ten="429,97,294,180" oya="2" hai0="90,134,95,39,126,74,92,129,96,102,42,13,84" hai1="117,94,76,9,58,86,49,89,123,37,3,63,59" hai2="69,133,100,19,87,29,99,8,114,44,109,88,110" hai3="6,25,50,119,33,70,118,0,116,32,54,2,68"/><V23/><F114/><W53/><G6/><T26/><D42/><U35/><E117/><V85/><F133/><W115/><G115/><T75/><D39/><U17/><E37/><V10/><F69/><W128/><G50/><T82/><D26/><U127/><E35/><V41/><F29/><W91/><G91/><T98/><D134/><U131/><E131/><V20/><F85/><W46/><G46/><T11/><D126/><U56/><E127/><V112/><F112/><W43/><G43/><T72/><D129/><U93/><E123/><V4/><F99/><W55/><G25/><T108/><D108/><N who="2" m="41578" /><F100/><W22/><G22/><N who="2" m="8233" /><F19/><W132/><G128/><T130/><D130/><U135/><E135/><V36/><F4/><W77/><G77/><T106/><REACH who="0" step="1"/><D98/><REACH who="0" ten="419,97,294,180" step="2"/><U47/><E76/><V28/><F28/><W121/><G132/><T122/><D122/><U18/><E3/><N who="3" m="1066" /><G121/><T120/><D120/><U40/><E9/><V48/><F36/><W79/><G79/><T38/><D38/><U81/><E63/><V107/><F107/><W78/><G78/><T1/><D1/><U83/><REACH who="1" step="1"/><E81/><AGARI ba="1,1" hai="8,10,41,44,48,81,87,88" m="8233,41578" machi="81" ten="30,5800,0" yaku="14,1,10,1,54,1" doraHai="61" who="2" fromWho="1" sc="419,0,97,-61,294,71,180,0" /><INIT seed="2,2,0,0,1,113" ten="419,36,365,180" oya="2" hai0="31,1,13,102,80,103,60,22,30,108,48,61,124" hai1="5,27,54,126,107,79,67,4,85,105,129,53,42" hai2="43,118,69,93,40,132,26,11,62,50,83,36,37" hai3="52,46,122,32,128,74,78,68,106,110,19,56,64"/><V90/><F83/><W65/><G106/><T114/><D114/><U84/><E129/><V45/><F132/><W86/><G74/><T134/><D1/><U41/><E67/><V127/><F127/><W70/><G32/><T63/><D108/><U9/><E27/><V77/><F77/><W130/><G19/><N who="0" m="10607" /><D134/><U7/><E79/><V73/><F73/><W35/><G35/><T47/><D80/><U3/><E3/><V131/><F131/><N who="3" m="50219" /><G86/><N who="1" m="33386" /><E126/><V58/><F90/><W25/><G25/><T2/><D2/><U121/><E121/><V55/><F93/><W0/><G0/><T111/><D111/><U89/><E9/><V12/><F26/><W16/><G16/><T94/><D124/><U29/><E29/><N who="0" m="10761" /><D94/><U57/><E89/><V112/><F12/><W15/><G15/><T109/><D109/><U10/><E10/><V116/><F11/><W28/><G28/><T33/><D33/><U117/><E117/><N who="2" m="45163" /><F112/><W88/><G78/><T82/><D82/><U24/><E24/><V8/><F8/><W98/><G110/><T95/><D95/><U119/><E119/><V20/><F20/><W34/><G34/><T92/><D92/><U97/><E97/><V115/><F115/><W38/><G122/><T81/><D81/><U44/><E105/><V59/><F69/><N who="3" m="26731" /><G88/><T96/><D96/><U21/><E107/><V135/><F135/><W120/><G98/><T6/><D6/><U75/><E75/><V71/><F71/><W14/><G14/><T133/><D133/><U17/><E17/><V51/><F40/><AGARI ba="2,0" hai="40,47,48,60,61,63,102,103" m="10761,10607" machi="40" ten="30,1000,0" yaku="8,1" doraHai="113" who="0" fromWho="2" sc="419,16,36,0,365,-16,180,0" /><INIT seed="3,0,0,3,2,77" ten="435,36,349,180" oya="3" hai0="31,48,17,118,131,71,42,29,119,38,68,69,90" hai1="107,92,135,81,50,63,40,56,134,16,21,58,123" hai2="32,75,105,112,19,100,13,73,83,54,126,61,51" hai3="109,10,36,102,94,23,88,12,18,115,0,59,9"/><W103/><G115/><T3/><D3/><U33/><E107/><V24/><F112/><W89/><G36/><T45/><D131/><U133/><E33/><V7/><F126/><W98/><G109/><T101/><D101/><U130/><E123/><V128/><F128/><W41/><G41/><T35/><D17/><U72/><E130/><V87/><F61/><W74/><G74/><T122/><D122/><U96/><E63/><V28/><F7/><W27/><G0/><T55/><D90/><N who="1" m="55319" /><E40/><V66/><F66/><W15/><G59/><T64/><D29/><U95/><E95/><V25/><F25/><W76/><G76/><T132/><D31/><U113/><E113/><V5/><F5/><W1/><G1/><T85/><D85/><U60/><E50/><V57/><F100/><W106/><G103/><T79/><D79/><N who="1" m="44263" /><E60/><V52/><F54/><W120/><G120/><T4/><D35/><U65/><E65/><V127/><F127/><W114/><G114/><T34/><D4/><U111/><E111/><V6/><F6/><N who="3" m="3127" /><G106/><T93/><D34/><U97/><E97/><V44/><F105/><W22/><G22/><T47/><D93/><U8/><E8/><V49/><F57/><W116/><G116/><N who="0" m="44587" /><D64/><U26/><AGARI ba="0,0" hai="16,21,26,56,58,133,134,135" m="44263,55319" machi="26" ten="30,4000,0" yaku="20,1,52,1,54,1" doraHai="77" who="1" fromWho="1" sc="435,-10,36,40,349,-10,180,-20" /><INIT seed="4,0,0,0,2,28" ten="425,76,339,160" oya="0" hai0="120,108,91,5,7,71,77,103,38,34,80,105,33" hai1="86,93,123,36,109,47,65,78,54,83,52,125,122" hai2="58,98,107,104,76,4,40,96,81,26,32,130,15" hai3="85,14,82,133,110,42,100,10,134,118,67,72,117"/><T90/><D71/><U55/><E109/><V97/><F130/><W60/><G110/><T53/><D108/><U46/><E125/><V30/><F40/><W88/><G100/><T2/><D38/><U29/><E65/><V127/><F127/><W119/><G42/><T70/><D120/><U89/><E36/><V95/><F95/><W12/><G72/><T57/><D70/><U6/><E6/><V22/><F58/><W3/><G3/><T23/><D105/><U66/><E66/><V101/><F104/><W41/><G41/><T56/><D103/><U68/><E68/><V50/><F50/><W99/><G99/><T13/><D2/><U19/><E29/><V79/><F79/><W43/><G43/><T18/><D7/><U39/><E39/><V9/><REACH who="2" step="1"/><F22/><REACH who="2" ten="425,76,329,160" step="2"/><W20/><G20/><T129/><D129/><U59/><E123/><V131/><F131/><W1/><G1/><T69/><D57/><U51/><E122/><V126/><F126/><W44/><G44/><T8/><D69/><U92/><E47/><V121/><F121/><W132/><G10/><T21/><D21/><U73/><E46/><V64/><F64/><W124/><G124/><T62/><D77/><U111/><E111/><V61/><F61/><W113/><G113/><T31/><D80/><U114/><E114/><V0/><F0/><W45/><G45/><T106/><D106/><U17/><E93/><V75/><AGARI ba="0,1" hai="4,9,15,26,30,32,75,76,81,96,97,98,101,107" machi="75" ten="20,5200,0" yaku="1,1,0,1,7,1,52,1,53,0" doraHai="28" doraHaiUra="63" who="2" fromWho="2" sc="425,-26,76,-13,329,62,160,-13" /><INIT seed="5,0,0,2,1,80" ten="399,63,391,147" oya="1" hai0="78,87,2,118,114,66,74,24,135,129,75,113,56" hai1="37,22,7,85,94,93,4,18,27,0,109,63,40" hai2="130,117,91,132,31,25,128,115,50,111,59,11,39" hai3="82,92,51,53,105,101,29,121,9,30,133,21,47"/><U54/><E109/><V71/><F117/><W52/><G121/><T49/><D2/><U104/><E104/><V123/><F123/><W34/><G105/><T1/><D1/><U72/><E72/><V103/><F111/><W86/><G34/><T44/><D118/><U62/><E37/><V10/><F71/><W42/><G133/><T110/><D110/><U89/><E40/><V5/><F39/><W97/><G9/><T77/><D135/><U81/><E0/><V96/><F91/><W48/><G21/><T55/><D129/><U90/><E94/><V33/><F132/><W124/><G124/><T69/><D69/><U41/><E41/><V17/><F17/><W64/><G64/><T119/><D119/><U98/><E63/><V131/><F115/><N who="0" m="44042" /><D24/><U73/><E73/><N who="0" m="27657" /><D87/><U112/><E112/><V23/><F33/><W108/><G108/><T43/><D66/><U134/><E134/><V8/><F5/><W122/><G122/><T99/><D99/><U6/><E4/><V95/><F59/><AGARI ba="0,0" hai="6,7,18,22,27,54,59,62,81,85,89,90,93,98" machi="59" ten="40,12000,1" yaku="25,2,8,1,52,1" doraHai="80" who="1" fromWho="2" sc="399,0,63,120,391,-120,147,0" /><INIT seed="5,1,0,2,2,63" ten="399,183,271,147" oya="1" hai0="130,37,43,51,53,118,10,116,8,66,2,109,80" hai1="21,28,117,81,49,113,89,104,58,126,93,38,85" hai2="7,106,19,124,76,56,101,70,0,40,111,115,131" hai3="75,79,55,102,69,30,68,114,127,78,100,128,22"/><U9/><E117/><V72/><F19/><W17/><G114/><T65/><D109/><U42/><E104/><V62/><F40/><W110/><G110/><T122/><D2/><U97/><E113/><V5/><F111/><W14/><G128/><T44/><D130/><U135/><E135/><V134/><F131/><W36/><G36/><T41/><D80/><U132/><E132/><V32/><F134/><W119/><G119/><N who="0" m="45611" /><D10/><U133/><E133/><V48/><F115/><W33/><G127/><T103/><D8/><U98/><E126/><V91/><F124/><W84/><G75/><T87/><D87/><U83/><E38/><V77/><F91/><W15/><G33/><T74/><D103/><U107/><E9/><V24/><F48/><W39/><G39/><N who="0" m="21567" /><D74/><U27/><E107/><V18/><F70/><W71/><G30/><T129/><D129/><U6/><E6/><V34/><F34/><W20/><G55/><T112/><D112/><U94/><E98/><V120/><F72/><W88/><G102/><T60/><D60/><U1/><E1/><V121/><F101/><W4/><G100/><T54/><D122/><U125/><E125/><V23/><F32/><W123/><G123/><N who="2" m="47177" /><F106/><W90/><G4/><N who="2" m="1609" /><F0/><W57/><G84/><T25/><D25/><U47/><E85/><V13/><F24/><W50/><G90/><T99/><D99/><U31/><E28/><V52/><F76/><N who="3" m="29227" /><G88/><T3/><D3/><U11/><E11/><V95/><F77/><W59/><G50/><T61/><D37/><N who="1" m="21967" /><E94/><V108/><F108/><W26/><G22/><T64/><D61/><RYUUKYOKU ba="1,0" sc="399,0,183,0,271,0,147,0" hai0="43,51,53,54,64,65,66" hai1="21,27,31,49,58,81,83,89,93,97" hai2="13,18,23,52,56,62,95" hai3="14,15,17,20,26,57,59,68,69,71" /><INIT seed="5,2,0,3,2,91" ten="399,183,271,147" oya="1" hai0="32,127,58,61,12,13,129,109,84,54,4,107,117" hai1="64,48,56,111,39,53,30,14,49,62,98,80,1" hai2="83,123,59,101,120,114,22,94,42,106,8,7,104" hai3="95,134,113,11,3,73,119,25,76,43,52,89,133"/><U88/><E1/><V19/><F42/><W135/><G113/><T35/><D109/><U122/><E122/><V65/><F114/><W24/><G119/><T97/><D117/><U82/><E39/><V29/><F83/><N who="1" m="31785" /><E111/><V40/><F40/><W79/><G43/><T20/><D129/><U33/><E33/><V17/><F29/><W10/><G73/><T121/><D127/><U50/><E30/><V2/><F19/><W9/><G3/><T93/><D107/><U23/><E23/><V116/><F116/><W27/><REACH who="3" step="1"/><G52/><REACH who="3" ten="399,183,271,137" step="2"/><T78/><D54/><U38/><E38/><V31/><F2/><W18/><G18/><T124/><D61/><U55/><E14/><V26/><F120/><W125/><G125/><T108/><D13/><U86/><E98/><AGARI ba="2,1" hai="9,10,11,24,25,27,76,79,89,95,98,133,134,135" machi="98" ten="50,8000,1" yaku="1,1,29,2,20,1,52,1,53,0" doraHai="91" doraHaiUra="68" who="3" fromWho="1" sc="399,0,183,-86,271,0,137,96" /><INIT seed="6,0,0,2,3,108" ten="399,97,271,233" oya="2" hai0="48,91,27,129,6,14,60,51,132,55,116,127,33" hai1="96,99,133,110,38,125,123,106,107,17,71,114,19" hai2="98,47,103,9,81,16,20,37,43,73,5,135,68" hai3="25,57,42,119,121,88,97,11,54,41,124,87,32"/><V29/><F135/><W94/><G119/><T56/><D116/><U53/><E133/><V84/><F68/><W80/><G121/><T131/><BYE who="2" /><D127/><U95/><E125/><V46/><F46/><W65/><G124/><T22/><D132/><U24/><E71/><V52/><F52/><W118/><G118/><T66/><D33/><U26/><E38/><V74/><F74/><W23/><G32/><T134/><D134/><U35/><E35/><V130/><F130/><N who="0" m="49674" /><D91/><U62/><E110/><V1/><F1/><W82/><G11/><N who="0" m="4471" /><D55/><U101/><E53/><V111/><F111/><W122/><G122/><T70/><D70/><U93/><E123/><V90/><F90/><W69/><G69/><T67/><D67/><U3/><E3/><V117/><F117/><W126/><G65/><T61/><D61/><U30/><E62/><V102/><F102/><W92/><G92/><T0/><D0/><U86/><E101/><V75/><F75/><W31/><G126/><T83/><D83/><N who="3" m="31785" /><G87/><T58/><D58/><U15/><E86/><V76/><F76/><W104/><G104/><T40/><D40/><U10/><E10/><V112/><F112/><W18/><G31/><AGARI ba="0,0" hai="22,27,31,48,51,56,60,66" m="4471,49674" machi="31" ten="30,1000,0" yaku="19,1" doraHai="108" who="0" fromWho="3" sc="399,10,97,0,271,0,233,-10" /><INIT seed="7,0,0,5,1,31" ten="409,97,271,223" oya="3" hai0="104,71,50,73,12,133,76,5,121,18,11,8,111" hai1="7,42,36,53,63,64,65,77,89,44,97,105,15" hai2="66,67,86,32,88,101,78,56,14,119,45,20,0" hai3="131,39,6,37,74,87,127,33,126,62,28,120,48"/><W113/><G74/><T49/><D73/><U112/><E77/><V103/><F103/><W13/><G120/><T135/><D71/><U54/><E89/><V110/><F110/><W52/><G113/><T47/><D104/><U27/><E97/><V19/><F19/><W41/><G131/><T1/><D111/><U34/><E105/><V3/><F3/><W72/><G72/><T23/><D121/><U117/><E7/><V84/><F84/><W90/><G62/><T116/><D116/><U93/><E15/><V94/><F94/><W69/><G69/><T91/><D76/><U80/><E93/><V4/><F4/><W114/><G114/><T106/><D106/><U70/><E80/><V75/><F75/><W10/><G41/><T100/><D100/><U98/><E98/><V22/><F22/><W17/><G6/><T40/><D91/><U125/><E112/><V118/><F118/><W92/><G28/><T83/><D83/><U55/><E117/><V107/><F107/><W95/><G95/><T46/><REACH who="0" step="1"/><D11/><REACH who="0" ten="399,97,271,223" step="2"/><U96/><E96/><V57/><F57/><N who="3" m="32903" /><G33/><T38/><D38/><U124/><E34/><V59/><F59/><W9/><G9/><T60/><D60/><U29/><E29/><V102/><F102/><W24/><G24/><T43/><AGARI ba="0,1" hai="1,5,8,12,18,23,40,43,46,47,49,50,133,135" machi="43" ten="30,4000,0" yaku="1,1,0,1,9,1,53,0" doraHai="31" doraHaiUra="122" who="0" fromWho="0" sc="399,50,97,-10,271,-10,223,-20" owari="449,54.9,87,-41.3,261,6.1,203,-19.7" /></mjloggm>