<mjloggm ver="2.3"><GO type="169" lobby="0"/><UN n0="%E3%81%9B%E3%81%A9%E3%81%AA%E3%82%8A%E3%81%82%E3%82%93" n1="%6B%61%74%65%72%69%6E%61" n2="%E5%B0%8F%E4%B8%89%E5%85%83%E5%8D%97%E5%8D%98%E9%A8%8E" n3="%E3%81%82%E3%81%84%E3%81%BF%E3%81%A6%E3%81%AE" dan="17,17,16,16" rate="2161.08,2233.56,2110.96,2065.59" sx="F,M,M,M"/><TAIKYOKU oya="0"/><INIT seed="0,0,0,3,1,57" ten="250,250,250,250" oya="0" hai0="54,69,123,6,48,1,13,113,78,32,24,63,91" hai1="44,110,31,20,28,120,93,112,133,53,118,89,130" hai2="99,60,77,10,90,111,61,97,70,49,80,12,134" hai3="106,88,86,107,35,43,128,115,41,29,102,21,17"/><T94/><D113/><U132/><E118/><V95/><F111/><W4/><G115/><T27/><D123/><U59/><E112/><V62/><F134/><N who="1" m="51817" /><E120/><V46/><F70/><W103/><G128/><T76/><D1/><U131/><E110/><V56/><F99/><W2/><G35/><T52/><D32/><U5/><E5/><N who="2" m="3151" /><F77/><N who="0" m="29802" /><D69/><U104/><E44/><V71/><F71/><W82/><G29/><N who="1" m="11338" /><E20/><V126/><F126/><W36/><G106/><T114/><D114/><U79/><E79/><V84/><F56/><W125/><G125/><T34/><D34/><U129/><E104/><V135/><F135/><W55/><G107/><T30/><D30/><U39/><E39/><V9/><F9/><W74/><G74/><T119/><D119/><U40/><E40/><N who="3" m="15434" /><G4/><T73/><D73/><U26/><E26/><V42/><F97/><W37/><G2/><T33/><D33/><U65/><E65/><V81/><AGARI ba="0,0" hai="42,46,49,60,61,62,80,81,84,90,95" m="3151" machi="81" ten="30,7900,0" yaku="8,1,52,3" doraHai="57" who="2" fromWho="2" sc="250,-39,250,-20,250,79,250,-20" /><INIT seed="1,0,0,5,4,41" ten="211,230,329,230" oya="1" hai0="79,62,74,114,98,55,67,120,109,17,131,87,83" hai1="85,49,129,60,50,91,23,112,73,32,97,130,77" hai2="133,45,78,127,90,134,43,117,124,122,27,31,88" hai3="75,99,5,56,44,37,72,100,115,13,35,3,51"/><U47/><E32/><N who="2" m="20607" /><F117/><W106/><G115/><T118/><D114/><U59/><E112/><V70/><F70/><W21/><G35/><T102/><D118/><U69/><E69/><V132/><F78/><W113/><G37/><T25/><D109/><U103/><E23/><V29/><F29/><W34/><G34/><T82/><D131/><N who="1" m="50187" /><E77/><V80/><F122/><W24/><G56/><T52/><D120/><U135/><E73/><V33/><F33/><W108/><G3/><T86/><D74/><U9/><E9/><V14/><F14/><W126/><G108/><T93/><D17/><U121/><E121/><V12/><F12/><W110/><G110/><T63/><D25/><U76/><E76/><V101/><F101/><W8/><G126/><N who="2" m="48169" /><F80/><W15/><G15/><T111/><D111/><U128/><E135/><V22/><F22/><W46/><G113/><T81/><D79/><U18/><E18/><V107/><F107/><W116/><G116/><T11/><D11/><U39/><E128/><V89/><F89/><W2/><G2/><T20/><D20/><U66/><E91/><V65/><F65/><W7/><G7/><T1/><D1/><U92/><E85/><N who="0" m="32265" /><D67/><U96/><E96/><V123/><F123/><W26/><G26/><T36/><D36/><AGARI ba="0,0" hai="36,43,45,88,90,132,133,134" m="48169,20607" machi="36" ten="40,8000,1" yaku="20,1,18,1,52,1,54,1" doraHai="41" who="2" fromWho="0" sc="211,-80,230,0,329,80,230,0" /><INIT seed="2,0,0,4,0,101" ten="131,230,409,230" oya="2" hai0="116,47,124,59,79,73,69,40,56,134,119,123,74" hai1="8,61,91,70,1,95,37,35,99,97,107,57,89" hai2="49,133,67,0,68,112,43,78,28,85,110,135,128" hai3="24,104,63,10,100,88,21,76,126,118,114,105,9"/><V77/><F112/><W38/><G118/><N who="0" m="45099" /><D79/><U42/><E35/><V132/><F128/><W7/><G38/><N who="0" m="21911" /><D74/><U115/><E115/><V75/><F75/><W90/><G76/><T48/><D73/><U102/><E70/><V31/><F0/><W20/><G114/><T130/><D123/><U51/><E37/><V55/><F43/><W62/><G100/><T72/><D72/><U120/><E120/><V2/><F2/><W58/><G58/><N who="0" m="22059" /><D69/><U36/><E36/><V13/><F78/><W86/><G24/><T111/><D48/><U66/><E1/><V4/><F77/><W34/><G7/><T27/><D27/><U113/><E113/><V23/><F4/><W121/><G121/><T45/><D45/><N who="1" m="26039" /><E8/><V81/><F49/><W83/><G86/><T122/><D122/><U64/><E64/><V44/><F67/><W103/><G103/><T60/><D60/><U54/><E66/><V46/><F133/><W125/><G83/><T16/><D111/><U53/><E53/><V26/><F55/><W71/><G71/><T98/><D134/><U109/><E109/><V131/><F110/><W19/><G19/><T50/><D50/><U6/><E6/><V15/><F68/><W17/><G17/><T117/><N who="0" m="45107" /><T12/><DORA hai="93" /><D130/><U33/><E33/><AGARI ba="0,0" hai="9,10,20,21,33,34,62,63,88,90,104,105,125,126" machi="33" ten="25,8000,1" yaku="22,2,52,2,54,1" doraHai="101,93" who="3" fromWho="1" sc="131,0,230,-80,409,0,230,80" /><INIT seed="3,0,0,0,4,10" ten="131,150,409,310" oya="3" hai0="83,87,112,134,74,8,56,127,80,46,50,92,96" hai1="44,42,85,1,19,26,124,95,72,37,100,53,126" hai2="129,122,16,130,33,86,69,82,60,15,99,30,13" hai3="11,6,31,20,66,88,63,48,21,24,14,49,35"/><W43/><G43/><T55/><D127/><N who="1" m="48683" /><E72/><V47/><F122/><W111/><G111/><T119/><D119/><U59/><E1/><V57/><F69/><W41/><G41/><T77/><D134/><U78/><E78/><N who="2" m="46423" /><F99/><W93/><G21/><T107/><D112/><U36/><E19/><V75/><F75/><W84/><REACH who="3" step="1"/><G35/><REACH who="3" ten="131,150,409,300" step="2"/><T116/><D116/><U120/><E120/><V3/><F33/><W7/><G7/><T90/><D8/><U54/><E42/><V32/><F32/><W39/><G39/><T76/><REACH who="0" step="1"/><D107/><REACH who="0" ten="121,150,409,300" step="2"/><U2/><E37/><V123/><F123/><W29/><G29/><T18/><D18/><U105/><E36/><V114/><F30/><W98/><G98/><T109/><D109/><U65/><E105/><V89/><F16/><W22/><G22/><T17/><D17/><U38/><E38/><V133/><F114/><W81/><G81/><T51/><D51/><U108/><E108/><V73/><F130/><W28/><G28/><T104/><D104/><U58/><E95/><V52/><F129/><W67/><G67/><T5/><D5/><U25/><E65/><V23/><F23/><W64/><G64/><T135/><D135/><U106/><E106/><V70/><F133/><W94/><G94/><T132/><D132/><U0/><E54/><V128/><F52/><W45/><G45/><AGARI ba="0,2" hai="45,46,50,55,56,74,76,77,80,83,87,90,92,96" machi="45" ten="40,1300,0" yaku="1,1,53,0" doraHai="10" doraHaiUra="110" who="0" fromWho="3" sc="121,33,150,0,409,0,300,-13" /><INIT seed="4,0,0,1,2,86" ten="154,150,409,287" oya="0" hai0="65,121,52,102,33,64,87,15,88,59,31,18,117" hai1="26,8,95,30,35,6,127,130,3,56,114,135,32" hai2="61,78,7,80,11,60,93,36,25,103,4,29,27" hai3="72,57,68,90,16,23,42,55,70,99,123,124,24"/><T20/><D117/><U74/><E74/><V112/><F36/><W51/><G72/><T73/><D121/><U71/><E71/><V119/><F119/><W133/><G124/><T48/><D73/><U128/><E127/><V28/><F112/><W38/><G133/><T79/><D79/><U84/><E114/><V47/><F47/><W131/><G131/><N who="1" m="50218" /><E135/><V126/><F80/><W83/><G123/><T69/><D69/><U132/><E132/><V37/><F37/><W122/><G122/><T44/><D102/><U120/><E56/><V107/><F107/><W105/><G105/><T96/><D96/><U98/><E84/><V110/><F110/><W13/><G83/><N who="0" m="49279" /><D33/><N who="1" m="20695" /><E120/><V125/><F78/><W85/><G85/><T92/><D92/><U115/><E115/><V2/><F93/><N who="3" m="56759" /><G38/><T46/><D31/><U22/><E22/><V50/><F29/><W94/><G94/><T10/><D20/><U14/><E3/><V40/><F28/><W19/><G68/><T76/><D76/><U41/><E41/><V91/><F2/><W100/><G70/><T0/><D0/><U97/><E97/><V89/><F125/><W101/><G42/><N who="0" m="24599" /><D46/><U106/><E106/><V1/><F1/><W111/><G111/><T77/><D77/><U45/><E45/><V67/><F126/><W109/><G109/><T12/><D12/><U82/><E82/><V129/><F129/><W62/><G100/><AGARI ba="0,0" hai="6,8,14,32,35,95,98,100" m="20695,50218" machi="100" ten="30,1000,0" yaku="19,1" doraHai="86" who="1" fromWho="3" sc="154,0,150,10,409,0,287,-10" /><INIT seed="5,0,0,1,5,100" ten="154,160,409,277" oya="1" hai0="74,128,133,33,39,102,75,1,23,119,58,116,14" hai1="88,107,44,81,129,135,76,22,84,37,90,111,86" hai2="125,40,63,80,38,53,9,24,131,20,13,120,7" hai3="105,126,46,67,127,31,112,15,4,11,32,66,16"/><U122/><E122/><V95/><F120/><W73/><G73/><T43/><D33/><U51/><E37/><V29/><F131/><W96/><G112/><T93/><D1/><U124/><E129/><V117/><F117/><W18/><G32/><T87/><D128/><U21/><E124/><N who="3" m="47658" /><G31/><T30/><D133/><U97/><E135/><V110/><F110/><W83/><G83/><T12/><D39/><U130/><E130/><V27/><F125/><W92/><G46/><T28/><D43/><U72/><E111/><V132/><F132/><W98/><G98/><T104/><D102/><N who="1" m="62927" /><E51/><V47/><F80/><W50/><G50/><T55/><D74/><U25/><E25/><V49/><F38/><W121/><G105/><T54/><D75/><U85/><E44/><V118/><F118/><W78/><G78/><T35/><D104/><U45/><E45/><V103/><F27/><W2/><G121/><T10/><D116/><U5/><E5/><V48/><F63/><W41/><G41/><T115/><D119/><U114/><E114/><V70/><F70/><W59/><G59/><T64/><D58/><U101/><E22/><V82/><F82/><W77/><G77/><T89/><D115/><U6/><E21/><V17/><F49/><W69/><G69/><T26/><D23/><U62/><E62/><V71/><F71/><W0/><G0/><T94/><D35/><U108/><E108/><V99/><F40/><W56/><G56/><T52/><D26/><U36/><E36/><V123/><F123/><W79/><G4/><AGARI ba="0,0" hai="4,7,9,13,17,20,24,29,47,48,53,95,99,103" machi="4" ten="40,1300,0" yaku="8,1" doraHai="100" who="2" fromWho="3" sc="154,0,160,0,409,13,277,-13" /><INIT seed="6,0,0,1,2,62" ten="154,160,422,264" oya="2" hai0="35,134,68,64,112,127,28,82,34,52,47,4,55" hai1="108,93,120,42,117,129,20,88,1,60,89,110,24" hai2="113,41,85,101,69,78,92,32,3,118,19,54,16" hai3="73,74,8,84,123,26,102,2,22,33,98,105,39"/><V7/><F118/><W40/><G123/><T9/><D112/><U14/><E117/><V37/><F54/><W21/><G21/><T114/><D114/><U116/><E116/><V72/><F32/><W103/><G103/><T61/><D127/><U65/><E1/><V106/><F69/><W36/><G84/><T67/><D134/><U95/><E129/><V119/><F106/><W135/><G135/><T15/><D67/><U115/><E115/><V111/><F111/><W124/><G124/><T10/><D28/><U91/><E42/><V23/><F92/><W125/><G125/><T99/><D99/><U11/><E120/><V86/><F7/><N who="3" m="1143" /><G22/><T59/><D82/><U80/><E80/><V49/><F86/><W94/><G94/><T79/><D79/><U30/><E108/><V53/><F78/><W96/><G96/><T31/><D31/><U50/><E50/><V6/><F85/><W77/><G77/><T12/><D47/><U56/><E110/><V51/><F23/><W87/><G87/><T25/><D25/><U17/><AGARI ba="0,0" hai="11,14,17,20,24,30,56,60,65,88,89,91,93,95" machi="17" ten="30,7900,0" yaku="0,1,8,1,52,1,54,1" doraHai="62" who="1" fromWho="1" sc="154,-20,160,79,422,-39,264,-20" /><INIT seed="7,0,0,2,2,30" ten="134,239,383,244" oya="3" hai0="2,10,109,76,131,120,101,67,85,106,66,90,84" hai1="103,107,82,45,116,92,87,68,133,38,83,41,8" hai2="46,6,48,51,33,43,112,111,52,77,80,127,99" hai3="124,98,96,69,91,9,4,24,32,94,104,17,72"/><W114/><G69/><T105/><D120/><U71/><E107/><V13/><F111/><W128/><G72/><T23/><D131/><U110/><E110/><V118/><F118/><W123/><G123/><T79/><D109/><U88/><E133/><V125/><F33/><W31/><G114/><T37/><D37/><U59/><E116/><V50/><F99/><W64/><G64/><T53/><D23/><U25/><E83/><V35/><F35/><W61/><G61/><T54/><D10/><U5/><E59/><N who="2" m="33159" /><F51/><W130/><G17/><T14/><D14/><U42/><E42/><V81/><F112/><W56/><G56/><T60/><D60/><U1/><E25/><V47/><F47/><W100/><REACH who="3" step="1"/><G124/><REACH who="3" ten="134,239,383,234" step="2"/><T129/><D129/><U134/><E134/><V78/><F127/><W3/><AGARI ba="0,1" hai="3,4,9,24,31,32,91,94,96,98,100,104,128,130" machi="3" ten="30,11700,0" yaku="1,1,2,1,0,1,52,1,53,0" doraHai="30" doraHaiUra="18" who="3" fromWho="3" sc="134,-39,239,-39,383,-39,234,127" owari="95,-40.5,200,-20.0,344,14.4,361,46.1" /></mjloggm>