<mjloggm ver="2.3"><GO type="169" lobby="0"/><UN n0="%E7%96%BE%E9%A2%A8%E5%88%83%E9%9B%B7" n1="%E9%87%A3%E3%82%8A%E6%97%A5%E5%92%8C" n2="%E3%82%82%E3%82%8A%E3%82%8A%E3%82%93%E3%82%82%E3%82%8A%E3%82%82%E3%82%8A" n3="%67%6F%6B%75%61%6B%75" dan="16,17,16,17" rate="2125.53,2192.81,2099.12,2206.45" sx="M,M,M,M"/><TAIKYOKU oya="0"/><INIT seed="0,0,0,2,3,96" ten="250,250,250,250" oya="0" hai0="12,65,3,100,10,13,92,104,64,61,97,43,110" hai1="69,2,0,98,39,115,50,128,81,47,80,11,133" hai2="33,5,21,113,83,20,132,78,57,30,42,56,114" hai3="26,53,45,86,112,19,89,49,74,14,71,116,125"/><T73/><D73/><U63/><E39/><V68/><F68/><W60/><G112/><T25/><D43/><U135/><E128/><V127/><F33/><W107/><G116/><T93/><D3/><U29/><E29/><V76/><F30/><W52/><G74/><T37/><D37/><U108/><E108/><V54/><F5/><W119/><G125/><T55/><D110/><U6/><E0/><V35/><F35/><W85/><G107/><T123/><D123/><U16/><E115/><V120/><F120/><W59/><G119/><T130/><D130/><U34/><E34/><V66/><F66/><W129/><G129/><T51/><D25/><U62/><E98/><V72/><F42/><W28/><G71/><T32/><D32/><U94/><E94/><V102/><F72/><W106/><G106/><T82/><D82/><U44/><E44/><V15/><F83/><N who="1" m="31817" /><E16/><V17/><F17/><W8/><G89/><T46/><D65/><U131/><E69/><V70/><F70/><W48/><REACH who="3" step="1"/><G60/><REACH who="3" ten="250,250,250,240" step="2"/><T18/><REACH who="0" step="1"/><D13/><REACH who="0" ten="240,250,250,240" step="2"/><U95/><E131/><V36/><F15/><W7/><G7/><T124/><D124/><U4/><E4/><V134/><F127/><W109/><G109/><T121/><D121/><U126/><E126/><V105/><F114/><W23/><AGARI ba="0,2" hai="8,14,19,23,26,28,45,48,49,52,53,59,85,86" machi="23" ten="20,8000,1" yaku="1,1,0,1,7,1,8,1,54,1,53,0" doraHai="96" doraHaiUra="118" who="3" fromWho="3" sc="240,-40,250,-20,250,-20,240,100" /><INIT seed="1,0,0,2,0,59" ten="200,230,230,340" oya="1" hai0="76,107,115,5,91,56,103,132,88,11,27,92,51" hai1="124,118,122,133,114,47,80,43,3,41,63,128,9" hai2="42,65,46,68,62,129,33,38,93,53,89,121,102" hai3="21,98,37,57,60,23,25,85,131,31,75,134,52"/><U24/><E114/><V66/><F121/><W123/><G123/><T94/><D115/><U105/><E122/><V100/><F33/><W48/><G75/><T0/><D107/><U54/><E118/><V22/><F129/><W34/><G131/><T44/><D132/><U13/><E3/><V10/><F10/><W29/><G37/><T135/><D135/><U78/><E105/><V70/><F53/><W116/><G116/><T74/><D76/><U16/><E133/><V50/><F22/><W36/><G36/><T113/><D74/><U108/><E128/><V18/><F18/><W35/><G134/><T96/><D27/><U61/><E24/><V79/><F79/><W30/><G34/><T67/><D113/><U84/><E124/><V28/><F28/><N who="3" m="10859" /><G35/><T120/><D94/><U14/><E14/><V104/><F38/><W130/><G130/><T12/><D0/><U20/><E20/><V32/><F32/><W58/><G85/><T125/><D125/><U117/><E117/><V2/><F2/><W126/><G126/><T69/><D69/><U109/><E54/><V82/><F104/><W111/><G111/><N who="1" m="42570" /><E43/><V26/><F26/><W1/><G1/><T110/><D120/><U8/><E8/><V45/><F82/><W40/><G40/><N who="0" m="24967" /><D110/><U4/><E4/><V71/><F45/><W15/><G15/><T87/><D87/><U39/><AGARI ba="0,0" hai="9,13,16,39,41,47,61,63,78,80,84" m="42570" machi="39" ten="30,12000,1" yaku="14,1,10,1,52,2,54,1" doraHai="59" who="1" fromWho="1" sc="200,-40,230,120,230,-40,340,-40" /><INIT seed="1,1,0,5,3,59" ten="160,350,190,300" oya="1" hai0="74,79,106,42,16,53,6,8,86,102,20,73,23" hai1="69,94,2,15,29,124,92,70,125,58,111,100,129" hai2="103,4,35,36,68,17,83,39,61,98,108,34,131" hai3="84,10,5,85,118,41,133,107,25,82,105,117,57"/><U52/><E2/><V90/><F108/><W45/><G133/><T38/><D86/><U44/><E129/><V91/><F4/><W128/><G128/><T113/><D113/><U120/><E120/><V47/><F131/><W99/><G25/><T62/><D102/><U49/><E111/><V22/><F34/><W130/><G130/><T21/><D106/><U9/><E29/><V126/><F35/><W37/><G57/><T127/><D127/><N who="1" m="48715" /><E100/><V19/><F126/><W48/><G85/><T87/><D73/><U18/><E44/><V30/><F30/><W14/><G37/><T112/><D74/><U7/><E7/><V60/><F103/><W134/><G134/><T50/><D112/><U3/><E3/><V28/><F28/><W97/><G105/><T96/><D38/><U32/><E32/><V135/><F47/><W114/><G114/><T72/><D72/><U88/><E94/><V24/><F83/><W121/><G121/><T104/><D104/><U89/><E89/><V76/><F91/><W132/><G132/><T1/><D96/><AGARI ba="1,0" hai="9,15,18,49,52,58,69,70,88,92,96" m="48715" machi="96" ten="30,5800,0" yaku="18,1,54,2" doraHai="59" who="1" fromWho="0" sc="160,-61,350,61,190,0,300,0" /><INIT seed="1,2,0,0,1,53" ten="99,411,190,300" oya="1" hai0="39,54,42,38,130,91,70,64,124,98,122,51,63" hai1="68,89,95,37,127,44,22,109,67,61,129,97,45" hai2="52,8,7,112,131,100,4,49,17,3,25,10,79" hai3="72,58,133,74,117,21,77,0,27,36,128,81,101"/><U110/><E129/><V78/><F112/><W121/><G121/><T119/><D91/><U5/><E127/><V116/><F100/><W41/><G128/><T102/><D130/><U60/><E5/><V104/><F104/><W26/><G74/><T107/><D124/><U103/><E37/><V29/><F17/><W106/><G133/><T11/><D11/><U23/><E61/><V19/><F19/><W96/><G117/><T135/><D119/><U73/><E73/><V75/><F75/><W55/><G0/><T48/><D135/><U120/><E120/><V76/><F131/><W24/><G41/><T99/><D99/><U88/><E89/><V90/><F90/><W125/><G36/><T20/><D20/><U47/><E103/><V83/><F83/><W50/><REACH who="3" step="1"/><G125/><REACH who="3" ten="99,411,190,290" step="2"/><T114/><D114/><U15/><E15/><V14/><F116/><W56/><G56/><N who="0" m="32863" /><D122/><U105/><E105/><V28/><REACH who="2" step="1"/><F25/><REACH who="2" ten="99,411,180,290" step="2"/><W62/><G62/><N who="0" m="40215" /><D38/><U43/><E43/><V123/><F123/><W1/><G1/><T35/><D63/><U34/><E60/><V9/><F9/><W13/><G13/><T80/><D48/><U18/><E68/><V33/><F33/><W118/><G118/><T71/><D71/><U126/><E34/><V32/><F32/><W87/><G87/><T40/><D35/><U69/><E126/><V134/><F134/><W108/><G108/><T65/><D65/><U16/><E67/><V132/><F132/><W6/><G6/><T46/><D42/><U111/><E69/><V31/><F31/><AGARI ba="2,2" hai="21,24,26,27,31,50,55,58,72,77,81,96,101,106" machi="31" ten="30,3900,0" yaku="1,1,7,1,52,1,53,0" doraHai="53" doraHaiUra="30" who="3" fromWho="2" sc="99,0,411,0,180,-45,290,65" /><INIT seed="2,0,0,1,0,41" ten="99,411,135,355" oya="2" hai0="102,123,81,52,106,29,64,97,100,15,7,49,133" hai1="114,16,61,116,10,130,66,38,71,14,46,78,135" hai2="28,18,112,127,79,77,25,118,128,125,35,110,13" hai3="22,8,26,24,92,90,72,93,53,115,3,43,5"/><V45/><F112/><W121/><G121/><T98/><D123/><U58/><E114/><V50/><F118/><W113/><G72/><T6/><D133/><U1/><E116/><V44/><F128/><W65/><G65/><T104/><D64/><U101/><E135/><V120/><F120/><W32/><G93/><T83/><D29/><U31/><E130/><V91/><F91/><W109/><G109/><T40/><D40/><U63/><E31/><V70/><F70/><W74/><G74/><T56/><REACH who="0" step="1"/><D15/><REACH who="0" ten="89,411,135,355" step="2"/><U103/><E1/><V19/><F110/><W80/><G43/><T21/><D21/><U30/><E30/><V12/><F12/><W94/><G113/><T87/><D87/><U37/><E66/><V0/><F0/><W27/><G115/><T122/><D122/><U126/><E14/><V42/><F13/><W124/><G22/><T17/><D17/><N who="2" m="6154" /><F35/><W23/><G23/><T68/><D68/><U134/><E71/><V34/><F34/><W131/><G32/><T88/><D88/><U82/><E134/><V51/><F28/><W47/><G131/><T95/><D95/><U62/><E16/><V89/><F89/><W85/><G94/><T107/><D107/><U86/><E86/><V48/><F25/><W75/><G92/><T105/><D105/><U57/><E10/><V111/><F111/><W55/><G75/><T96/><D96/><U54/><E101/><V2/><F2/><W129/><G129/><T60/><D60/><U99/><E103/><V117/><F117/><W76/><G90/><T11/><D11/><U9/><E9/><RYUUKYOKU ba="0,1" sc="89,30,411,-10,135,-10,355,-10" hai0="6,7,49,52,56,81,83,97,98,100,102,104,106" /><INIT seed="3,1,1,5,3,119" ten="119,401,125,345" oya="3" hai0="131,23,82,99,109,50,48,42,8,105,118,112,67" hai1="66,26,104,108,76,113,98,95,57,133,24,80,6" hai2="46,1,18,49,123,11,91,89,15,43,110,3,40" hai3="59,94,16,39,70,128,4,72,0,134,21,129,56"/><W51/><G39/><T52/><D118/><U60/><E113/><V84/><F110/><W86/><G72/><T122/><D109/><U30/><E108/><V20/><F123/><W55/><G70/><T96/><D112/><U77/><E133/><V29/><F43/><W120/><G134/><T87/><D67/><U12/><E104/><V7/><F29/><W71/><G71/><T34/><D34/><U73/><E77/><V92/><REACH who="2" step="1"/><F91/><REACH who="2" ten="119,401,115,345" step="2"/><W117/><G120/><T114/><D122/><U121/><E121/><V37/><F37/><W132/><G117/><T25/><D114/><U13/><E30/><V33/><F33/><W127/><G132/><T85/><D42/><U125/><E125/><V5/><F5/><W2/><G4/><T17/><D131/><U28/><E6/><V58/><F58/><W88/><G59/><T53/><D105/><U63/><E28/><V79/><F79/><W38/><G38/><T81/><D8/><U68/><E68/><V47/><F47/><W10/><G127/><T19/><D23/><U124/><E124/><V9/><F9/><W74/><G10/><T45/><D45/><U35/><E35/><V41/><F41/><W22/><G22/><T90/><D90/><U107/><E107/><V54/><F54/><W101/><G128/><T65/><D65/><U111/><E111/><V27/><AGARI ba="1,2" hai="1,3,7,11,15,18,20,27,40,46,49,84,89,92" machi="27" ten="20,2700,0" yaku="1,1,0,1,7,1,53,0" doraHai="119" doraHaiUra="135" who="2" fromWho="2" sc="119,-8,401,-8,115,50,345,-14" /><INIT seed="4,0,0,0,4,17" ten="111,393,165,331" oya="0" hai0="114,134,73,31,76,78,80,57,88,66,68,83,45" hai1="3,94,50,58,4,48,105,35,103,75,6,96,60" hai2="27,0,56,41,74,126,90,93,22,72,109,112,54" hai3="62,111,122,106,39,32,101,125,135,18,124,34,23"/><T20/><D68/><U52/><E35/><V12/><F109/><W38/><G111/><T104/><D104/><U102/><E75/><V33/><F0/><W81/><G135/><T116/><D116/><U5/><E3/><V67/><F41/><W107/><G122/><T49/><D134/><U113/><E113/><V2/><F2/><W19/><G62/><N who="0" m="38223" /><D73/><U71/><E71/><V21/><F67/><W98/><G81/><N who="0" m="31307" /><D114/><U79/><E79/><N who="0" m="30249" /><D31/><U36/><E36/><V25/><F33/><W14/><G106/><T8/><D8/><U100/><E105/><V24/><F112/><W13/><G32/><T84/><D84/><U64/><E64/><V95/><F126/><N who="3" m="48747" /><G34/><T119/><D119/><U10/><E10/><AGARI ba="0,0" hai="10,13,14,18,19,23,38,39,98,101,107" m="48747" machi="10" ten="30,2000,0" yaku="18,1,52,1" doraHai="17" who="3" fromWho="1" sc="111,0,393,-20,165,0,331,20" /><INIT seed="5,0,0,4,2,112" ten="111,373,165,351" oya="1" hai0="44,64,20,58,86,1,75,8,87,61,111,9,67" hai1="29,56,110,89,27,18,128,126,55,132,22,2,34" hai2="50,42,109,65,99,76,90,98,13,107,105,95,96" hai3="19,51,15,101,4,100,0,92,24,5,124,66,40"/><U119/><E2/><V120/><F13/><W46/><G124/><T21/><D111/><U108/><E126/><V134/><F65/><W60/><G0/><T14/><D75/><U104/><E104/><N who="2" m="40011" /><F50/><W35/><G35/><T79/><D1/><U41/><E41/><V85/><F42/><W122/><G24/><T48/><D79/><U33/><E132/><V63/><F63/><W118/><G122/><T28/><D67/><U77/><E128/><V102/><F109/><N who="1" m="42089" /><E34/><V131/><F120/><W129/><G129/><T71/><D71/><U130/><E130/><V115/><F115/><W69/><G118/><T11/><D21/><U116/><E89/><N who="2" m="55407" /><F131/><W16/><G19/><T94/><D94/><U38/><E38/><V81/><F134/><W17/><G17/><T53/><REACH who="0" step="1"/><D14/><REACH who="0" ten="101,373,165,351" step="2"/><N who="1" m="9559" /><E77/><V84/><F102/><W93/><G100/><T74/><D74/><U114/><E114/><V39/><F39/><W106/><G106/><T82/><D82/><AGARI ba="0,1" hai="76,81,82,84,85,90,98,99" m="55407,40011" machi="82" ten="30,8000,1" yaku="35,5" doraHai="112" who="2" fromWho="0" sc="101,-80,373,0,165,90,351,0" /><INIT seed="6,0,0,3,1,8" ten="21,373,255,351" oya="2" hai0="74,60,80,62,27,41,37,84,29,6,12,45,97" hai1="104,24,53,102,92,13,81,17,56,33,135,69,30" hai2="87,28,82,35,90,128,16,114,39,40,98,133,32" hai3="125,18,63,107,122,59,22,25,91,0,79,83,126"/><V112/><F128/><W89/><G122/><T26/><D74/><U2/><E69/><V120/><F120/><W55/><G107/><T78/><D97/><U93/><E2/><V20/><F133/><W51/><G0/><T119/><D119/><U36/><E36/><V130/><F130/><W123/><G123/><T68/><D37/><U23/><E135/><V47/><F98/><W73/><REACH who="3" step="1"/><G63/><REACH who="3" ten="21,373,255,341" step="2"/><T65/><D62/><U61/><E104/><V121/><F121/><W49/><G49/><T132/><D132/><U116/><E116/><V88/><F90/><AGARI ba="0,1" hai="18,22,25,51,55,59,73,79,83,89,90,91,125,126" machi="90" ten="40,1300,0" yaku="1,1,53,0" doraHai="8" doraHaiUra="129" who="3" fromWho="2" sc="21,0,373,0,255,-13,341,23" /><INIT seed="7,0,0,3,0,60" ten="21,373,242,364" oya="3" hai0="1,97,19,134,87,20,108,64,88,15,109,39,112" hai1="126,50,24,45,95,52,131,67,73,47,41,79,105" hai2="30,42,3,107,125,17,5,36,70,77,100,35,16" hai3="18,114,11,92,91,90,31,27,96,129,115,110,46"/><W32/><G129/><T86/><D39/><U43/><E105/><V44/><F125/><W12/><G110/><N who="0" m="42603" /><D1/><U69/><E131/><V103/><F103/><N who="3" m="60807" /><G46/><T111/><N who="0" m="42611" /><T74/><DORA hai="84" /><D97/><U75/><E126/><V6/><F70/><W49/><G49/><T117/><D74/><U29/><E43/><V58/><F30/><W119/><G119/><T54/><D54/><U132/><E132/><V133/><F35/><W8/><G11/><T25/><D20/><U104/><E104/><V127/><F133/><W72/><G72/><T9/><D134/><U55/><E79/><V118/><F127/><W13/><G12/><T124/><D124/><U33/><E45/><V80/><F118/><W83/><G83/><T63/><D9/><U38/><E95/><V4/><F3/><W94/><G94/><T113/><D117/><U102/><E102/><V61/><F100/><W22/><G32/><T34/><D34/><U93/><E93/><V7/><N who="2" m="1024" /><DORA hai="40" /><V68/><F68/><W99/><G99/><T62/><D15/><U65/><E69/><V37/><F37/><W81/><G81/><T123/><D123/><U116/><E116/><V122/><F107/><W98/><G98/><T53/><D53/><N who="1" m="20555" /><E38/><V85/><REACH who="2" step="1"/><F122/><REACH who="2" ten="21,373,232,364" step="2"/><W128/><G128/><T135/><D135/><U28/><E28/><V21/><F21/><W106/><G106/><T51/><D51/><U56/><E56/><V89/><F89/><W121/><G121/><T130/><D88/><U120/><E120/><V0/><F0/><W78/><G78/><T59/><D130/><U26/><E26/><RYUUKYOKU ba="0,1" sc="21,-30,373,10,232,10,364,10" hai1="24,29,33,41,47,50,65,67,73,75" hai2="16,17,36,42,44,58,61,77,80,85" hai3="8,13,18,22,27,31,90,91,114,115" owari="-9,-50.9,393,49.3,242,-15.8,374,17.4" /></mjloggm>