<mjloggm ver="2.3"><GO type="169" lobby="0"/><UN n0="%72%65%62%65%65%72" n1="%E6%A8%99" n2="%62%73%64%5F%33" n3="%E3%82%A2%E3%83%AA%E3%82%A2%E3%83%B3%E3%83%AD%E3%83%BC%E3%83%89" dan="16,16,17,16" rate="2167.27,2155.82,2166.65,2117.04" sx="M,M,F,F"/><TAIKYOKU oya="0"/><INIT seed="0,0,0,5,4,105" ten="250,250,250,250" oya="0" hai0="7,114,100,53,70,69,36,75,106,49,0,39,26" hai1="29,131,42,94,54,25,46,32,40,27,66,126,24" hai2="121,16,35,60,55,21,52,73,130,45,78,57,92" hai3="50,115,96,95,85,123,20,58,34,63,128,43,125"/><T91/><D114/><U87/><E131/><V134/><F121/><W129/><G34/><T5/><D106/><U72/><E126/><V127/><F35/><W112/><G85/><T6/><D100/><U56/><E66/><V124/><F134/><W17/><G125/><N who="2" m="48201" /><F130/><N who="3" m="50283" /><G43/><T15/><D15/><U61/><E72/><V67/><F92/><W68/><G50/><T103/><D103/><U18/><E42/><V79/><F45/><W104/><G68/><T74/><D91/><U88/><REACH who="1" step="1"/><E18/><REACH who="1" ten="250,240,250,250" step="2"/><V30/><F73/><W99/><G123/><T101/><D101/><U89/><E89/><V11/><F79/><W62/><G112/><T109/><D0/><U33/><E33/><V77/><F77/><W37/><G17/><T102/><D102/><U59/><E59/><V28/><F78/><W13/><G58/><T113/><D113/><U116/><E116/><V90/><F90/><W48/><G115/><T86/><D70/><U133/><E133/><V111/><F111/><W12/><G104/><T65/><D109/><U117/><E117/><V82/><F30/><W31/><G31/><T51/><D74/><U1/><E1/><V84/><F28/><W4/><G99/><T93/><D75/><U3/><E3/><V44/><F44/><W2/><G96/><T81/><D69/><U97/><E97/><V8/><F84/><W108/><G2/><T9/><D65/><U118/><E118/><V47/><F47/><W64/><G64/><T71/><D71/><U22/><E22/><V38/><F21/><W14/><G108/><T10/><D86/><U80/><E80/><RYUUKYOKU ba="0,1" sc="250,-10,240,30,250,-10,250,-10" hai1="24,25,27,29,32,40,46,54,56,61,87,88,94" /><INIT seed="1,1,1,3,4,116" ten="240,270,240,240" oya="1" hai0="126,97,131,10,50,27,11,49,130,79,9,128,12" hai1="16,57,127,110,3,107,39,121,98,124,60,34,1" hai2="74,72,119,114,104,6,103,5,61,94,20,95,0" hai3="26,66,35,102,76,80,123,82,93,88,67,86,91"/><U58/><E34/><V133/><F119/><W118/><G118/><T15/><D126/><N who="1" m="48171" /><E39/><V64/><F133/><W17/><G123/><T113/><D113/><U43/><E43/><V28/><F104/><W129/><G129/><T81/><D97/><U29/><E29/><V52/><F114/><W55/><G102/><T101/><D101/><N who="1" m="62903" /><E110/><V42/><F42/><W33/><G35/><T122/><D27/><U45/><E45/><V36/><F36/><W99/><G55/><T105/><D105/><U70/><E70/><V44/><F74/><W106/><G106/><T108/><D108/><U115/><E115/><V68/><F72/><W92/><G80/><T48/><D122/><U54/><E58/><V89/><F103/><W19/><G33/><T90/><D90/><U63/><E63/><V18/><F28/><W41/><G41/><T112/><D112/><U84/><E84/><AGARI ba="1,1" hai="9,10,11,12,15,48,49,50,79,81,84,128,130,131" machi="84" ten="50,6400,0" yaku="29,2,19,1" doraHai="116" who="0" fromWho="1" sc="240,77,270,-67,240,0,240,0" /><INIT seed="2,0,0,4,4,83" ten="317,203,240,240" oya="2" hai0="84,55,63,52,60,113,65,80,108,8,25,49,76" hai1="127,2,53,51,129,28,56,1,62,44,47,123,23" hai2="33,59,86,6,19,110,0,82,26,85,20,107,128" hai3="95,130,30,74,72,133,10,99,96,79,67,111,14"/><V134/><F107/><W45/><G111/><T24/><D108/><U35/><E129/><V97/><F110/><W98/><G130/><T90/><D113/><U120/><E35/><V119/><F119/><W32/><G133/><T61/><D65/><U71/><E28/><V78/><F128/><W21/><G32/><T105/><D105/><U50/><E23/><V77/><F134/><W115/><G115/><T54/><D49/><U104/><E104/><V116/><F116/><W70/><G70/><T66/><D66/><N who="1" m="41431" /><E1/><V15/><F97/><W9/><G67/><T93/><REACH who="0" step="1"/><D8/><REACH who="0" ten="307,203,240,240" step="2"/><U124/><E2/><V18/><F0/><W68/><G9/><T114/><D114/><U131/><E131/><V100/><F6/><W5/><G68/><T38/><D38/><U91/><E51/><V106/><F106/><W37/><G37/><T39/><D39/><U103/><E103/><V22/><F100/><W102/><G102/><T81/><D81/><U4/><E4/><V40/><F40/><W64/><G64/><T75/><AGARI ba="0,1" hai="24,25,52,54,55,60,61,63,75,76,80,84,90,93" machi="75" ten="30,7900,0" yaku="1,1,0,1,52,1,54,1,53,0" doraHai="83" doraHaiUra="69" who="0" fromWho="0" sc="307,89,203,-20,240,-39,240,-20" /><INIT seed="3,0,0,4,5,27" ten="396,183,201,220" oya="3" hai0="79,104,88,24,123,82,53,46,50,131,13,38,102" hai1="110,71,129,16,51,7,89,84,40,41,30,124,26" hai2="115,65,116,118,111,17,36,69,73,29,32,52,60" hai3="47,99,8,49,91,1,114,112,62,96,14,28,134"/><W72/><G72/><T122/><D131/><U135/><E71/><V95/><F115/><W6/><G134/><T10/><D38/><U107/><E107/><V108/><F73/><W15/><G62/><T64/><D64/><U21/><E135/><V100/><F36/><W127/><G127/><T103/><D104/><U9/><E129/><V3/><F3/><W34/><G112/><T4/><D24/><U5/><E124/><V37/><F37/><W61/><G114/><T39/><D39/><U81/><E110/><N who="2" m="42027" /><F17/><W86/><G61/><T92/><D123/><U121/><E121/><V85/><F85/><W119/><G119/><T90/><D90/><U2/><E5/><V31/><F32/><W87/><G87/><N who="0" m="48607" /><D122/><U55/><REACH who="1" step="1"/><E16/><REACH who="1" ten="396,173,201,220" step="2"/><V0/><F118/><W78/><G6/><T76/><D76/><U20/><E20/><V44/><F116/><W70/><G78/><T11/><D11/><U33/><E33/><V45/><F0/><W18/><G70/><T54/><D4/><U94/><E94/><V66/><F95/><N who="3" m="54775" /><G1/><T68/><D68/><U93/><E93/><V125/><F125/><W23/><G34/><T80/><D13/><U106/><E106/><V42/><F69/><W35/><G35/><T98/><D10/><U133/><E133/><V128/><F128/><W126/><G126/><T130/><D130/><U77/><E77/><V75/><F75/><W57/><G14/><T117/><D80/><U120/><E120/><V67/><F100/><N who="0" m="38442" /><D117/><U12/><E12/><V58/><F42/><AGARI ba="0,1" hai="42,46,50,53,54,88,92,98" m="38442,48607" machi="42" ten="30,2000,0" yaku="8,1,54,1" doraHai="27" who="0" fromWho="2" sc="396,30,173,0,201,-20,220,0" /><INIT seed="4,0,0,2,3,49" ten="426,173,181,220" oya="0" hai0="3,60,78,0,21,89,85,4,100,15,38,132,7" hai1="11,79,116,9,31,70,12,103,2,128,76,130,8" hai2="44,1,102,74,18,127,120,115,16,133,40,64,73" hai3="5,96,51,69,98,26,88,29,14,10,66,104,112"/><T30/><BYE who="1" /><D38/><UN n1="%E6%A8%99" /><U111/><E70/><V20/><F120/><W118/><G118/><T58/><D78/><U37/><E37/><V24/><F1/><W119/><G119/><T80/><D132/><U34/><E103/><V48/><F133/><W22/><G112/><T87/><D0/><U46/><E46/><V47/><F115/><W61/><G104/><T6/><D3/><U45/><E45/><V92/><F127/><W129/><G129/><N who="1" m="49770" /><E116/><V81/><F64/><W65/><G65/><T67/><D100/><U109/><E79/><V19/><F47/><W121/><G121/><T28/><D85/><U123/><E76/><V36/><F36/><W41/><G41/><T71/><D71/><U126/><E126/><V59/><F59/><W57/><REACH who="3" step="1"/><G88/><REACH who="3" ten="426,173,181,210" step="2"/><T107/><D107/><U62/><E123/><V55/><F40/><W17/><G17/><AGARI ba="0,1" hai="4,6,7,15,17,21,28,30,58,60,67,80,87,89" machi="17" ten="40,2000,0" yaku="8,1" doraHai="49" who="0" fromWho="3" sc="426,30,173,0,181,0,210,-20" /><INIT seed="4,1,0,0,4,13" ten="456,173,181,190" oya="0" hai0="20,69,61,40,26,111,68,134,119,58,31,109,93" hai1="75,130,120,124,39,54,5,45,80,87,117,23,132" hai2="126,15,59,108,46,38,27,57,2,79,116,24,62" hai3="33,94,10,115,99,65,16,71,74,21,35,90,76"/><T129/><D119/><U112/><E117/><V30/><F116/><W44/><G115/><T9/><D129/><U88/><E120/><V133/><F2/><W6/><G44/><T114/><D114/><U92/><E112/><V41/><F108/><W56/><G71/><T66/><D134/><U97/><E132/><V64/><F126/><W42/><G42/><T37/><D40/><U98/><E130/><V67/><F133/><W70/><G70/><T12/><D37/><U123/><E123/><V49/><F79/><W11/><G74/><T118/><D118/><U48/><E124/><V34/><F27/><W110/><G110/><N who="0" m="41995" /><D93/><U113/><E113/><V19/><F38/><W7/><G76/><T3/><D3/><U17/><E39/><V36/><F36/><W100/><G100/><T77/><D77/><U53/><E5/><AGARI ba="1,0" hai="5,9,12,20,26,31,58,61,66,68,69" m="41995" machi="5" ten="30,1500,0" yaku="10,1" doraHai="13" who="0" fromWho="1" sc="456,18,173,-18,181,0,190,0" /><INIT seed="4,2,0,4,2,98" ten="474,155,181,190" oya="0" hai0="11,64,81,78,1,123,73,62,113,29,49,28,119" hai1="120,75,122,132,116,30,14,91,125,135,41,50,52" hai2="23,110,100,33,131,74,99,102,115,32,17,87,106" hai3="133,84,26,39,31,63,65,103,18,3,83,7,89"/><T88/><D119/><U69/><E116/><V27/><F74/><W97/><G133/><N who="1" m="51274" /><E75/><V2/><F110/><W111/><G111/><T66/><D66/><U101/><E69/><V20/><F115/><W95/><G39/><T121/><D113/><U96/><E41/><V105/><F131/><W80/><G3/><T56/><D123/><N who="1" m="47147" /><E30/><V127/><F127/><W55/><G7/><T43/><D121/><U42/><E42/><V22/><F2/><W85/><G18/><T71/><D1/><U70/><E70/><V126/><F126/><W92/><G55/><T134/><D11/><U45/><E125/><V60/><F87/><W38/><G84/><T59/><D59/><U93/><E14/><V12/><F22/><W68/><REACH who="3" step="1"/><G38/><REACH who="3" ten="474,155,181,180" step="2"/><T128/><D134/><U15/><E15/><V94/><F12/><W5/><G5/><T114/><D128/><U21/><E21/><AGARI ba="2,1" hai="21,26,31,63,65,68,80,83,85,89,92,95,97,103" machi="21" ten="30,3900,0" yaku="1,1,7,1,52,1,53,0" doraHai="98" doraHaiUra="54" who="3" fromWho="1" sc="474,0,155,-45,181,0,180,55" /><INIT seed="5,0,0,0,5,28" ten="474,110,181,235" oya="1" hai0="19,38,0,94,122,87,78,16,119,52,134,60,73" hai1="39,128,77,11,120,125,67,20,26,8,9,59,84" hai2="81,79,108,89,83,30,32,70,68,104,69,93,35" hai3="114,88,27,116,55,57,109,103,3,91,118,17,12"/><U64/><E64/><V29/><F108/><W24/><G3/><T86/><D0/><U96/><E120/><V132/><F104/><W101/><G109/><T110/><D38/><U107/><E128/><V97/><F132/><W23/><G114/><T99/><D110/><U22/><E125/><V85/><F30/><W33/><G103/><T15/><D119/><N who="3" m="45609" /><G101/><T74/><D74/><U41/><E39/><V13/><F29/><N who="3" m="19623" /><G27/><T130/><D73/><U129/><E129/><V49/><F49/><AGARI ba="0,0" hai="12,17,23,49,55,57,88,91" m="19623,45609" machi="49" ten="30,3900,0" yaku="12,1,52,1,54,1" doraHai="28" who="3" fromWho="2" sc="474,0,110,0,181,-39,235,39" /><INIT seed="6,0,0,1,0,57" ten="474,110,142,274" oya="2" hai0="34,95,104,110,98,73,62,24,4,132,50,118,126" hai1="69,115,130,9,48,109,131,64,27,8,133,33,119" hai2="83,5,59,47,36,70,18,68,123,17,15,12,93" hai3="106,49,51,111,16,19,86,122,42,25,60,35,117"/><V21/><F123/><W100/><G111/><T40/><D73/><U43/><E119/><V103/><F5/><W6/><G122/><T85/><D110/><U56/><E69/><V125/><F125/><W74/><G74/><T120/><D4/><U116/><E109/><V11/><F70/><W88/><G117/><T102/><D126/><U113/><E116/><V30/><F68/><W94/><G51/><T67/><D132/><U7/><E133/><V108/><F108/><W39/><G39/><T58/><D118/><U91/><E91/><V81/><F30/><W45/><G6/><T89/><D120/><U112/><E33/><V135/><F135/><W52/><G106/><T96/><D34/><U37/><E37/><V22/><F11/><W3/><G100/><T128/><D24/><U32/><E32/><V46/><F59/><N who="3" m="34919" /><G3/><T77/><D77/><U23/><E43/><V90/><F103/><W13/><G35/><T53/><D40/><U87/><E87/><V101/><F101/><W14/><G19/><T72/><D72/><U82/><E82/><N who="2" m="31243" /><F36/><W129/><G129/><N who="1" m="49162" /><E7/><V124/><F124/><W71/><G71/><T127/><D127/><U38/><E38/><V76/><F76/><W105/><G105/><T1/><D1/><U28/><E48/><V92/><F92/><W20/><AGARI ba="0,0" hai="13,14,16,20,25,42,45,49,86,88,94" m="34919" machi="20" ten="30,8000,1" yaku="8,1,52,1,54,3" doraHai="57" who="3" fromWho="3" sc="474,-20,110,-20,142,-40,274,80" /><INIT seed="7,0,0,2,3,72" ten="454,90,102,354" oya="3" hai0="53,128,13,28,31,124,96,54,14,110,83,125,73" hai1="93,118,1,92,89,47,64,34,3,131,40,86,20" hai2="103,63,12,75,105,100,60,87,18,11,43,68,55" hai3="2,38,48,51,66,35,112,101,123,15,21,85,121"/><W49/><G2/><T97/><D110/><U94/><E34/><V109/><F109/><W81/><G35/><T44/><D73/><U74/><E74/><V126/><F75/><W41/><G112/><T36/><D83/><U62/><E131/><V135/><F135/><W76/><G66/><T107/><D44/><U58/><E118/><V88/><F126/><W115/><G115/><T132/><D36/><U24/><E1/><V32/><F32/><W108/><G108/><T70/><D107/><U39/><REACH who="1" step="1"/><E3/><REACH who="1" ten="454,80,102,354" step="2"/><V10/><F105/><W122/><G101/><N who="2" m="38985" /><F68/><W67/><G67/><T50/><D70/><U42/><E42/><V129/><F129/><W25/><G15/><T7/><D128/><U52/><E52/><V84/><F43/><W99/><G99/><T8/><D132/><U113/><E113/><V46/><F87/><W117/><G117/><T56/><D56/><U0/><E0/><V30/><F30/><AGARI ba="0,1" hai="20,24,30,39,40,47,58,62,64,86,89,92,93,94" machi="30" ten="30,2000,0" yaku="1,1,7,1,53,0" doraHai="72" doraHaiUra="9" who="1" fromWho="2" sc="454,0,80,30,102,-20,354,0" owari="454,55.4,110,-29.0,82,-41.8,354,15.4" /></mjloggm>