<mjloggm ver="2.3"><GO type="169" lobby="0"/><UN n0="%E3%80%8C%E3%82%AD%E3%82%BF%E3%80%8D" n1="%E5%A5%B3%E3%81%AA%E3%81%AE%E3%81%82%E3%81%8C%E3%82%89%E3%81%9B%E3%81%A6" n2="%E5%A4%A9%E6%89%8D%E9%BA%BB%E5%B0%86%E6%99%BA%E4%B9%83" n3="%E7%BD%AA%E5%88%91%E6%B3%95%E5%AE%9A%E4%B8%BB%E7%BE%A9" dan="16,16,16,17" rate="2031.05,2116.81,2177.67,2213.46" sx="M,M,M,M"/><TAIKYOKU oya="0"/><INIT seed="0,0,0,2,1,4" ten="250,250,250,250" oya="0" hai0="58,28,135,57,90,96,103,63,109,125,114,23,100" hai1="123,10,47,61,97,14,12,111,38,113,11,75,86" hai2="7,120,76,34,55,81,44,106,9,105,84,117,41" hai3="0,112,94,116,54,49,60,69,45,19,134,27,107"/><T18/><D114/><U132/><E75/><V16/><F120/><W127/><G107/><T35/><D125/><U8/><E123/><V51/><F117/><W121/><G0/><T73/><D73/><U115/><E111/><V48/><F34/><W37/><G127/><T22/><D35/><U87/><E132/><V66/><F66/><W79/><G121/><T129/><D135/><U119/><E119/><V89/><F89/><W118/><G134/><T126/><D129/><U110/><E110/><V25/><F25/><W43/><G112/><N who="1" m="43082" /><E97/><V52/><F16/><W74/><G94/><N who="0" m="56407" /><D58/><U40/><E61/><V50/><F55/><W3/><G3/><T20/><D126/><U32/><E32/><V88/><F76/><W17/><G118/><T15/><D109/><U128/><E128/><V21/><F21/><N who="0" m="8298" /><D28/><U130/><E130/><V2/><F48/><W30/><G116/><T122/><D122/><U5/><E5/><V104/><F104/><W62/><G30/><T13/><D13/><AGARI ba="0,0" hai="8,10,11,12,13,14,38,40,47,86,87" m="43082" machi="13" ten="30,7700,0" yaku="11,1,52,3" doraHai="4" who="1" fromWho="0" sc="250,-77,250,77,250,0,250,0" /><INIT seed="1,0,0,0,1,62" ten="173,327,250,250" oya="1" hai0="17,28,127,134,133,1,74,8,126,40,5,113,107" hai1="58,42,4,7,132,54,79,102,65,88,77,30,119" hai2="55,131,19,106,109,20,34,124,15,24,2,18,135" hai3="92,32,27,108,120,12,117,123,36,101,26,118,16"/><U56/><E119/><N who="3" m="45578" /><G36/><T100/><D74/><U33/><E102/><V69/><F106/><W61/><G61/><T125/><D40/><U78/><E132/><N who="0" m="50793" /><D107/><U72/><E72/><V37/><F37/><W66/><G66/><T93/><D100/><U11/><E42/><V111/><F69/><W90/><G90/><T60/><D93/><U51/><E33/><V122/><F55/><W115/><G92/><T13/><D60/><N who="1" m="38039" /><E30/><N who="2" m="19783" /><F122/><N who="3" m="46635" /><G101/><T116/><D116/><U49/><E11/><N who="2" m="6527" /><F135/><W39/><G39/><T76/><D76/><U82/><E51/><V114/><F114/><W91/><G91/><T129/><D113/><U68/><E68/><V3/><F131/><W21/><G115/><T81/><D81/><U41/><E41/><V85/><F85/><AGARI ba="0,0" hai="4,7,49,54,56,77,78,79,82,85,88" m="38039" machi="85" ten="30,5800,0" yaku="8,1,52,1,54,1" doraHai="62" who="1" fromWho="2" sc="173,0,327,58,250,-58,250,0" /><INIT seed="1,1,0,5,2,97" ten="173,385,192,250" oya="1" hai0="10,12,74,82,57,85,59,16,133,8,75,113,39" hai1="127,84,70,126,30,108,102,65,106,67,7,26,72" hai2="14,62,13,114,1,129,77,17,86,54,130,63,52" hai3="125,104,110,109,4,47,120,131,33,21,38,83,101"/><U53/><E72/><V42/><F1/><W58/><G33/><T28/><D113/><U34/><E53/><N who="2" m="20587" /><F114/><W103/><G120/><T25/><D39/><U132/><E132/><V98/><F42/><N who="3" m="22999" /><G4/><T124/><D124/><N who="1" m="47659" /><E108/><N who="3" m="41578" /><G104/><T46/><D46/><U11/><E84/><V64/><F98/><W19/><G131/><N who="2" m="50185" /><F17/><W115/><G115/><T123/><D123/><U93/><E70/><N who="2" m="42263" /><F63/><W3/><G3/><T48/><D10/><U23/><E106/><V68/><F68/><W99/><G99/><T27/><D133/><U18/><E93/><V78/><F78/><W40/><G125/><T89/><D27/><N who="1" m="18783" /><E102/><N who="3" m="38922" /><G40/><T119/><D119/><U20/><E20/><V41/><F41/><W29/><G29/><T44/><D75/><U5/><E5/><V88/><F77/><W69/><G69/><T94/><D74/><U66/><E66/><V55/><N who="2" m="20595" /><V76/><DORA hai="134" /><F76/><W0/><G0/><AGARI ba="1,0" hai="0,7,11,18,23,26,65,67" m="18783,47659" machi="0" ten="30,11600,0" yaku="18,1,52,3" doraHai="97,134" who="1" fromWho="3" sc="173,0,385,119,192,0,250,-119" /><INIT seed="1,2,0,3,2,2" ten="173,504,192,131" oya="1" hai0="77,65,11,8,92,51,39,28,88,31,80,5,22" hai1="35,26,123,44,46,120,89,105,4,116,67,121,79" hai2="40,90,27,74,133,76,10,17,37,21,103,29,118" hai3="50,134,48,135,16,73,108,69,78,122,60,45,55"/><U43/><E116/><V94/><F118/><W20/><G122/><T111/><D39/><U49/><E105/><V53/><F133/><N who="3" m="50699" /><G108/><T23/><D65/><U117/><E117/><V109/><F109/><W96/><G96/><T102/><D102/><U113/><E113/><V6/><F103/><W114/><G114/><T47/><D11/><U104/><E104/><V84/><F37/><W99/><G99/><T7/><D111/><U112/><E112/><V66/><F66/><N who="3" m="41159" /><G50/><T12/><D31/><U129/><E79/><V18/><F40/><W15/><G78/><T130/><D7/><U68/><E89/><V36/><F36/><W54/><G73/><T71/><D71/><U106/><E4/><V126/><F126/><W64/><G64/><T34/><D34/><U101/><E26/><V131/><F131/><W62/><G62/><T42/><D28/><U72/><E35/><V52/><F76/><W81/><G81/><T63/><D63/><N who="1" m="40063" /><E72/><V98/><F74/><W115/><G115/><T110/><D130/><U0/><E129/><V41/><F41/><AGARI ba="2,0" hai="15,16,20,41,45,48,54,55" m="41159,50699" machi="41" ten="30,2000,0" yaku="20,1,54,1" doraHai="2" who="3" fromWho="2" sc="173,0,504,0,192,-26,131,26" /><INIT seed="2,0,0,2,1,93" ten="173,504,166,157" oya="2" hai0="106,80,125,45,114,51,64,119,62,6,36,61,41" hai1="40,82,107,66,124,34,115,27,104,108,95,118,69" hai2="7,71,15,18,35,38,4,11,9,76,77,103,3" hai3="32,2,121,116,48,109,25,92,96,128,57,73,14"/><V75/><F71/><W1/><G116/><T97/><D119/><U70/><E95/><V99/><F35/><W52/><G73/><T91/><D114/><U100/><E115/><V49/><F38/><W65/><G121/><T44/><D125/><U81/><E108/><V83/><F76/><W24/><G109/><T88/><D6/><U29/><E124/><V55/><F18/><W33/><G128/><T129/><D62/><N who="1" m="40151" /><E107/><V42/><F42/><W110/><G110/><T16/><D129/><U130/><E130/><V5/><F11/><W135/><G135/><T94/><D106/><U123/><E118/><V22/><F22/><W47/><G33/><T37/><D45/><U67/><E123/><V19/><F3/><W120/><G120/><T59/><D80/><U63/><E40/><V23/><F23/><W127/><G127/><T46/><D46/><U39/><E39/><V111/><F111/><W31/><G14/><T105/><D105/><U89/><E89/><V84/><F75/><W87/><G87/><T8/><REACH who="0" step="1"/><D91/><REACH who="0" ten="163,504,166,157" step="2"/><U58/><E70/><V86/><F83/><W54/><G25/><T13/><AGARI ba="0,1" hai="8,13,16,36,37,41,44,51,59,61,64,88,94,97" machi="13" ten="30,12000,2" yaku="1,1,2,1,0,1,52,1,54,2,53,0" doraHai="93" doraHaiUra="21" who="0" fromWho="0" sc="163,130,504,-30,166,-60,157,-30" /><INIT seed="3,0,0,5,3,5" ten="293,474,106,127" oya="3" hai0="92,68,135,38,16,53,130,89,128,62,72,87,18" hai1="47,129,29,99,13,49,101,32,94,51,108,71,36" hai2="25,115,1,74,19,3,60,82,123,91,96,105,132" hai3="85,21,81,20,120,109,50,6,57,14,98,56,59"/><W79/><G120/><T122/><D122/><U31/><E71/><V48/><F123/><W40/><G109/><T106/><D106/><U131/><E108/><V76/><F115/><W102/><G98/><T78/><D38/><U17/><E36/><V88/><F132/><W12/><G102/><T67/><D135/><U63/><E63/><V28/><F19/><W22/><REACH who="3" step="1"/><G6/><REACH who="3" ten="293,474,106,117" step="2"/><T66/><D130/><U2/><E101/><V8/><F96/><W77/><G77/><T45/><D128/><U52/><E99/><V10/><F105/><W75/><G75/><T44/><D78/><U83/><E131/><V104/><F104/><W42/><G42/><T15/><D72/><U103/><E103/><V84/><F91/><W93/><G93/><T127/><D92/><U35/><E94/><V55/><F74/><W58/><N who="3" m="14336" /><DORA hai="100" /><W126/><G126/><T26/><D127/><U37/><E129/><V11/><F76/><W90/><G90/><T118/><D89/><U134/><E134/><V46/><REACH who="2" step="1"/><F60/><REACH who="2" ten="293,474,96,117" step="2"/><W110/><G110/><T24/><D62/><U121/><E121/><V107/><F107/><W97/><G97/><T7/><D7/><U113/><E83/><V133/><F133/><W114/><G114/><T111/><D111/><U95/><E95/><V69/><F69/><W112/><G112/><T116/><D68/><U117/><E113/><V119/><F119/><W86/><G86/><T34/><D87/><U0/><E117/><V73/><F73/><W23/><N who="3" m="5120" /><DORA hai="64" /><W125/><G125/><T33/><D118/><U9/><E17/><N who="0" m="6761" /><D116/><U61/><E61/><RYUUKYOKU ba="0,2" sc="293,-15,474,-15,96,15,117,15" hai2="1,3,8,10,11,25,28,46,48,55,82,84,88" hai3="12,14,40,50,79,81,85" /><INIT seed="3,1,2,4,2,57" ten="278,459,111,132" oya="3" hai0="92,18,107,53,12,93,72,83,131,135,110,99,129" hai1="84,0,70,108,25,21,31,90,119,80,63,9,125" hai2="58,76,37,101,4,88,13,86,85,36,103,96,106" hai3="52,50,24,68,17,124,16,69,64,10,134,22,43"/><W104/><G104/><T23/><D110/><U94/><E108/><V28/><F103/><W81/><G124/><T123/><D123/><U59/><E125/><V35/><F76/><W102/><G102/><T47/><D135/><U20/><E119/><V75/><F75/><W51/><G134/><T98/><D107/><U27/><E70/><V44/><F85/><W87/><G43/><T127/><D127/><U73/><E0/><V61/><F44/><W105/><G105/><T33/><D33/><U48/><E48/><V15/><F28/><W7/><G50/><T132/><D132/><U78/><E9/><V49/><F49/><W29/><G64/><T74/><D47/><U62/><E59/><V114/><F35/><W82/><G82/><T89/><D53/><U34/><E34/><V117/><F114/><W14/><G69/><T3/><D3/><U122/><E122/><V55/><F117/><W118/><G68/><T8/><D8/><U54/><E54/><V79/><F79/><N who="3" m="46527" /><G118/><T111/><D111/><U116/><REACH who="1" step="1"/><E116/><REACH who="1" ten="278,449,111,132" step="2"/><V66/><F55/><W1/><G1/><T130/><REACH who="0" step="1"/><D83/><REACH who="0" ten="268,449,111,132" step="2"/><U112/><E112/><V91/><F66/><W39/><G39/><T19/><D19/><AGARI ba="1,4" hai="19,20,21,25,27,31,62,63,73,78,80,84,90,94" machi="19" ten="30,7700,0" yaku="1,1,7,1,52,2,53,0" doraHai="57" doraHaiUra="42" who="1" fromWho="0" sc="268,-80,449,120,111,0,132,0" /><INIT seed="4,0,0,1,4,52" ten="188,569,111,132" oya="0" hai0="101,44,79,28,102,27,116,36,66,40,5,55,11" hai1="33,54,24,4,15,131,108,85,16,1,130,8,61" hai2="120,134,35,114,133,58,2,106,17,125,82,13,73" hai3="37,90,78,96,57,87,62,34,109,45,60,71,81"/><T98/><D116/><U91/><E108/><V119/><RYUUKYOKU type="yao9" ba="0,0" sc="188,0,569,0,111,0,132,0" hai2="2,13,17,35,58,73,82,106,114,119,120,125,133,134" /><INIT seed="4,1,0,3,0,7" ten="188,569,111,132" oya="0" hai0="107,3,52,13,110,41,102,27,12,77,5,116,35" hai1="61,80,58,128,81,95,36,122,10,130,75,49,50" hai2="91,1,44,43,129,79,28,68,45,33,17,57,94" hai3="104,76,54,53,24,92,64,63,65,123,18,51,25"/><T48/><D116/><U89/><E122/><V83/><F68/><W22/><G104/><T135/><D77/><U16/><E36/><V84/><F1/><W74/><G123/><T67/><D67/><U46/><E75/><V100/><F129/><W60/><G74/><T117/><D117/><U71/><E71/><V37/><F100/><W31/><G76/><T124/><D124/><U56/><E50/><V34/><F28/><W72/><G72/><T11/><D41/><U125/><E125/><V114/><F114/><W38/><G38/><T66/><D66/><U59/><E61/><V40/><F57/><W62/><G92/><T9/><D135/><U2/><E2/><V23/><F44/><W120/><G120/><T131/><D131/><U112/><E112/><V30/><F30/><W73/><G73/><T32/><D27/><U20/><E10/><V133/><F43/><W118/><G118/><T87/><D3/><U29/><E29/><V55/><F55/><W26/><G54/><T99/><D87/><N who="1" m="52671" /><E128/><V42/><F42/><W119/><G119/><T101/><D101/><U105/><E105/><V39/><F39/><W78/><G78/><T85/><D85/><U6/><E6/><V127/><F127/><W4/><G4/><T111/><D35/><U86/><E86/><V93/><F133/><W106/><G106/><T14/><D32/><N who="2" m="12394" /><F79/><W88/><G88/><T21/><D21/><U47/><E130/><V96/><F96/><W113/><G113/><T109/><D5/><U108/><E47/><AGARI ba="1,0" hai="9,11,12,13,14,47,48,52,99,102,107,109,110,111" machi="47" ten="50,12000,1" yaku="10,1,52,2,54,1" doraHai="7" who="0" fromWho="1" sc="188,123,569,-123,111,0,132,0" /><INIT seed="4,2,0,4,4,36" ten="311,446,111,132" oya="0" hai0="135,68,12,132,63,65,123,101,109,117,81,69,25" hai1="47,1,37,93,89,91,51,105,48,15,129,76,16" hai2="108,61,57,2,17,94,53,100,130,80,103,8,118" hai3="22,116,23,9,35,92,97,29,121,70,28,110,77"/><T13/><D117/><U86/><E105/><V64/><F108/><W45/><G70/><T34/><D123/><U26/><E1/><V32/><F32/><W30/><G116/><T75/><D69/><U78/><E129/><V115/><F118/><W95/><G110/><T0/><D0/><U59/><E26/><V79/><F130/><W24/><G121/><T66/><D66/><U134/><E134/><N who="0" m="51241" /><D101/><U33/><E33/><V38/><F115/><W114/><G114/><T19/><D109/><U73/><E73/><V71/><F38/><W4/><G77/><N who="1" m="29802" /><E37/><V133/><F94/><W54/><G35/><T60/><D75/><U42/><E51/><V5/><F17/><W125/><G125/><T131/><D131/><U46/><E89/><V128/><F128/><W31/><G23/><N who="0" m="13567" /><D63/><U50/><E59/><V126/><F126/><W96/><G96/><T14/><D34/><U56/><E56/><V3/><F3/><W39/><G97/><T98/><D98/><U127/><E127/><V112/><F112/><W106/><G106/><T102/><D102/><U10/><E86/><V18/><F133/><W6/><G39/><T104/><D104/><U43/><E91/><V84/><REACH who="2" step="1"/><F18/><REACH who="2" ten="311,446,101,132" step="2"/><W88/><G95/><AGARI ba="2,1" hai="10,15,16,42,43,46,47,48,50,93,95" m="29802" machi="95" ten="30,7700,0" yaku="8,1,52,2,54,1" doraHai="36" who="1" fromWho="3" sc="311,0,446,93,101,0,132,-83" /><INIT seed="5,0,0,1,4,2" ten="311,539,101,49" oya="1" hai0="118,132,85,119,96,129,108,24,66,70,81,107,19" hai1="47,15,57,94,127,73,117,111,78,109,43,88,122" hai2="71,74,51,95,128,135,35,134,105,34,79,53,65" hai3="16,55,58,62,68,4,133,11,97,64,92,49,3"/><U22/><E117/><V54/><F105/><W87/><G133/><N who="2" m="50697" /><F128/><W32/><G32/><T90/><D108/><N who="1" m="41547" /><E122/><V110/><F110/><W124/><G124/><T20/><D129/><U67/><E78/><V61/><F54/><W48/><G87/><T36/><D36/><U113/><E73/><V131/><F131/><W63/><REACH who="3" step="1"/><G16/><REACH who="3" ten="311,539,101,39" step="2"/><T41/><D132/><U99/><E127/><V112/><F34/><W121/><G121/><T101/><D119/><U27/><E113/><V103/><F35/><W56/><G56/><T28/><D118/><U40/><E27/><V31/><F112/><W130/><G130/><T82/><D19/><N who="1" m="10623" /><E47/><V8/><F74/><W0/><G0/><T45/><D70/><U60/><AGARI ba="0,1" hai="40,43,57,60,67,88,94,99" m="10623,41547" machi="60" ten="30,3000,0" yaku="10,1,54,1" doraHai="2" who="1" fromWho="1" sc="311,-10,539,40,101,-10,39,-10" /><INIT seed="5,1,0,1,0,115" ten="301,579,91,29" oya="1" hai0="64,134,34,74,125,101,54,23,13,42,97,104,7" hai1="58,89,61,55,67,119,30,11,45,31,28,84,111" hai2="129,116,78,117,131,52,41,15,5,69,68,24,121" hai3="46,59,0,10,36,96,40,87,21,109,76,25,71"/><U19/><E119/><N who="2" m="45643" /><F78/><W126/><G109/><T72/><D34/><U6/><E111/><V60/><F24/><W27/><G71/><N who="2" m="27209" /><F15/><W37/><G37/><T100/><D125/><U130/><E130/><N who="2" m="49675" /><F5/><W107/><G126/><T77/><D77/><U73/><E73/><V86/><F86/><W122/><G122/><T56/><D7/><U90/><E84/><V38/><F121/><W49/><G27/><T75/><D13/><N who="1" m="7615" /><E6/><V99/><F99/><W66/><G96/><T53/><D97/><U50/><AGARI ba="1,0" hai="28,30,31,45,50,55,58,61,67,89,90" m="7615" machi="50" ten="30,1500,0" yaku="8,1" doraHai="115" who="1" fromWho="1" sc="301,-6,579,18,91,-6,29,-6" /><INIT seed="5,2,0,2,1,104" ten="295,597,85,23" oya="1" hai0="72,71,53,31,46,87,95,82,92,134,94,63,127" hai1="0,52,132,93,8,16,57,27,85,74,11,75,15" hai2="51,130,60,64,33,20,120,5,68,107,67,29,32" hai3="79,110,81,40,84,25,100,7,113,97,9,77,61"/><U73/><E132/><V125/><F120/><W39/><G110/><T43/><D134/><U112/><E112/><V126/><F130/><W62/><G113/><T119/><D119/><U41/><E41/><V123/><F123/><W115/><G115/><T13/><D127/><U135/><E135/><V50/><F107/><W1/><G79/><T124/><D124/><N who="2" m="47722" /><F67/><W45/><REACH who="3" step="1"/><G25/><REACH who="3" ten="295,597,85,13" step="2"/><T23/><D31/><U91/><E27/><N who="2" m="16615" /><F5/><W102/><G102/><T17/><D71/><U24/><E24/><V90/><F90/><W69/><G69/><T122/><D122/><U35/><E35/><AGARI ba="2,1" hai="32,33,35,50,51,60,64,68" m="16615,47722" machi="35" ten="30,1000,0" yaku="18,1" doraHai="104" who="2" fromWho="1" sc="295,0,597,-16,85,26,13,0" /><INIT seed="6,0,0,1,4,121" ten="295,581,111,13" oya="2" hai0="130,38,96,56,26,132,34,9,106,20,43,98,92" hai1="62,94,29,61,134,126,80,114,76,70,110,102,67" hai2="87,55,85,118,16,27,25,99,103,86,104,42,79" hai3="135,39,124,37,22,18,47,49,57,107,11,8,32"/><V24/><F118/><W93/><G107/><T36/><D130/><U109/><E29/><V88/><F42/><W0/><G32/><T50/><D132/><U65/><E134/><V12/><F79/><W54/><G135/><T90/><D34/><U13/><E114/><V10/><REACH who="2" step="1"/><F55/><REACH who="2" ten="295,581,101,13" step="2"/><W17/><G124/><T31/><D43/><U7/><E126/><V41/><F41/><W59/><G17/><T5/><D38/><U2/><E76/><V72/><F72/><W14/><G93/><AGARI ba="0,1" hai="10,12,16,24,25,27,85,86,87,88,93,99,103,104" machi="93" ten="40,7700,0" yaku="1,1,54,2,53,0" doraHai="121" doraHaiUra="117" who="2" fromWho="3" sc="295,0,581,0,101,87,13,-77" owari="295,9.5,581,68.1,188,-21.2,-64,-56.4" /></mjloggm>