<mjloggm ver="2.3"><GO type="169" lobby="0"/><UN n0="%E3%81%9F%E3%81%AA%E3%81%8B%E6%95%99%E7%A5%96" n1="%E6%B2%B3%E7%AB%A5%E3%81%AE%E3%83%AF%E3%82%AB%E3%83%9E%E3%83%84" n2="%73%6F%6C%64%69%65%72%35" n3="%E3%82%B7%E3%83%B3%E3%83%97%E3%83%AB%E3%81%AA%E3%83%AF%E3%82%AD%E3%82%AC" dan="17,17,16,17" rate="2171.15,2194.13,2084.63,2229.06" sx="M,M,M,M"/><TAIKYOKU oya="0"/><INIT seed="0,0,0,3,1,9" ten="250,250,250,250" oya="0" hai0="61,44,40,132,50,58,49,121,45,104,85,105,68" hai1="6,51,128,82,102,117,90,81,98,5,126,2,7" hai2="123,70,11,99,106,87,119,62,57,30,12,80,64" hai3="21,133,122,93,52,53,97,35,1,24,25,63,43"/><T41/><D121/><U131/><E117/><V46/><F123/><W47/><G122/><T73/><D73/><U38/><E38/><V39/><F119/><W110/><G110/><T3/><D3/><U29/><E2/><V113/><F113/><W20/><G35/><T86/><D68/><U16/><E29/><V103/><F30/><W31/><G1/><T100/><D132/><U124/><E51/><V112/><F112/><W27/><G133/><T76/><D100/><U33/><E33/><V71/><F46/><W23/><G63/><T60/><D76/><U129/><E90/><V36/><F71/><W69/><G69/><T54/><D58/><U78/><E16/><V65/><F65/><W111/><G111/><T107/><D107/><U94/><REACH who="1" step="1"/><E78/><REACH who="1" ten="250,240,250,250" step="2"/><V67/><F39/><W134/><G31/><T15/><REACH who="0" step="1"/><D54/><REACH who="0" ten="240,240,250,250" step="2"/><U96/><E96/><V72/><F99/><W74/><G134/><T8/><D8/><U4/><N who="1" m="1024" /><DORA hai="116" /><U34/><E34/><V19/><F11/><W114/><G114/><T22/><D22/><U79/><E79/><V59/><F67/><W48/><REACH who="3" step="1"/><G74/><REACH who="3" ten="240,240,250,240" step="2"/><T89/><D89/><AGARI ba="0,3" hai="20,21,23,24,25,27,43,47,48,52,53,89,93,97" machi="89" ten="40,8000,1" yaku="1,1,2,1,8,1,54,1,53,0" doraHai="9,116" doraHaiUra="56,55" who="3" fromWho="0" sc="240,-80,240,0,250,0,240,110" /><INIT seed="1,0,0,1,5,112" ten="160,240,250,350" oya="1" hai0="15,91,19,84,87,108,3,92,17,0,90,38,105" hai1="135,89,43,54,106,36,88,102,129,45,22,9,35" hai2="42,79,131,85,24,37,61,107,100,115,93,27,39" hai3="31,97,123,21,66,122,101,77,127,32,81,29,6"/><U99/><E35/><V72/><F131/><W130/><G130/><T57/><D105/><U98/><E129/><V52/><F115/><W126/><G6/><T12/><D38/><U119/><E135/><V64/><F72/><W56/><G21/><T46/><D46/><U63/><E119/><V111/><F107/><N who="3" m="63919" /><G56/><T83/><D57/><U1/><E22/><V51/><F111/><W80/><G66/><T117/><D108/><U59/><REACH who="1" step="1"/><E98/><REACH who="1" ten="160,230,250,350" step="2"/><V67/><F27/><N who="3" m="18495" /><G31/><T74/><D117/><U14/><E14/><V121/><F24/><W26/><G26/><T76/><D15/><U86/><E86/><V33/><F85/><W134/><G134/><T40/><D3/><U120/><E120/><V113/><F121/><W75/><G122/><T96/><D0/><U60/><E60/><V49/><F33/><W53/><G123/><T94/><D12/><U133/><E133/><V114/><F113/><W65/><G75/><T55/><D96/><U18/><E18/><V48/><F114/><W124/><G124/><T69/><D19/><U30/><E30/><V20/><F20/><W4/><G127/><T28/><D17/><U50/><E50/><V104/><F51/><W25/><G25/><T44/><D28/><U70/><E70/><V8/><F49/><W58/><G126/><T78/><D69/><U16/><E16/><V34/><F61/><W62/><G62/><T118/><D118/><U5/><AGARI ba="0,1" hai="1,5,9,36,43,45,54,59,63,88,89,99,102,106" machi="5" ten="30,6000,0" yaku="1,1,0,1,54,1,53,0" doraHai="112" doraHaiUra="125" who="1" fromWho="1" sc="160,-20,230,70,250,-20,350,-20" /><INIT seed="1,1,0,2,4,38" ten="140,300,230,330" oya="1" hai0="114,6,64,135,78,76,116,91,72,100,60,133,121" hai1="109,50,98,33,112,106,43,41,122,93,5,111,118" hai2="19,107,35,119,102,86,83,134,8,18,80,115,77" hai3="32,103,82,117,90,7,3,59,128,16,42,71,99"/><U108/><E112/><V39/><F119/><W10/><G71/><T131/><D114/><U0/><E118/><V129/><F35/><W46/><G117/><T88/><D116/><U58/><E106/><V57/><F115/><W92/><G32/><T45/><D121/><U66/><E122/><V124/><F39/><W95/><G128/><T15/><D131/><U104/><E104/><V13/><F129/><W79/><G59/><T31/><D31/><U36/><E36/><V85/><F134/><N who="0" m="51210" /><D100/><N who="1" m="60495" /><E33/><V97/><F124/><W30/><G30/><T81/><D78/><U89/><E89/><V67/><F19/><W44/><G16/><T21/><D45/><U23/><E23/><V26/><F26/><W61/><G61/><T63/><D63/><N who="1" m="38263" /><E50/><V74/><REACH who="2" step="1"/><F80/><REACH who="2" ten="140,300,220,330" step="2"/><W120/><G120/><T96/><D81/><U20/><E20/><V73/><F73/><W49/><G82/><T110/><D21/><U4/><E4/><V94/><F94/><W126/><G126/><T1/><D6/><U101/><E101/><V105/><F105/><W132/><G132/><T40/><D72/><U9/><AGARI ba="1,1" hai="0,5,9,41,43,108,109,111" m="38263,60495" machi="9" ten="40,12000,1" yaku="14,1,10,1,52,2" doraHai="38" who="1" fromWho="1" sc="140,-41,300,133,220,-41,330,-41" /><INIT seed="1,2,0,3,2,52" ten="99,433,179,289" oya="1" hai0="29,104,21,73,115,7,24,76,62,36,14,91,67" hai1="100,121,130,79,113,17,96,92,50,72,39,81,112" hai2="109,58,77,45,18,126,110,33,34,134,53,114,25" hai3="4,32,103,105,19,2,65,99,10,94,111,6,37"/><U46/><E121/><V63/><F134/><W83/><G111/><N who="2" m="42505" /><F126/><W93/><G37/><T87/><D115/><U30/><E130/><V75/><F114/><W74/><G32/><N who="2" m="12393" /><F45/><W56/><G6/><T51/><D36/><U60/><E30/><V107/><F107/><W31/><G31/><T70/><D104/><U118/><E118/><V41/><F41/><W116/><G116/><T122/><D122/><U5/><E39/><V80/><F18/><W97/><G19/><T119/><D119/><U131/><E131/><V61/><F25/><W57/><G65/><T135/><D135/><U13/><E60/><AGARI ba="2,0" hai="53,58,60,61,63,75,77,80" m="12393,42505" machi="60" ten="30,2000,0" yaku="14,1,52,1" doraHai="52" who="2" fromWho="1" sc="99,0,433,-26,179,26,289,0" /><INIT seed="2,0,0,5,1,102" ten="99,407,205,289" oya="2" hai0="27,32,76,17,114,14,107,130,15,19,70,125,119" hai1="56,9,51,74,106,1,10,33,117,68,42,18,40" hai2="89,129,90,120,96,124,100,21,94,93,91,46,110" hai3="63,35,67,98,116,88,3,60,58,24,22,52,87"/><V29/><F120/><W8/><G116/><T71/><D114/><U53/><E117/><V37/><F124/><W112/><G35/><T16/><D119/><U118/><E118/><V2/><F2/><W12/><G3/><T77/><D125/><U108/><E74/><V135/><F129/><W39/><G39/><T86/><D130/><U128/><E128/><V103/><F135/><W111/><G111/><T34/><D86/><U123/><E33/><N who="0" m="12905" /><D27/><U13/><E68/><N who="0" m="26153" /><D107/><U25/><E108/><V41/><F110/><W64/><G63/><T6/><D6/><U20/><E106/><V127/><F127/><W28/><G98/><T121/><D121/><U65/><E123/><V82/><F82/><W79/><G79/><AGARI ba="0,0" hai="14,15,16,17,19,76,77,79" m="26153,12905" machi="79" ten="40,5200,0" yaku="28,2,54,1" doraHai="102" who="0" fromWho="3" sc="99,52,407,0,205,0,289,-52" /><INIT seed="3,0,0,1,4,70" ten="151,407,205,237" oya="3" hai0="73,43,117,44,32,8,128,105,77,27,3,28,57" hai1="79,113,4,5,78,45,59,50,12,109,52,36,131" hai2="1,61,134,83,89,40,0,33,95,63,29,71,130" hai3="31,133,19,86,6,123,90,34,16,74,39,112,58"/><W67/><G112/><T14/><D117/><U126/><E113/><V99/><F130/><W97/><G74/><T111/><D128/><U69/><E131/><V125/><F125/><W38/><G123/><T122/><D122/><U88/><E69/><V60/><F71/><W72/><G72/><T94/><D94/><U121/><E121/><V20/><F134/><W11/><G97/><T68/><D57/><U46/><E126/><V47/><F33/><W55/><G67/><T124/><D124/><U37/><E109/><V118/><F118/><W76/><G76/><T17/><D68/><U91/><E12/><V82/><F1/><W75/><G75/><T62/><D62/><U115/><E115/><V2/><F2/><W10/><G31/><T106/><D111/><U24/><E24/><V135/><F0/><W26/><G34/><T65/><D65/><U54/><E59/><V98/><F98/><W22/><G19/><T13/><D13/><U120/><E120/><V101/><F101/><W56/><G56/><T25/><D25/><U87/><E50/><N who="2" m="26983" /><F135/><W80/><G133/><T100/><D100/><U7/><E7/><V53/><F53/><W9/><REACH who="3" step="1"/><G6/><REACH who="3" ten="151,407,205,227" step="2"/><N who="0" m="1119" /><D77/><U30/><E30/><V96/><F96/><W41/><G41/><T35/><D73/><U64/><E64/><V85/><F99/><W114/><G114/><T104/><D106/><U108/><E108/><V93/><F29/><W48/><AGARI ba="0,1" hai="9,10,11,16,22,26,38,39,48,55,58,80,86,90" machi="48" ten="30,18000,2" yaku="1,1,0,1,52,2,54,1,53,1" doraHai="70" doraHaiUra="21" who="3" fromWho="3" sc="151,-60,407,-60,205,-60,227,190" /><INIT seed="3,1,0,2,5,46" ten="91,347,145,417" oya="3" hai0="6,2,131,42,24,25,75,40,124,44,43,9,10" hai1="117,60,81,79,47,13,8,41,107,45,68,127,3" hai2="39,33,69,57,34,12,22,18,72,55,19,95,61" hai3="26,80,116,76,65,115,91,87,67,21,110,15,35"/><W0/><G115/><T121/><D121/><U32/><E127/><V114/><F114/><W38/><G116/><T133/><D124/><U128/><E117/><V62/><F72/><W134/><G0/><T73/><D131/><U90/><E128/><V105/><F105/><W109/><G38/><T103/><D133/><U54/><E32/><V52/><F39/><W51/><G35/><T37/><D103/><U50/><E107/><V17/><F17/><W88/><G15/><T135/><D135/><U100/><E100/><V36/><F36/><W7/><G7/><T122/><D122/><U66/><E90/><N who="3" m="34346" /><G134/><T93/><D93/><U59/><E41/><V130/><F130/><W96/><G96/><T98/><D98/><U129/><E3/><V63/><F95/><W5/><G5/><T14/><D37/><U123/><E129/><V112/><F112/><W86/><G86/><T83/><D73/><U85/><REACH who="1" step="1"/><E123/><REACH who="1" ten="91,337,145,417" step="2"/><V101/><F101/><W132/><G132/><T77/><REACH who="0" step="1"/><D44/><REACH who="0" ten="81,337,145,417" step="2"/><U118/><E118/><V29/><F34/><W84/><G109/><T108/><D108/><U111/><E111/><V53/><F33/><W125/><G110/><T113/><D113/><U58/><E58/><V71/><F57/><W78/><G125/><T1/><D1/><U99/><E99/><V56/><F56/><W106/><G106/><T97/><D97/><U31/><E31/><V4/><F4/><AGARI ba="1,2" hai="2,4,6,9,10,14,24,25,40,42,43,75,77,83" machi="4" ten="40,2600,0" yaku="1,1,53,1" doraHai="46" doraHaiUra="74" who="0" fromWho="2" sc="81,49,337,0,145,-29,417,0" /><AGARI ba="1,0" hai="4,8,13,45,47,50,54,59,60,66,68,79,81,85" machi="4" ten="30,7700,0" yaku="1,1,7,1,52,1,53,1" doraHai="46" doraHaiUra="74" who="1" fromWho="2" sc="130,0,337,77,116,-77,417,0" /><INIT seed="4,0,0,4,4,98" ten="130,414,39,417" oya="0" hai0="114,58,36,55,17,134,53,30,41,124,108,111,97" hai1="65,11,128,100,116,126,52,85,93,60,122,110,49" hai2="0,50,57,95,31,135,127,115,132,38,45,56,78" hai3="14,102,84,69,21,67,13,1,64,42,44,73,71"/><T117/><D117/><U90/><E122/><V119/><F0/><W51/><G1/><T9/><D114/><U15/><E110/><N who="0" m="42025" /><D30/><U28/><E128/><V33/><F78/><W2/><G2/><T99/><D134/><N who="2" m="51242" /><F115/><W104/><G73/><T59/><D124/><U94/><E126/><V106/><F106/><W66/><G84/><T92/><D41/><U130/><E28/><V24/><F127/><W3/><G3/><T129/><D36/><U82/><E130/><V75/><F75/><W131/><G131/><T91/><D99/><U79/><E100/><V46/><F119/><W125/><G125/><T77/><D77/><U47/><E79/><V18/><F38/><W72/><G72/><T25/><D129/><U63/><E116/><V107/><F107/><W80/><G80/><T105/><D105/><U35/><E35/><V76/><F76/><W101/><G104/><T10/><D25/><U8/><E8/><N who="0" m="3177" /><D17/><U83/><E83/><V48/><F18/><W4/><G4/><T113/><D113/><U7/><REACH who="1" step="1"/><E60/><REACH who="1" ten="130,404,39,417" step="2"/><V54/><F95/><W32/><G32/><T112/><D112/><U6/><E6/><V133/><N who="2" m="51250" /><V27/><DORA hai="20" /><F27/><W123/><G123/><T23/><D23/><U37/><E37/><V87/><F87/><W29/><G29/><T88/><D91/><U96/><E96/><V121/><F121/><W34/><G34/><T74/><D74/><U26/><E26/><V12/><F12/><N who="3" m="4715" /><G21/><T109/><N who="0" m="42033" /><T43/><DORA hai="61" /><D97/><U70/><AGARI ba="0,1" hai="7,11,15,47,49,52,63,65,70,82,85,90,93,94" machi="70" ten="20,16000,3" yaku="1,1,0,1,7,1,52,1,54,1,53,3" doraHai="98,20,61" doraHaiUra="39,89,5" who="1" fromWho="1" sc="130,-80,404,170,39,-40,417,-40" owari="50,-35.0,574,67.4,-1,-50.1,377,17.7" /></mjloggm>