<mjloggm ver="2.3"><GO type="225" lobby="0"/><UN n0="%E3%81%AF%E3%82%88%E3%81%8A%E3%81%98%E3%81%95%E3%82%93" n1="%E5%85%83%E3%82%AB%E3%83%8E%E7%B3%BB%E3%83%92%E3%83%AD%E3%82%A4%E3%83%B3" n2="%E3%81%BF%E3%81%BF%E3%81%9A" n3="%E3%81%8B%E3%82%8F%E3%81%A1%E3%82%83%E3%82%93%35%38" dan="16,16,17,16" rate="2194.61,2158.29,2244.77,2143.89" sx="M,M,M,M"/><TAIKYOKU oya="0"/><INIT seed="0,0,0,2,3,119" ten="250,250,250,250" oya="0" hai0="100,69,112,34,96,44,108,78,130,81,51,23,47" hai1="13,64,21,61,74,2,54,129,11,87,113,110,102" hai2="68,1,76,0,39,53,52,6,97,43,38,25,83" hai3="15,35,27,32,134,59,42,88,49,111,116,121,77"/><T125/><D34/><U86/><E74/><N who="2" m="43415" /><F39/><W82/><G116/><T9/><D112/><U14/><E110/><V70/><F0/><W131/><G111/><T114/><D114/><U19/><E113/><V45/><F25/><W41/><G32/><T103/><D108/><U122/><E122/><V107/><F97/><W71/><G71/><N who="2" m="27177" /><F107/><W24/><G24/><T91/><D69/><U12/><E64/><V106/><F106/><W31/><G131/><T66/><D66/><U20/><E102/><V65/><F65/><W73/><G134/><T5/><D130/><U95/><E129/><V62/><F62/><W92/><G121/><T128/><D128/><U94/><E2/><V18/><F18/><W8/><G59/><T105/><D23/><N who="1" m="8779" /><E87/><V50/><F50/><W124/><G49/><T109/><D109/><U22/><E86/><V133/><F133/><W75/><G75/><N who="0" m="43231" /><D103/><U60/><E60/><V17/><F17/><W57/><G57/><T123/><D123/><U67/><E67/><V104/><F104/><W58/><G58/><T79/><D79/><U89/><E89/><V4/><F4/><W101/><G101/><T120/><D120/><U117/><E117/><V36/><F36/><W99/><REACH who="3" step="1"/><G124/><REACH who="3" ten="250,250,250,240" step="2"/><T28/><D125/><U7/><E61/><V126/><F126/><W29/><G29/><T37/><D28/><U63/><E63/><V80/><F80/><W30/><G30/><T56/><D37/><U55/><E19/><AGARI ba="0,1" hai="8,15,19,27,31,35,41,42,73,77,82,88,92,99" machi="19" ten="30,3900,0" yaku="1,1,7,1,54,1,53,0" doraHai="119" doraHaiUra="48" who="3" fromWho="1" sc="250,0,250,-39,250,0,240,49" /><INIT seed="1,0,0,0,1,58" ten="250,211,250,289" oya="1" hai0="93,43,77,19,87,27,131,13,95,130,14,22,106" hai1="78,46,56,126,107,120,57,12,113,1,18,30,134" hai2="98,94,127,53,11,92,33,102,71,31,88,44,104" hai3="117,16,9,4,133,84,64,28,24,129,7,55,82"/><U81/><E113/><V75/><F127/><W79/><G129/><N who="0" m="49163" /><D106/><U73/><E120/><V100/><F71/><W21/><G133/><T26/><D43/><U32/><E1/><V118/><F118/><W72/><G117/><T90/><D77/><U36/><E107/><V25/><F75/><W35/><G64/><T34/><D95/><U80/><E134/><V23/><F11/><W42/><G42/><T97/><D87/><U105/><E105/><V68/><F68/><W6/><G55/><T20/><D34/><U63/><E126/><V132/><F132/><W99/><G99/><T47/><D47/><U52/><E81/><V45/><F104/><W3/><REACH who="3" step="1"/><G72/><REACH who="3" ten="250,211,250,279" step="2"/><T38/><D38/><U65/><E36/><V8/><F53/><W86/><G86/><T41/><D41/><U2/><E46/><V17/><F100/><W74/><G74/><T51/><D51/><U67/><E56/><V10/><F45/><W62/><G62/><T101/><D101/><U123/><E123/><V70/><F44/><W122/><G122/><T96/><D97/><U83/><E65/><V109/><F70/><W115/><G115/><T125/><D125/><U69/><E69/><V91/><F102/><W37/><G37/><T29/><AGARI ba="0,1" hai="13,14,19,20,22,26,27,29,90,93,96" m="49163" machi="29" ten="30,1100,0" yaku="19,1" doraHai="58" who="0" fromWho="0" sc="250,21,211,-5,250,-3,279,-3" /><INIT seed="2,0,0,5,5,41" ten="271,206,247,276" oya="2" hai0="124,80,94,34,103,72,106,115,35,119,95,108,116" hai1="130,28,29,63,18,13,38,12,104,51,32,132,84" hai2="125,75,66,128,39,24,88,117,6,19,26,86,82" hai3="73,79,42,96,50,92,98,127,47,102,93,70,21"/><V77/><F117/><N who="0" m="45130" /><D115/><U27/><E38/><V135/><F125/><W36/><G127/><T10/><D124/><U1/><E104/><V110/><F128/><W67/><G73/><T97/><D108/><U122/><E130/><V126/><F126/><W61/><G79/><N who="0" m="44135" /><D10/><U57/><E1/><V2/><F110/><W33/><G33/><AGARI ba="0,0" hai="33,34,35,94,95,97,103,106" m="44135,45130" machi="33" ten="30,1000,0" yaku="12,1" doraHai="41" who="0" fromWho="3" sc="271,10,206,0,247,0,276,-10" /><INIT seed="3,0,0,5,3,7" ten="281,206,247,266" oya="3" hai0="70,89,66,88,75,32,5,133,128,129,61,86,49" hai1="64,104,47,58,31,2,50,77,91,53,27,115,17" hai2="10,20,62,24,26,113,98,48,71,16,36,114,65" hai3="81,60,120,80,13,110,85,100,51,97,57,18,6"/><W78/><G120/><T34/><D75/><U123/><E123/><V124/><F36/><W96/><G110/><T63/><D133/><U79/><E115/><V1/><F124/><W72/><G51/><T106/><D106/><U73/><E104/><V92/><F26/><W105/><G6/><T121/><D121/><U90/><E2/><V33/><F33/><W0/><G0/><T102/><D102/><U109/><E109/><V111/><F111/><W99/><G81/><N who="0" m="49231" /><D5/><U95/><E17/><V38/><F38/><W29/><G29/><T40/><D89/><U52/><E64/><V118/><F118/><W135/><G72/><T39/><D39/><U117/><E90/><V11/><F1/><W3/><G135/><T19/><D19/><U30/><E73/><V87/><F87/><W15/><G15/><T101/><D101/><U59/><E117/><V134/><F134/><W25/><G25/><T54/><D63/><N who="1" m="36295" /><E47/><V116/><F116/><W42/><G3/><T130/><D40/><U22/><E30/><V112/><REACH who="2" step="1"/><F48/><REACH who="2" ten="281,206,237,266" step="2"/><W68/><G13/><T67/><D66/><U45/><E45/><AGARI ba="0,1" hai="32,34,45,49,54,61,67,70,128,129,130" m="49231" machi="45" ten="30,2000,0" yaku="19,1,54,1" doraHai="7" who="0" fromWho="1" sc="281,30,206,-20,237,0,266,0" owari="311,41.1,186,-31.4,237,-16.3,266,6.6" /></mjloggm>