<mjloggm ver="2.3"><GO type="169" lobby="0"/><UN n0="%E9%81%8B%E3%81%A7%E5%8B%9D%E3%81%A4" n1="%41%2E%53%74%61%72%73" n2="%32%30%31%33%36%31%32" n3="%E4%BD%90%E8%97%A4%E3%82%AB%E3%82%A4%E3%82%B8" dan="17,16,18,17" rate="2141.90,2049.48,2224.33,2201.94" sx="M,M,M,F"/><TAIKYOKU oya="0"/><INIT seed="0,0,0,2,1,74" ten="250,250,250,250" oya="0" hai0="47,85,80,89,78,48,42,95,70,72,19,20,122" hai1="102,15,46,25,71,105,120,112,130,53,115,132,131" hai2="6,109,41,125,57,67,55,50,76,84,32,96,44" hai3="113,21,91,81,123,90,3,99,64,121,24,117,45"/><T62/><D122/><N who="3" m="46601" /><G117/><T23/><D23/><U119/><E120/><V14/><F32/><W103/><G113/><N who="1" m="43594" /><E71/><V86/><F109/><W77/><G45/><T18/><REACH who="0" step="1"/><D20/><REACH who="0" ten="240,250,250,250" step="2"/><U29/><E119/><V110/><F110/><W63/><G21/><T54/><D54/><U111/><E53/><V28/><F125/><W10/><G24/><T100/><D100/><U0/><E102/><V58/><F55/><W16/><G64/><AGARI ba="0,1" hai="18,19,42,47,48,62,64,70,72,78,80,85,89,95" machi="64" ten="40,7700,0" yaku="1,1,52,1,53,1" doraHai="74" doraHaiUra="56" who="0" fromWho="3" sc="240,87,250,0,250,0,250,-77" /><INIT seed="0,1,0,3,2,64" ten="327,250,250,173" oya="0" hai0="22,82,40,53,106,74,88,113,13,14,59,6,77" hai1="23,129,134,130,80,93,76,15,91,65,28,46,90" hai2="58,7,96,118,55,132,73,110,34,79,70,66,126" hai3="41,44,111,47,43,135,114,104,10,89,120,121,60"/><T19/><D113/><U75/><E134/><V17/><F110/><W36/><G114/><T4/><D106/><U48/><E65/><V57/><F57/><W97/><G111/><T0/><D0/><U131/><E93/><V35/><F126/><W117/><G135/><T11/><D40/><U67/><E67/><V109/><F109/><W69/><G117/><T98/><D98/><U105/><E105/><V38/><F7/><W78/><G60/><T84/><D14/><U56/><E56/><V54/><F54/><W50/><G78/><T52/><D11/><U124/><E124/><V122/><F38/><W108/><G108/><T45/><D45/><U1/><E1/><V42/><F42/><W85/><G10/><T30/><D30/><U94/><E94/><V29/><F29/><W18/><G18/><T24/><D24/><N who="1" m="16415" /><E15/><V12/><F122/><N who="3" m="47211" /><G97/><T103/><D103/><U20/><E20/><V71/><F96/><W127/><G104/><T107/><D107/><U83/><E83/><N who="2" m="45551" /><F66/><W37/><G37/><T87/><D74/><U21/><E21/><N who="2" m="11431" /><F132/><W3/><G3/><T101/><D101/><U5/><E5/><N who="0" m="2153" /><D59/><U61/><E61/><N who="2" m="36063" /><F118/><W2/><G2/><T99/><D99/><U33/><E33/><V133/><F133/><W123/><N who="3" m="47219" /><W25/><DORA hai="8" /><G127/><T119/><D119/><U9/><E9/><V39/><F39/><W86/><G25/><T16/><D19/><U68/><E130/><V112/><F112/><W125/><G125/><T31/><D31/><U116/><E116/><V49/><F49/><W100/><G100/><T95/><AGARI ba="1,0" hai="13,16,22,52,53,77,82,84,87,88,95" m="2153" machi="95" ten="30,18000,2" yaku="5,1,8,1,52,1,54,3" doraHai="64,8" who="0" fromWho="0" sc="327,183,250,-61,250,-61,173,-61" /><INIT seed="0,2,0,0,1,74" ten="510,189,189,112" oya="0" hai0="9,43,95,33,120,97,72,73,102,10,86,46,93" hai1="119,106,98,25,116,16,80,56,91,37,45,17,84" hai2="115,28,96,112,134,44,26,63,21,7,123,60,78" hai3="34,132,6,124,89,66,4,121,126,13,36,49,27"/><T50/><D33/><U55/><E116/><V109/><F123/><W117/><G36/><T31/><D31/><U24/><E119/><V47/><F109/><W22/><G117/><T75/><D120/><U131/><E131/><V48/><F7/><W92/><G121/><T129/><D129/><U5/><E5/><V41/><F134/><W0/><G132/><T133/><D133/><U110/><E110/><V15/><F15/><W90/><G66/><T35/><D35/><U79/><E37/><V125/><F125/><N who="3" m="48235" /><G0/><T42/><D42/><U100/><E45/><V18/><F28/><N who="3" m="19743" /><G89/><T76/><REACH who="0" step="1"/><D95/><REACH who="0" ten="500,189,189,112" step="2"/><U11/><E91/><V82/><F112/><W67/><G92/><T105/><D105/><U130/><E130/><V101/><F115/><W68/><G90/><T32/><D32/><U108/><E108/><V12/><F41/><W135/><G135/><T83/><AGARI ba="2,1" hai="9,10,43,46,50,72,73,75,76,83,86,93,97,102" machi="83" ten="40,12000,1" yaku="1,1,0,1,52,1,53,1" doraHai="74" doraHaiUra="81" who="0" fromWho="0" sc="500,136,189,-42,189,-42,112,-42" /><INIT seed="0,3,0,0,2,31" ten="636,147,147,70" oya="0" hai0="27,109,119,38,39,95,55,135,61,22,14,72,128" hai1="60,4,40,75,10,44,129,80,131,96,125,54,111" hai2="2,49,9,94,86,45,26,71,64,48,67,3,51" hai3="21,47,32,110,7,16,88,69,5,133,68,92,37"/><T98/><D119/><U53/><E111/><V23/><F71/><W35/><G110/><T101/><D72/><U102/><E125/><V126/><F126/><W52/><G133/><T106/><D109/><U50/><E75/><V134/><F134/><W0/><G68/><T107/><D135/><U89/><E89/><V46/><F9/><W28/><G69/><T123/><D123/><U20/><E80/><V70/><F2/><W105/><G105/><T83/><D128/><N who="1" m="49227" /><E20/><V17/><F3/><W33/><G28/><T36/><D14/><N who="1" m="5447" /><E60/><V24/><F70/><W13/><G0/><T84/><D61/><U19/><E19/><V127/><F24/><W11/><G21/><T130/><D130/><U29/><E29/><V76/><F127/><W77/><G77/><T116/><D116/><U74/><E74/><V63/><F63/><W65/><G65/><N who="2" m="25161" /><F76/><W58/><G58/><T43/><D43/><U85/><E85/><V112/><F112/><W99/><REACH who="3" step="1"/><G52/><REACH who="3" ten="636,147,147,60" step="2"/><T87/><D55/><U73/><E73/><V57/><F57/><W81/><G81/><T93/><D83/><U66/><E66/><V41/><F41/><AGARI ba="3,1" hai="5,7,11,13,16,32,33,35,37,41,47,88,92,99" machi="41" ten="40,12000,2" yaku="1,1,52,3,54,2,53,1" doraHai="31" doraHaiUra="91" who="3" fromWho="2" sc="636,0,147,0,147,-129,60,139" /><INIT seed="1,0,0,0,2,123" ten="636,147,18,199" oya="1" hai0="96,93,83,34,50,106,26,18,5,89,10,77,61" hai1="109,6,116,23,105,21,48,129,85,87,108,52,121" hai2="114,29,8,41,75,39,113,15,62,120,91,122,16" hai3="46,55,88,7,43,118,19,28,51,72,112,135,9"/><U36/><E121/><N who="2" m="46699" /><F62/><W3/><G112/><N who="2" m="43113" /><F91/><W92/><G118/><T58/><D106/><U22/><E116/><V56/><F56/><W74/><G135/><T67/><D34/><U101/><E129/><V97/><F97/><W94/><G28/><T54/><D26/><U81/><E36/><V80/><F80/><W110/><G110/><N who="1" m="42602" /><E6/><V131/><F41/><W130/><G130/><T119/><D119/><U59/><E81/><V107/><F107/><W128/><G128/><T111/><D111/><U44/><E59/><V32/><F39/><W64/><G7/><T95/><D5/><U84/><E105/><V86/><F86/><W0/><G74/><T102/><D83/><U126/><E126/><V1/><F75/><W65/><G72/><T117/><D117/><U17/><E101/><V125/><F131/><W30/><G94/><T103/><D93/><U25/><AGARI ba="0,0" hai="17,21,22,23,25,44,48,52,84,85,87" m="42602" machi="25" ten="30,18000,2" yaku="14,1,10,1,52,3,54,1" doraHai="123" who="1" fromWho="1" sc="636,-60,147,180,18,-60,199,-60" owari="576,67.6,327,12.7,-42,-54.2,139,-26.1" /></mjloggm>