<mjloggm ver="2.3"><GO type="169" lobby="0"/><UN n0="%E3%81%B5%E3%82%8D%E3%82%93" n1="%37%34%31%34%4E%6D%73%6C" n2="%E4%BA%8C%E9%9A%8E%E5%A0%82%E7%9C%9F%E7%B4%85%E3%81%A1%E3%82%83%E3%82%93" n3="%E3%81%B1%E3%82%93%E3%81%AA%E3%81%93%E3%81%BE%E3%81%A3%E3%81%9F" dan="17,16,16,17" rate="2200.63,2041.67,2138.39,2225.31" sx="M,M,M,M"/><TAIKYOKU oya="0"/><INIT seed="0,0,0,4,2,28" ten="250,250,250,250" oya="0" hai0="44,65,43,94,64,0,19,24,20,15,56,18,66" hai1="49,5,27,130,26,3,119,75,78,79,82,128,46" hai2="104,32,70,108,63,120,55,45,6,25,109,7,107" hai3="127,9,58,100,31,99,88,134,22,54,92,47,35"/><T76/><D0/><U113/><E119/><V112/><F120/><W116/><G116/><T4/><D76/><U59/><E113/><V135/><F112/><W83/><G127/><T72/><D72/><U40/><E79/><V111/><F135/><W62/><G134/><T37/><D4/><N who="2" m="1578" /><F45/><W121/><G121/><T133/><D133/><U97/><E59/><N who="2" m="35327" /><F70/><W21/><G9/><T122/><D122/><U23/><E97/><V33/><F25/><W52/><G35/><AGARI ba="0,0" hai="32,33,35,104,107,108,109,111" m="35327,1578" machi="35" ten="40,8000,1" yaku="14,1,52,3" doraHai="28" who="2" fromWho="3" sc="250,0,250,0,250,80,250,-80" /><INIT seed="1,0,0,3,4,32" ten="250,250,330,170" oya="1" hai0="130,17,94,88,73,21,76,3,84,12,14,5,55" hai1="41,65,23,71,72,4,25,47,29,103,92,50,90" hai2="80,26,99,49,54,75,35,16,133,59,104,106,93" hai3="127,89,57,117,6,81,67,128,115,111,58,108,44"/><U131/><E131/><V28/><F133/><W43/><G115/><T74/><D130/><U110/><E72/><V48/><F48/><W86/><G128/><T123/><D123/><U112/><E112/><V96/><F96/><W97/><G127/><T62/><D14/><U69/><E110/><V102/><REACH who="2" step="1"/><F16/><REACH who="2" ten="250,250,320,170" step="2"/><W68/><G97/><T18/><D18/><U7/><E103/><V42/><F42/><W22/><G43/><T100/><D100/><U79/><E79/><AGARI ba="0,1" hai="26,28,35,49,54,59,75,79,80,93,99,102,104,106" machi="79" ten="40,1300,0" yaku="1,1,53,0" doraHai="32" doraHaiUra="122" who="2" fromWho="1" sc="250,0,250,-13,320,23,170,0" /><INIT seed="2,0,0,1,0,106" ten="250,237,343,170" oya="2" hai0="9,56,27,40,20,74,25,21,6,43,72,55,63" hai1="90,96,124,114,80,26,33,13,73,67,120,16,39" hai2="61,57,94,134,133,59,3,110,28,125,23,65,93" hai3="36,29,58,8,98,102,42,5,77,50,97,64,105"/><V111/><F3/><W129/><G129/><T19/><D43/><U118/><E114/><V91/><F125/><W103/><G36/><T71/><D40/><U75/><E118/><V84/><F94/><W76/><G29/><T108/><D71/><U15/><E39/><V4/><F4/><W34/><G34/><T116/><D108/><N who="2" m="41514" /><F59/><W14/><G42/><T35/><D35/><U101/><E67/><V126/><F126/><W113/><G113/><T31/><REACH who="0" step="1"/><D116/><REACH who="0" ten="240,237,343,170" step="2"/><U99/><E33/><V53/><F134/><W83/><G83/><T45/><D45/><U117/><E117/><V49/><F133/><W22/><G22/><T78/><D78/><U121/><E124/><V132/><F132/><W112/><G112/><T79/><D79/><U62/><E80/><V51/><F65/><W130/><G130/><T95/><D95/><U66/><E66/><V18/><F28/><W128/><G128/><T68/><D68/><U92/><E92/><V52/><F53/><W46/><G46/><T38/><D38/><U104/><E121/><V12/><AGARI ba="0,1" hai="12,18,23,49,51,52,57,61,84,91,93" m="41514" machi="12" ten="30,6000,0" yaku="14,1,10,1,54,1" doraHai="106" who="2" fromWho="2" sc="240,-20,237,-20,343,70,170,-20" /><INIT seed="2,1,0,3,3,89" ten="220,217,413,150" oya="2" hai0="95,21,57,12,132,127,55,134,34,108,28,52,96" hai1="111,74,43,51,2,88,80,117,14,24,72,130,101" hai2="135,109,20,120,128,70,112,54,42,31,67,84,41" hai3="17,131,82,71,46,56,50,10,98,22,30,116,97"/><V78/><F120/><W32/><G116/><T15/><D108/><U105/><E117/><V125/><F112/><W7/><G131/><T79/><D79/><U27/><E2/><V9/><F135/><N who="0" m="51754" /><D127/><U33/><E111/><V49/><F109/><W86/><G71/><T58/><D34/><U126/><E126/><V62/><F9/><W40/><G56/><N who="0" m="21611" /><D28/><U106/><E33/><V48/><F78/><W68/><G68/><T75/><D75/><U66/><E66/><V100/><F67/><W6/><G30/><T61/><D61/><U76/><E76/><V13/><F31/><W124/><G32/><T90/><D21/><U104/><E74/><V87/><F20/><W122/><G124/><T8/><D15/><U26/><E72/><V60/><F13/><W18/><G122/><T119/><D119/><U29/><E14/><V110/><F70/><W121/><G121/><T39/><D39/><U23/><E130/><V99/><F128/><W85/><G22/><T47/><D47/><U38/><E38/><V103/><F110/><W53/><G10/><T93/><D93/><U118/><E118/><V0/><F0/><W35/><G35/><T83/><D83/><U123/><E123/><V94/><F94/><W5/><G82/><T25/><D25/><U107/><E107/><V64/><F125/><W133/><G133/><T1/><D1/><U59/><E80/><V4/><F64/><W129/><G129/><T44/><D44/><U102/><E23/><V92/><F92/><W65/><G65/><T69/><D69/><U73/><E29/><V11/><F11/><RYUUKYOKU ba="1,0" sc="220,30,217,-10,413,-10,150,-10" hai0="8,12,52,55,90,95,96" /><INIT seed="3,2,0,4,3,21" ten="250,207,403,140" oya="3" hai0="62,129,1,53,65,48,54,50,32,18,33,111,2" hai1="15,88,10,131,93,9,107,97,102,68,34,73,104" hai2="122,43,70,38,44,47,12,41,115,60,19,5,4" hai3="118,26,56,84,71,82,35,66,76,30,7,106,108"/><W105/><G118/><T114/><D111/><U40/><E131/><V59/><F115/><W67/><G108/><T11/><D129/><U57/><E68/><V27/><F70/><W135/><G135/><T0/><D114/><U128/><E128/><V134/><F122/><W96/><G7/><T39/><D39/><U80/><E40/><V8/><F134/><W42/><G42/><T89/><D89/><U119/><E119/><V61/><F61/><W98/><G71/><T69/><D11/><U127/><E127/><V117/><F27/><W120/><G120/><T3/><N who="0" m="0" /><DORA hai="132" /><T83/><D83/><U36/><E36/><V14/><F14/><W85/><G85/><T109/><D18/><U124/><E80/><V95/><F95/><W28/><G28/><T46/><REACH who="0" step="1"/><D109/><REACH who="0" ten="240,207,403,140" step="2"/><U13/><E9/><V72/><F117/><W16/><G16/><T52/><D52/><U112/><E88/><V133/><F133/><W74/><G67/><T110/><D110/><U90/><E90/><V23/><F8/><W100/><G66/><T75/><D75/><U49/><E10/><V121/><F72/><W99/><G74/><T87/><D87/><U130/><E73/><V103/><F121/><W125/><G125/><T31/><D31/><U126/><E130/><V113/><F113/><W22/><G100/><T91/><D91/><U45/><E102/><V79/><F103/><W81/><G81/><T29/><D29/><U63/><E112/><V78/><F4/><W51/><REACH who="3" step="1"/><G22/><REACH who="3" ten="240,207,403,130" step="2"/><T58/><AGARI ba="2,2" hai="32,33,46,48,50,53,54,58,62,65,69" m="0" machi="58" ten="60,7900,0" yaku="1,1,0,1,53,1" doraHai="21,132" doraHaiUra="64,101" who="0" fromWho="0" sc="240,105,207,-22,403,-22,130,-41" /><INIT seed="4,0,0,4,4,54" ten="345,185,381,89" oya="0" hai0="0,38,11,79,49,83,91,30,100,119,123,76,132" hai1="121,35,68,25,6,71,41,129,80,34,12,33,85" hai2="111,128,15,55,18,40,124,70,16,62,98,56,3" hai3="57,52,106,89,19,84,69,73,105,17,127,39,116"/><T32/><D119/><U31/><E121/><V93/><F3/><W90/><G116/><T117/><D38/><U103/><E129/><V23/><F111/><W130/><G130/><T97/><D123/><U81/><E103/><V114/><F128/><W44/><G69/><T28/><D117/><U63/><E80/><V78/><F114/><W135/><G73/><T64/><D132/><U96/><E96/><V112/><F124/><W13/><G135/><T75/><D64/><U8/><E71/><V66/><F112/><W82/><G127/><T1/><D79/><U110/><E110/><V20/><F40/><W65/><G90/><T9/><D91/><U88/><REACH who="1" step="1"/><E41/><REACH who="1" ten="345,175,381,89" step="2"/><V102/><F78/><W46/><G106/><T108/><D97/><U104/><E104/><V87/><F70/><W113/><G105/><T126/><D100/><U36/><E36/><V118/><F118/><W95/><G39/><T61/><D83/><U109/><E109/><V53/><F87/><W99/><G113/><T120/><D120/><U7/><E7/><V51/><F51/><N who="3" m="30879" /><G65/><AGARI ba="0,1" hai="6,8,12,25,31,33,34,35,63,65,68,81,85,88" machi="65" ten="40,5200,0" yaku="1,1,54,1,53,1" doraHai="54" doraHaiUra="60" who="1" fromWho="3" sc="345,0,175,62,381,0,89,-52" /><INIT seed="5,0,0,1,5,26" ten="345,237,381,37" oya="1" hai0="0,6,111,67,121,119,114,100,103,124,58,8,86" hai1="118,127,10,14,73,16,94,35,43,77,84,55,28" hai2="25,19,102,117,126,51,104,88,89,97,42,80,70" hai3="4,12,15,87,63,106,22,115,133,44,60,98,62"/><U32/><E118/><V125/><F70/><W65/><G115/><T113/><D111/><U31/><E73/><V36/><F36/><W64/><G133/><T71/><D119/><U30/><E43/><V130/><F117/><W122/><G122/><T135/><D71/><U34/><E127/><N who="2" m="48651" /><F130/><W108/><G108/><T27/><D124/><U91/><E77/><V110/><F110/><W105/><G44/><T24/><D86/><U33/><N who="1" m="8192" /><DORA hai="57" /><U17/><REACH who="1" step="1"/><E55/><REACH who="1" ten="345,227,381,37" step="2"/><V38/><F42/><W29/><G87/><T75/><D75/><U23/><E23/><N who="2" m="13567" /><F38/><W9/><G98/><T54/><D114/><U39/><E39/><V120/><F120/><W46/><G46/><T131/><D113/><U53/><E53/><V13/><F97/><W50/><G50/><T66/><D54/><U90/><E90/><V3/><F89/><W74/><G74/><T48/><D48/><U20/><E20/><V134/><F88/><W47/><G47/><T93/><D121/><U101/><E101/><V18/><F102/><W112/><G112/><T81/><D103/><U40/><E40/><V99/><F51/><W128/><G128/><T79/><D131/><U92/><E92/><V5/><F99/><W83/><G83/><T82/><D82/><U76/><E76/><V123/><F80/><W52/><G52/><T69/><D81/><U109/><E109/><V11/><F123/><W59/><G59/><T61/><D58/><U68/><E68/><V56/><F56/><W1/><G29/><T107/><D69/><U78/><E78/><V96/><F96/><W49/><G22/><RYUUKYOKU ba="0,1" sc="345,-10,227,30,381,-10,37,-10" hai1="10,14,16,17,28,30,31,84,91,94" /><INIT seed="5,1,1,2,4,17" ten="335,257,371,27" oya="1" hai0="93,66,65,132,74,112,58,36,49,19,39,73,127" hai1="3,57,123,108,115,79,35,64,83,55,101,94,31" hai2="129,131,77,47,118,43,51,68,61,69,87,97,113" hai3="46,106,53,12,122,27,0,100,24,18,42,44,85"/><U86/><E123/><V121/><F118/><W117/><G122/><T135/><D112/><U11/><E115/><V103/><F121/><W81/><G117/><T133/><D93/><U70/><E108/><V80/><F113/><W120/><G120/><T125/><D19/><U15/><E3/><V102/><F102/><W124/><G124/><N who="0" m="47691" /><D49/><U91/><E101/><V111/><F111/><W67/><G67/><N who="0" m="25611" /><D58/><U126/><E126/><V60/><F60/><W114/><G0/><T104/><D104/><U4/><E64/><V54/><F61/><W78/><G114/><T7/><D7/><U109/><E70/><V45/><F131/><W82/><G82/><T116/><D116/><U96/><E109/><V62/><F62/><W107/><G53/><T105/><D105/><U38/><E38/><AGARI ba="1,1" hai="36,38,39,73,74,132,133,135" m="25611,47691" machi="38" ten="40,8000,1" yaku="28,2,20,1,18,1" doraHai="17" who="0" fromWho="1" sc="335,93,257,-83,371,0,27,0" /><INIT seed="6,0,0,1,1,119" ten="428,174,371,27" oya="2" hai0="86,7,127,66,25,55,121,72,24,2,46,42,95" hai1="73,94,17,44,37,133,59,6,28,48,12,124,54" hai2="60,116,69,77,33,88,68,76,128,111,132,83,103" hai3="3,81,120,105,9,31,62,39,80,112,19,106,38"/><V45/><F116/><W126/><G31/><T61/><D72/><U75/><E124/><V113/><F33/><W57/><G126/><T21/><D127/><U108/><E108/><V35/><F35/><W74/><G112/><T63/><D121/><U13/><E28/><V102/><F113/><W134/><G134/><T131/><D131/><U92/><E133/><V122/><F132/><W8/><G3/><T118/><D55/><U109/><E109/><V91/><F111/><W0/><G0/><T51/><D7/><U34/><E34/><V93/><F45/><W4/><G4/><T26/><D2/><U23/><E73/><V101/><F128/><W49/><G74/><T22/><D63/><U27/><E75/><V84/><F122/><W67/><G62/><T89/><REACH who="0" step="1"/><D118/><REACH who="0" ten="418,174,371,27" step="2"/><U32/><E6/><V11/><F11/><W71/><G67/><T104/><D104/><U18/><E54/><V87/><REACH who="2" step="1"/><F60/><REACH who="2" ten="418,174,361,27" step="2"/><W43/><G120/><T110/><D110/><U14/><E44/><V96/><F96/><W40/><G38/><T20/><D20/><U65/><E37/><V99/><F99/><W41/><G39/><T90/><D90/><U114/><E23/><V30/><F30/><W79/><G9/><T125/><D125/><U15/><E114/><V50/><F50/><W52/><G8/><T70/><AGARI ba="0,2" hai="21,22,24,25,26,42,46,51,61,66,70,86,89,95" machi="70" ten="30,2000,0" yaku="1,1,0,1,53,0" doraHai="119" doraHaiUra="130" who="0" fromWho="0" sc="418,40,174,-5,361,-10,27,-5" /><INIT seed="7,0,0,2,1,68" ten="458,169,351,22" oya="3" hai0="123,115,106,49,59,29,17,88,66,132,116,101,8" hai1="133,85,20,61,97,118,94,40,35,5,63,32,108" hai2="129,107,34,70,41,80,13,56,83,2,79,65,50" hai3="98,92,87,46,38,125,48,36,54,124,33,24,81"/><W111/><G111/><T73/><D123/><U18/><E108/><V130/><F2/><W7/><G7/><T58/><D73/><U113/><E113/><V110/><F107/><W127/><G24/><T30/><D115/><U72/><E72/><V120/><F34/><W11/><G33/><T4/><D116/><U37/><E37/><V42/><F110/><W10/><G10/><T25/><D132/><U22/><E40/><V16/><F70/><W45/><G45/><T1/><D101/><U27/><E133/><V53/><F65/><W39/><G11/><T57/><D106/><U14/><E118/><V134/><F120/><W105/><G105/><T128/><D128/><N who="2" m="49258" /><F83/><W64/><G64/><T114/><D66/><U96/><E35/><V103/><F103/><W126/><N who="3" m="31744" /><DORA hai="43" /><W69/><G69/><T12/><D114/><U51/><E32/><V117/><F134/><W135/><G135/><T91/><D1/><U52/><E5/><V62/><F117/><W60/><G60/><T90/><D49/><U55/><E63/><V26/><F50/><W119/><G119/><T23/><AGARI ba="0,0" hai="4,8,12,17,23,25,29,30,57,58,59,88,90,91" machi="23" ten="40,5200,0" yaku="0,1,8,1,54,1" doraHai="68,43" who="0" fromWho="0" sc="458,52,169,-13,351,-13,22,-26" owari="510,61.0,156,-24.4,338,13.8,-4,-50.4" /></mjloggm>