<mjloggm ver="2.3"><GO type="169" lobby="0"/><UN n0="%E4%B9%9D%E7%B4%8B%E9%BE%8D%E5%8F%B2%E9%80%B2" n1="%E3%81%AF%E3%81%AA%E3%81%B3%E3%81%AA%E3%81%B3" n2="%6B%61%77%61%69%31%32" n3="%E3%83%97%E3%83%AC%E3%82%B9%E3%83%97" dan="19,17,16,16" rate="2318.62,2132.14,2076.16,2178.93" sx="M,M,M,M"/><TAIKYOKU oya="0"/><INIT seed="0,0,0,1,2,74" ten="250,250,250,250" oya="0" hai0="103,21,107,3,24,85,111,87,128,32,129,83,34" hai1="59,108,134,4,46,106,65,112,133,37,122,116,39" hai2="18,17,33,69,30,14,28,81,31,9,51,92,53" hai3="90,100,64,47,62,109,82,50,80,7,38,66,40"/><T94/><D107/><U16/><E106/><V26/><F69/><W121/><G109/><T84/><D3/><U127/><E4/><V77/><F92/><W93/><G121/><T99/><D111/><U42/><E108/><V89/><F89/><W72/><G100/><T23/><D23/><U102/><E102/><V1/><F1/><W71/><G7/><T48/><D48/><N who="1" m="26711" /><E16/><V54/><F18/><W20/><G66/><T104/><D104/><U58/><E122/><V10/><F10/><W114/><G114/><T124/><D124/><U49/><E116/><V95/><F95/><W5/><G5/><T0/><D0/><U56/><E127/><V126/><F126/><W27/><G38/><N who="1" m="14346" /><E112/><V130/><F130/><N who="0" m="50282" /><D83/><U125/><E125/><V78/><F54/><W52/><G40/><T55/><D55/><N who="1" m="31855" /><E65/><V44/><REACH who="2" step="1"/><F77/><REACH who="2" ten="250,250,240,250" step="2"/><W117/><G117/><T73/><D73/><AGARI ba="0,1" hai="9,14,17,26,28,30,31,33,44,51,53,73,78,81" machi="73" ten="30,8000,1" yaku="1,1,2,1,7,1,52,1,53,1" doraHai="74" doraHaiUra="79" who="2" fromWho="0" sc="250,-80,250,0,240,90,250,0" /><INIT seed="1,0,0,4,2,114" ten="170,250,330,250" oya="1" hai0="47,134,13,60,14,77,112,76,5,68,38,97,96" hai1="113,67,46,32,6,100,123,124,41,115,106,22,127" hai2="40,93,108,103,28,119,24,85,120,109,105,80,21" hai3="4,99,64,128,89,75,33,29,90,121,69,116,130"/><U79/><E123/><V50/><F120/><W110/><G121/><T34/><D34/><U101/><E32/><V122/><F122/><W26/><G110/><N who="2" m="42601" /><F105/><W52/><G75/><T51/><D38/><U92/><E106/><V9/><F9/><W42/><G42/><T15/><D112/><U58/><E6/><V3/><F3/><W132/><G132/><T78/><D134/><U71/><E71/><V63/><F63/><W98/><G4/><T53/><REACH who="0" step="1"/><D5/><REACH who="0" ten="160,250,330,250" step="2"/><U117/><E113/><V57/><F103/><W61/><G128/><T81/><D81/><U107/><E100/><V7/><F80/><W31/><G130/><T37/><D37/><U88/><E101/><V20/><F7/><W70/><G33/><T17/><D17/><U8/><E115/><V35/><F35/><W54/><G31/><T1/><D1/><U43/><E124/><V111/><F111/><W39/><G39/><T125/><D125/><U45/><E127/><V55/><F28/><W104/><G29/><T118/><D118/><U66/><E117/><V56/><F119/><W131/><G131/><T27/><D27/><U11/><E107/><V36/><F24/><W72/><G26/><T133/><D133/><U16/><E16/><V2/><F2/><W12/><G116/><T19/><D19/><U129/><E129/><V0/><F0/><W102/><G104/><T95/><D95/><U74/><E92/><V126/><F126/><W44/><G102/><T23/><D23/><U73/><E22/><N who="2" m="8811" /><F36/><W18/><G18/><T82/><D82/><U49/><E11/><V10/><F93/><RYUUKYOKU ba="0,1" sc="160,30,250,-10,330,-10,250,-10" hai0="13,14,15,47,51,53,60,68,76,77,78,96,97" /><INIT seed="2,1,1,5,1,124" ten="190,240,320,240" oya="2" hai0="86,98,133,100,37,111,4,117,35,90,41,61,69" hai1="43,114,84,67,113,132,27,56,45,127,54,3,30" hai2="24,15,72,87,102,52,104,99,20,129,32,112,77" hai3="46,5,70,11,19,66,63,22,116,10,21,51,108"/><V2/><F112/><W126/><G116/><T119/><D111/><U134/><E3/><V44/><F2/><W109/><G126/><T14/><D133/><N who="1" m="51307" /><E84/><V105/><F105/><W120/><G120/><T58/><D69/><U1/><E1/><V115/><F115/><N who="1" m="44041" /><E27/><V49/><F72/><W13/><G22/><T131/><D35/><U81/><E81/><V33/><F15/><W123/><G123/><T38/><D4/><U71/><E30/><V101/><F101/><W76/><G76/><T47/><D14/><U17/><E17/><V62/><F87/><W9/><REACH who="3" step="1"/><G5/><REACH who="3" ten="190,240,320,230" step="2"/><T97/><D119/><U0/><E127/><V60/><F77/><W73/><G73/><T65/><D117/><U130/><E0/><V6/><F6/><W78/><G78/><T91/><D131/><U26/><E130/><V39/><F33/><W96/><G96/><T82/><D98/><U89/><E26/><V125/><F32/><W36/><G36/><T79/><REACH who="0" step="1"/><D38/><REACH who="0" ten="180,240,320,230" step="2"/><U94/><E71/><V107/><F129/><W135/><G135/><T50/><D50/><U118/><E118/><V93/><F39/><W121/><G121/><T23/><D23/><U12/><E12/><V53/><F125/><W25/><G25/><T122/><D122/><U92/><E89/><V95/><F20/><W74/><G74/><T80/><D80/><U128/><E128/><V103/><F24/><W40/><AGARI ba="1,3" hai="9,10,11,13,19,21,40,46,51,63,66,70,108,109" machi="40" ten="30,2000,0" yaku="1,1,0,1,53,0" doraHai="124" doraHaiUra="55" who="3" fromWho="3" sc="180,-6,240,-6,320,-11,230,53" /><INIT seed="3,0,0,1,0,0" ten="174,234,309,283" oya="3" hai0="74,23,114,66,85,96,134,57,111,118,125,102,121" hai1="5,13,46,40,21,17,8,55,94,35,61,2,133" hai2="43,32,90,30,59,28,122,1,7,97,117,76,6" hai3="132,79,104,36,52,112,103,69,120,29,128,27,56"/><W113/><G120/><T108/><D118/><U78/><E133/><V131/><F1/><W135/><G69/><T41/><D74/><U81/><E35/><V87/><F32/><W34/><G36/><T86/><D121/><U123/><E123/><V20/><F122/><W60/><G128/><T3/><D134/><N who="3" m="51241" /><G79/><T68/><D68/><U82/><E94/><V62/><F131/><W84/><G84/><T130/><D130/><U12/><E61/><V53/><F117/><W100/><G104/><T63/><D125/><U15/><E55/><V49/><F97/><W70/><G70/><T119/><D119/><U65/><E65/><V99/><F99/><W24/><G24/><T107/><D114/><AGARI ba="0,0" hai="27,29,34,52,56,60,100,103,112,113,114" m="51241" machi="114" ten="30,2900,0" yaku="20,1,54,1" doraHai="0" who="3" fromWho="0" sc="174,-29,234,0,309,0,283,29" /><INIT seed="3,1,0,4,5,11" ten="145,234,309,312" oya="3" hai0="36,83,104,6,0,121,79,55,99,21,45,63,10" hai1="33,59,107,130,67,134,69,98,100,111,48,14,73" hai2="109,44,42,96,105,31,101,106,26,97,135,64,126" hai3="47,81,27,24,3,7,12,4,115,131,35,102,30"/><W91/><G115/><T22/><D121/><U38/><E38/><V61/><F126/><W110/><G102/><T84/><D104/><U8/><E73/><V50/><F135/><W39/><G131/><T113/><D113/><U2/><E2/><V65/><F109/><W56/><G3/><T62/><D99/><U52/><E134/><V90/><F90/><W95/><G81/><T76/><D76/><U117/><E111/><V54/><F42/><W122/><G122/><T37/><D37/><U94/><E130/><V72/><F72/><W120/><G120/><T41/><D55/><U128/><E33/><V34/><F65/><W49/><G39/><T20/><REACH who="0" step="1"/><D84/><REACH who="0" ten="135,234,309,312" step="2"/><U123/><E123/><V71/><F97/><W16/><G110/><T108/><D108/><U78/><E78/><V112/><F112/><W13/><G91/><T66/><D66/><U1/><E128/><V60/><F106/><W51/><G95/><T127/><D127/><U85/><E67/><V68/><F64/><W9/><G47/><T19/><D19/><U82/><E107/><V15/><F71/><W75/><G75/><T93/><D93/><U74/><E69/><V23/><F68/><W87/><G87/><T133/><D133/><U125/><E74/><V43/><F54/><W88/><G88/><T46/><D46/><U53/><E53/><V28/><F31/><W5/><G56/><T86/><AGARI ba="1,1" hai="0,6,10,20,21,22,36,41,45,62,63,79,83,86" machi="86" ten="30,8000,1" yaku="1,1,0,1,53,3" doraHai="11" doraHaiUra="17" who="0" fromWho="0" sc="135,93,234,-21,309,-21,312,-41" /><INIT seed="4,0,0,1,1,117" ten="228,213,288,271" oya="0" hai0="43,51,115,48,114,130,46,72,8,19,106,2,31" hai1="22,113,37,62,35,98,42,124,27,26,88,110,60" hai2="41,126,97,82,129,12,121,133,135,104,14,73,5" hai3="13,70,50,125,10,58,67,30,87,7,55,95,100"/><T86/><D72/><U78/><E110/><V105/><F129/><W61/><G125/><T25/><D106/><U44/><E124/><V90/><F126/><W76/><G30/><T49/><D130/><U54/><E78/><N who="2" m="44367" /><F41/><W15/><G100/><T39/><D86/><U74/><E74/><V93/><F5/><W119/><G119/><T36/><D36/><U99/><E113/><N who="0" m="43017" /><D19/><U24/><E35/><V109/><F12/><W77/><G15/><T69/><D69/><U52/><E22/><V81/><F14/><W103/><G87/><T132/><D132/><N who="2" m="50762" /><F109/><W65/><REACH who="3" step="1"/><G67/><REACH who="3" ten="228,213,288,261" step="2"/><T71/><D2/><U18/><E18/><V4/><F4/><W96/><AGARI ba="0,1" hai="7,10,13,50,55,58,61,65,70,76,77,95,96,103" machi="96" ten="30,4000,0" yaku="1,1,2,1,0,1,53,0" doraHai="117" doraHaiUra="83" who="3" fromWho="3" sc="228,-20,213,-10,288,-10,261,50" /><INIT seed="5,0,0,2,1,117" ten="208,203,278,311" oya="1" hai0="102,110,71,57,31,128,76,74,19,49,33,96,55" hai1="40,52,78,61,12,5,103,30,129,15,64,86,92" hai2="116,13,120,124,87,7,84,72,135,44,109,79,35" hai3="114,59,11,10,69,81,105,48,0,18,130,1,97"/><U65/><E129/><V38/><F116/><W113/><G69/><T89/><D110/><U16/><E40/><V8/><F109/><W125/><G130/><T115/><D115/><N who="3" m="44041" /><G125/><T106/><D128/><U6/><E30/><V22/><F124/><W37/><G37/><T47/><D71/><U56/><E78/><V127/><F35/><W121/><G121/><T82/><D19/><U91/><E103/><V83/><F135/><W98/><G81/><T80/><D31/><U4/><REACH who="1" step="1"/><E15/><REACH who="1" ten="208,193,278,311" step="2"/><V32/><F13/><W95/><G1/><T119/><D119/><U67/><E67/><V126/><F79/><W133/><G0/><T3/><D3/><U29/><E29/><V85/><F126/><W20/><G133/><T100/><D100/><U23/><AGARI ba="0,1" hai="4,5,6,12,16,23,52,56,61,64,65,86,91,92" machi="23" ten="30,18000,2" yaku="1,1,0,1,8,1,54,2,53,1" doraHai="117" doraHaiUra="51" who="1" fromWho="1" sc="208,-60,193,190,278,-60,311,-60" /><INIT seed="5,1,0,5,3,67" ten="148,383,218,251" oya="1" hai0="51,87,41,19,76,116,95,79,70,27,1,26,59" hai1="93,118,112,92,57,65,84,111,20,77,48,132,12" hai2="75,82,69,53,28,9,74,127,115,56,129,2,4" hai3="106,110,30,91,60,29,121,47,50,103,78,124,97"/><U117/><E112/><V105/><F105/><W43/><G110/><T125/><D1/><U66/><E132/><V8/><F127/><W130/><G121/><T71/><D116/><U104/><E104/><V44/><F129/><W25/><G124/><T85/><D125/><U40/><E111/><V63/><F115/><W13/><G130/><T113/><D113/><U37/><E37/><V83/><F28/><W96/><G78/><T36/><D36/><U81/><E117/><V45/><F69/><W94/><G13/><T7/><D7/><U39/><E39/><V49/><F9/><W108/><G108/><T120/><D120/><U123/><E118/><V3/><F45/><W54/><G25/><T135/><D135/><U119/><E123/><V73/><REACH who="2" step="1"/><F3/><REACH who="2" ten="148,383,208,251" step="2"/><W128/><G128/><T0/><D0/><U62/><E119/><V98/><F98/><W64/><G43/><AGARI ba="1,1" hai="2,4,8,43,44,49,53,56,63,73,74,75,82,83" machi="43" ten="40,2600,0" yaku="1,1,53,1" doraHai="67" doraHaiUra="5" who="2" fromWho="3" sc="148,0,383,0,208,39,251,-29" /><INIT seed="6,0,0,0,4,79" ten="148,383,247,222" oya="2" hai0="127,93,41,4,118,0,43,65,16,84,37,26,131" hai1="119,58,27,45,92,10,61,5,1,63,29,18,72" hai2="123,28,22,133,114,95,128,103,31,88,69,47,77" hai3="11,32,85,83,46,117,64,101,42,113,100,55,51"/><V66/><F123/><W53/><G117/><T98/><D118/><U104/><E104/><V39/><F128/><W75/><G32/><T134/><D131/><U132/><E119/><V6/><F114/><W62/><G75/><T78/><D134/><U82/><E92/><V68/><F133/><W80/><G113/><T90/><D127/><U135/><E18/><V48/><F39/><W7/><G55/><T109/><D109/><U34/><E45/><V121/><F121/><W15/><G53/><T20/><D37/><U49/><E49/><V50/><F6/><W110/><G110/><T13/><D0/><U23/><E23/><V74/><F103/><N who="3" m="39499" /><G85/><T96/><D65/><U99/><E99/><V94/><F77/><W8/><G8/><N who="0" m="4231" /><D98/><U33/><E33/><V9/><F74/><W56/><AGARI ba="0,0" hai="7,11,15,42,46,51,56,62,64,80,83" m="39499" machi="56" ten="30,4000,0" yaku="8,1,52,2" doraHai="79" who="3" fromWho="3" sc="148,-10,383,-10,247,-20,222,40" /><INIT seed="7,0,0,2,1,4" ten="138,373,227,262" oya="3" hai0="119,33,18,116,84,132,81,11,47,24,76,0,51" hai1="112,55,27,98,124,23,28,91,36,117,118,96,52" hai2="2,41,111,17,125,80,133,105,39,50,63,40,113" hai3="114,82,34,57,7,131,73,89,135,25,65,58,107"/><W3/><G107/><T21/><D132/><U109/><E109/><V97/><F2/><W62/><G114/><T71/><D71/><U74/><E112/><V101/><F113/><W127/><G131/><T1/><D1/><U35/><E124/><V13/><F111/><W44/><G127/><T126/><D126/><U95/><E36/><V37/><F133/><W77/><G135/><T128/><D128/><U20/><E74/><V56/><F125/><W72/><G72/><T53/><D33/><U5/><E5/><V59/><F80/><W100/><G100/><T61/><D61/><U14/><E96/><V60/><F41/><W38/><G89/><T19/><D0/><U122/><E122/><V134/><F134/><W6/><G6/><T8/><REACH who="0" step="1"/><D19/><REACH who="0" ten="128,373,227,262" step="2"/><N who="1" m="10359" /><E35/><V92/><F63/><W16/><G34/><T88/><D88/><U10/><E91/><V85/><F60/><W120/><G3/><T30/><D30/><U22/><E28/><V87/><F105/><W86/><G62/><T123/><D123/><U42/><E117/><AGARI ba="0,1" hai="8,11,18,21,24,47,51,53,76,81,84,116,117,119" machi="117" ten="40,5200,0" yaku="1,1,52,2,53,0" doraHai="4" doraHaiUra="103" who="0" fromWho="1" sc="128,62,373,-52,227,0,262,0" owari="190,-31.0,321,42.1,227,-17.3,262,6.2" /></mjloggm>