<mjloggm ver="2.3"><GO type="169" lobby="0"/><UN n0="%6F%6B%61%62%65%73%68%69" n1="%E6%96%B0%E5%AD%90%E6%9C%9B" n2="%6B%73%6B%79%30%36%30%33" n3="%E3%81%A9%E3%82%93%E3%81%9F%E3%82%83%E3%82%93" dan="17,16,16,16" rate="2195.29,2128.17,2126.04,2162.25" sx="M,M,M,F"/><TAIKYOKU oya="0"/><INIT seed="0,0,0,4,5,4" ten="250,250,250,250" oya="0" hai0="90,107,2,82,132,26,48,9,89,123,117,120,60" hai1="51,135,84,22,19,49,96,27,125,133,61,106,118" hai2="66,13,59,67,44,18,94,28,116,76,70,56,80" hai3="71,36,114,42,11,103,77,128,46,25,112,87,108"/><T64/><D117/><U62/><E118/><V95/><F116/><W79/><G71/><T65/><D107/><U37/><E37/><V105/><F105/><W75/><G108/><T100/><D100/><U115/><E125/><V86/><F28/><W31/><G128/><T55/><D132/><U8/><E115/><V102/><F44/><W16/><G75/><T17/><D65/><N who="2" m="24586" /><F70/><W58/><G103/><T92/><D89/><U72/><E72/><V23/><F94/><W14/><G58/><T130/><D130/><U57/><E84/><V127/><F127/><W93/><G79/><T68/><D82/><U1/><E96/><AGARI ba="0,0" hai="13,18,23,56,59,76,80,86,95,96,102" m="24586" machi="96" ten="30,1000,0" yaku="8,1" doraHai="4" who="2" fromWho="1" sc="250,0,250,-10,250,10,250,0" /><INIT seed="1,0,0,0,4,5" ten="250,240,260,250" oya="1" hai0="3,75,71,116,109,25,63,17,68,92,82,107,124" hai1="81,51,4,99,62,49,121,119,32,20,76,115,44" hai2="131,42,6,132,11,40,78,35,73,67,28,117,64" hai3="36,45,46,101,96,93,22,83,94,30,24,91,85"/><U55/><E32/><V43/><F117/><W86/><REACH who="3" step="1"/><G36/><REACH who="3" ten="250,240,260,240" step="2"/><T106/><D116/><U87/><E119/><V58/><F131/><W16/><G16/><T2/><D124/><U8/><E115/><V9/><F132/><W123/><G123/><T37/><D37/><U97/><E121/><V60/><F6/><W98/><G98/><T105/><D105/><U41/><E20/><V69/><F28/><W21/><G21/><T133/><D107/><U134/><E134/><V120/><F120/><W95/><G95/><T113/><D92/><U65/><E51/><V61/><REACH who="2" step="1"/><F35/><REACH who="2" ten="250,240,250,240" step="2"/><W118/><G118/><T10/><D133/><U26/><E4/><V88/><F88/><AGARI ba="0,2" hai="22,24,30,45,46,83,85,86,88,91,93,94,96,101" machi="88" ten="30,8000,1" yaku="21,2,7,1,8,1,54,1,53,0" doraHai="5" doraHaiUra="72" who="3" fromWho="2" sc="250,0,240,0,250,-80,240,100" /><INIT seed="2,0,0,5,3,90" ten="250,240,170,340" oya="2" hai0="66,74,61,44,135,45,81,42,132,7,2,9,25" hai1="116,99,108,101,121,110,0,55,41,26,76,10,56" hai2="96,14,79,114,54,97,70,94,72,105,12,47,65" hai3="124,23,27,95,53,104,119,35,60,40,127,129,59"/><V115/><F70/><W38/><G104/><T109/><D45/><U6/><E116/><V68/><F68/><W92/><G119/><T100/><D100/><U8/><E121/><V16/><F65/><W22/><G35/><T15/><D109/><U64/><E64/><V111/><F111/><W37/><G129/><T80/><D80/><U123/><E123/><V17/><F105/><W49/><G49/><T82/><D82/><U118/><E118/><V67/><F67/><W98/><G98/><T91/><D15/><U28/><E76/><V29/><F29/><N who="3" m="17655" /><G23/><T93/><D25/><U33/><E10/><V32/><F32/><W39/><G40/><T71/><D91/><U122/><E41/><V5/><F72/><W36/><G37/><T77/><REACH who="0" step="1"/><D93/><REACH who="0" ten="240,240,170,340" step="2"/><U133/><E122/><V13/><F13/><W62/><G62/><T128/><D128/><U117/><E117/><V3/><F3/><W57/><G57/><T125/><D125/><AGARI ba="0,1" hai="36,38,39,53,59,60,92,95,124,125,127" m="17655" machi="125" ten="40,5200,0" yaku="18,1,52,2" doraHai="90" who="3" fromWho="0" sc="240,-52,240,0,170,0,340,62" /><INIT seed="3,0,0,3,4,60" ten="188,240,170,402" oya="3" hai0="75,79,78,126,81,58,67,85,1,63,115,68,101" hai1="74,26,5,87,7,43,62,123,106,24,82,57,25" hai2="65,71,124,11,122,44,100,37,70,9,18,64,92" hai3="51,76,10,36,125,102,3,116,105,52,21,135,14"/><W49/><G36/><T94/><D1/><U56/><E123/><V121/><F124/><W110/><G116/><T2/><D2/><U13/><E106/><V88/><F100/><W77/><G125/><T103/><D126/><U117/><E74/><V32/><F32/><W55/><G135/><T38/><D115/><U133/><E133/><V93/><F37/><W96/><G21/><T131/><D131/><U17/><E43/><V119/><F44/><W46/><G3/><T111/><D111/><U8/><E117/><V98/><F119/><W50/><G110/><T86/><D38/><U19/><E5/><V20/><F20/><W72/><G72/><T108/><D108/><U90/><REACH who="1" step="1"/><E56/><REACH who="1" ten="188,230,170,402" step="2"/><V83/><F121/><W15/><G105/><T113/><D75/><U104/><E104/><V59/><F122/><W97/><G46/><T73/><D73/><U16/><E16/><V30/><F18/><W29/><G29/><T61/><D113/><U112/><E112/><V27/><F30/><W40/><G40/><T4/><D4/><U39/><E39/><V42/><F42/><W0/><G0/><T107/><D107/><U47/><E47/><V99/><F59/><W34/><G49/><T127/><D127/><U130/><E130/><V132/><F132/><W129/><G129/><T118/><D118/><U69/><E69/><V31/><F31/><W120/><G120/><T41/><D41/><U89/><E89/><V6/><F88/><W28/><G28/><T84/><D78/><U54/><AGARI ba="0,1" hai="7,8,13,17,19,24,25,26,54,57,62,82,87,90" machi="54" ten="30,4000,0" yaku="1,1,0,1,8,1,53,0" doraHai="60" doraHaiUra="95" who="1" fromWho="1" sc="188,-10,230,50,170,-10,402,-20" /><INIT seed="4,0,0,5,5,68" ten="178,280,160,382" oya="0" hai0="33,22,5,46,104,19,114,118,43,21,127,119,99" hai1="40,72,20,2,66,123,74,75,133,18,76,3,62" hai2="45,129,109,106,134,59,56,77,27,12,79,23,35" hai3="47,11,30,132,110,88,116,15,49,65,111,115,67"/><T92/><D104/><U85/><E123/><V95/><F109/><W61/><G116/><T1/><D33/><U102/><E102/><V101/><F106/><W52/><G115/><T55/><D127/><U17/><E40/><V31/><F129/><W16/><G132/><T124/><D124/><U25/><E133/><V4/><F134/><W83/><G30/><T105/><D105/><U93/><E18/><V29/><F45/><W37/><G37/><T70/><D114/><U6/><E6/><V9/><F31/><W32/><G32/><T131/><D131/><U125/><E125/><V63/><F35/><W71/><G67/><T81/><D22/><U126/><E126/><V14/><F14/><W122/><G122/><T13/><D70/><U42/><E42/><V73/><F59/><W100/><G100/><T69/><D55/><U78/><E93/><V50/><F50/><W10/><G10/><T84/><D69/><U57/><REACH who="1" step="1"/><E85/><AGARI ba="0,0" hai="11,15,16,47,49,52,61,65,71,83,85,88,110,111" machi="85" ten="40,8000,1" yaku="25,2,54,3" doraHai="68" who="3" fromWho="1" sc="178,0,280,-80,160,0,382,80" /><INIT seed="5,0,0,3,4,97" ten="178,200,160,462" oya="1" hai0="10,5,101,94,25,112,120,74,73,35,18,43,79" hai1="33,36,67,8,119,117,11,14,0,110,24,133,118" hai2="76,45,44,13,95,125,15,39,115,22,61,100,57" hai3="41,55,58,113,83,105,70,91,23,32,37,34,107"/><U102/><E36/><V108/><F108/><W68/><G23/><T134/><D120/><U122/><E67/><V92/><F76/><W16/><G41/><T129/><D129/><U85/><E122/><V82/><F82/><W59/><G83/><T42/><D134/><U99/><E133/><V49/><F125/><W51/><G37/><T111/><D111/><U86/><E110/><V132/><F132/><W69/><G69/><T78/><D112/><U6/><E24/><V81/><F81/><W64/><G51/><T63/><D73/><U17/><REACH who="1" step="1"/><E33/><REACH who="1" ten="178,190,160,462" step="2"/><V53/><F39/><W103/><G64/><T87/><D35/><U71/><E71/><V7/><F115/><W89/><G113/><T130/><D25/><U29/><E29/><V114/><F114/><W1/><G68/><T109/><D109/><U127/><E127/><V26/><F26/><W60/><G70/><T124/><D124/><U90/><E90/><V75/><F75/><W123/><G91/><T66/><D78/><U47/><E47/><V52/><F44/><W84/><G89/><T128/><D79/><U3/><E3/><V19/><REACH who="2" step="1"/><F100/><REACH who="2" ten="178,190,150,462" step="2"/><W2/><G103/><T40/><D130/><U31/><E31/><V88/><F88/><W126/><G126/><T50/><D128/><U27/><E27/><V56/><F56/><W121/><G59/><T54/><D101/><U131/><E131/><V77/><F77/><W30/><G58/><T12/><D74/><U98/><E98/><V106/><F106/><AGARI ba="0,2" hai="0,6,8,11,14,17,85,86,99,102,106,117,118,119" machi="106" ten="40,3900,0" yaku="1,1,52,1,53,0" doraHai="97" doraHaiUra="20" who="1" fromWho="2" sc="178,0,190,59,150,-39,462,0" /><INIT seed="5,1,0,3,0,106" ten="178,249,111,462" oya="1" hai0="98,77,87,46,50,88,84,27,44,5,71,66,118" hai1="124,129,114,103,125,39,130,40,122,20,126,83,47" hai2="56,1,26,68,107,109,82,69,17,6,92,97,48" hai3="7,30,32,75,35,8,96,123,52,33,110,61,119"/><U72/><E122/><V93/><F109/><W128/><G123/><T34/><D118/><U108/><E114/><V95/><F1/><W78/><G110/><T104/><D5/><U24/><E108/><V4/><F68/><W111/><G111/><T11/><D77/><N who="1" m="44455" /><E103/><V29/><F69/><W45/><G128/><T121/><D121/><U25/><E25/><V73/><F17/><AGARI ba="1,0" hai="17,20,24,39,40,47,124,125,126,129,130" m="44455" machi="17" ten="30,2900,0" yaku="18,1,52,1" doraHai="106" who="1" fromWho="2" sc="178,0,249,32,111,-32,462,0" /><INIT seed="5,2,0,2,4,91" ten="178,281,79,462" oya="1" hai0="105,3,24,10,6,82,69,132,57,110,114,64,116" hai1="40,34,93,20,72,19,126,97,65,5,73,59,30" hai2="9,95,68,52,123,8,79,46,15,37,31,39,87" hai3="11,17,63,89,94,130,27,12,77,36,83,81,86"/><U113/><E113/><V75/><F68/><W133/><G133/><T80/><D116/><U111/><E126/><V61/><F123/><W0/><G130/><T43/><D110/><U120/><E120/><V135/><F31/><W23/><G36/><T47/><D114/><U74/><E111/><V96/><F135/><W125/><G125/><T124/><D124/><U42/><E5/><V71/><F71/><W32/><G63/><T100/><D132/><U29/><E34/><V2/><F2/><W129/><G129/><T101/><D69/><U67/><E29/><V38/><F75/><W112/><G112/><T60/><D105/><U14/><E30/><V51/><F61/><W62/><G62/><T25/><D82/><U106/><E59/><V4/><F9/><W108/><G108/><T58/><D58/><U90/><REACH who="1" step="1"/><E106/><REACH who="1" ten="178,271,79,462" step="2"/><V53/><F79/><W109/><G109/><T45/><D45/><U119/><E119/><V134/><F134/><W85/><G32/><T76/><D25/><U121/><E121/><V55/><REACH who="2" step="1"/><F87/><REACH who="2" ten="178,271,69,462" step="2"/><W117/><G117/><T22/><D24/><U128/><E128/><V103/><AGARI ba="2,2" hai="4,8,15,37,38,39,46,51,52,53,55,95,96,103" machi="103" ten="30,8000,1" yaku="1,1,2,1,0,1,52,1,54,1,53,0" doraHai="91" doraHaiUra="115" who="2" fromWho="2" sc="178,-22,271,-42,69,106,462,-22" /><INIT seed="6,0,0,2,1,72" ten="156,229,175,440" oya="2" hai0="130,118,48,62,7,19,60,113,115,1,89,114,122" hai1="43,105,94,10,85,13,64,117,127,54,18,40,50" hai2="8,5,103,6,37,11,9,33,95,126,52,120,91" hai3="73,44,112,93,23,57,36,83,17,98,79,21,35"/><V12/><F37/><W58/><G35/><T27/><D122/><U31/><E105/><V0/><F120/><W133/><G133/><T131/><D118/><U63/><E117/><V66/><F66/><W46/><G112/><T53/><D7/><U38/><E38/><V61/><F33/><W74/><G74/><T41/><D1/><U97/><E85/><V107/><F126/><W70/><G70/><T119/><D89/><U78/><E31/><V77/><F77/><W134/><G134/><T32/><D119/><U56/><E78/><V28/><F28/><W87/><G73/><T45/><D32/><U65/><E127/><V81/><F81/><W20/><G17/><T67/><D19/><U26/><E26/><V3/><F107/><W82/><G82/><T39/><D27/><U80/><E80/><V123/><F103/><N who="3" m="60879" /><G36/><T116/><D116/><U135/><E135/><V76/><F76/><W69/><G69/><N who="0" m="42215" /><D62/><U68/><E65/><V125/><F125/><W129/><G129/><T99/><D99/><U96/><E96/><N who="2" m="57471" /><F123/><W24/><G24/><T14/><D14/><U90/><AGARI ba="0,0" hai="10,13,18,40,43,50,54,56,63,64,68,90,94,97" machi="90" ten="20,1500,0" yaku="0,1,7,1" doraHai="72" who="1" fromWho="1" sc="156,-4,229,15,175,-7,440,-4" /><INIT seed="7,0,0,3,5,126" ten="152,244,168,436" oya="3" hai0="53,12,20,125,35,75,90,17,7,57,83,84,94" hai1="41,4,16,78,132,108,93,24,100,6,28,76,79" hai2="13,77,26,54,11,42,21,87,119,103,14,29,82" hai3="50,63,59,64,116,8,135,48,58,134,121,19,18"/><W96/><G116/><T61/><D125/><U110/><E132/><V81/><F119/><W122/><G96/><T51/><D35/><U104/><E104/><V2/><F103/><W111/><G8/><T10/><D75/><U107/><E107/><V45/><F54/><W109/><G63/><T114/><D114/><U5/><E28/><V3/><F81/><W38/><G64/><T55/><D7/><U15/><E24/><V127/><F13/><W25/><G25/><T91/><D10/><U56/><E56/><V34/><F34/><W80/><G80/><T117/><D117/><U1/><E1/><V85/><F85/><W65/><G65/><T101/><D101/><U118/><E41/><V89/><F127/><W67/><G67/><T69/><D69/><U98/><E118/><V0/><F77/><W31/><G31/><T32/><D32/><U97/><E97/><V49/><F2/><W73/><G38/><T33/><D33/><U133/><E133/><V92/><F82/><W86/><G86/><T40/><D40/><U47/><E4/><AGARI ba="0,0" hai="0,3,4,11,14,21,26,29,42,45,49,87,89,92" machi="4" ten="30,1000,0" yaku="7,1" doraHai="126" who="2" fromWho="1" sc="152,0,244,-10,168,10,436,0" owari="152,-34.8,234,3.4,178,-22.2,436,53.6" /></mjloggm>