<mjloggm ver="2.3"><GO type="169" lobby="0"/><UN n0="%E3%83%90%E3%82%AD" n1="%E3%81%9D%E3%81%86%E3%81%9F%E3%81%A3%E3%81%9F" n2="%43%65%6C%65%73%54%65" n3="%69%6E%64%69%61%3D" dan="16,16,16,16" rate="2172.08,2191.06,2126.45,2077.36" sx="M,M,M,M"/><TAIKYOKU oya="0"/><INIT seed="0,0,0,0,1,29" ten="250,250,250,250" oya="0" hai0="26,2,71,97,43,23,14,13,113,20,135,134,78" hai1="67,12,9,82,21,81,59,40,61,46,55,118,109" hai2="4,70,112,108,103,125,35,0,107,90,100,45,127" hai3="1,48,54,106,126,130,84,83,30,50,75,114,51"/><T36/><D71/><U6/><E109/><V129/><F90/><W34/><G114/><T121/><D78/><U3/><E118/><V79/><F79/><W77/><G126/><T123/><D97/><U53/><E3/><V42/><F100/><W99/><G1/><T87/><D43/><U62/><E21/><V10/><F112/><W7/><G7/><T115/><D36/><U17/><E6/><V33/><F108/><W133/><G133/><T128/><D87/><U102/><E102/><V131/><F70/><W72/><G130/><N who="2" m="49673" /><F103/><W105/><G99/><T49/><D49/><U88/><E88/><V76/><F76/><W68/><G68/><T69/><D69/><U57/><REACH who="1" step="1"/><E67/><REACH who="1" ten="250,240,250,250" step="2"/><V8/><F8/><W98/><G98/><T116/><D116/><U104/><E104/><V11/><F11/><W25/><REACH who="3" step="1"/><G54/><REACH who="3" ten="250,240,250,240" step="2"/><T119/><D119/><U28/><E28/><V22/><F107/><AGARI ba="0,2" hai="25,30,34,48,50,51,72,75,77,83,84,105,106,107" machi="107" ten="40,8000,1" yaku="1,1,2,1,52,1,53,1" doraHai="29" doraHaiUra="27" who="3" fromWho="2" sc="250,0,240,0,250,-80,240,100" /><INIT seed="1,0,0,4,1,135" ten="250,240,170,340" oya="1" hai0="117,91,84,93,115,62,94,73,103,82,122,72,100" hai1="80,23,4,20,114,71,134,67,119,127,64,18,133" hai2="66,44,37,106,46,0,102,59,29,39,60,50,56" hai3="43,7,1,55,68,112,22,130,75,109,25,52,78"/><U85/><E114/><V14/><F0/><W36/><G112/><T126/><D62/><U28/><E119/><V95/><F106/><W5/><G68/><T86/><D115/><U128/><E4/><V116/><F116/><W83/><G109/><T74/><D126/><U70/><E28/><V40/><F14/><W101/><G101/><N who="0" m="38987" /><D122/><U107/><E128/><V10/><F10/><N who="3" m="2351" /><G7/><T35/><D35/><U124/><E107/><V21/><F21/><N who="1" m="8265" /><E18/><V54/><F29/><N who="3" m="17591" /><G130/><T108/><D108/><U63/><E67/><V3/><F95/><W38/><G38/><N who="2" m="14345" /><F102/><W79/><G79/><N who="0" m="46175" /><D117/><U132/><E71/><N who="2" m="42439" /><F3/><W69/><G69/><T30/><D30/><U47/><E47/><AGARI ba="0,0" hai="36,43,47,52,55,75,78,83" m="17591,2351" machi="47" ten="30,2000,0" yaku="25,1,54,1" doraHai="135" who="3" fromWho="1" sc="250,0,240,-20,170,0,340,20" /><INIT seed="2,0,0,0,1,83" ten="250,220,170,360" oya="2" hai0="122,43,94,50,23,102,6,11,127,53,17,126,87" hai1="131,80,68,107,92,27,120,108,73,35,128,4,111" hai2="132,52,54,13,34,97,121,112,8,12,105,20,7" hai3="44,32,82,90,71,39,77,63,38,69,9,3,45"/><V22/><F112/><W104/><G32/><T61/><D122/><U19/><E68/><V109/><F121/><W58/><G104/><T65/><D43/><U96/><E4/><V16/><F34/><W99/><G69/><T2/><D61/><U84/><E19/><V46/><F132/><W40/><G71/><T101/><D65/><U66/><E27/><V129/><F129/><N who="1" m="49737" /><E66/><V30/><F109/><N who="1" m="42057" /><E35/><V57/><F105/><W113/><G113/><T25/><D102/><N who="1" m="62919" /><E120/><V26/><F97/><W118/><G3/><T42/><D101/><U81/><E73/><V31/><F46/><W21/><G21/><T76/><D42/><U134/><E134/><V14/><F54/><W15/><G15/><N who="2" m="5705" /><F22/><W5/><G45/><T1/><D1/><U106/><E106/><V70/><F70/><W75/><G39/><T114/><D114/><U124/><E124/><N who="0" m="47657" /><D50/><AGARI ba="0,0" hai="7,8,14,16,20,26,30,31,50,52,57" m="5705" machi="50" ten="30,5800,0" yaku="8,1,54,2" doraHai="83" who="2" fromWho="0" sc="250,-58,220,0,170,58,360,0" /><INIT seed="2,1,0,5,0,50" ten="192,220,228,360" oya="2" hai0="101,75,86,55,29,52,131,128,96,41,39,60,79" hai1="67,90,120,46,135,113,114,1,22,77,44,19,62" hai2="111,103,7,81,16,121,97,25,126,48,134,133,116" hai3="15,129,110,107,53,112,21,124,85,40,58,4,117"/><V54/><F116/><W0/><G117/><T130/><D75/><U34/><E34/><V102/><F121/><W73/><G73/><T105/><D29/><U98/><E1/><V6/><F126/><W5/><G124/><T45/><D60/><U89/><E77/><V83/><F111/><W28/><G107/><T38/><D38/><U93/><E135/><N who="2" m="51723" /><F83/><AGARI ba="1,0" hai="39,41,45,52,55,79,83,86,96,101,105,128,130,131" machi="83" ten="40,8000,1" yaku="19,1,52,2,54,1" doraHai="50" who="0" fromWho="2" sc="192,83,220,0,228,-83,360,0" /><INIT seed="3,0,0,4,0,13" ten="275,220,145,360" oya="3" hai0="73,117,17,37,23,99,127,62,67,44,107,8,55" hai1="51,68,86,119,112,82,40,66,52,111,29,75,78" hai2="12,128,114,115,19,38,96,45,105,63,24,21,46" hai3="35,10,30,32,58,5,118,25,79,91,53,100,110"/><W120/><G118/><T56/><D117/><U74/><E112/><V108/><F108/><W95/><G120/><T102/><D73/><U69/><E119/><V92/><F105/><W132/><G132/><T18/><D127/><U126/><E111/><V3/><F3/><W131/><G110/><T87/><D87/><U9/><E40/><V70/><F128/><W28/><G131/><T57/><D8/><U124/><E29/><V89/><F114/><W72/><G100/><T60/><REACH who="0" step="1"/><D23/><REACH who="0" ten="265,220,145,360" step="2"/><U104/><E9/><V116/><F116/><W83/><G35/><T26/><D26/><U106/><E75/><V14/><F115/><W7/><G10/><T93/><D93/><U41/><E74/><V50/><F38/><W39/><G39/><T98/><D98/><U90/><E106/><V125/><F125/><W15/><G15/><T113/><D113/><U49/><E104/><V80/><F80/><W134/><G134/><T42/><AGARI ba="0,1" hai="17,18,37,42,44,55,56,57,60,62,67,99,102,107" machi="42" ten="30,7900,0" yaku="1,1,0,1,52,2,53,0" doraHai="13" doraHaiUra="129" who="0" fromWho="0" sc="265,89,220,-20,145,-20,360,-39" /><INIT seed="4,0,0,5,0,113" ten="354,200,125,321" oya="0" hai0="60,73,127,54,102,128,116,99,107,20,130,24,85" hai1="112,95,115,53,40,19,22,104,63,39,89,114,55" hai2="8,76,31,65,80,81,57,46,121,105,27,103,34" hai3="126,38,25,52,6,90,4,71,51,134,70,11,21"/><T91/><D73/><U0/><E104/><V5/><F121/><W67/><G38/><T94/><D127/><U50/><E0/><V78/><F103/><W2/><G126/><T123/><D123/><U135/><E39/><V18/><F105/><W74/><G134/><T77/><D116/><U124/><E135/><V96/><F96/><W35/><G35/><T13/><D13/><U117/><E117/><V14/><F46/><W37/><G37/><T23/><D77/><U129/><E129/><N who="0" m="49769" /><D24/><N who="1" m="14431" /><E63/><V9/><F76/><W82/><G6/><T47/><D60/><U45/><E124/><V87/><F80/><W68/><G74/><T32/><D32/><U75/><E75/><V44/><F44/><W86/><G67/><T48/><AGARI ba="0,0" hai="20,23,47,48,54,85,91,94,99,102,107" m="49769" machi="48" ten="30,1500,0" yaku="19,1" doraHai="113" who="0" fromWho="0" sc="354,15,200,-5,125,-5,321,-5" /><INIT seed="4,1,0,2,4,8" ten="369,195,120,316" oya="0" hai0="46,21,0,26,12,126,75,120,49,62,20,127,96" hai1="5,45,33,112,82,27,55,40,125,93,121,89,70" hai2="80,14,85,71,119,74,122,94,100,35,101,117,37" hai3="131,25,84,7,97,95,29,4,32,3,43,107,19"/><T86/><D75/><U52/><E121/><V128/><F37/><W58/><G131/><T31/><D120/><U23/><E33/><V105/><F71/><W78/><G3/><T1/><D62/><U30/><E125/><N who="0" m="47625" /><D86/><U17/><E5/><V132/><F35/><W67/><G43/><N who="0" m="24799" /><D96/><U2/><E2/><N who="0" m="1129" /><D21/><U69/><E82/><V13/><F122/><W11/><G84/><T72/><D72/><U73/><E73/><V124/><F124/><W38/><G97/><T134/><D134/><U24/><E69/><V91/><F132/><W16/><G78/><T53/><D53/><U56/><E56/><V64/><F64/><W48/><G67/><T65/><D65/><U130/><E70/><V135/><F135/><W28/><G58/><T41/><D41/><U108/><E52/><V22/><F22/><W6/><G32/><T18/><D31/><U110/><E55/><V99/><F128/><W9/><G29/><T115/><D115/><U133/><E112/><V83/><F83/><W51/><G28/><T81/><D81/><U92/><E130/><V10/><F10/><W34/><G11/><T102/><D102/><U114/><E114/><V129/><F129/><W66/><G9/><T76/><D76/><U111/><E89/><V47/><F47/><W54/><G66/><T104/><D104/><U98/><E133/><V87/><F74/><W60/><G107/><T61/><D61/><U106/><E106/><V36/><F36/><W90/><G38/><T118/><D118/><N who="2" m="45066" /><F101/><W59/><G34/><T116/><D116/><U88/><E45/><V113/><F113/><RYUUKYOKU ba="1,0" sc="369,15,195,-15,120,15,316,-15" hai0="12,18,20,26" hai2="13,14,80,85,87,91,94,99,100,105" /><INIT seed="4,2,0,3,4,17" ten="384,180,135,301" oya="0" hai0="93,99,25,132,54,9,74,23,53,75,134,84,15" hai1="126,42,35,52,68,114,71,12,89,32,28,20,128" hai2="24,6,8,37,0,124,27,96,121,44,58,55,111" hai3="127,86,102,59,80,120,115,1,14,78,70,26,61"/><T40/><D40/><U105/><E105/><V116/><F111/><W5/><G115/><T110/><D84/><U3/><E3/><V88/><F121/><W60/><G120/><T66/><D66/><U109/><E126/><V87/><F124/><W16/><G127/><T85/><D85/><U49/><E128/><V11/><F116/><W77/><G102/><T50/><D110/><U62/><E42/><V21/><F96/><W39/><G39/><T19/><D75/><U30/><E62/><V65/><F65/><W100/><G100/><T64/><D74/><U119/><E89/><V95/><F11/><W10/><G70/><T29/><D64/><U57/><E114/><V108/><F108/><W63/><G26/><T72/><D72/><U67/><E67/><V92/><F92/><W47/><G47/><T107/><D107/><U31/><E119/><V91/><F91/><W79/><REACH who="3" step="1"/><G59/><REACH who="3" ten="384,180,135,291" step="2"/><T90/><REACH who="0" step="1"/><D54/><REACH who="0" ten="374,180,135,291" step="2"/><U38/><E52/><V81/><F55/><W2/><G2/><T123/><D123/><U43/><E109/><V106/><F0/><W97/><G97/><T125/><D125/><U98/><E98/><V4/><F106/><W33/><G33/><T46/><AGARI ba="2,2" hai="9,15,19,23,25,29,46,50,53,90,93,99,132,134" machi="46" ten="30,11700,0" yaku="1,1,0,1,52,1,53,1" doraHai="17" doraHaiUra="18" who="0" fromWho="0" sc="374,143,180,-41,135,-41,291,-41" /><INIT seed="4,3,0,2,0,6" ten="517,139,94,250" oya="0" hai0="3,23,11,111,28,102,85,35,84,130,94,34,71" hai1="42,44,120,87,134,21,89,91,93,98,129,76,128" hai2="82,60,32,50,41,20,83,117,27,99,100,58,57" hai3="70,110,108,121,124,29,79,53,56,80,10,68,14"/><T73/><D73/><U12/><E120/><V4/><F117/><W109/><G121/><T107/><D71/><U112/><E76/><V54/><F32/><W5/><G29/><T125/><D125/><U116/><E134/><V55/><F41/><W77/><G124/><T119/><D119/><U47/><E112/><V101/><F101/><W48/><REACH who="3" step="1"/><G79/><REACH who="3" ten="517,139,94,240" step="2"/><T25/><D28/><U92/><E116/><V103/><F103/><W64/><G64/><T24/><D102/><U0/><E129/><V105/><REACH who="2" step="1"/><F4/><REACH who="2" ten="517,139,84,240" step="2"/><W104/><G104/><T132/><D107/><U72/><E128/><V40/><F40/><W9/><G9/><T13/><D11/><U97/><E42/><V135/><F135/><W74/><AGARI ba="3,2" hai="5,10,14,48,53,56,68,70,74,77,80,108,109,110" machi="74" ten="30,4000,0" yaku="1,1,0,1,52,1,53,0" doraHai="6" doraHaiUra="37" who="3" fromWho="3" sc="517,-23,139,-13,84,-13,240,69" /><INIT seed="5,0,0,3,4,83" ten="494,126,71,309" oya="1" hai0="53,41,109,69,28,50,66,74,40,128,31,64,22" hai1="4,42,5,117,52,61,18,68,77,8,105,15,7" hai2="13,84,132,135,95,6,0,94,56,90,2,131,71" hai3="97,62,10,24,37,57,23,126,115,26,43,123,130"/><U27/><E117/><V86/><F71/><W34/><G123/><T12/><D109/><U1/><E105/><V98/><F131/><W114/><G130/><T47/><D74/><U73/><E42/><N who="0" m="16489" /><D69/><U112/><E112/><N who="3" m="43050" /><G126/><T54/><D128/><U79/><E1/><N who="2" m="619" /><F56/><W21/><G10/><T119/><D119/><U35/><E73/><V29/><F29/><N who="0" m="11338" /><D53/><U99/><E35/><V88/><F13/><W25/><G34/><T17/><AGARI ba="0,0" hai="12,17,22,47,50,54,64,66" m="11338,16489" machi="17" ten="30,1100,0" yaku="8,1" doraHai="83" who="0" fromWho="0" sc="494,11,126,-5,71,-3,309,-3" /><INIT seed="6,0,0,1,5,63" ten="505,121,68,306" oya="2" hai0="110,29,42,2,120,8,21,105,6,30,103,66,54" hai1="123,95,25,53,92,96,112,109,88,15,93,106,14" hai2="98,45,119,7,51,33,121,43,49,69,91,81,124" hai3="60,55,128,3,97,133,36,131,22,134,117,65,127"/><V107/><F119/><W1/><G97/><T20/><D110/><U111/><E112/><V64/><F121/><W10/><G117/><T67/><D120/><U79/><E123/><V12/><F124/><W13/><G36/><T48/><D42/><U17/><E79/><V58/><F33/><W90/><G90/><T61/><D105/><U9/><E25/><V99/><F69/><W75/><G75/><T62/><D103/><U83/><E53/><N who="2" m="32047" /><F107/><W108/><G55/><T87/><D87/><U46/><E46/><V27/><F27/><W32/><G22/><T101/><D101/><U132/><E132/><N who="3" m="50794" /><G32/><T56/><D20/><U100/><REACH who="1" step="1"/><E15/><REACH who="1" ten="505,111,68,306" step="2"/><V28/><F28/><W59/><G108/><T74/><D29/><U115/><E115/><V89/><F64/><W102/><G65/><T86/><D30/><U37/><E37/><V5/><F12/><W118/><G13/><T26/><D67/><U18/><E18/><V11/><F11/><W68/><G118/><T41/><D66/><U16/><E16/><V47/><F47/><W23/><G1/><T114/><D114/><U35/><E35/><V4/><F91/><W70/><G3/><T122/><D122/><U38/><E38/><V44/><F44/><W129/><G10/><T85/><D8/><U72/><E72/><V78/><F78/><W31/><G31/><N who="0" m="17871" /><D74/><U94/><N who="1" m="23552" /><DORA hai="19" /><U84/><AGARI ba="0,1" hai="9,14,17,83,84,88,96,100,106,109,111" m="23552" machi="84" ten="40,8000,1" yaku="1,1,4,1,0,1,54,1,53,1" doraHai="63,19" doraHaiUra="125,77" who="1" fromWho="1" sc="505,-20,111,90,68,-40,306,-20" /><INIT seed="7,0,0,0,1,95" ten="485,201,28,286" oya="3" hai0="18,102,34,111,76,85,21,118,107,101,53,17,113" hai1="4,22,94,74,106,110,120,70,71,97,81,103,100" hai2="58,126,35,30,37,29,42,92,129,62,43,88,121" hai3="24,67,133,82,135,104,90,108,114,77,80,7,87"/><W69/><G7/><T72/><D111/><U119/><E4/><V68/><F121/><W36/><G36/><T0/><D34/><U83/><E22/><V48/><F129/><W61/><G108/><T66/><D118/><U125/><E70/><V134/><F126/><W49/><G114/><T115/><D0/><U40/><E40/><V123/><F123/><W78/><G104/><T32/><D32/><U86/><E71/><V84/><F134/><N who="3" m="51211" /><G24/><T28/><D72/><U89/><E120/><V38/><F68/><W26/><G26/><N who="0" m="16463" /><D66/><U99/><E110/><V93/><F93/><N who="3" m="54495" /><G49/><T91/><D107/><N who="1" m="63887" /><E125/><V117/><F117/><W15/><G15/><T65/><D115/><U122/><E122/><V10/><F38/><W39/><G39/><T57/><D113/><U54/><E54/><V98/><F84/><W127/><G127/><T112/><D65/><U27/><E27/><V25/><F30/><W55/><G55/><T6/><D6/><U8/><E8/><V11/><F37/><W14/><G14/><T44/><D112/><U12/><E12/><V31/><F31/><W47/><G47/><T51/><D44/><U60/><E119/><V130/><F130/><W79/><AGARI ba="0,0" hai="61,67,69,77,78,79,80,82" m="54495,51211" machi="79" ten="30,1500,0" yaku="20,1" doraHai="95" who="3" fromWho="3" sc="485,-5,201,-5,28,-5,286,15" /><INIT seed="7,1,0,2,0,11" ten="480,196,23,301" oya="3" hai0="3,102,24,77,42,87,58,35,34,130,55,69,127" hai1="43,103,105,113,75,132,89,90,51,18,61,91,92" hai2="108,100,6,68,41,12,120,128,110,116,117,7,8" hai3="112,84,59,1,79,13,66,118,44,60,48,114,15"/><W97/><G118/><N who="2" m="45673" /><F100/><W45/><G1/><T63/><D3/><U85/><E51/><V20/><F68/><W98/><G79/><T25/><D69/><U73/><E113/><N who="3" m="43626" /><G84/><T29/><D127/><U38/><E132/><V109/><F41/><N who="3" m="24591" /><G45/><T33/><D42/><U88/><E61/><V65/><F65/><W121/><G121/><T26/><D130/><U72/><E43/><V64/><F64/><W10/><G13/><T106/><D77/><U115/><E38/><V19/><F128/><W32/><G32/><T78/><D78/><U119/><E119/><V86/><F86/><W70/><G70/><T71/><D71/><U53/><E53/><V80/><F80/><W37/><G37/><T122/><D122/><U22/><E115/><V111/><N who="2" m="27648" /><DORA hai="4" /><V50/><F50/><W82/><G82/><T57/><D87/><U23/><E85/><V49/><F49/><W107/><G107/><T46/><D46/><U17/><E105/><V0/><F120/><W31/><G31/><T74/><D58/><U52/><E52/><V125/><F125/><W39/><G39/><T9/><D74/><U36/><E36/><V54/><F54/><W131/><G131/><T14/><D29/><U27/><E75/><V67/><F67/><W56/><G56/><T133/><D106/><U96/><N who="1" m="22528" /><DORA hai="5" /><U94/><E94/><V129/><F129/><W95/><G95/><T101/><D133/><U28/><E73/><V40/><F40/><W124/><G124/><T99/><D99/><U47/><E72/><V83/><F83/><W62/><G62/><T123/><D123/><RYUUKYOKU ba="1,0" sc="480,10,196,-30,23,10,301,10" hai0="9,14,24,25,26,33,34,35,55,57,63,101,102" hai2="0,6,7,8,12,19,20" hai3="10,15,59,60,66,97,98" /><INIT seed="7,2,0,5,1,16" ten="490,166,33,311" oya="3" hai0="7,119,0,90,115,111,133,53,87,61,30,23,28" hai1="78,3,39,72,85,101,77,71,60,52,84,17,127" hai2="8,29,95,9,81,134,130,69,44,129,83,117,99" hai3="49,105,107,118,27,4,79,122,57,74,73,32,62"/><W98/><G118/><T54/><D111/><U50/><E39/><V70/><F117/><W5/><G122/><T92/><D119/><U25/><E3/><V94/><F44/><W24/><G49/><T63/><D133/><U64/><E101/><V56/><F56/><W75/><G79/><T68/><D115/><U66/><E66/><V40/><F40/><W126/><G126/><T108/><D108/><U19/><E19/><V38/><F29/><N who="0" m="11370" /><D0/><U1/><E1/><V100/><F100/><W97/><G75/><T121/><D68/><U20/><E127/><V102/><F102/><W131/><G57/><T110/><D110/><U128/><E128/><V93/><F99/><W21/><G62/><N who="0" m="23563" /><D121/><U26/><E26/><V51/><F51/><W10/><G10/><T34/><D34/><U88/><E84/><V67/><F67/><W112/><G112/><T35/><D35/><U113/><E72/><V41/><F41/><W43/><G43/><T48/><D7/><U47/><E113/><V89/><F89/><W125/><G32/><T2/><D2/><U18/><E18/><V114/><F114/><W31/><G31/><T37/><D37/><U12/><E12/><V36/><REACH who="2" step="1"/><F94/><AGARI ba="2,0" hai="17,20,25,47,50,52,60,64,71,77,78,85,88,94" machi="94" ten="30,7700,0" yaku="7,1,52,1,54,2" doraHai="16" who="1" fromWho="2" sc="490,0,166,83,33,-83,311,0" owari="490,59.0,249,-15.1,-50,-55.0,311,11.1" /></mjloggm>