<mjloggm ver="2.3"><GO type="169" lobby="0"/><UN n0="%E3%81%BE%E3%81%8B%E3%81%B7%E3%82%93" n1="%57%49%4E%44%59%58%58" n2="%E3%81%BB%E3%81%A3%E3%81%A1%E3%82%83%E3%82%93" n3="%E3%81%AA%E3%81%8B%E3%81%AE%E3%81%86%E3%81%88" dan="16,16,17,16" rate="2090.21,2151.13,2163.91,2166.35" sx="M,M,F,M"/><TAIKYOKU oya="0"/><INIT seed="0,0,0,3,2,23" ten="250,250,250,250" oya="0" hai0="42,80,39,38,33,132,120,127,62,83,17,134,22" hai1="15,90,41,117,116,1,19,13,98,124,65,92,70" hai2="76,108,119,34,75,30,87,94,3,64,123,95,66" hai3="126,8,88,49,45,131,21,129,114,54,4,63,47"/><T53/><D120/><U109/><E1/><V84/><F3/><W48/><G114/><T24/><D127/><U130/><E124/><V122/><F34/><W2/><G126/><T112/><D112/><U20/><E109/><V101/><F30/><W100/><G100/><T46/><D33/><U7/><E130/><V96/><F64/><W74/><G74/><T135/><REACH who="0" step="1"/><D38/><REACH who="0" ten="240,250,250,250" step="2"/><U29/><E116/><V60/><F122/><W16/><G131/><T11/><D11/><U89/><E117/><V52/><F123/><W79/><G129/><T118/><D118/><U82/><E70/><V91/><F119/><W104/><G8/><T27/><D27/><U58/><E20/><V110/><F108/><W44/><G21/><T72/><D72/><U36/><E36/><V99/><F110/><W86/><G45/><T51/><D51/><U69/><E69/><V68/><F75/><W107/><G48/><T61/><D61/><U10/><E10/><V125/><F125/><W97/><G49/><T128/><D128/><U40/><E58/><AGARI ba="0,1" hai="17,22,24,39,42,46,53,58,62,80,83,132,134,135" machi="58" ten="40,12000,1" yaku="1,1,20,1,52,1,53,1" doraHai="23" doraHaiUra="12" who="0" fromWho="1" sc="240,130,250,-120,250,0,250,0" /><INIT seed="0,1,0,4,1,95" ten="370,130,250,250" oya="0" hai0="12,103,110,22,42,74,85,126,63,9,91,98,122" hai1="68,92,38,71,77,33,26,101,106,104,65,55,31" hai2="124,36,57,8,11,3,120,114,50,69,86,58,45" hai3="56,7,93,76,4,15,133,129,87,0,81,135,17"/><T128/><D122/><U115/><E38/><V14/><F36/><W49/><G129/><T88/><D74/><U46/><E115/><V112/><F120/><W29/><G0/><T79/><D128/><U27/><E77/><V123/><F123/><W90/><G29/><T132/><D126/><U25/><E92/><V35/><F35/><W134/><G56/><T1/><D132/><U111/><E111/><V117/><F124/><W28/><G49/><T94/><D110/><U23/><E104/><V72/><F72/><W18/><G28/><T73/><D1/><U21/><E23/><V83/><F69/><W100/><G100/><T97/><D42/><U130/><E21/><V20/><F117/><W62/><G62/><T67/><D22/><U59/><E46/><V80/><F20/><N who="3" m="11327" /><G18/><T24/><D24/><U70/><E130/><V121/><F121/><W43/><G43/><T6/><D73/><AGARI ba="1,0" hai="4,7,73,76,81,87,90,93,133,134,135" m="11327" machi="73" ten="30,1000,0" yaku="20,1" doraHai="95" who="3" fromWho="0" sc="370,-13,130,0,250,0,250,13" /><INIT seed="1,0,0,1,3,120" ten="357,130,250,263" oya="1" hai0="58,106,110,24,6,26,9,83,50,116,22,115,14" hai1="127,44,53,47,45,118,37,125,124,59,7,112,0" hai2="63,119,35,51,122,94,90,27,108,79,40,18,49" hai3="133,85,132,128,46,33,89,97,39,73,70,62,29"/><U16/><E0/><V12/><F119/><W43/><G73/><T52/><D115/><U71/><E7/><V66/><F122/><W36/><G128/><T21/><D116/><U74/><E74/><V129/><F129/><W61/><G39/><T30/><D106/><U105/><E105/><V10/><F79/><W92/><G70/><T80/><REACH who="0" step="1"/><D110/><REACH who="0" ten="347,130,250,263" step="2"/><U77/><E118/><V42/><F108/><W76/><G133/><T2/><D2/><U107/><E107/><V86/><F42/><W88/><G132/><T69/><D69/><U48/><E71/><V98/><F40/><W25/><REACH who="3" step="1"/><G76/><REACH who="3" ten="347,130,250,253" step="2"/><T117/><D117/><U19/><E77/><V28/><F98/><W121/><G121/><T38/><D38/><U103/><E112/><V31/><F31/><AGARI ba="0,2" hai="6,9,14,21,22,24,26,30,31,50,52,58,80,83" machi="31" ten="30,8000,1" yaku="1,1,7,1,9,1,8,1,54,1,53,0" doraHai="120" doraHaiUra="101" who="0" fromWho="2" sc="347,100,130,0,250,-80,253,0" /><INIT seed="2,0,0,4,0,130" ten="447,130,170,253" oya="2" hai0="125,27,89,56,79,50,115,105,26,117,114,81,127" hai1="15,111,120,39,58,106,84,18,100,135,33,62,29" hai2="71,110,102,21,131,116,67,9,87,5,54,53,108" hai3="35,16,92,129,11,113,60,36,4,83,133,124,123"/><V94/><F116/><W90/><G123/><T76/><D117/><U69/><E120/><V65/><F131/><W97/><G129/><T38/><D38/><U40/><E111/><N who="2" m="42539" /><F21/><W8/><G124/><N who="0" m="47691" /><D105/><U73/><E73/><V3/><F87/><W48/><G60/><T43/><D89/><U52/><E69/><V104/><F104/><W68/><G48/><T99/><D99/><U31/><E106/><V6/><F6/><W12/><G12/><T57/><D79/><U72/><E72/><V10/><F10/><W91/><G11/><T47/><D56/><U44/><E33/><V109/><N who="2" m="42547" /><V128/><DORA hai="13" /><F128/><W101/><G4/><T74/><D57/><U37/><E37/><V88/><F102/><W112/><G8/><T66/><D66/><N who="2" m="25098" /><F71/><W95/><G68/><T82/><D82/><U121/><E100/><V23/><F23/><W19/><G35/><T93/><D93/><U61/><E121/><V14/><F3/><W22/><G101/><T64/><D64/><U55/><E84/><V30/><F30/><W28/><G28/><T42/><D26/><U75/><E75/><V46/><F46/><W134/><G83/><T25/><D25/><U41/><E31/><V126/><F126/><W17/><G22/><T45/><D27/><U59/><E29/><V103/><F103/><W20/><G20/><T118/><D118/><U24/><E24/><V80/><F80/><W63/><G97/><T34/><D34/><U119/><E119/><V85/><AGARI ba="0,0" hai="5,9,14,53,54,85,88,94" m="25098,42547" machi="85" ten="40,7800,0" yaku="14,1,10,1,54,1" doraHai="130,13" who="2" fromWho="2" sc="447,-26,130,-26,170,78,253,-26" /><INIT seed="2,1,0,5,1,98" ten="421,104,248,227" oya="2" hai0="67,70,127,86,115,13,96,7,109,130,66,31,32" hai1="3,42,40,116,59,84,135,104,121,60,105,20,16" hai2="19,112,24,97,51,46,14,129,111,83,74,79,64" hai3="49,94,50,57,95,82,85,28,0,47,92,73,48"/><V91/><F112/><W77/><G0/><T72/><D72/><U122/><E116/><V80/><F129/><W78/><G73/><T44/><D115/><U26/><E3/><V68/><F111/><W123/><G123/><T131/><D109/><U34/><E135/><V27/><F68/><W37/><G37/><T30/><D127/><U10/><E10/><V17/><F64/><N who="0" m="24618" /><D70/><U107/><E34/><V63/><F63/><W38/><G38/><T22/><D32/><U55/><REACH who="1" step="1"/><E84/><REACH who="1" ten="421,94,248,227" step="2"/><V36/><F74/><W119/><G119/><T8/><D86/><U21/><E21/><V117/><F117/><W61/><G78/><T128/><D22/><U134/><E134/><V25/><F79/><W124/><G124/><T89/><D8/><U108/><E108/><V106/><F14/><W100/><G28/><T18/><D30/><U90/><E90/><V43/><F91/><W113/><G113/><T101/><D89/><U120/><AGARI ba="1,1" hai="16,20,26,40,42,55,59,60,104,105,107,120,121,122" machi="120" ten="40,8000,1" yaku="1,1,0,1,13,1,54,1,53,0" doraHai="98" doraHaiUra="69" who="1" fromWho="1" sc="421,-21,94,93,248,-41,227,-21" /><INIT seed="3,0,0,5,5,11" ten="400,187,207,206" oya="3" hai0="3,91,34,60,80,102,130,20,86,77,33,74,57" hai1="110,6,76,67,55,120,98,69,54,107,97,10,111" hai2="79,48,115,49,40,134,88,52,114,117,38,14,81" hai3="51,32,63,75,17,37,106,131,46,42,25,5,73"/><W124/><G124/><T89/><D130/><U47/><E120/><V0/><F117/><W27/><G131/><T15/><D3/><U53/><E76/><V21/><F0/><W109/><G109/><N who="1" m="41482" /><E47/><N who="2" m="25703" /><F38/><W108/><G108/><T8/><D102/><U116/><E116/><V13/><F134/><W96/><G27/><T133/><D20/><U90/><E107/><V70/><F70/><W121/><G121/><T2/><D2/><N who="1" m="343" /><E90/><V105/><F105/><W85/><G5/><T31/><D133/><U125/><E125/><V84/><F115/><W118/><G118/><T1/><D1/><U95/><E95/><V103/><F103/><W39/><G39/><T44/><D44/><U83/><E83/><N who="2" m="47231" /><F21/><W26/><G37/><T28/><D33/><U128/><E128/><V41/><F41/><W135/><G42/><T45/><D45/><U119/><E119/><V16/><F114/><W93/><G75/><T30/><D34/><U123/><E123/><V35/><F35/><W71/><G73/><T94/><D74/><U7/><E7/><V127/><F127/><W68/><G106/><T23/><D23/><U24/><E24/><V104/><F104/><W66/><G26/><T92/><D92/><U132/><E132/><V126/><F126/><W56/><G93/><T19/><D94/><U18/><E97/><V122/><F122/><W12/><G96/><T61/><D91/><U29/><E98/><V58/><F16/><W100/><G32/><T50/><D89/><U64/><E69/><V87/><AGARI ba="0,0" hai="13,14,49,52,58,81,87,88" m="47231,25703" machi="87" ten="30,8000,1" yaku="8,1,52,2,54,2" doraHai="11" who="2" fromWho="2" sc="400,-20,187,-20,207,80,206,-40" /><INIT seed="4,0,0,2,3,60" ten="380,167,287,166" oya="0" hai0="117,23,110,8,128,104,46,21,133,33,30,85,67" hai1="4,97,102,35,28,57,126,129,61,87,58,114,120" hai2="123,16,29,54,53,0,40,99,32,38,49,72,115" hai3="43,82,19,45,5,63,125,62,109,100,86,107,127"/><T134/><D117/><U7/><E120/><V24/><F123/><W66/><G109/><T3/><D104/><U118/><E118/><V47/><F115/><W51/><G5/><N who="0" m="1087" /><D46/><U34/><E114/><V124/><F124/><N who="3" m="47691" /><G19/><T2/><D2/><U11/><E129/><V98/><F0/><W94/><G107/><T37/><D37/><U14/><E4/><V70/><F72/><W92/><G100/><T101/><D101/><U89/><E126/><V105/><F70/><N who="3" m="42327" /><G63/><T111/><D67/><U36/><E57/><V20/><F105/><W95/><G95/><T106/><D85/><U73/><E28/><V68/><F68/><W71/><G71/><T22/><D106/><U83/><E36/><V64/><F64/><W93/><G93/><T26/><D128/><U80/><E73/><V81/><F81/><W65/><G65/><T18/><D18/><U96/><E80/><V91/><F38/><W25/><G25/><T116/><D116/><U44/><E44/><V48/><F48/><W41/><G41/><T12/><D12/><U113/><E113/><V13/><F99/><N who="1" m="37961" /><E102/><V132/><F54/><W10/><G10/><T75/><D75/><U31/><E31/><V42/><F42/><W90/><AGARI ba="0,0" hai="43,45,51,82,86,90,92,94" m="42327,47691" machi="90" ten="30,2000,0" yaku="18,1,52,1" doraHai="60" who="3" fromWho="3" sc="380,-10,167,-5,287,-5,166,20" /><INIT seed="5,0,0,2,4,116" ten="370,162,282,186" oya="1" hai0="14,38,129,2,65,133,6,104,22,66,87,16,52" hai1="95,89,33,101,96,108,128,124,4,71,110,120,105" hai2="51,15,62,49,11,26,50,42,134,58,24,72,81" hai3="131,73,90,57,113,107,12,82,46,67,35,93,132"/><U1/><E128/><V115/><F134/><W102/><G35/><T92/><D104/><U112/><E112/><V123/><F123/><W79/><G113/><T83/><D38/><U74/><E33/><V47/><F115/><W91/><G131/><T13/><D129/><U53/><E71/><V40/><F72/><W100/><G132/><T7/><D133/><U23/><E124/><V70/><F70/><W59/><G91/><N who="0" m="51711" /><D2/><U64/><E64/><N who="0" m="24681" /><D13/><U5/><E74/><V10/><F81/><W97/><G102/><T103/><D52/><U54/><E120/><V3/><F3/><W118/><G67/><T20/><D20/><U27/><E53/><N who="2" m="34127" /><F11/><W130/><G118/><T17/><D17/><N who="1" m="12783" /><E54/><V119/><F119/><W68/><G68/><T8/><D22/><U114/><E1/><V56/><F56/><W75/><G75/><T77/><D77/><U69/><E69/><V48/><F42/><W135/><G135/><T85/><D85/><N who="1" m="52655" /><E114/><V125/><F125/><W86/><G130/><T78/><D78/><U28/><E28/><V29/><F29/><W106/><G106/><T44/><D44/><U30/><E30/><V127/><F127/><W111/><G111/><AGARI ba="0,0" hai="4,5,96,101,105,108,110,111" m="52655,12783" machi="111" ten="30,1500,0" yaku="10,1" doraHai="116" who="1" fromWho="3" sc="370,0,162,15,282,0,186,-15" /><INIT seed="5,1,0,2,2,24" ten="370,177,282,171" oya="1" hai0="130,67,35,73,69,61,19,117,86,97,125,87,110" hai1="101,65,81,64,122,56,39,3,107,123,118,82,8" hai2="92,27,68,129,1,54,10,38,72,105,6,99,17" hai3="14,119,71,90,23,124,42,25,22,16,76,77,128"/><U114/><E118/><V26/><F129/><W33/><G128/><T50/><D117/><U75/><E39/><V131/><F131/><W62/><G119/><T41/><D110/><U126/><E114/><V106/><F72/><W135/><G33/><T9/><D73/><U49/><E126/><V120/><F120/><W37/><G135/><T30/><D130/><U12/><E3/><V31/><F68/><W51/><G37/><T113/><D113/><U48/><E107/><V104/><F38/><W13/><G124/><T45/><D125/><U53/><E75/><V55/><F17/><W21/><G71/><T102/><D9/><U66/><E101/><V15/><F1/><W80/><G62/><T111/><D19/><U127/><E127/><V46/><F46/><N who="3" m="26071" /><G14/><T36/><D36/><U132/><E132/><V18/><F6/><W112/><G112/><T34/><D111/><U79/><E79/><N who="3" m="30282" /><G25/><N who="0" m="18767" /><D35/><U58/><E122/><V20/><REACH who="2" step="1"/><F26/><REACH who="2" ten="370,177,272,171" step="2"/><W2/><G2/><T11/><D11/><U98/><E123/><V84/><F84/><AGARI ba="1,1" hai="13,16,21,22,23,80,84,90" m="30282,26071" machi="84" ten="30,2000,0" yaku="8,1,54,1" doraHai="24" who="3" fromWho="2" sc="370,0,177,0,272,-23,171,33" /><INIT seed="6,0,0,1,2,82" ten="370,177,249,204" oya="2" hai0="67,13,111,81,101,89,27,11,115,71,25,0,72" hai1="39,110,2,80,85,65,113,79,56,14,92,123,24" hai2="87,46,118,57,134,60,64,121,61,68,17,122,20" hai3="107,4,120,26,86,129,135,37,44,40,109,34,5"/><V9/><F118/><W127/><G109/><T66/><D111/><U53/><E2/><V7/><F134/><W105/><G120/><T54/><D0/><U31/><E39/><V130/><F130/><W97/><G127/><T49/><D115/><U133/><E110/><V91/><F46/><W124/><G124/><T38/><D38/><U42/><E113/><V33/><F33/><W62/><G135/><T70/><D101/><U100/><E123/><V78/><F78/><W18/><G62/><T41/><D41/><U114/><E114/><V103/><F103/><W83/><G129/><T28/><D70/><U1/><E42/><V76/><F76/><W3/><G97/><T102/><D102/><U88/><E1/><V128/><F128/><W52/><G52/><T36/><D36/><U29/><E65/><V112/><F112/><W94/><G94/><T32/><D71/><U12/><E100/><V15/><F61/><W47/><G47/><N who="0" m="27967" /><D25/><U45/><E45/><V75/><F75/><W59/><G59/><T119/><D72/><U116/><E116/><V51/><F51/><W50/><G50/><T132/><D132/><U117/><E117/><V95/><F68/><W98/><G44/><T69/><D69/><U8/><E24/><AGARI ba="0,0" hai="7,9,15,17,20,24,57,60,64,87,91,95,121,122" machi="24" ten="30,2900,0" yaku="7,1,52,1" doraHai="82" who="2" fromWho="1" sc="370,0,177,-29,249,29,204,0" /><INIT seed="6,1,0,3,4,16" ten="370,148,278,204" oya="2" hai0="88,37,27,12,51,99,25,77,46,15,19,106,42" hai1="34,45,11,13,60,43,50,48,9,26,30,3,122" hai2="67,65,10,114,92,91,112,123,6,97,108,132,126" hai3="98,83,78,18,41,105,110,32,2,38,33,39,58"/><V135/><F123/><W29/><G2/><T22/><D77/><U44/><E122/><V5/><F126/><W74/><G110/><T57/><D106/><U62/><E3/><N who="2" m="319" /><F6/><W109/><G109/><T128/><D128/><U21/><E34/><V80/><F80/><W71/><G41/><T36/><D36/><U66/><E66/><N who="2" m="25099" /><F108/><W95/><G71/><T14/><D27/><U82/><E82/><V7/><F7/><W119/><G119/><T117/><D117/><U79/><E79/><V111/><F111/><W87/><G58/><T49/><REACH who="0" step="1"/><D57/><REACH who="0" ten="360,148,278,204" step="2"/><U118/><E118/><V130/><F130/><W104/><G104/><T59/><D59/><U86/><E86/><V54/><F135/><W4/><G39/><T75/><D75/><U64/><E64/><V35/><F132/><W101/><G38/><T56/><D56/><U90/><E90/><V93/><F91/><W1/><G105/><T55/><D55/><U52/><REACH who="1" step="1"/><E13/><REACH who="1" ten="360,138,278,204" step="2"/><V47/><F114/><W113/><G113/><T61/><D61/><AGARI ba="1,2" hai="9,11,21,26,30,43,44,45,48,50,52,60,61,62" machi="61" ten="40,8000,1" yaku="1,1,2,1,8,1,52,1,54,1,53,0" doraHai="16" doraHaiUra="120" who="1" fromWho="0" sc="360,-83,138,103,278,0,204,0" /><INIT seed="7,0,0,4,1,84" ten="277,241,278,204" oya="3" hai0="24,69,89,109,8,41,12,11,105,75,37,82,3" hai1="97,35,64,120,66,7,20,68,44,9,95,67,88" hai2="45,26,104,56,132,96,100,81,29,4,125,23,30" hai3="93,18,73,128,57,34,27,47,98,13,131,83,22"/><W58/><G47/><N who="0" m="23983" /><D105/><U123/><E35/><V60/><F132/><W19/><G73/><T114/><D109/><U78/><E68/><V28/><F125/><W53/><G83/><T38/><D38/><U33/><E33/><V124/><F124/><W54/><G58/><T59/><D69/><U135/><E135/><V115/><F115/><W1/><G1/><T51/><D24/><U5/><E78/><V6/><F45/><W92/><G92/><T46/><D59/><U36/><E36/><V127/><F81/><W65/><G65/><T118/><D118/><U74/><E74/><V0/><F127/><W79/><G79/><N who="0" m="44415" /><D12/><U85/><E44/><V21/><F21/><W110/><G110/><T134/><D134/><U101/><E20/><V48/><F48/><W72/><G72/><T111/><D111/><U80/><REACH who="1" step="1"/><E5/><REACH who="1" ten="277,231,278,204" step="2"/><V116/><F6/><W55/><G57/><T52/><D11/><U43/><E43/><V119/><F116/><W86/><G34/><T61/><D114/><U126/><E126/><V133/><F119/><W121/><G121/><T62/><D8/><U50/><E50/><V71/><F71/><W16/><G131/><T49/><D49/><U112/><E112/><V106/><F133/><W102/><G128/><T99/><D46/><U107/><E107/><V39/><F106/><W108/><G108/><T15/><D51/><U17/><E17/><N who="3" m="6762" /><G86/><T94/><D61/><U77/><E77/><V2/><F39/><W129/><G129/><T122/><D62/><U90/><E90/><V31/><F4/><W91/><G91/><T70/><D89/><RYUUKYOKU ba="0,1" sc="277,-30,231,10,278,10,204,10" hai1="7,9,64,66,67,80,85,88,95,97,101,120,123" hai2="0,2,23,26,28,29,30,31,56,60,96,100,104" hai3="13,19,22,27,53,54,55,93,98,102" /><INIT seed="7,1,1,3,1,69" ten="247,241,288,214" oya="3" hai0="89,119,99,113,48,33,66,64,58,92,20,124,8" hai1="128,31,22,50,11,116,132,63,40,131,24,96,90" hai2="67,10,25,118,129,74,94,93,85,101,111,73,27" hai3="121,62,65,130,23,107,87,106,16,125,80,46,6"/><W37/><G121/><T0/><D119/><U68/><E132/><V26/><F111/><W57/><G6/><T5/><D33/><U72/><E72/><V45/><F129/><N who="1" m="49737" /><E116/><V95/><F118/><W17/><G130/><T82/><D124/><U126/><E126/><V13/><F67/><W122/><G122/><T3/><D113/><U134/><E134/><V70/><F70/><W4/><G4/><T21/><D0/><U61/><E68/><V88/><F45/><W86/><G125/><T49/><D82/><U75/><E75/><V100/><F74/><W120/><G120/><T56/><D56/><U81/><E11/><V18/><F73/><W55/><G17/><T103/><D89/><U108/><E108/><V79/><F79/><W15/><G87/><T34/><D34/><U60/><E81/><AGARI ba="1,1" hai="10,13,18,25,26,27,81,85,88,93,94,95,100,101" machi="81" ten="40,2600,0" yaku="8,1,54,1" doraHai="69" who="2" fromWho="1" sc="247,0,241,-29,288,39,214,0" owari="247,4.7,212,-28.8,327,42.7,214,-18.6" /></mjloggm>