<mjloggm ver="2.3"><GO type="169" lobby="0"/><UN n0="%E5%A4%A7%E4%BB%81%E7%94%B0%E8%96%84" n1="%E7%88%86%E7%89%8C%E3%82%A6%E3%82%B7%E3%82%B8%E3%83%9E%E3%81%8F%E3%82%93" n2="%E7%B4%99%E5%90%B9%E9%9B%AA" n3="%E4%B8%83%E8%8D%89%E9%A6%99%E6%BE%84" dan="17,16,16,16" rate="2182.32,2127.21,2148.42,2177.39" sx="M,M,M,F"/><TAIKYOKU oya="0"/><INIT seed="0,0,0,0,4,29" ten="250,250,250,250" oya="0" hai0="74,116,31,118,50,17,86,110,48,16,119,18,100" hai1="59,53,32,15,113,28,135,83,46,49,76,115,80" hai2="27,24,73,104,134,22,71,133,47,102,127,72,103" hai3="0,66,79,34,10,95,5,75,128,45,8,37,1"/><T106/><D74/><U112/><E135/><N who="2" m="51723" /><F71/><W54/><G66/><T97/><D110/><U93/><E15/><V60/><F104/><W111/><G111/><T2/><D2/><U30/><E93/><V91/><F60/><W39/><G128/><T68/><D68/><U35/><E30/><V9/><F127/><W70/><G70/><T82/><REACH who="0" step="1"/><D31/><REACH who="0" ten="240,250,250,250" step="2"/><U81/><E28/><N who="2" m="17431" /><F73/><W129/><G75/><T85/><D85/><U114/><E114/><V4/><F72/><W58/><G0/><T41/><D41/><N who="1" m="24783" /><E76/><AGARI ba="0,1" hai="16,17,18,48,50,76,82,86,97,100,106,116,118,119" machi="76" ten="50,9600,0" yaku="1,1,54,1,53,1" doraHai="29" doraHaiUra="77" who="0" fromWho="1" sc="240,106,250,-96,250,0,250,0" /><INIT seed="0,1,0,0,4,106" ten="346,154,250,250" oya="0" hai0="86,22,10,101,43,33,57,116,48,40,2,134,110" hai1="98,56,49,132,115,70,75,64,60,65,4,127,67" hai2="135,15,87,31,100,72,89,69,42,99,58,7,131" hai3="84,63,29,3,105,130,124,36,128,121,51,52,80"/><T50/><D33/><U16/><E4/><V68/><F135/><W71/><G3/><T93/><D116/><U66/><E132/><V94/><F131/><N who="3" m="50219" /><G105/><T112/><D112/><U25/><E115/><V11/><F31/><W21/><G36/><T9/><D134/><U73/><E127/><V14/><F42/><N who="0" m="15914" /><D2/><U114/><E114/><V91/><F91/><W0/><G0/><T17/><D110/><U12/><E25/><V102/><F102/><W18/><G29/><T35/><D35/><U55/><REACH who="1" step="1"/><E98/><REACH who="1" ten="346,144,250,250" step="2"/><V61/><F15/><W1/><G1/><T120/><D120/><U34/><E34/><V23/><F7/><W95/><G121/><T92/><D101/><U5/><E5/><V41/><F100/><W117/><G117/><T113/><D113/><U79/><E79/><V24/><F99/><W37/><G124/><T78/><D78/><U88/><E88/><V77/><F77/><W104/><G104/><T81/><D81/><U74/><E74/><V6/><F72/><W122/><G80/><T62/><D93/><U59/><E59/><V119/><F119/><W108/><G122/><T27/><D92/><U20/><AGARI ba="1,1" hai="12,16,20,49,55,56,60,64,65,66,67,70,73,75" machi="20" ten="30,8000,1" yaku="1,1,0,1,52,2,54,1,53,0" doraHai="106" doraHaiUra="111" who="1" fromWho="1" sc="346,-41,144,93,250,-21,250,-21" /><INIT seed="1,0,0,5,5,38" ten="305,237,229,229" oya="1" hai0="135,17,49,58,20,57,33,46,123,72,52,110,37" hai1="126,43,78,53,34,0,69,88,75,7,114,60,6" hai2="67,85,130,134,128,93,25,84,35,120,107,16,103" hai3="45,64,28,22,82,118,31,32,74,86,10,24,51"/><U48/><E114/><V121/><F67/><W112/><G112/><T62/><D110/><U100/><E34/><V94/><F35/><W50/><G118/><T117/><D135/><U5/><E126/><V91/><F134/><W27/><G74/><T77/><D33/><U119/><E119/><V12/><F25/><W68/><G10/><T47/><D123/><U70/><E0/><V101/><F12/><W15/><G15/><T14/><D117/><U109/><E100/><V73/><F16/><W90/><REACH who="3" step="1"/><G45/><REACH who="3" ten="305,237,229,219" step="2"/><T122/><D122/><U21/><E75/><V41/><F73/><W8/><G8/><T40/><D72/><U83/><E7/><V63/><F120/><W11/><G11/><T4/><D4/><U95/><E6/><V65/><F121/><W127/><G127/><T18/><D77/><U113/><E5/><V54/><F128/><W132/><G132/><T125/><D125/><U116/><E113/><V30/><F130/><W44/><G44/><T115/><D115/><U104/><E116/><V92/><F92/><W23/><G23/><T98/><D46/><U81/><E21/><V97/><F93/><W80/><G80/><T2/><D2/><U105/><E81/><V99/><F94/><W56/><G56/><T61/><D37/><U42/><E83/><V96/><F107/><W131/><G131/><T19/><D98/><U108/><E108/><V133/><F133/><W9/><G9/><T106/><D106/><U59/><E105/><V124/><F124/><W76/><G76/><T3/><D3/><U55/><E104/><V29/><F99/><RYUUKYOKU ba="0,1" sc="305,15,237,-15,229,-15,219,15" hai0="14,17,18,19,20,40,47,49,52,57,58,61,62" hai3="22,24,27,28,31,32,50,51,64,68,82,86,90" /><INIT seed="2,1,1,2,1,65" ten="320,222,214,234" oya="2" hai0="36,31,29,92,68,71,30,109,106,12,102,8,26" hai1="9,73,38,128,62,91,42,84,94,77,95,90,64" hai2="104,60,50,117,89,93,123,55,76,5,72,114,40" hai3="13,129,83,52,88,113,96,105,45,10,33,54,46"/><V74/><F123/><W28/><G129/><T81/><D106/><U111/><E128/><V121/><F117/><W14/><G113/><T27/><D36/><U69/><E111/><V80/><F121/><W119/><G119/><T131/><D131/><U112/><E112/><V82/><F114/><W41/><G33/><T16/><D109/><U135/><E135/><V3/><F104/><W2/><G28/><T49/><D81/><U103/><E103/><V126/><F126/><W70/><G2/><T37/><D37/><U122/><E122/><V108/><F108/><W61/><G105/><T34/><D49/><U17/><E73/><V115/><F115/><W32/><G32/><T134/><D134/><U1/><E77/><V53/><F60/><W47/><G70/><T98/><D30/><U99/><E17/><V110/><F110/><W23/><G23/><AGARI ba="1,1" hai="8,12,16,23,26,27,29,31,34,68,71,92,98,102" machi="23" ten="30,7700,0" yaku="7,1,52,2,54,1" doraHai="65" who="0" fromWho="3" sc="320,90,222,0,214,0,234,-80" /><INIT seed="3,0,0,4,0,123" ten="410,222,214,154" oya="3" hai0="70,24,135,87,75,29,91,46,108,69,97,79,90" hai1="56,76,48,122,127,107,51,13,42,9,82,58,109" hai2="118,96,74,105,57,94,62,32,47,120,88,40,112" hai3="41,64,33,98,25,124,128,71,11,72,22,77,80"/><W132/><G128/><T111/><D135/><U17/><E122/><V8/><F120/><W73/><G132/><T115/><D115/><U16/><E127/><V92/><F112/><W1/><G124/><T93/><D79/><U28/><E107/><V55/><F118/><W116/><G116/><T65/><D46/><U106/><E106/><V38/><F105/><W49/><G33/><T86/><D75/><U36/><E28/><V121/><F121/><W5/><G71/><T37/><D37/><U67/><E109/><N who="0" m="42057" /><D65/><U0/><E0/><V12/><F32/><W89/><G64/><T19/><D19/><U53/><E67/><V99/><F74/><W114/><G114/><T2/><D2/><U39/><E17/><V20/><F20/><W113/><G113/><T18/><D18/><U15/><E42/><V26/><F26/><W35/><G72/><T83/><D87/><U54/><E15/><V30/><F30/><W60/><G41/><T43/><D43/><U104/><E104/><V119/><F119/><W126/><G126/><T81/><D81/><U23/><E23/><AGARI ba="0,0" hai="23,24,29,69,70,83,86,90,91,93,97" m="42057" machi="23" ten="30,7700,0" yaku="14,1,52,3" doraHai="123" who="0" fromWho="1" sc="410,77,222,-77,214,0,154,0" /><INIT seed="4,0,0,1,3,51" ten="487,145,214,154" oya="0" hai0="102,4,63,24,0,87,108,118,45,119,100,86,19" hai1="112,85,93,92,47,21,11,31,113,43,82,107,62" hai2="109,121,15,10,70,81,111,132,55,7,94,96,128" hai3="26,20,13,116,58,64,114,77,69,131,36,53,73"/><T67/><D108/><U65/><E107/><V76/><F121/><W104/><G116/><T33/><D45/><U48/><E11/><V25/><F70/><W22/><G114/><N who="1" m="44138" /><E31/><V37/><F37/><W89/><G131/><T84/><D4/><U16/><E82/><V28/><F128/><W130/><G130/><T110/><D0/><U8/><E8/><V6/><F132/><W61/><G104/><T34/><D110/><U90/><E85/><V60/><F6/><W101/><G101/><T27/><D19/><U66/><E90/><V40/><F40/><W49/><G36/><T122/><D122/><U3/><E3/><V68/><F109/><W120/><G120/><T103/><D67/><N who="1" m="25611" /><E62/><V72/><F111/><W18/><G89/><T79/><D63/><U56/><E56/><V46/><F60/><W74/><REACH who="3" step="1"/><G77/><REACH who="3" ten="487,145,214,144" step="2"/><T71/><D79/><U78/><E78/><V17/><F76/><W57/><G57/><T134/><D71/><U135/><E135/><V106/><F68/><W98/><G98/><T95/><D134/><U32/><E32/><N who="0" m="12393" /><D95/><U115/><N who="1" m="44146" /><U35/><DORA hai="52" /><E35/><V12/><F94/><W2/><G2/><T124/><D119/><U83/><E83/><V75/><F81/><W23/><G23/><T29/><D118/><U91/><E91/><V117/><F117/><W42/><G42/><T97/><D97/><U126/><E126/><V88/><F96/><W41/><G41/><T80/><D124/><U5/><E93/><V50/><F106/><W38/><G38/><T99/><D99/><U30/><E92/><V133/><F133/><RYUUKYOKU ba="0,1" sc="487,-10,145,-10,214,-10,144,30" hai3="13,18,20,22,26,49,53,58,61,64,69,73,74" /><INIT seed="5,1,1,5,2,79" ten="477,135,204,174" oya="1" hai0="82,130,20,44,53,96,133,87,90,14,69,129,124" hai1="34,41,39,61,13,1,78,110,2,127,116,62,94" hai2="21,51,60,103,40,68,59,74,37,83,89,25,7" hai3="31,95,30,111,72,120,8,48,115,46,55,15,131"/><U49/><E116/><V121/><F121/><W3/><G111/><T10/><D69/><U104/><E34/><V0/><F37/><W50/><G120/><T32/><D32/><U99/><E104/><V114/><F68/><W63/><G115/><T126/><D20/><U102/><E110/><V28/><F114/><W84/><G131/><N who="0" m="50187" /><D133/><U119/><E39/><V75/><F103/><W38/><G3/><T71/><D71/><U6/><E119/><V19/><F0/><W92/><G72/><T11/><D96/><U86/><E127/><N who="0" m="48681" /><D14/><U123/><E123/><V80/><F7/><W26/><G26/><T16/><D16/><U54/><E2/><V65/><F74/><W132/><G132/><T100/><D100/><U77/><E1/><V105/><F75/><W29/><G15/><T135/><D135/><U35/><E35/><V101/><F101/><W47/><G8/><T45/><D53/><U76/><E41/><V117/><F117/><W97/><G55/><T23/><D23/><U36/><E13/><V91/><F105/><W58/><G97/><T113/><D113/><U24/><E24/><V42/><F19/><W108/><G108/><T27/><D27/><U67/><E6/><V128/><F40/><W9/><G9/><AGARI ba="1,1" hai="9,10,11,44,45,82,87,90" m="48681,50187" machi="9" ten="30,3900,0" yaku="19,1,18,1,52,1" doraHai="79" who="0" fromWho="3" sc="477,52,135,0,204,0,174,-42" /><INIT seed="6,0,0,5,3,63" ten="529,135,204,132" oya="2" hai0="78,96,6,103,31,77,61,117,9,45,33,44,2" hai1="16,89,119,65,55,48,81,134,129,132,57,37,47" hai2="74,59,0,64,90,58,36,131,104,66,121,72,7" hai3="62,60,87,127,114,54,52,30,80,128,25,102,69"/><V22/><F121/><W10/><G128/><T126/><D126/><U70/><E119/><V67/><F36/><W53/><G127/><T79/><D117/><U106/><E106/><V105/><F131/><W120/><G120/><T18/><D18/><U135/><E129/><V75/><F22/><N who="3" m="15671" /><G69/><T110/><D110/><U133/><N who="1" m="33792" /><DORA hai="118" /><U109/><E109/><V124/><F124/><W100/><G114/><T19/><D19/><U39/><E70/><V76/><F76/><N who="3" m="46471" /><G10/><T83/><D83/><U56/><E16/><V15/><F0/><W92/><G92/><T84/><D84/><N who="1" m="50319" /><E65/><V99/><F104/><W46/><G46/><T43/><D61/><AGARI ba="0,0" hai="52,53,54,60,61,62,100,102" m="46471,15671" machi="61" ten="30,2000,0" yaku="8,1,54,1" doraHai="63,118" who="3" fromWho="0" sc="529,-20,135,0,204,0,132,20" /><INIT seed="7,0,0,3,1,82" ten="509,135,204,152" oya="3" hai0="100,23,116,47,36,74,35,70,71,12,72,86,14" hai1="104,38,57,99,21,85,62,123,49,96,92,110,34" hai2="114,5,7,63,124,22,24,17,80,31,8,88,67" hai3="33,122,81,125,83,32,95,37,134,58,6,41,39"/><W30/><G122/><T59/><D35/><U11/><E34/><V75/><F124/><W111/><G125/><T133/><D116/><U55/><E38/><V3/><F114/><W69/><G69/><T113/><D100/><U42/><E110/><V91/><F7/><W26/><G33/><T44/><D59/><U76/><E123/><V43/><F43/><W98/><G111/><T77/><D23/><U27/><E104/><V119/><F119/><W105/><G105/><T28/><D28/><U29/><E11/><V19/><F75/><W120/><G120/><T1/><D77/><U102/><E96/><V50/><F50/><W103/><G134/><T135/><D36/><U40/><E49/><V117/><F117/><W109/><G109/><T118/><D118/><U106/><E106/><V51/><F51/><W107/><G39/><T108/><D108/><U78/><E78/><V127/><F127/><W20/><G6/><T89/><D1/><U132/><E132/><V25/><F80/><AGARI ba="0,0" hai="21,27,29,40,42,55,57,62,76,80,85,92,99,102" machi="80" ten="40,2600,0" yaku="8,1,52,1" doraHai="82" who="1" fromWho="2" sc="509,0,135,26,204,-26,152,0" owari="509,60.9,161,-23.9,178,-2.2,152,-34.8" /></mjloggm>