<mjloggm ver="2.3"><GO type="169" lobby="0"/><UN n0="%67%6F%6B%75%61%6B%75" n1="%75%79%61%6D%61" n2="%E8%B5%A4%E3%81%84%E9%83%A8%E5%B1%8B" n3="%E4%BA%8C%E6%8A%9E%E4%BA%BA" dan="17,17,16,16" rate="2212.61,2109.56,2134.03,2029.87" sx="M,M,M,F"/><TAIKYOKU oya="0"/><INIT seed="0,0,0,2,0,15" ten="250,250,250,250" oya="0" hai0="94,36,75,91,66,65,41,119,76,96,123,125,111" hai1="38,127,92,24,47,110,103,81,117,129,13,132,79" hai2="30,33,39,95,37,19,109,124,28,105,102,48,29" hai3="133,97,115,11,63,34,80,106,121,32,14,122,21"/><T89/><D119/><U4/><E117/><V72/><F105/><W85/><G115/><T100/><D123/><N who="3" m="47113" /><G133/><T8/><D125/><U5/><E127/><V54/><F124/><W84/><G21/><T44/><D111/><U134/><E110/><V108/><F72/><W7/><G63/><T87/><D91/><U82/><E129/><V126/><F33/><N who="3" m="12907" /><G80/><T71/><D71/><U93/><E24/><V113/><F113/><W26/><G26/><T77/><D8/><U62/><E62/><V23/><F126/><W70/><G70/><T9/><D9/><U101/><E13/><V107/><F107/><W16/><G7/><T64/><REACH who="0" step="1"/><D75/><REACH who="0" ten="240,250,250,250" step="2"/><U78/><E134/><V74/><F74/><W3/><G3/><T35/><D35/><U98/><E132/><V120/><F120/><W40/><G40/><T128/><D128/><U90/><E90/><V46/><F109/><W68/><G68/><T1/><D1/><U135/><E135/><V55/><F108/><W58/><G58/><T27/><D27/><U18/><E4/><V57/><F23/><W10/><G10/><T60/><D60/><U114/><E5/><V116/><F116/><W56/><G56/><T45/><D45/><U59/><E59/><V118/><F118/><W2/><G2/><T112/><D112/><U43/><E114/><V67/><F46/><W6/><G6/><T99/><D99/><U53/><E98/><V42/><F57/><W31/><G31/><T20/><D20/><U88/><E47/><V22/><F30/><W0/><G0/><T73/><D73/><U131/><E131/><RYUUKYOKU ba="0,1" sc="240,15,250,-15,250,-15,250,15" hai0="36,41,44,64,65,66,76,77,87,89,94,96,100" hai3="11,14,16,84,85,97,106" /><INIT seed="0,1,1,1,2,92" ten="255,235,235,265" oya="0" hai0="120,87,51,2,116,38,5,130,124,52,68,23,58" hai1="131,21,135,6,14,113,109,90,104,16,98,41,85" hai2="66,53,127,28,13,63,35,15,112,9,44,101,62" hai3="11,115,74,117,77,24,49,70,110,64,96,81,40"/><T18/><D116/><U126/><E109/><V59/><F112/><W60/><G115/><T37/><D120/><U10/><E113/><V125/><F101/><W27/><G117/><T95/><D68/><U71/><E71/><V128/><F128/><W123/><G123/><T91/><D130/><U118/><E118/><V46/><F28/><W122/><G122/><T1/><D124/><N who="2" m="47690" /><F35/><W26/><G110/><T4/><D4/><U129/><E126/><V78/><F78/><W54/><G11/><T32/><D32/><U30/><E135/><V103/><F103/><W97/><REACH who="3" step="1"/><G40/><REACH who="3" ten="255,235,235,255" step="2"/><T65/><D65/><U73/><E41/><V86/><F86/><W50/><G50/><T47/><D38/><U3/><E131/><V119/><F119/><W43/><G43/><T7/><D37/><U108/><E129/><V82/><F82/><W61/><G61/><N who="0" m="36039" /><D2/><U114/><E108/><V69/><F13/><W8/><G8/><T88/><D1/><U57/><E114/><V105/><F105/><W45/><AGARI ba="1,2" hai="24,26,27,45,49,54,60,64,70,74,77,81,96,97" machi="45" ten="30,8000,1" yaku="1,1,0,1,52,2,53,1" doraHai="92" doraHaiUra="107" who="3" fromWho="3" sc="255,-41,235,-21,235,-21,255,103" /><INIT seed="1,0,0,4,1,22" ten="214,214,214,358" oya="1" hai0="132,68,80,77,89,34,98,135,6,13,24,10,42" hai1="126,133,35,62,86,94,91,111,134,121,59,26,39" hai2="83,40,99,115,33,66,15,31,92,130,41,65,14" hai3="70,112,18,74,105,61,44,12,16,96,117,76,0"/><U27/><E121/><V125/><F130/><W46/><G112/><T38/><D68/><U52/><E126/><V90/><F125/><W108/><G0/><T116/><D116/><U81/><E111/><V8/><F115/><W53/><G108/><T21/><D34/><U82/><E39/><V127/><F127/><W131/><G131/><T4/><D4/><U30/><REACH who="1" step="1"/><E27/><REACH who="1" ten="214,204,214,358" step="2"/><V63/><F40/><W93/><G117/><T49/><D38/><U2/><E2/><V85/><F41/><W129/><G129/><T7/><D42/><U50/><E50/><V64/><F63/><W78/><G61/><T88/><D49/><U128/><E128/><V119/><F119/><W97/><G12/><T36/><D36/><U123/><E123/><V3/><F3/><W60/><G60/><T110/><D110/><U5/><E5/><V57/><F15/><W73/><G18/><T51/><D51/><U11/><E11/><V95/><F14/><W84/><G16/><N who="0" m="12327" /><D7/><U113/><E113/><V79/><F8/><W118/><G118/><T69/><D69/><U20/><E20/><V45/><F33/><W106/><G70/><T103/><D135/><AGARI ba="0,1" hai="26,30,35,52,59,62,81,82,86,91,94,133,134,135" machi="135" ten="40,12000,1" yaku="1,1,20,1,52,1,54,1,53,0" doraHai="22" doraHaiUra="101" who="1" fromWho="0" sc="214,-120,204,130,214,0,358,0" /><INIT seed="1,1,0,3,3,34" ten="94,334,214,358" oya="1" hai0="113,42,134,61,39,30,27,96,131,66,127,93,65" hai1="43,117,83,126,52,21,84,8,99,101,70,44,3" hai2="87,102,16,48,111,133,86,46,129,132,75,104,6" hai3="41,45,79,81,114,109,97,51,60,80,95,50,59"/><U135/><E117/><V82/><F6/><W71/><G114/><T108/><D113/><U55/><E70/><V67/><F67/><W118/><G109/><T22/><D108/><U19/><E126/><V54/><F111/><W112/><G112/><T74/><D74/><U122/><E122/><V119/><F119/><W12/><G71/><T14/><D127/><U116/><E116/><V10/><F75/><W0/><G0/><T98/><D134/><N who="2" m="51818" /><F129/><W88/><G118/><T47/><D131/><U29/><E29/><V25/><F82/><W7/><G51/><T85/><D14/><U20/><E135/><V17/><F10/><N who="3" m="4191" /><G79/><T106/><D106/><U9/><E21/><N who="2" m="13479" /><F17/><W72/><G72/><T103/><D96/><AGARI ba="1,0" hai="46,48,54,86,87,96,102,104" m="13479,51818" machi="96" ten="30,2000,0" yaku="20,1,54,1" doraHai="34" who="2" fromWho="0" sc="94,-23,334,0,214,23,358,0" /><INIT seed="2,0,0,0,1,10" ten="71,334,237,358" oya="2" hai0="12,28,91,95,135,4,37,66,133,58,131,11,77" hai1="107,33,38,24,102,88,5,100,8,52,125,51,134" hai2="17,71,128,14,48,97,32,94,72,78,45,68,120" hai3="82,64,20,93,73,54,132,75,103,116,124,15,117"/><V85/><F32/><W108/><G64/><T127/><D37/><U1/><E38/><V118/><F72/><W23/><G54/><T50/><D131/><U122/><E125/><V112/><F112/><W79/><G124/><T105/><D105/><U81/><E134/><N who="0" m="51209" /><D127/><U42/><E42/><V83/><F118/><W90/><G132/><T126/><D126/><U53/><E122/><V113/><F120/><W109/><G75/><T67/><D77/><U0/><E0/><V47/><F113/><W96/><G23/><T80/><D80/><U63/><E63/><V84/><F84/><W89/><G20/><T59/><D28/><U104/><E104/><V92/><F47/><W6/><G6/><T13/><D50/><U16/><E107/><V30/><F30/><W62/><G62/><T65/><D13/><N who="1" m="5263" /><E33/><V99/><F99/><AGARI ba="0,0" hai="4,11,12,58,59,65,66,67,91,95,99" m="51209" machi="99" ten="30,2000,0" yaku="20,1,52,1" doraHai="10" who="0" fromWho="2" sc="71,20,334,0,237,-20,358,0" /><INIT seed="3,0,0,0,2,23" ten="91,334,217,358" oya="3" hai0="46,71,36,108,13,128,78,113,30,117,92,101,106" hai1="4,116,96,132,37,55,123,29,44,82,134,135,2" hai2="39,129,57,109,130,7,18,28,42,38,20,9,26" hai3="0,94,115,112,89,21,25,127,107,22,120,58,104"/><W133/><G120/><T27/><D92/><U8/><E123/><V40/><F57/><W100/><G0/><T32/><D13/><U121/><E121/><V97/><F97/><W48/><G127/><T81/><D117/><U65/><E116/><V64/><F64/><W74/><G74/><T72/><D108/><U85/><E65/><V41/><F109/><W111/><G111/><T63/><D128/><N who="2" m="49258" /><F28/><W56/><G133/><T76/><D76/><U105/><E29/><V54/><F54/><W67/><G21/><T95/><D95/><U131/><E131/><V99/><F99/><W60/><G104/><T87/><D87/><U86/><E55/><V118/><F118/><W119/><G119/><T24/><D24/><U35/><E35/><V3/><AGARI ba="0,0" hai="3,7,9,18,20,26,38,39,40,41,42" m="49258" machi="3" ten="30,2000,0" yaku="19,1,52,1" doraHai="23" who="2" fromWho="2" sc="91,-5,334,-5,217,20,358,-10" /><INIT seed="4,0,0,1,1,64" ten="86,329,237,348" oya="0" hai0="20,53,67,50,74,101,104,60,32,75,102,72,10" hai1="0,58,83,121,79,35,78,24,132,130,120,103,107" hai2="15,122,109,1,12,18,19,111,108,135,63,124,125" hai3="94,25,92,73,39,77,131,93,119,96,8,36,81"/><T47/><D32/><U26/><E0/><V68/><F63/><W29/><G119/><T112/><D112/><U28/><E130/><V17/><F122/><W40/><G131/><T118/><D118/><U97/><E132/><V86/><F86/><W2/><G39/><T13/><D104/><U90/><E90/><V48/><F48/><W4/><G96/><T85/><D20/><U127/><E127/><N who="2" m="48715" /><F68/><W52/><G52/><T57/><REACH who="0" step="1"/><D85/><REACH who="0" ten="76,329,237,348" step="2"/><U61/><E121/><V105/><F105/><W27/><G29/><T49/><D49/><U38/><E120/><V117/><F117/><W87/><G87/><T23/><D23/><U59/><E35/><V71/><F135/><W115/><G115/><T54/><D54/><U66/><E28/><V128/><F128/><W56/><G56/><T22/><D22/><U110/><E58/><V76/><F71/><W42/><G42/><T65/><D65/><U46/><E66/><V91/><F111/><W123/><G123/><T95/><D95/><U31/><E110/><V9/><F109/><W126/><G126/><T69/><D69/><U89/><E31/><V11/><F108/><W133/><G133/><T3/><D3/><U99/><E59/><V7/><F1/><W62/><G62/><T41/><D41/><U14/><E61/><V116/><F116/><W80/><G80/><T113/><D113/><U82/><E82/><V70/><F70/><W98/><G98/><T100/><D100/><U44/><E97/><V37/><F37/><W51/><G51/><T16/><AGARI ba="0,1" hai="10,13,16,47,50,53,57,60,67,72,74,75,101,102" machi="16" ten="30,6000,0" yaku="1,1,0,1,54,1,53,0" doraHai="64" doraHaiUra="30" who="0" fromWho="0" sc="76,70,329,-20,237,-20,348,-20" /><INIT seed="4,1,0,3,5,35" ten="146,309,217,328" oya="0" hai0="128,82,107,77,54,25,81,83,126,132,29,57,90" hai1="58,121,33,110,60,99,111,80,1,133,55,32,37" hai2="47,38,96,104,49,100,109,73,123,48,98,0,130" hai3="44,10,14,45,103,56,30,75,26,122,4,129,118"/><T23/><D128/><U92/><E121/><V102/><F123/><W89/><G118/><T79/><D107/><U134/><E37/><V127/><F109/><W131/><G75/><T135/><D126/><U78/><E1/><V76/><F130/><N who="3" m="49675" /><G103/><T119/><D90/><U94/><E110/><V120/><F120/><W21/><G122/><T66/><D66/><U43/><E43/><V112/><F112/><W63/><G89/><T5/><D5/><U106/><E106/><V27/><F127/><W19/><G30/><T13/><D13/><U62/><E62/><V52/><F27/><W18/><G18/><T31/><D31/><U67/><E67/><AGARI ba="1,0" hai="4,10,14,19,21,26,44,45,56,63,67" m="49675" machi="67" ten="30,1000,0" yaku="19,1" doraHai="35" who="3" fromWho="1" sc="146,0,309,-13,217,0,328,13" /><INIT seed="5,0,0,3,0,114" ten="146,296,217,341" oya="1" hai0="46,6,29,92,103,61,41,33,115,100,128,78,116" hai1="53,79,68,85,38,131,32,133,123,71,119,51,50" hai2="1,57,63,104,96,26,81,11,10,3,77,49,108" hai3="98,60,28,24,31,88,87,67,66,130,110,40,101"/><U54/><E32/><V76/><F108/><W94/><G110/><T135/><D115/><U112/><E112/><V4/><F49/><W27/><G40/><T118/><D78/><U89/><E123/><V58/><F26/><W16/><G130/><T107/><D107/><U113/><E113/><V20/><F20/><N who="3" m="13319" /><G27/><T17/><D128/><U55/><E131/><V0/><F4/><W21/><G21/><T52/><D6/><U132/><E38/><V64/><F57/><N who="3" m="37135" /><G67/><T39/><D135/><N who="1" m="51787" /><E79/><V2/><F2/><W95/><AGARI ba="0,0" hai="28,31,87,88,94,95,98,101" m="37135,13319" machi="95" ten="30,4000,0" yaku="8,1,54,2" doraHai="114" who="3" fromWho="3" sc="146,-10,296,-20,217,-10,341,40" /><INIT seed="6,0,0,4,5,79" ten="136,276,207,381" oya="2" hai0="111,26,84,69,19,107,4,112,34,41,97,89,64" hai1="61,77,32,12,1,71,2,54,118,95,52,110,117" hai2="105,99,15,122,114,126,129,90,25,80,29,135,31" hai3="96,39,59,21,75,116,22,87,134,109,86,100,7"/><V67/><F122/><W102/><G116/><T124/><D111/><U33/><E110/><V60/><F114/><W127/><G39/><T91/><D112/><U62/><E77/><V45/><F129/><W51/><G75/><T72/><D72/><U83/><E12/><V133/><F45/><W78/><G7/><T108/><D108/><U53/><E95/><V30/><F126/><W5/><G5/><T55/><D124/><U27/><E27/><V56/><F15/><W18/><G134/><N who="2" m="51209" /><F105/><W44/><G127/><T106/><D41/><U47/><E47/><V24/><F99/><W20/><G96/><T40/><D40/><U81/><E53/><V0/><F0/><W76/><G18/><T28/><D4/><U35/><E35/><V115/><F115/><W130/><G44/><T82/><D55/><U42/><E42/><V13/><F13/><W70/><G130/><T94/><REACH who="0" step="1"/><D19/><REACH who="0" ten="126,276,207,381" step="2"/><U14/><E118/><V46/><F46/><W65/><G109/><T121/><D121/><U9/><E117/><V8/><F8/><W50/><G65/><T93/><D93/><U11/><E11/><V103/><F103/><W6/><G100/><T36/><D36/><U128/><E9/><V37/><F37/><W104/><G102/><T131/><D131/><U113/><E128/><V57/><F67/><W68/><G6/><T38/><D38/><U58/><E113/><V74/><F74/><W88/><G104/><T49/><D49/><U125/><E125/><V85/><F60/><AGARI ba="0,1" hai="26,28,34,60,64,69,82,84,89,91,94,97,106,107" machi="60" ten="40,2600,0" yaku="1,1,52,1,53,0" doraHai="79" doraHaiUra="123" who="0" fromWho="2" sc="126,36,276,0,207,-26,381,0" /><INIT seed="7,0,0,3,2,94" ten="162,276,181,381" oya="3" hai0="10,12,21,27,29,7,2,67,96,86,122,30,32" hai1="45,14,73,105,125,66,49,98,134,50,88,108,113" hai2="87,28,124,132,97,0,118,18,81,24,135,58,37" hai3="116,52,41,19,83,8,71,61,119,57,133,78,36"/><W6/><G71/><T62/><D122/><U60/><E108/><V43/><F118/><W100/><G100/><T69/><D86/><U64/><E73/><V20/><F124/><W104/><G104/><T25/><REACH who="0" step="1"/><D96/><REACH who="0" ten="152,276,181,381" step="2"/><U85/><E125/><V84/><F97/><W4/><G116/><T46/><D46/><U128/><E128/><V99/><F99/><W53/><G119/><T93/><D93/><U117/><E117/><V33/><F0/><AGARI ba="0,1" hai="0,2,7,10,12,21,25,27,29,30,32,62,67,69" machi="0" ten="40,2600,0" yaku="1,1,53,1" doraHai="94" doraHaiUra="5" who="0" fromWho="2" sc="152,36,276,0,181,-26,381,0" owari="188,-21.2,276,7.6,155,-34.5,381,48.1" /></mjloggm>