<mjloggm ver="2.3"><GO type="169" lobby="0"/><UN n0="%E3%81%B2%E3%81%90%E3%81%A1" n1="%E4%B9%9D%E7%B4%8B%E9%BE%8D%E5%8F%B2%E9%80%B2" n2="%48%57%49%4E%47" n3="%E3%83%AA%E3%83%AA%E3%83%BC%E3%83%96%E3%83%A9%E3%83%83%E3%82%AF" dan="17,19,16,16" rate="2227.50,2281.78,2160.30,2030.02" sx="M,M,M,F"/><TAIKYOKU oya="0"/><INIT seed="0,0,0,4,5,46" ten="250,250,250,250" oya="0" hai0="114,69,19,82,54,64,92,27,101,1,6,113,42" hai1="90,117,29,115,98,86,50,63,57,73,4,78,89" hai2="10,76,130,70,106,56,96,81,20,37,100,94,34" hai3="107,60,25,52,99,22,44,0,110,87,128,23,85"/><T79/><D42/><U118/><E115/><V109/><F109/><W91/><G110/><T35/><D6/><U125/><E125/><V75/><F70/><W17/><G0/><T7/><D7/><U124/><E124/><V133/><F34/><W119/><G128/><T3/><D3/><U77/><E73/><V83/><F37/><W71/><G119/><T9/><D1/><U88/><E4/><V43/><F43/><W45/><G87/><T30/><D64/><U39/><E39/><V53/><F10/><W102/><G71/><T108/><D108/><U129/><E129/><V103/><F130/><W36/><G36/><T104/><D69/><U59/><E29/><V26/><F133/><W93/><REACH who="3" step="1"/><G22/><REACH who="3" ten="250,250,250,240" step="2"/><T121/><D114/><U112/><E112/><V61/><F75/><W127/><G127/><T134/><D113/><U28/><E118/><V5/><F20/><W33/><G33/><T18/><D35/><U21/><E117/><V55/><F96/><W132/><G132/><T13/><D134/><U72/><E98/><V51/><F76/><W16/><G16/><T38/><D19/><U47/><E72/><V40/><F5/><W24/><G24/><T31/><D18/><U2/><E2/><V111/><F26/><W15/><G15/><T135/><D27/><N who="1" m="16495" /><E86/><V116/><F116/><W105/><G105/><T12/><D13/><U14/><E14/><V48/><F106/><W97/><G97/><T32/><D12/><U95/><E78/><V58/><F111/><W123/><G123/><T126/><D79/><U65/><E77/><V66/><F103/><RYUUKYOKU ba="0,1" sc="250,-10,250,-10,250,-10,240,30" hai3="17,23,25,44,45,52,60,85,91,93,99,102,107" /><INIT seed="1,1,1,0,5,106" ten="240,240,240,270" oya="1" hai0="39,76,103,93,12,73,10,67,117,46,24,89,131" hai1="98,22,1,27,34,41,8,113,0,65,38,35,40" hai2="43,44,95,75,68,58,30,57,84,109,49,102,32" hai3="7,83,23,69,47,126,107,100,9,122,2,81,91"/><U70/><E113/><V90/><F109/><W20/><G122/><T105/><D117/><U87/><E70/><V19/><F68/><W56/><G69/><T127/><D127/><U115/><E65/><V124/><F124/><W45/><G126/><T64/><D131/><U121/><E121/><V37/><F75/><W51/><G107/><T82/><D24/><U50/><E38/><V128/><F128/><W99/><G56/><T62/><D62/><U11/><E115/><V97/><F37/><W101/><G45/><T132/><D132/><U88/><E98/><V63/><F32/><W116/><G83/><T54/><D103/><U112/><E112/><V52/><F30/><W25/><G20/><T15/><D105/><U125/><E125/><V33/><F33/><W71/><G71/><T61/><D15/><U66/><E66/><V119/><F19/><W4/><G4/><T18/><D61/><U59/><E1/><V55/><F119/><W72/><G99/><T114/><D114/><U17/><E34/><V94/><REACH who="2" step="1"/><F58/><REACH who="2" ten="240,240,230,270" step="2"/><W135/><G116/><T48/><REACH who="0" step="1"/><D39/><REACH who="0" ten="230,240,230,270" step="2"/><U118/><E118/><V129/><F129/><W29/><G135/><T104/><D104/><U133/><E133/><V77/><F77/><W123/><G123/><T14/><D14/><U6/><E0/><V80/><F80/><W134/><G134/><T111/><D111/><U28/><E27/><V42/><AGARI ba="1,3" hai="42,43,44,49,52,55,57,63,84,90,94,95,97,102" machi="42" ten="30,8000,1" yaku="1,1,0,1,8,1,54,1,53,1" doraHai="106" doraHaiUra="96" who="2" fromWho="2" sc="230,-21,240,-41,230,113,270,-21" /><INIT seed="2,0,0,5,3,106" ten="209,199,343,249" oya="2" hai0="0,16,85,12,98,81,42,93,66,48,56,132,24" hai1="1,129,21,86,111,89,125,127,26,38,19,75,54" hai2="83,40,130,78,88,134,23,64,37,115,105,50,120" hai3="22,95,67,131,121,60,135,43,62,87,101,128,68"/><V71/><F115/><W47/><G22/><T133/><D0/><U41/><E111/><V58/><F120/><W82/><G121/><T27/><D132/><U65/><E1/><V10/><F105/><W59/><G101/><T6/><D6/><U76/><E65/><V84/><F134/><W72/><G95/><T112/><D112/><U25/><E129/><N who="3" m="49738" /><G135/><T63/><D133/><U39/><E54/><N who="2" m="32087" /><F23/><W104/><G104/><T51/><D51/><U52/><E26/><V18/><F18/><W46/><G43/><T119/><D119/><U49/><E41/><V108/><F108/><W7/><G7/><T79/><D48/><U100/><E100/><V123/><F123/><W17/><G17/><T74/><D42/><U109/><E109/><V4/><F130/><W20/><G20/><T45/><D45/><U69/><E69/><V90/><F10/><W35/><G72/><T124/><D74/><U103/><E103/><V5/><F5/><W77/><G35/><T61/><D61/><U73/><E39/><V94/><F94/><W11/><G11/><N who="0" m="6175" /><D124/><N who="1" m="47691" /><E38/><V122/><F4/><W34/><G34/><T99/><D99/><U13/><E25/><V15/><F15/><W107/><G107/><T36/><D36/><U55/><E75/><V110/><F110/><W32/><G32/><T80/><D81/><N who="1" m="45199" /><E49/><V102/><F102/><AGARI ba="0,0" hai="24,27,56,63,66,79,80,85,93,98,102" m="6175" machi="102" ten="30,2000,0" yaku="8,1,54,1" doraHai="106" who="0" fromWho="2" sc="209,20,199,0,343,-20,249,0" /><INIT seed="3,0,0,1,2,7" ten="229,199,323,249" oya="3" hai0="107,51,29,87,131,92,86,110,16,5,31,37,105" hai1="40,60,68,1,126,120,84,45,38,59,70,6,26" hai2="33,76,96,127,102,99,94,123,85,55,22,119,117" hai3="17,125,34,42,129,101,113,13,23,82,49,56,69"/><W112/><G69/><T62/><D37/><U89/><E120/><V11/><F33/><W36/><G125/><T41/><D110/><U2/><E26/><V15/><F127/><W30/><G129/><T53/><D131/><U97/><E97/><V57/><F123/><W77/><G36/><T4/><D107/><U19/><E19/><V58/><F22/><W83/><G101/><T0/><D105/><U18/><E18/><V73/><F73/><W132/><G82/><T61/><D41/><U100/><E100/><V24/><F24/><W47/><G56/><T93/><D16/><U66/><E126/><V128/><F128/><W10/><G34/><T133/><D51/><U8/><REACH who="1" step="1"/><E2/><REACH who="1" ten="229,189,323,249" step="2"/><V115/><F99/><W50/><G30/><T52/><D133/><U121/><E121/><V43/><F96/><W48/><G132/><T20/><D20/><U44/><E44/><V90/><F102/><W91/><G23/><T35/><D35/><U80/><AGARI ba="0,1" hai="1,6,8,38,40,45,59,60,66,68,70,80,84,89" machi="80" ten="20,5200,0" yaku="1,1,0,1,7,1,52,1,53,0" doraHai="7" doraHaiUra="109" who="1" fromWho="1" sc="229,-13,189,62,323,-13,249,-26" /><INIT seed="4,0,0,4,2,10" ten="216,251,310,223" oya="0" hai0="72,19,49,123,39,98,12,2,9,32,111,108,28" hai1="74,53,114,84,65,7,14,89,21,18,119,121,16" hai2="4,133,134,76,35,31,41,77,52,90,71,5,88" hai3="83,27,97,75,110,81,30,102,22,117,6,125,29"/><T79/><D39/><U63/><E119/><V20/><F71/><W38/><G117/><T104/><D123/><U91/><E74/><V37/><F35/><W66/><G110/><N who="0" m="42027" /><D72/><U61/><E121/><V8/><F41/><W93/><G125/><T62/><D79/><N who="2" m="30282" /><F37/><W100/><G75/><T0/><D49/><U107/><E107/><V105/><F52/><W122/><G122/><T73/><D73/><U67/><E7/><N who="2" m="2635" /><F8/><W124/><G124/><T48/><D48/><U116/><E116/><V113/><F105/><W23/><G38/><T60/><D28/><U115/><E53/><V130/><F113/><N who="1" m="43017" /><E18/><V99/><F99/><W17/><G6/><T109/><N who="0" m="42035" /><T50/><DORA hai="47" /><D50/><U106/><E106/><V51/><F51/><W120/><G120/><T26/><D26/><U95/><E91/><V118/><F130/><W131/><G102/><N who="0" m="62551" /><D32/><U1/><E1/><AGARI ba="0,0" hai="0,1,2,9,12,19,60,62" m="62551,42035" machi="1" ten="40,3900,0" yaku="10,1,52,1" doraHai="10,47" who="0" fromWho="1" sc="216,39,251,-39,310,0,223,0" /><INIT seed="4,1,0,4,2,94" ten="255,212,310,223" oya="0" hai0="20,11,0,35,23,115,27,64,22,45,66,32,2" hai1="13,82,57,86,39,61,77,38,31,1,10,60,89" hai2="98,53,95,105,120,81,90,59,92,122,8,62,114" hai3="18,111,108,28,126,21,118,15,127,50,7,109,58"/><T87/><D45/><U134/><E1/><N who="0" m="617" /><D87/><U30/><E134/><V74/><F114/><W69/><G69/><T9/><D66/><U34/><E38/><V3/><F105/><W71/><G71/><T129/><D64/><U40/><E34/><N who="0" m="12841" /><D115/><U56/><E39/><V37/><F37/><W117/><G50/><T78/><D78/><U80/><E40/><V6/><F74/><W4/><G28/><N who="1" m="10794" /><E82/><V44/><F81/><W102/><G58/><N who="1" m="22634" /><E77/><V17/><F17/><AGARI ba="1,0" hai="10,13,17,60,61,80,86,89" m="22634,10794" machi="17" ten="30,1000,0" yaku="8,1" doraHai="94" who="1" fromWho="2" sc="255,0,212,13,310,-13,223,0" /><INIT seed="5,0,0,1,1,44" ten="255,225,297,223" oya="1" hai0="13,14,77,121,110,82,48,97,105,70,127,26,33" hai1="101,133,40,134,102,71,88,131,78,23,124,81,125" hai2="123,120,107,68,72,45,80,113,135,100,115,1,62" hai3="18,118,60,119,41,16,15,19,65,130,28,56,32"/><U51/><E71/><V25/><F135/><N who="1" m="51721" /><E23/><V96/><F1/><W55/><G130/><T30/><D110/><U5/><E5/><V29/><F45/><W7/><G41/><T50/><D127/><N who="1" m="48715" /><E40/><V87/><F72/><W37/><G37/><T99/><D70/><U42/><E42/><V39/><F39/><W106/><G106/><T10/><D121/><U36/><E36/><V59/><F68/><W112/><G112/><N who="2" m="43081" /><F59/><W21/><G65/><T74/><D14/><U91/><E51/><V95/><F62/><W12/><G7/><T114/><D114/><U46/><E46/><V98/><F25/><N who="3" m="16431" /><G32/><T22/><D33/><U85/><E131/><V3/><F29/><W103/><G103/><AGARI ba="0,0" hai="78,81,85,88,91,101,102,103" m="48715,51721" machi="103" ten="30,12000,1" yaku="20,1,18,1,34,2,54,1" doraHai="44" who="1" fromWho="3" sc="255,0,225,120,297,0,223,-120" /><INIT seed="5,1,0,5,4,5" ten="255,345,297,103" oya="1" hai0="50,111,40,118,25,110,105,63,115,57,83,1,124" hai1="29,2,107,0,14,67,42,68,66,38,100,94,47" hai2="37,78,117,122,125,88,129,132,35,77,82,126,10" hai3="76,116,48,69,33,43,127,59,54,98,4,113,70"/><U11/><E107/><V13/><F35/><W120/><G33/><T49/><D105/><U39/><E39/><V96/><F37/><W20/><G120/><T58/><D1/><U65/><E68/><V87/><F122/><W60/><G76/><T17/><D83/><U103/><E29/><V30/><F117/><W130/><G98/><T74/><D74/><U26/><E26/><V95/><F30/><W109/><G109/><T106/><D106/><U134/><E134/><V85/><F132/><W64/><G116/><T73/><D73/><U72/><E72/><V18/><F129/><W15/><G130/><T89/><D89/><U79/><E79/><V108/><F108/><W112/><G127/><N who="2" m="48649" /><F87/><W121/><G121/><T62/><D17/><U41/><E41/><V114/><F114/><W102/><G102/><AGARI ba="1,0" hai="10,13,18,77,78,82,85,88,95,96,102" m="48649" machi="102" ten="30,3900,0" yaku="18,1,52,1,54,1" doraHai="5" who="2" fromWho="3" sc="255,0,345,0,297,42,103,-42" /><INIT seed="6,0,0,2,4,22" ten="255,345,339,61" oya="2" hai0="76,127,62,134,9,96,34,110,19,40,99,115,55" hai1="61,111,3,17,103,89,97,121,124,66,72,94,98" hai2="70,131,73,2,106,32,123,119,49,116,54,37,41" hai3="83,7,1,45,102,69,84,87,11,21,35,50,24"/><V117/><RYUUKYOKU type="yao9" ba="0,0" sc="255,0,345,0,339,0,61,0" hai2="2,32,37,41,49,54,70,73,106,116,117,119,123,131" /><INIT seed="6,1,0,2,4,3" ten="255,345,339,61" oya="2" hai0="87,52,17,45,134,61,63,38,57,76,84,80,122" hai1="101,10,36,28,33,44,70,6,81,109,119,77,102" hai2="89,24,83,120,40,13,7,78,8,15,51,55,91" hai3="66,71,11,22,39,64,79,72,117,90,35,65,125"/><V75/><F120/><W93/><G35/><T133/><D122/><U0/><E109/><V27/><F40/><W114/><G117/><T96/><D38/><U37/><E70/><V132/><F132/><W110/><G110/><T69/><D45/><U121/><E119/><V123/><F123/><W94/><G39/><T107/><D107/><U18/><E36/><V74/><F74/><W131/><G71/><T106/><D106/><U97/><E121/><V53/><F53/><W82/><G125/><T59/><D69/><U62/><E62/><V23/><F15/><W29/><G131/><T43/><D43/><N who="1" m="22639" /><E18/><V5/><F5/><W19/><G114/><T26/><D96/><U118/><E97/><V105/><F105/><W25/><G90/><T46/><D46/><U111/><E111/><V1/><F1/><W127/><G127/><T108/><D108/><U95/><E95/><V50/><F27/><W130/><G130/><T135/><D17/><U103/><E118/><V67/><F67/><W42/><G42/><T12/><D12/><U104/><E104/><V21/><F21/><W9/><G9/><T16/><D16/><U85/><E33/><V2/><F2/><W88/><G88/><N who="2" m="33865" /><F55/><W99/><G99/><T31/><D87/><U32/><E32/><V56/><F56/><W30/><G30/><T20/><REACH who="0" step="1"/><D59/><REACH who="0" ten="245,345,339,61" step="2"/><U86/><E28/><N who="2" m="17439" /><F75/><AGARI ba="1,1" hai="0,6,10,75,77,81,85,86,101,102,103" m="22639" machi="75" ten="30,2000,0" yaku="25,1,52,1" doraHai="3" who="1" fromWho="2" sc="245,0,345,33,339,-23,61,0" /><INIT seed="7,0,0,3,3,75" ten="245,378,316,61" oya="3" hai0="121,30,100,15,0,6,1,114,5,85,17,3,26" hai1="128,50,66,131,47,77,101,28,102,123,48,2,55" hai2="21,29,52,24,83,12,91,69,129,89,22,62,99" hai3="16,127,51,31,133,39,87,84,57,65,40,97,73"/><W36/><G73/><T112/><D100/><U63/><E123/><V134/><F129/><N who="1" m="49737" /><E2/><V110/><F110/><W82/><G127/><T124/><D85/><U96/><E77/><V135/><F69/><W45/><G133/><N who="2" m="50697" /><F99/><W67/><G31/><T37/><D37/><U76/><E76/><V95/><F83/><W18/><G97/><T120/><D124/><U60/><E28/><V34/><F12/><W71/><G84/><T98/><D98/><U113/><E113/><N who="0" m="43625" /><D17/><U72/><E72/><V88/><F95/><W43/><G36/><T27/><D15/><U94/><E66/><N who="3" m="25098" /><G71/><T79/><D79/><U23/><E102/><V81/><F81/><W117/><G39/><T105/><D105/><U125/><E125/><V13/><F13/><W41/><G57/><AGARI ba="0,0" hai="21,22,24,29,34,52,57,62,88,89,91" m="50697" machi="57" ten="30,3900,0" yaku="20,1,54,2" doraHai="75" who="2" fromWho="3" sc="245,0,378,0,316,39,61,-39" owari="245,-15.5,378,47.8,355,15.5,22,-47.8" /></mjloggm>