<mjloggm ver="2.3"><GO type="169" lobby="0"/><UN n0="%E3%83%8D%E3%82%AA%E3%81%8D%E3%82%85%E3%81%86%E3%82%8A" n1="%E3%82%84%E3%82%89%E3%82%8C%E5%BD%B9" n2="%4D%72%52%41%4D%4F" n3="%E8%91%B5%E3%81%A1%E3%82%83%E3%82%93" dan="16,17,16,18" rate="2181.79,2152.56,2152.82,2217.42" sx="M,M,M,F"/><TAIKYOKU oya="0"/><INIT seed="0,0,0,5,2,119" ten="250,250,250,250" oya="0" hai0="98,97,10,113,54,76,132,60,25,94,67,64,89" hai1="50,66,56,46,73,11,47,0,123,126,18,93,84" hai2="38,109,52,90,42,7,20,102,117,103,75,30,110" hai3="107,21,63,14,57,22,95,13,100,4,134,77,78"/><T125/><D113/><U128/><E73/><V104/><F75/><W72/><G107/><T15/><D125/><U87/><E126/><V85/><F117/><W115/><G115/><T62/><D132/><U105/><E105/><V23/><F7/><W122/><G134/><T92/><D76/><N who="3" m="29289" /><G72/><T17/><D25/><U27/><E128/><V12/><F12/><N who="3" m="4715" /><G4/><T2/><D2/><U81/><E93/><V116/><F116/><W9/><G9/><T121/><D121/><U59/><E81/><V40/><F104/><W1/><G1/><T19/><D19/><U61/><E0/><V70/><F70/><W26/><G26/><T44/><D44/><U79/><E79/><V127/><F127/><W80/><G80/><T91/><REACH who="0" step="1"/><D54/><REACH who="0" ten="240,250,250,250" step="2"/><U37/><E46/><V124/><F52/><N who="3" m="34215" /><G122/><T131/><D131/><U32/><E27/><V135/><F124/><W71/><G71/><T53/><D53/><U3/><E123/><V74/><F135/><W114/><G114/><T39/><D39/><U8/><E37/><V45/><F45/><W120/><G120/><T48/><D48/><U31/><E50/><V34/><F38/><W99/><AGARI ba="0,1" hai="21,22,95,99,100" m="34215,4715,29289" machi="99" ten="30,2000,0" yaku="8,1,54,1" doraHai="119" who="3" fromWho="3" sc="240,-10,250,-5,250,-5,250,30" /><INIT seed="1,0,0,3,1,89" ten="230,245,245,280" oya="1" hai0="52,133,94,35,19,124,85,39,83,18,104,129,112" hai1="135,28,115,61,126,63,97,132,46,107,120,103,78" hai2="70,49,2,20,84,105,12,75,25,76,101,0,4" hai3="99,8,114,117,79,118,15,48,95,110,22,123,56"/><U121/><E28/><V17/><F70/><W81/><G123/><T100/><D112/><U86/><E46/><V116/><F116/><N who="3" m="44651" /><G114/><T80/><D39/><U72/><E115/><V6/><F75/><W51/><G22/><T62/><D35/><U102/><E126/><V119/><F119/><W26/><G26/><T3/><D104/><U71/><E72/><V34/><F49/><W67/><G110/><T1/><D1/><N who="2" m="618" /><F84/><N who="3" m="48191" /><G67/><T91/><D3/><U82/><E103/><V87/><F87/><W127/><G56/><N who="0" m="35079" /><D133/><N who="1" m="51275" /><E61/><V68/><F101/><N who="3" m="60671" /><G127/><T33/><D33/><U98/><E98/><V41/><F76/><W130/><G130/><T13/><D129/><U88/><E78/><V50/><F68/><W64/><G64/><AGARI ba="0,0" hai="63,64,71,82,86,88,97,102,107,120,121" m="51275" machi="64" ten="30,2900,0" yaku="20,1,54,1" doraHai="89" who="1" fromWho="3" sc="230,0,245,29,245,0,280,-29" /><INIT seed="1,1,0,0,4,9" ten="230,274,245,251" oya="1" hai0="85,43,94,88,81,58,55,36,111,102,97,130,33" hai1="0,106,133,37,47,18,31,30,87,51,38,16,40" hai2="60,45,112,118,82,80,66,75,17,56,108,68,46" hai3="42,77,101,114,119,50,84,48,131,113,93,107,128"/><U83/><E106/><V78/><F118/><W117/><G42/><T1/><D111/><U71/><E71/><V74/><F108/><W92/><G48/><T109/><D130/><N who="3" m="49705" /><G50/><T96/><D109/><U44/><E133/><V10/><F112/><N who="3" m="43115" /><G107/><T26/><D1/><U7/><E7/><V110/><F110/><W99/><G93/><T132/><D132/><U34/><E0/><V41/><F68/><W79/><G84/><T54/><D26/><U124/><E124/><V52/><F66/><W13/><G13/><T116/><D33/><U53/><E34/><V35/><F35/><W39/><G39/><T121/><D116/><AGARI ba="1,0" hai="77,79,92,99,101,116,117,119" m="43115,49705" machi="116" ten="40,8000,1" yaku="12,1,19,1,34,2" doraHai="9" who="3" fromWho="0" sc="230,-83,274,0,245,0,251,83" /><INIT seed="2,0,0,0,2,33" ten="147,274,245,334" oya="2" hai0="1,74,22,114,117,45,53,90,23,16,127,101,95" hai1="135,97,83,18,96,70,134,30,17,62,5,36,109" hai2="106,43,8,38,80,11,118,79,32,72,116,93,15" hai3="82,4,44,47,56,87,104,29,71,110,91,26,25"/><V24/><F106/><W12/><G71/><T19/><D114/><U94/><E36/><V64/><F64/><W37/><G104/><T73/><D127/><U3/><E30/><V50/><F38/><W77/><G110/><T31/><D101/><U124/><E109/><V54/><F43/><W60/><G77/><T66/><D66/><U7/><E83/><V119/><F93/><W129/><G129/><T51/><D117/><U48/><E48/><V57/><REACH who="2" step="1"/><F15/><REACH who="2" ten="147,274,235,334" step="2"/><W113/><G37/><T21/><D95/><U9/><E94/><V92/><F92/><W28/><G12/><T41/><D41/><U76/><E97/><V59/><F59/><W34/><G113/><T99/><D45/><U68/><E96/><V107/><F107/><W58/><G56/><T13/><D99/><U20/><E70/><V52/><F52/><W61/><G58/><T27/><D53/><U108/><E68/><V10/><F10/><W69/><G69/><T131/><D131/><U42/><E9/><V105/><F105/><W78/><G47/><T88/><D51/><U111/><E42/><V6/><F6/><W112/><G4/><T125/><D125/><U2/><E124/><V14/><F14/><W120/><G44/><T89/><REACH who="0" step="1"/><D1/><REACH who="0" ten="137,274,235,334" step="2"/><U123/><E2/><V67/><F67/><W75/><G112/><T35/><D35/><U102/><E3/><V55/><F55/><W86/><G61/><T133/><D133/><U115/><E135/><V65/><F65/><W98/><G60/><T39/><D39/><U85/><E134/><V0/><F0/><W46/><G46/><RYUUKYOKU ba="0,2" sc="137,15,274,-15,235,15,334,-15" hai0="13,16,19,21,22,23,27,31,73,74,88,89,90" hai2="8,11,24,32,50,54,57,72,79,80,116,118,119" /><INIT seed="2,1,2,1,3,112" ten="152,259,250,319" oya="2" hai0="97,94,108,99,115,121,109,30,54,19,5,129,74" hai1="50,57,8,96,43,7,105,120,73,130,110,17,64" hai2="48,128,132,118,29,18,123,69,79,78,127,66,28" hai3="88,41,92,100,33,116,65,24,113,45,70,86,16"/><V55/><F123/><W75/><G75/><T103/><D121/><U4/><E73/><V9/><F128/><W106/><G113/><T36/><D115/><U20/><E110/><N who="0" m="42601" /><D74/><U91/><E105/><V119/><F127/><W23/><G33/><T89/><D36/><U63/><E130/><V122/><F122/><W34/><G34/><T37/><D37/><U82/><E120/><V42/><F42/><W52/><G116/><T47/><D129/><U15/><E8/><V14/><F132/><W101/><G106/><N who="0" m="63855" /><D19/><U25/><E15/><V80/><F29/><W27/><G27/><T76/><D76/><U1/><E1/><V131/><F28/><W12/><G24/><T87/><D30/><U114/><E114/><V104/><F104/><W107/><G107/><T58/><D47/><N who="1" m="25983" /><E96/><V68/><F131/><W38/><REACH who="3" step="1"/><G52/><REACH who="3" ten="152,259,250,309" step="2"/><T56/><D5/><U11/><E4/><V61/><F69/><W31/><G31/><T72/><D72/><U95/><E7/><V51/><F55/><W59/><G59/><N who="0" m="22571" /><D54/><U62/><E57/><V0/><F68/><W83/><G83/><T126/><D126/><U111/><E82/><V22/><F80/><W133/><G133/><T46/><D46/><U71/><E71/><V40/><F40/><W26/><G26/><T32/><D32/><U6/><E6/><V135/><F135/><W85/><G85/><AGARI ba="1,3" hai="85,87,89,94,99" m="22571,63855,42601" machi="85" ten="30,1000,0" yaku="14,1" doraHai="112" who="0" fromWho="3" sc="152,43,259,0,250,0,309,-13" /><INIT seed="3,0,0,0,1,16" ten="195,259,250,296" oya="3" hai0="103,96,111,105,32,10,47,61,6,134,62,120,80" hai1="69,14,65,128,72,54,55,99,17,123,15,127,43" hai2="33,52,110,34,9,119,68,74,81,133,132,35,112" hai3="107,27,131,118,50,100,29,122,76,3,53,135,23"/><W2/><G118/><T5/><D111/><U79/><E123/><V20/><F119/><W88/><G122/><T71/><D134/><N who="2" m="51818" /><F112/><W26/><G135/><T108/><D108/><U18/><E43/><V94/><F110/><W115/><G115/><T58/><D120/><U114/><E114/><V89/><F68/><W117/><G117/><T38/><D32/><U39/><E39/><V73/><F9/><W126/><G76/><T37/><D5/><U87/><E72/><V78/><F74/><W48/><G126/><T45/><D80/><U30/><E30/><V70/><F70/><W64/><G131/><T8/><D8/><U90/><E65/><V59/><F20/><W97/><G64/><T12/><D71/><U63/><E69/><V67/><F67/><W84/><G27/><T11/><D11/><U44/><E128/><V49/><F34/><W106/><G106/><T83/><D83/><U13/><E63/><V51/><F49/><W121/><G121/><T98/><D98/><AGARI ba="0,0" hai="33,35,51,52,59,73,78,81,89,94,98" m="51818" machi="98" ten="30,2000,0" yaku="20,1,54,1" doraHai="16" who="2" fromWho="0" sc="195,-20,259,0,250,20,296,0" /><INIT seed="4,0,0,1,4,114" ten="175,259,270,296" oya="0" hai0="83,71,96,119,108,117,116,132,53,115,87,18,45" hai1="32,73,107,49,33,111,113,97,130,14,82,92,95" hai2="26,44,2,101,134,12,65,4,28,24,72,39,125" hai3="88,85,105,27,25,99,76,84,64,0,128,74,52"/><T40/><D115/><U11/><E111/><V47/><F72/><W1/><G128/><T54/><D108/><U29/><E113/><V42/><F2/><W22/><G64/><T133/><D71/><U51/><E107/><V131/><F131/><W41/><G41/><T120/><D18/><U90/><E130/><V104/><F125/><W61/><G74/><T21/><D21/><U67/><E67/><V59/><F134/><N who="0" m="51818" /><D96/><U102/><E82/><V78/><F78/><W81/><G105/><T17/><D17/><U48/><E73/><V15/><F47/><W3/><G99/><T60/><D60/><U75/><E29/><V55/><F65/><W8/><G8/><T62/><D62/><U56/><E75/><V37/><F28/><W50/><G61/><T34/><D34/><U80/><E33/><V126/><F4/><W43/><G43/><T68/><D68/><U19/><E32/><V93/><F42/><W70/><G22/><T94/><D94/><U135/><E135/><V89/><F93/><W79/><G70/><T110/><D120/><U63/><E95/><V100/><F104/><W16/><G16/><T109/><D110/><U98/><E98/><V9/><F9/><W6/><G6/><T129/><D109/><U123/><E123/><V30/><F30/><W66/><G66/><T91/><D129/><U23/><E11/><V58/><F126/><W5/><G5/><T35/><D35/><U106/><E106/><V121/><F121/><W10/><G10/><T38/><AGARI ba="0,0" hai="38,40,45,53,54,83,87,91,116,117,119" m="51818" machi="38" ten="40,12000,1" yaku="20,1,52,3" doraHai="114" who="0" fromWho="0" sc="175,120,259,-40,270,-40,296,-40" /><INIT seed="4,1,0,3,1,129" ten="295,219,230,256" oya="0" hai0="32,55,119,16,45,41,54,111,18,10,85,69,89" hai1="132,87,68,58,7,128,59,110,79,84,35,17,95" hai2="121,70,27,61,97,25,117,3,86,56,112,9,8" hai3="31,44,76,100,43,73,53,75,24,28,50,116,113"/><T19/><D119/><U103/><E110/><V105/><F121/><W107/><G116/><T94/><D111/><U99/><E68/><V122/><F122/><W71/><G71/><T46/><D32/><U64/><E35/><V125/><F117/><W22/><G113/><T98/><D69/><U114/><E128/><V21/><F112/><W39/><G31/><T1/><D46/><U127/><E114/><V91/><F125/><W115/><G115/><T23/><D23/><U130/><E127/><V13/><F3/><W104/><G76/><T52/><D1/><U108/><E7/><V126/><F126/><W26/><G24/><T133/><D133/><U82/><E64/><V72/><F72/><W49/><G39/><T33/><D33/><U135/><E108/><V47/><F47/><W81/><G81/><T83/><D10/><U51/><E130/><V124/><F8/><W4/><G4/><T40/><REACH who="0" step="1"/><D45/><REACH who="0" ten="285,219,230,256" step="2"/><U67/><E135/><V78/><F21/><W5/><G44/><T118/><D118/><U15/><E132/><V11/><F9/><W57/><G22/><T93/><D93/><U12/><E95/><V60/><F11/><W80/><G107/><T134/><D134/><U109/><E109/><V101/><F105/><W48/><G104/><T90/><AGARI ba="1,1" hai="16,18,19,40,41,52,54,55,83,85,89,90,94,98" machi="90" ten="30,12000,1" yaku="1,1,0,1,8,1,54,2,53,0" doraHai="129" doraHaiUra="0" who="0" fromWho="0" sc="285,133,219,-41,230,-41,256,-41" /><INIT seed="4,2,0,5,4,80" ten="418,178,189,215" oya="0" hai0="23,79,10,86,15,1,43,30,74,31,24,132,81" hai1="100,21,85,66,107,122,124,27,115,32,29,134,69" hai2="97,127,109,135,41,128,7,45,16,101,67,88,125" hai3="62,22,14,105,51,117,73,58,82,96,36,114,112"/><T84/><D132/><U0/><E122/><V55/><F109/><W4/><G117/><T61/><D1/><U78/><E0/><V71/><F135/><W102/><G36/><T76/><D43/><U35/><E134/><V18/><F7/><W63/><G51/><T111/><D111/><U110/><E110/><V94/><F128/><W50/><G50/><T33/><D76/><U12/><E12/><V87/><F55/><W11/><G22/><T38/><D38/><U13/><E13/><V2/><F2/><W26/><G26/><T49/><D49/><U123/><E123/><V118/><F118/><W6/><G6/><T60/><D33/><U46/><E46/><V129/><F129/><W56/><G82/><T3/><D3/><U126/><E115/><N who="3" m="44074" /><G73/><T65/><D31/><U20/><E35/><V121/><F121/><W5/><G5/><T59/><D61/><AGARI ba="2,0" hai="4,11,14,56,58,61,62,63,96,102,105" m="44074" machi="61" ten="30,1000,0" yaku="15,1" doraHai="80" who="3" fromWho="0" sc="418,-16,178,0,189,0,215,16" /><INIT seed="5,0,0,5,1,60" ten="402,178,189,231" oya="1" hai0="20,69,12,118,46,115,116,35,27,47,100,31,133" hai1="67,114,79,94,40,81,90,63,45,75,71,134,111" hai2="24,34,130,112,65,43,29,89,135,38,74,21,44" hai3="124,52,48,2,57,132,54,18,3,19,10,30,33"/><U86/><E114/><V96/><F130/><W36/><G36/><T127/><D69/><U109/><REACH who="1" step="1"/><E134/><REACH who="1" ten="402,168,189,231" step="2"/><V62/><F135/><W61/><G124/><T91/><D115/><U102/><E102/><V72/><F112/><W80/><G132/><T93/><D133/><U28/><E28/><V119/><F119/><W95/><G30/><T53/><D127/><U32/><E32/><V70/><F34/><W92/><G33/><T0/><D118/><U122/><E122/><V101/><REACH who="2" step="1"/><F89/><REACH who="2" ten="402,168,179,231" step="2"/><W76/><G2/><T51/><D91/><U97/><E97/><V16/><F16/><W23/><G3/><T64/><D116/><U121/><E121/><V120/><F120/><W7/><G19/><T98/><D35/><U15/><E15/><V131/><F131/><W66/><G18/><T56/><D12/><U99/><E99/><V25/><F25/><W103/><G103/><T5/><D0/><U85/><E85/><V78/><F78/><W37/><G76/><T125/><D125/><U42/><E42/><V108/><F108/><W126/><G126/><T26/><D26/><U8/><E8/><V41/><F41/><W113/><G10/><T22/><D98/><U49/><AGARI ba="0,2" hai="40,45,49,63,67,71,75,79,81,86,90,94,109,111" machi="49" ten="30,11700,0" yaku="1,1,0,1,52,1,53,1" doraHai="60" doraHaiUra="83" who="1" fromWho="1" sc="402,-39,168,137,179,-39,231,-39" /><INIT seed="5,1,0,1,3,53" ten="363,305,140,192" oya="1" hai0="126,35,63,92,55,36,120,12,38,97,74,131,105" hai1="88,17,57,119,82,52,110,77,106,16,11,80,64" hai2="96,135,27,0,69,34,121,29,109,87,76,47,73" hai3="18,21,115,5,8,103,112,56,70,71,15,19,7"/><U22/><E119/><V102/><F121/><W37/><G37/><T14/><D35/><U61/><E106/><V111/><F135/><W118/><G103/><T114/><D74/><U75/><E110/><V32/><F87/><W24/><G118/><T130/><D105/><U129/><E129/><V93/><F34/><W123/><G123/><T81/><D81/><U113/><E113/><N who="3" m="43594" /><G56/><T10/><D12/><N who="1" m="7199" /><E75/><V134/><F134/><W30/><G19/><T3/><D120/><U41/><E41/><V54/><F69/><AGARI ba="1,0" hai="5,7,8,15,18,21,24,30,69,70,71" m="43594" machi="69" ten="30,1000,0" yaku="15,1" doraHai="53" who="3" fromWho="2" sc="363,0,305,0,140,-13,192,13" /><INIT seed="6,0,0,4,4,22" ten="363,305,127,205" oya="2" hai0="41,108,107,132,40,53,93,50,120,68,110,9,10" hai1="78,77,15,75,131,33,102,94,61,45,64,26,129" hai2="72,134,29,65,35,39,100,51,32,82,37,3,91" hai3="49,115,98,80,58,133,25,63,85,52,73,66,81"/><V2/><F100/><W88/><G133/><T6/><D107/><U47/><E15/><V59/><F134/><W76/><G115/><T12/><D120/><U48/><E102/><V36/><F91/><W38/><G38/><T92/><D68/><U16/><E94/><V112/><F112/><W4/><G4/><T116/><D132/><U117/><E117/><V24/><F35/><W123/><G123/><T104/><D104/><U90/><E90/><V99/><F99/><W97/><REACH who="3" step="1"/><G25/><REACH who="3" ten="363,305,127,195" step="2"/><T67/><D6/><U105/><E26/><V122/><F122/><W7/><G7/><T83/><D116/><U1/><E131/><V71/><F71/><AGARI ba="0,1" hai="49,52,58,63,66,71,73,76,80,81,85,88,97,98" machi="71" ten="30,7700,0" yaku="1,1,7,1,54,2,53,0" doraHai="22" doraHaiUra="31" who="3" fromWho="2" sc="363,0,305,0,127,-77,195,87" /><INIT seed="7,0,0,0,0,7" ten="363,305,50,282" oya="3" hai0="108,94,62,31,20,4,39,133,55,43,40,89,78" hai1="41,101,109,102,72,105,86,99,71,128,120,6,28" hai2="25,17,111,132,68,42,32,50,23,60,33,91,98" hai3="134,112,114,88,73,84,117,87,36,123,113,130,59"/><W66/><G36/><T14/><D108/><U96/><E109/><V9/><F68/><W107/><G73/><T103/><D133/><U58/><E71/><V1/><F50/><W110/><G110/><T80/><D103/><U35/><E72/><V44/><F111/><W124/><G134/><T16/><D4/><U82/><E120/><V125/><F44/><W19/><G123/><T24/><D39/><U100/><E41/><V10/><F42/><W64/><G117/><T51/><D62/><U122/><E128/><V18/><F60/><W30/><G130/><T70/><D80/><U126/><E126/><V81/><F81/><W135/><G135/><T129/><D78/><U65/><E122/><V5/><F91/><W93/><G107/><T11/><D70/><U48/><E6/><N who="2" m="1231" /><F98/><W104/><G124/><T0/><D0/><U8/><E65/><V69/><F69/><W57/><G104/><T77/><D77/><U127/><E127/><V121/><F121/><W118/><G118/><T75/><D75/><U15/><E58/><N who="3" m="22026" /><G30/><T83/><D129/><U13/><E28/><N who="2" m="17471" /><F125/><W45/><G45/><N who="0" m="28143" /><D83/><U67/><E67/><N who="3" m="25642" /><G87/><AGARI ba="0,0" hai="11,14,16,20,24,31,40,43,87,89,94" m="28143" machi="87" ten="30,3900,0" yaku="8,1,52,1,54,1" doraHai="7" who="0" fromWho="3" sc="363,39,305,0,50,0,282,-39" owari="402,50.2,305,10.5,50,-45.0,243,-15.7" /></mjloggm>