<mjloggm ver="2.3"><GO type="169" lobby="0"/><UN n0="%E3%82%88%E3%81%86%E3%81%B8%E3%83%BC%58" n1="%70%6F%6E%2D%65%6E" n2="%E8%B4%88%E4%BA%BA%E8%A9%A9%E6%96%BC%E5%A4%A2" n3="%45%7A%61%6B%69" dan="17,16,17,16" rate="2245.30,2111.66,2196.98,2127.48" sx="M,F,M,M"/><TAIKYOKU oya="0"/><INIT seed="0,0,0,1,2,8" ten="250,250,250,250" oya="0" hai0="84,134,40,46,58,3,124,7,15,21,66,119,49" hai1="92,90,109,133,85,19,112,12,67,29,130,2,79" hai2="116,120,118,128,24,71,27,9,61,13,81,102,105" hai3="52,108,31,23,98,57,126,87,42,99,80,91,65"/><T70/><D119/><N who="2" m="45610" /><F128/><W28/><G108/><T16/><D134/><U135/><E109/><V5/><F120/><W77/><G126/><T60/><D124/><U50/><E130/><V76/><F102/><W113/><G113/><T39/><D84/><U14/><E2/><V106/><F61/><W88/><G65/><T11/><REACH who="0" step="1"/><D39/><REACH who="0" ten="240,250,250,250" step="2"/><U6/><E112/><V4/><F71/><AGARI ba="0,1" hai="3,7,11,15,16,21,40,46,49,58,60,66,70,71" machi="71" ten="40,12000,1" yaku="1,1,2,1,52,1,54,1,53,0" doraHai="8" doraHaiUra="117" who="0" fromWho="2" sc="240,130,250,0,250,-120,250,0" /><INIT seed="0,1,0,4,0,23" ten="370,250,130,250" oya="0" hai0="14,115,30,55,123,73,49,102,32,46,61,72,7" hai1="54,67,70,98,2,13,106,6,16,101,4,113,75" hai2="124,59,83,91,81,51,86,27,95,37,10,28,5" hai3="87,118,77,60,99,130,105,82,100,80,18,44,97"/><T119/><D123/><U35/><E2/><V36/><F124/><W66/><G118/><T20/><D115/><U33/><E113/><V93/><F36/><W65/><G130/><T103/><D119/><U90/><E75/><V3/><F37/><W19/><G44/><T109/><D32/><U34/><E54/><V108/><F108/><W122/><G122/><T41/><D109/><U84/><E67/><V116/><F116/><W110/><G110/><T134/><D134/><U22/><REACH who="1" step="1"/><E70/><REACH who="1" ten="370,240,130,250" step="2"/><V68/><F68/><W43/><G66/><T120/><D73/><U69/><E69/><V56/><F51/><W62/><G43/><T125/><D72/><U8/><E8/><V126/><F126/><W11/><G11/><N who="0" m="4479" /><D125/><U45/><E45/><V47/><F47/><W64/><G64/><T114/><D114/><U132/><E132/><V40/><F40/><W117/><G117/><T111/><D111/><U89/><E89/><V71/><F71/><W24/><G65/><T48/><D120/><U135/><E135/><V25/><F28/><W88/><G62/><T57/><D49/><U133/><E133/><V17/><F17/><W92/><G60/><T112/><D112/><U85/><E85/><V21/><F21/><W78/><REACH who="3" step="1"/><G24/><AGARI ba="1,1" hai="20,24,30,41,46,48,55,57,61,102,103" m="4479" machi="24" ten="30,2900,0" yaku="8,1,52,1" doraHai="23" who="0" fromWho="3" sc="370,42,240,0,130,0,250,-32" /><INIT seed="0,2,0,1,4,23" ten="412,240,130,218" oya="0" hai0="66,102,132,13,7,91,33,2,93,39,98,100,116" hai1="15,127,53,70,131,6,30,10,69,64,43,105,11" hai2="9,28,31,24,87,80,54,133,59,38,78,122,103" hai3="130,95,88,86,101,12,61,107,97,40,126,121,73"/><T57/><D116/><U0/><E105/><V94/><F38/><W92/><G126/><T113/><D113/><U27/><E127/><V56/><F133/><W49/><G130/><T18/><D39/><U41/><E131/><V119/><F122/><W46/><G121/><T118/><D118/><U96/><E53/><V77/><F31/><W115/><G115/><T129/><D33/><U108/><E108/><V99/><F119/><W3/><G3/><T35/><D35/><U106/><E43/><V124/><F124/><W32/><G32/><T65/><D132/><U67/><E41/><V26/><F77/><W71/><G73/><T17/><D2/><U14/><E67/><N who="0" m="25609" /><D57/><U104/><E104/><V112/><F112/><W111/><G111/><T114/><D114/><U29/><E29/><V74/><F28/><W90/><G71/><T117/><D117/><U79/><E79/><V68/><F68/><W45/><G61/><T134/><D134/><U84/><E84/><V72/><F59/><W37/><G12/><N who="1" m="4650" /><E64/><V48/><REACH who="2" step="1"/><F9/><REACH who="2" ten="412,240,120,218" step="2"/><W5/><G5/><T34/><D129/><U19/><E10/><V22/><F22/><W47/><REACH who="3" step="1"/><G37/><REACH who="3" ten="412,240,120,208" step="2"/><T55/><D34/><N who="1" m="20831" /><E19/><V1/><F1/><W89/><G89/><T21/><D7/><U25/><E70/><V110/><F110/><W8/><G8/><T4/><D4/><U81/><E69/><V60/><F60/><W75/><G75/><AGARI ba="2,2" hai="24,26,48,54,56,72,74,75,78,80,87,94,99,103" machi="75" ten="40,5200,0" yaku="1,1,52,2,53,0" doraHai="23" doraHaiUra="62" who="2" fromWho="3" sc="412,0,240,0,120,78,208,-58" /><INIT seed="1,0,0,2,3,74" ten="412,240,198,150" oya="1" hai0="65,46,50,69,53,28,86,10,9,68,61,81,44" hai1="93,48,87,96,51,98,76,123,58,42,34,124,11" hai2="92,135,115,82,89,26,24,90,85,128,118,70,102" hai3="43,18,119,97,0,62,126,83,131,41,66,45,110"/><U134/><E123/><V105/><F70/><W57/><G0/><T12/><D28/><U117/><E117/><V72/><F118/><W52/><G119/><T21/><D69/><U15/><E34/><V88/><F128/><W64/><G110/><T2/><D2/><U36/><E36/><V100/><F24/><W19/><G131/><T104/><D104/><U38/><E38/><V125/><F26/><W133/><G133/><T23/><D46/><N who="1" m="25687" /><E124/><V59/><F59/><W27/><G126/><T49/><D49/><U6/><E134/><V112/><F125/><W30/><G97/><T111/><D111/><U109/><E109/><V8/><F8/><W113/><G113/><N who="2" m="43593" /><F135/><W29/><G83/><T13/><D10/><U94/><E94/><V4/><F4/><W37/><G43/><T3/><D3/><U103/><E103/><N who="2" m="39467" /><F105/><W47/><G47/><T17/><D13/><U60/><E93/><V95/><F72/><W25/><G66/><T31/><D31/><U130/><E130/><V121/><F121/><W77/><G64/><T33/><D33/><U7/><E7/><V56/><F56/><W1/><G1/><T39/><D39/><U20/><E20/><V108/><F108/><W106/><G106/><T114/><D114/><U80/><E51/><V14/><F14/><W63/><G63/><T84/><D23/><U99/><E99/><V5/><F5/><W55/><G37/><T79/><D21/><U132/><E132/><V22/><F22/><W75/><G29/><T107/><D107/><U32/><E32/><V101/><N who="2" m="39475" /><V67/><DORA hai="71" /><F67/><AGARI ba="0,0" hai="6,11,15,58,60,67,76,80,87,96,98" m="25687" machi="67" ten="30,11600,0" yaku="6,1,25,1,8,1,52,1" doraHai="74,71" who="1" fromWho="2" sc="412,0,240,116,198,-116,150,0" /><INIT seed="1,1,0,1,5,135" ten="412,356,82,150" oya="1" hai0="107,88,6,47,11,45,96,38,7,94,2,20,87" hai1="75,100,126,76,36,19,129,134,64,93,30,9,114" hai2="111,27,10,58,13,34,18,5,72,78,106,33,21" hai3="79,59,80,37,32,57,132,97,46,0,3,121,52"/><U68/><E114/><V69/><F69/><W43/><G121/><T24/><D7/><U95/><E36/><V117/><F106/><W12/><G132/><T115/><D115/><U85/><E134/><V110/><F78/><W41/><G32/><T67/><D67/><U1/><E30/><N who="2" m="19679" /><F58/><W130/><G130/><T90/><D38/><U39/><E39/><V86/><F86/><W128/><G128/><T77/><D77/><U112/><E112/><V54/><F54/><W42/><G97/><T71/><D71/><U50/><E50/><V49/><F49/><W102/><G102/><T29/><REACH who="0" step="1"/><D107/><REACH who="0" ten="402,356,82,150" step="2"/><U113/><E64/><V105/><F105/><W44/><G37/><T16/><D16/><U35/><E76/><V99/><F72/><W60/><G79/><T101/><D101/><U17/><E17/><V56/><F117/><W104/><G104/><T98/><D98/><U23/><E19/><V55/><F99/><W4/><G4/><T122/><D122/><U89/><E75/><V28/><F28/><W118/><G118/><T131/><D131/><U133/><E68/><V15/><F34/><W84/><G84/><T124/><D124/><U61/><E126/><V48/><F110/><W119/><G119/><T8/><D8/><U108/><E35/><V53/><F111/><W109/><G109/><T82/><AGARI ba="1,1" hai="2,6,11,20,24,29,45,47,82,87,88,90,94,96" machi="82" ten="20,5200,0" yaku="1,1,0,1,7,1,54,1,53,0" doraHai="135" doraHaiUra="73" who="0" fromWho="0" sc="402,65,356,-27,82,-14,150,-14" /><INIT seed="2,0,0,1,4,105" ten="467,329,68,136" oya="2" hai0="18,16,120,89,75,107,68,133,135,12,86,123,96" hai1="69,66,77,50,61,43,32,122,67,28,36,1,112" hai2="26,41,47,125,9,0,91,110,127,30,4,97,88" hai3="121,64,82,129,70,79,113,25,13,6,57,14,46"/><V101/><F110/><W98/><G121/><T74/><D68/><U134/><E112/><V81/><F81/><W124/><G113/><T104/><D18/><U111/><E1/><V100/><F125/><W53/><G124/><T84/><D84/><U15/><E77/><V130/><F130/><W93/><G129/><T42/><D42/><U11/><E111/><V56/><F56/><W94/><G70/><T29/><D29/><U119/><E134/><N who="0" m="51209" /><D123/><U118/><E28/><V131/><F131/><W62/><G25/><T45/><D45/><U20/><E43/><V49/><F127/><W21/><G6/><T39/><D39/><U95/><E36/><V59/><F59/><W63/><G21/><N who="0" m="11399" /><D120/><U76/><E122/><V40/><F40/><W103/><G93/><N who="0" m="54455" /><D107/><U102/><E95/><V8/><F8/><W31/><G31/><T19/><D19/><U126/><E11/><V17/><F17/><W27/><G27/><T106/><D106/><U35/><E126/><V23/><REACH who="2" step="1"/><F97/><REACH who="2" ten="467,329,58,136" step="2"/><W87/><REACH who="3" step="1"/><G62/><REACH who="3" ten="467,329,58,126" step="2"/><T117/><D117/><U92/><E61/><V65/><F65/><W80/><G80/><T52/><D52/><U132/><E118/><V22/><F22/><W72/><G72/><T5/><D5/><U37/><E119/><V109/><F109/><W128/><G128/><T73/><D73/><U48/><E132/><V54/><F54/><W3/><G3/><T114/><D114/><U38/><E69/><V99/><F99/><W33/><G33/><T2/><D2/><U83/><E67/><V7/><F7/><W24/><G24/><T34/><D34/><RYUUKYOKU ba="0,2" sc="467,10,329,-30,58,10,126,10" hai0="74,75,96,104" hai2="0,4,9,23,26,30,41,47,49,88,91,100,101" hai3="13,14,46,53,57,63,64,79,82,87,94,98,103" /><INIT seed="2,1,2,4,5,43" ten="477,299,68,136" oya="2" hai0="46,31,59,27,95,94,117,63,42,54,47,116,35" hai1="108,79,99,18,34,87,49,130,29,72,32,58,55" hai2="81,106,64,73,118,69,48,100,19,134,28,61,82" hai3="88,66,86,57,98,107,62,110,85,65,132,51,109"/><V41/><F118/><N who="0" m="45674" /><D42/><U53/><E108/><N who="3" m="41578" /><G132/><T56/><D56/><U114/><E130/><V103/><F134/><W22/><G22/><T12/><D12/><U119/><E119/><V3/><F3/><W97/><G85/><T78/><D78/><U68/><E68/><V111/><F111/><W39/><G39/><T77/><D77/><U0/><E0/><V71/><F71/><N who="3" m="42423" /><G107/><T129/><D129/><U120/><E114/><V1/><F1/><W113/><G113/><T38/><D38/><U2/><E120/><V125/><F125/><W8/><G8/><T10/><D10/><U14/><E2/><V102/><F106/><W45/><G57/><T20/><D35/><U5/><E58/><V121/><F121/><W122/><G66/><T52/><D54/><U30/><E34/><V115/><F115/><W21/><G21/><T128/><D128/><U50/><E32/><V133/><F133/><W9/><G9/><T23/><D23/><U24/><E49/><V105/><F105/><W83/><G122/><T16/><D31/><U90/><E30/><V92/><F28/><W33/><G33/><T124/><D124/><U7/><E29/><V40/><F19/><W70/><G70/><T84/><D84/><U6/><E87/><V26/><F73/><W44/><G44/><AGARI ba="1,2" hai="16,20,27,44,46,47,52,59,63,94,95" m="45674" machi="44" ten="30,12000,2" yaku="12,1,52,3,54,2" doraHai="43" who="0" fromWho="3" sc="477,143,299,0,68,0,136,-123" /><INIT seed="3,0,0,0,5,33" ten="620,299,68,13" oya="3" hai0="101,105,77,107,34,113,57,58,41,29,61,85,84" hai1="103,111,26,55,74,112,123,44,27,48,95,104,67" hai2="86,30,4,124,117,54,125,38,93,119,59,45,10" hai3="130,46,0,37,53,68,94,79,21,23,3,109,14"/><W135/><G109/><T18/><D41/><U118/><E111/><V81/><F30/><W91/><G135/><T108/><D108/><U73/><E112/><V52/><F93/><W134/><G134/><T22/><D34/><U8/><E104/><V62/><F38/><W76/><G130/><T114/><D29/><U47/><E67/><V110/><F45/><W71/><G37/><T115/><D58/><U66/><E8/><V120/><F54/><W80/><G46/><T28/><D28/><U87/><E27/><V20/><F20/><W6/><G53/><T39/><D39/><U43/><E26/><V133/><F120/><W9/><G71/><T70/><D70/><U122/><E95/><V129/><F129/><W2/><G68/><T127/><D127/><N who="2" m="48714" /><F133/><W121/><G121/><T116/><D116/><U32/><E55/><V25/><F25/><W12/><G12/><N who="0" m="9543" /><D77/><U128/><E32/><V78/><F110/><W51/><G51/><T131/><D131/><U126/><E48/><V100/><F100/><W17/><G80/><T96/><D107/><U97/><E103/><V75/><F75/><W69/><G69/><T132/><D132/><U56/><E47/><V92/><F92/><W19/><G23/><T16/><D115/><U60/><E123/><V49/><F49/><W13/><REACH who="3" step="1"/><G6/><REACH who="3" ten="620,299,68,3" step="2"/><T35/><D114/><U98/><E128/><V24/><F24/><W1/><N who="3" m="0" /><DORA hai="88" /><W106/><G106/><T82/><D113/><U7/><E126/><V63/><F63/><W65/><G65/><T36/><D61/><N who="1" m="38183" /><E122/><V50/><F62/><W83/><G83/><RYUUKYOKU ba="0,1" sc="620,-15,299,-15,68,15,3,15" hai2="4,10,50,52,59,78,81,86,117,119" hai3="9,13,14,17,19,21,76,79,91,94" /><INIT seed="3,1,1,5,5,11" ten="605,284,83,18" oya="3" hai0="59,73,132,39,123,121,17,66,62,98,40,28,110" hai1="103,106,113,22,116,24,87,7,37,46,27,32,13" hai2="102,100,58,127,107,72,1,65,131,109,51,75,128" hai3="95,134,21,19,57,84,77,8,61,54,36,133,114"/><W41/><G114/><T50/><D73/><N who="2" m="28234" /><F1/><W6/><G36/><T96/><D28/><U125/><E87/><V111/><F127/><W120/><G120/><T85/><D110/><N who="2" m="41994" /><F107/><W97/><G41/><T14/><D132/><U63/><E63/><N who="2" m="38135" /><F51/><W68/><G68/><T29/><D29/><U86/><E106/><V99/><F99/><W16/><G84/><T115/><D115/><U126/><E86/><V35/><F35/><W71/><G77/><T38/><D39/><U5/><E32/><V130/><AGARI ba="1,1" hai="100,102,128,130,131" m="38135,41994,28234" machi="130" ten="40,2700,0" yaku="19,1,14,1" doraHai="11" who="2" fromWho="2" sc="605,-8,284,-8,83,40,18,-14" /><INIT seed="4,0,0,5,3,1" ten="597,276,123,4" oya="0" hai0="133,51,29,83,79,15,54,94,103,30,92,62,57" hai1="5,74,86,59,11,97,93,25,50,2,85,126,13" hai2="89,28,81,101,70,112,77,132,78,39,49,40,12" hai3="41,124,26,95,35,72,90,21,113,52,120,80,125"/><T67/><D133/><U53/><E74/><V119/><F39/><W69/><G113/><T96/><D94/><U104/><E104/><V14/><F70/><W16/><G69/><T7/><D15/><U109/><E109/><V118/><F112/><W37/><G120/><T18/><D18/><U64/><E126/><N who="3" m="48746" /><G35/><T91/><D91/><U4/><E25/><V10/><F132/><W24/><G52/><T63/><D7/><N who="1" m="3327" /><E2/><V115/><F115/><W117/><G117/><T48/><D48/><U131/><E131/><V9/><F118/><W22/><G41/><T31/><REACH who="0" step="1"/><D67/><REACH who="0" ten="587,276,123,4" step="2"/><U33/><E93/><V135/><F135/><W17/><G37/><T8/><D8/><U87/><E4/><V6/><F49/><W36/><G36/><T46/><D46/><U99/><E5/><V98/><F9/><W19/><G19/><T108/><D108/><U122/><E64/><V82/><F10/><W110/><G110/><T43/><D43/><U0/><E50/><V27/><F40/><W71/><G71/><T121/><D121/><U130/><E122/><V100/><F6/><W73/><G80/><T102/><D102/><U106/><E0/><V34/><F81/><W68/><G68/><T66/><D66/><U55/><E55/><V38/><F38/><W88/><G90/><T44/><D44/><U123/><E53/><V60/><F89/><W75/><G75/><AGARI ba="0,1" hai="29,30,31,51,54,57,62,63,75,79,83,92,96,103" machi="75" ten="40,7700,0" yaku="1,1,53,2" doraHai="1" doraHaiUra="56" who="0" fromWho="3" sc="587,87,276,0,123,0,4,-77" owari="674,77.4,276,7.6,123,-27.7,-73,-57.3" /></mjloggm>