<mjloggm ver="2.3"><GO type="169" lobby="0"/><UN n0="%79%7A%68%61%6E%67" n1="%E7%8C%AB%E5%A8%98%E5%A4%A7%E5%A5%BD%E3%81%8D" n2="%75%79%61%6D%61" n3="%E6%95%97%E5%8C%97%E8%80%85%E3%81%AD%E3%82%8B" dan="16,17,17,17" rate="2161.63,2190.89,2111.62,2193.42" sx="M,M,M,F"/><TAIKYOKU oya="0"/><INIT seed="0,0,0,3,0,89" ten="250,250,250,250" oya="0" hai0="94,70,39,98,47,122,40,52,9,35,97,58,61" hai1="127,71,6,27,118,7,14,17,23,90,20,2,33" hai2="81,109,55,84,30,92,74,103,77,123,86,36,100" hai3="1,95,51,82,34,111,68,91,135,45,124,63,0"/><T29/><D122/><U4/><E71/><V133/><F36/><W41/><G34/><T67/><D9/><N who="1" m="2295" /><E90/><N who="2" m="53319" /><F30/><W37/><G111/><T18/><D18/><N who="1" m="10327" /><E127/><V46/><F46/><W85/><G135/><T93/><D29/><N who="1" m="19647" /><E118/><V50/><F50/><W62/><G124/><T10/><D35/><U96/><E96/><N who="0" m="36969" /><D10/><U101/><E101/><N who="2" m="38987" /><F55/><W48/><G68/><T65/><D65/><U57/><E57/><V117/><F117/><W54/><G37/><T88/><D88/><U19/><E19/><V106/><F123/><W78/><G0/><T121/><D121/><U66/><E66/><V102/><F109/><W132/><G1/><T8/><D8/><U56/><E56/><V64/><F64/><W28/><G28/><T125/><D125/><U44/><E44/><V16/><F16/><W107/><G107/><T32/><D32/><U75/><E75/><V134/><F74/><W110/><G110/><T38/><D38/><U42/><E42/><V113/><F113/><W43/><G43/><T131/><D131/><U126/><E126/><V112/><F112/><W116/><G116/><T49/><AGARI ba="0,0" hai="39,40,47,49,52,58,61,67,70,93,94" m="36969" machi="49" ten="30,11700,0" yaku="24,1,52,2,54,1" doraHai="89" who="0" fromWho="0" sc="250,117,250,-39,250,-39,250,-39" /><INIT seed="0,1,0,0,4,122" ten="367,211,211,211" oya="0" hai0="22,99,119,126,112,30,18,91,25,34,117,61,60" hai1="7,94,86,132,5,87,129,75,115,6,104,9,40" hai2="105,96,116,90,66,97,114,102,103,63,128,109,54" hai3="39,80,120,73,28,52,82,64,26,36,76,20,78"/><T58/><D112/><U24/><E104/><V53/><F114/><W44/><G120/><T45/><D126/><U133/><E75/><V88/><F128/><W81/><G64/><T46/><D61/><U1/><E115/><V92/><F109/><W106/><G106/><T131/><D131/><U125/><E129/><V33/><F33/><W55/><G80/><T118/><D91/><N who="1" m="53631" /><E125/><V10/><F116/><W84/><REACH who="3" step="1"/><G36/><REACH who="3" ten="367,211,211,201" step="2"/><T130/><D130/><U68/><E68/><V31/><F54/><W72/><G72/><T50/><D118/><U3/><E133/><V135/><F135/><W57/><G57/><T95/><D117/><U110/><E132/><V51/><F66/><W17/><G17/><T43/><D119/><U93/><E5/><V107/><F107/><W19/><G19/><T77/><D18/><U124/><E6/><V85/><F31/><W59/><G59/><T16/><D30/><U15/><E7/><V14/><F105/><W127/><G127/><T62/><D58/><U121/><E124/><V21/><F53/><W113/><G113/><T49/><D16/><U42/><E121/><V71/><F71/><W38/><G38/><T79/><D45/><U108/><E108/><V98/><F92/><W70/><G70/><T111/><D95/><U4/><E110/><V47/><F47/><W134/><G134/><T69/><D46/><U29/><E3/><V56/><F56/><W83/><G83/><T48/><D111/><U13/><E1/><V65/><F65/><W2/><G2/><T41/><D69/><U123/><E123/><V74/><F74/><RYUUKYOKU ba="1,1" sc="367,-10,211,-10,211,-10,201,30" hai3="20,26,28,39,44,52,55,73,76,78,81,82,84" /><INIT seed="1,2,1,2,4,122" ten="357,201,201,231" oya="1" hai0="93,24,5,54,133,40,27,73,77,47,96,135,132" hai1="76,29,81,4,6,79,60,124,83,126,1,120,134" hai2="116,62,100,38,130,41,103,129,105,101,53,102,22" hai3="43,92,42,123,106,114,20,10,56,95,12,36,70"/><U35/><E120/><V113/><F116/><W78/><G106/><T15/><D54/><U71/><E134/><V88/><F113/><W66/><G70/><T125/><D125/><N who="1" m="48235" /><E29/><V58/><F105/><W46/><G114/><T2/><D15/><U86/><E35/><V37/><F22/><W117/><G42/><T127/><D127/><U18/><E18/><V109/><F109/><W8/><G117/><T21/><D5/><U59/><E71/><V3/><F3/><W85/><G123/><T68/><D2/><U89/><E1/><V72/><F72/><W75/><G75/><T80/><D68/><U55/><E76/><V97/><N who="2" m="25600" /><DORA hai="121" /><V108/><F108/><W61/><G20/><T17/><D93/><U82/><E82/><V28/><F28/><W115/><G115/><T110/><D96/><U50/><E60/><V64/><F64/><W63/><G61/><T52/><D110/><U9/><E9/><V131/><REACH who="2" step="1"/><F41/><REACH who="2" ten="357,201,191,231" step="2"/><W104/><G104/><T33/><D40/><U65/><E65/><V107/><F107/><W118/><G118/><T69/><D33/><U94/><E81/><V112/><F112/><W119/><G119/><T31/><D31/><U45/><E59/><V32/><F32/><W49/><G56/><T34/><D34/><U87/><AGARI ba="2,2" hai="4,6,45,50,55,79,83,86,87,89,94" m="48235" machi="87" ten="30,1500,0" yaku="18,1" doraHai="122,121" who="1" fromWho="1" sc="357,-7,201,41,191,-7,231,-7" /><INIT seed="1,3,0,0,4,25" ten="350,242,184,224" oya="1" hai0="32,121,128,27,39,131,11,30,43,40,84,20,92" hai1="103,96,12,91,123,122,17,94,117,59,82,13,111" hai2="34,107,18,66,65,15,31,50,16,93,124,88,48" hai3="28,67,126,70,33,57,109,38,24,120,105,81,58"/><U35/><E117/><V127/><F107/><W51/><G120/><T99/><D121/><U6/><E35/><V118/><F118/><W89/><G38/><T19/><D84/><U71/><E71/><V108/><F108/><W79/><G105/><T78/><D78/><U4/><E111/><V46/><F65/><W36/><G36/><T98/><D11/><U8/><E59/><V73/><F66/><W23/><G109/><T5/><D5/><U74/><E6/><V52/><F50/><W83/><G126/><N who="2" m="48169" /><F73/><W21/><G70/><T133/><D133/><U95/><E74/><V47/><F47/><W10/><G89/><T76/><D76/><U3/><E82/><V44/><F44/><W132/><G132/><T113/><D113/><U86/><REACH who="1" step="1"/><E3/><REACH who="1" ten="350,232,184,224" step="2"/><V64/><F64/><W60/><G83/><T102/><D32/><U63/><E63/><V53/><F53/><W101/><G81/><T90/><D40/><U45/><E45/><V56/><F46/><W2/><G57/><T116/><D43/><U77/><E77/><V115/><F115/><W22/><G79/><T104/><D39/><U41/><E41/><V54/><F54/><W1/><G1/><T80/><D116/><U14/><E14/><V119/><F119/><W100/><G51/><T42/><D42/><U29/><E29/><V55/><F55/><W112/><G112/><T7/><D80/><U85/><E85/><N who="2" m="52367" /><F15/><W129/><G129/><N who="0" m="49739" /><D7/><U61/><E61/><V62/><F62/><W69/><G69/><T114/><D114/><U125/><E125/><V49/><F48/><W37/><G37/><RYUUKYOKU ba="3,1" sc="350,0,232,0,184,0,224,0" hai0="19,20,27,30,90,92,98,99,102,104" hai1="4,8,12,13,17,86,91,94,95,96,103,122,123" hai2="16,18,31,34,49,52,56" hai3="2,10,21,22,23,24,28,33,58,60,67,100,101" /><INIT seed="1,4,1,5,5,4" ten="350,232,184,224" oya="1" hai0="129,108,35,127,89,7,95,19,36,107,102,119,28" hai1="38,48,132,45,133,82,22,97,32,52,86,77,60" hai2="23,113,74,12,93,120,26,116,3,103,62,59,112" hai3="73,100,63,72,40,29,24,69,50,128,6,53,2"/><U118/><E118/><V71/><F116/><W67/><G128/><T39/><D119/><U20/><E32/><V15/><F120/><W30/><G40/><T55/><D108/><U41/><E60/><V98/><F71/><W49/><G49/><T14/><D129/><U8/><E97/><V42/><F42/><W61/><G61/><T65/><D65/><U121/><E121/><V85/><F3/><W105/><G30/><T27/><D127/><U13/><E22/><V17/><F85/><W135/><G135/><N who="1" m="51786" /><E20/><V109/><F74/><W111/><G111/><T75/><D75/><U33/><E33/><V9/><F109/><W54/><G105/><T64/><D64/><U123/><E123/><V134/><F134/><W70/><G100/><T94/><D107/><U90/><E90/><V81/><F81/><W88/><G88/><T117/><D117/><U115/><E115/><N who="2" m="44107" /><F9/><W68/><G73/><T131/><D131/><U125/><E125/><V79/><F79/><W21/><G72/><T114/><D114/><U37/><E41/><V110/><F110/><W99/><G99/><T92/><D102/><U57/><E57/><V78/><F78/><W31/><G31/><T66/><D66/><AGARI ba="4,1" hai="12,15,17,23,26,59,62,66,93,98,103" m="44107" machi="66" ten="30,1000,0" yaku="11,1" doraHai="4" who="2" fromWho="0" sc="350,-22,232,0,184,32,224,0" /><INIT seed="2,0,0,4,0,20" ten="328,232,216,224" oya="2" hai0="108,13,46,21,55,109,115,18,113,123,63,73,82" hai1="102,89,40,14,65,64,88,126,135,15,48,79,25" hai2="50,118,12,97,4,110,19,75,80,106,74,1,7" hai3="29,5,122,31,120,45,124,6,128,133,70,26,105"/><V60/><F118/><W94/><G105/><T101/><D123/><U114/><E114/><V9/><F110/><N who="0" m="42602" /><D101/><U99/><E79/><V43/><F60/><W68/><G128/><T100/><D100/><U84/><E135/><V104/><F4/><W78/><G78/><N who="0" m="44367" /><D63/><U42/><E126/><V85/><F74/><W132/><G94/><T38/><D55/><U83/><E89/><V98/><F75/><W116/><G45/><T24/><D13/><U56/><E15/><V57/><F106/><W127/><REACH who="3" step="1"/><G116/><REACH who="3" ten="328,232,216,214" step="2"/><T11/><D11/><U87/><E83/><V41/><F104/><W49/><G49/><T52/><D38/><U91/><E48/><AGARI ba="0,1" hai="18,21,24,46,48,52,113,115" m="44367,42602" machi="48" ten="30,3900,0" yaku="14,1,52,1,54,1" doraHai="20" who="0" fromWho="1" sc="328,49,232,-39,216,0,214,0" /><INIT seed="3,0,0,4,5,119" ten="377,193,216,214" oya="3" hai0="46,129,12,75,84,78,50,99,100,3,126,41,52" hai1="49,125,86,6,93,98,43,103,109,101,57,120,62" hai2="116,18,17,124,92,7,36,115,114,87,44,67,15" hai3="13,11,123,104,121,85,63,82,8,80,83,22,88"/><W68/><G104/><T132/><D3/><U53/><E109/><V118/><F67/><W96/><G96/><T77/><D129/><U111/><E111/><V32/><F36/><W27/><G68/><T25/><D132/><U24/><E125/><V51/><F32/><W65/><G80/><T19/><D126/><U128/><E128/><V108/><F124/><W69/><G82/><T89/><D25/><U107/><E6/><V4/><F108/><W45/><G45/><T95/><D41/><U29/><E43/><V54/><F92/><W55/><G55/><T48/><D48/><U58/><E86/><V0/><F87/><W90/><G90/><T39/><D39/><U42/><E42/><V133/><F0/><W5/><G8/><T94/><REACH who="0" step="1"/><D75/><REACH who="0" ten="367,193,216,214" step="2"/><U20/><E107/><V40/><F40/><W9/><G11/><AGARI ba="0,1" hai="11,12,19,46,50,52,77,78,84,89,94,95,99,100" machi="11" ten="30,8000,1" yaku="1,1,2,1,7,1,8,1,54,1,53,0" doraHai="119" doraHaiUra="113" who="0" fromWho="3" sc="367,90,193,0,216,0,214,-80" /><INIT seed="4,0,0,2,2,75" ten="457,193,216,134" oya="0" hai0="17,26,12,25,85,33,4,13,122,21,51,55,42" hai1="87,118,78,63,77,35,133,131,69,39,5,44,132" hai2="91,123,50,127,9,57,135,111,22,106,126,23,45" hai3="86,121,92,72,1,32,49,27,64,20,76,60,29"/><T93/><D122/><U84/><E35/><V43/><F123/><W0/><G121/><T88/><D42/><N who="1" m="22623" /><E118/><V100/><F111/><W124/><G124/><T108/><D108/><U99/><E5/><V79/><F91/><W116/><G116/><T74/><D74/><U102/><E63/><V96/><F135/><N who="1" m="51785" /><E69/><V15/><F57/><W40/><G72/><T62/><D62/><U7/><E7/><V104/><F104/><W129/><G129/><T3/><D3/><U19/><E19/><V28/><F79/><N who="1" m="30217" /><E131/><V89/><F127/><W2/><G32/><T107/><D107/><AGARI ba="0,0" hai="84,87,99,102,107" m="30217,51785,22623" machi="107" ten="30,7700,0" yaku="20,1,52,3" doraHai="75" who="1" fromWho="0" sc="457,-77,193,77,216,0,134,0" /><INIT seed="5,0,0,1,3,51" ten="380,270,216,134" oya="1" hai0="112,63,35,129,125,12,92,89,52,114,24,55,110" hai1="48,134,79,88,26,20,126,39,56,60,90,74,70" hai2="78,82,38,108,121,84,118,73,83,95,113,22,14" hai3="10,58,86,80,3,16,21,17,107,4,59,33,96"/><U132/><E39/><V109/><F38/><W7/><G33/><T40/><D110/><U47/><E70/><V69/><F69/><W67/><G4/><T72/><D72/><U49/><E79/><V131/><F118/><W75/><G75/><T91/><D125/><U119/><E74/><V32/><F32/><W0/><G0/><T11/><D40/><U85/><E119/><V30/><F121/><W41/><G41/><T34/><D129/><U13/><E13/><V43/><F43/><W2/><G2/><T128/><D128/><U124/><E49/><V18/><F131/><W64/><G107/><T71/><D34/><U94/><E90/><V37/><F37/><W98/><G58/><T133/><D133/><N who="1" m="51307" /><E48/><V54/><F113/><N who="0" m="43626" /><D89/><U44/><E47/><V28/><F109/><W62/><G67/><N who="0" m="41471" /><D24/><U46/><E46/><V127/><F108/><W116/><G116/><T115/><D35/><U105/><E105/><V123/><F123/><W9/><G9/><T25/><D25/><U104/><E104/><V122/><F122/><W81/><G21/><T97/><D115/><U77/><E77/><V135/><F135/><W65/><G65/><T1/><D1/><U31/><E44/><V53/><F127/><W36/><G36/><T29/><D29/><U120/><E120/><V50/><F95/><W130/><G130/><T57/><D57/><U103/><E103/><V87/><F73/><W68/><G68/><T5/><AGARI ba="0,0" hai="5,11,12,52,55,91,92,97" m="41471,43626" machi="5" ten="30,7900,0" yaku="15,1,52,2,54,1" doraHai="51" who="0" fromWho="0" sc="380,79,270,-39,216,-20,134,-20" /><INIT seed="6,0,0,5,3,77" ten="459,231,196,114" oya="2" hai0="106,127,11,68,22,59,54,114,119,26,76,24,133" hai1="19,6,111,32,29,90,82,21,5,98,94,14,66" hai2="31,107,89,131,27,104,118,28,20,92,7,49,110" hai3="15,45,128,126,85,48,30,55,122,100,99,64,101"/><V52/><F118/><W43/><G128/><T3/><D68/><U95/><E111/><V53/><F131/><W69/><G126/><T23/><D106/><U88/><E66/><V70/><F70/><W115/><G122/><T121/><D121/><U67/><E67/><V129/><F129/><W123/><G123/><T39/><D39/><U71/><E71/><V105/><F110/><W73/><G73/><T34/><D34/><U62/><E62/><V58/><F7/><W0/><G0/><T42/><D42/><U134/><E134/><V37/><F37/><W120/><G120/><T72/><D119/><U12/><E12/><V91/><F31/><W65/><G115/><T112/><D127/><U96/><E82/><V75/><F75/><W8/><G30/><T93/><D72/><U25/><AGARI ba="0,0" hai="5,6,14,19,21,25,29,32,88,90,94,95,96,98" machi="25" ten="30,4000,0" yaku="0,1,9,1,54,1" doraHai="77" who="1" fromWho="1" sc="459,-10,231,40,196,-20,114,-10" /><INIT seed="7,0,0,2,4,24" ten="449,271,176,104" oya="3" hai0="69,77,96,119,125,0,55,66,62,70,68,14,74" hai1="57,116,128,93,3,105,64,41,25,102,78,38,87" hai2="94,71,89,15,126,46,37,124,111,131,50,6,33" hai3="23,107,1,29,59,4,79,117,53,8,113,81,108"/><W133/><G113/><T110/><D0/><U51/><E93/><V120/><F111/><W27/><G27/><T56/><D110/><U58/><E57/><V127/><F131/><W115/><G133/><T5/><D119/><U80/><E87/><N who="2" m="52543" /><F120/><W35/><G108/><T75/><D125/><U39/><E51/><V130/><F130/><W67/><G117/><T132/><D132/><U19/><E19/><V30/><F71/><W83/><G107/><T100/><D77/><U84/><E64/><V118/><F37/><W18/><G115/><T73/><D14/><U99/><E41/><N who="2" m="24911" /><F118/><W82/><G67/><T32/><D5/><U7/><E7/><V123/><F123/><W48/><G79/><T52/><REACH who="0" step="1"/><D32/><REACH who="0" ten="439,271,176,104" step="2"/><U21/><E80/><V45/><F6/><W36/><G36/><T26/><D26/><U86/><E86/><V16/><F15/><W43/><G43/><T61/><D61/><U22/><E102/><V101/><F101/><W106/><G106/><AGARI ba="0,1" hai="52,55,56,62,66,68,69,70,73,74,75,96,100,106" machi="106" ten="50,3200,0" yaku="1,1,54,1,53,0" doraHai="24" doraHaiUra="121" who="0" fromWho="3" sc="439,42,271,0,176,0,104,-32" owari="481,58.1,271,7.1,176,-22.4,72,-42.8" /></mjloggm>