<mjloggm ver="2.3"><GO type="169" lobby="0"/><UN n0="%E4%B8%89%E5%8D%81%E7%94%BB%E7%94%9F" n1="%E3%81%93%E3%81%AB" n2="%6B%61%74%65%72%69%6E%61" n3="%4B%69%74%61%6D%75%72%61" dan="16,16,16,18" rate="2146.62,2162.30,2181.68,2283.24" sx="M,M,M,F"/><TAIKYOKU oya="0"/><INIT seed="0,0,0,1,4,69" ten="250,250,250,250" oya="0" hai0="59,10,79,25,70,42,107,30,104,72,67,132,95" hai1="74,20,122,114,99,135,1,116,19,111,78,45,24" hai2="71,80,39,117,110,129,92,40,50,101,61,35,38" hai3="33,60,75,26,123,118,73,12,109,83,13,65,44"/><T58/><D70/><U64/><E116/><V27/><F117/><W11/><G118/><T86/><D72/><U131/><E122/><V34/><F110/><W87/><G109/><T91/><D79/><U94/><E131/><V126/><F129/><W14/><G123/><T82/><D132/><U2/><E135/><V56/><F126/><W41/><G33/><T98/><D10/><U28/><E114/><V93/><F80/><W31/><G31/><T84/><D84/><U121/><E121/><V51/><F71/><W36/><G26/><T46/><D67/><U127/><E127/><V49/><F40/><W3/><G3/><T29/><D29/><U103/><E111/><V76/><F76/><W17/><G75/><T90/><D107/><U68/><E45/><V15/><F15/><W112/><G73/><T133/><D104/><U0/><E78/><V22/><F35/><W124/><G112/><T66/><D66/><U113/><E74/><V9/><F9/><W54/><G54/><T97/><D97/><U63/><E113/><V37/><F101/><W100/><G100/><T16/><D30/><U134/><E134/><V47/><F47/><W102/><G102/><T8/><D133/><U23/><REACH who="1" step="1"/><E2/><REACH who="1" ten="250,240,250,250" step="2"/><V43/><F43/><W115/><G115/><T96/><D42/><U6/><E6/><V128/><F128/><W77/><REACH who="3" step="1"/><G124/><REACH who="3" ten="250,240,250,240" step="2"/><T57/><D46/><U119/><E119/><V105/><F34/><W130/><G130/><T106/><D106/><U53/><E53/><N who="2" m="33935" /><F105/><W108/><G108/><T55/><D55/><U125/><E125/><V18/><AGARI ba="0,2" hai="18,22,27,37,38,39,49,50,51,92,93" m="33935" machi="18" ten="40,8000,1" yaku="5,1,52,3" doraHai="69" who="2" fromWho="2" sc="250,-40,240,-20,250,100,240,-20" /><INIT seed="1,0,0,2,4,68" ten="210,220,350,220" oya="1" hai0="18,58,110,66,2,31,3,26,84,43,12,91,113" hai1="13,114,6,97,103,25,42,49,33,83,27,105,126" hai2="125,51,4,7,41,22,73,112,34,47,53,45,92" hai3="107,129,80,119,37,117,56,15,35,87,124,0,19"/><U50/><E114/><V5/><F34/><W88/><G0/><T63/><D110/><U95/><E126/><V44/><F112/><W116/><G124/><T90/><D113/><U133/><E133/><V54/><F125/><W94/><G107/><T98/><D98/><U81/><E105/><V127/><F127/><W101/><G35/><T65/><D65/><U85/><E83/><V109/><F73/><W82/><G129/><T32/><D43/><U79/><E33/><V52/><F109/><W36/><G56/><T96/><D96/><U14/><E50/><V67/><F67/><W24/><G24/><T60/><D60/><U134/><E134/><V121/><F121/><W123/><G123/><T48/><D48/><U99/><E99/><V17/><REACH who="2" step="1"/><F92/><REACH who="2" ten="210,220,340,220" step="2"/><W106/><G106/><T46/><D32/><U29/><E29/><V77/><F77/><W21/><G101/><T135/><D31/><U102/><E102/><V30/><F30/><W38/><AGARI ba="0,1" hai="15,19,21,36,37,38,80,82,87,88,94,116,117,119" machi="38" ten="40,12000,2" yaku="0,1,12,1,52,3,54,1" doraHai="68" who="3" fromWho="3" sc="210,-30,220,-60,340,-30,220,130" /><INIT seed="2,0,0,0,2,133" ten="180,160,310,350" oya="2" hai0="38,114,2,95,63,55,26,12,103,115,112,99,25" hai1="113,77,49,57,17,43,116,105,51,109,100,30,32" hai2="132,107,0,68,120,44,87,91,102,9,81,13,111" hai3="28,79,11,8,62,92,90,74,37,1,64,89,119"/><V19/><F120/><W101/><G119/><T58/><D2/><U29/><E113/><V134/><F68/><W70/><G37/><T69/><D38/><U46/><E116/><V82/><F0/><W127/><G28/><T71/><D26/><U104/><E109/><V35/><F35/><W5/><G101/><T41/><D41/><U20/><E77/><V3/><F3/><W108/><G108/><T40/><D40/><U66/><E32/><V65/><F65/><W36/><G36/><T76/><D76/><U67/><E104/><V121/><F121/><W126/><G11/><T117/><D117/><U98/><E67/><V97/><F111/><W21/><G21/><T72/><D72/><U85/><E85/><V50/><REACH who="2" step="1"/><F82/><REACH who="2" ten="180,160,300,350" step="2"/><W42/><G70/><T96/><D71/><U124/><E66/><V122/><F122/><W123/><G123/><T130/><D69/><U128/><E128/><V61/><F61/><W80/><G62/><T27/><D130/><U18/><E51/><V31/><F31/><W7/><G64/><T45/><D114/><U15/><E30/><V10/><F10/><W129/><G8/><T73/><D115/><U125/><E29/><V131/><F131/><W135/><G1/><T83/><D112/><U39/><REACH who="1" step="1"/><E18/><REACH who="1" ten="180,150,300,350" step="2"/><V56/><F56/><W23/><G129/><T78/><D58/><U60/><E60/><V84/><F84/><W33/><G33/><T16/><D63/><U86/><E86/><V54/><AGARI ba="0,2" hai="9,13,19,44,50,54,81,87,91,97,102,107,132,134" machi="54" ten="30,12000,1" yaku="1,1,0,1,25,2,53,1" doraHai="133" doraHaiUra="6" who="2" fromWho="2" sc="180,-40,150,-40,300,140,350,-40" /><INIT seed="2,1,0,4,0,61" ten="140,110,440,310" oya="2" hai0="56,114,0,2,38,96,120,16,95,115,43,28,82" hai1="36,29,92,22,135,131,3,44,122,35,79,106,81" hai2="59,26,75,108,18,24,68,98,117,94,72,23,48" hai3="69,84,41,63,37,90,32,64,60,19,104,25,42"/><V88/><F117/><W132/><G132/><T71/><D120/><U20/><E106/><V126/><F68/><W87/><G104/><T107/><D107/><U51/><E135/><V52/><F126/><W53/><G37/><T101/><D71/><U40/><E131/><V97/><F108/><W86/><G90/><T130/><D130/><U111/><E111/><V80/><F98/><W11/><G11/><T93/><D28/><U66/><E122/><V100/><REACH who="2" step="1"/><F26/><REACH who="2" ten="140,110,430,310" step="2"/><W116/><G116/><T105/><D115/><U58/><E35/><V33/><F33/><W110/><G110/><T118/><D114/><U113/><E113/><V67/><F67/><W8/><G32/><T12/><D118/><U57/><E66/><V15/><F15/><W4/><G25/><T127/><D127/><U89/><E3/><V112/><F112/><W34/><G34/><T21/><D2/><U10/><E29/><V91/><F91/><W76/><G69/><T46/><D0/><U128/><E89/><V9/><F9/><W17/><G8/><T1/><D1/><U123/><E10/><V129/><F129/><W121/><G121/><T102/><D102/><U134/><E128/><V49/><F49/><W31/><G31/><T85/><D56/><N who="1" m="21611" /><E123/><V6/><F6/><W99/><G4/><T14/><D12/><U124/><E124/><V77/><F77/><AGARI ba="1,1" hai="14,16,21,38,43,46,77,82,85,93,95,96,101,105" machi="77" ten="30,2000,0" yaku="7,1,54,1" doraHai="61" who="0" fromWho="2" sc="140,33,110,0,430,-23,310,0" /><INIT seed="3,0,0,2,1,119" ten="173,110,407,310" oya="3" hai0="118,47,98,8,51,95,26,2,48,9,130,103,91" hai1="22,112,62,87,121,114,111,86,101,124,60,97,67" hai2="18,50,120,10,61,93,37,108,104,75,110,105,6" hai3="68,32,126,54,100,84,74,88,102,17,11,89,69"/><W73/><G32/><T23/><D118/><U127/><E22/><V64/><F37/><W45/><G126/><N who="1" m="48170" /><E62/><V77/><F50/><N who="3" m="29007" /><G74/><T135/><D130/><U96/><E111/><N who="2" m="42539" /><F93/><N who="3" m="54407" /><G73/><T5/><D135/><U35/><E35/><V90/><F90/><W72/><G72/><T27/><D9/><U13/><E13/><V42/><F18/><W14/><G69/><T31/><D27/><U78/><E60/><V107/><F42/><W82/><G68/><T76/><D76/><U49/><E49/><V113/><F113/><N who="1" m="43625" /><E67/><V53/><F53/><W25/><G25/><T122/><D51/><U28/><E28/><V109/><F109/><W57/><G57/><T24/><D24/><U58/><E58/><V83/><F61/><W133/><G133/><T39/><D39/><U16/><E78/><V29/><F64/><W43/><G43/><T134/><D134/><U117/><E117/><V56/><F56/><W55/><G55/><T41/><D41/><U116/><E116/><V15/><F29/><W44/><G44/><T71/><D71/><U38/><E38/><V12/><F12/><W40/><G40/><T92/><D47/><U20/><E121/><AGARI ba="0,0" hai="6,10,15,75,77,83,104,105,107,120,121" m="42539" machi="121" ten="40,5200,0" yaku="14,1,52,2" doraHai="119" who="2" fromWho="1" sc="173,0,110,-52,407,52,310,0" /><INIT seed="4,0,0,2,1,101" ten="173,58,459,310" oya="0" hai0="56,129,74,63,43,122,75,49,9,0,102,93,106" hai1="108,81,1,54,99,3,42,103,124,50,44,126,94" hai2="2,59,62,55,4,61,77,90,118,66,135,38,132" hai3="82,86,17,33,65,127,52,36,98,6,100,84,95"/><T53/><D122/><U23/><E108/><V119/><F77/><W14/><G36/><T22/><D129/><U115/><E115/><V133/><F90/><W57/><G33/><T58/><D93/><U80/><E23/><V68/><F4/><W114/><G114/><T72/><D22/><U88/><E42/><V117/><F2/><W29/><G127/><T51/><D43/><U26/><E26/><V73/><F73/><W87/><G65/><T24/><D24/><U97/><E3/><V92/><F92/><W41/><G6/><T45/><D45/><U13/><E13/><V134/><F134/><W7/><G7/><T21/><D0/><U25/><E25/><V64/><F38/><W83/><G29/><T79/><D9/><U109/><E109/><V46/><F46/><W121/><G121/><T40/><D21/><U112/><E112/><V47/><F47/><W48/><REACH who="3" step="1"/><G41/><REACH who="3" ten="173,58,459,300" step="2"/><T39/><D39/><U20/><E1/><V116/><F116/><W8/><AGARI ba="0,1" hai="8,14,17,48,52,57,82,83,84,86,87,95,98,100" machi="8" ten="30,12000,2" yaku="1,1,2,1,0,1,8,1,54,1,53,2" doraHai="101" doraHaiUra="76" who="3" fromWho="3" sc="173,-60,58,-30,459,-30,300,130" /><INIT seed="5,0,0,3,3,22" ten="113,28,429,430" oya="1" hai0="120,131,7,119,11,127,134,57,19,121,49,112,61" hai1="2,26,51,4,82,124,64,21,89,24,0,45,71" hai2="46,8,67,25,37,95,15,105,16,125,70,63,48" hai3="110,74,36,101,100,18,72,75,114,13,96,50,122"/><U44/><E124/><V6/><F105/><W62/><G122/><N who="0" m="47211" /><D119/><U66/><E71/><V39/><F125/><W84/><G110/><T92/><D127/><U60/><E60/><V123/><F123/><W118/><G36/><T38/><D38/><U47/><E51/><V91/><F6/><W55/><G118/><T43/><D112/><U77/><E89/><V3/><F3/><W97/><G114/><T33/><D33/><U80/><E4/><V135/><F25/><N who="1" m="9833" /><E21/><V79/><F79/><W1/><G1/><N who="1" m="618" /><E77/><V130/><F130/><W42/><G62/><T81/><D131/><U109/><E109/><V132/><F39/><W98/><G50/><T14/><D7/><U133/><E133/><V113/><F37/><W85/><G98/><T83/><D134/><U17/><E17/><V128/><F113/><W31/><G18/><T87/><D49/><U104/><E104/><V10/><F10/><W99/><G99/><T20/><D20/><U93/><E93/><V115/><F115/><W52/><G97/><T32/><D32/><U86/><E86/><V108/><F108/><W107/><G85/><T27/><D27/><U76/><E76/><V78/><F78/><W41/><G84/><T69/><D69/><U88/><E88/><V28/><F128/><W116/><G96/><T12/><D92/><U73/><E73/><V34/><F95/><W35/><G75/><T40/><D87/><U53/><E53/><N who="2" m="29847" /><F91/><W103/><G107/><T90/><D90/><U58/><E58/><V102/><F34/><W54/><G74/><T94/><D94/><U9/><E9/><RYUUKYOKU ba="0,0" sc="113,-10,28,30,429,-10,430,-10" hai1="44,45,47,64,66,80,82" /><INIT seed="5,1,0,0,2,54" ten="103,58,419,420" oya="1" hai0="2,1,66,9,20,29,99,57,77,86,82,52,67" hai1="106,37,49,30,7,11,23,119,132,122,26,109,31" hai2="60,104,34,91,48,110,121,3,113,78,102,130,126" hai3="98,80,101,42,76,5,36,88,127,62,103,46,134"/><U135/><E106/><V64/><F121/><W14/><G134/><N who="1" m="51242" /><E37/><V133/><F133/><W56/><G127/><T128/><D128/><U43/><E122/><V40/><F110/><W125/><G125/><T13/><D99/><U111/><E43/><V32/><F126/><W74/><G5/><N who="0" m="3247" /><D2/><N who="1" m="503" /><E49/><V112/><F3/><W38/><G38/><T108/><D1/><U87/><E87/><V28/><F130/><W45/><G45/><T22/><D108/><N who="1" m="41547" /><E119/><V72/><F48/><W35/><G98/><T25/><D22/><U73/><E73/><V71/><F40/><W117/><G74/><T114/><D114/><U97/><E97/><N who="2" m="61519" /><F91/><W75/><G88/><T92/><D92/><U96/><E96/><V120/><F120/><W107/><G42/><T94/><D94/><U39/><E39/><V84/><F84/><W124/><G36/><T51/><AGARI ba="1,0" hai="20,25,29,51,52,57,66,67,77,82,86" m="3247" machi="51" ten="30,4000,0" yaku="8,1,52,1,54,1" doraHai="54" who="0" fromWho="0" sc="103,43,58,-21,419,-11,420,-11" /><INIT seed="6,0,0,4,4,83" ten="146,37,408,409" oya="2" hai0="0,123,102,82,17,2,96,66,68,90,31,50,45" hai1="99,35,54,1,94,32,85,39,41,79,103,11,33" hai2="52,100,69,88,60,40,76,134,34,124,75,61,112" hai3="122,98,23,22,62,104,111,53,71,64,4,29,107"/><V105/><F34/><W93/><G111/><T118/><D123/><U59/><E41/><V58/><F112/><W43/><G122/><T24/><D17/><U125/><E39/><V120/><F120/><W70/><G70/><T95/><D118/><U116/><E116/><V3/><F3/><W9/><G43/><T91/><D68/><U117/><E117/><V27/><F134/><W7/><G53/><T48/><D66/><U16/><E125/><V25/><F124/><W89/><G4/><T44/><D2/><U72/><E72/><V74/><F40/><W97/><G97/><T65/><D65/><U110/><E110/><V132/><F132/><W67/><G67/><T14/><D14/><U81/><E1/><V12/><F12/><W56/><G71/><T46/><D0/><U108/><E108/><V5/><F5/><W77/><G77/><T114/><D114/><U109/><E109/><V133/><F133/><W121/><G121/><T87/><REACH who="0" step="1"/><D102/><REACH who="0" ten="136,37,408,409" step="2"/><U115/><E115/><V8/><F100/><W106/><G64/><T18/><D18/><U92/><E11/><V10/><F10/><W80/><G9/><T21/><AGARI ba="0,1" hai="21,24,31,44,45,46,48,50,82,87,90,91,95,96" machi="21" ten="30,8000,1" yaku="1,1,0,1,8,1,52,1,53,1" doraHai="83" doraHaiUra="26" who="0" fromWho="0" sc="136,90,37,-20,408,-40,409,-20" /><INIT seed="7,0,0,0,1,49" ten="226,17,368,389" oya="3" hai0="92,129,41,14,55,132,13,46,77,63,120,119,128" hai1="43,0,112,23,79,68,32,57,37,123,71,33,103" hai2="48,91,85,20,86,58,118,45,93,40,52,26,30" hai3="98,17,25,134,28,82,2,73,53,107,121,60,106"/><W59/><G121/><T10/><D120/><U114/><E103/><V38/><F118/><W22/><G2/><T56/><D119/><U42/><E79/><V76/><F76/><W88/><G134/><T133/><D77/><U113/><E23/><V67/><F67/><W83/><G73/><T126/><D92/><U61/><E123/><V7/><F7/><W54/><G28/><T102/><D102/><U24/><E0/><V36/><F36/><W95/><G54/><N who="0" m="34199" /><D13/><U16/><E37/><V72/><F72/><W74/><G74/><T130/><D14/><U75/><E75/><V5/><F5/><W125/><G125/><T99/><D99/><AGARI ba="0,0" hai="20,26,30,38,40,45,48,52,58,85,86,91,93,99" machi="99" ten="30,3900,0" yaku="7,1,52,1,54,1" doraHai="49" who="2" fromWho="0" sc="226,-39,17,0,368,39,389,0" owari="187,-21.3,17,-48.3,407,50.7,389,18.9" /></mjloggm>