<mjloggm ver="2.3"><GO type="225" lobby="0"/><UN n0="%E3%81%BF%E3%81%BF%E3%81%9A" n1="%70%68%65%6E%6F%6D%65" n2="%E3%83%96%E3%83%83%E3%83%91%E3%82%AA%E3%83%96%E3%83%81%E3%82%AD%E3%83%B3" n3="%E3%81%8B%E3%82%8F%E3%81%A1%E3%82%83%E3%82%93%35%38" dan="17,16,16,16" rate="2256.08,2183.89,2134.74,2133.64" sx="M,M,M,M"/><TAIKYOKU oya="0"/><INIT seed="0,0,0,4,1,102" ten="250,250,250,250" oya="0" hai0="109,115,81,15,96,40,131,130,18,36,73,80,13" hai1="21,117,84,133,107,86,83,44,134,89,7,49,2" hai2="32,65,113,112,29,57,39,99,122,132,22,123,42" hai3="85,66,34,0,28,46,93,11,33,75,37,30,128"/><T74/><D115/><N who="2" m="44106" /><F32/><W126/><G75/><N who="0" m="28683" /><D40/><U120/><E117/><V10/><F10/><W70/><G66/><T31/><D36/><U77/><E107/><V23/><F29/><W9/><G37/><T3/><D3/><U5/><E120/><N who="2" m="46123" /><F99/><W48/><G0/><T106/><D31/><U103/><E103/><V62/><F23/><W72/><G30/><T124/><D124/><U111/><E111/><V76/><F76/><W68/><G28/><T26/><D26/><U19/><E2/><V127/><F22/><W51/><G126/><T121/><D121/><U114/><E114/><V59/><F127/><W56/><G9/><T4/><D4/><U8/><E86/><V47/><F132/><N who="1" m="50793" /><E89/><V43/><F43/><W104/><G34/><T101/><D13/><N who="1" m="9455" /><E8/><V45/><F45/><W92/><G11/><N who="0" m="6527" /><D109/><U27/><E27/><V54/><F54/><AGARI ba="0,0" hai="5,7,44,49,54,77,83,84" m="9455,50793" machi="54" ten="30,1000,0" yaku="20,1" doraHai="102" who="1" fromWho="2" sc="250,0,250,10,250,-10,250,0" /><INIT seed="1,0,0,5,0,134" ten="250,260,240,250" oya="1" hai0="75,131,120,63,87,69,61,40,130,77,109,74,4" hai1="119,84,114,125,76,23,22,62,83,86,72,25,54" hai2="100,113,48,39,19,101,98,95,59,65,20,51,55" hai3="53,127,79,35,49,1,81,11,37,47,12,44,93"/><U57/><E114/><V3/><F113/><W70/><G70/><T31/><D40/><U89/><E119/><V116/><F116/><W133/><G133/><T117/><D117/><U10/><E125/><V14/><F39/><W107/><G107/><T126/><D109/><U6/><E25/><V111/><F111/><W68/><G68/><T24/><D4/><U30/><E30/><V56/><F3/><W78/><G35/><T33/><D120/><U96/><E96/><V45/><F65/><W9/><G1/><T50/><D50/><U99/><E99/><V52/><REACH who="2" step="1"/><F45/><REACH who="2" ten="250,260,230,250" step="2"/><W58/><G47/><T112/><D112/><U124/><E124/><V27/><F27/><W135/><G127/><T132/><D126/><U85/><REACH who="1" step="1"/><E89/><AGARI ba="0,1" hai="14,19,20,48,51,52,55,56,59,89,95,98,100,101" machi="89" ten="30,8000,1" yaku="1,1,7,1,9,1,8,1,54,1,53,0" doraHai="134" doraHaiUra="36" who="2" fromWho="1" sc="250,0,260,-80,230,90,250,0" /><INIT seed="2,0,0,4,4,16" ten="250,180,320,250" oya="2" hai0="70,67,93,96,48,125,7,72,43,123,108,45,89" hai1="55,65,124,129,63,128,122,2,35,115,46,33,133" hai2="53,135,68,97,1,132,134,56,11,77,12,119,38" hai3="51,64,44,23,86,84,126,94,106,36,120,92,88"/><V110/><F119/><W76/><G120/><T13/><D123/><U5/><E2/><V79/><F38/><W19/><G106/><T75/><D108/><U0/><E0/><V18/><F68/><W131/><G131/><N who="1" m="50250" /><E5/><V102/><F1/><W104/><G104/><T28/><D125/><U107/><E107/><V15/><F110/><W111/><G111/><T58/><D28/><U42/><E122/><V91/><F91/><W73/><G126/><T4/><D70/><N who="1" m="42303" /><E33/><V8/><F97/><W98/><G36/><T82/><D75/><U49/><E35/><V27/><F27/><W109/><G109/><T57/><D72/><U34/><E34/><V66/><F66/><W130/><G130/><T99/><D67/><U117/><E124/><V71/><F102/><W21/><G64/><T20/><D99/><U17/><E17/><V39/><F39/><W121/><G121/><T74/><D74/><U83/><E83/><V26/><F26/><W69/><G19/><N who="0" m="10351" /><D82/><U114/><E117/><V78/><F71/><W30/><G30/><T54/><D58/><N who="1" m="33135" /><E133/><V81/><F81/><N who="3" m="47143" /><G73/><T85/><D96/><U32/><E32/><V61/><REACH who="2" step="1"/><F15/><REACH who="2" ten="250,180,310,250" step="2"/><W52/><G69/><T9/><D9/><AGARI ba="0,1" hai="8,9,11,12,18,53,56,61,77,78,79,132,134,135" machi="9" ten="50,9600,0" yaku="1,1,2,1,20,1,53,0" doraHai="16" doraHaiUra="90" who="2" fromWho="0" sc="250,-96,180,0,310,106,250,0" /><INIT seed="2,1,0,4,1,120" ten="154,180,416,250" oya="2" hai0="31,64,96,53,14,61,123,3,1,135,63,72,58" hai1="66,13,57,108,59,100,88,25,118,117,110,2,126" hai2="89,92,6,54,86,121,33,11,18,55,10,5,112" hai3="41,28,26,68,21,94,122,27,81,0,23,79,22"/><V15/><F112/><W12/><G122/><T29/><D123/><U60/><E2/><V19/><F121/><W83/><G68/><T45/><D72/><U102/><E126/><V71/><F71/><W104/><G104/><T101/><D135/><U75/><E75/><V125/><F33/><W35/><G0/><T103/><D1/><U84/><E25/><V62/><F125/><W52/><G41/><T106/><D3/><U49/><E13/><V97/><F62/><W16/><G81/><T105/><D14/><U119/><E49/><V34/><F34/><W95/><G52/><N who="2" m="20009" /><F18/><W134/><G134/><T20/><D20/><U109/><E59/><V24/><F24/><W77/><G35/><T69/><REACH who="0" step="1"/><D45/><REACH who="0" ten="144,180,416,250" step="2"/><U113/><E113/><V127/><F127/><W82/><G12/><T111/><D111/><U128/><E128/><V48/><F11/><W17/><G23/><T98/><AGARI ba="1,1" hai="29,31,53,58,61,63,64,69,96,98,101,103,105,106" machi="98" ten="30,4000,0" yaku="1,1,0,1,9,1,53,0" doraHai="120" doraHaiUra="80" who="0" fromWho="0" sc="144,53,180,-11,416,-21,250,-11" /><INIT seed="3,0,0,1,1,51" ten="197,169,395,239" oya="3" hai0="116,82,131,28,21,24,124,97,60,135,7,23,64" hai1="38,109,88,100,53,43,103,127,57,68,90,11,71" hai2="47,40,10,20,75,132,16,52,45,126,121,120,58" hai3="17,62,92,76,80,65,104,117,5,79,93,59,33"/><W50/><G104/><T48/><D116/><U125/><E109/><V37/><F75/><W130/><G117/><T49/><D124/><N who="1" m="47691" /><E43/><V27/><F126/><W34/><G5/><T8/><D131/><U54/><E38/><V89/><F132/><W123/><G123/><N who="2" m="47177" /><F89/><N who="1" m="34409" /><E11/><V113/><F113/><W18/><G130/><T85/><D135/><U4/><E4/><V111/><F111/><W95/><G50/><T101/><D21/><U70/><E57/><V63/><F10/><W78/><G80/><T115/><D115/><U25/><E25/><V128/><F128/><W42/><G42/><T9/><D9/><U22/><E22/><V134/><F134/><W83/><G83/><T41/><D41/><U6/><E6/><V112/><F112/><W74/><G74/><T72/><D72/><U87/><E87/><V61/><F47/><W15/><G15/><N who="0" m="5535" /><D85/><U55/><AGARI ba="0,0" hai="53,54,55,68,70,71,100,103" m="34409,47691" machi="55" ten="40,12000,2" yaku="28,2,18,1,52,3,54,1" doraHai="51" who="1" fromWho="1" sc="197,-30,169,120,395,-30,239,-60" owari="167,-33.3,289,8.9,365,46.5,179,-22.1" /></mjloggm>