<mjloggm ver="2.3"><GO type="169" lobby="0"/><UN n0="%E6%99%82%E8%A8%88%E5%9D%82%E9%9B%B6" n1="%E3%81%A1%E3%82%83%E3%82%8B%E3%82%81%E3%82%89" n2="%70%6F%6E%2D%65%6E" n3="%E3%81%97%E3%82%87%E3%81%BC%E3%82%93%EF%BD%8E" dan="16,17,16,17" rate="2157.08,2180.44,2180.39,2243.51" sx="M,M,F,M"/><TAIKYOKU oya="0"/><INIT seed="0,0,0,5,1,13" ten="250,250,250,250" oya="0" hai0="76,47,118,12,88,119,134,132,121,135,133,96,67" hai1="0,102,98,66,77,4,36,39,106,41,80,1,105" hai2="65,70,129,120,52,49,56,73,3,125,6,93,46" hai3="45,104,38,103,8,32,123,24,22,116,33,94,83"/><T78/><N who="0" m="33792" /><DORA hai="59" /><T90/><D121/><U16/><E106/><V92/><F120/><W27/><G104/><T31/><D31/><U14/><E66/><V115/><F115/><W58/><G27/><T64/><D47/><U99/><E99/><V50/><F129/><W2/><G24/><T79/><D12/><U29/><E29/><V11/><F125/><W89/><G58/><T61/><D96/><U82/><E82/><V37/><F73/><W85/><G83/><T30/><D30/><U53/><E53/><V69/><F69/><W7/><G32/><T91/><REACH who="0" step="1"/><D61/><REACH who="0" ten="240,250,250,250" step="2"/><U5/><E1/><V10/><F10/><W81/><G45/><T68/><D68/><U63/><E63/><N who="2" m="40255" /><F50/><W84/><G8/><T42/><D42/><AGARI ba="0,1" hai="3,6,11,37,42,46,49,52,56,92,93" m="40255" machi="42" ten="30,3900,0" yaku="24,1,52,1,54,1" doraHai="13,59" who="2" fromWho="0" sc="240,-39,250,0,250,49,250,0" /><INIT seed="1,0,0,4,2,23" ten="201,250,299,250" oya="1" hai0="97,66,4,104,44,8,56,59,94,46,86,48,54" hai1="119,24,96,103,80,10,53,34,12,0,90,1,106" hai2="134,98,81,108,75,124,37,3,41,99,51,100,57" hai3="30,101,25,123,88,71,83,63,122,35,11,110,15"/><U47/><E119/><V116/><F116/><W118/><G110/><T50/><D104/><U117/><E117/><V14/><F3/><W105/><G118/><T28/><D86/><U39/><E80/><V26/><F108/><W52/><G101/><T31/><D66/><U36/><E90/><V129/><F129/><W58/><G105/><T9/><D31/><U68/><E68/><V67/><F134/><W84/><REACH who="3" step="1"/><G71/><REACH who="3" ten="201,250,299,240" step="2"/><T65/><D65/><U70/><E70/><V32/><F100/><W7/><AGARI ba="0,1" hai="7,11,15,25,30,35,52,58,63,83,84,88,122,123" machi="7" ten="20,16000,3" yaku="1,1,2,1,0,1,7,1,52,1,54,2,53,1" doraHai="23" doraHaiUra="6" who="3" fromWho="3" sc="201,-40,250,-80,299,-40,240,170" /><INIT seed="2,0,0,5,2,102" ten="161,170,259,410" oya="2" hai0="62,35,12,104,27,24,38,13,57,31,37,29,89" hai1="21,103,106,131,52,84,113,75,79,61,20,115,58" hai2="110,122,119,121,91,90,87,117,68,96,36,66,64" hai3="86,44,8,60,123,70,97,111,10,99,16,118,41"/><V6/><F6/><W14/><G118/><N who="2" m="45065" /><F68/><W11/><G111/><T101/><D89/><N who="2" m="33802" /><F36/><W53/><G123/><N who="2" m="47113" /><F96/><W120/><G120/><T9/><D38/><U109/><E109/><V50/><F50/><N who="3" m="26895" /><G70/><T127/><D37/><U26/><E21/><V126/><F87/><W108/><G108/><T77/><D29/><U76/><E84/><V85/><F85/><W42/><G42/><T95/><D31/><U98/><E131/><V18/><F110/><W128/><G128/><T105/><D27/><U40/><E40/><V94/><F18/><W5/><G86/><T65/><D24/><U82/><REACH who="1" step="1"/><E76/><REACH who="1" ten="161,160,259,410" step="2"/><V134/><F126/><W114/><G10/><T46/><D9/><U51/><E51/><V67/><F134/><W93/><G11/><T69/><D127/><U116/><E116/><V54/><F94/><W107/><G93/><T48/><D95/><U39/><E39/><V25/><F25/><W130/><G8/><T7/><D48/><U1/><E1/><V17/><F17/><AGARI ba="0,1" hai="17,20,26,52,58,61,75,79,82,98,103,106,113,115" machi="17" ten="30,7700,0" yaku="1,1,7,1,52,1,54,1,53,0" doraHai="102" doraHaiUra="125" who="1" fromWho="2" sc="161,0,160,87,259,-77,410,0" /><INIT seed="3,0,0,0,4,127" ten="161,247,182,410" oya="3" hai0="123,30,117,132,49,93,102,77,7,24,40,61,119" hai1="57,90,4,37,104,25,22,36,68,0,124,98,54" hai2="14,112,66,86,76,84,1,51,80,9,32,129,50" hai3="107,43,62,58,45,73,134,87,72,59,11,52,41"/><W133/><G107/><T19/><D123/><U120/><E124/><V130/><F112/><W75/><G45/><T48/><D132/><N who="3" m="50793" /><G11/><T28/><D7/><U31/><E120/><V38/><F38/><W18/><G18/><T27/><D77/><U46/><E68/><V126/><F126/><W105/><G105/><T118/><D61/><U83/><E4/><N who="2" m="3367" /><F1/><W39/><G39/><T33/><D19/><U26/><E0/><V63/><F32/><W121/><G121/><T122/><D122/><U94/><E104/><V69/><F86/><W110/><G110/><T17/><D17/><U106/><E106/><V135/><F135/><W34/><G34/><T5/><D5/><U56/><E56/><V29/><F29/><W128/><G87/><T85/><D40/><N who="3" m="15433" /><G59/><T42/><D42/><U111/><E46/><V60/><F60/><W16/><G16/><T101/><D85/><U47/><E47/><V91/><F76/><W55/><G55/><T10/><D10/><U113/><E111/><V64/><F64/><W92/><G92/><T78/><D78/><U81/><E113/><V70/><F70/><W71/><G71/><T79/><D79/><U99/><E37/><V116/><F116/><W35/><G35/><T103/><D33/><U20/><E36/><V44/><F44/><W97/><G97/><T53/><D93/><U131/><E99/><V109/><F109/><W100/><G100/><T65/><D65/><U74/><E98/><V115/><F115/><W89/><G89/><T96/><D96/><U67/><E31/><N who="0" m="11817" /><D53/><U95/><E54/><V23/><F23/><RYUUKYOKU ba="0,0" sc="161,10,247,-30,182,10,410,10" hai0="24,27,48,49,101,102,103,117,118,119" hai2="50,51,63,66,69,80,84,91,129,130" hai3="52,58,62,72,73,75,128" /><INIT seed="3,1,0,3,5,126" ten="171,217,192,420" oya="3" hai0="12,72,97,80,47,71,63,28,110,11,18,34,124" hai1="50,116,1,32,67,92,40,3,35,58,106,70,73" hai2="17,39,55,49,57,105,48,60,14,0,85,6,102" hai3="115,129,100,125,30,84,20,38,41,15,89,78,117"/><W66/><G115/><T82/><D110/><U91/><E106/><V13/><F39/><W130/><G117/><T27/><D124/><U81/><E116/><V128/><F128/><N who="3" m="49259" /><G125/><T122/><D122/><U25/><E70/><V113/><F113/><W121/><G121/><T98/><D47/><U111/><E111/><V68/><F105/><W16/><G100/><T118/><D118/><U45/><E67/><V76/><F68/><W69/><G78/><T33/><D33/><U53/><E73/><V21/><F0/><W109/><G109/><T44/><D72/><U135/><E81/><N who="2" m="47271" /><F102/><W74/><G74/><T104/><D80/><U108/><E135/><V22/><F6/><W52/><G52/><T79/><D82/><U19/><E108/><V5/><F22/><W95/><G30/><T101/><D28/><U107/><E107/><V75/><F75/><W127/><G127/><T99/><D104/><U119/><E119/><V62/><F62/><N who="3" m="40151" /><G38/><T96/><D101/><U7/><E35/><V37/><F37/><W23/><G41/><T131/><D131/><U46/><E53/><V54/><F55/><W120/><G120/><T65/><D63/><U87/><E40/><V90/><F90/><W42/><G42/><T10/><D79/><U88/><E91/><V134/><F134/><W77/><G77/><T93/><D65/><U51/><E88/><V24/><F60/><W56/><G56/><T8/><D71/><U36/><E58/><V112/><F112/><W83/><G83/><T31/><D31/><U132/><E36/><V86/><F54/><W4/><G4/><RYUUKYOKU ba="1,0" sc="171,-10,217,-10,192,-10,420,30" hai3="15,16,20,23,84,89,95" /><INIT seed="3,2,0,0,2,65" ten="161,207,182,450" oya="3" hai0="105,89,63,38,4,98,117,128,58,84,8,48,95" hai1="87,127,62,103,46,90,130,91,34,28,79,124,93" hai2="22,1,80,20,3,125,41,42,73,26,24,55,122" hai3="115,97,7,14,11,75,17,16,135,104,54,67,131"/><W30/><G115/><T59/><D38/><U32/><E130/><V134/><F80/><W9/><G75/><T64/><D128/><U53/><E79/><V72/><F125/><N who="1" m="48201" /><E103/><V113/><F134/><W27/><G131/><T40/><D117/><U119/><E119/><V13/><F13/><W12/><G135/><T71/><D40/><U57/><E28/><V106/><F106/><W68/><G54/><T43/><D43/><U133/><E133/><V39/><F55/><W15/><G97/><T86/><D48/><N who="1" m="28823" /><E91/><V85/><F85/><W107/><G67/><AGARI ba="2,0" hai="32,34,57,62,67,87,90,93" m="28823,48201" machi="67" ten="30,1000,0" yaku="18,1" doraHai="65" who="1" fromWho="3" sc="161,0,207,16,182,0,450,-16" /><INIT seed="4,0,0,4,4,119" ten="161,223,182,434" oya="0" hai0="63,11,0,85,84,122,112,123,48,7,75,113,114" hai1="67,103,32,16,96,81,3,66,15,38,130,105,124" hai2="23,19,71,100,64,54,111,50,69,47,57,62,45" hai3="2,104,126,128,98,12,46,6,21,33,49,127,91"/><T5/><D75/><U95/><E124/><N who="3" m="47658" /><G33/><T65/><D48/><U99/><E130/><V35/><F35/><W78/><G78/><T102/><D102/><U22/><E38/><V28/><F28/><W44/><G2/><T132/><D5/><U53/><E3/><V108/><F100/><N who="3" m="62487" /><G128/><T109/><D109/><U31/><E81/><V52/><F71/><W1/><G91/><T83/><D132/><U56/><E32/><V115/><F115/><W82/><G82/><T14/><D0/><U129/><E31/><V131/><F131/><W117/><G117/><T60/><D60/><U133/><E133/><V18/><F18/><N who="3" m="10439" /><G49/><T92/><D92/><U26/><E129/><V25/><REACH who="2" step="1"/><F54/><REACH who="2" ten="161,223,172,434" step="2"/><W9/><AGARI ba="0,1" hai="1,6,9,44,46" m="10439,62487,47658" machi="9" ten="30,1100,0" yaku="18,1" doraHai="119" who="3" fromWho="3" sc="161,-5,223,-3,172,-3,434,21" /><INIT seed="5,0,0,1,2,31" ten="156,220,169,455" oya="1" hai0="3,130,47,17,87,85,21,67,69,22,24,78,113" hai1="15,55,29,68,98,92,122,116,100,110,48,10,114" hai2="90,58,60,108,84,33,82,93,126,128,52,83,62" hai3="61,44,91,135,13,112,6,28,50,39,63,57,18"/><U129/><E114/><V81/><F108/><W124/><G135/><T131/><D3/><U59/><E110/><V120/><F120/><W96/><G124/><T30/><D113/><U32/><E122/><V40/><F126/><W37/><G6/><T9/><D9/><U134/><E116/><V36/><F128/><N who="0" m="49194" /><D78/><U0/><E129/><V38/><F40/><W5/><G5/><T86/><D47/><U118/><E118/><V117/><F117/><W49/><G28/><T99/><D99/><U107/><E0/><V25/><REACH who="2" step="1"/><F62/><REACH who="2" ten="156,220,159,455" step="2"/><W27/><G63/><N who="0" m="40191" /><D17/><U56/><E134/><V26/><F26/><W16/><G27/><T12/><D12/><U105/><E15/><V123/><F123/><W42/><G18/><T54/><D54/><U72/><E55/><V4/><F4/><W132/><G132/><T111/><D111/><U127/><E127/><V109/><F109/><W41/><G16/><T2/><D2/><U73/><E10/><V35/><F35/><AGARI ba="0,1" hai="21,22,24,30,35,85,86,87" m="40191,49194" machi="35" ten="30,2000,0" yaku="19,1,52,1" doraHai="31" who="0" fromWho="2" sc="156,30,220,0,159,-20,455,0" /><INIT seed="6,0,0,5,0,108" ten="186,220,139,455" oya="2" hai0="12,134,63,17,92,40,118,24,70,36,7,13,23" hai1="96,52,60,28,128,124,81,95,77,53,123,66,126" hai2="78,135,132,41,71,75,100,11,65,34,133,35,4" hai3="115,26,127,45,10,116,131,57,19,69,122,0,125"/><V47/><F100/><W38/><G115/><T8/><D134/><N who="2" m="34306" /><V22/><DORA hai="84" /><F22/><W110/><G110/><T80/><D118/><U112/><E112/><V129/><F129/><W114/><G114/><T43/><D36/><U55/><E128/><V59/><F59/><W90/><G122/><T25/><D80/><U14/><E28/><V99/><F99/><W86/><G69/><T120/><D120/><U33/><E33/><V102/><F102/><W29/><G116/><T20/><D70/><U31/><E31/><V64/><F64/><W39/><G57/><T119/><D119/><U32/><E32/><V87/><F87/><W130/><G86/><T37/><D37/><U106/><E106/><V83/><F65/><W72/><G29/><T5/><D63/><U97/><E97/><V117/><F117/><W18/><G72/><T76/><D76/><U121/><E121/><V48/><F71/><W85/><G85/><T88/><D7/><U103/><E123/><V98/><F98/><W91/><G45/><T82/><D82/><U58/><E81/><V15/><AGARI ba="0,0" hai="4,11,15,34,35,41,47,48,75,78,83" m="34306" machi="15" ten="40,2100,0" yaku="20,1" doraHai="108,84" who="2" fromWho="2" sc="186,-7,220,-7,139,21,455,-7" /><INIT seed="6,1,0,1,3,36" ten="179,213,160,448" oya="2" hai0="85,118,103,125,95,74,51,34,116,18,60,114,11" hai1="99,43,92,6,94,123,90,71,3,8,87,30,53" hai2="97,57,38,108,120,15,104,86,110,134,129,122,7" hai3="107,121,23,91,119,54,63,79,127,78,66,115,50"/><V9/><F129/><W32/><G32/><T111/><D34/><U4/><E71/><V0/><F134/><W44/><G107/><T80/><D111/><N who="2" m="42538" /><F38/><W100/><G100/><T1/><D114/><U31/><E123/><N who="2" m="47147" /><F86/><W88/><G115/><T19/><D125/><U65/><E65/><V42/><F42/><W14/><G127/><T72/><D60/><U37/><E53/><V52/><F97/><W117/><G121/><T27/><D72/><U81/><E6/><V98/><F98/><W82/><G117/><T126/><D74/><U68/><E68/><V96/><F96/><W24/><G119/><T12/><D126/><U62/><E62/><N who="2" m="36135" /><F104/><W93/><G63/><T106/><D106/><U77/><REACH who="1" step="1"/><E94/><REACH who="1" ten="179,203,160,448" step="2"/><V75/><F75/><W29/><G93/><T101/><D95/><U45/><AGARI ba="1,1" hai="3,4,8,30,31,37,43,45,77,81,87,90,92,99" machi="45" ten="30,8000,1" yaku="1,1,2,1,0,1,52,1,53,1" doraHai="36" doraHaiUra="73" who="1" fromWho="1" sc="179,-21,203,93,160,-41,448,-21" /><INIT seed="7,0,0,5,2,11" ten="158,296,119,427" oya="3" hai0="7,42,14,104,130,41,63,29,135,99,10,129,46" hai1="121,69,76,45,132,111,39,100,112,75,101,49,95" hai2="90,88,126,84,59,23,123,26,110,67,74,43,98" hai3="77,87,38,53,55,20,113,56,22,108,127,86,48"/><W68/><G68/><T94/><D104/><U19/><E111/><V37/><F74/><W50/><G38/><T116/><D116/><U8/><E39/><V40/><F110/><W73/><G113/><T51/><D135/><U30/><E69/><V13/><F126/><W27/><G73/><T119/><D119/><U89/><E132/><V114/><F114/><W0/><G0/><T21/><D63/><U34/><E121/><V64/><F123/><W17/><G77/><T80/><D80/><U107/><E107/><V61/><F37/><W83/><G83/><T12/><D42/><U71/><E71/><V2/><F2/><W5/><G5/><T65/><D65/><U97/><E76/><V54/><F67/><W91/><G91/><T6/><D29/><U103/><E34/><V4/><F64/><W44/><G127/><T15/><D21/><U118/><E118/><V81/><F98/><W60/><G60/><T115/><D115/><U124/><E75/><V109/><F90/><W125/><G125/><T78/><D78/><U36/><E36/><V120/><F109/><W32/><G32/><T106/><D106/><U24/><E30/><N who="2" m="17759" /><F120/><W128/><G108/><T57/><D57/><U33/><E33/><V18/><F4/><W134/><G56/><T82/><D82/><U96/><E103/><V3/><F3/><W62/><G62/><T79/><D79/><U133/><E101/><V31/><F31/><W9/><G134/><T66/><D66/><U122/><E133/><V28/><F28/><W93/><G93/><T117/><D117/><U25/><E124/><RYUUKYOKU ba="0,0" sc="158,-10,296,-10,119,30,427,-10" hai2="13,18,40,43,54,59,61,81,84,88" owari="148,-35.2,286,8.6,149,-25.1,417,51.7" /></mjloggm>