<mjloggm ver="2.3"><GO type="169" lobby="0"/><UN n0="%E6%B2%B3%E7%AB%A5%E3%81%AE%E3%83%AF%E3%82%AB%E3%83%9E%E3%83%84" n1="%E6%81%8B%E3%81%AE%E3%81%86%E3%81%9F" n2="%E5%BA%84%E5%8F%B8%E5%81%A5%E5%A4%AA%E6%9C%97" n3="%E2%97%8E%E3%82%88%E3%81%97%E2%97%8E" dan="17,17,16,17" rate="2197.95,2218.44,2045.69,2160.33" sx="M,M,M,M"/><TAIKYOKU oya="0"/><INIT seed="0,0,0,3,3,23" ten="250,250,250,250" oya="0" hai0="86,92,63,120,103,30,110,11,6,31,93,74,107" hai1="58,27,104,37,64,21,35,14,131,7,5,129,1" hai2="109,133,87,123,134,15,118,43,75,3,2,113,108" hai3="99,97,128,122,101,96,112,45,60,4,0,66,80"/><T16/><D120/><U135/><E104/><V44/><F75/><W61/><G112/><T41/><D74/><U54/><E64/><V68/><F87/><W13/><G128/><N who="1" m="49226" /><E37/><V55/><F15/><W71/><G0/><T38/><D63/><U105/><E105/><V59/><F3/><W42/><G122/><T117/><D86/><U83/><E83/><V24/><F2/><W89/><G61/><T111/><D107/><U67/><E67/><V19/><F19/><W85/><G13/><N who="0" m="7231" /><D6/><U10/><E58/><V20/><F123/><W49/><REACH who="3" step="1"/><G4/><REACH who="3" ten="250,250,250,240" step="2"/><T90/><D111/><N who="2" m="42570" /><F113/><W36/><G36/><T57/><D38/><U40/><E7/><V39/><F68/><W51/><G51/><T106/><D110/><U116/><E1/><V100/><F118/><W12/><G12/><T95/><D117/><U132/><E116/><V48/><F133/><W82/><G82/><T65/><D103/><AGARI ba="0,1" hai="42,45,49,60,66,71,80,85,89,96,97,99,101,103" machi="103" ten="40,1300,0" yaku="1,1,53,0" doraHai="23" doraHaiUra="22" who="3" fromWho="0" sc="250,-13,250,0,250,0,240,23" /><INIT seed="1,0,0,1,3,29" ten="237,250,250,263" oya="1" hai0="32,69,72,51,74,105,43,67,55,23,19,114,104" hai1="24,60,59,34,13,102,70,103,76,44,119,61,35" hai2="113,120,98,15,5,92,123,22,112,93,25,126,124" hai3="121,45,42,77,100,11,0,36,2,91,14,108,28"/><U107/><E119/><V66/><F66/><W7/><G121/><N who="2" m="46665" /><F98/><W9/><G108/><T40/><D114/><N who="2" m="44138" /><F93/><W52/><G100/><T18/><D23/><U62/><E70/><V38/><F92/><W4/><G28/><T21/><D21/><U73/><E24/><V127/><F38/><W106/><G106/><T115/><D115/><U82/><E59/><V88/><F88/><W130/><G130/><T135/><D51/><U80/><E13/><V30/><F15/><W27/><G27/><T1/><D67/><U58/><E58/><V64/><F64/><W6/><G91/><T39/><D39/><U75/><E44/><V99/><F99/><W110/><G110/><T122/><D122/><U71/><E71/><V3/><F5/><W116/><G116/><T101/><D101/><U50/><E50/><V56/><F56/><W84/><G14/><T86/><D69/><U125/><E60/><V134/><F3/><W131/><G131/><T33/><D1/><U26/><E26/><V129/><F134/><W20/><G6/><T133/><D86/><U85/><E85/><V111/><F111/><W87/><G77/><T17/><D17/><U95/><E76/><V65/><F65/><W16/><G52/><AGARI ba="0,0" hai="18,19,32,33,40,43,52,55,72,74,104,105,133,135" machi="52" ten="25,8000,1" yaku="22,2,52,2,54,1" doraHai="29" who="0" fromWho="3" sc="237,80,250,0,250,0,263,-80" /><INIT seed="2,0,0,3,2,90" ten="317,250,250,183" oya="2" hai0="124,30,115,9,10,13,108,47,18,78,133,81,34" hai1="96,95,116,20,75,92,12,134,3,8,54,5,102" hai2="135,65,129,28,120,131,7,60,1,76,73,83,17" hai3="53,128,119,105,44,59,79,46,45,100,123,58,98"/><V103/><F120/><W113/><G123/><T68/><D115/><U48/><E75/><V15/><F135/><W49/><G119/><T88/><D68/><U89/><E134/><V66/><F66/><W33/><G33/><T121/><D133/><U107/><E116/><V23/><F28/><W127/><G113/><T106/><D106/><U132/><E132/><V94/><F7/><W62/><G127/><T77/><D121/><U70/><E70/><V84/><F1/><W111/><G128/><T64/><D64/><U29/><E89/><V69/><REACH who="2" step="1"/><F73/><REACH who="2" ten="317,250,240,183" step="2"/><W19/><G19/><T82/><D30/><U125/><E125/><V80/><F80/><W38/><G38/><T24/><D81/><U21/><E3/><V93/><F93/><W97/><G105/><T42/><D82/><U117/><E117/><V31/><F31/><W25/><G79/><T0/><D18/><U74/><E74/><V71/><F71/><W52/><G111/><T39/><D39/><U51/><E29/><V16/><F16/><W55/><G25/><T40/><D24/><U57/><REACH who="1" step="1"/><E48/><REACH who="1" ten="317,240,240,183" step="2"/><V26/><F26/><W99/><REACH who="3" step="1"/><G100/><REACH who="3" ten="317,240,240,173" step="2"/><T112/><D124/><U27/><E27/><V85/><F85/><W122/><G122/><T109/><D112/><U4/><E4/><V37/><F37/><W118/><G118/><T56/><D108/><U67/><E67/><AGARI ba="0,3" hai="44,45,46,49,52,53,55,58,59,62,67,97,98,99" machi="67" ten="40,5200,0" yaku="1,1,8,1,54,1,53,0" doraHai="90" doraHaiUra="35" who="3" fromWho="1" sc="317,0,240,-52,240,0,173,82" /><INIT seed="3,0,0,3,5,86" ten="317,188,240,255" oya="3" hai0="132,48,28,91,43,21,0,66,12,56,116,4,106" hai1="49,100,20,7,41,35,5,33,115,72,124,26,120" hai2="85,126,105,103,104,25,22,23,24,19,55,30,39" hai3="36,34,119,75,58,134,65,63,6,87,127,128,98"/><W130/><G119/><T96/><D116/><U93/><E72/><V112/><F112/><W18/><G75/><T117/><D117/><U67/><E120/><V77/><F39/><W31/><G36/><T60/><D0/><U92/><E115/><V52/><F126/><W50/><G6/><T64/><D132/><U90/><E67/><V16/><F30/><W118/><G118/><T113/><D113/><U110/><E110/><V2/><F2/><W3/><G3/><T125/><D125/><U82/><E35/><V109/><F109/><W69/><G127/><T15/><D64/><U51/><E33/><V80/><F103/><W78/><G134/><T14/><D106/><AGARI ba="0,0" hai="16,19,22,23,24,25,52,55,77,80,85,104,105,106" machi="106" ten="40,5200,0" yaku="9,1,54,2" doraHai="86" who="2" fromWho="0" sc="317,-52,188,0,240,52,255,0" /><INIT seed="4,0,0,4,2,96" ten="265,188,292,255" oya="0" hai0="15,129,13,12,60,76,108,53,132,57,83,104,109" hai1="125,128,89,61,41,28,67,116,86,44,101,32,30" hai2="59,130,98,18,42,48,88,72,111,19,100,27,11" hai3="107,120,123,37,69,0,66,1,103,134,50,84,21"/><T135/><D104/><U78/><E116/><V115/><F111/><N who="0" m="42570" /><D129/><U133/><E128/><V52/><F72/><AGARI ba="0,0" hai="12,13,15,53,57,60,72,76,83,132,135" m="42570" machi="72" ten="30,1500,0" yaku="10,1" doraHai="96" who="0" fromWho="2" sc="265,15,188,0,292,-15,255,0" /><INIT seed="4,1,0,1,1,27" ten="280,188,277,255" oya="0" hai0="6,36,79,5,28,58,127,90,62,80,89,93,42" hai1="131,102,0,77,110,123,117,55,53,97,12,26,100" hai2="13,94,104,72,69,103,60,48,49,31,52,43,54" hai3="33,107,68,128,135,108,70,88,134,81,7,8,126"/><T75/><D127/><U25/><E0/><V65/><F72/><W112/><G108/><T15/><D28/><U67/><E110/><V22/><F104/><W114/><G107/><T91/><D93/><U122/><E67/><V23/><F43/><W18/><G18/><T30/><D15/><U125/><E12/><V121/><F121/><W66/><G66/><T2/><D30/><U57/><E131/><V105/><F105/><W63/><G63/><T41/><D36/><U29/><E117/><V4/><F4/><W35/><G126/><T83/><D83/><U19/><E125/><V39/><F39/><W118/><G128/><T130/><D130/><U40/><E40/><V50/><F23/><W61/><G61/><T10/><REACH who="0" step="1"/><D6/><REACH who="0" ten="270,188,277,255" step="2"/><U98/><E29/><V44/><F13/><N who="3" m="5279" /><G81/><T14/><D14/><U95/><E95/><V37/><F37/><W32/><G118/><T11/><D11/><U73/><E19/><V133/><F31/><W116/><G116/><T109/><D109/><U87/><E26/><V56/><F22/><W24/><G24/><T101/><D101/><U20/><E25/><V45/><F103/><W64/><G35/><T124/><D124/><U21/><E21/><V115/><F94/><W92/><G33/><T47/><D47/><N who="2" m="17994" /><F133/><N who="3" m="50699" /><G32/><T82/><D82/><U99/><E20/><V16/><F16/><W38/><G38/><T84/><D84/><U3/><E87/><V74/><F74/><W51/><G92/><T119/><D119/><U17/><E17/><V132/><F132/><W129/><G129/><T78/><D78/><U71/><E73/><RYUUKYOKU ba="1,1" sc="270,30,188,-10,277,-10,255,-10" hai0="2,5,10,41,42,58,62,75,79,80,89,90,91" /><INIT seed="4,2,1,2,4,26" ten="300,178,267,245" oya="0" hai0="49,15,9,107,90,75,62,39,71,8,35,25,63" hai1="132,48,24,95,108,111,55,19,21,122,121,46,44" hai2="69,72,4,36,61,58,2,80,93,89,105,18,126" hai3="31,34,45,116,60,64,74,120,59,41,56,91,98"/><T11/><D39/><U50/><E132/><V133/><F105/><W23/><G116/><T57/><D75/><U115/><E115/><V129/><F69/><W113/><G34/><T51/><D107/><U125/><E125/><V97/><F36/><W28/><G74/><T114/><D114/><U37/><E37/><V135/><F129/><W27/><G113/><T42/><D15/><U16/><E95/><V104/><F126/><W70/><G120/><T54/><D90/><U117/><E117/><V7/><F2/><W131/><G131/><T87/><D87/><U94/><E94/><V84/><F18/><W86/><G98/><T109/><D109/><U112/><E112/><V118/><F118/><W73/><G73/><T101/><D101/><U66/><E66/><N who="2" m="39223" /><F72/><W76/><G76/><T10/><N who="0" m="2048" /><DORA hai="102" /><T110/><D110/><U78/><E78/><N who="2" m="46103" /><F104/><W128/><G128/><T5/><D5/><U103/><E103/><V17/><F17/><W33/><G33/><T20/><D35/><U52/><REACH who="1" step="1"/><E19/><REACH who="1" ten="300,168,267,245" step="2"/><V65/><F65/><W134/><G134/><AGARI ba="2,2" hai="4,7,89,93,97,133,134,135" m="46103,39223" machi="134" ten="30,1000,0" yaku="20,1" doraHai="26,102" who="2" fromWho="3" sc="300,0,168,0,267,36,245,-16" /><INIT seed="5,0,0,2,1,1" ten="300,168,303,229" oya="1" hai0="67,42,14,26,80,48,43,107,89,86,61,83,55" hai1="115,68,85,96,109,81,127,23,29,73,88,4,123" hai2="126,52,116,13,24,131,113,51,91,70,84,5,75" hai3="134,39,111,108,18,79,104,28,0,105,12,63,3"/><U102/><E123/><V25/><F75/><W59/><G39/><T31/><D107/><U65/><E115/><V16/><F70/><W34/><G79/><T32/><D80/><U11/><E127/><V66/><F116/><W27/><G105/><T8/><D61/><U90/><E73/><V71/><F131/><W95/><G104/><T49/><D67/><U9/><E109/><V2/><F113/><W100/><G134/><T99/><D99/><U87/><E68/><V122/><F122/><W77/><G77/><T119/><D49/><U72/><E72/><V60/><F5/><W103/><G108/><T44/><REACH who="0" step="1"/><D119/><REACH who="0" ten="290,168,303,229" step="2"/><U92/><E65/><V38/><F126/><W15/><G111/><T133/><D133/><U101/><E96/><V37/><F38/><W40/><G63/><T69/><D69/><U56/><E56/><V93/><F37/><W50/><G59/><T30/><D30/><U64/><E64/><V17/><F2/><W129/><G3/><T135/><D135/><U7/><E29/><V36/><F36/><W114/><G0/><T46/><D46/><U35/><E35/><V110/><F110/><W10/><G28/><T41/><D41/><U74/><E74/><V120/><F71/><W82/><G40/><T78/><D78/><U21/><E92/><V53/><F66/><W130/><G95/><T19/><AGARI ba="0,1" hai="8,14,19,26,31,32,42,43,44,48,55,83,86,89" machi="19" ten="20,12000,2" yaku="1,1,0,1,7,1,25,2,53,1" doraHai="1" doraHaiUra="76" who="0" fromWho="0" sc="290,130,168,-60,303,-30,229,-30" /><INIT seed="6,0,0,2,2,10" ten="420,108,273,199" oya="2" hai0="107,31,9,116,102,0,39,65,84,46,128,72,73" hai1="90,75,7,120,96,66,85,105,82,30,59,42,51" hai2="45,109,94,126,47,134,93,35,71,92,40,28,29" hai3="83,16,89,1,77,129,55,11,49,24,130,74,70"/><V2/><F2/><W110/><G110/><T17/><D84/><U18/><E120/><V81/><F71/><W21/><G70/><T88/><D88/><U87/><E75/><V36/><F109/><W52/><G89/><T112/><D17/><U95/><E105/><V78/><F126/><W15/><G1/><T4/><D65/><U50/><E30/><V62/><F134/><W135/><G135/><T44/><D44/><U115/><E115/><V14/><F35/><W80/><G80/><T34/><D128/><N who="3" m="49257" /><G49/><T131/><D116/><U106/><E106/><V91/><F91/><W133/><G133/><T117/><D9/><U114/><E114/><V61/><F36/><W97/><G97/><T20/><D20/><U54/><E7/><AGARI ba="0,0" hai="7,11,15,16,21,24,52,55,74,77,83" m="49257" machi="7" ten="30,7700,0" yaku="19,1,52,1,54,2" doraHai="10" who="3" fromWho="1" sc="420,0,108,-77,273,0,199,77" /><INIT seed="7,0,0,2,5,110" ten="420,31,273,276" oya="3" hai0="78,121,118,55,126,9,112,54,31,34,95,116,17" hai1="16,58,26,133,60,103,72,96,84,12,124,134,129" hai2="47,94,87,106,36,13,7,125,24,19,104,123,132" hai3="111,113,6,15,73,4,10,40,89,109,28,23,52"/><W11/><G73/><T18/><D78/><U86/><E26/><V21/><F123/><W117/><G40/><T128/><D95/><U115/><E58/><V75/><F75/><W119/><G89/><T38/><D38/><U70/><E60/><V127/><F132/><W100/><G100/><T8/><D121/><U122/><E122/><V131/><F131/><W83/><G83/><T62/><D128/><U30/><E129/><V25/><F36/><W120/><G120/><T43/><D62/><U71/><E30/><V56/><F47/><W69/><G69/><T22/><D31/><U98/><E12/><V99/><F56/><W57/><G28/><T66/><D66/><U77/><E72/><V44/><F44/><W79/><G79/><T74/><D43/><U53/><E77/><V135/><F135/><W14/><G23/><T102/><D22/><U29/><E29/><V61/><F61/><W92/><G92/><T35/><D102/><U130/><E130/><V0/><F87/><W5/><G5/><T108/><D74/><U2/><E103/><N who="2" m="60919" /><F106/><W85/><G85/><T63/><D63/><U97/><E97/><V41/><F41/><W105/><G105/><T64/><D64/><U3/><E53/><V50/><F50/><W88/><G88/><T65/><D65/><U37/><E37/><V114/><F104/><W42/><G42/><T90/><D90/><U1/><E1/><V68/><F68/><W67/><G67/><T51/><D51/><U20/><E20/><V33/><F114/><W76/><G113/><T107/><D112/><U101/><E115/><RYUUKYOKU ba="0,0" sc="420,0,31,0,273,0,276,0" owari="420,52.0,31,-46.9,273,-12.7,276,7.6" /></mjloggm>