<mjloggm ver="2.3"><GO type="169" lobby="0"/><UN n0="%70%6F%6E%2D%65%6E" n1="%E3%81%93%E3%81%AB" n2="%E5%BA%84%E5%8F%B8%E5%81%A5%E5%A4%AA%E6%9C%97" n3="%E5%8D%97%E5%B8%9D%E5%8D%97%E6%B5%A6" dan="16,16,16,17" rate="2154.21,2160.36,2066.75,2204.18" sx="F,M,M,M"/><TAIKYOKU oya="0"/><INIT seed="0,0,0,2,4,85" ten="250,250,250,250" oya="0" hai0="127,113,37,126,43,30,125,133,72,122,1,54,9" hai1="44,52,70,63,95,41,14,135,114,74,10,40,47" hai2="120,71,131,90,61,115,116,12,2,104,31,57,69" hai3="42,108,92,128,46,28,75,73,80,111,20,117,101"/><T36/><D113/><U33/><E74/><V11/><F120/><W13/><G117/><T65/><D122/><U56/><E33/><V6/><F131/><W3/><G3/><T29/><D133/><U119/><E135/><V5/><F104/><W91/><G101/><T132/><D132/><U22/><E119/><V0/><F31/><N who="0" m="11786" /><D43/><N who="1" m="16459" /><E70/><V49/><F49/><W48/><G128/><T51/><D72/><U77/><E77/><V7/><F115/><W39/><G39/><T17/><D65/><U84/><E22/><V124/><F124/><W38/><G38/><T89/><D89/><N who="1" m="53671" /><E114/><V79/><F79/><W98/><G80/><T23/><D9/><U123/><E123/><V21/><F116/><W107/><G107/><T25/><D1/><U100/><E100/><V55/><F21/><W8/><G20/><T97/><D97/><U26/><E26/><V45/><F2/><W88/><G91/><T130/><D130/><U67/><E67/><V82/><F0/><W24/><G24/><T134/><D134/><U83/><E83/><V99/><F82/><W32/><G32/><T93/><D93/><U62/><E62/><V103/><F90/><W53/><G28/><T87/><D87/><U58/><E58/><AGARI ba="0,0" hai="17,23,25,36,37,51,54,58,125,126,127" m="11786" machi="58" ten="30,1500,0" yaku="18,1" doraHai="85" who="0" fromWho="1" sc="250,15,250,-15,250,0,250,0" /><INIT seed="0,1,0,2,3,93" ten="265,235,250,250" oya="0" hai0="24,39,134,131,129,113,123,108,18,8,31,9,40" hai1="130,32,97,6,92,36,87,26,124,35,81,58,90" hai2="37,105,111,28,84,70,20,101,33,64,48,106,42" hai3="0,112,54,99,103,19,69,98,133,125,55,52,73"/><T56/><D40/><U80/><E36/><V23/><F106/><W17/><G112/><T41/><D41/><U135/><E124/><V10/><F48/><W119/><G119/><T94/><D39/><U126/><E126/><V63/><F84/><W30/><G125/><T50/><D113/><U59/><E130/><V5/><F111/><W15/><G133/><T117/><D123/><U116/><E116/><V13/><F42/><W72/><G0/><T38/><D38/><U109/><E109/><V121/><F37/><W78/><G69/><T29/><D117/><U85/><E135/><V89/><F89/><W79/><G79/><T47/><BYE who="3" /><D47/><U107/><E107/><V46/><F46/><W51/><G51/><T110/><D56/><U86/><E6/><V65/><F65/><W71/><G71/><T1/><D94/><UN n3="%E5%8D%97%E5%B8%9D%E5%8D%97%E6%B5%A6" /><U83/><E32/><V82/><F82/><W14/><G103/><T102/><D102/><U43/><E43/><V104/><F121/><W22/><G30/><N who="0" m="11275" /><D50/><U118/><E118/><V12/><F12/><W27/><G14/><N who="0" m="7495" /><D24/><U53/><E35/><V44/><F44/><W128/><G128/><N who="0" m="49227" /><D134/><U115/><E115/><V62/><F63/><W96/><REACH who="3" step="1"/><G78/><REACH who="3" ten="265,235,250,240" step="2"/><T11/><D1/><U120/><E120/><V49/><F49/><W21/><AGARI ba="1,1" hai="15,17,19,21,22,27,52,54,55,72,73,96,98,99" machi="21" ten="40,12000,2" yaku="1,1,2,1,0,1,52,3,54,1,53,0" doraHai="93" doraHaiUra="127" who="3" fromWho="3" sc="265,-61,235,-31,250,-31,240,133" /><INIT seed="1,0,0,0,4,44" ten="204,204,219,373" oya="1" hai0="8,107,115,59,90,81,32,17,122,68,62,27,98" hai1="95,1,69,78,129,67,126,79,57,2,55,83,88" hai2="97,101,66,36,63,86,19,82,94,49,118,20,131" hai3="37,110,89,65,7,51,24,53,80,12,40,96,130"/><U18/><E126/><V112/><F131/><W109/><G130/><T33/><D115/><U135/><E129/><V41/><F112/><W61/><G24/><T23/><D68/><U77/><E83/><V71/><F36/><W16/><G7/><T125/><D125/><U25/><E135/><V102/><F102/><W105/><G37/><T70/><D70/><U58/><E69/><V30/><F30/><W42/><G105/><T127/><D122/><U106/><E106/><V134/><F118/><W5/><G5/><T13/><D127/><U124/><E124/><V0/><F0/><W121/><G121/><T113/><D113/><U11/><E67/><V10/><F10/><N who="3" m="6167" /><G96/><T39/><D39/><U104/><E104/><V60/><F60/><W99/><G61/><T15/><D15/><U123/><E123/><V111/><F111/><N who="3" m="42507" /><G65/><T9/><D9/><U128/><E128/><V72/><F134/><W43/><G99/><T84/><D107/><U108/><E108/><V73/><F19/><W29/><G29/><T52/><REACH who="0" step="1"/><D98/><REACH who="0" ten="194,204,219,373" step="2"/><U119/><E11/><V132/><F132/><W120/><G120/><T47/><D47/><U4/><E1/><V50/><F97/><W56/><G40/><T38/><D38/><U133/><E2/><V114/><F41/><W103/><G103/><T75/><D75/><U100/><E133/><V46/><F73/><W14/><G14/><T34/><D34/><U93/><E100/><V87/><F72/><W3/><G3/><T21/><D21/><U26/><E26/><V117/><F114/><W54/><G42/><T116/><D116/><RYUUKYOKU ba="0,1" sc="194,30,204,-10,219,-10,373,-10" hai0="8,13,17,23,27,32,33,52,59,62,81,84,90" /><INIT seed="2,1,1,1,1,116" ten="224,194,209,363" oya="2" hai0="100,1,103,55,7,56,15,92,119,99,78,24,76" hai1="72,69,64,46,45,59,82,3,95,108,91,19,29" hai2="83,112,23,39,11,107,105,71,128,121,113,49,9" hai3="125,111,61,66,60,74,21,48,8,4,62,58,28"/><V30/><F39/><W118/><G118/><T36/><D36/><U14/><E3/><V73/><F71/><W90/><G111/><T94/><D1/><U27/><E69/><V115/><F121/><W17/><G74/><T40/><D40/><U117/><E117/><V133/><F128/><W93/><G28/><T109/><D109/><U97/><E108/><V135/><F49/><W85/><G125/><T10/><D24/><U114/><E114/><V80/><F23/><W89/><G48/><N who="0" m="30823" /><D119/><U120/><E72/><V43/><F43/><W102/><G102/><N who="0" m="38955" /><D99/><U129/><E129/><V106/><F30/><W134/><G134/><N who="2" m="51209" /><F73/><W38/><G38/><T26/><D26/><U127/><E127/><V5/><F5/><W101/><G101/><T2/><D2/><U124/><E124/><V52/><F52/><W0/><G89/><T68/><D68/><U81/><E120/><V79/><F79/><AGARI ba="1,1" hai="7,10,15,76,78,79,92,94" m="38955,30823" machi="79" ten="30,1000,0" yaku="8,1" doraHai="116" who="0" fromWho="2" sc="224,23,194,0,209,-13,363,0" /><INIT seed="3,0,0,2,4,72" ten="247,194,196,363" oya="3" hai0="67,119,2,127,51,74,98,125,11,82,110,0,132" hai1="45,114,40,68,50,86,63,42,78,54,80,111,47" hai2="62,131,65,31,13,117,124,100,89,23,113,41,27" hai3="26,20,135,121,97,109,55,44,48,87,102,66,4"/><W60/><G121/><T83/><D110/><U88/><E114/><V122/><F124/><N who="0" m="47690" /><D119/><U33/><E111/><V69/><F131/><W34/><G109/><T94/><D132/><U112/><E112/><V7/><F122/><W73/><G73/><T76/><D67/><U5/><E33/><V92/><F113/><W19/><G135/><T37/><D37/><U15/><E68/><V17/><F117/><W57/><G34/><T84/><D51/><N who="1" m="27047" /><E63/><V29/><F100/><W95/><G87/><T120/><D11/><N who="1" m="4591" /><E42/><V105/><F105/><W85/><G85/><T32/><D32/><U96/><E96/><V12/><F41/><W3/><G3/><T36/><D36/><U8/><E8/><V59/><F69/><W58/><REACH who="3" step="1"/><G4/><REACH who="3" ten="247,194,196,353" step="2"/><T130/><D120/><U30/><E30/><N who="2" m="11275" /><F7/><W129/><G129/><T71/><D130/><U90/><AGARI ba="0,1" hai="47,50,54,78,80,86,88,90" m="4591,27047" machi="90" ten="30,7900,0" yaku="25,1,8,1,52,1,54,1" doraHai="72" who="1" fromWho="1" sc="247,-20,194,89,196,-20,353,-39" /><INIT seed="4,0,0,3,4,63" ten="227,283,176,314" oya="0" hai0="105,74,61,73,134,96,130,127,110,119,30,60,44" hai1="65,102,123,93,100,70,101,40,9,36,97,8,88" hai2="48,25,108,38,42,99,16,125,67,113,133,39,14" hai3="26,43,27,6,77,3,19,2,28,10,7,59,132"/><T56/><D119/><U111/><E123/><V35/><F108/><W115/><G77/><T0/><D110/><U83/><E111/><V109/><F109/><W58/><G43/><T72/><D0/><N who="3" m="41" /><G59/><T4/><D4/><N who="3" m="1577" /><G58/><T92/><D134/><U71/><E83/><V41/><F113/><W23/><G132/><T18/><D130/><U89/><E89/><V22/><F125/><W85/><G85/><T24/><D18/><U78/><E78/><V75/><F75/><W13/><G115/><T68/><D127/><U66/><E36/><V94/><F133/><W55/><G55/><T117/><D117/><U106/><E40/><V29/><F42/><W46/><G46/><T31/><D31/><U116/><E106/><V90/><REACH who="2" step="1"/><F67/><REACH who="2" ten="227,283,166,314" step="2"/><W107/><G107/><T114/><D105/><U79/><E116/><V112/><F112/><W49/><G49/><T104/><D114/><U1/><E66/><V51/><F51/><W32/><G27/><T11/><D24/><U52/><E65/><V118/><F118/><W17/><G32/><T34/><D34/><U126/><E126/><V120/><F120/><W21/><G28/><T122/><D104/><U86/><E52/><V64/><F64/><W15/><G15/><T53/><D122/><U98/><E1/><V135/><F135/><W37/><G37/><T57/><D30/><U131/><E71/><V81/><F81/><W54/><G54/><T84/><D74/><U33/><E70/><V82/><F82/><W76/><G76/><T124/><D73/><U95/><E33/><V5/><F5/><N who="3" m="3279" /><G26/><T47/><D72/><RYUUKYOKU ba="0,1" sc="227,-15,283,-15,166,15,314,15" hai2="14,16,22,25,29,35,38,39,41,48,90,94,99" hai3="17,19,21,23" /><INIT seed="5,1,1,4,1,45" ten="212,268,181,329" oya="1" hai0="58,93,12,101,36,85,28,120,5,112,24,15,87" hai1="61,53,38,2,97,134,57,64,43,70,19,131,39" hai2="50,65,116,118,41,99,86,135,73,80,6,59,128" hai3="107,109,123,4,20,130,84,25,115,48,113,49,11"/><U95/><E2/><V33/><F33/><W23/><G123/><T17/><D36/><U67/><E131/><V35/><F35/><W18/><G109/><T1/><D112/><N who="3" m="43081" /><G130/><T94/><D120/><U74/><E74/><V37/><F73/><W76/><G107/><T16/><D1/><U90/><E134/><V133/><F128/><W102/><G102/><T114/><D114/><U89/><E67/><V14/><F99/><W52/><G52/><T92/><D101/><U124/><E124/><V9/><F37/><W7/><G23/><N who="0" m="15391" /><D58/><U105/><E105/><V56/><F56/><W21/><G21/><N who="0" m="11399" /><D5/><N who="3" m="2121" /><G11/><AGARI ba="1,1" hai="11,15,17,85,87,92,93,94" m="11399,15391" machi="11" ten="30,2000,0" yaku="8,1,54,1" doraHai="45" who="0" fromWho="3" sc="212,33,268,0,181,0,329,-23" /><INIT seed="6,0,0,4,2,62" ten="245,268,181,306" oya="2" hai0="104,74,18,50,64,55,124,17,61,122,91,20,57" hai1="99,100,3,134,128,84,130,12,110,46,29,90,82" hai2="107,16,115,132,52,54,11,105,102,113,2,123,114" hai3="56,70,103,36,21,106,135,65,119,67,9,63,13"/><V4/><F123/><W133/><G119/><T68/><D124/><U27/><E3/><V49/><F132/><N who="3" m="50763" /><G36/><T86/><D122/><U129/><E134/><V0/><F0/><W108/><G108/><T35/><D35/><U32/><E110/><V34/><F34/><W112/><G112/><T95/><D104/><U5/><E46/><N who="2" m="27703" /><F102/><W26/><G70/><T131/><D131/><U59/><E59/><V92/><F92/><W66/><G103/><T78/><D74/><U73/><E73/><V24/><F54/><N who="3" m="34199" /><G106/><T6/><D6/><U30/><E30/><V81/><F81/><W19/><G67/><T109/><D109/><U77/><E100/><V117/><F117/><W7/><AGARI ba="0,0" hai="7,9,13,19,21,26,65,66" m="34199,50763" machi="7" ten="30,4000,0" yaku="20,1,52,2" doraHai="62" who="3" fromWho="3" sc="245,-10,268,-10,181,-20,306,40" /><INIT seed="7,0,0,4,2,123" ten="235,258,161,346" oya="3" hai0="2,80,20,104,135,24,88,34,89,50,47,74,102" hai1="7,111,56,131,40,128,26,39,12,81,59,134,122" hai2="87,93,109,29,126,103,64,3,43,62,52,60,129" hai3="116,132,33,54,100,63,105,95,107,51,41,28,4"/><W82/><G116/><T27/><D135/><U125/><E122/><V14/><F126/><W17/><G132/><T38/><D38/><U66/><E134/><V130/><F3/><W5/><G28/><T53/><D2/><U9/><E125/><V113/><F113/><W71/><G33/><T35/><D104/><U84/><E111/><V79/><F130/><N who="1" m="49705" /><E66/><V31/><F129/><W67/><G82/><T19/><D102/><U78/><E26/><V58/><F43/><W69/><G69/><T22/><D89/><U83/><E83/><V46/><F109/><W42/><G4/><T97/><D74/><U30/><E30/><V36/><F36/><W1/><G17/><T127/><D127/><U13/><E13/><V118/><F118/><W76/><G76/><T106/><D106/><U96/><E96/><V15/><F79/><W117/><G54/><T0/><D0/><U119/><E119/><V57/><F46/><AGARI ba="0,0" hai="7,9,12,39,40,46,56,59,78,81,84" m="49705" machi="46" ten="30,1000,0" yaku="19,1" doraHai="123" who="1" fromWho="2" sc="235,0,258,10,161,-10,346,0" owari="235,-16.5,268,6.8,151,-34.9,346,44.6" /></mjloggm>