<mjloggm ver="2.3"><GO type="169" lobby="0"/><UN n0="%44%61%6C%69" n1="%E5%85%A9%E5%84%80%E4%B8%B6%E5%BC%8F" n2="%40%77%61%6B%61" n3="%46%E5%92%B8%E9%AD%9A%E5%92%B8%E9%AD%9A%E5%92%B8" dan="17,16,16,16" rate="2209.89,2144.32,2079.81,2071.62" sx="M,M,M,M"/><TAIKYOKU oya="0"/><INIT seed="0,0,0,1,3,22" ten="250,250,250,250" oya="0" hai0="65,76,134,62,19,18,13,25,64,77,41,56,23" hai1="15,81,59,114,1,3,49,68,36,132,128,85,61" hai2="10,119,124,29,87,38,5,69,120,105,75,4,26" hai3="35,74,84,122,130,101,103,72,78,117,7,90,102"/><T45/><D134/><U52/><E36/><V70/><F87/><W14/><G35/><T93/><D93/><U125/><E132/><V121/><F75/><N who="3" m="28715" /><G7/><T110/><D65/><U24/><E128/><V96/><F38/><W123/><G14/><T27/><D110/><U109/><E125/><V58/><F58/><W129/><G78/><T80/><D80/><U116/><E116/><V12/><F124/><W98/><G98/><T111/><D111/><U9/><E109/><V6/><F119/><W99/><G99/><T107/><D107/><U50/><E114/><V126/><F126/><W17/><G17/><T30/><D19/><U86/><E85/><V39/><F39/><W32/><G32/><T92/><D92/><U28/><E68/><V97/><F96/><W43/><G43/><T67/><D64/><U44/><E50/><V108/><F108/><W131/><G117/><T34/><REACH who="0" step="1"/><D13/><REACH who="0" ten="240,250,250,250" step="2"/><U21/><E15/><V127/><F127/><W79/><G79/><T94/><D94/><AGARI ba="0,1" hai="84,90,94,101,102,103,122,123,129,130,131" m="28715" machi="94" ten="40,5200,0" yaku="19,1,34,2" doraHai="22" who="3" fromWho="0" sc="240,-52,250,0,250,0,250,62" /><INIT seed="1,0,0,2,1,19" ten="188,250,250,312" oya="1" hai0="86,29,25,90,54,135,21,120,123,48,70,45,82" hai1="71,74,128,106,125,92,121,26,40,32,115,99,7" hai2="109,33,73,43,55,112,53,72,83,10,96,18,64" hai3="12,124,38,65,118,127,81,94,66,78,101,37,4"/><U122/><E115/><V134/><F43/><W131/><G131/><T13/><D70/><U79/><E128/><V60/><F33/><W27/><G118/><T42/><D135/><U69/><E125/><N who="3" m="48202" /><G27/><T50/><REACH who="0" step="1"/><D13/><REACH who="0" ten="178,250,250,312" step="2"/><U39/><E69/><N who="2" m="42119" /><F134/><W9/><G37/><T102/><D102/><U51/><E71/><V52/><F112/><W59/><G38/><T108/><D108/><U119/><E39/><V58/><F109/><W34/><G101/><T62/><D62/><U77/><E119/><V61/><F61/><W117/><G12/><T129/><D129/><U15/><E121/><V46/><F46/><AGARI ba="0,1" hai="21,25,29,42,45,46,48,50,54,82,86,90,120,123" machi="46" ten="40,5200,0" yaku="1,1,52,1,53,1" doraHai="19" doraHaiUra="17" who="0" fromWho="2" sc="178,62,250,0,250,-52,312,0" /><INIT seed="2,0,0,2,5,98" ten="240,250,198,312" oya="2" hai0="69,22,85,52,29,56,42,36,117,88,60,112,15" hai1="67,64,96,48,17,77,63,31,133,35,73,76,50" hai2="34,44,121,11,13,80,132,124,84,25,62,81,68" hai3="90,32,9,10,109,93,37,65,99,108,14,79,26"/><V126/><F121/><W71/><G37/><T127/><D112/><U58/><E133/><V27/><F132/><W91/><G79/><T95/><D127/><N who="2" m="48682" /><F44/><W122/><G122/><T101/><D117/><U114/><E114/><V57/><F68/><W39/><G39/><T3/><D3/><U70/><E73/><V87/><F34/><W12/><G65/><T33/><D69/><U38/><E38/><V55/><F84/><W40/><G40/><T66/><D33/><U5/><E5/><N who="2" m="3311" /><F81/><W53/><G71/><T100/><D66/><U123/><E67/><V6/><F6/><W116/><G53/><T24/><REACH who="0" step="1"/><D15/><REACH who="0" ten="230,250,198,312" step="2"/><U72/><E64/><V130/><F130/><W2/><G2/><T75/><D75/><U92/><E72/><V115/><F115/><W118/><G32/><T104/><D104/><U106/><E106/><V135/><F135/><W107/><G107/><T120/><D120/><U20/><E70/><V94/><F94/><W128/><G93/><T125/><D125/><U134/><E123/><V83/><F83/><W7/><G128/><T41/><D41/><U23/><E134/><V110/><F110/><W43/><G43/><T86/><D86/><U129/><E129/><V16/><F16/><W61/><G108/><T74/><D74/><U30/><E17/><V102/><F102/><W0/><G109/><T46/><AGARI ba="0,1" hai="22,24,29,36,42,46,52,56,60,85,88,95,100,101" machi="46" ten="30,12000,2" yaku="1,1,0,1,52,2,54,2,53,1" doraHai="98" doraHaiUra="51" who="0" fromWho="0" sc="230,130,250,-30,198,-60,312,-30" /><INIT seed="3,0,0,0,2,75" ten="360,220,138,282" oya="3" hai0="2,34,107,109,115,13,3,90,68,25,49,61,22" hai1="96,80,45,40,72,57,4,123,126,11,114,104,69" hai2="128,118,98,5,94,119,36,54,110,133,10,42,62" hai3="91,70,47,101,88,87,41,95,86,117,8,111,73"/><W127/><G117/><T76/><D107/><U59/><E123/><V1/><F110/><W6/><G70/><T14/><D109/><U83/><E69/><V56/><F133/><W60/><G111/><T66/><D115/><U121/><E83/><V77/><F128/><W100/><G60/><T108/><D108/><U99/><E126/><V50/><F36/><W112/><G73/><T67/><D34/><U113/><E121/><V134/><F134/><W39/><G127/><T29/><D67/><U0/><E99/><V125/><F125/><W19/><G19/><T18/><D14/><U120/><E120/><V135/><F135/><W131/><G131/><T78/><D90/><U130/><E130/><V122/><F122/><W43/><G43/><T20/><REACH who="0" step="1"/><D49/><REACH who="0" ten="350,220,138,282" step="2"/><U32/><E32/><V38/><F38/><W116/><G112/><N who="1" m="43114" /><E104/><V55/><F77/><AGARI ba="0,1" hai="2,3,13,18,20,22,25,29,61,66,68,76,77,78" machi="77" ten="40,12000,2" yaku="1,1,52,3,53,2" doraHai="75" doraHaiUra="17" who="0" fromWho="2" sc="350,130,220,0,138,-120,282,0" /><INIT seed="4,0,0,2,0,108" ten="480,220,18,282" oya="0" hai0="114,129,36,6,35,1,80,28,60,122,97,23,117" hai1="18,113,90,57,31,130,81,133,88,77,86,112,84" hai2="54,131,73,132,29,22,75,55,71,69,52,91,7" hai3="99,65,76,45,96,68,63,93,94,59,20,56,58"/><T72/><D36/><U30/><E57/><V37/><F37/><W11/><G76/><T126/><D117/><U48/><E48/><V40/><F132/><W24/><G11/><T105/><D122/><U38/><E38/><V46/><F131/><W5/><G5/><T103/><D23/><U21/><E130/><V127/><F7/><W83/><G83/><T89/><D60/><U12/><E133/><V118/><F118/><W13/><G13/><T4/><D28/><U115/><E77/><V120/><F120/><W41/><G99/><T125/><D6/><U34/><E34/><V61/><F91/><W106/><G106/><T101/><D4/><U51/><E51/><V62/><F29/><W87/><G87/><T32/><D1/><U123/><E123/><V100/><F22/><W44/><G94/><AGARI ba="0,0" hai="12,18,21,30,31,81,84,86,88,90,94,112,113,115" machi="94" ten="40,12000,2" yaku="15,1,11,1,52,3,54,1" doraHai="108" who="1" fromWho="3" sc="480,0,220,120,18,0,282,-120" /><INIT seed="5,0,0,5,2,0" ten="480,340,18,162" oya="1" hai0="69,89,44,14,53,102,40,8,66,36,81,4,49" hai1="55,74,116,48,97,84,108,18,13,134,114,95,73" hai2="6,37,3,113,79,112,130,46,33,128,65,27,9" hai3="77,104,125,78,106,126,72,75,59,93,92,99,22"/><U34/><E34/><V16/><F65/><W118/><G59/><T68/><D102/><U67/><E116/><V120/><F79/><W124/><G22/><T21/><D66/><U111/><E67/><V17/><F46/><W94/><G118/><T61/><D61/><U76/><E134/><V101/><F101/><W54/><G54/><T82/><D21/><U70/><E70/><V135/><F37/><W39/><G39/><T50/><D36/><U103/><E114/><N who="2" m="44139" /><F135/><W105/><G99/><T60/><D60/><U31/><E31/><N who="2" m="19711" /><F120/><W52/><G52/><T90/><D68/><U117/><E117/><V121/><F121/><W42/><G42/><T57/><D69/><U83/><E108/><V15/><F17/><W98/><G98/><T85/><D82/><U35/><E35/><V86/><F86/><W11/><G11/><AGARI ba="0,0" hai="3,6,9,11,15,16,128,130" m="19711,44139" machi="11" ten="30,12000,2" yaku="15,1,11,1,34,2,52,1,54,1" doraHai="0" who="2" fromWho="3" sc="480,0,340,0,18,120,162,-120" /><INIT seed="6,0,0,1,4,40" ten="480,340,138,42" oya="2" hai0="76,113,65,122,127,41,30,94,66,26,49,132,117" hai1="83,79,52,108,62,23,135,107,120,133,69,105,16" hai2="25,2,4,114,13,63,19,82,12,123,29,64,27" hai3="106,28,35,112,92,5,68,38,86,95,59,8,110"/><V101/><F101/><W36/><G106/><T60/><D122/><U90/><E108/><V134/><F82/><W46/><G110/><T87/><D113/><U37/><E37/><V39/><F39/><W21/><G68/><T96/><D132/><N who="1" m="50763" /><E90/><V15/><F63/><W126/><G126/><T54/><D41/><U20/><E20/><N who="2" m="13471" /><F64/><W97/><G35/><T44/><D117/><U78/><E120/><V57/><F57/><W70/><G70/><T6/><D127/><U88/><E88/><V93/><F93/><W51/><G59/><T131/><D131/><U116/><E116/><V98/><F98/><W121/><G121/><T109/><D109/><U99/><E99/><V102/><F102/><W32/><G112/><T31/><D6/><U42/><E42/><V33/><F123/><W71/><G71/><T48/><D48/><U74/><E79/><V73/><F73/><W24/><G32/><T3/><D3/><U125/><E125/><V119/><F119/><W75/><G75/><T91/><D26/><N who="1" m="14695" /><E69/><V104/><F104/><W115/><G115/><T56/><D66/><U81/><E81/><AGARI ba="0,0" hai="30,31,44,49,54,56,60,65,76,81,87,91,94,96" machi="81" ten="40,2600,0" yaku="8,1,52,1" doraHai="40" who="0" fromWho="1" sc="480,26,340,-26,138,0,42,0" /><INIT seed="7,0,0,2,4,119" ten="506,314,138,42" oya="3" hai0="61,22,70,86,99,102,101,17,30,96,117,79,2" hai1="23,52,106,91,41,87,121,125,128,13,66,31,135" hai2="93,84,129,56,58,122,127,33,32,88,97,112,76" hai3="62,60,27,116,21,105,95,72,115,51,40,64,54"/><W6/><G116/><T34/><D2/><U9/><E106/><V124/><F112/><W89/><G105/><T36/><D36/><U132/><E121/><V44/><F129/><W126/><G72/><T83/><D117/><U3/><E3/><V55/><F122/><W46/><G115/><T39/><D39/><U123/><E123/><V18/><F18/><W0/><G126/><N who="2" m="48169" /><F76/><W29/><G40/><T57/><D70/><U65/><E128/><V78/><F78/><W108/><G108/><T103/><D30/><U25/><E52/><V53/><F97/><W14/><G0/><T111/><D34/><N who="2" m="13418" /><F44/><W19/><G6/><T38/><D38/><U114/><E114/><V43/><F43/><W35/><REACH who="3" step="1"/><G64/><REACH who="3" ten="506,314,138,32" step="2"/><N who="0" m="38959" /><D111/><U118/><E41/><V98/><F53/><W131/><G131/><T73/><D73/><U45/><E118/><V7/><F7/><W49/><G49/><T71/><D71/><U94/><E125/><V16/><F55/><W92/><G92/><T5/><D5/><N who="1" m="3247" /><E45/><V10/><F84/><AGARI ba="0,1" hai="14,19,21,27,29,35,46,51,54,60,62,84,89,95" machi="84" ten="30,2900,0" yaku="1,1,7,1,53,0" doraHai="119" doraHaiUra="75" who="3" fromWho="2" sc="506,0,314,0,138,-29,32,39" /><INIT seed="7,1,0,1,2,67" ten="506,314,109,71" oya="3" hai0="13,77,118,126,72,84,18,20,74,0,122,116,52" hai1="60,101,45,25,76,79,47,86,127,85,108,106,22" hai2="8,59,109,107,14,15,31,114,46,125,128,133,91" hai3="71,23,51,36,112,64,95,96,19,129,99,89,39"/><W29/><G112/><T57/><D122/><U32/><E108/><V119/><F107/><W131/><G29/><T11/><D126/><U88/><E32/><V17/><F119/><W100/><G51/><T27/><D0/><U103/><E127/><V97/><F125/><W68/><G64/><T65/><D65/><U135/><E60/><V16/><F114/><W35/><G35/><T41/><D41/><U70/><E70/><N who="3" m="26666" /><G19/><T98/><D116/><U105/><E135/><V92/><F109/><W110/><G23/><T48/><D118/><U5/><E5/><V78/><F128/><N who="3" m="49227" /><G110/><T73/><D98/><U38/><E38/><V9/><F78/><N who="1" m="29737" /><E106/><AGARI ba="1,0" hai="36,39,89,95,96,99,100,106" m="49227,26666" machi="106" ten="30,11600,0" yaku="19,1,52,3" doraHai="67" who="3" fromWho="1" sc="506,0,314,-119,109,0,71,119" /><INIT seed="7,2,0,5,4,43" ten="506,195,109,190" oya="3" hai0="101,48,95,108,61,72,106,87,17,31,89,127,114" hai1="79,118,109,91,105,1,28,103,85,81,68,50,70" hai2="97,59,126,125,49,19,16,119,36,54,57,76,92" hai3="8,102,52,112,47,71,82,104,113,62,51,96,77"/><W9/><G62/><T0/><D108/><U35/><E1/><V33/><F36/><W78/><G71/><T18/><D0/><U117/><E109/><V27/><F76/><W20/><G20/><T88/><D72/><U6/><E6/><V107/><F107/><W90/><G90/><T135/><D135/><U115/><E115/><N who="3" m="44106" /><G78/><T37/><D114/><U130/><E130/><V69/><F69/><W64/><G64/><T41/><D37/><U123/><E50/><V65/><F119/><N who="1" m="45577" /><E123/><V111/><F111/><W26/><G26/><T42/><D127/><U116/><E116/><V133/><F133/><W121/><G121/><T100/><D106/><U128/><E128/><V12/><F125/><W120/><G120/><T22/><D61/><U63/><E63/><V13/><F126/><W46/><G47/><N who="0" m="25711" /><D42/><U60/><E60/><V83/><F83/><W98/><G98/><N who="0" m="57703" /><D31/><U25/><E79/><V4/><F65/><W55/><G55/><T132/><D132/><U80/><E80/><V122/><F122/><W84/><AGARI ba="2,0" hai="8,9,46,51,52,77,82,84,96,102,104" m="44106" machi="84" ten="30,6000,0" yaku="15,1,52,1,54,1" doraHai="43" who="3" fromWho="3" sc="506,-22,195,-22,109,-22,190,66" /><INIT seed="7,3,0,2,1,103" ten="484,173,87,256" oya="3" hai0="86,80,106,62,22,9,34,68,52,60,116,73,48" hai1="36,104,44,32,33,82,133,4,102,15,101,2,95" hai2="63,17,11,109,55,127,113,94,27,89,78,71,84" hai3="131,42,0,126,79,16,19,112,30,81,57,125,88"/><W1/><G30/><T105/><D73/><U46/><E133/><V122/><F109/><W23/><G112/><T53/><D116/><U108/><E108/><V132/><F132/><W120/><G42/><T64/><D34/><U47/><E2/><V123/><F113/><W70/><G70/><T111/><D111/><U98/><E36/><V66/><F127/><N who="3" m="48651" /><G19/><T24/><D62/><U51/><E51/><V107/><F78/><W3/><G57/><T35/><D9/><U110/><E110/><V45/><F45/><W28/><G28/><T114/><D35/><U85/><E101/><V54/><F54/><W58/><G58/><T21/><D114/><U61/><E61/><V99/><F55/><W130/><G88/><T115/><D115/><U43/><E43/><V8/><F27/><N who="3" m="14823" /><G120/><T119/><D119/><U90/><E4/><V7/><F17/><W12/><G12/><T14/><D14/><U29/><E15/><V100/><REACH who="2" step="1"/><F7/><REACH who="2" ten="484,173,77,256" step="2"/><W49/><G79/><T74/><D68/><U31/><E32/><V40/><F40/><W87/><G131/><T77/><D77/><U5/><E5/><V39/><F39/><W96/><G130/><T6/><D6/><U121/><E33/><V92/><F92/><W83/><G0/><T72/><D24/><U124/><E124/><V118/><F118/><W56/><G1/><T67/><D74/><U128/><E128/><V65/><F65/><W37/><G37/><T41/><D67/><U91/><E29/><V20/><F20/><W10/><G3/><T134/><D64/><U50/><E31/><V69/><F69/><RYUUKYOKU ba="3,1" sc="484,-10,173,-10,77,30,256,-10" hai2="8,11,63,66,71,84,89,94,99,100,107,122,123" owari="484,58.4,163,-23.7,107,-39.3,246,4.6" /></mjloggm>