<mjloggm ver="2.3"><GO type="225" lobby="0"/><UN n0="%72%61%6B%33" n1="%E3%82%A2%E3%83%9E%E3%83%9D%EF%BD%9E%EF%BD%9E%E3%83%A9" n2="%E6%97%A5%E6%9B%9C%E6%97%A5%E3%82%88%E3%82%8A%E3%81%AE%E4%BD%BF%E8%80%85" n3="%E8%B5%A4%E3%81%84%E8%9B%99%31%31" dan="16,17,17,16" rate="2077.67,2106.93,2215.07,2101.30" sx="M,M,M,M"/><TAIKYOKU oya="0"/><INIT seed="0,0,0,4,5,58" ten="250,250,250,250" oya="0" hai0="35,87,108,28,121,122,57,131,129,67,102,85,110" hai1="119,94,21,83,78,130,37,98,125,27,53,72,54" hai2="30,133,105,31,34,93,88,123,114,64,70,99,95" hai3="74,126,11,75,63,8,120,48,47,76,109,25,50"/><T62/><D102/><U22/><E119/><V44/><F114/><W13/><G126/><T111/><D28/><U65/><E125/><V9/><F123/><N who="0" m="47114" /><D35/><U55/><E130/><AGARI ba="0,0" hai="57,62,67,85,87,108,110,111,129,130,131" m="47114" machi="130" ten="40,12000,1" yaku="14,1,10,1,19,1,52,1" doraHai="58" who="0" fromWho="1" sc="250,120,250,-120,250,0,250,0" /><INIT seed="0,1,0,4,3,34" ten="370,130,250,250" oya="0" hai0="23,110,117,119,123,77,13,58,33,4,122,24,65" hai1="124,53,1,86,89,51,36,40,131,16,91,63,9" hai2="66,129,111,99,98,105,109,74,133,97,26,130,20" hai3="125,5,104,128,102,116,48,44,15,46,87,55,32"/><T100/><D77/><U56/><E124/><V81/><F66/><W108/><G32/><T121/><D100/><U57/><E131/><N who="2" m="50187" /><F105/><W59/><G116/><T8/><D65/><U96/><E36/><V7/><F7/><W113/><G113/><T83/><D83/><U101/><E40/><V88/><F133/><W10/><G108/><N who="2" m="41545" /><F74/><W43/><G125/><T94/><D110/><U54/><E86/><N who="2" m="50255" /><F97/><W52/><G128/><T69/><D69/><U114/><E114/><V82/><F82/><W21/><G104/><T27/><D94/><U2/><E91/><V85/><F85/><W75/><G75/><T49/><D117/><U95/><REACH who="1" step="1"/><E89/><REACH who="1" ten="370,120,250,250" step="2"/><V29/><AGARI ba="1,1" hai="20,26,29,98,99" m="50255,41545,50187" machi="29" ten="30,4000,0" yaku="19,1,14,1,54,1" doraHai="34" who="2" fromWho="2" sc="370,-21,120,-11,250,53,250,-11" /><INIT seed="1,0,0,5,4,6" ten="349,109,303,239" oya="1" hai0="125,134,72,89,43,85,52,119,47,26,12,80,121" hai1="124,63,68,77,46,87,95,1,122,34,13,128,27" hai2="30,88,61,20,82,107,41,129,131,86,28,59,3" hai3="132,93,55,100,16,76,49,102,57,66,99,70,103"/><U67/><E122/><V110/><F107/><W75/><G132/><T14/><D119/><U109/><E124/><V40/><F3/><W51/><G70/><T83/><D134/><U79/><E128/><N who="2" m="49227" /><F110/><W104/><G66/><T48/><D125/><U118/><E1/><V78/><F78/><W19/><G104/><T106/><D106/><U112/><E118/><V9/><F9/><W98/><G51/><T4/><D121/><U69/><E109/><V65/><F20/><W45/><G45/><T36/><D26/><U2/><E2/><V96/><F96/><W5/><G5/><T81/><D72/><U25/><E112/><V92/><F92/><W90/><REACH who="3" step="1"/><G99/><REACH who="3" ten="349,109,303,229" step="2"/><T42/><D4/><U22/><E69/><V111/><F111/><W101/><N who="3" m="25600" /><DORA hai="54" /><W35/><G35/><T127/><D127/><U135/><E135/><V130/><F130/><W56/><G56/><T39/><D39/><U116/><E116/><V123/><F123/><W62/><G62/><T94/><D36/><U11/><E34/><V58/><F59/><W31/><G31/><AGARI ba="0,1" hai="28,30,31,40,41,58,61,65,82,86,88" m="49227" machi="31" ten="30,3900,0" yaku="19,1,52,1,54,1" doraHai="6,54" who="2" fromWho="3" sc="349,0,109,0,303,49,229,-39" /><INIT seed="2,0,0,0,1,73" ten="349,109,352,190" oya="2" hai0="96,91,57,135,129,113,6,50,78,98,125,131,3" hai1="82,134,103,85,22,12,90,75,86,35,132,60,89" hai2="51,67,0,118,8,106,92,94,77,111,58,76,18" hai3="87,61,97,62,100,59,19,45,43,119,101,130,69"/><V109/><F106/><W11/><G130/><T70/><D70/><U39/><E35/><V17/><F0/><W120/><G120/><T33/><D33/><U7/><E39/><V68/><F68/><W81/><G69/><T122/><D122/><U23/><E60/><N who="2" m="38295" /><F51/><W26/><G119/><T38/><D38/><U42/><E42/><V30/><F30/><W79/><G59/><T15/><D113/><U74/><E103/><V63/><F63/><W117/><G117/><T10/><D3/><U46/><E46/><V48/><F48/><N who="3" m="26687" /><G97/><T13/><D98/><U21/><E7/><V115/><F115/><W83/><G83/><T105/><D96/><U29/><E29/><V1/><F1/><W112/><G112/><T27/><D57/><U14/><E23/><V107/><F107/><W66/><G66/><T24/><D105/><U56/><E56/><V25/><F8/><W52/><G52/><T20/><D50/><U71/><E71/><V32/><F32/><W95/><G95/><N who="2" m="36393" /><F118/><W72/><G72/><T123/><D123/><U31/><E31/><V110/><F25/><W65/><G65/><T124/><D24/><U4/><E4/><V53/><F53/><W40/><G26/><T37/><D27/><U126/><REACH who="1" step="1"/><E82/><REACH who="1" ten="349,99,352,190" step="2"/><V55/><F55/><W9/><G40/><T54/><D37/><U16/><E16/><AGARI ba="0,1" hai="16,17,18,76,77,109,110,111" m="36393,38295" machi="16" ten="40,12000,1" yaku="14,1,10,1,52,2,54,1" doraHai="73" who="2" fromWho="1" sc="349,0,99,-120,352,130,190,0" owari="349,14.9,-21,-52.1,482,58.2,190,-21.0" /></mjloggm>