<mjloggm ver="2.3"><GO type="169" lobby="0"/><UN n0="%E3%81%BB%E3%81%A3%E3%81%A1%E3%82%83%E3%82%93" n1="%58%E7%8C%AB" n2="%61%73%61%64%61%31%32" n3="%E6%84%9A%E5%85%84%E3%81%8C%E6%84%9A%E5%BD%A2" dan="17,16,16,18" rate="2169.81,2063.92,2191.22,2211.47" sx="F,M,M,M"/><TAIKYOKU oya="0"/><INIT seed="0,0,0,0,1,108" ten="250,250,250,250" oya="0" hai0="10,84,123,40,20,9,62,66,94,58,98,92,95" hai1="49,23,76,78,73,77,15,67,30,57,116,112,130" hai2="79,125,100,115,25,131,133,42,14,44,91,61,54" hai3="97,34,101,83,29,72,47,128,31,33,1,122,134"/><T90/><D123/><U135/><E116/><V75/><F131/><W106/><G122/><T63/><D40/><U59/><E130/><V35/><F125/><W27/><G128/><T43/><D43/><U21/><E135/><V80/><F100/><W8/><G47/><T45/><D45/><U107/><E107/><V18/><F133/><W74/><G134/><T2/><D2/><U110/><E110/><V109/><F109/><W103/><G103/><T70/><D20/><U56/><E73/><V93/><F25/><N who="3" m="18607" /><G83/><T104/><D104/><U105/><E105/><V26/><F26/><W5/><AGARI ba="0,0" hai="1,5,8,27,31,34,72,74,97,101,106" m="18607" machi="5" ten="30,2000,0" yaku="33,2" doraHai="108" who="3" fromWho="3" sc="250,-10,250,-5,250,-5,250,20" /><INIT seed="1,0,0,1,0,2" ten="240,245,245,270" oya="1" hai0="35,82,107,70,9,84,122,85,10,121,119,113,1" hai1="33,14,103,16,127,41,58,28,108,60,132,0,32" hai2="63,135,115,53,46,114,118,26,5,18,100,6,111" hai3="22,116,12,90,109,61,88,83,55,101,80,128,69"/><U17/><E0/><V25/><F118/><W74/><G109/><T78/><D119/><U67/><E41/><V130/><F111/><W77/><G128/><T123/><D113/><N who="2" m="43018" /><F130/><W131/><G131/><T3/><D107/><U45/><E108/><V86/><F135/><W42/><G42/><T125/><D125/><U13/><E132/><V21/><F100/><W43/><G101/><T68/><D35/><U52/><E127/><V117/><F117/><W98/><G98/><T38/><D38/><U56/><E45/><V105/><F105/><W129/><G129/><T30/><D30/><U36/><E36/><V126/><F126/><W4/><G43/><T134/><D134/><U8/><E103/><V133/><F133/><W89/><G116/><T65/><D65/><U104/><E104/><V31/><F86/><W50/><G69/><N who="0" m="26731" /><D85/><U49/><E28/><V64/><F64/><W124/><G80/><T11/><AGARI ba="0,0" hai="1,3,9,10,11,78,82,84,121,122,123" m="26731" machi="11" ten="40,1500,0" yaku="13,1" doraHai="2" who="0" fromWho="0" sc="240,15,245,-7,245,-4,270,-4" /><INIT seed="2,0,0,0,1,63" ten="255,238,241,266" oya="2" hai0="56,94,50,105,117,92,1,0,130,100,69,7,8" hai1="81,112,33,91,127,86,125,118,46,97,48,2,25" hai2="101,132,24,27,51,65,28,66,90,23,11,107,36" hai3="74,22,59,9,15,42,44,62,104,85,122,26,129"/><V19/><F36/><W21/><G129/><T31/><D130/><U120/><E118/><V79/><F79/><W133/><G133/><T60/><D117/><U10/><E112/><V58/><F132/><W135/><G135/><T89/><D31/><U119/><E119/><V110/><F110/><W16/><G104/><T96/><D69/><U111/><E111/><V109/><F109/><W54/><G74/><T67/><D50/><U68/><E120/><V30/><F101/><W32/><G122/><T113/><D113/><U72/><E72/><V49/><F107/><W87/><G32/><T88/><REACH who="0" step="1"/><D0/><REACH who="0" ten="245,238,241,266" step="2"/><U84/><E68/><V114/><F114/><W134/><G134/><T103/><D103/><U121/><E121/><V108/><F108/><W18/><REACH who="3" step="1"/><G9/><REACH who="3" ten="245,238,241,256" step="2"/><T41/><D41/><U57/><E10/><V37/><F11/><W95/><G95/><AGARI ba="0,2" hai="1,7,8,56,60,67,88,89,92,94,95,96,100,105" machi="95" ten="40,5200,0" yaku="1,1,52,1,54,1,53,0" doraHai="63" doraHaiUra="13" who="0" fromWho="3" sc="245,72,238,0,241,0,256,-52" /><INIT seed="3,0,0,2,1,103" ten="317,238,241,204" oya="3" hai0="8,37,86,44,14,41,117,104,112,80,30,46,61" hai1="135,56,74,47,129,43,52,21,98,19,99,5,90" hai2="34,102,83,72,35,125,85,134,123,51,16,66,75" hai3="54,87,88,82,89,130,131,3,38,22,105,108,111"/><W132/><G3/><T32/><D117/><U13/><E135/><V24/><F134/><W40/><G132/><T113/><D46/><U23/><E129/><N who="3" m="49162" /><G54/><T128/><D128/><U116/><E116/><V107/><F66/><W121/><G121/><T77/><D61/><U115/><E115/><V114/><F114/><W7/><G7/><T25/><REACH who="0" step="1"/><D104/><REACH who="0" ten="307,238,241,204" step="2"/><U109/><E109/><N who="3" m="42058" /><G105/><T33/><D33/><U36/><E74/><V26/><F35/><W1/><G1/><T4/><AGARI ba="0,1" hai="4,8,14,25,30,32,37,41,44,77,80,86,112,113" machi="4" ten="30,4000,0" yaku="1,1,0,1,53,1" doraHai="103" doraHaiUra="76" who="0" fromWho="0" sc="307,50,238,-10,241,-10,204,-20" /><INIT seed="4,0,0,0,3,106" ten="357,228,231,184" oya="0" hai0="43,126,55,33,79,73,38,17,87,114,25,111,118" hai1="62,93,1,90,119,133,109,30,97,8,58,27,84" hai2="37,54,132,103,4,61,107,35,110,91,0,2,81" hai3="69,82,42,51,45,112,113,85,99,75,6,44,12"/><T124/><D118/><U9/><E109/><V94/><F35/><W86/><G69/><T100/><D114/><U16/><E133/><V95/><F110/><W19/><G6/><T67/><D67/><U34/><E119/><V78/><F37/><W74/><G99/><T41/><D111/><U104/><E1/><V46/><F132/><W28/><G28/><N who="0" m="19599" /><D38/><U15/><E104/><V24/><F94/><W36/><G85/><T102/><D87/><U21/><REACH who="1" step="1"/><E97/><REACH who="1" ten="357,218,231,184" step="2"/><V98/><F2/><W117/><G117/><T10/><D124/><U125/><E125/><V57/><F0/><W56/><G113/><T52/><D126/><U71/><E71/><V63/><F107/><W121/><G112/><T131/><D131/><U49/><E49/><V129/><F129/><W128/><G128/><T18/><D102/><U123/><E123/><V66/><F103/><W26/><G121/><T53/><D100/><U60/><E60/><V32/><F61/><W14/><G26/><T76/><D41/><U50/><E50/><V48/><F24/><W59/><G14/><T72/><D43/><U134/><E134/><V120/><F120/><W70/><G70/><T65/><D65/><AGARI ba="0,1" hai="8,9,15,16,21,27,30,34,58,62,65,84,90,93" machi="65" ten="30,3900,0" yaku="1,1,7,1,54,1,53,0" doraHai="106" doraHaiUra="116" who="1" fromWho="0" sc="357,-39,218,49,231,0,184,0" /><INIT seed="5,0,0,4,2,63" ten="318,267,231,184" oya="1" hai0="98,76,28,67,16,41,6,23,118,109,19,90,124" hai1="53,11,59,51,22,21,69,94,4,52,133,114,106" hai2="10,100,18,34,123,35,129,73,39,38,75,81,30" hai3="37,87,61,1,49,64,117,105,32,7,104,135,91"/><U47/><E106/><V42/><F123/><W108/><G108/><T56/><D118/><U54/><E69/><V134/><F100/><W121/><G121/><T86/><D109/><U36/><E114/><V116/><F18/><W24/><G37/><T9/><D41/><U107/><E107/><V60/><F30/><W131/><G131/><T97/><D76/><U26/><E133/><V85/><F85/><W40/><G117/><T95/><D124/><U12/><E94/><V3/><F116/><W58/><G135/><T132/><D28/><U125/><E125/><V83/><F83/><W115/><G115/><T57/><D57/><U14/><E36/><V70/><F129/><W43/><G24/><T89/><D132/><U120/><E120/><V33/><F134/><W79/><G79/><T78/><D78/><U102/><E102/><V20/><F20/><W103/><G32/><T44/><D44/><U48/><E14/><V110/><F81/><W31/><G31/><T82/><D23/><N who="1" m="8715" /><E26/><V55/><F110/><W66/><G104/><T84/><D97/><U77/><E77/><V15/><F15/><W113/><G113/><T112/><D98/><U65/><E47/><N who="2" m="24023" /><F39/><W5/><G1/><T68/><D68/><U27/><E27/><V101/><F101/><W46/><G103/><T119/><D119/><U126/><E126/><V62/><F3/><W45/><G105/><T128/><D128/><U127/><E127/><V71/><F71/><W80/><G43/><T92/><D92/><U29/><E29/><V8/><F33/><W0/><G0/><N who="0" m="199" /><D112/><U74/><E74/><RYUUKYOKU ba="0,0" sc="318,15,267,15,231,-15,184,-15" hai0="16,19,56,67,82,84,86,89,90,95" hai1="4,11,12,48,51,52,53,54,59,65" /><INIT seed="5,1,0,3,5,80" ten="333,282,216,169" oya="1" hai0="29,32,135,21,38,51,127,93,134,8,84,13,91" hai1="114,68,40,118,7,24,78,42,108,133,69,9,98" hai2="92,58,88,97,65,17,41,39,63,115,90,30,121" hai3="129,64,86,75,12,28,45,55,113,53,85,31,122"/><U103/><E118/><V43/><F121/><W123/><G75/><T48/><D32/><U15/><E114/><V83/><F39/><W89/><G64/><T33/><D33/><U44/><E42/><V16/><F30/><W47/><G12/><T34/><D34/><U105/><E24/><V72/><F115/><W23/><G113/><T76/><D38/><U124/><E133/><N who="0" m="50697" /><D76/><U14/><E124/><V107/><F107/><W4/><G89/><T110/><D110/><U130/><E130/><V125/><F125/><W57/><G57/><T11/><D127/><U27/><E27/><V111/><F111/><W77/><G77/><T46/><D29/><U109/><E15/><V54/><F65/><W128/><REACH who="3" step="1"/><G23/><REACH who="3" ten="333,282,216,159" step="2"/><T73/><D73/><U26/><E78/><V36/><F72/><W2/><G2/><T116/><D21/><U104/><E108/><V79/><F79/><W60/><G60/><T0/><D0/><U52/><E109/><V59/><F58/><W66/><G66/><T62/><D62/><U81/><E26/><V100/><F90/><W18/><G18/><N who="2" m="7273" /><F36/><W22/><G22/><T50/><D91/><U95/><E69/><V61/><F61/><W25/><G25/><T106/><D13/><U5/><E68/><V19/><F19/><W87/><G87/><AGARI ba="1,1" hai="41,43,54,59,63,83,87,88,92,97,100" m="7273" machi="87" ten="30,7700,0" yaku="8,1,52,1,54,2" doraHai="80" who="2" fromWho="3" sc="333,0,282,0,216,90,159,-80" /><INIT seed="6,0,0,3,4,90" ten="333,282,306,79" oya="2" hai0="4,58,30,38,55,74,65,105,120,123,32,62,59" hai1="119,37,47,129,18,53,76,9,26,73,114,3,102" hai2="44,101,118,106,57,108,128,111,83,89,6,113,107" hai3="110,27,8,28,97,66,88,86,125,40,72,10,61"/><V68/><F68/><W15/><G110/><N who="2" m="42025" /><F118/><W126/><G72/><T98/><D38/><U109/><E119/><V63/><F113/><W122/><G122/><T132/><D74/><U46/><E114/><V39/><F128/><W19/><G40/><T56/><D132/><U49/><E129/><V133/><F133/><W22/><G97/><T69/><D4/><U135/><E135/><V75/><F101/><W131/><G131/><T60/><D59/><U54/><E26/><V99/><F6/><W104/><G104/><T42/><D56/><U29/><E29/><V116/><F116/><W12/><G61/><T36/><D36/><U95/><E3/><V31/><F31/><W35/><G66/><T67/><D42/><U2/><E2/><V100/><F107/><W64/><G64/><T41/><D41/><U25/><E37/><V43/><F75/><W5/><REACH who="3" step="1"/><G35/><REACH who="3" ten="333,282,306,69" step="2"/><T117/><D67/><U7/><E109/><V20/><F63/><W78/><G78/><T45/><D117/><U91/><E76/><V92/><F106/><W80/><AGARI ba="0,1" hai="5,8,10,12,15,19,22,27,28,80,86,88,125,126" machi="80" ten="30,4000,0" yaku="1,1,0,1,54,1,53,0" doraHai="90" doraHaiUra="48" who="3" fromWho="3" sc="333,-10,282,-10,306,-20,69,50" /><INIT seed="7,0,0,2,4,4" ten="323,272,286,119" oya="3" hai0="50,26,74,132,41,124,9,52,60,53,65,77,5" hai1="73,70,6,59,86,83,125,85,96,80,121,75,106" hai2="115,55,23,112,81,1,43,127,40,2,10,45,54" hai3="24,12,56,93,69,32,37,47,66,134,46,99,135"/><W20/><G69/><T95/><D132/><N who="3" m="50729" /><G32/><T15/><D124/><U126/><E70/><V64/><F64/><W31/><G37/><T0/><D26/><U25/><E25/><V111/><F23/><W114/><G114/><N who="2" m="43561" /><F111/><W13/><G13/><T8/><D95/><U87/><E59/><V123/><F127/><N who="1" m="48649" /><E6/><N who="2" m="1359" /><F123/><W58/><G12/><T39/><D50/><U84/><E121/><V51/><F2/><W104/><G104/><T22/><D22/><U118/><E118/><V130/><F130/><W94/><G94/><T27/><D27/><U62/><E62/><V97/><F97/><W122/><G122/><T30/><D39/><U131/><E131/><V90/><F40/><W68/><G68/><T116/><D41/><U3/><E3/><V129/><F129/><W120/><G120/><T133/><D133/><U109/><E109/><V82/><F90/><N who="3" m="55735" /><G58/><T61/><D15/><U18/><E18/><V14/><F14/><W33/><G33/><T117/><D0/><U63/><N who="1" m="21504" /><DORA hai="100" /><U101/><E63/><AGARI ba="0,0" hai="20,24,31,46,47,56,63,66" m="55735,50729" machi="63" ten="30,1500,0" yaku="20,1" doraHai="4,100" who="3" fromWho="1" sc="323,0,272,-15,286,0,119,15" /><INIT seed="7,1,0,3,0,111" ten="323,257,286,134" oya="3" hai0="115,19,120,27,57,107,95,119,38,30,50,94,89" hai1="28,129,80,77,4,117,97,48,49,16,22,26,100" hai2="45,14,105,110,59,44,90,12,127,74,69,71,17" hai3="72,73,32,6,56,10,36,23,33,103,118,128,82"/><W63/><G118/><T133/><D38/><U7/><E117/><V40/><F74/><W62/><G36/><T1/><D107/><U113/><E129/><V76/><F110/><W47/><G103/><T125/><D125/><U83/><E113/><V67/><F105/><W24/><G128/><T134/><D120/><U96/><E28/><V79/><F127/><W15/><G47/><T126/><D126/><U54/><E49/><V70/><F90/><W86/><G72/><T31/><D115/><U68/><E68/><V130/><F130/><W21/><G73/><T99/><D1/><U60/><E60/><V87/><F87/><W64/><G62/><T37/><D37/><U2/><E2/><V0/><F0/><W135/><G135/><T11/><D95/><N who="1" m="58399" /><E97/><V112/><F112/><W66/><G66/><T102/><D102/><U132/><E132/><V109/><F109/><W122/><G122/><T98/><D98/><U3/><E3/><V46/><F40/><W114/><G114/><T106/><D106/><U91/><E91/><V18/><F59/><W84/><G84/><T20/><D119/><U43/><E43/><V8/><REACH who="2" step="1"/><F67/><REACH who="2" ten="323,257,276,134" step="2"/><W34/><REACH who="3" step="1"/><G24/><REACH who="3" ten="323,257,276,124" step="2"/><T58/><D134/><U42/><E42/><V25/><F25/><W121/><G121/><T9/><D133/><U104/><E104/><V29/><F29/><W92/><G92/><T61/><D30/><U13/><E26/><V5/><F5/><N who="1" m="2121" /><E83/><V81/><F81/><W41/><G41/><T55/><D31/><U85/><E85/><V123/><F123/><W75/><G75/><T53/><AGARI ba="1,2" hai="9,11,19,20,27,50,53,55,57,58,61,89,94,99" machi="53" ten="20,12000,2" yaku="5,1,0,1,7,1,25,2,8,1" doraHai="111" who="0" fromWho="0" sc="323,143,257,-31,276,-31,124,-61" owari="466,56.6,226,-17.4,245,4.5,63,-43.7" /></mjloggm>