<mjloggm ver="2.3"><GO type="169" lobby="0"/><UN n0="%43%52%41%5A%59%42%45%45" n1="%E9%87%A3%E3%82%8A%E6%97%A5%E5%92%8C" n2="%E5%B2%A9%E4%B8%8A%E9%80%9A%E3%82%8A" n3="%E9%9B%AA%E3%81%AE%E8%8F%AF" dan="18,17,16,16" rate="2208.53,2176.05,2111.84,2126.14" sx="F,M,M,F"/><TAIKYOKU oya="0"/><INIT seed="0,0,0,5,5,122" ten="250,250,250,250" oya="0" hai0="29,27,104,80,41,61,3,24,133,130,50,30,33" hai1="70,52,93,134,112,94,1,128,66,64,75,96,8" hai2="0,51,78,54,34,72,37,63,89,108,92,79,117" hai3="119,25,5,99,87,76,36,131,86,4,121,16,124"/><T55/><D133/><U26/><E75/><V120/><F37/><W81/><G119/><T115/><D115/><U45/><E134/><V22/><F34/><W68/><G36/><T88/><D104/><U7/><E112/><V11/><F120/><W56/><G68/><T53/><D3/><U13/><E128/><V113/><F113/><W132/><G132/><T32/><D130/><U102/><E70/><V10/><F63/><W60/><G131/><T103/><D103/><U77/><E1/><V98/><F72/><W44/><G44/><T14/><D14/><U42/><E77/><V109/><F22/><W47/><G47/><T40/><D61/><U129/><E129/><V39/><F39/><W110/><G110/><N who="2" m="42601" /><F117/><W35/><G124/><T123/><D123/><U105/><E42/><V21/><F21/><N who="3" m="13479" /><G35/><T48/><D48/><N who="1" m="28687" /><E105/><V71/><F71/><W46/><G121/><T20/><D20/><U38/><E38/><V85/><F98/><W126/><G99/><T69/><D69/><U59/><E26/><V19/><F19/><W9/><G126/><T116/><D116/><U58/><E66/><V114/><F114/><W62/><G60/><T100/><D50/><U91/><E64/><V6/><F11/><W65/><G9/><T28/><D28/><U127/><E127/><V57/><AGARI ba="0,0" hai="0,6,10,51,54,57,78,79,85,89,92" m="42601" machi="57" ten="30,7900,0" yaku="14,1,52,3" doraHai="122" who="2" fromWho="2" sc="250,-39,250,-20,250,79,250,-20" /><INIT seed="1,0,0,0,3,133" ten="211,230,329,230" oya="1" hai0="28,93,46,30,0,78,56,55,42,49,135,77,14" hai1="81,116,123,29,83,51,34,3,11,52,71,96,9" hai2="75,6,63,100,118,40,15,82,13,26,27,94,8" hai3="59,35,69,38,110,102,86,122,58,1,97,112,2"/><U18/><E116/><V104/><F118/><W12/><G69/><T87/><D0/><U103/><E123/><V114/><F104/><W43/><G112/><T89/><D135/><U17/><E71/><V53/><F40/><W72/><G110/><T62/><REACH who="0" step="1"/><D14/><REACH who="0" ten="201,230,329,230" step="2"/><U66/><E34/><V127/><F114/><W76/><G12/><T36/><D36/><U108/><E108/><V128/><F15/><W101/><G1/><T45/><D45/><U109/><E109/><V7/><F13/><W50/><G2/><T119/><D119/><U80/><E3/><V65/><F7/><W22/><G38/><T129/><D129/><U91/><E11/><V64/><F6/><W73/><G122/><T92/><D92/><U130/><E9/><V54/><F94/><W132/><G132/><T24/><D24/><U47/><E130/><V4/><F4/><W121/><G121/><T67/><D67/><U125/><E66/><V37/><F37/><W41/><G35/><T23/><D23/><U124/><E29/><AGARI ba="0,1" hai="28,29,30,42,46,49,55,56,62,77,78,87,89,93" machi="29" ten="40,2600,0" yaku="1,1,8,1,53,0" doraHai="133" doraHaiUra="131" who="0" fromWho="1" sc="201,36,230,-26,329,0,230,0" /><INIT seed="2,0,0,5,1,17" ten="237,204,329,230" oya="2" hai0="51,25,80,134,49,128,135,24,57,8,0,114,130" hai1="100,112,109,46,74,93,30,92,62,23,122,29,73" hai2="2,54,3,124,58,123,79,97,105,1,111,6,71" hai3="65,108,129,33,27,35,127,99,121,53,76,5,133"/><V28/><F123/><W4/><G121/><T85/><D114/><U37/><E122/><V59/><F71/><W81/><G108/><T41/><D25/><U96/><E112/><V47/><F79/><W14/><G129/><N who="0" m="49771" /><D24/><U48/><E37/><V106/><F28/><W18/><G133/><N who="0" m="50699" /><D41/><U40/><E109/><V45/><F97/><W132/><G132/><T56/><D56/><U34/><E34/><V90/><F90/><W103/><G27/><T89/><D57/><U107/><E30/><V126/><F6/><AGARI ba="0,0" hai="0,6,8,49,51,80,85,89" m="50699,49771" machi="6" ten="30,2000,0" yaku="19,1,20,1" doraHai="17" who="0" fromWho="2" sc="237,20,204,0,329,-20,230,0" /><INIT seed="3,0,0,3,5,130" ten="257,204,309,230" oya="3" hai0="96,107,74,9,76,77,114,72,101,16,121,1,131" hai1="60,95,28,86,66,34,106,55,58,132,3,40,83" hai2="41,104,88,46,25,67,27,68,64,112,92,69,59" hai3="37,99,113,81,21,56,134,97,14,123,24,23,52"/><W47/><G113/><T43/><D114/><U84/><E106/><V50/><F104/><W49/><G123/><T80/><D121/><U94/><E3/><V105/><F105/><W135/><G81/><T93/><D131/><U10/><E40/><V103/><F103/><W126/><G126/><T85/><D1/><U71/><E10/><V8/><F112/><W54/><G14/><T30/><D30/><U102/><E84/><V4/><F69/><W51/><G37/><T111/><D43/><U90/><E28/><V61/><F67/><W29/><REACH who="3" step="1"/><G21/><REACH who="3" ten="257,204,309,220" step="2"/><T82/><D82/><U63/><E34/><V87/><F68/><W122/><G122/><T48/><D80/><U35/><E35/><V32/><F32/><W39/><G39/><T109/><D109/><U38/><E38/><V62/><REACH who="2" step="1"/><F61/><REACH who="2" ten="257,204,299,220" step="2"/><W5/><G5/><T42/><D111/><U26/><E63/><V2/><AGARI ba="0,2" hai="2,4,8,25,27,41,46,50,59,62,64,87,88,92" machi="2" ten="20,12000,2" yaku="1,1,2,1,0,1,7,1,54,1,53,2" doraHai="130" doraHaiUra="20" who="2" fromWho="2" sc="257,-30,204,-30,299,140,220,-60" /><INIT seed="4,0,0,1,0,118" ten="227,174,439,160" oya="0" hai0="13,38,41,57,9,25,96,44,92,54,83,23,90" hai1="35,132,121,34,12,81,119,79,55,8,133,125,76" hai2="4,50,69,75,131,2,103,16,7,73,135,18,60" hai3="89,71,33,95,108,115,46,101,116,67,15,32,6"/><T77/><D9/><U80/><E119/><V97/><F131/><W29/><G116/><T100/><D13/><U48/><E125/><V61/><F135/><N who="1" m="51785" /><E121/><V39/><F39/><W63/><G108/><T87/><D100/><U19/><E80/><V64/><F50/><W110/><G110/><T36/><D44/><N who="1" m="28039" /><E79/><V113/><F113/><W122/><G115/><T56/><D41/><U124/><E124/><V65/><F97/><W59/><G122/><T112/><D56/><U98/><E98/><V109/><F109/><W47/><G101/><T93/><D93/><U17/><E17/><V3/><F103/><W126/><G126/><T88/><D77/><U0/><E0/><V49/><F49/><W1/><G1/><T53/><D112/><U27/><E27/><V68/><AGARI ba="0,0" hai="2,3,4,7,16,18,60,61,64,65,68,69,73,75" machi="68" ten="25,6400,0" yaku="0,1,22,2,54,1" doraHai="118" who="2" fromWho="2" sc="227,-32,174,-16,439,64,160,-16" /><INIT seed="5,0,0,2,1,96" ten="195,158,503,144" oya="1" hai0="123,8,54,108,117,17,113,129,60,90,128,24,32" hai1="16,92,68,3,19,20,88,132,80,79,103,2,116" hai2="77,98,130,29,67,120,21,115,47,99,70,127,44" hai3="33,45,58,18,81,50,13,97,100,63,95,55,122"/><U59/><E68/><V64/><F77/><W133/><G122/><T89/><D108/><U31/><E116/><V119/><F70/><W71/><G133/><T56/><D117/><U85/><E132/><V66/><F120/><W7/><G71/><T107/><D123/><U75/><E59/><V61/><F127/><W62/><G33/><T4/><D107/><U111/><E111/><V51/><F130/><N who="0" m="50282" /><D113/><U109/><E109/><V112/><F61/><W15/><G81/><T94/><D94/><U114/><E114/><N who="2" m="43563" /><F47/><W125/><G125/><T6/><D6/><U28/><E19/><V35/><F35/><W69/><G69/><T49/><D60/><U87/><E75/><V84/><F84/><W40/><G7/><T43/><D43/><U48/><E48/><V131/><F119/><W23/><REACH who="3" step="1"/><G62/><REACH who="3" ten="195,158,503,134" step="2"/><T14/><D4/><U73/><E73/><V26/><F131/><W121/><G121/><T42/><D32/><U124/><E124/><V36/><F36/><W22/><G22/><T11/><D11/><U5/><E5/><V86/><F21/><W9/><G9/><T1/><D8/><U12/><REACH who="1" step="1"/><E103/><REACH who="1" ten="195,148,503,134" step="2"/><V76/><F51/><W74/><G74/><T93/><D49/><U78/><E78/><V104/><F76/><W30/><G30/><AGARI ba="0,2" hai="2,3,12,16,20,28,30,31,79,80,85,87,88,92" machi="30" ten="40,12000,1" yaku="1,1,54,2,53,1" doraHai="96" doraHaiUra="72" who="1" fromWho="3" sc="195,0,148,140,503,0,134,-120" /><INIT seed="5,1,0,3,4,19" ten="195,288,503,14" oya="1" hai0="62,134,66,70,80,122,100,54,28,7,24,30,1" hai1="51,79,60,52,34,74,101,64,23,38,113,115,10" hai2="9,77,105,117,13,57,41,128,56,15,59,132,14" hai3="118,11,67,120,63,73,114,131,69,27,116,3,42"/><U99/><E34/><V123/><F105/><W8/><G120/><T17/><D122/><U36/><E10/><V32/><F117/><N who="3" m="45163" /><G73/><T2/><D134/><U37/><E79/><V89/><F32/><W81/><G114/><N who="1" m="43530" /><E74/><V84/><F132/><W78/><G131/><T110/><D110/><U55/><E23/><V48/><F128/><W46/><G3/><T18/><D100/><U33/><E33/><V44/><F123/><W71/><G27/><T31/><D80/><U61/><E60/><V20/><F77/><W133/><G69/><T0/><D7/><U96/><E96/><V82/><F20/><W43/><G133/><T129/><D129/><U92/><E51/><V75/><F75/><N who="3" m="43231" /><G42/><T68/><D68/><AGARI ba="1,0" hai="36,37,38,52,55,61,64,68,92,99,101" m="43530" machi="68" ten="40,3900,0" yaku="15,1,54,1" doraHai="19" who="1" fromWho="0" sc="195,-42,288,42,503,0,14,0" /><INIT seed="5,2,0,4,2,33" ten="153,330,503,14" oya="1" hai0="71,72,31,106,8,105,120,83,124,87,104,118,91" hai1="21,107,77,103,12,29,62,67,39,25,75,11,50" hai2="82,23,135,119,24,0,42,51,26,78,96,115,43" hai3="114,47,56,110,37,59,68,35,100,70,36,112,58"/><U69/><E39/><N who="3" m="14922" /><G35/><T84/><D71/><N who="3" m="27177" /><G110/><T133/><D118/><U81/><E50/><V94/><F0/><W88/><G100/><T46/><D46/><U121/><E121/><V22/><F135/><W90/><G47/><T61/><D133/><U102/><REACH who="1" step="1"/><E107/><REACH who="1" ten="153,320,503,14" step="2"/><V80/><F51/><W13/><G13/><T64/><D104/><U20/><E20/><V127/><F23/><W66/><G66/><T99/><D105/><U14/><E14/><V49/><F49/><W117/><G117/><T27/><D106/><U28/><E28/><V32/><F22/><W7/><G7/><AGARI ba="2,1" hai="7,11,12,21,25,29,62,67,69,75,77,81,102,103" machi="7" ten="30,5800,0" yaku="1,1,7,1,53,1" doraHai="33" doraHaiUra="63" who="1" fromWho="3" sc="153,0,320,74,503,0,14,-64" owari="153,-24.7,394,19.4,503,60.3,-50,-55.0" /></mjloggm>