<mjloggm ver="2.3"><GO type="169" lobby="0"/><UN n0="%E6%9C%88%E5%A4%9C%E3%81%AB%E9%A2%A8" n1="%48%41%43%4F" n2="%62%69%70%73%64" n3="%E3%81%93%E3%81%AB" dan="16,16,18,16" rate="2078.67,2073.18,2271.74,2135.24" sx="M,M,M,M"/><TAIKYOKU oya="0"/><INIT seed="0,0,0,4,5,99" ten="250,250,250,250" oya="0" hai0="14,23,79,25,95,2,106,24,0,51,92,85,78" hai1="90,118,49,21,43,7,114,74,37,47,58,56,77" hai2="68,84,130,91,128,115,72,100,126,9,29,105,45" hai3="39,96,62,87,131,81,80,122,88,83,76,65,89"/><T12/><D106/><U133/><E118/><V57/><F68/><W113/><G39/><T55/><D23/><U34/><E34/><V66/><F29/><W123/><G113/><T17/><D17/><U120/><E120/><N who="3" m="46122" /><G131/><T35/><D85/><U48/><E133/><V86/><F9/><W33/><G33/><T15/><D35/><U71/><E71/><V121/><F57/><W110/><G62/><T27/><D55/><U26/><E7/><V111/><F84/><N who="3" m="50183" /><G65/><T70/><D51/><U36/><E36/><V18/><F66/><W125/><G110/><T28/><D28/><U6/><E37/><V44/><F111/><W38/><G38/><T124/><D124/><U54/><E114/><V4/><F126/><W53/><G53/><T98/><D98/><U3/><E3/><N who="0" m="1065" /><D70/><U116/><E116/><V40/><F115/><W112/><G112/><T63/><D63/><U82/><E6/><V102/><F4/><W107/><G125/><T134/><D134/><U60/><E58/><V109/><F44/><W69/><G69/><T67/><D67/><U32/><E32/><V94/><F45/><W42/><G42/><T127/><D127/><U46/><E46/><V16/><F40/><W31/><G31/><T13/><N who="0" m="3072" /><DORA hai="8" /><T97/><D97/><U11/><E11/><V61/><F121/><W50/><G50/><T30/><D30/><N who="1" m="17743" /><E49/><V104/><F61/><W101/><G76/><AGARI ba="0,0" hai="24,25,27,76,78,79,92,95" m="3072,1065" machi="76" ten="50,18000,2" yaku="28,2,52,4" doraHai="99,8" who="0" fromWho="3" sc="250,180,250,0,250,0,250,-180" /><INIT seed="0,1,0,2,3,64" ten="430,250,250,70" oya="0" hai0="16,69,67,73,85,8,31,88,103,74,53,56,110" hai1="111,38,50,60,125,132,63,25,41,124,4,43,0" hai2="65,96,129,27,48,118,54,12,29,80,101,83,115" hai3="11,133,109,102,24,15,52,68,82,120,62,77,75"/><T1/><D103/><U39/><E0/><V28/><F115/><W104/><G109/><T112/><D112/><U78/><E78/><V51/><F129/><W2/><G2/><T40/><D40/><N who="1" m="15435" /><E4/><V90/><F65/><W46/><G133/><T89/><D31/><U94/><E25/><V61/><F118/><W18/><G120/><T6/><D89/><U35/><E35/><V131/><F131/><W99/><G24/><T119/><D119/><U135/><E94/><V30/><F27/><W106/><G46/><T37/><D37/><N who="1" m="13835" /><E50/><N who="2" m="18987" /><F101/><W127/><G127/><N who="1" m="48714" /><E111/><V121/><F12/><W70/><REACH who="3" step="1"/><G104/><REACH who="3" ten="430,250,250,60" step="2"/><T21/><D110/><U95/><E95/><N who="2" m="56439" /><F121/><W71/><G71/><T9/><D69/><U107/><E107/><V22/><F29/><W58/><AGARI ba="1,1" hai="11,15,18,52,58,62,68,70,75,77,82,99,102,106" machi="58" ten="30,8000,1" yaku="1,1,0,1,52,2,54,1,53,0" doraHai="64" doraHaiUra="3" who="3" fromWho="3" sc="430,-41,250,-21,250,-21,60,93" /><INIT seed="1,0,0,4,4,99" ten="389,229,229,153" oya="1" hai0="20,115,2,80,61,96,56,110,78,116,121,3,84" hai1="134,60,88,108,109,71,117,92,24,58,32,5,69" hai2="38,111,95,15,26,90,123,86,50,75,74,16,54" hai3="43,21,14,28,4,35,118,119,79,127,94,103,39"/><U34/><E134/><V91/><F123/><W73/><G127/><T85/><D115/><U132/><E132/><V68/><F38/><W47/><G35/><T72/><D116/><N who="3" m="44585" /><G28/><T63/><D110/><N who="1" m="42603" /><E117/><V81/><F68/><N who="1" m="26185" /><E5/><V77/><F111/><W44/><G44/><T1/><D121/><U67/><E24/><V83/><F26/><W126/><G126/><T8/><D8/><U93/><E93/><V42/><F42/><W102/><G94/><T113/><D113/><U98/><AGARI ba="0,0" hai="32,34,58,60,67,88,92,98" m="26185,42603" machi="98" ten="30,6000,0" yaku="14,1,10,1,54,1" doraHai="99" who="1" fromWho="1" sc="389,-20,229,60,229,-20,153,-20" /><INIT seed="1,1,0,4,5,55" ten="369,289,209,133" oya="1" hai0="78,65,6,75,114,33,96,73,1,43,86,12,134" hai1="60,23,130,29,39,59,93,126,72,107,63,52,27" hai2="13,120,97,132,19,54,48,121,123,106,124,95,81" hai3="71,129,35,46,18,3,8,80,111,44,104,45,117"/><U115/><E107/><V31/><F106/><W15/><G111/><T67/><D114/><U42/><E115/><V131/><F131/><W9/><G129/><T69/><D1/><U7/><E130/><V61/><F132/><W127/><G35/><T53/><D33/><U94/><E72/><V113/><F113/><W22/><G104/><T66/><D69/><U37/><E126/><V24/><F81/><W112/><G112/><T109/><D109/><U38/><E7/><V135/><F135/><W11/><G127/><T91/><D43/><U87/><E42/><V58/><F124/><W118/><G71/><T5/><D96/><U2/><E2/><V100/><F48/><W102/><G3/><T40/><D40/><U125/><E125/><V90/><F100/><W26/><G102/><T77/><D12/><U51/><REACH who="1" step="1"/><E87/><REACH who="1" ten="369,279,209,133" step="2"/><V0/><F0/><W21/><REACH who="3" step="1"/><G80/><REACH who="3" ten="369,279,209,123" step="2"/><N who="0" m="49607" /><D134/><U57/><E57/><V25/><REACH who="2" step="1"/><F31/><AGARI ba="1,2" hai="8,9,11,15,18,21,22,26,31,44,45,46,117,118" machi="31" ten="40,1300,0" yaku="1,1,53,0" doraHai="55" doraHaiUra="108" who="3" fromWho="2" sc="369,0,279,0,209,-16,123,36" /><INIT seed="2,0,0,0,3,53" ten="369,279,193,159" oya="2" hai0="27,128,28,60,37,0,24,23,7,44,70,97,4" hai1="64,69,20,76,124,8,34,106,46,73,110,115,90" hai2="104,18,122,92,17,116,31,121,125,74,113,36,25" hai3="134,68,63,102,94,99,130,45,1,135,85,100,95"/><V78/><F104/><W114/><G1/><T82/><D128/><U84/><E34/><V51/><F36/><W107/><G45/><T5/><D97/><U105/><E115/><V133/><F113/><W77/><G114/><T61/><D0/><U59/><E69/><V131/><F74/><W39/><G63/><T16/><D70/><U55/><E64/><V32/><F78/><W111/><G39/><T14/><D82/><U33/><E33/><V81/><F81/><N who="3" m="47279" /><G68/><T103/><D103/><N who="3" m="39465" /><G130/><T29/><D44/><U6/><E46/><V79/><F79/><W118/><G118/><T21/><REACH who="0" step="1"/><D37/><REACH who="0" ten="359,279,193,159" step="2"/><U41/><E73/><V49/><F131/><W15/><G111/><T86/><D86/><U62/><E110/><V72/><F72/><W13/><G107/><T93/><D93/><N who="3" m="35337" /><G15/><T26/><D26/><U2/><E106/><V67/><F25/><W56/><G13/><T109/><D109/><U83/><E105/><V54/><F116/><W57/><G99/><T52/><D52/><U47/><E47/><V30/><F54/><W120/><G120/><T101/><D101/><U38/><E38/><V96/><F96/><W87/><G87/><T98/><D98/><U129/><E129/><V43/><F122/><W71/><G71/><T11/><AGARI ba="0,1" hai="4,5,7,11,14,16,21,23,24,27,28,29,60,61" machi="11" ten="30,8000,1" yaku="1,1,0,1,9,1,8,1,54,1,53,0" doraHai="53" doraHaiUra="123" who="0" fromWho="0" sc="359,90,279,-20,193,-40,159,-20" /><INIT seed="3,0,0,2,0,68" ten="449,259,153,139" oya="3" hai0="113,17,130,91,57,107,104,30,127,79,19,15,33" hai1="105,96,23,49,38,134,120,112,121,27,70,46,43" hai2="14,59,1,108,18,48,126,0,93,21,100,62,97" hai3="50,7,2,115,53,5,102,56,45,84,52,119,8"/><W117/><G115/><T64/><D127/><U133/><E105/><V110/><F48/><W24/><G102/><T47/><D130/><U37/><E96/><V111/><REACH who="2" step="1"/><F126/><REACH who="2" ten="449,259,143,139" step="2"/><W39/><G39/><N who="1" m="14858" /><E112/><V103/><F103/><W35/><G7/><T122/><D113/><U95/><E70/><V51/><F51/><W58/><G45/><T89/><D47/><U75/><E49/><V124/><F124/><W67/><G67/><AGARI ba="0,1" hai="0,1,14,18,21,59,62,67,93,97,100,108,110,111" machi="67" ten="40,2600,0" yaku="1,1,14,1,53,0" doraHai="68" doraHaiUra="28" who="2" fromWho="3" sc="449,0,259,0,143,36,139,-26" /><INIT seed="4,0,0,2,2,82" ten="449,259,179,113" oya="0" hai0="15,122,12,97,120,84,48,14,26,121,52,95,127" hai1="125,73,57,33,88,59,27,56,70,17,100,31,23" hai2="64,37,103,99,66,5,132,128,2,34,130,117,4" hai3="54,81,45,110,29,107,98,119,134,7,85,112,60"/><T83/><D127/><U18/><E73/><V36/><F34/><W25/><G110/><T106/><D106/><U8/><E70/><V89/><F89/><W28/><G119/><T115/><D115/><U123/><E123/><V102/><F99/><W111/><G111/><T131/><D131/><N who="2" m="50218" /><F2/><W20/><G112/><T16/><D26/><U65/><E125/><V32/><F32/><W24/><G134/><T124/><D124/><U87/><E33/><V126/><F126/><W49/><G7/><N who="2" m="2633" /><F132/><W50/><G60/><T86/><D83/><N who="1" m="49279" /><E100/><N who="2" m="38443" /><F117/><W104/><G98/><T39/><D121/><U96/><E96/><V105/><F105/><W71/><G71/><T79/><D97/><U94/><E94/><V91/><F91/><W51/><G104/><T101/><D101/><U75/><E75/><V93/><F93/><W40/><G107/><T90/><D122/><U53/><E65/><AGARI ba="0,0" hai="36,37,64,65,66" m="38443,2633,50218" machi="65" ten="30,3900,0" yaku="28,2,19,1" doraHai="82" who="2" fromWho="1" sc="449,0,259,-39,179,39,113,0" /><INIT seed="5,0,0,1,0,74" ten="449,220,218,113" oya="1" hai0="30,20,81,88,92,83,105,40,26,91,70,50,22" hai1="1,124,77,23,13,97,63,67,5,106,61,48,57" hai2="78,44,45,75,37,49,9,36,34,64,134,72,113" hai3="39,66,7,47,103,62,42,43,15,69,8,84,128"/><U56/><E124/><V85/><F34/><W98/><G128/><T38/><D38/><U110/><E1/><V99/><F134/><W6/><G43/><T51/><D70/><U102/><E110/><V127/><F64/><W29/><G84/><N who="0" m="50191" /><D105/><U123/><E123/><V80/><F44/><W21/><G21/><N who="0" m="8299" /><D40/><U28/><E48/><V116/><F116/><W41/><G41/><T118/><D26/><U11/><E28/><V24/><F72/><W94/><REACH who="3" step="1"/><G29/><REACH who="3" ten="449,220,218,103" step="2"/><T90/><D30/><U95/><E23/><V119/><F85/><W4/><AGARI ba="0,1" hai="4,6,7,8,15,39,42,47,62,66,69,94,98,103" machi="4" ten="20,8000,1" yaku="1,1,2,1,0,1,7,1,53,1" doraHai="74" doraHaiUra="60" who="3" fromWho="3" sc="449,-20,220,-40,218,-20,103,90" /><INIT seed="6,0,0,5,4,18" ten="429,180,198,193" oya="2" hai0="21,128,75,85,57,29,81,135,127,30,3,9,60" hai1="111,66,35,77,106,47,98,22,67,102,96,103,55" hai2="113,92,70,1,37,95,108,49,114,41,39,80,40" hai3="56,12,24,78,125,100,53,88,14,76,7,42,19"/><V94/><F1/><W16/><G125/><T79/><D128/><U13/><E111/><V97/><F70/><W115/><G100/><T110/><D135/><U11/><E35/><V38/><F108/><W54/><G42/><N who="2" m="16489" /><F49/><N who="3" m="30767" /><G115/><N who="2" m="44041" /><F80/><W48/><G7/><T129/><D129/><U34/><E34/><V116/><F116/><W23/><G24/><T99/><D127/><U50/><E77/><V63/><F63/><W65/><G65/><T15/><D75/><U33/><E33/><V123/><F123/><W105/><G105/><T87/><D81/><U124/><E22/><V91/><AGARI ba="0,0" hai="37,38,39,91,92,94,95,97" m="44041,16489" machi="91" ten="40,2100,0" yaku="15,1" doraHai="18" who="2" fromWho="2" sc="429,-7,180,-7,198,21,193,-7" /><INIT seed="6,1,0,2,3,50" ten="422,173,219,186" oya="2" hai0="78,98,41,90,24,65,86,118,7,95,51,9,40" hai1="103,92,12,97,11,87,43,119,79,46,33,53,100" hai2="39,102,85,125,19,135,29,37,5,31,13,64,116" hai3="115,67,88,84,60,18,70,99,62,110,17,111,134"/><V75/><F75/><W21/><G134/><T58/><D24/><U32/><E119/><V55/><F116/><W91/><G115/><T93/><D78/><U47/><E33/><V106/><F39/><W112/><G112/><T45/><D65/><U74/><E32/><V28/><F37/><W113/><G113/><T8/><D58/><U20/><E20/><V26/><F64/><W83/><G62/><T80/><D40/><U127/><E74/><V68/><F68/><W59/><G70/><T133/><D133/><U36/><E127/><V23/><F106/><W25/><REACH who="3" step="1"/><G18/><REACH who="3" ten="422,173,219,176" step="2"/><T4/><D118/><U108/><E108/><V27/><F19/><W89/><G89/><T126/><D90/><U2/><E2/><V81/><F135/><W94/><AGARI ba="1,1" hai="17,21,25,59,60,67,83,84,88,91,94,99,110,111" machi="94" ten="30,4000,0" yaku="1,1,0,1,54,1,53,0" doraHai="50" doraHaiUra="105" who="3" fromWho="3" sc="422,-11,173,-11,219,-21,176,53" /><INIT seed="7,0,0,3,3,72" ten="411,162,198,229" oya="3" hai0="60,66,74,96,20,85,102,93,120,59,7,81,26" hai1="124,44,89,113,97,64,8,133,91,90,88,33,84" hai2="42,76,121,1,43,19,30,32,23,3,34,58,21" hai3="51,109,31,119,105,25,78,132,18,82,123,54,71"/><W15/><G119/><T48/><D120/><U4/><E33/><V63/><F121/><W56/><G123/><T9/><D48/><U122/><E122/><V126/><F126/><W101/><G132/><T95/><D74/><U62/><E124/><V35/><F76/><W28/><G109/><T52/><D93/><U106/><E133/><V69/><F69/><W115/><G115/><T17/><D66/><U110/><E110/><V135/><F30/><W13/><G13/><N who="0" m="5311" /><D85/><U53/><E113/><V70/><F70/><W127/><G71/><T107/><D107/><U83/><E64/><V125/><F125/><W6/><G6/><T41/><D81/><U117/><E106/><V45/><F43/><AGARI ba="0,0" hai="17,20,26,41,43,52,59,60,95,96,102" m="5311" machi="43" ten="30,2000,0" yaku="8,1,54,1" doraHai="72" who="0" fromWho="2" sc="411,20,162,0,198,-20,229,0" owari="431,53.1,162,-33.8,178,-22.2,229,2.9" /></mjloggm>