<mjloggm ver="2.3"><GO type="169" lobby="0"/><UN n0="%E3%81%99%E3%81%84%E3%81%A1%E3%82%83%E3%82%93%E5%A4%A7%E5%A5%BD%E3%81%8D" n1="%E6%A4%9B%E5%8D%97" n2="%54%61%62%61%73%63%6F" n3="%E5%85%A9%E5%84%80%E4%B8%B6%E5%BC%8F" dan="16,18,16,16" rate="2112.71,2205.33,2107.10,2135.31" sx="M,F,M,M"/><TAIKYOKU oya="0"/><INIT seed="0,0,0,2,5,41" ten="250,250,250,250" oya="0" hai0="69,122,61,73,130,121,134,98,43,128,53,27,3" hai1="13,45,78,81,7,35,23,101,109,80,25,65,33" hai2="115,9,107,15,95,51,111,87,106,17,96,85,74" hai3="4,6,31,105,131,48,63,36,2,16,37,52,120"/><T21/><D3/><U42/><E109/><V29/><F74/><W99/><G31/><T79/><D134/><U83/><E101/><V20/><F111/><W26/><G131/><N who="0" m="50219" /><D98/><U64/><E78/><V39/><F39/><W84/><G63/><T104/><D104/><U10/><E35/><V124/><F124/><W132/><G132/><T40/><D73/><U94/><E94/><V77/><F115/><W22/><G120/><N who="0" m="46187" /><D79/><U18/><REACH who="1" step="1"/><E33/><REACH who="1" ten="250,240,250,250" step="2"/><V126/><F77/><W30/><G105/><T8/><D8/><U71/><E71/><V67/><F107/><W44/><G99/><T32/><D32/><U24/><E24/><V1/><F106/><W46/><G30/><T60/><D27/><U50/><AGARI ba="0,1" hai="7,10,13,18,23,25,42,45,50,64,65,80,81,83" machi="50" ten="30,8000,1" yaku="1,1,0,1,8,1,52,1,53,1" doraHai="41" doraHaiUra="5" who="1" fromWho="1" sc="250,-40,240,90,250,-20,250,-20" /><INIT seed="1,0,0,2,1,93" ten="210,330,230,230" oya="1" hai0="61,124,70,32,65,52,102,43,126,121,107,109,116" hai1="75,8,96,50,5,62,19,118,35,80,40,92,113" hai2="10,63,57,82,47,87,9,101,39,108,49,12,2" hai3="27,16,84,128,115,110,114,119,48,17,60,104,120"/><U7/><E113/><N who="3" m="43018" /><G104/><T45/><D116/><U28/><E118/><V24/><F108/><W66/><G119/><T25/><D109/><U86/><E75/><V15/><F39/><W58/><G110/><T71/><D121/><U55/><E35/><V117/><F117/><W127/><G120/><T31/><D70/><U14/><E28/><V38/><F38/><W133/><G48/><T79/><D79/><U135/><E135/><V74/><F24/><W4/><G4/><T130/><D130/><U56/><E40/><V103/><F2/><W51/><G51/><T88/><D88/><N who="1" m="51271" /><E50/><V54/><F74/><W95/><G133/><T13/><D13/><U42/><E42/><V98/><F101/><AGARI ba="0,0" hai="5,7,8,14,19,55,56,62,92,96,101" m="51271" machi="101" ten="30,5800,0" yaku="8,1,52,1,54,1" doraHai="93" who="1" fromWho="2" sc="210,0,330,58,230,-58,230,0" /><INIT seed="1,1,0,1,5,134" ten="210,388,172,230" oya="1" hai0="72,2,38,31,132,75,52,86,96,76,60,125,74" hai1="26,35,94,42,12,113,28,7,105,71,30,79,0" hai2="43,64,29,99,108,133,104,116,63,6,13,87,106" hai3="34,20,102,135,51,69,127,22,118,25,44,80,21"/><U62/><E105/><V54/><F116/><W40/><G69/><T122/><D132/><U9/><E113/><V41/><F133/><W47/><G135/><T45/><D2/><U126/><E30/><V61/><F108/><W39/><G118/><T50/><D122/><U93/><E42/><V53/><F29/><W84/><G127/><T4/><D4/><U128/><E126/><V111/><F111/><W1/><G1/><T100/><D125/><U92/><E79/><V8/><F87/><W115/><G115/><T73/><D31/><U59/><E71/><V101/><F106/><W37/><G102/><T16/><D38/><U88/><E128/><V98/><F98/><W19/><G34/><T27/><D60/><U107/><E107/><V78/><F78/><W15/><G25/><T89/><D76/><U95/><E95/><V110/><F110/><W32/><G32/><T123/><D123/><U5/><E5/><V23/><F23/><W119/><G119/><T46/><D46/><U18/><E18/><V49/><F63/><W131/><G131/><T10/><N who="0" m="18432" /><DORA hai="112" /><T65/><D65/><U33/><E33/><V103/><F103/><W129/><G129/><T68/><D68/><U58/><E0/><V77/><F77/><W48/><G39/><T70/><D70/><U91/><REACH who="1" step="1"/><E59/><REACH who="1" ten="210,378,172,230" step="2"/><N who="2" m="36927" /><F43/><N who="3" m="24607" /><G37/><T57/><D57/><U90/><E90/><AGARI ba="1,1" hai="15,19,20,21,22,40,47,51,80,84,90" m="24607" machi="90" ten="30,1000,0" yaku="8,1" doraHai="134,112" who="3" fromWho="1" sc="210,0,378,-13,172,0,230,23" /><INIT seed="2,0,0,0,3,51" ten="210,365,172,253" oya="2" hai0="126,9,80,34,129,81,73,90,43,24,124,6,107" hai1="21,71,5,46,55,49,15,52,53,59,105,28,41" hai2="72,12,103,89,77,4,37,85,42,113,3,95,2" hai3="20,16,47,64,122,29,65,44,70,11,91,56,94"/><V36/><F113/><W120/><G70/><T109/><D109/><U131/><E71/><V87/><F103/><W75/><G75/><T110/><D110/><U62/><E105/><V92/><F72/><W48/><G29/><T119/><D107/><U50/><E131/><V128/><F128/><W133/><G133/><T54/><D129/><U130/><E130/><V117/><F117/><W96/><G11/><T134/><D43/><U40/><E5/><V33/><F33/><W67/><G122/><T121/><D119/><U1/><E1/><V84/><F84/><W106/><G106/><T8/><D121/><U39/><E41/><V86/><F86/><W10/><G10/><T88/><D73/><U38/><E50/><V125/><F125/><N who="0" m="48234" /><D9/><U74/><E74/><V17/><F42/><W127/><G127/><T100/><D100/><U78/><E78/><V69/><F69/><W25/><G120/><T30/><D134/><U13/><E13/><V31/><F31/><W98/><G96/><T61/><D80/><U123/><E123/><V99/><F4/><W97/><G98/><T111/><D81/><U76/><E76/><V7/><F99/><W101/><G101/><T102/><D102/><U27/><REACH who="1" step="1"/><E15/><REACH who="1" ten="210,355,172,253" step="2"/><V112/><F7/><W32/><G32/><T58/><D111/><U66/><AGARI ba="0,1" hai="21,27,28,38,39,40,46,49,52,53,55,59,62,66" machi="66" ten="30,16000,3" yaku="1,1,2,1,0,1,52,3,54,1,53,1" doraHai="51" doraHaiUra="57" who="1" fromWho="1" sc="210,-40,355,170,172,-80,253,-40" /><INIT seed="3,0,0,4,5,40" ten="170,525,92,213" oya="3" hai0="72,23,87,111,85,56,79,114,11,60,25,54,117" hai1="133,132,75,64,73,20,7,65,100,29,105,14,59" hai2="61,78,124,0,53,62,97,94,16,37,82,33,51" hai3="128,30,43,10,66,81,126,1,44,63,3,127,67"/><W125/><G30/><T13/><D114/><U96/><E29/><V88/><F37/><N who="3" m="21615" /><G128/><T113/><D113/><U58/><E58/><V47/><F0/><N who="3" m="75" /><G10/><T90/><D111/><U57/><E57/><V86/><F33/><W107/><G81/><T8/><D117/><U110/><E110/><V109/><F109/><W108/><G108/><T116/><D116/><U120/><E120/><V92/><F124/><N who="3" m="31747" /><W12/><DORA hai="77" /><G12/><T24/><D11/><U21/><E7/><V27/><F94/><W91/><G91/><T71/><D8/><U134/><E14/><V32/><F32/><W101/><G63/><T102/><D13/><U74/><E59/><V48/><F48/><W83/><G83/><T34/><D34/><U35/><E35/><V95/><F95/><W28/><G28/><T18/><D25/><U99/><E99/><AGARI ba="0,0" hai="66,67,99,101,107" m="31747,75,21615" machi="99" ten="50,4800,0" yaku="18,1,52,1" doraHai="40,77" who="3" fromWho="1" sc="170,0,525,-48,92,0,213,48" /><INIT seed="3,1,0,1,0,89" ten="170,477,92,261" oya="3" hai0="97,84,34,30,32,94,124,5,68,54,133,105,72" hai1="130,118,77,38,70,13,116,56,98,29,113,96,33" hai2="6,26,119,20,11,17,52,61,63,109,15,10,67" hai3="25,45,131,46,49,40,31,101,22,59,24,81,4"/><W92/><G131/><T79/><D124/><U99/><E70/><V115/><F109/><W66/><G4/><T27/><D133/><U44/><E113/><V9/><F119/><W125/><G125/><T117/><D68/><U35/><E130/><V76/><F115/><W1/><G1/><T8/><D117/><U62/><E77/><V87/><F67/><W134/><G134/><T127/><D127/><U57/><E13/><V93/><F52/><N who="3" m="32143" /><G66/><T39/><D39/><U80/><E80/><V47/><F47/><N who="3" m="17931" /><G81/><T7/><D34/><U65/><E57/><V95/><F76/><W78/><G78/><T36/><D36/><U37/><E37/><V14/><F11/><W71/><G71/><T21/><D32/><U112/><E35/><V43/><F43/><W42/><G24/><T90/><D54/><U122/><E122/><V19/><REACH who="2" step="1"/><F87/><REACH who="2" ten="170,477,82,261" step="2"/><W111/><G111/><T82/><D8/><U129/><E112/><V18/><F18/><W83/><G83/><T50/><REACH who="0" step="1"/><D50/><REACH who="0" ten="160,477,82,261" step="2"/><U100/><E38/><V64/><F64/><W74/><G74/><T48/><D48/><U2/><E65/><V120/><F120/><W123/><G123/><T53/><D53/><U128/><E118/><V12/><F12/><W121/><G121/><T16/><D16/><U69/><E116/><V103/><F103/><AGARI ba="1,2" hai="5,7,21,27,30,72,79,82,84,90,94,97,103,105" machi="103" ten="40,12000,2" yaku="1,1,24,2,52,1,53,2" doraHai="89" doraHaiUra="0" who="0" fromWho="2" sc="160,143,477,0,82,-123,261,0" owari="303,10.3,477,57.7,-41,-54.1,261,-13.9" /></mjloggm>