<mjloggm ver="2.3"><GO type="169" lobby="0"/><UN n0="%E5%A4%A9%E7%A9%BA%E3%81%AE%E6%8A%80" n1="%4E%6F%73%75%6B%65" n2="%68%69%73%61%74%6F%E6%A3%92" n3="%43%65%6C%65%73%54%65" dan="16,16,16,16" rate="2123.84,2133.34,2129.37,2116.13" sx="M,M,M,M"/><TAIKYOKU oya="0"/><INIT seed="0,0,0,0,2,4" ten="250,250,250,250" oya="0" hai0="91,54,127,86,98,100,26,89,135,36,2,90,109" hai1="66,78,133,12,92,7,63,23,65,71,60,30,94" hai2="34,22,99,74,38,55,42,64,76,25,41,62,88" hai3="108,40,85,72,126,24,95,19,116,96,16,28,8"/><T97/><D36/><U14/><E133/><V125/><F34/><W52/><G116/><T131/><D135/><U122/><E122/><V51/><F76/><W49/><G72/><T35/><D131/><U69/><E78/><V57/><F74/><W77/><G126/><T0/><D86/><U43/><E43/><V79/><F79/><W87/><G108/><T5/><D127/><U39/><E39/><V37/><F37/><W103/><G40/><T9/><D2/><U120/><E120/><V32/><F32/><W73/><G73/><T11/><D109/><U130/><E130/><V48/><F48/><W118/><G118/><T112/><D112/><U18/><REACH who="1" step="1"/><E30/><REACH who="1" ten="250,240,250,250" step="2"/><V68/><F38/><W45/><G77/><T44/><D35/><U102/><E102/><V50/><F125/><W101/><G101/><T84/><D100/><U124/><E124/><V128/><F128/><W29/><G29/><T104/><D104/><U93/><E93/><V1/><F42/><W15/><G19/><T67/><D90/><U119/><E119/><V106/><F41/><W27/><G27/><T121/><D91/><U117/><E117/><V17/><F106/><W56/><G45/><T58/><D26/><U21/><E21/><AGARI ba="0,1" hai="8,15,16,21,24,28,49,52,56,85,87,95,96,103" machi="21" ten="30,8000,1" yaku="7,1,8,1,52,1,54,2" doraHai="4" who="3" fromWho="1" sc="250,0,240,-80,250,0,250,90" /><INIT seed="1,0,0,3,2,7" ten="250,160,250,340" oya="1" hai0="96,71,108,75,106,17,39,4,116,20,117,34,13" hai1="80,37,88,16,94,18,32,49,103,111,133,132,69" hai2="30,68,126,105,10,83,1,41,102,84,129,25,135" hai3="72,86,58,123,113,33,101,127,2,0,77,50,98"/><U114/><E114/><V47/><F68/><W90/><G113/><T56/><D71/><U119/><E37/><V40/><F135/><N who="1" m="51785" /><E119/><V15/><F1/><W45/><G123/><T89/><D39/><U6/><E32/><V23/><F129/><W73/><G33/><T92/><D34/><U9/><E69/><V115/><F126/><W87/><G127/><T31/><D31/><U44/><E80/><V130/><F130/><W97/><G58/><T61/><D75/><U62/><E62/><V48/><F105/><W66/><G66/><T24/><D106/><U65/><E103/><V46/><F102/><W3/><G77/><T42/><D42/><N who="1" m="24727" /><E65/><V109/><F109/><W120/><G120/><T29/><D108/><U38/><E38/><V125/><F125/><W28/><G101/><T107/><D107/><U91/><E111/><V122/><F122/><W35/><G35/><T26/><D117/><U11/><E11/><V63/><F63/><W134/><G134/><T112/><D116/><U100/><E100/><V67/><F67/><W14/><G73/><T21/><D112/><U27/><E27/><V81/><F115/><W70/><G72/><T5/><D26/><U104/><E104/><V19/><F81/><W78/><G70/><T99/><D96/><N who="1" m="57415" /><E91/><V12/><F83/><W51/><G90/><T54/><AGARI ba="0,0" hai="4,5,13,17,20,21,24,29,54,56,61,89,92,99" machi="54" ten="20,2700,0" yaku="0,1,7,1,8,1" doraHai="7" who="0" fromWho="0" sc="250,27,160,-13,250,-7,340,-7" /><INIT seed="2,0,0,0,3,27" ten="277,147,243,333" oya="2" hai0="8,120,50,4,6,58,16,77,36,25,129,7,112" hai1="70,37,115,49,17,90,2,1,53,65,52,22,79" hai2="67,87,78,104,57,51,74,72,92,86,126,122,63" hai3="103,12,128,59,68,48,93,10,85,113,54,39,21"/><V11/><F104/><W30/><G68/><T73/><D36/><U82/><E115/><V35/><F126/><W133/><G39/><T110/><D110/><U15/><E37/><V80/><F35/><W28/><G113/><T106/><D106/><U81/><E70/><V111/><F122/><W119/><G119/><T41/><D129/><U18/><E65/><V84/><F74/><W108/><G128/><T91/><D120/><U62/><E62/><V125/><F125/><W33/><G33/><T105/><D105/><U101/><E101/><V0/><F51/><W121/><G121/><T123/><D112/><U124/><E124/><V131/><F131/><W13/><G133/><T24/><D77/><U118/><E118/><V46/><F46/><W95/><G108/><T94/><D73/><U47/><E53/><V100/><F111/><W26/><G30/><T83/><D83/><U5/><E5/><V134/><F134/><W66/><G66/><T88/><D123/><U69/><E69/><V75/><F75/><W61/><G48/><T64/><D64/><U117/><E117/><V34/><F34/><W60/><G60/><T127/><D127/><U135/><E135/><V20/><F20/><W107/><G107/><T71/><D71/><U98/><E79/><V55/><F67/><W116/><G116/><T109/><D109/><U97/><E1/><V32/><F32/><W56/><G56/><T114/><D114/><U96/><E2/><V44/><F44/><W132/><G132/><T23/><D41/><U43/><E43/><V3/><F11/><W9/><G9/><RYUUKYOKU ba="0,0" sc="277,-10,147,-10,243,30,333,-10" hai2="0,3,55,57,63,72,78,80,84,86,87,92,100" /><INIT seed="2,1,0,3,4,115" ten="267,137,273,323" oya="2" hai0="7,23,16,100,52,25,6,92,33,5,67,112,50" hai1="3,75,12,90,58,35,82,133,1,59,9,42,29" hai2="109,96,101,79,87,84,108,30,85,66,94,123,120" hai3="134,54,91,48,19,34,117,39,24,83,104,135,44"/><V102/><F66/><W95/><G104/><T27/><D112/><U8/><E42/><V76/><F30/><N who="3" m="19783" /><G39/><T97/><D67/><U73/><E29/><V57/><F57/><W38/><G38/><T99/><D97/><U22/><E22/><V36/><F36/><W110/><G19/><T132/><D132/><N who="3" m="50729" /><G110/><N who="2" m="42601" /><F101/><W89/><G83/><T40/><D40/><U53/><E133/><V93/><F93/><W68/><G68/><T49/><D33/><U64/><E64/><V88/><F102/><W56/><G56/><N who="0" m="32783" /><D50/><U69/><E69/><V72/><F72/><W107/><G107/><T17/><D17/><U18/><E35/><V15/><F15/><AGARI ba="1,0" hai="5,6,7,15,16,23,25,27,92,99,100" m="32783" machi="15" ten="30,3900,0" yaku="8,1,54,2" doraHai="115" who="0" fromWho="2" sc="267,42,137,0,273,-42,323,0" /><INIT seed="3,0,0,4,3,117" ten="309,137,231,323" oya="3" hai0="29,78,49,33,127,96,14,106,17,133,11,9,35" hai1="38,122,53,7,107,21,62,108,55,102,132,70,26" hai2="124,95,39,42,128,1,61,69,65,18,51,76,52" hai3="56,126,25,64,115,19,97,100,36,119,114,6,5"/><W8/><G119/><T80/><D133/><U2/><E132/><V30/><F30/><W135/><G135/><T109/><D127/><U0/><E38/><V113/><F1/><W130/><G36/><T66/><D109/><U81/><E108/><V116/><F76/><W3/><G126/><T87/><D66/><U43/><E43/><V90/><F116/><W86/><G130/><T23/><D35/><U88/><E122/><V37/><F113/><W47/><G47/><T72/><D72/><U34/><E7/><V91/><F91/><W27/><G6/><T93/><D106/><U112/><E112/><V89/><F89/><W24/><G19/><T118/><D118/><U46/><E34/><V45/><F128/><W131/><G131/><T99/><D29/><U48/><E102/><V79/><F79/><W103/><G86/><T73/><D73/><U50/><E107/><V40/><F18/><W104/><REACH who="3" step="1"/><G100/><REACH who="3" ten="309,137,231,313" step="2"/><N who="0" m="60431" /><D87/><U60/><E46/><V71/><F124/><W129/><G129/><T31/><D17/><U121/><E81/><V125/><F125/><W98/><G98/><T54/><D99/><U20/><E2/><V59/><F37/><W12/><G12/><T101/><D14/><U92/><E0/><V4/><F4/><W85/><G85/><T67/><D80/><U110/><E110/><V32/><F42/><W22/><G22/><T123/><D23/><U15/><E21/><V63/><F32/><W57/><G57/><T58/><D58/><U10/><E20/><V75/><F71/><W82/><G82/><T41/><D33/><U13/><E70/><RYUUKYOKU ba="0,1" sc="309,-10,137,-10,231,-10,313,30" hai3="3,5,8,24,25,27,56,64,97,103,104,114,115" /><INIT seed="3,1,1,4,3,22" ten="299,127,221,343" oya="3" hai0="64,68,69,35,81,95,26,132,90,57,38,60,72" hai1="87,127,10,105,100,121,85,39,92,125,55,49,12" hai2="36,14,41,29,17,20,61,70,89,9,0,40,103" hai3="19,62,32,91,129,78,6,43,77,54,109,1,104"/><W3/><G129/><T112/><D132/><U133/><E39/><V27/><F36/><W24/><G104/><T117/><D38/><U113/><E121/><V21/><F103/><W34/><G43/><T74/><D117/><U13/><E113/><V76/><F76/><W82/><G91/><T111/><D111/><U134/><E105/><V45/><F89/><W94/><G94/><T5/><D5/><U135/><E100/><V53/><F70/><W128/><G128/><T47/><D47/><U56/><E13/><V67/><F67/><W25/><G109/><T107/><D107/><U33/><E33/><V116/><F45/><W102/><G102/><T124/><D124/><N who="1" m="47691" /><E92/><V86/><F86/><W59/><G78/><T44/><D44/><U114/><E114/><V88/><F88/><W31/><G6/><AGARI ba="1,1" hai="6,10,12,49,55,56,85,87,133,134,135" m="47691" machi="6" ten="40,2600,0" yaku="20,1,18,1" doraHai="22" who="1" fromWho="3" sc="299,0,127,39,221,0,343,-29" /><INIT seed="4,0,0,3,0,53" ten="299,166,221,314" oya="0" hai0="31,115,126,109,89,122,35,74,106,66,41,22,87" hai1="33,91,85,23,76,54,83,59,34,71,102,119,11" hai2="57,99,70,47,21,46,84,8,2,135,3,112,13" hai3="63,68,131,48,14,88,56,0,26,72,49,39,124"/><T86/><D122/><U107/><E119/><V12/><F70/><W111/><G111/><T101/><D74/><U77/><E71/><V29/><F99/><W117/><G117/><T103/><D35/><U78/><E23/><V105/><F105/><W98/><G0/><T113/><D41/><U15/><E102/><N who="0" m="38921" /><D66/><U97/><E97/><V38/><F112/><N who="0" m="43082" /><D22/><U50/><REACH who="1" step="1"/><E107/><REACH who="1" ten="299,156,221,314" step="2"/><V25/><F135/><W44/><G68/><T28/><D106/><U60/><E60/><V6/><F2/><W7/><G63/><T43/><D109/><U130/><E130/><V58/><F84/><N who="0" m="32298" /><D89/><U62/><E62/><V61/><F61/><W24/><G88/><T104/><D104/><U120/><E120/><V96/><F96/><W20/><G98/><T75/><D75/><U19/><AGARI ba="0,1" hai="11,15,19,33,34,50,54,59,76,77,78,83,85,91" machi="19" ten="30,4000,0" yaku="1,1,0,1,52,1,53,0" doraHai="53" doraHaiUra="132" who="1" fromWho="1" sc="299,-20,156,50,221,-10,314,-10" /><INIT seed="5,0,0,5,2,41" ten="279,206,211,304" oya="1" hai0="26,32,130,84,36,3,5,112,2,42,129,40,58" hai1="11,59,15,72,83,100,47,102,54,87,70,39,74" hai2="92,10,122,85,135,52,124,108,78,53,113,67,51" hai3="119,55,29,17,64,44,120,37,105,20,125,18,22"/><U6/><E70/><V9/><F108/><W126/><G120/><T82/><D32/><U114/><E114/><V34/><F34/><W4/><G105/><T50/><D26/><U106/><E74/><V49/><F135/><W62/><G119/><T116/><D116/><U128/><E128/><N who="0" m="49257" /><D36/><U93/><E72/><V65/><F113/><W61/><G4/><T8/><D3/><U69/><E69/><V57/><F124/><N who="3" m="47723" /><G29/><T86/><D86/><U27/><E106/><V97/><F85/><W0/><G0/><T71/><D71/><U134/><E134/><V66/><F78/><W12/><G64/><T63/><D50/><N who="1" m="29023" /><E39/><V104/><F104/><W33/><G33/><T88/><D112/><U103/><E27/><V111/><F111/><W121/><G121/><T94/><D94/><U123/><E123/><V16/><F122/><W75/><G75/><T56/><D56/><U107/><E107/><V95/><F57/><W23/><G37/><T24/><D24/><U117/><E117/><V76/><F66/><AGARI ba="0,0" hai="2,5,8,40,42,58,63,66,82,84,88" m="49257" machi="66" ten="30,2000,0" yaku="19,1,54,1" doraHai="41" who="0" fromWho="2" sc="279,20,206,0,211,-20,304,0" /><INIT seed="6,0,0,1,2,125" ten="299,206,191,304" oya="2" hai0="20,129,112,119,114,32,93,34,3,35,50,130,45" hai1="25,124,5,19,134,90,122,92,105,36,63,62,28" hai2="120,41,18,31,40,126,69,7,88,68,78,110,47" hai3="43,98,103,48,64,44,86,76,94,29,133,54,16"/><V15/><F7/><W106/><G133/><T2/><D119/><U42/><E105/><V127/><F120/><W73/><G64/><T97/><D20/><U38/><E124/><N who="2" m="47659" /><F78/><W117/><G29/><T52/><D3/><U1/><E134/><V74/><F31/><W59/><G117/><T65/><D65/><U66/><E19/><V111/><F74/><W71/><G71/><N who="2" m="27209" /><F88/><N who="3" m="53527" /><G16/><T26/><D2/><U55/><E28/><V60/><F60/><W9/><G9/><T108/><D26/><U100/><E63/><V131/><F18/><W123/><G123/><T51/><D51/><U99/><E62/><V37/><F40/><W101/><G101/><N who="0" m="60591" /><D108/><N who="2" m="41514" /><F15/><W6/><G6/><T72/><D72/><U17/><E42/><V113/><F113/><AGARI ba="0,0" hai="32,34,35,45,50,52,112,113,114,129,130" m="60591" machi="113" ten="40,8000,1" yaku="15,1,52,2,54,1" doraHai="125" who="0" fromWho="2" sc="299,80,206,0,191,-80,304,0" /><INIT seed="7,0,0,4,1,8" ten="379,206,111,304" oya="3" hai0="133,49,75,117,121,28,19,30,125,95,45,24,59" hai1="26,3,53,118,60,135,85,123,70,37,57,102,116" hai2="7,47,69,100,32,44,52,1,27,50,62,106,81" hai3="115,0,54,122,112,36,130,132,109,94,63,107,84"/><W14/><G0/><T119/><D75/><U74/><E74/><V76/><F7/><W79/><G122/><T86/><D121/><U34/><E37/><V129/><F1/><W80/><G107/><T29/><D133/><U61/><E3/><V17/><F17/><W43/><G132/><T91/><D59/><U22/><E34/><V16/><F129/><W35/><G35/><T38/><D38/><U99/><E85/><V82/><F47/><W92/><G130/><T90/><D125/><U18/><E135/><V134/><F134/><W104/><G104/><T126/><D126/><U83/><E83/><V25/><F25/><W65/><G109/><T93/><D24/><U96/><E123/><V120/><F120/><W73/><G54/><T113/><D19/><U15/><E26/><V42/><F42/><W51/><G36/><T127/><D113/><N who="3" m="43593" /><G73/><T67/><D127/><U56/><E70/><V2/><F2/><W68/><G14/><T105/><D105/><U39/><E39/><V48/><F48/><W78/><G78/><T128/><D128/><U10/><E10/><V98/><F76/><W20/><G20/><T31/><D67/><N who="1" m="39303" /><E102/><V87/><F87/><W72/><G72/><T111/><D111/><U33/><E33/><V64/><REACH who="2" step="1"/><F16/><REACH who="2" ten="379,206,101,304" step="2"/><W40/><G40/><T11/><D86/><U41/><E41/><V55/><F55/><W23/><G43/><T13/><D31/><U9/><E9/><V88/><F88/><W114/><G114/><T12/><D11/><U131/><E131/><V101/><F101/><W97/><G79/><T77/><D77/><RYUUKYOKU ba="0,1" sc="379,-15,206,15,101,15,304,-15" hai1="15,18,22,53,57,61,96,99,116,118" hai2="27,32,44,50,52,62,64,69,81,82,98,100,106" owari="374,47.4,221,-17.9,116,-38.4,289,8.9" /></mjloggm>