<mjloggm ver="2.3"><GO type="169" lobby="0"/><UN n0="%E8%99%9A%E6%B7%B5%E7%8E%84" n1="%72%75%69%6E%65%76%65%72" n2="%E6%AD%A3%E6%B0%A3%E5%8D%81%E8%B6%B3" n3="%6C%6E%61%69" dan="17,16,16,16" rate="2215.90,2110.63,2099.32,2044.50" sx="M,M,M,M"/><TAIKYOKU oya="0"/><INIT seed="0,0,0,4,0,38" ten="250,250,250,250" oya="0" hai0="70,125,20,51,92,46,112,77,87,30,135,57,120" hai1="132,29,8,113,0,61,71,96,103,23,100,33,50" hai2="18,32,2,66,43,76,68,10,64,133,42,60,56" hai3="89,5,79,25,22,115,58,78,84,14,94,74,93"/><T7/><D120/><U37/><E37/><V111/><F111/><W108/><G115/><T91/><D70/><U90/><E33/><V81/><F32/><W53/><G108/><T28/><D112/><U95/><E113/><V116/><F133/><W124/><G124/><T9/><D135/><U48/><E132/><V104/><F104/><W129/><G74/><T85/><D57/><U127/><E127/><V1/><F116/><W55/><G55/><T88/><D77/><U12/><E0/><V105/><F105/><W122/><G129/><T99/><D20/><U67/><E29/><V45/><F2/><W49/><G122/><T69/><D69/><U39/><E39/><V59/><F1/><W72/><G72/><T16/><D7/><U102/><REACH who="1" step="1"/><E23/><REACH who="1" ten="250,240,250,250" step="2"/><V13/><F68/><W98/><G22/><T114/><D125/><U40/><E40/><N who="2" m="15403" /><F45/><W119/><G119/><T86/><D114/><U121/><E121/><V47/><F47/><W15/><G25/><T75/><D30/><U54/><E54/><V17/><F59/><W63/><G58/><T134/><D28/><U130/><E130/><V11/><F64/><W128/><G128/><T110/><D134/><U83/><E83/><V26/><F11/><W123/><G123/><T82/><D110/><U36/><E36/><V31/><F81/><W21/><G21/><T126/><D126/><U80/><E80/><V34/><F76/><W97/><G78/><T117/><D117/><U24/><E24/><V35/><F35/><W109/><G79/><T6/><D75/><U131/><E131/><V107/><F107/><RYUUKYOKU ba="0,1" sc="250,-15,240,15,250,15,250,-15" hai1="8,12,48,50,61,67,71,90,95,96,100,102,103" hai2="10,13,17,18,26,31,34,56,60,66" /><INIT seed="1,1,1,3,0,35" ten="235,255,265,235" oya="1" hai0="134,105,102,55,46,85,65,121,83,87,107,16,58" hai1="124,22,115,9,99,72,67,21,15,63,39,96,118" hai2="6,56,112,40,116,29,17,98,13,12,70,84,62" hai3="41,33,97,43,51,111,5,64,57,133,103,50,69"/><U75/><E115/><V1/><F116/><W53/><G111/><T66/><D134/><U68/><E118/><V28/><F70/><W4/><G133/><T10/><D121/><U77/><E39/><V125/><F125/><W108/><G108/><T37/><D85/><U78/><E124/><V34/><F112/><W18/><G33/><T119/><D119/><U131/><E131/><V32/><F40/><W80/><G80/><T42/><D102/><U126/><E126/><V3/><F98/><W73/><G73/><T120/><D120/><U26/><E75/><V44/><F44/><W49/><G64/><T122/><D122/><U123/><E123/><V82/><F32/><W92/><G69/><T132/><D105/><U93/><E72/><V59/><F59/><W129/><G129/><T47/><D107/><U114/><E99/><V14/><F17/><W110/><G110/><T27/><D46/><U11/><E22/><V79/><F6/><N who="3" m="2667" /><G18/><T91/><D132/><U100/><E114/><V109/><F109/><W128/><G128/><T88/><D91/><U89/><E89/><V31/><REACH who="2" step="1"/><F34/><REACH who="2" ten="235,255,255,235" step="2"/><W127/><G127/><T0/><D16/><U101/><E68/><V48/><F48/><AGARI ba="1,2" hai="41,43,48,49,50,51,53,57,92,97,103" m="2667" machi="48" ten="30,1000,0" yaku="8,1" doraHai="35" who="3" fromWho="2" sc="235,0,255,0,255,-13,235,33" /><INIT seed="2,0,0,5,4,36" ten="235,255,242,268" oya="2" hai0="110,16,13,37,74,47,64,79,55,33,112,75,126" hai1="98,14,92,104,65,123,72,86,106,90,50,26,134" hai2="85,63,61,19,83,25,22,1,107,32,44,2,39" hai3="84,77,81,118,132,53,114,125,131,3,46,78,68"/><V88/><F107/><W108/><G3/><T4/><D112/><U10/><E72/><V116/><F116/><W6/><G6/><T48/><D33/><U105/><E134/><V113/><F113/><W43/><G114/><T111/><D4/><U54/><E123/><V70/><F32/><W8/><G68/><T124/><D64/><U41/><E65/><V120/><F120/><W99/><G132/><T58/><D79/><U45/><E26/><V109/><F109/><N who="0" m="41482" /><D37/><U96/><REACH who="1" step="1"/><E54/><REACH who="1" ten="235,245,242,268" step="2"/><V60/><REACH who="2" step="1"/><F70/><REACH who="2" ten="235,245,232,268" step="2"/><W23/><G108/><T103/><D126/><U5/><AGARI ba="0,2" hai="5,10,14,41,45,50,86,90,92,96,98,104,105,106" machi="5" ten="30,8000,1" yaku="1,1,2,1,0,1,52,1,53,1" doraHai="36" doraHaiUra="11" who="1" fromWho="1" sc="235,-20,245,100,232,-40,268,-20" /><INIT seed="3,0,0,2,1,79" ten="215,345,192,248" oya="3" hai0="66,102,104,122,1,4,62,19,25,32,115,135,54" hai1="90,31,53,61,26,2,118,100,127,49,68,133,94" hai2="60,39,92,38,70,22,76,51,24,86,47,50,8" hai3="14,37,55,44,121,13,109,91,42,108,87,52,129"/><W85/><G121/><T9/><D122/><U117/><E2/><V81/><F70/><W111/><G129/><T80/><D135/><U78/><E133/><V75/><F60/><W11/><G85/><T120/><D120/><U69/><E61/><V126/><F126/><W3/><G3/><T6/><D6/><U103/><E78/><V116/><F116/><N who="1" m="44649" /><E127/><V16/><F8/><W28/><G28/><T123/><D115/><U36/><E36/><V113/><F113/><W88/><G91/><T45/><D123/><U10/><E10/><V40/><F39/><W125/><G125/><T20/><D32/><N who="1" m="20599" /><E68/><V34/><REACH who="2" step="1"/><F34/><REACH who="2" ten="215,345,182,248" step="2"/><W106/><G106/><T124/><D104/><U110/><E69/><V128/><F128/><W18/><REACH who="3" step="1"/><G14/><REACH who="3" ten="215,345,182,238" step="2"/><T43/><D124/><U77/><E110/><V101/><F101/><W93/><AGARI ba="0,2" hai="11,13,18,37,42,44,52,55,87,88,93,108,109,111" machi="93" ten="30,18000,2" yaku="1,1,2,1,0,1,14,1,10,1,54,2,53,0" doraHai="79" doraHaiUra="132" who="3" fromWho="3" sc="215,-60,345,-60,182,-60,238,200" /><INIT seed="3,1,0,3,2,112" ten="155,285,122,438" oya="3" hai0="54,31,34,14,32,87,133,110,44,109,116,12,120" hai1="73,24,127,35,111,90,115,107,125,64,30,75,71" hai2="134,62,47,113,10,43,124,66,82,7,84,78,104" hai3="128,9,42,0,57,132,17,50,93,61,1,117,121"/><W85/><G117/><T46/><D87/><U96/><E115/><V23/><F113/><W74/><G121/><T83/><D83/><U119/><E111/><N who="0" m="42505" /><D54/><U79/><E90/><V29/><F124/><N who="1" m="47689" /><E79/><V72/><F134/><W77/><G74/><T99/><D31/><U11/><E11/><V91/><F104/><W80/><G132/><T118/><D99/><U70/><E119/><N who="0" m="45609" /><D133/><U27/><E64/><V135/><F23/><W102/><G85/><T92/><D92/><U101/><E24/><V56/><F29/><W49/><G93/><T68/><D68/><AGARI ba="1,0" hai="27,30,35,68,70,71,73,75,96,101,107" m="47689" machi="68" ten="30,2000,0" yaku="18,1,23,1" doraHai="112" who="1" fromWho="0" sc="155,-23,285,23,122,0,438,0" /><INIT seed="4,0,0,1,2,120" ten="132,308,122,438" oya="0" hai0="23,42,73,93,32,4,59,9,119,102,92,101,50" hai1="121,52,26,55,74,110,44,79,11,17,62,0,70" hai2="45,81,14,106,96,84,21,16,38,2,107,12,36" hai3="97,43,40,94,85,63,13,118,88,129,15,29,123"/><T66/><D32/><U104/><E121/><V69/><F2/><W58/><G118/><T103/><D73/><U77/><E104/><V131/><F131/><W30/><G129/><T25/><D119/><U19/><E74/><V89/><F69/><W60/><G60/><T10/><D42/><N who="3" m="15913" /><G123/><T61/><D50/><N who="1" m="28743" /><E70/><V39/><F45/><W46/><G46/><T67/><D67/><U64/><E110/><V112/><F112/><W7/><G97/><T37/><D37/><U75/><E75/><V82/><F82/><W56/><G56/><T8/><REACH who="0" step="1"/><D4/><REACH who="0" ten="122,308,122,438" step="2"/><U35/><E64/><V76/><REACH who="2" step="1"/><F14/><REACH who="2" ten="122,308,112,438" step="2"/><W31/><G7/><T78/><D78/><U135/><E0/><V54/><F54/><AGARI ba="0,2" hai="13,15,29,30,31,54,58,63,85,88,94" m="15913" machi="54" ten="30,2000,0" yaku="8,1,54,1" doraHai="120" who="3" fromWho="2" sc="122,0,308,0,112,-20,438,40" /><INIT seed="5,0,0,3,4,33" ten="122,308,92,478" oya="1" hai0="131,133,135,69,119,87,71,65,123,83,16,56,4" hai1="36,47,98,99,3,63,5,95,17,68,129,20,64" hai2="103,58,1,116,77,104,109,106,121,26,53,113,84" hai3="42,57,40,35,88,10,114,79,105,75,30,22,11"/><U110/><E129/><V48/><F121/><W80/><G105/><T92/><D119/><U62/><E110/><V91/><F109/><W117/><G35/><T19/><D131/><U93/><E63/><V101/><F116/><W37/><G114/><T72/><D72/><U97/><E36/><V49/><F113/><W50/><G37/><T55/><D92/><U86/><E47/><V122/><F122/><W31/><G117/><T7/><D65/><U124/><E86/><V118/><F77/><W94/><G30/><T8/><D123/><U85/><E85/><V14/><F1/><W24/><G42/><T78/><D4/><U46/><E46/><V6/><F26/><W21/><G21/><T9/><D69/><U76/><E76/><V66/><F66/><W127/><G127/><T115/><D8/><U100/><E95/><V126/><F126/><W89/><G89/><T67/><D67/><U2/><E124/><V25/><F25/><W23/><G23/><T52/><D71/><U60/><E60/><V132/><F118/><W81/><G81/><T27/><D27/><U134/><E134/><N who="0" m="51209" /><D115/><U15/><REACH who="1" step="1"/><E5/><REACH who="1" ten="122,298,92,478" step="2"/><V112/><F132/><W130/><G130/><T107/><D107/><U120/><E120/><V61/><F112/><W18/><G94/><T82/><D82/><U102/><E102/><N who="2" m="38923" /><F106/><W108/><G80/><T74/><D87/><U125/><E125/><V0/><F104/><W70/><G79/><T34/><D78/><U96/><AGARI ba="0,1" hai="2,3,15,17,20,62,64,68,93,96,97,98,99,100" machi="96" ten="30,11700,0" yaku="1,1,0,1,52,2,53,0" doraHai="33" doraHaiUra="44" who="1" fromWho="1" sc="122,-39,298,127,92,-39,478,-39" /><INIT seed="5,1,0,0,0,75" ten="83,425,53,439" oya="1" hai0="24,43,36,6,52,11,92,117,48,91,113,85,10" hai1="76,93,56,72,20,28,7,125,127,129,41,21,60" hai2="84,122,5,71,14,17,67,42,34,38,40,31,49" hai3="104,128,32,39,57,121,114,133,97,116,80,96,51"/><U66/><E129/><V0/><F38/><W94/><G32/><T123/><D117/><U101/><E41/><V134/><F122/><W83/><G39/><T4/><D113/><U78/><E72/><V8/><F134/><W61/><G121/><T87/><D123/><U50/><E50/><V13/><F13/><W12/><G133/><T79/><D43/><U44/><E44/><V89/><F67/><W25/><G114/><T2/><D24/><N who="1" m="16391" /><E21/><V19/><F71/><W106/><G128/><T115/><D115/><U100/><E7/><N who="0" m="2601" /><D2/><U55/><E55/><V110/><F17/><W45/><G116/><T1/><D1/><U58/><E58/><V81/><F49/><W27/><G104/><T46/><D36/><U120/><E120/><V33/><F110/><W107/><G107/><T112/><D112/><U63/><E63/><V108/><F108/><W130/><G61/><T132/><D132/><U135/><E135/><V53/><F53/><W118/><G45/><T70/><D70/><U23/><E23/><N who="2" m="11767" /><F34/><W124/><G118/><T99/><D85/><U9/><E9/><V95/><F33/><W103/><G51/><T30/><D30/><U111/><E111/><V3/><F31/><W77/><G106/><T73/><D73/><U22/><E22/><V64/><F3/><W109/><G109/><T59/><D46/><U119/><E119/><V47/><F47/><W74/><G74/><T69/><D69/><U18/><E18/><V98/><F64/><W102/><G57/><T88/><D91/><U82/><E101/><N who="2" m="60639" /><F0/><W37/><G37/><T65/><D65/><RYUUKYOKU ba="1,0" sc="83,15,425,-15,53,15,439,-15" hai0="10,11,48,52,59,79,87,88,92,99" hai2="5,8,40,42,81,84,89" /><INIT seed="6,2,0,4,0,104" ten="98,410,68,424" oya="2" hai0="112,60,65,133,80,129,8,76,40,62,46,51,49" hai1="24,99,79,37,26,128,27,61,106,93,67,96,91" hai2="111,75,36,13,114,86,48,107,30,102,82,18,6" hai3="109,125,74,41,34,71,25,56,16,47,121,17,10"/><V81/><F36/><W21/><G121/><T97/><D112/><U50/><E37/><V85/><F114/><W70/><G109/><T83/><D129/><U31/><E128/><V88/><F111/><W4/><G125/><T15/><D133/><U54/><E79/><V72/><F6/><W118/><G118/><T20/><D20/><N who="1" m="15751" /><E106/><V9/><F30/><W52/><G74/><T108/><D51/><U57/><E99/><V100/><F107/><W39/><G17/><T38/><D38/><U33/><E33/><V131/><F131/><W7/><G34/><T58/><D108/><U92/><E92/><V28/><F28/><W45/><G45/><AGARI ba="2,0" hai="26,27,45,50,54,57,61,67,91,93,96" m="15751" machi="45" ten="30,1000,0" yaku="8,1" doraHai="104" who="1" fromWho="3" sc="98,0,410,16,68,0,424,-16" /><INIT seed="7,0,0,1,2,57" ten="98,426,68,408" oya="3" hai0="112,42,78,26,131,111,81,67,80,32,41,52,79" hai1="27,135,128,132,22,62,70,51,31,69,34,14,29" hai2="92,71,4,119,95,10,7,101,33,63,39,35,24" hai3="18,19,126,130,124,90,45,60,53,56,58,98,13"/><W47/><G130/><T15/><D111/><U9/><E128/><V5/><F119/><W43/><G18/><T44/><D67/><N who="1" m="41207" /><E70/><V122/><F39/><W55/><G90/><T1/><D1/><U123/><E51/><V72/><F72/><W96/><G43/><T59/><D112/><U3/><E3/><V89/><F122/><W94/><G94/><T21/><D32/><U133/><E123/><V116/><F116/><W37/><G37/><T134/><D15/><U115/><E115/><V36/><F36/><W87/><G87/><T66/><D134/><U82/><E82/><N who="0" m="31849" /><D66/><U54/><E54/><V118/><F118/><W8/><G126/><T6/><D6/><N who="1" m="3383" /><E29/><V110/><F110/><W100/><G124/><T28/><D131/><U46/><E46/><N who="3" m="17418" /><G100/><T20/><D44/><U65/><E65/><V61/><F71/><W108/><G108/><T48/><D42/><U104/><E104/><V11/><F101/><W17/><G17/><N who="0" m="12591" /><D41/><U121/><E121/><V129/><F129/><W91/><G91/><T103/><D103/><U97/><E97/><V84/><F92/><W127/><G127/><T12/><D28/><U49/><E49/><AGARI ba="0,0" hai="8,13,19,49,53,55,56,58,60,96,98" m="17418" machi="49" ten="30,2900,0" yaku="8,1,52,1" doraHai="57" who="3" fromWho="1" sc="98,0,426,-29,68,0,408,29" owari="98,-30.2,397,19.7,68,-43.2,437,53.7" /></mjloggm>