<mjloggm ver="2.3"><GO type="169" lobby="0"/><UN n0="%E6%B7%B3%E5%AD%90%E3%81%A7%E3%81%99" n1="%E3%81%82%E3%81%9F%E3%82%89%E3%81%93" n2="%4E%55%44%41" n3="%74%73%75%6B%69%31" dan="17,16,17,16" rate="2166.34,2070.11,2157.03,2170.53" sx="M,M,M,M"/><TAIKYOKU oya="0"/><INIT seed="0,0,0,3,3,8" ten="250,250,250,250" oya="0" hai0="127,58,33,44,73,120,114,80,22,16,126,90,89" hai1="98,95,79,66,38,111,117,36,116,19,105,119,2" hai2="23,35,17,76,40,78,82,72,5,49,131,91,103" hai3="9,135,132,67,41,62,74,125,64,60,112,121,18"/><T12/><D120/><U24/><E2/><V63/><F35/><W107/><G74/><T29/><D114/><U46/><E105/><V1/><F131/><W47/><G107/><T14/><D33/><U100/><E79/><N who="2" m="30251" /><F1/><W10/><G112/><T20/><D73/><U55/><E111/><V0/><F0/><W11/><G18/><N who="0" m="10311" /><D29/><U34/><E66/><N who="3" m="25130" /><G121/><T69/><D69/><U75/><E75/><V133/><F72/><W70/><G70/><T101/><D101/><U110/><E110/><V122/><F122/><W39/><G125/><N who="0" m="47627" /><D80/><U104/><E104/><V99/><F133/><AGARI ba="0,0" hai="9,10,11,39,41,47,60,62,132,133,135" m="25130" machi="133" ten="30,1000,0" yaku="20,1" doraHai="8" who="3" fromWho="2" sc="250,0,250,0,250,-10,250,10" /><INIT seed="1,0,0,4,5,83" ten="250,250,240,260" oya="1" hai0="132,112,134,58,92,40,11,67,93,34,29,9,88" hai1="4,110,50,77,48,129,6,117,86,56,104,42,108" hai2="10,95,33,15,17,69,85,28,60,27,109,43,121" hai3="99,118,74,32,70,126,68,122,38,5,18,133,125"/><U24/><E104/><V127/><F121/><W100/><G74/><T47/><D112/><U13/><E117/><V120/><F120/><W23/><G32/><T119/><D92/><U61/><E129/><V82/><F109/><N who="1" m="42089" /><E24/><V52/><F127/><W0/><G38/><T72/><D72/><U98/><E98/><V8/><F69/><W62/><G122/><T16/><D29/><U65/><E13/><V101/><F43/><W89/><G89/><T91/><D34/><U7/><E42/><V63/><F8/><W107/><G118/><T19/><D119/><U113/><E113/><V21/><F33/><W25/><G133/><T135/><D67/><U44/><E44/><V54/><F95/><W75/><G75/><T49/><D58/><U41/><E41/><V116/><F101/><W123/><G123/><T96/><D91/><U111/><N who="1" m="42097" /><U66/><DORA hai="51" /><E66/><V53/><F116/><W37/><G125/><T26/><D26/><U2/><E2/><V102/><F102/><W55/><G126/><T130/><D130/><U46/><E46/><V81/><F81/><AGARI ba="0,0" hai="4,6,7,48,50,56,61,65,77,81,86" m="42097" machi="81" ten="50,9600,0" yaku="14,1,10,1,52,1" doraHai="83,51" who="1" fromWho="2" sc="250,0,250,96,240,-96,260,0" /><INIT seed="1,1,0,1,3,77" ten="250,346,144,260" oya="1" hai0="95,132,72,58,91,25,17,101,26,39,16,1,47" hai1="79,109,102,105,87,111,24,32,0,6,104,21,49" hai2="33,134,123,103,5,55,67,131,48,37,106,53,125" hai3="81,30,97,119,63,40,80,10,44,4,51,28,120"/><U110/><E32/><V69/><F123/><W15/><G120/><T114/><D114/><U45/><E0/><V92/><F92/><W34/><G119/><T107/><D1/><U93/><E6/><V13/><F13/><W41/><G41/><T52/><D72/><U70/><E70/><V113/><F5/><W56/><G97/><T20/><D132/><U59/><E59/><N who="2" m="33191" /><F33/><W14/><G14/><T130/><D130/><U78/><E93/><V76/><F76/><N who="1" m="29225" /><E87/><V88/><F88/><W12/><G12/><T118/><D107/><U64/><E64/><V3/><F3/><W46/><G44/><T19/><D101/><U133/><E133/><V22/><F22/><W99/><G99/><N who="0" m="57855" /><D118/><U54/><E102/><V100/><F106/><W90/><G90/><T122/><D122/><U116/><E116/><V82/><F100/><W115/><G115/><T27/><D47/><U121/><E121/><V108/><F103/><W9/><G9/><T65/><D39/><U8/><E8/><V128/><F134/><W60/><G34/><T42/><D65/><U124/><E124/><V112/><F125/><W84/><G84/><T66/><D66/><U126/><E126/><V43/><F37/><W62/><G56/><T74/><D74/><U86/><E86/><V29/><F112/><W117/><G117/><T57/><D57/><U7/><E7/><V127/><F113/><W129/><G129/><N who="2" m="49737" /><F127/><W89/><G89/><T23/><D42/><U61/><E61/><AGARI ba="1,0" hai="16,17,19,20,23,25,26,27,52,58,61" m="57855" machi="61" ten="30,3900,0" yaku="8,1,54,2" doraHai="77" who="0" fromWho="1" sc="250,42,346,-42,144,0,260,0" /><INIT seed="2,0,0,2,5,81" ten="292,304,144,260" oya="2" hai0="36,92,77,58,53,108,16,17,40,49,55,60,25" hai1="44,23,32,42,9,110,98,104,68,109,38,99,43" hai2="8,29,83,94,119,66,59,130,20,62,57,117,39" hai3="93,69,47,54,101,56,112,61,10,131,27,71,118"/><V3/><F39/><W5/><G118/><T15/><D108/><N who="1" m="41579" /><E32/><V123/><F123/><W21/><G131/><T135/><D135/><U33/><E33/><V121/><F121/><W48/><G112/><T129/><D36/><U34/><E34/><V75/><F130/><W14/><G101/><T35/><D40/><U97/><E68/><V95/><F3/><W65/><REACH who="3" step="1"/><G93/><REACH who="3" ten="292,304,144,250" step="2"/><T19/><D92/><U52/><E104/><V126/><F95/><W120/><G120/><T76/><D129/><U74/><E38/><V72/><F94/><W2/><G2/><T18/><D25/><U125/><E99/><V37/><F37/><W127/><G127/><T113/><D113/><U106/><E125/><V134/><F126/><W89/><G89/><T67/><D35/><U114/><E98/><V51/><F134/><W41/><G41/><T64/><D15/><U96/><E42/><V30/><F117/><W107/><G107/><T84/><D76/><U73/><E43/><V91/><F119/><W102/><G102/><T116/><D116/><U0/><E97/><V100/><F100/><W132/><G132/><T26/><D26/><U11/><E0/><V133/><F133/><W70/><G70/><T28/><D77/><U82/><E96/><V46/><F57/><W85/><G85/><T122/><D84/><U24/><E106/><V79/><F91/><W78/><G78/><T115/><D115/><U22/><E114/><V111/><F111/><W103/><G103/><T63/><D122/><U105/><E105/><V6/><F75/><W88/><G88/><T13/><D13/><RYUUKYOKU ba="0,1" sc="292,-10,304,-10,144,-10,250,30" hai3="5,10,14,21,27,47,48,54,56,61,65,69,71" /><INIT seed="3,1,1,3,1,96" ten="282,294,134,280" oya="3" hai0="8,95,84,91,116,21,2,97,29,63,119,85,128" hai1="34,103,5,101,14,49,108,11,104,93,77,106,17" hai2="20,1,57,124,27,12,87,24,15,30,134,135,7" hai3="70,79,51,62,88,72,125,123,9,117,100,47,32"/><W86/><G32/><T107/><D128/><U48/><E34/><N who="2" m="20807" /><F57/><W16/><G117/><T98/><D29/><U71/><E71/><V113/><F87/><W105/><G123/><T19/><D8/><U92/><E108/><V118/><F118/><W120/><G120/><T45/><D2/><U41/><E104/><V0/><F113/><W25/><G125/><T35/><D35/><U10/><E77/><V13/><F124/><W37/><G37/><T54/><D84/><U23/><E106/><V114/><F114/><W130/><G130/><T89/><D98/><U115/><E115/><V36/><F36/><W22/><G79/><T131/><D131/><U44/><E48/><V58/><F58/><W80/><G72/><T66/><D45/><U68/><E68/><V60/><F60/><W75/><G75/><T3/><D3/><N who="2" m="1098" /><F7/><W67/><G9/><N who="1" m="3082" /><E5/><V94/><F94/><AGARI ba="1,1" hai="14,17,23,41,44,49,92,93,94,101,103" m="3082" machi="94" ten="30,3900,0" yaku="8,1,52,2" doraHai="96" who="1" fromWho="2" sc="282,0,294,52,134,-42,280,0" /><INIT seed="4,0,0,5,4,0" ten="282,346,92,280" oya="0" hai0="84,106,127,14,110,21,26,75,29,48,116,31,67" hai1="64,83,94,134,36,56,128,41,101,61,49,37,120" hai2="24,92,33,112,42,125,40,10,122,57,8,89,87" hai3="50,107,77,86,79,23,117,78,108,7,90,73,85"/><T133/><D116/><U6/><E120/><V118/><F122/><W11/><G117/><T30/><D75/><U46/><E134/><V18/><F118/><W12/><G108/><T121/><D121/><U20/><E128/><V9/><F125/><W111/><G111/><T47/><D106/><U74/><E20/><V38/><F112/><W96/><G73/><T70/><D127/><U102/><E94/><V27/><F38/><W76/><N who="3" m="19456" /><DORA hai="68" /><W100/><G90/><T5/><D133/><U124/><E83/><V114/><F114/><W4/><G4/><T135/><D135/><U65/><E74/><V129/><F129/><W39/><G39/><T32/><D67/><U98/><E101/><V62/><F33/><W82/><G82/><T19/><D70/><U60/><E124/><V53/><REACH who="2" step="1"/><F18/><REACH who="2" ten="282,346,82,280" step="2"/><W15/><REACH who="3" step="1"/><G50/><REACH who="3" ten="282,346,82,270" step="2"/><T99/><D48/><U71/><E49/><V3/><F3/><W123/><G123/><T17/><D110/><U44/><E36/><V59/><F59/><W22/><G22/><T131/><D131/><U109/><E109/><V58/><F58/><W28/><G28/><T16/><D29/><U1/><E37/><V104/><F104/><W126/><G126/><T105/><D30/><U119/><E56/><V54/><F54/><W51/><G51/><T103/><D21/><U35/><E71/><V63/><F63/><W69/><G69/><T66/><D31/><U93/><E61/><V80/><F80/><W81/><G81/><T25/><D105/><U2/><E60/><V34/><F34/><W97/><G97/><T43/><D32/><RYUUKYOKU ba="0,2" sc="282,-15,346,-15,82,15,270,15" hai2="8,9,10,24,27,40,42,53,57,62,87,89,92" hai3="7,11,12,15,23,85,86,96,100,107" /><INIT seed="5,1,2,5,1,10" ten="267,331,97,285" oya="1" hai0="0,118,114,4,52,91,27,13,54,34,95,35,55" hai1="82,32,28,57,17,125,111,135,124,109,128,86,60" hai2="68,72,40,71,116,61,81,113,14,87,129,93,83" hai3="117,30,16,69,78,76,53,26,42,122,96,92,132"/><U44/><E135/><V66/><F116/><W80/><G122/><T5/><D0/><U37/><E32/><V62/><F129/><W97/><G69/><T70/><D70/><U58/><E28/><V63/><F113/><W51/><G132/><T22/><D118/><U94/><E94/><V79/><F40/><W48/><G117/><T20/><D114/><U112/><E112/><V98/><F71/><W38/><G38/><T133/><D34/><U23/><E44/><V47/><F47/><N who="3" m="25719" /><G30/><N who="0" m="17767" /><D35/><U84/><E37/><V103/><REACH who="2" step="1"/><F14/><REACH who="2" ten="267,331,87,285" step="2"/><W49/><G26/><T102/><D133/><U67/><E128/><V65/><F65/><W9/><G53/><T11/><D54/><U15/><E57/><V131/><F131/><W50/><G80/><T110/><D55/><U36/><E36/><V107/><F107/><W106/><G106/><T121/><D52/><U56/><E58/><V115/><F115/><W33/><G50/><T85/><D121/><U75/><E109/><V105/><F105/><W108/><G49/><T73/><D110/><U46/><E46/><V101/><F101/><W77/><G51/><T45/><D102/><U21/><E111/><V126/><F126/><W120/><G108/><T41/><D45/><U18/><E124/><V39/><F39/><W119/><G120/><T134/><D41/><U59/><E59/><V12/><F12/><N who="3" m="7183" /><G119/><T127/><D134/><U1/><E125/><V123/><F123/><W130/><G130/><T74/><D127/><U7/><E82/><V19/><F19/><W8/><G92/><T89/><D95/><U64/><E64/><RYUUKYOKU ba="1,3" sc="267,-10,331,-10,87,30,285,-10" hai2="61,62,63,66,68,72,79,81,83,87,93,98,103" /><INIT seed="6,2,3,5,3,84" ten="257,321,117,275" oya="2" hai0="12,120,21,79,58,31,86,49,98,46,127,54,130" hai1="11,133,6,125,25,103,106,2,41,68,16,116,36" hai2="91,119,72,105,61,101,42,4,17,97,85,69,99" hai3="53,56,33,93,66,3,44,15,50,95,45,52,48"/><V35/><F119/><W100/><G3/><T19/><D127/><U59/><E116/><V90/><F35/><W88/><G33/><T5/><D130/><U37/><E68/><V78/><F4/><W73/><G73/><T32/><D120/><U87/><E125/><V63/><F42/><W24/><G24/><T81/><D32/><U64/><E106/><V112/><F112/><W14/><G100/><T70/><D70/><U51/><E103/><V111/><F111/><W109/><G109/><T126/><D126/><U80/><E64/><V39/><F39/><W132/><G132/><T124/><D124/><U28/><E28/><V57/><F69/><W43/><G66/><T135/><D135/><U123/><E123/><V117/><F117/><W18/><G18/><T128/><D31/><U1/><E1/><V29/><F29/><W76/><G76/><T7/><D128/><U110/><E133/><V104/><F17/><W115/><G95/><T83/><D98/><U94/><E94/><N who="2" m="54607" /><F57/><W96/><G115/><T40/><REACH who="0" step="1"/><D81/><REACH who="0" ten="247,321,117,275" step="2"/><U60/><E80/><N who="2" m="45127" /><F105/><W62/><AGARI ba="2,4" hai="14,15,43,44,45,48,50,52,53,56,62,88,93,96" machi="62" ten="20,12000,2" yaku="0,1,7,1,8,1,52,1,54,2" doraHai="84" who="3" fromWho="3" sc="247,-32,321,-32,117,-62,275,166" /><INIT seed="7,0,0,1,3,74" ten="215,289,55,441" oya="3" hai0="61,114,126,62,85,94,28,82,2,99,31,112,77" hai1="32,57,83,71,0,15,131,18,37,129,95,19,135" hai2="14,48,47,70,36,60,103,118,127,133,11,119,123" hai3="90,34,59,78,109,45,58,93,87,24,66,110,115"/><W132/><G115/><T96/><D2/><U72/><E71/><V130/><F14/><W38/><G132/><T43/><D126/><U25/><E37/><V88/><F11/><W124/><G124/><T12/><D43/><U76/><E0/><V80/><F103/><W75/><G66/><T42/><D42/><U64/><E135/><V69/><F80/><W52/><G34/><T22/><D12/><U21/><E95/><V29/><F29/><W116/><G24/><T101/><D112/><U111/><E111/><V56/><F127/><W50/><G38/><T13/><D114/><U41/><E41/><V20/><F20/><W8/><G8/><T9/><D28/><U17/><E32/><V33/><F33/><W16/><G16/><T26/><REACH who="0" step="1"/><D96/><REACH who="0" ten="205,289,55,441" step="2"/><U5/><E15/><V30/><F133/><W7/><G109/><T53/><D53/><U91/><E5/><AGARI ba="0,1" hai="5,9,13,22,26,31,61,62,77,82,85,94,99,101" machi="5" ten="30,8000,1" yaku="1,1,7,1,8,1,52,1,53,1" doraHai="74" doraHaiUra="1" who="0" fromWho="1" sc="205,90,289,-80,55,0,441,0" owari="295,9.5,209,-19.1,55,-44.5,441,54.1" /></mjloggm>