<mjloggm ver="2.3"><GO type="225" lobby="0"/><UN n0="%E3%83%A9%E3%82%B9%E7%8E%87%EF%BC%93%E5%89%B2" n1="%EF%BC%AE%EF%BC%A1%EF%BC%AF%33%33%39" n2="%E3%81%BF%E3%81%BF%E3%81%9A" n3="%E3%81%8B%E3%82%8F%E3%81%A1%E3%82%83%E3%82%93%35%38" dan="17,16,17,16" rate="2201.27,2159.42,2237.48,2124.64" sx="F,M,M,M"/><TAIKYOKU oya="0"/><INIT seed="0,0,0,3,2,53" ten="250,250,250,250" oya="0" hai0="132,126,21,47,46,80,75,89,118,68,29,6,86" hai1="26,55,56,131,61,32,19,96,13,41,112,37,27" hai2="20,8,17,125,78,15,127,129,69,62,79,84,72" hai3="39,124,3,70,64,117,38,119,133,7,93,67,100"/><T22/><D118/><U97/><E131/><V59/><F129/><W77/><G77/><T130/><D130/><U101/><E112/><V121/><F121/><W63/><G93/><T14/><D132/><U11/><E32/><V115/><F115/><W81/><G81/><T57/><D126/><N who="2" m="48138" /><F69/><W110/><G100/><T108/><D108/><U16/><E37/><V9/><F84/><W51/><G3/><T44/><D68/><U66/><E41/><V74/><F79/><W114/><G7/><T122/><D75/><N who="2" m="28714" /><F78/><W36/><G124/><T98/><D122/><U71/><E19/><V99/><F99/><W60/><G114/><T30/><D98/><U120/><E120/><V49/><F49/><W58/><G133/><T12/><D6/><U48/><REACH who="1" step="1"/><E96/><REACH who="1" ten="250,240,250,250" step="2"/><V92/><F92/><AGARI ba="0,1" hai="11,13,16,26,27,48,55,56,61,66,71,92,97,101" machi="92" ten="30,12000,2" yaku="1,1,2,1,7,1,52,1,54,1,53,1" doraHai="53" doraHaiUra="95" who="1" fromWho="2" sc="250,0,240,130,250,-120,250,0" /><INIT seed="1,0,0,4,2,24" ten="250,370,130,250" oya="1" hai0="100,116,103,130,113,108,68,73,56,80,114,112,29" hai1="53,48,111,120,21,121,43,55,124,83,12,11,27" hai2="90,63,52,6,134,2,30,88,13,49,135,50,85" hai3="1,133,104,32,61,26,74,105,40,10,76,123,117"/><U84/><E124/><V15/><F2/><W77/><G77/><T3/><D3/><U125/><E125/><V96/><F63/><W101/><G101/><T65/><D68/><U5/><E111/><V86/><F96/><W57/><G123/><T59/><D116/><U44/><E120/><V0/><F0/><W25/><G25/><T95/><D108/><U69/><E69/><V17/><F6/><W45/><G133/><T107/><D107/><U9/><E9/><V7/><F7/><N who="3" m="1391" /><G57/><T122/><D122/><U67/><E67/><V47/><F30/><N who="3" m="19543" /><G61/><T20/><D59/><U19/><REACH who="1" step="1"/><E121/><REACH who="1" ten="250,360,130,250" step="2"/><V62/><F62/><W60/><G60/><T109/><D109/><U51/><E51/><V106/><F106/><W132/><G132/><N who="2" m="50729" /><F49/><W14/><G105/><T39/><D65/><U94/><E94/><N who="2" m="54607" /><F17/><W75/><G104/><T41/><D95/><AGARI ba="0,1" hai="13,15,47,50,52,86,88,95" m="54607,50729" machi="95" ten="30,3900,0" yaku="20,1,54,2" doraHai="24" who="2" fromWho="0" sc="250,-39,360,0,130,49,250,0" /><INIT seed="2,0,0,2,2,88" ten="211,360,179,250" oya="2" hai0="135,48,23,74,45,70,33,104,2,109,75,95,9" hai1="90,43,19,98,31,60,57,101,58,85,79,11,65" hai2="81,128,93,66,54,106,92,108,110,69,59,39,120" hai3="0,100,37,122,67,14,73,35,17,126,3,15,99"/><V118/><F118/><W56/><G122/><T55/><D104/><U46/><E31/><V133/><F120/><W113/><G73/><T127/><D33/><U121/><E121/><V103/><F39/><W6/><G37/><T117/><D70/><U28/><E28/><V4/><F4/><W124/><G35/><T18/><D117/><U116/><E79/><V123/><F123/><W130/><G130/><T64/><D64/><U131/><E131/><V41/><F41/><W71/><G71/><T82/><D109/><N who="2" m="42090" /><F128/><W8/><G56/><T21/><D135/><U129/><E129/><V26/><F133/><W16/><G67/><T115/><D115/><U36/><E116/><V61/><F26/><W52/><G52/><T84/><D127/><N who="3" m="48681" /><G113/><T72/><D55/><U111/><E111/><V77/><F103/><W114/><G114/><T134/><D134/><U132/><E132/><V5/><F5/><W29/><G29/><T86/><D45/><U25/><E25/><V119/><F119/><W44/><G44/><T105/><D48/><U68/><E46/><V94/><F106/><N who="3" m="63775" /><G6/><T10/><D105/><U20/><E36/><V30/><F30/><W47/><G47/><T51/><D51/><U38/><E38/><V102/><F102/><W97/><G0/><T13/><D2/><U50/><E43/><V78/><F81/><W53/><G3/><T34/><D34/><U32/><E32/><V49/><AGARI ba="0,0" hai="49,54,59,61,66,69,77,78,92,93,94" m="42090" machi="49" ten="30,12000,1" yaku="14,1,10,1,52,3" doraHai="88" who="2" fromWho="2" sc="211,-40,360,-40,179,120,250,-40" /><INIT seed="2,1,0,3,1,50" ten="171,320,299,210" oya="2" hai0="119,41,111,134,73,19,108,98,30,88,78,48,32" hai1="82,84,28,45,60,52,54,76,87,14,67,71,99" hai2="13,107,120,46,29,102,83,61,35,131,7,103,34" hai3="85,18,91,20,10,114,97,74,49,11,93,95,100"/><V112/><F112/><W36/><G36/><T39/><D39/><U6/><E28/><V123/><F83/><W70/><G70/><T26/><D134/><U12/><E99/><V31/><F46/><W33/><G33/><T37/><D37/><U77/><E45/><V122/><F61/><W121/><G74/><T89/><D119/><U53/><E6/><V16/><F107/><W118/><G121/><T47/><D19/><U104/><E104/><V51/><F51/><W63/><G118/><T59/><D98/><U129/><E129/><V128/><F7/><W75/><G75/><T64/><D78/><U80/><AGARI ba="1,0" hai="12,14,52,53,54,60,67,71,76,77,80,82,84,87" machi="80" ten="30,12000,2" yaku="0,1,9,1,52,3,54,1" doraHai="50" who="1" fromWho="1" sc="171,-31,320,123,299,-61,210,-31" /><INIT seed="3,0,0,2,4,0" ten="140,443,238,179" oya="3" hai0="34,62,50,20,121,4,27,72,89,61,95,16,74" hai1="118,117,12,70,58,38,107,78,102,112,114,101,73" hai2="52,86,32,3,65,5,85,134,63,51,15,49,25" hai3="19,55,119,128,36,18,97,110,9,116,53,94,48"/><W41/><G128/><T135/><D121/><U113/><E70/><V123/><F3/><W130/><G130/><T56/><D135/><U77/><E38/><V54/><F134/><W39/><G110/><T67/><D34/><U11/><E58/><N who="2" m="37111" /><F25/><W64/><G64/><T90/><D90/><U122/><E122/><V87/><F32/><W47/><G53/><N who="2" m="20585" /><F123/><W129/><G129/><T13/><D50/><U75/><E107/><V28/><F28/><W84/><G84/><T7/><D62/><U124/><E124/><V132/><F132/><W26/><G39/><T115/><D115/><U104/><E104/><V131/><F131/><W91/><G26/><T108/><D108/><U29/><E29/><V40/><F40/><W80/><G80/><T17/><D74/><N who="1" m="28171" /><E12/><V23/><F23/><W43/><G43/><T125/><D72/><U31/><E11/><AGARI ba="0,0" hai="5,11,15,49,51,85,86,87" m="20585,37111" machi="11" ten="30,3900,0" yaku="8,1,52,1,54,1" doraHai="0" who="2" fromWho="1" sc="140,0,443,-39,238,39,179,0" owari="140,-36.0,404,50.4,277,7.7,179,-22.1" /></mjloggm>