<mjloggm ver="2.3"><GO type="169" lobby="0"/><UN n0="%62%73%64%5F%33" n1="%6B%61%77%61%69%31%32" n2="%E4%B8%80%E8%93%AE%E5%B3%BB%E6%BD%A4" n3="%E3%82%BF%E3%82%A4%E4%BA%BA%EF%BC%A0%E3%83%90%E3%83%B3%E3%82%B3%E3%82%AF" dan="17,16,17,16" rate="2152.69,2072.79,2194.07,2128.98" sx="F,M,M,M"/><TAIKYOKU oya="0"/><INIT seed="0,0,0,2,5,38" ten="250,250,250,250" oya="0" hai0="47,99,21,86,82,40,66,59,6,34,98,49,81" hai1="111,125,133,31,54,121,37,63,97,30,35,90,62" hai2="20,29,5,94,108,17,64,56,105,22,3,127,18" hai3="113,36,117,100,4,130,19,42,26,103,134,15,67"/><T74/><D34/><U88/><E121/><V122/><F105/><W33/><G113/><T114/><D114/><U115/><E115/><V13/><F122/><W79/><G117/><T95/><D74/><U16/><E37/><V132/><F108/><W46/><G130/><T109/><D109/><U120/><E120/><V96/><F127/><W116/><G116/><T10/><D21/><U43/><E111/><V73/><F73/><W78/><G67/><T2/><D82/><U123/><E123/><V50/><F132/><W107/><G4/><T70/><D70/><U83/><E133/><V128/><F128/><W11/><G134/><T27/><D27/><U44/><E125/><V55/><F29/><N who="1" m="10761" /><E35/><V52/><F3/><W24/><G33/><T7/><D7/><U57/><E63/><V14/><F5/><W87/><G79/><T112/><D112/><U84/><E16/><V23/><F64/><W76/><G78/><T39/><D39/><U89/><E97/><V69/><F69/><W71/><G71/><T119/><D119/><U48/><AGARI ba="0,0" hai="43,44,48,54,57,62,83,84,88,89,90" m="10761" machi="48" ten="30,4000,0" yaku="8,1,52,1,54,1" doraHai="38" who="1" fromWho="1" sc="250,-20,250,40,250,-10,250,-10" /><INIT seed="1,0,0,5,4,14" ten="230,290,240,240" oya="1" hai0="76,7,58,8,46,39,113,74,0,36,80,5,24" hai1="111,81,20,35,12,127,106,22,98,56,77,32,68" hai2="108,11,116,107,131,109,47,118,37,45,2,69,23" hai3="1,64,85,25,49,132,129,51,17,124,128,70,121"/><U99/><E68/><V16/><F107/><W6/><G121/><T115/><D7/><U43/><E127/><V40/><F69/><W133/><G85/><T94/><D36/><U59/><E43/><V103/><F103/><W122/><G122/><T73/><D73/><U41/><E41/><V28/><F47/><W15/><G64/><T102/><D24/><U97/><E106/><V110/><F28/><W126/><G25/><T54/><D94/><U19/><E111/><V96/><F96/><W91/><G91/><T52/><D102/><U63/><E22/><V117/><F131/><N who="3" m="50251" /><G6/><T135/><D135/><N who="3" m="51785" /><G1/><T50/><REACH who="0" step="1"/><D39/><REACH who="0" ten="220,290,240,240" step="2"/><U34/><REACH who="1" step="1"/><E63/><AGARI ba="0,1" hai="0,5,8,46,50,52,54,58,63,74,76,80,113,115" machi="63" ten="30,7700,0" yaku="1,1,2,1,7,1,54,1,53,0" doraHai="14" doraHaiUra="67" who="0" fromWho="1" sc="220,87,290,-77,240,0,240,0" /><INIT seed="2,0,0,3,1,128" ten="307,213,240,240" oya="2" hai0="43,23,16,34,22,29,38,108,100,25,6,62,31" hai1="126,4,18,83,1,9,113,135,103,120,134,3,133" hai2="102,79,30,28,98,47,84,127,17,76,104,78,125" hai3="5,57,49,66,40,70,109,32,39,90,13,11,21"/><V12/><F84/><W86/><G32/><T26/><D108/><U71/><E113/><V48/><F17/><W46/><G109/><T118/><D100/><U129/><E129/><V123/><F12/><W55/><G21/><T24/><D118/><U87/><E126/><V130/><F123/><W27/><G27/><N who="0" m="18815" /><D43/><U96/><E120/><V45/><F130/><W56/><G56/><T121/><D62/><U8/><E71/><V111/><F111/><W82/><G66/><T124/><D38/><U53/><E53/><V94/><F104/><W59/><G59/><T116/><D116/><U41/><E41/><V88/><F102/><W65/><G65/><T35/><D124/><N who="2" m="47690" /><F47/><W101/><G101/><T50/><D50/><U106/><E18/><V15/><F15/><W42/><G40/><AGARI ba="0,0" hai="28,30,40,45,48,76,78,79,88,94,98" m="47690" machi="40" ten="30,2900,0" yaku="18,1,54,1" doraHai="128" who="2" fromWho="3" sc="307,0,213,0,240,29,240,-29" /><INIT seed="2,1,0,2,2,104" ten="307,213,269,211" oya="2" hai0="99,106,46,56,132,38,52,22,98,117,41,111,108" hai1="28,40,50,47,74,20,84,116,93,66,105,114,89" hai2="81,4,69,101,110,76,97,43,34,55,1,87,11" hai3="112,68,21,51,121,128,5,17,29,95,48,65,122"/><V2/><F34/><W83/><G112/><T58/><D132/><U80/><E114/><V124/><F69/><W79/><G128/><T9/><D117/><U3/><E3/><V126/><F2/><W42/><G5/><T115/><D115/><U100/><E116/><V30/><F30/><W59/><G29/><T24/><D56/><U64/><E20/><V107/><F43/><W67/><G68/><T27/><D9/><U113/><E28/><V18/><F18/><W31/><G31/><N who="0" m="17815" /><D27/><U14/><E14/><V60/><F60/><W72/><G95/><T26/><D106/><U53/><E40/><V63/><F63/><W82/><G82/><T16/><D26/><U8/><E8/><V85/><F55/><W12/><G51/><N who="0" m="31007" /><D16/><U90/><E90/><V10/><F10/><W129/><G129/><T109/><AGARI ba="1,0" hai="38,41,46,98,99,108,109,111" m="31007,17815" machi="109" ten="30,2000,0" yaku="14,1,54,1" doraHai="104" who="0" fromWho="0" sc="307,23,213,-6,269,-11,211,-6" /><INIT seed="3,0,0,5,2,16" ten="330,207,258,205" oya="3" hai0="12,135,117,103,80,128,6,4,112,8,64,28,109" hai1="107,37,5,74,15,134,131,90,122,52,93,105,115" hai2="104,24,2,67,72,120,132,0,91,34,70,3,62" hai3="110,13,25,23,58,102,10,111,61,30,36,9,76"/><W92/><G36/><T123/><D117/><U84/><E122/><V95/><F120/><W38/><G38/><T129/><D123/><U86/><E115/><V118/><F118/><W65/><G76/><T48/><D112/><U53/><E74/><V55/><F132/><W97/><REACH who="3" step="1"/><G10/><REACH who="3" ten="330,207,258,195" step="2"/><T127/><D8/><N who="1" m="4495" /><E37/><V101/><F72/><W87/><G87/><T125/><D135/><U59/><E134/><V71/><F0/><W82/><G82/><T46/><D80/><U7/><E86/><V44/><F2/><W83/><G83/><T60/><D129/><U21/><E131/><V27/><F3/><W78/><G78/><T98/><D128/><U29/><E84/><V20/><F71/><W75/><G75/><T17/><D125/><U26/><E7/><AGARI ba="0,1" hai="7,9,13,23,25,30,58,61,65,92,97,102,110,111" machi="7" ten="40,12000,1" yaku="1,1,25,2,52,1,53,0" doraHai="16" doraHaiUra="49" who="3" fromWho="1" sc="330,0,207,-120,258,0,195,130" /><INIT seed="3,1,0,0,3,123" ten="330,87,258,325" oya="3" hai0="30,129,14,121,68,0,77,80,44,49,86,71,60" hai1="92,5,132,104,54,109,48,79,116,85,40,2,83" hai2="101,94,18,55,28,99,61,6,50,108,8,128,32" hai3="47,118,102,41,74,67,91,96,75,62,124,29,27"/><W122/><G118/><T93/><D121/><U110/><E104/><V135/><F128/><W31/><G122/><T81/><D0/><U46/><E132/><V103/><F135/><W56/><G91/><T66/><D129/><U24/><E116/><V119/><F119/><W59/><G59/><T95/><D71/><U112/><E112/><V88/><F32/><W16/><G124/><T36/><D30/><U9/><E24/><V127/><F28/><W125/><G125/><T134/><D134/><U114/><E114/><V35/><F35/><W87/><G87/><T73/><D14/><U70/><E70/><V89/><F18/><W19/><G75/><T76/><REACH who="0" step="1"/><D36/><REACH who="0" ten="320,87,258,325" step="2"/><U107/><E107/><V69/><F127/><W22/><G31/><T84/><D84/><U82/><E82/><V37/><F37/><W1/><G74/><T78/><D78/><U38/><REACH who="1" step="1"/><E92/><REACH who="1" ten="320,77,258,325" step="2"/><V52/><F94/><N who="3" m="58647" /><G1/><T25/><D25/><U42/><E42/><AGARI ba="1,2" hai="42,44,49,60,66,68,73,76,77,80,81,86,93,95" machi="42" ten="30,2000,0" yaku="1,1,7,1,53,0" doraHai="123" doraHaiUra="26" who="0" fromWho="1" sc="320,43,77,-23,258,0,325,0" /><INIT seed="4,0,0,5,2,33" ten="363,54,258,325" oya="0" hai0="78,52,118,89,119,41,96,103,85,5,80,88,21" hai1="6,93,120,50,127,134,101,38,30,129,9,130,29" hai2="132,67,72,40,54,37,4,34,15,68,76,12,115" hai3="66,133,91,64,112,57,11,51,48,31,84,110,102"/><T104/><D41/><U122/><E38/><V109/><F109/><W86/><G112/><T61/><D5/><U94/><E50/><V108/><F34/><W92/><G110/><T83/><D21/><U10/><E101/><V97/><F115/><W63/><G133/><T25/><D25/><U81/><E81/><V14/><F132/><W125/><G66/><T13/><D13/><U39/><E39/><V0/><F97/><W44/><G125/><T28/><D28/><U45/><E45/><V69/><F54/><W114/><G114/><T117/><D61/><U35/><E134/><V121/><F121/><W123/><G123/><N who="1" m="47146" /><E94/><V32/><F32/><W1/><G102/><T16/><D16/><U73/><E93/><V60/><F69/><W79/><G31/><N who="1" m="11786" /><E73/><V47/><F108/><W105/><G105/><T75/><D52/><U100/><E100/><V99/><F99/><W46/><G84/><T22/><D22/><U111/><E35/><V70/><F60/><W8/><G79/><AGARI ba="0,0" hai="75,78,79,80,83,85,88,89,96,103,104,117,118,119" machi="79" ten="40,12000,1" yaku="34,3,54,1" doraHai="33" who="0" fromWho="3" sc="363,120,54,0,258,0,325,-120" /><INIT seed="4,1,0,0,3,91" ten="483,54,258,205" oya="0" hai0="80,120,115,8,116,41,62,61,17,95,86,125,40" hai1="71,20,135,105,78,104,77,38,56,3,44,24,124" hai2="114,74,51,83,12,85,9,60,88,102,127,99,37" hai3="122,94,112,69,27,129,13,6,59,119,131,70,15"/><T72/><D116/><U108/><E71/><V52/><F114/><W133/><G122/><T121/><D115/><U30/><E108/><V75/><F127/><W84/><G112/><T49/><D125/><U42/><E124/><V64/><F37/><W7/><G119/><T68/><D72/><U132/><E3/><V117/><F117/><W123/><G27/><T32/><D32/><U79/><REACH who="1" step="1"/><E56/><REACH who="1" ten="483,44,258,205" step="2"/><V65/><F75/><W5/><G70/><T43/><D68/><U101/><E101/><V107/><F74/><W31/><G69/><T92/><D121/><U46/><E46/><V55/><F60/><N who="0" m="23146" /><D120/><U21/><E21/><V18/><F55/><W97/><G59/><AGARI ba="1,1" hai="9,12,18,51,52,59,64,65,83,85,88,99,102,107" machi="59" ten="30,3900,0" yaku="7,1,54,2" doraHai="91" who="2" fromWho="3" sc="483,0,44,0,258,52,205,-42" /><INIT seed="5,0,0,0,3,69" ten="483,44,310,163" oya="1" hai0="61,106,37,100,88,20,47,64,2,22,40,0,63" hai1="58,68,74,29,10,38,101,34,52,105,33,60,85" hai2="125,15,132,84,77,98,89,122,19,107,130,75,8" hai3="5,57,95,123,79,65,96,72,59,30,71,86,32"/><U3/><E74/><V110/><F110/><W24/><G72/><T21/><D63/><U108/><E108/><V54/><F122/><W49/><G123/><T87/><D100/><U113/><E113/><V51/><F130/><W26/><G5/><T129/><D106/><U76/><E68/><V103/><F125/><W114/><G114/><T42/><D42/><U90/><E76/><V93/><F132/><W70/><G79/><T56/><REACH who="0" step="1"/><D129/><REACH who="0" ten="473,44,310,163" step="2"/><U117/><E117/><V102/><F102/><W131/><G131/><T128/><D128/><U41/><E101/><V121/><F121/><W13/><G71/><T43/><D43/><U27/><E105/><V124/><F124/><W97/><G70/><T134/><D134/><U118/><E118/><V99/><F107/><W23/><G97/><T82/><AGARI ba="0,1" hai="0,2,20,21,22,37,40,47,56,61,64,82,87,88" machi="82" ten="30,7900,0" yaku="1,1,0,1,52,1,54,1,53,0" doraHai="69" doraHaiUra="120" who="0" fromWho="0" sc="473,89,44,-39,310,-20,163,-20" /><INIT seed="6,0,0,5,3,106" ten="562,5,290,143" oya="2" hai0="90,114,26,63,127,22,132,125,80,68,99,42,81" hai1="133,67,129,82,31,53,4,39,32,60,94,56,17" hai2="87,7,126,73,134,91,38,14,41,51,48,46,123" hai3="117,36,45,78,110,111,100,55,25,47,85,16,112"/><V86/><F123/><W27/><G117/><T20/><D114/><U70/><E129/><V34/><F34/><W64/><G64/><T61/><D132/><U12/><E133/><V72/><F134/><W113/><G100/><T92/><D42/><U37/><E4/><V130/><F130/><W35/><G35/><T124/><D22/><U102/><E82/><N who="0" m="31849" /><D68/><U11/><E31/><AGARI ba="0,0" hai="20,26,31,61,63,90,92,99,124,125,127" m="31849" machi="31" ten="30,1000,0" yaku="18,1" doraHai="106" who="0" fromWho="1" sc="562,10,5,-10,290,0,143,0" owari="572,67.2,-5,-50.5,290,9.0,143,-25.7" /></mjloggm>