<mjloggm ver="2.3"><GO type="225" lobby="0"/><UN n0="%E7%89%B9%E6%9D%B1%E3%81%AF%E4%B8%96%E7%95%8C%E3%82%92%E6%95%91%E3%81%86" n1="%E3%81%8B%E3%82%8F%E3%81%A1%E3%82%83%E3%82%93%35%38" n2="%E9%B3%B4%E8%8C%B6" n3="%E5%85%83%E3%82%AB%E3%83%8E%E7%B3%BB%E3%83%92%E3%83%AD%E3%82%A4%E3%83%B3" dan="16,16,16,16" rate="2144.31,2114.67,2143.54,2182.69" sx="M,M,M,M"/><TAIKYOKU oya="0"/><INIT seed="0,0,0,0,3,94" ten="250,250,250,250" oya="0" hai0="105,128,57,17,29,46,76,30,67,31,113,44,81" hai1="106,33,87,0,116,98,127,61,126,52,14,92,32" hai2="2,133,21,84,12,7,134,23,22,8,75,79,37" hai3="66,121,77,54,38,82,63,1,135,103,130,28,50"/><T53/><D113/><U86/><E0/><V89/><F37/><W68/><G1/><T13/><D105/><U91/><E116/><V26/><F75/><W19/><G135/><N who="2" m="51721" /><F79/><W120/><G130/><T69/><D128/><U24/><E14/><V42/><F42/><W34/><G103/><T104/><D104/><U97/><E86/><V43/><F43/><W18/><G38/><T65/><D69/><U96/><E106/><V58/><F58/><N who="3" m="33111" /><G28/><T49/><D67/><U45/><E24/><V101/><F101/><W80/><G34/><T95/><D95/><U73/><E73/><V99/><F2/><W71/><G71/><T4/><D4/><U117/><E117/><V122/><F122/><N who="3" m="47211" /><G82/><T112/><D65/><U115/><E115/><V5/><F26/><W40/><G40/><T110/><D112/><U114/><E114/><V88/><F5/><W74/><AGARI ba="0,0" hai="18,19,63,66,68,74,77,80" m="47211,33111" machi="74" ten="30,1100,0" yaku="13,1" doraHai="94" who="3" fromWho="3" sc="250,-5,250,-3,250,-3,250,11" /><INIT seed="1,0,0,2,4,11" ten="245,247,247,261" oya="1" hai0="113,23,134,15,110,53,57,60,126,133,9,40,3" hai1="6,66,72,35,28,131,111,128,5,77,10,34,74" hai2="71,124,112,69,36,130,120,115,119,20,38,118,101" hai3="96,73,109,65,16,63,87,64,70,59,132,7,37"/><U88/><E66/><V116/><F101/><W4/><G73/><N who="1" m="28266" /><E77/><V51/><F20/><W31/><G37/><N who="2" m="14441" /><F120/><W86/><G109/><T99/><D113/><N who="2" m="43594" /><F124/><W61/><G132/><N who="0" m="50795" /><D110/><U12/><E111/><V125/><F125/><W83/><G31/><T0/><D126/><U129/><E28/><V107/><F107/><W89/><G96/><T84/><D40/><U80/><E5/><V48/><F130/><N who="1" m="33281" /><U114/><DORA hai="90" /><E114/><V42/><F42/><W33/><G33/><T39/><D39/><U82/><E82/><V117/><N who="2" m="29696" /><DORA hai="76" /><V97/><F97/><W49/><G86/><AGARI ba="0,0" hai="6,10,12,34,35,80,86,88" m="33281,28266" machi="86" ten="50,12000,1" yaku="19,1,52,2,54,1" doraHai="11,90,76" who="1" fromWho="3" sc="245,0,247,120,247,0,261,-120" /><INIT seed="1,1,0,1,3,10" ten="245,367,247,141" oya="1" hai0="94,87,17,79,114,109,28,43,56,35,31,76,53" hai1="127,97,116,122,107,88,85,132,3,126,66,52,42" hai2="51,58,69,38,82,84,14,29,105,32,118,22,60" hai3="83,15,63,61,91,13,89,8,135,23,7,26,72"/><U2/><E116/><V68/><F118/><W49/><G135/><T12/><D114/><U19/><E66/><V62/><F38/><W36/><G36/><T102/><D109/><U44/><E122/><V5/><F105/><W121/><G121/><T108/><D43/><U98/><E132/><V106/><F106/><W134/><G134/><T1/><D1/><N who="1" m="11" /><E107/><V95/><F95/><W104/><G104/><T112/><D108/><U41/><E19/><N who="2" m="10615" /><F32/><W96/><G49/><T92/><D112/><U111/><E111/><V99/><F69/><W21/><G72/><T24/><D31/><U67/><E67/><V18/><F68/><W30/><G96/><T54/><D54/><U73/><E73/><V80/><F99/><W59/><G83/><N who="2" m="31785" /><F84/><W48/><G48/><T129/><D102/><U90/><E98/><V64/><F5/><W119/><G119/><T20/><D129/><U55/><E97/><V86/><F86/><W125/><G125/><N who="1" m="47626" /><E85/><V115/><F115/><W45/><G45/><T39/><D39/><N who="1" m="21567" /><E42/><V4/><F4/><W50/><G50/><T65/><D65/><U93/><E93/><V133/><F133/><W27/><G7/><T124/><D124/><U57/><E55/><N who="2" m="32127" /><F64/><W110/><G110/><T74/><D74/><U77/><E77/><N who="0" m="29769" /><D87/><U113/><E113/><V128/><F29/><W0/><G0/><T71/><D71/><U37/><E37/><V9/><F128/><W33/><G30/><T130/><D130/><U123/><E123/><V46/><F46/><W75/><G75/><T40/><D40/><U34/><E34/><V78/><F78/><RYUUKYOKU ba="1,0" sc="245,10,367,10,247,10,141,-30" hai0="12,17,20,24,28,35,53,56,92,94" hai1="52,57,88,90" hai2="9,18,60,62" /><INIT seed="1,2,0,5,0,93" ten="255,377,257,111" oya="1" hai0="30,48,64,14,107,53,81,1,131,2,3,6,31" hai1="113,124,39,69,120,41,75,104,130,129,67,74,62" hai2="24,60,54,25,114,101,92,8,127,94,45,68,7" hai3="71,18,99,116,108,125,32,66,19,97,35,91,20"/><U70/><E113/><V96/><F114/><W50/><G108/><T59/><D107/><U77/><E120/><V86/><F127/><W22/><G50/><T132/><D131/><U90/><E124/><V29/><F68/><W13/><G125/><T56/><D132/><U95/><E104/><V119/><F119/><W9/><G116/><T84/><D6/><U121/><E121/><V118/><F118/><W0/><G0/><T23/><D64/><U72/><E70/><V55/><F45/><W4/><G91/><T117/><D117/><U115/><E115/><V37/><F37/><W5/><G71/><T126/><D126/><U83/><E41/><V133/><F133/><W26/><G66/><T78/><D56/><U103/><E103/><V16/><F60/><W76/><G76/><T15/><D15/><U100/><E100/><V106/><F106/><W40/><G40/><T128/><D128/><N who="1" m="49259" /><E39/><V87/><F7/><W123/><G123/><T61/><D61/><U135/><E135/><V27/><F29/><W36/><G36/><T82/><D82/><U111/><E111/><V73/><F73/><W89/><G89/><T11/><D23/><U33/><E33/><V85/><REACH who="2" step="1"/><F94/><REACH who="2" ten="255,377,247,111" step="2"/><W51/><G51/><T42/><D48/><U52/><E52/><V80/><F80/><W79/><G79/><T38/><D53/><U63/><E63/><V65/><F65/><W46/><G46/><T122/><D122/><U44/><E44/><V58/><F58/><W109/><G109/><T110/><D110/><U43/><E43/><V49/><F49/><W88/><G4/><RYUUKYOKU ba="2,1" sc="255,-15,377,15,247,15,111,-15" hai1="62,67,69,72,74,75,77,83,90,95" hai2="8,16,24,25,27,54,55,85,86,87,92,96,101" /><INIT seed="1,3,1,1,4,15" ten="240,392,262,96" oya="1" hai0="28,118,112,107,55,111,130,22,133,12,38,60,123" hai1="3,51,11,63,72,44,115,125,59,1,134,8,110" hai2="101,45,50,34,33,95,74,76,96,47,109,41,89" hai3="127,32,0,105,78,43,71,62,29,48,77,90,80"/><U126/><E115/><V121/><F121/><W18/><G0/><N who="1" m="74" /><E72/><V82/><F109/><W57/><G105/><T64/><D112/><U40/><E134/><V37/><REACH who="2" step="1"/><F101/><REACH who="2" ten="240,392,252,96" step="2"/><W88/><G127/><N who="1" m="48650" /><E110/><V56/><F56/><W20/><G71/><T102/><D111/><U114/><E114/><V6/><F6/><W10/><G32/><T108/><D102/><U54/><AGARI ba="3,2" hai="8,11,40,44,51,54,59,63" m="48650,74" machi="54" ten="30,1500,0" yaku="18,1" doraHai="15" who="1" fromWho="1" sc="240,-8,392,44,252,-8,96,-8" /><INIT seed="1,4,0,5,5,56" ten="232,436,244,88" oya="1" hai0="121,87,95,10,75,11,89,99,21,40,127,109,111" hai1="3,106,131,120,58,13,49,110,63,124,24,59,54" hai2="43,116,32,23,14,7,69,128,48,79,25,102,44" hai3="30,91,123,35,38,29,12,70,130,27,4,135,62"/><U74/><E3/><V103/><F116/><W114/><G123/><T31/><D75/><U68/><E120/><V119/><F119/><W132/><G114/><T46/><D121/><U92/><E106/><V6/><F69/><W47/><G130/><T20/><D127/><U33/><E74/><V113/><F128/><W100/><G30/><T28/><D87/><U84/><E131/><V96/><F113/><W101/><G91/><T18/><D28/><U78/><E68/><V53/><F32/><W19/><G4/><N who="2" m="1577" /><F79/><W41/><G100/><N who="2" m="38441" /><F96/><W50/><G38/><T88/><D89/><U97/><E33/><V8/><F25/><W117/><G117/><T1/><D31/><U105/><E24/><V26/><F26/><W72/><G72/><T55/><D55/><U134/><E97/><V76/><F76/><W17/><G101/><T2/><D2/><U98/><E54/><V42/><F23/><N who="0" m="8778" /><D18/><AGARI ba="4,0" hai="8,14,18,42,43,44,48,53" m="38441,1577" machi="18" ten="30,1000,0" yaku="8,1" doraHai="56" who="2" fromWho="0" sc="232,-22,436,0,244,22,88,0" /><INIT seed="2,0,0,3,3,88" ten="210,436,266,88" oya="2" hai0="126,99,96,131,2,20,39,74,79,31,100,122,134" hai1="56,133,17,24,124,66,32,109,129,77,10,90,13" hai2="86,75,9,127,43,111,4,117,5,70,83,71,27" hai3="107,121,30,97,114,51,119,89,62,58,135,118,120"/><V112/><F117/><N who="3" m="44555" /><G30/><T21/><D122/><N who="3" m="47209" /><G51/><T42/><D2/><U37/><E129/><V11/><F112/><W81/><G58/><T63/><D131/><U55/><E133/><V57/><F43/><W84/><G62/><T102/><D134/><U106/><E124/><V45/><F45/><W35/><G35/><T52/><D126/><U132/><E106/><V65/><F127/><W113/><G135/><T48/><D79/><U28/><E77/><V91/><F27/><W101/><AGARI ba="0,0" hai="81,84,89,97,101,107,113,114" m="47209,44555" machi="101" ten="40,2700,0" yaku="34,2" doraHai="88" who="3" fromWho="3" sc="210,-7,436,-7,266,-13,88,27" /><INIT seed="3,0,0,4,0,127" ten="203,429,253,115" oya="3" hai0="91,105,1,28,89,6,12,44,79,88,90,62,130" hai1="21,24,129,32,54,18,75,14,96,68,60,38,29" hai2="69,42,86,20,66,93,135,3,45,23,120,33,25" hai3="74,56,10,47,100,50,132,81,133,119,106,103,82"/><W113/><G113/><T134/><D105/><U0/><E75/><V43/><F3/><W109/><G119/><T126/><D1/><U95/><E38/><V46/><F69/><W51/><G10/><T87/><D126/><U92/><E129/><V115/><F33/><W19/><G19/><T71/><D134/><N who="3" m="51817" /><G74/><T2/><D2/><U72/><E72/><V27/><F135/><W57/><G106/><T67/><D130/><U83/><E83/><N who="3" m="31754" /><G47/><N who="2" m="17929" /><F66/><W97/><G97/><T36/><D28/><U77/><E77/><V65/><F65/><W55/><G109/><T63/><D79/><U124/><E124/><V53/><F115/><W17/><G17/><T118/><D118/><U94/><E0/><V101/><F53/><AGARI ba="0,0" hai="50,51,53,55,56,57,100,103" m="31754,51817" machi="53" ten="30,1500,0" yaku="20,1" doraHai="127" who="3" fromWho="2" sc="203,0,429,0,253,-15,115,15" /><INIT seed="3,1,0,4,5,6" ten="203,429,238,130" oya="3" hai0="110,9,22,123,66,130,116,91,65,58,87,34,104" hai1="112,86,105,135,131,54,102,57,31,10,63,26,12" hai2="27,73,44,3,56,52,79,83,16,122,120,60,96" hai3="17,82,94,40,92,126,50,121,90,78,81,59,46"/><W35/><G121/><N who="2" m="46697" /><F3/><W18/><G126/><T51/><D123/><U43/><E112/><V115/><F115/><W113/><G113/><T101/><D34/><U80/><E131/><V7/><F7/><W15/><G35/><T70/><D70/><U28/><E135/><V75/><F96/><W67/><G18/><T39/><D39/><U1/><E1/><V88/><F44/><W45/><G45/><T41/><D116/><U107/><E43/><V42/><F42/><W85/><G67/><T23/><D130/><U62/><E62/><V93/><F75/><W127/><G59/><T109/><D9/><U4/><E102/><V64/><F64/><N who="0" m="24682" /><D101/><U47/><E47/><V118/><F118/><W37/><G37/><T119/><D104/><U69/><E69/><V89/><F93/><W38/><G38/><T11/><D11/><U98/><E98/><V24/><F24/><W32/><G32/><T29/><D29/><U84/><E84/><V114/><F114/><W13/><G127/><T134/><D91/><U20/><E28/><V125/><F125/><W76/><G15/><T19/><D119/><U97/><E97/><V25/><F25/><W8/><REACH who="3" step="1"/><G90/><AGARI ba="1,0" hai="4,10,12,20,26,31,54,57,63,80,86,90,105,107" machi="90" ten="30,2000,0" yaku="7,1,52,1" doraHai="6" who="1" fromWho="3" sc="203,0,429,23,238,0,130,-23" owari="203,-19.7,452,55.2,238,3.8,107,-39.3" /></mjloggm>