<mjloggm ver="2.3"><GO type="169" lobby="0"/><UN n0="%E6%8E%A2%39" n1="%E9%81%85%E5%88%BB%E3%81%AE%E3%83%97%E3%83%AA%E3%83%B3%E3%82%B9%E2%99%AA" n2="%E2%84%83%2D%75%74%65" n3="%E5%9C%9C%E7%94%B0%E6%B5%81%E7%89%8C%E6%89%8B" dan="17,16,17,16" rate="2154.30,2144.95,2203.58,2149.42" sx="M,F,M,M"/><TAIKYOKU oya="0"/><INIT seed="0,0,0,0,0,20" ten="250,250,250,250" oya="0" hai0="10,51,110,91,34,0,74,41,78,132,95,69,1" hai1="103,43,2,96,52,25,116,109,122,106,115,97,104" hai2="6,62,11,81,63,94,5,120,12,105,9,131,61" hai3="48,24,76,67,77,108,89,26,33,100,55,130,85"/><T23/><D34/><U27/><E116/><V42/><F105/><W80/><G33/><T4/><D69/><U19/><E122/><V128/><F120/><W56/><G108/><T38/><D132/><U32/><E2/><V29/><F42/><W70/><G130/><T114/><D114/><U39/><E109/><V98/><F81/><W90/><G100/><T13/><D110/><U64/><E64/><V102/><REACH who="2" step="1"/><F29/><REACH who="2" ten="250,250,240,250" step="2"/><W17/><G17/><T83/><D38/><U60/><E115/><V37/><F37/><W79/><REACH who="3" step="1"/><G90/><REACH who="3" ten="250,250,240,240" step="2"/><T65/><D91/><U73/><E32/><V119/><F119/><W86/><G86/><T72/><D74/><U129/><E129/><V125/><F125/><W113/><G113/><T49/><D72/><U88/><E73/><V87/><F87/><W3/><G3/><AGARI ba="0,2" hai="3,5,6,9,11,12,61,62,63,94,98,102,128,131" machi="3" ten="40,1300,0" yaku="1,1,53,0" doraHai="20" doraHaiUra="75" who="2" fromWho="3" sc="250,0,250,0,240,33,240,-13" /><INIT seed="1,0,0,0,0,62" ten="250,250,273,227" oya="1" hai0="57,76,50,122,6,56,92,109,36,20,128,54,101" hai1="27,102,110,97,75,132,85,87,74,59,58,129,93" hai2="41,1,90,135,33,18,94,40,133,112,68,104,34" hai3="16,26,42,51,78,60,114,47,127,23,32,119,9"/><U126/><E129/><V117/><F117/><W95/><G114/><T39/><D128/><U96/><E126/><V98/><F1/><W0/><G127/><T29/><D109/><U91/><E132/><V46/><F112/><W80/><G119/><T106/><D106/><U108/><E27/><V103/><F68/><W35/><G95/><T61/><D76/><U107/><E58/><V55/><F55/><W52/><G0/><T14/><D122/><U99/><E59/><V111/><F18/><W25/><G9/><T123/><D123/><U64/><E64/><V66/><F66/><W73/><G60/><T48/><D48/><U49/><E49/><V82/><F82/><W30/><REACH who="3" step="1"/><G35/><REACH who="3" ten="250,250,273,217" step="2"/><T21/><D92/><U120/><E120/><V65/><F34/><W5/><G5/><T130/><D6/><U89/><E99/><V2/><F33/><W45/><G45/><T44/><D44/><U134/><E134/><V116/><F46/><W15/><G15/><T67/><D130/><U24/><E24/><V86/><F2/><W3/><G3/><T121/><D121/><U38/><E38/><V8/><F116/><W100/><G100/><T77/><D101/><U71/><E71/><V84/><F103/><W79/><G79/><T11/><D77/><U72/><E97/><V43/><F98/><W88/><G88/><T83/><D39/><U37/><E37/><V28/><F90/><W10/><G10/><T4/><D36/><U70/><E70/><V53/><F133/><W81/><G81/><AGARI ba="0,1" hai="72,74,75,81,85,87,89,91,93,96,102,107,108,110" machi="81" ten="50,9600,0" yaku="34,3" doraHai="62" who="1" fromWho="3" sc="250,0,250,106,273,0,217,-96" /><INIT seed="1,1,0,2,0,7" ten="250,356,273,121" oya="1" hai0="128,36,76,49,30,0,104,131,117,51,75,93,65" hai1="50,79,59,98,123,69,46,63,42,1,35,54,106" hai2="121,73,78,32,48,24,4,68,2,31,22,43,16" hai3="101,109,132,52,62,72,41,118,29,67,17,125,11"/><U99/><E123/><V127/><F68/><W126/><G109/><T33/><D117/><U18/><E35/><V112/><F121/><W71/><G72/><T133/><D104/><U19/><E1/><V115/><F127/><N who="3" m="48651" /><G41/><T96/><D36/><U34/><E34/><V27/><F78/><W94/><G29/><T113/><D113/><N who="2" m="43594" /><F73/><W122/><G122/><T86/><D0/><U120/><E120/><V37/><F37/><W84/><G132/><T103/><D133/><U91/><E79/><V40/><F48/><W58/><G118/><T107/><D65/><U55/><E69/><V135/><F135/><W85/><G101/><T105/><D49/><U8/><E106/><V20/><F32/><W12/><G94/><T83/><D51/><AGARI ba="1,0" hai="11,12,17,51,52,58,62,67,71,84,85" m="48651" machi="51" ten="30,3900,0" yaku="18,1,52,1,54,1" doraHai="7" who="3" fromWho="0" sc="250,-42,356,0,273,0,121,42" /><INIT seed="2,0,0,3,5,128" ten="208,356,273,163" oya="2" hai0="6,15,129,29,13,108,109,100,81,53,52,105,103" hai1="130,98,27,4,23,20,83,91,25,102,79,85,106" hai2="28,14,51,40,78,117,34,38,37,21,70,68,74" hai3="22,126,75,65,8,31,82,59,120,1,95,9,88"/><V18/><F117/><W57/><G120/><T116/><D116/><U66/><E130/><V73/><F51/><W114/><G114/><T89/><D129/><U39/><E39/><V49/><F49/><W54/><G126/><T80/><D29/><U133/><E4/><V46/><F38/><W131/><G131/><T112/><D89/><U111/><E111/><V24/><REACH who="2" step="1"/><F78/><REACH who="2" ten="208,356,263,163" step="2"/><W33/><G1/><T104/><REACH who="0" step="1"/><D6/><REACH who="0" ten="198,356,263,163" step="2"/><U47/><E79/><V26/><F26/><N who="3" m="16855" /><G33/><T97/><D97/><U56/><E27/><V16/><F16/><W127/><G127/><T94/><D94/><U45/><E25/><V64/><F64/><W50/><G65/><T115/><AGARI ba="0,2" hai="13,15,52,53,80,81,100,103,104,105,108,109,112,115" machi="115" ten="25,8000,1" yaku="1,1,0,1,22,2,54,1,53,0" doraHai="128" doraHaiUra="61" who="0" fromWho="0" sc="198,100,356,-20,263,-40,163,-20" /><INIT seed="3,0,0,4,4,125" ten="298,336,223,143" oya="3" hai0="41,13,60,1,16,50,124,112,98,66,65,2,40" hai1="104,52,107,10,106,75,59,37,109,30,86,27,122" hai2="49,74,72,12,110,81,90,19,20,77,85,120,135" hai3="83,31,33,89,68,42,103,94,69,80,70,24,108"/><W126/><G126/><T131/><D124/><U39/><E122/><V7/><F110/><W63/><G108/><T71/><D112/><U46/><E109/><V116/><F135/><W0/><G0/><T91/><D66/><U23/><E75/><V82/><F120/><W57/><G42/><T115/><D115/><U127/><E127/><V8/><F49/><W105/><G105/><T44/><D41/><U133/><E133/><V28/><F28/><W22/><G33/><T117/><D117/><U100/><E100/><V43/><F43/><W78/><G78/><T87/><D98/><U15/><E86/><V99/><F116/><W58/><G58/><T73/><D131/><U4/><REACH who="1" step="1"/><E46/><REACH who="1" ten="298,326,223,143" step="2"/><V121/><F121/><W119/><G119/><T26/><D73/><U32/><E32/><V123/><F123/><W55/><REACH who="3" step="1"/><G103/><REACH who="3" ten="298,326,223,133" step="2"/><T21/><REACH who="0" step="1"/><D26/><REACH who="0" ten="288,326,223,133" step="2"/><U129/><E129/><V36/><F74/><W47/><G47/><T114/><D114/><U3/><E3/><V95/><F72/><W101/><G101/><T34/><D34/><U48/><AGARI ba="0,3" hai="4,10,15,23,27,30,37,39,48,52,59,104,106,107" machi="48" ten="30,7900,0" yaku="1,1,0,1,54,1,53,1" doraHai="125" doraHaiUra="11" who="1" fromWho="1" sc="288,-20,326,109,223,-20,133,-39" /><INIT seed="4,0,0,2,3,73" ten="268,435,203,94" oya="0" hai0="110,108,44,128,72,76,48,63,16,88,130,27,90" hai1="46,28,103,117,132,36,120,119,60,99,68,47,127" hai2="75,13,25,135,24,62,58,6,34,84,2,32,87" hai3="112,105,126,40,49,131,50,43,12,39,56,70,22"/><T94/><D63/><U83/><E120/><V91/><F75/><W35/><G35/><T0/><D0/><U86/><E127/><V133/><F2/><W10/><G105/><T102/><D102/><U19/><E132/><V104/><F104/><W95/><G126/><T79/><D27/><U85/><E28/><V106/><F106/><W74/><G70/><T51/><D72/><U123/><E123/><V116/><F13/><W17/><G112/><T124/><D124/><U96/><E19/><V20/><F6/><W78/><G39/><T8/><D16/><U100/><E60/><V31/><F116/><W65/><G131/><N who="0" m="50219" /><D8/><U37/><E68/><V1/><F1/><W82/><G65/><T92/><D92/><U18/><E18/><V97/><F25/><W111/><G111/><N who="0" m="42539" /><D90/><U23/><E23/><V29/><F91/><W52/><G95/><T42/><D51/><U45/><E83/><V118/><F62/><W93/><G93/><T64/><D64/><U26/><E26/><V114/><F24/><W113/><G113/><T77/><D76/><U5/><E46/><V57/><F114/><W53/><REACH who="3" step="1"/><G10/><REACH who="3" ten="268,435,203,84" step="2"/><T115/><D115/><U81/><E36/><V129/><F129/><W11/><G11/><T89/><D89/><U30/><E37/><V109/><F109/><W101/><G101/><T125/><D125/><U59/><E103/><V21/><F34/><W98/><G98/><AGARI ba="0,1" hai="42,44,48,77,79,88,94,98" m="42539,50219" machi="98" ten="30,12000,1" yaku="19,1,10,1,52,2,54,1" doraHai="73" who="0" fromWho="3" sc="268,130,435,0,203,0,84,-120" owari="398,19.8,435,53.5,203,-19.7,-36,-53.6" /></mjloggm>