<mjloggm ver="2.3"><GO type="169" lobby="0"/><UN n0="%68%61%72%75%6B%61%73" n1="%E7%B4%94%E5%85%A8%E5%B8%AF%E4%B8%89%E8%89%B2" n2="%E6%B2%B3%E7%AB%A5%E3%81%AE%E3%83%AF%E3%82%AB%E3%83%9E%E3%83%84" n3="%E3%83%9F%E3%82%B2%E3%83%BC%E3%83%AB%E6%94%B9" dan="16,16,17,16" rate="2223.67,2128.79,2169.46,2192.29" sx="M,M,M,M"/><TAIKYOKU oya="0"/><INIT seed="0,0,0,5,1,105" ten="250,250,250,250" oya="0" hai0="102,72,93,73,79,115,127,112,34,24,21,19,133" hai1="68,135,14,83,101,41,28,98,26,67,54,104,95" hai2="61,49,107,48,90,53,29,111,6,17,20,42,59" hai3="134,39,66,85,132,118,36,124,47,128,116,92,75"/><T70/><D70/><U8/><E135/><N who="3" m="51754" /><G85/><T3/><D133/><U57/><E41/><V109/><F107/><W113/><G92/><T110/><D79/><U117/><E117/><N who="3" m="45162" /><G113/><T82/><D82/><U86/><E68/><V114/><F114/><W96/><G96/><T22/><D34/><U130/><E130/><V88/><F6/><W50/><G75/><T5/><D112/><U80/><E104/><V126/><F126/><W94/><G94/><T35/><D35/><U129/><E86/><V97/><F29/><W121/><G128/><T25/><D127/><U46/><E46/><V31/><F31/><W32/><G32/><T87/><D115/><U15/><E129/><V64/><F97/><W108/><G124/><T4/><D110/><U27/><E67/><V38/><F109/><W30/><G30/><T1/><D93/><U65/><E65/><V71/><F49/><W77/><G77/><T91/><D87/><U12/><E8/><V56/><F59/><W44/><G108/><T84/><D84/><U11/><E11/><V89/><F111/><W106/><G106/><T123/><D91/><U78/><E28/><V7/><F7/><W51/><G66/><T45/><D102/><U2/><E2/><V60/><F89/><W103/><G103/><T100/><D100/><U125/><E125/><V10/><F88/><W43/><G121/><T23/><D123/><U58/><E78/><V69/><F90/><W55/><AGARI ba="0,0" hai="36,39,43,44,47,50,51,55" m="45162,51754" machi="55" ten="30,4000,0" yaku="20,1,34,2" doraHai="105" who="3" fromWho="3" sc="250,-20,250,-10,250,-10,250,40" /><INIT seed="1,0,0,4,0,35" ten="230,240,240,290" oya="1" hai0="103,46,21,8,128,58,101,25,1,57,66,97,102" hai1="36,72,71,122,28,32,110,3,69,17,44,134,92" hai2="54,133,75,83,112,117,37,125,38,16,105,70,114" hai3="118,7,73,87,106,40,59,76,48,22,85,56,29"/><U30/><E122/><V77/><F117/><W41/><G106/><T53/><D128/><U68/><E134/><V24/><F105/><W6/><G73/><T50/><D97/><U51/><E72/><V90/><F70/><W123/><G123/><T81/><D81/><U9/><E36/><V116/><F116/><W119/><G22/><T121/><D121/><U100/><E110/><V47/><F133/><W31/><G48/><T23/><D21/><U65/><E65/><V98/><F125/><W15/><G15/><T45/><D1/><U126/><E126/><V60/><F24/><W89/><G89/><T2/><D2/><U33/><E33/><V129/><F129/><W20/><G20/><T111/><D8/><U26/><E30/><V43/><F38/><W120/><REACH who="3" step="1"/><G120/><REACH who="3" ten="230,240,240,280" step="2"/><T55/><D111/><U13/><E3/><V63/><F90/><W135/><G135/><T132/><D132/><U10/><E100/><V86/><F75/><W113/><G113/><T91/><D91/><U131/><E131/><V52/><F112/><W80/><G80/><T49/><REACH who="0" step="1"/><D66/><REACH who="0" ten="220,240,240,280" step="2"/><U0/><E0/><V27/><F114/><W78/><AGARI ba="0,2" hai="6,7,29,31,40,41,56,59,76,78,85,87,118,119" machi="78" ten="25,6400,0" yaku="1,1,0,1,22,2,53,0" doraHai="35" doraHaiUra="14" who="3" fromWho="3" sc="220,-16,240,-32,240,-16,280,84" /><INIT seed="2,0,0,0,0,54" ten="204,208,224,364" oya="2" hai0="75,10,36,44,128,49,64,30,26,81,71,117,62" hai1="69,74,58,85,94,12,13,7,2,80,119,28,131" hai2="53,79,103,18,50,132,110,3,93,35,77,39,90" hai3="6,84,102,17,24,38,87,47,31,5,86,56,105"/><V68/><F39/><W124/><G17/><T106/><D106/><U63/><E131/><V22/><F35/><W123/><G123/><T83/><D128/><U108/><E108/><V99/><F3/><W32/><G47/><T133/><D133/><U107/><E107/><V104/><F68/><W37/><G124/><T115/><D115/><U127/><E127/><V43/><F43/><W67/><G38/><T109/><D109/><U114/><E69/><V27/><F132/><W8/><G37/><T120/><D120/><U33/><E74/><V59/><REACH who="2" step="1"/><F110/><REACH who="2" ten="204,208,214,364" step="2"/><W1/><G1/><T9/><D36/><U34/><E34/><V14/><F14/><W20/><G32/><T73/><D71/><U25/><E2/><V91/><F91/><W40/><G40/><T121/><D121/><U88/><E114/><V125/><F125/><W23/><G102/><T52/><D117/><U122/><E119/><V66/><F66/><W46/><G24/><T95/><D64/><U48/><E122/><V82/><F82/><W51/><G67/><T0/><D83/><U61/><E80/><V126/><F126/><W11/><G105/><T19/><D75/><U89/><E89/><V21/><F21/><W41/><G20/><T29/><D0/><U16/><E12/><V76/><F76/><W60/><G11/><T45/><D10/><U72/><E72/><V65/><F65/><N who="3" m="39047" /><G8/><T96/><D9/><N who="1" m="6191" /><E7/><N who="3" m="2570" /><G23/><N who="0" m="13695" /><D73/><U101/><E101/><V118/><F118/><W97/><G31/><T116/><D116/><U70/><E70/><V130/><F130/><W55/><G41/><N who="0" m="24719" /><D30/><U92/><E92/><RYUUKYOKU ba="0,1" sc="204,-30,208,10,214,10,364,10" hai1="25,28,33,48,58,61,63,85,88,94" hai2="18,22,27,50,53,59,77,79,90,93,99,103,104" hai3="46,51,55,84,86,87,97" /><INIT seed="2,1,1,0,4,122" ten="174,218,224,374" oya="2" hai0="45,50,113,16,23,125,15,94,44,107,24,112,81" hai1="68,14,84,20,64,62,32,63,17,132,129,19,86" hai2="89,96,31,36,27,26,13,72,22,123,111,134,8" hai3="82,39,35,117,93,57,76,3,75,133,78,46,42"/><V41/><F123/><W99/><G117/><T11/><D107/><U6/><E32/><V5/><F72/><W49/><G133/><T21/><D125/><U25/><E129/><V88/><F134/><W9/><G35/><T2/><D2/><U101/><E132/><V128/><F128/><W38/><G78/><T59/><D23/><U105/><E6/><V118/><F118/><W114/><G114/><T73/><D59/><U119/><E119/><V74/><F74/><W53/><G3/><T65/><D65/><U60/><E105/><V0/><F0/><W67/><G67/><T135/><D45/><U30/><E101/><V48/><F36/><W66/><G66/><T37/><D37/><U70/><E30/><V109/><F27/><W12/><G39/><T47/><D47/><U79/><E70/><V106/><F48/><W91/><G9/><T131/><D94/><U100/><E100/><N who="2" m="62727" /><F41/><W97/><G12/><T121/><D121/><U55/><E55/><V33/><F33/><W124/><G124/><T92/><D135/><U126/><E126/><V1/><F1/><W58/><G99/><T103/><D131/><U95/><E79/><V52/><F52/><W7/><G7/><T108/><D73/><U83/><E83/><V18/><F5/><W110/><G57/><T34/><D81/><U28/><E28/><V10/><F8/><W61/><G38/><T77/><D11/><N who="1" m="6367" /><E95/><V120/><F120/><W51/><G49/><T71/><D34/><U116/><E116/><V29/><F31/><W87/><G75/><T43/><D50/><U130/><E130/><RYUUKYOKU ba="1,1" sc="174,-30,218,10,224,10,374,10" hai1="19,20,25,60,62,63,64,68,84,86" hai2="10,13,18,22,26,29,88,89,109,111" hai3="42,46,51,53,58,61,76,82,87,91,93,97,110" /><INIT seed="2,2,1,1,0,90" ten="144,228,234,384" oya="2" hai0="63,23,73,127,8,66,26,20,83,30,15,97,80" hai1="39,11,112,92,50,49,45,35,51,107,71,89,121" hai2="101,54,126,69,87,44,40,22,108,115,16,13,14" hai3="116,72,21,99,58,74,130,47,105,125,131,7,103"/><V98/><F115/><W2/><G116/><T96/><D127/><U113/><E35/><V60/><F126/><W6/><G125/><T106/><D23/><U31/><E107/><V134/><F134/><W75/><G2/><T102/><D97/><U10/><E71/><V38/><F108/><W68/><G68/><T19/><REACH who="0" step="1"/><D73/><REACH who="0" ten="134,228,234,384" step="2"/><U135/><E113/><V9/><F87/><W81/><G21/><T91/><D91/><U119/><E121/><V111/><F111/><W24/><G75/><T110/><D110/><U12/><E112/><V88/><F88/><W46/><G74/><T65/><D65/><U82/><E89/><V78/><F98/><W57/><G72/><T85/><D85/><U86/><E86/><V41/><F101/><W114/><G114/><T37/><D37/><U53/><E39/><V17/><F38/><W122/><G99/><T42/><D42/><U55/><E135/><V1/><F41/><W27/><G103/><T128/><D128/><U0/><E119/><V59/><F40/><W84/><G84/><T77/><D77/><U56/><E55/><V132/><F132/><W4/><G81/><T52/><D52/><U79/><E53/><V94/><F78/><W28/><G131/><T124/><D124/><U123/><E82/><V43/><F43/><W109/><G109/><T120/><D120/><U33/><E79/><V18/><F22/><W29/><G122/><T5/><D5/><U64/><E64/><N who="2" m="41095" /><F44/><W100/><G130/><T95/><D95/><U76/><E123/><V133/><F133/><W129/><G129/><T93/><D93/><RYUUKYOKU ba="2,2" sc="134,30,228,-10,234,-10,384,-10" hai0="8,15,19,20,26,30,63,66,80,83,96,102,106" /><INIT seed="3,3,2,0,4,5" ten="164,218,224,374" oya="3" hai0="39,132,35,57,60,15,107,81,129,37,59,75,63" hai1="56,31,41,3,119,87,74,10,101,130,96,28,71" hai2="22,78,24,72,20,47,95,48,54,64,58,61,131" hai3="123,112,49,40,117,1,105,30,44,99,0,124,82"/><W68/><G123/><T27/><D107/><U85/><E74/><V17/><F131/><W36/><G117/><T89/><D129/><U16/><E71/><V109/><F109/><W32/><G112/><T106/><D106/><U102/><E130/><V46/><F95/><W62/><G49/><T100/><D100/><N who="1" m="38507" /><E3/><N who="3" m="1098" /><G82/><T67/><D132/><U126/><E119/><V77/><F72/><W92/><G92/><T86/><D75/><U108/><E108/><V98/><F98/><W33/><G124/><T127/><D127/><U29/><E126/><V19/><REACH who="2" step="1"/><F47/><REACH who="2" ten="164,218,214,374" step="2"/><W118/><G99/><T79/><D79/><U2/><E96/><V53/><F53/><W128/><G105/><T66/><REACH who="0" step="1"/><D15/><AGARI ba="3,3" hai="15,17,19,20,22,24,46,48,54,58,61,64,77,78" machi="15" ten="30,3900,0" yaku="1,1,7,1,8,1,53,0" doraHai="5" doraHaiUra="120" who="2" fromWho="0" sc="164,-48,218,0,214,78,374,0" /><INIT seed="4,0,0,3,2,132" ten="116,218,292,374" oya="0" hai0="110,98,51,65,58,120,21,25,126,97,14,37,92" hai1="22,73,60,79,46,102,40,44,9,123,30,24,77" hai2="3,28,43,91,66,119,20,114,1,106,5,113,107" hai3="105,52,17,69,85,13,48,116,90,8,47,81,109"/><T74/><D120/><U133/><E123/><V26/><F119/><W101/><G116/><T70/><D74/><U117/><E117/><V124/><F66/><W2/><G2/><N who="2" m="521" /><F5/><W64/><G109/><T36/><D110/><U33/><E133/><V6/><F6/><W38/><G38/><T34/><D97/><U121/><E121/><V68/><F68/><W130/><G130/><T104/><D104/><N who="2" m="39978" /><F43/><W118/><G118/><T54/><D34/><U15/><E102/><V78/><F78/><W42/><G42/><T23/><D14/><U55/><E73/><V71/><F71/><W82/><G105/><T128/><D23/><U57/><E33/><V93/><F93/><W49/><G101/><T7/><D7/><U87/><E87/><V103/><F91/><W41/><G69/><T56/><D128/><U100/><E100/><V129/><F103/><W99/><G64/><T80/><D80/><U84/><E84/><V86/><F86/><W95/><G85/><T59/><D70/><U45/><E40/><V96/><F96/><W16/><G17/><AGARI ba="0,0" hai="9,15,17,22,24,30,44,45,46,55,57,60,77,79" machi="17" ten="40,1300,0" yaku="8,1" doraHai="132" who="1" fromWho="3" sc="116,0,218,13,292,0,374,-13" /><INIT seed="5,0,0,1,1,105" ten="116,231,292,361" oya="1" hai0="27,120,133,28,135,110,114,115,112,51,41,90,73" hai1="43,122,34,95,111,47,24,83,15,96,6,32,20" hai2="102,86,70,92,127,12,82,132,55,123,66,14,36" hai3="40,19,61,108,2,8,104,76,60,80,75,124,16"/><U134/><E134/><N who="0" m="51209" /><D90/><U71/><E71/><V21/><F123/><W1/><G124/><T118/><D120/><U101/><E111/><V57/><F127/><W119/><G108/><T25/><D110/><U98/><E122/><V3/><F3/><W85/><G104/><T69/><D69/><U63/><E63/><V44/><F132/><W77/><G119/><T23/><D41/><U99/><E34/><V64/><F70/><W87/><G40/><T9/><D51/><N who="1" m="27135" /><E32/><V97/><F44/><W59/><G59/><T68/><D68/><U126/><E83/><V10/><F21/><W45/><G45/><T128/><D73/><U35/><E35/><V53/><F14/><W116/><G116/><T79/><D79/><U33/><E33/><V65/><F36/><W48/><G48/><T46/><D46/><U100/><E126/><V88/><REACH who="2" step="1"/><F57/><REACH who="2" ten="116,231,282,361" step="2"/><W11/><G80/><T94/><D118/><U18/><E95/><V31/><F31/><W129/><G129/><T50/><D94/><U5/><E15/><V58/><F58/><W26/><G26/><N who="0" m="16479" /><D128/><U52/><E52/><V117/><F117/><W67/><G67/><T7/><D50/><U72/><E72/><AGARI ba="0,1" hai="1,2,8,11,16,19,60,61,72,75,76,77,85,87" machi="72" ten="25,8000,1" yaku="22,2,52,2,54,1" doraHai="105" who="3" fromWho="1" sc="116,0,231,-80,282,0,361,90" /><INIT seed="6,0,0,0,0,41" ten="116,151,282,451" oya="2" hai0="114,23,128,132,29,60,95,19,122,134,62,53,101" hai1="6,40,15,81,107,17,1,94,88,0,125,135,45" hai2="16,32,52,103,56,96,66,129,65,71,89,58,120" hai3="31,20,82,67,73,109,64,91,110,35,48,127,18"/><V123/><F32/><W25/><G127/><T68/><D122/><U130/><E107/><V126/><F126/><W44/><G110/><T77/><D29/><U12/><E125/><V115/><F115/><W93/><G109/><T131/><D77/><U79/><E135/><N who="0" m="51753" /><D114/><U87/><E130/><N who="0" m="49705" /><D68/><U50/><E6/><V118/><F118/><W49/><G49/><T5/><D5/><U63/><E63/><N who="0" m="24105" /><D53/><U105/><E105/><V37/><F52/><W28/><G82/><T54/><D54/><U86/><REACH who="1" step="1"/><E15/><REACH who="1" ten="116,141,282,451" step="2"/><V43/><F129/><W22/><G67/><T59/><D59/><U75/><E75/><V97/><F56/><W36/><G64/><T72/><D72/><U42/><E42/><V10/><F43/><W30/><G73/><T7/><D7/><U13/><E13/><V9/><F58/><W116/><G116/><T8/><D8/><AGARI ba="0,1" hai="0,1,8,12,17,40,45,50,79,81,86,87,88,94" machi="8" ten="30,12000,2" yaku="1,1,7,1,52,1,54,1,53,2" doraHai="41" doraHaiUra="34" who="1" fromWho="0" sc="116,-120,141,130,282,0,451,0" owari="-4,-50.4,271,-12.9,282,8.2,451,55.1" /></mjloggm>