<mjloggm ver="2.3"><GO type="169" lobby="0"/><UN n0="%E7%99%BD%E7%9F%B3%E5%A5%88%E5%A5%88" n1="%6D%79%6D%65%6C%6F%58%58" n2="%E3%83%84%E3%83%B3%E2%98%86%E3%83%89%E3%83%A9%E3%82%AD%E3%83%BC" n3="%58%E7%8C%AB" dan="16,17,16,16" rate="2081.08,2200.45,2100.31,2038.60" sx="M,F,M,M"/><TAIKYOKU oya="0"/><INIT seed="0,0,0,5,3,127" ten="250,250,250,250" oya="0" hai0="132,130,99,57,119,14,118,94,117,27,13,126,59" hai1="66,8,125,69,88,103,54,6,38,116,29,43,87" hai2="55,5,35,98,45,123,85,32,16,4,79,128,20" hai3="75,133,64,51,2,120,68,44,106,86,15,71,113"/><T47/><D126/><U53/><E125/><V62/><F123/><W52/><G113/><T11/><D132/><U70/><E103/><V1/><F35/><W82/><G2/><T107/><D107/><U30/><E116/><V102/><F32/><W89/><G133/><T134/><D134/><U49/><E38/><V100/><F1/><W95/><G120/><T36/><D27/><U129/><E43/><V109/><F109/><W115/><G115/><T17/><D130/><U121/><E121/><V112/><F112/><W58/><G106/><T72/><D72/><U104/><E104/><V135/><F135/><W19/><G64/><T9/><D47/><U108/><E108/><V42/><F128/><W7/><G7/><T56/><D36/><U39/><E39/><V124/><F124/><W21/><REACH who="3" step="1"/><G44/><REACH who="3" ten="250,250,250,240" step="2"/><T92/><REACH who="0" step="1"/><D99/><REACH who="0" ten="240,250,250,240" step="2"/><U0/><E129/><V60/><F98/><W26/><G26/><T12/><D12/><U10/><E0/><V25/><F45/><W50/><G50/><T34/><D34/><U84/><E49/><V18/><F62/><W111/><G111/><T81/><D81/><U131/><E131/><V110/><F110/><W105/><G105/><T28/><D28/><U63/><E63/><V93/><F60/><W31/><G31/><T114/><D114/><U33/><E33/><V80/><F80/><W90/><G90/><T48/><D48/><U41/><E88/><V67/><F102/><W22/><G22/><T3/><D3/><U122/><E122/><V77/><F100/><W78/><AGARI ba="0,2" hai="15,19,21,51,52,58,68,71,75,78,82,86,89,95" machi="78" ten="30,8000,1" yaku="1,1,0,1,25,2,54,1,53,0" doraHai="127" doraHaiUra="24" who="3" fromWho="3" sc="240,-40,250,-20,250,-20,240,100" /><INIT seed="1,0,0,1,4,90" ten="200,230,230,340" oya="1" hai0="6,106,32,28,75,101,73,63,56,45,3,1,10" hai1="69,132,115,103,9,38,98,11,74,93,47,135,50" hai2="117,119,81,96,37,42,127,62,118,12,27,123,108" hai3="23,130,0,128,30,111,91,131,110,29,22,14,54"/><U71/><E115/><V87/><F37/><W33/><G54/><T16/><D1/><U36/><E74/><V19/><F42/><W7/><G91/><T13/><D101/><U82/><E82/><V53/><F123/><W88/><G88/><T61/><D106/><U80/><E80/><V86/><F108/><N who="3" m="41515" /><G0/><T35/><D45/><U21/><E21/><N who="3" m="7690" /><G33/><T24/><D35/><U51/><E38/><V31/><F81/><W116/><G116/><T107/><D107/><U114/><E36/><V15/><F53/><W57/><G57/><T43/><D43/><N who="1" m="24959" /><E51/><V4/><F62/><W76/><G76/><T113/><D113/><U66/><E114/><V49/><F49/><W55/><G55/><T121/><D121/><U65/><E65/><V95/><F119/><W112/><G112/><T68/><D68/><N who="1" m="26187" /><E66/><V59/><F59/><W125/><G125/><T94/><D61/><U8/><E8/><AGARI ba="0,0" hai="7,8,14,29,30,128,130,131" m="7690,41515" machi="8" ten="40,8000,1" yaku="19,1,14,1,34,2" doraHai="90" who="3" fromWho="1" sc="200,0,230,-80,230,0,340,80" /><INIT seed="2,0,0,3,1,134" ten="200,150,230,420" oya="2" hai0="72,1,39,94,128,123,101,98,17,86,95,15,7" hai1="59,26,122,117,19,0,92,71,88,82,14,31,58" hai2="61,20,55,108,49,135,54,107,125,109,32,4,2" hai3="93,45,102,111,106,8,47,116,113,77,132,56,79"/><V65/><F32/><W83/><G116/><T66/><D123/><U133/><E117/><V34/><F34/><W57/><G106/><T10/><D39/><U53/><E133/><V118/><F107/><W74/><G132/><T48/><D128/><U90/><E71/><V99/><F99/><W44/><G8/><T105/><D72/><U81/><E0/><V11/><F118/><W46/><G46/><T91/><D66/><U96/><E122/><V97/><F97/><W13/><G13/><T43/><D43/><U115/><E115/><V114/><F114/><W9/><G113/><T51/><REACH who="0" step="1"/><D105/><REACH who="0" ten="190,150,230,420" step="2"/><U85/><E53/><V112/><F135/><W119/><G74/><T35/><D35/><U68/><E68/><V3/><F112/><W36/><G119/><T131/><D131/><U52/><E52/><V69/><F55/><W127/><G36/><T21/><AGARI ba="0,1" hai="1,7,10,15,17,21,48,51,86,91,94,95,98,101" machi="21" ten="20,8000,1" yaku="1,1,0,1,7,1,53,2" doraHai="134" doraHaiUra="89" who="0" fromWho="0" sc="190,90,150,-20,230,-40,420,-20" /><INIT seed="3,0,0,1,0,77" ten="280,130,190,400" oya="3" hai0="132,5,49,80,93,43,9,105,85,13,122,50,34" hai1="38,61,0,36,31,118,101,66,42,29,24,64,95" hai2="96,11,51,134,55,17,23,46,107,56,97,41,8" hai3="6,21,89,1,135,27,113,117,60,47,108,48,3"/><W71/><G117/><T10/><D122/><U123/><E123/><V44/><F134/><W112/><G135/><T115/><D115/><U109/><E109/><V28/><F44/><W45/><G89/><T68/><D105/><U88/><E118/><V20/><F28/><W121/><G121/><T86/><D34/><U81/><E0/><V92/><F23/><W76/><G6/><T12/><D68/><U114/><E114/><V78/><F78/><W119/><G119/><T40/><D132/><U103/><E31/><V15/><F107/><W110/><G60/><T131/><D93/><U73/><E66/><V127/><F97/><W35/><G35/><T94/><D94/><U129/><E129/><V74/><F74/><W100/><G100/><T128/><REACH who="0" step="1"/><D5/><REACH who="0" ten="270,130,190,400" step="2"/><U33/><E101/><V19/><F127/><W87/><G71/><T84/><D84/><U25/><E103/><V58/><F92/><W98/><G98/><T125/><D125/><U7/><E7/><V133/><F96/><W75/><G87/><T67/><D67/><U91/><E95/><V70/><F70/><W82/><G113/><T111/><D111/><N who="3" m="42537" /><G112/><T39/><D39/><U69/><E38/><V120/><F133/><W59/><G1/><T130/><D130/><U99/><E99/><V18/><F120/><W79/><G3/><T16/><D16/><U57/><E69/><V83/><F19/><N who="3" m="12735" /><G76/><T52/><D52/><AGARI ba="0,1" hai="45,47,48,52,59,75,79,82" m="12735,42537" machi="52" ten="30,11600,0" yaku="14,1,10,1,52,1,54,1" doraHai="77" who="3" fromWho="0" sc="270,-116,130,0,190,0,400,126" /><INIT seed="3,1,0,0,1,6" ten="154,130,190,526" oya="3" hai0="16,96,117,95,118,73,103,89,60,61,23,108,85" hai1="7,129,53,41,0,22,43,130,93,80,78,28,57" hai2="31,59,105,113,82,67,44,4,77,109,120,33,35" hai3="98,15,101,52,45,42,135,111,122,72,71,66,64"/><W127/><G122/><T36/><D36/><U119/><E119/><V107/><F113/><W8/><G72/><T63/><D73/><U18/><E28/><V5/><F120/><W75/><G75/><T112/><D112/><U1/><E93/><V97/><F44/><W21/><G71/><T88/><D108/><U134/><E134/><V124/><F109/><W50/><G111/><T86/><D86/><U24/><E43/><V55/><F124/><W56/><G21/><T32/><D32/><U47/><E80/><V39/><F39/><W83/><G83/><T76/><D76/><U49/><E78/><V110/><F110/><W116/><G127/><T13/><REACH who="0" step="1"/><D89/><REACH who="0" ten="144,130,190,526" step="2"/><U40/><E40/><V27/><F35/><W99/><G116/><T121/><D121/><U106/><E106/><AGARI ba="1,1" hai="13,16,23,60,61,63,85,88,95,96,103,106,117,118" machi="106" ten="40,8000,1" yaku="1,1,54,2,53,2" doraHai="6" doraHaiUra="115" who="0" fromWho="1" sc="144,93,130,-83,190,0,526,0" /><INIT seed="4,0,0,4,2,92" ten="237,47,190,526" oya="0" hai0="13,15,135,88,60,58,121,75,79,17,127,114,119" hai1="113,67,5,107,120,95,62,32,123,14,34,77,54" hai2="20,8,68,39,133,12,118,19,31,78,1,129,35" hai3="24,0,108,106,18,3,87,91,109,48,22,52,9"/><T43/><D121/><U89/><E107/><V80/><F68/><W40/><G106/><T45/><D114/><U57/><E113/><V41/><F118/><W86/><G40/><T128/><D119/><U42/><E77/><V102/><F133/><W70/><G70/><T116/><D116/><U51/><E42/><V71/><F71/><W10/><G0/><T117/><D117/><U72/><E72/><V115/><F115/><W38/><G38/><T126/><D135/><U111/><E111/><V33/><F129/><W56/><G86/><T93/><D79/><U90/><E90/><V37/><F102/><W73/><G73/><T21/><D75/><U122/><E14/><V97/><F97/><W23/><G23/><T29/><D29/><U98/><REACH who="1" step="1"/><E5/><REACH who="1" ten="237,37,190,526" step="2"/><V44/><F37/><W11/><G3/><T69/><D13/><U131/><E131/><V81/><F78/><W30/><G109/><T27/><D128/><U36/><E36/><V83/><F1/><W63/><G108/><T59/><D15/><U125/><E125/><V4/><F4/><W94/><G30/><T105/><D105/><U64/><E64/><V2/><F2/><W16/><G18/><T100/><D126/><U74/><E74/><V85/><F31/><W132/><G132/><T26/><D127/><U49/><E49/><AGARI ba="0,1" hai="9,10,11,16,22,24,48,49,52,56,63,87,91,94" machi="49" ten="40,5200,0" yaku="8,1,54,2" doraHai="92" who="3" fromWho="1" sc="237,0,37,-52,190,0,526,62" owari="237,3.7,-15,-51.5,190,-21.0,588,68.8" /></mjloggm>