<mjloggm ver="2.3"><GO type="225" lobby="0"/><UN n0="%E7%99%BD%E5%80%89%E5%AF%9B%E4%B9%8B" n1="%E3%83%96%E3%83%83%E3%83%91%E3%82%AA%E3%83%96%E3%83%81%E3%82%AD%E3%83%B3" n2="%E7%B4%94%E6%BD%94%E3%83%94%E3%83%A9%E3%83%8B%E3%82%A2" n3="%E6%B4%BE%E9%81%A3%E3%81%AE%E3%82%B8%E3%83%A3%E3%83%83%E3%82%AF" dan="16,16,17,17" rate="2156.65,2166.15,2212.61,2165.23" sx="M,M,M,M"/><TAIKYOKU oya="0"/><INIT seed="0,0,0,3,4,79" ten="250,250,250,250" oya="0" hai0="118,107,110,64,40,92,116,135,62,132,95,98,19" hai1="38,74,119,0,60,10,68,14,2,78,41,84,83" hai2="117,102,100,63,47,35,70,8,112,27,71,86,15" hai3="69,6,123,33,16,113,73,109,99,59,134,32,49"/><T56/><D107/><U128/><E119/><V103/><F117/><W9/><G113/><T111/><D95/><U22/><E128/><V53/><F112/><W75/><G69/><T115/><D115/><U129/><E129/><V124/><F124/><W18/><G109/><N who="0" m="41483" /><D19/><U114/><E22/><V122/><F122/><W82/><G123/><T104/><D104/><U91/><E114/><V65/><F70/><W34/><G134/><N who="0" m="51243" /><D40/><U97/><E97/><V52/><F47/><W37/><G99/><T67/><D67/><U89/><E41/><V20/><F35/><W25/><G16/><T96/><D96/><U13/><E68/><V36/><F100/><AGARI ba="0,0" hai="56,62,64,92,98,100,116,118" m="51243,41483" machi="100" ten="30,5800,0" yaku="14,1,10,1,20,1" doraHai="79" who="0" fromWho="2" sc="250,58,250,0,250,-58,250,0" /><INIT seed="0,1,0,1,0,53" ten="308,250,192,250" oya="0" hai0="21,10,15,33,110,98,20,17,29,114,68,131,58" hai1="8,27,5,89,35,1,65,38,44,90,23,39,61" hai2="115,13,84,77,32,123,80,108,117,0,127,125,19" hai3="94,30,135,25,101,42,14,95,40,49,85,97,130"/><T91/><D68/><U59/><E35/><V87/><F0/><W11/><G135/><T7/><D114/><U12/><E1/><V4/><F4/><W74/><G74/><T62/><D131/><U119/><E119/><V86/><F32/><W45/><G130/><T26/><D110/><U116/><E116/><V3/><F3/><W56/><G85/><T99/><D91/><U120/><E120/><V46/><F123/><W28/><G40/><T76/><D76/><U102/><E102/><V41/><F108/><W55/><G94/><T105/><D105/><U132/><E132/><V104/><F104/><W66/><G66/><T47/><D47/><U50/><E39/><V121/><F121/><W22/><G28/><T6/><D33/><U73/><E38/><V83/><F115/><W133/><G133/><T64/><REACH who="0" step="1"/><D7/><REACH who="0" ten="298,250,192,250" step="2"/><U128/><E128/><V78/><F117/><W51/><G45/><T96/><D96/><U92/><E92/><V129/><F129/><W134/><G134/><T106/><D106/><U69/><E69/><V24/><F86/><W37/><G37/><T2/><AGARI ba="1,1" hai="2,6,10,15,17,20,21,26,29,58,62,64,98,99" machi="2" ten="20,7800,0" yaku="1,1,0,1,7,1,52,1,53,0" doraHai="53" doraHaiUra="100" who="0" fromWho="0" sc="298,91,250,-27,192,-27,250,-27" /><INIT seed="0,2,0,0,3,4" ten="389,223,165,223" oya="0" hai0="91,2,135,30,115,99,47,31,41,88,84,37,78" hai1="106,129,89,66,60,130,109,133,15,134,25,105,97" hai2="12,128,28,95,54,22,38,3,122,67,75,0,94" hai3="65,8,26,110,114,58,9,32,33,5,51,21,96"/><T43/><D2/><U53/><E53/><V79/><F38/><W24/><G114/><T83/><D115/><U90/><E25/><V108/><F108/><W76/><G76/><T74/><D135/><N who="1" m="51723" /><E15/><V45/><F128/><N who="1" m="49257" /><E109/><V73/><F122/><W69/><G110/><T107/><D43/><U86/><E97/><V27/><F67/><W59/><G96/><T16/><D16/><U123/><E123/><V61/><F0/><W20/><G69/><T119/><D119/><U121/><E121/><V118/><F3/><W101/><G101/><T17/><D17/><U10/><E10/><N who="3" m="4202" /><G5/><T11/><D11/><U18/><E18/><V102/><F12/><W81/><G33/><T13/><D13/><U111/><E111/><V63/><F102/><W42/><G32/><T49/><D99/><U50/><E50/><V71/><F118/><W46/><G26/><T104/><D49/><U40/><E40/><V44/><F27/><W55/><G24/><T113/><D41/><U124/><E90/><V116/><F116/><W82/><G42/><T36/><D91/><U127/><E105/><V23/><F54/><W29/><G29/><T39/><D113/><U68/><E106/><V35/><F28/><N who="0" m="10794" /><D107/><U64/><E64/><V70/><REACH who="2" step="1"/><F35/><REACH who="2" ten="389,223,155,223" step="2"/><W34/><G65/><T103/><D103/><U125/><E125/><V77/><AGARI ba="2,1" hai="22,23,44,45,61,63,70,71,73,75,77,79,94,95" machi="77" ten="25,8000,1" yaku="1,1,2,1,0,1,22,2,53,0" doraHai="4" doraHaiUra="80" who="2" fromWho="2" sc="389,-42,223,-22,155,96,223,-22" /><INIT seed="1,0,0,2,4,66" ten="347,201,251,201" oya="1" hai0="116,63,99,32,64,46,114,131,5,123,19,20,77" hai1="1,109,86,40,67,102,29,126,17,100,9,91,14" hai2="127,78,121,16,73,106,12,69,15,48,104,42,76" hai3="98,133,72,71,122,90,37,132,39,51,4,56,113"/><U54/><E126/><V110/><F121/><W80/><G122/><T41/><D32/><U82/><E1/><V79/><F73/><W36/><G113/><T85/><D123/><U95/><E109/><V26/><F110/><W43/><G4/><T24/><D114/><U10/><E40/><V47/><F69/><W105/><G71/><T25/><D116/><U31/><E67/><V49/><F127/><W0/><G0/><T53/><D53/><U70/><E70/><V89/><F89/><W81/><G72/><T101/><D5/><U83/><E10/><V57/><F106/><W8/><G8/><T117/><D131/><U7/><E7/><V84/><F84/><W2/><G2/><T21/><D85/><U18/><E18/><V134/><F104/><W35/><G35/><T96/><D77/><U34/><E34/><V119/><F134/><N who="3" m="51819" /><G90/><T55/><D55/><U28/><REACH who="1" step="1"/><E54/><REACH who="1" ten="347,191,251,201" step="2"/><N who="2" m="31943" /><F119/><W45/><G39/><T58/><D117/><U112/><E112/><V11/><F11/><W103/><G36/><T30/><D101/><AGARI ba="0,1" hai="9,14,17,28,29,31,82,83,86,91,95,100,101,102" machi="101" ten="40,3900,0" yaku="1,1,8,1,53,0" doraHai="66" doraHaiUra="108" who="1" fromWho="0" sc="347,-39,191,49,251,0,201,0" /><INIT seed="1,1,0,0,1,92" ten="308,240,251,201" oya="1" hai0="11,5,75,61,84,20,134,41,59,52,85,22,103" hai1="42,116,15,28,111,31,71,129,19,35,123,121,107" hai2="7,56,13,27,18,77,99,43,76,100,79,86,69" hai3="68,45,21,37,34,53,122,120,63,36,127,72,89"/><U117/><E71/><V62/><F69/><W104/><G72/><T90/><D75/><U8/><E42/><V114/><F114/><W16/><G34/><T93/><D134/><U33/><E107/><V26/><F86/><W3/><G3/><T105/><D41/><U70/><E70/><V10/><F43/><W108/><G108/><T106/><D85/><U128/><E111/><V66/><REACH who="2" step="1"/><F7/><REACH who="2" ten="308,240,241,201" step="2"/><W83/><G120/><T101/><D106/><AGARI ba="1,1" hai="10,13,18,26,27,56,62,66,76,77,79,99,100,106" machi="106" ten="40,5200,0" yaku="1,1,2,1,52,1,53,0" doraHai="92" doraHaiUra="47" who="2" fromWho="0" sc="308,-55,240,0,241,65,201,0" /><INIT seed="2,0,0,0,5,41" ten="253,240,306,201" oya="2" hai0="12,99,70,94,89,126,103,65,95,7,43,97,61" hai1="96,11,13,57,42,71,92,123,31,38,130,120,108" hai2="59,46,127,82,69,116,62,58,106,52,102,125,121" hai3="45,76,117,80,2,51,54,72,63,129,23,32,10"/><V36/><F116/><W118/><G129/><T111/><D111/><U24/><E71/><V67/><F121/><N who="1" m="46665" /><E108/><V83/><F106/><W4/><G32/><T81/><D126/><N who="2" m="48138" /><F102/><W93/><G93/><T39/><D81/><N who="2" m="30730" /><F36/><W22/><REACH who="3" step="1"/><G63/><REACH who="3" ten="253,240,306,191" step="2"/><T114/><D95/><U124/><E130/><V33/><F33/><W134/><G134/><T84/><D94/><U73/><E124/><V135/><F135/><W0/><G0/><T101/><D61/><U100/><E92/><V87/><F87/><W19/><G19/><T49/><D84/><U119/><E119/><AGARI ba="0,1" hai="2,4,10,22,23,45,51,54,72,76,80,117,118,119" machi="119" ten="40,2600,0" yaku="1,1,52,1,53,0" doraHai="41" doraHaiUra="131" who="3" fromWho="1" sc="253,0,240,-26,306,0,191,36" /><INIT seed="3,0,0,3,2,36" ten="253,214,306,227" oya="3" hai0="116,77,125,131,72,80,64,63,83,57,0,76,28" hai1="71,85,93,127,98,46,117,81,132,10,31,102,103" hai2="128,99,42,105,54,88,3,20,26,44,126,107,1" hai3="52,40,110,91,66,33,114,108,118,50,106,5,25"/><W119/><G114/><T62/><D116/><U70/><E117/><V115/><F115/><W38/><G106/><T65/><D125/><U69/><E127/><V16/><F126/><W14/><G66/><T53/><D131/><U96/><E132/><V51/><F128/><W79/><G79/><T67/><D0/><U74/><E74/><V30/><F3/><W82/><G40/><T92/><D28/><U94/><E31/><V22/><F1/><W7/><G38/><T121/><D92/><U135/><E135/><V95/><F54/><W101/><G101/><T90/><D90/><U130/><E130/><V45/><F44/><N who="3" m="27719" /><G7/><T55/><D121/><U19/><E46/><V120/><F120/><W29/><G14/><AGARI ba="0,0" hai="14,16,20,22,26,30,42,45,51,88,95,99,105,107" machi="14" ten="30,7700,0" yaku="7,1,52,1,54,2" doraHai="36" who="2" fromWho="3" sc="253,0,214,0,306,77,227,-77" owari="253,5.3,214,-18.6,383,48.3,150,-35.0" /></mjloggm>