<mjloggm ver="2.3"><GO type="169" lobby="0"/><UN n0="%E3%82%BC%E3%83%B3%E3%83%84%E3%83%9E%E3%82%B7%E3%83%BC%E3%83%B3" n1="%E6%9C%A8%E5%8E%9F%E8%B1%AA%E4%B8%80" n2="%E3%83%9F%E3%83%84%E3%83%8F%E3%82%B7%E3%82%A2%E3%82%B9%E3%83%9E" n3="%E3%81%86%E3%81%9A%E3%82%89%E5%8D%B5%E3%83%95%E3%83%A9%E3%82%A4" dan="16,16,16,16" rate="2151.66,2167.81,2044.36,2043.20" sx="M,M,M,M"/><TAIKYOKU oya="0"/><INIT seed="0,0,0,3,5,35" ten="250,250,250,250" oya="0" hai0="135,36,40,124,57,82,122,13,1,16,134,108,49" hai1="99,37,6,133,38,71,86,67,120,27,28,34,74" hai2="84,8,58,102,113,119,109,50,19,9,80,93,121" hai3="85,129,131,56,132,5,89,115,33,4,111,46,12"/><T70/><D122/><U41/><E120/><V90/><F121/><W17/><G115/><T26/><D124/><U60/><E133/><N who="0" m="50697" /><D70/><U100/><E41/><V110/><F119/><W79/><G132/><T61/><D36/><U59/><E59/><V23/><F113/><W62/><G33/><T83/><D26/><U127/><E127/><V96/><F50/><W98/><G111/><N who="2" m="42505" /><F58/><W43/><G79/><T104/><D104/><N who="1" m="63519" /><E74/><V31/><F31/><W20/><G98/><T75/><D1/><U54/><E54/><V77/><F102/><W130/><G46/><N who="0" m="25799" /><D75/><U22/><E86/><V87/><F87/><W117/><G43/><T11/><D108/><U3/><E22/><V65/><F65/><AGARI ba="0,0" hai="11,13,16,57,61,65,82,83" m="25799,50697" machi="65" ten="30,2900,0" yaku="20,1,54,1" doraHai="35" who="0" fromWho="2" sc="250,29,250,0,250,-29,250,0" /><INIT seed="0,1,0,5,0,67" ten="279,250,221,250" oya="0" hai0="36,115,72,127,101,2,124,119,44,55,76,82,59" hai1="61,58,95,120,7,114,117,132,96,20,110,30,88" hai2="125,108,52,1,10,89,69,66,90,92,41,51,91" hai3="6,70,26,83,31,77,102,78,42,100,3,28,74"/><T12/><D115/><U107/><E117/><V71/><F108/><W104/><G78/><T21/><D2/><U34/><E120/><V5/><F125/><N who="0" m="48202" /><D101/><U134/><E34/><V64/><F41/><W112/><G112/><T109/><D119/><U84/><E114/><V40/><F40/><W35/><G31/><T93/><D93/><U49/><E7/><V4/><F4/><W81/><G81/><T23/><D109/><U33/><E33/><V85/><F64/><W47/><G104/><T105/><D105/><U8/><E110/><V103/><F66/><W123/><G70/><T17/><D44/><U22/><E107/><V106/><F106/><W14/><G14/><T133/><D36/><U94/><E94/><V53/><F53/><W86/><G86/><T75/><D133/><U129/><E84/><V97/><REACH who="2" step="1"/><F85/><REACH who="2" ten="279,250,211,250" step="2"/><W80/><G123/><T116/><D116/><U13/><E134/><V63/><F63/><W37/><REACH who="3" step="1"/><G83/><REACH who="3" ten="279,250,211,240" step="2"/><T56/><D82/><U38/><E132/><V111/><F111/><W98/><G98/><T0/><D75/><U99/><E96/><V87/><F87/><W131/><G131/><T126/><D72/><U25/><E129/><V24/><F24/><W128/><G128/><T54/><D126/><U135/><E135/><V62/><F62/><W9/><AGARI ba="1,2" hai="3,6,9,26,28,35,37,42,47,74,77,80,100,102" machi="9" ten="30,7900,0" yaku="1,1,0,1,25,2,53,0" doraHai="67" doraHaiUra="60" who="3" fromWho="3" sc="279,-40,250,-21,211,-21,240,102" /><INIT seed="1,0,0,3,1,86" ten="239,229,190,342" oya="1" hai0="62,91,102,120,114,18,124,89,129,16,36,128,85" hai1="77,65,116,50,11,90,132,95,0,61,58,26,87" hai2="23,41,60,5,1,106,9,93,101,75,67,40,17" hai3="30,92,34,14,79,81,55,115,98,97,44,78,20"/><U15/><E132/><V4/><F75/><W35/><G115/><T24/><D114/><U113/><E113/><V63/><F106/><W54/><G98/><T134/><D134/><U99/><E116/><V104/><F104/><W133/><G133/><T19/><D36/><U123/><E0/><V103/><F93/><W121/><G121/><T73/><D73/><U42/><E123/><V3/><F23/><W64/><G64/><T38/><D38/><U52/><E42/><V43/><F67/><W66/><G66/><T69/><D120/><U70/><E26/><V76/><F76/><W46/><G46/><T82/><D69/><U25/><E25/><V31/><F31/><W125/><G125/><T127/><D62/><U27/><E27/><V119/><F119/><W109/><G30/><T12/><D102/><U48/><E48/><V8/><F41/><W96/><G96/><T112/><D112/><U88/><E77/><V111/><REACH who="2" step="1"/><F17/><REACH who="2" ten="239,229,180,342" step="2"/><W107/><G79/><N who="0" m="46303" /><D24/><U84/><E90/><N who="0" m="34313" /><D12/><U29/><E29/><V131/><F131/><AGARI ba="0,1" hai="16,18,19,124,127,128,129,131" m="34313,46303" machi="131" ten="40,8000,1" yaku="19,1,52,3,54,1" doraHai="86" who="0" fromWho="2" sc="239,90,229,0,180,-80,342,0" /><INIT seed="2,0,0,0,3,61" ten="329,229,100,342" oya="2" hai0="16,1,108,50,113,45,125,60,116,133,112,80,78" hai1="44,81,12,30,98,59,74,35,103,14,67,70,9" hai2="69,8,2,49,46,120,32,47,17,10,55,48,134" hai3="40,71,62,102,6,118,3,37,87,65,131,135,95"/><V77/><F120/><W100/><G118/><T34/><D108/><U29/><E70/><V93/><F69/><W5/><G37/><T96/><D34/><U25/><E30/><V129/><F32/><W84/><G40/><T64/><D1/><U127/><E127/><V123/><F123/><W21/><G131/><T76/><D125/><U107/><E44/><V7/><F129/><W109/><G109/><T115/><D115/><U23/><E35/><V42/><F134/><W11/><G5/><T73/><D116/><U119/><E119/><V31/><F31/><W52/><G21/><T38/><D133/><U86/><E74/><V94/><F77/><W79/><G135/><T130/><D38/><U27/><E27/><V53/><REACH who="2" step="1"/><F42/><REACH who="2" ten="329,229,90,342" step="2"/><W51/><G79/><T41/><D76/><U43/><E43/><V33/><F33/><W24/><G71/><T121/><D130/><U122/><E122/><V89/><F89/><W106/><G102/><T104/><D121/><U97/><E103/><V20/><F20/><W36/><G100/><T63/><D78/><U111/><E29/><V18/><F18/><W56/><G6/><T19/><D19/><U66/><E23/><V128/><F128/><W0/><G11/><T132/><D16/><U105/><E9/><V99/><F99/><W114/><G114/><T88/><D96/><U54/><E98/><V39/><F39/><W90/><G36/><T110/><D132/><U126/><E97/><V85/><F85/><W82/><G87/><T75/><D113/><U13/><E86/><V68/><F68/><W22/><G84/><RYUUKYOKU ba="0,1" sc="329,-10,229,-10,90,30,342,-10" hai2="2,7,8,10,17,46,47,48,49,53,55,93,94" /><INIT seed="2,1,1,1,4,30" ten="319,219,120,332" oya="2" hai0="135,54,46,99,75,6,39,77,65,66,109,107,117" hai1="84,7,44,121,21,9,49,124,22,71,113,91,48" hai2="119,2,105,63,17,47,96,114,126,29,34,28,122" hai3="23,73,64,58,87,94,82,128,110,32,42,118,86"/><V60/><F114/><W134/><G32/><T31/><D109/><U102/><E113/><V129/><F119/><W3/><G3/><T62/><D135/><U38/><E38/><V56/><F122/><W15/><G118/><T16/><D117/><U131/><E71/><V25/><F2/><W79/><G110/><T12/><D6/><U88/><E102/><V104/><F129/><W78/><G134/><T133/><D133/><U14/><E124/><V72/><F72/><W24/><G42/><T111/><D111/><U85/><E49/><V41/><F126/><W43/><G43/><T18/><D31/><U26/><E131/><V89/><F29/><W116/><G116/><T69/><D66/><U55/><E121/><V123/><F17/><W112/><G15/><T83/><D39/><U100/><E100/><V67/><F63/><W20/><G20/><T52/><D46/><U98/><E98/><V80/><F123/><W74/><G128/><T8/><REACH who="0" step="1"/><D18/><REACH who="0" ten="309,219,120,332" step="2"/><U0/><E0/><V101/><F47/><W93/><G112/><T37/><D37/><U50/><E44/><V35/><F41/><W132/><G132/><T11/><D11/><U81/><E55/><V57/><F57/><W19/><G58/><T97/><D97/><U130/><E130/><V5/><F5/><W103/><G64/><T1/><D1/><U36/><E36/><V108/><F108/><W51/><G19/><T53/><D53/><U115/><E115/><V61/><F96/><W92/><G103/><AGARI ba="1,2" hai="8,12,16,52,54,62,65,69,75,77,83,99,103,107" machi="103" ten="40,8000,1" yaku="1,1,54,2,53,1" doraHai="30" doraHaiUra="4" who="0" fromWho="3" sc="309,103,219,0,120,0,332,-83" /><INIT seed="3,0,0,5,3,44" ten="412,219,120,249" oya="3" hai0="61,39,25,68,99,17,77,92,9,106,43,69,32" hai1="127,66,49,100,114,30,72,19,91,60,95,52,89" hai2="102,87,119,70,78,57,41,109,105,0,71,104,67" hai3="12,11,94,134,111,117,103,84,64,75,40,45,86"/><W123/><G117/><T108/><D106/><U115/><E72/><V122/><F109/><W42/><G123/><T128/><D128/><U83/><E127/><V8/><F119/><W96/><G75/><T53/><D108/><U5/><E5/><V22/><F122/><W23/><G111/><T132/><D132/><U50/><E30/><V47/><F57/><W129/><G134/><T113/><D113/><U125/><E125/><V6/><F22/><W93/><G129/><T107/><D107/><U124/><E124/><V2/><F2/><W36/><G42/><T27/><D77/><U121/><E121/><V116/><F116/><W82/><G64/><T76/><D76/><U126/><E126/><V38/><F67/><W51/><G36/><T118/><D118/><U4/><E4/><V73/><F87/><W24/><G93/><T35/><D43/><U1/><E1/><V101/><F101/><W80/><G86/><T13/><D39/><U21/><E100/><V131/><F131/><W88/><G84/><T63/><D35/><U55/><E83/><N who="2" m="45519" /><F105/><W10/><G103/><T110/><D110/><U130/><E130/><V79/><F79/><W59/><G59/><N who="0" m="35055" /><D63/><U135/><E135/><V85/><F85/><W97/><G97/><AGARI ba="0,0" hai="0,6,8,38,41,47,70,71,97,102,104" m="45519" machi="97" ten="30,3900,0" yaku="25,1,33,2" doraHai="44" who="2" fromWho="3" sc="412,0,219,0,120,39,249,-39" /><INIT seed="4,0,0,2,1,46" ten="412,219,159,210" oya="0" hai0="4,28,51,73,48,127,108,113,115,72,85,37,84" hai1="14,95,112,58,124,3,116,120,25,132,10,100,118" hai2="29,103,1,68,19,102,111,93,15,117,123,109,13" hai3="12,49,97,53,55,9,8,59,70,21,90,56,33"/><T32/><D37/><U17/><E120/><V129/><F123/><W71/><G33/><T131/><D131/><U34/><E100/><V119/><F129/><W39/><G39/><T65/><D127/><U61/><E124/><V91/><F68/><W35/><G35/><T30/><D4/><U134/><E95/><V5/><F29/><N who="0" m="11370" /><D65/><U57/><E57/><V11/><F1/><W83/><G21/><T75/><D32/><U67/><E34/><V18/><F5/><W104/><G104/><T41/><D41/><U87/><E25/><V78/><F78/><W96/><G8/><T125/><D108/><U107/><E107/><V88/><F93/><W36/><G36/><T105/><D105/><U27/><E27/><V40/><F40/><W38/><G38/><T50/><D125/><U130/><E130/><V121/><F121/><W43/><G43/><T122/><D122/><U66/><E66/><V101/><F101/><W6/><G71/><T2/><D2/><U23/><E3/><V47/><F11/><W44/><G70/><T106/><D106/><U98/><E10/><V54/><F54/><W89/><G55/><T26/><D26/><U74/><E118/><V22/><F22/><W82/><G96/><T79/><D79/><U52/><E98/><V24/><F24/><W99/><G99/><T16/><D16/><U77/><E23/><V31/><F31/><W110/><G110/><T64/><D64/><U126/><E67/><V69/><F69/><W92/><G90/><T7/><D7/><U60/><E126/><V94/><F94/><W135/><G135/><RYUUKYOKU ba="0,0" sc="412,10,219,-30,159,10,210,10" hai0="48,50,51,72,73,75,84,85,113,115" hai2="13,15,18,19,47,88,91,102,103,109,111,117,119" hai3="6,9,12,44,49,53,56,59,82,83,89,92,97" /><INIT seed="4,1,0,1,1,29" ten="422,189,169,220" oya="0" hai0="45,73,71,46,65,96,33,35,106,91,70,87,109" hai1="25,97,50,119,84,55,94,64,86,98,116,52,5" hai2="99,135,53,16,72,12,120,129,63,24,77,39,0" hai3="48,83,30,118,80,11,90,3,134,56,104,105,89"/><T123/><D73/><U38/><E38/><V27/><F120/><W1/><G118/><T49/><D123/><U31/><E5/><V7/><F39/><W14/><G134/><T95/><D109/><U17/><E17/><V10/><F135/><W20/><G56/><T62/><D71/><U61/><E86/><V124/><F129/><W113/><G48/><T100/><REACH who="0" step="1"/><D46/><REACH who="0" ten="412,189,169,220" step="2"/><U101/><E119/><V54/><F72/><W93/><G113/><T133/><D133/><U117/><E116/><V88/><F124/><W68/><G68/><T126/><D126/><U40/><E117/><V51/><F63/><W15/><G105/><T44/><D44/><U4/><E61/><V42/><F42/><AGARI ba="1,1" hai="33,35,42,45,49,62,65,70,87,91,95,96,100,106" machi="42" ten="30,12000,1" yaku="1,1,7,1,52,2,53,1" doraHai="29" doraHaiUra="47" who="0" fromWho="2" sc="412,133,189,0,169,-123,220,0" /><INIT seed="4,2,0,1,1,121" ten="545,189,46,220" oya="0" hai0="39,2,69,125,40,23,0,38,100,127,28,106,45" hai1="80,41,72,71,93,131,3,83,58,89,105,53,123" hai2="61,75,65,62,79,14,107,70,122,49,128,63,12" hai3="85,86,33,44,133,48,46,97,30,77,60,95,54"/><T103/><D69/><U109/><E71/><V56/><F107/><W11/><G133/><T104/><D23/><U114/><E3/><N who="0" m="1065" /><D28/><U50/><E105/><N who="0" m="40553" /><D45/><U129/><E123/><V67/><F122/><W110/><G44/><T19/><D19/><U5/><E5/><V87/><F87/><W81/><G86/><T135/><D40/><U84/><E114/><V27/><F128/><W25/><G60/><T115/><D115/><U73/><E41/><V126/><F126/><N who="0" m="48138" /><D135/><U18/><E18/><V16/><F27/><W116/><G46/><T1/><N who="0" m="1073" /><T94/><DORA hai="91" /><D94/><U134/><E134/><V35/><F14/><W42/><G95/><T43/><D43/><U119/><E93/><V26/><F49/><W21/><G48/><T55/><D55/><U10/><E53/><V47/><F47/><W7/><G54/><T82/><D82/><U76/><E50/><V29/><F63/><W57/><G81/><T117/><D117/><U120/><E119/><V36/><F79/><W15/><G77/><T99/><D99/><U52/><E120/><V108/><F36/><AGARI ba="2,0" hai="36,38,39,100,103" m="48138,40553,1073" machi="36" ten="50,9600,0" yaku="28,2,18,1" doraHai="121,91" who="0" fromWho="2" sc="545,102,189,0,46,-102,220,0" owari="647,74.7,189,-21.1,-56,-55.6,220,2.0" /></mjloggm>