<mjloggm ver="2.3"><GO type="169" lobby="0"/><UN n0="%E5%8D%93%E4%B8%8A%E3%81%AE%E5%85%AC%E5%8B%99%E5%93%A1" n1="%E3%83%9F%E3%82%B2%E3%83%BC%E3%83%AB%E6%94%B9" n2="%E8%B4%88%E4%BA%BA%E8%A9%A9%E6%96%BC%E5%A4%A2" n3="%4F%4D%41%4E%54%41" dan="16,16,17,17" rate="2138.82,2207.53,2199.28,2185.68" sx="M,M,M,M"/><TAIKYOKU oya="0"/><INIT seed="0,0,0,3,1,38" ten="250,250,250,250" oya="0" hai0="49,37,97,131,63,45,85,51,0,95,76,77,69" hai1="93,128,39,100,114,60,104,78,9,111,105,126,34" hai2="110,107,71,87,102,70,66,40,22,75,92,127,121" hai3="81,17,11,2,108,14,109,130,16,88,82,118,68"/><T117/><D117/><U115/><E34/><V31/><F75/><W89/><G118/><T8/><D131/><U43/><E128/><V53/><F121/><W133/><G130/><T61/><D37/><U120/><E120/><V99/><F110/><N who="3" m="42603" /><G68/><T73/><D73/><U96/><E111/><V28/><F127/><W58/><G133/><T7/><D51/><U15/><E78/><V98/><F87/><W13/><G2/><T3/><D3/><U123/><E60/><V46/><F53/><W50/><G58/><T48/><D48/><U113/><E123/><V18/><F70/><W64/><G64/><T30/><D30/><U55/><E55/><V33/><F33/><W79/><G50/><T129/><D129/><U56/><E56/><V42/><F66/><W24/><G24/><T35/><D35/><U101/><E101/><V67/><F67/><W124/><G124/><T134/><D134/><U44/><REACH who="1" step="1"/><E126/><REACH who="1" ten="250,240,250,250" step="2"/><V19/><F71/><W86/><G81/><T90/><D69/><U74/><E74/><V4/><F102/><W135/><G135/><T116/><D63/><U94/><E94/><V119/><F92/><W1/><G1/><T52/><D61/><U10/><E10/><AGARI ba="0,1" hai="10,11,13,14,16,17,79,82,86,88,89" m="42603" machi="10" ten="30,3900,0" yaku="14,1,54,2" doraHai="38" who="3" fromWho="1" sc="250,0,240,-39,250,0,250,49" /><INIT seed="1,0,0,1,2,97" ten="250,201,250,299" oya="1" hai0="69,77,50,59,129,117,64,100,127,84,13,4,20" hai1="82,98,122,62,9,113,61,11,106,43,14,120,99" hai2="32,78,3,66,29,96,108,15,60,91,109,116,115" hai3="18,101,90,52,45,118,70,57,21,71,23,93,85"/><U65/><E113/><V73/><F3/><W104/><G118/><T133/><D69/><U95/><E106/><V10/><F116/><W105/><G45/><T110/><D127/><U19/><E98/><V2/><F2/><W76/><G23/><T28/><D129/><U75/><E62/><V47/><F115/><W111/><G111/><T121/><D110/><U102/><E43/><V130/><F130/><W114/><G114/><T24/><D133/><U35/><E35/><V54/><F78/><W131/><G76/><T126/><D126/><U107/><E107/><V68/><F73/><W74/><G74/><T25/><D121/><U46/><E46/><V37/><F29/><W44/><G44/><T103/><D117/><U0/><E75/><V6/><F32/><W36/><G36/><T17/><D4/><U112/><E82/><V72/><F72/><W31/><G31/><T26/><D84/><U40/><E40/><V38/><F38/><W41/><G41/><T39/><D77/><U42/><E42/><V53/><F37/><W34/><G105/><T49/><D39/><U30/><E30/><V87/><F96/><N who="3" m="61479" /><G34/><T89/><D89/><U119/><E119/><V134/><F134/><W92/><G93/><T55/><D64/><U8/><E112/><V125/><F125/><W33/><G33/><T5/><D5/><U80/><E80/><N who="2" m="49639" /><F53/><W135/><G131/><T88/><D88/><U123/><REACH who="1" step="1"/><E0/><REACH who="1" ten="250,191,250,299" step="2"/><V79/><F79/><W12/><G135/><T56/><D28/><U27/><E27/><V51/><F108/><W67/><G67/><T128/><D128/><RYUUKYOKU ba="0,1" sc="250,0,191,0,250,0,299,0" hai0="13,17,20,24,25,26,49,50,55,56,59,100,103" hai1="8,9,11,14,19,61,65,95,99,102,120,122,123" hai2="6,10,15,47,51,54,60,66,68,109" hai3="12,18,21,52,57,70,71,85,90,92" /><INIT seed="1,1,1,2,5,34" ten="250,191,250,299" oya="1" hai0="0,131,56,9,122,92,89,64,128,44,37,69,48" hai1="129,25,60,102,8,52,53,109,101,120,121,14,86" hai2="75,16,39,18,79,93,115,59,15,132,4,85,130" hai3="106,71,63,6,21,84,27,133,119,125,108,78,43"/><U65/><E129/><N who="0" m="49737" /><D37/><U45/><E25/><V42/><F75/><W73/><G106/><T20/><D69/><U24/><E24/><V104/><F104/><W113/><G113/><T66/><D56/><U83/><E121/><V116/><F116/><W10/><G73/><T12/><D20/><U32/><E32/><V62/><F132/><W72/><G72/><T19/><D122/><U114/><E114/><V110/><F110/><W11/><G108/><T77/><D77/><U95/><E120/><V80/><F130/><W88/><G78/><T97/><D0/><U74/><E95/><V87/><F42/><AGARI ba="1,1" hai="9,12,19,42,44,48,64,66,89,92,97" m="49737" machi="42" ten="30,1000,0" yaku="19,1" doraHai="34" who="0" fromWho="2" sc="250,23,191,0,250,-13,299,0" /><INIT seed="2,0,0,0,4,29" ten="273,191,237,299" oya="2" hai0="110,47,56,128,109,67,70,3,64,116,17,32,98" hai1="27,57,7,94,127,74,24,102,93,59,99,85,135" hai2="62,96,2,40,14,82,108,68,117,22,80,119,106" hai3="100,21,33,87,76,36,126,114,83,120,11,35,73"/><V115/><F2/><W91/><G120/><T13/><D3/><U86/><E74/><V66/><F115/><W20/><G114/><T77/><D70/><U0/><E135/><V122/><F122/><W23/><G36/><T105/><D77/><U41/><E0/><V6/><F40/><W103/><G11/><T16/><D128/><U78/><E41/><V51/><F51/><W19/><G19/><T15/><D56/><U30/><E7/><V79/><F108/><W55/><G126/><T8/><D47/><U1/><E1/><V5/><F80/><W54/><G54/><T58/><D58/><U37/><E37/><V132/><F132/><W45/><G55/><T113/><D98/><U130/><E130/><V112/><F112/><W53/><G53/><T28/><D105/><U34/><E127/><V9/><F5/><W124/><G45/><T43/><D43/><U38/><E38/><V129/><F129/><W26/><G26/><N who="0" m="18455" /><D116/><U107/><E78/><V89/><F22/><W25/><G124/><T12/><D113/><U60/><E24/><V104/><F104/><W50/><G50/><T88/><D88/><U44/><E44/><V125/><F125/><W84/><G25/><T72/><D72/><U18/><E18/><N who="0" m="7273" /><D8/><U118/><E118/><V31/><F89/><W123/><G123/><T52/><D52/><N who="1" m="33831" /><E59/><V90/><F90/><W65/><G65/><T39/><D39/><U101/><E102/><N who="3" m="38954" /><G73/><T121/><D121/><U97/><E107/><V61/><F106/><W46/><G46/><T81/><D67/><U131/><E131/><V49/><F66/><RYUUKYOKU ba="0,0" sc="273,-15,191,15,237,-15,299,15" hai1="27,30,34,85,86,93,94,97,99,101" hai3="20,21,23,33,35,76,83,84,87,91" /><INIT seed="3,1,0,0,5,11" ten="258,206,222,314" oya="3" hai0="120,72,17,125,39,92,70,14,33,47,117,116,7" hai1="83,61,62,111,69,23,54,8,102,90,132,86,65" hai2="43,28,37,131,91,13,79,20,12,108,44,122,84" hai3="104,67,98,34,4,41,64,9,126,5,100,135,130"/><W46/><G130/><T58/><D72/><U107/><E111/><V77/><F122/><W68/><G126/><T60/><D33/><U75/><E132/><V15/><F108/><W42/><G135/><T109/><D120/><U106/><E75/><V6/><F6/><W115/><G115/><T1/><D109/><U71/><E8/><V93/><REACH who="2" step="1"/><F131/><REACH who="2" ten="258,206,212,314" step="2"/><W63/><G4/><T38/><D7/><U128/><E128/><V27/><AGARI ba="1,1" hai="12,13,15,20,27,28,37,43,44,77,79,84,91,93" machi="27" ten="30,16000,3" yaku="1,1,2,1,0,1,52,3,53,3" doraHai="11" doraHaiUra="10" who="2" fromWho="2" sc="258,-41,206,-41,212,173,314,-81" /><INIT seed="4,0,0,1,3,26" ten="217,165,385,233" oya="0" hai0="20,4,50,52,9,15,12,131,31,103,85,3,96" hai1="116,29,114,132,113,75,53,125,97,104,39,27,32" hai2="2,42,1,121,22,72,61,91,100,74,83,44,40" hai3="128,35,109,127,13,54,71,64,90,122,133,102,76"/><T34/><D131/><U23/><E116/><V87/><F121/><W65/><G35/><T16/><D85/><U18/><E75/><V101/><F72/><W108/><G102/><T110/><D110/><U80/><E39/><V106/><F74/><W69/><G54/><T115/><D115/><N who="1" m="44043" /><E80/><V59/><F1/><W8/><G90/><T57/><D34/><U28/><E132/><V119/><F2/><W25/><G76/><T86/><D86/><U99/><E125/><V17/><F119/><W126/><G133/><T33/><D33/><U120/><E120/><V68/><F68/><W129/><G122/><T134/><D134/><U46/><E32/><V48/><F42/><W49/><G126/><T88/><D88/><U24/><E27/><N who="2" m="14799" /><F106/><W94/><G94/><N who="0" m="58775" /><D3/><U7/><E7/><V36/><F36/><W37/><G37/><T117/><D117/><U41/><E41/><V123/><F123/><W11/><G127/><T38/><D38/><U56/><E46/><V55/><AGARI ba="0,0" hai="40,44,48,55,59,61,83,87,91,100,101" m="14799" machi="55" ten="30,1100,0" yaku="8,1" doraHai="26" who="2" fromWho="2" sc="217,-5,165,-3,385,11,233,-3" /><INIT seed="5,0,0,4,4,131" ten="212,162,396,230" oya="1" hai0="24,22,53,29,46,111,42,81,0,107,75,9,47" hai1="88,52,57,127,121,15,58,37,48,33,109,14,87" hai2="100,97,32,128,55,125,118,70,85,105,26,95,31" hai3="4,103,82,135,3,132,93,13,44,64,2,34,79"/><U17/><E121/><V94/><F118/><W112/><G34/><T77/><D107/><U10/><E37/><V45/><F125/><W28/><G28/><T66/><D111/><U71/><E71/><V101/><F101/><W83/><G64/><T122/><D66/><U92/><E33/><V65/><F85/><W18/><G112/><T89/><D89/><U116/><E116/><V21/><F21/><W68/><G68/><T117/><D117/><U120/><E120/><V123/><F128/><W61/><G61/><T11/><D11/><N who="1" m="6367" /><E127/><V30/><F30/><W110/><G4/><T27/><D27/><U7/><E109/><V108/><F108/><W23/><G44/><AGARI ba="0,0" hai="7,10,15,44,48,52,57,58,87,88,92" m="6367" machi="44" ten="30,5800,0" yaku="8,1,54,2" doraHai="131" who="1" fromWho="3" sc="212,0,162,58,396,0,230,-58" /><INIT seed="5,1,0,2,1,19" ten="212,220,396,172" oya="1" hai0="110,90,131,104,44,100,31,57,32,92,33,94,120" hai1="84,126,38,114,37,43,39,88,24,119,71,18,26" hai2="87,35,70,30,98,134,118,86,7,41,59,65,73" hai3="56,78,12,58,50,130,6,21,112,51,115,36,81"/><U22/><E119/><V34/><F73/><W79/><G36/><T62/><D110/><U77/><E71/><V11/><F70/><W53/><G130/><T66/><D104/><U27/><E43/><V10/><F41/><W127/><G127/><T135/><D135/><U14/><E77/><V103/><F134/><W80/><G6/><T91/><D120/><U111/><E114/><V76/><F10/><W63/><G12/><T106/><D106/><U9/><E126/><V68/><F59/><W99/><G99/><T107/><D107/><U85/><E85/><V15/><F76/><W124/><G124/><T109/><D109/><U60/><E60/><N who="2" m="39975" /><F35/><W40/><G40/><T75/><D131/><U3/><E3/><V82/><F82/><W42/><G42/><T45/><D33/><U16/><REACH who="1" step="1"/><E111/><REACH who="1" ten="212,210,396,172" step="2"/><V52/><F118/><W54/><G63/><T17/><D75/><U101/><E101/><V64/><F86/><W2/><G2/><T74/><D74/><U122/><E122/><V117/><F87/><W55/><G55/><T133/><D133/><U47/><E47/><V121/><F52/><W5/><G5/><T8/><D45/><U28/><E28/><V116/><F117/><W25/><G79/><T97/><D44/><U125/><E125/><V96/><F116/><W46/><G46/><T128/><D128/><U0/><E0/><V113/><F113/><N who="3" m="43595" /><G78/><T89/><D100/><U13/><E13/><V105/><F103/><W29/><AGARI ba="1,1" hai="21,25,29,50,51,53,54,56,58,80,81" m="43595" machi="29" ten="30,2000,0" yaku="15,1,52,1" doraHai="19" who="3" fromWho="3" sc="212,-6,210,-11,396,-6,172,33" /><INIT seed="6,0,0,2,5,91" ten="206,199,390,205" oya="2" hai0="124,13,95,86,31,56,94,130,41,48,0,29,40" hai1="74,78,131,47,68,65,81,79,122,39,64,26,43" hai2="61,88,107,9,99,116,73,33,16,37,51,118,96" hai3="52,12,49,2,54,63,5,3,133,70,102,113,17"/><V21/><F37/><W28/><G133/><T100/><D0/><U23/><E131/><V4/><F33/><W60/><G28/><N who="0" m="10827" /><D130/><U97/><E122/><V66/><F73/><W62/><G70/><T108/><D108/><U115/><E115/><V82/><F51/><W134/><G134/><T104/><D104/><U83/><E68/><V42/><F42/><N who="0" m="16490" /><D124/><U110/><E97/><V58/><F107/><W92/><G113/><T44/><D100/><U84/><E110/><V103/><F103/><W1/><G5/><T112/><D56/><U77/><E78/><V106/><F106/><W55/><G49/><T32/><D32/><U76/><REACH who="1" step="1"/><E79/><REACH who="1" ten="206,189,390,205" step="2"/><V50/><F99/><W6/><G6/><T18/><D112/><U72/><E72/><V98/><F96/><W71/><G71/><T69/><D69/><U114/><E114/><V30/><F98/><W57/><G102/><T132/><D132/><U27/><E27/><V85/><F4/><W59/><G92/><T125/><D125/><U11/><E11/><AGARI ba="0,1" hai="1,2,3,11,12,17,52,54,55,57,59,60,62,63" machi="11" ten="50,6400,0" yaku="29,2,54,1" doraHai="91" who="3" fromWho="1" sc="206,0,189,-64,390,0,205,74" /><INIT seed="7,0,0,1,3,76" ten="206,125,390,279" oya="3" hai0="92,106,50,116,129,59,45,4,115,19,66,27,41" hai1="101,39,118,34,6,8,10,11,84,93,124,75,127" hai2="25,78,30,114,65,64,96,86,131,5,26,123,42" hai3="77,90,120,69,88,31,87,24,17,21,98,125,70"/><W38/><G120/><T85/><D106/><U0/><E39/><V74/><F114/><W135/><G38/><T37/><D116/><U2/><E75/><V121/><F74/><W80/><G125/><N who="1" m="48202" /><E84/><V9/><F42/><W23/><G135/><T105/><D105/><U128/><E93/><V103/><F131/><W104/><G90/><T111/><D85/><U33/><E101/><V35/><F26/><W16/><G31/><T20/><D92/><U91/><E91/><V47/><F47/><W49/><G49/><T132/><D129/><U109/><E128/><V53/><F53/><W113/><G113/><T68/><D115/><U133/><E118/><V117/><F117/><W100/><G77/><T28/><D132/><U51/><E51/><V22/><F35/><N who="1" m="13321" /><E133/><V62/><F86/><W79/><G79/><T32/><D37/><U54/><E54/><V46/><F46/><W72/><G72/><T48/><D48/><U29/><E109/><V40/><F78/><W12/><AGARI ba="0,0" hai="12,16,17,21,23,24,69,70,80,87,88,98,100,104" machi="12" ten="20,12000,1" yaku="0,1,7,1,52,1,54,2" doraHai="76" who="3" fromWho="3" sc="206,-40,125,-40,390,-40,279,120" owari="166,-23.4,85,-41.5,350,15.0,399,49.9" /></mjloggm>