<mjloggm ver="2.3"><GO type="169" lobby="0"/><UN n0="%E7%89%A7%E5%A0%B4%E3%81%AE%E5%B0%8F%E5%A5%B3" n1="%E3%83%8F%E3%82%BF%E3%83%A2%E3%83%88%E3%83%92%E3%83%AD" n2="%E4%B8%8A%E6%B5%B7%E3%83%8B%E3%83%83%E3%82%AF" n3="%E3%81%82%E3%81%95%E3%81%B4%E3%82%93%EF%BC%A0%EF%BD%8D%EF%BD%8A" dan="16,17,16,18" rate="2166.47,2169.30,2160.48,2287.32" sx="F,M,M,M"/><TAIKYOKU oya="0"/><INIT seed="0,0,0,0,5,47" ten="250,250,250,250" oya="0" hai0="73,56,85,117,34,89,9,60,132,43,38,84,17" hai1="58,98,46,28,97,51,128,81,129,120,130,25,4" hai2="18,2,94,67,65,36,96,23,127,69,115,68,72" hai3="5,20,119,135,50,82,16,32,6,62,104,53,108"/><T88/><D73/><U59/><E4/><V86/><F72/><W110/><G119/><T41/><D34/><U107/><E120/><V12/><F115/><W87/><G104/><T71/><D71/><U92/><E107/><V70/><F36/><W55/><G32/><T63/><D117/><U37/><E37/><V3/><F127/><W49/><G62/><T15/><D132/><U134/><E81/><V113/><F113/><W131/><G131/><T83/><D38/><U123/><E134/><V114/><F86/><W54/><G135/><T7/><D7/><N who="3" m="2569" /><G110/><T26/><D26/><U44/><E123/><V105/><F105/><W30/><G30/><T52/><D60/><U0/><E46/><V79/><F79/><N who="3" m="46559" /><G108/><T106/><D106/><U99/><E92/><AGARI ba="0,0" hai="9,15,17,41,43,52,56,63,83,84,85,88,89,92" machi="92" ten="30,11600,0" yaku="7,1,8,1,54,2" doraHai="47" who="0" fromWho="1" sc="250,116,250,-116,250,0,250,0" /><INIT seed="0,1,0,2,4,91" ten="366,134,250,250" oya="0" hai0="94,4,105,56,84,106,19,35,133,31,59,72,135" hai1="86,13,71,120,129,73,53,134,62,12,117,41,68" hai2="9,60,2,99,43,81,116,100,93,114,26,88,44" hai3="64,33,17,92,47,80,78,108,69,25,104,21,118"/><T65/><D72/><U55/><E73/><V34/><F114/><W0/><G118/><T16/><D4/><U87/><E62/><V130/><F130/><W79/><G104/><T113/><D113/><U85/><E41/><V8/><F116/><W29/><G108/><T37/><D37/><U132/><E117/><V89/><F60/><W38/><G0/><T74/><D74/><U115/><E115/><V42/><F42/><W75/><G78/><T103/><D31/><U70/><E120/><V61/><F61/><W28/><G64/><T14/><D35/><U122/><E129/><V24/><F24/><W125/><G69/><T97/><D65/><U49/><E122/><V48/><F100/><W27/><G125/><T96/><D84/><U36/><E36/><V119/><F2/><W10/><G47/><T66/><D66/><U110/><E110/><V109/><F109/><W101/><G38/><T83/><D83/><U32/><E32/><V131/><F131/><W22/><G10/><T82/><D82/><U50/><E49/><V123/><F123/><W5/><G5/><T18/><D14/><N who="1" m="5739" /><E50/><V102/><F119/><W1/><G1/><T111/><D111/><U54/><AGARI ba="1,0" hai="53,54,55,68,70,71,85,86,87,132,134" m="5739" machi="54" ten="50,8000,1" yaku="29,2,28,2" doraHai="91" who="1" fromWho="1" sc="366,-41,134,83,250,-21,250,-21" /><INIT seed="1,0,0,5,3,69" ten="325,217,229,229" oya="1" hai0="26,117,99,120,43,40,89,60,74,30,79,7,93" hai1="70,0,54,85,29,126,110,119,67,72,13,35,100" hai2="23,129,46,9,82,107,131,28,25,38,47,50,133" hai3="17,45,58,22,77,71,51,125,80,128,96,10,36"/><U75/><E119/><V2/><F107/><W3/><G71/><T61/><D117/><U106/><E54/><V52/><F133/><W48/><G128/><N who="2" m="49225" /><F82/><W16/><G125/><T62/><D7/><U112/><E13/><V135/><F135/><W130/><G96/><T121/><D79/><U49/><E49/><V11/><F2/><W41/><G130/><T8/><D8/><N who="2" m="3146" /><F47/><W104/><G104/><T103/><D103/><U18/><E18/><V124/><F124/><W57/><G51/><T115/><D115/><U63/><E85/><V44/><F44/><W116/><G116/><T56/><D56/><U66/><E66/><V127/><F127/><W86/><G48/><T64/><D64/><U84/><E84/><V6/><F6/><W1/><G1/><T21/><REACH who="0" step="1"/><D74/><REACH who="0" ten="315,217,229,229" step="2"/><N who="1" m="28203" /><E0/><V24/><F24/><W98/><G3/><T122/><AGARI ba="0,1" hai="21,26,30,40,43,60,61,62,89,93,99,120,121,122" machi="122" ten="40,5200,0" yaku="1,1,0,1,13,1,53,0" doraHai="69" doraHaiUra="34" who="0" fromWho="0" sc="315,62,217,-26,229,-13,229,-13" /><INIT seed="2,0,0,4,1,7" ten="377,191,216,216" oya="2" hai0="1,30,104,100,10,99,123,17,91,25,11,128,14" hai1="125,40,114,106,124,122,93,57,63,22,127,83,109" hai2="78,31,115,131,134,18,79,73,130,74,8,15,102" hai3="90,67,98,119,126,121,111,5,54,47,110,112,86"/><V43/><F115/><W13/><G119/><T46/><D128/><N who="2" m="49194" /><F134/><W132/><G121/><T81/><D123/><U33/><E33/><V42/><F102/><W6/><G112/><T34/><D46/><U26/><E114/><V19/><F31/><W72/><G72/><N who="2" m="27753" /><F19/><W92/><G132/><T9/><REACH who="0" step="1"/><D1/><REACH who="0" ten="367,191,216,216" step="2"/><U35/><E122/><V39/><F43/><W87/><G47/><AGARI ba="0,1" hai="8,15,18,39,42,47,78,79" m="27753,49194" machi="47" ten="30,2900,0" yaku="19,1,52,1" doraHai="7" who="2" fromWho="3" sc="367,0,191,0,216,39,216,-29" /><INIT seed="2,1,0,1,2,80" ten="367,191,255,187" oya="2" hai0="91,85,105,47,77,32,33,88,40,12,5,56,118" hai1="126,119,60,18,10,4,83,38,2,26,30,57,0" hai2="9,25,21,48,68,93,86,78,14,120,51,66,128" hai3="42,75,44,127,73,36,81,94,29,41,107,19,112"/><V82/><F128/><W45/><G107/><T97/><D118/><U63/><E119/><V131/><F131/><W62/><G127/><T24/><D77/><U61/><E38/><V28/><F120/><W117/><G117/><T106/><D56/><U84/><E126/><V49/><F93/><W122/><G122/><T74/><D74/><U108/><E108/><V6/><F68/><W130/><G130/><T125/><D125/><U98/><E18/><V54/><REACH who="2" step="1"/><F66/><REACH who="2" ten="367,191,245,187" step="2"/><W8/><G94/><T89/><D106/><U100/><E0/><V13/><F13/><W104/><G104/><T103/><D12/><U43/><E100/><V99/><F99/><W113/><G113/><T109/><D109/><U87/><E98/><V76/><F76/><W129/><G112/><T11/><D97/><U72/><E83/><V7/><F7/><W46/><G81/><T15/><D103/><U31/><E72/><V69/><F69/><W110/><G110/><T39/><D105/><U23/><E43/><V71/><F71/><W102/><G102/><T135/><D15/><U65/><REACH who="1" step="1"/><E31/><REACH who="1" ten="367,181,245,187" step="2"/><V114/><F114/><W121/><G129/><T22/><D40/><U95/><E95/><V50/><F50/><W53/><G29/><T16/><D5/><U67/><E67/><V101/><F101/><W79/><G121/><T123/><D123/><U17/><E17/><V27/><F27/><W55/><G41/><T37/><D16/><U34/><E34/><V1/><F1/><W70/><G73/><T52/><D33/><U92/><E92/><V3/><F3/><W132/><G75/><RYUUKYOKU ba="1,2" sc="367,-15,181,15,245,15,187,-15" hai1="2,4,10,23,26,30,57,60,61,63,65,84,87" hai2="6,9,14,21,25,28,48,49,51,54,78,82,86" /><INIT seed="2,2,2,1,0,58" ten="352,196,260,172" oya="2" hai0="10,66,134,135,1,84,86,69,109,107,77,87,30" hai1="50,38,76,119,92,25,7,125,18,106,73,24,129" hai2="16,133,48,130,17,68,43,99,33,51,67,42,64" hai3="20,57,52,79,3,102,70,89,127,15,29,83,23"/><V104/><F33/><W115/><G3/><T74/><D107/><U110/><E106/><V85/><F104/><W40/><G70/><T62/><D109/><U54/><E38/><V123/><F123/><W5/><G102/><T6/><REACH who="0" step="1"/><D30/><REACH who="0" ten="342,196,260,172" step="2"/><U14/><E110/><V9/><F130/><W78/><G29/><T132/><D132/><U22/><E129/><V111/><F133/><W103/><G115/><T118/><D118/><U91/><E119/><V71/><F111/><W88/><G127/><T60/><D60/><U81/><E125/><V44/><F99/><W63/><G103/><T96/><D96/><U75/><E75/><V93/><F85/><N who="3" m="50239" /><G89/><T112/><D112/><U80/><E80/><AGARI ba="2,3" hai="1,6,10,62,66,69,74,77,80,84,86,87,134,135" machi="80" ten="40,2600,0" yaku="1,1,52,1,53,0" doraHai="58" doraHaiUra="46" who="0" fromWho="1" sc="342,62,196,-32,260,0,172,0" /><INIT seed="3,0,0,3,0,96" ten="404,164,260,172" oya="3" hai0="82,58,89,97,55,6,114,51,74,1,36,88,131" hai1="91,69,62,60,45,133,110,52,67,102,35,109,124" hai2="28,120,25,106,57,122,107,121,15,98,134,12,115" hai3="65,118,46,95,38,33,8,86,79,48,30,135,41"/><W53/><G118/><T103/><D36/><U101/><E35/><V13/><F115/><W32/><G135/><T111/><D111/><N who="1" m="42507" /><E133/><V125/><F134/><W21/><G65/><T59/><D131/><U16/><E124/><V17/><F17/><W85/><G8/><T68/><D68/><U63/><E91/><V24/><F125/><W64/><G64/><T113/><D58/><N who="1" m="34887" /><E63/><V71/><F71/><W87/><G79/><N who="0" m="44407" /><D6/><U47/><E16/><V72/><F72/><W37/><G21/><T40/><D40/><U93/><E93/><V5/><F5/><W50/><G33/><T29/><D29/><U123/><E123/><V18/><F18/><W108/><G108/><T83/><D83/><U99/><E99/><V126/><F126/><W56/><REACH who="3" step="1"/><G95/><REACH who="3" ten="404,164,260,162" step="2"/><N who="0" m="58815" /><D1/><U7/><E7/><V100/><F107/><W77/><G77/><T26/><D26/><AGARI ba="0,1" hai="26,30,32,37,38,41,46,48,50,53,56,85,86,87" machi="26" ten="40,2000,0" yaku="1,1,53,0" doraHai="96" doraHaiUra="90" who="3" fromWho="0" sc="404,-20,164,0,260,0,162,30" /><INIT seed="3,1,0,2,3,108" ten="384,164,260,192" oya="3" hai0="133,32,44,122,64,123,117,134,94,113,128,70,1" hai1="61,57,75,130,84,112,50,17,20,95,40,86,107" hai2="16,100,43,15,10,116,21,53,119,59,135,105,110" hai3="127,99,24,104,111,91,29,39,131,97,92,73,31"/><W101/><G39/><T52/><D1/><U63/><E75/><V76/><F110/><W114/><G111/><T2/><D2/><U56/><E107/><V72/><F135/><N who="0" m="51722" /><D32/><U7/><E130/><V129/><F129/><W79/><G131/><T33/><D33/><U4/><E112/><V124/><F124/><W41/><G41/><T42/><D94/><U90/><E84/><V69/><F69/><W23/><G127/><T125/><D125/><U37/><E37/><V36/><F100/><W14/><G14/><T87/><D87/><U60/><E40/><V9/><F105/><W74/><G74/><T109/><D109/><U68/><E68/><V25/><F10/><W48/><G48/><N who="0" m="26647" /><D128/><U30/><E30/><V8/><F72/><W62/><G29/><T120/><D117/><U49/><E49/><V89/><F9/><W6/><G6/><T83/><D83/><U51/><E50/><V98/><F76/><W118/><G118/><T45/><D113/><U85/><E85/><V132/><F132/><W35/><G114/><T18/><D18/><U28/><E28/><V93/><F119/><W77/><G73/><T66/><D70/><U80/><E80/><V5/><F116/><W22/><G79/><T121/><D123/><U106/><E106/><V65/><F36/><W81/><G81/><T0/><D0/><U102/><E102/><V19/><F5/><N who="1" m="2121" /><E51/><AGARI ba="1,0" hai="45,51,52,64,66,120,121,122" m="26647,51722" machi="51" ten="40,8000,1" yaku="20,1,34,2,54,1" doraHai="108" who="0" fromWho="1" sc="384,83,164,-83,260,0,192,0" /><INIT seed="4,0,0,5,0,12" ten="467,81,260,192" oya="0" hai0="57,95,115,69,130,64,54,108,59,111,11,100,128" hai1="26,61,77,133,132,39,16,71,105,89,56,5,0" hai2="97,66,114,87,65,91,101,23,72,107,55,86,98" hai3="27,48,88,58,19,37,102,113,70,4,1,116,52"/><T125/><D100/><U10/><E71/><V35/><F35/><W15/><G116/><T41/><D95/><U135/><E39/><V117/><F117/><W14/><G37/><T44/><D11/><U25/><E105/><V127/><F114/><W67/><G102/><T81/><D81/><U85/><E77/><V106/><F127/><W60/><G113/><T74/><D74/><U22/><E25/><V93/><F55/><W76/><G76/><T7/><D7/><U75/><E75/><V6/><F6/><W121/><G121/><T47/><D115/><U84/><REACH who="1" step="1"/><E89/><REACH who="1" ten="467,71,260,192" step="2"/><V51/><F72/><W2/><G88/><T110/><D110/><U43/><E43/><V79/><F79/><W32/><G27/><T123/><D69/><U78/><E78/><V92/><F91/><W109/><G109/><T40/><D123/><U24/><E24/><V29/><F101/><W20/><REACH who="3" step="1"/><G32/><REACH who="3" ten="467,71,260,182" step="2"/><T28/><D108/><U82/><E82/><V119/><F119/><W120/><G120/><T90/><D90/><U124/><E124/><V13/><F107/><W8/><AGARI ba="0,2" hai="1,2,4,8,14,15,19,20,48,52,58,60,67,70" machi="8" ten="30,7900,0" yaku="1,1,0,1,52,1,54,1,53,0" doraHai="12" doraHaiUra="36" who="3" fromWho="3" sc="467,-39,71,-20,260,-20,182,99" /><INIT seed="5,0,0,5,1,132" ten="428,51,240,281" oya="1" hai0="77,54,41,34,85,16,133,98,90,108,19,18,15" hai1="14,61,4,113,129,87,116,59,0,114,106,128,49" hai2="45,33,56,122,105,89,26,2,99,13,125,93,10" hai3="107,53,67,1,51,30,32,17,42,94,131,60,101"/><U109/><E106/><V92/><F122/><W112/><G1/><T50/><D34/><U96/><E96/><V68/><F68/><W44/><G107/><T103/><D77/><U86/><E0/><V21/><F33/><W39/><G112/><N who="1" m="43114" /><E116/><V75/><F75/><W121/><G121/><T95/><D41/><U55/><E4/><V28/><F2/><W83/><G131/><N who="1" m="50250" /><E14/><V71/><F71/><W29/><G32/><T3/><D3/><U47/><E87/><V123/><F123/><W35/><G35/><T80/><D133/><U119/><E86/><V124/><F45/><W31/><G83/><T62/><D62/><U63/><E119/><V66/><F105/><W91/><G101/><T110/><D110/><U24/><E24/><V134/><F134/><W23/><G91/><T6/><D108/><U126/><E109/><V57/><F66/><W130/><G94/><T76/><D6/><U102/><E102/><V69/><F69/><N who="3" m="42215" /><G130/><T78/><D15/><U117/><E117/><V111/><F93/><W40/><G17/><T104/><D104/><U27/><E27/><V118/><F111/><W52/><G23/><T8/><D8/><U58/><E126/><N who="2" m="48747" /><F118/><W82/><G82/><T70/><D70/><U135/><E135/><V72/><F72/><W79/><G79/><T48/><D95/><U115/><N who="1" m="43122" /><U127/><DORA hai="88" /><E127/><V81/><F81/><W97/><G97/><T37/><D98/><U12/><E12/><V43/><F13/><W120/><G120/><T64/><D80/><U65/><E63/><V20/><F99/><W36/><G30/><RYUUKYOKU ba="0,0" sc="428,-10,51,30,240,-10,281,-10" hai1="47,49,55,58,59,61,65" /><INIT seed="5,1,0,5,0,124" ten="418,81,230,271" oya="1" hai0="76,92,110,52,90,131,83,55,44,41,86,73,31" hai1="126,112,115,106,8,88,85,91,133,33,27,45,3" hai2="0,79,114,132,36,99,64,5,11,84,17,101,135" hai3="68,51,22,46,113,125,89,81,12,39,28,19,30"/><U87/><E106/><V98/><F36/><W4/><G68/><T40/><D110/><U66/><E126/><V105/><F64/><W134/><G125/><T95/><D31/><U63/><E33/><V103/><F114/><N who="1" m="43561" /><E27/><V50/><F50/><W75/><G39/><T93/><D131/><U47/><E133/><N who="2" m="51275" /><F17/><W32/><G32/><T43/><REACH who="0" step="1"/><D44/><REACH who="0" ten="408,81,230,271" step="2"/><N who="1" m="16971" /><E3/><V109/><F109/><W123/><G113/><T56/><D56/><N who="1" m="37223" /><E8/><V29/><F29/><W24/><G134/><T9/><D9/><U70/><E70/><V107/><F11/><W130/><G28/><T6/><D6/><U97/><E97/><N who="2" m="36875" /><F5/><W20/><G4/><T104/><D104/><N who="2" m="40010" /><F0/><W60/><G30/><T34/><D34/><U62/><E62/><V71/><F71/><W67/><G60/><T48/><D48/><U53/><E53/><AGARI ba="1,1" hai="40,41,43,52,53,55,73,76,83,86,90,92,93,95" machi="53" ten="40,2600,0" yaku="1,1,54,1,53,0" doraHai="124" doraHaiUra="26" who="0" fromWho="1" sc="408,39,81,-29,230,0,271,0" /><INIT seed="6,0,0,2,5,114" ten="447,52,230,271" oya="2" hai0="31,58,64,60,11,24,131,71,56,122,132,70,116" hai1="16,21,104,1,41,120,6,125,7,83,57,55,129" hai2="10,76,23,113,54,27,26,123,126,96,98,128,87" hai3="110,84,68,97,127,49,25,0,28,36,75,63,45"/><V80/><F128/><W94/><G110/><T90/><D122/><U100/><E120/><V95/><F126/><W52/><G75/><T20/><D132/><U117/><E129/><V109/><F113/><W5/><G127/><T86/><D131/><U62/><E125/><V65/><F109/><W32/><G84/><T107/><D107/><U47/><E1/><V46/><F123/><W15/><G0/><T133/><D133/><U78/><E104/><V135/><F135/><W119/><G36/><T39/><D39/><U59/><E100/><V73/><F65/><W69/><G119/><T92/><D116/><U33/><E33/><V38/><F10/><W9/><REACH who="3" step="1"/><G63/><REACH who="3" ten="447,52,230,261" step="2"/><T66/><D11/><U42/><E117/><V67/><F38/><W37/><G37/><T111/><D111/><U22/><E57/><V81/><F98/><W101/><AGARI ba="0,1" hai="5,9,15,25,28,32,45,49,52,68,69,94,97,101" machi="101" ten="20,5200,0" yaku="1,1,0,1,7,1,54,1,53,0" doraHai="114" doraHaiUra="130" who="3" fromWho="3" sc="447,-13,52,-13,230,-26,261,62" /><INIT seed="7,0,0,0,4,51" ten="434,39,204,323" oya="3" hai0="15,37,1,114,119,122,96,29,35,80,64,27,14" hai1="124,28,125,93,43,117,101,97,89,91,121,113,5" hai2="18,134,8,32,3,135,72,92,55,116,25,69,31" hai3="118,22,38,54,13,12,67,94,108,19,10,99,42"/><W95/><G118/><T40/><D119/><U106/><E28/><V102/><F72/><W68/><G108/><T62/><D122/><U78/><E43/><V133/><F69/><W11/><G68/><T109/><D109/><U115/><E5/><N who="2" m="1087" /><F116/><W17/><G67/><T48/><D1/><U4/><E4/><V100/><F92/><W123/><G123/><T7/><D37/><U73/><E117/><V60/><F18/><W127/><G127/><T58/><D114/><U26/><E26/><V46/><F46/><W130/><G130/><T111/><D111/><U75/><E121/><V129/><F129/><W74/><G74/><T59/><D7/><U50/><E50/><V110/><F110/><W105/><G22/><T86/><D96/><U120/><E120/><V44/><F44/><W84/><G84/><T98/><D98/><U71/><E71/><V70/><F70/><W45/><REACH who="3" step="1"/><G54/><REACH who="3" ten="434,39,204,313" step="2"/><T2/><D35/><U66/><E66/><V0/><F55/><W24/><G24/><T126/><D126/><N who="1" m="48747" /><E75/><V128/><F128/><W61/><G61/><T77/><D27/><U41/><E41/><V36/><F60/><W112/><G112/><N who="1" m="43082" /><E93/><V57/><F25/><W87/><G87/><T34/><D86/><U81/><E89/><V79/><F32/><W49/><G49/><T83/><D48/><U76/><E91/><V103/><F135/><W107/><G107/><T9/><D34/><U6/><E6/><V33/><F134/><W20/><G20/><T56/><D62/><U39/><E39/><V85/><F133/><W16/><G16/><N who="0" m="8271" /><D64/><U53/><E53/><RYUUKYOKU ba="0,1" sc="434,-15,39,15,204,-15,313,15" hai1="73,76,78,81,97,101,106" hai3="10,11,12,13,17,19,38,42,45,94,95,99,105" /><BYE who="1" /><UN n1="%E3%83%8F%E3%82%BF%E3%83%A2%E3%83%88%E3%83%92%E3%83%AD" /><INIT seed="7,1,1,5,3,30" ten="419,54,189,328" oya="3" hai0="106,89,29,35,82,15,119,79,42,1,18,105,21" hai1="133,65,61,130,116,2,8,62,56,109,74,38,107" hai2="84,52,115,24,34,85,102,70,40,73,124,4,46" hai3="9,101,75,93,64,111,72,63,16,12,76,94,69"/><W37/><G111/><T55/><D119/><U96/><E109/><V117/><F117/><W126/><G126/><T71/><D71/><U97/><E116/><V132/><F73/><W99/><G37/><T17/><D1/><U90/><E133/><V22/><F34/><W112/><G112/><T91/><D42/><U60/><E130/><V86/><F70/><W104/><REACH who="3" step="1"/><G75/><REACH who="3" ten="419,54,189,318" step="2"/><T41/><D41/><U87/><E74/><V53/><F115/><W122/><G122/><T49/><D106/><U13/><E38/><V80/><F124/><W36/><G36/><T27/><D105/><U108/><E108/><V39/><F132/><W45/><G45/><T88/><D18/><U77/><E107/><V32/><F46/><W66/><G66/><T120/><D120/><U129/><E129/><V103/><F40/><W57/><G57/><T81/><REACH who="0" step="1"/><D79/><REACH who="0" ten="409,54,189,318" step="2"/><U125/><E125/><V44/><F39/><W100/><G100/><T95/><D95/><U54/><E77/><V14/><F103/><W28/><G28/><T110/><D110/><U83/><E2/><V7/><F102/><W67/><G67/><T51/><D51/><U23/><E23/><V10/><F22/><W127/><G127/><T123/><D123/><U58/><REACH who="1" step="1"/><E60/><REACH who="1" ten="409,44,189,318" step="2"/><V31/><F10/><W19/><G19/><T113/><D113/><U68/><E68/><V33/><F31/><W78/><G78/><T5/><D5/><U59/><E59/><AGARI ba="1,4" hai="15,17,21,27,29,35,49,55,59,81,82,88,89,91" machi="59" ten="40,5200,0" yaku="1,1,52,1,54,1,53,0" doraHai="30" doraHaiUra="118" who="0" fromWho="1" sc="409,95,44,-55,189,0,318,0" owari="504,60.4,-11,-51.1,189,-21.1,318,11.8" /></mjloggm>