<mjloggm ver="2.3"><GO type="169" lobby="0"/><UN n0="%71%75%65%79%69%6D%65%6E" n1="%E3%81%BD%E3%81%A3%E3%81%91%E3%81%95%E3%82%93" n2="%E3%81%A9%E3%82%93%E3%81%9F%E3%82%83%E3%82%93" n3="%58%E7%8C%AB" dan="16,17,16,16" rate="2109.82,2203.61,2185.55,2051.22" sx="M,M,F,M"/><TAIKYOKU oya="0"/><INIT seed="0,0,0,0,0,115" ten="250,250,250,250" oya="0" hai0="38,30,112,110,2,130,57,94,68,10,52,27,24" hai1="1,41,104,4,93,59,76,65,132,0,58,91,71" hai2="131,5,53,96,74,86,56,3,127,89,113,64,6" hai3="83,48,97,79,87,135,21,19,44,66,54,45,13"/><T37/><D112/><U29/><E104/><V26/><F113/><W92/><G135/><T16/><D68/><U12/><E71/><V98/><F74/><W119/><G119/><T63/><D130/><U32/><E76/><V49/><F131/><W99/><G66/><T133/><D133/><U42/><E12/><V17/><F127/><W105/><G105/><T40/><D110/><U34/><E93/><V114/><F114/><W108/><G108/><T134/><D134/><U122/><E91/><V111/><F111/><W25/><G25/><T85/><D40/><U43/><E132/><V118/><F64/><W109/><G109/><T75/><D75/><U101/><E65/><V20/><F118/><W77/><G77/><T55/><D55/><U73/><E73/><V121/><F121/><W47/><REACH who="3" step="1"/><G99/><REACH who="3" ten="250,250,250,240" step="2"/><N who="2" m="37929" /><F3/><W67/><G67/><T107/><D107/><U46/><E1/><V15/><F26/><W60/><G60/><T125/><D2/><U61/><E61/><V9/><F9/><W120/><G120/><T78/><D125/><U82/><E0/><V69/><F69/><W11/><G11/><T18/><D10/><U14/><E122/><V51/><F49/><W33/><G33/><T62/><D62/><U50/><E34/><V35/><F35/><W102/><AGARI ba="0,1" hai="13,19,21,44,45,47,48,54,79,83,87,92,97,102" machi="102" ten="20,5200,0" yaku="1,1,0,1,7,1,8,1,53,0" doraHai="115" doraHaiUra="28" who="3" fromWho="3" sc="250,-26,250,-13,250,-13,240,62" /><INIT seed="1,0,0,4,3,52" ten="224,237,237,302" oya="1" hai0="91,40,131,48,49,33,82,2,43,17,14,135,86" hai1="125,109,35,81,69,80,45,64,79,121,19,37,73" hai2="30,28,23,21,7,13,32,127,100,6,128,74,88" hai3="113,36,85,3,84,132,20,119,90,5,54,104,42"/><U122/><E19/><N who="2" m="10479" /><F74/><W102/><G113/><T129/><D2/><U39/><E35/><V57/><F100/><W89/><G20/><T59/><D33/><U47/><E73/><V96/><F32/><W66/><G66/><T44/><D135/><U62/><E79/><V126/><F128/><W70/><G70/><T116/><D116/><U123/><E125/><N who="2" m="47627" /><F57/><W60/><G102/><T108/><D108/><U16/><E109/><V76/><F76/><W111/><G104/><T75/><D75/><U68/><E68/><V72/><F72/><W83/><G111/><T18/><D18/><U120/><E121/><V26/><F28/><W29/><G29/><T101/><D101/><U55/><E16/><V8/><F8/><W46/><G119/><T114/><D114/><U71/><E71/><V115/><F115/><W92/><G132/><T99/><D99/><U31/><E31/><V98/><F98/><W58/><G3/><T10/><D59/><U11/><E11/><V67/><F67/><W51/><REACH who="3" step="1"/><G5/><REACH who="3" ten="224,237,237,292" step="2"/><T112/><D112/><U94/><E120/><V106/><F106/><W107/><G107/><T118/><D118/><U133/><E133/><V110/><F110/><W25/><G25/><T1/><D1/><U41/><E64/><V134/><F134/><W124/><G124/><T97/><D97/><U87/><E69/><V61/><F6/><W38/><AGARI ba="0,1" hai="36,38,42,46,51,54,58,60,83,84,85,89,90,92" machi="38" ten="30,7900,0" yaku="1,1,0,1,52,1,53,1" doraHai="52" doraHaiUra="56" who="3" fromWho="3" sc="224,-20,237,-39,237,-20,292,89" /><INIT seed="2,0,0,2,0,128" ten="204,198,217,381" oya="2" hai0="41,4,10,37,114,23,76,105,46,61,80,100,13" hai1="19,58,90,73,55,25,50,134,118,122,70,85,6" hai2="126,18,124,112,21,29,109,99,8,1,59,104,67" hai3="24,26,84,9,116,131,93,43,120,88,28,92,48"/><V38/><F112/><W44/><G120/><T135/><D114/><U103/><E73/><V49/><F38/><W79/><G116/><T123/><D123/><U94/><E118/><V60/><F29/><W129/><G79/><T39/><D105/><U110/><E122/><V87/><F87/><W17/><G93/><T15/><D100/><U81/><E70/><V5/><F109/><W95/><G95/><T42/><D61/><U7/><E110/><V75/><F75/><W33/><G9/><T74/><D23/><N who="1" m="13567" /><E134/><V82/><F82/><W20/><AGARI ba="0,0" hai="17,20,24,26,28,33,43,44,48,84,88,92,129,131" machi="20" ten="30,2000,0" yaku="0,1,54,1" doraHai="128" who="3" fromWho="3" sc="204,-5,198,-5,217,-10,381,20" /><INIT seed="3,0,0,1,5,120" ten="199,193,207,401" oya="3" hai0="104,2,23,73,83,78,88,18,96,63,43,4,77" hai1="97,109,27,53,31,112,85,111,29,89,3,98,81" hai2="127,116,91,121,30,125,79,36,24,82,35,20,11" hai3="87,49,56,76,107,45,15,108,8,132,62,61,69"/><W32/><G32/><T60/><D43/><U10/><E112/><V46/><F116/><W113/><G107/><T134/><D134/><U9/><E53/><V92/><F121/><W133/><G113/><T131/><D131/><U94/><E98/><N who="2" m="57631" /><F11/><W58/><G69/><T90/><D78/><U26/><E26/><V64/><F64/><W59/><G76/><T119/><D119/><U19/><E31/><V118/><F118/><W1/><G87/><T6/><D90/><U80/><E80/><V122/><F122/><W13/><G13/><T16/><D18/><U40/><E40/><V126/><F46/><W128/><G1/><T51/><D51/><U74/><E74/><N who="2" m="43383" /><F36/><W124/><G128/><T44/><D44/><U50/><E50/><V12/><F12/><W25/><G25/><T68/><D104/><U0/><E10/><V70/><F70/><W130/><G130/><T67/><D63/><U129/><E129/><V33/><AGARI ba="0,0" hai="20,24,30,33,35,125,126,127" m="43383,57631" machi="33" ten="40,1500,0" yaku="18,1" doraHai="120" who="2" fromWho="2" sc="199,-4,193,-4,207,15,401,-7" /><INIT seed="4,0,0,5,4,128" ten="195,189,222,394" oya="0" hai0="91,71,22,87,80,43,82,114,59,30,103,73,90" hai1="108,102,68,23,105,54,56,4,120,20,0,3,37" hai2="118,81,89,76,2,100,1,17,51,18,95,10,127" hai3="77,83,99,7,133,121,15,64,32,21,6,72,57"/><T112/><D71/><U116/><E116/><V96/><F118/><W109/><G109/><T41/><D103/><U98/><E120/><V115/><F115/><N who="0" m="44074" /><D59/><U42/><E68/><V110/><F110/><W131/><G121/><T19/><D30/><U65/><E65/><V134/><F127/><W13/><G64/><T78/><D91/><U125/><E125/><V55/><F134/><W16/><G133/><T107/><D107/><U40/><E108/><V36/><F36/><W69/><G69/><T8/><D8/><U119/><E119/><V92/><F92/><W52/><G131/><T130/><D130/><U48/><E37/><V35/><F35/><W93/><G32/><T66/><D66/><U25/><E23/><V104/><F1/><W74/><G74/><T88/><D90/><U63/><E4/><V53/><F53/><W61/><G13/><AGARI ba="0,0" hai="13,19,22,41,43,73,78,80,82,87,88" m="44074" machi="13" ten="30,2900,0" yaku="15,1,54,1" doraHai="128" who="0" fromWho="3" sc="195,29,189,0,222,0,394,-29" /><INIT seed="4,1,0,3,5,50" ten="224,189,222,365" oya="0" hai0="18,135,34,52,99,71,36,38,102,62,87,65,67" hai1="44,93,33,68,126,120,132,130,77,117,86,27,84" hai2="69,12,51,19,80,115,10,128,98,127,48,82,78" hai3="118,61,45,23,60,116,56,74,112,103,53,123,133"/><T39/><D135/><U58/><E68/><V104/><F69/><W88/><G74/><T5/><D5/><U97/><E117/><V119/><F119/><W63/><G103/><T30/><D67/><U26/><E120/><V131/><F115/><W81/><G45/><T7/><D7/><U20/><E132/><V114/><F114/><W54/><G133/><T76/><D18/><U41/><E126/><V21/><F127/><W134/><G134/><T89/><D76/><U49/><E130/><N who="2" m="49707" /><F82/><W13/><G112/><T8/><D8/><U79/><E33/><V37/><F37/><W57/><G123/><T101/><D30/><U47/><E58/><V42/><F42/><W24/><G13/><T0/><D0/><U25/><E20/><V111/><F111/><W100/><G100/><T31/><D31/><U14/><E14/><V125/><F21/><W11/><G11/><T129/><D34/><U2/><E2/><V83/><F83/><W75/><G75/><T40/><D129/><U70/><E70/><V3/><F125/><W72/><G72/><T59/><D40/><U55/><E77/><V96/><F3/><W73/><G73/><T15/><D99/><N who="2" m="37930" /><F104/><W46/><G46/><T29/><D29/><U108/><E79/><V22/><F10/><W124/><G124/><T9/><D9/><U1/><E108/><V32/><F32/><W90/><G81/><N who="0" m="49391" /><D15/><U43/><E1/><V35/><F35/><W28/><G118/><T95/><D95/><U17/><E41/><V113/><F113/><W109/><G116/><T110/><D110/><U64/><E43/><RYUUKYOKU ba="1,0" sc="224,15,189,-15,222,15,365,-15" hai0="36,38,39,52,59,62,65,71,101,102" hai2="12,19,22,48,51,78,80" /><INIT seed="4,2,0,2,3,81" ten="239,174,237,350" oya="0" hai0="98,132,39,112,49,69,135,63,27,28,3,34,46" hai1="11,92,14,67,99,115,93,90,86,123,38,72,89" hai2="131,55,110,13,97,70,66,103,20,125,2,85,47" hai3="87,73,41,78,44,96,100,18,58,16,109,32,71"/><T48/><D3/><U75/><E123/><V30/><F110/><W79/><G109/><T128/><D112/><U102/><E38/><V118/><F2/><W127/><G71/><T45/><D128/><U37/><E37/><V108/><F108/><W82/><G32/><T65/><D98/><U88/><E115/><V57/><F125/><W35/><G35/><T1/><D1/><U29/><E29/><V107/><F131/><W111/><G111/><T53/><REACH who="0" step="1"/><D39/><REACH who="0" ten="229,174,237,350" step="2"/><U129/><E129/><V24/><F118/><W104/><G127/><T120/><D120/><U121/><E121/><V12/><F97/><W21/><G58/><T95/><D95/><U43/><E99/><V33/><F57/><W105/><G105/><T26/><D26/><U51/><E93/><V64/><F24/><W8/><G104/><T124/><D124/><U134/><E92/><V114/><F107/><W80/><G100/><T130/><D130/><U42/><E14/><V19/><F103/><W6/><G96/><T60/><D60/><U94/><E94/><V126/><F114/><W22/><G44/><T83/><D83/><U62/><E62/><V77/><F126/><W15/><G41/><AGARI ba="2,1" hai="27,28,34,41,45,46,48,49,53,63,65,69,132,135" machi="41" ten="40,2000,0" yaku="1,1,53,0" doraHai="81" doraHaiUra="9" who="0" fromWho="3" sc="229,36,174,0,237,0,350,-26" /><INIT seed="4,3,0,0,3,39" ten="265,174,237,324" oya="0" hai0="114,120,82,132,93,69,4,112,113,58,13,18,24" hai1="22,41,85,32,77,46,122,29,110,90,102,125,43" hai2="31,14,72,78,8,126,37,118,25,67,27,104,56" hai3="50,130,83,9,86,119,0,6,127,99,66,107,63"/><T2/><D132/><U30/><E32/><V108/><F108/><W133/><G119/><T47/><D69/><U36/><E110/><V70/><F104/><W128/><G133/><T101/><D120/><U74/><E122/><V51/><F126/><W23/><G127/><T54/><D82/><U88/><E125/><V28/><F37/><W134/><G134/><T80/><D80/><U129/><E74/><V38/><F38/><W7/><G7/><T79/><D79/><U97/><E129/><V131/><F131/><W68/><G50/><T117/><D117/><U98/><E36/><V95/><F72/><W57/><G68/><T10/><D47/><U61/><E61/><V62/><F78/><W33/><G33/><T52/><D24/><U81/><E46/><V76/><F76/><W42/><G42/><N who="1" m="15882" /><E30/><V84/><F118/><W111/><G111/><T21/><D58/><U60/><E60/><V65/><F65/><W45/><G45/><T94/><D101/><U105/><E105/><V106/><F106/><W124/><G124/><T16/><D18/><U15/><E102/><V91/><F31/><W115/><G115/><T116/><D116/><U100/><E100/><V73/><F28/><W11/><G107/><T5/><D5/><U44/><E44/><V1/><F73/><W103/><G103/><T12/><D2/><U48/><E48/><V135/><F1/><W49/><G6/><T26/><D54/><U3/><E3/><V35/><F135/><W64/><G0/><N who="0" m="263" /><D52/><U96/><E29/><V75/><F75/><W89/><G130/><T121/><D121/><RYUUKYOKU ba="3,0" sc="265,15,174,15,237,-15,324,-15" hai0="12,13,16,21,26,93,94,112,113,114" hai1="15,22,77,81,85,88,90,96,97,98" /><INIT seed="4,4,0,5,4,128" ten="280,189,222,309" oya="0" hai0="115,121,93,19,117,129,110,39,22,58,65,86,62" hai1="28,113,92,133,120,79,100,126,99,124,77,105,17" hai2="111,14,11,118,23,82,64,69,84,89,123,26,112" hai3="74,43,50,8,75,55,72,32,127,16,81,76,80"/><T1/><D117/><U122/><E28/><V130/><F123/><N who="1" m="47145" /><E17/><V103/><F111/><W60/><G32/><T71/><D110/><U3/><E3/><V101/><F112/><W35/><G35/><T98/><D115/><U66/><E66/><V12/><F130/><W46/><G127/><N who="1" m="48682" /><E113/><V56/><F69/><W33/><G33/><T6/><D129/><U52/><E52/><V18/><F118/><W10/><G74/><T68/><D121/><U25/><E25/><V135/><F135/><W132/><G132/><T48/><D39/><U63/><E63/><N who="2" m="37991" /><F12/><W45/><G16/><AGARI ba="4,0" hai="11,14,16,18,23,26,82,84,89,101,103" m="37991" machi="16" ten="30,2000,0" yaku="8,1,54,1" doraHai="128" who="2" fromWho="3" sc="280,0,189,0,222,32,309,-32" /><INIT seed="5,0,0,1,1,78" ten="280,189,254,277" oya="1" hai0="104,55,72,23,58,16,46,70,34,90,25,120,47" hai1="51,37,79,54,84,101,76,123,107,92,96,93,75" hai2="71,114,111,44,113,99,1,56,116,29,39,124,87" hai3="81,129,53,9,14,106,30,110,65,100,5,126,3"/><U32/><E37/><V24/><F71/><W62/><G110/><T91/><D70/><U86/><E32/><V108/><F1/><W8/><G129/><T13/><D104/><U134/><E123/><V52/><F116/><W6/><G126/><T128/><D72/><U118/><E118/><V80/><F124/><W49/><G30/><T117/><D117/><U22/><E134/><V33/><F99/><W97/><G81/><T73/><D73/><U40/><E40/><V38/><F44/><N who="0" m="16938" /><D34/><U43/><E43/><V133/><F133/><W31/><G31/><N who="0" m="17855" /><D128/><U69/><E69/><V77/><F38/><W95/><G49/><N who="0" m="31087" /><D120/><U50/><E54/><V42/><F42/><W2/><G53/><T28/><D28/><U88/><E22/><AGARI ba="0,0" hai="13,16,22,90,91" m="31087,17855,16938" machi="22" ten="30,2000,0" yaku="8,1,54,1" doraHai="78" who="0" fromWho="1" sc="280,20,189,-20,254,0,277,0" /><INIT seed="6,0,0,3,2,76" ten="300,169,254,277" oya="2" hai0="9,63,5,52,98,47,4,120,61,20,53,126,48" hai1="1,79,80,34,97,59,49,115,70,43,100,25,83" hai2="111,42,106,129,65,71,135,44,74,3,99,32,77" hai3="90,54,17,134,15,73,12,91,128,133,40,35,87"/><V21/><F21/><W119/><G73/><T108/><D108/><U39/><E70/><V27/><F111/><W94/><G119/><T112/><D120/><U67/><E1/><V13/><F13/><W96/><G35/><T114/><D126/><U110/><E110/><V78/><F78/><W125/><G125/><T102/><D20/><U121/><E121/><V66/><F66/><W62/><G40/><T105/><D4/><U60/><E39/><N who="2" m="21599" /><F129/><W16/><G128/><T103/><D103/><U46/><E115/><N who="0" m="44073" /><D53/><U104/><REACH who="1" step="1"/><E79/><REACH who="1" ten="300,159,254,277" step="2"/><V101/><F3/><AGARI ba="0,1" hai="3,5,9,47,48,52,61,63,98,102,105" m="44073" machi="3" ten="30,2000,0" yaku="15,1,54,1" doraHai="76" who="0" fromWho="2" sc="300,30,159,0,254,-20,277,0" /><INIT seed="7,0,0,2,4,135" ten="330,159,234,277" oya="3" hai0="129,33,118,89,76,6,98,123,82,52,48,36,20" hai1="90,99,0,81,18,80,7,117,119,60,47,41,128" hai2="96,100,108,104,88,103,91,11,120,110,64,17,85" hai3="1,72,93,84,94,34,68,111,46,107,43,131,127"/><W37/><RYUUKYOKU type="yao9" ba="0,0" sc="330,0,159,0,234,0,277,0" hai3="1,34,37,43,46,68,72,84,93,94,107,111,127,131" /><INIT seed="7,1,0,5,4,95" ten="330,159,234,277" oya="3" hai0="59,119,106,117,7,15,45,13,107,73,33,103,23" hai1="53,6,24,122,76,91,48,28,68,124,31,116,65" hai2="123,87,57,50,115,100,75,104,130,25,22,36,89" hai3="5,120,58,55,114,135,26,41,97,60,39,42,54"/><W14/><G120/><T80/><D33/><U66/><E122/><V111/><F111/><W126/><G114/><T132/><D132/><U121/><E121/><V64/><F123/><W113/><G113/><T0/><D0/><U67/><E68/><V105/><F115/><W101/><G135/><T29/><D59/><U72/><E72/><V108/><F108/><W4/><G126/><T1/><D45/><U79/><E124/><V109/><F36/><W40/><G39/><T128/><D80/><U16/><E6/><V93/><F130/><W133/><G133/><T10/><D15/><U30/><E91/><V98/><F75/><W85/><G85/><T127/><D73/><U99/><E99/><V112/><F112/><W83/><G83/><T37/><D107/><U43/><E43/><V12/><F12/><W32/><G14/><T17/><D29/><U78/><E116/><V88/><F109/><W51/><G32/><T82/><D82/><U46/><E24/><V9/><F9/><W63/><G26/><T84/><D84/><U77/><N who="1" m="19456" /><DORA hai="56" /><U96/><E96/><V110/><F110/><W34/><G34/><T49/><D37/><U20/><E20/><V92/><F89/><W81/><G81/><T47/><D127/><U70/><E70/><V18/><F105/><W11/><G11/><T134/><D134/><U27/><E27/><V21/><F104/><W52/><G4/><T129/><D7/><U131/><E131/><N who="0" m="50249" /><D23/><U118/><E118/><V94/><F21/><W125/><G5/><T71/><D71/><U69/><E69/><V35/><F35/><RYUUKYOKU ba="1,0" sc="330,-10,159,30,234,-10,277,-10" hai1="16,28,30,31,46,48,53,65,66,67" owari="320,42.0,189,-31.1,224,-17.6,267,6.7" /></mjloggm>