<mjloggm ver="2.3"><GO type="225" lobby="0"/><UN n0="%E3%83%96%E3%83%83%E3%83%91%E3%82%AA%E3%83%96%E3%83%81%E3%82%AD%E3%83%B3" n1="%E3%83%81%E3%83%83%E3%82%BF%E3%82%BD%E3%83%BC" n2="%E6%A1%9C%E8%8A%B1%E9%96%83%E3%80%85" n3="%E5%91%A8%E6%9D%B1" dan="16,16,16,16" rate="2153.32,2151.45,2197.12,2169.07" sx="M,F,M,M"/><TAIKYOKU oya="0"/><INIT seed="0,0,0,3,5,58" ten="250,250,250,250" oya="0" hai0="86,102,83,116,62,50,53,47,15,49,118,106,126" hai1="131,82,26,76,44,109,3,4,80,78,91,85,43" hai2="123,87,0,48,19,33,11,96,67,89,9,132,119" hai3="65,95,114,20,28,105,51,92,12,84,5,29,34"/><T64/><D126/><U27/><E109/><V111/><F123/><W56/><G105/><T8/><D50/><U112/><E131/><V38/><F38/><W17/><G114/><T63/><D102/><U97/><E112/><V23/><F111/><W94/><G34/><T18/><D106/><U101/><E91/><V130/><F33/><W13/><G84/><T42/><D42/><U55/><E55/><V103/><F130/><W72/><G72/><T129/><D129/><U40/><E40/><V74/><F132/><W107/><G107/><T120/><D120/><U77/><E77/><V57/><F0/><W54/><REACH who="3" step="1"/><G65/><REACH who="3" ten="250,250,250,240" step="2"/><T60/><REACH who="0" step="1"/><D64/><REACH who="0" ten="240,250,250,240" step="2"/><U39/><E101/><V66/><F66/><W122/><G122/><T71/><D71/><U2/><E80/><V6/><F67/><W117/><G117/><T124/><D124/><U68/><E82/><V1/><F119/><W46/><G46/><T16/><D16/><U134/><E68/><V24/><F19/><W98/><G98/><T125/><D125/><U81/><E97/><V135/><F96/><W90/><G90/><AGARI ba="0,2" hai="8,15,18,47,49,53,60,62,63,83,86,90,116,118" machi="90" ten="40,24000,3" yaku="1,1,25,2,52,3,53,3" doraHai="58" doraHaiUra="59" who="0" fromWho="3" sc="240,260,250,0,250,0,240,-240" /><INIT seed="0,1,0,4,1,104" ten="500,250,250,0" oya="0" hai0="88,120,98,94,72,0,45,76,56,111,49,113,7" hai1="14,124,80,40,33,114,95,91,55,4,59,20,70" hai2="84,101,73,27,86,67,41,82,130,97,131,85,132" hai3="68,102,134,62,118,12,128,112,48,51,81,89,11"/><T52/><D113/><U71/><E33/><V50/><F67/><W30/><G112/><T53/><D120/><U54/><E114/><V47/><F132/><W46/><G134/><T90/><D111/><U77/><E124/><V8/><F27/><W29/><G118/><T69/><D69/><U37/><E40/><V9/><F73/><W78/><G128/><N who="2" m="49193" /><F82/><W87/><G68/><T3/><D7/><U13/><E37/><V115/><F115/><W1/><G1/><T66/><D66/><U10/><E20/><V16/><F16/><N who="3" m="8223" /><G102/><T22/><D22/><U127/><E14/><V65/><F65/><W36/><G36/><T122/><D122/><U35/><E35/><V105/><AGARI ba="1,0" hai="8,9,41,47,50,84,85,86,97,101,105" m="49193" machi="105" ten="30,1100,0" yaku="19,1" doraHai="104" who="2" fromWho="2" sc="500,-6,250,-4,250,14,0,-4" owari="494,59.4,246,-15.4,264,6.4,-4,-50.4" /></mjloggm>