<mjloggm ver="2.3"><GO type="169" lobby="0"/><UN n0="%E9%95%B7%E5%A4%A7%E3%82%92%E5%87%BA%E3%81%9F%E3%81%91%E3%82%8C%E3%81%A9" n1="%E5%BA%84%E5%8F%B8%E5%81%A5%E5%A4%AA%E6%9C%97" n2="%E3%82%8A%E3%81%93%E3%82%8A%E3%82%93%E3%81%94" n3="%68%69%73%61%74%6F%E6%A3%92" dan="16,16,17,16" rate="2176.28,2057.36,2154.42,2135.08" sx="M,M,M,M"/><TAIKYOKU oya="0"/><INIT seed="0,0,0,3,5,113" ten="250,250,250,250" oya="0" hai0="130,105,51,12,22,11,24,118,76,112,10,29,110" hai1="16,102,7,70,125,66,45,27,0,65,75,50,20" hai2="47,40,103,90,89,38,64,124,21,88,126,53,52" hai3="26,86,62,3,91,17,79,133,2,115,104,129,32"/><T131/><D105/><U117/><E125/><N who="2" m="48235" /><F103/><W37/><G79/><T18/><D76/><U101/><E75/><V49/><F64/><W55/><G37/><T84/><D84/><U107/><E117/><V98/><F98/><W43/><G43/><T46/><D112/><U60/><E66/><V48/><F21/><W67/><G133/><T41/><D118/><U5/><E0/><V132/><F132/><W109/><G55/><AGARI ba="0,0" hai="38,40,47,48,49,52,53,55,88,89,90" m="48235" machi="55" ten="30,3900,0" yaku="18,1,54,2" doraHai="113" who="2" fromWho="3" sc="250,0,250,0,250,39,250,-39" /><INIT seed="1,0,0,5,0,54" ten="250,250,289,211" oya="1" hai0="20,135,50,125,8,85,9,114,40,93,110,67,103" hai1="122,30,87,101,11,47,105,109,78,63,72,5,22" hai2="15,70,89,61,64,16,17,121,29,88,111,62,19" hai3="98,34,90,107,83,118,36,73,51,26,82,18,66"/><U2/><E122/><V31/><F121/><W59/><G36/><T1/><D114/><U7/><E109/><V14/><F111/><W24/><G73/><T86/><D1/><U0/><E72/><V115/><F115/><W41/><G34/><T128/><D135/><U126/><E126/><V91/><REACH who="2" step="1"/><F62/><REACH who="2" ten="250,250,279,211" step="2"/><W77/><G118/><T112/><D110/><U43/><E63/><V129/><F129/><W32/><G32/><T120/><D112/><U21/><E30/><AGARI ba="0,1" hai="14,15,16,17,19,29,30,31,61,64,70,88,89,91" machi="30" ten="40,5200,0" yaku="1,1,54,2,53,0" doraHai="54" doraHaiUra="71" who="2" fromWho="1" sc="250,0,250,-52,279,62,211,0" /><INIT seed="2,0,0,4,0,58" ten="250,198,341,211" oya="2" hai0="54,130,13,129,57,80,120,21,65,10,27,64,56" hai1="15,93,47,91,90,76,121,6,125,4,45,100,52" hai2="32,87,69,124,101,68,85,97,88,126,78,8,16" hai3="44,46,67,41,110,71,11,114,86,29,17,2,53"/><V127/><F32/><W31/><G110/><T43/><D120/><U112/><E112/><V83/><F8/><W51/><G114/><T0/><D0/><U77/><E121/><V81/><REACH who="2" step="1"/><F16/><REACH who="2" ten="250,198,331,211" step="2"/><W70/><G17/><T102/><D10/><U106/><E6/><V26/><F26/><W111/><G11/><T115/><D27/><U73/><E4/><V66/><F66/><W98/><G67/><T122/><D115/><U23/><E23/><V128/><F128/><W108/><G111/><T113/><D113/><U14/><E14/><V28/><F28/><W135/><G108/><T123/><D13/><U60/><E15/><V37/><F37/><W79/><G29/><T5/><D21/><U49/><E125/><V96/><F96/><W55/><G98/><T39/><D5/><U61/><E106/><AGARI ba="0,1" hai="68,69,78,81,83,85,87,88,97,101,106,124,126,127" machi="106" ten="40,7700,0" yaku="1,1,18,1,54,1,53,0" doraHai="58" doraHaiUra="117" who="2" fromWho="1" sc="250,0,198,-77,331,87,211,0" /><INIT seed="2,1,0,4,1,71" ten="250,121,418,211" oya="2" hai0="72,56,107,23,134,90,17,81,21,30,12,92,43" hai1="39,25,80,105,101,74,104,100,63,60,130,112,52" hai2="49,42,124,33,114,125,36,40,87,96,109,45,123" hai3="99,93,28,108,116,15,75,91,26,5,3,118,117"/><V2/><F114/><W47/><G75/><T94/><D107/><U50/><E39/><V97/><F123/><W38/><G3/><T121/><D134/><U126/><E112/><V120/><F120/><W129/><G129/><T4/><D4/><U103/><E126/><N who="2" m="48747" /><F33/><W98/><G98/><T37/><D94/><U14/><E130/><V131/><F2/><W53/><G108/><T127/><D30/><U22/><E14/><V29/><F29/><W106/><G106/><T32/><D32/><U84/><E74/><V7/><F7/><W133/><G133/><T13/><D56/><U8/><E8/><V89/><F131/><W35/><G15/><T44/><D44/><BYE who="0" /><N who="1" m="27719" /><E105/><V54/><F42/><W64/><G5/><T18/><D18/><N who="1" m="12503" /><E104/><V67/><F67/><UN n0="%E9%95%B7%E5%A4%A7%E3%82%92%E5%87%BA%E3%81%9F%E3%81%91%E3%82%8C%E3%81%A9" /><W31/><G64/><T1/><D1/><U55/><E55/><V48/><F48/><W70/><G31/><T16/><D127/><U61/><E63/><V19/><F19/><W65/><G53/><T119/><D121/><U6/><E6/><V0/><F0/><W51/><G51/><T27/><D72/><U73/><E73/><V66/><F66/><W115/><G115/><T132/><D132/><U83/><E83/><N who="2" m="49407" /><F109/><W59/><G116/><T10/><D119/><U76/><AGARI ba="1,0" hai="60,61,76,80,84,100,101,103" m="12503,27719" machi="76" ten="30,2000,0" yaku="8,1,54,1" doraHai="71" who="1" fromWho="1" sc="250,-6,121,23,418,-11,211,-6" /><INIT seed="3,0,0,3,2,134" ten="244,144,407,205" oya="3" hai0="89,94,6,65,75,113,36,108,24,63,82,11,95" hai1="120,106,74,92,133,60,14,67,85,4,117,8,126" hai2="73,12,13,47,49,17,77,98,100,109,97,50,88" hai3="111,135,83,70,10,56,107,104,76,91,96,118,84"/><W45/><G70/><T57/><D108/><U30/><E133/><V41/><F109/><W59/><G135/><T127/><D36/><U103/><E74/><V3/><F3/><W90/><G111/><T51/><D113/><U25/><E117/><V18/><F77/><W119/><G45/><T64/><D75/><U16/><E120/><V128/><F73/><W27/><G10/><T81/><D51/><U29/><E106/><V86/><F50/><W40/><G40/><T55/><D95/><U48/><E48/><V72/><F72/><W37/><G37/><T0/><D24/><U39/><E126/><V31/><F31/><W79/><G27/><T110/><D127/><U68/><E39/><V124/><F128/><W46/><G46/><T62/><D110/><U121/><E121/><V52/><F41/><W112/><G84/><T44/><D44/><U32/><E30/><V130/><F130/><W54/><G54/><T71/><D55/><U129/><E129/><V131/><F124/><W7/><G96/><AGARI ba="0,0" hai="0,6,11,57,62,63,64,65,71,81,82,89,94,96" machi="96" ten="30,1000,0" yaku="7,1" doraHai="134" who="0" fromWho="3" sc="244,10,144,0,407,0,205,-10" /><INIT seed="4,0,0,3,0,15" ten="254,144,407,195" oya="0" hai0="17,68,104,26,14,127,62,36,40,73,10,110,50" hai1="13,31,69,113,94,58,119,114,78,2,19,122,49" hai2="132,124,11,63,96,130,3,77,5,76,67,47,107" hai3="51,23,79,66,106,22,65,56,71,109,80,43,121"/><T103/><D73/><U33/><E119/><V54/><F130/><W90/><G106/><T92/><D104/><U116/><E116/><V84/><F124/><W86/><G71/><T44/><D127/><U46/><E69/><V41/><F132/><W101/><G101/><T134/><D134/><U102/><E2/><V93/><F107/><W91/><G109/><T53/><D110/><U38/><E122/><V98/><F54/><W100/><G100/><T42/><D26/><N who="1" m="18679" /><E78/><V9/><F9/><W87/><G79/><T131/><D131/><U97/><E58/><V82/><F93/><W6/><G6/><T117/><D117/><U105/><E38/><V99/><F77/><W64/><G121/><T108/><D108/><U52/><E13/><V28/><F28/><W118/><G118/><T88/><D103/><U30/><E30/><V133/><F133/><W81/><G56/><T55/><D36/><U123/><E123/><V125/><F125/><W85/><REACH who="3" step="1"/><G86/><REACH who="3" ten="254,144,407,185" step="2"/><N who="0" m="52247" /><D68/><U75/><E75/><V112/><F76/><W74/><G74/><T35/><D35/><U12/><E105/><V128/><F128/><W89/><G89/><T37/><D37/><U4/><E4/><V48/><F5/><W70/><G70/><T60/><D60/><U45/><E46/><AGARI ba="0,1" hai="22,23,43,46,51,64,65,66,80,81,85,87,90,91" machi="46" ten="40,8000,1" yaku="1,1,9,1,8,1,53,2" doraHai="15" doraHaiUra="83" who="3" fromWho="1" sc="254,0,144,-80,407,0,185,90" /><INIT seed="5,0,0,2,1,110" ten="254,64,407,275" oya="1" hai0="22,64,79,29,81,75,87,135,38,92,47,59,28" hai1="42,129,102,86,4,51,17,9,18,46,134,20,107" hai2="82,27,63,8,132,93,104,91,30,36,125,78,7" hai3="54,120,117,123,48,95,96,43,72,40,83,1,94"/><U11/><E134/><V98/><F36/><W35/><G1/><T115/><D135/><U6/><E129/><V84/><F132/><W32/><G72/><T77/><D22/><U71/><E71/><V34/><F125/><W73/><G73/><T76/><D64/><U52/><E107/><V133/><F133/><W105/><G83/><T26/><D59/><U124/><E124/><V14/><F104/><W33/><G105/><T37/><D92/><U58/><E102/><V90/><REACH who="2" step="1"/><F63/><REACH who="2" ten="254,64,397,275" step="2"/><W68/><G120/><T119/><D38/><U50/><E86/><V10/><F10/><W116/><G123/><T62/><D37/><U41/><E20/><V19/><F19/><W23/><G23/><T2/><D62/><U5/><E42/><V130/><F130/><W70/><G35/><T89/><D87/><U57/><E57/><V101/><AGARI ba="0,1" hai="7,8,14,27,30,34,78,82,84,90,91,93,98,101" machi="101" ten="20,2700,0" yaku="1,1,0,1,7,1,53,0" doraHai="110" doraHaiUra="121" who="2" fromWho="2" sc="254,-7,64,-13,397,37,275,-7" /><INIT seed="6,0,0,5,3,107" ten="247,51,434,268" oya="2" hai0="58,78,22,86,93,125,76,49,59,77,124,15,60" hai1="4,101,94,35,39,119,95,51,24,29,62,31,68" hai2="63,105,66,133,13,48,0,103,71,126,52,42,30" hai3="16,90,84,69,46,7,14,12,96,5,41,122,32"/><V87/><F0/><W130/><G69/><T21/><D49/><U17/><E119/><V3/><F3/><W109/><G32/><T114/><D114/><U25/><E39/><V40/><F126/><N who="0" m="48746" /><D15/><U135/><E135/><V81/><F133/><W54/><G130/><T1/><D1/><U118/><E118/><V56/><F30/><W57/><G96/><T45/><D45/><U104/><E4/><V82/><F82/><W9/><G14/><T113/><D113/><U99/><E17/><V11/><F103/><W91/><G91/><N who="0" m="53495" /><D59/><U83/><E83/><V67/><F105/><W112/><G109/><T50/><D50/><U98/><E51/><V89/><F66/><AGARI ba="0,0" hai="21,22,58,60,66,76,77,78" m="53495,48746" machi="66" ten="30,1000,0" yaku="18,1" doraHai="107" who="0" fromWho="2" sc="247,10,51,0,434,-10,268,0" /><INIT seed="7,0,0,4,3,107" ten="257,51,424,268" oya="3" hai0="123,35,97,22,124,13,126,103,25,122,39,55,108" hai1="130,125,18,7,41,9,94,83,115,49,51,56,47" hai2="11,68,109,118,53,91,37,64,65,80,75,48,16" hai3="67,73,117,60,27,31,46,23,89,17,0,104,114"/><W2/><G104/><T70/><D70/><U52/><BYE who="0" /><E115/><V76/><F37/><W40/><G117/><T71/><D71/><U29/><E130/><V81/><F109/><W72/><G89/><T69/><D69/><U129/><E125/><V21/><F68/><W87/><G87/><T58/><D58/><U86/><E129/><V133/><F133/><UN n0="%E9%95%B7%E5%A4%A7%E3%82%92%E5%87%BA%E3%81%9F%E3%81%91%E3%82%8C%E3%81%A9" /><W57/><G114/><T33/><D39/><U5/><E29/><V111/><F11/><W62/><G62/><T90/><D55/><U20/><E9/><V92/><F81/><W32/><G2/><T128/><D90/><U121/><E121/><V102/><F102/><W110/><G0/><T85/><D85/><U61/><E61/><V96/><F111/><W44/><G44/><T59/><D59/><U106/><E106/><V6/><F6/><W3/><G3/><T43/><D43/><U15/><REACH who="1" step="1"/><E83/><REACH who="1" ten="257,41,424,268" step="2"/><V98/><F80/><W10/><G10/><T26/><D128/><U30/><E30/><V119/><F119/><W42/><G110/><T84/><D108/><U116/><E116/><V101/><F118/><W19/><G17/><N who="0" m="10543" /><D123/><U88/><AGARI ba="0,1" hai="5,7,15,18,20,41,47,49,51,52,56,86,88,94" machi="88" ten="30,12000,2" yaku="1,1,0,1,25,2,8,1,54,2,53,0" doraHai="107" doraHaiUra="131" who="1" fromWho="1" sc="257,-30,41,130,424,-30,268,-60" owari="227,2.7,171,-32.9,394,49.4,208,-19.2" /></mjloggm>