<mjloggm ver="2.3"><GO type="169" lobby="0"/><UN n0="%E2%97%8E%E3%82%88%E3%81%97%E2%97%8E" n1="%E5%B0%8F%E5%AE%AE%E3%81%9F%E3%81%9A%E3%81%8D" n2="%4C%61%72%72%6B" n3="%E3%81%BF%E3%81%8B%E3%82%93%EF%BC%A0%E3%82%8F%E3%81%8B%E3%82%81%E3%81%A6" dan="17,16,16,16" rate="2174.67,2095.87,2159.48,2142.74" sx="M,F,M,M"/><TAIKYOKU oya="0"/><INIT seed="0,0,0,5,3,85" ten="250,250,250,250" oya="0" hai0="112,59,100,21,117,83,34,72,119,107,18,113,121" hai1="80,27,130,2,92,133,129,135,91,88,79,122,36" hai2="75,25,13,111,123,58,52,24,40,127,37,28,93" hai3="35,87,108,78,15,55,22,128,103,120,63,102,51"/><T43/><D34/><U31/><E2/><V90/><F123/><W61/><G120/><T60/><D43/><U99/><E122/><V65/><F75/><W69/><G35/><T134/><D121/><U118/><E36/><V77/><F111/><W68/><G108/><T56/><D134/><N who="1" m="51211" /><E27/><V70/><F127/><W0/><G0/><T89/><D100/><N who="1" m="60519" /><E118/><V64/><F77/><W6/><G128/><N who="1" m="49258" /><E31/><V110/><F110/><W71/><G6/><T82/><D107/><U73/><AGARI ba="0,0" hai="73,79,80,88,91" m="49258,60519,51211" machi="73" ten="30,12000,2" yaku="20,1,19,1,34,2,52,2,54,1" doraHai="85" who="1" fromWho="1" sc="250,-60,250,120,250,-30,250,-30" /><INIT seed="1,0,0,4,0,125" ten="190,370,220,220" oya="1" hai0="39,111,9,21,26,118,117,120,16,50,77,30,11" hai1="20,132,119,13,130,96,68,18,45,88,92,78,73" hai2="133,122,31,2,17,100,126,46,10,90,41,124,37" hai3="28,55,25,52,94,89,67,75,1,38,101,76,60"/><U109/><E119/><N who="0" m="45577" /><D39/><U33/><E68/><V99/><F122/><W69/><G1/><T127/><D50/><U22/><E33/><V98/><F133/><W59/><G101/><T40/><D40/><U0/><E132/><V128/><F31/><W48/><G75/><T7/><D77/><U15/><E0/><V82/><F17/><W74/><G74/><T65/><D65/><U64/><E64/><V85/><F128/><W53/><G76/><T70/><D70/><U43/><E130/><V93/><REACH who="2" step="1"/><F99/><REACH who="2" ten="190,370,210,220" step="2"/><W115/><G115/><T61/><D120/><U114/><E114/><V24/><F24/><W66/><G38/><T106/><D127/><U116/><E116/><V113/><F113/><W110/><G110/><T83/><D111/><U105/><E109/><V79/><F79/><W5/><G5/><AGARI ba="0,1" hai="2,5,10,37,41,46,82,85,90,93,98,100,124,126" machi="5" ten="40,1300,0" yaku="1,1,53,0" doraHai="125" doraHaiUra="112" who="2" fromWho="3" sc="190,0,370,0,210,23,220,-13" /><INIT seed="2,0,0,4,3,23" ten="190,370,233,207" oya="2" hai0="15,50,25,96,57,59,24,26,21,5,68,97,58" hai1="14,32,109,121,82,55,8,63,77,75,54,122,112" hai2="56,41,61,131,95,133,87,74,28,43,113,101,60" hai3="36,48,2,100,89,73,135,69,70,125,34,22,119"/><V27/><F113/><W81/><G119/><T30/><D68/><U128/><E112/><V19/><F74/><W6/><G34/><T91/><D30/><U76/><E109/><V1/><F1/><W103/><G36/><T129/><D129/><U118/><E128/><V12/><F131/><W17/><G135/><T45/><D91/><U11/><E118/><V79/><F133/><W31/><G31/><T78/><D78/><U83/><E32/><V71/><F71/><W29/><G29/><T102/><D102/><U66/><E66/><V107/><F107/><W51/><G70/><T114/><D114/><U13/><REACH who="1" step="1"/><E63/><REACH who="1" ten="190,360,233,207" step="2"/><V16/><F61/><W108/><G108/><T88/><D88/><U117/><E117/><V42/><F79/><W18/><G89/><T115/><D115/><U4/><E4/><V37/><F37/><W9/><G100/><T90/><D90/><U106/><E106/><V39/><F39/><W124/><G103/><T46/><D5/><U72/><AGARI ba="0,1" hai="8,11,13,14,54,55,72,75,76,77,82,83,121,122" machi="72" ten="25,12000,2" yaku="1,1,0,1,22,2,53,2" doraHai="23" doraHaiUra="49" who="1" fromWho="1" sc="190,-30,360,130,233,-60,207,-30" /><INIT seed="3,0,0,3,2,2" ten="160,490,173,177" oya="3" hai0="10,89,30,118,122,8,12,135,0,6,26,59,56" hai1="22,93,68,67,117,90,134,105,39,37,99,27,79" hai2="100,51,111,110,16,126,3,82,36,46,4,116,71" hai3="57,41,38,91,97,50,84,129,101,78,60,77,81"/><W74/><G129/><T28/><D122/><U23/><E134/><V96/><F116/><W55/><G38/><T13/><D118/><U94/><E105/><V123/><F71/><W52/><G41/><T21/><D135/><U62/><E117/><V114/><F114/><W58/><REACH who="3" step="1"/><G74/><REACH who="3" ten="160,490,173,167" step="2"/><T44/><D0/><U65/><E39/><V19/><F36/><W54/><G54/><T40/><D30/><U130/><E37/><V131/><F123/><W73/><G73/><T106/><D106/><AGARI ba="0,1" hai="50,52,55,57,58,60,77,78,81,84,91,97,101,106" machi="106" ten="30,5800,0" yaku="1,1,7,1,54,1,53,0" doraHai="2" doraHaiUra="133" who="3" fromWho="0" sc="160,-58,490,0,173,0,167,68" /><INIT seed="3,1,0,4,2,19" ten="102,490,173,235" oya="3" hai0="82,76,99,38,88,63,103,10,107,21,126,57,78" hai1="73,13,100,31,93,9,32,79,71,62,80,104,51" hai2="25,120,36,113,65,72,1,81,27,17,69,94,12" hai3="131,20,15,123,55,86,97,116,6,75,3,102,89"/><W43/><G116/><T134/><D38/><U54/><E104/><V67/><F113/><W18/><G123/><T66/><D126/><U7/><E32/><V109/><F1/><W64/><G131/><T47/><D134/><U35/><E35/><V115/><F115/><W84/><G75/><T41/><D10/><U40/><E31/><V42/><F120/><W91/><G64/><T37/><REACH who="0" step="1"/><D21/><REACH who="0" ten="92,490,173,235" step="2"/><U28/><E9/><V111/><F36/><W117/><G117/><T50/><D50/><U24/><E51/><V132/><F132/><W74/><G3/><T49/><D49/><U53/><E62/><V39/><F39/><W83/><G6/><T110/><D110/><U90/><E7/><V85/><F111/><W58/><G43/><T29/><D29/><U2/><E28/><V45/><F42/><W106/><G74/><T70/><D70/><U34/><E71/><V8/><F69/><W105/><G105/><T46/><D46/><U98/><E73/><V96/><F45/><W119/><G119/><T5/><D5/><U128/><E2/><V22/><F72/><W77/><REACH who="3" step="1"/><G86/><AGARI ba="1,1" hai="37,41,47,57,63,66,76,78,82,86,88,99,103,107" machi="86" ten="40,2600,0" yaku="1,1,54,1,53,0" doraHai="19" doraHaiUra="118" who="0" fromWho="3" sc="92,39,490,0,173,0,235,-29" /><INIT seed="4,0,0,5,4,18" ten="131,490,173,206" oya="0" hai0="5,99,67,42,92,118,30,64,127,106,28,115,111" hai1="26,39,40,37,58,31,76,45,22,27,85,46,17" hai2="101,50,38,15,41,19,13,133,43,71,23,87,135" hai3="113,81,75,104,105,103,120,86,24,34,96,11,124"/><T125/><D118/><U60/><E76/><V117/><F71/><W129/><G113/><T132/><D106/><U114/><E114/><V6/><F117/><W48/><G124/><N who="0" m="47691" /><D115/><U95/><E85/><V3/><F38/><W35/><G129/><T7/><D42/><U107/><E107/><V65/><F65/><N who="0" m="25162" /><D132/><U73/><E73/><V12/><F101/><W36/><G75/><T100/><D111/><U52/><E95/><V55/><F87/><W16/><G104/><T49/><D49/><U82/><E82/><V119/><F119/><W109/><G36/><T122/><D122/><U130/><E130/><V53/><F3/><W102/><G109/><T79/><D79/><U72/><E72/><V98/><F98/><W63/><G48/><T57/><D57/><U44/><REACH who="1" step="1"/><E39/><REACH who="1" ten="131,480,173,206" step="2"/><V108/><F108/><W10/><G105/><T0/><D0/><U116/><E116/><V54/><F135/><W83/><G120/><T91/><D100/><U110/><E110/><V2/><F133/><W62/><G102/><T80/><D80/><U61/><E61/><V74/><F74/><W25/><G103/><T9/><D9/><U78/><E78/><V89/><F2/><W112/><G112/><T66/><D66/><U69/><E69/><V70/><F70/><W33/><G63/><T97/><D97/><U56/><E56/><V59/><F59/><W94/><G62/><T51/><D51/><U126/><E126/><V20/><F50/><W77/><G83/><T90/><D90/><U29/><E29/><AGARI ba="0,1" hai="5,7,28,29,30,91,92,99" m="25162,47691" machi="29" ten="30,1500,0" yaku="18,1" doraHai="18" who="0" fromWho="1" sc="131,25,480,-15,173,0,206,0" /><INIT seed="4,1,0,0,2,125" ten="156,465,173,206" oya="0" hai0="3,16,9,85,36,107,95,120,96,130,38,119,17" hai1="39,122,79,105,94,4,93,53,43,37,97,117,67" hai2="40,92,128,20,81,115,34,33,13,57,25,11,48" hai3="64,50,23,70,58,54,116,7,69,15,133,109,12"/><T131/><D120/><U78/><E105/><V26/><F115/><W30/><G109/><T118/><D107/><U87/><E67/><V73/><F92/><W99/><G116/><N who="0" m="44587" /><D85/><U24/><E117/><V84/><F73/><W112/><G112/><T123/><D3/><U132/><E87/><V5/><F128/><N who="0" m="49194" /><D123/><U68/><E122/><V21/><F34/><W35/><G99/><T126/><D126/><U103/><E97/><V29/><F26/><W121/><G35/><T28/><D28/><U113/><E24/><V1/><F1/><W18/><G30/><T19/><D9/><U134/><E113/><V27/><F27/><W14/><G121/><T49/><D49/><U101/><E37/><V82/><F84/><W74/><G50/><T110/><D110/><U22/><E39/><V114/><F114/><W31/><G31/><T65/><D65/><U62/><E93/><V61/><F33/><W32/><G64/><T127/><D127/><U47/><E94/><V2/><F2/><W102/><G32/><T104/><D104/><U77/><E77/><V83/><F29/><W86/><G86/><T106/><D106/><U91/><E78/><V56/><F25/><W90/><G74/><T76/><D76/><U52/><E79/><V124/><F124/><W60/><G18/><T89/><AGARI ba="1,0" hai="16,17,19,36,38,89,95,96" m="49194,44587" machi="89" ten="40,12000,1" yaku="19,1,52,3,54,1" doraHai="125" who="0" fromWho="0" sc="156,123,465,-41,173,-41,206,-41" /><INIT seed="4,2,0,1,3,36" ten="279,424,132,165" oya="0" hai0="128,72,121,108,7,103,81,106,22,32,120,28,129" hai1="110,0,78,130,51,3,94,35,64,101,83,90,62" hai2="47,52,126,42,30,123,29,9,119,40,10,118,86" hai3="82,44,45,75,8,102,104,93,63,6,4,131,87"/><T69/><D69/><U34/><E101/><V38/><F123/><N who="0" m="47178" /><D7/><U79/><E94/><V107/><F107/><W37/><G131/><N who="0" m="50251" /><D22/><U56/><E130/><V77/><F77/><W31/><G31/><N who="2" m="11785" /><F86/><W66/><G104/><T73/><D108/><U114/><E0/><V71/><F71/><W60/><G60/><T112/><D112/><U117/><E62/><V21/><F21/><W16/><G75/><N who="0" m="28747" /><D81/><U24/><E83/><V84/><F84/><W134/><G87/><T80/><D80/><U76/><E114/><V98/><F98/><W49/><G82/><T135/><D135/><U122/><E110/><V25/><F25/><W89/><G134/><T55/><D55/><U100/><E24/><V1/><F1/><W96/><G37/><T53/><D53/><U17/><E3/><V68/><F68/><W95/><G8/><N who="2" m="3177" /><F38/><W97/><G4/><T26/><D103/><U11/><E100/><V61/><F61/><W41/><G6/><T20/><D20/><U14/><E122/><V92/><F52/><W54/><G54/><T5/><D5/><U57/><E79/><V116/><F47/><N who="3" m="25839" /><G16/><T23/><D23/><U48/><E17/><V43/><F92/><W46/><G63/><T111/><D111/><U67/><E76/><V133/><F133/><W99/><G45/><T33/><D33/><U18/><E34/><V65/><F65/><W124/><G66/><N who="1" m="25130" /><E35/><V85/><F85/><N who="3" m="52399" /><G44/><T15/><D106/><U74/><E78/><V2/><F2/><W50/><G46/><T70/><D70/><U113/><E74/><V115/><F115/><W27/><G102/><RYUUKYOKU ba="2,0" sc="279,15,424,-15,132,15,165,-15" hai0="15,26,28,32" hai2="40,42,43,116,118,119,126" /><INIT seed="4,3,0,0,4,121" ten="294,409,147,150" oya="0" hai0="4,93,96,101,86,116,5,78,95,81,36,130,45" hai1="82,52,15,24,76,122,47,60,11,74,43,80,119" hai2="55,39,87,113,106,62,103,26,50,25,83,57,53" hai3="14,30,104,134,92,105,100,17,108,33,125,22,85"/><T46/><D116/><U32/><E122/><V91/><F39/><W59/><G134/><T64/><D130/><U97/><E119/><V89/><F113/><W9/><G125/><T8/><D36/><U128/><E128/><V41/><F41/><W0/><G108/><T19/><D64/><U27/><E32/><V13/><F106/><W88/><G100/><T102/><D19/><U51/><E82/><V79/><F103/><W21/><G21/><T115/><D115/><U73/><E97/><V123/><F123/><W20/><G20/><T127/><D127/><U129/><E74/><V12/><F12/><W40/><G40/><T99/><REACH who="0" step="1"/><D5/><REACH who="0" ten="284,409,147,150" step="2"/><U61/><E129/><V112/><F112/><W110/><G17/><T135/><D135/><U58/><E61/><V111/><F111/><W28/><G110/><T34/><D34/><U42/><E42/><V109/><F109/><W133/><G33/><T94/><D94/><U68/><E68/><V1/><F1/><AGARI ba="3,1" hai="1,4,8,45,46,78,81,86,93,95,96,99,101,102" machi="1" ten="30,5800,0" yaku="1,1,7,1,9,1,53,0" doraHai="121" doraHaiUra="66" who="0" fromWho="2" sc="284,77,409,0,147,-67,150,0" /><INIT seed="4,4,0,3,2,108" ten="361,409,80,150" oya="0" hai0="119,91,21,32,31,4,101,14,63,79,87,12,40" hai1="81,88,60,41,43,59,115,36,22,106,93,73,112" hai2="111,99,34,67,130,85,17,62,0,51,10,89,50" hai3="44,74,45,131,97,28,46,20,125,30,77,92,25"/><T95/><D119/><U53/><E106/><V37/><F111/><W113/><G125/><T66/><D32/><U83/><E22/><V135/><F37/><W58/><G131/><T48/><D4/><U80/><E73/><V121/><F34/><W18/><G74/><T6/><D6/><U64/><E64/><V9/><F130/><W105/><G105/><T11/><D79/><U110/><E110/><V84/><F121/><W117/><G117/><T96/><D11/><U39/><E39/><V94/><F135/><W13/><G77/><T42/><D48/><U107/><E107/><V116/><F116/><W76/><G76/><T19/><D31/><U54/><E54/><V24/><F0/><W7/><G113/><N who="1" m="43594" /><E36/><V3/><F3/><W132/><G132/><T123/><D123/><U1/><E1/><V100/><F9/><W103/><G58/><T72/><D72/><U49/><E49/><V69/><F50/><W120/><G120/><T86/><D14/><U114/><N who="1" m="43602" /><U104/><DORA hai="29" /><E104/><V5/><F51/><W78/><G46/><T33/><D33/><U109/><E109/><V35/><F35/><W56/><G44/><T122/><D122/><U71/><E71/><V47/><F10/><N who="3" m="4319" /><G45/><T15/><D15/><U129/><E129/><V98/><F47/><W38/><G38/><T126/><D66/><U55/><E55/><V133/><F133/><W27/><G56/><T23/><D23/><U124/><E124/><V75/><F75/><W61/><G20/><T134/><D126/><U2/><E2/><V70/><F70/><W68/><G68/><RYUUKYOKU ba="4,0" sc="361,-10,409,30,80,-10,150,-10" hai1="41,43,53,59,60,80,81,83,88,93" /><INIT seed="5,5,0,4,1,135" ten="351,439,70,140" oya="1" hai0="119,40,89,25,64,98,35,10,65,93,122,29,4" hai1="18,13,91,42,32,43,71,44,39,105,12,110,56" hai2="34,27,30,96,52,109,46,7,2,1,59,99,60" hai3="85,108,31,133,102,123,79,54,128,124,69,68,75"/><U78/><E71/><V127/><F109/><W120/><G108/><T24/><D119/><U101/><E110/><V22/><F127/><W114/><G133/><T49/><D122/><U130/><E32/><V47/><F34/><W113/><G75/><T80/><D25/><U90/><E130/><V21/><F21/><W112/><G128/><T63/><D80/><U117/><E117/><V67/><F7/><W6/><G102/><T5/><D5/><U51/><E13/><V125/><F125/><W94/><G124/><T115/><D115/><U84/><E101/><V48/><F99/><W58/><G31/><T97/><D98/><U74/><E74/><V106/><F106/><W57/><G6/><T83/><D83/><U16/><E18/><V50/><REACH who="2" step="1"/><F96/><REACH who="2" ten="351,439,60,140" step="2"/><W121/><G121/><T131/><D131/><U118/><E105/><V73/><F73/><W104/><G104/><T23/><D35/><U87/><E118/><V116/><F116/><W70/><G123/><T41/><D4/><U61/><E87/><V95/><F95/><W28/><G120/><T126/><D126/><U92/><E92/><V14/><F14/><W36/><G94/><T26/><D26/><U82/><E12/><V33/><F33/><W72/><G72/><T55/><D10/><U38/><E84/><V62/><F62/><W3/><G85/><T8/><D8/><U134/><E61/><V53/><AGARI ba="5,1" hai="1,2,22,27,30,46,47,48,50,52,53,59,60,67" machi="53" ten="20,8000,1" yaku="1,1,0,1,7,1,9,1,54,1,53,0" doraHai="135" doraHaiUra="9" who="2" fromWho="2" sc="351,-25,439,-45,60,105,140,-25" /><INIT seed="6,0,0,4,3,72" ten="326,394,165,115" oya="2" hai0="63,59,71,12,89,75,26,134,21,95,52,51,83" hai1="8,29,23,74,27,13,66,15,73,126,81,33,68" hai2="25,135,100,54,121,30,60,127,133,101,87,108,119" hai3="18,1,65,115,91,14,35,22,69,3,45,46,116"/><V36/><F119/><W9/><G116/><T58/><D134/><N who="2" m="51210" /><F36/><W111/><G111/><T37/><D37/><U123/><E126/><V47/><F121/><W70/><G35/><T62/><D12/><U90/><E123/><V10/><F127/><W44/><G115/><T88/><D71/><U49/><E68/><V11/><F108/><W67/><G70/><T129/><D129/><U106/><E106/><V118/><F118/><W38/><G38/><T28/><D95/><U41/><E66/><V61/><F87/><W107/><G107/><T104/><D104/><U48/><E74/><V102/><F47/><W56/><G69/><T6/><D6/><U117/><E73/><V113/><F113/><W128/><G128/><T16/><D28/><U93/><E81/><V57/><F60/><N who="0" m="23082" /><D75/><U122/><E117/><V86/><F86/><W0/><G56/><N who="0" m="32799" /><D83/><U32/><E122/><V24/><F24/><W40/><G40/><T114/><D114/><U124/><E41/><V96/><F96/><W110/><G110/><T43/><D43/><U20/><E27/><V103/><N who="2" m="25600" /><DORA hai="125" /><V85/><F85/><W130/><G130/><T53/><D58/><U80/><E80/><V112/><F112/><W55/><G91/><T99/><D99/><U39/><E90/><V98/><F98/><W131/><G131/><T76/><D89/><U97/><E124/><V82/><F82/><W34/><G46/><T4/><D88/><U42/><E39/><V5/><F5/><N who="3" m="3375" /><G44/><T92/><D4/><U2/><E97/><V132/><N who="2" m="51218" /><V78/><DORA hai="19" /><F78/><W79/><G79/><RYUUKYOKU ba="0,0" sc="326,-10,394,-10,165,30,115,-10" hai2="10,11,25,30,54,57,61" /><INIT seed="6,1,0,5,1,84" ten="316,384,195,105" oya="2" hai0="51,133,30,103,63,13,66,89,9,131,22,134,39" hai1="86,112,16,121,49,99,3,129,105,70,113,25,32" hai2="123,58,119,93,26,45,94,6,24,37,60,61,47" hai3="15,132,100,109,87,85,77,115,4,83,0,41,20"/><V75/><F119/><W28/><G109/><T128/><D39/><U57/><E70/><V125/><F123/><W23/><G132/><N who="0" m="50795" /><D103/><U19/><E3/><V35/><F125/><W40/><G0/><T102/><D102/><N who="1" m="62687" /><E121/><V80/><F6/><W18/><G100/><T44/><D30/><N who="1" m="19535" /><E129/><N who="0" m="49737" /><D22/><U62/><E86/><V126/><F80/><W55/><G115/><N who="1" m="44106" /><E49/><V59/><F35/><W12/><G55/><AGARI ba="1,0" hai="16,19,55,57,62" m="44106,19535,62687" machi="55" ten="30,2000,0" yaku="15,1,54,1" doraHai="84" who="1" fromWho="3" sc="316,0,384,23,195,0,105,-23" /><INIT seed="7,0,0,0,0,29" ten="316,407,195,82" oya="3" hai0="12,44,86,103,32,57,106,88,0,78,133,52,18" hai1="125,60,39,22,79,49,46,5,33,108,75,23,73" hai2="19,122,28,93,1,83,91,129,109,126,127,26,16" hai3="104,92,130,74,70,36,4,63,77,67,62,111,3"/><W51/><G36/><T58/><D0/><U53/><E33/><V105/><F105/><W6/><G104/><T42/><D133/><U123/><E108/><V64/><F109/><W128/><G111/><T121/><D121/><U7/><E123/><V40/><F122/><W81/><G63/><T98/><D78/><U94/><E39/><V9/><F83/><W112/><G112/><T132/><D132/><U55/><E75/><V24/><F40/><W47/><G92/><T25/><D25/><U66/><E73/><V96/><F64/><W41/><REACH who="3" step="1"/><G3/><REACH who="3" ten="316,407,195,72" step="2"/><T117/><D106/><U89/><E94/><N who="2" m="56415" /><F1/><W2/><G2/><T69/><D69/><U101/><E60/><V45/><F93/><W54/><G54/><T102/><D52/><U116/><E55/><V17/><F126/><W8/><G8/><T56/><D42/><U100/><E125/><V84/><F127/><W90/><G90/><T82/><D88/><U14/><E89/><V35/><F9/><W134/><G134/><T97/><D102/><U124/><E100/><V10/><F10/><W114/><G114/><T21/><D103/><U37/><E101/><V95/><F95/><W72/><G72/><T34/><D97/><U118/><E124/><V85/><F85/><W20/><G20/><T120/><D98/><U80/><E23/><V115/><F84/><W71/><G71/><T27/><D120/><U113/><E113/><V11/><F115/><W31/><G31/><T38/><D38/><U15/><E37/><V43/><F11/><W107/><G107/><T13/><D86/><N who="1" m="48415" /><E53/><V110/><F110/><RYUUKYOKU ba="0,1" sc="316,-10,407,-10,195,-10,72,30" hai3="4,6,41,47,51,62,67,70,74,77,81,128,130" /><INIT seed="7,1,1,5,3,108" ten="306,397,185,102" oya="3" hai0="117,120,23,40,28,6,31,7,1,55,111,127,84" hai1="45,24,69,34,68,62,54,41,35,134,92,119,100" hai2="110,122,57,133,14,83,115,16,56,74,60,53,98" hai3="75,99,65,96,11,81,22,17,73,5,20,61,12"/><W113/><G20/><T79/><D111/><U114/><E100/><V72/><F115/><W67/><G113/><T104/><D104/><U33/><E114/><V10/><F110/><W3/><G65/><T126/><D120/><U29/><E92/><V112/><F112/><W64/><G67/><T132/><D40/><U94/><E94/><V48/><F122/><W66/><G64/><T101/><D101/><U87/><E87/><V90/><F133/><W128/><G128/><T103/><D103/><U19/><E19/><V42/><F42/><W4/><G4/><N who="0" m="1579" /><D79/><U71/><E134/><V82/><F74/><W86/><G75/><T131/><D84/><U50/><E119/><V9/><F72/><W89/><REACH who="3" step="1"/><G73/><REACH who="3" ten="306,397,185,92" step="2"/><T46/><D131/><U25/><E35/><V97/><F9/><W36/><G36/><T38/><D132/><U129/><E129/><V135/><F135/><W63/><G63/><T47/><D38/><U80/><E62/><V93/><F98/><W116/><G116/><T59/><D117/><U32/><E32/><V39/><F39/><W13/><G13/><T77/><D23/><U78/><E33/><V85/><F97/><W121/><G121/><T124/><D1/><U49/><E25/><V70/><F70/><AGARI ba="1,2" hai="3,5,11,12,17,22,61,66,70,81,86,89,96,99" machi="70" ten="30,5800,0" yaku="1,1,7,1,53,1" doraHai="108" doraHaiUra="8" who="3" fromWho="2" sc="306,0,397,0,185,-61,92,81" /><INIT seed="7,2,0,0,3,14" ten="306,397,124,173" oya="3" hai0="13,39,72,132,9,49,33,17,2,74,67,56,68" hai1="43,55,113,47,134,78,129,73,29,92,69,66,83" hai2="111,95,125,88,105,63,116,77,120,123,53,114,118" hai3="94,26,1,10,97,6,93,117,103,61,7,101,62"/><W90/><G117/><N who="2" m="45161" /><F63/><W25/><G7/><T23/><D132/><U27/><E55/><V65/><F65/><W91/><G26/><T112/><D112/><U58/><E58/><V15/><F53/><W131/><G131/><T106/><D39/><U20/><E113/><V82/><F15/><W109/><G109/><T133/><D133/><U22/><E92/><V40/><F40/><W85/><G62/><T121/><D121/><N who="2" m="46666" /><F114/><W31/><REACH who="3" step="1"/><G61/><REACH who="3" ten="306,397,124,163" step="2"/><T98/><D68/><U51/><E129/><V59/><F111/><W48/><G48/><T81/><D67/><U46/><E66/><V34/><F34/><AGARI ba="2,1" hai="1,6,10,25,31,34,85,90,91,93,94,97,101,103" machi="34" ten="30,2900,0" yaku="1,1,7,1,53,0" doraHai="14" doraHaiUra="135" who="3" fromWho="2" sc="306,0,397,0,124,-35,163,45" /><INIT seed="7,3,0,0,1,107" ten="306,397,89,208" oya="3" hai0="106,115,85,67,105,17,83,86,89,118,48,50,102" hai1="57,30,24,122,112,32,129,5,68,101,16,0,74" hai2="117,95,110,78,121,124,87,51,3,96,28,59,22" hai3="61,73,36,26,47,12,46,33,123,25,108,94,6"/><W120/><G108/><T91/><D118/><U109/><E68/><V132/><F3/><W53/><G73/><T70/><D115/><U60/><E109/><V92/><F22/><W54/><G94/><T45/><D50/><U18/><E74/><V62/><F28/><W76/><G76/><T72/><D67/><U134/><E122/><V116/><F51/><W113/><G113/><T8/><D70/><U7/><E129/><V20/><F59/><W127/><G127/><T19/><D72/><U2/><E134/><V14/><F20/><W131/><G131/><T34/><D34/><U37/><E37/><V93/><F14/><W38/><G12/><T15/><D19/><U81/><E81/><V43/><F62/><W10/><G61/><T29/><D29/><U27/><E101/><V82/><F43/><W90/><G90/><T35/><D102/><U111/><E111/><V21/><F21/><W119/><G33/><T23/><D35/><U1/><E112/><V71/><F71/><W98/><G98/><T52/><D23/><U39/><E39/><V75/><F110/><W11/><REACH who="3" step="1"/><G6/><REACH who="3" ten="306,397,89,198" step="2"/><T79/><D79/><U66/><E7/><V104/><F124/><W100/><G100/><T64/><D64/><U135/><E5/><V88/><F121/><W56/><G56/><T9/><D9/><U55/><E66/><V77/><F132/><W97/><G97/><T130/><D130/><U69/><E69/><V40/><F40/><W42/><G42/><T99/><D99/><U58/><E135/><V63/><F63/><W4/><G4/><T80/><AGARI ba="3,1" hai="8,15,17,45,48,52,80,83,85,86,89,91,105,106" machi="80" ten="20,12000,2" yaku="5,1,0,1,7,1,9,1,25,2,54,1" doraHai="107" who="0" fromWho="0" sc="306,139,397,-33,89,-33,198,-63" owari="445,54.5,364,16.4,56,-44.4,135,-26.5" /></mjloggm>