<mjloggm ver="2.3"><GO type="225" lobby="0"/><UN n0="%E5%B0%8F%E9%B3%A5%E9%81%8A%E7%B7%B4%E7%84%A1%32%31%E6%AD%B3" n1="%E3%81%BE%E3%81%A8%E3%81%9F" n2="%E3%82%BC%E3%83%AB%E3%83%80%E3%81%AE%E4%BC%9D%E8%AA%AC" n3="%E3%81%BF%E3%81%BF%E3%81%9A" dan="16,16,17,17" rate="2159.36,2076.00,2147.25,2223.61" sx="F,M,M,M"/><TAIKYOKU oya="0"/><INIT seed="0,0,0,4,5,38" ten="250,250,250,250" oya="0" hai0="55,128,51,30,48,1,117,104,3,102,28,80,134" hai1="57,129,31,19,110,96,108,16,84,2,35,116,39" hai2="59,123,92,11,125,88,53,36,109,40,4,118,99" hai3="5,13,101,37,46,25,52,73,126,113,78,17,133"/><T74/><D117/><U127/><E39/><V64/><F123/><W83/><G113/><T6/><D134/><U94/><E116/><V61/><F118/><W98/><G133/><T70/><D70/><U72/><E72/><V20/><F109/><N who="1" m="42089" /><E2/><V27/><F125/><W103/><G126/><T10/><D48/><U100/><E127/><V120/><F120/><W21/><G5/><T24/><D128/><U85/><E57/><V12/><F36/><W79/><G79/><T131/><D131/><U97/><E97/><V106/><F106/><W23/><G98/><T45/><D30/><U7/><E7/><V66/><REACH who="2" step="1"/><F40/><REACH who="2" ten="250,250,240,250" step="2"/><W75/><G37/><T111/><D111/><U41/><E41/><V69/><F69/><W122/><G122/><T87/><D104/><U62/><E129/><V47/><F47/><W76/><G46/><T54/><D102/><U112/><E112/><V67/><F67/><W107/><G107/><T49/><D74/><U56/><E100/><V86/><F86/><W33/><G103/><T14/><D87/><U34/><E85/><V121/><F121/><W90/><G101/><T115/><D115/><U135/><E84/><V89/><F89/><W119/><G90/><T77/><D80/><U32/><E135/><V132/><F132/><W60/><G119/><T68/><D68/><U26/><E94/><V130/><F130/><W63/><G52/><T65/><D65/><N who="1" m="39111" /><E96/><V95/><F95/><W8/><G75/><T93/><D93/><U43/><E43/><V105/><F105/><W18/><G73/><T124/><D124/><U9/><E9/><RYUUKYOKU ba="0,1" sc="250,-15,250,15,240,15,250,-15" hai1="16,19,26,31,32,34,35" hai2="4,11,12,20,27,53,59,61,64,66,88,92,99" /><INIT seed="1,1,1,0,3,109" ten="235,265,255,235" oya="1" hai0="20,68,16,49,121,45,28,102,135,36,97,132,95" hai1="38,72,92,125,79,43,42,96,8,29,18,11,99" hai2="15,88,75,37,32,133,90,31,104,57,7,123,118" hai3="10,129,77,74,101,23,119,40,112,5,60,87,51"/><U126/><E29/><V4/><F118/><W55/><G112/><T69/><D36/><U22/><E79/><V64/><F123/><W25/><G74/><T116/><D28/><U58/><E72/><V89/><F75/><W14/><G129/><T76/><D76/><U2/><E58/><V48/><F37/><W19/><G119/><T34/><D34/><U61/><E61/><V27/><F104/><W81/><G101/><T30/><D30/><U73/><E73/><V124/><F124/><W71/><G71/><T54/><D116/><U17/><E38/><V113/><F133/><N who="0" m="51274" /><D121/><U50/><E50/><V98/><F113/><W115/><G115/><T63/><D63/><U65/><E22/><V24/><F98/><W70/><G70/><T83/><D83/><U105/><E92/><V44/><F15/><AGARI ba="1,1" hai="15,16,20,45,49,54,68,69,95,97,102" m="51274" machi="15" ten="30,2000,0" yaku="20,1,54,1" doraHai="109" who="0" fromWho="2" sc="235,33,265,0,255,-23,235,0" /><INIT seed="2,0,0,5,0,81" ten="268,265,232,235" oya="2" hai0="23,66,130,6,49,100,41,22,42,105,102,57,92" hai1="47,87,11,93,33,20,60,58,133,117,71,19,30" hai2="3,45,5,24,72,119,83,40,67,48,74,53,126" hai3="110,62,109,61,88,123,63,13,52,39,43,134,118"/><V91/><F119/><W113/><G118/><T124/><D105/><U54/><E117/><V94/><F126/><W103/><G123/><T128/><D6/><U135/><E71/><V35/><F67/><W29/><G103/><N who="0" m="39467" /><D66/><U21/><E33/><V114/><F114/><W106/><G106/><T131/><D92/><U25/><E11/><V122/><F122/><W101/><G101/><T10/><D10/><U79/><E47/><V108/><F83/><W73/><G73/><T9/><D9/><U89/><REACH who="1" step="1"/><E79/><REACH who="1" ten="268,255,232,235" step="2"/><V97/><F108/><N who="3" m="41579" /><G113/><T132/><D124/><U38/><E38/><V0/><F5/><W104/><G104/><T99/><D128/><U17/><E17/><V112/><F112/><W18/><G29/><T84/><D130/><U32/><E32/><V68/><F68/><W8/><G39/><T82/><D131/><U14/><AGARI ba="0,1" hai="14,19,20,21,25,30,54,58,60,87,89,93,133,135" machi="14" ten="30,4000,0" yaku="1,1,0,1,52,1,53,0" doraHai="81" doraHaiUra="98" who="1" fromWho="1" sc="268,-10,255,50,232,-20,235,-10" /><INIT seed="3,0,0,2,0,132" ten="258,305,212,225" oya="3" hai0="127,121,62,4,100,111,105,39,67,99,47,89,76" hai1="36,110,78,113,77,33,93,15,57,22,102,91,20" hai2="38,117,61,71,51,10,75,11,115,126,84,103,56" hai3="131,41,87,116,72,88,16,19,58,96,5,21,125"/><W118/><G72/><T82/><D121/><U74/><E33/><V42/><F75/><W29/><G5/><T50/><D111/><U120/><E120/><V81/><F115/><W34/><G41/><T95/><D39/><U66/><E36/><V106/><F117/><W32/><G96/><T17/><D17/><N who="3" m="6729" /><G58/><T123/><D4/><U55/><E57/><V14/><F106/><W135/><G21/><T46/><D127/><U130/><E22/><V54/><F103/><W31/><G135/><T92/><D123/><U7/><E20/><V2/><F2/><W12/><G12/><T107/><D95/><U108/><E15/><V35/><F35/><N who="3" m="13355" /><G87/><T25/><D107/><U98/><E74/><V63/><F126/><W129/><G88/><T79/><D105/><U86/><E91/><N who="2" m="51599" /><F14/><W128/><G125/><T40/><D46/><U80/><E110/><V73/><F73/><W114/><G114/><T18/><D89/><U68/><E113/><V133/><F133/><W8/><G8/><N who="2" m="3113" /><F71/><W37/><G37/><T60/><D100/><U69/><E102/><V59/><F59/><W109/><G109/><T124/><D124/><U64/><E108/><V53/><F53/><W97/><G97/><T52/><D99/><U85/><E55/><V27/><F27/><W101/><G101/><T44/><D25/><U3/><E69/><V1/><F1/><W45/><G45/><T48/><D44/><U119/><E68/><V9/><F9/><W134/><G134/><T83/><D47/><U90/><E3/><V13/><F13/><W65/><G65/><T112/><D67/><RYUUKYOKU ba="0,0" sc="258,-15,305,-15,212,15,225,15" hai2="38,42,51,54,56,61,63" hai3="29,31,116,118,128,129,131" /><INIT seed="3,1,0,5,4,63" ten="243,290,227,240" oya="3" hai0="65,72,25,71,19,10,99,17,95,16,69,67,75" hai1="32,40,121,78,122,100,58,55,89,80,86,41,46" hai2="96,102,84,117,68,36,130,6,11,44,79,54,74" hai3="135,38,60,49,5,33,26,52,22,77,62,85,132"/><W88/><G38/><T134/><D134/><N who="3" m="51241" /><G77/><T107/><D107/><U91/><E32/><V48/><F117/><W0/><G33/><T2/><D71/><U93/><E100/><V66/><F130/><W109/><G5/><T8/><D69/><U98/><E91/><V47/><F84/><W56/><G0/><T4/><D10/><U15/><E15/><V57/><F36/><W120/><G109/><T18/><N who="0" m="4096" /><DORA hai="97" /><T111/><D111/><U53/><E53/><V114/><F114/><W21/><G120/><T92/><D92/><U34/><E34/><V104/><F79/><W73/><G73/><T110/><D25/><U116/><E116/><V43/><F43/><W64/><G26/><T37/><D37/><U14/><E14/><V35/><F74/><W106/><G106/><T90/><D110/><U128/><E41/><V20/><F20/><N who="3" m="7787" /><G64/><T31/><D31/><U27/><E27/><V101/><F35/><W129/><G129/><T115/><D115/><U108/><E128/><V23/><F23/><W123/><G123/><T118/><D118/><U103/><E108/><V105/><F105/><W59/><G56/><T12/><D2/><U81/><E121/><V24/><F24/><W7/><G7/><T45/><D45/><U83/><E122/><V127/><F47/><W70/><G70/><T113/><D113/><U3/><E3/><N who="2" m="479" /><F68/><W13/><G13/><T82/><D75/><U126/><E46/><V76/><F76/><W9/><G9/><T94/><D94/><AGARI ba="1,0" hai="49,52,59,60,62,85,88,94" m="7787,51241" machi="94" ten="30,5800,0" yaku="20,1,54,2" doraHai="63,97" who="3" fromWho="0" sc="243,-61,290,0,227,0,240,61" owari="182,-31.8,290,9.0,227,-17.3,301,40.1" /></mjloggm>