<mjloggm ver="2.3"><GO type="169" lobby="0"/><UN n0="%E6%8E%A2%39" n1="%63%2E%63%2D%76%2E%76" n2="%E8%8F%85%E7%94%B0%E5%B0%86%E6%9A%89%28%E5%81%BD%E7%89%A9%29" n3="%72%65%6E%6A%69%38%33" dan="17,17,16,17" rate="2204.26,2220.13,2195.58,2222.89" sx="M,F,M,M"/><TAIKYOKU oya="0"/><INIT seed="0,0,0,5,4,135" ten="250,250,250,250" oya="0" hai0="41,127,104,1,80,103,2,129,94,48,95,79,20" hai1="42,78,105,28,27,76,24,38,57,121,46,128,13" hai2="81,64,83,4,3,34,7,115,33,133,0,68,51" hai3="108,26,5,58,113,56,18,100,49,111,126,29,125"/><T60/><D104/><U106/><E121/><V54/><F133/><W120/><G113/><T134/><D134/><U112/><E128/><V124/><F115/><W52/><G120/><T132/><D132/><U96/><E112/><V35/><F64/><W98/><G5/><T70/><D129/><U63/><E13/><V30/><F68/><W17/><G58/><T99/><D95/><U32/><E27/><V131/><F131/><W87/><G87/><T15/><D127/><N who="3" m="48649" /><G18/><T37/><D37/><U62/><E62/><V107/><F107/><N who="3" m="63895" /><G17/><T88/><D70/><U61/><E57/><V50/><F124/><W123/><G123/><T116/><D1/><U119/><E78/><V69/><F69/><W122/><G122/><T109/><D79/><U55/><E76/><V8/><F30/><W86/><G86/><T10/><D2/><U53/><E28/><V22/><F7/><W75/><G75/><T6/><D6/><U47/><E47/><V93/><F3/><W9/><G9/><T31/><D10/><U40/><E46/><V44/><F8/><W90/><G90/><T16/><D31/><U89/><E89/><V74/><F74/><W110/><G108/><T118/><D109/><U39/><E96/><V25/><F4/><W65/><G65/><T11/><D11/><U19/><E19/><V117/><F0/><W85/><G85/><N who="0" m="50215" /><D60/><U77/><E77/><V14/><F14/><W43/><G43/><T97/><D99/><U67/><E67/><V102/><F102/><W72/><G72/><T92/><D92/><U12/><E63/><V101/><F93/><RYUUKYOKU ba="0,0" sc="250,15,250,-15,250,-15,250,15" hai0="15,16,20,41,48,94,97,103,116,118" hai3="26,29,49,52,56,110,111" /><INIT seed="0,1,0,0,0,105" ten="265,235,235,265" oya="0" hai0="7,127,26,73,102,79,4,68,98,48,78,52,96" hai1="117,67,25,20,37,39,135,116,19,118,14,97,13" hai2="109,101,129,21,88,10,53,133,69,33,122,46,90" hai3="17,24,130,100,58,112,66,111,87,18,29,41,15"/><T44/><D127/><U81/><E135/><V51/><F122/><W85/><G112/><T31/><D68/><U119/><E67/><V115/><F115/><W125/><G125/><T124/><D124/><U59/><E59/><V89/><F33/><W23/><G111/><T57/><D98/><U2/><E2/><V40/><F109/><W64/><G130/><T72/><D44/><U106/><N who="1" m="29696" /><DORA hai="76" /><U63/><E63/><V5/><F129/><W108/><G108/><T95/><D79/><U80/><E14/><V30/><F133/><W54/><G41/><T134/><D134/><U131/><E131/><V74/><F101/><W49/><G100/><T1/><D78/><U103/><REACH who="1" step="1"/><E13/><REACH who="1" ten="265,225,235,265" step="2"/><V91/><F69/><W128/><G128/><T83/><D1/><U61/><E61/><V60/><F60/><W8/><REACH who="3" step="1"/><G18/><REACH who="3" ten="265,225,235,255" step="2"/><T28/><D31/><U114/><E114/><V32/><F30/><W42/><G42/><T22/><REACH who="0" step="1"/><D83/><AGARI ba="1,2" hai="19,20,25,37,39,80,81,83,97,103,106" m="29696" machi="83" ten="70,12000,2" yaku="1,1,52,3,53,2" doraHai="105,76" doraHaiUra="36,70" who="1" fromWho="0" sc="265,-123,225,143,235,0,255,0" /><INIT seed="1,0,0,3,1,18" ten="142,368,235,255" oya="1" hai0="36,1,32,21,133,39,30,38,69,127,68,7,98" hai1="4,33,9,26,67,64,81,89,11,17,134,123,24" hai2="48,117,135,61,130,88,119,25,71,95,97,10,44" hai3="20,46,57,49,6,66,102,58,70,5,14,65,87"/><U42/><E123/><V23/><F130/><W104/><G70/><N who="0" m="27243" /><D21/><U78/><E134/><V90/><F135/><W96/><G87/><T29/><D98/><U94/><E42/><V82/><F10/><W131/><G131/><T40/><D29/><U13/><E33/><V76/><F90/><W52/><G104/><T47/><D127/><U86/><E26/><V51/><F61/><N who="3" m="38063" /><G102/><T41/><D41/><U22/><REACH who="1" step="1"/><E9/><REACH who="1" ten="142,358,235,255" step="2"/><V112/><F112/><W63/><G96/><AGARI ba="0,1" hai="4,11,13,17,22,24,64,67,78,81,86,89,94,96" machi="96" ten="30,18000,2" yaku="1,1,2,1,7,1,8,1,52,1,53,1" doraHai="18" doraHaiUra="8" who="1" fromWho="3" sc="142,0,358,190,235,0,255,-180" /><INIT seed="1,1,0,5,2,57" ten="142,548,235,75" oya="1" hai0="0,30,35,70,37,127,118,132,104,20,110,23,65" hai1="31,122,123,69,116,100,114,58,26,28,60,4,90" hai2="16,78,38,112,134,52,53,18,41,40,7,14,48" hai3="36,34,9,87,33,108,29,6,82,79,42,59,113"/><U22/><E114/><V106/><F106/><W91/><G108/><T98/><RYUUKYOKU type="yao9" ba="1,0" sc="142,0,548,0,235,0,75,0" hai0="0,20,23,30,35,37,65,70,98,104,110,118,127,132" /><INIT seed="1,2,0,5,5,36" ten="142,548,235,75" oya="1" hai0="132,50,26,32,81,44,64,99,135,82,105,127,38" hai1="90,117,16,41,85,18,1,73,58,94,11,133,71" hai2="23,59,129,3,57,45,33,116,109,110,40,91,31" hai3="134,108,28,118,96,72,20,83,103,14,121,130,104"/><U52/><E117/><V53/><F116/><W47/><G118/><T51/><D127/><U5/><E71/><V62/><F3/><W115/><G121/><T79/><D64/><U21/><E73/><V37/><F129/><W35/><G115/><T101/><D38/><U128/><E133/><N who="0" m="51273" /><D51/><U97/><E128/><V25/><F91/><W46/><G134/><T12/><D12/><U2/><E2/><V95/><F95/><W120/><G120/><T19/><D79/><U111/><E111/><V17/><REACH who="2" step="1"/><F57/><REACH who="2" ten="142,548,225,75" step="2"/><W125/><G130/><T119/><D119/><U27/><E97/><V124/><F124/><W107/><G125/><T0/><D0/><U29/><REACH who="1" step="1"/><E41/><REACH who="1" ten="142,538,225,75" step="2"/><V56/><F56/><W113/><G108/><T49/><D99/><U92/><E92/><V43/><F43/><W7/><G96/><T9/><D105/><U131/><E131/><V39/><F39/><W22/><G107/><T88/><D101/><U89/><E89/><V70/><F70/><W123/><G103/><T93/><D88/><U15/><E15/><AGARI ba="2,2" hai="15,17,23,25,31,33,37,40,45,53,59,62,109,110" machi="15" ten="40,8000,1" yaku="1,1,52,1,53,2" doraHai="36" doraHaiUra="122" who="2" fromWho="1" sc="142,0,538,-86,225,106,75,0" /><INIT seed="2,0,0,3,4,69" ten="142,452,331,75" oya="2" hai0="6,55,52,104,114,9,40,93,8,44,63,58,108" hai1="103,86,98,2,14,46,15,90,125,68,75,70,20" hai2="39,105,115,110,95,37,87,130,112,119,94,11,118" hai3="33,60,30,74,134,128,34,29,88,5,101,85,64"/><V106/><F11/><W129/><G74/><T42/><D104/><U72/><E2/><V10/><F10/><N who="0" m="4202" /><D114/><U35/><E35/><N who="3" m="13322" /><G101/><T61/><D108/><U25/><E125/><V111/><REACH who="2" step="1"/><F87/><REACH who="2" ten="142,452,321,75" step="2"/><W21/><G5/><T78/><D6/><U28/><E86/><V123/><F123/><W120/><G120/><T127/><D127/><U31/><E75/><V82/><F82/><N who="3" m="49207" /><G21/><T133/><D133/><U50/><E72/><V13/><F13/><W73/><G134/><T80/><D80/><U38/><E15/><V26/><F26/><W53/><G73/><T92/><D78/><U96/><E14/><V124/><F124/><W59/><G64/><T23/><D23/><U3/><E20/><V62/><F62/><W56/><G56/><N who="0" m="34951" /><D44/><U51/><E46/><V71/><F71/><W7/><G7/><T49/><D63/><U0/><E68/><V19/><F19/><W24/><G24/><T100/><D100/><U57/><E70/><V41/><F41/><AGARI ba="0,1" hai="40,41,42,49,55,58,92,93" m="34951,4202" machi="41" ten="30,2000,0" yaku="8,1,54,1" doraHai="69" who="0" fromWho="2" sc="142,30,452,0,321,-20,75,0" /><INIT seed="3,0,0,2,5,48" ten="172,452,301,75" oya="3" hai0="30,120,88,113,130,41,66,43,112,55,50,29,45" hai1="123,82,128,108,80,8,16,57,61,47,76,32,127" hai2="37,122,13,110,20,134,49,111,81,106,39,46,72" hai3="69,15,116,135,6,64,74,115,54,75,65,121,14"/><W119/><G121/><T51/><D120/><U103/><E108/><N who="2" m="41515" /><F106/><W68/><G6/><T56/><D130/><U26/><E128/><V126/><F122/><W83/><G83/><T3/><D3/><U84/><E123/><V23/><F126/><W89/><G89/><T17/><D17/><U38/><E127/><V2/><F2/><W10/><G10/><T97/><D66/><U77/><E103/><V5/><F134/><W52/><REACH who="3" step="1"/><G135/><REACH who="3" ten="172,452,301,65" step="2"/><T42/><D113/><AGARI ba="0,1" hai="14,15,52,54,64,65,68,69,74,75,113,115,116,119" machi="113" ten="25,18000,2" yaku="1,1,2,1,22,2,52,2,54,1,53,0" doraHai="48" doraHaiUra="24" who="3" fromWho="0" sc="172,-180,452,0,301,0,65,190" owari="-8,-50.8,452,55.2,301,10.1,255,-14.5" /></mjloggm>