<mjloggm ver="2.3"><GO type="169" lobby="0"/><UN n0="%E9%BB%92%E6%B2%A2%E7%BE%A9%E6%98%8E" n1="%E4%B9%9D%E7%B4%8B%E9%BE%8D%E5%8F%B2%E9%80%B2" n2="%E3%82%82%E3%82%8D%E3%81%BF%E3%83%BC" n3="%53%69%6C%76%65%72%44%46" dan="17,19,17,17" rate="2205.13,2284.57,2141.54,2222.75" sx="M,M,M,M"/><TAIKYOKU oya="0"/><INIT seed="0,0,0,1,5,10" ten="250,250,250,250" oya="0" hai0="81,75,25,116,106,117,20,33,78,82,23,76,101" hai1="126,6,122,5,130,94,90,37,124,43,87,54,50" hai2="109,29,134,45,67,74,30,13,70,4,61,1,91" hai3="73,15,86,28,114,35,88,62,36,69,34,18,38"/><T52/><D33/><U56/><E122/><V93/><F74/><W97/><G114/><T44/><D101/><U110/><E110/><V83/><F83/><W7/><G73/><T129/><D106/><U47/><REACH who="1" step="1"/><E130/><REACH who="1" ten="250,240,250,250" step="2"/><V77/><F109/><W65/><G7/><AGARI ba="0,1" hai="5,6,7,37,43,47,50,54,56,87,90,94,124,126" machi="7" ten="40,2600,0" yaku="1,1,2,1,53,0" doraHai="10" doraHaiUra="102" who="1" fromWho="3" sc="250,0,240,36,250,0,250,-26" /><INIT seed="1,0,0,2,2,18" ten="250,276,250,224" oya="1" hai0="19,83,113,92,47,132,63,71,110,26,82,0,127" hai1="68,17,109,23,28,7,53,72,80,57,31,102,87" hai2="90,89,41,95,8,49,42,125,27,115,40,30,114" hai3="106,123,69,20,103,1,24,51,39,94,59,108,78"/><U58/><E68/><V64/><F125/><W134/><G123/><T22/><D113/><N who="2" m="43018" /><F64/><W44/><G69/><T67/><D127/><U107/><E72/><V111/><F111/><W118/><G1/><T77/><D110/><U61/><E109/><V2/><F49/><W126/><G126/><T85/><D132/><U37/><E37/><V70/><F70/><W54/><G108/><T93/><D0/><U32/><E32/><N who="2" m="20575" /><F95/><W128/><G128/><T6/><D6/><AGARI ba="0,0" hai="2,6,8,40,41,42,89,90" m="20575,43018" machi="6" ten="30,1000,0" yaku="11,1" doraHai="18" who="2" fromWho="0" sc="250,-10,276,0,250,10,224,0" /><INIT seed="2,0,0,5,0,81" ten="240,276,260,224" oya="2" hai0="41,38,23,47,75,52,115,120,135,36,113,65,124" hai1="62,108,133,103,14,40,69,95,109,1,118,66,107" hai2="77,4,74,110,94,88,89,21,64,83,105,7,35" hai3="17,58,31,92,11,91,43,25,82,15,32,27,45"/><V112/><F35/><W60/><G82/><T70/><D75/><U96/><E118/><V24/><F112/><W10/><G10/><T122/><D23/><U46/><E1/><V86/><F110/><N who="1" m="42601" /><E14/><V104/><F64/><W2/><G2/><T48/><D124/><U61/><E61/><V125/><F125/><W90/><G27/><T16/><D16/><U73/><E73/><V97/><F89/><W59/><G60/><N who="0" m="40231" /><D135/><U127/><E127/><V87/><F74/><W134/><G134/><T100/><D100/><U116/><E116/><V98/><F104/><W8/><G8/><T20/><D20/><U34/><E34/><V57/><F57/><W68/><G91/><T126/><D126/><U37/><E133/><V44/><F44/><W22/><G68/><T53/><D53/><U67/><E67/><V26/><F105/><AGARI ba="0,0" hai="37,40,46,62,66,69,95,96,103,105,107" m="42601" machi="105" ten="30,1000,0" yaku="14,1" doraHai="81" who="1" fromWho="2" sc="240,0,276,10,260,-10,224,0" /><INIT seed="3,0,0,2,5,117" ten="240,286,250,224" oya="3" hai0="71,28,56,4,97,30,0,116,133,55,59,98,84" hai1="108,134,124,123,102,43,89,18,92,61,111,109,3" hai2="24,122,104,13,86,41,127,25,35,93,65,118,22" hai3="62,60,12,27,17,78,26,131,48,114,64,2,82"/><W135/><G114/><T77/><D71/><U50/><E3/><V68/><F104/><W21/><G2/><T57/><D116/><U46/><E134/><V15/><F118/><W51/><G131/><T81/><D133/><U32/><E32/><V132/><F132/><W110/><G135/><T106/><D106/><U34/><E34/><V101/><F127/><W121/><G110/><T37/><D37/><U44/><E124/><V72/><F72/><W128/><G128/><T19/><D0/><U76/><E76/><V105/><F41/><W96/><G96/><N who="0" m="36971" /><D4/><U6/><E6/><V47/><F47/><W29/><G27/><T70/><D70/><U85/><E102/><V115/><F24/><W10/><G121/><T90/><D19/><U23/><E61/><V91/><F115/><W67/><G62/><N who="0" m="36127" /><D77/><U42/><E123/><V87/><F68/><W31/><G31/><AGARI ba="0,0" hai="28,30,31,57,59,81,84,90" m="36127,36971" machi="31" ten="30,1000,0" yaku="8,1" doraHai="117" who="0" fromWho="3" sc="240,10,286,0,250,0,224,-10" /><INIT seed="4,0,0,5,0,32" ten="250,286,250,214" oya="0" hai0="116,37,63,28,108,27,120,12,35,69,6,41,4" hai1="31,99,119,70,55,97,57,113,40,106,130,59,96" hai2="46,11,38,20,42,125,26,127,94,47,21,105,90" hai3="39,56,77,43,2,98,88,134,86,34,133,61,13"/><T17/><D116/><U10/><E70/><V75/><F105/><W85/><G34/><T89/><D120/><U131/><E119/><V33/><F75/><W112/><G112/><T60/><D108/><U25/><E113/><V117/><F117/><W44/><G2/><T74/><D74/><U124/><E124/><N who="2" m="47691" /><F46/><W67/><G13/><T18/><D18/><U92/><E40/><V62/><F62/><W114/><G114/><T104/><D89/><U0/><E106/><V87/><F11/><W48/><G39/><T110/><D110/><U54/><E92/><V95/><F95/><N who="3" m="56679" /><G77/><T8/><D104/><U103/><E103/><V80/><F94/><W19/><G19/><T58/><D69/><U123/><E123/><V109/><F109/><W7/><G7/><T5/><REACH who="0" step="1"/><D58/><REACH who="0" ten="240,286,250,214" step="2"/><U64/><E59/><V50/><F90/><W84/><G134/><T3/><D3/><U132/><E132/><V45/><F87/><W22/><G133/><T82/><D82/><U51/><E0/><V29/><F80/><W126/><G126/><T52/><D52/><AGARI ba="0,1" hai="20,21,26,29,33,38,42,45,47,50,52" m="47691" machi="52" ten="30,2000,0" yaku="18,1,54,1" doraHai="32" who="2" fromWho="0" sc="240,-20,286,0,250,30,214,0" /><INIT seed="5,0,0,0,4,100" ten="220,286,280,214" oya="1" hai0="30,120,108,125,115,105,21,80,67,132,75,112,89" hai1="81,62,94,113,90,46,109,85,50,52,10,48,18" hai2="129,98,84,0,40,79,35,34,17,92,15,49,93" hai3="88,9,20,116,7,19,38,106,58,99,123,126,70"/><U33/><E113/><N who="0" m="43593" /><D67/><U104/><E109/><V76/><F0/><W27/><G70/><T56/><D56/><U103/><E33/><V59/><F129/><W119/><G123/><T65/><D65/><U131/><E131/><V121/><F34/><W51/><G38/><T124/><D21/><U43/><E62/><V82/><F35/><W107/><G126/><N who="0" m="48747" /><D30/><U28/><E28/><V71/><F121/><W111/><G111/><T60/><D60/><U26/><E104/><V68/><F79/><W61/><G51/><T54/><D54/><U1/><E1/><V41/><F92/><N who="3" m="56711" /><G9/><T64/><D64/><U127/><E127/><V83/><F83/><W101/><G7/><T53/><D53/><U14/><E26/><V73/><F73/><W96/><G107/><T23/><D23/><U55/><E50/><V57/><F68/><W24/><G24/><T122/><D108/><U97/><AGARI ba="0,0" hai="10,14,18,43,46,48,52,55,81,85,90,94,97,103" machi="97" ten="30,6000,0" yaku="0,1,8,1,54,1" doraHai="100" who="1" fromWho="1" sc="220,-20,286,60,280,-20,214,-20" /><INIT seed="5,1,0,4,1,25" ten="200,346,260,194" oya="1" hai0="51,23,98,84,119,118,56,8,53,105,134,48,31" hai1="45,99,70,109,100,71,114,20,117,129,123,15,74" hai2="96,76,87,63,125,82,77,66,34,112,135,94,67" hai3="49,83,27,38,5,9,55,13,60,69,42,41,7"/><U46/><E117/><V102/><F125/><W85/><G38/><T19/><D134/><U116/><E116/><V43/><F135/><W81/><G5/><T90/><D8/><U91/><E74/><V58/><F34/><W115/><G115/><T39/><D39/><U108/><E123/><V3/><F3/><W0/><G0/><T127/><D127/><U54/><E91/><V10/><F112/><W26/><G83/><T130/><D130/><U78/><E78/><V122/><F122/><W24/><G60/><T106/><D106/><U18/><E129/><V36/><F10/><W97/><G97/><T33/><D48/><N who="1" m="28943" /><E46/><V86/><F43/><W103/><G103/><T6/><D6/><U35/><E35/><V40/><F40/><W113/><G69/><T79/><D79/><U59/><E59/><V62/><F36/><W16/><G7/><T132/><D132/><U22/><E20/><V61/><F58/><N who="3" m="33135" /><G113/><T17/><D33/><U75/><E75/><V44/><F44/><W121/><G121/><T65/><D119/><U126/><E126/><V37/><F37/><W11/><G11/><T29/><D118/><U128/><E128/><V12/><F77/><AGARI ba="1,0" hai="9,13,16,24,26,27,41,42,77,81,85" m="33135" machi="77" ten="30,2000,0" yaku="8,1,54,1" doraHai="25" who="3" fromWho="2" sc="200,0,346,0,260,-23,194,23" /><INIT seed="6,0,0,0,5,51" ten="200,346,237,217" oya="2" hai0="96,52,30,118,31,109,127,104,91,111,92,89,102" hai1="69,15,125,37,101,108,23,12,114,107,98,50,36" hai2="28,115,9,7,38,80,116,24,2,85,53,6,113" hai3="17,56,76,25,117,10,75,40,63,48,29,110,99"/><V46/><F116/><W122/><G117/><T73/><D118/><U130/><E108/><V112/><F7/><W34/><G122/><T103/><D73/><U72/><E69/><V57/><F46/><W42/><G110/><T74/><D74/><U132/><E72/><V68/><F38/><W3/><G48/><T14/><D127/><U22/><E125/><V81/><F68/><W39/><G39/><T35/><D35/><U94/><E114/><V27/><F28/><W43/><G99/><T20/><D104/><U129/><E132/><V95/><F95/><W82/><G17/><N who="0" m="10295" /><D111/><U16/><E107/><V131/><F131/><N who="1" m="50185" /><E50/><N who="2" m="30903" /><F80/><W0/><REACH who="3" step="1"/><G10/><REACH who="3" ten="200,346,237,207" step="2"/><T44/><D109/><U79/><E37/><V1/><F1/><W77/><G77/><AGARI ba="0,1" hai="2,6,9,24,27,77,81,85,112,113,115" m="30903" machi="77" ten="30,2900,0" yaku="15,1,52,1" doraHai="51" who="2" fromWho="3" sc="200,0,346,0,237,39,207,-29" /><INIT seed="6,1,0,3,5,45" ten="200,346,276,178" oya="2" hai0="82,5,116,98,67,88,50,115,111,85,77,35,103" hai1="131,2,16,87,48,33,23,42,107,26,110,57,27" hai2="21,38,3,97,101,24,13,63,59,55,40,68,39" hai3="84,32,44,54,49,89,19,79,53,46,70,4,127"/><V12/><F3/><W72/><G70/><T113/><D35/><U71/><E110/><V10/><F68/><W104/><G32/><T0/><D111/><U36/><E71/><V25/><F25/><W73/><G104/><T106/><D67/><U125/><E107/><V34/><F34/><W114/><G127/><T78/><D5/><U22/><E2/><V61/><F61/><W120/><G120/><T56/><D0/><U14/><E131/><V86/><F86/><W92/><G114/><N who="0" m="43531" /><D116/><U112/><E125/><V81/><F81/><W62/><G4/><T96/><D96/><U126/><E126/><V52/><F55/><AGARI ba="1,0" hai="50,55,56,77,78,82,85,88,98,103,106" m="43531" machi="55" ten="30,3900,0" yaku="15,1,52,1,54,1" doraHai="45" who="0" fromWho="2" sc="200,42,346,0,276,-42,178,0" /><INIT seed="7,0,0,4,5,31" ten="242,346,234,178" oya="3" hai0="66,101,86,25,127,76,6,29,119,88,18,70,116" hai1="128,67,121,27,44,12,24,59,110,58,122,17,92" hai2="112,46,64,80,75,68,30,34,107,94,72,99,49" hai3="41,7,22,39,100,111,26,5,43,79,47,23,120"/><W57/><G120/><T51/><D76/><U89/><E110/><V8/><F80/><W95/><G111/><T38/><D38/><U21/><E128/><V1/><F94/><W35/><G79/><T105/><D6/><U134/><E134/><V97/><F97/><W84/><G43/><T108/><D18/><U109/><E109/><V114/><F8/><W40/><G40/><T90/><D51/><U65/><E44/><V63/><F1/><W61/><G23/><T82/><D90/><U135/><E135/><V28/><F28/><W73/><G73/><N who="2" m="28233" /><F49/><W33/><G7/><T133/><D133/><U0/><E0/><V91/><F91/><W71/><G71/><T62/><D127/><U14/><E122/><V87/><F87/><W48/><G5/><T85/><D85/><U132/><E121/><V98/><F46/><W103/><G48/><T113/><D113/><N who="2" m="43626" /><F107/><W118/><G118/><T130/><D130/><U83/><E83/><V16/><F16/><W129/><G129/><T2/><D2/><U106/><E106/><V4/><F4/><W93/><G93/><T126/><D126/><U69/><E17/><V42/><F42/><W124/><G124/><T102/><D108/><U104/><E104/><V19/><F19/><N who="3" m="12639" /><G84/><T37/><D37/><U74/><E21/><V15/><F15/><W32/><G95/><T125/><D125/><U131/><E92/><V53/><F53/><N who="3" m="33967" /><G103/><N who="0" m="39435" /><D105/><U9/><E131/><V20/><F20/><W78/><G100/><T55/><D55/><U52/><E132/><V81/><F81/><W54/><G54/><T50/><D50/><RYUUKYOKU ba="0,0" sc="242,10,346,-30,234,10,178,10" hai0="25,29,62,66,70,82,86,88,116,119" hai2="30,34,63,64,68,98,99" hai3="32,33,35,39,41,47,78" /><INIT seed="7,1,0,4,2,76" ten="252,316,244,188" oya="3" hai0="75,15,14,107,62,6,69,2,49,83,30,22,44" hai1="101,63,65,81,135,13,73,109,74,4,129,1,27" hai2="92,104,31,5,106,116,97,120,130,124,87,59,117" hai3="26,48,42,9,93,103,29,68,126,34,33,80,128"/><W71/><G34/><T118/><D107/><N who="2" m="41002" /><F59/><W21/><G128/><T115/><D118/><N who="2" m="45674" /><F5/><W111/><G126/><T98/><D98/><U84/><E1/><V121/><F31/><W94/><G111/><T41/><D115/><U99/><E109/><V125/><F87/><W61/><G9/><T28/><D2/><U53/><E53/><V96/><F130/><W40/><G33/><T10/><D69/><U39/><E39/><V77/><F77/><W60/><G71/><T95/><D95/><N who="3" m="36361" /><G68/><T51/><D62/><N who="3" m="24169" /><G103/><T102/><D102/><U32/><E101/><N who="2" m="60551" /><F97/><W82/><G42/><T88/><D75/><U58/><E74/><V123/><AGARI ba="1,0" hai="120,121,123,124,125" m="60551,45674,41002" machi="123" ten="40,5200,0" yaku="13,1,34,2" doraHai="76" who="2" fromWho="2" sc="252,-14,316,-14,244,55,188,-27" owari="238,-16.2,302,40.2,299,9.9,161,-33.9" /></mjloggm>