<mjloggm ver="2.3"><GO type="169" lobby="0"/><UN n0="%E6%AF%94%E5%98%89%E6%84%9B%E6%9C%AA" n1="%E3%81%9B%E3%81%A9%E3%81%AA%E3%82%8A%E3%81%82%E3%82%93" n2="%E6%99%82%E8%A8%88%E5%9D%82%E9%9B%B6" n3="%44%61%6C%69" dan="19,17,16,17" rate="2246.73,2176.54,2146.57,2192.62" sx="F,F,M,M"/><TAIKYOKU oya="0"/><INIT seed="0,0,0,1,3,63" ten="250,250,250,250" oya="0" hai0="51,67,71,32,127,58,44,30,83,53,13,50,40" hai1="111,42,133,34,115,75,76,64,54,132,66,33,46" hai2="12,65,55,31,81,57,94,3,129,9,93,26,8" hai3="86,122,70,78,130,16,74,98,128,19,36,27,29"/><T59/><D32/><N who="1" m="12395" /><E54/><V114/><F114/><W47/><G74/><T82/><D30/><U5/><E5/><V118/><F118/><W68/><G122/><T131/><D131/><N who="3" m="50217" /><G98/><T101/><D101/><U87/><E87/><V45/><F3/><W100/><G100/><T60/><D127/><U35/><N who="1" m="12403" /><U72/><DORA hai="80" /><E111/><V18/><F8/><W126/><G126/><T38/><D13/><U89/><E89/><V108/><F108/><W88/><G78/><T62/><D51/><U23/><E23/><N who="2" m="15839" /><F129/><W14/><G36/><T96/><D96/><U4/><E4/><V69/><F45/><W135/><G135/><N who="1" m="51786" /><E115/><V104/><F104/><W125/><G125/><T95/><D95/><U105/><E105/><V134/><F134/><W6/><G47/><T77/><D77/><U84/><E84/><V1/><F1/><W113/><G113/><T92/><D92/><U41/><E76/><V52/><F93/><N who="3" m="54423" /><G6/><T61/><D61/><U102/><E102/><V79/><F94/><W110/><G110/><T107/><D107/><U121/><E121/><V91/><F79/><W124/><G124/><T21/><REACH who="0" step="1"/><D21/><REACH who="0" ten="240,250,250,250" step="2"/><U120/><E120/><V11/><F12/><W103/><G103/><T90/><D90/><U20/><E20/><V99/><F91/><W116/><G14/><T39/><D39/><N who="1" m="21823" /><E42/><V37/><F37/><W119/><G29/><T85/><D85/><U15/><E15/><V25/><F99/><W49/><G49/><T48/><D48/><U117/><E117/><N who="3" m="45130" /><G19/><T2/><D2/><U17/><E17/><V43/><F43/><W28/><G16/><RYUUKYOKU ba="0,1" sc="240,10,250,10,250,-30,250,10" hai0="38,40,44,50,53,58,59,60,62,67,71,82,83" hai1="64,66,72,75" hai3="27,28,68,70" /><INIT seed="0,1,1,0,0,111" ten="250,260,220,260" oya="0" hai0="53,98,32,90,68,123,0,9,1,14,25,126,69" hai1="4,100,33,10,41,70,26,42,97,128,94,74,40" hai2="28,92,22,107,115,109,77,38,116,57,58,51,67" hai3="76,63,120,110,65,72,75,36,46,6,84,125,108"/><T124/><D53/><U43/><N who="1" m="10240" /><DORA hai="52" /><U89/><E74/><V48/><F38/><W104/><G120/><T119/><D123/><U20/><E70/><N who="0" m="27241" /><D119/><U78/><E128/><V73/><F107/><W99/><G6/><N who="0" m="3383" /><D90/><U86/><E33/><V132/><F115/><W122/><G122/><T117/><D98/><U31/><E78/><V96/><F109/><N who="3" m="42091" /><G125/><N who="0" m="48235" /><D117/><U80/><E10/><V54/><F116/><W23/><G99/><T15/><D15/><U17/><REACH who="1" step="1"/><E4/><REACH who="1" ten="250,250,220,260" step="2"/><V106/><F77/><W66/><G76/><T87/><D87/><U47/><E47/><V64/><F73/><W62/><G46/><T50/><D50/><U3/><E3/><V2/><F2/><W118/><G84/><T24/><D32/><U49/><E49/><V37/><F48/><W5/><G118/><T85/><D85/><U112/><E112/><V61/><F51/><W95/><G75/><T55/><D0/><U101/><E101/><V103/><F103/><W134/><G72/><T12/><D1/><U91/><E91/><V88/><F88/><W114/><G114/><T19/><D55/><U18/><AGARI ba="1,2" hai="17,18,20,26,31,80,86,89,94,97,100" m="10240" machi="18" ten="40,5200,0" yaku="1,1,0,1,8,1,53,0" doraHai="111,52" doraHaiUra="44,105" who="1" fromWho="1" sc="250,-27,250,75,220,-14,260,-14" /><INIT seed="1,0,0,4,0,26" ten="223,325,206,246" oya="1" hai0="123,19,25,27,129,87,112,69,66,42,62,81,109" hai1="43,24,104,125,37,60,65,121,100,58,39,120,111" hai2="93,101,44,3,105,103,61,75,13,106,18,88,48" hai3="71,1,91,35,76,67,55,135,113,115,59,128,9"/><U6/><E6/><V118/><F118/><W28/><G76/><T2/><D112/><U14/><E14/><V127/><F3/><W90/><G71/><T126/><D109/><U49/><E100/><V85/><F127/><W84/><G67/><T15/><D126/><U133/><E104/><V46/><F75/><W72/><G72/><T52/><D2/><U21/><E125/><V10/><F46/><W51/><G135/><T122/><D42/><U97/><E97/><V70/><F103/><W68/><G68/><T80/><D129/><U92/><E92/><V124/><F124/><W79/><G128/><T64/><D64/><U134/><E111/><V53/><F70/><W4/><G79/><T7/><D7/><U56/><E24/><V94/><F61/><W132/><G132/><N who="1" m="50794" /><E21/><V116/><F116/><W89/><REACH who="3" step="1"/><G84/><REACH who="3" ten="223,325,206,236" step="2"/><T78/><D87/><U12/><E121/><V73/><REACH who="2" step="1"/><F73/><REACH who="2" ten="223,325,196,236" step="2"/><W107/><G107/><T34/><D122/><U22/><E120/><V131/><F131/><W54/><G54/><T83/><D123/><U82/><E65/><V108/><F108/><W102/><G102/><T31/><D66/><U74/><E74/><V30/><F30/><W130/><G130/><T45/><D69/><U110/><E110/><V99/><AGARI ba="0,2" hai="10,13,18,44,48,53,85,88,93,94,99,101,105,106" machi="99" ten="30,7900,0" yaku="1,1,0,1,54,1,53,1" doraHai="26" doraHaiUra="47" who="2" fromWho="2" sc="223,-20,325,-39,196,99,236,-20" /><INIT seed="2,0,0,1,0,45" ten="203,286,295,216" oya="2" hai0="16,113,118,134,19,104,30,123,124,41,60,37,77" hai1="128,59,26,13,131,28,133,62,0,86,14,130,73" hai2="22,15,109,93,94,85,33,27,20,24,100,9,1" hai3="80,23,61,54,101,10,91,3,67,111,103,40,82"/><V92/><F33/><W89/><G111/><T42/><D123/><U69/><E73/><V53/><F109/><W36/><G36/><T25/><D113/><U17/><E0/><V84/><F1/><W8/><G40/><T112/><D112/><U70/><E133/><V49/><F100/><W110/><G110/><T97/><D134/><U76/><E76/><V7/><F22/><W126/><G126/><T68/><D124/><U34/><E86/><V63/><F63/><W31/><G54/><T105/><D77/><U121/><E121/><V48/><F24/><W78/><G3/><T65/><D105/><U58/><E58/><V96/><F96/><W106/><G106/><T120/><D118/><U79/><E79/><V71/><F71/><W21/><G78/><T116/><D116/><U52/><REACH who="1" step="1"/><E13/><REACH who="1" ten="203,276,295,216" step="2"/><V129/><F129/><W46/><G46/><T90/><D120/><U117/><E117/><V132/><F132/><W107/><G107/><T119/><D119/><U11/><AGARI ba="0,1" hai="11,14,17,26,28,34,52,59,62,69,70,128,130,131" machi="11" ten="30,7900,0" yaku="1,1,0,1,19,1,54,1,53,0" doraHai="45" doraHaiUra="72" who="1" fromWho="1" sc="203,-20,276,89,295,-39,216,-20" /><INIT seed="3,0,0,1,4,112" ten="183,365,256,196" oya="3" hai0="24,120,2,68,59,134,56,36,28,117,102,37,74" hai1="16,18,32,43,91,48,31,9,127,90,17,113,100" hai2="61,93,111,124,3,108,133,60,6,30,69,29,80" hai3="44,15,92,83,110,99,58,81,25,47,53,132,109"/><W121/><G121/><T54/><D120/><U103/><E113/><V20/><F133/><W41/><G132/><T123/><D123/><U78/><E32/><V94/><F124/><W130/><G130/><T106/><D68/><U125/><E31/><V65/><F6/><W96/><G25/><T1/><D74/><U116/><E78/><V34/><F3/><W45/><G41/><T128/><D128/><U129/><E129/><V64/><F80/><W135/><G135/><T40/><D117/><U7/><E48/><V49/><F49/><W55/><G15/><T13/><D106/><U79/><E79/><V35/><F20/><W73/><G73/><T46/><D37/><U71/><E71/><AGARI ba="0,0" hai="29,30,34,35,60,61,64,65,69,71,93,94,108,111" machi="71" ten="25,1600,0" yaku="22,2" doraHai="112" who="2" fromWho="1" sc="183,0,365,-16,256,16,196,0" /><INIT seed="4,0,0,0,2,47" ten="183,349,272,196" oya="0" hai0="92,61,53,62,76,97,108,27,130,66,71,28,16" hai1="104,101,90,127,55,119,13,129,89,54,122,95,8" hai2="124,39,125,116,133,18,111,34,131,33,37,117,64" hai3="102,14,22,12,6,1,15,52,123,17,51,128,41"/><T11/><D130/><U43/><E119/><N who="2" m="45643" /><F111/><W2/><G128/><T81/><D108/><U49/><E122/><V91/><F131/><W23/><G123/><T80/><D76/><U45/><E127/><N who="2" m="48715" /><F133/><W31/><G102/><T25/><D25/><U36/><E104/><V10/><F64/><W112/><G112/><T9/><D9/><U110/><E110/><V105/><F105/><W74/><G74/><T132/><D132/><U56/><E129/><V38/><F91/><W60/><G60/><T35/><D62/><U113/><E113/><V48/><F48/><W67/><G67/><T78/><D53/><U93/><E93/><V59/><F59/><W58/><G41/><T121/><D121/><U69/><E69/><V96/><F96/><W85/><G85/><T126/><D126/><U118/><E118/><V100/><F100/><W42/><G42/><T109/><D109/><U82/><E55/><V44/><F44/><W83/><G83/><T115/><D115/><U70/><E82/><V86/><F86/><W72/><G72/><T103/><REACH who="0" step="1"/><D78/><REACH who="0" ten="173,349,272,196" step="2"/><U4/><E70/><V50/><F10/><W30/><G6/><T63/><D63/><U7/><E7/><V40/><F18/><W46/><G17/><T99/><D99/><U73/><E73/><V3/><F3/><W68/><G2/><T114/><D114/><U135/><E135/><V106/><F33/><W20/><G1/><T21/><D21/><U120/><E120/><V19/><F19/><W29/><G68/><T32/><D32/><U134/><E134/><V26/><F34/><W5/><G5/><RYUUKYOKU ba="0,1" sc="173,10,349,10,272,-30,196,10" hai0="11,16,27,28,35,61,66,71,80,81,92,97,103" hai1="4,8,13,36,43,45,49,54,56,89,90,95,101" hai3="12,14,15,20,22,23,29,30,31,46,51,52,58" /><INIT seed="4,1,1,2,1,121" ten="183,359,242,206" oya="0" hai0="25,14,100,55,1,84,60,76,113,114,12,111,104" hai1="54,79,132,82,47,96,5,129,119,97,85,41,123" hai2="103,16,52,64,71,122,115,62,77,24,94,39,8" hai3="107,78,34,67,92,6,72,22,9,27,57,91,110"/><T88/><D1/><U30/><E123/><V74/><F39/><W59/><G107/><T65/><D76/><U105/><E119/><V4/><F122/><W51/><G110/><T13/><D55/><U32/><E5/><V17/><F115/><N who="0" m="44042" /><D25/><U0/><E129/><V134/><F134/><W48/><G34/><T133/><D133/><U45/><E105/><V40/><F40/><W56/><G72/><T135/><D135/><U63/><E0/><V118/><F118/><W19/><G78/><T117/><D117/><U37/><E132/><V53/><F77/><W50/><G67/><T33/><D33/><U66/><E32/><V43/><F43/><W80/><G80/><N who="0" m="49159" /><D100/><U35/><E35/><V130/><F74/><W108/><G108/><T90/><D90/><U127/><E54/><V98/><F130/><W44/><G44/><T11/><D104/><U102/><E47/><V101/><F101/><W73/><G73/><T2/><D2/><U28/><E102/><V58/><F24/><W70/><G70/><N who="0" m="42279" /><D111/><U86/><E79/><V7/><F53/><W109/><G109/><T15/><D15/><U36/><E45/><V20/><F71/><W116/><G116/><T31/><D31/><U126/><E66/><V23/><F64/><W69/><G69/><T29/><D29/><U42/><E63/><V81/><F62/><W106/><G106/><T87/><D87/><U95/><E82/><V128/><F81/><W61/><G61/><T99/><D99/><U112/><E112/><V75/><F98/><N who="3" m="57631" /><G59/><T120/><D120/><U49/><E95/><V93/><F94/><RYUUKYOKU ba="1,1" sc="183,10,359,10,242,-30,206,10" hai0="11,12,13,14" hai1="28,30,36,37,41,42,49,85,86,96,97,126,127" hai3="6,9,19,22,27,48,50,51,56,57" /><INIT seed="4,2,1,1,0,2" ten="193,369,212,216" oya="0" hai0="43,17,19,113,29,4,90,106,105,70,34,97,13" hai1="40,8,86,131,116,22,108,102,130,32,59,109,6" hai2="94,56,65,49,14,42,25,50,11,69,58,38,127" hai3="107,110,53,23,73,7,45,83,68,21,122,85,3"/><T64/><D43/><U61/><E32/><V57/><F127/><W98/><G68/><T33/><D113/><U119/><E102/><V124/><F124/><W118/><G110/><N who="1" m="42602" /><E22/><V36/><F25/><W1/><G118/><T81/><D34/><U133/><E86/><V100/><F100/><W71/><G73/><T37/><D37/><N who="2" m="14442" /><F94/><W16/><G71/><T27/><D105/><U26/><E26/><V88/><F88/><W87/><G122/><T54/><D54/><N who="1" m="34039" /><E133/><V120/><F120/><W111/><G111/><T39/><D39/><U47/><E47/><N who="2" m="25847" /><F14/><W67/><G3/><T84/><D106/><U79/><E79/><V24/><F11/><W31/><G87/><T41/><D97/><U93/><E93/><V76/><F24/><N who="3" m="16783" /><G1/><T55/><D33/><U134/><E134/><V60/><F76/><W96/><G107/><T80/><D80/><U66/><E40/><V12/><F12/><N who="3" m="9607" /><G85/><T35/><D84/><U75/><E75/><V117/><F117/><W78/><G78/><T126/><D35/><U114/><E8/><V123/><F123/><W30/><G83/><T82/><D82/><U91/><E91/><V62/><F62/><W28/><G96/><T9/><D81/><U20/><E20/><V101/><F101/><W128/><G98/><T135/><D90/><U0/><E0/><V125/><F125/><W77/><G77/><T51/><D126/><U129/><E119/><V44/><F44/><W5/><G30/><T52/><D29/><U121/><E116/><V89/><F89/><W132/><G45/><T46/><D27/><U92/><E121/><RYUUKYOKU ba="2,1" sc="193,-10,369,-10,212,30,216,-10" hai2="50,56,57,58,60,65,69" /><INIT seed="5,3,1,2,1,67" ten="183,359,242,206" oya="1" hai0="46,131,55,109,11,100,38,76,57,107,59,48,132" hai1="3,78,1,21,45,4,104,135,8,70,68,86,53" hai2="77,64,129,103,17,108,88,91,69,116,111,112,20" hai3="66,79,22,0,110,19,81,2,118,124,33,12,37"/><U49/><E104/><V85/><F116/><W28/><G110/><T106/><D109/><U56/><E1/><V26/><F111/><W54/><G37/><T90/><D132/><U14/><E135/><V98/><F108/><W9/><G124/><T80/><D131/><U16/><E78/><V31/><F129/><W27/><G66/><T87/><D100/><U25/><E86/><V94/><F112/><W72/><G118/><T125/><D125/><U32/><E45/><V18/><F77/><W29/><G29/><AGARI ba="3,1" hai="3,4,8,14,16,21,25,29,32,49,53,56,68,70" machi="29" ten="40,12000,1" yaku="24,2,52,2,54,1" doraHai="67" who="1" fromWho="3" sc="183,0,359,139,242,0,206,-129" /><INIT seed="5,4,0,0,5,72" ten="183,498,242,77" oya="1" hai0="132,129,110,85,125,134,99,23,84,37,11,43,118" hai1="131,54,115,62,7,123,97,59,73,29,67,76,12" hai2="3,1,93,46,98,24,32,122,107,16,56,61,88" hai3="20,78,103,104,58,10,63,114,86,5,18,77,40"/><U89/><E115/><V28/><F122/><W34/><G34/><T82/><D110/><U51/><E123/><V4/><F4/><W106/><G114/><T100/><D118/><U14/><E29/><V74/><F74/><W91/><G40/><T44/><D129/><U66/><E131/><V13/><F46/><W26/><G104/><T15/><D23/><U105/><E7/><V36/><F36/><W102/><G106/><N who="0" m="63775" /><D82/><U30/><E30/><V128/><F107/><W65/><G102/><T64/><D64/><U49/><E49/><V80/><F80/><W27/><G103/><T116/><D116/><U6/><E105/><V38/><F38/><W8/><G27/><T113/><D125/><U127/><E127/><V22/><REACH who="2" step="1"/><F128/><REACH who="2" ten="183,498,232,77" step="2"/><W117/><G117/><T120/><D120/><U50/><E6/><V25/><F25/><W69/><G69/><T45/><D45/><U109/><E73/><V135/><F135/><N who="0" m="51754" /><D113/><U9/><E109/><V21/><F21/><W55/><G65/><AGARI ba="4,1" hai="1,3,13,16,22,24,28,32,56,61,65,88,93,98" machi="65" ten="30,7700,0" yaku="1,1,7,1,54,2,53,0" doraHai="72" doraHaiUra="130" who="2" fromWho="3" sc="183,0,498,0,232,99,77,-89" owari="183,-21.7,498,59.8,331,13.1,-12,-51.2" /></mjloggm>