<mjloggm ver="2.3"><GO type="169" lobby="0"/><UN n0="%E3%83%AA%E3%83%84%E3%83%9F%E3%82%B5%E3%83%B3" n1="%63%68%78%63%63" n2="%E3%81%84%E3%81%A1%E3%82%8D%E3%83%BC%32%36%32%E6%AD%B3" n3="%63%61%72%6C%6F%73%6E" dan="18,17,16,17" rate="2222.54,2142.37,2171.96,2181.46" sx="M,M,M,M"/><TAIKYOKU oya="0"/><INIT seed="0,0,0,4,5,32" ten="250,250,250,250" oya="0" hai0="85,28,103,6,44,114,100,13,108,131,20,25,18" hai1="22,104,135,133,78,83,134,116,122,17,1,76,81" hai2="101,124,41,120,71,39,19,7,128,121,62,49,36" hai3="5,80,55,9,93,126,99,92,12,130,77,29,26"/><T14/><D114/><U34/><E116/><V69/><F101/><W84/><G130/><T102/><D131/><U73/><E122/><N who="2" m="47211" /><F7/><W107/><G126/><T109/><D44/><U45/><E104/><V68/><F19/><W38/><G38/><N who="2" m="14377" /><F128/><W57/><G107/><T119/><D119/><U24/><E45/><N who="2" m="25775" /><F124/><W53/><G99/><T3/><D85/><N who="1" m="48295" /><E34/><V90/><F90/><W74/><G74/><T48/><D48/><U54/><E54/><V132/><F132/><W63/><G55/><T31/><D31/><U65/><E65/><AGARI ba="0,0" hai="62,65,68,69,71" m="25775,14377,47211" machi="65" ten="30,2000,0" yaku="34,2" doraHai="32" who="2" fromWho="1" sc="250,0,250,-20,250,20,250,0" /><INIT seed="1,0,0,5,2,127" ten="250,230,270,250" oya="1" hai0="118,35,14,40,51,65,52,21,123,101,77,10,132" hai1="48,57,88,19,115,61,69,49,83,97,128,39,50" hai2="2,90,1,55,4,98,131,45,104,78,38,8,110" hai3="92,109,116,68,67,31,84,43,20,126,74,33,125"/><U0/><E0/><V16/><F110/><W133/><G74/><T6/><D132/><U62/><E115/><V13/><F78/><W96/><G109/><T7/><D118/><U46/><E39/><V9/><F1/><W5/><G33/><T108/><D35/><U114/><E114/><V79/><F79/><W23/><G133/><T103/><D123/><U130/><E69/><V70/><F70/><W72/><G72/><T37/><D65/><U47/><E19/><V28/><F28/><W99/><G5/><T95/><D108/><U29/><E29/><V63/><F63/><W17/><G43/><T18/><D77/><U59/><E97/><V120/><F120/><W53/><G116/><T54/><D54/><N who="1" m="33975" /><E88/><V42/><F55/><W89/><G53/><T44/><D95/><U85/><E85/><V93/><REACH who="2" step="1"/><F104/><REACH who="2" ten="250,230,260,250" step="2"/><W75/><G31/><T11/><D40/><U32/><E32/><V107/><F107/><W94/><G68/><T73/><D73/><U34/><E34/><V15/><F15/><W27/><G75/><T76/><D76/><U102/><E102/><V58/><F58/><W3/><G3/><T80/><D103/><U124/><E124/><V121/><F121/><W82/><G126/><T117/><D101/><U134/><E134/><V25/><F25/><W105/><G125/><T87/><D117/><U113/><E113/><V30/><F30/><W22/><G105/><T12/><D12/><U129/><E83/><V112/><F112/><W119/><G119/><T26/><D80/><U86/><E86/><V71/><F71/><W41/><G84/><RYUUKYOKU ba="0,1" sc="250,-15,230,15,260,15,250,-15" hai1="46,47,48,49,50,59,62,128,129,130" hai2="2,4,8,9,13,16,38,42,45,90,93,98,131" /><INIT seed="1,1,1,0,3,87" ten="235,245,275,235" oya="1" hai0="67,133,20,4,95,53,18,84,51,41,26,134,21" hai1="77,80,105,86,11,112,7,59,60,49,58,3,111" hai2="127,117,108,65,129,101,62,132,27,75,88,13,68" hai3="73,43,12,92,90,107,29,110,126,104,47,96,118"/><U113/><E105/><V35/><F117/><W106/><G73/><T74/><D74/><U33/><E33/><V119/><F119/><W46/><G118/><T82/><D67/><U70/><E111/><V79/><F108/><W28/><G110/><T19/><D4/><U69/><E58/><V131/><F101/><W99/><G126/><T39/><D39/><U40/><E69/><V5/><F79/><W100/><G12/><T94/><D41/><U34/><E34/><V9/><F75/><W116/><G116/><T16/><D134/><U78/><E77/><V85/><F132/><W8/><G8/><T71/><D71/><U56/><E70/><V135/><F135/><W72/><G72/><T114/><D114/><U45/><REACH who="1" step="1"/><E59/><REACH who="1" ten="235,235,275,235" step="2"/><V97/><F127/><W130/><G106/><T123/><D133/><U15/><E15/><V44/><F44/><W125/><G125/><T14/><D123/><U83/><E83/><V10/><F35/><W24/><G47/><T32/><D32/><U30/><E30/><V38/><F68/><W93/><G29/><T81/><D82/><U115/><E115/><V22/><F13/><W36/><REACH who="3" step="1"/><G130/><REACH who="3" ten="235,235,275,225" step="2"/><T103/><D18/><U0/><E0/><V55/><F129/><W23/><AGARI ba="1,3" hai="23,24,28,36,43,46,90,92,93,96,99,100,104,107" machi="23" ten="20,8000,1" yaku="1,1,2,1,0,1,7,1,52,1,53,0" doraHai="87" doraHaiUra="124" who="3" fromWho="3" sc="235,-21,235,-41,275,-21,225,113" /><INIT seed="2,0,0,0,4,89" ten="214,194,254,338" oya="2" hai0="85,104,135,53,108,86,40,100,36,52,77,61,98" hai1="23,82,134,114,72,37,19,66,123,124,3,87,57" hai2="80,46,133,60,91,112,68,55,127,96,119,88,26" hai3="29,22,42,129,27,25,71,38,9,94,10,59,44"/><V102/><F112/><W65/><G71/><T14/><D108/><U117/><E3/><V73/><F119/><W107/><G107/><T131/><D135/><U63/><E72/><V126/><F133/><W130/><G27/><T12/><D131/><U83/><E37/><V20/><F68/><W35/><G35/><T56/><D40/><U99/><E114/><V125/><F73/><W78/><G78/><T110/><D110/><U50/><E117/><V34/><F34/><W84/><G65/><T45/><D36/><U43/><E124/><V90/><F80/><W132/><G132/><T21/><D21/><U103/><E123/><V105/><F46/><W13/><G59/><T64/><D53/><U41/><E50/><V0/><F0/><W70/><G70/><T118/><D118/><U28/><E83/><V1/><F1/><W15/><G9/><T95/><D104/><U109/><E109/><V115/><F115/><W39/><G39/><T8/><D14/><U7/><E7/><V121/><F121/><W81/><G13/><T54/><D54/><U31/><E31/><N who="2" m="17863" /><F91/><W51/><G38/><T2/><D77/><N who="1" m="46543" /><E134/><V93/><F105/><W120/><G120/><T75/><D75/><U92/><E28/><V67/><F67/><W47/><G47/><T30/><D30/><U101/><E101/><V4/><F4/><N who="3" m="3527" /><G81/><T6/><REACH who="0" step="1"/><D2/><REACH who="0" ten="204,194,254,338" step="2"/><U62/><E62/><V76/><F76/><W79/><G79/><T16/><D16/><U58/><E58/><AGARI ba="0,1" hai="55,58,60,88,90,93,96,102,125,126,127" m="17863" machi="58" ten="30,5800,0" yaku="18,1,52,1,54,1" doraHai="89" who="2" fromWho="1" sc="204,0,194,-58,254,68,338,0" /><INIT seed="2,1,0,5,2,23" ten="204,136,322,338" oya="2" hai0="70,108,11,118,119,123,33,44,57,127,100,21,5" hai1="22,24,88,53,71,104,50,121,56,90,15,89,91" hai2="35,131,99,0,105,62,128,45,98,51,12,14,78" hai3="95,60,114,61,66,59,18,110,107,130,103,34,52"/><V55/><F0/><W54/><G107/><T36/><D70/><U2/><E2/><V42/><F78/><W93/><G34/><T106/><D57/><U122/><E71/><V16/><F35/><W113/><G110/><T135/><D123/><N who="1" m="47115" /><E104/><V69/><F12/><W79/><G79/><T109/><D33/><U126/><N who="1" m="22528" /><DORA hai="73" /><U48/><E126/><V8/><F105/><W77/><G130/><N who="2" m="49705" /><F55/><W132/><G77/><T85/><D135/><U25/><E48/><V41/><F41/><W28/><G132/><T47/><D127/><U19/><AGARI ba="1,0" hai="15,19,22,24,25,50,53,56" m="22528,47115" machi="19" ten="50,8000,1" yaku="13,1,52,2,54,1" doraHai="23,73" who="1" fromWho="1" sc="204,-21,136,83,322,-41,338,-21" /><INIT seed="3,0,0,3,2,74" ten="183,219,281,317" oya="3" hai0="50,83,111,65,126,92,22,38,14,32,84,115,70" hai1="25,95,45,58,11,75,34,52,54,73,89,99,121" hai2="86,101,79,61,124,60,128,112,15,41,49,44,56" hai3="80,40,120,90,77,5,114,7,129,134,59,12,127"/><W31/><G114/><T30/><D111/><U2/><E121/><V116/><F116/><W53/><G120/><T82/><D38/><U117/><E117/><V107/><F112/><W0/><G0/><T132/><D126/><U91/><E34/><V133/><F124/><W102/><G127/><T118/><D70/><U108/><E108/><V19/><F128/><W64/><G129/><T88/><D65/><U97/><E25/><V18/><F133/><W1/><G1/><T29/><D132/><U105/><E2/><V23/><F107/><W47/><G64/><T69/><D69/><U71/><E71/><V6/><F101/><W113/><G113/><T51/><D118/><U96/><E11/><N who="2" m="4599" /><F23/><W110/><G110/><T130/><D130/><U33/><E33/><V87/><F87/><W9/><G102/><T36/><D36/><U4/><E4/><V21/><F21/><W94/><G31/><T81/><D115/><U46/><E105/><V48/><F48/><W135/><G5/><T125/><D125/><U122/><E95/><V26/><F26/><W28/><G28/><T8/><D32/><U98/><E98/><V20/><F20/><W123/><G123/><T39/><D39/><U104/><E104/><V55/><F61/><W106/><G106/><T17/><REACH who="0" step="1"/><D30/><REACH who="0" ten="173,219,281,317" step="2"/><U42/><E122/><V67/><F67/><W63/><G135/><T131/><D131/><U37/><E37/><V68/><F68/><W93/><G134/><T66/><D66/><U27/><E27/><AGARI ba="0,1" hai="8,14,17,22,27,29,50,51,81,82,83,84,88,92" machi="27" ten="40,8000,1" yaku="1,1,8,1,54,1,53,1" doraHai="74" doraHaiUra="16" who="0" fromWho="1" sc="173,90,219,-80,281,0,317,0" /><INIT seed="4,0,0,5,3,68" ten="263,139,281,317" oya="0" hai0="54,4,80,81,123,58,18,78,113,25,11,75,49" hai1="102,71,85,114,103,92,89,118,1,110,35,126,121" hai2="33,70,64,133,22,42,47,26,97,9,130,55,79" hai3="76,56,129,86,28,107,63,50,69,106,82,52,112"/><T90/><D123/><U30/><E71/><V12/><F130/><W57/><G69/><T73/><D113/><U135/><E1/><V43/><F133/><W40/><G112/><T132/><D132/><U120/><E30/><V134/><F134/><W84/><G129/><T51/><D90/><U17/><E17/><V65/><F33/><W8/><G28/><T5/><D51/><U91/><E35/><V20/><F79/><W38/><G84/><T3/><D4/><U53/><E53/><V62/><F65/><W44/><REACH who="3" step="1"/><G8/><REACH who="3" ten="263,139,281,307" step="2"/><T32/><D75/><U125/><E135/><V74/><F74/><W60/><G60/><T2/><D73/><U122/><E114/><V104/><F9/><W119/><G119/><T93/><D11/><U21/><E118/><V48/><F62/><W108/><G108/><T14/><D32/><U0/><E110/><V117/><F70/><W16/><G16/><T15/><D18/><U31/><E31/><V29/><F117/><W45/><G45/><T41/><D5/><U127/><E21/><V13/><F22/><W109/><G109/><T83/><D58/><U61/><E61/><V66/><F29/><W87/><G87/><T77/><D77/><U72/><E72/><V98/><F20/><W23/><G23/><T116/><D78/><U95/><E0/><V99/><F47/><W128/><G128/><T10/><D2/><U111/><E111/><V101/><F26/><W36/><G36/><T24/><D3/><U37/><E37/><V6/><F6/><W96/><G96/><AGARI ba="0,1" hai="85,89,91,92,95,96,102,103,120,121,122,125,126,127" machi="96" ten="50,8000,1" yaku="18,1,34,3" doraHai="68" who="1" fromWho="3" sc="263,0,139,90,281,0,307,-80" /><INIT seed="5,0,0,4,5,102" ten="263,229,281,227" oya="1" hai0="98,130,74,11,17,41,23,40,31,56,61,4,49" hai1="127,26,75,20,100,117,37,50,128,131,82,35,54" hai2="81,13,103,9,8,123,71,104,57,134,93,92,6" hai3="42,14,113,15,21,12,133,109,47,121,69,62,72"/><U114/><E117/><V0/><F123/><W39/><G121/><T22/><D74/><U53/><E35/><V94/><F71/><W36/><G109/><T2/><D130/><N who="1" m="49707" /><E37/><V91/><F134/><W99/><G72/><T125/><D125/><U10/><E114/><V124/><F124/><W73/><G73/><T45/><D31/><U106/><E127/><V63/><F81/><W95/><G113/><T122/><D122/><U126/><E126/><V132/><F132/><W89/><G133/><T43/><D98/><N who="1" m="61719" /><E10/><V34/><F34/><W112/><G112/><T70/><D70/><U64/><E64/><V25/><F25/><W105/><G36/><T85/><D85/><U29/><E50/><V88/><F104/><W120/><G120/><T116/><D23/><U48/><E48/><V80/><F80/><W101/><G21/><T27/><REACH who="0" step="1"/><D116/><REACH who="0" ten="253,229,281,227" step="2"/><U18/><E29/><V83/><F103/><W78/><G69/><T58/><D58/><U68/><E68/><V84/><F83/><W51/><G101/><T96/><D96/><U16/><E18/><V77/><F84/><W118/><G118/><T55/><AGARI ba="0,1" hai="2,4,11,17,22,27,40,41,43,45,49,55,56,61" machi="55" ten="20,5200,0" yaku="1,1,0,1,7,1,53,1" doraHai="102" doraHaiUra="32" who="0" fromWho="0" sc="253,62,229,-26,281,-13,227,-13" /><INIT seed="6,0,0,3,0,77" ten="315,203,268,214" oya="2" hai0="111,33,48,124,70,107,82,7,16,114,92,8,44" hai1="39,18,6,130,50,93,30,23,27,102,20,29,34" hai2="100,41,135,96,26,121,105,45,113,58,134,131,36" hai3="108,72,12,89,85,80,66,86,49,106,127,37,94"/><V67/><F121/><W31/><G108/><T61/><D107/><U42/><E39/><V55/><F113/><W5/><G37/><T14/><D33/><U68/><E68/><V54/><F131/><W62/><G106/><T4/><D111/><U74/><E74/><V104/><F104/><W117/><G117/><T76/><D124/><U73/><E73/><V120/><F120/><W51/><G72/><T56/><D70/><U103/><E6/><V71/><F26/><W17/><G31/><N who="1" m="11786" /><E34/><V1/><F1/><W38/><G5/><T10/><D92/><U78/><E78/><V115/><F115/><W13/><G38/><T2/><D114/><U95/><E23/><V65/><F55/><W83/><G127/><T129/><D129/><U21/><E21/><V109/><F109/><W15/><G17/><T43/><D8/><U40/><E130/><V90/><F90/><W88/><G94/><N who="1" m="35850" /><E50/><V81/><F71/><AGARI ba="0,0" hai="12,13,15,49,51,62,66,71,80,83,85,86,88,89" machi="71" ten="40,8000,1" yaku="9,1,52,2,54,1" doraHai="77" who="3" fromWho="2" sc="315,0,203,0,268,-80,214,80" /><INIT seed="7,0,0,3,5,124" ten="315,203,188,294" oya="3" hai0="38,73,117,52,120,53,109,10,82,97,25,22,42" hai1="100,77,30,18,41,78,8,116,0,62,87,39,23" hai2="47,128,127,133,132,111,32,123,83,90,19,46,1" hai3="134,93,31,126,98,12,44,35,108,48,43,69,61"/><W99/><G126/><T84/><D109/><U27/><E39/><V63/><F111/><W94/><G108/><T96/><D73/><U89/><E41/><V28/><F127/><W104/><G134/><N who="2" m="51817" /><F1/><W121/><G121/><T7/><D42/><U118/><E100/><V71/><F123/><W119/><G119/><N who="1" m="45610" /><E62/><V115/><F115/><W79/><G79/><T57/><D38/><U58/><E58/><V65/><F19/><W81/><G81/><T16/><D120/><U5/><E18/><V11/><F11/><W135/><G135/><T50/><D53/><U101/><E101/><V95/><F83/><AGARI ba="0,0" hai="0,5,8,23,27,30,77,78,83,87,89" m="45610" machi="83" ten="30,1000,0" yaku="12,1" doraHai="124" who="1" fromWho="2" sc="315,0,203,10,188,-10,294,0" owari="315,41.5,213,-18.7,178,-32.2,294,9.4" /></mjloggm>