<mjloggm ver="2.3"><GO type="225" lobby="0"/><UN n0="%E3%81%8B%E3%82%8F%E3%81%A1%E3%82%83%E3%82%93%35%38" n1="%E3%81%A4%E3%81%A3%E3%81%B1%E3%82%8A%E3%83%9D%E3%83%BC%E3%83%AB" n2="%72%61%6B%33" n3="%E5%8D%A0%E3%81%84%E5%B8%AB%E8%A3%8F%E3%81%AA%E3%81%84%E3%81%97" dan="16,17,16,17" rate="2127.30,2195.46,2113.63,2177.36" sx="M,M,M,M"/><TAIKYOKU oya="0"/><INIT seed="0,0,0,3,5,89" ten="250,250,250,250" oya="0" hai0="68,1,106,87,76,119,7,13,37,30,128,15,10" hai1="124,23,38,44,62,79,32,42,19,20,113,88,6" hai2="8,77,99,130,33,86,46,63,67,107,100,27,26" hai3="97,102,70,75,11,39,94,90,82,71,51,69,115"/><T134/><D68/><U132/><E132/><V12/><F130/><W73/><G39/><T14/><D37/><U55/><E124/><V117/><F117/><W54/><G115/><T2/><D106/><U60/><E113/><V34/><F46/><W98/><G11/><N who="0" m="4351" /><D87/><U18/><E32/><V4/><F33/><W81/><G81/><T121/><D76/><U25/><E6/><V41/><F41/><W84/><REACH who="3" step="1"/><G98/><REACH who="3" ten="250,250,250,240" step="2"/><T85/><D119/><U52/><E79/><V66/><F77/><W65/><G65/><T78/><D78/><U120/><E120/><V111/><F66/><W43/><G43/><T40/><D40/><U0/><E0/><V17/><F67/><W5/><G5/><T9/><D1/><U3/><E3/><V93/><F4/><W127/><G127/><T64/><D64/><U45/><E55/><V22/><F99/><W91/><G91/><T83/><D9/><U59/><E42/><V101/><F8/><W35/><G35/><T29/><D10/><U122/><E38/><V135/><F34/><W118/><G118/><T16/><D2/><U125/><E122/><V126/><F126/><W133/><G133/><T114/><D134/><U104/><E125/><V103/><F135/><W58/><AGARI ba="0,1" hai="51,54,58,69,70,71,73,75,82,84,90,94,97,102" machi="58" ten="30,4000,0" yaku="1,1,0,1,52,1,53,0" doraHai="89" doraHaiUra="31" who="3" fromWho="3" sc="250,-20,250,-10,250,-10,240,50" /><INIT seed="1,0,0,5,3,132" ten="230,240,240,290" oya="1" hai0="90,21,91,60,17,50,7,100,48,47,122,75,98" hai1="107,108,103,19,11,73,128,24,27,78,89,124,117" hai2="55,59,99,112,111,77,105,68,85,30,67,72,121" hai3="45,42,101,86,115,118,2,38,80,56,15,46,125"/><U71/><E117/><V32/><F121/><W12/><G115/><T135/><D75/><U84/><E71/><V69/><F112/><W36/><G2/><T82/><D135/><U3/><E128/><V66/><F72/><W49/><G118/><T44/><D122/><U130/><E130/><V95/><F111/><W0/><G0/><T41/><D7/><U20/><E108/><V109/><F105/><W52/><G101/><T6/><D6/><U18/><E3/><V129/><F129/><W119/><G125/><T83/><D60/><U23/><E11/><V113/><F113/><W28/><G28/><T29/><D29/><U94/><E124/><V35/><F68/><W133/><G119/><T120/><D120/><U13/><E73/><V37/><F37/><W131/><G133/><T33/><D33/><U54/><E78/><V53/><F35/><W134/><G134/><T74/><D74/><U70/><E70/><V63/><F69/><W92/><G92/><N who="0" m="58439" /><D83/><U104/><E103/><V1/><F32/><W62/><G36/><T65/><D65/><U61/><REACH who="1" step="1"/><E13/><REACH who="1" ten="230,230,240,290" step="2"/><V10/><F1/><W123/><G131/><T110/><D110/><U22/><E22/><V79/><F10/><W58/><G123/><T76/><D76/><U34/><E34/><V4/><F79/><N who="3" m="46367" /><G12/><N who="0" m="9383" /><D82/><U8/><E8/><V14/><F109/><W64/><G15/><T16/><D16/><U102/><E102/><V81/><F14/><W40/><G38/><T97/><D97/><U57/><AGARI ba="0,1" hai="18,19,20,23,24,27,54,57,61,84,89,94,104,107" machi="57" ten="30,6000,0" yaku="1,1,0,1,9,1,53,0" doraHai="132" doraHaiUra="127" who="1" fromWho="1" sc="230,-20,230,70,240,-20,290,-20" /><INIT seed="1,1,0,1,3,64" ten="210,300,220,270" oya="1" hai0="73,28,110,102,130,123,119,66,84,60,82,97,81" hai1="121,62,77,10,106,23,69,105,74,56,4,85,1" hai2="115,57,98,32,29,33,61,35,43,99,63,59,107" hai3="86,111,94,70,75,18,14,21,2,132,96,48,27"/><U128/><E121/><V44/><F115/><W11/><G75/><T122/><D119/><U95/><E128/><V67/><F29/><W47/><G111/><T135/><D110/><U92/><E69/><V118/><F118/><W112/><G112/><T76/><D28/><U125/><E125/><V117/><F107/><W101/><G132/><T13/><D13/><U24/><E74/><V100/><F100/><W12/><G70/><T9/><D9/><U22/><E22/><V109/><F117/><W68/><G68/><T134/><D60/><U104/><E77/><V36/><REACH who="2" step="1"/><F109/><REACH who="2" ten="210,300,210,270" step="2"/><W133/><G133/><N who="0" m="50699" /><D130/><U25/><E106/><V114/><F114/><W79/><G101/><T39/><D39/><U65/><E105/><V40/><F40/><W80/><G2/><T49/><D66/><AGARI ba="1,1" hai="32,33,35,36,43,44,57,59,61,63,66,67,98,99" machi="66" ten="40,2600,0" yaku="1,1,9,1,53,0" doraHai="64" doraHaiUra="3" who="2" fromWho="0" sc="210,-29,300,0,210,39,270,0" /><INIT seed="2,0,0,2,2,119" ten="181,300,249,270" oya="2" hai0="97,9,134,3,129,68,90,120,65,32,92,53,41" hai1="113,59,82,7,78,23,24,124,54,37,48,85,49" hai2="117,0,38,77,14,111,79,29,52,4,44,101,12" hai3="22,33,93,63,103,87,108,109,114,95,15,60,71"/><V126/><F117/><W25/><G114/><T40/><D134/><U57/><E113/><V35/><F126/><W13/><G33/><T86/><D129/><U128/><E37/><V122/><F122/><W110/><G103/><T135/><D135/><U1/><E128/><V61/><F0/><W104/><G104/><T27/><D120/><U66/><E124/><V132/><F132/><W127/><G127/><T69/><D53/><N who="1" m="31919" /><E1/><V131/><F131/><W105/><G105/><T107/><D3/><U116/><E116/><V28/><F101/><W83/><G93/><T30/><D9/><U72/><E72/><V31/><F35/><W62/><G95/><T89/><D68/><U84/><E7/><V42/><F111/><W64/><G64/><T130/><D130/><U118/><E118/><V55/><F55/><W73/><G73/><T81/><REACH who="0" step="1"/><D107/><REACH who="0" ten="171,300,249,270" step="2"/><U34/><E66/><V19/><F52/><W123/><G71/><T94/><D94/><U91/><E54/><V20/><F61/><AGARI ba="0,1" hai="27,30,32,40,41,61,65,69,81,86,89,90,92,97" machi="61" ten="40,2600,0" yaku="1,1,53,1" doraHai="119" doraHaiUra="21" who="0" fromWho="2" sc="171,36,300,0,249,-26,270,0" /><INIT seed="3,0,0,2,4,10" ten="207,300,223,270" oya="3" hai0="97,45,119,53,124,127,132,1,73,4,44,6,9" hai1="59,86,109,134,57,94,26,93,121,108,22,120,116" hai2="117,28,85,128,122,106,47,130,88,2,17,82,56" hai3="101,48,89,38,104,18,60,107,77,24,12,76,58"/><W0/><G0/><T35/><D119/><U96/><E134/><V15/><F117/><W111/><G38/><T129/><D73/><U113/><E113/><V112/><F112/><W49/><G111/><N who="1" m="42570" /><E116/><V33/><F2/><W103/><G104/><T123/><D123/><N who="1" m="47179" /><E86/><V19/><F122/><W70/><G24/><T54/><D35/><U79/><E79/><N who="3" m="30282" /><G70/><T52/><D132/><U92/><E96/><V125/><F125/><N who="0" m="48202" /><D129/><U23/><E23/><V42/><F33/><W39/><G39/><T7/><D97/><U115/><E115/><V30/><F128/><W135/><G135/><T29/><D29/><AGARI ba="0,0" hai="22,26,29,57,59,92,93,94" m="47179,42570" machi="29" ten="40,1300,0" yaku="14,1" doraHai="10" who="1" fromWho="0" sc="207,-13,300,13,223,0,270,0" owari="194,-30.6,313,41.3,223,-17.7,270,7.0" /></mjloggm>