<mjloggm ver="2.3"><GO type="225" lobby="0"/><UN n0="%E3%81%BF%E3%81%BF%E3%81%9A" n1="%E3%82%BC%E3%83%AB%E3%83%80%E3%81%AE%E4%BC%9D%E8%AA%AC" n2="%4B%2E%32%2E%4B%2E" n3="%EF%BC%AE%EF%BC%A1%EF%BC%AF%33%33%39" dan="17,17,17,16" rate="2255.76,2169.05,2158.22,2166.10" sx="M,M,M,M"/><TAIKYOKU oya="0"/><INIT seed="0,0,0,1,4,112" ten="250,250,250,250" oya="0" hai0="5,95,15,98,106,75,61,102,114,132,52,100,45" hai1="22,14,127,55,66,41,36,69,42,49,130,109,135" hai2="64,34,60,120,118,94,123,44,113,56,77,128,32" hai3="63,1,91,72,26,2,134,76,9,81,40,37,96"/><T92/><D114/><U119/><E22/><V125/><F113/><W124/><G26/><T25/><D132/><U111/><E14/><V10/><F128/><W74/><G74/><T90/><D75/><U126/><E135/><V28/><F125/><N who="1" m="47625" /><E130/><V58/><F77/><W78/><G78/><T21/><D106/><U99/><E99/><V133/><F133/><W83/><G134/><T20/><D95/><U13/><E13/><V43/><F10/><W131/><G131/><T48/><D61/><N who="1" m="40143" /><E119/><V110/><F94/><W6/><G2/><T116/><D116/><U97/><E97/><V17/><F118/><W51/><G96/><T68/><D68/><U93/><E93/><V107/><F17/><W23/><G23/><T104/><D104/><U35/><E35/><V47/><F107/><W7/><G7/><T117/><D117/><U80/><E80/><V122/><F110/><N who="1" m="41993" /><E36/><V18/><F18/><W19/><G19/><N who="0" m="10367" /><D5/><U105/><E105/><V30/><F34/><W27/><G37/><T89/><D102/><U4/><E4/><V108/><F108/><W57/><G6/><T73/><D73/><U70/><E70/><V103/><F103/><W101/><G101/><T67/><D67/><U115/><E115/><V82/><F32/><W129/><G129/><T50/><D21/><U62/><E62/><N who="2" m="37959" /><F82/><W33/><G33/><T3/><D3/><U0/><E0/><V84/><F84/><W38/><G1/><T87/><D25/><U85/><E85/><V8/><F8/><W39/><G124/><T16/><D87/><U12/><E12/><V65/><F30/><RYUUKYOKU ba="0,0" sc="250,-10,250,30,250,-10,250,-10" hai1="41,42,49,55" /><INIT seed="1,1,0,0,3,123" ten="240,280,240,240" oya="1" hai0="4,113,38,12,102,7,33,36,89,105,84,70,13" hai1="43,61,109,122,17,66,30,46,53,24,72,6,39" hai2="75,31,121,45,52,128,85,54,124,65,117,82,107" hai3="41,34,106,16,57,42,28,86,134,2,48,74,94"/><U11/><E122/><V47/><F121/><W19/><G2/><T71/><D33/><U0/><E109/><V56/><F117/><W93/><G106/><T135/><D113/><U103/><E53/><V129/><F75/><W22/><G74/><T25/><D25/><U32/><E103/><V127/><F31/><W23/><G34/><T8/><D135/><U79/><E17/><V130/><F65/><W67/><G134/><T101/><D84/><U77/><REACH who="1" step="1"/><E72/><REACH who="1" ten="240,270,240,240" step="2"/><V100/><F54/><W126/><G19/><T59/><D102/><U76/><E76/><N who="2" m="46279" /><F100/><W83/><G16/><T29/><D101/><U108/><E108/><V21/><F107/><W96/><G67/><T110/><D105/><U80/><E80/><V35/><F130/><W81/><G81/><T50/><D110/><U111/><E111/><V116/><F129/><W125/><G83/><T51/><D89/><U112/><E112/><V5/><F128/><W88/><G88/><T14/><D29/><U68/><AGARI ba="1,1" hai="0,6,11,24,30,32,39,43,46,61,66,68,77,79" machi="68" ten="20,7800,0" yaku="1,1,0,1,7,1,53,1" doraHai="123" doraHaiUra="69" who="1" fromWho="1" sc="240,-27,270,91,240,-27,240,-27" /><INIT seed="1,2,0,0,1,90" ten="213,361,213,213" oya="1" hai0="15,125,11,5,114,70,38,31,4,97,80,48,120" hai1="66,8,130,129,100,103,126,7,58,92,55,25,32" hai2="52,24,6,72,19,131,9,22,118,56,40,37,64" hai3="108,20,60,87,127,69,111,43,132,23,39,67,95"/><U50/><E126/><V65/><F118/><W49/><G39/><T3/><D38/><U105/><E105/><V36/><F72/><W1/><G1/><T59/><D70/><U85/><E66/><V82/><F131/><N who="1" m="50185" /><E85/><V78/><F37/><W81/><G127/><T122/><D125/><U75/><E75/><V104/><F104/><W63/><G63/><T110/><D114/><U51/><E51/><V45/><F82/><W30/><G30/><T113/><D113/><U33/><E25/><V86/><F86/><W107/><G107/><T29/><D80/><U12/><E100/><V13/><F78/><W35/><G35/><T16/><D48/><AGARI ba="2,0" hai="6,9,13,19,22,24,36,40,45,48,52,56,64,65" machi="48" ten="30,2000,0" yaku="7,1,54,1" doraHai="90" who="2" fromWho="0" sc="213,-26,361,0,213,26,213,0" /><INIT seed="2,0,0,3,5,129" ten="187,361,239,213" oya="2" hai0="44,100,37,60,22,80,101,75,89,21,63,124,84" hai1="126,114,36,27,131,2,134,91,43,125,96,72,17" hai2="9,10,41,4,35,88,127,76,115,64,24,32,110" hai3="78,14,98,97,105,122,46,112,50,13,1,57,59"/><V68/><F115/><W86/><G1/><T15/><D75/><U104/><E114/><V6/><F127/><N who="1" m="48649" /><E134/><V87/><F76/><W120/><G112/><T93/><D124/><U69/><E131/><V56/><F68/><W12/><G86/><T49/><D37/><U8/><E69/><V0/><F110/><W29/><G29/><T53/><D100/><U111/><E111/><V70/><F70/><W47/><G50/><T18/><REACH who="0" step="1"/><D21/><REACH who="0" ten="177,361,239,213" step="2"/><U26/><E36/><V102/><F102/><W62/><G120/><T92/><D92/><U74/><E74/><V99/><F35/><W123/><G123/><T25/><D25/><U3/><E26/><V95/><F24/><W73/><G73/><T45/><D45/><U54/><E27/><V106/><F32/><W103/><G47/><T7/><D7/><U132/><E72/><V42/><F6/><W19/><G46/><T39/><D39/><U33/><E33/><V107/><F107/><W113/><G113/><T55/><D55/><U119/><E54/><V79/><F106/><W38/><G38/><T128/><D128/><U133/><E104/><V11/><F4/><W116/><G122/><T109/><D109/><U94/><E94/><V90/><F42/><W28/><G103/><T108/><D108/><U83/><E43/><V51/><F41/><W85/><G105/><T66/><D66/><U135/><E135/><V118/><F64/><W58/><G28/><T77/><D77/><U34/><E133/><V40/><F79/><W117/><G78/><T67/><D67/><U23/><E132/><V20/><F40/><RYUUKYOKU ba="0,1" sc="177,30,361,-10,239,-10,213,-10" hai0="15,18,22,44,49,53,60,63,80,84,89,93,101" /><INIT seed="3,1,1,1,1,123" ten="207,351,229,203" oya="3" hai0="103,28,29,58,94,36,35,93,84,0,49,69,67" hai1="108,41,133,99,86,18,124,78,27,42,31,65,24" hai2="55,111,39,135,9,97,92,26,79,112,126,81,46" hai3="119,44,116,33,110,117,43,118,51,75,56,54,53"/><W129/><N who="3" m="29696" /><DORA hai="15" /><W102/><G33/><T63/><D0/><U88/><E108/><V22/><F112/><W96/><G75/><T132/><D35/><U115/><E115/><V1/><F126/><W83/><G83/><T120/><D120/><U8/><E124/><V14/><F111/><W6/><G6/><T37/><D132/><U113/><E113/><V32/><F135/><W127/><G127/><T80/><D36/><U100/><E78/><V19/><F1/><W52/><G110/><T95/><D37/><U60/><E133/><V89/><F32/><W17/><G129/><T74/><D74/><U104/><E18/><V12/><F39/><W70/><G70/><T66/><D103/><U10/><E10/><V20/><F20/><W7/><G7/><T87/><D87/><U25/><E8/><V76/><F14/><W21/><G56/><T130/><D130/><U62/><E31/><N who="0" m="11849" /><D49/><U4/><E4/><N who="2" m="3111" /><F81/><W68/><G68/><T45/><D45/><U3/><E3/><V125/><F125/><W48/><G48/><AGARI ba="1,1" hai="19,22,26,46,48,55,76,79,89,92,97" m="3111" machi="48" ten="30,2000,0" yaku="8,1,52,1" doraHai="123,15" who="2" fromWho="3" sc="207,0,351,0,229,33,203,-23" owari="207,-19.3,351,45.1,262,6.2,180,-32.0" /></mjloggm>