<mjloggm ver="2.3"><GO type="169" lobby="0"/><UN n0="%E3%81%97%E3%82%82%E3%82%93%E3%81%AC" n1="%E3%81%8B%E3%82%81%E3%81%98%E3%82%8D%E3%81%86" n2="%75%79%61%6D%61" n3="%E7%B9%AD%E3%82%92%E8%A7%A3%E3%81%8F" dan="16,16,17,17" rate="2211.47,2123.86,2110.88,2205.95" sx="M,M,M,M"/><TAIKYOKU oya="0"/><INIT seed="0,0,0,0,5,69" ten="250,250,250,250" oya="0" hai0="33,57,70,118,54,65,122,55,97,117,15,107,35" hai1="61,58,1,24,41,12,89,93,135,6,78,104,81" hai2="113,51,102,84,133,119,120,62,40,10,126,121,73" hai3="20,115,34,101,45,106,39,127,112,29,66,2,23"/><T53/><D122/><U22/><E135/><V4/><F113/><W96/><G20/><T0/><D0/><U85/><E104/><V105/><F73/><W94/><G23/><T74/><D70/><U76/><E1/><V72/><F72/><W32/><G94/><T128/><D74/><U80/><E41/><V44/><F133/><W109/><G109/><T11/><D128/><U17/><E6/><V125/><F119/><W63/><G2/><T56/><D117/><U49/><E49/><V83/><F62/><W134/><G127/><N who="2" m="48649" /><F102/><W7/><G7/><T14/><D118/><U98/><E12/><N who="2" m="5191" /><F105/><W75/><G75/><T110/><D110/><U114/><E114/><V48/><F48/><W21/><G21/><T88/><D14/><U92/><E92/><V47/><F47/><W38/><G134/><T79/><D107/><U103/><REACH who="1" step="1"/><E80/><REACH who="1" ten="250,240,250,250" step="2"/><V43/><F40/><W25/><G115/><T87/><D15/><U91/><E91/><AGARI ba="0,1" hai="43,44,51,83,84,91,120,121" m="5191,48649" machi="91" ten="30,1000,0" yaku="18,1" doraHai="69" who="2" fromWho="1" sc="250,0,240,-10,250,20,250,0" /><INIT seed="1,0,0,1,2,20" ten="250,230,270,250" oya="1" hai0="84,66,8,91,108,70,126,113,80,0,6,129,120" hai1="109,121,82,135,49,17,100,115,31,105,4,51,27" hai2="60,1,30,9,78,134,25,116,128,114,86,18,112" hai3="37,123,99,107,16,13,22,64,35,26,39,36,59"/><U88/><E115/><N who="2" m="44075" /><F116/><W46/><G123/><T95/><D113/><U47/><E121/><V81/><F128/><W50/><G64/><T40/><D120/><U93/><E135/><V52/><F134/><W85/><G59/><T119/><D119/><U65/><E4/><N who="2" m="1167" /><F18/><W15/><G85/><T41/><D129/><U132/><E132/><V56/><F30/><W45/><G35/><T38/><D126/><U94/><E17/><V110/><F110/><W75/><G75/><T117/><D108/><U125/><E125/><V133/><F133/><W67/><G67/><T57/><D80/><U118/><E118/><V68/><F68/><W48/><G107/><T76/><D70/><U102/><E109/><V33/><F33/><W122/><G99/><T2/><D117/><U74/><E65/><V23/><F23/><W90/><G90/><T87/><D66/><U104/><E104/><V89/><F89/><W131/><G131/><T101/><D91/><U7/><E7/><V124/><F124/><W42/><REACH who="3" step="1"/><G122/><REACH who="3" ten="250,230,270,240" step="2"/><T106/><D106/><U19/><E105/><V34/><F34/><W55/><AGARI ba="0,1" hai="13,15,16,22,26,36,37,39,42,45,46,48,50,55" machi="55" ten="30,8000,1" yaku="1,1,2,1,0,1,52,1,54,1,53,0" doraHai="20" doraHaiUra="53" who="3" fromWho="3" sc="250,-20,230,-40,270,-20,240,90" /><INIT seed="2,0,0,5,3,105" ten="230,190,250,330" oya="2" hai0="33,85,103,1,8,63,119,84,67,72,53,25,82" hai1="13,123,115,108,135,77,80,109,88,29,47,96,83" hai2="40,6,76,117,129,134,4,100,3,48,68,57,18" hai3="75,32,113,74,43,20,106,14,121,0,37,66,104"/><V35/><F117/><W70/><G14/><T21/><D119/><U97/><E29/><V59/><F68/><W49/><G49/><T127/><D127/><U42/><E115/><V19/><F35/><W30/><G20/><T10/><D33/><U102/><E13/><V78/><F48/><W2/><G121/><T71/><D103/><U17/><E17/><V44/><F100/><W64/><G113/><T28/><D53/><U86/><E47/><V124/><F44/><N who="3" m="23663" /><G66/><T118/><D118/><U15/><E15/><V62/><F40/><W116/><G116/><T39/><D39/><U34/><E42/><V89/><F89/><W133/><G133/><T81/><D1/><N who="3" m="617" /><G30/><T101/><D101/><U90/><E34/><V54/><F3/><W12/><G12/><T16/><D28/><U131/><E135/><V128/><F54/><W41/><G41/><T23/><D23/><U61/><E123/><V95/><F95/><W7/><G7/><T45/><D45/><U107/><E61/><V46/><F46/><W79/><G79/><T56/><D56/><U93/><E131/><V50/><F50/><W38/><G38/><T120/><D120/><U114/><E114/><V91/><F91/><W26/><G26/><T36/><D36/><U111/><REACH who="1" step="1"/><E108/><REACH who="1" ten="230,180,250,330" step="2"/><V126/><F62/><N who="3" m="40215" /><G32/><T132/><D132/><AGARI ba="0,1" hai="4,6,18,19,57,59,76,78,124,126,128,129,132,134" machi="132" ten="25,2400,0" yaku="22,2" doraHai="105" who="2" fromWho="0" sc="230,-24,180,0,250,34,330,0" /><INIT seed="2,1,0,5,0,78" ten="206,180,284,330" oya="2" hai0="20,61,22,129,65,48,35,117,25,18,90,99,124" hai1="86,56,128,40,62,29,68,57,41,119,102,43,44" hai2="135,130,96,10,37,118,50,77,8,32,64,23,15" hai3="109,39,17,42,74,46,67,127,16,133,107,36,52"/><V95/><F118/><W3/><G39/><T19/><D117/><U125/><E119/><V60/><F37/><W66/><G107/><T103/><D129/><U33/><E128/><V92/><F32/><W104/><G104/><T72/><D124/><U75/><E75/><V122/><F130/><W58/><G127/><T5/><D35/><U83/><E125/><V98/><F122/><W69/><G74/><T11/><D72/><U4/><E102/><V112/><F112/><W0/><G109/><T38/><D38/><U12/><E68/><V114/><F114/><W80/><G80/><T131/><D131/><U31/><E33/><V111/><F135/><W53/><G53/><T27/><D48/><U84/><E44/><V101/><F50/><N who="3" m="30999" /><G67/><T21/><D90/><N who="1" m="51487" /><E86/><V49/><F49/><W73/><G73/><T54/><D54/><N who="1" m="34071" /><E57/><N who="2" m="36879" /><F77/><W13/><G133/><T93/><D21/><U134/><E134/><V105/><F105/><W63/><G17/><T116/><D116/><U89/><E89/><N who="2" m="55311" /><F111/><W108/><G108/><T34/><D34/><U121/><E121/><V71/><F71/><W59/><G59/><T126/><D126/><U24/><E24/><V120/><F120/><W28/><G28/><T79/><D79/><U110/><E110/><V106/><F106/><W14/><G16/><AGARI ba="1,0" hai="8,10,15,16,23,95,98,101" m="55311,36879" machi="16" ten="30,2900,0" yaku="8,1,54,1" doraHai="78" who="2" fromWho="3" sc="206,0,180,0,284,32,330,-32" /><INIT seed="2,2,0,4,4,80" ten="206,180,316,298" oya="2" hai0="120,34,90,133,79,57,28,3,38,132,72,100,20" hai1="39,93,84,76,119,82,126,21,124,134,78,104,67" hai2="41,11,131,7,106,130,53,103,45,118,62,60,69" hai3="25,13,105,112,81,32,23,65,68,129,47,86,48"/><V22/><F118/><W128/><G105/><T95/><D120/><U70/><E119/><V71/><F22/><W37/><G37/><T15/><D3/><U9/><E39/><N who="2" m="21695" /><F103/><W30/><G112/><T8/><D38/><U56/><E104/><V31/><F31/><W51/><G65/><T114/><D114/><U97/><E70/><N who="2" m="26635" /><F106/><W36/><G68/><T107/><D34/><U18/><E134/><V49/><F11/><W66/><G66/><T1/><D1/><U0/><E67/><V16/><F16/><N who="3" m="10639" /><G47/><T121/><D121/><U6/><E56/><N who="2" m="32815" /><F7/><W85/><G36/><T12/><D28/><U54/><E54/><V122/><F122/><W59/><G59/><T42/><D57/><U24/><REACH who="1" step="1"/><E78/><REACH who="1" ten="206,170,316,298" step="2"/><V2/><F2/><W89/><G86/><T29/><D79/><U14/><E14/><V113/><F113/><W99/><G99/><T92/><D12/><U33/><E33/><V64/><F64/><W109/><G109/><T40/><D15/><U98/><E98/><V87/><F87/><W101/><G101/><AGARI ba="2,1" hai="0,6,9,18,21,24,76,82,84,93,97,101,124,126" machi="101" ten="40,2600,0" yaku="1,1,52,1,53,0" doraHai="80" doraHaiUra="123" who="1" fromWho="3" sc="206,0,170,42,316,0,298,-32" /><INIT seed="3,0,0,2,1,98" ten="206,212,316,266" oya="3" hai0="36,132,125,119,51,37,44,58,55,57,115,19,12" hai1="7,135,56,66,134,81,102,31,15,45,110,129,68" hai2="122,76,133,52,120,60,13,103,99,106,54,32,41" hai3="62,73,112,27,124,109,113,8,126,3,86,105,82"/><W123/><G123/><N who="2" m="47145" /><F32/><W53/><G105/><T21/><D119/><U89/><E68/><V121/><F133/><N who="1" m="50697" /><E110/><V42/><N who="2" m="47153" /><V30/><DORA hai="74" /><F30/><W1/><G73/><T28/><D132/><U130/><E31/><V49/><F13/><W127/><G27/><T35/><D125/><U10/><E45/><N who="2" m="27695" /><F76/><N who="3" m="46407" /><G109/><T47/><D115/><N who="3" m="44105" /><G8/><T95/><D95/><U61/><E102/><V38/><F38/><W25/><G25/><T39/><REACH who="0" step="1"/><D44/><REACH who="0" ten="196,212,316,266" step="2"/><U23/><E23/><V117/><F117/><W70/><G70/><T6/><D6/><U131/><E129/><V75/><F75/><W48/><G62/><T50/><D50/><U34/><E34/><V33/><F33/><W79/><G79/><T85/><D85/><AGARI ba="0,1" hai="7,10,15,56,61,66,81,85,89,130,131" m="50697" machi="85" ten="30,1000,0" yaku="20,1" doraHai="98,74" who="1" fromWho="0" sc="196,-10,212,20,316,0,266,0" /><INIT seed="4,0,0,1,4,28" ten="186,232,316,266" oya="0" hai0="10,84,48,130,108,45,135,71,13,58,101,50,22" hai1="53,115,16,93,32,65,109,12,75,17,111,37,120" hai2="56,81,19,21,34,40,55,117,127,23,9,114,64" hai3="107,6,94,79,88,78,57,51,97,118,72,54,67"/><T44/><D71/><U134/><E37/><V96/><F114/><W1/><G118/><T128/><D135/><U0/><E75/><V68/><F127/><W132/><G132/><T123/><D123/><U104/><E104/><V30/><F40/><W83/><G78/><T4/><D108/><U25/><E65/><V47/><F47/><W35/><G35/><T52/><D101/><U119/><E120/><V61/><F81/><W103/><G67/><T15/><D84/><U63/><E119/><V49/><F117/><W2/><G6/><T3/><D58/><U8/><E134/><V7/><F96/><AGARI ba="0,0" hai="1,2,51,54,57,72,79,83,88,94,96,97,103,107" machi="96" ten="30,2000,0" yaku="7,1,54,1" doraHai="28" who="3" fromWho="2" sc="186,0,232,0,316,-20,266,20" /><INIT seed="5,0,0,5,1,25" ten="186,232,296,286" oya="1" hai0="30,84,114,72,111,28,15,123,105,36,35,49,76" hai1="97,41,80,62,7,121,81,54,0,125,9,75,55" hai2="82,34,45,129,56,67,10,130,63,47,95,101,60" hai3="117,89,17,113,38,134,19,65,48,61,33,3,112"/><U107/><E121/><V18/><F34/><W51/><G38/><T69/><D36/><U29/><E125/><V106/><F106/><W58/><G134/><T90/><D111/><U14/><E0/><V86/><F63/><W26/><G3/><T8/><D69/><U5/><E5/><V20/><F10/><W116/><G89/><T52/><D123/><U135/><E135/><V59/><F59/><W122/><G122/><T13/><D105/><U92/><E107/><V71/><F71/><W120/><G120/><T96/><D96/><U88/><E41/><V32/><F32/><W73/><G73/><T118/><D118/><N who="3" m="45673" /><G33/><T50/><D35/><U70/><E29/><V2/><F2/><W77/><G77/><T46/><D114/><N who="3" m="44137" /><G26/><T24/><D24/><U128/><E128/><N who="2" m="49259" /><F95/><W6/><G6/><N who="0" m="3223" /><D76/><U22/><E22/><V31/><F101/><W64/><G65/><T115/><D72/><U87/><E75/><V12/><F31/><N who="0" m="11818" /><D115/><U133/><E133/><V39/><F39/><W40/><G40/><T119/><D119/><U23/><E23/><V74/><F74/><W4/><G4/><T102/><D102/><U98/><E98/><V110/><F110/><W93/><G19/><T109/><D109/><U104/><E104/><V100/><F100/><W21/><G21/><T27/><D27/><U103/><E103/><V91/><AGARI ba="0,0" hai="12,18,20,45,47,56,60,67,82,86,91" m="49259" machi="91" ten="30,1100,0" yaku="19,1" doraHai="25" who="2" fromWho="2" sc="186,-3,232,-5,296,11,286,-3" /><INIT seed="6,0,0,3,4,32" ten="183,227,307,283" oya="2" hai0="22,81,62,23,95,102,31,49,5,7,60,12,98" hai1="93,29,116,15,69,100,133,57,21,52,40,51,25" hai2="114,48,130,77,45,108,113,8,14,132,120,9,2" hai3="0,88,64,28,89,96,1,119,55,82,115,122,50"/><V103/><F120/><W74/><G119/><T86/><D49/><U97/><E133/><V20/><F132/><W13/><G122/><T4/><D12/><U76/><E116/><V36/><F36/><W107/><G64/><T94/><D94/><U6/><E69/><V121/><F121/><W46/><G28/><T99/><D99/><U112/><E112/><V34/><F34/><W79/><G115/><T19/><D31/><U10/><E76/><V117/><F117/><W42/><G42/><AGARI ba="0,0" hai="6,10,15,21,25,29,40,42,51,52,57,93,97,100" machi="42" ten="40,2600,0" yaku="8,1,54,1" doraHai="32" who="1" fromWho="3" sc="183,0,227,26,307,0,283,-26" /><INIT seed="7,0,0,4,3,42" ten="183,253,307,257" oya="3" hai0="94,57,105,4,33,24,128,59,52,134,68,7,73" hai1="69,96,12,44,66,85,19,29,67,46,97,6,75" hai2="30,54,27,47,114,63,83,91,16,3,110,132,82" hai3="92,101,103,56,74,40,13,99,25,122,70,79,93"/><W100/><G70/><T77/><D105/><U38/><E75/><V71/><F110/><W121/><G40/><T81/><D68/><U15/><E38/><V88/><F3/><W109/><G25/><T84/><D128/><U130/><E130/><V45/><F71/><W26/><G26/><T51/><D134/><U11/><E29/><V10/><F30/><W36/><G36/><T78/><D33/><U58/><E67/><V34/><F34/><W20/><G20/><T48/><D24/><U65/><E69/><V32/><F32/><W50/><G13/><T107/><D107/><U118/><E85/><V113/><F132/><W28/><G28/><T43/><D77/><U127/><E127/><V8/><F63/><W53/><G109/><T9/><D9/><N who="1" m="6639" /><E118/><V87/><F27/><W80/><REACH who="3" step="1"/><G93/><REACH who="3" ten="183,253,307,247" step="2"/><T115/><D115/><U116/><E116/><V111/><F111/><W125/><G125/><T126/><D126/><U49/><E12/><V17/><F114/><W22/><G22/><T35/><D35/><U120/><E11/><V131/><F113/><W133/><G133/><T124/><D124/><U106/><E106/><V14/><F131/><W119/><G119/><T95/><D95/><U2/><E2/><V1/><F1/><W0/><G0/><T5/><D94/><U123/><E120/><AGARI ba="0,1" hai="50,53,56,74,79,80,92,99,100,101,103,120,121,122" machi="120" ten="40,2000,0" yaku="1,1,53,0" doraHai="42" doraHaiUra="18" who="3" fromWho="1" sc="183,0,253,-20,307,0,247,30" /><INIT seed="7,1,0,0,3,116" ten="183,233,307,277" oya="3" hai0="46,79,81,108,133,26,87,62,107,88,70,45,113" hai1="28,40,127,37,131,27,36,82,94,119,21,122,76" hai2="93,90,106,110,99,101,123,50,67,56,128,13,73" hai3="120,41,24,102,58,8,29,135,43,23,17,105,19"/><W15/><G120/><T14/><D108/><U69/><E119/><V35/><F110/><W126/><G126/><T71/><D133/><U86/><E127/><V80/><F35/><W85/><G135/><T65/><D107/><U92/><E131/><V64/><F123/><W49/><G105/><T1/><D1/><U7/><E69/><V48/><F13/><W63/><G102/><T25/><D70/><U11/><E122/><V125/><F125/><W32/><G49/><T33/><D113/><U5/><E5/><V114/><F114/><W103/><G103/><T20/><D14/><U9/><E11/><V83/><F83/><W134/><G134/><T111/><D111/><U6/><E6/><V117/><F117/><W39/><G39/><T78/><D33/><U75/><E86/><N who="2" m="52439" /><F128/><W115/><G115/><T18/><D25/><U47/><REACH who="1" step="1"/><E36/><REACH who="1" ten="183,223,307,277" step="2"/><V54/><F50/><W2/><G85/><T59/><REACH who="0" step="1"/><D71/><REACH who="0" ten="173,223,307,277" step="2"/><U42/><E42/><V104/><F104/><W55/><G2/><AGARI ba="1,2" hai="2,7,9,21,27,28,37,40,47,75,76,82,92,94" machi="2" ten="30,7700,0" yaku="1,1,7,1,25,2,53,0" doraHai="116" doraHaiUra="112" who="1" fromWho="3" sc="173,0,223,100,307,0,277,-80" owari="173,-32.7,323,42.3,307,10.7,197,-20.3" /></mjloggm>