<mjloggm ver="2.3"><GO type="225" lobby="0"/><UN n0="%E5%BA%84%E5%8F%B8%E5%81%A5%E5%A4%AA%E6%9C%97" n1="%E3%81%BF%E3%81%BF%E3%81%9A" n2="%E3%83%A9%E3%83%BC%E3%83%A1%E3%83%B3%E4%BA%94%E9%83%8E" n3="%E5%85%83%E3%82%AB%E3%83%8E%E7%B3%BB%E3%83%92%E3%83%AD%E3%82%A4%E3%83%B3" dan="16,17,16,16" rate="2033.16,2271.95,2070.62,2184.58" sx="M,M,M,M"/><TAIKYOKU oya="0"/><INIT seed="0,0,0,1,3,48" ten="250,250,250,250" oya="0" hai0="65,119,59,107,133,64,84,45,7,115,33,112,97" hai1="21,76,91,14,37,75,71,134,86,126,69,23,103" hai2="5,114,92,132,131,74,117,80,8,98,27,26,129" hai3="58,28,124,62,83,123,61,68,3,18,88,31,29"/><T35/><D119/><U87/><E37/><V111/><F114/><W78/><G124/><T20/><D7/><U1/><E1/><V135/><F117/><W32/><G123/><T118/><D118/><U49/><E103/><V13/><F111/><W6/><G32/><N who="0" m="12363" /><D20/><U121/><E121/><V15/><F15/><W82/><G68/><T56/><D45/><U130/><E75/><V70/><F70/><W63/><G3/><T81/><D84/><U41/><E126/><V40/><F40/><W67/><G6/><T52/><D97/><U102/><E102/><V39/><F39/><W110/><G110/><T95/><D95/><U57/><E69/><V77/><F26/><W128/><G18/><T30/><D81/><U60/><E71/><V79/><F27/><W9/><G9/><T38/><D38/><U85/><E23/><V96/><F79/><W104/><G78/><T34/><D107/><U36/><E36/><V66/><F66/><N who="0" m="25706" /><D133/><N who="2" m="51274" /><F98/><W12/><G104/><T0/><D0/><U113/><E134/><V25/><F25/><W19/><G19/><T43/><D43/><U53/><E76/><V16/><F5/><W100/><G82/><T73/><D73/><U2/><E2/><V24/><F24/><W51/><G83/><T46/><D30/><U125/><E125/><V55/><F55/><W93/><G29/><T72/><D72/><U106/><E53/><V42/><F42/><W120/><G28/><T101/><D34/><U17/><E41/><V90/><AGARI ba="0,0" hai="8,13,16,74,77,80,90,92,96,129,131" m="51274" machi="90" ten="30,2000,0" yaku="20,1,54,1" doraHai="48" who="2" fromWho="2" sc="250,-10,250,-5,250,20,250,-5" /><INIT seed="1,0,0,1,1,95" ten="240,245,270,245" oya="1" hai0="4,97,59,118,27,5,129,10,54,125,70,134,58" hai1="33,11,43,98,102,131,127,80,49,9,71,68,21" hai2="25,12,126,3,112,108,51,31,119,28,32,77,116" hai3="69,79,93,41,40,88,109,74,96,47,55,78,81"/><U72/><E33/><V30/><F77/><W62/><G109/><T132/><D70/><U29/><E127/><V26/><F108/><W104/><G78/><T53/><D118/><U1/><E131/><V35/><F51/><W46/><G104/><T57/><D125/><U92/><E29/><N who="2" m="19503" /><F126/><W130/><G130/><T113/><D129/><U34/><E34/><V75/><F75/><W101/><G101/><T36/><D36/><U110/><E21/><V73/><F73/><W107/><G107/><T91/><D27/><U22/><E22/><V103/><F103/><W111/><G111/><T94/><D113/><U38/><E49/><V50/><F50/><W13/><G13/><T15/><REACH who="0" step="1"/><D5/><REACH who="0" ten="230,245,270,245" step="2"/><N who="1" m="1199" /><E110/><V2/><F112/><W48/><REACH who="3" step="1"/><G46/><REACH who="3" ten="230,245,270,235" step="2"/><T123/><D123/><U23/><E68/><V16/><F35/><W61/><G61/><T66/><D66/><AGARI ba="0,2" hai="40,41,47,48,55,62,66,69,74,79,81,88,93,96" machi="66" ten="40,5200,0" yaku="1,1,52,1,54,1,53,0" doraHai="95" doraHaiUra="135" who="3" fromWho="0" sc="230,-52,245,0,270,0,235,72" /><INIT seed="2,0,0,4,5,86" ten="178,245,270,307" oya="2" hai0="110,53,98,104,22,8,75,124,45,83,132,105,125" hai1="77,135,23,18,28,10,66,65,74,70,44,29,20" hai2="11,26,32,61,54,31,113,112,71,94,12,87,99" hai3="84,2,36,102,90,60,126,69,27,24,85,73,128"/><V7/><F87/><W52/><G73/><T118/><D8/><U95/><E74/><V6/><F6/><W96/><G36/><T100/><D22/><N who="1" m="8235" /><E70/><V19/><F7/><W63/><G2/><T3/><D3/><U129/><E77/><V101/><REACH who="2" step="1"/><F54/><REACH who="2" ten="178,245,260,307" step="2"/><W43/><G52/><T111/><D53/><U49/><E129/><V127/><F127/><W121/><G84/><T50/><D125/><U89/><E135/><V34/><F34/><W109/><G85/><T79/><D132/><U13/><E66/><AGARI ba="0,1" hai="11,12,19,26,31,32,61,66,71,94,99,101,112,113" machi="66" ten="40,3900,0" yaku="1,1,53,1" doraHai="86" doraHaiUra="91" who="2" fromWho="1" sc="178,0,245,-39,260,49,307,0" /><INIT seed="2,1,0,4,1,125" ten="178,206,309,307" oya="2" hai0="23,26,16,45,20,24,80,53,51,39,124,114,19" hai1="120,47,1,82,44,54,98,112,63,132,55,65,135" hai2="22,49,85,36,29,14,2,4,18,42,69,43,61" hai3="35,56,126,52,33,64,62,38,77,5,96,57,28"/><V88/><F36/><W101/><G126/><T9/><D124/><U130/><E1/><V32/><F69/><W68/><G38/><T128/><D114/><U27/><E112/><V104/><F104/><W71/><G77/><T48/><D39/><U83/><E120/><V86/><F61/><W109/><G5/><T30/><D128/><U72/><E130/><V8/><F49/><W90/><G109/><T131/><D131/><U118/><E118/><V121/><F121/><W110/><G110/><T119/><D119/><U11/><E98/><V115/><F115/><W10/><G10/><T6/><D80/><N who="1" m="30763" /><E27/><N who="2" m="18495" /><F86/><W31/><G90/><T15/><REACH who="0" step="1"/><D51/><REACH who="0" ten="168,206,309,307" step="2"/><U111/><E111/><V105/><F105/><W76/><G33/><T133/><D133/><N who="1" m="51275" /><E72/><V17/><F2/><W7/><G35/><T70/><D70/><N who="1" m="42303" /><E11/><V60/><F8/><W59/><G71/><T127/><D127/><U87/><E87/><V34/><F85/><W113/><G113/><T81/><D81/><U102/><E102/><V37/><F34/><W106/><G68/><T0/><D0/><U21/><E21/><V73/><F22/><W13/><G101/><T66/><D66/><U117/><E117/><V41/><F37/><W12/><G64/><T107/><D107/><U67/><E67/><V78/><F73/><W95/><G106/><T91/><D91/><U50/><E50/><V134/><F88/><W100/><G100/><T108/><D108/><U122/><E122/><V46/><F134/><W116/><G116/><T74/><D74/><U79/><E79/><V58/><F78/><W103/><G76/><RYUUKYOKU ba="1,1" sc="168,15,206,15,309,-15,307,-15" hai0="6,9,15,16,19,20,23,24,26,30,45,48,53" hai1="44,47,54,55" /><INIT seed="3,2,1,1,5,67" ten="183,221,294,292" oya="3" hai0="105,48,45,115,28,98,127,10,89,18,0,120,130" hai1="95,87,77,51,9,17,50,72,96,113,81,74,19" hai2="134,54,29,37,30,6,93,114,16,5,62,38,80" hai3="53,118,100,2,39,8,56,23,126,44,26,97,103"/><W34/><G118/><T68/><D120/><U65/><E113/><V15/><F114/><W3/><G34/><T123/><D123/><U133/><E133/><V101/><F134/><W78/><G78/><T70/><D115/><U12/><E74/><V31/><F37/><W64/><G8/><T125/><D130/><U108/><E108/><V128/><F38/><W66/><G126/><N who="0" m="48139" /><D28/><U41/><E72/><V69/><F69/><N who="0" m="26730" /><D89/><U32/><E65/><V14/><F128/><W109/><G64/><T110/><D110/><U27/><E41/><V88/><F101/><W99/><G66/><T84/><D84/><U13/><E27/><V106/><F30/><W119/><G100/><N who="0" m="62615" /><D18/><U7/><E32/><V20/><F88/><W79/><G97/><T47/><D48/><N who="1" m="18475" /><E13/><V55/><F16/><W49/><G39/><T25/><D25/><U75/><E75/><V35/><F29/><W43/><G99/><T83/><D83/><U111/><E111/><V107/><F31/><W86/><G109/><T121/><D121/><U85/><E85/><V61/><F80/><W102/><G86/><T112/><D112/><U104/><E104/><V124/><F124/><W91/><G91/><AGARI ba="2,1" hai="7,9,12,17,19,77,81,87,91,95,96" m="18475" machi="91" ten="30,1000,0" yaku="8,1" doraHai="67" who="1" fromWho="3" sc="183,0,221,26,294,0,292,-16" /><INIT seed="4,0,0,5,4,75" ten="183,247,294,276" oya="0" hai0="60,32,17,77,1,133,125,15,11,59,111,79,35" hai1="119,122,108,115,81,31,24,53,89,14,4,130,120" hai2="86,112,127,99,50,68,21,26,80,117,38,37,28" hai3="74,40,109,70,116,27,135,134,54,23,67,19,72"/><T43/><D111/><U124/><E53/><V39/><F68/><W107/><G109/><T44/><D125/><U66/><E89/><V114/><F127/><W69/><G116/><T3/><D133/><N who="3" m="50697" /><G107/><T97/><D97/><U52/><E52/><V95/><F117/><W22/><G40/><T20/><D35/><U42/><E81/><V46/><F95/><W7/><G7/><T94/><D32/><U10/><E42/><N who="2" m="24919" /><F99/><W85/><G23/><T78/><D94/><U105/><E66/><V5/><F5/><W12/><G27/><T58/><D58/><U41/><E41/><V121/><F121/><W96/><G96/><T92/><D92/><U129/><E105/><V102/><F102/><W34/><G34/><T55/><REACH who="0" step="1"/><D20/><REACH who="0" ten="173,247,294,276" step="2"/><N who="1" m="15751" /><E108/><V9/><F114/><W126/><G126/><T13/><D13/><N who="1" m="5319" /><E124/><V63/><F112/><W103/><G69/><T18/><D18/><U100/><E115/><V56/><F56/><W83/><G19/><T47/><D47/><U82/><E119/><V6/><F28/><W104/><G70/><T76/><N who="0" m="19456" /><DORA hai="132" /><T71/><D71/><U33/><E33/><V0/><F21/><W36/><G22/><T51/><AGARI ba="0,1" hai="1,3,11,15,17,43,44,51,55,59,60" m="19456" machi="51" ten="40,18000,2" yaku="1,1,0,1,52,4,53,1" doraHai="75,132" doraHaiUra="110,45" who="0" fromWho="0" sc="173,190,247,-60,294,-60,276,-60" owari="363,46.3,187,-31.3,234,3.4,216,-18.4" /></mjloggm>