<mjloggm ver="2.3"><GO type="169" lobby="0"/><UN n0="%70%6F%6E%2D%65%6E" n1="%E6%99%82%E8%A8%88%E5%9D%82%E9%9B%B6" n2="%E3%81%B1%E3%82%93%E3%81%AA%E3%81%93%E3%81%BE%E3%81%A3%E3%81%9F" n3="%E3%81%8B%E3%82%81%E3%81%98%E3%82%8D%E3%81%86" dan="16,16,17,17" rate="2117.38,2138.43,2213.86,2169.72" sx="F,M,M,M"/><TAIKYOKU oya="0"/><INIT seed="0,0,0,5,1,73" ten="250,250,250,250" oya="0" hai0="110,31,133,41,126,4,99,47,58,19,51,54,105" hai1="82,109,134,1,95,22,11,92,115,130,124,84,86" hai2="111,67,132,100,10,39,16,38,104,135,23,44,107" hai3="63,40,61,120,13,103,75,70,37,129,90,12,72"/><T14/><D126/><U36/><E36/><V68/><F111/><W46/><G129/><T25/><D133/><N who="2" m="51274" /><F10/><W116/><G116/><T131/><D131/><U106/><E106/><N who="2" m="40491" /><F100/><W85/><G103/><T3/><D110/><U5/><E130/><V20/><F44/><W91/><G120/><T64/><D3/><U2/><E109/><V74/><F74/><W52/><G72/><T123/><D123/><U88/><E134/><V53/><F53/><W33/><G33/><T77/><D4/><U114/><E124/><V80/><F80/><W128/><G75/><T65/><D99/><U18/><E1/><V43/><F43/><W121/><G128/><T118/><D105/><U108/><E108/><V87/><F87/><W7/><G121/><T55/><D118/><U83/><E83/><V93/><F93/><W57/><G7/><T79/><D64/><U117/><E117/><V69/><F67/><W24/><G90/><T122/><D65/><U78/><REACH who="1" step="1"/><E95/><REACH who="1" ten="250,240,250,250" step="2"/><V97/><F97/><W89/><G37/><N who="2" m="13833" /><F16/><W66/><G70/><AGARI ba="0,1" hai="20,23,68,69,70" m="13833,40491,51274" machi="70" ten="40,5200,0" yaku="28,2,20,1" doraHai="73" who="2" fromWho="3" sc="250,0,240,0,250,62,250,-52" /><INIT seed="1,0,0,2,4,53" ten="250,240,312,198" oya="1" hai0="107,34,109,65,35,68,120,86,10,55,29,23,64" hai1="44,48,26,11,72,126,56,50,91,102,62,121,81" hai2="79,15,88,87,133,129,130,75,117,83,93,40,98" hai3="119,71,106,19,123,16,38,6,127,9,69,4,17"/><U97/><E121/><V99/><F15/><W60/><G123/><T108/><D120/><U118/><E118/><V33/><F40/><W80/><G119/><T111/><D107/><U14/><E126/><V52/><F33/><N who="0" m="12298" /><D68/><U31/><E72/><V58/><F117/><W116/><G116/><T37/><D37/><U32/><E81/><V27/><F27/><W89/><G127/><T77/><D10/><U85/><E85/><V24/><F24/><W49/><G106/><T66/><D55/><U84/><E84/><V12/><F12/><W124/><G38/><T103/><D103/><U28/><E28/><V30/><F30/><W21/><G124/><T7/><D7/><U125/><E125/><V47/><F47/><W57/><G21/><T39/><D39/><U46/><E91/><V96/><REACH who="2" step="1"/><F133/><REACH who="2" ten="250,240,302,198" step="2"/><W45/><G9/><T67/><D29/><U90/><E46/><V5/><F5/><W8/><G8/><T73/><D23/><U70/><E44/><V112/><F112/><W94/><G6/><T43/><D43/><U1/><E11/><V42/><F42/><N who="3" m="24759" /><G4/><T61/><D108/><U41/><E32/><V132/><F132/><W134/><G134/><T78/><D109/><U22/><E22/><V128/><F128/><W2/><G19/><T54/><D111/><U104/><E41/><V100/><F100/><W18/><G17/><T122/><D122/><U3/><E102/><V25/><F25/><W76/><G16/><T74/><D74/><U135/><E26/><V59/><F59/><W82/><G18/><T63/><D73/><U105/><E135/><RYUUKYOKU ba="0,1" sc="250,-10,240,-10,302,30,198,-10" hai2="52,58,75,79,83,87,88,93,96,98,99,129,130" /><INIT seed="2,1,1,5,5,77" ten="240,230,332,188" oya="2" hai0="72,57,89,78,47,0,67,30,60,52,41,63,116" hai1="104,53,55,96,25,32,21,46,36,87,128,120,31" hai2="84,117,13,39,134,26,68,71,135,127,97,62,40" hai3="122,86,23,12,66,45,101,103,91,44,38,73,49"/><V64/><F117/><W9/><G122/><T56/><D116/><U114/><E114/><V16/><F127/><W112/><G73/><T109/><D109/><U58/><E128/><V11/><F97/><W28/><G112/><T76/><D72/><U42/><E120/><V83/><F26/><N who="3" m="16479" /><G66/><T24/><D0/><U14/><E58/><V107/><F107/><W5/><G38/><T124/><D89/><U3/><E3/><V50/><F39/><W51/><G51/><T27/><D124/><U90/><E14/><V43/><F71/><W17/><G5/><T74/><D74/><U113/><E113/><V131/><F131/><W133/><G133/><N who="2" m="50697" /><F50/><W48/><G48/><T108/><D108/><U125/><E32/><V129/><F129/><W88/><G91/><AGARI ba="1,1" hai="11,13,16,40,43,62,64,68,83,84,91" m="50697" machi="91" ten="30,5800,0" yaku="20,1,52,1,54,1" doraHai="77" who="2" fromWho="3" sc="240,0,230,0,332,71,188,-61" /><INIT seed="2,2,0,5,1,10" ten="240,230,403,127" oya="2" hai0="48,15,47,42,121,36,90,7,23,88,64,115,25" hai1="6,38,65,62,76,13,12,104,127,112,26,9,114" hai2="1,124,8,95,116,28,51,20,113,82,100,78,80" hai3="66,77,49,71,109,54,53,29,92,130,132,131,133"/><V94/><F113/><W31/><G77/><T56/><D121/><U70/><E38/><V69/><F116/><W24/><G92/><T125/><D125/><U98/><E127/><V35/><F69/><W107/><G107/><T83/><D115/><U32/><E76/><V52/><F35/><W19/><G19/><N who="0" m="12543" /><D36/><U57/><E57/><V110/><F124/><W129/><G109/><T117/><D117/><U45/><E45/><V134/><F134/><W86/><G86/><T123/><D123/><U73/><E73/><V33/><F33/><W14/><G14/><T22/><D83/><U27/><E27/><V60/><F110/><W68/><G31/><T61/><D22/><U21/><E21/><V16/><F28/><W34/><G54/><T67/><D64/><U91/><E12/><V41/><F8/><AGARI ba="2,0" hai="7,8,15,42,47,48,56,61,67,88,90" m="12543" machi="8" ten="30,3900,0" yaku="8,1,52,1,54,1" doraHai="10" who="0" fromWho="2" sc="240,45,230,0,403,-45,127,0" /><INIT seed="3,0,0,4,3,82" ten="285,230,358,127" oya="3" hai0="18,80,1,117,104,79,44,33,50,32,56,29,100" hai1="27,89,128,78,115,55,9,68,19,74,107,37,36" hai2="87,98,93,70,59,31,121,66,64,76,17,35,106" hai3="103,16,5,41,120,105,51,48,102,127,54,30,11"/><W3/><G120/><T123/><D123/><U111/><E115/><V85/><F121/><W95/><G105/><T116/><D1/><U6/><E107/><V65/><F106/><W46/><G127/><T4/><D4/><U109/><E68/><V94/><F70/><W15/><G30/><T42/><D18/><U49/><E128/><V26/><F76/><W0/><G0/><T114/><D114/><U126/><E126/><V122/><F122/><W13/><G3/><T90/><D90/><U7/><E89/><V125/><F125/><W124/><G95/><T22/><D22/><N who="1" m="13791" /><E78/><V20/><F59/><W21/><REACH who="3" step="1"/><G124/><REACH who="3" ten="285,230,358,117" step="2"/><T135/><D29/><U39/><E111/><V45/><F94/><W130/><G130/><T96/><D104/><U72/><E109/><V23/><F35/><W69/><G69/><T67/><D32/><U99/><E72/><V47/><F93/><W63/><G63/><T8/><D33/><U58/><E74/><V132/><F98/><W53/><G53/><T131/><D96/><U61/><E99/><V14/><F132/><W133/><G133/><T28/><D135/><U71/><E71/><V43/><F43/><W60/><G60/><T134/><D42/><U2/><E61/><V112/><F112/><W25/><G25/><T12/><D134/><U84/><E2/><V73/><F73/><W92/><G92/><T75/><D75/><U110/><E110/><V77/><F77/><W34/><G34/><T119/><D79/><U24/><E24/><V10/><F23/><W52/><G52/><N who="0" m="29767" /><D131/><U129/><E129/><V101/><F101/><RYUUKYOKU ba="0,1" sc="285,-15,230,-15,358,15,117,15" hai2="10,14,17,20,26,31,45,47,64,65,66,85,87" hai3="5,11,13,15,16,21,41,46,48,51,54,102,103" /><INIT seed="3,1,1,4,0,120" ten="270,215,373,132" oya="3" hai0="29,0,135,43,23,82,65,92,56,37,1,74,128" hai1="70,117,12,34,21,134,78,108,110,41,85,133,38" hai2="83,113,64,51,101,44,20,112,25,104,102,49,50" hai3="115,18,88,47,93,125,61,19,53,80,127,32,68"/><W35/><G115/><T4/><D135/><N who="1" m="51723" /><E34/><N who="3" m="12842" /><G80/><T30/><D128/><U73/><E73/><V9/><F104/><W13/><G68/><T10/><D23/><U96/><E70/><V86/><F64/><W69/><G69/><T91/><D1/><U90/><E117/><V57/><F57/><N who="3" m="34991" /><G13/><T66/><D66/><U45/><E96/><V63/><F63/><W75/><G47/><N who="0" m="24047" /><D56/><U77/><E21/><V126/><F44/><W24/><G24/><T119/><D65/><U72/><E12/><V99/><F113/><W48/><G48/><T94/><D119/><U55/><E55/><V60/><F60/><W107/><G107/><T14/><D14/><U124/><E124/><N who="3" m="47690" /><G75/><T62/><D62/><U132/><N who="1" m="51731" /><U58/><DORA hai="129" /><E58/><V11/><F126/><W116/><G116/><T109/><D74/><U81/><E77/><V36/><F112/><W5/><G5/><T98/><D4/><U39/><E39/><V16/><F36/><W131/><G131/><T33/><D0/><U3/><E3/><V123/><F123/><W17/><G17/><T122/><D33/><U15/><E15/><V111/><F51/><W79/><G79/><T87/><D122/><U28/><E28/><V84/><F50/><W95/><G95/><AGARI ba="1,1" hai="38,41,45,72,78,81,85,90,95,108,110" m="51731" machi="95" ten="40,12000,2" yaku="20,1,52,6" doraHai="120,129" who="1" fromWho="3" sc="270,0,215,133,373,0,132,-123" /><INIT seed="4,0,0,0,0,38" ten="270,348,373,9" oya="0" hai0="64,132,10,112,19,75,105,92,69,97,73,88,118" hai1="123,133,2,81,46,128,115,32,71,130,25,36,90" hai2="59,56,12,43,54,24,35,66,100,28,62,85,63" hai3="29,5,33,86,65,83,37,98,127,15,93,124,107"/><T134/><D112/><U21/><E123/><V8/><F100/><W60/><G37/><T40/><D118/><U114/><E71/><V77/><F85/><W39/><G39/><T6/><D19/><U22/><E2/><V113/><F113/><N who="1" m="43017" /><E133/><N who="0" m="51305" /><D105/><U50/><E36/><V94/><F94/><W79/><G5/><T121/><D121/><U52/><E32/><V84/><F84/><W17/><G17/><T68/><D64/><U0/><E0/><V108/><F77/><W26/><G15/><N who="0" m="5591" /><D69/><U16/><E21/><V20/><F108/><W1/><G1/><T104/><D68/><U110/><E110/><V89/><F35/><W87/><G87/><AGARI ba="0,0" hai="16,22,25,46,50,52,81,87,90,128,130" m="43017" machi="87" ten="30,7700,0" yaku="15,1,11,1,54,2" doraHai="38" who="1" fromWho="3" sc="270,0,348,77,373,0,9,-77" owari="270,-13.0,425,52.5,373,17.3,-68,-56.8" /></mjloggm>