<mjloggm ver="2.3"><GO type="225" lobby="0"/><UN n0="%E9%A6%AC%E5%BC%95%E7%81%AB%33" n1="%E6%98%93%E5%88%A9%E8%96%A9%E4%BC%AF" n2="%E3%81%AF%E3%82%88%E3%81%8A%E3%81%98%E3%81%95%E3%82%93" n3="%E5%B0%8F%E9%B3%A5%E9%81%8A%E7%B7%B4%E7%84%A1%32%31%E6%AD%B3" dan="16,17,16,16" rate="2124.62,2185.91,2167.87,2173.48" sx="M,F,M,F"/><TAIKYOKU oya="0"/><INIT seed="0,0,0,1,0,6" ten="250,250,250,250" oya="0" hai0="77,116,21,69,10,49,52,89,122,128,108,46,106" hai1="24,92,104,60,121,32,127,91,3,76,95,81,74" hai2="50,0,124,72,7,86,103,132,73,45,20,114,96" hai3="109,101,100,23,34,67,112,55,39,90,13,4,9"/><T133/><D116/><U88/><E92/><V44/><F114/><W51/><G39/><T85/><D122/><U31/><E121/><V115/><F115/><W82/><G34/><T29/><D133/><U2/><E104/><V1/><F132/><W83/><G112/><T93/><D106/><U111/><E111/><V110/><F110/><W70/><G109/><T42/><D108/><U120/><E127/><V105/><F124/><W15/><G67/><T75/><D128/><U40/><E120/><V64/><F64/><W18/><G70/><T8/><D69/><U71/><E40/><V79/><F45/><W99/><G90/><T28/><D75/><U16/><E91/><V68/><F68/><W27/><G27/><N who="0" m="16495" /><D77/><U123/><E123/><V58/><F58/><W26/><G26/><T131/><D131/><U117/><E117/><V134/><F134/><W66/><G66/><T62/><D29/><U19/><E60/><V30/><F20/><W38/><G38/><T80/><D93/><U22/><E71/><V135/><F30/><W14/><G14/><T43/><D43/><U17/><REACH who="1" step="1"/><E32/><REACH who="1" ten="250,240,250,250" step="2"/><V56/><F135/><W47/><REACH who="3" step="1"/><G101/><REACH who="3" ten="250,240,250,240" step="2"/><T61/><D61/><U48/><E48/><V36/><F50/><W97/><G97/><AGARI ba="0,2" hai="2,3,16,17,19,22,24,31,74,76,81,88,95,97" machi="97" ten="40,5200,0" yaku="1,1,54,2,53,0" doraHai="6" doraHaiUra="102" who="1" fromWho="3" sc="250,0,240,72,250,0,240,-52" /><INIT seed="1,0,0,4,2,2" ten="250,312,250,188" oya="1" hai0="21,33,78,86,9,3,28,96,127,99,74,90,6" hai1="97,35,39,65,135,71,51,47,63,50,98,76,108" hai2="134,109,70,42,30,131,25,41,80,32,88,26,34" hai3="128,132,93,5,100,84,8,119,112,110,106,10,124"/><U64/><E135/><V46/><F70/><W1/><G112/><T29/><D127/><U118/><E118/><V44/><F134/><W104/><G119/><T87/><D74/><U103/><E35/><V12/><F109/><W0/><G124/><T60/><D33/><U48/><E108/><V73/><F131/><W24/><G132/><T85/><D78/><U23/><E65/><V130/><F130/><W59/><G128/><T117/><D117/><U89/><E76/><V45/><F73/><W125/><G110/><T11/><D11/><U95/><E23/><V13/><F34/><W40/><G40/><N who="2" m="15465" /><F32/><W15/><G24/><N who="2" m="9321" /><F30/><W126/><G59/><T69/><D21/><U67/><E67/><V18/><F18/><W77/><G0/><T38/><D38/><U121/><E39/><V55/><F55/><W92/><G126/><T68/><D60/><U120/><REACH who="1" step="1"/><E47/><REACH who="1" ten="250,302,250,188" step="2"/><V79/><F79/><W27/><G125/><T17/><D68/><U133/><E133/><V58/><F58/><W54/><G77/><T36/><D36/><U19/><E19/><V57/><F57/><W31/><G31/><T49/><D17/><U43/><E43/><V115/><F115/><W111/><G111/><T14/><D69/><U113/><E113/><V20/><F20/><W91/><G8/><T52/><D28/><U94/><AGARI ba="0,1" hai="48,50,51,63,64,71,89,94,95,97,98,103,120,121" machi="94" ten="30,11700,0" yaku="1,1,0,1,53,2" doraHai="2" doraHaiUra="116" who="1" fromWho="1" sc="250,-39,302,127,250,-39,188,-39" /><INIT seed="1,1,0,5,4,36" ten="211,429,211,149" oya="1" hai0="29,59,135,54,5,66,24,15,110,103,115,74,92" hai1="2,49,21,26,53,102,112,131,73,86,13,108,70" hai2="72,71,89,60,117,0,16,119,65,111,9,68,47" hai3="120,104,30,130,128,61,11,33,23,80,8,56,37"/><U132/><E73/><V84/><F72/><W109/><G120/><T28/><D115/><U118/><E112/><V122/><F122/><W101/><G37/><T45/><D110/><U42/><E2/><V83/><F111/><W97/><G109/><T10/><D135/><U95/><E70/><V67/><F0/><W90/><G33/><T116/><D116/><U82/><E118/><V46/><F67/><W78/><G90/><T19/><D74/><U50/><E131/><N who="3" m="50218" /><G23/><N who="0" m="13439" /><D45/><U27/><E132/><V91/><F71/><W1/><G30/><T51/><D66/><U85/><E13/><V100/><F100/><W58/><G1/><T55/><D55/><U105/><E27/><V114/><F114/><W113/><G113/><T64/><D64/><U124/><E105/><V57/><F68/><W134/><G134/><T18/><D18/><U6/><E6/><V107/><F107/><W69/><G69/><T75/><D75/><U3/><E3/><V39/><F39/><W14/><G61/><T96/><AGARI ba="1,0" hai="5,10,15,28,29,51,54,59,92,96,103" m="13439" machi="96" ten="30,1100,0" yaku="8,1" doraHai="36" who="0" fromWho="0" sc="211,14,429,-6,211,-4,149,-4" /><INIT seed="2,0,0,1,2,2" ten="225,423,207,145" oya="2" hai0="76,97,47,65,69,60,119,100,25,110,9,35,104" hai1="131,117,50,14,121,115,23,46,101,123,48,116,29" hai2="44,10,26,122,99,88,84,113,130,41,78,72,106" hai3="96,135,68,112,5,59,45,58,55,51,4,93,56"/><V75/><F113/><W31/><G68/><T49/><D110/><U39/><E115/><V64/><F122/><N who="1" m="46601" /><E131/><V11/><F130/><W77/><G112/><T37/><D119/><U81/><E39/><V36/><F64/><W79/><G31/><N who="0" m="19951" /><D9/><U87/><E101/><N who="2" m="62783" /><F75/><W92/><G135/><T120/><D120/><U108/><E50/><V127/><F26/><W30/><G30/><T80/><D37/><U82/><E108/><V66/><F66/><W53/><G53/><N who="0" m="29887" /><D80/><U57/><E57/><V71/><F127/><W7/><G93/><T27/><D27/><N who="1" m="16639" /><E14/><V67/><F67/><W95/><G95/><T40/><D76/><N who="1" m="46503" /><E82/><N who="2" m="45383" /><F71/><W0/><REACH who="3" step="1"/><G0/><REACH who="3" ten="225,423,207,135" step="2"/><T105/><D105/><U111/><E111/><V125/><F125/><W74/><G74/><T34/><D34/><U85/><E85/><V22/><F84/><W12/><G12/><T86/><D86/><U6/><E116/><V107/><F107/><W128/><G128/><T19/><D19/><U114/><E117/><V15/><F88/><AGARI ba="0,1" hai="4,5,7,45,51,55,56,58,59,77,79,88,92,96" machi="88" ten="40,12000,2" yaku="1,1,8,1,52,3,54,1,53,0" doraHai="2" doraHaiUra="70" who="3" fromWho="2" sc="225,0,423,0,207,-120,135,130" /><INIT seed="3,0,0,5,4,105" ten="225,423,87,265" oya="3" hai0="112,4,47,9,28,121,72,1,15,73,118,81,63" hai1="74,22,45,75,102,34,67,94,38,95,92,36,51" hai2="24,3,76,130,5,14,49,89,23,50,103,135,116" hai3="129,71,66,132,126,17,16,56,131,99,88,42,125"/><W32/><G32/><T69/><D118/><U10/><E34/><V64/><F116/><W114/><G71/><T18/><D121/><U41/><E102/><V115/><F115/><W83/><G42/><T100/><D112/><U35/><E35/><V117/><F117/><W12/><G114/><T101/><D28/><U113/><E113/><V29/><F130/><N who="3" m="49675" /><G66/><T33/><D33/><U44/><E10/><V20/><F135/><W108/><G108/><T59/><D69/><U6/><E6/><V133/><F133/><W46/><G46/><T62/><D47/><U91/><E91/><V104/><F76/><W65/><G132/><T21/><D63/><U52/><E38/><V93/><F64/><W87/><G99/><T96/><D81/><U127/><E127/><N who="3" m="48650" /><G12/><T11/><D100/><U124/><E124/><V40/><F40/><W58/><G65/><T61/><D61/><U98/><E98/><V13/><F103/><W79/><G79/><T109/><D109/><U68/><E68/><V27/><F104/><W0/><G0/><T60/><D60/><U19/><REACH who="1" step="1"/><E67/><REACH who="1" ten="225,413,87,265" step="2"/><V90/><F3/><W80/><G80/><T31/><D31/><U78/><E78/><V111/><F111/><W128/><G128/><T26/><D62/><U37/><E37/><V134/><F134/><W97/><G97/><T57/><D101/><U122/><E122/><V120/><F120/><W7/><G7/><N who="0" m="3519" /><D96/><U55/><E55/><V25/><F5/><W30/><G30/><T107/><D107/><U85/><E85/><N who="2" m="52399" /><F29/><W84/><G87/><T48/><D48/><N who="2" m="18538" /><F90/><W39/><G39/><RYUUKYOKU ba="0,1" sc="225,0,413,0,87,0,265,0" hai0="1,4,11,18,21,26,57,59,72,73" hai1="19,22,36,41,44,45,51,52,74,75,92,94,95" hai2="13,14,20,23,24,25,27" hai3="16,17,56,58,83,84,88" /><INIT seed="3,1,1,3,1,44" ten="225,413,87,265" oya="3" hai0="110,3,135,29,123,32,50,126,72,128,31,133,5" hai1="96,109,42,102,23,34,67,70,80,45,103,90,108" hai2="59,95,21,35,12,18,112,36,27,55,38,22,49" hai3="98,28,60,92,81,51,54,121,134,89,118,129,8"/><W16/><G121/><T82/><D72/><U4/><E34/><V104/><F112/><W73/><G118/><T125/><D82/><U79/><E4/><V53/><F104/><W119/><G119/><T87/><D87/><U9/><E9/><V33/><F35/><W97/><G28/><N who="0" m="10827" /><D50/><U94/><E23/><V48/><F33/><W0/><G134/><N who="0" m="51211" /><D32/><U124/><E124/><N who="0" m="47721" /><D123/><U127/><E67/><V20/><F20/><W132/><G132/><T86/><D86/><N who="1" m="48415" /><E70/><V68/><F68/><W76/><G0/><T99/><D99/><U15/><E15/><V122/><F122/><W66/><G98/><T83/><D83/><U26/><E26/><V74/><F74/><W120/><G120/><T61/><D61/><U39/><E127/><V84/><F22/><W115/><G60/><T65/><D65/><U106/><E106/><V40/><F40/><W41/><G66/><T111/><D128/><U46/><E46/><V64/><F27/><W19/><G129/><T62/><D62/><U37/><E37/><V56/><F64/><W117/><G117/><T113/><D113/><U75/><E75/><V43/><F43/><W57/><G115/><T63/><D63/><U17/><E102/><V93/><F93/><W101/><G41/><T69/><D69/><U114/><E103/><V52/><F55/><W7/><G101/><T6/><D3/><U131/><E131/><V88/><AGARI ba="1,1" hai="12,18,21,36,38,48,49,52,53,56,59,84,88,95" machi="88" ten="30,16000,3" yaku="0,1,9,1,25,2,52,2,54,2" doraHai="44" who="2" fromWho="2" sc="225,-41,413,-41,87,173,265,-81" owari="184,-21.6,372,47.2,260,6.0,184,-31.6" /></mjloggm>