<mjloggm ver="2.3"><GO type="169" lobby="0"/><UN n0="%6D%6F%75%77" n1="%E2%91%A3%E3%82%BB%E3%83%B3%E3%83%81" n2="%E3%81%A9%E3%82%93%E3%81%9F%E3%82%83%E3%82%93" n3="%E5%BA%84%E5%8F%B8%E5%81%A5%E5%A4%AA%E6%9C%97" dan="16,18,16,16" rate="2100.92,2288.45,2180.89,2057.72" sx="M,M,F,M"/><TAIKYOKU oya="0"/><INIT seed="0,0,0,5,5,56" ten="250,250,250,250" oya="0" hai0="20,133,130,84,25,51,24,101,28,72,22,107,36" hai1="44,39,53,9,124,13,26,15,16,123,92,11,63" hai2="114,70,135,119,105,61,73,45,109,108,40,88,117" hai3="131,68,122,83,7,46,37,38,12,49,0,96,32"/><T106/><D133/><U89/><E123/><V52/><F73/><W118/><G0/><T59/><D130/><U35/><E124/><V5/><F105/><W104/><G32/><T99/><D72/><U103/><E103/><V30/><F30/><W97/><G118/><N who="2" m="45065" /><F5/><W43/><G131/><T128/><D36/><U33/><E26/><V74/><F74/><W100/><G97/><T81/><D128/><U127/><E127/><V21/><F21/><W79/><G68/><T132/><D132/><U55/><E39/><N who="2" m="21663" /><F135/><W85/><REACH who="3" step="1"/><G122/><REACH who="3" ten="250,250,250,240" step="2"/><T94/><D59/><U82/><E35/><V86/><F114/><W64/><G64/><T3/><D3/><U31/><E33/><V87/><F87/><W95/><G95/><T48/><D107/><U134/><E92/><N who="2" m="54295" /><F70/><W76/><G76/><N who="0" m="46119" /><D106/><U23/><E134/><V129/><F129/><W57/><G57/><AGARI ba="0,1" hai="52,57,61,108,109" m="54295,21663,45065" machi="57" ten="30,7700,0" yaku="12,1,52,1,54,2" doraHai="56" who="2" fromWho="3" sc="250,0,250,0,250,87,240,-77" /><INIT seed="1,0,0,4,5,72" ten="250,250,337,163" oya="1" hai0="44,120,128,96,7,121,1,122,45,59,25,116,115" hai1="87,57,123,132,40,130,33,65,90,113,26,63,34" hai2="74,50,17,107,112,9,16,48,47,89,104,24,22" hai3="66,85,103,110,97,69,36,94,98,135,62,99,114"/><U35/><E113/><V64/><F74/><W108/><G114/><T54/><D115/><U88/><E123/><V102/><F112/><W2/><G135/><T4/><D116/><U0/><E0/><V67/><F50/><W27/><G36/><T125/><D128/><U134/><E130/><V80/><F107/><W8/><G27/><T55/><D125/><U106/><E106/><V83/><F102/><W39/><G39/><T76/><D96/><U91/><E40/><V14/><F104/><W28/><G28/><T60/><D1/><U53/><E26/><V131/><F131/><W20/><G20/><T68/><D68/><U127/><E127/><V92/><F83/><W58/><G69/><T19/><D76/><U109/><E109/><N who="3" m="42090" /><G85/><T51/><REACH who="0" step="1"/><D45/><REACH who="0" ten="240,250,337,163" step="2"/><U111/><E111/><V61/><F47/><W13/><G2/><T52/><D52/><U126/><E126/><V86/><F67/><W93/><G103/><T12/><D12/><U101/><E101/><V23/><F64/><W82/><G82/><T118/><D118/><U21/><E65/><V81/><F80/><W49/><G94/><T119/><D119/><U71/><E71/><V15/><F92/><W32/><G93/><T117/><D117/><U43/><E43/><V77/><F77/><W42/><G99/><T79/><D79/><U6/><E87/><V70/><F70/><W10/><G13/><T46/><D46/><U105/><E105/><V37/><F14/><W84/><G84/><T30/><D30/><U124/><E124/><V129/><F86/><W3/><G3/><T5/><D5/><RYUUKYOKU ba="0,1" sc="240,30,250,-10,337,-10,163,-10" hai0="4,7,19,25,44,51,54,55,59,60,120,121,122" /><INIT seed="2,1,1,3,2,79" ten="270,240,327,153" oya="2" hai0="47,121,118,110,72,100,15,116,91,35,101,27,77" hai1="85,32,128,20,38,76,115,97,36,126,19,89,58" hai2="90,14,55,88,117,125,104,30,86,119,81,2,132" hai3="135,11,24,80,74,10,1,103,120,113,106,98,123"/><V9/><F2/><W127/><G113/><T78/><D15/><U21/><E115/><V56/><F104/><W99/><G127/><T53/><D35/><U43/><E32/><V26/><F132/><W18/><G135/><T45/><D27/><U16/><E126/><V51/><F125/><W130/><G130/><T5/><D5/><U102/><E76/><V4/><REACH who="2" step="1"/><F90/><REACH who="2" ten="270,240,317,153" step="2"/><W109/><G106/><T82/><D91/><U50/><E89/><V112/><F112/><W33/><G1/><T114/><D114/><U34/><E128/><V59/><F59/><W25/><G120/><T52/><D121/><U40/><E58/><V39/><F39/><W70/><G123/><T22/><D72/><U124/><E38/><V54/><F54/><W61/><G74/><T68/><D68/><U66/><E36/><V13/><F13/><W71/><G70/><T122/><D122/><U96/><E124/><V60/><F60/><W67/><G61/><T44/><D44/><U107/><E107/><V131/><F131/><W129/><G71/><T133/><D133/><U63/><E63/><V42/><F42/><W94/><G129/><T29/><D47/><U87/><E43/><V48/><F48/><W64/><G64/><T17/><D45/><U134/><E66/><V0/><F0/><W62/><G62/><T105/><D105/><U95/><E50/><V75/><F75/><W49/><G49/><T37/><D53/><U65/><E40/><V69/><F69/><W41/><G41/><T111/><D37/><U46/><E134/><V92/><F92/><W108/><G94/><RYUUKYOKU ba="1,2" sc="270,-10,240,-10,317,30,153,-10" hai2="4,9,14,26,30,51,55,56,81,86,88,117,119" /><INIT seed="2,2,2,1,0,45" ten="260,230,347,143" oya="2" hai0="134,17,102,97,3,32,34,27,68,107,114,74,109" hai1="20,133,35,62,125,28,48,127,135,50,121,40,81" hai2="0,54,100,98,58,55,65,132,110,24,26,70,31" hai3="80,37,43,90,87,126,85,93,82,23,49,95,57"/><V16/><F0/><W12/><G126/><N who="1" m="48138" /><E35/><N who="2" m="20967" /><F58/><W117/><G37/><T99/><D34/><U21/><E121/><V84/><F84/><W18/><G117/><T83/><D32/><U79/><E62/><N who="2" m="40247" /><F132/><N who="1" m="50761" /><E40/><V51/><F110/><W118/><G118/><T78/><D109/><U124/><N who="1" m="48146" /><U129/><DORA hai="91" /><E129/><V77/><F77/><N who="3" m="46223" /><G57/><T30/><D78/><U67/><E67/><V103/><F103/><W5/><G5/><T64/><D102/><U22/><E28/><V71/><F71/><W92/><G49/><T42/><D30/><U56/><E56/><V66/><F66/><W41/><AGARI ba="2,2" hai="12,18,23,41,43,82,87,90,92,93,95" m="46223" machi="41" ten="30,7900,0" yaku="8,1,52,3" doraHai="45,91" who="3" fromWho="3" sc="260,-22,230,-22,347,-41,143,105" /><INIT seed="3,0,0,4,5,116" ten="238,208,306,248" oya="3" hai0="112,39,22,111,134,18,114,103,27,30,135,95,69" hai1="10,23,48,46,65,56,5,6,60,49,93,86,33" hai2="92,41,8,102,107,79,7,131,75,61,32,14,66" hai3="50,113,34,52,68,105,62,108,24,58,53,9,119"/><W104/><G119/><T3/><D69/><U99/><E33/><V76/><F75/><W132/><G113/><N who="0" m="43627" /><D39/><U127/><E127/><V21/><F32/><W0/><G132/><N who="0" m="50731" /><D103/><U90/><E49/><V1/><F107/><W106/><G108/><T101/><D101/><U47/><E47/><V100/><F100/><W13/><G0/><T26/><D95/><U11/><E23/><V94/><F131/><W59/><G68/><T2/><D111/><U124/><E124/><V38/><F94/><W89/><G89/><T133/><D133/><U25/><E25/><V88/><F102/><W12/><REACH who="3" step="1"/><G9/><REACH who="3" ten="238,208,306,238" step="2"/><N who="1" m="3082" /><E99/><V45/><F1/><W96/><G96/><T35/><AGARI ba="0,1" hai="2,3,18,22,26,27,30,35" m="50731,43627" machi="35" ten="30,7900,0" yaku="11,1,20,1,34,2" doraHai="116" who="0" fromWho="0" sc="238,89,208,-20,306,-20,238,-39" /><INIT seed="4,0,0,3,1,43" ten="327,188,286,199" oya="0" hai0="41,97,55,80,108,5,0,90,122,75,76,135,109" hai1="17,40,21,113,105,1,100,81,102,116,71,133,30" hai2="42,4,125,46,12,79,62,69,49,101,85,22,19" hai3="16,53,14,115,92,127,96,130,6,103,123,9,29"/><T51/><D122/><U78/><E116/><V2/><F125/><W31/><G115/><T132/><D41/><U11/><E71/><V64/><F101/><W59/><G127/><T35/><D35/><U24/><E133/><N who="0" m="51273" /><D5/><U36/><E105/><V99/><F99/><W38/><G130/><T70/><D0/><U107/><E107/><V28/><F28/><N who="3" m="10827" /><G38/><T88/><D70/><U47/><E113/><V94/><F94/><W98/><G98/><T73/><D73/><U77/><E77/><V112/><F112/><W134/><G123/><T114/><D114/><U34/><E11/><V3/><REACH who="2" step="1"/><F4/><REACH who="2" ten="327,188,276,199" step="2"/><W91/><G134/><T50/><D97/><U33/><E33/><V87/><F87/><W44/><G103/><T18/><D18/><U93/><E93/><V104/><F104/><W72/><G72/><T67/><D75/><U56/><E102/><V32/><F32/><W120/><G120/><T57/><D109/><U63/><E100/><V129/><F129/><W86/><G96/><T27/><D108/><U111/><E111/><V68/><F68/><W25/><G6/><T131/><D131/><U82/><E30/><V65/><F65/><W45/><G25/><T23/><D67/><U128/><E34/><V74/><F74/><W110/><G110/><T66/><D66/><U15/><E128/><V95/><F95/><W10/><G9/><T48/><D27/><U8/><E24/><V58/><F58/><W84/><G86/><N who="0" m="48391" /><D23/><U20/><E20/><V83/><AGARI ba="0,1" hai="2,3,12,19,22,42,46,49,62,64,69,79,83,85" machi="83" ten="30,4000,0" yaku="1,1,0,1,52,1,53,0" doraHai="43" doraHaiUra="121" who="2" fromWho="2" sc="327,-20,188,-10,276,50,199,-10" /><INIT seed="5,0,0,2,4,7" ten="307,178,326,189" oya="1" hai0="122,35,34,43,21,58,28,67,123,30,33,6,22" hai1="103,56,112,125,44,110,46,132,55,25,62,109,90" hai2="48,97,51,95,36,18,106,86,72,42,105,89,77" hai3="37,17,98,119,63,131,94,83,12,4,64,47,71"/><U52/><E103/><N who="2" m="62703" /><F106/><W14/><G131/><T27/><D43/><U104/><E104/><V73/><F73/><W8/><G119/><T133/><D58/><N who="1" m="35143" /><E90/><V81/><F18/><W40/><G83/><T16/><D67/><U31/><E25/><V129/><F129/><W11/><G94/><T2/><D133/><U41/><E31/><N who="0" m="11817" /><D22/><U116/><E116/><V82/><F82/><W70/><REACH who="3" step="1"/><G98/><REACH who="3" ten="307,178,326,179" step="2"/><T92/><D92/><U88/><E132/><V1/><F95/><W24/><G24/><T84/><D84/><U20/><E112/><V54/><F86/><W19/><G19/><T79/><D79/><U115/><E115/><V114/><F77/><W39/><G39/><T10/><AGARI ba="0,1" hai="2,6,10,16,21,27,33,34,35,122,123" m="11817" machi="10" ten="40,8000,1" yaku="34,2,52,1,54,1" doraHai="7" who="0" fromWho="0" sc="307,90,178,-40,326,-20,179,-20" /><INIT seed="6,0,0,2,5,34" ten="397,138,306,159" oya="2" hai0="4,15,10,8,58,52,113,102,0,126,95,48,2" hai1="135,132,37,36,119,35,103,109,5,88,46,3,57" hai2="38,50,101,111,22,13,81,1,106,6,80,114,131" hai3="116,75,79,23,12,98,44,105,18,82,24,26,27"/><V129/><F38/><W55/><G116/><T84/><D113/><U73/><E119/><V89/><F114/><W83/><G83/><T74/><D74/><U29/><E103/><V134/><F134/><N who="1" m="51241" /><E73/><V122/><F122/><W7/><G105/><T117/><D117/><U60/><E109/><V69/><F69/><W68/><G68/><T90/><D126/><U99/><E46/><V110/><F50/><W32/><G98/><T115/><D115/><U63/><E29/><V9/><F101/><W19/><G32/><T59/><D10/><N who="1" m="2367" /><E35/><V125/><F125/><W30/><G7/><T112/><D112/><U94/><E63/><V92/><F106/><W133/><G133/><T14/><D14/><U67/><AGARI ba="0,0" hai="36,37,57,60,67,88,94,99" m="2367,51241" machi="67" ten="30,4000,0" yaku="20,1,52,1,54,1" doraHai="34" who="1" fromWho="1" sc="397,-10,138,40,306,-20,159,-10" /><INIT seed="7,0,0,1,2,24" ten="387,178,286,149" oya="3" hai0="125,79,123,83,58,116,121,101,120,1,20,80,76" hai1="53,63,133,47,12,14,85,119,9,42,130,67,115" hai2="11,29,22,0,72,49,31,110,32,70,92,25,73" hai3="46,65,26,61,8,48,93,84,71,77,5,103,54"/><W21/><G77/><T62/><D1/><U104/><E104/><V68/><F49/><W28/><G84/><T107/><D116/><U105/><E105/><V59/><F59/><W23/><G23/><T16/><D101/><U102/><E102/><V45/><F25/><W30/><G103/><T33/><D107/><U10/><E53/><V111/><F22/><W41/><G93/><T66/><D33/><U81/><E119/><V51/><F51/><W78/><G78/><T19/><D125/><U56/><E115/><V2/><F11/><N who="1" m="4105" /><E130/><V97/><F32/><W36/><G30/><T88/><D88/><N who="1" m="51247" /><E133/><V113/><F113/><W108/><G108/><T55/><D55/><U124/><E124/><V117/><F117/><W129/><G129/><T18/><D80/><U40/><E47/><V75/><F75/><W27/><G27/><T37/><D76/><U95/><E95/><V43/><F92/><W44/><REACH who="3" step="1"/><G8/><REACH who="3" ten="387,178,286,139" step="2"/><T69/><D79/><U118/><E118/><V112/><F112/><W13/><G13/><AGARI ba="0,1" hai="12,13,14,40,42,56,63,67" m="51247,4105" machi="13" ten="30,2000,0" yaku="8,1,54,1" doraHai="24" who="1" fromWho="3" sc="387,0,178,30,286,0,139,-20" owari="387,48.7,208,-19.2,286,8.6,119,-38.1" /></mjloggm>