<mjloggm ver="2.3"><GO type="225" lobby="0"/><UN n0="%73%68%75%6D%70" n1="%E3%81%94%E3%83%BC%E3%81%A9%E3%82%93" n2="%E3%81%8C%E3%81%9F" n3="%72%61%6B%33" dan="16,16,17,16" rate="2128.84,2083.55,2165.03,2113.68" sx="M,M,F,M"/><TAIKYOKU oya="0"/><INIT seed="0,0,0,5,4,105" ten="250,250,250,250" oya="0" hai0="20,135,61,5,49,99,104,85,37,39,76,82,71" hai1="55,106,63,123,62,4,59,130,29,54,90,10,47" hai2="67,111,64,89,80,112,25,44,124,31,133,50,70" hai3="16,117,27,74,101,65,57,79,48,107,84,58,21"/><T33/><D33/><U28/><E130/><V134/><F112/><W13/><G117/><T42/><D135/><N who="2" m="51722" /><F111/><W88/><G65/><T56/><D5/><U91/><E123/><V46/><F124/><W0/><G0/><T83/><D71/><U8/><E106/><V125/><F125/><W121/><G121/><T6/><D6/><U73/><E73/><V103/><F103/><W51/><G51/><T15/><D49/><U102/><E102/><V19/><F19/><W66/><G66/><N who="2" m="25129" /><F50/><W40/><G40/><T118/><D42/><U23/><E4/><V92/><F80/><N who="3" m="45175" /><G27/><T68/><D68/><U36/><E36/><V98/><F70/><W100/><G100/><T53/><D118/><U43/><E43/><V12/><F12/><W95/><G48/><T126/><D126/><U109/><E109/><V110/><F110/><W3/><G3/><T93/><D104/><U1/><E1/><V128/><F128/><W45/><G45/><T35/><D39/><U96/><E47/><V116/><F116/><W77/><G77/><T72/><D37/><U14/><E14/><V86/><F98/><AGARI ba="0,0" hai="13,16,21,57,58,84,88,95,98,101,107" m="45175" machi="98" ten="30,7700,0" yaku="24,1,52,1,54,2" doraHai="105" who="3" fromWho="2" sc="250,0,250,0,250,-77,250,77" /><INIT seed="1,0,0,3,4,69" ten="250,250,173,327" oya="1" hai0="96,75,80,35,22,29,5,82,102,91,58,134,53" hai1="74,48,112,59,73,2,115,93,55,108,70,119,38" hai2="71,124,57,104,39,107,105,126,120,27,67,84,76" hai3="12,34,36,98,30,132,33,116,113,88,52,31,127"/><U9/><E119/><V56/><F120/><W7/><G113/><T14/><D75/><U43/><E70/><V63/><F27/><W99/><G12/><T41/><D41/><U68/><E68/><V97/><F97/><W72/><G7/><T3/><D91/><U110/><E93/><V64/><F39/><W8/><G8/><T131/><D131/><U122/><E122/><V125/><REACH who="2" step="1"/><F64/><REACH who="2" ten="250,250,163,327" step="2"/><W121/><G36/><T54/><D96/><U24/><E24/><V60/><F60/><W128/><G99/><T90/><D102/><U83/><E115/><V4/><F4/><W26/><G98/><T66/><D5/><N who="1" m="1207" /><E112/><V117/><F117/><W130/><G26/><T25/><D66/><U51/><E38/><V65/><F65/><W94/><G116/><T61/><D61/><U18/><E74/><V133/><F133/><W77/><G72/><T100/><D25/><U42/><E73/><V78/><F78/><W89/><G77/><T95/><D134/><U106/><E51/><V81/><AGARI ba="0,1" hai="56,57,63,67,71,76,81,84,104,105,107,124,125,126" machi="81" ten="40,5200,0" yaku="1,1,0,1,18,1,53,0" doraHai="69" doraHaiUra="16" who="2" fromWho="2" sc="250,-13,250,-26,163,62,327,-13" /><INIT seed="2,0,0,0,4,87" ten="237,224,225,314" oya="2" hai0="44,67,57,66,135,3,11,118,132,75,127,13,37" hai1="102,10,104,78,73,131,113,77,112,98,23,88,123" hai2="105,85,34,79,126,1,94,2,27,110,5,26,39" hai3="129,35,125,0,64,61,25,7,32,86,96,89,92"/><V111/><F39/><W70/><G125/><T91/><D127/><U45/><E45/><V38/><F126/><W63/><G129/><T16/><D75/><U52/><E131/><V14/><F38/><W6/><G0/><N who="2" m="105" /><F105/><W15/><G61/><T24/><D3/><U72/><E23/><V62/><F62/><W43/><G43/><N who="0" m="22639" /><D24/><N who="2" m="9258" /><F79/><N who="1" m="30217" /><E10/><N who="2" m="4431" /><F85/><W48/><G86/><T76/><D76/><U65/><E52/><V8/><F94/><W21/><G92/><T60/><D118/><U97/><E65/><V18/><F34/><W54/><G64/><N who="0" m="38927" /><D91/><U49/><E49/><V100/><F100/><W9/><G48/><T130/><D130/><U71/><E71/><V47/><F47/><W4/><G70/><T22/><D67/><U55/><E55/><V56/><F56/><W109/><G54/><T19/><D66/><U36/><E36/><V33/><F33/><W90/><G35/><T122/><D122/><U20/><E20/><V17/><F8/><W83/><G9/><T101/><D101/><N who="1" m="62511" /><E123/><V31/><F31/><W106/><G32/><T93/><D11/><U30/><E30/><V51/><F51/><W80/><G4/><T50/><D50/><U59/><E59/><V103/><F103/><W119/><G6/><T128/><D128/><U120/><E120/><V58/><F58/><W29/><G7/><T117/><D22/><U134/><E134/><V53/><F53/><W99/><G21/><T124/><D124/><U82/><E102/><V40/><F40/><W41/><G41/><T68/><D68/><U46/><E72/><V108/><AGARI ba="0,0" hai="17,18,108,110,111" m="4431,9258,105" machi="108" ten="40,12000,1" yaku="14,1,10,1,34,2" doraHai="87" who="2" fromWho="2" sc="237,-40,224,-40,225,120,314,-40" /><INIT seed="2,1,0,2,2,79" ten="197,184,345,274" oya="2" hai0="30,35,94,22,3,104,89,70,62,85,118,120,87" hai1="131,92,128,75,12,26,122,49,108,27,135,109,113" hai2="73,71,39,20,84,60,133,40,25,116,76,44,68" hai3="1,38,7,96,127,74,83,34,117,18,66,115,51"/><V59/><F116/><W24/><G117/><T101/><D120/><U6/><E122/><V4/><F73/><W10/><G38/><T105/><D3/><U63/><E75/><V37/><F37/><W103/><G127/><T54/><D118/><U16/><E135/><V48/><F39/><W98/><G115/><T28/><D35/><U33/><E113/><V53/><F4/><W93/><G66/><T58/><D70/><U99/><E49/><V56/><F56/><W100/><G51/><T91/><D101/><N who="1" m="60647" /><E63/><V36/><F36/><W41/><G41/><T72/><D72/><U130/><E6/><V46/><F46/><W19/><G34/><T107/><REACH who="0" step="1"/><D22/><REACH who="0" ten="187,184,345,274" step="2"/><N who="1" m="11527" /><E33/><V123/><F123/><W80/><G74/><T102/><D102/><U64/><E64/><V106/><F71/><W43/><G103/><T11/><D11/><U125/><E125/><V67/><F68/><W32/><G32/><T114/><D114/><U61/><E61/><V21/><F60/><W14/><G1/><T112/><D112/><U86/><E86/><V90/><F84/><W45/><G100/><T126/><D126/><U31/><E31/><V95/><F67/><W17/><G10/><T82/><AGARI ba="1,1" hai="28,30,54,58,62,82,85,87,89,91,94,104,105,107" machi="82" ten="30,4000,0" yaku="1,1,0,1,52,1,53,0" doraHai="79" doraHaiUra="111" who="0" fromWho="0" sc="187,53,184,-11,345,-21,274,-11" /><INIT seed="3,0,0,2,5,110" ten="240,173,324,263" oya="3" hai0="97,102,71,20,111,57,3,13,14,33,0,54,40" hai1="39,74,78,62,56,115,28,83,22,70,101,122,92" hai2="84,59,134,27,34,124,61,116,31,30,32,109,85" hai3="12,121,90,10,114,93,117,103,98,133,86,47,35"/><W29/><G117/><T108/><D33/><U123/><E39/><V49/><F116/><W11/><G121/><T1/><D71/><U60/><E70/><V17/><F109/><N who="0" m="42058" /><D40/><U73/><E73/><V105/><F105/><W99/><G133/><T135/><D20/><U96/><E115/><V120/><F134/><W64/><G114/><T69/><D69/><U45/><E45/><V68/><F120/><W79/><G64/><T126/><D126/><U65/><REACH who="1" step="1"/><E62/><REACH who="1" ten="240,163,324,263" step="2"/><V81/><F61/><W23/><G47/><T88/><D135/><U58/><E58/><V7/><F59/><W15/><G35/><T132/><D132/><U72/><E72/><V37/><F32/><W44/><G44/><T119/><D119/><U16/><E16/><V38/><F34/><W127/><G127/><T43/><D43/><U82/><E82/><V8/><F81/><W129/><G29/><T4/><D4/><U25/><AGARI ba="0,1" hai="22,25,28,56,60,65,74,78,83,92,96,101,122,123" machi="25" ten="30,7900,0" yaku="1,1,0,1,25,2,53,0" doraHai="110" doraHaiUra="66" who="1" fromWho="1" sc="240,-20,163,89,324,-20,263,-39" owari="220,-28.0,252,5.2,304,40.4,224,-17.6" /></mjloggm>