<mjloggm ver="2.3"><GO type="225" lobby="0"/><UN n0="%72%61%6B%33" n1="%E6%97%A5%E6%9B%9C%E6%97%A5%E3%82%88%E3%82%8A%E3%81%AE%E4%BD%BF%E8%80%85" n2="%E5%8D%A0%E3%81%84%E5%B8%AB%E8%A3%8F%E3%81%AA%E3%81%84%E3%81%97" n3="%E9%A6%AC%E5%BC%95%E7%81%AB%33" dan="16,17,17,16" rate="2088.30,2197.43,2215.19,2148.71" sx="M,M,M,M"/><TAIKYOKU oya="0"/><INIT seed="0,0,0,5,0,92" ten="250,250,250,250" oya="0" hai0="6,61,65,72,53,17,12,57,73,45,21,42,128" hai1="123,46,121,70,63,83,125,26,23,99,81,36,27" hai2="100,49,35,107,79,115,103,116,18,25,10,51,77" hai3="102,129,126,19,11,87,39,16,41,32,89,9,64"/><T114/><D114/><U132/><E125/><V71/><F71/><W88/><G32/><T105/><D128/><U111/><E111/><V67/><F115/><W120/><G39/><T58/><D105/><U84/><E132/><V76/><F116/><W74/><G74/><T4/><D73/><U135/><E135/><V43/><F67/><W31/><G31/><T20/><D72/><U130/><E130/><V59/><F35/><W68/><G129/><T28/><D28/><U85/><E70/><V78/><N who="2" m="19456" /><DORA hai="69" /><V82/><F82/><N who="3" m="49271" /><G68/><T48/><REACH who="0" step="1"/><D20/><REACH who="0" ten="240,250,250,250" step="2"/><U3/><E23/><V113/><F107/><W134/><G134/><T108/><D108/><U97/><E123/><V33/><F113/><W56/><G120/><T0/><D0/><U131/><E121/><V1/><F1/><W37/><G126/><T95/><D95/><U109/><E3/><V13/><F33/><W2/><G2/><T62/><AGARI ba="0,1" hai="4,6,12,17,21,42,45,48,53,57,58,61,62,65" machi="62" ten="20,12000,1" yaku="1,1,0,1,7,1,8,1,53,1" doraHai="92,69" doraHaiUra="50,93" who="0" fromWho="0" sc="240,130,250,-40,250,-40,250,-40" /><INIT seed="0,1,0,1,3,87" ten="370,210,210,210" oya="0" hai0="24,37,40,28,23,46,7,100,60,10,63,67,19" hai1="49,85,17,25,105,13,113,34,108,135,112,57,5" hai2="18,96,125,62,11,43,2,120,101,79,36,73,131" hai3="1,98,3,45,110,115,76,42,133,106,80,50,130"/><T86/><D100/><U77/><E105/><V119/><F120/><W14/><G115/><N who="1" m="44106" /><E108/><V71/><F125/><W26/><G110/><T48/><D37/><U52/><E135/><V89/><F131/><W134/><G130/><T90/><D28/><N who="1" m="19727" /><E5/><V83/><F119/><W123/><G123/><T104/><D104/><U93/><E77/><V126/><F126/><W99/><G26/><T21/><D21/><N who="1" m="11439" /><E85/><V111/><F111/><W22/><G1/><T72/><D72/><U97/><E93/><V107/><F18/><N who="3" m="10583" /><G3/><T68/><D68/><U82/><E97/><V122/><F122/><W92/><G92/><T51/><D51/><U12/><E12/><V29/><F29/><W78/><G78/><T61/><D67/><U95/><E95/><V117/><F117/><W41/><G106/><T54/><D7/><U16/><E16/><V31/><F31/><W64/><G64/><T39/><D10/><U88/><E82/><V4/><F62/><W102/><G102/><T32/><D32/><U81/><E81/><V8/><F8/><W70/><G70/><T65/><D65/><U58/><E57/><V127/><F71/><W91/><G134/><T121/><D121/><U129/><E129/><V9/><F9/><W55/><G133/><T109/><D109/><U114/><N who="1" m="44114" /><U47/><DORA hai="69" /><E58/><V116/><F127/><W0/><G50/><T35/><D35/><U128/><E128/><V132/><F132/><W75/><G75/><T15/><D24/><U103/><E103/><V84/><F116/><W74/><G74/><T118/><D118/><U56/><E56/><RYUUKYOKU ba="1,0" sc="370,-10,210,30,210,-10,210,-10" hai1="47,49,52,88" /><INIT seed="1,2,0,0,5,109" ten="360,240,200,200" oya="1" hai0="115,110,104,12,76,38,116,67,16,69,79,7,34" hai1="21,41,14,86,20,49,126,59,97,117,124,54,48" hai2="135,120,37,85,111,84,10,39,78,24,42,66,77" hai3="27,17,65,43,82,0,46,80,45,132,108,9,70"/><U129/><E117/><V11/><F120/><W55/><G108/><T63/><D115/><U5/><E129/><V92/><F111/><W121/><G121/><T83/><D110/><U123/><E123/><V133/><F92/><W30/><G132/><T44/><D116/><U118/><E118/><V36/><F24/><W40/><G55/><T4/><D34/><U35/><E35/><V130/><F42/><W107/><G107/><T122/><D104/><U96/><E86/><N who="2" m="33387" /><F66/><W64/><G70/><T50/><D38/><U105/><E105/><V134/><F130/><W18/><G27/><T75/><D79/><AGARI ba="2,0" hai="10,11,36,37,39,77,78,79,133,134,135" m="33387" machi="79" ten="40,5200,0" yaku="28,2,20,1" doraHai="109" who="2" fromWho="0" sc="360,-58,240,0,200,58,200,0" /><INIT seed="2,0,0,2,3,88" ten="302,240,258,200" oya="2" hai0="18,72,105,40,28,68,71,131,133,45,83,95,21" hai1="49,24,127,13,69,87,26,32,84,94,60,93,2" hai2="7,56,46,107,53,123,82,76,115,38,101,134,29" hai3="5,70,124,121,110,125,132,66,99,108,57,16,41"/><V119/><F119/><W20/><G121/><T73/><D105/><U48/><E2/><V22/><F123/><W128/><G70/><T15/><D131/><U75/><E75/><V109/><F134/><W116/><G116/><T42/><D133/><U11/><E69/><V117/><F115/><W55/><G132/><T118/><D118/><U51/><E60/><V59/><F7/><W4/><G66/><T30/><D42/><U44/><E44/><V19/><F117/><W65/><G65/><T102/><D71/><U6/><E127/><N who="3" m="48714" /><G41/><T120/><D68/><U100/><E100/><V64/><F64/><W98/><G98/><T80/><D73/><U63/><E63/><V114/><F114/><W61/><G128/><T103/><D103/><U36/><E36/><V35/><F101/><W10/><G99/><T111/><D72/><U77/><E32/><V14/><F35/><W112/><G112/><T86/><D120/><U81/><E87/><V126/><F38/><W135/><G135/><T130/><D86/><U58/><E58/><V23/><F56/><W0/><G4/><T91/><D45/><U33/><E33/><V1/><F46/><W37/><G37/><T52/><D40/><U92/><AGARI ba="0,0" hai="6,11,13,24,26,48,49,51,77,81,84,92,93,94" machi="92" ten="30,8000,1" yaku="0,1,8,1,52,3" doraHai="88" who="1" fromWho="1" sc="302,-20,240,80,258,-40,200,-20" /><INIT seed="3,0,0,1,0,114" ten="282,320,218,180" oya="3" hai0="102,38,71,72,46,56,124,95,17,11,80,82,9" hai1="126,27,73,34,125,24,23,28,12,118,76,121,55" hai2="36,81,18,119,106,21,62,26,48,68,96,60,51" hai3="112,70,78,120,66,41,15,84,85,44,14,117,127"/><W86/><G117/><T67/><D71/><U111/><E121/><V97/><F36/><W32/><G112/><T129/><D124/><N who="1" m="47723" /><E118/><V75/><F119/><W3/><G127/><T50/><D129/><U88/><E111/><V74/><F106/><W37/><G120/><T35/><D35/><U133/><E133/><V61/><F68/><W0/><G32/><T1/><D38/><U2/><E2/><V115/><F115/><W128/><G128/><T16/><D56/><U89/><E12/><V49/><REACH who="2" step="1"/><F81/><REACH who="2" ten="282,320,208,180" step="2"/><W47/><G78/><T110/><D82/><N who="1" m="45327" /><E55/><V94/><F94/><W43/><G0/><T87/><D1/><U64/><E64/><V116/><F116/><W113/><G3/><T52/><D67/><U8/><E8/><N who="0" m="3145" /><D110/><U98/><E98/><AGARI ba="0,1" hai="18,21,26,48,49,51,60,61,62,74,75,96,97,98" machi="98" ten="40,1300,0" yaku="1,1,53,0" doraHai="114" doraHaiUra="40" who="2" fromWho="1" sc="282,0,320,-13,208,23,180,0" owari="282,8.2,307,40.7,231,-16.9,180,-32.0" /></mjloggm>