<mjloggm ver="2.3"><GO type="169" lobby="0"/><UN n0="%E5%9B%9B%E5%89%AF%E9%9C%B2%E5%8D%98%E9%A8%8E" n1="%57%44%44%69%65" n2="%E3%82%A4%E3%83%8E%E3%82%AD%E9%A2%A8%E5%91%82" n3="%E7%99%BD%E7%9F%B3%E5%A5%88%E5%A5%88" dan="16,16,16,16" rate="2046.22,2105.72,2081.56,2099.93" sx="F,M,M,M"/><TAIKYOKU oya="0"/><INIT seed="0,0,0,4,2,41" ten="250,250,250,250" oya="0" hai0="51,39,121,57,65,122,92,124,15,18,108,89,118" hai1="32,20,37,16,83,56,60,14,100,132,78,22,49" hai2="4,46,55,19,27,135,10,77,101,3,66,0,45" hai3="106,69,119,67,25,12,26,127,111,87,112,86,120"/><T114/><D114/><U8/><E37/><V126/><F126/><W90/><G112/><T24/><D118/><U35/><E132/><V97/><F135/><W71/><G119/><T34/><D39/><U5/><E100/><V38/><F77/><W95/><G106/><T1/><D1/><U23/><E49/><V82/><F82/><W75/><G75/><T52/><D124/><U58/><E58/><V79/><F79/><W29/><G127/><T113/><D113/><U6/><E6/><V50/><F66/><W105/><G105/><T131/><D131/><U9/><E9/><V59/><F3/><W110/><G120/><T94/><D108/><N who="3" m="41513" /><G12/><T47/><D34/><U17/><E35/><V73/><F73/><W61/><G71/><T99/><D24/><N who="3" m="9321" /><G29/><T93/><D121/><U30/><E32/><V116/><F38/><W48/><G48/><T98/><D122/><U115/><E30/><V44/><F116/><W84/><AGARI ba="0,0" hai="61,67,69,84,86,87,90,95" m="9321,41513" machi="84" ten="30,1100,0" yaku="14,1" doraHai="41" who="3" fromWho="3" sc="250,-5,250,-3,250,-3,250,11" /><INIT seed="1,0,0,1,0,24" ten="245,247,247,261" oya="1" hai0="130,61,126,68,64,35,104,91,71,72,98,99,110" hai1="90,42,15,5,52,122,82,119,112,18,117,47,94" hai2="96,62,46,43,2,86,23,100,128,1,103,10,44" hai3="51,74,8,36,84,3,97,118,93,101,115,83,63"/><U125/><E112/><V124/><F128/><W40/><G115/><T21/><D110/><U87/><E122/><V60/><F124/><W123/><G123/><T38/><D38/><U29/><E125/><V57/><F86/><W48/><G63/><T131/><D126/><U45/><E5/><V66/><F103/><W12/><G118/><T33/><D72/><U133/><E133/><V109/><F109/><W26/><G3/><T56/><D21/><U17/><E17/><V9/><F2/><W0/><G0/><T16/><D91/><U69/><E69/><V65/><F23/><W49/><G74/><T81/><D81/><U108/><E108/><V114/><F114/><W78/><G26/><T134/><D134/><U6/><E6/><V19/><F19/><N who="3" m="8583" /><G36/><T32/><D16/><U27/><E18/><V73/><F73/><W13/><G13/><T55/><D104/><U25/><E15/><V135/><F135/><W7/><G7/><T102/><D71/><U95/><E27/><V107/><F1/><W88/><G40/><T120/><D120/><U37/><E119/><V113/><F113/><W34/><G34/><T28/><D130/><U11/><E11/><V54/><F66/><W20/><G20/><T50/><D131/><U105/><E117/><V129/><F129/><W85/><G85/><T116/><D116/><U22/><REACH who="1" step="1"/><E105/><REACH who="1" ten="245,237,247,261" step="2"/><V106/><F107/><W76/><AGARI ba="0,1" hai="48,49,51,76,78,83,84,88,93,97,101" m="8583" machi="76" ten="30,2000,0" yaku="8,1,54,1" doraHai="24" who="3" fromWho="3" sc="245,-5,237,-10,247,-5,261,30" /><INIT seed="2,0,0,0,0,48" ten="240,227,242,291" oya="2" hai0="66,28,41,53,67,126,76,130,3,134,69,123,101" hai1="25,27,46,92,59,54,44,6,74,93,112,132,23" hai2="12,0,56,45,108,37,57,64,11,30,84,102,133" hai3="79,58,118,21,98,38,29,5,8,88,68,2,32"/><V51/><F37/><W16/><G68/><T47/><D3/><U91/><E112/><V90/><F0/><W75/><G118/><T77/><D123/><U17/><E74/><V20/><F133/><W7/><G7/><T31/><D134/><U83/><E132/><V60/><F108/><W128/><G38/><T119/><D119/><U105/><E105/><V113/><F102/><W71/><G71/><T61/><D130/><U63/><E6/><V22/><F57/><W43/><G43/><T81/><D126/><U96/><E83/><V15/><F113/><W40/><G40/><T95/><D67/><U52/><E93/><N who="2" m="54471" /><F30/><W4/><G4/><T70/><D70/><U100/><E100/><V13/><F11/><W35/><G29/><T18/><D28/><U124/><E124/><V116/><F116/><W36/><G36/><T135/><D31/><U1/><E1/><V89/><F89/><W127/><G128/><T109/><D109/><U34/><E34/><V49/><F49/><W62/><G79/><T39/><D77/><U114/><E114/><V129/><F129/><W14/><G75/><T9/><D135/><U26/><E44/><V111/><F111/><W99/><G127/><T82/><D101/><U86/><E86/><V42/><AGARI ba="0,0" hai="12,13,15,20,22,42,45,51,56,60,64" m="54471" machi="42" ten="30,1500,0" yaku="8,1" doraHai="48" who="2" fromWho="2" sc="240,-5,227,-5,242,15,291,-5" /><INIT seed="2,1,0,3,5,124" ten="235,222,257,286" oya="2" hai0="108,91,3,126,123,113,28,79,56,75,93,1,66" hai1="55,63,86,100,99,31,107,21,114,85,73,122,96" hai2="42,131,92,72,26,74,23,14,50,125,6,0,127" hai3="128,53,62,105,133,8,70,51,109,39,19,78,112"/><V129/><F0/><W135/><G105/><T45/><D113/><U106/><E114/><V57/><F92/><W134/><G112/><T94/><D123/><U30/><E63/><V36/><F36/><W71/><G39/><T103/><D126/><N who="2" m="48138" /><F14/><N who="3" m="7623" /><G109/><T32/><D108/><U68/><E68/><N who="3" m="26154" /><G78/><T119/><D119/><U84/><E73/><V18/><F6/><W22/><G22/><T7/><D93/><U98/><E122/><V102/><F102/><W118/><G62/><T101/><D101/><U67/><E67/><V59/><F59/><N who="3" m="33215" /><G118/><T77/><D103/><U4/><E4/><V37/><F37/><W83/><G83/><T130/><D7/><U80/><E21/><V13/><F13/><W27/><G27/><T90/><D3/><U110/><E110/><V2/><F2/><W58/><G58/><T76/><D56/><U111/><E111/><V89/><F89/><W81/><G81/><T34/><D90/><U5/><E5/><V88/><F88/><W117/><G117/><T11/><D91/><U46/><E80/><V9/><F9/><W116/><G116/><T40/><D11/><U33/><E100/><V97/><F97/><W15/><G15/><T95/><D1/><U41/><E107/><V104/><F104/><W52/><G52/><T48/><D94/><U43/><E106/><V120/><F120/><W29/><G29/><T10/><D28/><U44/><E55/><N who="2" m="31991" /><F42/><N who="1" m="15881" /><E30/><V49/><F49/><W69/><G69/><T12/><D48/><U61/><E61/><V25/><F26/><W54/><G54/><T20/><D95/><U64/><E64/><RYUUKYOKU ba="1,0" sc="235,-30,222,10,257,10,286,10" hai1="31,33,44,46,84,85,86,96,98,99" hai2="18,23,25,72,74,129,131" hai3="128,133,134,135" /><INIT seed="2,2,0,3,5,123" ten="205,232,267,296" oya="2" hai0="37,45,94,0,31,51,117,130,50,70,64,68,47" hai1="61,49,7,66,92,55,11,60,133,12,17,134,120" hai2="108,27,18,69,35,132,96,95,78,83,34,82,112" hai3="118,103,28,44,114,80,24,98,8,40,104,4,106"/><V57/><F69/><N who="0" m="26730" /><D94/><U42/><E120/><V71/><F71/><W23/><G118/><T75/><D31/><U129/><E129/><V58/><F108/><W2/><G114/><T85/><D85/><U29/><E29/><V126/><F126/><W20/><G80/><T91/><D91/><U105/><E105/><V73/><F83/><W93/><REACH who="3" step="1"/><G23/><REACH who="3" ten="205,232,267,286" step="2"/><T32/><D117/><U1/><E134/><V10/><F132/><W21/><G21/><T76/><D130/><U22/><E133/><V115/><F115/><W33/><G33/><T13/><D32/><U52/><E22/><V79/><F35/><W65/><G65/><T113/><D64/><U110/><E66/><V116/><F112/><W131/><G131/><T59/><D113/><U77/><E77/><V26/><F79/><W5/><G5/><T122/><D76/><U127/><E7/><V84/><F116/><W53/><G53/><T89/><D122/><U36/><E55/><V90/><F34/><W86/><G86/><T15/><D75/><U46/><E52/><V67/><F73/><W19/><G19/><T3/><D45/><U39/><E17/><V54/><F67/><W124/><G124/><T14/><D47/><U41/><E46/><V101/><F78/><W72/><G72/><T43/><D43/><U6/><E42/><V81/><F81/><W56/><G56/><N who="2" m="21609" /><F54/><W119/><G119/><T111/><D59/><U125/><E127/><V74/><F74/><W109/><G109/><T88/><D111/><U48/><E110/><V99/><F99/><W63/><G63/><N who="1" m="24138" /><E125/><V16/><F18/><RYUUKYOKU ba="2,1" sc="205,-15,232,-15,267,15,286,15" hai2="10,16,26,27,82,84,90,95,96,101" hai3="2,4,8,20,24,28,40,44,93,98,103,104,106" /><INIT seed="2,3,1,0,4,25" ten="190,217,282,301" oya="2" hai0="91,82,130,74,41,92,14,54,135,128,85,105,64" hai1="126,48,123,0,129,37,63,125,56,120,62,42,16" hai2="89,114,51,106,94,67,133,88,39,29,53,103,12" hai3="6,19,61,80,70,76,121,2,104,45,10,36,98"/><V101/><F39/><W5/><G5/><T60/><D41/><U84/><E0/><V33/><F114/><W52/><G121/><N who="1" m="46666" /><E84/><V57/><F133/><W93/><G104/><T97/><D135/><U1/><E1/><V23/><F106/><W108/><G19/><T118/><D118/><U107/><E107/><V44/><F33/><W100/><G108/><T83/><D54/><N who="1" m="31815" /><E16/><N who="2" m="10631" /><F29/><W15/><G15/><T11/><D14/><U35/><E35/><V38/><F38/><W18/><G18/><T73/><D11/><U26/><E26/><V77/><F77/><W87/><G36/><T117/><D117/><U111/><E111/><V65/><F89/><W75/><G75/><T134/><D134/><U122/><E122/><V8/><F8/><W13/><G2/><T9/><D9/><U31/><E31/><V27/><F27/><W24/><G24/><T132/><D132/><U68/><E129/><N who="0" m="49769" /><D74/><U95/><E95/><V112/><F112/><W50/><G70/><N who="0" m="42247" /><D73/><U96/><E96/><N who="2" m="57415" /><F44/><W20/><G20/><T78/><D78/><U17/><E17/><V47/><F47/><W102/><G102/><AGARI ba="3,1" hai="82,83,85,91,92,97,102,105" m="42247,49769" machi="102" ten="30,1000,0" yaku="19,1" doraHai="25" who="0" fromWho="3" sc="190,29,217,0,282,0,301,-19" /><AGARI ba="3,0" hai="51,53,57,65,67,101,102,103" m="57415,10631" machi="102" ten="30,5800,0" yaku="8,1,54,2" doraHai="25" who="2" fromWho="3" sc="219,0,217,0,282,58,282,-58" /><INIT seed="2,4,0,5,1,24" ten="219,217,340,224" oya="2" hai0="23,132,15,80,109,102,19,56,98,127,110,81,123" hai1="82,135,71,104,117,93,69,100,131,72,32,116,90" hai2="62,73,6,28,92,60,101,53,59,89,35,94,9" hai3="106,2,128,121,31,99,0,58,63,4,85,44,113"/><V84/><F73/><W1/><G121/><T3/><D123/><U42/><E42/><V41/><F41/><W10/><G128/><T14/><D3/><U126/><E32/><V51/><F35/><W57/><G113/><T16/><D132/><U67/><E67/><V37/><F28/><W129/><G129/><T66/><D127/><U21/><E131/><V54/><F37/><W83/><G44/><T11/><D56/><U114/><E114/><V122/><F122/><W36/><G36/><T107/><REACH who="0" step="1"/><D66/><REACH who="0" ten="209,217,340,224" step="2"/><U17/><E135/><V74/><F59/><W50/><G0/><T96/><D96/><N who="1" m="61447" /><E126/><V40/><F62/><W30/><G1/><T105/><D105/><U47/><E47/><V111/><F60/><W134/><G134/><T27/><D27/><U120/><E120/><V49/><F111/><AGARI ba="4,1" hai="11,14,15,16,19,23,80,81,98,102,107,109,110,111" machi="111" ten="40,5200,0" yaku="1,1,14,1,54,1,53,0" doraHai="24" doraHaiUra="88" who="0" fromWho="2" sc="209,74,217,0,340,-64,224,0" /><INIT seed="3,0,0,0,0,62" ten="283,217,276,224" oya="3" hai0="23,67,1,52,18,48,60,121,75,107,83,110,89" hai1="10,27,124,76,92,105,31,94,117,133,115,132,91" hai2="54,15,8,128,24,33,41,109,112,104,28,108,114" hai3="43,122,99,120,51,72,3,56,100,5,73,85,74"/><W61/><G5/><T131/><D121/><U134/><E115/><N who="2" m="44075" /><F104/><W125/><G3/><T63/><D107/><U95/><E105/><V16/><F41/><W20/><G125/><T44/><D1/><U40/><E124/><V55/><F55/><W9/><G9/><T53/><D110/><N who="2" m="42602" /><F54/><W135/><G135/><T12/><D131/><AGARI ba="0,0" hai="8,15,16,24,28,33,128,131" m="42602,44075" machi="131" ten="40,8000,1" yaku="14,1,34,2,54,1" doraHai="62" who="2" fromWho="0" sc="283,-80,217,0,276,80,224,0" /><INIT seed="4,0,0,2,3,79" ten="203,217,356,224" oya="0" hai0="71,124,101,17,123,77,5,97,108,22,95,44,110" hai1="80,52,74,50,65,49,68,38,33,91,7,8,83" hai2="106,0,104,58,78,28,59,86,131,88,120,87,82" hai3="126,72,30,115,99,61,109,47,119,107,102,125,132"/><T92/><D71/><U31/><E74/><V45/><F0/><W69/><G115/><T56/><D123/><U116/><E116/><V135/><F120/><W4/><G119/><T19/><D124/><U128/><E50/><V84/><F28/><W96/><G109/><N who="0" m="42091" /><D5/><U73/><E73/><V67/><F67/><W134/><G4/><T133/><D133/><N who="3" m="51305" /><G30/><T36/><D56/><U43/><E91/><V114/><F86/><W93/><G47/><T21/><D77/><U12/><E31/><V122/><F122/><W103/><G69/><T121/><D121/><U57/><E33/><V41/><F114/><W15/><G15/><T51/><D95/><U42/><E128/><V127/><F131/><W18/><G18/><N who="0" m="6667" /><D36/><U76/><E76/><V27/><F127/><N who="3" m="48651" /><G61/><T6/><D6/><U25/><E25/><V113/><F135/><W94/><G72/><T81/><D81/><U60/><E42/><AGARI ba="0,0" hai="21,22,42,44,51,92,97,101" m="6667,42091" machi="42" ten="30,1500,0" yaku="10,1" doraHai="79" who="0" fromWho="1" sc="203,15,217,-15,356,0,224,0" /><INIT seed="4,1,0,2,1,80" ten="218,202,356,224" oya="0" hai0="32,50,118,36,6,60,21,54,38,92,17,105,67" hai1="100,75,106,74,27,104,29,132,8,94,90,133,109" hai2="18,96,101,125,83,82,51,35,85,49,1,103,57" hai3="65,122,91,22,88,123,48,127,128,4,31,116,107"/><T69/><D118/><U119/><E119/><V39/><F39/><W41/><G116/><T20/><D105/><U47/><E109/><V120/><F1/><W28/><G107/><T102/><D32/><U98/><E47/><V63/><F35/><W135/><G128/><T126/><D126/><U15/><E106/><V72/><F72/><W7/><G127/><T108/><D108/><U112/><E112/><V5/><F5/><N who="3" m="2123" /><G65/><T131/><D131/><U110/><E110/><V2/><F2/><W66/><G66/><T11/><D102/><U56/><E56/><V12/><F120/><N who="3" m="46123" /><G135/><T26/><D92/><U129/><E129/><V37/><F83/><W59/><G59/><T16/><D11/><U55/><E55/><V97/><F37/><W78/><G78/><T43/><D6/><U117/><E117/><V71/><F71/><W44/><G22/><T24/><REACH who="0" step="1"/><D43/><REACH who="0" ten="208,202,356,224" step="2"/><U115/><E104/><V0/><F103/><W121/><G121/><T111/><D111/><U53/><E100/><V45/><F101/><W76/><G76/><T61/><D61/><U87/><E8/><V3/><F63/><W81/><G91/><T130/><D130/><U93/><E90/><V25/><F125/><W99/><G81/><T124/><D124/><U86/><E94/><AGARI ba="1,1" hai="28,31,41,44,48,88,94,99" m="46123,2123" machi="94" ten="30,2000,0" yaku="13,1,54,1" doraHai="80" who="3" fromWho="1" sc="208,0,202,-23,356,0,224,33" /><INIT seed="5,0,0,1,1,114" ten="208,179,356,257" oya="1" hai0="20,121,14,40,83,44,106,96,123,0,37,91,66" hai1="86,18,48,60,56,22,11,125,105,65,16,12,27" hai2="107,41,23,116,26,10,4,2,55,63,33,126,94" hai3="46,30,58,68,70,115,25,100,89,112,43,108,6"/><U118/><E105/><V120/><F107/><W128/><G108/><T90/><D0/><U35/><E125/><V67/><F33/><W74/><G74/><T34/><D34/><U98/><E98/><V127/><F120/><N who="0" m="46154" /><D66/><U5/><E35/><V119/><F55/><W36/><G100/><N who="0" m="62727" /><D83/><U51/><E118/><V64/><F94/><W24/><G128/><T101/><D101/><U78/><E5/><V29/><F41/><W85/><G6/><T79/><D79/><U97/><E97/><V17/><F29/><W61/><G68/><T81/><D81/><AGARI ba="0,0" hai="11,12,16,18,22,27,48,51,56,60,65,78,81,86" machi="81" ten="40,3900,0" yaku="8,1,54,1" doraHai="114" who="1" fromWho="0" sc="208,-39,179,39,356,0,257,0" /><INIT seed="5,1,0,5,0,2" ten="169,218,356,257" oya="1" hai0="111,97,81,102,27,93,135,128,61,95,22,44,92" hai1="7,46,89,75,59,55,123,120,51,134,13,58,63" hai2="112,72,54,114,16,99,126,104,0,62,36,80,129" hai3="78,20,17,127,23,85,41,118,91,82,76,37,132"/><U74/><E134/><V26/><F0/><W66/><G132/><T110/><D135/><U122/><E89/><V56/><F36/><W31/><G127/><T64/><D128/><U43/><REACH who="1" step="1"/><E58/><REACH who="1" ten="169,208,356,257" step="2"/><V88/><F88/><W117/><G91/><T3/><D110/><U25/><E25/><V24/><F24/><N who="3" m="16775" /><G78/><T40/><D111/><U103/><E103/><V50/><F56/><W83/><G117/><T38/><D3/><U35/><E35/><V70/><F26/><W116/><G118/><T21/><D81/><U87/><E87/><V130/><F80/><W90/><G116/><T77/><D77/><U34/><E34/><V4/><F130/><W105/><G82/><T96/><D96/><U60/><E60/><V98/><F98/><W11/><G76/><T6/><D102/><U124/><E124/><V19/><F62/><W18/><G83/><T47/><D97/><U52/><E52/><V109/><F54/><W108/><G108/><T14/><D27/><U48/><E48/><V125/><F125/><W42/><G90/><T67/><D61/><U45/><E45/><V106/><F99/><W68/><G85/><T53/><D53/><U84/><E84/><V115/><F126/><W33/><G33/><T30/><D47/><U39/><E39/><V94/><F129/><W65/><G37/><T28/><D28/><U29/><E29/><V8/><F109/><W69/><G69/><T101/><D30/><U131/><E131/><V119/><F119/><W49/><G68/><T86/><D101/><U15/><E15/><V133/><F70/><W73/><G49/><RYUUKYOKU ba="1,1" sc="169,-10,208,30,356,-10,257,-10" hai1="7,13,43,46,51,55,59,63,74,75,120,122,123" /><INIT seed="5,2,1,1,5,91" ten="159,238,346,247" oya="1" hai0="103,121,33,53,97,12,120,67,51,65,114,126,81" hai1="48,112,94,59,62,5,105,61,86,111,9,34,50" hai2="117,28,45,20,54,128,4,133,39,116,6,19,118" hai3="106,90,84,109,17,0,80,110,66,29,71,99,10"/><U22/><E34/><V107/><F107/><W102/><G29/><T31/><D114/><U2/><E105/><V124/><F28/><W96/><G96/><T76/><D126/><U73/><E73/><V60/><F124/><W3/><G17/><T100/><D12/><U46/><E112/><V69/><F133/><W123/><G123/><N who="0" m="47179" /><D31/><U68/><E111/><V63/><F128/><W93/><G106/><N who="0" m="63759" /><D103/><U41/><E68/><V43/><F69/><W70/><G70/><T32/><D32/><U134/><E134/><V131/><F4/><W25/><G25/><T104/><D33/><U98/><E86/><V7/><F7/><W11/><G11/><T74/><D104/><U115/><E115/><V37/><F6/><W132/><G132/><T108/><D108/><U127/><E127/><V23/><F23/><W1/><REACH who="3" step="1"/><G10/><REACH who="3" ten="159,238,346,237" step="2"/><T72/><D72/><U55/><REACH who="1" step="1"/><E22/><REACH who="1" ten="159,228,346,237" step="2"/><V58/><F20/><W38/><G38/><T130/><D130/><U125/><E125/><V36/><F131/><W85/><G85/><T30/><D30/><U18/><E18/><V82/><F19/><W119/><G119/><T135/><D135/><U101/><AGARI ba="2,3" hai="2,5,9,41,46,48,50,55,59,61,62,94,98,101" machi="101" ten="20,12000,1" yaku="1,1,0,1,7,1,52,1,53,1" doraHai="91" doraHaiUra="88" who="1" fromWho="1" sc="159,-42,228,156,346,-42,237,-42" /><INIT seed="5,3,0,0,1,46" ten="117,384,304,195" oya="1" hai0="123,131,89,25,93,22,60,117,87,80,1,26,129" hai1="106,66,103,58,11,48,74,43,38,81,125,108,88" hai2="127,99,56,2,42,37,97,14,49,70,128,71,110" hai3="134,16,77,120,83,90,104,53,27,20,45,101,8"/><U23/><E125/><V40/><F2/><W124/><G124/><T133/><D117/><U135/><E135/><V72/><F72/><W35/><G120/><T76/><D1/><U12/><E38/><V54/><F127/><W59/><G134/><T6/><D133/><U96/><E23/><V130/><F14/><W82/><G35/><T107/><D123/><U65/><E108/><V50/><F110/><W39/><G8/><T121/><D121/><U122/><E122/><V17/><F17/><W18/><G90/><T84/><D6/><U78/><E58/><V33/><F33/><W41/><G18/><T57/><D107/><U13/><E13/><V113/><F113/><W98/><REACH who="3" step="1"/><G77/><REACH who="3" ten="117,384,304,185" step="2"/><T68/><D68/><U73/><E88/><V0/><F71/><W61/><AGARI ba="3,1" hai="16,20,27,39,41,45,53,59,61,82,83,98,101,104" machi="61" ten="20,12000,2" yaku="1,1,2,1,0,1,7,1,54,1,53,1" doraHai="46" doraHaiUra="21" who="3" fromWho="3" sc="117,-33,384,-63,304,-33,185,139" /><INIT seed="6,0,0,2,2,43" ten="84,321,271,324" oya="2" hai0="86,64,133,111,82,122,16,77,5,40,132,55,6" hai1="72,80,0,33,41,78,74,97,81,110,100,69,59" hai2="21,27,25,61,96,29,42,120,3,91,18,46,31" hai3="34,130,39,127,28,60,63,65,116,22,62,2,123"/><V89/><F120/><W50/><G123/><T49/><D111/><U13/><E0/><V12/><F3/><W128/><G39/><T131/><D122/><U115/><E69/><V108/><F108/><W44/><G2/><T106/><D106/><U73/><E33/><V95/><F61/><W135/><G34/><T101/><D101/><U114/><E59/><V98/><F27/><N who="3" m="16503" /><G116/><T117/><D117/><U121/><E121/><V56/><F56/><N who="3" m="36999" /><G135/><T113/><D113/><N who="1" m="43019" /><E13/><V88/><F98/><W125/><G62/><T79/><D64/><U129/><E41/><V32/><REACH who="2" step="1"/><F31/><REACH who="2" ten="84,321,261,324" step="2"/><W19/><G63/><T99/><D99/><U102/><E110/><V30/><F30/><W20/><G128/><T26/><D131/><U83/><E129/><V17/><F17/><W105/><G130/><T54/><D16/><U66/><E66/><V52/><F52/><N who="3" m="29767" /><G105/><T90/><D132/><U14/><E14/><V119/><F119/><W134/><G134/><T38/><D133/><U118/><E118/><V10/><F10/><W71/><G71/><T67/><D67/><U103/><E97/><V68/><F68/><W124/><G19/><T11/><D55/><U93/><E93/><V51/><AGARI ba="0,1" hai="12,18,21,25,29,32,42,46,51,88,89,91,95,96" machi="51" ten="20,18000,2" yaku="1,1,0,1,7,1,52,1,54,1,53,1" doraHai="43" doraHaiUra="37" who="2" fromWho="2" sc="84,-60,321,-60,261,190,324,-60" /><INIT seed="6,1,0,5,2,7" ten="24,261,451,264" oya="2" hai0="55,116,14,30,74,6,108,79,105,94,49,84,27" hai1="80,135,33,1,28,16,83,88,106,118,35,59,122" hai2="132,93,125,24,69,21,102,104,0,44,87,99,75" hai3="97,47,15,62,127,34,96,95,37,2,114,128,53"/><V4/><F69/><W26/><G2/><T29/><D108/><U48/><E1/><V66/><F66/><W10/><G128/><T90/><D116/><U17/><E106/><V23/><F75/><W60/><G127/><T126/><D126/><U130/><E118/><V123/><F123/><W98/><G114/><T11/><D105/><U73/><E130/><V46/><F125/><W36/><G95/><T51/><D74/><U8/><E135/><V113/><F113/><W107/><G107/><T13/><D79/><U40/><E17/><V81/><F104/><W54/><G37/><T111/><D111/><U70/><E70/><V82/><F82/><W109/><G109/><T71/><D71/><U45/><E28/><V39/><F23/><W5/><G36/><T42/><D14/><U117/><E117/><V76/><F39/><W20/><G34/><T64/><D27/><U110/><E110/><V18/><F132/><W9/><G9/><T77/><D77/><U67/><E122/><V78/><F78/><W57/><G47/><N who="2" m="17961" /><F0/><W32/><G32/><T119/><D64/><U86/><E73/><V61/><F61/><N who="3" m="23659" /><G57/><N who="0" m="33007" /><D119/><U58/><E67/><V56/><F56/><N who="1" m="21545" /><E33/><V3/><F3/><W91/><G91/><T19/><D6/><AGARI ba="1,0" hai="4,6,18,21,24,76,81,87,93,99,102" m="17961" machi="6" ten="30,1500,0" yaku="8,1" doraHai="7" who="2" fromWho="0" sc="24,-18,261,0,451,18,264,0" /><INIT seed="6,2,0,2,5,124" ten="6,261,469,264" oya="2" hai0="69,51,129,7,123,30,91,76,70,90,36,96,5" hai1="99,14,130,3,128,118,112,135,37,13,34,105,83" hai2="45,119,55,82,52,88,84,0,104,22,107,125,67" hai3="73,101,53,16,17,6,121,98,4,41,57,31,87"/><V35/><F35/><W97/><G73/><T102/><D36/><U59/><E118/><V11/><F119/><W93/><G121/><T32/><D123/><U133/><E3/><V89/><F67/><W117/><G117/><T60/><D51/><U77/><E37/><V120/><F120/><W46/><G31/><T66/><D76/><U58/><E34/><V18/><F125/><W134/><G134/><N who="1" m="51210" /><E112/><V116/><F116/><W106/><G87/><T74/><D70/><U50/><E14/><V75/><F75/><W25/><G46/><T115/><D74/><N who="1" m="43447" /><E13/><V15/><F107/><W39/><G39/><T54/><D115/><U132/><E132/><V86/><F104/><W28/><G41/><T71/><D71/><U114/><E114/><V108/><F45/><W80/><G80/><T65/><D65/><U64/><E50/><V122/><F0/><W126/><G126/><T72/><D72/><U2/><E2/><V94/><F122/><W48/><G6/><T23/><D23/><U44/><E44/><V49/><F49/><W21/><G4/><T47/><D7/><U127/><E127/><V131/><F22/><W12/><REACH who="3" step="1"/><G12/><REACH who="3" ten="6,261,469,254" step="2"/><T92/><D5/><U1/><E1/><V38/><F38/><W62/><G62/><T56/><D47/><U8/><E8/><V79/><F11/><W10/><G10/><T26/><D129/><N who="1" m="49771" /><E64/><V63/><F15/><W103/><AGARI ba="2,1" hai="16,17,21,25,28,48,53,57,93,97,98,101,103,106" machi="103" ten="20,5200,0" yaku="1,1,0,1,7,1,54,1,53,0" doraHai="124" doraHaiUra="29" who="3" fromWho="3" sc="6,-15,261,-15,469,-28,254,68" owari="-9,-50.9,246,-15.4,441,54.1,322,12.2" /></mjloggm>