<mjloggm ver="2.3"><GO type="169" lobby="0"/><UN n0="%E3%83%95%E3%82%8A%E3%82%AA%E3%83%8B%E3%83%BC%E3%83%AB" n1="%E3%81%A7%E3%81%93%E3%81%AE%E3%81%B5" n2="%E5%B2%A9%E4%B8%8A%E9%80%9A%E3%82%8A" n3="%E3%81%AA%E3%81%8B%E3%81%AE%E3%81%86%E3%81%88" dan="16,16,16,16" rate="2141.41,2086.09,2106.96,2167.87" sx="M,M,M,M"/><TAIKYOKU oya="0"/><INIT seed="0,0,0,5,3,102" ten="250,250,250,250" oya="0" hai0="14,34,100,9,77,29,8,90,28,45,35,84,116" hai1="125,55,52,64,89,57,17,74,3,87,49,135,25" hai2="6,40,88,54,94,24,132,72,111,4,123,76,99" hai3="11,130,67,15,131,71,58,70,19,80,51,95,134"/><T133/><D116/><U12/><E74/><V5/><F123/><W101/><G134/><T13/><D133/><U117/><E3/><V104/><F111/><W21/><G80/><T16/><D77/><U38/><E135/><V7/><F132/><W22/><G101/><T129/><D100/><U96/><E38/><V109/><F40/><W33/><G33/><T41/><D129/><N who="3" m="49161" /><G95/><T128/><D128/><U65/><E125/><V60/><F109/><W120/><G120/><T91/><D34/><U18/><E96/><V78/><F72/><W50/><G50/><N who="0" m="26927" /><D35/><U44/><E25/><V43/><F43/><W31/><G31/><N who="0" m="11851" /><D84/><U113/><E113/><V112/><F112/><W39/><G39/><T0/><D0/><U63/><E117/><V61/><F24/><W46/><G71/><T62/><D62/><U82/><E18/><AGARI ba="0,0" hai="8,9,13,14,16,18,90,91" m="11851,26927" machi="18" ten="30,2900,0" yaku="8,1,54,1" doraHai="102" who="0" fromWho="1" sc="250,29,250,-29,250,0,250,0" /><INIT seed="0,1,0,0,2,63" ten="279,221,250,250" oya="0" hai0="35,21,87,62,77,60,117,48,38,56,46,50,116" hai1="76,57,58,99,125,84,0,52,123,71,66,70,98" hai2="9,120,83,33,92,39,8,103,114,106,96,3,110" hai3="89,118,16,115,72,13,25,19,127,18,104,88,124"/><T2/><D35/><U101/><E123/><V108/><F120/><W24/><G115/><T26/><D2/><U113/><E0/><V12/><F114/><W22/><G118/><T69/><D38/><U54/><E113/><V90/><F33/><W131/><G131/><T32/><D32/><U40/><E40/><V28/><F28/><W100/><G72/><T15/><D15/><U74/><E74/><V91/><F39/><W37/><G37/><T17/><D50/><U95/><E125/><N who="3" m="48202" /><G25/><T53/><D77/><U135/><E135/><V55/><F83/><W105/><G100/><T129/><D87/><U68/><E99/><V121/><F121/><W78/><G78/><T4/><D4/><U112/><E112/><V14/><F3/><W133/><G133/><T81/><D81/><U102/><E102/><V49/><F106/><N who="3" m="41067" /><G13/><T23/><D129/><U130/><E130/><V67/><F14/><W126/><N who="3" m="48210" /><W41/><DORA hai="132" /><G41/><T47/><D116/><U42/><E42/><V11/><F12/><W29/><AGARI ba="1,0" hai="16,18,19,22,24,29,88,89" m="41067,48210" machi="29" ten="50,12000,2" yaku="18,1,52,4,54,2" doraHai="63,132" who="3" fromWho="3" sc="279,-61,221,-31,250,-31,250,123" /><INIT seed="1,0,0,5,3,77" ten="218,190,219,373" oya="1" hai0="131,104,23,0,24,83,31,43,123,44,1,105,7" hai1="32,78,130,89,41,29,2,95,127,54,126,118,66" hai2="80,70,88,76,114,67,39,125,117,72,27,84,16" hai3="61,19,111,65,25,116,47,108,135,96,107,57,81"/><U38/><E118/><V119/><F39/><W37/><G116/><T93/><D131/><U14/><E2/><V58/><F125/><W74/><G135/><T91/><D123/><U11/><E130/><V9/><F70/><W94/><G107/><T46/><D46/><U50/><E66/><V115/><F67/><W63/><G63/><T55/><D55/><U82/><E41/><V15/><F58/><W18/><G47/><T62/><D62/><U73/><E38/><V120/><F120/><W121/><G37/><T4/><D1/><U101/><E101/><V36/><F36/><W109/><G121/><T48/><D83/><U33/><E29/><V113/><F27/><W51/><G51/><T21/><D21/><U92/><E92/><AGARI ba="0,0" hai="9,15,16,72,76,80,84,88,92,113,114,115,117,119" machi="92" ten="40,8000,1" yaku="11,1,52,1,54,2" doraHai="77" who="2" fromWho="1" sc="218,0,190,-80,219,80,373,0" /><INIT seed="2,0,0,1,4,85" ten="218,110,299,373" oya="2" hai0="26,97,46,15,107,98,115,67,75,123,109,78,113" hai1="57,99,72,132,112,32,35,54,70,125,124,120,34" hai2="122,1,91,14,95,0,130,47,131,73,68,116,17" hai3="39,134,19,82,56,22,33,117,89,23,64,24,50"/><V18/><F73/><W59/><G39/><T105/><D123/><U66/><E72/><V106/><F106/><W74/><G117/><T119/><D119/><U61/><E112/><V129/><F116/><W102/><G33/><T49/><D67/><U111/><E111/><V2/><F122/><W55/><G134/><T101/><D109/><U92/><E120/><V79/><F79/><W100/><G74/><T5/><D26/><U118/><E132/><V62/><F47/><W29/><G64/><T11/><D78/><U87/><E87/><N who="2" m="52735" /><F14/><N who="3" m="9591" /><G59/><T12/><D75/><U40/><E40/><V4/><F4/><W65/><G65/><AGARI ba="0,0" hai="0,1,2,17,18,62,65,68,129,130,131" m="52735" machi="65" ten="40,3900,0" yaku="19,1,52,1" doraHai="85" who="2" fromWho="3" sc="218,0,110,0,299,39,373,-39" /><INIT seed="2,1,0,5,0,117" ten="218,110,338,334" oya="2" hai0="26,2,89,126,92,49,8,44,119,10,68,120,27" hai1="93,76,0,75,71,5,62,121,83,98,45,106,73" hai2="88,104,25,29,15,35,122,97,105,58,118,102,100" hai3="74,69,131,51,132,127,115,91,47,79,72,43,12"/><V34/><F118/><W60/><G127/><T59/><D119/><U87/><E45/><V95/><F122/><W41/><G131/><T9/><D68/><U134/><E134/><V112/><F112/><W30/><G132/><T125/><D2/><U66/><E106/><V135/><F135/><W36/><G30/><T23/><D120/><U33/><E33/><V54/><F15/><W14/><G43/><T42/><D59/><U82/><E82/><V52/><F35/><W56/><G91/><T38/><D38/><U129/><E129/><V40/><F40/><W107/><G107/><T113/><D113/><U61/><E61/><V111/><F111/><W109/><G109/><T53/><D53/><U78/><E78/><V123/><F123/><W22/><G79/><T6/><D6/><U32/><E32/><V39/><F39/><W133/><G133/><T11/><N who="0" m="2048" /><DORA hai="28" /><T46/><D46/><U63/><E5/><V48/><F105/><W130/><G130/><T96/><REACH who="0" step="1"/><D27/><REACH who="0" ten="208,110,338,334" step="2"/><U21/><E0/><V24/><F25/><W128/><G128/><T81/><D81/><U85/><E121/><V84/><F54/><W103/><G56/><T13/><D13/><U90/><E71/><V3/><F3/><W37/><G69/><T108/><D108/><U116/><E116/><V65/><F65/><W70/><G70/><T124/><D124/><U4/><E4/><V77/><F104/><W31/><G115/><T110/><D110/><U64/><E66/><V55/><F55/><W94/><G37/><T1/><D1/><U86/><E64/><V18/><F18/><AGARI ba="1,1" hai="18,23,26,42,44,49,89,92,96,125,126" m="2048" machi="18" ten="50,3200,0" yaku="1,1,6,1,53,0" doraHai="117,28" doraHaiUra="57,80" who="0" fromWho="2" sc="208,45,110,0,338,-35,334,0" /><INIT seed="3,0,0,2,5,42" ten="253,110,303,334" oya="3" hai0="4,99,72,16,19,121,90,45,38,34,80,116,93" hai1="1,41,17,102,5,97,92,130,53,47,82,67,101" hai2="2,88,71,81,122,25,50,36,57,89,43,108,65" hai3="120,20,74,70,91,29,110,135,15,46,118,61,84"/><W124/><G74/><T12/><D121/><U131/><E67/><V40/><F108/><W13/><G118/><T28/><D116/><U87/><E53/><V9/><F122/><W66/><G120/><T128/><D128/><U27/><E5/><V103/><F103/><W78/><G78/><T109/><D109/><U125/><E1/><V100/><F100/><W114/><G114/><T62/><D62/><U33/><E102/><V0/><F25/><W7/><G124/><T134/><D134/><U35/><E125/><V55/><F43/><W60/><G135/><T112/><D112/><U11/><E11/><V127/><F127/><W86/><G61/><T111/><D111/><U49/><E17/><V95/><F81/><W69/><G69/><T54/><D28/><U51/><E51/><V75/><F9/><W129/><G129/><N who="1" m="49162" /><E27/><V6/><F6/><W119/><G7/><T30/><D30/><U37/><E37/><V23/><F23/><W3/><G3/><T133/><D34/><U18/><E18/><V48/><F75/><W24/><G110/><T21/><D133/><U132/><E132/><V68/><F71/><W94/><G119/><T77/><D19/><U98/><E98/><V10/><F68/><W85/><REACH who="3" step="1"/><G46/><REACH who="3" ten="253,110,303,324" step="2"/><T96/><D4/><U64/><E64/><V123/><F65/><W26/><G26/><T73/><D73/><U63/><E63/><V126/><F2/><W39/><G39/><T117/><D117/><U83/><E83/><V22/><F0/><W106/><G106/><T104/><D104/><U14/><E14/><AGARI ba="0,1" hai="13,14,15,20,24,29,60,66,70,84,85,86,91,94" machi="14" ten="40,3900,0" yaku="1,1,53,1" doraHai="42" doraHaiUra="58" who="3" fromWho="1" sc="253,0,110,-39,303,0,324,49" /><INIT seed="3,1,0,4,1,77" ten="253,71,303,373" oya="3" hai0="25,8,96,92,78,86,32,112,80,73,23,102,103" hai1="43,64,131,16,124,6,85,88,75,100,76,55,26" hai2="36,105,39,15,129,84,59,82,30,53,94,132,98" hai3="4,111,10,108,50,65,28,22,99,101,54,89,48"/><W18/><G28/><T127/><D127/><U49/><E131/><V61/><F105/><W42/><G65/><T19/><D112/><U34/><E124/><V69/><F129/><W72/><G72/><T52/><D32/><U117/><E117/><V79/><F132/><W81/><G42/><T21/><D73/><U68/><E6/><V3/><F3/><W0/><G89/><T106/><D106/><U116/><E100/><V9/><F69/><W113/><G81/><T37/><D37/><U46/><E116/><V17/><F30/><W135/><G135/><T130/><D130/><U35/><E76/><V110/><F110/><N who="3" m="42027" /><G54/><T107/><D107/><U47/><E75/><V87/><F84/><W33/><G33/><T115/><D115/><U91/><E91/><AGARI ba="1,0" hai="9,15,17,36,39,53,59,61,79,82,87,91,94,98" machi="91" ten="30,2000,0" yaku="7,1,52,1" doraHai="77" who="2" fromWho="1" sc="253,0,71,-23,303,23,373,0" /><INIT seed="4,0,0,0,1,90" ten="253,48,326,373" oya="0" hai0="14,84,132,124,52,103,69,6,32,76,35,60,2" hai1="57,13,92,118,5,47,11,109,44,122,67,0,88" hai2="116,42,31,45,30,121,106,126,54,1,70,64,79" hai3="37,110,41,43,59,97,50,95,63,36,17,82,51"/><T34/><D2/><U71/><E118/><V72/><F106/><W134/><G110/><T27/><D132/><U125/><E71/><V26/><F121/><W65/><G37/><T107/><D124/><U12/><E122/><V85/><F126/><W33/><G33/><T20/><D69/><U8/><E109/><V104/><F104/><W3/><G3/><T105/><D103/><U102/><E102/><V29/><F72/><W4/><G4/><T111/><D111/><U98/><E125/><V24/><F1/><W114/><G114/><T16/><D76/><U7/><E0/><V75/><F75/><W66/><G66/><T101/><D101/><U91/><E91/><V53/><F64/><W46/><G43/><T9/><REACH who="0" step="1"/><D84/><REACH who="0" ten="243,48,326,373" step="2"/><U78/><E78/><V48/><F70/><W99/><G134/><T135/><D135/><U25/><E25/><N who="2" m="9835" /><F116/><W38/><G99/><T10/><D10/><U130/><E130/><V61/><F79/><W93/><G97/><T80/><D80/><U49/><E49/><V22/><F85/><W133/><G82/><T119/><D119/><U112/><E112/><V40/><F22/><W68/><G38/><T56/><AGARI ba="0,1" hai="6,9,14,16,20,27,32,34,35,52,56,60,105,107" machi="56" ten="40,12000,1" yaku="1,1,0,1,54,2,53,0" doraHai="90" doraHaiUra="113" who="0" fromWho="0" sc="243,130,48,-40,326,-40,373,-40" /><INIT seed="4,1,0,2,1,36" ten="373,8,286,333" oya="0" hai0="106,98,64,55,125,27,10,45,20,83,105,76,65" hai1="110,75,92,30,119,51,26,127,31,49,73,71,134" hai2="114,112,32,11,81,77,14,29,15,23,41,82,121" hai3="43,0,120,42,6,132,111,123,70,5,108,17,118"/><T93/><D125/><U3/><E92/><V128/><F121/><N who="3" m="46667" /><G118/><T8/><D105/><U50/><E119/><V40/><F32/><W116/><G116/><T54/><D106/><U47/><E71/><V56/><F128/><W95/><G132/><T102/><D64/><U103/><E110/><N who="3" m="42026" /><G70/><T101/><D101/><U109/><E109/><V18/><F56/><W22/><G95/><T60/><D10/><U100/><E3/><V61/><F61/><W28/><G28/><T1/><D8/><U130/><E47/><V25/><F15/><N who="3" m="9535" /><G0/><T72/><D1/><U107/><E107/><V57/><F57/><W89/><G89/><T37/><D45/><U9/><E134/><V34/><F34/><W62/><G62/><T16/><D37/><U88/><E9/><V124/><F124/><W35/><G35/><T80/><D80/><U97/><E127/><V67/><F67/><W66/><G66/><T74/><D74/><U78/><E130/><V12/><F12/><W96/><G96/><T33/><D33/><U86/><E78/><V117/><F117/><W24/><G24/><T131/><D131/><U19/><E75/><V135/><F135/><W79/><G79/><T122/><D122/><U46/><E73/><N who="2" m="43183" /><F82/><W13/><G13/><T129/><D129/><U87/><E46/><V39/><F39/><W21/><G21/><T48/><D48/><U104/><E103/><V68/><F68/><AGARI ba="1,0" hai="16,20,27,54,55,60,65,68,72,76,83,93,98,102" machi="68" ten="30,2900,0" yaku="7,1,54,1" doraHai="36" who="0" fromWho="2" sc="373,32,8,0,286,-32,333,0" /><INIT seed="4,2,0,2,4,78" ten="405,8,254,333" oya="0" hai0="73,14,28,75,67,64,19,58,34,52,124,45,5" hai1="104,133,57,114,108,117,72,38,109,9,6,71,30" hai2="81,3,135,11,70,113,56,32,69,41,66,82,118" hai3="35,59,95,39,61,7,0,49,123,40,33,1,129"/><T12/><D5/><U100/><E57/><V107/><F113/><W97/><G39/><T98/><D14/><U20/><E30/><V26/><F135/><W74/><G129/><T110/><D124/><U50/><E20/><V51/><F118/><W76/><G123/><T17/><D17/><U60/><E50/><V102/><F70/><W103/><G40/><T23/><D110/><U27/><E27/><V126/><F126/><W42/><G42/><T79/><D45/><U128/><E60/><V96/><F11/><W53/><G49/><T80/><D75/><U13/><E117/><V18/><F3/><W88/><G103/><T112/><D28/><U93/><E93/><V131/><F131/><W87/><G74/><T89/><D34/><U86/><E86/><V115/><F115/><W120/><G120/><T91/><D112/><U132/><E114/><V37/><F37/><W24/><G24/><T68/><D68/><U122/><E122/><V85/><F85/><W101/><G76/><T119/><D119/><U36/><E128/><V22/><F32/><W62/><G62/><T90/><REACH who="0" step="1"/><D98/><REACH who="0" ten="395,8,254,333" step="2"/><N who="1" m="61463" /><E72/><V65/><F69/><W48/><G1/><T84/><D84/><U21/><E71/><V83/><REACH who="2" step="1"/><F56/><REACH who="2" ten="395,8,244,333" step="2"/><W99/><G87/><T31/><D31/><U134/><E21/><V127/><F127/><W25/><G35/><T4/><D4/><U125/><E125/><V16/><F16/><W29/><G0/><T15/><D15/><U47/><E38/><V121/><F121/><W10/><G7/><T92/><D92/><U54/><E36/><V46/><AGARI ba="2,2" hai="18,22,26,41,46,51,65,66,81,82,83,96,102,107" machi="46" ten="30,12000,2" yaku="1,1,5,1,0,1,52,3,53,1" doraHai="78" doraHaiUra="44" who="2" fromWho="2" sc="395,-62,8,-32,244,146,333,-32" owari="333,13.3,-24,-52.4,390,49.0,301,-9.9" /></mjloggm>