<mjloggm ver="2.3"><GO type="169" lobby="0"/><UN n0="%E9%B3%B4%E8%8C%B6" n1="%E3%81%BE%E3%81%88%E3%81%9F" n2="%E3%81%82%E3%81%8B%E3%82%8A%E3%82%8D%E3%82%93" n3="%E5%9B%9B%E5%89%AF%E9%9C%B2%E5%8D%98%E9%A8%8E" dan="16,16,16,16" rate="2140.48,2190.41,2174.93,2026.26" sx="M,F,F,F"/><TAIKYOKU oya="0"/><INIT seed="0,0,0,3,5,66" ten="250,250,250,250" oya="0" hai0="120,92,124,53,44,51,67,37,43,93,65,108,19" hai1="100,54,18,82,89,102,107,123,97,32,2,87,111" hai2="6,83,79,57,22,121,42,70,49,125,76,118,21" hai3="90,3,25,35,96,33,10,38,75,11,133,94,45"/><T117/><D120/><U122/><E2/><V8/><F121/><W134/><G75/><T128/><D117/><U77/><E32/><N who="3" m="12362" /><G25/><T126/><D128/><U105/><E18/><V86/><F118/><W113/><G3/><T12/><D67/><U16/><E16/><V48/><F125/><N who="0" m="48234" /><D65/><U72/><E54/><V52/><F70/><W59/><G59/><N who="0" m="33215" /><D108/><U91/><E111/><V61/><F76/><W103/><G113/><T31/><D31/><U26/><E26/><V14/><F61/><W69/><G69/><T71/><D71/><U56/><E56/><V68/><F68/><W23/><G23/><AGARI ba="0,0" hai="12,19,23,37,43,44,92,93" m="33215,48234" machi="23" ten="30,1500,0" yaku="18,1" doraHai="66" who="0" fromWho="3" sc="250,15,250,0,250,0,250,-15" /><INIT seed="0,1,0,1,1,101" ten="265,250,250,235" oya="0" hai0="9,124,56,17,113,22,97,109,69,61,85,81,49" hai1="120,13,39,20,126,79,38,129,32,134,88,25,26" hai2="64,92,59,107,24,80,34,98,10,86,116,21,93" hai3="33,130,94,125,65,53,30,89,8,47,5,103,95"/><T118/><D113/><U4/><E120/><V121/><F121/><W67/><G130/><T104/><D118/><U71/><E71/><V23/><F116/><W14/><G125/><T43/><D124/><U70/><E70/><V54/><F64/><W108/><G108/><T29/><D109/><U35/><E126/><V112/><F112/><W105/><G33/><T37/><D69/><U114/><E114/><V12/><F34/><W132/><G30/><T110/><D37/><U117/><E117/><V45/><F45/><W73/><G73/><T99/><D104/><U72/><E129/><V19/><F23/><W78/><G78/><T51/><D9/><U131/><E79/><V44/><F44/><W36/><G132/><T31/><D110/><U68/><E72/><V57/><F57/><W133/><G105/><T2/><D2/><U100/><E35/><V15/><F15/><W123/><G133/><T77/><D29/><U74/><E32/><V16/><F98/><N who="0" m="37386" /><D31/><U111/><E111/><V55/><F107/><W11/><G36/><T66/><D43/><U75/><E39/><V106/><F106/><W0/><G123/><T102/><D102/><U60/><E38/><V119/><F119/><W1/><G103/><T87/><D87/><U84/><E68/><V7/><F7/><W135/><G0/><T91/><D77/><U62/><E134/><V90/><F54/><W83/><G135/><T128/><D128/><U48/><E131/><V76/><F76/><W28/><G28/><T50/><D50/><AGARI ba="1,0" hai="10,12,16,19,21,24,50,55,59,80,86,90,92,93" machi="50" ten="30,3900,0" yaku="7,1,8,1,54,1" doraHai="101" who="2" fromWho="0" sc="265,-42,250,0,250,42,235,0" /><INIT seed="1,0,0,3,0,53" ten="223,250,292,235" oya="1" hai0="126,57,29,116,76,115,16,28,23,52,64,73,33" hai1="55,5,86,21,47,87,46,58,121,95,97,39,128" hai2="32,2,104,59,122,63,102,117,127,40,131,92,18" hai3="106,42,120,9,123,96,4,22,44,69,110,66,91"/><U79/><E128/><V130/><F117/><W129/><G110/><T83/><D116/><U68/><E68/><V109/><F122/><W67/><G129/><N who="2" m="49161" /><F109/><W31/><G31/><T48/><D115/><U37/><E121/><V3/><F32/><W1/><G22/><T113/><D113/><U112/><E112/><V132/><F132/><W71/><G66/><T100/><D126/><U107/><E107/><V35/><F35/><W13/><G13/><T54/><D33/><U61/><E37/><V20/><F127/><W51/><G91/><T124/><D124/><U50/><E39/><V103/><F40/><W11/><G11/><T101/><D64/><U15/><E79/><V134/><F134/><W99/><G99/><T25/><REACH who="0" step="1"/><D54/><REACH who="0" ten="213,250,292,235" step="2"/><N who="1" m="34007" /><E46/><V36/><F36/><W19/><G67/><T49/><D49/><U85/><E5/><V27/><F104/><W78/><G106/><T93/><D93/><U133/><E133/><V89/><F2/><W74/><G1/><T41/><D41/><U108/><E108/><V88/><F3/><W65/><G42/><T80/><D80/><U111/><E111/><V6/><F92/><W75/><G4/><T125/><D125/><U135/><E135/><V119/><F6/><W82/><G82/><T56/><D56/><U8/><E95/><V30/><F119/><W94/><G94/><T72/><D72/><U84/><E84/><V98/><F98/><W43/><G96/><T105/><D105/><U17/><E97/><V14/><F102/><AGARI ba="0,1" hai="16,23,25,28,29,48,52,57,73,76,83,100,101,102" machi="102" ten="40,12000,2" yaku="1,1,52,1,54,2,53,2" doraHai="53" doraHaiUra="24" who="0" fromWho="2" sc="213,130,250,0,292,-120,235,0" /><INIT seed="2,0,0,4,2,99" ten="343,250,172,235" oya="2" hai0="88,37,7,74,112,134,125,121,6,5,48,95,81" hai1="135,43,115,76,65,49,84,53,128,63,36,45,4" hai2="89,66,22,87,98,122,126,129,1,117,80,21,38" hai3="108,105,0,119,57,110,123,91,31,69,133,41,64"/><V132/><F117/><W127/><G0/><T101/><D121/><U23/><E115/><V100/><F122/><W72/><G31/><T79/><D112/><U50/><E4/><V27/><F1/><W29/><G29/><T71/><D37/><U58/><E23/><V33/><F129/><W70/><G72/><T18/><D134/><U118/><E84/><V61/><F132/><W30/><G30/><T97/><D125/><U82/><E82/><V86/><F38/><W39/><G105/><T103/><D71/><N who="3" m="27145" /><G91/><T60/><D60/><N who="1" m="35919" /><E76/><V102/><F126/><W113/><G113/><T68/><D68/><N who="1" m="42047" /><E135/><V75/><F75/><W78/><G78/><T114/><D114/><U34/><E34/><V93/><F33/><W10/><G10/><T90/><D48/><N who="1" m="18539" /><E128/><V42/><F42/><W32/><G32/><T56/><D56/><U25/><E25/><V124/><F124/><W107/><G107/><T8/><REACH who="0" step="1"/><D90/><REACH who="0" ten="333,250,172,235" step="2"/><U20/><E118/><V35/><F35/><W54/><G119/><T14/><AGARI ba="0,1" hai="5,6,7,8,14,18,74,79,81,88,95,97,101,103" machi="14" ten="30,12000,2" yaku="1,1,2,1,0,1,52,2,54,1,53,1" doraHai="99" doraHaiUra="12" who="0" fromWho="0" sc="333,130,250,-30,172,-60,235,-30" /><INIT seed="3,0,0,2,0,122" ten="463,220,112,205" oya="3" hai0="25,97,2,36,98,132,8,6,116,17,43,128,96" hai1="50,115,4,103,118,130,34,69,83,41,131,45,123" hai2="74,76,70,67,100,73,18,112,23,91,89,120,75" hai3="105,71,7,121,20,80,63,3,12,54,92,66,72"/><W87/><G121/><T24/><D116/><U108/><E123/><V109/><F120/><W49/><G105/><T134/><D128/><N who="1" m="49195" /><E34/><V68/><F112/><W114/><G114/><T64/><D64/><U40/><E4/><V21/><F76/><W124/><G124/><T78/><D78/><U33/><E33/><V53/><F53/><W85/><G72/><T52/><D43/><N who="1" m="24895" /><E103/><V135/><F100/><W57/><G3/><T11/><D36/><U13/><E13/><V126/><F126/><W93/><G85/><T47/><D11/><U90/><E115/><V119/><F119/><W88/><REACH who="3" step="1"/><G7/><REACH who="3" ten="463,220,112,195" step="2"/><T39/><D6/><U19/><E118/><V58/><F74/><W27/><G27/><T0/><D24/><U110/><E19/><AGARI ba="0,1" hai="12,19,20,49,54,57,63,66,71,80,87,88,92,93" machi="19" ten="40,3900,0" yaku="1,1,54,1,53,0" doraHai="122" doraHaiUra="94" who="3" fromWho="1" sc="463,0,220,-39,112,0,195,49" /><INIT seed="3,1,0,3,2,4" ten="463,181,112,244" oya="3" hai0="2,135,45,91,55,85,50,17,73,12,14,107,59" hai1="106,72,33,44,121,126,57,95,88,24,105,60,79" hai2="80,32,41,36,89,9,113,130,118,8,120,26,3" hai3="69,122,29,0,98,31,11,84,127,116,77,18,131"/><W47/><G116/><T65/><D2/><U52/><E121/><V102/><F113/><W134/><G69/><T93/><D73/><U87/><E126/><V90/><F118/><W35/><G122/><T81/><D107/><U54/><E72/><V83/><F120/><W112/><G112/><T86/><D135/><U5/><E79/><V1/><F130/><W30/><G127/><T66/><D14/><U68/><E68/><V43/><F102/><W53/><G134/><T28/><D28/><U132/><E132/><V22/><F32/><W40/><G131/><T129/><D129/><U56/><E44/><V114/><F114/><W58/><G98/><T125/><D125/><U75/><E75/><V27/><REACH who="2" step="1"/><F22/><REACH who="2" ten="463,181,102,244" step="2"/><W20/><G35/><T7/><D7/><U123/><E123/><V25/><F25/><W71/><G20/><T103/><D103/><U51/><REACH who="1" step="1"/><E5/><REACH who="1" ten="463,171,102,244" step="2"/><V63/><F63/><W110/><G110/><T34/><D34/><U15/><E15/><V115/><F115/><W10/><G0/><T46/><D45/><U99/><E99/><V117/><F117/><W92/><G47/><T23/><REACH who="0" step="1"/><D46/><REACH who="0" ten="453,171,102,244" step="2"/><U37/><E37/><AGARI ba="1,3" hai="1,3,8,9,26,27,36,37,41,43,80,83,89,90" machi="37" ten="25,8000,1" yaku="1,1,22,2,52,2,53,0" doraHai="4" doraHaiUra="101" who="2" fromWho="1" sc="453,0,171,-83,102,113,244,0" /><INIT seed="4,0,0,4,4,102" ten="453,88,215,244" oya="0" hai0="60,19,15,79,97,113,27,45,12,34,130,108,87" hai1="9,33,129,126,114,61,125,55,110,72,124,101,31" hai2="84,89,38,131,67,41,62,36,123,48,127,1,39" hai3="96,69,7,16,14,135,68,18,95,86,71,44,78"/><T5/><D113/><U100/><E110/><V107/><F123/><W54/><G135/><T29/><D108/><U117/><E117/><V56/><F1/><W64/><G64/><T57/><D130/><U116/><E116/><V25/><F131/><W80/><G7/><T111/><D111/><U76/><E114/><V49/><F127/><W43/><G54/><T35/><D35/><U42/><E129/><V59/><F107/><W81/><G81/><T32/><D34/><U17/><E42/><V119/><F25/><W106/><G106/><T46/><D5/><U92/><E31/><V105/><F105/><W51/><REACH who="3" step="1"/><G14/><REACH who="3" ten="453,88,215,234" step="2"/><T82/><D15/><N who="1" m="7407" /><E33/><V13/><F13/><W23/><G23/><T115/><D115/><U109/><E109/><V74/><F119/><W22/><G22/><T133/><D133/><U83/><E92/><V63/><F41/><W70/><N who="3" m="17408" /><DORA hai="47" /><W58/><G58/><AGARI ba="0,1" hai="55,58,61,72,76,83,100,101,124,125,126" m="7407" machi="58" ten="30,1000,0" yaku="18,1" doraHai="102,47" who="1" fromWho="3" sc="453,0,88,20,215,0,234,-10" /><INIT seed="5,0,0,4,4,81" ten="453,108,215,224" oya="1" hai0="49,5,4,12,30,29,62,52,102,57,117,85,17" hai1="54,67,60,13,8,118,20,59,28,80,35,27,114" hai2="73,95,64,33,110,109,21,111,37,132,16,48,129" hai3="130,32,91,55,101,131,104,39,47,72,127,105,51"/><U79/><E114/><V40/><F33/><W99/><G127/><T116/><D117/><U65/><E35/><V82/><F37/><W76/><G32/><T56/><D102/><U134/><E134/><V45/><F132/><W89/><G105/><T3/><D3/><U36/><E36/><V7/><F7/><N who="0" m="2634" /><D85/><U125/><E125/><V10/><F10/><W135/><G135/><T1/><D1/><U18/><REACH who="1" step="1"/><E118/><REACH who="1" ten="453,98,215,224" step="2"/><V90/><F110/><W122/><G39/><T94/><D116/><U93/><E93/><V26/><F129/><N who="3" m="49163" /><G122/><T34/><D94/><U107/><E107/><V100/><F109/><W41/><G41/><T74/><D34/><U46/><E46/><V43/><F43/><W9/><G9/><N who="0" m="6287" /><D74/><AGARI ba="0,1" hai="8,13,18,20,27,28,54,59,60,65,67,74,79,80" machi="74" ten="30,2900,0" yaku="1,1,7,1,53,0" doraHai="81" doraHaiUra="88" who="1" fromWho="0" sc="453,-29,98,39,215,0,224,0" /><INIT seed="5,1,0,1,0,99" ten="424,137,215,224" oya="1" hai0="50,68,40,27,95,122,94,42,12,121,39,63,30" hai1="75,103,38,0,101,3,106,35,59,132,62,18,24" hai2="7,9,11,91,100,89,56,16,96,110,104,83,73" hai3="118,87,112,52,116,17,61,107,92,77,65,60,64"/><U82/><E38/><V123/><F110/><W125/><G107/><T22/><D39/><U111/><E111/><V76/><F123/><N who="0" m="47114" /><D12/><U72/><E106/><V25/><F56/><W78/><G112/><T86/><D50/><U4/><E132/><V58/><F58/><N who="3" m="34887" /><G125/><T31/><D31/><U55/><E35/><V29/><F16/><W131/><G131/><T41/><D86/><U34/><E34/><V102/><F102/><W70/><G64/><AGARI ba="1,0" hai="22,27,30,40,41,42,63,64,68,94,95" m="47114" machi="64" ten="30,1000,0" yaku="13,1" doraHai="99" who="0" fromWho="3" sc="424,13,137,0,215,0,224,-13" /><INIT seed="6,0,0,4,5,120" ten="437,137,215,211" oya="2" hai0="26,4,1,72,112,90,95,134,67,62,81,110,128" hai1="119,27,68,69,44,70,123,96,126,74,0,33,23" hai2="12,124,36,109,35,78,94,64,115,89,7,11,63" hai3="5,31,46,24,98,22,65,20,29,39,107,53,97"/><V52/><F35/><W133/><G133/><T117/><D110/><U84/><E119/><V129/><F36/><W59/><G5/><T66/><D134/><U88/><E74/><V130/><F115/><W105/><G65/><T135/><D135/><U58/><E123/><V55/><F78/><W13/><G105/><T45/><D26/><U14/><E0/><V19/><F19/><W101/><G97/><T131/><D112/><U79/><E126/><V87/><F109/><W42/><G13/><T17/><D17/><U114/><E114/><V76/><F76/><W104/><G104/><T121/><D45/><U47/><E33/><V93/><F93/><W9/><G9/><T56/><D81/><U49/><E14/><V92/><F92/><W40/><G40/><T99/><D72/><U82/><E96/><V21/><F21/><W125/><G125/><T51/><D67/><U15/><E15/><V132/><F132/><W38/><G38/><T6/><D51/><U71/><N who="1" m="17408" /><DORA hai="73" /><U106/><E106/><V113/><F124/><W16/><REACH who="3" step="1"/><G20/><REACH who="3" ten="437,137,215,201" step="2"/><T3/><D4/><U30/><REACH who="1" step="1"/><E79/><REACH who="1" ten="437,127,215,201" step="2"/><V25/><F113/><W116/><G116/><T103/><D117/><U100/><E100/><V41/><F12/><W43/><G43/><T18/><D103/><U91/><E91/><V83/><F41/><W54/><G54/><AGARI ba="0,2" hai="23,27,30,44,47,49,54,58,82,84,88" m="17408" machi="54" ten="70,8000,1" yaku="1,1,54,1,53,1" doraHai="120,73" doraHaiUra="2,77" who="1" fromWho="3" sc="437,0,127,100,215,0,201,-80" /><INIT seed="7,0,0,0,0,60" ten="437,227,215,121" oya="3" hai0="83,110,96,87,82,67,71,15,18,43,55,48,93" hai1="2,126,102,131,46,54,88,98,101,12,114,51,7" hai2="20,109,72,9,31,80,58,104,94,40,50,127,63" hai3="14,99,53,78,30,34,66,79,95,19,91,112,115"/><W5/><G5/><T39/><D110/><U6/><E2/><V77/><F109/><W70/><G34/><T108/><D108/><U25/><E114/><N who="3" m="43562" /><G30/><T128/><D39/><U73/><E73/><V86/><F127/><W1/><G1/><T97/><D43/><U36/><E36/><V119/><F119/><W3/><G3/><T28/><D71/><U92/><E126/><V116/><F116/><W29/><G29/><T90/><D67/><U8/><E131/><V135/><F135/><W35/><G35/><T84/><D128/><U120/><E120/><V76/><F104/><W129/><G129/><T89/><D93/><U57/><E6/><V106/><F106/><W133/><G133/><T16/><D28/><U68/><E68/><V13/><F72/><W11/><G53/><T61/><D61/><AGARI ba="0,0" hai="11,14,19,61,66,70,78,79,91,95,99" m="43562" machi="61" ten="30,2900,0" yaku="15,1,52,1" doraHai="60" who="3" fromWho="0" sc="437,-29,227,0,215,0,121,29" /><INIT seed="7,1,0,0,0,5" ten="408,227,215,150" oya="3" hai0="129,109,122,95,61,106,113,30,57,75,116,107,132" hai1="79,49,76,45,101,125,47,14,35,42,94,120,36" hai2="105,123,91,37,27,1,70,133,102,126,53,130,20" hai3="68,83,67,82,3,60,100,103,89,73,74,124,115"/><W78/><G115/><T17/><D30/><U90/><E35/><V56/><F70/><W51/><G124/><T22/><D75/><U8/><E125/><V2/><F126/><W86/><G3/><T10/><D122/><U39/><E101/><V7/><F37/><W114/><G114/><T31/><D116/><U84/><E120/><V19/><F123/><W92/><REACH who="3" step="1"/><G51/><REACH who="3" ten="408,227,215,140" step="2"/><T26/><D113/><U119/><E119/><V44/><F1/><W65/><G65/><T38/><D38/><U23/><E39/><V43/><F2/><W108/><G108/><T66/><D109/><U11/><E36/><V121/><F121/><W33/><G33/><T131/><D66/><U72/><E72/><V58/><F130/><W111/><G111/><T25/><D129/><U128/><E128/><V40/><F133/><W55/><G55/><T41/><D132/><U24/><E49/><V93/><F53/><W77/><AGARI ba="1,1" hai="60,67,68,73,74,77,78,82,83,86,89,92,100,103" machi="77" ten="30,6000,0" yaku="1,1,0,1,9,1,53,0" doraHai="5" doraHaiUra="71" who="3" fromWho="3" sc="408,-21,227,-21,215,-21,140,73" /><INIT seed="7,2,0,0,3,22" ten="387,206,194,213" oya="3" hai0="132,125,122,134,12,29,24,58,21,62,1,55,32" hai1="48,0,106,53,42,49,66,91,76,65,70,124,44" hai2="71,123,16,33,26,116,118,67,47,19,2,45,74" hai3="51,20,108,46,30,113,54,98,95,40,52,96,73"/><W57/><G113/><T100/><D122/><U126/><E106/><V31/><F74/><W56/><G73/><T6/><D125/><N who="1" m="48235" /><E70/><V85/><F2/><W97/><G108/><T28/><D100/><U110/><E110/><V69/><F123/><W11/><G11/><N who="0" m="2511" /><D28/><U10/><E76/><V61/><F71/><W102/><G30/><T121/><D121/><U107/><E107/><V81/><F116/><W18/><G57/><T79/><D79/><U68/><E68/><V128/><F128/><W38/><REACH who="3" step="1"/><G54/><REACH who="3" ten="387,206,194,203" step="2"/><T5/><D5/><N who="1" m="1319" /><E91/><V127/><F127/><W130/><G130/><T103/><D29/><U119/><E119/><V87/><F118/><W41/><G41/><T111/><D58/><AGARI ba="2,1" hai="42,44,48,49,53,58,65,66" m="1319,48235" machi="58" ten="30,1000,0" yaku="18,1" doraHai="22" who="1" fromWho="0" sc="387,-16,206,26,194,0,203,0" owari="371,47.1,232,3.2,194,-30.6,203,-19.7" /></mjloggm>