<mjloggm ver="2.3"><GO type="169" lobby="0"/><UN n0="%E5%B2%A9%E4%B8%8A%E9%80%9A%E3%82%8A" n1="%E6%95%97%E5%8C%97%E8%80%85%E3%81%AD%E3%82%8B" n2="%E8%B4%88%E4%BA%BA%E8%A9%A9%E6%96%BC%E5%A4%A2" n3="%E3%81%88%E3%81%84%E3%81%8D%E3%81%A1%40%35%6D%66" dan="16,17,17,17" rate="2119.61,2185.43,2180.29,2208.59" sx="M,F,F,M"/><TAIKYOKU oya="0"/><INIT seed="0,0,0,1,4,75" ten="250,250,250,250" oya="0" hai0="21,5,51,106,114,134,126,19,39,9,1,46,48" hai1="33,78,69,7,87,125,117,45,40,66,26,108,22" hai2="6,111,59,44,105,130,61,98,115,107,85,35,41" hai3="103,124,131,31,80,56,16,3,8,29,122,70,30"/><T28/><D114/><U74/><E117/><V10/><F115/><W15/><G70/><T50/><D126/><U79/><E125/><V55/><F35/><W118/><G124/><T34/><D106/><U128/><E33/><V11/><F111/><W38/><G118/><T82/><D134/><U129/><E74/><V97/><F130/><N who="1" m="50281" /><E7/><V20/><F105/><W100/><G131/><T14/><D82/><U42/><E108/><V65/><F20/><W101/><G38/><T119/><D39/><N who="1" m="21663" /><E42/><V64/><F11/><W110/><G110/><T84/><D84/><U135/><E135/><V113/><F113/><W77/><G122/><T132/><D132/><U54/><E54/><V88/><F107/><W95/><G3/><T120/><D119/><U52/><E87/><V116/><F116/><W76/><G80/><T53/><REACH who="0" step="1"/><D120/><REACH who="0" ten="240,250,250,250" step="2"/><U127/><E127/><V25/><F98/><W62/><REACH who="3" step="1"/><G95/><REACH who="3" ten="240,250,250,240" step="2"/><T63/><D63/><N who="1" m="40159" /><E52/><AGARI ba="0,2" hai="8,15,16,29,30,31,52,56,62,76,77,100,101,103" machi="52" ten="40,12000,2" yaku="1,1,8,1,52,2,54,2,53,0" doraHai="75" doraHaiUra="47" who="3" fromWho="1" sc="240,0,250,-120,250,0,240,140" /><INIT seed="1,0,0,1,4,57" ten="240,130,250,380" oya="1" hai0="96,19,114,24,66,94,14,63,6,78,127,90,81" hai1="108,50,52,27,33,42,61,131,11,120,98,34,113" hai2="9,59,46,110,41,31,132,100,99,83,76,54,124" hai3="86,10,118,5,67,68,28,37,17,64,4,45,87"/><U35/><E113/><V1/><F110/><W125/><G125/><T89/><D127/><U135/><E120/><V23/><F124/><W133/><G133/><T122/><D122/><U72/><E135/><V39/><F23/><W109/><G109/><T60/><D66/><U13/><E108/><V105/><F31/><W79/><G118/><T56/><D56/><U48/><E72/><V71/><F71/><W3/><G28/><T53/><D53/><U49/><E131/><V16/><F132/><W134/><G134/><T115/><D6/><U32/><E42/><V7/><F16/><W91/><G5/><T88/><D24/><U97/><N who="1" m="8192" /><DORA hai="75" /><U38/><E38/><V102/><F99/><W43/><G68/><T123/><D123/><U74/><E27/><V116/><F105/><W20/><G86/><N who="0" m="48439" /><D115/><U22/><E22/><V85/><REACH who="2" step="1"/><F116/><REACH who="2" ten="240,130,240,380" step="2"/><W126/><G126/><T82/><D114/><U25/><E25/><V36/><F36/><W106/><G106/><T93/><D82/><U84/><E74/><V128/><F128/><W80/><REACH who="3" step="1"/><G91/><REACH who="3" ten="240,130,240,370" step="2"/><N who="0" m="55359" /><D94/><U58/><REACH who="1" step="1"/><E84/><REACH who="1" ten="240,120,240,370" step="2"/><V12/><F12/><AGARI ba="0,3" hai="3,4,10,12,17,20,37,43,45,64,67,79,80,87" machi="12" ten="30,3900,0" yaku="1,1,7,1,52,1,53,0" doraHai="57,75" doraHaiUra="129,112" who="3" fromWho="2" sc="240,0,120,0,240,-39,370,69" /><INIT seed="2,0,0,3,4,2" ten="240,120,201,439" oya="2" hai0="13,126,109,52,20,12,31,101,60,131,62,66,94" hai1="54,23,64,89,9,80,100,17,112,68,92,5,1" hai2="43,85,72,119,104,107,45,122,16,96,44,123,130" hai3="30,84,41,135,33,73,110,50,134,49,61,10,69"/><V26/><F119/><W83/><G73/><T56/><D109/><U93/><E112/><V105/><F72/><W34/><G110/><T40/><D126/><U21/><E64/><V67/><F130/><W120/><G120/><T114/><D131/><U133/><E68/><V65/><F96/><W4/><G61/><T35/><D35/><N who="3" m="13321" /><G41/><T47/><D114/><U86/><E133/><N who="3" m="50698" /><G30/><T113/><D113/><U76/><E100/><V82/><F122/><W125/><G69/><T75/><D75/><U132/><E132/><V74/><F74/><W11/><G11/><T36/><D101/><U97/><E92/><V32/><F44/><W71/><G71/><T51/><D94/><U0/><E0/><V28/><F123/><W25/><G25/><N who="0" m="16807" /><D60/><U95/><E95/><V103/><F103/><W14/><G125/><T79/><D79/><AGARI ba="0,0" hai="4,10,14,49,50,79,83,84" m="50698,13321" machi="79" ten="30,2000,0" yaku="20,1,52,1" doraHai="2" who="3" fromWho="0" sc="240,-20,120,0,201,0,439,20" /><INIT seed="3,0,0,2,4,81" ten="220,120,201,459" oya="3" hai0="14,72,52,113,122,12,44,25,93,123,84,98,19" hai1="35,5,90,108,77,76,94,2,28,95,37,91,10" hai2="41,60,106,16,7,54,31,103,133,20,88,39,101" hai3="82,59,51,53,55,118,66,126,68,49,15,27,67"/><W33/><G118/><T0/><D0/><U71/><E108/><V38/><F31/><W34/><G126/><T131/><D72/><U110/><E110/><V132/><F7/><W119/><G119/><T78/><D131/><U43/><E71/><V11/><F11/><W45/><G68/><T13/><D113/><U18/><E43/><V124/><F124/><W75/><G15/><T48/><D123/><U30/><E37/><V129/><F129/><W79/><REACH who="3" step="1"/><G27/><REACH who="3" ten="220,120,201,449" step="2"/><T1/><D1/><U97/><E35/><AGARI ba="0,1" hai="33,34,35,45,49,51,53,55,59,66,67,75,79,82" machi="35" ten="40,3900,0" yaku="1,1,2,1,53,0" doraHai="81" doraHaiUra="112" who="3" fromWho="1" sc="220,0,120,-39,201,0,449,49" /><INIT seed="3,1,0,1,2,74" ten="220,81,201,498" oya="3" hai0="78,32,130,53,105,1,35,18,64,114,110,37,89" hai1="99,17,67,70,77,54,91,33,96,88,45,116,98" hai2="69,133,19,50,41,117,83,2,25,93,42,39,103" hai3="9,48,65,73,128,113,49,85,124,84,106,79,120"/><W109/><G113/><T71/><D89/><U22/><E33/><V102/><F69/><W111/><G120/><T126/><D53/><U108/><E108/><N who="3" m="41546" /><G106/><T112/><D18/><U13/><E116/><V31/><F117/><W20/><G128/><T62/><D62/><U119/><E119/><V95/><F2/><W4/><G124/><T56/><D56/><U86/><E67/><V30/><F39/><W82/><G65/><T12/><D12/><U81/><E70/><V10/><F83/><N who="3" m="45551" /><G20/><T16/><D64/><U115/><E115/><V6/><F133/><W123/><G123/><T107/><D110/><U87/><E87/><N who="3" m="33354" /><G82/><T3/><D126/><U36/><REACH who="1" step="1"/><E36/><REACH who="1" ten="220,71,201,498" step="2"/><V52/><F103/><W55/><G55/><T68/><D37/><U131/><E131/><V27/><F102/><W76/><G76/><T134/><D130/><U28/><E28/><V11/><F30/><W129/><G129/><T100/><D100/><U72/><E72/><V90/><F31/><W58/><G58/><T97/><D78/><U47/><E47/><V75/><F52/><W63/><G63/><T21/><D35/><U59/><E59/><V80/><F75/><W135/><G135/><T0/><D32/><U92/><E92/><V61/><F93/><W43/><G43/><T125/><D134/><U29/><E29/><V127/><F95/><W5/><G5/><T122/><D114/><U44/><E44/><V14/><F127/><W132/><G132/><T23/><D112/><U66/><E66/><V40/><F6/><W38/><G38/><T94/><D125/><U60/><E60/><RYUUKYOKU ba="1,1" sc="220,-15,71,15,201,-15,498,15" hai1="13,17,22,45,54,77,81,86,88,91,96,98,99" hai3="4,9,48,49" /><INIT seed="3,2,1,0,2,118" ten="205,86,186,513" oya="3" hai0="20,72,110,114,102,94,50,40,70,101,42,122,48" hai1="37,53,52,46,91,60,68,51,88,17,69,106,92" hai2="99,29,24,79,66,128,90,7,28,77,9,83,49" hai3="93,109,21,87,4,67,54,34,43,133,14,75,96"/><W38/><G34/><T32/><D72/><U108/><E106/><V120/><F128/><W115/><G75/><T2/><D70/><U89/><E108/><V62/><F120/><W65/><G115/><T76/><D2/><U81/><E37/><V119/><F119/><W80/><G109/><T116/><D76/><U126/><E126/><V41/><F41/><W123/><G133/><T5/><D5/><U107/><E107/><V82/><F49/><W56/><G123/><T95/><D32/><U57/><E81/><V130/><F130/><W61/><G43/><T58/><D116/><U64/><E17/><V6/><F99/><W74/><G74/><T33/><D33/><U86/><REACH who="1" step="1"/><E69/><REACH who="1" ten="205,76,186,513" step="2"/><V85/><F82/><W111/><G38/><T13/><D110/><U124/><E124/><V135/><F135/><W45/><G80/><T103/><D114/><U25/><E25/><V113/><F113/><W100/><G111/><T10/><D122/><U23/><E23/><V63/><F24/><W73/><G21/><T16/><D20/><U0/><E0/><V44/><F83/><W22/><G22/><T39/><D39/><U84/><E84/><V125/><F125/><W8/><G73/><T35/><D35/><U31/><E31/><V30/><F28/><W55/><G87/><T129/><D129/><U47/><E47/><V131/><F29/><W26/><G26/><T105/><D105/><U1/><E1/><V97/><F30/><W121/><G121/><T132/><D132/><U12/><E12/><V104/><F44/><W127/><G127/><T27/><D27/><RYUUKYOKU ba="2,2" sc="205,-15,76,15,186,-15,513,15" hai1="46,51,52,53,57,60,64,68,86,88,89,91,92" hai3="4,8,14,45,54,55,56,61,65,67,93,96,100" /><INIT seed="3,3,2,4,4,27" ten="190,91,171,528" oya="3" hai0="19,24,85,80,115,71,132,93,119,51,36,52,41" hai1="26,110,122,22,3,131,29,108,107,79,114,96,14" hai2="12,57,128,31,60,21,89,16,56,100,103,120,39" hai3="28,7,84,8,72,42,121,40,61,88,0,1,44"/><W113/><G113/><T11/><D119/><U9/><E114/><V135/><F39/><W124/><G121/><T78/><D132/><U134/><E122/><V64/><F120/><W99/><G72/><T50/><D71/><U66/><E134/><V34/><F128/><W65/><G124/><T104/><D104/><U74/><E131/><V105/><F105/><W18/><G28/><T86/><D50/><U46/><E3/><V91/><F135/><W95/><G18/><T111/><D36/><U35/><E66/><V45/><F45/><W30/><G30/><T2/><D41/><U68/><E68/><V117/><F117/><W126/><G126/><T94/><D2/><U123/><E123/><V125/><F125/><W112/><G112/><T32/><D86/><U10/><E46/><V13/><F13/><W20/><G20/><T38/><D38/><U101/><E79/><V133/><F133/><W5/><G44/><T17/><D32/><U63/><E63/><N who="2" m="37991" /><F31/><W70/><G84/><T43/><D43/><U48/><E48/><V6/><F6/><W23/><G23/><T69/><D51/><U98/><E74/><V77/><F77/><W47/><G47/><T75/><D78/><U53/><E53/><N who="2" m="33839" /><F34/><W130/><G130/><T92/><D75/><U102/><E35/><V129/><F129/><W58/><G70/><T59/><D69/><U118/><E118/><V15/><F15/><W90/><G90/><AGARI ba="3,2" hai="12,16,21,89,90,91,100,103" m="33839,37991" machi="90" ten="30,2000,0" yaku="8,1,54,1" doraHai="27" who="2" fromWho="3" sc="190,0,91,0,171,49,528,-29" /><INIT seed="4,0,0,3,3,16" ten="190,91,220,499" oya="0" hai0="5,29,134,1,44,15,110,58,47,10,34,6,51" hai1="25,67,75,65,43,8,135,116,101,55,0,28,68" hai2="74,105,91,132,62,131,115,23,31,87,109,52,61" hai3="104,13,70,130,17,40,38,128,60,56,100,72,112"/><T93/><D134/><U36/><E116/><V21/><F109/><W83/><G70/><T102/><D110/><U59/><E75/><V54/><F105/><W76/><G112/><T94/><D5/><U20/><E135/><V97/><F74/><W4/><G4/><T11/><D11/><U41/><E68/><V84/><F115/><W117/><G117/><T90/><D102/><U12/><E0/><V92/><F131/><N who="3" m="50219" /><G40/><T24/><D94/><U71/><E101/><V126/><F126/><W89/><G38/><T63/><D51/><U99/><E99/><V2/><F2/><W114/><G89/><T86/><D1/><U122/><E122/><V49/><F31/><W26/><G26/><T18/><D6/><U127/><E127/><V27/><F27/><W78/><G78/><T113/><D113/><U69/><E69/><V121/><F121/><W103/><G104/><T82/><D82/><U119/><E119/><V22/><F54/><AGARI ba="0,0" hai="10,15,18,24,29,34,44,47,54,58,63,86,90,93" machi="54" ten="30,1500,0" yaku="7,1" doraHai="16" who="0" fromWho="2" sc="190,15,91,0,220,-15,499,0" /><INIT seed="4,1,0,2,0,117" ten="205,91,205,499" oya="0" hai0="77,15,82,17,22,11,90,70,18,71,123,38,41" hai1="80,91,25,104,72,107,20,105,42,0,46,125,31" hai2="109,134,112,76,27,32,51,102,63,33,118,73,55" hai3="9,23,126,61,121,10,47,49,58,99,2,52,57"/><T69/><D38/><U68/><E125/><V96/><F109/><W40/><G126/><T3/><D41/><U24/><E0/><V135/><F112/><W48/><G121/><T50/><D50/><U44/><E68/><V108/><F108/><W78/><G78/><T13/><D123/><U116/><E116/><V26/><F63/><W64/><G2/><T113/><D113/><U119/><E119/><V88/><F118/><W35/><G35/><T19/><D3/><U115/><E115/><V97/><F76/><W43/><G43/><T53/><D53/><U127/><E127/><V67/><F67/><W54/><G99/><T111/><D90/><U89/><E72/><V36/><F73/><W8/><G23/><T37/><D37/><U128/><E128/><V30/><F36/><W28/><G28/><T29/><D111/><U133/><E133/><V6/><F6/><W106/><G106/><T92/><D92/><U60/><E60/><V101/><F51/><W103/><G103/><T65/><D29/><U129/><E129/><V130/><F30/><W110/><G110/><T84/><REACH who="0" step="1"/><D18/><REACH who="0" ten="195,91,205,499" step="2"/><U21/><E80/><V98/><F55/><W45/><G40/><T85/><D85/><U100/><E100/><N who="2" m="38507" /><F88/><W34/><G34/><N who="2" m="13417" /><F130/><W86/><G86/><T7/><D7/><U120/><E120/><V16/><F16/><W74/><G74/><T59/><D59/><AGARI ba="1,1" hai="8,9,10,45,47,48,49,52,54,57,58,59,61,64" machi="59" ten="40,5200,0" yaku="9,1,8,1,54,1" doraHai="117" who="3" fromWho="0" sc="195,-55,91,0,205,0,499,65" /><INIT seed="5,0,0,2,2,95" ten="140,91,205,564" oya="1" hai0="10,36,106,55,33,46,85,69,48,93,89,115,111" hai1="61,73,113,17,104,74,67,15,11,98,0,96,80" hai2="35,103,128,9,56,108,38,105,54,22,24,60,4" hai3="90,40,84,91,70,124,122,20,29,116,86,14,1"/><U77/><E113/><V82/><F38/><W57/><G70/><T132/><D111/><U131/><E131/><V75/><F35/><W25/><G1/><T68/><D115/><U107/><E73/><V97/><F128/><W87/><G122/><T118/><D118/><U44/><E0/><V12/><F108/><W63/><G116/><T100/><D132/><U101/><E44/><V127/><F127/><W129/><G129/><T8/><D33/><U110/><E110/><V43/><F43/><W42/><G14/><T125/><D36/><U27/><E27/><V13/><F13/><W88/><G124/><T109/><D109/><U58/><E98/><V26/><F22/><W134/><G134/><T47/><D69/><U18/><E17/><V53/><F53/><AGARI ba="0,0" hai="20,25,29,40,42,53,57,63,84,86,87,88,90,91" machi="53" ten="40,2600,0" yaku="8,1,54,1" doraHai="95" who="3" fromWho="2" sc="140,0,91,0,205,-26,564,26" /><INIT seed="6,0,0,5,1,18" ten="140,91,179,590" oya="2" hai0="98,114,100,35,110,56,62,29,120,84,121,13,31" hai1="43,126,135,30,76,81,129,103,87,90,125,71,82" hai2="57,70,3,51,27,39,6,45,97,113,19,21,28" hai3="17,108,9,11,65,23,44,112,83,86,2,93,37"/><V25/><F70/><W41/><G108/><T54/><D110/><U79/><E71/><V105/><F39/><W34/><G34/><T16/><D114/><U50/><E30/><V89/><F3/><W59/><G112/><T134/><D134/><U117/><E50/><V60/><F6/><W69/><G69/><T52/><D35/><U96/><E43/><N who="2" m="25023" /><F105/><W4/><G93/><N who="0" m="58447" /><D120/><U88/><E117/><V36/><F36/><W111/><G111/><T73/><D73/><N who="1" m="43151" /><E135/><V66/><F113/><W80/><G11/><N who="0" m="6207" /><D121/><U75/><E129/><V46/><F46/><W22/><G17/><T92/><D54/><U85/><E85/><V58/><F58/><W130/><G130/><T68/><D68/><U74/><E126/><V38/><F38/><W47/><G44/><T104/><D104/><N who="1" m="63591" /><E125/><V123/><F123/><W12/><G2/><T55/><D55/><U14/><E14/><N who="2" m="9463" /><F28/><W133/><G133/><T101/><D101/><U106/><E106/><V109/><F109/><W127/><G127/><T128/><D128/><U94/><E90/><AGARI ba="0,0" hai="29,31,52,56,62,84,90,92" m="6207,58447" machi="90" ten="30,3900,0" yaku="8,1,54,2" doraHai="18" who="0" fromWho="1" sc="140,39,91,-39,179,0,590,0" /><INIT seed="7,0,0,3,1,51" ten="179,52,179,590" oya="3" hai0="77,57,35,110,38,90,96,14,117,97,46,6,108" hai1="93,21,71,58,52,118,95,70,23,85,125,55,100" hai2="24,1,115,41,133,5,0,74,61,12,54,88,126" hai3="83,114,135,65,73,56,129,60,109,72,92,98,112"/><W29/><G129/><T2/><D35/><U47/><E125/><V27/><F74/><W132/><G109/><T45/><D117/><U37/><E37/><V76/><F76/><N who="3" m="44423" /><G29/><T30/><D30/><U7/><E118/><V119/><F119/><W99/><G73/><T50/><D2/><U19/><E7/><V84/><F133/><N who="3" m="51275" /><G99/><T107/><D97/><N who="1" m="59439" /><E70/><V86/><F115/><W120/><G120/><T130/><D96/><U32/><E71/><V20/><F126/><W49/><G49/><T75/><D50/><N who="1" m="28767" /><E32/><V81/><F41/><W134/><N who="3" m="51283" /><W106/><DORA hai="13" /><G106/><T3/><D107/><U103/><E19/><N who="2" m="10343" /><F5/><W39/><G39/><T68/><D6/><U17/><E17/><V4/><F4/><W66/><G66/><T36/><D38/><U116/><E116/><V94/><F0/><W10/><G10/><T16/><D3/><U78/><E103/><AGARI ba="0,0" hai="56,60,65,92,98,103,112,114" m="51283,44423" machi="103" ten="40,2000,0" yaku="20,1" doraHai="51,13" who="3" fromWho="1" sc="179,0,52,-20,179,0,590,20" owari="179,-2.1,32,-46.8,179,-22.1,610,71.0" /></mjloggm>