<mjloggm ver="2.3"><GO type="169" lobby="0"/><UN n0="%62%73%64%5F%33" n1="%E7%8C%AB%E5%A8%98%E5%A4%A7%E5%A5%BD%E3%81%8D" n2="%41%63%75%6E%61%4A%72" n3="%E4%B8%80%E8%93%AE%E5%B3%BB%E6%BD%A4" dan="17,17,17,17" rate="2154.48,2187.31,2249.36,2192.05" sx="F,M,M,M"/><TAIKYOKU oya="0"/><INIT seed="0,0,0,0,4,76" ten="250,250,250,250" oya="0" hai0="107,114,111,108,128,20,65,105,127,64,43,88,50" hai1="84,101,74,26,25,36,118,32,17,56,39,1,133" hai2="102,93,5,28,70,94,79,0,104,120,92,85,21" hai3="57,27,60,55,11,91,99,7,18,48,23,86,125"/><T30/><D114/><U35/><E74/><V4/><F70/><W9/><G125/><T8/><D127/><U22/><E118/><V106/><F0/><W15/><G99/><T42/><D128/><U96/><E1/><V47/><F47/><W46/><G11/><T16/><D30/><U69/><E69/><V51/><F51/><W100/><G100/><T68/><D8/><U54/><E133/><V132/><F21/><W121/><G121/><T116/><D116/><U80/><E26/><V19/><F19/><W72/><G72/><T134/><D134/><U63/><E35/><V37/><F37/><W115/><G115/><T82/><D107/><N who="2" m="41002" /><F28/><W12/><G12/><N who="0" m="9223" /><D105/><U40/><E40/><N who="0" m="15401" /><D50/><U6/><E32/><V38/><F38/><W117/><G117/><T66/><D68/><U112/><E112/><V77/><F4/><W45/><REACH who="3" step="1"/><G48/><REACH who="3" ten="250,250,250,240" step="2"/><T71/><D71/><U2/><E39/><V129/><F132/><W97/><G97/><T61/><D61/><U10/><E36/><V81/><F120/><W34/><G34/><T130/><D130/><U135/><E135/><V33/><F33/><W87/><G87/><N who="0" m="50295" /><D111/><U109/><E109/><V44/><F129/><W90/><G90/><T119/><D119/><U75/><E75/><V103/><F103/><W126/><G126/><T95/><D108/><U131/><E131/><V98/><F102/><W52/><G52/><T113/><D113/><U31/><E101/><V62/><F98/><W58/><G58/><T123/><D123/><U89/><E96/><V73/><F73/><W110/><G110/><T67/><D67/><RYUUKYOKU ba="0,1" sc="250,10,250,10,250,-30,240,10" hai0="64,65,66,95" hai1="2,6,10,17,22,25,31,54,56,63,80,84,89" hai3="7,9,15,18,23,27,45,46,55,57,60,86,91" /><INIT seed="0,1,1,1,4,11" ten="260,260,220,250" oya="0" hai0="42,89,117,124,55,20,82,106,92,135,96,78,21" hai1="131,52,48,12,93,109,118,87,79,134,103,9,16" hai2="97,45,65,37,0,108,74,116,128,25,36,129,60" hai3="62,104,10,23,83,110,54,29,50,68,22,28,121"/><T47/><D117/><U76/><E109/><V40/><F108/><W64/><G110/><T30/><D135/><U85/><E131/><V15/><F116/><W66/><G104/><T91/><D124/><U2/><E2/><V59/><F0/><W14/><G121/><T72/><D91/><U95/><E134/><V17/><F74/><W127/><G127/><T107/><D55/><U58/><E118/><V32/><F37/><W90/><G66/><T86/><D30/><U120/><E120/><V6/><F6/><W88/><G29/><T44/><D44/><U27/><E27/><V130/><F97/><W4/><G28/><T69/><D69/><U70/><E70/><V94/><F94/><N who="1" m="35849" /><E103/><V123/><F123/><W73/><G73/><T49/><REACH who="0" step="1"/><D107/><REACH who="0" ten="250,260,220,250" step="2"/><U122/><E122/><V13/><F32/><W7/><G90/><T46/><D46/><U132/><E132/><V112/><F112/><W33/><G33/><T31/><D31/><U38/><E38/><V53/><F53/><W35/><G35/><T113/><D113/><U63/><E63/><V84/><F84/><AGARI ba="1,2" hai="9,12,16,48,52,58,76,79,84,85,87" m="35849" machi="84" ten="30,7700,0" yaku="8,1,52,1,54,2" doraHai="11" who="1" fromWho="2" sc="250,0,260,100,220,-80,250,0" /><INIT seed="1,0,0,0,1,46" ten="250,360,140,250" oya="1" hai0="71,124,1,56,94,111,99,16,47,97,116,38,85" hai1="66,25,84,81,131,39,21,93,19,30,44,100,11" hai2="104,18,42,3,109,28,22,123,87,45,135,67,53" hai3="133,103,60,114,83,48,79,75,117,6,15,130,76"/><U24/><E131/><V96/><F123/><W4/><G114/><T29/><D71/><U132/><E132/><V35/><F135/><W121/><G121/><T86/><D116/><U12/><E66/><V0/><F109/><W2/><G2/><T50/><D1/><U17/><E39/><V72/><F72/><W82/><G133/><T55/><D111/><U63/><E63/><V128/><F128/><W70/><G130/><T90/><D124/><U10/><E44/><V122/><F122/><W37/><G37/><T110/><D110/><U14/><E100/><V98/><F67/><W54/><G103/><T119/><D119/><U101/><E101/><V73/><F73/><W58/><G117/><T80/><D29/><U113/><E93/><V31/><F53/><W20/><G70/><T92/><D16/><N who="1" m="8287" /><E113/><V13/><F104/><W74/><G60/><T91/><D80/><U69/><E69/><V127/><F127/><W112/><G112/><T49/><D38/><U26/><E19/><AGARI ba="0,0" hai="4,6,15,19,20,48,54,58,74,75,76,79,82,83" machi="19" ten="40,2600,0" yaku="9,1,52,1" doraHai="46" who="3" fromWho="1" sc="250,0,360,-26,140,0,250,26" /><INIT seed="2,0,0,0,1,38" ten="250,334,140,276" oya="2" hai0="96,22,20,33,27,118,79,135,108,100,30,63,109" hai1="84,0,57,53,26,58,76,130,71,134,11,70,112" hai2="115,113,129,88,52,69,66,72,1,46,47,56,8" hai3="42,117,121,61,80,24,111,35,114,94,95,64,50"/><V89/><F72/><W83/><G117/><T75/><D135/><U77/><E112/><V41/><F129/><W29/><G121/><T55/><D118/><U6/><E134/><V74/><F74/><W110/><G114/><T3/><D3/><U60/><E130/><V40/><F69/><W73/><G95/><T123/><D123/><U92/><E26/><V87/><F66/><W85/><G94/><T128/><D128/><U97/><E77/><V18/><F113/><W31/><G31/><T21/><D79/><U62/><E84/><V45/><F115/><W91/><G80/><T19/><D75/><U4/><E4/><V131/><F131/><W28/><G28/><T106/><D55/><U102/><REACH who="1" step="1"/><E76/><REACH who="1" ten="250,324,140,276" step="2"/><V119/><F119/><W7/><G7/><T99/><D99/><U68/><E68/><V93/><F89/><W78/><G78/><T14/><D109/><U54/><AGARI ba="0,1" hai="0,6,11,53,54,57,58,60,62,70,71,92,97,102" machi="54" ten="20,5200,0" yaku="1,1,0,1,7,1,9,1,53,0" doraHai="38" doraHaiUra="16" who="1" fromWho="1" sc="250,-13,324,62,140,-26,276,-13" /><INIT seed="3,0,0,5,1,65" ten="237,386,114,263" oya="3" hai0="4,3,94,120,41,57,110,30,70,69,116,90,82" hai1="102,128,72,7,25,43,47,34,117,104,60,67,46" hai2="48,21,96,77,0,33,108,93,78,13,56,127,10" hai3="38,83,89,37,112,87,23,49,51,17,39,122,32"/><W18/><G112/><T109/><D116/><U131/><E72/><V130/><F108/><N who="0" m="41578" /><D120/><U106/><E7/><V54/><F127/><W53/><G122/><T84/><D41/><U107/><E102/><V29/><F130/><N who="1" m="49705" /><E117/><V73/><F73/><W71/><G32/><T100/><D30/><N who="1" m="19791" /><E43/><V74/><F74/><W68/><G51/><T121/><D121/><U95/><E95/><V92/><F0/><W66/><G66/><T99/><D57/><AGARI ba="0,0" hai="46,47,57,60,67,104,106,107" m="19791,49705" machi="57" ten="40,1300,0" yaku="19,1" doraHai="65" who="1" fromWho="0" sc="237,-13,386,13,114,0,263,0" /><INIT seed="4,0,0,3,4,104" ten="224,399,114,263" oya="0" hai0="115,86,4,24,124,12,54,96,100,56,26,45,23" hai1="2,83,38,99,49,97,29,126,114,102,103,85,53" hai2="68,116,11,130,48,46,79,131,10,127,123,30,43" hai3="52,129,59,88,92,81,66,13,22,70,47,90,40"/><T125/><D115/><U106/><E38/><V71/><F123/><W75/><G129/><N who="2" m="49161" /><F127/><W39/><G70/><N who="2" m="26665" /><F30/><W74/><G66/><T37/><D86/><U16/><E2/><V19/><F116/><W113/><G113/><T111/><D111/><U105/><E114/><V107/><F107/><W98/><G90/><T55/><D4/><U8/><E29/><V50/><F79/><W42/><G42/><T76/><D12/><U94/><E126/><N who="0" m="48745" /><D76/><U132/><E85/><V72/><F72/><W121/><G81/><T109/><D109/><U112/><E83/><V63/><F63/><W122/><G122/><T135/><D135/><U0/><E132/><V87/><F87/><W67/><G67/><T57/><D57/><U31/><E112/><V134/><F134/><W78/><G78/><T32/><D32/><U60/><E60/><V17/><F50/><W7/><G121/><T80/><D80/><U58/><E31/><V21/><F19/><W91/><G91/><T61/><D37/><U9/><E0/><V64/><F64/><W120/><G120/><T65/><D45/><U84/><E16/><V133/><F133/><W95/><G95/><N who="0" m="58399" /><D26/><AGARI ba="0,0" hai="10,11,17,21,26,43,46,48" m="26665,49161" machi="26" ten="30,1000,0" yaku="19,1" doraHai="104" who="2" fromWho="0" sc="224,-10,399,0,114,10,263,0" /><INIT seed="5,0,0,0,3,117" ten="214,399,124,263" oya="1" hai0="130,31,88,15,7,77,48,93,47,89,134,76,96" hai1="79,5,21,30,27,119,46,66,16,12,33,107,114" hai2="25,17,0,1,101,49,123,71,67,59,14,133,111" hai3="126,83,98,81,3,75,28,82,135,85,121,56,63"/><U44/><E119/><V94/><F111/><W99/><G3/><T50/><D130/><U2/><E114/><V11/><F133/><W20/><G121/><T124/><D124/><U13/><E107/><V95/><F71/><W128/><G128/><T55/><D134/><U87/><E66/><V68/><F68/><W4/><G4/><T9/><D31/><U100/><E100/><V129/><F129/><W32/><G32/><T38/><D38/><U10/><E13/><V102/><F25/><N who="3" m="16423" /><G75/><T80/><D50/><U70/><E70/><V60/><F123/><W105/><G105/><T53/><D53/><U74/><E74/><V109/><F109/><W57/><G57/><T43/><D55/><U35/><E35/><V69/><F69/><W61/><G61/><T104/><D104/><U90/><E79/><N who="0" m="30281" /><D80/><AGARI ba="0,0" hai="2,5,10,12,16,21,27,30,33,44,46,80,87,90" machi="80" ten="30,11600,0" yaku="7,1,24,2,54,1" doraHai="117" who="1" fromWho="0" sc="214,-116,399,116,124,0,263,0" /><INIT seed="5,1,0,2,5,35" ten="98,515,124,263" oya="1" hai0="23,88,41,134,14,1,54,109,22,61,26,79,71" hai1="28,86,64,91,115,126,74,104,106,19,73,92,10" hai2="40,24,75,80,85,27,70,4,118,57,39,32,95" hai3="50,44,133,3,76,130,100,135,16,101,59,69,12"/><U25/><E115/><V81/><F70/><W90/><G69/><T82/><D109/><U127/><E64/><V112/><F118/><W43/><G76/><T31/><D134/><N who="3" m="51209" /><G130/><T78/><D41/><U30/><E19/><V84/><F75/><N who="1" m="28681" /><E10/><V49/><F95/><W124/><G124/><N who="1" m="47658" /><E30/><V83/><F112/><W21/><G90/><T68/><D14/><U56/><E56/><V15/><F39/><W33/><G59/><T119/><D119/><U52/><E52/><N who="2" m="31887" /><F32/><AGARI ba="1,0" hai="25,28,32,86,91,92,104,106" m="47658,28681" machi="32" ten="30,1500,0" yaku="18,1" doraHai="35" who="1" fromWho="2" sc="98,0,515,18,124,-18,263,0" /><INIT seed="5,2,0,4,5,62" ten="98,533,106,263" oya="1" hai0="67,134,118,64,3,37,21,44,101,109,54,90,2" hai1="28,95,112,15,124,42,13,19,33,115,104,100,45" hai2="87,80,56,92,24,76,91,1,10,46,120,32,77" hai3="40,83,123,23,11,22,117,53,0,48,27,17,69"/><U129/><E104/><V39/><F120/><W52/><G123/><T102/><D118/><U122/><E122/><V94/><F32/><W6/><G117/><T108/><D21/><U61/><E129/><V93/><F24/><W8/><G69/><T114/><D90/><U26/><E124/><V74/><F77/><W35/><G35/><T43/><D54/><U14/><E61/><V97/><F56/><W131/><G131/><T4/><D134/><U121/><E121/><V20/><F20/><W72/><G11/><T96/><D114/><N who="1" m="43563" /><E95/><V130/><F97/><W111/><G111/><T12/><D12/><U75/><E100/><V5/><REACH who="2" step="1"/><F130/><REACH who="2" ten="98,533,96,263" step="2"/><W59/><G23/><T79/><D79/><U34/><E33/><V89/><F89/><W47/><G59/><T128/><D128/><U125/><E26/><V116/><F116/><W57/><G57/><T30/><D30/><U63/><E28/><V38/><F38/><W84/><G72/><T9/><D2/><U31/><E75/><V49/><F49/><W99/><G99/><T126/><D126/><U55/><E125/><V73/><F73/><W88/><AGARI ba="2,1" hai="0,6,8,17,22,27,40,47,48,52,53,83,84,88" machi="88" ten="20,5200,0" yaku="0,1,7,1,54,2" doraHai="62" who="3" fromWho="3" sc="98,-15,533,-28,96,-15,263,68" /><INIT seed="6,0,0,5,0,116" ten="83,505,81,331" oya="2" hai0="9,42,52,118,50,105,0,53,112,74,41,99,83" hai1="40,125,57,106,67,109,130,76,64,100,135,17,75" hai2="132,72,36,101,84,48,70,25,16,44,46,43,102" hai3="115,30,12,123,114,113,56,117,34,54,38,119,27"/><V88/><F72/><W69/><G69/><T111/><D111/><U33/><E17/><V104/><F70/><W81/><G38/><T96/><D112/><U107/><E100/><V77/><F77/><W82/><G12/><T73/><D118/><N who="3" m="45065" /><G123/><T128/><D128/><U71/><E57/><V11/><F104/><W21/><G34/><T89/><D105/><U23/><E107/><V65/><F65/><W7/><G7/><T1/><D83/><U18/><E106/><V98/><F98/><W2/><G2/><T14/><D89/><U87/><E71/><V31/><F132/><W134/><G134/><T127/><D127/><U90/><E33/><V49/><F36/><W86/><G86/><T45/><D0/><U29/><E87/><V126/><F126/><W6/><G6/><T97/><D1/><U5/><E5/><V4/><F4/><W61/><AGARI ba="0,0" hai="21,27,30,54,56,61,81,82,113,114,115" m="45065" machi="61" ten="40,2700,0" yaku="15,1,11,1" doraHai="116" who="3" fromWho="3" sc="83,-7,505,-7,81,-13,331,27" /><INIT seed="7,0,0,4,1,45" ten="76,498,68,358" oya="3" hai0="75,15,123,91,86,65,83,106,72,13,94,46,44" hai1="89,52,134,118,63,57,107,88,132,26,124,40,28" hai2="80,3,59,55,23,135,8,76,31,36,22,21,85" hai3="77,24,99,53,19,130,116,104,34,25,30,11,5"/><W18/><G116/><T7/><D106/><U115/><E118/><V64/><F36/><W98/><G130/><T71/><D123/><U101/><E115/><V54/><F135/><N who="1" m="51753" /><E124/><V16/><F31/><W50/><G77/><T95/><D71/><U27/><E40/><V87/><F87/><W111/><G111/><T100/><D65/><U39/><E39/><V121/><F121/><W74/><G74/><T62/><D75/><U129/><E129/><V38/><F38/><W20/><G19/><T60/><D7/><U48/><E27/><V102/><F102/><W47/><REACH who="3" step="1"/><G104/><REACH who="3" ten="76,498,68,348" step="2"/><T90/><D72/><U133/><E133/><V126/><F126/><W4/><G4/><T29/><D29/><U17/><E17/><V1/><F1/><W122/><G122/><T37/><D37/><U125/><E125/><V78/><F78/><W127/><G127/><T32/><D13/><U61/><E28/><V41/><F3/><W14/><AGARI ba="0,1" hai="5,11,14,18,20,24,25,30,34,47,50,53,98,99" machi="14" ten="20,7800,0" yaku="1,1,0,1,7,1,52,1,53,0" doraHai="45" doraHaiUra="33" who="3" fromWho="3" sc="76,-26,498,-26,68,-26,348,88" /><INIT seed="7,1,0,2,3,66" ten="50,472,42,436" oya="3" hai0="21,70,78,103,17,73,43,120,105,81,92,0,9" hai1="63,39,42,62,36,101,133,110,90,87,41,84,131" hai2="104,20,80,2,31,91,40,58,12,28,26,53,116" hai3="111,65,60,19,67,15,64,135,127,93,24,69,113"/><W132/><G113/><T47/><D70/><U97/><E110/><V50/><F104/><W98/><G111/><T75/><D105/><U76/><E76/><V54/><F2/><W52/><G127/><T130/><D130/><U123/><E123/><V61/><F116/><W5/><G5/><N who="0" m="1191" /><D75/><U125/><E133/><N who="3" m="51274" /><G24/><T126/><D126/><U22/><E125/><V32/><F40/><N who="1" m="15465" /><E39/><V38/><F38/><W83/><G83/><T23/><D17/><U4/><E36/><V112/><F112/><W99/><G99/><N who="0" m="59879" /><D120/><U8/><E22/><V114/><F114/><W29/><G29/><T100/><D100/><U71/><E71/><V34/><F31/><W122/><G122/><T27/><D27/><U74/><E74/><V13/><F34/><W94/><G94/><T33/><D33/><U14/><E131/><V37/><F37/><AGARI ba="1,0" hai="21,23,37,43,47,73,78,81" m="59879,1191" machi="37" ten="30,1000,0" yaku="25,1" doraHai="66" who="0" fromWho="2" sc="50,13,472,0,42,-13,436,0" owari="63,-33.7,472,57.2,29,-47.1,436,23.6" /></mjloggm>