<mjloggm ver="2.3"><GO type="169" lobby="0"/><UN n0="%5B%5B%79%75%79%75%5D%5D" n1="%E7%B4%94%E5%85%A8%E5%B8%AF%E4%B8%89%E8%89%B2" n2="%E6%B2%B3%E7%AB%A5%E3%81%AE%E3%83%AF%E3%82%AB%E3%83%9E%E3%83%84" n3="%E8%8B%B1%E5%9B%BD%E5%A3%B2%E5%8D%B4" dan="16,16,17,17" rate="2167.50,2121.51,2171.56,2229.05" sx="M,M,M,M"/><TAIKYOKU oya="0"/><INIT seed="0,0,0,5,0,26" ten="250,250,250,250" oya="0" hai0="88,125,61,92,25,74,2,0,59,130,84,53,131" hai1="76,34,9,81,110,132,94,43,51,135,126,20,41" hai2="15,5,28,62,55,63,70,101,35,78,14,80,134" hai3="75,57,99,27,79,47,16,10,90,127,54,71,91"/><T39/><D39/><U67/><E34/><V100/><F134/><W60/><G127/><T106/><D106/><U111/><E9/><V96/><F5/><W23/><G71/><T46/><D74/><U115/><E94/><V128/><F128/><N who="0" m="49194" /><D125/><U114/><E126/><V129/><F129/><W64/><G75/><T4/><D4/><U109/><E20/><V29/><F35/><W19/><G79/><T72/><D72/><N who="1" m="43143" /><E67/><V105/><F100/><W118/><G118/><T8/><D8/><U22/><E22/><V123/><F123/><W77/><G77/><T68/><D68/><U24/><E24/><V38/><F38/><W45/><G64/><T121/><D121/><U133/><E51/><V21/><F70/><W40/><G40/><AGARI ba="0,0" hai="40,41,43,109,110,111,114,115,132,133,135" m="43143" machi="40" ten="40,2600,0" yaku="14,1,20,1" doraHai="26" who="1" fromWho="3" sc="250,0,250,26,250,0,250,-26" /><INIT seed="1,0,0,4,1,83" ten="250,276,250,224" oya="1" hai0="133,116,11,125,114,108,37,60,115,96,53,128,102" hai1="42,32,14,79,22,12,5,15,78,41,19,68,81" hai2="16,27,1,39,57,77,62,7,85,84,58,91,121" hai3="3,29,0,100,43,71,17,69,130,47,26,72,82"/><U101/><E68/><V45/><F121/><W88/><G130/><T113/><D37/><U30/><E101/><V122/><F122/><W98/><G17/><T120/><D120/><U55/><E32/><V103/><F103/><W95/><G69/><T97/><D116/><U124/><E30/><V51/><F39/><W28/><G71/><T109/><D128/><U49/><E124/><V25/><F1/><W6/><G6/><T105/><D125/><U63/><E63/><V118/><F7/><W117/><G117/><T61/><D133/><U89/><E89/><V110/><F110/><W66/><G66/><T76/><D97/><U74/><E78/><V92/><F118/><W75/><G75/><T31/><D31/><U132/><E132/><V104/><F104/><W24/><G29/><T111/><D76/><U123/><E123/><V87/><F77/><W8/><G8/><T35/><D35/><U64/><E64/><N who="2" m="38991" /><F58/><W34/><G26/><N who="2" m="9737" /><F16/><W20/><G34/><T18/><D53/><AGARI ba="0,0" hai="45,51,53,84,85,87,91,92" m="9737,38991" machi="53" ten="30,7700,0" yaku="8,1,52,3" doraHai="83" who="2" fromWho="0" sc="250,-77,276,0,250,77,224,0" /><INIT seed="2,0,0,4,2,8" ten="173,276,327,224" oya="2" hai0="50,43,38,95,100,36,19,77,0,103,40,11,131" hai1="58,33,135,76,44,89,32,119,41,125,91,49,5" hai2="79,127,106,112,96,22,84,113,133,12,15,110,42" hai3="4,118,107,59,35,101,62,92,30,61,29,55,75"/><V60/><F42/><W102/><G118/><T86/><D131/><U25/><E119/><V108/><F133/><W128/><G75/><T68/><D68/><U93/><E125/><V3/><F3/><W48/><G128/><T94/><D0/><U117/><E117/><V64/><F127/><W17/><G107/><T132/><D132/><U21/><E76/><V120/><F120/><W9/><G17/><T67/><D67/><U109/><E109/><N who="2" m="42091" /><F22/><W6/><G6/><T47/><D38/><U52/><E5/><V114/><F106/><W54/><G35/><T99/><D36/><U45/><E135/><V71/><F96/><W111/><G111/><T105/><D43/><U27/><E27/><V72/><F72/><W37/><G37/><T115/><D115/><U85/><E91/><V7/><F7/><W16/><G4/><T130/><D130/><U63/><REACH who="1" step="1"/><E45/><REACH who="1" ten="173,266,327,224" step="2"/><V73/><F73/><W121/><G102/><T46/><D103/><U81/><E81/><AGARI ba="0,1" hai="12,15,60,64,71,79,81,84,112,113,114" m="42091" machi="81" ten="40,12000,1" yaku="14,1,10,1,52,2" doraHai="8" who="2" fromWho="1" sc="173,0,266,-120,327,130,224,0" /><INIT seed="2,1,0,4,3,93" ten="173,146,457,224" oya="2" hai0="63,18,127,33,84,71,2,0,7,98,3,134,34" hai1="26,113,41,44,38,73,13,65,66,72,27,80,9" hai2="53,124,107,115,52,95,20,88,49,46,62,51,79" hai3="15,56,117,111,8,54,132,129,47,23,110,82,102"/><V4/><F115/><W60/><G117/><T58/><D71/><U101/><E113/><V97/><F124/><W120/><G120/><T126/><D7/><U42/><E42/><V74/><F4/><W99/><G129/><T108/><D108/><N who="3" m="41513" /><G132/><T122/><D122/><U10/><E10/><V17/><F107/><N who="3" m="63967" /><G82/><T131/><D131/><U28/><E101/><V61/><F79/><W5/><G23/><T68/><D68/><U105/><E105/><V94/><F94/><W125/><G47/><T100/><D18/><U123/><E27/><N who="2" m="14735" /><F74/><W45/><G45/><AGARI ba="1,0" hai="45,46,49,51,52,53,61,62,88,95,97" m="14735" machi="45" ten="30,11600,0" yaku="8,1,52,1,54,2" doraHai="93" who="2" fromWho="3" sc="173,0,146,0,457,119,224,-119" /><INIT seed="2,2,0,4,2,61" ten="173,146,576,105" oya="2" hai0="72,60,68,23,79,67,28,113,1,11,3,53,44" hai1="12,116,62,129,103,66,24,82,70,43,6,96,122" hai2="84,32,9,134,109,133,98,22,95,52,92,119,14" hai3="130,2,30,63,57,75,91,94,99,41,25,86,16"/><V27/><F32/><W115/><G75/><T36/><D113/><U29/><E129/><V50/><F119/><W7/><G130/><T71/><D71/><U55/><E122/><V48/><F84/><W80/><G115/><T10/><D1/><U21/><E116/><V97/><F109/><W135/><G135/><N who="2" m="51721" /><F95/><W87/><G41/><T18/><D28/><U114/><E114/><V126/><F126/><W105/><G105/><T69/><D69/><U104/><E43/><V65/><F65/><W15/><G2/><T38/><D38/><U4/><E55/><V51/><F92/><W31/><G7/><T26/><D3/><U100/><E100/><V123/><F52/><N who="3" m="34215" /><G25/><T73/><D73/><U108/><E108/><V127/><F127/><W40/><G40/><T46/><D36/><U37/><E37/><V56/><F56/><W106/><G106/><T74/><D74/><U117/><E117/><V112/><F123/><W89/><G87/><T35/><D35/><U76/><REACH who="1" step="1"/><E12/><REACH who="1" ten="173,136,576,105" step="2"/><V42/><F42/><W107/><G107/><T58/><D46/><U81/><E81/><V64/><F112/><W77/><G91/><T101/><D101/><U47/><E47/><V111/><F111/><W131/><G131/><T19/><D44/><U120/><E120/><V33/><F14/><W59/><G59/><T102/><D102/><U34/><E34/><V54/><F33/><W49/><G49/><T45/><D45/><U118/><E118/><V83/><F51/><W93/><G93/><T0/><D0/><U128/><E128/><V13/><F50/><W90/><G90/><RYUUKYOKU ba="2,1" sc="173,-15,136,15,576,-15,105,15" hai1="4,6,21,24,29,62,66,70,76,82,96,103,104" hai3="15,16,30,31,77,80,86,89,94,99" /><INIT seed="3,3,1,4,0,89" ten="158,151,561,120" oya="3" hai0="79,16,29,75,90,20,92,77,107,104,37,24,94" hai1="74,83,111,64,18,91,132,125,109,28,51,93,49" hai2="86,63,42,129,1,67,34,6,95,123,69,103,36" hai3="0,5,60,39,115,114,53,127,76,54,4,57,113"/><W128/><G39/><T52/><D37/><U117/><E125/><V85/><F34/><W130/><G127/><T30/><D104/><U73/><E132/><V116/><F116/><W87/><G53/><T99/><D107/><U45/><E28/><N who="0" m="10857" /><D75/><U50/><E117/><V26/><F26/><W80/><REACH who="3" step="1"/><G0/><REACH who="3" ten="158,151,561,110" step="2"/><T112/><D112/><U102/><E64/><V12/><F1/><W56/><G56/><T58/><D94/><U65/><E65/><V124/><F67/><W38/><G38/><T33/><D33/><U47/><E47/><V88/><F36/><W59/><G59/><T134/><D134/><U41/><E45/><V131/><F95/><W19/><G19/><T48/><AGARI ba="3,2" hai="16,20,24,48,52,58,77,79,90,92,99" m="10857" machi="48" ten="30,7900,0" yaku="8,1,52,1,54,2" doraHai="89" who="0" fromWho="0" sc="158,108,151,-23,561,-23,110,-42" /><INIT seed="4,0,0,0,2,1" ten="266,128,538,68" oya="0" hai0="107,81,118,101,5,88,58,21,131,59,33,62,49" hai1="123,9,98,130,7,86,55,89,70,47,128,109,121" hai2="28,100,108,67,37,125,17,23,103,32,12,2,111" hai3="76,119,64,96,38,20,124,133,114,105,19,43,72"/><T10/><D118/><U132/><E70/><V135/><F37/><W50/><G119/><T120/><D33/><U85/><E47/><V90/><F67/><W92/><G38/><T75/><D120/><U68/><E68/><V18/><F90/><W60/><G105/><T25/><D131/><N who="1" m="50219" /><E55/><V134/><F125/><W102/><G114/><T122/><D122/><N who="1" m="46603" /><E109/><N who="2" m="42059" /><F2/><W82/><G124/><T53/><D107/><U40/><E40/><V65/><F65/><W129/><G129/><T52/><D101/><U24/><E24/><N who="2" m="18439" /><F100/><W63/><G133/><T126/><D126/><U11/><E11/><N who="2" m="6303" /><F103/><W22/><G63/><T29/><D75/><U104/><E132/><V87/><F87/><W74/><G74/><T27/><D27/><AGARI ba="0,0" hai="18,23,27,134,135" m="6303,18439,42059" machi="27" ten="30,2000,0" yaku="34,2" doraHai="1" who="2" fromWho="0" sc="266,-20,128,0,538,20,68,0" /><INIT seed="5,0,0,1,5,105" ten="246,128,558,68" oya="1" hai0="81,36,115,132,109,3,75,8,103,93,42,78,71" hai1="44,90,114,19,45,127,111,58,87,7,133,17,131" hai2="98,18,126,74,54,63,2,35,95,4,15,88,22" hai3="28,92,48,56,20,79,52,130,72,64,30,112,61"/><U0/><E114/><V9/><F74/><W108/><G108/><T128/><D109/><U100/><E111/><V53/><F126/><W16/><G112/><T12/><D115/><U129/><E127/><V68/><REACH who="2" step="1"/><F35/><REACH who="2" ten="246,128,548,68" step="2"/><W125/><G125/><T96/><D128/><U82/><E131/><V40/><F40/><W31/><G130/><T57/><D132/><U67/><E129/><V124/><F124/><W89/><G79/><T116/><D116/><U32/><E32/><V94/><F94/><W25/><G72/><T55/><D42/><U99/><E133/><V118/><F118/><W101/><G101/><T134/><D134/><U33/><E33/><V86/><F86/><W91/><REACH who="3" step="1"/><G92/><REACH who="3" ten="246,128,548,58" step="2"/><T27/><D93/><U121/><E100/><V120/><F120/><W43/><G43/><T13/><D103/><U83/><E121/><V117/><F117/><W76/><G76/><T69/><D78/><U104/><E104/><V110/><F110/><W80/><G80/><T38/><D81/><U85/><E83/><V65/><AGARI ba="0,2" hai="2,4,9,15,18,22,53,54,63,65,68,88,95,98" machi="65" ten="30,7900,0" yaku="1,1,0,1,54,1,53,1" doraHai="105" doraHaiUra="1" who="2" fromWho="2" sc="246,-20,128,-39,548,99,58,-20" /><INIT seed="6,0,0,2,1,73" ten="226,89,647,38" oya="2" hai0="32,3,18,61,4,65,0,20,46,87,115,126,127" hai1="16,36,21,7,122,101,24,55,94,110,75,12,39" hai2="111,51,35,105,38,133,33,81,129,78,108,40,34" hai3="64,120,27,26,22,85,74,59,93,66,102,8,56"/><V100/><F129/><W14/><G74/><T83/><D32/><U99/><E110/><N who="2" m="42027" /><F38/><W11/><G120/><T109/><D109/><U45/><E122/><V112/><F112/><W113/><G113/><T69/><D115/><U41/><E75/><N who="2" m="43231" /><F133/><W49/><G27/><T5/><D46/><U91/><E55/><V79/><F79/><W1/><G1/><T123/><D123/><U106/><E7/><V13/><F13/><W88/><G102/><T23/><D23/><U25/><REACH who="1" step="1"/><E36/><REACH who="1" ten="226,79,647,38" step="2"/><V97/><F51/><W124/><G124/><T89/><D5/><U44/><E44/><V62/><F40/><W47/><G64/><T104/><D4/><U31/><E31/><V60/><AGARI ba="0,1" hai="33,34,35,60,62,97,100,105" m="43231,42027" machi="60" ten="40,3900,0" yaku="10,1,52,1" doraHai="73" who="2" fromWho="2" sc="226,-13,79,-13,647,49,38,-13" /><INIT seed="6,1,0,3,1,31" ten="213,66,696,25" oya="2" hai0="117,12,35,73,108,32,26,91,40,50,44,18,78" hai1="22,75,48,115,63,15,94,25,76,135,37,122,49" hai2="98,14,112,59,66,5,129,52,64,89,106,87,1" hai3="99,123,55,80,54,46,61,9,128,24,21,0,16"/><V58/><F1/><W133/><G123/><T100/><D108/><U71/><E37/><V38/><F38/><W125/><G133/><T77/><D26/><U2/><E2/><V27/><F129/><W130/><G125/><T104/><D117/><U101/><E115/><V11/><F112/><W42/><G99/><T10/><D91/><U56/><E71/><V131/><F131/><N who="3" m="50219" /><G80/><T30/><D30/><U8/><E135/><V84/><F27/><W83/><G83/><T121/><D121/><U113/><E113/><V4/><F4/><N who="3" m="1159" /><G61/><T7/><D7/><N who="1" m="3487" /><E76/><V116/><F116/><W23/><G21/><T105/><D73/><U109/><E109/><V34/><F98/><W20/><G20/><T74/><D100/><U119/><E75/><V65/><F106/><W103/><G103/><T57/><D57/><U114/><E114/><V72/><F59/><W33/><G33/><T118/><D118/><U70/><E70/><V86/><F34/><W111/><G111/><T88/><D104/><U60/><E122/><V96/><F96/><W43/><G43/><T132/><D105/><U67/><E63/><N who="2" m="36295" /><F72/><W97/><G97/><T17/><D132/><U92/><E119/><V120/><F120/><W110/><G110/><T82/><D77/><U29/><E101/><V90/><AGARI ba="1,0" hai="5,11,14,64,65,66,84,86,87,89,90" m="36295" machi="90" ten="40,3900,0" yaku="8,1,54,1" doraHai="31" who="2" fromWho="2" sc="213,-14,66,-14,696,42,25,-14" /><INIT seed="6,2,0,5,1,131" ten="199,52,738,11" oya="2" hai0="6,119,65,129,27,112,49,15,97,76,93,30,133" hai1="29,71,11,25,134,51,1,109,41,114,132,135,95" hai2="123,120,46,111,54,80,63,44,98,100,77,35,115" hai3="88,39,31,62,38,89,48,57,130,110,126,122,50"/><V22/><F35/><W34/><G122/><T55/><D119/><U104/><E114/><V37/><F111/><W86/><G110/><T45/><D129/><U59/><E71/><V5/><F5/><W108/><G108/><T18/><D6/><N who="1" m="1487" /><E104/><V113/><F22/><W73/><G73/><T99/><D112/><N who="2" m="43082" /><F63/><W33/><G130/><T82/><D133/><U8/><E109/><V53/><F54/><W42/><G126/><T64/><D97/><U66/><E8/><V0/><F0/><W81/><G89/><T94/><D94/><U127/><E127/><V3/><F3/><W56/><G56/><T96/><D96/><U125/><E125/><V105/><F53/><W58/><G58/><T117/><D117/><U128/><E128/><V85/><F44/><W36/><G42/><AGARI ba="2,0" hai="37,42,46,77,80,85,98,100,105,120,123" m="43082" machi="42" ten="30,1500,0" yaku="15,1" doraHai="131" who="2" fromWho="3" sc="199,0,52,0,738,21,11,-21" owari="199,-0.1,52,-34.8,759,85.9,-10,-51.0" /></mjloggm>