<mjloggm ver="2.3"><GO type="169" lobby="0"/><UN n0="%E3%81%86%E3%81%AA%E3%81%8E%E9%BA%BA" n1="%E8%8F%85%E7%94%B0%E5%B0%86%E6%9A%89%28%E5%81%BD%E7%89%A9%29" n2="%E5%9C%A7%E5%80%92%E7%9A%84%E3%83%9D%E3%83%B3" n3="%E7%94%9F%E5%BE%92%E4%BC%9A%E3%80%90%E5%BA%8F%E3%80%91" dan="17,16,17,17" rate="2171.30,2178.00,2204.43,2159.13" sx="M,M,M,M"/><TAIKYOKU oya="0"/><INIT seed="0,0,0,2,4,68" ten="250,250,250,250" oya="0" hai0="1,41,85,16,32,33,90,62,13,74,78,124,22" hai1="7,67,77,18,11,95,83,24,44,48,55,132,126" hai2="113,28,79,105,100,87,19,88,101,129,86,66,93" hai3="61,38,134,130,109,45,133,47,40,97,54,106,80"/><T120/><D120/><U116/><E116/><V31/><F113/><W75/><G109/><T102/><D124/><U112/><E126/><V26/><F129/><W37/><G130/><T42/><D1/><U10/><E112/><V14/><F66/><W30/><G30/><N who="2" m="11305" /><F26/><W17/><G17/><T135/><D74/><U4/><E132/><N who="3" m="50794" /><G106/><T20/><D78/><U36/><E67/><V125/><F125/><W98/><G75/><T108/><D135/><U89/><E36/><N who="3" m="13930" /><G80/><T12/><D102/><N who="2" m="39530" /><F105/><W96/><G40/><T65/><D108/><U111/><E111/><V104/><F104/><W107/><G107/><T3/><D42/><U70/><E70/><V43/><F43/><W52/><G61/><T6/><D41/><U8/><E18/><V46/><F79/><W64/><G64/><T115/><D115/><U117/><E117/><V2/><F2/><W27/><G27/><T49/><D3/><U71/><E71/><V91/><F19/><W118/><G118/><T76/><D76/><U81/><E24/><V94/><F14/><W127/><G127/><T34/><D62/><U50/><E50/><V9/><F9/><W73/><G73/><T53/><D65/><U57/><E77/><V63/><F63/><W25/><G25/><T121/><D13/><U128/><E128/><V0/><F0/><W72/><G72/><T92/><D12/><U99/><E81/><V23/><F23/><W114/><G114/><T131/><D22/><U119/><E83/><V21/><F21/><W84/><G84/><T60/><D131/><U69/><E119/><V51/><F51/><RYUUKYOKU ba="0,0" sc="250,-15,250,-15,250,15,250,15" hai2="46,86,87,88,91,93,94" hai3="45,47,52,54,96,97,98" /><INIT seed="1,1,0,0,5,0" ten="235,235,265,265" oya="1" hai0="68,113,71,22,111,78,55,47,32,104,35,89,124" hai1="127,110,131,53,41,24,134,135,99,29,25,43,94" hai2="123,36,109,86,44,65,3,49,114,10,130,58,105" hai3="27,67,40,72,96,108,125,90,45,38,81,8,60"/><U1/><E1/><V70/><F105/><W13/><G108/><T61/><D113/><U74/><E74/><V23/><F114/><W33/><G125/><T18/><D104/><U119/><E119/><V128/><F123/><W46/><G46/><T95/><D111/><U77/><E110/><V26/><F36/><W31/><G96/><T16/><D78/><U14/><E77/><V88/><F70/><W12/><G72/><T93/><D124/><U30/><E127/><V100/><F100/><W19/><G13/><T102/><D102/><U107/><E107/><V57/><F109/><W79/><G90/><T84/><D95/><U133/><E53/><V28/><F65/><W2/><G2/><T112/><D18/><U64/><E64/><V39/><F39/><W66/><REACH who="3" step="1"/><G60/><REACH who="3" ten="235,235,265,255" step="2"/><T4/><D112/><U6/><E131/><N who="2" m="50219" /><F3/><W120/><G120/><T92/><D47/><U115/><E115/><V82/><F10/><W52/><G52/><AGARI ba="1,1" hai="23,26,28,44,49,52,57,58,82,86,88" m="50219" machi="52" ten="30,3900,0" yaku="19,1,54,2" doraHai="0" who="2" fromWho="3" sc="235,0,235,0,265,52,255,-42" /><INIT seed="2,0,0,0,4,133" ten="235,235,317,213" oya="2" hai0="72,80,42,85,93,24,50,38,132,74,125,13,86" hai1="65,68,87,79,46,123,53,32,88,100,111,28,0" hai2="112,107,49,35,84,81,9,18,44,2,57,17,118" hai3="120,114,29,115,134,25,92,4,59,78,135,82,52"/><V109/><F118/><W75/><G120/><T108/><D38/><U70/><E0/><V10/><F107/><W127/><G4/><T26/><D132/><N who="3" m="50729" /><G92/><T83/><D108/><U110/><E123/><V43/><F35/><N who="3" m="20911" /><G127/><T31/><D93/><U101/><E79/><V129/><F112/><W62/><AGARI ba="0,0" hai="52,59,62,75,78,82,114,115" m="20911,50729" machi="62" ten="30,2000,0" yaku="20,1,54,1" doraHai="133" who="3" fromWho="3" sc="235,-5,235,-5,317,-10,213,20" /><INIT seed="3,0,0,0,3,114" ten="230,230,307,233" oya="3" hai0="15,61,47,125,36,89,129,113,121,84,88,53,49" hai1="133,103,135,56,117,73,46,57,93,27,6,20,107" hai2="68,38,76,81,43,30,91,66,80,116,83,51,79" hai3="78,106,67,86,115,75,71,35,18,4,32,96,23"/><W11/><G115/><T24/><D113/><U52/><E73/><V63/><F38/><W34/><G75/><T97/><D121/><U94/><E6/><V21/><F116/><W17/><G71/><T100/><D125/><U29/><E107/><V48/><F91/><W92/><G67/><T59/><D129/><U72/><E72/><V10/><F10/><W33/><N who="3" m="8192" /><DORA hai="85" /><W25/><G106/><T54/><D36/><U42/><E117/><V40/><F30/><W45/><G45/><T119/><D119/><U1/><E1/><V123/><F21/><W62/><G62/><T5/><D24/><U122/><E122/><V19/><F19/><W13/><G78/><T39/><D39/><N who="1" m="21855" /><E56/><V99/><F99/><W37/><G37/><T104/><REACH who="0" step="1"/><D84/><REACH who="0" ten="220,230,307,233" step="2"/><U74/><E74/><V77/><REACH who="2" step="1"/><F123/><REACH who="2" ten="220,230,297,233" step="2"/><W55/><G25/><T9/><AGARI ba="0,2" hai="5,9,15,47,49,53,54,59,61,88,89,97,100,104" machi="9" ten="30,16000,3" yaku="1,1,2,1,0,1,52,2,54,1,53,2" doraHai="114,85" doraHaiUra="26,87" who="0" fromWho="0" sc="220,180,230,-40,297,-40,233,-80" /><INIT seed="4,0,0,2,4,14" ten="400,190,257,153" oya="0" hai0="81,121,16,9,93,65,105,90,128,73,34,85,51" hai1="133,41,117,99,129,87,15,119,42,78,91,32,31" hai2="130,62,11,36,4,70,48,111,100,108,75,106,19" hai3="116,0,37,102,104,57,50,29,27,56,64,3,1"/><T26/><D121/><U94/><E129/><V44/><F75/><W118/><G37/><T131/><D105/><U125/><E133/><V24/><F36/><W23/><G104/><T77/><D65/><U5/><E125/><V20/><F130/><N who="0" m="49706" /><D51/><U95/><E32/><V72/><F72/><W82/><G102/><T8/><D34/><U45/><E31/><V92/><F106/><W43/><G82/><T115/><D115/><U49/><E41/><V86/><F62/><W28/><G28/><T123/><D123/><U101/><REACH who="1" step="1"/><E78/><REACH who="1" ten="400,180,257,153" step="2"/><V22/><F111/><W18/><G43/><T83/><D83/><U132/><E132/><V66/><F108/><W88/><G118/><T2/><D2/><U35/><E35/><V46/><F70/><W80/><G116/><T33/><D33/><U67/><E67/><V38/><F66/><W84/><G29/><T10/><D26/><U30/><E30/><V59/><F24/><W13/><G27/><T107/><D107/><U17/><E17/><AGARI ba="0,1" hai="8,9,10,16,17,73,77,81,85,90,93" m="49706" machi="17" ten="30,11600,0" yaku="19,1,52,2,54,1" doraHai="14" who="0" fromWho="1" sc="400,126,180,-116,257,0,153,0" /><INIT seed="4,1,0,0,4,109" ten="526,64,257,153" oya="0" hai0="42,122,71,56,2,14,50,112,106,134,75,40,124" hai1="93,130,30,48,101,0,51,98,17,99,121,1,97" hai2="44,129,92,102,20,68,89,46,100,4,47,120,108" hai3="73,29,25,8,76,15,28,41,62,74,111,36,58"/><T132/><D2/><U7/><E121/><V95/><F120/><W80/><G111/><T22/><D106/><U3/><E130/><V105/><F105/><W5/><G74/><T18/><D75/><U38/><E38/><V103/><F68/><W88/><G36/><T11/><D71/><U78/><E7/><V65/><F65/><W61/><G41/><T26/><D122/><U37/><E37/><V23/><F108/><W12/><G12/><T70/><D70/><U128/><E128/><V39/><F39/><W67/><G62/><T135/><D124/><U35/><E78/><V82/><F4/><W110/><G110/><T55/><REACH who="0" step="1"/><D112/><REACH who="0" ten="516,64,257,153" step="2"/><U79/><E1/><V64/><F129/><W123/><G123/><T115/><D115/><U94/><E3/><V9/><F9/><W77/><G73/><T107/><D107/><U21/><E0/><V59/><F82/><W117/><G80/><T114/><D114/><U6/><E6/><AGARI ba="1,1" hai="6,11,14,18,22,26,40,42,50,55,56,132,134,135" machi="6" ten="40,3900,0" yaku="1,1,20,1,53,0" doraHai="109" doraHaiUra="27" who="0" fromWho="1" sc="516,52,64,-42,257,0,153,0" /><INIT seed="4,2,0,1,1,100" ten="568,22,257,153" oya="0" hai0="62,95,15,93,121,74,132,70,59,56,113,34,21" hai1="30,35,87,108,45,11,20,23,116,91,28,133,126" hai2="110,60,63,67,124,84,127,1,18,129,103,82,79" hai3="25,73,76,17,71,3,109,29,38,115,78,65,55"/><T6/><D34/><U80/><E116/><V69/><F1/><W0/><G109/><T72/><D121/><U57/><E108/><V39/><F39/><W58/><G115/><T24/><D70/><U2/><E133/><V32/><F110/><W48/><G17/><T130/><D113/><U54/><E126/><V12/><F32/><W134/><G134/><T22/><D132/><U106/><E106/><V105/><F129/><W102/><G102/><T119/><D119/><U123/><E123/><V120/><F120/><W33/><G38/><T47/><D47/><U128/><E128/><V16/><F63/><W8/><G3/><T131/><D15/><U114/><E114/><V37/><F37/><W77/><G71/><T4/><D62/><U50/><E45/><V107/><F18/><W85/><G65/><T125/><REACH who="0" step="1"/><D24/><REACH who="0" ten="558,22,257,153" step="2"/><U112/><E112/><V49/><F69/><W43/><G33/><T46/><D46/><U40/><E40/><V51/><F60/><W98/><G43/><T10/><D10/><U19/><E35/><V104/><F67/><W31/><G8/><T83/><D83/><U27/><REACH who="1" step="1"/><E20/><REACH who="1" ten="558,12,257,153" step="2"/><V13/><F127/><AGARI ba="2,2" hai="4,6,21,22,56,59,72,74,93,95,125,127,130,131" machi="127" ten="25,4800,0" yaku="1,1,22,2,53,0" doraHai="100" doraHaiUra="7" who="0" fromWho="2" sc="558,74,12,0,257,-54,153,0" /><INIT seed="4,3,0,0,4,112" ten="632,12,203,153" oya="0" hai0="21,64,67,131,49,56,83,6,88,99,20,117,65" hai1="110,58,68,23,10,106,98,11,8,130,116,22,79" hai2="84,50,53,2,125,48,105,43,41,135,80,103,1" hai3="128,82,27,51,85,33,24,76,15,95,90,119,101"/><T0/><D117/><U4/><E110/><V25/><F125/><W7/><G128/><T96/><D131/><U37/><E130/><V31/><F135/><W26/><G119/><T93/><D0/><U46/><E116/><V29/><F103/><W45/><G101/><T36/><D36/><U77/><E68/><V86/><F25/><W35/><G7/><T32/><D32/><U91/><E4/><V63/><F63/><W109/><G15/><T73/><D6/><U40/><E58/><V75/><F80/><W17/><G109/><T71/><D71/><U133/><E133/><V18/><F18/><W111/><G17/><T39/><D39/><U57/><E57/><V113/><F53/><W97/><REACH who="3" step="1"/><G111/><REACH who="3" ten="632,12,203,143" step="2"/><T47/><D56/><U52/><E52/><AGARI ba="3,1" hai="24,26,27,33,35,45,51,52,76,82,85,90,95,97" machi="52" ten="40,5200,0" yaku="1,1,2,1,54,1,53,0" doraHai="112" doraHaiUra="108" who="3" fromWho="1" sc="632,0,12,-61,203,0,143,71" owari="632,73.2,-49,-54.9,203,-19.7,214,1.4" /></mjloggm>