<mjloggm ver="2.3"><GO type="169" lobby="0"/><UN n0="%E6%81%8B%E3%81%AE%E3%81%86%E3%81%9F" n1="%E6%A8%99" n2="%E3%83%8D%E3%82%AA%E3%81%92%E3%82%8D%E3%81%A3%E3%81%B4" n3="%6B%61%74%65%72%69%6E%61" dan="17,16,16,16" rate="2223.80,2148.91,2136.21,2104.48" sx="M,M,M,M"/><TAIKYOKU oya="0"/><INIT seed="0,0,0,0,2,62" ten="250,250,250,250" oya="0" hai0="63,6,28,113,67,117,76,4,23,134,75,80,86" hai1="15,97,21,25,115,133,40,125,82,17,87,33,39" hai2="70,131,56,93,126,128,124,0,16,35,72,18,31" hai3="118,50,108,45,121,78,46,51,53,71,104,129,89"/><T103/><D113/><U102/><E115/><V54/><F70/><W66/><G104/><T48/><D117/><U44/><E133/><V68/><F68/><W59/><G118/><T119/><D119/><U42/><E125/><N who="2" m="48235" /><F72/><W100/><G100/><T92/><D134/><U106/><E42/><V12/><F0/><W98/><G78/><T8/><D48/><U24/><REACH who="1" step="1"/><E33/><REACH who="1" ten="250,240,250,250" step="2"/><V20/><F35/><W83/><G121/><T3/><D6/><U81/><E81/><V114/><F114/><W9/><G83/><T19/><D28/><U105/><E105/><V13/><F31/><W85/><G108/><T120/><D120/><U91/><AGARI ba="0,1" hai="15,17,21,24,25,39,40,44,82,87,91,97,102,106" machi="91" ten="20,5200,0" yaku="1,1,0,1,7,1,53,1" doraHai="62" doraHaiUra="14" who="1" fromWho="1" sc="250,-26,240,62,250,-13,250,-13" /><INIT seed="1,0,0,4,1,26" ten="224,302,237,237" oya="1" hai0="63,94,69,127,88,40,43,2,62,60,126,120,4" hai1="119,42,33,96,66,54,14,102,130,110,79,35,132" hai2="91,81,47,101,106,86,53,13,90,7,1,135,20" hai3="131,11,22,92,105,113,65,28,129,73,5,114,82"/><U76/><E119/><V70/><F70/><W0/><G105/><T49/><D69/><U100/><E132/><V39/><F135/><W85/><G73/><T34/><D34/><U41/><E130/><N who="3" m="49674" /><G65/><T12/><D2/><U31/><E66/><V78/><F1/><W37/><G37/><T111/><D111/><U133/><E133/><V24/><F106/><W74/><G74/><T15/><D120/><U98/><E14/><N who="0" m="5161" /><D49/><U87/><E87/><V67/><F67/><W36/><G36/><T9/><D9/><U123/><E54/><V19/><F101/><W57/><G57/><T52/><D4/><U50/><E50/><N who="2" m="28895" /><F39/><W77/><G92/><T83/><D83/><U80/><E80/><V124/><F124/><N who="0" m="47658" /><D52/><U117/><E117/><V21/><F7/><W45/><G45/><T134/><D134/><U30/><REACH who="1" step="1"/><E110/><REACH who="1" ten="224,292,237,237" step="2"/><V72/><F72/><W32/><G82/><T61/><N who="0" m="15360" /><DORA hai="112" /><T10/><D10/><U84/><E84/><AGARI ba="0,1" hai="40,43,84,88,94" m="15360,47658,5161" machi="84" ten="50,3200,0" yaku="18,1,54,1" doraHai="26,112" who="0" fromWho="1" sc="224,42,292,-32,237,0,237,0" /><INIT seed="2,0,0,0,0,80" ten="266,260,237,237" oya="2" hai0="16,110,15,128,51,42,35,116,83,70,92,32,36" hai1="6,124,31,5,102,97,73,65,101,34,86,112,28" hai2="64,48,125,43,130,14,47,95,21,41,60,22,79" hai3="27,29,98,81,66,103,78,76,132,56,109,45,89"/><V94/><F130/><W131/><G109/><T17/><D70/><U9/><E73/><V85/><F125/><W54/><G131/><T68/><D68/><U59/><E124/><V55/><F43/><W88/><G66/><T2/><D2/><U44/><E44/><V61/><F41/><W121/><G45/><T135/><D128/><U24/><E112/><V117/><F117/><W87/><G132/><T49/><D83/><U46/><E46/><V12/><F61/><W53/><G89/><T10/><D110/><U113/><E113/><V127/><F127/><W4/><G4/><T120/><D120/><U11/><E31/><V20/><F79/><W105/><G54/><T93/><D42/><U75/><E75/><V69/><REACH who="2" step="1"/><F94/><REACH who="2" ten="266,260,227,237" step="2"/><W67/><G121/><T126/><D126/><U38/><E38/><V134/><F134/><W115/><G115/><T91/><D135/><U0/><E65/><V84/><F84/><W50/><REACH who="3" step="1"/><G67/><REACH who="3" ten="266,260,227,227" step="2"/><T62/><D116/><U63/><E63/><V7/><F7/><W25/><G25/><T96/><D62/><U108/><E6/><V26/><F26/><W19/><G19/><T111/><D17/><U100/><E5/><V104/><F104/><W114/><G114/><T39/><D111/><U52/><E24/><V77/><F77/><W33/><AGARI ba="0,2" hai="27,29,33,50,53,56,76,78,81,87,88,98,103,105" machi="33" ten="20,8000,1" yaku="1,1,0,1,7,1,52,1,54,1,53,0" doraHai="80" doraHaiUra="107" who="3" fromWho="3" sc="266,-20,260,-20,227,-40,227,100" /><INIT seed="3,0,0,3,2,80" ten="246,240,187,327" oya="3" hai0="62,56,55,97,5,115,111,12,59,19,43,57,46" hai1="134,47,105,81,17,44,83,107,8,102,129,66,67" hai2="76,58,69,36,121,60,132,21,27,48,123,104,94" hai3="78,24,124,122,99,103,96,110,131,109,49,112,51"/><W106/><G112/><T70/><D111/><N who="3" m="42505" /><G122/><N who="2" m="46601" /><F36/><W2/><G2/><T114/><D5/><U93/><E134/><V1/><F1/><W72/><G131/><T50/><D97/><U25/><E129/><V79/><F104/><W118/><G118/><T98/><D98/><N who="1" m="59727" /><E105/><V86/><F69/><W11/><G124/><T10/><D70/><U74/><E107/><V34/><F34/><W18/><G99/><T127/><D127/><U3/><E74/><V30/><F48/><W120/><G120/><T117/><D117/><U20/><E3/><V39/><F39/><W13/><G24/><T54/><REACH who="0" step="1"/><D56/><REACH who="0" ten="236,240,187,327" step="2"/><U101/><E101/><V85/><F132/><W65/><G65/><T32/><D32/><U84/><E66/><N who="2" m="39191" /><F94/><W45/><G106/><T29/><D29/><U14/><E67/><V108/><F108/><W90/><G103/><T88/><D88/><N who="1" m="51215" /><E83/><V82/><F82/><W61/><G90/><T31/><D31/><AGARI ba="0,1" hai="8,14,17,20,25,31,44,47" m="51215,59727" machi="31" ten="30,3900,0" yaku="8,1,52,1,54,1" doraHai="80" who="1" fromWho="0" sc="236,-39,240,49,187,0,327,0" /><INIT seed="4,0,0,4,3,40" ten="197,289,187,327" oya="0" hai0="119,12,76,8,31,70,16,21,5,49,1,54,93" hai1="90,111,32,123,134,66,96,28,78,47,19,52,23" hai2="57,51,68,38,98,120,83,43,4,99,109,106,34" hai3="73,0,126,89,110,82,135,102,86,39,41,20,85"/><T35/><D70/><U37/><E123/><V59/><F68/><W128/><G0/><T130/><D130/><U117/><E117/><V114/><F120/><W77/><G110/><T108/><D119/><U3/><E3/><V129/><F109/><W75/><G128/><T124/><D108/><U115/><E111/><V97/><F34/><W94/><G20/><T132/><D132/><U14/><E134/><V105/><F129/><W64/><G64/><T133/><D133/><U36/><E115/><V127/><F127/><W91/><G135/><T22/><D76/><U112/><E78/><V48/><F114/><W101/><G41/><T11/><D93/><U17/><E66/><V121/><F121/><W74/><G39/><T95/><D95/><N who="1" m="56439" /><E36/><V9/><F83/><N who="3" m="49343" /><G126/><T58/><REACH who="0" step="1"/><D124/><REACH who="0" ten="187,289,187,327" step="2"/><U103/><E112/><V92/><F92/><W104/><G104/><T113/><D113/><U88/><E103/><AGARI ba="0,1" hai="73,74,75,77,82,86,91,94,101,102,103" m="49343" machi="103" ten="30,8000,1" yaku="35,5" doraHai="40" who="3" fromWho="1" sc="187,0,289,-80,187,0,327,90" /><INIT seed="5,0,0,0,5,64" ten="187,209,187,417" oya="1" hai0="36,19,120,34,14,62,30,116,27,131,130,35,15" hai1="81,133,70,59,75,1,90,2,0,135,73,46,108" hai2="97,69,100,109,50,63,99,119,85,31,94,91,80" hai3="98,101,42,23,47,127,117,8,88,26,79,17,12"/><U93/><E59/><V86/><F119/><W6/><G117/><T113/><D36/><U55/><E108/><V74/><F109/><W134/><G134/><N who="1" m="51210" /><E81/><V126/><F126/><W114/><G114/><T123/><D62/><U122/><E122/><N who="0" m="46633" /><D116/><U78/><E78/><N who="2" m="44119" /><F31/><W121/><G121/><T89/><D89/><U66/><E55/><V104/><F50/><W22/><G127/><T32/><D113/><U84/><E46/><V105/><F86/><W48/><G79/><T43/><D43/><U54/><E54/><V107/><F63/><AGARI ba="0,0" hai="0,1,2,63,66,70,73,75,84,90,93" m="51210" machi="63" ten="40,3900,0" yaku="20,1,52,1" doraHai="64" who="1" fromWho="2" sc="187,0,209,39,187,-39,417,0" /><INIT seed="5,1,0,4,5,95" ten="187,248,148,417" oya="1" hai0="35,11,24,103,128,120,83,37,25,40,104,75,17" hai1="54,9,12,84,4,74,112,109,87,28,5,121,80" hai2="39,122,55,110,78,77,3,10,61,71,41,65,73" hai3="100,129,19,59,105,89,51,60,14,8,44,116,0"/><U56/><E121/><V52/><F122/><W127/><G129/><T76/><D128/><U132/><E109/><V49/><F110/><W23/><G127/><T43/><D120/><U21/><E132/><V18/><F73/><W16/><G116/><T38/><D40/><U62/><E112/><V81/><F81/><W99/><G89/><T50/><D50/><U64/><E4/><V126/><F126/><W130/><G130/><T36/><D43/><U101/><E101/><V48/><F18/><W13/><G0/><T20/><D11/><U72/><E84/><V118/><F118/><W7/><G7/><T2/><D2/><U92/><E92/><V86/><F86/><W67/><G51/><T111/><D111/><U98/><E98/><V102/><F102/><W107/><G44/><T34/><REACH who="0" step="1"/><D24/><REACH who="0" ten="177,248,148,417" step="2"/><N who="1" m="16399" /><E74/><V70/><F10/><W53/><G67/><T133/><D133/><U1/><E72/><V131/><F3/><W27/><G14/><T125/><D125/><U6/><E1/><V45/><F131/><W82/><G82/><T15/><D15/><U135/><E135/><V123/><F123/><W96/><REACH who="3" step="1"/><G100/><REACH who="3" ten="177,248,148,407" step="2"/><T119/><D119/><U79/><E6/><V88/><F88/><W29/><G29/><T134/><D134/><U33/><E64/><V30/><F30/><W68/><G68/><T113/><D113/><U114/><E114/><V32/><F70/><W58/><G58/><T46/><D46/><U63/><E63/><V42/><F42/><W124/><G124/><T108/><D108/><U94/><E62/><V22/><F71/><W93/><G93/><RYUUKYOKU ba="1,2" sc="177,15,248,-15,148,-15,407,15" hai0="17,20,25,34,35,36,37,38,75,76,83,103,104" hai3="8,13,16,19,23,27,53,59,60,96,99,105,107" /><INIT seed="6,2,2,1,5,7" ten="192,233,133,422" oya="2" hai0="90,72,40,102,24,82,94,114,69,67,110,134,19" hai1="53,34,3,92,32,100,133,18,81,50,73,28,108" hai2="104,46,23,71,47,29,120,77,115,20,15,42,12" hai3="83,135,65,116,60,14,26,48,131,80,25,41,38"/><V45/><F120/><W101/><G116/><T112/><D110/><U87/><E108/><V59/><F71/><W121/><G121/><T88/><D40/><U124/><E3/><V117/><F117/><W57/><G38/><T8/><D134/><U27/><E133/><V105/><F42/><W33/><G135/><T113/><D102/><U39/><E39/><V127/><F127/><W96/><G131/><T43/><D43/><U93/><E124/><V5/><F115/><W55/><G41/><T79/><D94/><U44/><E73/><V11/><F77/><W103/><G103/><T95/><D95/><U85/><E32/><V21/><F29/><W128/><G128/><T84/><D72/><U111/><E111/><V76/><F76/><W99/><G99/><T118/><D118/><U86/><E100/><V109/><F109/><W107/><G14/><N who="0" m="7623" /><D24/><U54/><E81/><V4/><REACH who="2" step="1"/><F59/><REACH who="2" ten="192,233,123,422" step="2"/><W10/><G57/><T22/><D22/><N who="1" m="13783" /><E28/><V30/><F30/><W37/><G33/><T97/><D97/><U126/><E34/><V52/><F52/><N who="1" m="20073" /><E126/><V9/><AGARI ba="2,3" hai="4,5,9,11,12,15,20,21,23,45,46,47,104,105" machi="9" ten="40,12000,1" yaku="1,1,0,1,9,1,52,2,53,0" doraHai="7" doraHaiUra="89" who="2" fromWho="2" sc="192,-42,233,-42,123,156,422,-42" /><INIT seed="6,3,0,5,5,113" ten="150,191,279,380" oya="2" hai0="9,75,50,51,133,129,104,35,14,22,94,111,24" hai1="123,91,134,38,10,62,43,4,117,96,107,128,58" hai2="86,44,32,114,85,0,69,92,64,73,60,28,21" hai3="98,59,84,2,45,41,31,17,127,81,82,39,56"/><V105/><F105/><W119/><G119/><T135/><D104/><U33/><E117/><V118/><F73/><W103/><G2/><T7/><D75/><U18/><E33/><V87/><F114/><W34/><G127/><T130/><D50/><U65/><E123/><V125/><F0/><W102/><G102/><T80/><D51/><U42/><E134/><N who="0" m="51209" /><D94/><N who="1" m="56415" /><E107/><V99/><F125/><W15/><G31/><N who="0" m="19943" /><D80/><U6/><E38/><V40/><F32/><W37/><G37/><T79/><D79/><U49/><E128/><N who="0" m="49257" /><D22/><U100/><E100/><V46/><F40/><N who="1" m="15401" /><E49/><V124/><F124/><W23/><G82/><T76/><D76/><U26/><E10/><V55/><F44/><W95/><G34/><T53/><D53/><U52/><E65/><V3/><F55/><W27/><G59/><T115/><D115/><U78/><E78/><V83/><F46/><W89/><G56/><T54/><D54/><U74/><E74/><V25/><F83/><W106/><G81/><T70/><D70/><U20/><AGARI ba="3,0" hai="4,6,18,20,26,52,58,62" m="15401,56415" machi="20" ten="30,4000,0" yaku="25,1,8,1,54,1" doraHai="113" who="1" fromWho="1" sc="150,-13,191,49,279,-23,380,-13" /><INIT seed="7,0,0,4,4,89" ten="137,240,256,367" oya="3" hai0="123,94,7,24,80,62,97,45,42,103,125,54,19" hai1="121,36,26,18,52,47,84,46,68,79,124,105,48" hai2="118,111,130,29,113,40,116,114,133,109,107,28,6" hai3="20,56,91,9,88,3,81,14,135,75,17,25,98"/><W70/><G70/><T39/><D125/><U108/><E105/><V120/><F107/><W10/><G135/><T50/><D123/><U128/><E121/><V41/><F133/><W69/><G69/><T86/><D39/><U73/><E68/><V106/><F106/><W22/><G3/><T1/><D1/><U57/><E108/><N who="2" m="41547" /><F6/><W96/><G75/><T8/><D24/><U21/><E128/><V43/><F130/><W72/><G56/><T0/><D62/><U35/><E124/><V74/><F74/><W92/><G72/><T82/><D19/><U44/><E73/><V134/><F134/><W37/><G37/><T55/><REACH who="0" step="1"/><D80/><REACH who="0" ten="127,240,256,367" step="2"/><N who="1" m="47135" /><E36/><V53/><F120/><W119/><G81/><T131/><D131/><U34/><E35/><V2/><F2/><W27/><G17/><T110/><D110/><U13/><E34/><V77/><F118/><W95/><G14/><AGARI ba="0,1" hai="13,14,18,21,26,44,46,47,48,52,57" m="47135" machi="14" ten="30,2000,0" yaku="8,1,54,1" doraHai="89" who="1" fromWho="3" sc="127,0,240,30,256,0,367,-20" owari="127,-37.3,270,7.0,256,-14.4,347,44.7" /></mjloggm>