<mjloggm ver="2.3"><GO type="169" lobby="0"/><UN n0="%E5%AE%88%E6%9D%91%E6%A1%9C%E5%BC%A5" n1="%65%76%69%61%6E%36%31%39" n2="%E3%81%95%E3%81%8D%E3%81%8A%E3%80%82" n3="%E5%B0%8F%E4%B8%89%E5%85%83%E5%8D%97%E5%8D%98%E9%A8%8E" dan="17,16,16,16" rate="2145.63,2103.47,2150.67,2113.60" sx="M,M,M,M"/><TAIKYOKU oya="0"/><INIT seed="0,0,0,0,5,16" ten="250,250,250,250" oya="0" hai0="84,8,28,7,89,2,25,19,108,105,80,83,18" hai1="62,11,34,0,102,3,124,133,53,93,87,119,76" hai2="23,41,82,14,38,90,73,37,103,132,66,88,114" hai3="65,15,54,97,21,111,91,40,75,127,99,10,115"/><T123/><D123/><U134/><E119/><V35/><F114/><W24/><G115/><T135/><D105/><U61/><E34/><V86/><F35/><W120/><G111/><T122/><D122/><U30/><E76/><V126/><F73/><W117/><G120/><T51/><D135/><U109/><E109/><V47/><F132/><W29/><G127/><T92/><D108/><U125/><E30/><V50/><F126/><N who="1" m="48745" /><E11/><V42/><F66/><W36/><G117/><T131/><D131/><U70/><E53/><V96/><F90/><W116/><G116/><T81/><REACH who="0" step="1"/><D51/><REACH who="0" ten="240,250,250,250" step="2"/><U106/><E106/><V17/><REACH who="2" step="1"/><F42/><REACH who="2" ten="240,250,240,250" step="2"/><W27/><G40/><T60/><D60/><U4/><E61/><V55/><F55/><W1/><G54/><T26/><D26/><U98/><E134/><V113/><F113/><W33/><G27/><T112/><D112/><U9/><E133/><V45/><F45/><W39/><G24/><T118/><D118/><U58/><E62/><V20/><F20/><AGARI ba="0,2" hai="2,7,8,18,19,20,25,28,80,81,83,84,89,92" machi="20" ten="40,7700,0" yaku="1,1,52,1,53,1" doraHai="16" doraHaiUra="85" who="0" fromWho="2" sc="240,97,250,0,240,-77,250,0" /><INIT seed="0,1,0,0,0,25" ten="337,250,163,250" oya="0" hai0="61,27,134,89,40,123,107,1,72,85,66,99,114" hai1="16,87,2,109,63,95,12,39,24,15,80,86,102" hai2="6,106,56,116,4,83,111,59,110,51,20,77,100" hai3="130,13,32,103,84,113,45,119,115,70,93,67,131"/><T53/><D123/><U120/><E109/><N who="2" m="41483" /><F116/><W65/><G119/><T78/><D114/><U98/><E2/><V96/><F20/><W22/><G32/><T82/><D134/><U88/><E120/><V28/><F28/><W101/><G45/><T62/><D1/><U11/><E39/><V42/><F42/><W69/><G22/><T91/><D40/><U57/><E15/><V71/><F71/><N who="3" m="27147" /><G13/><T124/><D124/><U21/><E80/><V31/><F31/><W128/><G84/><T14/><D91/><U48/><E48/><V68/><F68/><W7/><G93/><N who="0" m="54447" /><D66/><N who="3" m="25097" /><G7/><N who="2" m="2601" /><F51/><W121/><G121/><T81/><D81/><U133/><E102/><AGARI ba="1,0" hai="101,102,103,113,115,128,130,131" m="25097,27147" machi="102" ten="40,5200,0" yaku="28,2,19,1" doraHai="25" who="3" fromWho="1" sc="337,0,250,-55,163,0,250,55" /><INIT seed="1,0,0,1,3,36" ten="337,195,163,305" oya="1" hai0="102,35,108,60,48,12,83,100,131,105,133,125,76" hai1="123,68,1,63,32,54,44,109,88,78,16,129,130" hai2="107,82,104,132,98,87,134,72,121,10,65,74,23" hai3="86,3,15,61,116,114,118,13,64,2,92,18,8"/><U58/><E123/><V115/><F23/><W128/><G92/><T113/><D113/><U75/><E1/><V101/><F10/><N who="3" m="6455" /><G86/><T29/><D108/><U22/><E32/><V24/><F24/><W26/><G114/><T17/><D125/><U42/><E68/><V93/><F65/><W20/><G61/><T45/><D133/><N who="2" m="51306" /><F121/><W21/><G64/><T0/><D0/><N who="3" m="41" /><G128/><T73/><D131/><U14/><E109/><V11/><F11/><W27/><G21/><T56/><D105/><N who="2" m="40522" /><F115/><W52/><G52/><T79/><D35/><U95/><E78/><AGARI ba="0,0" hai="72,74,78,82,87,93,98,101" m="40522,51306" machi="78" ten="30,3900,0" yaku="20,1,34,2" doraHai="36" who="2" fromWho="1" sc="337,0,195,-39,163,39,305,0" /><INIT seed="2,0,0,5,4,39" ten="337,156,202,305" oya="2" hai0="80,65,75,27,7,89,76,34,120,84,0,16,60" hai1="85,100,92,133,110,57,87,77,117,6,73,56,53" hai2="126,47,36,64,13,54,131,41,35,20,14,68,42" hai3="9,15,135,121,63,61,96,2,134,11,8,67,132"/><V130/><F35/><W5/><G121/><T115/><D120/><U69/><E110/><V50/><F126/><W43/><G96/><T28/><D115/><U97/><E69/><V90/><F90/><W93/><G93/><T26/><D0/><U127/><E133/><V116/><F116/><W125/><G125/><T118/><D7/><U79/><E117/><V81/><F81/><W38/><G63/><T45/><D118/><U58/><E127/><V59/><F20/><W107/><G107/><T103/><D103/><U123/><E6/><V66/><F14/><W83/><G83/><T24/><D45/><U104/><E123/><V31/><F13/><W91/><G91/><T32/><D16/><U44/><E44/><N who="2" m="23591" /><F31/><W105/><G105/><T4/><D4/><U33/><E33/><V49/><F68/><N who="3" m="42095" /><G15/><T88/><D34/><U78/><E73/><V106/><F106/><W22/><G22/><T23/><D89/><U19/><E19/><V17/><F17/><W72/><G72/><T18/><D32/><U124/><E124/><V52/><F54/><W1/><G5/><T101/><D101/><U122/><E122/><V37/><F37/><W29/><G29/><T94/><D28/><U21/><E21/><V55/><F55/><W95/><G95/><T30/><D30/><U12/><E12/><V98/><F98/><W51/><G38/><T111/><D18/><U40/><E40/><V128/><AGARI ba="0,0" hai="42,47,49,50,52,59,64,66,128,130,131" m="23591" machi="128" ten="30,18000,2" yaku="19,1,34,2,52,2,54,1" doraHai="39" who="2" fromWho="2" sc="337,-60,156,-60,202,180,305,-60" /><INIT seed="2,1,0,5,2,90" ten="277,96,382,245" oya="2" hai0="85,70,77,69,81,36,27,65,91,73,43,1,87" hai1="30,10,46,109,6,9,11,22,100,117,23,41,39" hai2="29,50,67,48,114,112,16,113,12,55,40,98,88" hai3="28,20,68,110,72,122,119,5,79,131,47,75,105"/><V32/><F67/><W94/><G47/><T17/><D1/><U102/><E109/><V120/><F120/><W14/><G28/><T15/><D27/><U83/><E117/><V35/><F40/><W37/><G20/><T126/><D126/><U34/><E6/><V51/><F55/><W123/><G14/><T44/><D65/><U129/><E129/><V108/><F108/><W130/><G5/><T13/><D13/><U128/><E128/><N who="3" m="49194" /><G37/><T7/><D87/><U135/><E135/><V76/><F76/><W95/><G68/><T38/><D7/><U118/><E118/><V127/><F127/><W103/><G110/><T57/><D57/><U97/><E83/><V107/><F29/><W93/><G119/><T125/><D38/><U116/><E102/><V52/><F52/><W101/><G79/><T4/><D4/><U92/><REACH who="1" step="1"/><E116/><REACH who="1" ten="277,86,382,245" step="2"/><V78/><F78/><W132/><G132/><T58/><D125/><U19/><E19/><V54/><F54/><W18/><G18/><T80/><REACH who="0" step="1"/><D58/><REACH who="0" ten="267,86,382,245" step="2"/><U74/><E74/><N who="3" m="28202" /><G103/><T124/><D124/><U89/><E89/><V84/><F112/><W133/><G133/><T63/><D63/><U60/><E60/><V53/><F113/><W64/><G64/><T25/><D25/><AGARI ba="1,2" hai="9,10,11,22,23,25,30,34,39,41,46,92,97,100" machi="25" ten="40,5200,0" yaku="1,1,52,1,53,1" doraHai="90" doraHaiUra="71" who="1" fromWho="0" sc="267,-55,86,75,382,0,245,0" /><INIT seed="3,0,0,1,5,62" ten="212,161,382,245" oya="3" hai0="123,114,97,41,121,1,98,15,86,106,90,30,29" hai1="95,26,117,21,102,31,56,37,25,101,35,38,77" hai2="82,48,104,34,129,89,122,84,53,68,120,22,72" hai3="113,78,116,103,108,105,10,96,80,132,18,40,23"/><W88/><G113/><T58/><D1/><U60/><E77/><V42/><F34/><W49/><G116/><T65/><D114/><U71/><E71/><V19/><F68/><W69/><G132/><T94/><D41/><U46/><E46/><V124/><F104/><W54/><G108/><T119/><D119/><U63/><E63/><V3/><F3/><W32/><G32/><T110/><D110/><U44/><E44/><V118/><F118/><W67/><G40/><T130/><D130/><U33/><E102/><V115/><F42/><W6/><G69/><T83/><D106/><U79/><E79/><V57/><F115/><W55/><G67/><T131/><D131/><U51/><E51/><V75/><F129/><W16/><G23/><T61/><D98/><N who="1" m="59615" /><E35/><V9/><F9/><W17/><G49/><T45/><D45/><U87/><E87/><V36/><F36/><W107/><G105/><T92/><D92/><U52/><E117/><V70/><F124/><W39/><G39/><T125/><D125/><U93/><E93/><V50/><F70/><W133/><G88/><T76/><D121/><N who="2" m="46698" /><F48/><W20/><G133/><T28/><D123/><U128/><E128/><V81/><F81/><W2/><REACH who="3" step="1"/><G20/><REACH who="3" ten="212,161,382,235" step="2"/><T64/><D64/><U59/><E38/><V126/><F126/><W134/><G134/><T112/><D112/><U27/><E37/><V85/><F22/><W47/><G47/><T11/><D65/><N who="1" m="39047" /><E33/><V13/><F50/><W5/><G5/><N who="0" m="3567" /><D61/><U91/><E91/><V111/><F89/><W24/><G24/><T8/><D90/><U7/><E7/><RYUUKYOKU ba="0,1" sc="212,-15,161,15,382,-15,235,15" hai1="21,25,26,27,31,52,59" hai3="2,6,10,16,17,18,54,55,78,80,96,103,107" /><INIT seed="3,1,1,0,2,106" ten="197,176,367,250" oya="3" hai0="75,1,48,95,31,42,124,23,131,19,5,55,67" hai1="2,32,16,25,91,135,34,38,36,22,27,11,70" hai2="52,110,96,47,20,44,127,28,50,85,63,97,114" hai3="8,113,45,132,104,115,18,51,90,76,73,35,86"/><W129/><G35/><T92/><D75/><U100/><E70/><V68/><F114/><W46/><G104/><T13/><D124/><U53/><E100/><V71/><F110/><W14/><G132/><T117/><D117/><U89/><E53/><V72/><F72/><W84/><G129/><T7/><D131/><U59/><E59/><V79/><F68/><W107/><G107/><T29/><D67/><U61/><E61/><V126/><F71/><W74/><G46/><T123/><D42/><U109/><E11/><V62/><F47/><W12/><G76/><T87/><D123/><U128/><E22/><V99/><F126/><W64/><G64/><T108/><D108/><U116/><E109/><V56/><F44/><W66/><G66/><T43/><D43/><U49/><E49/><V77/><F127/><W37/><G37/><T54/><D1/><U60/><E60/><N who="2" m="23083" /><F85/><W65/><G65/><T121/><D121/><U0/><E128/><V17/><F28/><N who="0" m="10826" /><D87/><U83/><E83/><V30/><F30/><W118/><G118/><T105/><D105/><U119/><REACH who="1" step="1"/><E135/><REACH who="1" ten="197,166,367,250" step="2"/><V101/><F101/><W130/><G130/><T57/><D55/><U9/><E9/><V6/><F6/><AGARI ba="1,2" hai="5,6,7,13,19,23,48,54,57,92,95" m="10826" machi="6" ten="30,1000,0" yaku="8,1" doraHai="106" who="0" fromWho="2" sc="197,33,166,0,367,-13,250,0" /><INIT seed="4,0,0,5,2,133" ten="230,166,354,250" oya="0" hai0="86,92,61,123,13,42,47,38,87,127,35,90,56" hai1="21,115,11,83,37,18,105,53,130,126,45,108,111" hai2="68,101,25,31,28,104,124,72,74,2,76,55,135" hai3="57,43,52,16,58,89,15,128,73,110,51,79,29"/><T1/><D1/><U44/><E105/><V102/><F55/><N who="3" m="31999" /><G110/><T116/><D35/><U113/><E11/><V12/><F12/><W48/><G128/><T121/><D116/><U100/><E100/><V63/><F135/><W36/><G36/><T114/><D114/><N who="1" m="43531" /><E130/><V62/><F76/><W107/><G107/><T75/><D127/><U106/><E106/><V81/><F104/><W17/><G73/><T46/><D75/><U70/><E53/><V24/><F68/><W119/><G119/><T0/><D0/><U7/><E7/><V3/><F81/><W91/><G79/><T66/><D47/><N who="1" m="17995" /><E83/><V118/><F118/><W84/><G43/><T22/><D87/><U59/><E59/><V77/><F77/><W6/><G29/><T54/><D54/><U96/><E96/><V112/><F112/><W69/><G69/><T78/><D78/><U132/><E37/><V40/><F40/><W27/><G91/><T71/><D71/><U41/><E41/><V20/><F20/><N who="3" m="13711" /><G6/><T10/><D22/><U14/><E70/><V65/><F65/><W93/><G15/><T34/><D34/><U131/><E131/><V67/><F67/><W129/><G129/><T97/><D13/><U95/><E132/><V98/><F98/><W82/><G82/><N who="0" m="49495" /><D10/><U9/><E9/><V134/><F134/><W64/><G64/><T60/><D97/><U8/><E8/><V103/><F103/><W120/><G120/><N who="0" m="46155" /><D66/><U33/><E33/><V85/><F85/><W26/><G26/><T117/><D117/><U49/><E111/><V80/><F80/><W19/><AGARI ba="0,0" hai="16,19,48,52,58,84,89,93" m="13711,31999" machi="19" ten="30,7900,0" yaku="5,1,8,1,54,2" doraHai="133" who="3" fromWho="3" sc="230,-39,166,-20,354,-20,250,79" /><INIT seed="5,0,0,0,3,131" ten="191,146,334,329" oya="1" hai0="110,115,3,20,1,103,122,18,4,0,81,42,61" hai1="126,130,121,36,123,28,62,25,11,109,114,65,9" hai2="118,107,128,83,132,7,26,120,133,59,78,32,24" hai3="35,19,111,79,91,6,5,80,40,53,52,47,108"/><U8/><E36/><V89/><F107/><W50/><G35/><T37/><D110/><U57/><E130/><V71/><F71/><W31/><G31/><T56/><D115/><U27/><E114/><V43/><F128/><W21/><G111/><T34/><D34/><U49/><E109/><V45/><F118/><W73/><G108/><T92/><D122/><U101/><E126/><V44/><F89/><W10/><G91/><T69/><D69/><U100/><E123/><V54/><F7/><W15/><REACH who="3" step="1"/><G5/><REACH who="3" ten="191,146,334,319" step="2"/><T77/><D4/><U48/><E121/><V68/><F32/><W16/><G16/><T117/><D18/><U2/><E2/><AGARI ba="0,1" hai="2,6,10,15,19,21,40,47,50,52,53,73,79,80" machi="2" ten="30,7700,0" yaku="1,1,7,1,54,1,53,1" doraHai="131" doraHaiUra="12" who="3" fromWho="1" sc="191,0,146,-77,334,0,319,87" /><INIT seed="6,0,0,3,2,114" ten="191,69,334,406" oya="2" hai0="30,106,120,46,92,41,63,75,33,76,133,113,77" hai1="36,16,99,45,58,87,18,81,17,112,129,125,100" hai2="2,62,47,4,54,34,89,40,9,27,55,49,14" hai3="22,23,20,61,104,1,91,37,132,71,5,15,118"/><V88/><F2/><W69/><G37/><T110/><D120/><U108/><E108/><V79/><F79/><W29/><G104/><T11/><D106/><U44/><E129/><V68/><F68/><W31/><G91/><T119/><D110/><U80/><E125/><V116/><F116/><W131/><G61/><T51/><D113/><U94/><E112/><V78/><F78/><W105/><G105/><T90/><D133/><U39/><E39/><V59/><F34/><W67/><G67/><T126/><D126/><U101/><E36/><V66/><F27/><W85/><G85/><T127/><D127/><U35/><E35/><V52/><AGARI ba="0,0" hai="4,9,14,40,47,49,52,54,55,59,62,66,88,89" machi="52" ten="30,11700,0" yaku="0,1,8,1,54,2" doraHai="114" who="2" fromWho="2" sc="191,-39,69,-39,334,117,406,-39" /><INIT seed="6,1,0,5,5,119" ten="152,30,451,367" oya="2" hai0="112,126,89,104,47,36,120,58,54,91,77,1,39" hai1="79,27,93,129,84,16,28,99,46,11,117,42,113" hai2="116,19,60,21,109,98,73,63,2,128,14,92,111" hai3="13,105,118,6,132,68,67,31,37,75,95,34,4"/><V103/><F116/><W64/><G118/><T7/><D120/><U38/><E113/><V10/><F73/><W9/><G37/><T97/><D112/><U0/><E129/><V72/><F72/><W48/><G132/><T56/><D77/><U100/><E117/><V86/><F86/><W5/><G95/><T52/><D7/><U22/><E0/><V45/><F45/><W35/><G48/><T53/><D1/><U61/><E11/><V106/><F106/><W29/><G75/><T50/><D126/><U115/><E115/><V122/><F122/><W17/><G68/><T69/><D69/><U57/><E84/><V26/><F2/><W82/><G82/><T20/><D20/><U65/><REACH who="1" step="1"/><E79/><REACH who="1" ten="152,20,451,367" step="2"/><V66/><F128/><W15/><G9/><T87/><D87/><U110/><E110/><V80/><F109/><W49/><G4/><T12/><D36/><U70/><E70/><V121/><F111/><W85/><G85/><T83/><D39/><U124/><E124/><V59/><F121/><W43/><G5/><T3/><D3/><U135/><E135/><V101/><F80/><W90/><G6/><T123/><D83/><U76/><E76/><V18/><F63/><W88/><G35/><T8/><D123/><U127/><E127/><V33/><F33/><W44/><G34/><T30/><D8/><U108/><E108/><V24/><F10/><W78/><G78/><T114/><D114/><U133/><E133/><V102/><F18/><AGARI ba="1,1" hai="16,18,22,27,28,38,42,46,57,61,65,93,99,100" machi="18" ten="40,8000,1" yaku="1,1,25,2,54,1,53,0" doraHai="119" doraHaiUra="74" who="1" fromWho="2" sc="152,0,20,93,451,-83,367,0" /><INIT seed="7,0,0,5,4,94" ten="152,113,368,367" oya="3" hai0="30,36,135,44,113,62,103,37,22,15,118,81,109" hai1="71,39,87,40,102,29,131,2,80,8,96,50,23" hai2="92,54,60,86,110,88,18,4,89,77,133,93,117" hai3="79,83,74,12,61,108,99,21,63,51,52,69,10"/><W19/><G108/><T123/><D118/><U104/><E131/><V91/><F110/><W47/><G69/><T9/><D109/><U130/><E130/><V27/><F4/><W67/><G67/><T114/><D123/><U106/><E71/><V57/><F133/><W6/><G99/><T127/><D127/><U16/><E106/><V58/><F58/><W111/><G111/><T125/><D135/><U85/><E39/><V78/><F117/><W112/><G112/><N who="0" m="43115" /><D103/><U0/><E29/><V82/><F77/><W13/><AGARI ba="0,0" hai="6,10,12,13,19,21,47,51,52,61,63,74,79,83" machi="13" ten="20,3900,0" yaku="0,1,7,1,54,1" doraHai="94" who="3" fromWho="3" sc="152,-13,113,-13,368,-13,367,39" owari="139,-26.1,100,-40.0,355,15.5,406,50.6" /></mjloggm>