<mjloggm ver="2.3"><GO type="169" lobby="0"/><UN n0="%58%E7%8C%AB" n1="%E4%BA%8C%E6%8A%9E%E4%BA%BA" n2="%73%61%6E%67%6F%64%64%6F" n3="%35%30%38%30%74%61%6B%61" dan="16,16,17,16" rate="2060.98,2061.50,2168.11,2098.03" sx="M,F,M,M"/><TAIKYOKU oya="0"/><INIT seed="0,0,0,1,1,25" ten="250,250,250,250" oya="0" hai0="31,68,99,94,77,119,17,62,49,9,5,58,13" hai1="120,76,123,22,132,18,29,66,104,133,41,82,71" hai2="111,50,121,2,70,46,51,108,131,74,40,106,135" hai3="24,7,52,28,109,59,85,83,35,128,126,12,0"/><T34/><D119/><U33/><E104/><V4/><F4/><W84/><G109/><N who="2" m="42057" /><F2/><W112/><G112/><T48/><D68/><U8/><E41/><V124/><F74/><W78/><G126/><T36/><D36/><U27/><E66/><V86/><F86/><W19/><G128/><T57/><D77/><U113/><E71/><V97/><F97/><W87/><G7/><T107/><D107/><U43/><E43/><V10/><F10/><W1/><G1/><T90/><D58/><U69/><E69/><V72/><F72/><W79/><G79/><T89/><D89/><U32/><E113/><V11/><F11/><W117/><G117/><T130/><D130/><U3/><E82/><V61/><F106/><W54/><G0/><T88/><D90/><U101/><E101/><V114/><F124/><W110/><G110/><T127/><D127/><U20/><E76/><V55/><F131/><W21/><REACH who="3" step="1"/><G54/><REACH who="3" ten="250,250,250,240" step="2"/><T30/><D5/><N who="1" m="1087" /><E123/><V56/><F121/><W15/><G15/><T60/><D34/><N who="1" m="13419" /><E120/><V100/><F114/><W67/><G67/><N who="0" m="39311" /><D62/><AGARI ba="0,1" hai="12,19,21,24,28,35,52,59,62,78,83,84,85,87" machi="62" ten="30,7700,0" yaku="1,1,7,1,52,1,54,1,53,0" doraHai="25" doraHaiUra="134" who="3" fromWho="0" sc="250,-77,250,0,250,0,240,87" /><INIT seed="1,0,0,5,2,21" ten="173,250,250,327" oya="1" hai0="83,90,103,24,37,79,54,64,60,47,95,113,135" hai1="61,85,93,65,89,128,115,96,23,14,16,17,2" hai2="101,75,100,125,76,20,107,102,8,15,82,73,134" hai3="5,105,42,94,13,72,0,84,7,35,86,31,50"/><U67/><E115/><V39/><F134/><W27/><G105/><T91/><D113/><U52/><E2/><V80/><F39/><W36/><G72/><T120/><D135/><U66/><E128/><V68/><F68/><W110/><G110/><T53/><D120/><U44/><E17/><V78/><F20/><W30/><G36/><T108/><D108/><U22/><E22/><V1/><F1/><W131/><G0/><T63/><D103/><U45/><E85/><V81/><F125/><W123/><G123/><T124/><D124/><U106/><E106/><V40/><F40/><W28/><G131/><T10/><D10/><U126/><E126/><V43/><F43/><W98/><G31/><T11/><D11/><U116/><E116/><V32/><F32/><W49/><G30/><T92/><D47/><U74/><E74/><V118/><F118/><W114/><G114/><T4/><D79/><U97/><E97/><V70/><F70/><W133/><G133/><T71/><D83/><U26/><E14/><V119/><F119/><W19/><G7/><T9/><D9/><U122/><E122/><V38/><F38/><W121/><G5/><T117/><D37/><U132/><E132/><V77/><REACH who="2" step="1"/><F107/><REACH who="2" ten="173,250,240,327" step="2"/><W109/><G121/><T87/><D71/><U25/><E25/><V3/><F3/><W104/><G104/><T62/><D117/><U55/><E55/><N who="0" m="21001" /><D64/><U88/><E89/><V12/><F12/><W111/><G109/><T46/><D24/><U41/><E41/><V112/><F112/><W57/><G42/><T56/><D4/><AGARI ba="0,1" hai="4,8,15,73,75,76,77,78,80,81,82,100,101,102" machi="4" ten="50,6400,0" yaku="1,1,29,2,53,0" doraHai="21" doraHaiUra="59" who="2" fromWho="0" sc="173,-64,250,0,240,74,327,0" /><INIT seed="2,0,0,2,4,105" ten="109,250,314,327" oya="2" hai0="46,36,61,74,89,67,96,117,63,62,91,129,43" hai1="40,125,77,7,132,81,28,21,37,118,47,71,58" hai2="24,68,83,113,78,44,127,108,126,76,121,110,86" hai3="123,32,25,57,53,102,1,109,90,116,75,133,38"/><V35/><F113/><W22/><G116/><T30/><D74/><U5/><E118/><V55/><F121/><W64/><G123/><T100/><D117/><U72/><E125/><N who="2" m="47627" /><F68/><W6/><G38/><T104/><D129/><U2/><E71/><V27/><F35/><W94/><G32/><T23/><REACH who="0" step="1"/><D67/><REACH who="0" ten="99,250,314,327" step="2"/><U45/><E132/><V31/><F78/><W8/><G75/><T69/><D69/><U15/><E58/><V85/><F85/><W115/><G64/><T34/><D34/><U101/><E47/><V80/><F44/><W124/><G124/><T82/><D82/><U130/><E130/><V112/><F83/><W134/><G115/><T50/><D50/><U119/><E119/><V131/><F112/><W29/><G109/><N who="2" m="42089" /><F131/><W99/><G133/><T93/><D93/><U51/><E81/><V33/><F27/><AGARI ba="0,1" hai="23,27,30,36,43,46,61,62,63,89,91,96,100,104" machi="27" ten="40,1300,0" yaku="1,1,53,0" doraHai="105" doraHaiUra="9" who="0" fromWho="2" sc="99,23,250,0,314,-13,327,0" /><INIT seed="3,0,0,5,5,135" ten="122,250,301,327" oya="3" hai0="53,30,87,38,75,64,23,22,116,127,19,128,67" hai1="89,25,110,5,21,2,60,108,51,102,133,14,4" hai2="15,43,119,78,3,18,45,111,83,52,0,6,59" hai3="117,39,68,57,40,115,41,42,8,28,132,126,85"/><W54/><G117/><T37/><D116/><U86/><E133/><V129/><F119/><W76/><G132/><T114/><D75/><U13/><E102/><V134/><F134/><W49/><G115/><T56/><D87/><U36/><E36/><V122/><F122/><W55/><G28/><T70/><D70/><U69/><E2/><V130/><F111/><N who="1" m="42537" /><E51/><V107/><F107/><W100/><G100/><T71/><D71/><U81/><E60/><V65/><F65/><W105/><G105/><T24/><D128/><U58/><E58/><V27/><F27/><W72/><G72/><T82/><D114/><U124/><E69/><V121/><F6/><N who="1" m="2665" /><E124/><V77/><F121/><W44/><G68/><T62/><D38/><U84/><E86/><V113/><F113/><W46/><G126/><T11/><D37/><U48/><E48/><N who="2" m="26687" /><F3/><W66/><G66/><T17/><D127/><U131/><E131/><V61/><F0/><W99/><G99/><T32/><D67/><U79/><E79/><V103/><F103/><W26/><G76/><N who="2" m="29289" /><F130/><W35/><G85/><T12/><D64/><U94/><E94/><V7/><F7/><W92/><G92/><T1/><D1/><U88/><E89/><V109/><F129/><W50/><G8/><T31/><D11/><U96/><E96/><V98/><F98/><W29/><AGARI ba="0,0" hai="26,29,35,39,40,41,42,44,46,49,50,54,55,57" machi="29" ten="30,1500,0" yaku="0,1" doraHai="135" who="3" fromWho="3" sc="122,-5,250,-5,301,-5,327,15" /><INIT seed="3,1,0,3,5,67" ten="117,245,296,342" oya="3" hai0="76,19,131,33,61,64,42,77,2,112,134,26,129" hai1="56,79,106,28,38,8,80,119,23,96,22,123,81" hai2="66,11,115,91,99,103,43,44,128,63,14,51,95" hai3="93,6,121,50,36,75,58,102,18,94,21,78,30"/><W40/><G121/><T116/><D116/><U89/><E123/><V130/><F115/><W90/><G36/><T20/><D2/><U92/><E38/><V135/><F135/><W127/><G6/><T25/><D42/><U49/><E106/><V52/><F43/><W46/><G127/><T5/><D5/><U107/><E107/><V7/><REACH who="2" step="1"/><F103/><REACH who="2" ten="117,245,286,342" step="2"/><W12/><G102/><T105/><D134/><U82/><E119/><V48/><F48/><W101/><G101/><T57/><D112/><U16/><E49/><V113/><F113/><W9/><G50/><T45/><D105/><U1/><E79/><V84/><F84/><W0/><G78/><T122/><D122/><U70/><E96/><V60/><F60/><W98/><G40/><T83/><D76/><U133/><E133/><V132/><F132/><W69/><G98/><T29/><REACH who="0" step="1"/><D45/><REACH who="0" ten="107,245,286,342" step="2"/><U68/><E1/><V39/><F39/><W31/><G46/><T125/><D125/><U88/><E89/><V104/><F104/><W86/><G0/><T35/><D35/><U114/><E88/><V110/><F110/><W13/><G90/><T24/><D24/><U41/><E114/><V71/><AGARI ba="1,2" hai="7,11,14,44,51,52,63,66,71,91,95,99,128,130" machi="71" ten="30,8000,1" yaku="1,1,0,1,52,1,54,1,53,1" doraHai="67" doraHaiUra="85" who="2" fromWho="2" sc="107,-21,245,-21,286,103,342,-41" /><INIT seed="4,0,0,0,1,2" ten="86,224,389,301" oya="0" hai0="3,135,32,22,121,114,23,111,65,100,86,107,18" hai1="119,34,88,26,27,37,33,20,45,129,8,105,91" hai2="78,83,43,40,93,67,21,109,125,7,9,68,97" hai3="124,70,103,123,120,49,56,122,5,13,41,53,10"/><T19/><D121/><U57/><E119/><V16/><F109/><W12/><G124/><T94/><D32/><U115/><E105/><V44/><F125/><W98/><G70/><T108/><D3/><U96/><E129/><V61/><F9/><W15/><REACH who="3" step="1"/><G41/><REACH who="3" ten="86,224,389,291" step="2"/><T17/><D114/><U126/><E115/><V81/><F43/><W95/><AGARI ba="0,1" hai="5,10,12,13,15,49,53,56,95,98,103,120,122,123" machi="95" ten="30,16000,3" yaku="1,1,2,1,0,1,13,1,52,1,53,3" doraHai="2" doraHaiUra="116" who="3" fromWho="3" sc="86,-80,224,-40,389,-40,291,170" /><INIT seed="5,0,0,1,5,88" ten="6,184,349,461" oya="1" hai0="74,115,133,80,107,5,114,67,82,108,131,134,12" hai1="23,40,45,73,28,60,72,26,97,129,132,43,84" hai2="69,31,32,64,128,119,117,85,92,70,102,30,47" hai3="71,130,56,3,42,38,87,36,81,77,20,121,2"/><U86/><E129/><V120/><F120/><W123/><G71/><T106/><D67/><U96/><E132/><N who="0" m="50793" /><D5/><U122/><E122/><V65/><F85/><W61/><G130/><T105/><D12/><U100/><E97/><V124/><F102/><W116/><G116/><T95/><D131/><U59/><E73/><V54/><F128/><W57/><G20/><T19/><D19/><U76/><E72/><V16/><F124/><W13/><G13/><T98/><D108/><U39/><E76/><V109/><F54/><W29/><G29/><T101/><D74/><U21/><E43/><V58/><F109/><W104/><G61/><T91/><D91/><U18/><E23/><V127/><F32/><W93/><G42/><T79/><D79/><U89/><E89/><V62/><F62/><W14/><G14/><T24/><D24/><U112/><E18/><V22/><F16/><W66/><G66/><T4/><D4/><U48/><E39/><V78/><F78/><W15/><G15/><T7/><D7/><U25/><E25/><V55/><F22/><W50/><G77/><T8/><D8/><U110/><E110/><V37/><F65/><W90/><G90/><T11/><D11/><U125/><E60/><V0/><F31/><W113/><G38/><T51/><D51/><U27/><E48/><V46/><F30/><W1/><G50/><T17/><D17/><U9/><E27/><V35/><F37/><W33/><G36/><T49/><D49/><U63/><E26/><V10/><F64/><W94/><G123/><T135/><N who="0" m="50801" /><T53/><DORA hai="41" /><D53/><RYUUKYOKU ba="0,0" sc="6,30,184,-10,349,-10,461,-10" hai0="80,82,95,98,101,105,106,107,114,115" /><INIT seed="6,1,0,3,5,29" ten="36,174,339,451" oya="2" hai0="58,108,118,113,10,56,80,107,33,17,22,101,97" hai1="121,76,67,127,119,109,59,61,102,64,90,123,120" hai2="69,87,84,134,89,86,9,19,24,125,66,20,95" hai3="34,12,54,47,6,115,68,45,81,88,7,0,30"/><V105/><F125/><W131/><G68/><T133/><D108/><U73/><E109/><V130/><F134/><W129/><G0/><T26/><D133/><U124/><E102/><V28/><F130/><W65/><G65/><T42/><D113/><U82/><E119/><V77/><F105/><W91/><G115/><T3/><D118/><U27/><E67/><V106/><F106/><W128/><G12/><T100/><D100/><U2/><E2/><V51/><F77/><W1/><G1/><T21/><D21/><U31/><E90/><N who="3" m="34346" /><G81/><T132/><D132/><U39/><E39/><V126/><F126/><W60/><G60/><T114/><D114/><U116/><E116/><V44/><F66/><W48/><G47/><T50/><D80/><U4/><E4/><V57/><F69/><W98/><G98/><T94/><D107/><U13/><E13/><V111/><F111/><W32/><G30/><T99/><D99/><U83/><E83/><V93/><F93/><W8/><G8/><T16/><D33/><AGARI ba="1,0" hai="27,31,33,59,61,64,73,76,82,120,121,123,124,127" machi="33" ten="40,2600,0" yaku="13,1,52,1" doraHai="29" who="1" fromWho="0" sc="36,-29,174,29,339,0,451,0" /><AGARI ba="1,0" hai="6,7,32,33,34,45,48,54,128,129,131" m="34346" machi="33" ten="40,8000,1" yaku="19,1,52,3,54,1" doraHai="29" who="3" fromWho="0" sc="7,-80,203,0,339,0,451,80" owari="-73,-57.3,203,-19.7,339,13.9,531,63.1" /></mjloggm>