<mjloggm ver="2.3"><GO type="169" lobby="0"/><UN n0="%E3%83%8F%E3%82%BB%E3%81%B9" n1="%E5%A4%A9%E6%89%8D%E9%BA%BB%E5%B0%86%E6%99%BA%E4%B9%83" n2="%43%72%37" n3="%52%65%61%6C%58" dan="16,16,18,16" rate="2038.73,2166.92,2222.73,2170.10" sx="M,M,M,F"/><TAIKYOKU oya="0"/><INIT seed="0,0,0,5,0,69" ten="250,250,250,250" oya="0" hai0="12,44,45,68,83,65,132,13,38,4,46,92,102" hai1="94,50,11,80,117,70,110,126,53,88,78,114,63" hai2="77,67,9,134,52,79,97,23,14,19,55,61,109" hai3="22,85,60,33,90,112,113,100,111,36,99,118,58"/><T26/><D132/><U130/><E117/><V119/><F134/><W106/><G118/><T27/><D83/><U93/><E110/><V76/><F109/><W6/><G111/><T101/><D68/><U107/><E107/><V57/><F119/><W120/><G120/><T71/><D92/><U0/><E130/><V64/><F97/><W84/><G33/><T25/><D71/><U51/><E126/><V125/><F125/><W74/><G74/><T135/><D65/><U41/><E94/><V127/><F127/><W91/><G36/><T98/><D98/><U32/><E32/><V87/><F87/><W122/><G122/><T8/><D135/><U131/><E131/><V116/><F116/><W121/><G121/><T62/><D62/><U17/><E114/><V42/><F42/><W30/><G6/><T108/><D108/><U49/><E41/><V28/><REACH who="2" step="1"/><F67/><REACH who="2" ten="250,250,240,250" step="2"/><W48/><G85/><T75/><D75/><U56/><E70/><V73/><F73/><W24/><G84/><T72/><D72/><U47/><E80/><V7/><F7/><W124/><G124/><T96/><D96/><U39/><E78/><V2/><F2/><W31/><G113/><T35/><D35/><U5/><E0/><V54/><F54/><W66/><G112/><T81/><D81/><U15/><E5/><V1/><F1/><W43/><G91/><T34/><D34/><U20/><E53/><V18/><F18/><N who="3" m="12375" /><G90/><T115/><D115/><U37/><E88/><V86/><F86/><W128/><G128/><T16/><D38/><U123/><E39/><V104/><F104/><RYUUKYOKU ba="0,1" sc="250,10,250,-30,240,10,250,10" hai0="4,8,12,13,16,25,26,27,44,45,46,101,102" hai2="9,14,19,23,28,52,55,57,61,64,76,77,79" hai3="30,31,43,48,58,60,66,99,100,106" /><INIT seed="0,1,1,2,3,112" ten="260,220,250,260" oya="0" hai0="74,111,42,43,91,16,77,55,19,47,72,26,13" hai1="109,60,63,124,46,98,71,123,20,97,127,15,21" hai2="30,32,81,110,69,95,52,117,128,88,106,4,0" hai3="5,8,58,29,24,132,9,133,27,92,134,119,14"/><T22/><D111/><U48/><E123/><V53/><F106/><W83/><G83/><T31/><D77/><U90/><E109/><V120/><F69/><W45/><G45/><T37/><D43/><U34/><E34/><V113/><F113/><W100/><G58/><T85/><D55/><U102/><E90/><V121/><F110/><W6/><G92/><T49/><D37/><U104/><E98/><V25/><F81/><W64/><G64/><T108/><D108/><U89/><E89/><V65/><F65/><W82/><G82/><T125/><D19/><N who="1" m="10367" /><E21/><V36/><F36/><W50/><G50/><T33/><D125/><N who="1" m="48203" /><E71/><V129/><F0/><N who="3" m="39" /><G100/><T61/><D61/><U103/><E103/><V130/><F4/><W126/><G126/><T87/><D87/><U122/><E122/><N who="2" m="47211" /><F117/><W44/><G119/><T2/><D2/><U56/><E56/><V68/><F68/><W84/><G84/><AGARI ba="1,1" hai="25,30,32,52,53,84,88,95,128,129,130" m="47211" machi="84" ten="40,5200,0" yaku="19,1,54,2" doraHai="112" who="2" fromWho="3" sc="260,0,220,0,250,65,260,-55" /><INIT seed="1,0,0,1,1,106" ten="260,220,315,205" oya="1" hai0="134,48,101,92,32,54,41,66,3,122,57,97,118" hai1="21,112,116,86,79,42,37,82,0,114,5,109,80" hai2="74,14,71,46,117,52,103,84,75,123,11,29,121" hai3="100,94,108,47,104,68,131,63,25,69,56,13,132"/><U81/><E116/><V19/><F117/><W62/><G108/><T124/><D3/><U36/><E109/><V73/><F71/><W89/><G131/><T88/><D32/><U24/><E5/><V96/><F29/><W44/><G132/><T26/><D124/><U113/><E0/><V50/><REACH who="2" step="1"/><F84/><REACH who="2" ten="260,220,305,205" step="2"/><W93/><G69/><T10/><D118/><U1/><E113/><V119/><F119/><W20/><G68/><T111/><D111/><U59/><E112/><V65/><F65/><W6/><G104/><AGARI ba="0,1" hai="11,14,19,46,50,52,73,74,75,96,103,104,121,123" machi="104" ten="40,8000,1" yaku="1,1,52,3,54,1,53,0" doraHai="106" doraHaiUra="60" who="2" fromWho="3" sc="260,0,220,0,305,90,205,-80" /><INIT seed="2,0,0,1,5,75" ten="260,220,395,125" oya="2" hai0="22,115,102,44,67,114,51,112,25,119,40,110,125" hai1="73,109,34,113,98,123,29,54,128,14,9,79,57" hai2="60,43,62,108,2,132,104,52,72,122,17,48,101" hai3="66,71,16,82,105,124,21,65,120,18,45,47,26"/><V30/><F122/><W53/><G120/><T46/><D119/><U50/><E113/><V111/><F2/><W23/><G105/><T13/><D110/><N who="2" m="42026" /><F43/><W118/><G118/><T93/><D67/><N who="3" m="25609" /><G124/><T94/><D125/><U0/><E109/><V49/><F48/><W55/><G82/><T100/><D13/><U59/><E0/><V4/><F4/><W133/><G133/><T81/><D46/><N who="3" m="17417" /><G71/><T87/><D100/><U130/><E123/><V33/><F72/><W117/><G117/><T97/><D94/><U10/><E59/><N who="2" m="33167" /><F17/><N who="3" m="6763" /><G26/><T24/><REACH who="0" step="1"/><D22/><AGARI ba="0,0" hai="21,22,23,53,55" m="6763,17417,25609" machi="22" ten="30,7700,0" yaku="28,2,8,1,54,1" doraHai="75" who="3" fromWho="0" sc="260,-77,220,0,395,0,125,77" /><INIT seed="3,0,0,1,4,89" ten="183,220,395,202" oya="3" hai0="39,3,98,37,24,15,130,55,48,95,113,28,49" hai1="13,123,134,67,0,6,73,74,118,93,70,26,111" hai2="54,104,108,99,17,78,2,103,91,82,12,16,46" hai3="5,29,71,119,43,57,131,8,106,120,101,77,61"/><W117/><G120/><T100/><D113/><U23/><E0/><V128/><F108/><W115/><G115/><T133/><D133/><U21/><E123/><V63/><F2/><W87/><G131/><T126/><D130/><U34/><E111/><V10/><F128/><W18/><G71/><T31/><D3/><U66/><E134/><V69/><F91/><W52/><G29/><T53/><D126/><U96/><E34/><V33/><F33/><W14/><G43/><T127/><D15/><U116/><E13/><V75/><F46/><W59/><G59/><T22/><D31/><U68/><E6/><V112/><F112/><W86/><G77/><T35/><D35/><U97/><E26/><V42/><F42/><W64/><G101/><T62/><D62/><U92/><AGARI ba="0,0" hai="21,23,66,67,68,70,73,74,92,93,96,97,116,118" machi="92" ten="25,8000,1" yaku="0,1,22,2,52,2" doraHai="89" who="1" fromWho="1" sc="183,-20,220,80,395,-20,202,-40" /><INIT seed="4,0,0,2,3,76" ten="163,300,375,162" oya="0" hai0="31,125,1,120,22,102,94,132,117,40,52,106,131" hai1="83,41,79,126,89,21,124,28,36,86,90,34,122" hai2="87,39,42,98,48,61,54,84,24,72,134,17,92" hai3="112,43,46,27,5,73,65,32,2,105,7,14,44"/><T56/><D1/><U58/><E122/><V66/><F72/><W78/><G112/><T49/><D120/><U104/><E104/><V12/><F39/><W127/><G127/><N who="1" m="48682" /><E34/><V26/><F42/><W123/><G123/><T13/><D125/><U113/><E113/><V10/><F134/><W8/><G105/><T11/><D132/><U85/><E58/><V133/><F133/><W74/><G65/><T71/><D71/><U38/><E41/><V96/><F96/><W0/><G14/><T95/><D117/><U111/><E111/><V29/><F61/><W118/><G74/><T37/><D131/><U16/><E28/><V3/><F3/><W115/><G115/><T116/><D116/><U33/><E79/><V68/><F66/><W64/><G64/><T6/><D22/><U55/><E55/><V109/><F109/><W51/><G46/><T129/><D31/><U81/><E33/><V93/><F93/><W80/><G118/><T50/><D37/><U23/><E23/><N who="2" m="15519" /><F26/><AGARI ba="0,0" hai="16,21,26,36,38,81,83,85,86,89,90" m="48682" machi="26" ten="30,7700,0" yaku="18,1,52,2,54,1" doraHai="76" who="1" fromWho="2" sc="163,0,300,77,375,-77,162,0" /><INIT seed="5,0,0,0,5,2" ten="163,377,298,162" oya="1" hai0="38,121,5,107,57,113,52,69,35,111,133,73,10" hai1="76,75,84,34,105,6,60,68,132,81,24,87,36" hai2="50,16,32,42,95,62,28,49,15,134,37,118,128" hai3="31,98,4,70,51,29,13,27,9,103,129,53,135"/><U93/><E36/><V86/><F118/><W19/><G129/><T0/><D52/><U89/><E105/><V122/><F122/><W65/><G135/><T116/><D5/><U66/><E132/><V94/><F134/><W56/><G70/><T117/><D57/><U1/><E34/><V44/><F128/><W30/><G65/><T23/><D23/><U79/><E79/><V80/><F62/><W88/><G103/><T101/><D10/><U58/><E24/><V82/><F82/><W123/><G123/><T14/><D14/><U130/><E130/><V126/><F126/><W41/><G41/><T20/><D20/><U46/><E46/><V22/><F32/><W131/><G131/><T110/><D101/><U64/><E64/><V106/><F28/><W48/><G48/><T55/><D55/><U12/><E1/><V40/><F106/><W102/><G102/><T108/><D108/><U97/><E68/><V25/><F25/><W74/><G74/><T114/><D111/><U90/><E90/><V124/><F124/><W72/><G72/><T112/><D116/><U47/><E47/><N who="2" m="25831" /><F37/><W11/><G27/><T71/><D114/><U78/><E78/><AGARI ba="0,0" hai="15,16,22,42,44,50,78,80,86,94,95" m="25831" machi="78" ten="30,2000,0" yaku="8,1,54,1" doraHai="2" who="2" fromWho="1" sc="163,0,377,-20,298,20,162,0" /><INIT seed="6,0,0,1,2,92" ten="163,357,318,162" oya="2" hai0="54,37,46,113,72,112,5,50,49,96,4,74,127" hai1="19,32,97,24,110,130,111,108,57,0,89,79,39" hai2="1,13,71,121,90,126,41,48,34,43,23,20,84" hai3="82,52,64,60,69,100,10,93,16,88,118,2,95"/><V109/><F121/><W22/><G118/><T105/><D127/><U14/><E39/><V7/><F34/><W85/><G100/><T122/><D122/><U83/><E0/><V77/><F71/><W91/><G2/><T29/><D29/><U73/><E130/><V66/><F1/><W115/><G115/><N who="0" m="44107" /><D50/><U120/><E120/><V104/><F104/><W40/><G40/><N who="2" m="15433" /><F66/><W132/><G132/><T27/><D27/><U12/><E57/><V114/><F114/><W61/><G10/><T62/><D62/><U86/><E32/><V38/><F38/><W58/><G91/><T53/><D53/><U59/><E59/><V134/><F77/><W94/><G82/><T15/><D15/><AGARI ba="0,0" hai="15,16,22,52,58,60,61,64,69,85,88,93,94,95" machi="15" ten="30,7700,0" yaku="7,1,54,3" doraHai="92" who="3" fromWho="0" sc="163,-77,357,0,318,0,162,77" /><INIT seed="7,0,0,1,3,72" ten="86,357,318,239" oya="3" hai0="124,113,98,90,57,128,103,111,51,27,62,43,123" hai1="41,8,69,52,53,65,106,15,30,33,31,67,47" hai2="120,131,121,129,11,96,58,83,130,97,63,89,13" hai3="22,86,84,20,19,92,46,21,119,28,95,25,116"/><W117/><G46/><T44/><D123/><N who="2" m="47178" /><F89/><W66/><G66/><N who="1" m="25098" /><E106/><V26/><F26/><W14/><REACH who="3" step="1"/><G21/><REACH who="3" ten="86,357,318,229" step="2"/><T70/><D111/><U18/><E69/><V61/><F83/><W7/><G7/><T81/><D70/><U50/><E33/><V85/><F85/><AGARI ba="0,1" hai="14,19,20,22,25,28,84,85,86,92,95,116,117,119" machi="85" ten="40,12000,1" yaku="1,1,53,3" doraHai="72" doraHaiUra="82" who="3" fromWho="2" sc="86,0,357,0,318,-120,229,130" owari="86,-41.4,357,15.7,198,-20.2,359,45.9" /></mjloggm>