<mjloggm ver="2.3"><GO type="169" lobby="0"/><UN n0="%E3%81%B8%E3%81%9D%E3%81%AA%E3%82%81%E3%81%9F%E3%81%84" n1="%E6%9C%AC%E5%AE%B6%E3%81%8B%E3%81%BE%E3%81%A9%E3%82%84" n2="%E3%83%97%E3%83%AC%E3%82%B9%E3%83%97" n3="%E5%8F%97%E3%81%91%E5%85%A5%E3%82%8C%E9%87%8D%E8%A6%96" dan="16,16,16,16" rate="2153.91,2120.63,2187.14,2166.72" sx="M,M,M,M"/><TAIKYOKU oya="0"/><INIT seed="0,0,0,1,3,85" ten="250,250,250,250" oya="0" hai0="74,25,84,111,82,35,12,20,121,94,16,117,64" hai1="48,39,21,32,104,134,133,40,2,105,77,70,98" hai2="114,61,1,54,110,5,36,19,52,130,22,49,24" hai3="58,75,125,4,46,69,59,47,10,129,43,11,119"/><T6/><D117/><U102/><E39/><V93/><F114/><W55/><G69/><T124/><D121/><U14/><E2/><V115/><F115/><W31/><G119/><T92/><D74/><U38/><E38/><V86/><F36/><W57/><G75/><T116/><D116/><U65/><E32/><V109/><F130/><W135/><G129/><T8/><D124/><U42/><E77/><V123/><F123/><W23/><G125/><T0/><D64/><U107/><E65/><V81/><F93/><W9/><G135/><N who="1" m="51722" /><E70/><V90/><F61/><W33/><G33/><T83/><D83/><U87/><E87/><V88/><F90/><W73/><G73/><T108/><D92/><N who="1" m="58695" /><E48/><V132/><F132/><W26/><G55/><T122/><D94/><U96/><E96/><V27/><F27/><W63/><G63/><T18/><D122/><U60/><E60/><V51/><F51/><N who="3" m="27103" /><G47/><T79/><REACH who="0" step="1"/><D35/><REACH who="0" ten="240,250,250,250" step="2"/><U29/><E107/><V13/><F1/><W112/><G112/><T7/><D7/><AGARI ba="0,1" hai="4,7,9,10,11,23,26,31,57,58,59" m="27103" machi="7" ten="30,1000,0" yaku="8,1" doraHai="85" who="3" fromWho="0" sc="240,-10,250,0,250,0,250,20" /><INIT seed="1,0,0,1,5,82" ten="230,250,250,270" oya="1" hai0="14,91,17,27,118,124,7,47,12,112,71,74,85" hai1="31,1,123,5,30,89,103,120,106,29,108,100,0" hai2="18,39,109,61,92,4,66,107,53,13,132,9,32" hai3="50,135,131,48,110,95,133,11,45,115,44,83,134"/><U87/><E108/><V59/><F107/><W75/><G115/><T25/><D74/><U122/><E5/><V42/><F109/><W41/><G110/><T3/><D71/><U128/><E128/><V127/><F127/><W8/><G131/><T119/><D124/><U60/><E60/><V58/><F132/><W15/><G95/><T55/><D112/><U88/><E106/><V70/><F32/><W90/><G15/><T97/><D97/><U28/><N who="1" m="7168" /><DORA hai="52" /><U125/><E125/><V93/><F70/><W81/><G83/><T51/><D3/><U78/><E78/><V56/><F39/><W77/><REACH who="3" step="1"/><G90/><REACH who="3" ten="230,250,250,260" step="2"/><T101/><D119/><U21/><E89/><V98/><F92/><W114/><G114/><T36/><D118/><U19/><E1/><V62/><F42/><AGARI ba="0,1" hai="8,11,41,42,44,45,48,50,75,77,81,133,134,135" machi="42" ten="40,5200,0" yaku="1,1,9,1,20,1,53,0" doraHai="82,52" doraHaiUra="116,35" who="3" fromWho="2" sc="230,0,250,0,250,-52,260,62" /><INIT seed="2,0,0,3,2,24" ten="230,250,198,322" oya="2" hai0="110,20,91,32,133,122,71,55,128,0,64,134,8" hai1="51,92,73,105,23,17,98,37,58,6,135,97,53" hai2="39,94,125,22,126,16,14,81,65,107,59,31,106" hai3="50,109,78,42,49,76,82,101,57,85,104,118,131"/><V35/><F39/><W90/><G118/><T115/><D91/><U89/><E73/><V99/><F81/><W47/><G109/><T80/><D80/><U119/><E119/><V66/><F106/><W87/><G131/><T93/><D93/><U84/><E135/><V95/><F107/><W41/><G104/><T67/><D55/><U121/><E37/><V102/><F94/><W3/><G3/><T100/><D100/><U77/><E121/><V48/><F48/><W11/><G101/><T113/><D20/><U75/><E6/><V68/><F59/><W34/><G34/><T63/><D110/><U36/><E36/><V108/><F108/><W13/><G87/><T111/><D111/><U56/><E56/><V10/><F35/><W124/><G124/><N who="2" m="47721" /><F68/><W5/><REACH who="3" step="1"/><G57/><REACH who="3" ten="230,250,198,312" step="2"/><T27/><D128/><U1/><E1/><V120/><F120/><W40/><G40/><T33/><D33/><U62/><E105/><V46/><F46/><AGARI ba="0,1" hai="5,11,13,41,42,46,47,49,50,76,78,82,85,90" machi="46" ten="40,5200,0" yaku="1,1,9,1,8,1,53,0" doraHai="24" doraHaiUra="112" who="3" fromWho="2" sc="230,0,250,0,198,-52,312,62" /><INIT seed="3,0,0,2,4,78" ten="230,250,146,374" oya="3" hai0="28,72,56,12,17,42,87,121,18,107,9,69,4" hai1="104,101,100,22,35,109,119,123,80,30,97,41,15" hai2="98,21,38,74,75,33,43,55,133,134,81,84,99" hai3="68,14,54,131,83,11,95,91,93,76,52,8,77"/><W46/><G68/><T117/><D72/><U65/><E123/><V71/><F33/><W29/><G131/><T66/><D117/><U40/><E109/><V24/><F71/><W39/><G29/><T86/><D69/><U6/><E35/><V110/><F110/><W108/><G108/><T64/><D107/><U1/><E1/><V113/><F113/><W96/><G8/><T88/><D121/><U85/><E101/><V25/><F55/><W59/><G95/><T128/><D128/><U103/><E103/><V27/><F21/><W82/><G39/><T31/><D42/><U58/><E6/><V26/><N who="2" m="6144" /><DORA hai="112" /><V60/><F60/><W118/><G118/><T57/><D4/><U48/><E30/><V114/><F114/><W115/><G115/><T127/><D9/><U36/><E36/><V130/><F130/><W51/><G76/><T44/><D44/><U79/><E119/><V37/><F37/><W94/><G94/><T53/><D53/><U126/><E126/><V63/><F63/><N who="3" m="36327" /><G77/><T0/><D0/><U23/><E65/><V3/><F3/><W106/><G106/><T32/><D32/><U62/><E62/><V50/><F38/><W116/><G116/><T111/><D111/><U129/><E129/><V122/><F122/><W5/><AGARI ba="0,0" hai="5,11,14,46,51,54,82,83,91,93,96" m="36327" machi="5" ten="30,11700,0" yaku="8,1,52,2,54,1" doraHai="78,112" who="3" fromWho="3" sc="230,-39,250,-39,146,-39,374,117" /><INIT seed="3,1,0,4,3,16" ten="191,211,107,491" oya="3" hai0="77,57,59,66,92,10,88,80,9,51,81,35,125" hai1="46,99,2,42,7,126,25,23,112,74,75,14,58" hai2="118,105,43,63,93,56,18,122,49,44,26,102,85" hai3="82,61,134,131,54,110,27,123,114,90,13,94,1"/><W40/><G1/><T119/><D119/><U72/><E112/><V22/><F118/><W5/><G114/><T48/><D35/><U31/><E126/><V50/><F122/><W111/><G123/><T116/><D116/><U89/><E2/><V87/><F105/><W124/><G124/><T20/><D125/><U70/><E70/><V100/><F50/><W127/><G127/><T52/><D20/><U78/><E78/><V121/><F121/><W64/><G131/><T17/><D17/><U135/><E135/><V107/><F107/><W68/><G134/><T38/><D38/><U41/><E58/><V79/><F79/><W84/><G40/><T53/><D66/><U120/><E120/><V12/><F12/><W117/><G117/><T130/><D130/><U65/><E65/><V98/><REACH who="2" step="1"/><F102/><REACH who="2" ten="191,211,97,491" step="2"/><W96/><G13/><T6/><D77/><U24/><E14/><V29/><F29/><W62/><G110/><T132/><D132/><U0/><E0/><V45/><F45/><W33/><G111/><T133/><D133/><U34/><E46/><V67/><AGARI ba="1,1" hai="18,22,26,43,44,49,56,63,67,85,87,93,98,100" machi="67" ten="20,12000,2" yaku="1,1,0,1,7,1,8,1,52,1,53,1" doraHai="16" doraHaiUra="55" who="2" fromWho="2" sc="191,-31,211,-31,97,133,491,-61" /><INIT seed="4,0,0,2,5,134" ten="160,180,230,430" oya="0" hai0="63,88,127,46,117,50,95,10,54,110,4,28,131" hai1="21,105,123,26,47,61,11,121,36,32,126,65,120" hai2="125,55,87,31,25,66,15,16,9,53,98,38,89" hai3="7,109,14,100,40,103,84,81,91,82,37,0,33"/><T93/><D117/><U23/><E105/><V41/><F125/><W115/><G109/><T35/><D110/><U42/><E32/><V60/><F98/><W101/><G0/><T51/><D131/><U20/><E11/><V99/><F99/><W135/><G33/><T114/><D114/><U90/><E90/><V77/><F77/><W39/><G135/><T56/><D127/><U106/><E106/><V97/><F97/><W72/><G115/><T94/><D28/><U52/><E52/><V79/><F79/><W74/><G81/><T104/><D35/><U64/><E64/><V58/><F41/><W132/><G132/><T108/><D104/><U119/><E119/><V76/><F38/><W62/><G62/><T96/><D51/><U57/><REACH who="1" step="1"/><E126/><REACH who="1" ten="160,170,230,430" step="2"/><V80/><F89/><W130/><G91/><T69/><D108/><U1/><E1/><V129/><F129/><W34/><G34/><AGARI ba="0,1" hai="9,15,16,25,31,34,53,55,58,60,66,76,80,87" machi="34" ten="30,2000,0" yaku="7,1,54,1" doraHai="134" who="2" fromWho="3" sc="160,0,170,0,230,30,430,-20" /><INIT seed="5,0,0,2,5,80" ten="160,170,260,410" oya="1" hai0="120,32,55,98,7,46,39,91,109,8,106,48,100" hai1="110,128,36,119,97,66,93,88,49,23,85,63,99" hai2="75,44,15,26,22,14,118,50,124,54,101,114,95" hai3="12,126,28,79,102,33,62,105,24,10,77,68,42"/><U83/><E119/><V127/><F118/><W86/><G42/><T52/><D109/><U19/><E128/><V72/><F114/><W13/><G126/><N who="2" m="48169" /><F15/><W27/><G24/><T129/><D129/><U38/><E110/><V64/><F14/><W107/><G12/><T108/><D108/><U25/><E49/><V134/><F64/><N who="3" m="40983" /><G86/><T92/><D32/><U5/><E5/><V16/><F134/><W90/><G90/><T40/><D120/><U37/><REACH who="1" step="1"/><E83/><REACH who="1" ten="160,160,260,410" step="2"/><V29/><F29/><W116/><G116/><T45/><D7/><U41/><E41/><V130/><F130/><W31/><G31/><T2/><D2/><U65/><E65/><V112/><F112/><W84/><G28/><T21/><D8/><U89/><E89/><V74/><F50/><W56/><G10/><T67/><D67/><U78/><E78/><V135/><F135/><W35/><G77/><T43/><REACH who="0" step="1"/><D21/><REACH who="0" ten="150,160,260,410" step="2"/><U121/><E121/><V87/><F22/><W47/><G33/><T113/><D113/><U94/><E94/><V0/><F95/><W1/><G35/><T61/><D61/><U104/><E104/><V69/><F0/><W30/><G1/><T9/><D9/><U81/><E81/><V103/><F69/><AGARI ba="0,2" hai="19,23,25,36,37,38,63,66,69,85,88,93,97,99" machi="69" ten="40,12000,1" yaku="1,1,52,1,54,1,53,1" doraHai="80" doraHaiUra="20" who="1" fromWho="2" sc="150,0,160,140,260,-120,410,0" /><INIT seed="5,1,0,2,2,81" ten="150,300,140,410" oya="1" hai0="37,121,125,35,57,123,31,44,75,101,124,52,15" hai1="108,3,8,106,13,5,65,71,38,105,2,104,60" hai2="76,110,69,48,120,127,87,79,56,128,73,61,43" hai3="96,85,135,112,90,59,119,39,91,78,66,18,33"/><U40/><REACH who="1" step="1"/><E108/><REACH who="1" ten="150,290,140,410" step="2"/><V82/><F110/><W77/><G119/><T6/><D123/><U1/><E1/><V0/><F0/><W50/><G112/><T126/><D121/><U134/><E134/><V12/><F120/><W41/><G135/><T92/><D126/><U102/><E102/><V53/><F127/><W28/><G77/><T49/><D125/><U122/><E122/><V62/><F76/><W63/><G78/><T29/><D124/><U68/><E68/><V98/><F69/><W22/><G91/><T118/><D118/><U131/><E131/><V103/><F128/><W84/><G90/><T100/><D101/><U14/><E14/><V94/><F12/><W70/><G70/><T132/><D132/><U130/><E130/><V64/><F73/><W88/><G88/><T47/><D75/><U30/><E30/><V21/><F64/><W7/><G28/><T16/><D31/><U113/><E113/><V42/><REACH who="2" step="1"/><F21/><REACH who="2" ten="150,290,130,410" step="2"/><W11/><G22/><T23/><D23/><U109/><E109/><V54/><F54/><W95/><G66/><T55/><D52/><U114/><E114/><V107/><F107/><W45/><G33/><T46/><D55/><U51/><E51/><V133/><F133/><W4/><G50/><T116/><D49/><U99/><E99/><V89/><F89/><W19/><G96/><T67/><D35/><U117/><E117/><V34/><F34/><W32/><G32/><T83/><D116/><U9/><E9/><V25/><F25/><W10/><G10/><T72/><D67/><U129/><E129/><V111/><F111/><RYUUKYOKU ba="1,2" sc="150,-15,290,15,130,15,410,-15" hai1="2,3,5,8,13,38,40,60,65,71,104,105,106" hai2="42,43,48,53,56,61,62,79,82,87,94,98,103" /><INIT seed="5,2,2,4,4,25" ten="135,305,145,395" oya="1" hai0="0,113,135,62,46,58,50,129,24,68,72,21,99" hai1="128,130,100,19,89,81,125,127,92,34,76,11,39" hai2="53,69,52,10,14,16,2,22,134,67,28,43,118" hai3="103,59,119,7,124,117,42,88,102,23,35,66,77"/><U112/><E112/><V31/><F118/><W73/><G35/><T120/><D113/><U44/><E34/><V37/><F134/><W3/><G124/><N who="1" m="47690" /><E39/><V49/><F37/><W98/><G42/><T96/><D135/><U9/><E44/><N who="2" m="25759" /><F69/><W115/><G115/><T63/><D0/><U84/><E100/><V17/><F2/><W74/><G88/><T121/><D72/><N who="1" m="43143" /><E19/><V97/><F67/><W47/><G103/><T110/><D68/><U61/><E61/><V95/><F52/><W57/><G47/><T8/><D63/><U45/><E45/><V60/><F53/><W20/><G66/><T108/><D62/><U83/><E83/><V133/><F60/><W71/><G71/><T70/><D70/><U101/><E101/><N who="2" m="60607" /><F133/><W5/><G102/><T4/><D46/><U36/><E36/><V80/><F80/><W126/><G126/><T123/><D58/><U131/><AGARI ba="2,2" hai="9,11,84,89,92,128,130,131" m="43143,47690" machi="131" ten="40,3900,0" yaku="19,1,18,1" doraHai="25" who="1" fromWho="1" sc="135,-15,305,65,145,-15,395,-15" /><INIT seed="5,3,0,4,2,134" ten="120,370,130,380" oya="1" hai0="124,104,0,94,112,30,13,9,21,3,35,61,6" hai1="123,78,89,58,86,70,10,12,95,45,15,115,5" hai2="116,101,39,52,80,108,97,43,113,24,100,2,40" hai3="50,98,20,18,14,76,105,121,73,79,135,133,33"/><U81/><E123/><V42/><F108/><W132/><G121/><T53/><D104/><U74/><E115/><V49/><F116/><W75/><G33/><T1/><D94/><U26/><E70/><V118/><F118/><W117/><G117/><T84/><D84/><U16/><E26/><V90/><F2/><W99/><G50/><T34/><D53/><U46/><REACH who="1" step="1"/><E58/><REACH who="1" ten="120,360,130,380" step="2"/><V68/><F68/><W65/><G65/><T85/><D112/><U41/><E41/><V125/><F24/><W59/><G59/><T109/><D109/><U120/><E120/><V88/><F43/><W29/><G29/><T11/><D30/><U66/><E66/><V64/><F64/><W69/><G69/><T56/><D56/><U126/><E126/><V25/><F125/><W23/><G135/><T44/><D124/><U37/><E37/><V127/><F25/><W67/><G67/><T77/><D34/><U122/><E122/><V128/><F113/><W32/><G32/><T131/><D35/><U4/><E4/><V54/><F39/><W63/><G133/><T38/><D6/><U92/><E92/><V114/><F114/><W47/><G132/><T28/><D38/><U71/><E71/><V119/><F127/><W106/><G106/><T19/><D28/><U103/><E103/><V96/><F119/><W72/><G105/><T107/><D107/><U48/><E48/><V7/><F49/><W51/><G51/><T57/><D57/><U82/><E82/><V22/><F7/><W111/><G111/><T27/><D27/><U8/><AGARI ba="3,1" hai="5,8,10,12,15,16,45,46,74,78,81,86,89,95" machi="8" ten="20,12000,1" yaku="1,1,0,1,7,1,54,1,53,1" doraHai="134" doraHaiUra="83" who="1" fromWho="1" sc="120,-43,360,139,130,-43,380,-43" /><INIT seed="5,4,0,4,3,37" ten="77,499,87,337" oya="1" hai0="85,87,97,103,21,71,20,64,7,94,46,122,98" hai1="90,89,83,123,96,49,112,117,40,52,115,86,47" hai2="34,76,29,93,30,74,113,55,39,114,104,72,116" hai3="3,68,11,61,77,22,111,110,63,50,124,107,1"/><U75/><E117/><V132/><F116/><W65/><G107/><T59/><D122/><U70/><E123/><V106/><F39/><W102/><G124/><T26/><D71/><U38/><E70/><V134/><F55/><W100/><G77/><T13/><D46/><U135/><E135/><N who="2" m="51755" /><F93/><W66/><G22/><T28/><D98/><U119/><E119/><V9/><F9/><W43/><G11/><N who="0" m="4351" /><D20/><U69/><E75/><N who="2" m="28715" /><F76/><W8/><G8/><T80/><D80/><U133/><E133/><V118/><F118/><W78/><G78/><T23/><D23/><U101/><E69/><V48/><F48/><W19/><G50/><T44/><D44/><U25/><E25/><N who="2" m="18735" /><F30/><W41/><G68/><T33/><D33/><U58/><REACH who="1" step="1"/><E90/><REACH who="1" ten="77,489,87,337" step="2"/><V129/><F129/><W126/><G126/><T62/><AGARI ba="4,1" hai="21,26,28,59,62,64,85,87,94,97,103" m="4351" machi="62" ten="30,2000,0" yaku="25,1,8,1" doraHai="37" who="0" fromWho="0" sc="77,42,489,-14,87,-9,337,-9" /><INIT seed="6,0,0,0,5,2" ten="119,475,78,328" oya="2" hai0="66,23,87,16,127,28,106,46,132,64,133,13,55" hai1="120,1,8,47,44,125,32,54,53,108,114,94,43" hai2="104,61,92,112,128,68,85,134,17,88,103,124,83" hai3="57,25,56,72,118,77,96,49,26,60,59,76,9"/><V119/><F119/><W97/><G118/><T135/><D106/><U39/><E108/><V65/><F112/><W3/><G60/><T51/><D127/><U52/><E32/><V27/><F124/><W5/><G49/><T34/><D34/><U89/><E114/><V0/><F104/><W35/><G25/><T100/><D100/><U20/><E120/><V115/><F115/><W42/><G42/><T81/><REACH who="0" step="1"/><D28/><REACH who="0" ten="109,475,78,328" step="2"/><U6/><E125/><V98/><F128/><W86/><G35/><T37/><D37/><U62/><E20/><V69/><F134/><W15/><G72/><T18/><D18/><U117/><E117/><V45/><F0/><W38/><G38/><T63/><D63/><U67/><E39/><V24/><F69/><W78/><G3/><T121/><D121/><U58/><REACH who="1" step="1"/><E43/><REACH who="1" ten="109,465,78,328" step="2"/><V130/><F130/><W95/><G26/><T12/><D12/><U80/><E80/><V91/><F17/><W71/><G71/><T73/><D73/><U90/><E90/><AGARI ba="0,2" hai="5,9,15,56,57,59,76,77,78,86,90,95,96,97" machi="90" ten="40,2600,0" yaku="8,1,52,1" doraHai="2" who="3" fromWho="1" sc="109,0,465,-26,78,0,328,46" /><AGARI ba="0,0" hai="13,16,23,46,51,55,64,66,81,87,90,132,133,135" machi="90" ten="40,5200,0" yaku="1,1,20,1,54,1,53,0" doraHai="2" doraHaiUra="75" who="0" fromWho="1" sc="109,52,439,-52,78,0,374,0" /><INIT seed="7,0,0,5,5,20" ten="161,387,78,374" oya="3" hai0="77,5,81,55,11,39,31,132,104,74,133,3,63" hai1="87,127,44,48,106,78,62,38,131,43,69,36,4" hai2="118,79,115,121,111,8,51,98,76,15,109,0,90" hai3="113,124,37,84,22,53,120,103,101,13,68,61,30"/><W95/><G37/><T49/><D104/><U23/><E106/><V119/><F0/><W134/><G120/><T86/><D39/><U42/><E4/><V47/><F51/><W59/><G68/><T85/><D31/><U25/><E43/><V14/><F47/><W100/><G113/><T56/><D49/><U35/><E35/><V107/><F8/><W60/><G124/><T54/><D54/><U110/><E110/><V126/><F126/><W92/><G134/><AGARI ba="0,0" hai="3,5,11,55,56,63,74,77,81,85,86,132,133,134" machi="134" ten="40,1300,0" yaku="20,1" doraHai="20" who="0" fromWho="3" sc="161,13,387,0,78,0,374,-13" owari="174,-22.6,387,48.7,78,-42.2,361,16.1" /></mjloggm>