<mjloggm ver="2.3"><GO type="169" lobby="0"/><UN n0="%E3%81%8A%E3%81%98%E3%81%95%E3%82%93" n1="%41%6E%6B%6F%61%6E%6B%6F" n2="%E5%AE%87%E5%AE%99%E7%89%A9%E7%90%86" n3="%E4%BA%8C%E6%8A%9E%E4%BA%BA" dan="17,16,16,16" rate="2224.30,2142.57,2111.96,2065.93" sx="M,F,F,F"/><TAIKYOKU oya="0"/><INIT seed="0,0,0,1,4,97" ten="250,250,250,250" oya="0" hai0="127,58,77,22,110,95,100,4,112,16,31,26,72" hai1="35,12,118,83,103,133,0,130,67,82,56,54,70" hai2="39,91,111,116,52,74,32,9,37,53,34,98,8" hai3="61,75,28,117,30,124,65,134,50,7,51,76,96"/><T114/><D127/><U132/><E0/><V78/><F111/><W126/><G117/><T129/><D129/><U40/><E118/><V99/><F116/><W62/><G134/><N who="1" m="51818" /><E35/><V59/><F59/><W106/><G7/><T19/><D4/><U49/><E130/><V66/><F78/><W92/><G106/><T18/><D110/><U104/><E40/><V6/><F6/><W48/><G76/><T135/><D135/><U60/><E12/><V108/><F108/><W125/><G75/><T120/><D120/><U105/><E105/><V86/><F86/><W131/><G131/><T89/><D58/><U46/><E46/><V109/><F109/><W81/><G81/><N who="1" m="30730" /><E104/><V25/><F34/><W11/><G11/><T55/><D77/><U68/><E68/><V101/><F32/><W102/><G65/><T17/><D72/><U29/><E29/><AGARI ba="0,0" hai="28,29,30,48,50,51,61,62,92,96,102,124,125,126" machi="29" ten="50,3200,0" yaku="18,1,52,1" doraHai="97" who="3" fromWho="1" sc="250,0,250,-32,250,0,250,32" /><INIT seed="1,0,0,1,5,63" ten="250,218,250,282" oya="1" hai0="53,40,72,56,90,114,99,65,37,80,60,133,66" hai1="127,15,64,108,47,7,82,77,17,22,11,54,33" hai2="126,117,42,104,27,118,97,113,134,109,8,70,81" hai3="132,29,12,98,52,83,87,105,49,115,44,57,124"/><U122/><E122/><V35/><F42/><W9/><G115/><T34/><D114/><U73/><E127/><V59/><F59/><W112/><G112/><T75/><D34/><U79/><E79/><V84/><F8/><W130/><G130/><T26/><D133/><U92/><E33/><V19/><F19/><W128/><G128/><T38/><D26/><U61/><E108/><V69/><F27/><W31/><G124/><T106/><D80/><U32/><E32/><V10/><F10/><W28/><G132/><T14/><D14/><U36/><E92/><V95/><F70/><W85/><G105/><T88/><D40/><U102/><E102/><V0/><F95/><W71/><G98/><T6/><D6/><U24/><E36/><V107/><F84/><W39/><G71/><T45/><D45/><U55/><REACH who="1" step="1"/><E47/><REACH who="1" ten="250,208,250,282" step="2"/><V68/><F35/><W76/><G39/><T20/><D37/><U16/><E16/><V101/><F101/><W3/><G3/><T25/><D38/><U50/><E50/><V62/><F0/><W110/><G110/><T131/><D106/><U48/><E48/><V5/><F107/><W119/><G119/><T23/><D131/><U4/><E4/><V135/><F5/><N who="3" m="3119" /><G44/><T96/><D72/><U120/><E120/><V89/><F104/><W91/><G28/><T58/><D75/><U43/><E43/><V116/><F109/><W30/><G29/><T78/><D78/><U121/><E121/><V1/><F118/><W13/><G13/><T41/><D41/><U86/><E86/><N who="3" m="32778" /><G76/><T100/><D100/><U74/><E74/><RYUUKYOKU ba="0,1" sc="250,-15,208,15,250,-15,282,15" hai1="7,11,15,17,22,24,54,55,61,64,73,77,82" hai3="30,31,49,52,57,83,91" /><INIT seed="1,1,1,2,0,21" ten="235,223,235,297" oya="1" hai0="43,55,10,0,28,65,102,134,46,108,29,16,86" hai1="20,30,85,9,91,79,57,64,14,39,68,118,45" hai2="132,109,24,82,25,84,50,105,34,40,127,110,96" hai3="62,47,33,52,95,128,113,111,31,93,1,101,115"/><U112/><E112/><V133/><F127/><W6/><G111/><N who="2" m="42505" /><F34/><W54/><G128/><T13/><D108/><U123/><E118/><V77/><F40/><W11/><G113/><T100/><D134/><N who="2" m="51818" /><F50/><W36/><G36/><T19/><D65/><U48/><E123/><V83/><F83/><W87/><G115/><T107/><D55/><U41/><E79/><V124/><F124/><W26/><G101/><AGARI ba="1,1" hai="24,25,77,82,84,96,101,105" m="51818,42505" machi="101" ten="30,7700,0" yaku="14,1,20,1,52,2" doraHai="21" who="2" fromWho="3" sc="235,0,223,0,235,90,297,-80" /><INIT seed="2,0,0,0,3,70" ten="235,223,325,217" oya="2" hai0="120,14,108,101,26,47,24,20,100,98,16,107,36" hai1="4,73,61,110,123,45,114,66,3,85,88,28,49" hai2="86,132,134,23,129,0,124,11,72,135,127,80,2" hai3="27,18,31,82,87,104,71,93,15,91,13,76,56"/><V39/><F72/><W97/><G71/><T118/><D120/><U99/><E114/><V52/><F23/><W25/><G104/><T33/><D108/><U46/><E110/><V131/><F39/><W37/><G37/><T6/><D118/><U79/><E3/><V125/><F52/><W111/><G111/><T130/><D130/><N who="2" m="49674" /><F11/><W105/><G105/><T44/><D100/><U38/><E123/><V12/><F12/><W19/><G56/><T32/><D47/><U62/><E38/><V126/><F126/><W113/><G113/><T51/><D36/><U121/><E121/><V63/><F63/><W5/><G5/><T67/><D67/><U59/><E4/><V69/><F69/><W8/><REACH who="3" step="1"/><G31/><REACH who="3" ten="235,223,325,207" step="2"/><T50/><D6/><U75/><E28/><V48/><F48/><W17/><G17/><T7/><D51/><U119/><E49/><V89/><AGARI ba="0,1" hai="0,2,80,86,89,124,125,127,132,134,135" m="49674" machi="89" ten="50,48000,5" yakuman="39" doraHai="70" who="2" fromWho="2" sc="235,-160,223,-160,325,490,207,-160" /><INIT seed="2,1,0,4,1,46" ten="75,63,815,47" oya="2" hai0="35,87,122,42,13,71,74,126,69,21,90,37,33" hai1="91,47,98,77,5,9,92,133,106,58,120,45,40" hai2="51,110,107,103,105,14,121,56,28,75,59,108,7" hai3="97,135,67,29,80,1,65,88,3,12,124,20,117"/><V109/><F121/><W38/><G117/><T39/><D74/><U79/><E133/><V17/><F75/><W78/><G38/><T30/><D122/><U116/><E116/><V34/><F7/><W70/><G135/><T129/><D129/><U114/><E114/><V32/><F59/><W60/><G124/><T8/><D126/><U41/><E120/><V112/><F112/><W18/><G67/><T123/><D21/><U94/><E106/><V57/><F57/><W128/><G128/><T54/><D54/><U115/><E58/><V63/><F51/><W27/><G97/><T53/><D53/><U86/><E115/><V36/><F36/><W72/><REACH who="3" step="1"/><G88/><REACH who="3" ten="75,63,815,37" step="2"/><T50/><D37/><U130/><E130/><V89/><F89/><W62/><G62/><T83/><D39/><U76/><E98/><V84/><F63/><W93/><G93/><T44/><D123/><U95/><E95/><V2/><F107/><W6/><G6/><T125/><D125/><U15/><E94/><V24/><F105/><W16/><G16/><T81/><D81/><U31/><E31/><V48/><F28/><W0/><G0/><T119/><D119/><U43/><AGARI ba="1,1" hai="5,9,15,40,41,43,45,47,76,77,79,86,91,92" machi="43" ten="30,2000,0" yaku="0,1,8,1" doraHai="46" who="1" fromWho="1" sc="75,-6,63,33,815,-11,37,-6" /><INIT seed="3,0,0,1,1,49" ten="69,96,804,31" oya="3" hai0="31,112,94,67,79,115,95,62,20,45,98,9,11" hai1="19,51,25,37,75,122,90,29,69,126,74,91,34" hai2="4,33,77,103,46,78,16,93,71,60,72,96,127" hai3="30,123,2,6,125,56,102,21,124,86,55,99,83"/><W131/><G123/><T58/><D79/><U63/><E37/><V87/><F33/><W120/><G120/><T81/><D81/><U70/><E122/><V3/><F72/><W129/><G6/><T61/><D45/><U104/><E104/><V109/><F109/><W7/><G7/><T28/><D20/><U57/><E126/><N who="3" m="48746" /><G2/><T15/><D15/><U13/><E51/><V35/><F127/><W17/><G30/><T40/><D40/><U8/><E75/><V116/><F116/><W1/><G1/><T12/><D12/><U107/><E107/><V52/><F35/><W106/><G21/><T82/><D82/><U10/><E74/><V130/><F130/><N who="3" m="49675" /><G17/><T39/><D31/><U44/><E8/><V105/><F16/><W101/><G101/><T24/><D28/><U100/><E100/><V65/><F103/><W113/><G113/><T14/><D24/><U85/><E25/><V47/><F4/><W53/><G56/><T92/><D11/><U84/><E29/><V111/><F3/><W59/><G59/><T121/><D121/><U38/><E34/><V114/><F114/><N who="0" m="43562" /><D14/><U5/><E5/><V108/><F111/><W48/><G48/><T54/><D9/><U66/><E70/><V27/><F71/><W88/><AGARI ba="0,0" hai="53,55,83,86,88,99,102,106" m="49675,48746" machi="88" ten="30,12000,1" yaku="18,1,19,1,52,2,54,1" doraHai="49" who="3" fromWho="3" sc="69,-40,96,-40,804,-40,31,120" /><INIT seed="3,1,0,1,2,100" ten="29,56,764,151" oya="3" hai0="113,49,62,65,15,89,3,131,115,8,125,120,39" hai1="75,9,94,11,25,117,6,13,79,82,29,86,60" hai2="59,67,30,71,44,53,36,70,135,42,103,23,107" hai3="84,52,111,108,2,61,78,96,20,45,48,16,66"/><W17/><G2/><T50/><D39/><U7/><E117/><V21/><F135/><W106/><G84/><T73/><D120/><U90/><E60/><N who="2" m="40295" /><F30/><W32/><G78/><T124/><D73/><U112/><E112/><N who="0" m="43081" /><D89/><U51/><E51/><N who="0" m="19465" /><D3/><U69/><E69/><V92/><F92/><W57/><G32/><T97/><D97/><U91/><E90/><V87/><F87/><W27/><REACH who="3" step="1"/><G17/><REACH who="3" ten="29,56,764,141" step="2"/><N who="0" m="8423" /><D131/><U74/><E74/><V134/><F134/><W93/><G93/><T119/><D119/><U77/><E94/><V18/><F18/><W98/><G98/><T33/><D33/><U122/><E75/><V105/><F105/><W85/><G85/><T46/><D46/><U37/><E79/><V56/><F107/><W80/><G80/><T40/><D40/><U132/><E77/><V1/><F44/><W99/><G99/><T123/><D123/><U128/><E122/><V41/><F42/><W58/><G58/><AGARI ba="1,1" hai="58,62,65,124,125" m="8423,19465,43081" machi="58" ten="30,1000,0" yaku="11,1" doraHai="100" who="0" fromWho="3" sc="29,23,56,0,764,0,141,-13" /><INIT seed="4,0,0,5,1,119" ten="52,56,764,128" oya="0" hai0="115,108,23,105,42,85,57,73,53,33,99,51,63" hai1="77,30,58,91,117,72,60,6,7,88,62,133,95" hai2="49,83,25,82,64,47,59,52,10,14,18,102,94" hai3="84,81,93,106,101,96,16,22,104,116,76,4,45"/><T75/><D33/><U111/><E111/><V130/><F130/><W31/><G116/><T114/><D108/><U122/><E117/><V109/><F109/><W126/><G126/><T107/><D85/><U1/><E122/><V41/><F64/><W128/><G128/><T54/><D42/><U74/><E133/><V134/><F134/><W89/><G4/><T110/><D23/><U17/><E30/><V79/><F25/><W21/><G45/><T35/><D35/><U86/><E77/><V131/><F131/><W20/><G31/><T40/><D40/><U113/><E113/><N who="0" m="43017" /><D110/><U48/><E74/><N who="0" m="28169" /><D99/><N who="1" m="57831" /><E72/><V125/><F41/><W11/><G11/><T15/><D15/><U121/><E121/><V123/><F14/><W92/><G21/><T3/><D3/><U28/><E1/><V29/><F10/><W9/><G9/><T69/><D69/><U19/><E28/><V5/><F29/><W118/><G118/><T56/><AGARI ba="0,0" hai="51,53,54,56,57,63,105,107" m="28169,43017" machi="56" ten="40,2100,0" yaku="15,1" doraHai="119" who="0" fromWho="0" sc="52,21,56,-7,764,-7,128,-7" /><INIT seed="4,1,0,0,4,36" ten="73,49,757,121" oya="0" hai0="82,22,73,115,7,116,15,118,93,77,16,13,104" hai1="19,125,58,84,88,41,48,122,74,62,11,46,100" hai2="32,31,102,12,106,111,132,28,56,86,119,128,97" hai3="91,68,64,14,110,81,42,120,17,103,133,61,85"/><T2/><D104/><U87/><E125/><V34/><F111/><W59/><G110/><T30/><D115/><U6/><E122/><V89/><F128/><W131/><G131/><T52/><D15/><U71/><E74/><V127/><F127/><W26/><G133/><T53/><D30/><U10/><E71/><V76/><F132/><W5/><G120/><T8/><REACH who="0" step="1"/><D93/><REACH who="0" ten="63,49,757,121" step="2"/><N who="1" m="54407" /><E100/><V135/><F12/><W35/><G103/><T50/><D50/><U79/><E6/><V90/><F28/><W51/><G5/><T130/><D130/><U92/><E19/><V114/><F31/><W112/><G17/><T67/><D67/><N who="1" m="39383" /><E92/><V105/><F105/><W126/><G126/><T47/><D47/><U1/><E1/><V78/><F106/><W107/><G107/><T49/><D49/><U69/><E69/><V57/><F114/><W23/><G112/><T20/><D20/><U29/><E29/><V63/><F135/><W123/><G23/><T40/><D40/><U80/><AGARI ba="1,1" hai="10,11,41,46,48,79,80,87" m="39383,54407" machi="80" ten="30,4000,0" yaku="8,1,52,1,54,1" doraHai="36" who="1" fromWho="1" sc="63,-21,49,53,757,-11,121,-11" /><INIT seed="5,0,0,3,5,16" ten="42,102,746,110" oya="1" hai0="32,47,97,70,25,51,15,81,45,40,30,122,123" hai1="83,114,67,33,79,120,4,57,10,64,135,36,107" hai2="118,61,88,87,130,35,80,59,17,103,119,109,93" hai3="44,102,106,71,13,65,111,78,69,92,24,125,115"/><U9/><E120/><V49/><F109/><W48/><G111/><T75/><D70/><U100/><E114/><V132/><F35/><W22/><G106/><T104/><D104/><U2/><E135/><V127/><F132/><W95/><G115/><T112/><D112/><U91/><E36/><V94/><F127/><W1/><G1/><T62/><D62/><U128/><E128/><V89/><F130/><W73/><G125/><T37/><D97/><U117/><E117/><V133/><F133/><W85/><G73/><T131/><D131/><U99/><E33/><V11/><F49/><W7/><G102/><T42/><D15/><U66/><E10/><V34/><F34/><W5/><G65/><T129/><D129/><U21/><E21/><V134/><F134/><W27/><G69/><T101/><D101/><U84/><REACH who="1" step="1"/><E57/><REACH who="1" ten="42,92,746,110" step="2"/><V29/><F59/><W23/><G71/><T68/><REACH who="0" step="1"/><D68/><REACH who="0" ten="32,92,746,110" step="2"/><U76/><AGARI ba="0,2" hai="2,4,9,64,66,67,76,79,83,84,91,99,100,107" machi="76" ten="30,6000,0" yaku="1,1,2,1,0,1,53,0" doraHai="16" doraHaiUra="124" who="1" fromWho="1" sc="32,-20,92,80,746,-20,110,-20" /><INIT seed="5,1,0,2,3,2" ten="12,172,726,90" oya="1" hai0="75,112,29,38,11,58,76,14,37,65,44,77,36" hai1="6,23,104,72,35,10,131,12,66,83,33,30,85" hai2="92,49,43,69,71,82,120,70,135,54,119,122,86" hai3="110,15,99,93,4,8,102,96,108,118,78,133,26"/><U28/><E72/><V41/><F119/><W55/><G118/><T45/><D112/><U50/><E104/><V24/><F135/><W61/><G133/><T103/><D103/><U68/><E131/><V47/><F24/><W31/><G78/><T16/><D29/><U60/><E50/><V107/><F107/><W91/><G61/><T105/><D105/><U53/><E53/><V17/><F17/><W67/><G67/><T111/><D111/><U56/><E68/><V128/><F92/><W106/><REACH who="3" step="1"/><G55/><REACH who="3" ten="12,172,726,80" step="2"/><T3/><D3/><U81/><E66/><V124/><F54/><W132/><G132/><T74/><D77/><U101/><E60/><V125/><F120/><W94/><G94/><T25/><D25/><U1/><E1/><V134/><F122/><W20/><AGARI ba="1,1" hai="4,8,15,20,26,31,91,93,96,99,102,106,108,110" machi="20" ten="20,5200,0" yaku="1,1,0,1,7,1,52,1,53,0" doraHai="2" doraHaiUra="64" who="3" fromWho="3" sc="12,-14,172,-27,726,-14,80,65" owari="-2,-50.2,145,-5.5,712,81.2,145,-25.5" /></mjloggm>