<mjloggm ver="2.3"><GO type="225" lobby="0"/><UN n0="%E6%A3%AE%E5%B1%B1%E7%94%B0%E7%9B%B4%E5%A4%AA%E6%9C%97%E4%B9%8B%E4%BB%8B" n1="%E3%81%BF%E3%81%BF%E3%81%9A" n2="%43%55%4B%45%59" n3="%72%61%6B%33" dan="16,17,16,16" rate="2192.12,2243.10,2043.09,2104.81" sx="M,M,M,M"/><TAIKYOKU oya="0"/><INIT seed="0,0,0,5,3,135" ten="250,250,250,250" oya="0" hai0="83,57,9,75,38,0,51,73,112,49,63,6,23" hai1="131,30,36,86,70,61,32,119,115,100,72,34,111" hai2="79,12,3,113,98,62,43,84,37,56,26,59,134" hai3="116,99,130,21,48,27,17,133,104,120,107,93,89"/><T87/><D112/><U127/><RYUUKYOKU type="yao9" ba="0,0" sc="250,0,250,0,250,0,250,0" hai1="30,32,34,36,61,70,72,86,100,111,115,119,127,131" /><INIT seed="0,1,0,1,0,67" ten="250,250,250,250" oya="0" hai0="127,37,77,102,57,51,58,6,109,135,70,103,107" hai1="4,64,134,53,44,31,72,17,111,49,91,73,90" hai2="88,71,60,80,119,100,81,126,65,132,92,98,105" hai3="43,69,116,129,86,33,89,113,128,121,122,15,1"/><T118/><D118/><U24/><E111/><V76/><F119/><W108/><G116/><T21/><D37/><U68/><E134/><V123/><F132/><W14/><G113/><T56/><D135/><U28/><E4/><V95/><F126/><W25/><G1/><T82/><D6/><U78/><E28/><V93/><F123/><N who="3" m="47115" /><G108/><T32/><D109/><U131/><E17/><V115/><F115/><W62/><G43/><T23/><D32/><U7/><E7/><V2/><F2/><W99/><G99/><T27/><D127/><U106/><E131/><N who="3" m="50250" /><G62/><T96/><D103/><U124/><E124/><V3/><F3/><W104/><G104/><T84/><D70/><U40/><E106/><V45/><F45/><W125/><G69/><T30/><REACH who="0" step="1"/><D51/><REACH who="0" ten="240,250,250,250" step="2"/><U34/><E68/><V114/><F114/><W46/><G125/><T16/><D16/><U18/><E18/><V97/><REACH who="2" step="1"/><F81/><REACH who="2" ten="240,250,240,250" step="2"/><N who="3" m="49359" /><G46/><T36/><D36/><U101/><E44/><V48/><F48/><W50/><G50/><T0/><D0/><U55/><E49/><V13/><F13/><W19/><G19/><T35/><AGARI ba="1,2" hai="21,23,27,30,35,56,57,58,77,82,84,96,102,107" machi="35" ten="30,3000,0" yaku="1,1,0,1,53,0" doraHai="67" doraHaiUra="110" who="0" fromWho="0" sc="240,53,250,-11,240,-11,250,-11" /><INIT seed="0,2,0,2,0,16" ten="293,239,229,239" oya="0" hai0="102,93,67,61,124,65,22,45,27,70,115,2,25" hai1="34,44,72,82,33,10,31,113,63,135,5,18,37" hai2="36,89,110,118,51,64,62,75,116,8,12,120,126" hai3="3,98,47,56,11,99,14,38,91,46,73,132,130"/><T117/><D2/><U48/><E135/><V92/><F120/><W20/><G73/><T131/><D117/><N who="2" m="45162" /><F36/><W81/><G132/><T109/><D115/><U52/><E113/><V100/><F110/><W39/><G130/><T87/><D109/><U21/><E31/><V60/><F126/><W4/><G56/><T53/><D131/><U15/><E37/><V107/><F75/><W17/><G39/><T83/><D124/><U43/><E63/><V28/><F28/><W68/><G68/><T129/><D129/><U13/><REACH who="1" step="1"/><E43/><REACH who="1" ten="293,229,229,239" step="2"/><V104/><F60/><W80/><G38/><T103/><D70/><U57/><E57/><N who="2" m="36943" /><F51/><W7/><G47/><T50/><D61/><U134/><E134/><V49/><F49/><W123/><G46/><T127/><D127/><U133/><E133/><V121/><F121/><W35/><G123/><T24/><D67/><U97/><E97/><N who="2" m="57487" /><F100/><W122/><G122/><T32/><D65/><U58/><E58/><V86/><F86/><W119/><G119/><T94/><D103/><U71/><E71/><V106/><F106/><W79/><G99/><T84/><D84/><U128/><E128/><V78/><F78/><AGARI ba="2,1" hai="5,10,13,15,18,21,33,34,44,48,52,72,78,82" machi="78" ten="40,5200,0" yaku="1,1,52,1,54,1,53,0" doraHai="16" doraHaiUra="88" who="1" fromWho="2" sc="293,0,229,68,229,-58,239,0" /><INIT seed="1,0,0,2,2,38" ten="293,297,171,239" oya="1" hai0="77,109,127,21,63,39,70,41,116,130,133,32,97" hai1="60,120,76,58,99,57,0,37,103,101,94,6,29" hai2="44,40,54,66,100,69,81,125,8,72,45,93,128" hai3="13,31,3,34,22,26,121,36,71,48,59,104,73"/><U122/><E76/><V111/><F128/><W42/><G121/><T20/><D32/><U65/><E37/><V89/><F125/><W5/><G71/><T107/><D133/><U19/><E29/><V16/><F111/><W106/><G73/><T75/><D109/><U18/><E120/><V98/><F69/><W131/><G131/><T74/><D130/><U115/><E122/><V11/><F66/><W52/><G3/><T33/><D33/><U4/><E115/><V83/><F72/><W46/><REACH who="3" step="1"/><G22/><REACH who="3" ten="293,297,171,229" step="2"/><T55/><D20/><U51/><E0/><V90/><F8/><AGARI ba="0,1" hai="5,8,13,26,31,34,36,42,46,48,52,59,104,106" machi="8" ten="40,8000,1" yaku="1,1,2,1,52,1,54,1,53,0" doraHai="38" doraHaiUra="135" who="3" fromWho="2" sc="293,0,297,0,171,-80,229,90" /><INIT seed="2,0,0,4,1,64" ten="293,297,91,319" oya="2" hai0="9,33,55,49,114,6,2,127,5,72,132,69,46" hai1="30,71,133,131,124,13,125,32,115,121,76,98,88" hai2="102,54,52,73,21,86,8,27,59,50,58,56,4" hai3="51,94,93,135,40,43,82,120,87,35,91,107,19"/><V126/><F73/><W15/><G120/><T123/><D6/><U44/><E115/><V105/><F126/><N who="1" m="48745" /><E131/><V108/><F108/><W42/><G107/><T41/><D33/><U24/><E133/><V39/><F39/><W37/><G35/><T23/><D72/><U84/><E121/><V48/><F105/><W60/><G37/><T28/><D132/><U77/><E98/><V63/><F102/><W62/><G51/><T36/><D114/><U68/><E13/><V61/><F86/><W3/><G3/><T17/><D28/><U113/><E44/><V25/><F21/><W119/><G119/><T110/><D110/><U29/><E29/><V111/><F111/><W103/><G135/><T66/><D127/><U26/><E26/><V16/><F59/><W106/><G106/><T45/><D123/><U92/><E113/><V47/><F16/><W57/><G103/><T10/><D10/><U104/><E104/><V38/><F38/><W109/><G109/><T97/><D97/><U34/><E34/><V129/><F129/><W99/><G99/><T95/><D95/><N who="3" m="36361" /><G57/><T117/><D117/><U96/><E96/><V22/><F22/><AGARI ba="0,0" hai="15,19,22,40,42,43,60,62,82,87,91" m="36361" machi="22" ten="30,1000,0" yaku="8,1" doraHai="64" who="3" fromWho="2" sc="293,0,297,0,91,-10,319,10" /><INIT seed="3,0,0,4,4,119" ten="293,297,81,329" oya="3" hai0="66,29,93,8,70,128,14,52,118,111,81,13,65" hai1="38,18,24,0,71,79,2,124,135,32,117,95,113" hai2="26,55,63,90,25,1,19,31,5,41,74,121,72" hai3="96,6,73,11,16,47,54,69,77,116,110,99,51"/><W22/><G69/><T102/><D70/><U33/><E95/><V28/><F41/><W127/><G116/><T75/><D111/><U130/><E79/><V126/><F126/><W80/><G110/><T87/><D128/><U129/><E38/><V120/><F90/><W61/><G127/><T10/><D75/><U101/><E101/><V132/><F55/><W57/><G22/><T23/><D118/><U114/><E71/><V106/><F63/><W58/><G16/><N who="0" m="8231" /><D23/><N who="1" m="13431" /><E117/><V97/><F132/><W103/><G103/><T108/><D29/><U36/><E36/><V46/><F46/><W82/><G82/><T60/><D93/><U21/><E21/><V123/><F19/><W131/><G131/><N who="1" m="50186" /><E135/><V67/><F67/><W45/><G45/><T112/><D102/><U39/><E39/><V64/><F64/><W9/><G58/><N who="0" m="34887" /><D108/><U115/><E124/><V3/><F106/><W48/><G48/><T125/><D125/><U42/><E42/><V94/><F5/><W92/><G6/><N who="0" m="3415" /><D112/><U30/><E30/><N who="2" m="11307" /><F94/><W49/><G49/><T78/><AGARI ba="0,0" hai="65,66,78,81,87" m="3415,34887,8231" machi="78" ten="30,4000,0" yaku="8,1,54,2" doraHai="119" who="0" fromWho="0" sc="293,40,297,-10,81,-10,329,-20" owari="333,43.3,287,-11.3,71,-42.9,309,10.9" /></mjloggm>