<mjloggm ver="2.3"><GO type="169" lobby="0"/><UN n0="%E3%81%82%E3%81%95%E3%81%B4%E3%82%93%EF%BC%A0%EF%BD%8D%EF%BD%8A" n1="%43%55%4B%45%59" n2="%62%75%65" n3="%E3%83%8F%E3%82%BF%E3%83%A2%E3%83%88%E3%83%92%E3%83%AD" dan="18,16,17,16" rate="2235.77,2087.41,2131.96,2138.44" sx="M,M,M,M"/><TAIKYOKU oya="0"/><INIT seed="0,0,0,5,5,95" ten="250,250,250,250" oya="0" hai0="103,99,71,2,35,113,68,109,101,43,13,52,28" hai1="14,10,87,0,119,54,88,130,56,67,72,107,41" hai2="27,124,111,78,106,135,32,96,48,108,26,133,65" hai3="115,59,86,12,21,23,90,45,79,126,69,75,53"/><T34/><D113/><U73/><E119/><V125/><F65/><W127/><G69/><T6/><D2/><U57/><E130/><V94/><F48/><W60/><G115/><T9/><D43/><U98/><E0/><V64/><F64/><W77/><G45/><T38/><D38/><U89/><E41/><V30/><F78/><W129/><G129/><T91/><D109/><N who="2" m="42058" /><F106/><W100/><G100/><T114/><D114/><U105/><E67/><V22/><F96/><W42/><G42/><T81/><D101/><U76/><E14/><V7/><F94/><W3/><G3/><T5/><D5/><U134/><E10/><V85/><F85/><W118/><G118/><T63/><D91/><U18/><E18/><N who="2" m="12631" /><F7/><W66/><G66/><T40/><D81/><U58/><E54/><V120/><F120/><W93/><G75/><T97/><D40/><U84/><E76/><V55/><F55/><W4/><G77/><T131/><D131/><U112/><E112/><V17/><F17/><W37/><G79/><T47/><D103/><U110/><E110/><V33/><F33/><W117/><G37/><T39/><D35/><U8/><E8/><V19/><F19/><N who="3" m="10471" /><G4/><T102/><D102/><U123/><E58/><V70/><F70/><N who="0" m="26666" /><D39/><U46/><E46/><V104/><F104/><W122/><G122/><T49/><D63/><U15/><E123/><V16/><F16/><W1/><G117/><T25/><D34/><U24/><E57/><V132/><AGARI ba="0,0" hai="27,30,32,124,125,132,133,135" m="12631,42058" machi="132" ten="40,8000,1" yaku="20,1,14,1,34,2" doraHai="95" who="2" fromWho="2" sc="250,-40,250,-20,250,80,250,-20" /><INIT seed="1,0,0,1,5,95" ten="210,230,330,230" oya="1" hai0="96,135,125,69,48,77,103,7,121,39,79,49,37" hai1="34,97,133,70,32,118,94,128,99,8,98,50,5" hai2="38,110,119,46,60,3,66,64,102,57,52,115,67" hai3="89,112,78,71,44,14,130,82,65,42,74,1,68"/><U81/><E118/><V107/><F3/><W30/><G112/><T63/><D7/><U90/><E70/><N who="2" m="42247" /><F102/><W40/><G130/><T93/><D135/><U2/><E133/><V72/><F72/><W21/><G1/><T35/><D35/><U23/><E128/><V134/><F107/><W45/><G65/><T108/><D63/><U55/><E81/><V101/><F101/><W47/><G89/><T51/><D69/><U126/><E126/><V132/><F119/><W53/><G53/><T105/><D125/><U117/><E117/><V75/><F75/><W28/><G47/><T62/><D62/><U122/><E122/><V54/><F115/><W25/><G28/><T91/><D108/><U19/><E32/><V123/><F123/><W111/><G111/><T24/><D24/><U16/><E34/><V58/><F110/><W86/><G74/><T113/><D113/><U61/><E61/><N who="2" m="36007" /><F134/><W76/><G14/><T27/><D27/><U73/><E73/><V114/><F114/><W33/><G78/><T84/><REACH who="0" step="1"/><D121/><REACH who="0" ten="200,230,330,230" step="2"/><U0/><E0/><V120/><F120/><W104/><G33/><T129/><D129/><U106/><E106/><V26/><F26/><W43/><G104/><T87/><D87/><U29/><E29/><V9/><F132/><W116/><G116/><T22/><D22/><U17/><REACH who="1" step="1"/><E23/><REACH who="1" ten="200,220,330,230" step="2"/><V88/><F67/><W31/><G31/><T11/><D11/><U10/><E10/><V100/><F9/><W12/><G71/><T92/><D92/><U109/><E109/><V41/><F66/><W124/><G68/><T59/><D59/><AGARI ba="0,2" hai="2,5,8,16,17,19,50,55,59,90,94,97,98,99" machi="59" ten="40,18000,2" yaku="1,1,6,1,52,3,54,1,53,1" doraHai="95" doraHaiUra="85" who="1" fromWho="0" sc="200,-180,220,200,330,0,230,0" /><INIT seed="1,1,0,4,1,36" ten="20,420,330,230" oya="1" hai0="99,26,129,12,108,113,134,35,83,1,59,105,72" hai1="57,97,80,4,128,52,17,20,65,121,44,8,104" hai2="61,31,16,58,6,68,87,37,45,55,94,118,19" hai3="114,13,119,101,93,51,110,125,73,64,106,42,54"/><U28/><E121/><V23/><F118/><W56/><G114/><T133/><D113/><U47/><E128/><V98/><F6/><W89/><G73/><T77/><D1/><U122/><E122/><V40/><F87/><W74/><G74/><T7/><D129/><U107/><E28/><V46/><F68/><W24/><G125/><T95/><D105/><U41/><E65/><V103/><REACH who="2" step="1"/><F46/><REACH who="2" ten="20,420,320,230" step="2"/><W123/><G119/><T96/><D7/><U0/><E47/><V62/><F62/><W33/><G123/><T21/><D72/><U38/><E80/><V27/><AGARI ba="1,1" hai="16,19,23,27,31,37,40,45,55,58,61,94,98,103" machi="27" ten="30,7900,0" yaku="1,1,0,1,52,1,54,1,53,0" doraHai="36" doraHaiUra="132" who="2" fromWho="2" sc="20,-21,420,-40,320,92,230,-21" owari="-1,-50.1,380,18.0,412,51.2,209,-19.1" /></mjloggm>