<mjloggm ver="2.3"><GO type="169" lobby="0"/><UN n0="%E6%97%A5%E9%99%B0%E3%81%95%E3%82%93" n1="%E3%83%9D%E3%83%B3%E3%83%9D%E3%82%B3%E5%95%86%E4%BA%8B" n2="%E3%81%BD%E3%81%A3%E3%81%91%E3%81%95%E3%82%93" n3="%48%41%43%4F" dan="17,16,16,16" rate="2214.18,2155.92,2157.38,2070.64" sx="F,M,M,M"/><TAIKYOKU oya="0"/><INIT seed="0,0,0,4,1,33" ten="250,250,250,250" oya="0" hai0="2,118,45,18,69,101,52,17,124,134,90,8,43" hai1="127,94,85,114,105,20,78,11,53,16,22,4,5" hai2="99,27,13,68,93,28,57,132,133,19,31,75,87" hai3="49,111,80,65,23,40,126,47,86,104,123,32,84"/><T103/><D118/><U77/><E105/><V129/><F75/><W116/><G111/><T55/><D69/><U36/><E127/><V131/><F68/><W88/><G126/><T63/><D124/><U108/><E108/><V35/><F87/><W112/><G32/><T25/><D134/><N who="2" m="51818" /><F57/><W46/><G116/><T92/><D101/><U58/><E36/><V130/><F93/><W12/><G104/><T54/><D63/><U1/><E4/><V42/><F99/><W121/><G112/><T70/><D103/><U64/><E64/><V100/><F42/><W29/><G65/><T107/><D70/><U117/><E22/><N who="2" m="11631" /><F100/><W83/><G12/><T38/><D25/><U10/><E10/><V48/><F48/><W59/><G23/><T6/><REACH who="0" step="1"/><D107/><REACH who="0" ten="240,250,250,250" step="2"/><U44/><E117/><V109/><F109/><W119/><G119/><T7/><D7/><U41/><E114/><V61/><F61/><W37/><G123/><T34/><D34/><U125/><E125/><V120/><F31/><W21/><G121/><AGARI ba="0,1" hai="27,28,35,120,121,129,130,131" m="11631,51818" machi="121" ten="40,8000,1" yaku="19,1,20,1,34,2" doraHai="33" who="2" fromWho="3" sc="240,0,250,0,250,90,250,-80" /><INIT seed="1,0,0,5,4,113" ten="240,250,340,170" oya="1" hai0="34,17,122,32,75,102,118,89,86,2,55,43,69" hai1="123,80,70,114,95,28,99,87,98,91,96,129,53" hai2="27,101,76,62,115,85,54,60,88,39,58,24,72" hai3="41,130,49,105,128,83,8,12,16,13,46,110,37"/><U51/><E123/><V135/><F115/><W57/><G110/><T131/><D75/><U35/><E114/><V14/><F39/><W81/><G105/><T50/><D69/><U126/><E70/><V117/><F135/><W59/><G37/><T127/><D2/><U20/><E35/><V67/><F101/><W119/><G119/><T94/><D127/><U104/><E104/><V82/><F14/><W97/><G97/><T48/><D131/><U45/><E126/><V7/><F7/><W133/><G133/><T22/><D122/><U103/><REACH who="1" step="1"/><E129/><REACH who="1" ten="240,240,340,170" step="2"/><V132/><F132/><W26/><G128/><T29/><D32/><U111/><E111/><V0/><F117/><W66/><G130/><T64/><D34/><U63/><E63/><V116/><F116/><W90/><G59/><T79/><D118/><U40/><E40/><V120/><F120/><W93/><G57/><T33/><D43/><U4/><E4/><V1/><F62/><W23/><G66/><T107/><D64/><U61/><E61/><V121/><F121/><W42/><G42/><T10/><D33/><U5/><E5/><V52/><F67/><W30/><REACH who="3" step="1"/><G13/><REACH who="3" ten="240,240,340,160" step="2"/><T68/><D107/><U25/><AGARI ba="0,2" hai="20,25,28,45,51,53,80,87,91,95,96,98,99,103" machi="25" ten="30,6000,0" yaku="1,1,0,1,8,1,53,0" doraHai="113" doraHaiUra="6" who="1" fromWho="1" sc="240,-20,240,80,340,-20,160,-20" /><INIT seed="1,1,0,3,2,3" ten="220,320,320,140" oya="1" hai0="41,120,14,112,93,109,6,54,99,82,130,25,55" hai1="95,5,121,72,125,87,106,47,7,131,0,40,129" hai2="88,28,57,115,4,32,100,105,126,27,17,107,26" hai3="48,80,56,133,24,37,22,18,42,78,77,58,118"/><U66/><E72/><V53/><F126/><W128/><G37/><T135/><D112/><U65/><E106/><V74/><F74/><W89/><G128/><N who="1" m="49226" /><E0/><V122/><F122/><W60/><G133/><T117/><D117/><U81/><E95/><V8/><F115/><W73/><G118/><T64/><D130/><U1/><E1/><V94/><F100/><W124/><G124/><T12/><D109/><U51/><E121/><V29/><F17/><W134/><G134/><T96/><D135/><U33/><E33/><V71/><F71/><W119/><G119/><T15/><D41/><U23/><E23/><V79/><F79/><W11/><G89/><T2/><D64/><N who="1" m="24683" /><E125/><V127/><F127/><W111/><G80/><T36/><D82/><U108/><E108/><V91/><F107/><W35/><G35/><T50/><D93/><U69/><E69/><V132/><F105/><W16/><G73/><T9/><D99/><U31/><E31/><V30/><F32/><W10/><G111/><T67/><D96/><U110/><E110/><V113/><F113/><W13/><G10/><T76/><D2/><U103/><E103/><V86/><F132/><W59/><REACH who="3" step="1"/><G60/><REACH who="3" ten="220,320,320,130" step="2"/><T63/><D63/><U68/><E68/><V98/><F8/><W62/><G62/><T123/><D9/><U45/><E47/><AGARI ba="1,1" hai="11,13,16,18,22,24,42,47,48,56,58,59,77,78" machi="47" ten="40,5200,0" yaku="1,1,8,1,54,1,53,0" doraHai="3" doraHaiUra="85" who="3" fromWho="1" sc="220,0,320,-55,320,0,130,65" /><INIT seed="2,0,0,2,0,110" ten="220,265,320,195" oya="2" hai0="24,123,128,58,102,12,100,91,98,52,115,133,94" hai1="75,86,83,65,131,67,18,27,117,3,41,96,2" hai2="82,44,81,45,132,29,15,54,0,19,73,37,23" hai3="32,56,10,134,111,51,127,28,74,112,108,97,106"/><V62/><F0/><W1/><G51/><T16/><D123/><U87/><E117/><V39/><F132/><W43/><G56/><T103/><D133/><U50/><E131/><V49/><F29/><W78/><G43/><T60/><D128/><U21/><E75/><V114/><F114/><W120/><G120/><T116/><D116/><U46/><E87/><V57/><F45/><W92/><G10/><T34/><D34/><U66/><REACH who="1" step="1"/><E96/><REACH who="1" ten="220,255,320,195" step="2"/><V121/><F121/><W76/><G74/><T126/><D126/><U31/><E31/><V17/><F73/><W84/><G28/><T99/><D115/><U9/><E9/><N who="2" m="6383" /><F39/><W55/><G112/><T129/><D129/><U113/><E113/><V4/><F37/><W42/><G84/><N who="0" m="52583" /><D24/><U109/><E109/><V101/><F4/><W6/><G6/><T107/><D107/><U122/><E122/><V7/><F7/><W93/><G127/><T79/><D79/><AGARI ba="0,1" hai="2,3,18,21,27,41,46,50,65,66,67,79,83,86" machi="79" ten="40,1300,0" yaku="1,1,53,0" doraHai="110" doraHaiUra="53" who="1" fromWho="0" sc="220,-13,255,23,320,0,195,0" /><INIT seed="3,0,0,4,1,93" ten="207,278,320,195" oya="3" hai0="38,99,21,112,116,18,107,48,32,43,80,129,83" hai1="51,19,26,121,34,25,37,71,125,64,58,55,29" hai2="8,41,79,111,101,95,46,31,127,7,36,40,59" hai3="105,30,33,74,16,4,123,88,104,63,12,103,131"/><W39/><G123/><T68/><D116/><U52/><E121/><V57/><F111/><W110/><G39/><T85/><D32/><U122/><E122/><V61/><F41/><W45/><G74/><T106/><D68/><U81/><E125/><V89/><F101/><W133/><G33/><T73/><D129/><U54/><E37/><V42/><F42/><W11/><G30/><T69/><D69/><U78/><E71/><V27/><F79/><W35/><G35/><T132/><D38/><U82/><E64/><V49/><F127/><W120/><G63/><T130/><D130/><U118/><E82/><V10/><F7/><W0/><G45/><T2/><D2/><U20/><REACH who="1" step="1"/><E118/><REACH who="1" ten="207,268,320,195" step="2"/><V24/><F36/><W60/><G120/><T117/><D80/><U62/><E62/><V100/><F61/><W53/><G131/><T92/><D83/><U114/><E114/><V3/><F49/><W134/><G110/><T28/><D48/><U9/><E9/><V126/><F10/><N who="3" m="6167" /><G60/><T75/><D112/><U65/><E65/><V113/><F126/><W84/><G53/><T108/><D117/><U72/><AGARI ba="0,1" hai="19,20,25,26,29,34,51,52,54,55,58,72,78,81" machi="72" ten="20,5200,0" yaku="1,1,0,1,7,1,54,1,53,0" doraHai="93" doraHaiUra="87" who="1" fromWho="1" sc="207,-13,268,62,320,-13,195,-26" /><INIT seed="4,0,0,0,4,49" ten="194,330,307,169" oya="0" hai0="80,113,20,62,134,135,24,58,98,13,77,68,64" hai1="126,29,4,90,11,133,30,127,106,117,119,33,89" hai2="6,100,7,47,123,75,99,21,43,65,41,34,104" hai3="67,35,122,2,42,38,23,81,9,37,60,28,103"/><T72/><D113/><U32/><E106/><V73/><F34/><N who="1" m="13417" /><E90/><V76/><F123/><W116/><G35/><T93/><D68/><U26/><E89/><V107/><F107/><W95/><G2/><T44/><D44/><U111/><E111/><V5/><F65/><W131/><G9/><T86/><D72/><U96/><E96/><V94/><F104/><W39/><G116/><N who="1" m="44618" /><E133/><V16/><F76/><W124/><G124/><N who="1" m="47658" /><E26/><V51/><F75/><W108/><G108/><T1/><D134/><U125/><N who="1" m="47666" /><U55/><DORA hai="92" /><E55/><N who="2" m="30207" /><F73/><W56/><G81/><T25/><D135/><U48/><E48/><V19/><F43/><W31/><G42/><T14/><D93/><U12/><AGARI ba="0,0" hai="4,11,12,29,30" m="47666,44618,13417" machi="12" ten="50,6400,0" yaku="18,1,34,2" doraHai="49,92" who="1" fromWho="1" sc="194,-32,330,64,307,-16,169,-16" /><INIT seed="5,0,0,4,3,5" ten="162,394,291,153" oya="1" hai0="23,115,28,33,14,51,3,109,80,68,2,4,12" hai1="93,26,74,87,111,129,17,53,10,27,46,58,47" hai2="82,45,83,59,20,92,55,72,61,77,19,6,97" hai3="103,108,96,40,66,56,7,95,75,54,84,112,114"/><U22/><E74/><V126/><F126/><W91/><G108/><T121/><D68/><U16/><E129/><V79/><F45/><W50/><G75/><T39/><D39/><U88/><E111/><V21/><F6/><W100/><G40/><T65/><D109/><U78/><E78/><N who="2" m="29707" /><F21/><W110/><G110/><T63/><D80/><U29/><E29/><V102/><F72/><W70/><G70/><T81/><D81/><U37/><E37/><V124/><F124/><W34/><G66/><T117/><D33/><U31/><E17/><V69/><F69/><W106/><G100/><T25/><D117/><U125/><E125/><V73/><F73/><W62/><G34/><T123/><D115/><U107/><E107/><V8/><F8/><W86/><G86/><T105/><D105/><U15/><E27/><AGARI ba="0,0" hai="19,20,27,55,59,61,82,83,92,97,102" m="29707" machi="27" ten="30,1000,0" yaku="8,1" doraHai="5" who="2" fromWho="1" sc="162,0,394,-10,291,10,153,0" /><INIT seed="6,0,0,2,2,112" ten="162,384,301,153" oya="2" hai0="31,96,132,127,48,65,100,80,24,44,122,105,87" hai1="19,27,20,9,37,55,58,36,29,135,101,83,113" hai2="104,111,18,128,74,33,117,14,60,103,53,79,134" hai3="115,8,3,49,124,125,108,90,76,78,119,5,4"/><V77/><F33/><W131/><G108/><T97/><D122/><U62/><E113/><V84/><F74/><W56/><G115/><T63/><D127/><U40/><E135/><V118/><F134/><W12/><G131/><T57/><D132/><U98/><E83/><V42/><F42/><W91/><G56/><T89/><D100/><U46/><E9/><V106/><F128/><W50/><G8/><T54/><REACH who="0" step="1"/><D105/><REACH who="0" ten="152,384,301,153" step="2"/><U82/><E101/><V43/><F103/><W88/><G3/><T109/><D109/><U130/><E130/><V7/><F111/><W22/><G125/><T123/><D123/><U1/><E37/><V23/><F104/><W25/><G124/><T116/><D116/><U59/><E36/><V32/><F106/><W34/><G119/><T26/><D26/><U71/><E27/><V15/><F117/><W61/><G12/><T13/><D13/><U99/><E1/><V47/><F118/><W85/><G34/><AGARI ba="0,1" hai="24,31,34,44,48,54,57,63,65,80,87,89,96,97" machi="34" ten="30,2000,0" yaku="1,1,7,1,53,0" doraHai="112" doraHaiUra="39" who="0" fromWho="3" sc="152,30,384,0,301,0,153,-20" /><INIT seed="7,0,0,5,3,118" ten="182,384,301,133" oya="3" hai0="33,111,24,77,116,75,37,65,39,31,41,3,82" hai1="88,89,28,110,113,74,5,90,91,122,99,62,11" hai2="32,44,105,57,35,132,76,9,12,25,21,43,16" hai3="38,49,97,73,36,64,69,128,27,114,63,19,15"/><W72/><G114/><T52/><D111/><U101/><E122/><V13/><F105/><W42/><G128/><T45/><D116/><U120/><E120/><V51/><F132/><W95/><G27/><T40/><D65/><U124/><E110/><V55/><F76/><W106/><G106/><T126/><D52/><U100/><E74/><V102/><F102/><W34/><G34/><T92/><D92/><N who="1" m="56711" /><E124/><V94/><F94/><W78/><G49/><T79/><D79/><U80/><E80/><V108/><F108/><W22/><G42/><T47/><D126/><U14/><E113/><V133/><F133/><W18/><G18/><T4/><D4/><U61/><E28/><V87/><F87/><W115/><G115/><T70/><D3/><U56/><E62/><V8/><F12/><W119/><G119/><T50/><D50/><U85/><E85/><V83/><F83/><W135/><G135/><T26/><D26/><U2/><E2/><V121/><F121/><W134/><G134/><T96/><D96/><U20/><E20/><V1/><F1/><W81/><REACH who="3" step="1"/><G73/><REACH who="3" ten="182,384,301,123" step="2"/><T98/><D98/><U117/><E117/><V6/><REACH who="2" step="1"/><F9/><REACH who="2" ten="182,384,291,123" step="2"/><W127/><G127/><T17/><D75/><U104/><E104/><V103/><F103/><AGARI ba="0,2" hai="15,19,22,36,38,63,64,69,72,78,81,95,97,103" machi="103" ten="30,2900,0" yaku="1,1,7,1,53,0" doraHai="118" doraHaiUra="125" who="3" fromWho="2" sc="182,0,384,0,291,-29,123,49" /><INIT seed="7,1,0,2,3,61" ten="182,384,262,172" oya="3" hai0="60,63,129,125,26,4,32,128,58,94,71,105,9" hai1="127,11,92,33,126,41,97,122,110,80,17,86,81" hai2="52,101,99,88,8,135,54,82,15,72,35,1,68" hai3="47,120,12,75,18,53,90,95,7,93,10,42,40"/><W28/><G120/><T104/><D125/><N who="1" m="47627" /><E110/><V118/><F118/><W112/><G112/><T96/><D71/><U5/><E33/><V29/><F1/><W49/><G75/><T91/><D26/><U2/><E122/><V84/><F135/><W64/><G28/><T106/><D32/><U30/><E30/><V77/><F68/><W108/><G108/><T13/><D58/><U57/><E41/><V69/><F69/><W50/><G64/><T131/><AGARI ba="1,0" hai="4,9,13,60,63,91,94,96,104,105,106,128,129,131" machi="131" ten="40,2700,0" yaku="0,1,19,1" doraHai="61" who="0" fromWho="0" sc="182,30,384,-8,262,-8,172,-14" owari="212,-18.8,376,47.6,254,5.4,158,-34.2" /></mjloggm>