<mjloggm ver="2.3"><GO type="169" lobby="0"/><UN n0="%E5%A7%AB%E7%95%99" n1="%E3%81%82%E3%81%BE%E3%81%82%E3%82%93" n2="%43%65%6C%65%73%54%65" n3="%73%65%2D%74%61" dan="16,16,16,17" rate="2151.71,2074.57,2117.24,2198.05" sx="M,M,M,M"/><TAIKYOKU oya="0"/><INIT seed="0,0,0,2,2,88" ten="250,250,250,250" oya="0" hai0="126,79,90,20,45,67,133,130,122,69,75,15,85" hai1="101,108,129,112,120,57,114,35,48,113,107,135,119" hai2="46,21,78,84,66,56,83,109,73,55,100,42,5" hai3="89,61,121,27,19,105,22,72,106,94,16,59,87"/><T7/><D122/><U13/><E35/><V3/><F109/><W86/><G72/><T38/><D133/><U14/><E120/><V25/><F100/><W118/><G118/><T60/><D130/><U1/><E119/><V111/><F66/><W41/><G41/><T92/><D126/><U63/><E1/><V8/><F111/><W29/><G121/><T2/><D2/><U74/><E108/><V37/><F84/><W54/><REACH who="3" step="1"/><G87/><REACH who="3" ten="250,250,250,240" step="2"/><T77/><D75/><U76/><E74/><V17/><F55/><W116/><G116/><T26/><D38/><U93/><E113/><V4/><F4/><W39/><G39/><T52/><D7/><U36/><E112/><V70/><REACH who="2" step="1"/><F56/><REACH who="2" ten="250,250,240,240" step="2"/><W31/><G31/><T99/><D85/><U11/><E57/><V9/><F9/><W18/><AGARI ba="0,2" hai="16,18,19,22,27,29,54,59,61,86,89,94,105,106" machi="18" ten="30,7900,0" yaku="1,1,0,1,52,1,54,1,53,0" doraHai="88" doraHaiUra="65" who="3" fromWho="3" sc="250,-39,250,-20,240,-20,240,99" /><INIT seed="1,0,0,3,4,119" ten="211,230,220,339" oya="1" hai0="106,7,0,53,55,42,34,75,27,36,114,121,2" hai1="101,71,39,23,15,118,130,4,87,9,103,8,135" hai2="68,86,85,81,93,33,32,11,110,91,66,48,122" hai3="102,123,117,52,65,19,56,45,84,31,77,111,59"/><U22/><E118/><V57/><F110/><W132/><G117/><T82/><D114/><U72/><E72/><V127/><F127/><W54/><G123/><T115/><D115/><U74/><E74/><V16/><F68/><W112/><G112/><T89/><D106/><U79/><E71/><V60/><F48/><W58/><G31/><T124/><D124/><U67/><E39/><V49/><F49/><W126/><G126/><T100/><D100/><U44/><E130/><V30/><F30/><W24/><G102/><T131/><D131/><U73/><E73/><V125/><F125/><W120/><G120/><T108/><D108/><U83/><E135/><V95/><F122/><W97/><G97/><T63/><D7/><U99/><E67/><V35/><REACH who="2" step="1"/><F85/><REACH who="2" ten="211,230,210,339" step="2"/><W76/><G111/><T18/><D75/><U17/><E44/><V5/><F5/><W51/><G132/><T133/><D121/><U43/><E43/><V1/><F1/><W40/><G51/><T80/><D0/><U26/><E99/><V28/><F28/><W90/><G40/><T78/><D2/><U129/><E129/><V50/><F50/><W41/><G41/><T104/><D42/><U20/><E4/><V128/><F128/><W94/><G45/><T6/><D133/><U62/><E62/><V69/><F69/><W12/><G84/><T92/><D63/><U14/><E26/><V98/><F98/><W116/><G24/><T46/><D46/><U107/><E107/><V113/><F113/><W38/><G116/><T61/><D61/><U70/><E70/><V25/><F25/><RYUUKYOKU ba="0,1" sc="211,-15,230,15,210,15,339,-15" hai1="8,9,14,15,17,20,22,23,79,83,87,101,103" hai2="11,16,32,33,35,57,60,66,81,86,91,93,95" /><INIT seed="1,1,1,5,2,53" ten="196,245,225,324" oya="1" hai0="41,56,51,11,25,66,67,132,4,81,34,75,40" hai1="95,117,22,116,28,103,107,76,13,120,97,73,12" hai2="59,69,48,64,104,42,128,26,99,92,108,21,52" hai3="82,114,8,71,124,35,79,63,23,9,30,45,83"/><U129/><E120/><V16/><F108/><W122/><G122/><T24/><D132/><U15/><E129/><V17/><F104/><W6/><G35/><T0/><D67/><U57/><E73/><V102/><F128/><W94/><G114/><T96/><D96/><U111/><E76/><V77/><F77/><W38/><G124/><T118/><D118/><U60/><E111/><V27/><F42/><W1/><G9/><T19/><D75/><U87/><E87/><V88/><F69/><W109/><G109/><T47/><D81/><U10/><E107/><V70/><F70/><W80/><G94/><T68/><D68/><U31/><E10/><V90/><F64/><W74/><G71/><T135/><D135/><U86/><E86/><V131/><F131/><W125/><G125/><T61/><D34/><U7/><E7/><V115/><F115/><W110/><G110/><T2/><D2/><U65/><E31/><V85/><F85/><W126/><G126/><T100/><D100/><U72/><E72/><V106/><F106/><W37/><G37/><T29/><D29/><U98/><E98/><V54/><F54/><W113/><G113/><T105/><D105/><U39/><E39/><V50/><F50/><W121/><G121/><T127/><D127/><U84/><E84/><V18/><F27/><AGARI ba="1,1" hai="12,13,15,22,27,28,57,60,65,95,97,103,116,117" machi="27" ten="40,7700,0" yaku="25,2,52,1" doraHai="53" who="1" fromWho="2" sc="196,0,245,90,225,-80,324,0" /><INIT seed="1,2,0,2,0,67" ten="196,335,145,324" oya="1" hai0="114,38,92,60,61,22,9,117,122,17,53,103,97" hai1="56,104,99,7,105,110,37,8,25,121,45,71,118" hai2="83,29,73,88,59,10,95,128,86,109,126,30,15" hai3="57,52,135,54,26,58,63,0,85,36,87,64,44"/><U112/><E112/><V127/><F109/><W81/><G0/><T90/><D114/><U31/><E118/><V100/><F128/><W82/><G135/><T125/><D117/><U102/><E121/><V108/><F108/><W18/><G36/><T65/><D38/><U49/><E110/><V116/><F116/><W32/><G44/><T16/><D122/><U12/><E37/><V74/><F59/><W93/><G93/><T84/><D125/><N who="2" m="47626" /><F100/><W68/><G68/><T50/><D9/><U77/><E77/><N who="2" m="44463" /><F74/><W39/><G39/><T1/><D1/><U72/><E72/><V42/><F42/><W79/><G58/><T96/><D65/><U20/><E56/><V46/><F46/><W129/><G129/><T91/><D96/><U78/><E78/><V14/><F14/><W3/><G3/><T23/><D23/><U123/><E123/><V120/><F120/><W124/><G124/><T94/><D103/><U48/><E71/><V101/><F101/><W130/><G130/><T2/><D2/><U55/><REACH who="1" step="1"/><E48/><REACH who="1" ten="196,325,145,324" step="2"/><V19/><AGARI ba="2,1" hai="10,15,19,29,30,86,88,95" m="44463,47626" machi="19" ten="30,2000,0" yaku="18,1,54,1" doraHai="67" who="2" fromWho="2" sc="196,-7,325,-12,145,36,324,-7" /><INIT seed="2,0,0,5,2,48" ten="189,313,181,317" oya="2" hai0="113,116,135,63,65,32,36,130,103,91,134,27,99" hai1="84,24,74,127,16,102,126,55,76,21,53,78,4" hai2="121,101,97,44,31,19,46,87,77,112,124,35,107" hai3="109,133,68,93,128,58,39,62,42,96,54,106,120"/><V119/><F112/><W115/><G115/><T43/><D113/><U64/><E74/><V18/><F119/><W89/><G120/><T7/><D116/><U26/><E4/><V122/><F124/><N who="1" m="47657" /><E64/><V2/><F2/><W129/><G106/><T3/><D91/><U37/><E37/><V114/><F114/><W45/><G133/><T34/><D130/><N who="3" m="50281" /><G68/><T5/><D5/><U25/><E102/><V80/><F121/><W66/><G109/><T131/><D131/><U9/><E9/><V86/><F86/><W20/><G20/><T73/><D73/><U104/><E104/><V94/><F122/><W85/><G85/><T8/><D43/><U11/><E11/><V29/><F107/><W10/><G10/><T95/><D36/><U69/><E69/><V100/><F100/><W1/><G1/><T61/><D65/><AGARI ba="0,0" hai="39,42,45,54,58,62,65,66,89,93,96" m="50281" machi="65" ten="30,2000,0" yaku="19,1,52,1" doraHai="48" who="3" fromWho="0" sc="189,-20,313,0,181,0,317,20" /><INIT seed="3,0,0,1,5,52" ten="169,313,181,337" oya="3" hai0="67,123,124,65,34,69,106,120,103,117,77,36,39" hai1="38,41,35,114,6,18,102,16,91,25,97,55,1" hai2="121,118,10,2,110,133,14,109,122,17,15,134,71" hai3="9,7,19,64,112,56,40,20,68,126,98,46,30"/><W74/><G74/><T99/><D117/><U93/><E114/><V83/><F71/><W81/><G112/><T75/><D34/><U73/><E73/><V50/><F50/><W31/><G68/><T23/><D23/><U5/><E38/><V48/><F48/><W86/><G98/><T58/><D67/><U3/><E41/><V27/><F83/><W24/><G126/><T72/><D124/><U79/><E79/><V132/><F118/><W12/><G46/><T53/><D72/><U90/><E35/><V89/><F89/><W104/><G104/><T113/><D113/><U45/><E1/><V101/><F101/><W32/><G40/><T111/><D111/><N who="2" m="42506" /><F27/><W59/><G64/><T70/><D70/><U22/><E3/><V105/><F105/><W87/><G87/><T66/><D66/><U61/><E45/><V13/><F2/><N who="3" m="247" /><G31/><T28/><D28/><U100/><E91/><AGARI ba="0,0" hai="12,19,20,24,30,32,56,59,81,86,91" m="247" machi="91" ten="30,5800,0" yaku="24,1,52,2" doraHai="52" who="3" fromWho="1" sc="169,0,313,-58,181,0,337,58" /><INIT seed="3,1,0,0,2,116" ten="169,255,181,395" oya="3" hai0="13,0,50,7,104,6,126,29,79,53,14,83,98" hai1="87,44,73,125,27,18,9,123,85,11,130,132,94" hai2="82,47,81,93,19,28,133,20,69,86,62,38,105" hai3="26,22,76,15,75,111,115,21,30,101,102,8,31"/><W100/><G115/><T134/><D134/><U55/><E73/><V24/><F105/><W97/><G111/><T49/><D126/><U95/><E125/><V124/><F133/><W112/><G112/><T63/><D29/><U3/><E132/><V80/><F124/><W127/><G127/><T120/><D63/><U107/><E107/><V64/><F38/><W78/><G97/><T52/><D120/><U66/><E130/><V68/><F47/><W54/><G54/><T51/><D98/><U46/><E66/><V32/><F93/><W48/><G48/><T5/><D104/><U74/><E74/><V96/><F96/><W40/><G40/><T106/><D0/><U92/><E123/><V108/><F108/><W56/><G56/><T90/><D90/><U84/><E3/><V10/><F10/><N who="1" m="3593" /><E55/><V71/><REACH who="2" step="1"/><F86/><REACH who="2" ten="169,255,171,395" step="2"/><W37/><G37/><T70/><D106/><U114/><E114/><V2/><F2/><W88/><G75/><T109/><D109/><U67/><E46/><V57/><F57/><W99/><G8/><T61/><D70/><U4/><E44/><V117/><F117/><W33/><G99/><T16/><D61/><U91/><E91/><V118/><F118/><W45/><G88/><T103/><D103/><U35/><E85/><V113/><F113/><W89/><G45/><T122/><D122/><U129/><E84/><V23/><F23/><W39/><G22/><N who="0" m="11535" /><D79/><U119/><E119/><V72/><F72/><W60/><G78/><T12/><D83/><U34/><E87/><V17/><F17/><W41/><G76/><T121/><D121/><RYUUKYOKU ba="1,1" sc="169,15,255,-15,171,15,395,-15" hai0="5,6,7,12,14,49,50,51,52,53" hai2="19,20,24,28,32,62,64,68,69,71,80,81,82" /><INIT seed="4,2,1,5,5,67" ten="184,240,186,380" oya="0" hai0="127,98,131,109,19,135,108,20,46,79,95,91,123" hai1="15,118,106,94,100,4,41,13,93,63,61,134,45" hai2="120,129,86,83,68,59,103,90,102,114,28,40,17" hai3="22,88,10,130,97,110,105,70,34,122,71,27,92"/><T26/><D123/><U0/><E118/><V128/><F120/><W75/><G75/><T124/><D79/><U82/><E134/><V8/><F28/><W60/><G122/><T76/><D76/><U66/><E106/><V33/><F33/><W78/><G78/><T9/><D135/><U73/><E61/><V37/><F114/><W85/><G110/><N who="0" m="42603" /><D131/><N who="2" m="50250" /><F68/><W49/><G130/><T47/><D9/><U96/><E73/><V51/><F37/><W21/><G10/><T87/><D98/><U115/><E115/><V84/><F84/><W3/><G3/><T133/><D133/><U12/><E82/><V23/><F8/><W18/><G34/><T55/><D55/><U31/><E0/><V54/><F40/><W125/><G125/><AGARI ba="2,1" hai="19,20,26,46,47,87,91,95,124,125,127" m="42603" machi="125" ten="30,2900,0" yaku="18,1,10,1" doraHai="67" who="0" fromWho="3" sc="184,45,240,0,186,0,380,-35" /><INIT seed="4,3,0,4,2,82" ten="229,240,186,345" oya="0" hai0="49,25,13,108,79,3,89,104,113,97,121,1,120" hai1="21,50,84,53,118,38,74,12,29,119,126,63,131" hai2="101,116,10,41,19,7,22,20,78,17,23,88,0" hai3="94,64,47,90,30,134,42,129,117,26,77,5,28"/><T86/><D113/><U125/><E74/><V51/><F116/><W83/><G117/><T34/><D13/><U96/><E38/><V60/><F101/><W54/><G134/><T122/><D108/><U18/><E131/><V100/><F100/><W123/><G129/><T15/><D15/><U37/><E37/><V48/><F78/><W33/><G30/><T103/><D79/><U61/><E29/><V32/><F32/><W85/><G64/><T109/><D109/><U75/><E75/><V128/><F128/><W6/><G54/><T65/><D65/><U2/><E2/><V110/><F110/><W76/><G76/><T11/><D49/><U95/><E119/><V57/><F48/><W115/><G115/><T52/><D52/><U135/><E135/><V112/><F112/><W69/><G69/><T98/><D98/><U35/><E35/><V40/><F40/><W31/><G31/><T44/><D44/><U9/><E9/><V124/><F41/><W55/><G55/><T111/><D11/><U67/><E118/><V106/><F51/><W105/><G105/><T4/><D4/><U43/><E43/><V45/><F106/><W107/><G107/><T114/><D114/><U133/><E133/><V130/><F45/><W27/><G27/><T66/><D66/><U68/><E61/><V71/><F71/><W72/><G123/><T39/><D39/><AGARI ba="3,0" hai="5,6,26,28,33,39,42,47,72,77,83,85,90,94" machi="39" ten="30,2000,0" yaku="7,1,52,1" doraHai="82" who="3" fromWho="0" sc="229,-29,240,0,186,0,345,29" /><INIT seed="5,0,0,4,0,47" ten="200,240,186,374" oya="1" hai0="7,74,77,129,104,108,81,58,73,86,5,62,41" hai1="95,90,78,34,52,19,9,31,75,24,44,111,53" hai2="54,11,114,89,29,118,107,125,96,26,12,106,92" hai3="3,126,51,94,91,33,65,85,132,38,87,82,59"/><U10/><E111/><V133/><F118/><W25/><G38/><T119/><D108/><U50/><E19/><V93/><F125/><W79/><G3/><T127/><D119/><U109/><E109/><V88/><F133/><W36/><G36/><T42/><D104/><U124/><E124/><V45/><F114/><W32/><G132/><T80/><D127/><U72/><E53/><V123/><F123/><W0/><G0/><T13/><D129/><U64/><E64/><V102/><F102/><W6/><G6/><T84/><D74/><U98/><REACH who="1" step="1"/><E75/><REACH who="1" ten="200,230,186,374" step="2"/><V60/><F54/><W2/><G126/><T17/><D73/><U39/><E39/><V76/><F60/><W55/><G65/><N who="0" m="39127" /><D5/><U28/><E28/><V22/><F45/><W15/><G2/><T69/><D7/><U18/><E18/><V43/><F43/><W46/><G46/><T37/><D37/><U113/><E113/><V40/><F40/><W134/><G134/><T105/><D42/><U115/><E115/><V103/><F29/><W117/><G117/><T70/><D41/><U48/><E48/><V61/><F61/><W30/><G15/><T35/><D17/><U57/><E57/><V68/><F68/><W99/><G30/><T122/><D69/><U56/><E56/><V4/><F12/><W20/><G25/><T131/><D13/><U120/><E120/><V49/><F26/><W121/><G121/><T63/><D70/><U110/><E110/><V23/><F4/><W135/><G135/><T8/><D122/><U128/><E128/><V21/><F49/><W16/><G51/><RYUUKYOKU ba="0,1" sc="200,-10,230,30,186,-10,374,-10" hai1="9,10,24,31,34,44,50,52,72,78,90,95,98" /><INIT seed="5,1,1,5,0,69" ten="190,260,176,364" oya="1" hai0="48,93,103,17,78,47,124,39,50,98,114,135,54" hai1="52,32,107,82,3,120,62,14,58,132,128,6,67" hai2="64,113,66,31,91,4,80,20,40,127,90,99,5" hai3="57,59,18,37,131,16,7,36,70,15,44,26,77"/><U73/><E120/><V119/><F119/><W86/><G70/><T68/><D68/><U49/><E107/><V24/><F127/><W109/><G109/><T122/><D124/><U28/><E128/><V117/><F117/><W33/><G7/><N who="2" m="2633" /><F113/><W83/><G131/><T0/><D0/><U34/><E132/><V123/><F123/><W112/><G112/><T55/><D39/><U23/><E3/><V89/><F40/><W19/><G15/><T35/><D35/><U130/><E130/><V71/><F71/><W45/><G33/><T121/><D114/><U2/><E2/><V10/><F10/><W60/><G26/><T51/><D135/><U8/><E23/><V1/><F1/><W106/><G106/><T81/><D17/><U42/><E42/><V95/><F80/><W56/><REACH who="3" step="1"/><G60/><REACH who="3" ten="190,260,176,354" step="2"/><T79/><D122/><U76/><REACH who="1" step="1"/><E28/><REACH who="1" ten="190,250,176,354" step="2"/><V41/><F41/><W61/><G61/><T101/><D121/><U104/><E104/><V102/><AGARI ba="1,3" hai="20,24,31,64,66,89,90,91,95,99,102" m="2633" machi="102" ten="30,1100,0" yaku="8,1" doraHai="69" who="2" fromWho="2" sc="190,-4,250,-6,176,44,354,-4" /><INIT seed="6,0,0,0,0,88" ten="186,244,220,350" oya="2" hai0="133,20,103,79,51,10,119,52,78,15,77,7,91" hai1="83,37,59,62,118,116,60,55,16,97,69,115,38" hai2="21,100,26,9,80,129,92,96,81,74,66,106,32" hai3="87,132,86,85,53,68,114,75,90,71,54,95,117"/><V43/><F129/><W107/><G107/><T17/><D133/><U99/><E115/><V135/><F135/><W89/><G75/><T127/><D127/><U111/><E111/><V72/><F32/><W18/><G114/><T50/><D119/><U13/><E83/><V64/><F74/><W93/><G117/><T39/><D39/><U131/><E131/><V33/><F33/><W14/><G132/><T120/><D120/><U82/><E82/><N who="2" m="31851" /><F106/><W56/><G86/><T49/><D91/><U125/><E125/><V47/><F72/><W24/><G24/><T30/><D30/><U19/><E59/><V110/><F9/><W5/><G5/><T27/><REACH who="0" step="1"/><D103/><REACH who="0" ten="176,244,220,350" step="2"/><U76/><E38/><V63/><F110/><W28/><G28/><T4/><D4/><U31/><E37/><V1/><F1/><W94/><G89/><T11/><D11/><U46/><E118/><V113/><F113/><W122/><G122/><T126/><D126/><U61/><E116/><V41/><F100/><W42/><G90/><T8/><D8/><U40/><E31/><V121/><F121/><W44/><G18/><T108/><D108/><U123/><E19/><V134/><F134/><W36/><G36/><T67/><D67/><U104/><E16/><N who="2" m="12583" /><F64/><W101/><G101/><T84/><D84/><U29/><E29/><V112/><F112/><W73/><G87/><T48/><D48/><U130/><E123/><V65/><F65/><W45/><G85/><T22/><D22/><U105/><E130/><V102/><F66/><W58/><G73/><T109/><D109/><U124/><E124/><RYUUKYOKU ba="0,1" sc="176,30,244,-10,220,-10,350,-10" hai0="7,10,15,17,20,27,49,50,51,52,77,78,79" /><INIT seed="7,1,1,2,1,25" ten="206,234,210,340" oya="3" hai0="31,30,13,0,81,65,50,12,130,22,56,105,33" hai1="27,35,114,43,90,113,88,34,1,21,94,83,19" hai2="71,73,60,95,134,107,72,59,15,89,58,49,92" hai3="8,115,133,68,123,108,37,110,103,119,86,74,47"/><W66/><G74/><T62/><D0/><U45/><E1/><V24/><F107/><W116/><G123/><T20/><D105/><U14/><E83/><V57/><F134/><W117/><G103/><T84/><D130/><U126/><E126/><V9/><F73/><W129/><G129/><T102/><D102/><U131/><E131/><V61/><F72/><W40/><G133/><T17/><D33/><N who="1" m="12299" /><E14/><N who="0" m="5737" /><D50/><N who="1" m="26943" /><E94/><V46/><F92/><W18/><G8/><T69/><D69/><U118/><E118/><V80/><F80/><W38/><G18/><T67/><D67/><U78/><E78/><V39/><F39/><N who="3" m="21919" /><G86/><T2/><D2/><U124/><E124/><V53/><F24/><W91/><G91/><N who="0" m="51599" /><D17/><U41/><E41/><V97/><F71/><W44/><G44/><T104/><D104/><U75/><E75/><V70/><F70/><W36/><G115/><AGARI ba="1,1" hai="19,21,27,88,90,113,114,115" m="26943,12299" machi="115" ten="30,2000,0" yaku="15,1,54,1" doraHai="25" who="1" fromWho="3" sc="206,0,234,33,210,0,340,-23" owari="206,-29.4,267,6.7,210,-19.0,317,41.7" /></mjloggm>