<mjloggm ver="2.3"><GO type="169" lobby="0"/><UN n0="%53%6F%6C%69%64" n1="%E9%9B%AA%E3%81%AE%E8%8F%AF" n2="%E3%81%9F%E3%81%8F%E3%81%98%E3%82%8D%E3%81%86" n3="%E8%8F%85%E7%94%B0%E5%B0%86%E6%9A%89%28%E5%81%BD%E7%89%A9%29" dan="17,16,18,16" rate="2163.19,2115.23,2152.13,2191.18" sx="M,F,M,M"/><TAIKYOKU oya="0"/><INIT seed="0,0,0,0,5,24" ten="250,250,250,250" oya="0" hai0="112,88,130,116,32,10,119,87,66,38,114,59,131" hai1="54,98,111,128,57,13,27,67,102,37,79,1,135" hai2="126,41,46,43,39,133,45,74,90,65,81,36,110" hai3="94,4,23,55,106,101,68,34,107,33,78,85,113"/><T25/><D38/><U14/><E1/><V47/><F110/><W100/><G113/><N who="0" m="43627" /><D66/><U115/><E111/><V42/><F133/><W86/><G68/><T71/><D71/><U60/><E37/><N who="2" m="14411" /><F90/><W8/><G23/><T69/><D69/><U76/><E115/><V63/><F81/><W31/><G8/><T96/><D59/><U91/><E128/><N who="0" m="49193" /><D10/><U123/><E123/><V82/><F82/><W72/><G94/><N who="0" m="54559" /><D96/><U129/><E98/><V6/><F6/><W120/><G4/><T77/><D77/><U125/><E79/><V127/><F74/><W75/><G78/><T84/><D84/><U122/><E76/><V61/><F65/><W19/><G55/><T118/><D25/><U103/><E27/><V134/><F134/><W49/><G49/><T28/><D32/><U44/><E135/><V99/><F99/><W70/><G70/><T17/><D17/><U73/><E129/><V2/><F2/><W132/><G19/><T48/><D48/><U56/><E67/><V30/><F30/><AGARI ba="0,0" hai="28,30,116,118,119" m="54559,49193,43627" machi="30" ten="40,12000,1" yaku="19,1,52,2,54,1" doraHai="24" who="0" fromWho="2" sc="250,120,250,0,250,-120,250,0" /><INIT seed="0,1,0,2,0,94" ten="370,250,130,250" oya="0" hai0="69,21,128,86,124,10,50,44,12,51,14,45,41" hai1="48,129,116,87,5,113,31,104,115,25,75,71,118" hai2="108,84,62,47,32,3,76,111,121,39,15,33,28" hai3="101,107,70,100,0,95,83,61,98,34,120,29,9"/><T106/><D69/><U77/><E71/><V134/><F3/><W60/><G120/><T42/><D106/><U99/><E48/><V114/><F121/><W43/><G70/><T68/><D68/><U2/><E5/><V88/><F114/><N who="1" m="43529" /><E2/><V74/><F134/><W73/><G43/><T78/><D124/><U96/><E129/><V11/><F62/><W85/><G0/><T64/><D128/><U8/><E8/><V13/><F76/><W103/><G9/><T125/><D125/><U130/><E130/><V117/><F74/><W105/><G29/><T67/><D21/><N who="1" m="15791" /><E87/><V132/><F132/><W17/><G17/><T18/><REACH who="0" step="1"/><D14/><REACH who="0" ten="360,250,130,250" step="2"/><U123/><E123/><V24/><F15/><W102/><G34/><T72/><D72/><U93/><E104/><V56/><F33/><W122/><G122/><T52/><D52/><U40/><E40/><V4/><F32/><W36/><G105/><T112/><D112/><U7/><E7/><V135/><F135/><W89/><G36/><T63/><D63/><U54/><E54/><V46/><F39/><W97/><G73/><T80/><AGARI ba="1,1" hai="10,12,18,41,42,44,45,50,51,64,67,78,80,86" machi="80" ten="30,12000,1" yaku="1,1,0,1,9,1,8,1,53,1" doraHai="94" doraHaiUra="82" who="0" fromWho="0" sc="360,133,250,-41,130,-41,250,-41" /><INIT seed="0,2,0,2,3,77" ten="493,209,89,209" oya="0" hai0="110,134,113,81,119,18,5,106,91,85,34,109,49" hai1="92,59,46,35,55,129,53,54,0,95,93,80,117" hai2="122,125,128,112,23,71,24,94,26,15,65,33,88" hai3="30,45,44,9,107,68,50,16,27,89,25,64,126"/><T32/><D113/><U7/><E35/><V48/><F112/><W2/><G107/><T66/><D119/><U102/><E117/><V17/><F122/><W6/><G126/><T108/><D106/><U84/><E129/><V60/><F125/><W40/><G68/><T3/><D134/><U19/><E7/><V120/><F120/><W97/><G64/><T57/><D18/><U78/><E0/><V58/><F33/><W79/><G79/><T96/><D96/><U100/><E46/><V73/><F73/><W82/><G44/><T116/><D116/><U12/><REACH who="1" step="1"/><E59/><REACH who="1" ten="493,199,89,209" step="2"/><V98/><REACH who="2" step="1"/><F128/><REACH who="2" ten="493,199,79,209" step="2"/><W115/><G115/><T37/><D34/><U132/><E132/><V41/><F41/><W36/><G40/><T39/><D32/><U127/><E127/><V10/><F10/><AGARI ba="2,2" hai="10,12,19,53,54,55,78,80,84,92,93,95,100,102" machi="10" ten="40,12000,2" yaku="1,1,8,1,52,1,53,3" doraHai="77" doraHaiUra="51" who="1" fromWho="2" sc="493,0,199,146,79,-126,209,0" owari="493,59.3,345,14.5,-47,-54.7,209,-19.1" /></mjloggm>