<mjloggm ver="2.3"><GO type="169" lobby="0"/><UN n0="%53%68%69%4C%50%59%6F" n1="%E3%83%97%E3%83%AC%E3%82%B9%E3%83%97" n2="%E3%81%A6%E3%82%93%E3%81%8F%E3%81%86" n3="%61%6B%69%62%61%62%61%6E" dan="17,16,16,17" rate="2152.89,2184.77,2179.09,2161.75" sx="M,M,M,M"/><TAIKYOKU oya="0"/><INIT seed="0,0,0,2,1,41" ten="250,250,250,250" oya="0" hai0="22,74,33,9,31,17,29,87,121,28,20,89,62" hai1="58,109,68,128,91,60,64,104,12,96,127,37,40" hai2="84,83,116,35,133,120,34,78,11,56,8,57,21" hai3="59,126,115,53,2,3,94,92,38,52,75,93,82"/><T114/><D74/><U132/><E109/><V98/><F120/><W36/><G115/><T19/><D121/><U99/><E127/><V85/><F133/><W16/><G126/><T69/><D114/><U23/><E132/><V107/><F107/><W90/><G53/><T27/><D62/><U86/><E128/><V113/><F113/><W119/><G119/><T71/><D71/><U13/><E104/><V14/><F21/><N who="0" m="8298" /><D69/><U54/><E96/><V24/><F98/><W129/><G129/><T39/><D87/><U108/><E99/><V97/><F97/><W10/><G2/><T4/><D89/><U135/><E108/><V44/><F14/><W110/><G110/><T77/><D39/><U5/><E5/><V47/><F24/><W30/><G30/><N who="0" m="11883" /><D77/><U117/><E23/><V15/><F15/><AGARI ba="0,0" hai="4,9,15,17,19,27,31,33" m="11883,8298" machi="15" ten="30,12000,1" yaku="35,5" doraHai="41" who="0" fromWho="2" sc="250,120,250,0,250,-120,250,0" /><INIT seed="0,1,0,4,4,51" ten="370,250,130,250" oya="0" hai0="94,55,8,42,63,39,75,92,77,71,108,33,111" hai1="116,86,115,11,13,114,50,46,44,123,36,49,20" hai2="29,15,96,121,41,118,34,40,88,53,16,30,91" hai3="52,78,95,67,68,73,117,12,5,70,35,4,122"/><T134/><D33/><U133/><E116/><V125/><F121/><W74/><G117/><T69/><D134/><U132/><E20/><V79/><F118/><W61/><G122/><T90/><D8/><U25/><E25/><V26/><F125/><W56/><G35/><T76/><D39/><U19/><E123/><V80/><F30/><W104/><G104/><T128/><D42/><U102/><E102/><V112/><F112/><N who="1" m="43049" /><E36/><V28/><F28/><W130/><G130/><T110/><D128/><U109/><E86/><V7/><F7/><W1/><G1/><T85/><D92/><U58/><E58/><V98/><F98/><W106/><G106/><T32/><D32/><U103/><E103/><V87/><F53/><W24/><G24/><T21/><D21/><U120/><E109/><V22/><REACH who="2" step="1"/><F91/><REACH who="2" ten="370,250,120,250" step="2"/><W119/><G119/><T105/><D110/><U101/><E120/><V135/><F135/><W2/><G4/><T131/><D108/><U17/><E17/><V14/><F14/><W82/><G12/><T47/><D111/><U9/><E101/><V27/><F27/><W10/><G67/><T43/><D90/><U45/><E11/><V126/><F126/><W72/><REACH who="3" step="1"/><G95/><AGARI ba="1,1" hai="15,16,22,26,29,34,40,41,79,80,87,88,95,96" machi="95" ten="40,5200,0" yaku="1,1,54,2,53,0" doraHai="51" doraHaiUra="0" who="2" fromWho="3" sc="370,0,250,0,120,65,250,-55" /><INIT seed="1,0,0,2,3,97" ten="370,250,185,195" oya="1" hai0="36,28,87,32,93,91,105,20,78,33,130,31,70" hai1="74,63,59,47,44,58,21,115,114,86,12,18,5" hai2="38,127,112,106,23,121,40,57,49,96,77,84,126" hai3="62,46,30,83,55,25,85,119,50,4,54,39,110"/><U42/><E74/><V135/><F121/><W61/><G110/><T45/><D70/><U37/><E5/><V13/><F38/><W94/><G119/><T89/><D105/><U128/><E128/><V95/><F106/><W6/><G39/><T66/><D66/><U88/><E44/><V1/><F1/><W26/><G94/><T56/><D130/><U17/><E17/><V111/><F111/><W69/><G69/><T2/><D2/><U75/><E75/><V60/><F135/><W108/><G108/><T29/><D78/><U52/><REACH who="1" step="1"/><E59/><REACH who="1" ten="370,240,185,195" step="2"/><V34/><F57/><W133/><G4/><T134/><D56/><U109/><E109/><V129/><F129/><W120/><G6/><T82/><D45/><U68/><E68/><V35/><F127/><W73/><G73/><T103/><D134/><U0/><E0/><V10/><F126/><W15/><G133/><T16/><D36/><U53/><E53/><V131/><F131/><W124/><G55/><T8/><D16/><U27/><E27/><V123/><F123/><W22/><G120/><T43/><D29/><U118/><E118/><V3/><F3/><W71/><G71/><T51/><D31/><U14/><E14/><V117/><F13/><W81/><G124/><T92/><D28/><U99/><E99/><V72/><F72/><W107/><G15/><T41/><D87/><U125/><E125/><V104/><F117/><W122/><G122/><T101/><D41/><U64/><E64/><V67/><F67/><W100/><G26/><T116/><D43/><U79/><E79/><V7/><F77/><RYUUKYOKU ba="0,1" sc="370,-10,240,30,185,-10,195,-10" hai1="12,18,21,37,42,47,52,58,63,86,88,114,115" /><INIT seed="1,1,1,0,5,63" ten="360,270,175,185" oya="1" hai0="13,120,84,64,45,29,134,130,129,86,33,121,131" hai1="11,96,15,20,55,75,21,115,25,5,60,116,70" hai2="83,51,40,71,35,95,47,107,58,59,38,113,132" hai3="8,104,10,9,3,42,67,65,98,50,126,79,61"/><U81/><E115/><V101/><F107/><W77/><G3/><T128/><D134/><U73/><E116/><V118/><F35/><W82/><G126/><T27/><N who="0" m="32768" /><DORA hai="78" /><T53/><D13/><U123/><E123/><N who="0" m="47177" /><D64/><N who="3" m="24649" /><G104/><T54/><D45/><U109/><E70/><V117/><F83/><W105/><G105/><T124/><D124/><U93/><E109/><V32/><F32/><W85/><G61/><T100/><D100/><U43/><E43/><V62/><F101/><W12/><G98/><T0/><D0/><U97/><E97/><V24/><F113/><W99/><G99/><T80/><D86/><U114/><E114/><V74/><F117/><W34/><G34/><T111/><D111/><U37/><E37/><V2/><F38/><W88/><G12/><T6/><D6/><U69/><E69/><V17/><F17/><W57/><G57/><T36/><D36/><U108/><E108/><V125/><F59/><W106/><G106/><T56/><D56/><U122/><E122/><V23/><F58/><W52/><G52/><T133/><D133/><U119/><E55/><V14/><F132/><W103/><G103/><T16/><D16/><U22/><E119/><V46/><F71/><W31/><G31/><T110/><D110/><U18/><E60/><V28/><F62/><W7/><G7/><T19/><D19/><U90/><REACH who="1" step="1"/><E73/><REACH who="1" ten="360,260,175,185" step="2"/><V127/><F74/><W48/><G48/><T87/><D87/><U72/><E72/><V41/><F118/><W26/><G50/><T49/><D49/><U30/><E30/><V112/><F51/><W76/><G42/><RYUUKYOKU ba="1,2" sc="360,10,260,10,175,-30,185,10" hai0="27,29,33,53,54,80,84" hai1="5,11,15,18,20,21,22,25,75,81,90,93,96" hai3="8,9,10,26,76,77,79,82,85,88" /><INIT seed="1,2,2,0,3,134" ten="370,270,145,195" oya="1" hai0="59,15,72,119,99,78,64,115,94,11,5,81,104" hai1="85,86,18,13,4,42,127,96,89,22,12,102,65" hai2="135,129,113,17,32,101,120,26,73,60,114,21,51" hai3="74,9,84,126,7,31,98,68,71,24,106,39,105"/><U118/><E118/><V1/><F73/><W128/><G84/><T40/><D119/><U107/><E42/><V49/><F120/><W67/><G128/><T10/><D115/><N who="2" m="44042" /><F1/><N who="3" m="239" /><G39/><T57/><D104/><N who="3" m="40041" /><G98/><T50/><D64/><U77/><E127/><V133/><F101/><W0/><G0/><T25/><D25/><U79/><E65/><V28/><F60/><N who="3" m="40039" /><G71/><T88/><REACH who="0" step="1"/><D10/><REACH who="0" ten="360,270,145,195" step="2"/><U103/><E102/><V19/><F129/><W2/><G2/><T45/><AGARI ba="2,3" hai="5,11,15,40,45,50,57,59,72,78,81,88,94,99" machi="45" ten="30,8000,1" yaku="1,1,2,1,0,1,54,1,53,1" doraHai="134" doraHaiUra="87" who="0" fromWho="0" sc="360,116,270,-42,145,-22,195,-22" /><INIT seed="2,0,0,0,4,103" ten="476,228,123,173" oya="2" hai0="92,13,57,97,62,15,130,27,70,76,32,111,29" hai1="117,120,78,64,96,30,81,107,135,58,119,87,112" hai2="35,86,25,121,125,1,63,85,102,126,100,118,83" hai3="59,17,43,68,23,66,4,53,11,84,61,108,38"/><V2/><F63/><W19/><G108/><T128/><D111/><U99/><E30/><V46/><F46/><N who="3" m="23927" /><G84/><T54/><D76/><U34/><E34/><V16/><F118/><W80/><G80/><T74/><D70/><U60/><E112/><V77/><F121/><W21/><G21/><T36/><D36/><U26/><E26/><V8/><F86/><W79/><G23/><T94/><D94/><U12/><E135/><V41/><F41/><W115/><G79/><T90/><REACH who="0" step="1"/><D74/><REACH who="0" ten="466,228,123,173" step="2"/><U44/><E120/><V132/><F77/><W122/><G122/><T48/><D48/><U71/><E117/><V5/><F132/><W22/><G115/><T14/><AGARI ba="0,1" hai="13,14,15,27,29,32,54,57,62,90,92,97,128,130" machi="14" ten="30,2000,0" yaku="1,1,0,1,53,0" doraHai="103" doraHaiUra="116" who="0" fromWho="0" sc="466,30,228,-5,123,-10,173,-5" /><INIT seed="3,0,0,1,3,54" ten="496,223,113,168" oya="3" hai0="127,51,2,133,23,55,50,113,27,33,82,44,129" hai1="105,116,72,49,66,123,92,101,39,94,25,56,89" hai2="115,109,135,19,128,64,104,57,131,43,5,108,4" hai3="86,53,102,81,14,13,40,119,70,76,87,29,67"/><W134/><G119/><T130/><D2/><U73/><E123/><V30/><F104/><W8/><G134/><T74/><D133/><U20/><E39/><V17/><F135/><W59/><G40/><T107/><D107/><U69/><E116/><V41/><F30/><W125/><G125/><T99/><D33/><U12/><E69/><V75/><F75/><W112/><G112/><T122/><D122/><U36/><E36/><V10/><F10/><W83/><G102/><T45/><D99/><U65/><E12/><V78/><F78/><W114/><G114/><T62/><D62/><U15/><E15/><V111/><F115/><W35/><G67/><T42/><D127/><U1/><E1/><V6/><F57/><W58/><G70/><T98/><D98/><U96/><E92/><V32/><F32/><W93/><G93/><T22/><D113/><U11/><E11/><V106/><F64/><W118/><G118/><T100/><D100/><U63/><E49/><V121/><F106/><W7/><G14/><T47/><D47/><U88/><E66/><V18/><F121/><W80/><G53/><T26/><D82/><N who="3" m="31849" /><G87/><T85/><D85/><U120/><E120/><V16/><N who="2" m="4096" /><DORA hai="124" /><V61/><F61/><W95/><G95/><T110/><D42/><AGARI ba="0,0" hai="4,5,6,41,42,43,108,109,111,128,131" m="4096" machi="42" ten="70,16000,3" yaku="29,2,28,2,14,1,52,2,54,1" doraHai="54,124" who="2" fromWho="0" sc="496,-160,223,0,113,160,168,0" /><INIT seed="4,0,0,4,2,130" ten="336,223,273,168" oya="0" hai0="119,112,133,68,111,73,122,23,117,51,106,91,93" hai1="18,82,41,109,57,19,31,116,83,9,35,29,60" hai2="114,80,115,71,26,86,17,46,113,34,88,8,64" hai3="134,108,74,66,6,127,110,42,2,77,132,89,100"/><T36/><RYUUKYOKU type="yao9" ba="0,0" sc="336,0,223,0,273,0,168,0" hai0="23,36,51,68,73,91,93,106,111,112,117,119,122,133" /><INIT seed="4,1,0,3,0,90" ten="336,223,273,168" oya="0" hai0="79,66,5,52,38,69,28,26,42,109,40,25,9" hai1="49,47,89,122,100,106,113,135,17,64,117,128,97" hai2="63,32,57,59,105,37,70,134,83,21,39,53,86" hai3="41,98,45,8,96,23,76,125,95,65,56,29,82"/><T99/><D109/><U123/><E117/><V92/><F32/><W133/><G125/><T58/><D79/><U127/><E127/><V71/><F105/><W101/><G133/><T108/><D108/><U20/><E135/><V13/><F134/><W44/><G8/><T61/><D38/><U74/><E74/><V51/><F37/><W6/><G6/><T73/><D73/><U18/><E128/><V35/><F39/><W116/><G116/><T62/><D26/><U120/><E64/><V107/><F107/><W130/><G130/><T119/><D99/><U15/><E113/><V78/><F35/><W91/><G76/><T68/><D68/><U81/><E18/><N who="2" m="10447" /><F71/><W43/><G43/><T85/><D85/><U121/><N who="1" m="30720" /><DORA hai="124" /><U31/><E31/><V12/><F70/><W54/><G41/><T111/><D111/><U118/><E118/><V0/><F0/><W2/><G2/><T22/><REACH who="0" step="1"/><D119/><REACH who="0" ten="326,223,273,168" step="2"/><U3/><E97/><V27/><F27/><N who="3" m="16639" /><G98/><T46/><D46/><U114/><E47/><V16/><F86/><N who="3" m="50647" /><G65/><T77/><D77/><U110/><E110/><V115/><F78/><W103/><G103/><T11/><D11/><U72/><E100/><V131/><F131/><W80/><G80/><T75/><D75/><U87/><E72/><V7/><F83/><W48/><AGARI ba="1,1" hai="44,45,48,54,56,95,96,101" m="50647,16639" machi="48" ten="30,2000,0" yaku="8,1,52,1" doraHai="90,124" who="3" fromWho="3" sc="326,-11,223,-6,273,-6,168,33" /><INIT seed="5,0,0,3,0,48" ten="315,217,267,201" oya="1" hai0="94,130,43,4,98,45,90,35,54,18,131,100,102" hai1="74,119,10,77,132,3,71,88,26,14,33,60,96" hai2="70,50,84,67,89,91,12,2,37,76,72,58,19" hai3="80,62,78,113,128,49,124,123,42,101,55,126,30"/><U104/><E119/><V95/><F37/><W40/><G123/><T85/><D35/><U59/><E132/><V9/><F2/><W11/><G113/><T93/><D4/><U68/><E3/><V63/><F72/><W109/><G109/><T20/><D100/><U65/><E74/><V111/><F76/><W47/><G128/><T75/><D75/><U5/><E77/><V7/><F111/><W87/><G30/><T92/><D92/><U120/><E120/><V21/><F89/><W82/><G101/><T110/><D54/><U108/><E108/><V53/><REACH who="2" step="1"/><F7/><REACH who="2" ten="315,217,257,201" step="2"/><W118/><G118/><T15/><REACH who="0" step="1"/><D110/><REACH who="0" ten="305,217,257,201" step="2"/><U112/><E5/><V56/><F56/><W27/><G124/><T8/><D8/><AGARI ba="0,2" hai="8,9,12,19,21,50,53,58,63,67,70,84,91,95" machi="8" ten="40,8000,1" yaku="1,1,25,2,52,1,53,0" doraHai="48" doraHaiUra="1" who="2" fromWho="0" sc="305,-80,217,0,257,100,201,0" /><INIT seed="6,0,0,2,2,58" ten="225,217,357,201" oya="2" hai0="28,122,131,65,51,73,29,97,101,7,64,43,94" hai1="23,84,10,79,41,126,47,72,76,21,14,85,20" hai2="106,17,37,87,104,49,40,46,30,120,26,110,19" hai3="27,71,16,103,67,90,34,22,53,59,109,77,81"/><V78/><F120/><W69/><G109/><T50/><D122/><U60/><E126/><V119/><F119/><W93/><G103/><T55/><D73/><U111/><E111/><V107/><F110/><W61/><G34/><T18/><D131/><U13/><E72/><V135/><F135/><W11/><G11/><T134/><D134/><U8/><E47/><V89/><F78/><N who="1" m="29737" /><E41/><V130/><F37/><W38/><G38/><T70/><D7/><U100/><E100/><V39/><F39/><W123/><G123/><T86/><D70/><U132/><E60/><V115/><F115/><W80/><G67/><N who="0" m="25675" /><D86/><N who="1" m="33387" /><E132/><V24/><F130/><W127/><G127/><T48/><D43/><U35/><E35/><V121/><F121/><W113/><G113/><T36/><D36/><U99/><E99/><V82/><REACH who="2" step="1"/><F24/><REACH who="2" ten="225,217,347,201" step="2"/><W98/><G80/><T45/><D45/><U44/><E44/><V102/><F102/><W88/><G90/><T3/><D101/><U68/><E68/><V92/><F92/><W128/><G128/><T96/><D94/><U112/><E112/><V75/><F75/><AGARI ba="0,1" hai="16,22,27,53,59,61,69,71,75,77,81,88,93,98" machi="75" ten="30,12000,2" yaku="7,1,25,2,52,1,54,2" doraHai="58" who="3" fromWho="2" sc="225,0,217,0,347,-120,201,130" /><INIT seed="7,0,0,5,2,6" ten="225,217,227,331" oya="3" hai0="73,72,115,38,132,16,103,55,44,61,37,89,30" hai1="10,27,117,82,21,26,9,56,48,62,91,99,135" hai2="131,15,109,100,74,4,119,112,22,81,133,0,93" hai3="14,120,58,70,41,87,28,25,69,130,105,79,85"/><W63/><G120/><T95/><D103/><U98/><E135/><V80/><F93/><W106/><G41/><T33/><D132/><U104/><E117/><V124/><F15/><W17/><G70/><T1/><D1/><U32/><E32/><V52/><F52/><W34/><G69/><T96/><D115/><U54/><E104/><V111/><F22/><W39/><G39/><T40/><D37/><U18/><E27/><V71/><F4/><W84/><G79/><T122/><D122/><U126/><E126/><V88/><F88/><W51/><G51/><T128/><D128/><U118/><E118/><V5/><F5/><W127/><G130/><T78/><D78/><U50/><E82/><V7/><F81/><W3/><G3/><T31/><D16/><U68/><E68/><V110/><F110/><W49/><G49/><N who="1" m="19050" /><E91/><V121/><F100/><W86/><N who="3" m="21504" /><DORA hai="108" /><W90/><G90/><T64/><D55/><U129/><E129/><V29/><F80/><W107/><G127/><T65/><D65/><U47/><E47/><V101/><F101/><W97/><G97/><AGARI ba="0,0" hai="9,10,18,21,26,54,56,62,97,98,99" m="19050" machi="97" ten="30,3900,0" yaku="8,1,52,2" doraHai="6,108" who="1" fromWho="3" sc="225,0,217,39,227,0,331,-39" /><INIT seed="8,0,0,1,4,16" ten="225,256,227,292" oya="0" hai0="60,53,40,49,27,33,47,93,22,32,91,107,69" hai1="3,92,56,55,70,35,30,13,128,96,66,8,41" hai2="81,95,88,75,39,65,82,11,64,5,9,36,100" hai3="4,103,99,131,18,26,45,7,73,118,54,37,78"/><T105/><D105/><U114/><E128/><V104/><F104/><W119/><G131/><T63/><D107/><U117/><E117/><N who="3" m="44554" /><G18/><N who="0" m="12759" /><D69/><U121/><E3/><V25/><F25/><W77/><G26/><T59/><D60/><U62/><E121/><V90/><F95/><N who="3" m="58879" /><G73/><T57/><D57/><U87/><E87/><V116/><F116/><W129/><G129/><T14/><D14/><U19/><E41/><V130/><F130/><W68/><G68/><T61/><D61/><U110/><E110/><V84/><F84/><W89/><G89/><T101/><D101/><U24/><E114/><V98/><F100/><W0/><G0/><T42/><D40/><U123/><E123/><V38/><F38/><W125/><G125/><T111/><D111/><U126/><E126/><V72/><REACH who="2" step="1"/><F5/><REACH who="2" ten="225,256,217,292" step="2"/><N who="3" m="2123" /><G37/><T17/><D17/><U76/><E19/><V34/><F34/><W124/><G124/><T113/><D113/><U15/><E35/><V127/><F127/><W134/><G134/><T109/><D109/><U1/><E24/><V74/><F74/><W46/><G46/><T80/><D80/><U44/><E44/><V51/><F51/><AGARI ba="0,1" hai="45,51,54,77,78" m="2123,58879,44554" machi="51" ten="30,1000,0" yaku="16,1" doraHai="16" who="3" fromWho="2" sc="225,0,256,0,217,-10,292,20" owari="225,-17.5,256,5.6,207,-29.3,312,41.2" /></mjloggm>