<mjloggm ver="2.3"><GO type="169" lobby="0"/><UN n0="%E3%81%9B%E3%81%A9%E3%81%AA%E3%82%8A%E3%81%82%E3%82%93" n1="%41%4C%50%45%52%49%4E" n2="%74%61%6B%65%2D%79%6F%75" n3="%E3%82%B9%E3%82%AB%E3%83%9D%E3%83%B3" dan="17,17,17,17" rate="2149.46,2156.66,2245.79,2244.30" sx="F,M,M,M"/><TAIKYOKU oya="0"/><INIT seed="0,0,0,0,1,48" ten="250,250,250,250" oya="0" hai0="91,13,63,20,131,43,120,124,64,69,84,107,2" hai1="77,16,114,3,74,101,134,61,133,95,110,35,17" hai2="52,57,58,39,21,50,24,44,70,60,83,126,71" hai3="0,82,99,128,34,72,19,9,15,5,98,38,93"/><T118/><D118/><U62/><E3/><V1/><F1/><W130/><G34/><T51/><D120/><U45/><E35/><V46/><F83/><W29/><G29/><T56/><D2/><U112/><E45/><N who="2" m="17515" /><F21/><W59/><G38/><T40/><D124/><U22/><E77/><V76/><F24/><W14/><G59/><T42/><D131/><N who="3" m="50217" /><G93/><T115/><D115/><N who="1" m="44075" /><E74/><V81/><F81/><W116/><G116/><T100/><D100/><U127/><E110/><V31/><F76/><N who="3" m="44295" /><G15/><T36/><D107/><U106/><E106/><V47/><F31/><W90/><G90/><T111/><D36/><U25/><E17/><V135/><F126/><W37/><G37/><T97/><D111/><U67/><E127/><V41/><F135/><N who="1" m="51721" /><E67/><AGARI ba="0,0" hai="39,41,47,50,52,57,58,60,67,70,71" m="17515" machi="67" ten="30,12000,2" yaku="35,5,52,1,54,1" doraHai="48" who="2" fromWho="1" sc="250,0,250,-120,250,120,250,0" /><INIT seed="1,0,0,0,1,116" ten="250,130,370,250" oya="1" hai0="76,92,111,96,133,119,73,67,63,6,64,74,100" hai1="44,106,101,82,87,91,104,114,102,18,47,24,28" hai2="108,38,29,110,41,46,35,115,75,132,124,66,22" hai3="40,54,130,83,69,62,21,127,135,78,50,16,131"/><U55/><E114/><V4/><F35/><W126/><G40/><T98/><D119/><U93/><E18/><V11/><F75/><W84/><G69/><T12/><D111/><N who="2" m="42538" /><F132/><W72/><G62/><T30/><D30/><U5/><E5/><V8/><F124/><N who="3" m="47659" /><G72/><T59/><D133/><U36/><E47/><V42/><F115/><W49/><G135/><T94/><D76/><U95/><E106/><V123/><F123/><W88/><G78/><T27/><D27/><U23/><E104/><V1/><F66/><W99/><G99/><T20/><D67/><U112/><E112/><V86/><F42/><W107/><G107/><T134/><D134/><U85/><E36/><V39/><F86/><W43/><G43/><T17/><REACH who="0" step="1"/><D6/><REACH who="0" ten="240,130,370,250" step="2"/><U32/><E32/><V90/><F4/><W61/><G131/><T52/><D52/><U53/><E53/><V77/><F77/><W70/><G130/><T15/><D15/><U2/><E2/><V37/><F1/><W80/><G54/><T128/><D128/><U9/><E55/><V68/><F38/><W58/><G58/><T3/><D3/><U129/><E129/><V103/><F39/><W33/><G33/><T60/><D60/><U10/><E44/><V48/><F37/><W81/><G61/><T31/><D31/><U56/><E56/><V26/><F46/><W25/><G70/><T118/><D118/><U51/><E28/><V7/><F68/><W19/><G19/><T13/><D13/><U89/><E24/><V122/><F26/><W121/><G121/><T57/><D57/><U105/><E51/><AGARI ba="0,1" hai="16,21,25,49,50,51,80,81,83,84,88" m="47659" machi="51" ten="30,7700,0" yaku="6,1,18,1,54,2" doraHai="116" who="3" fromWho="1" sc="240,0,130,-77,370,0,250,87" /><INIT seed="2,0,0,2,0,58" ten="240,53,370,337" oya="2" hai0="134,61,113,88,107,34,121,69,41,116,101,50,105" hai1="73,112,83,52,46,3,78,16,63,122,94,18,33" hai2="96,70,97,21,14,117,28,130,12,127,92,93,0" hai3="20,10,79,38,48,124,22,65,56,6,104,51,31"/><V32/><F117/><W126/><G104/><T89/><D121/><U80/><E122/><V133/><F130/><W7/><G38/><T5/><D113/><U4/><E33/><V67/><F0/><W57/><G79/><T29/><D5/><U72/><E112/><V40/><F133/><W128/><G31/><T125/><D125/><U103/><E72/><V1/><F1/><W108/><G108/><T37/><D37/><U106/><E106/><V85/><F127/><W59/><G59/><T62/><D134/><U23/><E83/><V11/><F32/><W60/><G10/><T95/><D116/><U75/><E75/><V123/><F123/><W13/><G13/><T120/><D120/><U35/><E35/><V91/><F40/><W26/><G65/><T25/><D105/><U87/><E3/><V86/><F67/><W44/><G44/><T47/><D69/><U55/><E4/><V8/><F70/><W64/><G64/><T99/><D89/><U66/><E73/><V100/><F28/><W102/><G102/><T45/><D45/><U132/><E132/><V71/><F21/><W110/><G110/><T36/><D36/><U114/><E114/><V39/><F71/><W30/><G30/><T90/><D90/><U119/><E119/><V131/><F39/><W54/><G128/><T82/><D82/><U24/><E18/><N who="2" m="8455" /><F131/><W118/><G118/><T17/><D17/><AGARI ba="0,0" hai="11,14,17,85,86,91,92,93,96,97,100" m="8455" machi="17" ten="30,1500,0" yaku="8,1" doraHai="58" who="2" fromWho="0" sc="240,-15,53,0,370,15,337,0" /><INIT seed="2,1,0,1,1,109" ten="225,53,385,337" oya="2" hai0="28,125,132,27,100,32,74,54,26,57,122,64,110" hai1="135,40,31,50,127,2,97,23,114,84,123,9,99" hai2="44,82,45,35,12,62,96,38,73,80,78,17,93" hai3="103,33,94,86,124,49,65,22,1,36,106,20,25"/><V113/><F35/><W4/><G36/><T107/><D122/><U6/><E127/><V108/><F108/><W19/><G124/><T39/><D110/><U7/><E123/><V133/><F133/><W90/><G33/><T11/><D74/><U105/><E135/><V83/><F62/><W104/><G103/><T0/><D39/><U75/><E75/><V63/><F63/><W112/><G65/><T72/><D72/><U95/><E7/><V91/><F113/><W52/><G112/><T88/><D27/><U10/><E10/><V41/><REACH who="2" step="1"/><F44/><REACH who="2" ten="225,53,375,337" step="2"/><W131/><G131/><T92/><D132/><U120/><E114/><V81/><F81/><W89/><G106/><T77/><D107/><U55/><E105/><V47/><F47/><W3/><G104/><T59/><D125/><U68/><E120/><V117/><F117/><W56/><G4/><T13/><D59/><U34/><E34/><V15/><F15/><W98/><G22/><AGARI ba="1,1" hai="12,17,22,38,41,45,73,78,80,82,83,91,93,96" machi="22" ten="30,2900,0" yaku="1,1,7,1,53,0" doraHai="109" doraHaiUra="115" who="2" fromWho="3" sc="225,0,53,0,375,42,337,-32" /><INIT seed="2,2,0,5,3,45" ten="225,53,417,305" oya="2" hai0="41,91,5,3,113,2,128,121,75,60,63,59,14" hai1="40,78,4,123,86,85,108,124,73,104,134,102,114" hai2="47,92,53,30,131,101,51,49,50,70,7,130,81" hai3="33,24,111,79,43,109,94,10,88,103,62,9,89"/><V12/><F70/><W34/><G79/><T58/><D121/><U22/><E114/><V64/><F64/><W1/><G43/><T54/><D113/><U31/><E108/><N who="3" m="41546" /><G62/><T29/><D128/><N who="2" m="49194" /><F30/><N who="3" m="19655" /><G34/><T11/><D29/><U71/><E31/><V115/><F115/><W44/><G44/><T72/><D41/><U0/><E40/><V56/><F81/><W80/><G1/><T129/><D129/><U93/><E0/><V55/><F47/><W13/><G80/><T118/><D2/><U87/><E78/><V132/><F53/><W106/><G106/><T135/><D3/><U110/><E104/><V120/><F120/><W32/><G32/><T61/><D54/><U27/><E123/><V77/><F77/><W17/><G10/><T99/><D58/><U95/><E71/><V74/><F74/><W66/><G66/><T125/><D59/><U126/><E73/><V133/><F56/><W116/><G116/><T117/><D75/><U8/><E110/><V57/><F57/><W107/><G107/><T98/><D72/><U48/><E95/><V112/><F112/><W26/><G26/><T37/><D117/><U23/><E93/><V35/><F35/><W68/><G68/><T82/><D118/><U76/><E76/><V6/><F55/><W15/><G15/><T84/><D61/><U52/><E27/><V42/><F42/><W83/><G83/><T19/><D60/><U39/><E8/><V21/><F12/><W28/><G28/><T67/><D63/><U69/><E69/><V36/><F36/><W16/><G17/><T100/><D19/><RYUUKYOKU ba="2,0" sc="225,-10,53,-10,417,-10,305,30" hai3="9,13,16,88,89,94,103" /><INIT seed="3,3,0,1,5,132" ten="215,43,407,335" oya="3" hai0="106,3,107,120,124,134,98,29,1,64,121,35,133" hai1="10,40,94,20,62,135,100,115,81,56,97,88,123" hai2="52,116,4,104,67,72,49,130,0,92,111,69,22" hai3="44,58,28,51,68,83,110,80,18,11,101,82,99"/><W77/><G68/><T14/><D64/><U26/><E115/><V21/><F104/><N who="0" m="39978" /><D14/><U125/><E135/><N who="0" m="51721" /><D98/><U25/><E123/><N who="0" m="47177" /><D124/><U54/><E125/><V93/><F67/><W9/><G110/><T50/><D50/><U17/><E40/><V108/><F49/><W13/><G58/><T39/><D39/><U37/><E37/><V96/><F96/><W85/><G28/><T65/><D65/><U2/><E2/><N who="0" m="521" /><D29/><U128/><E128/><V78/><F130/><W109/><G109/><T126/><D126/><U23/><E10/><V32/><F0/><W66/><G66/><T15/><D15/><U12/><E81/><V79/><F111/><W53/><G9/><T60/><D60/><U8/><E100/><V75/><F108/><W118/><G118/><T103/><D103/><U89/><E89/><V36/><F116/><W87/><G87/><T90/><D90/><U71/><REACH who="1" step="1"/><E71/><REACH who="1" ten="215,33,407,335" step="2"/><V57/><F69/><W45/><G83/><T102/><D102/><U73/><E73/><V114/><F72/><W7/><G82/><T47/><D47/><U113/><E113/><V117/><F114/><W6/><G45/><T33/><AGARI ba="3,1" hai="33,35" m="521,47177,51721,39978" machi="33" ten="40,8000,1" yaku="28,2,20,1,31,2" doraHai="132" who="0" fromWho="0" sc="215,99,33,-23,407,-23,335,-43" /><INIT seed="4,0,0,4,5,10" ten="314,10,384,292" oya="0" hai0="19,11,33,125,15,70,2,39,4,93,78,126,59" hai1="106,35,23,57,84,119,133,89,79,96,60,135,20" hai2="80,40,12,113,50,120,44,111,51,52,3,122,8" hai3="85,16,43,124,29,121,110,71,97,30,105,117,67"/><T83/><D70/><U42/><E119/><V101/><F111/><W48/><G110/><T61/><D33/><U128/><E35/><V18/><F113/><W17/><G117/><T86/><D39/><U28/><E128/><V37/><F101/><W58/><G105/><T91/><D19/><U102/><E42/><V53/><F3/><W74/><G74/><T5/><D5/><U69/><E69/><V0/><F0/><W118/><G118/><T99/><REACH who="0" step="1"/><D2/><REACH who="0" ten="304,10,384,292" step="2"/><U109/><E109/><V103/><F37/><W95/><G71/><T13/><D13/><U24/><E79/><V38/><F38/><W104/><G16/><T56/><D56/><U127/><E127/><V47/><F12/><W68/><G17/><T130/><D130/><U123/><E123/><V134/><F18/><W88/><G68/><T1/><D1/><U62/><E20/><V25/><F8/><W129/><G129/><T36/><D36/><U55/><REACH who="1" step="1"/><E62/><REACH who="1" ten="304,0,384,292" step="2"/><V81/><F122/><W65/><G124/><T108/><D108/><U34/><E34/><V92/><F120/><W76/><G121/><T54/><AGARI ba="0,2" hai="4,11,15,54,59,61,78,83,86,91,93,99,125,126" machi="54" ten="30,11700,0" yaku="1,1,0,1,52,1,53,1" doraHai="10" doraHaiUra="72" who="0" fromWho="0" sc="304,137,0,-39,384,-39,292,-39" owari="441,54.1,-39,-53.9,345,14.5,253,-14.7" /></mjloggm>