<mjloggm ver="2.3"><GO type="169" lobby="0"/><UN n0="%E3%81%9E%E3%81%88%E3%82%82%E3%82%93%E3%81%A7%E3%81%83" n1="%2E%67%61%74%79" n2="%E3%82%A2%E3%83%B3%E3%81%95%E3%82%93" n3="%E3%82%80%E3%83%BC%E3%82%93%E3%81%82%E3%81%84%E3%81%9A" dan="16,17,18,16" rate="2137.92,2149.80,2230.76,2120.59" sx="M,M,M,M"/><TAIKYOKU oya="0"/><INIT seed="0,0,0,1,4,123" ten="250,250,250,250" oya="0" hai0="129,45,67,97,36,2,125,11,131,115,34,102,53" hai1="83,134,63,9,128,48,0,27,13,15,75,91,1" hai2="39,86,78,22,29,104,4,24,52,120,127,124,90" hai3="98,108,121,55,20,69,59,95,32,61,30,135,21"/><T6/><D115/><U74/><E128/><V100/><F120/><W10/><G135/><T114/><D114/><U65/><E134/><V37/><F78/><W50/><G121/><T81/><D34/><U92/><E27/><V3/><F3/><W110/><G32/><T88/><D67/><U107/><E107/><V51/><F4/><W7/><G69/><T76/><D125/><N who="2" m="48202" /><F100/><W12/><G50/><T25/><D25/><U126/><E48/><V8/><F8/><W71/><G71/><T58/><D58/><U62/><E62/><V70/><F104/><W68/><G68/><T26/><D26/><U14/><E9/><V66/><F66/><W47/><G47/><T119/><D53/><U82/><E126/><V31/><F31/><W72/><G72/><N who="0" m="43143" /><D88/><U132/><E75/><V41/><F41/><W23/><REACH who="3" step="1"/><G30/><REACH who="3" ten="250,250,250,240" step="2"/><T99/><D119/><U56/><E132/><V101/><F70/><W42/><G42/><N who="0" m="22727" /><D99/><U105/><E74/><V19/><F29/><W112/><G112/><T54/><D54/><U116/><E116/><V28/><F28/><W130/><G130/><T44/><D44/><U33/><E33/><V18/><F39/><W60/><G60/><T5/><D6/><U118/><E118/><V57/><F37/><W40/><G40/><T117/><D117/><U46/><E46/><V84/><F51/><W93/><G93/><AGARI ba="0,1" hai="2,5,11,93,97,102,129,131" m="22727,43143" machi="93" ten="30,1500,0" yaku="25,1" doraHai="123" who="0" fromWho="3" sc="250,25,250,0,250,0,240,-15" /><INIT seed="0,1,0,4,5,113" ten="275,250,250,225" oya="0" hai0="66,101,27,114,6,45,3,7,22,18,26,92,15" hai1="111,69,103,85,115,108,32,8,129,89,46,112,13" hai2="97,9,50,48,60,86,44,135,128,4,82,38,2" hai3="47,109,84,59,110,33,91,57,105,30,56,12,104"/><T122/><D114/><N who="1" m="43563" /><E69/><V58/><F128/><W37/><G12/><T80/><D122/><U1/><E46/><V16/><F135/><W74/><G74/><T90/><D66/><U72/><E72/><V100/><F38/><W31/><G47/><T127/><D127/><U34/><E103/><V123/><F123/><W70/><G70/><T118/><D118/><U67/><E67/><V28/><F28/><N who="3" m="10795" /><G37/><T65/><D65/><U125/><E85/><V76/><F44/><W77/><G77/><T131/><D131/><U107/><E89/><V14/><F2/><W64/><G64/><T124/><D124/><U102/><E102/><V79/><F4/><N who="0" m="1578" /><D3/><U39/><E39/><V29/><F29/><W62/><G62/><T51/><D101/><U121/><E107/><V35/><F35/><N who="1" m="13353" /><E121/><V99/><F82/><N who="3" m="49559" /><G33/><T19/><D80/><U116/><E125/><V117/><F100/><W119/><G104/><T53/><D19/><N who="1" m="8615" /><E129/><V11/><F79/><W93/><G105/><T55/><D53/><U42/><E42/><V83/><F76/><W132/><G93/><T54/><D55/><U52/><E52/><V23/><F83/><W106/><G106/><T88/><D90/><U73/><E73/><V20/><F60/><W130/><G130/><T63/><D63/><U95/><E1/><V78/><F78/><W94/><G94/><T61/><D61/><U36/><E36/><V0/><F0/><W25/><G132/><T21/><D92/><U98/><E116/><V40/><F117/><W41/><G119/><T49/><D45/><U81/><E81/><V17/><F58/><RYUUKYOKU ba="1,0" sc="275,-10,250,30,250,-10,225,-10" hai1="95,98,108,111" /><INIT seed="1,2,0,3,0,92" ten="265,280,240,215" oya="1" hai0="131,59,24,34,108,82,88,4,75,76,90,111,47" hai1="29,118,6,53,54,52,105,11,31,45,21,13,1" hai2="101,62,125,50,104,36,35,68,8,63,124,16,81" hai3="106,89,77,112,71,22,65,41,123,19,97,57,110"/><U116/><E105/><V102/><F36/><W51/><G110/><N who="0" m="42027" /><D131/><U95/><E45/><V43/><F35/><W85/><G112/><T83/><D4/><U69/><E69/><V49/><F81/><W61/><G123/><T79/><D59/><U60/><E60/><V14/><F102/><W2/><G2/><T26/><D47/><U121/><E121/><V46/><F50/><W37/><G77/><N who="0" m="29771" /><D75/><U27/><E31/><V55/><F43/><W96/><G106/><T39/><D34/><U126/><E126/><N who="2" m="48747" /><F68/><W3/><G3/><T23/><D39/><U30/><E30/><V84/><F84/><W58/><G37/><T74/><D74/><U67/><E67/><V17/><F17/><W117/><G117/><T73/><D73/><U109/><E109/><V25/><F25/><N who="0" m="9834" /><D23/><U93/><REACH who="1" step="1"/><E1/><REACH who="1" ten="265,270,240,215" step="2"/><V9/><F62/><W135/><G71/><T10/><D10/><U20/><E20/><N who="2" m="11287" /><F63/><W40/><G58/><T127/><D127/><U44/><E44/><V56/><F46/><N who="3" m="26055" /><G41/><T5/><D5/><U80/><E80/><AGARI ba="2,1" hai="80,82,83,88,90" m="9834,29771,42027" machi="80" ten="30,7700,0" yaku="28,2,14,1,54,1" doraHai="92" who="0" fromWho="1" sc="265,93,270,-83,240,0,215,0" /><INIT seed="2,0,0,3,1,58" ten="358,187,240,215" oya="2" hai0="56,125,14,27,85,113,8,119,124,111,38,87,109" hai1="64,68,49,107,13,19,11,102,41,63,45,101,92" hai2="51,89,28,37,42,66,46,100,61,30,48,43,127" hai3="83,33,47,133,6,74,50,123,115,67,15,65,128"/><V62/><F127/><N who="0" m="48714" /><D38/><U52/><E107/><V26/><F100/><W78/><G123/><T116/><D56/><U59/><REACH who="1" step="1"/><E92/><REACH who="1" ten="358,177,240,215" step="2"/><V53/><F37/><AGARI ba="0,1" hai="11,13,19,37,41,45,49,52,59,63,64,68,101,102" machi="37" ten="30,12000,2" yaku="1,1,2,1,7,1,24,2,52,1,54,1,53,0" doraHai="58" doraHaiUra="1" who="1" fromWho="2" sc="358,0,177,130,240,-120,215,0" /><BYE who="2" /><UN n2="%E3%82%A2%E3%83%B3%E3%81%95%E3%82%93" /><INIT seed="3,0,0,0,5,63" ten="358,307,120,215" oya="3" hai0="134,105,8,34,55,67,94,132,13,26,50,130,51" hai1="80,124,88,81,66,108,9,65,87,114,98,68,96" hai2="109,28,40,83,128,117,59,95,21,29,106,45,61" hai3="133,1,38,64,103,58,113,115,84,89,62,10,97"/><W69/><G133/><N who="0" m="51307" /><D105/><U123/><E123/><V118/><F106/><W112/><G38/><T16/><D130/><U131/><E114/><V60/><F128/><W90/><G84/><T93/><D67/><N who="1" m="25611" /><E68/><V70/><F21/><W129/><G129/><T75/><D75/><U135/><E131/><V121/><F28/><W99/><G69/><T23/><D34/><U76/><E135/><V33/><F29/><W49/><G49/><N who="0" m="18443" /><D55/><U36/><E36/><V111/><F33/><W5/><REACH who="3" step="1"/><G99/><REACH who="3" ten="358,307,120,205" step="2"/><T74/><D74/><U22/><E98/><V0/><F70/><W102/><G102/><T104/><D104/><AGARI ba="0,1" hai="1,5,10,58,62,64,89,90,97,103,104,112,113,115" machi="104" ten="40,3900,0" yaku="1,1,52,1,53,0" doraHai="63" doraHaiUra="91" who="3" fromWho="0" sc="358,-39,307,0,120,0,205,49" /><INIT seed="3,1,0,4,5,132" ten="319,307,120,254" oya="3" hai0="117,90,4,6,58,83,51,53,66,115,56,96,55" hai1="84,9,85,94,59,16,18,0,68,65,44,72,131" hai2="124,130,39,119,74,37,41,125,60,31,89,133,135" hai3="19,14,127,81,120,57,29,79,23,75,77,10,104"/><W129/><G120/><T36/><D117/><U13/><E72/><V107/><F119/><W101/><G129/><T12/><D36/><N who="2" m="13898" /><F74/><W52/><G79/><T69/><D115/><U63/><E131/><V87/><F107/><W54/><G127/><N who="2" m="48713" /><F130/><W24/><REACH who="3" step="1"/><G57/><REACH who="3" ten="319,307,120,244" step="2"/><T99/><D69/><U61/><E59/><V27/><F41/><W118/><G118/><T35/><D58/><U28/><E68/><V121/><F60/><W108/><G108/><T88/><D56/><U102/><E61/><V126/><N who="2" m="48721" /><V30/><DORA hai="98" /><F121/><W2/><G2/><T62/><D62/><U70/><E0/><V40/><F40/><W76/><G76/><T67/><D67/><U100/><E65/><V43/><F43/><W17/><G17/><T103/><D66/><U71/><E18/><V7/><F7/><W38/><G38/><T116/><D4/><U25/><E63/><V80/><F30/><W33/><G33/><AGARI ba="1,1" hai="27,31,33,80,87,89,133,135" m="48721,13898" machi="33" ten="50,8000,1" yaku="18,1,52,4" doraHai="132,98" who="2" fromWho="3" sc="319,0,307,0,120,93,244,-83" /><INIT seed="4,0,0,3,1,23" ten="319,307,213,161" oya="0" hai0="121,106,132,41,67,92,102,130,109,45,60,0,54" hai1="14,69,26,4,91,21,108,126,101,124,55,68,73" hai2="25,59,57,134,107,10,125,110,88,53,79,37,52" hai3="114,65,100,19,129,34,123,128,127,47,78,32,71"/><T35/><D121/><U131/><E108/><V3/><F110/><W36/><G114/><T66/><D0/><U111/><E111/><V81/><F37/><W83/><G123/><T17/><D106/><U133/><E73/><V39/><F39/><W62/><G127/><N who="1" m="48682" /><E133/><V99/><F125/><W58/><G100/><T84/><D35/><U11/><E131/><N who="3" m="50250" /><G19/><T46/><D17/><N who="1" m="12591" /><E101/><V15/><F3/><W95/><G95/><T8/><D92/><U24/><E91/><V118/><F118/><W13/><G13/><T86/><D8/><U64/><E64/><V119/><F119/><W20/><G20/><T9/><D9/><U135/><E135/><V2/><F2/><W22/><G22/><T40/><D102/><U94/><E94/><N who="2" m="56775" /><F107/><W49/><G71/><N who="1" m="27210" /><E55/><N who="2" m="21067" /><F134/><W116/><G116/><T97/><D130/><U28/><E28/><V76/><F81/><W72/><G36/><T122/><D109/><U74/><E74/><V70/><F70/><W89/><G89/><T96/><D132/><U120/><E120/><V113/><F113/><W105/><G105/><T38/><D38/><U50/><E50/><V29/><F79/><W61/><G62/><T115/><D115/><U80/><E80/><V6/><F76/><W117/><G117/><T44/><D60/><U18/><E18/><V63/><F63/><W16/><G16/><T93/><D122/><U43/><E43/><AGARI ba="0,0" hai="32,34,43,47,49,58,61,65,72,78,83" m="50250" machi="43" ten="30,1000,0" yaku="19,1" doraHai="23" who="3" fromWho="1" sc="319,0,307,-10,213,0,161,10" /><INIT seed="5,0,0,5,2,50" ten="319,297,213,171" oya="1" hai0="106,80,99,51,79,52,135,122,64,112,88,30,100" hai1="92,78,15,43,71,11,31,116,125,25,39,94,36" hai2="8,129,74,40,73,68,90,16,61,82,113,89,114" hai3="67,21,126,17,105,127,98,108,0,9,86,121,7"/><U48/><E116/><V29/><F29/><W102/><G108/><T85/><D112/><N who="2" m="43114" /><F40/><W19/><G121/><T119/><D119/><U33/><E71/><V41/><F41/><W2/><G2/><T38/><D135/><U109/><E125/><V13/><F129/><W14/><G67/><T117/><D117/><U1/><E1/><V10/><F10/><W65/><G65/><T42/><D64/><U124/><E124/><V70/><F82/><W34/><G86/><T91/><D30/><U56/><E109/><V87/><F87/><W84/><G34/><T103/><D103/><U57/><E78/><V20/><F20/><W76/><REACH who="3" step="1"/><G17/><REACH who="3" ten="319,297,213,161" step="2"/><T130/><D122/><U27/><E33/><V59/><F70/><W118/><G118/><T120/><D120/><U107/><E31/><V3/><F68/><W63/><G63/><T18/><D18/><U22/><E39/><V134/><F3/><W47/><G47/><T123/><D123/><U46/><E36/><V95/><F134/><W6/><G6/><T62/><D62/><U104/><E46/><V58/><F58/><W60/><G60/><T55/><D38/><U101/><E56/><V4/><F4/><W49/><G49/><T77/><D51/><U110/><E57/><V44/><F44/><W37/><G37/><T45/><D45/><U23/><E43/><V81/><F59/><W69/><G69/><T35/><D42/><U28/><E110/><V5/><F61/><W54/><G54/><T115/><D35/><U96/><E28/><V97/><F5/><W53/><G53/><T111/><D115/><RYUUKYOKU ba="0,1" sc="319,-15,297,-15,213,15,161,15" hai2="8,13,16,73,74,81,89,90,95,97" hai3="0,7,9,14,19,21,76,84,98,102,105,126,127" /><INIT seed="6,1,1,3,3,62" ten="304,282,228,176" oya="2" hai0="103,135,84,3,117,68,128,102,29,91,134,19,109" hai1="18,100,47,65,132,124,104,2,52,77,45,43,97" hai2="133,23,33,101,53,54,120,82,38,79,42,81,28" hai3="30,113,110,66,131,88,59,58,24,75,31,60,5"/><V108/><F120/><W39/><G110/><T112/><D109/><U37/><E2/><V76/><F108/><W56/><G131/><T111/><D111/><U87/><E132/><V16/><F133/><W73/><G39/><T129/><D3/><U99/><E124/><V46/><F101/><N who="0" m="38410" /><D29/><U123/><E123/><V67/><F67/><W4/><G113/><T15/><D68/><U50/><E97/><V93/><F93/><W6/><G88/><T92/><D112/><U90/><E65/><V20/><F33/><W96/><G96/><T55/><D55/><U63/><E63/><V57/><F28/><W83/><G31/><T78/><D78/><U61/><E61/><V32/><F32/><W9/><G9/><N who="0" m="6639" /><D117/><U21/><E77/><V80/><F23/><W94/><G94/><T64/><D64/><U36/><E36/><V118/><F118/><W72/><REACH who="3" step="1"/><G83/><REACH who="3" ten="304,282,228,166" step="2"/><T116/><D116/><U1/><E90/><V115/><F115/><W35/><AGARI ba="1,2" hai="4,5,6,24,30,35,56,58,59,60,66,72,73,75" machi="35" ten="40,8000,1" yaku="1,1,2,1,0,1,52,1,53,0" doraHai="62" doraHaiUra="130" who="3" fromWho="3" sc="304,-21,282,-21,228,-41,166,103" /><INIT seed="7,0,0,1,3,112" ten="283,261,187,269" oya="3" hai0="8,14,83,43,65,122,61,10,34,1,21,13,92" hai1="113,60,37,123,85,58,105,31,23,50,77,108,100" hai2="24,18,68,17,33,99,62,72,0,98,84,104,97" hai3="64,9,115,35,39,54,12,11,121,3,48,44,103"/><W16/><G121/><T114/><D122/><U133/><E123/><V134/><F72/><W93/><G35/><T2/><D34/><U26/><E108/><V109/><F109/><W132/><G115/><T6/><D114/><U74/><E113/><V19/><F0/><W96/><G132/><T101/><D21/><U51/><E37/><V89/><F134/><W32/><G32/><T42/><D83/><U81/><E133/><V130/><F130/><W29/><G29/><T86/><D2/><U15/><E74/><V57/><F68/><W52/><G39/><T53/><D53/><U59/><E59/><V126/><F126/><W5/><G64/><T125/><D1/><U41/><E41/><AGARI ba="0,0" hai="3,5,9,11,12,16,41,44,48,52,54,93,96,103" machi="41" ten="30,5800,0" yaku="7,1,54,2" doraHai="112" who="3" fromWho="1" sc="283,0,261,-58,187,0,269,58" owari="283,8.3,203,-19.7,187,-31.3,327,42.7" /></mjloggm>