<mjloggm ver="2.3"><GO type="169" lobby="0"/><UN n0="%E5%A7%9C" n1="%E9%BB%92%E6%B2%A2%E7%BE%A9%E6%98%8E" n2="%6F%6B%61%62%65%73%68%69" n3="%41%6C%6C%2D%4C%75%63%6B" dan="16,17,17,16" rate="2147.32,2210.47,2186.73,2133.40" sx="M,M,M,M"/><TAIKYOKU oya="0"/><INIT seed="0,0,0,2,5,107" ten="250,250,250,250" oya="0" hai0="128,34,81,88,109,129,7,72,94,31,78,83,112" hai1="106,28,125,19,114,124,96,79,24,48,101,100,74" hai2="121,56,65,54,135,33,10,47,12,71,118,4,44" hai3="134,14,62,46,35,131,8,70,89,55,132,61,116"/><T59/><D112/><U21/><E114/><V6/><F121/><W13/><G35/><T2/><D109/><U108/><E108/><V87/><F33/><W99/><G116/><T53/><D81/><N who="1" m="45303" /><E48/><V120/><F120/><W84/><G131/><T130/><D7/><U45/><E45/><V23/><F118/><W20/><G99/><T102/><D2/><U133/><E101/><V51/><F135/><N who="3" m="51755" /><G20/><T29/><D102/><U26/><E133/><V91/><F4/><N who="3" m="3207" /><G14/><T64/><D64/><U43/><E43/><V17/><F65/><W123/><G70/><T111/><D34/><U113/><E113/><V95/><REACH who="2" step="1"/><F71/><REACH who="2" ten="250,250,240,250" step="2"/><W104/><G123/><T50/><REACH who="0" step="1"/><D111/><REACH who="0" ten="240,250,240,250" step="2"/><U27/><E28/><V49/><F49/><N who="3" m="29111" /><G61/><T105/><D105/><U110/><E110/><V22/><F22/><W117/><G62/><T40/><D40/><U126/><AGARI ba="0,2" hai="19,21,24,26,27,96,100,106,124,125,126" m="45303" machi="126" ten="30,2000,0" yaku="18,1,52,1" doraHai="107" who="1" fromWho="1" sc="240,-10,250,40,240,-5,250,-5" /><INIT seed="1,0,0,0,0,98" ten="230,290,235,245" oya="1" hai0="87,95,28,63,29,8,19,100,23,103,123,78,55" hai1="49,82,30,57,120,94,86,7,118,36,6,41,27" hai2="83,74,72,71,126,52,14,15,84,130,24,117,66" hai3="108,40,65,9,48,46,35,56,39,0,54,53,17"/><U127/><E118/><V22/><F117/><W11/><G35/><T110/><D110/><U96/><E120/><V92/><F126/><W85/><G108/><T60/><D8/><U34/><E36/><V113/><F113/><W70/><G0/><T89/><D78/><U135/><E135/><V51/><F130/><W58/><G17/><T132/><D132/><U99/><E99/><V77/><F72/><W45/><G85/><T4/><D4/><U119/><E127/><V38/><F38/><W111/><G111/><T13/><D123/><U122/><E119/><V133/><F133/><W44/><G9/><T16/><D19/><U67/><E122/><V79/><F71/><W121/><G11/><T12/><D12/><U69/><E69/><V101/><F66/><W75/><G75/><T61/><D55/><U43/><E43/><V80/><F92/><W91/><G91/><T125/><D125/><U33/><E33/><V116/><F101/><AGARI ba="0,0" hai="13,16,23,28,29,60,61,63,87,89,95,100,101,103" machi="101" ten="40,8000,1" yaku="8,1,52,3,54,1" doraHai="98" who="0" fromWho="2" sc="230,80,290,0,235,-80,245,0" /><INIT seed="2,0,0,1,0,13" ten="310,290,155,245" oya="2" hai0="16,0,107,47,65,83,125,10,37,11,48,121,6" hai1="92,134,25,76,9,124,21,55,113,14,88,106,80" hai2="60,119,46,35,132,15,79,82,61,102,72,54,17" hai3="66,63,78,123,103,95,18,112,97,133,1,24,117"/><V96/><F119/><W34/><G123/><T85/><D121/><U111/><E111/><V71/><F35/><W5/><G117/><T64/><D107/><U50/><E124/><V75/><F75/><W7/><G133/><T40/><D125/><U129/><E129/><V81/><F132/><W2/><G78/><T116/><D116/><U4/><E106/><V100/><F82/><W22/><G34/><T67/><D37/><U41/><E41/><V42/><F102/><W101/><G112/><T51/><D51/><U57/><E113/><V99/><F99/><W53/><G103/><T29/><D29/><U30/><E134/><V77/><F77/><W114/><G53/><T33/><D33/><U89/><REACH who="1" step="1"/><E92/><REACH who="1" ten="310,280,155,245" step="2"/><V69/><F71/><W84/><G114/><T8/><REACH who="0" step="1"/><D16/><REACH who="0" ten="300,280,155,245" step="2"/><U44/><E44/><V49/><F69/><W94/><G18/><T86/><D86/><AGARI ba="0,2" hai="4,9,14,21,25,30,50,55,57,76,80,86,88,89" machi="86" ten="30,7700,0" yaku="1,1,7,1,8,1,54,1,53,0" doraHai="13" doraHaiUra="131" who="1" fromWho="0" sc="300,-77,280,97,155,0,245,0" /><INIT seed="3,0,0,3,2,3" ten="223,377,155,245" oya="3" hai0="126,35,64,55,134,131,1,115,65,67,107,31,117" hai1="13,95,53,112,52,125,23,93,4,60,59,81,98" hai2="32,100,82,62,88,69,127,39,74,99,56,5,33" hai3="48,47,132,16,90,8,85,63,50,71,22,110,108"/><W14/><G132/><T76/><D117/><U28/><E125/><V27/><F127/><W36/><G36/><T41/><D126/><U123/><E123/><V21/><F39/><W129/><G129/><T19/><D1/><U17/><E112/><V75/><F69/><W122/><G122/><T43/><D107/><U106/><E28/><V92/><F74/><W68/><G63/><T49/><D131/><U133/><E133/><V94/><F75/><W119/><G119/><T87/><D115/><U116/><E116/><V66/><F82/><N who="3" m="49463" /><G50/><T42/><D35/><U73/><E106/><V128/><F5/><W18/><G18/><T118/><D31/><U2/><E53/><V79/><F79/><W103/><G103/><T30/><D30/><U26/><E2/><V38/><F38/><W101/><G101/><T83/><D118/><U96/><E73/><V120/><F120/><W57/><G57/><T15/><D134/><U109/><E81/><V72/><F72/><W111/><G22/><T91/><D76/><U80/><E80/><V105/><F105/><W37/><G37/><T104/><D104/><U121/><E121/><V86/><F128/><W61/><G61/><T25/><D67/><U114/><E114/><V89/><F89/><W113/><G113/><T7/><D65/><U24/><E4/><V9/><F9/><W102/><G102/><T54/><D64/><U84/><E60/><V78/><F78/><W130/><G130/><T40/><D49/><U124/><E124/><V58/><F56/><W29/><G29/><AGARI ba="0,0" hai="21,27,29,32,33,58,62,66,86,88,92,94,99,100" machi="29" ten="30,7700,0" yaku="7,1,25,2,54,1" doraHai="3" who="2" fromWho="3" sc="223,0,377,0,155,77,245,-77" /><INIT seed="4,0,0,0,1,66" ten="223,377,232,168" oya="0" hai0="22,45,0,113,99,48,26,81,12,49,79,47,44" hai1="27,57,5,133,56,35,90,102,132,97,64,130,51" hai2="2,23,129,100,71,108,46,122,31,13,124,11,40" hai3="70,33,120,65,36,118,67,41,74,9,39,10,105"/><T103/><D113/><U115/><E130/><V87/><F122/><W19/><G74/><T125/><D0/><U59/><E5/><V107/><F108/><W25/><G118/><T98/><D12/><U20/><E35/><V135/><F2/><W131/><G120/><T38/><D38/><U88/><E51/><V1/><F1/><W80/><G105/><T6/><D6/><U30/><E64/><V112/><F129/><W60/><G65/><T119/><D125/><U68/><E68/><V73/><F73/><W83/><G131/><T50/><D119/><U58/><N who="1" m="14336" /><DORA hai="126" /><U69/><E69/><V3/><F3/><W86/><G80/><T17/><REACH who="0" step="1"/><D103/><REACH who="0" ten="213,377,232,168" step="2"/><U134/><REACH who="1" step="1"/><E115/><REACH who="1" ten="213,367,232,168" step="2"/><V127/><F112/><W21/><G36/><T106/><D106/><AGARI ba="0,2" hai="20,27,30,88,90,97,102,106,132,133,134" m="14336" machi="106" ten="60,8000,1" yaku="1,1,2,1,20,1,54,1,53,0" doraHai="66,126" doraHaiUra="8,123" who="1" fromWho="0" sc="213,-80,367,100,232,0,168,0" /><INIT seed="5,0,0,2,1,65" ten="133,467,232,168" oya="1" hai0="69,23,63,89,76,32,84,82,14,135,121,36,51" hai1="21,114,99,91,97,47,29,35,128,126,56,103,116" hai2="67,49,31,18,34,106,61,24,122,52,115,104,85" hai3="72,75,39,96,78,40,112,80,3,17,26,70,125"/><U13/><E116/><V87/><F122/><W7/><G125/><T58/><D36/><U98/><E114/><V37/><F115/><W41/><G72/><T95/><D32/><U12/><E35/><V5/><F37/><W102/><G40/><T30/><D135/><U117/><E117/><V50/><F50/><W10/><G17/><T53/><D121/><U90/><E128/><V133/><F133/><W22/><G112/><T0/><D0/><U15/><E103/><V16/><F5/><W111/><G111/><T33/><D33/><U6/><E6/><V46/><F87/><W71/><G22/><T81/><D76/><U43/><E56/><V62/><F62/><W19/><G19/><T129/><D129/><U130/><E126/><V113/><F113/><W92/><G26/><T45/><D69/><U66/><E66/><V79/><F106/><W73/><G73/><T109/><D109/><U105/><E105/><V1/><F104/><W119/><G119/><T25/><REACH who="0" step="1"/><D14/><REACH who="0" ten="123,467,232,168" step="2"/><U20/><E130/><V9/><F1/><W93/><G93/><T11/><D11/><U44/><E12/><V94/><F9/><W77/><G77/><T108/><D108/><U88/><E13/><V74/><F74/><W86/><G86/><T55/><AGARI ba="0,1" hai="23,25,30,45,51,53,55,58,63,81,82,84,89,95" machi="55" ten="20,5200,0" yaku="1,1,0,1,7,1,8,1,53,0" doraHai="65" doraHaiUra="8" who="0" fromWho="0" sc="123,62,467,-26,232,-13,168,-13" /><INIT seed="6,0,0,2,0,127" ten="185,441,219,155" oya="2" hai0="8,82,42,60,52,122,57,44,29,125,87,104,0" hai1="111,108,14,58,5,40,77,71,90,63,112,31,21" hai2="30,49,120,67,3,7,10,47,114,110,135,131,50" hai3="102,80,78,103,96,33,79,72,35,130,59,124,26"/><V53/><F120/><W46/><G124/><T34/><D104/><U32/><E71/><V118/><F118/><W89/><G46/><T83/><D122/><U92/><E112/><V25/><F114/><W86/><G59/><T107/><D107/><U54/><E77/><V105/><F105/><N who="3" m="63687" /><G26/><T17/><D125/><U66/><E40/><V70/><F110/><W65/><G65/><T109/><D109/><U55/><E32/><V9/><F135/><W97/><G33/><T129/><D29/><U121/><E121/><V101/><F101/><W113/><G35/><T95/><D34/><U43/><E43/><V93/><F10/><W22/><G22/><T128/><D95/><U20/><E111/><V27/><F27/><W19/><G19/><T16/><D83/><U39/><E39/><V61/><F49/><W18/><G18/><T73/><D73/><U37/><E37/><V76/><F76/><N who="3" m="44039" /><G113/><T11/><D0/><U91/><E31/><V94/><F131/><N who="0" m="50250" /><D16/><U98/><E92/><V99/><F99/><W28/><G130/><T84/><D84/><U117/><E98/><V41/><F41/><W56/><G28/><T115/><D17/><U126/><E126/><V68/><F68/><W116/><G97/><T6/><D6/><U106/><E5/><V48/><F48/><W2/><G103/><T23/><D23/><AGARI ba="0,0" hai="3,7,9,23,25,30,47,50,53,61,67,70,93,94" machi="23" ten="30,1500,0" yaku="7,1" doraHai="127" who="2" fromWho="0" sc="185,-15,441,0,219,15,155,0" /><INIT seed="6,1,0,3,5,59" ten="170,441,234,155" oya="2" hai0="12,73,46,109,22,85,54,19,13,31,53,91,0" hai1="40,43,11,76,72,131,90,108,3,28,49,41,42" hai2="25,51,125,122,52,100,83,134,117,120,80,114,130" hai3="121,82,21,79,63,70,57,74,39,50,7,102,61"/><V71/><F117/><W68/><G39/><T15/><D0/><U29/><E108/><V89/><F71/><W1/><G121/><T81/><D73/><U86/><E131/><V47/><F130/><W92/><G1/><T69/><D109/><U111/><E76/><V4/><F125/><W118/><G7/><T26/><D69/><U98/><E72/><V20/><F134/><W133/><G133/><T106/><D106/><U101/><E111/><V135/><F135/><W35/><G35/><T78/><D78/><U6/><E49/><V93/><F114/><W128/><G118/><T113/><D113/><U32/><E43/><V10/><F100/><W44/><G68/><T103/><D103/><U95/><REACH who="1" step="1"/><E32/><REACH who="1" ten="170,431,234,155" step="2"/><V99/><F122/><W56/><G128/><T64/><D64/><U87/><E87/><V37/><F37/><W30/><G74/><T27/><REACH who="0" step="1"/><D46/><REACH who="0" ten="160,431,234,155" step="2"/><U5/><E5/><V16/><REACH who="2" step="1"/><F120/><REACH who="2" ten="160,431,224,155" step="2"/><W24/><G102/><T115/><D115/><U127/><E127/><V88/><F88/><W65/><G79/><T23/><AGARI ba="1,3" hai="12,13,15,19,22,23,26,27,31,53,54,81,85,91" machi="23" ten="30,4000,0" yaku="1,1,0,1,8,1,53,0" doraHai="59" doraHaiUra="38" who="0" fromWho="0" sc="160,73,431,-11,224,-21,155,-11" /><INIT seed="7,0,0,2,5,9" ten="233,420,203,144" oya="3" hai0="40,92,70,0,121,83,37,5,130,128,68,16,25" hai1="98,77,84,120,123,47,78,71,90,64,81,39,4" hai2="38,34,14,129,94,49,122,133,27,113,115,65,55" hai3="31,95,103,134,11,124,97,59,42,96,107,21,50"/><W15/><G134/><T79/><D121/><U76/><E4/><V135/><F38/><W3/><G3/><T99/><D5/><U22/><E71/><V8/><F122/><W119/><G124/><T51/><D0/><U17/><E64/><V33/><F65/><W101/><G119/><T29/><D16/><U85/><E85/><V54/><F129/><N who="0" m="49770" /><D37/><U75/><E75/><V52/><F27/><W131/><G131/><T30/><D51/><U132/><E132/><N who="2" m="50763" /><F49/><W2/><G2/><T126/><D40/><U35/><E35/><N who="2" m="13323" /><F94/><W10/><G31/><N who="0" m="11787" /><D25/><U26/><E98/><V7/><AGARI ba="0,0" hai="7,8,14,52,54,55,113,115" m="13323,50763" machi="7" ten="40,5200,0" yaku="20,1,52,1,54,1" doraHai="9" who="2" fromWho="2" sc="233,-13,420,-13,203,52,144,-26" owari="220,-18.0,407,50.7,255,5.5,118,-38.2" /></mjloggm>