<mjloggm ver="2.3"><GO type="225" lobby="0"/><UN n0="%E6%9C%88%E5%B3%B6%E5%9F%BA" n1="%E3%82%A4%E3%83%BC%E3%82%B1%E3%83%97%E3%83%A9" n2="%4B%2E%32%2E%4B%2E" n3="%E3%81%BE%E3%81%A8%E3%81%9F" dan="17,16,17,16" rate="2237.86,2100.72,2164.37,2089.95" sx="M,M,M,M"/><TAIKYOKU oya="0"/><INIT seed="0,0,0,3,1,10" ten="250,250,250,250" oya="0" hai0="66,80,26,9,5,61,115,105,54,94,112,103,45" hai1="114,4,53,118,49,41,3,75,131,33,89,120,90" hai2="30,104,74,116,85,88,87,31,113,46,51,19,0" hai3="21,76,91,60,2,42,32,40,37,24,82,14,65"/><T99/><D26/><U69/><E120/><V122/><F113/><W18/><G2/><T17/><D17/><U27/><E118/><V34/><F122/><W20/><G32/><T127/><D127/><U55/><E69/><V135/><F74/><W57/><G91/><T16/><D16/><U119/><E119/><V126/><F116/><W71/><G71/><T72/><D94/><U56/><E75/><V100/><F0/><W12/><G21/><T73/><D54/><U128/><E114/><V102/><F135/><W83/><G83/><T110/><D45/><U106/><E106/><V129/><F129/><N who="1" m="49737" /><E41/><V101/><F104/><W133/><G133/><T50/><D50/><N who="1" m="30775" /><E4/><V93/><F34/><W132/><G132/><T98/><D73/><U59/><E3/><V96/><F19/><W121/><G121/><T35/><D35/><U64/><E64/><V84/><REACH who="2" step="1"/><F126/><REACH who="2" ten="250,250,240,250" step="2"/><W47/><G40/><AGARI ba="0,1" hai="30,31,40,46,51,84,85,87,88,93,96,100,101,102" machi="40" ten="40,8000,1" yaku="1,1,2,1,8,1,54,1,53,0" doraHai="10" doraHaiUra="8" who="2" fromWho="3" sc="250,0,250,0,240,90,250,-80" /><INIT seed="1,0,0,4,5,116" ten="250,250,330,170" oya="1" hai0="34,124,86,8,114,110,113,55,111,61,27,94,2" hai1="35,125,135,38,44,96,109,120,130,123,23,50,22" hai2="68,70,41,20,46,52,26,101,83,91,39,93,117" hai3="49,121,10,11,32,36,119,105,82,127,100,126,7"/><U15/><E35/><V134/><F117/><W3/><G36/><T92/><D55/><U25/><E38/><V24/><F134/><W48/><G119/><T104/><D61/><U14/><E135/><V63/><F101/><W76/><G32/><T60/><D60/><U131/><E125/><V33/><F33/><W79/><G79/><T30/><D104/><U103/><E109/><N who="0" m="41481" /><D124/><U99/><E103/><V64/><F83/><W97/><G11/><T18/><D86/><U1/><E1/><V107/><F107/><W71/><G49/><T112/><D18/><U54/><E23/><V37/><F37/><W21/><G48/><T89/><D89/><U88/><E14/><V12/><F12/><W85/><G71/><T53/><D53/><U59/><E15/><V58/><F20/><W132/><G132/><T80/><D80/><U73/><E73/><V74/><F74/><W102/><G102/><T108/><D108/><U16/><E59/><V45/><F45/><W122/><REACH who="3" step="1"/><G21/><REACH who="3" ten="250,250,330,160" step="2"/><T98/><D8/><U95/><REACH who="1" step="1"/><E99/><REACH who="1" ten="250,240,330,160" step="2"/><V4/><F70/><W13/><G13/><T75/><D98/><U67/><E67/><V133/><F133/><W90/><G90/><T5/><D75/><U128/><AGARI ba="0,2" hai="16,22,25,44,50,54,88,95,96,120,123,128,130,131" machi="128" ten="30,18000,2" yaku="1,1,0,1,19,1,52,2,54,2,53,0" doraHai="116" doraHaiUra="29" who="1" fromWho="1" sc="250,-60,240,200,330,-60,160,-60" /><INIT seed="1,1,0,0,5,89" ten="190,440,270,100" oya="1" hai0="16,73,24,36,6,62,32,123,69,77,97,82,15" hai1="46,35,17,34,74,135,119,132,80,57,115,86,42" hai2="54,38,22,2,87,79,29,30,84,53,126,21,128" hai3="114,7,20,61,81,9,133,75,76,116,120,95,92"/><U99/><E115/><V0/><F38/><W28/><G120/><T117/><D117/><U68/><E68/><V8/><F79/><W102/><G114/><T124/><D36/><U78/><E119/><V43/><F8/><W59/><G116/><T103/><D123/><U33/><E57/><V112/><F112/><W31/><G102/><T100/><D6/><U45/><E74/><V48/><F48/><W106/><G106/><T37/><D37/><U14/><E99/><V10/><F10/><W1/><G133/><N who="1" m="51274" /><E42/><V49/><F49/><W44/><G44/><T12/><D124/><U85/><E85/><V104/><F104/><W121/><G121/><T122/><D122/><U39/><E39/><V25/><F25/><W96/><G20/><AGARI ba="1,0" hai="14,17,20,33,34,35,45,46,78,80,86" m="51274" machi="20" ten="40,2000,0" yaku="20,1" doraHai="89" who="1" fromWho="3" sc="190,0,440,23,270,0,100,-23" /><INIT seed="1,2,0,0,3,35" ten="190,463,270,77" oya="1" hai0="65,53,7,68,33,100,45,42,56,135,66,49,38" hai1="79,61,17,60,62,10,130,131,86,71,113,99,82" hai2="124,29,118,37,22,112,16,41,51,116,36,30,55" hai3="90,119,107,34,114,96,5,48,32,23,126,122,70"/><U103/><E113/><V74/><F74/><W78/><G23/><T24/><D100/><U109/><E71/><V97/><F112/><W115/><G48/><T14/><D14/><U87/><E87/><V11/><F124/><W101/><G5/><T26/><D33/><U9/><E109/><V108/><F108/><W3/><G78/><T88/><D135/><U64/><E64/><V110/><F110/><W20/><G20/><T54/><D7/><U83/><E83/><V52/><F97/><W95/><G70/><T2/><D2/><U132/><E132/><V121/><F11/><W91/><G101/><T134/><D134/><U13/><REACH who="1" step="1"/><E9/><REACH who="1" ten="190,453,270,77" step="2"/><V27/><F118/><W15/><G119/><T4/><D66/><U98/><E98/><V127/><F116/><W18/><G96/><T72/><D65/><U39/><E39/><V67/><F67/><W43/><G115/><T75/><D38/><U125/><E125/><V104/><F37/><W120/><G126/><T105/><D68/><U59/><E59/><V6/><F36/><W21/><G114/><T111/><D56/><U117/><E117/><V47/><F127/><W28/><G120/><T50/><D111/><U133/><E133/><V69/><F121/><W89/><G122/><T85/><D85/><U19/><E19/><V94/><F69/><W1/><G18/><T80/><D80/><U81/><E81/><V57/><F57/><W44/><G44/><T63/><D45/><U129/><E129/><V93/><F47/><W128/><G128/><T46/><D46/><U123/><E123/><V8/><F16/><RYUUKYOKU ba="2,1" sc="190,-10,453,30,270,-10,77,-10" hai1="10,13,17,60,61,62,79,82,86,99,103,130,131" /><INIT seed="1,3,1,5,2,55" ten="180,483,260,67" oya="1" hai0="96,28,85,113,119,75,81,66,5,76,95,12,27" hai1="86,74,19,38,67,33,130,115,54,124,108,65,26" hai2="59,48,131,32,30,117,49,126,16,90,7,100,42" hai3="110,69,40,47,62,122,0,44,133,22,73,60,53"/><U18/><E74/><V91/><F117/><W112/><G22/><N who="0" m="15479" /><D75/><U70/><E38/><V9/><F131/><W36/><G0/><T2/><D2/><U31/><E115/><V88/><F126/><W21/><G21/><T101/><D119/><U11/><E130/><V6/><F100/><W98/><G98/><T58/><D113/><U107/><E124/><V4/><F42/><N who="3" m="22599" /><G73/><T13/><D5/><U128/><E107/><V8/><F32/><W114/><G122/><T105/><D105/><U37/><E37/><V121/><F30/><W35/><G35/><T89/><D76/><U23/><E128/><V94/><F94/><W109/><G133/><T106/><D106/><U134/><E134/><V129/><F129/><W92/><G92/><T84/><D84/><U132/><E132/><V50/><F121/><W68/><G112/><T78/><D78/><U46/><E33/><V97/><F97/><W82/><G82/><T102/><D102/><U20/><E31/><V61/><F16/><W79/><G79/><T135/><D135/><U71/><E19/><V43/><F43/><W15/><G15/><T120/><D120/><U51/><E18/><V29/><F29/><W103/><G103/><T57/><D13/><U118/><E118/><V80/><REACH who="2" step="1"/><F80/><REACH who="2" ten="180,483,250,67" step="2"/><W111/><G114/><T14/><D101/><U52/><E26/><V72/><F72/><W45/><G40/><T10/><D96/><U83/><E83/><V1/><F1/><W116/><G116/><T104/><D95/><U127/><E127/><V17/><F17/><W39/><G111/><T77/><D104/><RYUUKYOKU ba="3,2" sc="180,-10,483,-10,250,30,67,-10" hai2="4,6,7,8,9,48,49,50,59,61,88,90,91" /><INIT seed="2,4,2,2,2,132" ten="170,473,280,57" oya="2" hai0="58,34,120,35,129,125,12,24,71,55,72,131,82" hai1="86,64,108,52,67,25,65,121,110,44,127,100,95" hai2="41,13,133,85,113,75,20,117,42,119,112,111,51" hai3="26,17,89,38,93,123,104,61,27,134,0,97,81"/><V90/><F13/><W47/><G123/><T135/><D120/><U57/><E121/><V9/><F20/><W96/><G134/><T11/><D71/><U7/><E127/><V66/><F9/><W62/><G0/><T74/><D135/><U31/><E44/><V2/><F2/><W84/><G104/><T88/><D125/><U106/><E106/><V109/><F75/><N who="0" m="28714" /><D88/><N who="1" m="53655" /><E100/><V116/><F133/><W87/><G38/><T46/><D24/><N who="3" m="9257" /><G47/><T77/><D82/><U107/><E107/><V70/><F85/><W19/><G84/><T79/><D46/><U53/><E57/><V103/><F90/><N who="3" m="51567" /><G97/><T40/><D40/><N who="2" m="15466" /><F51/><W114/><G114/><N who="2" m="44137" /><F103/><W63/><AGARI ba="4,2" hai="17,19,61,62,63,89,93,96" m="51567,9257" machi="63" ten="30,1100,0" yaku="8,1" doraHai="132" who="3" fromWho="3" sc="170,-7,473,-7,280,-9,57,43" /><INIT seed="3,0,0,0,3,77" ten="163,466,271,100" oya="3" hai0="125,128,110,6,92,82,135,101,4,84,43,74,111" hai1="11,114,32,126,30,130,106,78,119,83,27,14,72" hai2="59,28,10,15,118,1,55,129,5,131,44,22,17" hai3="18,3,65,123,9,8,61,86,29,127,124,94,26"/><W132/><G123/><T115/><D74/><U97/><E114/><V12/><F118/><W90/><G132/><T95/><D135/><U40/><E119/><V66/><F28/><W112/><G112/><T46/><D125/><U73/><E126/><V70/><F44/><W117/><G117/><T108/><D128/><N who="2" m="49226" /><F70/><W98/><G124/><T37/><D115/><U49/><E73/><V109/><F109/><W53/><G127/><T102/><D95/><U24/><E130/><V34/><F66/><W122/><G18/><T54/><D54/><U68/><E68/><V31/><F34/><W35/><G3/><T134/><D92/><U21/><E97/><V38/><F38/><W52/><G122/><T39/><D39/><U103/><E103/><N who="0" m="39433" /><D134/><U88/><E106/><V33/><F33/><W67/><G67/><T50/><D37/><U47/><E88/><AGARI ba="0,0" hai="4,6,43,46,50,82,84,88,108,110,111" m="39433" machi="88" ten="30,3900,0" yaku="14,1,52,1,54,1" doraHai="77" who="0" fromWho="1" sc="163,39,466,-39,271,0,100,0" owari="202,-19.8,427,52.7,271,7.1,100,-40.0" /></mjloggm>