<mjloggm ver="2.3"><GO type="169" lobby="0"/><UN n0="%62%75%65" n1="%E3%81%97%E3%82%82%E3%82%93%E3%81%AC" n2="%E5%B0%8F%E8%B1%86%E6%A2%93" n3="%E3%81%BE%E3%81%A1%E3%81%8A" dan="17,17,17,16" rate="2135.59,2179.16,2197.07,2184.51" sx="M,M,F,M"/><TAIKYOKU oya="0"/><INIT seed="0,0,0,3,1,127" ten="250,250,250,250" oya="0" hai0="101,110,12,15,52,106,125,1,96,38,126,111,86" hai1="78,49,105,123,124,54,40,50,56,34,63,87,88" hai2="18,93,39,58,75,59,76,17,19,13,31,135,133" hai3="102,64,9,112,113,118,77,72,27,117,61,11,8"/><T66/><D1/><U67/><E123/><V25/><F39/><W35/><G102/><T14/><D38/><U107/><E124/><N who="0" m="47721" /><D66/><U97/><E34/><V134/><F93/><W55/><G55/><T24/><D86/><U89/><E78/><V22/><REACH who="2" step="1"/><F13/><REACH who="2" ten="250,250,240,250" step="2"/><W28/><G112/><T26/><D24/><U2/><E2/><V82/><AGARI ba="0,1" hai="17,18,19,22,25,31,58,59,75,76,82,133,134,135" machi="82" ten="40,8000,1" yaku="1,1,2,1,0,1,20,1,53,0" doraHai="127" doraHaiUra="69" who="2" fromWho="2" sc="250,-40,250,-20,240,90,250,-20" /><INIT seed="1,0,0,1,1,57" ten="210,230,330,230" oya="1" hai0="135,118,10,59,91,78,104,98,87,79,64,129,44" hai1="26,49,117,96,52,74,73,28,81,68,34,6,93" hai2="50,99,11,42,132,43,20,76,9,100,89,130,23" hai3="36,83,35,80,124,108,114,22,58,32,84,7,29"/><U82/><E117/><V56/><F130/><W63/><G114/><T17/><D118/><U51/><E68/><V113/><F113/><W111/><G36/><T12/><D129/><U37/><E37/><V115/><F115/><W85/><G7/><T110/><D110/><N who="3" m="42025" /><G124/><T24/><D135/><U13/><E73/><V38/><F76/><N who="3" m="46087" /><G22/><T119/><D119/><U40/><E40/><V86/><F132/><W65/><G29/><T55/><D24/><U95/><E51/><V2/><F23/><W69/><G69/><T67/><D98/><U131/><E131/><V8/><F20/><W19/><G19/><T4/><D104/><U107/><E107/><V71/><F71/><W0/><G0/><T61/><D4/><U102/><E74/><V92/><F2/><W1/><G1/><T16/><D17/><U66/><E66/><N who="0" m="25129" /><D44/><U25/><E93/><AGARI ba="0,0" hai="10,12,16,55,59,61,78,79,87,91,93" m="25129" machi="93" ten="30,3900,0" yaku="8,1,52,1,54,1" doraHai="57" who="0" fromWho="1" sc="210,39,230,-39,330,0,230,0" /><INIT seed="2,0,0,4,0,90" ten="249,191,330,230" oya="2" hai0="86,43,117,100,68,9,47,92,103,1,126,89,39" hai1="91,130,19,10,79,64,98,7,94,102,32,95,55" hai2="52,119,50,121,75,59,57,134,85,58,108,81,107" hai3="26,72,104,11,24,35,77,21,14,128,0,115,42"/><V34/><F119/><W63/><G104/><T76/><D126/><U44/><E130/><V12/><F121/><W53/><G128/><T74/><D68/><U37/><E32/><V20/><F107/><W22/><G42/><T46/><D46/><U78/><E64/><V114/><F114/><W123/><G123/><T96/><D96/><U127/><E19/><N who="2" m="10343" /><F34/><W5/><G72/><T122/><D117/><U8/><E127/><V16/><F75/><W49/><G77/><T113/><D113/><U70/><E70/><V124/><F134/><W73/><G73/><T83/><D122/><U17/><E17/><V2/><F2/><W109/><G109/><T31/><D31/><U66/><E66/><V116/><F116/><W4/><G115/><T118/><D118/><U45/><E37/><V120/><F120/><W61/><G35/><T71/><D71/><U65/><E65/><V110/><F124/><W40/><G40/><T56/><D56/><U106/><E106/><V80/><F80/><W6/><G0/><T41/><D43/><U101/><E101/><V23/><F110/><W38/><G38/><T67/><D67/><U54/><E44/><V25/><F108/><W105/><G105/><T51/><D51/><N who="1" m="29039" /><E55/><V13/><F25/><W15/><G26/><T131/><D131/><U29/><E29/><V87/><F81/><W93/><G24/><T69/><D69/><U62/><E62/><V27/><F27/><W135/><G61/><T88/><D89/><U18/><E18/><V132/><F132/><W36/><G135/><T82/><D82/><U112/><E112/><RYUUKYOKU ba="0,0" sc="249,15,191,-15,330,15,230,-15" hai0="1,9,39,41,47,74,76,83,86,88,92,100,103" hai2="13,16,23,50,52,57,58,59,85,87" /><INIT seed="2,1,0,0,3,131" ten="264,176,345,215" oya="2" hai0="121,15,26,117,126,96,119,18,1,27,21,86,46" hai1="110,128,72,68,5,94,37,95,62,48,82,31,89" hai2="100,102,36,59,124,66,92,42,30,88,103,17,118" hai3="91,107,71,112,3,60,73,65,64,2,34,90,76"/><V16/><F118/><N who="0" m="45066" /><D121/><U80/><E37/><V20/><F124/><W57/><G34/><T55/><D1/><U134/><E128/><V104/><F104/><W52/><G107/><T24/><D126/><U25/><E5/><V84/><F36/><W58/><G112/><T74/><D74/><U129/><E129/><V29/><F42/><W83/><G65/><T12/><D86/><U13/><E13/><N who="0" m="5193" /><D96/><U10/><E10/><V9/><F9/><W130/><G130/><T47/><D55/><U38/><E72/><V75/><F75/><W106/><G106/><T41/><D46/><U32/><E80/><V23/><F23/><W135/><G71/><T54/><D54/><U8/><E82/><V87/><F87/><W70/><G70/><T53/><D53/><U40/><E8/><V122/><F122/><W69/><G69/><T115/><D115/><U116/><E116/><V45/><F45/><W51/><G3/><T67/><D67/><U78/><E68/><V108/><F108/><W111/><G2/><T11/><D11/><U50/><E110/><V85/><F85/><W98/><G111/><T19/><D21/><U14/><E40/><V49/><F49/><AGARI ba="1,0" hai="18,19,24,26,27,41,47,49" m="5193,45066" machi="49" ten="30,1000,0" yaku="12,1" doraHai="131" who="0" fromWho="2" sc="264,13,176,0,345,-13,215,0" /><INIT seed="3,0,0,4,4,10" ten="277,176,332,215" oya="3" hai0="31,112,28,69,116,132,120,97,44,30,105,61,111" hai1="81,87,37,14,39,1,46,43,13,126,73,108,36" hai2="45,135,7,53,34,16,2,3,12,40,24,91,84" hai3="119,130,62,63,79,89,42,99,68,21,100,101,66"/><W17/><G119/><T25/><D116/><U76/><E108/><V104/><F104/><W6/><G130/><T50/><D120/><U58/><E126/><V131/><F131/><W107/><G79/><T103/><D111/><U93/><E1/><V122/><F122/><W70/><G6/><T19/><D132/><U80/><E93/><V9/><F135/><W52/><G42/><T54/><D112/><U134/><E58/><V59/><F34/><W64/><G101/><T78/><D78/><U67/><E67/><V72/><F72/><W29/><G89/><T23/><D69/><U133/><E133/><V92/><F24/><W125/><G29/><T83/><D83/><U32/><E32/><V113/><F113/><W57/><G125/><T88/><D61/><U114/><E114/><V110/><F110/><W86/><G86/><T41/><REACH who="0" step="1"/><D88/><REACH who="0" ten="267,176,332,215" step="2"/><U127/><E134/><V65/><F91/><W5/><G5/><T55/><AGARI ba="0,1" hai="19,23,25,28,30,31,41,44,50,54,55,97,103,105" machi="55" ten="30,4000,0" yaku="1,1,2,1,0,1,53,0" doraHai="10" doraHaiUra="74" who="0" fromWho="0" sc="267,50,176,-10,332,-10,215,-20" /><INIT seed="4,0,0,5,1,59" ten="317,166,322,195" oya="0" hai0="53,79,50,124,36,60,89,0,128,108,16,18,77" hai1="116,125,129,83,119,27,133,65,81,95,29,62,47" hai2="85,3,5,74,106,132,109,104,135,68,54,35,30" hai3="127,17,82,34,80,118,71,2,110,66,86,100,49"/><T39/><D0/><U94/><E125/><V97/><F109/><W43/><G110/><T67/><D108/><U19/><E129/><V93/><F74/><W23/><G118/><T91/><D128/><U69/><E133/><V25/><F3/><W14/><G127/><T96/><D124/><U92/><E19/><V111/><F111/><W131/><G34/><T42/><D42/><U112/><E112/><V73/><F73/><W7/><G131/><T75/><D75/><U102/><E102/><V99/><F5/><W8/><G100/><T13/><D39/><U70/><E70/><V45/><F85/><W22/><G82/><T4/><D36/><U10/><E10/><V15/><F15/><W48/><G23/><T90/><D96/><U72/><E47/><V9/><F9/><W26/><G2/><T51/><D4/><U12/><E12/><V88/><F68/><W87/><G87/><T33/><D33/><U101/><E101/><V98/><F98/><W64/><G71/><T130/><D130/><U105/><E105/><V41/><F99/><W44/><REACH who="3" step="1"/><G49/><REACH who="3" ten="317,166,322,185" step="2"/><T20/><D51/><U78/><REACH who="1" step="1"/><E81/><REACH who="1" ten="317,156,322,185" step="2"/><V11/><F106/><W46/><G46/><N who="0" m="27863" /><D18/><U57/><E57/><AGARI ba="0,2" hai="13,16,20,57,60,67,77,79,89,90,91" m="27863" machi="57" ten="30,5800,0" yaku="8,1,52,1,54,1" doraHai="59" who="0" fromWho="1" sc="317,78,156,-58,322,0,185,0" /><INIT seed="4,1,0,5,5,4" ten="395,98,322,185" oya="0" hai0="132,59,50,39,95,90,42,125,124,103,0,1,77" hai1="130,41,121,2,24,20,79,114,16,126,28,112,116" hai2="82,129,14,3,118,83,109,10,29,37,60,6,94" hai3="89,65,35,119,63,11,15,92,88,13,74,8,87"/><T123/><D123/><U127/><E79/><V111/><F129/><W49/><G74/><T133/><D103/><U69/><E41/><V102/><F118/><W115/><G35/><T5/><D77/><U76/><E76/><V25/><F37/><W62/><G115/><N who="1" m="44074" /><E69/><V52/><F3/><N who="0" m="1098" /><D5/><U128/><E116/><V34/><F83/><N who="3" m="49279" /><G119/><T72/><D72/><U18/><E2/><V99/><REACH who="2" step="1"/><F82/><REACH who="2" ten="395,98,312,185" step="2"/><W38/><G38/><T31/><D39/><U101/><E121/><V135/><F135/><W45/><G65/><T27/><D133/><U21/><E101/><V46/><F46/><W30/><G30/><T108/><D132/><U131/><E28/><V51/><F51/><W120/><G120/><T70/><D31/><U84/><E84/><V75/><F75/><W17/><G49/><T9/><D50/><U12/><AGARI ba="1,1" hai="12,16,18,20,21,24,126,127,128,130,131" m="44074" machi="12" ten="40,12000,2" yaku="19,1,15,1,11,1,34,2,54,1" doraHai="4" who="1" fromWho="1" sc="395,-61,98,133,312,-31,185,-31" /><INIT seed="5,0,0,0,2,60" ten="334,231,281,154" oya="1" hai0="126,22,2,77,73,67,38,115,107,29,49,129,1" hai1="94,117,93,80,84,0,118,104,66,36,78,119,20" hai2="74,71,109,43,127,134,100,7,57,27,33,114,86" hai3="35,53,48,18,39,98,83,128,8,113,4,120,121"/><U16/><E104/><V46/><F86/><W17/><G39/><T70/><D38/><U97/><E0/><V63/><F27/><W9/><G35/><T52/><D107/><U96/><E36/><V82/><F7/><W40/><G40/><T6/><D115/><U132/><E132/><V54/><F100/><W110/><G110/><T3/><D129/><U51/><E51/><N who="2" m="27103" /><F33/><W131/><G113/><T11/><D126/><U124/><E124/><V123/><F82/><W26/><G98/><T68/><D77/><U47/><E47/><V62/><F74/><W88/><G26/><T135/><D73/><U79/><E79/><V105/><F105/><W65/><G83/><T55/><D135/><U125/><E125/><V102/><F102/><W130/><G88/><T12/><D55/><U103/><E66/><N who="2" m="41439" /><F127/><W72/><G72/><T41/><D41/><U122/><E122/><V108/><F123/><W34/><G34/><T56/><D29/><U133/><E133/><V112/><F134/><W14/><G18/><T44/><D22/><U81/><E81/><V42/><F42/><W95/><G95/><T116/><D1/><U92/><REACH who="1" step="1"/><E103/><REACH who="1" ten="334,221,281,154" step="2"/><V50/><F50/><W10/><G121/><T61/><D2/><U59/><E59/><V32/><F114/><W91/><G120/><T15/><D3/><U111/><E111/><V19/><F112/><W69/><G91/><T90/><D70/><U99/><E99/><V45/><F109/><W85/><G69/><T89/><D68/><U28/><E28/><V25/><F108/><W21/><G128/><T13/><D90/><RYUUKYOKU ba="0,1" sc="334,-10,221,30,281,-10,154,-10" hai1="16,20,78,80,84,92,93,94,96,97,117,118,119" /><INIT seed="5,1,1,3,1,35" ten="324,251,271,144" oya="1" hai0="47,75,73,78,97,18,88,59,118,30,50,110,128" hai1="82,125,22,11,89,68,10,55,109,1,34,20,40" hai2="39,60,102,111,2,99,23,7,107,57,62,27,66" hai3="117,114,45,51,120,96,129,8,49,46,37,42,4"/><U28/><E68/><V81/><F111/><W92/><G120/><T80/><D110/><U95/><E109/><V32/><F39/><W21/><G114/><T124/><D118/><U61/><E125/><V19/><F81/><W126/><G126/><T25/><D124/><U56/><E40/><V12/><F62/><W100/><G129/><T84/><D128/><U0/><E82/><V17/><F32/><W98/><G117/><T24/><D59/><U130/><E34/><V105/><F7/><W36/><G21/><T26/><D18/><U135/><E135/><V6/><F6/><W5/><G5/><T103/><D30/><U87/><E130/><V44/><F44/><W43/><REACH who="3" step="1"/><G98/><REACH who="3" ten="324,251,271,134" step="2"/><T112/><D112/><U16/><E22/><V91/><F99/><W76/><G76/><T13/><D78/><U108/><E108/><V69/><F23/><W72/><G72/><T90/><D75/><U104/><E28/><V54/><F17/><W48/><G48/><T122/><D73/><U123/><E123/><V9/><F19/><W33/><G33/><T131/><D122/><U79/><E79/><V119/><F119/><W52/><G52/><T132/><D131/><U64/><E55/><V121/><F54/><W15/><AGARI ba="1,2" hai="4,8,15,36,37,42,43,45,46,49,51,92,96,100" machi="15" ten="20,5200,0" yaku="1,1,0,1,7,1,9,1,53,0" doraHai="35" doraHaiUra="134" who="3" fromWho="3" sc="324,-14,251,-27,271,-14,134,75" /><INIT seed="6,0,0,4,5,5" ten="310,224,257,209" oya="2" hai0="38,71,40,134,26,4,113,86,131,46,115,66,39" hai1="84,135,73,123,133,87,58,11,76,52,80,75,96" hai2="90,97,122,61,99,79,47,9,43,124,74,8,15" hai3="103,30,67,107,60,31,54,21,93,42,41,110,91"/><V28/><F122/><W114/><G110/><T69/><D131/><U17/><E123/><V88/><F124/><W59/><G114/><N who="0" m="43531" /><D134/><N who="1" m="51211" /><E96/><N who="2" m="36939" /><F74/><W7/><G107/><T36/><D4/><U24/><E73/><V78/><F28/><W22/><G103/><T63/><D86/><U23/><E11/><N who="2" m="4171" /><F15/><W118/><G7/><T51/><D26/><U130/><E130/><V109/><F109/><W111/><G118/><T35/><D35/><U120/><E120/><V44/><F61/><AGARI ba="0,0" hai="17,23,24,52,58,61,75,76,80,84,87" m="51211" machi="61" ten="30,2000,0" yaku="20,1,54,1" doraHai="5" who="1" fromWho="2" sc="310,0,224,20,257,-20,209,0" /><INIT seed="7,0,0,5,4,90" ten="310,244,237,209" oya="3" hai0="70,84,23,122,3,130,79,41,59,126,83,107,22" hai1="31,110,49,45,96,30,101,71,40,21,12,73,72" hai2="109,133,8,24,35,52,132,111,87,74,135,120,124" hai3="32,33,67,100,63,15,78,37,6,27,38,127,93"/><W121/><G121/><T7/><D70/><U42/><E110/><V50/><F74/><W62/><G127/><T80/><D107/><U54/><E71/><V82/><F124/><W108/><G108/><T113/><D122/><U76/><E72/><V48/><F48/><W65/><G78/><T44/><D130/><U11/><E73/><V36/><F36/><W5/><G15/><T46/><D46/><U95/><E76/><N who="2" m="46535" /><F120/><W64/><G64/><T104/><D104/><U69/><E69/><V10/><F10/><W119/><G100/><T13/><D3/><U112/><E112/><V57/><F8/><W116/><REACH who="3" step="1"/><G27/><REACH who="3" ten="310,244,237,199" step="2"/><T20/><D13/><U85/><E12/><V61/><F24/><W53/><G53/><T94/><D126/><U2/><E54/><N who="2" m="33975" /><F35/><W55/><G55/><T77/><D79/><U25/><E25/><V28/><F28/><W99/><G99/><T14/><D77/><U51/><E30/><V118/><F118/><W129/><G129/><T88/><D14/><U39/><E96/><V106/><F106/><W115/><G115/><T134/><D113/><U60/><E31/><V9/><F9/><W97/><G97/><T19/><D7/><U114/><E11/><V131/><F131/><W98/><G98/><T0/><D0/><U81/><E114/><V4/><F4/><W66/><G66/><T117/><D117/><U123/><E2/><V18/><F18/><W75/><G75/><T86/><D19/><U92/><E123/><V102/><F102/><W105/><G105/><T26/><D26/><U34/><E101/><V125/><F125/><RYUUKYOKU ba="0,1" sc="310,-15,244,-15,237,15,199,15" hai2="50,52,109,111,132,133,135" hai3="5,6,32,33,37,38,62,63,65,67,93,116,119" /><INIT seed="7,1,1,5,5,51" ten="295,229,252,214" oya="3" hai0="11,134,6,3,106,101,92,108,73,87,0,75,12" hai1="85,100,2,105,38,122,37,35,14,17,45,18,94" hai2="82,25,93,68,77,39,55,60,112,72,114,119,129" hai3="90,110,16,10,57,103,121,95,31,62,120,70,23"/><W86/><G110/><T15/><D108/><U52/><E2/><V46/><F119/><W81/><G70/><T64/><D134/><U40/><E122/><V128/><F93/><W124/><G124/><T67/><D106/><U115/><E35/><V71/><F25/><W97/><G10/><T79/><D101/><U132/><E132/><V74/><F74/><W61/><G61/><T50/><D50/><U69/><E69/><N who="2" m="26699" /><F60/><W96/><G96/><T20/><D20/><U125/><E125/><V111/><F111/><W8/><G8/><T9/><D92/><U44/><E105/><V80/><F80/><W4/><G4/><T32/><D87/><U133/><E133/><V84/><F72/><W99/><G31/><T116/><D32/><U66/><E66/><V41/><F55/><W54/><REACH who="3" step="1"/><G97/><REACH who="3" ten="295,229,252,204" step="2"/><T53/><D6/><U30/><E30/><V102/><F102/><W117/><G117/><T83/><D116/><U107/><E100/><V7/><F7/><W29/><G29/><T42/><D0/><U47/><E17/><V113/><AGARI ba="1,2" hai="39,41,46,77,82,84,112,113,114,128,129" m="26699" machi="113" ten="40,1500,0" yaku="15,1" doraHai="51" who="2" fromWho="2" sc="295,-5,229,-5,252,38,204,-8" /><INIT seed="8,0,0,3,1,135" ten="290,224,290,196" oya="0" hai0="58,125,97,103,90,38,134,68,105,46,44,80,87" hai1="4,130,33,115,99,9,106,81,62,65,71,64,19" hai2="12,45,52,14,60,17,126,28,120,37,121,113,1" hai3="56,111,101,117,21,83,50,102,112,74,107,84,93"/><T72/><D68/><U22/><E130/><V123/><F1/><W128/><G111/><T109/><D134/><U53/><E33/><V116/><F113/><W51/><G112/><T32/><D32/><U8/><E115/><V118/><F28/><W30/><G128/><T78/><D125/><U2/><E8/><V76/><F126/><W48/><G74/><T100/><D100/><N who="3" m="38505" /><G107/><T91/><D91/><U67/><E99/><V6/><F76/><N who="3" m="46183" /><G93/><N who="0" m="54495" /><D38/><U86/><E53/><V25/><F6/><W34/><G117/><N who="2" m="45161" /><F60/><W89/><G89/><T15/><D109/><U110/><E106/><V82/><F82/><W73/><G73/><T79/><D79/><U57/><E71/><V43/><F52/><N who="3" m="31751" /><G34/><T23/><D58/><U40/><E110/><V20/><AGARI ba="0,0" hai="12,14,17,20,25,37,43,45,120,121,123" m="45161" machi="20" ten="40,2700,0" yaku="16,1,12,1" doraHai="135" who="2" fromWho="2" sc="290,-13,224,-7,290,27,196,-7" owari="277,7.7,217,-18.3,317,41.7,189,-31.1" /></mjloggm>