<mjloggm ver="2.3"><GO type="225" lobby="0"/><UN n0="%E3%81%BF%E3%81%BF%E3%81%9A" n1="%E3%81%A4%E3%81%A3%E3%81%B1%E3%82%8A%E3%83%9D%E3%83%BC%E3%83%AB" n2="%E3%81%AF%E3%82%88%E3%81%8A%E3%81%98%E3%81%95%E3%82%93" n3="%E5%91%A8%E6%9D%B1" dan="17,17,16,16" rate="2237.92,2157.96,2203.31,2162.70" sx="M,M,M,M"/><TAIKYOKU oya="0"/><INIT seed="0,0,0,5,3,80" ten="250,250,250,250" oya="0" hai0="49,24,75,109,20,60,43,90,57,31,15,102,48" hai1="73,66,83,38,58,5,124,54,25,61,132,68,22" hai2="28,120,91,71,133,97,93,47,95,35,34,65,70" hai3="82,108,18,99,23,3,81,51,1,104,40,87,12"/><T14/><D75/><U86/><E132/><V37/><F120/><W55/><G108/><T56/><D109/><U119/><E124/><V4/><F133/><W69/><G69/><T118/><D118/><U64/><E119/><V129/><F129/><W63/><G40/><T121/><D121/><U26/><E38/><V122/><F122/><W62/><G82/><T36/><D36/><U98/><E73/><V33/><F4/><W134/><G134/><T32/><D102/><U127/><E127/><V105/><F105/><W29/><G29/><T89/><D32/><U103/><E5/><V94/><F28/><W115/><G115/><T79/><D79/><U19/><E26/><V67/><F37/><W96/><G104/><T44/><D49/><U112/><E68/><N who="2" m="26155" /><F47/><W88/><G3/><T107/><D56/><U8/><E8/><V92/><N who="2" m="23552" /><DORA hai="76" /><V114/><F91/><N who="0" m="34826" /><D107/><U116/><E112/><V13/><F114/><W123/><G1/><T42/><D43/><U77/><E116/><V45/><F13/><W106/><G123/><T10/><D10/><U101/><REACH who="1" step="1"/><E98/><REACH who="1" ten="250,240,250,250" step="2"/><N who="3" m="37418" /><G106/><T11/><D11/><U46/><E46/><AGARI ba="0,1" hai="12,18,23,46,51,55,62,63,81,87,88" m="37418" machi="46" ten="30,7700,0" yaku="8,1,52,2,54,1" doraHai="80,76" who="3" fromWho="1" sc="250,0,240,-77,250,0,250,87" /><INIT seed="1,0,0,3,1,65" ten="250,163,250,337" oya="1" hai0="64,86,60,16,109,19,5,29,36,32,67,84,45" hai1="82,112,0,52,97,31,106,8,127,72,40,14,91" hai2="114,54,2,13,87,55,117,124,118,90,20,58,73" hai3="25,42,50,17,107,83,115,1,24,134,18,63,80"/><U102/><E112/><V78/><F2/><W51/><G1/><T92/><D5/><U39/><E127/><V121/><F121/><W133/><G63/><T110/><D29/><U75/><E0/><V126/><F114/><W116/><G42/><N who="0" m="22727" /><D67/><U26/><E40/><V76/><F73/><W33/><G115/><T98/><D32/><U94/><E39/><V23/><F90/><W46/><G46/><T7/><D7/><U4/><E82/><V44/><F44/><W15/><G15/><T95/><D86/><U66/><E66/><V88/><F88/><W6/><G6/><T49/><D49/><U59/><E94/><N who="0" m="35881" /><D98/><U119/><E91/><V37/><F37/><W105/><REACH who="3" step="1"/><G33/><REACH who="3" ten="250,163,250,327" step="2"/><T122/><D122/><U129/><E119/><AGARI ba="0,1" hai="17,18,24,25,50,51,80,83,105,107,116,119,133,134" machi="119" ten="25,12000,2" yaku="1,1,2,1,22,2,53,2" doraHai="65" doraHaiUra="22" who="3" fromWho="1" sc="250,0,163,-120,250,0,327,130" /><INIT seed="2,0,0,1,2,88" ten="250,43,250,457" oya="2" hai0="49,17,76,72,115,9,70,39,41,6,33,18,12" hai1="5,63,30,66,13,27,8,77,85,91,80,109,43" hai2="73,129,74,23,92,69,108,121,107,101,52,82,93" hai3="38,104,44,114,11,19,79,20,127,67,106,71,57"/><V111/><F69/><W126/><G114/><T37/><D115/><U2/><E109/><N who="2" m="42059" /><F23/><W29/><G71/><T105/><D105/><U16/><E43/><V55/><F121/><W86/><G29/><T118/><D33/><U132/><E132/><V103/><F129/><W32/><G32/><T116/><D70/><U7/><E77/><V47/><F47/><W45/><G20/><T0/><D49/><U24/><E24/><V96/><F103/><W50/><G45/><N who="0" m="23727" /><D39/><U65/><E63/><V130/><F130/><W42/><G38/><T26/><D26/><U95/><E80/><V58/><F55/><W14/><G44/><T134/><D134/><U48/><E48/><N who="2" m="30983" /><F82/><W10/><G42/><T98/><D116/><U102/><E102/><V123/><F123/><W31/><G50/><T125/><D118/><U36/><E36/><V35/><F35/><W97/><G57/><T131/><D131/><U4/><REACH who="1" step="1"/><E2/><REACH who="1" ten="250,33,250,457" step="2"/><V53/><F53/><W40/><G40/><T21/><D0/><U135/><E135/><V60/><F60/><W120/><G120/><T110/><D110/><U113/><E113/><V78/><F78/><W100/><G79/><T59/><D76/><U90/><E90/><V25/><F25/><W28/><G100/><T94/><D59/><U89/><E89/><V128/><F128/><W64/><G67/><T15/><D15/><U84/><E84/><V1/><F1/><W124/><G64/><T112/><D112/><U133/><E133/><V87/><F87/><W83/><G86/><T119/><D12/><U3/><E3/><V46/><F46/><RYUUKYOKU ba="0,1" sc="250,-15,33,15,250,15,457,-15" hai1="4,5,7,8,13,16,27,30,65,66,85,91,95" hai2="73,74,92,93,96,101,107" /><INIT seed="2,1,1,2,1,0" ten="235,48,265,442" oya="2" hai0="84,43,94,115,2,45,125,7,13,57,108,79,109" hai1="40,69,98,64,133,129,74,99,1,65,100,80,56" hai2="112,5,66,27,11,55,25,20,16,28,44,42,123" hai3="116,88,127,90,134,119,75,21,10,121,49,130,29"/><V92/><F112/><W32/><G75/><T97/><D115/><U117/><E117/><V126/><F123/><W102/><G121/><T4/><D2/><U70/><E1/><V85/><F126/><W23/><G102/><T48/><D125/><U95/><E129/><V83/><F66/><W47/><G32/><T105/><D105/><U58/><E40/><V19/><F92/><W62/><G130/><T104/><D104/><U15/><E15/><N who="2" m="5615" /><F27/><W3/><G3/><T54/><D13/><U24/><E24/><V67/><F67/><W9/><G127/><T59/><D84/><U61/><E133/><V26/><F25/><W132/><G134/><T38/><D79/><U39/><E39/><V50/><F55/><W63/><G132/><T78/><D78/><AGARI ba="1,1" hai="16,19,20,26,28,42,44,50,78,83,85" m="5615" machi="78" ten="30,11600,0" yaku="25,1,8,1,52,1,54,1" doraHai="0" who="2" fromWho="0" sc="235,-119,48,0,265,129,442,0" /><INIT seed="2,2,0,4,5,134" ten="116,48,394,442" oya="2" hai0="102,66,57,87,34,121,103,33,15,93,38,53,83" hai1="5,14,77,13,68,76,48,61,107,94,67,69,31" hai2="75,120,104,89,128,82,91,51,26,2,116,54,32" hai3="17,60,46,97,0,44,81,21,74,126,62,117,19"/><V114/><F2/><W72/><G117/><T100/><D121/><U24/><E107/><V112/><F32/><W40/><G0/><T18/><D38/><U119/><E119/><V71/><F116/><W130/><G130/><T98/><D66/><U84/><E69/><V65/><F26/><W22/><G97/><T132/><D132/><U92/><E48/><V10/><F10/><W43/><G81/><T41/><D41/><U16/><E5/><V133/><F133/><W131/><G131/><T58/><D34/><U29/><E14/><V99/><F128/><W135/><G135/><T47/><D33/><U7/><E7/><V8/><F8/><W35/><G35/><T122/><D47/><U64/><E64/><V39/><F39/><W110/><G110/><T86/><D86/><U123/><E123/><V1/><F1/><W88/><G88/><N who="2" m="33865" /><F65/><W28/><G28/><T124/><D122/><U118/><E118/><V115/><F71/><W50/><G50/><N who="0" m="30903" /><D58/><U111/><E111/><V129/><F129/><W30/><G30/><T9/><D124/><AGARI ba="2,0" hai="17,19,21,22,40,43,44,46,60,62,72,74,124,126" machi="124" ten="25,6400,0" yaku="22,2,52,2" doraHai="134" who="3" fromWho="0" sc="116,-70,48,0,394,0,442,70" /><INIT seed="3,0,0,4,0,43" ten="46,48,394,512" oya="3" hai0="50,66,130,45,22,25,99,31,47,20,107,9,7" hai1="75,10,82,46,59,97,133,93,13,29,67,113,71" hai2="124,134,28,109,106,63,76,16,42,103,21,70,111" hai3="81,123,48,92,32,74,5,30,18,12,120,56,11"/><W44/><G32/><T72/><D72/><U37/><E113/><V125/><F76/><W77/><G30/><T1/><D130/><U57/><E71/><V68/><F28/><W95/><G56/><N who="1" m="21578" /><E75/><V122/><F103/><W94/><REACH who="3" step="1"/><G5/><REACH who="3" ten="46,48,394,502" step="2"/><T116/><D116/><U73/><E29/><V34/><F34/><W52/><AGARI ba="0,1" hai="11,12,18,44,48,52,74,77,81,92,94,95,120,123" machi="52" ten="30,12000,1" yaku="1,1,2,1,0,1,52,1,54,1,53,0" doraHai="43" doraHaiUra="39" who="3" fromWho="3" sc="46,-40,48,-40,394,-40,502,130" owari="6,-49.4,8,-39.2,354,15.4,632,73.2" /></mjloggm>