<mjloggm ver="2.3"><GO type="169" lobby="0"/><UN n0="%E2%97%8E%E3%82%88%E3%81%97%E2%97%8E" n1="%E6%B7%B3%E5%AD%90%E3%81%A7%E3%81%99" n2="%52%59%4F%40%53%53" n3="%E6%96%B0%E6%9C%88%E9%97%87%E9%9F%B3" dan="17,17,17,17" rate="2174.56,2171.86,2146.20,2170.57" sx="M,M,M,M"/><TAIKYOKU oya="0"/><INIT seed="0,0,0,3,4,122" ten="250,250,250,250" oya="0" hai0="103,130,36,115,50,57,22,35,12,38,13,62,48" hai1="60,88,126,31,65,108,107,73,76,97,134,132,44" hai2="82,17,102,92,14,127,21,55,58,128,99,71,124" hai3="9,105,87,112,46,85,98,6,129,26,91,83,74"/><T16/><D115/><U68/><E126/><V41/><F71/><W109/><G112/><T135/><D35/><U37/><E31/><V18/><F128/><W96/><G129/><T86/><D130/><U120/><E120/><V64/><F64/><W79/><G109/><T33/><D33/><U52/><E76/><V8/><F41/><W66/><G66/><T110/><D135/><U75/><E37/><V81/><F127/><W25/><G46/><T133/><D133/><N who="1" m="51307" /><E108/><V89/><F102/><W123/><G123/><T61/><D103/><N who="1" m="62959" /><E88/><V111/><F111/><W78/><G78/><T27/><D110/><U2/><E2/><V49/><REACH who="2" step="1"/><F124/><REACH who="2" ten="250,250,240,250" step="2"/><W106/><G106/><T59/><D86/><U19/><E68/><V77/><F77/><W80/><G74/><T20/><REACH who="0" step="1"/><D27/><AGARI ba="0,1" hai="8,14,17,18,21,27,49,55,58,81,82,89,92,99" machi="27" ten="30,3900,0" yaku="1,1,7,1,8,1,53,0" doraHai="122" doraHaiUra="32" who="2" fromWho="0" sc="250,-39,250,0,240,49,250,0" /><INIT seed="1,0,0,1,0,115" ten="211,250,289,250" oya="1" hai0="118,69,87,55,89,10,112,107,64,93,108,110,111" hai1="117,67,18,63,135,24,6,130,72,11,3,22,39" hai2="126,36,88,20,8,56,121,122,91,98,100,76,71" hai3="127,129,83,95,77,29,109,42,120,124,128,85,44"/><U31/><E72/><V52/><F71/><W37/><G120/><T116/><D112/><U38/><E135/><V102/><F36/><W104/><G104/><T99/><D55/><U70/><E130/><N who="3" m="50282" /><G29/><T123/><D123/><U25/><REACH who="1" step="1"/><E117/><REACH who="1" ten="211,240,289,250" step="2"/><N who="0" m="45161" /><D10/><U119/><E119/><V73/><F8/><W1/><G109/><T75/><D75/><U84/><E84/><V40/><F73/><N who="3" m="43439" /><G1/><T65/><D69/><U34/><AGARI ba="0,1" hai="3,6,11,18,22,24,25,31,34,38,39,63,67,70" machi="34" ten="20,3900,0" yaku="1,1,0,1,7,1,53,0" doraHai="115" doraHaiUra="43" who="1" fromWho="1" sc="211,-13,240,49,289,-13,250,-13" /><INIT seed="1,1,0,5,1,34" ten="198,289,276,237" oya="1" hai0="132,128,114,110,105,109,15,49,85,36,16,8,9" hai1="19,67,129,95,120,125,113,27,17,131,57,58,69" hai2="81,127,7,89,111,3,20,43,112,52,72,10,18" hai3="41,38,56,108,106,30,97,21,24,13,84,23,134"/><U88/><E120/><V117/><F117/><W48/><G108/><N who="0" m="41579" /><D36/><U53/><E113/><V107/><F111/><W92/><G134/><T50/><D105/><U116/><E116/><V29/><F107/><W65/><G106/><T54/><D114/><U115/><E115/><V32/><F127/><W94/><G38/><T83/><D132/><U121/><E121/><V135/><F135/><W63/><G84/><T87/><D128/><N who="1" m="49227" /><E125/><V61/><F43/><W55/><G41/><T90/><D54/><U22/><E19/><V2/><F112/><W33/><G13/><N who="0" m="7207" /><D87/><N who="1" m="52639" /><E53/><V60/><F52/><W26/><G26/><T47/><D47/><U14/><E27/><V44/><F44/><W122/><G122/><T78/><D78/><U130/><N who="1" m="49235" /><U96/><DORA hai="74" /><E96/><V126/><F126/><W62/><G62/><AGARI ba="1,0" hai="14,17,22,57,58,62,67,69" m="52639,49235" machi="62" ten="40,3900,0" yaku="19,1,54,1" doraHai="34,74" who="1" fromWho="3" sc="198,0,289,42,276,0,237,-42" /><INIT seed="1,2,0,2,4,27" ten="198,331,276,195" oya="1" hai0="78,29,31,53,64,124,120,83,4,109,41,45,113" hai1="108,48,37,38,112,34,129,111,92,101,110,130,16" hai2="84,123,44,9,75,88,128,104,22,23,36,43,132" hai3="54,21,18,95,76,17,99,56,10,119,52,50,106"/><U55/><E112/><V49/><F75/><W126/><G126/><T20/><D113/><U14/><E34/><V30/><F123/><W6/><G106/><T51/><D124/><U85/><E101/><V13/><F104/><W35/><G35/><T100/><D64/><U93/><E92/><V11/><F128/><N who="1" m="49257" /><E93/><N who="2" m="54407" /><F36/><W63/><G119/><T98/><D109/><U131/><E85/><V12/><F132/><W80/><G10/><N who="2" m="3593" /><F23/><W39/><G6/><T82/><D20/><N who="1" m="11287" /><E131/><V42/><F43/><W72/><G39/><T97/><D41/><U73/><E73/><V86/><F86/><W58/><REACH who="3" step="1"/><G21/><REACH who="3" ten="198,331,276,185" step="2"/><T125/><D125/><U90/><E90/><AGARI ba="2,1" hai="17,18,50,52,54,56,58,63,72,76,80,90,95,99" machi="90" ten="30,7700,0" yaku="1,1,2,1,7,1,54,1,53,0" doraHai="27" doraHaiUra="8" who="3" fromWho="1" sc="198,0,331,-83,276,0,185,93" /><INIT seed="2,0,0,0,0,55" ten="198,248,276,278" oya="2" hai0="33,65,32,130,126,123,38,117,129,120,39,17,78" hai1="80,104,43,81,46,49,114,94,5,76,106,96,74" hai2="61,47,63,4,37,7,15,8,2,11,111,9,57" hai3="44,53,0,30,36,26,20,82,72,56,110,87,103"/><V68/><F111/><W50/><G110/><T88/><D78/><U58/><E114/><V119/><F119/><W19/><G0/><T95/><D17/><U75/><E5/><V125/><F125/><W66/><G72/><T12/><D12/><U51/><E80/><V108/><F108/><W86/><G103/><T84/><D65/><U93/><E93/><V1/><F68/><W100/><G100/><T122/><D126/><U105/><E74/><V60/><F47/><W133/><G133/><T34/><REACH who="0" step="1"/><D117/><REACH who="0" ten="188,248,276,278" step="2"/><U10/><E10/><V31/><F31/><W134/><G19/><T77/><D77/><U67/><E67/><V73/><F73/><W71/><G134/><T131/><AGARI ba="0,1" hai="32,33,34,38,39,84,88,95,120,122,123,129,130,131" machi="131" ten="50,12000,2" yaku="1,1,0,1,29,2,19,1,54,1,53,0" doraHai="55" doraHaiUra="22" who="0" fromWho="0" sc="188,130,248,-30,276,-60,278,-30" /><INIT seed="3,0,0,3,1,59" ten="318,218,216,248" oya="3" hai0="127,129,76,0,21,75,3,65,79,111,110,125,134" hai1="74,82,6,61,67,49,11,45,108,83,72,69,18" hai2="120,37,36,40,48,63,106,126,12,115,60,87,91" hai3="128,88,44,133,13,15,135,56,94,5,86,23,112"/><W116/><G112/><T100/><D100/><U47/><E108/><N who="0" m="41513" /><D21/><U64/><E18/><V117/><F106/><W122/><G116/><T22/><D22/><U43/><E47/><V85/><F117/><W50/><G122/><T28/><D65/><U31/><E31/><V84/><F115/><W62/><G128/><T114/><D28/><U99/><E99/><V1/><F1/><N who="0" m="586" /><D114/><U58/><E72/><V38/><F120/><W4/><G135/><T24/><D75/><U103/><E103/><V66/><F66/><N who="3" m="39239" /><G133/><T131/><D24/><U46/><E74/><V95/><F126/><N who="0" m="48138" /><D134/><U19/><E64/><V10/><F40/><N who="3" m="24839" /><G23/><T26/><D26/><U70/><E69/><V124/><F124/><W7/><AGARI ba="0,0" hai="4,5,7,13,15,86,88,94" m="24839,39239" machi="7" ten="30,6000,0" yaku="8,1,52,1,54,1" doraHai="59" who="3" fromWho="3" sc="318,-20,218,-20,216,-20,248,60" /><INIT seed="3,1,0,2,0,2" ten="298,198,196,308" oya="3" hai0="6,117,58,106,66,89,81,60,93,133,76,111,67" hai1="42,70,122,98,123,84,37,87,83,45,25,69,24" hai2="38,124,41,121,82,20,43,109,28,50,11,110,119" hai3="127,5,19,77,46,112,27,90,128,55,100,91,8"/><W39/><G112/><T16/><D106/><U12/><E98/><V118/><F82/><W57/><G128/><T78/><D117/><N who="2" m="44554" /><F20/><W49/><G127/><T115/><D111/><N who="2" m="42506" /><F28/><W29/><G100/><T17/><D133/><U105/><E105/><V1/><F11/><W40/><G77/><T62/><D115/><U52/><E12/><V33/><F1/><W26/><G19/><T92/><D6/><U65/><E84/><V75/><F75/><W23/><REACH who="3" step="1"/><G27/><REACH who="3" ten="298,198,196,298" step="2"/><T22/><D17/><U71/><E24/><V94/><F124/><W114/><G114/><T56/><D89/><U54/><E25/><V134/><F121/><W44/><G44/><T130/><D130/><U47/><E47/><V36/><F134/><W68/><G68/><T101/><D101/><U21/><E70/><V126/><F126/><W107/><G107/><T96/><D78/><U59/><E71/><V116/><F116/><W14/><AGARI ba="1,1" hai="5,8,14,23,26,29,39,40,46,49,55,57,90,91" machi="14" ten="20,7800,0" yaku="1,1,0,1,7,1,52,1,53,0" doraHai="2" doraHaiUra="131" who="3" fromWho="3" sc="298,-27,198,-27,196,-27,298,91" /><INIT seed="3,2,0,1,2,79" ten="271,171,169,389" oya="3" hai0="47,134,86,113,104,22,112,77,87,10,114,135,9" hai1="11,130,51,124,19,61,89,107,43,14,62,28,76" hai2="24,16,12,95,97,88,34,0,35,133,119,21,20" hai3="45,81,125,117,64,80,29,7,85,69,2,116,92"/><W40/><G125/><T83/><D104/><U57/><E107/><V103/><F119/><W44/><G29/><T98/><D98/><U90/><E130/><V129/><F0/><W111/><G111/><T67/><D67/><U99/><E124/><V36/><F36/><W41/><G2/><T72/><D47/><U65/><E28/><V68/><F68/><W109/><G109/><T128/><D22/><U75/><E99/><V74/><F74/><W1/><G1/><T120/><D120/><U59/><E75/><V71/><F71/><W54/><G69/><T118/><D118/><U46/><REACH who="1" step="1"/><E76/><REACH who="1" ten="271,161,169,389" step="2"/><V32/><F129/><W78/><G78/><T132/><D128/><U23/><E23/><V84/><F133/><W106/><G106/><T5/><REACH who="0" step="1"/><D10/><REACH who="0" ten="261,161,169,389" step="2"/><U91/><E91/><V50/><F21/><W30/><G117/><T25/><D25/><U82/><E82/><V96/><F96/><W110/><G116/><T38/><D38/><U26/><E26/><V126/><F126/><W55/><G110/><T60/><D60/><U131/><E131/><V66/><F50/><W122/><G81/><T127/><D127/><U42/><E42/><V3/><F24/><W52/><G80/><T93/><D93/><U17/><E17/><V6/><F35/><W102/><G40/><T101/><D101/><U94/><E94/><N who="2" m="54535" /><F34/><W31/><G41/><T58/><D58/><U4/><E4/><V53/><F32/><W49/><G7/><T115/><N who="0" m="28672" /><DORA hai="15" /><T37/><D37/><U48/><E48/><V8/><F6/><W108/><G108/><T63/><D63/><RYUUKYOKU ba="2,2" sc="261,15,161,15,169,-15,389,-15" hai0="5,9,72,77,83,86,87,132,134,135" hai1="11,14,19,43,46,51,57,59,61,62,65,89,90" /><INIT seed="4,3,2,4,5,0" ten="276,176,154,374" oya="0" hai0="42,121,12,70,134,28,106,54,123,103,50,105,62" hai1="110,128,32,133,68,72,125,126,78,46,90,21,116" hai2="14,99,65,83,107,108,94,84,81,119,100,114,9" hai3="61,79,18,92,2,58,23,135,38,64,129,55,17"/><T102/><D42/><U24/><E32/><V111/><F119/><W59/><G38/><T48/><D28/><U15/><E68/><V7/><F114/><W66/><G129/><T87/><D87/><U80/><E116/><V56/><F107/><N who="0" m="40970" /><D12/><U1/><E1/><V53/><F65/><W35/><G135/><T127/><D54/><U22/><E133/><V36/><F36/><W33/><G2/><T104/><D134/><U43/><E90/><V29/><F29/><W44/><G79/><T89/><D89/><U63/><E63/><V3/><F3/><W96/><G44/><T60/><D104/><U8/><E22/><V16/><F16/><W20/><G35/><T10/><D10/><U34/><E21/><N who="3" m="8266" /><G33/><T118/><D70/><U47/><E47/><V75/><F75/><W6/><G6/><T86/><D86/><U120/><E24/><V117/><F117/><W122/><G122/><N who="0" m="46603" /><D127/><U82/><E34/><V131/><F131/><W95/><G95/><T93/><D93/><U51/><E128/><V37/><F37/><W73/><G73/><T27/><D27/><U67/><E120/><V52/><F83/><W31/><G31/><T40/><D40/><U76/><E80/><V115/><F115/><W11/><G11/><T49/><D118/><U39/><E39/><V25/><F25/><W132/><G132/><T4/><D4/><N who="1" m="3463" /><E78/><N who="2" m="46135" /><F56/><W130/><G130/><T91/><D91/><U77/><E76/><V112/><F112/><W85/><G85/><T97/><D97/><U124/><E67/><N who="3" m="25642" /><G59/><T71/><D71/><U74/><E74/><V57/><F57/><RYUUKYOKU ba="3,2" sc="276,0,176,0,154,0,374,0" hai0="48,49,50,60,62,102,103" hai1="43,46,51,72,77,82,110,124,125,126" hai2="7,9,14,52,53,94,99,100,108,111" hai3="17,18,55,58,61,92,96" /><INIT seed="4,4,2,3,2,124" ten="276,176,154,374" oya="0" hai0="7,15,46,26,31,33,36,57,52,84,125,56,76" hai1="23,105,128,22,8,134,127,75,118,50,18,99,48" hai2="120,32,108,111,45,80,129,10,82,97,95,78,24" hai3="65,132,89,110,30,1,0,28,102,63,130,79,9"/><T109/><D125/><U67/><E75/><V60/><F120/><W131/><G110/><T62/><D109/><U11/><E118/><V106/><F106/><W29/><G132/><T13/><D7/><U35/><E35/><V70/><F82/><W34/><G34/><T14/><D57/><U71/><E127/><V94/><F94/><W116/><G116/><T41/><D84/><U126/><E126/><V5/><F45/><W6/><G79/><T121/><REACH who="0" step="1"/><D76/><REACH who="0" ten="266,176,154,374" step="2"/><U93/><E71/><V44/><F78/><W40/><G0/><T122/><AGARI ba="4,3" hai="13,14,15,26,31,33,36,41,46,52,56,62,121,122" machi="122" ten="30,12000,1" yaku="1,1,2,1,0,1,54,1,53,1" doraHai="124" doraHaiUra="21" who="0" fromWho="0" sc="266,162,176,-44,154,-44,374,-44" /><INIT seed="4,5,0,3,3,4" ten="428,132,110,330" oya="0" hai0="15,126,46,109,121,52,57,113,124,60,0,118,64" hai1="84,3,27,12,81,88,90,77,6,58,2,10,53" hai2="75,72,134,98,40,48,55,29,24,117,108,73,68" hai3="66,83,129,23,50,100,104,63,54,79,62,56,125"/><T44/><D0/><U16/><E3/><V47/><F108/><W115/><G115/><T20/><D113/><U14/><E27/><V82/><F134/><W119/><G119/><T69/><D118/><U32/><E32/><V31/><F117/><W85/><G129/><T42/><D20/><N who="1" m="11271" /><E2/><V22/><F68/><W41/><G125/><N who="0" m="48235" /><D15/><U33/><E33/><V114/><F114/><W95/><G104/><T76/><D76/><U36/><E36/><V71/><F71/><W91/><G100/><T131/><D131/><U38/><E38/><V74/><F98/><W1/><G1/><T102/><D102/><U106/><E106/><V130/><F130/><W51/><G23/><T17/><D17/><U59/><E59/><V9/><F31/><W80/><G80/><T103/><D103/><U116/><E116/><V96/><F96/><W135/><G135/><T122/><D109/><U61/><AGARI ba="5,0" hai="6,10,14,53,58,61,77,81,84,88,90" m="11271" machi="61" ten="30,7900,0" yaku="8,1,52,1,54,2" doraHai="4" who="1" fromWho="1" sc="428,-44,132,94,110,-25,330,-25" /><INIT seed="5,0,0,4,0,132" ten="384,226,85,305" oya="1" hai0="100,39,134,78,101,67,10,111,19,28,109,57,122" hai1="97,32,38,47,22,128,135,17,63,119,0,108,3" hai2="18,129,92,48,30,11,70,21,126,103,71,72,58" hai3="24,2,62,91,80,43,4,73,125,84,83,133,6"/><U86/><E32/><V85/><F72/><W45/><G133/><T110/><D39/><U66/><E119/><V68/><F129/><W41/><G62/><T16/><D134/><U89/><E135/><V102/><F30/><W82/><G24/><T14/><D122/><U123/><E97/><V96/><F11/><W49/><G41/><T95/><D28/><U53/><E128/><V107/><F107/><W56/><G56/><T112/><D112/><U23/><E23/><V104/><F104/><W55/><G43/><T46/><D46/><U52/><E108/><V12/><F126/><W77/><G125/><T69/><D69/><U51/><E53/><V106/><F106/><W36/><G36/><T121/><D121/><U50/><E50/><V118/><F118/><W81/><G2/><T44/><D44/><U74/><E74/><V130/><F130/><W26/><G26/><T120/><D120/><U94/><E38/><V124/><F124/><W29/><G29/><T54/><D67/><U25/><REACH who="1" step="1"/><E123/><REACH who="1" ten="384,216,85,305" step="2"/><V15/><F103/><W99/><G73/><T8/><D101/><U35/><E35/><V27/><REACH who="2" step="1"/><F85/><REACH who="2" ten="384,216,75,305" step="2"/><W13/><G84/><T42/><D100/><U79/><E79/><V75/><F75/><W113/><G77/><T64/><D78/><U5/><E5/><V131/><F131/><W20/><G4/><T33/><D33/><U40/><E40/><V90/><F90/><W61/><G91/><T98/><D42/><U1/><E1/><V87/><F87/><W114/><N who="3" m="20480" /><DORA hai="88" /><W37/><G6/><T34/><D34/><U60/><E60/><RYUUKYOKU ba="0,2" sc="384,-15,216,15,75,15,305,-15" hai1="0,3,17,22,25,47,51,52,63,66,86,89,94" hai2="12,15,18,21,27,48,58,68,70,71,92,96,102" /><INIT seed="5,1,2,2,3,12" ten="369,231,90,290" oya="1" hai0="105,103,9,95,54,3,107,75,119,112,55,72,13" hai1="26,91,17,123,116,57,120,79,39,34,16,87,7" hai2="6,129,65,62,70,20,10,21,48,88,33,19,111" hai3="97,108,132,52,84,126,69,25,49,56,115,86,125"/><U60/><E116/><V101/><F129/><W98/><G108/><T2/><D13/><U114/><E39/><V81/><F111/><W85/><G115/><T43/><D9/><U122/><E114/><V117/><F33/><W5/><G132/><T83/><D112/><U22/><E34/><V42/><F117/><W94/><G69/><T1/><D43/><U121/><E79/><V45/><F101/><W109/><G109/><T35/><D35/><U113/><E113/><V53/><F21/><W37/><G37/><T14/><D14/><U18/><E7/><V32/><F32/><W71/><G71/><T46/><D46/><U102/><E102/><V96/><F6/><W66/><G66/><T23/><D23/><U131/><E131/><V67/><F67/><W80/><G5/><T93/><D103/><U36/><E36/><V110/><F10/><W135/><G135/><T134/><D83/><U63/><N who="1" m="30720" /><DORA hai="77" /><U82/><REACH who="1" step="1"/><E63/><REACH who="1" ten="369,221,90,290" step="2"/><V92/><F110/><W76/><G76/><T38/><D38/><U127/><E127/><V40/><REACH who="2" step="1"/><F81/><REACH who="2" ten="369,221,80,290" step="2"/><W89/><G126/><T104/><D119/><U59/><E59/><V99/><F99/><W4/><G125/><T58/><D58/><U29/><E29/><V27/><AGARI ba="1,4" hai="19,20,27,40,42,45,48,53,62,65,70,88,92,96" machi="27" ten="20,8000,1" yaku="1,1,0,1,7,1,52,1,54,1,53,0" doraHai="12,77" doraHaiUra="133,24" who="2" fromWho="2" sc="369,-21,221,-41,80,123,290,-21" /><INIT seed="6,0,0,3,2,129" ten="348,180,203,269" oya="2" hai0="23,73,135,55,12,26,112,115,75,6,53,130,20" hai1="77,64,57,111,121,68,117,118,1,4,125,106,89" hai2="44,45,67,63,33,109,114,128,28,13,32,71,83" hai3="18,124,59,95,107,84,110,30,105,14,127,29,96"/><V103/><F114/><N who="0" m="43562" /><D135/><U35/><E111/><V3/><F128/><W43/><G110/><T87/><D87/><U100/><E35/><V47/><F3/><W7/><G7/><T5/><D130/><U126/><E68/><V22/><F103/><W101/><G43/><T113/><D20/><U108/><E108/><V25/><F109/><W65/><G30/><N who="0" m="17759" /><D12/><U93/><E121/><V123/><F123/><W50/><G29/><T60/><D113/><U82/><E4/><N who="0" m="1641" /><D60/><U58/><E1/><V79/><REACH who="2" step="1"/><F13/><REACH who="2" ten="348,180,193,269" step="2"/><W52/><G101/><T102/><D102/><U78/><E100/><V17/><F17/><W88/><G18/><T37/><D37/><U69/><E117/><V38/><F38/><W41/><G14/><T54/><AGARI ba="0,1" hai="53,54,55,73,75" m="1641,17759,43562" machi="54" ten="40,1500,0" yaku="15,1" doraHai="129" who="0" fromWho="0" sc="348,25,180,-4,193,-7,269,-4" /><INIT seed="7,0,0,0,3,18" ten="373,176,186,265" oya="3" hai0="65,129,34,39,61,76,68,113,62,85,15,37,132" hai1="20,103,59,121,11,67,111,86,60,7,53,123,3" hai2="14,71,13,91,124,87,17,56,49,130,66,8,48" hai3="19,58,108,1,122,50,93,96,43,74,4,78,102"/><W104/><G122/><T54/><D34/><U133/><E111/><V51/><F124/><W90/><G108/><T42/><D129/><U16/><E133/><V40/><F130/><W57/><G4/><T35/><D35/><U97/><E86/><V125/><F125/><W88/><G1/><T128/><D42/><U24/><REACH who="1" step="1"/><E67/><REACH who="1" ten="373,166,186,265" step="2"/><V101/><F71/><W30/><G74/><T75/><D65/><U29/><E29/><V31/><F31/><W25/><G30/><T80/><D85/><U105/><AGARI ba="0,1" hai="3,7,11,16,20,24,53,59,60,97,103,105,121,123" machi="105" ten="20,8000,1" yaku="1,1,0,1,7,1,52,1,54,1,53,0" doraHai="18" doraHaiUra="112" who="1" fromWho="1" sc="373,-20,166,90,186,-20,265,-40" owari="353,45.3,256,5.6,166,-33.4,225,-17.5" /></mjloggm>