<mjloggm ver="2.3"><GO type="169" lobby="0"/><UN n0="%73%61%6E%64%69%72%69%73" n1="%43%68%65" n2="%E6%99%82%E8%A8%88%E5%9D%82%E9%9B%B6" n3="%E5%A4%9A%E6%91%A9%E3%82%BD%E3%83%BC%E3%82%B8" dan="17,16,16,17" rate="2239.70,2182.50,2141.35,2191.64" sx="M,M,M,M"/><TAIKYOKU oya="0"/><INIT seed="0,0,0,2,5,87" ten="250,250,250,250" oya="0" hai0="48,127,54,0,86,111,79,93,32,46,97,56,11" hai1="67,106,123,110,82,20,50,75,63,118,85,15,41" hai2="22,1,18,89,112,78,34,59,13,73,60,6,71" hai3="96,134,120,17,90,58,65,29,94,103,128,26,39"/><T43/><D127/><U14/><E118/><V70/><F112/><W101/><G128/><T55/><D32/><U61/><E106/><V64/><F34/><W16/><G39/><T129/><D129/><U68/><E123/><V99/><F78/><W24/><G134/><T69/><D69/><U23/><E75/><V51/><F73/><W62/><G120/><T121/><D121/><U4/><E110/><V98/><F98/><W108/><G108/><T25/><D111/><U37/><E37/><V3/><F6/><W66/><G66/><T28/><D0/><U77/><E63/><V81/><F70/><W102/><REACH who="3" step="1"/><G24/><REACH who="3" ten="250,250,250,240" step="2"/><T33/><D11/><N who="1" m="4455" /><E15/><V80/><F71/><W76/><G76/><T116/><D116/><U27/><E27/><V92/><REACH who="2" step="1"/><F51/><REACH who="2" ten="250,250,240,240" step="2"/><W126/><G126/><T30/><D48/><U36/><E36/><V74/><F74/><W2/><G2/><AGARI ba="0,2" hai="1,2,3,13,18,22,59,60,64,80,81,89,92,99" machi="2" ten="40,2600,0" yaku="1,1,52,1,53,0" doraHai="87" doraHaiUra="49" who="2" fromWho="3" sc="250,0,250,0,240,46,240,-26" /><INIT seed="1,0,0,5,4,25" ten="250,250,286,214" oya="1" hai0="41,85,10,67,52,70,110,19,14,56,135,2,131" hai1="28,32,69,129,37,103,114,45,93,58,133,89,92" hai2="106,15,73,7,95,132,30,79,36,130,76,13,23" hai3="68,3,46,115,60,49,125,78,123,74,44,128,53"/><U120/><E114/><V121/><F106/><W8/><G123/><T117/><D117/><U26/><E69/><V65/><F36/><W62/><G115/><T66/><D110/><U4/><E120/><V35/><F35/><W40/><G128/><T134/><D131/><U6/><E129/><V97/><F121/><W39/><G125/><T51/><D2/><U107/><E107/><V113/><F113/><W47/><G47/><T80/><D41/><U127/><E127/><V82/><F132/><N who="0" m="50730" /><D70/><U91/><E133/><V98/><F98/><W87/><G87/><T9/><D9/><U81/><E103/><V90/><F130/><W100/><G100/><T111/><D111/><U43/><E81/><V1/><F79/><AGARI ba="0,0" hai="10,14,19,51,52,56,66,67,79,80,85" m="50730" machi="79" ten="30,2000,0" yaku="20,1,54,1" doraHai="25" who="0" fromWho="2" sc="250,20,250,0,286,-20,214,0" /><INIT seed="2,0,0,1,1,71" ten="270,250,266,214" oya="2" hai0="110,40,68,88,36,115,91,21,83,122,2,117,106" hai1="135,51,79,4,118,120,56,89,25,70,45,75,24" hai2="28,131,30,41,38,14,100,126,73,16,114,112,76" hai3="77,48,42,46,102,133,121,22,72,108,96,107,81"/><V44/><F126/><W109/><G121/><T123/><D115/><U47/><E70/><V105/><F131/><W92/><G133/><T125/><D2/><U9/><E118/><V57/><F112/><W104/><REACH who="3" step="1"/><G22/><REACH who="3" ten="270,250,266,204" step="2"/><T111/><D21/><U90/><E135/><V127/><F114/><W17/><G17/><T49/><D123/><U63/><E120/><V84/><F127/><W99/><G99/><T86/><D125/><U98/><E98/><V26/><F16/><W80/><G80/><T119/><D122/><U11/><E4/><V0/><F73/><W128/><G128/><T94/><D83/><U7/><E7/><V60/><F84/><W54/><G54/><T3/><D86/><U37/><E75/><V66/><F66/><W134/><G134/><T103/><D117/><U27/><E9/><V78/><F30/><W69/><G69/><T101/><D68/><U6/><E11/><V39/><F28/><W62/><G62/><T129/><D119/><U55/><E6/><V23/><F60/><W33/><G33/><T53/><D53/><U124/><E124/><V8/><F23/><W64/><G64/><T13/><D129/><U31/><E31/><V20/><F20/><W97/><G97/><T65/><D65/><U61/><E61/><V19/><F8/><W95/><G95/><T58/><D94/><U15/><E63/><V82/><F19/><W130/><G130/><T116/><D116/><U10/><E10/><V32/><F82/><W52/><G52/><T12/><D3/><U18/><E55/><V5/><F0/><W74/><G74/><RYUUKYOKU ba="0,1" sc="270,-10,250,-10,266,-10,204,30" hai3="42,46,48,72,77,81,92,96,102,104,107,108,109" /><INIT seed="3,1,1,4,0,91" ten="260,240,256,234" oya="3" hai0="16,44,94,31,131,122,15,84,78,34,20,28,13" hai1="105,130,115,77,17,66,56,97,126,109,111,107,75" hai2="0,42,49,114,22,53,80,99,59,40,27,61,45" hai3="7,76,1,74,127,79,2,14,113,52,21,125,63"/><W39/><G113/><T43/><D122/><U134/><E115/><V93/><F0/><W101/><G39/><T72/><D131/><U82/><E130/><V29/><F114/><W55/><G101/><T121/><D121/><U9/><E126/><N who="3" m="48138" /><G74/><T38/><D34/><U108/><E134/><V50/><F80/><W85/><G85/><T103/><D72/><U54/><E66/><V112/><F112/><W124/><N who="3" m="48146" /><W69/><DORA hai="30" /><G69/><T6/><D78/><N who="3" m="29737" /><G63/><T60/><D60/><N who="1" m="35863" /><E97/><V128/><F128/><W26/><G14/><AGARI ba="1,1" hai="9,14,17,75,77,82,105,107,108,109,111" m="35863" machi="14" ten="30,1000,0" yaku="14,1" doraHai="91,30" who="1" fromWho="3" sc="260,0,240,23,256,0,234,-13" /><INIT seed="4,0,0,4,5,89" ten="260,263,256,221" oya="0" hai0="85,13,36,66,62,18,54,75,15,126,51,110,40" hai1="43,35,6,24,22,38,86,114,128,133,31,100,92" hai2="33,80,12,122,42,71,109,68,25,117,61,37,47" hai3="82,23,105,19,135,50,63,8,26,95,77,34,120"/><T131/><D75/><U16/><E128/><V83/><F109/><W2/><G105/><T103/><D131/><U91/><E133/><V96/><F122/><W57/><G135/><T116/><D116/><U104/><E6/><V67/><F71/><W58/><G120/><T27/><D126/><U1/><E1/><V64/><F64/><W7/><G50/><T20/><D110/><U39/><E114/><V115/><F115/><W73/><G63/><T53/><D103/><U41/><E41/><V32/><F117/><W3/><G3/><T125/><D125/><U69/><E69/><V0/><F0/><W111/><G111/><T88/><D40/><U56/><E56/><V97/><F12/><W52/><G52/><N who="0" m="20075" /><D36/><U21/><E43/><V29/><F33/><W90/><REACH who="3" step="1"/><G34/><REACH who="3" ten="260,263,256,211" step="2"/><T108/><D108/><U30/><E35/><V118/><F118/><W127/><G127/><T79/><D51/><U14/><REACH who="1" step="1"/><E30/><REACH who="1" ten="260,253,256,211" step="2"/><V28/><F29/><W112/><G112/><T93/><D66/><U106/><E106/><V48/><F37/><W46/><G46/><T74/><D62/><U44/><E44/><V123/><F123/><W17/><G17/><T59/><D59/><U113/><E113/><V72/><F32/><W102/><G102/><T76/><D18/><U45/><E45/><V101/><F47/><W132/><G132/><T78/><D74/><U55/><E55/><V87/><F72/><W70/><G70/><T99/><D27/><U84/><E84/><AGARI ba="0,2" hai="2,7,8,19,23,26,57,58,73,77,82,84,90,95" machi="84" ten="30,3900,0" yaku="1,1,7,1,52,1,53,0" doraHai="89" doraHaiUra="10" who="3" fromWho="1" sc="260,0,253,-39,256,0,211,59" /><INIT seed="5,0,0,2,4,0" ten="260,214,256,270" oya="1" hai0="123,19,43,68,32,105,59,33,48,99,112,109,102" hai1="91,81,121,8,49,60,31,28,62,7,18,116,111" hai2="77,107,127,16,66,70,104,2,82,90,3,114,108" hai3="96,80,106,15,52,30,58,36,21,54,101,61,86"/><U75/><E116/><V6/><F108/><W131/><G131/><T14/><D109/><U98/><E111/><V50/><F127/><W47/><G36/><T12/><D68/><U83/><E121/><V29/><F29/><W64/><G47/><T88/><D112/><U92/><E18/><V26/><F114/><W20/><G20/><T25/><D123/><U78/><E83/><V72/><F3/><W17/><REACH who="3" step="1"/><G30/><REACH who="3" ten="260,214,256,260" step="2"/><T73/><D33/><U118/><E118/><V41/><F26/><W126/><G126/><T38/><D32/><U55/><E31/><V4/><F41/><W103/><G103/><T53/><D38/><U37/><E28/><V79/><F72/><W87/><G87/><T23/><D43/><U56/><REACH who="1" step="1"/><E37/><REACH who="1" ten="260,204,256,260" step="2"/><V35/><F35/><W84/><G84/><T51/><D73/><U130/><E130/><V65/><F82/><W117/><G117/><T122/><D122/><U45/><E45/><V133/><F133/><W10/><G10/><T85/><D51/><U57/><E57/><V124/><F50/><W11/><G11/><T89/><D85/><U125/><E125/><V110/><F124/><W39/><G39/><T67/><D59/><U97/><E97/><V63/><F110/><W132/><G132/><T42/><D99/><U40/><E40/><V46/><F46/><W115/><G115/><T44/><D42/><U135/><E135/><V134/><F134/><W119/><G119/><T69/><D44/><U95/><E95/><V9/><F9/><W24/><G24/><T113/><D25/><U5/><E5/><V27/><F4/><RYUUKYOKU ba="0,2" sc="260,-15,204,15,256,-15,260,15" hai1="7,8,49,55,56,60,62,75,78,81,91,92,98" hai3="15,17,21,52,54,58,61,64,80,86,96,101,106" /><INIT seed="5,1,2,0,0,100" ten="245,219,241,275" oya="1" hai0="8,49,105,26,35,18,78,130,58,76,50,134,123" hai1="110,122,47,70,91,57,84,31,113,92,19,101,73" hai2="16,65,28,15,82,2,127,4,106,117,25,55,60" hai3="111,87,116,40,45,23,32,67,54,79,75,37,108"/><U22/><E122/><V68/><F117/><W128/><G32/><T39/><D39/><U119/><E119/><V30/><F127/><W52/><G75/><T62/><D123/><U104/><E70/><V98/><F55/><W94/><G116/><T48/><D105/><U71/><E71/><V33/><F30/><W12/><G128/><T63/><D130/><U102/><E73/><V120/><F82/><W77/><G67/><T13/><D134/><U51/><E113/><V89/><F120/><W14/><G79/><N who="0" m="30251" /><D35/><U90/><E110/><V88/><F4/><W109/><G94/><T41/><D41/><U118/><E118/><V114/><F2/><W46/><G46/><T9/><D26/><N who="1" m="14687" /><E31/><V133/><F133/><W121/><G121/><T103/><D103/><U0/><E104/><V126/><F126/><W53/><REACH who="3" step="1"/><G23/><REACH who="3" ten="245,219,241,265" step="2"/><N who="0" m="11727" /><D63/><U112/><E112/><V96/><F114/><W3/><G3/><T86/><D86/><N who="1" m="52311" /><E0/><V20/><F96/><W99/><G99/><T131/><D131/><U135/><E135/><V81/><F81/><AGARI ba="1,3" hai="12,14,37,40,45,52,53,54,77,81,87,108,109,111" machi="81" ten="50,6400,0" yaku="1,1,54,1,53,1" doraHai="100" doraHaiUra="74" who="3" fromWho="2" sc="245,0,219,0,241,-67,265,97" /><INIT seed="6,0,0,3,4,33" ten="245,219,174,362" oya="2" hai0="81,88,97,56,26,27,67,92,62,57,106,11,127" hai1="68,65,38,94,89,35,72,21,82,114,79,53,111" hai2="0,69,23,91,49,32,121,1,48,124,40,73,83" hai3="7,75,77,36,93,86,2,64,95,12,84,17,74"/><V78/><F32/><W129/><G36/><T28/><D127/><U29/><E111/><V134/><F69/><W18/><G64/><T59/><D106/><U131/><E35/><V70/><F70/><W96/><G129/><T47/><D47/><U71/><E38/><V110/><F121/><W16/><G12/><T44/><D44/><U10/><E131/><V63/><F63/><W120/><G120/><T46/><D46/><U103/><E103/><V22/><F40/><W126/><G126/><T117/><D117/><U135/><E53/><V37/><F37/><W3/><G7/><T58/><D28/><U14/><E65/><V42/><F42/><W85/><G77/><T25/><D11/><U34/><E34/><V133/><F124/><W119/><G119/><T108/><D108/><U128/><E128/><V15/><F91/><W90/><REACH who="3" step="1"/><G95/><REACH who="3" ten="245,219,174,352" step="2"/><T112/><D112/><U55/><E14/><V104/><F110/><W43/><G43/><T116/><D116/><U132/><E94/><V102/><F15/><W50/><G50/><T45/><D67/><U123/><E79/><V66/><F66/><W61/><G61/><T122/><D122/><U101/><E123/><V6/><F6/><W31/><G31/><T5/><D5/><U19/><E71/><V76/><F76/><W13/><G13/><T39/><D62/><U87/><E68/><V99/><F48/><W20/><G20/><N who="2" m="7721" /><F49/><W8/><G8/><T41/><N who="0" m="14336" /><DORA hai="80" /><T98/><D81/><N who="1" m="49391" /><E10/><V115/><F115/><W51/><G51/><T118/><D118/><U54/><E114/><V60/><F60/><RYUUKYOKU ba="0,1" sc="245,10,219,-30,174,10,352,10" hai0="25,26,27,39,41,45,88,92,97,98" hai2="0,1,73,78,83,99,102,104,133,134" hai3="2,3,16,17,18,74,75,84,85,86,90,93,96" /><INIT seed="6,1,1,4,3,78" ten="255,189,184,362" oya="2" hai0="58,89,98,116,81,49,20,13,7,75,111,44,56" hai1="32,30,36,123,134,65,39,24,23,129,29,62,90" hai2="104,85,109,126,83,77,40,21,3,88,46,37,55" hai3="18,115,118,130,119,96,26,27,1,91,86,100,121"/><V6/><F126/><W92/><G121/><T64/><D111/><U14/><E123/><V47/><F104/><W128/><G1/><T105/><D116/><N who="3" m="44585" /><G18/><T108/><D108/><U106/><E129/><N who="3" m="49770" /><G115/><T71/><D71/><U25/><E134/><V67/><F67/><W16/><G16/><T93/><D105/><AGARI ba="1,1" hai="26,27,86,91,92,96,100,105" m="49770,44585" machi="105" ten="30,1000,0" yaku="19,1" doraHai="78" who="3" fromWho="0" sc="255,-13,189,0,184,0,362,23" /><INIT seed="7,0,0,2,0,110" ten="242,189,184,385" oya="3" hai0="15,55,73,51,124,123,19,92,103,31,118,5,12" hai1="26,70,54,22,23,83,77,39,20,25,63,59,21" hai2="14,102,57,50,52,87,45,35,79,67,89,62,127" hai3="99,114,108,33,32,84,86,100,60,129,106,46,119"/><W17/><G84/><T94/><D118/><U128/><E128/><V49/><F35/><W120/><G17/><T43/><D123/><U133/><E133/><V27/><F127/><W6/><G6/><T76/><D43/><U38/><E70/><V85/><F27/><W91/><G46/><T69/><D69/><U13/><E39/><V58/><F102/><W80/><G60/><T117/><D31/><U96/><E38/><V16/><F79/><W75/><G91/><T29/><D29/><U37/><E37/><V107/><F107/><W24/><G99/><T71/><D5/><U122/><E122/><V11/><F89/><W2/><G86/><T42/><D42/><AGARI ba="0,0" hai="11,14,16,42,45,49,50,52,57,58,62,67,85,87" machi="42" ten="30,7700,0" yaku="7,1,8,1,54,2" doraHai="110" who="2" fromWho="0" sc="242,-77,189,0,184,77,385,0" owari="165,-33.5,189,-21.1,261,6.1,385,48.5" /></mjloggm>