<mjloggm ver="2.3"><GO type="169" lobby="0"/><UN n0="%E3%83%AD%E3%83%AD%E3%82%93" n1="%E6%99%82%E8%A8%88%E5%9D%82%E9%9B%B6" n2="%E3%83%94%E3%83%B3%E3%82%B5%E3%83%AD%E5%BA%97%E5%93%A1" n3="%E8%B4%88%E4%BA%BA%E8%A9%A9%E6%96%BC%E5%A4%A2" dan="16,16,17,17" rate="2137.53,2115.01,2206.53,2196.12" sx="M,M,M,M"/><TAIKYOKU oya="0"/><INIT seed="0,0,0,3,1,54" ten="250,250,250,250" oya="0" hai0="7,128,110,97,52,89,62,129,23,67,64,8,94" hai1="45,31,19,57,84,9,79,24,108,71,53,37,4" hai2="85,96,74,119,44,26,112,126,14,27,132,1,131" hai3="38,49,124,135,12,70,22,42,18,11,30,13,6"/><T115/><D115/><U107/><E107/><V99/><F74/><W28/><G70/><T101/><D110/><U15/><E71/><V82/><F1/><W33/><G38/><T25/><D101/><U118/><E118/><V3/><F3/><W75/><G75/><T88/><D89/><U46/><E37/><V63/><F112/><W122/><G122/><T80/><D80/><N who="1" m="47135" /><E31/><N who="3" m="11818" /><G49/><T10/><D10/><U130/><E130/><N who="0" m="50281" /><D8/><U47/><E108/><V61/><F132/><W77/><G42/><T56/><D7/><U123/><E123/><V50/><F131/><W35/><G77/><T5/><D5/><U65/><E65/><V133/><F133/><W41/><G41/><T43/><D43/><U105/><E105/><V106/><F119/><W90/><G90/><T111/><D111/><U34/><E34/><N who="3" m="12810" /><G135/><T103/><D103/><U83/><E83/><V2/><F106/><W114/><G114/><T40/><D40/><U58/><E53/><V92/><F82/><W59/><G59/><N who="1" m="22538" /><E47/><V68/><F68/><W36/><G36/><T29/><AGARI ba="0,0" hai="23,25,29,52,56,62,64,67,88,94,97" m="50281" machi="29" ten="30,11700,0" yaku="19,1,52,1,54,2" doraHai="54" who="0" fromWho="0" sc="250,117,250,-39,250,-39,250,-39" /><INIT seed="0,1,0,2,3,26" ten="367,211,211,211" oya="0" hai0="89,38,8,33,109,93,20,133,106,17,1,66,5" hai1="53,40,75,103,130,55,114,128,51,59,37,90,95" hai2="54,135,14,62,101,86,36,24,32,65,31,61,74" hai3="88,28,76,35,117,50,92,30,19,121,10,49,124"/><T3/><D106/><U7/><E75/><V100/><F74/><W96/><G35/><T119/><D38/><U52/><E103/><V81/><F36/><W91/><G117/><T27/><D133/><U47/><E7/><V63/><F135/><W41/><G124/><T107/><D107/><U4/><E4/><V108/><F108/><W21/><G76/><T64/><D109/><U39/><E39/><V118/><F118/><W29/><G121/><T113/><D113/><U23/><E23/><V105/><F54/><W82/><G10/><T132/><D1/><U22/><E22/><V84/><F84/><N who="3" m="50583" /><G41/><T16/><D132/><U72/><E72/><V34/><F34/><W80/><G80/><T85/><D119/><U0/><E0/><V110/><F110/><W112/><G112/><T98/><D17/><U87/><E114/><V44/><F44/><W120/><G120/><T131/><D131/><AGARI ba="1,0" hai="37,40,47,51,52,53,55,59,87,90,95,128,130,131" machi="131" ten="40,2600,0" yaku="19,1,54,1" doraHai="26" who="1" fromWho="0" sc="367,-29,211,29,211,0,211,0" /><INIT seed="1,0,0,1,0,86" ten="338,240,211,211" oya="1" hai0="60,15,112,114,70,97,2,7,45,62,25,8,49" hai1="128,75,94,100,38,77,52,103,21,10,3,99,98" hai2="61,104,65,111,102,22,85,31,130,67,57,101,116" hai3="134,117,5,80,28,73,9,20,69,19,50,11,39"/><U32/><E32/><V135/><F116/><W53/><G69/><T42/><D2/><U63/><E38/><V78/><F111/><W35/><G39/><T29/><D70/><U16/><E128/><V92/><F104/><W68/><G68/><T66/><D66/><U93/><E77/><V124/><F135/><W74/><G134/><T132/><D132/><U24/><E75/><V115/><F124/><W51/><G51/><T13/><D13/><U59/><E3/><V133/><F133/><W34/><G9/><AGARI ba="0,0" hai="9,10,16,21,24,52,59,63,93,94,98,99,100,103" machi="9" ten="40,12000,1" yaku="9,1,8,1,54,2" doraHai="86" who="1" fromWho="3" sc="338,0,240,120,211,0,211,-120" /><INIT seed="1,1,0,2,2,99" ten="338,360,211,91" oya="1" hai0="84,122,62,131,85,34,102,17,40,126,9,0,100" hai1="120,135,48,78,26,104,123,12,106,70,110,28,69" hai2="52,1,42,47,80,22,37,89,27,49,4,5,2" hai3="113,15,86,130,97,105,7,132,118,44,63,129,14"/><U90/><E135/><V65/><F65/><W66/><G113/><T114/><D34/><U11/><E78/><V107/><F107/><W6/><G132/><T67/><D114/><U133/><E133/><V119/><F119/><W54/><G118/><T10/><D131/><N who="3" m="50185" /><G86/><T71/><D126/><U45/><E90/><V112/><F112/><W56/><G44/><T101/><D122/><U21/><E106/><V75/><F2/><W35/><G35/><T50/><D0/><U124/><E124/><V53/><F1/><W115/><G115/><T46/><D17/><U109/><E104/><V8/><F8/><W20/><G20/><T30/><D30/><U134/><E134/><V59/><F53/><W51/><G97/><T3/><REACH who="0" step="1"/><D10/><REACH who="0" ten="328,360,211,91" step="2"/><U23/><E23/><V121/><F121/><W94/><G105/><T41/><D41/><N who="1" m="24623" /><E123/><V57/><F22/><W108/><G108/><N who="1" m="41578" /><E120/><V43/><F43/><W55/><G6/><AGARI ba="1,1" hai="3,6,9,40,46,50,62,67,71,84,85,100,101,102" machi="6" ten="40,8000,1" yaku="1,1,52,3,53,0" doraHai="99" doraHaiUra="13" who="0" fromWho="3" sc="328,93,360,0,211,0,91,-83" /><AGARI ba="1,0" hai="6,11,12,21,26,28,69,70" m="41578,24623" machi="6" ten="30,2900,0" yaku="14,1,10,1" doraHai="99" who="1" fromWho="3" sc="421,0,360,29,211,0,8,-29" owari="421,52.1,389,18.9,211,-18.9,-21,-52.1" /></mjloggm>