<mjloggm ver="2.3"><GO type="169" lobby="0"/><UN n0="%4D%73%75%7A%75%74%6F" n1="%E3%83%9F%E3%82%B2%E3%83%BC%E3%83%AB%E6%94%B9" n2="%E6%9C%8B%E4%B9%9F%40" n3="%E3%82%82%E3%81%BF%E3%81%95%E3%81%92" dan="16,16,16,16" rate="2182.62,2226.45,2169.49,2140.51" sx="M,M,M,M"/><TAIKYOKU oya="0"/><INIT seed="0,0,0,2,2,46" ten="250,250,250,250" oya="0" hai0="71,135,7,88,3,67,80,102,63,101,45,114,33" hai1="103,68,27,58,47,111,13,85,130,34,57,66,106" hai2="128,32,126,113,125,14,107,48,87,49,73,4,75" hai3="30,59,91,54,31,60,2,55,22,124,69,65,28"/><T50/><D114/><U37/><E111/><V17/><F113/><W72/><G2/><T62/><D33/><U0/><E0/><V120/><F120/><W19/><G72/><T82/><D135/><U115/><E130/><V39/><F39/><W53/><G124/><N who="2" m="47721" /><F107/><W77/><G77/><T116/><D116/><U95/><E115/><V122/><F122/><W25/><REACH who="3" step="1"/><G91/><REACH who="3" ten="250,250,250,240" step="2"/><T98/><D3/><U40/><E103/><V29/><F128/><W93/><G93/><T109/><D109/><U52/><E95/><V94/><F75/><W112/><G112/><T9/><D102/><U100/><E100/><V23/><F73/><W92/><G92/><T133/><D133/><U8/><E106/><V131/><F131/><W21/><G21/><T5/><D101/><U78/><E78/><V81/><F94/><W61/><AGARI ba="0,1" hai="19,22,25,28,30,31,53,54,55,59,60,61,65,69" machi="61" ten="30,2000,0" yaku="1,1,0,1,53,0" doraHai="46" doraHaiUra="123" who="3" fromWho="3" sc="250,-10,250,-5,250,-5,240,30" /><INIT seed="1,0,0,0,5,100" ten="240,245,245,270" oya="1" hai0="69,124,83,102,123,38,13,56,107,134,17,33,93" hai1="48,87,3,16,80,0,116,115,76,19,41,82,99" hai2="52,98,86,84,126,117,119,125,23,59,78,12,112" hai3="108,8,22,58,90,64,72,135,30,10,96,92,29"/><U46/><E116/><V79/><F112/><W104/><G72/><T18/><D69/><U118/><E115/><V51/><F98/><W85/><G108/><T15/><D33/><U34/><E34/><V77/><F12/><W95/><G135/><T53/><D38/><U54/><E118/><N who="2" m="45067" /><F23/><W42/><G42/><T45/><D124/><AGARI ba="0,0" hai="51,52,59,77,78,79,84,86,124,125,126" m="45067" machi="124" ten="40,2600,0" yaku="18,1,54,1" doraHai="100" who="2" fromWho="0" sc="240,-26,245,0,245,26,270,0" /><INIT seed="2,0,0,5,3,84" ten="214,245,271,270" oya="2" hai0="9,79,41,8,32,74,70,64,18,45,22,120,55" hai1="133,93,10,82,49,1,73,129,46,99,54,76,13" hai2="19,40,44,12,25,132,7,30,38,94,58,50,103" hai3="6,29,83,11,124,128,71,67,109,118,114,14,98"/><V111/><F132/><W102/><G118/><T130/><D32/><U35/><E133/><V75/><F75/><W88/><G109/><T85/><D120/><U27/><E129/><V87/><F111/><W52/><G128/><T105/><D105/><U26/><E1/><V17/><F7/><W80/><G124/><T16/><D130/><U63/><E63/><V51/><F12/><W121/><G121/><T31/><D74/><U119/><E35/><V92/><F92/><W96/><G114/><T134/><D134/><U20/><E20/><N who="2" m="15655" /><F38/><W112/><G112/><T21/><D70/><U86/><E73/><V62/><F51/><W23/><G67/><T113/><D64/><U115/><E119/><V59/><F59/><W5/><G71/><T15/><D31/><U104/><E104/><V61/><F61/><W28/><G5/><T69/><D69/><U34/><E34/><V108/><F108/><W106/><G23/><T89/><D79/><U72/><E72/><V122/><F122/><W53/><G28/><T101/><D113/><U24/><E115/><V68/><F68/><W127/><G29/><T117/><D117/><U97/><E93/><V125/><F125/><W0/><G0/><T57/><D45/><U91/><E76/><V42/><F42/><W77/><G127/><T78/><D41/><U4/><AGARI ba="0,0" hai="4,10,13,24,26,27,46,49,54,82,86,91,97,99" machi="4" ten="30,4000,0" yaku="0,1,8,1,52,1" doraHai="84" who="1" fromWho="1" sc="214,-10,245,40,271,-20,270,-10" /><INIT seed="3,0,0,5,2,107" ten="204,285,251,260" oya="3" hai0="105,55,39,14,109,54,9,2,87,18,34,95,98" hai1="32,3,37,65,70,33,38,48,16,76,102,92,111" hai2="83,75,40,114,88,72,36,80,20,29,60,42,125" hai3="134,99,127,27,120,115,126,28,133,51,79,63,61"/><W84/><G115/><T116/><D109/><U64/><E3/><V57/><F114/><W52/><G99/><T121/><D116/><U23/><E76/><V123/><F123/><W96/><G96/><T0/><D121/><U12/><E111/><V17/><F29/><W26/><G120/><T47/><D34/><U118/><E118/><V122/><F122/><W46/><G84/><T59/><D105/><U49/><E92/><V30/><F30/><W11/><G11/><T24/><D24/><N who="3" m="9257" /><G79/><T41/><D87/><U81/><E81/><V132/><F132/><N who="3" m="50795" /><G28/><T93/><D93/><U82/><E82/><V45/><F42/><W44/><G44/><T110/><D110/><U103/><E23/><V67/><F125/><AGARI ba="0,0" hai="46,51,52,61,63,125,126,127" m="50795,9257" machi="125" ten="30,5800,0" yaku="18,1,20,1,54,1" doraHai="107" who="3" fromWho="2" sc="204,0,285,0,251,-58,260,58" /><INIT seed="3,1,0,5,0,127" ten="204,285,193,318" oya="3" hai0="45,4,47,72,17,3,106,20,119,110,121,132,73" hai1="21,95,9,82,63,83,102,25,10,23,11,36,90" hai2="39,2,66,70,107,14,76,103,88,5,104,49,54" hai3="120,46,58,8,29,87,53,48,98,12,1,32,52"/><W19/><G120/><T86/><D106/><U89/><E36/><V67/><F2/><W111/><G111/><T85/><D119/><U34/><E34/><V35/><F39/><W101/><G1/><T64/><D3/><U112/><E112/><V84/><F35/><W51/><G32/><T60/><D110/><U18/><E21/><V68/><F76/><W75/><G75/><T65/><D60/><U123/><E123/><V43/><F43/><W57/><G29/><T13/><D132/><U93/><E63/><V33/><F33/><W124/><G124/><T50/><D50/><U94/><REACH who="1" step="1"/><E102/><REACH who="1" ten="204,275,193,318" step="2"/><V31/><F103/><W128/><G101/><T80/><D20/><U41/><E41/><V59/><F70/><W69/><G69/><T115/><D121/><U126/><E126/><V81/><F68/><W113/><G113/><T55/><D115/><U62/><E62/><V16/><F107/><W122/><G122/><T79/><D72/><U61/><E61/><V129/><F104/><W108/><G108/><T100/><D100/><U40/><E40/><V116/><F116/><W74/><G74/><T7/><D73/><U134/><E134/><V130/><F31/><W96/><G46/><T109/><D109/><U22/><E22/><N who="2" m="11543" /><F5/><W44/><G44/><T0/><D4/><U38/><E38/><V125/><F125/><W77/><G48/><T97/><D45/><U105/><E105/><V71/><F71/><W26/><G51/><T15/><D7/><U37/><E37/><V30/><F30/><W27/><G8/><T6/><D6/><U117/><E117/><RYUUKYOKU ba="1,1" sc="204,-15,275,15,193,15,318,-15" hai1="9,10,11,18,23,25,82,83,89,90,93,94,95" hai2="49,54,59,66,67,81,84,88,129,130" /><INIT seed="4,2,1,0,2,123" ten="189,290,208,303" oya="0" hai0="51,57,107,131,125,78,83,126,68,90,103,35,129" hai1="3,105,11,127,44,48,41,76,0,134,61,113,98" hai2="43,79,110,135,24,45,112,96,23,14,60,16,69" hai3="114,77,106,56,84,58,124,62,10,97,64,8,52"/><T70/><D35/><U31/><E134/><V7/><F112/><W130/><G114/><T42/><D90/><U19/><E113/><V80/><F135/><W118/><G118/><T91/><D91/><U28/><E127/><N who="0" m="48649" /><D103/><U40/><E76/><V38/><F96/><W29/><G124/><T4/><D4/><U117/><E117/><V26/><F110/><W1/><G29/><T27/><D27/><U93/><E105/><V55/><F7/><W75/><G75/><T132/><D107/><U104/><E104/><V99/><F99/><W54/><G1/><T133/><D83/><U63/><E98/><V82/><F82/><N who="3" m="47183" /><G130/><N who="0" m="49675" /><D78/><U5/><E5/><V87/><REACH who="2" step="1"/><F55/><REACH who="2" ten="189,290,198,303" step="2"/><W94/><G54/><N who="0" m="31967" /><D42/><U95/><E40/><V50/><F50/><N who="3" m="30743" /><G106/><T21/><D21/><U53/><E41/><V34/><F34/><W20/><G20/><T2/><D2/><U121/><E3/><V37/><F37/><W25/><G97/><T49/><D49/><U89/><E48/><V85/><F85/><W120/><G8/><T36/><D36/><U47/><E11/><V12/><F12/><W6/><G10/><T108/><D108/><U122/><E0/><V46/><F46/><W67/><G6/><T59/><D59/><U109/><E109/><V128/><F128/><W111/><G111/><T73/><D73/><U116/><E44/><V17/><F17/><W88/><G58/><T72/><D72/><U71/><E47/><V102/><F102/><W119/><G119/><T100/><D100/><U101/><E101/><V39/><F39/><W81/><G81/><T22/><D22/><RYUUKYOKU ba="2,2" sc="189,15,290,-15,198,15,303,-15" hai0="68,70,132,133" hai2="14,16,23,24,26,38,43,45,60,69,79,80,87" /><INIT seed="4,3,2,3,1,32" ten="204,275,213,288" oya="0" hai0="27,87,13,121,68,45,14,24,9,61,82,84,26" hai1="33,89,25,116,7,90,79,78,63,35,130,5,106" hai2="55,51,36,104,2,80,57,44,133,105,29,19,38" hai3="76,112,108,72,54,114,37,119,100,18,98,126,11"/><T129/><D129/><U103/><E116/><V118/><F118/><W95/><G119/><T131/><D131/><U64/><E130/><V6/><F29/><W117/><G117/><T58/><D121/><U59/><E35/><V49/><F133/><W86/><G37/><T97/><D68/><U43/><E43/><V96/><F19/><W113/><G108/><T74/><D74/><U31/><E79/><V69/><F69/><W22/><G126/><T4/><D97/><U109/><E78/><V123/><F123/><W50/><G11/><T21/><D45/><U111/><E103/><V62/><F51/><W134/><G134/><T60/><D60/><U75/><E75/><V23/><F23/><W120/><G120/><T77/><D87/><U66/><E66/><V41/><F80/><W110/><G110/><N who="1" m="41994" /><E106/><V34/><F34/><W12/><G76/><T88/><D77/><U53/><E64/><V42/><F42/><W107/><G72/><T83/><D83/><U81/><E90/><V124/><F124/><W132/><G132/><T20/><REACH who="0" step="1"/><D14/><REACH who="0" ten="194,275,213,288" step="2"/><U122/><E63/><V125/><F125/><W101/><G86/><T1/><D1/><U17/><E81/><V135/><F135/><W46/><G107/><T30/><D30/><U8/><E31/><V71/><F71/><W65/><G65/><AGARI ba="3,3" hai="4,9,13,20,21,24,26,27,58,61,65,82,84,88" machi="65" ten="40,7700,0" yaku="1,1,8,1,54,1,53,0" doraHai="32" doraHaiUra="15" who="0" fromWho="3" sc="194,116,275,0,213,0,288,-86" /><INIT seed="4,4,0,0,1,90" ten="310,275,213,202" oya="0" hai0="14,119,135,29,124,5,68,51,44,113,20,108,3" hai1="65,45,34,28,98,42,87,62,13,106,99,56,127" hai2="21,19,60,100,54,17,82,59,115,130,18,70,118" hai3="75,77,12,66,92,102,73,97,95,4,38,27,9"/><T53/><D113/><U103/><E127/><V78/><F115/><W129/><G38/><T128/><D119/><U64/><E98/><V109/><F109/><W57/><G129/><T52/><D68/><U32/><E65/><V134/><F118/><W121/><G121/><T85/><D124/><U2/><E2/><V123/><F123/><W125/><G125/><T16/><D128/><U74/><E74/><V71/><F130/><W80/><G27/><T126/><D126/><U132/><E132/><V61/><F134/><W120/><G120/><T117/><D117/><U8/><E87/><V31/><F100/><W116/><G116/><T50/><D108/><U122/><E28/><V111/><F111/><W112/><G112/><T96/><D135/><U88/><E88/><V105/><F105/><W63/><REACH who="3" step="1"/><G75/><REACH who="3" ten="310,275,213,192" step="2"/><T101/><D29/><U79/><E122/><V43/><F31/><W23/><G23/><T55/><D85/><U11/><E8/><V10/><F21/><W7/><G7/><T81/><D5/><U41/><E34/><V86/><F10/><W49/><G49/><T47/><D3/><U24/><E11/><V67/><REACH who="2" step="1"/><F43/><REACH who="2" ten="310,275,203,192" step="2"/><W84/><G84/><T1/><D1/><U46/><E42/><V133/><F133/><W94/><AGARI ba="4,2" hai="4,9,12,57,63,66,73,77,80,92,94,95,97,102" machi="94" ten="20,12000,2" yaku="1,1,0,1,7,1,52,3,53,0" doraHai="90" doraHaiUra="131" who="3" fromWho="3" sc="310,-64,275,-34,203,-34,192,152" /><INIT seed="5,0,0,0,4,7" ten="246,241,169,344" oya="1" hai0="109,59,91,0,86,117,76,21,3,121,99,47,129" hai1="77,5,12,44,108,74,27,31,75,14,66,49,97" hai2="4,133,116,125,101,85,24,67,95,111,81,79,55" hai3="30,84,102,123,63,58,50,18,134,61,6,114,38"/><U13/><E108/><V54/><F116/><W92/><G38/><T32/><D129/><U48/><E66/><V78/><F111/><W1/><G134/><T71/><D71/><U23/><E49/><V19/><F133/><W52/><G123/><T45/><D32/><U132/><E132/><V100/><F125/><W8/><G114/><T34/><D34/><U2/><E97/><V98/><F67/><W70/><G70/><T29/><D117/><U73/><E2/><V15/><F101/><W39/><G39/><T37/><D29/><U65/><E65/><V36/><F36/><W17/><G30/><T124/><D21/><U127/><E127/><V41/><F41/><W9/><G18/><T119/><D76/><U104/><E104/><V16/><F79/><W82/><G92/><T56/><D0/><U53/><REACH who="1" step="1"/><E77/><REACH who="1" ten="246,231,169,344" step="2"/><V103/><F103/><W25/><G102/><T11/><D3/><U22/><E22/><N who="2" m="13407" /><F4/><AGARI ba="0,1" hai="4,5,12,13,14,23,27,31,44,48,53,73,74,75" machi="4" ten="50,12000,1" yaku="1,1,53,3" doraHai="7" doraHaiUra="10" who="1" fromWho="2" sc="246,0,231,130,169,-120,344,0" /><INIT seed="5,1,0,2,0,110" ten="246,361,49,344" oya="1" hai0="78,88,94,123,60,33,130,57,56,124,40,26,84" hai1="73,69,122,14,18,76,91,27,85,15,66,42,129" hai2="82,116,22,128,100,112,62,23,46,67,37,58,105" hai3="48,120,71,74,38,36,7,17,43,8,30,106,49"/><U6/><E122/><V53/><F116/><W34/><G71/><T1/><D124/><U98/><E129/><V81/><F128/><W114/><G120/><T2/><D130/><U55/><E73/><V35/><F35/><W63/><G74/><T16/><D123/><U0/><E0/><V132/><F132/><W107/><G17/><T59/><D40/><U61/><E42/><V108/><F108/><W75/><G75/><T39/><D39/><U103/><E76/><V32/><F32/><W64/><G30/><T104/><D104/><U72/><E72/><V99/><F37/><W29/><G29/><T12/><D78/><U109/><E109/><V19/><F22/><W131/><G34/><T90/><D26/><U5/><E15/><V121/><F121/><W117/><G117/><T54/><D33/><U93/><E55/><V13/><F46/><W21/><G21/><T45/><D45/><U111/><E27/><V96/><F96/><W11/><G43/><T50/><D90/><U89/><E89/><V68/><REACH who="2" step="1"/><F112/><REACH who="2" ten="246,361,39,344" step="2"/><W86/><G114/><T79/><D1/><U65/><E111/><V102/><F102/><W87/><G131/><T83/><D2/><U115/><E115/><V4/><F4/><W127/><G7/><T51/><D60/><AGARI ba="1,1" hai="13,19,23,53,58,60,62,67,68,81,82,99,100,105" machi="60" ten="30,3900,0" yaku="1,1,7,1,53,1" doraHai="110" doraHaiUra="97" who="2" fromWho="0" sc="246,-42,361,0,39,52,344,0" /><INIT seed="6,0,0,2,3,21" ten="204,361,91,344" oya="2" hai0="12,16,122,131,57,60,61,124,64,129,127,55,103" hai1="33,109,28,4,32,42,56,134,38,8,117,111,6" hai2="36,41,114,69,101,74,18,133,29,125,10,82,40" hai3="72,68,67,75,66,118,22,71,23,43,110,2,19"/><V26/><F69/><W5/><G110/><T88/><D103/><U54/><E117/><V15/><F114/><W93/><G118/><T51/><D122/><U48/><E134/><V13/><F133/><W97/><G43/><T102/><D102/><U62/><E33/><V37/><F125/><N who="0" m="48202" /><D88/><U63/><E4/><V87/><F74/><W39/><G39/><T105/><D105/><U35/><E35/><V3/><F3/><W81/><G81/><T90/><D90/><U17/><E17/><V123/><F123/><W96/><G93/><T121/><D121/><U30/><E32/><V115/><F101/><W52/><G19/><T49/><D16/><U44/><E30/><V79/><F115/><W120/><G120/><T1/><D12/><U11/><E28/><V65/><F65/><W104/><G104/><T24/><D24/><U46/><E11/><V126/><F126/><W86/><G2/><T92/><D92/><U91/><E91/><V45/><F15/><W47/><G86/><T100/><D100/><U128/><E8/><V70/><F70/><W0/><G0/><T107/><D107/><U80/><E80/><V14/><F14/><W113/><G113/><T20/><D20/><U94/><E94/><V34/><REACH who="2" step="1"/><F41/><REACH who="2" ten="204,361,81,344" step="2"/><W89/><G68/><N who="0" m="41991" /><D1/><U135/><E135/><V73/><F73/><W108/><G75/><T25/><D25/><U132/><E132/><V84/><F84/><W27/><G72/><T116/><D116/><U99/><E111/><V53/><F53/><W98/><G27/><T76/><D76/><U31/><E109/><V58/><F58/><RYUUKYOKU ba="0,1" sc="204,15,361,-15,81,15,344,-15" hai0="49,51,55,57,61,129,131" hai2="10,13,18,26,29,34,36,37,40,45,79,82,87" /><INIT seed="6,1,1,4,1,88" ten="219,346,96,329" oya="2" hai0="59,13,130,0,101,133,111,102,109,68,91,47,81" hai1="54,27,132,96,45,57,66,74,6,77,63,108,106" hai2="107,127,58,84,18,61,14,25,39,128,29,112,64" hai3="122,28,94,82,95,32,67,110,8,51,129,9,123"/><V87/><F107/><W38/><G110/><T3/><D68/><U15/><E108/><V131/><F112/><W105/><G38/><T26/><D91/><U121/><E132/><V124/><F39/><W56/><G129/><N who="2" m="49737" /><F14/><W114/><G114/><T60/><D130/><U37/><E121/><V104/><F104/><W115/><G115/><T40/><D26/><U126/><E27/><V41/><F41/><W16/><G105/><T72/><D13/><U70/><E126/><N who="2" m="48171" /><F18/><W69/><G16/><T78/><D40/><U42/><E15/><V135/><F135/><W55/><G28/><T43/><D133/><U116/><E6/><V79/><F79/><W62/><G32/><AGARI ba="1,1" hai="25,29,32,58,61,64,84,87" m="48171,49737" machi="32" ten="30,2900,0" yaku="19,1,18,1" doraHai="88" who="2" fromWho="3" sc="219,0,346,0,96,42,329,-32" /><INIT seed="6,2,0,4,4,48" ten="219,346,138,297" oya="2" hai0="99,40,121,31,90,59,60,88,98,72,101,67,84" hai1="47,26,109,14,37,106,127,42,114,8,116,50,74" hai2="27,36,95,1,7,111,79,23,96,120,39,86,83" hai3="28,58,117,62,63,46,70,126,69,85,130,112,110"/><V10/><F120/><W15/><G117/><T2/><D72/><U119/><E109/><V54/><F111/><W134/><G110/><T35/><D121/><U34/><E74/><V100/><REACH who="2" step="1"/><F54/><REACH who="2" ten="219,346,128,297" step="2"/><W11/><G130/><T97/><D2/><U4/><E119/><V30/><AGARI ba="2,1" hai="1,7,10,23,27,30,36,39,79,83,86,95,96,100" machi="30" ten="20,7800,0" yaku="1,1,2,1,0,1,7,1,53,0" doraHai="48" doraHaiUra="65" who="2" fromWho="2" sc="219,-28,346,-28,128,94,297,-28" /><INIT seed="6,3,0,2,1,7" ten="191,318,222,269" oya="2" hai0="40,122,127,81,65,10,46,53,16,20,124,84,57" hai1="9,23,115,5,88,49,98,18,15,130,75,26,63" hai2="119,17,14,90,58,104,107,120,128,83,0,116,44" hai3="97,101,71,77,67,102,22,73,1,111,86,45,56"/><V69/><F120/><W48/><G111/><T80/><D122/><U21/><E75/><V110/><F69/><W123/><G123/><T8/><D65/><U55/><E115/><V64/><F110/><W106/><G1/><T103/><D103/><U35/><E35/><V92/><F0/><W13/><G101/><T132/><D132/><U11/><E130/><V79/><F128/><W28/><G71/><T6/><D6/><U25/><E63/><V72/><F44/><W60/><G73/><T38/><D127/><U24/><E23/><V112/><F112/><W105/><G86/><T126/><D126/><U70/><E5/><V31/><F31/><W4/><G77/><T12/><D124/><U68/><E70/><V62/><F116/><W134/><G134/><T114/><D114/><U96/><E68/><V42/><F42/><W41/><G4/><T91/><D81/><U61/><E61/><AGARI ba="3,0" hai="8,10,12,16,20,38,40,46,53,57,61,80,84,91" machi="61" ten="30,7700,0" yaku="7,1,52,2,54,1" doraHai="7" who="0" fromWho="1" sc="191,86,318,-86,222,0,269,0" /><INIT seed="7,0,0,3,5,132" ten="277,232,222,269" oya="3" hai0="124,78,97,65,125,131,113,68,81,109,73,7,133" hai1="98,34,5,105,91,22,29,37,62,39,129,11,111" hai2="24,79,114,53,58,83,28,35,44,20,126,56,14" hai3="90,123,16,55,31,60,30,52,49,61,88,57,47"/><W1/><G1/><T76/><D109/><U48/><E111/><V121/><F121/><W101/><G101/><T117/><D117/><U103/><E129/><V72/><F114/><W17/><G123/><T70/><D133/><U46/><E91/><N who="3" m="34858" /><G61/><T92/><D131/><U59/><E34/><V69/><F69/><W108/><G108/><T33/><D33/><U128/><E128/><V104/><F104/><W106/><G106/><T134/><D134/><U2/><E22/><V82/><F82/><W119/><G119/><T89/><D113/><U95/><E105/><V110/><F110/><W12/><G16/><T87/><D7/><U75/><E29/><V15/><F126/><N who="0" m="48746" /><D65/><U116/><E75/><V25/><F44/><W84/><G84/><T40/><D40/><U99/><E98/><V6/><F6/><W107/><G107/><T38/><D38/><U3/><E3/><V118/><F118/><W51/><G51/><T13/><D13/><U8/><E116/><V135/><F135/><W96/><G96/><T4/><D4/><U67/><E11/><AGARI ba="0,0" hai="11,12,17,30,31,47,49,52,55,57,60" m="34858" machi="11" ten="30,5800,0" yaku="8,1,54,2" doraHai="132" who="3" fromWho="1" sc="277,0,232,-58,222,0,269,58" owari="277,7.7,174,-32.6,222,-17.8,327,42.7" /></mjloggm>