<mjloggm ver="2.3"><GO type="169" lobby="0"/><UN n0="%70%6F%6E%2D%65%6E" n1="%73%69%65%72%61%34%30%31" n2="%E5%B0%8F%E8%B1%86%E6%A2%93" n3="%E2%97%8E%E3%82%88%E3%81%97%E2%97%8E" dan="16,16,17,16" rate="2146.24,2209.07,2190.72,2142.73" sx="F,F,F,M"/><TAIKYOKU oya="0"/><INIT seed="0,0,0,2,5,30" ten="250,250,250,250" oya="0" hai0="54,52,17,126,100,48,25,87,12,35,116,106,51" hai1="120,66,96,58,131,84,89,80,95,76,72,1,121" hai2="91,3,43,92,119,56,53,41,18,133,47,109,105" hai3="26,94,108,31,82,50,78,128,88,114,36,83,122"/><T93/><D116/><U134/><E1/><V98/><F109/><W81/><G114/><T129/><D126/><U60/><E131/><V4/><F133/><W86/><G36/><T15/><D129/><U130/><E130/><V0/><F119/><W75/><G128/><T37/><D37/><U69/><E134/><V13/><F105/><W132/><G132/><T97/><D106/><U104/><REACH who="1" step="1"/><E69/><REACH who="1" ten="250,240,250,250" step="2"/><V55/><F0/><W124/><G124/><T85/><D35/><U49/><E49/><V38/><F3/><W107/><G108/><T29/><D48/><U6/><E6/><V118/><F4/><W77/><G122/><T115/><D51/><U23/><E23/><V103/><F118/><W113/><G113/><T102/><D115/><U111/><E111/><V39/><F39/><W73/><G107/><T5/><D5/><U71/><E71/><V14/><F38/><W32/><REACH who="3" step="1"/><G50/><REACH who="3" ten="250,240,250,240" step="2"/><T8/><D102/><AGARI ba="0,2" hai="58,60,66,72,76,80,84,89,95,96,102,104,120,121" machi="102" ten="40,5200,0" yaku="1,1,24,2,53,0" doraHai="30" doraHaiUra="10" who="1" fromWho="0" sc="250,-52,240,72,250,0,240,0" /><INIT seed="1,0,0,3,0,53" ten="198,312,250,240" oya="1" hai0="117,59,91,66,54,4,72,115,90,123,65,7,39" hai1="40,124,116,24,26,113,101,12,84,88,127,35,97" hai2="37,9,128,105,135,71,81,38,32,106,85,114,22" hai3="79,95,19,98,121,125,41,20,131,103,104,50,60"/><U99/><E113/><V11/><F22/><W133/><G121/><T64/><D115/><U110/><E116/><V100/><F114/><W69/><G125/><N who="1" m="48202" /><E40/><V58/><F71/><W118/><G133/><T30/><D39/><U89/><E35/><V5/><F32/><W73/><G131/><T15/><D72/><U34/><E34/><V0/><F135/><W96/><G118/><T6/><D123/><U132/><E132/><V31/><F31/><W70/><G60/><N who="0" m="35959" /><D117/><U42/><E42/><V63/><F128/><W14/><G73/><T49/><D30/><U108/><E12/><V29/><F29/><W57/><G79/><T44/><D15/><U51/><E51/><V68/><F68/><W126/><G126/><T48/><D48/><U67/><E67/><V122/><F122/><W23/><G70/><T46/><D46/><U109/><E97/><V83/><F9/><W43/><G69/><T77/><D77/><U10/><E10/><V2/><F2/><W62/><G50/><T111/><D111/><U45/><E45/><V25/><F38/><W16/><G41/><AGARI ba="0,0" hai="4,6,7,41,44,49,64,65,66,90,91" m="35959" machi="41" ten="30,2000,0" yaku="8,1,52,1" doraHai="53" who="0" fromWho="3" sc="198,20,312,0,250,0,240,-20" /><INIT seed="2,0,0,3,2,61" ten="218,312,250,220" oya="2" hai0="114,85,109,93,36,59,112,77,9,25,72,124,23" hai1="31,4,102,110,74,0,113,121,75,19,58,26,120" hai2="57,44,80,73,2,133,94,90,97,32,116,3,65" hai3="96,21,132,45,88,35,63,108,48,76,64,6,129"/><V54/><F116/><W33/><G108/><T83/><D109/><U51/><E113/><V13/><F32/><W17/><G129/><T28/><D124/><U43/><E110/><V127/><F127/><W84/><G76/><T60/><D36/><U107/><E19/><V105/><F133/><W22/><G96/><T34/><D9/><N who="1" m="2183" /><E102/><V11/><F105/><W47/><G6/><T91/><REACH who="0" step="1"/><D34/><REACH who="0" ten="208,312,250,220" step="2"/><U52/><E120/><V100/><F2/><W67/><G132/><T55/><AGARI ba="0,1" hai="23,25,28,55,59,60,72,77,83,85,91,93,112,114" machi="55" ten="20,5200,0" yaku="1,1,2,1,0,1,7,1,53,0" doraHai="61" doraHaiUra="103" who="0" fromWho="0" sc="208,62,312,-13,250,-26,220,-13" /><INIT seed="3,0,0,2,1,14" ten="270,299,224,207" oya="3" hai0="58,63,32,18,112,113,97,28,124,106,43,0,99" hai1="42,129,71,19,121,103,8,5,101,91,66,24,12" hai2="22,4,118,11,65,52,102,54,104,46,17,49,69" hai3="7,96,15,95,47,105,123,75,41,79,119,85,25"/><W88/><G123/><T62/><D0/><U92/><E121/><V134/><F118/><W126/><G119/><T23/><D124/><U76/><E129/><V33/><F33/><W67/><G126/><T53/><D43/><U117/><E117/><V29/><F134/><W59/><G75/><T74/><D74/><U44/><E76/><V56/><F69/><W122/><G122/><T111/><D111/><U57/><E71/><V2/><F29/><W13/><G25/><N who="0" m="18447" /><D63/><U70/><E70/><V93/><F104/><W98/><G105/><T81/><D81/><U64/><E24/><V100/><F93/><W37/><G79/><T45/><D45/><U36/><E5/><V6/><F6/><W40/><G40/><T35/><D35/><U1/><E1/><V78/><F65/><W27/><G27/><T94/><D94/><U72/><E72/><V86/><F86/><W38/><G38/><T133/><D106/><U127/><E127/><V26/><REACH who="2" step="1"/><F78/><REACH who="2" ten="270,299,214,207" step="2"/><W83/><G7/><T31/><D31/><U110/><E64/><V9/><F9/><W130/><G130/><T10/><D10/><U108/><E108/><V114/><F114/><W80/><G80/><T30/><D30/><U90/><E110/><V89/><F89/><N who="1" m="33801" /><E92/><V48/><AGARI ba="0,1" hai="2,4,11,17,22,26,46,48,49,52,54,56,100,102" machi="48" ten="20,8000,1" yaku="1,1,0,1,7,1,52,1,54,1,53,0" doraHai="14" doraHaiUra="131" who="2" fromWho="2" sc="270,-20,299,-20,214,90,207,-40" /><INIT seed="4,0,0,2,1,62" ten="250,279,304,167" oya="0" hai0="18,130,73,21,46,55,78,126,93,34,58,49,105" hai1="36,33,14,89,123,59,8,28,99,10,63,113,109" hai2="131,30,19,77,66,106,115,104,128,96,69,70,116" hai3="32,83,110,50,87,81,2,31,65,26,85,119,39"/><T42/><D105/><U132/><E109/><V120/><F120/><W117/><G39/><T88/><D34/><U129/><E123/><V9/><F115/><W98/><G2/><T12/><D126/><U1/><E36/><V111/><F111/><W22/><G110/><T134/><D130/><N who="2" m="49706" /><F77/><W74/><G74/><T108/><D108/><U15/><E1/><V5/><F19/><W124/><G124/><T29/><D134/><U76/><E76/><V80/><F80/><W37/><G37/><T90/><D29/><U125/><E33/><V103/><F30/><W24/><G98/><T86/><D73/><U91/><E28/><V45/><F45/><W94/><G94/><T114/><D114/><U72/><E72/><V27/><F27/><W101/><G101/><T122/><D122/><U75/><E75/><V57/><F106/><W53/><G83/><N who="0" m="47479" /><D93/><N who="1" m="56751" /><E132/><V79/><F79/><W7/><G7/><T0/><D0/><U97/><E113/><V6/><F6/><W4/><G4/><T92/><D92/><N who="1" m="56479" /><E125/><V84/><F116/><W64/><G117/><T68/><D68/><U61/><E129/><V23/><F70/><W112/><G119/><T56/><D56/><U20/><E59/><V25/><F69/><W118/><G118/><T52/><D55/><U67/><E20/><V127/><F127/><W17/><G112/><T38/><D38/><U47/><E47/><V40/><F104/><W100/><G100/><T95/><D95/><U41/><E8/><V16/><F103/><W60/><G81/><T54/><D54/><U71/><E71/><V11/><F96/><RYUUKYOKU ba="0,0" sc="250,30,279,-10,304,-10,167,-10" hai0="12,18,21,42,46,49,52,58,88,90" /><INIT seed="4,1,0,2,4,27" ten="280,269,294,157" oya="0" hai0="68,26,35,94,107,58,103,83,92,113,22,69,97" hai1="120,9,31,112,87,3,82,74,76,11,12,105,41" hai2="70,1,134,7,72,63,50,48,77,32,39,115,14" hai3="108,64,131,81,18,53,71,21,30,61,127,47,106"/><T20/><D113/><U123/><E105/><V102/><F102/><W110/><G127/><T116/><D116/><U17/><E112/><V23/><F77/><W28/><G131/><T86/><D58/><U57/><E87/><V66/><F32/><W78/><G106/><T118/><D118/><U59/><E59/><V91/><F72/><W45/><G108/><T89/><D22/><U52/><E41/><V65/><F39/><W4/><G4/><T54/><D54/><U36/><E36/><V135/><F66/><W44/><G53/><T46/><D46/><U0/><E31/><V25/><F1/><W114/><G114/><T6/><D6/><U19/><E0/><V29/><F91/><W125/><G110/><T43/><D35/><U73/><E73/><V111/><F111/><W95/><G95/><T98/><D43/><U49/><REACH who="1" step="1"/><E3/><REACH who="1" ten="280,259,294,157" step="2"/><V51/><F115/><W15/><REACH who="3" step="1"/><G125/><REACH who="3" ten="280,259,294,147" step="2"/><T104/><D104/><U40/><E40/><V67/><F67/><W117/><G117/><T2/><D107/><U37/><E37/><V55/><F55/><W122/><G122/><T79/><REACH who="0" step="1"/><D2/><REACH who="0" ten="270,259,294,147" step="2"/><U90/><E90/><V130/><F65/><W124/><G124/><T34/><D34/><U16/><E16/><AGARI ba="1,3" hai="16,20,26,68,69,79,83,86,89,92,94,97,98,103" machi="16" ten="30,5800,0" yaku="1,1,7,1,54,1,53,0" doraHai="27" doraHaiUra="5" who="0" fromWho="1" sc="270,91,259,-61,294,0,147,0" /><INIT seed="4,2,0,0,1,116" ten="361,198,294,147" oya="0" hai0="26,28,99,72,12,130,27,104,87,119,29,90,102" hai1="70,134,43,124,15,108,133,36,33,62,131,103,11" hai2="86,74,47,78,25,51,55,93,84,46,32,113,126" hai3="64,65,107,71,58,63,96,127,122,109,56,60,110"/><T135/><D119/><U100/><E108/><V37/><F113/><W125/><G107/><T132/><D72/><U1/><E1/><V111/><F111/><W68/><G96/><T48/><D130/><U128/><E33/><V3/><F3/><W31/><G31/><N who="0" m="11851" /><D12/><U57/><E70/><V10/><F32/><W106/><G106/><T5/><D48/><U0/><E0/><V66/><F25/><W69/><G69/><T91/><D91/><U77/><E77/><V54/><F74/><W101/><G101/><T6/><D6/><U41/><E36/><V83/><F10/><W16/><G16/><T2/><D5/><U59/><E15/><V49/><F37/><W73/><G73/><T4/><D4/><U67/><E11/><V50/><F66/><W45/><G45/><T24/><D2/><U42/><E100/><V120/><F51/><W112/><G112/><T9/><D9/><U97/><E97/><V18/><F18/><W17/><G17/><T115/><D115/><U82/><E82/><V8/><F8/><W53/><G53/><T80/><D135/><N who="1" m="51723" /><E103/><V21/><F47/><W92/><G92/><N who="0" m="58727" /><D132/><U75/><E75/><V88/><F54/><W118/><G118/><T95/><D104/><U20/><E20/><V76/><F21/><W117/><G117/><T81/><AGARI ba="2,0" hai="24,26,27,80,81,87,90,95" m="58727,11851" machi="81" ten="30,1500,0" yaku="8,1" doraHai="116" who="0" fromWho="0" sc="361,21,198,-7,294,-7,147,-7" /><INIT seed="4,3,0,4,1,55" ten="382,191,287,140" oya="0" hai0="61,73,79,74,96,80,91,127,14,1,44,105,120" hai1="112,29,131,130,53,6,108,25,115,103,40,123,30" hai2="39,8,129,69,126,110,109,85,56,64,66,31,38" hai3="12,106,36,20,22,2,23,45,42,86,67,81,26"/><T0/><D120/><U60/><E108/><V7/><F69/><W122/><G122/><T100/><D127/><U24/><E123/><V47/><F126/><W78/><G2/><T43/><D74/><U92/><E40/><V134/><F129/><N who="1" m="49161" /><E103/><V95/><F134/><W124/><G124/><T9/><D61/><U50/><E60/><V89/><F31/><N who="1" m="11785" /><E92/><V37/><F47/><W62/><G106/><T83/><D91/><U28/><N who="1" m="11793" /><U102/><DORA hai="32" /><E102/><V58/><F66/><W77/><G12/><T88/><D88/><U49/><E6/><V121/><F121/><W18/><REACH who="3" step="1"/><G77/><REACH who="3" ten="382,191,287,130" step="2"/><T33/><D79/><U104/><E104/><V125/><F125/><W16/><G16/><T133/><D105/><U87/><E24/><V68/><F110/><W128/><G128/><T10/><D133/><U21/><E25/><V59/><F109/><W19/><G19/><T51/><D14/><U90/><E112/><V114/><F114/><W13/><G13/><T15/><D15/><U84/><E115/><V93/><F7/><W71/><AGARI ba="3,1" hai="18,20,22,23,26,36,42,45,62,67,71,78,81,86" machi="71" ten="20,5200,0" yaku="1,1,0,1,7,1,53,1" doraHai="55,32" doraHaiUra="99,76" who="3" fromWho="3" sc="382,-29,191,-16,287,-16,130,71" /><INIT seed="5,0,0,5,2,74" ten="353,175,271,201" oya="1" hai0="125,10,71,79,55,18,51,83,115,58,117,67,72" hai1="37,87,128,114,78,50,53,48,131,73,26,118,23" hai2="70,24,31,135,122,82,36,52,13,95,28,97,63" hai3="69,77,40,130,57,89,60,76,93,30,9,38,22"/><U85/><E118/><V1/><F122/><W17/><G69/><T54/><D117/><U127/><E37/><V65/><F1/><W19/><G38/><T16/><D115/><U113/><E127/><V41/><F135/><W4/><G40/><T12/><D125/><U14/><E14/><V92/><F13/><N who="3" m="5287" /><G130/><N who="1" m="49706" /><E73/><V21/><F41/><W43/><G43/><T116/><D116/><U61/><E61/><V106/><F36/><W112/><G30/><T32/><D32/><U35/><E35/><V7/><F7/><W11/><G11/><T27/><D71/><U64/><E64/><V119/><F119/><W33/><G33/><T39/><D39/><U120/><E120/><V56/><F31/><W75/><G75/><T96/><D67/><U103/><E103/><V0/><F0/><W100/><G100/><T68/><D68/><U66/><E66/><V42/><F42/><W121/><G121/><T132/><D132/><U88/><E78/><N who="3" m="30314" /><G22/><T111/><D72/><U62/><E113/><V98/><F106/><W109/><G112/><T2/><D2/><U99/><E114/><V107/><F107/><W45/><G45/><T29/><D29/><N who="1" m="17631" /><E99/><V104/><F104/><W101/><G101/><T105/><D96/><U49/><E88/><V47/><F98/><N who="3" m="57647" /><G109/><T44/><D111/><U91/><E91/><V123/><F123/><W34/><G34/><T6/><D105/><U110/><E110/><V20/><F70/><W124/><G124/><T81/><D79/><U59/><AGARI ba="0,0" hai="48,49,50,53,59,62,85,87" m="17631,49706" machi="59" ten="40,2100,0" yaku="19,1" doraHai="74" who="1" fromWho="1" sc="353,-7,175,21,271,-7,201,-7" /><INIT seed="5,1,0,3,3,19" ten="346,196,264,194" oya="1" hai0="11,117,52,106,6,118,80,38,128,43,86,74,79" hai1="15,45,21,126,3,46,34,101,36,89,82,92,65" hai2="103,35,47,109,27,96,48,0,77,60,49,62,84" hai3="37,61,63,110,5,31,51,115,8,114,83,125,22"/><U93/><E3/><V81/><F109/><W90/><G110/><T111/><D111/><U71/><E34/><V133/><F0/><W134/><G37/><T107/><D128/><U104/><E126/><V76/><F133/><W94/><G83/><T119/><D86/><N who="1" m="50391" /><E104/><V16/><F49/><W30/><G51/><T57/><D43/><U69/><E69/><V54/><F77/><W132/><G125/><T105/><D38/><U28/><E71/><V135/><F135/><N who="3" m="51755" /><G30/><T58/><REACH who="0" step="1"/><D52/><REACH who="0" ten="336,196,264,194" step="2"/><U75/><E36/><V10/><F54/><W88/><G61/><T44/><D44/><U18/><E46/><V127/><F127/><W32/><G63/><T123/><D123/><U67/><E45/><V85/><F85/><N who="3" m="52495" /><G32/><T131/><D131/><U7/><E75/><V50/><F62/><W23/><G90/><T102/><D102/><U42/><E101/><V113/><F60/><W12/><G31/><T91/><D91/><U97/><E42/><V112/><F35/><W116/><G116/><T66/><D66/><U98/><E28/><V33/><F33/><W129/><G129/><T20/><D20/><AGARI ba="1,1" hai="5,8,12,20,22,23,114,115" m="52495,51755" machi="20" ten="30,8000,1" yaku="20,1,52,3,54,1" doraHai="19" who="3" fromWho="0" sc="336,-83,196,0,264,0,194,93" /><INIT seed="6,0,0,4,1,38" ten="253,196,264,287" oya="2" hai0="31,55,24,52,60,97,75,44,1,81,50,107,83" hai1="74,68,104,20,130,22,109,45,106,92,132,8,103" hai2="87,71,32,100,119,134,105,51,9,116,125,117,88" hai3="2,102,6,70,77,16,21,96,11,48,12,90,42"/><V46/><F71/><W37/><G70/><T72/><D1/><U118/><E118/><V41/><F32/><W127/><G127/><T108/><D108/><U86/><E109/><V65/><F65/><W99/><G77/><T0/><D0/><U49/><E74/><V18/><F125/><W78/><G78/><T95/><D107/><U85/><E68/><V25/><F134/><W67/><G67/><T79/><D81/><U5/><E132/><V98/><F9/><W36/><G90/><T26/><D72/><U111/><E111/><V128/><F128/><W29/><G29/><T40/><D60/><U58/><E104/><V89/><REACH who="2" step="1"/><F87/><REACH who="2" ten="253,196,254,287" step="2"/><W76/><G11/><T115/><D115/><U135/><E86/><V62/><F62/><W33/><G33/><T61/><D61/><U7/><E130/><V4/><F4/><W80/><G6/><T94/><D75/><U47/><E135/><V121/><F121/><W30/><G21/><AGARI ba="0,1" hai="18,21,25,41,46,51,88,89,98,100,105,116,117,119" machi="21" ten="40,7700,0" yaku="1,1,52,1,54,1,53,0" doraHai="38" doraHaiUra="53" who="2" fromWho="3" sc="253,0,196,0,254,87,287,-77" /><INIT seed="6,1,0,5,5,54" ten="253,196,341,210" oya="2" hai0="82,84,55,62,88,114,102,67,106,112,125,119,105" hai1="92,50,21,13,59,70,107,5,56,2,36,89,41" hai2="32,51,120,47,69,0,93,94,65,103,104,117,101" hai3="130,68,28,78,118,52,129,97,121,40,1,43,113"/><V124/><F117/><W115/><G118/><T81/><D125/><U27/><E107/><V96/><F120/><W61/><G121/><T20/><D119/><U8/><E70/><V90/><F0/><W48/><G1/><T7/><D7/><U39/><E2/><V80/><F32/><W22/><G78/><T133/><D133/><U128/><E128/><N who="3" m="49258" /><G97/><T127/><D127/><U18/><E39/><V73/><F124/><W76/><G76/><T3/><D3/><U85/><E36/><V6/><F6/><W132/><G132/><T71/><D81/><U74/><E74/><V53/><F80/><W49/><G22/><T66/><D66/><U57/><E41/><N who="3" m="15946" /><G28/><T46/><D20/><U24/><E24/><V86/><F73/><W110/><G110/><T31/><D31/><U19/><E50/><N who="3" m="19562" /><G52/><T87/><D102/><U23/><E23/><V83/><F103/><W122/><G122/><T34/><D34/><U98/><E98/><V4/><F96/><W108/><G108/><T99/><D99/><U44/><E44/><V134/><F101/><W63/><G68/><T77/><D46/><U12/><E12/><V58/><F69/><W109/><G109/><T30/><D55/><U64/><REACH who="1" step="1"/><E5/><REACH who="1" ten="253,186,341,210" step="2"/><V79/><F4/><W11/><G11/><T38/><D106/><U131/><E131/><V17/><F104/><W10/><G10/><T14/><D105/><U116/><E116/><V72/><F72/><W100/><G100/><T37/><D71/><U29/><E29/><V33/><F47/><W60/><AGARI ba="1,1" hai="60,61,63,113,115" m="19562,15946,49258" machi="60" ten="40,8000,1" yaku="28,2,19,1,34,2" doraHai="54" who="3" fromWho="3" sc="253,-21,186,-21,341,-41,210,93" /><INIT seed="7,0,0,5,0,112" ten="232,165,300,303" oya="3" hai0="2,102,45,17,120,48,66,26,78,93,71,3,105" hai1="129,134,130,107,90,104,135,29,83,84,65,72,119" hai2="106,39,117,18,123,59,31,98,80,25,68,8,60" hai3="108,111,35,14,51,44,27,132,113,16,4,21,11"/><W12/><G113/><T28/><D105/><N who="1" m="40523" /><E29/><V122/><F117/><W87/><G132/><N who="1" m="50730" /><E65/><N who="2" m="40999" /><F39/><W32/><G87/><T30/><D66/><U6/><E6/><V91/><F59/><W128/><G128/><N who="1" m="49258" /><E72/><V49/><F31/><W103/><G103/><T114/><D30/><U57/><E57/><V118/><F118/><AGARI ba="0,0" hai="83,84,90,118,119" m="49258,50730,40523" machi="118" ten="40,12000,2" yaku="20,1,19,1,34,2,52,2" doraHai="112" who="1" fromWho="2" sc="232,0,165,120,300,-120,303,0" owari="232,-16.8,285,8.5,180,-32.0,303,40.3" /></mjloggm>