<mjloggm ver="2.3"><GO type="169" lobby="0"/><UN n0="%E6%99%A8%E6%98%8F%E5%B0%8D%E5%B3%99" n1="%E8%8F%85%E7%94%B0%E5%B0%86%E6%9A%89%28%E5%81%BD%E7%89%A9%29" n2="%70%6F%6E%2D%65%6E" n3="%E4%BE%8D" dan="17,16,16,17" rate="2209.39,2188.13,2104.36,2209.14" sx="M,M,F,M"/><TAIKYOKU oya="0"/><INIT seed="0,0,0,1,1,86" ten="250,250,250,250" oya="0" hai0="104,44,34,120,111,21,78,113,40,107,100,5,20" hai1="54,65,102,87,42,6,96,23,74,133,13,61,135" hai2="72,55,48,76,10,36,50,68,84,97,75,99,29" hai3="82,38,88,7,91,64,85,127,63,52,128,28,115"/><T92/><D120/><U56/><E74/><V35/><F36/><W9/><G115/><T123/><D113/><U22/><E42/><V121/><F121/><W83/><G128/><T26/><D123/><U71/><E87/><V93/><F68/><W1/><G127/><T4/><D111/><U125/><E125/><V77/><F10/><W103/><G38/><T105/><D78/><U33/><E33/><V12/><F12/><W80/><G103/><T16/><D34/><U109/><E109/><V25/><F99/><W129/><G129/><T3/><D21/><U73/><E73/><V106/><F50/><W66/><G28/><T90/><D100/><U112/><E112/><V31/><F106/><W43/><G43/><T101/><D101/><U32/><E32/><V24/><F77/><W30/><G30/><T89/><D3/><U94/><E6/><V117/><F117/><W132/><G132/><N who="1" m="50762" /><E13/><V53/><F25/><W2/><G2/><T27/><D27/><U95/><E95/><V41/><F31/><W126/><G126/><T8/><D92/><U19/><E19/><V116/><F116/><W131/><G131/><T118/><D118/><U47/><E47/><N who="2" m="25711" /><F75/><W114/><G114/><T130/><D130/><U49/><AGARI ba="0,0" hai="22,23,49,54,56,61,65,71,94,96,102" m="50762" machi="49" ten="30,1100,0" yaku="20,1" doraHai="86" who="1" fromWho="1" sc="250,-5,250,11,250,-3,250,-3" /><INIT seed="1,0,0,3,5,107" ten="245,261,247,247" oya="1" hai0="2,81,97,7,12,38,15,45,94,111,5,54,134" hai1="85,72,126,106,80,36,27,37,102,99,77,51,108" hai2="133,124,31,58,13,24,39,93,63,114,127,19,75" hai3="71,60,98,67,6,96,3,130,35,131,90,92,70"/><U62/><E126/><N who="2" m="48171" /><F39/><W91/><G35/><T1/><D134/><U9/><E108/><V132/><F93/><W48/><G48/><T8/><D111/><U88/><E51/><V69/><F69/><W122/><G122/><T95/><D54/><U33/><E9/><N who="2" m="6575" /><F75/><W113/><G113/><T42/><D81/><U10/><E10/><V129/><F129/><N who="3" m="49163" /><G6/><T53/><D53/><U89/><E62/><V14/><F114/><W47/><G3/><T0/><D97/><N who="3" m="37481" /><G47/><T32/><D32/><U41/><E41/><V83/><F83/><W104/><G104/><T65/><D65/><U56/><E56/><V21/><F14/><W82/><G92/><T30/><D30/><N who="1" m="19679" /><E89/><N who="3" m="33802" /><G82/><T120/><D120/><U86/><E86/><V87/><F87/><W4/><G4/><T76/><D76/><U61/><E61/><V55/><AGARI ba="0,0" hai="21,24,31,55,58,63,132,133" m="6575,48171" machi="55" ten="30,1100,0" yaku="18,1" doraHai="107" who="2" fromWho="2" sc="245,-3,261,-5,247,11,247,-3" /><INIT seed="2,0,0,2,4,32" ten="242,256,258,244" oya="2" hai0="78,33,66,120,59,60,92,56,126,35,99,65,88" hai1="6,20,118,94,55,24,16,57,63,64,111,45,86" hai2="125,8,107,115,29,103,127,82,46,38,70,54,12" hai3="0,117,48,31,122,58,44,124,13,110,101,69,95"/><V116/><F115/><W134/><G117/><T77/><D120/><U21/><E111/><V3/><F116/><W96/><G122/><T108/><D108/><U18/><E118/><V135/><F70/><W106/><G69/><T74/><D126/><U73/><E73/><V15/><F29/><W23/><G110/><T1/><D74/><U133/><E133/><V71/><F71/><W9/><G124/><N who="2" m="47689" /><F82/><W131/><G134/><T132/><D132/><U40/><E6/><N who="2" m="1119" /><F54/><W123/><G123/><T76/><REACH who="0" step="1"/><D1/><REACH who="0" ten="232,256,258,244" step="2"/><U105/><E105/><V11/><F135/><W121/><G0/><T114/><D114/><U83/><E64/><V61/><F11/><W104/><G121/><T52/><D52/><U26/><E94/><V85/><F107/><W109/><G109/><T89/><D89/><U28/><E28/><V97/><F103/><W5/><G106/><T2/><D2/><U87/><REACH who="1" step="1"/><E83/><REACH who="1" ten="232,246,258,244" step="2"/><V36/><F36/><AGARI ba="0,2" hai="16,18,20,21,24,26,36,40,45,55,57,63,86,87" machi="36" ten="30,12000,2" yaku="1,1,2,1,7,1,9,1,54,1,53,2" doraHai="32" doraHaiUra="17" who="1" fromWho="2" sc="232,0,246,140,258,-120,244,0" /><INIT seed="3,0,0,0,2,132" ten="232,386,138,244" oya="3" hai0="89,51,118,10,106,4,78,38,66,84,15,13,111" hai1="76,104,62,124,57,83,9,107,109,115,49,121,82" hai2="126,123,18,70,81,42,41,16,58,69,99,47,44" hai3="37,65,103,97,67,127,88,101,17,130,36,71,96"/><W35/><G35/><T128/><D38/><U93/><E115/><V46/><F123/><W12/><G130/><T53/><D106/><U90/><E121/><V3/><F3/><W0/><G0/><T102/><D128/><U45/><E109/><V24/><F81/><W5/><G5/><T86/><D111/><U100/><E9/><V91/><F58/><W26/><G26/><T73/><D66/><U79/><E100/><V134/><F24/><W120/><G120/><T64/><D64/><U59/><E93/><V110/><F110/><W105/><G88/><T56/><D102/><U112/><E112/><V61/><F61/><W25/><G25/><T68/><D68/><U117/><E90/><V122/><F122/><W131/><G131/><T55/><D118/><U108/><E108/><V8/><F8/><W75/><G75/><T125/><D73/><U23/><E23/><V28/><F28/><W94/><G127/><T114/><D125/><U92/><E92/><V27/><F27/><W34/><G67/><T40/><D15/><U54/><E117/><V19/><F134/><W95/><G105/><N who="1" m="40522" /><E124/><V60/><F126/><W119/><G34/><T113/><D55/><N who="1" m="30127" /><E59/><V31/><F31/><W98/><G98/><T32/><D40/><N who="2" m="15466" /><F60/><N who="3" m="40359" /><G119/><T74/><D32/><U2/><E2/><V1/><F1/><W43/><G43/><T85/><REACH who="0" step="1"/><D89/><REACH who="0" ten="222,386,138,244" step="2"/><U30/><E30/><V20/><F20/><N who="3" m="11303" /><G36/><T63/><D63/><U77/><E62/><V6/><F6/><W72/><G72/><T116/><D116/><U39/><E39/><V22/><F22/><W50/><G37/><RYUUKYOKU ba="0,1" sc="222,0,386,0,138,0,244,0" hai0="4,10,13,51,53,56,74,78,84,85,86,113,114" hai1="54,57,76,77,79,82,83" hai2="16,18,19,44,46,47,69,70,91,99" hai3="50,94,95,96,97,101,103" /><INIT seed="3,1,1,4,3,28" ten="222,386,138,244" oya="3" hai0="125,16,107,48,104,77,81,45,53,38,133,86,87" hai1="46,57,75,88,97,36,11,99,117,101,105,121,35" hai2="10,113,109,78,58,61,92,68,40,18,39,93,119" hai3="122,55,98,70,1,71,63,60,23,7,5,19,82"/><W80/><G122/><T24/><D125/><U85/><E121/><V103/><F113/><W41/><G41/><T95/><D133/><U134/><E134/><V130/><F119/><W124/><G124/><T106/><D38/><U27/><E117/><V37/><F68/><W73/><G98/><T74/><REACH who="0" step="1"/><D95/><REACH who="0" ten="212,386,138,244" step="2"/><U59/><E36/><V8/><F92/><W15/><G71/><T79/><D79/><U126/><E105/><V22/><F78/><W76/><G80/><T42/><D42/><U132/><E126/><V66/><F39/><W84/><G70/><T115/><D115/><U29/><E132/><V90/><F37/><W44/><G73/><T14/><D14/><U123/><E75/><V69/><F40/><W100/><G1/><T111/><D111/><U114/><E114/><V128/><F109/><W110/><G110/><T34/><D34/><U17/><E35/><V47/><F69/><W135/><G135/><T4/><D4/><N who="3" m="1609" /><G100/><T54/><D54/><U120/><E101/><V2/><F103/><W67/><G67/><T43/><D43/><U131/><E120/><V129/><F2/><W31/><G31/><T25/><D25/><U118/><E29/><V94/><F94/><W91/><G76/><T116/><D116/><U33/><E118/><V108/><F108/><W64/><G64/><T51/><D51/><AGARI ba="1,2" hai="15,19,23,44,51,55,60,63,82,84,91" m="1609" machi="51" ten="30,1500,0" yaku="8,1" doraHai="28" who="3" fromWho="0" sc="212,-18,386,0,138,0,244,38" /><INIT seed="3,2,0,5,1,54" ten="194,386,138,282" oya="3" hai0="15,66,64,124,89,106,18,127,37,12,47,101,29" hai1="83,20,76,86,75,61,131,2,121,33,68,126,26" hai2="104,28,56,115,24,112,99,84,49,80,123,129,118" hai3="60,35,133,32,94,132,88,16,90,8,119,23,39"/><W52/><G119/><T36/><D29/><U117/><E121/><V4/><F118/><W45/><G8/><N who="0" m="6407" /><D15/><U34/><E117/><V50/><F129/><W11/><G11/><T130/><D130/><U102/><E2/><V78/><F123/><W108/><G108/><T14/><D14/><U113/><E113/><V96/><F4/><W10/><G10/><T6/><D6/><U7/><E7/><V0/><F0/><W103/><G103/><T22/><D22/><U107/><E126/><N who="0" m="48169" /><D89/><U19/><E131/><V55/><F50/><W67/><G35/><T21/><D21/><U40/><E75/><V98/><REACH who="2" step="1"/><F104/><REACH who="2" ten="194,386,128,282" step="2"/><W57/><G39/><N who="0" m="14923" /><D47/><U105/><E107/><V81/><F81/><W73/><G32/><AGARI ba="2,1" hai="24,28,32,49,55,56,78,80,84,96,98,99,112,115" machi="32" ten="40,5200,0" yaku="1,1,52,1,53,1" doraHai="54" doraHaiUra="72" who="2" fromWho="3" sc="194,0,386,0,128,68,282,-58" /><INIT seed="4,0,0,5,1,129" ten="194,386,196,224" oya="0" hai0="42,12,36,18,54,45,112,69,132,133,73,40,84" hai1="75,99,87,21,123,80,108,46,97,90,83,119,13" hai2="78,25,9,6,67,101,37,124,26,48,109,60,16" hai3="111,28,105,23,27,11,100,96,63,106,104,94,59"/><T20/><D69/><U98/><E108/><V50/><F37/><W38/><G38/><T116/><D73/><U134/><E46/><V88/><F109/><W49/><G111/><T58/><D116/><U122/><E21/><V4/><F124/><W86/><G49/><N who="2" m="19049" /><F101/><W95/><G95/><T131/><D131/><U128/><E13/><N who="2" m="7215" /><F78/><W31/><G31/><T43/><D112/><U127/><E128/><V103/><F103/><W76/><G11/><T41/><REACH who="0" step="1"/><D84/><REACH who="0" ten="184,386,196,224" step="2"/><N who="1" m="50439" /><E75/><V113/><F113/><W53/><G76/><T126/><D126/><U56/><E127/><V71/><F71/><W114/><G114/><T70/><D70/><U14/><E119/><V8/><F8/><W64/><REACH who="3" step="1"/><G86/><REACH who="3" ten="184,386,196,214" step="2"/><T135/><D135/><U24/><E134/><V117/><F117/><W121/><G121/><T110/><D110/><U47/><E122/><V7/><F7/><W118/><G118/><T77/><D77/><U2/><E123/><V92/><F4/><W3/><G3/><T15/><D15/><U91/><E2/><V35/><F6/><W19/><G19/><T33/><D33/><U107/><E14/><V1/><F35/><W44/><G44/><T29/><D29/><U0/><E0/><V61/><F1/><W66/><AGARI ba="0,2" hai="23,27,28,53,59,63,64,66,94,96,100,104,105,106" machi="66" ten="40,2700,0" yaku="1,1,0,1,53,0" doraHai="129" doraHaiUra="120" who="3" fromWho="3" sc="184,-13,386,-7,196,-7,214,47" /><INIT seed="5,0,0,3,1,62" ten="171,379,189,261" oya="1" hai0="78,124,60,26,38,48,64,89,4,107,83,120,104" hai1="5,55,36,97,47,66,45,112,40,100,6,127,70" hai2="93,14,108,96,114,54,7,1,102,39,42,126,12" hai3="65,131,87,94,82,105,27,30,69,15,34,19,20"/><U25/><E112/><V132/><F108/><W92/><G105/><T3/><D120/><U101/><E127/><V116/><F116/><W88/><REACH who="3" step="1"/><G131/><REACH who="3" ten="171,379,189,251" step="2"/><T119/><D124/><U110/><E110/><V18/><F126/><W35/><G35/><T103/><D119/><U46/><E100/><V58/><F102/><W41/><G41/><T11/><D107/><U129/><E129/><V23/><F42/><W122/><G122/><T59/><D103/><U81/><E40/><V22/><F114/><W85/><G85/><T53/><D104/><U86/><E101/><V44/><F96/><W28/><G28/><T63/><D38/><U52/><E86/><V21/><F39/><W115/><G115/><T99/><D99/><U29/><E97/><V80/><F132/><W74/><G74/><T117/><D117/><U13/><E36/><V71/><F71/><W113/><G113/><T33/><D33/><U121/><E121/><V76/><F93/><W61/><AGARI ba="0,1" hai="15,19,20,27,30,34,61,65,69,82,87,88,92,94" machi="61" ten="30,8000,1" yaku="1,1,0,1,52,1,54,1,53,1" doraHai="62" doraHaiUra="67" who="3" fromWho="3" sc="171,-20,379,-40,189,-20,251,90" /><INIT seed="6,0,0,0,5,81" ten="151,339,169,341" oya="2" hai0="48,11,42,31,17,105,39,29,101,122,5,74,79" hai1="100,131,119,27,132,87,121,7,96,120,44,46,89" hai2="103,76,35,127,73,26,108,68,36,86,109,40,28" hai3="37,62,32,106,8,53,13,16,116,24,112,2,83"/><V67/><F127/><W133/><G116/><T125/><D122/><N who="1" m="47211" /><E119/><V23/><F23/><W77/><G37/><T33/><D125/><U84/><E131/><V21/><F21/><W55/><G106/><T135/><D135/><U102/><E132/><V114/><F114/><W92/><G133/><T71/><D48/><U124/><E124/><V6/><F6/><W66/><G2/><N who="0" m="439" /><D17/><U14/><E27/><V22/><F22/><W85/><G112/><T95/><D95/><N who="1" m="56431" /><E14/><V4/><F4/><W1/><G1/><T78/><D78/><U99/><E7/><V129/><F129/><W82/><G82/><N who="0" m="45431" /><D71/><U107/><E102/><V88/><F103/><W50/><G92/><T61/><D61/><U18/><E18/><V126/><F126/><W113/><G113/><T80/><D80/><U104/><E104/><V111/><F76/><W118/><G118/><T52/><D33/><U134/><E134/><V65/><F68/><W60/><G66/><T69/><D69/><U93/><E107/><V56/><F73/><W64/><G64/><T15/><D15/><U0/><E0/><V25/><F25/><W128/><G128/><T49/><D101/><U3/><E3/><V57/><F67/><W123/><G123/><T19/><D19/><U98/><E98/><V51/><F65/><W9/><G9/><T115/><D105/><U70/><E70/><V34/><F34/><W43/><G24/><T41/><D115/><U72/><E72/><V20/><F35/><W12/><G32/><T45/><D39/><U130/><E130/><V63/><F36/><W94/><G77/><RYUUKYOKU ba="0,0" sc="151,15,339,15,169,-15,341,-15" hai0="29,31,41,42,45,49,52" hai1="44,46,84,87,93,99,100" /><INIT seed="7,1,0,1,3,39" ten="166,354,154,326" oya="3" hai0="59,76,32,68,16,28,118,60,48,84,37,31,21" hai1="23,22,9,78,4,99,105,126,49,96,30,20,89" hai2="38,17,130,26,114,57,44,2,97,123,124,0,108" hai3="128,54,10,102,52,46,42,7,73,87,56,117,80"/><W34/><G117/><T19/><D37/><U63/><E126/><V86/><F108/><W101/><G34/><T116/><D68/><U27/><E78/><V55/><F124/><W93/><G73/><T131/><D131/><U92/><E63/><V110/><F130/><W82/><G128/><T6/><D6/><U98/><E49/><V50/><F110/><W120/><G120/><T90/><D76/><U64/><E64/><V51/><F123/><W69/><G69/><T47/><D32/><U72/><E72/><V15/><F114/><W111/><G111/><T29/><D21/><U134/><E134/><V103/><F38/><W70/><G70/><T8/><D8/><U94/><E105/><V12/><F86/><W11/><G82/><N who="0" m="49431" /><D116/><U35/><REACH who="1" step="1"/><E92/><REACH who="1" ten="166,344,154,326" step="2"/><N who="2" m="58791" /><F0/><AGARI ba="1,1" hai="0,4,9,20,22,23,27,30,35,89,94,96,98,99" machi="0" ten="40,2600,0" yaku="1,1,53,1" doraHai="39" doraHaiUra="88" who="1" fromWho="2" sc="166,0,344,39,154,-29,326,0" owari="166,-23.4,383,48.3,125,-37.5,326,12.6" /></mjloggm>