<mjloggm ver="2.3"><GO type="169" lobby="0"/><UN n0="%E8%B5%A4%E7%BE%8E%E6%BF%83%E3%81%BE%E3%81%90%E3%82%8D" n1="%E7%B4%94%E6%BD%94%E3%83%94%E3%83%A9%E3%83%8B%E3%82%A2" n2="%E5%A4%A7%E4%BB%81%E7%94%B0%E8%96%84" n3="%E3%81%9B%E3%81%A9%E3%81%AA%E3%82%8A%E3%81%82%E3%82%93" dan="17,17,17,17" rate="2218.34,2211.29,2206.69,2158.79" sx="M,M,M,F"/><TAIKYOKU oya="0"/><INIT seed="0,0,0,5,2,85" ten="250,250,250,250" oya="0" hai0="12,100,120,68,132,8,20,32,78,10,65,81,62" hai1="30,97,116,48,126,117,111,99,37,121,9,98,103" hai2="74,13,71,15,118,5,64,105,72,115,4,133,3" hai3="29,90,44,26,102,6,107,108,128,83,41,89,47"/><T59/><D120/><U40/><E37/><V7/><F105/><W17/><G6/><T77/><D132/><U112/><E111/><V79/><F3/><W119/><G119/><T127/><D127/><U70/><E70/><V94/><F115/><W18/><G108/><T61/><D32/><U80/><E112/><V75/><F79/><W57/><G128/><T43/><D43/><U110/><E110/><V38/><F38/><W129/><G129/><T93/><D20/><U31/><E126/><V131/><F131/><W82/><G57/><T52/><D52/><U88/><E103/><V104/><F104/><W91/><G102/><T53/><D10/><U14/><E121/><V34/><F34/><W109/><G107/><T106/><D106/><U33/><E33/><V50/><F133/><W73/><G73/><T63/><D63/><U19/><E116/><V11/><F11/><W67/><G67/><T35/><D35/><U101/><E101/><V23/><F23/><N who="3" m="15583" /><G109/><T46/><D46/><N who="3" m="17449" /><G41/><T134/><D134/><U1/><E1/><V16/><F118/><W21/><G17/><T76/><D100/><U66/><E66/><V55/><F16/><W96/><G96/><T95/><REACH who="0" step="1"/><D81/><REACH who="0" ten="240,250,250,250" step="2"/><U27/><E117/><V92/><F64/><W45/><G45/><T124/><D124/><U39/><E39/><V60/><F60/><W135/><G135/><T54/><D54/><U114/><E114/><V56/><F71/><W125/><G125/><T122/><D122/><U69/><E69/><V0/><F0/><W130/><G130/><T25/><D25/><AGARI ba="0,1" hai="18,21,25,82,83,89,90,91" m="17449,15583" machi="25" ten="30,7700,0" yaku="8,1,52,3" doraHai="85" who="3" fromWho="0" sc="240,-77,250,0,250,0,250,87" /><INIT seed="1,0,0,1,1,63" ten="163,250,250,337" oya="1" hai0="92,119,47,57,24,89,8,124,134,36,91,73,32" hai1="45,15,48,51,85,83,66,27,4,108,106,55,94" hai2="130,104,33,37,96,67,125,123,52,88,56,87,113" hai3="35,117,42,62,97,135,1,5,28,0,131,2,19"/><U14/><E106/><V65/><F123/><W78/><G78/><T18/><D73/><U30/><E4/><V54/><F37/><W46/><G131/><T84/><D119/><U6/><E6/><V39/><F39/><W105/><G135/><T29/><D134/><U26/><E94/><N who="2" m="56391" /><F33/><W81/><G81/><T25/><D124/><U98/><E98/><V22/><F104/><W11/><G19/><T21/><D8/><U128/><E128/><V133/><F133/><W10/><G10/><T43/><D57/><U109/><E51/><N who="2" m="30751" /><F130/><W122/><G122/><T93/><D91/><U59/><E85/><V101/><F125/><W80/><G97/><T75/><D75/><U99/><E83/><AGARI ba="0,0" hai="18,21,24,25,29,32,36,43,47,83,84,89,92,93" machi="83" ten="30,1000,0" yaku="7,1" doraHai="63" who="0" fromWho="1" sc="163,10,250,-10,250,0,337,0" /><INIT seed="2,0,0,5,5,90" ten="173,240,250,337" oya="2" hai0="71,41,36,55,91,48,49,115,108,80,135,43,7" hai1="15,100,65,73,56,51,62,83,46,6,61,75,37" hai2="70,114,127,104,101,12,8,106,132,111,32,39,64" hai3="117,113,54,17,67,30,86,77,11,10,59,24,125"/><V23/><F32/><W4/><G117/><T1/><D115/><U94/><E37/><V66/><F39/><W99/><G67/><T45/><D108/><U82/><E61/><V33/><F33/><W5/><G125/><T89/><D135/><U76/><E73/><V133/><F114/><W110/><G110/><T44/><D7/><U52/><E82/><V118/><F111/><W88/><G77/><T69/><D1/><U97/><E6/><N who="3" m="2666" /><G99/><T21/><D21/><U79/><E79/><V20/><F118/><W40/><G40/><T31/><D31/><U78/><E78/><V27/><F127/><W19/><G30/><T124/><D124/><U26/><E15/><V38/><F38/><W134/><G134/><N who="2" m="51817" /><F101/><W72/><G72/><T121/><D121/><U130/><E130/><V123/><F123/><W119/><G119/><T22/><D22/><N who="2" m="8234" /><F27/><W96/><G24/><T129/><D129/><U68/><REACH who="1" step="1"/><E26/><REACH who="1" ten="173,230,250,337" step="2"/><V87/><F70/><AGARI ba="0,1" hai="46,51,52,56,62,65,68,70,75,76,83,94,97,100" machi="70" ten="40,8000,1" yaku="1,1,2,1,52,1,54,1,53,0" doraHai="90" doraHaiUra="16" who="1" fromWho="2" sc="173,0,230,90,250,-80,337,0" /><INIT seed="3,0,0,1,2,49" ten="173,320,170,337" oya="3" hai0="23,106,90,79,119,118,108,59,19,94,123,3,99" hai1="47,61,26,73,24,127,62,2,89,60,27,74,132" hai2="43,82,100,57,16,126,84,0,116,7,18,44,56" hai3="29,5,32,69,72,38,17,109,67,120,14,110,28"/><W65/><G38/><T122/><D3/><U30/><E2/><V76/><F116/><W37/><G37/><T97/><D59/><U134/><E127/><V98/><F126/><W11/><G72/><N who="1" m="27754" /><E47/><V81/><F81/><W113/><G69/><T131/><D23/><U40/><E89/><V45/><F7/><W10/><G65/><T8/><D8/><U48/><E48/><N who="2" m="26655" /><F45/><W87/><G87/><T9/><D9/><U133/><E40/><V12/><F0/><N who="3" m="295" /><G67/><T96/><D19/><N who="2" m="7210" /><F12/><W50/><G50/><T80/><D108/><N who="3" m="41577" /><G120/><T70/><D70/><U75/><N who="1" m="27762" /><U125/><DORA hai="93" /><E125/><V86/><F86/><W112/><G32/><AGARI ba="0,0" hai="24,26,27,30,32,60,61,62,132,133,134" m="27762" machi="32" ten="50,1600,0" yaku="20,1" doraHai="49,93" who="1" fromWho="3" sc="173,0,320,16,170,0,337,-16" /><INIT seed="4,0,0,4,4,100" ten="173,336,170,321" oya="0" hai0="40,128,55,118,114,67,101,73,77,126,20,3,15" hai1="69,37,107,11,57,85,119,104,79,6,12,9,91" hai2="124,42,106,92,30,59,123,22,89,13,62,68,49" hai3="72,117,111,1,71,2,93,44,58,83,122,60,121"/><T135/><D118/><U74/><E119/><V64/><F123/><N who="3" m="47115" /><G117/><T19/><D114/><U66/><E69/><V43/><F124/><W45/><G71/><T61/><D126/><U95/><E37/><V133/><F133/><W46/><G93/><T84/><D128/><U80/><E66/><V88/><F106/><W81/><G111/><T76/><D135/><U17/><REACH who="1" step="1"/><E57/><REACH who="1" ten="173,326,170,321" step="2"/><V52/><F30/><W0/><G72/><T115/><D67/><AGARI ba="0,1" hai="0,1,2,44,45,46,58,60,67,81,83" m="47115" machi="67" ten="40,1300,0" yaku="13,1" doraHai="100" who="3" fromWho="0" sc="173,-13,326,0,170,0,321,23" /><INIT seed="5,0,0,3,5,55" ten="160,326,170,344" oya="1" hai0="132,25,119,63,30,102,11,94,122,27,105,68,91" hai1="135,13,107,33,96,37,24,16,7,46,111,120,26" hai2="61,54,124,114,82,118,5,49,3,74,70,121,35" hai3="115,123,52,15,87,64,0,97,66,65,42,58,116"/><U60/><E120/><V31/><F121/><W36/><G0/><T73/><D119/><U22/><E111/><V57/><F118/><W112/><G123/><T43/><D73/><U10/><E135/><V110/><F110/><W92/><G116/><T83/><D132/><U34/><E37/><V76/><F124/><W2/><G2/><T71/><D122/><U104/><E46/><V100/><F100/><W28/><G28/><T14/><D43/><U44/><E44/><V21/><F35/><W117/><G117/><T90/><D105/><U84/><E84/><V108/><F108/><W41/><G15/><T131/><D131/><U85/><E85/><V4/><F3/><W6/><G6/><T59/><D83/><U69/><E96/><V113/><F31/><W95/><G87/><T20/><D27/><U19/><E104/><V29/><F21/><W127/><G127/><T109/><D109/><U98/><E69/><V133/><F29/><W53/><G53/><T39/><D39/><U93/><E107/><V134/><F134/><W23/><G23/><T79/><D79/><U72/><E72/><V48/><F133/><W101/><G95/><T126/><D71/><U9/><E26/><V1/><F1/><W32/><G36/><T47/><D68/><U106/><E106/><V12/><F12/><W77/><G77/><T56/><D126/><U80/><E9/><V40/><F40/><N who="3" m="15467" /><G32/><N who="1" m="12394" /><E7/><N who="2" m="2635" /><F70/><W103/><G103/><T8/><D102/><N who="1" m="60751" /><E80/><V17/><F17/><W38/><G38/><T89/><D94/><U51/><E19/><V62/><F48/><N who="3" m="30983" /><G101/><T67/><D30/><RYUUKYOKU ba="0,0" sc="160,-15,326,-15,170,15,344,15" hai2="49,54,57,61,62,74,76,82,113,114" hai3="64,65,66,92,97,112,115" /><INIT seed="6,1,0,1,1,135" ten="145,311,185,359" oya="2" hai0="123,45,96,41,88,120,98,70,57,63,103,72,58" hai1="106,43,56,84,33,117,133,126,31,128,82,61,79" hai2="53,64,38,40,27,30,3,71,21,35,49,23,7" hai3="105,5,112,89,75,28,44,59,37,90,125,13,11"/><V100/><F100/><W47/><G105/><T6/><D72/><U102/><E117/><V91/><F40/><W42/><G75/><T52/><D70/><U104/><E133/><V32/><F38/><W83/><G44/><T87/><D6/><U9/><E128/><V55/><F55/><W39/><G39/><T67/><D45/><U16/><E43/><V2/><F35/><W97/><G28/><T25/><D41/><U77/><E77/><V134/><F134/><W14/><G14/><T113/><D113/><U129/><E129/><V108/><F108/><W10/><G10/><T111/><D111/><U48/><E48/><V4/><F4/><W46/><G46/><T80/><D25/><U74/><E74/><V69/><F91/><W127/><G59/><T24/><D24/><N who="1" m="18663" /><E102/><V92/><F92/><W101/><G112/><T118/><D118/><U115/><E115/><V95/><F95/><N who="3" m="58559" /><G83/><T19/><D19/><U20/><E9/><N who="2" m="2295" /><F3/><W110/><G110/><T15/><D15/><N who="1" m="9247" /><E104/><V73/><F73/><W132/><G132/><T76/><D76/><U68/><E68/><N who="2" m="26187" /><F64/><W34/><G34/><T66/><D66/><U130/><E106/><V85/><F85/><W107/><G107/><T54/><D67/><U131/><E131/><V8/><F8/><W121/><G121/><T93/><D98/><U60/><E130/><V116/><F116/><W99/><G99/><T51/><AGARI ba="1,0" hai="51,52,54,57,58,63,80,87,88,93,96,103,120,123" machi="51" ten="20,5200,0" yaku="0,1,7,1,54,2" doraHai="135" who="0" fromWho="0" sc="145,55,311,-14,185,-27,359,-14" /><INIT seed="7,0,0,3,4,37" ten="200,297,158,345" oya="3" hai0="89,2,56,4,3,113,132,14,39,87,67,34,18" hai1="7,111,122,33,16,99,19,121,63,104,117,48,115" hai2="6,55,22,118,133,76,80,97,94,75,120,93,69" hai3="36,0,27,45,9,29,59,77,91,8,124,90,81"/><W46/><G124/><T98/><D34/><U60/><E33/><V134/><F69/><W62/><G36/><T114/><D98/><U127/><E127/><V84/><F6/><W65/><G0/><T11/><D39/><U107/><E7/><V51/><F22/><N who="3" m="15607" /><G77/><T109/><D109/><U38/><E38/><V26/><F26/><W95/><G81/><T74/><D74/><U123/><E111/><V79/><F51/><W105/><G105/><N who="1" m="40522" /><E48/><V128/><F55/><W119/><G119/><T15/><D132/><N who="2" m="50794" /><F118/><W135/><G135/><T86/><D56/><U35/><E35/><V92/><F128/><W58/><G58/><T12/><D67/><U129/><E117/><V82/><F120/><W102/><G102/><T106/><D106/><U83/><E129/><V110/><F110/><W57/><G57/><T42/><D3/><U54/><E54/><V61/><F61/><N who="1" m="23625" /><E99/><V50/><F50/><W71/><G71/><T5/><D2/><U25/><E25/><V1/><F1/><W70/><G70/><T31/><D15/><U28/><E28/><V10/><F10/><N who="3" m="4203" /><G91/><T20/><D89/><U44/><E83/><V23/><F23/><W72/><G90/><T85/><D31/><U100/><E100/><V131/><F131/><W21/><G62/><T101/><D101/><AGARI ba="0,0" hai="75,76,79,80,82,84,92,93,94,97,101" m="50794" machi="101" ten="30,3900,0" yaku="20,1,34,2" doraHai="37" who="2" fromWho="0" sc="200,-39,297,0,158,39,345,0" owari="161,-33.9,297,9.7,197,-20.3,345,44.5" /></mjloggm>