<mjloggm ver="2.3"><GO type="169" lobby="0"/><UN n0="%E7%8A%B6%E6%85%8B%E9%BA%BB%E9%9B%80" n1="%E3%81%A1%E3%81%AA%E3%81%A4" n2="%E3%81%B7%E3%81%B7%E3%81%B7%E3%82%93%E3%81%B7" n3="%E3%81%A1%E3%82%83%E3%82%8B%E3%82%81%E3%82%89" dan="18,17,16,17" rate="2249.61,2180.44,2040.81,2222.38" sx="M,M,M,M"/><TAIKYOKU oya="0"/><INIT seed="0,0,0,2,4,14" ten="250,250,250,250" oya="0" hai0="67,7,8,54,84,121,65,35,50,109,6,69,117" hai1="38,126,45,58,0,116,103,23,104,10,134,107,122" hai2="16,51,11,28,32,96,68,43,129,61,125,15,115" hai3="86,55,70,132,75,78,47,56,114,46,9,105,112"/><T41/><D117/><U18/><E116/><V27/><F115/><W98/><G70/><T72/><D121/><U12/><E122/><V82/><F125/><W130/><G130/><T91/><D72/><U90/><E126/><V80/><F129/><W44/><G132/><T89/><D35/><U76/><E134/><V62/><F96/><W81/><G75/><T4/><D109/><U118/><E118/><V26/><F26/><W40/><G40/><T133/><D133/><U100/><E76/><V2/><F2/><W111/><G111/><T19/><D41/><U120/><E120/><V108/><F108/><W71/><G71/><T13/><D69/><U3/><E90/><V85/><F68/><W30/><G30/><T128/><D91/><U127/><E127/><V135/><F135/><W21/><G21/><T42/><D42/><U34/><E34/><V59/><F80/><W131/><G131/><T66/><D128/><U36/><E45/><V106/><F106/><W101/><REACH who="3" step="1"/><G9/><REACH who="3" ten="250,250,250,240" step="2"/><T25/><D25/><U53/><E10/><V83/><F43/><W102/><G102/><T48/><REACH who="0" step="1"/><D54/><REACH who="0" ten="240,250,250,240" step="2"/><U57/><E53/><V87/><F32/><W74/><G74/><T124/><D124/><U17/><E23/><V52/><F27/><W119/><G119/><T93/><AGARI ba="0,2" hai="4,6,7,8,13,19,48,50,65,66,67,84,89,93" machi="93" ten="30,11700,0" yaku="1,1,0,1,8,1,52,1,53,0" doraHai="14" doraHaiUra="39" who="0" fromWho="0" sc="240,137,250,-39,250,-39,240,-39" /><INIT seed="0,1,0,1,2,90" ten="377,211,211,201" oya="0" hai0="73,121,40,42,69,125,22,2,89,43,132,114,35" hai1="118,62,113,70,66,23,61,60,50,81,45,67,83" hai2="98,130,129,107,16,80,97,77,117,88,91,59,46" hai3="10,119,57,39,41,133,127,20,135,92,68,30,120"/><T52/><D114/><U75/><E113/><V54/><F117/><W123/><G119/><T26/><D121/><N who="3" m="46665" /><G68/><T36/><D69/><U72/><E118/><V9/><F46/><N who="3" m="23871" /><G127/><T47/><D35/><U49/><E23/><V93/><F107/><W116/><G116/><T32/><D32/><U105/><E105/><V104/><F104/><W131/><G131/><N who="2" m="50185" /><F77/><W82/><G82/><N who="1" m="31242" /><E45/><V108/><F108/><W34/><G34/><T25/><D73/><N who="1" m="28235" /><E70/><V112/><F112/><W27/><G10/><T74/><D74/><U95/><E95/><N who="2" m="56551" /><F80/><W51/><G92/><T56/><D36/><U110/><E110/><V64/><F64/><AGARI ba="1,0" hai="49,50,60,61,62,64,66,67" m="28235,31242" machi="64" ten="40,2600,0" yaku="28,2" doraHai="90" who="1" fromWho="2" sc="377,0,211,29,211,-29,201,0" /><INIT seed="1,0,0,5,0,132" ten="377,240,182,201" oya="1" hai0="91,72,1,25,130,35,129,70,33,67,20,27,81" hai1="133,99,84,32,57,114,56,115,2,98,102,126,97" hai2="40,43,19,15,41,59,14,118,24,36,116,94,16" hai3="31,85,37,66,125,134,45,92,22,104,51,26,9"/><U44/><E2/><V131/><F131/><N who="0" m="50186" /><D1/><U107/><E32/><V95/><F36/><W123/><G134/><T93/><D27/><U83/><E133/><V76/><F76/><W69/><G104/><T39/><D39/><U42/><E126/><V10/><F24/><W48/><G125/><T12/><D12/><U90/><E115/><V53/><F116/><W34/><G123/><T113/><D113/><U64/><E114/><V60/><REACH who="2" step="1"/><F118/><REACH who="2" ten="377,240,172,201" step="2"/><W29/><G37/><T111/><D25/><U78/><E78/><V65/><F65/><W47/><G66/><T75/><D67/><U124/><E124/><V87/><F87/><W54/><G34/><T117/><D35/><U135/><E135/><V80/><F80/><W13/><G31/><T52/><D81/><U88/><E64/><V122/><F122/><W119/><G119/><T103/><D33/><U46/><E98/><V86/><F86/><W96/><G85/><T55/><D117/><U89/><E99/><V73/><F73/><W101/><G69/><T121/><D70/><U3/><E83/><V28/><F28/><W4/><REACH who="3" step="1"/><G51/><REACH who="3" ten="377,240,172,191" step="2"/><T109/><D121/><U63/><E84/><V0/><F0/><W105/><G105/><T49/><D49/><U108/><E3/><V100/><F100/><W6/><G6/><T128/><D103/><U71/><E71/><V23/><AGARI ba="0,2" hai="10,14,15,16,19,23,40,41,43,53,59,60,94,95" machi="23" ten="30,8000,1" yaku="1,1,0,1,8,1,54,1,53,1" doraHai="132" doraHaiUra="58" who="2" fromWho="2" sc="377,-20,240,-40,172,100,191,-20" /><INIT seed="2,0,0,2,2,3" ten="357,200,272,171" oya="2" hai0="50,93,42,54,69,84,131,29,87,47,56,9,114" hai1="96,101,113,89,65,33,125,46,43,8,36,82,104" hai2="81,59,67,85,130,86,37,126,88,73,28,120,94" hai3="107,78,18,31,98,45,52,79,35,5,12,99,19"/><V106/><F37/><W64/><G64/><T61/><D114/><U72/><E113/><V124/><F120/><W44/><G31/><T103/><D131/><U132/><E33/><V135/><F106/><W129/><G35/><T21/><D69/><U100/><E132/><V40/><F40/><W55/><G12/><T118/><D118/><U13/><E125/><N who="2" m="48235" /><F130/><W95/><G129/><T39/><D39/><U51/><E101/><V122/><F122/><W62/><G62/><T76/><D76/><U102/><E102/><V7/><F28/><W38/><G38/><T115/><D9/><U2/><E65/><V32/><F32/><W105/><REACH who="3" step="1"/><G95/><REACH who="3" ten="357,200,272,161" step="2"/><T110/><D93/><U123/><E123/><V0/><F135/><W133/><G133/><T20/><D61/><U71/><E71/><V74/><F67/><W23/><G23/><T92/><D20/><U70/><E70/><V24/><F24/><W121/><G121/><T117/><D21/><U53/><E2/><V108/><F108/><W22/><G22/><T83/><D110/><U63/><E63/><V58/><F73/><W116/><G116/><T26/><D117/><U48/><E36/><V80/><F74/><W60/><G60/><T109/><D109/><U134/><E134/><V34/><F34/><W49/><G49/><T119/><D119/><U57/><E72/><V77/><F94/><W4/><AGARI ba="0,1" hai="4,5,18,19,44,45,52,55,78,79,98,99,105,107" machi="4" ten="25,16000,3" yaku="1,1,0,1,22,2,52,2,54,1,53,2" doraHai="3" doraHaiUra="41" who="3" fromWho="3" sc="357,-40,200,-40,272,-80,161,170" /><INIT seed="3,0,0,4,5,77" ten="317,160,192,331" oya="3" hai0="99,10,50,46,69,8,0,19,110,41,37,96,132" hai1="42,122,45,17,116,51,23,18,80,91,34,72,35" hai2="43,53,76,103,88,74,59,27,95,134,78,94,22" hai3="84,15,101,114,107,123,29,121,89,61,63,6,5"/><W20/><G114/><T83/><D110/><U118/><E122/><V119/><F119/><N who="1" m="45609" /><E17/><V1/><F1/><W126/><G126/><T56/><D132/><U25/><E72/><V48/><F134/><W93/><G123/><T131/><D131/><U98/><E98/><N who="2" m="59863" /><F74/><W109/><G109/><T92/><D69/><U57/><E57/><V26/><F43/><W44/><G121/><T16/><D96/><U58/><E58/><V120/><F120/><W14/><G101/><T67/><D83/><U127/><E127/><V128/><F128/><W62/><G44/><T111/><D111/><U40/><E40/><V97/><F27/><W113/><G107/><T33/><D33/><U54/><E42/><V12/><F12/><W64/><G113/><T30/><D30/><AGARI ba="0,0" hai="22,26,30,48,53,59,76,78,88,95,97" m="59863" machi="30" ten="30,2000,0" yaku="8,1,54,1" doraHai="77" who="2" fromWho="0" sc="317,-20,160,0,192,20,331,0" /><INIT seed="4,0,0,5,5,47" ten="297,160,212,331" oya="0" hai0="115,96,116,23,65,112,30,42,90,87,104,106,56" hai1="40,127,43,126,110,81,102,51,35,8,46,84,55" hai2="114,54,17,34,73,135,62,69,93,99,5,120,76" hai3="119,20,25,86,3,113,91,38,128,41,60,13,7"/><T37/><D116/><U123/><E123/><V129/><F120/><W109/><G109/><T14/><D42/><U39/><E110/><V59/><F129/><W77/><G128/><T21/><D37/><U66/><E35/><V131/><F114/><N who="0" m="43562" /><D30/><U125/><E66/><V12/><F135/><W100/><G3/><T82/><D14/><U18/><E102/><V74/><F34/><W15/><G41/><T29/><D96/><U134/><E134/><V111/><F111/><W121/><G38/><T118/><D118/><U58/><E43/><V36/><F36/><W31/><G13/><T98/><D98/><U64/><E64/><V28/><F28/><W124/><G15/><T33/><D33/><U61/><E8/><V88/><F5/><W27/><G31/><T26/><D21/><U70/><E18/><V32/><F32/><W19/><G20/><T117/><D117/><U53/><E70/><V24/><F24/><W95/><G25/><T11/><D11/><U50/><E55/><V97/><F131/><W49/><G19/><T75/><D75/><N who="2" m="28682" /><F69/><W79/><G7/><T48/><D65/><U83/><E83/><V22/><F99/><W101/><G121/><T0/><D0/><U85/><E85/><V133/><F133/><W57/><G86/><T2/><D2/><U16/><E16/><V108/><F108/><W72/><G27/><T6/><D6/><U67/><E67/><V92/><F92/><W103/><G113/><T80/><D80/><U89/><AGARI ba="0,0" hai="39,40,46,50,51,53,58,61,81,84,89,125,126,127" machi="89" ten="30,7900,0" yaku="0,1,18,1,52,2" doraHai="47" who="1" fromWho="1" sc="297,-39,160,79,212,-20,331,-20" /><INIT seed="5,0,0,5,5,75" ten="258,239,192,311" oya="1" hai0="119,118,69,103,29,10,88,56,63,117,82,130,26" hai1="83,47,123,9,96,51,108,54,94,24,101,87,68" hai2="15,105,50,111,95,61,115,45,2,6,31,128,62" hai3="21,110,79,27,13,25,109,64,129,114,72,40,73"/><U113/><E123/><V36/><F105/><W1/><G1/><T16/><D69/><U102/><E68/><V4/><F111/><W23/><G114/><T131/><D103/><U104/><E113/><V121/><F121/><W100/><G100/><T43/><D43/><U67/><E108/><V57/><F128/><N who="0" m="49194" /><D10/><U37/><E37/><V84/><F2/><W49/><G129/><T91/><D82/><U98/><E67/><V135/><F135/><W99/><G99/><T53/><D16/><U90/><E9/><V33/><F36/><W116/><G64/><T78/><D78/><U59/><REACH who="1" step="1"/><E24/><REACH who="1" ten="258,229,192,311" step="2"/><V86/><F115/><W65/><G65/><T41/><D41/><U132/><E132/><V126/><F126/><W44/><G27/><T39/><D39/><U42/><E42/><V32/><F4/><W93/><G110/><T3/><D3/><U28/><E28/><V34/><F6/><W80/><G109/><T48/><D26/><U106/><E106/><V133/><F31/><W7/><G25/><T74/><D29/><U122/><E122/><V60/><F133/><W19/><G40/><T77/><D119/><U89/><E89/><N who="0" m="34377" /><D118/><U125/><E125/><V66/><F15/><W70/><G116/><T81/><D117/><U127/><E127/><V120/><F120/><W0/><G70/><T124/><D124/><U134/><E134/><V97/><F66/><W18/><G0/><T55/><D55/><U12/><E12/><V35/><F35/><W71/><G13/><T14/><D14/><U76/><E76/><V58/><F32/><W30/><G71/><RYUUKYOKU ba="0,1" sc="258,15,229,15,192,-15,311,-15" hai0="48,53,56,63,74,77,81" hai1="47,51,54,59,83,87,90,94,96,98,101,102,104" /><INIT seed="5,1,1,5,5,120" ten="273,244,177,296" oya="1" hai0="69,75,129,90,53,83,33,8,28,50,107,47,24" hai1="21,94,13,61,18,105,132,70,125,43,116,92,34" hai2="103,7,81,117,115,98,0,42,111,86,59,118,51" hai3="65,133,44,112,108,36,39,27,87,64,40,30,38"/><U84/><E116/><V80/><F115/><W114/><G87/><T127/><D107/><U62/><E105/><V9/><F111/><W68/><G108/><T79/><D129/><U113/><E34/><V11/><F11/><W14/><G14/><T72/><D69/><U56/><E113/><N who="3" m="43626" /><G133/><T126/><D75/><U32/><E32/><V19/><F19/><W109/><G109/><T67/><D67/><N who="3" m="25673" /><G68/><T49/><D90/><U130/><E132/><V93/><F80/><W119/><G119/><T131/><D131/><U100/><E130/><V121/><F121/><W135/><G135/><T54/><REACH who="0" step="1"/><D8/><REACH who="0" ten="263,244,177,296" step="2"/><U1/><E70/><V55/><REACH who="2" step="1"/><F42/><REACH who="2" ten="263,244,167,296" step="2"/><W10/><G10/><T41/><D41/><U31/><E43/><V46/><F46/><AGARI ba="1,3" hai="24,28,33,46,47,49,50,53,54,72,79,83,126,127" machi="46" ten="40,2600,0" yaku="1,1,9,1,53,0" doraHai="120" doraHaiUra="95" who="0" fromWho="2" sc="263,59,244,0,167,-29,296,0" /><INIT seed="6,0,0,1,4,1" ten="322,244,138,296" oya="2" hai0="31,28,113,62,110,0,60,47,99,63,24,52,91" hai1="84,76,16,121,4,78,132,9,111,70,74,129,94" hai2="66,49,85,53,77,127,67,73,123,116,32,68,119" hai3="61,114,30,69,19,26,124,37,118,128,83,36,56"/><V27/><F123/><W46/><G118/><T102/><D110/><U64/><E111/><V10/><F73/><W109/><G109/><T45/><D0/><U12/><E74/><V80/><F127/><W81/><G124/><T93/><D113/><U112/><E112/><V3/><F116/><W23/><G69/><T115/><D115/><U57/><E70/><V130/><F130/><W33/><G128/><T87/><D52/><U15/><E129/><V117/><F117/><W51/><G114/><T125/><D125/><U126/><E126/><V29/><F119/><W95/><G37/><T39/><D39/><U103/><E132/><V82/><F68/><W122/><G36/><T38/><D38/><U17/><E121/><V20/><F32/><W72/><G72/><T65/><D65/><U104/><E104/><V98/><F80/><W71/><G71/><T18/><D18/><U108/><E108/><V6/><REACH who="2" step="1"/><F98/><REACH who="2" ten="322,244,128,296" step="2"/><W79/><G122/><T75/><D75/><U131/><E131/><V5/><F5/><W8/><G83/><T7/><D7/><U40/><E4/><V21/><F21/><W89/><G33/><T43/><D99/><U2/><E78/><V55/><F55/><N who="3" m="33951" /><G81/><T134/><D134/><U106/><E76/><V25/><F25/><W41/><G79/><T14/><D24/><U107/><E84/><V96/><F96/><N who="3" m="57455" /><G8/><T48/><D87/><U135/><E9/><V88/><F88/><W13/><G13/><T90/><D90/><U105/><E12/><V22/><F22/><W120/><G120/><T100/><D14/><U44/><E15/><RYUUKYOKU ba="0,1" sc="322,-15,244,-15,128,15,296,15" hai2="3,6,10,20,27,29,49,53,66,67,77,82,85" hai3="19,23,26,30,41,46,51" /><INIT seed="6,1,1,5,3,102" ten="307,229,143,311" oya="2" hai0="50,97,13,77,65,114,78,56,128,27,35,51,112" hai1="53,5,45,15,86,73,70,62,98,82,79,0,111" hai2="76,61,81,32,24,132,100,14,22,7,54,91,116" hai3="84,17,68,94,3,63,26,106,85,11,20,40,52"/><V115/><F116/><W87/><G40/><T44/><D128/><U96/><E111/><V47/><F115/><N who="0" m="44074" /><D13/><U33/><E33/><V38/><F132/><W4/><G106/><T28/><D97/><U69/><E0/><V6/><F100/><W9/><G9/><T95/><D95/><U60/><E73/><V108/><F108/><W99/><G68/><T126/><D126/><U30/><E30/><V19/><F91/><W118/><G118/><T83/><D83/><U1/><E1/><V23/><F32/><W71/><G71/><T125/><D125/><U31/><E31/><V92/><F92/><W8/><G4/><T39/><D39/><U29/><E29/><N who="2" m="17559" /><F38/><W131/><G131/><T110/><D110/><U48/><E69/><V41/><F41/><W57/><REACH who="3" step="1"/><G3/><REACH who="3" ten="307,229,143,301" step="2"/><T74/><D74/><U117/><E70/><V10/><F10/><W127/><G127/><T104/><D104/><U109/><E109/><V129/><F129/><W55/><G55/><N who="0" m="31863" /><D65/><U89/><E117/><V80/><F6/><W119/><G119/><T101/><D101/><AGARI ba="1,2" hai="8,11,17,20,26,52,57,63,84,85,87,94,99,101" machi="101" ten="40,5200,0" yaku="1,1,8,1,54,1,53,0" doraHai="102" doraHaiUra="107" who="3" fromWho="0" sc="307,-55,229,0,143,0,301,75" /><INIT seed="7,0,0,5,2,68" ten="252,229,143,376" oya="3" hai0="60,63,44,30,28,64,56,72,135,82,37,127,57" hai1="38,110,85,107,133,134,55,47,66,41,1,99,17" hai2="124,35,33,70,77,120,100,118,75,111,34,108,115" hai3="119,6,101,65,86,97,87,131,104,92,103,122,12"/><W18/><G6/><T16/><D127/><U76/><E110/><V126/><F70/><W58/><G119/><T62/><D135/><N who="1" m="51723" /><E1/><V29/><F100/><W105/><G131/><T132/><D132/><U95/><E107/><V80/><F118/><W7/><G7/><T10/><D72/><U31/><E31/><V98/><F120/><W40/><G40/><T90/><D37/><U20/><E66/><V96/><F29/><N who="0" m="11370" /><D44/><U125/><E125/><V61/><F115/><W81/><G122/><T13/><D64/><U112/><E112/><V39/><F61/><W128/><G128/><T114/><D114/><U22/><E55/><V93/><F39/><W89/><G103/><T54/><D54/><U109/><E109/><V2/><F2/><W36/><G36/><T25/><D25/><U94/><E17/><V78/><F108/><W79/><G58/><T23/><D10/><U106/><E106/><V0/><F0/><W24/><G24/><T83/><D83/><N who="1" m="47335" /><E95/><V53/><F111/><W9/><G65/><T91/><D82/><AGARI ba="0,0" hai="9,12,18,79,81,82,86,87,89,92,97,101,104,105" machi="82" ten="30,1500,0" yaku="7,1" doraHai="68" who="3" fromWho="0" sc="252,-15,229,0,143,0,376,15" owari="237,3.7,229,-17.1,143,-35.7,391,49.1" /></mjloggm>