<mjloggm ver="2.3"><GO type="169" lobby="0"/><UN n0="%62%73%64%5F%33" n1="%E6%9C%88%E5%A4%9C%E3%81%AB%E9%A2%A8" n2="%70%6F%6E%2D%65%6E" n3="%E8%B6%85%E7%B5%B6%E5%82%99%E9%95%B7%E7%82%AD" dan="16,16,16,17" rate="2068.48,2072.71,2155.83,2078.63" sx="F,M,F,M"/><TAIKYOKU oya="0"/><INIT seed="0,0,0,3,0,100" ten="250,250,250,250" oya="0" hai0="78,65,37,36,56,20,3,51,90,119,105,125,62" hai1="88,28,129,30,64,111,61,9,79,73,130,133,68" hai2="99,113,75,33,32,45,11,27,102,109,1,117,120" hai3="128,110,126,91,4,108,43,80,95,112,107,53,6"/><T118/><D3/><U123/><E123/><V25/><F120/><W74/><G112/><T94/><D78/><U0/><E111/><N who="3" m="42538" /><G128/><N who="1" m="49258" /><E133/><V26/><F109/><W70/><G70/><T19/><D125/><U8/><E88/><V85/><F75/><W92/><G107/><T127/><D127/><U121/><E121/><V104/><F113/><W122/><G126/><T82/><D82/><N who="1" m="45423" /><E0/><V86/><F117/><W60/><G122/><T135/><D135/><U38/><E38/><V66/><F45/><W7/><G74/><T77/><D77/><U40/><E40/><V84/><REACH who="2" step="1"/><F66/><REACH who="2" ten="250,250,240,250" step="2"/><W42/><G42/><T115/><D115/><U58/><E68/><V10/><F10/><AGARI ba="0,1" hai="8,9,10,28,30,58,61,64" m="45423,49258" machi="10" ten="30,1000,0" yaku="19,1" doraHai="100" who="1" fromWho="2" sc="250,0,250,20,240,-10,250,0" /><INIT seed="1,0,0,2,4,107" ten="250,270,230,250" oya="1" hai0="113,16,122,78,35,23,19,2,97,9,53,93,82" hai1="81,8,7,77,50,44,135,105,56,67,65,129,84" hai2="114,125,68,91,80,106,30,96,79,71,99,47,54" hai3="103,130,27,118,1,57,83,63,72,133,123,66,3"/><U134/><E105/><V64/><F125/><W34/><G123/><T45/><D113/><U22/><E129/><V48/><F114/><W101/><G130/><T26/><D122/><U61/><E22/><V92/><F64/><W5/><G133/><T76/><D35/><U60/><E61/><V115/><F115/><W37/><G37/><T31/><D78/><U88/><E67/><V104/><F30/><W112/><G112/><T0/><D0/><U28/><E28/><V24/><F24/><W10/><G3/><T109/><D109/><U100/><E100/><V126/><F126/><W98/><G118/><T18/><D2/><U102/><E102/><V85/><F104/><W95/><G101/><T119/><D119/><U17/><E7/><V49/><F106/><W55/><G66/><T52/><D45/><U87/><E17/><V11/><F99/><W86/><G27/><T127/><D9/><U42/><REACH who="1" step="1"/><E8/><REACH who="1" ten="250,260,230,250" step="2"/><V4/><F11/><W69/><G10/><T29/><D29/><U74/><E74/><V111/><F4/><W132/><G72/><T58/><D127/><U124/><E124/><V128/><F128/><W38/><G5/><T131/><D131/><U41/><E41/><V13/><F111/><W32/><G1/><T40/><D40/><U14/><E14/><V33/><F13/><W12/><G12/><T51/><D53/><U43/><E43/><V20/><F20/><W39/><G34/><T90/><D31/><U108/><E108/><V59/><F33/><W6/><G32/><T21/><D21/><U110/><E110/><V36/><F36/><RYUUKYOKU ba="0,1" sc="250,10,260,10,230,10,250,-30" hai0="16,18,19,23,26,51,52,58,76,82,90,93,97" hai1="42,44,50,56,60,65,77,81,84,87,88,134,135" hai2="47,48,49,54,59,68,71,79,80,85,91,92,96" /><INIT seed="1,1,1,2,1,40" ten="260,270,240,220" oya="1" hai0="69,115,53,132,7,31,44,75,58,121,123,21,78" hai1="70,14,135,12,37,100,10,22,64,83,16,130,74" hai2="102,94,38,103,73,126,45,52,15,81,98,62,104" hai3="41,92,1,109,80,42,27,72,108,133,66,113,59"/><U18/><E130/><V99/><F126/><W105/><G105/><T54/><D115/><U28/><E135/><V76/><F15/><W97/><G1/><T119/><D119/><U111/><E37/><V34/><F34/><W95/><G113/><T116/><D116/><U114/><E114/><V118/><F118/><W131/><G131/><T120/><D69/><U96/><E111/><N who="3" m="42570" /><G133/><T49/><D132/><U106/><E28/><V2/><F2/><W6/><G6/><T5/><D78/><U25/><E14/><V3/><F3/><W55/><G66/><T19/><D75/><U29/><E18/><V122/><F122/><W11/><G11/><T65/><D65/><U127/><E127/><V82/><F82/><W77/><G27/><T61/><REACH who="0" step="1"/><D31/><REACH who="0" ten="250,270,240,220" step="2"/><U8/><E70/><V68/><F68/><W90/><G95/><T13/><AGARI ba="1,2" hai="5,7,13,19,21,44,49,53,54,58,61,120,121,123" machi="13" ten="30,12000,2" yaku="1,1,2,1,0,1,13,1,52,1,53,1" doraHai="40" doraHaiUra="47" who="0" fromWho="0" sc="250,143,270,-61,240,-31,220,-31" /><INIT seed="2,0,0,4,2,77" ten="393,209,209,189" oya="2" hai0="59,94,51,108,129,46,70,2,36,22,20,32,128" hai1="17,71,88,10,53,110,84,47,1,41,31,78,37" hai2="73,12,49,27,111,9,66,5,118,29,112,102,50" hai3="98,99,24,116,40,119,114,132,52,76,35,68,42"/><V43/><F112/><W7/><G68/><T123/><D123/><U58/><E110/><V54/><F118/><W74/><G114/><T106/><D106/><U23/><E71/><V30/><F111/><W127/><G7/><T18/><D70/><U48/><E31/><V95/><F66/><W126/><G24/><T11/><D32/><U19/><E78/><V81/><F43/><W4/><G4/><T96/><D36/><U39/><E1/><V33/><F30/><W38/><G35/><T45/><D108/><U8/><E37/><V63/><F63/><W117/><G132/><T104/><D104/><U6/><E6/><V130/><F130/><W107/><G107/><T92/><D59/><U26/><REACH who="1" step="1"/><E17/><REACH who="1" ten="393,199,209,189" step="2"/><V28/><F28/><W122/><G38/><T105/><D18/><U16/><E16/><V101/><F29/><W65/><G76/><T21/><D2/><U135/><E135/><V69/><F69/><W80/><G119/><T85/><D128/><U124/><E124/><V61/><F33/><W64/><G117/><T89/><D129/><U56/><E56/><V121/><F5/><W79/><G116/><T97/><D46/><U83/><AGARI ba="0,1" hai="8,10,19,23,26,39,41,47,48,53,58,83,84,88" machi="83" ten="20,8000,1" yaku="1,1,0,1,7,1,52,1,54,1,53,0" doraHai="77" doraHaiUra="90" who="1" fromWho="1" sc="393,-20,199,90,209,-40,189,-20" /><INIT seed="3,0,0,2,5,35" ten="373,289,169,169" oya="3" hai0="75,32,117,87,126,128,59,56,1,76,70,53,7" hai1="79,33,113,50,45,114,134,129,106,93,42,36,81" hai2="54,26,30,122,24,130,82,17,14,109,91,69,135" hai3="99,92,9,88,21,34,22,120,118,123,85,105,111"/><W19/><G34/><T102/><D117/><U73/><E129/><V38/><F109/><W72/><G72/><T84/><D70/><U127/><E127/><V96/><F130/><W44/><G118/><T103/><D32/><U78/><E134/><V97/><F135/><W49/><G111/><T48/><D128/><U27/><E93/><V83/><F122/><W125/><G125/><T112/><D75/><U68/><E50/><V80/><F69/><W61/><G61/><T15/><D1/><U47/><E47/><V55/><F38/><W86/><G120/><T98/><D103/><U12/><E12/><V110/><F110/><W89/><G123/><T11/><D112/><U62/><E78/><V100/><F91/><W66/><G66/><T115/><D115/><U52/><E52/><N who="2" m="20011" /><F30/><W121/><G105/><T39/><D39/><U90/><E90/><V104/><F104/><W5/><G121/><T133/><D133/><U132/><E106/><V8/><F100/><W116/><G116/><T63/><D76/><U131/><E131/><V67/><F67/><W95/><G99/><AGARI ba="0,0" hai="8,14,17,24,26,80,82,83,96,97,99" m="20011" machi="99" ten="30,2000,0" yaku="8,1,54,1" doraHai="35" who="2" fromWho="3" sc="373,0,289,0,169,20,169,-20" /><INIT seed="4,0,0,2,1,63" ten="373,289,189,149" oya="0" hai0="44,18,20,45,99,35,42,9,100,37,119,41,31" hai1="97,55,64,110,74,8,91,98,26,95,80,96,106" hai2="54,133,15,117,24,68,32,6,1,105,85,52,114" hai3="126,118,77,34,79,61,107,53,49,86,70,113,73"/><T62/><D119/><U94/><E110/><V19/><F105/><W132/><G34/><T46/><D46/><U131/><E131/><V82/><F114/><W58/><G107/><T36/><D9/><U48/><E106/><V134/><F68/><W5/><G73/><T89/><D89/><U50/><E26/><V72/><F72/><W135/><G118/><T121/><D121/><U128/><E128/><V11/><F117/><W59/><G70/><T122/><D122/><U0/><E48/><V29/><F134/><N who="3" m="51243" /><G113/><T60/><D31/><U130/><E130/><V13/><F13/><W129/><G129/><T56/><D35/><U33/><E33/><V127/><F127/><W102/><G102/><T93/><REACH who="0" step="1"/><D56/><REACH who="0" ten="363,289,189,149" step="2"/><U23/><E8/><V69/><F69/><W75/><G126/><T57/><D57/><U124/><E91/><N who="2" m="51639" /><F133/><W51/><G5/><T7/><D7/><U88/><E88/><V47/><F47/><W81/><G79/><T103/><D103/><U92/><E124/><V111/><F111/><W25/><G59/><T39/><D39/><U109/><E109/><V87/><F6/><W43/><G43/><T3/><D3/><U123/><E0/><V22/><F1/><W112/><G112/><T90/><D90/><U66/><E123/><V101/><F32/><W71/><G71/><T76/><D76/><N who="1" m="44055" /><E23/><V10/><F101/><W83/><G51/><T14/><AGARI ba="0,1" hai="14,18,20,36,37,41,42,44,45,60,62,93,99,100" machi="14" ten="20,18000,2" yaku="1,1,0,1,7,1,9,1,53,2" doraHai="63" doraHaiUra="40" who="0" fromWho="0" sc="363,190,289,-60,189,-60,149,-60" /><INIT seed="4,1,0,5,0,135" ten="553,229,129,89" oya="0" hai0="131,78,125,14,9,22,132,129,44,133,82,25,115" hai1="1,109,4,111,67,17,27,103,31,5,12,2,24" hai2="40,87,30,119,79,92,6,47,21,63,58,90,97" hai3="102,23,93,52,26,8,53,80,113,104,68,66,59"/><T85/><D115/><U118/><E103/><V7/><F119/><W105/><G68/><T56/><D56/><U117/><E67/><V45/><F79/><W116/><G116/><T107/><D107/><U10/><E17/><V60/><F60/><N who="3" m="38175" /><G113/><T16/><D125/><U46/><E46/><V38/><F45/><W94/><G94/><T121/><D44/><U64/><E64/><V61/><F61/><W74/><G8/><T89/><D78/><U84/><E84/><V33/><F33/><W95/><G95/><T70/><D121/><U18/><E18/><V15/><F97/><N who="3" m="59695" /><G80/><T50/><D50/><U72/><E72/><V55/><REACH who="2" step="1"/><F15/><REACH who="2" ten="553,229,119,89" step="2"/><W98/><G74/><T126/><D70/><U0/><E12/><V128/><F128/><N who="0" m="49226" /><D126/><U99/><E0/><V32/><F32/><W54/><G98/><T106/><D106/><U77/><E77/><V81/><F81/><W88/><G88/><T112/><D112/><U34/><E99/><V3/><F3/><W13/><G13/><T48/><D48/><U71/><E34/><V124/><F124/><W36/><G36/><T19/><AGARI ba="1,1" hai="9,14,16,19,22,25,82,85,89,132,133" m="49226" machi="19" ten="30,3000,0" yaku="19,1,54,1" doraHai="135" who="0" fromWho="0" sc="553,43,229,-11,119,-11,89,-11" /><INIT seed="4,2,0,1,4,114" ten="596,218,108,78" oya="0" hai0="54,90,101,58,78,106,28,100,77,95,91,66,17" hai1="26,37,53,56,117,76,102,22,20,46,118,68,119" hai2="23,62,85,18,61,21,49,104,81,48,103,69,16" hai3="45,131,44,36,2,24,60,15,6,97,38,47,14"/><T10/><D66/><U9/><E68/><V115/><F104/><W7/><G131/><T1/><D28/><U73/><E102/><V30/><F103/><W42/><G97/><T110/><D110/><U105/><E105/><V11/><F115/><W120/><G120/><T84/><D106/><U135/><E135/><V5/><F30/><W59/><G24/><T94/><D1/><U57/><E9/><V109/><F109/><W0/><G42/><T13/><D78/><U51/><E37/><N who="3" m="14442" /><G59/><T32/><D77/><U98/><E98/><V112/><F112/><W80/><G80/><T93/><D93/><U19/><REACH who="1" step="1"/><E20/><REACH who="1" ten="596,208,108,78" step="2"/><V111/><F23/><W79/><G2/><T34/><D34/><U96/><E96/><V65/><F111/><W67/><G0/><T40/><D32/><U125/><E125/><V63/><F11/><W25/><G7/><T88/><D101/><U52/><E52/><V70/><F5/><W27/><G6/><T134/><D54/><U116/><N who="1" m="29696" /><DORA hai="133" /><U122/><E122/><V12/><F69/><W128/><G67/><T41/><D10/><U87/><E87/><V113/><F113/><W29/><G128/><T55/><D55/><U126/><E126/><V3/><F3/><W132/><G132/><T64/><D84/><U123/><E123/><V124/><F124/><W33/><G33/><T107/><D100/><U127/><E127/><V43/><F70/><W129/><G129/><T4/><D107/><U130/><E130/><V89/><F65/><W31/><G31/><T35/><D134/><U74/><E74/><V108/><F108/><RYUUKYOKU ba="2,1" sc="596,-10,208,30,108,-10,78,-10" hai1="19,22,26,46,51,53,56,57,73,76" /><INIT seed="5,3,1,5,1,45" ten="586,238,98,68" oya="1" hai0="114,54,126,115,53,41,101,82,39,117,19,127,121" hai1="26,75,29,84,6,110,102,129,38,99,123,49,37" hai2="0,25,111,91,56,14,118,30,57,59,31,35,24" hai3="134,89,130,128,109,23,66,135,44,5,34,32,105"/><U4/><E75/><V78/><F111/><W13/><G105/><T43/><D117/><U36/><E123/><V86/><F118/><W10/><G109/><T72/><D121/><U116/><E116/><V96/><F0/><W68/><G66/><T98/><D19/><U79/><E129/><N who="3" m="49770" /><G68/><T27/><D27/><U73/><E73/><V8/><F78/><W22/><G89/><T55/><D39/><U122/><E122/><V80/><F96/><W7/><G7/><T46/><D82/><U2/><E49/><V106/><F106/><W16/><G23/><T87/><D87/><U74/><E84/><V15/><REACH who="2" step="1"/><F8/><REACH who="2" ten="586,238,88,68" step="2"/><W60/><G60/><T76/><D76/><U12/><E2/><V21/><AGARI ba="3,2" hai="14,15,21,24,25,30,31,35,56,57,59,80,86,91" machi="21" ten="30,4000,0" yaku="1,1,2,1,0,1,53,0" doraHai="45" doraHaiUra="131" who="2" fromWho="2" sc="586,-13,238,-23,88,69,68,-13" /><INIT seed="6,0,0,3,2,83" ten="573,215,157,55" oya="2" hai0="24,44,41,112,22,91,73,70,72,78,88,98,32" hai1="131,97,122,84,67,19,64,94,8,89,124,59,16" hai2="50,129,29,125,71,2,33,77,14,21,120,126,103" hai3="104,87,118,85,23,90,47,130,28,12,0,65,95"/><V101/><F2/><W39/><G104/><T36/><D70/><U107/><E124/><N who="2" m="47723" /><F120/><W102/><G0/><T55/><D32/><U20/><E131/><V113/><F113/><W75/><G75/><T6/><D6/><U30/><E107/><V13/><F71/><W4/><G102/><N who="2" m="38921" /><F33/><W110/><G110/><T100/><D112/><U96/><E122/><V53/><F77/><W46/><G39/><T40/><D40/><U117/><E117/><V57/><F129/><W134/><G118/><T56/><D78/><U108/><E108/><V119/><F119/><W34/><G34/><T132/><D73/><U123/><E30/><V109/><F109/><W61/><G130/><T18/><D132/><U127/><E123/><V76/><F76/><W54/><G134/><T99/><D99/><N who="1" m="37963" /><E59/><V92/><F92/><W25/><G47/><T3/><D72/><U80/><E94/><V111/><F111/><W27/><G28/><T51/><D3/><U38/><E38/><V35/><F35/><W17/><G95/><AGARI ba="0,0" hai="18,22,24,36,41,44,51,55,56,88,91,95,98,100" machi="95" ten="30,2000,0" yaku="7,1,54,1" doraHai="83" who="0" fromWho="3" sc="573,20,215,0,157,0,55,-20" /><INIT seed="7,0,0,4,1,112" ten="593,215,157,35" oya="3" hai0="31,61,127,30,131,17,1,28,7,20,106,38,97" hai1="49,57,51,133,56,135,129,52,83,89,81,39,3" hai2="101,73,126,75,90,14,100,45,50,4,53,13,117" hai3="134,103,74,107,40,64,44,66,34,120,94,8,25"/><W130/><G74/><T47/><D106/><U21/><E39/><V2/><F2/><W99/><G120/><T78/><D97/><U59/><E3/><V115/><F75/><W23/><G34/><T33/><D78/><U102/><E102/><V92/><F115/><W19/><G134/><N who="1" m="51210" /><E129/><V46/><F126/><W22/><G130/><T88/><D31/><U54/><E89/><V58/><F117/><W70/><G70/><T16/><D17/><U69/><E69/><V82/><F82/><N who="1" m="31241" /><E21/><V86/><F73/><W18/><G8/><T12/><D61/><U110/><E110/><V132/><F132/><W77/><G77/><T114/><D12/><N who="2" m="4714" /><F4/><W68/><G68/><T121/><D88/><U36/><E36/><V80/><F80/><W0/><G107/><T124/><D47/><AGARI ba="0,0" hai="47,49,51,52,54,56,57,59" m="31241,51210" machi="47" ten="30,2000,0" yaku="20,1,54,1" doraHai="112" who="1" fromWho="0" sc="593,-20,215,20,157,0,35,0" /><AGARI ba="0,0" hai="45,46,47,50,53,58,86,90,92,100,101" m="4714" machi="47" ten="30,1000,0" yaku="8,1" doraHai="112" who="2" fromWho="0" sc="573,-10,235,0,157,10,35,0" owari="563,66.3,235,3.5,167,-23.3,35,-46.5" /></mjloggm>