<mjloggm ver="2.3"><GO type="169" lobby="0"/><UN n0="%E3%82%88%E3%81%86%E3%81%B8%E3%83%BC%58" n1="%E3%82%80%E3%81%97%E6%AD%AF" n2="%E3%83%97%E3%83%AC%E3%82%B9%E3%83%97" n3="%E7%8F%BE%E5%A0%B4%E3%81%AD%E3%81%93" dan="17,17,16,16" rate="2239.65,2189.06,2175.39,2069.74" sx="M,M,M,M"/><TAIKYOKU oya="0"/><INIT seed="0,0,0,2,1,129" ten="250,250,250,250" oya="0" hai0="117,23,134,26,53,86,19,130,17,111,44,5,42" hai1="13,47,70,69,87,135,74,100,85,49,88,127,133" hai2="94,50,3,15,126,21,40,28,33,81,83,6,51" hai3="14,0,95,46,79,63,52,80,103,10,98,9,38"/><T48/><D117/><U120/><E120/><V43/><F126/><W20/><G0/><T32/><D130/><U1/><E1/><V68/><F68/><W82/><G38/><T128/><D128/><U16/><E74/><V55/><F33/><W31/><G82/><T96/><D32/><U75/><E75/><V66/><F66/><W114/><G114/><T8/><D111/><U104/><E127/><V109/><F109/><W67/><G67/><T97/><D19/><U35/><E35/><V78/><F94/><W29/><G20/><T61/><D86/><U18/><E100/><V93/><F3/><W45/><G9/><T36/><D61/><U121/><E104/><V119/><F119/><W89/><G103/><T76/><D76/><U30/><E30/><N who="3" m="11274" /><G80/><T37/><D134/><N who="1" m="51211" /><E121/><V101/><F101/><W99/><G99/><T58/><REACH who="0" step="1"/><D37/><REACH who="0" ten="240,250,250,250" step="2"/><U73/><E73/><V113/><F78/><W2/><G79/><T105/><D105/><U112/><E112/><V65/><F113/><W131/><G131/><T71/><D71/><U59/><E87/><V25/><F28/><W108/><G108/><T34/><D34/><U41/><E18/><V64/><F6/><N who="3" m="3415" /><G2/><AGARI ba="0,1" hai="2,5,8,17,23,26,36,42,44,48,53,58,96,97" machi="2" ten="30,2900,0" yaku="1,1,7,1,53,0" doraHai="129" doraHaiUra="60" who="0" fromWho="3" sc="240,39,250,0,250,0,250,-29" /><INIT seed="0,1,0,4,1,5" ten="279,250,250,221" oya="0" hai0="60,96,11,98,110,68,44,52,107,101,79,111,106" hai1="100,30,42,36,123,83,132,91,130,35,70,40,33" hai2="75,24,95,22,61,92,62,66,89,113,102,0,112" hai3="21,58,54,6,18,82,80,16,8,77,7,38,46"/><T65/><D79/><U133/><E123/><V25/><F75/><W135/><G135/><T49/><REACH who="0" step="1"/><D11/><REACH who="0" ten="269,250,250,221" step="2"/><U27/><E132/><V119/><F112/><W103/><G77/><T45/><D45/><U64/><E133/><V99/><F113/><W118/><G46/><T41/><D41/><U31/><E42/><V29/><F119/><W56/><G8/><T37/><D37/><U117/><E40/><V108/><F108/><W47/><G47/><T39/><D39/><U69/><E36/><V53/><F0/><W71/><G38/><T57/><D57/><U72/><E117/><V76/><F76/><W134/><G134/><T59/><D59/><U88/><E70/><V126/><F126/><W34/><G71/><T26/><D26/><U128/><E27/><V28/><F25/><W105/><G54/><T19/><D19/><U15/><E69/><V17/><F53/><W104/><G118/><T85/><D85/><U20/><E72/><V90/><F29/><W122/><G122/><T94/><D94/><U4/><E31/><V124/><F124/><W86/><G86/><T127/><D127/><U48/><E30/><V131/><F28/><W1/><G1/><T125/><D125/><U67/><E35/><V23/><F24/><W10/><G10/><T114/><D114/><U2/><E33/><V3/><F3/><W129/><G34/><T81/><D81/><U43/><E83/><V63/><F17/><W97/><G18/><T74/><D74/><U32/><E32/><V84/><F84/><W87/><G87/><T116/><D116/><U13/><E2/><RYUUKYOKU ba="1,1" sc="269,30,250,-10,250,-10,221,-10" hai0="44,49,52,60,65,68,96,98,101,106,107,110,111" /><INIT seed="0,2,1,3,3,20" ten="299,240,240,211" oya="0" hai0="19,44,24,131,114,46,100,77,68,30,84,103,69" hai1="113,74,116,55,63,42,47,83,7,91,9,126,1" hai2="65,0,110,31,82,43,60,135,23,66,89,109,92" hai3="132,101,36,6,97,78,48,28,11,64,32,57,45"/><T108/><D114/><U27/><E116/><V54/><F135/><W121/><G132/><T56/><D131/><U99/><E113/><V120/><F120/><W49/><G121/><T129/><D129/><U15/><E126/><V95/><F0/><W96/><G78/><T134/><D134/><U21/><E99/><V98/><F43/><W71/><G71/><T39/><D39/><U125/><E125/><V53/><F66/><W14/><G36/><T34/><D56/><U106/><E106/><V33/><F33/><W124/><G124/><T12/><D69/><U117/><E117/><V2/><F2/><W51/><G96/><T90/><D77/><U67/><E55/><V94/><F94/><W58/><G64/><T26/><D68/><U38/><E91/><V119/><F119/><W29/><G45/><N who="0" m="17515" /><D30/><N who="3" m="11881" /><G32/><T130/><D34/><U73/><E83/><V18/><F31/><W93/><AGARI ba="2,1" hai="6,11,14,48,49,51,57,58,93,97,101" m="11881" machi="93" ten="30,1100,0" yaku="8,1" doraHai="20" who="3" fromWho="3" sc="299,-7,240,-5,240,-5,211,27" /><INIT seed="1,0,0,2,0,91" ten="292,235,235,238" oya="1" hai0="90,108,56,94,31,32,7,134,62,12,40,13,60" hai1="17,135,71,5,45,125,20,129,21,41,68,93,92" hai2="104,52,36,112,39,11,118,64,77,67,96,88,58" hai3="25,81,59,102,101,54,100,98,0,15,132,107,114"/><U2/><E125/><V73/><F118/><W30/><G0/><T75/><D75/><U123/><E123/><V8/><F112/><W86/><G114/><T57/><D32/><U83/><E129/><V97/><F73/><W50/><G15/><N who="0" m="5707" /><D108/><U80/><E135/><V99/><F77/><W109/><G132/><T44/><D31/><U66/><E2/><V84/><F104/><W6/><G6/><T63/><D7/><U43/><E5/><V82/><F36/><W47/><G109/><T53/><D134/><U78/><E66/><N who="2" m="25131" /><F39/><W79/><REACH who="3" step="1"/><G47/><REACH who="3" ten="292,235,235,228" step="2"/><T16/><D44/><U65/><E45/><V70/><F70/><W106/><G106/><T28/><D57/><U131/><E131/><V3/><F3/><W126/><G126/><T121/><D121/><U69/><E69/><V55/><F55/><W38/><G38/><T51/><D40/><U120/><E65/><V35/><F35/><AGARI ba="0,1" hai="25,30,35,50,54,59,79,81,86,98,100,101,102,107" machi="35" ten="30,3900,0" yaku="1,1,7,1,53,1" doraHai="91" doraHaiUra="24" who="3" fromWho="2" sc="292,0,235,0,235,-39,228,49" /><INIT seed="2,0,0,1,4,10" ten="292,235,196,277" oya="2" hai0="81,52,94,82,9,68,42,51,123,27,103,59,96" hai1="0,12,30,5,67,129,73,80,85,70,6,108,7" hai2="16,60,78,61,132,74,75,66,15,69,114,41,48" hai3="21,95,29,102,90,14,131,87,28,130,133,35,39"/><V71/><F114/><W93/><G39/><T26/><D123/><U105/><E108/><V63/><F132/><W91/><G102/><T18/><D68/><U122/><E129/><N who="3" m="49162" /><G35/><T84/><D42/><U32/><E73/><V44/><F78/><W76/><G76/><T54/><D54/><U36/><E36/><V117/><F117/><W106/><G106/><T112/><D112/><U121/><E105/><V62/><REACH who="2" step="1"/><F71/><REACH who="2" ten="292,235,186,277" step="2"/><W45/><G133/><T115/><D115/><U113/><E113/><V110/><F110/><W19/><G45/><T104/><D104/><U64/><E70/><V92/><F92/><W127/><G127/><T43/><D82/><U101/><E80/><V125/><F125/><W11/><G21/><AGARI ba="0,1" hai="15,16,21,41,44,48,60,61,62,63,66,69,74,75" machi="21" ten="40,7700,0" yaku="1,1,52,1,54,1,53,0" doraHai="10" doraHaiUra="126" who="2" fromWho="3" sc="292,0,235,0,186,87,277,-77" /><INIT seed="2,1,0,4,2,30" ten="292,235,273,200" oya="2" hai0="120,86,119,71,96,93,99,124,90,37,46,113,80" hai1="105,52,39,33,74,97,92,67,134,126,85,56,20" hai2="26,65,25,47,132,10,108,0,38,76,66,114,98" hai3="102,27,83,54,128,70,81,18,78,107,50,62,106"/><V133/><F114/><W24/><G128/><T60/><D113/><U91/><E39/><V61/><F108/><W131/><G131/><T8/><D120/><U43/><E43/><V104/><F76/><W23/><G83/><T123/><D123/><U49/><E74/><V57/><F66/><W31/><G102/><T129/><D129/><U9/><E33/><V7/><F104/><W12/><G62/><T112/><D124/><U55/><E126/><V40/><REACH who="2" step="1"/><F98/><REACH who="2" ten="292,235,263,200" step="2"/><W4/><G106/><T41/><D112/><U101/><E67/><V118/><F118/><W45/><G107/><T94/><D119/><U53/><E134/><AGARI ba="1,1" hai="0,7,10,25,26,38,40,47,57,61,65,132,133,134" machi="134" ten="40,3900,0" yaku="1,1,20,1,53,0" doraHai="30" doraHaiUra="48" who="2" fromWho="1" sc="292,0,235,-42,263,52,200,0" /><INIT seed="2,2,0,3,1,111" ten="292,193,315,200" oya="2" hai0="60,127,92,54,62,128,8,18,53,94,7,63,3" hai1="116,31,5,112,126,35,88,11,67,82,43,134,44" hai2="80,108,72,96,93,19,84,57,118,16,129,131,45" hai3="85,27,56,66,0,10,97,81,65,50,28,9,47"/><V119/><F72/><W98/><G0/><T41/><D128/><N who="2" m="49226" /><F108/><W38/><G38/><T117/><D127/><U20/><E116/><N who="2" m="44587" /><F45/><W40/><G27/><T34/><D117/><U4/><E35/><V14/><F57/><W105/><G28/><T95/><D34/><U107/><E126/><V24/><F24/><W78/><G105/><T21/><REACH who="0" step="1"/><D41/><REACH who="0" ten="282,193,315,200" step="2"/><U124/><E43/><V58/><F58/><W48/><G56/><T12/><AGARI ba="2,1" hai="3,7,8,12,18,21,53,54,60,62,63,92,94,95" machi="12" ten="30,4000,0" yaku="1,1,2,1,0,1,53,0" doraHai="111" doraHaiUra="76" who="0" fromWho="0" sc="282,56,193,-12,315,-22,200,-12" /><INIT seed="3,0,0,4,5,68" ten="338,181,293,188" oya="3" hai0="10,6,3,115,28,48,0,42,123,78,57,134,12" hai1="5,9,34,32,94,56,108,116,82,118,132,59,71" hai2="46,131,124,58,79,128,77,75,105,14,74,104,44" hai3="106,31,85,86,21,96,61,87,112,102,133,127,27"/><W41/><G112/><T24/><D123/><U35/><E71/><V64/><F64/><W69/><G133/><T81/><D134/><U37/><E132/><V7/><F58/><W121/><G121/><T65/><D115/><U51/><E108/><V103/><F14/><W54/><G127/><T50/><D50/><U43/><E94/><V122/><F7/><W117/><G117/><N who="1" m="45162" /><E82/><V100/><REACH who="2" step="1"/><F122/><REACH who="2" ten="338,181,283,188" step="2"/><W91/><G41/><T130/><D65/><U4/><E4/><V97/><F97/><W16/><G69/><T23/><D57/><U62/><E62/><V95/><F95/><W72/><G61/><T125/><D125/><AGARI ba="0,1" hai="44,46,74,75,77,79,100,103,104,105,124,125,128,131" machi="125" ten="25,3200,0" yaku="1,1,22,2,53,0" doraHai="68" doraHaiUra="109" who="2" fromWho="0" sc="338,-32,181,0,283,42,188,0" /><INIT seed="4,0,0,5,3,77" ten="306,181,325,188" oya="0" hai0="100,133,131,128,92,25,13,2,111,39,83,55,104" hai1="12,33,91,76,30,75,38,43,3,66,135,61,98" hai2="116,93,105,34,21,31,56,80,1,26,72,109,97" hai3="124,58,102,114,127,62,57,88,79,78,106,81,99"/><T46/><D2/><U0/><E135/><V50/><F109/><W112/><G62/><T44/><D133/><U125/><E125/><N who="3" m="48202" /><G57/><T52/><D104/><U28/><E12/><V84/><F1/><W74/><G58/><T94/><D111/><U119/><E119/><V22/><F116/><W7/><G7/><T122/><D122/><U16/><E16/><V107/><F72/><W65/><G65/><T48/><D13/><U108/><E91/><V27/><F50/><W95/><G78/><T123/><D123/><U37/><E108/><V4/><F56/><W8/><G8/><T14/><D14/><U101/><E30/><V29/><F4/><W42/><G42/><T71/><D71/><N who="1" m="42447" /><E38/><V32/><F32/><W49/><G49/><N who="0" m="28727" /><D39/><U117/><E117/><V67/><F34/><W64/><G64/><T6/><D100/><U134/><E134/><V53/><F67/><W60/><G60/><T86/><D25/><N who="1" m="18575" /><E43/><V68/><F68/><W10/><G10/><T121/><D121/><U40/><E40/><V63/><F63/><W15/><G15/><T118/><D6/><U70/><E37/><V59/><F59/><W132/><G132/><T17/><D17/><U90/><E70/><V47/><F47/><W35/><G35/><T51/><D51/><U18/><E3/><V110/><F110/><W20/><G20/><T89/><D118/><U5/><E5/><V113/><F22/><W73/><G73/><T120/><D120/><U129/><E0/><V87/><F21/><W130/><G130/><AGARI ba="0,0" hai="44,48,55,83,86,89,92,94,128,130,131" m="28727" machi="130" ten="30,5800,0" yaku="19,1,52,1,54,1" doraHai="77" who="0" fromWho="3" sc="306,58,181,0,325,0,188,-58" /><INIT seed="4,1,0,4,1,110" ten="364,181,325,130" oya="0" hai0="74,95,11,122,82,33,46,128,83,2,12,81,3" hai1="19,45,111,31,37,114,6,30,39,100,43,126,15" hai2="20,129,29,113,56,16,120,51,92,70,131,80,0" hai3="66,23,127,101,32,55,72,50,134,60,68,121,69"/><T7/><D122/><U64/><E111/><V78/><F70/><W65/><G32/><T88/><D128/><N who="2" m="49226" /><F0/><W106/><G72/><T86/><D33/><U116/><E116/><V97/><F120/><W10/><G121/><T135/><D135/><U41/><E126/><V52/><F29/><W115/><G127/><T103/><D74/><U125/><E125/><V26/><F113/><W77/><G77/><T132/><D132/><U63/><E6/><V21/><F21/><W54/><G134/><T79/><D79/><U24/><E100/><N who="2" m="60455" /><F78/><W61/><G10/><T99/><REACH who="0" step="1"/><D46/><REACH who="0" ten="354,181,325,130" step="2"/><U48/><E45/><V124/><F124/><W91/><G23/><T118/><D118/><U44/><E44/><V57/><F80/><AGARI ba="1,1" hai="2,3,7,11,12,80,81,82,83,86,88,95,99,103" machi="80" ten="40,3900,0" yaku="1,1,54,1,53,0" doraHai="110" doraHaiUra="22" who="0" fromWho="2" sc="354,52,181,0,325,-42,130,0" /><INIT seed="4,2,0,2,0,26" ten="406,181,283,130" oya="0" hai0="95,64,3,15,84,54,116,134,71,101,49,51,28" hai1="32,24,37,102,94,88,59,9,4,89,129,39,35" hai2="56,53,123,87,107,2,114,82,117,72,121,93,60" hai3="80,42,127,25,77,132,41,78,105,13,103,43,135"/><T128/><D3/><U86/><E129/><V45/><F107/><W96/><G127/><T68/><D116/><U11/><E102/><V108/><F108/><W38/><G38/><T85/><D101/><U106/><E106/><V21/><F114/><W76/><G13/><T99/><D15/><U126/><E126/><V20/><F2/><W22/><REACH who="3" step="1"/><G80/><REACH who="3" ten="406,181,283,120" step="2"/><T73/><D134/><U36/><E36/><V57/><F82/><W104/><G104/><T122/><D128/><U55/><E39/><V92/><F92/><W125/><G125/><T48/><D95/><U30/><E37/><V1/><F93/><W66/><G66/><T14/><D14/><U6/><E94/><V5/><F121/><W124/><G124/><T47/><D64/><U34/><E6/><V83/><F123/><W65/><G65/><T81/><D122/><U17/><E4/><V50/><F5/><W18/><AGARI ba="2,1" hai="18,22,25,41,42,43,76,77,78,96,103,105,132,135" machi="18" ten="40,2700,0" yaku="1,1,0,1,53,0" doraHai="26" doraHaiUra="111" who="3" fromWho="3" sc="406,-15,181,-9,283,-9,120,43" /><INIT seed="5,0,0,0,4,80" ten="391,172,274,163" oya="1" hai0="135,118,117,62,53,114,128,112,96,124,66,83,4" hai1="79,35,38,131,36,70,8,111,34,42,27,52,121" hai2="134,51,28,132,109,3,7,93,20,94,75,113,44" hai3="98,14,125,41,67,104,127,119,23,68,46,37,88"/><U50/><E121/><V82/><F109/><W110/><G110/><T2/><D135/><N who="2" m="51754" /><F113/><N who="0" m="43626" /><D124/><U92/><E70/><V43/><F7/><W32/><G32/><T77/><D128/><U60/><E131/><V129/><F3/><W133/><G133/><T61/><D96/><U76/><E111/><V15/><F129/><W24/><G14/><T47/><D4/><U86/><E8/><V123/><F123/><W81/><G119/><T87/><D2/><U40/><E60/><N who="0" m="23145" /><D66/><U9/><E9/><V84/><F75/><W6/><G6/><T22/><D22/><U16/><E35/><V39/><F39/><W90/><G67/><T59/><D47/><N who="1" m="27743" /><E38/><V54/><F43/><N who="1" m="16425" /><E36/><V105/><F105/><W1/><G1/><T18/><D18/><U107/><E107/><V48/><F48/><AGARI ba="0,0" hai="48,53,59,77,83,87,117,118" m="23145,43626" machi="48" ten="30,2000,0" yaku="15,1,52,1" doraHai="80" who="0" fromWho="2" sc="391,20,172,0,274,-20,163,0" /><INIT seed="6,0,0,3,3,111" ten="411,172,254,163" oya="2" hai0="35,38,94,62,36,135,83,118,47,55,39,63,110" hai1="76,24,97,89,18,60,107,48,113,34,10,27,1" hai2="72,65,58,86,29,61,92,2,103,5,81,131,74" hai3="82,100,40,134,52,80,85,123,73,11,0,43,106"/><V46/><F131/><W96/><G123/><T56/><D35/><U127/><E127/><V69/><F69/><W28/><G134/><T49/><D110/><U130/><E130/><V71/><F71/><W98/><G28/><T30/><D30/><U78/><E34/><V117/><F117/><W32/><G32/><T95/><D135/><U13/><E1/><V66/><F66/><W108/><G108/><T99/><D95/><N who="1" m="56559" /><E107/><V121/><F121/><W12/><G0/><T129/><D118/><U67/><E48/><V128/><F46/><W133/><G133/><T3/><D3/><U44/><E44/><V115/><F115/><W6/><G98/><T93/><D93/><U8/><E8/><V23/><F5/><W15/><G15/><T104/><D104/><U26/><E113/><V109/><F128/><W79/><REACH who="3" step="1"/><G52/><REACH who="3" ten="411,172,254,153" step="2"/><N who="0" m="34055" /><D99/><U114/><E114/><V51/><F109/><W119/><G119/><T105/><D55/><U41/><E41/><V122/><F122/><W59/><G59/><AGARI ba="0,1" hai="10,13,18,24,26,27,59,60,67,76,78" m="56559" machi="59" ten="30,1000,0" yaku="8,1" doraHai="111" who="1" fromWho="3" sc="411,0,172,20,254,0,153,-10" /><INIT seed="7,0,0,2,2,127" ten="411,192,254,143" oya="3" hai0="65,72,58,49,66,10,8,67,32,52,100,87,76" hai1="47,121,135,109,22,17,31,120,112,50,134,103,77" hai2="129,45,44,38,25,42,131,20,110,64,102,28,0" hai3="55,39,59,7,98,114,15,106,89,3,124,108,107"/><W9/><G39/><T84/><D32/><U62/><E109/><V111/><F0/><W24/><G108/><T68/><D68/><U71/><E112/><V35/><F20/><W93/><G114/><T36/><D36/><U123/><E103/><V80/><F45/><W78/><G124/><T75/><D100/><U12/><E77/><V46/><F46/><W53/><G78/><T85/><D76/><U101/><E101/><V51/><F51/><W63/><G53/><T116/><D116/><U60/><E31/><V125/><F80/><W26/><REACH who="3" step="1"/><G15/><REACH who="3" ten="411,192,254,133" step="2"/><T48/><D52/><N who="1" m="29791" /><E71/><V81/><F125/><W105/><AGARI ba="0,1" hai="3,7,9,24,26,55,59,63,89,93,98,105,106,107" machi="105" ten="30,6000,0" yaku="1,1,0,1,53,1" doraHai="127" doraHaiUra="56" who="3" fromWho="3" sc="411,-20,192,-20,254,-20,133,70" /><INIT seed="7,1,0,1,0,119" ten="391,172,234,203" oya="3" hai0="131,98,96,24,41,0,42,70,28,35,65,39,120" hai1="36,63,85,29,75,78,21,31,102,91,13,108,32" hai2="94,113,7,73,115,130,34,58,100,26,51,83,117" hai3="27,38,87,103,116,122,10,22,76,57,23,74,59"/><W8/><G38/><T40/><D120/><U95/><E108/><V125/><F117/><W114/><G74/><T121/><D121/><U37/><E32/><V45/><F58/><N who="3" m="22027" /><G116/><T11/><D39/><U2/><E2/><V84/><F73/><W18/><G122/><T123/><D123/><U109/><E109/><V5/><F125/><W79/><G103/><T106/><D131/><U33/><E63/><V50/><F130/><W101/><G101/><N who="0" m="62759" /><D98/><U55/><E55/><V46/><F94/><W3/><G3/><T81/><D81/><U66/><E66/><V105/><F100/><W4/><G4/><N who="0" m="1415" /><D42/><U134/><E33/><V118/><F105/><W1/><G1/><T80/><D80/><U124/><E75/><V135/><F118/><W15/><G87/><T68/><D68/><U54/><E78/><N who="3" m="29738" /><G114/><N who="2" m="43529" /><F7/><W53/><G53/><T71/><D71/><U61/><E102/><V64/><F5/><W126/><G126/><T97/><D97/><U132/><E124/><V69/><F64/><W62/><G62/><AGARI ba="1,0" hai="24,28,35,40,41,62,65,70" m="1415,62759" machi="62" ten="30,1000,0" yaku="25,1" doraHai="119" who="0" fromWho="3" sc="391,13,172,0,234,0,203,-13" owari="404,50.4,172,-32.8,234,3.4,190,-21.0" /></mjloggm>