<mjloggm ver="2.3"><GO type="169" lobby="0"/><UN n0="%E5%B1%B1%E5%B4%8E%E5%BC%98%E7%BE%8E" n1="%E3%82%BB%E3%82%B3%E3%83%AD%E3%83%93%E3%83%83%E3%83%81" n2="%E3%81%88%E3%81%84%E3%81%8D%E3%81%A1%40%35%6D%66" n3="%E8%B5%A4%E6%9C%A8%E3%81%97%E3%81%92%E3%82%8B" dan="17,16,17,16" rate="2165.05,2043.46,2216.45,2072.75" sx="M,M,M,M"/><TAIKYOKU oya="0"/><INIT seed="0,0,0,3,2,90" ten="250,250,250,250" oya="0" hai0="109,45,20,12,39,105,73,71,61,32,63,25,65" hai1="74,56,72,100,7,26,130,43,119,93,114,83,62" hai2="118,111,49,123,52,27,99,36,85,84,116,67,17" hai3="113,10,82,34,97,87,53,21,78,81,30,9,46"/><T47/><D73/><U127/><E119/><N who="2" m="45611" /><F123/><W98/><G34/><T102/><D109/><U38/><E127/><V54/><F36/><W89/><G113/><T103/><D63/><U68/><E68/><V14/><F111/><W3/><G10/><T124/><D124/><U50/><E38/><V69/><F27/><W91/><G3/><T31/><D39/><U133/><E7/><V94/><F67/><W75/><G9/><T96/><REACH who="0" step="1"/><D103/><REACH who="0" ten="240,250,250,250" step="2"/><U35/><E62/><V88/><F69/><W8/><G8/><T79/><D79/><U55/><E74/><V41/><F41/><W132/><G75/><T95/><D95/><U48/><E72/><V108/><F108/><W24/><G78/><T64/><D64/><U37/><E43/><V28/><F28/><W59/><G132/><T58/><D58/><U18/><E133/><V104/><F104/><W135/><G135/><T60/><D60/><U15/><E37/><V29/><F29/><W1/><G46/><T16/><AGARI ba="0,1" hai="12,16,20,25,31,32,45,47,61,65,71,96,102,105" machi="16" ten="30,12000,1" yaku="1,1,0,1,25,2,54,1,53,0" doraHai="90" doraHaiUra="134" who="0" fromWho="0" sc="240,130,250,-40,250,-40,250,-40" /><INIT seed="0,1,0,2,5,119" ten="370,210,210,210" oya="0" hai0="27,19,126,62,116,75,122,9,59,105,5,84,10" hai1="13,30,47,4,89,132,107,91,98,56,24,93,112" hai2="52,120,103,124,26,60,97,46,23,51,70,128,65" hai3="48,58,123,67,101,6,17,108,33,134,25,76,1"/><T78/><D116/><U35/><E132/><V64/><F128/><W12/><G134/><T115/><D115/><U130/><E130/><V86/><F124/><W125/><G125/><T95/><D105/><U80/><E112/><V66/><F86/><W15/><G108/><T133/><D122/><U49/><E107/><V129/><F129/><W2/><G101/><T54/><D133/><U37/><E37/><V43/><F120/><W102/><G102/><T104/><D104/><U135/><E56/><V114/><F114/><W72/><G76/><T77/><D75/><U0/><E0/><N who="3" m="106" /><G48/><T113/><D126/><U83/><E135/><V96/><F43/><W110/><G58/><T34/><D34/><U14/><E89/><V11/><F11/><N who="0" m="4106" /><D5/><U39/><E39/><V69/><F69/><W131/><G123/><T50/><D50/><U16/><E4/><V92/><REACH who="2" step="1"/><F97/><REACH who="2" ten="370,210,200,210" step="2"/><W121/><G6/><T36/><D113/><U28/><E28/><AGARI ba="1,1" hai="23,26,28,46,51,52,60,64,65,66,70,92,96,103" machi="28" ten="30,8000,1" yaku="1,1,2,1,7,1,54,1,53,1" doraHai="119" doraHaiUra="90" who="2" fromWho="1" sc="370,0,210,-83,200,93,210,0" /><INIT seed="1,0,0,1,2,93" ten="370,127,293,210" oya="1" hai0="57,117,0,86,107,108,65,87,25,109,131,1,30" hai1="133,106,50,89,29,118,85,60,82,123,134,38,77" hai2="70,54,66,119,135,127,20,27,9,100,64,68,37" hai3="74,95,43,125,7,4,17,40,58,102,32,96,47"/><U83/><E123/><V56/><F119/><W51/><G74/><T126/><D107/><U132/><E118/><V45/><F9/><W72/><G72/><T55/><D65/><N who="2" m="25194" /><F20/><W113/><G32/><T67/><D67/><U61/><E38/><V41/><F27/><W69/><G69/><N who="2" m="26729" /><F100/><W103/><G103/><T34/><D126/><U79/><E106/><V91/><F91/><W15/><G113/><T92/><D131/><U33/><E50/><N who="2" m="30807" /><F127/><W124/><G125/><T52/><D117/><U90/><E29/><V111/><F111/><N who="0" m="42570" /><D55/><U63/><E33/><V78/><F78/><W49/><BYE who="1" /><G124/><UN n1="%E3%82%BB%E3%82%B3%E3%83%AD%E3%83%93%E3%83%83%E3%83%81" /><T130/><D130/><U101/><E101/><V18/><F18/><W12/><G12/><T26/><D26/><U46/><REACH who="1" step="1"/><E46/><REACH who="1" ten="370,117,293,210" step="2"/><V73/><F73/><AGARI ba="0,1" hai="60,61,63,73,77,79,82,83,85,89,90,132,133,134" machi="73" ten="50,12000,1" yaku="1,1,2,1,20,1,53,2" doraHai="93" doraHaiUra="84" who="1" fromWho="2" sc="370,0,117,130,293,-120,210,0" /><INIT seed="1,1,0,5,2,54" ten="370,247,173,210" oya="1" hai0="88,56,101,119,10,43,115,68,81,107,46,0,123" hai1="61,125,71,120,94,48,79,132,26,57,32,105,41" hai2="2,69,66,5,51,83,116,89,97,114,18,86,44" hai3="127,108,90,99,76,40,23,75,13,28,15,126,82"/><U50/><E105/><V134/><F116/><W36/><G108/><T8/><D68/><U124/><E120/><V62/><F134/><W73/><G73/><T121/><D115/><U38/><E71/><V91/><F114/><W52/><G36/><T122/><D119/><U11/><E132/><V102/><F18/><W85/><G40/><T110/><D110/><U17/><E79/><V72/><F72/><W42/><G42/><T37/><D0/><U95/><E38/><V55/><F5/><W109/><G109/><T128/><D128/><U45/><E50/><V22/><F22/><W130/><G99/><N who="0" m="61887" /><D56/><U113/><E113/><V135/><F2/><W30/><G130/><T93/><D81/><U96/><E32/><V74/><F74/><W100/><G100/><T6/><D6/><U64/><E26/><V60/><F60/><W59/><G126/><N who="1" m="48746" /><E96/><AGARI ba="1,0" hai="8,10,37,43,46,88,93,96,121,122,123" m="61887" machi="96" ten="30,2000,0" yaku="13,1,54,1" doraHai="54" who="0" fromWho="1" sc="370,23,247,-23,173,0,210,0" /><INIT seed="2,0,0,1,2,93" ten="393,224,173,210" oya="2" hai0="65,87,61,71,105,75,3,39,47,83,92,70,20" hai1="4,111,21,13,18,118,126,64,30,116,97,98,115" hai2="132,101,121,37,63,112,15,76,58,119,135,33,52" hai3="134,84,55,110,28,7,32,9,31,16,108,89,38"/><V40/><F112/><W60/><G38/><T23/><D105/><U54/><E115/><V88/><F119/><W131/><G134/><N who="2" m="51241" /><F121/><W85/><G131/><T72/><D71/><U81/><E111/><N who="3" m="42538" /><G84/><T66/><D65/><U17/><E126/><V26/><F76/><W50/><G60/><T22/><D3/><U95/><E118/><V57/><F101/><W103/><G103/><T56/><D70/><U107/><E116/><V36/><F40/><W8/><G32/><T77/><D92/><U94/><E107/><V0/><F0/><N who="3" m="103" /><G9/><T25/><D25/><N who="1" m="16687" /><E64/><N who="2" m="39023" /><F15/><W73/><G73/><T44/><D39/><U90/><E81/><V24/><F24/><W86/><G31/><T35/><D35/><U10/><E54/><V48/><F88/><AGARI ba="0,0" hai="4,10,13,17,18,88,90,94,95,97,98" m="16687" machi="88" ten="30,7700,0" yaku="8,1,52,2,54,1" doraHai="93" who="1" fromWho="2" sc="393,0,224,77,173,-77,210,0" /><INIT seed="3,0,0,4,5,83" ten="393,301,96,210" oya="3" hai0="119,5,78,11,112,18,101,99,19,129,39,8,88" hai1="123,86,124,128,111,4,82,15,45,13,130,53,132" hai2="72,61,50,117,49,40,58,75,2,52,35,38,127" hai3="91,55,76,100,122,41,73,63,59,84,34,89,106"/><W94/><G34/><T12/><D39/><U7/><E123/><V115/><F115/><W46/><G122/><T77/><D119/><U16/><E111/><V80/><F117/><W90/><G73/><T126/><D112/><U36/><E124/><V95/><F127/><W29/><G29/><T118/><D118/><U42/><E53/><V98/><F35/><W97/><REACH who="3" step="1"/><G76/><REACH who="3" ten="393,301,96,200" step="2"/><T25/><D78/><U48/><E132/><V70/><F75/><W57/><G57/><T71/><D77/><U37/><E130/><V85/><F72/><W108/><G108/><T51/><D129/><U43/><E128/><V69/><F70/><W102/><G102/><T33/><D101/><U47/><E37/><AGARI ba="0,1" hai="37,41,46,55,59,63,84,89,90,91,94,97,100,106" machi="37" ten="30,5800,0" yaku="1,1,7,1,52,1,53,0" doraHai="83" doraHaiUra="125" who="3" fromWho="1" sc="393,0,301,-58,96,0,200,68" /><INIT seed="3,1,0,3,2,55" ten="393,243,96,268" oya="3" hai0="44,35,26,110,0,20,33,73,92,130,112,68,28" hai1="22,126,30,43,21,62,115,129,16,49,5,86,82" hai2="95,81,37,52,14,109,88,84,113,36,116,54,124" hai3="99,42,127,34,11,76,96,125,102,25,46,41,135"/><W69/><G41/><T118/><D73/><U104/><E115/><V94/><F113/><W77/><G96/><T7/><D112/><U97/><E126/><N who="3" m="48138" /><G69/><T61/><D118/><U12/><E129/><V105/><F124/><W32/><G11/><T134/><D68/><U38/><E38/><V114/><F114/><W9/><G9/><T121/><D130/><U119/><E5/><V24/><F116/><W83/><G135/><T15/><D134/><U128/><E128/><V80/><F105/><N who="3" m="63711" /><G25/><T47/><D26/><U89/><E119/><V120/><F120/><W75/><G77/><T39/><D121/><U131/><E104/><V65/><F109/><W103/><G103/><T78/><D78/><U106/><E106/><V1/><F1/><W90/><G90/><T98/><D98/><U2/><E97/><V18/><F24/><W57/><G57/><T45/><D0/><U23/><E2/><V74/><F37/><AGARI ba="1,0" hai="32,34,37,42,46,75,76,83" m="63711,48138" machi="37" ten="30,2900,0" yaku="18,1,23,1" doraHai="55" who="3" fromWho="2" sc="393,0,243,0,96,-32,268,32" /><INIT seed="3,2,0,2,4,100" ten="393,243,64,300" oya="3" hai0="27,117,67,83,15,4,85,92,22,35,39,79,18" hai1="123,106,14,130,55,29,57,91,102,16,44,122,110" hai2="97,17,108,34,30,126,69,113,46,59,76,47,96" hai3="88,26,74,80,0,72,70,114,98,77,5,132,49"/><W38/><G72/><T31/><D117/><U89/><E110/><V73/><F113/><W61/><G38/><T41/><D67/><U52/><E130/><V3/><F69/><W119/><G119/><T118/><D118/><U68/><E68/><V104/><F3/><W135/><G26/><T24/><D39/><U1/><E1/><V51/><F126/><W11/><G114/><T105/><D41/><U43/><E29/><V99/><F108/><W81/><G49/><T56/><D56/><U28/><E28/><V115/><F115/><W87/><REACH who="3" step="1"/><G98/><REACH who="3" ten="393,243,64,290" step="2"/><T63/><D27/><U13/><E123/><V20/><F96/><W111/><G111/><T8/><D63/><U12/><E122/><V82/><F97/><W101/><G101/><T36/><D36/><U93/><E102/><V90/><F51/><W121/><G121/><T45/><D24/><U21/><E14/><V42/><F99/><W50/><G50/><T33/><D15/><U109/><E13/><V107/><F73/><W71/><G71/><T65/><D35/><U84/><E109/><V25/><F34/><W53/><G53/><T19/><D33/><U78/><E55/><V58/><F25/><W64/><AGARI ba="2,1" hai="0,5,11,61,64,70,74,77,80,81,87,88,132,135" machi="64" ten="30,6000,0" yaku="1,1,0,1,54,1,53,0" doraHai="100" doraHaiUra="112" who="3" fromWho="3" sc="393,-22,243,-22,64,-22,290,76" /><INIT seed="3,3,0,1,4,49" ten="371,221,42,366" oya="3" hai0="113,91,134,12,79,21,77,10,29,105,124,81,52" hai1="45,22,24,30,8,84,31,19,41,63,115,36,68" hai2="118,69,75,28,6,46,35,5,23,4,82,56,78" hai3="55,3,14,125,95,16,133,121,38,96,27,17,2"/><W53/><G121/><T39/><D39/><U100/><E115/><V135/><F118/><W98/><G38/><T90/><D105/><U94/><E8/><V130/><F69/><W76/><G76/><T44/><D113/><U127/><E127/><V18/><F130/><W117/><G117/><T50/><D124/><U71/><E71/><V131/><F131/><W114/><G125/><T106/><D106/><U13/><E68/><V15/><F135/><W126/><G126/><T129/><D134/><U26/><E63/><V73/><F35/><W64/><G133/><T47/><D47/><U0/><E0/><V111/><F111/><W102/><G114/><T40/><D40/><U87/><E100/><V32/><F46/><W33/><G64/><T120/><D120/><U58/><E58/><V20/><F32/><W57/><G2/><T112/><D129/><U34/><E94/><V109/><F109/><W42/><G3/><T132/><D132/><U85/><E34/><V116/><F116/><W72/><G42/><T86/><D91/><U92/><E92/><V66/><F73/><W83/><G72/><T74/><D74/><U1/><E1/><V59/><REACH who="2" step="1"/><F66/><REACH who="2" ten="371,221,32,366" step="2"/><W54/><G33/><T107/><D112/><U11/><E45/><V89/><F89/><W48/><G83/><T9/><D81/><U67/><E67/><V37/><F37/><W7/><G98/><T80/><D80/><U99/><E36/><V128/><F128/><W110/><G110/><T60/><D79/><U122/><E122/><V103/><F103/><W61/><G102/><T51/><D77/><RYUUKYOKU ba="3,1" sc="371,-10,221,-10,32,30,366,-10" hai2="4,5,6,15,18,20,23,28,56,59,75,78,82" /><INIT seed="4,4,1,1,0,45" ten="361,211,62,356" oya="0" hai0="21,128,90,11,2,63,22,115,50,118,135,122,13" hai1="6,74,57,132,12,97,67,95,27,44,62,36,14" hai2="80,35,92,41,47,85,49,82,129,108,75,84,3" hai3="34,131,86,28,76,60,104,81,73,4,126,37,26"/><T94/><D118/><U42/><E132/><V38/><F108/><W40/><G131/><T93/><D122/><U29/><E74/><V72/><F35/><W64/><G126/><T83/><D2/><U56/><E56/><V70/><F129/><W19/><G86/><N who="0" m="50527" /><D115/><U113/><E6/><V106/><F106/><W0/><G19/><T65/><D63/><U119/><E113/><V20/><F70/><N who="3" m="42247" /><G104/><T130/><D65/><U8/><E8/><V91/><F3/><W32/><G26/><T114/><D114/><U61/><E62/><V43/><F43/><W78/><G28/><T69/><D69/><U71/><E71/><V121/><F121/><W134/><G76/><T109/><D135/><U68/><E68/><V17/><F38/><W96/><G96/><T103/><D109/><U23/><REACH who="1" step="1"/><E119/><REACH who="1" ten="361,201,62,356" step="2"/><V30/><F30/><W87/><G134/><T9/><D11/><U77/><E77/><V125/><F125/><W127/><G127/><T25/><D9/><U105/><E105/><V1/><F1/><W53/><G0/><T107/><D107/><U24/><E24/><V48/><F75/><W58/><G73/><T110/><D25/><U100/><AGARI ba="4,2" hai="12,14,23,27,29,36,42,44,57,61,67,95,97,100" machi="100" ten="20,8000,1" yaku="1,1,0,1,7,1,25,2,53,0" doraHai="45" doraHaiUra="124" who="1" fromWho="1" sc="361,-44,201,112,62,-24,356,-24" /><INIT seed="5,0,0,1,3,69" ten="317,313,38,332" oya="1" hai0="130,49,31,134,17,124,19,54,47,10,110,99,26" hai1="18,125,36,33,102,127,39,98,52,66,76,135,100" hai2="14,22,108,112,83,79,20,62,38,60,126,32,89" hai3="23,13,48,44,111,42,131,45,96,29,94,34,55"/><U71/><E135/><V75/><F108/><W11/><G131/><T3/><D110/><U59/><E33/><V57/><F32/><W106/><G111/><T84/><D134/><U4/><E4/><V120/><F120/><W88/><G106/><T28/><D130/><U51/><E76/><V86/><F126/><N who="1" m="48137" /><E18/><V72/><F112/><W92/><G34/><T128/><D124/><U61/><E102/><V74/><F62/><W97/><G23/><T116/><D116/><U40/><E40/><V117/><F117/><W87/><G29/><T82/><D128/><U132/><E132/><V104/><F104/><AGARI ba="0,0" hai="36,39,51,52,59,61,66,71,98,100,104" m="48137" machi="104" ten="30,11600,0" yaku="18,1,52,2,54,1" doraHai="69" who="1" fromWho="2" sc="317,0,313,116,38,-116,332,0" owari="317,-8.3,429,52.9,-78,-57.8,332,13.2" /></mjloggm>