<mjloggm ver="2.3"><GO type="169" lobby="0"/><UN n0="%4D%41%54%59%55%49%E2%98%86" n1="%E8%B5%A4%E6%9C%A8%E3%81%97%E3%81%92%E3%82%8B" n2="%6D%62%72%63%68%61%6E" n3="%E3%81%BD%E3%81%A3%E3%81%91%E3%81%95%E3%82%93" dan="17,16,16,16" rate="2193.59,2078.41,2140.56,2165.25" sx="M,M,M,M"/><TAIKYOKU oya="0"/><INIT seed="0,0,0,5,0,83" ten="250,250,250,250" oya="0" hai0="120,94,63,113,99,122,26,59,46,18,73,30,92" hai1="50,66,38,121,22,114,110,69,71,48,108,29,97" hai2="52,6,75,61,84,36,106,49,135,125,105,51,32" hai3="58,90,19,103,39,15,1,33,111,102,81,24,116"/><T34/><D113/><U20/><E97/><V0/><F75/><W128/><G1/><T124/><D73/><U10/><E10/><V80/><F36/><W117/><G39/><T127/><D46/><U74/><E38/><V118/><F32/><W91/><G111/><N who="1" m="42538" /><E29/><V67/><F135/><W2/><G2/><T23/><D94/><U44/><E44/><V56/><F125/><N who="0" m="48202" /><D30/><U16/><E74/><V60/><F118/><W123/><G128/><T7/><D7/><U11/><E121/><V133/><F133/><W115/><G123/><T109/><D34/><U112/><E11/><V42/><F6/><W77/><G115/><N who="1" m="44074" /><E66/><V5/><F5/><W28/><G116/><T9/><D9/><U68/><E20/><V54/><F0/><W45/><G117/><T31/><D31/><U88/><E88/><N who="2" m="51207" /><F106/><W43/><G102/><N who="0" m="60775" /><D109/><U14/><AGARI ba="0,0" hai="14,16,22,48,50,68,69,71" m="44074,42538" machi="14" ten="40,5200,0" yaku="14,1,11,1,54,1" doraHai="83" who="1" fromWho="1" sc="250,-26,250,52,250,-13,250,-13" /><INIT seed="1,0,0,5,4,20" ten="224,302,237,237" oya="1" hai0="79,25,122,71,28,2,107,115,108,42,15,57,66" hai1="132,55,26,111,119,120,86,62,90,117,103,67,24" hai2="46,105,81,47,94,131,59,34,101,77,48,99,36" hai3="133,125,80,64,69,73,97,22,23,6,76,35,3"/><U74/><E74/><V18/><F131/><W51/><G35/><T37/><D115/><U11/><E120/><V4/><F4/><W14/><G3/><T43/><D2/><U72/><E72/><V44/><F34/><W121/><G121/><T65/><D71/><U96/><E55/><V123/><F123/><W7/><G133/><T21/><D107/><U88/><E132/><V10/><F36/><W60/><G125/><T63/><D122/><U106/><E11/><V92/><F59/><W84/><G73/><T38/><D108/><U109/><E90/><V32/><F32/><W29/><G51/><T129/><D129/><U5/><E5/><V112/><F48/><W124/><G124/><T52/><D79/><U19/><E19/><V41/><F41/><N who="0" m="15370" /><D38/><U126/><E126/><V54/><F54/><W95/><G22/><N who="0" m="15415" /><D37/><U31/><E31/><V50/><F50/><W83/><G83/><T27/><D15/><U30/><E30/><AGARI ba="0,0" hai="21,27,30,52,57,63,65,66" m="15415,15370" machi="30" ten="30,7700,0" yaku="8,1,52,2,54,1" doraHai="20" who="0" fromWho="1" sc="224,77,302,-77,237,0,237,0" /><INIT seed="2,0,0,3,3,100" ten="301,225,237,237" oya="2" hai0="8,43,26,107,113,118,7,114,14,122,88,18,28" hai1="129,105,49,60,15,115,86,2,111,104,112,120,31" hai2="35,123,76,72,75,25,82,81,121,78,17,37,24" hai3="23,73,13,77,74,34,38,125,124,36,50,19,45"/><V108/><F37/><W70/><G34/><T132/><D122/><U102/><E2/><V134/><F134/><W91/><G70/><T79/><D132/><U55/><E102/><V92/><F108/><W5/><G5/><T44/><D118/><U119/><E119/><V52/><F92/><W6/><G6/><T71/><D71/><U3/><E3/><V69/><F69/><W90/><G38/><T54/><D54/><U133/><E133/><V94/><F94/><W80/><G73/><T53/><D53/><U131/><E31/><V89/><F89/><W97/><G97/><T98/><D79/><U61/><E86/><V56/><F17/><W0/><G36/><T106/><D18/><U58/><E15/><V64/><F64/><W84/><G0/><T12/><D12/><U46/><E111/><V29/><REACH who="2" step="1"/><F25/><REACH who="2" ten="301,225,227,237" step="2"/><W51/><G91/><T128/><D88/><U96/><E120/><V95/><F95/><W22/><G19/><T20/><D98/><U103/><E96/><V62/><AGARI ba="0,1" hai="24,29,35,52,56,62,72,75,76,78,81,82,121,123" machi="62" ten="20,12000,1" yaku="1,1,0,1,7,1,9,1,54,1,53,0" doraHai="100" doraHaiUra="10" who="2" fromWho="2" sc="301,-40,225,-40,227,130,237,-40" /><INIT seed="2,1,0,4,0,113" ten="261,185,357,197" oya="2" hai0="8,2,97,63,16,115,124,88,103,60,89,13,25" hai1="24,3,4,31,135,78,107,39,75,11,37,61,22" hai2="104,52,73,116,95,121,59,54,92,49,129,43,26" hai3="102,74,64,17,81,114,12,38,133,117,82,93,83"/><V72/><F121/><W105/><G105/><T44/><D115/><U69/><E135/><V56/><F104/><W134/><G114/><T46/><D124/><U99/><E22/><V127/><F43/><W76/><G38/><T9/><D25/><U132/><E132/><N who="3" m="50794" /><G64/><T27/><D27/><U130/><E130/><V19/><F127/><W80/><G17/><T110/><D110/><U108/><E108/><V15/><F26/><W77/><G12/><N who="0" m="7175" /><D2/><U94/><E94/><V106/><F106/><W1/><G1/><T118/><D118/><U50/><E50/><V111/><F116/><W28/><G28/><T125/><D125/><U7/><E7/><V126/><F126/><W6/><G6/><N who="0" m="3255" /><D103/><N who="1" m="62975" /><E78/><V62/><F111/><W10/><G10/><T101/><D101/><U47/><E75/><V71/><F129/><W70/><G70/><T96/><D96/><U67/><E47/><N who="0" m="17961" /><D97/><U18/><E18/><V34/><F34/><W85/><G117/><T91/><AGARI ba="1,0" hai="60,63,88,89,91" m="17961,3255,7175" machi="91" ten="30,4000,0" yaku="8,1,54,2" doraHai="113" who="0" fromWho="0" sc="261,43,185,-11,357,-21,197,-11" /><INIT seed="3,0,0,1,2,108" ten="304,174,336,186" oya="3" hai0="99,120,24,109,96,105,34,16,107,131,91,66,8" hai1="57,124,19,72,84,65,53,90,97,77,78,81,17" hai2="130,95,82,27,59,89,103,32,122,115,104,11,63" hai3="47,42,31,85,117,83,132,101,73,45,10,69,114"/><W38/><G117/><T93/><D120/><U94/><E124/><V134/><F115/><W80/><G69/><T71/><D109/><U88/><E65/><V106/><F130/><W44/><G114/><T129/><D34/><U39/><E77/><V33/><F134/><W127/><G127/><T26/><D66/><U70/><E70/><V113/><F113/><W50/><G132/><T112/><D71/><U1/><E39/><V43/><F43/><W41/><G73/><T7/><D112/><U35/><E1/><V126/><F103/><W92/><G31/><T125/><D125/><U98/><E35/><V121/><F82/><W62/><G62/><T128/><D99/><U13/><E72/><V111/><F111/><W2/><G45/><T28/><D28/><U49/><REACH who="1" step="1"/><E13/><REACH who="1" ten="304,164,336,186" step="2"/><V18/><F33/><W36/><G38/><T56/><D131/><U21/><E21/><V61/><F32/><W37/><G36/><T119/><D129/><U0/><E0/><V20/><F126/><W102/><G2/><T4/><D128/><U86/><E86/><V116/><F20/><W60/><G85/><T123/><D123/><U87/><E87/><V52/><F122/><W51/><G37/><T9/><D119/><U29/><E29/><V74/><F116/><W15/><G15/><T68/><D68/><U133/><E133/><V23/><F74/><W3/><G3/><T54/><D9/><U79/><E79/><V58/><F11/><W75/><G10/><T6/><D8/><U46/><E46/><V12/><F121/><W22/><G75/><T64/><D64/><RYUUKYOKU ba="0,1" sc="304,-10,164,30,336,-10,186,-10" hai1="17,19,49,53,57,78,81,84,88,90,94,97,98" /><INIT seed="4,1,1,5,5,43" ten="294,194,326,176" oya="0" hai0="66,104,9,76,57,24,108,117,126,105,51,62,112" hai1="23,83,12,35,58,11,0,53,120,16,123,135,100" hai2="2,8,71,27,15,116,80,50,94,21,54,38,49" hai3="7,47,69,18,118,72,103,28,132,10,81,1,59"/><T124/><D117/><U85/><E135/><V63/><F38/><W107/><G59/><T20/><D112/><U129/><E129/><V33/><F33/><W101/><G118/><T114/><D114/><U70/><E70/><V36/><F36/><W5/><G5/><T74/><D108/><U32/><E100/><V102/><F2/><W133/><G18/><T42/><D9/><U113/><E113/><V125/><F80/><W17/><G17/><T86/><D74/><U127/><E127/><N who="0" m="48681" /><D76/><U65/><E65/><V60/><F71/><W122/><G122/><T92/><D86/><U128/><E128/><V39/><F39/><W14/><G1/><T52/><D92/><U119/><E119/><V97/><F116/><W89/><G107/><T78/><D42/><U88/><E120/><V75/><F75/><W84/><G72/><T134/><D78/><U82/><E82/><V56/><F50/><W44/><G69/><N who="0" m="42199" /><D134/><N who="3" m="51817" /><G28/><AGARI ba="1,1" hai="20,24,28,51,52,57,104,105" m="42199,48681" machi="28" ten="30,2900,0" yaku="18,1,54,1" doraHai="43" who="0" fromWho="3" sc="294,42,194,0,326,0,176,-32" /><INIT seed="4,2,0,2,2,87" ten="336,194,326,144" oya="0" hai0="10,121,51,127,62,73,72,3,39,102,44,42,100" hai1="80,55,130,129,71,26,82,60,54,88,63,117,95" hai2="53,86,22,17,30,109,15,105,124,101,18,84,5" hai3="96,128,28,112,123,103,7,65,19,106,36,1,74"/><T67/><D121/><U108/><E108/><V59/><F109/><W12/><G36/><T38/><D127/><U110/><E110/><V131/><F131/><N who="1" m="50185" /><E26/><V116/><F124/><W13/><G128/><T64/><D39/><U40/><E40/><V76/><F116/><W91/><G123/><T70/><D67/><N who="1" m="41447" /><E117/><V85/><F30/><W16/><G74/><T46/><D73/><U75/><E75/><V27/><F5/><W23/><G112/><T24/><D24/><U34/><E34/><V48/><F105/><W4/><G1/><T79/><D46/><U2/><E2/><V49/><F101/><W119/><G28/><T20/><D20/><U29/><E29/><V93/><F49/><W135/><G119/><T6/><D51/><U99/><E63/><V78/><REACH who="2" step="1"/><F93/><REACH who="2" ten="336,194,316,144" step="2"/><W89/><G135/><T111/><D111/><U56/><E56/><V9/><AGARI ba="2,1" hai="9,15,17,18,22,27,48,53,59,76,78,84,85,86" machi="9" ten="30,7900,0" yaku="1,1,2,1,0,1,8,1,53,0" doraHai="87" doraHaiUra="92" who="2" fromWho="2" sc="336,-41,194,-22,316,95,144,-22" /><INIT seed="5,0,0,4,1,52" ten="295,172,411,122" oya="1" hai0="76,124,55,4,126,107,79,123,134,28,84,114,7" hai1="96,39,41,62,57,89,22,120,6,110,71,46,48" hai2="85,101,67,131,43,23,0,121,117,82,92,42,125" hai3="45,70,50,99,115,90,29,14,59,87,12,73,105"/><U68/><E120/><V21/><F0/><W106/><G73/><T47/><D107/><U64/><E6/><V32/><F32/><W30/><G70/><T88/><D28/><U133/><E22/><V103/><F117/><W97/><G115/><T38/><D114/><U53/><E133/><V18/><F131/><W135/><G45/><T9/><D134/><U13/><E13/><V104/><F104/><W8/><G135/><T69/><D69/><N who="1" m="42135" /><E110/><V66/><F121/><W100/><G50/><N who="0" m="29151" /><D38/><U25/><E25/><V19/><F125/><N who="0" m="48234" /><D123/><U80/><E80/><V129/><F129/><W60/><G105/><T72/><D72/><U95/><AGARI ba="0,0" hai="39,41,46,48,53,57,68,71,89,95,96" m="42135" machi="95" ten="30,3000,0" yaku="24,1,52,1" doraHai="52" who="1" fromWho="1" sc="295,-10,172,30,411,-10,122,-10" /><INIT seed="5,1,0,1,2,19" ten="285,202,401,112" oya="1" hai0="110,7,108,61,101,65,10,26,24,77,28,88,130" hai1="74,6,128,95,91,93,11,100,43,39,60,25,35" hai2="125,82,1,113,115,4,85,72,59,71,29,129,47" hai3="44,132,37,120,31,13,49,32,14,105,99,127,96"/><U21/><E35/><V22/><F71/><W114/><G120/><T17/><D77/><U50/><E74/><V27/><F72/><W75/><G37/><T123/><D101/><U62/><E39/><V79/><F125/><W121/><G121/><T112/><D123/><U48/><E128/><V5/><F129/><W106/><G75/><T15/><D130/><U56/><E60/><V53/><F47/><W20/><G32/><T126/><D126/><U63/><E63/><N who="2" m="36335" /><F1/><W38/><G38/><T81/><D112/><AGARI ba="1,0" hai="4,5,22,27,29,79,82,85,112,113,115" m="36335" machi="112" ten="30,3900,0" yaku="15,1,11,1,52,1" doraHai="19" who="2" fromWho="0" sc="285,-42,202,0,401,42,112,0" /><INIT seed="6,0,0,1,4,20" ten="243,202,443,112" oya="2" hai0="16,129,37,6,88,52,76,89,90,59,95,91,73" hai1="56,63,50,18,38,10,115,70,121,36,110,82,13" hai2="83,135,44,58,3,64,119,77,79,24,47,32,96" hai3="92,22,60,86,25,62,116,131,122,111,104,123,7"/><V72/><F3/><W97/><G111/><T53/><D37/><U75/><E110/><V71/><F71/><W46/><G116/><T33/><D33/><U81/><E121/><V69/><F69/><W57/><G131/><T29/><D29/><U55/><E115/><V35/><F135/><W128/><G128/><T43/><D43/><U68/><E81/><V11/><F11/><W118/><G118/><T61/><D129/><U98/><E98/><V85/><F35/><W0/><G46/><T26/><D6/><U54/><E68/><V67/><F96/><W19/><G62/><T1/><D1/><U94/><E94/><V51/><F47/><W108/><G108/><T8/><D73/><U124/><E124/><V39/><F39/><W133/><G133/><T42/><D76/><U34/><E34/><V40/><F58/><W4/><G86/><N who="0" m="52631" /><D42/><U126/><E126/><V9/><F9/><W17/><G17/><T93/><D53/><U103/><E103/><V45/><F45/><W15/><G0/><T5/><D5/><U84/><E75/><V107/><F107/><W49/><G104/><T100/><D100/><U14/><E14/><V66/><F119/><W125/><G125/><T41/><D41/><U120/><E120/><V23/><F32/><W106/><G106/><T99/><D8/><U21/><E21/><AGARI ba="0,0" hai="16,21,26,52,59,61,89,90,91,93,99" m="52631" machi="21" ten="30,12000,2" yaku="25,1,8,1,52,1,54,3" doraHai="20" who="0" fromWho="1" sc="243,120,202,-120,443,0,112,0" /><INIT seed="7,0,0,4,1,55" ten="363,82,443,112" oya="3" hai0="73,27,9,32,22,75,125,95,134,59,86,39,98" hai1="19,46,14,82,110,79,68,120,30,93,51,49,13" hai2="63,80,57,41,21,1,89,128,48,78,106,70,135" hai3="91,126,65,122,50,114,92,52,44,58,111,118,66"/><W7/><G118/><T124/><D39/><U56/><E68/><V127/><F1/><W64/><G122/><T20/><D32/><U18/><E110/><V121/><F106/><W36/><G111/><T31/><D86/><U115/><E115/><V88/><F70/><W113/><G7/><T15/><D22/><U47/><E120/><V87/><F128/><W94/><G126/><T83/><D134/><U62/><E30/><V25/><F135/><W42/><REACH who="3" step="1"/><G92/><REACH who="3" ten="363,82,443,102" step="2"/><T72/><D125/><U108/><E108/><V81/><F127/><W96/><AGARI ba="0,1" hai="36,42,44,50,52,58,64,65,66,91,94,96,113,114" machi="96" ten="30,12000,1" yaku="1,1,2,1,0,1,52,1,54,1,53,0" doraHai="55" doraHaiUra="103" who="3" fromWho="3" sc="363,-40,82,-40,443,-40,102,130" /><INIT seed="7,1,0,5,5,16" ten="323,42,403,232" oya="3" hai0="27,42,76,5,64,112,34,48,132,105,115,18,32" hai1="11,12,41,108,2,107,28,9,13,134,85,101,92" hai2="125,33,19,100,74,83,121,103,81,50,68,25,44" hai3="20,55,94,113,23,88,86,3,57,99,29,66,128"/><W67/><G3/><T10/><D105/><U91/><E2/><V118/><F68/><W15/><G128/><T72/><D64/><N who="3" m="24617" /><G113/><N who="0" m="43595" /><D132/><U70/><E70/><V43/><F118/><W21/><G15/><N who="0" m="5583" /><D76/><U39/><E108/><V114/><F33/><W77/><G77/><T98/><D98/><U95/><E107/><V104/><F104/><W61/><G99/><T1/><D72/><U87/><E134/><V17/><F74/><W135/><G135/><T24/><D1/><U120/><E120/><V40/><F121/><W14/><G14/><T109/><D109/><U26/><E39/><V130/><F130/><W65/><N who="3" m="24625" /><W69/><DORA hai="46" /><G69/><T56/><D27/><AGARI ba="1,0" hai="20,21,23,27,29,55,57,61,86,88,94" m="24625" machi="27" ten="30,12000,1" yaku="8,1,52,3,54,1" doraHai="16,46" who="3" fromWho="0" sc="323,-123,42,0,403,0,232,123" /><INIT seed="7,2,0,1,2,13" ten="200,42,403,355" oya="3" hai0="23,40,16,60,45,43,10,133,19,26,125,15,32" hai1="0,38,51,71,107,124,108,53,123,89,112,83,97" hai2="25,56,42,68,11,9,62,1,121,117,93,114,28" hai3="130,8,82,27,78,7,104,84,126,35,5,95,31"/><W91/><G126/><T100/><D125/><U111/><E0/><V34/><F117/><W86/><G130/><T52/><D133/><U102/><E38/><V30/><F68/><W22/><G104/><T14/><D100/><U105/><E124/><V101/><F114/><W74/><G35/><T98/><D98/><U99/><E71/><V127/><F127/><W57/><G57/><T122/><D122/><U110/><E51/><V92/><F121/><W67/><G67/><T109/><D109/><U118/><E53/><V66/><F30/><W96/><REACH who="3" step="1"/><G5/><REACH who="3" ten="200,42,403,345" step="2"/><T80/><D32/><U33/><E123/><V69/><F56/><W115/><G115/><T58/><D80/><U41/><E33/><V24/><F24/><W75/><G75/><T73/><D73/><U119/><E112/><V128/><F128/><W131/><G131/><T3/><D3/><AGARI ba="2,1" hai="3,7,8,22,27,31,74,78,82,84,86,91,95,96" machi="3" ten="30,5800,0" yaku="1,1,7,1,53,1" doraHai="13" doraHaiUra="6" who="3" fromWho="0" sc="200,-64,42,0,403,0,345,74" owari="136,-26.4,42,-45.8,403,20.3,419,51.9" /></mjloggm>