<mjloggm ver="2.3"><GO type="169" lobby="0"/><UN n0="%79%61%6E%72%6F%75" n1="%E5%85%A8%E9%80%9F%E3%82%86%E3%83%BC%E3%81%B8%E3%81%84" n2="%E8%B5%A4%E7%BE%8E%E6%BF%83%E3%81%BE%E3%81%90%E3%82%8D" n3="%63%78%79%74%6D%6C" dan="16,18,17,16" rate="2161.62,2176.80,2205.37,2216.52" sx="M,M,M,M"/><TAIKYOKU oya="0"/><INIT seed="0,0,0,4,5,73" ten="250,250,250,250" oya="0" hai0="110,0,3,29,75,49,117,54,24,50,106,68,88" hai1="22,76,55,89,77,112,125,20,44,14,62,80,86" hai2="1,34,102,113,13,78,61,5,45,63,90,122,25" hai3="43,9,130,84,81,127,120,82,4,48,119,35,57"/><T7/><D117/><U72/><E125/><V87/><F113/><W100/><G119/><T66/><D106/><U42/><E112/><V2/><F122/><W26/><G127/><T132/><D132/><U109/><E109/><V17/><F102/><W123/><G100/><T11/><D110/><U38/><E72/><V74/><F74/><W64/><G130/><T94/><D75/><U124/><E124/><V12/><F45/><N who="3" m="25663" /><G64/><T52/><D0/><U10/><E22/><V129/><F129/><W53/><G26/><T16/><D68/><U21/><E21/><V103/><F103/><W58/><G35/><T67/><D50/><U33/><E20/><V19/><F5/><W65/><G65/><T115/><D54/><U41/><E33/><V46/><F46/><W96/><G96/><T37/><D37/><U105/><E105/><V128/><F128/><W118/><G82/><T95/><D95/><U59/><REACH who="1" step="1"/><E42/><REACH who="1" ten="250,240,250,250" step="2"/><V31/><F34/><W28/><G118/><T47/><D115/><U101/><E101/><V18/><F25/><W116/><G116/><T92/><D24/><U135/><E135/><V104/><F104/><W23/><G23/><T131/><D131/><U6/><AGARI ba="0,1" hai="6,10,14,38,41,44,55,59,62,76,77,80,86,89" machi="6" ten="20,8000,1" yaku="1,1,0,1,7,1,52,2,53,0" doraHai="73" doraHaiUra="15" who="1" fromWho="1" sc="250,-40,240,90,250,-20,250,-20" /><INIT seed="1,0,0,2,0,5" ten="210,330,230,230" oya="1" hai0="11,2,68,131,26,93,102,19,114,62,79,135,65" hai1="58,13,39,51,27,69,53,25,67,78,109,8,72" hai2="81,91,125,31,106,61,1,76,66,64,82,6,87" hai3="84,99,104,42,115,95,130,134,128,111,86,120,89"/><U116/><E116/><V55/><F106/><W28/><G28/><T118/><D114/><U41/><E109/><V22/><F125/><W59/><G42/><T48/><D131/><N who="3" m="50217" /><G59/><T97/><D135/><U83/><E69/><V0/><F55/><W4/><G4/><T38/><D38/><U124/><E124/><V74/><F64/><W77/><G115/><T35/><D79/><U113/><E113/><V85/><F74/><W100/><G111/><T129/><D118/><U123/><E123/><V30/><F22/><W49/><G49/><T9/><D2/><U133/><E133/><V32/><F32/><W12/><G12/><T80/><D80/><U18/><REACH who="1" step="1"/><E67/><REACH who="1" ten="210,320,230,230" step="2"/><V10/><REACH who="2" step="1"/><F1/><REACH who="2" ten="210,320,220,230" step="2"/><W29/><G134/><T92/><D129/><U17/><E17/><V47/><F47/><AGARI ba="0,2" hai="8,13,18,25,27,39,41,47,51,53,58,72,78,83" machi="47" ten="40,12000,1" yaku="1,1,52,1,53,2" doraHai="5" doraHaiUra="21" who="1" fromWho="2" sc="210,0,320,140,220,-120,230,0" /><INIT seed="1,1,0,4,2,113" ten="210,460,100,230" oya="1" hai0="79,51,104,15,106,45,84,74,1,101,32,128,110" hai1="43,96,47,77,25,4,33,46,12,120,115,125,66" hai2="92,122,129,20,17,6,116,114,53,130,38,30,31" hai3="107,36,131,103,70,72,95,14,8,80,118,22,133"/><U13/><E115/><V135/><F38/><W27/><G36/><T37/><D1/><U78/><E120/><V23/><F122/><W63/><G131/><N who="2" m="50185" /><F114/><W10/><G107/><T26/><D74/><U99/><E33/><V82/><F135/><W81/><G133/><T73/><D73/><U98/><E125/><V9/><F82/><W57/><G70/><T11/><D110/><U58/><E25/><N who="2" m="14479" /><F92/><W93/><G93/><T76/><D37/><U117/><E117/><V112/><F112/><W94/><G118/><T40/><D106/><U55/><E66/><V109/><F53/><W56/><G95/><T54/><D54/><U86/><E43/><V102/><F102/><W65/><G57/><T60/><D101/><U42/><E42/><V87/><F87/><W50/><G72/><T48/><D84/><U3/><E86/><V35/><F35/><W24/><G24/><T2/><D32/><U39/><E39/><V71/><F71/><W19/><G50/><T44/><D26/><U88/><E88/><V89/><F89/><W0/><G10/><T132/><D104/><U61/><E46/><V67/><F67/><W75/><G75/><T126/><D132/><U64/><E64/><V97/><F97/><N who="3" m="59831" /><G0/><T59/><D2/><U91/><E91/><V100/><F100/><W16/><AGARI ba="1,0" hai="8,14,16,19,22,27,56,63,65,80,81" m="59831" machi="16" ten="30,2000,0" yaku="8,1,54,1" doraHai="113" who="3" fromWho="3" sc="210,-6,460,-11,100,-6,230,23" /><INIT seed="2,0,0,2,4,74" ten="204,449,94,253" oya="2" hai0="22,94,53,54,4,119,123,127,102,92,79,24,131" hai1="20,83,47,19,108,21,43,107,2,12,55,8,88" hai2="50,89,121,10,96,39,129,122,5,133,111,66,128" hai3="100,101,112,29,76,58,130,23,91,62,120,85,6"/><V126/><F39/><W51/><G120/><T45/><D123/><U99/><E108/><V87/><F66/><W16/><G130/><N who="2" m="50281" /><F126/><W52/><G29/><T14/><D127/><U124/><E124/><V9/><F133/><W77/><G6/><T69/><D69/><U113/><E113/><V68/><F68/><W31/><G31/><T41/><D131/><U40/><E2/><N who="2" m="183" /><F96/><W110/><G110/><T30/><D79/><N who="3" m="30281" /><G62/><T63/><D102/><U118/><E118/><V80/><F111/><W33/><G33/><T93/><D63/><U67/><E99/><V114/><F114/><W46/><G46/><T135/><D135/><U59/><E107/><V15/><F50/><W25/><G112/><T37/><D119/><U81/><E67/><V70/><F70/><W7/><G7/><AGARI ba="0,0" hai="7,10,15,80,87,89,121,122" m="183,50281" machi="7" ten="30,1500,0" yaku="19,1" doraHai="74" who="2" fromWho="3" sc="204,0,449,0,94,15,253,-15" /><INIT seed="2,1,0,4,5,49" ten="204,449,109,238" oya="2" hai0="129,115,63,58,62,108,39,98,30,60,78,105,74" hai1="42,28,135,112,66,20,24,128,6,119,121,65,14" hai2="31,55,114,133,125,77,104,10,131,69,82,130,25" hai3="76,96,53,111,9,51,68,79,102,61,110,27,92"/><V120/><F120/><W5/><G27/><T2/><D115/><U23/><E119/><V80/><F114/><W26/><G26/><T134/><D39/><U36/><E121/><V59/><F69/><W35/><G35/><T106/><D30/><U95/><E135/><V43/><F104/><W46/><G61/><T100/><D2/><U7/><E128/><N who="2" m="49195" /><F133/><W87/><G68/><T94/><D134/><U22/><E36/><V19/><F125/><W127/><G127/><T8/><D129/><U3/><E3/><V48/><F43/><W86/><G86/><T71/><D71/><U17/><E42/><V57/><F77/><W0/><REACH who="3" step="1"/><G87/><REACH who="3" ten="204,449,109,228" step="2"/><T88/><D62/><U50/><E112/><V15/><F57/><W52/><G52/><T40/><D63/><U64/><E64/><V85/><F85/><W93/><G93/><T11/><D105/><U123/><E95/><V1/><F1/><W18/><G18/><T113/><D113/><U124/><E17/><V34/><AGARI ba="1,1" hai="10,15,19,25,31,34,48,55,59,80,82" m="49195" machi="34" ten="30,3000,0" yaku="19,1,52,1" doraHai="49" who="2" fromWho="2" sc="204,-11,449,-11,109,43,228,-11" /><INIT seed="2,2,0,4,3,49" ten="193,438,152,217" oya="2" hai0="19,129,85,89,53,10,134,120,4,107,118,21,0" hai1="71,15,8,104,131,62,31,117,80,77,64,103,39" hai2="126,59,56,61,75,16,114,13,43,72,125,12,87" hai3="46,115,17,121,110,106,83,44,73,63,91,23,128"/><V105/><F114/><W14/><G121/><T76/><D129/><U65/><E39/><V24/><F105/><W99/><G110/><T95/><D134/><U3/><E117/><V22/><F43/><W101/><G128/><T26/><D118/><U32/><E65/><V124/><F87/><W100/><G115/><T7/><D107/><U18/><E3/><V112/><F112/><W78/><G101/><T36/><D36/><U40/><E40/><V34/><F59/><W94/><REACH who="3" step="1"/><G63/><REACH who="3" ten="193,438,152,207" step="2"/><T81/><D120/><U55/><E131/><V84/><F84/><AGARI ba="2,1" hai="14,17,23,44,46,73,78,83,84,91,94,99,100,106" machi="84" ten="30,12000,2" yaku="1,1,2,1,7,1,24,2,53,1" doraHai="49" doraHaiUra="11" who="3" fromWho="2" sc="193,0,438,0,152,-126,207,136" /><INIT seed="3,0,0,2,5,87" ten="193,438,26,343" oya="3" hai0="113,77,41,53,71,40,65,121,7,75,81,132,82" hai1="17,101,124,30,36,39,31,4,125,24,1,49,105" hai2="74,111,133,88,99,116,117,6,122,22,93,80,14" hai3="126,26,92,33,119,63,44,12,9,66,107,76,16"/><W19/><G119/><T118/><D118/><U42/><E30/><V72/><F111/><W90/><G107/><T104/><D121/><U37/><E17/><V27/><F133/><W35/><G126/><N who="1" m="48746" /><E49/><V50/><F122/><W58/><G76/><T64/><D132/><U85/><E85/><V60/><F50/><W55/><G44/><T15/><D104/><U106/><E101/><V84/><F116/><W57/><G26/><T96/><D81/><U11/><E42/><V67/><F117/><W0/><G0/><T38/><D53/><U29/><E29/><V62/><F14/><W78/><G78/><T69/><D96/><U98/><E98/><V34/><F34/><AGARI ba="0,0" hai="1,4,11,24,31,34,36,37,39,105,106" m="48746" machi="34" ten="40,2600,0" yaku="18,1,23,1" doraHai="87" who="1" fromWho="2" sc="193,0,438,26,26,-26,343,0" /><INIT seed="4,0,0,2,5,39" ten="193,464,0,343" oya="0" hai0="123,112,102,103,132,101,110,70,55,40,18,23,41" hai1="75,111,114,33,6,20,46,53,82,88,133,35,8" hai2="21,86,98,9,1,15,54,61,22,65,120,89,67" hai3="3,126,24,93,73,128,85,47,106,116,108,28,81"/><T31/><D123/><U49/><E111/><V52/><F120/><W7/><G108/><T64/><D110/><U62/><E133/><V121/><F1/><W117/><G106/><T96/><D132/><U50/><E114/><V129/><F121/><W32/><G93/><T56/><D112/><U69/><E20/><V5/><F129/><W125/><G128/><T79/><D79/><U122/><E49/><V109/><F109/><W58/><G58/><T78/><D78/><U0/><E122/><V130/><F98/><W2/><G73/><T10/><D64/><U119/><E119/><V76/><F130/><W80/><G47/><T91/><D10/><U72/><E72/><V17/><F76/><N who="3" m="46215" /><G81/><T51/><D31/><U16/><E75/><V127/><F127/><N who="3" m="48651" /><G7/><T90/><D70/><U30/><E69/><V74/><F74/><W97/><G97/><T29/><D29/><U57/><E30/><V63/><F67/><W71/><G71/><T19/><D19/><U87/><E16/><V37/><F37/><W115/><G115/><T100/><N who="0" m="25600" /><DORA hai="42" /><T99/><D99/><U13/><E0/><AGARI ba="0,0" hai="0,2,3,24,28,32,116,117" m="48651,46215" machi="0" ten="30,1000,0" yaku="18,1" doraHai="39,42" who="3" fromWho="1" sc="193,0,464,-10,0,0,343,10" /><INIT seed="5,0,0,2,4,30" ten="193,454,0,353" oya="1" hai0="125,62,118,94,106,122,1,59,14,25,85,38,71" hai1="72,10,49,103,121,70,75,37,108,21,26,22,47" hai2="117,8,133,53,6,45,42,99,78,34,105,84,69" hai3="50,15,79,100,130,96,29,18,31,67,114,127,115"/><U116/><E116/><V80/><F53/><W128/><G79/><T56/><D1/><U83/><E121/><V86/><F69/><W73/><G73/><T61/><D106/><U11/><E70/><V95/><F117/><W87/><G87/><T43/><D122/><U119/><E37/><V20/><F20/><N who="3" m="11359" /><G50/><T65/><D125/><U63/><E103/><V97/><F105/><W129/><G67/><T107/><D25/><U2/><E63/><V110/><F110/><W33/><G127/><T12/><D107/><U89/><E108/><V41/><F133/><W36/><G36/><T16/><D12/><U66/><E89/><V27/><F27/><N who="3" m="18623" /><G31/><T0/><D118/><U58/><E47/><V131/><F131/><W123/><G123/><T44/><D61/><U88/><E49/><N who="2" m="26799" /><F34/><W19/><G19/><T60/><D62/><U3/><E83/><V104/><F104/><AGARI ba="0,0" hai="96,100,104,114,115,128,129,130" m="18623,11359" machi="104" ten="30,2000,0" yaku="19,1,52,1" doraHai="30" who="3" fromWho="2" sc="193,0,454,0,0,-20,353,20" owari="193,-20.7,454,55.4,-20,-52.0,373,17.3" /></mjloggm>