<mjloggm ver="2.3"><GO type="169" lobby="0"/><UN n0="%E3%81%B5%E3%81%9F%E3%81%97%E3%81%8A" n1="%E5%B0%8F%E6%B3%89%E3%83%81%E3%83%AB%E3%83%89%E3%83%AC%E3%83%B3" n2="%E3%82%BF%E3%82%A4%E4%BA%BA%EF%BC%A0%E3%83%90%E3%83%B3%E3%82%B3%E3%82%AF" n3="%E9%95%B7%E5%A4%A7%E3%82%92%E5%87%BA%E3%81%9F%E3%81%91%E3%82%8C%E3%81%A9" dan="16,16,16,16" rate="2053.44,2093.34,2154.81,2181.89" sx="M,M,M,M"/><TAIKYOKU oya="0"/><INIT seed="0,0,0,3,1,57" ten="250,250,250,250" oya="0" hai0="101,53,83,45,128,18,39,25,16,92,111,75,115" hai1="114,12,21,62,14,56,42,63,38,91,121,93,120" hai2="122,58,106,32,13,72,85,7,67,82,10,78,43" hai3="103,104,54,132,37,22,23,71,19,26,68,11,6"/><T126/><D115/><U77/><E114/><V97/><F122/><W55/><G37/><T133/><D128/><U89/><E77/><V76/><F32/><W116/><G116/><T8/><D133/><U20/><E56/><V135/><F135/><W2/><G132/><T119/><D119/><U95/><E42/><V30/><F30/><W73/><G73/><T27/><D126/><U125/><REACH who="1" step="1"/><E38/><REACH who="1" ten="250,240,250,250" step="2"/><V59/><F43/><W94/><G68/><T0/><D39/><U28/><E28/><V41/><F41/><W35/><G71/><T108/><D108/><U130/><E130/><V98/><F59/><W29/><G29/><T52/><D111/><U112/><E112/><V36/><F36/><W50/><G35/><T131/><D131/><U105/><E105/><V99/><F106/><W80/><G104/><T124/><D124/><AGARI ba="0,1" hai="12,14,20,21,62,63,89,91,93,95,120,121,124,125" machi="124" ten="25,8000,1" yaku="1,1,22,2,52,2,53,0" doraHai="57" doraHaiUra="51" who="1" fromWho="0" sc="250,-80,240,90,250,0,250,0" /><INIT seed="1,0,0,3,0,76" ten="170,330,250,250" oya="1" hai0="4,66,124,93,117,129,108,62,83,49,90,99,11" hai1="63,111,17,126,13,121,125,3,1,50,22,94,81" hai2="56,27,91,78,116,29,102,107,131,8,109,80,127" hai3="120,119,37,40,38,68,115,53,75,55,9,65,42"/><U133/><E121/><V60/><F116/><W58/><G75/><T26/><D117/><U106/><E106/><V59/><F131/><W77/><G77/><T2/><D129/><U28/><E133/><V72/><F109/><W31/><G119/><T89/><D108/><U35/><E111/><V82/><F127/><N who="1" m="48649" /><E94/><V122/><F122/><W36/><G31/><T113/><D124/><U57/><E50/><V98/><F8/><W32/><G9/><T86/><D113/><U16/><E17/><V39/><F39/><W43/><G32/><T7/><D49/><U100/><E100/><V52/><F59/><W5/><G5/><T64/><D4/><U132/><E81/><V14/><F14/><W88/><G88/><T97/><D26/><N who="1" m="18839" /><E132/><V92/><F78/><W101/><G101/><T74/><D74/><U24/><E24/><V10/><F10/><W18/><G18/><T23/><D23/><U103/><E103/><V123/><F72/><W73/><G73/><T61/><REACH who="0" step="1"/><D99/><REACH who="0" ten="160,330,250,250" step="2"/><U112/><E112/><V130/><F130/><W96/><G96/><T19/><D19/><U69/><E69/><V110/><F110/><W51/><G115/><T48/><D48/><U34/><E34/><V0/><F123/><W54/><G120/><T105/><D105/><U46/><E46/><V85/><F0/><W21/><G21/><AGARI ba="0,1" hai="21,27,29,52,56,60,80,82,85,91,92,98,102,107" machi="21" ten="30,7700,0" yaku="7,1,52,2,54,1" doraHai="76" who="2" fromWho="3" sc="160,0,330,0,250,87,250,-77" /><INIT seed="2,0,0,5,1,120" ten="160,330,337,173" oya="2" hai0="49,15,9,67,53,63,76,31,88,98,73,11,30" hai1="77,131,72,46,66,41,36,74,113,79,17,108,23" hai2="99,21,110,89,119,1,81,80,103,32,130,85,107" hai3="24,126,28,8,16,132,12,43,57,5,96,129,3"/><V59/><F32/><N who="3" m="20487" /><G43/><T62/><D76/><U19/><E108/><V125/><F1/><W20/><G57/><T22/><D73/><U10/><E113/><V55/><F110/><W128/><G96/><T91/><D67/><U13/><E131/><N who="3" m="50250" /><G132/><T86/><D98/><U71/><E74/><V29/><F125/><AGARI ba="0,0" hai="3,5,8,12,16,20,125,126" m="50250,20487" machi="125" ten="30,8000,1" yaku="24,1,19,1,34,2,54,1" doraHai="120" who="3" fromWho="2" sc="160,0,330,0,337,-80,173,80" /><INIT seed="3,0,0,5,1,127" ten="160,330,257,253" oya="3" hai0="2,20,9,129,42,44,35,38,113,131,24,79,86" hai1="11,10,66,65,0,74,72,106,7,5,116,53,3" hai2="121,39,73,43,112,92,23,45,85,94,31,132,119" hai3="26,46,59,33,120,58,36,101,18,125,88,133,4"/><W77/><G125/><T95/><D35/><U29/><E106/><V128/><F112/><W40/><G120/><T130/><D113/><U16/><E29/><V114/><F114/><W83/><G133/><T67/><D67/><U84/><E84/><V32/><F32/><W71/><G71/><T126/><D126/><U8/><E53/><V78/><F73/><W76/><G101/><T81/><D95/><U15/><E116/><V97/><F119/><W89/><G77/><T50/><D9/><U123/><E123/><V102/><F132/><W80/><G80/><T93/><D93/><U37/><E37/><V22/><F121/><W82/><G82/><T118/><D118/><U117/><E117/><V25/><F78/><W21/><G33/><T62/><D62/><U48/><E48/><V47/><F47/><W13/><G59/><T105/><D2/><U34/><E34/><V109/><F109/><W111/><G58/><T54/><D105/><U103/><E103/><V41/><F41/><W68/><G68/><T1/><D1/><U122/><E122/><V61/><F61/><W96/><G96/><T87/><D86/><U70/><E70/><V69/><F69/><W28/><G111/><T75/><D75/><AGARI ba="0,0" hai="0,3,5,7,8,10,11,15,16,65,66,72,74,75" machi="75" ten="40,2600,0" yaku="9,1,54,1" doraHai="127" who="1" fromWho="0" sc="160,-26,330,26,257,0,253,0" /><INIT seed="4,0,0,4,0,11" ten="134,356,257,253" oya="0" hai0="121,29,96,47,43,19,131,80,46,51,91,120,83" hai1="42,103,98,123,126,108,57,41,17,44,87,20,73" hai2="25,1,118,59,27,52,112,135,33,130,3,12,101" hai3="24,84,37,78,125,35,102,85,67,92,28,21,58"/><T0/><D0/><U31/><E108/><V13/><F101/><W107/><G37/><T104/><D29/><U133/><E73/><V90/><F112/><W56/><G107/><T60/><D131/><U63/><E133/><V68/><F68/><W82/><G125/><T75/><D60/><U10/><E126/><V64/><F64/><W9/><G35/><T66/><D66/><U16/><E123/><V106/><F106/><W99/><G84/><T70/><D70/><U124/><E124/><V134/><F90/><W116/><G116/><T69/><D69/><U94/><E87/><V79/><F79/><W53/><G67/><T54/><D19/><U48/><E41/><V18/><F130/><W127/><G127/><T97/><D75/><U38/><E38/><V93/><F93/><W2/><G53/><T95/><D121/><U132/><E10/><V65/><F65/><W76/><G76/><T15/><D15/><N who="2" m="5706" /><F118/><W32/><G32/><T71/><D71/><U22/><E94/><V49/><F18/><W39/><REACH who="3" step="1"/><G39/><REACH who="3" ten="134,356,257,243" step="2"/><T6/><D120/><U114/><E114/><V113/><F113/><W26/><G26/><N who="2" m="9737" /><F33/><W110/><G110/><T111/><D111/><U23/><E20/><V89/><F89/><W88/><G88/><T36/><REACH who="0" step="1"/><D6/><AGARI ba="0,1" hai="2,6,9,21,24,28,56,58,78,82,85,92,99,102" machi="6" ten="40,2600,0" yaku="1,1,53,1" doraHai="11" doraHaiUra="5" who="3" fromWho="0" sc="134,-26,356,0,257,0,243,36" /><INIT seed="5,0,0,5,5,129" ten="108,356,257,279" oya="1" hai0="117,22,122,113,51,60,16,92,80,37,94,115,40" hai1="48,119,85,14,108,24,46,36,99,90,26,25,120" hai2="118,3,101,52,1,38,32,0,53,110,9,77,41" hai3="20,19,10,100,34,11,57,30,62,112,69,70,67"/><U56/><E119/><V87/><F118/><W47/><G112/><T135/><D117/><U5/><E120/><V63/><F32/><W78/><G34/><T64/><D122/><U7/><E108/><V83/><F110/><W4/><G30/><T29/><D37/><U54/><E99/><V65/><F101/><W89/><G11/><T126/><D29/><U58/><E36/><V42/><F9/><W93/><G100/><T97/><D126/><U82/><REACH who="1" step="1"/><E14/><REACH who="1" ten="108,346,257,279" step="2"/><V12/><F12/><W31/><G4/><AGARI ba="0,1" hai="4,5,7,24,25,26,46,48,54,56,58,82,85,90" machi="4" ten="40,7700,0" yaku="1,1,2,1,8,1,53,0" doraHai="129" doraHaiUra="114" who="1" fromWho="3" sc="108,0,346,87,257,0,279,-77" /><INIT seed="5,1,0,0,3,111" ten="108,433,257,202" oya="1" hai0="13,83,101,110,78,70,3,1,16,32,65,80,74" hai1="61,112,47,19,115,14,118,135,68,88,89,29,133" hai2="30,8,82,105,10,20,67,12,113,130,31,103,59" hai3="73,104,18,92,27,122,50,37,119,21,4,93,134"/><U66/><E118/><V26/><F130/><W77/><G37/><T95/><D110/><U91/><E29/><V76/><F105/><W54/><G104/><T56/><D32/><U49/><E14/><V75/><F103/><W25/><G122/><T33/><D33/><U17/><E17/><V81/><F31/><W43/><G134/><N who="1" m="51210" /><E19/><V131/><F131/><W117/><G4/><T124/><D70/><U129/><E129/><V2/><F2/><W72/><G43/><AGARI ba="1,0" hai="43,47,49,61,66,68,88,89,91,112,115" m="51210" machi="43" ten="30,11600,0" yaku="20,1,52,2,54,1" doraHai="111" who="1" fromWho="3" sc="108,0,433,119,257,0,202,-119" /><INIT seed="5,2,0,2,4,18" ten="108,552,257,83" oya="1" hai0="128,134,10,121,14,135,89,116,39,40,51,38,84" hai1="96,3,80,12,21,4,110,57,59,7,104,74,55" hai2="88,63,13,66,92,102,2,77,69,118,47,103,108" hai3="101,94,83,15,133,67,132,78,123,45,34,35,49"/><U129/><E129/><V6/><F2/><W62/><G123/><T91/><D116/><U131/><E131/><V25/><F108/><W58/><G15/><T48/><D128/><U75/><E110/><V115/><F118/><W41/><G101/><T97/><D97/><U109/><E109/><V119/><F119/><W5/><G94/><T73/><D73/><U71/><E71/><V32/><F77/><W81/><G5/><T33/><D33/><U105/><E3/><V114/><F47/><W65/><G65/><T56/><D121/><U52/><E12/><V124/><F124/><W68/><G68/><T95/><D89/><U87/><E96/><N who="2" m="57351" /><F32/><W61/><G61/><T99/><D99/><U111/><E111/><V79/><F79/><W90/><G90/><T70/><D70/><U60/><E60/><V76/><F76/><W26/><G83/><T19/><D56/><U36/><E87/><V28/><F13/><W20/><G133/><N who="0" m="50699" /><D40/><U54/><E54/><V113/><F6/><W11/><G11/><T72/><D72/><U0/><E0/><V93/><F93/><W44/><G44/><T29/><D29/><U8/><E8/><V130/><F130/><W17/><REACH who="3" step="1"/><G132/><REACH who="3" ten="108,552,257,73" step="2"/><T22/><D10/><U50/><E80/><V64/><F64/><W9/><G9/><T37/><AGARI ba="2,1" hai="14,19,22,37,38,39,48,51,84,91,95" m="50699" machi="37" ten="40,2700,0" yaku="20,1,52,1" doraHai="18" who="0" fromWho="0" sc="108,43,552,-15,257,-9,73,-9" /><INIT seed="6,0,0,5,1,28" ten="151,537,248,64" oya="2" hai0="132,119,123,93,135,88,54,72,13,49,52,29,48" hai1="8,5,22,75,70,19,57,118,90,46,11,78,133" hai2="45,124,83,111,76,82,91,27,20,134,127,115,107" hai3="71,12,98,68,96,61,125,16,74,128,37,59,32"/><V89/><F107/><W95/><G128/><T65/><D123/><U99/><E70/><V43/><F115/><W36/><G125/><N who="2" m="48201" /><F134/><N who="0" m="51242" /><D72/><U62/><E118/><V101/><F101/><W25/><G74/><T77/><D77/><U130/><E130/><V105/><F105/><W116/><G116/><T9/><D29/><U21/><E133/><V113/><F113/><W26/><G71/><T114/><D65/><U15/><E75/><N who="2" m="43295" /><F83/><W51/><G68/><T55/><D119/><U30/><E78/><V121/><F121/><W39/><G51/><T40/><D40/><U100/><E90/><V50/><F111/><W23/><G32/><T110/><D110/><U112/><E112/><V24/><F24/><W97/><REACH who="3" step="1"/><G95/><REACH who="3" ten="151,537,248,54" step="2"/><T120/><D114/><U14/><E100/><V4/><F4/><W33/><G33/><T122/><D122/><U104/><E104/><V94/><F94/><W102/><G102/><T129/><D120/><U17/><E5/><V117/><F117/><W109/><G109/><T10/><D129/><U2/><E99/><V108/><F108/><W42/><G42/><T47/><D49/><U85/><E85/><V60/><F60/><W44/><G44/><T86/><D47/><U69/><E62/><V53/><F43/><W38/><N who="3" m="9216" /><DORA hai="31" /><W103/><G103/><T81/><D48/><U73/><E73/><V58/><F45/><W41/><G41/><T1/><D93/><U63/><E46/><V64/><F50/><W34/><G34/><T18/><D1/><U92/><E92/><V79/><F58/><W126/><G126/><T7/><D7/><RYUUKYOKU ba="0,1" sc="151,15,537,-15,248,-15,54,15" hai0="9,10,13,18,52,54,55,81,86,88" hai3="12,16,23,25,26,59,61,96,97,98" /><INIT seed="7,1,1,2,3,52" ten="166,522,233,69" oya="3" hai0="4,44,115,69,5,86,70,82,61,68,90,88,59" hai1="104,8,20,117,64,54,9,24,60,18,78,51,30" hai2="106,32,101,120,50,129,116,21,12,35,130,1,28" hai3="122,98,3,43,99,45,128,108,89,113,13,48,6"/><W0/><G122/><T25/><D115/><U77/><E104/><V34/><F116/><W27/><G113/><T15/><D44/><U135/><E117/><V121/><F1/><W42/><G128/><N who="2" m="49257" /><F101/><W125/><G125/><T10/><D25/><U111/><E135/><V63/><F106/><W65/><G108/><T22/><D22/><U38/><E38/><V96/><F96/><N who="3" m="36907" /><G0/><T76/><REACH who="0" step="1"/><D4/><REACH who="0" ten="156,522,233,69" step="2"/><U105/><E51/><V72/><F21/><W14/><G3/><T118/><D118/><U74/><E54/><AGARI ba="1,2" hai="5,10,15,54,59,61,68,69,70,76,82,86,88,90" machi="54" ten="40,5200,0" yaku="1,1,52,1,54,1,53,0" doraHai="52" doraHaiUra="46" who="0" fromWho="1" sc="156,75,522,-55,233,0,69,0" owari="231,-16.9,467,56.7,233,3.3,69,-43.1" /></mjloggm>