<mjloggm ver="2.3"><GO type="169" lobby="0"/><UN n0="%E3%81%99%E3%81%84%E3%81%A1%E3%82%83%E3%82%93%E5%A4%A7%E5%A5%BD%E3%81%8D" n1="%E3%83%94%E3%82%AC%E3%82%B7" n2="%E4%B9%9D%E7%B4%8B%E9%BE%8D%E5%8F%B2%E9%80%B2" n3="%61%6B%69%62%61%62%61%6E" dan="16,17,19,17" rate="2106.06,2173.04,2294.41,2161.33" sx="M,M,M,M"/><TAIKYOKU oya="0"/><INIT seed="0,0,0,2,5,64" ten="250,250,250,250" oya="0" hai0="119,61,46,122,115,68,104,71,112,67,74,66,134" hai1="51,69,75,93,109,36,97,129,53,56,92,125,94" hai2="33,117,55,5,70,59,62,43,100,98,116,0,73" hai3="30,72,76,52,90,121,3,42,48,99,108,80,131"/><T39/><D119/><U123/><E123/><V10/><F73/><W127/><G121/><T130/><D122/><U135/><E109/><V17/><F33/><W88/><G108/><T25/><D74/><U63/><E75/><V85/><F43/><W83/><G131/><T86/><D86/><U28/><E129/><V21/><F85/><W15/><G3/><T6/><D130/><U133/><E28/><V23/><F70/><W103/><G127/><T118/><D118/><N who="2" m="45674" /><F17/><W79/><G42/><N who="0" m="22879" /><D6/><U19/><E19/><V106/><AGARI ba="0,0" hai="0,5,10,21,23,55,59,62,98,100,106" m="45674" machi="106" ten="30,1100,0" yaku="12,1" doraHai="64" who="2" fromWho="2" sc="250,-5,250,-3,250,11,250,-3" /><INIT seed="1,0,0,3,0,78" ten="245,247,261,247" oya="1" hai0="34,114,93,14,125,135,119,4,8,97,30,38,45" hai1="131,29,17,41,72,20,122,19,53,44,25,64,59" hai2="24,37,65,83,63,106,22,134,21,10,47,80,74" hai3="54,109,88,100,50,95,82,69,18,129,128,110,133"/><U66/><E122/><V62/><F106/><W112/><G112/><T26/><D114/><U0/><E0/><V33/><F33/><W39/><G39/><T115/><D115/><U105/><E105/><V104/><F104/><W6/><G69/><T11/><D125/><U98/><E131/><N who="3" m="50250" /><G133/><T42/><D135/><U49/><E72/><V60/><F134/><W99/><G6/><T5/><D119/><U102/><E102/><V1/><F65/><W126/><G126/><T32/><D32/><U56/><E98/><V81/><F74/><W13/><G54/><T89/><REACH who="0" step="1"/><D11/><REACH who="0" ten="235,247,261,247" step="2"/><U108/><E108/><V75/><F75/><W76/><G109/><T132/><D132/><U16/><REACH who="1" step="1"/><E59/><REACH who="1" ten="235,237,261,247" step="2"/><V96/><F96/><W86/><G110/><T52/><D52/><U92/><E92/><V51/><F1/><W2/><G2/><T71/><D71/><U84/><E84/><V61/><F37/><AGARI ba="0,2" hai="16,17,19,20,25,29,37,41,44,49,53,56,64,66" machi="37" ten="40,3900,0" yaku="1,1,54,1,53,0" doraHai="78" doraHaiUra="79" who="1" fromWho="2" sc="235,0,237,59,261,-39,247,0" /><INIT seed="1,1,0,3,5,118" ten="235,296,222,247" oya="1" hai0="65,45,131,88,2,58,132,129,55,115,41,104,99" hai1="57,50,23,97,31,1,124,20,46,86,10,36,17" hai2="92,7,12,100,67,53,73,72,27,95,49,56,135" hai3="37,43,44,90,16,127,35,13,47,6,91,82,111"/><U94/><E124/><V68/><F135/><W61/><G127/><T11/><D132/><U76/><E36/><V40/><F73/><W4/><G111/><T64/><D115/><U75/><E75/><V112/><F72/><W71/><G35/><T24/><D104/><U33/><E57/><V80/><F112/><W74/><G44/><T79/><D79/><U134/><E134/><V32/><F80/><W39/><G39/><T121/><D121/><U116/><E116/><V5/><F40/><W51/><G37/><T9/><D24/><U28/><E33/><V25/><F68/><W130/><G130/><N who="0" m="49675" /><D9/><U128/><E10/><V93/><F32/><W87/><G74/><T48/><D11/><U81/><E1/><V101/><F67/><W70/><G91/><T84/><D99/><U126/><E126/><V22/><F25/><W89/><G89/><T117/><D2/><U18/><E23/><V63/><F63/><W103/><G103/><N who="2" m="39497" /><F12/><W102/><G102/><T21/><D21/><U52/><E128/><V30/><AGARI ba="1,0" hai="5,7,22,27,30,49,53,56,92,93,95" m="39497" machi="30" ten="30,1100,0" yaku="8,1" doraHai="118" who="2" fromWho="2" sc="235,-4,296,-6,222,14,247,-4" /><INIT seed="2,0,0,1,2,78" ten="231,290,236,243" oya="2" hai0="133,51,124,54,46,77,127,32,17,31,83,39,37" hai1="62,9,135,58,91,35,131,69,44,60,76,106,103" hai2="42,85,4,87,49,16,100,6,68,116,19,64,70" hai3="79,125,80,48,121,84,20,45,30,109,10,97,132"/><V66/><F100/><W81/><G121/><T98/><D32/><U114/><E114/><V21/><F21/><W34/><G34/><T47/><D31/><U12/><E35/><V99/><F99/><W74/><G109/><T41/><D98/><U113/><E113/><V75/><F75/><W128/><G128/><T93/><D93/><U52/><E131/><V110/><F49/><W126/><G132/><T82/><D133/><U61/><E135/><V123/><F42/><W25/><G10/><T28/><D28/><U59/><E69/><V86/><F86/><W108/><G108/><T11/><D39/><U119/><E76/><V14/><F110/><W88/><REACH who="3" step="1"/><G97/><REACH who="3" ten="231,290,236,233" step="2"/><T122/><D122/><U40/><E119/><V43/><F123/><W57/><G57/><T67/><D11/><U7/><E59/><V63/><F116/><W18/><G18/><T90/><D17/><U15/><E9/><V27/><F27/><W130/><G130/><T13/><D127/><U111/><E58/><V50/><F14/><W8/><G8/><T2/><D124/><U36/><E15/><V38/><F19/><W72/><G72/><T29/><D13/><U22/><E12/><V0/><F16/><W95/><G95/><T56/><D56/><U71/><E111/><V94/><F94/><W118/><G118/><T26/><D26/><U96/><E96/><V129/><F129/><W65/><G65/><T1/><D67/><U89/><E22/><V120/><F120/><W92/><G92/><T115/><D29/><U102/><E103/><V3/><F66/><W5/><G5/><RYUUKYOKU ba="0,1" sc="231,-10,290,-10,236,-10,233,30" hai3="20,25,30,45,48,74,79,80,81,84,88,125,126" /><INIT seed="3,1,1,0,5,116" ten="221,280,226,263" oya="3" hai0="130,97,92,36,38,35,131,45,119,68,17,115,84" hai1="120,48,73,16,12,4,107,74,72,123,81,53,0" hai2="135,33,71,58,128,109,90,3,65,14,99,26,70" hai3="69,51,25,103,49,101,20,117,122,127,63,110,94"/><W28/><G117/><T6/><D119/><U43/><E107/><V64/><F3/><W27/><G127/><T9/><D68/><U80/><E43/><V83/><F109/><W100/><G110/><T13/><D35/><U54/><E4/><V118/><F118/><W67/><G122/><T95/><D115/><U134/><E0/><V86/><F128/><N who="0" m="49194" /><D45/><U59/><E134/><V24/><F135/><W42/><G42/><T15/><D84/><U88/><E54/><V60/><F33/><W85/><REACH who="3" step="1"/><G27/><REACH who="3" ten="221,280,226,253" step="2"/><T10/><D92/><U113/><E113/><V22/><F26/><W111/><G111/><T133/><D133/><U105/><E105/><V52/><F71/><W66/><G66/><T112/><D112/><U102/><E80/><V77/><F70/><W78/><G78/><T18/><D6/><U5/><E5/><V31/><F14/><W91/><AGARI ba="1,2" hai="20,25,28,49,51,63,67,69,85,91,94,100,101,103" machi="91" ten="30,3000,0" yaku="1,1,0,1,53,0" doraHai="116" doraHaiUra="8" who="3" fromWho="3" sc="221,-11,280,-11,226,-11,253,53" /><INIT seed="3,2,0,5,3,108" ten="210,269,215,306" oya="3" hai0="83,30,2,0,112,85,58,96,70,46,61,114,86" hai1="109,101,132,53,38,17,10,115,28,35,111,102,88" hai2="90,27,121,135,78,73,91,123,5,3,51,118,21" hai3="20,59,94,55,56,43,36,34,77,4,106,41,103"/><W44/><G34/><T15/><D70/><U40/><E132/><V50/><F118/><W100/><G106/><T72/><D30/><U97/><E53/><V42/><F135/><W26/><G4/><T13/><D96/><U130/><E130/><V104/><F104/><W71/><G71/><T110/><D110/><N who="1" m="41995" /><E40/><V92/><F78/><W87/><G43/><T76/><D46/><U25/><E38/><V11/><F73/><W82/><G94/><T75/><D58/><U129/><E129/><V62/><F62/><W122/><G122/><N who="2" m="46601" /><F42/><W68/><G68/><T60/><D83/><U54/><E54/><V126/><F126/><W134/><G134/><T66/><D76/><U99/><E97/><N who="2" m="57495" /><F91/><W80/><G80/><T124/><D66/><U116/><E116/><V65/><F65/><W67/><G67/><T9/><D9/><U18/><E88/><V45/><F45/><W33/><G59/><T52/><D52/><U119/><E119/><V117/><F117/><W6/><G33/><T105/><D105/><N who="1" m="63679" /><E102/><V120/><N who="2" m="46609" /><V31/><AGARI ba="2,0" hai="3,5,11,21,27,31,50,51" m="57495,46609" machi="31" ten="40,2700,0" yaku="4,1,13,1" doraHai="108" who="2" fromWho="2" sc="210,-9,269,-9,215,33,306,-15" /><INIT seed="4,0,0,2,0,102" ten="201,260,248,291" oya="0" hai0="125,103,48,1,67,22,124,46,81,85,123,82,21" hai1="135,100,23,65,58,20,2,19,4,74,57,77,45" hai2="132,39,110,131,3,120,109,53,31,122,29,35,6" hai3="71,33,97,111,91,38,121,107,50,133,24,86,93"/><T130/><D123/><N who="2" m="47146" /><F53/><W26/><G111/><N who="2" m="42505" /><F39/><W101/><G121/><T25/><D1/><U88/><E45/><V47/><F47/><W87/><G38/><T113/><D113/><U84/><E135/><V30/><F132/><W96/><G133/><T9/><D130/><U119/><E119/><V44/><F44/><W69/><G50/><T99/><D9/><U5/><E2/><V104/><F104/><W98/><G98/><T36/><D67/><U7/><E100/><V52/><F52/><W51/><G51/><T75/><D75/><U126/><E126/><N who="0" m="48745" /><D36/><U41/><E41/><V54/><F54/><W66/><G24/><T12/><D12/><U129/><E129/><V42/><F42/><W49/><G49/><T76/><D25/><U27/><E65/><V92/><F92/><W73/><G73/><T40/><D82/><U59/><E74/><V8/><F131/><W16/><G71/><T61/><D61/><U72/><E72/><V11/><F11/><W89/><G89/><T117/><D117/><U94/><E77/><V95/><F95/><AGARI ba="0,0" hai="21,22,40,46,48,76,81,85,95,99,103" m="48745" machi="95" ten="30,1500,0" yaku="18,1" doraHai="102" who="0" fromWho="2" sc="201,15,260,0,248,-15,291,0" /><INIT seed="4,1,0,3,0,73" ten="216,260,233,291" oya="0" hai0="93,102,84,107,122,88,65,1,23,110,7,53,33" hai1="3,15,4,114,70,125,28,116,105,117,104,67,41" hai2="63,83,44,32,48,130,56,115,100,85,11,24,5" hai3="52,72,111,58,118,86,123,87,131,99,79,36,77"/><T126/><D122/><U18/><E41/><V90/><F115/><W29/><G111/><T8/><D33/><U20/><E70/><V106/><F130/><W62/><G118/><T68/><D110/><U127/><E67/><V80/><F106/><W128/><G72/><T133/><D133/><U81/><E81/><V13/><F100/><W49/><G36/><T30/><D126/><N who="1" m="48139" /><E105/><V95/><F24/><W96/><G29/><T22/><D30/><U124/><E104/><V38/><F38/><W120/><G49/><T66/><D53/><U25/><N who="1" m="48147" /><U134/><DORA hai="35" /><E134/><V119/><F32/><W34/><G34/><T54/><D54/><U89/><E89/><V27/><F27/><W132/><G132/><T97/><REACH who="0" step="1"/><D68/><REACH who="0" ten="206,260,233,291" step="2"/><U82/><E114/><V64/><REACH who="2" step="1"/><F119/><REACH who="2" ten="206,260,223,291" step="2"/><W121/><G128/><T109/><D109/><U39/><E117/><V46/><F46/><W112/><G131/><T71/><D71/><U21/><E116/><V113/><F113/><W135/><G112/><T40/><D40/><AGARI ba="1,2" hai="5,11,13,40,44,48,56,63,64,80,83,85,90,95" machi="40" ten="30,7700,0" yaku="1,1,7,1,8,1,53,1" doraHai="73,35" doraHaiUra="108,91" who="2" fromWho="0" sc="206,-80,260,0,223,100,291,0" /><INIT seed="5,0,0,1,3,76" ten="126,260,323,291" oya="1" hai0="44,67,10,35,92,55,43,100,89,68,90,123,13" hai1="118,28,12,27,96,134,108,135,1,40,126,94,42" hai2="48,79,14,87,60,54,120,119,133,41,102,39,78" hai3="77,86,16,2,49,37,6,93,47,34,61,58,50"/><U95/><E1/><V4/><F119/><W98/><G34/><T51/><D123/><U75/><E118/><V25/><F120/><W62/><G37/><T104/><D35/><U91/><E75/><V65/><F133/><N who="1" m="50697" /><E126/><V59/><F102/><W122/><G6/><T15/><D104/><U121/><E121/><V22/><F41/><W127/><G2/><T131/><D131/><U85/><E108/><V64/><F39/><W24/><G127/><T9/><D68/><U115/><E115/><V130/><F65/><W107/><G107/><T17/><D67/><U23/><E12/><V114/><F130/><W124/><G124/><T110/><D110/><U3/><E3/><V72/><F72/><W36/><G36/><T18/><D100/><AGARI ba="0,0" hai="23,27,28,40,42,85,91,94,95,96,100" m="50697" machi="100" ten="30,1500,0" yaku="20,1" doraHai="76" who="1" fromWho="0" sc="126,-15,260,15,323,0,291,0" /><INIT seed="5,1,0,2,5,5" ten="111,275,323,291" oya="1" hai0="14,120,51,104,116,35,63,101,129,115,21,78,70" hai1="97,10,91,135,92,96,11,74,88,66,111,114,15" hai2="119,106,37,127,108,98,56,95,102,118,1,47,132" hai3="123,64,30,61,125,133,44,17,36,124,128,4,126"/><U42/><E74/><V32/><F108/><W54/><G123/><T65/><D116/><U48/><E111/><V0/><F132/><W20/><G133/><T105/><D129/><U6/><E135/><V22/><F127/><W87/><G128/><T55/><D115/><U43/><E114/><V121/><F121/><W26/><G87/><T93/><D120/><U45/><E66/><V46/><F32/><W41/><G4/><T18/><D35/><U68/><E68/><V2/><F106/><W24/><G54/><T39/><D78/><U27/><E27/><V83/><F22/><W94/><G94/><T9/><D21/><U107/><E11/><V130/><F130/><W62/><G64/><T52/><D55/><N who="1" m="30095" /><E107/><V131/><F56/><W82/><G82/><T13/><D13/><U31/><E31/><V29/><F29/><W23/><AGARI ba="1,0" hai="17,20,23,24,26,30,36,41,44,61,62,124,125,126" machi="23" ten="40,2700,0" yaku="0,1,18,1" doraHai="5" who="3" fromWho="3" sc="111,-8,275,-14,323,-8,291,30" /><INIT seed="6,0,0,2,3,47" ten="103,261,315,321" oya="2" hai0="54,29,25,50,113,71,106,128,85,65,112,129,135" hai1="108,55,99,68,76,19,2,58,103,49,121,14,127" hai2="28,92,11,41,32,79,66,105,62,33,16,134,118" hai3="119,8,4,13,1,51,73,39,98,104,89,96,74"/><V91/><F118/><W37/><G119/><T122/><D106/><U123/><E108/><V20/><F105/><W59/><G1/><T56/><D85/><U22/><E2/><V17/><F134/><W31/><G31/><T44/><D135/><U87/><E68/><V0/><F79/><W83/><G37/><T93/><D93/><U40/><E127/><V120/><F41/><W84/><G39/><T6/><D6/><U10/><E40/><V23/><F28/><W100/><REACH who="3" step="1"/><G98/><REACH who="3" ten="103,261,315,311" step="2"/><T114/><D122/><U3/><E3/><V69/><F120/><W9/><G9/><T97/><D97/><U110/><E110/><V102/><F11/><W132/><G132/><T125/><D125/><U133/><E133/><V43/><F0/><W64/><G64/><T36/><D29/><U18/><E123/><V57/><F32/><W35/><G35/><T21/><D21/><U77/><E121/><V94/><F33/><W61/><G61/><N who="0" m="40367" /><D25/><U26/><REACH who="1" step="1"/><E87/><REACH who="1" ten="103,251,315,311" step="2"/><V70/><F70/><W80/><G80/><T130/><D36/><U131/><E131/><V30/><F69/><W82/><G82/><T48/><D128/><U60/><E60/><V117/><F117/><W116/><G116/><T88/><D88/><U126/><E126/><V12/><F91/><W63/><G63/><T45/><D45/><U111/><E111/><V81/><F81/><W38/><G38/><T115/><N who="0" m="28672" /><DORA hai="52" /><T7/><D7/><U15/><E15/><V67/><F12/><W107/><G107/><AGARI ba="0,2" hai="10,14,18,19,22,26,49,55,58,76,77,99,103,107" machi="107" ten="30,7700,0" yaku="1,1,7,1,52,2,53,0" doraHai="47,52" doraHaiUra="86,24" who="1" fromWho="3" sc="103,0,251,97,315,0,311,-77" /><INIT seed="7,0,0,5,2,23" ten="103,348,315,234" oya="3" hai0="91,59,16,70,69,49,107,120,93,22,38,86,13" hai1="85,80,62,73,94,25,21,3,29,124,27,2,88" hai2="76,133,17,46,40,135,68,53,64,54,30,100,42" hai3="112,48,95,119,102,74,14,109,83,28,123,82,32"/><W7/><G119/><T90/><D120/><U117/><E117/><V12/><F100/><W104/><G123/><T44/><D107/><U79/><E124/><V6/><F6/><W97/><G112/><T61/><D38/><U128/><E128/><V78/><F30/><W81/><G109/><T116/><D116/><U92/><E92/><V41/><F64/><W50/><G74/><T84/><D61/><U4/><E4/><V34/><F34/><W11/><G104/><T8/><D69/><U105/><E105/><V33/><F33/><W103/><G103/><T87/><D70/><U121/><E121/><V111/><F68/><W0/><G0/><T71/><D71/><U20/><E62/><V37/><F37/><W45/><G45/><T130/><D130/><U63/><E63/><V19/><F46/><W77/><G77/><N who="2" m="29801" /><F111/><W101/><G101/><T5/><D90/><U89/><E89/><V96/><F96/><W67/><G67/><T26/><REACH who="0" step="1"/><D59/><REACH who="0" ten="93,348,315,234" step="2"/><U47/><E47/><V122/><F122/><W39/><G39/><T118/><D118/><U75/><E75/><V18/><F12/><W31/><G14/><T35/><D35/><U57/><E57/><V127/><F127/><W36/><G36/><T52/><AGARI ba="0,1" hai="5,8,13,16,22,26,44,49,52,84,86,87,91,93" machi="52" ten="20,12000,2" yaku="1,1,0,1,7,1,8,1,52,1,54,2,53,0" doraHai="23" doraHaiUra="132" who="0" fromWho="0" sc="93,130,348,-30,315,-30,234,-60" owari="223,-17.7,318,41.8,285,8.5,174,-32.6" /></mjloggm>