<mjloggm ver="2.3"><GO type="169" lobby="0"/><UN n0="%E3%82%A2%E3%83%B3%E3%81%95%E3%82%93" n1="%6F%6B%61%62%65%73%68%69" n2="%E3%82%A6%E3%82%A9%E3%83%AB%E3%83%AD%E3%83%83%E3%83%88" n3="%E3%81%B5%E3%82%8D%E3%82%93" dan="18,17,18,17" rate="2224.41,2186.55,2218.83,2220.58" sx="M,M,M,M"/><TAIKYOKU oya="0"/><INIT seed="0,0,0,2,4,69" ten="250,250,250,250" oya="0" hai0="54,8,34,105,21,15,1,126,93,85,25,95,99" hai1="26,72,13,51,17,62,132,77,135,94,91,88,92" hai2="74,32,108,10,23,87,131,80,47,111,30,109,79" hai3="123,9,4,33,117,84,24,64,70,76,73,68,52"/><T122/><D122/><U90/><E26/><V124/><F131/><W20/><G117/><T56/><D126/><U81/><E62/><V45/><F124/><W31/><G73/><T53/><D34/><U60/><E60/><V83/><F32/><W5/><G123/><T119/><D1/><U98/><E51/><V43/><F10/><W128/><G128/><T48/><D119/><U57/><E57/><V3/><F3/><W6/><G64/><T89/><D105/><U35/><E35/><V55/><F55/><W12/><G70/><T115/><D115/><U49/><E49/><V44/><F23/><W100/><G68/><T75/><D75/><U116/><E116/><V65/><F30/><W0/><G100/><T36/><D54/><U42/><E42/><V50/><REACH who="2" step="1"/><F65/><REACH who="2" ten="250,250,240,250" step="2"/><W29/><G52/><T37/><D21/><U14/><E17/><V27/><F27/><W118/><G118/><T104/><D25/><U18/><E13/><V107/><F107/><W103/><G31/><T78/><D104/><U114/><E18/><V40/><F40/><W7/><G7/><T71/><D71/><U129/><E14/><V39/><F39/><W106/><G106/><T113/><D113/><U110/><E114/><V61/><F61/><W66/><G66/><T63/><D63/><U101/><E129/><V58/><F58/><W19/><REACH who="3" step="1"/><G103/><REACH who="3" ten="250,250,240,240" step="2"/><N who="0" m="60911" /><D56/><U102/><E110/><V134/><F134/><N who="1" m="51241" /><E102/><V130/><F130/><W41/><G41/><T96/><D53/><U2/><E2/><V22/><F22/><W67/><G67/><T125/><D125/><U59/><E59/><RYUUKYOKU ba="0,2" sc="250,-30,250,10,240,10,240,10" hai1="72,77,81,88,90,91,92,94,98,101" hai2="43,44,45,47,50,74,79,80,83,87,108,109,111" hai3="0,4,5,6,9,12,19,20,24,29,33,76,84" /><INIT seed="1,1,2,4,3,26" ten="220,260,250,250" oya="1" hai0="25,80,62,78,91,82,126,11,129,104,116,14,38" hai1="122,75,72,44,114,70,21,94,12,10,48,88,24" hai2="54,45,56,133,102,124,7,81,13,85,134,35,117" hai3="118,52,127,111,64,9,93,100,47,18,105,53,19"/><U1/><E122/><V15/><F117/><W33/><G118/><T69/><D116/><U55/><E114/><V77/><F124/><W4/><G105/><T43/><D126/><U32/><E70/><V8/><F35/><W65/><G127/><T17/><D129/><U0/><E32/><V63/><F102/><W71/><G111/><T128/><D128/><U16/><E0/><N who="2" m="103" /><F45/><W67/><G71/><T31/><D104/><U112/><E1/><V125/><F125/><W74/><G74/><T60/><D91/><U59/><E112/><V76/><F76/><W5/><G33/><T34/><D80/><U61/><E44/><V20/><F20/><W41/><G93/><T97/><D97/><N who="1" m="57543" /><E48/><V87/><F87/><W39/><G100/><T98/><D98/><U103/><E103/><V23/><F23/><W79/><G79/><T131/><D131/><U29/><E75/><V46/><F46/><W73/><G73/><T92/><D69/><U2/><E72/><V50/><F50/><W96/><G96/><T135/><D92/><U58/><E2/><V109/><F109/><W108/><G108/><T68/><D68/><U27/><E27/><V106/><F106/><W90/><G90/><T89/><D89/><U30/><E58/><V113/><F113/><W49/><G39/><T40/><D38/><U120/><E120/><V6/><F6/><AGARI ba="1,2" hai="6,10,12,16,21,24,29,30,55,59,61" m="57543" machi="6" ten="30,18000,2" yaku="25,1,8,1,52,2,54,2" doraHai="26" who="1" fromWho="2" sc="220,0,260,203,250,-183,250,0" /><INIT seed="1,2,0,4,4,78" ten="220,463,67,250" oya="1" hai0="93,62,43,18,15,29,132,111,42,16,92,108,0" hai1="117,14,1,114,96,8,87,65,95,7,83,79,69" hai2="98,21,64,119,61,76,81,10,75,130,27,38,121" hai3="101,13,20,86,85,49,37,44,90,99,124,74,104"/><U46/><E117/><V31/><F121/><W73/><G37/><T56/><D132/><U67/><E114/><V126/><F126/><W32/><G32/><T107/><D107/><U47/><E1/><V45/><F130/><W5/><G124/><T118/><D118/><U133/><E133/><V9/><F119/><W39/><G39/><T33/><D0/><U4/><E4/><V54/><F98/><W60/><G60/><T22/><D33/><U88/><E69/><V3/><F3/><W41/><G86/><T59/><D29/><U19/><E19/><V68/><REACH who="2" step="1"/><F54/><REACH who="2" ten="220,463,57,250" step="2"/><W6/><G6/><T34/><D111/><U110/><E110/><V120/><F120/><W55/><G55/><T91/><D108/><U48/><E46/><V50/><F50/><W17/><REACH who="3" step="1"/><G5/><REACH who="3" ten="220,463,57,240" step="2"/><T134/><D134/><U35/><E35/><V25/><F25/><W77/><G77/><T72/><D34/><U53/><AGARI ba="2,2" hai="7,8,14,47,48,53,65,67,79,83,87,88,95,96" machi="53" ten="20,12000,1" yaku="0,1,7,1,8,1,52,1,54,1" doraHai="78" who="1" fromWho="1" sc="220,-42,463,146,57,-42,240,-42" /><INIT seed="1,3,0,3,1,38" ten="178,609,15,198" oya="1" hai0="70,80,59,8,93,57,49,61,2,89,79,107,44" hai1="42,39,36,128,18,63,25,43,46,12,16,78,99" hai2="9,54,55,77,95,32,34,108,113,0,76,100,117" hai3="75,87,118,66,106,5,22,37,58,125,6,52,88"/><U7/><E128/><V51/><F117/><W111/><G75/><T65/><D107/><U101/><E78/><N who="2" m="30315" /><F34/><W123/><G123/><T3/><D3/><U41/><E7/><V17/><F32/><W67/><G106/><T69/><D69/><U15/><E36/><V85/><F0/><W33/><G33/><T4/><D93/><N who="1" m="58607" /><E39/><V131/><F108/><W71/><G111/><T47/><D89/><U23/><E63/><V20/><F131/><W132/><G37/><T64/><D64/><N who="3" m="24617" /><G132/><T127/><D127/><U29/><E46/><V84/><F9/><W114/><G114/><T115/><D115/><U28/><E12/><N who="2" m="9255" /><F113/><W82/><G71/><T122/><D122/><U104/><E104/><V31/><F31/><W130/><G125/><T56/><REACH who="0" step="1"/><D49/><REACH who="0" ten="168,609,15,198" step="2"/><U48/><E48/><V110/><F110/><W109/><G109/><T72/><AGARI ba="3,1" hai="2,4,8,44,47,56,57,59,61,65,70,72,79,80" machi="72" ten="30,4000,0" yaku="1,1,2,1,0,1,53,0" doraHai="38" doraHaiUra="90" who="0" fromWho="0" sc="168,59,609,-23,15,-13,198,-13" /><INIT seed="2,0,0,3,3,114" ten="227,586,2,185" oya="2" hai0="35,80,47,30,71,48,76,105,24,9,38,85,14" hai1="75,79,109,16,31,53,26,20,28,78,6,98,54" hai2="60,44,111,102,125,99,130,29,4,19,124,90,131" hai3="18,17,117,33,36,43,15,52,55,46,3,56,62"/><V68/><F90/><W61/><G3/><T104/><D71/><U86/><E75/><V119/><F19/><W13/><G33/><T0/><D0/><U22/><E109/><V74/><F74/><W45/><G117/><T67/><D67/><U122/><E122/><V101/><F111/><W115/><G115/><T27/><D38/><U82/><E6/><V58/><F68/><W107/><G107/><T89/><D27/><N who="1" m="14727" /><E31/><V106/><F102/><W83/><G83/><T64/><D64/><U121/><E121/><V69/><F119/><W112/><G112/><T103/><D103/><U51/><E78/><V127/><F69/><W108/><G108/><T63/><D63/><U100/><E51/><V134/><F44/><W2/><G2/><T116/><D116/><U77/><E77/><V42/><F42/><W37/><G43/><N who="0" m="24703" /><D89/><U128/><E128/><N who="2" m="49195" /><F4/><AGARI ba="0,0" hai="4,9,14,24,30,35,76,80,85,104,105" m="24703" machi="4" ten="30,1000,0" yaku="25,1" doraHai="114" who="0" fromWho="2" sc="227,10,586,0,2,-10,185,0" owari="237,3.7,586,68.6,-8,-50.8,185,-21.5" /></mjloggm>