<mjloggm ver="2.3"><GO type="169" lobby="0"/><UN n0="%E7%8F%BE%E5%A0%B4%E3%81%AD%E3%81%93" n1="%41%6E%6B%6F%61%6E%6B%6F" n2="%E3%80%93%E5%AE%AE%E6%A3%AE%E3%81%82%E3%81%8A%E3%81%84%E3%80%93" n3="%E3%81%9F%E3%81%8B%E3%81%AA" dan="16,16,18,19" rate="2083.02,2138.24,2177.08,2235.79" sx="M,F,M,M"/><TAIKYOKU oya="0"/><INIT seed="0,0,0,4,3,11" ten="250,250,250,250" oya="0" hai0="105,57,124,54,44,42,41,50,35,31,26,80,12" hai1="18,93,71,122,0,1,112,107,10,73,19,40,103" hai2="129,84,23,27,97,132,83,5,34,95,76,109,123" hai3="121,17,46,126,119,62,88,85,22,91,37,86,98"/><T61/><D124/><U66/><E93/><V68/><F109/><W101/><G119/><T79/><D105/><U70/><E40/><V102/><F123/><W59/><G126/><T94/><D94/><U33/><E66/><V90/><F132/><W116/><G116/><T92/><D92/><U96/><E122/><V74/><F129/><W16/><G121/><T7/><D7/><U58/><E58/><V51/><F68/><W75/><G75/><T127/><D127/><U65/><E65/><V47/><F34/><W55/><G37/><T77/><D41/><U48/><E48/><V106/><F5/><W13/><G46/><T15/><REACH who="0" step="1"/><D79/><REACH who="0" ten="240,250,250,250" step="2"/><U87/><E107/><V3/><F3/><W2/><G2/><T104/><D104/><U81/><E0/><V100/><F100/><W4/><G4/><T82/><D82/><U135/><E81/><V67/><F106/><W9/><G101/><T20/><D20/><U64/><E103/><V53/><F102/><W25/><G98/><T134/><D134/><U49/><E96/><V89/><F89/><AGARI ba="0,1" hai="9,13,16,17,22,25,55,59,62,85,86,88,89,91" machi="89" ten="40,8000,1" yaku="8,1,52,1,54,2" doraHai="11" who="3" fromWho="2" sc="240,0,250,0,250,-80,250,90" /><INIT seed="1,0,0,1,3,121" ten="240,250,170,340" oya="1" hai0="0,129,79,119,134,108,66,59,13,70,44,96,113" hai1="63,40,53,28,120,60,93,61,133,67,65,77,36" hai2="81,27,21,26,37,95,41,83,43,11,126,16,30" hai3="114,74,135,12,42,47,6,68,111,39,52,104,118"/><U35/><E120/><V10/><F126/><W106/><G114/><T92/><D13/><U94/><E133/><V18/><F95/><W45/><G74/><T72/><D44/><U115/><E115/><V105/><F105/><W102/><G68/><T25/><D59/><U91/><E77/><V98/><F98/><W17/><G118/><T117/><D25/><U51/><E35/><V80/><F37/><W87/><G6/><T48/><D48/><U131/><E28/><V4/><F10/><W124/><G102/><T24/><D24/><U29/><E29/><V128/><F128/><W8/><G124/><T116/><D113/><U46/><E131/><V64/><F64/><W71/><G71/><T50/><D50/><U89/><E94/><V73/><F73/><W23/><G135/><T14/><D0/><U132/><E132/><V78/><F78/><W82/><G23/><T90/><D134/><U86/><REACH who="1" step="1"/><E91/><REACH who="1" ten="240,240,170,340" step="2"/><V107/><F107/><W34/><G34/><T19/><D129/><U100/><E100/><V2/><REACH who="2" step="1"/><F18/><REACH who="2" ten="240,240,160,340" step="2"/><W9/><G104/><T56/><D116/><U130/><E130/><V125/><F125/><W33/><G106/><T110/><D117/><U1/><E1/><V112/><F112/><W127/><G127/><T85/><D119/><U97/><E97/><V109/><F109/><N who="0" m="42090" /><D96/><U55/><E55/><V101/><F101/><W32/><G111/><T88/><D79/><U31/><E31/><V75/><F75/><W76/><G52/><T57/><D72/><U15/><E15/><V38/><F38/><W123/><G76/><T7/><D14/><RYUUKYOKU ba="0,2" sc="240,-15,240,15,160,15,340,-15" hai1="36,40,46,51,53,60,61,63,65,67,86,89,93" hai2="2,4,11,16,21,26,27,30,41,43,80,81,83" /><INIT seed="1,1,2,3,1,21" ten="225,255,175,325" oya="1" hai0="27,130,113,53,44,51,35,90,33,19,115,131,135" hai1="30,116,48,16,8,31,94,78,52,49,42,7,29" hai2="84,88,114,120,37,5,25,98,100,68,58,106,70" hai3="60,105,119,122,32,10,59,95,92,99,102,91,103"/><U3/><E116/><V18/><F120/><W112/><G122/><T121/><D121/><U73/><E42/><V69/><F37/><W97/><G112/><T124/><D124/><U93/><E49/><V26/><F114/><W13/><G32/><T4/><D4/><U66/><E66/><V24/><F5/><W83/><G83/><T128/><D135/><U110/><E110/><V1/><F1/><W55/><G119/><T54/><D35/><U45/><REACH who="1" step="1"/><E16/><REACH who="1" ten="225,245,175,325" step="2"/><V134/><F134/><W96/><G60/><T71/><D113/><U41/><E41/><V87/><F18/><W127/><G127/><T28/><D115/><U132/><E132/><V75/><F75/><W126/><G126/><T129/><D129/><U2/><E2/><V23/><F23/><W63/><G63/><T39/><D19/><U107/><E107/><V76/><F58/><W20/><G20/><T15/><D39/><U77/><E77/><V9/><F9/><W47/><G10/><T22/><D71/><U67/><E67/><V74/><F74/><W34/><G34/><T38/><D38/><U72/><E72/><V56/><F56/><W123/><G123/><T111/><D111/><U80/><AGARI ba="1,3" hai="3,7,8,29,30,31,45,48,52,73,78,80,93,94" machi="80" ten="30,6000,0" yaku="1,1,0,1,54,1,53,0" doraHai="21" doraHaiUra="86" who="1" fromWho="1" sc="225,-21,245,93,175,-21,325,-21" /><INIT seed="1,2,0,5,4,112" ten="204,338,154,304" oya="1" hai0="59,76,32,21,102,42,88,33,49,6,131,119,81" hai1="46,7,56,108,9,55,117,120,90,60,10,71,82" hai2="39,4,36,53,97,29,96,3,103,40,93,51,129" hai3="84,85,15,126,62,135,100,61,92,115,134,26,5"/><U50/><E120/><V111/><F111/><W104/><G115/><T91/><D131/><U8/><E108/><V63/><F129/><W54/><G126/><T79/><D102/><U122/><E122/><V127/><F127/><W24/><G104/><T38/><D38/><U17/><E71/><V72/><F72/><W41/><G41/><T113/><D113/><U57/><E57/><V107/><F29/><W78/><G5/><T116/><D6/><U101/><E101/><V35/><F35/><W58/><G15/><T14/><D14/><U128/><E60/><V80/><F80/><N who="3" m="47127" /><G62/><T19/><D59/><U69/><E69/><V22/><F40/><W65/><G54/><T132/><D42/><U52/><E128/><V99/><F63/><W87/><G87/><T89/><D49/><N who="1" m="28727" /><E7/><V70/><F70/><W48/><G48/><T31/><D31/><U125/><E125/><V47/><F39/><W114/><G114/><T23/><D81/><U110/><E110/><V20/><F36/><W77/><G100/><T67/><D67/><U98/><E117/><V123/><F123/><W16/><G58/><T43/><D43/><U37/><E37/><V34/><F107/><W73/><G73/><T18/><D91/><U83/><E17/><V1/><F4/><W74/><G16/><T124/><D124/><U25/><E25/><N who="3" m="9834" /><G65/><T45/><D45/><U118/><E118/><V44/><F44/><W75/><G61/><T13/><D13/><U121/><E121/><V86/><F103/><W105/><G105/><T11/><D11/><U94/><AGARI ba="2,0" hai="8,9,10,50,55,56,82,83,90,94,98" m="28727" machi="94" ten="30,3000,0" yaku="8,1,54,1" doraHai="112" who="1" fromWho="1" sc="204,-12,338,36,154,-12,304,-12" /><INIT seed="1,3,0,2,2,46" ten="192,374,142,292" oya="1" hai0="107,13,94,25,64,127,102,108,17,104,126,129,23" hai1="53,114,84,39,100,89,10,67,133,35,122,109,36" hai2="45,62,7,18,119,8,132,74,19,92,91,131,134" hai3="21,11,57,79,30,26,75,27,59,61,52,49,85"/><U55/><E114/><V51/><F119/><W42/><G75/><T81/><D108/><U28/><E122/><V65/><F74/><W44/><G11/><T0/><D0/><U76/><E76/><V29/><F29/><W56/><REACH who="3" step="1"/><G27/><REACH who="3" ten="192,374,142,282" step="2"/><T33/><D25/><U63/><E10/><V116/><F116/><W98/><G98/><T9/><D9/><U70/><E109/><V6/><F6/><W121/><G121/><T99/><D126/><U40/><E133/><N who="2" m="51307" /><F7/><W103/><G103/><T16/><D127/><U54/><E100/><V66/><F8/><W124/><G124/><T80/><D102/><U60/><E60/><V50/><F131/><W72/><G72/><T37/><D129/><U5/><E5/><V1/><F1/><W96/><G96/><T24/><D24/><U90/><E63/><V58/><F65/><W2/><G2/><T95/><D64/><U112/><E67/><V117/><F117/><W83/><AGARI ba="3,1" hai="21,26,30,42,44,49,52,56,57,59,61,79,83,85" machi="83" ten="30,8000,1" yaku="1,1,0,1,8,1,52,1,54,1,53,0" doraHai="46" doraHaiUra="34" who="3" fromWho="3" sc="192,-23,374,-43,142,-23,282,99" /><INIT seed="2,0,0,4,4,94" ten="169,331,119,381" oya="2" hai0="68,9,28,134,30,47,124,34,32,70,25,69,67" hai1="119,91,131,50,135,78,90,65,17,56,73,2,99" hai2="101,100,60,128,27,88,58,20,104,113,77,79,129" hai3="52,14,6,86,40,95,103,105,87,13,26,48,75"/><V82/><F113/><W39/><G75/><T81/><D67/><U72/><E119/><V132/><F132/><W98/><G39/><T31/><D134/><U74/><E2/><V112/><F112/><W64/><G40/><T102/><D124/><U121/><E135/><V16/><F104/><W80/><G64/><T93/><D47/><U107/><E17/><V5/><F5/><W38/><G38/><T118/><D118/><U108/><E50/><V8/><F8/><W42/><G42/><T89/><D102/><N who="2" m="39530" /><F129/><W3/><G26/><T36/><D81/><U106/><E56/><V97/><F128/><W62/><G62/><T29/><D36/><U49/><E49/><V54/><F82/><W44/><G105/><N who="1" m="39946" /><E65/><V24/><F27/><W123/><G123/><T111/><D111/><U120/><E131/><V19/><F19/><W61/><G61/><T22/><REACH who="0" step="1"/><D9/><REACH who="0" ten="159,331,119,381" step="2"/><U18/><E108/><V4/><F4/><W37/><G37/><T12/><D12/><U114/><E114/><V116/><F116/><W35/><G13/><T76/><D76/><U46/><E78/><V53/><F53/><W57/><G14/><T11/><D11/><U126/><E120/><V33/><F33/><W130/><G35/><T122/><D122/><U71/><E121/><V15/><F15/><W133/><G130/><T0/><D0/><U21/><E46/><V51/><F77/><N who="3" m="46351" /><G133/><T84/><AGARI ba="0,1" hai="22,25,28,29,30,31,32,34,68,69,70,84,89,93" machi="84" ten="40,2700,0" yaku="1,1,0,1,53,0" doraHai="94" doraHaiUra="109" who="0" fromWho="0" sc="159,37,331,-7,119,-13,381,-7" /><INIT seed="3,0,0,4,3,91" ten="196,324,106,374" oya="3" hai0="48,81,52,84,83,69,93,105,19,11,87,51,6" hai1="15,53,122,12,59,63,115,47,134,127,1,132,61" hai2="106,118,107,20,36,111,5,92,123,120,67,126,65" hai3="82,28,103,18,108,131,4,3,22,14,33,60,26"/><W130/><G103/><T79/><D105/><N who="2" m="39946" /><F20/><W8/><G108/><T54/><D69/><U121/><E1/><V40/><F5/><W24/><G82/><T100/><D6/><U66/><E12/><V86/><F118/><W27/><G60/><T72/><D72/><U70/><E15/><V38/><F40/><W112/><G112/><T71/><D71/><U88/><E88/><N who="2" m="53271" /><F111/><W57/><G57/><T17/><D11/><U35/><E35/><V74/><F74/><W32/><G26/><T39/><D39/><N who="2" m="14890" /><F126/><W135/><G135/><N who="1" m="51754" /><E127/><V25/><F25/><W94/><G94/><T50/><D19/><U128/><E115/><V76/><F76/><W49/><G49/><T114/><D17/><U113/><E113/><V80/><F80/><W55/><G55/><T42/><D42/><U97/><E97/><V0/><F0/><W29/><AGARI ba="0,0" hai="3,4,8,14,18,22,24,27,28,29,32,33,130,131" machi="29" ten="30,18000,2" yaku="0,1,9,1,24,2,34,3" doraHai="91" who="3" fromWho="3" sc="196,-60,324,-60,106,-60,374,180" /><INIT seed="3,1,0,2,3,80" ten="136,264,46,554" oya="3" hai0="131,30,65,111,13,69,114,51,66,108,28,85,128" hai1="95,56,100,31,67,112,64,34,70,93,102,45,15" hai2="126,1,101,110,107,68,61,52,74,4,63,54,11" hai3="27,77,59,132,90,6,82,7,19,16,20,117,57"/><W135/><G90/><T92/><D114/><U75/><E112/><V130/><F74/><W124/><G117/><T109/><D51/><U113/><E113/><V8/><F110/><W62/><G124/><T106/><D106/><U96/><E75/><V41/><F126/><W21/><G6/><T115/><D13/><U116/><E116/><V17/><F130/><N who="0" m="49706" /><D115/><U49/><E70/><V26/><F41/><W120/><G7/><T50/><D50/><U10/><E31/><N who="0" m="11817" /><D69/><U83/><E34/><V73/><F73/><W103/><G103/><T122/><D122/><U3/><E3/><V134/><F134/><N who="3" m="51243" /><G62/><T40/><D40/><U118/><E100/><V36/><F63/><W38/><G38/><T18/><D18/><U72/><E102/><V46/><F101/><W127/><G120/><T89/><AGARI ba="1,0" hai="65,66,85,89,92,108,109,111" m="11817,49706" machi="89" ten="40,5200,0" yaku="14,1,19,1,52,1" doraHai="80" who="0" fromWho="0" sc="136,55,264,-14,46,-14,554,-27" /><INIT seed="4,0,0,2,4,64" ten="191,250,32,527" oya="0" hai0="114,106,75,12,51,126,32,57,16,43,74,93,38" hai1="35,115,52,130,120,82,77,80,92,122,62,99,78" hai2="100,33,66,5,31,59,17,65,19,2,97,73,113" hai3="98,9,87,36,22,6,90,53,48,131,50,41,85"/><T61/><D106/><U25/><E130/><V86/><F73/><W18/><G131/><T121/><D32/><U45/><E115/><V81/><F113/><W109/><G109/><T72/><D114/><U4/><E4/><V135/><F135/><W60/><G60/><T47/><D126/><U124/><E124/><V101/><F101/><W133/><G36/><T91/><D38/><U49/><E62/><V108/><F108/><W119/><G119/><T39/><D39/><U105/><E105/><V67/><F33/><W58/><G98/><T23/><D121/><U34/><E82/><V70/><F31/><W0/><G90/><T13/><D13/><U111/><E122/><V11/><F59/><W132/><G50/><T29/><D29/><U112/><E111/><V123/><F123/><W44/><G44/><T134/><D134/><N who="3" m="51817" /><G41/><T14/><D14/><AGARI ba="0,0" hai="0,6,9,14,18,22,48,53,58,85,87" m="51817" machi="14" ten="30,1000,0" yaku="20,1" doraHai="64" who="3" fromWho="0" sc="191,-10,250,0,32,0,527,10" /><INIT seed="5,0,0,3,1,27" ten="181,250,32,537" oya="1" hai0="56,132,87,105,24,16,115,67,120,28,61,31,127" hai1="123,104,133,10,26,38,69,2,11,39,95,49,71" hai2="77,43,130,20,29,53,85,124,82,114,41,13,109" hai3="111,121,62,7,101,52,122,64,135,84,4,34,107"/><U76/><E123/><V79/><F109/><W46/><G111/><T59/><D105/><U68/><E104/><V50/><F130/><W134/><G34/><T33/><D120/><U12/><E133/><N who="3" m="50698" /><G84/><T30/><D132/><U0/><E76/><V110/><F110/><W113/><G113/><T83/><D127/><U74/><E74/><V45/><F124/><W91/><G91/><T65/><D115/><U90/><E49/><V22/><F114/><W98/><G52/><T73/><D73/><U36/><E26/><N who="2" m="16583" /><F79/><W42/><G4/><T57/><D16/><AGARI ba="0,0" hai="13,16,22,41,43,45,50,53,77,82,85" m="16583" machi="16" ten="30,3900,0" yaku="8,1,52,1,54,1" doraHai="27" who="2" fromWho="0" sc="181,-39,250,0,32,39,537,0" /><INIT seed="6,0,0,0,5,64" ten="142,250,71,537" oya="2" hai0="28,78,0,80,59,18,131,41,124,46,3,4,70" hai1="120,6,14,111,128,114,100,55,96,12,117,106,53" hai2="40,21,50,92,68,34,109,129,11,39,102,30,82" hai3="83,9,38,122,54,74,32,52,86,121,116,69,49"/><V130/><F34/><W123/><G116/><T2/><D124/><U31/><E111/><V26/><F39/><W77/><G32/><T8/><D131/><N who="2" m="50186" /><F109/><W36/><G69/><T91/><D70/><U104/><E114/><V15/><F82/><W101/><G101/><T47/><D28/><U7/><E128/><V89/><F102/><W98/><G98/><T79/><D18/><U22/><E100/><V43/><F50/><W119/><G119/><T85/><D59/><U1/><E117/><V132/><F132/><W113/><G113/><T61/><D61/><U97/><E22/><V67/><F67/><W10/><G74/><T45/><REACH who="0" step="1"/><D41/><REACH who="0" ten="132,250,71,537" step="2"/><U75/><E31/><V58/><F58/><W93/><G122/><T76/><AGARI ba="0,1" hai="0,2,3,4,8,45,46,47,76,78,79,80,85,91" machi="76" ten="30,4000,0" yaku="1,1,2,1,0,1,53,0" doraHai="64" doraHaiUra="110" who="0" fromWho="0" sc="132,50,250,-10,71,-20,537,-10" /><INIT seed="7,0,0,4,2,49" ten="182,240,51,527" oya="3" hai0="29,31,50,124,87,122,68,65,117,84,121,135,13" hai1="30,109,34,115,75,126,46,9,39,88,18,127,119" hai2="48,51,47,106,77,90,62,131,112,86,103,11,33" hai3="78,0,132,3,21,19,20,23,55,129,10,43,134"/><W116/><G116/><T25/><D117/><U113/><E75/><V69/><F112/><W54/><G129/><T59/><D135/><N who="3" m="51753" /><G43/><T42/><D124/><N who="1" m="47659" /><E109/><V130/><F77/><W107/><G107/><T12/><D68/><U32/><E88/><V92/><F33/><W83/><G19/><T22/><D65/><U71/><E71/><V85/><F85/><N who="3" m="48375" /><G10/><T70/><D31/><U100/><E9/><V102/><F11/><W41/><G41/><T37/><D37/><U36/><E18/><V73/><F73/><W14/><G14/><T111/><D12/><U82/><E30/><V108/><F108/><W24/><G24/><T60/><D13/><U38/><E119/><V91/><F106/><W110/><G110/><T1/><D111/><U6/><E6/><V128/><F91/><W44/><G44/><T35/><D42/><U79/><E46/><V45/><F69/><W61/><G61/><T64/><D70/><U56/><E36/><V2/><F62/><W104/><G104/><T7/><D60/><U74/><E38/><V101/><F2/><AGARI ba="0,0" hai="0,2,3,20,21,23,54,55" m="48375,51753" machi="2" ten="40,7700,0" yaku="20,1,52,2" doraHai="49" who="3" fromWho="2" sc="182,0,240,0,51,-77,527,77" owari="182,-21.8,240,4.0,-26,-52.6,604,70.4" /></mjloggm>