<mjloggm ver="2.3"><GO type="169" lobby="0"/><UN n0="%E3%82%88%E3%81%B4" n1="%7A%6F%6F%31%39%36%34" n2="%E8%B5%A4%E6%AF%9B%E3%81%AE%E3%82%AD%E3%83%A7%E3%83%B3" n3="%6B%61%74%65%72%69%6E%61" dan="17,17,18,16" rate="2141.37,2203.13,2342.75,2108.61" sx="M,M,M,M"/><TAIKYOKU oya="0"/><INIT seed="0,0,0,0,0,15" ten="250,250,250,250" oya="0" hai0="132,56,107,47,121,3,103,16,11,131,23,88,5" hai1="129,120,19,36,96,20,115,57,34,25,10,65,40" hai2="4,64,0,92,27,31,91,102,85,84,82,8,127" hai3="95,71,75,98,35,89,53,28,73,41,81,125,52"/><T32/><D32/><U44/><E120/><V39/><F127/><W68/><G125/><T110/><D121/><U87/><E129/><V2/><F39/><W94/><G41/><T6/><D6/><U118/><E118/><V114/><F114/><W22/><G35/><T112/><D112/><U86/><E115/><V133/><F133/><W55/><G94/><T119/><D119/><U128/><E128/><V78/><F64/><W62/><G62/><T30/><D30/><U38/><E38/><V83/><F0/><W117/><G117/><T77/><D77/><U12/><E34/><V122/><F122/><W54/><N who="3" m="13312" /><DORA hai="100" /><W17/><G28/><T79/><D79/><U70/><E57/><V76/><F102/><W69/><REACH who="3" step="1"/><G81/><REACH who="3" ten="250,250,250,240" step="2"/><T60/><D131/><U18/><REACH who="1" step="1"/><E96/><REACH who="1" ten="250,240,250,240" step="2"/><V46/><F46/><W113/><G113/><T21/><D47/><U7/><E7/><V123/><F123/><W130/><G130/><T111/><D5/><U106/><E106/><V99/><F99/><W1/><G1/><T24/><D107/><U101/><E101/><V104/><F104/><W49/><G49/><T51/><D51/><U72/><E72/><V74/><F74/><W13/><AGARI ba="0,2" hai="13,17,22,68,69,71,73,75,89,95,98" m="13312" machi="13" ten="50,8000,1" yaku="1,1,0,1,52,1,54,1,53,1" doraHai="15,100" doraHaiUra="80,93" who="3" fromWho="3" sc="250,-40,240,-20,250,-20,240,100" /><INIT seed="1,0,0,5,2,63" ten="210,220,230,340" oya="1" hai0="24,66,11,43,123,50,74,108,62,104,48,23,44" hai1="112,116,55,83,0,88,133,21,103,14,45,82,127" hai2="28,132,19,5,70,121,135,75,90,69,122,56,126" hai3="79,22,89,38,134,117,52,54,128,36,95,92,78"/><U77/><E112/><V2/><F75/><W84/><G128/><T46/><D108/><U98/><E116/><V8/><F126/><W106/><G106/><T85/><D74/><U10/><E127/><V40/><F28/><W94/><G134/><N who="2" m="51241" /><F40/><W57/><G117/><T125/><D104/><U129/><E133/><V59/><F19/><W31/><G38/><T102/><D102/><U113/><E113/><V42/><F42/><W9/><G9/><T29/><D123/><N who="2" m="47114" /><F90/><W4/><G36/><T96/><D96/><U30/><E30/><V3/><F3/><W109/><G109/><T80/><D11/><U100/><E0/><V119/><F119/><W17/><G31/><T27/><D27/><U47/><E21/><V86/><F86/><W93/><G4/><T39/><D46/><U91/><E14/><V61/><F59/><W1/><G1/><T131/><D131/><U130/><E10/><V81/><F81/><W26/><REACH who="3" step="1"/><G54/><AGARI ba="0,0" hai="2,5,8,54,56,61,69,70" m="47114,51241" machi="54" ten="30,1000,0" yaku="20,1" doraHai="63" who="2" fromWho="3" sc="210,0,220,0,230,10,340,-10" /><INIT seed="2,0,0,4,4,39" ten="210,220,240,330" oya="2" hai0="49,30,56,44,47,98,42,35,134,130,61,41,127" hai1="135,132,57,84,13,129,55,111,67,86,119,11,114" hai2="133,25,102,31,72,101,83,7,122,23,18,6,85" hai3="62,113,107,109,70,14,58,40,124,81,38,52,87"/><V77/><F122/><W32/><G32/><T79/><D127/><U17/><E114/><V65/><F133/><N who="1" m="51273" /><E119/><V10/><F72/><W73/><G109/><T121/><D134/><U123/><E111/><V97/><F65/><W89/><G107/><T16/><D130/><U110/><E110/><V104/><F102/><W105/><G105/><T27/><D98/><U80/><E129/><V50/><F50/><W95/><G124/><T37/><D79/><U12/><E123/><V15/><AGARI ba="0,0" hai="6,7,10,15,18,23,25,31,77,83,85,97,101,104" machi="15" ten="30,1500,0" yaku="0,1" doraHai="39" who="2" fromWho="2" sc="210,-5,220,-5,240,15,330,-5" /><INIT seed="2,1,0,4,5,16" ten="205,215,255,325" oya="2" hai0="0,70,107,60,101,37,68,32,99,52,46,34,100" hai1="122,20,69,26,102,135,40,95,21,123,115,65,134" hai2="51,64,8,105,130,80,48,85,13,12,54,87,55" hai3="29,2,45,111,96,27,11,24,7,126,98,113,89"/><V81/><F105/><W92/><G111/><T31/><D100/><U41/><E115/><V121/><F64/><W106/><G113/><T36/><D0/><U128/><E128/><V39/><F39/><W1/><G126/><T19/><D34/><U133/><E69/><V117/><F130/><W94/><G106/><T116/><D116/><U119/><E65/><V58/><F121/><N who="1" m="46089" /><E119/><V78/><F117/><W44/><G2/><T53/><D31/><N who="1" m="17863" /><E102/><V14/><F54/><W108/><G27/><T97/><D32/><U5/><E5/><V6/><REACH who="2" step="1"/><F51/><REACH who="2" ten="205,215,245,325" step="2"/><W9/><G108/><T25/><D53/><U72/><E72/><V17/><F17/><W86/><G45/><T38/><D38/><U4/><E4/><V77/><AGARI ba="1,1" hai="6,8,12,13,14,48,55,58,77,78,80,81,85,87" machi="77" ten="20,18000,2" yaku="1,1,0,1,7,1,9,1,8,1,53,2" doraHai="16" doraHaiUra="76" who="2" fromWho="2" sc="205,-61,215,-61,245,193,325,-61" /><INIT seed="2,2,0,2,3,69" ten="144,154,438,264" oya="2" hai0="48,20,133,103,82,4,62,114,13,14,101,31,10" hai1="22,35,76,117,64,37,89,16,94,130,56,80,30" hai2="129,46,102,50,32,106,9,2,63,27,38,55,112" hai3="26,86,83,34,93,3,97,8,17,40,67,84,49"/><V87/><F112/><W53/><G67/><T77/><D133/><U135/><E117/><V105/><F129/><W11/><G40/><T0/><D114/><U85/><E135/><V72/><F72/><W128/><G128/><T60/><D0/><U19/><E130/><V59/><F102/><W74/><G74/><T58/><D60/><U132/><E132/><V33/><F38/><W39/><G39/><T57/><D58/><U115/><E115/><V113/><F113/><W65/><G65/><T79/><D48/><U42/><E35/><V29/><F33/><W23/><G34/><T73/><D77/><U47/><E30/><V108/><F108/><W123/><G123/><T81/><D81/><U96/><REACH who="1" step="1"/><E22/><REACH who="1" ten="144,144,438,264" step="2"/><V104/><F32/><W100/><G3/><T91/><D31/><U52/><E52/><V5/><F29/><W119/><G119/><T12/><D20/><U1/><E1/><V126/><F2/><W15/><G26/><T131/><D131/><U71/><E71/><V43/><F27/><W78/><REACH who="3" step="1"/><G86/><REACH who="3" ten="144,144,438,254" step="2"/><T75/><D75/><U118/><E118/><V110/><F87/><W21/><G21/><T95/><D12/><U25/><E25/><V54/><F54/><W51/><G51/><T45/><D14/><U44/><E44/><AGARI ba="2,2" hai="8,11,15,17,23,44,49,53,78,83,84,93,97,100" machi="44" ten="30,8000,1" yaku="1,1,7,1,8,1,53,2" doraHai="69" doraHaiUra="7" who="3" fromWho="1" sc="144,0,144,-86,438,0,254,106" /><INIT seed="3,0,0,5,3,30" ten="144,58,438,360" oya="3" hai0="95,18,65,133,26,107,72,22,93,0,96,99,17" hai1="58,25,70,3,67,118,37,80,43,19,34,9,1" hai2="109,132,127,85,75,98,111,60,91,129,7,106,121" hai3="77,45,117,90,54,20,50,10,76,110,15,94,32"/><W14/><G117/><T100/><D72/><U49/><E118/><V35/><F7/><W71/><G71/><T83/><D0/><U36/><E80/><V5/><F5/><W21/><G32/><T31/><D107/><U114/><E114/><V81/><F60/><W8/><G110/><N who="2" m="41993" /><F35/><W101/><G101/><T119/><D133/><U74/><E74/><V63/><F63/><W66/><G66/><T59/><D83/><U24/><E70/><V115/><F115/><W28/><G10/><T57/><D119/><U135/><E135/><V48/><F48/><W16/><G21/><T39/><D39/><U52/><E67/><V56/><F56/><W97/><REACH who="3" step="1"/><G28/><REACH who="3" ten="144,58,438,350" step="2"/><T130/><D31/><U128/><E34/><V116/><F116/><W89/><G89/><T68/><D68/><U62/><E9/><V108/><F108/><W84/><G84/><T87/><D87/><U125/><E1/><V73/><F132/><W61/><G61/><T92/><D100/><U40/><E3/><V29/><F29/><W42/><G42/><T122/><D65/><U53/><E43/><V27/><F73/><W46/><G46/><T55/><D22/><U86/><E86/><V124/><F75/><W47/><G47/><T105/><D59/><U88/><E40/><V131/><F91/><W41/><G41/><T44/><D57/><U78/><E88/><V79/><F85/><W51/><G51/><T104/><D44/><N who="1" m="27687" /><E37/><V12/><F127/><W123/><G123/><T113/><D122/><U82/><E36/><V126/><F121/><W33/><G33/><T13/><D113/><RYUUKYOKU ba="0,1" sc="144,-10,58,-10,438,-10,350,30" hai3="8,14,15,16,20,45,50,54,76,77,90,94,97" /><INIT seed="3,1,1,4,0,31" ten="134,48,428,380" oya="3" hai0="26,48,126,99,131,14,134,110,86,115,20,56,7" hai1="75,132,84,67,103,2,91,65,50,18,85,55,90" hai2="88,64,62,113,76,71,59,124,104,79,118,34,102" hai3="73,9,72,133,4,81,8,127,33,108,121,92,70"/><W58/><G121/><T37/><D37/><U122/><E75/><V57/><F118/><W95/><G70/><T6/><D110/><U53/><E2/><V27/><F113/><W105/><G105/><T16/><D134/><U19/><E132/><V111/><F111/><W107/><G107/><T93/><D131/><U49/><REACH who="1" step="1"/><E122/><REACH who="1" ten="134,38,428,380" step="2"/><V51/><F124/><W63/><G133/><T21/><D126/><U135/><E135/><V54/><F76/><W80/><G127/><T129/><D115/><U13/><E13/><V87/><F79/><W60/><G108/><T94/><D129/><U123/><E123/><V23/><F104/><W1/><G1/><T44/><D56/><U28/><E28/><V40/><F59/><W97/><G58/><T35/><D14/><U15/><E15/><V0/><F0/><W89/><G73/><T22/><D6/><U41/><E41/><V25/><F40/><W10/><G72/><T78/><D7/><U77/><E77/><V11/><F57/><W17/><G4/><T29/><D78/><U52/><E52/><V101/><F54/><W116/><G116/><T69/><D69/><U30/><E30/><V120/><F120/><W45/><G17/><T114/><D16/><U109/><E109/><V117/><F117/><W106/><G106/><T43/><D114/><U125/><E125/><V46/><F71/><W68/><G68/><T47/><D47/><U112/><E112/><V66/><F46/><W61/><G45/><T98/><D44/><U38/><E38/><V3/><F3/><W42/><G42/><T24/><D43/><RYUUKYOKU ba="1,2" sc="134,-10,38,30,428,-10,380,-10" hai1="18,19,49,50,53,55,65,67,84,85,90,91,103" /><INIT seed="4,2,2,2,4,63" ten="124,68,418,370" oya="0" hai0="50,57,134,30,43,82,52,81,78,11,105,1,83" hai1="6,35,23,17,72,123,46,90,126,45,7,121,47" hai2="26,110,70,133,101,12,20,75,77,85,108,16,128" hai3="54,15,14,62,10,79,111,102,36,95,13,114,21"/><T106/><D134/><U44/><E35/><V40/><F75/><W115/><G36/><T29/><D78/><U98/><E72/><V89/><F133/><W86/><G111/><T55/><D43/><U88/><E126/><V18/><F77/><W48/><G21/><T9/><D1/><U58/><E123/><V37/><F70/><W107/><G107/><T116/><D116/><U66/><E121/><V34/><F128/><W117/><G117/><T28/><REACH who="0" step="1"/><D55/><REACH who="0" ten="114,68,418,370" step="2"/><U73/><E73/><V93/><F40/><W42/><G42/><T31/><N who="0" m="7168" /><DORA hai="69" /><T112/><D112/><U27/><N who="1" m="11264" /><DORA hai="33" /><U80/><E80/><V2/><F2/><W125/><G54/><T100/><D100/><U49/><E49/><V119/><F119/><W24/><G48/><T22/><D22/><U3/><E3/><V130/><F34/><W56/><G102/><T87/><D87/><U74/><E74/><V129/><F101/><W68/><G86/><T120/><D120/><U96/><E96/><V109/><F37/><W104/><G115/><T94/><D94/><N who="1" m="56647" /><E90/><V92/><F92/><W65/><G95/><T25/><D25/><U124/><E124/><V84/><F85/><W71/><G79/><T61/><D61/><AGARI ba="2,3" hai="6,7,17,23,27,58,61,66" m="56647,11264" machi="61" ten="40,5200,0" yaku="8,1,52,1,54,1" doraHai="63,69,33" who="1" fromWho="0" sc="114,-58,68,88,418,0,370,0" /><INIT seed="5,0,0,3,4,127" ten="56,156,418,370" oya="1" hai0="78,67,65,63,52,91,133,14,64,29,25,2,124" hai1="3,105,26,51,23,117,135,92,31,16,9,42,74" hai2="50,126,8,82,132,107,0,1,113,103,33,68,118" hai3="104,95,125,6,30,55,116,37,79,98,39,46,75"/><U10/><E105/><V61/><F118/><W49/><G125/><T90/><D2/><U123/><E74/><V112/><F126/><W87/><G116/><T111/><D111/><U66/><E117/><V24/><F132/><W53/><G75/><T114/><D114/><N who="2" m="44138" /><F50/><W40/><G6/><T86/><D133/><U119/><E123/><V80/><F80/><W72/><G72/><T18/><D124/><U77/><E77/><V27/><F82/><W4/><G4/><T56/><D78/><U89/><E66/><N who="2" m="41039" /><F8/><W93/><G39/><T20/><REACH who="0" step="1"/><D86/><REACH who="0" ten="46,156,418,370" step="2"/><N who="1" m="52279" /><E3/><N who="2" m="1099" /><F33/><AGARI ba="0,1" hai="14,18,20,25,29,33,52,56,63,64,65,67,90,91" machi="33" ten="40,5200,0" yaku="1,1,54,1,53,1" doraHai="127" doraHaiUra="21" who="0" fromWho="2" sc="46,62,156,0,418,-52,370,0" /><INIT seed="6,0,0,2,4,31" ten="108,156,366,370" oya="2" hai0="62,47,94,82,71,79,16,34,9,21,120,107,68" hai1="114,14,124,1,105,19,125,106,96,36,119,22,104" hai2="84,10,52,108,75,25,7,109,18,70,59,117,91" hai3="57,78,135,81,101,130,15,32,42,132,8,29,41"/><V89/><F117/><W92/><G130/><T53/><D107/><U11/><E119/><V99/><F70/><W24/><G57/><T45/><D120/><U88/><E36/><V102/><F75/><W83/><G101/><T133/><D34/><U46/><E46/><V4/><F18/><W23/><G92/><T39/><D133/><N who="3" m="51273" /><G23/><T131/><D131/><U61/><E61/><V74/><F74/><N who="3" m="43223" /><G83/><T33/><D33/><U35/><E35/><V116/><F25/><W56/><G56/><T6/><D94/><U28/><E28/><V100/><F116/><W103/><G103/><N who="2" m="39465" /><F99/><W123/><G123/><T77/><D77/><U128/><E128/><V110/><F10/><W64/><G64/><T51/><D62/><U50/><E106/><V122/><F122/><W49/><G49/><T0/><D47/><U86/><E50/><N who="2" m="31127" /><F91/><W80/><G80/><AGARI ba="0,0" hai="4,7,80,84,89,108,109,110" m="31127,39465" machi="80" ten="30,2900,0" yaku="10,1,54,1" doraHai="31" who="2" fromWho="3" sc="108,0,156,0,366,29,370,-29" /><INIT seed="6,1,0,1,2,47" ten="108,156,395,341" oya="2" hai0="5,18,15,102,51,11,52,40,29,53,22,27,110" hai1="101,41,67,46,17,119,88,73,132,63,43,82,44" hai2="35,4,33,116,86,109,1,115,21,122,54,77,38" hai3="2,83,12,0,130,126,103,100,13,84,75,36,48"/><V107/><F116/><W124/><G36/><T50/><D110/><U57/><E119/><V9/><F122/><W76/><G130/><T121/><D121/><U62/><E132/><V7/><F107/><W111/><G111/><T129/><D129/><U90/><E101/><N who="3" m="38986" /><G75/><T26/><D102/><U134/><E134/><V45/><F109/><W42/><G12/><T37/><D37/><U89/><E17/><V6/><F115/><W65/><G65/><T128/><D128/><U8/><E8/><V10/><F21/><W104/><G104/><T30/><D40/><U66/><E73/><V108/><F108/><W3/><G13/><T34/><D34/><U25/><E25/><V85/><F38/><W16/><G16/><T39/><D39/><U123/><E82/><V23/><F23/><W49/><G42/><N who="1" m="15882" /><E123/><V105/><F105/><W19/><G19/><T64/><D64/><N who="1" m="24619" /><E57/><V20/><F20/><W60/><G60/><AGARI ba="1,0" hai="44,46,60,62,63,88,89,90" m="24619,15882" machi="60" ten="30,7700,0" yaku="28,2,8,1,54,1" doraHai="47" who="1" fromWho="3" sc="108,0,156,80,395,0,341,-80" /><INIT seed="7,0,0,0,4,95" ten="108,236,395,261" oya="3" hai0="85,22,114,106,126,83,122,43,100,74,96,52,134" hai1="73,54,113,89,11,102,118,71,117,93,25,82,104" hai2="108,27,70,78,67,111,116,60,59,64,18,81,46" hai3="57,125,99,88,123,87,58,110,135,133,61,97,49"/><W45/><G123/><T7/><D43/><U69/><E54/><V17/><F116/><N who="1" m="44649" /><E25/><V129/><F129/><W24/><G125/><T51/><D126/><U0/><E113/><V10/><F17/><W19/><G110/><T44/><D134/><N who="3" m="51209" /><G19/><T50/><D114/><U32/><E32/><V40/><F70/><N who="1" m="26633" /><E93/><V33/><F108/><W63/><G24/><T132/><D132/><U41/><E41/><V98/><F111/><W66/><G49/><T120/><D74/><U65/><E65/><V3/><F18/><W72/><G45/><T124/><D124/><U39/><E89/><V21/><F46/><W31/><G31/><T26/><D50/><U121/><E121/><V6/><F6/><W28/><G28/><T77/><REACH who="0" step="1"/><D7/><REACH who="0" ten="98,236,395,261" step="2"/><N who="1" m="1511" /><E39/><V38/><F38/><W76/><G72/><T128/><D128/><U12/><E73/><V9/><F27/><W4/><G4/><T62/><D62/><U127/><E127/><V94/><F60/><W107/><G63/><T84/><D84/><U29/><E29/><AGARI ba="0,1" hai="22,26,29,44,51,52,77,83,85,96,100,106,120,122" machi="29" ten="30,8000,1" yaku="1,1,7,1,52,1,54,1,53,1" doraHai="95" doraHaiUra="92" who="0" fromWho="1" sc="98,90,236,-80,395,0,261,0" owari="188,-21.2,156,-34.4,395,49.5,261,6.1" /></mjloggm>