<mjloggm ver="2.3"><GO type="225" lobby="0"/><UN n0="%E3%81%BF%E3%81%BF%E3%81%9A" n1="%70%68%65%6E%6F%6D%65" n2="%E3%83%96%E3%83%83%E3%83%91%E3%82%AA%E3%83%96%E3%83%81%E3%82%AD%E3%83%B3" n3="%E3%81%8B%E3%82%8F%E3%81%A1%E3%82%83%E3%82%93%35%38" dan="17,16,16,16" rate="2253.69,2174.28,2128.04,2163.48" sx="M,M,M,M"/><TAIKYOKU oya="0"/><INIT seed="0,0,0,2,5,64" ten="250,250,250,250" oya="0" hai0="128,96,45,35,53,9,62,88,79,86,77,124,83" hai1="71,116,34,13,28,39,4,1,5,104,118,24,36" hai2="97,93,110,11,42,133,69,122,98,32,109,81,20" hai3="46,56,87,61,54,15,129,59,111,126,30,114,21"/><T47/><D124/><U101/><E5/><V130/><F122/><W57/><G114/><T134/><D134/><U48/><E48/><V91/><F32/><W102/><G126/><T43/><D35/><U26/><E24/><V29/><F133/><W12/><G129/><T65/><D128/><U95/><E95/><V89/><F130/><W105/><G105/><T31/><D31/><U23/><E71/><V85/><F42/><W127/><G127/><T76/><D53/><U0/><E13/><V123/><F123/><W108/><G102/><T113/><D113/><U125/><E23/><V2/><F98/><W75/><G75/><T6/><D96/><N who="1" m="61479" /><E125/><V135/><F135/><W33/><G33/><T120/><D120/><U37/><E4/><V117/><F117/><AGARI ba="0,0" hai="0,1,26,28,34,36,37,39,116,117,118" m="61479" machi="117" ten="40,1300,0" yaku="23,1" doraHai="64" who="1" fromWho="2" sc="250,0,250,13,250,-13,250,0" /><INIT seed="1,0,0,0,0,97" ten="250,263,237,250" oya="1" hai0="117,79,122,102,62,125,35,12,86,67,106,63,99" hai1="57,70,66,101,80,65,87,120,4,53,130,52,37" hai2="42,88,107,21,89,36,113,64,10,94,127,22,114" hai3="31,124,49,75,16,55,28,11,121,29,90,9,44"/><U78/><E120/><V45/><F127/><W93/><G124/><T72/><D125/><U76/><E130/><V110/><F110/><W61/><G75/><T6/><D117/><U7/><E37/><V95/><F107/><W82/><G121/><T51/><D122/><U39/><E39/><V18/><F64/><N who="1" m="24681" /><E70/><V54/><F10/><W47/><G61/><T123/><D123/><U8/><E78/><V116/><F116/><W17/><G82/><T13/><D35/><U91/><E76/><V60/><F60/><W14/><G47/><T131/><D131/><U43/><E43/><V23/><F18/><W129/><G129/><T56/><D72/><U0/><E0/><V2/><F2/><W119/><G119/><T69/><D6/><N who="1" m="2091" /><E8/><N who="3" m="3146" /><G14/><T59/><D51/><N who="1" m="30879" /><E53/><V112/><REACH who="2" step="1"/><F54/><REACH who="2" ten="250,263,227,250" step="2"/><W71/><G71/><T50/><D63/><U26/><E26/><V105/><F105/><W134/><G134/><T81/><REACH who="0" step="1"/><D50/><REACH who="0" ten="240,263,227,250" step="2"/><U111/><E111/><V46/><F46/><W24/><G24/><T68/><D68/><U15/><E15/><AGARI ba="0,2" hai="12,13,15,56,59,62,67,69,79,81,86,99,102,106" machi="15" ten="40,2600,0" yaku="1,1,52,1,53,0" doraHai="97" doraHaiUra="132" who="0" fromWho="1" sc="240,46,263,-26,227,0,250,0" /><INIT seed="2,0,0,3,1,126" ten="286,237,227,250" oya="2" hai0="102,130,20,134,9,71,79,33,6,13,118,48,54" hai1="76,85,61,120,56,111,19,121,100,15,84,119,103" hai2="59,35,88,8,115,114,75,29,65,125,39,34,112" hai3="90,38,11,7,3,122,104,66,62,93,53,45,5"/><V105/><F125/><W89/><G122/><N who="1" m="47210" /><E119/><V81/><F39/><W21/><G104/><T37/><D37/><U32/><E32/><V12/><F105/><W52/><G7/><T55/><D33/><U67/><E111/><V127/><F127/><W50/><G38/><T113/><D71/><U131/><E131/><V77/><F29/><W68/><G21/><T86/><D113/><U64/><E64/><V16/><REACH who="2" step="1"/><F88/><REACH who="2" ten="286,237,217,250" step="2"/><W18/><G18/><T108/><D108/><U60/><E76/><V87/><F87/><N who="1" m="33353" /><E60/><AGARI ba="0,1" hai="8,12,16,34,35,59,60,65,75,77,81,112,114,115" machi="60" ten="40,3900,0" yaku="1,1,54,1,53,0" doraHai="126" doraHaiUra="49" who="2" fromWho="1" sc="286,0,237,-39,217,49,250,0" /><INIT seed="2,1,0,4,3,46" ten="286,198,266,250" oya="2" hai0="11,110,89,123,25,117,55,13,79,81,10,126,72" hai1="98,124,7,127,15,100,80,65,4,111,49,45,51" hai2="6,30,48,112,130,118,44,62,86,76,32,50,102" hai3="14,60,97,71,104,35,75,5,121,18,37,105,57"/><V17/><F112/><W69/><G121/><T95/><D123/><U29/><E111/><V125/><F118/><W39/><G75/><T103/><D110/><U82/><E29/><V129/><F6/><N who="1" m="2089" /><E65/><V0/><F0/><W19/><G5/><T41/><D117/><U40/><E15/><V47/><F102/><W61/><G57/><T58/><D126/><N who="1" m="48171" /><E80/><N who="2" m="47367" /><F125/><W91/><G14/><T31/><D41/><U132/><E82/><V96/><F96/><W52/><G97/><T106/><D103/><U38/><E132/><V134/><F134/><W34/><REACH who="3" step="1"/><G91/><REACH who="3" ten="286,198,266,240" step="2"/><T67/><D13/><U63/><E63/><V74/><F62/><W93/><G93/><AGARI ba="1,1" hai="38,40,45,49,51,93,98,100" m="48171,2089" machi="93" ten="30,3900,0" yaku="18,1,52,2" doraHai="46" who="1" fromWho="3" sc="286,0,198,52,266,0,240,-42" /><INIT seed="3,0,0,3,3,129" ten="286,250,266,198" oya="3" hai0="114,94,77,115,42,79,27,41,58,96,100,68,73" hai1="56,50,37,30,44,83,92,64,109,15,98,106,5" hai2="130,31,123,135,28,90,60,39,63,57,29,40,70" hai3="2,84,80,46,9,89,67,0,53,118,74,13,132"/><W62/><G118/><T61/><D68/><U10/><E109/><V117/><F117/><W85/><G74/><T72/><D72/><U93/><E30/><V8/><F130/><W33/><G33/><T82/><D79/><U101/><E37/><V18/><F123/><W81/><G132/><T125/><D125/><U107/><E106/><V49/><F39/><W43/><G67/><T128/><D128/><U32/><E32/><V99/><F70/><W122/><G122/><T20/><D115/><U47/><E47/><N who="2" m="25831" /><F57/><W52/><G62/><N who="2" m="23593" /><F135/><W97/><G97/><T11/><D11/><U25/><E56/><V91/><F99/><W75/><G75/><T127/><D127/><U7/><E7/><V87/><F87/><W110/><G110/><T36/><D36/><U113/><E113/><V6/><F6/><N who="3" m="3255" /><G0/><T104/><D114/><U24/><E64/><V112/><F112/><W111/><G2/><T126/><D126/><U119/><E119/><V103/><F103/><W131/><G111/><T14/><D14/><AGARI ba="0,0" hai="8,14,18,28,29,31,90,91" m="23593,25831" machi="14" ten="30,1000,0" yaku="8,1" doraHai="129" who="2" fromWho="0" sc="286,-10,250,0,266,10,198,0" /><INIT seed="4,0,0,1,1,132" ten="276,250,276,198" oya="0" hai0="56,59,20,86,91,129,104,42,4,34,53,52,79" hai1="35,97,67,17,14,89,124,102,12,105,23,48,88" hai2="135,49,45,112,70,18,46,41,33,71,51,123,130" hai3="37,117,110,83,90,106,111,28,25,40,65,64,66"/><T133/><D34/><U29/><E124/><V11/><F123/><W30/><G106/><T107/><D42/><U7/><E48/><V68/><F33/><W116/><G83/><T127/><D133/><U131/><E131/><V114/><F135/><W100/><G100/><T134/><D134/><U15/><E67/><V55/><F18/><W31/><G90/><T74/><D127/><U121/><E121/><V108/><F11/><W57/><G25/><T13/><D74/><U6/><E35/><V21/><F21/><W99/><G99/><T0/><D0/><U1/><E29/><V39/><F108/><N who="3" m="41515" /><G40/><T122/><D129/><U120/><E120/><V24/><F24/><W76/><G57/><T22/><D122/><U9/><REACH who="1" step="1"/><E7/><REACH who="1" ten="276,240,276,198" step="2"/><V60/><F130/><W47/><G47/><T82/><D104/><U109/><E109/><V84/><F45/><W36/><G76/><T19/><D107/><U16/><E16/><V63/><F39/><AGARI ba="0,1" hai="28,30,31,36,37,39,64,65,66,116,117" m="41515" machi="39" ten="40,2600,0" yaku="28,2" doraHai="132" who="3" fromWho="2" sc="276,0,240,0,276,-26,198,36" /><INIT seed="5,0,0,3,5,128" ten="276,240,250,234" oya="1" hai0="66,132,33,7,49,55,65,69,17,54,104,121,10" hai1="111,59,35,40,18,81,68,0,101,110,117,45,56" hai2="133,34,127,64,92,89,67,51,3,31,122,123,102" hai3="24,76,47,125,114,126,87,63,96,99,15,62,14"/><U83/><E68/><V95/><F3/><W100/><G114/><T80/><D104/><U91/><E35/><V6/><F6/><W116/><G116/><T61/><D33/><U97/><E0/><V73/><F73/><W72/><G72/><T60/><D17/><U52/><E117/><V4/><F4/><W84/><G47/><T1/><D121/><U129/><E129/><V41/><F127/><N who="3" m="48651" /><G24/><T27/><D132/><U30/><E30/><V42/><F102/><W20/><G99/><T5/><D27/><U93/><E18/><V78/><F34/><W39/><G39/><T38/><D38/><N who="1" m="21655" /><E59/><V82/><F31/><W2/><G2/><T124/><D124/><U23/><E23/><V106/><F106/><W19/><G14/><T130/><D130/><U70/><E70/><V48/><F78/><W85/><G76/><T13/><D7/><U44/><E44/><V8/><F89/><W108/><G108/><N who="1" m="41514" /><E91/><V16/><F122/><W120/><G120/><T58/><D1/><U118/><E118/><V88/><F123/><W98/><G98/><T131/><D131/><U36/><E36/><V115/><F88/><W9/><G20/><T46/><REACH who="0" step="1"/><D80/><REACH who="0" ten="266,240,250,234" step="2"/><U135/><E135/><V75/><F82/><W86/><N who="3" m="21504" /><DORA hai="134" /><W57/><G19/><T79/><D79/><U50/><AGARI ba="0,1" hai="50,52,56,81,83,93,97,101" m="41514,21655" machi="50" ten="30,3000,0" yaku="10,1,54,1" doraHai="128,134" who="1" fromWho="1" sc="266,-10,240,40,250,-10,234,-10" /><INIT seed="5,1,0,3,1,57" ten="256,280,240,224" oya="1" hai0="75,69,111,21,128,9,93,73,74,76,63,125,22" hai1="88,79,49,50,25,56,127,62,30,131,85,123,6" hai2="31,11,26,67,113,70,51,29,86,80,43,41,130" hai3="107,102,14,114,42,8,66,28,106,24,19,87,105"/><U104/><E123/><V59/><F130/><W129/><G129/><T97/><D128/><U115/><E131/><V118/><F118/><W17/><G114/><T90/><D111/><U122/><E122/><V77/><F113/><W1/><G1/><T45/><D76/><U54/><E115/><V15/><F70/><W34/><G42/><T64/><D125/><U18/><E104/><V58/><F58/><W108/><G108/><T103/><D45/><U110/><E127/><V119/><F119/><W92/><G66/><T35/><D35/><U32/><E6/><V37/><F37/><W120/><G120/><T40/><D40/><U94/><E110/><V96/><F96/><W2/><G2/><T126/><D126/><U23/><E79/><V132/><F132/><W55/><G55/><T3/><REACH who="0" step="1"/><D103/><REACH who="0" ten="246,280,240,224" step="2"/><U72/><E72/><V7/><F31/><W95/><G102/><T36/><D36/><U38/><E38/><V133/><F133/><W39/><G39/><T121/><D121/><U46/><E46/><V48/><F43/><W0/><G0/><T91/><D91/><U52/><E32/><V33/><REACH who="2" step="1"/><F41/><REACH who="2" ten="246,280,230,224" step="2"/><W47/><G47/><T84/><D84/><U65/><E30/><V99/><F99/><W100/><G100/><T10/><D10/><U116/><E116/><V12/><F12/><N who="3" m="7303" /><G87/><T109/><D109/><U81/><E85/><V44/><F44/><W5/><G34/><T98/><D98/><U82/><E23/><V135/><F135/><W71/><G14/><T134/><D134/><U68/><E25/><V101/><F101/><W61/><G24/><RYUUKYOKU ba="1,2" sc="246,15,280,-15,230,15,224,-15" hai0="3,9,21,22,63,64,69,73,74,75,90,93,97" hai2="7,11,15,26,29,33,48,51,59,67,77,80,86" /><INIT seed="6,2,2,4,0,129" ten="261,265,245,209" oya="2" hai0="72,50,44,7,100,130,121,134,5,120,55,107,124" hai1="96,78,41,18,12,90,98,92,89,3,29,37,39" hai2="104,115,75,123,86,45,25,81,108,133,1,32,67" hai3="103,2,23,112,109,126,60,28,71,24,16,59,65"/><V84/><F123/><W38/><G109/><T69/><D72/><U46/><E3/><V113/><F1/><W58/><G126/><T54/><D69/><U4/><E4/><N who="0" m="1609" /><D107/><U79/><E29/><N who="2" m="19503" /><F104/><W87/><G2/><T11/><D100/><U22/><E39/><V61/><F108/><W111/><G111/><T56/><D11/><U91/><REACH who="1" step="1"/><E96/><REACH who="1" ten="261,255,245,209" step="2"/><V82/><F115/><W15/><G112/><T27/><D121/><U47/><E47/><V34/><F45/><W10/><G38/><T26/><D120/><U105/><E105/><V97/><F97/><W94/><REACH who="3" step="1"/><G103/><AGARI ba="2,3" hai="12,18,22,37,41,46,78,79,89,90,91,92,98,103" machi="103" ten="40,1300,0" yaku="1,1,53,0" doraHai="129" doraHaiUra="77" who="1" fromWho="3" sc="261,0,255,49,245,0,209,-19" owari="261,6.1,304,40.4,245,-15.5,190,-31.0" /></mjloggm>