<mjloggm ver="2.3"><GO type="169" lobby="0"/><UN n0="%E4%B9%9D%E7%B4%8B%E9%BE%8D%E5%8F%B2%E9%80%B2" n1="%53%69%6C%76%65%72%44%46" n2="%E3%81%9D%E3%81%B5%E3%81%81%E3%82%82%E3%82%93" n3="%54%65%72%61%50" dan="19,17,18,17" rate="2296.22,2233.11,2217.32,2109.97" sx="M,M,M,M"/><TAIKYOKU oya="0"/><INIT seed="0,0,0,4,1,64" ten="250,250,250,250" oya="0" hai0="63,96,24,99,124,12,129,55,111,106,82,15,39" hai1="7,46,57,52,112,75,72,11,76,135,60,110,27" hai2="113,45,89,94,0,9,85,41,95,28,114,50,97" hai3="126,40,26,30,42,122,79,84,102,48,1,10,115"/><T70/><D39/><U20/><E110/><V58/><F28/><W33/><G115/><T13/><D124/><U90/><E112/><V16/><F58/><W35/><G126/><T74/><D129/><U98/><E135/><V104/><F104/><W68/><G122/><T59/><D111/><U31/><E76/><V22/><F0/><W87/><G35/><T77/><D106/><U69/><E69/><V34/><F34/><W107/><G68/><T88/><D24/><U105/><E46/><V131/><F9/><W67/><G67/><T51/><REACH who="0" step="1"/><D88/><REACH who="0" ten="240,250,250,250" step="2"/><U103/><REACH who="1" step="1"/><E90/><REACH who="1" ten="240,240,250,250" step="2"/><V91/><F131/><W71/><G107/><T121/><D121/><U5/><E5/><V17/><F17/><W8/><G30/><T108/><D108/><U93/><E93/><V66/><F113/><W130/><G130/><T81/><D81/><U119/><E119/><V23/><F114/><W116/><G116/><T92/><D92/><U125/><E125/><V100/><F91/><W123/><G123/><T29/><D29/><U53/><E53/><V56/><F16/><W37/><G40/><T32/><D32/><U62/><E62/><AGARI ba="0,2" hai="22,23,41,45,50,56,62,66,85,89,94,95,97,100" machi="62" ten="40,1300,0" yaku="8,1" doraHai="64" who="2" fromWho="1" sc="240,0,240,-13,250,33,250,0" /><INIT seed="1,0,0,4,4,16" ten="240,227,283,250" oya="1" hai0="104,133,103,131,102,71,50,76,21,130,93,105,135" hai1="34,56,90,121,28,74,88,55,112,118,51,92,40" hai2="17,33,125,6,30,39,64,2,24,99,41,128,5" hai3="116,18,68,62,95,79,85,4,1,132,108,23,134"/><U47/><E112/><V89/><F128/><N who="0" m="49194" /><D71/><U46/><E118/><V14/><F125/><W82/><G116/><T100/><D50/><U32/><E121/><V84/><F64/><W9/><G108/><T78/><D93/><U31/><E74/><V42/><F99/><W122/><G122/><T27/><D21/><U126/><E126/><V75/><F75/><W38/><G38/><T101/><D27/><U29/><E47/><V53/><F53/><W120/><G95/><T91/><D91/><U114/><E114/><V57/><F57/><W0/><G120/><T96/><D105/><U97/><REACH who="1" step="1"/><E90/><REACH who="1" ten="240,217,283,250" step="2"/><V60/><F89/><W52/><G79/><AGARI ba="0,1" hai="76,78,79,96,100,101,102,103,104,133,135" m="49194" machi="79" ten="40,5200,0" yaku="19,1,34,2" doraHai="16" who="0" fromWho="3" sc="240,62,217,0,283,0,250,-52" /><INIT seed="2,0,0,2,4,115" ten="302,217,283,198" oya="2" hai0="40,56,14,132,21,28,39,128,25,81,34,116,58" hai1="42,69,77,85,38,87,122,52,19,12,29,121,50" hai2="43,95,78,66,124,82,111,61,11,131,80,57,23" hai3="35,134,106,120,44,133,13,37,51,53,16,90,65"/><V49/><F131/><W72/><G120/><N who="1" m="46186" /><E69/><V97/><F124/><W9/><G106/><T107/><D128/><U48/><E38/><V92/><F111/><W55/><G72/><T130/><D107/><U91/><E29/><V32/><F32/><W84/><G35/><T7/><D132/><N who="3" m="50793" /><G37/><T36/><D36/><U126/><E126/><V113/><F113/><W117/><G65/><T59/><D130/><U0/><E0/><V6/><F23/><W41/><G117/><T68/><D68/><U74/><E74/><V114/><F114/><W46/><G46/><T76/><D116/><U112/><E77/><V75/><F80/><AGARI ba="0,0" hai="9,13,16,41,44,51,53,55,80,84,90" m="50793" machi="80" ten="30,2000,0" yaku="20,1,54,1" doraHai="115" who="3" fromWho="2" sc="302,0,217,0,283,-20,198,20" /><INIT seed="3,0,0,5,4,34" ten="302,217,263,218" oya="3" hai0="53,131,134,103,28,39,4,70,73,68,10,25,123" hai1="24,20,102,100,97,63,41,43,130,80,84,95,74" hai2="107,105,21,78,75,81,79,128,62,11,17,18,5" hai3="132,90,57,1,101,118,26,125,89,30,86,54,37"/><W82/><G118/><T56/><D123/><U7/><E74/><V6/><F128/><W61/><G37/><T109/><D73/><U117/><E130/><V99/><F99/><W32/><G132/><T113/><D131/><U126/><E117/><V127/><F127/><W47/><G125/><T27/><D39/><U49/><E126/><V2/><F79/><W38/><G101/><T72/><D72/><U0/><E102/><V108/><F108/><W9/><G38/><T48/><D109/><U116/><E116/><V111/><F111/><W76/><REACH who="3" step="1"/><G47/><REACH who="3" ten="302,217,263,208" step="2"/><T50/><D134/><U8/><E49/><V66/><F105/><W42/><G42/><T77/><D103/><U12/><E63/><V98/><F107/><W83/><G83/><T133/><D50/><U93/><E93/><V14/><F62/><W92/><G92/><T31/><D133/><U29/><REACH who="1" step="1"/><E0/><REACH who="1" ten="302,207,263,208" step="2"/><V104/><F2/><W65/><G65/><T46/><D48/><U51/><E51/><V64/><F64/><W36/><G36/><T44/><D46/><U129/><E129/><V114/><F66/><W35/><G35/><T19/><D44/><U115/><E115/><V112/><F112/><W40/><G40/><T87/><D113/><U58/><E58/><V121/><F114/><W135/><G135/><T15/><D56/><U69/><E69/><V55/><F104/><W67/><G67/><T96/><D68/><U124/><E124/><V122/><F122/><W22/><G22/><T91/><D70/><U60/><E60/><V94/><F121/><W16/><G16/><N who="2" m="6249" /><F94/><W119/><G119/><RYUUKYOKU ba="0,2" sc="302,-15,207,15,263,-15,208,15" hai1="7,8,12,20,24,29,41,43,80,84,95,97,100" hai3="1,9,26,30,32,54,57,61,76,82,86,89,90" /><INIT seed="3,1,2,5,3,104" ten="287,222,248,223" oya="3" hai0="128,111,13,71,72,20,49,17,113,38,105,39,25" hai1="102,79,48,2,124,69,67,99,68,64,98,43,62" hai2="135,11,21,109,22,8,82,107,7,10,50,31,96" hai3="118,32,18,0,26,60,73,122,63,30,37,132,4"/><W116/><G122/><T66/><D111/><U70/><E2/><V29/><F109/><W45/><G132/><T84/><D105/><U80/><E124/><V9/><F107/><W77/><G63/><T52/><D128/><U125/><E125/><V133/><F96/><W36/><G60/><T85/><D72/><U6/><E6/><V12/><F82/><N who="3" m="45359" /><G18/><T34/><D113/><U115/><E115/><V3/><F50/><W61/><G61/><T56/><D66/><U100/><E99/><V129/><F129/><W123/><G123/><T83/><D71/><U76/><E76/><V97/><F97/><W46/><G46/><T40/><D40/><U106/><E100/><V103/><F103/><W114/><G114/><T75/><D75/><U81/><E81/><V27/><F12/><W127/><G127/><T47/><D56/><U89/><E89/><V117/><F117/><N who="3" m="45163" /><G45/><T55/><D55/><U33/><E67/><V121/><F121/><W35/><G35/><T65/><D65/><U94/><E33/><V130/><F130/><W101/><G101/><T16/><D85/><N who="1" m="48287" /><E106/><V5/><F5/><W51/><G51/><T134/><D134/><U119/><E119/><V53/><F53/><W92/><G92/><T19/><D34/><U131/><E131/><V88/><F88/><W59/><G59/><T108/><D108/><U112/><E112/><V126/><F126/><W110/><G110/><T58/><D58/><N who="1" m="36951" /><E48/><V41/><F41/><W54/><G54/><T42/><D52/><U93/><E43/><V57/><F57/><W74/><G74/><T86/><D42/><RYUUKYOKU ba="1,2" sc="287,-30,222,10,248,10,223,10" hai1="68,69,70,93,94,98,102" hai2="3,7,8,9,10,11,21,22,27,29,31,133,135" hai3="0,4,26,30,32,36,37" /><INIT seed="3,2,2,4,3,127" ten="257,232,258,233" oya="3" hai0="79,134,17,109,1,71,113,28,59,15,76,43,63" hai1="105,16,102,52,96,106,94,114,57,84,40,54,35" hai2="62,32,11,73,19,27,107,51,25,14,45,99,68" hai3="130,112,110,37,98,93,123,60,49,126,56,72,104"/><W120/><G37/><T116/><D116/><U46/><E114/><V115/><F115/><W82/><G112/><T86/><D113/><U64/><E35/><V39/><F39/><W69/><G126/><T85/><D1/><U36/><E64/><V122/><F73/><W95/><G104/><T10/><D71/><U89/><E54/><V38/><F38/><W83/><G69/><T50/><D28/><U97/><E16/><V91/><F122/><W131/><G49/><T26/><D26/><U8/><E8/><V23/><F32/><W75/><G56/><T22/><D22/><U58/><E52/><N who="2" m="29807" /><F107/><W30/><G98/><T18/><D18/><U67/><E67/><V133/><F133/><W108/><G30/><T65/><D109/><U129/><E129/><V4/><F68/><W20/><G20/><T34/><D134/><U24/><E24/><N who="2" m="14463" /><F62/><AGARI ba="2,2" hai="60,62,72,75,82,83,93,95,108,110,120,123,130,131" machi="62" ten="25,9600,0" yaku="22,2,52,2" doraHai="127" who="3" fromWho="2" sc="257,0,232,0,258,-102,233,122" /><INIT seed="3,3,0,4,3,58" ten="257,232,156,355" oya="3" hai0="111,53,127,93,7,115,108,17,10,109,107,106,43" hai1="73,97,125,96,25,124,26,64,51,121,9,37,74" hai2="128,129,13,20,52,18,99,88,120,80,54,69,105" hai3="48,67,103,16,59,22,110,79,126,132,14,23,55"/><W36/><G36/><T78/><D127/><N who="1" m="48715" /><E37/><V21/><F120/><W0/><G0/><T100/><D43/><U44/><E9/><V83/><F69/><W68/><G132/><T40/><D40/><N who="1" m="24967" /><E64/><V84/><F80/><W19/><G110/><T116/><D116/><U28/><E25/><V42/><F42/><W119/><G119/><T34/><D34/><N who="1" m="20759" /><E121/><V66/><F66/><W86/><G126/><T27/><D115/><U70/><E70/><V77/><F20/><W3/><G3/><T98/><D53/><U2/><E2/><V130/><REACH who="2" step="1"/><F105/><REACH who="2" ten="257,232,146,355" step="2"/><W12/><G67/><T92/><D107/><U113/><E113/><V32/><F32/><W31/><G68/><T135/><D135/><U95/><E97/><V47/><F47/><W134/><G134/><T87/><D106/><U89/><AGARI ba="3,1" hai="73,74,89,95,96" m="20759,24967,48715" machi="89" ten="30,1100,0" yaku="18,1" doraHai="58" who="1" fromWho="1" sc="257,-6,232,30,146,-6,355,-8" /><INIT seed="4,0,0,0,3,88" ten="251,262,140,347" oya="0" hai0="48,103,68,79,87,22,95,82,57,80,73,130,90" hai1="7,121,134,97,11,86,114,125,20,42,41,126,127" hai2="105,64,36,111,101,108,32,85,84,12,65,51,9" hai3="110,33,112,122,37,128,55,66,13,5,24,120,135"/><T15/><D130/><U83/><E121/><V44/><F32/><W30/><G37/><T116/><D68/><U59/><E134/><V63/><F36/><W78/><G78/><T49/><D116/><U98/><E20/><V104/><F101/><W17/><G66/><T107/><D82/><U53/><E114/><V39/><F39/><W45/><G45/><T71/><D71/><U69/><E98/><V132/><F132/><W4/><G55/><T31/><D57/><U29/><E29/><V43/><F105/><W26/><G135/><T14/><D14/><U100/><E69/><V94/><F104/><W76/><G76/><T54/><D54/><U27/><E27/><V70/><F84/><W16/><G112/><T117/><D117/><U8/><E86/><V118/><F65/><W50/><G50/><T131/><D131/><U61/><E83/><V102/><F118/><W25/><G25/><N who="0" m="16823" /><D15/><N who="1" m="5535" /><E11/><V129/><F129/><W67/><G128/><T18/><D18/><U1/><E1/><V56/><F70/><W40/><G122/><T3/><D3/><U47/><E47/><V119/><F119/><W6/><G120/><T46/><D46/><U91/><E91/><N who="2" m="53615" /><F102/><W89/><G17/><T72/><D72/><U113/><E113/><V123/><F123/><W133/><G16/><T28/><D28/><U2/><E2/><V35/><F35/><W115/><G33/><T96/><AGARI ba="0,0" hai="48,49,73,79,80,87,90,95,96,103,107" m="16823" machi="96" ten="30,3000,0" yaku="24,1,52,1" doraHai="88" who="0" fromWho="0" sc="251,30,262,-10,140,-10,347,-10" /><INIT seed="4,1,0,3,3,86" ten="281,252,130,337" oya="0" hai0="54,51,66,62,76,35,98,49,45,57,101,6,129" hai1="55,39,48,0,115,112,60,72,38,84,22,102,119" hai2="108,100,67,25,2,3,110,40,85,87,65,18,113" hai3="64,83,33,28,117,118,63,34,73,11,71,91,26"/><T1/><D129/><U9/><E119/><V94/><F113/><N who="1" m="43593" /><E72/><V17/><F100/><W21/><G11/><T56/><D35/><U46/><E102/><V133/><F40/><W89/><G21/><T50/><D76/><U70/><E22/><V58/><F58/><W90/><REACH who="3" step="1"/><G34/><REACH who="3" ten="281,252,130,327" step="2"/><T16/><D1/><U53/><E9/><V23/><F23/><W93/><G93/><N who="0" m="58575" /><D6/><U24/><E0/><V52/><F94/><W43/><G43/><T134/><D134/><U69/><E24/><V74/><F25/><W107/><G107/><T97/><D97/><U82/><E38/><V105/><F105/><W77/><AGARI ba="1,1" hai="26,28,33,63,64,71,73,77,83,89,90,91,117,118" machi="77" ten="30,8000,1" yaku="1,1,0,1,52,3,53,0" doraHai="86" doraHaiUra="130" who="3" fromWho="3" sc="281,-41,252,-21,130,-21,327,93" /><INIT seed="5,0,0,3,4,20" ten="240,231,109,420" oya="1" hai0="108,51,123,10,14,71,102,90,76,35,9,31,42" hai1="50,121,107,0,32,15,1,2,55,63,117,126,17" hai2="79,53,134,127,70,39,129,23,19,111,7,106,47" hai3="101,75,36,86,78,46,97,109,85,94,77,43,34"/><U81/><E117/><V128/><F106/><W82/><G34/><T4/><D108/><U92/><E107/><V122/><F79/><W61/><G109/><T80/><D71/><U29/><E121/><V16/><F70/><W24/><G78/><T74/><D102/><U114/><E114/><V21/><F111/><W73/><G73/><T38/><D123/><U64/><E126/><V120/><F53/><W125/><G125/><T115/><D115/><U68/><E81/><V89/><F89/><W49/><G36/><T33/><D51/><U58/><E92/><V116/><F47/><W13/><G24/><T30/><D30/><U83/><E83/><V103/><F39/><W12/><G61/><T105/><D105/><U27/><REACH who="1" step="1"/><E0/><REACH who="1" ten="240,221,109,420" step="2"/><V45/><F127/><W69/><G82/><T91/><D80/><U66/><E66/><V28/><F116/><W100/><G77/><T22/><D76/><U62/><E62/><V44/><F120/><W131/><G75/><T96/><D74/><U37/><E37/><V6/><F122/><W104/><G104/><T3/><D3/><U56/><E56/><V67/><F67/><W98/><G69/><T130/><D38/><U54/><E54/><V95/><F95/><W52/><G52/><T119/><D119/><U124/><E124/><V135/><F103/><W93/><G85/><T88/><D91/><U84/><E84/><V133/><F133/><W132/><G86/><T118/><D90/><U60/><E60/><V48/><F48/><W113/><G113/><T72/><D118/><U18/><E18/><V87/><F87/><RYUUKYOKU ba="0,1" sc="240,-15,221,15,109,15,420,-15" hai1="1,2,15,17,27,29,32,50,55,58,63,64,68" hai2="6,7,16,19,21,23,28,44,45,128,129,134,135" /><INIT seed="5,1,1,3,3,2" ten="225,236,124,405" oya="1" hai0="34,93,0,64,40,128,68,106,19,127,39,122,24" hai1="29,101,61,10,59,132,49,75,135,91,90,79,107" hai2="11,52,78,76,83,58,21,99,72,51,94,89,77" hai3="42,12,82,114,6,36,57,9,133,16,134,41,119"/><U44/><E29/><V87/><F72/><W30/><G114/><T66/><D106/><U116/><E116/><V20/><REACH who="2" step="1"/><F11/><REACH who="2" ten="225,236,114,405" step="2"/><W124/><G9/><T13/><D122/><U22/><E10/><V123/><F123/><W126/><G119/><T56/><D127/><U105/><E75/><V25/><F25/><W100/><G124/><T71/><D24/><U63/><E132/><V54/><F54/><W18/><G126/><T96/><D128/><U120/><E135/><V129/><F129/><W62/><G134/><T108/><D108/><U92/><E120/><V1/><F1/><W97/><G133/><T84/><D0/><U67/><E67/><V15/><F15/><W111/><G12/><T104/><D13/><U88/><E105/><V103/><AGARI ba="1,2" hai="20,21,51,52,58,76,77,78,83,87,89,94,99,103" machi="103" ten="30,7900,0" yaku="1,1,0,1,8,1,54,1,53,0" doraHai="2" doraHaiUra="60" who="2" fromWho="2" sc="225,-21,236,-40,114,102,405,-21" /><INIT seed="6,0,0,2,0,50" ten="204,196,216,384" oya="2" hai0="44,24,39,6,123,104,82,2,91,11,102,53,83" hai1="92,14,96,109,100,62,86,59,7,78,1,15,52" hai2="93,28,26,71,76,22,121,13,47,9,115,32,133" hai3="110,63,68,69,34,5,12,134,117,16,88,56,43"/><V55/><F121/><W58/><G117/><T77/><D123/><U80/><REACH who="1" step="1"/><E109/><REACH who="1" ten="204,186,216,384" step="2"/><V72/><F133/><W61/><G110/><T74/><D104/><U70/><E70/><V38/><F71/><W79/><G134/><T106/><D106/><U57/><E57/><V129/><F129/><W131/><G56/><T95/><D102/><U66/><E66/><V116/><F116/><W21/><G58/><T114/><D114/><U3/><E3/><V10/><F115/><W119/><G69/><T27/><D83/><U89/><E89/><V40/><F93/><W90/><G88/><T108/><D108/><U8/><AGARI ba="0,1" hai="1,7,8,14,15,52,59,62,78,80,86,92,96,100" machi="8" ten="30,12000,2" yaku="21,2,0,1,52,1,54,1,53,1" doraHai="50" doraHaiUra="51" who="1" fromWho="1" sc="204,-30,186,130,216,-60,384,-30" /><INIT seed="7,0,0,4,1,106" ten="174,316,156,354" oya="3" hai0="3,26,72,81,120,108,24,86,133,74,47,46,118" hai1="89,35,19,58,14,134,30,61,84,124,112,113,103" hai2="109,129,40,114,0,87,5,82,96,111,92,107,53" hai3="44,104,126,1,73,48,43,116,42,98,99,29,45"/><W10/><G116/><T123/><D3/><U95/><E124/><V52/><F40/><W117/><G117/><T28/><D118/><U9/><E134/><V101/><F0/><W102/><G126/><T67/><D67/><U91/><E103/><V60/><F5/><W62/><G73/><T4/><D4/><U11/><E11/><V13/><F13/><W17/><G29/><T88/><D108/><U59/><E30/><V16/><F114/><W115/><G115/><N who="1" m="44106" /><E35/><V70/><F129/><W97/><G62/><T27/><D28/><U80/><E61/><V65/><F16/><W66/><G66/><T54/><D133/><U51/><E51/><V63/><F107/><W37/><G1/><T105/><D105/><U23/><E23/><V57/><REACH who="2" step="1"/><F53/><REACH who="2" ten="174,316,146,354" step="2"/><W93/><G104/><T25/><N who="0" m="6144" /><DORA hai="49" /><T131/><D131/><U7/><E19/><V119/><F119/><W83/><G17/><T122/><REACH who="0" step="1"/><D54/><REACH who="0" ten="164,316,146,354" step="2"/><U31/><E31/><V79/><AGARI ba="0,2" hai="52,57,60,63,65,70,79,82,87,92,96,101,109,111" machi="79" ten="20,12000,2" yaku="1,1,0,1,7,1,52,1,54,1,53,1" doraHai="106,49" doraHaiUra="75,8" who="2" fromWho="2" sc="164,-30,316,-30,146,140,354,-60" /><INIT seed="8,0,0,4,5,68" ten="134,286,286,294" oya="0" hai0="131,56,52,24,32,14,100,37,75,39,10,29,11" hai1="76,25,107,89,19,81,70,48,65,118,49,97,59" hai2="112,104,86,0,55,114,51,115,28,127,31,83,58" hai3="41,17,95,120,20,78,7,111,33,82,117,71,125"/><T126/><D75/><U85/><E118/><V91/><F104/><W94/><G117/><T72/><D72/><U18/><E70/><V135/><F0/><W6/><G33/><T46/><D126/><U40/><E107/><V88/><F127/><W74/><G71/><T132/><D132/><U3/><E3/><V53/><F135/><W123/><G125/><T44/><D100/><U43/><E43/><V22/><F22/><W16/><G41/><T45/><D131/><U63/><E25/><V98/><F55/><W130/><G111/><T90/><D90/><U122/><E122/><N who="3" m="46634" /><G17/><N who="1" m="6154" /><E40/><V69/><F69/><W50/><G50/><T96/><D96/><U116/><E116/><V77/><F98/><W2/><G130/><T99/><D99/><U47/><E47/><V35/><F35/><W23/><G23/><T102/><D102/><U8/><E8/><V109/><F109/><W57/><G57/><T38/><REACH who="0" step="1"/><D14/><REACH who="0" ten="124,286,286,294" step="2"/><U134/><E134/><V133/><F133/><W60/><G2/><T79/><D79/><U101/><E101/><V113/><F113/><W106/><G106/><T128/><D128/><U5/><E97/><V42/><F77/><W124/><G124/><T129/><D129/><U66/><E76/><V119/><F119/><W121/><G121/><T62/><AGARI ba="0,1" hai="10,11,24,29,32,37,38,39,44,45,46,52,56,62" machi="62" ten="40,18000,2" yaku="1,1,0,1,52,3,54,1,53,1" doraHai="68" doraHaiUra="27" who="0" fromWho="0" sc="124,190,286,-60,286,-60,294,-60" owari="314,41.4,226,-17.4,226,-27.4,234,3.4" /></mjloggm>