<mjloggm ver="2.3"><GO type="225" lobby="0"/><UN n0="%E5%91%A8%E6%9D%B1" n1="%43%55%4B%45%59" n2="%E3%83%81%E3%83%83%E3%82%BF%E3%82%BD%E3%83%BC" n3="%E3%83%96%E3%83%83%E3%83%91%E3%82%AA%E3%83%96%E3%83%81%E3%82%AD%E3%83%B3" dan="16,16,16,16" rate="2156.92,2055.19,2155.46,2161.27" sx="M,M,F,M"/><TAIKYOKU oya="0"/><INIT seed="0,0,0,4,1,54" ten="250,250,250,250" oya="0" hai0="97,15,3,100,67,104,32,87,35,71,29,64,39" hai1="48,89,33,82,73,123,111,10,37,50,120,106,99" hai2="126,16,0,74,27,42,69,46,83,68,25,55,79" hai3="57,18,112,130,43,84,121,125,135,77,31,72,17"/><T53/><D3/><U81/><E33/><V9/><F126/><W44/><G112/><T88/><D39/><U19/><E37/><V96/><F96/><W101/><G125/><T107/><D107/><U49/><E111/><V52/><F68/><W102/><G72/><T13/><D53/><U12/><E73/><V62/><F69/><W11/><G130/><T58/><D58/><U60/><E106/><V90/><F90/><W76/><G135/><T23/><D23/><U75/><E75/><V86/><F86/><W103/><G31/><T92/><D35/><U22/><E60/><V128/><F128/><W122/><G57/><T66/><REACH who="0" step="1"/><D71/><REACH who="0" ten="240,250,250,250" step="2"/><U63/><E123/><V114/><F114/><W116/><G122/><T85/><D85/><U21/><E120/><V113/><F113/><W56/><G121/><T70/><D70/><U4/><E22/><N who="2" m="13511" /><F62/><W2/><G84/><T34/><D34/><U45/><E63/><V51/><F55/><W59/><G2/><T127/><D127/><U131/><E131/><V133/><F133/><W20/><G20/><T38/><D38/><U8/><E10/><V24/><F52/><W134/><G11/><T110/><D110/><U105/><E105/><V36/><F51/><W6/><G134/><T80/><D80/><U95/><REACH who="1" step="1"/><E45/><REACH who="1" ten="240,240,250,250" step="2"/><V1/><F9/><W117/><G44/><T115/><D115/><U40/><E40/><V119/><F119/><W109/><G43/><T14/><D14/><AGARI ba="0,2" hai="4,8,12,14,19,21,48,49,50,81,82,89,95,99" machi="14" ten="40,2600,0" yaku="1,1,8,1,53,0" doraHai="54" doraHaiUra="132" who="1" fromWho="0" sc="240,-26,240,46,250,0,250,0" /><INIT seed="1,0,0,1,0,43" ten="214,286,250,250" oya="1" hai0="64,57,88,0,28,49,106,75,92,123,19,83,129" hai1="4,59,11,32,105,29,80,17,6,52,98,107,34" hai2="131,46,112,115,102,62,18,114,1,37,135,60,78" hai3="67,30,81,101,116,100,73,121,24,58,61,8,109"/><U104/><E98/><V66/><F1/><W36/><G121/><T42/><D123/><U130/><E130/><V3/><F3/><W23/><G109/><T13/><D129/><U63/><E17/><V124/><F102/><W118/><G36/><T111/><D111/><U22/><E80/><V95/><F95/><W38/><G38/><T125/><D125/><U94/><E94/><V122/><F78/><W117/><REACH who="3" step="1"/><G8/><REACH who="3" ten="214,286,250,240" step="2"/><T110/><D110/><U86/><E11/><V87/><F122/><W5/><G5/><T79/><D0/><U26/><E4/><V119/><F115/><W133/><G133/><T127/><D127/><U14/><E6/><V48/><F114/><W128/><G128/><T82/><D106/><U56/><E14/><V41/><F112/><W65/><G65/><T15/><D64/><U44/><E105/><V55/><F135/><W90/><G90/><T126/><D126/><U71/><E107/><V50/><F131/><W70/><G70/><T96/><D15/><U9/><E71/><V16/><F124/><W108/><G108/><T68/><D68/><U76/><E9/><V51/><F37/><W2/><G2/><T91/><D13/><U120/><E104/><V93/><F66/><W33/><G33/><T113/><D113/><U12/><E12/><V25/><F25/><W134/><G134/><T7/><D7/><U89/><E120/><V54/><F119/><W47/><G47/><T45/><D57/><N who="1" m="35239" /><E44/><V103/><F46/><W85/><G85/><N who="0" m="50231" /><D19/><U53/><E56/><V20/><F18/><W99/><G99/><T31/><AGARI ba="0,1" hai="28,31,42,45,49,75,79,83,91,92,96" m="50231" machi="31" ten="30,4000,0" yaku="5,1,52,1,54,1" doraHai="43" who="0" fromWho="0" sc="214,50,286,-20,250,-10,240,-10" /><INIT seed="2,0,0,4,5,38" ten="264,266,240,230" oya="2" hai0="110,87,130,17,47,80,7,4,57,40,135,98,94" hai1="46,108,84,82,11,2,23,89,66,70,106,90,34" hai2="29,54,115,6,62,43,48,45,105,69,102,73,41" hai3="15,81,83,109,31,61,75,63,86,33,56,128,85"/><V133/><F115/><W39/><G75/><T79/><D110/><U58/><E106/><V26/><F73/><W76/><G109/><T50/><D130/><U97/><E34/><V13/><F133/><W112/><G128/><T118/><D135/><U21/><E70/><V74/><F74/><W28/><G112/><T77/><D118/><U117/><E117/><V99/><F13/><W27/><G31/><T96/><D79/><U30/><E30/><V0/><F6/><W20/><G39/><T37/><D98/><U116/><E2/><V114/><F0/><W91/><REACH who="3" step="1"/><G56/><REACH who="3" ten="264,266,240,220" step="2"/><T65/><D37/><U25/><E108/><V60/><F114/><W42/><G42/><T119/><D119/><U52/><E116/><V14/><F14/><W129/><G129/><T22/><D57/><U124/><E58/><V51/><F51/><W67/><G67/><T132/><D65/><U59/><E66/><N who="2" m="41159" /><F62/><W49/><G49/><T1/><D132/><U68/><E59/><V88/><F54/><W93/><G93/><T134/><D1/><U9/><E68/><V107/><F107/><W113/><G113/><T78/><D134/><U24/><E52/><V64/><F64/><W123/><G123/><T121/><D121/><U100/><E25/><V19/><F29/><W126/><G126/><T8/><D50/><U5/><E124/><V44/><F41/><W101/><G101/><T36/><D40/><U12/><E100/><V53/><F53/><W103/><G103/><T131/><D36/><U122/><E122/><V120/><F120/><W71/><G71/><T18/><D131/><RYUUKYOKU ba="0,1" sc="264,-10,266,-10,240,-10,220,30" hai3="15,20,27,28,33,61,63,76,81,83,85,86,91" /><INIT seed="3,1,1,0,4,26" ten="254,256,230,250" oya="3" hai0="113,82,18,101,24,126,128,100,10,104,98,81,64" hai1="97,5,38,25,68,9,124,66,51,27,102,43,33" hai2="63,125,135,61,108,76,130,28,115,12,42,118,4" hai3="32,92,73,91,132,19,7,71,44,37,17,21,131"/><W13/><G131/><T90/><D128/><U88/><E124/><V60/><F130/><W69/><G132/><T78/><D126/><U52/><E38/><V1/><F1/><W65/><G73/><T119/><D64/><U31/><E43/><V14/><F115/><W39/><G7/><T120/><D10/><U40/><E25/><V123/><F123/><W83/><G32/><T2/><D2/><U22/><E40/><V75/><F118/><W58/><G44/><T86/><D18/><U29/><E66/><V50/><F125/><W3/><G3/><T111/><D24/><U121/><E68/><V6/><F76/><W80/><G39/><T127/><D127/><U48/><E48/><V77/><F77/><W23/><G37/><T54/><D54/><U34/><E31/><V46/><F75/><W84/><G71/><T16/><D119/><U45/><E121/><V107/><F107/><W112/><G69/><T85/><D120/><U89/><E34/><V35/><F35/><W134/><G112/><T41/><D41/><U59/><E45/><V72/><F28/><W8/><G134/><T99/><D16/><U105/><E33/><V110/><F72/><W103/><G103/><T53/><D53/><U106/><E106/><V116/><F116/><W93/><G80/><T117/><D113/><U96/><E96/><V56/><F56/><W20/><REACH who="3" step="1"/><G19/><REACH who="3" ten="254,256,230,240" step="2"/><T47/><D47/><U36/><E36/><V70/><F70/><W122/><G122/><T49/><D117/><U95/><E105/><V55/><F135/><W109/><G109/><N who="2" m="42089" /><F42/><W62/><AGARI ba="1,2" hai="8,13,17,20,21,23,58,62,65,83,84,91,92,93" machi="62" ten="30,11700,0" yaku="1,1,5,1,0,1,8,1,53,0" doraHai="26" doraHaiUra="67" who="3" fromWho="3" sc="254,-40,256,-40,230,-40,240,140" owari="214,-18.6,216,1.6,190,-31.0,380,48.0" /></mjloggm>