<mjloggm ver="2.3"><GO type="169" lobby="0"/><UN n0="%E5%9C%A7%E5%80%92%E7%9A%84%E3%83%9D%E3%83%B3" n1="%E7%8A%B6%E6%85%8B%E9%BA%BB%E9%9B%80" n2="%E8%B5%A4%E4%BA%94%E7%AB%8B%E7%9B%B4" n3="%E6%89%8B%E6%8A%BC%E3%81%97%E8%BB%8A" dan="17,17,16,16" rate="2195.24,2220.06,2184.25,2111.88" sx="M,M,F,M"/><TAIKYOKU oya="0"/><INIT seed="0,0,0,5,5,60" ten="250,250,250,250" oya="0" hai0="128,16,114,52,50,6,11,5,105,90,102,97,85" hai1="76,30,122,40,57,101,56,20,129,25,55,9,59" hai2="107,68,133,64,38,21,118,98,104,28,134,35,121" hai3="70,31,132,89,58,8,61,3,0,2,42,116,26"/><T1/><D114/><U93/><E122/><V100/><F121/><W95/><G116/><T72/><D128/><U34/><E129/><V54/><F118/><W65/><G42/><T67/><D72/><U135/><E135/><N who="2" m="51723" /><F38/><W82/><G82/><T109/><D109/><U83/><E40/><V115/><F115/><W46/><G46/><T18/><D6/><U22/><E55/><V43/><F43/><W96/><G132/><T51/><D67/><U84/><REACH who="1" step="1"/><E9/><REACH who="1" ten="250,240,250,250" step="2"/><V92/><F54/><W80/><G8/><T62/><D62/><U126/><E126/><V33/><F33/><W127/><G127/><T88/><D51/><U103/><E103/><V86/><F35/><W19/><G19/><T27/><D27/><U73/><E73/><V37/><F37/><W120/><G120/><T75/><D75/><U39/><E39/><V10/><F10/><W74/><G74/><T48/><D48/><U94/><E94/><V125/><F125/><W113/><G113/><T106/><D105/><U66/><E66/><V91/><F104/><W15/><G15/><T108/><D108/><U87/><E87/><V36/><F36/><W111/><G111/><T47/><D90/><U99/><AGARI ba="0,1" hai="20,22,25,30,34,56,57,59,76,83,84,93,99,101" machi="99" ten="30,2000,0" yaku="1,1,0,1,53,0" doraHai="60" doraHaiUra="32" who="1" fromWho="1" sc="250,-10,240,30,250,-5,250,-5" /><INIT seed="1,0,0,2,5,98" ten="240,270,245,245" oya="1" hai0="83,87,81,67,9,0,72,5,80,55,63,86,24" hai1="19,40,1,68,112,20,53,77,117,39,109,38,28" hai2="21,104,99,91,18,84,6,122,119,90,105,66,94" hai3="58,36,127,115,65,74,78,97,48,103,79,27,61"/><U126/><E112/><V114/><F122/><W133/><G115/><T25/><D55/><U17/><E117/><V92/><F114/><W14/><G36/><T54/><D54/><U3/><E68/><V7/><F119/><W132/><G127/><T111/><D111/><U95/><E126/><V12/><F104/><W108/><G108/><T41/><D41/><U10/><E109/><V26/><F66/><W96/><G96/><T32/><D72/><U30/><E77/><V13/><F105/><W49/><G14/><AGARI ba="0,0" hai="6,7,12,13,14,18,21,26,84,90,91,92,94,99" machi="14" ten="40,1300,0" yaku="8,1" doraHai="98" who="2" fromWho="3" sc="240,0,270,0,245,13,245,-13" /><INIT seed="2,0,0,1,5,21" ten="240,270,258,232" oya="2" hai0="22,46,3,18,37,90,87,107,26,123,133,69,124" hai1="65,41,134,31,96,82,68,5,78,0,57,128,40" hai2="62,97,35,52,112,53,94,63,32,58,27,19,130" hai3="17,75,45,47,106,74,104,132,121,114,118,29,109"/><V127/><F112/><W122/><G114/><T126/><D123/><U93/><E68/><V60/><F130/><W15/><G15/><T103/><D69/><U10/><E128/><V50/><F127/><N who="0" m="48682" /><D3/><U51/><E134/><V100/><F32/><W36/><G132/><T125/><D133/><U64/><E31/><V49/><F35/><W56/><G29/><T12/><N who="0" m="48690" /><T43/><DORA hai="98" /><D103/><U110/><E110/><V39/><F39/><W67/><G109/><T81/><D107/><U83/><E83/><V1/><F1/><W54/><G36/><T70/><D70/><U113/><E113/><V88/><F100/><W116/><G56/><T2/><D2/><U28/><E28/><V11/><F11/><W101/><G67/><T23/><D23/><U34/><E34/><V30/><F30/><W135/><G101/><T80/><D81/><U16/><E16/><V111/><F111/><W55/><G135/><T85/><D87/><U4/><E4/><V119/><F119/><W7/><REACH who="3" step="1"/><G17/><REACH who="3" ten="240,270,258,222" step="2"/><T72/><D72/><U25/><E65/><V91/><F19/><W20/><G20/><T66/><D66/><U84/><E64/><V33/><F33/><W105/><G105/><T8/><D8/><U131/><E131/><V9/><F9/><W76/><G76/><T38/><D37/><U117/><E57/><N who="2" m="32911" /><F91/><W89/><G89/><T48/><D38/><U120/><E0/><V14/><F14/><AGARI ba="0,1" hai="12,14,18,22,26,43,46,48,80,85,90" m="48690" machi="14" ten="40,2600,0" yaku="18,1,52,1" doraHai="21,98" who="0" fromWho="2" sc="240,36,270,0,258,-26,222,0" /><INIT seed="3,0,0,4,2,109" ten="276,270,232,222" oya="3" hai0="77,4,48,34,135,103,37,52,72,66,100,85,115" hai1="57,108,128,23,93,91,123,131,54,19,122,60,106" hai2="32,1,55,133,67,113,101,130,29,47,0,7,70" hai3="81,96,17,117,90,95,63,102,110,83,88,111,41"/><W68/><G41/><T99/><D37/><U12/><E106/><V75/><F75/><W21/><G68/><T82/><D135/><U105/><E105/><V125/><F133/><W61/><G117/><T14/><D34/><U13/><E13/><V9/><F125/><W92/><G63/><T50/><D50/><U45/><E45/><V25/><F130/><N who="1" m="49705" /><E108/><N who="3" m="41514" /><G61/><T8/><D66/><U16/><E19/><V22/><F67/><W49/><G49/><T28/><D28/><U44/><E44/><V56/><F47/><W104/><G21/><T119/><D119/><U118/><E118/><V84/><F101/><W43/><G17/><T120/><D120/><U114/><E114/><V65/><F65/><W6/><G6/><T112/><D72/><U134/><E134/><V59/><F70/><W98/><G43/><T46/><REACH who="0" step="1"/><D103/><REACH who="0" ten="266,270,232,222" step="2"/><U27/><E27/><V80/><F32/><W126/><G126/><T36/><D36/><U94/><E123/><V132/><F132/><W51/><G51/><T89/><D89/><U121/><E121/><V39/><F39/><W62/><G62/><T38/><D38/><U74/><E122/><V5/><F25/><W26/><G26/><T10/><D10/><U53/><E74/><V42/><F29/><W97/><AGARI ba="0,1" hai="81,83,88,90,92,95,96,97,98,102,104" m="41514" machi="97" ten="30,12000,1" yaku="14,1,10,1,34,2,54,1" doraHai="109" who="3" fromWho="3" sc="266,-40,270,-40,232,-40,222,130" /><INIT seed="3,1,0,2,3,112" ten="226,230,192,352" oya="3" hai0="3,51,65,93,121,130,64,106,28,107,127,84,69" hai1="72,85,9,11,32,74,86,120,58,16,7,95,96" hai2="129,123,37,114,94,105,5,98,14,42,19,40,79" hai3="108,119,68,109,34,89,66,100,70,57,45,83,47"/><W55/><G34/><T67/><D121/><U18/><E120/><V76/><F123/><W31/><G31/><T113/><D3/><U27/><E32/><V77/><F114/><W99/><G89/><T116/><D116/><U43/><E43/><V117/><F105/><W56/><G83/><T36/><D36/><U80/><E58/><V62/><F129/><W21/><G21/><T90/><D69/><N who="3" m="26729" /><G99/><T54/><D113/><U92/><E80/><V126/><F126/><W41/><G100/><T35/><D130/><U82/><E82/><V30/><F30/><W101/><G101/><T38/><D38/><U20/><E20/><V131/><F37/><N who="3" m="21679" /><G119/><T15/><D127/><U46/><E96/><V29/><F131/><W133/><G133/><T122/><D122/><U81/><E81/><V50/><F29/><W4/><G4/><T97/><D97/><U104/><E7/><V125/><F117/><W24/><G24/><T103/><D103/><U60/><E27/><V6/><F125/><W17/><G17/><T13/><D28/><U115/><E115/><V53/><F6/><W75/><G75/><T44/><REACH who="0" step="1"/><D35/><REACH who="0" ten="216,230,192,352" step="2"/><U23/><E104/><AGARI ba="1,1" hai="13,15,44,51,54,64,65,67,84,90,93,104,106,107" machi="104" ten="40,8000,1" yaku="1,1,2,1,53,2" doraHai="112" doraHaiUra="10" who="0" fromWho="1" sc="216,93,230,-83,192,0,352,0" /><INIT seed="4,0,0,0,3,114" ten="309,147,192,352" oya="0" hai0="117,81,45,3,51,79,89,48,134,113,32,93,65" hai1="72,94,129,44,123,102,80,66,58,8,109,78,4" hai2="47,131,98,62,95,133,125,76,83,70,22,73,84" hai3="60,106,107,130,121,97,27,110,17,39,92,28,6"/><T61/><D113/><U135/><E109/><V100/><F131/><W101/><G110/><T43/><D32/><U55/><E123/><V108/><F108/><W71/><G130/><T34/><D34/><U14/><E129/><V126/><F47/><W115/><G39/><T0/><D134/><U119/><E135/><V90/><F133/><W53/><G115/><T56/><D117/><U64/><E44/><V15/><F70/><W41/><G41/><T127/><D51/><U69/><E69/><V46/><F62/><W7/><G17/><T88/><D127/><N who="2" m="48650" /><F46/><W63/><G63/><T24/><D24/><U67/><E119/><V124/><N who="2" m="48658" /><V86/><DORA hai="120" /><F22/><W42/><G42/><T18/><D18/><U132/><E132/><V112/><F15/><W103/><G107/><T49/><D49/><U33/><E33/><V12/><F12/><W30/><G30/><T16/><D16/><U105/><E105/><N who="2" m="63639" /><F112/><W21/><G121/><T122/><D122/><U99/><REACH who="1" step="1"/><E67/><REACH who="1" ten="309,137,192,352" step="2"/><V37/><F37/><W10/><G71/><T57/><D57/><U11/><E11/><V19/><F19/><W50/><G10/><T87/><REACH who="0" step="1"/><D79/><REACH who="0" ten="299,137,192,352" step="2"/><U59/><E59/><V77/><F76/><W54/><G6/><T9/><D9/><U38/><E38/><V111/><F111/><W82/><G7/><T1/><D1/><U36/><E36/><V40/><F40/><W20/><G28/><T128/><D128/><U29/><E29/><V116/><F116/><W118/><G118/><T91/><D91/><U104/><E104/><V85/><AGARI ba="0,2" hai="73,77,83,84,85,86,90,95" m="63639,48658" machi="85" ten="40,8000,1" yaku="24,1,18,1,34,2" doraHai="114,120" who="2" fromWho="2" sc="299,-40,137,-20,192,100,352,-20" /><INIT seed="5,0,0,4,3,31" ten="259,117,292,332" oya="1" hai0="80,111,130,79,36,56,117,49,135,75,125,32,29" hai1="124,68,96,83,123,129,118,63,34,89,78,11,61" hai2="90,94,101,52,47,122,22,40,91,98,8,82,100" hai3="17,112,95,65,126,21,69,102,77,134,12,27,103"/><U33/><E118/><V127/><F122/><W110/><G110/><T1/><RYUUKYOKU type="yao9" ba="0,0" sc="259,0,117,0,292,0,332,0" hai0="1,29,32,36,49,56,75,79,80,111,117,125,130,135" /><INIT seed="5,1,0,4,0,121" ten="259,117,292,332" oya="1" hai0="103,97,9,39,42,38,55,52,92,43,87,114,94" hai1="80,93,13,45,81,36,41,25,32,66,56,116,21" hai2="48,4,106,131,104,79,37,101,15,2,14,70,19" hai3="67,16,99,108,135,28,91,53,64,102,73,11,6"/><U12/><E116/><V50/><F37/><W115/><G73/><T127/><D127/><U128/><E128/><V51/><F131/><W96/><G28/><T10/><D87/><U7/><E32/><V129/><F129/><W84/><G135/><T126/><D126/><U85/><E93/><V111/><F70/><W69/><G69/><T130/><D130/><U77/><E7/><V0/><F79/><W46/><G6/><T75/><D97/><U76/><E56/><V58/><F58/><W62/><G99/><T132/><D103/><U78/><E66/><V47/><F47/><W83/><G108/><T74/><REACH who="0" step="1"/><D114/><REACH who="0" ten="249,117,292,332" step="2"/><U112/><E112/><V24/><F101/><W44/><G115/><T71/><D71/><U82/><REACH who="1" step="1"/><E85/><REACH who="1" ten="249,107,292,332" step="2"/><V89/><F106/><W86/><G86/><T20/><D20/><U125/><E125/><V118/><F104/><W72/><G84/><T100/><D100/><U90/><E90/><V35/><F89/><W65/><G102/><T122/><D122/><U98/><E98/><V23/><F118/><W54/><G96/><T68/><D68/><U134/><E134/><AGARI ba="1,2" hai="9,10,38,39,42,43,52,55,74,75,92,94,132,134" machi="134" ten="25,6400,0" yaku="1,1,22,2,54,1,53,0" doraHai="121" doraHaiUra="18" who="0" fromWho="1" sc="249,87,107,-67,292,0,332,0" /><INIT seed="6,0,0,1,4,101" ten="336,40,292,332" oya="2" hai0="33,39,66,126,40,59,127,20,134,135,29,25,92" hai1="79,51,117,2,84,110,67,41,114,90,54,89,14" hai2="26,5,116,32,31,76,74,34,43,64,11,1,69" hai3="15,103,68,91,77,106,73,87,104,61,27,120,100"/><V108/><F116/><W13/><G120/><T0/><D0/><U118/><E2/><V111/><F43/><W86/><G27/><T65/><D39/><U50/><E110/><N who="2" m="42027" /><F64/><N who="0" m="24682" /><D40/><U46/><E114/><V85/><F85/><W53/><G68/><T6/><D6/><U125/><E125/><N who="0" m="47625" /><D59/><U71/><E71/><V60/><F60/><W10/><G61/><T96/><D33/><U98/><E67/><V113/><F69/><W115/><G53/><T18/><D29/><U56/><E118/><V9/><F76/><W119/><G119/><T112/><D112/><U44/><E117/><V3/><F74/><W49/><G49/><T42/><D42/><U78/><E56/><V93/><F93/><W72/><G115/><T133/><D92/><U58/><E58/><V38/><F38/><W52/><G52/><T132/><D132/><U83/><E98/><AGARI ba="0,0" hai="18,20,25,96,98,133,134,135" m="47625,24682" machi="98" ten="40,2600,0" yaku="20,1,18,1" doraHai="101" who="0" fromWho="1" sc="336,26,40,-26,292,0,332,0" /><INIT seed="7,0,0,2,3,16" ten="362,14,292,332" oya="3" hai0="27,17,134,26,71,73,112,21,54,40,37,80,116" hai1="133,91,124,46,10,41,94,14,38,53,18,135,104" hai2="115,113,42,49,56,35,22,78,48,66,44,7,101" hai3="65,127,51,93,60,118,32,88,126,98,103,13,74"/><W50/><G74/><T77/><D116/><U30/><E104/><V95/><F35/><W105/><G32/><T119/><D119/><U114/><E114/><V28/><F7/><W121/><G118/><T4/><D112/><U132/><E124/><N who="3" m="47658" /><G13/><T72/><D71/><U2/><E2/><V130/><F130/><W92/><G92/><T84/><D134/><U5/><E30/><V96/><F78/><W59/><G121/><T100/><D100/><U108/><E108/><V111/><F111/><W11/><G11/><T61/><D4/><U31/><E31/><V3/><F49/><W81/><G81/><T64/><D54/><U82/><E82/><V125/><F3/><W33/><G33/><T63/><D63/><U0/><E53/><V109/><F109/><W34/><G34/><T120/><D120/><U87/><E0/><V47/><F47/><W83/><G83/><T8/><D8/><U131/><REACH who="1" step="1"/><E5/><REACH who="1" ten="362,4,292,332" step="2"/><V128/><F125/><W97/><AGARI ba="0,1" hai="50,51,59,60,65,88,93,97,98,103,105" m="47658" machi="97" ten="30,3000,0" yaku="18,1,54,1" doraHai="16" who="3" fromWho="3" sc="362,-10,4,-10,292,-10,332,40" owari="352,15.2,-6,-50.6,282,-11.8,372,47.2" /></mjloggm>