<mjloggm ver="2.3"><GO type="225" lobby="0"/><UN n0="%E3%83%96%E3%83%83%E3%83%91%E3%82%AA%E3%83%96%E3%83%81%E3%82%AD%E3%83%B3" n1="%E9%B3%B4%E8%8C%B6" n2="%E9%A6%AC%E5%BC%95%E7%81%AB%33" n3="%6D%6F%75%77" dan="16,16,16,16" rate="2134.57,2142.29,2133.18,2113.21" sx="M,M,M,M"/><TAIKYOKU oya="0"/><INIT seed="0,0,0,1,5,49" ten="250,250,250,250" oya="0" hai0="9,32,71,104,67,20,86,133,87,79,36,74,97" hai1="126,76,90,26,91,123,134,59,82,101,120,81,73" hai2="29,115,33,132,125,0,24,37,47,38,118,8,116" hai3="85,102,61,96,34,41,43,78,58,51,98,44,94"/><T1/><D32/><U60/><E134/><V31/><F115/><W122/><G34/><T2/><D36/><U15/><E126/><V103/><F132/><W19/><G122/><T17/><D133/><U70/><E70/><V28/><F125/><W88/><G78/><T35/><D35/><U105/><E26/><V84/><F103/><W11/><G43/><T56/><D71/><U13/><E101/><V121/><F121/><W12/><REACH who="3" step="1"/><G102/><REACH who="3" ten="250,250,250,240" step="2"/><T95/><D79/><U57/><E76/><V5/><F33/><W72/><G72/><T113/><D74/><U48/><E73/><V75/><F75/><W127/><G127/><T77/><D77/><U14/><E123/><V52/><F118/><W108/><G108/><T109/><D109/><U106/><E120/><V42/><F116/><W117/><G117/><T50/><D113/><U3/><E106/><V111/><F111/><W40/><G40/><T22/><D104/><U80/><E105/><V92/><F42/><W39/><G39/><T124/><D124/><U130/><E130/><V93/><F38/><W112/><G112/><T46/><D1/><U68/><E3/><V119/><F37/><W16/><G16/><T63/><D17/><U131/><E131/><V107/><F107/><W129/><G129/><T18/><D18/><U62/><E68/><V135/><F135/><W6/><G6/><N who="0" m="1239" /><D20/><U110/><E110/><V4/><F4/><W30/><G30/><N who="2" m="11881" /><F119/><W99/><G99/><T27/><D22/><U23/><E23/><N who="2" m="15775" /><F84/><W55/><AGARI ba="0,1" hai="11,12,19,41,44,51,55,58,61,85,88,94,96,98" machi="55" ten="20,12000,2" yaku="1,1,0,1,7,1,8,1,52,1,54,1,53,1" doraHai="49" doraHaiUra="83" who="3" fromWho="3" sc="250,-60,250,-30,250,-30,240,130" /><INIT seed="1,0,0,2,1,120" ten="190,220,220,370" oya="1" hai0="41,106,108,131,46,45,10,25,60,13,117,71,66" hai1="93,94,89,122,26,96,7,81,100,70,14,121,55" hai2="67,88,38,85,69,62,52,124,64,28,112,61,6" hai3="50,68,21,57,18,48,113,56,36,32,3,129,72"/><U47/><E70/><V34/><F38/><W44/><G32/><T99/><D117/><U132/><E132/><V84/><F124/><W16/><G3/><T53/><D131/><U19/><E7/><V102/><F112/><W65/><G72/><T30/><D108/><U103/><E26/><V123/><F123/><W127/><G36/><T74/><D74/><U59/><E47/><V133/><F133/><W135/><G50/><T105/><D53/><U1/><E81/><V40/><F40/><N who="3" m="24583" /><G18/><T49/><D99/><U9/><E1/><V87/><F102/><W92/><G57/><T118/><D46/><U15/><E15/><V4/><F52/><W130/><G92/><T134/><D118/><U2/><E2/><V80/><F4/><W11/><G11/><T91/><D134/><U115/><E115/><V116/><F6/><W22/><G22/><T79/><D79/><U78/><E78/><V101/><F101/><W125/><G56/><T33/><REACH who="0" step="1"/><D91/><REACH who="0" ten="180,220,220,370" step="2"/><N who="1" m="55359" /><E122/><V20/><F116/><W23/><G135/><T12/><D12/><U8/><E121/><V24/><REACH who="2" step="1"/><F34/><REACH who="2" ten="180,220,210,370" step="2"/><W17/><G127/><T76/><D76/><U29/><E103/><V104/><F104/><W37/><G125/><T73/><D73/><U43/><E100/><V114/><F114/><W63/><G113/><T98/><D98/><N who="1" m="57679" /><E43/><V128/><F128/><W126/><G126/><T35/><D35/><U109/><E55/><V77/><F77/><W97/><G97/><T31/><D31/><U5/><E29/><V111/><F111/><W51/><G130/><T86/><D86/><U39/><E109/><RYUUKYOKU ba="0,2" sc="180,15,220,-15,210,15,370,-15" hai0="10,13,25,30,33,41,45,49,60,66,71,105,106" hai2="20,24,28,61,62,64,67,69,80,84,85,87,88" /><INIT seed="2,1,2,2,1,40" ten="195,205,225,355" oya="2" hai0="111,24,82,9,29,48,66,86,123,125,117,33,62" hai1="17,116,95,104,78,21,134,69,88,31,74,36,113" hai2="119,91,19,70,64,132,67,26,18,13,16,56,63" hai3="131,35,114,73,57,120,32,94,90,106,4,76,23"/><V46/><F119/><W41/><G106/><T54/><D117/><U122/><E116/><V59/><F132/><W5/><G35/><T109/><D125/><U0/><E113/><V126/><F126/><W118/><G32/><T15/><D123/><U20/><E134/><V105/><F105/><W129/><G120/><T25/><D25/><U3/><E104/><V84/><F67/><W71/><G71/><T53/><D62/><U12/><E69/><V51/><F13/><W72/><G41/><T115/><D66/><U77/><E36/><V108/><F26/><W83/><G72/><T135/><D115/><U127/><E127/><V85/><F85/><N who="3" m="52559" /><G114/><T14/><D14/><U96/><E122/><V130/><F130/><N who="3" m="49675" /><G118/><T107/><D107/><U81/><REACH who="1" step="1"/><E77/><REACH who="1" ten="195,195,225,355" step="2"/><V121/><F121/><W43/><G76/><N who="0" m="46407" /><D135/><U89/><E89/><V97/><F108/><N who="0" m="41546" /><D48/><U93/><E93/><V1/><F51/><W7/><G83/><T11/><D11/><U45/><E45/><V10/><F46/><W52/><G57/><T87/><D87/><U75/><E75/><V28/><F84/><W65/><G73/><T37/><D37/><U92/><E92/><N who="2" m="56479" /><F59/><W42/><G65/><T30/><D30/><U2/><E2/><V102/><F28/><W99/><G99/><T79/><D79/><U55/><E55/><V39/><F39/><W60/><G52/><T112/><D112/><U128/><E128/><V133/><F133/><W103/><G103/><T49/><D49/><U58/><E58/><V68/><F102/><W101/><G101/><T22/><D9/><U61/><E61/><RYUUKYOKU ba="1,3" sc="195,10,195,10,225,10,355,-30" hai0="15,22,24,29,33,53,54" hai1="0,3,12,17,20,21,31,74,78,81,88,95,96" hai2="1,10,16,18,19,56,63,64,68,70" /><INIT seed="2,2,3,0,2,116" ten="205,205,235,325" oya="2" hai0="95,44,29,84,25,122,32,96,99,14,113,117,127" hai1="19,43,2,134,9,3,64,24,0,68,23,31,114" hai2="45,69,101,16,92,91,73,123,55,72,93,26,133" hai3="1,70,80,83,74,108,103,82,76,79,66,49,53"/><V65/><F123/><W129/><G1/><T61/><D113/><U51/><E68/><V78/><F133/><W22/><G108/><T11/><D117/><U54/><E64/><V131/><F131/><W52/><G74/><T39/><D127/><U50/><E114/><V35/><F101/><W20/><G70/><T98/><D122/><U4/><E134/><V109/><F109/><W107/><G107/><T57/><D39/><U112/><E112/><V71/><F35/><W59/><G66/><T8/><D44/><U118/><E118/><V21/><F92/><W17/><G103/><T33/><D33/><U115/><E115/><V77/><F71/><W67/><G67/><T81/><D95/><U90/><E90/><V36/><F73/><W34/><G34/><T102/><D102/><U130/><E130/><V18/><F18/><W62/><G129/><T15/><D8/><U128/><E128/><V132/><F72/><W120/><G120/><T106/><D11/><U86/><E86/><V38/><F38/><W58/><G22/><N who="0" m="15543" /><D106/><U97/><E97/><N who="0" m="24833" /><T41/><DORA hai="5" /><D41/><U119/><E119/><V30/><F30/><W88/><G88/><N who="0" m="51215" /><D32/><N who="1" m="20583" /><E43/><N who="2" m="22759" /><F132/><W56/><G56/><T111/><D111/><U40/><E40/><V6/><F55/><AGARI ba="2,3" hai="14,15,55,57,61" m="51215,24833,15543" machi="55" ten="30,2000,0" yaku="8,1,54,1" doraHai="116,5" who="0" fromWho="2" sc="205,56,205,0,235,-26,325,0" /><INIT seed="3,0,0,2,1,110" ten="261,205,209,325" oya="3" hai0="121,10,43,95,14,117,29,114,31,93,67,61,63" hai1="106,64,35,15,36,25,102,12,41,79,0,3,83" hai2="60,28,122,130,116,132,129,5,123,135,71,88,125" hai3="100,98,97,44,30,113,26,101,76,127,55,20,65"/><W59/><G76/><T69/><D117/><U131/><E15/><V38/><F116/><W62/><G113/><T2/><D121/><N who="2" m="46090" /><F38/><W89/><G127/><T1/><D114/><U48/><E12/><V119/><F119/><W68/><G68/><T13/><D43/><U42/><E41/><V103/><F103/><N who="3" m="39499" /><G89/><T19/><D69/><U37/><E48/><AGARI ba="0,0" hai="20,26,30,44,48,55,59,62,65,97,98" m="39499" machi="48" ten="30,1500,0" yaku="8,1" doraHai="110" who="3" fromWho="1" sc="261,0,205,-15,209,0,325,15" owari="261,6.1,190,-31.0,209,-19.1,340,44.0" /></mjloggm>