<mjloggm ver="2.3"><GO type="169" lobby="0"/><UN n0="%33%30%63%6D%33%30%63%6D" n1="%E4%BB%8A%E6%97%A5%E4%B8%80" n2="%E8%A1%A8%E7%A4%BA%E4%BE%A1%E6%A0%BC%E3%82%88%E3%82%8A%E5%8D%8A%E9%A1%8D" n3="%62%61%6B%75%72%61%30%38" dan="16,17,16,17" rate="2025.90,2205.72,2067.00,2175.66" sx="M,F,M,M"/><TAIKYOKU oya="0"/><INIT seed="0,0,0,1,2,42" ten="250,250,250,250" oya="0" hai0="18,74,66,129,58,49,54,97,93,98,131,29,109" hai1="77,88,104,102,28,82,119,99,62,110,10,46,106" hai2="117,30,24,75,55,34,1,95,33,113,116,128,15" hai3="121,108,20,91,21,25,14,126,50,65,39,92,120"/><T12/><D74/><U7/><E119/><N who="2" m="45643" /><F75/><W90/><G39/><T37/><D29/><U118/><E118/><V69/><F69/><W71/><G108/><T57/><D37/><U87/><E110/><V47/><F95/><W63/><G126/><T38/><D38/><U83/><E28/><N who="2" m="19591" /><F55/><W112/><G112/><T32/><D32/><U86/><E62/><V134/><F113/><W132/><G132/><T40/><D40/><U115/><E115/><V111/><F111/><W0/><G0/><T96/><D109/><U41/><E106/><V127/><F134/><W70/><G14/><T64/><D93/><U3/><REACH who="1" step="1"/><E41/><REACH who="1" ten="250,240,250,250" step="2"/><V53/><F127/><W26/><G63/><T100/><D100/><U79/><E79/><V35/><F128/><W61/><G61/><T59/><D129/><U114/><E114/><V51/><F30/><W48/><G92/><T19/><D131/><U44/><AGARI ba="0,1" hai="3,7,10,44,46,77,82,83,86,87,88,99,102,104" machi="44" ten="30,12000,2" yaku="1,1,0,1,52,2,54,1,53,1" doraHai="42" doraHaiUra="84" who="1" fromWho="1" sc="250,-60,240,130,250,-30,250,-30" /><INIT seed="1,0,0,5,2,46" ten="190,370,220,220" oya="1" hai0="58,41,4,18,99,122,33,22,100,126,86,121,89" hai1="92,62,64,1,83,70,120,55,116,127,90,23,129" hai2="73,133,93,110,130,17,54,36,106,135,103,87,60" hai3="29,72,81,48,39,82,94,131,15,111,97,85,75"/><U74/><E120/><N who="0" m="46185" /><D33/><U78/><E116/><V42/><F36/><W84/><G39/><T25/><D126/><U31/><E127/><V98/><F42/><W57/><G111/><T56/><D4/><U51/><E129/><V123/><F123/><W53/><G131/><T76/><D76/><U112/><E112/><V88/><F130/><W79/><G29/><T65/><D65/><U45/><E1/><V37/><F37/><W108/><G108/><T52/><D41/><U132/><E132/><V13/><F110/><W66/><G66/><T5/><D5/><U12/><E31/><V16/><F73/><W102/><REACH who="3" step="1"/><G15/><REACH who="3" ten="190,370,220,210" step="2"/><T119/><D119/><U35/><E12/><V49/><F13/><W95/><G95/><N who="0" m="54711" /><D52/><U114/><E114/><V9/><F9/><W26/><G26/><T44/><D25/><U8/><E8/><V104/><F104/><W101/><G101/><T69/><D100/><U6/><E35/><V68/><F133/><W47/><G47/><T3/><D44/><U107/><E107/><V7/><F135/><W32/><G32/><T43/><D43/><U105/><E105/><V109/><F109/><W96/><G96/><T2/><D99/><U19/><E6/><V38/><F38/><W11/><G11/><T50/><D2/><U77/><E45/><V113/><F113/><W91/><AGARI ba="0,1" hai="48,53,57,72,75,79,81,82,84,85,91,94,97,102" machi="91" ten="20,5200,0" yaku="1,1,0,1,7,1,52,1,53,0" doraHai="46" doraHaiUra="71" who="3" fromWho="3" sc="190,-13,370,-26,220,-13,210,62" /><INIT seed="2,0,0,1,5,86" ten="177,344,207,272" oya="2" hai0="117,30,71,135,116,38,65,4,36,82,14,20,95" hai1="53,21,105,2,72,67,28,39,131,104,126,11,60" hai2="5,40,19,32,6,68,134,103,127,121,98,78,15" hai3="75,110,76,90,125,132,112,122,62,109,120,22,27"/><V63/><F32/><W58/><G76/><T56/><D71/><U9/><E72/><V124/><F121/><W130/><G75/><T119/><D135/><U101/><E39/><V70/><F134/><W87/><G132/><T66/><D82/><U1/><E53/><V25/><F78/><W7/><G7/><T48/><D30/><U118/><E118/><V49/><F63/><W81/><G125/><T111/><D111/><N who="3" m="42505" /><G130/><T52/><D95/><U10/><E126/><N who="2" m="48171" /><F25/><W114/><G120/><T37/><REACH who="0" step="1"/><D20/><REACH who="0" ten="167,344,207,272" step="2"/><U115/><E21/><N who="2" m="11519" /><F70/><W16/><G122/><T88/><D88/><U51/><E28/><V80/><F80/><W128/><G128/><T94/><D94/><U92/><E92/><N who="2" m="58823" /><F68/><W46/><G112/><T0/><D0/><U31/><E1/><V108/><F108/><W18/><G114/><T54/><D54/><U85/><E2/><V96/><F96/><W26/><G22/><T34/><D34/><U44/><E115/><V91/><F91/><W107/><G90/><T3/><D3/><U33/><E33/><V133/><F133/><W45/><G81/><T89/><D89/><U74/><E131/><V29/><F29/><W77/><G77/><T42/><D42/><U99/><E31/><V64/><F64/><W55/><G55/><T61/><D61/><U129/><E129/><V24/><F24/><W113/><G27/><T50/><D50/><U12/><E60/><V47/><AGARI ba="0,1" hai="5,6,40,47,49" m="58823,11519,48171" machi="47" ten="30,1500,0" yaku="18,1" doraHai="86" who="2" fromWho="2" sc="167,-5,344,-5,207,25,272,-5" /><INIT seed="2,1,0,0,2,75" ten="162,339,232,267" oya="2" hai0="60,122,135,24,0,5,58,20,51,91,106,78,59" hai1="116,49,83,54,76,70,45,64,1,6,104,109,28" hai2="33,93,68,84,97,118,61,52,128,115,16,72,130" hai3="19,123,43,96,131,34,102,38,11,121,103,82,119"/><V41/><F115/><W23/><G119/><T40/><D106/><U88/><E109/><V77/><F33/><W74/><G34/><T25/><D0/><U73/><E116/><V18/><F72/><W129/><G11/><T85/><D5/><U110/><E110/><V80/><F41/><W32/><G32/><T56/><D135/><U87/><E104/><V53/><F68/><W108/><G108/><T39/><D39/><U132/><E132/><V26/><F26/><W86/><G74/><T95/><D25/><U94/><E28/><V107/><F107/><W62/><G62/><T15/><D15/><U99/><E70/><V112/><F112/><W35/><G35/><T98/><D122/><U90/><E64/><V3/><F3/><W2/><G43/><T105/><D105/><U46/><E1/><V4/><F4/><W8/><G38/><T9/><D9/><U22/><E22/><V71/><F71/><W65/><G65/><T66/><D51/><U69/><E69/><V55/><F61/><W57/><G57/><T120/><D40/><U27/><E27/><V21/><F118/><W127/><G8/><T92/><D120/><U13/><E13/><N who="2" m="9359" /><F18/><W14/><G2/><T29/><REACH who="0" step="1"/><D78/><REACH who="0" ten="152,339,232,267" step="2"/><U50/><E6/><V48/><F128/><W101/><G121/><T63/><D63/><U124/><E50/><V133/><F130/><W10/><G123/><T125/><D125/><U100/><E124/><V30/><F133/><W111/><G127/><T67/><D67/><U117/><E117/><V134/><F134/><W114/><G129/><T113/><D113/><RYUUKYOKU ba="1,1" sc="152,30,339,-10,232,-10,267,-10" hai0="20,24,29,56,58,59,60,66,85,91,92,95,98" /><INIT seed="3,2,1,1,2,73" ten="182,329,222,257" oya="3" hai0="45,86,42,110,25,100,102,105,135,3,5,112,39" hai1="122,109,111,90,58,96,10,30,36,103,95,32,88" hai2="54,115,113,121,123,129,104,8,80,52,118,12,22" hai3="84,116,1,48,43,114,40,31,19,63,92,76,82"/><W16/><G114/><N who="2" m="43529" /><F104/><W7/><G116/><T66/><D112/><U18/><E36/><V134/><F118/><W28/><G7/><T69/><D5/><U74/><E122/><N who="2" m="46603" /><F134/><W126/><G126/><T64/><D3/><U17/><E74/><V67/><F67/><W61/><G1/><T130/><D110/><N who="1" m="41995" /><E30/><N who="3" m="11306" /><G92/><T44/><D130/><U20/><E32/><V68/><F68/><W55/><G61/><T87/><D135/><U9/><E58/><V14/><F129/><W26/><G63/><T24/><D42/><N who="3" m="15913" /><G26/><T71/><REACH who="0" step="1"/><D105/><REACH who="0" ten="172,329,222,257" step="2"/><U59/><E59/><AGARI ba="2,2" hai="16,19,48,55,59,76,82,84" m="15913,11306" machi="59" ten="30,5800,0" yaku="8,1,52,1,54,1" doraHai="73" who="3" fromWho="1" sc="172,0,329,-64,222,0,257,84" /><INIT seed="3,3,0,2,2,16" ten="172,265,222,341" oya="3" hai0="53,109,26,11,56,59,39,117,134,68,35,55,37" hai1="77,90,120,7,84,89,54,22,62,82,24,67,123" hai2="103,131,28,42,49,58,75,72,51,20,40,18,102" hai3="50,113,43,69,126,19,110,91,130,74,81,135,15"/><W61/><G113/><T46/><D117/><U111/><E111/><V98/><F131/><W41/><G130/><T70/><D35/><U57/><E7/><V48/><F28/><W0/><G0/><T114/><D26/><U108/><E108/><V12/><F102/><W96/><G110/><T13/><D13/><U17/><E120/><V97/><F97/><W115/><G115/><T104/><D104/><U4/><E123/><V64/><F72/><W100/><G126/><T66/><D11/><U92/><E4/><V60/><REACH who="2" step="1"/><F75/><REACH who="2" ten="172,265,212,341" step="2"/><W99/><G99/><T65/><D109/><U129/><E129/><V47/><F47/><W3/><G96/><T1/><D1/><U124/><E124/><V25/><F25/><W30/><G100/><T31/><D31/><U88/><REACH who="1" step="1"/><E67/><REACH who="1" ten="172,255,212,341" step="2"/><V9/><F9/><W71/><G74/><AGARI ba="3,2" hai="17,22,24,54,57,62,74,77,82,84,88,89,90,92" machi="74" ten="30,12000,2" yaku="1,1,2,1,7,1,52,1,54,1,53,1" doraHai="16" doraHaiUra="107" who="1" fromWho="3" sc="172,0,255,149,212,0,341,-129" /><INIT seed="4,0,0,1,4,125" ten="172,404,212,212" oya="0" hai0="94,44,129,81,92,24,115,26,103,85,93,3,124" hai1="7,106,118,127,133,40,72,114,16,63,90,89,100" hai2="83,135,31,43,73,12,49,99,84,122,2,23,4" hai3="55,121,87,46,126,107,110,27,101,36,50,82,30"/><T62/><D3/><U53/><E118/><V25/><F122/><W34/><G110/><T120/><D120/><U20/><E72/><V38/><F135/><W111/><G121/><T54/><D124/><U28/><E127/><V131/><F99/><W52/><G126/><T6/><D6/><U48/><E133/><V21/><F73/><W123/><G123/><T9/><D9/><U97/><E114/><V57/><F38/><W88/><G111/><T58/><D115/><U132/><E132/><V51/><F2/><W105/><G36/><T47/><D103/><U119/><E119/><V59/><F43/><W80/><G101/><T5/><D5/><U117/><E117/><V71/><F71/><W61/><REACH who="3" step="1"/><G80/><REACH who="3" ten="172,404,212,202" step="2"/><T108/><D108/><U74/><E100/><V98/><F83/><W37/><G37/><T96/><D96/><U8/><E97/><V0/><F0/><W42/><G42/><T66/><D129/><U70/><E40/><V68/><F131/><W116/><G116/><T18/><D81/><U22/><E106/><V128/><F128/><W79/><G79/><T102/><D102/><U64/><E90/><V11/><F98/><W56/><AGARI ba="0,1" hai="27,30,34,46,50,52,55,56,61,82,87,88,105,107" machi="56" ten="30,7900,0" yaku="1,1,0,1,54,2,53,0" doraHai="125" doraHaiUra="91" who="3" fromWho="3" sc="172,-39,404,-20,212,-20,202,89" /><INIT seed="5,0,0,2,4,3" ten="133,384,192,291" oya="1" hai0="31,62,51,131,120,105,85,50,0,114,22,23,61" hai1="128,112,15,125,71,16,123,87,97,36,29,115,100" hai2="76,88,38,99,47,80,9,67,49,41,1,65,113" hai3="89,27,122,45,60,95,129,91,127,43,13,40,68"/><U37/><E123/><V119/><F119/><W109/><G109/><T20/><D105/><U33/><E128/><V78/><F113/><N who="1" m="43593" /><E71/><V121/><F121/><W64/><G127/><T6/><D114/><U134/><E134/><V24/><F24/><W4/><G122/><T18/><D31/><U39/><E125/><V133/><F133/><W106/><G106/><T34/><D34/><U83/><E29/><V19/><F49/><N who="0" m="18442" /><D0/><U77/><E33/><V86/><F99/><W52/><G27/><T55/><D6/><U30/><E30/><V21/><F9/><W92/><G129/><T93/><D131/><U82/><E82/><V74/><F1/><W69/><G64/><T96/><D85/><U44/><E44/><V25/><REACH who="2" step="1"/><F78/><REACH who="2" ten="133,384,182,291" step="2"/><W126/><G126/><T28/><D28/><U130/><E130/><V5/><F5/><W17/><G4/><T63/><D120/><U70/><E39/><V103/><F103/><W8/><G8/><T73/><D73/><U56/><E37/><V118/><F118/><W104/><G13/><N who="0" m="9295" /><D55/><U101/><E36/><V48/><F48/><W58/><G52/><T132/><D132/><U116/><E116/><V107/><F107/><W90/><G104/><T66/><D66/><U110/><E97/><V53/><F53/><W102/><G102/><AGARI ba="0,1" hai="22,23,61,62,63,93,96,102" m="9295,18442" machi="102" ten="30,1000,0" yaku="8,1" doraHai="3" who="0" fromWho="3" sc="133,20,384,0,182,0,291,-10" /><INIT seed="6,0,0,0,5,4" ten="153,384,182,281" oya="2" hai0="60,89,0,115,40,58,67,32,99,17,81,43,50" hai1="92,63,90,83,100,94,8,127,74,120,44,118,131" hai2="134,87,77,42,85,97,52,16,126,1,36,79,82" hai3="23,133,10,37,110,66,59,34,91,22,117,39,45"/><V30/><F1/><W55/><G110/><T53/><D115/><U41/><E118/><V46/><F126/><W6/><G117/><T51/><D32/><U132/><E127/><V28/><F134/><W125/><G34/><T49/><D0/><U71/><E132/><V31/><F97/><W69/><G133/><T20/><D67/><U33/><E131/><V3/><F3/><W21/><G125/><T114/><D114/><U123/><E33/><V18/><F52/><W14/><G45/><T25/><D81/><AGARI ba="0,0" hai="16,18,28,30,31,36,42,46,77,79,81,82,85,87" machi="81" ten="40,3900,0" yaku="9,1,54,1" doraHai="4" who="2" fromWho="0" sc="153,-39,384,0,182,39,281,0" /><INIT seed="6,1,0,3,4,55" ten="114,384,221,281" oya="2" hai0="17,115,38,92,57,75,65,37,126,129,27,2,61" hai1="62,128,114,112,110,22,135,113,82,52,107,106,108" hai2="45,109,3,36,118,44,68,10,4,16,117,13,91" hai3="11,132,105,50,25,71,127,103,69,23,73,14,66"/><V134/><F68/><W90/><G73/><T100/><D75/><U120/><E128/><V59/><F134/><W49/><G132/><T77/><D129/><U101/><E135/><V70/><F70/><W116/><G116/><T34/><D2/><U19/><E120/><V102/><F102/><W99/><G127/><T30/><D126/><U72/><E72/><V64/><F109/><N who="1" m="42089" /><E82/><V87/><F36/><W121/><G121/><T26/><D77/><U85/><E85/><V48/><F117/><W46/><G90/><T111/><D111/><U58/><E101/><V83/><F118/><W79/><G79/><T133/><D133/><U74/><E74/><V76/><F76/><W104/><G49/><T1/><D1/><U28/><E28/><V67/><F45/><W15/><G15/><AGARI ba="1,0" hai="15,19,22,52,58,62,106,107,112,113,114" m="42089" machi="15" ten="40,5200,0" yaku="15,1,52,1,54,1" doraHai="55" who="1" fromWho="3" sc="114,0,384,55,221,0,281,-55" /><INIT seed="7,0,0,3,4,22" ten="114,439,221,226" oya="3" hai0="55,103,12,53,121,62,27,43,110,48,100,94,58" hai1="133,72,113,32,71,96,105,126,33,25,21,90,66" hai2="45,104,54,115,15,60,64,83,17,70,78,129,41" hai3="44,3,92,47,76,123,24,135,118,97,40,18,86"/><W80/><G123/><T36/><D110/><U14/><E113/><V49/><F104/><W11/><G135/><T130/><D130/><U106/><E72/><V107/><F107/><W95/><G118/><T26/><D121/><U74/><E74/><V84/><F129/><W128/><G128/><T122/><D122/><U65/><E14/><V16/><F115/><W63/><G3/><T5/><D43/><U69/><E90/><V134/><F134/><W98/><G63/><T6/><D36/><U73/><E73/><V82/><F15/><W85/><G85/><T89/><D103/><U28/><E133/><V117/><F117/><W108/><G108/><T39/><D39/><U87/><E87/><V120/><F82/><W13/><G24/><N who="0" m="9259" /><D100/><U61/><E126/><V42/><F120/><W81/><G40/><T52/><D12/><U35/><E96/><V0/><F0/><W51/><G13/><T132/><D132/><U112/><E112/><V9/><F9/><W29/><G11/><T59/><D53/><U125/><E125/><V4/><F4/><W131/><G131/><T67/><D55/><U37/><E37/><V91/><F42/><W99/><G44/><T75/><D75/><U101/><E101/><V19/><F41/><W8/><G47/><T93/><D93/><U114/><E114/><V46/><F78/><W77/><G92/><T68/><D68/><U23/><E23/><V20/><F20/><W56/><G95/><T34/><D34/><U127/><E127/><V57/><AGARI ba="0,0" hai="16,17,19,45,46,49,54,57,60,64,70,83,84,91" machi="57" ten="30,2000,0" yaku="0,1,54,1" doraHai="22" who="2" fromWho="2" sc="114,-5,439,-5,221,20,226,-10" owari="109,-39.1,434,53.4,241,4.1,216,-18.4" /></mjloggm>