<mjloggm ver="2.3"><GO type="169" lobby="0"/><UN n0="%E3%82%80%E3%81%97%E6%AD%AF" n1="%6F%79%6D%32%30%4E%4F%56" n2="%E7%9C%9F%E9%BE%8D%E5%85%84%E8%B2%B4" n3="%E5%A4%A7%E6%A5%A0%E5%85%AC" dan="17,16,16,16" rate="2175.71,2131.45,2014.74,2144.76" sx="M,M,M,M"/><TAIKYOKU oya="0"/><INIT seed="0,0,0,3,1,112" ten="250,250,250,250" oya="0" hai0="25,124,61,116,62,73,27,115,118,54,113,17,24" hai1="39,1,80,35,110,40,56,57,125,108,0,92,5" hai2="86,99,130,64,81,131,6,75,126,8,93,79,129" hai3="85,58,102,87,71,21,119,127,30,95,33,122,96"/><T41/><D73/><U66/><E35/><V120/><F64/><W90/><G71/><T13/><D41/><U109/><E125/><V68/><F68/><W106/><G127/><T94/><D124/><U83/><E92/><V107/><F126/><W49/><G122/><T89/><D115/><U76/><E83/><V44/><F44/><W60/><G33/><T26/><N who="0" m="6144" /><DORA hai="105" /><T22/><D113/><U97/><E97/><V3/><F120/><W84/><G30/><T46/><D46/><N who="1" m="23839" /><E66/><V53/><F53/><W98/><G21/><T15/><D15/><U4/><E4/><V55/><F55/><W42/><G49/><T104/><D104/><U32/><E32/><V114/><F114/><W10/><G10/><T121/><D121/><U103/><E103/><V52/><F52/><W117/><REACH who="3" step="1"/><G42/><REACH who="3" ten="250,250,250,240" step="2"/><T23/><D23/><U11/><E0/><V100/><REACH who="2" step="1"/><F107/><REACH who="2" ten="250,250,240,240" step="2"/><W82/><G82/><T70/><D70/><U29/><E29/><V132/><F132/><W36/><G36/><T77/><D54/><AGARI ba="0,2" hai="54,58,60,84,85,87,90,95,96,98,102,106,117,119" machi="54" ten="40,8000,1" yaku="1,1,52,2,53,1" doraHai="112,105" doraHaiUra="59,19" who="3" fromWho="0" sc="250,-80,250,0,240,0,240,100" /><INIT seed="1,0,0,3,5,133" ten="170,250,240,340" oya="1" hai0="103,125,107,73,54,100,9,20,70,67,6,33,92" hai1="131,51,48,7,42,72,14,61,129,5,123,86,34" hai2="130,108,26,39,81,36,105,118,50,62,96,90,64" hai3="117,88,47,8,41,13,83,37,84,30,60,68,101"/><U78/><E123/><V97/><F118/><W109/><G109/><T95/><D33/><U27/><E72/><V89/><F108/><W110/><G110/><T52/><D73/><U58/><E34/><V57/><F130/><N who="1" m="49673" /><E27/><V59/><F105/><W17/><G117/><T124/><D20/><U29/><E29/><V32/><F32/><W111/><G111/><T104/><D67/><N who="1" m="39351" /><E42/><V135/><F135/><W128/><G128/><T63/><D70/><U116/><E116/><V94/><F26/><W127/><G101/><T115/><D63/><U98/><E98/><V113/><F113/><W24/><G60/><T49/><D115/><U119/><E119/><V15/><F96/><W10/><G68/><T112/><D112/><U19/><E78/><V3/><F62/><W134/><G134/><T99/><D99/><U40/><E86/><V11/><F97/><W93/><G8/><T106/><D9/><N who="1" m="6607" /><E40/><V65/><F65/><W23/><REACH who="3" step="1"/><G93/><REACH who="3" ten="170,250,240,330" step="2"/><T120/><D107/><U38/><E38/><V55/><F94/><W45/><G45/><T79/><D120/><U74/><E74/><V76/><F39/><W121/><G121/><T28/><D106/><U132/><E132/><V0/><F36/><W85/><G85/><T31/><D104/><U91/><E91/><V87/><F64/><W126/><AGARI ba="0,1" hai="10,13,17,23,24,30,37,41,47,83,84,88,126,127" machi="126" ten="30,8000,1" yaku="1,1,0,1,52,2,54,1,53,0" doraHai="133" doraHaiUra="35" who="3" fromWho="3" sc="170,-20,250,-40,240,-20,330,90" /><INIT seed="2,0,0,0,2,129" ten="150,210,220,420" oya="2" hai0="31,110,102,88,105,91,17,3,127,83,68,134,125" hai1="75,89,131,42,39,33,101,82,126,94,65,80,45" hai2="95,12,26,56,67,132,124,28,6,49,43,86,7" hai3="62,92,27,1,44,85,64,116,130,99,8,13,52"/><V9/><F124/><N who="0" m="47690" /><D68/><U133/><E131/><V21/><F7/><W66/><G130/><T117/><D3/><U0/><E126/><V112/><F112/><W19/><G116/><T41/><D31/><U111/><E33/><V103/><F43/><W121/><G121/><T79/><D41/><U120/><E111/><V54/><F67/><W76/><G1/><T90/><D17/><U63/><E101/><V36/><F36/><W98/><G27/><T81/><D117/><U24/><E24/><V50/><F50/><N who="3" m="28743" /><G62/><T107/><D110/><U37/><E37/><V87/><F132/><W22/><G22/><T16/><D16/><U123/><E0/><V135/><REACH who="2" step="1"/><F135/><REACH who="2" ten="150,210,210,420" step="2"/><W35/><G66/><T73/><D134/><U10/><E133/><V48/><F48/><W58/><G64/><T118/><D118/><U18/><E65/><V34/><F34/><W96/><G35/><T115/><D115/><U4/><E4/><V32/><F32/><W29/><G58/><T100/><D83/><U78/><E82/><V23/><F23/><W30/><G92/><T51/><D51/><U38/><E38/><V128/><F128/><W74/><G74/><T14/><D14/><N who="1" m="7511" /><E63/><V60/><F60/><W114/><G114/><T72/><D72/><U93/><E93/><V69/><F69/><W11/><G8/><T46/><D46/><U122/><E94/><V15/><F15/><W108/><G108/><T106/><AGARI ba="0,1" hai="73,79,81,88,90,91,100,102,105,106,107" m="47690" machi="106" ten="40,8000,1" yaku="18,1,34,2,54,1" doraHai="129" who="0" fromWho="0" sc="150,90,210,-20,210,-40,420,-20" /><INIT seed="3,0,0,1,0,40" ten="240,190,170,400" oya="3" hai0="58,22,27,103,39,56,20,95,123,94,29,102,47" hai1="38,134,25,130,52,42,116,71,19,4,66,51,24" hai2="9,132,135,92,129,81,119,48,26,117,12,128,110" hai3="11,33,18,105,7,133,84,59,6,101,108,30,44"/><W2/><G133/><N who="2" m="51273" /><F81/><W85/><G6/><T121/><D39/><U70/><E134/><V54/><F92/><W61/><G108/><T72/><D72/><U17/><E130/><N who="2" m="50283" /><F110/><W106/><G30/><T23/><D47/><N who="1" m="24023" /><E4/><N who="2" m="3111" /><F48/><W109/><G109/><T113/><D113/><U114/><E114/><V126/><F54/><W35/><G105/><T76/><D76/><U111/><E111/><V50/><F50/><W90/><G85/><T21/><D21/><U120/><E71/><V28/><F126/><W1/><G101/><T65/><D65/><U80/><E80/><V93/><F93/><W8/><G106/><T32/><D95/><U64/><E64/><V74/><F74/><W131/><G131/><T13/><D94/><U43/><E43/><V75/><F75/><W87/><G87/><T104/><D104/><U16/><E66/><V124/><F124/><W69/><G69/><T83/><D83/><U45/><E70/><V37/><F37/><W122/><G84/><T91/><D91/><U99/><E99/><V5/><F5/><W63/><G90/><T98/><D103/><U77/><E77/><V15/><F15/><W49/><G7/><T82/><D82/><U97/><E97/><V127/><F127/><W67/><G67/><T34/><D98/><U96/><E96/><V57/><F57/><N who="0" m="22122" /><D102/><U46/><E46/><V78/><F78/><W86/><G86/><T68/><D68/><U107/><E107/><V88/><F88/><W14/><G59/><T53/><D13/><U41/><E41/><V60/><F60/><W36/><G61/><T125/><D125/><RYUUKYOKU ba="0,0" sc="240,-10,190,-10,170,30,400,-10" hai2="26,28,117,119" /><INIT seed="4,1,0,3,0,40" ten="230,180,200,390" oya="0" hai0="92,15,68,65,32,85,76,2,20,132,47,18,5" hai1="127,61,35,3,43,93,126,27,31,4,57,121,33" hai2="59,125,115,53,108,100,106,109,86,9,97,122,25" hai3="17,69,45,49,36,23,7,111,29,79,90,6,50"/><T123/><D123/><U66/><E35/><V104/><F122/><W77/><G111/><T101/><D32/><U83/><E121/><V54/><F115/><W62/><G36/><T71/><D132/><U116/><E116/><V73/><F73/><W112/><G112/><T46/><D2/><U82/><E43/><V134/><F134/><W30/><G69/><T80/><D5/><N who="3" m="1545" /><G62/><T102/><D65/><U114/><E114/><V98/><F125/><N who="1" m="47625" /><E93/><V51/><F9/><AGARI ba="1,0" hai="3,4,9,27,31,33,57,61,66,82,83" m="47625" machi="9" ten="30,1000,0" yaku="18,1" doraHai="40" who="1" fromWho="2" sc="230,0,180,13,200,-13,390,0" /><INIT seed="5,0,0,5,2,35" ten="230,193,187,390" oya="1" hai0="129,50,123,99,127,111,115,7,22,104,52,94,70" hai1="83,90,57,28,73,61,88,120,46,68,121,51,8" hai2="10,82,95,30,45,96,49,3,17,108,132,62,44" hai3="117,134,78,122,131,40,18,112,76,66,72,25,87"/><U97/><E68/><V59/><F108/><W56/><G40/><T64/><D111/><U130/><E130/><V135/><F30/><W79/><G18/><T80/><D115/><U103/><E28/><V102/><F82/><W24/><G56/><T77/><D127/><U1/><E73/><V47/><F49/><W74/><G66/><T14/><D129/><U6/><E83/><V23/><F10/><W60/><G60/><T43/><D43/><U105/><E121/><V65/><REACH who="2" step="1"/><F3/><REACH who="2" ten="230,193,177,390" step="2"/><W116/><G131/><T84/><D50/><U20/><E120/><V41/><F41/><W15/><G122/><T27/><D80/><U67/><REACH who="1" step="1"/><E20/><REACH who="1" ten="230,183,177,390" step="2"/><V98/><F98/><W92/><G116/><T85/><D22/><U16/><E16/><V13/><AGARI ba="0,2" hai="13,17,23,44,45,47,59,62,65,95,96,102,132,135" machi="13" ten="30,4000,0" yaku="1,1,0,1,53,1" doraHai="35" doraHaiUra="58" who="2" fromWho="2" sc="230,-10,183,-20,177,60,390,-10" /><INIT seed="6,0,0,3,4,15" ten="220,163,237,380" oya="2" hai0="57,35,51,96,124,22,79,58,134,104,17,44,101" hai1="52,103,60,74,59,4,67,39,7,110,91,81,21" hai2="18,42,2,31,62,63,23,128,88,92,33,95,64" hai3="113,107,20,111,32,11,84,47,80,13,102,105,16"/><V27/><F128/><W43/><G32/><T97/><D124/><U36/><E110/><V86/><F2/><W130/><G111/><T122/><D122/><U132/><E132/><V10/><F42/><W89/><G130/><T100/><D35/><U49/><E103/><V115/><F115/><W93/><G113/><T71/><D71/><U24/><E39/><V5/><F92/><W135/><G135/><T126/><D126/><U8/><E36/><V19/><F33/><W76/><G102/><T48/><D79/><U12/><E74/><V114/><F114/><W133/><G11/><T90/><D90/><U98/><E7/><V26/><F26/><W108/><G133/><T66/><D66/><U41/><E41/><V72/><F72/><W87/><G108/><T78/><D78/><U38/><E38/><AGARI ba="0,0" hai="13,16,20,38,43,47,76,80,84,87,89,93,105,107" machi="38" ten="30,3900,0" yaku="7,1,52,1,54,1" doraHai="15" who="3" fromWho="1" sc="220,0,163,-39,237,0,380,39" /><INIT seed="7,0,0,2,1,13" ten="220,124,237,419" oya="3" hai0="50,59,76,47,116,57,72,118,121,109,56,120,24" hai1="6,91,4,115,2,130,79,104,7,111,16,11,131" hai2="43,88,44,1,87,128,60,85,71,132,40,39,38" hai3="10,26,125,32,129,127,66,102,114,68,30,96,55"/><W77/><G114/><T119/><D24/><U82/><E91/><V134/><F1/><W94/><G129/><N who="1" m="49162" /><E104/><V48/><F128/><W67/><G77/><T84/><D84/><U75/><E111/><V124/><F124/><N who="3" m="47691" /><G68/><T73/><D76/><U46/><E115/><V95/><F85/><W113/><G113/><T64/><D109/><U34/><E34/><V58/><F71/><W86/><G86/><T78/><D78/><U14/><E46/><V0/><F0/><W29/><G29/><T3/><D3/><U54/><E2/><V49/><F95/><W93/><G94/><T103/><D103/><U19/><E54/><V89/><F89/><W135/><G135/><T33/><D33/><U17/><AGARI ba="0,0" hai="4,6,7,11,14,16,17,19,75,79,82" m="49162" machi="17" ten="40,8000,1" yaku="19,1,52,3,54,1" doraHai="13" who="1" fromWho="1" sc="220,-20,124,80,237,-20,419,-40" owari="200,-30.0,204,-19.6,217,1.7,379,47.9" /></mjloggm>