<mjloggm ver="2.3"><GO type="169" lobby="0"/><UN n0="%E3%83%95%E3%83%AB%E3%82%BC%E3%83%B3%E3%83%84%E3%81%8F%E3%82%93" n1="%E3%81%93%E3%81%9A" n2="%E3%82%82%E3%81%BF%E3%81%95%E3%81%92" n3="%E3%83%94%E3%83%B3%E3%82%B5%E3%83%AD%E5%BA%97%E5%93%A1" dan="16,17,16,17" rate="2188.63,2211.27,2148.75,2243.91" sx="F,M,M,M"/><TAIKYOKU oya="0"/><INIT seed="0,0,0,5,5,71" ten="250,250,250,250" oya="0" hai0="56,7,24,133,112,97,72,0,44,19,31,101,9" hai1="76,94,68,96,100,102,16,104,41,135,21,108,105" hai2="66,43,13,134,74,26,122,110,27,35,29,120,8" hai3="103,88,40,119,82,11,130,53,95,45,47,32,131"/><T15/><D133/><U99/><E108/><V62/><F110/><W126/><G119/><T17/><D112/><U77/><E135/><V25/><F134/><W42/><G32/><T5/><D72/><U63/><E41/><V12/><F74/><W14/><G126/><T59/><D7/><U89/><E68/><V39/><F13/><W33/><G33/><T85/><D85/><U113/><E113/><V61/><F61/><W132/><G103/><T34/><D44/><U125/><E125/><V128/><F128/><N who="3" m="49195" /><G82/><T81/><D81/><U36/><E36/><V30/><F39/><N who="3" m="21663" /><G53/><T48/><D48/><U121/><E63/><V111/><F43/><W90/><G95/><T124/><D124/><U58/><E58/><V23/><F111/><W6/><G132/><T28/><D28/><U107/><E121/><V115/><F115/><W50/><AGARI ba="0,0" hai="6,11,14,42,47,50,88,90" m="21663,49195" machi="50" ten="30,4000,0" yaku="19,1,52,1,54,1" doraHai="71" who="3" fromWho="3" sc="250,-20,250,-10,250,-10,250,40" /><INIT seed="1,0,0,5,0,63" ten="230,240,240,290" oya="1" hai0="107,65,89,105,82,24,42,2,76,50,64,116,124" hai1="72,29,43,40,113,102,5,127,111,92,44,85,134" hai2="28,6,87,78,95,93,20,55,88,106,7,114,112" hai3="117,36,32,99,3,69,130,62,126,101,18,19,91"/><U13/><E113/><N who="2" m="43627" /><F106/><W131/><G36/><T9/><D116/><U34/><E72/><V94/><F78/><W86/><G3/><T132/><D132/><U67/><E134/><V58/><F20/><W8/><G32/><T70/><D124/><U75/><E75/><V41/><F41/><W61/><G126/><T71/><D89/><U39/><E127/><V30/><F7/><W119/><G8/><T100/><D24/><U47/><E111/><V10/><F28/><W22/><G18/><T35/><D35/><U120/><E120/><V83/><F30/><W97/><G97/><T26/><D26/><U21/><E34/><V128/><F128/><N who="3" m="49195" /><G69/><T49/><D9/><U48/><E29/><V123/><F123/><W122/><G122/><T53/><D2/><U73/><E73/><V68/><F68/><W57/><G86/><T79/><D42/><U56/><E5/><V125/><F125/><W135/><G91/><T38/><D38/><U27/><E85/><V25/><F25/><N who="3" m="14559" /><G135/><T115/><D115/><U12/><E27/><V14/><F83/><W37/><G37/><T121/><D121/><U96/><REACH who="1" step="1"/><E21/><REACH who="1" ten="230,230,240,290" step="2"/><V59/><F6/><W74/><G74/><T17/><D17/><U52/><E52/><V110/><F55/><W33/><G33/><T108/><D53/><U54/><E54/><V133/><F133/><W80/><G117/><T81/><D108/><U103/><E103/><AGARI ba="0,1" hai="49,50,64,65,70,71,76,79,81,82,100,103,105,107" machi="103" ten="25,6400,0" yaku="22,2,52,2" doraHai="63" who="0" fromWho="1" sc="230,74,230,-64,240,0,290,0" /><INIT seed="2,0,0,0,4,0" ten="304,166,240,290" oya="2" hai0="95,29,58,129,76,65,77,42,91,28,106,15,90" hai1="38,71,34,118,132,98,23,16,135,67,5,46,22" hai2="54,121,126,3,64,114,87,102,97,25,112,127,72" hai3="44,52,14,48,37,134,88,70,69,108,109,122,128"/><V61/><F121/><W50/><G14/><T62/><D106/><U40/><E118/><V63/><F72/><W17/><G17/><T117/><D117/><U116/><E116/><V1/><F25/><W105/><G105/><T19/><D129/><U6/><E34/><V89/><F54/><N who="3" m="29959" /><G37/><T18/><D42/><U104/><E23/><V30/><F30/><N who="0" m="11882" /><D19/><U92/><E104/><N who="2" m="63567" /><F87/><W133/><G88/><N who="0" m="33835" /><D95/><U51/><E38/><V130/><F89/><W73/><G73/><T33/><D33/><U31/><E31/><V9/><F130/><W131/><G122/><T26/><D26/><N who="1" m="14663" /><E92/><V78/><F78/><W47/><G128/><T55/><D65/><U124/><E98/><V103/><F103/><W83/><G83/><T60/><D60/><N who="1" m="40423" /><E124/><N who="2" m="47659" /><F63/><W125/><G131/><T36/><D36/><U41/><E40/><V120/><F120/><W74/><G74/><T96/><D96/><U32/><E32/><V82/><F82/><W79/><G125/><T27/><D27/><U86/><E86/><V11/><F1/><W84/><G84/><T24/><D24/><U12/><E12/><V56/><F3/><W66/><G79/><T100/><D100/><U113/><E113/><AGARI ba="0,0" hai="9,11,56,61,64,112,113,114" m="47659,63567" machi="113" ten="30,1500,0" yaku="18,1" doraHai="0" who="2" fromWho="1" sc="304,0,166,-15,240,15,290,0" /><INIT seed="2,1,0,5,5,27" ten="304,151,255,290" oya="2" hai0="106,76,19,115,101,94,133,72,36,93,57,96,32" hai1="134,53,63,9,84,121,75,13,52,12,16,131,37" hai2="2,54,130,127,87,6,85,125,59,98,4,8,21" hai3="114,117,51,42,109,56,43,18,105,62,60,50,116"/><V71/><F71/><W95/><G95/><T10/><D36/><U68/><E75/><V14/><F130/><W3/><G18/><T83/><D32/><U79/><E131/><V25/><F98/><W100/><G3/><T45/><D115/><U44/><E134/><V86/><F4/><W124/><G100/><T110/><D133/><U66/><E121/><V126/><F2/><W58/><G105/><T112/><D112/><U7/><E37/><V120/><F120/><W49/><G114/><T78/><D110/><U132/><E132/><V74/><F74/><W24/><G24/><T38/><D57/><N who="3" m="22121" /><G124/><T135/><D135/><U26/><E26/><V23/><REACH who="2" step="1"/><F25/><REACH who="2" ten="304,151,245,290" step="2"/><W108/><G108/><T88/><D96/><U111/><E111/><V41/><F41/><N who="3" m="15371" /><G109/><T30/><D101/><U103/><E103/><V90/><F90/><W28/><G28/><T15/><D88/><U61/><E7/><V70/><F70/><W99/><G99/><T11/><D78/><U107/><E68/><V31/><F31/><W128/><G128/><T67/><D30/><U48/><E79/><V123/><F123/><W104/><G104/><T69/><D106/><U47/><E107/><V33/><F33/><W80/><G80/><T46/><D83/><U118/><E84/><V91/><F91/><W73/><G73/><T77/><D76/><U102/><E102/><V97/><F97/><W119/><AGARI ba="1,1" hai="49,50,51,60,62,116,117,119" m="15371,22121" machi="119" ten="40,8000,1" yaku="28,2,34,2" doraHai="27" who="3" fromWho="3" sc="304,-21,151,-21,245,-41,290,93" /><INIT seed="3,0,0,2,0,36" ten="283,130,204,383" oya="3" hai0="63,41,133,23,115,10,71,52,4,91,57,79,92" hai1="13,90,102,111,6,122,110,94,87,67,16,129,80" hai2="28,75,121,96,84,99,39,126,112,24,124,73,88" hai3="93,54,5,64,60,132,77,42,116,100,123,103,134"/><W127/><G116/><T27/><D133/><N who="3" m="51305" /><G123/><T33/><D115/><U47/><E122/><V8/><F112/><W22/><G127/><N who="2" m="48681" /><F8/><W95/><G77/><T43/><D71/><U30/><E129/><V18/><F18/><W12/><G54/><T19/><D79/><U72/><E6/><V81/><F39/><W61/><G42/><T11/><D33/><U78/><E30/><V3/><F3/><W7/><G22/><T32/><D32/><U29/><E29/><V83/><F121/><W58/><G60/><T26/><D26/><U66/><E47/><V130/><F130/><W118/><G118/><T131/><D131/><U117/><E117/><V105/><F24/><W65/><G65/><T38/><D38/><U74/><E74/><N who="2" m="28171" /><F28/><W120/><G120/><T1/><D11/><U70/><E70/><V49/><F49/><W86/><G12/><T125/><D125/><U9/><REACH who="1" step="1"/><E102/><REACH who="1" ten="283,120,204,383" step="2"/><N who="2" m="62663" /><F99/><AGARI ba="0,1" hai="1,4,10,19,23,27,41,43,52,57,63,91,92,99" machi="99" ten="30,12000,2" yaku="7,1,25,2,52,2,54,1" doraHai="36" who="0" fromWho="2" sc="283,130,120,0,204,-120,383,0" /><INIT seed="4,0,0,0,4,4" ten="413,120,84,383" oya="0" hai0="62,72,67,82,63,43,1,112,115,31,33,27,80" hai1="119,29,127,38,6,61,9,84,96,78,35,41,16" hai2="56,95,47,91,30,26,130,28,94,111,19,116,123" hai3="23,52,77,99,128,21,93,68,34,65,51,57,110"/><T104/><D104/><U90/><E119/><V20/><F111/><W100/><G110/><T86/><D1/><U37/><E127/><V5/><F123/><W89/><G34/><T121/><D121/><U22/><E78/><V32/><F130/><W58/><G128/><T42/><D72/><U76/><E76/><V87/><F116/><W124/><G124/><T70/><D63/><U53/><E96/><V13/><F30/><W88/><G68/><T44/><D43/><U122/><E122/><V106/><F106/><W25/><G77/><T120/><D120/><U69/><E29/><V131/><F131/><W74/><G74/><T24/><D24/><U125/><E35/><V102/><F47/><W101/><G101/><T118/><D86/><U64/><E53/><V15/><F56/><W3/><G3/><T75/><D118/><U14/><E41/><V2/><F15/><W50/><G23/><T79/><REACH who="0" step="1"/><D82/><REACH who="0" ten="403,120,84,383" step="2"/><U40/><E40/><V108/><F108/><W8/><G51/><AGARI ba="0,1" hai="27,31,33,42,44,51,62,67,70,75,79,80,112,115" machi="51" ten="40,3900,0" yaku="1,1,2,1,53,0" doraHai="4" doraHaiUra="117" who="0" fromWho="3" sc="403,49,120,0,84,0,383,-39" /><INIT seed="4,1,0,3,1,84" ten="452,120,84,344" oya="0" hai0="63,73,127,109,69,71,10,108,2,132,125,121,32" hai1="25,19,3,50,9,48,70,93,58,103,131,57,94" hai2="14,46,33,37,23,100,30,60,22,102,61,82,113" hai3="52,128,28,51,29,55,124,42,13,88,97,110,117"/><T92/><D121/><U116/><E116/><V106/><F113/><W95/><G110/><N who="0" m="42603" /><D32/><U45/><E70/><N who="0" m="26633" /><D73/><U133/><E133/><V75/><F33/><W44/><G117/><T49/><D63/><U72/><E131/><V64/><F64/><W35/><G128/><T78/><D78/><U17/><E72/><V43/><F30/><N who="3" m="11883" /><G35/><T119/><D119/><U123/><E3/><V76/><F23/><W120/><G124/><N who="0" m="47691" /><D49/><U21/><E50/><V53/><F61/><W79/><G120/><T135/><D92/><U130/><E94/><V105/><F105/><W118/><G118/><T16/><D16/><U126/><E130/><V111/><F106/><W86/><G13/><T87/><D87/><U91/><E123/><V90/><F60/><W31/><G31/><T59/><D59/><U40/><E126/><V56/><F75/><W101/><G79/><T36/><D36/><U39/><E39/><V27/><F37/><W66/><G66/><T15/><D15/><N who="1" m="7407" /><E103/><V1/><F100/><W68/><G68/><T89/><D89/><U26/><E26/><V47/><F27/><W24/><G24/><T65/><D65/><U122/><E122/><V129/><F102/><W98/><G98/><AGARI ba="1,0" hai="19,21,25,40,45,48,57,58,91,93,98" m="7407" machi="98" ten="30,2000,0" yaku="8,1,52,1" doraHai="84" who="1" fromWho="3" sc="452,0,120,23,84,0,344,-23" /><INIT seed="5,0,0,1,5,92" ten="452,143,84,321" oya="1" hai0="128,9,113,78,103,95,115,68,23,39,106,52,134" hai1="129,127,31,22,83,42,14,10,69,1,98,96,84" hai2="12,77,94,91,107,100,110,131,55,54,57,4,60" hai3="2,112,70,15,44,34,104,53,46,24,120,74,50"/><U79/><E69/><V114/><F110/><W102/><G2/><T132/><D128/><U71/><E71/><V37/><F37/><W0/><G0/><T48/><D39/><U86/><E127/><V47/><F131/><W76/><G70/><T27/><D106/><U130/><E1/><V117/><F117/><W59/><G120/><T36/><D36/><U85/><E42/><V81/><F114/><N who="0" m="43530" /><D9/><U16/><E31/><V19/><F4/><W116/><G46/><N who="0" m="27671" /><D78/><U30/><E129/><V33/><F33/><W3/><G34/><T122/><D122/><U43/><E43/><V45/><F55/><W28/><G53/><T99/><D68/><U109/><E130/><V66/><F54/><W13/><G76/><T126/><D126/><U35/><E35/><V51/><F51/><W64/><G50/><T133/><D133/><U29/><E29/><AGARI ba="0,0" hai="23,27,29,95,99,103,132,134" m="27671,43530" machi="29" ten="30,3900,0" yaku="15,1,52,1,54,1" doraHai="92" who="0" fromWho="1" sc="452,39,143,-39,84,0,321,0" /><INIT seed="6,0,0,1,2,0" ten="491,104,84,321" oya="2" hai0="65,101,69,6,97,109,53,93,7,112,98,52,66" hai1="113,72,18,48,1,92,103,127,105,67,132,21,54" hai2="104,41,100,134,50,95,11,102,114,68,107,88,70" hai3="36,80,15,89,99,26,9,117,75,19,85,16,29"/><V10/><F41/><W58/><G117/><T27/><D109/><U130/><E67/><N who="0" m="25609" /><D69/><U118/><E92/><V91/><F50/><W17/><G36/><T2/><D2/><U135/><E103/><V60/><F95/><W77/><G99/><N who="0" m="59631" /><D112/><U20/><E20/><V4/><F114/><W22/><G58/><T90/><D27/><U76/><E21/><V121/><F134/><W94/><AGARI ba="0,0" hai="9,15,16,17,19,22,26,29,75,77,80,85,89,94" machi="94" ten="20,2700,0" yaku="0,1,7,1,54,1" doraHai="0" who="3" fromWho="3" sc="491,-7,104,-7,84,-13,321,27" /><INIT seed="7,0,0,1,4,15" ten="484,97,71,348" oya="3" hai0="50,61,125,97,85,76,48,69,84,111,32,134,51" hai1="89,7,57,44,73,22,17,70,86,30,28,41,3" hai2="14,106,130,95,96,13,21,11,34,10,104,135,16" hai3="18,2,78,19,124,98,5,63,37,56,23,113,42"/><W108/><G113/><T71/><D111/><U40/><E70/><V43/><F34/><W27/><G108/><T4/><D32/><U72/><E3/><V102/><F130/><W103/><G124/><T116/><D125/><U67/><E7/><V79/><F135/><W132/><G132/><T66/><D134/><U55/><E67/><V47/><F79/><W107/><G78/><T36/><D36/><U59/><E59/><V49/><F21/><W8/><G42/><N who="1" m="16490" /><E44/><V29/><F29/><W129/><G129/><T83/><D116/><U101/><E101/><V0/><F0/><W90/><G90/><T9/><D97/><U94/><E73/><V25/><F25/><W75/><G75/><T120/><D120/><U91/><E91/><V128/><F128/><W24/><G37/><T39/><D39/><U126/><E72/><V26/><F26/><W12/><REACH who="3" step="1"/><G19/><AGARI ba="0,0" hai="10,11,13,14,16,19,43,47,49,95,96,102,104,106" machi="19" ten="30,8000,1" yaku="7,1,9,1,52,2,54,1" doraHai="15" who="2" fromWho="3" sc="484,0,97,0,71,80,348,-80" owari="484,58.4,97,-40.3,151,-24.9,268,6.8" /></mjloggm>