<mjloggm ver="2.3"><GO type="225" lobby="0"/><UN n0="%E3%83%96%E3%83%83%E3%83%91%E3%82%AA%E3%83%96%E3%83%81%E3%82%AD%E3%83%B3" n1="%E3%81%AF%E3%82%88%E3%81%8A%E3%81%98%E3%81%95%E3%82%93" n2="%70%68%65%6E%6F%6D%65" n3="%E3%82%BC%E3%83%AB%E3%83%80%E3%81%AE%E4%BC%9D%E8%AA%AC" dan="16,16,16,17" rate="2125.12,2188.79,2176.44,2120.43" sx="M,M,M,M"/><TAIKYOKU oya="0"/><INIT seed="0,0,0,2,3,120" ten="250,250,250,250" oya="0" hai0="56,6,106,33,122,44,3,118,129,2,46,93,70" hai1="28,107,4,62,63,111,101,66,86,135,108,128,105" hai2="36,110,90,131,67,58,31,16,17,69,121,103,75" hai3="23,42,9,60,94,20,50,22,65,39,55,134,29"/><T85/><D118/><U124/><E124/><V7/><F121/><W19/><G134/><T49/><D122/><U96/><E135/><V51/><F131/><W88/><G39/><T52/><D129/><U99/><E128/><V64/><F36/><W53/><G29/><T113/><D113/><U14/><E28/><V95/><F75/><W0/><G42/><T73/><D33/><U48/><E48/><V84/><F110/><N who="1" m="42025" /><E86/><V15/><F31/><W115/><G115/><T32/><D32/><U78/><E78/><V61/><F103/><W119/><G119/><T83/><D85/><U59/><E63/><V21/><F51/><W80/><G80/><T117/><D49/><U114/><E114/><V109/><F109/><W34/><G34/><T133/><D133/><U126/><E126/><V81/><F81/><W12/><G50/><T130/><D83/><U87/><E87/><V116/><F116/><W92/><G0/><T100/><D117/><U40/><E40/><V89/><F84/><N who="3" m="52231" /><G94/><T38/><D38/><U30/><E30/><V123/><F95/><W37/><G37/><T18/><D130/><U97/><E101/><V102/><F102/><W24/><G24/><T13/><D100/><U77/><E77/><V5/><F123/><W10/><G10/><AGARI ba="0,0" hai="4,10,14,59,62,66,96,97,99,105,107" m="42025" machi="10" ten="30,7700,0" yaku="14,1,52,3" doraHai="120" who="1" fromWho="3" sc="250,0,250,77,250,0,250,-77" /><INIT seed="1,0,0,1,4,118" ten="250,327,250,173" oya="1" hai0="14,94,82,47,65,107,125,105,130,68,72,35,108" hai1="117,38,46,88,17,44,13,129,0,81,7,55,62" hai2="28,126,63,50,110,120,25,30,85,9,127,95,96" hai3="77,15,19,43,84,24,113,1,31,51,39,75,45"/><U133/><E117/><V135/><F110/><W74/><G1/><T21/><D35/><U67/><E129/><V4/><F135/><W106/><G106/><N who="0" m="40459" /><D47/><U23/><E133/><V83/><F120/><W98/><G113/><T99/><D21/><U111/><E111/><V64/><F50/><W87/><G98/><T97/><D14/><U91/><E0/><V93/><F85/><W90/><G39/><T18/><D18/><U79/><E7/><V116/><F83/><W54/><G43/><T86/><D65/><U103/><E103/><V22/><F28/><W41/><G41/><T58/><D58/><U123/><E123/><V11/><F95/><W78/><G74/><T5/><D68/><U69/><E46/><V89/><F116/><W131/><G75/><T121/><D5/><U115/><E115/><V32/><F32/><W12/><G131/><T40/><D40/><U80/><E80/><V2/><REACH who="2" step="1"/><F11/><REACH who="2" ten="250,327,240,173" step="2"/><W3/><G84/><T57/><D108/><U33/><E33/><V100/><F100/><W66/><G31/><T76/><D121/><U20/><E38/><V124/><F124/><W112/><G112/><T37/><D125/><U102/><E102/><V59/><AGARI ba="0,1" hai="2,4,9,22,25,30,59,63,64,89,93,96,126,127" machi="59" ten="30,2000,0" yaku="1,1,0,1,53,0" doraHai="118" doraHaiUra="119" who="2" fromWho="2" sc="250,-5,327,-10,240,30,173,-5" /><INIT seed="2,0,0,2,5,131" ten="245,317,270,168" oya="2" hai0="69,125,88,54,8,51,81,82,1,41,111,3,124" hai1="24,23,103,42,130,73,10,87,72,53,85,63,114" hai2="0,119,5,70,62,79,44,129,33,27,65,4,98" hai3="97,66,123,126,59,128,115,89,30,83,60,20,90"/><V26/><F119/><W93/><G123/><T64/><D41/><U112/><E130/><V110/><F129/><W96/><G128/><T40/><D40/><U94/><E42/><V57/><F110/><W105/><G126/><N who="0" m="48747" /><D111/><U135/><E10/><V84/><F70/><W15/><G115/><T86/><D8/><U121/><E121/><V12/><F0/><N who="0" m="74" /><D69/><U68/><E68/><V6/><F44/><W118/><G118/><T113/><D64/><U133/><E63/><V47/><F47/><W77/><G105/><T104/><D104/><U91/><E53/><V76/><F33/><W58/><G58/><N who="0" m="33119" /><D113/><N who="1" m="43627" /><E103/><V75/><F65/><W32/><G32/><T132/><D81/><U39/><E39/><V14/><F62/><W7/><G7/><T61/><D61/><U109/><E109/><V108/><F108/><W49/><G49/><T11/><D11/><U106/><E106/><V19/><F5/><W102/><G97/><T38/><D38/><U17/><E24/><V100/><F27/><N who="3" m="16743" /><G15/><T120/><D120/><U31/><E31/><V80/><F26/><W9/><G9/><T122/><D122/><U71/><E71/><V92/><F14/><W34/><G34/><T116/><D116/><U35/><E35/><V117/><F117/><W28/><G28/><T78/><D78/><U13/><E13/><V45/><F4/><W52/><G66/><T29/><D29/><U46/><E23/><N who="2" m="11751" /><F6/><W56/><G56/><T18/><D18/><U127/><E127/><V25/><F45/><W50/><G60/><T134/><AGARI ba="0,0" hai="82,86,88,132,134" m="33119,74,48747" machi="134" ten="40,8000,1" yaku="18,1,52,2,54,1" doraHai="131" who="0" fromWho="0" sc="245,80,317,-20,270,-40,168,-20" /><INIT seed="3,0,0,5,2,82" ten="325,297,230,148" oya="3" hai0="74,134,34,10,81,78,33,38,104,112,51,84,65" hai1="129,86,63,64,28,97,24,48,22,80,42,16,13" hai2="32,56,99,61,124,26,94,31,88,5,131,70,19" hai3="66,95,115,91,14,119,75,4,27,83,29,55,113"/><W121/><G119/><T6/><D134/><U46/><E129/><V35/><F131/><W111/><G121/><T68/><D112/><U49/><E97/><V3/><F124/><W123/><G123/><T133/><D133/><U7/><E7/><V85/><F70/><W17/><G4/><T59/><D104/><U69/><E49/><V126/><F126/><W30/><G66/><T1/><D68/><U120/><E120/><V43/><F43/><W21/><G111/><T107/><D107/><U53/><E53/><V57/><F32/><W25/><G55/><T71/><D71/><U18/><E13/><V58/><F19/><W125/><G125/><T15/><D51/><U0/><E0/><V60/><REACH who="2" step="1"/><F99/><REACH who="2" ten="325,297,220,148" step="2"/><W105/><G105/><T12/><D34/><U116/><E116/><V90/><F90/><AGARI ba="0,1" hai="16,18,22,24,28,42,46,48,63,64,69,80,86,90" machi="90" ten="30,3900,0" yaku="7,1,52,1,54,1" doraHai="82" who="1" fromWho="2" sc="325,0,297,49,220,-39,148,0" owari="325,12.5,346,44.6,181,-21.9,148,-35.2" /></mjloggm>