<mjloggm ver="2.3"><GO type="169" lobby="0"/><UN n0="%6B%61%74%65%72%69%6E%61" n1="%57%44%44%69%65" n2="%E3%82%89%E3%81%84%E3%81%82%E3%82%93%E3%81%98%E3%82%83%E3%82%93" n3="%E3%81%BD%E3%81%A1%E3%81%9F%E3%81%93%E3%82%84" dan="16,16,17,17" rate="2107.45,2086.52,2193.94,2120.23" sx="M,M,M,M"/><TAIKYOKU oya="0"/><INIT seed="0,0,0,0,4,103" ten="250,250,250,250" oya="0" hai0="73,89,37,129,66,33,32,76,131,18,99,55,4" hai1="83,21,98,95,101,69,125,19,63,49,43,70,10" hai2="80,132,5,28,68,57,60,0,50,133,52,118,12" hai3="23,123,105,31,42,17,84,29,30,124,35,86,9"/><T39/><D66/><U2/><E125/><V116/><F0/><W40/><G124/><T90/><D4/><U71/><E83/><V3/><F3/><W88/><G35/><N who="0" m="13387" /><D55/><U72/><E72/><V47/><F28/><W93/><G123/><T100/><D18/><U27/><E49/><V121/><F80/><W127/><G105/><T92/><D76/><U14/><E43/><V56/><F12/><W135/><G135/><N who="2" m="51785" /><F5/><W119/><G119/><N who="2" m="45609" /><F121/><W20/><G127/><T109/><D73/><U120/><E2/><V11/><F11/><W112/><G112/><T96/><D90/><U16/><REACH who="1" step="1"/><E120/><REACH who="1" ten="250,240,250,250" step="2"/><V91/><F91/><N who="3" m="53479" /><G42/><T26/><D39/><U97/><E97/><V78/><F78/><W46/><G40/><T102/><D37/><U79/><E79/><V128/><F128/><W65/><G46/><T134/><D134/><U126/><E126/><V81/><F81/><N who="3" m="49231" /><G65/><AGARI ba="0,1" hai="10,14,16,19,21,27,63,65,69,70,71,95,98,101" machi="65" ten="40,2600,0" yaku="1,1,54,1,53,0" doraHai="103" doraHaiUra="1" who="1" fromWho="3" sc="250,0,240,36,250,0,250,-26" /><AGARI ba="0,0" hai="47,50,52,56,57,60,65,68" m="45609,51785" machi="65" ten="30,8000,1" yaku="20,1,12,1,34,2,54,1" doraHai="103" who="2" fromWho="3" sc="250,0,276,0,250,80,224,-80" /><INIT seed="1,0,0,4,2,21" ten="250,276,330,144" oya="1" hai0="130,44,124,51,14,34,85,18,15,25,126,41,72" hai1="7,123,109,73,67,92,37,89,45,103,35,107,119" hai2="53,0,129,5,122,52,132,9,100,114,19,110,88" hai3="63,20,58,2,57,81,82,4,23,77,46,60,3"/><U113/><E113/><V111/><F122/><W131/><G46/><T115/><D115/><U22/><E119/><V117/><F117/><W66/><G131/><T6/><D72/><U24/><E73/><V118/><F118/><W133/><G133/><T28/><D130/><U65/><E123/><V125/><F129/><W121/><G121/><T42/><D6/><U39/><E35/><V55/><F114/><W91/><G91/><T80/><D41/><U64/><E7/><V84/><F100/><W47/><G47/><T94/><D94/><U95/><E109/><N who="2" m="41483" /><F132/><W98/><G98/><T70/><D70/><U33/><E33/><V61/><F125/><N who="0" m="48234" /><D18/><U86/><E45/><V106/><F106/><W108/><G108/><T31/><D31/><U26/><E107/><V69/><F19/><W96/><G96/><T54/><D42/><U68/><E68/><V128/><F128/><W105/><G105/><T12/><D15/><U38/><REACH who="1" step="1"/><E22/><REACH who="1" ten="250,266,330,144" step="2"/><V90/><F84/><W17/><G4/><T102/><D102/><U16/><E16/><V134/><F134/><W74/><G23/><T83/><D83/><U135/><E135/><V1/><F1/><W43/><G82/><T36/><D36/><U27/><E27/><V87/><F87/><W29/><G29/><T127/><N who="0" m="48242" /><T56/><DORA hai="99" /><D44/><U49/><E49/><V112/><F112/><W50/><G50/><T40/><D40/><U75/><E75/><V101/><F101/><W30/><G43/><T79/><AGARI ba="0,1" hai="12,14,25,28,34,51,54,56,79,80,85" m="48242" machi="79" ten="40,2700,0" yaku="18,1,52,1" doraHai="21,99" who="0" fromWho="0" sc="250,37,266,-13,330,-7,144,-7" /><INIT seed="2,0,0,3,4,91" ten="287,253,323,137" oya="2" hai0="27,93,87,77,74,54,114,78,81,129,32,106,79" hai1="125,80,39,4,105,111,10,115,98,50,59,42,14" hai2="34,70,51,84,15,7,64,19,17,56,23,83,28" hai3="122,35,107,123,44,55,69,68,33,127,99,48,47"/><V118/><F118/><W63/><G127/><T31/><D114/><U101/><E115/><V24/><F70/><N who="3" m="27243" /><G99/><T82/><D106/><U53/><E125/><V20/><F7/><W92/><G92/><T57/><D129/><U112/><E112/><V40/><F40/><W21/><G21/><T43/><D43/><U60/><E39/><V102/><F102/><W38/><G33/><T131/><D131/><U132/><E132/><V11/><F51/><N who="3" m="29159" /><G35/><T26/><D26/><U134/><E134/><V124/><F124/><W18/><G18/><T45/><D45/><U16/><E80/><V117/><F117/><W36/><G107/><T71/><D71/><U89/><E89/><V96/><F96/><W133/><G133/><T130/><D130/><U9/><E42/><V37/><F19/><W94/><G94/><T126/><D126/><U5/><E111/><V135/><F135/><W30/><G30/><T13/><D13/><U25/><E25/><V120/><F28/><W86/><G86/><T88/><REACH who="0" step="1"/><D81/><REACH who="0" ten="277,253,323,137" step="2"/><U65/><E9/><V61/><F11/><W46/><G122/><T6/><D6/><U97/><E98/><V109/><F24/><W95/><G123/><T52/><D52/><U75/><E75/><V1/><F109/><W90/><G46/><AGARI ba="0,1" hai="4,5,10,14,16,46,50,53,59,60,65,97,101,105" machi="46" ten="30,2000,0" yaku="7,1,54,1" doraHai="91" who="1" fromWho="3" sc="277,0,253,30,323,0,137,-20" /><INIT seed="3,0,0,3,3,130" ten="277,283,323,117" oya="3" hai0="89,80,25,19,32,118,8,121,51,54,82,83,84" hai1="26,70,135,115,88,94,75,12,3,103,39,31,49" hai2="68,36,131,117,96,114,125,34,55,0,81,52,126" hai3="93,97,120,63,127,23,53,38,116,85,4,17,61"/><W90/><G116/><T7/><D121/><U15/><E115/><V10/><F34/><W43/><G120/><T42/><D118/><U30/><E39/><V122/><F36/><W29/><G127/><T56/><D42/><U58/><E75/><V47/><F68/><W101/><G4/><T107/><D107/><U50/><E70/><V20/><F122/><W124/><G124/><T133/><D133/><U108/><E3/><V6/><F114/><W60/><G29/><T92/><D32/><U91/><E108/><V21/><F117/><W79/><G79/><T104/><D104/><U27/><E58/><V59/><F131/><W78/><G78/><T1/><D25/><U119/><E119/><V24/><F96/><W45/><G53/><T69/><D69/><U102/><REACH who="1" step="1"/><E94/><REACH who="1" ten="277,273,323,117" step="2"/><V16/><F125/><W13/><REACH who="3" step="1"/><G63/><REACH who="3" ten="277,273,323,107" step="2"/><T111/><D111/><U74/><E74/><V18/><F126/><W57/><G57/><T40/><D56/><U33/><E33/><V22/><F59/><W46/><G46/><T62/><D62/><U71/><E71/><V72/><F47/><W65/><G65/><T28/><D1/><U44/><E44/><V106/><F0/><W64/><G64/><T98/><D54/><U35/><E35/><V48/><F55/><W110/><G110/><T129/><D129/><U66/><E66/><V128/><F128/><W87/><G87/><T112/><D84/><U132/><AGARI ba="0,2" hai="12,15,26,27,30,31,49,50,88,91,102,103,132,135" machi="132" ten="25,12000,2" yaku="1,1,0,1,22,2,52,2,54,1,53,0" doraHai="130" doraHaiUra="109" who="1" fromWho="1" sc="277,-30,273,140,323,-30,107,-60" /><INIT seed="4,0,0,3,4,54" ten="247,413,293,47" oya="0" hai0="11,6,50,67,70,77,94,78,97,90,33,59,17" hai1="27,2,16,102,19,28,106,72,18,23,131,46,9" hai2="109,21,57,82,39,64,12,73,41,34,134,118,121" hai3="116,26,95,135,7,35,100,88,51,130,8,68,80"/><T79/><D33/><U63/><E72/><V105/><F109/><W20/><G116/><T112/><D112/><U32/><E131/><V5/><F121/><W126/><G130/><T71/><D17/><U53/><E106/><V128/><F105/><W61/><G35/><T129/><D129/><U81/><E102/><V66/><F34/><W115/><G115/><T36/><D36/><U0/><E81/><V92/><F92/><W49/><G135/><T62/><REACH who="0" step="1"/><D50/><REACH who="0" ten="237,413,293,47" step="2"/><U48/><E32/><V98/><F39/><W124/><G49/><T122/><D122/><U86/><E9/><V56/><F128/><W117/><G117/><T43/><D43/><U75/><E19/><V38/><F41/><W99/><G51/><T76/><N who="0" m="19456" /><DORA hai="91" /><T1/><AGARI ba="0,1" hai="1,6,11,59,62,67,70,71,90,94,97" m="19456" machi="1" ten="40,12000,1" yaku="1,1,4,1,0,1,52,2,53,0" doraHai="54,91" doraHaiUra="123,69" who="0" fromWho="0" sc="237,130,413,-40,293,-40,47,-40" /><INIT seed="4,1,0,3,2,74" ten="367,373,253,7" oya="0" hai0="0,65,110,9,79,114,32,124,35,81,67,131,78" hai1="88,47,120,116,45,115,76,10,132,106,27,42,37" hai2="100,133,56,130,66,77,53,3,103,125,82,21,71" hai3="112,44,109,43,57,29,118,12,102,16,123,93,89"/><T24/><D114/><U104/><E116/><V26/><F130/><W98/><G112/><T108/><D131/><U13/><E115/><V1/><F133/><W129/><G129/><T99/><D124/><U15/><E120/><V39/><F125/><W69/><G69/><T90/><D0/><U80/><E132/><V63/><F39/><W18/><G118/><T46/><D9/><U20/><E47/><V23/><F1/><W60/><G123/><T122/><D122/><U30/><E88/><V113/><F3/><W6/><G109/><N who="0" m="42091" /><D46/><U119/><E119/><V22/><F113/><W55/><G29/><N who="0" m="19495" /><D35/><U7/><REACH who="1" step="1"/><E13/><REACH who="1" ten="367,363,253,7" step="2"/><V127/><F127/><W84/><G12/><T48/><D99/><U49/><E49/><V117/><F117/><W38/><G6/><T86/><D48/><U95/><E95/><AGARI ba="1,1" hai="16,18,38,43,44,55,57,60,84,89,93,95,98,102" machi="95" ten="30,2000,0" yaku="7,1,54,1" doraHai="74" who="3" fromWho="1" sc="367,0,363,-23,253,0,7,33" /><INIT seed="5,0,0,2,0,60" ten="367,340,253,40" oya="1" hai0="84,71,82,44,99,105,97,21,4,83,116,76,130" hai1="94,0,62,57,43,117,17,114,2,66,74,95,54" hai2="28,89,79,133,85,6,132,34,103,53,8,33,91" hai3="88,31,64,93,12,135,68,15,3,98,38,42,48"/><U72/><E117/><V118/><F118/><W19/><G3/><T122/><D116/><U30/><E30/><V92/><F79/><W11/><G135/><N who="2" m="51785" /><F28/><W77/><G38/><T134/><D134/><U112/><E43/><V51/><F91/><W45/><G31/><T1/><D71/><U61/><E17/><V59/><F103/><W111/><G111/><T40/><D130/><U65/><E57/><V39/><F39/><W25/><G77/><T104/><D122/><U96/><E54/><V73/><F73/><W32/><G32/><T86/><D21/><U23/><E23/><V35/><F35/><W26/><REACH who="3" step="1"/><G12/><AGARI ba="0,0" hai="6,8,12,33,34,51,53,59,85,89,92" m="51785" machi="12" ten="30,1000,0" yaku="20,1" doraHai="60" who="2" fromWho="3" sc="367,0,340,0,253,10,40,-10" /><INIT seed="6,0,0,0,5,6" ten="367,340,263,30" oya="2" hai0="28,115,81,43,119,105,118,21,18,109,39,58,122" hai1="35,120,46,64,9,102,86,127,63,16,5,95,117" hai2="77,73,75,31,123,78,52,1,11,108,128,124,14" hai3="111,32,60,68,110,131,88,29,44,125,17,99,89"/><V92/><F123/><W94/><G131/><T2/><D109/><U90/><E117/><N who="0" m="44553" /><D122/><U101/><E35/><V98/><F128/><W50/><G125/><T49/><D105/><U48/><E120/><V76/><F124/><W103/><G32/><T51/><D2/><U107/><E107/><V23/><F108/><W96/><G29/><T116/><D115/><U54/><E127/><V74/><F1/><W0/><G0/><T69/><D69/><U84/><E86/><V112/><F112/><W40/><G89/><T56/><D28/><U91/><E91/><V129/><F129/><W59/><G68/><T100/><D100/><U82/><E95/><V33/><F33/><W10/><G17/><T55/><D81/><U61/><E5/><V47/><F23/><W57/><G57/><N who="0" m="33007" /><D51/><U24/><E24/><V8/><F31/><W36/><G50/><T15/><N who="0" m="44561" /><T87/><DORA hai="67" /><D87/><U26/><E26/><V71/><F71/><W12/><G99/><T93/><D93/><U70/><E63/><V66/><F66/><W45/><G103/><T25/><D15/><AGARI ba="0,0" hai="9,15,16,46,48,54,61,64,70,82,84,90,101,102" machi="15" ten="40,8000,1" yaku="25,2,52,2,54,1" doraHai="6,67" who="1" fromWho="0" sc="367,-80,340,80,263,0,30,0" /><INIT seed="7,0,0,1,2,8" ten="287,420,263,30" oya="3" hai0="62,119,102,9,63,78,84,61,43,55,107,118,71" hai1="11,6,132,17,114,68,25,41,46,127,31,45,26" hai2="51,23,79,1,40,95,39,58,85,49,64,18,98" hai3="97,135,133,128,120,111,30,80,57,77,123,110,24"/><W121/><G57/><T124/><D124/><U112/><E68/><V101/><F1/><W33/><G97/><T130/><D130/><U134/><E17/><V86/><F39/><W15/><G128/><T37/><D102/><U126/><E11/><V74/><F74/><W47/><G47/><T75/><D75/><U108/><E6/><V76/><F40/><W73/><REACH who="3" step="1"/><G15/><REACH who="3" ten="287,420,263,20" step="2"/><T106/><D119/><U91/><E46/><V27/><F58/><W109/><AGARI ba="0,1" hai="24,30,33,73,77,80,109,110,111,120,121,123,133,135" machi="109" ten="40,18000,2" yaku="1,1,2,1,0,1,10,1,23,2,53,0" doraHai="8" doraHaiUra="13" who="3" fromWho="3" sc="287,-60,420,-60,263,-60,20,190" /><INIT seed="7,1,0,5,2,1" ten="227,360,203,210" oya="3" hai0="87,48,62,25,7,6,11,86,108,23,103,67,34" hai1="31,76,29,39,52,71,36,90,10,63,24,59,61" hai2="74,51,47,64,104,41,68,113,3,95,42,18,112" hai3="91,56,96,101,15,33,44,26,117,69,17,116,106"/><W22/><G69/><T43/><D108/><U38/><E76/><V135/><F104/><W118/><G56/><N who="0" m="37319" /><D34/><U19/><E90/><V84/><F74/><W50/><G91/><T134/><D134/><U127/><E127/><V40/><F135/><W93/><G33/><T109/><D103/><U32/><E31/><V115/><F3/><W77/><G77/><T0/><D0/><U99/><E99/><V92/><F18/><W53/><REACH who="3" step="1"/><G26/><REACH who="3" ten="227,360,203,200" step="2"/><T130/><D25/><N who="1" m="18479" /><E71/><V100/><F100/><W126/><G126/><T97/><D109/><U45/><E24/><V14/><F14/><W89/><G89/><T20/><D130/><U102/><E59/><V37/><F84/><W98/><G98/><T30/><D87/><U73/><E73/><V129/><F129/><W80/><G80/><T60/><D86/><U114/><E102/><V81/><F81/><W5/><G5/><T2/><D7/><U78/><E78/><V4/><F4/><W111/><G111/><T57/><D97/><U28/><E45/><N who="2" m="23695" /><F41/><W27/><G27/><T120/><D30/><U83/><E28/><V123/><F123/><W122/><G122/><T121/><D121/><U58/><E83/><V35/><F35/><W82/><G82/><T124/><D124/><U128/><E128/><V55/><F42/><W79/><G79/><T70/><D70/><U16/><E58/><V75/><F75/><W9/><G9/><T54/><D120/><U72/><E10/><V65/><F68/><W8/><G8/><T13/><D2/><U12/><E72/><V132/><F132/><W88/><G88/><RYUUKYOKU ba="1,1" sc="227,10,360,-30,203,10,200,10" hai0="6,11,13,20,23,43,48,54,57,60" hai2="47,51,55,64,65,92,95,112,113,115" hai3="15,17,22,44,50,53,93,96,101,106,116,117,118" /><INIT seed="7,2,1,5,0,134" ten="237,330,213,210" oya="3" hai0="107,82,112,123,106,37,46,92,24,31,89,80,2" hai1="44,118,87,36,58,86,27,38,122,116,65,88,0" hai2="62,124,35,74,53,19,72,7,135,70,55,49,83" hai3="93,81,59,120,8,13,45,39,10,119,77,51,3"/><W132/><G132/><T69/><D123/><U102/><E122/><V95/><F35/><W64/><G120/><T79/><D69/><U52/><E0/><V9/><F135/><W23/><G119/><N who="1" m="45610" /><E102/><V84/><F19/><N who="3" m="10735" /><G39/><T29/><D29/><U48/><E27/><V4/><F124/><W60/><G3/><T91/><D91/><U113/><E113/><V22/><F72/><W133/><G133/><T34/><D82/><N who="1" m="49239" /><E87/><V30/><F74/><W1/><G1/><T100/><D100/><U75/><E75/><V28/><F30/><W131/><G131/><T25/><D25/><U85/><E85/><V98/><F28/><W71/><G71/><T50/><D2/><U94/><E94/><V99/><F70/><W127/><G127/><T115/><D107/><U68/><E68/><V121/><F121/><W73/><G93/><T109/><D106/><U96/><E96/><V15/><F95/><W111/><G111/><T101/><D109/><U21/><E21/><V16/><F98/><W108/><G108/><T129/><D129/><U128/><E128/><V41/><F99/><W57/><G59/><T97/><D101/><U6/><E6/><V54/><F4/><W66/><G66/><T63/><D115/><U42/><E65/><V56/><F7/><W33/><G33/><T5/><D5/><U104/><E104/><V14/><F22/><W130/><G130/><T26/><D112/><U11/><E11/><V20/><F20/><W126/><G126/><T67/><D34/><U32/><E32/><V17/><F9/><W78/><G77/><T125/><D79/><RYUUKYOKU ba="2,1" sc="237,-15,330,15,213,-15,210,15" hai1="36,38,42,44,48,52,58" hai3="8,10,45,51,57,60,64,73,78,81" /><INIT seed="7,3,1,0,0,58" ten="222,345,198,225" oya="3" hai0="88,29,94,32,111,38,130,34,36,90,65,7,40" hai1="74,122,0,59,66,76,86,78,134,91,112,37,43" hai2="48,117,24,84,3,64,51,89,105,110,118,20,61" hai3="53,63,128,106,93,60,108,31,107,126,97,9,14"/><W56/><G128/><T45/><D111/><U26/><E122/><V33/><F105/><W15/><G108/><T132/><D130/><U81/><E0/><V77/><F110/><W21/><G126/><T95/><D132/><U92/><E134/><V72/><F3/><W30/><G106/><T104/><D104/><U44/><E112/><V27/><F72/><W4/><G107/><T96/><D7/><U83/><E26/><V121/><F121/><W49/><G15/><T120/><D120/><U62/><E83/><N who="2" m="47215" /><F33/><W73/><G73/><T52/><D65/><U19/><E19/><N who="2" m="12319" /><F117/><W8/><G8/><T101/><D38/><U127/><E78/><V135/><F135/><W124/><G124/><T98/><D29/><N who="3" m="10761" /><G21/><T13/><D13/><U2/><E2/><V123/><F123/><W35/><G35/><T1/><D1/><U69/><E127/><V115/><F115/><W55/><G53/><T87/><D52/><U46/><E46/><V68/><F118/><W41/><G41/><T80/><AGARI ba="3,1" hai="32,34,36,40,45,80,87,88,90,94,95,96,98,101" machi="80" ten="20,2700,0" yaku="0,1,7,1,54,1" doraHai="58" who="0" fromWho="0" sc="222,46,345,-10,198,-10,225,-16" owari="268,6.8,335,43.5,188,-31.2,209,-19.1" /></mjloggm>