<mjloggm ver="2.3"><GO type="169" lobby="0"/><UN n0="%E3%82%A6%E3%82%A9%E3%83%AB%E3%83%AD%E3%83%83%E3%83%88" n1="%64%69%76%61" n2="%43%4F%45%44%4F%E7%B7%91" n3="%E3%83%A8%E3%83%BC%E3%83%BB%E3%83%9E%E3%82%A4%E3%82%AB" dan="18,16,18,17" rate="2229.36,2055.41,2208.90,2204.82" sx="M,M,F,M"/><TAIKYOKU oya="0"/><INIT seed="0,0,0,2,3,132" ten="250,250,250,250" oya="0" hai0="44,41,110,78,105,94,114,45,70,29,43,119,73" hai1="61,79,130,57,115,13,74,85,120,33,87,68,103" hai2="2,38,107,89,4,52,54,7,47,60,69,113,8" hai3="80,17,102,83,118,88,10,81,39,56,66,58,125"/><T5/><D105/><U55/><E120/><V9/><F113/><W35/><G118/><T11/><D119/><U121/><E121/><V75/><F107/><W53/><G35/><T31/><D70/><U22/><E115/><V37/><F75/><W84/><G39/><T126/><D94/><U12/><E33/><V3/><F89/><W18/><G102/><T19/><D19/><N who="3" m="7177" /><G10/><T50/><D110/><U30/><E103/><V86/><F86/><W111/><G111/><T99/><D99/><U71/><E71/><V1/><F1/><W48/><G125/><T6/><D114/><U77/><E77/><V97/><F97/><W76/><G76/><T23/><D23/><U36/><E36/><V95/><F95/><W101/><G101/><T108/><D108/><U82/><E130/><V122/><F122/><W32/><G32/><T46/><D126/><U104/><E104/><V134/><F134/><W135/><G135/><T40/><D50/><U91/><E74/><V67/><REACH who="2" step="1"/><F37/><REACH who="2" ten="250,250,240,250" step="2"/><W26/><G26/><T117/><D117/><U15/><E79/><V24/><F24/><W20/><G20/><T59/><D78/><U106/><E22/><V21/><F21/><W14/><G14/><N who="0" m="5487" /><D73/><U93/><E106/><V63/><F63/><AGARI ba="0,1" hai="48,53,56,58,63,66,80,81,83,84,88" m="7177" machi="63" ten="30,2000,0" yaku="8,1,54,1" doraHai="132" who="3" fromWho="2" sc="250,0,250,0,240,-20,250,30" /><INIT seed="1,0,0,4,3,109" ten="250,250,220,280" oya="1" hai0="135,60,67,69,21,18,78,126,32,124,0,71,33" hai1="58,93,65,3,97,128,133,63,25,56,54,101,43" hai2="129,64,106,68,131,17,95,76,6,52,127,55,83" hai3="50,103,80,108,20,4,107,96,117,45,120,40,99"/><U113/><E128/><N who="2" m="49227" /><F106/><W115/><G120/><T91/><D135/><U123/><E123/><V82/><F127/><N who="0" m="48682" /><D0/><U11/><E133/><V112/><F112/><W49/><G108/><T85/><D78/><U34/><E43/><V61/><F6/><W47/><G117/><T102/><D102/><U86/><E113/><V53/><F76/><W10/><G115/><T73/><D71/><U132/><E132/><V12/><F95/><W72/><G20/><AGARI ba="0,0" hai="12,17,20,52,53,55,61,64,68,82,83" m="49227" machi="20" ten="30,2000,0" yaku="19,1,54,1" doraHai="109" who="2" fromWho="3" sc="250,0,250,0,220,20,280,-20" /><INIT seed="2,0,0,2,3,110" ten="250,250,240,260" oya="2" hai0="91,135,101,59,126,63,26,4,68,30,54,129,72" hai1="62,83,7,67,93,13,21,103,40,33,78,77,65" hai2="121,112,127,45,84,20,74,66,82,100,123,44,99" hai3="32,9,37,17,89,61,22,3,16,73,102,94,5"/><V28/><F74/><W87/><G73/><T116/><D72/><U39/><E33/><V0/><F0/><W134/><G134/><T53/><D135/><U113/><E39/><V130/><F127/><W131/><G131/><T10/><D129/><U119/><E40/><V104/><F130/><W29/><G37/><T105/><D68/><U95/><E119/><V97/><F66/><W108/><G108/><T75/><D75/><U48/><E48/><V1/><F1/><W43/><G43/><T79/><D126/><U125/><E125/><V71/><F71/><W11/><G32/><T14/><D79/><U12/><E62/><V124/><F124/><W27/><G61/><T6/><D116/><U24/><E83/><V120/><F99/><W57/><G57/><T118/><D118/><U122/><E122/><V109/><F109/><W90/><G102/><T23/><D91/><U25/><E21/><V60/><F60/><W81/><REACH who="3" step="1"/><G9/><REACH who="3" ten="250,250,240,250" step="2"/><N who="0" m="4391" /><D101/><U115/><REACH who="1" step="1"/><E103/><REACH who="1" ten="250,240,240,250" step="2"/><V85/><F121/><W50/><G50/><T35/><D35/><U92/><E92/><V80/><F123/><W34/><G34/><T114/><D63/><U52/><E52/><V132/><F120/><W19/><G19/><T2/><D54/><U18/><E18/><V42/><F132/><W41/><G41/><T111/><D111/><U117/><E117/><V133/><F42/><W106/><G106/><T64/><D105/><U38/><E38/><V56/><F133/><W8/><G8/><T88/><D53/><U76/><E76/><V36/><F104/><W49/><G49/><T69/><D10/><RYUUKYOKU ba="0,2" sc="250,-15,240,15,240,-15,250,15" hai1="7,12,13,24,25,65,67,77,78,93,95,113,115" hai3="3,5,11,16,17,22,27,29,81,87,89,90,94" /><INIT seed="3,1,2,2,3,113" ten="235,255,225,265" oya="3" hai0="135,83,14,57,27,36,65,106,77,89,29,93,127" hai1="47,69,34,85,64,60,120,54,95,19,12,1,74" hai2="118,115,133,32,72,98,86,117,31,124,35,90,10" hai3="107,62,81,37,0,4,128,45,42,55,78,80,52"/><W121/><G128/><T25/><D106/><U44/><E120/><V24/><F115/><W26/><G121/><T108/><D36/><U53/><E74/><V104/><F72/><N who="3" m="43079" /><G107/><T15/><D127/><U110/><E1/><V123/><F123/><W126/><G126/><T28/><D135/><U9/><E34/><V109/><F32/><W134/><G134/><T112/><D112/><U75/><E75/><V61/><F133/><W51/><G81/><T97/><D83/><U122/><E122/><V30/><F30/><N who="0" m="11882" /><D77/><U23/><E110/><V99/><F109/><W16/><G62/><N who="0" m="38095" /><D108/><U76/><E76/><V114/><F114/><W125/><G51/><T100/><D100/><U11/><E85/><V102/><F99/><W21/><G125/><T82/><D82/><U41/><E95/><N who="2" m="54743" /><F124/><W17/><G17/><T71/><D71/><U92/><E92/><V48/><F48/><W105/><G105/><T116/><D116/><U39/><E9/><AGARI ba="1,2" hai="0,4,9,16,21,26,37,42,45,52,55" m="43079" machi="9" ten="30,5800,0" yaku="25,1,54,2" doraHai="113" who="3" fromWho="1" sc="235,0,255,-61,225,0,265,81" /><INIT seed="3,2,0,3,5,100" ten="235,194,225,346" oya="3" hai0="78,20,107,135,104,26,106,129,95,128,85,114,11" hai1="90,101,34,52,55,18,2,54,4,41,98,13,60" hai2="76,47,87,3,32,120,63,69,119,37,88,91,99" hai3="64,6,117,29,51,59,62,116,12,75,105,66,121"/><W109/><G29/><T124/><D124/><U21/><E34/><V103/><F119/><W48/><G75/><T131/><D135/><U49/><E90/><V125/><F32/><W50/><G12/><T45/><D114/><U72/><E72/><V46/><F3/><W82/><G82/><N who="0" m="47319" /><D45/><U44/><E4/><V24/><F125/><W40/><G6/><T74/><D74/><U30/><E30/><V133/><F133/><W17/><G17/><N who="0" m="12559" /><D95/><U0/><REACH who="1" step="1"/><E60/><REACH who="1" ten="235,184,225,346" step="2"/><V73/><F63/><N who="3" m="38015" /><G116/><T94/><D94/><AGARI ba="2,1" hai="0,2,13,18,21,41,44,49,52,54,55,94,98,101" machi="94" ten="40,5200,0" yaku="1,1,54,1,53,1" doraHai="100" doraHaiUra="9" who="1" fromWho="0" sc="235,-58,184,68,225,0,346,0" /><INIT seed="4,0,0,5,1,103" ten="177,252,225,346" oya="0" hai0="123,106,121,48,71,87,31,47,74,95,70,34,120" hai1="39,86,64,65,46,53,58,40,42,45,98,54,28" hai2="21,75,57,89,94,13,133,113,5,135,29,3,22" hai3="63,20,50,49,96,62,85,44,14,55,77,125,130"/><T41/><D74/><U18/><E28/><V114/><F75/><W128/><G125/><T127/><D127/><U43/><E18/><N who="2" m="10447" /><F57/><N who="3" m="33007" /><G96/><T8/><D8/><U84/><E98/><N who="2" m="57679" /><F5/><W101/><G101/><T27/><REACH who="0" step="1"/><D106/><REACH who="0" ten="167,252,225,346" step="2"/><U111/><E111/><V69/><F3/><W79/><G130/><T52/><D52/><U105/><E105/><V0/><F0/><W17/><G128/><T16/><D16/><U91/><E54/><V109/><F109/><W97/><G97/><T108/><D108/><U81/><E40/><V15/><F135/><W35/><G85/><T36/><D36/><U2/><E86/><V102/><F133/><W4/><G4/><T6/><D6/><U72/><E72/><V76/><F114/><W116/><G116/><T60/><D60/><N who="3" m="23081" /><G35/><T90/><AGARI ba="0,1" hai="27,31,34,41,47,48,70,71,87,90,95,120,121,123" machi="90" ten="40,3900,0" yaku="1,1,0,1,53,0" doraHai="103" doraHaiUra="126" who="0" fromWho="0" sc="167,49,252,-13,225,-13,346,-13" /><INIT seed="4,1,0,3,0,104" ten="216,239,212,333" oya="0" hai0="53,51,109,3,6,78,17,26,112,19,103,101,127" hai1="28,79,125,15,56,131,74,4,105,92,132,108,71" hai2="55,106,113,62,95,134,39,32,48,96,7,126,75" hai3="46,43,11,83,47,64,86,54,16,10,1,88,57"/><T89/><D112/><U118/><E108/><V67/><F39/><W63/><G1/><T35/><D109/><U123/><E118/><V9/><F106/><W135/><G135/><T116/><D116/><U114/><E132/><V40/><F134/><W21/><G64/><T60/><D127/><U14/><E125/><V76/><F32/><W117/><G117/><T37/><D37/><U13/><E123/><V65/><F40/><W45/><G43/><T38/><D38/><U129/><E105/><V34/><F34/><W25/><AGARI ba="1,0" hai="10,11,16,21,25,45,46,47,54,57,63,83,86,88" machi="25" ten="30,7900,0" yaku="0,1,8,1,54,2" doraHai="104" who="3" fromWho="3" sc="216,-40,239,-21,212,-21,333,82" /><INIT seed="5,0,0,3,0,70" ten="176,218,191,415" oya="1" hai0="78,117,131,95,13,10,82,81,29,121,72,73,45" hai1="39,46,60,4,76,47,5,71,103,65,51,52,1" hai2="104,56,134,105,109,118,35,32,22,53,62,57,85" hai3="21,115,54,30,97,8,59,74,129,68,102,63,9"/><U6/><E76/><V20/><F109/><W37/><G74/><T130/><D29/><U16/><E103/><V0/><F0/><W19/><G115/><T40/><D117/><U110/><E110/><V55/><F85/><W112/><G112/><T113/><D113/><U41/><REACH who="1" step="1"/><E16/><REACH who="1" ten="176,208,191,415" step="2"/><V100/><F100/><W99/><G19/><T94/><D121/><U49/><E49/><V98/><F118/><W111/><G102/><T119/><D119/><U28/><E28/><V91/><F91/><W23/><G30/><T17/><D73/><U11/><AGARI ba="0,1" hai="1,4,5,6,11,39,41,46,47,51,52,60,65,71" machi="11" ten="30,11700,0" yaku="1,1,0,1,52,1,54,1,53,0" doraHai="70" doraHaiUra="75" who="1" fromWho="1" sc="176,-39,208,127,191,-39,415,-39" /><INIT seed="5,1,0,3,1,44" ten="137,335,152,376" oya="1" hai0="135,30,50,1,53,78,47,128,124,103,49,116,67" hai1="54,132,8,10,40,96,123,3,33,76,31,98,29" hai2="42,72,51,0,94,93,107,35,13,62,105,82,112" hai3="110,64,131,126,34,61,86,99,65,91,134,36,125"/><U119/><E123/><V66/><F0/><W127/><G110/><T88/><D116/><U46/><E119/><V60/><F35/><W122/><G122/><T75/><D1/><U5/><E132/><V63/><F66/><W120/><G120/><T121/><D121/><U104/><E54/><V115/><F13/><W92/><G34/><T70/><D135/><U129/><E129/><V52/><F42/><W83/><G134/><T118/><D118/><U2/><E104/><N who="2" m="40011" /><F82/><W43/><G131/><T11/><D128/><U81/><E33/><V100/><F100/><N who="3" m="60519" /><G61/><T57/><D103/><U12/><E31/><V101/><F101/><W28/><G28/><T69/><D67/><N who="3" m="25673" /><G43/><T25/><D69/><U56/><E29/><V84/><F84/><W90/><G36/><T26/><D70/><U106/><E106/><V114/><F72/><W9/><G9/><T58/><D11/><U102/><E102/><V109/><F109/><W27/><G27/><T111/><D111/><U68/><E68/><V117/><F117/><W19/><G19/><T17/><D17/><U133/><E133/><V97/><F97/><W130/><G130/><T89/><D26/><U14/><E98/><V32/><F32/><W48/><G90/><T95/><D89/><U113/><E96/><V79/><F79/><W108/><G108/><T21/><D78/><U71/><E71/><V23/><F23/><W22/><G22/><T59/><D75/><N who="1" m="43167" /><E2/><V87/><F87/><W15/><G15/><T73/><D73/><U37/><E3/><V16/><F16/><W4/><G4/><T74/><D74/><RYUUKYOKU ba="1,0" sc="137,-15,335,-15,152,15,376,15" hai2="51,52,60,62,63,93,94,112,114,115" hai3="48,83,86,91,125,126,127" /><INIT seed="6,2,0,2,3,135" ten="122,320,167,391" oya="2" hai0="62,122,46,45,124,15,20,95,54,111,114,100,36" hai1="77,17,94,128,131,37,93,75,32,42,29,4,23" hai2="59,88,107,65,13,101,3,110,113,6,70,38,1" hai3="30,58,25,106,105,21,49,74,28,91,120,66,117"/><V86/><F38/><W43/><G117/><T16/><D111/><U69/><E69/><V41/><F110/><W47/><G120/><T133/><D122/><U81/><E4/><V22/><F70/><W18/><G74/><T7/><D133/><U129/><E29/><V14/><F41/><W34/><G106/><T35/><D35/><U85/><E32/><V39/><F39/><W79/><G105/><T97/><D114/><U121/><E121/><V123/><F123/><W71/><G79/><T68/><D124/><U118/><E118/><V52/><F65/><W127/><G127/><T0/><D36/><U104/><E104/><V5/><F113/><W83/><G71/><T31/><D31/><U2/><E2/><V90/><F90/><W125/><G125/><T61/><D0/><U67/><E67/><V102/><F3/><W73/><G73/><T109/><D109/><U26/><E75/><V48/><F1/><W56/><G56/><N who="0" m="34967" /><D68/><U112/><E112/><V82/><F107/><W27/><G27/><N who="0" m="14727" /><D62/><U9/><E9/><AGARI ba="2,0" hai="7,9,15,45,46,95,97,100" m="14727,34967" machi="9" ten="30,2000,0" yaku="8,1,54,1" doraHai="135" who="0" fromWho="1" sc="122,26,320,-26,167,0,391,0" /><INIT seed="7,0,0,3,1,84" ten="148,294,167,391" oya="3" hai0="9,81,124,46,98,128,97,115,75,83,90,111,82" hai1="35,125,37,91,65,118,12,73,133,104,123,105,96" hai2="34,107,14,41,87,32,94,66,129,23,0,13,116" hai3="4,126,112,51,78,54,38,88,121,17,36,122,39"/><W3/><G88/><T89/><D111/><U60/><E123/><V56/><F0/><W62/><G17/><T47/><D124/><U72/><E37/><V64/><F107/><W93/><G93/><T114/><D128/><U100/><E35/><V92/><F116/><W85/><G85/><T27/><D75/><U61/><E12/><V76/><F129/><W21/><G21/><T108/><D108/><U134/><E60/><V86/><F56/><W19/><G54/><T80/><D80/><U29/><E29/><V130/><F130/><W42/><G19/><T102/><D9/><U10/><E10/><V68/><F23/><W131/><G4/><T22/><D114/><U110/><E110/><V11/><F11/><W15/><G15/><T44/><D115/><U2/><E2/><V127/><F68/><W50/><G51/><T55/><D55/><U74/><E125/><V6/><F127/><W106/><G106/><T8/><D8/><U132/><E118/><V7/><F76/><W40/><G78/><T20/><D20/><U109/><E109/><V79/><F79/><W16/><G16/><N who="0" m="12743" /><D102/><U48/><E105/><V67/><F67/><W25/><G50/><T59/><D59/><U52/><E61/><V53/><F53/><W30/><G30/><T24/><D24/><U70/><E70/><V95/><F95/><W26/><G62/><T58/><D58/><U103/><E103/><V71/><F71/><W43/><G126/><T45/><N who="0" m="11264" /><DORA hai="63" /><T113/><D113/><U69/><E69/><V57/><F57/><W117/><G112/><T99/><AGARI ba="0,0" hai="81,82,83,89,90,97,98,99" m="11264,12743" machi="99" ten="50,12000,2" yaku="5,1,29,2,8,1,52,2,54,1" doraHai="84,63" who="0" fromWho="0" sc="148,120,294,-30,167,-30,391,-60" owari="268,6.8,264,-13.6,137,-36.3,331,43.1" /></mjloggm>