<mjloggm ver="2.3"><GO type="225" lobby="0"/><UN n0="%E3%81%BD%E3%81%A1%E3%81%9F%E3%81%93%E3%82%84" n1="%E7%B4%94%E6%BD%94%E3%83%94%E3%83%A9%E3%83%8B%E3%82%A2" n2="%47%48%4F%53%54" n3="%33%74%72%65%65" dan="16,16,18,17" rate="2106.52,2196.15,2201.00,2159.03" sx="M,M,M,F"/><TAIKYOKU oya="0"/><INIT seed="0,0,0,1,1,34" ten="250,250,250,250" oya="0" hai0="127,15,49,7,1,46,95,41,105,123,28,133,53" hai1="135,125,60,35,0,3,67,69,63,86,6,109,16" hai2="87,52,61,126,78,44,85,27,93,89,98,122,121" hai3="82,90,104,94,77,88,8,56,14,74,17,117,102"/><T47/><D105/><U75/><E75/><V23/><F126/><W91/><G117/><T130/><D127/><U2/><E125/><V39/><F39/><W29/><G29/><T132/><D130/><U25/><E109/><V108/><F108/><W119/><G119/><T107/><D107/><U59/><E135/><N who="0" m="51785" /><D123/><U124/><E124/><V66/><F122/><W101/><G101/><T22/><D95/><U70/><E6/><V99/><F121/><W73/><G73/><T54/><D47/><U113/><E113/><V97/><F66/><W92/><REACH who="3" step="1"/><G56/><REACH who="3" ten="250,250,250,240" step="2"/><T45/><D45/><U64/><E59/><N who="2" m="35047" /><F44/><W110/><G110/><T5/><D28/><U120/><E120/><V134/><F134/><W13/><G13/><T116/><D116/><U42/><E42/><V83/><F87/><W100/><G100/><T76/><D15/><U33/><E86/><V80/><F80/><W10/><G10/><T106/><D41/><U32/><E32/><V84/><F85/><W58/><G58/><T103/><D46/><U114/><E114/><V81/><F83/><W11/><G11/><T115/><D115/><U112/><E112/><V12/><F12/><W37/><G37/><T36/><D36/><U21/><AGARI ba="0,1" hai="0,2,3,16,21,25,33,35,60,63,64,67,69,70" machi="21" ten="40,12000,2" yaku="0,1,9,1,52,3,54,1" doraHai="34" who="1" fromWho="1" sc="250,-60,250,130,250,-30,240,-30" /><INIT seed="1,0,0,4,1,115" ten="190,380,220,210" oya="1" hai0="6,134,91,23,49,131,76,119,83,56,5,104,123" hai1="59,82,7,52,70,110,41,22,125,37,127,98,107" hai2="108,102,51,18,32,74,90,72,40,77,124,93,9" hai3="78,34,113,80,111,106,130,54,63,50,122,21,73"/><U10/><E70/><V64/><F108/><W114/><G34/><T105/><D131/><U20/><E110/><V135/><F32/><W61/><G111/><T55/><D134/><U19/><E82/><V101/><F64/><W39/><G130/><T57/><D123/><U24/><E20/><V2/><F135/><W33/><G122/><T92/><D119/><U17/><E17/><V53/><F40/><W100/><G33/><T129/><D129/><U11/><E41/><V44/><F124/><N who="1" m="47689" /><E37/><V15/><F2/><W27/><G39/><T81/><D23/><U14/><E10/><V84/><REACH who="2" step="1"/><F77/><REACH who="2" ten="190,380,210,210" step="2"/><W35/><G35/><T132/><D76/><U96/><E107/><V85/><F85/><W75/><G114/><T45/><D105/><U103/><E103/><AGARI ba="0,1" hai="9,15,18,44,51,53,72,74,84,90,93,101,102,103" machi="103" ten="40,1300,0" yaku="1,1,53,0" doraHai="115" doraHaiUra="133" who="2" fromWho="1" sc="190,0,380,-13,210,23,210,0" /><INIT seed="2,0,0,3,0,70" ten="190,367,233,210" oya="2" hai0="133,91,109,83,60,50,51,11,53,48,119,101,98" hai1="13,116,73,85,4,82,100,121,56,20,12,76,17" hai2="6,59,72,97,25,106,19,110,122,35,112,88,108" hai3="47,105,27,67,14,55,61,37,38,42,111,103,36"/><V10/><F112/><W26/><G55/><T44/><D109/><N who="2" m="42090" /><F122/><W90/><G111/><T107/><D133/><U92/><E116/><V120/><F120/><W74/><G74/><T8/><D119/><U125/><E125/><V115/><F115/><W9/><G90/><T128/><D128/><U22/><E121/><V65/><F72/><W58/><G103/><T62/><D50/><U134/><E134/><V68/><F68/><W23/><G105/><T33/><D33/><U129/><E129/><V54/><F65/><W87/><G87/><T114/><D114/><U63/><E73/><V93/><F106/><W131/><G131/><T71/><D51/><U41/><E41/><V0/><F35/><W34/><G34/><T30/><D30/><U99/><E4/><V24/><F19/><W84/><G84/><T126/><D126/><U130/><E130/><V104/><F104/><W77/><G77/><T3/><D71/><U40/><E40/><V117/><F117/><W86/><G86/><T132/><D132/><U52/><E20/><V75/><F75/><W45/><G42/><T31/><D31/><U28/><E28/><V32/><F32/><W78/><G78/><T29/><D29/><U123/><E123/><V64/><F64/><W102/><G102/><T15/><D107/><U96/><E96/><V7/><F7/><N who="3" m="3391" /><G23/><T16/><D98/><U81/><E82/><V66/><F66/><W95/><G95/><T118/><D118/><U127/><E127/><V49/><AGARI ba="0,0" hai="0,6,10,24,25,49,54,59,88,93,97" m="42090" machi="49" ten="30,6000,0" yaku="14,1,10,1,54,1" doraHai="70" who="2" fromWho="2" sc="190,-20,367,-20,233,60,210,-20" /><INIT seed="2,1,0,5,3,82" ten="170,347,293,190" oya="2" hai0="79,105,118,74,130,7,20,124,111,61,129,99,3" hai1="30,15,35,53,31,96,92,91,97,104,2,51,125" hai2="134,126,133,37,75,113,14,102,95,0,56,6,67" hai3="38,44,46,43,10,122,117,8,66,28,83,108,84"/><V9/><F113/><W94/><G117/><T81/><D118/><U72/><E72/><V13/><F126/><W60/><G122/><T5/><D124/><U88/><E2/><V34/><F75/><W123/><G123/><T64/><D111/><U114/><E35/><V33/><F37/><W87/><G108/><T36/><D36/><U16/><E114/><V71/><F71/><W63/><G44/><T54/><D54/><U115/><E115/><V21/><F95/><W131/><G131/><N who="0" m="50187" /><D3/><U77/><E77/><V48/><F102/><W135/><G135/><N who="2" m="51721" /><F21/><W40/><G40/><T109/><D109/><U132/><E125/><V86/><F86/><W112/><G112/><T1/><D1/><U41/><E132/><V17/><F13/><W90/><G28/><N who="1" m="10794" /><E104/><V55/><F67/><W24/><G24/><T119/><D119/><U27/><E27/><V59/><F59/><W19/><G19/><T11/><D11/><N who="1" m="6271" /><E97/><V23/><AGARI ba="1,0" hai="0,6,9,14,17,23,33,34,48,55,56" m="51721" machi="23" ten="30,1500,0" yaku="20,1" doraHai="82" who="2" fromWho="2" sc="170,-6,347,-6,293,18,190,-6" /><INIT seed="2,2,0,5,0,36" ten="164,341,311,184" oya="2" hai0="16,41,82,83,69,114,25,124,3,17,48,106,112" hai1="132,28,7,65,47,15,84,57,6,37,45,62,100" hai2="59,105,107,98,86,70,128,97,96,71,26,10,122" hai3="81,35,42,118,53,67,127,110,126,123,102,21,78"/><V50/><F122/><W38/><G118/><T33/><D3/><U51/><E132/><V72/><F72/><W18/><G123/><T120/><D120/><U130/><E130/><V63/><F128/><W31/><G67/><T73/><D106/><U79/><E28/><V104/><F50/><W34/><G102/><T66/><D124/><N who="3" m="47657" /><G31/><T87/><D33/><U58/><E100/><V40/><F40/><W74/><G53/><T121/><D121/><U115/><E115/><V9/><F26/><N who="3" m="14647" /><G110/><T22/><D17/><U90/><E79/><V39/><F86/><W88/><G88/><T56/><D69/><U125/><E125/><V20/><F20/><W1/><G1/><T113/><D73/><U32/><E32/><V117/><F117/><W111/><G111/><T108/><D108/><U61/><E37/><V103/><F39/><W52/><G52/><T11/><D11/><N who="1" m="4599" /><E51/><V77/><F77/><W94/><G94/><T46/><REACH who="0" step="1"/><D87/><REACH who="0" ten="154,341,311,184" step="2"/><U89/><E84/><V12/><F107/><W68/><G68/><T4/><D4/><U44/><E7/><V135/><F105/><W133/><G133/><T101/><D101/><U93/><E93/><V119/><F135/><W85/><G74/><T2/><D2/><U75/><E75/><V43/><F104/><W27/><G27/><T13/><D13/><U49/><E49/><V14/><F103/><W64/><G34/><T91/><D91/><U23/><E23/><V55/><F119/><W131/><G35/><T24/><D24/><U95/><E95/><V76/><F12/><W134/><G134/><T109/><D109/><RYUUKYOKU ba="2,1" sc="154,15,341,15,311,-15,184,-15" hai0="16,22,25,41,46,48,56,66,82,83,112,113,114" hai1="44,45,47,57,58,61,62,65,89,90" /><INIT seed="3,3,1,3,1,17" ten="169,356,296,169" oya="3" hai0="117,90,123,13,48,98,66,122,64,6,9,121,65" hai1="128,2,33,93,30,126,75,108,25,83,26,1,79" hai2="130,124,113,51,72,106,96,68,45,43,104,109,63" hai3="85,95,35,60,82,55,40,27,39,88,0,133,10"/><W32/><G133/><T115/><D117/><U71/><E71/><V53/><F113/><W73/><G27/><T58/><D115/><U111/><E126/><V16/><F124/><W114/><G114/><T23/><D23/><U52/><E128/><V50/><F130/><W89/><G60/><T81/><D81/><U24/><E93/><V57/><F109/><N who="1" m="42057" /><E52/><V7/><F7/><N who="3" m="1383" /><G89/><T105/><D90/><U99/><E99/><V42/><F72/><W87/><G87/><T20/><D98/><U5/><E2/><V135/><F135/><W92/><G92/><T70/><D70/><U110/><E110/><V28/><F28/><W97/><G55/><N who="0" m="32103" /><D105/><U103/><E103/><V22/><F68/><W36/><G97/><T69/><D69/><U14/><E1/><V61/><F96/><W131/><G131/><T38/><D122/><U76/><E76/><V4/><F4/><W91/><G91/><T77/><D77/><U41/><E5/><V59/><F106/><W119/><G119/><T116/><D116/><U101/><E101/><V46/><F104/><W86/><G86/><T107/><D107/><U129/><E129/><V102/><F102/><W29/><G29/><T49/><D123/><U100/><E100/><V127/><F127/><W74/><G74/><T21/><D121/><U84/><E75/><V62/><F53/><W80/><G80/><T19/><D6/><U18/><E41/><V12/><AGARI ba="3,1" hai="12,16,22,42,43,45,46,50,51,57,59,61,62,63" machi="12" ten="30,8000,1" yaku="0,1,9,1,8,1,52,1,54,1" doraHai="17" who="2" fromWho="2" sc="169,-23,356,-23,296,99,169,-43" owari="146,-25.4,333,13.3,395,49.5,126,-37.4" /></mjloggm>