<mjloggm ver="2.3"><GO type="169" lobby="0"/><UN n0="%E3%83%AD%E3%83%99%E3%83%AB%E3%82%BF%E3%81%95%E3%82%93%EF%BC%A0" n1="%E6%8C%91%E6%88%A6%E8%80%85%EF%BC%81" n2="%E4%BA%8C%E9%9A%8E%E5%A0%82%E7%9C%9F%E7%B4%85%E3%81%A1%E3%82%83%E3%82%93" n3="%6D%6F%75%77" dan="16,17,16,16" rate="2139.21,2178.53,2117.09,2080.81" sx="F,M,M,M"/><TAIKYOKU oya="0"/><INIT seed="0,0,0,0,4,63" ten="250,250,250,250" oya="0" hai0="93,116,103,66,38,58,98,127,36,60,62,97,104" hai1="85,0,18,118,89,9,46,5,109,68,123,92,48" hai2="54,2,101,72,15,70,90,21,32,40,81,13,82" hai3="29,124,135,16,42,19,33,20,119,110,121,56,65"/><T73/><D127/><U22/><E118/><V105/><F32/><W126/><G119/><T122/><D73/><U83/><E109/><V52/><F2/><W34/><G110/><T94/><D122/><U50/><E123/><V95/><F70/><W6/><G121/><T14/><D116/><U53/><E68/><V69/><F69/><W31/><G42/><T87/><D62/><U47/><E83/><V129/><F40/><W1/><G56/><T80/><D14/><U35/><E35/><N who="3" m="13322" /><G65/><T55/><D55/><U134/><E134/><V88/><F105/><W10/><G19/><T7/><D7/><U112/><E112/><V75/><F95/><W128/><G128/><T37/><REACH who="0" step="1"/><D97/><REACH who="0" ten="240,250,250,250" step="2"/><U132/><E132/><V27/><F13/><N who="3" m="9231" /><G135/><T28/><D28/><AGARI ba="0,1" hai="1,6,10,28,29,31,124,126" m="9231,13322" machi="28" ten="30,3900,0" yaku="34,2,54,1" doraHai="63" who="3" fromWho="0" sc="240,-39,250,0,250,0,250,49" /><INIT seed="1,0,0,4,3,78" ten="201,250,250,299" oya="1" hai0="93,65,116,96,110,51,124,5,83,27,75,70,122" hai1="8,73,71,22,121,113,28,100,87,62,9,23,95" hai2="52,58,31,81,123,35,33,10,112,26,114,74,34" hai3="111,107,40,80,117,84,88,92,56,127,49,11,2"/><U42/><E73/><V25/><F123/><W102/><G111/><T32/><D110/><U18/><E121/><V3/><F3/><W90/><G127/><T94/><D124/><U44/><E113/><N who="2" m="43627" /><F10/><W129/><G129/><T60/><D116/><U61/><E28/><V77/><F31/><W105/><G117/><T19/><D122/><U91/><E100/><V118/><F118/><W108/><G108/><T30/><D5/><U115/><E23/><V4/><F4/><W54/><G102/><T69/><D69/><U76/><E76/><V12/><F12/><W126/><G126/><T72/><D94/><U66/><E62/><AGARI ba="0,0" hai="25,26,33,34,35,52,58,62,74,77,81" m="43627" machi="62" ten="40,5200,0" yaku="11,1,52,1,54,1" doraHai="78" who="2" fromWho="1" sc="201,0,250,-52,250,52,299,0" /><INIT seed="2,0,0,4,2,128" ten="201,198,302,299" oya="2" hai0="61,31,89,65,74,59,79,132,77,14,45,106,101" hai1="66,103,57,92,131,8,93,71,50,63,36,126,34" hai2="25,107,70,91,28,88,108,78,52,105,39,46,62" hai3="23,48,20,82,94,124,134,109,54,30,86,98,117"/><V95/><F78/><W56/><G117/><T10/><D74/><U55/><E126/><V47/><F91/><W26/><G109/><T87/><D31/><U69/><E131/><V27/><F27/><W112/><G124/><T6/><D45/><U19/><E34/><V114/><F114/><W120/><G120/><T24/><D24/><U32/><E32/><V72/><F72/><W104/><G104/><T60/><D132/><U53/><E36/><V111/><F47/><W1/><G1/><T35/><D35/><U7/><E71/><V96/><F70/><W100/><G112/><T90/><D90/><U116/><E116/><V64/><F64/><W118/><G118/><T11/><D11/><U123/><E123/><V75/><F75/><W3/><G3/><T97/><REACH who="0" step="1"/><D61/><REACH who="0" ten="191,198,302,299" step="2"/><U119/><E119/><V73/><F73/><W83/><G134/><T4/><D4/><U9/><E103/><V121/><F121/><W122/><G122/><T129/><D129/><U12/><E55/><V68/><F62/><W125/><G125/><T17/><D17/><U99/><REACH who="1" step="1"/><E99/><REACH who="1" ten="191,188,302,299" step="2"/><V38/><F96/><W102/><G102/><T41/><D41/><U13/><AGARI ba="0,2" hai="7,8,9,12,13,19,50,53,57,63,66,69,92,93" machi="13" ten="20,5200,0" yaku="1,1,2,1,0,1,7,1,53,0" doraHai="128" doraHaiUra="80" who="1" fromWho="1" sc="191,-13,188,72,302,-26,299,-13" /><INIT seed="3,0,0,0,4,30" ten="178,260,276,286" oya="3" hai0="111,61,96,26,68,118,14,99,27,105,78,126,104" hai1="17,39,41,114,135,33,12,65,37,90,69,0,58" hai2="46,87,8,131,4,59,92,73,116,64,101,7,50" hai3="75,45,124,6,5,132,98,81,54,22,82,15,119"/><W40/><G119/><T89/><D111/><U21/><E0/><V83/><F73/><W48/><G132/><T74/><D126/><U130/><E114/><V53/><F131/><W102/><G124/><T94/><D118/><U3/><E3/><V23/><F116/><W107/><G75/><T84/><D14/><U63/><E135/><V77/><F23/><W44/><G5/><T52/><D99/><U109/><E109/><V42/><F64/><W71/><G71/><T91/><D74/><U29/><E130/><V112/><F112/><W106/><G106/><T67/><D78/><U56/><E90/><V88/><F101/><W1/><G1/><T113/><D113/><U122/><E122/><V20/><F20/><W28/><G28/><T110/><D110/><U32/><E29/><V10/><F7/><W24/><G24/><T49/><D105/><U121/><E121/><V80/><F80/><W62/><G62/><T120/><D120/><U38/><REACH who="1" step="1"/><E41/><REACH who="1" ten="178,250,276,286" step="2"/><V13/><F10/><W11/><REACH who="3" step="1"/><G22/><REACH who="3" ten="178,250,276,276" step="2"/><T51/><D26/><U35/><AGARI ba="0,2" hai="12,17,21,32,33,35,37,38,39,56,58,63,65,69" machi="35" ten="40,12000,2" yaku="1,1,2,1,0,1,52,3,53,0" doraHai="30" doraHaiUra="36" who="1" fromWho="1" sc="178,-30,250,140,276,-30,276,-60" /><INIT seed="4,0,0,1,2,131" ten="148,390,246,216" oya="0" hai0="70,104,78,98,65,93,97,45,115,14,18,130,102" hai1="108,80,7,11,36,71,92,118,122,51,107,127,86" hai2="48,16,64,96,43,37,27,103,117,132,120,52,84" hai3="128,50,100,10,20,101,82,32,23,61,95,5,21"/><T4/><D115/><U13/><E36/><V8/><F120/><W135/><G128/><T63/><D130/><U91/><E108/><V94/><F117/><W57/><G32/><T35/><D35/><U9/><E122/><V66/><F37/><W119/><G119/><T69/><D78/><U123/><E123/><V72/><F72/><W99/><G82/><T40/><D4/><U110/><E110/><V77/><F43/><W88/><G50/><T85/><D85/><U39/><E39/><V90/><F77/><W89/><G101/><T126/><D126/><U60/><E107/><V106/><F132/><W54/><REACH who="3" step="1"/><G135/><REACH who="3" ten="148,390,246,206" step="2"/><T133/><D133/><U75/><E51/><V31/><F31/><W109/><G109/><T42/><D45/><U30/><E30/><V112/><F112/><W73/><G73/><T33/><D33/><U76/><E118/><V68/><F68/><W67/><G67/><T2/><D70/><U74/><E127/><V125/><F125/><W25/><G25/><T49/><D49/><U58/><E71/><V55/><F27/><W59/><G59/><T124/><D124/><U81/><E81/><V121/><F55/><W22/><N who="3" m="5120" /><DORA hai="47" /><W105/><G105/><T17/><D69/><U56/><E75/><V53/><F53/><W41/><G41/><T134/><D42/><U0/><E60/><V46/><REACH who="2" step="1"/><F121/><REACH who="2" ten="148,390,236,206" step="2"/><W28/><G28/><T113/><D40/><U129/><E129/><V44/><F44/><W3/><AGARI ba="0,2" hai="3,5,10,54,57,61,88,89,95,99,100" m="5120" machi="3" ten="40,5200,0" yaku="1,1,0,1,54,1,53,0" doraHai="131,47" doraHaiUra="12,62" who="3" fromWho="3" sc="148,-26,390,-13,236,-13,206,72" /><INIT seed="5,0,0,3,4,34" ten="122,377,223,278" oya="1" hai0="51,12,71,63,46,101,50,5,100,116,60,41,81" hai1="59,115,20,61,106,109,103,9,53,99,49,39,14" hai2="4,40,78,83,89,134,48,19,113,38,84,37,130" hai3="11,6,0,57,129,7,32,112,82,31,67,75,43"/><U86/><E39/><V18/><F38/><W105/><G105/><T62/><D116/><U87/><E115/><V92/><F134/><W22/><G43/><T24/><D71/><U117/><E117/><V42/><F130/><W23/><G57/><T69/><D69/><U128/><E128/><V54/><F4/><W68/><G129/><T36/><D36/><U26/><E49/><V114/><F19/><W66/><G66/><T65/><D65/><U132/><E132/><V29/><F29/><W108/><G82/><T72/><D24/><U94/><E106/><V118/><F18/><W52/><G75/><T98/><D51/><U96/><E96/><V79/><F79/><W126/><G7/><T104/><D100/><U77/><E77/><V28/><F28/><W73/><G73/><T76/><REACH who="0" step="1"/><D60/><REACH who="0" ten="112,377,223,278" step="2"/><U16/><REACH who="1" step="1"/><E109/><REACH who="1" ten="112,367,223,278" step="2"/><V3/><F37/><W123/><G108/><T119/><D119/><U33/><E33/><V55/><F118/><W125/><G32/><T80/><D80/><U131/><E131/><V93/><F48/><W27/><G112/><T95/><D95/><U91/><E91/><V45/><F93/><W102/><G102/><T74/><D74/><U120/><E120/><V64/><F92/><W58/><G123/><T1/><D1/><U127/><E127/><V44/><F3/><W8/><G126/><T122/><D122/><U15/><E15/><V10/><F114/><W25/><G125/><T17/><D17/><AGARI ba="0,2" hai="9,14,16,17,20,26,53,59,61,86,87,94,99,103" machi="17" ten="30,12000,1" yaku="1,1,7,1,8,1,54,1,53,1" doraHai="34" doraHaiUra="21" who="1" fromWho="0" sc="112,-120,367,140,223,0,278,0" owari="-8,-50.8,507,60.7,223,-17.7,278,7.8" /></mjloggm>