<mjloggm ver="2.3"><GO type="169" lobby="0"/><UN n0="%E3%83%91%E3%83%BC%E3%83%A9%E3%83%A1%E3%83%B3%E3%83%88" n1="%E3%81%8B%E3%82%81%E3%81%98%E3%82%8D%E3%81%86" n2="%E9%BA%BB%E9%9B%80%E5%B0%91%E5%B9%B4" n3="%E7%B1%B3%E3%81%BC%E3%81%86%E3%82%84%E3%81%8F%E3%82%93" dan="16,16,17,16" rate="2201.87,2147.54,2168.89,2167.80" sx="M,M,M,M"/><TAIKYOKU oya="0"/><INIT seed="0,0,0,2,0,88" ten="250,250,250,250" oya="0" hai0="135,19,80,131,58,52,104,41,6,94,16,118,102" hai1="44,103,74,111,132,38,109,29,5,134,4,20,105" hai2="56,97,15,98,47,123,73,78,40,46,72,65,116" hai3="50,1,22,119,63,61,55,76,36,43,122,53,130"/><T2/><D118/><U89/><E38/><V120/><F116/><W67/><G119/><T13/><D131/><U117/><E117/><V87/><F87/><W21/><G1/><T12/><D135/><N who="1" m="51755" /><E44/><V129/><F129/><W35/><G35/><T83/><D104/><U31/><E74/><V42/><F15/><N who="0" m="5706" /><D2/><U11/><E89/><V17/><F17/><N who="0" m="6730" /><D6/><N who="1" m="2667" /><E103/><V125/><F125/><W86/><G36/><T106/><D106/><U30/><E105/><V59/><REACH who="2" step="1"/><F65/><REACH who="2" ten="250,250,240,250" step="2"/><W7/><G67/><T62/><D41/><U51/><E11/><V10/><F10/><W91/><G43/><T121/><D121/><U48/><E20/><V75/><F75/><W85/><G122/><T95/><D102/><U79/><E79/><AGARI ba="0,1" hai="40,42,46,47,56,59,72,73,78,79,97,98,120,123" machi="79" ten="25,8000,1" yaku="1,1,22,2,53,2" doraHai="88" doraHaiUra="37" who="2" fromWho="1" sc="250,0,250,-80,240,90,250,0" /><INIT seed="1,0,0,4,4,34" ten="250,170,330,250" oya="1" hai0="2,98,97,104,65,3,9,49,22,130,21,25,59" hai1="38,64,82,36,91,114,29,20,62,78,94,118,60" hai2="93,124,33,125,102,11,61,72,10,70,135,109,31" hai3="14,105,79,13,53,100,112,6,32,54,41,50,134"/><U133/><E114/><V7/><F72/><W28/><G112/><T4/><D130/><U26/><E118/><V15/><F109/><W16/><G134/><T45/><D22/><U71/><E133/><V69/><F135/><W57/><G79/><T5/><D65/><U67/><E94/><V128/><F128/><W80/><G80/><T85/><D59/><U101/><E91/><V115/><F115/><W63/><G41/><T75/><D75/><U76/><E101/><V108/><F108/><W43/><G43/><T51/><D85/><U95/><E95/><V77/><F77/><W92/><G105/><T46/><D104/><U106/><E76/><V35/><F11/><W120/><G120/><T132/><D132/><U90/><E90/><V113/><F113/><W86/><G6/><T122/><D21/><U87/><REACH who="1" step="1"/><E106/><REACH who="1" ten="250,160,330,250" step="2"/><V74/><F102/><W119/><G119/><T8/><REACH who="0" step="1"/><D25/><REACH who="0" ten="240,160,330,250" step="2"/><U103/><E103/><V73/><F73/><W19/><G100/><T111/><D111/><U44/><E44/><V1/><F74/><W99/><G92/><T107/><D107/><U116/><E116/><V126/><F93/><W24/><G24/><T55/><D55/><U68/><AGARI ba="0,2" hai="20,26,29,36,38,60,62,64,67,68,71,78,82,87" machi="68" ten="20,7800,0" yaku="1,1,0,1,7,1,9,1,53,0" doraHai="34" doraHaiUra="96" who="1" fromWho="1" sc="240,-26,160,98,330,-26,250,-26" /><INIT seed="1,1,0,0,0,18" ten="214,258,304,224" oya="1" hai0="60,75,5,119,125,116,92,118,41,40,45,10,108" hai1="102,112,59,34,28,20,12,39,127,130,80,133,71" hai2="37,91,113,86,50,110,87,22,55,65,77,105,57" hai3="129,131,96,117,14,68,8,124,35,31,114,101,29"/><U62/><E112/><V21/><F113/><W43/><G114/><T120/><D108/><U33/><E39/><V16/><F110/><W83/><G68/><T107/><D107/><U46/><E127/><V94/><F105/><W48/><G124/><T103/><D125/><U104/><E130/><N who="3" m="49674" /><G35/><T0/><D120/><U122/><E122/><V126/><F37/><W132/><G83/><T58/><D75/><U121/><E121/><V79/><F126/><W2/><G2/><T53/><REACH who="0" step="1"/><D45/><REACH who="0" ten="204,258,304,224" step="2"/><U67/><E46/><V4/><F4/><W81/><G117/><T38/><D38/><U17/><E133/><V25/><F65/><W78/><G132/><T76/><D76/><U52/><E80/><V69/><F69/><W44/><G81/><T24/><D24/><U90/><E90/><V93/><F93/><N who="3" m="58511" /><G78/><T115/><D115/><U74/><E74/><V123/><F123/><W36/><G36/><T82/><D82/><U135/><E135/><V134/><F134/><W30/><G31/><T100/><D100/><U23/><E102/><V85/><F79/><W15/><G30/><T3/><D3/><U27/><REACH who="1" step="1"/><E104/><REACH who="1" ten="204,248,304,224" step="2"/><V11/><F77/><W66/><G44/><T98/><AGARI ba="1,2" hai="0,5,10,40,41,53,58,60,92,98,103,116,118,119" machi="98" ten="40,2700,0" yaku="1,1,0,1,53,0" doraHai="18" doraHaiUra="72" who="0" fromWho="0" sc="204,50,248,-14,304,-8,224,-8" /><INIT seed="2,0,0,2,3,65" ten="254,234,296,216" oya="2" hai0="118,69,53,1,86,34,73,18,25,32,131,38,95" hai1="10,31,133,97,125,130,74,9,15,12,93,26,56" hai2="121,19,89,135,115,27,132,90,7,88,101,134,109" hai3="102,49,63,120,60,64,66,20,112,116,11,127,85"/><V50/><F115/><W117/><G102/><T81/><D73/><U91/><E125/><V126/><F121/><W39/><G120/><T57/><D38/><U70/><E70/><V30/><F126/><W100/><G39/><T48/><D1/><U111/><E111/><V122/><F122/><W2/><G127/><T40/><D131/><U77/><E130/><V94/><F109/><W128/><G128/><T108/><D108/><U113/><E133/><V68/><F7/><W114/><G100/><T6/><D6/><U72/><E113/><N who="3" m="43626" /><G20/><T14/><D95/><U105/><E105/><V13/><F68/><N who="3" m="41991" /><G85/><T92/><D92/><U76/><E56/><V104/><F104/><W4/><G49/><T58/><D40/><U3/><E3/><V71/><F71/><AGARI ba="0,0" hai="2,4,11,63,66,71,116,117" m="41991,43626" machi="71" ten="30,7700,0" yaku="11,1,23,1,52,2" doraHai="65" who="3" fromWho="2" sc="254,0,234,0,296,-77,216,77" /><INIT seed="3,0,0,2,0,22" ten="254,234,219,293" oya="3" hai0="37,56,20,86,122,38,41,97,54,29,24,51,99" hai1="26,103,117,1,17,32,53,78,60,7,119,45,67" hai2="108,95,55,73,125,15,68,28,66,118,98,42,127" hai3="36,88,94,8,57,18,12,76,31,129,10,23,109"/><W84/><G129/><T63/><D122/><U49/><E78/><V9/><F73/><W71/><G71/><T128/><D128/><U92/><E1/><V130/><F118/><W87/><G36/><T106/><D106/><U100/><E7/><V27/><F130/><W126/><G126/><N who="2" m="48137" /><F108/><W89/><G76/><T62/><D37/><U96/><E100/><N who="2" m="60511" /><F42/><W48/><G109/><T77/><D38/><U40/><E40/><V6/><F55/><N who="3" m="31975" /><G31/><T61/><REACH who="0" step="1"/><D41/><REACH who="0" ten="244,234,219,293" step="2"/><U113/><E113/><V59/><F68/><W58/><G58/><T116/><D116/><U72/><E117/><V102/><F102/><W121/><G121/><T79/><D79/><U50/><E119/><V52/><F66/><W39/><G39/><T14/><D14/><U4/><E67/><V81/><F59/><W123/><G123/><T0/><D0/><U131/><E131/><V124/><F124/><W80/><AGARI ba="0,1" hai="8,10,12,18,23,80,84,87,88,89,94" m="31975" machi="80" ten="30,6000,0" yaku="25,1,8,1,54,1" doraHai="22" who="3" fromWho="3" sc="244,-20,234,-20,219,-20,293,70" /><INIT seed="3,1,0,4,2,126" ten="224,214,199,363" oya="3" hai0="22,9,41,44,48,7,16,95,29,78,3,118,53" hai1="37,12,93,84,102,32,58,69,91,2,25,106,59" hai2="27,10,123,15,11,33,28,117,60,92,31,34,116" hai3="114,88,63,23,105,125,56,61,79,80,62,24,52"/><W38/><G114/><T109/><D109/><U57/><E2/><V130/><F60/><W26/><G125/><T90/><D118/><N who="2" m="45674" /><F92/><W113/><G113/><T98/><D78/><U46/><E69/><V124/><F123/><W4/><G105/><T87/><D29/><N who="2" m="11338" /><F124/><W73/><G38/><T36/><D98/><U51/><E37/><V77/><F77/><W97/><G4/><T64/><D64/><U119/><E119/><V128/><F27/><W110/><G110/><T30/><D30/><U86/><E106/><V14/><F14/><W82/><G26/><T70/><D70/><U120/><E120/><V85/><F85/><W103/><G103/><T100/><D100/><U0/><E102/><V81/><F81/><W54/><G54/><T133/><D133/><U108/><E108/><V83/><F83/><W131/><G82/><T104/><D104/><U68/><E12/><V20/><F20/><W74/><G63/><T67/><D67/><U107/><E68/><V135/><F135/><W111/><G62/><T89/><D89/><U55/><E84/><V35/><F11/><W42/><G111/><T8/><D7/><AGARI ba="1,0" hai="7,10,15,33,34,35,128,130" m="11338,45674" machi="7" ten="40,8000,1" yaku="34,2,52,2" doraHai="126" who="2" fromWho="0" sc="224,-83,214,0,199,83,363,0" /><INIT seed="4,0,0,1,3,24" ten="141,214,282,363" oya="0" hai0="67,124,3,123,29,20,48,16,101,73,112,12,104" hai1="110,106,91,18,63,34,103,6,105,132,27,46,11" hai2="99,36,37,59,116,109,65,45,52,121,75,51,76" hai3="71,38,120,126,78,57,134,39,56,61,108,13,89"/><T17/><D112/><U100/><E110/><V2/><F109/><W47/><G108/><T128/><D123/><U118/><E118/><V64/><F121/><W80/><G120/><T41/><D3/><U119/><E119/><V88/><F2/><W26/><G71/><T55/><D124/><U42/><E132/><V102/><F116/><W107/><G107/><T33/><D128/><U50/><E91/><V54/><F76/><W5/><G134/><T21/><D73/><U130/><E130/><V25/><F75/><W98/><G47/><T85/><D67/><U8/><E63/><V97/><F36/><W133/><G57/><T95/><D41/><U22/><E34/><V82/><F25/><W125/><G133/><T94/><D104/><U14/><E105/><V69/><F69/><W68/><G68/><T35/><D101/><U1/><REACH who="1" step="1"/><E106/><REACH who="1" ten="141,204,282,363" step="2"/><V72/><F102/><W49/><G89/><N who="0" m="53551" /><D35/><U122/><E122/><V0/><F88/><W111/><G61/><T4/><D33/><U70/><E70/><V115/><F115/><W10/><G111/><T15/><D95/><U79/><E79/><V9/><F82/><W23/><G80/><T74/><D74/><U81/><E81/><V53/><F72/><W113/><G78/><T114/><D114/><U43/><E43/><V30/><F99/><W62/><G98/><T93/><D93/><U96/><E96/><V31/><F97/><W131/><G131/><T28/><D4/><AGARI ba="0,1" hai="1,4,6,8,11,14,18,22,27,42,46,50,100,103" machi="4" ten="30,2000,0" yaku="1,1,7,1,53,0" doraHai="24" doraHaiUra="83" who="1" fromWho="0" sc="141,-20,204,30,282,0,363,0" /><INIT seed="5,0,0,2,5,111" ten="121,234,282,363" oya="1" hai0="65,37,126,23,77,24,80,71,91,27,9,79,92" hai1="90,5,48,100,54,8,74,45,115,102,123,18,43" hai2="107,56,122,83,13,114,116,58,41,133,11,31,47" hai3="109,108,110,42,72,66,120,6,76,57,113,15,32"/><U10/><E123/><V4/><F116/><W29/><G120/><T99/><D126/><U93/><E74/><V7/><F122/><W1/><G57/><T117/><BYE who="2" /><D37/><U67/><E115/><V106/><F106/><W21/><G66/><T14/><D117/><U0/><E67/><V81/><F81/><W34/><G42/><T51/><D79/><U50/><E10/><V28/><F28/><W78/><G72/><T68/><D51/><U82/><E18/><V87/><F87/><W53/><G53/><T61/><D23/><U44/><REACH who="1" step="1"/><E82/><REACH who="1" ten="121,224,282,363" step="2"/><V40/><F40/><W22/><G113/><T17/><REACH who="0" step="1"/><D71/><REACH who="0" ten="111,224,282,363" step="2"/><U12/><E12/><V132/><F132/><W84/><G15/><UN n2="%E9%BA%BB%E9%9B%80%E5%B0%91%E5%B9%B4" /><T49/><D49/><U75/><E75/><AGARI ba="0,2" hai="9,14,17,24,27,61,65,68,75,77,80,91,92,99" machi="75" ten="30,2000,0" yaku="1,1,7,1,53,0" doraHai="111" doraHaiUra="128" who="0" fromWho="1" sc="111,40,224,-20,282,0,363,0" /><INIT seed="6,0,0,0,5,55" ten="151,204,282,363" oya="2" hai0="86,49,65,128,109,84,75,72,83,104,13,54,74" hai1="10,42,46,103,63,71,41,56,60,31,87,113,44" hai2="129,91,127,69,36,57,90,24,101,48,61,38,108" hai3="37,116,126,79,102,89,50,11,17,25,5,2,3"/><V59/><F127/><W123/><G37/><T67/><D109/><U100/><E113/><V94/><F108/><W107/><G123/><T135/><D135/><U97/><E31/><V131/><F101/><W121/><G121/><T112/><D112/><U43/><E71/><V47/><F69/><W130/><G79/><T52/><D128/><N who="2" m="49226" /><F24/><W111/><G111/><T98/><D104/><U33/><E33/><V132/><F132/><W9/><G116/><T85/><D83/><U66/><E63/><V115/><F115/><W27/><G130/><T51/><D13/><U58/><E58/><N who="2" m="22027" /><F61/><W81/><G102/><T22/><D22/><U78/><E10/><V117/><F117/><W28/><G11/><T15/><D15/><U70/><E70/><V93/><F93/><W88/><G9/><T35/><D98/><U76/><E103/><V110/><F110/><W77/><G25/><T7/><D35/><U21/><E21/><V34/><F34/><W99/><G27/><T29/><D29/><U96/><E96/><N who="2" m="57431" /><F91/><W122/><G88/><T12/><D12/><U68/><E68/><V134/><F134/><W106/><G89/><T14/><D14/><U53/><E66/><N who="0" m="25097" /><D7/><U73/><E100/><V16/><F16/><W92/><G17/><T133/><D133/><U95/><E97/><V8/><F8/><W30/><G99/><T105/><D105/><U32/><E32/><V120/><F120/><W20/><G122/><T45/><D45/><U119/><E46/><V64/><F64/><W26/><G107/><T18/><D18/><U82/><E44/><V23/><F23/><RYUUKYOKU ba="0,0" sc="151,15,204,-15,282,15,363,-15" hai0="49,51,52,54,72,74,75,84,85,86" hai2="36,38,47,48" /><INIT seed="6,1,0,2,3,52" ten="166,189,297,348" oya="2" hai0="113,61,100,68,62,77,91,86,23,18,95,4,75" hai1="132,90,71,107,54,19,120,87,122,22,96,76,104" hai2="116,83,34,97,118,105,114,79,70,92,48,93,101" hai3="124,123,27,119,89,98,115,28,14,82,111,25,67"/><V64/><F34/><W31/><G111/><T60/><D113/><U6/><E71/><V2/><F2/><W0/><G0/><T16/><D68/><U106/><E6/><V58/><F114/><W20/><G115/><T53/><D4/><U50/><E76/><V11/><F70/><W128/><G123/><N who="1" m="47146" /><E96/><V103/><F11/><W5/><G119/><T51/><D100/><U94/><E132/><V112/><F112/><W8/><G128/><T65/><D75/><U32/><E32/><V85/><F48/><W80/><G67/><T133/><D133/><U46/><E106/><V126/><F126/><W134/><G134/><T59/><D77/><U69/><E69/><V17/><F17/><W73/><G73/><T13/><REACH who="0" step="1"/><D18/><REACH who="0" ten="156,189,297,348" step="2"/><U24/><AGARI ba="1,1" hai="19,22,24,46,50,54,87,90,94,104,107" m="47146" machi="24" ten="30,1100,0" yaku="13,1" doraHai="52" who="1" fromWho="1" sc="156,-4,189,24,297,-6,348,-4" /><INIT seed="7,0,0,2,0,99" ten="152,213,291,344" oya="3" hai0="60,100,42,34,94,38,78,70,91,112,83,26,27" hai1="71,67,125,92,30,108,57,89,126,96,54,41,75" hai2="18,48,39,58,106,120,105,66,128,13,131,79,118" hai3="85,116,90,12,28,46,40,110,133,98,64,81,129"/><W29/><G116/><T69/><D34/><U77/><E108/><V0/><F0/><W87/><G110/><T59/><D100/><U127/><E41/><V37/><F118/><W6/><G129/><N who="2" m="49737" /><F79/><W49/><G133/><T95/><D42/><U84/><E30/><N who="3" m="11882" /><G64/><T130/><D38/><N who="2" m="14346" /><F120/><W97/><G87/><T3/><D3/><U93/><E71/><V1/><F1/><W9/><AGARI ba="0,0" hai="6,9,12,40,46,49,81,85,90,97,98" m="11882" machi="9" ten="30,1500,0" yaku="8,1" doraHai="99" who="3" fromWho="3" sc="152,-5,213,-5,291,-5,344,15" owari="147,-35.3,208,-19.2,286,8.6,359,45.9" /></mjloggm>