<mjloggm ver="2.3"><GO type="169" lobby="0"/><UN n0="%E5%85%AD%E9%83%A8%E5%9C%AD" n1="%E5%BE%A9%E6%97%A6%E7%8A%AC%E6%B1%82%E5%A5%BD%E8%AA%BF%E5%B0%82%E7%94%A8" n2="%68%75%69%68%75%69" n3="%E3%83%AD%E3%83%99%E3%83%AB%E3%82%BF%E3%81%95%E3%82%93%EF%BC%A0" dan="16,16,16,16" rate="2140.35,2129.11,2102.86,2134.86" sx="M,M,M,F"/><TAIKYOKU oya="0"/><INIT seed="0,0,0,1,1,36" ten="250,250,250,250" oya="0" hai0="94,37,48,1,116,38,98,33,25,64,52,107,92" hai1="119,4,83,39,123,27,26,104,54,11,2,62,3" hai2="35,111,69,32,82,45,118,79,63,89,134,53,0" hai3="102,115,131,68,23,84,70,93,19,13,7,112,87"/><T24/><D1/><U78/><E104/><V101/><F89/><W129/><G7/><T49/><D116/><U65/><E119/><V85/><F101/><W90/><G102/><T120/><D120/><U130/><E123/><V124/><F0/><W88/><G68/><T97/><D107/><U16/><E130/><N who="3" m="49674" /><G70/><T132/><D132/><U18/><E2/><V86/><F86/><W74/><G74/><T114/><D64/><U43/><E54/><V113/><F113/><W122/><G122/><T95/><D114/><U128/><E128/><V9/><F9/><W46/><G46/><T106/><D106/><U20/><E39/><V28/><F28/><W81/><AGARI ba="0,0" hai="13,19,23,81,84,87,88,90,93,112,115" m="49674" machi="81" ten="30,2000,0" yaku="19,1,54,1" doraHai="36" who="3" fromWho="3" sc="250,-10,250,-5,250,-5,250,20" /><INIT seed="1,0,0,0,0,18" ten="240,245,245,270" oya="1" hai0="55,35,41,69,72,50,7,32,114,19,68,73,116" hai1="22,0,129,56,31,123,59,43,44,76,11,125,121" hai2="64,74,96,131,42,33,49,110,122,79,133,71,46" hai3="28,117,132,9,26,112,94,91,48,128,47,85,135"/><U120/><E125/><V39/><F33/><W2/><G128/><T17/><D114/><U134/><E129/><V14/><F131/><W70/><G70/><T3/><D116/><U58/><E134/><V4/><F122/><W16/><G112/><T61/><D41/><U54/><E76/><V5/><F110/><W130/><G117/><T95/><D7/><U34/><E34/><V12/><F96/><W66/><G66/><T1/><D95/><U38/><E11/><V103/><F103/><W45/><G45/><T75/><D50/><U23/><E0/><V109/><F109/><W105/><G105/><T82/><D82/><U63/><E31/><V77/><F74/><W6/><G130/><T87/><D87/><U127/><E127/><V60/><F133/><W89/><G89/><T101/><D101/><U67/><REACH who="1" step="1"/><E54/><REACH who="1" ten="240,235,245,270" step="2"/><V84/><F77/><W10/><G28/><T97/><D55/><U21/><AGARI ba="0,1" hai="21,22,23,38,43,44,56,58,59,63,67,120,121,123" machi="21" ten="40,18000,2" yaku="1,1,2,1,0,1,52,3,53,0" doraHai="18" doraHaiUra="100" who="1" fromWho="1" sc="240,-60,235,190,245,-60,270,-60" /><INIT seed="1,1,0,3,3,72" ten="180,425,185,210" oya="1" hai0="134,18,130,20,96,35,41,133,25,37,8,61,108" hai1="121,118,14,88,31,49,9,24,47,50,33,13,98" hai2="65,128,60,81,107,6,46,32,56,53,29,110,109" hai3="113,135,38,64,4,129,75,12,77,67,124,66,85"/><U45/><E118/><V27/><F6/><W94/><G129/><T15/><D35/><U73/><E73/><V87/><F128/><W104/><G135/><N who="0" m="51723" /><D130/><U97/><E121/><V132/><F107/><W19/><G124/><T112/><D112/><U16/><E14/><V71/><F46/><W86/><G38/><T23/><D108/><U42/><REACH who="1" step="1"/><E88/><REACH who="1" ten="180,415,185,210" step="2"/><V117/><F117/><W115/><G75/><T111/><D111/><U120/><E120/><V44/><F132/><W100/><G12/><T89/><D89/><U51/><E51/><V116/><F116/><W36/><G115/><T21/><D96/><U5/><E5/><V43/><F109/><W76/><G4/><N who="0" m="3463" /><D61/><U114/><E114/><V127/><F110/><W122/><G113/><T92/><D37/><U79/><E79/><V69/><F127/><W28/><G76/><T78/><D78/><U105/><E105/><V17/><F60/><W90/><G77/><T39/><D92/><U62/><E62/><V30/><F81/><W1/><G94/><T26/><D26/><U103/><E103/><V83/><F83/><W48/><G100/><T84/><D84/><U52/><AGARI ba="1,1" hai="9,13,16,24,31,33,42,45,47,49,50,52,97,98" machi="52" ten="20,12000,1" yaku="1,1,0,1,7,1,54,2,53,0" doraHai="72" doraHaiUra="34" who="1" fromWho="1" sc="180,-41,415,133,185,-41,210,-41" /><INIT seed="1,2,0,4,0,101" ten="139,548,144,169" oya="1" hai0="107,79,135,115,44,93,111,50,84,70,16,128,71" hai1="22,116,28,97,37,27,76,2,100,118,91,15,124" hai2="117,86,72,48,132,19,23,102,112,58,26,30,54" hai3="51,10,63,96,24,64,42,92,98,7,95,88,21"/><U59/><E2/><V17/><F72/><W78/><G78/><T99/><D115/><U25/><E37/><V62/><F117/><W67/><G63/><T33/><D33/><U49/><E124/><V133/><F112/><W109/><G109/><T43/><D111/><U14/><E76/><V121/><F121/><W45/><G10/><T53/><D128/><U55/><E91/><V127/><F127/><W74/><G7/><T85/><D135/><N who="2" m="51786" /><F86/><W134/><G74/><T35/><D35/><U20/><E116/><V56/><F102/><N who="3" m="60679" /><G134/><T65/><D65/><AGARI ba="2,0" hai="17,19,23,26,30,48,54,56,58,62,65" m="51786" machi="65" ten="30,1000,0" yaku="20,1" doraHai="101" who="2" fromWho="0" sc="139,-16,548,0,144,16,169,0" /><INIT seed="2,0,0,2,4,110" ten="123,548,160,169" oya="2" hai0="70,78,95,133,6,123,75,24,47,10,30,127,13" hai1="0,2,112,85,76,118,64,35,41,94,82,107,49" hai2="54,33,67,104,92,52,101,60,31,43,42,77,134" hai3="37,46,58,45,74,113,51,72,115,23,63,73,100"/><V65/><F104/><W3/><G3/><T8/><D123/><U91/><E35/><V80/><F134/><W79/><G37/><T25/><D70/><U125/><E118/><V38/><F33/><W36/><G36/><T108/><D108/><U93/><E107/><V102/><F31/><W59/><G100/><T18/><D133/><U81/><E112/><N who="3" m="43082" /><G23/><T90/><D127/><U121/><E64/><V5/><F38/><W28/><G28/><T11/><D47/><N who="3" m="17929" /><G51/><T83/><D6/><U16/><E49/><V88/><F5/><W17/><G17/><T21/><REACH who="0" step="1"/><D24/><REACH who="0" ten="113,548,160,169" step="2"/><U124/><E125/><V129/><F42/><W86/><G63/><T69/><D69/><U71/><E71/><V40/><F60/><W132/><G132/><T12/><D12/><U99/><E124/><V7/><F7/><W84/><G79/><T29/><D29/><U20/><E41/><V119/><F77/><W117/><G117/><T103/><D103/><U87/><E0/><V128/><F119/><W56/><AGARI ba="0,1" hai="56,58,59,72,73,74,84,86" m="17929,43082" machi="56" ten="40,12000,2" yaku="28,2,11,1,52,3" doraHai="110" who="3" fromWho="3" sc="113,-30,548,-30,160,-60,169,130" /><INIT seed="3,0,0,3,4,129" ten="83,518,100,299" oya="3" hai0="93,0,21,96,57,28,16,14,62,7,6,54,126" hai1="94,92,74,70,105,83,11,18,12,107,34,46,82" hai2="30,15,65,45,5,117,128,90,108,29,49,63,26" hai3="130,68,58,43,76,72,2,42,133,91,84,23,111"/><W124/><G2/><T88/><D126/><U3/><E70/><V115/><F115/><W56/><G68/><T1/><REACH who="0" step="1"/><D28/><REACH who="0" ten="73,518,100,299" step="2"/><U19/><E107/><V13/><F29/><W27/><G124/><T60/><D60/><U32/><E105/><V110/><F63/><W135/><G130/><T52/><D52/><U80/><E32/><V79/><F30/><W120/><G120/><T44/><D44/><U89/><E46/><V95/><F45/><W33/><G43/><T112/><D112/><U25/><E34/><V106/><F128/><W77/><G33/><T134/><D134/><U37/><E37/><V103/><F106/><W24/><G42/><T127/><D127/><U119/><E119/><V114/><F117/><W118/><G118/><T48/><D48/><U123/><E123/><V67/><F49/><W31/><G31/><T41/><D41/><U75/><E74/><V86/><F114/><W55/><G55/><T81/><D81/><U53/><E53/><V10/><F108/><W122/><G72/><T71/><D71/><U87/><E75/><V20/><F110/><W39/><G111/><T125/><D125/><U131/><E131/><V50/><F50/><W99/><G39/><T51/><D51/><U85/><E82/><N who="2" m="47455" /><F65/><W109/><G122/><T104/><D104/><U100/><E83/><V102/><F67/><W17/><G109/><T116/><D116/><U59/><E80/><V40/><F40/><W36/><G36/><T35/><D35/><U97/><E59/><V9/><F95/><W121/><G121/><T64/><D64/><U78/><E94/><RYUUKYOKU ba="0,1" sc="73,30,518,-10,100,-10,299,-10" hai0="0,1,6,7,14,16,21,54,57,62,88,93,96" /><INIT seed="4,1,1,0,2,52" ten="103,508,90,289" oya="0" hai0="68,45,117,35,64,128,125,107,33,80,15,58,30" hai1="39,57,0,92,10,28,48,85,50,14,71,102,93" hai2="41,130,56,62,84,44,87,59,106,31,89,104,96" hai3="69,29,116,120,22,46,133,101,27,47,95,34,9"/><T11/><D117/><U7/><E71/><V99/><F31/><W55/><G133/><T135/><D107/><U18/><E39/><V94/><F130/><W5/><G69/><T132/><D68/><U16/><E28/><V111/><F111/><W78/><G120/><T118/><D118/><U6/><E18/><V20/><F62/><W32/><G78/><T109/><D128/><U82/><E0/><V121/><F121/><W119/><G46/><T88/><D125/><U77/><E48/><N who="2" m="26639" /><F104/><W108/><G108/><T103/><D103/><U40/><E40/><V21/><F106/><W66/><G66/><T73/><D45/><U97/><E92/><N who="2" m="56335" /><F20/><W43/><G34/><T26/><D33/><U2/><E2/><V70/><F70/><W91/><G32/><T63/><D109/><U38/><E38/><V112/><F21/><W98/><G101/><T113/><D113/><U74/><E74/><V123/><F123/><W37/><REACH who="3" step="1"/><G55/><AGARI ba="1,1" hai="6,7,10,14,16,50,55,57,77,82,85,93,97,102" machi="55" ten="40,5200,0" yaku="8,1,52,1,54,1" doraHai="52" who="1" fromWho="3" sc="103,0,508,65,90,0,289,-55" /><INIT seed="5,0,0,3,5,112" ten="103,573,90,234" oya="1" hai0="43,22,63,78,98,79,105,17,94,97,8,135,120" hai1="59,27,96,12,30,23,80,131,24,113,82,103,0" hai2="86,3,68,39,9,109,60,25,69,53,75,52,111" hai3="47,65,104,128,88,28,66,108,56,133,90,14,7"/><U122/><E122/><V5/><F75/><W106/><G108/><T16/><D120/><U101/><E0/><V72/><F72/><W115/><G115/><T92/><D105/><U4/><E131/><V40/><F109/><W132/><G28/><T99/><D135/><U110/><E113/><V74/><F74/><W26/><G26/><T116/><D43/><U58/><E27/><V124/><F124/><W100/><G47/><T10/><D63/><U62/><E58/><V76/><F40/><W127/><G14/><N who="0" m="7239" /><D10/><N who="1" m="4167" /><E110/><V31/><F39/><W107/><G107/><T57/><D57/><U44/><E44/><V119/><F119/><W21/><G56/><T67/><D67/><N who="1" m="39391" /><E103/><V87/><F111/><W85/><G100/><T20/><D116/><U95/><AGARI ba="0,0" hai="23,24,30,80,82,95,96,101" m="39391,4167" machi="95" ten="30,3000,0" yaku="25,1,8,1" doraHai="112" who="1" fromWho="1" sc="103,-10,573,30,90,-10,234,-10" /><INIT seed="5,1,0,5,5,66" ten="93,603,80,224" oya="1" hai0="75,86,60,91,5,127,59,62,10,126,125,121,114" hai1="36,44,50,18,129,131,17,46,76,51,16,27,54" hai2="90,119,72,64,42,80,95,39,22,56,33,134,120" hai3="47,58,96,108,6,65,93,45,89,123,110,23,106"/><U35/><E36/><V37/><F33/><W69/><G123/><T43/><D121/><U9/><E76/><V107/><F107/><W30/><G69/><T77/><D114/><U130/><E9/><V55/><F64/><W117/><G117/><T128/><D128/><U85/><E85/><V61/><F42/><W4/><G106/><T26/><D43/><U12/><E27/><V133/><F119/><W40/><G108/><T101/><D101/><U28/><E28/><V104/><F104/><W38/><G47/><T15/><D26/><U48/><E12/><V7/><F7/><W19/><G30/><T92/><REACH who="0" step="1"/><D59/><REACH who="0" ten="83,603,80,224" step="2"/><U13/><E35/><V124/><F120/><W34/><G34/><T68/><D68/><U53/><E13/><V99/><F37/><W113/><G58/><T57/><D57/><U105/><E105/><V112/><F39/><W82/><G40/><T100/><D100/><U70/><E70/><V83/><F112/><W97/><G38/><T78/><D78/><U94/><E94/><V115/><F115/><W1/><G93/><T25/><D25/><U32/><E32/><V87/><F56/><W0/><G113/><T52/><D52/><AGARI ba="1,1" hai="16,17,18,44,46,48,50,51,52,53,54,129,130,131" machi="52" ten="50,18000,2" yaku="29,2,28,2,19,1,54,2" doraHai="66" who="1" fromWho="0" sc="83,-183,603,193,80,0,224,0" owari="-100,-60.0,796,89.6,80,-32.0,224,2.4" /></mjloggm>