<mjloggm ver="2.3"><GO type="169" lobby="0"/><UN n0="%E6%9C%88%E5%A4%9C%E3%81%AB%E9%A2%A8" n1="%4D%72%52%41%4D%4F" n2="%62%69%70%73%64" n3="%E5%A4%A9%E6%89%8D%E9%BA%BB%E5%B0%86%E6%99%BA%E4%B9%83" dan="16,16,18,16" rate="2057.55,2128.77,2267.04,2146.92" sx="M,M,M,M"/><TAIKYOKU oya="0"/><INIT seed="0,0,0,3,3,88" ten="250,250,250,250" oya="0" hai0="116,32,47,87,66,89,10,69,40,41,20,16,22" hai1="107,99,124,46,120,121,58,102,77,127,4,14,25" hai2="104,93,26,33,119,56,37,115,8,49,131,117,70" hai3="29,67,114,132,12,36,75,6,112,126,108,5,9"/><T11/><D32/><U95/><E46/><V28/><F104/><W38/><G75/><T105/><D105/><U73/><E25/><V45/><F115/><W68/><G108/><T44/><D116/><U103/><E58/><V39/><F70/><W62/><G126/><N who="1" m="48170" /><E14/><V109/><F109/><W98/><G132/><T118/><D118/><N who="2" m="45066" /><F131/><W96/><G29/><T53/><D53/><U84/><E4/><V43/><F8/><N who="0" m="3114" /><D66/><U106/><E73/><V78/><F78/><W97/><REACH who="3" step="1"/><G5/><REACH who="3" ten="250,250,250,240" step="2"/><T65/><D69/><U57/><E57/><V34/><F56/><W122/><G122/><N who="1" m="47210" /><E103/><V17/><F33/><W7/><G7/><T129/><D44/><U23/><E23/><V42/><F34/><W27/><G27/><T13/><D47/><U15/><E15/><V86/><F28/><W92/><G92/><N who="0" m="54335" /><D22/><U74/><E74/><V79/><F45/><W85/><G85/><T125/><D125/><U31/><E31/><V83/><F86/><W48/><G48/><T63/><D63/><U18/><E18/><V61/><F49/><W60/><G60/><T133/><D16/><U94/><E107/><V101/><F17/><W130/><G130/><T19/><D129/><U123/><E123/><V21/><F21/><W110/><G110/><T135/><D65/><U64/><E64/><V2/><F61/><W54/><G54/><T24/><D24/><U30/><E30/><V71/><F26/><W90/><G90/><T91/><D91/><U82/><AGARI ba="0,1" hai="77,82,84,94,95,99,102,106" m="47210,48170" machi="82" ten="40,8000,1" yaku="18,1,34,2,52,2" doraHai="88" who="1" fromWho="1" sc="250,-40,250,90,250,-20,240,-20" /><INIT seed="1,0,0,5,3,49" ten="210,340,230,220" oya="1" hai0="108,83,57,104,102,110,126,35,127,84,56,100,88" hai1="17,33,34,72,114,81,18,12,20,9,14,101,130" hai2="44,133,76,73,24,6,26,92,15,106,21,129,128" hai3="60,63,46,39,71,122,121,85,41,132,53,75,65"/><U22/><E114/><V4/><F106/><W16/><G75/><T58/><D35/><N who="1" m="13323" /><E81/><V29/><F92/><W66/><G85/><T42/><D42/><U32/><E101/><N who="0" m="39017" /><D104/><U113/><E72/><V89/><F89/><W19/><G132/><T70/><D70/><U135/><E113/><V74/><F44/><W112/><G112/><T0/><D0/><U45/><E45/><V116/><F21/><N who="1" m="8297" /><E135/><V78/><F133/><W37/><G37/><T36/><D36/><U64/><E64/><V105/><F105/><W25/><G25/><T96/><D96/><U59/><E59/><N who="0" m="15105" /><T55/><DORA hai="43" /><D55/><U23/><N who="1" m="13331" /><U119/><DORA hai="103" /><E130/><V95/><F129/><W10/><G53/><T13/><D13/><U28/><E119/><V87/><F116/><W48/><G39/><T67/><D67/><U79/><E79/><V82/><F78/><W120/><G66/><T8/><D8/><N who="1" m="6279" /><E28/><V31/><F128/><W5/><REACH who="3" step="1"/><G63/><REACH who="3" ten="210,340,230,210" step="2"/><T115/><D115/><U30/><E30/><V2/><F29/><W54/><G54/><T51/><D51/><U1/><N who="1" m="8305" /><U91/><DORA hai="47" /><E91/><V80/><F31/><W118/><G118/><T107/><D107/><U117/><E117/><V50/><F50/><W97/><G97/><T123/><D123/><U93/><E93/><V98/><F95/><W90/><G90/><T38/><D38/><U86/><E86/><V11/><F98/><W7/><G7/><T69/><D69/><U99/><E99/><V68/><F68/><W52/><G52/><T40/><D40/><U62/><E62/><V134/><F134/><RYUUKYOKU ba="0,1" sc="210,10,340,10,230,-30,210,10" hai0="83,84,88,108,110,126,127" hai1="1,9,14,18" hai3="5,10,16,19,41,46,48,60,65,71,120,121,122" /><INIT seed="1,1,1,1,0,126" ten="220,350,200,220" oya="1" hai0="113,64,116,44,85,15,34,86,19,60,66,74,22" hai1="29,2,117,103,129,132,125,130,120,28,73,21,3" hai2="134,33,105,11,12,40,54,92,70,27,52,68,101" hai3="43,98,24,56,72,69,78,90,30,4,93,5,59"/><U89/><E117/><V81/><F105/><W62/><G69/><T8/><D113/><U97/><E120/><V76/><F134/><W45/><G78/><T75/><D116/><U135/><E73/><V107/><F107/><W20/><G72/><T127/><D34/><U10/><E89/><V84/><F40/><W128/><G128/><N who="1" m="49258" /><E125/><V13/><F70/><W37/><REACH who="3" step="1"/><G56/><REACH who="3" ten="220,350,200,210" step="2"/><T91/><D75/><U0/><E10/><V104/><F68/><W102/><G102/><T50/><D74/><U95/><E21/><V124/><F124/><W47/><G47/><T77/><D127/><U9/><E9/><V71/><F71/><W123/><G123/><T23/><D77/><U16/><E16/><V114/><F11/><W14/><G14/><T32/><D23/><U65/><E65/><AGARI ba="1,2" hai="4,5,20,24,30,37,43,45,59,62,65,90,93,98" machi="65" ten="30,2000,0" yaku="1,1,7,1,53,0" doraHai="126" doraHaiUra="48" who="3" fromWho="1" sc="220,0,350,-23,200,0,210,43" /><INIT seed="2,0,0,1,0,64" ten="220,327,200,253" oya="2" hai0="119,93,55,89,3,8,39,112,131,100,66,74,22" hai1="88,57,38,32,113,48,135,30,81,125,5,86,41" hai2="29,130,37,17,84,92,104,120,121,114,25,103,67" hai3="105,54,61,52,117,15,27,16,123,76,128,7,75"/><V118/><F114/><W73/><G117/><T96/><D112/><U124/><E113/><V83/><F118/><W12/><G123/><T28/><D131/><U45/><E135/><V82/><F37/><W23/><G105/><T2/><D119/><U24/><REACH who="1" step="1"/><E5/><REACH who="1" ten="220,317,200,253" step="2"/><V68/><F121/><W53/><G7/><T42/><D2/><U35/><E35/><V49/><F120/><W110/><G128/><T116/><D116/><U85/><E85/><V33/><F130/><W91/><G75/><T36/><D74/><U43/><E43/><V65/><F84/><W87/><G110/><T97/><D42/><U80/><E80/><V9/><F83/><W109/><G109/><T50/><D3/><U6/><E6/><V40/><F82/><W56/><G73/><T20/><D97/><U58/><E58/><V102/><F33/><W127/><G127/><T99/><D96/><U46/><E46/><V79/><F40/><W72/><G72/><T47/><D99/><U4/><E4/><V26/><F104/><W70/><G76/><T90/><D47/><U0/><E0/><V126/><F79/><W134/><G134/><T111/><D111/><U108/><E108/><V71/><F126/><W107/><G107/><T133/><D133/><U13/><E13/><N who="3" m="5194" /><G70/><T34/><D34/><U1/><E1/><V60/><F71/><W101/><G101/><T59/><D100/><U94/><E94/><AGARI ba="0,1" hai="16,23,27,52,53,54,56,61,87,91,94" m="5194" machi="94" ten="30,3900,0" yaku="8,1,54,2" doraHai="64" who="3" fromWho="1" sc="220,0,317,-39,200,0,253,49" /><INIT seed="3,0,0,2,3,114" ten="220,278,200,302" oya="3" hai0="22,24,19,104,44,120,106,117,64,98,124,60,32" hai1="20,99,118,25,30,102,39,135,112,65,127,31,131" hai2="49,48,10,13,108,56,34,90,96,128,66,15,110" hai3="84,68,71,77,1,35,132,133,41,80,33,6,12"/><W16/><G41/><T79/><D120/><U17/><E112/><V37/><F34/><W59/><G6/><T126/><D32/><U27/><E39/><V85/><F37/><W11/><G1/><T53/><D79/><U38/><E38/><V47/><F128/><W36/><G36/><T100/><D106/><U54/><E131/><V113/><F113/><W81/><G59/><T26/><D26/><U7/><E127/><V87/><F96/><W3/><G3/><T103/><D100/><U72/><E72/><V61/><F15/><W40/><G40/><T105/><D105/><U92/><E135/><N who="3" m="51786" /><G33/><T115/><D115/><U8/><E65/><V88/><F110/><W125/><G125/><N who="0" m="48235" /><D53/><U129/><E129/><V83/><F47/><W45/><G45/><T89/><D89/><U111/><E111/><V101/><F101/><W50/><G35/><T57/><D44/><U18/><E54/><V0/><F0/><W23/><G50/><T28/><D28/><U63/><E63/><V116/><F108/><W123/><G123/><T121/><D121/><U67/><E67/><V9/><F48/><W62/><G62/><T93/><D104/><U4/><E30/><V109/><F109/><W95/><G95/><T52/><D64/><U86/><E31/><V2/><F66/><W43/><G43/><T70/><D70/><N who="3" m="26665" /><G80/><T107/><D93/><U58/><E92/><V55/><F55/><W14/><G14/><T5/><D5/><U75/><E4/><V82/><F13/><W21/><AGARI ba="0,0" hai="11,12,16,21,23,77,81,84" m="26665,51786" machi="21" ten="40,3900,0" yaku="20,1,54,1" doraHai="114" who="3" fromWho="3" sc="220,-13,278,-13,200,-13,302,39" /><INIT seed="3,1,0,1,5,9" ten="207,265,187,341" oya="3" hai0="128,18,59,82,120,89,27,2,132,14,108,1,38" hai1="69,72,37,121,103,58,51,29,83,13,50,131,90" hai2="111,34,88,15,30,87,20,53,60,70,65,36,135" hai3="93,102,31,127,33,11,124,19,47,119,26,10,43"/><W134/><G119/><T5/><D38/><U122/><E69/><V81/><F111/><W22/><G93/><T71/><D71/><U12/><E37/><V106/><F135/><W61/><G102/><T74/><D108/><U130/><E103/><V112/><F112/><W113/><G61/><T109/><D109/><U99/><E29/><V75/><F106/><W57/><G57/><T125/><D132/><U116/><E116/><V40/><F75/><W49/><G113/><T44/><D125/><N who="3" m="48201" /><G134/><T39/><D128/><N who="1" m="49195" /><E99/><V73/><F73/><W117/><G117/><T78/><D59/><U42/><E58/><V97/><F53/><W24/><AGARI ba="1,0" hai="10,11,19,22,24,26,31,33,43,47,49" m="48201" machi="24" ten="30,1500,0" yaku="18,1" doraHai="9" who="3" fromWho="3" sc="207,-6,265,-6,187,-6,341,18" /><INIT seed="3,2,0,5,5,69" ten="201,259,181,359" oya="3" hai0="99,66,52,65,6,130,107,3,40,61,55,33,129" hai1="14,98,31,43,95,116,74,28,117,70,112,126,124" hai2="34,85,91,50,80,25,13,44,49,82,47,123,8" hai3="71,96,56,81,72,90,118,53,17,131,133,24,64"/><W51/><G118/><N who="1" m="45674" /><E70/><V127/><F127/><N who="1" m="48681" /><E43/><V79/><F123/><W110/><G131/><N who="0" m="50187" /><D33/><U4/><E74/><V2/><F2/><W76/><G133/><T89/><D66/><U46/><E46/><V48/><F25/><W39/><G110/><T54/><D40/><U102/><E112/><V16/><REACH who="2" step="1"/><F34/><REACH who="2" ten="201,259,171,359" step="2"/><W106/><G24/><T122/><D122/><U104/><E104/><V35/><F35/><W88/><G106/><T15/><D3/><U30/><E30/><V68/><F68/><W0/><G0/><T75/><D107/><U134/><E134/><V114/><F114/><W100/><G71/><N who="0" m="42415" /><D75/><AGARI ba="2,1" hai="8,13,16,44,47,48,49,50,75,79,80,82,85,91" machi="75" ten="40,8000,1" yaku="1,1,54,1,53,2" doraHai="69" doraHaiUra="78" who="2" fromWho="0" sc="201,-86,259,0,171,96,359,0" /><INIT seed="4,0,0,1,5,72" ten="115,259,267,359" oya="0" hai0="7,119,41,37,73,87,79,48,135,9,122,43,118" hai1="129,107,124,106,133,132,91,64,8,47,63,20,112" hai2="31,32,58,111,65,93,0,6,120,4,12,127,134" hai3="38,66,125,108,57,117,84,29,39,2,30,71,70"/><T101/><D122/><U59/><E129/><V28/><F111/><W105/><G2/><T14/><D135/><N who="1" m="51787" /><E124/><V97/><F0/><W67/><G105/><T40/><D37/><U89/><E112/><V103/><F32/><W1/><G1/><T54/><D73/><U36/><E8/><V27/><F127/><W83/><G125/><T113/><D113/><U115/><E20/><N who="2" m="15463" /><F31/><W25/><G108/><T16/><D101/><U13/><E13/><V23/><F120/><W128/><G117/><T98/><D98/><U51/><E36/><V44/><F44/><W15/><G15/><T21/><D87/><U110/><E110/><V19/><F134/><W26/><G84/><T121/><D121/><U62/><E62/><AGARI ba="0,0" hai="4,6,12,19,23,58,62,65,93,97,103" m="15463" machi="62" ten="30,2000,0" yaku="25,1,8,1" doraHai="72" who="2" fromWho="1" sc="115,0,259,-20,267,20,359,0" /><INIT seed="5,0,0,5,4,81" ten="115,239,287,359" oya="1" hai0="38,85,124,63,121,33,27,59,70,115,90,68,31" hai1="47,120,54,43,106,92,126,10,21,14,82,55,17" hai2="58,66,4,57,15,112,119,40,11,116,108,77,122" hai3="65,135,8,80,95,127,46,98,12,134,75,83,64"/><U96/><E120/><V24/><F108/><W7/><G127/><T60/><D121/><U111/><E106/><V62/><F122/><W49/><G75/><T72/><D124/><U78/><E111/><V5/><F40/><N who="3" m="24775" /><G135/><T30/><D115/><U110/><E126/><V32/><F112/><W39/><G39/><T133/><D133/><U94/><E110/><V18/><F77/><W3/><G3/><T42/><D72/><U20/><E20/><V9/><F58/><W125/><G125/><T88/><D31/><U19/><E43/><V114/><F114/><W128/><G128/><T71/><D59/><U89/><E47/><V22/><REACH who="2" step="1"/><F32/><REACH who="2" ten="115,239,277,359" step="2"/><W67/><G134/><T56/><D56/><U132/><E132/><V118/><F118/><W130/><G130/><T74/><D74/><U23/><E10/><V69/><F69/><W86/><G8/><T73/><D73/><U91/><E78/><V129/><F129/><W44/><G44/><T79/><D79/><U13/><REACH who="1" step="1"/><E82/><REACH who="1" ten="115,229,277,359" step="2"/><V29/><F29/><W28/><G28/><T104/><D30/><U123/><E123/><V100/><F100/><W107/><G83/><T113/><D33/><U35/><E35/><V131/><F131/><W51/><G80/><T103/><D103/><U102/><E102/><V97/><F97/><AGARI ba="0,2" hai="13,14,17,19,21,23,54,55,89,91,92,94,96,97" machi="97" ten="30,18000,2" yaku="1,1,7,1,32,3,8,1,53,0" doraHai="81" doraHaiUra="53" who="1" fromWho="2" sc="115,0,229,200,277,-180,359,0" /><INIT seed="5,1,0,2,2,28" ten="115,429,97,359" oya="1" hai0="11,52,54,101,63,24,92,87,77,121,103,39,81" hai1="61,128,29,10,41,35,95,115,125,124,76,72,57" hai2="73,122,130,123,25,44,56,36,134,20,45,116,86" hai3="67,38,23,19,112,97,30,131,6,90,62,68,50"/><U94/><E115/><V118/><F73/><W129/><G38/><T42/><D121/><N who="2" m="46090" /><F86/><W120/><G120/><T40/><D24/><N who="1" m="18855" /><E41/><N who="0" m="15977" /><D39/><U14/><E76/><V31/><F36/><W133/><G112/><T3/><D3/><U43/><E43/><V99/><F99/><W114/><G114/><T79/><D79/><U93/><E72/><V33/><F56/><W21/><G6/><T37/><D37/><U113/><E113/><V0/><F45/><W65/><G65/><T135/><D135/><U100/><E100/><N who="0" m="38473" /><D92/><U88/><E88/><V111/><F44/><W27/><G133/><T69/><D69/><U126/><E128/><V119/><F130/><W12/><G50/><T32/><D32/><U80/><E80/><V78/><F78/><W109/><G131/><T7/><D63/><U74/><E74/><V75/><F75/><W49/><G49/><T17/><D7/><N who="1" m="3423" /><E94/><V82/><F82/><W4/><G129/><T71/><D71/><U47/><E47/><V66/><F134/><W105/><G68/><T91/><D91/><U84/><E84/><V107/><F107/><W51/><G105/><T26/><D11/><U85/><E85/><V1/><F66/><AGARI ba="1,0" hai="57,61,66,93,95,124,125,126" m="3423,18855" machi="66" ten="30,2900,0" yaku="18,1,52,1" doraHai="28" who="1" fromWho="2" sc="115,0,429,32,97,-32,359,0" /><INIT seed="5,2,0,3,2,73" ten="115,461,65,359" oya="1" hai0="72,75,0,4,6,38,49,45,114,64,106,69,13" hai1="96,89,22,126,44,119,84,35,14,47,62,109,54" hai2="95,20,50,80,25,42,53,101,71,115,100,33,17" hai3="28,36,23,113,31,79,61,7,66,134,41,130,99"/><U48/><E119/><V77/><F71/><W104/><G113/><T19/><D114/><U58/><E35/><V118/><F118/><W98/><G134/><T57/><D106/><U29/><E126/><V85/><F115/><W110/><G110/><T122/><D122/><U116/><E116/><V76/><F33/><W18/><G7/><T56/><D69/><U52/><E109/><V63/><F42/><W67/><G130/><T46/><D38/><U16/><E29/><V125/><F125/><W8/><G8/><T121/><D0/><U30/><E30/><V107/><F107/><W68/><G67/><T129/><D129/><U40/><E96/><V39/><F39/><W135/><G99/><T132/><D132/><U82/><E47/><V83/><F63/><W108/><G108/><T91/><D91/><U74/><E74/><V43/><F95/><W60/><G60/><T124/><D121/><U90/><E90/><V26/><F26/><W87/><G135/><T94/><D94/><U93/><E93/><V65/><F65/><AGARI ba="2,0" hai="14,16,22,40,44,48,52,54,58,62,65,82,84,89" machi="65" ten="30,11600,0" yaku="7,1,8,1,54,2" doraHai="73" who="1" fromWho="2" sc="115,0,461,122,65,-122,359,0" owari="115,-28.5,583,68.3,-57,-55.7,359,15.9" /></mjloggm>