<mjloggm ver="2.3"><GO type="169" lobby="0"/><UN n0="%76%76%73" n1="%48%41%43%4F" n2="%6F%67%75%6B%65%6E" n3="%E3%83%AD%E3%82%B7%E3%83%83%E3%83%84%E3%82%A1" dan="16,16,16,16" rate="2084.23,2067.52,2160.34,2006.83" sx="M,M,M,F"/><TAIKYOKU oya="0"/><INIT seed="0,0,0,0,0,80" ten="250,250,250,250" oya="0" hai0="124,11,74,14,135,8,93,1,107,78,59,65,128" hai1="77,17,75,9,69,111,48,19,70,39,2,37,45" hai2="6,96,35,10,97,106,119,23,16,104,42,126,34" hai3="49,72,66,127,130,112,47,134,36,7,31,51,13"/><T50/><D107/><U103/><E111/><V56/><F126/><W30/><G134/><T81/><D124/><U108/><E108/><V88/><F119/><W33/><G130/><T21/><D135/><U41/><E103/><V68/><F68/><W98/><G72/><T32/><D32/><U82/><E39/><V92/><F42/><W90/><G112/><T115/><D115/><U64/><E48/><V102/><F106/><W110/><G66/><T44/><D128/><U38/><E38/><V91/><F91/><W87/><G98/><T76/><D76/><U117/><E117/><V95/><F104/><W60/><G60/><T120/><D93/><U28/><E28/><V15/><REACH who="2" step="1"/><F56/><REACH who="2" ten="250,250,240,250" step="2"/><W22/><G127/><T57/><D57/><U46/><E46/><V109/><F109/><W18/><G110/><T24/><D59/><U25/><E70/><V79/><F79/><W129/><G129/><T118/><D78/><U52/><E69/><V71/><F71/><W67/><G47/><T85/><D44/><U132/><E132/><V84/><F84/><W29/><G87/><T63/><D85/><U105/><E105/><V121/><F121/><W122/><G122/><T131/><D120/><U58/><E64/><V53/><F53/><W89/><G67/><T123/><D65/><U99/><E99/><V20/><F20/><W61/><G22/><T100/><D118/><U114/><E114/><V86/><F86/><W5/><G90/><T113/><D123/><U125/><E58/><V43/><F43/><W0/><G89/><T55/><D131/><U26/><E125/><RYUUKYOKU ba="0,1" sc="250,-10,250,-10,240,30,250,-10" hai2="6,10,15,16,23,34,35,88,92,95,96,97,102" /><INIT seed="1,1,1,5,1,132" ten="240,240,270,240" oya="1" hai0="23,25,2,90,60,65,39,45,27,32,26,91,120" hai1="78,80,59,84,85,18,118,33,72,12,37,89,55" hai2="83,5,130,54,46,24,28,101,10,3,119,7,109" hai3="52,14,40,68,0,21,8,19,129,108,125,4,105"/><U87/><E118/><V99/><F119/><W67/><G108/><T112/><D112/><U73/><E33/><V100/><F109/><W71/><G105/><T22/><D120/><U56/><E37/><V49/><F130/><W103/><G40/><T34/><D2/><U61/><E73/><V82/><F7/><W133/><G103/><T43/><D34/><U66/><E89/><V69/><F69/><W76/><G133/><T121/><D32/><U16/><REACH who="1" step="1"/><E12/><REACH who="1" ten="240,230,270,240" step="2"/><V122/><F122/><W92/><G14/><T17/><D121/><U41/><E41/><V106/><REACH who="2" step="1"/><F101/><REACH who="2" ten="240,230,260,240" step="2"/><W81/><G129/><T50/><D39/><U134/><E134/><V88/><F88/><W116/><G116/><T6/><D91/><U93/><E93/><V42/><F42/><W47/><G92/><T104/><D90/><U79/><E79/><V123/><F123/><W44/><G76/><T62/><D43/><U38/><E38/><V15/><F15/><W115/><G81/><T58/><D104/><U77/><E77/><V117/><F117/><W70/><G115/><T124/><D26/><U96/><E96/><V113/><F113/><W13/><G13/><T94/><D94/><U51/><AGARI ba="1,3" hai="16,18,51,55,56,59,61,66,72,78,80,84,85,87" machi="51" ten="30,6000,0" yaku="1,1,0,1,54,1,53,0" doraHai="132" doraHaiUra="111" who="1" fromWho="1" sc="240,-21,230,93,260,-21,240,-21" /><INIT seed="1,2,0,4,3,113" ten="219,323,239,219" oya="1" hai0="15,18,13,94,134,72,71,74,133,19,54,78,5" hai1="4,42,132,39,82,62,29,83,45,79,92,34,131" hai2="73,16,123,69,80,1,101,6,75,88,11,46,106" hai3="17,66,99,95,59,38,121,44,25,103,43,125,41"/><U48/><E131/><V118/><F123/><W0/><G0/><T135/><D71/><U35/><E132/><V58/><F69/><W12/><G125/><T105/><D105/><U63/><E83/><V130/><F130/><W77/><G43/><T56/><D5/><U40/><E40/><V2/><F2/><W85/><G25/><T115/><D115/><U107/><E107/><V24/><F46/><W64/><G121/><T117/><D94/><U60/><E29/><V37/><F37/><W27/><G27/><T23/><D78/><U104/><E104/><V8/><F58/><W49/><G38/><T30/><D30/><U32/><E4/><V100/><F118/><W122/><G122/><T96/><D96/><U119/><E92/><V14/><F24/><W98/><G98/><T124/><D124/><U36/><REACH who="1" step="1"/><E119/><REACH who="1" ten="219,313,239,219" step="2"/><V112/><F112/><W81/><REACH who="3" step="1"/><G59/><REACH who="3" ten="219,313,239,209" step="2"/><T93/><D117/><U55/><E55/><V9/><F106/><W57/><G57/><T51/><REACH who="0" step="1"/><D93/><REACH who="0" ten="209,313,239,209" step="2"/><U33/><N who="1" m="8192" /><DORA hai="31" /><U89/><E89/><V61/><F88/><W76/><G76/><T3/><D3/><U53/><E53/><V28/><F1/><W114/><G114/><T126/><D126/><U10/><E10/><AGARI ba="2,3" hai="10,12,17,41,44,49,64,66,77,81,85,95,99,103" machi="10" ten="30,3900,0" yaku="1,1,7,1,8,1,53,0" doraHai="113,31" doraHaiUra="68,87" who="3" fromWho="1" sc="209,0,313,-45,239,0,209,75" /><AGARI ba="2,0" hai="10,13,15,18,19,23,51,54,56,72,74,133,134,135" machi="10" ten="40,2600,0" yaku="1,1,20,1,53,0" doraHai="113,31" doraHaiUra="68,87" who="0" fromWho="1" sc="209,26,268,-26,239,0,284,0" /><INIT seed="2,0,0,1,2,97" ten="235,242,239,284" oya="2" hai0="113,55,68,131,67,110,124,72,53,123,64,90,1" hai1="93,52,22,85,25,48,128,74,41,21,2,30,96" hai2="115,121,16,46,9,122,32,91,102,0,95,35,80" hai3="24,82,105,126,19,20,47,79,84,89,43,83,7"/><V86/><F115/><W118/><G126/><T27/><D1/><U57/><E128/><V104/><F0/><W66/><G118/><T120/><D72/><U58/><E74/><V132/><F132/><W61/><G105/><T59/><D27/><U40/><E2/><V60/><F122/><W5/><G83/><T11/><D90/><U42/><E85/><V14/><F121/><W33/><G33/><T103/><D59/><U54/><E21/><V109/><F109/><W111/><G79/><T49/><D49/><U26/><E26/><V17/><F17/><W101/><G111/><T106/><D106/><U77/><E77/><V133/><F133/><W39/><REACH who="3" step="1"/><G101/><REACH who="3" ten="235,242,239,274" step="2"/><T4/><D110/><U56/><E48/><V3/><F104/><W62/><G62/><T70/><D124/><U15/><E15/><V38/><F3/><W100/><G100/><AGARI ba="0,1" hai="22,25,30,40,41,42,52,54,56,57,58,93,96,100" machi="100" ten="40,5200,0" yaku="8,1,52,1,54,1" doraHai="97" who="1" fromWho="3" sc="235,0,242,62,239,0,274,-52" /><INIT seed="3,0,0,3,2,30" ten="235,304,239,222" oya="3" hai0="84,64,85,49,36,33,103,11,55,131,15,120,76" hai1="115,71,14,29,88,45,1,95,134,43,98,112,107" hai2="74,12,82,72,50,122,38,9,94,42,116,90,3" hai3="7,83,54,65,58,91,63,123,81,0,132,105,87"/><W60/><G123/><T46/><D120/><U86/><E1/><V97/><F116/><W37/><G37/><T135/><D36/><U133/><E71/><V57/><F122/><W16/><G132/><N who="1" m="50794" /><E14/><V126/><F126/><W41/><G105/><T27/><D135/><U66/><E66/><V93/><F3/><W31/><G41/><T10/><D131/><U106/><E29/><V4/><F38/><W18/><G31/><T13/><D64/><U78/><E45/><V5/><F5/><W25/><G25/><T48/><D103/><N who="1" m="60895" /><E78/><V62/><F42/><W39/><G39/><T113/><D76/><U79/><E79/><V130/><F130/><W53/><G53/><T96/><D46/><U73/><E73/><V102/><F50/><W51/><G63/><T128/><D55/><U121/><E43/><V118/><F118/><W52/><G54/><T70/><D70/><U34/><E34/><V19/><F4/><W77/><G7/><T124/><D128/><U100/><E121/><V92/><F74/><W67/><G67/><T80/><D33/><U23/><E23/><V99/><F72/><W89/><G0/><T69/><D69/><U26/><E26/><V8/><F8/><W117/><G117/><T125/><D27/><U21/><E21/><V2/><F2/><W44/><G77/><T24/><D24/><U119/><E119/><V129/><F129/><W110/><G110/><T6/><D6/><U28/><E28/><V75/><F75/><W56/><G44/><T47/><D47/><U101/><E107/><V59/><F59/><W35/><G35/><RYUUKYOKU ba="0,0" sc="235,-10,304,-10,239,-10,222,30" hai3="16,18,51,52,56,58,60,65,81,83,87,89,91" /><INIT seed="3,1,0,4,5,116" ten="225,294,229,252" oya="3" hai0="113,36,81,125,10,58,33,22,25,97,46,37,71" hai1="24,29,106,26,93,31,55,94,84,50,0,38,98" hai2="1,30,66,114,39,20,118,117,95,5,62,68,45" hai3="85,86,18,101,79,52,102,16,3,78,6,44,8"/><W57/><G44/><T42/><D71/><U91/><E106/><V135/><F114/><W88/><G86/><T96/><D113/><U128/><E128/><V77/><F135/><W99/><G79/><T108/><D33/><U4/><E0/><V70/><F70/><W28/><G28/><N who="1" m="10826" /><E4/><V120/><F77/><W15/><G78/><T61/><D125/><U32/><E32/><V131/><F131/><W100/><G99/><T59/><D108/><U112/><E38/><V41/><F95/><N who="3" m="54671" /><G3/><T63/><D10/><U92/><E112/><V2/><F2/><W75/><G75/><T23/><D25/><N who="1" m="9835" /><E84/><V14/><F1/><W87/><G87/><T48/><D42/><U123/><E123/><V67/><F120/><W35/><G35/><T19/><D19/><U104/><E104/><V54/><F30/><W65/><G65/><T11/><D11/><U56/><AGARI ba="1,0" hai="50,55,56,91,92,93,94,98" m="9835,10826" machi="56" ten="30,1100,0" yaku="8,1" doraHai="116" who="1" fromWho="1" sc="225,-4,294,14,229,-4,252,-6" /><INIT seed="4,0,0,5,4,2" ten="221,308,225,246" oya="0" hai0="55,60,112,91,95,12,37,53,22,84,127,106,43" hai1="58,34,61,89,115,77,23,44,9,16,4,99,119" hai2="68,83,102,20,42,126,110,120,134,101,46,10,100" hai3="48,108,45,39,123,107,17,15,14,41,3,135,85"/><T130/><D112/><U38/><E119/><V76/><F110/><W88/><G108/><T50/><D130/><U36/><E34/><V40/><F120/><W90/><G3/><T52/><D127/><U70/><E70/><V32/><F126/><W80/><G107/><T54/><D106/><U6/><E115/><V0/><F134/><W75/><G75/><T128/><D128/><U105/><E105/><V62/><F32/><W93/><G135/><T122/><D122/><U51/><E9/><V21/><F42/><W117/><G117/><T56/><D37/><U116/><E77/><V33/><F33/><W118/><G118/><T97/><D43/><N who="1" m="24991" /><E38/><N who="2" m="21783" /><F62/><W27/><G123/><T96/><D60/><U73/><E73/><N who="2" m="43407" /><F68/><W1/><G39/><T131/><D131/><U111/><E111/><V125/><F125/><W133/><G133/><T26/><REACH who="0" step="1"/><D12/><REACH who="0" ten="211,308,225,246" step="2"/><N who="1" m="9607" /><E116/><V8/><F0/><W25/><G1/><T47/><D47/><U86/><E36/><V5/><F102/><W35/><G14/><T24/><D24/><U87/><E61/><V98/><F101/><W124/><G124/><T57/><D57/><U72/><E58/><V113/><F100/><W67/><G35/><T79/><D79/><U132/><E132/><V78/><F78/><W7/><G27/><T66/><D66/><U49/><E49/><V104/><F104/><W121/><G67/><T31/><AGARI ba="0,1" hai="22,26,31,50,52,53,54,55,56,84,91,95,96,97" machi="31" ten="30,11700,0" yaku="1,1,0,1,8,1,54,1,53,0" doraHai="2" doraHaiUra="29" who="0" fromWho="0" sc="211,127,308,-39,225,-39,246,-39" /><INIT seed="4,1,0,0,2,108" ten="338,269,186,207" oya="0" hai0="81,100,2,84,18,131,22,117,50,107,10,36,116" hai1="14,125,73,1,17,109,89,102,24,111,133,51,26" hai2="61,32,103,56,132,59,119,75,40,113,77,44,64" hai3="53,124,90,47,92,23,30,120,48,71,97,8,49"/><T78/><D36/><U110/><E73/><V57/><F32/><W79/><G124/><T83/><D131/><U43/><E102/><V37/><F103/><W87/><G71/><T41/><D81/><U13/><E43/><V6/><F6/><W99/><G120/><T5/><D41/><U63/><E51/><V11/><F11/><W104/><G79/><T96/><REACH who="0" step="1"/><D50/><REACH who="0" ten="328,269,186,207" step="2"/><U60/><E111/><V34/><F40/><W126/><G49/><T31/><D31/><U46/><E110/><V93/><F37/><W72/><G126/><T19/><D19/><U88/><E109/><V98/><F75/><W42/><G72/><T123/><D123/><U135/><E125/><V106/><F77/><W114/><G42/><T54/><D54/><U67/><E46/><V74/><F44/><W38/><G38/><T58/><D58/><U65/><E17/><V86/><F57/><W94/><G30/><T105/><D105/><U52/><E52/><V82/><F59/><W69/><G104/><T4/><D4/><U28/><E28/><V33/><F106/><W85/><G53/><T134/><D134/><U130/><E130/><V112/><F132/><W29/><G29/><T95/><D95/><U62/><E62/><V9/><F74/><W20/><G48/><T76/><D76/><U55/><E55/><V27/><F61/><W129/><G47/><T7/><D7/><U68/><E68/><V115/><F56/><W91/><G69/><T25/><AGARI ba="1,1" hai="2,5,10,18,22,25,78,83,84,96,100,107,116,117" machi="25" ten="20,3900,0" yaku="1,1,0,1,7,1,53,0" doraHai="108" doraHaiUra="122" who="0" fromWho="0" sc="328,52,269,-14,186,-14,207,-14" /><INIT seed="4,2,0,3,4,63" ten="380,255,172,193" oya="0" hai0="28,56,42,106,126,9,112,5,97,86,37,47,52" hai1="35,15,100,129,70,49,38,91,44,64,16,36,27" hai2="72,23,0,53,83,39,87,21,4,93,33,124,73" hai3="65,66,85,45,59,12,111,32,133,54,55,110,105"/><T14/><D112/><U74/><E74/><V26/><F39/><W50/><G105/><T107/><D126/><U17/><E129/><V7/><F124/><W71/><G32/><T6/><D6/><U10/><E100/><V99/><F33/><W43/><G12/><T109/><D109/><N who="3" m="41481" /><G85/><T8/><D8/><U123/><E123/><V134/><F134/><W95/><G95/><T24/><D97/><U3/><E3/><V41/><F41/><W113/><G133/><T98/><D98/><U89/><E38/><V117/><F117/><W29/><G29/><T48/><REACH who="0" step="1"/><D86/><REACH who="0" ten="370,255,172,193" step="2"/><U18/><E10/><V67/><F87/><W131/><G113/><T96/><D96/><U51/><E35/><AGARI ba="2,1" hai="5,9,14,24,28,35,37,42,47,48,52,56,106,107" machi="35" ten="30,11600,0" yaku="1,1,7,1,54,1,53,1" doraHai="63" doraHaiUra="68" who="0" fromWho="1" sc="370,132,255,-122,172,0,193,0" /><INIT seed="4,3,0,3,4,19" ten="502,133,172,193" oya="0" hai0="99,133,14,56,98,0,69,59,84,30,41,65,122" hai1="85,82,73,109,93,95,120,32,77,106,35,49,57" hai2="89,72,108,13,124,115,121,111,80,103,29,86,134" hai3="34,75,112,125,12,33,31,76,96,40,118,53,4"/><T128/><D122/><U63/><E109/><V42/><F121/><W92/><G112/><T58/><D0/><U46/><E120/><V61/><F42/><W105/><G105/><T7/><D30/><U50/><E106/><V90/><F29/><W66/><G125/><T16/><D7/><U9/><E9/><V44/><F44/><W3/><G66/><T54/><D41/><U88/><E93/><V2/><F2/><W64/><G64/><T132/><D84/><U26/><E26/><V123/><F61/><W28/><G53/><T74/><D74/><U129/><E129/><V102/><F13/><W38/><G12/><T87/><D87/><U100/><E100/><N who="2" m="38443" /><F72/><W10/><G118/><T25/><D25/><U39/><E39/><V15/><F15/><W114/><G114/><T104/><D104/><U91/><E91/><N who="2" m="51655" /><F123/><W130/><G130/><T97/><D128/><U117/><E117/><V43/><F43/><W94/><G34/><T68/><D54/><U45/><E45/><V36/><F36/><W116/><G116/><T83/><D83/><U8/><E8/><V52/><F52/><W135/><G33/><T48/><D48/><U127/><E50/><V18/><F115/><W101/><G40/><T62/><REACH who="0" step="1"/><D69/><REACH who="0" ten="492,133,172,193" step="2"/><U70/><E70/><V81/><F81/><W1/><G31/><T21/><AGARI ba="3,1" hai="14,16,21,56,58,59,62,65,68,97,98,99,132,133" machi="21" ten="40,12000,1" yaku="1,1,2,1,0,1,52,1,54,1,53,0" doraHai="19" doraHaiUra="6" who="0" fromWho="0" sc="492,139,133,-43,172,-43,193,-43" /><INIT seed="4,4,0,0,4,84" ten="631,90,129,150" oya="0" hai0="53,109,133,7,126,40,114,108,32,118,17,39,72" hai1="112,131,8,38,78,29,92,87,1,101,49,30,135" hai2="28,117,24,55,54,42,79,96,82,115,111,119,10" hai3="37,50,3,83,106,36,35,99,52,103,125,69,51"/><T90/><D17/><U18/><E38/><V23/><F111/><W6/><G69/><T123/><D53/><U110/><E110/><V33/><F115/><W107/><G107/><T14/><D14/><U5/><E131/><V124/><F124/><W58/><G35/><T80/><D40/><U85/><E135/><V102/><F42/><W67/><G67/><T0/><D7/><U68/><E68/><V122/><F33/><W97/><G125/><T63/><D63/><U98/><E112/><V27/><F27/><W44/><G6/><T62/><D62/><U132/><E132/><V76/><F10/><W91/><G3/><T93/><D93/><U13/><E85/><N who="2" m="48327" /><F79/><W134/><G134/><T19/><D80/><N who="1" m="47511" /><E1/><V20/><F20/><W75/><G75/><T88/><D72/><U57/><E5/><V47/><F47/><W16/><G83/><T56/><D32/><U48/><E48/><V105/><F122/><W120/><G120/><T43/><D123/><U12/><E12/><V130/><F130/><W21/><G99/><T60/><D0/><U128/><E128/><V41/><F41/><W89/><G37/><T64/><D43/><U2/><E2/><V86/><F86/><W59/><G36/><T74/><D39/><U129/><E129/><V70/><F70/><W121/><G121/><T73/><D74/><U66/><E66/><V26/><F26/><N who="3" m="14631" /><G44/><T46/><D109/><U34/><E34/><V15/><F15/><W116/><G116/><AGARI ba="4,0" hai="23,24,28,54,55,96,102,105,116,117,119" m="48327" machi="116" ten="30,1000,0" yaku="12,1" doraHai="84" who="2" fromWho="3" sc="631,0,90,0,129,22,150,-22" /><INIT seed="5,0,0,0,0,69" ten="631,90,151,128" oya="1" hai0="19,62,87,91,89,114,4,26,55,116,74,34,0" hai1="39,81,98,36,122,110,113,20,23,82,78,80,32" hai2="63,42,112,50,21,61,45,31,133,13,11,41,124" hai3="106,18,109,66,135,79,85,73,64,105,94,128,24"/><U57/><E122/><V8/><F133/><W27/><G73/><T100/><D100/><U16/><E32/><V9/><F124/><W54/><G109/><T101/><D101/><U130/><E110/><V119/><F119/><W96/><G128/><T115/><D74/><U104/><E130/><V38/><F112/><W56/><G135/><T132/><D116/><U93/><E104/><V17/><REACH who="2" step="1"/><F31/><REACH who="2" ten="631,90,141,128" step="2"/><W108/><G108/><T10/><D132/><U84/><E113/><V103/><F103/><W65/><G106/><T120/><D115/><U53/><E23/><V86/><F86/><W83/><G105/><T25/><D120/><U48/><E78/><V15/><F15/><W58/><G18/><T99/><D19/><U46/><E98/><V129/><F129/><W68/><G68/><T95/><D87/><U49/><E84/><V7/><F7/><W6/><G6/><T134/><D4/><U72/><E72/><V22/><F22/><W88/><REACH who="3" step="1"/><G58/><REACH who="3" ten="631,90,141,118" step="2"/><T67/><D114/><U102/><E16/><V43/><F43/><W125/><G125/><T37/><D134/><U75/><E75/><V59/><F59/><W3/><G3/><T90/><D0/><U76/><E76/><V97/><F97/><W40/><G40/><T1/><D99/><N who="1" m="59759" /><E20/><V111/><F111/><W2/><G2/><T5/><D1/><U127/><E127/><V117/><F117/><W28/><G28/><T70/><D5/><U118/><E118/><V71/><F71/><W60/><AGARI ba="0,2" hai="24,27,54,56,60,64,65,66,79,83,85,88,94,96" machi="60" ten="30,7900,0" yaku="1,1,0,1,8,1,54,1,53,0" doraHai="69" doraHaiUra="30" who="3" fromWho="3" sc="631,-20,90,-39,141,-20,118,99" /><INIT seed="6,0,0,1,5,35" ten="611,51,121,217" oya="2" hai0="31,29,12,109,34,105,33,28,26,1,130,74,42" hai1="128,79,99,110,60,77,112,86,102,44,14,133,25" hai2="71,107,38,119,27,106,131,125,75,51,127,52,37" hai3="92,73,115,95,90,104,23,84,58,134,66,50,47"/><V2/><F119/><W19/><G104/><T81/><D109/><U135/><E25/><V65/><F75/><W111/><G134/><N who="1" m="51210" /><E14/><V117/><F117/><W24/><G115/><T96/><D42/><U93/><E44/><V54/><F27/><W61/><G73/><T78/><D130/><U7/><E7/><V114/><F114/><W63/><G63/><T9/><D1/><U4/><E4/><V108/><F131/><W120/><G111/><T17/><D34/><U59/><E59/><V40/><F108/><W123/><G95/><T21/><D21/><U94/><E60/><N who="2" m="40359" /><F107/><W70/><G70/><T55/><D55/><AGARI ba="0,0" hai="19,23,24,47,50,55,58,61,66,84,90,92,120,123" machi="55" ten="30,1000,0" yaku="7,1" doraHai="35" who="3" fromWho="0" sc="611,-10,51,0,121,0,217,10" /><INIT seed="7,0,0,0,5,60" ten="601,51,121,227" oya="3" hai0="79,97,73,37,24,32,53,110,112,65,43,133,117" hai1="39,9,45,84,1,44,51,75,129,123,125,103,62" hai2="35,19,106,14,107,29,122,27,47,57,26,59,54" hai3="15,38,115,17,108,72,83,70,50,31,119,30,7"/><W25/><G38/><T55/><D110/><U21/><E75/><V109/><F109/><W12/><G115/><T86/><D73/><U88/><E129/><V77/><F77/><W10/><G70/><T16/><D117/><U4/><E125/><V101/><F122/><W3/><G50/><T93/><D65/><U36/><E123/><V66/><F27/><W74/><G83/><T61/><D61/><U134/><E134/><V41/><F101/><W58/><G58/><T48/><D37/><U20/><E103/><V78/><F78/><W118/><G74/><T8/><D32/><U131/><E131/><V111/><F59/><W23/><G72/><T113/><D86/><U114/><E114/><N who="0" m="44137" /><D79/><U98/><E98/><V63/><F54/><W49/><G49/><T69/><D69/><U71/><E39/><V127/><F127/><W40/><G40/><T64/><D64/><U0/><E0/><V81/><F81/><W94/><G94/><T80/><D80/><U28/><E36/><V99/><F99/><W95/><G95/><T105/><D105/><U5/><E5/><V124/><F111/><W96/><G96/><T116/><D116/><U102/><E102/><V90/><F90/><W130/><G130/><T56/><D56/><U33/><E33/><V18/><F124/><W34/><G108/><T52/><D43/><U89/><E89/><V91/><F91/><W85/><G85/><T92/><D48/><U2/><E2/><V46/><F41/><W100/><G100/><T6/><D133/><U82/><E28/><V76/><F107/><W120/><G31/><RYUUKYOKU ba="0,0" sc="601,0,51,0,121,0,227,0" owari="601,70.1,51,-44.9,121,-27.9,227,2.7" /></mjloggm>