<mjloggm ver="2.3"><GO type="169" lobby="0"/><UN n0="%E3%83%A1%E3%82%BF%E3%82%B9%E3%82%B3%E3%82%A2" n1="%E4%B8%9E%E9%A3%9B" n2="%E3%81%A8%E3%82%8D%E3%82%8D%E3%81%9D%E3%81%B0" n3="%E4%BA%BA%E5%93%81%E3%81%AA%E3%81%97" dan="17,16,17,17" rate="2126.08,2077.67,2264.87,2207.93" sx="M,M,M,M"/><TAIKYOKU oya="0"/><INIT seed="0,0,0,5,5,92" ten="250,250,250,250" oya="0" hai0="52,122,50,125,7,79,72,129,30,20,70,59,95" hai1="74,87,46,15,130,88,97,132,89,24,22,105,17" hai2="16,3,119,67,51,127,28,41,44,133,57,98,55" hai3="115,48,58,21,121,26,108,76,27,99,73,82,38"/><T113/><D113/><U1/><E74/><V84/><F3/><W47/><G108/><T104/><D122/><U23/><E1/><V63/><F127/><W101/><G115/><T83/><D104/><U66/><E130/><V116/><F133/><W34/><G121/><T2/><D70/><U86/><E132/><V8/><F28/><W102/><G102/><T49/><D129/><U106/><E66/><V77/><F77/><W96/><G38/><T71/><D71/><U45/><E105/><V94/><F84/><N who="1" m="32297" /><E106/><V110/><F110/><W35/><G58/><T91/><D125/><U13/><E13/><V135/><F135/><W0/><G0/><T6/><D2/><U12/><E12/><N who="2" m="7175" /><F119/><W19/><G101/><T62/><D6/><U56/><E56/><V126/><F116/><W124/><G124/><T43/><D7/><U25/><E15/><V10/><F10/><W5/><G5/><T53/><D43/><U123/><E123/><V134/><F134/><W64/><G64/><T18/><D30/><N who="1" m="17687" /><E89/><N who="2" m="55631" /><F126/><W85/><G73/><T117/><D117/><U120/><E120/><V128/><F128/><W14/><G34/><T107/><D107/><U4/><E4/><V112/><F112/><W33/><G33/><T32/><D32/><U40/><E40/><AGARI ba="0,0" hai="40,41,44,51,55,57,63,67" m="55631,7175" machi="40" ten="30,3900,0" yaku="8,1,52,1,54,1" doraHai="92" who="2" fromWho="1" sc="250,0,250,-39,250,39,250,0" /><INIT seed="1,0,0,0,0,2" ten="250,211,289,250" oya="1" hai0="57,106,113,22,110,59,66,43,14,127,109,78,70" hai1="128,39,33,101,69,98,77,15,133,0,34,65,36" hai2="6,135,123,47,7,67,76,27,114,8,112,100,117" hai3="16,108,42,95,124,3,121,111,92,5,103,56,26"/><U96/><E128/><V23/><F117/><W4/><G121/><T87/><D113/><N who="2" m="43626" /><F123/><W25/><G124/><T9/><D106/><U19/><E0/><V116/><F116/><W44/><G3/><T1/><D127/><U119/><E119/><V46/><F135/><W58/><G103/><T24/><D43/><U29/><E133/><V107/><F76/><W41/><G44/><N who="2" m="16937" /><F8/><W68/><G68/><T52/><D1/><U17/><E77/><V13/><F13/><W74/><REACH who="3" step="1"/><G16/><REACH who="3" ten="250,211,289,240" step="2"/><N who="0" m="12359" /><D70/><U38/><E19/><N who="2" m="12799" /><F67/><W12/><G12/><T89/><D66/><U83/><E65/><V51/><F51/><W31/><G31/><T32/><D110/><U118/><E29/><V37/><F37/><W28/><G28/><T125/><D109/><U49/><E118/><V129/><F129/><W73/><AGARI ba="0,1" hai="4,5,25,26,41,42,56,58,73,74,92,95,108,111" machi="73" ten="25,12000,2" yaku="1,1,0,1,22,2,52,2,53,0" doraHai="2" doraHaiUra="10" who="3" fromWho="3" sc="250,-30,211,-60,289,-30,240,130" /><INIT seed="2,0,0,3,4,122" ten="220,151,259,370" oya="2" hai0="127,112,92,34,114,1,26,40,11,53,35,124,56" hai1="110,119,60,43,79,9,63,27,36,10,121,90,115" hai2="73,86,20,111,17,113,133,31,97,45,96,46,131" hai3="16,38,85,117,71,3,61,94,66,105,19,65,69"/><V14/><F73/><W49/><G38/><T130/><D40/><U50/><E115/><N who="0" m="44073" /><D92/><U98/><E119/><V93/><F113/><W18/><G117/><T2/><D56/><U76/><E36/><V82/><F131/><W0/><G105/><T80/><D53/><U125/><E125/><N who="0" m="48201" /><D80/><U100/><E90/><V55/><F133/><W120/><G120/><T33/><D130/><U42/><E42/><V48/><F31/><W15/><G15/><T87/><D87/><U75/><E75/><V4/><F4/><W135/><G135/><T74/><D74/><U108/><E121/><V51/><F93/><W13/><G13/><T24/><D11/><U54/><E43/><V95/><F95/><W101/><G49/><T68/><D68/><U134/><E134/><V81/><F81/><W123/><G123/><T21/><D21/><U25/><E50/><V23/><F20/><W70/><G85/><T106/><D106/><U62/><E54/><V88/><F111/><N who="1" m="42537" /><E10/><V58/><F58/><W7/><G70/><T37/><D37/><U41/><E9/><V72/><F72/><W78/><G69/><T118/><D118/><U77/><E41/><AGARI ba="0,0" hai="14,17,23,41,45,46,48,51,55,82,86,88,96,97" machi="41" ten="30,5800,0" yaku="7,1,8,1,54,1" doraHai="122" who="2" fromWho="1" sc="220,0,151,-58,259,58,370,0" /><INIT seed="2,1,0,3,1,25" ten="220,93,317,370" oya="2" hai0="4,63,51,23,119,43,74,83,28,133,132,24,8" hai1="102,91,84,59,130,92,121,7,122,97,12,27,48" hai2="2,3,69,46,85,33,117,105,120,57,39,79,96" hai3="9,110,50,87,26,1,45,29,30,44,31,109,112"/><V72/><F57/><W37/><G37/><T47/><D119/><U71/><E71/><V78/><F85/><W62/><G112/><T95/><D95/><U100/><E130/><V49/><F79/><W18/><G62/><T32/><D32/><U99/><E7/><V68/><F49/><W58/><G87/><T134/><D63/><U11/><E27/><V116/><F120/><W60/><G1/><T93/><D93/><U55/><E121/><V22/><F22/><N who="3" m="13655" /><G50/><T127/><D127/><U53/><E122/><V114/><F114/><W104/><G104/><T0/><REACH who="0" step="1"/><D74/><REACH who="0" ten="210,93,317,370" step="2"/><U42/><E102/><V10/><F117/><W135/><G135/><T14/><D14/><U118/><E100/><N who="2" m="62599" /><F2/><W101/><G101/><T124/><D124/><U40/><E118/><V94/><F94/><W107/><G107/><T82/><AGARI ba="1,1" hai="0,4,8,23,24,28,43,47,51,82,83,132,133,134" machi="82" ten="40,8000,1" yaku="1,1,0,1,20,1,52,1,53,1" doraHai="25" doraHaiUra="34" who="0" fromWho="0" sc="210,93,93,-21,317,-41,370,-21" /><INIT seed="3,0,0,3,3,3" ten="303,72,276,349" oya="3" hai0="37,115,86,1,29,24,60,19,45,63,4,134,64" hai1="34,133,72,18,20,43,70,108,7,128,52,59,46" hai2="116,53,27,120,91,39,14,41,2,79,100,104,78" hai3="8,33,80,106,132,88,32,74,76,117,105,67,103"/><W102/><G117/><T119/><D119/><U81/><E70/><V12/><F2/><W84/><G67/><T42/><D134/><U40/><E34/><V83/><F39/><W58/><G58/><T122/><D122/><U5/><E133/><V111/><F41/><W107/><G132/><T123/><D123/><U68/><E68/><V93/><F120/><W38/><G38/><T114/><D19/><U66/><E66/><V25/><F111/><W87/><G8/><N who="0" m="2063" /><D86/><N who="3" m="32809" /><G32/><N who="0" m="20519" /><D64/><U121/><E128/><V112/><F116/><W110/><G33/><T96/><D96/><U49/><E43/><V13/><F100/><N who="3" m="38443" /><G110/><T109/><D109/><U129/><E129/><V22/><F104/><W135/><G135/><T21/><D21/><U92/><E92/><V17/><F83/><W48/><G48/><T16/><D16/><U101/><E101/><V90/><F90/><AGARI ba="0,0" hai="74,76,80,88,90,105,106,107" m="38443,32809" machi="90" ten="40,18000,2" yaku="35,5,54,1" doraHai="3" who="3" fromWho="2" sc="303,0,72,0,276,-180,349,180" /><INIT seed="3,1,0,1,4,3" ten="303,72,96,529" oya="3" hai0="58,9,117,110,33,98,39,105,97,88,43,83,78" hai1="25,104,121,7,16,34,101,94,111,4,96,135,119" hai2="134,8,22,65,42,72,130,107,122,64,100,99,89" hai3="47,87,52,12,69,45,60,63,41,51,70,90,21"/><W67/><G21/><T85/><D117/><U53/><E121/><V133/><F72/><W26/><G12/><T132/><D33/><U11/><E119/><V50/><F122/><W115/><G26/><T76/><D39/><U66/><E66/><V5/><F130/><W74/><G115/><T120/><D43/><U10/><E135/><N who="2" m="51723" /><F89/><W113/><G113/><T27/><D120/><U36/><E111/><V73/><F73/><W2/><G2/><T103/><D132/><U86/><E36/><V84/><F84/><W75/><G69/><T128/><D110/><U126/><E126/><V82/><F82/><W0/><G0/><T71/><D71/><U92/><E104/><V19/><F42/><W1/><G1/><T55/><D128/><U61/><E34/><V93/><F107/><W37/><REACH who="3" step="1"/><G63/><REACH who="3" ten="303,72,96,519" step="2"/><T54/><D27/><U35/><E35/><V38/><F38/><W116/><G116/><T28/><D28/><U108/><E108/><V102/><F50/><W77/><G77/><T57/><D78/><U48/><E61/><V79/><F79/><W32/><G32/><T56/><D76/><U49/><E49/><V91/><F22/><W30/><G30/><T24/><D24/><U106/><E25/><V114/><F114/><W62/><G62/><T23/><D23/><U31/><E31/><V118/><F118/><W18/><G18/><T109/><D109/><U112/><E112/><V20/><F20/><W59/><G59/><T80/><D9/><N who="1" m="3083" /><E16/><V15/><F19/><W125/><G125/><T40/><D58/><N who="1" m="33063" /><E86/><V81/><F8/><W44/><G44/><RYUUKYOKU ba="1,1" sc="303,-15,72,15,96,-15,519,15" hai1="4,7,92,94,96,101,106" hai3="37,41,45,47,51,52,60,67,70,74,75,87,90" /><INIT seed="3,2,1,1,3,98" ten="288,87,81,534" oya="3" hai0="75,125,97,67,57,121,46,45,73,62,25,1,72" hai1="34,28,23,40,71,100,56,86,82,89,33,42,107" hai2="106,116,90,95,6,114,88,87,126,15,14,117,5" hai3="122,43,39,7,78,110,108,80,20,135,74,131,128"/><W65/><G122/><T19/><D121/><U2/><E71/><V111/><F114/><W26/><G65/><T109/><D1/><U13/><E2/><V54/><F106/><W91/><G7/><T105/><D109/><N who="3" m="42089" /><G91/><T3/><D3/><U77/><E34/><V103/><F111/><W85/><G135/><T79/><D79/><U16/><E33/><V104/><F126/><W37/><G74/><T129/><D125/><U69/><E69/><V113/><F113/><W52/><G52/><T9/><D129/><N who="3" m="49737" /><G43/><T49/><D73/><U24/><E56/><V35/><F54/><W102/><G102/><T115/><D72/><U96/><REACH who="1" step="1"/><E89/><REACH who="1" ten="288,77,81,534" step="2"/><V4/><F90/><W12/><G12/><T94/><D115/><U130/><E130/><V36/><F15/><W17/><AGARI ba="2,2" hai="17,20,26,37,39,78,80,85" m="49737,42089" machi="17" ten="30,6000,0" yaku="14,1,10,1,19,1" doraHai="98" who="3" fromWho="3" sc="288,-22,77,-22,81,-22,534,86" /><INIT seed="3,3,0,5,0,120" ten="266,55,59,620" oya="3" hai0="104,72,68,82,92,30,61,64,17,83,134,81,48" hai1="25,4,43,35,106,130,131,47,65,109,119,98,99" hai2="23,85,27,1,0,97,38,29,93,59,101,60,52" hai3="45,123,54,115,76,121,77,117,21,96,55,36,31"/><W113/><G31/><T13/><D104/><U42/><E4/><V34/><F38/><W20/><G36/><T128/><D134/><U33/><E119/><V39/><F39/><W15/><G45/><T51/><D128/><N who="1" m="49195" /><E65/><V73/><F73/><W86/><G86/><T105/><D105/><U53/><E53/><V116/><F116/><W2/><G117/><T125/><D125/><U90/><E47/><V22/><F34/><N who="1" m="12809" /><E25/><V87/><F87/><W74/><G74/><T7/><D72/><U122/><E122/><V3/><F23/><W110/><G96/><N who="1" m="36906" /><E106/><V56/><F56/><W78/><G78/><T84/><D7/><U24/><E24/><V37/><F37/><W5/><G5/><T28/><D28/><U89/><E109/><V69/><F69/><W19/><G19/><T62/><D30/><U46/><E46/><V8/><F8/><W80/><G15/><T16/><D68/><U111/><E111/><V6/><F6/><W26/><G26/><T9/><D64/><U118/><E118/><V100/><REACH who="2" step="1"/><F85/><REACH who="2" ten="266,55,49,620" step="2"/><W94/><G21/><T107/><D84/><U49/><E49/><V66/><F66/><W133/><G20/><T75/><D75/><U50/><E50/><V44/><F44/><W11/><G123/><T40/><D51/><U63/><E63/><V129/><F129/><W124/><G121/><T32/><D48/><U135/><E135/><V67/><F67/><W103/><G133/><T112/><D62/><U58/><E58/><V132/><F132/><W126/><G126/><T91/><D61/><U10/><E10/><V71/><F71/><RYUUKYOKU ba="3,1" sc="266,-15,55,15,49,15,620,-15" hai1="42,43,89,90" hai2="0,1,3,22,27,29,52,59,60,93,97,100,101" /><INIT seed="4,4,1,4,3,92" ten="251,70,64,605" oya="0" hai0="41,126,32,84,112,117,120,109,60,69,5,93,115" hai1="64,89,52,21,39,16,53,6,100,94,1,10,15" hai2="54,75,77,19,18,33,20,85,79,58,123,63,106" hai3="65,71,118,59,38,134,34,98,46,14,68,57,87"/><T91/><D117/><U114/><E39/><V51/><F123/><W128/><G34/><T55/><D120/><U131/><E64/><V124/><F33/><W105/><G128/><T35/><D41/><U73/><E131/><V23/><F75/><W90/><G118/><T4/><D126/><U116/><E116/><V9/><F124/><W48/><G134/><T27/><D109/><U8/><E73/><V36/><F36/><W108/><G108/><T132/><D132/><U113/><E100/><V42/><F106/><W49/><G38/><T17/><D35/><U13/><E89/><V7/><F23/><W44/><G14/><T31/><D17/><N who="1" m="10415" /><E94/><V29/><F29/><W45/><G87/><T24/><D27/><U101/><E101/><V95/><F20/><W40/><G90/><T80/><D93/><U125/><E125/><V110/><F110/><W30/><G98/><T12/><D12/><U129/><E129/><V82/><F79/><W47/><G30/><T102/><D102/><U70/><E70/><N who="3" m="26666" /><G105/><T76/><D91/><U62/><E62/><V99/><F9/><W81/><G81/><T0/><D0/><U107/><E107/><V88/><F7/><W72/><G72/><T66/><REACH who="0" step="1"/><D55/><REACH who="0" ten="241,70,64,605" step="2"/><U78/><E78/><V127/><F127/><W119/><G119/><T56/><D56/><N who="3" m="21577" /><G49/><T26/><D26/><U43/><E43/><V103/><F103/><W121/><G121/><T122/><D122/><U25/><E25/><V67/><F42/><W104/><G104/><T97/><D97/><U22/><E8/><V3/><F3/><W61/><G61/><RYUUKYOKU ba="4,2" sc="241,0,70,0,64,0,605,0" hai0="4,5,24,31,32,60,66,69,76,80,84,112,115" hai1="1,6,10,15,16,22,52,53,113,114" hai2="18,19,51,54,58,63,67,77,82,85,88,95,99" hai3="40,44,45,46,47,48,65" /><INIT seed="4,5,2,5,1,123" ten="241,70,64,605" oya="0" hai0="124,129,8,32,113,88,104,24,26,112,2,78,43" hai1="21,126,71,18,44,133,46,49,102,93,14,65,111" hai2="61,81,69,103,25,118,33,31,22,101,116,4,40" hai3="96,105,3,94,107,130,110,66,95,90,12,91,11"/><T51/><D104/><U57/><E126/><V120/><F120/><W100/><G110/><T135/><D78/><U27/><E133/><V41/><F4/><W72/><G130/><T109/><D129/><U134/><E134/><V131/><F131/><W37/><G37/><T47/><D135/><U106/><E106/><V67/><F81/><W117/><G117/><N who="2" m="45161" /><F22/><W114/><G114/><N who="0" m="44139" /><D124/><U80/><E71/><V52/><F52/><W128/><G128/><T85/><D32/><U84/><E111/><V132/><F132/><W63/><G3/><T60/><D60/><N who="1" m="38031" /><E49/><V1/><F1/><W73/><G105/><T62/><D62/><U34/><E34/><V56/><F56/><W23/><G107/><T30/><D30/><U35/><E35/><V38/><F38/><W115/><G115/><T74/><D74/><U53/><E53/><V9/><F9/><W89/><G73/><T45/><D109/><U16/><E93/><V83/><F83/><W0/><G72/><T50/><D2/><U64/><E64/><V29/><F29/><W36/><G36/><T92/><D8/><N who="1" m="6471" /><E102/><AGARI ba="5,2" hai="25,31,33,40,41,61,67,69,101,102,103" m="45161" machi="102" ten="30,1000,0" yaku="12,1" doraHai="123" who="2" fromWho="1" sc="241,0,70,-25,64,45,605,0" /><INIT seed="5,0,0,3,3,15" ten="241,45,109,605" oya="1" hai0="127,17,30,19,0,95,134,121,117,78,123,11,56" hai1="74,45,90,52,54,20,58,22,31,92,65,128,57" hai2="24,40,3,59,72,88,97,7,25,10,23,51,106" hai3="69,16,12,84,83,87,1,81,91,48,32,73,2"/><U89/><E74/><V101/><F72/><W75/><G69/><T107/><D107/><U5/><E128/><V110/><F110/><W71/><G71/><T4/><D117/><U100/><E5/><V6/><F6/><W124/><G124/><T18/><D127/><U61/><E100/><V70/><F70/><W82/><G32/><T120/><D134/><U80/><E45/><V26/><F88/><N who="1" m="33897" /><E92/><V135/><F135/><W29/><G29/><T114/><D114/><U77/><E31/><V62/><F51/><W43/><G75/><T99/><D30/><U96/><E96/><V34/><F40/><W47/><G73/><T133/><D133/><U14/><E65/><V85/><F85/><W67/><G67/><T64/><D78/><U76/><E80/><V115/><F115/><W79/><G82/><T63/><D95/><U111/><E111/><V113/><F113/><W119/><G119/><T46/><D46/><U94/><E94/><V102/><F102/><W55/><G43/><T98/><AGARI ba="0,0" hai="0,4,11,17,18,19,56,63,64,98,99,120,121,123" machi="98" ten="40,8000,1" yaku="0,1,13,1,52,3" doraHai="15" who="0" fromWho="0" sc="241,80,45,-40,109,-20,605,-20" /><INIT seed="6,0,0,1,3,7" ten="321,5,89,585" oya="2" hai0="83,66,130,71,13,62,1,69,32,73,123,98,68" hai1="97,118,59,36,58,116,29,34,61,119,49,108,23" hai2="6,0,44,117,75,43,25,51,45,87,18,96,99" hai3="4,132,26,57,134,94,112,85,42,64,113,126,8"/><V3/><F75/><W92/><G126/><T14/><D123/><U131/><E36/><V53/><F117/><W127/><G42/><T56/><D1/><U81/><E108/><V9/><F0/><W122/><G122/><T124/><D32/><U101/><E131/><V30/><F87/><W60/><G26/><T109/><D109/><U110/><E110/><V76/><F76/><W38/><G38/><T10/><D124/><U82/><E34/><V12/><F45/><W33/><G33/><T55/><D130/><U111/><E111/><V46/><F46/><W91/><G94/><T65/><D98/><U120/><E120/><V24/><F43/><W72/><G72/><T31/><D31/><U102/><E49/><V50/><F50/><W19/><G19/><T70/><D70/><U93/><E101/><V20/><REACH who="2" step="1"/><F24/><REACH who="2" ten="321,5,79,585" step="2"/><W90/><G127/><T114/><D73/><U2/><E2/><V54/><F54/><W95/><G85/><T107/><D55/><U5/><E5/><V27/><F27/><W106/><G132/><T11/><D66/><N who="1" m="39223" /><E59/><V135/><F135/><W48/><G57/><T37/><D56/><U84/><E84/><V128/><F128/><W21/><G64/><T100/><D65/><U16/><E29/><V105/><F105/><W80/><G134/><T40/><D107/><U115/><E115/><V79/><F79/><W22/><G106/><T104/><D104/><U133/><E133/><V74/><F74/><W89/><G112/><T47/><D114/><U15/><E119/><V35/><AGARI ba="0,1" hai="3,6,9,12,18,20,25,30,35,44,51,53,96,99" machi="35" ten="20,18000,2" yaku="1,1,0,1,7,1,24,2,52,1,53,0" doraHai="7" doraHaiUra="103" who="2" fromWho="2" sc="321,-60,5,-60,79,190,585,-60" owari="261,-13.9,-55,-55.5,269,6.9,525,62.5" /></mjloggm>