<mjloggm ver="2.3"><GO type="169" lobby="0"/><UN n0="%E3%81%8A%E3%81%98%E3%81%95%E3%82%93" n1="%69%6E%64%69%61%3D" n2="%E6%9C%A8%E5%8E%9F%E8%B1%AA%E4%B8%80" n3="%E8%B5%A4%E3%83%9E%E3%83%AB%E5%A4%A7%E4%BD%90" dan="17,16,16,16" rate="2223.28,2078.77,2174.20,2103.91" sx="M,M,M,F"/><TAIKYOKU oya="0"/><INIT seed="0,0,0,3,4,113" ten="250,250,250,250" oya="0" hai0="91,54,120,41,71,56,13,40,6,111,133,68,37" hai1="15,52,74,24,129,97,69,5,34,85,27,116,4" hai2="59,114,126,29,21,14,51,128,134,123,82,57,20" hai3="3,72,55,92,96,64,108,25,10,86,61,83,42"/><T118/><D120/><U39/><E74/><V77/><F114/><W9/><G108/><T18/><D133/><U102/><E39/><V100/><F123/><W112/><G72/><T115/><D115/><U38/><E38/><V130/><F100/><W30/><G112/><T122/><D122/><U94/><E69/><V110/><F110/><W17/><G42/><T63/><D111/><U131/><E116/><V66/><F66/><W62/><G17/><T8/><D118/><U32/><E85/><V98/><F98/><W22/><G55/><T70/><D37/><U81/><E81/><V43/><F21/><W80/><G80/><T107/><D107/><U2/><E2/><V119/><F126/><W105/><G105/><T101/><D101/><U65/><E65/><V99/><F99/><W78/><G3/><T31/><D31/><U46/><E27/><N who="2" m="16615" /><F14/><W7/><G7/><N who="1" m="2634" /><E15/><V124/><F124/><W75/><G75/><T84/><REACH who="0" step="1"/><D6/><REACH who="0" ten="240,250,250,250" step="2"/><U104/><E104/><V12/><F119/><W50/><G30/><T58/><D58/><U26/><E32/><V33/><F33/><W127/><G127/><T47/><D47/><U87/><E34/><V89/><F59/><W16/><G64/><T121/><D121/><U28/><E28/><V53/><F134/><W106/><G106/><T19/><D19/><U45/><E45/><V135/><F135/><W117/><G117/><T132/><D132/><U48/><E46/><V73/><F57/><W125/><G125/><T95/><AGARI ba="0,1" hai="8,13,18,40,41,54,56,63,68,70,71,84,91,95" machi="95" ten="30,6000,0" yaku="1,1,0,1,53,1" doraHai="113" doraHaiUra="88" who="0" fromWho="0" sc="240,70,250,-20,250,-20,250,-20" /><INIT seed="0,1,0,4,1,97" ten="310,230,230,230" oya="0" hai0="122,72,17,36,109,67,76,43,35,100,103,10,80" hai1="130,18,68,124,14,65,131,112,73,129,127,74,29" hai2="107,88,52,132,123,37,117,120,84,81,95,91,8" hai3="2,46,98,93,113,21,34,41,22,49,27,85,42"/><T105/><D122/><U108/><E65/><V19/><F37/><W30/><G113/><T116/><D116/><U50/><E68/><V87/><F107/><W86/><G2/><T16/><D35/><U5/><E112/><V4/><F19/><W54/><G34/><T24/><D67/><U63/><E63/><V69/><F69/><W28/><G42/><T53/><D109/><U6/><E50/><V15/><F117/><W66/><G66/><T3/><D53/><U38/><E38/><V48/><REACH who="2" step="1"/><F132/><REACH who="2" ten="310,230,220,230" step="2"/><W33/><G41/><T26/><D105/><U0/><E108/><V77/><F77/><W78/><G78/><T102/><D17/><U31/><E130/><V62/><F62/><W121/><G121/><T13/><REACH who="0" step="1"/><D3/><REACH who="0" ten="300,230,220,230" step="2"/><U9/><E0/><V110/><F110/><W89/><G33/><T47/><AGARI ba="1,2" hai="10,13,16,24,26,36,43,47,72,76,80,100,102,103" machi="47" ten="30,18000,2" yaku="1,1,2,1,0,1,52,3,54,1,53,0" doraHai="97" doraHaiUra="55" who="0" fromWho="0" sc="300,203,230,-61,220,-61,230,-61" /><INIT seed="0,2,0,1,3,7" ten="503,169,159,169" oya="0" hai0="113,23,65,36,2,122,91,53,17,123,88,61,85" hai1="110,6,13,100,120,40,12,50,99,0,116,42,19" hai2="46,48,121,106,26,119,29,134,67,45,102,47,39" hai3="37,84,30,62,93,97,68,101,80,111,51,11,109"/><T32/><D113/><U5/><E116/><V92/><F121/><W79/><G37/><T9/><D32/><U74/><E120/><V55/><F106/><W52/><G30/><T95/><D36/><U81/><E110/><V15/><F134/><W72/><G72/><T87/><D53/><U63/><E0/><V115/><F115/><W16/><G68/><T10/><D2/><U4/><E63/><V112/><F112/><W118/><G62/><T49/><D49/><U94/><E50/><V77/><F77/><W56/><REACH who="3" step="1"/><G118/><REACH who="3" ten="503,169,159,159" step="2"/><T28/><D28/><U127/><E127/><V44/><F119/><W14/><AGARI ba="2,1" hai="11,14,16,51,52,56,79,80,84,93,97,101,109,111" machi="14" ten="30,12000,2" yaku="1,1,2,1,0,1,52,1,54,2,53,0" doraHai="7" doraHaiUra="124" who="3" fromWho="3" sc="503,-62,169,-32,159,-32,159,136" /><INIT seed="1,0,0,4,1,109" ten="441,137,127,295" oya="1" hai0="21,125,51,5,127,131,6,20,44,70,89,43,11" hai1="58,61,92,83,57,110,82,101,23,28,46,52,88" hai2="26,2,64,112,0,113,75,27,97,135,16,81,56" hai3="18,59,17,62,87,123,84,4,1,116,47,49,30"/><U118/><E118/><V29/><F135/><W36/><G36/><T93/><D70/><U117/><E117/><V73/><F97/><W86/><G123/><T108/><D108/><U99/><E110/><V7/><F7/><W41/><G116/><T14/><D5/><U128/><E128/><V100/><F100/><W111/><G111/><T114/><D114/><N who="2" m="44138" /><F16/><N who="3" m="6251" /><G1/><N who="2" m="617" /><F81/><W78/><G30/><T65/><D131/><U50/><E101/><V106/><F106/><W76/><G4/><T105/><D105/><U98/><E98/><V13/><F13/><W71/><G71/><T115/><D115/><U60/><E58/><V38/><F38/><W77/><G77/><T42/><D6/><U15/><E15/><V12/><F12/><W32/><G32/><T134/><D14/><U74/><E74/><N who="2" m="28171" /><F29/><W8/><G8/><T40/><D134/><U85/><E85/><V37/><F37/><W48/><G78/><T67/><D11/><U35/><E35/><V80/><F80/><N who="1" m="30761" /><E57/><V133/><F133/><W45/><G76/><T69/><D69/><U72/><E72/><V68/><F68/><W24/><G87/><N who="0" m="52415" /><D20/><U129/><E129/><V63/><AGARI ba="0,0" hai="26,27,56,63,64" m="28171,617,44138" machi="63" ten="40,8000,1" yaku="11,1,52,3" doraHai="109" who="2" fromWho="2" sc="441,-20,137,-40,127,80,295,-20" /><INIT seed="2,0,0,2,5,89" ten="421,97,207,275" oya="2" hai0="87,46,123,26,103,66,3,122,23,8,79,107,108" hai1="125,45,67,118,9,30,128,76,37,132,95,71,134" hai2="0,10,131,119,44,81,4,17,120,49,117,60,113" hai3="98,64,63,31,12,72,99,112,15,130,104,20,88"/><V126/><F113/><W74/><G112/><T19/><D108/><U86/><E118/><V133/><F120/><W61/><G130/><T55/><D66/><U69/><E128/><V7/><F131/><W34/><G34/><T114/><D114/><U28/><E9/><V27/><F60/><W56/><G104/><T54/><D103/><U116/><E116/><V100/><F100/><W109/><G109/><T25/><D107/><U127/><E76/><V92/><F81/><W41/><G41/><T111/><D111/><U18/><E18/><V124/><F92/><N who="3" m="56583" /><G74/><T13/><D26/><U48/><E86/><V57/><F7/><W65/><G72/><T129/><D3/><U6/><E6/><V101/><F57/><N who="3" m="36911" /><G99/><T24/><D129/><U102/><E37/><V35/><F101/><W62/><G62/><T78/><D123/><U29/><E102/><V110/><F110/><W73/><G73/><T40/><D40/><U52/><E71/><V53/><F35/><W38/><G38/><T47/><D122/><U59/><E69/><V82/><F119/><W32/><G32/><T42/><D42/><U80/><E80/><V2/><F117/><W94/><G94/><T85/><D55/><N who="1" m="30095" /><E95/><V96/><F82/><W75/><G75/><T90/><D54/><U84/><E67/><V83/><F83/><W1/><G1/><T43/><D78/><U91/><E84/><N who="0" m="32329" /><D79/><U51/><E91/><V135/><F2/><W77/><G77/><T39/><D90/><U14/><E14/><V58/><F0/><W11/><G11/><T70/><D8/><U68/><E68/><RYUUKYOKU ba="0,0" sc="421,-15,97,15,207,-15,275,15" hai1="28,29,30,51,52,59,125,127,132,134" hai3="12,15,20,31,56,63,65" /><INIT seed="3,1,0,1,5,53" ten="406,112,192,290" oya="3" hai0="49,2,19,111,64,48,7,26,86,12,100,30,90" hai1="79,119,5,62,37,35,87,74,94,65,24,31,102" hai2="122,76,32,105,117,14,8,50,126,44,40,107,47" hai3="101,81,95,78,120,10,39,11,46,91,96,67,82"/><W72/><G120/><T110/><D100/><U1/><E119/><V133/><F117/><W113/><G113/><T128/><D128/><U112/><E112/><V13/><F32/><W63/><G39/><T34/><D64/><U36/><E87/><V73/><F122/><W0/><G46/><T22/><D7/><U84/><E84/><V93/><F126/><W68/><G0/><T61/><D61/><U130/><E130/><V17/><F133/><W108/><G108/><N who="0" m="41515" /><D2/><U121/><E121/><V92/><F76/><W21/><G82/><AGARI ba="1,0" hai="12,19,22,26,30,34,48,49,82,86,90" m="41515" machi="82" ten="30,1000,0" yaku="14,1" doraHai="53" who="0" fromWho="3" sc="406,13,112,0,192,0,290,-13" /><INIT seed="4,0,0,0,4,97" ten="419,112,192,277" oya="0" hai0="65,43,118,98,94,33,48,12,85,87,81,38,36" hai1="102,50,51,89,24,105,16,35,39,122,90,18,42" hai2="17,75,31,73,79,121,14,110,125,55,4,27,100" hai3="15,124,112,117,6,60,84,134,71,111,82,130,22"/><T10/><D33/><U126/><E122/><V101/><F110/><W58/><G71/><T123/><D123/><U49/><E126/><V2/><F121/><W70/><G70/><T9/><D118/><U120/><E120/><V41/><F41/><W68/><G68/><T77/><D65/><U63/><E63/><V20/><F125/><W128/><G117/><T115/><D115/><U54/><E54/><V107/><F107/><W46/><G111/><T132/><D132/><U86/><E42/><V1/><F1/><W28/><G124/><T30/><D30/><U116/><E39/><V25/><F25/><W29/><G46/><N who="0" m="25695" /><D36/><U80/><E116/><V11/><F55/><N who="3" m="33887" /><G112/><T133/><D38/><U62/><E62/><V96/><F79/><W21/><G134/><T113/><D113/><U8/><E90/><V91/><F91/><N who="3" m="51607" /><G130/><T26/><D26/><U78/><E78/><V131/><F131/><W66/><G66/><T93/><D133/><U119/><E119/><V92/><REACH who="2" step="1"/><F100/><REACH who="2" ten="419,112,182,277" step="2"/><W76/><G76/><T129/><D129/><U45/><E45/><V103/><F103/><W64/><G128/><T13/><D77/><U53/><E53/><V72/><F72/><W52/><G52/><T57/><D13/><U34/><E102/><V3/><F3/><W95/><G64/><T83/><D12/><N who="1" m="7175" /><E105/><V127/><F127/><W135/><G135/><T99/><D81/><U32/><E24/><V44/><F44/><W0/><G0/><T104/><D83/><U106/><E106/><V5/><F5/><W67/><G67/><T108/><D104/><U88/><E89/><RYUUKYOKU ba="0,1" sc="419,-15,112,15,182,15,277,-15" hai1="18,32,34,35,49,50,51,80,86,88" hai2="2,4,11,14,17,20,27,31,73,75,92,96,101" /><INIT seed="5,1,1,3,5,106" ten="404,127,197,262" oya="1" hai0="129,77,75,88,74,80,91,45,81,8,40,46,78" hai1="6,25,7,125,109,14,61,99,84,62,110,0,93" hai2="123,11,118,37,130,96,18,41,67,42,58,113,82" hai3="122,43,24,59,90,134,17,94,135,3,115,102,20"/><U32/><E0/><V117/><F123/><W36/><G122/><T114/><D114/><U53/><E125/><V69/><F69/><W21/><G3/><T127/><D127/><U86/><E32/><V133/><F37/><W49/><G102/><T76/><D76/><U104/><E104/><V54/><F67/><W60/><G36/><T34/><D34/><U83/><E25/><V35/><F35/><W101/><G101/><T47/><D129/><U44/><E14/><V26/><F96/><N who="3" m="57431" /><G21/><T33/><D33/><U2/><E2/><V66/><F66/><W38/><G38/><T68/><D68/><U70/><E70/><V30/><F42/><W64/><G115/><T55/><D40/><U13/><E13/><V103/><F41/><W98/><G98/><T10/><D55/><U48/><E6/><V85/><F103/><W63/><G64/><T39/><D39/><U126/><E7/><V5/><F18/><W121/><G121/><T52/><D52/><U79/><E86/><V131/><F113/><W107/><G107/><T119/><D47/><U100/><REACH who="1" step="1"/><E126/><REACH who="1" ten="404,117,197,262" step="2"/><V4/><F26/><W31/><G24/><T132/><D132/><U92/><E92/><V65/><F133/><W15/><G135/><T19/><D19/><U72/><E72/><V73/><F73/><W111/><G134/><T128/><D128/><U27/><E27/><V23/><F4/><W57/><G17/><T29/><D119/><U9/><E9/><V56/><F131/><W120/><G120/><T1/><D1/><U28/><E28/><AGARI ba="1,2" hai="8,10,28,29,45,46,74,75,77,78,80,81,88,91" machi="28" ten="25,8000,1" yaku="22,2,52,2,54,1" doraHai="106" who="0" fromWho="1" sc="404,103,117,-83,197,0,262,0" /><INIT seed="6,0,0,2,2,76" ten="507,34,197,262" oya="2" hai0="75,9,50,27,85,106,20,109,111,69,120,51,41" hai1="49,65,54,23,134,101,21,36,52,0,43,94,15" hai2="72,25,55,84,87,118,92,13,48,97,34,90,8" hai3="104,86,121,73,44,61,123,127,22,95,4,74,11"/><V10/><F118/><W125/><G104/><T19/><D75/><U3/><E134/><V59/><F72/><N who="3" m="27755" /><G22/><T98/><D69/><U135/><E135/><V82/><F34/><W110/><G110/><T29/><D120/><U79/><E36/><V14/><F25/><W37/><G61/><T35/><D9/><U68/><E68/><V105/><F105/><W93/><G44/><T114/><D85/><U7/><E65/><V128/><F128/><W129/><G37/><T80/><D51/><U81/><E43/><V62/><F62/><W24/><G24/><T133/><D50/><U47/><E0/><V28/><F28/><W131/><G11/><N who="2" m="4137" /><F87/><W126/><G4/><T56/><D29/><U26/><E3/><V67/><F67/><W115/><G115/><T42/><D35/><U102/><E7/><V12/><F12/><W124/><G124/><T89/><D106/><U32/><E32/><V77/><AGARI ba="0,0" hai="13,14,48,55,59,77,82,84,90,92,97" m="4137" machi="77" ten="30,3000,0" yaku="8,1,52,1" doraHai="76" who="2" fromWho="2" sc="507,-10,34,-10,197,30,262,-10" /><INIT seed="6,1,0,0,3,27" ten="497,24,227,252" oya="2" hai0="129,100,106,120,133,15,57,33,80,39,37,75,40" hai1="9,88,126,53,99,81,43,17,67,0,116,54,110" hai2="59,46,14,28,87,70,85,117,132,115,45,41,21" hai3="93,51,125,20,60,5,92,1,72,35,98,16,61"/><V78/><F117/><W109/><G109/><T31/><D57/><U25/><E116/><V47/><F70/><W49/><G72/><T62/><D62/><N who="3" m="24169" /><G35/><T23/><D23/><U4/><E110/><V113/><F59/><W86/><G1/><T6/><D15/><U104/><E126/><V114/><F132/><W30/><G5/><T119/><D6/><U26/><E67/><V121/><F121/><W56/><G56/><T84/><D84/><N who="2" m="32330" /><F78/><W69/><G125/><T32/><D32/><U38/><E81/><V112/><N who="2" m="28672" /><DORA hai="52" /><V131/><F131/><W73/><G73/><T107/><D33/><U68/><E68/><V13/><F41/><W8/><G86/><T74/><D40/><U63/><E63/><V122/><F122/><W103/><G93/><T2/><D75/><U97/><E97/><V76/><F76/><W58/><G58/><T65/><D74/><U134/><E134/><V48/><F48/><W90/><G90/><T66/><D66/><U7/><E7/><V101/><F101/><W102/><G102/><T77/><D100/><U64/><E64/><V130/><F130/><W19/><G69/><T91/><D65/><U12/><E104/><V79/><F79/><W34/><G51/><T50/><D77/><U94/><E54/><V18/><F14/><N who="3" m="7239" /><G49/><T118/><D106/><U42/><E53/><V71/><F71/><W22/><G19/><T108/><D107/><U44/><REACH who="1" step="1"/><E42/><REACH who="1" ten="497,14,227,252" step="2"/><V36/><F36/><W127/><G127/><T124/><D39/><U83/><E83/><V89/><F47/><W3/><G3/><T96/><D2/><RYUUKYOKU ba="1,1" sc="497,-15,14,15,227,-15,252,15" hai1="0,4,9,12,17,25,26,38,43,44,88,94,99" hai3="20,22,30,34,92,98,103" /><INIT seed="7,2,1,0,5,121" ten="482,29,212,267" oya="3" hai0="1,120,28,98,34,15,126,80,60,102,103,63,16" hai1="130,69,119,48,19,55,128,38,83,25,42,47,113" hai2="22,129,73,17,88,77,30,9,97,89,49,4,74" hai3="68,35,91,6,124,62,31,40,134,12,76,106,82"/><W20/><G106/><T51/><D126/><U7/><E7/><V81/><F74/><W92/><G35/><T116/><D116/><U2/><E19/><V90/><F129/><W58/><G68/><T27/><D120/><U64/><E25/><V26/><F49/><W100/><G100/><T125/><D125/><U75/><E2/><V33/><F97/><W79/><G40/><T122/><D122/><U86/><E86/><V67/><F67/><W13/><G134/><T46/><D80/><U132/><E83/><V11/><REACH who="2" step="1"/><F4/><REACH who="2" ten="482,29,202,267" step="2"/><W37/><G6/><T118/><D1/><U56/><E75/><V61/><F61/><W135/><G62/><T105/><D103/><U96/><E96/><V110/><F110/><W21/><G124/><T111/><D111/><U23/><E23/><V39/><F39/><W24/><G37/><T109/><D109/><U32/><E32/><V44/><F44/><W107/><G21/><T114/><D118/><U45/><E119/><V53/><F53/><W29/><G20/><T14/><D114/><U0/><E0/><V115/><F115/><W94/><G107/><T133/><D14/><AGARI ba="2,2" hai="9,11,14,17,22,26,30,33,73,77,81,88,89,90" machi="14" ten="40,2600,0" yaku="1,1,54,1,53,0" doraHai="121" doraHaiUra="43" who="2" fromWho="0" sc="482,-32,29,0,202,52,267,0" owari="450,55.0,29,-47.1,254,-14.6,267,6.7" /></mjloggm>