<mjloggm ver="2.3"><GO type="169" lobby="0"/><UN n0="%E6%95%97%E5%8C%97%E8%80%85%E3%81%AD%E3%82%8B" n1="%6D%79%6D%65%6C%6F%58%58" n2="%E3%81%AF%E3%81%9F%E3%82%86%E3%81%86" n3="%E3%83%95%E3%83%AB%E3%82%BC%E3%83%B3%E3%83%84%E3%81%8F%E3%82%93" dan="17,17,16,16" rate="2189.94,2206.04,2150.53,2169.27" sx="F,M,M,F"/><TAIKYOKU oya="0"/><INIT seed="0,0,0,5,4,71" ten="250,250,250,250" oya="0" hai0="48,95,119,2,63,23,126,76,83,115,67,37,31" hai1="120,47,112,57,13,62,32,15,39,123,94,0,9" hai2="90,18,52,111,132,25,110,53,134,51,88,58,61" hai3="113,107,5,34,80,92,50,68,99,118,41,29,54"/><T98/><D115/><U108/><E112/><V97/><F25/><W105/><G118/><T74/><D119/><U38/><E32/><V96/><F18/><W130/><G68/><T17/><D2/><U104/><E104/><V16/><F16/><W30/><G41/><T1/><D1/><U109/><E0/><V101/><F61/><W35/><G5/><T91/><D126/><U125/><E94/><N who="2" m="56391" /><F90/><W28/><G35/><T12/><D48/><U24/><E24/><V3/><F53/><W6/><G6/><T121/><D121/><U59/><E62/><V135/><F3/><W114/><G34/><T84/><D31/><U26/><E26/><V117/><F117/><W44/><G114/><T72/><REACH who="0" step="1"/><D37/><REACH who="0" ten="240,250,250,250" step="2"/><U100/><E125/><V10/><F10/><W36/><G36/><T45/><D45/><U131/><E47/><V60/><F60/><W55/><G113/><T70/><AGARI ba="0,1" hai="12,17,23,63,67,70,72,74,76,83,84,91,95,98" machi="70" ten="20,7800,0" yaku="1,1,0,1,7,1,53,1" doraHai="71" doraHaiUra="64" who="0" fromWho="0" sc="240,88,250,-26,250,-26,250,-26" /><INIT seed="0,1,0,3,3,63" ten="328,224,224,224" oya="0" hai0="107,112,132,57,49,128,53,87,108,44,120,135,105" hai1="25,104,94,5,90,65,62,99,16,114,100,121,36" hai2="134,113,117,17,32,124,80,51,98,67,50,60,59" hai3="102,96,97,116,93,38,15,4,37,42,84,45,3"/><T123/><D87/><U21/><E121/><N who="0" m="46665" /><D105/><U131/><E131/><V20/><F32/><W122/><G122/><T66/><D107/><U30/><E114/><V19/><F113/><W40/><G116/><T69/><D112/><U48/><E36/><V75/><F117/><W6/><G3/><T29/><D128/><U76/><E76/><V9/><F134/><N who="0" m="51242" /><D29/><U2/><E48/><V7/><F124/><W106/><G84/><T56/><D108/><U12/><E2/><V115/><F98/><W71/><G71/><T31/><D31/><U118/><E118/><V95/><F95/><W92/><G106/><T78/><D78/><U41/><E41/><V54/><F51/><W109/><G109/><T129/><D129/><U130/><E130/><V8/><F19/><W1/><G1/><T39/><D39/><U73/><E73/><V27/><F7/><W0/><G0/><T125/><D125/><U26/><E5/><V72/><F115/><W83/><G83/><T77/><D77/><U35/><E104/><V10/><REACH who="2" step="1"/><F80/><REACH who="2" ten="328,224,214,224" step="2"/><W47/><REACH who="3" step="1"/><G15/><REACH who="3" ten="328,224,214,214" step="2"/><T103/><D103/><AGARI ba="1,2" hai="4,6,37,38,40,42,45,47,92,93,96,97,102,103" machi="103" ten="30,12000,2" yaku="1,1,2,1,7,1,32,3,53,0" doraHai="63" doraHaiUra="11" who="3" fromWho="0" sc="328,-123,224,0,214,0,214,143" /><INIT seed="1,0,0,3,4,109" ten="205,224,214,357" oya="1" hai0="103,80,79,30,47,14,13,37,101,1,34,98,134" hai1="132,19,71,49,75,76,58,66,85,12,124,46,5" hai2="81,122,65,118,112,135,28,86,115,15,100,70,67" hai3="133,78,117,22,104,83,4,52,24,31,74,108,29"/><U16/><E124/><V18/><F118/><W48/><G108/><T54/><D1/><U110/><E75/><V6/><F122/><W35/><G117/><T17/><D134/><U89/><E132/><V131/><F135/><W7/><G133/><T91/><D91/><U77/><E71/><V107/><F6/><W82/><G104/><T60/><D13/><U94/><E110/><V57/><F28/><W99/><G99/><T90/><D90/><U33/><E33/><V116/><F131/><W10/><G83/><T128/><D128/><U53/><E5/><V62/><F116/><W0/><G4/><T26/><D60/><N who="1" m="38167" /><E19/><V42/><F42/><W3/><G29/><T11/><D98/><U55/><E55/><V129/><F129/><W50/><G50/><T92/><D92/><U45/><E45/><V40/><F40/><W84/><G74/><T72/><D37/><U41/><E41/><V25/><F25/><W102/><G102/><T123/><D123/><U87/><E85/><V69/><F100/><W95/><G95/><T59/><REACH who="0" step="1"/><D47/><REACH who="0" ten="195,224,214,357" step="2"/><U111/><E111/><V106/><F106/><W44/><REACH who="3" step="1"/><G0/><REACH who="3" ten="195,224,214,347" step="2"/><T73/><D73/><U36/><E36/><V121/><F107/><W113/><G113/><N who="2" m="43593" /><F121/><W119/><G119/><T51/><AGARI ba="0,2" hai="11,14,17,26,30,34,51,54,59,72,79,80,101,103" machi="51" ten="20,2700,0" yaku="1,1,0,1,7,1,53,0" doraHai="109" doraHaiUra="32" who="0" fromWho="0" sc="195,47,224,-13,214,-7,347,-7" /><INIT seed="2,0,0,0,2,16" ten="242,211,207,340" oya="2" hai0="121,126,11,79,64,54,62,81,88,46,128,80,96" hai1="57,99,73,51,34,13,127,131,72,89,9,52,37" hai2="114,76,67,94,7,109,6,29,90,119,108,77,30" hai3="124,12,59,22,0,97,91,20,35,49,107,58,1"/><V42/><F114/><W93/><G35/><T104/><D121/><U125/><E34/><V19/><F119/><W103/><G124/><N who="1" m="47690" /><E37/><V92/><F67/><W23/><G12/><T36/><D126/><U101/><E89/><V85/><F42/><W48/><G1/><T18/><D128/><U45/><E45/><V43/><F43/><W61/><G0/><T26/><D36/><U17/><E131/><V69/><F69/><W47/><G47/><T112/><D112/><U115/><E115/><V130/><F19/><W2/><G2/><T87/><D104/><AGARI ba="0,0" hai="9,13,17,51,52,57,72,73,99,101,104" m="47690" machi="104" ten="30,2000,0" yaku="18,1,54,1" doraHai="16" who="1" fromWho="0" sc="242,-20,211,20,207,0,340,0" /><INIT seed="3,0,0,4,5,53" ten="222,231,207,340" oya="3" hai0="34,114,37,17,14,9,25,30,7,8,104,24,112" hai1="13,95,60,130,26,31,39,120,105,68,122,133,44" hai2="27,18,19,54,22,59,119,47,74,129,43,21,3" hai3="88,62,5,117,124,135,81,87,92,109,116,132,58"/><W100/><G5/><N who="0" m="3343" /><D37/><U126/><E105/><V72/><F3/><W12/><G12/><N who="0" m="5183" /><D104/><U28/><E13/><V63/><F129/><W33/><G33/><T134/><D134/><N who="3" m="51241" /><G124/><T49/><D49/><U32/><E130/><V84/><F84/><N who="3" m="52231" /><G100/><T131/><D131/><U1/><E1/><V115/><F115/><N who="0" m="44074" /><D24/><U111/><E126/><V51/><REACH who="2" step="1"/><F119/><REACH who="2" ten="222,231,197,340" step="2"/><W11/><G116/><T103/><D103/><U97/><E133/><V42/><F42/><W101/><G117/><T70/><D70/><U6/><E68/><V48/><F48/><W41/><G101/><T91/><D91/><U89/><E39/><V113/><F113/><W77/><G41/><T121/><D17/><U38/><E89/><V36/><F36/><W78/><G78/><T102/><D102/><U16/><E38/><V10/><F10/><W82/><G11/><T55/><D55/><U96/><E16/><V50/><F50/><W2/><G2/><T4/><D4/><U35/><E6/><V125/><F125/><W73/><G87/><T65/><D65/><U67/><E67/><V98/><F98/><W93/><G77/><T29/><D29/><U57/><E97/><V46/><F46/><W79/><G79/><T85/><D85/><U94/><E44/><V64/><F64/><W76/><G76/><T71/><D71/><U40/><E40/><V80/><F80/><W128/><G128/><T108/><D108/><U52/><E111/><V83/><F83/><W75/><G109/><T56/><D56/><U123/><E96/><V99/><F99/><W15/><G82/><T106/><D106/><RYUUKYOKU ba="0,1" sc="222,10,231,10,197,10,340,-30" hai0="25,30,34,121" hai1="26,28,31,32,35,52,57,60,94,95,120,122,123" hai2="18,19,21,22,27,43,47,51,54,59,63,72,74" /><INIT seed="4,1,1,3,4,128" ten="232,241,207,310" oya="0" hai0="38,85,3,75,5,15,55,9,68,101,132,21,25" hai1="113,126,100,47,112,6,1,125,78,106,87,80,32" hai2="26,39,36,40,28,35,103,12,13,51,14,119,81" hai3="11,52,95,107,84,129,34,89,115,49,83,91,23"/><T4/><D75/><U22/><E32/><V74/><F119/><W27/><G129/><T124/><D68/><U37/><E22/><V79/><REACH who="2" step="1"/><F103/><REACH who="2" ten="232,241,197,310" step="2"/><W133/><G115/><N who="1" m="44106" /><E100/><V61/><F61/><W120/><G120/><T41/><D101/><U53/><E106/><V29/><F29/><W69/><G69/><T73/><D124/><U118/><E118/><V0/><F0/><W48/><G107/><T67/><D3/><U58/><E1/><V102/><F102/><W127/><G127/><T109/><D109/><U131/><E131/><V86/><F86/><W97/><G84/><T76/><D85/><U104/><E104/><V63/><F63/><W94/><G97/><T93/><D73/><U110/><E110/><V20/><F20/><W16/><G23/><T71/><D21/><U123/><E123/><V42/><F42/><W90/><G34/><T24/><D41/><N who="1" m="22959" /><E6/><V99/><F99/><W117/><G117/><T130/><D4/><U18/><E18/><V17/><F17/><W56/><G16/><T30/><D5/><U98/><E98/><V121/><F121/><W111/><G111/><T108/><D108/><U31/><E31/><V33/><F33/><W44/><G11/><T135/><D30/><U88/><E126/><V122/><F122/><W64/><G27/><T77/><D24/><U114/><E125/><V43/><F43/><W116/><G116/><T8/><D25/><U46/><E114/><V7/><F7/><W70/><G70/><T82/><D8/><U65/><E87/><V72/><F72/><W50/><G83/><T54/><D9/><RYUUKYOKU ba="1,2" sc="232,-10,241,-10,197,30,310,-10" hai2="12,13,14,26,28,35,36,39,40,51,74,79,81" /><INIT seed="5,2,2,0,4,71" ten="222,231,227,300" oya="1" hai0="5,118,93,47,78,121,17,22,108,90,100,69,16" hai1="36,119,11,106,70,57,18,7,35,127,104,55,45" hai2="56,9,62,41,120,72,25,42,122,111,43,48,54" hai3="124,95,23,98,88,96,97,12,27,28,92,32,38"/><U112/><E119/><V126/><F72/><W79/><G124/><T116/><D108/><U44/><E70/><V128/><F9/><W89/><G79/><T34/><D34/><U14/><E127/><V134/><F25/><W131/><G131/><T110/><D110/><U109/><E109/><V26/><F26/><W123/><G123/><T107/><D121/><N who="2" m="46698" /><F111/><W130/><G130/><T29/><D69/><U87/><E35/><V65/><F126/><W68/><G68/><T46/><D5/><U58/><E112/><V53/><F128/><W39/><G98/><T51/><D78/><U6/><E87/><V66/><F134/><W125/><G125/><T33/><D33/><U49/><E6/><V24/><F24/><W61/><G61/><T94/><D107/><U82/><E82/><V102/><F102/><W74/><G74/><T133/><D133/><U91/><E91/><V113/><F113/><W4/><G4/><T101/><D118/><U37/><E7/><V84/><F84/><W132/><G132/><T73/><D73/><U135/><E135/><V8/><F8/><W1/><G1/><T21/><D116/><U60/><E104/><V129/><F129/><W19/><AGARI ba="2,2" hai="12,19,23,27,28,32,38,39,88,89,92,95,96,97" machi="19" ten="30,8000,1" yaku="0,1,9,1,52,2,54,1" doraHai="71" who="3" fromWho="3" sc="222,-22,231,-42,227,-22,300,106" /><INIT seed="6,0,0,4,2,26" ten="200,189,205,406" oya="2" hai0="127,93,108,67,58,62,8,112,85,92,78,86,21" hai1="133,100,28,123,75,6,74,121,2,110,54,88,79" hai2="14,52,45,65,122,32,73,71,103,12,3,23,89" hai3="19,16,82,104,118,87,132,107,1,20,111,95,117"/><V51/><F32/><W105/><G111/><T70/><D108/><U38/><E110/><V22/><F3/><W46/><G132/><T56/><D112/><U31/><E133/><V35/><F35/><W9/><G95/><T29/><D127/><U66/><E100/><V96/><F73/><W98/><G98/><T4/><D70/><U115/><E115/><V59/><F71/><W130/><G130/><T15/><D56/><U24/><E66/><V83/><F83/><W25/><G46/><T0/><D0/><U27/><E38/><V125/><F89/><W60/><G60/><T124/><D124/><U90/><E54/><V30/><F122/><N who="1" m="46601" /><E6/><V91/><F91/><N who="1" m="34857" /><E2/><V106/><F125/><W80/><G1/><T39/><D39/><U101/><E101/><V126/><F23/><W53/><G53/><T116/><D116/><U68/><E68/><V109/><F109/><W128/><G128/><T114/><D114/><U113/><E113/><V81/><F81/><W5/><G5/><T134/><D134/><U129/><E129/><V40/><F65/><W47/><G82/><N who="0" m="47319" /><D86/><U64/><E64/><V48/><REACH who="2" step="1"/><F126/><REACH who="2" ten="200,189,195,406" step="2"/><W49/><G80/><T44/><D44/><U94/><E79/><V77/><F77/><W135/><G135/><T7/><D7/><U34/><E94/><V13/><F13/><N who="3" m="7215" /><G87/><T11/><D8/><U42/><E42/><V55/><F55/><N who="3" m="30143" /><G118/><T63/><D63/><U102/><E102/><V37/><F37/><W50/><G117/><T69/><D69/><U57/><E57/><V131/><F131/><W33/><G33/><AGARI ba="0,1" hai="24,27,28,31,33,34,74,75" m="34857,46601" machi="33" ten="30,7700,0" yaku="13,1,52,2,54,1" doraHai="26" who="1" fromWho="3" sc="200,0,189,87,195,0,406,-77" /><INIT seed="7,0,0,0,3,33" ten="200,276,195,329" oya="3" hai0="15,40,111,9,66,93,55,28,104,100,73,68,2" hai1="30,77,5,91,121,90,84,113,35,50,21,43,125" hai2="46,114,19,14,41,8,80,36,42,0,97,58,74" hai3="13,53,67,37,69,127,26,31,4,105,124,92,38"/><W56/><G105/><T129/><D104/><U18/><E121/><V44/><F114/><W49/><G92/><T16/><D73/><U72/><E72/><V130/><F130/><W59/><G69/><T25/><D111/><U128/><E128/><V20/><F58/><W70/><G70/><T71/><D129/><U61/><E125/><N who="3" m="48202" /><G13/><T54/><D40/><U57/><E35/><V65/><F65/><W123/><G4/><T34/><D2/><U109/><E30/><V87/><F97/><W63/><G123/><T95/><D71/><U10/><E113/><V131/><F74/><W48/><G49/><T76/><D76/><U47/><E77/><V134/><F134/><W64/><G64/><T119/><D119/><U118/><E109/><V3/><F8/><W12/><G12/><T96/><D93/><U79/><E79/><V17/><F17/><W132/><G132/><T89/><D89/><U116/><E10/><V75/><F75/><W1/><G1/><T11/><D11/><U117/><E5/><V24/><F14/><W82/><G82/><T103/><D103/><U22/><E18/><V108/><F108/><W110/><G110/><T62/><AGARI ba="0,0" hai="9,15,16,25,28,34,54,55,62,66,68,95,96,100" machi="62" ten="30,2000,0" yaku="0,1,54,1" doraHai="33" who="0" fromWho="0" sc="200,20,276,-5,195,-5,329,-10" owari="220,-18.0,271,7.1,190,-31.0,319,41.9" /></mjloggm>