<mjloggm ver="2.3"><GO type="169" lobby="0"/><UN n0="%58%E7%8C%AB" n1="%41%2E%53%74%61%72%73" n2="%E3%81%B5%E3%81%9F%E3%81%97%E3%81%8A" n3="%73%61%6B%6F%EF%BC%A0%E6%9C%80" dan="16,16,16,16" rate="2046.34,2053.71,2058.59,2154.27" sx="M,M,M,M"/><TAIKYOKU oya="0"/><INIT seed="0,0,0,3,4,71" ten="250,250,250,250" oya="0" hai0="57,106,1,108,126,84,5,125,56,121,114,104,102" hai1="107,115,59,101,6,29,134,89,21,15,39,123,66" hai2="10,83,32,48,86,72,74,43,14,52,95,3,68" hai3="110,53,44,119,41,133,58,82,47,81,37,100,62"/><T129/><D121/><U11/><E123/><V97/><F68/><W112/><G119/><T7/><D114/><U12/><E115/><V105/><F32/><W40/><G112/><T34/><D34/><U131/><E131/><V79/><F105/><N who="0" m="40554" /><D102/><U116/><E116/><V124/><F3/><W122/><G122/><T31/><D31/><U46/><E134/><V87/><F43/><W96/><G110/><T117/><D117/><U118/><E118/><V26/><F26/><W4/><G4/><N who="0" m="1611" /><D84/><U63/><E89/><V130/><F130/><W75/><G75/><T99/><D129/><U111/><E111/><V78/><F124/><N who="0" m="47722" /><D108/><U2/><E101/><V38/><F74/><W55/><G133/><T54/><D99/><U77/><E107/><V65/><F72/><W16/><G16/><T19/><D19/><U25/><E77/><V8/><F86/><W103/><G103/><T9/><D54/><U42/><AGARI ba="0,0" hai="2,6,11,12,15,21,25,29,39,42,46,59,63,66" machi="42" ten="30,2000,0" yaku="0,1,52,1" doraHai="71" who="1" fromWho="1" sc="250,-10,250,20,250,-5,250,-5" /><INIT seed="1,0,0,2,4,93" ten="240,270,245,245" oya="1" hai0="67,36,19,109,90,45,126,110,71,99,75,72,79" hai1="33,103,78,7,57,3,121,50,122,134,74,63,43" hai2="62,15,51,102,46,39,2,12,133,105,70,59,114" hai3="111,116,127,108,64,91,4,48,14,83,87,89,22"/><U49/><E33/><V27/><F2/><W97/><G64/><T55/><D126/><U115/><E115/><V26/><F114/><W125/><G48/><N who="0" m="29071" /><D36/><U25/><E134/><V8/><F133/><W65/><G65/><T118/><D118/><U42/><E25/><V16/><F70/><W54/><G54/><T23/><D79/><U76/><E103/><V29/><F39/><W129/><G4/><T47/><D47/><U61/><E7/><V120/><F120/><W135/><G135/><T10/><D10/><U84/><E84/><V9/><F102/><W18/><G129/><T69/><D69/><U17/><E17/><V98/><F98/><W94/><REACH who="3" step="1"/><G116/><REACH who="3" ten="240,270,245,235" step="2"/><T88/><D67/><U131/><E131/><V107/><F29/><W86/><G86/><T44/><D71/><U81/><E3/><V6/><F62/><W82/><G82/><T130/><D44/><U100/><E81/><V68/><F68/><W95/><G95/><N who="0" m="56807" /><D130/><U80/><E80/><V41/><REACH who="2" step="1"/><F59/><REACH who="2" ten="240,270,235,235" step="2"/><W73/><G73/><T30/><D30/><U106/><E74/><V53/><F53/><W0/><G0/><T113/><D113/><U96/><E57/><V58/><F58/><W112/><G112/><T40/><D75/><U32/><E122/><V101/><F101/><W66/><G66/><T20/><D72/><U92/><E121/><V119/><F119/><W34/><G34/><T21/><D40/><U11/><E43/><V52/><F52/><W124/><AGARI ba="0,2" hai="14,18,22,83,87,89,91,94,97,108,111,124,125,127" machi="124" ten="40,12000,2" yaku="1,1,0,1,18,1,52,1,53,2" doraHai="93" doraHaiUra="85" who="3" fromWho="3" sc="240,-30,270,-60,235,-30,235,140" /><INIT seed="2,0,0,1,0,92" ten="210,210,205,375" oya="2" hai0="26,110,72,49,124,129,1,40,87,62,123,24,74" hai1="61,12,135,82,81,25,132,69,64,22,4,63,93" hai2="79,38,103,30,2,8,33,59,109,47,35,118,57" hai3="117,39,113,34,46,37,7,119,86,48,85,50,45"/><V100/><F118/><W104/><G104/><T122/><D123/><U31/><E63/><V91/><F79/><W134/><G34/><T15/><D122/><U66/><E66/><V20/><F2/><W51/><G134/><N who="1" m="51242" /><E93/><V11/><F47/><W21/><G21/><T67/><D1/><U43/><E43/><V58/><F20/><W121/><G121/><T131/><D87/><U23/><E23/><V65/><F58/><W102/><G102/><T14/><D49/><U13/><E4/><V94/><F94/><W36/><G7/><T95/><D40/><U114/><E114/><V106/><F91/><W54/><G113/><T128/><D95/><U80/><AGARI ba="0,0" hai="12,13,22,25,31,61,64,69,80,81,82" m="51242" machi="80" ten="30,1100,0" yaku="20,1" doraHai="92" who="1" fromWho="1" sc="210,-3,210,11,205,-5,375,-3" /><INIT seed="3,0,0,3,5,41" ten="207,221,200,372" oya="3" hai0="67,16,18,36,117,127,17,99,34,12,120,20,32" hai1="45,73,57,98,116,59,43,6,46,50,100,133,0" hai2="48,94,42,62,107,5,3,85,25,115,74,121,131" hai3="66,27,119,81,13,87,51,88,15,2,129,9,79"/><W56/><G119/><T69/><D120/><U58/><E116/><V8/><F115/><W47/><G129/><T4/><D117/><U68/><E133/><V72/><F107/><W110/><G110/><T54/><D36/><U96/><E68/><V86/><F131/><W53/><G2/><T22/><D99/><U61/><E73/><V126/><F126/><W130/><G130/><T28/><D54/><U97/><E0/><V112/><F112/><W90/><G27/><N who="0" m="16487" /><D67/><U108/><E6/><V14/><F121/><W29/><G29/><T70/><D70/><U65/><E108/><V21/><F3/><W93/><G90/><T71/><D71/><U52/><REACH who="1" step="1"/><E100/><REACH who="1" ten="207,211,200,372" step="2"/><V38/><F74/><W24/><G24/><N who="0" m="14407" /><D69/><U95/><E95/><V10/><F94/><W31/><G31/><T113/><D113/><U84/><E84/><V60/><F72/><W33/><G33/><N who="0" m="12907" /><D127/><U114/><E114/><V135/><F85/><W37/><G87/><T77/><D77/><U104/><E104/><V92/><F86/><W102/><G79/><T23/><D23/><U128/><E128/><V106/><F106/><W39/><G102/><T64/><D64/><U30/><E30/><V109/><F92/><W55/><G93/><T123/><D123/><U83/><E83/><V40/><F21/><W101/><G81/><T134/><D134/><U82/><E82/><V125/><F135/><W7/><G101/><T111/><D111/><U19/><E19/><V103/><F109/><W63/><G88/><T89/><D89/><U80/><E80/><V11/><F103/><W49/><G7/><RYUUKYOKU ba="0,1" sc="207,15,211,15,200,-15,372,-15" hai0="4,12,17,18" hai1="43,45,46,50,52,57,58,59,61,65,96,97,98" /><INIT seed="4,1,1,3,0,4" ten="222,226,185,357" oya="0" hai0="118,79,41,94,122,67,8,77,117,80,64,115,22" hai1="68,37,128,123,43,32,102,59,99,105,3,53,66" hai2="104,86,133,69,52,73,71,89,112,103,57,124,25" hai3="65,121,131,108,21,85,16,18,58,88,76,74,10"/><T91/><D122/><U1/><E123/><V93/><F73/><W97/><G121/><T98/><D115/><U126/><E126/><V62/><F124/><W42/><G108/><T48/><D79/><U6/><E128/><V63/><F112/><W110/><G110/><T35/><D35/><U127/><E127/><V38/><F38/><W116/><G116/><T129/><D129/><U24/><E37/><V5/><F133/><W46/><G131/><T33/><D33/><U134/><E43/><V132/><F132/><W40/><G74/><T31/><D118/><U101/><E134/><V14/><F25/><W47/><G65/><T15/><D117/><U54/><E102/><V70/><F103/><W83/><G58/><T19/><D41/><N who="3" m="15977" /><G21/><T82/><D48/><U49/><E54/><V13/><F104/><W114/><G114/><T56/><D56/><U26/><E6/><V72/><F72/><W45/><G10/><T34/><D34/><U51/><E51/><V27/><F27/><W61/><G61/><T113/><D113/><U95/><E26/><V111/><F111/><W90/><G97/><T36/><D36/><U39/><E39/><V107/><F107/><W30/><G30/><T50/><D50/><U2/><E2/><V119/><F119/><W20/><G18/><N who="0" m="8551" /><D31/><N who="1" m="19559" /><E95/><V29/><F29/><W87/><G87/><N who="0" m="48527" /><D82/><U17/><E17/><V75/><F75/><W135/><G135/><T23/><D23/><U11/><E11/><N who="2" m="4335" /><F14/><AGARI ba="1,1" hai="14,16,20,45,46,47,76,83,85,88,90" m="15977" machi="14" ten="30,3900,0" yaku="8,1,54,2" doraHai="4" who="3" fromWho="2" sc="222,0,226,0,185,-42,357,52" /><AGARI ba="1,0" hai="14,19,22,64,67,91,94,98" m="48527,8551" machi="14" ten="30,2900,0" yaku="8,1,52,1" doraHai="4" who="0" fromWho="2" sc="222,29,226,0,143,-29,409,0" /><INIT seed="4,2,0,2,4,59" ten="251,226,114,409" oya="0" hai0="0,11,62,126,86,131,24,1,92,3,29,128,73" hai1="106,122,93,65,83,57,113,58,118,27,61,75,111" hai2="120,134,100,91,16,48,112,40,9,15,26,99,98" hai3="84,125,55,31,129,116,7,51,97,135,109,56,53"/><T133/><D73/><U4/><E111/><V45/><F120/><W5/><G109/><T130/><D133/><U21/><E122/><V34/><F134/><W88/><G135/><T18/><D126/><U132/><E132/><V101/><F112/><W43/><G116/><T38/><D38/><U89/><E118/><V12/><F34/><W85/><G125/><T64/><D86/><N who="3" m="33385" /><G31/><T22/><D92/><U23/><E106/><V108/><F108/><W94/><G43/><T82/><D82/><U90/><E113/><V105/><F91/><W77/><G77/><T104/><D104/><U20/><E4/><V2/><F2/><W54/><G129/><T107/><D107/><U10/><E10/><N who="2" m="6167" /><F26/><W110/><G110/><T32/><D32/><U6/><E6/><AGARI ba="2,0" hai="5,6,7,51,53,54,55,56,88,94,97" m="33385" machi="6" ten="30,2000,0" yaku="8,1,54,1" doraHai="59" who="3" fromWho="1" sc="251,0,226,-26,114,0,409,26" /><INIT seed="5,0,0,5,3,48" ten="251,200,114,435" oya="1" hai0="111,74,103,108,9,22,135,44,56,106,95,89,67" hai1="3,41,121,91,35,2,13,120,70,105,59,61,62" hai2="134,34,128,85,130,18,115,102,6,127,98,94,78" hai3="76,58,83,81,49,123,11,27,0,80,37,32,60"/><U30/><E105/><V38/><F34/><W93/><G123/><T118/><D118/><U126/><E126/><V53/><F38/><W82/><G37/><T23/><D74/><U5/><E70/><V19/><F127/><W73/><G49/><T114/><D44/><U50/><E13/><V29/><F29/><W24/><G93/><T16/><D9/><U129/><E129/><V26/><F6/><W14/><G0/><T92/><D106/><U90/><E30/><V45/><F134/><W100/><G100/><T112/><D135/><U57/><E35/><V124/><F26/><W96/><G96/><T25/><D23/><U66/><E50/><N who="2" m="28879" /><F124/><W10/><G32/><T4/><D4/><U55/><E5/><V110/><F110/><W88/><G88/><T69/><D69/><U40/><REACH who="1" step="1"/><E55/><REACH who="1" ten="251,190,114,435" step="2"/><V12/><F12/><W79/><G14/><T31/><D31/><U68/><E68/><V71/><F71/><W21/><G27/><T113/><D108/><U97/><E97/><V122/><F130/><W52/><REACH who="3" step="1"/><G79/><REACH who="3" ten="251,190,114,425" step="2"/><T107/><D111/><U87/><E87/><V1/><F85/><W133/><G133/><T119/><D119/><U36/><E36/><V28/><F78/><W75/><G75/><T101/><D107/><U132/><E132/><V51/><F98/><W86/><G86/><T43/><D113/><U116/><E116/><V131/><F115/><W117/><G117/><T54/><D114/><U125/><E125/><V42/><F131/><W84/><G84/><T8/><D112/><U20/><E20/><V33/><F128/><W46/><G46/><RYUUKYOKU ba="0,2" sc="251,-15,190,15,114,-15,425,15" hai1="2,3,40,41,57,59,61,62,66,90,91,120,121" hai3="10,11,21,24,52,58,60,73,76,80,81,82,83" /><INIT seed="5,1,2,3,1,126" ten="236,205,99,440" oya="1" hai0="21,1,89,118,49,58,79,20,19,43,9,63,0" hai1="26,99,61,91,29,65,55,25,100,13,33,87,52" hai2="39,88,75,73,31,102,62,28,133,27,7,121,84" hai3="124,119,5,108,12,83,17,106,40,130,15,82,111"/><U109/><E109/><V113/><F121/><W67/><G106/><T30/><D118/><U120/><E120/><V115/><F39/><W3/><G67/><T22/><D79/><U122/><E122/><V23/><F102/><W51/><G119/><T103/><D103/><U37/><E37/><V72/><F7/><W4/><G124/><T93/><D30/><U117/><E117/><V105/><F105/><W14/><G3/><T128/><D43/><U80/><E13/><V2/><F2/><W46/><G130/><T123/><D49/><U66/><E26/><V6/><F6/><N who="3" m="2667" /><G111/><T104/><D104/><U44/><E44/><V71/><F31/><W134/><G134/><T54/><D123/><U86/><E86/><V53/><F133/><W94/><G108/><T64/><D64/><U16/><E16/><V112/><F53/><W69/><G69/><T125/><D125/><U45/><E45/><V114/><F62/><W131/><G131/><T35/><D35/><U57/><REACH who="1" step="1"/><E66/><REACH who="1" ten="236,195,99,440" step="2"/><V8/><F115/><W56/><G17/><T135/><D135/><U36/><E36/><V74/><F73/><W90/><G56/><T11/><D128/><U95/><AGARI ba="1,3" hai="25,29,33,52,55,57,61,65,80,87,91,95,99,100" machi="95" ten="20,7800,0" yaku="1,1,0,1,7,1,54,1,53,0" doraHai="126" doraHaiUra="34" who="1" fromWho="1" sc="236,-27,195,111,99,-27,440,-27" /><INIT seed="5,2,0,0,0,23" ten="209,306,72,413" oya="1" hai0="93,101,92,118,44,15,35,21,79,94,112,113,106" hai1="68,56,109,71,115,80,116,37,45,96,18,4,60" hai2="29,105,128,88,129,30,90,65,127,81,121,78,95" hai3="0,64,69,62,19,130,27,49,16,5,117,135,12"/><U107/><E116/><V66/><F105/><W99/><G117/><T40/><D35/><U57/><E115/><N who="0" m="44105" /><D118/><U91/><E109/><V97/><F90/><W33/><G0/><T10/><D79/><U125/><E125/><V42/><F42/><W13/><G130/><N who="2" m="50281" /><F127/><W53/><G135/><T86/><D21/><U89/><E4/><V110/><F121/><W8/><G99/><N who="0" m="61759" /><D86/><U134/><E134/><V120/><F120/><W28/><G13/><T31/><D31/><N who="2" m="11786" /><F110/><W43/><REACH who="3" step="1"/><G43/><REACH who="3" ten="209,306,72,403" step="2"/><T11/><D15/><U74/><E96/><V6/><F6/><W22/><G22/><T87/><D87/><AGARI ba="2,1" hai="65,66,78,81,87,88,95,97" m="11786,50281" machi="87" ten="30,2000,0" yaku="19,1,54,1" doraHai="23" who="2" fromWho="0" sc="209,-26,306,0,72,36,403,0" /><INIT seed="6,0,0,1,0,65" ten="183,306,108,403" oya="2" hai0="50,48,99,19,1,36,31,0,81,74,101,35,108" hai1="72,133,69,111,64,6,70,103,75,98,104,9,79" hai2="116,77,86,55,118,97,90,46,93,59,124,121,113" hai3="8,12,51,112,53,95,41,134,125,76,42,27,96"/><V20/><F121/><W15/><G125/><T73/><D50/><U24/><E111/><V2/><F2/><N who="0" m="1130" /><D48/><U58/><E133/><V61/><F124/><W21/><G112/><T56/><D56/><U71/><E24/><V3/><F3/><W120/><G120/><T13/><D13/><U39/><E9/><V68/><F113/><W135/><G76/><N who="0" m="44175" /><D19/><U66/><E6/><V109/><F109/><W17/><G15/><T115/><D108/><U33/><E33/><V123/><F123/><W117/><G117/><T126/><D115/><U14/><E14/><V45/><F20/><W44/><G135/><T102/><D102/><U130/><E130/><V43/><F118/><W25/><G25/><N who="0" m="18927" /><D126/><U28/><E28/><V5/><F5/><W94/><G134/><T32/><D32/><U80/><E72/><V30/><F30/><W107/><G107/><N who="0" m="63935" /><D74/><U85/><E75/><V106/><F116/><W11/><G11/><T52/><D52/><U29/><E29/><V88/><F77/><W100/><REACH who="3" step="1"/><G94/><REACH who="3" ten="183,306,108,393" step="2"/><T7/><D7/><AGARI ba="0,1" hai="7,8,12,17,21,27,41,42,44,51,53,95,96,100" machi="7" ten="30,7700,0" yaku="1,1,2,1,7,1,8,1,53,0" doraHai="65" doraHaiUra="119" who="3" fromWho="0" sc="183,-77,306,0,108,0,393,87" /><INIT seed="7,0,0,4,1,103" ten="106,306,108,480" oya="3" hai0="20,113,29,135,24,33,126,37,97,121,31,13,128" hai1="63,66,75,58,8,7,72,90,50,71,93,129,14" hai2="115,48,22,96,19,124,38,95,119,87,44,104,43" hai3="16,91,76,84,120,35,39,70,68,47,4,112,131"/><W82/><G35/><N who="0" m="20903" /><D121/><U83/><E129/><V6/><F119/><W52/><G112/><T86/><D37/><U36/><E36/><V92/><F6/><W67/><G4/><T57/><D86/><U130/><E130/><V80/><F115/><W3/><G82/><T118/><D57/><U54/><E83/><V23/><F124/><W45/><G16/><N who="0" m="10255" /><D97/><AGARI ba="0,0" hai="7,8,14,50,54,58,63,66,71,72,75,90,93,97" machi="97" ten="30,1000,0" yaku="7,1" doraHai="103" who="1" fromWho="0" sc="106,-10,306,10,108,0,480,0" owari="96,-40.4,316,11.6,108,-29.2,480,58.0" /></mjloggm>