<mjloggm ver="2.3"><GO type="169" lobby="0"/><UN n0="%E3%81%A1%E3%82%83%E3%82%8B%E3%82%81%E3%82%89" n1="%E5%B2%A9%E4%B8%8A%E9%80%9A%E3%82%8A" n2="%6F%79%6D%32%30%4E%4F%56" n3="%E3%81%99%E3%81%91%E3%81%B4%E3%82%87%E3%82%93" dan="17,16,16,16" rate="2215.74,2132.86,2150.50,2102.69" sx="M,M,M,M"/><TAIKYOKU oya="0"/><INIT seed="0,0,0,2,3,98" ten="250,250,250,250" oya="0" hai0="19,66,32,90,70,97,125,2,96,52,82,87,92" hai1="81,18,132,130,22,103,65,95,111,91,133,27,13" hai2="78,34,41,35,11,47,128,107,10,129,44,68,124" hai3="115,112,15,72,36,53,117,48,29,4,40,56,80"/><T85/><D2/><U3/><E3/><V64/><F107/><W45/><G117/><T39/><D32/><N who="2" m="12330" /><F78/><W83/><G29/><T116/><D116/><U118/><E118/><V0/><F124/><W9/><REACH who="3" step="1"/><G72/><REACH who="3" ten="250,250,250,240" step="2"/><T63/><D125/><U17/><E130/><V134/><F129/><W99/><G99/><T55/><D39/><U67/><E111/><V73/><F73/><W119/><G119/><T50/><D19/><U102/><E133/><V28/><F28/><W127/><G127/><T79/><REACH who="0" step="1"/><D55/><REACH who="0" ten="240,250,250,240" step="2"/><U75/><E132/><V33/><F134/><W24/><G24/><T60/><D60/><U8/><E75/><V89/><F128/><W109/><G109/><T20/><D20/><U57/><E18/><V69/><F33/><W104/><G104/><T5/><D5/><U59/><E8/><V12/><F11/><W110/><G110/><T16/><D16/><U122/><E122/><V106/><F106/><W121/><G121/><T62/><D62/><U126/><E27/><V135/><F135/><W93/><G93/><T31/><D31/><U26/><E26/><V58/><F10/><W131/><G131/><T25/><D25/><U38/><E38/><V49/><F0/><W108/><G108/><T101/><D101/><N who="1" m="38411" /><E126/><V100/><F100/><W61/><G61/><T88/><D88/><U42/><E95/><V7/><F89/><W77/><G77/><T71/><D71/><U6/><E6/><V23/><F69/><W37/><G37/><T76/><D76/><U114/><E17/><N who="2" m="10663" /><F68/><W113/><AGARI ba="0,2" hai="4,9,15,36,40,45,48,53,56,80,83,112,113,115" machi="113" ten="30,2000,0" yaku="1,1,0,1,53,0" doraHai="98" doraHaiUra="14" who="3" fromWho="3" sc="240,-10,250,-5,250,-5,240,40" /><INIT seed="1,0,0,4,5,128" ten="230,245,245,280" oya="1" hai0="44,133,78,81,58,132,74,109,14,104,57,8,103" hai1="56,117,69,37,49,45,99,105,55,121,131,9,71" hai2="124,66,108,107,22,32,83,87,63,53,16,102,59" hai3="65,106,125,1,19,110,89,31,46,51,94,67,95"/><U12/><E121/><V73/><F108/><W33/><G106/><T10/><D109/><U62/><E117/><V93/><F124/><W115/><G1/><T50/><D104/><U13/><E131/><V118/><F32/><W40/><G125/><T91/><D103/><U24/><E24/><V75/><F107/><W84/><G115/><T72/><D91/><U114/><E114/><V15/><F118/><W116/><G110/><T79/><D14/><U113/><E113/><V20/><F20/><W120/><G120/><T127/><D127/><U47/><E47/><V21/><F21/><W5/><G5/><T76/><D81/><U42/><E13/><V112/><F112/><W77/><G19/><T6/><D44/><U3/><E3/><V129/><F129/><W135/><G116/><T60/><D50/><U54/><E54/><V0/><F0/><W88/><G77/><T2/><D10/><U85/><E37/><V4/><F4/><W101/><G101/><T111/><D111/><U7/><REACH who="1" step="1"/><E85/><REACH who="1" ten="230,235,245,280" step="2"/><V23/><F53/><W61/><G46/><T123/><D123/><U27/><E27/><V86/><F87/><W35/><G84/><T29/><D29/><U134/><E134/><N who="0" m="51817" /><D60/><U11/><E11/><N who="2" m="6271" /><F86/><W130/><G135/><T80/><D80/><U64/><E64/><V119/><F83/><W30/><G130/><T34/><D34/><U17/><E17/><V122/><F119/><W48/><G61/><T38/><D38/><U68/><E68/><V41/><F122/><W97/><G35/><T82/><D82/><U39/><E39/><V126/><F126/><RYUUKYOKU ba="0,1" sc="230,15,235,15,245,-15,280,-15" hai0="2,6,8,57,58,72,74,76,78,79" hai1="7,9,12,42,45,49,55,56,62,69,71,99,105" /><INIT seed="1,1,1,3,2,38" ten="245,250,230,265" oya="1" hai0="80,111,39,87,24,65,132,75,47,106,91,32,102" hai1="117,25,10,107,90,2,77,3,4,94,16,6,61" hai2="60,83,34,98,110,73,78,57,23,9,22,0,41" hai3="70,36,50,121,71,79,31,95,30,84,37,29,8"/><U129/><E107/><V40/><F34/><W100/><G121/><T59/><D111/><U125/><E117/><V15/><F110/><W67/><G8/><T42/><D132/><U85/><E125/><V11/><F98/><W35/><G35/><T134/><D134/><U69/><E129/><V86/><F73/><W116/><G116/><T101/><D75/><U18/><E77/><V43/><F0/><W74/><G74/><T33/><D33/><U127/><E127/><V99/><F99/><W131/><G131/><T92/><D106/><U48/><E69/><V58/><F9/><W133/><G133/><T115/><D115/><U53/><E61/><V45/><F45/><W119/><G119/><T1/><D1/><U14/><E3/><V44/><F44/><W104/><G104/><T76/><D76/><U130/><E130/><V96/><F96/><W54/><G100/><T128/><D80/><U122/><E122/><V103/><F103/><W17/><G17/><T64/><D128/><U124/><E124/><V46/><F46/><W63/><G71/><T109/><D109/><U113/><E113/><V114/><F58/><W89/><G79/><T13/><D13/><U51/><E2/><V68/><F68/><W118/><G118/><T135/><D135/><U28/><E28/><V105/><F105/><W81/><G81/><T7/><D7/><N who="1" m="2603" /><E53/><N who="2" m="33839" /><F114/><W126/><G126/><T88/><D91/><U82/><E82/><V97/><F97/><W52/><G54/><T27/><D32/><U112/><E112/><V20/><F20/><AGARI ba="1,1" hai="10,14,16,18,20,25,48,51,85,90,94" m="2603" machi="20" ten="30,2900,0" yaku="8,1,54,1" doraHai="38" who="1" fromWho="2" sc="245,0,250,42,230,-32,265,0" /><INIT seed="1,2,0,5,3,38" ten="245,292,198,265" oya="1" hai0="108,28,48,111,110,117,60,1,23,80,42,65,127" hai1="92,97,57,103,106,17,24,100,21,134,91,3,78" hai2="59,126,89,121,105,53,132,30,36,61,62,113,35" hai3="119,93,68,8,9,10,56,104,44,46,51,47,39"/><U98/><E134/><V64/><F121/><W85/><G68/><T63/><D1/><U87/><E3/><V83/><F36/><W81/><G104/><T130/><D117/><U4/><E4/><V96/><F126/><W73/><G119/><T84/><D127/><U12/><E78/><V19/><F19/><W43/><G73/><T69/><D130/><U77/><E77/><V118/><F118/><W79/><G93/><T34/><D34/><U26/><REACH who="1" step="1"/><E57/><REACH who="1" ten="245,282,198,265" step="2"/><N who="2" m="34991" /><F132/><W52/><AGARI ba="2,1" hai="8,9,10,39,43,44,46,47,51,52,56,79,81,85" machi="52" ten="30,4000,0" yaku="0,1,52,1,54,1" doraHai="38" who="3" fromWho="3" sc="245,-12,282,-22,198,-12,265,56" /><INIT seed="2,0,0,3,3,8" ten="233,260,186,321" oya="2" hai0="76,66,124,99,42,18,34,46,89,24,37,0,45" hai1="57,10,128,41,85,63,13,102,6,73,14,81,39" hai2="131,71,114,22,112,60,2,28,9,48,44,40,125" hai3="23,52,56,98,135,77,74,130,121,21,64,75,27"/><V69/><F125/><W88/><G121/><T53/><D0/><U32/><E32/><V36/><F131/><W90/><G130/><T20/><D124/><U96/><E128/><V50/><F50/><W35/><G135/><T82/><D66/><U65/><E73/><V61/><F61/><W117/><G117/><T110/><D110/><U58/><E41/><V126/><F126/><W118/><G118/><T115/><D115/><U29/><E29/><V19/><F36/><W111/><G64/><T67/><D67/><U100/><E39/><V105/><F105/><W86/><G111/><T104/><D34/><U113/><E113/><V106/><F106/><W33/><G98/><T54/><D46/><U7/><E58/><V5/><F28/><W70/><G70/><T83/><D83/><U55/><E96/><V122/><F122/><W31/><G35/><T30/><D30/><U4/><E65/><V25/><REACH who="2" step="1"/><F60/><REACH who="2" ten="233,260,176,321" step="2"/><W97/><G31/><T12/><D104/><U72/><E72/><V120/><F120/><W11/><G74/><T62/><D62/><U92/><E92/><V17/><F17/><W87/><G75/><T94/><REACH who="0" step="1"/><D24/><REACH who="0" ten="223,260,176,321" step="2"/><U91/><E7/><V129/><F129/><W1/><G27/><T107/><D107/><U101/><REACH who="1" step="1"/><E6/><REACH who="1" ten="223,250,176,321" step="2"/><V127/><F127/><W108/><G33/><T116/><D116/><U38/><E38/><V47/><F47/><W59/><G108/><T109/><D109/><U133/><E133/><V79/><F79/><W93/><G77/><T123/><D123/><U78/><E78/><V103/><F103/><W84/><G90/><RYUUKYOKU ba="0,3" sc="223,10,250,10,176,10,321,-30" hai0="12,18,20,37,42,45,53,54,76,82,89,94,99" hai1="4,10,13,14,55,57,63,81,85,91,100,101,102" hai2="2,5,9,19,22,25,40,44,48,69,71,112,114" /><INIT seed="2,1,3,1,1,39" ten="233,260,186,291" oya="2" hai0="73,69,83,92,74,118,109,123,120,25,117,45,4" hai1="85,2,22,44,103,66,104,111,29,63,38,125,3" hai2="61,107,126,93,90,58,56,8,132,0,55,72,106" hai3="11,75,48,52,13,14,15,32,18,131,129,110,41"/><V133/><F72/><N who="0" m="27754" /><D69/><U21/><E85/><V37/><F37/><W124/><G75/><T102/><D4/><U60/><E103/><V81/><F81/><W86/><G32/><T70/><D70/><U67/><E104/><V43/><F43/><W9/><G124/><T65/><D65/><U89/><E89/><V116/><F116/><N who="0" m="44650" /><D25/><U10/><E38/><V82/><F82/><W16/><G110/><T30/><D30/><U77/><E44/><V96/><F126/><W99/><G86/><T50/><D83/><U95/><E29/><V49/><F8/><W46/><G15/><T78/><D78/><U35/><E10/><V26/><F26/><W128/><G99/><N who="0" m="59751" /><D109/><U5/><E5/><V71/><F71/><W23/><G23/><T34/><D34/><U7/><E7/><V33/><F0/><W6/><G6/><T84/><D84/><U80/><E80/><V108/><F33/><W59/><G128/><T36/><D36/><AGARI ba="1,3" hai="9,11,13,14,16,18,36,41,46,48,52,59,129,131" machi="36" ten="40,8000,1" yaku="9,1,52,1,54,2" doraHai="39" who="3" fromWho="0" sc="233,-83,260,0,186,0,291,113" /><INIT seed="3,0,0,4,0,77" ten="150,260,186,404" oya="3" hai0="78,122,19,121,112,109,37,94,62,108,12,29,32" hai1="60,123,80,41,48,120,5,33,57,130,133,0,28" hai2="93,98,45,44,26,83,111,86,91,18,20,59,46" hai3="124,35,8,30,79,72,4,76,70,53,61,100,96"/><W116/><G116/><T66/><D37/><U92/><E130/><V126/><F126/><W117/><G117/><T2/><D2/><U49/><E133/><V58/><REACH who="2" step="1"/><F111/><REACH who="2" ten="150,260,176,404" step="2"/><W9/><G124/><T134/><D134/><U113/><E123/><V125/><F125/><W110/><G110/><T14/><D109/><U39/><E120/><V31/><F31/><W82/><G30/><T15/><D108/><U13/><E113/><V7/><F7/><W71/><G4/><T65/><D112/><U40/><E5/><V135/><F135/><W36/><G72/><T51/><D122/><U75/><E28/><V81/><F81/><W102/><G82/><T88/><D121/><U74/><E80/><V114/><F114/><W99/><G76/><AGARI ba="0,1" hai="18,20,26,44,45,46,58,59,76,83,86,91,93,98" machi="76" ten="40,12000,2" yaku="1,1,8,1,52,1,53,3" doraHai="77" doraHaiUra="43" who="2" fromWho="3" sc="150,0,260,0,176,130,404,-120" /><INIT seed="4,0,0,1,5,20" ten="150,260,306,284" oya="0" hai0="71,49,48,60,116,78,117,104,76,133,61,129,70" hai1="55,127,105,56,90,101,54,109,112,114,107,5,125" hai2="69,4,1,10,22,41,45,0,29,57,2,38,26" hai3="96,131,31,86,75,34,108,82,115,32,33,52,111"/><T62/><D104/><N who="1" m="40011" /><E109/><V83/><F69/><N who="0" m="26122" /><D78/><U8/><E101/><V65/><REACH who="2" step="1"/><F83/><REACH who="2" ten="150,260,296,284" step="2"/><W89/><G82/><T74/><D74/><U130/><E130/><V123/><F123/><W113/><G75/><T15/><D76/><U3/><E90/><V68/><F68/><W43/><G89/><T12/><D129/><U7/><E127/><V21/><F21/><W6/><G131/><T67/><D67/><U30/><E125/><V37/><F37/><W25/><G108/><T36/><D36/><U128/><E128/><V88/><F88/><W99/><G111/><T64/><D64/><U106/><E114/><V132/><F132/><W119/><G113/><T120/><D120/><U91/><E91/><V93/><F93/><W100/><G115/><T121/><D121/><U97/><E106/><V72/><F72/><W135/><G135/><T134/><D134/><U73/><E73/><V87/><F87/><W13/><G86/><T98/><D133/><U118/><E112/><V44/><F44/><W47/><G47/><T27/><D98/><U35/><E97/><V50/><F50/><W16/><G96/><T81/><D81/><U39/><E39/><V80/><F80/><W9/><G99/><T102/><D102/><U14/><E56/><V124/><F124/><W95/><G100/><T11/><D49/><U42/><E35/><V85/><F85/><W46/><G34/><T122/><D48/><U103/><E103/><V63/><AGARI ba="0,1" hai="0,1,2,4,10,22,26,29,38,41,45,57,63,65" machi="63" ten="30,4000,0" yaku="1,1,0,1,52,1,53,0" doraHai="20" doraHaiUra="94" who="2" fromWho="2" sc="150,-20,260,-10,296,50,284,-10" /><INIT seed="5,0,0,3,4,86" ten="130,250,346,274" oya="1" hai0="48,19,33,135,77,56,44,122,28,129,23,42,36" hai1="3,84,112,15,120,103,126,76,32,92,31,113,128" hai2="71,17,62,109,41,78,89,7,127,116,131,1,70" hai3="125,69,123,110,11,98,45,16,64,49,57,82,102"/><U85/><E3/><V5/><F109/><W40/><G110/><T88/><D129/><U53/><E32/><V21/><F116/><W43/><G123/><T75/><D122/><U52/><E31/><V39/><F78/><W13/><G125/><T130/><D130/><U93/><E120/><V94/><F39/><W34/><G34/><T14/><D135/><U54/><E128/><V61/><F41/><W121/><G121/><T50/><D77/><U29/><E29/><V65/><F127/><W73/><G69/><T10/><D75/><U63/><E126/><V79/><F79/><W0/><G0/><T24/><D56/><U37/><E37/><V91/><F94/><W9/><G73/><T67/><D67/><U119/><E119/><V18/><F131/><W22/><G82/><T90/><D36/><U111/><E15/><V134/><F1/><W124/><G43/><T114/><D114/><U8/><E8/><V20/><REACH who="2" step="1"/><F65/><REACH who="2" ten="130,250,336,274" step="2"/><W4/><G124/><T51/><D42/><U27/><E111/><V108/><F108/><W72/><G72/><T74/><D74/><U118/><E118/><V100/><F100/><W107/><G4/><T132/><D132/><AGARI ba="0,1" hai="5,7,17,18,20,21,61,62,70,71,89,91,132,134" machi="132" ten="25,8000,1" yaku="1,1,22,2,52,2,53,0" doraHai="86" doraHaiUra="30" who="2" fromWho="0" sc="130,-80,250,0,336,90,274,0" /><INIT seed="6,0,0,0,0,40" ten="50,250,426,274" oya="2" hai0="23,97,115,126,109,120,49,69,121,88,58,112,79" hai1="102,125,101,3,93,124,64,132,35,6,44,56,108" hai2="50,80,22,68,46,131,90,29,133,41,70,74,118" hai3="103,63,8,134,2,71,34,7,30,130,42,62,98"/><V81/><F118/><W77/><G130/><T128/><D69/><U113/><E6/><V119/><F119/><W39/><G134/><T135/><D135/><U57/><E3/><V10/><F133/><W104/><G77/><T17/><D128/><U61/><E35/><V107/><F107/><W73/><G73/><T55/><D79/><U1/><E1/><V117/><F117/><W27/><G63/><T110/><D126/><U16/><E108/><V122/><F122/><W48/><G48/><T13/><D110/><U15/><E113/><V0/><F80/><W105/><G105/><T9/><D109/><U38/><E57/><V33/><F22/><W52/><G52/><T129/><D129/><U96/><E102/><V11/><F11/><W51/><G51/><T127/><D127/><U43/><REACH who="1" step="1"/><E132/><REACH who="1" ten="50,240,426,274" step="2"/><V14/><F0/><W85/><G71/><T31/><D121/><U123/><E123/><V114/><F114/><W5/><G5/><T116/><D116/><U26/><E26/><V24/><F68/><W99/><G27/><T25/><REACH who="0" step="1"/><D120/><REACH who="0" ten="40,240,426,274" step="2"/><U87/><E87/><N who="2" m="50543" /><F70/><W100/><G85/><T75/><D75/><U89/><E89/><V95/><F74/><W84/><G84/><T54/><D54/><U76/><E76/><V92/><F131/><W91/><G91/><T19/><D19/><U32/><E32/><V111/><F111/><W18/><G18/><T45/><D45/><U82/><E82/><V94/><F46/><W72/><G72/><T106/><D106/><U86/><E86/><V78/><F33/><W66/><G34/><T60/><D60/><RYUUKYOKU ba="0,2" sc="40,15,240,15,426,-15,274,-15" hai0="9,13,17,23,25,31,49,55,58,88,97,112,115" hai1="15,16,38,43,44,56,61,64,93,96,101,124,125" /><INIT seed="7,1,2,1,4,41" ten="55,255,411,259" oya="3" hai0="20,103,2,13,92,84,111,21,6,131,71,63,114" hai1="129,97,91,34,19,28,39,134,87,88,106,122,58" hai2="94,46,74,75,66,1,48,25,85,10,104,101,69" hai3="36,126,60,132,67,3,79,59,135,115,105,24,35"/><W82/><G36/><T120/><D120/><U107/><E39/><V127/><F85/><W130/><G3/><T68/><D68/><U113/><E28/><V44/><F94/><W65/><G105/><T110/><D110/><U14/><E34/><V15/><F48/><W124/><G115/><T31/><D31/><U45/><E122/><V18/><F66/><W16/><G67/><T133/><D133/><N who="3" m="51273" /><G35/><T99/><D99/><U49/><E113/><V83/><F69/><W123/><G123/><T108/><D108/><U9/><E58/><V12/><F75/><N who="3" m="43391" /><G130/><T109/><D109/><U100/><E129/><V86/><F74/><W8/><G8/><T125/><D125/><U54/><E134/><V4/><F1/><W93/><G93/><T57/><D57/><U42/><E91/><V5/><F104/><W26/><G26/><T80/><D80/><N who="1" m="49255" /><E107/><V40/><F101/><W77/><G77/><T89/><D89/><U37/><E37/><V0/><F25/><W112/><G112/><T96/><D96/><U7/><E7/><V51/><F127/><W29/><G29/><T98/><D98/><U121/><E121/><V47/><F0/><W52/><G65/><T22/><D22/><AGARI ba="1,2" hai="16,22,24,52,59,60,124,126" m="43391,51273" machi="22" ten="30,5800,0" yaku="20,1,54,2" doraHai="41" who="3" fromWho="0" sc="55,-61,255,0,411,0,259,81" owari="-6,-50.6,255,-14.5,411,51.1,340,14.0" /></mjloggm>