<mjloggm ver="2.3"><GO type="169" lobby="0"/><UN n0="%41%6C%6C%2D%4C%75%63%6B" n1="%48%65%69%68%65%69%30%35" n2="%E3%83%A9%E3%83%A0%E3%83%9E%E3%82%B8%E5%A4%A9%E4%BD%BF" n3="%70%6F%72%66%65%76%72%65" dan="16,16,17,16" rate="2127.08,2042.45,2129.72,2153.16" sx="M,M,M,M"/><TAIKYOKU oya="0"/><INIT seed="0,0,0,0,1,25" ten="250,250,250,250" oya="0" hai0="45,134,47,116,4,94,111,128,65,38,119,7,9" hai1="64,110,132,127,99,14,29,8,54,30,43,42,82" hai2="114,95,121,10,81,55,129,133,66,26,21,53,130" hai3="59,80,98,104,97,107,103,76,71,46,16,131,12"/><T24/><D134/><U58/><E110/><V117/><F121/><W73/><G71/><T5/><D128/><N who="2" m="49258" /><F114/><W6/><G131/><T122/><D122/><U52/><E132/><V70/><F133/><W68/><G68/><T90/><D65/><U83/><E99/><V125/><F125/><W61/><G6/><T72/><D72/><U105/><E105/><V123/><F123/><W62/><G46/><T41/><D111/><U74/><E64/><V96/><F81/><N who="1" m="30729" /><E74/><V135/><F10/><W27/><G27/><T17/><D47/><U75/><E75/><V78/><F78/><W126/><G126/><T2/><D2/><U100/><E100/><N who="2" m="60447" /><F117/><W124/><G124/><T18/><D9/><U56/><E127/><V85/><F85/><W109/><G109/><T1/><D1/><U35/><E35/><V48/><F48/><W51/><G51/><T89/><D89/><U49/><E42/><V11/><F11/><W28/><G98/><T69/><D69/><U34/><E34/><V36/><F36/><W87/><G73/><T33/><D33/><U50/><E43/><V60/><F135/><W102/><G102/><T13/><D90/><U93/><E93/><V37/><F37/><W77/><G76/><T91/><D91/><U79/><E79/><V84/><F84/><W39/><G39/><T113/><D94/><U20/><E20/><V63/><F63/><W101/><G62/><T32/><D113/><U15/><E8/><V92/><F92/><W112/><G104/><T108/><D108/><U19/><E19/><AGARI ba="0,0" hai="19,21,26,53,55,60,66,70" m="60447,49258" machi="19" ten="30,1000,0" yaku="19,1" doraHai="25" who="2" fromWho="1" sc="250,0,250,-10,250,10,250,0" /><INIT seed="1,0,0,5,0,24" ten="250,240,260,250" oya="1" hai0="22,103,25,58,28,15,0,88,119,117,18,55,110" hai1="5,56,29,57,77,82,3,14,70,4,72,60,125" hai2="92,40,84,112,42,38,81,43,16,127,64,30,121" hai3="32,67,51,35,10,44,108,118,135,120,134,19,78"/><U8/><E125/><V59/><F121/><W23/><G120/><T101/><D0/><U73/><E73/><V54/><F127/><W74/><G108/><T85/><D110/><U37/><E37/><V53/><F112/><W26/><G67/><T129/><D129/><U83/><E83/><V45/><F92/><W104/><G104/><T93/><D119/><U33/><E4/><V1/><F1/><W95/><G95/><T80/><D80/><U90/><E90/><V105/><F105/><W47/><G47/><T130/><D130/><U98/><E14/><V133/><F133/><N who="3" m="50699" /><G78/><T9/><D117/><U132/><E132/><V96/><F96/><W61/><G61/><AGARI ba="0,0" hai="9,15,18,22,25,28,55,58,61,85,88,93,101,103" machi="61" ten="30,7700,0" yaku="7,1,8,1,52,1,54,1" doraHai="24" who="0" fromWho="3" sc="250,77,240,0,260,0,250,-77" /><INIT seed="2,0,0,3,5,87" ten="327,240,260,173" oya="2" hai0="119,67,128,49,20,30,36,81,78,31,51,72,22" hai1="18,23,38,40,104,113,130,12,39,43,53,34,82" hai2="4,54,66,3,63,71,89,80,108,132,94,15,57" hai3="77,125,2,1,103,131,75,46,11,127,124,110,55"/><V118/><F118/><W92/><G110/><T69/><D36/><U111/><E113/><V115/><F115/><W101/><G131/><T98/><D128/><U122/><E130/><V105/><F105/><W99/><G11/><T107/><D20/><U8/><E104/><V90/><F108/><W68/><G68/><T133/><D133/><U5/><E122/><V47/><F132/><W102/><G55/><T48/><D119/><U58/><E34/><V73/><F3/><W44/><G2/><T0/><D0/><U59/><E59/><V135/><F135/><W134/><G1/><T83/><D83/><U21/><E21/><V86/><F73/><W65/><G65/><T88/><D107/><U129/><E129/><V14/><F4/><W114/><G114/><T29/><D67/><U45/><E82/><V60/><REACH who="2" step="1"/><F47/><REACH who="2" ten="327,240,250,173" step="2"/><N who="3" m="17963" /><G134/><T84/><D72/><U28/><E5/><V33/><F33/><W6/><G6/><T56/><D69/><U24/><E111/><V96/><AGARI ba="0,1" hai="14,15,54,57,60,63,66,71,80,86,89,90,94,96" machi="96" ten="20,18000,2" yaku="1,1,0,1,7,1,52,2,53,1" doraHai="87" doraHaiUra="93" who="2" fromWho="2" sc="327,-60,240,-60,250,190,173,-60" /><INIT seed="2,1,0,5,3,93" ten="267,180,440,113" oya="2" hai0="22,9,109,40,5,69,112,30,36,110,11,37,31" hai1="46,44,113,63,26,60,121,35,99,21,94,50,45" hai2="12,86,135,65,102,74,134,6,98,57,8,73,51" hai3="80,64,27,132,116,130,52,18,125,84,71,120,61"/><V95/><F86/><W58/><G125/><T3/><D69/><U0/><E113/><V117/><F117/><W24/><G132/><N who="2" m="50729" /><F51/><W111/><G111/><N who="0" m="42507" /><D112/><U83/><E35/><V104/><F104/><W39/><G130/><T54/><D54/><U77/><E0/><V59/><F65/><W126/><G126/><T1/><D40/><U19/><E121/><V68/><F68/><W81/><G120/><T108/><N who="0" m="42515" /><T87/><DORA hai="72" /><D87/><N who="1" m="48623" /><E50/><V16/><F6/><W128/><G128/><T56/><D56/><AGARI ba="1,0" hai="8,12,16,56,57,59,73,74,95,98,102" m="50729" machi="56" ten="30,5800,0" yaku="20,1,52,1,54,1" doraHai="93,72" who="2" fromWho="0" sc="267,-61,180,0,440,61,113,0" /><INIT seed="2,2,0,2,2,68" ten="206,180,501,113" oya="2" hai0="88,77,73,105,8,119,22,29,122,28,91,44,125" hai1="3,71,27,56,123,21,61,90,1,117,107,99,83" hai2="97,63,31,67,115,127,33,95,92,5,96,54,23" hai3="85,58,114,39,37,35,118,52,121,65,40,0,17"/><V57/><F115/><W113/><G121/><T86/><D122/><U132/><E117/><V104/><F127/><W116/><G35/><T2/><D105/><U18/><E71/><V126/><F126/><W38/><G0/><T55/><D119/><N who="3" m="45609" /><G40/><T74/><D77/><U32/><E32/><V53/><F33/><W16/><G85/><T20/><D2/><U94/><E132/><V108/><F108/><W13/><G65/><T111/><D125/><U50/><E123/><V19/><F31/><W4/><G4/><T59/><D44/><U25/><E25/><N who="2" m="14591" /><F5/><W102/><G13/><T48/><D8/><U109/><E109/><V49/><F104/><W10/><G10/><T64/><D64/><U42/><E107/><V43/><F43/><W81/><G81/><T112/><D112/><N who="3" m="43113" /><G102/><T66/><D66/><U98/><E83/><V69/><F69/><W79/><G79/><T41/><D41/><U45/><REACH who="1" step="1"/><E98/><REACH who="1" ten="206,170,501,113" step="2"/><N who="2" m="37995" /><F67/><AGARI ba="2,1" hai="1,3,18,21,27,42,45,50,56,61,67,90,94,99" machi="67" ten="30,2000,0" yaku="1,1,7,1,53,0" doraHai="68" doraHaiUra="124" who="1" fromWho="2" sc="206,0,170,36,501,-26,113,0" /><INIT seed="3,0,0,1,1,19" ten="206,206,475,113" oya="3" hai0="53,23,132,15,50,93,39,14,51,80,44,22,6" hai1="135,36,54,31,68,119,69,81,4,20,91,43,110" hai2="118,58,62,134,116,55,88,67,89,40,122,106,84" hai3="92,83,107,60,76,34,105,48,73,113,109,95,8"/><W10/><G34/><T100/><D39/><U59/><E110/><V63/><F134/><W2/><G113/><T70/><D70/><U102/><E135/><V11/><F106/><W49/><G109/><T5/><D132/><U27/><E102/><V74/><F74/><W72/><G60/><T96/><D80/><U9/><E119/><V3/><F122/><W97/><G83/><T37/><D37/><U64/><E64/><V0/><F40/><W56/><G56/><T77/><D77/><U78/><E91/><V30/><F30/><W117/><G97/><T128/><D128/><U87/><E43/><V13/><F89/><W86/><G86/><T114/><D114/><U18/><E31/><V121/><F121/><W28/><G28/><T41/><D14/><U52/><E54/><V111/><F111/><W33/><G33/><T38/><D38/><U101/><E101/><V24/><F24/><W94/><G94/><T125/><D125/><U16/><E18/><V29/><F29/><W35/><G35/><T112/><D112/><U26/><E26/><V82/><F0/><W129/><G2/><T46/><D15/><U71/><E36/><V12/><F3/><W32/><G32/><T104/><D104/><U65/><E65/><V124/><F13/><W115/><G115/><T120/><D120/><U133/><E133/><V98/><F124/><W57/><G57/><T103/><D103/><U7/><REACH who="1" step="1"/><E9/><REACH who="1" ten="206,196,475,113" step="2"/><V123/><F123/><W127/><G127/><T79/><D79/><U17/><E17/><V1/><F118/><W85/><G117/><T75/><D75/><RYUUKYOKU ba="0,1" sc="206,15,196,15,475,-15,113,-15" hai0="5,6,22,23,41,44,46,50,51,53,93,96,100" hai1="4,7,16,20,27,52,59,68,69,71,78,81,87" /><INIT seed="4,1,1,1,0,133" ten="221,211,460,98" oya="0" hai0="17,49,40,127,70,81,102,77,74,10,9,106,95" hai1="66,58,87,3,26,83,80,86,35,128,105,92,72" hai2="55,28,117,37,1,84,18,114,69,53,48,115,97" hai3="113,39,54,78,6,34,89,103,30,93,90,12,119"/><T130/><D70/><U45/><E3/><V43/><F1/><W8/><G119/><T67/><D106/><U0/><E0/><V32/><F69/><W101/><G113/><T42/><D130/><U76/><E105/><V59/><F18/><W108/><G108/><T94/><D67/><U118/><E118/><V24/><F117/><W63/><G39/><T20/><D127/><U88/><E128/><V85/><F97/><W36/><G36/><T124/><D124/><U52/><E66/><V129/><F129/><W135/><G135/><T104/><D104/><U134/><E45/><N who="2" m="23791" /><F55/><W21/><G34/><T100/><D49/><U31/><E134/><V65/><F65/><W122/><G122/><T79/><D81/><U98/><REACH who="1" step="1"/><E80/><REACH who="1" ten="221,201,460,98" step="2"/><V51/><F51/><AGARI ba="1,2" hai="26,31,35,51,52,58,72,76,83,86,87,88,92,98" machi="51" ten="30,8000,1" yaku="1,1,2,1,7,1,54,2,53,0" doraHai="133" doraHaiUra="11" who="1" fromWho="2" sc="221,0,201,103,460,-83,98,0" /><INIT seed="5,0,0,5,3,74" ten="221,304,377,98" oya="1" hai0="36,25,73,12,124,134,55,31,0,14,56,114,5" hai1="105,33,20,63,127,59,102,41,48,88,54,87,78" hai2="27,117,104,39,75,68,89,47,107,90,6,85,131" hai3="49,45,76,72,133,93,13,94,32,60,91,19,21"/><U125/><E33/><V97/><F68/><W50/><G32/><T42/><D124/><N who="1" m="47691" /><E105/><V110/><F110/><W108/><G133/><T101/><D134/><U18/><E102/><V16/><F6/><W130/><G130/><T92/><D73/><U83/><E41/><V98/><F117/><W15/><G108/><T37/><D114/><U62/><E62/><V126/><F126/><W100/><G60/><T113/><D0/><U30/><E30/><V61/><F61/><W79/><G72/><T17/><D5/><U29/><E29/><V8/><F75/><W7/><G100/><T71/><D71/><U121/><E63/><V4/><F104/><W95/><G91/><T106/><D113/><U84/><E121/><V51/><F107/><W70/><G70/><T22/><D106/><U82/><E20/><N who="2" m="13703" /><F39/><W64/><G64/><T35/><D42/><U116/><E18/><V86/><F131/><W118/><G118/><AGARI ba="0,0" hai="48,54,59,78,82,83,84,87,88,116,118" m="47691" machi="118" ten="30,5800,0" yaku="18,1,52,1,54,1" doraHai="74" who="1" fromWho="3" sc="221,0,304,58,377,0,98,-58" /><INIT seed="5,1,0,3,1,135" ten="221,362,377,40" oya="1" hai0="125,47,110,81,46,128,83,87,74,73,99,114,41" hai1="102,23,84,97,28,122,26,66,96,80,127,34,115" hai2="121,68,24,120,7,35,124,45,59,90,119,53,133" hai3="113,37,49,43,15,21,89,105,126,38,118,64,82"/><U20/><E122/><V33/><F119/><W78/><G105/><T111/><D114/><U108/><E108/><V5/><F68/><W117/><G113/><T93/><D41/><U25/><E115/><V106/><F106/><W130/><G64/><T30/><D30/><U79/><E34/><V55/><F133/><W75/><G89/><T48/><D48/><U32/><E32/><V36/><F90/><W103/><G103/><T58/><D58/><U71/><E102/><V60/><F24/><W61/><G61/><T77/><D128/><U123/><E123/><V51/><F36/><W3/><G3/><T1/><D1/><U29/><REACH who="1" step="1"/><E127/><REACH who="1" ten="221,352,377,40" step="2"/><V27/><F124/><W67/><G126/><T6/><D125/><U94/><E94/><V109/><F109/><W9/><G130/><T2/><D93/><U88/><E88/><V129/><F129/><W132/><G132/><T0/><D110/><U100/><E100/><V76/><F35/><W31/><G117/><T72/><D111/><U56/><E56/><V57/><F57/><W18/><G118/><T65/><D77/><U104/><E104/><V50/><F76/><W134/><G134/><T13/><D81/><U39/><E39/><V12/><F121/><W131/><G131/><T92/><D83/><U101/><E101/><V85/><F120/><W63/><G38/><T19/><D92/><U98/><E98/><V44/><F59/><N who="3" m="37375" /><G37/><T62/><D99/><U116/><E116/><V22/><F33/><W4/><G49/><T112/><D112/><U69/><E69/><V42/><F51/><W107/><G107/><RYUUKYOKU ba="1,1" sc="221,-10,352,30,377,-10,40,-10" hai1="20,23,25,26,28,29,66,71,79,80,84,96,97" /><INIT seed="5,2,1,5,1,86" ten="211,382,367,30" oya="1" hai0="83,7,128,57,73,105,131,98,2,56,72,112,97" hai1="133,77,87,18,59,104,43,99,106,54,51,61,117" hai2="31,24,30,69,4,132,121,96,9,118,19,37,8" hai3="89,10,55,74,103,68,123,88,60,94,20,58,53"/><U101/><E117/><V38/><F118/><W29/><G74/><N who="0" m="28779" /><D2/><U81/><E133/><V11/><F69/><W92/><G68/><T23/><D7/><U3/><E3/><V13/><F121/><W84/><G123/><T12/><D12/><U91/><E18/><V114/><F38/><W107/><G107/><T66/><D23/><U109/><E109/><V122/><F37/><W40/><G103/><N who="0" m="62703" /><D66/><U130/><E130/><N who="0" m="49705" /><D112/><U108/><E108/><V102/><F114/><W35/><G35/><T49/><D83/><U95/><E43/><V0/><F122/><W36/><G10/><T79/><D79/><U34/><E34/><V76/><F76/><W110/><G110/><T80/><D80/><U21/><E21/><V64/><F64/><W67/><G36/><T15/><D15/><U111/><E111/><V62/><F62/><W90/><G40/><T65/><D65/><U125/><E61/><V116/><F116/><W5/><G5/><T52/><D98/><U63/><E63/><V42/><F42/><W27/><G89/><T16/><D57/><U82/><E82/><V46/><F11/><W129/><G129/><T22/><D22/><U71/><E71/><V17/><F17/><AGARI ba="2,1" hai="16,17,49,52,56" m="49705,62703,28779" machi="17" ten="30,3900,0" yaku="19,1,54,2" doraHai="86" who="0" fromWho="2" sc="211,55,382,0,367,-45,30,0" /><INIT seed="6,0,0,3,5,4" ten="266,382,322,30" oya="2" hai0="14,58,116,76,86,113,104,63,120,1,53,41,112" hai1="65,91,111,36,31,62,80,21,35,55,52,81,107" hai2="126,5,6,75,132,130,102,9,43,128,78,12,54" hai3="18,94,24,49,45,2,108,127,51,129,70,84,13"/><V27/><F43/><W28/><G108/><T56/><D1/><U119/><E111/><V135/><F102/><W134/><G70/><T79/><D104/><U33/><E36/><V121/><F121/><W123/><G123/><T44/><D120/><U15/><E107/><V83/><F54/><W73/><G73/><T7/><D116/><U59/><E33/><V3/><F27/><W74/><G74/><T34/><D34/><U103/><E103/><V17/><F5/><W118/><G118/><T26/><D26/><N who="1" m="16847" /><E35/><V16/><F17/><W66/><G2/><T20/><D58/><U30/><E30/><V68/><F68/><W8/><G127/><T100/><D100/><U19/><E119/><V109/><F109/><W85/><G134/><N who="2" m="51241" /><F126/><W105/><G105/><T57/><D57/><U71/><E71/><V90/><F90/><W39/><G129/><T110/><D110/><U77/><E77/><V37/><F37/><W89/><G66/><T11/><D20/><AGARI ba="0,0" hai="3,6,9,12,16,20,75,78,83,128,130" m="51241" machi="20" ten="30,5800,0" yaku="20,1,52,1,54,1" doraHai="4" who="2" fromWho="0" sc="266,-58,382,0,322,58,30,0" /><INIT seed="6,1,0,1,5,54" ten="208,382,380,30" oya="2" hai0="72,33,1,14,133,122,41,21,60,7,92,16,121" hai1="69,97,44,56,93,71,25,120,78,135,108,129,9" hai2="75,119,115,89,81,127,103,29,62,4,76,8,100" hai3="116,130,53,79,94,10,125,86,88,124,24,5,77"/><V3/><F119/><W39/><G116/><T61/><D72/><U102/><E108/><V132/><F115/><W74/><G39/><T38/><D133/><U18/><E135/><V87/><F132/><W42/><G42/><T128/><D128/><U48/><E129/><V51/><F127/><W6/><G130/><T107/><D107/><U91/><E78/><V64/><F29/><W63/><G24/><T22/><D38/><U123/><E102/><V68/><REACH who="2" step="1"/><F51/><REACH who="2" ten="208,382,370,30" step="2"/><W131/><G131/><T40/><D121/><U28/><E120/><V106/><F106/><W112/><G112/><T30/><D122/><U126/><E126/><N who="3" m="48746" /><G74/><T65/><D30/><U98/><E123/><V85/><F85/><W118/><G118/><T96/><D96/><U52/><E97/><V35/><F35/><W13/><G6/><T11/><D33/><U43/><E18/><V70/><F70/><W2/><G2/><T46/><D1/><U23/><E9/><V59/><F59/><AGARI ba="1,1" hai="5,10,13,53,59,63,77,79,86,88,94" m="48746" machi="59" ten="30,3900,0" yaku="18,1,52,1,54,1" doraHai="54" who="3" fromWho="2" sc="208,0,382,0,370,-42,30,52" /><INIT seed="7,0,0,5,3,70" ten="208,382,328,82" oya="3" hai0="115,128,22,60,117,46,62,4,48,54,91,21,134" hai1="79,52,12,75,107,108,102,103,3,71,68,42,39" hai2="61,86,24,11,67,118,38,81,8,25,9,47,104" hai3="83,56,23,116,37,40,100,133,82,49,73,27,15"/><W123/><G123/><T96/><D117/><U95/><E108/><V111/><F111/><W66/><G116/><T74/><D128/><U28/><E28/><V69/><F118/><W65/><G100/><T131/><D74/><U88/><E3/><V76/><REACH who="2" step="1"/><F104/><REACH who="2" ten="208,382,318,82" step="2"/><W16/><G133/><T20/><D134/><U126/><E107/><V94/><F94/><W72/><G73/><T18/><D115/><U63/><E75/><V98/><F98/><W113/><G113/><T44/><D96/><U36/><E126/><V114/><F114/><W87/><G72/><T132/><D132/><U120/><E120/><V93/><F93/><W19/><G37/><T89/><D131/><U129/><E129/><V78/><F78/><N who="3" m="46551" /><G83/><T5/><D89/><U7/><E79/><V10/><N who="2" m="2048" /><DORA hai="57" /><V26/><F26/><W58/><G27/><T51/><D91/><U85/><E102/><V1/><F1/><W6/><G6/><N who="0" m="2667" /><D18/><U124/><E124/><V35/><F35/><W30/><G19/><T14/><D14/><U0/><E0/><V59/><F59/><N who="3" m="22571" /><G30/><T84/><D84/><U33/><E85/><V43/><AGARI ba="0,1" hai="24,25,38,43,47,61,67,69,76,81,86" m="2048" machi="43" ten="40,8000,1" yaku="1,1,0,1,52,2,53,0" doraHai="70,57" doraHaiUra="130,32" who="2" fromWho="2" sc="208,-20,382,-20,318,90,82,-40" owari="188,-21.2,362,16.2,408,50.8,42,-45.8" /></mjloggm>