<mjloggm ver="2.3"><GO type="169" lobby="0"/><UN n0="%E8%87%AA%E6%91%B8%E3%81%AE%E3%81%BF" n1="%E3%81%BE%E3%81%88%E3%81%9F" n2="%74%61%6D%69%74%61%6D%69" n3="%E7%B9%AD%E3%82%92%E8%A7%A3%E3%81%8F" dan="16,16,16,17" rate="2091.93,2186.14,2073.17,2200.43" sx="M,F,M,M"/><TAIKYOKU oya="0"/><INIT seed="0,0,0,2,1,88" ten="250,250,250,250" oya="0" hai0="121,65,39,46,112,109,83,75,18,1,9,100,58" hai1="85,78,32,105,104,22,131,89,42,103,40,96,113" hai2="62,110,38,26,56,94,133,33,87,10,15,59,63" hai3="86,52,123,47,122,17,107,14,129,19,98,64,57"/><T48/><BYE who="2" /><D112/><U3/><E32/><V80/><F80/><W92/><G129/><T128/><D121/><N who="3" m="46089" /><G86/><T13/><D128/><U115/><E131/><V30/><F30/><W8/><G107/><T73/><D100/><U6/><E104/><UN n2="%74%61%6D%69%74%61%6D%69" /><V24/><F33/><W97/><G64/><T74/><D39/><U68/><E68/><V91/><F38/><W4/><G47/><T108/><D1/><U20/><E78/><V35/><F35/><W130/><G98/><T132/><D132/><U2/><E40/><V27/><F133/><W51/><G130/><T16/><D65/><U93/><E42/><V114/><F114/><N who="1" m="43529" /><E6/><V21/><F21/><AGARI ba="0,0" hai="2,3,20,21,22,85,89,93,96,103,105" m="43529" machi="21" ten="30,2000,0" yaku="11,1,52,1" doraHai="88" who="1" fromWho="2" sc="250,0,250,20,250,-20,250,0" /><INIT seed="1,0,0,2,1,70" ten="250,270,230,250" oya="1" hai0="62,85,38,39,121,79,40,42,94,59,108,120,22" hai1="129,65,63,131,107,98,34,80,12,92,23,135,119" hai2="77,54,44,101,43,69,87,64,112,11,36,126,110" hai3="66,111,20,114,113,0,1,21,73,123,118,26,57"/><U86/><E119/><V106/><F112/><W76/><G123/><N who="0" m="47179" /><D79/><U27/><E107/><V49/><F126/><W8/><G118/><T68/><D85/><U102/><E34/><V48/><F110/><W88/><G111/><T14/><D108/><U5/><E135/><V103/><F48/><W46/><G76/><T117/><D94/><U89/><E12/><V55/><F106/><W83/><G73/><T82/><D82/><U104/><E5/><V60/><F55/><W91/><G83/><T41/><D22/><U115/><E115/><V133/><F133/><W109/><G109/><T16/><D117/><U100/><E104/><V31/><F77/><W53/><G26/><T15/><D68/><U32/><E32/><V25/><F87/><W116/><G116/><T3/><D3/><U90/><E129/><V74/><F11/><W105/><G105/><T37/><D16/><U124/><E124/><V24/><F74/><W29/><G29/><T71/><D71/><U132/><E132/><V56/><F24/><W10/><G53/><AGARI ba="0,0" hai="14,15,37,38,39,40,41,42,53,59,62" m="47179" machi="53" ten="40,8000,1" yaku="13,1,52,3" doraHai="70" who="0" fromWho="3" sc="250,80,270,0,230,0,250,-80" /><INIT seed="2,0,0,2,1,31" ten="330,270,230,170" oya="2" hai0="107,122,61,106,101,7,44,119,30,112,58,75,127" hai1="70,13,126,6,108,34,120,100,118,77,133,103,23" hai2="98,109,3,80,51,99,95,10,105,9,69,74,24" hai3="63,71,66,12,48,113,76,54,11,8,5,25,18"/><V91/><F69/><W81/><G113/><T115/><D7/><U90/><E70/><V125/><F125/><W57/><G25/><T111/><D30/><U72/><E90/><V84/><F3/><W47/><G71/><T97/><D44/><U59/><E59/><V132/><F132/><W43/><G11/><T128/><D58/><U94/><E94/><V16/><F109/><W129/><G129/><T78/><D61/><U116/><E77/><V20/><F99/><W87/><REACH who="3" step="1"/><G18/><REACH who="3" ten="330,270,230,160" step="2"/><T50/><D128/><U134/><E133/><V64/><F9/><W42/><AGARI ba="0,1" hai="5,8,12,42,43,47,48,54,57,63,66,76,81,87" machi="42" ten="30,8000,1" yaku="1,1,2,1,0,1,8,1,53,1" doraHai="31" doraHaiUra="73" who="3" fromWho="3" sc="330,-20,270,-20,230,-40,160,90" /><INIT seed="3,0,0,1,4,18" ten="310,250,190,250" oya="3" hai0="97,88,122,82,5,91,70,86,127,110,31,30,9" hai1="114,16,74,19,69,23,14,22,76,117,54,13,89" hai2="112,104,115,62,106,118,102,17,35,63,50,10,26" hai3="47,79,72,87,123,38,36,61,107,96,120,46,121"/><W57/><G72/><T37/><D122/><U132/><E114/><V25/><F102/><W135/><G87/><T1/><D70/><U11/><E117/><V92/><F92/><W129/><G79/><T80/><D37/><N who="3" m="14441" /><G96/><T81/><D110/><U100/><E132/><V41/><F10/><W27/><G27/><T15/><D127/><U60/><E100/><V119/><F17/><W77/><G77/><T21/><D97/><U68/><E11/><V65/><F35/><W45/><G107/><T90/><D1/><U116/><E116/><V73/><F73/><W108/><G129/><T113/><D113/><U3/><E3/><V24/><F24/><W58/><G135/><T7/><D7/><U64/><E54/><V66/><F41/><W95/><G95/><T2/><D2/><U4/><E4/><V71/><F71/><W59/><G108/><T134/><D134/><U98/><E69/><V131/><F50/><W85/><G85/><T99/><D99/><U56/><E68/><V40/><F40/><W52/><AGARI ba="0,0" hai="45,46,47,52,57,58,59,61,120,121,123" m="14441" machi="52" ten="40,7800,0" yaku="34,2,54,1" doraHai="18" who="3" fromWho="3" sc="310,-26,250,-26,190,-26,250,78" /><INIT seed="3,1,0,5,5,78" ten="284,224,164,328" oya="3" hai0="84,118,105,57,74,72,95,124,26,46,4,47,79" hai1="27,82,16,107,59,128,19,102,61,25,135,37,0" hai2="13,66,113,24,89,12,123,53,56,99,8,39,67" hai3="117,97,62,98,38,108,40,48,86,96,85,81,10"/><W34/><G117/><T92/><D118/><U103/><E37/><V68/><F39/><W80/><G38/><T87/><D4/><U9/><E135/><V91/><F68/><W33/><G108/><T63/><D124/><U119/><E119/><V15/><F113/><W32/><G62/><T75/><D26/><U109/><E109/><V51/><F123/><W126/><G126/><T45/><D105/><U73/><E128/><V121/><F121/><W31/><G31/><T116/><D116/><U52/><E0/><V76/><F24/><N who="1" m="9289" /><E73/><V70/><F70/><W90/><G10/><T64/><REACH who="0" step="1"/><D79/><REACH who="0" ten="274,224,164,328" step="2"/><U29/><E107/><V5/><F76/><W130/><G130/><T88/><D88/><U21/><E29/><V112/><F89/><W125/><G125/><T20/><D20/><U101/><E9/><V127/><F127/><W17/><G17/><N who="1" m="6730" /><E21/><V100/><F112/><W7/><G7/><T58/><D58/><U110/><E110/><V134/><F134/><W115/><G115/><T131/><D131/><U30/><E30/><V114/><F114/><W120/><G120/><T83/><D83/><AGARI ba="1,1" hai="52,59,61,82,83,101,102,103" m="6730,9289" machi="83" ten="30,8000,1" yaku="8,1,52,2,54,2" doraHai="78" who="1" fromWho="0" sc="274,-83,224,93,164,0,328,0" /><INIT seed="4,0,0,4,4,57" ten="191,317,164,328" oya="0" hai0="75,50,63,26,80,97,100,13,110,124,39,106,47" hai1="71,115,46,55,130,67,52,122,119,66,103,56,22" hai2="1,73,32,58,7,68,35,78,40,83,49,116,91" hai3="70,129,134,4,79,3,12,108,84,121,21,15,42"/><T96/><D124/><U82/><E119/><V31/><F68/><W2/><G70/><T90/><D110/><U93/><E122/><V11/><F116/><W81/><G108/><T117/><D117/><U41/><E71/><V95/><F31/><W25/><G129/><T118/><D118/><U89/><E130/><V114/><F114/><W87/><G134/><T86/><D39/><U38/><E115/><V48/><F49/><W34/><G121/><T29/><D97/><U33/><E33/><V104/><F104/><W125/><G125/><T72/><D13/><U37/><E37/><V20/><F20/><W5/><G42/><T123/><D123/><U126/><E126/><V19/><F19/><W10/><G87/><T53/><REACH who="0" step="1"/><D63/><REACH who="0" ten="181,317,164,328" step="2"/><U23/><E38/><V30/><F1/><W111/><G111/><T59/><D59/><U101/><E56/><V18/><F58/><W44/><G2/><T109/><D109/><U6/><E67/><V9/><F48/><W16/><G3/><T120/><D120/><U27/><E66/><V127/><F127/><W74/><G15/><T51/><D51/><U24/><E24/><V60/><F60/><W131/><G25/><T28/><D28/><U102/><E27/><V61/><F61/><W99/><G12/><T77/><D77/><U88/><E46/><V43/><F30/><W54/><G44/><T133/><D133/><U14/><E14/><N who="2" m="7503" /><F11/><W128/><G10/><T107/><D107/><U112/><E112/><V45/><F7/><W132/><G131/><T62/><D62/><U36/><E6/><V69/><F45/><RYUUKYOKU ba="0,1" sc="181,30,317,-10,164,-10,328,-10" hai0="26,29,47,50,53,72,75,80,86,90,96,100,106" /><INIT seed="4,1,1,4,3,4" ten="211,307,154,318" oya="0" hai0="73,111,127,106,48,87,50,93,54,108,95,31,92" hai1="62,80,10,94,76,134,98,53,43,78,57,115,8" hai2="21,86,41,2,0,42,117,46,61,121,70,28,75" hai3="16,72,30,55,82,100,34,83,63,14,60,112,116"/><T81/><D31/><U99/><E134/><V26/><F75/><W22/><G112/><T131/><D106/><U129/><E129/><V69/><F121/><W15/><G116/><T1/><D1/><U110/><E110/><N who="0" m="42025" /><D131/><U36/><E115/><V105/><F41/><W90/><G72/><T47/><D73/><U66/><E36/><V118/><F105/><W79/><G100/><T114/><D114/><U88/><E43/><V130/><F86/><N who="3" m="48479" /><G34/><T135/><D135/><U7/><E98/><V122/><F130/><W27/><G15/><T126/><D50/><U84/><E7/><V109/><F109/><W44/><G83/><T59/><D47/><U52/><E78/><AGARI ba="1,1" hai="48,54,59,78,81,87,92,93,95,126,127" m="42025" machi="78" ten="30,1500,0" yaku="10,1" doraHai="4" who="0" fromWho="1" sc="211,28,307,-18,154,0,318,0" /><INIT seed="4,2,0,5,1,127" ten="239,289,154,318" oya="0" hai0="124,68,95,123,84,135,88,126,128,59,22,30,23" hai1="104,44,83,21,130,67,106,78,73,133,134,56,52" hai2="85,71,76,40,103,102,89,63,98,24,32,26,65" hai3="58,27,62,5,31,79,70,11,28,13,122,10,29"/><T120/><D68/><U111/><E111/><V19/><F40/><W121/><G70/><T50/><D135/><N who="1" m="51723" /><E67/><V7/><F7/><N who="3" m="3295" /><G79/><T115/><D115/><U112/><E44/><V1/><F1/><N who="3" m="431" /><G62/><T39/><D39/><U116/><E21/><N who="0" m="7689" /><D128/><U109/><E109/><V60/><F76/><W15/><G58/><T107/><D30/><N who="3" m="11881" /><G15/><T97/><D107/><U91/><E91/><V99/><F89/><W12/><G12/><T33/><D33/><AGARI ba="2,0" hai="27,31,33,121,122" m="11881,431,3295" machi="33" ten="30,2000,0" yaku="34,2" doraHai="127" who="3" fromWho="0" sc="239,-26,289,0,154,0,318,26" /><INIT seed="5,0,0,5,3,26" ten="213,289,154,344" oya="1" hai0="68,15,27,78,67,119,130,38,42,49,32,14,102" hai1="0,115,24,3,124,45,70,101,18,85,44,23,39" hai2="108,60,64,54,104,28,94,25,48,35,52,53,89" hai3="109,134,95,128,46,93,75,110,72,99,1,58,114"/><U122/><E122/><V77/><F104/><W47/><G1/><T88/><D119/><U117/><E117/><V37/><F37/><W82/><G58/><T116/><D116/><U129/><E70/><V103/><F77/><W9/><G9/><T135/><D88/><U50/><E115/><V40/><F103/><W100/><G114/><T80/><D49/><U31/><E124/><V20/><F40/><W76/><G128/><T107/><D14/><U5/><E129/><V106/><F106/><W125/><G125/><T63/><D15/><U22/><E101/><V69/><F35/><W55/><G55/><T120/><D120/><U127/><E39/><V16/><F108/><W36/><G36/><T66/><D66/><U41/><E5/><V65/><F65/><W73/><G134/><T43/><D43/><U112/><E112/><V30/><REACH who="2" step="1"/><F48/><REACH who="2" ten="213,289,144,344" step="2"/><W6/><G110/><T111/><D111/><U19/><E127/><V90/><F90/><W10/><G109/><T34/><D34/><U12/><E50/><V57/><F57/><W96/><G75/><N who="0" m="43103" /><D130/><U98/><E41/><V7/><F7/><W21/><G73/><T51/><D51/><U118/><E118/><V71/><F71/><W81/><G72/><T33/><D135/><U86/><E45/><V123/><F123/><W8/><G6/><T79/><D79/><U29/><E44/><V11/><F11/><W126/><G126/><T97/><D42/><U56/><E56/><V74/><F74/><W4/><G4/><T121/><D38/><U91/><E91/><V133/><F133/><W132/><G132/><RYUUKYOKU ba="0,1" sc="213,-10,289,-10,144,30,344,-10" hai2="16,20,25,28,30,52,53,54,60,64,69,89,94" /><INIT seed="6,1,1,5,4,33" ten="203,279,174,334" oya="2" hai0="82,11,119,30,126,106,105,38,54,83,53,0,25" hai1="67,134,56,93,61,3,110,7,92,18,66,15,107" hai2="120,58,41,95,52,31,4,64,27,122,34,130,12" hai3="115,109,113,96,112,90,35,104,78,89,50,9,20"/><V128/><F64/><W68/><G35/><T125/><D38/><U70/><E110/><V100/><F41/><W87/><G109/><T69/><D69/><U42/><E107/><V135/><F135/><W26/><G68/><T88/><D119/><U72/><E72/><V19/><F4/><W132/><G132/><T45/><D45/><U2/><E134/><V98/><F128/><W79/><G50/><T37/><D37/><U124/><E124/><N who="0" m="47721" /><D105/><U14/><E42/><V77/><F77/><N who="3" m="29195" /><G9/><T13/><D106/><U84/><E7/><V131/><F131/><W29/><G87/><N who="0" m="50295" /><D83/><U5/><E5/><V57/><F57/><W46/><G46/><T99/><D99/><U101/><E70/><V40/><F40/><W62/><G62/><T86/><D86/><U94/><E101/><AGARI ba="1,1" hai="20,26,29,89,90,96,101,104,112,113,115" m="29195" machi="101" ten="40,2600,0" yaku="15,1,11,1" doraHai="33" who="3" fromWho="1" sc="203,0,279,-29,174,0,334,39" /><INIT seed="7,0,0,5,5,7" ten="203,250,174,373" oya="3" hai0="62,99,105,63,25,113,93,1,45,21,91,23,71" hai1="87,76,122,131,108,121,5,69,114,0,17,37,47" hai2="111,125,57,127,101,92,103,96,132,2,133,106,55" hai3="88,102,19,11,126,104,73,59,49,29,95,117,64"/><W84/><G29/><T86/><D1/><U15/><E87/><V42/><F42/><W22/><G73/><T119/><D119/><U118/><E76/><V27/><F2/><W128/><G126/><N who="2" m="48137" /><F27/><W65/><G128/><T135/><D135/><N who="2" m="51786" /><F57/><W53/><G117/><T112/><D45/><U8/><E47/><V40/><F40/><W123/><G123/><T12/><D12/><U78/><E15/><V28/><F28/><W110/><G110/><T98/><D23/><U79/><E108/><V85/><F55/><W39/><G39/><T61/><D71/><U34/><E69/><V77/><F111/><W33/><G33/><T115/><D105/><U83/><E34/><V32/><F32/><W66/><G104/><T24/><D24/><U116/><E37/><V3/><F3/><W46/><G102/><T75/><D75/><U120/><E0/><V4/><F4/><W97/><G22/><T109/><D109/><U81/><E118/><V89/><F103/><N who="3" m="60863" /><G59/><T14/><D14/><N who="1" m="7367" /><E5/><V52/><F52/><W56/><G56/><T9/><D9/><U54/><E54/><V60/><F60/><W18/><G11/><T72/><D72/><N who="1" m="43207" /><E116/><V38/><F38/><W35/><G35/><T51/><D51/><U68/><E68/><V67/><F67/><W90/><G66/><T13/><D13/><U70/><E70/><V36/><F36/><W74/><G65/><T41/><D41/><U44/><E121/><V26/><F26/><W58/><G64/><T94/><D94/><U30/><E122/><V48/><F77/><W100/><G46/><T31/><AGARI ba="0,0" hai="21,25,31,61,62,63,86,91,93,98,99,112,113,115" machi="31" ten="40,8000,1" yaku="5,1,0,1,15,1,11,1" doraHai="7" who="0" fromWho="0" sc="203,80,250,-20,174,-20,373,-40" owari="283,8.3,230,-17.0,154,-34.6,333,43.3" /></mjloggm>