<mjloggm ver="2.3"><GO type="169" lobby="0"/><UN n0="%E3%81%A6%E3%82%93%E3%81%8F%E3%81%86" n1="%E5%9C%A7%E5%80%92%E7%9A%84%E3%83%9D%E3%83%B3" n2="%E5%A4%A7%E6%A5%A0%E5%85%AC" n3="%E3%83%87%E3%83%A9%E3%82%B3%E3%83%83%E3%82%B3" dan="16,17,16,16" rate="2155.00,2182.09,2147.71,2165.07" sx="M,M,M,M"/><TAIKYOKU oya="0"/><INIT seed="0,0,0,5,1,66" ten="250,250,250,250" oya="0" hai0="61,126,9,63,77,80,29,67,39,115,36,60,31" hai1="25,15,69,105,131,74,111,132,94,12,17,35,104" hai2="43,4,95,68,135,50,18,114,24,14,128,52,57" hai3="129,93,22,62,8,10,117,121,119,21,112,2,120"/><T101/><D126/><U118/><E74/><V97/><F114/><W96/><G62/><T106/><D115/><U91/><E118/><V87/><F128/><W6/><G96/><T110/><D110/><U48/><E131/><V133/><F4/><W125/><G93/><T100/><D67/><U79/><E69/><V75/><F75/><W113/><G129/><T90/><D9/><U11/><E79/><V78/><F24/><W53/><G53/><T85/><D77/><U83/><E132/><V72/><F72/><W44/><G44/><T86/><BYE who="1" /><D106/><U122/><E122/><V27/><F27/><W46/><G46/><T19/><D19/><UN n1="%E5%9C%A7%E5%80%92%E7%9A%84%E3%83%9D%E3%83%B3" /><U51/><E111/><V98/><F43/><W56/><G56/><T40/><D40/><U49/><E83/><V23/><F68/><W55/><G55/><T89/><D63/><U34/><E15/><V3/><F3/><W108/><G108/><T38/><D36/><U45/><E45/><V54/><F54/><W73/><G73/><T32/><D80/><U116/><E116/><V99/><F78/><W76/><G76/><T130/><D130/><U13/><E13/><V0/><F0/><W102/><G2/><T134/><REACH who="0" step="1"/><D32/><REACH who="0" ten="240,250,250,250" step="2"/><U107/><REACH who="1" step="1"/><E25/><REACH who="1" ten="240,240,250,250" step="2"/><V33/><F33/><W16/><G113/><T65/><D65/><U47/><E47/><V5/><F5/><W84/><G112/><T28/><D28/><U58/><E58/><V123/><F123/><W41/><G6/><T20/><D20/><U42/><E42/><V37/><F37/><W30/><G121/><T70/><D70/><U26/><E26/><RYUUKYOKU ba="0,2" sc="240,10,240,10,250,10,250,-30" hai0="29,31,38,39,60,61,85,86,89,90,100,101,134" hai1="11,12,17,34,35,48,49,51,91,94,104,105,107" hai2="14,18,23,50,52,57,87,95,97,98,99,133,135" /><INIT seed="0,1,2,3,5,11" ten="250,250,260,220" oya="0" hai0="70,107,91,120,60,90,5,48,126,118,2,132,29" hai1="82,61,99,42,47,24,40,74,7,115,31,85,78" hai2="119,131,57,56,76,17,69,12,128,49,135,80,41" hai3="65,84,111,34,112,73,109,124,36,98,52,134,15"/><T71/><D118/><U88/><E115/><V123/><F69/><W21/><G112/><T55/><D120/><U23/><E7/><V26/><F123/><W54/><G73/><T38/><D38/><U127/><E127/><V32/><F119/><W66/><G36/><T25/><D126/><U50/><E61/><V92/><F135/><W87/><G124/><T10/><D107/><U114/><E114/><V39/><F39/><W43/><G34/><T103/><D103/><U13/><E99/><V97/><F26/><W19/><G43/><T68/><D60/><U3/><E3/><V9/><F32/><W4/><G98/><T96/><D96/><U93/><REACH who="1" step="1"/><E13/><REACH who="1" ten="250,240,260,220" step="2"/><V130/><F49/><W122/><G4/><T45/><REACH who="0" step="1"/><D132/><REACH who="0" ten="240,240,260,220" step="2"/><U86/><E86/><N who="2" m="48391" /><F41/><AGARI ba="1,4" hai="23,24,31,40,41,42,47,50,74,78,82,85,88,93" machi="41" ten="30,3900,0" yaku="1,1,7,1,54,1,53,0" doraHai="11" doraHaiUra="33" who="1" fromWho="2" sc="240,0,240,82,260,-42,220,0" /><INIT seed="1,0,0,4,2,5" ten="240,322,218,220" oya="1" hai0="38,130,81,111,55,116,85,70,22,74,16,82,97" hai1="2,28,98,62,20,123,21,41,56,125,58,73,7" hai2="126,119,14,102,11,80,40,106,61,35,59,8,103" hai3="127,36,48,107,46,68,101,52,104,43,44,112,25"/><U93/><E123/><V29/><F119/><W57/><G112/><T128/><D70/><U60/><E73/><V84/><F126/><W96/><G127/><T53/><D38/><U110/><E125/><V94/><F106/><W39/><G68/><T133/><D116/><U31/><E41/><V3/><F3/><W69/><G69/><T47/><D97/><U118/><E118/><V75/><F75/><W134/><G134/><T90/><D133/><U1/><E110/><V117/><F117/><W45/><G107/><T83/><D111/><U54/><E7/><V131/><F131/><N who="0" m="50218" /><D47/><U99/><E93/><V76/><F40/><W121/><G121/><T19/><D19/><U72/><E72/><V108/><F108/><W64/><G39/><T6/><D6/><U105/><E105/><V122/><F122/><W88/><G64/><T4/><D4/><U15/><E15/><V113/><F113/><W86/><REACH who="3" step="1"/><G25/><REACH who="3" ten="240,322,218,210" step="2"/><N who="0" m="14535" /><D74/><U135/><E135/><V18/><F35/><W124/><G124/><T0/><D0/><U95/><E2/><V32/><F32/><W51/><G51/><T71/><D71/><U33/><E1/><V30/><F8/><W65/><G65/><T37/><D37/><U26/><E33/><V67/><F103/><W27/><G27/><T100/><D100/><U109/><E109/><V23/><REACH who="2" step="1"/><F23/><REACH who="2" ten="240,322,208,210" step="2"/><W42/><G42/><T79/><D53/><N who="1" m="33807" /><E21/><V91/><F91/><W120/><G120/><T92/><D55/><U132/><E132/><V17/><F17/><W9/><G9/><T63/><D79/><U115/><E115/><V77/><F77/><RYUUKYOKU ba="0,2" sc="240,10,322,-30,208,10,210,10" hai0="63,81,82,83,85,90,92" hai2="11,14,18,29,30,59,61,67,76,80,84,94,102" hai3="36,43,44,45,46,48,52,57,86,88,96,101,104" /><INIT seed="2,1,2,3,0,5" ten="250,292,218,220" oya="2" hai0="65,76,111,50,74,48,82,105,64,41,23,88,127" hai1="27,40,67,47,83,49,3,72,62,11,39,8,118" hai2="119,6,90,24,68,120,70,59,10,121,92,98,100" hai3="95,87,15,80,1,104,45,7,108,35,94,73,63"/><V117/><F68/><W109/><G104/><T103/><D111/><N who="3" m="42569" /><G35/><T96/><D127/><U43/><E118/><V132/><F70/><W34/><G34/><T81/><D23/><U30/><E3/><V131/><F131/><W135/><G73/><T84/><REACH who="0" step="1"/><D50/><REACH who="0" ten="240,292,218,220" step="2"/><U133/><E39/><V12/><F119/><W86/><G135/><T78/><D78/><U55/><E133/><V38/><F117/><W130/><G130/><T4/><D4/><U114/><E114/><V19/><F121/><W54/><G7/><T128/><D128/><U26/><E43/><V115/><F38/><W28/><G28/><T56/><D56/><U123/><E40/><V66/><F120/><W36/><G36/><T79/><D79/><U129/><E123/><V97/><F132/><W122/><G122/><T71/><D71/><U77/><E129/><V14/><F115/><W16/><G45/><AGARI ba="1,3" hai="41,45,48,64,65,74,76,81,82,84,88,96,103,105" machi="45" ten="40,2600,0" yaku="1,1,54,1,53,0" doraHai="5" doraHaiUra="134" who="0" fromWho="3" sc="240,59,292,0,218,0,220,-29" /><INIT seed="3,0,0,0,2,73" ten="299,292,218,191" oya="3" hai0="52,131,48,101,30,59,12,68,3,74,23,9,126" hai1="81,67,111,31,96,58,22,88,1,128,116,16,87" hai2="43,39,18,26,8,25,89,27,110,85,84,117,112" hai3="57,75,83,92,32,51,62,103,93,80,118,82,77"/><W113/><G113/><T99/><D131/><U54/><E1/><V33/><F117/><W86/><G118/><T94/><D126/><U115/><E116/><V5/><F112/><W105/><G32/><T63/><D3/><U70/><E115/><V2/><F110/><W123/><G123/><T91/><D74/><U40/><E40/><V38/><F85/><N who="3" m="48271" /><G51/><T20/><D30/><U37/><E37/><V45/><F38/><W14/><G14/><T44/><D101/><U66/><E128/><V71/><F71/><W134/><G57/><T36/><D68/><U7/><E7/><V135/><F135/><W50/><G50/><T120/><D120/><U122/><E111/><V114/><F114/><W47/><G47/><T11/><D36/><U107/><E31/><V46/><F46/><W60/><G60/><T124/><D124/><U129/><E70/><V21/><REACH who="2" step="1"/><F33/><REACH who="2" ten="299,292,208,191" step="2"/><W65/><G134/><T97/><D97/><U104/><E122/><V133/><F133/><W127/><G127/><T130/><D130/><U55/><E129/><V61/><F61/><W78/><G62/><T34/><D34/><U6/><E58/><V119/><F119/><W125/><G125/><T72/><D72/><U24/><E87/><V4/><F4/><W28/><G28/><T41/><REACH who="0" step="1"/><D9/><REACH who="0" ten="289,292,208,191" step="2"/><U64/><E96/><V17/><F17/><AGARI ba="0,2" hai="11,12,17,20,23,41,44,48,52,59,63,91,94,99" machi="17" ten="30,8000,1" yaku="1,1,2,1,7,1,8,1,54,1,53,0" doraHai="73" doraHaiUra="106" who="0" fromWho="2" sc="289,100,292,0,208,-80,191,0" /><INIT seed="4,0,0,4,4,26" ten="389,292,128,191" oya="0" hai0="127,115,25,56,5,64,54,55,73,118,30,1,132" hai1="87,94,24,95,100,97,20,34,125,79,85,133,70" hai2="109,107,78,96,120,112,57,75,53,66,116,76,43" hai3="113,65,16,90,88,81,46,110,67,99,68,63,18"/><T13/><D118/><U29/><E70/><V14/><F109/><W33/><G110/><T129/><D73/><U40/><E125/><V2/><F2/><W9/><G113/><T31/><D1/><U28/><E133/><V60/><F112/><W11/><G33/><T48/><D115/><U135/><E135/><V52/><F120/><W51/><G67/><T114/><D114/><U124/><E124/><V119/><F43/><W19/><G99/><T44/><D132/><U128/><E128/><V4/><F4/><W72/><G72/><T101/><D25/><U126/><E34/><V84/><F75/><W123/><G123/><T82/><D129/><U74/><E40/><V41/><F41/><W47/><G47/><T58/><D101/><U3/><E3/><V98/><F14/><W37/><G37/><T59/><D82/><N who="1" m="47327" /><E74/><V122/><F122/><W17/><N who="3" m="4096" /><DORA hai="38" /><W83/><G83/><T71/><D71/><U23/><E126/><V80/><F76/><W35/><G35/><T131/><D131/><U104/><E104/><V91/><F96/><W15/><G81/><T27/><D27/><N who="1" m="16487" /><E94/><N who="2" m="56671" /><F107/><W134/><G134/><T45/><D127/><U8/><E87/><V106/><F106/><W89/><REACH who="3" step="1"/><G15/><REACH who="3" ten="389,292,128,181" step="2"/><T105/><D105/><U7/><E7/><V10/><F10/><AGARI ba="0,1" hai="8,10,23,24,29,95,97,100" m="16487,47327" machi="10" ten="30,3900,0" yaku="8,1,52,2" doraHai="26,38" who="1" fromWho="2" sc="389,0,292,49,128,-39,181,0" /><INIT seed="5,0,0,2,1,64" ten="389,341,89,181" oya="1" hai0="89,15,31,130,71,63,119,87,90,29,100,2,134" hai1="133,128,108,62,37,1,28,93,34,115,36,32,57" hai2="65,126,40,27,19,16,83,107,50,18,67,6,46" hai3="66,125,58,56,54,55,74,101,131,70,69,106,61"/><U3/><E108/><V4/><F126/><W41/><G74/><T124/><D2/><U21/><E115/><V91/><F107/><W0/><G0/><T26/><D124/><U13/><E128/><V85/><F27/><W80/><G125/><T135/><D119/><U117/><E117/><V129/><F129/><W53/><G131/><T88/><D130/><U33/><E133/><N who="0" m="50697" /><D100/><U82/><E37/><V49/><REACH who="2" step="1"/><F50/><REACH who="2" ten="389,341,79,181" step="2"/><N who="3" m="30775" /><G106/><T38/><D26/><U105/><E36/><V5/><AGARI ba="0,1" hai="4,5,6,16,18,19,40,46,49,65,67,83,85,91" machi="5" ten="30,7900,0" yaku="1,1,0,1,8,1,54,1,53,0" doraHai="64" doraHaiUra="114" who="2" fromWho="2" sc="389,-20,341,-39,79,89,181,-20" /><INIT seed="6,0,0,4,3,100" ten="369,302,168,161" oya="2" hai0="74,37,104,130,52,120,96,15,51,98,31,67,125" hai1="97,32,43,84,121,23,116,4,124,122,90,65,62" hai2="61,19,92,46,48,126,44,12,102,29,26,13,41" hai3="99,25,71,89,79,42,5,56,94,119,129,68,80"/><V78/><F126/><W134/><G119/><T8/><D120/><U3/><E32/><V132/><F132/><W127/><G134/><T83/><D37/><U36/><E116/><V110/><F110/><W109/><G109/><T112/><D125/><U53/><E124/><V30/><F78/><W70/><G127/><T21/><D67/><U17/><E97/><V128/><F128/><W6/><G129/><T82/><D74/><U24/><E53/><V59/><F46/><W117/><G117/><T63/><D63/><U135/><E135/><V115/><F115/><W72/><G42/><T64/><D64/><U86/><E86/><V33/><F30/><W101/><G56/><T38/><D38/><U118/><E118/><V39/><F39/><W93/><REACH who="3" step="1"/><G25/><REACH who="3" ten="369,302,168,151" step="2"/><T16/><D130/><U34/><E122/><V73/><F73/><W20/><G20/><T108/><D21/><U22/><E22/><V11/><F11/><W107/><G107/><T47/><D104/><U91/><E34/><V49/><F33/><W55/><G55/><T111/><D111/><U7/><E121/><V9/><F9/><W133/><G133/><T28/><D108/><U81/><E3/><V87/><F41/><W123/><G123/><T57/><D57/><U27/><E27/><V103/><F26/><W131/><G131/><T85/><D8/><U45/><REACH who="1" step="1"/><E90/><REACH who="1" ten="369,292,168,151" step="2"/><V106/><F44/><W113/><G113/><T105/><D47/><U10/><E10/><V77/><F12/><W14/><G14/><T114/><D15/><U54/><E54/><N who="2" m="34039" /><F13/><W88/><G88/><N who="0" m="51255" /><D114/><U2/><E2/><RYUUKYOKU ba="0,2" sc="369,-15,292,15,168,-15,151,15" hai1="4,7,17,23,24,36,43,45,62,65,81,84,91" hai3="5,6,68,70,71,72,79,80,89,93,94,99,101" /><INIT seed="7,1,2,4,4,9" ten="354,307,153,166" oya="3" hai0="88,134,33,43,89,83,101,17,121,3,45,20,56" hai1="61,12,13,42,100,79,71,52,95,124,19,50,27" hai2="108,31,78,114,4,49,69,0,120,73,107,11,36" hai3="116,68,111,22,25,122,135,6,98,21,8,102,51"/><W90/><G116/><T2/><D134/><U62/><E124/><V55/><F108/><W15/><G122/><T97/><D33/><U86/><E42/><V54/><F120/><W60/><G135/><T70/><D70/><U85/><E71/><V76/><F114/><W75/><G111/><T94/><D121/><U30/><E79/><V1/><F69/><W130/><G130/><T113/><D113/><U106/><E106/><V103/><F36/><W123/><G123/><T57/><D2/><U41/><E41/><V117/><F117/><W127/><G127/><T84/><D101/><U16/><E30/><V24/><F0/><W125/><G125/><T133/><D3/><U80/><E27/><V115/><F115/><W66/><G75/><T5/><D5/><U38/><E38/><V39/><F39/><W7/><G7/><T126/><D126/><U91/><E100/><V32/><F73/><W14/><G51/><N who="0" m="27071" /><D133/><U77/><E19/><V74/><F74/><W64/><G64/><T34/><D34/><U109/><E12/><AGARI ba="1,2" hai="12,17,20,56,57,83,84,88,89,94,97" m="27071" machi="12" ten="30,3900,0" yaku="8,1,52,1,54,1" doraHai="9" who="0" fromWho="1" sc="354,62,307,-42,153,0,166,0" owari="416,51.6,265,6.5,153,-34.7,166,-23.4" /></mjloggm>