<mjloggm ver="2.3"><GO type="169" lobby="0"/><UN n0="%E7%94%98%E5%A4%8F%E3%81%BF%E3%81%8B%E3%82%93" n1="%E5%B0%8F%E6%B3%89%E3%83%81%E3%83%AB%E3%83%89%E3%83%AC%E3%83%B3" n2="%E3%81%97%E3%82%82%E3%82%93%E3%81%AC" n3="%E9%95%B7%E5%A4%A7%E3%82%92%E5%87%BA%E3%81%9F%E3%81%91%E3%82%8C%E3%81%A9" dan="16,16,16,16" rate="2149.68,2099.48,2183.38,2175.59" sx="M,M,M,M"/><TAIKYOKU oya="0"/><INIT seed="0,0,0,4,2,82" ten="250,250,250,250" oya="0" hai0="29,9,68,73,115,40,100,57,111,20,110,117,71" hai1="85,88,34,44,95,93,56,46,116,53,83,134,15" hai2="14,107,50,65,48,61,77,62,66,5,133,55,102" hai3="125,99,109,106,89,11,49,33,41,86,126,23,10"/><T127/><D115/><U60/><E116/><V37/><F107/><W3/><G33/><T35/><D117/><U59/><E34/><V121/><F102/><W32/><G32/><T129/><D35/><U28/><E134/><V39/><F77/><W80/><G109/><N who="0" m="41483" /><D129/><U47/><E28/><V76/><F76/><W98/><G23/><T30/><D73/><U108/><E108/><V12/><F5/><W92/><G106/><T4/><D127/><N who="3" m="48649" /><G3/><N who="0" m="159" /><D40/><U132/><E132/><V87/><F133/><W114/><G114/><T54/><D100/><U135/><E135/><V119/><F119/><W96/><G80/><T8/><D8/><U19/><E59/><V72/><F72/><W104/><G104/><T101/><D101/><U1/><E1/><V17/><F55/><W90/><G90/><T43/><D43/><U26/><E26/><V42/><F42/><W21/><G21/><AGARI ba="0,0" hai="15,19,21,44,46,47,53,56,60,83,85,88,93,95" machi="21" ten="40,5200,0" yaku="8,1,52,1,54,1" doraHai="82" who="1" fromWho="3" sc="250,0,250,52,250,0,250,-52" /><INIT seed="1,0,0,5,5,25" ten="250,302,250,198" oya="1" hai0="4,97,20,117,45,12,27,44,104,64,55,1,80" hai1="82,111,39,109,88,17,107,42,85,81,60,40,23" hai2="122,32,30,74,18,10,61,3,101,11,129,114,92" hai3="76,47,133,90,70,49,28,62,79,75,63,57,19"/><U5/><E107/><V123/><F74/><W93/><G133/><T71/><D117/><U72/><E5/><N who="2" m="1343" /><F61/><W86/><G75/><T14/><D1/><U35/><E35/><V127/><F92/><W124/><G124/><T83/><D71/><U135/><E135/><V0/><F101/><W41/><G19/><T91/><D64/><U43/><E39/><V59/><F59/><W54/><G70/><T52/><D4/><U65/><E72/><V113/><F127/><W68/><G68/><T38/><D38/><U67/><E81/><N who="0" m="31305" /><D104/><U131/><E131/><V7/><F18/><W2/><G2/><T132/><D132/><U78/><E78/><V29/><F129/><W121/><G121/><N who="2" m="46089" /><F32/><W116/><G116/><T94/><D45/><U130/><E130/><V37/><F37/><W31/><G63/><T119/><D119/><U87/><E87/><V96/><F96/><W26/><G26/><T100/><D100/><U118/><E118/><V51/><F51/><W50/><G49/><N who="0" m="28711" /><D55/><U128/><E128/><V53/><F53/><W112/><G112/><AGARI ba="0,0" hai="0,7,11,29,30,112,113,114" m="46089,1343" machi="112" ten="30,8000,1" yaku="11,1,34,2,52,2" doraHai="25" who="2" fromWho="3" sc="250,0,302,0,250,80,198,-80" /><INIT seed="2,0,0,5,4,14" ten="250,302,330,118" oya="2" hai0="9,55,24,43,38,40,82,45,4,11,71,89,18" hai1="130,102,15,3,67,54,76,77,119,33,22,27,51" hai2="110,93,99,46,86,68,34,123,114,32,60,47,75" hai3="133,8,58,30,23,13,62,101,127,48,88,113,135"/><V28/><F114/><W122/><G122/><T53/><D71/><U84/><E119/><V111/><F75/><W91/><G113/><T104/><D104/><U69/><E3/><V70/><F123/><W7/><G101/><T0/><D43/><U12/><E130/><V112/><F112/><W10/><G127/><T56/><D56/><U35/><E69/><N who="2" m="26731" /><F86/><W44/><G30/><T124/><D124/><U87/><E67/><V74/><F74/><W73/><G23/><T108/><D108/><N who="2" m="41514" /><F60/><W129/><G10/><T96/><D11/><U83/><E102/><N who="2" m="60783" /><F28/><W64/><G73/><T66/><D66/><U19/><E33/><AGARI ba="0,0" hai="32,33,34,46,47" m="60783,41514,26731" machi="33" ten="40,3900,0" yaku="14,1,10,1" doraHai="14" who="2" fromWho="1" sc="250,0,302,-39,330,39,118,0" /><INIT seed="2,1,0,2,3,125" ten="250,263,369,118" oya="2" hai0="26,7,41,38,56,135,119,99,12,67,59,106,4" hai1="111,80,64,88,0,27,86,105,71,57,131,33,36" hai2="123,65,104,121,20,53,84,28,43,14,94,79,76" hai3="66,72,122,6,70,2,51,103,24,37,9,46,129"/><V116/><F116/><W45/><G122/><T134/><D119/><U118/><E118/><V73/><F104/><W100/><G72/><T47/><D26/><U83/><E131/><V11/><F65/><W128/><G24/><T74/><D74/><U78/><E111/><V91/><F43/><N who="3" m="22767" /><G70/><T114/><D114/><U87/><E0/><V98/><F73/><W75/><G66/><T23/><D23/><U29/><E36/><V15/><F123/><W89/><G89/><T69/><D69/><U108/><E108/><V61/><F121/><W13/><G13/><T35/><D35/><U97/><E57/><N who="0" m="22089" /><D12/><U115/><E115/><V22/><F14/><W85/><G85/><T93/><D106/><U130/><E130/><N who="3" m="50282" /><G75/><T102/><D67/><U49/><E64/><V54/><F84/><W96/><G96/><T92/><D99/><U60/><E97/><V113/><F98/><W55/><AGARI ba="1,0" hai="2,6,9,46,51,55,100,103" m="50282,22767" machi="55" ten="30,7900,0" yaku="19,1,52,3" doraHai="125" who="3" fromWho="3" sc="250,-21,263,-21,369,-40,118,82" /><INIT seed="3,0,0,5,5,5" ten="229,242,329,200" oya="3" hai0="33,4,54,109,123,129,2,84,124,94,34,20,87" hai1="12,77,98,68,111,22,131,19,118,135,47,40,100" hai2="31,43,104,91,126,18,88,117,16,17,93,35,0" hai3="107,70,45,9,83,97,73,101,58,7,76,120,3"/><W96/><G120/><T1/><D123/><U38/><E68/><V65/><F117/><W51/><G70/><T60/><D109/><U14/><E111/><V127/><F104/><W86/><G97/><T115/><D20/><U8/><E118/><V42/><F0/><W28/><G28/><T133/><D133/><U37/><E135/><V49/><F65/><W21/><G21/><T41/><D41/><U66/><E131/><V128/><F128/><W69/><G69/><T71/><D129/><U78/><E66/><V50/><F31/><W108/><G58/><T63/><D4/><U67/><E67/><V105/><F105/><W56/><G56/><T15/><D15/><U74/><E37/><V55/><F35/><W30/><G30/><T85/><D85/><U80/><E77/><V103/><F103/><W134/><G134/><T75/><D71/><U114/><E114/><V39/><F39/><W6/><G6/><T44/><D94/><U122/><E122/><V64/><F64/><W99/><G99/><T90/><D90/><N who="2" m="34346" /><F93/><W59/><G59/><T92/><D92/><U11/><REACH who="1" step="1"/><E14/><REACH who="1" ten="229,232,329,200" step="2"/><V79/><F79/><W125/><G108/><T27/><D115/><U48/><E48/><N who="2" m="18539" /><F55/><W25/><G76/><T106/><D54/><U121/><E121/><V36/><F36/><W95/><G51/><T26/><D2/><U13/><E13/><V24/><F24/><W52/><G25/><T113/><D1/><U81/><E81/><V72/><F72/><W119/><G73/><T57/><D113/><U62/><E62/><V116/><F116/><W130/><G119/><RYUUKYOKU ba="0,1" sc="229,-15,232,15,329,15,200,-15" hai1="8,11,12,19,22,38,40,47,74,78,80,98,100" hai2="16,17,18,42,43,126,127" /><INIT seed="4,1,1,3,4,75" ten="214,247,344,185" oya="0" hai0="126,72,97,95,22,21,30,46,116,67,80,115,87" hai1="37,59,113,101,88,65,125,34,31,40,123,44,96" hai2="52,36,6,110,132,102,73,60,62,56,121,118,78" hai3="16,85,0,104,24,66,55,26,98,39,130,86,13"/><T131/><D116/><U14/><E123/><V128/><F121/><W18/><G0/><T63/><D115/><U29/><E113/><V11/><F110/><W135/><G39/><T61/><D72/><U105/><E125/><V25/><F36/><W45/><G135/><T28/><D126/><U77/><E34/><V3/><F132/><W84/><G130/><T15/><D131/><U103/><E103/><V83/><F128/><W109/><G109/><T119/><D119/><U20/><E77/><V42/><F42/><W114/><G114/><T108/><D46/><U117/><E117/><V70/><F118/><W122/><G122/><T58/><D63/><U71/><E71/><V50/><F70/><W82/><G66/><T129/><D108/><U111/><E88/><V47/><F47/><W107/><G98/><T4/><D4/><U51/><E65/><V106/><REACH who="2" step="1"/><F25/><REACH who="2" ten="214,247,334,185" step="2"/><W10/><G24/><T38/><D38/><U43/><E40/><V7/><F7/><W8/><G26/><T81/><D129/><U19/><E111/><V127/><F127/><W5/><G5/><T53/><D58/><U48/><E37/><V74/><F74/><W93/><G45/><T100/><D30/><U33/><E33/><V133/><F133/><W12/><G18/><T69/><D28/><U124/><E124/><V41/><F41/><W99/><G16/><T23/><D69/><U2/><E2/><V49/><F49/><W1/><G1/><T68/><D68/><U91/><E51/><V89/><F89/><W27/><G27/><T92/><D15/><U94/><E59/><RYUUKYOKU ba="1,2" sc="214,-15,247,15,334,15,185,-15" hai1="14,19,20,29,31,43,44,48,91,94,96,101,105" hai2="3,6,11,50,52,56,60,62,73,78,83,102,106" /><INIT seed="5,2,2,2,3,1" ten="199,262,349,170" oya="1" hai0="103,41,75,62,68,58,53,56,14,21,94,73,49" hai1="87,8,45,117,65,22,26,52,119,129,99,116,90" hai2="3,128,39,118,100,126,123,66,72,78,106,114,18" hai3="113,15,95,54,108,36,38,111,88,69,130,57,9"/><U63/><E129/><V34/><RYUUKYOKU type="yao9" ba="2,2" sc="199,0,262,0,349,0,170,0" hai2="3,18,34,39,66,72,78,100,106,114,118,123,126,128" /><INIT seed="5,3,2,0,5,43" ten="199,262,349,170" oya="1" hai0="48,35,88,75,105,46,109,72,126,56,55,66,45" hai1="63,112,113,50,77,8,95,76,13,121,106,83,64" hai2="135,26,71,117,124,52,17,87,70,6,116,123,32" hai3="54,68,81,22,107,30,114,111,85,110,94,0,49"/><U12/><E121/><V61/><F123/><W82/><G0/><T19/><D109/><U47/><E106/><V119/><F124/><W97/><G68/><T44/><D126/><U98/><E64/><V79/><F135/><W103/><G114/><N who="1" m="44138" /><E63/><V25/><F6/><W67/><G67/><T102/><D66/><U3/><E3/><V37/><F37/><W4/><G4/><T27/><D88/><N who="1" m="55655" /><E8/><V36/><F36/><W78/><G107/><T10/><D10/><U89/><E89/><V16/><F71/><W28/><G82/><T108/><D108/><U42/><E77/><V133/><F70/><W134/><G134/><T125/><D125/><U21/><E21/><V31/><F133/><W73/><G73/><AGARI ba="3,2" hai="12,13,42,47,50,73,76,83" m="55655,44138" machi="73" ten="30,5800,0" yaku="15,1,52,1,54,1" doraHai="43" who="1" fromWho="3" sc="199,0,262,87,349,0,170,-67" /><INIT seed="5,4,0,4,5,36" ten="199,349,349,103" oya="1" hai0="60,132,86,33,3,16,27,56,6,62,25,128,43" hai1="100,5,30,51,69,126,87,120,123,18,109,41,122" hai2="45,47,83,127,29,131,58,121,111,24,0,116,107" hai3="96,82,103,92,66,104,115,14,90,38,75,17,117"/><U85/><E69/><V76/><F111/><W8/><G117/><T48/><D132/><U1/><E109/><V119/><F121/><W57/><G115/><T78/><D128/><U13/><E126/><V34/><F131/><W89/><G38/><T98/><D3/><U94/><E30/><V106/><F127/><W135/><G135/><T52/><D6/><U80/><E5/><V64/><F0/><W72/><G66/><T125/><D125/><U84/><E1/><V28/><F28/><W26/><G57/><T118/><D33/><U101/><E94/><V102/><F58/><W53/><G53/><T73/><D73/><U15/><E80/><V71/><F45/><W110/><G110/><T93/><D118/><U4/><E4/><V10/><F10/><W63/><G63/><T77/><D86/><U99/><E99/><N who="2" m="61791" /><F47/><W124/><G124/><T74/><D74/><U70/><E70/><V39/><F39/><W113/><G113/><T88/><D62/><U133/><E133/><V46/><F46/><W37/><G37/><T31/><D31/><U32/><E32/><V114/><F107/><W19/><G104/><T67/><D43/><U81/><E81/><V55/><F55/><W68/><G68/><T54/><D54/><U97/><E97/><V9/><F114/><W23/><REACH who="3" step="1"/><G75/><REACH who="3" ten="199,349,349,93" step="2"/><T21/><D27/><U2/><E120/><V22/><F119/><W91/><G91/><T95/><D93/><U42/><E122/><V130/><F116/><W129/><G129/><T50/><D50/><U35/><E51/><V112/><F130/><W105/><G105/><RYUUKYOKU ba="4,1" sc="199,15,349,-15,349,-15,93,15" hai0="16,21,25,48,52,56,60,67,77,78,88,95,98" hai3="8,14,17,19,23,26,72,82,89,90,92,96,103" /><INIT seed="6,5,1,3,4,93" ten="214,334,334,108" oya="2" hai0="66,119,115,89,75,63,13,118,73,32,120,55,103" hai1="12,83,4,133,95,35,42,112,104,51,58,39,126" hai2="44,29,47,8,129,124,72,110,2,16,125,60,34" hai3="79,41,84,11,131,3,101,62,61,130,128,14,88"/><V102/><F72/><W6/><G41/><T52/><D120/><U7/><E104/><V23/><F129/><W45/><G45/><T9/><D32/><U74/><E35/><V98/><F110/><W10/><G79/><T117/><D115/><U5/><E39/><V91/><F91/><W76/><G76/><T100/><D89/><U15/><E112/><V134/><F60/><W24/><G24/><T97/><D103/><U99/><E126/><N who="2" m="48747" /><F134/><W33/><G33/><T22/><D22/><U0/><E0/><V113/><F113/><W90/><G101/><T78/><D78/><U127/><E133/><V108/><F108/><W20/><G20/><T54/><D66/><U27/><E74/><V17/><F34/><W111/><G90/><T65/><D65/><U116/><E83/><V59/><F59/><W31/><G31/><T49/><D49/><U123/><E58/><V81/><F81/><W94/><REACH who="3" step="1"/><G111/><REACH who="3" ten="214,334,334,98" step="2"/><T26/><D26/><U86/><E27/><N who="2" m="16639" /><F44/><W36/><G36/><T96/><D75/><U1/><E127/><V56/><F47/><W77/><G77/><T132/><D73/><U105/><E42/><V69/><F69/><W82/><G82/><T121/><D132/><U109/><E109/><V48/><F102/><W40/><G40/><T64/><D100/><U71/><E71/><V30/><F30/><W114/><G114/><T92/><D119/><U21/><E116/><V43/><F43/><W37/><G37/><T57/><D118/><U46/><E46/><V87/><F56/><W135/><G135/><T70/><D117/><U53/><E21/><RYUUKYOKU ba="5,2" sc="214,-10,334,-10,334,-10,98,30" hai3="3,6,10,11,14,61,62,84,88,94,128,130,131" /><INIT seed="7,6,2,1,1,114" ten="204,324,324,128" oya="3" hai0="12,10,17,117,106,104,88,132,46,35,2,8,31" hai1="57,51,99,70,61,23,38,118,0,44,64,89,39" hai2="33,80,19,59,5,121,3,83,7,48,128,4,40" hai3="60,71,56,125,91,108,20,66,78,55,47,130,26"/><W68/><G130/><T94/><D132/><U22/><E0/><V90/><F3/><W73/><G125/><T29/><D117/><U54/><E118/><V119/><F119/><W82/><G108/><T45/><D106/><U25/><E23/><V34/><F128/><W105/><G105/><T41/><D104/><U50/><E89/><V122/><F19/><W28/><G47/><T120/><D120/><N who="2" m="46186" /><F90/><W18/><G66/><T126/><D126/><U36/><E99/><V52/><F40/><W95/><REACH who="3" step="1"/><G28/><REACH who="3" ten="204,324,324,118" step="2"/><T97/><D46/><U74/><E44/><V113/><F113/><W77/><G77/><T129/><D129/><U49/><REACH who="1" step="1"/><E74/><REACH who="1" ten="204,314,324,118" step="2"/><V15/><F15/><W1/><G1/><T110/><D110/><U69/><E69/><V13/><F13/><W58/><G58/><T32/><D2/><U27/><E27/><V134/><F134/><W43/><G43/><T65/><D31/><AGARI ba="6,4" hai="22,25,31,36,38,39,49,50,51,54,57,61,64,70" machi="31" ten="40,1300,0" yaku="1,1,53,0" doraHai="114" doraHaiUra="11" who="1" fromWho="0" sc="204,-31,314,71,324,0,118,0" owari="173,-22.7,385,48.5,324,12.4,118,-38.2" /></mjloggm>