<mjloggm ver="2.3"><GO type="169" lobby="0"/><UN n0="%E6%9C%AC%E5%AE%B6%E3%81%8B%E3%81%BE%E3%81%A9%E3%82%84" n1="%E7%8C%AA%E7%8B%A9%E5%AE%88" n2="%6B%61%74%65%72%69%6E%61" n3="%E3%81%B1%E3%82%93%E3%81%AA%E3%81%93%E3%81%BE%E3%81%A3%E3%81%9F" dan="16,17,16,17" rate="2126.47,2174.66,2120.03,2211.18" sx="M,M,M,M"/><TAIKYOKU oya="0"/><INIT seed="0,0,0,5,4,81" ten="250,250,250,250" oya="0" hai0="94,79,109,101,60,58,14,31,68,32,64,126,82" hai1="24,124,62,74,49,40,51,118,114,20,63,41,97" hai2="96,69,100,73,52,119,95,111,127,131,22,42,135" hai3="16,13,23,5,85,128,103,21,57,53,92,43,35"/><T84/><D126/><U46/><E74/><V99/><F111/><W28/><G128/><T25/><D109/><U105/><E118/><V80/><F69/><W9/><G43/><T29/><D29/><U115/><E124/><V106/><F127/><W67/><G35/><T93/><D101/><U102/><E41/><V54/><F131/><W75/><G75/><T133/><D133/><U112/><REACH who="1" step="1"/><E51/><REACH who="1" ten="250,240,250,250" step="2"/><V59/><F42/><W89/><G28/><AGARI ba="0,1" hai="20,24,28,40,46,49,62,63,97,102,105,112,114,115" machi="28" ten="40,8000,1" yaku="1,1,2,1,11,1,53,1" doraHai="81" doraHaiUra="45" who="1" fromWho="3" sc="250,0,240,90,250,0,250,-80" /><INIT seed="1,0,0,5,5,51" ten="250,330,250,170" oya="1" hai0="67,126,1,24,7,31,49,90,54,6,86,72,80" hai1="123,87,101,125,79,48,21,26,62,9,96,12,117" hai2="63,105,83,95,58,69,28,104,133,5,111,82,114" hai3="73,29,44,124,102,17,131,39,33,91,116,89,120"/><U71/><E117/><V34/><F69/><W134/><G120/><T68/><D126/><U13/><E123/><V112/><F111/><W65/><G124/><T109/><D109/><U8/><E125/><V57/><F133/><W75/><G116/><T113/><D113/><N who="2" m="43626" /><F5/><W40/><G131/><T25/><D1/><U94/><E71/><V19/><F19/><W115/><G115/><T43/><D43/><U70/><E70/><V93/><F28/><W4/><G65/><T27/><D31/><U64/><E64/><V78/><F34/><W46/><G134/><T56/><REACH who="0" step="1"/><D72/><REACH who="0" ten="240,330,250,170" step="2"/><U128/><E128/><V11/><F105/><W98/><G75/><T15/><D15/><U14/><E9/><V81/><F104/><W97/><G73/><T129/><D129/><U84/><E8/><V60/><F11/><W103/><G29/><T122/><D122/><U3/><E3/><V106/><F106/><W55/><G40/><T0/><D0/><U108/><E108/><V52/><F78/><W110/><G110/><T36/><D36/><U23/><E12/><V127/><F127/><W132/><G39/><T16/><D16/><U130/><E13/><V38/><F38/><W121/><G132/><T74/><D74/><U35/><E14/><V50/><F50/><W10/><G121/><T100/><D100/><U45/><E101/><V66/><AGARI ba="0,1" hai="52,57,58,60,63,66,81,82,83,93,95" m="43626" machi="66" ten="30,4000,0" yaku="11,1,52,1,54,1" doraHai="51" who="2" fromWho="2" sc="240,-10,330,-20,250,50,170,-10" /><INIT seed="2,0,0,3,1,11" ten="230,310,300,160" oya="2" hai0="57,124,117,41,110,114,88,82,103,2,73,113,50" hai1="134,10,122,44,127,119,66,8,115,128,35,21,94" hai2="27,51,58,14,59,105,70,95,108,20,120,99,18" hai3="16,68,52,104,24,131,6,64,109,60,129,39,17"/><V28/><F120/><W54/><G39/><T0/><D110/><U5/><E115/><V90/><F70/><W69/><G104/><T106/><D124/><U37/><E119/><V40/><F105/><W96/><G109/><T132/><D117/><U126/><E35/><V32/><REACH who="2" step="1"/><F108/><REACH who="2" ten="230,310,290,160" step="2"/><W19/><G69/><T34/><D106/><U77/><E122/><V47/><AGARI ba="0,1" hai="14,18,20,27,28,32,40,47,51,58,59,90,95,99" machi="47" ten="30,11700,0" yaku="1,1,2,1,0,1,52,1,53,0" doraHai="11" doraHaiUra="48" who="2" fromWho="2" sc="230,-39,310,-39,290,127,160,-39" /><INIT seed="2,1,0,5,5,109" ten="191,271,417,121" oya="2" hai0="3,65,126,8,134,24,52,87,127,108,130,19,117" hai1="14,58,131,67,97,13,98,27,112,48,132,53,6" hai2="102,85,79,91,120,128,125,32,16,31,111,115,17" hai3="36,104,122,39,116,56,110,82,129,10,2,75,61"/><V69/><F115/><W119/><G122/><T77/><D117/><U33/><E131/><V50/><F120/><W101/><G129/><T94/><D130/><U15/><E132/><V1/><F128/><W34/><G110/><T68/><D108/><U64/><E6/><V38/><F38/><W46/><G34/><T20/><D134/><U72/><E72/><V123/><F123/><W41/><G39/><T47/><D65/><N who="1" m="25163" /><E33/><V71/><F111/><W35/><G35/><T124/><D68/><U107/><E107/><V135/><F135/><W0/><G56/><T29/><D3/><U57/><E27/><V7/><F125/><W23/><G61/><T113/><D113/><U74/><E74/><V40/><F102/><W105/><G105/><T55/><BYE who="3" /><D47/><N who="1" m="27807" /><E112/><UN n3="%E3%81%B1%E3%82%93%E3%81%AA%E3%81%93%E3%81%BE%E3%81%A3%E3%81%9F" /><V54/><F40/><W44/><G44/><T86/><D77/><U9/><E9/><V18/><F79/><N who="3" m="44415" /><G23/><T60/><D60/><U37/><E37/><V96/><F96/><AGARI ba="1,0" hai="13,14,15,57,58,96,97,98" m="27807,25163" machi="96" ten="30,1000,0" yaku="8,1" doraHai="109" who="1" fromWho="2" sc="191,0,271,13,417,-13,121,0" /><INIT seed="3,0,0,3,3,103" ten="191,284,404,121" oya="3" hai0="86,9,92,53,19,64,22,113,130,71,61,25,47" hai1="125,117,118,41,8,132,6,54,27,121,133,14,7" hai2="57,55,107,82,114,91,65,81,21,78,87,1,33" hai3="69,3,2,108,15,66,16,13,85,62,97,10,67"/><W88/><G108/><T31/><D130/><U40/><E54/><V115/><F33/><W20/><G97/><T58/><D113/><U44/><E44/><V70/><F1/><W83/><REACH who="3" step="1"/><G67/><REACH who="3" ten="191,284,404,111" step="2"/><T109/><D109/><U28/><E121/><V34/><F65/><W26/><G26/><T111/><D111/><U96/><E96/><V52/><F115/><W75/><G75/><T98/><D98/><U12/><E125/><V89/><F114/><W80/><G80/><T48/><D71/><U74/><E74/><V102/><F82/><W73/><G73/><T131/><D86/><U99/><E99/><V84/><F84/><W39/><G39/><T110/><D110/><U29/><E27/><V77/><F87/><W90/><G90/><T105/><D64/><U72/><E72/><V94/><F81/><W45/><G45/><T127/><D25/><U122/><E122/><V42/><F91/><W24/><G24/><T30/><D47/><U23/><E41/><V56/><F89/><W38/><G38/><T112/><D112/><U124/><E40/><V101/><F42/><W5/><AGARI ba="0,1" hai="2,3,5,10,13,15,16,20,62,66,69,83,85,88" machi="5" ten="20,18000,2" yaku="1,1,0,1,7,1,54,2,53,1" doraHai="103" doraHaiUra="18" who="3" fromWho="3" sc="191,-60,284,-60,404,-60,111,190" /><INIT seed="3,1,0,2,4,46" ten="131,224,344,301" oya="3" hai0="16,58,90,60,107,14,102,61,70,104,66,8,32" hai1="50,95,124,39,131,43,132,105,96,37,0,13,118" hai2="31,79,125,108,1,101,73,86,24,74,2,109,21" hai3="56,100,135,126,34,3,129,117,19,85,111,63,48"/><W91/><G117/><T75/><D75/><N who="2" m="28682" /><F101/><W106/><G3/><T110/><D32/><U68/><E0/><V62/><F62/><W41/><G34/><T94/><D102/><U57/><E68/><V33/><F21/><W53/><G126/><T122/><D122/><U42/><E105/><V67/><F67/><W88/><G129/><T65/><REACH who="0" step="1"/><D110/><REACH who="0" ten="121,224,344,301" step="2"/><N who="2" m="42602" /><F125/><W22/><G111/><T71/><D71/><U72/><E124/><V128/><F128/><W18/><G100/><T69/><D69/><U116/><E72/><V92/><F92/><W55/><G106/><T119/><D119/><U134/><E131/><V115/><F115/><W44/><G135/><T78/><D78/><U5/><E95/><V113/><F113/><W45/><G91/><T7/><D7/><U6/><E6/><V112/><F112/><W76/><G76/><T54/><D54/><U4/><E4/><V64/><F64/><W38/><REACH who="3" step="1"/><G22/><REACH who="3" ten="121,224,344,291" step="2"/><T114/><D114/><U49/><E132/><V17/><F79/><W89/><G89/><T28/><D28/><U97/><E134/><V81/><F31/><W29/><G29/><T36/><D36/><U83/><E118/><V47/><F33/><W103/><G103/><T26/><D26/><U9/><E116/><V51/><F24/><W121/><G121/><T59/><D59/><U120/><E37/><V98/><F2/><W133/><G133/><T82/><D82/><AGARI ba="1,2" hai="18,19,38,41,44,45,48,53,55,56,63,82,85,88" machi="82" ten="30,12000,1" yaku="1,1,7,1,52,1,54,1,53,1" doraHai="46" doraHaiUra="77" who="3" fromWho="0" sc="121,-123,224,0,344,0,291,143" owari="-2,-50.2,224,-17.6,344,14.4,434,53.4" /></mjloggm>