<mjloggm ver="2.3"><GO type="169" lobby="0"/><UN n0="%E8%B5%A4%E7%BE%8E%E6%BF%83%E3%81%BE%E3%81%90%E3%82%8D" n1="%E3%83%90%E3%82%AD" n2="%48%61%6C%66%73" n3="%E4%BA%8C%E9%9A%8E%E5%A0%82%E7%9C%9F%E7%B4%85%E3%81%A1%E3%82%83%E3%82%93" dan="17,16,17,16" rate="2231.14,2179.55,2155.41,2142.49" sx="M,M,M,M"/><TAIKYOKU oya="0"/><INIT seed="0,0,0,0,1,33" ten="250,250,250,250" oya="0" hai0="9,118,40,49,31,13,80,53,120,18,59,2,48" hai1="38,51,70,122,92,41,126,88,84,117,73,114,134" hai2="47,29,83,112,87,20,108,27,116,60,133,44,67" hai3="96,54,3,45,63,97,0,129,69,24,43,39,65"/><T74/><D118/><U35/><RYUUKYOKU type="yao9" ba="0,0" sc="250,0,250,0,250,0,250,0" hai1="35,38,41,51,70,73,84,88,92,114,117,122,126,134" /><INIT seed="0,1,0,1,4,43" ten="250,250,250,250" oya="0" hai0="89,30,132,99,105,122,54,76,86,124,26,121,119" hai1="126,72,31,128,101,75,1,114,97,104,91,21,52" hai2="38,25,55,125,19,41,47,111,117,0,49,44,5" hai3="110,127,50,58,70,64,14,65,123,118,29,63,88"/><T80/><D119/><U48/><E1/><V45/><F117/><W74/><G74/><T134/><D54/><U81/><E128/><V34/><F111/><W107/><G107/><T78/><D26/><U71/><E126/><V84/><F125/><W16/><G29/><T120/><D30/><U7/><E71/><V73/><F73/><W13/><G123/><T69/><D69/><U33/><E33/><V79/><F34/><W15/><G110/><T92/><D124/><U35/><E35/><V42/><F5/><W37/><G37/><T77/><D105/><U82/><E7/><V32/><F0/><W17/><G118/><T95/><D95/><U106/><E114/><V90/><F79/><AGARI ba="1,0" hai="76,77,78,79,80,86,89,92,99,120,121,122,132,134" machi="79" ten="50,9600,0" yaku="34,3" doraHai="43" who="0" fromWho="2" sc="250,99,250,0,250,-99,250,0" /><INIT seed="0,2,0,4,5,51" ten="349,250,151,250" oya="0" hai0="120,62,74,124,112,38,94,53,43,11,20,55,27" hai1="122,114,33,127,48,83,126,32,26,21,31,98,28" hai2="82,119,133,92,63,36,0,129,123,25,40,69,52" hai3="73,81,107,34,99,61,17,110,88,101,2,42,79"/><T134/><D120/><U54/><E122/><V100/><F123/><W130/><G34/><T1/><D112/><U22/><E114/><V76/><F0/><W45/><G110/><T96/><D74/><U5/><E5/><V90/><F129/><W115/><G115/><T121/><D121/><U72/><E98/><V23/><F133/><W75/><G17/><T71/><D134/><U39/><E39/><V57/><F100/><W109/><G75/><T78/><D78/><N who="1" m="44487" /><E22/><V102/><F102/><W41/><G2/><T89/><D124/><N who="1" m="47659" /><E28/><V104/><F104/><W47/><G130/><T44/><D1/><U29/><E29/><V4/><F4/><W14/><G99/><T50/><D11/><U37/><E37/><V132/><F119/><W6/><G6/><T95/><D38/><U103/><E103/><V113/><F132/><W106/><G101/><T7/><D7/><U108/><E108/><V117/><F117/><W128/><G109/><T49/><D95/><U84/><E84/><N who="2" m="48199" /><F69/><W56/><G128/><T116/><D116/><U9/><E9/><V118/><F118/><W135/><G135/><T131/><D131/><U77/><E77/><V65/><F36/><W85/><G79/><T60/><D71/><U18/><E31/><N who="2" m="17855" /><F113/><W125/><G73/><T93/><D93/><U8/><E8/><V16/><F16/><W10/><G125/><T64/><D94/><U19/><E19/><V97/><F40/><N who="3" m="15467" /><G107/><T15/><D89/><U67/><E67/><AGARI ba="2,0" hai="52,57,63,65,67,90,92,97" m="17855,48199" machi="67" ten="30,3900,0" yaku="8,1,52,1,54,1" doraHai="51" who="2" fromWho="1" sc="349,0,250,-45,151,45,250,0" /><INIT seed="1,0,0,0,4,45" ten="349,205,196,250" oya="1" hai0="83,82,130,7,19,101,60,40,98,47,46,37,64" hai1="73,33,76,52,48,123,3,2,91,96,53,49,93" hai2="103,74,132,95,58,88,129,17,127,6,86,135,69" hai3="120,99,1,126,28,113,54,31,85,81,97,89,70"/><U68/><E68/><V22/><F69/><W125/><G1/><T102/><D130/><U63/><E123/><V50/><F74/><W59/><G70/><T16/><D7/><U75/><E33/><V34/><F34/><W106/><G113/><T115/><D115/><U133/><E63/><V42/><F129/><W15/><G15/><T80/><D46/><U57/><E133/><V20/><F127/><N who="3" m="48651" /><G120/><T26/><D26/><U5/><E76/><V94/><F6/><W77/><G89/><T104/><REACH who="0" step="1"/><D102/><REACH who="0" ten="339,205,196,250" step="2"/><U0/><REACH who="1" step="1"/><E5/><REACH who="1" ten="339,195,196,250" step="2"/><V56/><F132/><W119/><G119/><T14/><D14/><U114/><E114/><V66/><F135/><W118/><G118/><T9/><D9/><U51/><E51/><V108/><F50/><N who="3" m="31191" /><G106/><T11/><D11/><U92/><E92/><V84/><F95/><W131/><G131/><T90/><D90/><U105/><E105/><V87/><F88/><W41/><G77/><T4/><D4/><U43/><E43/><V55/><F42/><W62/><G41/><T23/><D23/><U134/><E134/><V100/><F20/><W10/><G10/><T36/><D36/><U122/><E122/><V72/><F94/><W38/><G38/><T78/><D78/><U110/><E110/><V13/><F108/><W27/><G81/><T107/><D107/><U24/><E24/><V71/><F22/><W121/><G27/><T128/><D128/><U29/><E29/><V109/><F109/><W8/><G31/><T116/><D116/><U35/><E35/><V32/><F32/><W12/><G121/><T25/><D25/><RYUUKYOKU ba="0,2" sc="339,15,195,15,196,-15,250,-15" hai0="16,19,37,40,47,60,64,80,82,83,98,101,104" hai1="0,2,3,48,49,52,53,57,73,75,91,93,96" /><INIT seed="1,1,2,3,2,37" ten="354,210,181,235" oya="1" hai0="127,11,20,90,134,42,43,59,71,28,79,49,35" hai1="129,29,98,32,46,111,118,92,115,130,87,77,48" hai2="97,70,55,60,85,125,102,86,9,108,80,54,99" hai3="45,76,12,66,82,17,31,13,135,116,128,131,24"/><U124/><E115/><V101/><F108/><W2/><G66/><T16/><D71/><U122/><E118/><V64/><F125/><W40/><G2/><T22/><D35/><U106/><E122/><V73/><F73/><W38/><G135/><T23/><D79/><U123/><E123/><V8/><F64/><W72/><G116/><T7/><D127/><U105/><E124/><V61/><REACH who="2" step="1"/><F70/><REACH who="2" ten="354,210,171,235" step="2"/><W132/><G132/><T58/><D134/><U75/><E75/><V89/><F89/><W57/><G57/><T39/><D90/><U3/><E111/><V15/><F15/><W27/><G13/><N who="0" m="5375" /><D59/><U67/><E67/><V6/><F6/><W103/><G103/><T51/><D58/><U10/><E3/><V19/><F19/><W83/><G12/><T65/><D65/><U78/><E78/><V74/><F74/><W34/><G17/><T119/><D16/><U62/><E77/><V69/><F69/><W133/><G133/><T68/><D68/><U52/><E130/><N who="3" m="49706" /><G27/><T126/><D126/><U1/><E129/><V120/><F120/><W84/><G72/><T44/><D119/><U107/><E1/><V25/><F25/><W81/><AGARI ba="1,3" hai="24,31,34,38,40,45,76,81,82,83,84" m="49706" machi="81" ten="30,2000,0" yaku="19,1,52,1" doraHai="37" who="3" fromWho="3" sc="354,-6,210,-11,171,-6,235,53" /><INIT seed="2,0,0,1,0,96" ten="348,199,165,288" oya="2" hai0="70,42,79,84,66,98,24,130,91,43,115,133,109" hai1="1,40,64,86,63,116,87,122,92,14,77,0,28" hai2="47,103,67,37,27,90,72,117,111,18,8,55,16" hai3="108,29,114,59,6,94,45,93,75,2,112,82,65"/><V34/><F117/><W124/><G29/><T13/><D115/><U119/><E122/><V58/><F72/><W31/><G31/><T50/><D109/><U39/><E28/><V101/><F34/><W129/><G6/><T51/><D130/><U107/><E107/><V97/><F111/><W9/><G9/><T7/><D133/><U89/><E40/><N who="0" m="15401" /><D70/><U104/><E104/><V74/><F74/><W25/><G94/><N who="0" m="56671" /><D66/><U19/><E39/><V54/><F67/><W15/><G15/><T83/><D24/><U106/><E106/><V125/><F125/><W41/><G59/><T52/><D52/><N who="2" m="20010" /><F47/><W78/><G45/><T44/><D44/><U62/><E119/><V61/><F37/><W100/><G41/><T11/><AGARI ba="0,0" hai="7,11,13,50,51,79,83,84" m="56671,15401" machi="11" ten="30,1100,0" yaku="8,1" doraHai="96" who="0" fromWho="0" sc="348,11,199,-3,165,-5,288,-3" /><INIT seed="3,0,0,5,0,133" ten="359,196,160,285" oya="3" hai0="127,40,94,30,82,64,126,48,45,15,20,72,125" hai1="77,2,29,123,124,135,67,49,116,21,88,83,100" hai2="71,119,96,129,57,68,1,12,84,97,112,76,11" hai3="55,5,32,90,75,86,62,91,134,8,74,66,26"/><W85/><G55/><T36/><D64/><U35/><E123/><V117/><F112/><W102/><G102/><T52/><D94/><U81/><E135/><V47/><F1/><W108/><G26/><N who="0" m="16711" /><D15/><U70/><E2/><V113/><F113/><W4/><G32/><T63/><D63/><U128/><E116/><V7/><F129/><W51/><G51/><T39/><D40/><U130/><E35/><V58/><F47/><W93/><G108/><T78/><AGARI ba="0,0" hai="36,39,45,48,52,72,78,82,125,126,127" m="16711" machi="78" ten="40,8000,1" yaku="18,1,52,3,54,1" doraHai="133" who="0" fromWho="0" sc="359,80,196,-20,160,-20,285,-40" /><INIT seed="4,0,0,1,2,93" ten="439,176,140,245" oya="0" hai0="110,116,98,31,97,35,122,87,1,53,67,72,69" hai1="54,132,18,127,13,17,49,41,24,105,34,100,71" hai2="128,90,27,117,15,12,68,58,88,11,91,63,43" hai3="73,115,0,55,37,120,113,57,92,33,104,65,76"/><T80/><D72/><U51/><E132/><V77/><F128/><W99/><G33/><T30/><D1/><U107/><E127/><V6/><F117/><W66/><G37/><T47/><D116/><U95/><E71/><V129/><F129/><W106/><G0/><T22/><D35/><U7/><E7/><V10/><F68/><W96/><G76/><T118/><D118/><U8/><E41/><V109/><F109/><W124/><G73/><T85/><D69/><U64/><E64/><N who="3" m="24682" /><G120/><T56/><D122/><U50/><E54/><V16/><F43/><W9/><G9/><T28/><D67/><U26/><E26/><V32/><F77/><W114/><G124/><T14/><D47/><U61/><E61/><V70/><F70/><W133/><G133/><T123/><D123/><U52/><E52/><N who="2" m="34247" /><F32/><W46/><G46/><T4/><D110/><U29/><REACH who="1" step="1"/><E18/><REACH who="1" ten="439,166,140,245" step="2"/><N who="2" m="8479" /><F27/><W45/><G45/><T94/><D4/><AGARI ba="0,1" hai="4,6,10,15,16,88,90,91" m="8479,34247" machi="4" ten="30,7700,0" yaku="8,1,54,3" doraHai="93" who="2" fromWho="0" sc="439,-77,166,0,140,87,245,0" /><INIT seed="5,0,0,5,4,71" ten="362,166,227,245" oya="1" hai0="49,101,26,110,80,19,114,9,12,48,72,15,122" hai1="130,90,129,74,112,7,89,127,134,40,78,14,109" hai2="27,43,126,113,123,120,58,105,10,133,83,62,82" hai3="8,85,51,67,73,16,23,29,119,11,68,132,46"/><U92/><E40/><V28/><F133/><W39/><G73/><T2/><D110/><U108/><E7/><V135/><F135/><W77/><G39/><T128/><D2/><U13/><E134/><V20/><F105/><W106/><G106/><T87/><D72/><U59/><E59/><V104/><F104/><W63/><G29/><T121/><D114/><U32/><E32/><V91/><F126/><W24/><G119/><T35/><D101/><U69/><E69/><V115/><F43/><W33/><G33/><T60/><D60/><U107/><E107/><V42/><F42/><W100/><G100/><T25/><D128/><N who="1" m="49259" /><E112/><N who="2" m="43083" /><F10/><W38/><G38/><T36/><D36/><U84/><E127/><V3/><F3/><W99/><G99/><T1/><D1/><U0/><E0/><V86/><F82/><W98/><G98/><T52/><D15/><N who="1" m="5643" /><E89/><V81/><F81/><AGARI ba="0,0" hai="74,78,81,84,90,92,108,109" m="5643,49259" machi="81" ten="30,1500,0" yaku="19,1" doraHai="71" who="1" fromWho="2" sc="362,0,166,15,227,-15,245,0" /><INIT seed="5,1,0,1,5,16" ten="362,181,212,245" oya="1" hai0="100,49,26,72,71,102,97,88,62,107,79,31,133" hai1="4,115,113,85,3,18,46,75,112,111,1,27,91" hai2="109,92,54,61,114,117,45,121,132,32,22,125,50" hai3="53,42,76,7,28,69,90,82,65,36,68,84,52"/><U38/><E75/><V40/><F32/><W74/><G7/><T9/><D102/><U108/><E38/><V129/><F109/><N who="1" m="42057" /><E46/><V13/><F121/><W131/><G131/><T81/><D9/><U56/><E4/><V63/><F117/><W29/><G42/><T60/><D133/><U21/><E56/><V11/><F132/><W55/><G36/><T83/><D49/><U51/><E51/><V96/><F125/><W0/><G0/><T48/><D48/><U99/><E99/><V8/><F114/><W124/><G124/><T2/><D2/><U134/><E134/><V78/><F78/><W20/><G65/><T70/><D62/><N who="2" m="23562" /><F54/><W73/><G73/><T94/><D83/><AGARI ba="1,0" hai="1,3,18,21,27,83,85,91,112,113,115" m="42057" machi="83" ten="40,7700,0" yaku="15,1,10,1,52,1" doraHai="16" who="1" fromWho="0" sc="362,-80,181,80,212,0,245,0" /><INIT seed="5,2,0,1,2,82" ten="282,261,212,245" oya="1" hai0="96,54,33,134,64,99,6,130,17,4,89,42,71" hai1="95,85,72,75,80,60,103,131,51,30,8,57,70" hai2="86,111,36,128,90,97,76,67,43,123,66,98,63" hai3="125,107,100,121,110,133,49,46,124,38,127,106,93"/><U47/><E70/><V65/><F111/><W50/><G38/><T101/><D33/><U15/><E131/><V26/><F123/><W81/><G110/><T9/><D42/><U31/><E75/><V87/><F128/><W114/><G121/><T109/><D109/><U18/><E72/><V14/><F36/><W83/><G50/><T62/><D130/><U45/><E95/><V78/><F43/><W74/><G49/><T55/><D134/><U56/><E103/><V132/><F132/><W3/><G46/><N who="1" m="17418" /><E51/><V104/><F104/><N who="3" m="39979" /><G3/><T88/><D99/><N who="2" m="37898" /><F26/><W92/><G100/><T41/><D41/><U115/><E115/><V39/><F39/><W113/><G133/><T59/><D71/><U10/><E8/><V44/><F44/><W91/><G93/><N who="0" m="56359" /><D101/><U84/><E80/><N who="3" m="30794" /><G74/><T7/><D89/><U135/><E135/><V118/><F90/><W16/><G16/><T12/><AGARI ba="2,0" hai="4,6,7,9,12,17,54,55,59,62,64" m="56359" machi="12" ten="30,2000,0" yaku="8,1,54,1" doraHai="82" who="0" fromWho="0" sc="282,26,261,-12,212,-7,245,-7" /><INIT seed="6,0,0,1,3,98" ten="308,249,205,238" oya="2" hai0="75,56,124,92,128,43,34,20,48,68,23,7,107" hai1="109,131,61,78,90,13,2,10,30,127,122,102,67" hai2="18,79,116,9,100,119,49,0,70,63,103,81,97" hai3="19,76,93,40,47,53,24,37,82,91,105,66,101"/><V39/><F39/><W62/><G53/><T22/><D34/><U89/><E109/><V3/><F49/><W121/><G121/><T54/><D107/><U16/><E122/><V123/><F123/><W5/><G5/><T57/><D68/><U95/><E127/><V84/><F0/><W69/><G105/><T12/><D75/><U130/><E78/><V55/><F100/><W35/><G101/><T51/><D124/><U132/><E30/><V27/><F3/><W71/><G19/><T44/><D128/><N who="1" m="49195" /><E2/><V108/><F108/><W87/><G24/><T64/><D92/><U125/><E132/><V28/><F9/><W94/><G35/><T26/><D64/><U129/><E125/><V59/><F18/><W113/><G113/><T111/><D111/><U8/><E8/><V106/><REACH who="2" step="1"/><F70/><REACH who="2" ten="308,249,195,238" step="2"/><W77/><G71/><T80/><D7/><U6/><E6/><V4/><F4/><W31/><G31/><T112/><D112/><U36/><E36/><V120/><F120/><W96/><G69/><T114/><D114/><U45/><E129/><V134/><F134/><W42/><G37/><T32/><D51/><U117/><E102/><V133/><F133/><W11/><G11/><T15/><D48/><U33/><E10/><V72/><F72/><W41/><G47/><T118/><D44/><U50/><E45/><V115/><F115/><W85/><G41/><T74/><D74/><U135/><E135/><V65/><F65/><W88/><G77/><T99/><D56/><U25/><E67/><V73/><F73/><W58/><AGARI ba="0,1" hai="40,42,58,62,66,76,82,85,87,88,91,93,94,96" machi="58" ten="20,5200,0" yaku="0,1,7,1,8,1,54,1" doraHai="98" who="3" fromWho="3" sc="308,-13,249,-13,195,-26,238,62" /><INIT seed="7,0,0,1,5,135" ten="295,236,169,300" oya="3" hai0="103,96,122,70,83,58,126,57,23,131,53,91,123" hai1="101,82,111,4,113,79,120,29,73,20,89,55,46" hai2="27,56,81,26,99,65,43,72,52,133,130,34,67" hai3="121,117,12,10,38,107,94,47,78,69,74,95,7"/><W30/><G107/><T108/><D70/><U71/><E120/><V63/><F133/><W54/><G69/><T0/><D0/><U62/><E111/><V36/><F130/><W3/><G117/><T100/><D108/><U97/><E113/><V134/><F134/><W76/><G30/><T2/><D2/><U48/><E89/><V105/><F36/><W68/><G68/><T42/><D42/><U124/><E124/><V14/><F43/><N who="3" m="23031" /><G78/><T114/><D126/><U40/><E4/><V104/><F104/><W39/><G39/><T35/><D35/><U33/><E20/><V90/><F14/><W44/><G12/><T11/><D114/><U1/><E1/><V9/><F9/><W32/><G32/><T6/><D131/><U64/><E40/><V106/><F106/><W88/><G88/><T85/><D23/><U49/><E49/><V59/><F34/><W115/><G121/><T125/><D125/><U15/><E15/><V17/><F59/><W80/><G115/><T61/><D58/><U18/><E18/><V21/><F27/><W84/><G84/><T19/><D19/><U13/><E13/><V116/><F116/><W128/><G128/><T28/><D28/><U93/><E33/><V92/><F105/><W24/><G24/><T50/><D11/><U119/><E119/><V22/><F22/><W31/><G31/><T77/><D6/><U75/><E29/><V110/><F110/><W8/><G8/><T87/><D123/><U112/><E112/><V98/><F98/><W66/><G66/><N who="2" m="25097" /><F72/><AGARI ba="0,0" hai="46,48,55,62,64,71,72,73,75,79,82,93,97,101" machi="72" ten="30,1000,0" yaku="7,1" doraHai="135" who="1" fromWho="2" sc="295,0,236,10,169,-10,300,0" owari="295,9.5,246,-15.4,159,-34.1,300,40.0" /></mjloggm>