<mjloggm ver="2.3"><GO type="169" lobby="0"/><UN n0="%E2%97%8E%E3%82%88%E3%81%97%E2%97%8E" n1="%E6%9D%BE%E6%9C%AC%E5%81%A5%E7%94%B7" n2="%E7%B8%A6%E9%B3%A5%E5%8D%83%E6%B3%A2" n3="%E3%81%9D%E3%82%93%E3%81%97%E6%A7%98" dan="17,17,16,18" rate="2186.32,2244.56,2143.34,2219.15" sx="M,M,F,M"/><TAIKYOKU oya="0"/><INIT seed="0,0,0,5,4,63" ten="250,250,250,250" oya="0" hai0="42,93,77,55,116,111,14,79,48,115,112,69,54" hai1="76,131,95,113,33,120,43,96,67,118,18,88,19" hai2="6,99,23,36,105,40,17,130,84,10,45,57,52" hai3="29,132,2,16,128,75,31,34,126,26,87,121,117"/><T53/><D116/><U0/><E118/><V37/><F130/><W35/><G75/><T127/><D127/><U106/><E120/><V108/><F108/><W102/><G102/><T30/><D69/><U49/><E131/><V97/><F37/><W72/><G72/><T21/><D111/><U1/><E113/><V22/><F84/><W114/><G128/><T60/><D60/><U104/><E33/><V24/><F23/><N who="3" m="13671" /><G87/><T98/><D112/><U56/><E76/><N who="0" m="29257" /><D42/><U92/><E0/><V62/><REACH who="2" step="1"/><F105/><REACH who="2" ten="250,250,240,250" step="2"/><W51/><G114/><T110/><D115/><U81/><E106/><V59/><F59/><W125/><G35/><T90/><D110/><U73/><E104/><V123/><F123/><W8/><G34/><T100/><D100/><U7/><E56/><V80/><F80/><W3/><G121/><T58/><D30/><U135/><E73/><V122/><F122/><W89/><G31/><T70/><D70/><U82/><E82/><V78/><F78/><W101/><G101/><T134/><D134/><U12/><E81/><V103/><F103/><W9/><G29/><T46/><D58/><U74/><E74/><V5/><F5/><N who="3" m="1079" /><G132/><T65/><D93/><U68/><E135/><V61/><F61/><W11/><G117/><T64/><D90/><U124/><E95/><V71/><F71/><W32/><G32/><T39/><D39/><U20/><E88/><V25/><F25/><W107/><G107/><T86/><D86/><U94/><E94/><V4/><F4/><N who="3" m="1183" /><G89/><T44/><D98/><U133/><E96/><V15/><AGARI ba="0,1" hai="6,10,15,17,22,24,36,40,45,52,57,62,97,99" machi="15" ten="20,5200,0" yaku="1,1,0,1,7,1,54,1,53,0" doraHai="63" doraHaiUra="83" who="2" fromWho="2" sc="250,-26,250,-13,240,62,250,-13" /><INIT seed="1,0,0,4,5,111" ten="224,237,302,237" oya="1" hai0="23,79,82,99,30,92,67,97,74,113,118,38,6" hai1="52,17,77,122,116,66,100,131,133,132,69,11,21" hai2="110,1,47,80,112,34,127,119,130,114,107,48,134" hai3="50,39,108,13,10,43,36,15,40,90,106,3,126"/><U29/><E116/><V35/><RYUUKYOKU type="yao9" ba="0,0" sc="224,0,237,0,302,0,237,0" hai2="1,34,35,47,48,80,107,110,112,114,119,127,130,134" /><INIT seed="1,1,0,2,5,97" ten="224,237,302,237" oya="1" hai0="62,76,78,85,24,46,110,9,67,33,54,106,84" hai1="133,56,51,119,21,118,65,115,124,93,122,48,4" hai2="111,26,73,8,43,107,20,11,53,125,1,44,30" hai3="34,121,14,58,42,109,29,66,70,57,39,87,27"/><U102/><E115/><V63/><F73/><W86/><G109/><T128/><D110/><U88/><E122/><V3/><F111/><W25/><G121/><T49/><D128/><U38/><E38/><V120/><F120/><W94/><G70/><T28/><D106/><U37/><E37/><V13/><F107/><W69/><G69/><T81/><D9/><U130/><E130/><V108/><F108/><W12/><G42/><T126/><D126/><U19/><E124/><V5/><F125/><W32/><G39/><T95/><D95/><U68/><E133/><V16/><F43/><W7/><G94/><T114/><D114/><U52/><E4/><N who="2" m="1055" /><F53/><W15/><G7/><T117/><D117/><U96/><E51/><V55/><F55/><W22/><G66/><T99/><D99/><U79/><E79/><V135/><F63/><W31/><G22/><T17/><D17/><U61/><REACH who="1" step="1"/><E102/><REACH who="1" ten="224,227,302,237" step="2"/><V129/><F129/><W113/><G113/><T47/><D78/><U41/><E41/><V116/><F135/><W0/><G0/><T50/><D50/><U74/><E74/><V18/><F44/><W82/><REACH who="3" step="1"/><G86/><REACH who="3" ten="224,227,302,227" step="2"/><T92/><D84/><U23/><E23/><N who="2" m="11663" /><F116/><W127/><G127/><T83/><D85/><U89/><E89/><AGARI ba="1,2" hai="12,14,15,25,27,29,31,32,34,57,58,82,87,89" machi="89" ten="40,2600,0" yaku="1,1,9,1,53,0" doraHai="97" doraHaiUra="104" who="3" fromWho="1" sc="224,0,227,-29,302,0,227,49" /><INIT seed="2,0,0,2,5,118" ten="224,198,302,276" oya="2" hai0="12,119,116,40,61,58,80,30,107,131,7,26,93" hai1="115,120,32,6,110,66,50,77,10,49,21,89,130" hai2="56,18,105,96,106,134,45,83,2,94,67,33,109" hai3="48,44,88,27,0,41,87,81,69,39,63,14,20"/><V19/><F33/><W64/><G14/><T112/><D107/><U85/><E115/><V16/><F2/><W84/><G0/><T36/><D112/><U113/><E113/><V97/><F134/><W15/><G15/><T1/><D1/><U34/><E110/><V60/><F109/><W72/><G84/><T5/><D131/><U23/><E130/><V38/><F83/><W132/><G132/><T62/><D93/><U22/><E66/><V128/><F128/><W76/><G39/><T99/><D99/><U53/><E50/><V86/><F86/><W102/><G102/><T57/><D40/><U43/><E43/><V68/><F68/><W59/><G69/><T123/><D36/><U24/><E77/><V42/><REACH who="2" step="1"/><F97/><REACH who="2" ten="224,198,292,276" step="2"/><W52/><G72/><T29/><D80/><U121/><E34/><V4/><F4/><W31/><REACH who="3" step="1"/><G76/><REACH who="3" ten="224,198,292,266" step="2"/><T51/><D119/><U100/><E6/><V103/><AGARI ba="0,2" hai="16,18,19,38,42,45,56,60,67,94,96,103,105,106" machi="103" ten="30,6000,0" yaku="1,1,0,1,54,1,53,0" doraHai="118" doraHaiUra="124" who="2" fromWho="2" sc="224,-20,198,-20,292,80,266,-20" /><INIT seed="2,1,0,2,5,81" ten="204,178,372,246" oya="2" hai0="119,72,42,56,79,103,0,105,133,60,112,30,73" hai1="51,67,26,2,31,91,113,122,131,101,98,121,44" hai2="132,69,89,10,29,66,45,95,50,17,25,74,96" hai3="92,21,129,78,48,80,93,9,94,35,62,65,70"/><V110/><F74/><W1/><G35/><T71/><D112/><U4/><E113/><V109/><F132/><W27/><G129/><T108/><D0/><U40/><E131/><V14/><F66/><W8/><G48/><T12/><D108/><U22/><E67/><V53/><REACH who="2" step="1"/><F69/><REACH who="2" ten="204,178,362,246" step="2"/><W126/><G126/><T54/><D71/><U76/><E122/><V13/><F13/><W84/><REACH who="3" step="1"/><G1/><REACH who="3" ten="204,178,362,236" step="2"/><T115/><D133/><U15/><E2/><V75/><F75/><W123/><G123/><T77/><D72/><U43/><E121/><V36/><F36/><W68/><G68/><T57/><D73/><U100/><E15/><V37/><F37/><W130/><G130/><T107/><D12/><U7/><E7/><V114/><F114/><W38/><G38/><T61/><D115/><U55/><E4/><V5/><F5/><W83/><G83/><T41/><D119/><U24/><E24/><V52/><F52/><W128/><G128/><T23/><D54/><U32/><E55/><V46/><F46/><W88/><G88/><T63/><D41/><U135/><E135/><V34/><AGARI ba="1,2" hai="10,14,17,25,29,34,45,50,53,89,95,96,109,110" machi="34" ten="30,3000,0" yaku="1,1,0,1,53,0" doraHai="81" doraHaiUra="116" who="2" fromWho="2" sc="204,-11,178,-11,362,53,236,-11" /><INIT seed="2,2,0,1,5,58" ten="193,167,415,225" oya="2" hai0="24,6,98,83,49,52,39,64,70,102,54,92,16" hai1="2,63,57,79,111,33,128,91,68,3,78,11,87" hai2="22,5,133,30,134,84,126,106,46,50,48,56,89" hai3="69,44,18,94,132,130,47,120,12,125,82,41,99"/><V55/><F106/><W101/><G120/><T97/><D39/><U116/><E116/><V19/><F5/><W76/><G130/><T86/><D6/><U53/><E128/><V67/><F126/><W26/><G132/><T62/><D98/><U73/><E111/><V27/><F30/><W40/><G69/><T107/><D107/><U4/><E33/><V131/><F131/><W110/><G110/><T45/><D24/><U0/><E73/><V66/><F66/><W80/><G26/><T13/><D49/><U123/><E68/><V71/><F71/><W17/><G17/><T25/><D45/><N who="3" m="17481" /><G125/><T9/><D25/><U72/><E72/><V104/><F104/><W112/><G112/><T108/><D108/><U96/><E96/><V103/><F103/><W43/><G76/><AGARI ba="2,0" hai="9,13,16,52,54,62,64,70,76,83,86,92,97,102" machi="76" ten="30,7700,0" yaku="7,1,52,1,54,2" doraHai="58" who="0" fromWho="3" sc="193,83,167,0,415,0,225,-83" /><INIT seed="3,0,0,5,5,56" ten="276,167,415,142" oya="3" hai0="11,123,18,79,95,0,118,90,16,59,13,89,65" hai1="7,21,3,37,112,39,96,46,26,122,98,64,14" hai2="23,105,47,75,110,80,101,29,15,30,86,28,129" hai3="66,82,121,12,108,67,48,62,74,84,71,102,44"/><W72/><G121/><T27/><D123/><U100/><E122/><V109/><F75/><W52/><G108/><N who="2" m="41577" /><F129/><W40/><G102/><T78/><D0/><U51/><E3/><V57/><F47/><W116/><G116/><T107/><D107/><U131/><E112/><V2/><F2/><W45/><G67/><T128/><D128/><U94/><E131/><V83/><F57/><W38/><REACH who="3" step="1"/><G12/><REACH who="3" ten="276,167,415,132" step="2"/><T126/><D118/><U77/><E64/><V134/><F134/><W8/><G8/><T36/><D13/><U133/><E133/><V124/><F15/><W4/><G4/><T49/><D65/><U106/><E14/><V127/><F101/><W35/><G35/><T135/><D11/><U73/><E7/><V68/><F124/><W53/><G53/><T111/><D126/><U34/><E34/><V55/><F55/><W54/><G54/><T20/><D111/><U25/><E106/><V113/><F105/><W91/><AGARI ba="0,1" hai="38,40,44,45,48,52,62,66,71,72,74,82,84,91" machi="91" ten="20,12000,1" yaku="1,1,0,1,7,1,52,1,54,1,53,0" doraHai="56" doraHaiUra="103" who="3" fromWho="3" sc="276,-40,167,-40,415,-40,132,130" /><INIT seed="3,1,0,3,5,46" ten="236,127,375,262" oya="3" hai0="67,42,62,36,118,75,124,66,25,26,52,55,40" hai1="65,90,121,3,51,14,127,103,68,12,106,119,5" hai2="49,95,94,38,64,79,35,133,15,73,101,45,114" hai3="93,61,24,18,58,19,50,21,72,100,84,107,4"/><W91/><G72/><T47/><D75/><U20/><E121/><V8/><F114/><W39/><G39/><T108/><D118/><U48/><E119/><V96/><F35/><W82/><G4/><T134/><D108/><U6/><E3/><V11/><F38/><W71/><G71/><T76/><D76/><U10/><E127/><V105/><F133/><W31/><G107/><T99/><D134/><U44/><E103/><V129/><F129/><W7/><G7/><T13/><D124/><U111/><E106/><V74/><F64/><W131/><G131/><T17/><D67/><U28/><E111/><V115/><F115/><W113/><G113/><T34/><D42/><U116/><E116/><V78/><F74/><W53/><G61/><T125/><D99/><AGARI ba="1,0" hai="18,19,21,24,31,50,53,58,82,84,91,93,99,100" machi="99" ten="40,3900,0" yaku="8,1,52,1" doraHai="46" who="3" fromWho="0" sc="236,-42,127,0,375,0,262,42" /><INIT seed="3,2,0,2,3,41" ten="194,127,375,304" oya="3" hai0="112,67,39,49,26,55,92,33,0,9,47,52,88" hai1="13,1,84,61,91,99,62,74,17,123,93,31,15" hai2="105,63,97,125,58,40,108,87,116,53,81,64,32" hai3="103,25,117,44,102,30,20,129,134,115,128,42,6"/><W3/><G117/><T29/><D112/><U71/><E1/><V72/><F116/><W107/><G115/><T34/><D39/><U96/><E74/><V2/><F2/><W35/><G134/><T70/><D67/><U118/><E123/><V77/><F32/><W68/><G68/><T114/><D70/><U135/><E135/><V38/><F108/><W113/><G113/><T73/><D73/><U121/><E121/><V43/><F125/><W133/><G133/><T90/><D114/><U76/><E118/><V21/><F38/><N who="3" m="21591" /><G20/><T127/><D127/><U130/><E130/><N who="3" m="50282" /><G107/><T86/><D33/><U48/><E31/><V23/><F72/><W110/><G110/><T131/><D131/><U11/><E76/><V8/><F8/><AGARI ba="2,0" hai="3,6,8,25,30,35,102,103" m="50282,21591" machi="8" ten="30,2900,0" yaku="19,1,52,1" doraHai="41" who="3" fromWho="2" sc="194,0,127,0,375,-35,304,35" /><INIT seed="3,3,0,5,3,11" ten="194,127,340,339" oya="3" hai0="88,135,113,69,114,22,0,29,60,96,9,61,63" hai1="111,28,21,59,82,115,77,70,67,106,25,85,20" hai2="131,110,39,34,100,86,126,31,98,33,71,10,55" hai3="32,73,134,49,104,26,118,6,1,108,83,132,101"/><W45/><G118/><T5/><D135/><N who="3" m="51753" /><G6/><T52/><D69/><U124/><E111/><V14/><F110/><W8/><G8/><T117/><D117/><U18/><E106/><V37/><F71/><W105/><G1/><T97/><D29/><U13/><E70/><V58/><F126/><W107/><G108/><T54/><D22/><U30/><E115/><N who="0" m="44041" /><D88/><U90/><E124/><V41/><F131/><W44/><G101/><T36/><D36/><U116/><E116/><V64/><F64/><W93/><G93/><T17/><D17/><U24/><E59/><V66/><F66/><W75/><G83/><T50/><D54/><U94/><E67/><V80/><F39/><W51/><G26/><T123/><D123/><U7/><E7/><V42/><F37/><W103/><G103/><T4/><D4/><U112/><E112/><V15/><F34/><W128/><G32/><T89/><D89/><U127/><E127/><V23/><F33/><W65/><G65/><T3/><D3/><U78/><REACH who="1" step="1"/><E94/><REACH who="1" ten="194,117,340,339" step="2"/><V38/><F38/><W91/><G128/><T125/><D125/><U122/><E122/><V72/><F72/><W35/><G75/><T81/><D81/><U99/><E99/><V62/><F80/><W2/><G73/><T76/><D97/><U79/><E79/><V130/><F130/><W47/><G107/><T109/><D96/><U121/><E121/><V68/><F68/><W119/><G105/><T95/><D95/><U40/><E40/><N who="2" m="15467" /><F86/><W87/><G104/><T53/><D76/><U74/><E74/><V48/><F98/><W102/><G119/><RYUUKYOKU ba="3,1" sc="194,-10,117,30,340,-10,339,-10" hai1="13,18,20,21,24,25,28,30,77,78,82,85,90" /><INIT seed="4,4,1,4,0,72" ten="184,147,330,329" oya="0" hai0="37,82,116,21,106,131,128,91,60,76,126,52,102" hai1="32,78,35,40,61,36,0,113,70,88,125,98,133" hai2="15,4,127,18,3,11,1,90,123,96,93,6,120" hai3="63,83,17,12,45,79,8,100,95,31,112,13,56"/><T51/><D116/><U73/><E0/><V109/><F109/><W94/><G112/><T7/><D37/><U58/><E70/><V129/><F129/><N who="0" m="49738" /><D126/><U57/><E113/><V59/><F127/><W44/><G31/><T124/><D124/><U104/><E133/><V55/><F4/><W54/><G13/><T27/><D7/><U9/><E125/><V23/><REACH who="2" step="1"/><F1/><REACH who="2" ten="184,147,320,329" step="2"/><W71/><G71/><T130/><D130/><U43/><E35/><V69/><F69/><W67/><G67/><T80/><D60/><AGARI ba="4,2" hai="3,6,11,15,18,23,55,59,60,90,93,96,120,123" machi="60" ten="30,3900,0" yaku="1,1,7,1,53,1" doraHai="72" doraHaiUra="84" who="2" fromWho="0" sc="184,-51,147,0,320,71,329,0" /><INIT seed="5,0,0,2,3,26" ten="133,147,391,329" oya="1" hai0="73,51,33,120,52,109,40,106,56,90,111,69,64" hai1="17,8,115,23,123,25,107,30,41,95,85,47,65" hai2="42,67,2,38,118,31,135,16,101,82,105,98,60" hai3="116,22,126,78,113,121,128,15,114,91,97,89,129"/><U61/><E115/><N who="3" m="44042" /><G15/><T45/><D120/><U3/><E107/><V55/><F118/><W4/><G4/><T21/><D33/><U57/><E123/><V49/><F2/><W63/><G22/><T44/><D73/><U133/><E133/><V19/><F135/><W80/><G63/><N who="0" m="40095" /><D106/><U88/><E3/><V93/><F38/><W1/><G1/><T0/><D90/><U72/><E72/><V86/><F42/><W122/><G126/><T46/><D21/><U34/><E8/><V96/><F31/><W7/><G7/><T24/><D24/><U36/><REACH who="1" step="1"/><E34/><REACH who="1" ten="133,137,391,329" step="2"/><V27/><F27/><W108/><G122/><T35/><D35/><U131/><E131/><V81/><F105/><W11/><G121/><T62/><D0/><U58/><E58/><V20/><F20/><W53/><G11/><T10/><D10/><U74/><E74/><V102/><F19/><AGARI ba="0,1" hai="17,19,23,25,30,36,41,47,57,61,65,85,88,95" machi="19" ten="40,12000,1" yaku="1,1,52,1,54,1,53,1" doraHai="26" doraHaiUra="37" who="1" fromWho="2" sc="133,0,137,130,391,-120,329,0" /><INIT seed="5,1,0,3,4,3" ten="133,267,271,329" oya="1" hai0="128,38,106,91,122,4,21,76,93,52,34,64,49" hai1="57,97,29,123,14,41,81,59,82,8,135,56,88" hai2="79,96,66,27,40,39,42,62,112,132,33,121,129" hai3="1,78,65,101,107,60,32,10,22,124,47,111,115"/><U108/><E123/><V86/><F121/><W35/><G111/><T104/><D122/><U63/><E135/><V46/><F132/><W92/><G92/><T84/><D34/><U100/><E108/><V18/><F129/><W67/><G67/><T5/><D38/><U44/><E29/><V58/><F42/><W85/><G22/><T102/><D128/><U103/><E63/><V11/><F112/><W26/><G26/><T36/><D36/><U125/><E125/><V69/><F96/><W68/><G47/><N who="0" m="27711" /><D106/><U126/><E126/><V116/><F116/><W30/><G30/><T114/><D104/><U16/><E88/><V2/><F69/><W55/><G78/><T133/><D133/><U99/><E99/><V23/><F33/><W70/><G85/><N who="0" m="52463" /><D114/><U0/><E0/><V87/><REACH who="2" step="1"/><F79/><REACH who="2" ten="133,267,261,329" step="2"/><W98/><G70/><T53/><D102/><U89/><E89/><V73/><F73/><W118/><G118/><T13/><D64/><U83/><REACH who="1" step="1"/><E97/><REACH who="1" ten="133,257,261,329" step="2"/><V45/><F45/><W12/><G124/><T119/><D119/><U90/><E90/><V117/><F117/><W6/><G115/><T105/><D105/><U74/><E74/><V131/><F131/><W75/><G75/><T24/><D76/><U15/><E15/><V31/><F31/><W50/><G12/><T61/><D13/><U80/><N who="1" m="20480" /><DORA hai="72" /><U25/><E25/><V51/><F51/><AGARI ba="1,2" hai="8,14,16,41,44,51,56,57,59,100,103" m="20480" machi="51" ten="50,24000,3" yaku="1,1,8,1,54,1,53,5" doraHai="3,72" doraHaiUra="77,43" who="1" fromWho="2" sc="133,0,257,263,261,-243,329,0" /><INIT seed="5,2,0,1,3,69" ten="133,520,18,329" oya="1" hai0="48,90,55,43,8,15,35,117,0,119,17,46,18" hai1="64,3,113,14,110,29,128,70,133,101,27,103,38" hai2="78,47,1,58,107,60,79,73,66,2,93,24,63" hai3="68,62,71,76,120,92,127,7,49,44,109,89,54"/><U77/><E3/><V51/><F107/><W5/><G109/><T59/><D35/><U37/><E110/><V134/><F134/><W84/><G120/><T114/><D114/><U26/><E133/><V129/><F129/><W21/><G127/><T121/><D121/><U61/><E113/><V45/><F2/><W116/><G116/><T39/><D0/><U10/><E128/><V82/><F1/><W40/><G71/><T99/><D18/><U94/><E77/><V81/><F93/><W53/><G68/><T86/><D99/><U12/><E12/><V97/><F97/><W87/><G21/><T20/><D8/><U132/><E132/><V100/><F100/><W36/><G62/><T122/><D122/><U67/><E67/><V75/><F51/><W30/><G30/><T25/><D25/><U41/><E41/><V31/><REACH who="2" step="1"/><F63/><REACH who="2" ten="133,520,8,329" step="2"/><W22/><G49/><T112/><D112/><U6/><E103/><V28/><F28/><W4/><G92/><AGARI ba="2,1" hai="15,17,20,39,43,46,48,55,59,86,90,92,117,119" machi="92" ten="30,7700,0" yaku="7,1,25,2,52,1" doraHai="69" who="0" fromWho="3" sc="133,93,520,0,8,0,329,-83" /><INIT seed="6,0,0,2,5,91" ten="226,520,8,246" oya="2" hai0="74,6,78,108,57,60,15,99,50,11,14,1,94" hai1="81,22,68,67,10,70,117,58,102,26,76,31,28" hai2="96,113,126,80,106,54,89,86,97,121,24,43,128" hai3="8,118,103,112,64,119,85,52,83,25,122,62,47"/><V72/><F43/><W4/><G122/><T32/><D108/><U48/><E117/><V135/><F121/><W42/><G103/><T16/><D32/><U12/><E31/><V134/><F113/><W56/><G25/><T18/><D74/><U104/><E102/><V51/><F126/><W114/><G64/><N who="0" m="38927" /><D1/><U41/><E104/><V98/><F128/><W53/><G53/><T7/><D78/><U88/><E88/><V125/><F125/><W92/><G92/><T46/><D15/><U59/><E41/><V38/><F38/><W23/><G23/><T107/><D107/><U115/><E115/><N who="3" m="44074" /><G85/><T0/><D0/><U3/><E67/><V82/><F24/><W29/><G83/><T34/><D6/><U101/><E101/><N who="2" m="62759" /><F51/><N who="3" m="27127" /><G29/><T63/><D34/><U124/><E124/><V17/><F54/><W9/><G9/><T116/><D116/><U39/><E39/><V21/><F21/><W111/><G111/><T133/><D63/><U127/><E127/><V33/><F33/><W36/><G36/><T37/><D37/><U93/><E48/><V66/><F66/><W35/><G35/><T131/><D131/><U2/><E70/><V110/><F110/><W27/><G27/><T40/><D133/><N who="2" m="50698" /><F17/><W100/><G100/><AGARI ba="0,0" hai="7,11,14,16,18,40,46,50,94,99,100" m="38927" machi="100" ten="30,3900,0" yaku="8,1,52,1,54,1" doraHai="91" who="0" fromWho="3" sc="226,39,520,0,8,0,246,-39" /><INIT seed="7,0,0,1,4,99" ten="265,520,8,207" oya="3" hai0="74,55,56,72,52,14,45,102,59,5,69,117,58" hai1="34,121,83,53,130,104,98,36,70,94,29,86,25" hai2="123,57,113,89,73,16,64,71,120,88,19,1,115" hai3="6,65,132,62,97,33,51,122,125,24,116,124,35"/><W39/><G122/><N who="2" m="46633" /><F57/><W85/><G116/><T27/><D117/><U21/><E130/><V26/><F64/><W134/><G39/><T41/><D69/><U18/><E36/><V133/><F71/><N who="3" m="42423" /><G51/><N who="0" m="27055" /><D72/><U128/><E128/><V60/><F60/><W28/><G85/><T110/><D74/><U67/><E104/><V43/><F73/><W87/><G87/><T46/><D110/><U40/><E121/><V127/><F43/><W68/><G6/><T79/><D79/><U80/><E40/><V119/><F119/><W3/><G3/><T112/><D27/><U30/><E53/><V0/><F133/><N who="3" m="51307" /><G68/><T7/><D7/><U50/><E50/><V54/><F54/><W77/><G77/><T103/><D112/><N who="2" m="43082" /><F127/><N who="3" m="48715" /><G97/><T78/><D78/><U49/><E49/><V17/><F26/><W10/><G10/><N who="0" m="4431" /><D55/><U75/><E75/><V37/><F37/><W96/><G96/><T4/><D4/><U32/><E86/><V106/><F106/><W93/><G93/><T118/><D118/><U81/><E94/><V105/><F105/><W23/><AGARI ba="0,0" hai="23,24,28,33,35" m="48715,51307,42423" machi="23" ten="30,3000,0" yaku="20,1,18,1" doraHai="99" who="3" fromWho="3" sc="265,-10,520,-10,8,-10,207,30" owari="255,5.5,510,61.0,-2,-50.2,237,-16.3" /></mjloggm>