<mjloggm ver="2.3"><GO type="169" lobby="0"/><UN n0="%E5%9C%A7%E5%80%92%E7%9A%84%E3%83%9D%E3%83%B3" n1="%E3%83%9E%E3%82%B9%E3%82%BF%E3%83%BC%E3%83%93%E3%83%BC%E3%83%AB" n2="%79%7A%68%61%6E%67" n3="%E6%89%8B%E6%8A%BC%E3%81%97%E8%BB%8A" dan="17,16,16,16" rate="2202.67,2186.04,2167.59,2074.47" sx="M,M,M,M"/><TAIKYOKU oya="0"/><INIT seed="0,0,0,0,4,91" ten="250,250,250,250" oya="0" hai0="34,107,133,28,39,53,52,13,50,101,132,31,12" hai1="23,3,17,116,80,114,73,8,121,111,86,16,41" hai2="58,27,92,104,37,68,47,85,1,54,4,59,123" hai3="25,124,112,77,120,118,64,22,70,97,9,51,19"/><T93/><D107/><U98/><E116/><V60/><F104/><W128/><G118/><T69/><D69/><U102/><E121/><V20/><F123/><W110/><G120/><T127/><D39/><U79/><E111/><V46/><F68/><W7/><G110/><T76/><D76/><U30/><E114/><V65/><F1/><W99/><G112/><T115/><D115/><U2/><E73/><V75/><F4/><W21/><G77/><T100/><D34/><U36/><E41/><V0/><F0/><W48/><G22/><T66/><D66/><U15/><E30/><V82/><F75/><W38/><G38/><T87/><D87/><U56/><E56/><V18/><F37/><W90/><G99/><T74/><D74/><U10/><E10/><V94/><F46/><W11/><G11/><T108/><D50/><U95/><REACH who="1" step="1"/><E36/><REACH who="1" ten="250,240,250,250" step="2"/><V131/><F47/><W113/><G113/><T26/><D108/><U42/><E42/><V43/><F43/><W81/><G9/><T14/><D127/><U135/><E135/><V32/><F131/><W67/><G128/><T83/><D31/><U40/><E40/><V45/><F45/><W105/><G70/><T55/><D133/><U119/><E119/><V89/><F32/><W122/><G122/><T62/><D132/><U103/><E103/><V71/><F71/><W106/><G124/><T117/><D101/><U125/><E125/><V126/><F126/><W63/><G106/><T130/><D117/><U109/><E109/><V88/><F89/><W78/><G105/><T72/><D100/><U24/><AGARI ba="0,1" hai="2,3,8,15,16,17,23,24,79,80,86,95,98,102" machi="24" ten="20,12000,2" yaku="1,1,5,1,0,1,7,1,52,1,54,1,53,0" doraHai="91" doraHaiUra="84" who="1" fromWho="1" sc="250,-60,240,130,250,-30,250,-30" /><INIT seed="1,0,0,3,4,124" ten="190,370,220,220" oya="1" hai0="65,87,25,78,23,60,94,34,12,61,111,5,125" hai1="47,32,130,40,3,100,46,86,107,44,58,89,112" hai2="57,62,88,67,31,119,50,33,135,51,104,77,90" hai3="35,42,126,11,131,115,80,66,117,129,19,133,108"/><U73/><E112/><V122/><F119/><W54/><G115/><T120/><D125/><U18/><E73/><V2/><F122/><W110/><G126/><T132/><D120/><U82/><E32/><V7/><F104/><W84/><G117/><T41/><D34/><U27/><E3/><V14/><F135/><W37/><G35/><T96/><D132/><U70/><E70/><V83/><F2/><W38/><G133/><T91/><D111/><N who="3" m="42537" /><G66/><T134/><D134/><U29/><E107/><V1/><F1/><W79/><G54/><T52/><D41/><U49/><E100/><V55/><F33/><W95/><G42/><T39/><D39/><N who="3" m="14857" /><G95/><T76/><D65/><U81/><E40/><V97/><F31/><W4/><G19/><N who="0" m="12543" /><D61/><U72/><E29/><V28/><F28/><W127/><G127/><T13/><D87/><U92/><E72/><V26/><F26/><W118/><G118/><T45/><D45/><U36/><E36/><V75/><F97/><W16/><G16/><T99/><D99/><U85/><E18/><V71/><REACH who="2" step="1"/><F51/><REACH who="2" ten="190,370,210,220" step="2"/><W48/><G48/><T93/><D13/><AGARI ba="0,1" hai="4,11,13,79,80,84,129,131" m="14857,42537" machi="13" ten="30,3900,0" yaku="14,1,52,2" doraHai="124" who="3" fromWho="0" sc="190,-39,370,0,210,0,220,49" /><INIT seed="2,0,0,5,2,20" ten="151,370,210,269" oya="2" hai0="88,54,122,37,132,107,44,118,134,25,41,15,135" hai1="90,79,133,23,131,62,98,87,34,115,110,32,116" hai2="121,36,76,72,70,59,47,96,53,130,61,22,17" hai3="7,63,91,75,38,8,95,111,85,21,93,57,94"/><V12/><F121/><W128/><G75/><T83/><D107/><U13/><E115/><V18/><F130/><W30/><G128/><T100/><D100/><U51/><E116/><V108/><F108/><W14/><G38/><T2/><D2/><U81/><E110/><V50/><F96/><W84/><G84/><N who="0" m="50207" /><D122/><U45/><E62/><V82/><F36/><W29/><G111/><T39/><D39/><U33/><E133/><V68/><REACH who="2" step="1"/><F17/><REACH who="2" ten="151,370,200,269" step="2"/><W52/><G30/><T125/><D118/><U40/><E131/><V11/><F11/><W66/><G66/><AGARI ba="0,1" hai="12,18,22,47,50,53,59,61,66,68,70,72,76,82" machi="66" ten="30,5800,0" yaku="1,1,7,1,53,1" doraHai="20" doraHaiUra="49" who="2" fromWho="3" sc="151,0,370,0,200,68,269,-58" /><INIT seed="2,1,0,2,4,30" ten="151,370,268,211" oya="2" hai0="68,14,87,54,36,113,64,103,1,58,18,118,130" hai1="85,77,104,133,75,17,7,22,120,63,71,128,35" hai2="115,23,83,95,108,10,31,114,13,3,26,25,127" hai3="61,89,51,15,124,32,123,88,9,29,49,52,109"/><V91/><F127/><W38/><G38/><T116/><D113/><U16/><E104/><V28/><F3/><W121/><G124/><T50/><D1/><U53/><E75/><V42/><F42/><W5/><G109/><T56/><D130/><U37/><E7/><V43/><F43/><W0/><G61/><T48/><D36/><U20/><E77/><V59/><F83/><W74/><G74/><T125/><D125/><U62/><E85/><V65/><F108/><W4/><G49/><T106/><D68/><U112/><E53/><V8/><F65/><W97/><G4/><T107/><D87/><U81/><E133/><V45/><F45/><W55/><G55/><T19/><D54/><U82/><E128/><V72/><F59/><W78/><G78/><T24/><D14/><U44/><E37/><V84/><F72/><W134/><G0/><T102/><REACH who="0" step="1"/><D24/><REACH who="0" ten="141,370,268,211" step="2"/><U135/><E71/><V117/><F117/><W129/><G15/><T27/><D27/><U110/><E112/><V93/><F8/><W69/><G9/><T96/><D96/><U92/><E110/><V2/><F2/><W57/><G97/><T33/><D33/><U6/><E35/><V73/><F73/><W90/><G32/><T101/><D101/><U126/><E126/><V41/><F41/><W47/><G52/><T39/><D39/><U79/><E44/><V99/><F26/><W122/><G47/><T94/><D94/><U60/><E92/><V46/><F46/><W67/><G57/><T119/><D119/><U111/><E111/><V34/><F34/><W21/><G122/><RYUUKYOKU ba="1,1" sc="141,30,370,-10,268,-10,211,-10" hai0="18,19,48,50,56,58,64,102,103,106,107,116,118" /><INIT seed="3,2,1,1,5,15" ten="171,360,258,201" oya="3" hai0="118,97,90,128,77,38,43,52,70,33,20,112,10" hai1="123,17,107,5,65,110,80,64,30,16,51,135,11" hai2="45,131,8,87,120,130,88,69,22,92,4,85,26" hai3="103,58,66,19,104,72,7,105,50,21,114,2,100"/><W48/><G72/><T40/><D118/><U95/><E107/><V93/><F69/><W132/><G114/><T36/><D33/><U75/><E123/><V89/><F45/><W117/><G117/><T126/><D70/><U55/><E110/><V113/><F113/><W39/><G39/><T18/><D112/><U134/><E30/><V13/><REACH who="2" step="1"/><F120/><REACH who="2" ten="171,360,248,201" step="2"/><W76/><G132/><N who="1" m="50730" /><E75/><V121/><F121/><W62/><G105/><T111/><D111/><U83/><E65/><V24/><F24/><W49/><G104/><T106/><D106/><U133/><E64/><V82/><F82/><N who="1" m="31273" /><E95/><V74/><F74/><W86/><G76/><T119/><D77/><U84/><E133/><V115/><F115/><W1/><G86/><T35/><D119/><U99/><E84/><V96/><F96/><W29/><G29/><AGARI ba="2,2" hai="4,8,13,22,26,29,85,87,88,89,92,93,130,131" machi="29" ten="40,5200,0" yaku="1,1,9,1,54,1,53,0" doraHai="15" doraHaiUra="79" who="2" fromWho="3" sc="171,0,360,0,248,78,201,-58" /><INIT seed="4,0,0,3,2,3" ten="171,360,326,143" oya="0" hai0="7,119,122,110,131,88,52,132,89,97,36,127,114" hai1="56,49,94,87,53,100,74,113,34,106,21,101,64" hai2="30,124,47,109,102,44,35,12,66,27,1,126,81" hai3="57,18,133,48,82,103,40,135,70,28,42,78,80"/><T24/><D119/><U19/><E74/><V96/><F1/><W130/><G70/><T4/><D122/><U37/><E34/><V50/><F109/><W60/><G28/><T83/><D36/><U6/><E106/><V55/><F66/><W77/><G130/><T72/><D110/><U10/><E113/><V9/><F81/><W16/><G103/><T59/><D131/><U5/><E10/><V2/><F2/><W26/><G48/><T32/><D114/><U123/><E37/><V105/><REACH who="2" step="1"/><F47/><REACH who="2" ten="171,360,316,143" step="2"/><W46/><G46/><T63/><D127/><U8/><E64/><V39/><F39/><W108/><G108/><T117/><D117/><U23/><E123/><V54/><F54/><W25/><G57/><T121/><D121/><U95/><E53/><V91/><F91/><W41/><G40/><T116/><D116/><U22/><E56/><V99/><F99/><W71/><G71/><T0/><D0/><U98/><E98/><V112/><F112/><W17/><G18/><AGARI ba="0,1" hai="9,12,18,27,30,35,44,50,55,96,102,105,124,126" machi="18" ten="40,1300,0" yaku="1,1,53,0" doraHai="3" doraHaiUra="75" who="2" fromWho="3" sc="171,0,360,0,316,23,143,-13" /><INIT seed="5,0,0,4,0,24" ten="171,360,339,130" oya="1" hai0="4,29,31,68,127,73,63,70,104,71,13,37,86" hai1="102,113,52,87,80,35,41,99,96,54,57,72,11" hai2="115,118,134,122,25,27,74,21,83,56,32,62,78" hai3="90,3,28,67,66,17,40,85,111,53,110,14,79"/><U82/><E113/><V58/><F118/><W39/><G79/><T26/><D73/><U124/><E35/><V0/><F122/><W6/><G3/><T1/><D1/><U109/><E124/><V91/><F0/><W49/><G6/><T95/><D104/><U100/><E109/><V128/><F128/><W92/><G39/><T7/><BYE who="3" /><D37/><U105/><E41/><V132/><F115/><W120/><G120/><T119/><D119/><U106/><E11/><V16/><F91/><UN n3="%E6%89%8B%E6%8A%BC%E3%81%97%E8%BB%8A" /><W19/><G40/><T88/><D127/><U55/><E72/><V69/><F69/><W121/><G121/><T12/><D63/><U123/><E123/><V130/><F130/><W59/><G19/><T112/><D112/><U46/><E46/><V75/><F74/><W103/><G28/><T22/><REACH who="0" step="1"/><D31/><REACH who="0" ten="161,360,339,130" step="2"/><U101/><E105/><V77/><F62/><W44/><G110/><T97/><D97/><U50/><E106/><V65/><F75/><W36/><G111/><T60/><D60/><U89/><E99/><V38/><F38/><W76/><G36/><T23/><D23/><U33/><E96/><V10/><F21/><N who="3" m="11447" /><G103/><T43/><D43/><U93/><E33/><V131/><F32/><W116/><G116/><T42/><D42/><U34/><E34/><V84/><F131/><W2/><G2/><T9/><D9/><U48/><E48/><V45/><F10/><W129/><G129/><T15/><AGARI ba="0,1" hai="4,7,12,13,15,22,26,29,68,70,71,86,88,95" machi="15" ten="40,8000,1" yaku="1,1,0,1,52,1,54,1,53,0" doraHai="24" doraHaiUra="98" who="0" fromWho="0" sc="161,90,360,-40,339,-20,130,-20" /><INIT seed="6,0,0,2,3,55" ten="251,320,319,110" oya="2" hai0="82,22,33,126,8,124,70,84,60,52,116,111,48" hai1="133,78,96,1,31,88,73,99,112,26,27,97,128" hai2="75,49,117,118,61,18,121,39,34,134,130,101,9" hai3="100,94,58,79,66,68,23,28,83,59,54,6,36"/><V81/><F39/><W105/><G36/><T129/><D33/><U20/><E1/><V110/><F121/><W119/><G105/><T132/><D111/><U95/><E112/><V71/><F34/><W51/><G119/><T19/><D116/><U29/><E128/><V86/><F110/><W85/><G6/><T56/><D129/><U40/><E133/><V16/><F75/><W3/><G3/><T42/><D8/><U63/><E40/><V17/><F130/><W108/><G108/><T77/><D132/><U67/><E78/><V57/><F134/><W123/><G123/><T109/><D109/><U64/><E73/><V89/><F101/><W30/><G68/><T106/><D106/><U5/><E5/><V74/><F74/><W115/><G115/><T122/><D122/><U87/><REACH who="1" step="1"/><E63/><REACH who="1" ten="251,310,319,110" step="2"/><V50/><F117/><W107/><G107/><T91/><D77/><U102/><E102/><V72/><F72/><W41/><G41/><T32/><D32/><AGARI ba="0,1" hai="20,26,27,29,31,32,64,67,87,88,95,96,97,99" machi="32" ten="40,2600,0" yaku="1,1,54,1,53,0" doraHai="55" doraHaiUra="38" who="1" fromWho="0" sc="251,-26,310,36,319,0,110,0" /><INIT seed="7,0,0,1,5,106" ten="225,346,319,110" oya="3" hai0="70,119,68,28,40,122,5,63,38,52,21,125,25" hai1="94,8,64,128,32,107,130,84,115,82,30,109,81" hai2="31,65,132,6,135,127,83,14,87,71,134,39,59" hai3="131,79,11,102,114,35,13,43,10,57,27,133,23"/><W60/><G35/><T22/><D122/><U61/><E107/><V123/><F123/><W67/><G133/><T95/><D119/><U120/><E109/><V112/><F112/><W0/><G0/><T99/><D125/><U117/><E115/><V98/><F127/><W53/><G114/><T104/><D104/><U55/><E55/><V7/><F39/><W46/><G131/><T118/><D118/><U16/><E30/><V20/><F71/><W62/><G102/><T77/><D77/><U97/><E32/><V90/><F98/><W110/><G110/><T111/><D111/><U69/><E120/><V36/><F36/><W15/><G79/><T89/><D5/><U18/><E117/><V56/><F65/><W51/><G11/><T96/><D96/><U3/><E3/><V66/><F66/><W103/><G103/><T34/><D40/><U126/><E126/><V80/><F80/><N who="1" m="30825" /><E84/><V37/><F37/><W85/><G85/><T92/><D92/><U17/><E8/><V26/><REACH who="2" step="1"/><F14/><REACH who="2" ten="225,346,309,110" step="2"/><W4/><G15/><T105/><D38/><U75/><E130/><V50/><F50/><N who="3" m="26975" /><G67/><T73/><D105/><U101/><E128/><V93/><F93/><W129/><G129/><T74/><D70/><U12/><E12/><V2/><F2/><W19/><AGARI ba="0,1" hai="4,10,13,19,23,27,51,53,57,60,62" m="26975" machi="19" ten="30,1500,0" yaku="8,1" doraHai="106" who="3" fromWho="3" sc="225,-5,346,-5,309,-5,110,25" /><INIT seed="7,1,0,0,5,29" ten="220,341,304,135" oya="3" hai0="96,74,53,66,128,48,105,100,6,38,116,7,10" hai1="46,1,51,118,15,83,31,99,101,98,73,43,20" hai2="132,80,95,17,77,89,102,18,126,122,133,120,33" hai3="72,131,57,109,134,84,82,114,91,86,103,19,87"/><W107/><G109/><T94/><D116/><U111/><E1/><V130/><F130/><W23/><G131/><T112/><D38/><U55/><E118/><V52/><F33/><W124/><G124/><T71/><D74/><U14/><E111/><V60/><F126/><W12/><G134/><N who="2" m="51817" /><F102/><W35/><G35/><T67/><D128/><U50/><E73/><N who="2" m="43055" /><F89/><W24/><G114/><T125/><D125/><U32/><E83/><V63/><F95/><W93/><G24/><T92/><D112/><U16/><E31/><V65/><F60/><W27/><G27/><T127/><D127/><U110/><E32/><V79/><F79/><N who="3" m="44391" /><G57/><T69/><D69/><U76/><E76/><V44/><F65/><W104/><G104/><T59/><D7/><U26/><E110/><V129/><F129/><W5/><G5/><T113/><D113/><U11/><E101/><V36/><F36/><W123/><G123/><N who="2" m="47145" /><F44/><W81/><G81/><T42/><D42/><U0/><E0/><V34/><F34/><W3/><G3/><T135/><D135/><U40/><E40/><V117/><F117/><W106/><G106/><T61/><D67/><U121/><E121/><V41/><F41/><W30/><G30/><T8/><D8/><U64/><E64/><V9/><F9/><W4/><G4/><T97/><D96/><AGARI ba="1,0" hai="12,19,23,84,86,87,91,93,96,103,107" m="44391" machi="96" ten="30,1500,0" yaku="24,1" doraHai="29" who="3" fromWho="0" sc="220,-18,341,0,304,0,135,18" /><INIT seed="7,2,0,1,4,85" ten="202,341,304,153" oya="3" hai0="44,115,72,35,116,51,95,81,41,4,69,87,105" hai1="43,49,34,129,3,22,130,48,55,68,79,21,106" hai2="125,14,131,33,59,62,113,78,122,18,94,97,120" hai3="107,82,117,28,109,110,112,100,25,46,63,30,76"/><W77/><G117/><T67/><D116/><U98/><E34/><V104/><F104/><W128/><G128/><N who="1" m="49258" /><E68/><V86/><F131/><W102/><G30/><T36/><D105/><U31/><E3/><V9/><F33/><W38/><G77/><T123/><D123/><U32/><E79/><V132/><F113/><W52/><G112/><T93/><D35/><U70/><E70/><V74/><F74/><W134/><G134/><T17/><D72/><U13/><E13/><V91/><F125/><W10/><G10/><T127/><D4/><U75/><E43/><V65/><F132/><W92/><G107/><T40/><D115/><U19/><E19/><V133/><F133/><W71/><G38/><T1/><D1/><U24/><E49/><V80/><AGARI ba="2,0" hai="9,14,18,59,62,65,78,80,86,91,94,97,120,122" machi="80" ten="30,2000,0" yaku="0,1,52,1" doraHai="85" who="2" fromWho="2" sc="202,-7,341,-7,304,26,153,-12" owari="195,-20.5,334,43.4,330,13.0,141,-35.9" /></mjloggm>