<mjloggm ver="2.3"><GO type="169" lobby="0"/><UN n0="%E6%95%97%E5%8C%97%E8%80%85%E3%81%AD%E3%82%8B" n1="%E5%91%A8%E6%9D%B1" n2="%6B%61%74%65%72%69%6E%61" n3="%E5%8B%98%E5%BC%81%E3%81%97%E3%81%A6%E3%82%88" dan="17,16,16,17" rate="2173.96,2149.54,2111.59,2215.34" sx="F,M,M,M"/><TAIKYOKU oya="0"/><INIT seed="0,0,0,0,4,120" ten="250,250,250,250" oya="0" hai0="53,69,26,98,101,42,100,0,51,122,21,35,87" hai1="106,55,78,44,121,112,45,79,16,6,37,132,110" hai2="33,40,23,52,13,31,113,116,118,129,10,29,67" hai3="7,68,109,58,130,39,43,92,61,96,62,57,85"/><T105/><D122/><U80/><E121/><V4/><F67/><W88/><G68/><T5/><D35/><U32/><E112/><V90/><F40/><W107/><G7/><T9/><D69/><U119/><E119/><N who="2" m="45611" /><F113/><W134/><G134/><T30/><D101/><U76/><E132/><V117/><N who="2" m="45619" /><V36/><DORA hai="108" /><F36/><W75/><G109/><T46/><REACH who="0" step="1"/><D87/><REACH who="0" ten="240,250,250,250" step="2"/><U50/><E110/><V8/><F33/><W34/><G34/><T111/><D111/><U1/><E32/><V3/><F129/><W82/><G130/><T126/><D126/><U83/><E106/><V70/><F70/><W56/><G107/><T20/><D20/><U19/><E1/><V125/><F125/><W114/><G114/><T15/><D15/><U12/><E6/><V124/><F124/><W131/><G131/><T95/><D95/><U97/><E97/><V11/><F23/><W86/><G86/><T54/><AGARI ba="0,1" hai="0,5,9,21,26,30,42,46,51,53,54,98,100,105" machi="54" ten="30,3000,0" yaku="1,1,0,1,53,0" doraHai="120,108" doraHaiUra="104,133" who="0" fromWho="0" sc="240,40,250,-10,250,-10,250,-10" /><INIT seed="0,1,0,1,2,8" ten="280,240,240,240" oya="0" hai0="7,2,128,130,88,106,52,72,64,83,93,50,9" hai1="30,99,36,28,63,56,122,96,87,135,95,34,17" hai2="21,32,35,62,75,40,69,109,91,44,76,26,14" hai3="89,48,125,118,98,73,124,58,127,53,78,5,116"/><T41/><D106/><U20/><E36/><V31/><F109/><W107/><G5/><T65/><D41/><U90/><E122/><V119/><F119/><W70/><G70/><T85/><D72/><U6/><E135/><V18/><F91/><W42/><G73/><T57/><REACH who="0" step="1"/><D83/><REACH who="0" ten="270,240,240,240" step="2"/><U37/><E37/><V82/><F69/><W97/><G42/><T47/><D47/><U4/><E34/><V117/><F117/><W113/><G107/><T19/><D19/><U103/><E4/><V59/><F44/><W81/><G118/><T1/><D1/><U15/><E6/><V77/><F40/><W12/><G116/><T71/><D71/><U45/><E45/><V101/><F77/><W55/><G81/><T43/><D43/><U111/><E111/><V110/><F110/><W114/><G78/><T74/><D74/><U120/><E120/><V115/><F115/><W131/><G114/><T51/><D51/><U112/><E112/><V0/><F0/><W80/><G113/><T86/><D86/><U23/><E99/><V25/><F35/><W16/><G98/><T100/><D100/><U129/><E129/><AGARI ba="1,1" hai="2,7,9,50,52,57,64,65,85,88,93,128,129,130" machi="129" ten="40,12000,1" yaku="1,1,19,1,54,2,53,0" doraHai="8" doraHaiUra="104" who="0" fromWho="1" sc="270,133,240,-123,240,0,240,0" /><INIT seed="0,2,0,2,4,76" ten="403,117,240,240" oya="0" hai0="36,9,20,26,95,1,93,113,125,49,10,30,25" hai1="123,130,43,111,96,73,134,47,119,107,78,50,37" hai2="35,103,70,66,88,116,101,98,13,135,44,56,5" hai3="109,122,110,84,0,39,92,48,51,120,106,94,31"/><T90/><D113/><U6/><E123/><N who="3" m="47146" /><G39/><T87/><D36/><U117/><E111/><N who="3" m="42506" /><G0/><T23/><D125/><U131/><E6/><V28/><F116/><W97/><G31/><T81/><D49/><N who="3" m="19017" /><G84/><T34/><D1/><U55/><E119/><V29/><F29/><W80/><G80/><T38/><D38/><U69/><E117/><V89/><F28/><W14/><G14/><T75/><D34/><U41/><E37/><V126/><F35/><W83/><G83/><T118/><D118/><U112/><E112/><V86/><F86/><W8/><G8/><N who="0" m="3179" /><D75/><U52/><E73/><V46/><F13/><W62/><G62/><T65/><D30/><U124/><E96/><V19/><F98/><W59/><G59/><T4/><D4/><U33/><E33/><V32/><F5/><W54/><G54/><T132/><D81/><U58/><E55/><V71/><F56/><W40/><G40/><T22/><D87/><U60/><E41/><V16/><F32/><W104/><G97/><T24/><D65/><U18/><E43/><V45/><F66/><W102/><G102/><T15/><D15/><U21/><E60/><V3/><F3/><W127/><G127/><T72/><D72/><U61/><E124/><V27/><F126/><W85/><G85/><N who="0" m="52431" /><D95/><AGARI ba="2,0" hai="92,94,95,104,106" m="19017,42506,47146" machi="95" ten="40,8000,1" yaku="28,2,13,1,14,1" doraHai="76" who="3" fromWho="0" sc="403,-86,117,0,240,0,240,86" /><INIT seed="1,0,0,0,0,66" ten="317,117,240,326" oya="1" hai0="102,109,88,101,60,62,55,53,81,135,39,61,86" hai1="120,85,133,58,79,47,129,84,44,68,87,2,134" hai2="57,130,97,23,27,106,105,41,0,72,132,95,127" hai3="51,94,19,56,40,10,54,20,32,123,7,12,73"/><U103/><E120/><V42/><F72/><W121/><G73/><T92/><D109/><U122/><E122/><V31/><F0/><W117/><G117/><T45/><D135/><N who="1" m="51723" /><E2/><V70/><F132/><W76/><G76/><T91/><D39/><U36/><E79/><V111/><F111/><W100/><G32/><T63/><N who="0" m="15360" /><DORA hai="1" /><T75/><D75/><U108/><E108/><V89/><F70/><W11/><G11/><T30/><D30/><U125/><E125/><V83/><F127/><W65/><G65/><T118/><D118/><U115/><E115/><V71/><F71/><W26/><REACH who="3" step="1"/><G40/><REACH who="3" ten="317,117,240,316" step="2"/><T38/><D38/><U128/><E36/><V15/><F42/><W8/><G8/><T43/><D43/><U22/><E68/><V90/><F41/><W52/><G52/><N who="0" m="20043" /><D45/><N who="1" m="17483" /><E58/><V21/><F57/><W3/><G3/><T114/><D114/><U6/><E22/><V77/><F23/><W5/><G5/><T107/><D107/><U69/><E69/><V16/><F106/><W93/><G93/><T18/><D18/><U124/><E124/><V78/><F105/><W17/><G17/><T37/><D37/><U24/><E6/><V126/><F126/><W35/><G35/><T116/><D116/><U14/><E129/><V59/><F130/><W96/><AGARI ba="0,1" hai="7,10,12,19,20,26,51,54,56,94,96,100,121,123" machi="96" ten="30,7900,0" yaku="1,1,0,1,52,1,53,1" doraHai="66,1" doraHaiUra="13,104" who="3" fromWho="3" sc="317,-20,117,-39,240,-20,316,89" /><INIT seed="2,0,0,2,5,96" ten="297,78,220,405" oya="2" hai0="88,23,0,13,135,113,65,50,44,20,91,48,55" hai1="95,38,120,117,115,31,30,71,111,73,64,34,49" hai2="59,39,74,112,92,16,101,2,42,29,53,81,17" hai3="45,118,51,6,102,109,133,119,75,107,14,37,40"/><V105/><F112/><W62/><G109/><T67/><D0/><U11/><E11/><V7/><F105/><W15/><G75/><T125/><D113/><U78/><E95/><V86/><F29/><W19/><G133/><T10/><D135/><U110/><E78/><V47/><F74/><W70/><G14/><T69/><D125/><U26/><E30/><V27/><F27/><W4/><G4/><T99/><D69/><U33/><E38/><V94/><F7/><W5/><G5/><T104/><D104/><U32/><E49/><V63/><F2/><W126/><G6/><N who="0" m="3287" /><D48/><U116/><E73/><V128/><F128/><W93/><G107/><T114/><D114/><U12/><E115/><V129/><F129/><W83/><G37/><T127/><D127/><U24/><E64/><N who="0" m="24649" /><D99/><U87/><E71/><V57/><F57/><W76/><G70/><T46/><D46/><U41/><E120/><V35/><F35/><W56/><G126/><T108/><D108/><N who="1" m="41515" /><E41/><V28/><F28/><W25/><G40/><T134/><D134/><U77/><E31/><V22/><F22/><AGARI ba="0,0" hai="20,22,23,44,50,55,88,91" m="24649,3287" machi="22" ten="30,2000,0" yaku="8,1,54,1" doraHai="96" who="0" fromWho="2" sc="297,20,78,0,220,-20,405,0" /><INIT seed="3,0,0,1,0,65" ten="317,78,200,405" oya="3" hai0="26,86,135,16,69,42,48,60,4,131,96,78,33" hai1="111,28,67,101,94,100,87,64,24,43,116,54,66" hai2="106,10,1,68,93,117,83,108,74,6,79,44,59" hai3="109,118,73,56,46,123,31,52,119,127,19,45,36"/><W112/><G73/><T22/><D131/><U58/><E111/><V55/><F106/><W20/><G112/><T13/><D135/><U98/><E116/><V32/><F108/><W80/><G123/><T27/><D33/><U128/><E128/><V3/><F117/><W129/><G129/><T110/><D110/><U2/><E2/><V76/><F32/><W7/><G109/><T0/><D0/><U9/><E9/><V34/><F34/><W126/><G31/><T25/><D4/><U12/><E43/><V40/><F79/><W49/><G7/><T133/><D133/><U95/><E12/><V104/><F93/><W115/><G115/><T15/><D15/><U88/><E101/><V71/><F104/><W121/><G121/><T51/><D42/><U57/><REACH who="1" step="1"/><E54/><REACH who="1" ten="317,68,200,405" step="2"/><V125/><F3/><W81/><G119/><T82/><REACH who="0" step="1"/><D96/><REACH who="0" ten="307,68,200,405" step="2"/><U47/><E47/><V11/><F44/><W39/><G118/><T113/><D113/><U120/><E120/><V77/><F40/><W75/><G46/><T62/><D62/><U92/><E92/><V21/><F1/><W61/><G61/><T37/><D37/><U29/><E29/><V53/><F6/><W38/><G45/><T130/><D130/><U122/><E122/><V17/><F17/><W35/><G39/><T132/><D132/><U30/><E30/><V5/><F5/><W18/><G38/><T97/><D97/><U114/><E114/><V105/><F105/><W14/><G36/><T107/><D107/><U103/><E103/><V89/><F11/><W84/><G19/><T90/><D90/><RYUUKYOKU ba="0,2" sc="307,15,68,15,200,-15,405,-15" hai0="13,16,22,25,26,27,48,51,60,69,78,82,86" hai1="24,28,57,58,64,66,67,87,88,94,95,98,100" /><INIT seed="4,1,2,4,1,59" ten="322,83,185,390" oya="0" hai0="97,131,85,7,45,73,8,38,110,90,128,130,77" hai1="107,30,34,92,33,75,68,124,19,65,24,87,55" hai2="134,40,122,127,109,89,117,105,61,25,99,94,71" hai3="66,47,15,100,91,51,16,49,44,10,119,74,111"/><T41/><D110/><U12/><E124/><V95/><F122/><W93/><G111/><T11/><D97/><U48/><E75/><V50/><F109/><W5/><G74/><T22/><D22/><U21/><E107/><V52/><F127/><W80/><G119/><T98/><D98/><U101/><E101/><V67/><F117/><W78/><G100/><T120/><D120/><U76/><E76/><V118/><F118/><W125/><G125/><T126/><D126/><U27/><E27/><V70/><F134/><W116/><G66/><T13/><D11/><U28/><E28/><V135/><F135/><W20/><G80/><N who="0" m="49447" /><D73/><U26/><E26/><V104/><F40/><W86/><G78/><AGARI ba="1,2" hai="7,8,13,38,41,45,77,78,128,130,131" m="49447" machi="78" ten="30,1500,0" yaku="19,1" doraHai="59" who="0" fromWho="3" sc="322,38,83,0,185,0,390,-18" /><INIT seed="4,2,0,4,4,6" ten="360,83,185,372" oya="0" hai0="120,92,65,69,87,103,94,117,14,83,86,47,26" hai1="32,90,118,41,128,9,78,64,95,4,45,15,44" hai2="12,56,133,124,100,66,99,42,11,125,33,93,97" hai3="71,53,19,10,77,7,25,46,126,21,119,88,34"/><T127/><D117/><U130/><E118/><V16/><F33/><W29/><G119/><T58/><D120/><U13/><E32/><V111/><F111/><W122/><G71/><T113/><D69/><U55/><E64/><V70/><F70/><W60/><G126/><N who="2" m="48745" /><F133/><W23/><G77/><T73/><D73/><U102/><E102/><V101/><F42/><W54/><G122/><T74/><D74/><U22/><E78/><V39/><F39/><W68/><G68/><T38/><D127/><U81/><E81/><V28/><F28/><W50/><G88/><T35/><D113/><U5/><E55/><V8/><F56/><W106/><G106/><T123/><D123/><U30/><E30/><V85/><F85/><W20/><G60/><N who="0" m="38039" /><D38/><U18/><E4/><V107/><F66/><W82/><G82/><T104/><D47/><U36/><REACH who="1" step="1"/><E45/><REACH who="1" ten="360,73,185,372" step="2"/><V79/><F79/><W75/><G75/><T108/><D83/><U63/><E63/><V135/><F135/><W24/><G54/><T109/><D103/><U110/><E110/><V76/><F76/><W2/><AGARI ba="2,1" hai="2,7,10,19,20,21,23,24,25,29,34,46,50,53" machi="2" ten="20,2700,0" yaku="0,1,7,1,52,1" doraHai="6" who="3" fromWho="3" sc="360,-15,73,-9,185,-9,372,43" /><INIT seed="5,0,0,4,0,6" ten="345,64,176,415" oya="1" hai0="23,65,7,52,3,90,73,119,39,94,67,71,111" hai1="84,20,92,48,55,87,43,85,47,17,81,46,24" hai2="113,19,5,70,104,121,89,132,33,117,125,128,108" hai3="126,38,86,114,109,69,83,116,54,50,76,103,118"/><U49/><REACH who="1" step="1"/><E92/><REACH who="1" ten="345,54,176,415" step="2"/><V2/><RYUUKYOKU type="yao9" ba="0,1" sc="345,0,54,0,176,0,415,0" hai2="2,5,19,33,70,89,104,108,113,117,121,125,128,132" /><INIT seed="5,1,1,4,1,135" ten="345,54,176,415" oya="1" hai0="117,69,128,130,75,77,42,95,116,56,85,79,134" hai1="121,63,6,74,7,52,18,23,133,89,38,50,104" hai2="132,29,13,122,97,119,8,96,80,98,92,10,32" hai3="0,118,71,33,123,105,114,31,107,127,25,78,64"/><U57/><E133/><V11/><F132/><W14/><G123/><T39/><D69/><U70/><E121/><V126/><F122/><W120/><G120/><T87/><D56/><U28/><E104/><N who="3" m="40010" /><G14/><T73/><D42/><U40/><E74/><N who="0" m="28169" /><D39/><U53/><E28/><V76/><F119/><N who="0" m="45642" /><D134/><U113/><E113/><V102/><F29/><W21/><G21/><T19/><D19/><U67/><E89/><V131/><F131/><N who="0" m="50218" /><D95/><U59/><E40/><V82/><F92/><W62/><G118/><T22/><D22/><U46/><E38/><V37/><F13/><W34/><G34/><T109/><D109/><U66/><E70/><V129/><F32/><W9/><G9/><T48/><D48/><U110/><E110/><V17/><F17/><W101/><G0/><T65/><D65/><U108/><E108/><V44/><F44/><W83/><G62/><T15/><D15/><N who="1" m="9695" /><E67/><V54/><F129/><W93/><G64/><T124/><D124/><U20/><E20/><V5/><F126/><W27/><G71/><T99/><D99/><U61/><AGARI ba="1,1" hai="6,7,46,50,52,53,57,59,61,63,66" m="9695" machi="61" ten="30,3000,0" yaku="8,1,54,1" doraHai="135" who="1" fromWho="1" sc="345,-11,54,43,176,-11,415,-11" /><INIT seed="5,2,0,0,1,116" ten="334,97,165,404" oya="1" hai0="55,22,77,97,82,50,133,14,91,4,34,6,40" hai1="71,30,52,121,73,62,76,68,85,78,38,7,49" hai2="17,122,120,31,23,46,33,5,27,114,63,66,75" hai3="131,1,111,115,135,70,47,54,102,0,20,59,125"/><U105/><E121/><V19/><F75/><W98/><G111/><T95/><D34/><U2/><E105/><V118/><F118/><W79/><G70/><T117/><D117/><U109/><E38/><V106/><F106/><W113/><G125/><T80/><D133/><U92/><E109/><V18/><F114/><N who="3" m="43531" /><G131/><T74/><D40/><U15/><E30/><V12/><F46/><W28/><G47/><T35/><D35/><U94/><E2/><V53/><F53/><W39/><G39/><T16/><REACH who="0" step="1"/><D80/><REACH who="0" ten="324,97,165,404" step="2"/><U10/><E73/><V25/><F33/><W51/><G135/><T69/><D69/><U96/><E68/><V37/><F37/><W32/><G32/><T130/><D130/><U8/><E71/><V132/><F132/><W65/><G65/><T21/><D21/><U42/><E42/><V24/><F66/><W84/><G20/><T11/><D11/><U134/><E10/><N who="2" m="4175" /><F63/><W100/><G54/><T112/><D112/><U61/><E134/><V123/><AGARI ba="2,1" hai="17,18,19,23,24,25,27,31,120,122,123" m="4175" machi="123" ten="40,8000,1" yaku="34,2,52,3" doraHai="116" who="2" fromWho="2" sc="324,-22,97,-42,165,96,404,-22" /><INIT seed="6,0,0,3,4,84" ten="302,55,261,382" oya="2" hai0="135,127,62,45,121,77,42,53,66,16,8,57,129" hai1="44,12,80,124,68,50,95,123,26,19,73,38,107" hai2="122,60,27,90,64,15,81,46,51,70,128,78,6" hai3="98,94,82,114,101,23,41,113,131,126,132,72,102"/><V91/><F122/><W116/><G41/><T69/><D121/><U130/><E50/><V36/><F36/><W115/><G23/><T11/><D129/><U134/><E44/><V14/><F128/><W63/><G131/><T13/><D127/><U30/><E95/><V71/><F71/><W52/><G126/><T110/><D110/><U56/><E80/><V33/><F33/><W103/><G116/><T119/><D119/><U96/><E96/><V24/><F24/><W20/><G132/><T25/><D135/><U105/><E56/><V3/><F27/><W4/><G4/><T97/><D77/><U87/><E87/><V21/><F3/><W108/><G108/><T111/><D25/><U35/><E12/><V47/><F47/><W39/><G39/><T55/><D111/><U54/><E54/><V83/><F15/><W0/><G20/><T117/><D117/><U93/><E93/><V10/><F21/><W61/><G0/><T109/><D109/><U28/><E19/><V85/><REACH who="2" step="1"/><F81/><REACH who="2" ten="302,55,251,382" step="2"/><W88/><G82/><T34/><D69/><U79/><E26/><V75/><F75/><W118/><G72/><T89/><D34/><U104/><E73/><V112/><F112/><W100/><N who="3" m="25600" /><DORA hai="29" /><W9/><G118/><T106/><D8/><U99/><E130/><V43/><AGARI ba="0,1" hai="6,10,14,43,46,51,60,64,70,78,83,85,90,91" machi="43" ten="20,24000,3" yaku="1,1,0,1,7,1,25,2,52,2,53,2" doraHai="84,29" doraHaiUra="5,7" who="2" fromWho="2" sc="302,-80,55,-80,251,250,382,-80" owari="222,-17.8,-25,-52.5,501,60.1,302,10.2" /></mjloggm>