<mjloggm ver="2.3"><GO type="169" lobby="0"/><UN n0="%E3%81%82%E3%81%8B%E3%82%8A%E3%82%8D%E3%82%93" n1="%E3%81%8B%E3%82%81%E3%81%98%E3%82%8D%E3%81%86" n2="%E8%B5%A4%E7%BE%8E%E6%BF%83%E3%81%BE%E3%81%90%E3%82%8D" n3="%E9%9B%AA%E3%81%AE%E8%8F%AF" dan="16,17,16,16" rate="2160.94,2165.72,2176.76,2132.77" sx="F,M,M,F"/><TAIKYOKU oya="0"/><INIT seed="0,0,0,2,1,89" ten="250,250,250,250" oya="0" hai0="119,8,72,17,5,68,11,32,79,37,14,110,34" hai1="116,50,131,93,38,90,1,101,98,87,62,77,96" hai2="84,65,125,54,63,67,28,19,16,51,71,108,61" hai3="20,73,59,128,88,86,48,56,126,42,123,107,122"/><T75/><D68/><U82/><E38/><V76/><F108/><W23/><G107/><T13/><D37/><U49/><E116/><V120/><F120/><N who="3" m="46123" /><G73/><T74/><D119/><U29/><E1/><V9/><F125/><W30/><G126/><T44/><D110/><U81/><E131/><V66/><F28/><W52/><G128/><T118/><D118/><U111/><E111/><V92/><F9/><W33/><G42/><T102/><D79/><U100/><E29/><V12/><F71/><W43/><G43/><T55/><REACH who="0" step="1"/><D102/><REACH who="0" ten="240,250,250,250" step="2"/><U45/><E62/><V39/><F39/><W24/><G59/><T121/><D121/><U22/><E45/><V103/><F76/><W26/><G26/><T69/><D69/><U135/><E135/><V127/><F127/><W58/><G58/><T35/><D35/><U53/><E50/><AGARI ba="0,1" hai="5,8,11,13,14,17,32,34,44,50,55,72,74,75" machi="50" ten="40,2000,0" yaku="1,1,53,0" doraHai="89" doraHaiUra="130" who="0" fromWho="1" sc="240,30,250,-20,250,0,250,0" /><INIT seed="0,1,0,1,2,114" ten="270,230,250,250" oya="0" hai0="99,22,49,50,116,0,26,113,92,19,97,30,43" hai1="101,126,58,77,130,124,89,82,132,12,15,108,25" hai2="36,135,91,128,64,84,63,42,102,33,45,60,14" hai3="23,80,76,7,53,13,40,100,133,32,24,94,35"/><T48/><D113/><U90/><E108/><V62/><F33/><W38/><G133/><T29/><D0/><U56/><E101/><V28/><F28/><W112/><G112/><T69/><D69/><U8/><E25/><V122/><F122/><W96/><G40/><T127/><D127/><N who="1" m="48683" /><E132/><V17/><F102/><W39/><G53/><T131/><D131/><U74/><E130/><V118/><F118/><W125/><G125/><T10/><D116/><U71/><E71/><V78/><F78/><W107/><G107/><T70/><D70/><U105/><E105/><V83/><F128/><W34/><G13/><T9/><D43/><U67/><E15/><V27/><F27/><W79/><G7/><T81/><D81/><U18/><E58/><V98/><F98/><W104/><G104/><T72/><D72/><U11/><E11/><N who="0" m="4105" /><D99/><U65/><E56/><V68/><F135/><W54/><G54/><T110/><D110/><U119/><E119/><V57/><F68/><W115/><G115/><T73/><D73/><U16/><E18/><V106/><F106/><W37/><REACH who="3" step="1"/><G80/><REACH who="3" ten="270,230,250,240" step="2"/><T41/><D41/><U61/><E61/><V2/><F2/><W93/><G93/><T86/><D97/><U6/><E6/><V4/><F4/><W59/><G59/><T87/><D92/><U123/><E123/><V85/><F57/><W103/><G103/><T46/><D46/><U88/><AGARI ba="1,1" hai="8,12,16,65,67,74,77,82,88,89,90" m="48683" machi="88" ten="30,4000,0" yaku="18,1,54,2" doraHai="114" who="1" fromWho="1" sc="270,-21,230,53,250,-11,240,-11" /><INIT seed="1,0,0,2,1,104" ten="249,283,239,229" oya="1" hai0="22,51,20,81,67,58,106,52,35,18,59,55,48" hai1="53,124,128,57,75,36,50,15,25,101,116,64,95" hai2="68,69,125,13,28,73,63,42,86,100,26,37,61" hai3="66,99,130,103,79,71,17,121,108,112,4,96,132"/><U21/><E116/><V1/><F1/><W91/><G112/><T72/><D106/><U10/><E124/><V38/><F100/><W83/><G121/><T12/><D35/><U62/><E128/><V8/><F125/><W105/><G4/><T29/><D67/><U32/><E36/><V94/><F94/><N who="3" m="56415" /><G17/><T127/><D127/><U19/><E32/><V30/><F86/><N who="3" m="48511" /><G66/><T16/><D29/><U34/><E75/><V70/><F42/><W31/><G31/><T111/><D111/><U65/><E34/><V120/><F120/><W9/><G9/><T7/><D7/><U49/><E101/><V82/><F8/><W0/><G0/><T14/><D81/><U126/><E95/><V88/><F13/><W110/><G71/><T122/><D72/><U98/><E98/><V60/><F30/><W133/><G130/><T93/><D93/><U113/><E126/><V97/><F97/><W3/><G3/><T47/><D122/><U44/><E113/><V33/><REACH who="2" step="1"/><F88/><REACH who="2" ten="249,283,229,229" step="2"/><W54/><G54/><T56/><AGARI ba="0,1" hai="12,14,16,18,20,22,47,48,51,52,55,56,58,59" machi="56" ten="20,12000,2" yaku="0,1,7,1,9,1,8,1,54,2" doraHai="104" who="0" fromWho="0" sc="249,130,283,-60,229,-30,229,-30" /><INIT seed="2,0,0,1,4,27" ten="379,223,199,199" oya="2" hai0="85,134,110,73,122,8,70,6,104,89,10,126,53" hai1="130,12,129,4,69,60,19,3,93,29,117,100,83" hai2="50,38,64,61,101,112,63,80,21,52,18,31,34" hai3="116,51,72,9,15,59,125,65,56,37,57,121,47"/><V55/><F112/><W17/><G116/><T11/><D122/><U123/><E117/><V24/><F38/><W54/><G121/><T82/><D104/><U94/><E123/><V111/><F111/><W87/><G72/><T71/><D110/><U128/><E3/><V62/><F101/><W79/><G125/><T49/><D126/><U120/><E4/><V102/><F102/><W115/><G115/><T1/><D134/><U43/><E120/><V66/><F80/><N who="3" m="47519" /><G37/><T99/><D99/><U76/><E43/><V118/><F118/><W103/><G103/><T40/><D40/><U78/><E29/><V96/><F96/><W114/><G114/><T77/><D70/><U14/><E14/><V107/><F107/><W36/><G36/><T33/><D33/><U132/><E132/><V45/><REACH who="2" step="1"/><F55/><REACH who="2" ten="379,223,189,199" step="2"/><N who="3" m="30207" /><G65/><T48/><D53/><AGARI ba="0,1" hai="9,15,17,53,54,56,57,59" m="30207,47519" machi="53" ten="30,1000,0" yaku="8,1" doraHai="27" who="3" fromWho="0" sc="379,-10,223,0,189,0,199,20" /><INIT seed="3,0,0,1,0,73" ten="369,223,189,219" oya="3" hai0="89,94,2,107,93,31,67,96,122,120,58,50,101" hai1="108,91,35,63,10,5,85,11,4,33,132,106,103" hai2="20,105,110,26,25,49,21,24,46,29,104,131,37" hai3="129,72,123,81,134,66,54,57,55,61,38,99,39"/><W115/><G115/><T14/><D2/><U113/><E113/><V42/><F110/><W19/><G123/><T109/><D109/><U43/><E108/><V130/><F37/><W12/><G129/><T88/><D31/><U124/><E132/><V80/><F80/><W34/><G34/><T32/><D32/><U8/><E124/><V59/><F59/><W0/><G0/><T95/><D14/><U22/><E43/><V52/><F42/><W16/><G134/><T9/><D9/><U6/><E63/><V90/><F90/><N who="0" m="34922" /><D50/><U64/><E64/><V17/><REACH who="2" step="1"/><F25/><REACH who="2" ten="369,223,179,219" step="2"/><W78/><G38/><T97/><D58/><U65/><E91/><V116/><F116/><W125/><G39/><T53/><D67/><U18/><E65/><V135/><F135/><W86/><G125/><T121/><D53/><U114/><E114/><V112/><F112/><W27/><G55/><T36/><D36/><U82/><E4/><V74/><F74/><W70/><G72/><T119/><D119/><U23/><E5/><V77/><F77/><W60/><G27/><T62/><D62/><U3/><E6/><V47/><F47/><W133/><G133/><T40/><D40/><U126/><E126/><V118/><F118/><W69/><G69/><T76/><D76/><U41/><E41/><V102/><F102/><AGARI ba="0,1" hai="93,94,95,96,97,101,102,107,120,121,122" m="34922" machi="102" ten="40,5200,0" yaku="34,2,54,1" doraHai="73" who="0" fromWho="2" sc="369,62,223,0,179,-52,219,0" /><INIT seed="4,0,0,4,2,21" ten="431,223,127,219" oya="0" hai0="26,0,27,112,31,118,34,61,29,130,131,69,55" hai1="89,81,82,38,10,5,18,120,86,13,99,44,47" hai2="23,19,12,124,45,66,105,90,135,129,125,77,102" hai3="14,43,56,78,64,128,84,109,79,133,15,97,104"/><T16/><D118/><U60/><E120/><V57/><F77/><W94/><G109/><T111/><D0/><U83/><E38/><V50/><F129/><N who="0" m="49162" /><D112/><U53/><E99/><V30/><F135/><W2/><G2/><T62/><D111/><U63/><E5/><V1/><F1/><W24/><G128/><T54/><D16/><U70/><E70/><V39/><F39/><W71/><G71/><T49/><D69/><U113/><E113/><V4/><F4/><W72/><G72/><T46/><D55/><U121/><E121/><V51/><F30/><W101/><G133/><T76/><D76/><U3/><E3/><V115/><F115/><W127/><G127/><N who="2" m="48713" /><F90/><W58/><G43/><T116/><D116/><U68/><E68/><V6/><F6/><W108/><G108/><T103/><D103/><U93/><E53/><N who="2" m="31935" /><F66/><W87/><G64/><T25/><D34/><U7/><E7/><V114/><F114/><W88/><G78/><T122/><D122/><U67/><E67/><V75/><F75/><W123/><G79/><T22/><D31/><U33/><E33/><V35/><F35/><W98/><G123/><T96/><D96/><U32/><E32/><V37/><F37/><W85/><G56/><T59/><D59/><U36/><E36/><V9/><F105/><W134/><G58/><T20/><D29/><U106/><E106/><V91/><F102/><W40/><G40/><T52/><D54/><U28/><E28/><V48/><F91/><W74/><G74/><T117/><D117/><U132/><E132/><V17/><F45/><AGARI ba="0,0" hai="10,13,18,44,45,47,60,63,81,82,83,86,89,93" machi="45" ten="40,1300,0" yaku="8,1" doraHai="21" who="1" fromWho="2" sc="431,0,223,13,127,-13,219,0" /><INIT seed="5,0,0,5,4,124" ten="431,236,114,219" oya="1" hai0="28,15,86,17,63,67,20,88,74,129,104,42,135" hai1="77,18,8,35,111,5,19,38,31,36,109,81,55" hai2="105,13,53,10,102,93,4,98,22,79,97,115,25" hai3="106,49,95,30,40,66,112,58,117,127,46,3,68"/><U61/><E35/><V39/><F39/><W118/><G106/><T100/><D74/><U132/><E31/><V43/><F115/><W0/><G95/><T126/><D126/><U6/><E132/><V51/><F43/><W37/><G30/><T119/><D119/><N who="3" m="45577" /><G127/><T101/><D135/><U41/><E55/><V14/><F79/><W1/><G112/><T33/><D129/><U75/><E61/><V83/><F83/><W94/><G94/><T16/><D104/><U122/><E122/><V23/><F14/><W2/><N who="3" m="0" /><DORA hai="87" /><W65/><G68/><T26/><D42/><U60/><E60/><V12/><F12/><W108/><G108/><N who="1" m="41546" /><E8/><V59/><REACH who="2" step="1"/><F25/><REACH who="2" ten="431,236,104,219" step="2"/><W72/><G72/><T47/><D15/><U128/><E41/><V131/><F131/><W45/><G40/><T130/><D26/><U110/><E128/><V56/><F56/><W121/><G37/><N who="1" m="14442" /><E110/><V24/><F24/><W76/><G58/><T34/><D130/><U133/><E133/><V92/><F92/><W123/><G46/><T120/><D47/><U52/><E6/><V90/><AGARI ba="0,1" hai="4,10,13,22,23,51,53,59,90,93,97,98,102,105" machi="90" ten="20,5200,0" yaku="1,1,0,1,7,1,52,1,53,0" doraHai="124,87" doraHaiUra="71,80" who="2" fromWho="2" sc="431,-13,236,-26,104,62,219,-13" /><INIT seed="6,0,0,0,5,71" ten="418,210,166,206" oya="2" hai0="43,40,53,120,126,69,45,41,0,130,16,51,124" hai1="62,85,105,32,134,23,70,28,91,80,125,127,97" hai2="5,1,46,95,76,110,22,128,2,26,56,58,94" hai3="49,3,113,54,72,132,52,68,78,63,4,89,20"/><V10/><F128/><W17/><G113/><T50/><D120/><U12/><E134/><V135/><F135/><W98/><G132/><T75/><D0/><U36/><E12/><V90/><F110/><W21/><G72/><T93/><D75/><U108/><E23/><V84/><F2/><W74/><G74/><T104/><D104/><U37/><E108/><V44/><F76/><W79/><G21/><T77/><D77/><U103/><E125/><N who="0" m="48233" /><D69/><U15/><E15/><V119/><F119/><W117/><G117/><T29/><D29/><U82/><E82/><V24/><F24/><N who="3" m="14351" /><G4/><T13/><D130/><U111/><E127/><V19/><REACH who="2" step="1"/><F94/><REACH who="2" ten="418,210,156,206" step="2"/><N who="3" m="56655" /><G3/><T18/><D93/><U81/><E111/><V60/><F60/><W73/><G73/><T101/><D13/><U34/><E80/><V38/><F38/><W67/><G78/><T86/><D51/><U6/><E6/><V14/><F14/><W8/><G79/><T55/><D50/><U57/><E36/><V30/><F30/><W7/><G49/><T88/><D18/><U39/><E28/><V122/><F122/><W107/><G107/><T87/><D16/><U31/><E31/><V11/><F11/><W35/><G35/><T64/><D45/><AGARI ba="0,1" hai="1,5,10,19,22,26,44,45,46,56,58,84,90,95" machi="45" ten="40,2000,0" yaku="1,1,53,0" doraHai="71" doraHaiUra="133" who="2" fromWho="0" sc="418,-20,210,0,156,30,206,0" /><INIT seed="6,1,0,2,3,24" ten="398,210,186,206" oya="2" hai0="2,12,116,110,109,124,43,92,89,102,114,70,82" hai1="17,59,51,61,106,16,129,44,105,28,31,101,11" hai2="39,52,78,115,30,19,40,113,60,96,86,66,3" hai3="73,41,37,126,95,81,90,48,77,63,123,135,38"/><V127/><F3/><W98/><G123/><T32/><D2/><U97/><E106/><V25/><F19/><W118/><G118/><T18/><D32/><U21/><E129/><V26/><F26/><W88/><G126/><T107/><D70/><U15/><E44/><N who="2" m="23583" /><F78/><W100/><G135/><T103/><D124/><U111/><E51/><V23/><F127/><W14/><G63/><T29/><D29/><U91/><E111/><V64/><F86/><W121/><G121/><T68/><D116/><U134/><E134/><V128/><F96/><W36/><G41/><T1/><D43/><U49/><E49/><V104/><F104/><W132/><G132/><T20/><D107/><U76/><E76/><V131/><F52/><W87/><G48/><T47/><D1/><U119/><E119/><V8/><F8/><W112/><G112/><N who="2" m="43081" /><F64/><W94/><REACH who="3" step="1"/><G14/><REACH who="3" ten="398,210,186,196" step="2"/><T72/><D114/><U85/><E61/><V125/><F125/><W46/><G46/><T75/><D47/><U74/><E74/><V22/><F60/><W45/><G45/><T6/><D12/><U58/><E11/><V62/><F131/><W4/><G4/><T79/><D6/><U83/><REACH who="1" step="1"/><E17/><REACH who="1" ten="398,200,186,196" step="2"/><V108/><F128/><W130/><G130/><T122/><D18/><U13/><E13/><V71/><F108/><W80/><G80/><T9/><D109/><U27/><E27/><V10/><F10/><W33/><G33/><AGARI ba="1,2" hai="22,23,25,30,33,62,66,71" m="43081,23583" machi="33" ten="30,2900,0" yaku="15,1,52,1" doraHai="24" who="2" fromWho="3" sc="398,0,200,0,186,52,196,-32" /><INIT seed="6,2,0,0,0,96" ten="398,200,238,164" oya="2" hai0="42,67,41,17,111,50,16,48,21,122,117,79,9" hai1="81,14,91,62,74,60,52,105,1,4,38,22,101" hai2="59,86,23,65,94,68,119,15,2,30,10,63,7" hai3="103,47,3,70,8,54,24,53,116,123,73,110,99"/><V120/><F119/><W107/><G116/><T132/><D122/><U113/><E38/><V32/><F120/><W39/><G123/><T100/><D111/><U36/><E36/><V82/><F94/><W128/><G110/><T12/><D117/><U104/><E1/><V114/><F114/><W124/><G73/><T45/><D100/><U133/><E133/><V0/><F68/><W26/><G70/><T49/><D132/><U112/><E4/><V90/><REACH who="2" step="1"/><F23/><REACH who="2" ten="398,200,228,164" step="2"/><W58/><G128/><T130/><D130/><U93/><E112/><V89/><F89/><W76/><G124/><T28/><D21/><U44/><E113/><V35/><F35/><W134/><G134/><T56/><D79/><U102/><E93/><V125/><F125/><W18/><G76/><T46/><D42/><U108/><E108/><V64/><F64/><W13/><G3/><T129/><D41/><U6/><E22/><V57/><F57/><W61/><REACH who="3" step="1"/><G39/><REACH who="3" ten="398,200,228,154" step="2"/><T69/><D69/><U115/><E115/><V31/><F31/><W131/><G131/><T106/><D129/><U51/><E104/><V84/><F84/><W66/><G66/><T121/><D121/><U78/><E105/><V87/><F87/><W80/><G80/><T77/><D77/><U72/><E72/><V37/><F37/><W127/><G127/><T83/><D83/><U5/><E74/><V92/><F92/><W11/><G11/><N who="0" m="6175" /><D106/><U126/><E126/><V19/><F19/><W20/><G20/><T55/><D28/><U75/><E75/><V33/><F33/><W88/><G88/><T25/><D67/><RYUUKYOKU ba="2,2" sc="398,-15,200,-15,228,15,154,15" hai2="0,2,7,10,15,30,32,59,63,65,82,86,90" hai3="8,13,18,24,26,47,53,54,58,61,99,103,107" /><INIT seed="6,3,2,4,0,84" ten="383,185,243,169" oya="2" hai0="71,31,134,122,113,17,58,76,26,15,47,101,20" hai1="97,132,5,29,92,25,0,115,91,119,98,74,51" hai2="116,95,63,53,8,10,135,104,66,57,7,124,4" hai3="107,112,42,27,106,39,130,110,30,103,100,81,78"/><V108/><F104/><W70/><G110/><T60/><D122/><U13/><E119/><V49/><F116/><W23/><G70/><T109/><D109/><U102/><E74/><V35/><F35/><W9/><G130/><T44/><D71/><U131/><E131/><V80/><F108/><W33/><G112/><T94/><D76/><U69/><E69/><V118/><F118/><W36/><G23/><T43/><D43/><U117/><E117/><V88/><F80/><W12/><G42/><T67/><D134/><U72/><E72/><V68/><F135/><W14/><G14/><T123/><D113/><U21/><E115/><V55/><F124/><W129/><G129/><T105/><D105/><U6/><E0/><V1/><F49/><W11/><G11/><N who="0" m="6399" /><D123/><U38/><E38/><V64/><F64/><W121/><G121/><T77/><D77/><U59/><E13/><V28/><F28/><W18/><G106/><T46/><D46/><U127/><E127/><V111/><F111/><W73/><REACH who="3" step="1"/><G107/><REACH who="3" ten="383,185,243,159" step="2"/><T40/><D40/><U133/><E132/><V96/><F68/><W90/><G90/><T22/><D20/><U85/><E133/><V61/><F61/><W120/><G120/><T83/><D60/><U62/><E51/><V45/><F45/><W75/><G75/><T86/><D44/><U56/><E56/><V50/><F50/><W32/><G32/><T24/><D47/><U3/><E3/><AGARI ba="3,3" hai="1,3,4,7,8,10,53,55,57,63,66,88,95,96" machi="3" ten="30,11600,0" yaku="7,1,9,1,52,1,54,1" doraHai="84" who="2" fromWho="1" sc="383,0,185,-125,243,155,159,0" /><INIT seed="6,4,0,1,0,135" ten="383,60,398,159" oya="2" hai0="115,50,19,89,64,114,121,83,111,99,75,63,132" hai1="103,104,51,52,18,48,23,36,33,98,85,109,120" hai2="9,28,45,4,112,5,73,92,129,133,107,88,8" hai3="118,11,38,62,86,24,72,54,117,127,17,49,134"/><V76/><F107/><W16/><G72/><T102/><D111/><U42/><E109/><V2/><F133/><W43/><G134/><T58/><D132/><U105/><E33/><V68/><F68/><W84/><G38/><T97/><D121/><U60/><E120/><V87/><F112/><N who="0" m="43050" /><D102/><U93/><E36/><V53/><F129/><W29/><G43/><T113/><D113/><U0/><E0/><V74/><F28/><W35/><G127/><T81/><D75/><U39/><E39/><V7/><F76/><W108/><G108/><T27/><D50/><U25/><E104/><V106/><F106/><W78/><G62/><T12/><D27/><U94/><E105/><V77/><F77/><W20/><G11/><N who="0" m="6559" /><D89/><U56/><REACH who="1" step="1"/><E42/><REACH who="1" ten="383,50,398,159" step="2"/><V6/><F2/><W80/><G117/><T126/><D126/><U32/><E32/><V55/><F74/><W14/><G118/><T90/><D90/><AGARI ba="4,1" hai="18,23,25,48,51,52,56,60,85,90,93,94,98,103" machi="90" ten="40,5200,0" yaku="1,1,8,1,54,1,53,0" doraHai="135" doraHaiUra="124" who="1" fromWho="0" sc="383,-64,50,74,398,0,159,0" /><INIT seed="7,0,0,0,3,72" ten="319,124,398,159" oya="3" hai0="22,35,118,67,12,33,134,107,117,116,73,77,112" hai1="129,78,101,135,52,40,97,20,10,11,111,130,126" hai2="121,115,128,6,8,98,100,47,68,119,82,124,90" hai3="0,60,7,95,43,1,2,94,120,15,103,113,109"/><W92/><G120/><T93/><D107/><U62/><E111/><V9/><F119/><W3/><G113/><T27/><D67/><U105/><E40/><V89/><F68/><W84/><G109/><T49/><D49/><U21/><E126/><V36/><F115/><W59/><G43/><T55/><D55/><U88/><E135/><V46/><F124/><W38/><G38/><T18/><D112/><U83/><E10/><V122/><F128/><N who="1" m="49257" /><E11/><N who="2" m="4171" /><F6/><W102/><G84/><T24/><D93/><N who="1" m="56487" /><E105/><V127/><F36/><W42/><G42/><T87/><D73/><N who="1" m="43471" /><E101/><V131/><F127/><W81/><G7/><T123/><D123/><N who="2" m="47114" /><F131/><W29/><G15/><T65/><D65/><U45/><E45/><N who="2" m="16907" /><F82/><W133/><G81/><T108/><D108/><U44/><E62/><V14/><F14/><W66/><G133/><T132/><D134/><U79/><E79/><V48/><F48/><AGARI ba="0,0" hai="20,21,44,48,52" m="43471,56487,49257" machi="48" ten="30,7700,0" yaku="19,1,52,1,54,2" doraHai="72" who="1" fromWho="2" sc="319,0,124,77,398,-77,159,0" owari="319,11.9,201,-19.9,321,42.1,159,-34.1" /></mjloggm>