<mjloggm ver="2.3"><GO type="169" lobby="0"/><UN n0="%E3%83%A4%E3%83%8A%E3%83%AA%E3%83%B3%E3%82%B9%E3%82%AD%E3%83%BC" n1="%E6%A4%9B%E5%8D%97" n2="%65%76%31%36%33%38%34" n3="%31%74%61" dan="17,18,17,17" rate="2158.81,2206.44,2161.06,2244.10" sx="M,F,M,M"/><TAIKYOKU oya="0"/><INIT seed="0,0,0,1,5,29" ten="250,250,250,250" oya="0" hai0="113,83,16,77,117,71,133,25,35,116,103,62,2" hai1="119,44,79,94,47,124,87,104,118,49,131,132,106" hai2="72,45,14,76,125,81,18,17,98,92,110,5,82" hai3="1,48,135,101,4,0,22,20,89,13,99,7,70"/><T95/><D113/><U68/><E68/><V109/><F125/><W112/><G70/><T53/><D2/><U64/><E64/><V78/><F45/><W39/><G39/><T37/><D37/><U36/><E124/><V122/><F5/><W114/><G89/><T128/><D128/><U21/><E132/><V8/><F18/><W57/><G48/><T67/><D133/><U61/><E61/><V69/><F69/><W65/><G65/><T10/><D53/><U9/><E9/><V84/><REACH who="2" step="1"/><F122/><REACH who="2" ten="250,250,240,250" step="2"/><W41/><G7/><T105/><D16/><U80/><E47/><V27/><F27/><W58/><G4/><T111/><D25/><U33/><E44/><V56/><F56/><W40/><G57/><T123/><D123/><U51/><E36/><V73/><F73/><W55/><G58/><T34/><D71/><U54/><E119/><V11/><F11/><W88/><G135/><T32/><D10/><U52/><E118/><V96/><F96/><W90/><G99/><T38/><D38/><U6/><E6/><V74/><F74/><W127/><G127/><T28/><D117/><U100/><E87/><V19/><F19/><W85/><G13/><T97/><D116/><U50/><E131/><V126/><F126/><W31/><G85/><T12/><D12/><U108/><E50/><V26/><F26/><W30/><G55/><T86/><D28/><U23/><E51/><V75/><F75/><W121/><G121/><T91/><D67/><U59/><E54/><V60/><F60/><W129/><G129/><T102/><D62/><U24/><E52/><RYUUKYOKU ba="0,1" sc="250,-15,250,-15,240,15,250,15" hai2="8,14,17,72,76,78,81,82,84,92,98,109,110" hai3="0,1,20,22,30,31,40,41,88,90,101,112,114" /><INIT seed="1,1,1,2,2,130" ten="235,235,255,265" oya="1" hai0="57,67,85,19,12,8,132,45,118,20,117,82,10" hai1="131,47,68,6,59,77,87,119,100,26,70,4,133" hai2="108,22,126,128,30,41,32,37,86,24,129,95,123" hai3="122,88,34,42,29,113,58,25,103,28,16,0,48"/><U112/><E112/><V55/><F55/><W51/><G0/><T7/><D132/><U53/><E131/><N who="2" m="50251" /><F41/><W21/><G113/><T101/><D101/><U102/><E119/><V36/><F123/><W14/><G122/><T23/><D117/><U124/><E124/><V31/><F126/><W66/><G103/><T104/><D104/><U62/><E133/><V111/><F31/><W49/><G29/><T40/><D118/><U96/><E70/><V61/><F61/><W134/><G134/><T99/><D99/><U63/><E47/><V38/><F32/><W115/><G115/><T3/><D67/><U120/><E120/><V91/><AGARI ba="1,1" hai="22,24,30,36,37,38,86,91,95,108,111" m="50251" machi="91" ten="40,1500,0" yaku="19,1" doraHai="130" who="2" fromWho="2" sc="235,-5,235,-8,255,28,265,-5" /><INIT seed="2,0,0,4,1,76" ten="230,227,283,260" oya="2" hai0="3,64,72,59,108,51,28,77,25,113,44,74,61" hai1="49,96,100,4,128,135,9,127,43,60,132,101,110" hai2="0,88,94,106,42,80,90,66,6,23,126,124,78" hai3="20,112,41,117,7,118,46,50,39,111,14,99,58"/><V15/><F106/><W73/><G111/><T84/><D113/><U33/><E110/><V52/><F42/><W71/><G112/><T83/><D3/><U36/><E128/><V38/><F38/><W121/><G121/><T89/><D108/><U18/><E127/><N who="2" m="48683" /><F66/><W35/><G35/><T21/><REACH who="0" step="1"/><D77/><REACH who="0" ten="220,227,283,260" step="2"/><U34/><E135/><V82/><F0/><W79/><G79/><T87/><D87/><U116/><E132/><V11/><F78/><W114/><G114/><T85/><D85/><U67/><E116/><V91/><F23/><W68/><G20/><T56/><D56/><U48/><E34/><V105/><F105/><W54/><G58/><T31/><D31/><U12/><E33/><V86/><F52/><AGARI ba="0,1" hai="21,25,28,44,51,52,59,61,64,72,74,83,84,89" machi="52" ten="30,7700,0" yaku="1,1,7,1,52,1,54,1,53,0" doraHai="76" doraHaiUra="120" who="0" fromWho="2" sc="220,87,227,0,283,-77,260,0" /><INIT seed="3,0,0,3,2,40" ten="307,227,206,260" oya="3" hai0="11,113,52,9,39,55,53,47,110,10,114,129,14" hai1="61,71,92,95,48,83,63,123,78,51,82,112,66" hai2="20,94,84,30,77,120,23,22,111,116,119,36,44" hai3="109,37,6,134,128,65,46,87,18,38,75,124,21"/><W34/><G75/><T16/><D110/><U108/><E108/><V131/><F111/><W72/><G72/><T26/><D129/><U126/><E126/><V76/><F131/><W69/><G34/><T103/><D103/><U89/><E123/><V99/><F120/><W96/><G128/><T28/><D39/><U118/><E118/><V45/><F36/><W64/><G109/><T56/><D56/><U93/><E89/><V98/><F30/><W68/><G6/><T25/><D47/><N who="2" m="17994" /><F119/><W49/><G124/><T135/><D135/><U80/><E78/><N who="2" m="30315" /><F116/><W86/><G134/><T101/><D101/><U132/><E132/><V62/><F62/><W105/><G68/><T121/><D121/><U50/><REACH who="1" step="1"/><E63/><REACH who="1" ten="307,217,206,260" step="2"/><V81/><F94/><W57/><G38/><T24/><REACH who="0" step="1"/><D28/><REACH who="0" ten="297,217,206,260" step="2"/><U0/><E0/><V59/><F59/><W85/><G57/><T104/><D104/><U32/><E32/><V73/><F73/><W122/><G105/><T8/><AGARI ba="0,2" hai="8,9,10,11,14,16,24,25,26,52,53,55,113,114" machi="8" ten="40,12000,2" yaku="1,1,0,1,29,2,54,2,53,0" doraHai="40" doraHaiUra="43" who="0" fromWho="0" sc="297,140,217,-30,206,-30,260,-60" /><INIT seed="4,0,0,4,4,132" ten="437,187,176,200" oya="0" hai0="60,86,9,84,33,25,112,5,23,107,113,30,126" hai1="22,90,13,2,38,31,16,78,98,42,81,93,134" hai2="129,83,82,92,103,75,80,26,54,72,109,100,85" hai3="10,55,19,61,18,47,68,66,32,48,36,40,8"/><T114/><D107/><U131/><E134/><V116/><F54/><W3/><G32/><T41/><D41/><U96/><E131/><V71/><F71/><W102/><G102/><N who="2" m="38953" /><F26/><W39/><G39/><T69/><D126/><U99/><E2/><V135/><F135/><W56/><REACH who="3" step="1"/><G10/><REACH who="3" ten="437,187,176,190" step="2"/><T79/><D33/><U104/><E104/><V74/><F129/><W29/><G29/><T44/><D9/><U35/><E35/><V15/><F109/><W43/><G43/><T67/><D30/><U12/><E31/><V76/><F15/><W130/><G130/><T133/><D133/><U121/><E38/><V125/><F116/><W37/><G37/><T63/><D25/><U127/><E42/><V119/><F119/><W65/><G65/><T128/><D128/><U11/><E121/><V28/><F28/><W17/><G17/><T124/><D67/><U88/><E13/><V62/><F62/><W52/><G52/><T95/><D60/><U120/><E120/><V24/><F24/><W101/><G101/><T46/><D63/><U49/><E12/><V111/><F111/><W59/><G59/><T27/><D27/><U118/><E16/><V106/><F106/><W123/><G123/><T58/><D58/><U21/><E118/><V77/><F125/><W70/><G70/><T87/><D69/><U73/><E127/><V57/><F57/><W51/><G51/><T0/><D124/><U7/><E49/><V105/><F105/><W110/><G110/><T1/><D113/><U50/><E50/><V94/><F75/><W53/><G53/><T97/><D114/><RYUUKYOKU ba="0,1" sc="437,-15,187,-15,176,15,190,15" hai2="72,74,76,77,80,82,83,85,92,94" hai3="3,8,18,19,36,40,47,48,55,56,61,66,68" /><INIT seed="5,1,1,0,1,123" ten="422,172,191,205" oya="1" hai0="34,16,83,80,66,72,18,81,0,104,54,6,49" hai1="35,47,19,8,95,26,117,13,61,93,4,29,58" hai2="131,111,14,33,39,2,125,69,21,10,12,53,23" hai3="103,128,37,68,110,51,87,78,15,9,28,60,101"/><U63/><E117/><V46/><F69/><W102/><G110/><T41/><D34/><U27/><E63/><V119/><F53/><W74/><G37/><T17/><D104/><U20/><REACH who="1" step="1"/><E47/><REACH who="1" ten="422,162,191,205" step="2"/><V122/><F46/><W71/><G60/><T120/><D120/><U56/><E56/><V88/><F119/><W116/><G116/><T62/><D62/><U94/><E94/><V70/><F122/><W130/><G71/><T22/><D66/><AGARI ba="1,2" hai="4,8,13,19,20,26,27,29,35,58,61,66,93,95" machi="66" ten="30,2900,0" yaku="1,1,7,1,53,0" doraHai="123" doraHaiUra="73" who="1" fromWho="0" sc="422,-32,162,52,191,0,205,0" /><INIT seed="5,2,0,4,0,130" ten="390,214,191,205" oya="1" hai0="108,22,24,5,114,65,97,102,131,72,16,77,85" hai1="104,98,78,119,44,120,121,11,134,6,61,115,129" hai2="94,29,76,60,95,3,58,125,86,69,43,88,116" hai3="70,4,105,36,75,63,10,19,32,20,103,113,91"/><U79/><E119/><V38/><F116/><W59/><G36/><T96/><D108/><U126/><E129/><V124/><F3/><W112/><G32/><T87/><D131/><U12/><E115/><N who="3" m="44106" /><G75/><T80/><D114/><U53/><E126/><N who="2" m="48747" /><F69/><W46/><G46/><T99/><D65/><U7/><E7/><V73/><F29/><W92/><G70/><T101/><D5/><U84/><E134/><V55/><F73/><W14/><G103/><T107/><REACH who="0" step="1"/><D96/><REACH who="0" ten="380,214,191,205" step="2"/><U47/><E98/><V132/><F132/><W52/><G105/><AGARI ba="2,1" hai="16,22,24,72,77,80,85,87,97,99,101,102,105,107" machi="105" ten="30,8000,1" yaku="1,1,2,1,7,1,9,1,54,1,53,0" doraHai="130" doraHaiUra="56" who="0" fromWho="3" sc="380,96,214,0,191,0,205,-86" /><INIT seed="6,0,0,0,5,79" ten="476,214,191,119" oya="2" hai0="12,111,27,87,37,56,42,83,69,126,98,40,55" hai1="100,102,131,97,80,75,33,129,5,31,103,77,81" hai2="13,59,44,64,21,24,106,47,14,23,113,66,74" hai3="121,82,76,108,85,1,94,60,9,132,3,15,133"/><V125/><F106/><W8/><G108/><T52/><D69/><U25/><E5/><V114/><F74/><W7/><G121/><T28/><D126/><U10/><E10/><V110/><F59/><W6/><G15/><N who="2" m="5641" /><F24/><W89/><REACH who="3" step="1"/><G60/><REACH who="3" ten="476,214,191,109" step="2"/><T41/><D111/><U92/><REACH who="1" step="1"/><E81/><REACH who="1" ten="476,204,191,109" step="2"/><V90/><F110/><W19/><G19/><T30/><D83/><U115/><E115/><V62/><F114/><W26/><G26/><T104/><D27/><U135/><E135/><V63/><F113/><W17/><G17/><T16/><D16/><U61/><E61/><V84/><F63/><W34/><G34/><T29/><D12/><U57/><E57/><V2/><F62/><W65/><G65/><T134/><D56/><U49/><E49/><V95/><F66/><W43/><G43/><T101/><D134/><U99/><E99/><AGARI ba="0,2" hai="1,3,6,7,8,9,76,82,85,89,94,99,132,133" machi="99" ten="40,8000,1" yaku="1,1,9,1,52,1,53,1" doraHai="79" doraHaiUra="78" who="3" fromWho="1" sc="476,0,204,-80,191,0,109,100" /><INIT seed="7,0,0,3,4,135" ten="476,124,191,209" oya="3" hai0="46,90,55,23,54,22,81,20,69,105,30,128,92" hai1="9,120,65,60,24,121,80,19,102,52,87,114,32" hai2="106,71,119,21,108,63,12,77,126,36,50,16,67" hai3="110,78,117,33,59,97,4,6,15,14,11,116,99"/><W62/><G33/><T18/><D105/><U7/><E114/><V132/><F119/><W94/><G78/><T8/><D69/><U73/><E102/><V88/><F108/><W72/><G72/><T85/><D128/><U124/><E124/><V98/><F36/><W89/><G110/><T3/><D3/><U93/><E93/><V51/><F132/><W58/><G58/><T27/><D8/><U40/><E40/><V45/><F126/><W122/><G122/><T70/><D70/><U38/><E38/><V76/><F51/><W103/><G14/><N who="0" m="9303" /><D46/><U129/><E129/><V113/><F113/><W56/><G56/><T13/><D92/><U83/><E83/><V107/><F107/><W26/><G26/><N who="0" m="16727" /><D13/><U118/><E118/><V104/><F104/><W57/><G57/><T112/><D112/><U43/><E73/><V1/><F1/><W109/><G109/><T53/><D53/><U111/><E111/><V133/><F133/><W91/><G6/><T125/><D125/><U134/><E134/><V29/><F29/><AGARI ba="0,0" hai="23,27,29,54,55,81,85,90" m="16727,9303" machi="29" ten="30,1000,0" yaku="8,1" doraHai="135" who="0" fromWho="2" sc="476,10,124,0,191,-10,209,0" owari="486,58.6,124,-37.6,181,-21.9,209,0.9" /></mjloggm>