<mjloggm ver="2.3"><GO type="169" lobby="0"/><UN n0="%E3%81%9B%E3%81%A9%E3%81%AA%E3%82%8A%E3%81%82%E3%82%93" n1="%53%69%6C%76%65%72%44%46" n2="%E3%81%BD%E3%81%A3%E3%81%91%E3%81%95%E3%82%93" n3="%E5%B0%8F%E7%81%AB%E4%BA%BA%73%73" dan="17,17,17,16" rate="2203.61,2218.13,2209.72,2047.14" sx="F,M,M,M"/><TAIKYOKU oya="0"/><INIT seed="0,0,0,5,0,29" ten="250,250,250,250" oya="0" hai0="37,35,126,129,128,97,27,56,20,46,120,38,131" hai1="33,15,104,125,21,8,111,98,82,86,117,5,67" hai2="58,122,78,17,100,69,0,134,42,113,22,127,123" hai3="118,81,43,108,10,92,63,77,68,51,18,76,133"/><T88/><D120/><U54/><E117/><V48/><F69/><W59/><G118/><T32/><D126/><U87/><E125/><V1/><F78/><W95/><G108/><T36/><D56/><U40/><E111/><V130/><F100/><W6/><G18/><T105/><D46/><U66/><E40/><V60/><F22/><W55/><G133/><T74/><D74/><U45/><E33/><N who="0" m="12873" /><D88/><N who="1" m="51287" /><E104/><V30/><F17/><W109/><G109/><T39/><D39/><U3/><E3/><V16/><F16/><W9/><G76/><T79/><D79/><U12/><E98/><V119/><F1/><W24/><G24/><T61/><D61/><U47/><E15/><V53/><F0/><W106/><G106/><T49/><D49/><N who="1" m="28975" /><E21/><V121/><F60/><W90/><G63/><T50/><D50/><U91/><E47/><V107/><F48/><W52/><G51/><T71/><D71/><U101/><E101/><V110/><F42/><W65/><G68/><T112/><D112/><U2/><E2/><V80/><F113/><W93/><G43/><T72/><D72/><U132/><E132/><V85/><F134/><W70/><G70/><T14/><D14/><U84/><E84/><V13/><F110/><W73/><G73/><T124/><D124/><U25/><E25/><V102/><F127/><W114/><G114/><T116/><D116/><U57/><E57/><V19/><F119/><W34/><G77/><T94/><D105/><U99/><E99/><V75/><F122/><W23/><G59/><T115/><D115/><U89/><E87/><V7/><F121/><RYUUKYOKU ba="0,0" sc="250,-10,250,30,250,-10,250,-10" hai1="5,8,12,66,67,89,91" /><INIT seed="1,1,0,1,3,92" ten="240,280,240,240" oya="1" hai0="68,91,32,93,49,24,75,123,102,40,54,56,1" hai1="97,22,62,81,65,135,15,31,60,23,104,82,118" hai2="124,110,13,55,113,120,128,34,53,29,12,115,57" hai3="4,111,130,117,19,21,9,51,109,5,48,106,98"/><U52/><E118/><V125/><F57/><W73/><G73/><T42/><D1/><U121/><E121/><V76/><F76/><W38/><G38/><T10/><D68/><U3/><E3/><V16/><F120/><W44/><G130/><T72/><D102/><U119/><E119/><V87/><F87/><W58/><G58/><T8/><D123/><U94/><E104/><V71/><F71/><W79/><G79/><T131/><D131/><U28/><E135/><V26/><F128/><W69/><G69/><T61/><D75/><U35/><E35/><V133/><F133/><W45/><G117/><T64/><D72/><U6/><E65/><V74/><F74/><W129/><G129/><T33/><D33/><U134/><E134/><V47/><F47/><W86/><G86/><T7/><D24/><N who="1" m="16407" /><E31/><V83/><F83/><N who="1" m="31753" /><E52/><N who="2" m="20043" /><F12/><W114/><G106/><T43/><D32/><U101/><E23/><N who="2" m="11663" /><F110/><W132/><G132/><T39/><D39/><U11/><AGARI ba="1,0" hai="6,11,15,60,62,94,97,101" m="31753,16407" machi="11" ten="30,3000,0" yaku="8,1,52,1" doraHai="92" who="1" fromWho="1" sc="240,-11,280,33,240,-11,240,-11" /><INIT seed="1,2,0,2,5,7" ten="229,313,229,229" oya="1" hai0="11,27,69,6,38,109,116,47,28,13,46,26,80" hai1="92,102,41,35,45,82,97,83,36,23,31,10,70" hai2="93,106,104,103,86,32,134,29,68,120,72,78,105" hai3="39,62,74,5,119,115,76,34,37,131,123,9,113"/><U25/><E70/><V89/><F32/><W30/><G123/><T85/><D116/><U15/><REACH who="1" step="1"/><E35/><REACH who="1" ten="229,303,229,229" step="2"/><V88/><F68/><W81/><G119/><T75/><D69/><U91/><E91/><N who="2" m="53495" /><F120/><W18/><G131/><T114/><D114/><U77/><E77/><V61/><F134/><W132/><G132/><T44/><D109/><U48/><E48/><V57/><F61/><W129/><G129/><T60/><D60/><U84/><E84/><V90/><F57/><W56/><G56/><T100/><D38/><U121/><E121/><V118/><F118/><W122/><G62/><T50/><D75/><U66/><E66/><V94/><F29/><W67/><G67/><T71/><D71/><U59/><E59/><V98/><F78/><W58/><G58/><T128/><D128/><U42/><E42/><V19/><F19/><AGARI ba="2,1" hai="10,15,19,23,25,31,36,41,45,82,83,92,97,102" machi="19" ten="30,5800,0" yaku="1,1,7,1,52,1,53,0" doraHai="7" doraHaiUra="130" who="1" fromWho="2" sc="229,0,303,74,229,-64,229,0" /><INIT seed="1,3,0,4,0,113" ten="229,377,165,229" oya="1" hai0="49,64,22,11,61,133,112,5,86,91,128,75,105" hai1="18,97,101,92,100,103,26,78,10,9,135,14,39" hai2="7,83,110,1,46,66,36,124,53,98,3,12,94" hai3="90,2,84,79,20,93,33,27,56,51,0,131,119"/><U6/><E39/><V42/><F110/><W121/><G121/><T77/><D112/><U130/><E135/><V117/><F117/><W35/><G131/><T129/><D105/><U68/><E68/><V19/><F7/><W30/><G79/><T125/><D125/><U126/><E126/><V102/><F124/><W107/><G107/><T8/><D133/><U32/><E130/><N who="0" m="50281" /><D49/><U109/><E109/><V15/><F66/><W74/><G74/><T28/><D77/><U59/><E78/><V118/><F83/><W13/><G119/><T47/><D47/><U29/><REACH who="1" step="1"/><E59/><REACH who="1" ten="229,367,165,229" step="2"/><V16/><F118/><W134/><G134/><T63/><D75/><U23/><E23/><V57/><F57/><W62/><G35/><T127/><D127/><U58/><E58/><V55/><F36/><W106/><G33/><T114/><D114/><U132/><E132/><V52/><F46/><W4/><G56/><T60/><D64/><U17/><E17/><V99/><F19/><W54/><G51/><T45/><D45/><U111/><E111/><V21/><F16/><W50/><G50/><T38/><D38/><U43/><E43/><V44/><F21/><W24/><G20/><T76/><D76/><U95/><E95/><N who="2" m="58719" /><F44/><W40/><G40/><T104/><D104/><U67/><E67/><V96/><F42/><W108/><G108/><T41/><D41/><U70/><E70/><V81/><F81/><W89/><G106/><T120/><D22/><U82/><E82/><V115/><F115/><W80/><G80/><T123/><D61/><U25/><E25/><V37/><F37/><RYUUKYOKU ba="3,1" sc="229,-10,367,30,165,-10,229,-10" hai1="6,9,10,14,18,26,29,32,92,97,100,101,103" /><INIT seed="1,4,1,4,4,37" ten="219,397,155,219" oya="1" hai0="48,112,46,13,116,0,39,30,123,104,65,81,22" hai1="44,124,119,14,74,58,26,101,79,87,6,94,31" hai2="51,88,8,86,68,23,102,38,106,90,20,73,54" hai3="76,60,16,33,96,12,72,56,69,132,105,3,77"/><U108/><E119/><V99/><F38/><W7/><G132/><T55/><D112/><U18/><E124/><V82/><F68/><W19/><G69/><T57/><D116/><U135/><E135/><V1/><F73/><W71/><G71/><T117/><D117/><U98/><E74/><V113/><F113/><W122/><G33/><T67/><D0/><U11/><E108/><V9/><F90/><W107/><G3/><T62/><D104/><U78/><E58/><V129/><F129/><W29/><G29/><T103/><D123/><U131/><E131/><V43/><F43/><W47/><G47/><T133/><D133/><U111/><E111/><V42/><F42/><W75/><G75/><T28/><D103/><U35/><E44/><V109/><F109/><W91/><G105/><T34/><D39/><U10/><REACH who="1" step="1"/><E87/><REACH who="1" ten="219,387,155,219" step="2"/><V84/><F86/><W125/><G72/><T100/><D46/><U17/><E17/><V118/><F118/><W64/><G19/><T95/><D57/><U130/><E130/><V45/><REACH who="2" step="1"/><F9/><REACH who="2" ten="219,387,145,219" step="2"/><W5/><G125/><T121/><D121/><U126/><E126/><V24/><F24/><W83/><G122/><T63/><D34/><U97/><E97/><V66/><F66/><W120/><G120/><T27/><D65/><U36/><E36/><V50/><F50/><W52/><G64/><T15/><D48/><U70/><E70/><V41/><F41/><W93/><G96/><N who="0" m="59423" /><D27/><U59/><E59/><V114/><F114/><W134/><G134/><T110/><D67/><U85/><E85/><V92/><F92/><W128/><G93/><RYUUKYOKU ba="4,3" sc="219,-15,387,15,145,15,219,-15" hai1="6,10,11,14,18,26,31,35,78,79,94,98,101" hai2="1,8,20,23,45,51,54,82,84,88,99,102,106" /><INIT seed="1,5,3,2,3,22" ten="204,402,160,204" oya="1" hai0="66,40,62,112,69,130,113,127,134,124,46,27,43" hai1="67,79,106,24,86,15,119,63,73,59,123,126,122" hai2="60,70,53,38,98,128,87,12,23,131,29,37,6" hai3="96,3,18,56,95,49,48,26,84,105,107,103,121"/><U114/><E114/><N who="0" m="44137" /><D27/><U68/><E119/><V91/><F98/><W109/><G3/><T120/><D130/><N who="2" m="49706" /><F6/><W89/><G109/><T110/><D110/><U34/><E73/><V33/><F33/><W16/><G121/><T1/><D1/><U77/><E126/><N who="0" m="48169" /><D134/><U50/><E106/><V133/><F133/><W97/><G56/><T7/><D7/><U30/><E15/><V55/><F70/><W81/><G107/><T129/><D129/><U108/><E108/><V76/><F76/><W117/><G117/><T31/><D31/><U13/><E13/><V99/><F99/><W80/><G80/><T111/><D111/><U20/><E34/><V135/><F135/><W14/><G18/><T71/><D120/><U88/><E122/><V8/><F8/><W35/><G35/><T47/><D71/><U28/><E28/><V132/><F132/><W118/><G118/><T32/><D32/><U83/><E123/><V82/><F29/><W75/><G75/><T44/><AGARI ba="5,3" hai="40,43,44,46,47,62,66,69" m="48169,44137" machi="44" ten="40,5200,0" yaku="18,1,34,2" doraHai="22" who="0" fromWho="0" sc="204,97,402,-31,160,-18,204,-18" /><INIT seed="2,0,0,3,1,58" ten="301,371,142,186" oya="2" hai0="0,22,110,9,92,45,43,10,5,82,132,61,41" hai1="89,75,3,101,108,103,80,16,104,25,62,135,125" hai2="51,7,40,27,78,37,111,48,102,68,113,39,21" hai3="131,129,74,77,84,122,29,81,93,26,124,34,72"/><V33/><F33/><W134/><G122/><T24/><D110/><U95/><E3/><V112/><F78/><W12/><G134/><T69/><D132/><U83/><E135/><V109/><F7/><W87/><G124/><T14/><D92/><U30/><E108/><N who="2" m="41547" /><F102/><N who="1" m="38921" /><E75/><V67/><F21/><W44/><G44/><T96/><D82/><U6/><E104/><V116/><F27/><W19/><G74/><T117/><D24/><U52/><E6/><V64/><F116/><W36/><G36/><N who="2" m="13897" /><F40/><W4/><G4/><T38/><D41/><U42/><E42/><V53/><F51/><W1/><G1/><T105/><D22/><N who="1" m="13511" /><E125/><V88/><F88/><W70/><G72/><T118/><D9/><U2/><E30/><V120/><F120/><W71/><G87/><T63/><D0/><U115/><E2/><V73/><F73/><W121/><G121/><T54/><D105/><U50/><E50/><V57/><F68/><W20/><G93/><T55/><D69/><U66/><E83/><V35/><F35/><W126/><G126/><T91/><D91/><U31/><E31/><V106/><F106/><W76/><G76/><T59/><D96/><U85/><E80/><V130/><F130/><AGARI ba="0,0" hai="12,19,20,26,29,34,70,71,77,81,84,129,130,131" machi="130" ten="40,1300,0" yaku="19,1" doraHai="58" who="3" fromWho="2" sc="301,0,371,0,142,-13,186,13" /><INIT seed="3,0,0,1,4,66" ten="301,371,129,199" oya="3" hai0="83,2,88,38,46,79,96,99,54,52,130,11,134" hai1="84,95,74,55,49,26,69,24,8,100,119,29,6" hai2="47,93,75,78,116,33,9,97,71,129,56,59,125" hai3="13,40,90,117,133,104,57,18,124,106,65,112,37"/><W111/><G117/><T32/><D32/><U25/><E74/><V16/><F116/><W120/><G112/><T80/><D130/><U60/><E119/><V19/><F33/><W92/><G120/><T109/><D109/><U135/><E135/><V48/><F129/><W27/><G133/><T115/><D134/><U28/><E60/><V42/><F125/><W31/><G111/><T43/><D115/><U45/><E69/><V128/><F128/><W126/><G40/><T23/><D23/><U58/><E58/><V89/><F71/><W114/><G37/><T7/><D99/><N who="1" m="59519" /><E84/><V34/><F34/><W105/><G114/><T77/><D77/><U72/><E72/><V64/><F64/><W91/><G57/><T17/><D17/><U108/><E108/><V107/><F107/><W20/><G65/><T73/><D83/><U36/><E36/><V85/><F75/><W110/><G110/><T121/><D121/><U3/><E3/><V21/><F19/><W87/><REACH who="3" step="1"/><G91/><REACH who="3" ten="301,371,129,189" step="2"/><T68/><D68/><U44/><E45/><V118/><F118/><W22/><AGARI ba="0,1" hai="13,18,20,22,27,31,87,90,92,104,105,106,124,126" machi="22" ten="40,7800,0" yaku="1,1,2,1,0,1,53,0" doraHai="66" doraHaiUra="0" who="3" fromWho="3" sc="301,-26,371,-26,129,-26,189,88" /><INIT seed="3,1,0,2,1,81" ten="275,345,103,277" oya="3" hai0="23,17,111,130,129,83,134,14,25,45,75,79,65" hai1="3,6,7,61,49,39,5,126,28,27,122,35,77" hai2="38,98,41,132,121,106,44,72,13,131,110,87,24" hai3="128,133,30,80,78,117,8,2,90,70,53,1,127"/><W52/><G117/><T12/><D111/><U40/><E122/><V84/><F110/><W103/><G70/><T66/><D134/><U92/><E126/><V97/><F132/><W10/><G127/><T31/><D45/><U74/><E49/><V88/><F72/><W19/><G128/><N who="0" m="49259" /><D12/><U34/><E34/><AGARI ba="1,0" hai="14,17,23,25,31,34,65,66,75,79,83" m="49259" machi="34" ten="30,1000,0" yaku="19,1" doraHai="81" who="0" fromWho="1" sc="275,13,345,-13,103,0,277,0" /><INIT seed="4,0,0,3,1,111" ten="288,332,103,277" oya="0" hai0="66,98,36,40,45,27,99,9,7,114,89,109,71" hai1="96,23,123,117,87,57,69,79,128,38,49,56,48" hai2="94,8,119,92,16,15,133,72,13,17,55,41,22" hai3="102,104,77,42,93,130,100,53,26,30,127,115,90"/><T51/><D109/><U2/><E117/><V108/><F108/><W20/><G127/><T35/><D71/><U33/><E33/><V61/><F119/><W91/><G130/><T28/><D66/><U24/><E123/><V21/><F72/><W134/><G134/><T95/><D36/><U0/><E69/><V118/><F118/><W121/><G121/><T73/><D73/><U34/><E38/><V14/><F41/><W32/><G104/><T112/><REACH who="0" step="1"/><D98/><REACH who="0" ten="278,332,103,277" step="2"/><U82/><E96/><V78/><F133/><W86/><G86/><T37/><D37/><U58/><E128/><V122/><F122/><W70/><G70/><T129/><D129/><U6/><E34/><V44/><F78/><W110/><G77/><T3/><AGARI ba="0,1" hai="3,7,9,27,28,35,40,45,51,89,95,99,112,114" machi="3" ten="30,11700,0" yaku="1,1,0,1,52,2,53,0" doraHai="111" doraHaiUra="60" who="0" fromWho="0" sc="278,127,332,-39,103,-39,277,-39" /><INIT seed="4,1,0,2,0,65" ten="405,293,64,238" oya="0" hai0="16,22,25,61,108,23,14,77,78,51,60,58,52" hai1="83,45,100,135,119,126,2,93,30,85,38,124,102" hai2="15,47,131,17,101,113,109,39,129,118,32,68,130" hai3="69,66,123,9,87,115,50,125,54,103,86,1,48"/><T133/><D133/><U24/><E119/><V120/><F32/><W97/><G115/><T41/><D108/><U55/><E2/><V29/><F109/><W3/><G125/><N who="1" m="48234" /><E93/><V18/><F120/><W94/><G50/><T67/><D41/><N who="1" m="22711" /><E55/><V27/><F118/><W112/><G123/><T132/><D132/><U49/><E49/><V122/><F113/><W74/><G74/><T81/><D81/><U107/><E107/><V111/><F111/><W59/><G112/><T10/><D23/><N who="1" m="15647" /><E135/><V56/><F122/><W127/><G127/><T43/><D43/><U8/><E8/><V0/><F0/><W62/><REACH who="3" step="1"/><G1/><REACH who="3" ten="405,293,64,228" step="2"/><T114/><D114/><U31/><E31/><V5/><F39/><W80/><G80/><T36/><D36/><U53/><E53/><V73/><F129/><W20/><G20/><T110/><D110/><U88/><AGARI ba="1,1" hai="83,85,88,100,102" m="15647,22711,48234" machi="88" ten="30,2000,0" yaku="18,1,54,1" doraHai="65" who="1" fromWho="1" sc="405,-11,293,33,64,-6,228,-6" /><INIT seed="5,0,0,1,1,7" ten="394,326,58,222" oya="1" hai0="92,56,2,18,40,63,67,100,128,114,22,46,13" hai1="130,104,88,34,21,20,81,99,71,4,70,33,19" hai2="41,55,39,87,125,23,118,110,109,35,28,103,86" hai3="78,73,101,64,60,68,47,105,0,82,36,122,85"/><U5/><E130/><V74/><F74/><W127/><G85/><T42/><D2/><U83/><E99/><V54/><F35/><W69/><G127/><T123/><D128/><U14/><E14/><V57/><F103/><W77/><G77/><T76/><D114/><U27/><E27/><V80/><F125/><W3/><G69/><T120/><D76/><U49/><E49/><V43/><F118/><W107/><G122/><N who="0" m="46635" /><D46/><U37/><E19/><V31/><F23/><W52/><G52/><T112/><D112/><U129/><E104/><N who="3" m="40010" /><G101/><T94/><D94/><U48/><E48/><V113/><F57/><W26/><G26/><T124/><D124/><U29/><E29/><V51/><F51/><W61/><G61/><T25/><D25/><U95/><E95/><V38/><REACH who="2" step="1"/><F113/><REACH who="2" ten="394,326,48,222" step="2"/><W90/><G36/><T6/><D100/><U108/><E37/><V116/><F116/><W58/><G58/><T119/><D56/><U97/><E129/><V32/><F32/><W134/><G68/><T96/><D119/><U98/><REACH who="1" step="1"/><E108/><REACH who="1" ten="394,316,48,222" step="2"/><V72/><F72/><W121/><G73/><T50/><D50/><U84/><E84/><V75/><F75/><W102/><G121/><T17/><D96/><U66/><E66/><V115/><F115/><W111/><G64/><T53/><D67/><U106/><E106/><V89/><F89/><AGARI ba="0,2" hai="4,5,20,21,33,34,70,71,81,83,88,89,97,98" machi="89" ten="25,18000,2" yaku="1,1,22,2,54,1,53,2" doraHai="7" doraHaiUra="79" who="1" fromWho="2" sc="394,0,316,200,48,-180,222,0" owari="394,19.4,516,61.6,-132,-63.2,222,-17.8" /></mjloggm>