<mjloggm ver="2.3"><GO type="169" lobby="0"/><UN n0="%E3%82%88%E3%81%B4" n1="%E3%81%A8%E3%82%8D%E3%82%8D%E3%81%9D%E3%81%B0" n2="%E3%82%82%E3%81%BF%E3%81%95%E3%81%92" n3="%E5%90%91%E4%BA%95%E7%A7%80%E5%BE%B3" dan="17,17,16,16" rate="2125.07,2237.87,2155.57,2010.36" sx="M,M,M,M"/><TAIKYOKU oya="0"/><INIT seed="0,0,0,4,0,101" ten="250,250,250,250" oya="0" hai0="109,114,133,52,72,17,123,11,98,67,95,33,124" hai1="121,134,100,38,97,116,43,18,73,26,127,85,29" hai2="69,66,91,65,54,132,46,51,61,76,31,7,93" hai3="112,82,12,74,36,68,8,28,50,125,6,56,120"/><T49/><D114/><U37/><E116/><V70/><F76/><W39/><G112/><T111/><D123/><U59/><E121/><V104/><F7/><W22/><G68/><T15/><D72/><U75/><E18/><V47/><F31/><W106/><G120/><T32/><D67/><U99/><E85/><V24/><F24/><W108/><G108/><N who="0" m="41547" /><D133/><U9/><E59/><V64/><F132/><W5/><G5/><T30/><D30/><U128/><E75/><V130/><F130/><W35/><G35/><T40/><D40/><U131/><E73/><V110/><F110/><W79/><G125/><T21/><D11/><U71/><E9/><V89/><F69/><W135/><G135/><T126/><D33/><U55/><E29/><V0/><F0/><W20/><G106/><T34/><D34/><U122/><E43/><V60/><F104/><W103/><G28/><T78/><D78/><U14/><E134/><V4/><F4/><W77/><G79/><T57/><D32/><U19/><E122/><V48/><F70/><W42/><G42/><T86/><D86/><U84/><E84/><N who="2" m="52391" /><F91/><AGARI ba="0,0" hai="15,17,21,49,52,57,91,95,98,124,126" m="41547" machi="91" ten="30,5800,0" yaku="14,1,10,1,54,1" doraHai="101" who="0" fromWho="2" sc="250,58,250,0,250,-58,250,0" /><INIT seed="0,1,0,4,1,67" ten="308,250,192,250" oya="0" hai0="1,129,77,93,97,102,90,131,101,85,34,108,21" hai1="30,7,58,35,10,0,65,45,95,117,103,63,8" hai2="55,135,52,2,56,15,130,112,84,19,113,20,75" hai3="120,69,80,59,82,14,100,54,39,109,51,119,70"/><T64/><D34/><U121/><E117/><V36/><F75/><W111/><G119/><T94/><D1/><U22/><E121/><V115/><F2/><W47/><G120/><T23/><D64/><U43/><E35/><V118/><F118/><W62/><G100/><T89/><D23/><U33/><E33/><V81/><F36/><W53/><G14/><T91/><D21/><U98/><E7/><V12/><F130/><N who="0" m="49674" /><D108/><N who="3" m="41545" /><G39/><T25/><D25/><U6/><E6/><V123/><F123/><W72/><G72/><T122/><D122/><U87/><E87/><V99/><F135/><W116/><G116/><T17/><D17/><U46/><E0/><V42/><F42/><W88/><G80/><N who="0" m="47247" /><D102/><U104/><E46/><V76/><F99/><AGARI ba="1,0" hai="89,90,91,93,94,97,99,101" m="47247,49674" machi="99" ten="30,5800,0" yaku="19,1,34,2" doraHai="67" who="0" fromWho="2" sc="308,61,250,0,192,-61,250,0" /><INIT seed="0,2,0,4,2,107" ten="369,250,131,250" oya="0" hai0="35,27,64,109,46,43,42,57,52,80,67,33,118" hai1="29,106,65,38,97,18,17,112,30,40,8,7,114" hai2="78,108,45,105,89,91,123,5,0,6,60,3,126" hai3="12,61,122,135,129,111,11,96,37,110,93,1,10"/><T36/><D43/><U41/><E65/><V28/><F123/><W103/><G37/><T132/><D118/><U101/><E18/><V22/><F105/><W34/><G122/><T125/><D132/><U58/><E17/><V131/><F108/><W39/><G39/><T100/><D125/><U134/><E134/><V113/><F113/><N who="1" m="43625" /><E58/><V117/><F117/><W50/><G34/><T86/><D100/><U133/><E133/><V69/><F126/><W31/><G31/><N who="1" m="11786" /><E38/><V32/><F32/><W84/><G135/><T63/><D27/><U87/><E87/><V13/><F45/><W2/><G84/><T24/><D24/><U83/><E83/><V98/><F69/><W95/><G50/><T79/><D67/><U85/><E85/><V68/><F68/><W4/><G110/><T76/><D76/><U94/><E106/><V72/><F60/><W56/><G111/><T121/><D121/><U20/><E20/><V23/><F78/><W127/><G127/><T9/><D109/><U104/><E104/><V99/><F28/><W124/><G124/><T102/><D102/><U26/><E26/><V47/><F47/><W55/><G10/><T81/><D81/><U48/><E48/><V62/><F62/><W130/><REACH who="3" step="1"/><G93/><REACH who="3" ten="369,250,131,240" step="2"/><T75/><D86/><U120/><E120/><V16/><F98/><W71/><G71/><N who="0" m="42399" /><D9/><U59/><E59/><V15/><F99/><W14/><G14/><AGARI ba="2,1" hai="7,8,14,40,41,94,97,101" m="11786,43625" machi="14" ten="30,1000,0" yaku="11,1" doraHai="107" who="1" fromWho="3" sc="369,0,250,26,131,0,240,-16" /><INIT seed="1,0,0,2,1,43" ten="369,276,131,224" oya="1" hai0="114,38,41,8,57,30,15,73,107,99,69,42,74" hai1="9,134,70,78,49,101,88,0,82,81,2,79,135" hai2="6,111,121,92,131,29,58,117,34,93,14,46,71" hai3="61,89,11,3,80,132,128,98,119,113,108,75,56"/><U112/><E112/><V5/><F121/><W47/><G113/><T86/><D69/><U95/><E70/><V96/><F111/><W109/><G128/><T24/><D42/><U39/><E39/><V133/><F117/><W68/><G68/><T62/><D107/><U94/><E9/><V17/><F71/><W10/><G119/><T91/><D99/><U53/><E101/><V130/><F133/><N who="1" m="50697" /><E95/><V118/><F118/><W106/><G132/><T32/><D41/><U35/><E35/><V126/><F126/><W19/><G3/><N who="1" m="1066" /><E79/><V26/><F92/><W76/><G10/><T13/><D38/><U51/><E51/><V129/><F58/><W54/><G89/><T103/><D103/><U100/><E100/><V52/><F96/><W124/><G124/><T21/><D32/><U66/><E66/><V63/><F93/><W84/><G98/><T4/><D57/><N who="1" m="32943" /><E78/><V12/><F63/><W110/><G106/><T116/><D62/><U7/><E7/><N who="2" m="2571" /><F17/><W40/><G75/><T85/><D73/><U23/><E23/><V16/><F16/><W20/><G11/><T45/><D8/><U60/><E60/><V37/><F37/><W120/><G120/><T127/><D74/><U25/><E25/><V28/><F28/><W48/><REACH who="3" step="1"/><G108/><REACH who="3" ten="369,276,131,214" step="2"/><T31/><D127/><U44/><E88/><V65/><F65/><W90/><G90/><T27/><D91/><U104/><E104/><V122/><F122/><W1/><G1/><T50/><D4/><U77/><E94/><V55/><F130/><W97/><G97/><T36/><D116/><U102/><E102/><RYUUKYOKU ba="0,1" sc="369,-10,276,-10,131,-10,214,30" hai3="19,20,40,47,48,54,56,61,76,80,84,109,110" /><INIT seed="2,1,1,0,0,87" ten="359,266,121,244" oya="2" hai0="76,10,8,86,69,62,135,61,42,18,100,125,54" hai1="124,123,73,11,0,1,106,129,104,118,4,98,127" hai2="49,120,71,28,79,116,31,55,19,20,44,99,133" hai3="67,82,37,72,52,78,27,128,14,43,65,101,51"/><V102/><F133/><W29/><G128/><T59/><D125/><U41/><E118/><V7/><F116/><W89/><G101/><T38/><D100/><U30/><E129/><V85/><F120/><W25/><G37/><T121/><D135/><U114/><E114/><V103/><F7/><W126/><G43/><T13/><D42/><U77/><E123/><V17/><F71/><W92/><G126/><N who="1" m="48170" /><E0/><V90/><F79/><W96/><G14/><T119/><D38/><U64/><E98/><V53/><F53/><W9/><G9/><T113/><D113/><U95/><E95/><V131/><F131/><W66/><REACH who="3" step="1"/><G29/><REACH who="3" ten="359,266,121,234" step="2"/><T6/><D10/><U5/><E30/><V16/><F103/><W117/><G117/><T47/><D8/><U91/><E41/><V134/><F134/><W15/><G15/><T94/><D13/><U45/><E5/><V107/><REACH who="2" step="1"/><F20/><REACH who="2" ten="359,266,111,234" step="2"/><W60/><G60/><T70/><D61/><U80/><E4/><V23/><F23/><W39/><G39/><T74/><D62/><U21/><E21/><V50/><F50/><W48/><G48/><T112/><D6/><U24/><E11/><V110/><F110/><W34/><G34/><T46/><D119/><U40/><E1/><V58/><F58/><AGARI ba="1,3" hai="25,27,51,52,58,65,66,67,72,78,82,89,92,96" machi="58" ten="40,5200,0" yaku="1,1,52,1,54,1,53,0" doraHai="87" doraHaiUra="12" who="3" fromWho="2" sc="359,0,266,0,111,-55,234,85" /><INIT seed="3,0,0,5,4,135" ten="359,266,56,319" oya="3" hai0="22,83,41,52,85,123,68,93,108,12,81,92,51" hai1="107,45,5,49,29,76,72,115,62,119,54,131,125" hai2="129,77,61,94,21,4,18,88,69,86,16,96,106" hai3="67,102,50,116,110,65,56,44,127,53,60,117,14"/><W11/><G102/><T112/><D68/><U91/><E107/><V10/><F129/><W130/><G130/><T23/><D123/><U40/><E115/><V113/><F113/><W3/><G3/><T8/><D41/><U74/><E131/><V30/><F30/><W126/><G110/><T39/><D39/><U89/><E119/><N who="3" m="45642" /><G14/><T90/><D108/><U48/><E29/><V97/><F97/><W13/><G13/><T95/><D83/><U57/><E5/><V64/><F21/><W25/><G25/><T19/><REACH who="0" step="1"/><D112/><REACH who="0" ten="349,266,56,319" step="2"/><U36/><E36/><V59/><F69/><N who="3" m="42151" /><G11/><T128/><D128/><U42/><E40/><V27/><F27/><W24/><G24/><T122/><D122/><U38/><E38/><V0/><REACH who="2" step="1"/><F106/><REACH who="2" ten="349,266,46,319" step="2"/><W32/><G32/><T118/><D118/><U31/><E31/><V17/><F17/><W114/><G114/><T7/><D7/><U82/><E42/><V105/><F105/><W132/><G132/><T109/><D109/><U71/><E71/><V63/><F63/><AGARI ba="0,2" hai="44,50,53,56,63,67,126,127" m="42151,45642" machi="63" ten="30,11600,0" yaku="34,2,52,2" doraHai="135" who="3" fromWho="2" sc="349,0,266,0,46,-116,319,136" owari="349,14.9,266,-13.4,-70,-57.0,455,55.5" /></mjloggm>