<mjloggm ver="2.3"><GO type="169" lobby="0"/><UN n0="%61%73%61%64%61%31%32" n1="%4A%4B%E3%81%97%E3%82%8D%E3%81%BE%E3%82%8B" n2="%79%61%6E%72%6F%75" n3="%E3%81%97%E3%82%83%E3%82%93%E3%81%8A%E3%81%98" dan="17,16,16,17" rate="2198.47,2117.92,2160.82,2182.13" sx="M,F,M,F"/><TAIKYOKU oya="0"/><INIT seed="0,0,0,2,2,77" ten="250,250,250,250" oya="0" hai0="28,128,52,115,8,122,103,26,95,91,7,71,80" hai1="45,27,101,116,97,31,89,64,111,125,66,135,0" hai2="35,37,48,105,33,50,56,87,110,19,98,112,65" hai3="92,107,20,119,39,46,133,79,82,34,55,96,13"/><T117/><D115/><U114/><E116/><V83/><F37/><W124/><G119/><T6/><D117/><U2/><E114/><V41/><F112/><W23/><G34/><T78/><D71/><U60/><E111/><V113/><F110/><W94/><G133/><T104/><D122/><U126/><E89/><V3/><F3/><W1/><G1/><T57/><D128/><U127/><E64/><V30/><F30/><W106/><G92/><T93/><D8/><U100/><E100/><V99/><F105/><W132/><G132/><T69/><D69/><N who="1" m="42183" /><E45/><N who="2" m="25647" /><F33/><W9/><G124/><T59/><D59/><U51/><E51/><V121/><F121/><W4/><G107/><T17/><D104/><N who="1" m="63535" /><E135/><V36/><F35/><AGARI ba="0,0" hai="0,2,27,31,35,125,126,127" m="63535,42183" machi="35" ten="30,3900,0" yaku="25,1,18,1,23,1" doraHai="77" who="1" fromWho="2" sc="250,0,250,39,250,-39,250,0" /><INIT seed="1,0,0,1,4,4" ten="250,289,211,250" oya="1" hai0="110,10,104,124,108,31,32,40,47,7,89,115,49" hai1="96,66,63,2,57,30,100,55,45,75,122,9,13" hai2="81,79,114,43,5,54,80,62,93,14,41,22,103" hai3="44,117,11,20,109,26,16,90,76,52,129,106,51"/><U78/><E122/><V101/><F114/><W74/><G106/><T60/><D115/><U28/><E2/><V12/><F62/><W61/><G109/><N who="0" m="42091" /><D104/><U83/><E45/><V77/><F5/><W82/><G129/><T125/><D60/><U121/><E121/><V42/><F54/><W133/><G133/><T38/><D89/><U59/><E59/><V119/><F93/><W1/><G117/><T68/><D68/><U69/><E66/><V53/><F53/><W19/><G1/><N who="0" m="367" /><D49/><U91/><E91/><V8/><F22/><W84/><G61/><T36/><D36/><U3/><E3/><V70/><F42/><W15/><G74/><T92/><D92/><U107/><REACH who="1" step="1"/><E69/><REACH who="1" ten="250,279,211,250" step="2"/><V95/><F70/><W65/><G76/><T113/><D113/><U132/><E132/><V0/><F0/><W102/><G102/><T56/><D56/><U58/><E58/><V64/><F64/><AGARI ba="0,1" hai="11,15,16,19,20,26,44,51,52,64,65,82,84,90" machi="64" ten="40,12000,2" yaku="25,2,8,1,52,1,54,2" doraHai="4" who="3" fromWho="2" sc="250,0,279,0,211,-120,250,130" /><INIT seed="2,0,0,5,4,45" ten="250,279,91,380" oya="2" hai0="6,123,71,115,56,26,17,36,35,14,132,111,78" hai1="46,67,100,92,97,55,69,82,11,8,94,77,51" hai2="42,101,114,61,85,117,103,135,0,84,33,119,38" hai3="129,9,27,120,64,70,130,106,81,24,34,57,41"/><V93/><F33/><W21/><G120/><T40/><D115/><U20/><E69/><V19/><F0/><W83/><G70/><T23/><D123/><U63/><E67/><V48/><F114/><W13/><G106/><T89/><D78/><U125/><E125/><V43/><F38/><W109/><G41/><T74/><D74/><U131/><E131/><N who="3" m="50186" /><G109/><T5/><D71/><U102/><E63/><V50/><F19/><N who="3" m="12351" /><G64/><T76/><D76/><U60/><E60/><V122/><F61/><W31/><G57/><T72/><D72/><U104/><E20/><V126/><F122/><W79/><G79/><T133/><D56/><U7/><E102/><V87/><F135/><N who="0" m="51786" /><D89/><U65/><E65/><V90/><F126/><W121/><G121/><T29/><D40/><N who="2" m="15402" /><F119/><W30/><G30/><N who="0" m="19927" /><D36/><U37/><E37/><V98/><F117/><W15/><G15/><T73/><D73/><U53/><E53/><V108/><F108/><W54/><G54/><T112/><D112/><U3/><REACH who="1" step="1"/><E11/><REACH who="1" ten="250,269,91,380" step="2"/><V134/><F134/><W113/><G113/><T66/><D66/><U18/><E18/><AGARI ba="0,1" hai="9,13,18,27,31,34,81,83" m="12351,50186" machi="18" ten="30,1000,0" yaku="19,1" doraHai="45" who="3" fromWho="1" sc="250,0,269,-10,91,0,380,20" /><INIT seed="3,0,0,4,3,8" ten="250,259,91,400" oya="3" hai0="125,121,25,29,124,6,83,15,82,36,49,130,37" hai1="111,85,127,59,48,106,76,90,74,126,67,30,14" hai2="80,2,10,63,31,13,122,135,97,28,4,81,110" hai3="107,79,114,117,16,55,9,89,12,95,22,41,54"/><W115/><G107/><T21/><D121/><U113/><E113/><V92/><F110/><W19/><G117/><T23/><D130/><U87/><E106/><V46/><F135/><W47/><G79/><T119/><D49/><U51/><E30/><V65/><F122/><W84/><G115/><T43/><D119/><U77/><E74/><V78/><F46/><W120/><G120/><T44/><D37/><U103/><E103/><V33/><F2/><W53/><G114/><T131/><D131/><U45/><E111/><V52/><F33/><W11/><REACH who="3" step="1"/><G19/><REACH who="3" ten="250,259,91,390" step="2"/><N who="0" m="10495" /><D6/><U123/><E77/><V27/><F78/><W108/><G108/><T73/><D73/><U99/><E76/><V93/><F31/><W109/><G109/><T101/><D101/><U35/><E123/><V3/><F28/><W71/><G71/><T75/><D75/><U56/><E126/><AGARI ba="0,1" hai="23,25,29,36,43,44,82,83,124,125,126" m="10495" machi="126" ten="30,2000,0" yaku="18,1,52,1" doraHai="8" who="0" fromWho="1" sc="250,30,259,-20,91,0,390,0" /><INIT seed="4,0,0,2,5,36" ten="280,239,91,390" oya="0" hai0="39,24,60,81,49,93,47,45,128,105,33,127,20" hai1="18,58,72,114,69,123,79,52,133,22,73,97,6" hai2="37,132,19,46,100,77,117,4,130,108,119,98,21" hai3="102,50,53,13,124,41,40,11,8,107,131,71,57"/><T25/><D105/><U42/><E69/><V67/><F108/><W74/><G74/><T78/><D128/><U89/><E123/><V10/><F130/><W82/><G131/><T113/><D113/><U7/><E114/><V103/><F132/><W29/><G71/><T94/><D127/><U87/><E133/><V56/><F77/><W35/><G124/><T96/><D33/><U76/><E73/><V68/><F68/><W43/><G82/><T28/><D39/><U61/><E42/><V88/><F67/><W16/><G35/><T112/><D47/><U0/><E72/><V2/><F56/><W3/><G29/><T30/><D60/><U48/><E48/><V70/><F70/><W116/><G116/><T115/><D115/><U5/><E97/><V85/><F98/><W129/><G129/><T121/><D121/><U134/><E0/><V26/><F119/><W101/><REACH who="3" step="1"/><G107/><REACH who="3" ten="280,239,91,380" step="2"/><T99/><D112/><U75/><E75/><V86/><F117/><W126/><G126/><T64/><D81/><N who="1" m="49391" /><E134/><V118/><F118/><W106/><G106/><T80/><D80/><U51/><E61/><V104/><F104/><W92/><G92/><T125/><D125/><U135/><E135/><V122/><F122/><W15/><G15/><AGARI ba="0,1" hai="5,6,7,15,18,22,51,52,58,76,79" m="49391" machi="15" ten="30,2000,0" yaku="8,1,54,1" doraHai="36" who="1" fromWho="3" sc="280,0,239,30,91,0,380,-20" /><INIT seed="5,0,0,4,1,114" ten="280,269,91,360" oya="1" hai0="23,97,18,71,61,129,14,91,80,13,40,102,86" hai1="1,75,92,134,7,4,66,41,84,99,43,0,30" hai2="85,112,121,115,104,48,49,79,21,59,109,133,83" hai3="51,135,63,45,81,101,94,111,3,26,19,57,32"/><U42/><E75/><V47/><F109/><W25/><G111/><T2/><D2/><U119/><E134/><V53/><F121/><W36/><G3/><T110/><D110/><U107/><E0/><V122/><F122/><W64/><G135/><T24/><D129/><U8/><E7/><V98/><F133/><W9/><G36/><T82/><D40/><U128/><E128/><V77/><F104/><W130/><G32/><T44/><D44/><U15/><E1/><V50/><F98/><N who="3" m="59607" /><G81/><T60/><D82/><U93/><E119/><V127/><F127/><W89/><G89/><T118/><D118/><U95/><E30/><V68/><F68/><W125/><G125/><T120/><D120/><U76/><E66/><V5/><F5/><W117/><G117/><T106/><REACH who="0" step="1"/><D60/><REACH who="0" ten="270,269,91,360" step="2"/><U27/><E43/><V74/><F74/><W54/><G130/><T88/><D88/><U34/><E42/><V56/><F77/><W73/><G73/><T28/><D28/><U124/><E41/><V70/><F47/><W67/><G45/><T35/><D35/><U131/><E131/><V31/><F31/><W38/><G63/><T72/><D72/><U37/><E124/><V78/><F79/><W96/><G38/><T100/><D100/><N who="1" m="62879" /><E37/><V10/><F78/><W20/><G51/><T108/><D108/><U116/><E116/><V17/><F49/><W105/><G105/><T29/><D29/><N who="1" m="19775" /><E76/><V22/><F48/><W46/><G46/><T65/><AGARI ba="0,1" hai="13,14,18,23,24,61,65,71,80,86,91,97,102,106" machi="65" ten="30,2000,0" yaku="1,1,0,1,53,0" doraHai="114" doraHaiUra="69" who="0" fromWho="0" sc="270,30,269,-10,91,-5,360,-5" /><INIT seed="6,0,0,0,0,52" ten="300,259,86,355" oya="2" hai0="8,122,128,72,87,9,43,18,69,65,76,21,96" hai1="105,31,98,44,107,133,84,57,92,14,119,28,20" hai2="6,35,113,54,81,125,26,121,60,100,110,3,64" hai3="63,5,82,40,62,74,116,101,51,117,0,16,56"/><V1/><F121/><W17/><G101/><T85/><D122/><U115/><E119/><V10/><F113/><W77/><G5/><T71/><D72/><U129/><E129/><V48/><F125/><W118/><G0/><T13/><D128/><U59/><E115/><V30/><F110/><W70/><G70/><T103/><D69/><U11/><E133/><V53/><F1/><W134/><G134/><T108/><D108/><U55/><E84/><V95/><F81/><W80/><G80/><N who="0" m="47239" /><D71/><U22/><E107/><V15/><F3/><W127/><G127/><T12/><D65/><U34/><E105/><V126/><F126/><W58/><G40/><T38/><D38/><U114/><E34/><V33/><F35/><W73/><G51/><T86/><D43/><U75/><E75/><V106/><F95/><W91/><G91/><T45/><D45/><U132/><E132/><V47/><F64/><W2/><G2/><T27/><D96/><U102/><E22/><V97/><REACH who="2" step="1"/><F60/><REACH who="2" ten="300,259,76,355" step="2"/><W50/><G116/><T67/><D67/><U79/><E114/><V29/><F29/><W78/><G82/><T7/><D103/><U90/><E31/><AGARI ba="0,1" hai="7,8,9,12,13,18,21,27,31,86,87" m="47239" machi="31" ten="30,1000,0" yaku="8,1" doraHai="52" who="0" fromWho="1" sc="300,20,259,-10,76,0,355,0" /><INIT seed="7,0,0,3,3,65" ten="320,249,76,355" oya="3" hai0="127,71,97,80,94,17,21,78,126,63,123,59,111" hai1="39,91,117,100,61,34,16,110,135,36,73,31,92" hai2="53,119,82,51,55,29,101,58,88,133,38,77,83" hai3="30,60,43,3,50,64,79,40,121,122,22,69,35"/><W125/><G35/><T99/><D123/><U98/><E110/><V52/><F119/><W0/><G79/><T10/><D10/><U106/><E117/><V27/><F133/><W105/><G105/><T128/><D111/><U9/><E135/><V86/><F38/><W112/><G112/><T24/><D128/><U131/><E131/><V132/><F101/><W11/><G125/><N who="0" m="47627" /><D80/><U15/><E73/><V102/><F102/><W32/><G32/><T66/><D78/><U93/><E106/><V41/><F41/><W108/><G108/><T62/><D94/><U104/><E93/><V124/><F132/><W5/><G3/><T37/><D37/><U81/><E81/><V103/><F103/><W20/><G20/><T89/><D89/><U72/><E72/><V107/><F107/><W134/><G134/><T8/><D8/><U48/><E48/><V85/><REACH who="2" step="1"/><F124/><REACH who="2" ten="320,249,66,355" step="2"/><W90/><G122/><T33/><D33/><U84/><REACH who="1" step="1"/><E61/><REACH who="1" ten="320,239,66,355" step="2"/><V70/><F70/><W25/><G121/><T2/><D2/><U57/><E57/><V44/><F44/><W19/><G50/><T28/><D28/><U76/><E76/><V56/><F56/><W49/><G49/><T74/><D74/><U96/><E96/><V54/><F54/><AGARI ba="0,2" hai="17,21,24,54,59,62,63,66,71,97,99" m="47627" machi="54" ten="30,2000,0" yaku="18,1,52,1" doraHai="65" who="0" fromWho="2" sc="320,40,239,0,66,-20,355,0" owari="360,46.0,239,-16.1,46,-45.4,355,15.5" /></mjloggm>