<mjloggm ver="2.3"><GO type="169" lobby="0"/><UN n0="%E8%B5%A4%E3%81%84%E9%83%A8%E5%B1%8B" n1="%E3%81%A3%E3%81%A7%E3%81%B6%E3%83%BC" n2="%E3%81%AF%E3%81%9F%E3%82%86%E3%81%86" n3="%E3%81%93%E3%81%A1" dan="16,16,16,17" rate="2131.28,2092.12,2128.51,2214.11" sx="M,M,M,F"/><TAIKYOKU oya="0"/><INIT seed="0,0,0,0,0,21" ten="250,250,250,250" oya="0" hai0="61,7,96,29,37,129,67,134,40,59,97,121,38" hai1="130,83,6,11,72,119,44,124,30,27,87,82,33" hai2="104,85,56,132,115,22,128,18,4,103,19,48,46" hai3="77,10,133,12,100,94,69,50,114,93,47,73,52"/><T108/><D121/><U14/><E130/><V80/><F115/><W74/><G114/><T3/><D129/><U2/><E124/><V75/><F75/><W53/><G69/><T32/><D134/><U120/><E120/><V122/><F132/><W49/><G133/><T113/><D113/><U15/><E119/><V62/><F128/><W86/><G77/><T65/><D108/><U76/><REACH who="1" step="1"/><E44/><REACH who="1" ten="250,240,250,250" step="2"/><V99/><F122/><W66/><G47/><T127/><D127/><U54/><E54/><V88/><F4/><W116/><G116/><T105/><D67/><U92/><E92/><V79/><F79/><AGARI ba="0,1" hai="2,6,11,14,15,27,30,33,72,76,79,82,83,87" machi="79" ten="30,3900,0" yaku="1,1,7,1,52,1,53,0" doraHai="21" doraHaiUra="17" who="1" fromWho="2" sc="250,0,240,49,250,-39,250,0" /><INIT seed="1,0,0,1,4,65" ten="250,289,211,250" oya="1" hai0="124,92,26,60,113,107,98,120,56,135,19,84,99" hai1="67,128,79,21,44,76,74,17,34,116,103,13,106" hai2="73,1,11,85,102,129,119,40,100,39,37,55,117" hai3="18,48,86,45,58,52,130,42,125,15,62,71,0"/><U5/><E116/><V78/><F129/><W46/><G130/><T33/><D113/><U89/><E128/><V51/><F119/><W10/><G125/><T68/><D124/><U95/><E34/><V97/><F117/><W16/><G0/><T104/><D135/><U118/><E118/><V20/><F20/><W22/><G86/><T29/><D120/><U101/><E67/><V91/><F40/><W61/><G71/><T47/><D68/><U38/><E5/><V4/><F102/><W127/><G127/><T83/><D19/><U50/><E38/><V108/><F78/><N who="1" m="29737" /><E106/><V123/><F73/><W111/><G111/><T35/><D35/><U90/><E90/><V70/><F70/><W9/><G46/><T112/><D47/><U69/><E74/><V59/><F108/><W30/><G30/><T25/><D25/><U6/><E6/><V14/><F1/><W63/><REACH who="3" step="1"/><G18/><REACH who="3" ten="250,289,211,240" step="2"/><T3/><D3/><U49/><E69/><V75/><F75/><W2/><G2/><T80/><D112/><U12/><E44/><V77/><F123/><W115/><G115/><T109/><D109/><U132/><E132/><V133/><F133/><W88/><G88/><T96/><D84/><N who="1" m="52647" /><E103/><V57/><F77/><W28/><G28/><T81/><REACH who="0" step="1"/><D92/><REACH who="0" ten="240,289,211,240" step="2"/><U64/><E17/><V82/><REACH who="2" step="1"/><F57/><REACH who="2" ten="240,289,201,240" step="2"/><W36/><AGARI ba="0,3" hai="9,10,15,16,22,36,42,45,48,52,58,61,62,63" machi="36" ten="30,7900,0" yaku="1,1,0,1,54,2,53,0" doraHai="65" doraHaiUra="93" who="3" fromWho="3" sc="240,-20,289,-39,201,-20,240,109" /><INIT seed="2,0,0,2,4,73" ten="220,250,181,349" oya="2" hai0="48,18,21,25,14,65,36,85,2,5,117,118,120" hai1="114,22,81,108,45,11,116,42,105,127,102,96,28" hai2="110,123,67,83,44,93,49,51,103,56,54,82,75" hai3="0,111,3,32,59,109,30,8,87,1,53,17,126"/><V16/><F123/><W92/><G92/><T84/><D36/><U68/><E114/><V91/><F110/><N who="3" m="41995" /><G87/><T23/><D65/><U113/><E113/><V77/><F83/><W134/><G53/><T6/><D48/><U58/><E68/><V57/><F103/><W34/><G59/><T106/><D106/><U107/><E108/><V95/><F67/><W101/><G101/><T74/><D74/><U124/><E116/><N who="0" m="44649" /><D120/><U130/><E130/><V35/><F35/><N who="3" m="13355" /><G30/><N who="0" m="17711" /><D2/><U38/><E107/><V29/><F29/><W24/><G134/><T40/><D40/><U31/><E58/><V39/><F39/><W15/><G24/><T70/><D70/><U133/><E133/><V128/><F128/><W89/><G89/><T37/><D37/><U9/><E31/><V47/><F95/><W26/><G26/><T104/><D104/><U131/><E131/><V97/><REACH who="2" step="1"/><F16/><REACH who="2" ten="220,250,171,349" step="2"/><W20/><G20/><T119/><D119/><U50/><E38/><V125/><F125/><AGARI ba="0,1" hai="0,1,3,8,15,17,125,126" m="13355,41995" machi="125" ten="40,5200,0" yaku="14,1,34,2" doraHai="73" who="3" fromWho="2" sc="220,0,250,0,171,-52,349,62" /><INIT seed="3,0,0,3,2,82" ten="220,250,119,411" oya="3" hai0="128,3,53,125,121,58,130,134,30,76,119,103,85" hai1="131,5,109,7,4,12,70,108,55,86,11,123,87" hai2="63,16,78,124,104,32,29,17,56,23,77,43,50" hai3="47,0,69,51,45,81,54,114,73,89,127,61,25"/><W93/><G114/><T41/><D3/><U120/><E70/><V110/><F110/><N who="1" m="42601" /><E131/><N who="0" m="50217" /><D119/><U38/><E38/><V116/><F104/><W90/><G0/><T36/><D121/><N who="1" m="46667" /><E55/><V14/><F124/><W24/><G127/><T72/><D103/><U27/><E27/><V60/><F116/><W92/><G73/><T19/><D125/><U97/><E97/><V40/><F63/><W83/><G69/><T94/><D30/><U67/><E67/><V20/><F29/><W133/><G61/><T44/><D134/><U105/><E105/><V8/><F32/><W80/><G133/><T2/><D2/><U88/><E88/><N who="3" m="33898" /><G47/><T15/><D72/><U111/><N who="1" m="42609" /><U126/><DORA hai="101" /><E126/><V28/><F28/><W57/><G45/><T37/><D37/><U22/><E22/><V118/><F118/><W66/><G66/><T52/><D58/><U46/><E46/><N who="2" m="25927" /><F23/><W31/><G31/><T9/><D94/><AGARI ba="0,0" hai="24,25,51,54,57,80,81,83,92,93,94" m="33898" machi="94" ten="30,2900,0" yaku="8,1,54,1" doraHai="82,101" who="3" fromWho="0" sc="220,-29,250,0,119,0,411,29" /><INIT seed="3,1,0,3,5,51" ten="191,250,119,440" oya="3" hai0="26,30,8,24,16,111,65,102,84,106,5,59,58" hai1="62,19,27,47,66,126,40,49,46,100,38,104,21" hai2="69,127,3,20,17,96,113,63,75,9,85,119,87" hai3="135,22,80,86,64,117,94,110,130,41,82,4,33"/><W88/><G117/><T78/><D111/><U71/><E126/><V120/><F75/><W89/><G33/><T56/><D106/><U72/><E72/><V90/><F113/><W81/><G110/><T92/><D65/><U99/><REACH who="1" step="1"/><E47/><REACH who="1" ten="191,240,119,440" step="2"/><V36/><F127/><W98/><G130/><T0/><D30/><U129/><E129/><V103/><F119/><W53/><G135/><T108/><D108/><U35/><E35/><V118/><F118/><W14/><G82/><T101/><D101/><U124/><E124/><V31/><F103/><W13/><G81/><T11/><D102/><U97/><E97/><V121/><F96/><W132/><G132/><T25/><D78/><U105/><E105/><V60/><F31/><W114/><G80/><T7/><D84/><U125/><E125/><V79/><F79/><W57/><G86/><T52/><D92/><U74/><E74/><V93/><F85/><W112/><G94/><T42/><D42/><U43/><E43/><V2/><F87/><W6/><G41/><T109/><D109/><U128/><E128/><V68/><F93/><W77/><G98/><T54/><REACH who="0" step="1"/><D16/><REACH who="0" ten="181,240,119,440" step="2"/><U12/><E12/><AGARI ba="1,2" hai="0,5,7,8,11,12,24,25,26,52,54,56,58,59" machi="12" ten="40,8000,1" yaku="1,1,2,1,52,2,54,1,53,0" doraHai="51" doraHaiUra="73" who="0" fromWho="1" sc="181,103,240,-83,119,0,440,0" /><INIT seed="4,0,0,1,3,89" ten="284,157,119,440" oya="0" hai0="123,31,35,98,21,81,24,99,4,72,45,127,90" hai1="82,43,60,107,103,88,36,97,132,91,114,55,25" hai2="130,0,126,67,30,50,8,105,135,65,7,83,84" hai3="110,129,2,40,16,131,22,79,87,58,109,51,128"/><T100/><D123/><U17/><E132/><V57/><F135/><W15/><G2/><T93/><D127/><U39/><E114/><V73/><F73/><W41/><G58/><T122/><D122/><U134/><E134/><V95/><F105/><W23/><G23/><T118/><D118/><U63/><E91/><V111/><F126/><W80/><REACH who="3" step="1"/><G51/><REACH who="3" ten="284,157,119,430" step="2"/><T10/><D21/><U75/><E39/><V69/><F50/><W106/><G106/><T44/><D72/><U56/><E63/><V61/><F57/><W13/><G13/><T9/><D9/><U28/><E36/><V32/><F61/><W117/><G117/><T47/><D81/><U120/><E120/><V37/><F83/><W11/><G11/><T53/><D53/><U12/><E43/><AGARI ba="0,1" hai="15,16,22,40,41,43,79,80,87,109,110,128,129,131" machi="43" ten="40,5200,0" yaku="1,1,19,1,54,1,53,0" doraHai="89" doraHaiUra="94" who="3" fromWho="1" sc="284,0,157,-52,119,0,430,62" /><INIT seed="5,0,0,3,3,84" ten="284,105,119,492" oya="1" hai0="47,106,11,128,30,10,24,14,74,19,69,27,0" hai1="1,122,51,110,2,93,87,73,42,135,97,82,56" hai2="77,7,123,118,76,43,33,62,81,68,38,50,95" hai3="9,28,129,109,18,99,4,31,88,63,108,54,39"/><U89/><E122/><V65/><F118/><W90/><G39/><T21/><D69/><U78/><E135/><V121/><F76/><W60/><G18/><T117/><D106/><U49/><E110/><V83/><F83/><W5/><G54/><T70/><D70/><U102/><E51/><V126/><F33/><W119/><G9/><T22/><D74/><U26/><E26/><V80/><F80/><W75/><G99/><T64/><D64/><U67/><E42/><V40/><F126/><W105/><G105/><T57/><D57/><U133/><E133/><V85/><F38/><W125/><G75/><T92/><D47/><U45/><E45/><V8/><F95/><W17/><G17/><N who="0" m="12335" /><D92/><U59/><E59/><V53/><F43/><W15/><G15/><N who="0" m="7671" /><D128/><U91/><E91/><V46/><REACH who="2" step="1"/><F53/><REACH who="2" ten="284,105,109,492" step="2"/><W36/><G36/><T111/><D117/><U23/><E23/><V101/><F101/><W44/><G119/><T55/><D55/><N who="1" m="31855" /><E67/><V127/><F127/><W114/><G125/><T115/><D111/><U48/><E48/><V34/><F34/><W32/><G108/><T134/><D134/><U3/><E102/><V86/><F86/><W35/><G109/><T6/><D115/><U112/><E112/><V41/><F41/><W98/><G114/><T94/><D94/><U16/><E73/><V13/><AGARI ba="0,1" hai="7,8,13,40,46,50,62,65,68,77,81,85,121,123" machi="13" ten="20,8000,1" yaku="1,1,0,1,7,1,25,2,53,0" doraHai="84" doraHaiUra="52" who="2" fromWho="2" sc="284,-20,105,-40,109,90,492,-20" /><INIT seed="6,0,0,5,5,80" ten="264,65,199,472" oya="2" hai0="28,35,111,46,89,64,18,8,79,78,47,33,40" hai1="70,129,74,133,103,54,23,31,11,97,119,17,30" hai2="86,105,10,62,115,110,38,69,84,36,12,87,76" hai3="122,98,85,118,102,41,55,65,58,59,99,104,13"/><V39/><F105/><W77/><G118/><T2/><D111/><U107/><E129/><V88/><F76/><W22/><G122/><T6/><D64/><U27/><E133/><V120/><F120/><W52/><G41/><T51/><D18/><U44/><E119/><V112/><F110/><W32/><G32/><T72/><D72/><U81/><E70/><V125/><F125/><W57/><G65/><T95/><D46/><U49/><E74/><V113/><F62/><W67/><G67/><T34/><REACH who="0" step="1"/><D28/><REACH who="0" ten="254,65,199,472" step="2"/><U101/><E101/><V66/><F66/><W109/><G102/><T37/><D37/><U126/><E126/><V71/><F88/><W96/><G109/><T45/><D45/><U108/><E108/><V48/><F48/><W83/><G104/><T15/><D15/><U42/><E11/><V56/><F56/><W4/><G4/><AGARI ba="0,1" hai="4,10,12,36,38,39,69,71,84,86,87,112,113,115" machi="4" ten="50,18000,2" yaku="29,2,15,1,52,3" doraHai="80" who="2" fromWho="3" sc="254,0,65,0,199,190,472,-180" /><INIT seed="6,1,0,5,5,58" ten="254,65,389,292" oya="2" hai0="5,92,132,104,94,28,4,38,121,80,91,54,52" hai1="105,111,1,8,7,63,2,69,127,10,101,3,112" hai2="53,41,70,130,0,81,107,108,17,102,25,103,124" hai3="40,6,125,77,57,33,11,113,9,26,99,64,95"/><V67/><F0/><W106/><G106/><T73/><D104/><U71/><E111/><V87/><F108/><W98/><G125/><T55/><D121/><U72/><E127/><V93/><F124/><W14/><G40/><T39/><D28/><U30/><E112/><V128/><F107/><W12/><G77/><T50/><D50/><U96/><E72/><V43/><F53/><W109/><G109/><T79/><D132/><U97/><E97/><V32/><F43/><W13/><G113/><T117/><D117/><U37/><E37/><V122/><F41/><W60/><G95/><T100/><D100/><U34/><E10/><V123/><F123/><W84/><G84/><T133/><D94/><U51/><E51/><V110/><F122/><W119/><G119/><T19/><D19/><U56/><E56/><V129/><F93/><W78/><G78/><T24/><D24/><N who="1" m="18759" /><E71/><V74/><F74/><W118/><G118/><T86/><REACH who="0" step="1"/><D133/><REACH who="0" ten="244,65,389,292" step="2"/><U42/><E42/><V120/><F120/><W135/><G135/><T16/><D16/><U44/><E44/><V76/><F110/><W35/><G98/><T48/><D48/><U75/><E75/><V21/><F32/><W59/><G99/><T65/><D65/><AGARI ba="1,1" hai="1,2,3,7,8,63,65,69,96,101,105" m="18759" machi="65" ten="30,7700,0" yaku="25,1,33,2,52,1" doraHai="58" who="1" fromWho="0" sc="244,-80,65,90,389,0,292,0" /><INIT seed="7,0,0,3,1,123" ten="164,155,389,292" oya="3" hai0="6,100,65,76,17,134,58,42,84,31,11,121,113" hai1="34,30,96,2,127,110,64,43,49,128,124,3,25" hai2="133,92,135,62,104,9,55,21,13,56,69,116,20" hai3="73,86,15,39,87,114,53,5,74,132,85,94,105"/><W131/><G39/><T118/><D118/><U48/><E110/><V82/><F104/><W29/><G105/><T41/><D121/><U68/><E128/><V63/><F116/><W79/><G29/><T22/><D134/><N who="2" m="51210" /><F82/><N who="3" m="47327" /><G132/><T117/><D31/><U81/><E81/><V78/><F78/><W10/><G74/><T27/><D100/><U108/><E108/><V35/><F35/><W66/><G73/><T14/><D113/><U44/><E49/><V38/><F92/><W97/><G66/><T54/><D65/><U89/><E64/><N who="2" m="41111" /><F38/><W32/><G32/><T19/><D117/><U16/><E68/><V50/><F50/><W71/><G71/><T12/><D76/><U75/><E75/><V103/><F103/><N who="3" m="60855" /><G131/><T101/><D101/><U107/><E16/><AGARI ba="0,0" hai="9,13,16,20,21,55,56,63" m="41111,51210" machi="16" ten="30,2000,0" yaku="20,1,54,1" doraHai="123" who="2" fromWho="1" sc="164,0,155,-20,389,20,292,0" owari="164,-23.6,135,-36.5,409,50.9,292,9.2" /></mjloggm>