<mjloggm ver="2.3"><GO type="225" lobby="0"/><UN n0="%E3%81%BF%E3%81%BF%E3%81%9A" n1="%4B%2E%32%2E%4B%2E" n2="%33%74%72%65%65" n3="%E3%83%96%E3%83%83%E3%83%91%E3%82%AA%E3%83%96%E3%83%81%E3%82%AD%E3%83%B3" dan="17,17,17,16" rate="2251.07,2170.52,2161.05,2141.72" sx="M,M,F,M"/><TAIKYOKU oya="0"/><INIT seed="0,0,0,1,1,63" ten="250,250,250,250" oya="0" hai0="133,96,85,95,57,29,110,24,131,55,126,66,106" hai1="6,125,10,59,123,43,52,20,22,74,21,72,37" hai2="77,112,114,62,71,2,26,65,80,30,97,50,132" hai3="16,100,127,51,93,9,12,23,54,31,53,58,99"/><T67/><D126/><U3/><E125/><V1/><F132/><W102/><G127/><T107/><D131/><U91/><E123/><V13/><F13/><W101/><REACH who="3" step="1"/><G54/><REACH who="3" ten="250,250,250,240" step="2"/><T82/><D133/><U75/><E75/><N who="2" m="43071" /><F97/><W135/><G135/><T36/><D110/><U25/><E74/><V86/><F86/><W88/><G88/><N who="0" m="51255" /><D107/><U115/><E72/><V130/><F130/><W79/><G79/><T56/><D106/><U76/><E76/><V83/><F83/><W118/><G118/><T47/><D36/><U84/><E37/><V7/><F50/><W105/><G105/><T134/><D134/><U113/><E43/><V68/><F68/><W11/><G11/><T49/><D57/><U28/><E115/><V122/><F122/><W109/><G109/><T44/><D56/><U87/><E113/><V129/><F129/><W121/><G121/><T64/><D55/><U38/><E38/><V92/><F112/><W117/><G117/><T17/><D49/><U124/><E124/><V69/><F69/><W45/><G45/><T4/><D44/><U111/><E111/><V81/><F114/><W40/><G40/><T39/><D47/><U27/><E87/><V116/><F116/><W14/><G14/><T33/><D39/><U34/><E84/><V8/><F81/><W46/><G46/><T128/><D128/><U18/><E91/><V90/><F90/><W94/><G94/><T35/><D95/><U73/><E73/><V89/><F89/><W42/><G42/><T48/><D48/><AGARI ba="0,1" hai="3,6,10,18,20,21,22,25,27,28,34,48,52,59" machi="48" ten="30,2000,0" yaku="7,1,54,1" doraHai="63" who="1" fromWho="0" sc="250,-20,250,30,250,0,240,0" /><INIT seed="1,0,0,1,1,25" ten="230,280,250,240" oya="1" hai0="106,97,95,98,80,104,32,91,54,41,24,77,52" hai1="123,28,23,81,118,113,15,62,115,29,100,107,130" hai2="27,75,31,38,124,10,13,3,35,11,85,86,8" hai3="89,83,58,55,40,9,131,4,67,101,108,126,46"/><U102/><E118/><V42/><F75/><W57/><G108/><T1/><D1/><U63/><E123/><V19/><F124/><W68/><G126/><T99/><D41/><U88/><E130/><V103/><F103/><N who="1" m="39465" /><E107/><V45/><REACH who="2" step="1"/><F3/><REACH who="2" ten="230,280,240,240" step="2"/><W36/><G101/><T47/><D106/><U82/><E115/><V64/><F64/><W22/><G67/><T133/><D104/><U53/><E113/><V96/><F96/><W43/><G131/><T79/><D133/><U5/><E82/><V56/><F56/><W135/><G83/><T26/><D98/><U73/><E73/><V120/><F120/><W87/><G58/><T6/><D99/><U134/><E134/><V30/><F30/><W69/><G57/><T21/><D80/><U74/><E74/><V17/><F17/><W109/><G135/><T129/><D129/><U71/><E71/><V125/><F125/><W84/><G69/><T12/><D6/><U51/><E5/><V61/><F61/><W44/><G68/><T132/><D132/><U18/><E63/><V110/><F110/><W70/><G70/><T111/><D111/><U121/><E62/><V59/><F59/><W14/><G109/><T119/><D119/><U105/><E121/><V48/><F48/><W16/><G4/><T49/><D54/><U93/><E105/><V112/><F112/><W39/><G55/><T65/><D65/><U33/><E81/><V90/><F90/><W2/><G89/><T78/><D32/><U37/><E33/><V60/><F60/><W94/><G94/><T66/><D66/><U76/><E93/><RYUUKYOKU ba="0,1" sc="230,10,280,-30,240,10,240,10" hai0="12,21,24,26,47,49,52,77,78,79,91,95,97" hai2="8,10,11,13,19,27,31,35,38,42,45,85,86" hai3="2,9,14,16,22,36,39,40,43,44,46,84,87" /><INIT seed="2,1,1,4,4,75" ten="240,250,250,250" oya="2" hai0="131,42,29,129,71,69,12,73,9,84,113,30,128" hai1="133,32,67,104,27,125,72,96,40,94,37,58,105" hai2="6,82,61,70,34,47,92,63,38,21,4,126,52" hai3="10,88,103,118,62,101,106,107,66,64,83,91,35"/><V41/><F126/><W117/><G35/><T49/><D113/><U19/><E125/><V124/><F124/><W132/><G10/><T45/><D73/><U87/><E72/><V16/><F34/><W36/><G36/><T90/><D30/><U20/><E133/><V54/><F82/><W1/><G1/><T55/><D29/><U2/><E2/><V80/><F80/><W123/><G132/><T51/><D90/><N who="3" m="34345" /><G62/><T74/><D84/><U86/><E32/><V23/><F92/><W8/><G8/><T93/><D93/><U24/><E87/><V18/><F38/><W111/><G111/><T43/><D74/><U25/><E86/><V109/><F109/><W135/><G135/><T76/><D76/><U78/><E78/><V33/><F33/><W115/><G83/><T46/><REACH who="0" step="1"/><D55/><REACH who="0" ten="230,250,250,250" step="2"/><U11/><E104/><N who="3" m="39978" /><G115/><T134/><D134/><U14/><E105/><V7/><F54/><W122/><G66/><T48/><D48/><U98/><E67/><V130/><F52/><W28/><G64/><T53/><D53/><U89/><E37/><V116/><F61/><W59/><G28/><T26/><D26/><U60/><E27/><V50/><F63/><W99/><G99/><T13/><D13/><U0/><E98/><V57/><F50/><W22/><G103/><T112/><D112/><U77/><E77/><V68/><F68/><W3/><G101/><T17/><AGARI ba="1,2" hai="9,12,17,42,43,45,46,49,51,69,71,128,129,131" machi="17" ten="30,12000,2" yaku="1,1,0,1,9,1,19,1,53,2" doraHai="75" doraHaiUra="44" who="0" fromWho="0" sc="230,143,250,-31,250,-61,250,-31" /><INIT seed="3,0,0,1,0,19" ten="373,219,189,219" oya="3" hai0="98,41,82,109,44,81,21,59,27,32,66,80,10" hai1="87,100,84,92,54,135,56,108,47,83,6,35,107" hai2="102,111,28,24,68,53,134,76,75,58,14,72,126" hai3="45,95,29,52,133,74,131,122,106,51,36,20,38"/><W89/><G122/><T16/><D109/><U30/><E107/><V1/><F1/><W94/><G106/><T61/><D32/><U8/><E108/><V124/><F68/><W62/><G74/><T31/><D98/><U117/><E117/><V128/><F111/><W69/><G131/><T73/><D73/><U37/><E135/><V116/><F116/><W130/><G130/><T5/><D31/><U104/><E104/><V67/><F128/><W103/><G133/><T119/><D119/><U127/><E127/><N who="2" m="48683" /><F134/><W114/><G114/><T23/><D23/><U17/><E47/><V7/><F102/><W55/><G103/><T39/><D82/><U26/><E37/><V15/><F67/><W9/><G9/><T77/><D77/><U90/><E100/><V99/><F99/><W48/><G69/><T88/><D88/><U125/><E125/><V43/><F43/><W78/><G78/><T57/><D59/><U105/><E105/><V2/><F2/><AGARI ba="0,0" hai="2,5,10,16,21,27,39,41,44,57,61,66,80,81" machi="2" ten="30,3900,0" yaku="7,1,52,1,54,1" doraHai="19" who="0" fromWho="2" sc="373,39,219,0,189,-39,219,0" owari="412,51.2,219,1.9,150,-35.0,219,-18.1" /></mjloggm>