<mjloggm ver="2.3"><GO type="169" lobby="0"/><UN n0="%E4%B8%89%E5%8D%81%E7%94%BB%E7%94%9F" n1="%E3%82%80%E3%81%97%E6%AD%AF" n2="%E4%B8%96%E7%95%8C%E3%81%AE%E4%BA%80%E4%BA%95" n3="%68%69%72%6F%30%33%30%39" dan="16,17,17,16" rate="2138.84,2152.13,2167.26,2071.18" sx="M,M,M,M"/><TAIKYOKU oya="0"/><INIT seed="0,0,0,4,4,112" ten="250,250,250,250" oya="0" hai0="66,85,15,38,134,53,70,103,122,39,17,67,82" hai1="107,13,8,98,48,36,97,94,128,7,92,0,69" hai2="21,115,83,86,37,127,29,1,126,130,20,33,52" hai3="77,4,79,18,108,59,109,23,101,30,93,88,95"/><T120/><D134/><U96/><E36/><V45/><F115/><W132/><G132/><T71/><D103/><U26/><E107/><V75/><F75/><W76/><G30/><T106/><D106/><U22/><E69/><V91/><F1/><W3/><G101/><T72/><D72/><U78/><E128/><V24/><F130/><W40/><G40/><T56/><D39/><U2/><E78/><V129/><F129/><W51/><G4/><T55/><D38/><U87/><E48/><N who="2" m="28687" /><F37/><W135/><G3/><T84/><D82/><U60/><E60/><V28/><F28/><W50/><G135/><T118/><D15/><U117/><E2/><V99/><F99/><N who="3" m="57767" /><G95/><T104/><D104/><U113/><E0/><V73/><F73/><W5/><G5/><T41/><D56/><U105/><E105/><V10/><F10/><W68/><G68/><T16/><D41/><U46/><E113/><V47/><F47/><W61/><G108/><T74/><D74/><U133/><E46/><V43/><F43/><W19/><G109/><T89/><D89/><N who="1" m="53311" /><E133/><V119/><F119/><AGARI ba="0,0" hai="16,17,53,55,66,67,70,71,84,85,118,119,120,122" machi="119" ten="25,12000,1" yaku="22,2,52,2,54,1" doraHai="112" who="0" fromWho="2" sc="250,120,250,0,250,-120,250,0" /><INIT seed="0,1,0,1,1,42" ten="370,250,130,250" oya="0" hai0="28,106,133,62,22,47,41,129,67,119,89,91,128" hai1="57,96,115,87,34,69,72,110,25,132,116,105,99" hai2="123,121,8,61,52,3,88,98,12,83,125,92,1" hai3="131,71,63,81,10,11,36,24,65,122,27,43,4"/><T5/><D119/><U26/><E116/><V86/><F125/><W84/><G122/><T18/><D106/><U85/><E72/><V108/><F108/><W74/><G74/><T77/><D77/><U21/><E69/><V16/><F121/><W104/><G104/><T117/><D117/><U40/><E110/><V107/><F107/><W130/><G11/><T19/><D5/><U7/><E132/><V51/><F61/><W50/><G36/><T39/><D28/><U78/><E115/><V66/><F66/><W60/><G63/><T0/><D0/><U23/><E34/><V35/><F35/><W124/><G124/><T58/><D19/><U31/><E7/><V109/><F109/><W94/><G94/><T126/><D133/><U38/><E57/><V79/><REACH who="2" step="1"/><F123/><REACH who="2" ten="370,250,120,250" step="2"/><W68/><G60/><T49/><D126/><U33/><E33/><V112/><F112/><W20/><G65/><T30/><D62/><U45/><E105/><V80/><F80/><W44/><G81/><T120/><D67/><U37/><E78/><V135/><F135/><W2/><G68/><T100/><D120/><U102/><E102/><V93/><F93/><W15/><G71/><T82/><D100/><U101/><E101/><V114/><F114/><W90/><G130/><T59/><D128/><U6/><E37/><V9/><F9/><W103/><G131/><T29/><D39/><U118/><E118/><V54/><F54/><W70/><G103/><T32/><D32/><U17/><REACH who="1" step="1"/><E6/><REACH who="1" ten="370,240,120,250" step="2"/><V13/><F13/><N who="3" m="5319" /><G70/><T56/><D129/><U64/><E64/><V75/><F75/><RYUUKYOKU ba="1,2" sc="370,-15,240,15,120,15,250,-15" hai1="17,21,23,25,26,31,38,40,45,85,87,96,99" hai2="1,3,8,12,16,51,52,79,83,86,88,92,98" /><INIT seed="1,2,2,1,4,10" ten="355,255,135,235" oya="1" hai0="41,101,55,106,66,31,44,103,126,25,116,112,68" hai1="93,33,26,82,117,121,53,115,38,80,81,59,24" hai2="134,85,35,122,19,47,100,74,104,9,107,127,130" hai3="64,125,109,90,23,56,28,129,27,43,108,0,6"/><U70/><E117/><V4/><F122/><W65/><G43/><T48/><D112/><U45/><E115/><V11/><F74/><W17/><G129/><T50/><D126/><U120/><E70/><V42/><F130/><W14/><G125/><T15/><D106/><U79/><E79/><V58/><F35/><N who="3" m="20895" /><G90/><T89/><D89/><U12/><E93/><V97/><F127/><W1/><G56/><T54/><D66/><U133/><E133/><V21/><F134/><W3/><G64/><T132/><D68/><U34/><E45/><V49/><F104/><W128/><G65/><T2/><D2/><N who="3" m="1129" /><G128/><T84/><D84/><U124/><E38/><V67/><F4/><W69/><G69/><T46/><D41/><U5/><E124/><V113/><F85/><W94/><G94/><T87/><D87/><U75/><E75/><V37/><F113/><W22/><G22/><N who="0" m="15799" /><D116/><U61/><E34/><V29/><F37/><W77/><G77/><T119/><D119/><U52/><E53/><V39/><F39/><W88/><G88/><T60/><D60/><U98/><E98/><V40/><F40/><W118/><G118/><T92/><D132/><U96/><E96/><V111/><F67/><W123/><G123/><T83/><D83/><U51/><E61/><V72/><F72/><W57/><G57/><T131/><D131/><U18/><E33/><V8/><F58/><W13/><N who="3" m="1137" /><W91/><DORA hai="71" /><G91/><T62/><D62/><U99/><E99/><V114/><F114/><W63/><G63/><T73/><D73/><U7/><E121/><V78/><F42/><RYUUKYOKU ba="2,2" sc="355,-10,255,-10,135,-10,235,30" hai3="6,13,14,17,23,108,109" /><INIT seed="2,3,2,0,4,37" ten="345,245,125,265" oya="2" hai0="95,20,102,17,135,44,3,77,42,47,89,21,55" hai1="115,113,23,74,76,119,118,5,38,73,56,67,131" hai2="4,33,46,34,90,87,48,85,109,71,91,104,81" hai3="11,98,132,53,63,122,6,22,114,18,39,52,43"/><V100/><F71/><W1/><G122/><T92/><D3/><U94/><E38/><V82/><F109/><W117/><G117/><T68/><D135/><U125/><E5/><V128/><F128/><W19/><G132/><T45/><D68/><U54/><E67/><V79/><F4/><W78/><G114/><T93/><D77/><U8/><E8/><V70/><F70/><W61/><G78/><T65/><D65/><U12/><E131/><V72/><F100/><W83/><G83/><T105/><D21/><U66/><E66/><V0/><F0/><W133/><G133/><T60/><D105/><U84/><E74/><V96/><F96/><W69/><G98/><T58/><D102/><U129/><E73/><V35/><F104/><W126/><G126/><T15/><REACH who="0" step="1"/><D89/><REACH who="0" ten="335,245,125,265" step="2"/><N who="1" m="53543" /><E76/><V57/><F79/><W16/><G69/><T10/><D10/><U40/><E129/><V111/><F72/><W30/><G22/><T29/><D29/><U24/><E115/><V107/><F107/><W32/><G30/><T121/><D121/><U134/><E113/><V108/><REACH who="2" step="1"/><F57/><REACH who="2" ten="335,245,115,265" step="2"/><W75/><G1/><T62/><D62/><U124/><E134/><V127/><F127/><W64/><G61/><T25/><D25/><U36/><E24/><V31/><F31/><W97/><G63/><T123/><D123/><U88/><E125/><V2/><F2/><W86/><G75/><T49/><AGARI ba="3,4" hai="15,17,20,42,44,45,47,49,55,58,60,92,93,95" machi="49" ten="30,8000,1" yaku="1,1,0,1,8,1,52,1,53,1" doraHai="37" doraHaiUra="50" who="0" fromWho="0" sc="335,129,245,-23,115,-43,265,-23" /><INIT seed="3,0,0,3,5,74" ten="464,222,72,242" oya="3" hai0="34,11,92,36,4,79,121,49,134,126,37,71,60" hai1="44,81,83,29,102,1,30,99,48,116,112,63,7" hai2="41,104,106,10,67,2,56,5,35,124,114,129,59" hai3="95,69,122,87,91,119,76,97,127,52,43,6,120"/><W8/><G119/><T16/><D121/><U96/><E112/><V42/><F114/><W19/><G69/><T17/><D34/><U109/><E109/><V14/><F35/><W89/><G43/><T68/><D126/><U32/><E116/><V80/><F124/><W131/><G127/><T50/><D92/><U70/><E7/><V13/><F80/><W54/><G131/><T125/><D125/><U64/><E96/><V84/><F84/><W130/><G130/><T82/><D134/><U105/><E29/><V88/><F129/><W115/><G115/><T75/><D68/><U22/><E22/><V12/><F67/><W55/><G19/><T85/><D75/><U101/><E1/><V117/><F117/><W98/><G98/><T25/><D60/><U58/><E102/><V24/><F24/><W23/><G23/><T21/><D17/><U113/><E58/><V53/><F59/><W45/><G45/><T39/><REACH who="0" step="1"/><D71/><REACH who="0" ten="454,222,72,242" step="2"/><U107/><E113/><V33/><F33/><W111/><G122/><T135/><D135/><U40/><E107/><V77/><F106/><W90/><G120/><T26/><D26/><AGARI ba="0,1" hai="26,30,32,40,44,48,63,64,70,81,83,99,101,105" machi="26" ten="40,2600,0" yaku="25,2" doraHai="74" who="1" fromWho="0" sc="454,-26,222,36,72,0,242,0" /><INIT seed="4,0,0,0,0,130" ten="428,258,72,242" oya="0" hai0="38,127,1,19,54,59,37,125,42,67,103,43,46" hai1="49,31,61,129,73,62,116,135,120,91,105,66,77" hai2="53,45,17,21,106,79,69,82,44,51,47,108,39" hai3="80,111,74,72,40,119,124,60,23,32,48,126,117"/><T85/><D1/><U26/><E120/><V133/><F108/><W24/><G32/><T131/><D103/><U28/><E116/><V7/><F69/><W104/><G104/><T65/><D85/><U9/><E129/><V84/><F106/><W57/><G111/><T86/><D86/><U4/><E105/><V123/><F123/><W50/><G80/><T33/><D19/><U134/><E91/><V96/><F96/><W52/><G72/><T112/><D33/><U41/><E77/><V16/><F39/><N who="0" m="14858" /><D112/><U97/><E97/><V95/><F95/><W114/><G74/><T75/><D75/><U5/><E73/><V13/><F7/><W3/><G3/><T34/><D34/><U55/><E41/><N who="0" m="15369" /><D46/><U30/><E26/><V63/><F63/><W98/><G98/><T14/><D14/><U121/><E121/><V101/><F101/><W68/><G114/><T110/><D110/><U99/><E99/><V6/><F6/><W78/><G78/><T25/><D25/><U36/><E36/><V35/><F35/><W8/><G24/><T18/><D18/><U15/><E5/><V81/><F81/><W89/><G89/><T2/><D2/><U100/><E100/><V132/><REACH who="2" step="1"/><F17/><REACH who="2" ten="428,258,62,242" step="2"/><W27/><G117/><T122/><D122/><U102/><E102/><V0/><F0/><W90/><G119/><T94/><D131/><U83/><E83/><V12/><F12/><W11/><G27/><T107/><D107/><U118/><E118/><V70/><F70/><W109/><G68/><T113/><D113/><U22/><E4/><V71/><F71/><RYUUKYOKU ba="0,1" sc="428,-10,258,-10,62,30,242,-10" hai2="13,16,21,44,45,47,51,53,79,82,84,132,133" /><INIT seed="5,1,1,1,0,129" ten="418,248,92,232" oya="1" hai0="105,44,70,78,131,40,50,135,21,95,51,101,111" hai1="5,34,29,16,41,7,93,85,18,3,47,6,89" hai2="81,39,27,83,48,36,26,74,32,132,130,43,24" hai3="124,114,91,84,90,52,54,59,9,100,92,109,61"/><U67/><E3/><V103/><F32/><W115/><G109/><T117/><D111/><U65/><E29/><V71/><F130/><W119/><G124/><T127/><D70/><U30/><E30/><V38/><F74/><W4/><G119/><T121/><D105/><U133/><E34/><V17/><F71/><W49/><G100/><T58/><D117/><U57/><E133/><V19/><F103/><W125/><G125/><T53/><D131/><U20/><E57/><V62/><F62/><W123/><G123/><T102/><D121/><U134/><E134/><V110/><F110/><W99/><G91/><T72/><D95/><U120/><E120/><V128/><F128/><W8/><G99/><T112/><D135/><U98/><E98/><V82/><F132/><W64/><G54/><T113/><D127/><U122/><E122/><V13/><REACH who="2" step="1"/><F13/><REACH who="2" ten="418,248,82,232" step="2"/><W15/><REACH who="3" step="1"/><G9/><REACH who="3" ten="418,248,82,222" step="2"/><T10/><D10/><U86/><E86/><V116/><F116/><W87/><G87/><T73/><D101/><U75/><E75/><V23/><F23/><W12/><G12/><T42/><D102/><U35/><E35/><V31/><F31/><W45/><AGARI ba="1,3" hai="4,8,15,45,49,52,59,61,64,84,90,92,114,115" machi="45" ten="30,4000,0" yaku="1,1,0,1,54,1,53,0" doraHai="129" doraHaiUra="97" who="3" fromWho="3" sc="418,-11,248,-21,82,-11,222,73" /><INIT seed="6,0,0,2,5,122" ten="407,227,71,295" oya="2" hai0="20,60,101,50,28,51,90,132,29,57,15,89,49" hai1="116,84,108,12,69,35,114,70,71,82,5,65,34" hai2="13,1,105,3,76,121,119,46,11,97,117,91,68" hai3="135,14,78,48,8,33,38,99,100,21,43,44,39"/><V123/><F68/><W103/><G33/><T80/><D132/><U115/><E116/><N who="2" m="44619" /><F76/><W126/><G126/><T37/><D37/><U128/><E128/><V45/><F91/><N who="0" m="34826" /><D101/><U55/><E65/><V74/><F97/><W75/><G21/><T53/><D80/><U77/><E108/><V130/><F105/><W85/><G75/><T87/><D87/><U54/><E54/><V129/><F13/><W59/><G135/><T67/><D53/><U125/><E125/><V118/><N who="2" m="44627" /><V113/><DORA hai="133" /><F74/><W61/><G85/><T16/><AGARI ba="0,0" hai="15,16,20,28,29,49,50,51,57,60,67" m="34826" machi="16" ten="30,2000,0" yaku="8,1,54,1" doraHai="122,133" who="0" fromWho="0" sc="407,20,227,-5,71,-10,295,-5" /><INIT seed="7,0,0,1,0,38" ten="427,222,61,290" oya="3" hai0="42,83,56,124,78,126,108,23,97,121,41,9,34" hai1="61,22,63,55,24,8,19,7,106,114,100,115,31" hai2="116,16,69,92,46,20,101,30,98,40,64,107,37" hai3="36,122,127,4,43,12,54,47,27,81,94,58,130"/><W90/><G122/><T102/><D108/><U6/><E100/><V76/><F116/><W18/><G130/><T14/><D34/><U59/><E106/><V132/><F132/><W72/><G127/><N who="0" m="48683" /><D23/><U89/><E89/><V57/><F76/><W65/><G65/><T26/><D26/><U11/><E63/><V134/><F134/><W53/><G4/><N who="0" m="3367" /><D56/><U119/><E119/><V95/><F69/><W39/><G27/><T3/><D3/><U96/><E96/><V87/><F87/><W105/><G105/><N who="0" m="63695" /><D121/><U62/><E62/><V21/><F107/><W10/><G39/><T112/><D112/><U25/><E25/><V44/><F92/><W60/><G54/><T66/><D66/><U2/><E31/><V118/><F118/><W50/><G72/><AGARI ba="0,0" hai="41,42,72,78,83" m="63695,3367,48683" machi="72" ten="30,3900,0" yaku="18,1,52,2" doraHai="38" who="0" fromWho="3" sc="427,39,222,0,61,0,290,-39" owari="466,56.6,222,-17.8,61,-43.9,251,5.1" /></mjloggm>