<mjloggm ver="2.3"><GO type="169" lobby="0"/><UN n0="%E8%BF%B7%E3%82%8F%E3%81%9A%E6%8A%BC%E3%81%9B%E3%82%88" n1="%6F%67%75%6B%65%6E" n2="%72%61%79%2A%6B%77%6B%6D" n3="%73%61%69%63%68%61%6E%7A" dan="17,16,16,16" rate="2241.70,2132.05,2087.67,2163.93" sx="M,M,F,M"/><TAIKYOKU oya="0"/><INIT seed="0,0,0,5,0,109" ten="250,250,250,250" oya="0" hai0="23,3,36,21,25,86,17,94,59,128,104,135,5" hai1="44,57,42,51,38,66,127,112,18,55,115,126,40" hai2="117,0,2,49,92,14,26,1,134,16,58,84,13" hai3="64,122,7,62,69,22,61,110,12,37,47,102,43"/><T125/><D36/><N who="1" m="21511" /><E18/><V28/><F134/><W11/><G110/><T78/><D104/><U119/><E119/><V129/><F129/><W91/><G122/><T111/><D135/><U124/><E66/><V88/><F117/><W90/><G62/><T67/><D128/><U99/><E99/><V34/><F13/><W68/><G68/><T95/><D111/><U120/><E120/><V114/><F114/><N who="1" m="43561" /><E42/><V60/><F49/><W56/><G69/><T4/><D17/><U77/><E77/><V9/><REACH who="2" step="1"/><F0/><REACH who="2" ten="250,250,240,250" step="2"/><W101/><G12/><T83/><D3/><U27/><E27/><V87/><F87/><W19/><G43/><T24/><D86/><U41/><E41/><V79/><F79/><W20/><G37/><AGARI ba="0,1" hai="37,38,51,55,57,124,126,127" m="43561,21511" machi="37" ten="40,12000,2" yaku="18,1,11,1,34,2,52,3" doraHai="109" who="1" fromWho="3" sc="250,0,250,130,240,0,250,-120" /><INIT seed="1,0,0,5,5,30" ten="250,380,240,130" oya="1" hai0="125,56,26,121,128,81,89,108,48,101,4,37,31" hai1="38,66,129,95,98,73,126,77,41,6,62,134,110" hai2="104,29,14,0,47,79,67,69,97,12,49,105,65" hai3="133,21,115,106,53,85,22,109,24,112,82,74,61"/><U57/><E129/><V5/><F79/><W52/><G74/><T119/><D37/><U127/><E134/><V117/><F117/><W100/><G133/><T113/><D113/><U87/><E6/><V34/><F0/><W122/><G122/><T3/><D119/><U76/><E73/><V15/><F5/><W13/><G109/><T86/><D101/><U114/><E114/><V10/><F10/><W11/><G106/><T43/><D108/><U51/><E38/><V124/><F124/><N who="1" m="47657" /><E110/><V96/><F105/><W55/><G100/><T54/><D125/><U18/><E18/><V50/><F50/><W40/><G40/><T19/><D19/><U91/><E87/><V36/><F36/><W33/><G33/><T8/><D128/><U120/><E120/><V72/><F72/><W131/><G131/><T23/><D43/><U99/><E99/><V45/><F45/><AGARI ba="0,0" hai="41,45,51,57,62,66,76,77,91,95,98" m="47657" machi="45" ten="30,1500,0" yaku="18,1" doraHai="30" who="1" fromWho="2" sc="250,0,380,15,240,-15,130,0" /><INIT seed="1,1,0,1,3,122" ten="250,395,225,130" oya="1" hai0="84,0,104,129,10,65,56,5,14,125,1,118,117" hai1="111,121,127,98,48,69,49,105,4,124,66,76,106" hai2="44,94,95,58,74,11,112,90,67,91,119,23,31" hai3="132,15,77,13,128,102,109,72,88,52,131,39,35"/><U101/><E121/><V16/><F119/><W32/><G39/><T97/><D125/><N who="1" m="48203" /><E4/><V126/><F74/><W83/><G102/><T7/><D129/><N who="3" m="49737" /><G132/><T2/><D84/><U43/><E106/><V42/><F126/><W115/><G115/><T47/><D47/><N who="1" m="25727" /><E76/><V61/><F112/><W9/><G109/><T45/><D7/><U93/><E49/><N who="2" m="26775" /><F11/><W120/><G120/><T86/><D86/><U36/><E36/><V113/><F31/><W59/><G88/><N who="2" m="33833" /><F113/><W20/><G20/><T33/><D104/><U70/><E105/><V26/><AGARI ba="1,0" hai="16,23,26,58,61,67,94,95" m="33833,26775" machi="26" ten="30,4000,0" yaku="8,1,54,2" doraHai="122" who="2" fromWho="2" sc="250,-11,395,-21,225,43,130,-11" /><INIT seed="2,0,0,0,1,89" ten="239,374,268,119" oya="2" hai0="27,59,112,132,68,48,20,77,92,71,131,119,109" hai1="56,135,70,39,8,22,33,65,10,29,25,93,110" hai2="7,99,76,62,126,45,54,43,14,79,130,113,3" hai3="40,86,134,9,82,128,104,117,34,88,124,95,121"/><V31/><F113/><W96/><G34/><T73/><D112/><U13/><E39/><V102/><F3/><W44/><G117/><T66/><D119/><U12/><E135/><V53/><F130/><W85/><G121/><T58/><D132/><U116/><E116/><V83/><F126/><W16/><G134/><T84/><D73/><U18/><E70/><V120/><F120/><W91/><G128/><T42/><D131/><U100/><E110/><V60/><F31/><W50/><G124/><T47/><D109/><U64/><E33/><V127/><F127/><W4/><G104/><T87/><D84/><U49/><E49/><V36/><F79/><W111/><G111/><T122/><D58/><U101/><E101/><V74/><F7/><W80/><G16/><T32/><D32/><U0/><E56/><V55/><REACH who="2" step="1"/><F14/><REACH who="2" ten="239,374,258,119" step="2"/><W75/><G75/><T118/><D77/><U63/><E0/><V133/><F133/><W105/><G105/><AGARI ba="0,1" hai="36,43,45,53,54,55,60,62,74,76,83,99,102,105" machi="105" ten="40,2000,0" yaku="1,1,53,0" doraHai="89" doraHaiUra="26" who="2" fromWho="3" sc="239,0,374,0,258,30,119,-20" /><INIT seed="2,1,0,5,5,76" ten="239,374,288,99" oya="2" hai0="114,109,112,30,29,15,70,23,113,118,50,62,71" hai1="91,128,0,66,58,32,19,35,43,75,34,26,120" hai2="33,100,68,39,125,127,126,6,124,74,28,4,86" hai3="55,9,22,101,64,67,77,42,63,104,135,106,25"/><V73/><F39/><W79/><G135/><T133/><D133/><U72/><E0/><V12/><F68/><W41/><G9/><T52/><D109/><U49/><E128/><V129/><F127/><W117/><G117/><T84/><D118/><U56/><E120/><V46/><F129/><W94/><G55/><T98/><D98/><U13/><E26/><N who="2" m="18583" /><F46/><W97/><G64/><T69/><D62/><U2/><E2/><V81/><F100/><W121/><G121/><T16/><REACH who="0" step="1"/><D84/><REACH who="0" ten="229,374,288,99" step="2"/><U53/><E75/><N who="2" m="28683" /><F12/><W130/><G130/><T38/><D38/><U60/><E72/><V24/><F24/><W65/><G25/><T116/><D116/><U89/><REACH who="1" step="1"/><E43/><REACH who="1" ten="229,364,288,99" step="2"/><V131/><F131/><W57/><G42/><T82/><D82/><U88/><E88/><AGARI ba="1,2" hai="4,6,81,86,88,124,125,126" m="28683,18583" machi="88" ten="40,7700,0" yaku="18,1,52,1,54,1" doraHai="76" who="2" fromWho="1" sc="229,0,364,-80,288,100,99,0" /><INIT seed="2,2,0,0,1,135" ten="229,284,388,99" oya="2" hai0="55,76,86,107,74,13,87,90,104,78,67,112,69" hai1="18,8,128,103,70,23,50,72,49,108,102,17,7" hai2="11,98,28,89,126,129,48,91,79,44,77,127,38" hai3="101,85,111,95,88,21,106,40,47,51,59,97,63"/><V33/><F38/><W113/><G111/><T119/><D67/><U84/><E108/><V14/><F129/><W117/><G113/><T133/><D69/><U54/><E72/><V65/><F65/><W58/><G117/><T35/><D35/><U32/><E32/><V36/><F36/><W46/><G63/><T105/><D55/><U64/><E128/><V1/><F1/><W68/><G68/><T26/><D13/><U10/><E64/><V125/><F28/><W41/><REACH who="3" step="1"/><G21/><REACH who="3" ten="229,284,388,89" step="2"/><T80/><D112/><U93/><E23/><V56/><F33/><W66/><G66/><T12/><D119/><U27/><E70/><V123/><F123/><W15/><G15/><T53/><D12/><U62/><E62/><V25/><F25/><W61/><G61/><T19/><D26/><U81/><E27/><V116/><F116/><W5/><G5/><T109/><D109/><U43/><E7/><N who="2" m="3455" /><F56/><W16/><G16/><T29/><D19/><U114/><E18/><V122/><F122/><W130/><G130/><T3/><D29/><U4/><E17/><V75/><F75/><W9/><G9/><T6/><D6/><U124/><E10/><V134/><F134/><W96/><G96/><T82/><D3/><U99/><E8/><V120/><F120/><W115/><G115/><T57/><D133/><U31/><E4/><V131/><F131/><W94/><G94/><N who="0" m="54615" /><D107/><U45/><E114/><V118/><F118/><W121/><G121/><T60/><D105/><U39/><E31/><V37/><F98/><W73/><G73/><T71/><D104/><U22/><E99/><RYUUKYOKU ba="2,1" sc="229,15,284,-15,388,-15,89,15" hai0="53,57,60,71,74,76,78,80,82,87" hai3="40,41,46,47,51,58,59,85,88,95,97,101,106" /><INIT seed="3,3,1,5,1,36" ten="244,269,373,104" oya="3" hai0="81,124,129,79,133,109,73,57,128,51,11,74,46" hai1="110,116,49,98,111,2,94,123,48,12,27,131,134" hai2="42,88,87,93,3,0,91,43,21,25,1,126,82" hai3="17,61,58,28,113,121,80,40,33,62,59,106,90"/><W35/><G113/><T71/><D71/><U8/><E123/><V66/><F66/><W108/><G121/><T122/><D122/><U104/><E104/><V103/><F103/><W10/><G106/><T86/><D109/><N who="1" m="41483" /><E2/><V56/><F56/><W30/><G108/><T84/><D57/><U107/><E107/><V60/><F60/><W23/><G10/><T22/><D133/><U114/><E114/><V132/><F126/><W39/><G33/><T102/><D102/><N who="1" m="60759" /><E134/><V112/><F132/><W83/><G35/><T100/><D100/><U68/><E68/><V54/><F54/><W19/><G23/><T95/><D22/><U76/><E76/><V41/><F112/><W118/><G39/><T89/><D124/><U97/><E97/><V65/><F65/><W24/><G24/><T127/><D127/><U96/><E96/><V37/><F37/><W15/><G15/><T135/><D135/><U52/><E27/><V47/><F47/><W29/><G29/><T70/><D70/><U119/><E49/><V101/><F101/><W38/><G38/><T53/><REACH who="0" step="1"/><D11/><REACH who="0" ten="234,269,373,104" step="2"/><U99/><E8/><V78/><REACH who="2" step="1"/><F93/><REACH who="2" ten="234,269,363,104" step="2"/><W5/><G62/><T72/><AGARI ba="3,3" hai="46,51,53,72,73,74,79,81,84,86,89,95,128,129" machi="72" ten="40,5200,0" yaku="1,1,2,1,0,1,53,0" doraHai="36" doraHaiUra="92" who="0" fromWho="0" sc="234,91,269,-16,363,-16,104,-29" /><INIT seed="4,0,0,3,2,95" ten="325,253,347,75" oya="0" hai0="124,56,36,74,73,107,24,126,122,115,125,105,67" hai1="75,10,83,34,77,33,54,48,16,19,39,21,76" hai2="120,58,47,133,13,128,20,111,60,87,91,43,101" hai3="66,121,102,79,50,9,23,96,117,85,11,53,108"/><T1/><D67/><U18/><E39/><V100/><F111/><W112/><G108/><T27/><D36/><U49/><E21/><V72/><F120/><W94/><G117/><T88/><D56/><U70/><E70/><V97/><F72/><N who="0" m="27754" /><D122/><U78/><E10/><V134/><F128/><W65/><G121/><T0/><D88/><U45/><REACH who="1" step="1"/><E49/><REACH who="1" ten="325,243,347,75" step="2"/><V98/><F20/><W64/><G23/><T55/><D115/><U84/><E84/><V116/><F87/><W6/><G112/><T119/><D119/><U81/><E81/><V92/><F116/><W22/><G22/><T29/><D29/><U113/><E113/><V42/><F134/><W57/><REACH who="3" step="1"/><G6/><REACH who="3" ten="325,243,347,65" step="2"/><T17/><D17/><U32/><AGARI ba="0,2" hai="16,18,19,32,33,34,45,48,54,75,76,77,78,83" machi="32" ten="40,5200,0" yaku="1,1,0,1,54,1,53,0" doraHai="95" doraHaiUra="103" who="1" fromWho="1" sc="325,-26,243,72,347,-13,65,-13" /><INIT seed="5,0,0,4,5,8" ten="299,315,334,52" oya="1" hai0="89,52,31,74,105,28,38,23,112,92,40,70,66" hai1="51,95,132,21,115,47,0,87,58,126,78,50,33" hai2="109,22,94,134,39,10,27,2,84,64,88,106,86" hai3="131,79,125,42,111,49,118,20,93,30,128,107,133"/><U17/><E33/><V36/><F109/><W26/><G107/><T96/><D74/><U102/><E0/><V135/><F106/><W67/><G111/><T68/><D112/><U25/><E115/><V29/><F64/><W76/><G125/><T15/><D105/><U104/><E126/><V80/><F2/><W13/><G133/><N who="2" m="50697" /><F10/><W59/><G118/><T121/><D40/><U3/><E3/><V34/><F34/><W127/><G127/><T97/><D38/><U101/><E104/><V11/><F11/><W119/><G119/><T46/><D66/><U12/><E132/><V90/><AGARI ba="0,0" hai="22,27,29,36,39,80,84,86,88,90,94" m="50697" machi="90" ten="30,2000,0" yaku="20,1,54,1" doraHai="8" who="2" fromWho="2" sc="299,-5,315,-10,334,20,52,-5" /><INIT seed="6,0,0,2,1,65" ten="294,305,354,47" oya="2" hai0="31,105,11,88,104,4,49,84,39,135,66,7,69" hai1="68,73,2,27,16,1,121,63,115,110,5,15,42" hai2="44,38,70,83,50,14,35,101,51,0,128,29,97" hai3="33,46,64,43,3,87,85,13,134,53,95,71,116"/><V74/><F0/><W23/><G3/><T62/><D39/><U59/><E110/><V67/><F38/><W103/><G116/><T86/><D135/><U132/><E132/><V100/><F128/><W82/><G33/><T109/><D109/><U127/><E73/><V26/><F14/><W133/><G53/><T24/><D49/><U118/><E118/><V76/><F101/><W9/><G23/><T48/><D48/><U125/><E42/><V6/><F6/><W75/><G75/><T106/><D11/><U60/><E27/><V61/><REACH who="2" step="1"/><F44/><REACH who="2" ten="294,305,344,47" step="2"/><W25/><G13/><T78/><D78/><U113/><E2/><V94/><AGARI ba="0,1" hai="26,29,35,50,51,61,67,70,74,76,83,94,97,100" machi="94" ten="20,12000,1" yaku="1,1,2,1,0,1,7,1,52,1,53,0" doraHai="65" doraHaiUra="102" who="2" fromWho="2" sc="294,-40,305,-40,344,130,47,-40" /><INIT seed="6,1,0,2,5,88" ten="254,265,474,7" oya="2" hai0="97,13,53,29,54,101,27,123,84,36,96,114,17" hai1="0,117,18,46,38,20,98,57,45,106,69,9,7" hai2="131,95,59,91,62,87,21,44,28,11,58,100,31" hai3="51,93,77,120,73,10,65,23,16,19,129,76,50"/><V85/><F131/><W64/><G120/><T99/><D36/><U34/><E117/><V122/><F122/><W86/><G73/><T115/><D123/><U63/><E34/><V128/><F128/><W6/><G129/><T132/><D84/><U30/><E30/><V135/><F135/><W33/><G33/><T60/><D132/><U83/><E69/><V39/><F100/><W72/><G72/><T119/><D119/><U71/><E71/><V124/><F124/><W24/><G19/><T4/><D4/><U125/><E125/><V104/><F104/><W61/><G77/><T112/><D60/><U107/><E83/><V113/><F113/><W109/><G109/><T52/><D27/><U82/><E82/><V133/><F133/><W127/><G127/><T37/><D37/><U92/><E107/><V47/><F11/><W56/><G65/><T110/><D29/><U68/><E106/><V108/><F108/><W78/><G78/><T126/><D126/><U94/><E68/><V67/><F58/><W130/><G130/><T41/><D41/><U121/><E121/><V79/><F39/><W12/><G76/><T42/><D42/><N who="1" m="22743" /><E98/><V116/><F116/><W55/><G64/><T2/><D110/><U15/><E46/><N who="2" m="17451" /><F21/><W8/><G8/><N who="0" m="6311" /><D2/><U25/><E0/><V49/><F49/><W22/><G22/><T1/><D1/><U89/><E20/><V102/><F102/><AGARI ba="1,0" hai="52,53,54,96,97,99,101,102,112,114,115" m="6311" machi="102" ten="40,8000,1" yaku="29,2,15,1,54,1" doraHai="88" who="0" fromWho="2" sc="254,83,265,0,474,-83,7,0" /><INIT seed="7,0,0,4,4,107" ten="337,265,391,7" oya="3" hai0="82,118,43,6,13,30,64,69,111,53,117,84,108" hai1="5,133,90,97,93,47,115,49,34,26,74,125,83" hai2="39,105,86,88,16,116,57,106,61,54,126,55,56" hai3="65,102,24,100,46,114,8,72,99,119,15,129,18"/><W22/><G119/><T20/><D69/><U77/><E34/><V67/><F39/><W94/><G114/><T104/><D104/><U80/><E26/><V35/><F35/><W95/><G129/><T73/><D64/><U31/><E31/><V3/><F3/><W14/><G72/><T58/><D118/><U28/><E28/><V89/><F116/><W85/><G65/><T81/><D117/><U29/><E29/><V75/><F75/><W4/><G46/><T17/><D43/><U38/><E38/><V52/><F126/><W19/><G85/><T32/><D6/><U112/><E5/><V25/><F106/><W1/><G19/><T113/><D113/><N who="1" m="43595" /><E49/><N who="2" m="30735" /><F89/><W66/><G66/><T76/><D30/><U103/><E47/><V120/><F120/><W110/><G110/><T63/><REACH who="0" step="1"/><D32/><REACH who="0" ten="327,265,391,7" step="2"/><U109/><E109/><V50/><F105/><W78/><G78/><AGARI ba="0,1" hai="13,17,20,53,58,63,73,76,78,81,82,84,108,111" machi="78" ten="30,7700,0" yaku="1,1,2,1,7,1,52,1,53,0" doraHai="107" doraHaiUra="132" who="0" fromWho="3" sc="327,87,265,0,391,0,7,-77" owari="414,51.4,265,-13.5,391,19.1,-70,-57.0" /></mjloggm>