<mjloggm ver="2.3"><GO type="169" lobby="0"/><UN n0="%E6%95%97%E5%8C%97%E8%80%85%E3%81%AD%E3%82%8B" n1="%46%E5%92%B8%E9%AD%9A%E5%92%B8%E9%AD%9A%E5%92%B8" n2="%6F%6B%61%62%65%73%68%69" n3="%53%68%69%72%6C%65%79" dan="17,16,17,16" rate="2169.96,2084.81,2187.84,2079.74" sx="F,M,M,M"/><TAIKYOKU oya="0"/><INIT seed="0,0,0,5,0,31" ten="250,250,250,250" oya="0" hai0="50,93,37,9,131,56,13,16,27,8,1,102,17" hai1="87,23,86,58,24,109,3,52,66,95,44,19,55" hai2="84,7,126,64,120,79,40,43,90,123,107,78,62" hai3="25,104,94,96,132,46,130,30,91,85,12,0,69"/><T125/><D37/><U128/><E109/><V103/><F126/><W14/><G130/><T115/><D115/><U76/><E128/><V105/><F7/><W6/><G132/><T67/><D131/><U22/><E3/><V53/><F53/><W122/><G122/><T77/><D125/><U119/><E119/><V68/><F107/><W124/><G124/><T38/><D38/><U99/><E66/><V32/><F78/><W57/><G46/><T61/><D77/><U111/><E111/><V134/><F79/><W117/><G69/><T133/><D133/><U20/><E44/><V92/><F134/><W71/><G71/><T72/><D72/><U49/><E55/><V26/><F43/><W21/><G57/><T75/><D50/><U114/><E114/><V47/><F47/><W51/><G51/><T63/><D75/><U73/><E73/><V83/><F83/><W113/><G117/><T5/><D27/><U108/><E108/><V135/><F40/><W80/><G104/><T11/><D63/><U127/><E127/><V2/><F2/><W36/><G36/><T81/><D81/><N who="1" m="47399" /><E87/><V97/><F135/><W116/><G116/><T28/><D28/><AGARI ba="0,0" hai="26,28,32,62,64,68,84,90,92,97,103,105,120,123" machi="28" ten="40,5200,0" yaku="25,2,52,1" doraHai="31" who="2" fromWho="0" sc="250,-52,250,0,250,52,250,0" /><INIT seed="1,0,0,2,0,46" ten="198,250,302,250" oya="1" hai0="111,117,27,135,21,32,102,54,40,84,38,29,37" hai1="94,96,106,71,68,1,127,14,36,76,129,48,30" hai2="133,2,10,4,52,103,18,63,101,89,16,134,45" hai3="98,66,7,49,55,75,104,131,53,119,33,35,95"/><U125/><E1/><V57/><F103/><W3/><G131/><T128/><D117/><U44/><E36/><V56/><F101/><W62/><G104/><T60/><D111/><U24/><E106/><V114/><F114/><W110/><G110/><T109/><D109/><U50/><E76/><V100/><F100/><W126/><G75/><T107/><D135/><N who="2" m="51722" /><F45/><W41/><G41/><T123/><D123/><U28/><E14/><V0/><F0/><W83/><G83/><T58/><D128/><U8/><E8/><V17/><F57/><W39/><G39/><T93/><D107/><U99/><E129/><V59/><F59/><W91/><G119/><T85/><D32/><U69/><E44/><V43/><F43/><W67/><G126/><N who="1" m="48138" /><E30/><V90/><AGARI ba="0,0" hai="2,4,10,16,17,18,52,56,63,89,90" m="51722" machi="90" ten="40,5200,0" yaku="20,1,54,2" doraHai="46" who="2" fromWho="2" sc="198,-13,250,-26,302,52,250,-13" /><INIT seed="2,0,0,5,0,111" ten="185,224,354,237" oya="2" hai0="72,67,108,58,61,53,73,27,29,65,95,82,69" hai1="2,101,9,119,51,131,57,124,55,10,71,41,126" hai2="128,50,15,26,79,113,93,112,70,43,76,68,37" hai3="30,45,36,64,14,47,135,109,3,35,122,38,85"/><V28/><F37/><W33/><G3/><T91/><D108/><U56/><E119/><V19/><F76/><W77/><G109/><T8/><D8/><U115/><E71/><V78/><F78/><W130/><G77/><T125/><D125/><U60/><E131/><V100/><F128/><W22/><G64/><T129/><D82/><U18/><E101/><V48/><F48/><W66/><G66/><T88/><D91/><U5/><E115/><V16/><F19/><W132/><G85/><T17/><D17/><U44/><E57/><V102/><F102/><W7/><G130/><T1/><D1/><U89/><E89/><V32/><F68/><W134/><G122/><T54/><D54/><U103/><E103/><V97/><F70/><W80/><G80/><T118/><D65/><U99/><E99/><V0/><F0/><W92/><G134/><T90/><D90/><U133/><E133/><V114/><F79/><W21/><G7/><T13/><D13/><U25/><E10/><V86/><F86/><W75/><G14/><T59/><D69/><U106/><E106/><V40/><REACH who="2" step="1"/><F50/><REACH who="2" ten="185,224,344,237" step="2"/><W34/><G135/><T104/><D129/><U23/><AGARI ba="0,1" hai="2,5,9,18,23,25,41,44,51,55,56,60,124,126" machi="23" ten="30,1100,0" yaku="0,1" doraHai="111" who="1" fromWho="1" sc="185,-3,224,21,344,-5,237,-3" /><INIT seed="3,0,0,5,3,10" ten="182,245,339,234" oya="3" hai0="73,62,100,14,97,64,4,51,65,11,79,52,66" hai1="39,72,30,119,103,121,16,123,35,112,1,92,25" hai2="109,81,93,2,5,13,108,102,43,18,85,134,113" hai3="9,44,98,38,95,56,82,53,105,63,116,22,118"/><W114/><G114/><T80/><D62/><U67/><E112/><V15/><F113/><W83/><G105/><T120/><D120/><U135/><E39/><V131/><F2/><W89/><G22/><T23/><D23/><U84/><E72/><V27/><F43/><W76/><G9/><T91/><D91/><U126/><E1/><V21/><F131/><W42/><REACH who="3" step="1"/><G83/><REACH who="3" ten="182,245,339,224" step="2"/><T37/><D37/><U58/><E123/><V47/><F134/><W41/><G41/><T60/><D60/><U94/><E135/><V128/><F128/><W88/><G88/><T8/><D11/><U57/><E121/><V33/><F33/><W130/><G130/><T61/><D61/><U68/><E35/><V101/><F5/><W54/><G54/><T55/><REACH who="0" step="1"/><D51/><REACH who="0" ten="172,245,339,224" step="2"/><U31/><E103/><V24/><F102/><W115/><G115/><T29/><D29/><U104/><E31/><V86/><F101/><W34/><G34/><T106/><AGARI ba="0,2" hai="4,8,14,52,55,64,65,66,73,79,80,97,100,106" machi="106" ten="30,7900,0" yaku="1,1,0,1,52,1,54,1,53,0" doraHai="10" doraHaiUra="59" who="0" fromWho="0" sc="172,99,245,-20,339,-20,224,-39" /><INIT seed="4,0,0,0,5,110" ten="271,225,319,185" oya="0" hai0="60,115,15,123,102,132,107,93,69,103,2,54,99" hai1="4,24,56,62,25,77,45,129,12,61,22,30,90" hai2="38,43,50,114,112,59,37,55,26,81,9,92,94" hai3="3,126,127,48,101,91,21,31,87,95,76,57,11"/><T73/><D73/><U47/><E129/><V79/><F43/><W105/><G3/><T78/><D2/><U80/><E62/><V44/><F26/><W14/><G76/><T53/><D123/><U10/><E90/><V74/><F9/><W118/><G118/><T19/><D78/><U41/><E25/><V85/><F44/><W124/><G31/><T18/><D132/><U6/><E6/><V121/><F121/><W120/><G21/><T40/><D40/><U84/><REACH who="1" step="1"/><E41/><REACH who="1" ten="271,215,319,185" step="2"/><V27/><F27/><W39/><G120/><T119/><D60/><U1/><E1/><V42/><F42/><W46/><G39/><T116/><D116/><U88/><E88/><N who="2" m="53263" /><F94/><W34/><G105/><T125/><D93/><U83/><E83/><V49/><F49/><W13/><G101/><T29/><D102/><U23/><E23/><V51/><F51/><W108/><G108/><T58/><D103/><U63/><E63/><V104/><F104/><W89/><G34/><T98/><D107/><U122/><E122/><V133/><F133/><W32/><G32/><T82/><D119/><U17/><E17/><V131/><F131/><W109/><G109/><T20/><D18/><U28/><E28/><V0/><F0/><W72/><G91/><T117/><D19/><U16/><E16/><V75/><F37/><W35/><G35/><T66/><D20/><U106/><E106/><V68/><F38/><W33/><G33/><T130/><D117/><U100/><E100/><V65/><F68/><W111/><G111/><T97/><D130/><U5/><E5/><V135/><F135/><RYUUKYOKU ba="0,1" sc="271,-10,215,30,319,-10,185,-10" hai1="4,10,12,22,24,30,45,47,56,61,77,80,84" /><INIT seed="5,1,1,2,4,64" ten="261,245,309,175" oya="1" hai0="73,107,36,97,71,60,94,76,3,128,37,41,6" hai1="103,38,12,28,18,61,117,81,111,110,72,86,100" hai2="113,24,5,8,43,4,101,80,84,30,102,93,33" hai3="34,92,127,63,126,51,1,120,79,42,32,66,50"/><U74/><E117/><V26/><F113/><W25/><G120/><T135/><D94/><U108/><E38/><V133/><F133/><W114/><G114/><T23/><D23/><N who="1" m="11719" /><E61/><V31/><F93/><W29/><G1/><T53/><D53/><U45/><E45/><V15/><F4/><W99/><G79/><T49/><D49/><U82/><E28/><V67/><F43/><W44/><G50/><T87/><D41/><U96/><E82/><V109/><F67/><W13/><G13/><T121/><D87/><U19/><E19/><V48/><F48/><W83/><G32/><T56/><D56/><U124/><E124/><V27/><F27/><W131/><G131/><T9/><D121/><U62/><E62/><V46/><F46/><W55/><G83/><N who="0" m="45455" /><D135/><U105/><E103/><V22/><F109/><N who="1" m="27905" /><U52/><DORA hai="47" /><E52/><V20/><REACH who="2" step="1"/><F33/><REACH who="2" ten="261,245,299,175" step="2"/><W68/><REACH who="3" step="1"/><G42/><REACH who="3" ten="261,245,299,165" step="2"/><T119/><D128/><U91/><AGARI ba="1,3" hai="72,74,81,86,91,96,100,105" m="27905,11719" machi="91" ten="40,2100,0" yaku="10,1" doraHai="64,47" who="1" fromWho="1" sc="261,-8,245,54,299,-8,165,-8" /><INIT seed="5,2,0,4,2,30" ten="253,299,291,157" oya="1" hai0="76,43,47,81,20,69,70,120,3,111,121,34,91" hai1="4,35,82,5,131,59,109,53,32,118,9,86,62" hai2="0,52,22,8,23,56,134,25,126,7,10,106,112" hai3="67,128,127,74,104,11,100,19,98,60,66,45,108"/><U21/><E118/><V68/><F68/><W61/><G108/><T83/><D111/><U49/><E109/><V114/><F106/><W77/><G128/><T87/><D3/><U24/><E131/><V103/><F103/><W85/><G127/><T14/><D20/><U123/><E123/><N who="0" m="47177" /><D14/><U36/><E36/><V105/><F105/><W96/><G45/><T84/><D34/><U51/><E51/><AGARI ba="2,0" hai="43,47,51,69,70,76,81,83,84,87,91" m="47177" machi="51" ten="30,1000,0" yaku="13,1" doraHai="30" who="0" fromWho="1" sc="253,16,299,-16,291,0,157,0" /><INIT seed="6,0,0,5,3,72" ten="269,283,291,157" oya="2" hai0="93,62,122,25,45,34,11,97,40,78,31,69,115" hai1="98,8,76,27,43,73,83,86,133,56,0,131,125" hai2="47,4,19,58,29,103,54,94,100,84,3,60,116" hai3="77,26,15,20,22,21,14,6,24,38,17,35,109"/><V68/><F116/><W130/><G38/><T59/><D122/><U80/><E131/><V51/><F68/><W71/><G71/><T126/><D69/><U37/><E133/><V127/><F127/><W10/><G130/><T124/><D115/><U114/><E114/><V81/><F29/><N who="3" m="19879" /><G77/><T106/><D11/><U55/><E27/><V135/><F135/><W50/><G50/><T18/><D18/><U118/><E98/><V57/><F4/><N who="3" m="3399" /><G109/><T30/><D30/><U128/><E118/><V67/><F3/><W13/><G6/><T63/><D106/><U102/><E102/><V28/><F94/><W64/><G64/><T111/><D111/><U53/><E128/><V70/><F28/><N who="3" m="17479" /><G22/><T113/><D113/><U52/><E56/><V16/><F70/><W107/><G107/><T112/><D112/><U82/><E86/><V33/><F57/><W79/><G79/><T92/><D78/><U48/><E48/><V85/><F85/><W117/><G117/><T32/><D59/><U96/><E96/><V66/><F66/><W134/><G134/><T65/><D65/><U12/><E43/><V104/><F104/><W110/><G110/><T49/><D97/><U1/><E37/><V75/><F75/><W5/><G5/><T121/><D93/><U99/><E99/><V74/><F74/><W132/><G132/><T23/><D92/><U9/><E73/><V89/><F33/><N who="0" m="12906" /><D121/><U119/><E119/><V87/><F87/><W36/><G36/><T90/><D90/><U41/><E41/><V61/><F61/><N who="0" m="23050" /><D40/><U101/><E101/><AGARI ba="0,0" hai="16,19,47,51,54,58,60,67,81,84,89,100,101,103" machi="101" ten="40,3900,0" yaku="8,1,54,1" doraHai="72" who="2" fromWho="1" sc="269,0,283,-39,291,39,157,0" /><INIT seed="6,1,0,4,0,63" ten="269,244,330,157" oya="2" hai0="31,86,38,94,13,21,120,60,41,90,20,124,92" hai1="82,127,73,84,57,79,91,1,107,133,50,32,72" hai2="24,19,76,109,115,95,51,7,23,96,130,121,125" hai3="105,85,126,75,4,128,68,55,36,47,89,93,102"/><V33/><F121/><W103/><G128/><T116/><D94/><U65/><E133/><V100/><F130/><W26/><G126/><T2/><D20/><U97/><E127/><V78/><F125/><W81/><G4/><T99/><D86/><U18/><E1/><V110/><F33/><W122/><G122/><T14/><D13/><U108/><E108/><N who="2" m="41579" /><F115/><W28/><G103/><T104/><D21/><U74/><E32/><V123/><F123/><W6/><G6/><T113/><D14/><U35/><E35/><V45/><F7/><W118/><G118/><T119/><D92/><N who="1" m="54375" /><E18/><V62/><F62/><W49/><G36/><T29/><D60/><N who="1" m="38031" /><E50/><V44/><F44/><W12/><G68/><T106/><D104/><U114/><E114/><V5/><F5/><W52/><G12/><T132/><D106/><U61/><E61/><V129/><F129/><W8/><G8/><T15/><D15/><U3/><E3/><V11/><F11/><W70/><G70/><T59/><D2/><U9/><E9/><V42/><AGARI ba="1,0" hai="19,23,24,42,45,51,76,78,95,96,100" m="41579" machi="42" ten="30,1500,0" yaku="10,1" doraHai="63" who="2" fromWho="2" sc="269,-6,244,-6,330,18,157,-6" /><INIT seed="6,2,0,1,2,1" ten="263,238,348,151" oya="2" hai0="42,124,100,82,0,19,86,29,28,95,2,74,67" hai1="13,17,26,133,6,59,57,123,60,56,71,33,101" hai2="24,45,69,21,48,30,51,61,32,58,12,92,4" hai3="55,90,84,72,7,36,15,93,79,5,108,16,131"/><V107/><F107/><W77/><G108/><T73/><D124/><U88/><E133/><V25/><F69/><W38/><G131/><T130/><D130/><U68/><E101/><V18/><F45/><W20/><G55/><T65/><D19/><U14/><E123/><V114/><F114/><W46/><G36/><T103/><D86/><U135/><E60/><V8/><REACH who="2" step="1"/><F92/><REACH who="2" ten="263,238,338,151" step="2"/><W64/><G64/><AGARI ba="2,1" hai="4,8,12,18,21,24,25,30,32,48,51,58,61,64" machi="64" ten="30,11600,0" yaku="1,1,2,1,7,1,52,1,53,0" doraHai="1" doraHaiUra="105" who="2" fromWho="3" sc="263,0,238,0,338,132,151,-122" /><INIT seed="6,3,0,5,3,54" ten="263,238,470,29" oya="2" hai0="128,18,125,103,29,35,67,48,58,55,16,105,34" hai1="75,43,95,32,92,88,115,4,102,1,93,119,86" hai2="120,107,72,13,63,6,42,85,77,33,122,133,56" hai3="31,112,36,37,15,3,64,135,59,60,23,61,116"/><V14/><F107/><W8/><G116/><T26/><D128/><U53/><E32/><V5/><F72/><W99/><G135/><T39/><D39/><U108/><E108/><V114/><F33/><W130/><G130/><T0/><D0/><U45/><E119/><V78/><F133/><W101/><G112/><T20/><D125/><U124/><E124/><V9/><F114/><W123/><G123/><T68/><D34/><U51/><E75/><V52/><F42/><W7/><G3/><T46/><D20/><U10/><E115/><V17/><F122/><W40/><G40/><T127/><D46/><U66/><E66/><V126/><F126/><W69/><G69/><T100/><D100/><U110/><E110/><V12/><F120/><W89/><G89/><T50/><D50/><U90/><E102/><V19/><F13/><W38/><G61/><N who="0" m="40047" /><D127/><U21/><E21/><V65/><F65/><W131/><G131/><T84/><D84/><U97/><E43/><V111/><F111/><W27/><REACH who="3" step="1"/><G36/><REACH who="3" ten="263,238,470,19" step="2"/><T11/><D11/><U76/><E76/><N who="2" m="29291" /><F85/><W57/><G57/><T25/><D25/><U113/><E113/><V79/><F79/><W87/><G87/><T80/><D80/><AGARI ba="3,1" hai="1,4,10,45,51,53,80,86,88,90,92,93,95,97" machi="80" ten="30,2000,0" yaku="7,1,54,1" doraHai="54" who="1" fromWho="0" sc="263,-29,238,39,470,0,19,0" /><INIT seed="7,0,0,3,5,9" ten="234,277,470,19" oya="3" hai0="130,35,124,32,105,10,106,129,134,42,71,34,49" hai1="88,55,104,115,110,107,50,75,28,43,17,12,26" hai2="109,98,24,70,58,21,126,90,120,86,133,92,5" hai3="80,37,66,63,113,112,114,64,97,57,123,79,85"/><W1/><G1/><T61/><D124/><U94/><E110/><V39/><F70/><W67/><G123/><T65/><D134/><U40/><E75/><V20/><F39/><W135/><G135/><T22/><D22/><N who="1" m="15447" /><E107/><V41/><F41/><W102/><REACH who="3" step="1"/><G37/><REACH who="3" ten="234,277,470,9" step="2"/><T119/><D119/><U111/><E111/><V103/><F109/><W77/><G77/><T15/><D130/><U60/><E115/><V36/><F120/><W54/><G54/><T23/><D129/><U76/><E55/><V56/><F36/><W33/><G33/><T101/><D32/><U46/><E76/><V51/><F133/><W127/><G127/><T74/><D34/><U122/><E122/><V13/><F126/><W118/><G118/><T117/><D35/><U128/><E128/><V96/><F103/><W44/><G44/><T93/><D101/><U16/><E46/><V45/><F45/><W69/><G69/><T87/><D71/><U59/><E59/><V89/><F56/><W8/><G8/><T78/><D10/><U83/><E40/><V132/><F132/><W108/><G108/><T73/><D42/><U18/><E43/><V99/><F58/><W52/><G52/><T68/><D78/><U82/><E12/><V131/><F13/><W95/><AGARI ba="0,1" hai="57,63,64,66,67,79,80,85,95,97,102,112,113,114" machi="95" ten="30,6000,0" yaku="1,1,0,1,15,1,53,0" doraHai="9" doraHaiUra="27" who="3" fromWho="3" sc="234,-20,277,-20,470,-20,9,70" /><INIT seed="7,1,0,3,1,86" ten="214,257,450,79" oya="3" hai0="126,61,55,124,92,23,20,44,17,123,39,108,114" hai1="50,119,83,88,57,91,11,116,75,90,9,96,62" hai2="15,6,48,109,113,76,128,104,89,65,131,80,85" hai3="111,16,56,58,25,59,45,34,26,103,122,120,41"/><W78/><G111/><T63/><D108/><U117/><E50/><V107/><F109/><W95/><G78/><T94/><D123/><U0/><E96/><V97/><F113/><W77/><G77/><T68/><D114/><U8/><E75/><V129/><F65/><W36/><G26/><T37/><D17/><U46/><E46/><V121/><F121/><W67/><G67/><T18/><D18/><U51/><E51/><V98/><F48/><W14/><G103/><T4/><D4/><N who="1" m="1031" /><E83/><N who="2" m="49343" /><F15/><W13/><G95/><T32/><D32/><U29/><E29/><V72/><F6/><W43/><G43/><T84/><D84/><U118/><N who="1" m="29696" /><DORA hai="99" /><U35/><E35/><V33/><F33/><W27/><G13/><T30/><D30/><U12/><E12/><V87/><F72/><W79/><G79/><T115/><D115/><U127/><E127/><V110/><F110/><W49/><G49/><T10/><D10/><U3/><E3/><V112/><F112/><W22/><REACH who="3" step="1"/><G25/><REACH who="3" ten="214,257,450,69" step="2"/><T93/><D94/><U31/><E31/><AGARI ba="1,1" hai="14,16,22,27,31,34,36,41,45,56,58,59,120,122" machi="31" ten="40,12000,1" yaku="1,1,2,1,54,1,53,1" doraHai="86,99" doraHaiUra="24,135" who="3" fromWho="1" sc="214,0,257,-123,450,0,69,133" /><INIT seed="7,2,0,1,4,24" ten="214,134,450,202" oya="3" hai0="33,135,59,52,20,101,94,31,12,116,10,69,53" hai1="14,105,55,70,35,88,77,126,107,104,87,43,100" hai2="26,18,92,85,84,131,68,49,121,78,39,40,21" hai3="8,127,51,5,29,111,133,42,27,97,108,67,96"/><W109/><G133/><T0/><D69/><U76/><E70/><V73/><F39/><W17/><G127/><T47/><D33/><U120/><E126/><V62/><F73/><W61/><G17/><T91/><D0/><U41/><E120/><V36/><F36/><W86/><G86/><T7/><D135/><U103/><E35/><V90/><F121/><W6/><G51/><N who="0" m="28799" /><D116/><U4/><E55/><V57/><F68/><N who="3" m="42095" /><G42/><T83/><D31/><U58/><E58/><V113/><F113/><W71/><G71/><T123/><D20/><U16/><E4/><N who="3" m="1642" /><G8/><T98/><D123/><U63/><E63/><V56/><F131/><W30/><G27/><T37/><D37/><U64/><E64/><N who="2" m="38983" /><F78/><W23/><G23/><T19/><D83/><U44/><E76/><V79/><F79/><W82/><G82/><T134/><D134/><U13/><E77/><V2/><F2/><W114/><G114/><T66/><D66/><U1/><E1/><V130/><F130/><W102/><G97/><T117/><D117/><U25/><E25/><V11/><F11/><W89/><G89/><T50/><D7/><U93/><E43/><V38/><F38/><W74/><G74/><T128/><D128/><U45/><E13/><V3/><F3/><W115/><G115/><T112/><D112/><U124/><E124/><V95/><F57/><W32/><G32/><T81/><D81/><U129/><E129/><V46/><F92/><AGARI ba="2,0" hai="29,30,92,96,102,108,109,111" m="1642,42095" machi="92" ten="30,5800,0" yaku="10,1,52,2" doraHai="24" who="3" fromWho="2" sc="214,0,134,0,450,-64,202,64" /><INIT seed="7,3,0,2,3,131" ten="214,134,386,266" oya="3" hai0="52,129,10,115,79,64,24,5,29,126,122,54,40" hai1="19,83,85,89,73,125,58,127,81,46,0,38,9" hai2="23,48,59,104,119,113,107,1,39,61,94,17,44" hai3="66,111,106,34,71,53,99,114,87,67,101,88,20"/><W75/><G34/><T69/><D122/><U56/><E19/><V45/><F119/><W33/><G33/><T123/><D123/><U28/><E28/><V116/><F116/><W15/><G114/><T130/><D40/><U31/><E31/><V112/><F1/><W97/><G111/><T50/><D126/><U12/><E12/><V109/><F39/><W78/><G99/><T120/><D79/><U132/><E132/><V93/><F44/><W51/><G71/><T21/><D120/><U60/><E60/><V102/><F109/><W8/><G20/><T49/><D115/><N who="2" m="44106" /><F93/><W95/><G51/><T84/><D84/><U42/><E127/><V82/><F82/><N who="3" m="45407" /><G53/><T37/><D37/><U16/><E125/><V90/><F102/><W96/><G96/><T7/><D64/><U32/><E32/><V72/><F72/><W100/><G100/><T11/><D69/><U108/><E108/><V68/><F68/><W91/><G91/><T86/><D86/><U57/><E16/><AGARI ba="3,0" hai="8,15,16,66,67,87,88,95,97,101,106" m="45407" machi="16" ten="30,5800,0" yaku="24,1,54,2" doraHai="131" who="3" fromWho="1" sc="214,0,134,-67,386,0,266,67" /><INIT seed="7,4,0,2,3,111" ten="214,67,386,333" oya="3" hai0="104,96,127,57,36,4,134,100,133,21,88,66,27" hai1="25,58,116,124,29,62,22,64,30,126,128,131,122" hai2="59,107,16,119,72,32,77,98,0,14,41,78,12" hai3="118,90,20,87,86,85,53,129,106,125,76,110,23"/><W1/><G1/><T9/><D36/><U71/><E122/><V42/><F0/><W8/><G8/><T13/><D127/><U117/><E71/><V121/><F119/><N who="1" m="45641" /><E58/><V92/><F107/><W43/><G118/><T10/><D10/><U15/><E64/><V130/><F32/><W55/><G125/><N who="1" m="48234" /><E62/><V7/><F121/><W49/><G106/><T95/><D57/><U39/><E39/><V56/><F72/><W67/><G129/><N who="1" m="49738" /><E15/><V101/><F130/><W94/><G67/><T52/><D66/><U61/><E61/><V51/><F7/><W70/><G70/><T109/><D4/><U54/><E54/><N who="2" m="31839" /><F59/><W48/><G43/><N who="2" m="16393" /><F12/><W24/><G53/><T26/><D52/><U112/><E30/><V40/><F40/><W75/><G48/><T50/><D50/><U6/><E6/><V63/><F63/><W79/><G49/><T114/><D13/><U37/><E37/><V91/><F101/><W65/><G65/><T132/><D132/><U80/><E80/><V60/><F60/><W93/><G55/><T105/><D134/><U120/><E120/><V135/><F135/><W84/><G24/><T35/><D26/><U44/><E44/><V69/><F69/><W34/><G34/><T108/><D27/><U17/><E29/><V103/><F103/><W73/><G20/><AGARI ba="4,0" hai="14,16,20,77,78,91,92,98" m="16393,31839" machi="20" ten="30,2000,0" yaku="8,1,54,1" doraHai="111" who="2" fromWho="3" sc="214,0,67,0,386,32,333,-32" owari="214,-18.6,67,-43.3,418,51.8,301,10.1" /></mjloggm>