<mjloggm ver="2.3"><GO type="169" lobby="0"/><UN n0="%E3%83%9B%E3%83%B3%E3%82%A4%E3%83%84%E8%B5%A4%EF%BC%93" n1="%E6%B8%85%E9%A2%A8%E5%8C%97" n2="%53%68%69%72%6C%65%79" n3="%E3%82%BC%E3%83%B3%E3%83%84%E3%83%9E%E3%82%B7%E3%83%BC%E3%83%B3" dan="16,16,16,16" rate="2098.19,2182.09,2095.40,2154.08" sx="M,F,M,M"/><TAIKYOKU oya="0"/><INIT seed="0,0,0,5,0,84" ten="250,250,250,250" oya="0" hai0="93,12,130,99,128,61,51,70,52,32,107,10,60" hai1="56,112,97,7,129,62,120,36,37,81,127,44,34" hai2="8,5,40,23,104,118,4,26,66,3,108,9,67" hai3="47,31,43,2,90,133,101,64,45,124,103,78,11"/><T94/><D32/><U117/><E120/><V106/><F108/><W105/><G124/><T86/><D86/><U121/><E117/><V55/><F40/><W91/><G133/><T123/><D123/><U126/><E121/><V42/><F42/><W57/><G78/><T24/><D107/><U125/><E34/><V20/><F55/><W122/><G122/><T38/><D24/><U54/><E129/><N who="0" m="49769" /><D38/><U27/><E27/><V71/><F71/><W33/><G31/><T17/><D70/><U46/><E97/><V92/><F118/><W13/><G2/><T83/><D83/><U15/><E81/><V76/><F76/><W0/><G0/><T132/><D132/><U41/><E15/><V39/><F39/><N who="1" m="14921" /><E7/><V16/><F23/><W102/><G105/><T114/><D114/><U19/><E19/><V95/><F106/><W18/><G33/><T48/><D94/><U79/><E79/><V21/><F21/><W72/><G72/><T100/><D51/><N who="1" m="27023" /><E46/><AGARI ba="0,0" hai="10,12,17,46,48,52,60,61,93,99,100" m="49769" machi="46" ten="30,2900,0" yaku="19,1,54,1" doraHai="84" who="0" fromWho="1" sc="250,29,250,-29,250,0,250,0" /><INIT seed="0,1,0,2,1,15" ten="279,221,250,250" oya="0" hai0="74,43,61,89,78,23,126,102,36,67,37,49,77" hai1="119,25,34,72,128,39,19,63,62,18,98,45,106" hai2="12,56,41,70,59,68,30,135,58,107,124,40,132" hai3="86,53,54,130,94,110,4,80,5,111,42,83,112"/><T47/><D126/><U46/><E119/><V116/><F107/><W20/><G112/><T81/><D102/><U131/><E72/><V64/><F30/><W11/><G130/><N who="1" m="49706" /><E34/><V90/><F90/><W29/><G42/><N who="2" m="16489" /><F12/><W123/><G123/><T82/><D89/><U134/><E39/><V121/><F121/><W28/><G94/><T32/><D23/><U93/><E106/><V52/><F124/><W129/><G129/><T35/><D49/><U22/><E134/><N who="2" m="51243" /><F116/><W24/><G29/><T115/><D37/><U117/><E117/><V3/><F3/><W9/><G9/><T97/><D97/><U125/><E125/><V14/><F14/><N who="3" m="5479" /><G5/><T127/><D127/><U6/><E6/><V55/><F64/><W95/><G95/><T38/><D38/><U21/><E93/><V16/><F16/><N who="1" m="6185" /><E98/><V2/><F2/><W100/><G83/><T57/><D115/><U92/><E92/><V44/><F44/><N who="1" m="17001" /><E22/><V88/><F88/><N who="3" m="51271" /><G100/><T114/><D114/><U26/><E21/><V71/><AGARI ba="1,0" hai="52,55,56,58,59,68,70,71" m="51243,16489" machi="71" ten="40,12000,2" yaku="28,2,20,1,34,2,54,1" doraHai="15" who="2" fromWho="2" sc="279,-61,221,-31,250,123,250,-31" /><INIT seed="1,0,0,0,3,98" ten="218,190,373,219" oya="1" hai0="14,67,130,88,55,68,34,134,69,78,37,20,22" hai1="3,11,76,101,133,8,123,116,10,9,19,104,119" hai2="44,5,115,82,90,80,51,105,7,63,24,87,27" hai3="96,86,1,2,29,71,12,45,75,53,39,93,60"/><U66/><E123/><V31/><F115/><W117/><G75/><T129/><D34/><U107/><E133/><V42/><F105/><W33/><G117/><T106/><D37/><U43/><E76/><V41/><F41/><W6/><G86/><T122/><D78/><U48/><E66/><V26/><F31/><W121/><G121/><T112/><D122/><U35/><E35/><V108/><F108/><W64/><G29/><T49/><D106/><U124/><E124/><V62/><F82/><W92/><G33/><T17/><D134/><U59/><E107/><V97/><F97/><W79/><G79/><T54/><D112/><U118/><E104/><V73/><F73/><W56/><G12/><T81/><D67/><U18/><E101/><V114/><F114/><W28/><G28/><T61/><D61/><AGARI ba="0,0" hai="5,7,24,26,27,42,44,51,61,62,63,80,87,90" machi="61" ten="40,1300,0" yaku="8,1" doraHai="98" who="2" fromWho="0" sc="218,-13,190,0,373,13,219,0" /><INIT seed="2,0,0,4,3,107" ten="205,190,386,219" oya="2" hai0="101,67,85,9,124,60,24,27,5,62,82,42,106" hai1="11,72,78,131,38,123,119,121,34,76,55,8,127" hai2="2,96,90,35,73,28,30,116,16,81,103,99,29" hai3="1,12,117,113,65,126,118,104,57,111,112,108,48"/><V135/><F116/><N who="3" m="44651" /><G1/><T87/><D124/><U20/><E127/><V47/><F2/><W74/><G104/><T77/><D42/><U110/><E34/><V63/><F135/><W31/><G31/><T14/><D106/><U61/><E110/><N who="3" m="42026" /><G126/><T56/><D101/><U13/><E131/><V40/><F103/><W71/><G12/><T17/><D87/><U19/><E38/><V114/><F114/><N who="3" m="44139" /><G74/><T18/><D62/><U32/><E119/><V79/><F90/><W125/><G125/><T105/><D105/><U68/><E72/><V93/><F63/><N who="3" m="38127" /><G48/><T50/><D50/><U21/><E32/><V132/><F93/><W52/><G52/><T58/><D58/><U45/><E68/><AGARI ba="0,0" hai="68,71" m="38127,44139,42026,44651" machi="68" ten="40,8000,1" yaku="14,1,11,1,34,2" doraHai="107" who="3" fromWho="1" sc="205,0,190,-80,386,0,219,80" /><INIT seed="3,0,0,2,1,92" ten="205,110,386,299" oya="3" hai0="5,102,57,50,51,74,91,9,124,118,82,29,2" hai1="15,100,8,62,34,115,125,48,80,87,43,61,111" hai2="32,99,75,101,52,132,85,39,6,84,121,127,58" hai3="70,13,19,10,76,0,81,77,40,112,65,78,53"/><W71/><G112/><T97/><D118/><U109/><E115/><V95/><F132/><W107/><G107/><T47/><D124/><U110/><E34/><V108/><F108/><W1/><G40/><T12/><D29/><U122/><E122/><V31/><F127/><W79/><G53/><T123/><D123/><U83/><E125/><V120/><F75/><W21/><G65/><T86/><D74/><U45/><E100/><V129/><F39/><W55/><G55/><T7/><D57/><U113/><E83/><V73/><F73/><W114/><G114/><T117/><D117/><U89/><REACH who="1" step="1"/><E113/><REACH who="1" ten="205,100,386,299" step="2"/><V104/><F32/><W96/><G81/><T17/><D2/><U68/><E68/><V133/><F101/><W46/><G71/><T93/><REACH who="0" step="1"/><D51/><REACH who="0" ten="195,100,386,299" step="2"/><U105/><E105/><V119/><F104/><W126/><G0/><T24/><D24/><U16/><AGARI ba="0,2" hai="8,15,16,43,45,48,61,62,80,87,89,109,110,111" machi="16" ten="30,7900,0" yaku="1,1,0,1,14,1,54,1,53,0" doraHai="92" doraHaiUra="3" who="1" fromWho="1" sc="195,-20,100,99,386,-20,299,-39" /><INIT seed="4,0,0,1,0,82" ten="175,199,366,260" oya="0" hai0="127,68,122,56,51,60,71,57,64,101,69,34,113" hai1="116,53,108,31,11,66,61,50,38,36,9,111,23" hai2="99,14,17,22,32,93,35,63,29,54,91,45,70" hai3="13,62,28,97,80,42,58,117,2,103,37,44,67"/><T0/><D34/><U124/><E116/><V41/><F29/><W118/><G2/><T4/><D101/><U126/><E11/><V79/><F79/><W5/><G28/><T47/><D4/><U92/><E9/><V89/><F89/><W107/><G80/><T119/><D0/><U131/><E23/><V75/><F75/><W10/><AGARI ba="0,0" hai="5,10,13,37,42,44,58,62,67,97,103,107,117,118" machi="10" ten="30,1100,0" yaku="0,1" doraHai="82" who="3" fromWho="3" sc="175,-5,199,-3,366,-3,260,11" /><INIT seed="5,0,0,2,5,26" ten="170,196,363,271" oya="1" hai0="40,45,80,42,2,93,110,7,94,120,128,44,73" hai1="52,101,25,87,132,31,55,85,53,74,17,38,115" hai2="70,3,130,105,35,69,61,36,121,86,27,129,118" hai3="43,11,13,77,6,22,84,119,65,9,5,32,107"/><U50/><E74/><V122/><F118/><W95/><G107/><T64/><D110/><U81/><E38/><V63/><F3/><W10/><G32/><T68/><D120/><U102/><E115/><V72/><F72/><W71/><G119/><T125/><D125/><U41/><E132/><V123/><F105/><W116/><G116/><T58/><D128/><N who="2" m="49258" /><F36/><W124/><G124/><T8/><D68/><N who="2" m="26218" /><F86/><N who="1" m="32777" /><E17/><V82/><F82/><W62/><G43/><T0/><D64/><U20/><E81/><V39/><F39/><W104/><G104/><T34/><D34/><U88/><E88/><V108/><F108/><W133/><G133/><T113/><D80/><U57/><E57/><V59/><F59/><W14/><G77/><T21/><D58/><U111/><E111/><V60/><F35/><W91/><REACH who="3" step="1"/><G22/><REACH who="3" ten="170,196,363,261" step="2"/><T19/><D21/><U33/><E33/><V103/><F122/><W92/><G92/><T18/><D113/><U75/><E75/><V51/><F121/><W134/><G134/><T83/><D73/><U54/><N who="1" m="13312" /><DORA hai="48" /><U96/><E96/><V127/><F123/><W89/><G89/><T117/><D83/><U24/><E24/><V97/><F27/><W76/><G76/><T4/><D117/><U99/><E99/><V109/><F109/><W49/><G49/><T56/><D56/><U100/><E100/><V28/><F51/><W12/><AGARI ba="0,1" hai="5,6,9,10,11,12,13,14,62,65,71,84,91,95" machi="12" ten="30,2000,0" yaku="1,1,0,1,53,0" doraHai="26,48" doraHaiUra="112,114" who="3" fromWho="3" sc="170,-5,196,-10,363,-5,261,30" /><INIT seed="6,0,0,5,3,125" ten="165,186,358,291" oya="2" hai0="52,12,133,67,39,47,63,36,109,98,35,104,49" hai1="13,60,103,83,72,1,94,101,85,134,87,7,11" hai2="96,53,74,91,45,127,27,32,69,86,66,80,124" hai3="71,119,23,6,9,58,115,56,17,19,40,50,16"/><V93/><F69/><W126/><G71/><T132/><D104/><U84/><E134/><N who="0" m="51817" /><D35/><U78/><E1/><V113/><F66/><W88/><G119/><T122/><D98/><U43/><E43/><V95/><F113/><W129/><G126/><N who="2" m="48169" /><F45/><W97/><G115/><T108/><D12/><U18/><E7/><V105/><F53/><W82/><G129/><T34/><D34/><U89/><REACH who="1" step="1"/><E60/><REACH who="1" ten="165,176,358,291" step="2"/><V33/><F33/><W61/><G40/><T77/><D122/><U2/><E2/><V100/><F32/><W57/><G61/><T20/><D20/><U75/><E75/><V14/><F74/><W54/><G23/><T111/><D77/><U123/><E123/><V4/><F4/><W46/><G6/><T130/><D130/><U81/><E81/><V29/><F80/><W120/><G120/><T10/><D10/><U37/><E37/><V28/><F28/><W92/><REACH who="3" step="1"/><G82/><REACH who="3" ten="165,176,358,281" step="2"/><T8/><D8/><AGARI ba="0,2" hai="8,9,16,17,19,46,50,54,56,57,58,88,92,97" machi="8" ten="40,8000,1" yaku="1,1,2,1,8,1,54,2,53,0" doraHai="125" doraHaiUra="76" who="3" fromWho="0" sc="165,-80,176,0,358,0,281,100" /><INIT seed="7,0,0,4,4,95" ten="85,176,358,381" oya="3" hai0="98,31,129,33,87,56,71,90,20,92,23,12,123" hai1="133,48,30,5,73,3,59,91,84,4,29,108,126" hai2="17,15,42,51,64,116,38,65,79,6,103,104,122" hai3="113,97,52,61,68,124,82,22,49,43,106,94,57"/><W118/><G118/><T85/><D123/><U115/><E115/><V119/><F122/><W45/><G113/><T1/><D1/><U41/><E126/><V88/><F38/><W40/><G106/><T74/><D74/><U60/><E133/><V100/><F79/><W14/><G68/><T121/><D121/><U72/><E72/><V76/><F76/><W86/><G124/><T34/><D71/><U24/><E108/><V77/><F77/><N who="3" m="46415" /><G22/><T18/><D129/><U50/><E3/><V67/><F6/><N who="1" m="2665" /><E24/><V2/><F2/><W44/><G14/><T107/><D107/><U55/><E73/><V112/><F112/><W11/><G11/><T130/><D130/><U128/><E128/><V78/><F78/><W9/><G9/><T134/><D134/><U102/><E102/><V109/><F109/><W39/><G39/><T36/><D36/><U99/><E99/><V96/><F103/><N who="3" m="60855" /><G44/><T25/><REACH who="0" step="1"/><D56/><REACH who="0" ten="75,176,358,381" step="2"/><U16/><E59/><V7/><F104/><W70/><G70/><T66/><D66/><AGARI ba="0,1" hai="40,43,45,49,52,57,61,66" m="60855,46415" machi="66" ten="30,5800,0" yaku="8,1,52,1,54,1" doraHai="95" who="3" fromWho="0" sc="75,-58,176,0,358,0,381,68" owari="17,-48.3,176,-22.4,358,15.8,449,54.9" /></mjloggm>