<mjloggm ver="2.3"><GO type="169" lobby="0"/><UN n0="%4A%4B%E3%81%97%E3%82%8D%E3%81%BE%E3%82%8B" n1="%E5%9C%A7%E5%80%92%E7%9A%84%E3%83%9D%E3%83%B3" n2="%E7%B4%94%E6%BD%94%E3%83%94%E3%83%A9%E3%83%8B%E3%82%A2" n3="%E7%9C%9F%E9%BE%8D%E5%85%84%E8%B2%B4" dan="16,17,16,16" rate="2130.99,2186.22,2206.80,2053.72" sx="F,M,M,M"/><TAIKYOKU oya="0"/><INIT seed="0,0,0,0,5,118" ten="250,250,250,250" oya="0" hai0="43,14,113,132,20,5,50,26,60,59,61,47,129" hai1="110,71,88,51,117,40,133,44,18,91,45,93,97" hai2="37,116,46,23,100,49,111,48,54,108,102,90,120" hai3="84,99,98,31,66,134,89,124,27,127,19,125,11"/><T21/><D113/><U10/><E117/><V36/><F116/><W62/><G134/><T57/><D129/><U128/><E128/><V107/><F90/><W106/><G11/><T75/><D75/><U25/><E71/><V38/><F107/><W56/><G19/><T58/><D132/><U76/><E76/><V82/><F82/><W28/><G106/><T39/><D39/><U42/><E110/><N who="2" m="42027" /><F120/><W101/><G101/><N who="2" m="39017" /><F48/><W33/><REACH who="3" step="1"/><G31/><REACH who="3" ten="250,250,250,240" step="2"/><N who="0" m="17863" /><D5/><U94/><E133/><V9/><F9/><W63/><G63/><T92/><D92/><AGARI ba="0,1" hai="27,28,33,56,62,66,84,89,92,98,99,124,125,127" machi="92" ten="40,2600,0" yaku="1,1,18,1,53,0" doraHai="118" doraHaiUra="2" who="3" fromWho="0" sc="250,-26,250,0,250,0,240,36" /><INIT seed="1,0,0,1,4,113" ten="224,250,250,276" oya="1" hai0="94,30,118,115,52,15,2,99,16,132,57,68,23" hai1="117,70,13,103,95,49,22,31,3,104,90,47,35" hai2="80,107,50,26,32,131,66,85,100,29,55,42,81" hai3="56,92,124,74,134,82,59,39,43,36,63,53,105"/><U125/><E70/><V6/><F131/><W112/><G105/><T7/><D68/><U69/><E69/><V0/><F66/><W46/><G112/><T133/><D115/><U58/><E3/><V135/><F135/><N who="0" m="51786" /><D30/><U33/><E125/><V34/><F42/><W27/><G134/><T108/><D108/><U21/><E58/><V54/><F81/><W121/><G124/><T62/><D2/><U40/><E103/><V24/><F24/><W87/><G74/><T128/><D7/><U71/><E71/><V12/><F34/><W110/><G110/><T91/><D118/><U60/><E60/><V10/><F50/><W96/><G27/><T106/><D106/><U25/><E104/><V89/><F100/><W17/><G17/><T116/><D116/><U83/><E83/><V38/><F38/><W65/><G39/><T41/><D41/><U122/><E117/><V45/><F45/><W64/><G59/><T73/><D73/><U44/><E44/><V4/><F107/><W11/><G11/><T18/><D18/><U72/><E72/><V9/><AGARI ba="0,0" hai="0,4,6,9,10,12,26,29,32,54,55,80,85,89" machi="9" ten="30,1100,0" yaku="0,1" doraHai="113" who="2" fromWho="2" sc="224,-3,250,-5,250,11,276,-3" /><INIT seed="2,0,0,5,4,90" ten="221,245,261,273" oya="2" hai0="13,129,111,69,121,106,6,125,11,93,42,116,127" hai1="74,110,70,112,0,16,7,17,78,23,9,54,58" hai2="25,34,59,18,3,51,103,41,49,126,108,65,135" hai3="123,85,118,75,122,53,77,66,95,29,39,52,38"/><V27/><F126/><W68/><G118/><T71/><D106/><U5/><E110/><V117/><F117/><W97/><G75/><T73/><D116/><U131/><E131/><V98/><F3/><W67/><G29/><T24/><D73/><U130/><E130/><V20/><F135/><W4/><G4/><T114/><D114/><U100/><E70/><V109/><F41/><W92/><G85/><T133/><D129/><U113/><E7/><V102/><F102/><W31/><G31/><T48/><D121/><U26/><E100/><V60/><F27/><W12/><G12/><T55/><D42/><U37/><E37/><V47/><F47/><W32/><G97/><T21/><D111/><N who="2" m="42570" /><F34/><W19/><G32/><T87/><D133/><U104/><E104/><AGARI ba="0,0" hai="18,20,25,49,51,59,60,65,98,103,104" m="42570" machi="104" ten="30,2900,0" yaku="14,1,10,1" doraHai="90" who="2" fromWho="1" sc="221,0,245,-29,261,29,273,0" /><INIT seed="2,1,0,4,0,59" ten="221,216,290,273" oya="2" hai0="47,96,11,124,83,53,78,128,134,129,107,97,46" hai1="56,40,48,101,85,28,99,116,70,0,37,88,33" hai2="98,26,50,57,115,25,30,68,45,1,60,18,89" hai3="34,51,127,110,87,73,61,65,41,117,108,3,76"/><V2/><F68/><W75/><G117/><T24/><D124/><U80/><E70/><V133/><F115/><W52/><G3/><T94/><D134/><U8/><E116/><V81/><F133/><W121/><G34/><T23/><D11/><U67/><E37/><V31/><F2/><W125/><G87/><T92/><D107/><U122/><E122/><V39/><F39/><W91/><G91/><T120/><D120/><U49/><E40/><V118/><F1/><W130/><G41/><T111/><D111/><N who="3" m="42537" /><G121/><T55/><D83/><U131/><E131/><V36/><F36/><W132/><G132/><T16/><D78/><U43/><E43/><N who="2" m="24895" /><F81/><N who="3" m="45199" /><G75/><T105/><D128/><U10/><E28/><N who="2" m="10795" /><F18/><W62/><G130/><T102/><D129/><U21/><E33/><V14/><F14/><W119/><G119/><T12/><D12/><U22/><E0/><V15/><F15/><W20/><G20/><N who="1" m="7786" /><E10/><V95/><F118/><W44/><G65/><AGARI ba="1,0" hai="25,26,57,60,65,89,95,98" m="10795,24895" machi="65" ten="30,2900,0" yaku="8,1,52,1" doraHai="59" who="2" fromWho="3" sc="221,0,216,0,290,32,273,-32" /><INIT seed="2,2,0,0,3,111" ten="221,216,322,241" oya="2" hai0="89,109,107,15,22,11,102,106,18,124,47,113,61" hai1="23,45,132,76,85,133,54,71,121,87,108,57,119" hai2="34,42,8,112,122,75,44,105,86,70,3,130,58" hai3="97,131,38,37,43,95,17,90,115,74,63,59,117"/><V48/><F75/><W39/><G117/><T83/><D109/><U46/><E119/><V52/><F122/><W5/><G74/><T94/><D124/><U25/><E108/><V1/><F34/><W91/><G131/><T26/><D102/><U27/><E71/><V12/><F105/><W125/><G125/><T19/><D83/><N who="1" m="47335" /><E87/><V9/><F70/><W120/><G120/><T2/><D2/><U126/><E121/><V51/><F112/><W99/><G5/><T4/><D113/><U69/><E69/><V72/><F72/><W50/><G115/><T116/><D116/><U29/><E27/><V114/><F114/><W40/><G50/><T92/><D92/><U62/><E126/><V100/><F100/><W135/><G135/><AGARI ba="2,0" hai="23,25,29,45,46,54,57,62,132,133,135" m="47335" machi="135" ten="30,1000,0" yaku="20,1" doraHai="111" who="1" fromWho="3" sc="221,0,216,16,322,0,241,-16" /><INIT seed="3,0,0,2,4,76" ten="221,232,322,225" oya="3" hai0="123,27,132,59,129,110,117,46,49,83,26,16,100" hai1="88,119,94,32,57,20,73,80,113,89,33,64,72" hai2="109,79,48,9,131,98,71,25,82,115,97,108,6" hai3="121,22,77,47,45,29,38,68,15,28,35,54,104"/><W31/><G121/><T56/><D117/><U52/><E64/><V3/><F71/><W78/><G104/><T67/><D123/><U0/><E0/><V11/><F115/><W122/><G122/><T7/><D7/><U39/><E39/><V114/><F114/><W118/><G118/><T24/><D110/><N who="2" m="42602" /><F131/><W99/><G68/><T125/><D125/><U81/><E113/><V84/><F11/><W130/><G130/><T18/><D132/><U30/><E119/><V63/><F63/><W44/><G35/><T112/><D129/><U134/><E134/><V10/><F10/><W43/><G99/><N who="2" m="37897" /><F48/><W14/><G38/><T91/><D100/><U70/><E70/><V86/><F25/><W85/><G43/><T107/><D107/><U36/><E36/><V65/><F65/><W41/><G41/><T8/><D8/><U13/><E94/><V92/><F92/><W53/><G22/><T66/><D66/><U60/><E33/><V120/><F120/><W51/><G51/><T42/><D112/><U103/><E103/><V4/><F4/><W34/><G34/><T93/><D93/><U124/><E32/><V101/><F101/><W105/><G105/><T74/><D67/><U50/><E60/><V127/><F127/><W111/><G111/><T5/><D5/><U12/><E124/><V133/><F133/><W61/><G61/><T1/><D49/><U116/><E116/><V128/><F128/><W19/><G15/><T23/><D42/><U87/><E13/><V17/><F17/><N who="0" m="6762" /><D23/><U75/><E20/><V135/><F135/><W58/><G19/><RYUUKYOKU ba="0,0" sc="221,-10,232,-10,322,30,225,-10" hai2="3,6,9,79,82,84,86" /><INIT seed="4,1,0,4,2,63" ten="211,222,352,215" oya="0" hai0="72,35,55,120,86,103,112,44,46,62,45,90,101" hai1="28,49,123,71,31,129,2,19,6,42,0,109,60" hai2="23,117,22,80,15,18,38,87,97,110,82,21,29" hai3="52,134,115,116,108,104,7,34,74,118,83,53,12"/><T26/><D72/><U96/><E123/><V89/><F110/><W81/><G108/><T125/><D120/><U8/><E109/><V107/><F38/><W25/><G104/><T10/><D112/><U37/><E2/><V17/><F117/><W66/><G115/><T121/><D121/><U67/><E129/><V132/><F132/><W57/><G134/><T122/><D125/><U79/><E19/><V32/><F32/><W88/><G25/><T40/><D40/><U39/><E39/><V106/><F97/><W36/><G34/><T9/><D122/><U77/><E96/><V92/><F106/><W16/><G36/><T59/><D35/><U58/><E79/><V65/><F65/><W84/><G7/><T128/><D26/><U111/><E77/><V78/><F107/><W4/><G4/><T114/><D128/><U69/><E69/><V33/><F33/><W47/><G74/><T105/><D114/><U113/><E113/><V27/><F78/><W94/><G116/><T68/><D68/><U70/><E70/><V127/><F127/><W75/><G118/><T99/><REACH who="0" step="1"/><D103/><REACH who="0" ten="201,222,352,215" step="2"/><U64/><E111/><V124/><F124/><W135/><G75/><T1/><D1/><U119/><E119/><V24/><AGARI ba="1,1" hai="15,17,18,21,22,23,24,27,29,80,82,87,89,92" machi="24" ten="20,2700,0" yaku="0,1,7,1,8,1" doraHai="63" who="2" fromWho="2" sc="201,-14,222,-8,352,40,215,-8" /><INIT seed="5,0,0,0,5,104" ten="187,214,392,207" oya="1" hai0="53,16,90,84,60,79,87,106,91,52,58,22,119" hai1="80,99,27,8,94,55,25,123,31,2,96,35,34" hai2="15,61,4,24,105,12,95,70,118,68,32,113,19" hai3="6,48,100,37,102,101,93,72,41,89,108,36,85"/><U110/><E123/><V56/><F105/><W20/><G108/><T76/><D106/><U97/><E110/><V103/><F118/><W132/><G132/><T5/><D5/><U54/><E94/><V39/><F39/><W62/><G6/><T0/><D0/><U1/><E80/><V7/><F113/><W69/><G20/><T63/><D119/><U122/><E122/><V18/><F24/><N who="1" m="9289" /><E8/><N who="2" m="6407" /><F68/><W98/><G72/><T134/><D134/><U67/><E67/><N who="2" m="39335" /><F70/><W13/><G13/><N who="0" m="9487" /><D63/><U131/><E31/><V51/><F51/><W29/><G29/><T114/><D114/><U46/><E46/><V112/><F32/><N who="1" m="12329" /><E131/><V23/><F112/><W43/><G37/><T49/><D87/><U66/><E66/><V133/><F133/><W127/><G36/><T40/><D40/><U115/><E115/><V77/><F77/><N who="0" m="29770" /><D84/><U124/><E124/><V129/><F129/><W120/><G127/><T81/><D81/><U45/><E45/><AGARI ba="0,0" hai="45,49,52,53,58,60,90,91" m="29770,9487" machi="45" ten="30,3900,0" yaku="8,1,54,2" doraHai="104" who="0" fromWho="1" sc="187,39,214,-39,392,0,207,0" /><INIT seed="6,0,0,4,5,121" ten="226,175,392,207" oya="2" hai0="48,87,66,78,80,34,49,54,50,56,35,89,4" hai1="102,79,29,58,43,114,37,67,123,46,83,82,10" hai2="101,97,27,39,12,52,81,9,42,59,132,16,94" hai3="96,128,133,106,60,122,1,0,92,15,30,8,70"/><V73/><F132/><W100/><G122/><T112/><D112/><U103/><E123/><V125/><F125/><W84/><G133/><T36/><D36/><U19/><E114/><V14/><F39/><W131/><G30/><T90/><D66/><U118/><E118/><V21/><F42/><W99/><G84/><T17/><D4/><U64/><E29/><V44/><F44/><W135/><G135/><T111/><D111/><U53/><E83/><V26/><F81/><W11/><G11/><T91/><REACH who="0" step="1"/><D17/><REACH who="0" ten="216,175,392,207" step="2"/><U62/><E67/><V129/><F129/><W28/><G128/><T119/><D119/><U65/><E65/><V95/><F73/><W105/><G131/><T74/><D74/><U32/><E32/><AGARI ba="0,1" hai="32,34,35,48,49,50,54,56,78,80,87,89,90,91" machi="32" ten="40,1300,0" yaku="1,1,53,0" doraHai="121" doraHaiUra="40" who="0" fromWho="1" sc="216,23,175,-13,392,0,207,0" /><INIT seed="7,0,0,3,0,135" ten="239,162,392,207" oya="3" hai0="25,57,122,30,82,28,0,29,61,113,59,130,108" hai1="86,1,127,27,105,43,51,68,69,85,67,114,107" hai2="60,90,74,19,118,117,21,89,124,41,66,13,98" hai3="52,115,10,22,47,62,87,42,49,17,76,40,112"/><W24/><G10/><T44/><D0/><U53/><E1/><V70/><F74/><W126/><G126/><T65/><D108/><U16/><E43/><V32/><F32/><W7/><G7/><T64/><D122/><U99/><E114/><N who="3" m="43562" /><G62/><T3/><D3/><U78/><E67/><V96/><F124/><W14/><G14/><T18/><D130/><U75/><E127/><V34/><F34/><W8/><G8/><T23/><D113/><U92/><E75/><V54/><F54/><W9/><G9/><T80/><D44/><U116/><E116/><V39/><F117/><W120/><G120/><T103/><D103/><U48/><E78/><V33/><F33/><W133/><G133/><T20/><D20/><U72/><E72/><V45/><F118/><W125/><G125/><T71/><D71/><U123/><E123/><V46/><F46/><W91/><G76/><T4/><D4/><U111/><E111/><V128/><F128/><W11/><G11/><T38/><D38/><U84/><E69/><V2/><F2/><W58/><G47/><T81/><D59/><U56/><E68/><V63/><F63/><W35/><G35/><T12/><D12/><U106/><E51/><V102/><F96/><W88/><G91/><T129/><D129/><U55/><E55/><AGARI ba="0,0" hai="18,23,25,28,29,30,55,57,61,64,65,80,81,82" machi="55" ten="40,1300,0" yaku="8,1" doraHai="135" who="0" fromWho="1" sc="239,13,162,-13,392,0,207,0" owari="252,5.2,149,-35.1,392,49.2,207,-19.3" /></mjloggm>