<mjloggm ver="2.3"><GO type="169" lobby="0"/><UN n0="%E3%81%8D%E3%81%B3%E3%81%A0%E3%82%93%E3%81%94%CE%B1" n1="%E6%B7%B3%E5%AD%90%E3%81%A7%E3%81%99" n2="%E3%80%8E%E3%83%A8%E3%82%B9%E3%82%AC%E3%83%8E%E3%82%BD%E3%83%A9%E3%80%8F" n3="%52%59%4F%40%53%53" dan="17,17,17,17" rate="2138.89,2168.02,2158.95,2143.78" sx="M,M,M,M"/><TAIKYOKU oya="0"/><INIT seed="0,0,0,4,0,30" ten="250,250,250,250" oya="0" hai0="29,109,113,0,105,7,47,36,56,112,52,40,32" hai1="89,84,27,106,2,81,98,117,120,6,124,92,100" hai2="37,51,121,119,67,115,10,125,45,46,93,44,103" hai3="55,5,104,4,42,33,66,41,77,54,24,9,3"/><T107/><D109/><U135/><E120/><V102/><F121/><W68/><G104/><T122/><D122/><U86/><E117/><V61/><F115/><W116/><G116/><T13/><D0/><U94/><E6/><V34/><F119/><W38/><G4/><T129/><D129/><U118/><E2/><V35/><F37/><W49/><G77/><T39/><D39/><U75/><E27/><V114/><F114/><W50/><G38/><T69/><D107/><U22/><E22/><V85/><F51/><W128/><G128/><T48/><D105/><U70/><E70/><V59/><F10/><W8/><G8/><T17/><D7/><U80/><E118/><V43/><F43/><W108/><G108/><T1/><D1/><U83/><E124/><V74/><F74/><W132/><G132/><T63/><D29/><U64/><E64/><V21/><F21/><W25/><G33/><T133/><D32/><U96/><E135/><V20/><F20/><W14/><G3/><T60/><D133/><U127/><E127/><V78/><F125/><W79/><G79/><T88/><D88/><N who="1" m="55303" /><E75/><V11/><F11/><W131/><G131/><T73/><D73/><U72/><E72/><V126/><F126/><W99/><G99/><AGARI ba="0,0" hai="80,81,83,84,86,89,94,98,99,100,106" m="55303" machi="99" ten="30,12000,2" yaku="35,5,54,1" doraHai="30" who="1" fromWho="3" sc="250,0,250,120,250,0,250,-120" /><INIT seed="1,0,0,1,0,83" ten="250,370,250,130" oya="1" hai0="59,103,39,44,50,115,60,38,70,77,125,111,99" hai1="64,109,61,20,34,80,66,117,27,11,16,15,56" hai2="113,0,93,42,14,78,134,10,54,74,1,25,19" hai3="116,49,3,21,45,120,57,6,130,101,71,87,108"/><U17/><E117/><V12/><F134/><W58/><G71/><T43/><D115/><U89/><E34/><V46/><F113/><W114/><G114/><T73/><D111/><U9/><E109/><V28/><F54/><W131/><G120/><T35/><D125/><U81/><E64/><V86/><F74/><W121/><G121/><T104/><D35/><U68/><E68/><V132/><F132/><W29/><G116/><T67/><D73/><U4/><REACH who="1" step="1"/><E89/><REACH who="1" ten="250,360,250,130" step="2"/><V97/><F78/><W33/><G108/><T23/><D77/><U51/><E51/><V110/><F110/><W22/><G33/><T63/><REACH who="0" step="1"/><D23/><REACH who="0" ten="240,360,250,130" step="2"/><U129/><E129/><V123/><F123/><W36/><G21/><T47/><D47/><U124/><E124/><V128/><F46/><W98/><G22/><T7/><D7/><U24/><E24/><V94/><F25/><W69/><G6/><T13/><D13/><AGARI ba="0,2" hai="4,9,11,13,15,16,17,20,27,56,61,66,80,81" machi="13" ten="30,11600,0" yaku="1,1,7,1,8,1,54,1,53,0" doraHai="83" doraHaiUra="135" who="1" fromWho="0" sc="240,-116,360,136,250,0,130,0" /><INIT seed="1,1,0,1,2,49" ten="124,496,250,130" oya="1" hai0="13,76,126,111,28,16,30,44,45,70,21,83,75" hai1="100,117,35,132,24,26,40,42,36,1,62,32,94" hai2="121,63,59,48,38,56,89,118,116,41,64,77,93" hai3="119,134,105,73,112,74,11,103,131,31,79,7,92"/><U9/><E117/><V78/><F121/><W68/><G112/><T50/><D111/><U107/><E107/><V97/><F38/><W17/><G68/><T5/><D126/><U128/><E132/><V95/><F118/><W47/><G105/><T108/><D108/><U106/><E106/><V3/><F3/><W39/><G31/><T124/><D124/><U33/><E128/><V86/><F116/><W67/><G67/><T135/><D70/><U43/><E36/><V91/><REACH who="2" step="1"/><F56/><REACH who="2" ten="124,496,240,130" step="2"/><W109/><G39/><T0/><D135/><U84/><E1/><V90/><F90/><W123/><G134/><T96/><D45/><AGARI ba="1,1" hai="41,45,48,59,63,64,77,78,86,89,91,93,95,97" machi="45" ten="40,2600,0" yaku="1,1,8,1,53,0" doraHai="49" doraHaiUra="2" who="2" fromWho="0" sc="124,-29,496,0,240,39,130,0" /><INIT seed="2,0,0,2,4,41" ten="95,496,279,130" oya="2" hai0="71,4,21,32,24,126,130,6,45,54,10,122,38" hai1="100,128,72,51,94,13,79,14,37,75,55,35,56" hai2="8,62,81,39,60,87,67,58,112,109,115,132,135" hai3="118,80,18,104,77,76,65,17,110,3,127,12,119"/><V86/><F39/><W50/><G104/><T25/><D122/><U85/><E35/><V133/><F109/><W31/><G3/><T99/><D71/><U1/><E1/><V20/><F8/><W11/><G127/><T78/><D126/><U121/><E37/><V97/><F97/><W131/><G131/><T44/><D130/><U9/><E72/><V42/><F42/><W36/><G36/><T134/><D134/><U125/><E75/><V114/><F81/><W103/><G103/><T47/><D78/><U101/><E121/><V96/><F96/><W40/><G31/><T90/><D38/><U91/><E125/><V111/><F111/><W7/><G65/><T82/><D32/><U108/><E108/><V107/><F107/><W116/><G77/><T113/><D113/><U27/><E79/><V59/><F20/><W16/><G110/><T19/><D25/><U22/><E13/><V124/><F124/><W70/><G70/><T66/><D66/><AGARI ba="0,0" hai="58,59,60,62,66,67,86,87,112,114,115,132,133,135" machi="66" ten="50,4800,0" yaku="9,1,20,1" doraHai="41" who="2" fromWho="0" sc="95,-48,496,0,279,48,130,0" /><INIT seed="2,1,0,2,2,95" ten="47,496,327,130" oya="2" hai0="119,124,43,76,110,5,116,96,20,12,108,93,113" hai1="100,21,51,72,128,36,115,47,81,15,65,64,104" hai2="46,112,6,118,74,89,39,77,55,48,10,42,78" hai3="62,129,84,85,102,17,57,34,121,103,134,122,109"/><V107/><F112/><W60/><G34/><T38/><D38/><U91/><E36/><V33/><F118/><N who="0" m="45098" /><D43/><U25/><E128/><V117/><F117/><W114/><G114/><T99/><D113/><U123/><E15/><V111/><F33/><W37/><G37/><T40/><D40/><U44/><E44/><V18/><F111/><N who="0" m="42538" /><D124/><U133/><E133/><V69/><F69/><W14/><G109/><T59/><D76/><U1/><E1/><V19/><F107/><W82/><G129/><T16/><D5/><U7/><E7/><V26/><F89/><W8/><G134/><T79/><D79/><U131/><E72/><V35/><F74/><W23/><G122/><T0/><D0/><U90/><E90/><V27/><F78/><W70/><G121/><T73/><D73/><U45/><E91/><V2/><F77/><W31/><G70/><T75/><D75/><U28/><E131/><V41/><F41/><W88/><G85/><T132/><D132/><U32/><E123/><V130/><F130/><W9/><G62/><T101/><D59/><U127/><E127/><V66/><F42/><W68/><G68/><T87/><D99/><U22/><E115/><V53/><F39/><W125/><G125/><T49/><D49/><U86/><E51/><V52/><F6/><W61/><G61/><T106/><D87/><U83/><E86/><V50/><F2/><W71/><G71/><T98/><D96/><N who="1" m="61447" /><E45/><V97/><F46/><W105/><G84/><T58/><D58/><U67/><E47/><N who="2" m="27679" /><F50/><W54/><G57/><T24/><D106/><U94/><E94/><RYUUKYOKU ba="1,0" sc="47,15,496,15,327,-15,130,-15" hai0="12,16,20,24,93,98,101" hai1="21,22,25,28,32,64,65,67,81,83" /><INIT seed="3,2,0,2,1,119" ten="62,511,312,115" oya="3" hai0="109,67,69,53,125,130,15,6,36,99,51,52,93" hai1="31,124,4,79,73,61,58,128,106,113,47,89,108" hai2="46,92,127,90,112,64,74,7,96,71,135,87,11" hai3="110,82,25,26,65,102,77,54,84,70,38,104,116"/><W19/><G116/><T132/><D109/><U57/><E106/><V105/><F112/><W43/><G110/><T3/><D3/><U20/><E79/><V56/><F74/><W60/><G104/><T30/><D36/><U21/><E73/><V63/><F135/><W39/><G102/><T16/><D132/><U8/><E58/><V12/><F127/><W107/><G107/><T62/><D125/><U27/><E113/><V66/><F71/><W114/><G114/><T2/><D130/><U1/><E128/><V14/><F46/><W120/><G120/><T29/><D6/><U48/><E108/><V85/><F105/><W83/><G54/><T76/><D2/><U121/><E20/><V75/><F75/><W24/><G43/><T123/><D76/><U86/><E124/><V80/><F66/><W32/><G32/><T134/><D123/><U98/><E98/><V68/><F68/><W9/><REACH who="3" step="1"/><G83/><REACH who="3" ten="62,511,312,105" step="2"/><T118/><D118/><U122/><E47/><V101/><F80/><W103/><G103/><T115/><D115/><U59/><E121/><V131/><F131/><W88/><G88/><T95/><D53/><U100/><E100/><V28/><F101/><W33/><G33/><T41/><D41/><U133/><E122/><V72/><F90/><W18/><G18/><T129/><D129/><U44/><E133/><V22/><F28/><N who="0" m="10858" /><D134/><U50/><E44/><V111/><F111/><W5/><G5/><T13/><D16/><U42/><E42/><V37/><F7/><W34/><G34/><T45/><D95/><U17/><E17/><V91/><F92/><RYUUKYOKU ba="2,1" sc="62,15,511,-15,312,-15,105,15" hai0="13,15,45,51,52,62,67,69,93,99" hai3="9,19,24,25,26,38,39,60,65,70,77,82,84" /><INIT seed="3,3,1,2,3,74" ten="77,496,297,120" oya="3" hai0="58,45,4,84,126,125,118,104,47,111,39,85,68" hai1="44,135,50,80,86,56,37,11,55,28,36,101,108" hai2="43,128,14,0,61,8,17,81,1,98,115,66,63" hai3="9,38,20,51,106,54,29,113,18,15,112,117,19"/><W103/><G38/><T27/><D68/><U132/><E108/><V53/><F115/><W105/><G117/><T124/><D118/><U133/><E101/><V69/><F128/><W60/><G29/><T83/><D111/><U130/><E130/><V90/><F43/><W127/><G60/><T123/><D123/><U21/><E11/><V110/><F110/><W134/><G127/><T16/><D104/><U32/><E32/><V114/><F114/><W82/><G134/><T95/><D4/><U12/><E56/><V34/><F34/><W78/><G106/><T10/><D39/><U70/><E70/><V33/><F33/><W48/><G48/><T35/><D58/><U59/><E59/><V121/><F121/><W71/><G71/><T75/><D35/><U96/><E96/><V31/><F31/><W116/><G116/><T46/><D95/><U24/><E12/><V119/><F119/><W91/><G91/><AGARI ba="3,1" hai="21,24,28,36,37,44,50,55,80,86,91,132,133,135" machi="91" ten="40,1300,0" yaku="20,1" doraHai="74" who="1" fromWho="3" sc="77,0,496,32,297,0,120,-22" /><INIT seed="4,0,0,4,1,52" ten="77,528,297,98" oya="0" hai0="47,62,69,2,88,71,39,87,7,31,61,36,20" hai1="94,73,122,111,97,4,8,121,59,15,103,48,105" hai2="83,107,54,77,134,22,38,128,130,65,76,21,46" hai3="117,79,86,108,68,126,64,25,51,135,42,72,41"/><T67/><D2/><U81/><E111/><V55/><F107/><W90/><G108/><T125/><D125/><U118/><E118/><V16/><F65/><W127/><G117/><T109/><D109/><U57/><E105/><V56/><F134/><W63/><G135/><T85/><D7/><U28/><E28/><V78/><F83/><N who="3" m="45543" /><G51/><T13/><D47/><U100/><E100/><V24/><F22/><W12/><G12/><T66/><D87/><U132/><E132/><V10/><F10/><W120/><G25/><T6/><D6/><U84/><E73/><V96/><F96/><W5/><G5/><T37/><D31/><U114/><E114/><V0/><F0/><W91/><G91/><T95/><REACH who="0" step="1"/><D37/><REACH who="0" ten="67,528,297,98" step="2"/><U44/><E121/><V82/><F38/><W93/><G120/><T50/><D50/><U124/><E122/><V34/><F46/><W58/><G68/><T33/><D33/><U29/><E29/><V80/><F34/><W70/><G70/><T129/><D129/><U40/><E124/><AGARI ba="0,1" hai="41,42,58,63,64,86,90,93,124,126,127" m="45543" machi="124" ten="30,2000,0" yaku="18,1,52,1" doraHai="52" who="3" fromWho="1" sc="67,0,528,-20,297,0,98,30" /><INIT seed="5,0,0,1,2,26" ten="67,508,297,128" oya="1" hai0="102,123,83,24,128,58,95,99,133,57,131,4,14" hai1="104,41,1,46,113,7,94,5,121,33,18,100,81" hai2="132,124,118,8,9,32,92,125,2,30,27,13,134" hai3="98,114,11,45,85,90,43,15,103,101,106,71,42"/><U38/><E121/><V77/><F77/><W126/><G114/><T70/><D123/><U16/><E104/><V68/><F68/><W120/><G126/><N who="2" m="48745" /><F92/><W78/><G71/><T73/><D70/><U47/><E113/><V116/><F2/><W21/><G103/><T35/><D133/><N who="2" m="51306" /><F8/><W19/><G78/><T76/><D14/><U31/><E1/><V135/><N who="2" m="51314" /><V87/><DORA hai="61" /><F87/><W88/><G120/><T64/><D4/><AGARI ba="0,0" hai="4,9,13,27,30,32,116,118" m="51314,48745" machi="4" ten="40,8000,1" yaku="18,1,20,1,34,2,52,1" doraHai="26,61" who="2" fromWho="0" sc="67,-80,508,0,297,80,128,0" owari="-13,-51.3,508,60.8,377,17.7,128,-27.2" /></mjloggm>