<mjloggm ver="2.3"><GO type="169" lobby="0"/><UN n0="%E3%81%9F%E3%81%BE%E5%AD%90" n1="%E3%81%82%E3%81%95%E3%81%B4%E3%82%93%EF%BC%A0%EF%BD%8D%EF%BD%8A" n2="%4C%61%72%72%6B" n3="%E4%BF%BA%54%55%45%45%45%45%45" dan="16,18,16,17" rate="2149.64,2272.06,2164.16,2213.31" sx="M,M,M,M"/><TAIKYOKU oya="0"/><INIT seed="0,0,0,0,0,66" ten="250,250,250,250" oya="0" hai0="78,34,30,58,2,111,121,81,98,26,12,112,25" hai1="104,28,108,72,8,52,71,105,128,110,69,124,17" hai2="103,38,32,24,62,55,7,107,109,29,48,102,6" hai3="61,76,126,22,93,88,131,113,100,1,40,64,23"/><T56/><D112/><U132/><E72/><V74/><F38/><W63/><G113/><T9/><D121/><U54/><E28/><V60/><F74/><W35/><G35/><T57/><D111/><N who="1" m="42539" /><E132/><V89/><F109/><W70/><G131/><T85/><D25/><U50/><E128/><V65/><F89/><W133/><G133/><T115/><D115/><U3/><E124/><V87/><F87/><W82/><G1/><T42/><BYE who="2" /><D98/><U0/><E17/><V36/><F36/><W53/><G100/><T11/><D2/><N who="1" m="555" /><E8/><UN n2="%4C%61%72%72%6B" /><V20/><F20/><W90/><G40/><T96/><D96/><U73/><E73/><V122/><F122/><W80/><G126/><T125/><D125/><U134/><E134/><V91/><F6/><W101/><G101/><T14/><REACH who="0" step="1"/><D42/><REACH who="0" ten="240,250,250,250" step="2"/><U5/><E5/><V84/><F7/><W123/><G123/><T41/><D41/><U43/><E43/><V39/><F39/><W47/><G93/><T44/><D44/><N who="1" m="27719" /><E54/><V4/><F55/><W68/><G53/><T95/><D95/><U92/><E92/><V135/><F4/><W13/><G47/><T127/><D127/><U97/><E97/><V45/><F45/><W114/><G114/><T16/><D16/><U18/><E18/><V33/><F135/><W129/><G129/><T77/><D77/><U15/><E15/><AGARI ba="0,1" hai="9,11,12,14,15,26,30,34,56,57,58,78,81,85" machi="15" ten="40,2000,0" yaku="1,1,53,0" doraHai="66" doraHaiUra="46" who="0" fromWho="1" sc="240,30,250,-20,250,0,250,0" /><INIT seed="0,1,0,3,1,52" ten="270,230,250,250" oya="0" hai0="55,9,77,14,80,62,113,38,63,86,4,31,47" hai1="29,72,101,13,20,71,117,37,33,58,5,96,69" hai2="127,10,132,11,42,2,67,81,16,116,124,48,35" hai3="18,125,87,106,85,128,7,104,76,39,100,92,122"/><T51/><D113/><U94/><E117/><V133/><F116/><W28/><G39/><T12/><D31/><U95/><E72/><V0/><F67/><W34/><G7/><T68/><D68/><U102/><E37/><V131/><F81/><N who="3" m="47271" /><G34/><T23/><REACH who="0" step="1"/><D38/><REACH who="0" ten="260,230,250,250" step="2"/><U126/><E69/><V82/><F124/><W49/><G28/><T8/><D8/><U115/><E71/><V109/><F10/><W64/><G125/><T110/><D110/><U59/><E126/><V123/><F11/><W83/><G122/><T93/><D93/><U46/><E115/><V3/><F127/><W97/><G92/><T25/><D25/><N who="1" m="16551" /><E33/><V120/><F35/><W99/><G106/><T19/><AGARI ba="1,1" hai="4,9,12,14,19,23,47,51,55,62,63,77,80,86" machi="19" ten="30,6000,0" yaku="1,1,0,1,8,1,53,0" doraHai="52" doraHaiUra="90" who="0" fromWho="0" sc="260,73,230,-21,250,-21,250,-21" /><INIT seed="0,2,0,1,2,78" ten="333,209,229,229" oya="0" hai0="68,129,118,44,22,96,109,108,69,32,51,33,134" hai1="38,82,52,34,57,110,107,70,41,30,35,97,105" hai2="119,128,8,6,84,40,126,106,23,7,17,74,19" hai3="58,28,124,18,95,5,42,4,13,127,85,50,81"/><T130/><D96/><U60/><E110/><N who="0" m="42601" /><D22/><U64/><E30/><V10/><F74/><W79/><G28/><T16/><D16/><U114/><E114/><V88/><F106/><W103/><G103/><T47/><D118/><U112/><E112/><V24/><F119/><W49/><G95/><T63/><D134/><U48/><E97/><V80/><F126/><W12/><G18/><T87/><D87/><U111/><E111/><V53/><F128/><N who="0" m="49258" /><D63/><U131/><E131/><V98/><F98/><W86/><G86/><T71/><D51/><U11/><E11/><V133/><F133/><W61/><G50/><T36/><D36/><U83/><E105/><V120/><F17/><W20/><G20/><T100/><D100/><U122/><E107/><V59/><F8/><W66/><G4/><T72/><D72/><U116/><E116/><V89/><F10/><N who="3" m="4175" /><G13/><T39/><D39/><U135/><E135/><V67/><F6/><W125/><G124/><T93/><D93/><U9/><E9/><V91/><F7/><W76/><G125/><T55/><D55/><U0/><E38/><V102/><F53/><W94/><G94/><T37/><D37/><U25/><E52/><V27/><F102/><W3/><G127/><T99/><D99/><U21/><E21/><V15/><F24/><W2/><G2/><T46/><AGARI ba="2,0" hai="32,33,44,46,47,68,69,71" m="49258,42601" machi="46" ten="50,12000,1" yaku="28,2,14,1,10,1,19,1" doraHai="78" who="0" fromWho="0" sc="333,126,209,-42,229,-42,229,-42" /><INIT seed="0,3,0,2,5,94" ten="459,167,187,187" oya="0" hai0="42,38,67,57,7,40,81,90,130,31,88,17,19" hai1="39,61,117,111,35,68,128,24,18,105,55,96,103" hai2="110,53,6,134,108,49,58,56,23,133,72,126,12" hai3="93,89,45,32,71,28,121,102,120,47,100,109,127"/><T0/><D130/><U98/><E117/><V91/><F72/><W52/><G71/><T119/><D119/><U10/><E39/><V77/><F77/><W113/><G113/><T1/><D31/><N who="1" m="19943" /><E55/><N who="2" m="31855" /><F91/><W30/><G109/><N who="2" m="42089" /><F23/><W63/><G127/><T132/><D57/><U9/><E111/><V79/><F79/><W104/><G63/><T124/><D67/><N who="1" m="41071" /><E128/><V123/><F12/><W34/><G89/><T4/><D124/><U84/><E84/><V125/><F6/><W33/><G52/><T13/><D13/><N who="1" m="7471" /><E10/><V14/><F14/><W85/><G85/><T8/><D8/><U59/><E59/><V75/><F75/><W129/><G129/><T66/><D66/><U20/><E20/><V112/><F112/><W50/><G33/><T97/><D38/><U43/><E43/><V2/><F2/><W80/><G80/><T99/><REACH who="0" step="1"/><D81/><REACH who="0" ten="449,167,187,187" step="2"/><U118/><E118/><V15/><F125/><W37/><G28/><T16/><D16/><U29/><E29/><V27/><F15/><W76/><G30/><T46/><D46/><U64/><E64/><V92/><F126/><W25/><G45/><T82/><D82/><U3/><E3/><V101/><F58/><W78/><G47/><T74/><D74/><U87/><E87/><V73/><F73/><W122/><G32/><T115/><D115/><U21/><E21/><V83/><F83/><W107/><G34/><T22/><D22/><U116/><E116/><V26/><F26/><W65/><G25/><T51/><D51/><U95/><E95/><V5/><F92/><W44/><G93/><T60/><D60/><RYUUKYOKU ba="3,1" sc="449,15,167,15,187,-15,187,-15" hai0="0,1,4,7,17,19,40,42,88,90,97,99,132" hai1="96,98,103,105" /><INIT seed="0,4,1,3,2,53" ten="464,182,172,172" oya="0" hai0="26,24,27,89,84,67,119,60,125,22,126,115,131" hai1="59,133,72,29,54,43,98,76,116,85,57,14,83" hai2="96,1,73,100,15,106,65,93,5,13,109,134,79" hai3="52,56,104,99,111,45,113,49,64,12,46,42,110"/><T132/><D115/><U121/><E116/><V102/><F109/><N who="3" m="41483" /><G113/><T130/><D119/><U6/><E121/><V90/><F134/><W16/><G64/><T19/><D84/><U81/><E133/><V82/><F102/><N who="3" m="62559" /><G42/><T17/><D89/><U75/><E43/><V55/><F65/><W66/><G66/><T114/><D114/><U48/><E29/><V9/><REACH who="2" step="1"/><F55/><REACH who="2" ten="464,182,162,172" step="2"/><W30/><G30/><T74/><D132/><U51/><E54/><V77/><F77/><W34/><G34/><T41/><D41/><U88/><E75/><V40/><F40/><W124/><G124/><N who="0" m="47723" /><D74/><U32/><E32/><V10/><F10/><AGARI ba="4,2" hai="10,12,16,45,46,49,52,56" m="62559,41483" machi="10" ten="30,7700,0" yaku="14,1,52,1,54,2" doraHai="53" who="3" fromWho="2" sc="464,0,182,0,162,-89,172,109" /><INIT seed="1,0,0,4,0,95" ten="464,182,73,281" oya="1" hai0="56,55,110,132,108,47,81,42,34,118,79,5,39" hai1="75,104,6,117,36,28,1,85,32,59,35,67,128" hai2="127,103,130,4,70,31,64,88,46,17,78,61,52" hai3="65,27,58,18,113,76,12,120,93,91,73,19,69"/><U30/><E75/><V54/><F130/><W86/><G113/><T62/><D118/><U92/><E104/><V60/><F127/><W111/><G69/><T116/><D116/><U24/><E117/><V114/><F114/><W3/><G3/><T119/><D119/><U22/><E36/><V66/><F78/><W68/><G68/><T102/><D34/><U105/><E105/><V43/><F4/><W37/><G37/><T72/><D132/><U82/><E128/><V11/><F31/><W7/><G120/><T96/><REACH who="0" step="1"/><D5/><REACH who="0" ten="454,182,73,281" step="2"/><U41/><E32/><V131/><F131/><W94/><G7/><T115/><D115/><U135/><E135/><V84/><F103/><W83/><G111/><T112/><D112/><U10/><E35/><V26/><F70/><W106/><G18/><T97/><D97/><U71/><E71/><V25/><F17/><W80/><G19/><T77/><D77/><U0/><E0/><V53/><F11/><W16/><G27/><T63/><D63/><U125/><E28/><V13/><F25/><W29/><G29/><T124/><D124/><U14/><E125/><V40/><F26/><W123/><G123/><T107/><AGARI ba="0,1" hai="39,42,47,55,56,62,72,79,81,96,102,107,108,110" machi="107" ten="30,4000,0" yaku="1,1,0,1,52,1,53,0" doraHai="95" doraHaiUra="87" who="0" fromWho="0" sc="454,50,182,-20,73,-10,281,-10" /><INIT seed="2,0,0,0,1,77" ten="504,162,63,271" oya="2" hai0="100,90,26,108,78,71,116,124,42,97,40,4,72" hai1="7,52,30,99,14,103,132,80,47,92,66,1,17" hai2="95,105,25,37,88,91,122,83,102,23,56,104,5" hai3="96,74,6,73,31,64,54,98,114,94,32,112,13"/><V131/><F122/><W58/><G64/><T69/><D4/><U76/><E132/><V135/><F37/><W9/><G32/><T113/><D113/><N who="3" m="43625" /><G31/><T118/><D90/><U130/><E130/><V101/><F131/><W81/><G81/><N who="0" m="45255" /><D26/><U121/><E121/><V48/><F135/><W22/><G22/><T70/><D108/><U21/><E66/><V84/><F105/><W18/><G18/><T125/><D42/><U82/><E76/><V109/><F5/><W57/><G57/><T3/><D40/><U12/><E1/><V120/><F120/><W134/><G134/><T8/><D8/><N who="1" m="4127" /><E30/><N who="2" m="17727" /><F104/><W126/><G126/><N who="0" m="48747" /><D3/><U28/><E28/><V43/><F109/><W55/><G55/><T117/><D71/><U53/><E53/><N who="2" m="31783" /><F43/><W36/><G36/><T89/><D89/><U11/><E11/><V68/><F68/><W51/><G9/><T16/><D16/><U75/><E75/><V39/><F39/><W107/><G74/><T67/><D67/><U20/><E20/><V59/><F59/><W50/><G58/><T24/><D24/><U87/><E87/><AGARI ba="0,0" hai="83,84,87,88,91,95,101,102" m="31783,17727" machi="87" ten="30,5800,0" yaku="8,1,52,1,54,1" doraHai="77" who="2" fromWho="1" sc="504,0,162,-58,63,58,271,0" /><INIT seed="2,1,0,4,5,129" ten="504,104,121,271" oya="2" hai0="121,10,20,99,103,53,62,21,114,100,58,135,39" hai1="90,73,47,70,23,110,35,108,115,9,98,102,28" hai2="72,68,128,123,117,32,17,105,55,63,6,4,37" hai3="131,66,92,11,7,57,113,104,67,5,42,77,93"/><V27/><F123/><W89/><G104/><T60/><D114/><U119/><E115/><V69/><F117/><W49/><G113/><T127/><D121/><U15/><E119/><V52/><F128/><W74/><G131/><T122/><D122/><U78/><E70/><V95/><F105/><W31/><G31/><T24/><D39/><U3/><E90/><V33/><F37/><W130/><G130/><T81/><D127/><U54/><E78/><V56/><F72/><W46/><G77/><T16/><D10/><U48/><E35/><V85/><F69/><W65/><G74/><T64/><D135/><U59/><E73/><V8/><F68/><W34/><G34/><T94/><D81/><U36/><E3/><V97/><F32/><W112/><G112/><T106/><D20/><U87/><E87/><V118/><F118/><W29/><G29/><T83/><D83/><U14/><E28/><V76/><F33/><W126/><G126/><T44/><D44/><U19/><E36/><V91/><F55/><W124/><G124/><T133/><D133/><U101/><E47/><V134/><F134/><W125/><G125/><T80/><D80/><U96/><E108/><V2/><F4/><W116/><G5/><T84/><D84/><U38/><E38/><V41/><F41/><W40/><G40/><T51/><REACH who="0" step="1"/><D64/><REACH who="0" ten="494,104,121,271" step="2"/><U82/><E82/><V50/><F76/><W120/><G120/><T75/><D75/><U26/><E110/><V132/><F132/><W79/><G79/><T45/><D45/><U71/><E9/><V86/><F50/><N who="3" m="26967" /><G116/><T13/><D13/><RYUUKYOKU ba="1,1" sc="494,15,104,-15,121,15,271,-15" hai0="16,21,24,51,53,58,60,62,94,99,100,103,106" hai2="2,6,8,17,27,52,56,63,85,86,91,95,97" /><INIT seed="2,2,1,3,2,52" ten="509,89,136,256" oya="2" hai0="10,44,30,83,60,3,104,133,29,34,97,17,57" hai1="53,127,63,88,20,28,71,1,27,93,55,26,32" hai2="111,84,132,64,113,95,69,134,130,78,87,46,115" hai3="5,129,123,112,37,4,47,7,42,6,35,31,85"/><V86/><F69/><W108/><G123/><T110/><D110/><U91/><E1/><V114/><F64/><W121/><G121/><T106/><D133/><N who="2" m="51306" /><F46/><W49/><G108/><T131/><D131/><U51/><E127/><V59/><F111/><W70/><G129/><T105/><D83/><U16/><E93/><V8/><F8/><W11/><G112/><T126/><D126/><U56/><REACH who="1" step="1"/><E71/><REACH who="1" ten="509,79,136,256" step="2"/><V118/><F130/><W25/><G70/><T45/><D104/><U100/><E100/><V21/><F118/><W92/><G92/><T2/><D105/><U102/><E102/><V90/><F78/><W98/><G98/><T89/><D106/><U0/><E0/><V18/><F59/><AGARI ba="2,2" hai="16,20,26,27,28,32,51,53,55,56,59,63,88,91" machi="59" ten="30,12000,2" yaku="1,1,7,1,52,2,54,2,53,1" doraHai="52" doraHaiUra="58" who="1" fromWho="2" sc="509,0,79,146,136,-126,256,0" /><INIT seed="3,0,0,2,1,97" ten="509,225,10,256" oya="3" hai0="118,19,36,72,85,55,42,98,7,39,47,49,52" hai1="46,69,31,122,40,68,58,121,61,8,65,125,112" hai2="26,96,48,81,0,57,50,20,41,21,59,82,91" hai3="6,92,93,86,107,22,4,70,103,78,124,89,80"/><W128/><G70/><N who="1" m="27242" /><E8/><V24/><F0/><W35/><G35/><T109/><D72/><U126/><E31/><V73/><F73/><W28/><G128/><T117/><D7/><U25/><E25/><V11/><F11/><W33/><G33/><T53/><D85/><U79/><E79/><V134/><F134/><W130/><G130/><T135/><D19/><U27/><E27/><V110/><F110/><W38/><G38/><N who="0" m="14379" /><D98/><U15/><E15/><V95/><F41/><W14/><G124/><N who="1" m="47722" /><E112/><V102/><F96/><N who="3" m="59783" /><G107/><T114/><D109/><U106/><E106/><V63/><F95/><W83/><G28/><T90/><D90/><U10/><E10/><V64/><F64/><W16/><G78/><T100/><D100/><U66/><E66/><V45/><F63/><W43/><G43/><T30/><D30/><U133/><E133/><V84/><F102/><W123/><G123/><T88/><D88/><U129/><E129/><V32/><F32/><W99/><G86/><T101/><D101/><U23/><E23/><V104/><F104/><W131/><G131/><T62/><D135/><U127/><N who="1" m="47730" /><U113/><DORA hai="51" /><E113/><V94/><F91/><W17/><G17/><T54/><D114/><U13/><E13/><V71/><F71/><W2/><G2/><T75/><D75/><U77/><E77/><V60/><F94/><W119/><G4/><T76/><D76/><U120/><E120/><V12/><F84/><W74/><G6/><T1/><D1/><U132/><E132/><V105/><F105/><W44/><G14/><T29/><D29/><U37/><AGARI ba="0,0" hai="37,40,46,58,61,65,121,122" m="47730,27242" machi="37" ten="50,8000,1" yaku="5,1,18,1,34,2" doraHai="97,51" who="1" fromWho="1" sc="509,-20,225,80,10,-20,256,-40" owari="489,58.9,305,10.5,-10,-51.0,216,-18.4" /></mjloggm>