<mjloggm ver="2.3"><GO type="169" lobby="0"/><UN n0="%E3%82%BC%E3%83%B3%E3%83%84%E3%83%9E%E3%82%B7%E3%83%BC%E3%83%B3" n1="%E5%A4%A7%E6%A5%A0%E5%85%AC" n2="%73%6F%72%75%6B%61%6E%6F" n3="%E3%82%AB%E3%83%AB%E3%83%94%E3%82%B9%E3%82%B5%E3%83%AF%E3%83%BC" dan="16,16,16,17" rate="2137.07,2141.10,2140.69,2218.57" sx="M,M,M,M"/><TAIKYOKU oya="0"/><INIT seed="0,0,0,3,2,56" ten="250,250,250,250" oya="0" hai0="38,130,65,14,36,118,108,132,111,0,104,96,26" hai1="16,63,9,122,112,45,93,82,102,133,60,115,50" hai2="94,86,12,22,28,58,99,51,21,125,123,75,10" hai3="85,124,46,34,33,8,39,114,69,120,64,6,131"/><T88/><D0/><U1/><E122/><V54/><F125/><W5/><G114/><N who="1" m="43562" /><E133/><V129/><F129/><W4/><G131/><T107/><D130/><U27/><E82/><V57/><F75/><W126/><G120/><T48/><D132/><U105/><E105/><N who="0" m="40521" /><D118/><U17/><E102/><V71/><F71/><W103/><G103/><T24/><D14/><N who="1" m="7247" /><E93/><V81/><F123/><W59/><G8/><T116/><D116/><U68/><E68/><V78/><F28/><W119/><G69/><T52/><D65/><U13/><E27/><V135/><F58/><W73/><G119/><T30/><D26/><U76/><E76/><V20/><F135/><W89/><G59/><N who="0" m="33159" /><D96/><U84/><E84/><V97/><REACH who="2" step="1"/><F94/><REACH who="2" ten="250,250,240,250" step="2"/><N who="3" m="54575" /><G73/><T101/><D30/><U37/><E37/><V87/><F87/><W43/><G39/><T92/><D38/><U25/><E1/><V72/><F72/><W100/><G124/><T67/><D36/><U90/><E25/><V40/><F40/><W44/><G43/><T134/><D24/><U53/><E90/><V55/><F55/><W35/><G126/><T11/><D88/><U66/><E66/><V127/><F127/><W15/><G64/><T47/><D67/><U77/><E77/><V7/><AGARI ba="0,1" hai="7,10,12,20,21,22,51,54,57,78,81,86,97,99" machi="7" ten="30,4000,0" yaku="1,1,0,1,8,1,53,0" doraHai="56" doraHaiUra="61" who="2" fromWho="2" sc="250,-20,250,-10,240,50,250,-10" /><INIT seed="1,0,0,3,3,61" ten="230,240,290,240" oya="1" hai0="123,6,103,101,8,112,41,106,91,94,56,104,10" hai1="40,76,115,20,97,128,30,53,92,48,77,75,13" hai2="99,98,2,27,86,36,81,130,60,45,66,79,131" hai3="33,132,80,122,124,54,42,126,85,113,1,114,127"/><U121/><E115/><N who="3" m="44042" /><G1/><T64/><D112/><U44/><E128/><N who="2" m="49195" /><F2/><W4/><G4/><T0/><D123/><U110/><E121/><V15/><F15/><W83/><G33/><T68/><D68/><U63/><E110/><V78/><F78/><N who="3" m="46231" /><G54/><T3/><D41/><U109/><E109/><V38/><F27/><W9/><G42/><T72/><D72/><U90/><E75/><V21/><F21/><W11/><G122/><T82/><D10/><N who="3" m="3593" /><G83/><T84/><D3/><U120/><E120/><V52/><F52/><W47/><G47/><T16/><D82/><U59/><REACH who="1" step="1"/><E13/><REACH who="1" ten="230,230,290,240" step="2"/><V31/><F36/><W23/><G126/><T26/><D0/><U105/><E105/><V108/><F108/><W35/><G127/><T119/><D106/><U46/><E46/><V18/><F45/><W88/><G124/><T89/><D104/><U125/><E125/><V32/><F38/><W65/><G132/><T100/><D6/><U51/><E51/><V25/><F18/><W87/><G35/><T116/><D16/><U135/><E135/><V73/><F73/><W37/><G37/><T71/><D119/><U50/><E50/><V118/><F118/><W58/><G23/><T134/><D116/><U57/><E57/><AGARI ba="0,1" hai="25,31,32,57,60,66,79,81,86,98,99" m="49195" machi="57" ten="30,2000,0" yaku="19,1,52,1" doraHai="61" who="2" fromWho="1" sc="230,0,230,-20,290,30,240,0" /><INIT seed="2,0,0,1,0,50" ten="230,210,320,240" oya="2" hai0="67,54,66,135,68,123,86,93,75,92,24,85,84" hai1="37,103,52,131,22,44,71,64,61,39,2,132,19" hai2="30,45,95,0,115,106,23,11,126,65,6,31,40" hai3="16,97,70,74,134,53,20,120,26,77,5,32,128"/><V21/><F115/><W102/><G120/><T56/><D75/><U49/><E131/><V12/><F126/><W107/><G128/><T14/><D123/><U57/><E132/><V129/><F106/><W127/><G134/><T58/><D68/><U62/><E2/><V125/><F125/><W121/><G121/><T111/><D111/><U7/><E7/><V104/><F104/><W34/><G127/><T41/><D135/><U99/><E99/><V117/><F117/><W36/><G36/><T91/><D41/><U17/><E103/><V94/><F0/><W59/><G70/><T79/><D24/><U1/><E1/><V27/><F65/><N who="0" m="24586" /><D58/><U96/><E96/><V78/><F78/><W72/><G5/><T15/><D79/><U100/><E100/><V46/><F129/><W110/><G110/><T28/><D28/><U55/><REACH who="1" step="1"/><E17/><REACH who="1" ten="230,200,320,240" step="2"/><V47/><F6/><W108/><G108/><T101/><D101/><U8/><E8/><V82/><F11/><W98/><G98/><N who="0" m="57631" /><D93/><U10/><E10/><V116/><F95/><W63/><REACH who="3" step="1"/><G72/><REACH who="3" ten="230,200,320,230" step="2"/><T42/><D42/><U33/><E33/><V90/><F40/><W4/><G4/><T130/><D130/><U89/><E89/><V51/><F90/><W133/><G133/><T114/><D114/><U48/><E48/><AGARI ba="0,2" hai="14,15,48,54,56,84,85,86" m="57631,24586" machi="48" ten="30,2000,0" yaku="8,1,52,1" doraHai="50" who="0" fromWho="1" sc="230,40,200,-20,320,0,230,0" /><INIT seed="3,0,0,4,1,88" ten="270,180,320,230" oya="3" hai0="73,77,74,108,118,122,109,39,132,27,121,75,101" hai1="15,72,24,21,79,12,55,37,68,84,120,95,81" hai2="32,130,43,57,110,126,70,25,40,59,6,7,5" hai3="113,31,65,50,46,28,92,117,38,87,54,128,102"/><W127/><G113/><T48/><D39/><U112/><E112/><V98/><F70/><W111/><G117/><T16/><D118/><U135/><E120/><N who="0" m="46185" /><D48/><U78/><E135/><V11/><F110/><N who="0" m="42602" /><D132/><U3/><E3/><V63/><F126/><W123/><G123/><T13/><D27/><U49/><E68/><V116/><F130/><W114/><G114/><T107/><D77/><U33/><E33/><V106/><F25/><W9/><G111/><T89/><D89/><U44/><E37/><V2/><F32/><W1/><G38/><T115/><D115/><U66/><E66/><V35/><F35/><W119/><G119/><T52/><D52/><U62/><E62/><V76/><F76/><W80/><G65/><T96/><D74/><U0/><E0/><V41/><F116/><W99/><G128/><T71/><D71/><U58/><E44/><V36/><F36/><W10/><G127/><T47/><D47/><U94/><E78/><V103/><F57/><W8/><REACH who="3" step="1"/><G1/><REACH who="3" ten="270,180,320,220" step="2"/><T19/><D19/><N who="1" m="12351" /><E72/><V45/><F2/><W64/><G64/><T61/><D61/><U85/><E85/><V29/><F63/><W69/><G69/><T93/><D107/><U86/><E84/><V42/><F106/><W133/><G133/><T53/><D53/><U4/><E4/><V82/><F5/><W100/><G100/><T51/><D51/><U60/><E49/><V104/><F6/><W91/><AGARI ba="0,1" hai="8,9,10,28,31,46,50,54,80,87,91,92,99,102" machi="91" ten="30,11700,0" yaku="1,1,0,1,8,1,52,1,53,0" doraHai="88" doraHaiUra="18" who="3" fromWho="3" sc="270,-39,180,-39,320,-39,220,127" /><INIT seed="3,1,0,1,5,87" ten="231,141,281,347" oya="3" hai0="107,125,94,21,19,114,31,120,63,13,8,103,7" hai1="118,82,33,126,12,124,5,59,86,106,83,119,50" hai2="66,3,79,73,76,111,97,131,36,88,32,38,20" hai3="67,105,48,60,1,85,26,14,28,4,109,0,39"/><W9/><G39/><T71/><D120/><U11/><E33/><V108/><F32/><W100/><G48/><T91/><D125/><N who="1" m="48235" /><E106/><V6/><F131/><W40/><G40/><T2/><D114/><U23/><E23/><V72/><F66/><W95/><G105/><T64/><D31/><U84/><E59/><V37/><F20/><W53/><G53/><T56/><D107/><U34/><E34/><V75/><F6/><W112/><G112/><T10/><D103/><U127/><N who="1" m="48243" /><U99/><DORA hai="58" /><E99/><V47/><F3/><W101/><G109/><N who="2" m="42057" /><F47/><W74/><G74/><T49/><D49/><U54/><E54/><V133/><F133/><W93/><G0/><T70/><REACH who="0" step="1"/><D21/><REACH who="0" ten="221,141,281,347" step="2"/><U46/><E50/><V18/><F36/><W55/><G28/><T115/><D115/><U65/><E46/><V43/><F37/><W110/><G110/><T29/><D29/><U135/><E135/><V44/><F44/><W62/><G101/><T116/><D116/><U52/><E118/><V102/><F102/><W128/><G100/><T51/><D51/><U69/><E119/><V61/><F38/><W90/><G128/><T104/><D104/><U16/><E5/><V15/><F43/><W132/><G132/><T129/><D129/><U25/><E25/><V89/><F18/><W27/><G27/><T117/><D117/><U77/><E16/><V45/><F45/><W24/><G24/><T57/><D57/><U81/><E69/><V41/><F41/><W92/><G26/><T122/><D122/><U121/><E121/><V35/><F35/><W78/><G4/><RYUUKYOKU ba="1,1" sc="221,30,141,-10,281,-10,347,-10" hai0="2,7,8,10,13,19,56,63,64,70,71,91,94" /><INIT seed="4,2,1,4,1,104" ten="251,131,271,337" oya="0" hai0="12,23,41,6,83,24,84,130,111,109,108,122,114" hai1="56,10,45,99,46,39,21,123,48,53,90,11,131" hai2="103,51,70,124,115,9,120,96,57,2,69,68,52" hai3="98,125,93,117,107,35,37,119,32,133,92,31,47"/><T26/><D122/><U0/><E123/><V8/><F115/><W58/><G107/><T134/><D114/><U19/><E131/><V28/><F124/><W50/><G125/><T18/><D130/><U110/><E110/><V42/><F120/><W7/><G7/><T40/><D134/><U129/><E129/><V121/><F121/><W71/><G71/><T60/><D60/><U25/><E0/><V132/><F132/><W16/><G133/><T43/><REACH who="0" step="1"/><D6/><REACH who="0" ten="241,131,271,337" step="2"/><U77/><E77/><AGARI ba="2,2" hai="12,18,23,24,26,40,41,43,77,83,84,108,109,111" machi="77" ten="50,9600,0" yaku="1,1,2,1,10,1,53,0" doraHai="104" doraHaiUra="66" who="0" fromWho="1" sc="241,122,131,-102,271,0,337,0" /><INIT seed="4,3,0,4,2,132" ten="363,29,271,337" oya="0" hai0="40,112,98,109,10,82,44,22,46,9,131,119,110" hai1="31,105,38,104,61,134,49,8,108,103,59,78,107" hai2="129,81,17,52,86,19,62,122,66,75,93,73,99" hai3="83,102,13,20,55,29,6,57,39,54,60,70,26"/><T16/><D119/><U126/><E38/><V50/><F129/><W72/><G39/><T68/><D131/><U63/><E108/><N who="0" m="41577" /><D68/><U114/><E134/><V92/><F122/><W41/><G70/><T118/><D118/><U5/><E78/><V21/><F75/><W24/><G41/><T106/><D82/><U120/><E120/><V121/><F73/><W90/><G102/><N who="0" m="62807" /><D112/><U79/><E79/><V117/><F121/><W28/><G72/><T14/><D46/><U95/><E114/><V87/><F117/><W23/><G83/><T0/><D0/><U94/><E31/><V42/><F42/><W116/><G116/><T15/><D14/><U56/><E49/><AGARI ba="3,0" hai="9,10,15,16,22,40,44,49" m="62807,41577" machi="49" ten="30,2900,0" yaku="10,1,54,1" doraHai="132" who="0" fromWho="1" sc="363,38,29,-38,271,0,337,0" owari="401,50.1,-9,-50.9,271,-12.9,337,13.7" /></mjloggm>