<mjloggm ver="2.3"><GO type="225" lobby="0"/><UN n0="%70%68%65%6E%6F%6D%65" n1="%E3%81%BF%E3%81%BF%E3%81%9A" n2="%E3%81%A4%E3%81%A3%E3%81%B1%E3%82%8A%E3%83%9D%E3%83%BC%E3%83%AB" n3="%E5%91%A8%E6%9D%B1" dan="16,17,17,16" rate="2191.87,2284.81,2181.81,2163.53" sx="M,M,M,M"/><TAIKYOKU oya="0"/><INIT seed="0,0,0,3,0,114" ten="250,250,250,250" oya="0" hai0="86,94,88,112,83,123,15,132,9,80,74,16,67" hai1="91,119,134,26,106,66,21,75,62,32,45,68,14" hai2="6,81,113,28,105,121,57,117,120,87,128,60,13" hai3="77,27,64,89,69,102,108,46,38,36,22,53,82"/><T50/><D112/><U4/><E75/><V2/><F113/><W44/><G102/><T85/><D123/><U125/><E134/><V59/><F105/><W72/><G108/><T98/><D132/><U51/><E125/><V7/><F2/><W5/><G5/><T63/><D50/><U42/><E106/><V133/><F133/><W61/><G89/><T56/><D74/><U33/><E119/><V41/><F41/><W126/><G126/><T25/><D25/><U20/><E91/><V48/><F28/><W118/><G118/><T17/><D17/><U131/><E131/><V11/><F7/><W107/><G107/><T37/><D37/><U122/><E122/><V58/><F128/><W124/><G124/><T65/><D67/><U30/><REACH who="1" step="1"/><E21/><REACH who="1" ten="250,240,250,250" step="2"/><V71/><F117/><W100/><G100/><T84/><AGARI ba="0,1" hai="9,15,16,56,63,65,80,83,84,85,86,88,94,98" machi="84" ten="30,11700,0" yaku="0,1,8,1,54,2" doraHai="114" who="0" fromWho="0" sc="250,127,240,-39,250,-39,250,-39" /><INIT seed="0,1,0,0,4,6" ten="377,201,211,211" oya="0" hai0="38,107,125,46,58,114,117,97,104,102,105,85,50" hai1="15,55,22,62,45,129,34,93,110,40,103,4,18" hai2="119,48,31,25,56,126,35,32,82,61,9,41,88" hai3="74,13,16,69,14,115,79,80,26,23,68,21,3"/><T106/><D114/><U113/><E110/><V2/><F126/><W131/><G3/><T84/><D117/><U49/><E129/><V112/><F112/><W118/><G115/><T7/><D125/><U121/><E113/><V33/><F119/><W77/><G118/><T100/><D100/><U24/><E121/><V19/><F48/><W95/><G131/><T20/><D7/><U51/><E62/><V67/><F41/><W12/><G79/><T47/><D20/><U70/><E70/><V109/><F109/><W11/><G95/><T39/><D58/><U0/><E0/><V57/><F57/><W8/><REACH who="3" step="1"/><G21/><REACH who="3" ten="377,201,211,201" step="2"/><T10/><D106/><U127/><E127/><V59/><F2/><W5/><G5/><T54/><D105/><U122/><E122/><V94/><F82/><W130/><G130/><T96/><D104/><U134/><E134/><V65/><F35/><W120/><G120/><T76/><D76/><U27/><E34/><V63/><F33/><W128/><G128/><T72/><D107/><U66/><E4/><V132/><F132/><W92/><G92/><T108/><D108/><U52/><E66/><V42/><F94/><W44/><G44/><T73/><D47/><N who="1" m="27711" /><E55/><V60/><F32/><W89/><G89/><T17/><D54/><U124/><E124/><V101/><F88/><W91/><G91/><T123/><D123/><U37/><E37/><V90/><F90/><W29/><G29/><T43/><D39/><U111/><E111/><V116/><F31/><W133/><G133/><T98/><D38/><U83/><E83/><V78/><F116/><RYUUKYOKU ba="1,1" sc="377,-15,201,15,211,-15,201,15" hai1="15,18,22,24,27,40,45,51,93,103" hai3="8,11,12,13,14,16,23,26,68,69,74,77,80" /><INIT seed="1,2,1,1,5,49" ten="362,216,196,216" oya="1" hai0="24,85,110,94,47,66,128,84,123,18,39,37,75" hai1="22,92,91,27,55,97,44,19,125,10,120,36,67" hai2="34,43,80,48,133,46,81,63,71,73,116,107,74" hai3="105,76,35,26,99,131,21,86,14,17,117,4,54"/><U3/><E120/><V135/><F116/><W98/><G117/><T15/><D75/><N who="2" m="28682" /><F34/><W106/><G131/><T0/><D110/><U57/><E125/><V83/><F107/><W103/><G76/><T58/><D0/><U88/><E3/><V82/><F82/><W56/><G86/><T13/><D128/><U2/><E2/><V108/><F108/><W124/><G124/><T100/><D24/><U32/><E32/><V111/><F111/><W78/><G78/><T16/><D123/><U69/><E69/><V134/><F71/><W129/><G129/><T113/><D47/><U118/><E118/><V31/><F63/><W38/><G38/><T12/><D39/><U33/><E33/><V1/><F1/><W59/><G4/><T8/><D37/><U53/><E10/><V109/><F109/><W11/><G35/><T132/><D13/><U45/><E91/><V65/><F65/><W119/><G119/><T61/><D132/><N who="2" m="33794" /><V114/><DORA hai="23" /><F31/><W5/><REACH who="3" step="1"/><G54/><REACH who="3" ten="362,216,196,206" step="2"/><N who="1" m="20490" /><E36/><V122/><F114/><W28/><G28/><T93/><D113/><U42/><E42/><N who="2" m="24663" /><F122/><W102/><AGARI ba="2,2" hai="5,11,14,17,21,26,56,59,98,99,102,103,105,106" machi="102" ten="30,7900,0" yaku="1,1,0,1,9,1,52,1,53,0" doraHai="49,23" doraHaiUra="121,126" who="3" fromWho="3" sc="362,-22,216,-41,196,-22,206,105" /><INIT seed="2,0,0,0,1,99" ten="340,175,174,311" oya="2" hai0="60,6,62,47,82,114,5,37,22,52,15,46,57" hai1="86,39,51,16,64,75,134,94,48,18,108,112,102" hai2="109,123,78,66,13,135,14,26,87,74,33,42,90" hai3="17,116,80,107,89,110,2,97,43,53,58,30,104"/><V68/><F123/><W59/><G116/><T24/><D114/><U81/><E39/><V121/><F121/><W20/><G110/><T85/><D60/><U73/><E112/><V91/><F109/><W23/><G2/><T45/><D37/><U103/><E108/><V106/><F106/><W67/><G43/><T125/><D15/><U92/><E86/><V8/><F135/><W9/><G67/><T32/><D32/><U12/><E12/><V65/><F74/><W69/><G69/><T10/><D10/><U0/><E64/><N who="2" m="24683" /><F33/><W54/><G9/><T127/><D125/><U111/><E111/><V100/><F68/><W128/><G128/><T29/><REACH who="0" step="1"/><D127/><REACH who="0" ten="330,175,174,311" step="2"/><U35/><E35/><V124/><F14/><W131/><G131/><T95/><D95/><U93/><E94/><V41/><F124/><W44/><G107/><T34/><D34/><U105/><E105/><V84/><F13/><W38/><G104/><T129/><D129/><U40/><E134/><V117/><F8/><W118/><G38/><T28/><D28/><U115/><E115/><V120/><F120/><W11/><G11/><T83/><D83/><U101/><E101/><V98/><F117/><W72/><G80/><T25/><D25/><U77/><E81/><N who="2" m="47159" /><F26/><W21/><G118/><T55/><D55/><U79/><E40/><V96/><F100/><W36/><G36/><T113/><D113/><U4/><E0/><V31/><F42/><W122/><G122/><T130/><D130/><U19/><E4/><V71/><F41/><W126/><G126/><T132/><D132/><U61/><E19/><RYUUKYOKU ba="0,1" sc="330,15,175,15,174,-15,311,-15" hai0="5,6,22,24,29,45,46,47,52,57,62,82,85" hai1="16,18,48,51,61,73,75,77,79,92,93,102,103" /><INIT seed="3,1,1,4,3,130" ten="345,190,159,296" oya="3" hai0="79,75,11,65,100,90,85,126,107,69,70,60,32" hai1="8,99,91,113,104,103,14,115,48,68,38,94,92" hai2="101,105,78,135,18,13,114,6,49,24,46,40,109" hai3="25,121,89,27,34,63,96,43,124,28,54,19,4"/><W50/><G124/><T26/><D126/><U37/><E68/><V33/><F114/><W41/><G121/><T45/><D11/><U133/><E104/><V93/><F109/><W21/><G4/><T51/><D79/><U44/><E115/><V0/><F105/><W83/><G63/><T12/><D75/><U15/><E113/><V125/><F125/><W10/><G10/><T20/><D12/><U97/><E15/><V7/><F0/><W123/><G123/><T2/><D32/><U102/><E133/><V119/><F119/><W129/><G129/><T84/><D100/><U74/><E74/><V30/><F78/><W117/><G117/><T1/><D85/><U42/><E91/><V35/><F35/><W9/><G9/><T98/><D98/><U131/><REACH who="1" step="1"/><E131/><REACH who="1" ten="345,180,159,296" step="2"/><V120/><F120/><W134/><G134/><T73/><D73/><U59/><E59/><V64/><F135/><W71/><G71/><T61/><D107/><U76/><E76/><V29/><F64/><W77/><G77/><T95/><D69/><U132/><E132/><V82/><F82/><W66/><G66/><T16/><D70/><U17/><AGARI ba="1,2" hai="8,14,17,37,38,42,44,48,92,94,97,99,102,103" machi="17" ten="20,5200,0" yaku="1,1,0,1,7,1,9,1,53,0" doraHai="130" doraHaiUra="111" who="1" fromWho="1" sc="345,-14,180,75,159,-14,296,-27" owari="331,43.1,255,-14.5,145,-35.5,269,6.9" /></mjloggm>