<mjloggm ver="2.3"><GO type="169" lobby="0"/><UN n0="%E3%81%A1%E3%82%83%E3%82%8B%E3%82%81%E3%82%89" n1="%6D%65%6C%65%78" n2="%E6%8E%A2%39" n3="%41%6E%74%69%62%6F%64%79" dan="17,16,17,17" rate="2226.54,2103.42,2175.81,2182.32" sx="M,M,M,M"/><TAIKYOKU oya="0"/><INIT seed="0,0,0,5,4,21" ten="250,250,250,250" oya="0" hai0="128,58,81,66,97,50,130,105,46,19,10,119,114" hai1="42,95,8,52,34,18,20,107,112,85,2,100,125" hai2="16,43,31,26,23,116,25,38,69,115,28,40,87" hai3="57,101,127,106,5,63,86,44,68,32,135,123,35"/><T80/><D114/><U83/><E112/><V78/><F69/><W71/><G127/><T76/><D119/><U96/><E125/><V122/><F115/><W134/><G5/><T7/><D19/><U91/><E34/><V51/><F122/><W61/><G44/><T48/><D66/><U55/><E42/><N who="2" m="15915" /><F38/><W37/><G86/><T77/><D58/><U98/><E8/><V110/><F110/><W6/><G6/><T11/><D97/><U56/><E2/><V30/><F51/><N who="0" m="19498" /><D105/><U12/><REACH who="1" step="1"/><E56/><REACH who="1" ten="250,240,250,250" step="2"/><V59/><F59/><W99/><G57/><T47/><D7/><U121/><E121/><V90/><F116/><W109/><G123/><T72/><D11/><U54/><E54/><V94/><F78/><AGARI ba="0,1" hai="12,18,20,52,55,78,83,85,91,95,96,98,100,107" machi="78" ten="30,7700,0" yaku="1,1,7,1,54,1,53,1" doraHai="21" doraHaiUra="102" who="1" fromWho="2" sc="250,0,240,87,250,-77,250,0" /><INIT seed="1,0,0,5,1,130" ten="250,327,173,250" oya="1" hai0="99,129,111,76,19,63,108,92,126,77,120,37,16" hai1="107,12,66,30,55,54,7,85,69,87,93,21,78" hai2="10,70,64,113,27,131,33,5,125,32,90,86,1" hai3="106,89,9,112,38,61,101,104,122,88,103,23,127"/><U13/><E107/><V96/><F131/><W81/><G38/><T67/><D129/><U26/><E69/><V3/><F125/><W58/><G122/><T60/><D37/><U59/><E66/><V35/><F113/><W65/><G112/><T134/><D126/><U41/><E41/><V105/><F1/><W14/><G127/><T73/><D120/><U117/><E117/><V34/><F34/><W18/><G106/><T119/><D119/><U2/><E2/><V42/><F42/><W114/><G114/><T46/><D46/><U133/><E54/><V57/><F57/><W74/><G104/><T82/><D77/><U24/><E7/><V109/><F109/><N who="0" m="42058" /><D134/><U53/><E133/><V8/><F8/><W71/><G71/><N who="0" m="42471" /><D63/><U62/><E53/><V11/><F11/><W118/><G118/><T68/><D68/><U72/><E72/><V48/><F48/><W51/><G51/><T17/><D19/><U128/><E128/><V80/><F64/><W124/><G124/><T15/><D15/><U45/><E45/><V28/><REACH who="2" step="1"/><F70/><REACH who="2" ten="250,327,163,250" step="2"/><W132/><G65/><T115/><D115/><U4/><E59/><V75/><F75/><W95/><G74/><T56/><D56/><U135/><E62/><V29/><F29/><W94/><G58/><T83/><D82/><U22/><E30/><V40/><F40/><W52/><G81/><T84/><D73/><U39/><E39/><V121/><F121/><W102/><G61/><T31/><D31/><U110/><E110/><V123/><F123/><W91/><G9/><T98/><D83/><U50/><E50/><RYUUKYOKU ba="0,1" sc="250,-10,327,-10,163,30,250,-10" hai2="3,5,10,27,28,32,33,35,80,86,90,96,105" /><INIT seed="2,1,1,0,4,33" ten="240,317,193,240" oya="2" hai0="61,21,20,53,76,83,119,134,117,49,77,131,74" hai1="89,47,118,48,38,90,79,50,66,37,112,75,91" hai2="116,132,133,25,122,115,4,99,73,51,72,45,127" hai3="125,24,6,68,113,62,60,109,41,129,40,0,81"/><V98/><F115/><W36/><G109/><T130/><D61/><U3/><E112/><V17/><F116/><N who="0" m="44618" /><D77/><U104/><E118/><V108/><F122/><W56/><G113/><T11/><D11/><U69/><E104/><V31/><F17/><W34/><G125/><T95/><D95/><U28/><E28/><V92/><F4/><W18/><G129/><N who="0" m="49163" /><D134/><N who="2" m="51818" /><F127/><W100/><G62/><T13/><D13/><U105/><E105/><V65/><F65/><W82/><G60/><T5/><D5/><U96/><E66/><V87/><F108/><W128/><G6/><T102/><D102/><U12/><E12/><V106/><F87/><W93/><G128/><T101/><D101/><U85/><E85/><V9/><F9/><W103/><G103/><T110/><D110/><U23/><E75/><N who="2" m="28747" /><F92/><W14/><G93/><T43/><D43/><U114/><E114/><V29/><F106/><W97/><G100/><T15/><D15/><U32/><E96/><N who="2" m="36907" /><F25/><W126/><G24/><T19/><D19/><U46/><E69/><V57/><F57/><AGARI ba="1,1" hai="20,21,49,53,57,74,76,83" m="49163,44618" machi="57" ten="30,2000,0" yaku="12,1,19,1" doraHai="33" who="0" fromWho="2" sc="240,33,317,0,193,-23,240,0" /><INIT seed="3,0,0,1,1,41" ten="273,317,170,240" oya="3" hai0="71,116,118,26,112,53,74,12,27,60,16,23,88" hai1="134,24,50,57,89,4,19,18,13,94,3,119,125" hai2="97,54,77,87,56,84,105,104,131,48,108,17,75" hai3="117,2,92,120,128,83,86,42,0,100,91,93,34"/><W39/><G117/><T72/><D112/><U44/><E119/><V31/><F31/><W59/><G120/><T61/><D71/><U66/><E125/><V76/><F108/><W127/><G127/><T73/><D118/><U40/><E134/><V10/><F131/><W110/><G128/><T113/><D113/><U130/><E130/><V69/><F69/><W102/><G34/><T115/><D115/><U49/><E3/><V25/><F75/><W11/><G110/><T85/><D116/><U32/><E32/><V20/><F10/><W46/><G59/><T1/><D1/><U103/><E103/><V9/><F9/><W90/><G83/><T45/><D61/><U107/><E107/><V132/><F132/><W67/><G67/><T81/><REACH who="0" step="1"/><D60/><REACH who="0" ten="263,317,170,240" step="2"/><U122/><E122/><V52/><F105/><W5/><REACH who="3" step="1"/><G0/><REACH who="3" ten="263,317,170,230" step="2"/><T80/><D80/><U35/><E66/><V82/><F82/><W101/><G101/><T29/><D29/><U22/><E35/><V38/><F77/><W78/><G78/><T79/><D79/><U37/><E89/><V70/><F76/><W15/><G15/><T58/><D58/><U95/><E57/><V65/><F56/><W7/><G7/><T14/><D14/><U111/><E4/><V28/><F65/><W68/><G68/><T106/><D106/><U126/><E126/><V63/><F70/><W109/><G109/><T62/><D62/><U30/><E111/><V121/><F63/><W6/><G6/><T43/><D43/><U47/><E13/><V33/><F104/><W98/><AGARI ba="0,2" hai="2,5,11,39,42,46,86,90,91,92,93,98,100,102" machi="98" ten="20,7800,0" yaku="1,1,0,1,7,1,52,1,53,0" doraHai="41" doraHaiUra="51" who="3" fromWho="3" sc="263,-26,317,-26,170,-26,230,98" /><INIT seed="3,1,0,4,3,38" ten="237,291,144,328" oya="3" hai0="87,12,46,30,54,22,39,90,62,70,115,32,132" hai1="112,57,25,120,127,123,130,129,10,23,77,19,125" hai2="114,76,5,100,106,92,98,3,11,82,117,21,52" hai3="78,53,6,119,48,18,104,116,56,4,55,81,60"/><W74/><G104/><T99/><D132/><U41/><E77/><V131/><F131/><N who="1" m="50185" /><E57/><V85/><F117/><W59/><REACH who="3" step="1"/><G18/><REACH who="3" ten="237,291,144,318" step="2"/><T135/><D135/><U107/><E107/><V118/><F118/><AGARI ba="1,1" hai="4,6,48,53,55,56,59,60,74,78,81,116,118,119" machi="118" ten="40,3900,0" yaku="1,1,2,1,53,0" doraHai="38" doraHaiUra="29" who="3" fromWho="2" sc="237,0,291,0,144,-42,318,52" /><INIT seed="3,2,0,1,0,32" ten="237,291,102,370" oya="3" hai0="5,78,83,109,97,101,79,41,53,92,89,128,102" hai1="14,117,9,90,38,61,119,48,93,8,57,30,135" hai2="33,72,123,98,10,23,59,54,115,25,91,80,129" hai3="127,105,126,24,20,40,103,58,3,18,29,69,56"/><W82/><G69/><T71/><D71/><U64/><E38/><V66/><F115/><W31/><G40/><T11/><D109/><U125/><E30/><V60/><F129/><W122/><G122/><T73/><D128/><U52/><E125/><V7/><F123/><W81/><G105/><T67/><D67/><U110/><E110/><V75/><F33/><W132/><G103/><T1/><D79/><U95/><E135/><V2/><F66/><W130/><G130/><T55/><D55/><U22/><E22/><V4/><F4/><W39/><G39/><T21/><D21/><U13/><E13/><V28/><REACH who="2" step="1"/><F80/><REACH who="2" ten="237,291,92,370" step="2"/><W16/><G82/><T74/><D74/><U42/><E117/><V34/><F34/><W47/><G81/><T12/><D12/><U120/><E120/><V26/><F26/><W113/><G24/><T46/><REACH who="0" step="1"/><D53/><REACH who="0" ten="227,291,92,370" step="2"/><U116/><E14/><V19/><F19/><W63/><G16/><T45/><D45/><U87/><E116/><V70/><F70/><W68/><G47/><T35/><D35/><U44/><E119/><V27/><F27/><W124/><G68/><T106/><D106/><U86/><E64/><V111/><F111/><W43/><G18/><T121/><D121/><U99/><REACH who="1" step="1"/><E86/><REACH who="1" ten="227,281,92,370" step="2"/><V112/><F112/><W107/><G113/><T50/><AGARI ba="2,3" hai="1,5,11,41,46,50,73,78,83,89,92,97,101,102" machi="50" ten="20,8000,1" yaku="1,1,0,1,7,1,52,1,53,1" doraHai="32" doraHaiUra="84" who="0" fromWho="0" sc="227,116,281,-22,92,-22,370,-42" /><INIT seed="4,0,0,4,5,132" ten="343,259,70,328" oya="0" hai0="103,71,16,17,133,117,118,8,26,97,99,22,54" hai1="52,3,60,62,21,102,14,31,107,6,36,61,46" hai2="119,59,111,74,0,18,81,75,106,57,78,69,88" hai3="67,90,115,108,84,121,91,39,7,80,82,79,110"/><T129/><D133/><U135/><E135/><V124/><F111/><W55/><G39/><T4/><D71/><U30/><E3/><V114/><F69/><W76/><G67/><T66/><D66/><U47/><E107/><V109/><F109/><N who="3" m="42091" /><G55/><T50/><D17/><U1/><E1/><V112/><F0/><W131/><G7/><T101/><D129/><U85/><E102/><V134/><F106/><W35/><G35/><T68/><D68/><U89/><E36/><V9/><F134/><W45/><G45/><T23/><D23/><U2/><E2/><V29/><F29/><W37/><G37/><T87/><D87/><U58/><E46/><V42/><F42/><W125/><G131/><T86/><D86/><U34/><E47/><V32/><F32/><W72/><G115/><T93/><D8/><N who="1" m="4375" /><E21/><V127/><F119/><W40/><G40/><T120/><D4/><U105/><E105/><V83/><F9/><W122/><G125/><N who="2" m="48201" /><F18/><W73/><G73/><T20/><D20/><U43/><E43/><V11/><F11/><W33/><G33/><T44/><D120/><AGARI ba="0,0" hai="72,76,79,80,82,84,90,91,120,121,122" m="42091" machi="120" ten="30,3900,0" yaku="13,1,34,2" doraHai="132" who="3" fromWho="0" sc="343,-39,259,0,70,0,328,39" /><INIT seed="5,0,0,2,3,84" ten="304,259,70,367" oya="1" hai0="87,55,100,24,122,18,108,74,70,110,48,132,17" hai1="95,53,97,102,124,89,0,16,65,21,123,96,11" hai2="50,127,111,3,4,25,36,83,2,47,54,120,101" hai3="38,60,33,8,64,125,73,94,93,114,98,6,57"/><U128/><E123/><V91/><F111/><W42/><G73/><T104/><D74/><U29/><E128/><V63/><F120/><W68/><G33/><T37/><D37/><U113/><E113/><V69/><F127/><W5/><G114/><T86/><D70/><U72/><E124/><V59/><F101/><W117/><G117/><T71/><D71/><U82/><E65/><V35/><F4/><W1/><G5/><T116/><D116/><U81/><E72/><V107/><F107/><W109/><G109/><T10/><D122/><U121/><E121/><V40/><F35/><W22/><G125/><T112/><D132/><U88/><E0/><V19/><F25/><W34/><G34/><T75/><D75/><U80/><E53/><V126/><F19/><W62/><G22/><T31/><D112/><U30/><E11/><V61/><F61/><W49/><G98/><T131/><D131/><U13/><REACH who="1" step="1"/><E96/><REACH who="1" ten="304,249,70,367" step="2"/><V119/><F126/><W51/><G8/><T26/><D55/><U45/><E45/><V23/><F119/><W32/><G1/><T43/><D10/><U41/><E41/><V14/><F2/><W66/><G42/><T76/><D43/><U133/><E133/><V115/><F3/><W103/><G66/><T105/><D110/><U85/><E85/><N who="2" m="50623" /><F115/><W39/><G64/><T58/><D87/><U20/><E20/><V134/><F134/><W9/><G9/><T27/><D86/><U12/><E12/><V77/><F23/><W56/><G32/><T130/><D130/><U129/><E129/><V67/><F14/><W28/><G6/><RYUUKYOKU ba="0,1" sc="304,-15,249,15,70,15,367,-15" hai1="13,16,21,29,30,80,81,82,88,89,95,97,102" hai2="36,40,47,50,54,59,63,67,69,77" /><INIT seed="5,1,1,1,1,19" ten="289,264,85,352" oya="1" hai0="81,73,95,25,122,53,16,134,120,104,49,88,112" hai1="44,32,60,109,130,26,6,37,56,59,117,92,66" hai2="87,97,48,10,133,79,114,5,36,12,11,8,38" hai3="124,65,47,90,77,80,68,20,119,57,135,55,116"/><U58/><E117/><N who="3" m="45130" /><G124/><T123/><D104/><U94/><E130/><V126/><F126/><W76/><G135/><T21/><D134/><U113/><E113/><V18/><F133/><W28/><G47/><T70/><D70/><U110/><E6/><V103/><F114/><W121/><G121/><T89/><D112/><U54/><E32/><V23/><F5/><W30/><G65/><T52/><D49/><U75/><E75/><V34/><F34/><W74/><G68/><T7/><D7/><U83/><E83/><V91/><F48/><N who="3" m="30951" /><G77/><N who="0" m="44207" /><D89/><U22/><E37/><V96/><F79/><W29/><G90/><T71/><D71/><U17/><E44/><V45/><F45/><W42/><G42/><T105/><D105/><U50/><REACH who="1" step="1"/><E58/><REACH who="1" ten="289,254,85,352" step="2"/><V93/><REACH who="2" step="1"/><F97/><AGARI ba="1,2" hai="16,21,25,52,53,88,95,97,120,122,123" m="44207" machi="97" ten="30,8000,1" yaku="13,1,52,1,54,3" doraHai="19" who="0" fromWho="2" sc="289,103,254,0,85,-83,352,0" /><INIT seed="6,0,0,0,5,51" ten="392,254,2,352" oya="2" hai0="2,45,15,115,128,101,44,129,91,74,48,79,106" hai1="85,61,47,112,132,96,105,122,9,34,116,88,86" hai2="60,50,55,30,70,37,92,118,75,80,126,114,108" hai3="23,123,124,22,38,16,63,110,62,120,104,67,14"/><V27/><F118/><W6/><G110/><T109/><D2/><U82/><E116/><V49/><F37/><W71/><G124/><T90/><D109/><U1/><E34/><V133/><F108/><W8/><G104/><T57/><D57/><U95/><E112/><V103/><F114/><W21/><G38/><T87/><D115/><U56/><E132/><V20/><F133/><W26/><REACH who="3" step="1"/><G62/><REACH who="3" ten="392,254,2,342" step="2"/><T68/><D106/><U36/><E122/><AGARI ba="0,1" hai="6,8,14,16,21,22,23,26,63,67,71,120,122,123" machi="122" ten="40,8000,1" yaku="1,1,2,1,54,1,53,1" doraHai="51" doraHaiUra="11" who="3" fromWho="1" sc="392,0,254,-80,2,0,342,90" /><INIT seed="7,0,0,0,4,37" ten="392,174,2,432" oya="3" hai0="86,134,48,25,70,34,68,29,28,8,98,103,47" hai1="80,56,101,73,104,0,135,99,108,50,72,3,102" hai2="60,85,109,22,81,94,11,33,75,13,61,12,116" hai3="5,6,120,49,69,88,126,31,106,23,57,55,78"/><W59/><G120/><T131/><D131/><U119/><E108/><V7/><F109/><W127/><G69/><T65/><D134/><U113/><E113/><V87/><F116/><W20/><G106/><T124/><D124/><N who="3" m="47657" /><G78/><T52/><D29/><U35/><E135/><V67/><F75/><W79/><G79/><T41/><D86/><U92/><E35/><V44/><F33/><W21/><G31/><T83/><D83/><U96/><E119/><V16/><F94/><W82/><G59/><T26/><D26/><U62/><E50/><V10/><F87/><AGARI ba="0,0" hai="5,6,20,21,23,49,55,57,82,87,88" m="47657" machi="87" ten="30,2900,0" yaku="18,1,54,1" doraHai="37" who="3" fromWho="2" sc="392,0,174,0,2,-29,432,29" owari="392,19.2,174,-22.6,-27,-52.7,461,56.1" /></mjloggm>