<mjloggm ver="2.3"><GO type="169" lobby="0"/><UN n0="%E3%83%95%E3%82%AF%E3%83%AD%E3%82%A6%E3%82%B5%E3%83%B3" n1="%E5%A4%A9%E5%87%B0%E3%81%82%E3%82%8A%E3%81%8C%E3%81%A8%E3%81%86" n2="%54%61%6B%61%79%61%40" n3="%E4%B9%9D%E7%B4%8B%E9%BE%8D%E5%8F%B2%E9%80%B2" dan="17,16,16,19" rate="2181.64,2104.81,2080.65,2295.15" sx="M,M,M,M"/><TAIKYOKU oya="0"/><INIT seed="0,0,0,1,4,24" ten="250,250,250,250" oya="0" hai0="77,121,46,10,65,49,97,90,14,106,88,16,95" hai1="50,99,5,51,32,9,67,76,45,80,64,68,56" hai2="101,33,92,120,122,37,4,21,82,30,87,72,40" hai3="44,118,96,28,18,115,69,98,134,75,20,83,84"/><T53/><D121/><U66/><E68/><V112/><F112/><W48/><G115/><T31/><D106/><U100/><E32/><V25/><F72/><W60/><G75/><T55/><D65/><U0/><E56/><V123/><F4/><W93/><G118/><T107/><D107/><U57/><E57/><V38/><F40/><W6/><G6/><T73/><D73/><U61/><E61/><V129/><F129/><W128/><G128/><T43/><D77/><U36/><E36/><V41/><F41/><W29/><G134/><T124/><D124/><U117/><E117/><V19/><F92/><W13/><G60/><T23/><D90/><U131/><E131/><V70/><F101/><N who="3" m="60559" /><G98/><T119/><D119/><U85/><REACH who="1" step="1"/><E45/><REACH who="1" ten="250,240,250,250" step="2"/><V135/><F70/><W78/><G69/><T22/><REACH who="0" step="1"/><D31/><REACH who="0" ten="240,240,250,250" step="2"/><U1/><E1/><V108/><F123/><W52/><AGARI ba="0,2" hai="13,18,20,28,29,44,48,52,78,83,84" m="60559" machi="52" ten="30,7900,0" yaku="8,1,52,2,54,1" doraHai="24" who="3" fromWho="3" sc="240,-39,240,-20,250,-20,250,99" /><INIT seed="1,0,0,0,3,134" ten="201,220,230,349" oya="1" hai0="76,8,112,51,45,125,65,77,41,38,124,29,59" hai1="44,3,110,63,35,106,21,122,121,116,114,4,91" hai2="79,70,120,83,13,53,95,82,32,54,100,56,103" hai3="129,52,1,130,72,58,123,22,67,66,31,89,18"/><U16/><E106/><V5/><F70/><W133/><G123/><T135/><D112/><U109/><E91/><V14/><F32/><W47/><G133/><T55/><D135/><U23/><E63/><V80/><F120/><N who="1" m="46185" /><E44/><V71/><F71/><W99/><G1/><T93/><D29/><U2/><E114/><V102/><F79/><W27/><G72/><T117/><D117/><U43/><E43/><V62/><F5/><W40/><G31/><T34/><D34/><U28/><E116/><V108/><F108/><N who="1" m="41577" /><E4/><V94/><F54/><W26/><G89/><T96/><D65/><U50/><E50/><V92/><AGARI ba="0,0" hai="13,14,53,56,62,80,82,83,92,94,95,100,102,103" machi="92" ten="40,8000,1" yaku="0,1,29,2,8,1" doraHai="134" who="2" fromWho="2" sc="201,-20,220,-40,230,80,349,-20" /><INIT seed="2,0,0,0,4,92" ten="181,180,310,329" oya="2" hai0="82,102,131,27,30,107,36,10,53,105,114,61,122" hai1="96,67,101,104,87,111,47,16,20,77,1,115,4" hai2="66,72,135,26,112,80,78,46,100,75,48,34,126" hai3="62,113,108,132,123,2,11,69,18,85,93,110,120"/><V73/><F112/><W90/><G113/><T94/><D114/><U25/><E115/><RYUUKYOKU type="kaze4" ba="0,0" sc="181,0,180,0,310,0,329,0" /><INIT seed="2,1,0,5,1,130" ten="181,180,310,329" oya="2" hai0="106,14,36,123,63,90,97,101,57,93,115,109,23" hai1="87,1,40,96,4,2,15,7,10,119,41,32,70" hai2="44,52,132,94,50,26,98,104,128,60,31,103,11" hai3="81,55,92,3,8,30,95,129,84,39,33,133,34"/><V74/><F128/><W105/><G129/><T71/><D123/><U13/><E119/><V120/><F120/><W88/><G105/><T54/><D115/><U37/><E70/><V68/><F74/><W108/><G39/><T9/><D109/><U75/><E75/><V76/><F76/><W122/><G122/><T25/><D36/><U107/><E32/><V58/><F11/><W111/><G55/><T29/><D71/><U117/><E117/><V80/><F80/><W89/><G81/><T125/><D125/><U114/><E114/><V49/><F94/><W67/><G67/><T28/><D28/><U45/><E41/><V24/><F24/><W62/><G62/><T18/><REACH who="0" step="1"/><D106/><REACH who="0" ten="171,180,310,329" step="2"/><U113/><E113/><V5/><F68/><W19/><G30/><T86/><D86/><U59/><E87/><V83/><F5/><W42/><G84/><T82/><D82/><U48/><E7/><V22/><F83/><W127/><G127/><T126/><D126/><U116/><E116/><V51/><REACH who="2" step="1"/><F132/><REACH who="2" ten="171,180,300,329" step="2"/><W85/><G133/><T21/><D21/><U79/><E4/><V102/><F102/><AGARI ba="1,2" hai="9,14,18,23,25,29,54,57,63,90,93,97,101,102" machi="102" ten="40,2600,0" yaku="1,1,8,1,53,0" doraHai="130" doraHaiUra="61" who="0" fromWho="2" sc="171,49,180,0,300,-29,329,0" /><INIT seed="3,0,0,0,1,126" ten="220,180,271,329" oya="3" hai0="124,111,75,22,44,116,52,9,20,92,83,50,6" hai1="97,0,4,1,17,30,100,47,84,98,63,67,39" hai2="71,33,41,82,118,40,10,8,130,19,81,62,115" hai3="23,86,38,79,34,24,32,99,104,93,101,106,16"/><W55/><G38/><T69/><D116/><U31/><E84/><V120/><F118/><W109/><G109/><T129/><D69/><U76/><E76/><V103/><F33/><W113/><G113/><T65/><D65/><U46/><E17/><V72/><F115/><W66/><G66/><T91/><D124/><U88/><E4/><V110/><F62/><W107/><REACH who="3" step="1"/><G55/><REACH who="3" ten="220,180,271,319" step="2"/><T56/><D111/><U11/><E67/><V73/><F110/><W127/><G127/><T89/><D52/><U108/><E39/><V13/><F120/><W3/><G3/><T94/><D75/><U21/><E108/><V37/><F37/><W28/><G28/><T135/><D135/><U25/><E0/><V61/><F73/><W133/><G133/><T68/><D68/><U74/><E30/><V85/><F72/><W7/><G7/><T122/><D6/><U117/><E74/><V87/><F71/><W105/><N who="3" m="26624" /><DORA hai="125" /><W102/><G102/><T35/><D122/><U60/><E117/><V121/><F103/><W123/><G123/><T29/><D29/><U14/><E100/><V51/><F121/><W132/><G132/><T58/><D35/><U114/><E1/><V90/><F19/><W77/><G77/><T80/><D91/><U5/><E114/><V78/><F78/><W2/><G2/><T45/><D89/><U36/><E36/><V54/><F90/><W128/><G128/><T49/><D129/><U15/><E88/><V119/><F130/><W64/><G64/><T53/><D53/><U48/><E31/><V42/><F119/><W27/><G27/><RYUUKYOKU ba="0,1" sc="220,15,180,-15,271,-15,319,15" hai0="9,20,22,44,45,49,50,56,58,80,83,92,94" hai3="16,23,24,32,34,79,86,93,99,101" /><INIT seed="3,1,1,0,0,45" ten="235,165,256,334" oya="3" hai0="41,74,129,100,56,117,21,102,80,97,127,19,39" hai1="49,71,32,84,36,15,10,70,17,30,122,0,42" hai2="60,46,118,132,91,82,68,40,31,25,35,110,105" hai3="111,51,99,103,77,106,121,24,28,73,27,55,57"/><W123/><G27/><T4/><D117/><U131/><E122/><V76/><F118/><W43/><G111/><T52/><D129/><U135/><E131/><V64/><F110/><W108/><G108/><T86/><D74/><U62/><E135/><V109/><F109/><W44/><G77/><T5/><D127/><U72/><E72/><V3/><F91/><W75/><G75/><T126/><D126/><U116/><E116/><V94/><F94/><W125/><G73/><T93/><D102/><U78/><E36/><V54/><F105/><W120/><G125/><T14/><D41/><U33/><E0/><V112/><F112/><W2/><G2/><T50/><REACH who="0" step="1"/><D39/><REACH who="0" ten="225,165,256,334" step="2"/><U114/><E42/><V26/><F40/><W85/><G85/><T63/><D63/><U11/><E84/><V6/><F132/><W9/><G9/><T23/><D23/><U81/><E62/><V128/><F128/><W83/><G83/><T119/><D119/><U87/><E10/><V66/><F82/><W12/><G123/><T18/><D18/><U92/><E81/><V79/><F60/><W115/><G115/><T59/><D59/><U34/><E17/><V134/><F134/><W88/><G57/><T7/><D7/><U20/><E114/><V29/><F6/><W37/><G43/><T58/><D58/><U16/><E16/><V107/><F68/><W130/><G37/><T67/><D67/><U38/><E71/><V90/><F66/><W69/><G130/><T22/><D22/><U65/><E20/><V95/><F64/><W61/><G121/><T101/><D101/><RYUUKYOKU ba="1,2" sc="225,30,165,-10,256,-10,334,-10" hai0="4,5,14,19,21,50,52,56,80,86,93,97,100" /><INIT seed="4,2,2,3,0,119" ten="255,155,246,324" oya="0" hai0="109,92,56,33,25,22,121,31,51,9,101,133,57" hai1="17,76,103,69,3,20,34,74,104,49,64,63,128" hai2="39,131,130,46,15,35,55,5,4,86,16,11,45" hai3="82,124,2,58,72,28,125,114,43,112,73,80,14"/><T59/><D133/><U13/><E128/><N who="2" m="49195" /><F35/><W78/><G2/><T60/><D109/><U68/><E3/><V89/><F39/><W111/><G111/><T110/><D110/><U12/><E34/><V102/><F102/><W107/><G28/><T90/><D121/><U18/><E49/><N who="2" m="29103" /><F46/><W40/><G14/><T97/><D33/><U26/><E103/><V24/><F24/><W122/><G58/><T10/><D51/><U7/><E104/><V99/><F99/><W113/><G107/><T19/><D60/><U30/><E69/><V21/><F21/><W123/><G113/><T117/><D117/><U48/><E48/><V42/><F42/><W83/><G83/><AGARI ba="2,2" hai="4,5,11,15,16,83,86,89" m="29103,49195" machi="83" ten="30,3900,0" yaku="25,1,19,1,54,1" doraHai="119" who="2" fromWho="3" sc="255,0,155,0,246,65,324,-45" /><INIT seed="5,0,0,5,4,32" ten="255,155,311,279" oya="1" hai0="123,54,76,18,17,116,35,98,15,133,65,124,57" hai1="12,132,34,125,9,89,37,5,130,7,101,135,3" hai2="84,119,30,48,41,99,23,70,118,19,6,102,11" hai3="0,131,92,31,75,26,86,134,10,33,36,59,45"/><U87/><E37/><V85/><F70/><W96/><G75/><T103/><D116/><U129/><E101/><V126/><F126/><W72/><G72/><T110/><D110/><U21/><E125/><V56/><F30/><W77/><G134/><N who="1" m="51242" /><E34/><V114/><F114/><W97/><G131/><N who="1" m="50186" /><E21/><V16/><F119/><W128/><G128/><T55/><D35/><U81/><E7/><V4/><F4/><W39/><G39/><T127/><D133/><U83/><E83/><V79/><F118/><W58/><G36/><T49/><D127/><U117/><E117/><V94/><F79/><W38/><G77/><T67/><D76/><U73/><E73/><V2/><F19/><W80/><G80/><T52/><D17/><U20/><E20/><V93/><F93/><W109/><G109/><T82/><D82/><U107/><E107/><V63/><F23/><W100/><G38/><T14/><D18/><U40/><E40/><V88/><F102/><W28/><G28/><T44/><D124/><U78/><E78/><V108/><F16/><W29/><G29/><T62/><D103/><U8/><E8/><V51/><F108/><W91/><G100/><T42/><D42/><U43/><E43/><V64/><F41/><W22/><G33/><T25/><D25/><U46/><E46/><V53/><F11/><W111/><G45/><T90/><D44/><U60/><E60/><V27/><F63/><W47/><G111/><T1/><D62/><U122/><E122/><V68/><F6/><N who="3" m="1351" /><G47/><T113/><D123/><U121/><E121/><V50/><F94/><W66/><G92/><RYUUKYOKU ba="0,0" sc="255,-10,155,30,311,-10,279,-10" hai1="3,5,9,12,81,87,89" /><INIT seed="5,1,0,3,0,25" ten="245,185,301,269" oya="1" hai0="121,30,72,59,15,23,75,125,8,98,104,87,40" hai1="109,67,71,127,76,24,34,113,61,92,69,135,116" hai2="79,68,66,89,126,130,42,46,28,63,111,60,119" hai3="19,54,97,45,91,102,47,49,106,16,44,73,95"/><U82/><E116/><V70/><F111/><W128/><G128/><T1/><D125/><U123/><E123/><V38/><F79/><W74/><G74/><T114/><D1/><U20/><E127/><V27/><F119/><W62/><G62/><T48/><D121/><U7/><E113/><V21/><F126/><W100/><G73/><T2/><D2/><U134/><E109/><V35/><F130/><W103/><REACH who="3" step="1"/><G106/><REACH who="3" ten="245,185,301,259" step="2"/><T96/><D75/><U110/><E110/><V129/><F129/><W37/><G37/><T18/><D72/><U120/><E120/><V64/><F89/><W78/><G78/><T55/><D104/><U31/><E135/><V6/><F6/><W132/><G132/><T85/><D114/><U41/><E134/><V17/><F35/><W4/><G4/><T52/><D40/><U84/><E7/><V133/><F133/><W115/><G115/><T56/><D85/><U43/><E34/><V58/><F70/><W53/><G53/><T101/><D87/><U88/><E71/><V99/><REACH who="2" step="1"/><F99/><AGARI ba="1,1" hai="20,24,31,41,43,61,67,69,76,82,84,88,92,99" machi="99" ten="30,5800,0" yaku="7,1,52,1,54,1" doraHai="25" who="1" fromWho="2" sc="245,0,185,71,301,-61,259,0" /><INIT seed="5,2,0,5,3,36" ten="245,256,240,259" oya="1" hai0="66,4,41,123,82,78,32,130,99,27,73,127,122" hai1="118,45,49,121,59,84,50,61,90,104,62,102,53" hai2="126,43,40,54,14,124,16,31,107,74,13,77,88" hai3="106,86,128,64,58,105,8,131,63,109,68,51,55"/><U85/><E118/><V22/><F107/><W76/><G109/><T12/><D130/><N who="3" m="49705" /><G8/><T67/><D127/><N who="2" m="48682" /><F31/><W103/><G103/><T101/><D4/><U5/><E121/><N who="0" m="46089" /><D12/><U15/><E104/><V91/><F54/><W110/><G110/><T120/><N who="0" m="46097" /><T87/><DORA hai="47" /><D41/><N who="2" m="15946" /><F13/><W96/><G96/><T125/><D125/><U70/><E102/><V94/><F94/><W34/><G34/><T133/><D32/><U30/><E30/><V20/><F20/><W132/><G132/><T7/><D133/><U71/><E15/><V80/><AGARI ba="2,0" hai="14,16,22,74,77,80,88,91" m="15946,48682" machi="80" ten="30,12000,2" yaku="18,1,52,3,54,2" doraHai="36,47" who="2" fromWho="2" sc="245,-32,256,-62,240,126,259,-32" /><INIT seed="6,0,0,5,4,7" ten="213,194,366,227" oya="2" hai0="135,91,4,47,20,82,30,78,28,48,8,10,110" hai1="101,123,58,134,115,66,23,87,79,25,39,38,43" hai2="113,119,29,54,17,69,46,106,107,13,61,27,86" hai3="83,117,6,50,92,64,96,120,11,128,132,42,71"/><V114/><F119/><W24/><G117/><T22/><D110/><U104/><E115/><V0/><F0/><W14/><G120/><T49/><D135/><U112/><E134/><V93/><F107/><W97/><G132/><T62/><D91/><U65/><E112/><V127/><F106/><W129/><G71/><T94/><D94/><U102/><E123/><V80/><F127/><W32/><G64/><T3/><D62/><U26/><E43/><V122/><F122/><W19/><G83/><T1/><D82/><U130/><E23/><V125/><F125/><W67/><G67/><T51/><D47/><U15/><E15/><V124/><F124/><W40/><G96/><T2/><D78/><U16/><E104/><V103/><F69/><W85/><G85/><T74/><D74/><U90/><E130/><N who="3" m="50282" /><G50/><T33/><D33/><U53/><E87/><V133/><F133/><W126/><G126/><T60/><D60/><U109/><E66/><V84/><F84/><W88/><G6/><T89/><D89/><U111/><E90/><V56/><F86/><W52/><G52/><T31/><D4/><U5/><E65/><V70/><F80/><W41/><G24/><T9/><AGARI ba="0,0" hai="1,2,3,8,9,10,20,22,28,30,31,48,49,51" machi="9" ten="50,32000,5" yakuman="40" doraHai="7" who="0" fromWho="0" sc="213,320,194,-80,366,-160,227,-80" /><INIT seed="7,0,0,5,4,98" ten="533,114,206,147" oya="3" hai0="128,93,64,125,116,134,23,84,35,130,20,46,113" hai1="39,65,5,24,44,120,38,112,73,2,99,7,97" hai2="60,0,122,56,68,61,29,34,101,106,74,66,127" hai3="133,90,124,14,63,69,27,108,51,19,132,81,89"/><W117/><G117/><T40/><D116/><U36/><E120/><V135/><F127/><W4/><G124/><T75/><D75/><U54/><E73/><V11/><F135/><N who="3" m="51787" /><G108/><T118/><D118/><U82/><E112/><V76/><F122/><W31/><G4/><T53/><D35/><U37/><N who="1" m="9216" /><DORA hai="131" /><U17/><E65/><V41/><F41/><W26/><G51/><N who="0" m="28919" /><D64/><U10/><E7/><V9/><F0/><W70/><G63/><T95/><D40/><U126/><E126/><V25/><F61/><W13/><G27/><T21/><D134/><U79/><E17/><V22/><F34/><N who="3" m="20855" /><G14/><T92/><D125/><U80/><E24/><V110/><F110/><W16/><G19/><T15/><D15/><U58/><E44/><V45/><F45/><W105/><G105/><T77/><D113/><U87/><REACH who="1" step="1"/><E82/><REACH who="1" ten="533,104,206,147" step="2"/><V18/><F18/><W103/><G81/><T3/><D3/><U33/><E33/><V86/><F66/><W102/><G70/><T100/><D130/><U30/><E30/><V88/><F68/><W8/><G69/><T48/><D128/><U49/><AGARI ba="0,1" hai="2,5,10,49,54,58,79,80,87,97,99" m="9216" machi="49" ten="60,7900,0" yaku="1,1,0,1,53,1" doraHai="98,131" doraHaiUra="114,72" who="1" fromWho="1" sc="533,-20,104,89,206,-20,147,-39" owari="513,61.3,193,-0.7,186,-21.4,108,-39.2" /></mjloggm>