<mjloggm ver="2.3"><GO type="169" lobby="0"/><UN n0="%65%76%31%36%33%38%34" n1="%E3%83%9F%E3%82%B2%E3%83%BC%E3%83%AB%E6%94%B9" n2="%E3%82%86%E3%81%86%E3%82%86%E3%81%8D" n3="%E3%81%9D%E3%81%86%E3%81%9F%E3%81%A3%E3%81%9F" dan="17,16,16,16" rate="2154.97,2198.96,2186.92,2197.86" sx="M,M,M,M"/><TAIKYOKU oya="0"/><INIT seed="0,0,0,0,1,120" ten="250,250,250,250" oya="0" hai0="99,92,53,127,85,35,117,14,77,72,132,78,48" hai1="54,31,67,89,50,94,13,106,27,102,56,17,68" hai2="115,23,12,3,107,112,83,126,29,37,93,28,86" hai3="0,20,87,40,116,82,26,71,129,104,9,96,46"/><T10/><D117/><U7/><E7/><V22/><F107/><W62/><G129/><T52/><D72/><U98/><E68/><V122/><F37/><W118/><G0/><T69/><D35/><U19/><E67/><V47/><F47/><W49/><G9/><T135/><D69/><U76/><E76/><V63/><F93/><W16/><G71/><T21/><D21/><U58/><E58/><V1/><F86/><W32/><G62/><T36/><D36/><U105/><E102/><V100/><F100/><W5/><G5/><T55/><D127/><U8/><E19/><V103/><F103/><W134/><G134/><N who="0" m="51243" /><D48/><U97/><REACH who="1" step="1"/><E98/><REACH who="1" ten="250,240,250,250" step="2"/><V44/><F126/><W74/><G96/><T95/><D99/><U42/><E42/><V24/><F115/><W70/><G40/><T119/><D119/><U131/><E131/><V133/><F112/><W30/><G70/><T25/><D78/><U79/><E79/><V121/><F133/><W84/><G116/><T43/><D43/><U38/><E38/><V91/><F122/><W34/><G118/><T108/><D77/><U59/><E59/><V51/><F121/><W90/><G16/><N who="0" m="8279" /><D85/><U45/><E45/><V41/><F44/><W11/><G87/><T6/><D6/><U4/><E4/><V80/><F41/><W33/><G84/><T88/><D88/><U65/><E65/><V109/><F91/><W2/><G90/><T111/><D25/><U114/><E114/><V64/><F24/><W81/><G26/><T57/><D57/><U128/><E128/><V125/><F125/><W66/><G46/><RYUUKYOKU ba="0,1" sc="250,15,240,15,250,-15,250,-15" hai0="52,53,55,92,95,108,111" hai1="8,13,17,27,31,50,54,56,89,94,97,105,106" /><INIT seed="0,1,1,2,0,87" ten="265,255,235,235" oya="0" hai0="97,128,67,9,60,0,85,46,125,52,91,126,37" hai1="75,7,29,64,39,20,30,116,4,19,98,115,117" hai2="84,35,51,103,114,44,105,104,22,41,106,38,58" hai3="131,108,129,26,130,94,10,31,47,33,66,107,124"/><T120/><D120/><U112/><E75/><V101/><F114/><W123/><G107/><T6/><D97/><U57/><E57/><V18/><F35/><W55/><G123/><T135/><D135/><U81/><E81/><V90/><F58/><W134/><G108/><T89/><D128/><U111/><E64/><V88/><F38/><W62/><G124/><N who="0" m="47723" /><D85/><U14/><E39/><V74/><F74/><W68/><G134/><T70/><D37/><U86/><E86/><V24/><REACH who="2" step="1"/><F90/><REACH who="2" ten="265,255,225,235" step="2"/><W100/><G129/><T5/><D5/><N who="1" m="2123" /><E98/><V2/><F2/><W80/><G131/><T78/><D78/><U15/><E111/><V36/><F36/><W3/><G3/><T73/><D73/><U59/><E59/><V76/><F76/><W96/><G130/><T27/><D27/><U17/><E115/><V99/><F99/><W16/><G26/><T118/><D118/><N who="1" m="45675" /><E112/><V109/><F109/><W113/><G113/><T133/><D133/><U82/><E82/><AGARI ba="1,2" hai="18,22,24,41,44,51,82,84,88,101,103,104,105,106" machi="82" ten="40,8000,1" yaku="1,1,52,1,54,1,53,1" doraHai="87" doraHaiUra="79" who="2" fromWho="1" sc="265,0,255,-83,225,103,235,0" /><INIT seed="1,0,0,4,2,107" ten="265,172,328,235" oya="1" hai0="90,30,115,102,44,4,68,80,52,126,119,70,8" hai1="51,82,106,100,9,101,63,92,3,41,114,34,78" hai2="98,57,29,133,94,112,11,28,113,76,95,45,38" hai3="46,16,6,71,88,49,97,32,118,108,15,0,130"/><U60/><E114/><N who="2" m="44139" /><F133/><W93/><G108/><T72/><D115/><U125/><E34/><V36/><F76/><W99/><G71/><T81/><D119/><U19/><E125/><V121/><F121/><W77/><G32/><T83/><D30/><N who="2" m="11882" /><F57/><W2/><G130/><T116/><D116/><U124/><E106/><V64/><F64/><W69/><G69/><T132/><D132/><U39/><E39/><N who="2" m="14891" /><F45/><W120/><G120/><T109/><D44/><N who="1" m="25999" /><E3/><V85/><F85/><W122/><G118/><T7/><D70/><U23/><E9/><V86/><F86/><W75/><G122/><T58/><D8/><U55/><E124/><V74/><F98/><W110/><G99/><T17/><D58/><N who="1" m="34911" /><E63/><V91/><F91/><W131/><G131/><T27/><D90/><U128/><E128/><V21/><F11/><W22/><G110/><T31/><D109/><U117/><E117/><V42/><F42/><W35/><G35/><T53/><D126/><U123/><E123/><V14/><F74/><W37/><G37/><T5/><D72/><U67/><E67/><V56/><F56/><W59/><G59/><T134/><D68/><U13/><E92/><V43/><F43/><W105/><G105/><T79/><D134/><U73/><E73/><V25/><F95/><W54/><REACH who="3" step="1"/><G6/><REACH who="3" ten="265,172,328,225" step="2"/><T1/><D7/><U104/><E104/><V10/><F10/><W33/><G33/><T65/><D5/><U127/><E127/><V87/><F21/><W26/><G26/><T24/><D24/><U103/><E78/><V62/><F25/><W96/><G96/><T47/><D27/><RYUUKYOKU ba="0,1" sc="265,-15,172,15,328,-15,225,15" hai1="13,19,23,82,100,101,103" hai3="0,2,15,16,22,46,49,54,75,77,88,93,97" /><INIT seed="1,1,1,2,1,134" ten="250,187,313,240" oya="1" hai0="95,125,82,18,27,104,96,50,103,51,36,37,48" hai1="90,41,84,66,72,3,116,123,102,30,100,13,106" hai2="54,32,2,113,105,15,8,89,79,26,91,124,16" hai3="59,34,58,29,114,85,111,20,117,19,22,109,33"/><U80/><E123/><V6/><F105/><W25/><G114/><T38/><D82/><U78/><E116/><V93/><F113/><W131/><G85/><T40/><D125/><U14/><E3/><V98/><F79/><W43/><G43/><T112/><D112/><U28/><E41/><V21/><F54/><W92/><G92/><T128/><D128/><U101/><E66/><V70/><F70/><W5/><G58/><T73/><D73/><U7/><E106/><V97/><F124/><W35/><G59/><T99/><D18/><U57/><E78/><V9/><F32/><W23/><G131/><T60/><D27/><U120/><E72/><V133/><F133/><W122/><G122/><T62/><REACH who="0" step="1"/><D40/><REACH who="0" ten="240,187,313,240" step="2"/><U119/><E120/><V47/><F26/><W39/><G19/><T17/><D17/><U132/><E132/><V56/><F9/><W1/><G117/><T55/><D55/><U46/><E119/><V61/><F16/><W126/><G126/><T77/><D77/><U86/><E7/><V64/><F8/><N who="3" m="2095" /><G39/><T0/><D0/><U94/><E14/><V10/><F2/><W127/><G127/><T11/><D11/><U83/><E13/><V76/><F76/><W115/><G115/><T65/><D65/><U63/><E28/><V4/><F10/><W67/><G67/><T130/><D130/><U31/><E30/><V12/><F12/><W75/><G75/><T107/><D107/><U68/><E31/><V42/><F15/><W118/><G118/><T49/><N who="0" m="12288" /><DORA hai="129" /><T44/><D44/><U52/><E46/><V45/><F45/><RYUUKYOKU ba="1,2" sc="240,15,187,-15,313,-15,240,15" hai0="36,37,38,60,62,95,96,99,103,104" hai3="20,22,23,25,29,33,34,35,109,111" /><INIT seed="2,2,2,5,4,94" ten="255,172,298,255" oya="2" hai0="80,70,134,119,96,59,135,76,21,63,64,89,12" hai1="7,68,17,39,46,54,117,81,97,47,112,31,20" hai2="100,71,61,11,52,79,55,22,73,25,3,82,48" hai3="126,57,104,13,9,95,56,58,88,128,86,41,111"/><V124/><F124/><W85/><G104/><T78/><D119/><U108/><E117/><V91/><F100/><W29/><G111/><T53/><D12/><U23/><E112/><V65/><F91/><W105/><G105/><T40/><D40/><U51/><E68/><V50/><F50/><W69/><G69/><T131/><D21/><U67/><E108/><V123/><F123/><W38/><G128/><T133/><D131/><U15/><E81/><V49/><F49/><W8/><G29/><T102/><D89/><U27/><E67/><V84/><F73/><W118/><G126/><T42/><D42/><U130/><E39/><V2/><F11/><W36/><G8/><T116/><D116/><U99/><E130/><V60/><F60/><W26/><G26/><T4/><D4/><U35/><E35/><V114/><F114/><W16/><G118/><T132/><N who="0" m="33792" /><DORA hai="24" /><T66/><D70/><U127/><E127/><V43/><F43/><W33/><G33/><T37/><D37/><U14/><E47/><V77/><F77/><N who="0" m="29802" /><D80/><U110/><E110/><V18/><REACH who="2" step="1"/><F55/><REACH who="2" ten="255,172,288,255" step="2"/><W113/><G113/><T87/><D87/><U44/><E44/><AGARI ba="2,3" hai="2,3,18,22,25,44,48,52,61,65,71,79,82,84" machi="44" ten="30,12000,1" yaku="1,1,2,1,7,1,54,1,53,1" doraHai="94,24" doraHaiUra="107,45" who="2" fromWho="1" sc="255,0,172,-126,288,156,255,0" /><INIT seed="2,3,0,0,4,51" ten="255,46,444,255" oya="2" hai0="11,3,100,20,118,8,16,60,86,120,123,39,62" hai1="128,58,97,30,42,14,107,64,84,96,77,28,65" hai2="54,99,36,103,34,81,31,32,56,47,26,67,40" hai3="50,61,132,52,73,71,17,79,133,78,45,75,5"/><V121/><F121/><W129/><G5/><T87/><D39/><U35/><E107/><V116/><F116/><W85/><G129/><T53/><D118/><U113/><E113/><V111/><F111/><W59/><G71/><T91/><D100/><U10/><E128/><V29/><F81/><N who="3" m="47295" /><G17/><T92/><D3/><U104/><E104/><V98/><F67/><N who="1" m="25673" /><E35/><V7/><F7/><W55/><G78/><T70/><D70/><U38/><E42/><V6/><F6/><W95/><G95/><T13/><D123/><U33/><E38/><V12/><F12/><W130/><G130/><T48/><D87/><U110/><E33/><V15/><F15/><W41/><G41/><T69/><D120/><U21/><E110/><V105/><F99/><N who="1" m="37961" /><E21/><V25/><F56/><W27/><G27/><T109/><D109/><U112/><E112/><V49/><REACH who="2" step="1"/><F36/><REACH who="2" ten="255,46,434,255" step="2"/><W127/><G127/><T134/><D69/><U44/><E58/><V9/><F9/><N who="0" m="3658" /><D134/><AGARI ba="3,1" hai="45,50,52,55,59,61,73,75,132,133,134" m="47295" machi="134" ten="30,7700,0" yaku="20,1,52,2,54,1" doraHai="51" who="3" fromWho="0" sc="255,-86,46,0,434,0,255,96" /><INIT seed="3,0,0,1,0,52" ten="169,46,434,351" oya="3" hai0="129,135,20,27,11,48,113,102,107,87,86,0,127" hai1="133,130,23,78,61,29,99,64,17,46,97,4,124" hai2="13,92,134,122,37,115,111,10,62,47,8,59,60" hai3="2,24,12,53,49,131,119,73,6,83,93,77,36"/><W123/><G123/><T55/><D135/><U67/><E133/><V71/><F115/><W84/><G36/><T101/><D113/><U31/><E4/><V80/><F134/><W43/><G119/><T96/><D129/><U50/><E130/><V125/><F125/><W69/><G69/><T112/><D112/><U40/><E78/><V54/><F111/><W118/><G43/><T132/><D132/><U120/><E120/><V9/><F122/><W35/><G2/><T90/><D127/><U74/><E74/><V108/><F108/><W57/><G118/><T103/><D87/><U85/><E85/><V16/><F80/><W1/><G1/><T30/><D11/><U66/><E61/><V82/><F82/><W39/><G39/><T98/><D0/><U76/><E76/><V70/><F92/><W95/><G131/><T116/><D107/><U22/><E124/><V21/><REACH who="2" step="1"/><F62/><REACH who="2" ten="169,46,424,351" step="2"/><W33/><G95/><N who="0" m="54743" /><D116/><U105/><E105/><V56/><F56/><AGARI ba="0,1" hai="20,27,30,48,55,56,96,98,101,102,103" m="54743" machi="56" ten="30,2000,0" yaku="8,1,52,1" doraHai="52" who="0" fromWho="2" sc="169,30,46,0,424,-20,351,0" /><INIT seed="4,0,0,3,1,32" ten="199,46,404,351" oya="0" hai0="112,125,111,10,33,76,135,88,99,35,78,100,120" hai1="113,51,114,94,29,95,16,24,62,26,43,67,71" hai2="57,50,68,7,86,115,25,13,14,121,85,118,122" hai3="75,5,46,18,97,70,131,128,0,44,80,98,129"/><T55/><D120/><U39/><E39/><V84/><F68/><W49/><G70/><T12/><D112/><N who="1" m="43115" /><E26/><V42/><F115/><W110/><G110/><T36/><D111/><U89/><E29/><V81/><F118/><W106/><G106/><T87/><D135/><U19/><E24/><V96/><F122/><W93/><G18/><N who="1" m="6698" /><E89/><V64/><F25/><W104/><G104/><T103/><D36/><U60/><E60/><N who="2" m="37903" /><F7/><W20/><G20/><T48/><D125/><U11/><E11/><V21/><F81/><W27/><G27/><T74/><D74/><U66/><E66/><V117/><F21/><W31/><G31/><T116/><D116/><U3/><E3/><V107/><F107/><W6/><G0/><T90/><D35/><U4/><E4/><V133/><F133/><W59/><G5/><T105/><D33/><U123/><E123/><V45/><F117/><W132/><G6/><N who="0" m="3159" /><D105/><U56/><E43/><V119/><F121/><W28/><G28/><T65/><D65/><U23/><E23/><V2/><F2/><W73/><G132/><T17/><D17/><U38/><E38/><V101/><F119/><W40/><G131/><T53/><D78/><U130/><E130/><V1/><F1/><W124/><G124/><T8/><D76/><U69/><E69/><V83/><F83/><W108/><G108/><T63/><D8/><U72/><E72/><V134/><F134/><W47/><G128/><T41/><D90/><U61/><E61/><V82/><F82/><W15/><G129/><T9/><D63/><U79/><E79/><V92/><AGARI ba="0,0" hai="13,14,42,45,50,84,85,86,92,96,101" m="37903" machi="92" ten="30,2000,0" yaku="5,1,8,1" doraHai="32" who="2" fromWho="2" sc="199,-10,46,-5,404,20,351,-5" /><INIT seed="5,0,0,0,0,12" ten="189,41,424,346" oya="1" hai0="123,27,15,30,131,20,107,101,116,54,17,128,119" hai1="99,62,95,10,109,48,91,6,93,87,68,73,53" hai2="96,110,50,102,8,66,130,40,33,58,82,86,76" hai3="36,7,45,112,126,115,67,69,29,108,9,83,63"/><U46/><E73/><V3/><F110/><W24/><G108/><T47/><D107/><U98/><E109/><V111/><F111/><W39/><G126/><T5/><D101/><U132/><E132/><V79/><F33/><W78/><G24/><T59/><D47/><U18/><E68/><V74/><F130/><N who="0" m="49706" /><D5/><U21/><E62/><V103/><F66/><W129/><G29/><T92/><D92/><U31/><E31/><V118/><F118/><W113/><G45/><T105/><D105/><U71/><E71/><V1/><F40/><W65/><G65/><T49/><D123/><U135/><E135/><V90/><F8/><AGARI ba="0,0" hai="8,15,17,20,27,30,49,54,59,116,119" m="49706" machi="8" ten="30,2000,0" yaku="19,1,52,1" doraHai="12" who="0" fromWho="2" sc="189,20,41,0,424,-20,346,0" /><INIT seed="6,0,0,2,4,9" ten="209,41,404,346" oya="2" hai0="10,83,6,31,22,69,77,121,42,105,70,106,62" hai1="67,12,73,107,99,2,103,23,90,79,100,34,115" hai2="129,119,7,36,57,17,54,76,20,116,132,89,63" hai3="56,16,30,84,96,91,104,110,124,60,122,11,112"/><V51/><F36/><W92/><G110/><T24/><D121/><U135/><E2/><V18/><F132/><W41/><G122/><T78/><D78/><U29/><E135/><V32/><F129/><W52/><G124/><T45/><D62/><U8/><E34/><V71/><F32/><W48/><G112/><T13/><D70/><U46/><E115/><V133/><F133/><W87/><G30/><T37/><REACH who="0" step="1"/><D69/><REACH who="0" ten="199,41,404,346" step="2"/><U111/><E111/><V33/><F71/><W134/><G134/><T66/><D66/><U126/><E67/><V28/><F63/><W113/><G113/><T128/><D128/><U82/><E126/><V108/><F108/><W120/><G120/><T55/><D55/><U0/><E0/><V97/><F54/><W95/><G41/><T40/><D40/><U93/><E46/><V94/><F119/><W27/><G60/><T25/><D25/><U35/><E35/><V49/><F33/><W44/><G27/><T59/><D59/><U86/><E103/><V88/><F57/><W1/><G56/><T74/><AGARI ba="0,1" hai="6,10,13,22,24,31,37,42,45,74,77,83,105,106" machi="74" ten="20,8000,1" yaku="1,1,0,1,7,1,52,1,53,1" doraHai="9" doraHaiUra="72" who="0" fromWho="0" sc="199,90,41,-20,404,-40,346,-20" /><INIT seed="7,0,0,0,2,15" ten="289,21,364,326" oya="3" hai0="119,79,128,48,64,41,0,95,63,121,1,78,54" hai1="109,125,26,103,19,85,53,98,77,133,56,4,3" hai2="87,42,127,102,92,70,68,58,66,51,35,30,6" hai3="18,90,60,101,21,84,38,82,47,22,80,69,24"/><W99/><G38/><T62/><D119/><U32/><E109/><V123/><F6/><W115/><G115/><T114/><D121/><U50/><E133/><V117/><F117/><W97/><G47/><T91/><D128/><U2/><E125/><V94/><F35/><W7/><G7/><T40/><D114/><U17/><E4/><V37/><F30/><W39/><G39/><T120/><D120/><U59/><E32/><V9/><F9/><W5/><G5/><T14/><D1/><U12/><E3/><V45/><F127/><W124/><G124/><T113/><D0/><U57/><E2/><V74/><F74/><W72/><G22/><T89/><D113/><U81/><E26/><V88/><F123/><W106/><G99/><T134/><D134/><U8/><REACH who="1" step="1"/><E19/><REACH who="1" ten="289,11,364,326" step="2"/><V11/><F11/><W118/><G118/><T73/><D73/><U46/><E46/><V44/><F44/><W83/><G72/><T75/><D75/><U96/><E96/><V25/><F25/><W105/><G105/><AGARI ba="0,1" hai="8,12,17,50,53,56,57,59,77,81,85,98,103,105" machi="105" ten="30,7700,0" yaku="1,1,7,1,52,1,53,1" doraHai="15" doraHaiUra="10" who="1" fromWho="3" sc="289,0,11,87,364,0,326,-77" owari="289,8.9,98,-40.2,364,46.4,249,-15.1" /></mjloggm>