<mjloggm ver="2.3"><GO type="169" lobby="0"/><UN n0="%E5%A7%AB%E7%95%99" n1="%E6%B7%B3%E5%AD%90%E3%81%A7%E3%81%99" n2="%74%65%63%68%74%6F" n3="%6E%61%67%61%69%6D%6F" dan="16,17,17,16" rate="2133.38,2173.96,2159.62,2115.74" sx="M,M,M,M"/><TAIKYOKU oya="0"/><INIT seed="0,0,0,5,4,45" ten="250,250,250,250" oya="0" hai0="52,23,118,94,57,129,90,56,127,46,95,72,2" hai1="27,87,89,67,122,126,1,11,51,35,7,18,31" hai2="125,19,112,10,74,36,38,15,9,16,92,48,102" hai3="63,123,49,82,98,133,101,91,64,40,105,121,6"/><T4/><D118/><U65/><E122/><V117/><F112/><W12/><G133/><T43/><D72/><U115/><E126/><V55/><F74/><W32/><G32/><T124/><D129/><U130/><E130/><V85/><F125/><N who="0" m="48202" /><D56/><U53/><E115/><V100/><F117/><W116/><G116/><T61/><D23/><U62/><E18/><V25/><F38/><W96/><G123/><T93/><D4/><U66/><E62/><V8/><F36/><W97/><G121/><T78/><D78/><U20/><E35/><V47/><F25/><W109/><G6/><T103/><D2/><U37/><E37/><V50/><F50/><W79/><G12/><T114/><D103/><N who="2" m="39466" /><F15/><W42/><G91/><AGARI ba="0,0" hai="8,9,10,16,19,47,48,55,85,91,92" m="39466" machi="91" ten="30,3900,0" yaku="8,1,52,1,54,1" doraHai="45" who="2" fromWho="3" sc="250,0,250,0,250,39,250,-39" /><INIT seed="1,0,0,3,5,18" ten="250,250,289,211" oya="1" hai0="0,42,87,48,26,21,51,62,121,40,91,83,8" hai1="93,24,135,43,117,23,85,95,10,15,97,11,114" hai2="67,109,81,6,34,17,120,94,134,54,101,71,129" hai3="7,55,69,79,61,123,53,90,96,32,84,73,131"/><U80/><E117/><V68/><F34/><W20/><G32/><T116/><D116/><U46/><E114/><V119/><F6/><W72/><G123/><T29/><D121/><U63/><E63/><V77/><F54/><W132/><G7/><T12/><D0/><U66/><E66/><V103/><F94/><W64/><G132/><T49/><REACH who="0" step="1"/><D62/><REACH who="0" ten="240,250,289,211" step="2"/><U37/><E135/><V5/><F120/><W14/><G131/><T33/><D33/><U126/><E126/><V115/><F129/><W108/><G108/><T112/><D112/><U104/><E104/><V122/><F109/><W118/><G118/><T107/><D107/><U74/><E74/><V30/><F122/><W38/><G73/><T92/><D92/><U88/><E93/><V125/><F125/><W45/><G72/><T36/><D36/><U41/><E41/><V78/><F115/><W102/><G38/><T50/><N who="0" m="12288" /><DORA hai="57" /><T1/><D1/><U39/><E37/><V110/><F110/><W35/><G35/><T76/><D76/><U47/><E47/><V82/><F119/><W75/><G45/><T3/><D3/><U44/><E46/><V59/><F78/><W9/><G79/><T99/><D99/><U89/><REACH who="1" step="1"/><E15/><REACH who="1" ten="240,240,289,211" step="2"/><V27/><F134/><W130/><G75/><T25/><D25/><U58/><E58/><V127/><F59/><W31/><G130/><T133/><D133/><U111/><E111/><V128/><F128/><W22/><G61/><T13/><D13/><U60/><E60/><N who="2" m="40039" /><F27/><W19/><G14/><T98/><D98/><U4/><E4/><AGARI ba="0,2" hai="4,8,12,21,26,29,40,42,83,87,91" m="12288" machi="4" ten="50,8000,1" yaku="1,1,8,1,52,1,53,1" doraHai="18,57" doraHaiUra="52,2" who="0" fromWho="1" sc="240,100,240,-80,289,0,211,0" /><INIT seed="2,0,0,3,1,32" ten="340,160,289,211" oya="2" hai0="6,69,17,127,112,60,114,90,95,13,23,15,101" hai1="98,125,99,49,68,82,37,10,56,132,116,50,130" hai2="53,8,64,126,51,30,43,39,16,46,47,117,88" hai3="135,121,1,71,57,19,21,42,54,20,48,67,115"/><V93/><F117/><W134/><G121/><T33/><D33/><U113/><E37/><V35/><F126/><W123/><G123/><T103/><D127/><U97/><E68/><V36/><F64/><W11/><G42/><T44/><D101/><U128/><E125/><V110/><F110/><W81/><G81/><T29/><D29/><U9/><E116/><V100/><F100/><W79/><G79/><T7/><D103/><U31/><E31/><V40/><F30/><W65/><G115/><T96/><D44/><U3/><E82/><V61/><F61/><W52/><G54/><T77/><D77/><U78/><E78/><V70/><F70/><W120/><G120/><T73/><D73/><U72/><E56/><V94/><F35/><W83/><G83/><T105/><D105/><U129/><E72/><V107/><F107/><W14/><G21/><T28/><D28/><U4/><E113/><V66/><F66/><W63/><REACH who="3" step="1"/><G65/><REACH who="3" ten="340,160,289,201" step="2"/><T122/><D122/><U118/><E118/><V111/><F111/><W34/><G34/><T27/><D114/><U119/><E119/><V38/><F53/><W12/><G12/><T22/><D15/><U18/><E132/><V24/><F43/><W104/><G104/><T86/><D23/><U2/><E18/><V80/><F16/><W91/><G91/><N who="0" m="55423" /><D13/><U84/><E84/><V108/><F88/><W45/><G45/><T92/><D112/><U5/><AGARI ba="0,1" hai="2,3,4,5,9,10,49,50,97,98,99,128,129,130" machi="5" ten="40,8000,1" yaku="0,1,9,1,19,1,52,2" doraHai="32" who="1" fromWho="1" sc="340,-20,160,90,289,-40,201,-20" /><INIT seed="3,0,0,5,3,84" ten="320,250,249,181" oya="3" hai0="13,18,131,120,54,3,109,17,129,66,123,45,105" hai1="10,74,14,42,118,4,16,57,65,8,106,101,115" hai2="36,19,104,73,43,15,93,5,71,33,9,50,6" hai3="113,61,68,11,82,122,27,90,34,31,32,63,56"/><W77/><G113/><T51/><D109/><U114/><E74/><V25/><F104/><W47/><G122/><T89/><D3/><U48/><E118/><V78/><F71/><W92/><G34/><T110/><D110/><U49/><E106/><V29/><F36/><W134/><G134/><T0/><D0/><U46/><E101/><V128/><F128/><N who="0" m="49226" /><D105/><U119/><E119/><V2/><F73/><W62/><G68/><T116/><D116/><U112/><E65/><V52/><F78/><W135/><G135/><T125/><D125/><U38/><REACH who="1" step="1"/><E57/><REACH who="1" ten="320,240,249,181" step="2"/><V79/><F79/><W26/><G47/><T76/><D66/><U108/><E108/><V130/><F130/><W83/><G56/><T30/><D45/><U75/><E75/><V127/><F127/><W70/><G70/><T99/><D123/><U117/><E117/><V12/><F43/><W80/><G77/><T81/><D76/><U67/><E67/><V28/><F6/><W132/><G132/><T103/><D103/><U107/><E107/><V35/><F5/><W95/><G11/><T121/><D121/><U60/><E60/><V24/><F9/><W102/><G102/><T55/><D120/><U39/><E39/><V23/><F35/><W22/><REACH who="3" step="1"/><G90/><REACH who="3" ten="320,240,249,171" step="2"/><T94/><D89/><U111/><E111/><V20/><F33/><W97/><G97/><T91/><D99/><U88/><E88/><V100/><F100/><W7/><G7/><T85/><D91/><U87/><E87/><V98/><F98/><W64/><G64/><T58/><D85/><U1/><AGARI ba="0,2" hai="1,4,8,10,14,16,38,42,46,48,49,112,114,115" machi="1" ten="30,4000,0" yaku="1,1,0,1,54,1,53,0" doraHai="84" doraHaiUra="21" who="1" fromWho="1" sc="320,-10,240,60,249,-10,171,-20" /><INIT seed="4,0,0,4,4,105" ten="310,300,239,151" oya="0" hai0="12,90,71,121,18,22,63,122,58,73,40,34,126" hai1="2,101,92,25,55,76,104,98,115,99,108,88,62" hai2="130,74,30,50,46,97,75,93,89,123,31,47,103" hai3="27,96,78,11,116,56,4,33,113,45,42,109,134"/><T79/><D71/><U124/><E108/><V36/><F123/><W128/><G109/><T133/><D34/><U13/><E2/><V16/><F36/><W65/><G116/><T59/><D126/><U38/><E38/><V53/><F130/><W43/><G128/><T102/><D102/><U29/><E124/><V107/><F47/><W51/><G113/><T87/><D40/><U44/><E76/><V83/><F16/><W57/><G134/><T10/><D133/><U118/><E13/><V54/><F54/><W81/><G43/><T129/><D129/><U91/><E115/><V32/><F32/><W135/><G135/><T69/><D69/><U26/><E118/><V41/><F41/><W5/><G5/><T17/><D73/><U95/><E29/><V80/><F80/><W37/><G65/><T117/><D79/><U111/><E111/><V15/><F15/><W35/><G96/><T52/><D59/><U64/><E101/><V24/><F24/><W85/><G37/><T100/><D100/><U106/><E55/><V1/><F1/><W14/><G35/><T21/><D10/><U84/><E44/><V23/><F23/><W110/><G110/><T70/><D70/><N who="1" m="42263" /><E104/><V0/><F0/><W68/><G68/><T94/><D117/><U9/><E9/><V132/><F132/><W7/><G7/><T49/><D63/><U19/><E19/><V20/><F20/><W127/><G127/><T72/><D72/><N who="2" m="27690" /><F107/><W8/><G8/><T114/><D114/><U119/><E119/><V60/><F60/><W61/><G61/><T125/><D125/><RYUUKYOKU ba="0,0" sc="310,0,300,0,239,0,151,0" hai0="12,17,18,21,22,49,52,58,87,90,94,121,122" hai1="25,26,84,88,91,92,95,98,99,106" hai2="30,31,46,50,53,83,89,93,97,103" hai3="4,11,14,27,33,42,45,51,56,57,78,81,85" /><INIT seed="4,1,0,2,5,112" ten="310,300,239,151" oya="0" hai0="104,76,53,3,135,17,99,26,25,131,94,65,34" hai1="69,11,59,18,68,118,32,93,73,100,105,72,52" hai2="87,108,51,70,61,88,19,132,129,109,8,58,83" hai3="95,50,47,123,71,125,2,113,57,21,84,81,44"/><T75/><D3/><U33/><E105/><V80/><F129/><W116/><G2/><T110/><D131/><U128/><E128/><V29/><F132/><W55/><G71/><T74/><D135/><U6/><E18/><V16/><F29/><W97/><G113/><T31/><D104/><U14/><E118/><V119/><F19/><W91/><G125/><T66/><D110/><U4/><E100/><V22/><F8/><W60/><G123/><T127/><D127/><U78/><E93/><V122/><F122/><W7/><G7/><T102/><D53/><U96/><E96/><V64/><F83/><W56/><G116/><T133/><D133/><U40/><E78/><V134/><F134/><W39/><G39/><T124/><D124/><U107/><E14/><V98/><F119/><W111/><G111/><T20/><REACH who="0" step="1"/><D76/><REACH who="0" ten="300,300,239,151" step="2"/><U30/><E107/><V5/><F109/><W92/><G21/><T13/><D13/><U27/><E33/><V63/><F108/><W54/><REACH who="3" step="1"/><G95/><REACH who="3" ten="300,300,239,141" step="2"/><T49/><D49/><U28/><E32/><V23/><F51/><W24/><G24/><T42/><D42/><U9/><E40/><V12/><F23/><W130/><G130/><T35/><D35/><U10/><E27/><V85/><F22/><W117/><G117/><T15/><D15/><U37/><E4/><V90/><F5/><W1/><G1/><T89/><D89/><AGARI ba="1,2" hai="44,47,50,54,55,56,57,60,81,84,89,91,92,97" machi="89" ten="30,3900,0" yaku="1,1,7,1,8,1,53,0" doraHai="112" doraHaiUra="0" who="3" fromWho="0" sc="300,-42,300,0,239,0,141,62" /><INIT seed="5,0,0,0,5,71" ten="258,300,239,203" oya="1" hai0="68,89,2,114,110,4,55,75,36,31,87,73,85" hai1="81,14,11,133,112,43,7,52,101,63,80,56,109" hai2="115,132,98,97,44,125,21,72,120,88,59,116,102" hai3="127,135,65,91,76,25,13,123,3,129,78,47,23"/><U9/><E112/><V0/><F0/><W32/><G65/><T113/><D110/><U53/><E133/><V70/><F70/><W100/><G100/><T20/><D68/><U79/><E109/><V45/><F116/><W122/><G3/><T67/><D67/><U22/><E43/><V134/><F72/><W50/><G135/><T27/><D85/><U8/><E101/><V17/><F120/><W51/><G32/><T18/><D55/><U57/><E22/><V126/><F102/><W124/><G13/><T30/><D36/><U83/><REACH who="1" step="1"/><E79/><REACH who="1" ten="258,290,239,203" step="2"/><V82/><F115/><W131/><G91/><T24/><D113/><U1/><E1/><V96/><F134/><W86/><G23/><T93/><D114/><U42/><E42/><V26/><F132/><W39/><G123/><T16/><D2/><U117/><E117/><V38/><F21/><W103/><G103/><T130/><D20/><U74/><E74/><V69/><F88/><W28/><G122/><T46/><D73/><U121/><E121/><V95/><F26/><W37/><G25/><T5/><D75/><U99/><E99/><V119/><F98/><W61/><G28/><T34/><D30/><U41/><E41/><V33/><F97/><W58/><G129/><T49/><D130/><U92/><E92/><V104/><F95/><W48/><G131/><T84/><D27/><U29/><E29/><V10/><F96/><W54/><G127/><T60/><D24/><U6/><E6/><V90/><F119/><W12/><G124/><T40/><D4/><U128/><E128/><V15/><F126/><RYUUKYOKU ba="0,1" sc="258,-10,290,30,239,-10,203,-10" hai1="7,8,9,11,14,52,53,56,57,63,80,81,83" /><INIT seed="5,1,1,4,3,105" ten="248,320,229,193" oya="1" hai0="124,66,128,76,1,110,71,90,96,52,35,101,25" hai1="115,27,8,126,98,4,120,2,31,64,62,36,108" hai2="78,38,56,67,135,79,100,32,81,95,20,17,50" hai3="131,91,10,33,113,133,22,116,125,19,84,28,40"/><U29/><E115/><V73/><F32/><W51/><G113/><T69/><D110/><U18/><E126/><V70/><F135/><W5/><G133/><T37/><D124/><U9/><E120/><V68/><F38/><W11/><G125/><T55/><D90/><U15/><E36/><V46/><F79/><W88/><G116/><T14/><D1/><U107/><E108/><V80/><F81/><W102/><G102/><T93/><D37/><U118/><E118/><V127/><F56/><W54/><G40/><T39/><D39/><U24/><E24/><V21/><F21/><W77/><G131/><T30/><D128/><U7/><E18/><V82/><F82/><W60/><G60/><T89/><D76/><U13/><E2/><V44/><F67/><W121/><G121/><T132/><D132/><U57/><E27/><V74/><F74/><W106/><G106/><N who="0" m="63783" /><D14/><U122/><E122/><V12/><F46/><W86/><G77/><T87/><D71/><U53/><E53/><V49/><F50/><W123/><G123/><T63/><AGARI ba="1,1" hai="25,30,35,52,55,63,66,69,87,89,93" m="63783" machi="63" ten="30,2000,0" yaku="25,1,54,1" doraHai="105" who="0" fromWho="0" sc="248,33,320,-11,229,-6,193,-6" /><INIT seed="6,0,0,1,3,84" ten="281,309,223,187" oya="2" hai0="126,34,105,121,52,22,32,76,89,119,37,88,69" hai1="93,96,92,91,125,127,3,128,25,14,111,106,50" hai2="24,120,107,0,30,56,112,29,83,51,17,23,103" hai3="110,113,2,90,95,11,63,67,31,115,44,122,79"/><V40/><F120/><W12/><G2/><T9/><D121/><U18/><E3/><V38/><F112/><N who="3" m="43083" /><G122/><T129/><D69/><U15/><E106/><V6/><F38/><W39/><G79/><T123/><D123/><U74/><E74/><V101/><F83/><W85/><G31/><T98/><D37/><U49/><E128/><V118/><F118/><W66/><G110/><T10/><D119/><U13/><E111/><V65/><F30/><W94/><G63/><T21/><D129/><U27/><E18/><V28/><F28/><W134/><G134/><T47/><D126/><N who="1" m="48139" /><E93/><V72/><F72/><W36/><G95/><T16/><D32/><U73/><E73/><V41/><F29/><W135/><G135/><T61/><D34/><U43/><E43/><V116/><F116/><W64/><G44/><T46/><D105/><U99/><E99/><V97/><F103/><W53/><G53/><T80/><D98/><U117/><E117/><V100/><F101/><W5/><AGARI ba="0,0" hai="5,11,12,36,39,64,66,67,85,90,94" m="43083" machi="5" ten="30,4000,0" yaku="15,1,11,1,52,1" doraHai="84" who="3" fromWho="3" sc="281,-10,309,-10,223,-20,187,40" /><INIT seed="7,0,0,1,2,90" ten="271,299,203,227" oya="3" hai0="72,134,122,82,64,126,73,47,53,37,15,130,77" hai1="115,67,20,133,101,61,68,7,22,31,50,12,25" hai2="94,114,71,1,49,56,95,35,121,83,100,4,44" hai3="112,26,128,97,116,65,86,75,8,14,66,52,70"/><W107/><G75/><T3/><D122/><U58/><E115/><V84/><F35/><W117/><G112/><T92/><D3/><U34/><E133/><V119/><F114/><W17/><G128/><T125/><D130/><U124/><E124/><N who="0" m="47721" /><D134/><U33/><E33/><V27/><F119/><W69/><G117/><T41/><D64/><U129/><E129/><V99/><F71/><W111/><G116/><T57/><D15/><U85/><E34/><V32/><F121/><W19/><G111/><T109/><D109/><U80/><E101/><V24/><F56/><W28/><G70/><T62/><D73/><U9/><E68/><V127/><F127/><W60/><G66/><T2/><D2/><U74/><E74/><V0/><F0/><W42/><G42/><T106/><D106/><U105/><E22/><V108/><F108/><W91/><G19/><T40/><D40/><U6/><E105/><V43/><F32/><W96/><G107/><T79/><D79/><N who="1" m="46239" /><E50/><V46/><F46/><W45/><G45/><T51/><D51/><U5/><AGARI ba="0,0" hai="5,6,7,9,12,20,25,31,58,61,67" m="46239" machi="5" ten="30,1100,0" yaku="8,1" doraHai="90" who="1" fromWho="1" sc="271,-3,299,11,203,-3,227,-5" owari="268,6.8,310,41.0,200,-30.0,222,-17.8" /></mjloggm>