<mjloggm ver="2.3"><GO type="225" lobby="0"/><UN n0="%E9%A6%AC%E5%BC%95%E7%81%AB%33" n1="%40%77%61%6B%61" n2="%E6%9C%88%E5%B3%B6%E5%9F%BA" n3="%E3%81%BF%E3%81%BF%E3%81%9A" dan="16,16,17,17" rate="2142.22,2084.18,2221.75,2243.75" sx="M,M,M,M"/><TAIKYOKU oya="0"/><INIT seed="0,0,0,4,3,2" ten="250,250,250,250" oya="0" hai0="54,58,132,52,1,120,59,49,133,11,7,25,71" hai1="42,100,97,20,46,101,77,106,79,115,62,41,111" hai2="27,93,72,65,23,6,108,119,99,113,75,38,68" hai3="9,87,60,8,30,45,24,28,37,50,92,128,129"/><T125/><D120/><U10/><E101/><V43/><F113/><W107/><G37/><T110/><D71/><U5/><E115/><V48/><F38/><W121/><G107/><T112/><D112/><U15/><E111/><V31/><F108/><W56/><G121/><T84/><D110/><U13/><E62/><V131/><F131/><N who="3" m="50251" /><G92/><T80/><D25/><U55/><E55/><V95/><F95/><W102/><G87/><T86/><D125/><U67/><E67/><V127/><F65/><N who="3" m="39047" /><G102/><T61/><REACH who="0" step="1"/><D84/><REACH who="0" ten="240,250,250,250" step="2"/><U16/><REACH who="1" step="1"/><E42/><REACH who="1" ten="240,240,250,250" step="2"/><V104/><F43/><N who="3" m="24895" /><G30/><T69/><D69/><U34/><E34/><AGARI ba="0,2" hai="8,9,24,28,34" m="24895,39047,50251" machi="34" ten="30,1000,0" yaku="19,1" doraHai="2" who="3" fromWho="1" sc="240,0,240,-10,250,0,250,30" /><INIT seed="1,0,0,2,5,120" ten="240,230,250,280" oya="1" hai0="88,102,128,66,36,63,110,101,62,30,103,107,105" hai1="32,113,79,131,43,48,123,81,44,118,19,71,1" hai2="15,0,41,45,23,20,64,42,22,40,111,70,5" hai3="112,124,68,37,80,14,109,114,97,7,21,27,3"/><U96/><E118/><V51/><F0/><W85/><G37/><T53/><D128/><U31/><E123/><V129/><F129/><W122/><G68/><T99/><D36/><U25/><E113/><V98/><F70/><W95/><G122/><T67/><D30/><U65/><E131/><V52/><F111/><W24/><G3/><T4/><D110/><U61/><E1/><V10/><F64/><N who="0" m="24618" /><D53/><U46/><E96/><AGARI ba="0,0" hai="5,10,15,20,22,23,40,41,42,45,51,52,96,98" machi="96" ten="40,2600,0" yaku="8,1,54,1" doraHai="120" who="2" fromWho="1" sc="240,0,230,-26,250,26,280,0" /><INIT seed="2,0,0,3,2,28" ten="240,204,276,280" oya="2" hai0="25,106,94,115,77,134,101,62,110,86,133,3,52" hai1="72,97,55,76,113,107,65,4,95,135,127,71,2" hai2="69,124,67,39,125,66,129,24,45,85,54,51,108" hai3="130,23,131,132,16,38,103,78,99,53,100,87,79"/><V20/><F85/><W43/><G132/><N who="0" m="50795" /><D110/><U63/><E135/><V117/><F117/><W121/><G121/><T7/><D115/><U41/><E127/><N who="2" m="48715" /><F108/><W119/><G119/><T30/><D106/><U49/><E113/><V123/><F123/><W102/><G99/><N who="0" m="59639" /><D7/><U37/><E107/><V112/><F112/><W48/><G43/><T26/><D3/><U18/><E18/><N who="2" m="12311" /><F129/><N who="3" m="49163" /><G38/><T122/><D122/><U74/><E76/><V57/><F69/><W128/><N who="3" m="49171" /><W5/><DORA hai="73" /><G5/><T118/><D118/><U33/><E41/><AGARI ba="0,0" hai="39,41,45,51,54,57,66,67" m="12311,48715" machi="41" ten="30,1500,0" yaku="18,1" doraHai="28,73" who="2" fromWho="1" sc="240,0,204,-15,276,15,280,0" /><INIT seed="2,1,0,0,4,37" ten="240,189,291,280" oya="2" hai0="64,36,59,133,16,17,129,100,68,61,57,119,40" hai1="86,35,63,12,122,118,132,56,98,53,107,42,31" hai2="134,13,89,82,10,66,111,76,67,24,109,26,49" hai3="22,27,2,130,71,78,102,127,116,120,39,79,0"/><V29/><F89/><W19/><G116/><T105/><D119/><U88/><E122/><V73/><F49/><W38/><G120/><T128/><D133/><U15/><E132/><V47/><F47/><W60/><G102/><T99/><D57/><U131/><E131/><N who="0" m="50249" /><D68/><U28/><E118/><V101/><F101/><W8/><G130/><T32/><D32/><U72/><E72/><V34/><F26/><W125/><G60/><T18/><D36/><N who="3" m="13865" /><G71/><T115/><D115/><U93/><E42/><AGARI ba="1,0" hai="16,17,18,40,42,59,61,64,99,100,105" m="50249" machi="42" ten="30,7700,0" yaku="19,1,52,2,54,1" doraHai="37" who="0" fromWho="1" sc="240,80,189,-80,291,0,280,0" /><INIT seed="3,0,0,1,1,72" ten="320,109,291,280" oya="3" hai0="130,132,66,53,111,121,100,30,11,83,3,29,125" hai1="13,82,78,106,77,94,31,65,84,91,38,58,119" hai2="49,56,34,40,101,20,47,55,41,85,95,126,16" hai3="96,88,46,115,35,89,6,62,71,93,26,86,50"/><W57/><G115/><T129/><D111/><U131/><E38/><V48/><F34/><W133/><G133/><T25/><D125/><U104/><E31/><V113/><F113/><W118/><G118/><T90/><D132/><U127/><E13/><N who="2" m="9231" /><F126/><W52/><G6/><N who="0" m="1503" /><D121/><U22/><E22/><V1/><F1/><W109/><G109/><T105/><D66/><U120/><E58/><V80/><F101/><W107/><G71/><T135/><D135/><U59/><E59/><V17/><F17/><W18/><G107/><N who="1" m="41002" /><E65/><V44/><F95/><W124/><G124/><T98/><D53/><U12/><E12/><V24/><F24/><W10/><G35/><T134/><D134/><U117/><E127/><V45/><F48/><W67/><G10/><T43/><D25/><U74/><E120/><V4/><F4/><W70/><G70/><T87/><D43/><U112/><E131/><AGARI ba="0,0" hai="29,30,83,87,90,98,100,105,129,130,131" m="1503" machi="131" ten="30,1000,0" yaku="19,1" doraHai="72" who="0" fromWho="1" sc="320,10,109,-10,291,0,280,0" owari="330,43.0,99,-40.1,291,9.1,280,-12.0" /></mjloggm>