<mjloggm ver="2.3"><GO type="169" lobby="0"/><UN n0="%48%61%6C%66%73" n1="%54%61%6B%61%79%61%40" n2="%6B%65%79%33" n3="%E8%B5%A4%E7%BE%8E%E6%BF%83%E3%81%BE%E3%81%90%E3%82%8D" dan="17,16,16,17" rate="2159.71,2092.11,2073.09,2209.68" sx="M,M,M,M"/><TAIKYOKU oya="0"/><INIT seed="0,0,0,1,5,30" ten="250,250,250,250" oya="0" hai0="101,60,27,92,123,98,43,118,107,83,36,109,80" hai1="48,132,135,65,6,96,12,106,115,28,4,100,82" hai2="18,42,56,8,64,23,10,70,57,88,38,91,130" hai3="11,121,108,79,124,47,105,71,29,74,51,85,104"/><T112/><D112/><U33/><E115/><V39/><F70/><W77/><G71/><T55/><D118/><U40/><E65/><V2/><F130/><W34/><G108/><T76/><D123/><U119/><E119/><V9/><F2/><W127/><G74/><T120/><D120/><U7/><E82/><V17/><F42/><W110/><G110/><T131/><D131/><U53/><E40/><V94/><F94/><W69/><G69/><T63/><D109/><U20/><E20/><V117/><F23/><W61/><G61/><T95/><D80/><U24/><REACH who="1" step="1"/><E12/><REACH who="1" ten="250,240,250,250" step="2"/><V125/><F64/><W58/><G121/><T86/><D83/><U62/><E62/><V22/><F22/><W129/><G129/><T78/><D60/><U26/><E26/><V75/><F117/><W66/><G66/><T16/><D43/><U14/><E14/><V73/><REACH who="2" step="1"/><F8/><REACH who="2" ten="250,240,240,250" step="2"/><W97/><G11/><T84/><D27/><U89/><E89/><V50/><F50/><W128/><G51/><T19/><D63/><U72/><E72/><V46/><F46/><AGARI ba="0,2" hai="4,6,7,24,28,33,46,48,53,96,100,106,132,135" machi="46" ten="40,2600,0" yaku="1,1,52,1,53,0" doraHai="30" doraHaiUra="13" who="1" fromWho="2" sc="250,0,240,46,240,-26,250,0" /><INIT seed="1,0,0,4,1,119" ten="250,286,214,250" oya="1" hai0="135,104,91,33,18,121,117,102,53,7,97,105,36" hai1="5,123,113,90,126,24,60,34,49,8,129,114,56" hai2="48,65,99,74,116,37,58,46,57,54,20,32,78" hai3="1,131,130,26,98,55,120,96,92,110,28,63,4"/><U3/><E129/><N who="3" m="49162" /><G110/><T22/><D117/><U17/><E126/><V21/><F32/><W29/><G98/><T12/><D135/><U93/><E49/><V51/><F116/><W115/><G115/><T52/><D33/><U2/><E2/><V95/><F78/><W45/><G120/><T87/><D104/><U27/><E123/><V64/><F74/><W118/><G118/><T127/><D127/><U133/><E133/><V134/><F37/><W13/><G1/><T23/><D36/><U76/><E76/><V68/><F68/><W6/><G13/><T0/><D121/><U89/><E89/><V40/><F134/><W25/><G45/><T39/><D39/><U85/><E27/><N who="3" m="10250" /><G55/><T86/><D23/><N who="2" m="8778" /><F57/><W109/><G63/><T47/><D47/><U44/><E44/><V41/><F41/><W72/><G72/><T88/><D0/><U132/><E132/><V42/><F42/><W94/><G109/><T30/><D30/><N who="3" m="11881" /><G96/><T111/><D111/><U71/><E71/><V10/><F10/><W100/><G100/><AGARI ba="0,0" hai="40,46,48,51,54,58,64,65,95,99,100" m="8778" machi="100" ten="30,1000,0" yaku="8,1" doraHai="119" who="2" fromWho="3" sc="250,0,286,0,214,10,250,-10" /><INIT seed="2,0,0,2,5,105" ten="250,286,224,240" oya="2" hai0="108,38,89,103,94,81,58,4,91,53,45,100,90" hai1="13,93,112,34,72,18,10,109,104,92,2,22,48" hai2="135,41,114,57,3,51,70,56,15,49,19,8,55" hai3="5,50,68,101,98,35,33,126,47,106,6,65,66"/><V11/><F70/><W43/><G126/><T107/><D108/><U14/><E109/><V27/><F114/><W73/><G73/><T37/><D107/><U32/><E104/><V71/><F71/><W63/><G66/><T64/><D64/><U133/><E2/><V16/><F135/><W124/><G124/><T12/><D37/><U44/><E133/><V1/><F41/><W86/><G86/><T0/><D0/><U52/><E72/><V110/><F110/><W88/><G88/><T85/><D45/><U129/><E129/><V77/><F77/><W128/><G128/><T31/><D31/><U62/><E112/><V40/><F40/><W69/><REACH who="3" step="1"/><G68/><REACH who="3" ten="250,286,224,230" step="2"/><T75/><D75/><U7/><E93/><V122/><F122/><W79/><G79/><T30/><D91/><U25/><E92/><V60/><F60/><W120/><G120/><T96/><D90/><U123/><E123/><V119/><F119/><W24/><G24/><T20/><D85/><U39/><E39/><V36/><F27/><W116/><G116/><T29/><D38/><U132/><E132/><V76/><F76/><W42/><G42/><T87/><D94/><U59/><E25/><V78/><F78/><W82/><G82/><T17/><D89/><U127/><E127/><V9/><F36/><W99/><G99/><T21/><D96/><U84/><E84/><V67/><F67/><AGARI ba="0,1" hai="7,10,13,14,18,22,32,34,44,48,52,59,62,67" machi="67" ten="30,2000,0" yaku="7,1,54,1" doraHai="105" who="1" fromWho="2" sc="250,0,286,30,224,-20,230,0" /><INIT seed="3,0,0,3,0,67" ten="250,316,204,230" oya="3" hai0="28,56,61,1,40,113,4,98,88,71,96,80,25" hai1="130,9,86,0,16,68,76,132,20,3,12,24,39" hai2="75,111,114,104,97,51,91,115,63,108,5,27,7" hai3="74,15,106,64,123,60,38,135,57,89,119,121,48"/><W85/><G74/><T58/><D113/><U125/><E39/><V23/><F75/><W82/><G38/><T26/><D40/><U33/><E125/><V42/><F42/><W101/><G119/><T90/><D1/><U128/><E76/><V127/><F51/><W50/><G135/><T117/><D4/><N who="2" m="1610" /><F63/><W32/><G32/><T8/><D8/><U22/><E86/><V92/><F104/><W19/><G121/><T118/><D61/><U83/><E83/><V65/><F65/><W34/><G34/><T107/><D80/><U43/><E43/><V102/><F102/><W13/><G13/><T30/><D107/><U79/><E79/><V18/><F127/><W10/><G123/><T11/><D11/><U21/><E68/><AGARI ba="0,0" hai="25,26,28,30,56,58,68,71,88,90,96,98,117,118" machi="68" ten="25,8000,1" yaku="22,2,52,2,54,1" doraHai="67" who="0" fromWho="1" sc="250,80,316,-80,204,0,230,0" /><INIT seed="4,0,0,3,3,60" ten="330,236,204,230" oya="0" hai0="78,125,17,123,75,40,48,77,86,58,46,19,108" hai1="93,133,130,113,107,106,72,10,59,96,9,36,63" hai2="84,128,73,127,15,57,53,117,35,76,99,14,62" hai3="90,81,88,66,94,83,8,31,25,13,98,97,26"/><T82/><D123/><U22/><E36/><V41/><F35/><W114/><G114/><T33/><D125/><U47/><E72/><V20/><F127/><W110/><G110/><T24/><D108/><U104/><E113/><V51/><F73/><W34/><G66/><T2/><D2/><U95/><E133/><V49/><F128/><W5/><REACH who="3" step="1"/><G26/><REACH who="3" ten="330,236,204,220" step="2"/><T74/><D24/><U131/><E131/><V55/><F117/><W122/><G122/><T134/><D134/><U37/><E130/><V54/><F14/><W16/><G16/><T121/><D17/><U109/><E109/><V105/><F15/><W6/><G6/><T42/><D19/><U38/><E9/><V56/><F20/><W45/><G45/><T28/><D46/><U85/><E10/><V103/><F41/><W50/><G50/><T43/><D48/><U92/><E22/><V87/><REACH who="2" step="1"/><F76/><REACH who="2" ten="330,236,194,220" step="2"/><W79/><G79/><T12/><D78/><U111/><E111/><V52/><F52/><W64/><G64/><T71/><D12/><U102/><E47/><AGARI ba="0,2" hai="47,49,51,53,54,55,56,57,62,84,87,99,103,105" machi="47" ten="30,2000,0" yaku="1,1,7,1,53,0" doraHai="60" doraHaiUra="7" who="2" fromWho="1" sc="330,0,236,-20,194,40,220,0" /><INIT seed="5,0,0,2,4,22" ten="330,216,234,220" oya="1" hai0="8,106,109,26,122,58,57,39,49,34,0,5,64" hai1="111,78,117,97,63,23,101,91,108,82,50,119,67" hai2="125,120,11,94,79,92,45,124,30,9,70,84,88" hai3="51,54,135,62,121,29,130,96,27,59,107,89,98"/><U47/><E91/><V37/><F70/><W126/><G121/><T83/><D109/><U56/><E119/><V69/><F69/><W77/><G126/><N who="2" m="48745" /><F120/><W48/><G130/><T12/><D39/><U55/><E117/><V35/><F79/><W81/><G135/><T13/><D106/><U61/><E61/><V52/><F94/><W128/><G128/><T114/><D83/><U99/><E23/><V102/><F102/><W127/><G127/><T73/><D73/><U74/><REACH who="1" step="1"/><E99/><REACH who="1" ten="330,206,234,220" step="2"/><V36/><F9/><W19/><G96/><T115/><D8/><U44/><E44/><V123/><F11/><W104/><G89/><T80/><D122/><U15/><E15/><V25/><F123/><W131/><G98/><T129/><D12/><U95/><AGARI ba="0,1" hai="47,50,55,56,63,67,74,78,82,95,97,101,108,111" machi="95" ten="30,6000,0" yaku="1,1,0,1,53,1" doraHai="22" doraHaiUra="43" who="1" fromWho="1" sc="330,-20,206,70,234,-20,220,-20" /><INIT seed="5,1,0,2,4,49" ten="310,276,214,200" oya="1" hai0="23,68,46,104,105,11,83,32,134,13,92,121,95" hai1="60,30,114,65,119,35,78,88,82,109,67,18,75" hai2="110,96,12,54,3,21,102,99,124,122,81,111,120" hai3="15,16,80,62,84,71,42,91,33,44,115,108,52"/><U2/><E119/><V98/><F3/><W66/><G108/><T70/><D32/><U24/><E109/><N who="2" m="41483" /><F21/><W53/><G33/><T56/><D134/><U97/><E2/><V116/><F12/><W94/><G115/><T76/><D56/><U47/><E114/><V128/><F54/><W61/><G61/><T14/><D46/><U103/><E47/><V89/><F116/><W123/><G94/><T26/><D121/><N who="2" m="46698" /><F128/><W130/><G130/><T28/><D68/><U106/><E18/><V48/><F48/><W100/><G100/><T0/><D70/><U59/><E88/><V25/><F25/><W1/><G1/><T127/><D14/><U27/><E24/><V5/><F5/><W51/><G123/><T64/><D13/><U133/><E133/><V101/><F124/><W38/><G38/><T45/><D26/><U55/><AGARI ba="1,0" hai="27,30,35,55,59,60,65,67,75,78,82,97,103,106" machi="55" ten="20,3900,0" yaku="0,1,7,1,52,1" doraHai="49" who="1" fromWho="1" sc="310,-14,276,42,214,-14,200,-14" /><INIT seed="5,2,0,2,5,98" ten="296,318,200,186" oya="1" hai0="126,29,125,57,49,96,22,111,86,101,15,10,43" hai1="94,33,34,40,26,39,85,124,7,62,121,107,123" hai2="131,77,4,120,45,9,35,64,76,59,5,41,68" hai3="48,106,114,91,0,117,133,122,82,130,38,103,11"/><U72/><E107/><V44/><F120/><W70/><RYUUKYOKU type="yao9" ba="2,0" sc="296,0,318,0,200,0,186,0" hai3="0,11,38,48,70,82,91,103,106,114,117,122,130,133" /><INIT seed="5,3,0,1,3,15" ten="296,318,200,186" oya="1" hai0="123,47,128,55,33,94,96,105,135,16,68,74,54" hai1="102,106,133,21,116,37,66,29,59,76,63,86,38" hai2="92,93,58,126,70,65,6,103,27,119,14,0,90" hai3="22,2,79,104,57,111,84,108,17,125,114,56,32"/><U7/><E133/><V109/><F0/><W98/><G32/><T10/><D74/><U77/><E116/><V44/><F70/><W64/><G2/><T101/><D128/><U120/><E120/><V3/><F3/><W4/><G4/><T5/><D33/><U97/><E7/><V121/><F109/><W45/><G45/><T48/><D68/><U85/><E85/><V127/><F119/><W53/><G64/><T40/><D135/><U89/><E37/><V20/><F121/><W34/><G34/><T88/><D5/><U124/><E38/><V18/><F44/><W78/><G57/><T1/><D1/><U11/><E11/><N who="2" m="4471" /><F103/><W51/><G125/><N who="2" m="47625" /><F90/><W25/><G114/><T71/><D71/><U129/><E129/><V134/><F134/><W35/><G35/><T82/><D105/><U73/><E73/><V91/><F91/><W107/><G79/><T99/><D123/><U81/><E124/><V50/><F65/><W110/><REACH who="3" step="1"/><G98/><REACH who="3" ten="296,318,200,176" step="2"/><T115/><D115/><U39/><E39/><V30/><F58/><W67/><G67/><T41/><D99/><U46/><E46/><V95/><F50/><W49/><G49/><T131/><D131/><U83/><E77/><V75/><F75/><W100/><G100/><T122/><D122/><U23/><E76/><V24/><F24/><W42/><G42/><T61/><D41/><U43/><E43/><V117/><F117/><W13/><G13/><N who="0" m="7223" /><D101/><U118/><E118/><V80/><F80/><AGARI ba="3,1" hai="17,22,25,51,53,56,78,80,84,104,107,108,110,111" machi="80" ten="40,2600,0" yaku="1,1,52,1,53,0" doraHai="15" doraHaiUra="130" who="3" fromWho="2" sc="296,0,318,0,200,-35,176,45" /><INIT seed="6,0,0,3,1,0" ten="296,318,165,221" oya="2" hai0="120,132,105,102,79,107,97,91,68,67,111,89,82" hai1="3,21,48,7,109,108,13,28,58,16,129,123,14" hai2="113,131,51,27,121,33,71,66,8,11,53,116,100" hai3="76,73,104,78,35,95,125,63,65,52,1,61,88"/><V39/><F116/><W86/><G104/><T72/><D68/><U80/><E129/><V49/><F121/><W29/><G1/><T17/><D67/><U18/><E123/><V85/><F39/><W6/><G125/><T40/><D40/><U92/><E80/><V64/><F131/><W24/><G6/><T74/><D17/><U57/><E92/><V34/><F100/><W124/><G124/><T87/><D111/><U106/><E106/><V128/><F128/><W127/><G127/><T25/><D25/><U41/><E41/><V31/><F113/><W133/><G133/><T59/><D59/><U117/><E48/><V126/><F126/><W84/><G73/><N who="0" m="28267" /><D132/><U37/><E37/><V5/><F34/><W122/><G122/><T47/><D47/><U10/><E117/><V30/><F30/><W55/><G63/><T94/><D120/><U101/><E101/><V42/><F71/><W15/><G15/><N who="1" m="5642" /><E58/><V134/><F134/><W90/><G65/><N who="2" m="25193" /><F42/><W83/><G61/><T130/><D130/><U46/><E46/><N who="2" m="27831" /><F51/><W60/><G60/><T96/><D107/><U98/><E57/><V69/><F69/><W112/><REACH who="3" step="1"/><G112/><REACH who="3" ten="296,318,165,211" step="2"/><T2/><D2/><U12/><E109/><V115/><F115/><W99/><G99/><T103/><AGARI ba="0,1" hai="79,82,87,89,91,94,96,97,102,103,105" m="28267" machi="103" ten="30,8000,1" yaku="35,5" doraHai="0" who="0" fromWho="0" sc="296,90,318,-20,165,-40,211,-20" /><INIT seed="7,0,0,0,1,108" ten="386,298,125,191" oya="3" hai0="76,56,50,34,68,39,61,43,120,8,94,49,20" hai1="14,33,42,126,65,130,109,98,54,100,101,103,70" hai2="3,19,96,86,102,77,16,37,30,11,85,12,135" hai3="92,46,132,73,69,75,55,125,10,111,123,117,90"/><W105/><G105/><T59/><D34/><U110/><E130/><V81/><F135/><W26/><G69/><T64/><D120/><U83/><E126/><V44/><F3/><W40/><G117/><T74/><D74/><U119/><E119/><V51/><F37/><W31/><G111/><T57/><D76/><U80/><E42/><V118/><F118/><W6/><G123/><T88/><D8/><U115/><E98/><V122/><F122/><W107/><G107/><T89/><D89/><U124/><E33/><V5/><F85/><W24/><G55/><N who="0" m="31863" /><D20/><U66/><E70/><V71/><F30/><W63/><G125/><T9/><D9/><U82/><E124/><V0/><F0/><W1/><G132/><T32/><D49/><U84/><E84/><V23/><F23/><W91/><G90/><T15/><D15/><U62/><E14/><V45/><F71/><W114/><G26/><T116/><D116/><U36/><E36/><V67/><F67/><W121/><G121/><T28/><D88/><U60/><E54/><V41/><F44/><W87/><G63/><N who="1" m="24106" /><E110/><V112/><F112/><W133/><G133/><T106/><D106/><AGARI ba="0,0" hai="5,11,12,16,19,41,45,51,77,81,86,96,102,106" machi="106" ten="30,7700,0" yaku="7,1,25,2,54,1" doraHai="108" who="2" fromWho="0" sc="386,-77,298,0,125,77,191,0" owari="309,40.9,298,9.8,202,-19.8,191,-30.9" /></mjloggm>