<mjloggm ver="2.3"><GO type="169" lobby="0"/><UN n0="%E3%83%9C%E3%82%A4%E3%83%AD%E5%B0%86%E6%A3%8B%E9%83%A8%E5%93%A1" n1="%E3%81%9B%E3%81%A9%E3%81%AA%E3%82%8A%E3%81%82%E3%82%93" n2="%E3%83%80%E3%82%AF%E3%82%BF%E3%83%BC%E3%82%AF%E3%83%AA%E3%83%83%E3%83%97" n3="%79%7A%68%61%6E%67" dan="17,17,19,16" rate="2178.32,2191.50,2260.73,2167.62" sx="M,F,M,M"/><TAIKYOKU oya="0"/><INIT seed="0,0,0,1,3,124" ten="250,250,250,250" oya="0" hai0="60,109,34,79,26,130,99,55,47,69,113,49,132" hai1="120,102,129,59,12,62,98,6,35,10,67,85,88" hai2="107,93,53,54,75,103,77,117,44,114,123,48,14" hai3="56,61,27,13,42,68,108,19,118,45,134,122,82"/><T125/><D113/><U131/><E120/><V84/><F123/><W24/><G118/><T23/><D125/><U90/><E35/><V135/><F114/><W64/><G122/><T116/><D116/><U7/><E7/><V91/><F117/><W63/><G108/><T106/><D132/><U58/><E58/><V83/><F135/><W70/><G82/><T104/><D109/><U37/><E37/><V72/><F72/><W94/><G94/><T11/><D34/><U81/><REACH who="1" step="1"/><E90/><REACH who="1" ten="250,240,250,250" step="2"/><V76/><F76/><W39/><G134/><T28/><D79/><U92/><AGARI ba="0,1" hai="6,10,12,59,62,67,81,85,88,92,98,102,129,131" machi="92" ten="30,12000,2" yaku="1,1,2,1,0,1,52,2,54,1,53,0" doraHai="124" doraHaiUra="22" who="1" fromWho="1" sc="250,-60,240,130,250,-30,250,-30" /><INIT seed="1,0,0,1,3,77" ten="190,370,220,220" oya="1" hai0="106,74,24,87,17,59,110,11,108,43,54,84,131" hai1="135,52,120,105,60,126,22,5,28,78,70,31,36" hai2="64,46,27,95,132,67,118,93,33,41,82,115,92" hai3="96,81,47,1,102,104,112,4,20,90,63,80,42"/><U34/><E120/><V111/><F118/><W39/><G112/><T53/><D74/><U38/><E105/><V99/><F115/><W76/><G90/><T50/><D106/><U6/><E34/><V10/><F111/><N who="0" m="42538" /><D131/><U37/><E126/><V12/><F132/><W29/><G63/><N who="0" m="36335" /><D43/><U8/><E135/><V32/><F99/><W123/><G123/><T35/><D11/><U119/><E119/><V30/><F32/><W75/><G20/><N who="0" m="13327" /><D35/><U62/><E70/><V2/><F2/><W133/><G29/><T114/><D114/><U13/><E22/><V91/><F12/><W19/><G19/><T44/><AGARI ba="0,0" hai="44,50,54,84,87" m="13327,36335,42538" machi="44" ten="30,1100,0" yaku="14,1" doraHai="77" who="0" fromWho="0" sc="190,11,370,-5,220,-3,220,-3" /><INIT seed="2,0,0,2,4,17" ten="201,365,217,217" oya="2" hai0="34,9,102,2,132,3,6,54,60,94,85,41,42" hai1="56,0,19,126,33,26,86,39,27,130,113,53,28" hai2="131,112,71,93,128,129,133,124,70,57,21,7,11" hai3="13,14,88,48,84,101,118,29,135,125,30,111,16"/><V73/><F112/><W89/><G118/><T46/><D34/><U121/><E113/><V115/><F115/><W68/><G68/><T44/><D132/><U65/><E0/><V122/><F122/><W83/><G135/><T97/><D2/><U109/><E109/><V8/><F133/><W92/><G111/><T95/><D60/><U67/><E39/><V82/><F124/><W5/><G125/><T119/><D119/><U10/><E126/><V117/><F117/><W59/><G101/><T20/><D54/><U36/><E36/><V25/><F93/><W120/><G120/><T23/><D85/><U45/><E45/><V77/><F57/><W40/><G5/><T61/><D61/><U116/><E130/><V1/><REACH who="2" step="1"/><F8/><REACH who="2" ten="201,365,207,217" step="2"/><W107/><G107/><T87/><D94/><U43/><E10/><V91/><F91/><W15/><G59/><T78/><D78/><U58/><E58/><V37/><F37/><W50/><G92/><T127/><D127/><U55/><E56/><V103/><F103/><W90/><G90/><T31/><D102/><U104/><E104/><V38/><F38/><W63/><G89/><T99/><D95/><U4/><E116/><V66/><F66/><W51/><G63/><T134/><D134/><U24/><E65/><V80/><F80/><W74/><G74/><T49/><D9/><U18/><E67/><V108/><F108/><W12/><G40/><T52/><D41/><U35/><E43/><V106/><F106/><W32/><G32/><T76/><D42/><U110/><E121/><V98/><F98/><W105/><G105/><RYUUKYOKU ba="0,1" sc="201,-15,365,-15,207,15,217,15" hai2="1,7,11,21,25,70,71,73,77,82,128,129,131" hai3="12,13,14,15,16,29,30,48,50,51,83,84,88" /><INIT seed="2,1,1,0,5,38" ten="186,350,222,232" oya="2" hai0="97,19,25,60,48,52,109,121,47,110,44,27,80" hai1="11,62,135,31,79,26,0,61,53,29,133,1,94" hai2="35,106,88,87,84,20,112,104,24,96,127,49,81" hai3="65,128,34,123,43,132,89,33,115,58,93,16,82"/><V36/><F112/><W130/><G123/><T119/><D121/><U103/><E79/><V2/><F36/><W42/><G115/><T51/><D119/><U40/><E40/><N who="3" m="15402" /><G82/><T68/><D97/><N who="1" m="59831" /><E31/><V37/><F37/><W75/><G75/><T18/><D80/><U14/><E53/><V90/><F2/><N who="1" m="1129" /><E61/><V124/><F35/><W120/><G120/><T73/><D60/><U111/><E62/><V23/><F49/><W74/><G74/><T95/><D73/><U4/><E29/><V108/><F108/><W113/><G113/><T70/><D95/><U46/><E46/><V72/><F72/><W129/><G132/><N who="1" m="50762" /><E26/><V30/><F20/><W69/><G69/><T64/><REACH who="0" step="1"/><D64/><REACH who="0" ten="176,350,222,232" step="2"/><U7/><E111/><V101/><REACH who="2" step="1"/><F106/><REACH who="2" ten="176,350,212,232" step="2"/><W105/><G105/><T45/><D45/><U131/><E131/><V78/><F78/><W83/><G128/><T76/><D76/><U126/><E126/><V13/><F13/><W91/><G129/><T6/><D6/><AGARI ba="1,3" hai="4,6,7,11,14" m="50762,1129,59831" machi="6" ten="30,1000,0" yaku="20,1" doraHai="38" who="1" fromWho="0" sc="176,-13,350,43,212,0,232,0" /><INIT seed="3,0,0,2,0,132" ten="163,393,212,232" oya="3" hai0="91,103,19,52,44,40,26,32,105,83,79,7,126" hai1="118,78,121,15,27,4,71,22,20,100,35,77,131" hai2="56,50,30,81,41,59,37,70,14,1,23,102,36" hai3="69,97,29,53,96,117,10,43,135,16,88,6,64"/><W124/><G117/><T31/><D7/><U8/><E121/><V84/><F1/><W62/><G135/><T114/><D114/><U106/><E71/><V127/><F70/><W82/><G29/><T90/><D19/><U28/><E131/><V123/><F123/><W130/><G130/><T111/><D111/><U17/><E118/><V21/><F102/><W113/><G113/><T13/><D13/><U98/><REACH who="1" step="1"/><E22/><REACH who="1" ten="163,383,212,232" step="2"/><V85/><F23/><W11/><G69/><T134/><D134/><U104/><E104/><V122/><F21/><W24/><G10/><T115/><D105/><U94/><E94/><V61/><F122/><W65/><G11/><T25/><D115/><U128/><E128/><V42/><F36/><W45/><G82/><T67/><D83/><U89/><E89/><V18/><F37/><W101/><G88/><T63/><D91/><U74/><E74/><V92/><F92/><W54/><G101/><T60/><D90/><U9/><E9/><V119/><F81/><W99/><G99/><T51/><D103/><U116/><E116/><V38/><F119/><W39/><G96/><T47/><D79/><U57/><E57/><V76/><F59/><W72/><G97/><T49/><D26/><AGARI ba="0,1" hai="4,8,15,17,20,26,27,28,35,77,78,98,100,106" machi="26" ten="30,3900,0" yaku="1,1,7,1,53,1" doraHai="132" doraHaiUra="2" who="1" fromWho="0" sc="163,-39,383,49,212,0,232,0" /><INIT seed="4,0,0,4,4,79" ten="124,432,212,232" oya="0" hai0="101,126,89,120,87,70,66,88,56,45,48,82,44" hai1="93,125,96,53,28,128,130,95,83,77,111,57,92" hai2="124,112,12,118,64,26,122,58,2,52,9,24,78" hai3="91,134,7,102,17,114,85,55,109,97,5,74,23"/><T132/><D120/><U127/><E28/><V1/><F122/><W43/><G109/><T19/><D132/><U76/><E76/><V61/><F112/><W94/><G74/><T47/><D126/><N who="1" m="48139" /><E111/><V42/><F42/><W106/><G134/><T81/><D101/><N who="1" m="60551" /><E53/><V29/><F24/><W14/><G114/><T63/><D19/><U8/><E8/><V90/><F118/><W129/><G129/><N who="1" m="49770" /><E57/><V3/><F78/><W37/><G37/><T99/><D99/><U4/><E4/><V73/><F73/><AGARI ba="0,0" hai="73,77,83,93,95" m="49770,60551,48139" machi="73" ten="30,8000,1" yaku="18,1,19,1,34,2,52,1" doraHai="79" who="1" fromWho="2" sc="124,0,432,80,212,-80,232,0" /><INIT seed="5,0,0,0,1,78" ten="124,512,132,232" oya="1" hai0="15,60,33,100,59,87,58,61,24,52,38,47,2" hai1="81,92,40,114,99,104,103,105,25,1,16,54,119" hai2="35,126,9,37,90,102,80,134,88,131,86,79,106" hai3="93,57,6,48,66,56,11,91,62,67,5,127,118"/><U95/><E119/><V129/><F35/><W97/><G118/><T63/><D2/><U41/><E1/><V71/><F71/><W112/><G112/><T18/><D100/><U27/><E114/><V74/><F37/><W89/><G127/><T32/><D38/><U21/><E27/><V45/><F45/><W36/><G36/><T123/><D123/><U0/><E0/><V115/><F115/><W68/><G68/><T51/><D24/><U125/><E125/><V84/><F9/><W113/><G113/><T55/><D87/><N who="2" m="33322" /><F134/><W28/><G28/><T10/><REACH who="0" step="1"/><D63/><REACH who="0" ten="114,512,132,232" step="2"/><U135/><E103/><V132/><F126/><W3/><G3/><T120/><D120/><U4/><E25/><V133/><F133/><W19/><G48/><T43/><AGARI ba="0,1" hai="10,15,18,32,33,43,47,51,52,55,58,59,60,61" machi="43" ten="20,8000,1" yaku="1,1,0,1,7,1,9,1,54,1,53,0" doraHai="78" doraHaiUra="65" who="0" fromWho="0" sc="114,90,512,-40,132,-20,232,-20" /><INIT seed="6,0,0,0,0,52" ten="204,472,112,212" oya="2" hai0="134,113,24,107,46,63,8,45,100,93,103,14,104" hai1="20,35,12,131,22,11,50,36,17,48,98,85,87" hai2="57,96,80,70,53,111,119,68,25,115,110,67,61" hai3="112,75,39,132,124,7,89,43,117,106,128,94,59"/><V0/><F0/><W71/><RYUUKYOKU type="yao9" ba="0,0" sc="204,0,472,0,112,0,212,0" hai3="7,39,43,59,71,75,89,94,106,112,117,124,128,132" /><INIT seed="6,1,0,1,4,27" ten="204,472,112,212" oya="2" hai0="43,5,56,123,68,120,28,19,70,75,86,49,52" hai1="128,117,107,87,101,60,3,77,66,13,100,113,50" hai2="91,34,26,21,65,58,131,135,78,25,103,81,69" hai3="36,98,124,97,51,1,0,114,89,18,33,111,90"/><V67/><F69/><W79/><G36/><T22/><D75/><U109/><E3/><V99/><F131/><W35/><G111/><T83/><D5/><U32/><E109/><V24/><F135/><W102/><G79/><T14/><D43/><U74/><E74/><V72/><F34/><W15/><G124/><T6/><D6/><U42/><E117/><V10/><F10/><W55/><G114/><T84/><D84/><U54/><E42/><V104/><F58/><W8/><G0/><T126/><D126/><U12/><E107/><V108/><F108/><W17/><G1/><T20/><D70/><U40/><E40/><V7/><F7/><W38/><G38/><T115/><D68/><U62/><E66/><V105/><F105/><W80/><G18/><T121/><D115/><U119/><E128/><V116/><F116/><W76/><G90/><T118/><D118/><U63/><E32/><V73/><F73/><W59/><G89/><T41/><D41/><U133/><E113/><V46/><F46/><W112/><G112/><T127/><D127/><U106/><E133/><V45/><F45/><W92/><G98/><T93/><D93/><U31/><E106/><V37/><F37/><W4/><G4/><T85/><REACH who="0" step="1"/><D83/><REACH who="0" ten="194,472,112,212" step="2"/><U9/><E119/><V47/><F47/><W48/><G80/><T134/><D134/><U11/><E87/><V30/><REACH who="2" step="1"/><F91/><REACH who="2" ten="194,472,102,212" step="2"/><W61/><G76/><T94/><D94/><U82/><E77/><V110/><F110/><W125/><G125/><T96/><D96/><U29/><E9/><V53/><F53/><W39/><G39/><RYUUKYOKU ba="1,2" sc="194,10,472,-30,102,10,212,10" hai0="14,19,20,22,28,49,52,56,85,86,120,121,123" hai2="21,24,25,26,30,65,67,72,78,81,99,103,104" hai3="8,15,17,33,35,48,51,55,59,61,92,97,102" /><INIT seed="6,2,2,3,4,61" ten="204,442,112,222" oya="2" hai0="111,102,94,129,73,105,66,95,51,77,20,99,0" hai1="93,86,114,59,22,15,47,12,104,67,97,25,115" hai2="44,46,120,103,17,6,38,5,79,123,84,68,13" hai3="134,91,87,117,48,119,110,113,101,27,34,65,78"/><V50/><F68/><W125/><G110/><T45/><D111/><U64/><E104/><V3/><F3/><W89/><G125/><T31/><D0/><U9/><E86/><V96/><F123/><W98/><G134/><T2/><D2/><U80/><E80/><N who="2" m="47135" /><F120/><W126/><G126/><T107/><D129/><U14/><E47/><N who="2" m="17963" /><F38/><W41/><G34/><T32/><D32/><U130/><E59/><V26/><F26/><W10/><G87/><T118/><D107/><U19/><E9/><N who="2" m="6319" /><F50/><W43/><G48/><T72/><D51/><U124/><E124/><V108/><F108/><W23/><G27/><T109/><D109/><U29/><E130/><V112/><F112/><N who="1" m="43049" /><E19/><V127/><F127/><W49/><G49/><T28/><D105/><U36/><E36/><V1/><F1/><W131/><G113/><T69/><D72/><U92/><E92/><AGARI ba="2,2" hai="5,6,92,96,103" m="6319,17963,47135" machi="92" ten="30,1500,0" yaku="8,1" doraHai="61" who="2" fromWho="1" sc="204,0,442,-21,112,41,222,0" /><INIT seed="6,3,0,0,1,12" ten="204,421,153,222" oya="2" hai0="5,75,36,25,96,67,39,128,19,106,134,0,23" hai1="81,85,122,4,66,43,117,116,42,41,50,16,114" hai2="58,21,79,26,84,35,102,97,53,127,113,56,60" hai3="133,65,61,74,104,119,77,73,64,130,6,9,45"/><V118/><F118/><W22/><G119/><T71/><D75/><U111/><E111/><V135/><F35/><W52/><G104/><T57/><D71/><U55/><E4/><V32/><F32/><W3/><G133/><T70/><D70/><U49/><E114/><V120/><F120/><W18/><G130/><T121/><D121/><U132/><E132/><V91/><F113/><W59/><G77/><T115/><D115/><U123/><E66/><V101/><F127/><W38/><G64/><T30/><D134/><U44/><E117/><V2/><F2/><W63/><G38/><T31/><D128/><U131/><E131/><V109/><F109/><W11/><G11/><T92/><D106/><U95/><E95/><N who="2" m="56575" /><F58/><W20/><G20/><T105/><D105/><U28/><E116/><V14/><F14/><W46/><G46/><T124/><D124/><U76/><E122/><V82/><F135/><W126/><G126/><T1/><D36/><U100/><E44/><V7/><F7/><W62/><G45/><T90/><D39/><U83/><E123/><V80/><F82/><W13/><G62/><T37/><D37/><U108/><E81/><V33/><F33/><W89/><G89/><T15/><D0/><U99/><E83/><V17/><AGARI ba="3,0" hai="17,21,26,53,56,60,79,80,84,101,102" m="56575" machi="17" ten="30,6000,0" yaku="25,1,8,1,52,1" doraHai="12" who="2" fromWho="2" sc="204,-23,421,-23,153,69,222,-23" /><INIT seed="6,4,0,5,3,8" ten="181,398,222,199" oya="2" hai0="62,89,132,17,65,131,24,104,118,45,70,60,105" hai1="133,27,59,128,1,42,76,2,46,101,134,58,86" hai2="30,102,15,129,49,11,72,34,12,21,135,115,40" hai3="19,94,20,63,87,36,92,122,14,69,84,93,106"/><V54/><F34/><W88/><G106/><T90/><D131/><U95/><E128/><V64/><F72/><W67/><G122/><T23/><D132/><N who="1" m="50795" /><E27/><N who="2" m="16751" /><F115/><W81/><REACH who="3" step="1"/><G36/><REACH who="3" ten="181,398,222,189" step="2"/><T55/><D118/><U43/><E1/><V35/><F135/><W53/><G53/><T117/><D117/><U9/><E2/><V7/><F54/><W37/><G37/><T116/><D116/><U85/><E42/><V10/><F40/><W97/><G97/><T109/><D105/><U124/><E43/><V38/><F38/><W98/><G98/><T111/><D104/><U71/><E124/><V121/><F121/><W68/><G68/><T51/><REACH who="0" step="1"/><D60/><REACH who="0" ten="171,398,222,189" step="2"/><U41/><E71/><V57/><F129/><W120/><G120/><T66/><D66/><U77/><E41/><V32/><F64/><W103/><G103/><T107/><D107/><U126/><E101/><V18/><F102/><W100/><G100/><T3/><D3/><U123/><E123/><V26/><F49/><W56/><G56/><T48/><D48/><U80/><E58/><V16/><F57/><W25/><G25/><T4/><D4/><U130/><E59/><V39/><F39/><W114/><G114/><T91/><AGARI ba="4,2" hai="17,23,24,45,51,55,62,65,70,89,90,91,109,111" machi="91" ten="30,4000,0" yaku="1,1,0,1,53,1" doraHai="8" doraHaiUra="44" who="0" fromWho="0" sc="171,72,398,-14,222,-24,189,-14" /><INIT seed="7,0,0,3,1,42" ten="243,384,198,175" oya="3" hai0="4,112,52,73,87,125,27,86,46,100,7,119,92" hai1="80,2,129,10,71,91,81,26,60,37,1,132,103" hai2="12,77,134,111,50,48,66,130,106,21,113,116,13" hai3="16,49,118,22,56,40,117,88,20,76,135,0,64"/><W131/><G0/><T105/><D73/><U84/><E37/><V53/><F111/><W93/><G76/><T39/><D119/><U3/><E103/><V124/><F48/><W6/><G6/><T18/><D125/><U36/><E36/><V99/><F13/><N who="3" m="9231" /><G117/><T25/><D39/><U94/><E26/><V74/><F50/><W62/><G118/><T108/><D108/><U19/><E129/><V109/><F12/><W122/><G122/><T32/><D25/><U57/><E71/><V55/><F21/><W126/><G131/><T82/><D27/><U133/><E19/><V70/><F70/><W75/><G75/><T96/><D18/><U83/><E10/><V61/><F77/><W5/><G126/><T43/><D32/><U41/><E41/><V123/><F74/><W89/><G135/><N who="1" m="51786" /><E1/><V31/><F106/><W28/><G5/><T17/><D105/><U95/><E95/><V127/><F31/><W15/><G28/><T78/><D4/><U121/><E121/><V63/><F123/><W45/><G93/><T128/><D7/><U24/><E24/><V107/><F107/><W54/><G40/><T101/><D43/><U47/><E47/><V98/><F116/><W29/><G29/><T120/><D128/><U114/><E114/><V102/><F113/><W51/><G51/><N who="0" m="28791" /><D112/><U97/><E97/><N who="2" m="36875" /><F109/><W104/><G104/><N who="0" m="63495" /><D120/><U38/><E38/><V68/><F130/><W90/><G15/><T11/><D101/><U34/><E34/><V72/><F134/><W14/><G14/><N who="0" m="7391" /><D92/><U35/><E35/><V115/><F115/><W67/><G22/><RYUUKYOKU ba="0,0" sc="243,10,384,10,198,-30,175,10" hai0="78,82,86,87" hai1="2,3,57,60,80,81,83,84,91,94" hai3="45,49,54,56,62,64,67,88,89,90" /><INIT seed="7,1,0,4,4,84" ten="253,394,168,185" oya="3" hai0="20,129,66,119,24,102,18,125,75,135,73,123,62" hai1="57,28,69,13,124,29,5,107,33,1,86,117,88" hai2="50,98,116,54,64,11,17,34,111,35,42,118,90" hai3="94,0,74,89,65,26,43,127,134,78,55,112,71"/><W108/><G0/><T56/><D123/><U16/><E69/><V114/><F111/><W87/><G108/><T49/><D119/><U130/><E107/><V82/><F42/><W93/><G127/><T109/><D125/><U101/><E33/><V27/><F64/><W23/><G134/><T61/><D129/><U40/><E124/><V53/><F53/><W99/><G43/><T70/><D109/><U120/><E120/><V128/><F128/><W85/><G112/><T30/><D102/><U6/><E101/><V95/><F114/><W21/><G74/><T22/><D49/><U92/><E1/><V39/><F39/><W2/><G2/><T132/><D132/><U63/><E40/><V4/><F82/><N who="3" m="47319" /><G71/><T37/><D37/><U45/><E45/><V126/><F126/><W133/><G65/><T58/><D70/><U52/><E117/><V115/><F115/><W36/><G36/><T121/><D121/><U9/><E130/><V83/><F83/><W80/><G133/><T106/><D106/><U12/><E5/><V81/><F81/><W8/><G8/><AGARI ba="1,0" hai="6,8,9,12,13,16,28,29,52,57,63,86,88,92" machi="8" ten="30,12000,2" yaku="7,1,8,1,52,1,54,3" doraHai="84" who="1" fromWho="3" sc="253,0,394,123,168,0,185,-123" owari="253,5.3,517,61.7,168,-23.2,62,-43.8" /></mjloggm>