<mjloggm ver="2.3"><GO type="169" lobby="0"/><UN n0="%E3%81%9D%E3%81%86%E3%81%9F%E3%81%A3%E3%81%9F" n1="%4D%75%64%46%6C%6F%77" n2="%E3%82%A8%E3%82%B0%E3%83%81%E3%80%81" n3="%E3%81%9B%E3%81%A9%E3%81%AA%E3%82%8A%E3%81%82%E3%82%93" dan="16,16,17,17" rate="2188.48,2110.00,2191.59,2199.81" sx="M,M,M,F"/><TAIKYOKU oya="0"/><INIT seed="0,0,0,5,5,12" ten="250,250,250,250" oya="0" hai0="104,64,98,113,85,60,108,66,44,1,96,9,56" hai1="61,81,31,70,130,82,74,54,41,57,102,20,118" hai2="79,58,37,26,93,89,103,116,71,87,24,86,133" hai3="36,131,2,129,73,34,120,17,4,19,40,105,5"/><T53/><D113/><U72/><E118/><V52/><F116/><W65/><G34/><T15/><D1/><U126/><E130/><N who="3" m="49674" /><G105/><T111/><D85/><U6/><E126/><V38/><F133/><W7/><G2/><T10/><D10/><U68/><E6/><V132/><F71/><W50/><G36/><T33/><D33/><U3/><E3/><V121/><F121/><W13/><G13/><T47/><D47/><U29/><E41/><V123/><F123/><W76/><G65/><T18/><D44/><U8/><E102/><V75/><F132/><W43/><G120/><T107/><D104/><U114/><E8/><V117/><F103/><W0/><G0/><T88/><D107/><U39/><E39/><V23/><F75/><W134/><G134/><T59/><D88/><U125/><E114/><V83/><F26/><W100/><G100/><T112/><D66/><U124/><E72/><V28/><REACH who="2" step="1"/><F117/><REACH who="2" ten="250,250,240,250" step="2"/><W45/><G43/><T35/><D112/><U127/><E74/><V30/><F30/><W67/><G67/><T91/><D64/><U62/><E70/><V48/><AGARI ba="0,1" hai="23,24,28,37,38,48,52,58,79,83,86,87,89,93" machi="48" ten="20,8000,1" yaku="1,1,0,1,7,1,54,1,53,1" doraHai="12" doraHaiUra="46" who="2" fromWho="2" sc="250,-40,250,-20,240,90,250,-20" /><INIT seed="1,0,0,2,5,83" ten="210,230,330,230" oya="1" hai0="41,37,62,106,10,74,95,80,53,108,91,59,34" hai1="57,44,100,134,15,104,39,20,87,71,115,105,114" hai2="85,67,30,47,117,88,16,101,89,86,132,94,68" hai3="107,52,58,55,103,1,27,119,72,60,111,70,3"/><U129/><E71/><V11/><F117/><W102/><G72/><T51/><D106/><U4/><E129/><V21/><F132/><W35/><G111/><T84/><D34/><U28/><E134/><V33/><F33/><W25/><G70/><T0/><D108/><U46/><E100/><V121/><F121/><W79/><G79/><T42/><D37/><U5/><E57/><V54/><F68/><W76/><G76/><T78/><REACH who="0" step="1"/><D62/><REACH who="0" ten="200,230,330,230" step="2"/><U48/><E39/><V43/><F67/><W56/><G35/><T13/><D13/><U38/><E15/><N who="2" m="7295" /><F101/><W118/><REACH who="3" step="1"/><G60/><REACH who="3" ten="200,230,330,220" step="2"/><T123/><D123/><U8/><E114/><V69/><F69/><W31/><G31/><T127/><D127/><U14/><E28/><V50/><F30/><W99/><G99/><T36/><D36/><U40/><E38/><V12/><F12/><W19/><G19/><T126/><D126/><U113/><E14/><V75/><F75/><W120/><G120/><T23/><D23/><U110/><E20/><V112/><F112/><W29/><G29/><T122/><D122/><U73/><E110/><V17/><F21/><W22/><G22/><T2/><D2/><U93/><E73/><V63/><F17/><W124/><G124/><T26/><D26/><U125/><E125/><V131/><F63/><W77/><G77/><T6/><AGARI ba="0,2" hai="0,6,10,41,42,51,53,59,74,78,80,84,91,95" machi="6" ten="30,4000,0" yaku="1,1,0,1,52,1,53,0" doraHai="83" doraHaiUra="130" who="0" fromWho="0" sc="200,60,230,-20,330,-10,220,-10" /><INIT seed="2,0,0,4,1,16" ten="260,210,320,210" oya="2" hai0="119,81,103,120,85,129,118,134,43,9,104,12,38" hai1="86,124,72,4,25,90,65,87,96,121,78,77,105" hai2="3,22,32,110,127,41,53,83,52,113,18,33,36" hai3="35,125,128,14,97,88,92,30,76,67,122,50,11"/><V112/><F3/><W42/><G122/><T94/><D104/><U40/><E65/><V45/><F127/><W8/><G125/><T79/><D120/><U111/><E4/><V15/><F110/><W75/><G67/><T108/><D134/><U107/><E25/><V2/><F2/><W6/><G128/><T61/><D129/><U102/><E40/><V39/><F39/><W133/><G133/><T29/><D29/><U10/><E10/><V70/><F70/><W49/><G42/><T117/><D61/><U47/><E47/><V1/><F1/><W74/><G8/><T23/><D108/><U98/><E121/><V66/><F66/><W135/><G135/><T59/><D59/><U62/><E62/><V34/><REACH who="2" step="1"/><F83/><REACH who="2" ten="260,210,310,210" step="2"/><W55/><G49/><T99/><D38/><U123/><E123/><V82/><F82/><W84/><G50/><T26/><D118/><U60/><E111/><V89/><F89/><W73/><G88/><T48/><D48/><U37/><E37/><V46/><F46/><W126/><G126/><T63/><D117/><U54/><E90/><V130/><F130/><W57/><G57/><T80/><D80/><U91/><E91/><V17/><F17/><W7/><G7/><N who="0" m="3135" /><D119/><U64/><E124/><V115/><AGARI ba="0,1" hai="15,18,22,32,33,34,36,41,45,52,53,112,113,115" machi="115" ten="40,12000,1" yaku="1,1,0,1,52,1,54,1,53,0" doraHai="16" doraHaiUra="20" who="2" fromWho="2" sc="260,-40,210,-40,310,130,210,-40" /><INIT seed="2,1,0,5,1,75" ten="220,170,440,170" oya="2" hai0="100,32,4,24,35,120,3,87,130,61,57,122,119" hai1="8,76,47,107,73,59,123,6,109,99,116,55,19" hai2="102,49,13,101,12,23,85,18,10,118,34,98,25" hai3="108,11,63,92,56,77,48,29,125,33,84,42,9"/><V1/><F118/><W80/><G108/><T31/><D100/><U46/><E116/><V135/><F135/><W50/><G125/><T88/><D35/><U104/><E109/><V21/><F34/><W36/><G36/><T82/><D130/><U26/><E19/><V7/><F49/><W111/><G111/><T65/><REACH who="0" step="1"/><D119/><REACH who="0" ten="210,170,440,170" step="2"/><U96/><E123/><V39/><F102/><W69/><G33/><T51/><D51/><U16/><E104/><V93/><F39/><W66/><G50/><T41/><D41/><U124/><E107/><V115/><F115/><W86/><G42/><T97/><D97/><U38/><E99/><V28/><REACH who="2" step="1"/><F85/><REACH who="2" ten="210,170,430,170" step="2"/><W113/><G113/><T17/><D17/><U60/><E38/><V131/><F131/><W74/><G84/><T44/><D44/><U105/><E46/><V67/><F67/><W112/><G112/><T52/><D52/><U43/><E47/><V15/><AGARI ba="1,2" hai="1,7,10,12,13,15,18,21,23,25,28,93,98,101" machi="15" ten="20,3900,0" yaku="1,1,0,1,7,1,53,0" doraHai="75" doraHaiUra="53" who="2" fromWho="2" sc="210,-14,170,-14,430,62,170,-14" /><INIT seed="2,2,0,3,3,68" ten="196,156,492,156" oya="2" hai0="116,133,61,27,38,10,2,14,16,39,25,50,5" hai1="20,105,17,59,80,114,55,117,135,23,84,52,97" hai2="15,77,127,99,75,18,0,76,125,85,40,3,107" hai3="6,35,31,98,51,57,69,81,122,130,70,58,24"/><V123/><F123/><W106/><G122/><T1/><D133/><U56/><E114/><V108/><F108/><W121/><G121/><T92/><D116/><U129/><E117/><V91/><F40/><W71/><G6/><T124/><D124/><N who="2" m="47690" /><F99/><W46/><G81/><T66/><D50/><U96/><E135/><V118/><F107/><W42/><REACH who="3" step="1"/><G130/><REACH who="3" ten="196,156,492,146" step="2"/><T53/><D2/><U19/><E129/><V4/><F4/><W104/><G104/><T101/><D1/><U102/><E105/><V134/><F0/><W132/><G132/><T48/><D5/><U73/><E80/><V79/><F3/><W54/><G54/><T128/><D128/><U63/><E102/><AGARI ba="2,1" hai="24,31,35,42,46,51,57,58,69,70,71,98,102,106" machi="102" ten="40,1300,0" yaku="1,1,53,0" doraHai="68" doraHaiUra="90" who="3" fromWho="1" sc="196,0,156,-19,492,0,146,29" /><INIT seed="3,0,0,4,4,108" ten="196,137,492,175" oya="3" hai0="30,44,5,41,68,116,35,121,14,6,125,122,74" hai1="16,92,11,94,42,81,56,109,114,69,80,99,54" hai2="10,124,132,86,120,128,110,13,43,37,97,115,78" hai3="113,27,32,49,75,36,40,72,70,15,39,88,65"/><W96/><G113/><T67/><D74/><U130/><E69/><V55/><F86/><W95/><G15/><T106/><D106/><U134/><E42/><V25/><F55/><W119/><G119/><T48/><D125/><U18/><E109/><V93/><F93/><W17/><G49/><T24/><D116/><U85/><E114/><V21/><F97/><W31/><G17/><T3/><D14/><U87/><E130/><V83/><F110/><W101/><G101/><T46/><D46/><U60/><E134/><V2/><F2/><W133/><G133/><T102/><D102/><U135/><E135/><V107/><F107/><W51/><G51/><T103/><D103/><U57/><E11/><V29/><F115/><W123/><G123/><T20/><D20/><U26/><E26/><V19/><F120/><W129/><G129/><T33/><D33/><U76/><E57/><V66/><F66/><W12/><G12/><T50/><D50/><U91/><REACH who="1" step="1"/><E94/><REACH who="1" ten="196,127,492,175" step="2"/><V4/><F128/><W38/><REACH who="3" step="1"/><G40/><REACH who="3" ten="196,127,492,165" step="2"/><T0/><D121/><U82/><E82/><V118/><F132/><W9/><G9/><T127/><D122/><U77/><AGARI ba="0,2" hai="16,18,54,56,60,76,77,80,81,85,87,91,92,99" machi="77" ten="20,12000,2" yaku="1,1,0,1,7,1,9,1,8,1,54,1,53,0" doraHai="108" doraHaiUra="71" who="1" fromWho="1" sc="196,-30,127,140,492,-30,165,-60" /><INIT seed="4,0,0,5,1,101" ten="166,267,462,105" oya="0" hai0="18,38,120,31,6,29,15,51,78,66,126,97,30" hai1="94,116,115,47,90,20,69,1,99,88,11,59,68" hai2="62,107,131,92,57,7,114,13,0,4,87,71,108" hai3="106,63,56,43,93,12,110,3,9,44,45,76,49"/><T54/><D120/><U32/><E32/><V80/><F108/><W73/><G110/><T24/><D38/><U23/><E116/><V65/><F107/><W113/><G113/><T132/><D132/><U117/><E117/><V133/><F114/><W17/><G3/><T134/><D134/><U27/><E20/><V46/><F133/><W14/><G73/><T79/><D126/><U35/><E35/><V82/><F0/><W111/><G111/><T98/><D66/><U21/><E21/><V8/><F131/><W25/><G76/><N who="0" m="29227" /><D24/><U74/><E74/><V39/><F71/><W41/><G106/><T125/><D6/><U128/><E128/><V26/><F26/><W95/><G25/><T86/><D86/><U91/><E115/><V105/><F105/><W2/><G2/><T33/><D33/><U72/><E72/><V96/><F4/><W112/><G112/><T83/><D83/><U42/><E68/><V85/><F39/><W121/><G121/><T64/><D64/><U53/><E69/><V75/><F46/><W89/><G89/><T40/><D40/><U103/><E1/><V119/><F119/><W36/><REACH who="3" step="1"/><G14/><REACH who="3" ten="166,267,462,95" step="2"/><T122/><D122/><U61/><E91/><N who="2" m="55327" /><F75/><W84/><G84/><AGARI ba="0,1" hai="7,8,13,57,62,65,80,82,84,85,87" m="55327" machi="84" ten="30,1000,0" yaku="8,1" doraHai="101" who="2" fromWho="3" sc="166,0,267,0,462,20,95,-10" /><INIT seed="5,0,0,1,2,27" ten="166,267,482,85" oya="1" hai0="31,36,109,39,40,135,44,77,9,14,38,28,93" hai1="6,68,111,130,2,24,26,57,79,46,133,110,86" hai2="127,88,12,84,22,134,3,105,29,104,115,95,108" hai3="89,66,67,53,1,76,35,4,132,101,37,52,20"/><U125/><E68/><V13/><F108/><N who="1" m="41513" /><E130/><V55/><F3/><W118/><G35/><T119/><D119/><U90/><E79/><V23/><F127/><W120/><G37/><T102/><D135/><U61/><E46/><V103/><F134/><W128/><G132/><T42/><D77/><U34/><E125/><V91/><F115/><W81/><G120/><T59/><D109/><U11/><E34/><V58/><F103/><W78/><G101/><T113/><D113/><U73/><E73/><V56/><F95/><W107/><G107/><T7/><D59/><U54/><E133/><V45/><F55/><W123/><G123/><T63/><D63/><U32/><E32/><V94/><F94/><AGARI ba="0,0" hai="2,6,11,24,26,54,57,61,86,90,94" m="41513" machi="94" ten="30,1500,0" yaku="10,1" doraHai="27" who="1" fromWho="2" sc="166,0,267,15,482,-15,85,0" /><INIT seed="5,1,0,4,1,75" ten="166,282,467,85" oya="1" hai0="68,107,66,30,3,20,26,13,102,95,79,122,72" hai1="119,87,1,78,67,2,81,69,38,96,23,14,89" hai2="6,114,9,116,11,104,17,92,126,100,105,76,50" hai3="19,113,80,123,49,37,109,124,10,35,135,130,74"/><U57/><E119/><V88/><F116/><W134/><RYUUKYOKU type="yao9" ba="1,0" sc="166,0,282,0,467,0,85,0" hai3="10,19,35,37,49,74,80,109,113,123,124,130,134,135" /><INIT seed="5,2,0,4,5,41" ten="166,282,467,85" oya="1" hai0="106,67,128,18,89,99,51,17,134,2,91,102,74" hai1="75,6,101,15,130,116,81,76,93,31,3,125,129" hai2="84,135,43,52,113,36,44,24,0,105,45,26,60" hai3="65,86,112,126,114,57,61,39,87,5,88,117,127"/><U37/><E116/><V35/><F105/><W59/><G5/><T19/><D74/><U29/><E3/><V68/><F0/><W80/><G39/><T78/><D78/><U28/><E37/><V115/><F135/><W58/><G117/><T56/><D128/><N who="1" m="49259" /><E125/><N who="3" m="47626" /><G87/><T25/><D134/><U71/><E71/><AGARI ba="2,0" hai="57,58,59,61,65,71,80,86,88,112,114" m="47626" machi="71" ten="30,2000,0" yaku="18,1,54,1" doraHai="41" who="3" fromWho="1" sc="166,0,282,-26,467,0,85,26" /><INIT seed="6,0,0,3,2,39" ten="166,256,467,111" oya="2" hai0="22,43,23,68,20,124,63,90,108,13,51,120,27" hai1="56,60,79,2,91,47,36,97,46,122,94,80,30" hai2="119,76,64,121,92,125,67,135,106,128,54,111,133" hai3="25,17,14,103,48,77,50,118,132,26,55,69,75"/><V107/><F92/><W85/><G118/><T8/><D108/><U4/><E122/><V134/><F54/><W98/><G132/><T74/><D74/><U99/><E30/><V21/><F21/><W37/><G37/><T101/><D101/><U10/><E99/><V42/><F121/><W15/><G69/><T96/><D124/><U86/><E36/><V29/><F29/><W18/><G75/><T123/><D27/><U62/><E62/><V130/><F119/><W9/><G85/><T11/><D11/><U59/><E59/><V32/><F32/><W58/><G77/><T116/><D90/><U126/><E126/><V100/><F76/><W109/><G109/><T72/><D72/><U112/><E112/><V115/><F125/><W16/><G50/><T66/><D96/><U65/><AGARI ba="0,0" hai="2,4,10,46,47,56,60,65,79,80,86,91,94,97" machi="65" ten="20,1500,0" yaku="0,1,7,1" doraHai="39" who="1" fromWho="1" sc="166,-4,256,15,467,-7,111,-4" /><INIT seed="7,0,0,5,1,5" ten="162,271,460,107" oya="3" hai0="14,98,47,1,53,84,91,20,123,88,22,2,83" hai1="111,108,44,102,29,72,104,49,97,124,28,52,54" hai2="125,121,133,89,135,134,3,63,32,58,82,51,90" hai3="11,71,40,105,85,117,87,132,26,119,31,13,61"/><W103/><G132/><T110/><D110/><U21/><E72/><V4/><F121/><W116/><G40/><T27/><D123/><U76/><E76/><V118/><F118/><W73/><G73/><T113/><D113/><U129/><E129/><V80/><F32/><W131/><G131/><T46/><D1/><U95/><E124/><V7/><F125/><W112/><G112/><T100/><D2/><U45/><E104/><V115/><F51/><W64/><G103/><T122/><D91/><N who="2" m="34826" /><F115/><W50/><G50/><T67/><D67/><U75/><E75/><V77/><F3/><W15/><G15/><T93/><D122/><U55/><E29/><V96/><F96/><W41/><G41/><T126/><D126/><U23/><E23/><N who="0" m="8745" /><D27/><U81/><E81/><N who="2" m="31339" /><F77/><W70/><G70/><T33/><D33/><U42/><E45/><N who="0" m="16905" /><D14/><U59/><E108/><V78/><F78/><W24/><G105/><T128/><D128/><U65/><E65/><AGARI ba="0,0" hai="4,7,58,63,65,133,134,135" m="31339,34826" machi="65" ten="40,1300,0" yaku="20,1" doraHai="5" who="2" fromWho="1" sc="162,0,271,-13,460,13,107,0" owari="162,-23.8,258,5.8,473,57.3,107,-39.3" /></mjloggm>