<mjloggm ver="2.3"><GO type="169" lobby="0"/><UN n0="%E6%89%8B%E6%8A%BC%E3%81%97%E8%BB%8A" n1="%74%73%75%6B%69%31" n2="%E5%B2%A9%E4%B8%8A%E9%80%9A%E3%82%8A" n3="%E3%83%81%E3%83%83%E3%82%BF%E3%82%BD%E3%83%BC" dan="16,17,16,16" rate="2111.28,2214.30,2140.33,2150.28" sx="M,M,M,F"/><TAIKYOKU oya="0"/><INIT seed="0,0,0,2,0,116" ten="250,250,250,250" oya="0" hai0="103,37,122,114,86,66,14,100,134,119,127,10,61" hai1="89,70,17,12,94,72,125,35,0,90,22,36,96" hai2="51,6,81,65,64,27,111,21,42,43,54,130,76" hai3="20,45,108,135,74,67,128,93,78,59,62,39,16"/><T124/><D37/><U69/><E36/><V126/><F111/><W49/><G108/><T79/><D119/><U13/><E0/><V30/><F126/><N who="0" m="48170" /><D114/><U95/><E35/><V82/><F130/><W109/><G109/><T60/><D60/><U120/><E72/><V5/><F65/><W7/><G128/><T77/><D134/><U8/><E120/><V107/><F64/><W73/><G135/><T75/><D75/><U115/><E125/><V105/><F105/><W131/><G131/><T85/><D122/><U112/><E112/><V58/><F107/><W87/><G39/><T97/><D103/><U83/><E83/><N who="2" m="31755" /><F76/><N who="0" m="29258" /><D14/><U44/><E115/><V56/><F56/><W28/><G78/><T92/><D10/><U29/><E44/><V117/><F117/><W23/><G23/><T133/><D133/><U46/><E46/><N who="2" m="26071" /><F43/><W2/><G2/><T53/><D53/><U132/><E132/><V99/><F99/><W55/><G7/><T1/><D1/><U80/><E70/><AGARI ba="0,0" hai="61,66,70,85,86,92,97,100" m="29258,48170" machi="70" ten="30,1500,0" yaku="18,1" doraHai="116" who="0" fromWho="1" sc="250,15,250,-15,250,0,250,0" /><INIT seed="0,1,0,1,5,31" ten="265,235,250,250" oya="0" hai0="119,73,40,74,124,94,36,91,61,101,70,42,0" hai1="105,6,118,90,38,104,39,134,85,83,19,113,3" hai2="41,17,9,121,56,72,5,30,32,78,33,99,18" hai3="79,88,133,87,98,28,45,14,29,122,46,47,123"/><T115/><D119/><U51/><E118/><V10/><F41/><W44/><G133/><T16/><D101/><U68/><E68/><V21/><F72/><W125/><G125/><T77/><D0/><U135/><E113/><V131/><F78/><W34/><G79/><T111/><D124/><U107/><E51/><V66/><F66/><W20/><G98/><T92/><D115/><U50/><E50/><V64/><F64/><W8/><G20/><T76/><D70/><U57/><E57/><V1/><F56/><W106/><G106/><T35/><D91/><U102/><E102/><V117/><F99/><W15/><G15/><T67/><D67/><U52/><E19/><N who="2" m="7179" /><F131/><W109/><G109/><T58/><D16/><U81/><E81/><V116/><F121/><N who="3" m="46091" /><G34/><N who="2" m="13417" /><F10/><W103/><N who="3" m="11264" /><DORA hai="100" /><W54/><G103/><T86/><D58/><U75/><E75/><V129/><F129/><W55/><G54/><T114/><D114/><U24/><E52/><V12/><F12/><W128/><G55/><T11/><D111/><U110/><E110/><V25/><AGARI ba="1,0" hai="1,5,9,21,25,30,116,117" m="13417,7179" machi="25" ten="40,8000,1" yaku="34,2,52,3" doraHai="31,100" who="2" fromWho="2" sc="265,-41,235,-21,250,83,250,-21" /><INIT seed="1,0,0,1,0,11" ten="224,214,333,229" oya="1" hai0="125,44,119,32,78,79,63,59,30,132,115,106,56" hai1="82,22,4,39,54,0,27,94,3,52,128,25,42" hai2="88,104,112,61,10,122,98,29,105,76,97,24,49" hai3="36,102,99,80,110,50,21,83,92,107,1,93,131"/><U84/><E128/><V108/><F122/><W45/><G36/><T111/><D106/><U72/><E72/><V14/><F108/><W38/><G38/><T134/><D111/><U127/><E127/><V5/><F76/><W121/><G1/><T6/><D125/><U109/><E94/><N who="3" m="36458" /><G21/><T85/><D115/><U19/><E27/><V81/><F112/><W117/><G50/><T100/><D44/><U58/><E109/><V60/><F49/><W12/><G45/><T55/><D100/><U71/><E71/><V64/><F105/><W68/><G68/><T130/><D30/><U101/><E101/><V46/><F46/><W89/><G110/><T16/><D32/><U26/><E42/><V95/><F81/><N who="3" m="31307" /><G12/><T34/><D34/><U51/><E39/><V53/><F53/><W113/><G113/><T69/><D69/><U86/><E54/><V118/><F64/><W43/><G43/><T57/><D55/><U35/><E4/><V70/><F70/><W96/><G121/><T90/><D6/><U129/><E84/><V124/><F124/><W75/><G131/><T9/><D130/><U123/><E129/><V77/><F61/><W65/><G65/><T23/><D63/><U62/><E62/><V37/><F60/><W8/><G8/><T135/><D9/><U114/><E123/><V48/><F48/><W126/><G126/><T40/><D40/><U91/><REACH who="1" step="1"/><E114/><REACH who="1" ten="224,204,333,229" step="2"/><V74/><F37/><W41/><G41/><T103/><D103/><U28/><AGARI ba="0,1" hai="0,3,19,22,25,26,28,35,51,52,58,82,86,91" machi="28" ten="30,12000,1" yaku="1,1,2,1,0,1,54,1,53,1" doraHai="11" doraHaiUra="31" who="1" fromWho="1" sc="224,-40,204,130,333,-40,229,-40" /><INIT seed="1,1,0,5,2,23" ten="184,334,293,189" oya="1" hai0="5,4,79,45,46,119,110,14,108,99,131,50,9" hai1="51,22,80,64,55,130,34,91,56,134,122,48,89" hai2="43,18,8,15,2,42,57,94,126,73,128,133,124" hai3="38,95,62,24,117,41,132,33,63,116,92,21,19"/><U10/><E122/><V88/><F73/><W58/><G132/><T59/><D119/><N who="3" m="45641" /><G33/><T28/><D79/><U85/><E34/><V113/><F113/><W72/><G72/><T26/><D131/><U104/><E104/><V74/><F74/><W53/><G63/><T39/><D39/><U30/><E134/><V109/><F109/><W125/><G125/><T93/><D4/><U25/><E130/><V127/><F133/><W31/><G31/><T105/><D105/><U98/><E64/><V84/><F128/><W65/><G65/><T135/><D135/><U103/><E10/><V6/><F57/><W49/><G38/><T32/><D59/><U70/><E70/><V3/><F3/><W96/><G96/><T114/><D114/><U40/><E40/><V86/><F86/><W61/><G61/><T29/><D28/><U78/><REACH who="1" step="1"/><E48/><REACH who="1" ten="184,324,293,189" step="2"/><V13/><F2/><W71/><G71/><T87/><D50/><U82/><E82/><V118/><F118/><W111/><G111/><T77/><D110/><U123/><E123/><V12/><F43/><W100/><G41/><T120/><D108/><U90/><E90/><V75/><F42/><W81/><G81/><N who="0" m="47535" /><D120/><U37/><E37/><V17/><F8/><W107/><G49/><T1/><D1/><U54/><E54/><V20/><F124/><W69/><G69/><T115/><D115/><U97/><E97/><V68/><F126/><W66/><G66/><T121/><D121/><U106/><AGARI ba="1,1" hai="22,25,30,51,55,56,78,80,85,89,91,98,103,106" machi="106" ten="20,7800,0" yaku="1,1,0,1,7,1,52,1,53,0" doraHai="23" doraHaiUra="129" who="1" fromWho="1" sc="184,-27,324,91,293,-27,189,-27" /><INIT seed="1,2,0,2,5,24" ten="157,415,266,162" oya="1" hai0="79,96,85,0,110,22,64,126,105,133,62,82,101" hai1="56,86,122,32,3,125,72,121,112,65,61,107,10" hai2="42,25,94,116,103,55,109,26,53,44,135,73,54" hai3="8,46,16,23,39,35,83,113,34,78,114,7,19"/><U52/><E112/><N who="3" m="43114" /><G46/><T4/><D126/><U13/><E72/><V99/><F116/><W36/><G83/><T2/><D133/><U120/><E3/><V11/><F73/><W63/><G63/><T21/><D110/><U95/><E107/><V57/><F109/><W87/><G87/><T30/><D4/><U40/><E40/><V31/><F11/><W29/><G78/><T49/><D49/><U97/><E86/><V91/><F135/><W127/><G39/><T74/><D22/><U17/><E32/><N who="3" m="12330" /><G36/><T66/><D66/><U12/><E12/><V75/><F75/><W108/><G108/><T9/><D9/><U51/><E125/><V70/><F70/><W123/><G127/><T88/><D21/><U128/><E128/><V93/><F57/><W81/><G81/><T45/><D45/><U129/><E129/><V58/><F58/><W115/><N who="3" m="43122" /><W92/><DORA hai="47" /><G92/><N who="0" m="54287" /><D30/><U50/><REACH who="1" step="1"/><E65/><REACH who="1" ten="157,405,266,162" step="2"/><V33/><F42/><W28/><G123/><T118/><D118/><U60/><E60/><V59/><F33/><W131/><G131/><T124/><D124/><U5/><E5/><V68/><F99/><W37/><G37/><T106/><D105/><U130/><E130/><V67/><F67/><W27/><G19/><T119/><D119/><U18/><E18/><V104/><F104/><W15/><AGARI ba="2,1" hai="7,8,15,16,23,27,28,29" m="12330,43122" machi="15" ten="50,8000,1" yaku="34,2,52,2,54,1" doraHai="24,47" who="3" fromWho="3" sc="157,-22,405,-42,266,-22,162,96" /><INIT seed="2,0,0,3,1,32" ten="135,363,244,258" oya="2" hai0="95,75,39,64,80,130,31,78,77,41,19,45,134" hai1="113,68,24,73,119,60,116,109,66,90,26,4,53" hai2="125,9,70,8,104,72,127,98,87,16,48,18,100" hai3="93,99,102,50,33,38,52,76,23,25,129,128,92"/><V67/><F72/><W132/><G132/><T29/><D134/><U82/><E113/><V58/><F70/><W101/><G38/><T6/><D77/><U131/><E109/><V40/><F87/><W107/><G33/><T30/><D130/><N who="3" m="50281" /><G76/><T115/><D115/><U108/><E108/><V81/><F81/><W11/><G11/><T51/><D64/><U69/><E69/><V5/><F9/><W49/><G49/><T118/><D118/><U62/><E4/><V1/><F67/><W88/><G92/><T59/><D95/><U7/><E7/><V0/><F0/><W34/><G34/><T54/><D19/><U15/><E131/><V97/><F97/><W86/><G107/><T43/><D43/><U83/><E82/><V120/><F120/><W103/><G99/><T55/><D55/><U44/><E53/><N who="2" m="32039" /><F40/><W105/><G105/><T85/><D6/><U112/><E112/><V121/><F121/><W74/><G74/><T111/><D111/><U47/><E73/><V89/><F89/><W3/><G3/><T63/><REACH who="0" step="1"/><D75/><REACH who="0" ten="125,363,244,258" step="2"/><U106/><E106/><V91/><F91/><W28/><G103/><T133/><D133/><U21/><E66/><V79/><F79/><W110/><G110/><T126/><D126/><AGARI ba="0,1" hai="1,5,8,16,18,98,100,104,125,126,127" m="32039" machi="126" ten="30,5800,0" yaku="18,1,52,1,54,1" doraHai="32" who="2" fromWho="0" sc="125,-58,363,0,244,68,258,0" /><INIT seed="2,1,0,0,5,88" ten="67,363,312,258" oya="2" hai0="94,83,122,1,56,7,45,63,109,14,20,27,10" hai1="24,99,117,15,73,39,105,54,77,81,48,98,68" hai2="64,95,44,31,16,129,72,53,21,67,135,6,4" hai3="49,51,103,82,97,28,93,90,86,9,113,42,26"/><V110/><F72/><W11/><G113/><T30/><D122/><U91/><E68/><V131/><F31/><W127/><G127/><T114/><D114/><U79/><E39/><V52/><F135/><W61/><G61/><T70/><D70/><U124/><E124/><V75/><F75/><W23/><G42/><T65/><D109/><U112/><E112/><V116/><F116/><W66/><G66/><N who="2" m="25129" /><F110/><W102/><G102/><T119/><D119/><U19/><E24/><V37/><F37/><W104/><G104/><T87/><D45/><U17/><E17/><V89/><F131/><W121/><G121/><T41/><D41/><U92/><E117/><V78/><F78/><W47/><G47/><T74/><D74/><U29/><E29/><V123/><F129/><W62/><G62/><T118/><D118/><U3/><E3/><V111/><F111/><W96/><REACH who="3" step="1"/><G97/><REACH who="3" ten="67,363,312,248" step="2"/><T58/><D1/><U59/><E105/><V80/><F123/><W35/><G35/><T13/><D58/><U22/><REACH who="1" step="1"/><E77/><REACH who="1" ten="67,353,312,248" step="2"/><V46/><F46/><W5/><G5/><N who="2" m="2153" /><F44/><W125/><G125/><T25/><D7/><U2/><E2/><V134/><F134/><W69/><G69/><T85/><D30/><U84/><AGARI ba="1,2" hai="15,19,22,48,54,59,73,79,81,84,91,92,98,99" machi="84" ten="20,12000,2" yaku="1,1,0,1,7,1,25,2,52,1,53,1" doraHai="88" doraHaiUra="50" who="1" fromWho="1" sc="67,-31,353,143,312,-61,248,-31" /><INIT seed="3,0,0,2,1,128" ten="36,496,251,217" oya="3" hai0="90,24,50,93,27,129,36,79,115,2,29,55,49" hai1="62,20,25,39,102,68,66,97,63,105,110,33,6" hai2="0,28,26,103,34,71,72,61,133,108,101,126,19" hai3="16,69,134,109,124,119,98,3,22,14,38,118,4"/><W30/><G38/><T114/><D129/><U53/><E39/><V47/><F126/><W130/><G69/><T57/><D36/><U86/><E110/><V45/><F108/><W95/><G130/><T51/><D2/><U89/><E6/><V37/><F72/><W122/><G95/><T73/><D27/><U127/><E127/><V5/><F101/><W23/><G124/><T107/><D107/><U64/><E53/><V12/><F103/><W18/><G98/><T131/><D131/><U48/><E48/><V74/><F74/><W7/><G109/><T41/><D79/><U17/><E33/><V42/><F47/><W106/><G106/><T52/><D41/><U65/><E62/><V94/><F94/><AGARI ba="0,0" hai="17,20,25,63,64,65,66,68,86,89,94,97,102,105" machi="94" ten="30,1000,0" yaku="7,1" doraHai="128" who="1" fromWho="2" sc="36,0,496,10,251,-10,217,0" /><INIT seed="4,0,0,3,0,20" ten="36,506,241,217" oya="0" hai0="38,123,134,69,81,94,9,86,110,56,6,59,60" hai1="122,82,83,28,71,24,125,130,90,73,64,27,22" hai2="34,108,131,14,17,52,115,129,111,15,95,74,25" hai3="16,103,105,5,98,49,97,45,33,80,41,114,72"/><T78/><D123/><U51/><E122/><V7/><F74/><W127/><G114/><T42/><D110/><U19/><E130/><N who="2" m="49675" /><F95/><W23/><G127/><T79/><D134/><U2/><E2/><V50/><F115/><W120/><G120/><T128/><D128/><U119/><E119/><V75/><F75/><W116/><G116/><T40/><D69/><U53/><E73/><V99/><F99/><W88/><G33/><T39/><D39/><U106/><E106/><V89/><F89/><W55/><G5/><T100/><D78/><U70/><E125/><V67/><F67/><W121/><G121/><T92/><D59/><U96/><E64/><V37/><F37/><W85/><G97/><N who="0" m="59431" /><D94/><N who="1" m="56407" /><E71/><V133/><F7/><W65/><G72/><T11/><D38/><U63/><E63/><V76/><F76/><W1/><G1/><T87/><D86/><U109/><E70/><V26/><F15/><W13/><REACH who="3" step="1"/><G65/><REACH who="3" ten="36,506,241,207" step="2"/><N who="0" m="39047" /><D6/><U32/><E32/><V10/><F34/><W12/><G12/><T3/><D3/><U31/><E109/><N who="2" m="42059" /><F133/><W44/><G44/><AGARI ba="0,1" hai="10,14,17,25,26,44,50,52" m="42059,49675" machi="44" ten="30,7700,0" yaku="19,1,52,2,54,1" doraHai="20" who="2" fromWho="3" sc="36,0,506,0,241,87,207,-77" /><INIT seed="5,0,0,5,0,15" ten="36,506,328,130" oya="1" hai0="53,18,69,6,77,83,4,38,82,99,60,3,101" hai1="25,43,32,7,63,27,71,20,131,58,126,114,68" hai2="5,133,118,17,56,10,36,74,124,64,2,72,122" hai3="106,52,123,115,80,107,76,55,89,51,12,46,79"/><U30/><E114/><V86/><F122/><W98/><G115/><T49/><D38/><U102/><E126/><V70/><F118/><W92/><G123/><T23/><D3/><U120/><E120/><V45/><F124/><W129/><G129/><T67/><D82/><U9/><E43/><V127/><F127/><W110/><G110/><T41/><D41/><U109/><E102/><V87/><F87/><W111/><G111/><T42/><D42/><U117/><E109/><V97/><F86/><W31/><G31/><T125/><D125/><U94/><E94/><V91/><F70/><W134/><G134/><T44/><D83/><U13/><E131/><V50/><F36/><W0/><G0/><T88/><D77/><U1/><E117/><V81/><F133/><W16/><G55/><T40/><D53/><U108/><E108/><V95/><F81/><W21/><G79/><T22/><D22/><U103/><E103/><V105/><F105/><W66/><G66/><T37/><D37/><U78/><E78/><V119/><F119/><W104/><G104/><T100/><D100/><U90/><E90/><V35/><F35/><W113/><G113/><T96/><D96/><U135/><E135/><V34/><F34/><W130/><G130/><T8/><D8/><U33/><E32/><V85/><F64/><W75/><AGARI ba="0,0" hai="12,16,21,46,51,52,75,76,80,89,92,98,106,107" machi="75" ten="20,8000,1" yaku="0,1,7,1,52,1,54,2" doraHai="15" who="3" fromWho="3" sc="36,-20,506,-40,328,-20,130,80" /><INIT seed="6,0,0,5,3,68" ten="16,466,308,210" oya="2" hai0="29,123,15,71,72,32,4,34,36,7,118,126,43" hai1="98,61,114,82,108,25,66,100,87,77,128,93,76" hai2="110,117,70,104,122,124,89,16,18,96,115,52,129" hai3="46,11,3,111,103,22,62,55,45,101,9,120,31"/><V74/><RYUUKYOKU type="yao9" ba="0,0" sc="16,0,466,0,308,0,210,0" hai2="16,18,52,70,74,89,96,104,110,115,117,122,124,129" /><INIT seed="6,1,0,4,5,59" ten="16,466,308,210" oya="2" hai0="10,125,2,112,129,58,117,88,126,98,123,24,34" hai1="27,22,80,132,28,52,65,56,74,83,46,89,87" hai2="121,55,5,97,105,60,18,131,104,128,63,72,4" hai3="48,109,33,110,50,7,119,100,54,120,81,64,90"/><V115/><F72/><W70/><G33/><T92/><D123/><U79/><E132/><V45/><F115/><W26/><G26/><T108/><D112/><U101/><E101/><V114/><F121/><W13/><G120/><T77/><D77/><U134/><E134/><V94/><F114/><W91/><G119/><T69/><D69/><U37/><E65/><V124/><F124/><W61/><G100/><T66/><D108/><U96/><E96/><V71/><F18/><W44/><G48/><T3/><D117/><U23/><E46/><V122/><F122/><W78/><G109/><T102/><D102/><U6/><E37/><V36/><F71/><W9/><REACH who="3" step="1"/><G110/><REACH who="3" ten="16,466,308,200" step="2"/><T39/><D39/><U14/><E27/><V95/><F36/><W133/><G133/><T130/><D24/><U86/><E28/><V15/><F15/><W40/><G40/><T16/><D34/><U25/><E25/><V12/><F12/><W17/><G17/><T43/><D43/><U127/><E14/><V21/><F21/><W20/><G20/><T42/><D42/><U84/><E22/><V8/><F8/><W99/><G99/><T93/><D16/><U38/><E23/><V85/><F97/><W53/><G53/><T106/><D106/><U103/><E38/><V67/><F55/><W73/><AGARI ba="1,1" hai="7,9,13,44,50,54,61,64,70,73,78,81,90,91" machi="73" ten="20,8000,1" yaku="1,1,0,1,7,1,52,1,53,1" doraHai="59" doraHaiUra="41" who="3" fromWho="3" sc="16,-21,466,-21,308,-41,200,93" owari="-5,-50.5,445,54.5,267,-13.3,293,9.3" /></mjloggm>