<mjloggm ver="2.3"><GO type="169" lobby="0"/><UN n0="%6B%69%72%61%72%69%79%75" n1="%E3%81%8A%E3%81%98%E3%81%95%E3%82%93" n2="%E3%81%AA%E3%81%8B%E3%81%AE%E3%81%86%E3%81%88" n3="%E5%85%BC%E6%98%8E%E5%81%8F%E6%9A%97" dan="17,17,16,16" rate="2143.91,2216.63,2163.16,2191.90" sx="M,M,M,M"/><TAIKYOKU oya="0"/><INIT seed="0,0,0,4,3,37" ten="250,250,250,250" oya="0" hai0="95,25,101,62,126,60,97,83,54,4,129,28,96" hai1="125,68,17,26,64,2,88,31,3,121,116,134,53" hai2="92,30,72,47,16,57,84,20,117,77,69,115,18" hai3="61,50,100,74,1,133,55,123,41,111,104,99,63"/><T113/><D113/><U109/><E116/><V8/><F69/><W107/><G1/><T23/><D126/><U14/><E121/><V81/><F115/><W108/><G74/><T24/><D129/><U51/><E125/><V118/><F57/><W73/><G73/><T9/><D83/><U34/><E109/><N who="3" m="42058" /><G133/><T43/><D54/><U90/><E134/><V44/><F30/><W82/><G123/><T71/><D71/><U135/><E135/><V131/><F8/><W58/><G82/><T45/><D96/><U46/><E2/><V76/><F76/><W0/><G0/><T119/><D25/><U75/><E3/><V102/><F18/><W94/><G63/><T38/><REACH who="0" step="1"/><D119/><REACH who="0" ten="240,250,250,250" step="2"/><U33/><E75/><V11/><F131/><W132/><G132/><T127/><D127/><U70/><E34/><V5/><F81/><W103/><G100/><T35/><D35/><U21/><REACH who="1" step="1"/><E70/><REACH who="1" ten="240,240,250,250" step="2"/><V40/><F72/><W106/><G106/><T130/><D130/><U124/><E124/><V19/><F118/><W86/><G86/><T110/><D110/><U7/><E7/><V91/><F5/><W13/><G107/><T49/><D49/><U80/><E80/><V85/><F85/><W10/><G104/><T22/><D22/><U48/><E48/><V112/><F20/><W59/><G50/><T89/><D89/><U122/><E122/><V12/><F91/><W65/><G103/><T52/><D52/><U105/><E105/><V79/><F102/><W29/><G55/><T42/><D42/><U98/><E98/><V67/><F117/><W128/><G128/><RYUUKYOKU ba="0,2" sc="240,15,240,15,250,-15,250,-15" hai0="4,9,23,24,28,38,43,45,60,62,95,97,101" hai1="14,17,21,26,31,33,46,51,53,64,68,88,90" /><INIT seed="0,1,2,3,0,68" ten="255,255,235,235" oya="0" hai0="21,71,112,97,81,57,70,38,16,91,66,100,19" hai1="26,73,62,31,55,30,132,37,76,92,99,75,115" hai2="59,94,98,127,41,23,104,84,12,124,35,117,119" hai3="40,72,15,43,65,96,3,133,42,90,74,22,107"/><T87/><D112/><U34/><E115/><V52/><F35/><W116/><G116/><N who="2" m="44617" /><F104/><W20/><G3/><T79/><D19/><U78/><E132/><V11/><F41/><W95/><G133/><T109/><D109/><U56/><E31/><V131/><F23/><W108/><G108/><T25/><D38/><U114/><E114/><V28/><F84/><W102/><G65/><T120/><D120/><U18/><E18/><N who="2" m="8479" /><F131/><W103/><G103/><T113/><D113/><U106/><E106/><V130/><F28/><W13/><G13/><T48/><D79/><U54/><E37/><V9/><F9/><W39/><G39/><T1/><D1/><U53/><E78/><V61/><F130/><W128/><G128/><T17/><D17/><U111/><E111/><V27/><F27/><W80/><G15/><T46/><D57/><U121/><E121/><V118/><N who="2" m="44625" /><V64/><DORA hai="10" /><F64/><W88/><G74/><T93/><REACH who="0" step="1"/><D66/><REACH who="0" ten="245,255,235,235" step="2"/><U134/><E134/><V0/><F0/><W126/><G126/><T44/><D44/><U122/><E122/><V33/><F33/><W49/><G20/><T67/><D67/><U2/><E2/><V47/><F47/><W6/><G22/><T77/><D77/><U129/><E129/><V14/><F14/><W36/><G36/><T83/><D83/><N who="1" m="45455" /><E75/><V86/><F86/><W51/><G72/><T101/><D101/><AGARI ba="1,3" hai="52,59,61,94,98,101,124,127" m="8479,44625" machi="101" ten="40,5200,0" yaku="12,1,52,1,54,1" doraHai="68,10" who="2" fromWho="0" sc="245,-55,255,0,235,85,235,0" /><INIT seed="1,0,0,5,4,51" ten="190,255,320,235" oya="1" hai0="41,32,110,63,13,96,99,50,128,31,59,56,80" hai1="53,24,93,91,72,89,45,26,44,46,75,64,127" hai2="106,122,78,101,97,49,94,92,131,10,22,61,2" hai3="66,116,70,124,109,23,15,42,77,95,118,87,57"/><U3/><E3/><V18/><F122/><W37/><G70/><T21/><D110/><U85/><E127/><V135/><F131/><W29/><G109/><T71/><D71/><U36/><E36/><V79/><F135/><W54/><G66/><T38/><D38/><U113/><E113/><V98/><F106/><W47/><G124/><T27/><D128/><U9/><E64/><V28/><F61/><W133/><G133/><T104/><D80/><U115/><E115/><V17/><F2/><W16/><G29/><T60/><D104/><U73/><E9/><V88/><F49/><N who="3" m="30927" /><G77/><N who="2" m="29193" /><F10/><W130/><G130/><T25/><D13/><U35/><E35/><V105/><F105/><W100/><G100/><T123/><D123/><U55/><REACH who="1" step="1"/><E91/><AGARI ba="0,0" hai="15,16,23,37,42,47,87,91,95,116,118" m="30927" machi="91" ten="30,3900,0" yaku="25,1,52,1,54,1" doraHai="51" who="3" fromWho="1" sc="190,0,255,-39,320,0,235,39" /><INIT seed="2,0,0,3,5,31" ten="190,216,320,274" oya="2" hai0="112,123,7,12,17,94,43,57,65,30,127,48,45" hai1="98,46,22,10,38,129,88,68,97,135,125,75,3" hai2="40,104,6,79,52,76,36,77,2,61,21,49,58" hai3="133,63,5,95,101,55,84,44,32,66,100,18,71"/><V108/><F104/><W82/><G133/><T121/><D112/><U115/><E75/><V34/><F34/><W107/><G107/><T28/><D127/><U60/><E115/><V132/><F132/><W50/><G5/><T41/><D7/><U106/><E135/><V78/><F108/><W11/><G95/><T4/><D4/><U89/><E10/><V23/><F36/><W83/><G83/><T74/><D74/><U0/><E38/><V134/><N who="2" m="19456" /><DORA hai="87" /><V126/><F126/><W59/><G32/><T33/><D94/><U19/><E106/><V116/><F116/><W111/><G111/><T13/><D13/><U27/><E125/><V51/><F134/><W1/><G1/><T35/><D41/><U91/><E129/><V72/><F72/><W93/><G93/><T25/><D57/><U15/><E46/><N who="2" m="25799" /><F2/><W92/><G92/><T130/><D65/><U110/><E110/><V113/><F113/><W102/><G18/><T80/><D80/><U81/><E27/><V20/><F6/><W70/><REACH who="3" step="1"/><G11/><REACH who="3" ten="190,216,320,264" step="2"/><T90/><D130/><U8/><E8/><V86/><F86/><W54/><G54/><T56/><D35/><U103/><E81/><V29/><F29/><W109/><G109/><T39/><D30/><U85/><E85/><V24/><F24/><W122/><G122/><T96/><D121/><U64/><REACH who="1" step="1"/><E103/><REACH who="1" ten="190,206,320,264" step="2"/><V37/><F37/><W53/><G53/><T42/><D123/><U117/><E117/><V128/><F128/><W119/><G119/><T73/><D39/><U62/><E62/><AGARI ba="0,2" hai="20,21,23,51,52,58,61,62" m="25799,19456" machi="62" ten="50,4800,0" yaku="8,1,54,1" doraHai="31,87" who="2" fromWho="1" sc="190,0,206,-48,320,68,264,0" /><INIT seed="2,1,0,2,1,10" ten="190,158,388,264" oya="2" hai0="3,13,100,111,95,70,68,79,2,8,135,133,120" hai1="82,23,99,81,4,123,24,116,44,42,93,61,112" hai2="38,76,40,58,20,130,73,114,6,5,94,57,0" hai3="86,55,83,48,36,32,104,52,25,103,117,77,78"/><V91/><F114/><W131/><G36/><T122/><D79/><U64/><E112/><V108/><F130/><W132/><G117/><T53/><D111/><U21/><E116/><V37/><F108/><W71/><G131/><T115/><D115/><U43/><E123/><V129/><F129/><W34/><G71/><T28/><D28/><U47/><E4/><V90/><F20/><W41/><G132/><N who="0" m="50763" /><D53/><U65/><E93/><V45/><F38/><W67/><G67/><T30/><D30/><U18/><E99/><V121/><F91/><W107/><G103/><T59/><D59/><U22/><E22/><V16/><F16/><W72/><G72/><T17/><D68/><U7/><E7/><V54/><F6/><W105/><G78/><T31/><D31/><U1/><E1/><N who="0" m="9" /><D70/><U27/><REACH who="1" step="1"/><E61/><REACH who="1" ten="190,148,388,264" step="2"/><V74/><F121/><W128/><G128/><T62/><D62/><U102/><E102/><V26/><F0/><W51/><G34/><T46/><D100/><U89/><E89/><V49/><F90/><W101/><G101/><T80/><D95/><U109/><E109/><V118/><F94/><W127/><G32/><T134/><D134/><U66/><E66/><V92/><F92/><W85/><G105/><T15/><D80/><U33/><E33/><V14/><F118/><W119/><G119/><T50/><D122/><U9/><E9/><V39/><F5/><W84/><G107/><T97/><D97/><U11/><E11/><V98/><F98/><W19/><G104/><T29/><D120/><U87/><E87/><V96/><F96/><W113/><G113/><RYUUKYOKU ba="1,1" sc="190,-10,148,30,388,-10,264,-10" hai1="18,21,23,24,27,42,43,44,47,64,65,81,82" /><INIT seed="3,2,1,3,5,29" ten="180,178,378,254" oya="3" hai0="3,45,84,19,129,135,56,114,118,134,112,119,14" hai1="71,51,98,22,108,80,68,44,41,100,113,46,99" hai2="76,65,40,94,31,69,123,77,109,53,49,30,117" hai3="106,61,88,18,72,95,85,37,116,67,126,54,50"/><W35/><G116/><N who="0" m="44587" /><D84/><U34/><E34/><V6/><F109/><W33/><G37/><T101/><D101/><U92/><E113/><N who="0" m="43625" /><D45/><U2/><E2/><V132/><F123/><W64/><G106/><T103/><D103/><U13/><E108/><V12/><F132/><N who="0" m="50730" /><D56/><U63/><E80/><V11/><F117/><W120/><G120/><T107/><D107/><U5/><E98/><V93/><F93/><W9/><G72/><T16/><D129/><U58/><E46/><V26/><F94/><W62/><G62/><T47/><D47/><U102/><E102/><V57/><F57/><W89/><G89/><T7/><D3/><U20/><E71/><V17/><F69/><W104/><G104/><T1/><D1/><U70/><E70/><V73/><F73/><W127/><G61/><T23/><D19/><U86/><E68/><V128/><F17/><W39/><G39/><T81/><D81/><U60/><E86/><V124/><F128/><W96/><G85/><T8/><D23/><N who="1" m="8747" /><E58/><V121/><F77/><W21/><G67/><T90/><D90/><U111/><E111/><V28/><F76/><W115/><G64/><T97/><D97/><U91/><E91/><V82/><F65/><W36/><G36/><T27/><D16/><U83/><E83/><V66/><F66/><W74/><G74/><T15/><D15/><U55/><E41/><V4/><F40/><W43/><G43/><T125/><D125/><N who="3" m="47625" /><G115/><T42/><D42/><U52/><E55/><V24/><F53/><W133/><G133/><T32/><D32/><U59/><E59/><V105/><F124/><RYUUKYOKU ba="2,1" sc="180,15,178,15,378,-15,254,-15" hai0="7,8,14,27" hai1="5,13,44,51,52,60,63,92,99,100" /><INIT seed="4,3,1,2,4,66" ten="195,193,363,239" oya="0" hai0="19,57,91,85,35,43,15,51,131,11,36,31,122" hai1="123,128,68,29,12,8,78,82,89,56,6,75,58" hai2="135,40,53,86,105,37,62,113,14,4,87,96,98" hai3="34,99,41,32,28,134,64,49,7,17,71,76,18"/><T81/><D131/><U101/><E123/><V5/><F37/><W88/><G134/><T45/><D122/><U63/><E128/><V119/><F40/><W25/><G34/><T95/><D31/><U129/><E129/><V20/><F113/><W26/><G76/><T73/><D35/><U70/><E101/><V77/><F105/><W1/><G26/><T108/><D108/><U23/><E58/><V102/><F77/><W80/><G7/><T52/><REACH who="0" step="1"/><D73/><REACH who="0" ten="185,193,363,239" step="2"/><U54/><REACH who="1" step="1"/><E89/><REACH who="1" ten="185,183,363,239" step="2"/><V106/><F135/><W93/><G88/><T69/><D69/><U118/><E118/><V110/><F119/><W79/><G71/><T50/><D50/><U83/><E83/><AGARI ba="3,3" hai="11,15,19,36,43,45,51,52,57,81,83,85,91,95" machi="83" ten="40,7700,0" yaku="1,1,54,1,53,1" doraHai="66" doraHaiUra="55" who="0" fromWho="1" sc="185,116,183,-86,363,0,239,0" /><INIT seed="4,4,0,3,0,90" ten="301,97,363,239" oya="0" hai0="75,125,54,14,1,131,130,116,28,38,42,57,114" hai1="10,40,47,124,91,50,89,5,73,37,67,61,87" hai2="48,7,92,127,4,78,51,68,59,134,30,8,16" hai3="9,109,133,94,112,43,26,95,56,123,104,85,107"/><T120/><D1/><U82/><E124/><V11/><F68/><W66/><G109/><T71/><D75/><U32/><E32/><V45/><F134/><W19/><G133/><T49/><D28/><U12/><E73/><V97/><F30/><W135/><G135/><T99/><D14/><U126/><E126/><V58/><F78/><W65/><G112/><T29/><D29/><U21/><E21/><V132/><F132/><W79/><G43/><T128/><D99/><U27/><E27/><V70/><F70/><W129/><G129/><T62/><D125/><U18/><E37/><V117/><F117/><W41/><G41/><T2/><D2/><U119/><E119/><V122/><F122/><W17/><G79/><T0/><D0/><U60/><E18/><V88/><F51/><W113/><G56/><N who="2" m="21545" /><F127/><W22/><G113/><T6/><D6/><N who="2" m="2090" /><F16/><W24/><G9/><T121/><D114/><U103/><E103/><V83/><F83/><W74/><G74/><T69/><D116/><U111/><E111/><V53/><AGARI ba="4,0" hai="8,11,45,48,53,88,92,97" m="2090,21545" machi="53" ten="30,4000,0" yaku="8,1,52,1,54,1" doraHai="90" who="2" fromWho="2" sc="301,-24,97,-14,363,52,239,-14" /><INIT seed="5,0,0,2,5,104" ten="277,83,415,225" oya="1" hai0="67,2,127,35,99,123,109,114,13,39,103,98,128" hai1="83,14,5,31,68,10,82,40,47,20,81,106,48" hai2="26,80,52,54,45,9,93,33,41,42,95,25,110" hai3="112,19,91,75,36,44,94,1,37,73,53,64,24"/><U55/><E106/><V63/><F110/><W96/><G1/><T62/><D13/><U125/><E125/><V57/><F9/><W131/><G112/><T84/><D84/><U7/><E68/><V6/><F6/><W12/><G131/><T113/><D62/><U121/><E121/><V129/><F129/><W92/><G64/><T132/><D103/><U78/><E5/><V100/><F33/><W0/><G0/><T4/><D4/><U16/><E31/><V115/><F80/><W74/><G24/><N who="2" m="9321" /><F115/><W102/><G53/><T69/><D98/><U119/><E119/><V59/><F45/><W11/><REACH who="3" step="1"/><G44/><REACH who="3" ten="277,83,415,215" step="2"/><T117/><D67/><U38/><E55/><V72/><F52/><W101/><G101/><T133/><D114/><U77/><REACH who="1" step="1"/><E38/><REACH who="1" ten="277,73,415,215" step="2"/><V90/><F54/><W89/><G89/><T30/><D39/><U85/><E85/><AGARI ba="0,2" hai="11,12,19,36,37,73,74,75,85,91,92,94,96,102" machi="85" ten="40,12000,2" yaku="1,1,52,3,53,2" doraHai="104" doraHaiUra="88" who="3" fromWho="1" sc="277,0,73,-120,415,0,215,140" owari="277,-12.3,-47,-54.7,415,51.5,355,15.5" /></mjloggm>