<mjloggm ver="2.3"><GO type="225" lobby="0"/><UN n0="%72%61%6B%33" n1="%E6%9C%88%E5%B3%B6%E5%9F%BA" n2="%E3%81%BF%E3%81%BF%E3%81%9A" n3="%E4%BF%BA%E3%81%A8%E5%A6%96%E5%A4%A2" dan="16,17,17,16" rate="2090.43,2224.80,2214.48,2135.55" sx="M,M,M,F"/><TAIKYOKU oya="0"/><INIT seed="0,0,0,0,0,64" ten="250,250,250,250" oya="0" hai0="21,119,67,19,18,28,17,54,57,115,131,110,87" hai1="2,103,107,128,106,20,39,24,126,10,79,33,109" hai2="42,12,23,5,51,118,49,53,121,59,55,0,104" hai3="25,83,84,100,27,80,125,82,123,22,88,111,76"/><T41/><D115/><U34/><E79/><V92/><F121/><W101/><G123/><T71/><D119/><U86/><E86/><V73/><F104/><W117/><G117/><T134/><D131/><U62/><E103/><V78/><F118/><W99/><G111/><T35/><D35/><N who="1" m="13323" /><E62/><V1/><F42/><W113/><G113/><T13/><D110/><U52/><E52/><V122/><F122/><W69/><G69/><T72/><D72/><U97/><E97/><V70/><F70/><W74/><G125/><T93/><D41/><U56/><E56/><V48/><F92/><W90/><G27/><T124/><D124/><U44/><E44/><V91/><F91/><W36/><G36/><T66/><D134/><U63/><E63/><V116/><F116/><W29/><G99/><T89/><D71/><U127/><E39/><V129/><F129/><W11/><G11/><T98/><D98/><U132/><E109/><V94/><F94/><W38/><G38/><T95/><D95/><U61/><E61/><V8/><F23/><W77/><REACH who="3" step="1"/><G90/><REACH who="3" ten="250,250,250,240" step="2"/><T9/><D67/><U43/><E128/><V3/><REACH who="2" step="1"/><F59/><REACH who="2" ten="250,250,240,240" step="2"/><W16/><G16/><N who="0" m="8239" /><D28/><U31/><E126/><V6/><F6/><W30/><G30/><T85/><D57/><U47/><E127/><V75/><F75/><AGARI ba="0,2" hai="22,25,29,74,75,76,77,80,82,83,84,88,100,101" machi="75" ten="30,7700,0" yaku="1,1,7,1,9,1,54,1,53,0" doraHai="64" doraHaiUra="112" who="3" fromWho="2" sc="250,0,250,0,240,-77,240,97" /><INIT seed="1,0,0,4,3,83" ten="250,250,163,337" oya="1" hai0="63,134,36,77,123,115,99,86,47,46,66,90,89" hai1="42,128,78,104,94,101,60,88,53,106,4,51,35" hai2="11,108,19,102,33,87,38,73,113,95,126,13,44" hai3="135,30,80,34,7,131,59,79,129,27,120,118,76"/><U49/><E35/><V58/><F73/><W16/><G118/><T52/><D115/><U43/><E128/><N who="3" m="49226" /><G120/><T96/><D123/><U111/><E106/><V133/><F113/><W105/><G105/><T29/><D134/><U71/><E104/><V37/><F133/><W64/><G135/><T92/><D29/><U56/><E71/><V124/><F33/><W9/><G16/><T107/><D36/><U18/><E101/><V93/><F108/><W65/><G59/><N who="0" m="35303" /><D107/><U117/><E117/><V125/><F58/><W85/><G79/><T24/><D24/><U54/><E78/><V132/><F132/><W72/><G72/><T32/><D32/><U8/><E18/><V69/><F69/><W103/><G103/><T112/><D112/><U31/><E31/><V127/><N who="2" m="31744" /><DORA hai="100" /><V28/><F28/><W98/><G98/><N who="0" m="37419" /><D66/><U21/><E21/><V119/><F119/><W130/><G130/><T17/><D77/><U70/><E70/><V22/><F102/><W5/><G5/><T50/><D17/><U82/><E111/><V41/><F22/><W1/><AGARI ba="0,0" hai="1,7,9,27,30,34,64,65,76,80,85" m="49226" machi="1" ten="30,2000,0" yaku="19,1,52,1" doraHai="83,100" who="3" fromWho="3" sc="250,-5,250,-10,163,-5,337,20" /><INIT seed="2,0,0,1,3,89" ten="245,240,158,357" oya="2" hai0="61,82,55,118,24,67,49,10,71,22,90,74,101" hai1="65,83,77,100,107,129,108,30,76,68,50,26,14" hai2="6,125,38,66,85,41,92,46,124,121,59,45,135" hai3="58,69,104,35,0,33,40,62,51,60,4,117,112"/><V120/><F6/><W32/><G117/><T72/><D118/><U91/><E108/><V52/><F135/><W84/><G112/><T9/><D101/><U64/><E129/><V105/><F105/><W111/><G104/><T19/><D74/><U63/><E65/><V21/><F21/><W123/><G123/><N who="2" m="47177" /><F85/><W126/><G111/><T128/><D128/><U44/><E14/><V13/><F13/><W8/><G84/><T102/><D102/><U88/><E77/><V110/><F92/><W122/><G122/><T106/><D106/><U78/><E78/><V15/><F15/><W23/><G23/><T27/><D27/><U2/><E2/><V70/><F110/><W17/><G17/><T86/><REACH who="0" step="1"/><D72/><REACH who="0" ten="235,240,158,357" step="2"/><U12/><E100/><V93/><F93/><W127/><G127/><N who="2" m="48713" /><F45/><W29/><BYE who="0" /><G126/><T97/><D97/><U75/><E107/><V130/><F130/><W48/><G48/><T53/><D53/><BYE who="3" /><UN n3="%E4%BF%BA%E3%81%A8%E5%A6%96%E5%A4%A2" /><U132/><E12/><V18/><F18/><W103/><G103/><UN n0="%72%61%6B%33" /><T37/><D37/><U114/><E75/><V31/><F31/><W43/><G29/><T42/><D42/><U116/><E30/><V115/><F115/><W95/><G40/><T87/><D87/><U113/><E113/><V1/><F1/><W56/><G0/><T25/><D25/><U119/><E26/><V7/><F7/><W20/><G4/><T73/><D73/><N who="1" m="43407" /><E114/><V16/><F16/><W39/><G43/><T131/><D131/><U11/><E119/><V81/><F81/><W134/><G39/><T28/><D28/><U57/><E116/><V36/><F38/><RYUUKYOKU ba="0,1" sc="235,30,240,-10,158,-10,357,-10" hai0="9,10,19,22,24,49,55,61,67,71,82,86,90" /><INIT seed="3,1,1,3,4,105" ten="265,230,148,347" oya="3" hai0="117,8,82,85,24,128,23,116,33,28,76,15,104" hai1="74,13,87,39,30,83,118,89,77,14,46,99,66" hai2="92,21,123,22,130,62,107,100,122,80,88,4,124" hai3="94,42,68,102,7,55,11,40,49,25,5,19,90"/><W75/><G68/><T91/><D128/><U18/><E118/><V41/><F130/><W67/><G75/><T134/><D134/><U96/><E30/><V81/><F41/><W61/><G102/><T73/><D33/><U63/><E39/><V95/><F4/><W3/><G5/><T111/><D111/><U6/><E46/><V36/><F36/><W71/><G25/><T16/><D104/><U109/><E109/><V57/><F107/><W9/><G19/><T53/><D53/><U58/><E6/><V69/><F69/><W98/><G11/><T135/><D135/><U0/><E0/><V78/><F124/><W127/><G127/><T12/><D12/><U29/><E29/><V125/><F125/><W45/><AGARI ba="1,1" hai="3,7,9,40,42,45,49,55,61,67,71,90,94,98" machi="45" ten="20,2100,0" yaku="0,1,7,1" doraHai="105" who="3" fromWho="3" sc="265,-8,230,-8,148,-8,347,34" owari="257,5.7,222,-17.8,140,-36.0,381,48.1" /></mjloggm>