<mjloggm ver="2.3"><GO type="169" lobby="0"/><UN n0="%E3%81%93%E3%81%AB" n1="%E9%AB%AD%E9%AF%A8" n2="%E3%82%AD%E3%83%B3%E3%82%B0%E3%81%82%E3%81%A4%E3%81%97" n3="%E2%97%8E%E3%82%88%E3%81%97%E2%97%8E" dan="16,16,16,17" rate="2160.05,2159.81,2148.46,2190.07" sx="M,M,M,M"/><TAIKYOKU oya="0"/><INIT seed="0,0,0,1,0,84" ten="250,250,250,250" oya="0" hai0="7,70,63,22,24,74,46,76,19,111,28,108,127" hai1="72,91,32,97,11,120,113,81,89,67,66,12,98" hai2="14,126,79,100,101,10,104,125,54,47,80,77,53" hai3="23,8,87,131,31,114,78,25,110,52,121,85,15"/><T16/><D7/><U62/><E120/><V38/><F38/><W86/><G114/><T83/><D127/><N who="2" m="48650" /><F47/><W45/><G110/><N who="0" m="42027" /><D46/><U35/><E113/><V105/><F100/><W4/><G131/><T93/><D93/><U39/><E39/><V37/><F37/><W27/><G27/><T71/><D63/><U57/><E72/><N who="2" m="43047" /><F79/><W36/><G121/><T65/><D65/><N who="1" m="39119" /><E32/><V29/><F29/><W95/><G36/><T48/><D48/><U124/><E124/><V44/><F44/><W20/><G78/><T109/><N who="0" m="42035" /><T61/><DORA hai="59" /><D61/><U112/><E112/><V55/><F101/><W99/><G23/><T42/><D42/><U13/><E35/><V75/><F75/><W5/><G5/><AGARI ba="0,0" hai="5,10,14,53,54,55,104,105" m="43047,48650" machi="5" ten="30,1000,0" yaku="18,1" doraHai="84,59" who="2" fromWho="3" sc="250,0,250,0,250,10,250,-10" /><INIT seed="1,0,0,2,0,0" ten="250,250,260,240" oya="1" hai0="129,116,35,133,62,61,114,93,34,39,40,90,126" hai1="96,32,67,115,106,63,134,89,10,38,103,29,112" hai2="124,15,86,30,1,99,101,58,54,46,135,23,43" hai3="20,85,57,71,12,2,16,87,14,3,132,81,25"/><U78/><E134/><V97/><F1/><W120/><G71/><T94/><D114/><U80/><E89/><V79/><F124/><W119/><G132/><T121/><D116/><U77/><E10/><V66/><F66/><W49/><G119/><T5/><D133/><U107/><E107/><V11/><F135/><W109/><G109/><T18/><D126/><U41/><E78/><V8/><F23/><W130/><G130/><T122/><D129/><U84/><E41/><V65/><F65/><W42/><G14/><T127/><D127/><U92/><E38/><V88/><F30/><W69/><G69/><T131/><D131/><U98/><E98/><V76/><F11/><W48/><G87/><T19/><D39/><U36/><E92/><N who="2" m="58535" /><F46/><W50/><G42/><T117/><D117/><U95/><E95/><N who="2" m="54679" /><F99/><W68/><G68/><T70/><D70/><N who="1" m="42367" /><E36/><V6/><F43/><W9/><G57/><T37/><D37/><U55/><E55/><V64/><F64/><W91/><REACH who="3" step="1"/><G120/><REACH who="3" ten="250,250,260,230" step="2"/><T128/><D40/><U26/><AGARI ba="0,1" hai="26,29,32,77,80,84,96,103,106,112,115" m="42367" machi="26" ten="30,1500,0" yaku="25,1" doraHai="0" who="1" fromWho="1" sc="250,-5,250,25,260,-5,230,-5" /><INIT seed="1,1,0,3,1,3" ten="245,275,255,225" oya="1" hai0="116,129,42,14,60,85,105,6,121,89,44,5,96" hai1="49,53,52,79,64,13,54,71,91,28,41,45,15" hai2="39,63,59,77,82,32,75,88,58,98,8,125,24" hai3="68,55,135,62,20,127,78,46,97,23,66,10,119"/><U108/><E79/><V103/><F125/><W95/><G127/><T101/><D116/><U22/><E108/><V110/><F39/><W35/><G35/><T0/><D0/><U34/><E34/><V65/><F110/><W36/><G135/><T126/><D126/><U56/><E71/><V93/><F8/><W122/><G122/><T37/><D121/><U100/><E100/><V113/><F113/><W2/><G119/><T90/><D129/><U43/><E43/><V19/><F103/><W84/><G84/><T115/><D115/><U76/><E76/><V61/><F19/><W38/><G78/><T1/><D1/><U111/><E111/><V132/><F132/><W72/><G72/><T133/><D133/><U128/><E128/><V124/><F124/><W92/><G92/><T9/><D60/><N who="1" m="37895" /><E91/><V51/><F51/><W81/><G81/><T134/><D134/><U27/><AGARI ba="1,0" hai="13,15,22,27,28,41,45,49,52,53,54" m="37895" machi="27" ten="30,3000,0" yaku="8,1,54,1" doraHai="3" who="1" fromWho="1" sc="245,-11,275,33,255,-11,225,-11" /><INIT seed="1,2,0,2,5,27" ten="234,308,244,214" oya="1" hai0="21,28,61,63,44,102,52,79,69,54,76,14,123" hai1="16,130,93,116,117,113,48,13,78,3,10,89,7" hai2="6,38,114,132,42,64,86,68,71,115,85,98,57" hai3="72,95,84,1,59,11,62,74,39,58,111,49,133"/><U107/><E113/><N who="2" m="43019" /><F6/><W91/><G39/><T103/><D69/><N who="2" m="26698" /><F98/><W31/><G111/><T109/><D109/><U12/><E130/><V32/><F32/><W83/><G133/><T53/><D123/><U108/><E108/><V45/><F86/><W9/><G49/><T119/><D44/><U51/><E107/><V105/><F85/><W34/><G58/><T29/><D119/><U60/><E78/><N who="0" m="29737" /><D21/><U66/><E116/><V112/><F105/><W110/><G110/><T4/><D14/><U36/><E117/><V67/><N who="2" m="43027" /><V0/><DORA hai="65" /><F0/><W94/><G1/><T104/><D4/><U55/><E3/><V17/><F132/><W97/><G94/><T75/><D75/><U18/><E7/><V121/><F121/><W43/><G43/><T80/><D80/><U100/><E100/><N who="0" m="38441" /><D104/><U81/><E81/><V19/><F64/><W50/><G74/><T23/><D23/><U22/><E66/><V26/><F26/><W46/><G72/><T82/><D82/><U87/><E12/><V106/><F106/><W96/><G83/><T37/><D37/><U35/><E35/><V8/><F8/><W40/><G9/><T118/><D118/><U77/><E10/><V73/><F73/><W5/><G11/><T25/><D25/><U135/><E77/><V88/><F88/><W15/><G5/><T33/><D33/><U128/><E135/><V2/><F2/><W20/><G34/><T127/><D28/><U122/><E122/><V92/><F92/><W24/><G15/><T131/><D29/><U70/><E13/><V30/><F30/><RYUUKYOKU ba="2,0" sc="234,-15,308,-15,244,15,214,15" hai2="17,19,38,42,45,57,67" hai3="20,24,31,40,46,50,59,62,84,91,95,96,97" /><INIT seed="2,3,0,0,3,3" ten="219,293,259,229" oya="2" hai0="90,43,119,0,72,123,18,27,132,41,121,40,107" hai1="14,33,91,22,77,110,73,62,6,4,49,51,65" hai2="117,75,13,93,66,30,8,25,134,83,56,118,54" hai3="129,105,31,135,124,2,84,15,113,131,39,99,69"/><V23/><F134/><W11/><G69/><T81/><D0/><U35/><E110/><V98/><F75/><W82/><G39/><T42/><D132/><U100/><E35/><V36/><F83/><W63/><G2/><T19/><D119/><U46/><E33/><V106/><F36/><W130/><G135/><T67/><D107/><U17/><E100/><V60/><F106/><W95/><G124/><T92/><D67/><U128/><E128/><V87/><F87/><W44/><G105/><T48/><D48/><U52/><E77/><V78/><F78/><N who="3" m="46167" /><G44/><T34/><D81/><U80/><E51/><V38/><F54/><W115/><G31/><T125/><D72/><U97/><E73/><V89/><REACH who="2" step="1"/><F38/><REACH who="2" ten="219,293,249,229" step="2"/><W70/><G115/><T94/><D125/><U76/><E76/><V116/><F116/><W24/><G113/><T112/><D112/><U57/><E97/><V5/><AGARI ba="3,1" hai="5,8,13,23,25,30,56,60,66,89,93,98,117,118" machi="5" ten="20,12000,1" yaku="1,1,0,1,7,1,52,1,53,1" doraHai="3" doraHaiUra="9" who="2" fromWho="2" sc="219,-43,293,-43,249,139,229,-43" /><INIT seed="2,4,0,3,3,4" ten="176,250,388,186" oya="2" hai0="28,81,86,73,76,111,42,114,74,60,18,39,135" hai1="89,83,26,108,95,109,98,119,101,31,68,79,64" hai2="1,84,53,14,94,22,6,32,126,96,117,72,100" hai3="0,48,67,66,80,110,21,62,8,2,99,37,33"/><V107/><F117/><W54/><G33/><T85/><D114/><U69/><E119/><V40/><F126/><W127/><G37/><T92/><D111/><N who="1" m="42571" /><E64/><V20/><F32/><W104/><G110/><T30/><D135/><U24/><E101/><V115/><F72/><W93/><G104/><T106/><D106/><U105/><E105/><V132/><F1/><W71/><G67/><T129/><D129/><U52/><E52/><V120/><F120/><W10/><G21/><T36/><D42/><U7/><E7/><V19/><F6/><W125/><G80/><T11/><D81/><U70/><E31/><V25/><F40/><W118/><G118/><T5/><D5/><U45/><E45/><V103/><F103/><N who="3" m="60911" /><G0/><T23/><D30/><U121/><E121/><V82/><F107/><W44/><G2/><T13/><D28/><U15/><E15/><V65/><F65/><W46/><G44/><T55/><D92/><U50/><E50/><V12/><F94/><W116/><G116/><T34/><D39/><U97/><E97/><V56/><F96/><W122/><G122/><T90/><D36/><U27/><E70/><V113/><F100/><W87/><G87/><AGARI ba="4,0" hai="24,26,27,68,69,79,83,87,89,95,98" m="42571" machi="87" ten="30,1000,0" yaku="14,1" doraHai="4" who="1" fromWho="3" sc="176,0,250,22,388,0,186,-22" /><INIT seed="3,0,0,4,2,70" ten="176,272,388,164" oya="3" hai0="57,34,16,132,135,22,102,59,42,117,6,63,101" hai1="91,97,43,94,90,23,60,21,14,75,74,127,76" hai2="38,121,55,116,110,86,129,10,58,56,31,68,124" hai3="95,15,45,30,67,27,2,8,123,40,4,24,87"/><W126/><G123/><T29/><D34/><U119/><E127/><V112/><F116/><W98/><G126/><T111/><D29/><U107/><E107/><V19/><F124/><W36/><G67/><T69/><D117/><U13/><E119/><V104/><F68/><W71/><G71/><T120/><D120/><U118/><E118/><V81/><F104/><W20/><G24/><T33/><D33/><U133/><E43/><V131/><F38/><W105/><G105/><T35/><D35/><U78/><E60/><V65/><F112/><W103/><REACH who="3" step="1"/><G87/><REACH who="3" ten="176,272,388,154" step="2"/><T54/><D69/><U100/><E133/><V64/><F65/><W84/><G84/><T18/><D132/><U44/><E75/><V11/><F64/><W82/><G82/><T128/><D135/><U39/><E74/><V122/><F86/><W12/><AGARI ba="0,1" hai="2,4,8,12,15,20,27,30,36,40,45,95,98,103" machi="12" ten="30,6000,0" yaku="1,1,0,1,52,1,53,0" doraHai="70" doraHaiUra="52" who="3" fromWho="3" sc="176,-20,272,-20,388,-20,154,70" /><INIT seed="3,1,0,1,5,64" ten="156,252,368,224" oya="3" hai0="135,94,24,54,111,62,57,60,72,55,98,110,71" hai1="30,49,119,65,35,63,28,115,1,93,32,134,133" hai2="84,12,48,15,132,103,53,126,99,129,86,16,123" hai3="108,40,73,23,46,31,100,127,42,58,10,122,117"/><W107/><G117/><T92/><D72/><U7/><E119/><V25/><F126/><W114/><G122/><T38/><D38/><U79/><E115/><V41/><F129/><W90/><G73/><T17/><D135/><N who="1" m="51723" /><E79/><V70/><F70/><W120/><G120/><T125/><D125/><U2/><E49/><V22/><F41/><W13/><G114/><T33/><D33/><N who="1" m="12875" /><E93/><N who="2" m="58863" /><F123/><W61/><G107/><T109/><D98/><U50/><E50/><V89/><F132/><W59/><G100/><T5/><D5/><U105/><E105/><V81/><F86/><W75/><G75/><T51/><D62/><U102/><E102/><V52/><F53/><W34/><G34/><T8/><D94/><U68/><E7/><V128/><F128/><W106/><G106/><T21/><D92/><U91/><E91/><V37/><F37/><W36/><G90/><T45/><D8/><U83/><E83/><V27/><F27/><N who="3" m="16895" /><G40/><T95/><D95/><U39/><E39/><V124/><F124/><W78/><G78/><T69/><AGARI ba="1,0" hai="17,21,24,45,51,54,55,57,60,69,71,109,110,111" machi="69" ten="40,8000,1" yaku="0,1,14,1,52,2" doraHai="64" who="0" fromWho="0" sc="156,83,252,-21,368,-21,224,-41" /><INIT seed="4,0,0,3,3,129" ten="239,231,347,183" oya="0" hai0="30,115,8,66,103,47,13,36,94,82,68,99,63" hai1="51,4,29,124,74,2,132,102,20,64,53,125,1" hai2="24,31,11,98,105,93,78,15,126,34,60,14,21" hai3="108,97,42,75,27,76,131,104,10,12,133,92,84"/><T77/><D115/><U128/><E74/><V72/><F126/><N who="1" m="48745" /><E64/><V19/><F105/><W96/><G108/><T106/><D30/><U107/><E128/><V121/><F121/><W58/><G131/><T55/><D106/><U120/><E120/><V109/><F109/><W16/><G104/><T73/><D36/><U52/><E102/><V33/><F78/><W0/><G0/><N who="1" m="106" /><E4/><V3/><F3/><W32/><G75/><T40/><D55/><N who="1" m="21067" /><E51/><V90/><F72/><W26/><G42/><T113/><D113/><U95/><E95/><V54/><F54/><W112/><G112/><T79/><D79/><U56/><E56/><V127/><F127/><W28/><G58/><T25/><D25/><N who="1" m="16551" /><E107/><V18/><REACH who="2" step="1"/><F60/><REACH who="2" ten="239,231,337,183" step="2"/><W44/><G76/><T101/><D40/><U123/><E123/><V119/><F119/><W87/><G44/><T59/><D47/><U35/><E35/><AGARI ba="0,1" hai="11,14,15,18,19,21,24,31,33,34,35,90,93,98" machi="35" ten="30,2000,0" yaku="1,1,7,1,53,0" doraHai="129" doraHaiUra="81" who="2" fromWho="1" sc="239,0,231,-20,337,30,183,0" /><INIT seed="5,0,0,0,4,11" ten="239,211,367,183" oya="1" hai0="5,118,39,61,30,96,124,83,69,103,46,86,55" hai1="49,94,42,62,29,126,56,123,31,88,32,0,130" hai2="125,37,115,80,47,20,134,87,50,59,15,71,63" hai3="27,9,113,58,89,64,92,112,91,18,24,53,28"/><U119/><E119/><V48/><F71/><W66/><G91/><T16/><D118/><U10/><E123/><V129/><F125/><W128/><G128/><T117/><D117/><U85/><E126/><V76/><F134/><W75/><G75/><T60/><D124/><U40/><E130/><V84/><F129/><W102/><G102/><T33/><D5/><U79/><E32/><V44/><F37/><W7/><G18/><T111/><D111/><U116/><E116/><V82/><F115/><N who="3" m="44107" /><G66/><T95/><D69/><U54/><E79/><N who="2" m="46175" /><F47/><W34/><G64/><T100/><D100/><U70/><E70/><V133/><F44/><W99/><G28/><T8/><D30/><U43/><E0/><V108/><F133/><W114/><N who="3" m="44115" /><W12/><DORA hai="109" /><G34/><T26/><D33/><U25/><E25/><V73/><F73/><W131/><G131/><T45/><D26/><U93/><E93/><V67/><F108/><W77/><G77/><N who="0" m="46447" /><D39/><U4/><E62/><AGARI ba="0,0" hai="7,9,12,24,27,53,58,62,89,92,99" m="44115" machi="62" ten="40,12000,2" yaku="15,1,52,5" doraHai="11,109" who="3" fromWho="1" sc="239,0,211,-120,367,0,183,120" /><INIT seed="6,0,0,2,4,80" ten="239,91,367,303" oya="2" hai0="41,113,116,114,90,62,79,96,120,32,91,115,89" hai1="45,37,39,64,2,93,85,29,88,24,83,15,108" hai2="103,10,104,131,6,42,117,82,58,121,129,38,132" hai3="69,92,57,134,8,94,52,70,128,127,111,73,65"/><V22/><F121/><W44/><G111/><T74/><D32/><U107/><E108/><V101/><F117/><W9/><G73/><T100/><D41/><U47/><E107/><V31/><F132/><W99/><G134/><T118/><D62/><U48/><E2/><V18/><F31/><W50/><G127/><T124/><D124/><U40/><E64/><V87/><F58/><W68/><G128/><N who="2" m="49225" /><F104/><W51/><G94/><N who="0" m="58391" /><D120/><U77/><E15/><N who="2" m="9567" /><F42/><W109/><G65/><T7/><D7/><U19/><E19/><V78/><F38/><W43/><REACH who="3" step="1"/><G109/><REACH who="3" ten="239,91,367,293" step="2"/><T21/><D21/><U20/><REACH who="1" step="1"/><E47/><REACH who="1" ten="239,81,367,293" step="2"/><V133/><F133/><W59/><G59/><T12/><D12/><AGARI ba="0,2" hai="6,10,12,78,82,87,101,103" m="9567,49225" machi="12" ten="30,2900,0" yaku="19,1,52,1" doraHai="80" who="2" fromWho="0" sc="239,-29,81,0,367,49,293,0" /><INIT seed="6,1,0,1,3,11" ten="210,81,416,293" oya="2" hai0="95,72,57,23,127,44,5,17,115,22,89,33,16" hai1="21,40,91,79,108,32,68,59,18,123,120,78,6" hai2="100,103,82,92,8,129,111,28,19,74,83,76,98" hai3="94,50,56,130,102,107,49,99,77,43,53,9,93"/><V81/><F28/><W124/><G130/><T30/><D72/><U133/><E32/><V41/><F41/><W134/><G124/><T116/><D127/><U63/><E68/><V35/><F35/><W51/><G134/><T88/><D115/><U128/><E108/><V125/><F125/><W7/><G77/><T25/><D116/><U105/><E105/><V122/><F19/><W61/><REACH who="3" step="1"/><G43/><REACH who="3" ten="210,81,416,283" step="2"/><T106/><D106/><U38/><E133/><V47/><F76/><W36/><G36/><T60/><D44/><U70/><E128/><V3/><F47/><W37/><G37/><T90/><D95/><U80/><E40/><V20/><F92/><W87/><G87/><T55/><D5/><U112/><E6/><V1/><F129/><W13/><AGARI ba="1,1" hai="7,9,13,49,50,51,53,56,61,93,94,99,102,107" machi="13" ten="30,4000,0" yaku="1,1,0,1,52,1,53,0" doraHai="11" doraHaiUra="117" who="3" fromWho="3" sc="210,-11,81,-11,416,-21,283,53" /><INIT seed="7,0,0,2,4,10" ten="199,70,395,336" oya="3" hai0="118,134,98,114,29,43,124,61,123,109,81,51,26" hai1="57,115,86,76,116,89,103,58,63,78,42,74,20" hai2="21,41,50,7,69,133,59,104,12,95,55,97,18" hai3="11,53,79,77,0,3,65,112,8,119,88,108,84"/><W40/><G119/><T96/><D118/><U25/><E116/><V45/><F133/><W1/><G40/><T48/><D123/><U52/><E74/><V5/><F69/><W122/><G122/><T125/><D109/><U87/><E115/><V16/><F18/><W94/><G65/><T39/><D134/><U60/><E103/><N who="2" m="60863" /><F104/><W99/><G112/><T91/><D114/><U105/><E105/><V73/><F73/><W23/><G108/><T80/><D61/><AGARI ba="0,0" hai="5,7,12,16,21,41,45,50,55,59,61" m="60863" machi="61" ten="30,3900,0" yaku="8,1,52,1,54,1" doraHai="10" who="2" fromWho="0" sc="199,-39,70,0,395,39,336,0" owari="160,-24.0,70,-43.0,434,53.4,336,13.6" /></mjloggm>