<mjloggm ver="2.3"><GO type="169" lobby="0"/><UN n0="%E8%B4%88%E4%BA%BA%E8%A9%A9%E6%96%BC%E5%A4%A2" n1="%E3%81%B1%E3%82%93%E3%81%AA%E3%81%93%E3%81%BE%E3%81%A3%E3%81%9F" n2="%E3%83%AD%E3%83%83%E3%83%86%E9%9B%80%E7%90%83" n3="%E3%81%A1%E3%82%83%E3%82%93%E3%81%AE%E3%81%B6" dan="17,17,17,17" rate="2201.30,2216.92,2186.03,2143.57" sx="M,M,M,M"/><TAIKYOKU oya="0"/><INIT seed="0,0,0,0,2,77" ten="250,250,250,250" oya="0" hai0="123,102,43,129,107,108,3,82,56,13,95,6,88" hai1="112,97,28,17,14,35,118,55,59,92,23,131,27" hai2="46,72,33,114,73,16,100,52,87,69,84,38,18" hai3="117,110,20,104,9,64,120,122,126,7,124,74,21"/><T91/><D3/><U116/><E131/><V48/><F114/><W128/><G104/><T5/><D123/><N who="3" m="47145" /><G64/><T89/><D129/><U24/><E112/><V44/><F69/><W119/><G110/><T26/><D107/><U12/><E118/><N who="3" m="45066" /><G74/><T86/><D108/><U36/><E36/><V62/><F33/><W96/><G96/><N who="0" m="59679" /><D43/><U98/><E98/><V11/><F100/><W109/><G109/><T78/><D26/><U135/><E135/><V4/><F62/><W76/><G76/><T41/><D41/><U25/><E25/><V45/><F73/><W106/><G106/><T93/><D93/><U42/><E42/><V61/><F61/><W32/><G32/><T103/><D103/><U60/><REACH who="1" step="1"/><E116/><REACH who="1" ten="250,240,250,250" step="2"/><V30/><F38/><W8/><G128/><T121/><D121/><U66/><E66/><V79/><F52/><W58/><G126/><T81/><D13/><U34/><E34/><V2/><F2/><W115/><G124/><T132/><D132/><U134/><E134/><V133/><F133/><W83/><G115/><T125/><D125/><U80/><E80/><V57/><F30/><W99/><G83/><T101/><D82/><U0/><E0/><V65/><F65/><W67/><G99/><T40/><D40/><U15/><E15/><V71/><F72/><W54/><G67/><T130/><D130/><U39/><E39/><V10/><F87/><W75/><G75/><T29/><D29/><U31/><E31/><V127/><F84/><W70/><G54/><T1/><D1/><U53/><E53/><N who="2" m="31911" /><F127/><W68/><G68/><T63/><D101/><AGARI ba="0,1" hai="12,14,17,23,24,27,28,35,55,59,60,92,97,101" machi="101" ten="30,3900,0" yaku="1,1,6,1,7,1,53,0" doraHai="77" doraHaiUra="105" who="1" fromWho="0" sc="250,-39,240,49,250,0,250,0" /><INIT seed="1,0,0,3,3,59" ten="211,289,250,250" oya="1" hai0="84,67,128,92,126,25,52,122,133,91,54,38,99" hai1="118,26,10,18,13,24,103,96,94,58,20,131,28" hai2="22,46,51,61,70,15,117,33,60,82,53,32,50" hai3="57,35,23,86,108,101,37,81,134,95,98,106,74"/><U110/><E118/><V29/><F117/><W120/><G35/><T132/><D38/><U0/><E131/><V41/><F70/><W45/><G120/><T76/><D122/><U125/><E125/><V48/><F48/><W102/><G37/><T79/><D128/><U21/><E110/><V78/><F33/><W111/><G45/><T71/><D126/><U100/><E0/><V119/><F32/><W34/><G34/><T55/><D25/><U124/><E124/><V17/><F29/><W30/><G134/><N who="0" m="51819" /><D99/><U105/><E105/><V130/><F119/><W6/><G6/><T2/><D2/><U27/><E103/><V116/><F116/><W114/><G102/><T73/><D73/><U3/><E3/><V109/><F109/><N who="3" m="42059" /><G114/><T56/><D71/><U80/><E80/><V36/><F36/><W87/><G106/><T85/><D85/><U44/><E44/><N who="2" m="27879" /><F130/><W12/><G74/><T64/><D64/><U83/><E83/><V97/><F97/><W39/><G39/><T49/><D49/><U93/><E93/><V66/><F66/><W90/><G87/><AGARI ba="0,0" hai="15,17,22,41,46,50,60,61,78,82,87" m="27879" machi="87" ten="30,3900,0" yaku="8,1,52,2" doraHai="59" who="2" fromWho="3" sc="211,0,289,0,250,39,250,-39" /><INIT seed="2,0,0,1,2,25" ten="211,289,289,211" oya="2" hai0="128,94,29,26,33,59,99,73,133,132,110,121,23" hai1="12,134,68,111,85,16,79,54,100,51,106,118,104" hai2="28,113,80,1,3,108,90,34,76,45,70,98,24" hai3="88,58,57,135,129,2,115,15,10,130,112,125,101"/><V102/><F113/><N who="3" m="43595" /><G2/><T62/><D121/><U5/><E118/><V96/><F108/><W60/><G101/><T48/><D110/><U47/><E68/><V39/><F70/><W4/><G125/><T9/><D128/><N who="3" m="49257" /><G135/><T77/><D48/><U44/><E111/><V42/><F90/><W72/><G72/><T103/><D9/><U93/><E134/><V97/><REACH who="2" step="1"/><F102/><REACH who="2" ten="211,289,279,211" step="2"/><W38/><G38/><T81/><REACH who="0" step="1"/><D33/><REACH who="0" ten="201,289,279,211" step="2"/><U127/><E127/><V35/><F35/><W0/><G0/><T105/><D105/><U49/><E106/><V122/><F122/><W31/><G88/><T32/><D32/><U30/><E104/><V117/><F117/><W55/><G60/><T66/><AGARI ba="0,2" hai="23,26,29,59,62,66,73,77,81,94,99,103,132,133" machi="66" ten="30,8000,1" yaku="1,1,0,1,25,2,52,1,53,0" doraHai="25" doraHaiUra="37" who="0" fromWho="0" sc="201,100,289,-20,279,-40,211,-20" /><INIT seed="3,0,0,3,3,70" ten="301,269,239,191" oya="3" hai0="52,123,126,127,17,67,31,101,50,16,114,71,97" hai1="29,61,20,112,45,109,59,100,32,86,79,94,8" hai2="43,98,103,10,26,51,107,80,102,34,14,1,23" hai3="122,131,87,40,77,90,92,58,39,89,54,74,68"/><W13/><G122/><T96/><D123/><U0/><E112/><V30/><F1/><W19/><G68/><T33/><D114/><U12/><E109/><V106/><F80/><W111/><G131/><T57/><D97/><U120/><E120/><V69/><F69/><W65/><G111/><T3/><D3/><U9/><E32/><V60/><F60/><W56/><G65/><T75/><D75/><U47/><E0/><V48/><F103/><W49/><G74/><T124/><D67/><U135/><E135/><V28/><F107/><W37/><G77/><T125/><D71/><U128/><E128/><V72/><F72/><W15/><G40/><T130/><D130/><U22/><E9/><V117/><F117/><W99/><G58/><T11/><D11/><U84/><E79/><V121/><F121/><W64/><G15/><T88/><D88/><U4/><E86/><V62/><F62/><W6/><G6/><T119/><D119/><U38/><E38/><V113/><F113/><W35/><G35/><T36/><D36/><U85/><E85/><V105/><F105/><W21/><REACH who="3" step="1"/><G64/><REACH who="3" ten="301,269,239,181" step="2"/><T24/><D125/><U133/><E59/><V42/><F42/><W41/><G41/><T108/><D108/><U110/><E12/><V81/><F43/><W7/><G7/><T73/><D73/><U25/><E4/><V53/><F34/><W134/><G134/><T93/><AGARI ba="0,1" hai="16,17,24,31,33,50,52,57,93,96,101,124,126,127" machi="93" ten="30,7900,0" yaku="0,1,18,1,54,2" doraHai="70" who="0" fromWho="0" sc="301,89,269,-20,239,-20,181,-39" /><INIT seed="4,0,0,3,5,118" ten="390,249,219,142" oya="0" hai0="75,50,115,2,9,94,98,54,128,81,26,99,80" hai1="7,64,16,17,70,63,61,74,123,46,72,122,57" hai2="18,108,78,24,83,114,124,20,39,22,0,15,135" hai3="49,42,117,103,14,130,112,134,109,92,34,67,38"/><T33/><D115/><U66/><E7/><V48/><F39/><W131/><G117/><T71/><D71/><U58/><E46/><V101/><F108/><W59/><G34/><T120/><D120/><U36/><E36/><V86/><F0/><W21/><G112/><T125/><D125/><U126/><REACH who="1" step="1"/><E70/><REACH who="1" ten="390,239,219,142" step="2"/><V100/><F114/><W41/><G38/><T104/><D128/><U12/><E12/><V31/><F124/><AGARI ba="0,1" hai="16,17,57,58,61,63,64,66,72,74,122,123,124,126" machi="124" ten="25,12000,2" yaku="1,1,22,2,52,2,54,1,53,0" doraHai="118" doraHaiUra="5" who="1" fromWho="2" sc="390,0,239,130,219,-120,142,0" /><INIT seed="5,0,0,5,0,99" ten="390,369,99,142" oya="1" hai0="97,94,66,122,104,21,107,34,38,92,3,50,24" hai1="4,42,15,6,88,108,37,16,57,135,100,78,25" hai2="59,103,11,127,79,7,20,73,53,30,72,35,31" hai3="118,62,131,133,29,84,112,32,81,33,91,80,90"/><U1/><E135/><V46/><F127/><W13/><G112/><T22/><D38/><U87/><E108/><V105/><F35/><W60/><G131/><T89/><D3/><U49/><E100/><V47/><F73/><W58/><G133/><T113/><D113/><U14/><E1/><V126/><F126/><W69/><G29/><T43/><D34/><U85/><E37/><V5/><F79/><W120/><G120/><T119/><D119/><U19/><E25/><V26/><F72/><W17/><G69/><T54/><D43/><U83/><E42/><V101/><F31/><W95/><G118/><T8/><D8/><N who="1" m="6599" /><E57/><V128/><F105/><W123/><G123/><T63/><D92/><N who="1" m="54287" /><E49/><N who="2" m="31151" /><F128/><W129/><G129/><T125/><D122/><U86/><E87/><V10/><F10/><AGARI ba="0,0" hai="4,6,10,15,16,78,83,86" m="54287,6599" machi="10" ten="30,5800,0" yaku="8,1,54,2" doraHai="99" who="1" fromWho="2" sc="390,0,369,58,99,-58,142,0" /><INIT seed="5,1,0,2,3,99" ten="390,427,41,142" oya="1" hai0="65,17,60,36,80,26,54,133,15,92,49,114,124" hai1="23,90,58,83,44,77,27,125,129,107,98,106,57" hai2="116,22,29,122,102,111,67,82,135,47,113,52,11" hai3="109,12,5,117,74,30,69,39,91,43,56,101,35"/><U72/><E125/><V108/><F116/><W94/><G69/><T13/><D36/><U48/><E129/><V100/><F122/><W59/><G74/><T18/><D114/><U38/><E38/><V112/><F67/><W103/><G109/><T89/><D133/><U97/><E97/><V128/><F128/><W8/><G117/><T93/><D80/><U31/><E107/><V105/><F105/><W76/><G76/><T55/><D26/><U78/><E78/><V121/><F121/><W64/><G30/><T85/><D93/><U28/><E31/><V10/><F135/><W70/><G35/><T4/><D4/><U134/><E134/><V37/><F82/><W95/><G70/><T88/><D89/><U25/><E25/><N who="2" m="16567" /><F37/><W20/><G64/><T7/><D7/><U120/><E120/><V123/><F123/><W9/><G9/><N who="2" m="3081" /><F111/><W63/><G39/><T53/><D49/><U71/><E71/><V40/><F40/><W19/><G43/><T50/><D50/><U87/><E106/><V81/><F81/><W66/><G59/><N who="0" m="37023" /><D124/><U96/><E72/><V110/><F110/><W46/><G46/><T119/><D119/><U104/><E104/><V86/><F86/><N who="3" m="52599" /><G95/><T32/><D32/><U118/><E118/><V132/><F132/><W1/><G1/><T68/><D68/><U45/><E45/><V127/><F127/><W75/><G75/><T84/><D84/><U24/><E77/><V126/><F126/><W6/><G5/><T3/><D3/><U42/><E27/><V0/><F0/><N who="3" m="71" /><G66/><T33/><D33/><U21/><E83/><RYUUKYOKU ba="1,0" sc="390,15,427,-15,41,-15,142,15" hai0="13,15,17,18,53,54,55,85,88,92" hai3="12,19,20,56,63,101,103" /><INIT seed="6,2,0,0,5,3" ten="405,412,26,157" oya="2" hai0="129,23,134,45,7,31,128,91,73,48,10,106,98" hai1="114,93,78,51,135,56,34,99,120,74,52,61,104" hai2="53,126,64,85,92,27,88,111,101,68,49,77,55" hai3="58,102,8,63,19,133,20,109,24,57,38,13,37"/><V39/><F126/><W22/><G109/><T15/><D73/><U1/><E34/><V75/><F111/><W66/><G133/><T87/><D134/><U103/><E135/><V4/><F39/><W44/><G102/><T69/><D69/><U117/><E117/><V26/><F101/><W121/><G121/><T80/><D106/><U67/><E120/><V100/><F100/><W132/><G132/><T113/><D98/><U118/><E118/><V32/><F4/><W62/><G44/><T0/><D113/><U50/><E1/><V54/><F49/><W131/><G22/><T41/><D31/><U72/><E114/><V105/><F105/><W14/><G14/><T89/><D89/><U9/><E9/><V47/><F47/><W6/><G131/><N who="0" m="50251" /><D23/><U94/><E51/><V76/><F32/><W18/><G6/><T33/><D33/><U65/><E65/><AGARI ba="2,0" hai="8,13,18,19,20,24,37,38,57,58,62,63,65,66" machi="65" ten="30,2000,0" yaku="7,1,9,1" doraHai="3" who="3" fromWho="1" sc="405,0,412,-26,26,0,157,26" /><INIT seed="7,0,0,2,5,96" ten="405,386,26,183" oya="3" hai0="28,127,0,33,20,58,124,104,21,53,2,79,57" hai1="72,69,8,126,56,92,95,61,122,43,128,90,117" hai2="135,88,48,87,44,64,50,55,16,101,89,84,38" hai3="60,121,123,42,112,17,29,6,82,27,67,110,103"/><W85/><G110/><T80/><D104/><U37/><E122/><V24/><F135/><W36/><G112/><T105/><D105/><U13/><E72/><V83/><F38/><W68/><G6/><T99/><D99/><U77/><E77/><V98/><F64/><W114/><G114/><T40/><D40/><U133/><E69/><V107/><F50/><W78/><G17/><T7/><D33/><U3/><E3/><N who="0" m="1065" /><D7/><U31/><E133/><V47/><F47/><W97/><G42/><T134/><D28/><U81/><E117/><V22/><REACH who="2" step="1"/><F87/><REACH who="2" ten="405,386,16,183" step="2"/><W131/><G36/><T125/><D134/><U35/><E126/><V59/><F59/><W129/><G121/><T19/><D57/><U45/><E128/><V52/><F52/><W70/><G123/><T39/><D39/><U49/><E37/><V120/><F120/><W34/><G70/><T71/><D71/><U5/><E35/><V26/><F26/><W12/><G12/><N who="0" m="9319" /><D58/><U51/><E31/><V100/><F100/><W118/><G68/><T14/><D53/><N who="1" m="33935" /><E51/><V63/><F63/><W54/><G60/><T115/><D115/><U32/><E32/><V11/><F11/><W132/><G67/><T91/><D125/><U62/><E62/><V15/><F15/><W9/><G27/><T109/><D124/><U1/><E1/><V66/><F66/><W93/><G9/><T30/><D127/><U116/><E116/><V111/><F111/><W41/><G132/><T65/><D109/><U119/><E119/><V25/><F25/><W94/><G54/><T4/><D30/><U113/><E113/><RYUUKYOKU ba="0,1" sc="405,-15,386,15,16,15,183,-15" hai1="5,8,13,43,45,49,81,90,92,95" hai2="16,22,24,44,48,55,83,84,88,89,98,101,107" owari="390,19.0,411,51.1,31,-46.9,168,-23.2" /></mjloggm>