<mjloggm ver="2.3"><GO type="169" lobby="0"/><UN n0="%E4%BA%9C%E6%9C%88" n1="%E3%82%89%E3%81%84%E3%81%B5%E3%81%8C%E3%83%BC%E3%81%A9%E3%81%99%E3%81%8D" n2="%E6%B2%B3%E7%AB%A5%E3%81%AE%E3%83%AF%E3%82%AB%E3%83%9E%E3%83%84" n3="%E4%BF%BA%54%55%45%45%45%45%45" dan="17,17,17,17" rate="2184.50,2087.47,2208.36,2206.07" sx="M,M,M,M"/><TAIKYOKU oya="0"/><INIT seed="0,0,0,2,1,117" ten="250,250,250,250" oya="0" hai0="102,80,100,49,67,73,84,6,95,81,132,128,92" hai1="78,16,133,106,24,113,21,134,79,0,39,86,115" hai2="28,83,3,77,31,75,130,74,82,87,64,104,40" hai3="122,103,15,124,1,112,114,38,105,10,135,68,13"/><T7/><D128/><U85/><E39/><V25/><F104/><W99/><G135/><N who="1" m="51722" /><E0/><V72/><F3/><W22/><G124/><T107/><D132/><U42/><E42/><V97/><F130/><W98/><G38/><T14/><D107/><U129/><E106/><V19/><F40/><W47/><G68/><T55/><D67/><U57/><E57/><V20/><F97/><W131/><G131/><T90/><D73/><U27/><E27/><V26/><F64/><W88/><G47/><T44/><D81/><N who="1" m="47287" /><E129/><V123/><F19/><W63/><G63/><T125/><D125/><U37/><E37/><V45/><F45/><W34/><G34/><T11/><REACH who="0" step="1"/><D6/><REACH who="0" ten="240,250,250,250" step="2"/><U5/><E5/><V89/><REACH who="2" step="1"/><F123/><REACH who="2" ten="240,250,240,250" step="2"/><W18/><G122/><T46/><D46/><U35/><E115/><V101/><F101/><AGARI ba="0,2" hai="7,11,14,44,49,55,80,84,90,92,95,100,101,102" machi="101" ten="40,3900,0" yaku="1,1,8,1,53,0" doraHai="117" doraHaiUra="52" who="0" fromWho="2" sc="240,59,250,0,240,-39,250,0" /><INIT seed="0,1,0,2,0,97" ten="299,250,201,250" oya="0" hai0="87,58,119,82,120,61,12,95,126,7,91,122,41" hai1="18,90,24,14,31,71,30,102,42,93,106,98,128" hai2="34,27,101,15,70,4,1,35,39,26,116,22,3" hai3="9,68,49,8,77,109,74,100,112,33,16,64,63"/><T103/><D119/><U29/><E128/><V89/><F70/><W67/><G112/><T59/><D126/><U76/><E71/><V72/><F39/><W48/><G33/><N who="2" m="12297" /><F101/><W19/><G109/><T54/><D41/><U28/><E42/><V131/><F89/><W118/><G118/><T56/><D122/><U46/><E46/><V11/><F72/><W62/><G74/><T81/><D120/><U107/><E76/><V113/><F116/><W125/><G77/><T117/><D117/><U85/><E24/><N who="2" m="9259" /><F113/><W127/><G68/><T69/><D69/><U36/><N who="1" m="7168" /><DORA hai="130" /><U135/><E135/><V96/><F96/><W111/><G111/><T47/><D47/><U99/><E36/><V108/><F108/><W121/><G121/><T45/><D45/><U94/><REACH who="1" step="1"/><E99/><REACH who="1" ten="299,240,201,250" step="2"/><V133/><F131/><W13/><G127/><T86/><D59/><U40/><E40/><V65/><F133/><W2/><G125/><T83/><D58/><U78/><E78/><V132/><F132/><W51/><G67/><T115/><D115/><U53/><E53/><V55/><F55/><W114/><G64/><T134/><D134/><U0/><E0/><N who="2" m="391" /><F65/><W32/><G32/><T84/><D54/><U79/><E79/><V73/><F73/><W21/><G114/><T5/><D56/><U129/><E129/><V17/><AGARI ba="1,1" hai="1,3,15,17,22" m="391,9259,12297" machi="17" ten="30,8000,1" yaku="35,5" doraHai="97,130" who="2" fromWho="2" sc="299,-41,240,-21,201,93,250,-21" /><INIT seed="1,0,0,1,2,20" ten="258,219,294,229" oya="1" hai0="71,98,121,132,106,74,26,129,48,101,85,128,15" hai1="7,46,53,68,127,82,83,118,103,38,92,77,70" hai2="30,84,119,111,90,3,25,61,63,115,13,57,50" hai3="75,14,135,105,19,60,108,109,33,116,45,93,32"/><U104/><E118/><V66/><F119/><W67/><G105/><T52/><D74/><U21/><E104/><V17/><F3/><W23/><G116/><T65/><D132/><U88/><E103/><V131/><F111/><N who="3" m="42571" /><G135/><T114/><D114/><U49/><E127/><V62/><F50/><W36/><G75/><T55/><D121/><U24/><E7/><V54/><F131/><N who="0" m="50250" /><D15/><U89/><E38/><V27/><F115/><W125/><G93/><T69/><D85/><U99/><E89/><V64/><F30/><W47/><G125/><T1/><D1/><U5/><E5/><V110/><F110/><W81/><G81/><T39/><D39/><U31/><REACH who="1" step="1"/><E83/><REACH who="1" ten="258,209,294,229" step="2"/><N who="2" m="49439" /><F66/><W72/><G36/><T34/><D65/><U56/><E56/><N who="2" m="34967" /><F63/><W126/><G126/><T43/><D69/><U28/><E28/><V117/><F117/><W18/><G60/><T124/><D71/><U123/><E123/><V51/><F51/><W8/><G67/><T22/><D124/><U97/><E97/><V96/><F96/><W73/><G47/><N who="0" m="25727" /><D34/><U44/><E44/><V94/><F94/><W130/><G45/><T134/><D134/><U6/><E6/><V37/><F37/><W86/><G130/><T35/><D35/><U95/><E95/><V40/><F40/><W112/><G33/><T76/><D76/><U2/><E2/><V79/><F79/><W107/><G32/><T113/><D113/><U59/><E59/><V16/><F17/><AGARI ba="0,1" hai="17,22,26,52,55,98,101,106" m="25727,50250" machi="17" ten="30,3900,0" yaku="19,1,52,1,54,1" doraHai="20" who="0" fromWho="2" sc="258,49,209,0,294,-39,229,0" /><INIT seed="2,0,0,4,5,126" ten="307,209,255,229" oya="2" hai0="40,73,91,121,98,129,23,5,21,36,90,130,37" hai1="94,50,124,41,101,115,107,6,10,88,14,32,4" hai2="15,13,93,69,131,20,17,0,133,43,55,46,83" hai3="49,30,135,28,102,24,125,60,111,18,112,25,63"/><V100/><F0/><W122/><G122/><T44/><D73/><U47/><E115/><V67/><F133/><W79/><G125/><T103/><D121/><U33/><E124/><V7/><F55/><W119/><G119/><T59/><D5/><U56/><E6/><V39/><F83/><W68/><G135/><T110/><D110/><U127/><E127/><V35/><F35/><W1/><G1/><T19/><D59/><U89/><E107/><V22/><F131/><N who="0" m="50186" /><D37/><U29/><E29/><V92/><F100/><W75/><G28/><T106/><D23/><U99/><E33/><V120/><F120/><W38/><G38/><T109/><D109/><U80/><E32/><V61/><REACH who="2" step="1"/><F22/><REACH who="2" ten="307,209,245,229" step="2"/><W104/><G111/><T66/><D66/><U65/><E80/><V113/><F113/><W77/><G112/><T97/><D97/><U114/><E114/><V85/><F85/><W78/><G75/><T76/><D76/><U16/><E4/><V58/><F58/><W72/><G72/><T128/><D128/><U34/><E34/><V95/><F95/><W9/><G78/><T54/><D54/><U53/><REACH who="1" step="1"/><E65/><REACH who="1" ten="307,199,245,229" step="2"/><V51/><F51/><AGARI ba="0,2" hai="10,14,16,41,47,50,51,53,56,88,89,94,99,101" machi="51" ten="30,12000,2" yaku="1,1,2,1,7,1,8,1,54,2,53,0" doraHai="126" doraHaiUra="105" who="1" fromWho="2" sc="307,0,199,140,245,-120,229,0" /><INIT seed="3,0,0,3,0,11" ten="307,339,125,229" oya="3" hai0="33,74,116,26,102,15,48,121,43,88,98,20,84" hai1="19,134,127,13,53,135,64,66,123,68,128,108,91" hai2="60,58,81,80,17,122,104,57,44,36,50,69,12" hai3="113,125,67,9,25,37,132,7,55,40,46,130,119"/><W61/><G113/><T131/><D116/><U62/><E123/><V114/><F104/><W133/><G119/><T16/><D121/><U106/><E106/><V51/><F114/><W71/><G25/><T10/><D74/><U93/><E108/><V100/><F100/><W97/><G97/><T8/><D33/><U63/><E127/><V14/><F36/><W6/><G125/><T111/><D131/><U31/><E31/><V18/><F60/><W38/><G38/><T109/><D109/><U110/><E53/><V35/><F35/><W76/><G130/><T56/><D111/><U103/><E103/><V2/><F44/><W23/><G23/><T0/><D0/><U34/><E34/><V47/><F47/><W115/><G115/><T70/><D70/><U77/><E77/><V89/><F89/><W95/><G95/><N who="0" m="58719" /><D26/><U4/><E4/><V112/><F112/><W129/><G129/><T92/><D43/><U99/><E110/><V45/><F45/><W73/><G55/><AGARI ba="0,0" hai="8,10,15,16,20,48,55,56,84,88,92" m="58719" machi="55" ten="30,8000,1" yaku="25,1,8,1,52,1,54,2" doraHai="11" who="0" fromWho="3" sc="307,80,339,0,125,0,229,-80" /><INIT seed="4,0,0,0,2,103" ten="387,339,125,149" oya="0" hai0="110,27,5,40,68,99,124,72,73,129,20,1,97" hai1="53,86,96,87,91,26,101,21,25,85,37,62,67" hai2="70,71,6,48,16,109,118,54,9,24,44,49,12" hai3="88,102,7,130,61,135,92,107,98,43,59,80,105"/><T113/><D113/><U13/><E37/><V115/><F109/><W116/><G116/><T131/><D68/><U63/><E53/><V126/><F115/><W56/><G130/><T122/><D40/><U74/><E74/><V84/><F118/><W17/><G135/><T120/><D5/><U0/><E0/><V30/><F126/><W42/><G7/><T46/><D1/><U15/><E91/><V121/><F121/><W52/><G17/><T100/><D46/><U58/><E63/><V108/><F108/><W65/><G80/><T114/><D20/><U117/><E26/><V112/><F112/><W127/><G127/><T29/><D27/><U104/><REACH who="1" step="1"/><E117/><REACH who="1" ten="387,329,125,149" step="2"/><V50/><F49/><W14/><G14/><T77/><D124/><U93/><E93/><V95/><F50/><W125/><G125/><T8/><D72/><U69/><E69/><V133/><F133/><W106/><REACH who="3" step="1"/><G102/><REACH who="3" ten="387,329,125,139" step="2"/><T28/><D100/><U23/><E23/><V38/><F12/><W45/><G45/><T35/><D131/><U89/><E89/><V82/><F44/><W41/><G41/><T31/><D129/><U94/><E94/><V33/><F95/><W79/><G79/><T47/><D77/><U60/><E60/><AGARI ba="0,2" hai="42,43,52,56,59,60,61,65,88,92,98,105,106,107" machi="60" ten="40,12000,2" yaku="1,1,52,3,54,2,53,0" doraHai="103" doraHaiUra="22" who="3" fromWho="1" sc="387,0,329,-120,125,0,139,140" /><INIT seed="5,0,0,2,3,15" ten="387,209,125,279" oya="1" hai0="51,131,130,54,91,2,97,14,9,50,11,0,77" hai1="5,112,13,101,22,111,88,58,20,34,121,98,87" hai2="128,6,71,68,84,83,119,37,17,29,129,86,41" hai3="49,109,48,52,105,124,125,10,65,31,62,32,120"/><U8/><E121/><V132/><F29/><W66/><G109/><T23/><D77/><U33/><E112/><V42/><F6/><W75/><G120/><T89/><D23/><U30/><E111/><V82/><F37/><W44/><G75/><T106/><D106/><U63/><E34/><V56/><F56/><W104/><G10/><T79/><D79/><U134/><E134/><V92/><F92/><W73/><G73/><T123/><D123/><U94/><E30/><V108/><F108/><W72/><G72/><T43/><D43/><U113/><E33/><V102/><F102/><W118/><G118/><T24/><D24/><U74/><E74/><V114/><F114/><W69/><G65/><T18/><D97/><U96/><E96/><V117/><REACH who="2" step="1"/><F132/><REACH who="2" ten="387,209,115,279" step="2"/><W26/><G49/><T61/><D51/><U7/><E7/><V95/><F95/><W36/><G36/><T59/><D50/><U80/><REACH who="1" step="1"/><E113/><REACH who="1" ten="387,199,115,279" step="2"/><V55/><F55/><AGARI ba="0,2" hai="5,8,13,20,22,55,58,63,80,87,88,94,98,101" machi="55" ten="30,18000,2" yaku="1,1,2,1,7,1,8,1,54,1,53,1" doraHai="15" doraHaiUra="78" who="1" fromWho="2" sc="387,0,199,200,115,-180,279,0" owari="387,18.7,399,49.9,-65,-56.5,279,-12.1" /></mjloggm>