<mjloggm ver="2.3"><GO type="169" lobby="0"/><UN n0="%E3%80%8E%E3%83%A8%E3%82%B9%E3%82%AC%E3%83%8E%E3%82%BD%E3%83%A9%E3%80%8F" n1="%E2%97%8E%E3%82%88%E3%81%97%E2%97%8E" n2="%70%6F%6E%2D%65%6E" n3="%E3%83%A9%E3%83%A0%E3%83%9E%E3%82%B8%E5%A4%A9%E4%BD%BF" dan="17,17,16,17" rate="2171.52,2179.65,2148.15,2133.46" sx="M,M,F,M"/><TAIKYOKU oya="0"/><INIT seed="0,0,0,2,3,59" ten="250,250,250,250" oya="0" hai0="83,87,48,9,85,17,34,111,44,19,128,73,39" hai1="69,89,93,18,46,0,84,12,110,112,47,30,35" hai2="94,92,108,7,16,56,45,51,67,114,96,32,86" hai3="70,126,57,28,5,27,33,79,10,40,78,13,113"/><T60/><D39/><U105/><E105/><V52/><F108/><W43/><G113/><T76/><D34/><U107/><E107/><V62/><F114/><W120/><G126/><T15/><D128/><U71/><E110/><V132/><F132/><W2/><G70/><T49/><D111/><U118/><E0/><V130/><F130/><W102/><G120/><T41/><D48/><U99/><E118/><V38/><F32/><W127/><G127/><T95/><D95/><U123/><E123/><V100/><F7/><W77/><G102/><T82/><D17/><U68/><E112/><V31/><F31/><W65/><REACH who="3" step="1"/><G2/><REACH who="3" ten="250,250,250,240" step="2"/><T21/><D73/><U103/><E71/><V11/><F38/><W122/><G122/><T117/><D117/><U25/><E69/><V37/><F37/><W42/><G42/><T63/><REACH who="0" step="1"/><D9/><REACH who="0" ten="240,250,250,240" step="2"/><U134/><E134/><V106/><REACH who="2" step="1"/><F86/><REACH who="2" ten="240,250,240,240" step="2"/><W135/><G135/><T121/><D121/><U90/><E84/><V72/><F72/><W23/><G23/><T50/><D50/><U133/><E133/><V36/><F36/><W116/><G116/><T61/><D61/><AGARI ba="0,3" hai="5,10,13,27,28,33,40,43,57,61,65,77,78,79" machi="61" ten="40,5200,0" yaku="1,1,52,1,53,1" doraHai="59" doraHaiUra="55" who="3" fromWho="0" sc="240,-52,250,0,240,0,240,82" /><INIT seed="1,0,0,2,2,59" ten="188,250,240,322" oya="1" hai0="83,48,32,111,110,76,94,27,77,133,99,33,9" hai1="87,67,49,79,101,53,135,117,15,29,130,23,108" hai2="0,39,5,127,131,84,95,90,68,105,78,41,69" hai3="19,71,121,31,42,75,14,102,112,55,17,129,125"/><U123/><E117/><V34/><F127/><W40/><G121/><T80/><D133/><U30/><E123/><V24/><F131/><W50/><G112/><T36/><D36/><U65/><E101/><V119/><F119/><W6/><G125/><T60/><D9/><U66/><E130/><V114/><F114/><W106/><G71/><T35/><D27/><U85/><E135/><V73/><F105/><W61/><G75/><T16/><D48/><U43/><E43/><V118/><F118/><W74/><G74/><T52/><D16/><N who="1" m="10655" /><E108/><N who="0" m="41513" /><D77/><U12/><E12/><V1/><F1/><W72/><G129/><T46/><D76/><U11/><E11/><V107/><F24/><W64/><G72/><T3/><D3/><U26/><E79/><V82/><F34/><N who="0" m="8706" /><T124/><DORA hai="96" /><D124/><U13/><E13/><V115/><F115/><W70/><G6/><T58/><D46/><N who="1" m="27831" /><E26/><V22/><F22/><W104/><G17/><T62/><D62/><U97/><E97/><V47/><REACH who="2" step="1"/><F107/><REACH who="2" ten="188,250,230,322" step="2"/><W132/><G106/><T2/><D2/><U116/><E116/><V63/><F63/><W88/><G104/><T81/><D81/><U10/><E10/><AGARI ba="0,1" hai="0,5,10,39,41,47,68,69,73,78,82,84,90,95" machi="10" ten="40,5200,0" yaku="1,1,25,2,53,0" doraHai="59,96" doraHaiUra="92,120" who="2" fromWho="1" sc="188,0,250,-52,230,62,322,0" /><INIT seed="2,0,0,1,4,56" ten="188,198,292,322" oya="2" hai0="14,10,47,86,41,97,46,44,81,68,33,115,57" hai1="103,3,109,2,106,53,112,37,91,62,108,82,11" hai2="24,104,133,13,7,40,135,51,90,130,32,39,89" hai3="72,35,50,34,87,12,15,67,126,9,101,61,45"/><V117/><F117/><W49/><G72/><T131/><D115/><U1/><E112/><V78/><F39/><W5/><G126/><T64/><D33/><U54/><E37/><V121/><F104/><W128/><G128/><T79/><D68/><U80/><E103/><V21/><F121/><W83/><G12/><T110/><D131/><U94/><E106/><V100/><F100/><W119/><G101/><T31/><D110/><N who="1" m="42603" /><E11/><V69/><F69/><W111/><G111/><T65/><D31/><U42/><E42/><V73/><F130/><W75/><G75/><T99/><D41/><U43/><E43/><V60/><F78/><W19/><G5/><T96/><REACH who="0" step="1"/><D57/><REACH who="0" ten="178,198,292,322" step="2"/><N who="1" m="35119" /><E54/><V16/><F40/><W124/><G34/><T55/><D55/><U18/><E18/><AGARI ba="0,1" hai="10,14,18,44,46,47,64,65,79,81,86,96,97,99" machi="18" ten="40,2600,0" yaku="1,1,8,1,53,0" doraHai="56" doraHaiUra="25" who="0" fromWho="1" sc="178,36,198,-26,292,0,322,0" /><INIT seed="3,0,0,5,4,78" ten="214,172,292,322" oya="3" hai0="27,60,118,21,35,121,25,38,104,73,42,18,9" hai1="76,74,1,47,87,32,52,45,112,130,46,89,133" hai2="41,122,39,114,126,23,24,71,95,50,113,115,59" hai3="43,117,61,93,107,20,64,80,66,128,7,33,101"/><W100/><G117/><T26/><D118/><U108/><E112/><V55/><F126/><W53/><G33/><T69/><D121/><U37/><E32/><V16/><F122/><W90/><G128/><T102/><D73/><U49/><E130/><V8/><F71/><W105/><G43/><T83/><D9/><U54/><E1/><V5/><F95/><W124/><G124/><T14/><D38/><U103/><E108/><V63/><F39/><W13/><G53/><T10/><D42/><U28/><E28/><V62/><REACH who="2" step="1"/><F41/><REACH who="2" ten="214,172,282,322" step="2"/><W51/><G107/><T106/><D106/><U94/><E37/><V127/><F127/><W88/><G105/><T58/><D104/><U75/><E94/><V34/><F34/><W125/><G125/><T84/><D69/><U109/><E109/><V15/><AGARI ba="0,1" hai="5,8,15,16,23,24,50,55,59,62,63,113,114,115" machi="15" ten="30,7900,0" yaku="1,1,0,1,54,1,53,1" doraHai="78" doraHaiUra="44" who="2" fromWho="2" sc="214,-20,172,-20,282,89,322,-39" /><INIT seed="4,0,0,4,2,81" ten="194,152,371,283" oya="0" hai0="65,106,31,53,100,125,68,117,56,85,108,131,27" hai1="47,62,64,19,78,123,112,80,54,82,22,58,96" hai2="109,35,71,86,132,121,2,88,0,17,44,13,73" hai3="6,83,48,101,29,134,46,61,60,33,34,135,84"/><T118/><D131/><U30/><E123/><V92/><F35/><W21/><G101/><T3/><D3/><U130/><E130/><V94/><F121/><W114/><G114/><T129/><D129/><U128/><E128/><V75/><F109/><W91/><G6/><T69/><D125/><U102/><E30/><V120/><F120/><W74/><G74/><T99/><D108/><U45/><E112/><V87/><F71/><W18/><G29/><T9/><D9/><U25/><E64/><V95/><F132/><N who="3" m="50731" /><G33/><N who="0" m="20735" /><D85/><U50/><E80/><V122/><F122/><W127/><G34/><T79/><D79/><U55/><E55/><V57/><F75/><W41/><G127/><T51/><D68/><U110/><E110/><V115/><F73/><W38/><G38/><T66/><D66/><U12/><E25/><AGARI ba="0,0" hai="18,21,25,41,46,48,60,61,83,84,91" m="50731" machi="25" ten="30,2000,0" yaku="20,1,52,1" doraHai="81" who="3" fromWho="1" sc="194,0,152,-20,371,0,283,20" /><INIT seed="5,0,0,4,2,42" ten="194,132,371,303" oya="1" hai0="41,49,8,81,107,82,10,114,13,124,45,29,75" hai1="128,69,85,101,0,97,122,77,135,118,14,96,37" hai2="73,44,108,24,46,22,121,88,15,53,106,40,26" hai3="43,119,131,78,35,104,100,17,111,54,76,115,66"/><U102/><E0/><V110/><F121/><W134/><G43/><T125/><D107/><N who="1" m="63911" /><E37/><V28/><F106/><W1/><G66/><T94/><D114/><U62/><E69/><V2/><F2/><W87/><G54/><T30/><D8/><U33/><E33/><V20/><F73/><W11/><G17/><T133/><D133/><U112/><E122/><V130/><F130/><W32/><G11/><T120/><D120/><U126/><E118/><V19/><F88/><W57/><G57/><T58/><D58/><U70/><E128/><V56/><F15/><W105/><G87/><T60/><D60/><U61/><E70/><V47/><REACH who="2" step="1"/><F40/><REACH who="2" ten="194,132,361,303" step="2"/><W51/><G1/><T132/><D41/><U84/><E14/><V59/><F59/><W12/><G105/><T55/><D13/><U91/><E135/><V5/><F5/><W80/><G104/><T27/><D132/><U113/><E126/><V83/><F83/><W65/><G12/><T71/><D124/><U68/><E68/><V63/><AGARI ba="0,1" hai="19,20,22,24,26,28,44,46,47,53,56,63,108,110" machi="63" ten="30,8000,1" yaku="1,1,0,1,52,3,53,0" doraHai="42" doraHaiUra="4" who="2" fromWho="2" sc="194,-20,132,-40,361,90,303,-20" /><INIT seed="6,0,0,3,0,107" ten="174,92,451,283" oya="2" hai0="72,15,68,123,50,122,23,108,79,13,66,121,55" hai1="88,42,36,125,1,131,78,130,97,52,69,20,120" hai2="86,80,24,28,6,83,56,4,95,128,3,29,76" hai3="12,93,100,129,0,102,91,18,45,39,19,98,105"/><V63/><F128/><N who="1" m="49193" /><E69/><V8/><F4/><W33/><G129/><T61/><D108/><U117/><E117/><V10/><F10/><W62/><G0/><T126/><D126/><U48/><E1/><V40/><F40/><W30/><G39/><T73/><D79/><U71/><E71/><V124/><F124/><W22/><G45/><T64/><D64/><U115/><E125/><V81/><F95/><W17/><G62/><T37/><D37/><U99/><E42/><V70/><F70/><W92/><G105/><T84/><D84/><U74/><E36/><V16/><F16/><N who="3" m="6251" /><G33/><T9/><D23/><U113/><E20/><V94/><F94/><N who="3" m="56671" /><G30/><T59/><REACH who="0" step="1"/><D9/><REACH who="0" ten="164,92,451,283" step="2"/><U31/><E120/><V135/><F86/><W14/><G102/><T112/><D112/><N who="1" m="43083" /><E31/><V2/><F29/><W57/><G100/><T119/><D119/><U87/><E78/><V26/><F76/><W89/><G89/><T85/><D85/><U44/><E74/><AGARI ba="0,1" hai="13,15,50,55,59,61,66,68,72,73,74,121,122,123" machi="74" ten="50,12000,2" yaku="1,1,52,3,53,3" doraHai="107" doraHaiUra="118" who="0" fromWho="1" sc="164,130,92,-120,451,0,283,0" owari="294,9.4,-28,-52.8,451,55.1,283,-11.7" /></mjloggm>