<mjloggm ver="2.3"><GO type="225" lobby="0"/><UN n0="%E3%82%A2%E3%83%9E%E3%83%9D%EF%BD%9E%EF%BD%9E%E3%83%A9" n1="%E3%81%AF%E3%82%88%E3%81%8A%E3%81%98%E3%81%95%E3%82%93" n2="%6E%69%63%6F%6E%74%6F" n3="%E7%B4%94%E6%BD%94%E3%83%94%E3%83%A9%E3%83%8B%E3%82%A2" dan="17,16,16,16" rate="2132.26,2163.79,2146.61,2135.37" sx="M,M,M,M"/><TAIKYOKU oya="0"/><INIT seed="0,0,0,5,4,98" ten="250,250,250,250" oya="0" hai0="32,65,2,4,10,43,102,89,97,50,134,55,87" hai1="104,114,96,20,110,44,68,56,119,19,53,22,26" hai2="112,37,74,29,125,91,128,1,11,77,99,93,85" hai3="88,126,131,33,86,120,118,23,73,60,52,5,46"/><T47/><D134/><U121/><E68/><V12/><F112/><W103/><G118/><T30/><D65/><U35/><E35/><V106/><F37/><W90/><G33/><T34/><D30/><U66/><E119/><V59/><F1/><W39/><G73/><T8/><D8/><U49/><E121/><V14/><F29/><W108/><G120/><T117/><D117/><U63/><E110/><V71/><F71/><W133/><G108/><T51/><D89/><U17/><E114/><V40/><F40/><W109/><G109/><T58/><REACH who="0" step="1"/><D87/><REACH who="0" ten="240,250,250,250" step="2"/><U76/><E76/><V69/><F85/><W132/><G90/><T64/><D64/><U100/><E22/><V42/><F91/><W116/><G23/><T82/><D82/><U67/><E66/><V3/><F77/><W13/><G116/><T107/><AGARI ba="0,1" hai="2,4,10,32,34,43,47,50,51,55,58,97,102,107" machi="107" ten="20,7800,0" yaku="1,1,0,1,7,1,52,1,53,0" doraHai="98" doraHaiUra="115" who="0" fromWho="0" sc="240,88,250,-26,250,-26,250,-26" /><INIT seed="0,1,0,4,1,80" ten="328,224,224,224" oya="0" hai0="120,106,68,42,5,37,119,69,13,108,20,48,52" hai1="105,56,94,0,132,73,95,65,84,55,57,101,72" hai2="19,27,103,49,86,58,135,32,54,79,75,36,8" hai3="118,29,88,53,59,87,24,110,23,121,18,50,2"/><T63/><D119/><U62/><E0/><V44/><F135/><W102/><G118/><T134/><D120/><U38/><E38/><V22/><F75/><W28/><G121/><T124/><D106/><U11/><E132/><V40/><F103/><W33/><G110/><T133/><D108/><U127/><E127/><V26/><F8/><W81/><G2/><T34/><D34/><U70/><E105/><V76/><F32/><W129/><G129/><T114/><D69/><U6/><E70/><V89/><REACH who="2" step="1"/><F27/><REACH who="2" ten="328,224,214,224" step="2"/><W130/><G130/><T39/><D134/><U125/><E125/><V60/><F60/><W41/><G33/><T123/><D63/><U85/><E73/><V112/><F112/><W67/><G102/><T126/><D114/><U31/><E72/><V71/><F71/><W7/><G7/><T109/><D68/><U51/><E101/><V107/><F107/><W104/><G104/><T82/><D5/><U117/><E117/><V15/><F15/><W12/><G67/><T97/><D133/><U92/><E31/><V61/><F61/><W4/><G41/><T115/><D42/><U78/><E78/><V16/><F16/><W30/><G4/><T77/><D115/><U83/><E11/><V9/><F9/><W93/><G24/><T113/><D113/><U10/><E10/><V91/><F91/><W99/><G30/><T25/><D126/><U3/><E3/><V90/><F90/><W111/><G111/><T43/><D124/><U96/><E6/><V66/><F66/><W122/><G122/><T21/><D123/><U47/><E65/><RYUUKYOKU ba="1,1" sc="328,-15,224,-15,214,15,224,15" hai2="19,22,26,36,40,44,49,54,58,76,79,86,89" hai3="12,18,23,28,29,50,53,59,81,87,88,93,99" /><INIT seed="1,2,1,2,0,36" ten="313,209,229,239" oya="1" hai0="58,127,2,55,44,111,40,93,26,102,103,116,131" hai1="39,60,133,32,52,48,49,84,73,56,74,38,30" hai2="135,115,16,126,79,28,130,53,125,80,123,118,67" hai3="100,31,62,124,65,6,106,129,92,41,46,75,3"/><U77/><E39/><V122/><F118/><W97/><G75/><T17/><D2/><U71/><E38/><V91/><F28/><W5/><G124/><N who="2" m="47721" /><F115/><W50/><G129/><T4/><D4/><U63/><E133/><V12/><F130/><W88/><G31/><T114/><D111/><U110/><E110/><V69/><F135/><W72/><G72/><T14/><D26/><U117/><E117/><V86/><F53/><W109/><G3/><T54/><D54/><U9/><E74/><N who="2" m="43127" /><F67/><W22/><G22/><T134/><D55/><U132/><E73/><V101/><F101/><W42/><G41/><T112/><D40/><U33/><E132/><V1/><F1/><W27/><G27/><T18/><D131/><U87/><E30/><V11/><F69/><W78/><G78/><T95/><D116/><U37/><E37/><V24/><F24/><W34/><G34/><T108/><D114/><U107/><E107/><V81/><AGARI ba="2,1" hai="11,12,16,81,86,91,122,123" m="43127,47721" machi="81" ten="30,2000,0" yaku="18,1,54,1" doraHai="36" who="2" fromWho="2" sc="313,-7,209,-12,229,36,239,-7" /><INIT seed="2,0,0,1,4,106" ten="306,197,265,232" oya="2" hai0="125,135,117,83,17,31,13,26,30,58,67,32,85" hai1="36,75,57,62,64,112,68,9,88,33,120,133,115" hai2="99,43,54,104,45,10,60,66,65,56,7,42,122" hai3="11,41,79,96,50,77,109,37,12,25,119,47,1"/><V15/><F122/><W40/><G119/><T86/><D125/><U84/><E33/><V72/><F72/><W97/><G109/><T124/><D124/><U61/><E36/><V78/><F78/><W24/><G1/><T5/><D135/><U49/><E133/><V81/><F81/><W14/><G37/><T51/><D86/><U59/><E120/><V19/><F43/><W116/><G116/><T131/><D131/><U74/><E9/><V113/><F113/><W127/><G127/><T23/><D117/><U129/><E129/><V28/><F28/><W90/><G50/><T128/><D128/><U80/><E112/><V114/><F114/><W130/><G130/><T48/><D5/><U121/><E121/><V3/><F99/><W91/><REACH who="3" step="1"/><G11/><REACH who="3" ten="306,197,265,222" step="2"/><T29/><D51/><U73/><E115/><V22/><REACH who="2" step="1"/><F104/><REACH who="2" ten="306,197,255,222" step="2"/><W44/><AGARI ba="0,2" hai="12,14,24,25,40,41,44,47,77,79,90,91,96,97" machi="44" ten="25,12000,2" yaku="1,1,2,1,0,1,22,2,8,1,53,0" doraHai="106" doraHaiUra="4" who="3" fromWho="3" sc="306,-30,197,-30,255,-60,222,140" /><INIT seed="3,0,0,0,0,0" ten="276,167,195,362" oya="3" hai0="107,35,21,10,85,64,116,91,23,109,127,60,130" hai1="53,39,55,42,95,104,26,14,33,24,135,67,92" hai2="101,100,20,132,18,6,32,37,45,12,9,1,72" hai3="62,79,52,94,49,131,22,123,80,5,93,44,124"/><W57/><G123/><T4/><D35/><U128/><E104/><V125/><F125/><W134/><G124/><T99/><D109/><U68/><E33/><V96/><F132/><W84/><G134/><T110/><D110/><U51/><E135/><V36/><F72/><W77/><G131/><T46/><D116/><U82/><E128/><V75/><F75/><W15/><G77/><T121/><D121/><U47/><E55/><V29/><F45/><W102/><G102/><N who="2" m="39529" /><F96/><W90/><G90/><T89/><D107/><U86/><E14/><V118/><F118/><W108/><G108/><T120/><D46/><U76/><E24/><AGARI ba="0,0" hai="1,6,9,12,18,20,24,29,32,36,37" m="39529" machi="24" ten="30,2000,0" yaku="24,1,52,1" doraHai="0" who="2" fromWho="1" sc="276,0,167,-20,195,20,362,0" owari="276,7.6,147,-35.3,215,-18.5,362,46.2" /></mjloggm>