<mjloggm ver="2.3"><GO type="169" lobby="0"/><UN n0="%E8%AA%B2%E9%95%B7%E8%A6%96%E9%87%8E%E7%8B%AD%E7%AA%84" n1="%E7%9C%9F%E9%BE%8D%E5%85%84%E8%B2%B4" n2="%E8%80%81%E6%A5%BD" n3="%73%61%6E%64%69%72%69%73" dan="16,16,17,17" rate="2170.45,2033.49,2191.43,2234.95" sx="M,M,M,M"/><TAIKYOKU oya="0"/><INIT seed="0,0,0,4,0,46" ten="250,250,250,250" oya="0" hai0="70,128,18,1,22,30,110,62,17,31,15,10,50" hai1="63,100,37,45,53,111,20,52,73,23,104,77,5" hai2="81,75,65,103,74,55,98,96,112,88,25,6,78" hai3="115,117,86,72,130,109,79,26,85,131,4,132,68"/><T105/><D105/><U8/><E111/><V69/><F112/><W27/><G68/><T125/><D110/><U76/><E100/><V133/><F133/><W129/><G109/><T19/><D128/><U2/><E104/><V14/><F74/><W28/><G115/><T44/><D125/><U94/><E94/><V11/><F65/><W35/><G117/><T119/><D119/><U121/><E121/><V34/><F69/><W58/><G132/><T21/><D1/><U120/><E120/><V90/><F55/><W91/><G4/><T43/><D70/><U41/><E76/><V49/><F49/><W102/><G102/><T107/><D107/><U89/><E89/><V106/><REACH who="2" step="1"/><F96/><REACH who="2" ten="250,250,240,250" step="2"/><W12/><G72/><T134/><D134/><U118/><E118/><V84/><F84/><W92/><G86/><T124/><D62/><U16/><E63/><V57/><F57/><W61/><G58/><T40/><D124/><U7/><E7/><V87/><F87/><W33/><G61/><T48/><D48/><U38/><E38/><V135/><F135/><W116/><G116/><T9/><D43/><U114/><E114/><V32/><F32/><W93/><G79/><T108/><D108/><U123/><E123/><V126/><F126/><W24/><G35/><T42/><D42/><U127/><E127/><V101/><F101/><W39/><G39/><T122/><D122/><U36/><E36/><V59/><F59/><W60/><G60/><T80/><D40/><U54/><E77/><V99/><F99/><W64/><G131/><T47/><D50/><U97/><E37/><RYUUKYOKU ba="0,1" sc="250,-10,250,-10,240,30,250,-10" hai2="6,11,14,25,34,75,78,81,88,90,98,103,106" /><INIT seed="1,1,1,5,2,122" ten="240,240,270,240" oya="1" hai0="25,50,56,19,120,104,118,3,18,102,80,94,28" hai1="75,115,133,87,8,99,7,61,14,22,81,119,58" hai2="6,39,48,114,95,121,103,27,21,1,4,30,51" hai3="71,97,132,92,33,12,62,70,113,108,38,112,31"/><U79/><E133/><V86/><F39/><W82/><G132/><T23/><D118/><U93/><E119/><V128/><F121/><W73/><G38/><T34/><D120/><U65/><E115/><V49/><F128/><W45/><G45/><T101/><D3/><U44/><E44/><V98/><F1/><W9/><G31/><T91/><D104/><U110/><E110/><V16/><F114/><W124/><G108/><T134/><D80/><U64/><E22/><V76/><F76/><W66/><G70/><T53/><D134/><U42/><E42/><V117/><F117/><W52/><G33/><T24/><REACH who="0" step="1"/><D19/><REACH who="0" ten="230,240,270,240" step="2"/><U29/><E75/><V83/><F30/><W57/><G82/><T77/><D77/><U107/><E29/><V69/><F69/><W46/><G73/><T72/><D72/><U84/><E107/><V89/><AGARI ba="1,2" hai="4,6,16,21,27,48,49,51,83,86,89,95,98,103" machi="89" ten="30,4000,0" yaku="0,1,8,1,54,1" doraHai="122" who="2" fromWho="2" sc="230,-11,240,-21,270,63,240,-11" /><INIT seed="2,0,0,5,3,88" ten="219,219,333,229" oya="2" hai0="123,53,59,78,38,92,89,103,100,39,55,14,101" hai1="28,67,23,42,54,48,68,16,112,41,32,35,69" hai2="107,21,115,22,57,128,26,70,17,81,116,131,37" hai3="7,9,113,5,104,76,45,43,120,12,40,27,119"/><V58/><F70/><W31/><G119/><T134/><D123/><U64/><E112/><V126/><F107/><W20/><G120/><T66/><D134/><U19/><E28/><V61/><F37/><W51/><G113/><T73/><D66/><N who="1" m="25131" /><E23/><V47/><F115/><W114/><G114/><T52/><D59/><U4/><E4/><V63/><F47/><W99/><G76/><T85/><REACH who="0" step="1"/><D14/><REACH who="0" ten="209,219,333,229" step="2"/><U62/><E62/><V49/><F61/><W84/><G12/><T110/><D110/><U6/><E68/><V102/><F63/><W82/><G45/><T34/><D34/><U124/><E69/><V1/><F58/><W56/><G56/><T127/><D127/><U105/><E35/><V130/><F126/><W125/><G125/><T10/><D10/><U97/><E32/><V24/><F116/><W86/><G9/><T121/><D121/><U133/><E133/><V15/><F1/><W33/><G33/><T93/><D93/><U46/><E124/><V87/><F57/><W74/><G104/><T90/><D90/><U91/><E105/><V83/><F102/><W30/><G20/><T132/><D132/><U50/><E91/><N who="2" m="51695" /><F83/><AGARI ba="0,1" hai="38,39,52,53,55,73,78,83,85,89,92,100,101,103" machi="83" ten="40,5200,0" yaku="1,1,52,1,54,1,53,0" doraHai="88" doraHaiUra="2" who="0" fromWho="2" sc="209,62,219,0,333,-52,229,0" /><INIT seed="3,0,0,2,5,53" ten="271,219,281,229" oya="3" hai0="79,33,13,46,74,59,21,69,113,89,124,5,15" hai1="7,14,18,77,81,121,119,128,60,93,86,125,45" hai2="68,103,109,88,41,92,54,104,62,99,100,57,35" hai3="34,27,49,9,23,72,78,25,84,95,3,67,129"/><W82/><G129/><T55/><D69/><U134/><E121/><V132/><F35/><W8/><G67/><T4/><D33/><U51/><E128/><V116/><F116/><W117/><G117/><T83/><D124/><U2/><E119/><V20/><F109/><W107/><G107/><T56/><D113/><U29/><E125/><V71/><F132/><W73/><G34/><T75/><D75/><U76/><E134/><V70/><F41/><W80/><G95/><T47/><D89/><U24/><E77/><V37/><F37/><W40/><G27/><T43/><D55/><U87/><E7/><V17/><REACH who="2" step="1"/><F104/><REACH who="2" ten="271,219,271,229" step="2"/><W127/><G127/><T108/><D108/><U120/><E120/><V0/><F0/><W133/><G133/><T115/><D115/><U135/><E2/><V6/><F6/><W12/><G3/><T64/><D5/><U1/><E1/><V26/><AGARI ba="0,1" hai="17,20,26,54,57,62,68,70,71,88,92,99,100,103" machi="26" ten="30,16000,3" yaku="1,1,0,1,25,2,52,1,54,1,53,2" doraHai="53" doraHaiUra="96" who="2" fromWho="2" sc="271,-40,219,-40,271,170,229,-80" /><INIT seed="4,0,0,0,4,76" ten="231,179,441,149" oya="0" hai0="10,81,61,84,72,101,33,115,63,19,56,132,131" hai1="36,103,86,119,128,41,92,8,31,43,4,51,17" hai2="116,34,39,109,1,11,79,25,134,26,15,38,73" hai3="46,90,108,77,98,18,127,13,50,69,62,71,106"/><T135/><D33/><U59/><E119/><V55/><F55/><W105/><G108/><T45/><D72/><U126/><E128/><V121/><F15/><W64/><G127/><T80/><D131/><U2/><E126/><V107/><F25/><W70/><G77/><T87/><D115/><U93/><E31/><V82/><F109/><W114/><G114/><T49/><D101/><U122/><E122/><V3/><F121/><W47/><G47/><T99/><D99/><U111/><E111/><V9/><F9/><W102/><G90/><T67/><D61/><U27/><E36/><V95/><F95/><W65/><G65/><T30/><D30/><U48/><E103/><V94/><F94/><W97/><G97/><T35/><D35/><U40/><E59/><V129/><F129/><W24/><G24/><T85/><D132/><U52/><E51/><V12/><F12/><W42/><REACH who="3" step="1"/><G106/><REACH who="3" ten="231,179,441,139" step="2"/><T37/><D135/><U117/><E27/><V68/><F107/><W44/><G44/><T120/><D120/><U133/><E133/><V54/><F26/><W16/><G16/><T123/><D123/><U89/><E17/><V78/><F134/><W91/><G91/><T74/><D37/><U28/><E28/><V66/><F38/><W60/><G60/><T14/><D74/><U58/><REACH who="1" step="1"/><E117/><REACH who="1" ten="231,169,441,139" step="2"/><V22/><F116/><W29/><G29/><T21/><D49/><U57/><E57/><V83/><F39/><W0/><G0/><T23/><D45/><U130/><E130/><V5/><F1/><W100/><G100/><T20/><AGARI ba="0,2" hai="10,14,19,20,21,23,56,63,67,80,81,84,85,87" machi="20" ten="30,11700,0" yaku="0,1,8,1,52,2" doraHai="76" who="0" fromWho="0" sc="231,137,169,-39,441,-39,139,-39" /><INIT seed="4,1,0,4,4,17" ten="368,130,402,100" oya="0" hai0="54,87,7,77,62,99,131,18,30,14,23,95,32" hai1="49,11,35,40,36,45,118,71,86,66,107,76,64" hai2="16,85,123,133,15,41,28,51,103,78,33,126,128" hai3="50,69,1,38,120,13,127,9,89,70,97,102,67"/><T39/><D131/><U68/><E35/><V27/><F123/><W124/><G38/><T60/><D39/><U93/><E107/><V72/><F128/><W106/><G120/><T83/><D7/><U94/><E118/><V132/><F72/><W22/><G1/><T8/><D32/><U55/><E11/><V134/><F103/><W75/><G75/><T80/><D80/><U73/><E73/><V10/><F126/><N who="3" m="48171" /><G67/><N who="1" m="25642" /><E86/><V82/><F51/><W43/><G89/><N who="0" m="55791" /><D54/><U53/><E93/><V109/><REACH who="2" step="1"/><F41/><REACH who="2" ten="368,130,392,100" step="2"/><W115/><G50/><T0/><D0/><U26/><E36/><V31/><F31/><W2/><G43/><T52/><D30/><U48/><E40/><V81/><F81/><W4/><G115/><T130/><D130/><U21/><E48/><V20/><F20/><W112/><G112/><T37/><D37/><U3/><E21/><V100/><F100/><W5/><G5/><T65/><D23/><U19/><E49/><V113/><F113/><W121/><G121/><T57/><D62/><U34/><E34/><V105/><F105/><W56/><G56/><T42/><D42/><U12/><E68/><V92/><F92/><W44/><G44/><T114/><D114/><U98/><E71/><V25/><F25/><W84/><G84/><T129/><D129/><U24/><E45/><V96/><F96/><W59/><G59/><T29/><D29/><U125/><E125/><V122/><F122/><W110/><G110/><AGARI ba="1,1" hai="10,15,16,27,28,33,78,82,85,109,110,132,133,134" machi="110" ten="40,5200,0" yaku="1,1,20,1,54,1,53,0" doraHai="17" doraHaiUra="119" who="2" fromWho="3" sc="368,0,130,0,392,65,100,-55" /><INIT seed="5,0,0,5,4,29" ten="368,130,457,45" oya="1" hai0="52,91,53,77,121,9,120,132,96,48,24,45,75" hai1="43,87,46,65,47,131,19,109,112,102,88,111,50" hai2="23,83,36,103,58,25,2,107,5,11,30,27,85" hai3="129,28,0,21,105,64,106,80,113,127,6,22,31"/><U86/><E112/><V1/><F36/><W32/><G113/><T130/><D130/><U33/><E131/><V70/><F70/><W114/><G114/><T67/><D132/><U89/><E102/><V14/><F107/><W63/><G129/><T34/><D67/><U40/><E65/><V66/><F103/><W124/><G80/><T35/><D9/><U84/><E19/><V76/><F66/><W100/><G22/><T12/><D12/><U13/><E13/><V135/><F135/><W125/><G21/><T99/><D24/><U10/><E10/><V72/><F58/><W3/><G31/><T49/><D77/><U7/><E7/><V62/><F62/><W71/><G6/><T110/><D75/><U59/><E59/><V55/><F55/><W37/><G37/><T69/><D69/><U79/><E33/><V73/><F73/><W17/><G17/><T4/><D4/><U61/><E61/><V108/><F108/><N who="1" m="41545" /><E79/><V68/><F68/><W117/><G117/><T115/><D110/><U90/><E50/><V26/><F1/><N who="3" m="587" /><G100/><T94/><D115/><U41/><AGARI ba="0,0" hai="40,41,43,46,47,84,86,87,88,89,90" m="41545" machi="41" ten="40,18000,2" yaku="29,2,28,2,10,1,54,1" doraHai="29" who="1" fromWho="1" sc="368,-60,130,180,457,-60,45,-60" owari="308,-9.2,310,11.0,397,49.7,-15,-51.5" /></mjloggm>