<mjloggm ver="2.3"><GO type="169" lobby="0"/><UN n0="%E3%83%A9%E3%83%B3%E3%82%B0%E3%83%A9" n1="%53%6F%6C%69%64" n2="%E3%82%B1%E3%83%AB%E3%83%B4%E3%82%A3%E3%83%B3" n3="%E3%81%A5%E3%81%8B%E5%AD%90" dan="16,17,16,16" rate="2088.29,2173.59,2153.77,2151.37" sx="M,M,M,M"/><TAIKYOKU oya="0"/><INIT seed="0,0,0,1,5,17" ten="250,250,250,250" oya="0" hai0="53,25,85,38,54,90,132,123,94,58,60,65,26" hai1="23,22,107,46,37,7,32,84,74,71,45,49,48" hai2="119,4,40,96,81,5,108,78,127,88,106,93,120" hai3="52,104,33,89,73,35,51,70,28,122,16,103,2"/><T13/><D123/><U66/><E74/><V86/><F120/><W82/><G122/><T64/><D38/><U77/><E32/><V92/><F108/><W131/><G2/><T39/><D39/><U67/><E107/><V50/><F127/><W101/><G70/><T114/><D114/><U75/><E75/><V21/><F119/><W56/><G131/><T116/><D116/><U115/><E115/><V6/><F106/><W63/><G28/><T98/><D132/><U113/><E113/><V128/><F128/><W19/><G33/><T135/><D135/><U47/><E37/><V125/><F125/><W83/><G35/><T129/><D129/><U109/><E109/><V62/><F62/><W30/><G30/><T102/><D53/><U55/><E7/><V42/><F50/><N who="1" m="19561" /><E55/><V126/><F126/><W110/><G110/><T31/><D13/><U134/><E71/><V105/><F105/><W87/><G104/><T0/><D0/><U27/><E27/><V41/><F93/><W80/><G63/><T18/><D18/><N who="3" m="6697" /><G73/><T29/><D29/><U43/><E43/><V69/><F69/><W95/><AGARI ba="0,0" hai="51,52,56,80,82,83,87,89,95,101,103" m="6697" machi="95" ten="30,4000,0" yaku="8,1,54,2" doraHai="17" who="3" fromWho="3" sc="250,-20,250,-10,250,-10,250,40" /><INIT seed="1,0,0,2,1,85" ten="230,240,240,290" oya="1" hai0="109,25,48,122,124,40,127,77,103,44,117,87,5" hai1="113,73,135,80,47,121,0,37,36,69,89,54,27" hai2="75,19,88,1,107,63,111,118,129,33,38,53,105" hai3="100,41,35,130,96,16,98,51,76,99,90,68,4"/><U20/><E113/><V22/><F33/><W86/><G68/><T120/><D5/><U3/><E121/><N who="0" m="46697" /><D103/><U106/><E106/><V115/><F115/><W114/><G114/><T110/><D25/><U126/><E69/><V23/><F1/><W78/><G35/><T42/><D77/><U79/><E126/><N who="0" m="48169" /><D87/><U49/><E135/><V71/><F111/><N who="0" m="42506" /><D117/><U101/><E101/><V56/><F38/><W84/><G4/><T55/><AGARI ba="0,0" hai="40,42,44,48,55" m="42506,48169,46697" machi="55" ten="40,8000,1" yaku="13,1,18,1,14,1,34,2" doraHai="85" who="0" fromWho="0" sc="230,80,240,-40,240,-20,290,-20" /><INIT seed="2,0,0,4,1,73" ten="310,200,220,270" oya="2" hai0="125,131,84,2,93,14,68,18,92,19,32,75,76" hai1="39,10,121,82,51,104,28,66,9,86,129,12,85" hai2="17,63,106,135,81,57,36,65,27,96,87,49,114" hai3="21,6,62,8,122,79,124,128,115,35,3,41,123"/><V72/><F135/><W24/><G41/><T38/><D2/><U99/><E39/><V26/><F114/><W60/><G60/><T132/><D38/><U127/><E127/><V37/><F72/><W71/><G128/><T80/><D68/><U116/><E116/><V54/><F37/><W67/><G115/><T88/><D125/><U134/><E129/><V117/><F36/><W47/><G47/><T5/><D131/><U120/><E134/><V59/><F117/><W119/><G119/><T118/><D118/><U7/><E66/><V46/><F106/><W111/><G124/><T97/><D32/><U105/><E28/><V44/><F96/><W58/><G58/><T42/><D42/><U53/><E10/><V34/><F34/><W100/><G100/><T20/><D132/><U23/><E23/><V95/><F95/><W130/><G130/><T48/><D48/><U0/><E0/><V110/><F110/><W91/><G91/><T33/><D33/><U112/><E112/><V56/><F46/><W45/><G45/><T16/><D5/><U22/><E22/><V113/><F113/><W101/><G101/><AGARI ba="0,0" hai="14,16,18,19,20,75,76,80,84,88,92,93,97,101" machi="101" ten="30,7700,0" yaku="7,1,52,1,54,2" doraHai="73" who="0" fromWho="3" sc="310,77,200,0,220,0,270,-77" /><INIT seed="3,0,0,0,2,107" ten="387,200,220,193" oya="3" hai0="34,39,15,126,96,8,135,64,88,32,65,111,118" hai1="113,56,100,29,67,102,103,35,44,81,94,7,17" hai2="49,101,60,55,36,84,66,38,12,58,50,130,22" hai3="95,83,46,18,77,48,10,134,43,129,4,53,104"/><W19/><G104/><T72/><D118/><U114/><E7/><V105/><F130/><W57/><G134/><T82/><D39/><U9/><E44/><V87/><F105/><W108/><G108/><T78/><D111/><U14/><E94/><V51/><F101/><W91/><G129/><T25/><D135/><U33/><E29/><V13/><F66/><W20/><G20/><T133/><D133/><U2/><E2/><V69/><F69/><W42/><G91/><T0/><D0/><U86/><E67/><V92/><F92/><W119/><G119/><T23/><D126/><U24/><E56/><V115/><F115/><W131/><G95/><T27/><D65/><U3/><E3/><V97/><F97/><W99/><G99/><T61/><D88/><U62/><E62/><V122/><F122/><W47/><G46/><T30/><D27/><U106/><E106/><V125/><F125/><W31/><G31/><T73/><D73/><U80/><E80/><V54/><F22/><W128/><G131/><T110/><D96/><U16/><E17/><N who="3" m="6154" /><G47/><T21/><D21/><U90/><REACH who="1" step="1"/><E24/><REACH who="1" ten="387,190,220,193" step="2"/><V123/><F60/><W71/><G128/><T1/><D1/><U116/><E116/><V127/><F127/><W11/><G71/><N who="0" m="42383" /><D110/><U132/><E132/><V89/><F58/><W120/><G120/><T112/><D112/><AGARI ba="0,1" hai="9,14,16,33,35,81,86,90,100,102,103,112,113,114" machi="112" ten="40,2600,0" yaku="1,1,54,1,53,0" doraHai="107" doraHaiUra="41" who="1" fromWho="0" sc="387,-26,190,36,220,0,193,0" /><INIT seed="4,0,0,5,0,37" ten="361,226,220,193" oya="0" hai0="55,71,82,116,29,56,20,58,110,127,59,47,66" hai1="86,104,21,117,125,26,38,83,19,101,106,9,129" hai2="100,25,15,96,70,135,87,64,63,113,51,109,132" hai3="74,97,28,8,22,14,27,31,67,65,7,35,33"/><T18/><D116/><U92/><E117/><V10/><F113/><W114/><G74/><T6/><D127/><U99/><E125/><V81/><F109/><W94/><G114/><T103/><D110/><U23/><E129/><V30/><F51/><W119/><G119/><T48/><D29/><U46/><E9/><V1/><F87/><W42/><G42/><T84/><D103/><U134/><E134/><V53/><F53/><W89/><REACH who="3" step="1"/><G28/><REACH who="3" ten="361,226,220,183" step="2"/><T107/><D66/><AGARI ba="0,1" hai="7,8,14,22,27,31,33,35,65,66,67,89,94,97" machi="66" ten="40,2600,0" yaku="1,1,2,1,53,0" doraHai="37" doraHaiUra="77" who="3" fromWho="0" sc="361,-26,226,0,220,0,183,36" /><INIT seed="5,0,0,5,4,127" ten="335,226,220,219" oya="1" hai0="25,62,39,135,81,97,114,30,78,1,95,55,93" hai1="108,116,27,115,65,18,99,60,48,58,32,123,79" hai2="122,91,22,104,76,134,94,31,7,71,23,84,109" hai3="43,73,77,46,117,29,59,98,72,57,82,47,85"/><U49/><E116/><V105/><F122/><W80/><G117/><T121/><D39/><U106/><E123/><V38/><F109/><W4/><G29/><T89/><D1/><U11/><E108/><V12/><F71/><W132/><G132/><T35/><D121/><U44/><E115/><V111/><F111/><W45/><G4/><T90/><D135/><U56/><E79/><V13/><F134/><W64/><G64/><T126/><D126/><U33/><E56/><V8/><F38/><W86/><G98/><T63/><D114/><U110/><E110/><V41/><F41/><W34/><G34/><T100/><D55/><U124/><E124/><V74/><F31/><W21/><G21/><T3/><D3/><U120/><E120/><V119/><F119/><W69/><G69/><T36/><D36/><U9/><E33/><V129/><F23/><W15/><G15/><T87/><REACH who="0" step="1"/><D100/><REACH who="0" ten="325,226,220,219" step="2"/><U75/><E65/><V67/><F67/><W40/><G40/><T130/><D130/><U112/><E112/><V96/><F7/><W5/><G5/><T118/><D118/><U16/><E44/><V14/><F129/><W17/><G43/><T54/><D54/><U2/><E2/><V70/><F8/><W6/><G6/><T53/><D53/><U68/><E11/><V37/><F37/><W10/><G10/><T24/><D24/><U101/><E9/><V113/><F113/><W131/><G131/><T61/><D61/><U107/><E27/><V103/><F13/><W88/><G17/><T128/><D128/><U92/><E18/><V20/><F14/><RYUUKYOKU ba="0,1" sc="325,15,226,-15,220,-15,219,15" hai0="25,30,35,62,63,78,81,87,89,90,93,95,97" hai3="45,46,47,57,59,72,73,77,80,82,85,86,88" /><INIT seed="6,1,1,5,3,63" ten="340,211,205,234" oya="2" hai0="32,54,52,2,53,135,116,34,73,38,72,57,33" hai1="19,56,58,31,118,128,129,93,25,37,12,18,23" hai2="39,4,121,13,48,113,42,26,70,14,107,69,5" hai3="10,8,50,66,27,28,112,109,60,124,123,0,9"/><V75/><F121/><W44/><G109/><T94/><D38/><U101/><E37/><V105/><F39/><W55/><G124/><T7/><D135/><U95/><E118/><V90/><F75/><W88/><G112/><T110/><D110/><U86/><E19/><V92/><F113/><W115/><G123/><T43/><D43/><U78/><E101/><V45/><F26/><W6/><G115/><T91/><D116/><U102/><E102/><V17/><F4/><W22/><REACH who="3" step="1"/><G88/><REACH who="3" ten="340,211,205,224" step="2"/><T79/><D79/><U111/><E111/><V65/><F90/><W64/><G64/><T77/><D77/><U106/><E78/><V122/><F122/><W71/><AGARI ba="1,2" hai="0,6,8,9,10,22,27,28,44,50,55,60,66,71" machi="71" ten="20,5200,0" yaku="1,1,0,1,7,1,52,1,53,0" doraHai="63" doraHaiUra="114" who="3" fromWho="3" sc="340,-14,211,-14,205,-27,224,75" /><INIT seed="7,0,0,2,4,2" ten="326,197,178,299" oya="3" hai0="135,64,44,33,133,68,77,85,113,125,78,46,88" hai1="73,20,30,17,49,32,29,76,130,74,15,66,107" hai2="108,75,10,134,58,72,13,3,98,12,69,57,23" hai3="28,19,53,16,95,6,42,94,51,114,37,96,25"/><W8/><G114/><T65/><D33/><U18/><E107/><V11/><F69/><W89/><G42/><T97/><D113/><U118/><E74/><V71/><F71/><W121/><G37/><T129/><D129/><U39/><E39/><V31/><F3/><W87/><G121/><T67/><D68/><U91/><E130/><V40/><F108/><W35/><G6/><T56/><D97/><U112/><E112/><V102/><F134/><N who="0" m="51210" /><D56/><U82/><E118/><V101/><F23/><N who="3" m="15423" /><G8/><T14/><D14/><U4/><E4/><V84/><F84/><W100/><G35/><T5/><D5/><U119/><E119/><V50/><F50/><W79/><G79/><N who="0" m="30219" /><D125/><U122/><E122/><V54/><F98/><W110/><G110/><T47/><D47/><AGARI ba="0,0" hai="16,19,47,51,53,87,89,94,95,96,100" m="15423" machi="47" ten="30,2900,0" yaku="8,1,54,1" doraHai="2" who="3" fromWho="0" sc="326,-29,197,0,178,0,299,29" owari="297,9.7,197,-20.3,178,-32.2,328,42.8" /></mjloggm>