<mjloggm ver="2.3"><GO type="169" lobby="0"/><UN n0="%6F%74%79%6D%32%34" n1="%E3%81%9B%E3%81%A9%E3%81%AA%E3%82%8A%E3%81%82%E3%82%93" n2="%E3%81%9F%E3%81%8B%E3%81%AA" n3="%E3%82%BF%E3%83%9E%E3%83%8D%E3%82%AE" dan="16,17,19,18" rate="2058.83,2164.23,2211.66,2247.94" sx="M,F,M,M"/><TAIKYOKU oya="0"/><INIT seed="0,0,0,1,2,8" ten="250,250,250,250" oya="0" hai0="88,80,74,84,64,125,61,13,38,54,111,124,51" hai1="101,40,41,99,97,116,132,32,131,25,105,83,89" hai2="20,57,98,87,106,23,35,50,67,47,119,90,117" hai3="130,73,86,34,14,7,65,66,134,22,72,52,15"/><T56/><D74/><U17/><E116/><N who="2" m="44619" /><F35/><W118/><G118/><T76/><D38/><U18/><E131/><V58/><F98/><W46/><G34/><T133/><D133/><U31/><E132/><V127/><F106/><W27/><G134/><T43/><D43/><U48/><E48/><V115/><F115/><W135/><G135/><T128/><D128/><U78/><E17/><V71/><F71/><W33/><G33/><T110/><D76/><U121/><E121/><V122/><F127/><N who="0" m="48714" /><D13/><N who="3" m="4617" /><G73/><T45/><AGARI ba="0,0" hai="45,51,54,56,61,64,80,84,88,110,111" m="48714" machi="45" ten="30,3000,0" yaku="18,1,54,1" doraHai="8" who="0" fromWho="0" sc="250,30,250,-10,250,-10,250,-10" /><INIT seed="0,1,0,3,1,43" ten="280,240,240,240" oya="0" hai0="75,41,109,88,45,60,93,51,36,74,132,42,61" hai1="20,49,31,81,25,127,77,35,21,131,110,80,122" hai2="112,71,67,135,27,121,44,56,11,78,33,50,23" hai3="13,102,65,48,0,40,119,26,97,37,95,5,111"/><T94/><D132/><U123/><E110/><V98/><F121/><W54/><G119/><T46/><D109/><U4/><E127/><V15/><F112/><W38/><G111/><T70/><D94/><U22/><E131/><V32/><F71/><W63/><G0/><T105/><D105/><U16/><E4/><V53/><F135/><W114/><G40/><T104/><D104/><U130/><E130/><V69/><F69/><W52/><G54/><T17/><D17/><U118/><E118/><V59/><F78/><W64/><G114/><T24/><D24/><U89/><E89/><V106/><F106/><W1/><G1/><T84/><REACH who="0" step="1"/><D70/><REACH who="0" ten="270,240,240,240" step="2"/><U18/><E122/><V113/><F113/><W107/><G107/><T87/><D87/><U6/><E123/><V2/><F98/><W108/><G108/><T58/><D58/><U91/><E6/><V19/><F56/><W14/><G26/><T128/><D128/><U68/><E68/><V3/><F59/><W124/><G5/><T96/><D96/><U101/><E16/><V12/><F27/><W125/><G125/><T85/><D85/><U99/><E18/><V133/><F133/><W129/><G124/><T28/><D28/><U103/><E99/><V100/><F19/><W7/><G129/><T34/><D34/><U8/><E35/><V47/><F32/><W116/><G7/><T117/><D117/><U66/><E31/><V82/><F33/><W126/><G126/><T9/><D9/><U83/><E25/><V79/><F11/><W134/><G116/><T90/><D90/><U39/><E91/><RYUUKYOKU ba="1,1" sc="270,30,240,-10,240,-10,240,-10" hai0="36,41,42,45,46,51,60,61,74,75,84,88,93" /><INIT seed="0,2,1,2,5,17" ten="300,230,230,230" oya="0" hai0="103,73,37,13,114,120,132,82,80,61,0,34,30" hai1="15,64,89,43,90,69,112,28,129,92,38,22,81" hai2="33,130,104,4,128,24,98,36,123,50,108,60,9" hai3="71,106,48,2,19,10,57,99,14,131,119,7,44"/><T42/><D0/><U21/><E38/><V41/><F123/><W66/><G131/><T16/><D120/><U53/><E69/><V87/><F108/><W70/><G119/><T59/><D114/><U121/><E121/><V94/><F36/><W93/><G106/><T78/><D132/><U111/><E111/><V135/><F135/><W115/><G115/><T11/><D103/><U35/><E112/><V74/><F74/><W45/><G57/><T118/><D118/><U54/><E35/><V25/><F104/><W3/><G3/><T12/><D82/><U133/><E133/><V79/><F60/><W51/><G51/><T31/><D34/><U117/><E117/><V75/><F75/><W76/><G76/><T26/><D26/><N who="1" m="16463" /><E43/><V105/><F105/><W56/><G56/><T62/><D13/><U1/><E1/><V72/><F72/><W100/><G66/><T134/><D62/><U67/><E81/><N who="2" m="47551" /><F33/><W126/><G126/><T109/><D109/><U84/><E90/><N who="2" m="55639" /><F50/><W91/><G91/><T52/><REACH who="0" step="1"/><D134/><REACH who="0" ten="290,230,230,230" step="2"/><U58/><E129/><N who="2" m="49771" /><F41/><W6/><G2/><AGARI ba="2,2" hai="2,4,9,24,25" m="49771,55639,47551" machi="2" ten="30,1000,0" yaku="19,1" doraHai="17" who="2" fromWho="3" sc="290,0,230,0,230,36,230,-16" /><INIT seed="1,0,0,0,0,26" ten="290,230,266,214" oya="1" hai0="129,33,60,18,80,109,49,44,117,105,43,42,128" hai1="46,56,127,15,115,40,47,79,90,86,124,3,71" hai2="51,100,19,101,36,85,132,135,32,110,17,93,1" hai3="62,78,98,103,30,57,70,2,112,61,74,68,73"/><U64/><E3/><V108/><F36/><W35/><G2/><T123/><D117/><U25/><E79/><V126/><F1/><W7/><G7/><T23/><D109/><N who="2" m="42090" /><F32/><W111/><G112/><T82/><D123/><U113/><E15/><V20/><F51/><W102/><G111/><T72/><D105/><U6/><E6/><V50/><F50/><W106/><G102/><N who="2" m="39529" /><F126/><N who="1" m="48169" /><E71/><V87/><F93/><W9/><G9/><T39/><D33/><U54/><E64/><V14/><F19/><W41/><G41/><T53/><D60/><N who="1" m="35863" /><E25/><V0/><F0/><W122/><G62/><T114/><D114/><N who="1" m="43531" /><E40/><N who="0" m="15401" /><D39/><U37/><E37/><V94/><F132/><W130/><G106/><T16/><D18/><U24/><E24/><V31/><F135/><W28/><G70/><T118/><D118/><U13/><E13/><V67/><F67/><W121/><G68/><T27/><D72/><U84/><E84/><V133/><F133/><W107/><G74/><T22/><D22/><U76/><E76/><V125/><F125/><W88/><G35/><T91/><D91/><U120/><E120/><V119/><F119/><W63/><G88/><T83/><D27/><U66/><E66/><V99/><F85/><W58/><G78/><T11/><D23/><U38/><E38/><V10/><F87/><W29/><G73/><T77/><D77/><U92/><E86/><V4/><F4/><W75/><G75/><T12/><D12/><U8/><E8/><V104/><F10/><W89/><G121/><T81/><N who="0" m="20480" /><DORA hai="116" /><T55/><D55/><U134/><E134/><V45/><F14/><RYUUKYOKU ba="0,0" sc="290,15,230,15,266,-15,214,-15" hai0="11,16,44,49,53,128,129" hai1="46,47,90,92" /><INIT seed="1,1,0,4,0,38" ten="305,245,251,199" oya="1" hai0="97,41,16,66,34,53,37,22,94,78,29,87,86" hai1="3,128,51,58,17,67,103,131,7,4,123,83,12" hai2="104,61,5,40,39,55,26,46,48,133,98,43,113" hai3="116,101,35,6,45,8,42,129,110,59,52,93,96"/><U28/><E123/><V74/><F74/><W56/><G110/><T84/><D66/><U91/><E103/><V15/><F133/><W80/><G129/><N who="1" m="49738" /><E3/><V20/><F113/><W125/><G125/><T106/><D106/><U60/><E28/><V120/><F120/><W36/><G116/><T13/><D78/><U49/><E83/><V124/><F124/><W115/><G115/><T82/><D82/><U25/><E25/><V76/><F76/><W99/><G35/><T130/><D130/><U11/><E91/><V71/><F5/><AGARI ba="1,0" hai="4,5,7,11,12,17,49,51,58,60,67" m="49738" machi="5" ten="30,1500,0" yaku="19,1" doraHai="38" who="1" fromWho="2" sc="305,0,245,18,251,-18,199,0" /><INIT seed="1,2,0,0,0,118" ten="305,263,233,199" oya="1" hai0="17,125,19,114,63,107,77,25,9,40,100,82,129" hai1="64,94,74,55,43,52,87,68,41,124,109,103,28" hai2="116,56,73,122,44,104,93,111,99,31,72,36,110" hai3="96,76,102,42,45,37,75,67,39,132,5,69,13"/><U12/><E74/><V54/><F116/><W130/><G130/><T135/><D114/><U131/><E131/><V84/><F104/><W22/><G132/><T3/><D129/><U27/><E124/><V123/><F84/><W46/><G69/><T119/><D119/><U1/><E1/><V4/><F31/><W98/><G67/><T30/><D135/><U80/><E68/><V20/><F20/><W32/><G32/><T108/><D125/><U15/><E64/><V33/><F33/><W14/><G5/><T62/><D108/><N who="2" m="41514" /><F4/><W65/><G65/><T51/><D3/><U21/><E109/><V106/><F106/><W105/><G96/><T57/><D9/><U47/><E94/><V59/><F36/><W97/><G98/><T127/><D107/><U16/><E103/><N who="2" m="60911" /><F44/><W78/><G22/><T91/><D30/><U95/><E95/><V38/><F38/><W26/><G26/><T88/><D25/><U126/><E126/><V34/><F34/><W23/><G23/><T10/><D10/><N who="1" m="6167" /><E15/><V53/><F72/><W29/><G29/><T86/><D127/><U89/><E47/><V120/><F73/><W2/><G2/><T35/><D35/><U71/><E71/><V11/><F11/><W60/><G75/><T58/><D58/><AGARI ba="2,0" hai="53,54,56,58,59,120,122,123" m="60911,41514" machi="58" ten="40,8000,1" yaku="14,1,52,3" doraHai="118" who="2" fromWho="0" sc="305,-86,263,0,233,86,199,0" /><INIT seed="2,0,0,0,5,79" ten="219,263,319,199" oya="2" hai0="23,61,97,85,16,113,110,19,22,80,81,64,33" hai1="68,2,132,32,108,77,124,70,104,130,62,101,67" hai2="109,93,41,60,83,29,82,114,98,125,102,87,55" hai3="1,119,123,8,9,66,3,28,117,90,100,21,92"/><V128/><F114/><W40/><G123/><T133/><D113/><U95/><E95/><V37/><F125/><W49/><G100/><T24/><D33/><U72/><E77/><V71/><F128/><W115/><G115/><T10/><D110/><U44/><E101/><V47/><F109/><W116/><G66/><T129/><D129/><U35/><E44/><V75/><F75/><W106/><G106/><T57/><D133/><U34/><E62/><V25/><F87/><W15/><G9/><T7/><D97/><U38/><E67/><V131/><F131/><W54/><G40/><T52/><D85/><U65/><E65/><V43/><F43/><W76/><G76/><T17/><D64/><U39/><E39/><V51/><F71/><W6/><G21/><N who="0" m="7691" /><D24/><U74/><E74/><V63/><F63/><W69/><G69/><T127/><D127/><U20/><E20/><N who="2" m="15527" /><F37/><W105/><G105/><T73/><D73/><U111/><E35/><V18/><F18/><W26/><G26/><T122/><D122/><U99/><E99/><V45/><F45/><W42/><G42/><T91/><D91/><U27/><E27/><V86/><F86/><N who="3" m="52311" /><G28/><T13/><AGARI ba="0,0" hai="7,10,13,16,17,19,52,57,61,80,81" m="7691" machi="13" ten="30,8000,1" yaku="8,1,52,2,54,2" doraHai="79" who="0" fromWho="0" sc="219,80,263,-20,319,-40,199,-20" /><INIT seed="3,0,0,4,1,90" ten="299,243,279,179" oya="3" hai0="19,14,126,103,53,41,78,88,24,133,54,77,37" hai1="42,4,86,68,114,84,116,62,33,83,55,30,87" hai2="61,104,111,119,89,101,102,79,23,51,120,39,117" hai3="85,47,10,38,59,11,124,26,127,16,96,80,32"/><W57/><G96/><T67/><D133/><U100/><E114/><V40/><F111/><W27/><G32/><T98/><D126/><N who="3" m="48169" /><G38/><T49/><D67/><U106/><E42/><V17/><F39/><W8/><G47/><N who="0" m="25839" /><D37/><U95/><E4/><V112/><F112/><W66/><G66/><T81/><D103/><U20/><E33/><V5/><F120/><W9/><N who="3" m="2048" /><DORA hai="122" /><W58/><G16/><T74/><D74/><U7/><E106/><V18/><F104/><W110/><G110/><T130/><D24/><N who="3" m="9257" /><G85/><N who="0" m="50223" /><D130/><U72/><E72/><V2/><F5/><W46/><G46/><T43/><D98/><U131/><E7/><V60/><F18/><W6/><G6/><T105/><D105/><U15/><E84/><V52/><F17/><W69/><G80/><T70/><D43/><U132/><E86/><V31/><F40/><W71/><AGARI ba="0,0" hai="57,58,59,69,71" m="9257,2048,48169" machi="71" ten="50,9600,0" yaku="28,2,18,1" doraHai="90,122" who="3" fromWho="3" sc="299,-32,243,-32,279,-32,179,96" /><INIT seed="3,1,0,2,4,120" ten="267,211,247,275" oya="3" hai0="21,57,81,100,127,108,54,65,97,24,78,56,77" hai1="45,55,20,126,28,67,2,135,64,122,50,47,38" hai2="76,51,79,4,95,35,34,96,118,69,12,124,15" hai3="31,80,33,18,121,116,113,58,6,83,49,90,134"/><W103/><G113/><T130/><D130/><U41/><E2/><V3/><F118/><W17/><G116/><T131/><D131/><U89/><E122/><V105/><F69/><W123/><G103/><T133/><D133/><U92/><E135/><V44/><F105/><W85/><G134/><T93/><D127/><U82/><E126/><V66/><F66/><W115/><G115/><T29/><D108/><U59/><E82/><V37/><F37/><W91/><G6/><T75/><D78/><U19/><E28/><V129/><F3/><W70/><G70/><T5/><D5/><U88/><E45/><V73/><F129/><W42/><G31/><T39/><D39/><U111/><E111/><V46/><F51/><W53/><G33/><T40/><D40/><U9/><E9/><V99/><F95/><W62/><G121/><T74/><D74/><U132/><E89/><V109/><F4/><W10/><G10/><T63/><REACH who="0" step="1"/><D54/><REACH who="0" ten="257,211,247,275" step="2"/><U22/><E132/><V98/><F73/><W13/><G123/><T71/><AGARI ba="1,1" hai="21,24,29,56,57,63,65,71,75,77,81,93,97,100" machi="71" ten="20,5200,0" yaku="1,1,2,1,0,1,7,1,53,0" doraHai="120" doraHaiUra="110" who="0" fromWho="0" sc="257,65,211,-14,247,-14,275,-27" /><INIT seed="4,0,0,1,1,82" ten="322,197,233,248" oya="0" hai0="56,7,106,67,117,36,73,6,74,5,81,78,70" hai1="96,52,44,123,91,18,9,80,125,2,133,132,14" hai2="68,124,98,94,31,46,40,93,63,86,58,90,103" hai3="41,101,39,4,61,127,104,97,22,20,10,134,135"/><T99/><D117/><U12/><E123/><V43/><F124/><W126/><G61/><T45/><D70/><U83/><E125/><N who="3" m="47626" /><G41/><T15/><D74/><U87/><E2/><V49/><F68/><W66/><G66/><T33/><D33/><U1/><E1/><V29/><REACH who="2" step="1"/><F43/><REACH who="2" ten="322,197,223,248" step="2"/><W64/><G64/><AGARI ba="0,1" hai="29,31,40,46,49,58,63,64,86,90,93,94,98,103" machi="64" ten="30,8000,1" yaku="1,1,2,1,7,1,8,1,52,1,53,0" doraHai="82" doraHaiUra="105" who="2" fromWho="3" sc="322,0,197,0,223,90,248,-80" /><INIT seed="5,0,0,2,5,38" ten="322,197,313,168" oya="1" hai0="66,130,89,98,51,45,127,91,28,126,79,125,54" hai1="3,0,62,129,113,9,97,80,10,123,69,90,49" hai2="131,117,86,41,107,95,87,93,1,118,48,61,15" hai3="102,50,20,22,53,128,33,132,37,100,18,109,88"/><U43/><E123/><V4/><F107/><W14/><G109/><T42/><D130/><U6/><E129/><V72/><F72/><W106/><G128/><T63/><D79/><U111/><E113/><V36/><F131/><W34/><G37/><T94/><D28/><U108/><E69/><V81/><F36/><W122/><G122/><T47/><D91/><U116/><E62/><V105/><F105/><W13/><G132/><T133/><D133/><U103/><E116/><V65/><F1/><W78/><G78/><T57/><REACH who="0" step="1"/><D47/><REACH who="0" ten="312,197,313,168" step="2"/><U70/><E90/><V31/><F31/><W115/><G115/><T104/><D104/><U52/><E108/><V26/><F117/><W12/><G88/><T30/><D30/><U121/><E111/><V135/><F135/><W24/><G106/><T110/><D110/><U71/><E121/><V101/><F118/><W58/><REACH who="3" step="1"/><G22/><REACH who="3" ten="312,197,313,158" step="2"/><T7/><D7/><U75/><E6/><V84/><F4/><W39/><G39/><T124/><D124/><U17/><E103/><AGARI ba="0,2" hai="12,13,14,18,20,24,33,34,50,53,58,100,102,103" machi="103" ten="40,5200,0" yaku="1,1,53,2" doraHai="38" doraHaiUra="29" who="3" fromWho="1" sc="312,0,197,-52,313,0,158,72" /><INIT seed="6,0,0,4,4,69" ten="312,145,313,230" oya="2" hai0="133,22,77,128,67,4,27,30,12,1,98,26,129" hai1="49,0,130,103,60,81,57,115,93,34,73,6,107" hai2="39,104,71,75,10,106,47,3,23,96,38,117,66" hai3="111,72,45,95,80,50,101,78,105,83,24,127,42"/><V122/><F117/><W41/><G111/><T79/><D133/><U135/><E34/><V33/><F23/><W35/><G127/><T40/><D1/><U36/><E107/><N who="2" m="41003" /><F96/><W85/><G105/><T25/><D67/><U51/><E115/><V48/><F48/><W74/><G42/><T76/><D40/><U84/><E130/><N who="0" m="50281" /><D98/><U99/><E73/><V109/><F47/><W110/><G110/><T20/><D30/><U87/><E135/><V70/><F109/><W88/><G101/><T18/><D4/><U52/><E36/><N who="2" m="13867" /><F66/><W62/><G62/><T100/><D100/><U8/><REACH who="1" step="1"/><E84/><REACH who="1" ten="312,135,313,230" step="2"/><V64/><F33/><W68/><G74/><T56/><D22/><U21/><E21/><V54/><F75/><W11/><G35/><T89/><D20/><U44/><E44/><V28/><F122/><W108/><G108/><T94/><D27/><U14/><E14/><V91/><F3/><W131/><G131/><T119/><D26/><U123/><E123/><V53/><F71/><W55/><G68/><T134/><D25/><U37/><E37/><V32/><F32/><W121/><G121/><T97/><D134/><U15/><E15/><V113/><F113/><W19/><G24/><T5/><D12/><U7/><E7/><V124/><F28/><W46/><G72/><T63/><D5/><U92/><E92/><V59/><F70/><W86/><G95/><T102/><D94/><U118/><E118/><V17/><F124/><W29/><G29/><T112/><D119/><U16/><E16/><V90/><F17/><W43/><G46/><T114/><D114/><RYUUKYOKU ba="0,1" sc="312,-15,135,15,313,-15,230,15" hai1="0,6,8,49,51,52,57,60,81,87,93,99,103" hai3="11,19,41,43,45,50,55,78,80,83,85,86,88" /><INIT seed="7,1,1,1,3,70" ten="297,150,298,245" oya="3" hai0="67,20,114,112,99,38,60,69,98,53,68,55,45" hai1="84,42,80,79,32,23,52,17,102,90,120,94,74" hai2="57,56,54,7,97,28,16,41,11,135,93,33,14" hai3="47,4,13,10,40,21,130,43,77,0,81,64,49"/><W132/><G132/><T29/><D69/><U118/><E120/><V107/><F107/><W1/><G130/><T103/><D99/><U39/><E32/><V116/><F116/><W101/><G101/><T50/><D38/><U115/><E115/><N who="0" m="44073" /><D20/><U31/><E31/><V71/><F71/><W63/><G21/><T111/><D29/><U26/><E118/><V75/><F75/><W51/><G51/><T12/><D12/><U119/><E119/><V6/><F135/><W72/><REACH who="3" step="1"/><G40/><REACH who="3" ten="297,150,298,235" step="2"/><N who="0" m="24871" /><D111/><U125/><E125/><V113/><F41/><W66/><G66/><T37/><D37/><U91/><E102/><V128/><F128/><W87/><G87/><T122/><D122/><U110/><E110/><V46/><F113/><W129/><G129/><T106/><AGARI ba="1,2" hai="53,55,60,67,68,98,103,106" m="24871,44073" machi="106" ten="30,2000,0" yaku="15,1,11,1" doraHai="70" who="0" fromWho="0" sc="297,43,150,-6,298,-6,235,-11" owari="340,44.0,144,-35.6,292,9.2,224,-17.6" /></mjloggm>