<mjloggm ver="2.3"><GO type="169" lobby="0"/><UN n0="%E5%81%BD%E9%80%A0%E6%8D%8F%E9%80%A0%E5%AE%89%E5%80%8D%E6%99%8B%E4%B8%89" n1="%E3%82%BF%E3%83%9E%E3%83%8D%E3%82%AE" n2="%E3%81%82%E3%81%95%E3%81%B4%E3%82%93%EF%BC%A0%EF%BD%8D%EF%BD%8A" n3="%E3%82%A2%E3%83%B3%E3%81%95%E3%82%93" dan="16,18,18,18" rate="2137.99,2242.86,2225.52,2213.10" sx="M,M,M,M"/><TAIKYOKU oya="0"/><INIT seed="0,0,0,2,4,27" ten="250,250,250,250" oya="0" hai0="7,75,67,68,83,89,48,26,79,38,21,124,66" hai1="74,30,87,61,119,69,13,46,94,105,131,96,37" hai2="40,95,116,133,63,102,70,6,8,25,62,93,47" hai3="108,1,42,82,50,14,117,127,65,55,118,100,107"/><T125/><D38/><U129/><E74/><V36/><F133/><W126/><G1/><T130/><D130/><N who="1" m="49675" /><E119/><N who="3" m="45578" /><G14/><T17/><D7/><U28/><E105/><V92/><F116/><W99/><G65/><T106/><D106/><U123/><E123/><V11/><F102/><W52/><G42/><T39/><D39/><U113/><E113/><V19/><F70/><W59/><G55/><T120/><D120/><U49/><E37/><V90/><F90/><W114/><G114/><T104/><D104/><U111/><E87/><V97/><F97/><W32/><G32/><T109/><D109/><U54/><E111/><V33/><F11/><W45/><G82/><T121/><D121/><U35/><E35/><V4/><F4/><W3/><G3/><T81/><D48/><U20/><E61/><V122/><F122/><W101/><G101/><T43/><D43/><U57/><E46/><V24/><F24/><W86/><G86/><N who="0" m="50383" /><D68/><U18/><E69/><V73/><F73/><W22/><G108/><T77/><D77/><U15/><E15/><V91/><F91/><AGARI ba="0,0" hai="13,18,20,28,30,49,54,57,91,94,96" m="49675" machi="91" ten="30,3900,0" yaku="19,1,52,2" doraHai="27" who="1" fromWho="2" sc="250,0,250,39,250,-39,250,0" /><INIT seed="1,0,0,3,5,72" ten="250,289,211,250" oya="1" hai0="35,98,130,126,61,113,63,17,44,39,119,68,36" hai1="69,82,58,101,13,97,90,4,27,11,103,32,26" hai2="3,24,79,77,73,105,134,10,74,31,111,59,108" hai3="85,81,23,131,87,95,47,102,41,0,60,104,112"/><U94/><E69/><V71/><F71/><W14/><G112/><T8/><D35/><U135/><E135/><V18/><F105/><W45/><G0/><T117/><D98/><U62/><E32/><V106/><F106/><W34/><G34/><T21/><D113/><U53/><REACH who="1" step="1"/><E82/><REACH who="1" ten="250,279,211,250" step="2"/><V115/><F115/><W84/><G81/><T89/><D68/><U67/><E67/><V120/><F111/><W15/><G131/><T96/><D130/><U19/><E19/><V107/><F18/><W109/><G109/><T118/><D17/><U129/><E129/><V57/><F108/><W9/><G85/><T66/><D66/><U38/><E38/><V37/><F37/><W22/><G87/><T55/><D39/><U92/><E92/><V124/><F107/><W100/><G84/><T88/><D36/><U30/><E30/><V2/><F31/><W83/><G95/><T128/><D128/><U133/><E133/><V64/><F64/><W51/><G83/><T1/><D118/><U16/><E16/><V54/><F134/><W86/><G104/><T99/><D119/><U12/><E12/><V43/><F2/><W75/><G15/><T65/><D65/><U5/><E5/><V33/><F3/><W78/><G14/><T125/><D1/><U110/><E110/><V25/><F33/><W6/><G6/><T76/><D117/><U122/><E122/><V28/><F28/><W114/><G86/><T42/><D125/><U50/><E50/><V93/><F124/><W20/><G114/><T40/><D126/><U29/><E29/><V91/><F120/><RYUUKYOKU ba="0,1" sc="250,-10,279,30,211,-10,250,-10" hai1="4,11,13,26,27,53,58,62,90,94,97,101,103" /><INIT seed="1,1,1,3,2,12" ten="240,309,201,240" oya="1" hai0="134,65,40,52,25,3,20,34,114,59,63,81,21" hai1="49,2,78,87,29,83,116,88,38,30,6,0,85" hai2="24,89,46,74,101,4,135,128,64,103,43,44,77" hai3="48,62,112,61,86,102,95,51,45,115,122,107,106"/><U119/><E38/><V15/><F128/><W104/><G122/><T31/><D114/><U129/><E129/><V14/><F135/><W117/><G117/><T36/><D134/><U27/><E30/><V70/><F70/><W19/><G102/><T90/><D3/><U58/><E0/><V124/><F64/><W105/><G105/><T98/><D36/><U109/><E109/><V123/><F123/><W131/><G131/><T53/><D40/><U11/><E49/><V28/><F124/><W76/><G76/><T16/><D34/><U125/><E58/><V99/><F74/><W118/><G104/><T9/><D9/><U72/><E72/><V96/><F77/><W56/><G56/><T113/><D113/><U23/><REACH who="1" step="1"/><E125/><REACH who="1" ten="240,299,201,240" step="2"/><V84/><F28/><W93/><G118/><T32/><D32/><U13/><E13/><V91/><F24/><W68/><G68/><T127/><D127/><U60/><E60/><V73/><F73/><W130/><G130/><T133/><D133/><U55/><E55/><V79/><F43/><W57/><G57/><T37/><D37/><U121/><E121/><V5/><REACH who="2" step="1"/><F79/><REACH who="2" ten="240,299,191,240" step="2"/><W8/><G115/><T126/><D126/><U110/><E110/><V54/><F54/><W75/><G112/><T100/><D53/><U120/><E120/><V92/><F92/><AGARI ba="1,3" hai="2,6,11,23,27,29,78,83,85,87,88,92,116,119" machi="92" ten="30,5800,0" yaku="1,1,7,1,54,1,53,0" doraHai="12" doraHaiUra="111" who="1" fromWho="2" sc="240,0,299,91,191,-61,240,0" /><INIT seed="1,2,0,5,5,23" ten="240,390,130,240" oya="1" hai0="134,90,20,126,132,85,1,65,107,78,102,89,79" hai1="16,12,72,94,111,43,116,73,133,40,95,48,6" hai2="87,59,53,127,92,91,33,130,66,110,82,18,100" hai3="63,22,80,37,19,119,13,15,10,118,14,131,108"/><U60/><E116/><N who="3" m="44586" /><G37/><T38/><D1/><U123/><E123/><V98/><F33/><W103/><G63/><T104/><D38/><U3/><E133/><N who="0" m="51305" /><D20/><U28/><E3/><V36/><F36/><W68/><G103/><T83/><D65/><U54/><E6/><V44/><F110/><W70/><G80/><N who="0" m="47255" /><D126/><U64/><E28/><V5/><F127/><W4/><G108/><T27/><D27/><U97/><E111/><V74/><F130/><W49/><G49/><T109/><D109/><U115/><E115/><V76/><F5/><N who="3" m="3279" /><G131/><T106/><D102/><U77/><E73/><AGARI ba="2,0" hai="73,79,83,89,90,104,106,107" m="47255,51305" machi="73" ten="40,5200,0" yaku="20,1,34,2" doraHai="23" who="0" fromWho="1" sc="240,58,390,-58,130,0,240,0" /><INIT seed="2,0,0,4,0,60" ten="298,332,130,240" oya="2" hai0="3,104,125,97,115,52,122,70,53,126,62,64,19" hai1="30,42,69,76,134,114,25,39,124,100,88,95,130" hai2="6,98,121,84,18,51,23,109,21,116,79,9,50" hai3="111,33,99,45,2,37,41,131,80,11,63,86,73"/><V68/><F116/><W17/><G111/><T55/><D122/><U66/><E114/><V81/><F121/><W13/><G131/><T105/><D115/><U38/><E100/><V75/><F68/><W78/><G33/><T35/><D3/><U85/><E130/><V102/><F75/><W103/><G63/><T31/><D19/><U28/><E124/><N who="0" m="47721" /><D97/><U57/><E69/><V48/><F109/><W47/><G47/><T14/><D14/><U8/><E134/><V101/><F18/><W93/><G86/><T96/><D96/><U112/><E112/><V36/><F36/><W133/><G133/><T129/><D129/><U123/><E8/><V118/><F118/><W5/><REACH who="3" step="1"/><G17/><REACH who="3" ten="298,332,130,230" step="2"/><T106/><D35/><U77/><E85/><V87/><F84/><W49/><G49/><T4/><D31/><U34/><E30/><V54/><F54/><W32/><G32/><T127/><D127/><U91/><E34/><V119/><F119/><W107/><G107/><T0/><D105/><U120/><E39/><V113/><F113/><W92/><G92/><T46/><D46/><U90/><E95/><V58/><F98/><W89/><G89/><T26/><D26/><U71/><E120/><V10/><F101/><W83/><G83/><T67/><D104/><U82/><E123/><V24/><F102/><W61/><G61/><T1/><D106/><U72/><E38/><V12/><F24/><W74/><G74/><T27/><D27/><U16/><E72/><V65/><F50/><W43/><G43/><T20/><D62/><U135/><E135/><V94/><F94/><RYUUKYOKU ba="0,1" sc="298,-10,332,-10,130,-10,230,30" hai3="2,5,11,13,37,41,45,73,78,80,93,99,103" /><INIT seed="3,1,1,1,5,2" ten="288,322,120,260" oya="3" hai0="87,96,94,132,30,18,22,8,13,38,85,40,118" hai1="88,21,114,55,58,9,91,100,101,98,64,3,73" hai2="92,62,93,121,5,102,33,15,84,86,122,26,0" hai3="20,57,99,77,129,42,48,117,128,112,6,39,97"/><W111/><G112/><T60/><D118/><U126/><E114/><V135/><F0/><W7/><G7/><T41/><D132/><U43/><E73/><V116/><F116/><W105/><G117/><T79/><D38/><U36/><E64/><V70/><F135/><W56/><G39/><T51/><D60/><U25/><E101/><V50/><F50/><W35/><G35/><T81/><D87/><N who="2" m="33322" /><F70/><W104/><G20/><T80/><D51/><U54/><E54/><V66/><F62/><W119/><G119/><T11/><D81/><U1/><E126/><V125/><F66/><W110/><G48/><T34/><D34/><U109/><E109/><V106/><F106/><W14/><G14/><T23/><D23/><U113/><E113/><V89/><F102/><W78/><REACH who="3" step="1"/><G6/><REACH who="3" ten="288,322,120,250" step="2"/><T61/><D61/><U46/><E1/><V32/><F32/><W28/><G28/><T27/><REACH who="0" step="1"/><D11/><REACH who="0" ten="278,322,120,250" step="2"/><U115/><E9/><V83/><F33/><W124/><G124/><T120/><D120/><U74/><E36/><V24/><F125/><W130/><G130/><T12/><D12/><U69/><E3/><V133/><F133/><W53/><G53/><T72/><D72/><U75/><E75/><V19/><F121/><W95/><G95/><T131/><D131/><U49/><E74/><V17/><F122/><W10/><G10/><T103/><AGARI ba="1,3" hai="8,13,18,22,27,30,40,41,79,80,85,94,96,103" machi="103" ten="20,5200,0" yaku="1,1,0,1,7,1,8,1,53,0" doraHai="2" doraHaiUra="107" who="0" fromWho="0" sc="278,85,322,-14,120,-14,250,-27" /><INIT seed="4,0,0,1,1,73" ten="363,308,106,223" oya="0" hai0="20,49,63,3,16,67,125,97,82,133,132,78,85" hai1="42,108,68,37,23,43,79,44,21,52,89,110,53" hai2="99,33,101,1,41,119,93,58,25,130,2,54,84" hai3="29,24,113,18,128,11,88,55,22,17,27,0,65"/><T28/><D3/><U117/><E89/><V134/><F130/><W114/><G65/><T46/><D125/><U74/><E68/><V26/><F134/><N who="0" m="51818" /><D97/><U47/><E117/><V50/><F119/><W39/><G39/><T35/><D35/><U112/><E112/><N who="3" m="43114" /><G55/><T124/><D28/><U48/><E74/><V77/><F41/><W32/><G88/><T57/><D124/><U129/><E129/><V4/><F4/><N who="3" m="1415" /><G128/><T107/><D107/><U131/><E131/><V7/><F7/><W13/><G18/><T121/><D121/><U31/><E48/><V36/><F36/><W115/><N who="3" m="43122" /><W76/><DORA hai="56" /><G76/><T111/><D111/><U5/><E5/><V12/><F77/><W95/><G95/><T10/><D49/><U9/><E37/><V51/><F51/><W15/><AGARI ba="0,0" hai="13,15,17,22,24,27,29,32" m="1415,43122" machi="15" ten="40,5200,0" yaku="15,1,34,2" doraHai="73,56" who="3" fromWho="3" sc="363,-26,308,-13,106,-13,223,52" /><INIT seed="5,0,0,2,0,103" ten="337,295,93,275" oya="1" hai0="10,122,63,18,87,117,17,67,131,126,60,66,65" hai1="25,54,64,23,132,77,3,99,16,98,135,111,95" hai2="74,72,34,7,83,118,88,50,120,89,27,71,130" hai3="24,48,8,55,127,123,106,1,57,42,53,121,15"/><U43/><E3/><V21/><F118/><W91/><G127/><T114/><D117/><U105/><E111/><V113/><F120/><W41/><G1/><T37/><D37/><U119/><E119/><V75/><F34/><W59/><G24/><T101/><D126/><U45/><E64/><V26/><F71/><W12/><G48/><T14/><D114/><U49/><E77/><V44/><F130/><W11/><G91/><T69/><D131/><U56/><E105/><AGARI ba="0,0" hai="8,11,12,15,41,42,53,55,57,59,105,106,121,123" machi="105" ten="25,6400,0" yaku="22,2,52,2" doraHai="103" who="3" fromWho="1" sc="337,0,295,-64,93,0,275,64" /><INIT seed="6,0,0,3,5,91" ten="337,231,93,339" oya="2" hai0="67,57,15,62,125,52,74,11,12,33,18,0,53" hai1="69,25,92,47,17,56,55,107,68,116,78,134,40" hai2="42,9,46,127,129,118,82,90,66,88,77,115,71" hai3="64,72,32,36,120,124,79,76,50,14,123,20,45"/><V1/><F118/><W7/><G32/><T121/><D121/><U97/><E107/><V60/><F115/><W44/><G124/><T6/><D74/><U104/><E104/><V98/><F127/><W63/><G36/><T109/><D109/><U122/><E116/><V89/><F129/><W49/><G72/><T102/><D125/><U48/><E122/><V105/><F1/><W117/><G117/><T132/><D132/><U26/><E78/><V113/><F113/><W10/><G120/><T80/><D102/><U128/><E134/><V83/><F9/><W24/><G63/><T114/><D114/><U16/><E128/><V3/><F3/><W65/><G76/><T5/><D33/><U110/><E110/><V31/><F31/><W41/><G79/><T19/><D80/><U75/><E75/><V37/><REACH who="2" step="1"/><F77/><REACH who="2" ten="337,231,83,339" step="2"/><W96/><G123/><T27/><D0/><U126/><E126/><V95/><F95/><W86/><G86/><T22/><D5/><U133/><E133/><V93/><F93/><W30/><G96/><T119/><D119/><U108/><E108/><V103/><AGARI ba="0,1" hai="37,42,46,60,66,71,82,83,88,89,90,98,103,105" machi="103" ten="30,6000,0" yaku="1,1,0,1,54,1,53,0" doraHai="91" doraHaiUra="135" who="2" fromWho="2" sc="337,-20,231,-20,83,70,339,-20" /><INIT seed="6,1,0,3,5,120" ten="317,211,153,319" oya="2" hai0="109,49,38,99,1,19,89,78,113,30,123,46,110" hai1="121,9,122,4,53,12,133,108,119,8,91,0,102" hai2="100,27,11,101,5,17,18,56,31,58,77,2,59" hai3="98,95,10,85,116,35,40,65,57,52,60,82,93"/><V25/><F77/><W127/><G127/><T87/><D123/><N who="1" m="47115" /><E119/><V36/><F36/><W96/><G35/><T16/><D1/><U47/><E133/><V20/><REACH who="2" step="1"/><F17/><REACH who="2" ten="317,211,143,319" step="2"/><W39/><G39/><T74/><D38/><U107/><E108/><V63/><F63/><W62/><G62/><T45/><D19/><N who="1" m="8583" /><E91/><V103/><F103/><W48/><G60/><T24/><D89/><U79/><E79/><V70/><F70/><W88/><G88/><T50/><D78/><U104/><E102/><V72/><F72/><W7/><G48/><AGARI ba="1,1" hai="0,4,9,47,48,53,104,107" m="8583,47115" machi="48" ten="30,1000,0" yaku="13,1" doraHai="120" who="1" fromWho="3" sc="317,0,211,23,143,0,319,-13" /><INIT seed="7,0,0,4,1,27" ten="317,234,143,306" oya="3" hai0="74,46,81,13,67,105,123,63,29,4,87,70,54" hai1="16,11,43,102,9,88,59,111,134,132,6,85,130" hai2="66,133,129,117,10,119,30,95,57,37,47,94,109" hai3="55,124,107,79,24,76,104,78,131,0,83,12,65"/><W106/><G0/><T110/><D110/><U82/><E111/><V101/><F109/><W115/><G65/><T122/><D105/><U92/><E43/><V22/><F129/><W112/><G131/><T80/><D29/><U19/><E130/><V35/><F35/><W17/><G24/><T126/><D126/><U44/><E44/><V135/><F10/><N who="3" m="6295" /><G55/><T118/><D118/><U89/><E102/><V42/><F117/><W68/><G68/><T64/><D64/><U51/><E51/><V41/><F41/><W34/><G34/><T28/><D28/><U71/><E59/><V32/><F32/><W31/><G31/><T75/><D75/><U69/><E92/><V97/><F95/><W7/><G7/><T73/><D73/><U26/><E26/><V48/><F119/><W36/><G36/><T116/><D116/><U77/><E85/><V60/><F37/><W127/><G83/><T38/><D74/><U52/><E82/><V90/><F90/><W23/><G23/><T72/><D72/><U5/><E77/><V125/><F125/><AGARI ba="0,0" hai="76,78,79,104,106,107,112,115,124,125,127" m="6295" machi="125" ten="40,2000,0" yaku="18,1" doraHai="27" who="3" fromWho="2" sc="317,0,234,0,143,-20,306,20" owari="317,11.7,234,-16.6,123,-37.7,326,42.6" /></mjloggm>