<mjloggm ver="2.3"><GO type="169" lobby="0"/><UN n0="%E7%B1%B3%E3%81%BC%E3%81%86%E3%82%84%E3%81%8F%E3%82%93" n1="%E5%B0%8F%E6%B3%89%E3%83%81%E3%83%AB%E3%83%89%E3%83%AC%E3%83%B3" n2="%E8%A1%A8%E7%A4%BA%E4%BE%A1%E6%A0%BC%E3%82%88%E3%82%8A%E5%8D%8A%E9%A1%8D" n3="%41%2E%53%74%61%72%73" dan="16,16,16,16" rate="2186.69,2096.42,2096.63,2048.40" sx="M,M,M,M"/><TAIKYOKU oya="0"/><INIT seed="0,0,0,5,3,75" ten="250,250,250,250" oya="0" hai0="53,67,92,5,50,52,16,106,68,9,56,104,124" hai1="47,110,64,107,60,80,83,20,108,130,120,100,6" hai2="10,77,49,85,113,65,34,96,98,128,26,55,78" hai3="58,95,97,36,13,3,31,82,48,14,101,63,91"/><T122/><D122/><U127/><E120/><V30/><F113/><W59/><G36/><T103/><D124/><U88/><E127/><V18/><F128/><W99/><G3/><T84/><D67/><U17/><E130/><V24/><F65/><W21/><G48/><T114/><D68/><U126/><E6/><V42/><F42/><W35/><G35/><T38/><D38/><U0/><E0/><V119/><F119/><W28/><G59/><T41/><D41/><U12/><E126/><V23/><F10/><W27/><G31/><T94/><D114/><U117/><E117/><V73/><F85/><W7/><G7/><T129/><D129/><U40/><E100/><V43/><F73/><W131/><G131/><T135/><D135/><U44/><E107/><V66/><F66/><W76/><G76/><T111/><D111/><N who="1" m="42539" /><E88/><V109/><F43/><W71/><G71/><T93/><D103/><U123/><E123/><V2/><F109/><W90/><G90/><T32/><D32/><U37/><E47/><V54/><F54/><W11/><G82/><T8/><D53/><U89/><E89/><V87/><F87/><W118/><G118/><T102/><D102/><U62/><E62/><V15/><F2/><W79/><G101/><T115/><D84/><U70/><AGARI ba="0,0" hai="12,17,20,37,40,44,60,64,70,80,83" m="42539" machi="70" ten="30,1100,0" yaku="14,1" doraHai="75" who="1" fromWho="1" sc="250,-5,250,11,250,-3,250,-3" /><INIT seed="1,0,0,5,1,77" ten="245,261,247,247" oya="1" hai0="129,67,24,104,9,17,74,87,80,11,32,66,90" hai1="131,83,101,110,49,65,92,56,98,27,113,2,63" hai2="97,108,133,75,38,10,132,7,88,62,26,19,96" hai3="16,51,15,45,46,84,0,116,47,54,37,134,76"/><U52/><E113/><V44/><F75/><W89/><G134/><N who="2" m="51817" /><F62/><W25/><G116/><T5/><D104/><U126/><E126/><V69/><F69/><W59/><G0/><T23/><D129/><U14/><E131/><V58/><F58/><W135/><G135/><T102/><D102/><U79/><E2/><V127/><F108/><W81/><G25/><T64/><D32/><U125/><E125/><V120/><F127/><W12/><G12/><T35/><D35/><U86/><E110/><V22/><F120/><W34/><G34/><T53/><D74/><U103/><E14/><V28/><F28/><W55/><G37/><T30/><D30/><U93/><E27/><V68/><F68/><W124/><G124/><T18/><D5/><U91/><REACH who="1" step="1"/><E93/><REACH who="1" ten="245,251,247,247" step="2"/><V119/><F119/><W109/><G109/><T40/><D24/><U73/><E73/><V114/><F114/><W71/><G71/><AGARI ba="0,1" hai="49,52,56,63,65,71,79,83,86,91,92,98,101,103" machi="71" ten="30,11600,0" yaku="1,1,7,1,52,1,54,1,53,0" doraHai="77" doraHaiUra="41" who="1" fromWho="3" sc="245,0,251,126,247,0,247,-116" /><INIT seed="1,1,0,0,3,20" ten="245,377,247,131" oya="1" hai0="134,10,97,64,46,121,105,15,67,125,62,53,23" hai1="135,115,116,112,4,65,22,96,81,72,78,29,74" hai2="61,85,24,11,75,8,111,66,117,89,43,77,90" hai3="49,69,93,41,84,92,2,31,122,26,7,33,57"/><U123/><E116/><V5/><F117/><W83/><G122/><T59/><D121/><U87/><E123/><V102/><F111/><W118/><G69/><T47/><D134/><U113/><E135/><V60/><F75/><W128/><G128/><T114/><D114/><U42/><E4/><V9/><F102/><W107/><G107/><T50/><D125/><U12/><E65/><V73/><F73/><W130/><G130/><T16/><D105/><U52/><E42/><V63/><F43/><W110/><G110/><T129/><D129/><U80/><E96/><V98/><F5/><W132/><G132/><T54/><D97/><U19/><E29/><V119/><F119/><W104/><G104/><T45/><REACH who="0" step="1"/><D10/><REACH who="0" ten="235,377,247,131" step="2"/><U34/><E34/><V133/><F133/><W100/><G118/><T30/><D30/><U56/><REACH who="1" step="1"/><E80/><REACH who="1" ten="235,367,247,131" step="2"/><N who="2" m="47247" /><F98/><W3/><G83/><T82/><D82/><U108/><E108/><V13/><F66/><AGARI ba="1,2" hai="15,16,23,45,46,47,50,53,54,59,62,64,66,67" machi="66" ten="40,5200,0" yaku="1,1,8,1,54,1,53,0" doraHai="20" doraHaiUra="21" who="0" fromWho="2" sc="235,75,367,0,247,-55,131,0" /><INIT seed="2,0,0,2,1,102" ten="310,367,192,131" oya="2" hai0="29,132,125,67,124,5,71,1,30,44,129,114,32" hai1="100,33,24,99,101,3,95,61,108,62,89,18,34" hai2="91,2,123,94,12,43,93,111,19,4,84,63,35" hai3="106,134,38,122,26,88,60,77,49,20,69,97,83"/><V130/><F123/><W57/><G122/><T46/><D114/><U133/><E3/><V104/><F130/><W41/><G134/><T25/><D132/><U37/><E37/><V11/><F35/><W21/><G38/><T52/><D30/><U81/><E108/><V10/><F111/><W58/><G69/><T112/><D112/><U113/><E113/><V7/><F43/><W107/><G41/><T86/><D129/><U22/><E34/><V73/><F73/><W64/><G21/><T121/><D121/><U53/><E33/><V126/><F126/><N who="0" m="48746" /><D52/><U39/><E39/><V76/><F76/><W59/><G49/><T55/><D55/><U92/><E81/><V75/><F75/><W48/><G48/><T70/><D86/><N who="1" m="52279" /><E101/><V80/><F63/><N who="1" m="24073" /><E133/><V105/><REACH who="2" step="1"/><F7/><REACH who="2" ten="310,367,182,131" step="2"/><W127/><G127/><T66/><D5/><U74/><E74/><V135/><F135/><W42/><G42/><T15/><D32/><U117/><E117/><V103/><F103/><W110/><G110/><T40/><D40/><U96/><E53/><V13/><F13/><W120/><G120/><T47/><D15/><U54/><E54/><V45/><F45/><W51/><G51/><T14/><D14/><U90/><E100/><V68/><F68/><W28/><G77/><T78/><D78/><U9/><E9/><V98/><F98/><AGARI ba="0,1" hai="18,22,24,90,95,96,98,99" m="24073,52279" machi="98" ten="30,1000,0" yaku="8,1" doraHai="102" who="1" fromWho="2" sc="310,0,367,20,182,-10,131,0" /><INIT seed="3,0,0,4,4,88" ten="310,387,172,131" oya="3" hai0="112,30,125,94,21,41,96,55,37,46,59,47,123" hai1="28,98,68,14,113,101,63,105,50,110,35,117,129" hai2="16,69,32,91,58,122,77,135,57,126,20,99,29" hai3="118,87,72,108,24,100,60,44,90,52,64,9,10"/><W134/><G118/><T31/><D123/><U62/><E113/><V53/><F122/><W80/><G134/><T124/><D47/><U93/><E110/><V43/><F69/><W2/><G108/><T8/><D8/><U11/><E129/><V106/><F135/><W73/><G100/><N who="0" m="60439" /><D21/><U40/><E117/><V18/><F77/><W27/><G73/><T65/><D65/><U6/><E105/><V51/><F126/><N who="0" m="48746" /><D112/><U61/><E35/><V85/><F43/><W76/><G27/><T5/><D5/><U116/><E116/><V130/><F130/><W131/><G131/><T97/><D97/><U133/><E133/><V79/><F32/><W107/><G24/><T78/><D78/><U26/><E68/><V95/><F79/><W13/><G2/><T92/><D92/><U114/><E114/><V7/><F7/><W4/><G9/><T84/><D84/><U42/><REACH who="1" step="1"/><E50/><AGARI ba="0,0" hai="30,31,37,41,46,50,55,59" m="48746,60439" machi="50" ten="30,2000,0" yaku="18,1,52,1" doraHai="88" who="0" fromWho="1" sc="310,20,387,-20,172,0,131,0" /><INIT seed="4,0,0,5,2,60" ten="330,367,172,131" oya="0" hai0="19,25,63,85,115,61,122,64,89,104,65,43,128" hai1="76,5,80,48,116,53,92,71,86,112,70,84,49" hai2="98,18,23,20,108,17,34,2,10,79,67,47,54" hai3="93,59,38,95,36,44,7,29,91,102,24,127,8"/><T27/><D122/><U97/><E116/><V12/><F108/><W57/><G127/><T118/><D118/><U0/><E112/><V88/><F34/><W117/><G117/><T66/><D104/><U133/><E133/><V78/><F2/><W107/><G107/><T52/><D115/><U134/><E134/><V132/><F132/><W58/><G102/><T42/><D128/><U33/><E33/><V26/><F10/><W11/><G44/><T41/><D19/><U100/><E0/><V14/><F26/><N who="0" m="9738" /><D52/><U99/><E5/><V83/><F67/><W1/><G11/><T103/><D103/><U82/><E99/><V119/><F119/><W72/><G72/><T31/><D31/><U123/><E49/><V51/><REACH who="2" step="1"/><F98/><REACH who="2" ten="330,367,162,131" step="2"/><W30/><G30/><T68/><D68/><U21/><E123/><V4/><F4/><W87/><REACH who="3" step="1"/><G95/><AGARI ba="0,1" hai="41,42,43,61,63,64,65,66,85,89,95" m="9738" machi="95" ten="30,11600,0" yaku="8,1,52,3" doraHai="60" who="0" fromWho="3" sc="330,126,367,0,162,0,131,-116" /><INIT seed="4,1,0,0,1,107" ten="456,367,162,15" oya="0" hai0="43,21,29,42,79,104,93,83,6,63,59,18,28" hai1="44,84,82,68,17,120,47,25,15,22,32,66,88" hai2="115,65,4,77,119,38,1,14,12,102,123,48,41" hai3="94,131,67,95,51,127,72,128,57,73,54,70,91"/><T60/><D104/><U53/><E120/><V46/><F115/><W85/><G127/><T133/><D133/><U90/><E68/><V27/><F123/><W97/><G67/><T125/><D6/><U49/><E66/><V52/><F119/><W35/><G35/><T39/><D125/><U20/><E32/><V74/><F65/><W96/><G85/><T61/><D59/><U117/><E117/><V78/><F27/><W92/><G70/><T110/><D93/><U50/><E90/><V8/><F78/><W26/><G26/><T126/><D110/><U103/><E103/><V11/><F102/><W62/><G62/><T37/><D37/><U105/><E105/><V30/><F30/><N who="0" m="11882" /><D39/><U31/><REACH who="1" step="1"/><E49/><REACH who="1" ten="456,357,162,15" step="2"/><V122/><F122/><W64/><G64/><T108/><D126/><U55/><E55/><V58/><F11/><W130/><REACH who="3" step="1"/><G91/><REACH who="3" ten="456,357,162,5" step="2"/><T45/><D108/><U134/><E134/><V106/><F106/><W56/><G56/><AGARI ba="1,2" hai="15,17,20,22,25,31,44,47,50,53,56,82,84,88" machi="56" ten="30,7700,0" yaku="1,1,7,1,8,1,54,1,53,0" doraHai="107" doraHaiUra="34" who="1" fromWho="3" sc="456,0,357,100,162,0,5,-80" owari="456,25.6,457,55.7,162,-23.8,-75,-57.5" /></mjloggm>