<mjloggm ver="2.3"><GO type="169" lobby="0"/><UN n0="%E8%B5%A4%E7%BE%8E%E6%BF%83%E3%81%BE%E3%81%90%E3%82%8D" n1="%43%72%37" n2="%E6%B7%B3%E5%AD%90%E3%81%A7%E3%81%99" n3="%E3%83%8F%E3%82%BF%E3%83%A2%E3%83%88%E3%83%92%E3%83%AD" dan="16,18,17,17" rate="2153.61,2229.13,2210.48,2171.37" sx="M,M,M,M"/><TAIKYOKU oya="0"/><INIT seed="0,0,0,4,5,55" ten="250,250,250,250" oya="0" hai0="62,35,50,89,56,32,126,26,4,37,41,111,52" hai1="5,53,47,77,125,71,121,13,60,79,24,90,85" hai2="110,120,7,92,66,44,87,70,117,10,19,34,135" hai3="99,36,30,42,11,102,61,8,124,9,115,132,103"/><T119/><D119/><U39/><E121/><V83/><F120/><W58/><G115/><T97/><D111/><U100/><E125/><V96/><F34/><W22/><G124/><T86/><D126/><U51/><E39/><V21/><F135/><W6/><G132/><T133/><D133/><U25/><E100/><V54/><F110/><W74/><G74/><T20/><D37/><U69/><E69/><V122/><F122/><W131/><G131/><T65/><D4/><U45/><E45/><V80/><F66/><W114/><G114/><T108/><D41/><U1/><E1/><V123/><F70/><W57/><G6/><T31/><D97/><U113/><E71/><V118/><F123/><W128/><G128/><T75/><D75/><U104/><E104/><V130/><F130/><W82/><G82/><T49/><D49/><U17/><E60/><V2/><F80/><W81/><G81/><T63/><D63/><U76/><E5/><V107/><F107/><W106/><G103/><T27/><D27/><U38/><E38/><V88/><F44/><W73/><G73/><T48/><D48/><U18/><E18/><V14/><REACH who="2" step="1"/><F54/><REACH who="2" ten="250,250,240,250" step="2"/><W93/><G106/><T84/><D108/><U40/><E53/><V68/><F68/><W16/><G61/><T12/><D35/><U95/><REACH who="1" step="1"/><E113/><REACH who="1" ten="250,240,240,250" step="2"/><V72/><F72/><W67/><G67/><T59/><REACH who="0" step="1"/><D89/><AGARI ba="0,2" hai="2,7,10,14,19,21,83,87,88,89,92,96,117,118" machi="89" ten="40,5200,0" yaku="1,1,54,1,53,1" doraHai="55" doraHaiUra="94" who="2" fromWho="0" sc="250,-52,240,0,240,72,250,0" /><INIT seed="1,0,0,0,4,1" ten="198,240,312,250" oya="1" hai0="36,67,32,8,129,70,119,58,46,62,100,111,87" hai1="79,96,86,19,98,44,22,114,17,61,12,103,59" hai2="35,53,84,54,30,33,38,64,78,51,90,24,21" hai3="134,93,25,94,91,122,107,115,99,68,113,116,108"/><U117/><E114/><V71/><F38/><W95/><G68/><T128/><D32/><U126/><E126/><V125/><F125/><W60/><G122/><T16/><D119/><U133/><E133/><V76/><F64/><W57/><G116/><T92/><D111/><U18/><E117/><V118/><F71/><W81/><G108/><T52/><D100/><U2/><E2/><V109/><F118/><W49/><G134/><T105/><D105/><U4/><E44/><V123/><F123/><W10/><G107/><T85/><D92/><U63/><E63/><V34/><F54/><W11/><G81/><T131/><D46/><U42/><E42/><V37/><F37/><W102/><G94/><T50/><D36/><U101/><E86/><V124/><F124/><W43/><G115/><T28/><D28/><U130/><E79/><V106/><F106/><W23/><G49/><T110/><D110/><U74/><E74/><V13/><F13/><AGARI ba="0,0" hai="8,13,16,50,52,58,62,67,70,85,87,128,129,131" machi="13" ten="40,5200,0" yaku="19,1,54,2" doraHai="1" who="0" fromWho="2" sc="198,52,240,0,312,-52,250,0" /><INIT seed="2,0,0,4,5,21" ten="250,240,260,250" oya="2" hai0="0,15,34,51,99,105,123,97,78,53,3,62,45" hai1="110,22,104,50,5,121,88,115,8,26,20,89,18" hai2="131,48,106,72,122,77,2,81,95,67,1,65,12" hai3="52,55,100,135,44,49,98,93,17,108,43,35,84"/><V27/><F106/><W75/><G108/><T134/><D34/><U25/><E115/><V11/><F122/><W101/><G135/><T59/><D123/><U112/><E112/><V116/><F116/><W94/><G75/><T29/><D134/><U41/><E104/><V14/><F131/><W124/><G124/><T130/><D130/><U127/><E121/><V90/><F12/><W46/><G35/><T23/><D78/><U47/><E110/><V40/><F65/><W96/><G84/><T133/><D133/><U128/><E127/><V39/><F67/><W117/><G117/><T132/><D132/><U69/><E69/><V126/><F39/><W119/><G119/><T33/><D33/><U57/><E57/><V56/><F27/><W61/><G61/><T66/><D105/><U42/><E42/><V85/><F126/><W64/><G64/><T80/><D80/><U13/><E128/><V37/><F37/><W16/><REACH who="3" step="1"/><G55/><REACH who="3" ten="250,240,260,240" step="2"/><T120/><D120/><U32/><REACH who="1" step="1"/><E32/><REACH who="1" ten="250,230,260,240" step="2"/><V4/><F40/><W73/><G73/><T86/><D66/><U30/><AGARI ba="0,2" hai="5,8,13,18,20,22,25,26,30,41,47,50,88,89" machi="30" ten="20,16000,3" yaku="1,1,2,1,0,1,7,1,8,1,52,2,54,1,53,0" doraHai="21" doraHaiUra="70" who="1" fromWho="1" sc="250,-40,230,180,260,-80,240,-40" /><INIT seed="3,0,0,2,2,33" ten="210,410,180,200" oya="3" hai0="110,104,49,24,72,107,2,9,96,30,90,32,68" hai1="86,92,121,22,76,73,89,127,124,88,87,81,79" hai2="58,123,134,98,118,10,93,42,19,37,132,70,23" hai3="4,101,100,84,15,117,128,83,51,78,82,120,111"/><W26/><G117/><T34/><D110/><U135/><E121/><V91/><F70/><W46/><G120/><T45/><D34/><U115/><E22/><V7/><F118/><W69/><G128/><T48/><D68/><U5/><E5/><V20/><F123/><W67/><G111/><T113/><D113/><U17/><E17/><V125/><F125/><N who="1" m="48201" /><E115/><V47/><F58/><W106/><G106/><T54/><D72/><U28/><E28/><V95/><F95/><W12/><G26/><T65/><D65/><U57/><E57/><V62/><F62/><W109/><G109/><T116/><D116/><U59/><E59/><V133/><REACH who="2" step="1"/><F19/><REACH who="2" ten="210,410,170,200" step="2"/><W97/><G69/><T0/><D107/><U71/><E71/><V39/><F39/><W129/><G129/><T131/><D104/><U126/><E126/><V50/><F50/><W53/><G67/><T64/><D131/><U63/><E63/><V114/><F114/><W102/><G97/><T36/><D64/><U55/><E92/><V21/><F21/><W85/><REACH who="3" step="1"/><G4/><REACH who="3" ten="210,410,170,190" step="2"/><T18/><D96/><U6/><E6/><V75/><F75/><W52/><G52/><T3/><D54/><U31/><E55/><V99/><F99/><W29/><G29/><T16/><D30/><U1/><E31/><V103/><F103/><W41/><G41/><T56/><D36/><U40/><E40/><V27/><F27/><W25/><G25/><T122/><D24/><U80/><E73/><V105/><F105/><W94/><G94/><T66/><D122/><U60/><E87/><V130/><F130/><W43/><G43/><RYUUKYOKU ba="0,2" sc="210,-15,410,-15,170,15,190,15" hai2="7,10,20,23,37,42,47,91,93,98,132,133,134" hai3="12,15,46,51,53,78,82,83,84,85,100,101,102" /><INIT seed="3,1,2,0,3,127" ten="195,395,185,205" oya="3" hai0="69,96,119,113,21,55,114,8,79,110,134,24,43" hai1="15,7,48,9,53,133,83,66,57,35,14,97,91" hai2="10,89,47,98,87,40,58,112,120,130,56,128,25" hai3="38,4,118,116,42,84,70,62,123,1,93,115,46"/><W92/><G115/><N who="0" m="44043" /><D119/><U81/><E35/><V11/><F120/><W50/><G123/><T71/><D43/><U13/><E133/><V39/><F98/><W23/><G93/><T74/><D134/><U124/><E124/><V34/><F112/><W72/><G72/><T125/><D125/><U129/><E129/><N who="2" m="49771" /><F34/><W49/><G49/><T68/><D110/><U16/><E66/><V52/><F25/><W30/><G50/><T29/><D55/><U60/><E48/><N who="2" m="30727" /><F58/><W100/><G62/><T108/><D108/><U121/><E121/><V51/><F51/><W117/><G70/><T65/><D8/><U45/><E97/><V67/><F67/><W36/><G36/><T104/><D96/><U88/><E57/><V106/><F106/><W99/><G118/><T20/><D104/><U2/><E60/><V59/><F59/><W5/><G117/><T6/><D65/><U107/><E107/><V37/><F37/><W31/><G116/><T41/><D71/><U44/><E53/><V19/><F19/><W90/><G30/><T26/><D69/><U33/><E33/><V111/><F111/><W101/><G99/><T32/><D68/><U109/><E16/><V126/><F126/><W0/><G101/><T27/><D32/><U122/><E122/><V132/><F132/><W28/><G100/><T135/><D135/><U95/><E109/><V80/><AGARI ba="1,2" hai="10,11,39,40,47,80,87,89" m="30727,49771" machi="80" ten="30,8000,1" yaku="19,1,52,3,54,1" doraHai="127" who="2" fromWho="2" sc="195,-21,395,-21,185,103,205,-41" /><INIT seed="4,0,0,0,4,130" ten="174,374,288,164" oya="0" hai0="17,78,97,122,79,109,40,90,115,76,104,5,51" hai1="9,2,101,118,38,41,53,12,6,83,37,8,32" hai2="116,46,49,60,96,135,57,119,29,111,16,105,123" hai3="68,67,85,27,13,54,59,87,72,129,7,4,21"/><T19/><D122/><U74/><E118/><V98/><F29/><W48/><G72/><T82/><D115/><U63/><E32/><V10/><F111/><W58/><G68/><T11/><D109/><U31/><E31/><V70/><F70/><W102/><G129/><T33/><D33/><U61/><E101/><V71/><F71/><W25/><G102/><T15/><D104/><U36/><E53/><V88/><F105/><W14/><G54/><T34/><D34/><U89/><E41/><V99/><F123/><W47/><G48/><T108/><D108/><U92/><E83/><V75/><F75/><W35/><G35/><T77/><N who="0" m="19456" /><DORA hai="100" /><T94/><REACH who="0" step="1"/><D82/><REACH who="0" ten="164,374,288,164" step="2"/><U1/><E74/><V64/><F116/><W55/><G55/><T3/><D3/><U114/><E1/><V121/><F119/><W95/><G67/><T22/><D22/><U28/><E2/><V93/><F121/><W117/><G117/><T23/><D23/><U84/><E114/><V45/><F64/><W44/><G21/><T24/><D24/><U133/><E8/><V110/><F110/><W107/><G107/><T43/><D43/><U103/><E9/><V132/><F10/><W131/><G131/><T39/><D39/><U0/><E0/><V112/><F112/><W125/><REACH who="3" step="1"/><G95/><REACH who="3" ten="164,374,288,154" step="2"/><T128/><D128/><U106/><E38/><V26/><F93/><W50/><G50/><T120/><D120/><U18/><E37/><V20/><F49/><W81/><G81/><T56/><D56/><U52/><E36/><V113/><F57/><W126/><AGARI ba="0,2" hai="4,7,13,14,25,27,44,47,58,59,85,87,125,126" machi="126" ten="25,12000,2" yaku="1,1,0,1,22,2,53,2" doraHai="130,100" doraHaiUra="80,69" who="3" fromWho="3" sc="164,-60,374,-30,288,-30,154,140" /><INIT seed="5,0,0,0,0,6" ten="104,344,258,294" oya="1" hai0="51,71,116,102,74,56,8,24,96,63,22,113,76" hai1="130,18,77,118,91,119,10,36,109,46,43,45,28" hai2="50,99,60,98,69,72,115,37,21,42,83,40,127" hai3="106,78,26,61,111,93,117,64,100,120,7,5,125"/><U67/><E130/><V23/><F37/><W41/><G111/><T105/><D116/><U11/><E109/><V80/><F69/><W85/><G120/><T128/><D128/><U87/><E77/><V121/><F60/><W30/><G125/><T123/><D123/><U101/><E101/><V132/><F121/><W33/><G41/><T68/><D113/><U92/><E28/><V3/><F50/><W58/><G106/><T79/><D51/><U107/><E107/><V110/><F3/><W1/><G1/><T20/><D20/><U97/><E67/><V57/><F57/><W2/><G2/><T9/><D71/><U52/><E97/><V90/><F90/><W62/><G62/><T16/><D68/><U134/><E134/><V65/><F65/><W19/><G19/><T70/><D70/><U126/><E18/><V129/><F129/><W15/><G78/><T95/><D105/><U66/><E66/><V103/><F103/><W131/><G64/><N who="0" m="39015" /><D74/><U12/><E126/><V124/><F72/><W31/><G33/><T94/><D94/><U48/><REACH who="1" step="1"/><E12/><REACH who="1" ten="104,334,258,294" step="2"/><V59/><F110/><W114/><G15/><T104/><D104/><U89/><E89/><V38/><F124/><W75/><G100/><T122/><D122/><U86/><E86/><V82/><F127/><W44/><G85/><T17/><D17/><U34/><E34/><V29/><F98/><W0/><G75/><T88/><D102/><U133/><E133/><V32/><F132/><W55/><G0/><T14/><D14/><U35/><E35/><V73/><F32/><W25/><G131/><RYUUKYOKU ba="0,1" sc="104,15,334,15,258,-15,294,-15" hai0="8,9,16,22,24,76,79,88,95,96" hai1="10,11,36,43,45,46,48,52,87,91,92,118,119" /><INIT seed="5,1,1,3,2,96" ten="119,349,243,279" oya="1" hai0="42,102,99,37,33,73,90,38,1,80,124,69,0" hai1="52,32,39,82,15,31,35,26,132,110,23,17,74" hai2="100,58,118,14,81,134,79,48,34,70,20,113,122" hai3="22,91,3,61,135,40,57,41,59,86,11,77,109"/><U21/><E39/><N who="0" m="14857" /><D42/><U72/><E132/><V121/><F34/><W60/><G135/><T62/><D90/><U28/><E82/><V126/><F70/><W67/><G77/><N who="0" m="44079" /><D33/><N who="1" m="12875" /><E52/><N who="2" m="32007" /><F118/><W43/><G109/><T6/><D6/><U54/><E54/><V47/><F134/><W104/><G22/><T50/><D50/><U106/><E74/><V36/><F47/><W65/><G3/><T120/><D120/><U133/><E72/><V130/><F81/><W9/><REACH who="3" step="1"/><G104/><REACH who="3" ten="119,349,243,269" step="2"/><N who="0" m="63583" /><D124/><U111/><E133/><V117/><F126/><W63/><G63/><T27/><D27/><N who="1" m="16495" /><E106/><V53/><F121/><W78/><G78/><T128/><D128/><U4/><E111/><V7/><F79/><W83/><AGARI ba="1,2" hai="9,11,40,41,43,57,59,60,61,65,67,83,86,91" machi="83" ten="30,12000,2" yaku="1,1,0,1,9,1,8,1,53,2" doraHai="96" doraHaiUra="56" who="3" fromWho="3" sc="119,-31,349,-61,243,-31,269,143" /><INIT seed="6,0,0,4,4,110" ten="88,288,212,412" oya="2" hai0="3,28,107,117,67,47,84,35,88,17,113,68,104" hai1="48,62,129,50,108,56,15,102,54,64,26,118,134" hai2="87,1,86,41,20,44,98,80,2,60,59,66,135" hai3="95,21,7,31,9,53,120,96,16,74,103,69,42"/><V116/><F135/><W61/><G74/><T85/><D3/><U128/><E102/><V24/><F98/><W38/><G120/><T18/><D47/><U52/><E15/><V99/><F99/><W75/><G75/><T106/><D117/><U45/><E26/><V46/><F86/><W76/><G76/><T82/><D113/><U25/><E25/><V122/><F122/><W27/><G38/><T51/><D28/><U81/><E81/><V19/><F46/><W90/><G42/><T32/><D51/><U83/><E83/><V49/><REACH who="2" step="1"/><F116/><REACH who="2" ten="88,288,202,412" step="2"/><W10/><G96/><T22/><D85/><U37/><E118/><V79/><AGARI ba="0,1" hai="1,2,19,20,24,41,44,49,59,60,66,79,80,87" machi="79" ten="20,7800,0" yaku="1,1,2,1,0,1,7,1,53,0" doraHai="110" doraHaiUra="94" who="2" fromWho="2" sc="88,-26,288,-26,202,88,412,-26" /><INIT seed="6,1,0,1,0,72" ten="62,262,290,386" oya="2" hai0="63,69,119,66,0,22,125,44,65,17,55,56,99" hai1="40,80,133,4,129,53,106,45,27,43,47,15,57" hai2="35,16,124,9,33,46,50,104,62,64,39,93,41" hai3="2,128,37,134,100,30,122,123,52,101,94,28,95"/><V86/><F104/><W88/><G37/><T111/><D0/><U51/><E106/><V70/><F124/><W78/><G2/><T109/><D99/><U135/><E27/><V126/><F126/><W12/><G134/><N who="1" m="51210" /><E80/><V116/><F116/><W82/><G128/><T29/><D29/><U21/><E21/><V127/><F39/><W73/><G95/><T76/><D125/><U74/><E74/><V49/><F49/><W58/><G30/><T132/><D132/><U6/><E15/><V81/><F93/><W117/><G117/><T7/><D7/><U79/><E79/><V114/><F114/><W112/><G112/><T91/><D91/><U83/><E83/><V25/><F127/><W42/><G42/><N who="1" m="15914" /><E4/><V54/><F41/><W110/><G110/><T36/><D22/><U61/><E6/><V96/><F96/><W5/><G28/><T92/><D17/><U20/><E20/><V115/><F115/><W24/><G24/><T107/><D92/><U121/><E129/><V75/><F75/><W10/><G101/><T23/><D23/><U19/><E19/><V67/><F25/><W13/><G13/><T130/><D107/><U26/><E121/><V11/><F11/><W48/><G100/><T14/><D14/><U84/><E26/><V34/><F9/><W103/><G103/><T71/><D130/><U108/><E108/><N who="0" m="41545" /><D76/><U77/><E51/><V131/><F16/><W3/><G12/><T102/><D102/><U68/><E68/><N who="0" m="26185" /><D119/><U120/><E120/><V97/><F97/><AGARI ba="1,0" hai="3,5,10,48,52,58,73,78,82,88,94,97,122,123" machi="97" ten="30,7700,0" yaku="7,1,52,1,54,2" doraHai="72" who="3" fromWho="2" sc="62,0,262,0,290,-80,386,80" /><INIT seed="7,0,0,2,1,128" ten="62,262,210,466" oya="3" hai0="122,53,33,28,36,5,77,118,106,130,22,66,45" hai1="83,38,94,124,123,42,79,117,37,102,24,73,57" hai2="7,67,135,26,41,6,13,10,20,50,81,126,100" hai3="78,74,55,3,56,31,19,119,112,134,72,104,82"/><W54/><G119/><T108/><D22/><U35/><E123/><V85/><F126/><W62/><G31/><T90/><D5/><U96/><E124/><V60/><F100/><W18/><G104/><T86/><D86/><U63/><E42/><V131/><F131/><W129/><G3/><T109/><D90/><U99/><E117/><V92/><F92/><W127/><G112/><T17/><D17/><U40/><E40/><V97/><F97/><W46/><G74/><T133/><D77/><U132/><E132/><V11/><F41/><W14/><G134/><T25/><D53/><U30/><E99/><V107/><F135/><W65/><G129/><T4/><D4/><U80/><E80/><V70/><F107/><W12/><G127/><T61/><D45/><U16/><E16/><V76/><F50/><W120/><G46/><T93/><D93/><U39/><E39/><V64/><F70/><W27/><G27/><T91/><D91/><U51/><E51/><V21/><F60/><W110/><G18/><T75/><D61/><U115/><E115/><V52/><F52/><AGARI ba="0,0" hai="24,30,35,37,38,52,57,63,73,79,83,94,96,102" machi="52" ten="30,2000,0" yaku="7,1,54,1" doraHai="128" who="1" fromWho="2" sc="62,0,262,20,210,-20,466,0" owari="62,-43.8,282,8.2,190,-21.0,466,56.6" /></mjloggm>