<mjloggm ver="2.3"><GO type="169" lobby="0"/><UN n0="%E2%97%8E%E3%82%88%E3%81%97%E2%97%8E" n1="%E3%81%A1%E3%82%83%E3%81%B0%E3%82%8A%E3%83%BC%E3%82%84" n2="%E3%82%AB%E3%83%AB%E3%83%94%E3%82%B9%E3%82%B5%E3%83%AF%E3%83%BC" n3="%E5%9C%A7%E5%80%92%E7%9A%84%E3%83%9D%E3%83%B3" dan="17,16,17,17" rate="2168.77,2130.46,2225.91,2210.56" sx="M,M,M,M"/><TAIKYOKU oya="0"/><INIT seed="0,0,0,4,1,68" ten="250,250,250,250" oya="0" hai0="85,33,52,86,45,82,124,1,131,99,3,23,58" hai1="105,50,51,130,84,49,24,69,92,31,66,119,113" hai2="30,60,59,41,132,39,4,54,13,125,6,61,114" hai3="76,0,26,135,90,5,78,96,95,126,110,67,53"/><T64/><D33/><U40/><E119/><V25/><F114/><W46/><G110/><T63/><D124/><U28/><E113/><V47/><F125/><W77/><G135/><T75/><D131/><U115/><E115/><V97/><F132/><W74/><G74/><T72/><D72/><U133/><E133/><V108/><F108/><W57/><G67/><T123/><D75/><U18/><E105/><V15/><F97/><W104/><G104/><T116/><D116/><U16/><E130/><V48/><F13/><W35/><G0/><T70/><D99/><U44/><E31/><V120/><F120/><W27/><G5/><T17/><D45/><U42/><E66/><V20/><F60/><W32/><G46/><T83/><D123/><U109/><E69/><V128/><F128/><W127/><G35/><T65/><D65/><U11/><E11/><V43/><F43/><N who="1" m="16425" /><E44/><V93/><F93/><W80/><G80/><T73/><D73/><U89/><E109/><V7/><REACH who="2" step="1"/><F15/><REACH who="2" ten="250,250,240,250" step="2"/><W102/><G127/><T34/><D1/><U94/><E92/><V2/><F2/><W117/><G126/><T22/><D3/><U81/><E94/><V62/><AGARI ba="0,1" hai="4,6,7,20,25,30,39,41,47,48,54,59,61,62" machi="62" ten="30,4000,0" yaku="1,1,0,1,52,1,53,0" doraHai="68" doraHaiUra="101" who="2" fromWho="2" sc="250,-20,250,-10,240,50,250,-10" /><INIT seed="1,0,0,4,0,56" ten="230,240,290,240" oya="1" hai0="63,8,78,44,131,100,88,83,123,40,28,130,119" hai1="67,20,39,84,135,49,68,71,77,110,97,104,106" hai2="96,81,125,59,101,116,14,35,107,91,128,48,95" hai3="37,69,98,76,33,50,19,1,129,17,38,22,23"/><U11/><E39/><V51/><F116/><W70/><G1/><T80/><D119/><U41/><E135/><V121/><F121/><W3/><G3/><T72/><D100/><U120/><E120/><V21/><F35/><W114/><G33/><T0/><D123/><U42/><E68/><V47/><F128/><W54/><G129/><N who="0" m="49163" /><D28/><U52/><E110/><V79/><F125/><W89/><G76/><T103/><D103/><U126/><E126/><V46/><F59/><W4/><G4/><N who="0" m="1031" /><D80/><U82/><E11/><V9/><F21/><W18/><G114/><T15/><D15/><U27/><E97/><V36/><F36/><W113/><G113/><T127/><D127/><U60/><E104/><V58/><F58/><W26/><G38/><N who="0" m="21527" /><D88/><U64/><E106/><V13/><F46/><W133/><G37/><T75/><D75/><U115/><E115/><V30/><F30/><W132/><G89/><T53/><D53/><U122/><E122/><V124/><F124/><W61/><G98/><T94/><D94/><U108/><E67/><V55/><F9/><W99/><G99/><T10/><D10/><U86/><E86/><N who="2" m="52727" /><F48/><W12/><G19/><T45/><D45/><N who="1" m="27695" /><E108/><V25/><F25/><W109/><G109/><T66/><D66/><U6/><E6/><V90/><F90/><W118/><G118/><T5/><D5/><U74/><E74/><AGARI ba="0,0" hai="13,14,47,51,55,74,79,81,96,101,107" m="52727" machi="74" ten="30,1000,0" yaku="24,1" doraHai="56" who="2" fromWho="1" sc="230,0,240,-10,290,10,240,0" /><INIT seed="2,0,0,4,3,46" ten="230,230,300,240" oya="2" hai0="16,135,109,45,3,134,111,65,75,119,112,78,52" hai1="31,58,37,12,104,13,132,0,50,114,90,64,24" hai2="70,126,57,47,122,101,14,28,98,55,83,102,15" hai3="80,71,34,54,4,42,27,88,115,125,91,10,106"/><V123/><F70/><W6/><G71/><T26/><D112/><U95/><E114/><V131/><F131/><W19/><G106/><T40/><D3/><U21/><E132/><N who="0" m="50729" /><D119/><U76/><E0/><V36/><F126/><W39/><G125/><T5/><D5/><U67/><E104/><V89/><F28/><W100/><G100/><T121/><D65/><U49/><E37/><V129/><F129/><W117/><G117/><T93/><D93/><U127/><E127/><V118/><F118/><W133/><G115/><T9/><D121/><U99/><E76/><V2/><F2/><W105/><G105/><T68/><D68/><U79/><E79/><V33/><F33/><W97/><G91/><T82/><D9/><U53/><REACH who="1" step="1"/><E50/><REACH who="1" ten="230,220,300,240" step="2"/><V61/><F122/><W77/><G133/><T17/><D26/><U48/><E48/><N who="2" m="29087" /><F36/><W130/><G39/><N who="0" m="21663" /><D52/><U43/><E43/><V7/><F123/><W11/><G54/><T107/><D107/><U116/><E116/><V56/><F15/><AGARI ba="0,1" hai="12,13,15,21,24,31,49,53,58,64,67,90,95,99" machi="15" ten="40,8000,1" yaku="1,1,8,1,52,1,53,1" doraHai="46" doraHaiUra="51" who="1" fromWho="2" sc="230,0,220,90,300,-80,240,0" /><INIT seed="3,0,0,4,1,3" ten="230,310,220,240" oya="3" hai0="87,112,103,124,72,28,78,66,6,88,86,133,62" hai1="128,116,47,12,123,69,97,132,11,35,80,89,32" hai2="73,100,36,31,45,13,9,14,98,27,29,68,34" hai3="117,58,71,109,134,75,5,111,53,18,30,70,33"/><W16/><G75/><T121/><D121/><U96/><E123/><V25/><F73/><W115/><G117/><T101/><D72/><U102/><E69/><V10/><F68/><W59/><G115/><T8/><D28/><U106/><E128/><V22/><F36/><W15/><G71/><T38/><D38/><U44/><E132/><V94/><F45/><W118/><G59/><N who="0" m="37215" /><D133/><U23/><E116/><V65/><F65/><W40/><G40/><T55/><D55/><U120/><E120/><V129/><F129/><W39/><G39/><T48/><D48/><U76/><E23/><V49/><F49/><W20/><G118/><T37/><D37/><U43/><E96/><V57/><F57/><W24/><G70/><T83/><D124/><U135/><E89/><V74/><F74/><W54/><G54/><T21/><D21/><U60/><E60/><V107/><F107/><W95/><G134/><T64/><D64/><U1/><E1/><V110/><F110/><N who="3" m="41995" /><G95/><N who="0" m="54679" /><D112/><U93/><E106/><V46/><F46/><N who="1" m="17449" /><E43/><V122/><F122/><W0/><G0/><T119/><D119/><U79/><E135/><V19/><REACH who="2" step="1"/><F14/><AGARI ba="0,0" hai="6,8,14,78,83,87,101,103" m="54679,37215" machi="14" ten="30,3900,0" yaku="8,1,52,1,54,1" doraHai="3" who="0" fromWho="2" sc="230,39,310,0,220,-39,240,0" /><INIT seed="4,0,0,3,2,17" ten="269,310,181,240" oya="0" hai0="1,52,92,4,73,124,81,30,3,34,125,66,135" hai1="133,103,22,122,49,67,44,80,65,128,54,10,110" hai2="100,105,21,27,74,120,101,11,39,55,56,127,7" hai3="9,83,36,29,86,43,126,114,59,23,13,61,6"/><T106/><D106/><U108/><E122/><V82/><F120/><W132/><G114/><T129/><D66/><U76/><E128/><V32/><F39/><W2/><G126/><N who="0" m="48747" /><D129/><U35/><E35/><V0/><F127/><W116/><G116/><T72/><D135/><U37/><E133/><V97/><F100/><W68/><G68/><T88/><D81/><U107/><E37/><V5/><F5/><W47/><G132/><T33/><D4/><U112/><E112/><V111/><F111/><W18/><G29/><T15/><D15/><U38/><E38/><V50/><F32/><N who="0" m="12394" /><D30/><U93/><E107/><V113/><F113/><W85/><REACH who="3" step="1"/><G83/><REACH who="3" ten="269,310,181,230" step="2"/><T79/><D79/><U96/><E110/><V53/><F82/><W42/><G42/><T78/><D78/><U115/><E115/><V121/><F121/><W14/><G14/><T26/><D26/><U104/><E108/><V31/><F31/><W109/><G109/><T19/><D19/><U46/><E80/><V58/><F27/><W48/><G48/><T102/><D1/><U24/><E76/><V20/><REACH who="2" step="1"/><F74/><REACH who="2" ten="269,310,171,230" step="2"/><W51/><G51/><AGARI ba="0,2" hai="0,7,11,20,21,50,51,53,55,56,58,97,101,105" machi="51" ten="30,12000,2" yaku="1,1,2,1,7,1,9,1,52,2,53,0" doraHai="17" doraHaiUra="90" who="2" fromWho="3" sc="269,0,310,0,171,140,230,-120" /><INIT seed="5,0,0,0,0,34" ten="269,310,311,110" oya="1" hai0="68,113,67,65,59,89,97,31,18,88,116,12,10" hai1="51,86,3,44,70,64,9,133,22,83,58,78,117" hai2="130,95,40,69,110,121,53,15,61,107,6,108,127" hai3="11,36,55,48,129,76,109,114,79,42,73,100,66"/><U115/><E117/><V87/><F107/><W99/><G109/><T28/><D116/><U17/><E115/><V104/><F104/><W45/><G114/><T20/><D68/><U131/><E133/><V80/><F121/><W91/><G129/><T94/><D113/><U23/><E131/><V111/><F130/><W24/><G66/><T118/><D118/><U62/><E70/><V96/><F127/><W26/><G91/><T124/><D124/><U123/><E123/><V98/><F40/><W47/><G73/><T2/><D89/><U135/><E135/><V38/><F38/><W46/><G46/><T4/><REACH who="0" step="1"/><D65/><REACH who="0" ten="259,310,311,110" step="2"/><U77/><E77/><V32/><F69/><W21/><G79/><T7/><D7/><U122/><E122/><V71/><F71/><W126/><G76/><T106/><D106/><U85/><E85/><V8/><F87/><W16/><G126/><T25/><D25/><U112/><E112/><V75/><F110/><W105/><REACH who="3" step="1"/><G11/><REACH who="3" ten="259,310,311,100" step="2"/><T101/><D101/><U74/><E9/><V14/><F108/><W72/><G72/><T63/><AGARI ba="0,2" hai="2,4,10,12,18,20,28,31,59,63,67,88,94,97" machi="63" ten="30,7900,0" yaku="1,1,0,1,52,1,54,1,53,0" doraHai="34" doraHaiUra="39" who="0" fromWho="0" sc="259,99,310,-39,311,-20,100,-20" /><INIT seed="6,0,0,5,1,30" ten="358,271,291,80" oya="2" hai0="29,52,20,61,34,5,118,21,133,126,129,37,12" hai1="72,26,39,135,70,43,81,67,132,9,87,97,27" hai2="112,6,58,60,49,42,15,91,45,40,25,115,77" hai3="13,84,92,63,124,104,36,76,79,3,2,48,35"/><V74/><F91/><W93/><G104/><T68/><D37/><U41/><E72/><V24/><F42/><N who="1" m="15881" /><E39/><V71/><F71/><W23/><G36/><T134/><D126/><U28/><E97/><V50/><F50/><W98/><G124/><T32/><D129/><U116/><E116/><V123/><F123/><W101/><G63/><T11/><D118/><U17/><E67/><V119/><F119/><W95/><G95/><T31/><D68/><U19/><E70/><V54/><F74/><W117/><G117/><T102/><D102/><U96/><E96/><V122/><F77/><W44/><G35/><N who="0" m="13355" /><D52/><U14/><E19/><V73/><F73/><W47/><G47/><T109/><D61/><U75/><E28/><N who="0" m="10825" /><D109/><U100/><E75/><V114/><F122/><W110/><G110/><T131/><D131/><U33/><E33/><V64/><F54/><W1/><G44/><T0/><D0/><U125/><E100/><V53/><F53/><W111/><G48/><T51/><D51/><U82/><E125/><V128/><F128/><W78/><G111/><T127/><D127/><U59/><E59/><V120/><F120/><W55/><G55/><T18/><D18/><U4/><E17/><V94/><F94/><W88/><G13/><T22/><AGARI ba="0,0" hai="5,11,12,20,21,22,133,134" m="10825,13355" machi="22" ten="40,8000,1" yaku="34,2,52,3" doraHai="30" who="0" fromWho="0" sc="358,80,271,-20,291,-40,80,-20" /><INIT seed="7,0,0,3,4,89" ten="438,251,251,60" oya="3" hai0="43,124,116,29,72,87,35,13,81,16,49,0,4" hai1="33,1,30,23,120,11,56,77,91,37,39,31,73" hai2="74,64,78,8,24,90,96,2,14,19,82,40,58" hai3="50,12,104,101,114,71,125,131,102,3,107,92,18"/><W32/><G32/><T21/><D72/><U68/><E120/><V67/><F2/><W44/><G71/><T133/><D116/><U79/><E56/><V109/><F109/><W85/><G3/><T6/><D124/><U76/><E73/><V36/><F24/><W34/><G34/><T123/><D123/><U15/><E68/><V95/><REACH who="2" step="1"/><F58/><REACH who="2" ten="438,251,241,60" step="2"/><W9/><G125/><T112/><D0/><U100/><E1/><V69/><F69/><W113/><G131/><T25/><D25/><U105/><E33/><V65/><F65/><W54/><G102/><T122/><D35/><U106/><E100/><V108/><F108/><W118/><G118/><T135/><D122/><U132/><E132/><V61/><F61/><W46/><G46/><AGARI ba="0,1" hai="8,14,19,36,40,46,64,67,74,78,82,90,95,96" machi="46" ten="40,2600,0" yaku="1,1,52,1,53,0" doraHai="89" doraHaiUra="134" who="2" fromWho="3" sc="438,0,251,0,241,36,60,-26" owari="438,53.8,251,-14.9,277,7.7,34,-46.6" /></mjloggm>