<mjloggm ver="2.3"><GO type="169" lobby="0"/><UN n0="%70%65%6E%74%6F%6C%61" n1="%E2%80%A0%E7%99%BD%E5%85%8E%E2%80%A0" n2="%E3%81%8B%E3%82%81%E3%81%98%E3%82%8D%E3%81%86" n3="%E9%81%8B%E3%81%A7%E5%8B%9D%E3%81%A4" dan="16,17,17,17" rate="2191.41,2212.25,2224.93,2147.18" sx="M,M,M,M"/><TAIKYOKU oya="0"/><INIT seed="0,0,0,0,1,46" ten="250,250,250,250" oya="0" hai0="65,127,97,106,52,91,48,40,31,57,102,42,124" hai1="86,64,98,3,83,84,77,23,73,119,45,112,110" hai2="60,44,38,47,99,129,28,24,70,26,92,72,5" hai3="1,21,123,81,54,76,74,16,63,122,66,79,49"/><T94/><D31/><U53/><E119/><V10/><F72/><W68/><G1/><T4/><D4/><U17/><E3/><V69/><F129/><W103/><G103/><T114/><D114/><U109/><E64/><V71/><F60/><W131/><G131/><T43/><REACH who="0" step="1"/><D65/><REACH who="0" ten="240,250,250,250" step="2"/><U36/><E112/><V33/><F38/><W50/><G79/><T134/><D134/><U39/><E36/><V107/><F107/><W59/><REACH who="3" step="1"/><G50/><REACH who="3" ten="240,250,250,240" step="2"/><T30/><D30/><U15/><E77/><V111/><F28/><W11/><G11/><T128/><D128/><U34/><E39/><V101/><F10/><W75/><G75/><T78/><D78/><U41/><E73/><V132/><F132/><W89/><G89/><T62/><D62/><U19/><E109/><V35/><F5/><W126/><G126/><T115/><D115/><U2/><E110/><V18/><F18/><W113/><G113/><T29/><D29/><U130/><E17/><V135/><F135/><W104/><G104/><T13/><D13/><AGARI ba="0,2" hai="13,16,21,49,54,59,63,66,68,74,76,81,122,123" machi="13" ten="40,5200,0" yaku="1,1,52,1,54,1,53,0" doraHai="46" doraHaiUra="133" who="3" fromWho="0" sc="240,-52,250,0,250,0,240,72" /><INIT seed="1,0,0,1,2,22" ten="188,250,250,312" oya="1" hai0="119,41,6,35,19,102,62,135,91,16,82,5,90" hai1="31,97,55,45,122,116,95,46,112,101,134,27,111" hai2="50,28,130,114,88,104,132,48,61,30,83,131,107" hai3="18,64,32,9,129,24,109,51,78,10,125,49,69"/><U105/><E112/><V8/><F114/><W71/><G109/><T72/><D119/><U1/><E116/><V52/><F132/><W23/><G129/><N who="2" m="49161" /><F8/><W38/><G38/><T76/><D135/><U117/><E117/><V123/><F123/><W120/><G120/><T75/><D102/><U92/><E122/><V74/><F61/><W128/><G128/><T93/><D35/><U96/><E1/><V39/><F39/><W87/><G32/><T13/><D72/><U103/><E134/><V47/><F50/><W42/><G125/><T121/><D121/><U66/><E66/><V89/><F74/><W106/><G106/><N who="2" m="40489" /><F83/><N who="3" m="47607" /><G69/><T43/><D62/><U26/><E105/><V17/><F17/><W67/><G71/><T33/><D33/><U94/><E111/><V124/><F124/><W99/><G51/><T59/><D59/><U127/><E127/><V77/><F77/><W21/><G21/><T53/><D76/><U63/><E95/><V7/><F7/><W15/><G15/><T81/><D75/><U56/><E31/><AGARI ba="0,0" hai="28,30,31,47,48,52,88,89" m="40489,49161" machi="31" ten="30,3900,0" yaku="19,1,54,2" doraHai="22" who="2" fromWho="1" sc="188,0,250,-39,250,39,312,0" /><INIT seed="2,0,0,2,2,95" ten="188,211,289,312" oya="2" hai0="96,28,102,114,74,49,97,130,108,48,12,75,81" hai1="37,84,24,20,17,46,21,15,118,45,94,122,19" hai2="9,115,99,86,131,67,47,57,104,83,52,42,123" hai3="109,90,121,61,27,111,105,30,3,60,54,103,132"/><V69/><F123/><W107/><G3/><T98/><D114/><U101/><E118/><V41/><F115/><W82/><G121/><T55/><D108/><N who="3" m="41545" /><G132/><T77/><D75/><U23/><E122/><V38/><F131/><W10/><G10/><T120/><D120/><U14/><E37/><V64/><F41/><W87/><G54/><T13/><D130/><U119/><E119/><V35/><F35/><N who="3" m="20959" /><G103/><T62/><D102/><U40/><E40/><V100/><F9/><W127/><G127/><T92/><D92/><U63/><E63/><AGARI ba="0,0" hai="60,61,63,82,87,90,105,107" m="20959,41545" machi="63" ten="30,1000,0" yaku="14,1" doraHai="95" who="3" fromWho="1" sc="188,0,211,-10,289,0,312,10" /><INIT seed="3,0,0,3,1,41" ten="188,201,289,322" oya="3" hai0="64,79,53,83,39,131,88,20,86,4,73,74,114" hai1="84,40,90,30,48,107,98,29,94,45,105,128,103" hai2="18,13,124,58,62,2,112,115,92,133,52,21,130" hai3="46,27,71,7,111,129,42,100,11,95,108,93,16"/><W110/><G71/><T49/><D39/><U77/><E128/><V15/><F2/><N who="3" m="503" /><G129/><T37/><D37/><U43/><E107/><V59/><F130/><W19/><G100/><T125/><D131/><U56/><E40/><V22/><F124/><W122/><G122/><T76/><D125/><U35/><E35/><V32/><F32/><W97/><G27/><T91/><D64/><U104/><E104/><V72/><F72/><W31/><G31/><T119/><D119/><U70/><E70/><V132/><F92/><N who="3" m="35403" /><G97/><T17/><D4/><U47/><E47/><V69/><F69/><W87/><G87/><T23/><D114/><U1/><E1/><V134/><F59/><W55/><G55/><T127/><D127/><U121/><E121/><V0/><F0/><W123/><G123/><T96/><D96/><U66/><REACH who="1" step="1"/><E77/><REACH who="1" ten="188,191,289,322" step="2"/><V50/><F62/><AGARI ba="0,1" hai="29,30,43,45,48,56,62,66,84,90,94,98,103,105" machi="62" ten="40,5200,0" yaku="1,1,2,1,52,1,53,0" doraHai="41" doraHaiUra="116" who="1" fromWho="2" sc="188,0,191,62,289,-52,322,0" /><INIT seed="4,0,0,3,2,11" ten="188,253,237,322" oya="0" hai0="123,113,63,56,89,91,128,36,115,51,69,109,90" hai1="71,32,98,45,92,26,78,53,16,3,125,106,38" hai2="126,5,41,66,27,43,80,75,31,19,77,87,54" hai3="47,70,94,64,4,120,72,48,62,59,37,60,9"/><T81/><D123/><U46/><E3/><V129/><F126/><W97/><G120/><T18/><D36/><U7/><E7/><V116/><F129/><W102/><G72/><T39/><D39/><U114/><E71/><V96/><F116/><W28/><G37/><T82/><D128/><U42/><E106/><V50/><F66/><W76/><G76/><T14/><D51/><U49/><E78/><V40/><F5/><W105/><G28/><T29/><D29/><U132/><E132/><V20/><F96/><W1/><G62/><T118/><D69/><U13/><E26/><V86/><REACH who="2" step="1"/><F31/><REACH who="2" ten="188,253,227,322" step="2"/><W10/><G70/><T133/><D118/><U73/><E125/><V88/><F88/><W25/><G4/><T101/><D101/><U93/><E98/><V110/><F110/><W55/><G1/><T21/><D109/><U35/><E114/><N who="0" m="43529" /><D133/><U122/><E122/><V67/><F67/><AGARI ba="0,1" hai="14,18,21,56,63,67,81,82,89,90,91" m="43529" machi="67" ten="30,2900,0" yaku="15,1,52,1" doraHai="11" who="0" fromWho="2" sc="188,39,253,0,227,-29,322,0" /><INIT seed="4,1,0,4,2,38" ten="227,253,198,322" oya="0" hai0="112,32,88,28,134,13,87,19,3,135,0,93,78" hai1="116,99,27,96,101,61,80,110,49,75,95,51,4" hai2="33,20,108,23,121,29,17,89,124,73,42,60,84" hai3="8,109,119,46,91,34,74,72,71,5,43,76,92"/><T45/><D112/><U85/><E110/><V79/><F108/><W35/><G109/><T21/><D78/><U55/><E75/><V31/><F121/><W69/><G119/><T7/><D45/><U86/><E86/><V113/><F124/><W48/><G71/><T77/><D77/><U120/><E120/><V123/><F123/><W111/><G69/><T103/><D103/><U37/><E37/><V6/><F6/><W66/><G66/><T36/><D36/><U115/><E4/><V11/><F11/><W58/><G58/><T98/><D98/><U26/><E99/><V90/><F33/><W62/><G62/><T9/><D3/><U53/><E61/><V2/><F2/><W97/><G111/><T47/><D47/><N who="1" m="27839" /><E115/><V83/><F60/><W104/><G104/><T30/><REACH who="0" step="1"/><D32/><REACH who="0" ten="217,253,198,322" step="2"/><U63/><E96/><V133/><F79/><W131/><G74/><T68/><D68/><U122/><E101/><V118/><F73/><W57/><G76/><T14/><D14/><U82/><E122/><V39/><F39/><W10/><G72/><T106/><D106/><U107/><E107/><V94/><F90/><W114/><G114/><T128/><D128/><U50/><E85/><V25/><F113/><W100/><G131/><T81/><D81/><U105/><E82/><V24/><F83/><W117/><G100/><T129/><D129/><U15/><E80/><V59/><F84/><W64/><G34/><T126/><D126/><U130/><E105/><V18/><F89/><W67/><G35/><T52/><D52/><U1/><E130/><V102/><F102/><RYUUKYOKU ba="1,1" sc="217,30,253,-10,198,-10,322,-10" hai0="0,7,9,13,19,21,28,30,87,88,93,134,135" /><INIT seed="4,2,1,0,0,13" ten="247,243,188,312" oya="0" hai0="97,133,94,20,73,70,16,34,53,8,131,69,49" hai1="121,77,100,87,80,116,72,22,105,90,36,62,19" hai2="17,68,24,95,26,88,48,6,47,98,58,108,120" hai3="64,99,127,92,63,41,1,4,122,76,125,18,117"/><T56/><D34/><U83/><E116/><V14/><F108/><W44/><G117/><T39/><D73/><U129/><E36/><V2/><F68/><W12/><G76/><T42/><D131/><U30/><E121/><V43/><F120/><W60/><G122/><T102/><D133/><U113/><E30/><V84/><F2/><W15/><G1/><T27/><REACH who="0" step="1"/><D8/><REACH who="0" ten="237,243,188,312" step="2"/><U28/><E129/><V51/><F6/><W81/><G4/><T71/><D71/><U78/><E72/><V66/><F98/><W38/><G127/><T115/><D115/><U114/><E113/><V29/><F29/><W9/><G125/><T132/><D132/><U54/><E28/><V25/><F66/><W55/><G9/><T37/><D37/><U106/><E114/><V75/><F75/><W57/><G38/><T52/><D52/><U103/><E54/><N who="2" m="32095" /><F26/><W59/><G64/><T82/><D82/><U111/><E80/><V74/><F74/><W11/><G81/><T31/><D31/><U23/><E83/><V124/><F124/><W50/><G15/><T89/><D89/><U5/><E90/><V61/><F61/><N who="3" m="23627" /><G55/><T3/><D3/><U35/><E35/><V46/><F46/><AGARI ba="2,2" hai="16,20,27,39,42,46,49,53,56,69,70,94,97,102" machi="46" ten="40,12000,1" yaku="1,1,52,1,54,1,53,1" doraHai="13" doraHaiUra="91" who="0" fromWho="2" sc="237,146,243,0,188,-126,312,0" /><INIT seed="4,3,0,2,5,102" ten="383,243,62,312" oya="0" hai0="69,44,128,68,126,7,9,120,95,77,96,100,72" hai1="107,5,117,118,103,78,105,124,40,12,81,6,119" hai2="64,42,0,76,91,28,89,80,125,61,19,79,134" hai3="135,109,123,8,85,36,23,127,56,53,115,130,87"/><T63/><D120/><U82/><E103/><V31/><F0/><W30/><G109/><T33/><D33/><U108/><E108/><V132/><F125/><W70/><G70/><T15/><D126/><U3/><E124/><V41/><F19/><W133/><G36/><T46/><D128/><U65/><E3/><V84/><F64/><W94/><G127/><T25/><D72/><U48/><E65/><V21/><F61/><W39/><G39/><T112/><D77/><U60/><E60/><V57/><F57/><W43/><G43/><T10/><D112/><U75/><E82/><V73/><F21/><W47/><G47/><T45/><D25/><U88/><E88/><V4/><F4/><W62/><G130/><T71/><REACH who="0" step="1"/><D10/><REACH who="0" ten="373,243,62,312" step="2"/><U74/><E74/><V121/><F73/><W38/><G115/><T66/><AGARI ba="3,1" hai="7,9,15,44,45,46,63,66,68,69,71,95,96,100" machi="66" ten="30,6000,0" yaku="1,1,2,1,0,1,53,0" doraHai="102" doraHaiUra="129" who="0" fromWho="0" sc="373,79,243,-23,62,-23,312,-23" /><INIT seed="4,4,0,4,0,106" ten="452,220,39,289" oya="0" hai0="134,130,80,117,34,8,90,70,81,30,31,119,111" hai1="27,41,32,116,1,11,121,55,61,109,14,39,40" hai2="9,115,135,13,42,24,86,45,17,123,59,43,54" hai3="64,73,95,4,28,57,47,69,22,124,105,19,15"/><T56/><D70/><U2/><E109/><V92/><F123/><W93/><G105/><T133/><D111/><U78/><E121/><V128/><F115/><W97/><G124/><T126/><D126/><U85/><E32/><V79/><F135/><N who="0" m="51722" /><D34/><U66/><E27/><V72/><F128/><W88/><G69/><T21/><D130/><U127/><E55/><V94/><F72/><W77/><G28/><N who="0" m="10795" /><D21/><U20/><E20/><V48/><F24/><W103/><G4/><T44/><D44/><U58/><E116/><V101/><F101/><W104/><G47/><T120/><D56/><U26/><E26/><V35/><F35/><W62/><REACH who="3" step="1"/><G88/><REACH who="3" ten="452,220,39,279" step="2"/><T6/><D90/><U132/><E127/><V125/><F125/><W131/><G131/><T52/><D120/><U5/><E5/><V84/><F43/><W16/><G16/><T98/><D119/><U110/><E40/><V53/><F42/><W7/><G7/><T10/><D98/><U75/><E41/><V96/><F92/><W113/><G113/><T50/><D117/><U36/><E132/><V129/><F129/><W118/><G118/><T108/><D108/><U25/><E110/><V114/><F114/><W83/><AGARI ba="4,1" hai="15,19,22,57,62,64,73,77,83,93,95,97,103,104" machi="83" ten="30,4000,0" yaku="1,1,0,1,52,1,53,0" doraHai="106" doraHaiUra="46" who="3" fromWho="3" sc="452,-24,220,-14,39,-14,279,62" /><INIT seed="5,0,0,4,4,94" ten="428,206,25,341" oya="1" hai0="43,16,67,70,108,113,86,88,101,114,97,106,60" hai1="19,59,99,122,24,77,31,78,61,37,36,0,132" hai2="76,41,39,121,80,93,135,102,28,85,65,109,30" hai3="32,27,12,126,3,63,117,119,120,74,124,82,112"/><U23/><E122/><V15/><F109/><W103/><G63/><T11/><D43/><U87/><E0/><V47/><F121/><W84/><G120/><T57/><D70/><U48/><E132/><V81/><F135/><W18/><G74/><T71/><D71/><U115/><E115/><V25/><F65/><W129/><G103/><T55/><D67/><U4/><E4/><V40/><F40/><W107/><G82/><T72/><D72/><U8/><E48/><V79/><F15/><W10/><G107/><T44/><D44/><U133/><E87/><V118/><F118/><N who="3" m="45067" /><G84/><T56/><D56/><U49/><E49/><V53/><F53/><W104/><G104/><T96/><D108/><U21/><E8/><V51/><F39/><W89/><G89/><T9/><D96/><U116/><E133/><V110/><F110/><W130/><G3/><T127/><D127/><N who="3" m="48681" /><G112/><T17/><D113/><U73/><E73/><V131/><F81/><W38/><G38/><T75/><D75/><U134/><E134/><V69/><F79/><W95/><G95/><T50/><D60/><U1/><E1/><V58/><F69/><W125/><G125/><T90/><D114/><U62/><E62/><V2/><F2/><W123/><G123/><T98/><D98/><U42/><E36/><V6/><F58/><W64/><G64/><T91/><D86/><U105/><E116/><V54/><F85/><W14/><G14/><T5/><D5/><U7/><E37/><V52/><F6/><W20/><G32/><T111/><D111/><U68/><E68/><V33/><F33/><RYUUKYOKU ba="0,0" sc="428,15,206,-15,25,-15,341,15" hai0="9,11,16,17,50,55,57,88,90,91,97,101,106" hai3="10,12,18,20,27,129,130" /><INIT seed="6,1,0,3,2,65" ten="443,191,10,356" oya="2" hai0="34,102,70,97,130,58,0,125,39,68,107,18,66" hai1="86,131,127,35,110,64,59,71,6,53,1,91,20" hai2="30,117,23,52,100,15,92,108,31,132,47,112,135" hai3="80,3,4,46,95,83,120,36,129,73,9,42,29"/><V104/><F117/><W118/><G120/><T103/><D58/><U33/><E110/><V12/><F104/><W51/><G118/><T67/><D18/><U21/><E64/><V37/><F108/><W38/><G129/><T60/><D0/><U99/><E99/><N who="2" m="59495" /><F112/><W133/><G133/><N who="2" m="51273" /><F37/><W82/><G29/><N who="2" m="10761" /><F23/><W94/><G38/><T13/><D39/><U111/><E20/><V113/><F113/><W79/><G51/><AGARI ba="1,0" hai="12,15,47,51,52" m="10761,51273,59495" machi="51" ten="30,2900,0" yaku="20,1,54,1" doraHai="65" who="2" fromWho="3" sc="443,0,191,0,10,32,356,-32" /><INIT seed="6,2,0,5,2,55" ten="443,191,42,324" oya="2" hai0="96,16,38,63,81,4,68,41,126,73,42,45,74" hai1="90,103,25,113,117,8,112,33,50,114,15,78,1" hai2="64,21,7,58,131,102,77,2,94,37,123,20,9" hai3="66,115,95,69,27,99,124,30,31,76,3,91,84"/><V116/><F116/><W93/><G3/><T121/><D121/><U11/><E117/><V65/><F123/><W14/><G124/><T39/><D4/><N who="1" m="1039" /><E103/><V130/><F37/><W122/><G122/><T111/><D111/><U6/><E78/><V60/><F77/><W119/><G119/><T49/><D126/><U133/><E50/><V57/><F102/><W70/><G31/><T22/><D96/><U54/><E54/><V135/><F135/><W106/><G106/><T29/><D29/><N who="1" m="19631" /><E90/><V36/><F36/><W71/><G115/><T107/><D107/><U0/><E0/><V101/><F101/><W5/><G5/><T105/><D105/><U72/><E72/><V120/><F120/><W47/><G47/><T51/><D81/><U108/><E108/><V34/><F34/><W100/><G76/><T75/><D39/><U48/><E48/><N who="0" m="18505" /><D42/><U17/><E6/><V32/><F32/><W89/><G100/><T92/><D92/><U59/><E59/><N who="2" m="22539" /><F94/><W80/><G93/><T18/><D73/><U10/><E133/><V97/><F97/><W26/><G71/><T44/><D44/><U43/><E43/><V28/><F28/><W132/><G132/><T85/><D75/><U125/><E125/><V129/><F65/><W134/><G30/><T46/><D46/><U118/><E118/><V86/><F86/><W19/><G134/><T128/><D85/><U79/><E79/><V82/><F82/><W62/><G70/><AGARI ba="2,0" hai="2,7,9,20,21,60,64,70,129,130,131" m="22539" machi="70" ten="30,11600,0" yaku="19,1,52,3" doraHai="55" who="2" fromWho="3" sc="443,0,191,0,42,122,324,-122" /><INIT seed="6,3,0,5,3,97" ten="443,191,164,202" oya="2" hai0="124,89,39,118,90,62,25,107,73,134,121,81,133" hai1="94,98,6,131,106,104,113,100,19,127,117,71,110" hai2="32,93,13,99,128,41,46,50,55,43,123,24,26" hai3="7,82,86,8,92,84,103,14,30,91,29,79,4"/><V80/><F123/><W116/><G116/><T2/><D2/><U52/><E110/><V63/><F128/><W126/><G126/><T53/><D39/><U75/><E71/><V88/><F32/><W72/><G72/><T64/><D107/><U33/><E75/><V114/><F114/><W87/><G7/><T61/><D118/><U58/><E117/><V112/><F112/><W60/><G103/><T85/><D73/><U108/><E108/><V69/><F13/><W132/><G132/><T21/><D124/><U31/><E6/><V119/><F119/><W17/><G60/><T66/><D121/><U49/><E127/><V105/><F105/><W45/><G87/><T76/><D53/><U37/><E37/><V22/><F80/><W9/><REACH who="3" step="1"/><G45/><REACH who="3" ten="443,191,164,192" step="2"/><T40/><D134/><U102/><E113/><V125/><F125/><W115/><G115/><T38/><D133/><U78/><E106/><V16/><REACH who="2" step="1"/><F26/><REACH who="2" ten="443,191,154,192" step="2"/><W27/><G27/><T5/><D25/><U77/><E104/><V23/><F23/><W135/><G135/><T15/><D21/><U18/><E131/><V28/><F28/><W96/><G96/><T56/><D15/><AGARI ba="3,2" hai="4,8,9,14,15,17,29,30,79,82,84,86,91,92" machi="15" ten="30,3900,0" yaku="1,1,7,1,8,1,53,0" doraHai="97" doraHaiUra="109" who="3" fromWho="0" sc="443,-48,191,0,154,0,192,68" /><INIT seed="7,0,0,5,3,89" ten="395,191,154,260" oya="3" hai0="51,52,48,116,66,76,110,73,111,131,68,7,81" hai1="55,37,94,135,129,132,57,25,53,90,119,67,44" hai2="117,11,41,22,13,84,38,70,127,64,97,56,8" hai3="87,35,3,36,43,120,42,12,5,61,95,107,54"/><W19/><G107/><T88/><D116/><U23/><E129/><V40/><F117/><W112/><G120/><T15/><D131/><U14/><E14/><V6/><F70/><W78/><G35/><T69/><D48/><U104/><E104/><V122/><F127/><W109/><G36/><T60/><D69/><U63/><E37/><V46/><F122/><W98/><G3/><T101/><D101/><U125/><E44/><V102/><F41/><W10/><G112/><T105/><D105/><U108/><E108/><V31/><F84/><W134/><G134/><N who="1" m="51242" /><E125/><V77/><F77/><W4/><G109/><T118/><D118/><U103/><E103/><V58/><F64/><W100/><G42/><T18/><D7/><U128/><E128/><V65/><F65/><W82/><G43/><T74/><D73/><U30/><E119/><V71/><F71/><W96/><G96/><AGARI ba="0,0" hai="23,25,30,53,55,57,63,67,90,94,96" m="51242" machi="96" ten="30,2000,0" yaku="20,1,52,1" doraHai="89" who="1" fromWho="3" sc="395,0,191,20,154,0,260,-20" owari="395,49.5,211,-18.9,154,-34.6,240,4.0" /></mjloggm>