<mjloggm ver="2.3"><GO type="169" lobby="0"/><UN n0="%E3%83%9F%E3%82%B2%E3%83%BC%E3%83%AB%E6%94%B9" n1="%E3%82%BF%E3%82%A4%E4%BA%BA%EF%BC%A0%E3%83%90%E3%83%B3%E3%82%B3%E3%82%AF" n2="%E7%9C%9F%E9%BE%8D%E5%85%84%E8%B2%B4" n3="%62%73%64%5F%33" dan="16,16,16,17" rate="2195.46,2113.89,2066.51,2110.63" sx="M,M,M,F"/><TAIKYOKU oya="0"/><INIT seed="0,0,0,2,4,40" ten="250,250,250,250" oya="0" hai0="13,50,31,37,39,71,1,7,6,112,116,75,17" hai1="133,84,54,89,109,77,128,32,29,82,114,55,52" hai2="70,14,33,23,129,11,95,94,35,21,134,10,46" hai3="74,85,126,42,56,104,99,45,83,122,20,2,25"/><T87/><D116/><U34/><E109/><V81/><F70/><W12/><G2/><T27/><D112/><U127/><E133/><V72/><F134/><W121/><G74/><T0/><D75/><U110/><E110/><V8/><F129/><W118/><G118/><T79/><D71/><U73/><E128/><V62/><F62/><W103/><G12/><T106/><D106/><U135/><E135/><V24/><F72/><W108/><G56/><T124/><D124/><U30/><E127/><V119/><F119/><W57/><G57/><T113/><D113/><U66/><E66/><V51/><F81/><W86/><G108/><T92/><D39/><U38/><E38/><V4/><F4/><W36/><G126/><T98/><D37/><U16/><E114/><V41/><F33/><W15/><G15/><T61/><D61/><U88/><E89/><V102/><F35/><W64/><G64/><T58/><D1/><U120/><E120/><N who="3" m="46186" /><G83/><T101/><D0/><U105/><E105/><V53/><F102/><W90/><G90/><T49/><D49/><U60/><E60/><V18/><REACH who="2" step="1"/><F53/><REACH who="2" ten="250,250,240,250" step="2"/><W22/><G22/><N who="0" m="15863" /><D7/><U117/><E117/><V69/><F69/><W26/><G20/><N who="0" m="11311" /><D6/><U107/><E32/><V80/><F80/><W47/><G103/><T93/><D79/><U115/><E34/><V63/><F63/><W131/><G131/><T19/><D19/><AGARI ba="0,1" hai="8,10,11,14,18,19,21,23,24,41,46,51,94,95" machi="19" ten="40,5200,0" yaku="1,1,8,1,52,1,53,0" doraHai="40" doraHaiUra="3" who="2" fromWho="0" sc="250,-52,250,0,240,62,250,0" /><INIT seed="1,0,0,4,4,106" ten="198,250,302,250" oya="1" hai0="41,51,112,120,135,22,134,108,53,132,6,118,2" hai1="98,50,23,36,58,4,1,17,3,88,37,89,125" hai2="10,57,104,69,66,74,70,40,99,105,86,119,90" hai3="62,103,24,49,126,113,127,80,122,128,19,45,27"/><U124/><E4/><V92/><F119/><W133/><G113/><T15/><D118/><U12/><E50/><V93/><F40/><W43/><G122/><T68/><D68/><U75/><E58/><V131/><F131/><W111/><G111/><T35/><D41/><U55/><E55/><V109/><F109/><W52/><G128/><T130/><D108/><U97/><E23/><V72/><F57/><W33/><G133/><T77/><D130/><U13/><E17/><V101/><F69/><W114/><G114/><T54/><D35/><U123/><E123/><V56/><F70/><W38/><G103/><T83/><D112/><U25/><E25/><V64/><F10/><W79/><G62/><T115/><D115/><U87/><E87/><V110/><F110/><W9/><G9/><T31/><D120/><U21/><E21/><V59/><F59/><N who="3" m="33167" /><G19/><N who="0" m="10623" /><D51/><U71/><E71/><V26/><F26/><W61/><G61/><T96/><D96/><U44/><E44/><V84/><F56/><W116/><G116/><T20/><D6/><U78/><E78/><V82/><F66/><W73/><G33/><T107/><D107/><N who="2" m="41034" /><F64/><W91/><G91/><AGARI ba="0,0" hai="72,74,82,84,86,90,91,92,93,99,101" m="41034" machi="91" ten="30,12000,2" yaku="35,5,52,2" doraHai="106" who="2" fromWho="3" sc="198,0,250,0,302,120,250,-120" /><INIT seed="2,0,0,4,3,1" ten="198,250,422,130" oya="2" hai0="65,91,4,126,23,21,123,98,115,110,39,22,46" hai1="80,99,127,132,29,129,70,57,10,100,52,49,41" hai2="24,25,55,109,51,33,108,104,131,82,77,63,92" hai3="18,88,113,122,3,6,102,106,68,48,36,53,105"/><V134/><F104/><W83/><G122/><T38/><D123/><U8/><E70/><V93/><F131/><W14/><G68/><T54/><D115/><U43/><E129/><V58/><F134/><W32/><G32/><T87/><D110/><N who="2" m="42602" /><F63/><W40/><G113/><T61/><D98/><U118/><E118/><V101/><F101/><W74/><G102/><T0/><D126/><U72/><E132/><V56/><F56/><W11/><G40/><T69/><D54/><U119/><E29/><N who="2" m="19623" /><F25/><W26/><G26/><T120/><D120/><U86/><E119/><V2/><F2/><W7/><G36/><T60/><D60/><U64/><E64/><V19/><F19/><W79/><G7/><T66/><D66/><U75/><E127/><V121/><F121/><W16/><G18/><T17/><D17/><U42/><E100/><V67/><F67/><W90/><G106/><T81/><REACH who="0" step="1"/><D46/><REACH who="0" ten="188,250,422,130" step="2"/><U76/><E57/><V5/><F58/><W97/><G97/><T85/><D85/><U94/><E75/><V96/><F96/><W44/><REACH who="3" step="1"/><G105/><REACH who="3" ten="188,250,422,120" step="2"/><T35/><D35/><U117/><E99/><V45/><F5/><W71/><G71/><T13/><D13/><U111/><E111/><V95/><F55/><W27/><G27/><T30/><D30/><U124/><E52/><V114/><F114/><W31/><G31/><T15/><D15/><U107/><E107/><V128/><F128/><W130/><G130/><T20/><N who="0" m="5120" /><DORA hai="47" /><T78/><D78/><U135/><E76/><V73/><F77/><W37/><G37/><T125/><D125/><U103/><E124/><RYUUKYOKU ba="0,2" sc="188,15,250,-15,422,-15,120,15" hai0="0,4,38,39,61,65,69,81,87,91" hai3="3,6,11,14,16,44,48,53,74,79,83,88,90" /><INIT seed="3,1,2,4,2,55" ten="203,235,407,135" oya="3" hai0="105,23,16,135,106,46,15,89,101,81,39,28,68" hai1="76,113,114,17,99,84,124,115,119,80,31,121,2" hai2="14,130,133,45,94,85,107,79,116,56,41,4,108" hai3="96,127,91,72,33,110,8,42,75,11,50,30,1"/><W104/><G127/><T26/><D68/><U36/><E121/><V44/><F107/><W77/><G33/><T92/><D135/><U20/><E124/><V117/><F108/><W37/><G37/><T63/><D101/><U38/><E2/><V62/><F130/><W6/><G30/><T93/><D93/><U34/><E119/><V57/><F133/><W134/><G134/><T21/><D81/><U22/><E34/><V74/><F74/><W9/><G9/><T118/><D118/><U90/><E31/><V125/><F125/><W102/><G77/><T86/><D63/><U97/><E22/><V47/><F116/><W12/><G110/><T95/><REACH who="0" step="1"/><D92/><REACH who="0" ten="193,235,407,135" step="2"/><U122/><E122/><V128/><F94/><W69/><G69/><T78/><D78/><U82/><E38/><V65/><F117/><W100/><G100/><T103/><D103/><U71/><E36/><V29/><F79/><W120/><G120/><T3/><D3/><U5/><E71/><V64/><F62/><W70/><G70/><T48/><D48/><U10/><E80/><V83/><F83/><W60/><G60/><T40/><AGARI ba="1,3" hai="15,16,21,23,26,28,39,40,46,86,89,95,105,106" machi="40" ten="30,4000,0" yaku="1,1,0,1,54,1,53,0" doraHai="55" doraHaiUra="49" who="0" fromWho="0" sc="193,73,235,-11,407,-11,135,-21" /><INIT seed="4,0,0,0,1,31" ten="266,224,396,114" oya="0" hai0="30,42,105,113,58,67,97,91,130,32,72,26,13" hai1="93,40,6,100,99,11,134,94,17,127,96,82,59" hai2="23,7,54,84,78,51,115,124,111,14,132,45,120" hai3="41,70,68,3,63,47,92,9,19,74,57,64,50"/><T66/><D72/><U108/><E108/><V38/><F111/><W15/><G74/><T88/><D113/><U53/><E127/><V8/><F120/><W71/><G3/><T98/><D130/><U118/><E118/><V95/><F132/><W128/><G128/><T16/><D42/><U61/><E134/><V35/><F124/><W73/><G73/><T55/><D105/><U27/><E40/><V109/><F38/><W25/><G92/><T112/><D112/><U44/><E82/><V10/><F109/><W28/><REACH who="3" step="1"/><G70/><REACH who="3" ten="266,224,396,104" step="2"/><T37/><D37/><U103/><E94/><V49/><F95/><W52/><G52/><T122/><D122/><U90/><E93/><V79/><F54/><W104/><G104/><T86/><D98/><U56/><E53/><V24/><F84/><W48/><G48/><T126/><D97/><U5/><E96/><V129/><F49/><W106/><G106/><T89/><D86/><U46/><E99/><V4/><F51/><W75/><G75/><T77/><D126/><U62/><E103/><V131/><F131/><W83/><G83/><T121/><D121/><U2/><E100/><V12/><F129/><W101/><G101/><T21/><REACH who="0" step="1"/><D77/><REACH who="0" ten="256,224,396,104" step="2"/><U117/><E117/><V43/><F115/><W39/><G39/><T102/><D102/><U29/><E90/><V135/><F135/><W110/><G110/><T65/><D65/><U81/><E81/><V76/><F76/><W33/><AGARI ba="0,2" hai="9,15,19,25,28,33,41,47,50,57,63,64,68,71" machi="33" ten="20,8000,1" yaku="1,1,0,1,7,1,52,1,53,1" doraHai="31" doraHaiUra="20" who="3" fromWho="3" sc="256,-40,224,-20,396,-20,104,100" /><INIT seed="5,0,0,5,0,86" ten="216,204,376,204" oya="1" hai0="103,90,13,116,113,94,67,101,2,98,54,99,52" hai1="46,65,37,102,115,5,109,63,56,131,21,26,0" hai2="128,82,64,43,134,107,106,68,9,97,96,39,70" hai3="77,75,105,59,110,10,112,72,25,69,100,35,49"/><U124/><E115/><V126/><F126/><W84/><G110/><T32/><D2/><U1/><E109/><V24/><F128/><W4/><G69/><T132/><D116/><U7/><E124/><V12/><F134/><W6/><G105/><T27/><D132/><U95/><E131/><V104/><F24/><W130/><G100/><T125/><D113/><U118/><E118/><V62/><F70/><W31/><G6/><T22/><D125/><U76/><E76/><V85/><F43/><W20/><G35/><T120/><D120/><U47/><E1/><V111/><F39/><W80/><G112/><T29/><D103/><U60/><E60/><V41/><F41/><W44/><G59/><T16/><D67/><U48/><E37/><V122/><F122/><W89/><G77/><T45/><D45/><N who="1" m="16907" /><E48/><V30/><F30/><W88/><G89/><T133/><D133/><U57/><E57/><V11/><F111/><W15/><REACH who="3" step="1"/><G130/><REACH who="3" ten="216,204,376,194" step="2"/><T33/><D32/><U81/><E0/><V36/><F104/><AGARI ba="0,1" hai="13,16,22,27,29,33,52,54,90,94,98,99,101,104" machi="104" ten="30,7700,0" yaku="7,1,52,1,54,2" doraHai="86" who="0" fromWho="2" sc="216,87,204,0,376,-77,194,0" /><INIT seed="6,0,0,4,2,86" ten="303,204,299,194" oya="2" hai0="13,127,26,85,110,60,38,14,29,39,132,2,62" hai1="124,108,76,79,5,56,21,36,33,61,64,41,129" hai2="24,67,80,19,99,18,0,46,130,93,43,75,68" hai3="58,6,49,105,115,78,81,3,107,102,22,51,57"/><V94/><F130/><W133/><G133/><T123/><D110/><U35/><E108/><V16/><F0/><W77/><G115/><T53/><D2/><U8/><E129/><V23/><F68/><W117/><G117/><T90/><D123/><U74/><E124/><V31/><F67/><W89/><G3/><T52/><D132/><U47/><E21/><V4/><F4/><W37/><G37/><T101/><D101/><U91/><E91/><V66/><F66/><W114/><G6/><T125/><D26/><U44/><E44/><V70/><F70/><W100/><G81/><T134/><D29/><U10/><E10/><V11/><F11/><W135/><G22/><T48/><D134/><U17/><E17/><V111/><F111/><W45/><G45/><T103/><D103/><U96/><E96/><V59/><F59/><W82/><G82/><N who="0" m="49463" /><D39/><U9/><E9/><V95/><F75/><W104/><G104/><T72/><D38/><U121/><E79/><V87/><F99/><W109/><G135/><T20/><D72/><U50/><E121/><V12/><F12/><N who="0" m="4714" /><D20/><U131/><E131/><V98/><F98/><W122/><G109/><T15/><D15/><N who="1" m="5519" /><E36/><V120/><F120/><W113/><REACH who="3" step="1"/><G122/><REACH who="3" ten="303,204,299,184" step="2"/><T83/><D83/><N who="1" m="45463" /><E35/><V1/><F1/><W73/><G73/><T30/><D127/><U55/><E33/><V65/><F46/><W71/><G71/><T28/><D125/><U25/><E25/><V97/><F80/><W128/><G128/><T40/><D40/><U63/><E41/><V112/><F43/><W7/><G7/><T69/><D69/><RYUUKYOKU ba="0,1" sc="303,-15,204,15,299,-15,184,15" hai1="47,50,55,56,61,63,64" hai3="49,51,57,58,77,78,89,100,102,105,107,113,114" /><INIT seed="7,1,1,3,2,5" ten="288,219,284,199" oya="3" hai0="32,48,38,106,86,50,52,61,8,75,92,81,90" hai1="12,107,35,93,14,135,97,51,80,7,43,126,85" hai2="112,46,109,123,102,42,39,100,10,88,71,105,54" hai3="11,6,127,122,47,125,66,24,117,67,65,17,3"/><W96/><G117/><T29/><D106/><U77/><E35/><V19/><F109/><W13/><G122/><T89/><D38/><U128/><E107/><V1/><F71/><W133/><G133/><T15/><D75/><U72/><E72/><V37/><F37/><W74/><G74/><T78/><D29/><U59/><E135/><V131/><F1/><W56/><G47/><T49/><D32/><U103/><E128/><V110/><F110/><W120/><G120/><T84/><D78/><U73/><E73/><V21/><F123/><W27/><G96/><T79/><D79/><U115/><E115/><V31/><F112/><W70/><G56/><N who="0" m="32791" /><D61/><U118/><E126/><N who="3" m="48138" /><G70/><T134/><D134/><U33/><E33/><V28/><F131/><W62/><G62/><T132/><D132/><U2/><E118/><V41/><F41/><W36/><G36/><T116/><D116/><U108/><E108/><V40/><F40/><W45/><G45/><T94/><D81/><U23/><E59/><V124/><F124/><W121/><G121/><T22/><D22/><AGARI ba="1,1" hai="3,6,11,13,17,22,24,27,65,66,67" m="48138" machi="22" ten="30,2900,0" yaku="18,1,52,1" doraHai="5" who="3" fromWho="0" sc="288,-32,219,0,284,0,199,42" /><INIT seed="7,2,0,4,0,42" ten="256,219,284,241" oya="3" hai0="108,25,96,102,79,62,69,75,72,11,128,43,86" hai1="81,64,66,60,68,18,131,113,7,112,111,35,78" hai2="54,32,97,12,84,31,109,76,56,114,122,92,27" hai3="103,89,8,5,90,80,119,2,23,105,127,65,22"/><W63/><G119/><T1/><D108/><U61/><E111/><V57/><F109/><W94/><G127/><T39/><D128/><U98/><E131/><V14/><F114/><N who="1" m="44137" /><E35/><V17/><F122/><W37/><G37/><T34/><D86/><N who="1" m="48439" /><E7/><V87/><F76/><W95/><G105/><N who="0" m="63687" /><D79/><U70/><E98/><V21/><F14/><W74/><G103/><T24/><D24/><U106/><E18/><V40/><F40/><W51/><G51/><T20/><D20/><U71/><E106/><V129/><F129/><W134/><G134/><T46/><D11/><U59/><AGARI ba="2,0" hai="59,60,61,64,66,68,70,71" m="48439,44137" machi="59" ten="30,1100,0" yaku="15,1" doraHai="42" who="1" fromWho="1" sc="256,-5,219,17,284,-5,241,-7" /><INIT seed="8,0,0,0,0,104" ten="251,236,279,234" oya="0" hai0="128,87,115,71,79,3,93,18,123,26,6,82,126" hai1="24,44,65,10,52,46,120,110,86,1,70,83,98" hai2="33,64,38,22,58,101,13,72,89,19,95,31,99" hai3="9,41,49,77,56,122,129,40,55,133,94,107,125"/><T36/><D123/><U90/><E110/><V4/><F38/><W21/><G107/><T97/><D115/><U48/><E120/><V131/><F131/><W130/><G122/><T127/><D36/><U12/><E1/><V112/><F112/><W80/><G133/><T11/><D71/><U121/><E121/><V43/><F43/><W78/><G125/><N who="0" m="47627" /><D128/><N who="3" m="49257" /><G94/><T66/><D66/><U2/><E2/><V68/><F68/><W124/><G124/><T28/><D18/><N who="1" m="8471" /><E65/><V105/><F4/><W73/><G78/><T109/><D109/><U50/><E70/><V15/><F15/><W132/><G132/><T14/><D3/><U20/><E98/><V17/><F33/><W106/><G106/><T108/><D108/><U47/><E50/><V62/><F19/><AGARI ba="0,0" hai="19,20,24,44,46,47,48,52,83,86,90" m="8471" machi="19" ten="30,3900,0" yaku="25,1,8,1,54,1" doraHai="104" who="1" fromWho="2" sc="251,0,236,39,279,-39,234,0" /><INIT seed="9,0,0,4,4,63" ten="251,275,240,234" oya="1" hai0="115,23,75,87,45,76,40,130,62,18,102,73,10" hai1="70,52,4,5,116,37,109,111,133,15,43,134,120" hai2="22,49,28,72,101,2,113,54,42,53,66,83,17" hai3="96,61,31,8,106,9,57,32,95,99,29,55,125"/><U93/><E120/><V81/><F2/><W117/><G125/><T13/><D115/><U12/><E116/><V69/><F113/><W14/><G117/><T104/><D130/><U36/><E70/><V27/><F101/><W11/><G32/><T127/><D102/><U6/><E93/><V103/><F103/><N who="3" m="60831" /><G106/><T20/><D104/><U98/><E98/><V129/><F129/><W108/><G108/><N who="1" m="41546" /><E52/><V84/><F42/><W16/><G99/><T26/><D127/><U38/><E43/><V33/><F54/><W64/><G55/><T124/><D124/><U105/><E105/><V41/><F41/><W86/><G86/><T19/><D62/><U34/><E34/><V79/><F69/><W82/><G82/><T65/><D75/><U88/><E88/><V44/><F81/><W1/><G1/><T92/><D73/><U132/><AGARI ba="0,0" hai="4,5,6,12,15,36,37,38,132,133,134" m="41546" machi="132" ten="50,18000,2" yaku="29,2,28,2,20,1,10,1" doraHai="63" who="1" fromWho="1" sc="251,-60,275,180,240,-60,234,-60" owari="191,-0.9,455,55.5,180,-22.0,174,-32.6" /></mjloggm>