<mjloggm ver="2.3"><GO type="225" lobby="0"/><UN n0="%E5%91%A8%E6%9D%B1" n1="%4C%4F%4C%49%54%41" n2="%E8%81%B7%E6%A5%AD%E3%80%81%E9%A2%A8%32" n3="%E3%82%BC%E3%83%AB%E3%83%80%E3%81%AE%E4%BC%9D%E8%AA%AC" dan="16,16,16,17" rate="2143.61,2086.33,2149.41,2151.30" sx="M,F,M,M"/><TAIKYOKU oya="0"/><INIT seed="0,0,0,2,3,57" ten="250,250,250,250" oya="0" hai0="50,67,46,26,47,36,80,98,111,66,70,82,64" hai1="72,41,2,54,95,107,23,90,56,121,32,124,106" hai2="115,126,114,62,13,24,43,91,45,74,59,99,7" hai3="39,48,42,53,6,34,123,79,31,63,105,104,85"/><T86/><D111/><U78/><E32/><V108/><F108/><W14/><G123/><T40/><D98/><U1/><E121/><V35/><F126/><W44/><G34/><T118/><D118/><U25/><E41/><V51/><F74/><W12/><G31/><T87/><D26/><U112/><E124/><V103/><F91/><W83/><G14/><T9/><D9/><U81/><E112/><V97/><F97/><W18/><G6/><T3/><D3/><U110/><E1/><V73/><F73/><W116/><G116/><T119/><D119/><U130/><E130/><V30/><F7/><W131/><G131/><T61/><D82/><U20/><E20/><V68/><F13/><W77/><G77/><T113/><D87/><U102/><E102/><V127/><F68/><W29/><G29/><T75/><D75/><U21/><E21/><V60/><F60/><W94/><G94/><T52/><REACH who="0" step="1"/><D113/><REACH who="0" ten="240,250,250,250" step="2"/><U92/><E2/><V125/><F127/><W93/><G93/><T8/><D8/><U128/><E95/><V33/><F125/><W132/><G132/><T17/><D17/><N who="1" m="12527" /><E110/><V133/><F133/><W5/><G5/><T71/><D71/><U4/><E4/><V49/><F115/><W109/><G109/><T38/><D38/><U27/><E27/><V96/><F114/><W69/><G69/><T101/><D101/><U122/><E128/><V117/><F103/><W65/><G18/><T15/><D15/><U135/><E135/><V100/><F117/><W28/><G12/><T134/><D134/><U89/><E72/><V37/><F100/><RYUUKYOKU ba="0,1" sc="240,30,250,-10,250,-10,250,-10" hai0="36,40,46,47,50,52,61,64,66,67,70,80,86" /><INIT seed="0,1,1,5,4,108" ten="270,240,240,240" oya="0" hai0="20,94,102,76,90,124,55,54,89,70,119,58,37" hai1="82,105,109,31,95,48,64,6,107,10,122,73,65" hai2="49,34,62,83,120,87,30,115,43,14,68,16,126" hai3="5,129,116,127,86,128,60,4,121,47,12,44,38"/><T8/><D119/><U50/><E122/><V97/><F126/><W91/><G116/><T23/><D70/><U28/><E109/><V104/><F120/><W52/><G121/><T39/><D124/><U123/><E123/><V101/><F115/><W111/><G127/><T35/><D35/><U112/><E95/><V117/><F117/><W85/><G111/><T24/><D76/><U17/><E17/><V134/><F134/><W74/><G74/><T26/><D8/><U67/><E82/><V118/><F118/><W3/><G3/><T33/><D33/><U93/><E93/><V57/><F43/><W100/><G100/><T130/><D94/><U71/><E73/><V9/><F49/><W53/><G60/><T114/><D58/><U29/><E71/><V45/><F45/><W25/><G12/><T15/><D15/><U51/><REACH who="1" step="1"/><E112/><REACH who="1" ten="270,230,240,240" step="2"/><V84/><F68/><W21/><G128/><T125/><D125/><U72/><E72/><V22/><F83/><W61/><G129/><T69/><D69/><U92/><E92/><V81/><F81/><W132/><G132/><T32/><D130/><U77/><E77/><V133/><F133/><W106/><G106/><T110/><D110/><U18/><E18/><V11/><F87/><W46/><G85/><T59/><D114/><U96/><E96/><V36/><F84/><W88/><G86/><T99/><D102/><U75/><E75/><V42/><F97/><W135/><G135/><T113/><D113/><U40/><E40/><V66/><F101/><W7/><G91/><N who="0" m="34827" /><D99/><U80/><E80/><V13/><F42/><RYUUKYOKU ba="1,2" sc="270,-10,230,30,240,-10,240,-10" hai1="6,10,28,29,31,48,50,51,64,65,67,105,107" /><INIT seed="1,2,2,3,1,97" ten="260,260,230,230" oya="1" hai0="37,9,70,112,35,68,125,75,31,50,66,122,108" hai1="106,88,55,18,64,58,44,103,72,115,46,54,73" hai2="109,36,8,94,56,60,26,25,83,131,130,121,129" hai3="52,134,7,34,76,90,127,82,102,81,1,3,51"/><U77/><E115/><V124/><F121/><W71/><G34/><T87/><D75/><U16/><E64/><V61/><F36/><W40/><G71/><T67/><D35/><U63/><E88/><V89/><F109/><W69/><G69/><T12/><D31/><U59/><E106/><V32/><F124/><W49/><G127/><T43/><D37/><U39/><E39/><V74/><F8/><W86/><G134/><T107/><D107/><U11/><E11/><V53/><F61/><W45/><G7/><T120/><D108/><U57/><E57/><V4/><F4/><W116/><G102/><T95/><D125/><U19/><E103/><V28/><F26/><W118/><G1/><T14/><D9/><U135/><E135/><V85/><REACH who="2" step="1"/><F74/><REACH who="2" ten="260,260,220,230" step="2"/><W119/><G3/><T101/><D120/><U91/><E73/><V62/><F62/><W33/><G33/><T30/><D122/><U42/><E63/><V0/><F0/><W84/><REACH who="3" step="1"/><G51/><REACH who="3" ten="260,260,220,220" step="2"/><T17/><D50/><U128/><E128/><V48/><F48/><W5/><G5/><T126/><D126/><U80/><E72/><V20/><F20/><W78/><G78/><T38/><D38/><U41/><E77/><V99/><F99/><W23/><G23/><T104/><D70/><U132/><E132/><V29/><F29/><W111/><G111/><T133/><D30/><U113/><E113/><V47/><F47/><W92/><G92/><AGARI ba="2,4" hai="25,28,32,53,56,60,83,85,89,92,94,129,130,131" machi="92" ten="40,2600,0" yaku="1,1,19,1,53,0" doraHai="97" doraHaiUra="110" who="2" fromWho="3" sc="260,0,260,0,220,72,220,-32" /><INIT seed="2,0,0,1,1,9" ten="260,260,292,188" oya="2" hai0="52,124,74,50,121,26,97,118,16,61,117,90,7" hai1="66,94,123,43,12,29,104,55,99,6,19,27,98" hai2="93,76,1,56,34,113,100,64,107,102,73,109,58" hai3="132,72,80,128,115,21,17,131,63,35,112,130,53"/><V39/><F113/><N who="3" m="43595" /><G72/><T28/><D121/><U18/><E123/><V47/><F107/><W105/><G105/><T15/><D74/><U95/><E43/><N who="2" m="23039" /><F34/><W40/><G40/><T122/><D7/><U10/><E66/><V8/><F64/><W88/><G35/><T13/><D122/><U51/><E104/><V37/><F37/><W87/><G132/><T111/><D61/><U116/><E95/><V46/><F46/><W106/><G106/><T70/><D70/><U49/><E116/><N who="0" m="44649" /><D16/><U110/><E110/><V92/><F109/><W65/><G53/><T79/><D79/><U5/><E19/><V120/><F120/><W45/><G45/><N who="0" m="27727" /><D111/><U81/><E55/><V114/><F114/><W23/><G17/><T68/><D68/><AGARI ba="0,0" hai="21,23,63,65,68,80,87,88,128,130,131" m="43595" machi="68" ten="40,5200,0" yaku="19,1,11,1,54,1" doraHai="9" who="3" fromWho="0" sc="260,-52,260,0,292,0,188,52" /><INIT seed="3,0,0,1,3,32" ten="208,260,292,240" oya="3" hai0="42,30,110,116,46,71,113,29,87,117,85,111,108" hai1="48,6,74,9,0,102,10,41,13,24,125,114,90" hai2="19,55,109,7,80,78,34,1,44,20,92,72,38" hai3="64,118,94,135,65,83,43,115,86,57,120,60,62"/><W130/><G115/><T132/><D71/><U4/><E114/><V52/><F109/><N who="0" m="27906" /><T89/><DORA hai="12" /><D113/><U123/><E123/><V126/><F126/><W47/><G118/><N who="0" m="45675" /><D132/><U81/><E102/><V28/><F92/><W131/><G94/><N who="0" m="54575" /><D87/><U26/><E125/><V14/><F34/><W96/><G96/><T66/><D66/><U36/><E74/><V22/><F28/><W63/><G120/><T54/><D54/><U51/><E36/><AGARI ba="0,0" hai="29,30,36,42,46" m="54575,45675,27906" machi="36" ten="40,1300,0" yaku="14,1" doraHai="32,12" who="0" fromWho="1" sc="208,13,260,-13,292,0,240,0" /><INIT seed="4,0,0,1,2,106" ten="221,247,292,240" oya="0" hai0="124,56,112,15,28,83,100,134,27,102,86,49,69" hai1="31,68,132,96,38,12,50,21,62,117,111,109,0" hai2="119,93,43,3,41,8,23,88,110,61,135,30,126" hai3="95,78,131,63,127,89,66,79,99,45,81,25,47"/><T5/><D69/><U22/><E38/><V118/><F110/><W107/><G127/><T14/><D124/><U98/><E0/><V29/><F126/><W129/><G107/><T72/><D72/><U26/><E117/><N who="2" m="44555" /><F135/><W70/><G25/><T34/><D134/><U121/><E50/><V97/><F61/><W2/><G2/><T13/><D5/><U114/><E22/><V7/><F23/><W32/><G32/><T113/><D56/><U105/><E12/><V64/><F64/><W91/><G91/><T6/><D6/><U20/><E98/><V44/><F43/><W133/><G79/><T120/><D49/><AGARI ba="0,0" hai="3,7,8,29,30,41,44,49,88,93,97" m="44555" machi="49" ten="30,2000,0" yaku="12,1,54,1" doraHai="106" who="2" fromWho="0" sc="221,-20,247,0,292,20,240,0" owari="201,-29.9,247,4.7,312,41.2,240,-16.0" /></mjloggm>