<mjloggm ver="2.3"><GO type="169" lobby="0"/><UN n0="%E9%BE%8D%31%30" n1="%E7%B4%8D%E5%8D%9A%E7%A7%91%E5%A4%AB" n2="%E3%83%9F%E3%83%88%E3%83%A9%32" n3="%E3%82%AB%E3%83%A9%E6%9D%BE" dan="16,16,16,17" rate="2102.12,2159.25,2067.85,2136.84" sx="M,F,M,M"/><TAIKYOKU oya="0"/><INIT seed="0,0,0,3,5,38" ten="250,250,250,250" oya="0" hai0="24,61,23,10,33,43,0,90,117,3,133,83,34" hai1="89,118,126,46,11,71,25,108,37,56,15,19,59" hai2="26,53,35,62,52,64,91,102,96,99,9,44,131" hai3="69,88,79,5,97,103,125,28,101,1,54,49,65"/><T40/><D117/><U41/><E118/><V123/><F123/><W8/><G125/><T121/><D121/><U127/><E71/><V94/><F131/><W135/><G135/><T17/><D133/><U110/><E89/><V50/><F9/><W22/><G79/><T36/><D36/><U66/><E25/><V111/><F111/><N who="1" m="42537" /><E66/><V60/><F53/><W86/><G65/><T32/><D61/><U30/><E30/><V31/><REACH who="2" step="1"/><F64/><REACH who="2" ten="250,250,240,250" step="2"/><W57/><G69/><T93/><D10/><U67/><E67/><V82/><F82/><W73/><G73/><T16/><D83/><U105/><E105/><AGARI ba="0,1" hai="26,31,35,44,50,52,60,62,91,94,96,99,102,105" machi="105" ten="30,3900,0" yaku="1,1,7,1,54,1,53,0" doraHai="38" doraHaiUra="6" who="2" fromWho="1" sc="250,0,250,-39,240,49,250,0" /><INIT seed="1,0,0,0,5,66" ten="250,211,289,250" oya="1" hai0="58,3,29,87,35,95,11,47,115,71,53,14,103" hai1="27,67,21,4,56,122,7,48,65,31,8,41,59" hai2="102,10,100,73,88,1,79,44,125,16,34,75,37" hai3="128,77,25,110,116,123,113,40,99,85,120,82,97"/><U92/><E122/><V76/><F34/><W20/><G40/><T69/><D3/><U13/><E4/><V89/><F125/><W106/><G113/><T61/><D115/><U93/><E65/><V52/><F75/><W2/><G2/><T43/><D35/><U72/><E72/><V45/><F73/><W57/><G116/><T84/><D29/><U68/><E68/><V94/><F37/><W51/><G110/><T108/><D87/><U23/><E23/><V112/><F1/><W131/><G51/><T105/><D105/><U118/><E118/><V70/><F70/><W98/><G57/><N who="1" m="22090" /><E67/><V111/><F89/><W46/><G46/><AGARI ba="0,0" hai="7,8,13,21,27,31,41,46,48,92,93" m="22090" machi="46" ten="30,1500,0" yaku="8,1" doraHai="66" who="1" fromWho="3" sc="250,0,211,15,289,0,250,-15" /><INIT seed="1,1,0,5,0,111" ten="250,226,289,235" oya="1" hai0="99,133,2,127,123,121,104,6,13,89,134,93,4" hai1="58,67,132,95,70,15,101,71,27,30,47,110,100" hai2="18,117,74,107,54,21,55,42,96,115,97,126,63" hai3="83,61,41,36,128,118,38,51,103,78,29,65,39"/><U62/><E110/><V45/><F117/><W108/><G108/><T98/><D127/><U129/><E129/><V91/><F74/><W68/><G128/><T86/><D2/><U60/><E132/><N who="0" m="50793" /><D13/><U12/><E47/><V82/><F126/><W116/><G103/><N who="0" m="62591" /><D4/><U112/><E112/><V20/><F115/><W22/><G22/><T87/><D6/><U40/><E40/><V109/><F109/><W37/><G29/><T102/><D87/><U23/><E71/><V35/><F35/><W85/><N who="3" m="9216" /><DORA hai="59" /><W125/><REACH who="3" step="1"/><G125/><REACH who="3" ten="250,226,289,225" step="2"/><T79/><D79/><U105/><E105/><AGARI ba="1,1" hai="86,89,93,98,102,105,121,123" m="62591,50793" machi="105" ten="30,3900,0" yaku="20,1,34,2" doraHai="111,59" who="0" fromWho="1" sc="250,52,226,-42,289,0,225,0" /><INIT seed="2,0,0,4,0,98" ten="302,184,289,225" oya="2" hai0="134,54,59,122,29,106,73,67,102,107,121,70,127" hai1="78,0,80,103,104,114,84,53,13,14,119,86,21" hai2="61,27,68,9,3,110,87,112,85,129,44,120,93" hai3="82,124,96,45,1,95,39,94,108,28,65,90,36"/><V101/><F112/><W91/><G1/><T92/><D73/><U35/><E35/><V72/><F72/><W55/><G124/><T8/><D70/><U131/><E0/><V105/><F105/><W46/><G108/><T88/><D67/><U11/><E119/><V62/><F120/><W31/><G82/><T71/><D29/><U34/><E34/><V128/><F110/><W100/><G65/><T75/><D71/><U12/><E131/><N who="2" m="50251" /><F68/><W19/><G19/><T24/><D75/><U99/><E114/><V17/><F44/><W10/><G10/><T83/><D127/><U51/><E21/><N who="2" m="13743" /><F9/><W69/><G69/><T50/><D8/><U111/><E111/><V56/><F3/><W133/><G133/><T135/><D106/><U38/><E38/><V16/><F16/><W66/><G66/><T64/><D64/><U97/><E97/><N who="2" m="59567" /><F56/><W89/><G45/><T41/><D122/><U123/><E123/><V109/><F109/><W23/><G23/><T76/><D107/><U42/><E42/><V25/><F25/><W2/><G2/><T7/><D59/><U115/><E115/><V33/><F33/><W26/><G26/><T117/><D41/><U74/><REACH who="1" step="1"/><E11/><REACH who="1" ten="302,174,289,225" step="2"/><V125/><F125/><W57/><G39/><T118/><D121/><U47/><AGARI ba="0,1" hai="12,13,14,47,51,53,74,78,80,84,86,99,103,104" machi="47" ten="30,7900,0" yaku="1,1,2,1,0,1,52,1,53,0" doraHai="98" doraHaiUra="22" who="1" fromWho="1" sc="302,-20,174,89,289,-39,225,-20" /><INIT seed="3,0,0,3,4,36" ten="282,263,250,205" oya="3" hai0="115,70,68,77,80,46,114,24,21,126,31,44,3" hai1="8,123,33,64,4,130,40,27,5,57,75,112,22" hai2="48,62,89,72,7,50,131,117,25,134,92,113,95" hai3="45,87,83,101,51,69,20,34,9,58,66,91,118"/><W55/><G34/><T23/><D126/><U135/><E112/><N who="0" m="43049" /><D3/><U1/><E123/><V53/><F113/><W52/><G118/><T16/><D68/><U19/><E75/><V103/><F117/><W59/><G69/><T63/><D63/><U65/><E130/><V78/><F131/><W104/><G66/><T121/><D70/><U127/><E135/><V41/><F134/><W12/><G20/><T11/><D11/><U79/><E79/><V74/><F7/><W97/><REACH who="3" step="1"/><G55/><REACH who="3" ten="282,263,250,195" step="2"/><T54/><D54/><U39/><E33/><V2/><F53/><W35/><G35/><T90/><D121/><U32/><E32/><V86/><F62/><W107/><G107/><T119/><D119/><U99/><E65/><V125/><F125/><W109/><G109/><T26/><D90/><U102/><E127/><V10/><F89/><W42/><G42/><T17/><D31/><U120/><E120/><V6/><F41/><W28/><G28/><T133/><D133/><U105/><E40/><V124/><F124/><W71/><G71/><T96/><D96/><U13/><E64/><V85/><F10/><W47/><G47/><T60/><D60/><U15/><E57/><V128/><F128/><W106/><G106/><T0/><D0/><U61/><E61/><V73/><F2/><W129/><G129/><T43/><D43/><U81/><E1/><V108/><F108/><W116/><G116/><T14/><D14/><U100/><E15/><V38/><F48/><W122/><G122/><T93/><D46/><U49/><E13/><V132/><F132/><W56/><G56/><RYUUKYOKU ba="0,1" sc="282,-10,263,-10,250,-10,195,30" hai3="9,12,45,51,52,58,59,83,87,91,97,101,104" /><INIT seed="3,1,1,0,2,115" ten="272,253,240,225" oya="3" hai0="114,103,27,104,120,117,93,23,34,134,48,67,128" hai1="99,36,90,94,73,91,85,9,71,107,64,57,97" hai2="87,20,129,1,8,56,10,112,126,102,32,65,70" hai3="122,121,29,6,18,77,132,61,58,88,4,100,89"/><W40/><G132/><T131/><D114/><U101/><E36/><V12/><F112/><W69/><G69/><T76/><D34/><U2/><E71/><V47/><F32/><W14/><G121/><T96/><D120/><U72/><E2/><V92/><F70/><W127/><G122/><T53/><D67/><U59/><E9/><V17/><F1/><W78/><G127/><T30/><D76/><N who="3" m="29289" /><G29/><T0/><D134/><U108/><E64/><V118/><F126/><W28/><G28/><T51/><D0/><U62/><E57/><V86/><F129/><N who="0" m="49738" /><D93/><U81/><E59/><V80/><F47/><W22/><G40/><T26/><D27/><U83/><E62/><N who="2" m="38087" /><F118/><W39/><G39/><T7/><D117/><U37/><E37/><V13/><F13/><W124/><G100/><T111/><D111/><U125/><E125/><V63/><F63/><W5/><G124/><T54/><D7/><N who="3" m="1793" /><W68/><DORA hai="95" /><G68/><T79/><D79/><N who="1" m="44263" /><E108/><V135/><F135/><W116/><G116/><T52/><AGARI ba="1,1" hai="23,26,30,48,51,52,53,54,96,103,104" m="49738" machi="52" ten="30,4000,0" yaku="19,1,52,1,54,1" doraHai="115,95" who="0" fromWho="0" sc="272,53,253,-11,240,-11,225,-21" /><INIT seed="4,0,0,4,4,130" ten="325,242,229,204" oya="0" hai0="107,24,23,42,82,34,120,94,112,1,38,33,75" hai1="101,5,43,19,80,9,20,14,62,32,87,4,128" hai2="104,63,79,40,91,84,58,21,11,22,125,99,41" hai3="18,118,73,134,60,49,53,61,121,31,115,69,76"/><T45/><D120/><U50/><E128/><V67/><F125/><W3/><G118/><T113/><D107/><U30/><E101/><V54/><F104/><W37/><G37/><T10/><D94/><U13/><E62/><V83/><F11/><W56/><G3/><T85/><D75/><U44/><E32/><V28/><F67/><W122/><G31/><N who="0" m="17823" /><D10/><U77/><REACH who="1" step="1"/><E30/><REACH who="1" ten="325,232,229,204" step="2"/><V90/><F28/><W95/><G121/><T74/><D1/><U132/><E132/><V78/><F21/><W81/><G134/><T98/><D34/><U57/><E57/><V25/><F78/><W15/><G122/><T66/><D33/><U55/><E55/><V65/><F54/><W26/><G61/><T64/><D74/><U89/><E89/><V8/><F90/><W72/><G72/><T96/><D66/><U123/><E123/><V6/><F91/><W86/><G60/><T39/><D64/><U108/><E108/><V70/><F70/><W68/><G26/><T129/><D129/><U114/><E114/><N who="0" m="44137" /><D39/><U117/><E117/><V111/><F111/><W16/><G115/><T97/><D82/><U36/><E36/><V29/><REACH who="2" step="1"/><F99/><REACH who="2" ten="325,232,219,204" step="2"/><W92/><G69/><T103/><D103/><U46/><E46/><V100/><F100/><W48/><G68/><T71/><D71/><U93/><E93/><V88/><F88/><N who="3" m="53271" /><G95/><T105/><D105/><U12/><E12/><AGARI ba="0,2" hai="6,8,12,22,25,29,40,41,58,63,65,79,83,84" machi="12" ten="30,3900,0" yaku="1,1,7,1,8,1,53,0" doraHai="130" doraHaiUra="119" who="2" fromWho="1" sc="325,0,232,-39,219,59,204,0" /><INIT seed="5,0,0,0,1,70" ten="325,193,278,204" oya="1" hai0="77,15,65,16,112,88,7,127,68,24,6,97,32" hai1="22,58,123,12,90,14,107,5,84,10,119,134,80" hai2="48,109,129,110,8,26,131,74,31,130,75,54,50" hai3="78,57,56,49,71,99,66,87,103,42,108,62,96"/><U29/><E119/><V52/><F8/><W55/><G108/><N who="2" m="41577" /><F26/><W126/><G126/><T46/><D77/><U11/><E123/><V40/><F31/><W61/><G42/><T82/><D127/><U43/><E107/><V81/><F81/><W111/><G111/><T3/><D112/><U47/><E134/><V23/><F23/><W28/><G28/><T98/><D3/><U1/><E58/><N who="2" m="33031" /><F40/><W101/><G78/><T30/><D97/><U41/><E47/><AGARI ba="0,0" hai="47,50,54,74,75,129,130,131" m="33031,41577" machi="47" ten="40,2600,0" yaku="19,1,54,1" doraHai="70" who="2" fromWho="1" sc="325,0,193,-26,278,26,204,0" /><INIT seed="6,0,0,2,3,110" ten="325,167,304,204" oya="2" hai0="31,48,112,11,96,93,109,19,26,59,13,113,65" hai1="121,100,60,42,15,66,131,103,117,95,75,122,70" hai2="38,9,35,114,107,36,120,71,119,50,83,32,118" hai3="40,8,49,57,18,3,123,12,2,33,105,44,102"/><V99/><F50/><W52/><G123/><N who="1" m="47114" /><E117/><N who="2" m="44555" /><F120/><W29/><G29/><T53/><D109/><U24/><E75/><V108/><F108/><W41/><G33/><N who="2" m="12873" /><F83/><W91/><G41/><T23/><REACH who="0" step="1"/><D65/><REACH who="0" ten="315,167,304,204" step="2"/><U76/><E66/><V0/><F71/><W46/><G46/><T135/><D135/><U94/><E70/><V98/><F98/><W133/><G133/><T5/><D5/><U54/><E131/><V43/><F43/><W25/><G40/><T62/><D62/><U6/><E42/><V92/><F38/><W74/><G44/><T106/><D106/><U82/><E60/><V20/><F36/><W125/><G105/><T58/><D58/><U129/><E129/><V126/><F107/><W73/><G57/><T30/><D30/><U124/><E6/><V89/><F126/><W80/><G125/><T115/><D115/><U127/><E127/><V101/><F0/><W79/><G2/><T86/><D86/><U27/><E124/><V1/><F1/><W16/><G3/><T51/><D51/><U55/><E55/><V97/><F97/><W67/><G67/><T116/><D116/><U134/><E54/><V84/><F84/><W64/><G64/><T28/><D28/><U87/><E134/><V39/><F39/><W90/><G74/><T69/><D69/><U81/><E87/><V104/><F114/><W72/><G73/><T7/><D7/><U63/><E63/><V128/><F128/><W78/><G72/><T22/><D22/><U61/><E61/><V14/><F20/><W21/><G21/><T130/><D130/><U77/><E82/><RYUUKYOKU ba="0,1" sc="315,30,167,-10,304,-10,204,-10" hai0="11,13,19,23,26,31,48,53,59,93,96,112,113" /><INIT seed="7,1,1,5,0,96" ten="345,157,294,194" oya="3" hai0="56,30,135,11,132,123,103,3,54,9,37,119,64" hai1="116,92,24,77,55,72,13,28,66,76,118,1,108" hai2="65,89,87,115,49,127,107,15,29,20,69,67,70" hai3="86,0,124,112,80,51,38,101,36,18,98,8,129"/><W31/><G112/><T39/><D119/><U111/><E66/><V122/><F115/><W35/><G124/><T57/><D123/><U16/><E55/><V99/><F127/><W78/><G129/><T97/><D30/><U93/><E72/><V58/><F122/><W88/><G78/><T68/><D68/><U12/><E28/><V34/><F34/><W94/><G0/><T63/><D3/><U62/><E1/><V52/><F70/><W61/><G61/><N who="0" m="35991" /><D39/><U5/><E62/><V53/><F69/><W6/><G6/><T21/><D21/><U105/><E24/><V134/><F53/><W121/><G121/><T120/><D37/><U82/><E82/><V4/><F134/><N who="0" m="51242" /><D120/><U32/><E105/><AGARI ba="1,1" hai="9,11,57,63,64,97,103,105" m="51242,35991" machi="105" ten="30,2000,0" yaku="20,1,52,1" doraHai="96" who="0" fromWho="1" sc="345,33,157,-23,294,0,194,0" owari="378,47.8,134,-36.6,294,9.4,194,-20.6" /></mjloggm>