<mjloggm ver="2.3"><GO type="169" lobby="0"/><UN n0="%37%34%31%34%4E%6D%73%6C" n1="%E5%A4%8F%E3%81%AA%E3%81%AE%E3%81%AB" n2="%E6%B8%85%E9%A2%A8%E5%8C%97" n3="%E8%BF%B7%E3%82%8F%E3%81%9A%E6%8A%BC%E3%81%9B%E3%82%88" dan="16,16,16,17" rate="2066.58,2086.21,2172.89,2232.48" sx="M,M,F,M"/><TAIKYOKU oya="0"/><INIT seed="0,0,0,4,5,82" ten="250,250,250,250" oya="0" hai0="13,39,71,12,5,30,46,88,111,33,116,114,109" hai1="29,81,101,41,35,121,15,105,57,83,113,0,68" hai2="78,119,4,28,115,26,102,21,127,132,135,80,95" hai3="10,1,17,93,64,65,66,62,87,9,99,94,52"/><T120/><D114/><U61/><E68/><V112/><F119/><W122/><G1/><T70/><D116/><U73/><E0/><V23/><F127/><W51/><G62/><T34/><D120/><U22/><E121/><V6/><F95/><W42/><G42/><T8/><D13/><U76/><E35/><V131/><F102/><N who="3" m="60783" /><G17/><T92/><D39/><U55/><E83/><V47/><F47/><N who="3" m="27775" /><G122/><T125/><D125/><U133/><E133/><N who="2" m="51275" /><F131/><W126/><G126/><T45/><D46/><U43/><E113/><N who="2" m="43595" /><F23/><W19/><G19/><T48/><D71/><U96/><E29/><V60/><F60/><W98/><G98/><T90/><D90/><AGARI ba="0,0" hai="9,10,64,65,66,87,90,94" m="27775,60783" machi="90" ten="30,3900,0" yaku="8,1,52,1,54,1" doraHai="82" who="3" fromWho="0" sc="250,-39,250,0,250,0,250,39" /><INIT seed="1,0,0,4,0,130" ten="211,250,250,289" oya="1" hai0="72,112,41,95,78,121,84,81,12,105,91,7,20" hai1="54,86,9,100,122,120,75,29,6,132,128,44,119" hai2="52,101,36,66,24,30,5,65,99,45,3,38,17" hai3="96,43,64,31,98,11,131,69,15,135,60,26,134"/><U62/><E119/><V107/><F17/><W108/><G131/><T127/><D127/><U113/><E113/><V28/><F28/><W93/><G43/><T57/><D112/><U90/><E75/><V55/><F5/><W103/><G96/><T74/><D74/><U133/><E100/><V114/><F3/><W97/><G97/><T79/><D79/><U85/><E128/><V39/><F114/><W21/><REACH who="3" step="1"/><G108/><REACH who="3" ten="211,250,250,279" step="2"/><T53/><D121/><U123/><E86/><V67/><REACH who="2" step="1"/><F45/><REACH who="2" ten="211,250,240,279" step="2"/><W25/><G25/><T16/><D7/><AGARI ba="0,2" hai="7,11,15,21,26,31,60,64,69,93,98,103,134,135" machi="7" ten="40,5200,0" yaku="1,1,52,2,53,0" doraHai="130" doraHaiUra="102" who="3" fromWho="0" sc="211,-52,250,0,240,0,279,72" /><INIT seed="2,0,0,1,5,75" ten="159,250,240,351" oya="2" hai0="132,119,65,80,59,4,90,87,28,73,44,120,61" hai1="24,118,43,129,60,40,9,131,116,122,38,16,133" hai2="42,10,92,89,101,67,3,102,19,45,56,98,82" hai3="134,34,95,78,115,88,62,124,46,107,72,12,69"/><V77/><F67/><W36/><G107/><T96/><D120/><U106/><E106/><V33/><F33/><W128/><G34/><T17/><D132/><U70/><E122/><V1/><F56/><W126/><G134/><T51/><D119/><U21/><E133/><V71/><F71/><W30/><G30/><T127/><D127/><N who="3" m="48681" /><G128/><N who="1" m="49226" /><E9/><V91/><F101/><W20/><G36/><T64/><D28/><U86/><E86/><V39/><F3/><W84/><G46/><T76/><D96/><U18/><E18/><V114/><F114/><W79/><G72/><T11/><D65/><N who="1" m="41255" /><E38/><V97/><F97/><W104/><G104/><T57/><D57/><U27/><E24/><V47/><F47/><W117/><G117/><AGARI ba="0,0" hai="16,21,27,40,43,116,117,118" m="41255,49226" machi="117" ten="30,2000,0" yaku="19,1,54,1" doraHai="75" who="1" fromWho="3" sc="159,0,250,20,240,0,351,-20" /><INIT seed="3,0,0,3,5,6" ten="159,270,240,331" oya="3" hai0="37,8,14,72,19,96,79,39,45,133,135,121,83" hai1="98,21,102,50,57,56,132,115,76,73,71,17,41" hai2="60,23,78,36,4,131,28,123,27,84,90,112,124" hai3="53,29,22,128,77,16,69,103,47,40,110,52,30"/><W94/><G69/><T66/><D121/><U129/><E115/><V87/><F112/><W0/><G0/><T61/><D96/><U25/><E71/><V85/><F123/><W114/><G77/><T34/><D34/><U46/><E129/><V65/><F131/><W80/><G80/><T31/><D31/><N who="3" m="11785" /><G110/><T24/><D24/><U122/><E132/><V95/><F36/><W97/><G114/><T134/><REACH who="0" step="1"/><D45/><REACH who="0" ten="149,270,240,331" step="2"/><U35/><E35/><V13/><F124/><W104/><G128/><T75/><D75/><U91/><E122/><V88/><F78/><W11/><G104/><T105/><D105/><U63/><E76/><V49/><F90/><W126/><G126/><T113/><D113/><U20/><E73/><V120/><F120/><W12/><G47/><T64/><D64/><U117/><E91/><V68/><REACH who="2" step="1"/><F49/><REACH who="2" ten="149,270,230,331" step="2"/><W93/><G103/><T108/><D108/><U62/><E102/><V33/><F33/><W99/><G99/><T127/><D127/><U32/><E98/><V58/><F58/><AGARI ba="0,2" hai="8,14,19,37,39,58,61,66,72,79,83,133,134,135" machi="58" ten="40,5200,0" yaku="1,1,20,1,52,1,53,0" doraHai="6" doraHaiUra="48" who="0" fromWho="2" sc="149,72,270,0,230,-52,331,0" /><INIT seed="4,0,0,3,0,43" ten="221,270,178,331" oya="0" hai0="42,103,11,87,72,5,40,124,126,3,134,63,19" hai1="67,57,117,118,79,61,27,120,54,14,13,77,113" hai2="130,45,62,53,25,28,75,111,102,64,108,107,16" hai3="90,17,18,21,69,97,2,133,92,58,22,31,95"/><T26/><D72/><U68/><E120/><V39/><F75/><W34/><G133/><T44/><D134/><U89/><E113/><V83/><F83/><W135/><G69/><T9/><D103/><U66/><E27/><V119/><F130/><W33/><G2/><T105/><D105/><U49/><E66/><V46/><F119/><W4/><G4/><T104/><D104/><U23/><E118/><V56/><F102/><W8/><G8/><T60/><D87/><U24/><E117/><V116/><F107/><W70/><G70/><T82/><D42/><U32/><E32/><V99/><F99/><W91/><G58/><T55/><D82/><U30/><E89/><V80/><F80/><W74/><G31/><T128/><D128/><U86/><E86/><V98/><F98/><W96/><G135/><T88/><D88/><U6/><E6/><V114/><F114/><W52/><G52/><T123/><D123/><U65/><E65/><V1/><F1/><W15/><G74/><T110/><D110/><N who="2" m="42026" /><F16/><W101/><G101/><T37/><D55/><U109/><E109/><V100/><F100/><W12/><AGARI ba="0,0" hai="12,15,17,18,21,22,33,34,90,91,92,95,96,97" machi="12" ten="20,8000,1" yaku="0,1,7,1,32,3" doraHai="43" who="3" fromWho="3" sc="221,-40,270,-20,178,-20,331,80" /><INIT seed="5,0,0,1,0,97" ten="181,250,158,411" oya="1" hai0="80,18,113,1,85,3,51,89,32,31,76,63,55" hai1="11,93,8,86,4,125,129,91,100,2,66,69,25" hai2="108,10,115,114,44,33,56,70,87,22,90,123,59" hai3="28,9,42,24,16,135,130,50,15,36,35,101,74"/><U102/><E125/><V61/><F33/><W94/><G74/><T57/><D113/><N who="2" m="43018" /><F108/><W79/><G79/><T5/><D5/><U12/><E129/><V98/><F123/><W124/><G130/><T40/><D32/><U81/><E25/><V127/><F127/><W48/><G124/><T84/><D31/><U122/><E122/><V7/><F44/><W110/><G110/><T96/><D18/><U0/><E0/><N who="2" m="359" /><F22/><W62/><G36/><T46/><REACH who="0" step="1"/><D96/><REACH who="0" ten="171,250,158,411" step="2"/><U71/><E2/><V134/><F134/><W68/><G35/><T21/><D21/><U77/><E11/><V109/><F109/><W83/><G9/><T99/><D99/><U131/><E131/><V104/><F98/><W133/><G28/><T60/><D60/><U75/><REACH who="1" step="1"/><E66/><REACH who="1" ten="171,240,158,411" step="2"/><N who="2" m="41295" /><F104/><W95/><G135/><T111/><D111/><U106/><E106/><V30/><F30/><W19/><G133/><T27/><D27/><U103/><AGARI ba="0,2" hai="4,8,12,69,71,75,77,81,86,91,93,100,102,103" machi="103" ten="30,12000,1" yaku="1,1,0,1,52,3,53,0" doraHai="97" doraHaiUra="43" who="1" fromWho="1" sc="171,-40,240,140,158,-40,411,-40" /><INIT seed="5,1,0,2,4,90" ten="131,380,118,371" oya="1" hai0="46,97,4,12,71,102,16,10,98,123,133,67,49" hai1="60,40,126,130,101,15,37,35,17,99,5,78,122" hai2="63,48,52,91,6,32,13,38,105,56,51,36,20" hai3="24,121,84,76,117,28,61,109,75,80,100,129,88"/><U127/><E122/><V11/><F32/><W33/><G129/><T77/><D123/><U9/><E35/><V42/><F105/><W25/><G121/><T27/><D133/><U128/><E78/><V69/><F51/><W21/><G100/><T2/><D77/><U74/><E74/><V53/><F42/><W135/><G135/><T83/><D83/><U19/><E60/><V7/><F7/><W115/><G115/><T14/><D71/><U58/><E58/><V113/><F113/><W82/><G117/><T125/><D67/><U114/><E114/><V72/><F72/><W87/><G61/><T95/><D125/><N who="1" m="47627" /><E40/><V131/><F131/><N who="1" m="50217" /><E37/><V44/><F69/><W31/><G75/><T8/><D27/><U65/><E65/><V47/><F44/><W94/><G109/><T111/><D111/><U134/><E134/><V116/><F116/><W86/><G76/><T132/><D132/><U119/><E119/><V59/><F47/><W45/><G45/><T3/><REACH who="0" step="1"/><D98/><REACH who="0" ten="121,380,118,371" step="2"/><U108/><E108/><V85/><REACH who="2" step="1"/><F20/><REACH who="2" ten="121,380,108,371" step="2"/><W39/><G39/><T107/><D107/><AGARI ba="1,2" hai="5,9,15,17,19,99,101,107" m="50217,47627" machi="107" ten="30,2900,0" yaku="18,1,19,1" doraHai="90" who="1" fromWho="0" sc="121,-32,380,52,108,0,371,0" /><INIT seed="5,2,0,1,0,97" ten="89,432,108,371" oya="1" hai0="61,89,123,113,6,9,59,87,75,19,90,48,52" hai1="7,133,80,127,128,79,58,8,124,102,68,84,93" hai2="82,37,31,47,35,105,44,108,57,54,95,96,22" hai3="4,69,28,88,30,36,65,129,17,34,32,53,107"/><U83/><E68/><V77/><F105/><W73/><G107/><T111/><D111/><U119/><E119/><V11/><F37/><W118/><G36/><T91/><D75/><U66/><E128/><V78/><F35/><W45/><G73/><T21/><D113/><U60/><E133/><V14/><F108/><W122/><G122/><T13/><D123/><U29/><E29/><V70/><F70/><W98/><G129/><T126/><D126/><U99/><REACH who="1" step="1"/><E83/><REACH who="1" ten="89,422,108,371" step="2"/><V15/><F82/><W100/><G28/><T131/><D131/><U81/><E81/><V109/><F31/><W67/><G30/><T41/><D87/><U0/><AGARI ba="2,1" hai="0,7,8,58,60,66,79,80,84,93,99,102,124,127" machi="0" ten="30,6000,0" yaku="1,1,0,1,52,1,53,0" doraHai="97" doraHaiUra="26" who="1" fromWho="1" sc="89,-22,422,76,108,-22,371,-22" /><INIT seed="5,3,0,2,3,122" ten="67,498,86,349" oya="1" hai0="127,72,78,55,7,0,93,38,47,27,60,63,126" hai1="135,85,76,131,28,14,4,9,15,106,92,3,13" hai2="109,111,41,61,88,116,125,130,119,115,49,112,22" hai3="45,33,24,64,102,52,107,56,90,96,103,98,11"/><U81/><E106/><V12/><F12/><W20/><G33/><T128/><D93/><U129/><E28/><V123/><F22/><W17/><G64/><T66/><D27/><U74/><E135/><V110/><F88/><W6/><G45/><T77/><D72/><U118/><E118/><N who="2" m="45099" /><F125/><N who="0" m="47626" /><D128/><N who="1" m="49227" /><E92/><V50/><F130/><W48/><G90/><T75/><D75/><AGARI ba="3,0" hai="3,4,9,13,14,15,74,75,76,81,85" m="49227" machi="75" ten="30,1500,0" yaku="19,1" doraHai="122" who="1" fromWho="0" sc="67,-24,498,24,86,0,349,0" /><INIT seed="5,4,0,0,0,91" ten="43,522,86,349" oya="1" hai0="75,103,119,37,124,14,12,105,4,44,114,100,50" hai1="106,79,18,23,62,36,64,128,95,40,134,22,2" hai2="73,41,55,9,135,56,87,19,116,97,13,92,132" hai3="35,34,70,66,101,16,51,67,98,54,108,69,89"/><U78/><E106/><V81/><F73/><W0/><G0/><T25/><D75/><U123/><E2/><V33/><F33/><W104/><G108/><T99/><D37/><U6/><E123/><V111/><F41/><W63/><G89/><T82/><D114/><U109/><E6/><V112/><F111/><W39/><G39/><T49/><D124/><U74/><E128/><V129/><F116/><W125/><G125/><T43/><D119/><U3/><E3/><V76/><F76/><BYE who="2" /><W60/><REACH who="3" step="1"/><G16/><REACH who="3" ten="43,522,86,339" step="2"/><T53/><D103/><U42/><E18/><V113/><F113/><W11/><G11/><T96/><D4/><U57/><E36/><V15/><F15/><W1/><G1/><T86/><D25/><U46/><E109/><V121/><F121/><W65/><G65/><T5/><D5/><U29/><E64/><V90/><F90/><W48/><G48/><T93/><D99/><U133/><E79/><V117/><F117/><W61/><G61/><T17/><D17/><U30/><E78/><UN n2="%E6%B8%85%E9%A2%A8%E5%8C%97" /><V10/><F112/><W88/><G88/><N who="0" m="51287" /><D105/><U52/><E62/><V94/><F19/><W127/><G127/><T59/><AGARI ba="4,1" hai="12,14,43,44,49,50,53,59,93,96,100" m="51287" machi="59" ten="30,4000,0" yaku="8,1,52,1,54,1" doraHai="91" who="0" fromWho="0" sc="43,62,522,-24,86,-14,339,-14" /><INIT seed="6,0,0,2,2,37" ten="105,498,72,325" oya="2" hai0="66,105,38,77,78,22,104,64,84,118,46,33,73" hai1="107,87,117,115,100,133,52,121,80,102,130,55,44" hai2="6,56,25,36,85,119,125,7,61,60,76,135,74" hai3="27,96,95,79,126,45,29,98,94,58,34,5,113"/><V132/><F119/><W89/><G126/><T43/><D33/><U103/><E117/><V127/><F74/><W30/><G113/><T11/><D118/><U131/><E133/><N who="2" m="51275" /><F36/><W97/><G79/><T28/><D73/><U15/><E121/><V57/><F25/><W53/><G5/><N who="2" m="1545" /><F85/><W111/><G30/><T4/><D84/><U86/><E86/><V9/><F9/><W40/><G111/><T23/><D77/><U67/><E115/><V120/><F76/><W134/><G134/><T35/><D78/><U1/><E1/><V12/><F12/><W26/><G27/><T93/><D35/><U42/><E15/><V16/><F16/><W0/><G0/><T41/><D28/><U32/><E32/><V109/><F109/><W116/><G116/><T39/><D4/><U14/><E14/><V13/><F13/><W70/><G70/><T69/><D11/><U63/><E107/><V88/><F88/><W31/><G31/><T83/><D69/><U62/><E87/><V128/><F120/><W8/><G8/><T59/><D83/><U129/><E80/><V92/><F92/><W71/><G71/><T114/><D93/><U20/><E20/><V19/><F19/><W2/><G2/><T49/><D114/><U112/><E112/><V101/><F101/><W110/><G110/><T50/><D59/><N who="2" m="22602" /><F128/><W24/><G24/><T90/><D90/><U21/><E21/><V82/><F82/><W48/><G94/><T91/><D91/><U3/><E3/><V99/><F99/><W123/><G123/><T75/><D75/><U10/><E131/><RYUUKYOKU ba="0,0" sc="105,10,498,-30,72,10,325,10" hai0="22,23,38,39,41,43,46,49,50,64,66,104,105" hai2="60,61,125,127" hai3="26,29,34,40,45,48,53,58,89,95,96,97,98" /><INIT seed="6,1,0,5,5,105" ten="115,468,82,335" oya="2" hai0="82,118,74,2,117,5,11,77,56,3,42,22,15" hai1="99,89,44,92,113,31,126,25,87,115,53,0,14" hai2="121,129,16,131,125,84,81,86,63,32,128,79,98" hai3="36,91,29,122,96,66,80,124,18,72,75,51,19"/><V119/><F121/><W132/><G36/><T88/><D42/><U107/><E0/><V46/><F119/><N who="0" m="45578" /><D22/><U33/><E126/><V26/><F125/><W73/><G124/><T55/><D88/><U60/><E14/><V47/><F63/><AGARI ba="1,0" hai="2,3,5,11,15,55,56,63,74,77,82" m="45578" machi="63" ten="30,2000,0" yaku="12,1,52,1" doraHai="105" who="0" fromWho="2" sc="115,23,468,0,82,-23,335,0" /><INIT seed="7,0,0,5,1,4" ten="138,468,59,335" oya="3" hai0="117,78,88,47,105,33,119,3,131,97,101,83,37" hai1="69,70,59,120,133,9,16,48,52,109,7,43,99" hai2="85,56,127,107,122,126,75,65,86,96,15,12,93" hai3="22,123,54,5,82,92,32,76,35,21,24,79,19"/><W41/><G123/><T36/><D88/><U106/><E109/><V39/><F122/><W104/><G104/><T60/><D33/><U11/><E120/><V112/><F39/><N who="0" m="14922" /><D47/><U68/><E43/><V6/><F107/><W81/><G41/><T17/><D17/><U87/><E133/><V73/><F6/><W14/><G54/><T1/><D60/><U130/><E130/><V71/><F56/><W62/><G62/><T98/><D98/><U67/><E87/><V102/><F96/><W18/><G5/><T91/><D91/><U44/><E106/><V51/><F51/><W42/><G42/><T45/><D45/><U115/><E99/><V28/><F93/><W95/><REACH who="3" step="1"/><G24/><REACH who="3" ten="138,468,59,325" step="2"/><T50/><D105/><U129/><E7/><V66/><F71/><W121/><G121/><T30/><D117/><U13/><E70/><V64/><F64/><W27/><G27/><T124/><D119/><U38/><E69/><V72/><F66/><W49/><G49/><T31/><D50/><U2/><E68/><V63/><F65/><W135/><G135/><T29/><D3/><U80/><E67/><V53/><F63/><W25/><G25/><T40/><D1/><U20/><E2/><V103/><F53/><W114/><G114/><T57/><D40/><U94/><E38/><V46/><F112/><W125/><G125/><T128/><D124/><U100/><E115/><V34/><F127/><W61/><G61/><T77/><D131/><U10/><E44/><V58/><F126/><W8/><G8/><T55/><D128/><U132/><E129/><V111/><F46/><RYUUKYOKU ba="0,1" sc="138,-10,468,-10,59,-10,325,30" hai3="14,18,19,21,22,32,35,76,79,81,82,92,95" /><INIT seed="7,1,1,0,4,22" ten="128,458,49,355" oya="3" hai0="104,78,68,91,106,62,50,100,15,130,29,132,5" hai1="9,110,56,65,16,114,60,69,55,121,64,17,47" hai2="71,74,84,79,61,11,10,90,14,89,87,75,127" hai3="102,99,26,103,6,73,126,3,52,109,23,77,18"/><W46/><G126/><T41/><D130/><U108/><E121/><V43/><F43/><W59/><G109/><T125/><D78/><U38/><E114/><V133/><F14/><W128/><G128/><T129/><D129/><U32/><E32/><V2/><F61/><W134/><G134/><T92/><D132/><U35/><E35/><V25/><F133/><W95/><G73/><T42/><D29/><U34/><E34/><V37/><F79/><W76/><G103/><T118/><D100/><U48/><E65/><V115/><F71/><W82/><G82/><T96/><D118/><U19/><E9/><V49/><F49/><W116/><G116/><T120/><D15/><U80/><E80/><V21/><F21/><W86/><G86/><T67/><D5/><U40/><AGARI ba="1,1" hai="16,17,19,38,40,47,48,55,56,60,64,69,108,110" machi="40" ten="30,7900,0" yaku="0,1,24,2,54,1" doraHai="22" who="1" fromWho="1" sc="128,-21,458,92,49,-21,355,-40" owari="107,-29.3,550,65.0,28,-47.2,315,11.5" /></mjloggm>