<mjloggm ver="2.3"><GO type="169" lobby="0"/><UN n0="%53%74%65%69%6E%73" n1="%E3%81%AD%E3%81%8A%E3%82%80%E3%83%BC%E3%81%BF%E3%82%93" n2="%E3%81%9E%E3%81%88%E3%82%82%E3%82%93%E3%81%A7%E3%81%83" n3="%E4%B9%9D%E7%B4%8B%E9%BE%8D%E5%8F%B2%E9%80%B2" dan="17,16,16,19" rate="2214.40,2074.66,2133.37,2276.28" sx="M,M,M,M"/><TAIKYOKU oya="0"/><INIT seed="0,0,0,0,5,46" ten="250,250,250,250" oya="0" hai0="90,127,72,18,32,48,135,130,43,37,16,67,120" hai1="111,87,39,78,128,12,41,10,106,31,38,97,121" hai2="26,33,34,53,2,132,30,74,51,35,50,7,56" hai3="15,13,123,112,20,25,52,119,65,109,23,68,110"/><T64/><D120/><U92/><E121/><V80/><F132/><W11/><G123/><T75/><D135/><U0/><E0/><V24/><F2/><W125/><G65/><T66/><D32/><U19/><E111/><N who="3" m="42506" /><G68/><T69/><D69/><U114/><E128/><V99/><F7/><W47/><G112/><T79/><D37/><U49/><E106/><V108/><F108/><W27/><G119/><T81/><D130/><U57/><E31/><V21/><F99/><W113/><G113/><T73/><D90/><U45/><E57/><V104/><F104/><W88/><G125/><T14/><D127/><U91/><REACH who="1" step="1"/><E114/><REACH who="1" ten="250,240,250,250" step="2"/><V94/><F33/><W60/><G47/><T103/><D103/><U84/><E84/><V124/><F34/><W4/><G25/><T59/><D59/><U82/><AGARI ba="0,1" hai="10,12,19,38,39,41,45,49,78,82,87,91,92,97" machi="82" ten="30,4000,0" yaku="1,1,0,1,52,1,53,0" doraHai="46" doraHaiUra="61" who="1" fromWho="1" sc="250,-20,240,50,250,-10,250,-10" /><INIT seed="1,0,0,0,4,52" ten="230,290,240,240" oya="1" hai0="93,97,44,18,17,58,100,45,86,43,133,48,20" hai1="81,128,21,120,68,15,38,22,9,118,8,105,2" hai2="103,7,80,87,114,57,113,115,28,47,11,92,95" hai3="12,67,102,3,111,24,13,116,29,25,117,36,59"/><U61/><E118/><N who="3" m="45674" /><G36/><T46/><D133/><U75/><E120/><V119/><F119/><W122/><G122/><T70/><D70/><U71/><E105/><V40/><F28/><W74/><G74/><T26/><D86/><U23/><E38/><V54/><F103/><W53/><G3/><T112/><D112/><U82/><E128/><V124/><F124/><W101/><G67/><T51/><D17/><U0/><E61/><N who="2" m="36023" /><F47/><W10/><G111/><T131/><D131/><U41/><E41/><V104/><F104/><W64/><G64/><T5/><D5/><U83/><E15/><N who="3" m="5706" /><G10/><N who="1" m="4202" /><E75/><V99/><F40/><W42/><G42/><T79/><D79/><U78/><E78/><N who="2" m="46487" /><F99/><W6/><G6/><T76/><D76/><U94/><E94/><V123/><F123/><W35/><G25/><T50/><REACH who="0" step="1"/><D43/><REACH who="0" ten="220,290,240,240" step="2"/><U127/><E127/><V85/><F85/><W66/><G66/><T107/><D107/><U31/><E31/><V65/><F65/><W130/><G130/><T77/><D77/><U60/><E60/><AGARI ba="0,1" hai="24,29,35,53,59,60,101,102" m="5706,45674" machi="60" ten="30,2000,0" yaku="12,1,52,1" doraHai="52" who="3" fromWho="1" sc="220,0,290,-20,240,0,240,30" /><INIT seed="2,0,0,0,1,82" ten="220,270,240,270" oya="2" hai0="76,64,39,52,27,81,35,115,127,46,126,43,8" hai1="6,15,37,90,1,11,47,67,2,40,112,128,53" hai2="33,58,99,117,12,100,65,23,131,31,26,36,50" hai3="0,106,24,63,29,54,89,57,22,91,119,95,74"/><V21/><F117/><W113/><G119/><T88/><D115/><U34/><E112/><V86/><F36/><W20/><G113/><T85/><D64/><U114/><E114/><V5/><F131/><W83/><G106/><T19/><D35/><U78/><E34/><V16/><F5/><W68/><G0/><T79/><D27/><U130/><E67/><V41/><F41/><W17/><G68/><T70/><D70/><U59/><E78/><V109/><F109/><W122/><G122/><T129/><D129/><N who="1" m="49771" /><E90/><V121/><F121/><W14/><G74/><T102/><D102/><U73/><E73/><V84/><F33/><W120/><G120/><T32/><D32/><U96/><E96/><V62/><F50/><AGARI ba="0,0" hai="1,2,6,11,15,37,40,47,50,53,59" m="49771" machi="50" ten="30,1000,0" yaku="19,1" doraHai="82" who="1" fromWho="2" sc="220,0,270,10,240,-10,270,0" /><INIT seed="3,0,0,3,0,28" ten="220,280,230,270" oya="3" hai0="79,32,122,60,66,68,50,45,37,44,76,84,11" hai1="131,116,106,63,25,70,38,33,13,117,91,24,52" hai2="115,0,71,104,77,92,126,102,134,128,75,132,73" hai3="55,27,31,39,82,34,93,30,62,51,58,2,49"/><W119/><G119/><N who="1" m="45642" /><E38/><V65/><F0/><W100/><G39/><T53/><D122/><U23/><E106/><V101/><F71/><W40/><G2/><T80/><D11/><U90/><E131/><V14/><F14/><W98/><G40/><T94/><D94/><U16/><E70/><V59/><F59/><W6/><G6/><T111/><D111/><U112/><E112/><V10/><F65/><W3/><G3/><T129/><D129/><U47/><E24/><V8/><F92/><W97/><G30/><T69/><D69/><U113/><E113/><V123/><F77/><W127/><G127/><T20/><D20/><U9/><E33/><V118/><F104/><W103/><REACH who="3" step="1"/><G82/><REACH who="3" ten="220,280,230,260" step="2"/><T56/><D37/><U22/><E22/><V35/><F126/><W15/><G15/><T1/><D1/><U135/><E135/><V26/><F128/><W95/><AGARI ba="0,1" hai="27,31,34,49,51,55,58,62,93,95,97,98,100,103" machi="95" ten="20,18000,2" yaku="1,1,0,1,7,1,9,1,52,1,53,2" doraHai="28" doraHaiUra="88" who="3" fromWho="3" sc="220,-60,280,-60,230,-60,260,190" /><INIT seed="3,1,0,4,2,17" ten="160,220,170,450" oya="3" hai0="11,34,125,31,20,30,92,97,12,15,55,2,8" hai1="19,28,132,68,111,1,73,80,39,78,66,41,102" hai2="77,44,130,57,88,10,46,25,101,94,118,117,114" hai3="119,3,105,99,32,135,115,63,56,35,36,116,33"/><W22/><G115/><T96/><D125/><U106/><E111/><V0/><F114/><W124/><G124/><T69/><D69/><U61/><E132/><V21/><F101/><W112/><G112/><T43/><D2/><U59/><E59/><V52/><F77/><W81/><G36/><T126/><D126/><U91/><E91/><V82/><F82/><W51/><G3/><T45/><D34/><U133/><E133/><V24/><F24/><W4/><G4/><T98/><D55/><U6/><E19/><N who="2" m="12479" /><F130/><W42/><G81/><T123/><D123/><U54/><E54/><V40/><F10/><W74/><G74/><T14/><D92/><U108/><E108/><V53/><F53/><W18/><G135/><T9/><REACH who="0" step="1"/><D20/><REACH who="0" ten="150,220,170,450" step="2"/><U29/><E106/><V95/><F0/><W5/><G105/><T48/><AGARI ba="1,1" hai="8,9,11,12,14,15,30,31,43,45,48,96,97,98" machi="48" ten="40,12000,2" yaku="1,1,2,1,0,1,29,2,8,1,53,0" doraHai="17" doraHaiUra="90" who="0" fromWho="0" sc="150,133,220,-31,170,-31,450,-61" /><INIT seed="4,0,0,4,1,45" ten="283,189,139,389" oya="0" hai0="9,93,99,18,52,104,23,79,59,85,47,89,128" hai1="87,20,16,98,43,94,24,38,44,116,115,66,4" hai2="54,120,68,69,133,118,30,81,101,73,35,125,63" hai3="34,60,57,51,15,3,111,12,71,36,56,76,14"/><T7/><D128/><U2/><E116/><V1/><F120/><W46/><G111/><T40/><D104/><U28/><E115/><V75/><F118/><W49/><G3/><T86/><D79/><U109/><E109/><V123/><F123/><W29/><G71/><T58/><D58/><U62/><E87/><V74/><F1/><W55/><G76/><T82/><D82/><U64/><E62/><V103/><F125/><W0/><G0/><T10/><D7/><U61/><E61/><V33/><F133/><W112/><G112/><T113/><D113/><U27/><E4/><V132/><F132/><W122/><G122/><T83/><D85/><U97/><E97/><V25/><F81/><W117/><G117/><T124/><D124/><U65/><E2/><V11/><F11/><W21/><G34/><T95/><D95/><U108/><E108/><V80/><F80/><W105/><G105/><T53/><D53/><U91/><REACH who="1" step="1"/><E65/><REACH who="1" ten="283,179,139,389" step="2"/><V41/><F63/><W135/><G135/><T13/><D86/><U5/><E5/><V31/><F54/><W48/><G60/><N who="0" m="35943" /><D83/><U102/><E102/><V77/><F77/><W67/><G67/><T84/><D84/><U107/><E107/><V70/><F41/><W8/><G55/><T32/><D32/><AGARI ba="0,1" hai="16,20,24,27,28,32,38,43,44,64,66,91,94,98" machi="32" ten="30,8000,1" yaku="1,1,7,1,54,1,53,2" doraHai="45" doraHaiUra="22" who="1" fromWho="0" sc="283,-80,179,90,139,0,389,0" /><INIT seed="5,0,0,2,2,23" ten="203,269,139,389" oya="1" hai0="82,101,43,0,109,120,46,42,22,89,132,15,39" hai1="107,127,102,37,128,17,28,121,52,69,110,131,116" hai2="5,112,96,80,103,48,67,45,3,8,115,78,25" hai3="53,126,12,41,73,92,61,87,68,14,79,117,84"/><U59/><E116/><V97/><F67/><W13/><G117/><T98/><D109/><U114/><E114/><V33/><F33/><W83/><G41/><T108/><D108/><U71/><E121/><V55/><F25/><W134/><G134/><T104/><D0/><U9/><E37/><V40/><F55/><W26/><G126/><T27/><D132/><U1/><E127/><V63/><F63/><W122/><G122/><T125/><D125/><U118/><E118/><V58/><F58/><W30/><G92/><T7/><D120/><U72/><E72/><V62/><F62/><W51/><G61/><T129/><D129/><N who="1" m="49739" /><E110/><V77/><F78/><W76/><G68/><T11/><D43/><U20/><E28/><V66/><F66/><W74/><G74/><T36/><D36/><U91/><E9/><V24/><F24/><W16/><G76/><T70/><D70/><U95/><E1/><V38/><F48/><W106/><G106/><T31/><D82/><U86/><E102/><V65/><F65/><W34/><REACH who="3" step="1"/><G16/><REACH who="3" ten="203,269,139,379" step="2"/><T111/><D111/><U93/><E93/><V49/><F38/><W81/><G81/><T113/><D113/><N who="2" m="43594" /><F103/><W57/><AGARI ba="0,1" hai="12,13,14,26,30,34,51,53,57,73,79,83,84,87" machi="57" ten="30,4000,0" yaku="1,1,0,1,52,1,53,0" doraHai="23" doraHaiUra="90" who="3" fromWho="3" sc="203,-10,269,-20,139,-10,379,50" /><INIT seed="6,0,0,4,4,8" ten="193,249,129,429" oya="2" hai0="5,10,4,56,65,34,18,113,33,20,123,118,127" hai1="86,25,7,15,68,96,95,79,13,81,29,9,131" hai2="54,107,74,115,125,3,73,62,83,134,84,63,37" hai3="16,42,78,82,71,28,124,47,119,110,48,106,45"/><V99/><F3/><W91/><G110/><T130/><D123/><U30/><E131/><V129/><F129/><W88/><G119/><T120/><D120/><U92/><E68/><V132/><F37/><W85/><G106/><T66/><D130/><U43/><E43/><V121/><F121/><W58/><G71/><T112/><D118/><U70/><E70/><V21/><F115/><N who="0" m="44106" /><D127/><U12/><E92/><V59/><F125/><W117/><G117/><T22/><D22/><N who="1" m="15543" /><E30/><V126/><F126/><W24/><G124/><T114/><N who="0" m="44114" /><T80/><DORA hai="87" /><D80/><U94/><E94/><V55/><F21/><N who="3" m="13351" /><G28/><T105/><D105/><U38/><E38/><V61/><F99/><W135/><G135/><N who="2" m="51753" /><F107/><W41/><G58/><T109/><D109/><U6/><E9/><V0/><F0/><W90/><G45/><T89/><D56/><U76/><E79/><N who="2" m="46207" /><F59/><W116/><G116/><T17/><D34/><U31/><E31/><V101/><F101/><AGARI ba="0,0" hai="6,7,12,13,15,76,81,86,95,96,101" m="15543" machi="101" ten="30,7700,0" yaku="8,1,52,3" doraHai="8,87" who="1" fromWho="2" sc="193,0,249,77,129,-77,429,0" /><INIT seed="7,0,0,5,1,130" ten="193,326,52,429" oya="3" hai0="26,56,11,65,88,49,27,68,43,53,35,110,18" hai1="128,72,134,51,104,60,3,126,73,71,24,64,15" hai2="9,133,83,118,21,63,62,80,1,127,90,12,66" hai3="108,75,41,7,13,97,116,109,61,69,29,58,122"/><W119/><G122/><T70/><D110/><N who="3" m="42601" /><G69/><T47/><D35/><U14/><E128/><V129/><F129/><W34/><G75/><T86/><D70/><U77/><E126/><V38/><F118/><W5/><G41/><T44/><D44/><U22/><E3/><V2/><F127/><W42/><G42/><T45/><D45/><U114/><E104/><V89/><F21/><W98/><G29/><T125/><D125/><U111/><E111/><V8/><F12/><W81/><G81/><T50/><D65/><U121/><E121/><V39/><REACH who="2" step="1"/><F66/><REACH who="2" ten="193,326,42,429" step="2"/><N who="3" m="39223" /><G34/><T99/><D27/><U135/><E114/><V17/><F17/><W28/><G28/><T132/><D26/><U113/><E113/><V101/><F101/><W25/><G25/><T103/><D18/><U54/><E15/><V95/><F95/><W59/><G59/><T87/><D103/><U93/><E14/><V84/><F84/><W32/><G32/><T120/><D86/><U115/><E93/><V0/><F0/><W10/><G7/><T107/><D87/><U124/><E124/><V102/><F102/><W123/><G123/><T78/><D56/><N who="1" m="32863" /><E115/><V4/><F4/><W46/><G46/><T85/><D85/><U131/><E131/><V100/><F100/><W76/><G76/><T48/><D78/><U33/><E77/><V6/><F6/><W20/><G20/><T40/><D47/><U92/><E92/><V117/><F117/><AGARI ba="0,1" hai="5,10,13,97,98,116,117,119" m="39223,42601" machi="117" ten="30,1500,0" yaku="10,1" doraHai="130" who="3" fromWho="2" sc="193,0,326,0,42,-15,429,25" owari="193,-20.7,326,12.6,27,-47.3,454,55.4" /></mjloggm>