<mjloggm ver="2.3"><GO type="169" lobby="0"/><UN n0="%E3%81%88%E3%81%8C%E3%82%8F%E3%82%8A%E3%81%8A" n1="%E3%83%AD%E3%83%99%E3%83%AB%E3%82%BF%E3%81%95%E3%82%93%EF%BC%A0" n2="%33%39%E3%81%95%E3%82%93" n3="%E3%81%95%E3%81%8B%E3%81%8D" dan="16,16,16,16" rate="2123.71,2131.57,2125.34,2140.12" sx="M,F,M,M"/><TAIKYOKU oya="0"/><INIT seed="0,0,0,5,5,51" ten="250,250,250,250" oya="0" hai0="105,97,63,62,21,78,93,37,116,41,36,88,79" hai1="29,118,77,4,135,32,129,126,107,15,30,52,104" hai2="114,66,50,34,73,101,86,91,130,25,48,6,95" hai3="26,8,113,90,20,83,133,45,123,5,11,71,28"/><T23/><D116/><U12/><E118/><V127/><F114/><W0/><G113/><T111/><D105/><U68/><E68/><V74/><F66/><W1/><G71/><T94/><D111/><U120/><E120/><V69/><F69/><W49/><G123/><T131/><D131/><U102/><E32/><V76/><F130/><W42/><G133/><T18/><D94/><U59/><E129/><V72/><F76/><W58/><G58/><T134/><D134/><U124/><E77/><N who="0" m="29193" /><D37/><U3/><E3/><V98/><F6/><W92/><G83/><T53/><D36/><U85/><E85/><V10/><F10/><W67/><G67/><T81/><D81/><U89/><E89/><V121/><F121/><W17/><G17/><T125/><D125/><N who="1" m="48235" /><E135/><V106/><F127/><W112/><G112/><T122/><D122/><U7/><E7/><V22/><REACH who="2" step="1"/><F34/><REACH who="2" ten="250,250,240,250" step="2"/><W14/><REACH who="3" step="1"/><G8/><REACH who="3" ten="250,250,240,240" step="2"/><T80/><D21/><U40/><E4/><V39/><F39/><W87/><AGARI ba="0,2" hai="0,1,5,11,14,20,26,28,42,45,49,87,90,92" machi="87" ten="20,8000,1" yaku="1,1,2,1,0,1,7,1,53,1" doraHai="51" doraHaiUra="43" who="3" fromWho="3" sc="250,-40,250,-20,240,-20,240,100" /><INIT seed="1,0,0,5,3,1" ten="210,230,220,340" oya="1" hai0="107,112,50,19,94,45,16,132,95,23,55,67,91" hai1="0,125,20,29,133,134,31,53,90,14,129,102,77" hai2="82,51,28,75,15,79,108,61,22,17,101,76,47" hai3="21,60,117,2,3,58,12,69,63,65,84,126,87"/><U113/><E113/><V89/><F108/><W24/><G126/><T70/><D112/><U32/><E77/><V52/><F101/><W62/><G117/><T54/><D107/><U121/><E102/><V119/><F119/><W97/><G2/><T44/><D132/><U36/><E36/><V72/><F28/><W124/><G3/><T37/><D37/><U30/><E53/><V34/><F34/><W68/><G124/><T106/><D106/><U7/><E90/><V8/><F89/><W46/><G97/><T66/><D70/><U131/><E125/><V39/><F39/><W105/><G105/><T88/><D23/><U96/><E96/><V64/><F76/><W122/><G122/><T111/><REACH who="0" step="1"/><D50/><REACH who="0" ten="200,230,220,340" step="2"/><U49/><E49/><V9/><REACH who="2" step="1"/><F72/><REACH who="2" ten="200,230,210,340" step="2"/><W130/><G69/><AGARI ba="0,2" hai="8,9,15,17,22,47,51,52,61,64,69,75,79,82" machi="69" ten="30,8000,1" yaku="1,1,2,1,7,1,54,1,53,1" doraHai="1" doraHaiUra="59" who="2" fromWho="3" sc="200,0,230,0,210,100,340,-80" /><INIT seed="2,0,0,5,1,33" ten="200,230,310,260" oya="2" hai0="11,22,60,72,107,18,89,32,67,47,56,92,99" hai1="38,31,7,91,108,49,75,116,97,132,105,79,37" hai2="93,26,46,34,133,10,20,76,130,43,80,117,114" hai3="24,73,1,16,6,53,98,69,124,113,45,131,84"/><V88/><F117/><W19/><G73/><T54/><D32/><U129/><E108/><V120/><F114/><W74/><G74/><T27/><D72/><U96/><E31/><V70/><F120/><W106/><G69/><T101/><D11/><U14/><E49/><V8/><F70/><W9/><G113/><T123/><D123/><U121/><E14/><V41/><F34/><W50/><G131/><T58/><D47/><U78/><E7/><V61/><F130/><W42/><G124/><T63/><REACH who="0" step="1"/><D107/><REACH who="0" ten="190,230,310,260" step="2"/><U64/><E105/><V122/><F122/><W128/><G128/><T28/><D28/><U21/><E75/><V29/><F133/><W126/><G126/><T17/><D17/><U5/><E132/><V115/><F115/><W111/><G111/><T48/><D48/><U4/><E129/><V112/><F112/><W87/><G42/><T15/><D15/><U0/><E121/><V59/><F43/><W25/><G19/><T81/><D81/><U119/><E119/><V85/><F46/><W30/><G30/><T86/><D86/><U13/><E13/><V57/><F41/><W135/><G135/><T118/><D118/><U55/><E116/><V68/><F68/><W90/><G16/><T2/><D2/><U104/><E0/><V71/><F71/><W134/><G134/><T100/><AGARI ba="0,1" hai="18,22,27,54,56,58,60,63,67,89,92,99,100,101" machi="100" ten="30,8000,1" yaku="1,1,0,1,25,2,8,1,53,0" doraHai="33" doraHaiUra="125" who="0" fromWho="0" sc="190,90,230,-20,310,-40,260,-20" /><INIT seed="3,0,0,1,0,20" ten="280,210,270,240" oya="3" hai0="101,115,84,73,2,94,118,131,97,38,62,98,112" hai1="95,119,126,114,26,16,102,37,11,134,116,63,92" hai2="36,123,107,121,9,35,129,70,86,128,22,13,96" hai3="130,45,33,103,59,10,124,49,60,109,69,17,14"/><W40/><G33/><T90/><D2/><U27/><E114/><N who="0" m="43561" /><D38/><U85/><E134/><V4/><F36/><W43/><G130/><N who="2" m="50281" /><F70/><W99/><G124/><T104/><D131/><U8/><E126/><V82/><F35/><W111/><G69/><T132/><D132/><U25/><E37/><V24/><F96/><W110/><G49/><T39/><D39/><U47/><E47/><V88/><F107/><W113/><G45/><T53/><D118/><N who="1" m="45099" /><E16/><AGARI ba="0,0" hai="4,9,13,16,22,24,82,86,88,121,123" m="50281" machi="16" ten="30,7700,0" yaku="19,1,52,1,54,2" doraHai="20" who="2" fromWho="1" sc="280,0,210,-77,270,77,240,0" /><INIT seed="4,0,0,3,2,61" ten="280,133,347,240" oya="0" hai0="0,109,98,75,45,47,119,89,25,56,10,124,128" hai1="31,36,2,99,103,1,65,123,85,38,53,46,91" hai2="106,122,54,114,112,118,104,120,8,93,102,30,27" hai3="17,110,35,126,73,11,33,95,50,37,96,86,28"/><T13/><D119/><U21/><E123/><V16/><F54/><W43/><G110/><T57/><D75/><U77/><E77/><V26/><F93/><W134/><G73/><T59/><D109/><U55/><E65/><V63/><F102/><W74/><G74/><T131/><D0/><U78/><E78/><V71/><F118/><W125/><G37/><T100/><D89/><U92/><E1/><V52/><F27/><W15/><G86/><T7/><D25/><U62/><E2/><V82/><F82/><W83/><G83/><T69/><D69/><U94/><E31/><V64/><F106/><W32/><G134/><T113/><D113/><N who="2" m="43626" /><F104/><W29/><G29/><T23/><D23/><U40/><E38/><V66/><F71/><W87/><G87/><T4/><D4/><U115/><E115/><V44/><F8/><W60/><G60/><T42/><D124/><N who="3" m="47721" /><G28/><T49/><REACH who="0" step="1"/><D45/><REACH who="0" ten="270,133,347,240" step="2"/><U80/><E21/><N who="2" m="13607" /><F44/><N who="3" m="25887" /><G33/><T24/><D24/><U79/><REACH who="1" step="1"/><E62/><REACH who="1" ten="270,123,347,240" step="2"/><V51/><F63/><W132/><G132/><T88/><D88/><AGARI ba="0,2" hai="11,15,17,32,35,88,95,96" m="25887,47721" machi="88" ten="30,2000,0" yaku="18,1,54,1" doraHai="61" who="3" fromWho="0" sc="270,-20,123,0,347,0,240,40" /><INIT seed="5,0,0,0,0,126" ten="250,123,347,280" oya="1" hai0="32,119,89,8,130,76,75,26,9,10,131,135,72" hai1="132,13,40,44,80,57,98,99,41,127,120,59,110" hai2="125,104,21,83,45,27,48,63,87,53,128,78,115" hai3="94,0,1,24,15,22,35,114,82,118,58,74,64"/><U90/><E127/><V134/><F125/><W105/><G105/><T2/><D119/><U84/><E132/><V43/><F104/><W106/><G106/><T51/><D135/><U46/><E120/><V121/><F134/><W86/><G118/><T123/><D123/><U88/><E13/><V96/><F115/><W61/><G114/><T129/><D2/><U6/><E110/><V67/><F121/><W108/><G108/><T62/><D76/><U34/><E34/><V12/><F12/><W133/><G133/><T33/><D51/><U116/><E116/><V101/><F43/><W19/><G94/><T52/><D89/><U23/><E23/><V100/><F96/><W95/><G95/><T68/><D26/><U66/><E66/><V55/><F55/><W56/><G56/><N who="0" m="35079" /><D68/><U69/><E69/><V25/><F25/><W111/><G74/><AGARI ba="0,0" hai="8,9,10,32,33,72,74,75,129,130,131" m="35079" machi="74" ten="40,8000,1" yaku="19,1,52,3,54,1" doraHai="126" who="0" fromWho="3" sc="250,80,123,0,347,0,280,-80" /><INIT seed="6,0,0,1,5,114" ten="330,123,347,200" oya="2" hai0="73,49,6,124,40,84,2,64,121,128,98,23,135" hai1="80,110,42,7,38,20,32,26,37,126,55,13,54" hai2="24,75,63,52,90,101,22,66,5,79,133,130,39" hai3="50,56,89,48,11,58,19,102,59,45,62,96,113"/><V30/><F130/><W21/><G113/><T29/><D121/><U14/><E126/><V111/><F39/><W65/><G11/><T1/><D73/><U95/><E110/><V70/><F133/><W31/><G31/><T34/><D34/><U125/><E125/><V46/><F101/><W127/><G89/><T132/><D124/><U57/><E32/><V16/><F5/><W82/><G82/><T77/><D128/><U106/><E106/><V119/><F111/><W47/><G127/><T53/><D64/><U117/><E7/><V10/><F90/><W118/><G118/><T12/><D40/><U35/><E35/><V71/><F119/><W123/><G47/><T74/><D74/><U104/><E104/><V4/><F71/><W68/><G45/><T81/><D98/><U8/><E8/><V115/><F115/><W72/><G72/><T60/><D60/><U15/><E117/><V134/><F134/><N who="0" m="51242" /><D6/><U91/><E80/><V97/><F97/><W25/><REACH who="3" step="1"/><G123/><REACH who="3" ten="330,123,347,190" step="2"/><T9/><D9/><U87/><E42/><V105/><F75/><W107/><AGARI ba="0,1" hai="19,21,25,48,50,56,58,59,62,65,68,96,102,107" machi="107" ten="30,4000,0" yaku="1,1,2,1,0,1,53,0" doraHai="114" doraHaiUra="36" who="3" fromWho="3" sc="330,-10,123,-10,347,-20,190,50" /><INIT seed="7,0,0,2,5,50" ten="320,113,327,240" oya="3" hai0="48,134,64,79,11,123,29,101,30,88,60,6,5" hai1="67,83,33,98,12,99,49,112,58,45,113,37,63" hai2="128,2,125,114,108,100,85,78,7,122,109,118,72" hai3="46,90,17,69,110,27,15,21,0,129,32,34,38"/><W61/><G129/><T105/><D123/><U41/><E33/><V53/><F128/><W92/><G110/><T57/><D134/><U126/><E12/><V73/><F118/><W97/><G0/><T55/><D79/><U24/><E24/><V111/><F125/><W94/><G38/><T93/><D101/><U59/><E83/><V65/><F65/><W22/><G46/><N who="0" m="28055" /><D105/><U121/><E99/><V119/><F119/><W3/><G3/><T107/><D107/><U80/><E98/><V130/><F130/><W74/><G74/><T104/><D104/><U115/><E80/><V23/><F122/><W18/><G94/><T124/><D124/><U25/><E25/><V51/><F100/><W135/><G135/><T89/><D89/><U127/><E121/><V77/><F73/><W66/><AGARI ba="0,0" hai="15,17,18,21,22,27,32,34,61,66,69,90,92,97" machi="66" ten="30,1500,0" yaku="0,1" doraHai="50" who="3" fromWho="3" sc="320,-5,113,-5,327,-5,240,15" /><INIT seed="7,1,0,3,5,11" ten="315,108,322,255" oya="3" hai0="98,46,24,17,22,54,23,65,37,107,113,15,108" hai1="104,31,42,133,126,79,110,88,131,105,72,124,101" hai2="10,125,122,47,68,5,91,29,117,55,102,57,25" hai3="63,1,109,51,77,95,16,45,12,30,53,86,85"/><W73/><G1/><T69/><D108/><U84/><E31/><V2/><F117/><W75/><G109/><T81/><D113/><U36/><E42/><V14/><F125/><N who="1" m="48233" /><E36/><V48/><F68/><W93/><G75/><T70/><D37/><U50/><E50/><V64/><F91/><W35/><G73/><T119/><D119/><U8/><E8/><V49/><F102/><W19/><G35/><T97/><D107/><N who="1" m="41035" /><E101/><V52/><F122/><W4/><G30/><T90/><D70/><U59/><E59/><V61/><F2/><W92/><G63/><T103/><D69/><U28/><E28/><V74/><F25/><W128/><G4/><T56/><D103/><U134/><E110/><V18/><F29/><W41/><G41/><T6/><D46/><U96/><E96/><V76/><F5/><W34/><G34/><T115/><D6/><U7/><E7/><V123/><F48/><W44/><G44/><T135/><D98/><U71/><E71/><V118/><F118/><W62/><G62/><T38/><D38/><U99/><E99/><V27/><F64/><W26/><G26/><T130/><D97/><U39/><E39/><V43/><F27/><W120/><G19/><T121/><D24/><U67/><E67/><V89/><F43/><W127/><G127/><T87/><D65/><U20/><E20/><V100/><F47/><W129/><G16/><T132/><D23/><U94/><E131/><V82/><F100/><W40/><G40/><T83/><D130/><U106/><N who="1" m="41043" /><U80/><AGARI ba="1,0" hai="72,79,80,84,88,94,133,134" m="41043,48233" machi="80" ten="50,8000,1" yaku="4,1,18,1,34,2,54,1" doraHai="11" who="1" fromWho="1" sc="315,-21,108,83,322,-21,255,-41" owari="294,9.4,191,-30.9,301,40.1,214,-18.6" /></mjloggm>