<mjloggm ver="2.3"><GO type="169" lobby="0"/><UN n0="%E3%81%AF%E3%81%BE%E3%81%A1%E3%83%AA%E3%83%BC%E3%82%B0" n1="%E3%81%95%E3%81%8B%E3%81%8D" n2="%E4%B8%83%E7%94%9F%E5%A4%95" n3="%43%4F%45%44%4F%E7%B7%91" dan="17,16,16,18" rate="2143.29,2124.78,2097.22,2192.62" sx="M,M,M,F"/><TAIKYOKU oya="0"/><INIT seed="0,0,0,1,3,34" ten="250,250,250,250" oya="0" hai0="26,127,25,102,83,84,121,125,126,133,7,108,72" hai1="124,50,65,27,5,49,100,98,119,107,4,91,53" hai2="68,122,97,87,95,29,2,78,66,59,134,38,46" hai3="40,56,112,94,20,85,93,51,86,36,81,109,14"/><T6/><D72/><U60/><E119/><V52/><F122/><W16/><G112/><T105/><D121/><U118/><E118/><V23/><F134/><W82/><G36/><T8/><D133/><U57/><E124/><V79/><F68/><W44/><G109/><T43/><D108/><U35/><E91/><V110/><F66/><W129/><G56/><T71/><D71/><U63/><E50/><V92/><F2/><W104/><G104/><T80/><D43/><U115/><E63/><V89/><F110/><W106/><G106/><T10/><D105/><U123/><E123/><V37/><F37/><W48/><G48/><T61/><D102/><U64/><E64/><V69/><F69/><W62/><G62/><T73/><D73/><U30/><REACH who="1" step="1"/><E115/><REACH who="1" ten="250,240,250,250" step="2"/><V42/><F78/><N who="3" m="46263" /><G129/><T17/><D61/><U120/><E120/><V99/><F79/><AGARI ba="0,1" hai="14,16,20,40,44,51,79,82,86,93,94" m="46263" machi="79" ten="30,2000,0" yaku="8,1,54,1" doraHai="34" who="3" fromWho="2" sc="250,0,240,0,250,-20,250,30" /><INIT seed="1,0,0,5,2,129" ten="250,240,230,280" oya="1" hai0="63,80,32,14,41,84,117,28,106,88,22,128,56" hai1="38,82,119,17,74,92,93,75,58,94,90,60,71" hai2="76,66,36,54,85,23,45,51,109,113,124,8,3" hai3="103,70,43,134,33,131,1,81,126,125,30,98,105"/><U87/><E119/><V9/><F109/><W34/><G1/><T57/><D117/><U0/><E38/><V12/><F124/><N who="3" m="47723" /><G131/><T77/><D128/><U7/><E71/><V104/><F104/><W35/><G70/><T29/><D106/><U135/><E17/><V16/><F113/><W72/><G43/><T133/><D133/><U50/><E50/><V89/><F76/><N who="3" m="44167" /><G30/><T69/><D32/><U40/><E40/><V49/><F36/><W65/><G65/><T55/><D41/><U118/><E118/><V121/><F66/><W48/><G48/><T96/><D57/><U20/><E20/><V11/><F121/><W6/><G6/><T67/><D67/><U130/><E135/><AGARI ba="0,0" hai="33,34,35,98,103,105,134,135" m="44167,47723" machi="135" ten="40,8000,1" yaku="18,1,23,1,52,2" doraHai="129" who="3" fromWho="1" sc="250,0,240,-80,230,0,280,80" /><INIT seed="2,0,0,3,3,67" ten="250,160,230,360" oya="2" hai0="6,2,79,100,51,101,11,3,114,94,80,92,72" hai1="90,31,58,39,9,41,120,77,104,24,62,35,109" hai2="97,76,110,28,46,102,84,93,23,63,1,82,70" hai3="4,50,131,89,87,108,12,123,21,117,132,27,105"/><V61/><F1/><W107/><G117/><T5/><D114/><U38/><E120/><V7/><F7/><W19/><G123/><T86/><D51/><U122/><E122/><V15/><F110/><W78/><G108/><T128/><D128/><U91/><E109/><V129/><F129/><W98/><G131/><T118/><D118/><U29/><E104/><V8/><F46/><W69/><G69/><T134/><D134/><U59/><E77/><V103/><F103/><W88/><G132/><T99/><D72/><U18/><E31/><V34/><F34/><W74/><G74/><T106/><REACH who="0" step="1"/><D101/><REACH who="0" ten="240,160,230,360" step="2"/><U36/><E36/><V16/><REACH who="2" step="1"/><F70/><REACH who="2" ten="240,160,220,360" step="2"/><W0/><G0/><T68/><D68/><U125/><E39/><V22/><F22/><W57/><G21/><T25/><D25/><AGARI ba="0,2" hai="8,15,16,23,25,28,61,63,76,82,84,93,97,102" machi="25" ten="40,7700,0" yaku="1,1,8,1,54,1,53,0" doraHai="67" doraHaiUra="124" who="2" fromWho="0" sc="240,-77,160,0,220,97,360,0" /><INIT seed="2,1,0,0,4,16" ten="163,160,317,360" oya="2" hai0="19,12,49,104,102,67,79,75,135,89,46,96,48" hai1="98,14,114,3,50,133,103,9,84,115,69,81,51" hai2="111,83,15,65,122,52,97,40,91,129,8,82,13" hai3="47,77,56,80,64,131,61,37,130,108,34,71,11"/><V1/><F122/><W32/><G108/><T53/><D135/><U132/><E69/><V95/><F111/><W119/><G119/><T68/><D89/><U57/><E3/><V45/><F129/><N who="3" m="49163" /><G11/><T78/><D75/><U2/><E2/><V94/><F65/><W39/><G56/><T44/><D67/><U0/><E0/><V126/><F126/><W28/><G28/><T86/><D86/><U21/><E115/><V73/><F73/><N who="3" m="43055" /><G47/><T62/><D62/><U4/><E114/><V38/><F1/><W25/><G25/><T5/><D5/><U107/><E57/><V76/><F76/><W66/><G64/><T93/><D104/><U6/><E6/><V105/><F105/><W113/><G113/><T29/><D29/><U72/><E72/><V36/><F8/><W31/><G31/><T110/><D68/><U43/><E43/><V99/><F38/><AGARI ba="1,0" hai="32,34,37,38,39,61,66,71" m="43055,49163" machi="38" ten="30,2000,0" yaku="19,1,23,1" doraHai="16" who="3" fromWho="2" sc="163,0,160,0,317,-23,360,23" /><INIT seed="3,0,0,0,2,48" ten="163,160,294,383" oya="3" hai0="47,120,0,57,33,52,50,21,123,86,100,34,22" hai1="41,127,35,130,23,43,11,119,1,5,94,51,112" hai2="72,32,4,19,17,106,118,38,36,79,90,103,61" hai3="109,126,133,89,98,42,45,101,92,58,107,108,44"/><W54/><G126/><T74/><D74/><U12/><E112/><V16/><F118/><W104/><G133/><T121/><D0/><U37/><E127/><V91/><F32/><W114/><G114/><T40/><D100/><U24/><E119/><V20/><F4/><W70/><G70/><T83/><D34/><U30/><E130/><V84/><F20/><W85/><G104/><T93/><D93/><U96/><E37/><V95/><F90/><W124/><G124/><T77/><REACH who="0" step="1"/><D33/><REACH who="0" ten="153,160,294,383" step="2"/><U66/><E35/><V99/><F61/><AGARI ba="0,1" hai="21,22,40,47,50,52,57,61,77,83,86,120,121,123" machi="61" ten="40,8000,1" yaku="1,1,2,1,52,1,54,1,53,0" doraHai="48" doraHaiUra="71" who="0" fromWho="2" sc="153,90,160,0,294,-80,383,0" /><INIT seed="4,0,0,1,0,60" ten="243,160,214,383" oya="0" hai0="53,38,127,29,133,110,46,86,42,115,103,34,122" hai1="35,93,76,22,83,123,10,0,4,64,59,81,80" hai2="36,105,19,116,106,51,97,25,52,90,11,8,94" hai3="71,79,134,108,114,49,27,37,91,62,7,48,41"/><T118/><D118/><U33/><E123/><V58/><F36/><W56/><G79/><T74/><D122/><U82/><E93/><V39/><F39/><W31/><G108/><T6/><D74/><U125/><E125/><V67/><F116/><W77/><G71/><T128/><D127/><U111/><E111/><V65/><F105/><W101/><G77/><T13/><D110/><U109/><E109/><V112/><F106/><W104/><G7/><T16/><D6/><U63/><REACH who="1" step="1"/><E22/><REACH who="1" ten="243,150,214,383" step="2"/><N who="2" m="13535" /><F112/><W20/><G114/><T78/><D115/><U89/><E89/><V68/><F68/><W47/><G91/><T2/><D103/><U45/><E45/><V1/><F1/><W135/><G101/><T87/><D2/><U43/><E43/><V84/><F97/><W102/><G102/><T120/><D46/><U126/><E126/><V96/><F96/><W9/><G104/><T32/><D42/><U15/><E15/><V92/><F92/><W3/><G3/><T95/><D95/><U69/><E69/><V124/><F124/><W55/><G9/><AGARI ba="0,1" hai="8,9,11,51,52,58,65,67,84,90,94" m="13535" machi="9" ten="30,7700,0" yaku="8,1,52,2,54,1" doraHai="60" who="2" fromWho="3" sc="243,0,150,0,214,87,383,-77" /><INIT seed="5,0,0,0,0,133" ten="243,150,301,306" oya="1" hai0="119,99,85,98,73,128,126,132,105,109,55,110,15" hai1="116,124,77,74,44,82,108,46,10,106,50,69,127" hai2="103,1,25,36,93,42,118,39,3,57,20,120,135" hai3="97,51,22,4,6,131,94,53,95,111,72,19,80"/><U112/><E116/><V113/><F120/><W5/><G111/><T31/><D119/><U23/><E112/><V47/><F135/><W68/><G68/><T16/><D132/><U130/><E108/><V81/><F39/><W114/><G114/><T30/><D73/><U14/><E130/><V28/><F113/><W11/><G131/><T17/><D128/><U78/><E106/><V71/><F71/><W54/><G72/><T67/><D85/><U29/><E78/><V65/><F81/><W88/><G80/><T76/><D15/><U2/><E2/><V123/><F123/><W122/><G122/><T90/><D55/><N who="3" m="21001" /><G51/><T32/><D90/><U63/><E23/><V129/><F129/><W92/><G11/><T60/><D60/><U125/><E29/><V9/><F9/><W89/><G97/><T58/><D32/><U91/><E91/><V7/><F7/><N who="3" m="1795" /><W52/><N who="3" m="21009" /><DORA hai="100" /><W117/><DORA hai="101" /><G117/><T49/><D49/><U24/><E24/><AGARI ba="0,0" hai="19,22,24,88,89,92,94,95" m="1795,21009" machi="24" ten="40,5200,0" yaku="8,1,54,2" doraHai="133,100,101" who="3" fromWho="1" sc="243,0,150,-52,301,0,306,52" /><INIT seed="6,0,0,0,5,119" ten="243,98,301,358" oya="2" hai0="61,17,59,10,11,39,0,135,16,113,72,104,130" hai1="73,12,41,122,120,121,128,115,83,25,14,20,48" hai2="2,101,78,27,52,40,6,51,77,50,74,94,111" hai3="91,86,23,127,18,133,107,26,97,32,63,7,64"/><V15/><F2/><W99/><G127/><T4/><D72/><U21/><E115/><V114/><F114/><W131/><G131/><T37/><D104/><U33/><E128/><V96/><F74/><W95/><G133/><T45/><D130/><U132/><E132/><V42/><F111/><W85/><G32/><T112/><D135/><U30/><E41/><N who="2" m="15979" /><F27/><W69/><REACH who="3" step="1"/><G7/><REACH who="3" ten="243,98,301,348" step="2"/><T47/><D113/><U89/><E48/><V118/><F51/><W123/><G123/><N who="1" m="31490" /><U62/><DORA hai="44" /><E62/><V108/><F118/><W75/><G75/><T58/><D112/><U124/><E124/><V31/><F108/><W98/><G98/><T110/><D110/><U100/><E100/><AGARI ba="0,1" hai="18,23,26,63,64,69,85,86,91,95,97,99,100,107" machi="100" ten="40,2600,0" yaku="1,1,53,1" doraHai="119,44" doraHaiUra="60,126" who="3" fromWho="1" sc="243,0,98,-26,301,0,348,36" /><INIT seed="7,0,0,0,2,28" ten="243,72,301,384" oya="3" hai0="52,130,69,96,98,92,27,108,77,121,16,39,58" hai1="30,56,23,101,1,104,21,60,105,70,91,102,132" hai2="84,116,117,110,94,35,128,75,64,22,54,89,76" hai3="111,93,82,107,17,53,10,109,18,37,88,100,81"/><W83/><G37/><T47/><D121/><U106/><E70/><V118/><F110/><N who="3" m="41995" /><G10/><T5/><D108/><U7/><E1/><V62/><F128/><W125/><G125/><T78/><D69/><U123/><E7/><V26/><F54/><W72/><G72/><T86/><D130/><U66/><E132/><V79/><F75/><W115/><G115/><T61/><D5/><U55/><E123/><V43/><F43/><W38/><G38/><T97/><D39/><U31/><E105/><V6/><F6/><W50/><G100/><T95/><D47/><U15/><E15/><V8/><F8/><W42/><G107/><T46/><D46/><U74/><E74/><V25/><F25/><W45/><G42/><T44/><D44/><U67/><E56/><V124/><F124/><W131/><G131/><T80/><D78/><U87/><E87/><AGARI ba="0,0" hai="17,18,45,50,53,81,82,83,87,88,93" m="41995" machi="87" ten="30,2900,0" yaku="10,1,54,1" doraHai="28" who="3" fromWho="1" sc="243,0,72,-29,301,0,384,29" owari="243,-15.7,43,-45.7,301,10.1,413,51.3" /></mjloggm>