<mjloggm ver="2.3"><GO type="225" lobby="0"/><UN n0="%E6%A1%9C%E8%8A%B1%E9%96%83%E3%80%85" n1="%E7%B4%94%E6%BD%94%E3%83%94%E3%83%A9%E3%83%8B%E3%82%A2" n2="%E6%B4%BE%E9%81%A3%E3%81%AE%E3%82%B8%E3%83%A3%E3%83%83%E3%82%AF" n3="%E6%9C%88%E5%B3%B6%E5%9F%BA" dan="16,16,17,17" rate="2196.89,2150.82,2187.11,2214.12" sx="M,M,M,M"/><TAIKYOKU oya="0"/><INIT seed="0,0,0,2,4,38" ten="250,250,250,250" oya="0" hai0="37,36,133,12,22,105,78,102,2,101,53,56,18" hai1="98,16,113,131,17,85,60,103,126,30,26,1,28" hai2="116,123,104,42,79,70,67,76,58,11,24,41,134" hai3="71,121,119,117,7,43,57,46,130,15,72,77,86"/><T99/><D133/><U63/><E1/><V29/><F104/><W135/><G71/><T100/><D2/><U115/><E126/><V21/><F123/><W120/><G72/><T87/><D36/><U118/><E85/><V0/><F70/><W40/><G135/><T132/><D37/><U47/><E47/><V25/><F134/><W45/><G57/><T84/><D132/><U39/><E39/><V80/><F116/><N who="3" m="44619" /><G86/><T52/><D53/><U124/><E124/><V54/><F67/><W62/><G77/><N who="2" m="29769" /><F0/><W50/><G62/><N who="1" m="23594" /><E131/><V110/><F110/><W20/><G130/><T90/><D78/><U9/><E9/><V74/><F74/><W109/><G109/><T64/><D64/><U6/><E6/><V81/><F11/><N who="3" m="4607" /><G20/><T94/><REACH who="0" step="1"/><D105/><REACH who="0" ten="240,250,250,250" step="2"/><U19/><E118/><V5/><F54/><W88/><G121/><T14/><D14/><U91/><E26/><V13/><F25/><W97/><G120/><T129/><D129/><U23/><E23/><V61/><F13/><W108/><G108/><T111/><D111/><U68/><E68/><V73/><F73/><W34/><G34/><T44/><D44/><U51/><E115/><V8/><F8/><W65/><G46/><T125/><D125/><U122/><E113/><V89/><F21/><W31/><G65/><T92/><D92/><N who="1" m="58823" /><E122/><V10/><F10/><W107/><G107/><T95/><D95/><U96/><E51/><AGARI ba="0,1" hai="12,18,22,51,52,56,84,87,90,94,99,100,101,102" machi="51" ten="40,12000,1" yaku="1,1,8,1,54,1,53,1" doraHai="38" doraHaiUra="49" who="0" fromWho="1" sc="240,130,250,-120,250,0,250,0" /><INIT seed="0,1,0,5,4,111" ten="370,130,250,250" oya="0" hai0="53,86,104,19,4,68,15,10,71,120,133,78,29" hai1="41,128,125,123,79,37,34,44,90,109,98,103,27" hai2="95,100,18,66,61,25,129,107,70,3,81,93,46" hai3="89,87,119,58,80,94,17,0,49,110,135,5,6"/><T32/><D120/><U67/><E109/><V51/><F3/><W121/><G119/><T35/><D104/><U63/><E123/><V16/><F129/><W99/><G110/><T8/><D53/><U106/><E125/><V74/><F107/><W62/><G135/><T69/><D133/><U43/><E43/><V105/><F105/><W102/><G0/><T117/><D117/><U101/><E101/><V75/><F25/><W73/><G121/><T31/><D78/><U116/><E90/><V118/><F118/><W134/><G73/><T132/><D86/><U57/><E116/><V42/><F81/><W28/><G28/><T26/><D132/><U40/><E40/><V84/><F100/><W76/><G49/><T39/><D39/><U1/><E1/><V7/><F7/><W72/><G134/><T64/><D64/><U50/><E79/><V91/><REACH who="2" step="1"/><F95/><REACH who="2" ten="370,130,240,250" step="2"/><W60/><G102/><T36/><D26/><U14/><E128/><V112/><F112/><W77/><G72/><AGARI ba="1,1" hai="16,18,42,46,51,61,66,70,72,74,75,84,91,93" machi="72" ten="40,2600,0" yaku="1,1,54,1,53,0" doraHai="111" doraHaiUra="48" who="2" fromWho="3" sc="370,0,130,0,240,39,250,-29" /><INIT seed="1,0,0,5,3,56" ten="370,130,279,221" oya="1" hai0="66,13,0,61,51,60,44,125,94,83,5,6,101" hai1="92,64,47,114,58,77,79,28,108,118,17,40,39" hai2="15,21,67,112,123,88,80,76,130,57,50,96,115" hai3="98,23,35,10,72,38,24,54,134,43,86,30,124"/><U102/><E114/><N who="2" m="43563" /><F130/><W45/><G72/><T89/><D0/><U132/><E118/><V131/><F131/><W52/><G134/><T11/><D125/><U128/><E132/><V119/><F119/><W14/><G124/><T81/><D5/><U71/><E128/><V75/><F123/><W129/><G129/><T116/><D101/><U33/><E108/><V62/><F50/><W87/><G35/><T18/><D18/><U78/><E71/><V37/><F37/><W109/><G109/><T16/><D6/><U42/><E42/><V29/><F29/><W55/><REACH who="3" step="1"/><G98/><REACH who="3" ten="370,130,279,211" step="2"/><N who="0" m="57679" /><D116/><U99/><E17/><AGARI ba="0,1" hai="10,14,17,23,24,30,38,43,45,52,54,55,86,87" machi="17" ten="40,2600,0" yaku="1,1,54,1,53,0" doraHai="56" doraHaiUra="120" who="3" fromWho="1" sc="370,0,130,-26,279,0,211,36" /><INIT seed="2,0,0,4,0,68" ten="370,104,279,247" oya="2" hai0="24,95,31,26,42,108,3,63,103,8,12,88,109" hai1="69,13,55,44,131,38,85,74,135,113,25,23,54" hai2="101,48,100,132,125,47,98,79,4,28,119,36,15" hai3="1,91,90,115,122,104,9,75,93,83,64,72,99"/><V19/><F119/><W110/><G64/><T58/><D3/><U124/><E74/><N who="3" m="28202" /><G9/><T52/><D103/><U51/><E113/><V35/><F4/><W59/><G59/><T0/><D0/><U40/><E124/><V128/><F125/><W106/><G1/><T107/><D107/><N who="3" m="41001" /><G122/><T45/><D31/><U71/><E131/><V62/><F62/><W82/><G110/><N who="0" m="42603" /><D12/><U7/><E135/><V53/><F132/><W20/><G20/><T57/><D8/><U102/><E102/><V129/><F28/><W10/><G10/><T114/><D58/><U46/><E13/><V77/><F35/><W94/><G115/><T87/><D114/><U56/><E85/><AGARI ba="0,0" hai="82,83,85,90,91,93,94,99" m="41001,28202" machi="85" ten="30,8000,1" yaku="35,5" doraHai="68" who="3" fromWho="1" sc="370,0,104,-80,279,0,247,80" /><INIT seed="3,0,0,0,0,135" ten="370,24,279,327" oya="3" hai0="94,59,32,9,35,120,74,39,14,16,125,128,34" hai1="80,107,76,122,126,43,65,66,130,79,132,49,15" hai2="98,10,99,2,88,109,82,68,69,102,63,48,29" hai3="84,27,6,119,70,37,134,67,78,54,123,20,8"/><W41/><G119/><T1/><D125/><U72/><E15/><V112/><F112/><W127/><G123/><T0/><D74/><U100/><E49/><V111/><F29/><W104/><G104/><T24/><D39/><U86/><E43/><V36/><F36/><W13/><G134/><T7/><D94/><U131/><E65/><V133/><F133/><W57/><G127/><T73/><D73/><U58/><E58/><V129/><F129/><W101/><G101/><T114/><D59/><U47/><E47/><V18/><F48/><W75/><G75/><T50/><D50/><U91/><E66/><V26/><F2/><N who="0" m="1130" /><D120/><U83/><E132/><V115/><F115/><W17/><G78/><T40/><D40/><U106/><E72/><V11/><F26/><W113/><G113/><T44/><D44/><U110/><E86/><V118/><F118/><W33/><G84/><T30/><D114/><U45/><E45/><V19/><F102/><W87/><G87/><T5/><D128/><U117/><E100/><V97/><F97/><W42/><G37/><T23/><AGARI ba="0,0" hai="5,7,9,14,16,23,24,30,32,34,35" m="1130" machi="23" ten="40,12000,2" yaku="35,5,54,1" doraHai="135" who="0" fromWho="0" sc="370,120,24,-30,279,-30,327,-60" owari="490,59.0,-6,-50.6,249,-15.1,267,6.7" /></mjloggm>