<mjloggm ver="2.3"><GO type="169" lobby="0"/><UN n0="%E3%82%8A%E3%82%93%E3%81%94%32%32%36" n1="%E3%81%BE%E3%82%86%E3%81%92" n2="%79%61%6E%72%6F%75" n3="%6C%6E%61%69" dan="17,16,16,16" rate="2212.35,2107.97,2162.63,2057.35" sx="M,M,M,M"/><TAIKYOKU oya="0"/><INIT seed="0,0,0,5,2,118" ten="250,250,250,250" oya="0" hai0="57,101,61,28,117,49,51,40,93,63,85,5,15" hai1="97,13,89,20,126,79,71,122,54,3,112,35,106" hai2="75,56,69,65,30,32,44,7,6,127,29,66,43" hai3="88,55,95,102,22,52,103,23,107,113,77,104,98"/><T42/><D117/><U41/><E35/><V70/><F75/><W26/><G113/><T109/><D28/><U47/><E3/><V21/><F32/><W94/><G77/><T131/><D131/><U132/><E71/><V99/><F127/><W1/><G1/><T58/><D109/><U110/><E126/><V9/><F70/><W67/><G67/><T24/><D24/><U133/><E79/><V17/><F69/><W64/><G64/><T72/><D72/><U130/><E54/><V123/><F65/><W2/><G2/><T4/><D15/><U115/><E130/><V92/><F9/><W62/><G62/><T16/><D93/><N who="1" m="56495" /><E106/><V119/><F29/><W129/><G129/><T53/><D85/><U12/><E110/><V34/><F30/><W78/><G78/><T90/><D90/><U60/><E60/><N who="2" m="38151" /><F34/><W37/><G37/><T116/><D116/><U96/><E96/><V80/><F123/><W100/><G22/><T11/><D11/><U38/><E13/><V82/><F80/><W31/><G107/><T121/><D53/><N who="3" m="20553" /><G104/><T128/><D128/><U48/><E38/><V10/><F82/><W68/><G68/><T46/><D101/><U0/><E0/><V76/><F76/><W83/><G83/><T84/><D84/><AGARI ba="0,0" hai="23,26,31,84,88,94,95,98,100,102,103" m="20553" machi="84" ten="30,3900,0" yaku="8,1,54,2" doraHai="118" who="3" fromWho="0" sc="250,-39,250,0,250,0,250,39" /><INIT seed="1,0,0,4,3,74" ten="211,250,250,289" oya="1" hai0="121,129,47,116,112,102,40,65,54,75,0,119,114" hai1="21,109,4,35,88,25,105,32,133,38,51,134,5" hai2="96,89,42,23,67,1,33,29,93,49,62,57,84" hai3="101,9,48,99,46,2,31,115,50,13,3,79,86"/><U131/><E105/><V104/><F1/><W113/><G31/><T117/><D0/><U15/><E38/><V61/><F33/><N who="1" m="12873" /><E51/><V26/><F62/><W69/><G69/><T66/><D102/><U77/><E77/><V81/><F104/><W45/><G2/><T92/><D92/><U34/><E88/><V95/><REACH who="2" step="1"/><F96/><REACH who="2" ten="211,250,240,289" step="2"/><W17/><G3/><T60/><D121/><U127/><E34/><V125/><F125/><W111/><G115/><T110/><D114/><U56/><E127/><V124/><F124/><W53/><G113/><T28/><D112/><U71/><E71/><V52/><F52/><W87/><G99/><T128/><D54/><U18/><E56/><V72/><F72/><W43/><G111/><T94/><D75/><U14/><E109/><V135/><F135/><N who="1" m="51721" /><E131/><V97/><F97/><W22/><G53/><T85/><D110/><U30/><E30/><V126/><F126/><W98/><G98/><T130/><D28/><U39/><E39/><V108/><F108/><W27/><G50/><N who="0" m="26983" /><D60/><U37/><E37/><V107/><F107/><W20/><G48/><T103/><D103/><U90/><E90/><AGARI ba="0,1" hai="65,66,85,90,94,116,117,119,128,129,130" m="26983" machi="90" ten="40,1300,0" yaku="19,1" doraHai="74" who="0" fromWho="1" sc="211,23,250,-13,240,0,289,0" /><INIT seed="2,0,0,2,4,67" ten="234,237,240,289" oya="2" hai0="20,29,98,34,43,96,15,80,9,135,131,122,85" hai1="60,128,24,28,110,129,17,100,125,88,107,111,99" hai2="95,72,2,130,37,101,3,104,93,54,77,106,11" hai3="41,123,51,7,74,69,25,97,5,8,94,115,68"/><V10/><F37/><W105/><G123/><T64/><D122/><U14/><E60/><V23/><F130/><N who="1" m="50281" /><E125/><V81/><F93/><W50/><G74/><T102/><D34/><N who="1" m="20743" /><E88/><V126/><F126/><W22/><G105/><T134/><D43/><U73/><E73/><V58/><F23/><AGARI ba="0,0" hai="14,17,23,99,100,107,110,111" m="20743,50281" machi="23" ten="30,1000,0" yaku="19,1" doraHai="67" who="1" fromWho="2" sc="234,0,237,10,240,-10,289,0" /><INIT seed="3,0,0,1,2,119" ten="234,247,230,289" oya="3" hai0="99,38,36,114,118,20,24,95,16,123,108,52,112" hai1="41,2,45,103,79,29,72,81,66,37,12,129,86" hai2="23,94,76,126,13,57,117,4,28,125,34,15,3" hai3="22,83,26,53,31,19,104,54,48,105,14,124,122"/><W110/><G124/><N who="2" m="47721" /><F76/><W75/><G110/><T131/><D118/><U89/><E66/><V67/><F94/><W87/><G75/><T93/><D108/><U51/><E29/><V84/><F84/><W135/><G135/><T102/><D131/><U120/><E129/><V73/><F73/><W98/><G98/><T92/><D123/><U33/><E33/><V96/><F96/><W65/><G65/><T69/><D69/><U25/><E25/><N who="2" m="18703" /><F57/><W109/><G109/><T74/><D74/><U8/><E103/><V58/><F58/><W80/><G80/><T100/><D100/><U7/><E51/><V43/><F43/><W101/><G122/><T91/><D91/><U55/><E55/><V85/><F85/><W35/><G101/><T40/><D40/><U128/><E128/><V11/><F67/><W77/><REACH who="3" step="1"/><G54/><REACH who="3" ten="234,247,230,279" step="2"/><T42/><D52/><U1/><E120/><V107/><F117/><W5/><G5/><T17/><D102/><U106/><E106/><V63/><F107/><W64/><G64/><T30/><D99/><U82/><AGARI ba="0,1" hai="1,2,7,8,12,37,41,45,72,79,81,82,86,89" machi="82" ten="20,1500,0" yaku="0,1,7,1" doraHai="119" who="1" fromWho="1" sc="234,-4,247,25,230,-4,279,-7" /><INIT seed="4,0,0,0,3,103" ten="230,272,226,272" oya="0" hai0="107,46,134,29,117,7,14,78,85,41,21,27,53" hai1="26,99,83,9,33,72,10,23,106,35,69,54,124" hai2="115,42,18,65,130,51,1,89,133,62,68,70,0" hai3="108,31,58,73,71,64,113,66,36,50,16,100,112"/><T24/><D134/><U63/><E124/><V67/><F115/><N who="3" m="44107" /><G108/><T116/><D53/><U43/><E43/><V101/><F130/><W104/><G36/><T127/><D127/><U8/><E72/><V135/><F89/><W44/><G73/><T91/><D107/><U15/><E83/><V30/><F30/><W123/><G31/><T25/><D78/><U93/><E106/><V47/><F18/><W13/><G71/><T81/><D117/><U131/><E131/><V97/><F67/><W5/><G5/><T95/><D95/><U22/><E15/><V49/><F51/><W4/><G4/><T6/><D116/><U125/><E125/><V76/><F76/><W84/><G84/><T77/><D91/><U119/><E119/><V17/><F17/><W87/><G87/><T39/><REACH who="0" step="1"/><D6/><REACH who="0" ten="220,272,226,272" step="2"/><U94/><E94/><V129/><F129/><W90/><G90/><T114/><D114/><U75/><E54/><V19/><F135/><W122/><G122/><T60/><D60/><U88/><E63/><V92/><F133/><W79/><G79/><T118/><D118/><U59/><E88/><V126/><F126/><W121/><G121/><T56/><D56/><U2/><E59/><V32/><F70/><W45/><G123/><T120/><D120/><U110/><E93/><V96/><F97/><N who="3" m="61455" /><G58/><T105/><D105/><U55/><E69/><V128/><F128/><W109/><G45/><T57/><D57/><U3/><E99/><V111/><F68/><W102/><G44/><T11/><AGARI ba="0,1" hai="7,11,14,21,24,25,27,29,39,41,46,77,81,85" machi="11" ten="30,3000,0" yaku="1,1,0,1,53,0" doraHai="103" doraHaiUra="52" who="0" fromWho="0" sc="220,40,272,-10,226,-10,272,-10" /><INIT seed="4,1,0,3,5,18" ten="260,262,216,262" oya="0" hai0="34,69,84,95,121,60,29,80,102,49,1,22,7" hai1="117,91,132,113,90,27,73,75,96,134,112,28,122" hai2="58,2,125,116,76,85,47,72,118,71,51,66,57" hai3="37,64,30,111,38,4,119,17,126,110,81,50,15"/><T74/><D121/><U62/><E122/><V124/><F72/><N who="1" m="27721" /><E62/><N who="2" m="40407" /><F85/><W78/><G119/><N who="2" m="45609" /><F76/><W42/><G126/><N who="2" m="48745" /><F2/><W31/><G64/><T63/><D69/><U46/><E46/><V68/><F68/><W43/><G4/><T88/><D74/><U11/><E11/><V41/><AGARI ba="1,0" hai="41,47,51,57,58" m="48745,45609,40407" machi="41" ten="30,7900,0" yaku="12,1,18,1,34,2" doraHai="18" who="2" fromWho="2" sc="260,-40,262,-21,216,82,262,-21" /><INIT seed="5,0,0,5,0,25" ten="220,241,298,241" oya="1" hai0="118,84,58,12,73,67,13,16,127,91,103,130,88" hai1="49,56,60,105,115,11,59,46,45,40,104,8,120" hai2="119,124,31,1,81,80,68,82,121,19,128,111,77" hai3="28,113,116,92,27,125,34,90,100,15,69,6,64"/><U96/><E120/><V42/><F119/><W35/><G116/><T57/><D130/><U43/><E115/><V9/><F111/><W10/><G113/><T47/><D127/><U62/><E49/><V29/><F121/><W134/><G134/><T108/><D108/><U51/><E51/><V52/><F68/><W107/><G125/><T3/><D3/><U44/><E44/><V85/><F124/><W89/><G35/><T112/><D73/><U109/><E96/><V86/><F42/><W21/><G92/><T18/><D118/><U72/><E109/><V26/><F1/><W102/><G102/><T101/><D47/><U79/><E79/><V87/><F77/><W4/><G4/><T48/><D112/><U132/><REACH who="1" step="1"/><E72/><REACH who="1" ten="220,231,298,241" step="2"/><V74/><F74/><W24/><G107/><T75/><D75/><U135/><AGARI ba="0,1" hai="8,11,40,43,45,46,56,59,60,62,104,105,132,135" machi="135" ten="25,18000,2" yaku="1,1,2,1,0,1,22,2,53,2" doraHai="25" doraHaiUra="131" who="1" fromWho="1" sc="220,-60,231,190,298,-60,241,-60" /><INIT seed="5,1,0,3,4,19" ten="160,421,238,181" oya="1" hai0="0,5,40,26,107,117,62,76,71,105,122,100,99" hai1="48,128,129,24,14,6,58,69,64,35,7,94,130" hai2="83,73,46,131,16,70,101,49,45,77,126,17,15" hai3="121,21,56,93,28,52,55,113,8,32,39,74,29"/><U124/><E69/><V106/><F126/><W98/><G121/><T87/><D117/><U133/><E124/><V135/><F131/><W18/><G39/><T68/><D122/><U120/><E120/><V57/><F70/><W86/><G74/><T36/><D87/><U1/><E1/><V51/><F135/><W116/><G116/><T79/><D79/><U102/><E133/><V123/><F123/><W27/><G113/><T9/><D107/><U118/><E118/><V89/><F57/><W63/><G86/><T42/><D42/><U127/><E127/><V82/><F82/><W97/><G8/><T119/><D119/><U95/><E102/><V4/><F4/><W23/><G29/><T85/><D62/><U61/><E48/><V92/><F106/><W108/><G108/><T109/><D109/><U114/><E114/><V59/><F101/><N who="3" m="60591" /><G32/><T90/><D76/><U110/><E110/><V25/><F25/><N who="3" m="14519" /><G98/><T66/><D66/><AGARI ba="1,0" hai="23,27,28,52,55,56,63,66" m="14519,60591" machi="66" ten="30,8000,1" yaku="25,1,8,1,52,2,54,1" doraHai="19" who="3" fromWho="0" sc="160,-83,421,0,238,0,181,83" /><INIT seed="6,0,0,4,0,71" ten="77,421,238,264" oya="2" hai0="115,133,23,27,2,127,70,38,47,112,93,17,131" hai1="130,57,75,79,8,35,0,13,55,22,91,86,100" hai2="85,83,129,92,32,3,87,40,66,62,125,89,95" hai3="18,102,90,122,28,119,80,41,56,111,25,26,14"/><V61/><F125/><W72/><G119/><T84/><D70/><U50/><E35/><V124/><F124/><W4/><G122/><T60/><D127/><U21/><E100/><V123/><F123/><W16/><G111/><T117/><D117/><U114/><E0/><V74/><F32/><W96/><G4/><T46/><D131/><U42/><E130/><V126/><F3/><W106/><G41/><T67/><D133/><U101/><E101/><V73/><F129/><W19/><G14/><T45/><D2/><U82/><E42/><V34/><F34/><W39/><G39/><T104/><D104/><U134/><E114/><V121/><F121/><W36/><G36/><T52/><D93/><U44/><E57/><V20/><F126/><W51/><G28/><T53/><D84/><U99/><E99/><V64/><F40/><W12/><G12/><T118/><D118/><U88/><E134/><V108/><F20/><N who="1" m="7785" /><E75/><V69/><F108/><W58/><G58/><T81/><D81/><U63/><E63/><V11/><F11/><W29/><G29/><T116/><D116/><U68/><E68/><V15/><F15/><W107/><G107/><T78/><D78/><U132/><E132/><V54/><F69/><W49/><G56/><N who="0" m="37255" /><D38/><U103/><E103/><V128/><F128/><W31/><G31/><T43/><D43/><U113/><E113/><V97/><F97/><W5/><G72/><N who="2" m="27753" /><F62/><W24/><G5/><AGARI ba="0,0" hai="5,8,13,44,50,55,79,82,86,88,91" m="7785" machi="5" ten="30,2000,0" yaku="8,1,54,1" doraHai="71" who="1" fromWho="3" sc="77,0,421,20,238,0,264,-20" /><INIT seed="7,0,0,1,3,71" ten="77,441,238,244" oya="3" hai0="129,62,38,19,113,20,74,106,85,88,45,42,107" hai1="110,100,72,13,131,36,15,70,123,69,99,12,23" hai2="102,96,46,47,76,1,126,89,10,6,84,11,3" hai3="109,17,86,52,80,122,55,5,0,124,132,87,128"/><W31/><G122/><T44/><D129/><U120/><E36/><V48/><F76/><W121/><G121/><T64/><D74/><U134/><E72/><V24/><F126/><W2/><G124/><T125/><D113/><U59/><E110/><V119/><F119/><W115/><G115/><T27/><D125/><U29/><E131/><V82/><F24/><W34/><G128/><T9/><D9/><U83/><E83/><V95/><F48/><W60/><G132/><T127/><D127/><U65/><E134/><V73/><F73/><W25/><G109/><T93/><REACH who="0" step="1"/><D44/><REACH who="0" ten="67,441,238,244" step="2"/><U7/><E7/><AGARI ba="0,1" hai="1,3,6,7,10,11,46,47,82,84,89,95,96,102" machi="7" ten="40,1300,0" yaku="9,1" doraHai="71" who="2" fromWho="1" sc="67,0,441,-13,238,23,244,0" owari="67,-43.3,428,52.8,261,6.1,244,-15.6" /></mjloggm>