<mjloggm ver="2.3"><GO type="169" lobby="0"/><UN n0="%E3%81%A6%E3%82%93%E3%81%BD%E3%81%84%E3%82%93%E3%81%A8" n1="%E6%95%97%E5%8C%97%E8%80%85%E3%81%AD%E3%82%8B" n2="%E5%8B%98%E5%BC%81%E3%81%97%E3%81%A6%E3%82%88" n3="%62%73%64%5F%33" dan="18,17,17,17" rate="2194.51,2184.93,2224.99,2141.09" sx="M,F,M,F"/><TAIKYOKU oya="0"/><INIT seed="0,0,0,0,0,4" ten="250,250,250,250" oya="0" hai0="61,83,33,24,53,99,108,82,39,123,95,13,34" hai1="80,44,27,9,51,125,47,55,54,26,62,28,14" hai2="73,41,19,36,64,74,81,65,10,18,126,77,17" hai3="117,21,49,98,30,40,115,32,128,112,22,71,102"/><T133/><D123/><U96/><E125/><V101/><F126/><W23/><G117/><T75/><D39/><U6/><E96/><V90/><F74/><W106/><G128/><T122/><D122/><U94/><E94/><V114/><F114/><W16/><G71/><T60/><D133/><U37/><E37/><V119/><F119/><W110/><G110/><T121/><D121/><U35/><E26/><V0/><F101/><W120/><G120/><T25/><D13/><U7/><E80/><V111/><F111/><W134/><G134/><T100/><D108/><U56/><REACH who="1" step="1"/><E6/><REACH who="1" ten="250,240,250,250" step="2"/><N who="2" m="1351" /><F90/><W46/><G115/><T70/><D25/><U72/><E72/><V105/><F105/><W78/><G112/><T3/><D24/><U131/><E131/><V59/><F59/><AGARI ba="0,1" hai="7,9,14,27,28,35,44,47,51,54,55,56,59,62" machi="59" ten="30,8000,1" yaku="1,1,7,1,52,1,53,2" doraHai="4" doraHaiUra="42" who="1" fromWho="2" sc="250,0,240,90,250,-80,250,0" /><INIT seed="1,0,0,0,5,67" ten="250,330,170,250" oya="1" hai0="84,62,42,50,33,92,13,66,96,51,105,102,6" hai1="119,72,120,5,110,53,113,83,37,11,126,7,98" hai2="128,75,56,8,63,90,30,94,9,10,44,58,23" hai3="74,27,101,22,99,123,88,46,55,28,18,54,35"/><U0/><E113/><V15/><F75/><W48/><G123/><T3/><D3/><U70/><E119/><V87/><F128/><W135/><G135/><T34/><D84/><U68/><E120/><V124/><F124/><W78/><G74/><T107/><D107/><U131/><E126/><V61/><F44/><W80/><G78/><T14/><D92/><U104/><E131/><V57/><REACH who="2" step="1"/><F15/><REACH who="2" ten="250,330,160,250" step="2"/><W132/><G46/><T39/><D14/><U108/><E37/><V130/><F130/><W91/><G132/><T26/><D13/><U111/><E7/><V109/><F109/><W93/><G80/><T4/><D6/><U2/><E0/><V71/><F71/><W32/><G32/><T43/><D4/><U52/><E68/><V49/><F49/><W133/><G133/><T82/><D82/><U41/><E70/><V29/><F29/><W65/><G28/><T95/><D39/><U85/><E72/><V112/><F112/><W134/><G35/><T47/><D34/><U45/><E45/><V25/><AGARI ba="0,1" hai="8,9,10,23,25,30,56,57,58,61,63,87,90,94" machi="25" ten="40,5200,0" yaku="1,1,0,1,8,1,53,0" doraHai="67" doraHaiUra="121" who="2" fromWho="2" sc="250,-13,330,-26,160,62,250,-13" /><INIT seed="2,0,0,2,0,30" ten="237,304,222,237" oya="2" hai0="109,29,105,37,20,94,78,120,45,24,107,42,96" hai1="77,43,54,93,3,131,66,86,110,40,102,13,90" hai2="129,61,108,32,17,8,68,134,122,22,121,11,104" hai3="97,52,18,47,135,125,98,39,128,106,44,33,7"/><V80/><F104/><W34/><G7/><T55/><D120/><U56/><E3/><V72/><F72/><W41/><G106/><T99/><D109/><U26/><E131/><V67/><F129/><W89/><G128/><T58/><D78/><U112/><E110/><V28/><F108/><W111/><G111/><T57/><D99/><U64/><E112/><V48/><F134/><W87/><G135/><T0/><D0/><U38/><E102/><V49/><F80/><W91/><G18/><T21/><D21/><U132/><E77/><V59/><F121/><W101/><G125/><T1/><D58/><U50/><E132/><V133/><F133/><W16/><G16/><T5/><D5/><U60/><E66/><V100/><F100/><W74/><G74/><T10/><D10/><U95/><E38/><V116/><F116/><W65/><G65/><T127/><D1/><U23/><E13/><V82/><F82/><W75/><G75/><T113/><D113/><U79/><E95/><V69/><F122/><W119/><G119/><T31/><D31/><U15/><E15/><N who="2" m="9535" /><F49/><N who="3" m="28735" /><G101/><T84/><D127/><U63/><E79/><V2/><F2/><W81/><G91/><N who="0" m="53607" /><D107/><U123/><E123/><V124/><F124/><W118/><G118/><T6/><D105/><U36/><E36/><V12/><F12/><W92/><G92/><T53/><D6/><U27/><E63/><V70/><F48/><W88/><G89/><T9/><D9/><U115/><E115/><V35/><F28/><W126/><G126/><T4/><D37/><U130/><E130/><V62/><F62/><RYUUKYOKU ba="0,0" sc="237,-15,304,-15,222,15,237,15" hai2="8,11,32,35,59,61,67,68,69,70" hai3="33,34,39,41,44,81,87,88,97,98" /><INIT seed="2,1,0,1,0,21" ten="222,289,237,252" oya="2" hai0="26,96,27,59,40,78,4,58,63,86,47,133,100" hai1="135,77,16,6,51,80,128,115,62,57,131,82,97" hai2="79,55,8,68,9,120,117,24,81,75,3,116,88" hai3="99,15,34,134,73,17,124,41,64,108,110,83,61"/><V28/><F120/><W101/><G34/><T33/><D133/><U91/><E115/><V127/><F68/><W105/><G134/><T39/><D4/><U122/><E6/><V42/><F127/><W95/><G124/><T104/><D33/><U22/><E135/><V60/><F42/><W25/><G41/><T35/><D35/><U103/><E51/><V118/><F3/><W93/><G25/><T132/><D132/><U29/><E29/><V30/><F30/><W85/><G73/><T56/><REACH who="0" step="1"/><D63/><REACH who="0" ten="212,289,237,252" step="2"/><U2/><E62/><V70/><F117/><W72/><G61/><T90/><D90/><U126/><E91/><V98/><F118/><W12/><G110/><T106/><D106/><U112/><E122/><V87/><F116/><W18/><G105/><T111/><D111/><U113/><E112/><V10/><F70/><W1/><G108/><T23/><D23/><U65/><E22/><N who="2" m="15383" /><F9/><W69/><G1/><T107/><D107/><U121/><E113/><V20/><F20/><W37/><G101/><T52/><D52/><U36/><E103/><V48/><F60/><W67/><G67/><T32/><D32/><U50/><E65/><V44/><F75/><W31/><G72/><T54/><D54/><U109/><E109/><V92/><AGARI ba="1,1" hai="8,10,44,48,55,79,81,87,88,92,98" m="15383" machi="92" ten="30,6000,0" yaku="8,1,52,1,54,1" doraHai="21" who="2" fromWho="2" sc="212,-21,289,-21,237,73,252,-21" /><INIT seed="2,2,0,4,0,109" ten="191,268,310,231" oya="2" hai0="1,68,91,76,62,89,106,57,45,54,23,112,105" hai1="55,78,53,85,73,59,7,38,51,84,39,37,125" hai2="83,108,80,13,104,101,8,90,72,87,120,124,43" hai3="131,115,65,86,41,46,69,28,26,3,49,48,0"/><V96/><F43/><W15/><G131/><T21/><D1/><U93/><E125/><V123/><F13/><W9/><G69/><T107/><D76/><U133/><E133/><V97/><F8/><W20/><G65/><T35/><D35/><U132/><E132/><V10/><F10/><W6/><G115/><T135/><D135/><U81/><E7/><V42/><F42/><W103/><G103/><T100/><D100/><U66/><E66/><V77/><F124/><W18/><G86/><T60/><D45/><U56/><REACH who="1" step="1"/><E93/><REACH who="1" ten="191,258,310,231" step="2"/><N who="2" m="56375" /><F108/><W92/><G92/><T58/><D68/><U40/><E40/><V75/><F123/><W63/><G63/><AGARI ba="2,1" hai="37,38,39,51,53,55,56,59,63,73,78,81,84,85" machi="63" ten="40,1300,0" yaku="1,1,53,0" doraHai="109" doraHaiUra="24" who="1" fromWho="3" sc="191,0,258,29,310,0,231,-19" /><INIT seed="3,0,0,3,2,52" ten="191,287,310,212" oya="3" hai0="95,48,33,27,96,97,90,1,122,13,110,43,113" hai1="62,81,67,86,21,19,40,70,2,46,119,135,118" hai2="4,38,16,83,80,71,94,123,130,115,47,9,128" hai3="42,111,91,131,37,58,57,23,64,26,45,108,49"/><W75/><G75/><T99/><D122/><U34/><E135/><V82/><F115/><W74/><G74/><T124/><D1/><U125/><E34/><V25/><F71/><W73/><G73/><T78/><D110/><N who="3" m="42025" /><G131/><N who="2" m="50217" /><F123/><W104/><G104/><T134/><D124/><U55/><E2/><N who="2" m="151" /><F38/><W120/><G120/><T56/><D134/><U88/><E55/><V85/><F47/><N who="3" m="24015" /><G64/><T107/><D107/><U30/><E30/><V28/><F94/><W10/><G91/><T93/><D90/><U18/><E125/><V116/><F116/><N who="1" m="44585" /><E21/><N who="2" m="13479" /><F28/><N who="3" m="17503" /><G10/><T6/><D113/><U106/><E106/><V112/><F112/><W132/><G132/><T76/><D95/><U126/><E126/><V84/><AGARI ba="0,0" hai="80,82,83,84,85" m="13479,151,50217" machi="84" ten="40,2700,0" yaku="19,1,54,1" doraHai="52" who="2" fromWho="2" sc="191,-7,287,-7,310,27,212,-13" /><INIT seed="4,0,0,1,5,51" ten="184,280,337,199" oya="0" hai0="55,116,128,34,115,100,121,95,84,61,5,93,15" hai1="45,3,65,113,106,12,88,97,104,134,86,124,126" hai2="58,30,31,72,54,20,117,132,98,50,123,36,26" hai3="48,28,53,101,70,14,56,21,68,59,77,120,127"/><T37/><D116/><U8/><E3/><V125/><F123/><W108/><G108/><T47/><D121/><U18/><E134/><V71/><F132/><W90/><G127/><N who="1" m="48682" /><E97/><V107/><F125/><W82/><G120/><T89/><D34/><U83/><E113/><V19/><F36/><W49/><G101/><T17/><D115/><U119/><E119/><V46/><F71/><W66/><G90/><T63/><D128/><U57/><E45/><V105/><F72/><W103/><G103/><T24/><D37/><U99/><E99/><V85/><F117/><W2/><G2/><T44/><D100/><U10/><E8/><V62/><F98/><W42/><G66/><T75/><D75/><U76/><E76/><V135/><F135/><W110/><G110/><T111/><D95/><U22/><E22/><V69/><F69/><W109/><G109/><T7/><D24/><U80/><E80/><V35/><F85/><W23/><G23/><N who="0" m="11711" /><D111/><U92/><E83/><V16/><F19/><W114/><G114/><T91/><D91/><U0/><E0/><V94/><F94/><W4/><G28/><T52/><D44/><U38/><E38/><V129/><F129/><W39/><G39/><T130/><D130/><U87/><E87/><V29/><REACH who="2" step="1"/><F35/><REACH who="2" ten="184,280,327,199" step="2"/><W73/><G4/><N who="0" m="1611" /><D47/><U81/><E92/><V25/><F25/><W79/><G73/><T33/><D33/><U41/><E106/><V1/><F1/><W78/><G82/><T64/><D64/><AGARI ba="0,1" hai="16,20,26,29,30,31,46,50,54,58,62,64,105,107" machi="64" ten="40,5200,0" yaku="1,1,52,1,54,1,53,0" doraHai="51" doraHaiUra="122" who="2" fromWho="0" sc="184,-52,280,0,327,62,199,0" /><INIT seed="5,0,0,1,2,120" ten="132,280,389,199" oya="1" hai0="63,95,101,48,8,41,39,66,1,105,85,100,69" hai1="35,98,47,38,34,60,117,83,43,11,51,62,96" hai2="73,20,128,56,91,25,125,29,131,61,72,21,57" hai3="0,36,93,16,106,58,86,31,79,59,74,124,115"/><U54/><E117/><V135/><F125/><W64/><G106/><T27/><D105/><U90/><E34/><V28/><F91/><W109/><G109/><T67/><D67/><U33/><E35/><V15/><F135/><W2/><G36/><T111/><D39/><U44/><E33/><V68/><F68/><W23/><G124/><T30/><D41/><U32/><E32/><V65/><F15/><W19/><G115/><T121/><D48/><U84/><E96/><V103/><F103/><W87/><G74/><T75/><D75/><U50/><E38/><V102/><F102/><W24/><G31/><T18/><D121/><U104/><E104/><V122/><F122/><W9/><G93/><T55/><D55/><U118/><E118/><V45/><F45/><W134/><G134/><T82/><D95/><U6/><REACH who="1" step="1"/><E98/><REACH who="1" ten="132,270,389,199" step="2"/><V17/><F131/><W52/><G2/><AGARI ba="0,1" hai="2,6,11,43,44,47,50,51,54,60,62,83,84,90" machi="2" ten="30,5800,0" yaku="1,1,2,1,7,1,53,0" doraHai="120" doraHaiUra="92" who="1" fromWho="3" sc="132,0,270,68,389,0,199,-58" /><INIT seed="5,1,0,1,0,124" ten="132,338,389,141" oya="1" hai0="89,84,66,77,42,104,98,44,62,118,55,7,61" hai1="134,122,6,57,31,37,49,29,120,90,116,103,65" hai2="41,4,19,12,34,79,86,100,32,47,1,13,50" hai3="33,48,125,73,5,52,26,109,60,123,24,38,80"/><U14/><E116/><V101/><F1/><W121/><G109/><T96/><D118/><U129/><E37/><V83/><F34/><W97/><G125/><T94/><D7/><U117/><E117/><V3/><F3/><W110/><G110/><T132/><D132/><U95/><E134/><V99/><F32/><W69/><G38/><T35/><D35/><U21/><E103/><V2/><F2/><W40/><G5/><T43/><D104/><U113/><E113/><V72/><F72/><W78/><G40/><N who="0" m="15403" /><D66/><U87/><E122/><V63/><F63/><N who="0" m="24074" /><D77/><U56/><E120/><V91/><F79/><W67/><G97/><N who="0" m="37483" /><D44/><U126/><E65/><V36/><F36/><W75/><G75/><T15/><D15/><U92/><E6/><V22/><F99/><W68/><G68/><T16/><D55/><U115/><E14/><V105/><F105/><W53/><G53/><T39/><D39/><U0/><E0/><V27/><F13/><W51/><G51/><T82/><D16/><U45/><E49/><V8/><AGARI ba="1,0" hai="4,8,12,19,22,27,41,47,50,83,86,91,100,101" machi="8" ten="30,2000,0" yaku="0,1,8,1" doraHai="124" who="2" fromWho="2" sc="132,-6,338,-11,389,23,141,-6" /><INIT seed="6,0,0,2,3,133" ten="126,327,412,135" oya="2" hai0="100,105,27,67,103,81,22,54,74,71,25,0,47" hai1="119,3,63,28,7,59,34,75,130,94,135,49,115" hai2="127,64,14,95,8,96,21,33,58,29,30,61,121" hai3="111,51,72,84,128,70,39,13,19,66,11,110,101"/><V4/><F33/><W5/><G72/><T35/><D0/><U88/><E119/><V125/><F121/><W86/><G39/><T126/><D126/><N who="2" m="48138" /><F21/><W112/><G128/><T89/><D22/><U99/><E75/><V80/><F80/><W79/><G101/><AGARI ba="0,0" hai="4,8,14,29,30,58,61,64,95,96,101" m="48138" machi="101" ten="30,11600,0" yaku="18,1,52,3" doraHai="133" who="2" fromWho="3" sc="126,0,327,0,412,116,135,-116" /><INIT seed="6,1,0,4,0,134" ten="126,327,528,19" oya="2" hai0="8,29,34,95,32,51,99,77,36,53,59,13,131" hai1="61,19,103,65,86,72,107,102,58,31,0,14,97" hai2="63,83,75,24,70,79,89,132,121,113,11,122,43" hai3="35,50,64,69,106,108,7,2,94,96,33,57,20"/><V119/><F119/><W110/><G108/><T120/><D120/><U26/><E72/><V54/><F132/><W62/><G110/><T115/><D115/><U52/><E102/><V5/><F113/><W111/><G111/><T125/><D125/><U90/><E0/><V130/><F130/><W38/><G38/><T28/><D36/><U39/><E39/><V81/><F43/><W100/><G20/><T47/><D77/><U98/><E65/><V18/><F81/><W68/><G68/><T37/><D32/><U21/><E103/><V116/><F116/><W22/><G50/><T67/><D34/><U88/><E90/><V93/><F18/><W40/><G40/><T60/><D37/><U56/><E56/><V82/><F82/><W126/><G126/><T133/><D131/><U23/><E107/><V41/><F41/><W12/><G69/><T45/><D45/><U78/><E78/><V4/><F24/><W42/><G42/><T9/><D9/><U85/><E85/><V44/><F44/><W73/><G106/><T17/><D133/><U10/><E10/><V101/><F101/><AGARI ba="1,0" hai="8,13,17,28,29,47,51,53,59,60,67,95,99,101" machi="101" ten="30,2000,0" yaku="7,1,8,1" doraHai="134" who="0" fromWho="2" sc="126,23,327,0,528,-23,19,0" /><INIT seed="7,0,0,4,3,110" ten="149,327,505,19" oya="3" hai0="126,7,77,45,71,70,34,25,102,31,10,111,47" hai1="75,95,57,130,59,94,104,4,103,114,17,32,121" hai2="99,27,108,58,76,63,93,82,113,0,83,23,87" hai3="22,38,66,44,92,128,21,11,48,41,35,65,13"/><W127/><G35/><T134/><D111/><U117/><E114/><V107/><F108/><W73/><G73/><T120/><D120/><U60/><E32/><V67/><F113/><W79/><G128/><T1/><D134/><U124/><E75/><V24/><F0/><W97/><G127/><T33/><D126/><U101/><E121/><V54/><F107/><W109/><G79/><T29/><D102/><U51/><E117/><V16/><F83/><W89/><G38/><T9/><D77/><U123/><E123/><V36/><F36/><W106/><G106/><T61/><D10/><U5/><E104/><V112/><F112/><W133/><G133/><T37/><D61/><U28/><E17/><V84/><F84/><W20/><REACH who="3" step="1"/><G109/><REACH who="3" ten="149,327,505,9" step="2"/><T91/><D37/><U131/><E124/><V88/><F67/><W86/><G86/><T40/><D34/><U68/><E131/><V69/><F69/><W78/><G78/><T129/><D129/><U81/><E130/><V43/><F43/><W46/><G46/><T8/><D47/><U74/><E68/><V64/><F64/><W56/><G56/><T15/><D40/><U118/><E57/><V98/><F98/><W6/><AGARI ba="0,1" hai="6,11,13,20,21,22,41,44,48,65,66,89,92,97" machi="6" ten="30,11700,0" yaku="1,1,0,1,8,1,53,1" doraHai="110" doraHaiUra="90" who="3" fromWho="3" sc="149,-39,327,-39,505,-39,9,127" /><INIT seed="7,1,0,2,5,58" ten="110,288,466,136" oya="3" hai0="96,45,36,98,4,41,9,70,83,38,10,12,42" hai1="17,56,55,130,99,135,106,46,64,22,112,71,62" hai2="104,24,81,28,117,34,82,109,14,15,26,111,63" hai3="50,66,1,116,79,94,74,92,110,35,6,123,131"/><W87/><G116/><T86/><D70/><U91/><E112/><V57/><F104/><W7/><G123/><T25/><D25/><U115/><E115/><V121/><F117/><W29/><G131/><T32/><D32/><U68/><E135/><V105/><F105/><W128/><G128/><T59/><D10/><U114/><E114/><V129/><F129/><W21/><G35/><T5/><D5/><N who="3" m="1545" /><G74/><T30/><D30/><U69/><E130/><V107/><F107/><W124/><G124/><T126/><D126/><U60/><E46/><V3/><F121/><W72/><G72/><T90/><REACH who="0" step="1"/><D59/><REACH who="0" ten="100,288,466,136" step="2"/><U101/><E91/><V44/><F44/><AGARI ba="1,1" hai="4,9,12,36,38,41,42,44,45,83,86,90,96,98" machi="44" ten="40,5200,0" yaku="1,1,2,1,9,1,53,0" doraHai="58" doraHaiUra="47" who="0" fromWho="2" sc="100,65,288,0,466,-55,136,0" owari="165,-23.5,288,8.8,411,51.1,136,-36.4" /></mjloggm>