<mjloggm ver="2.3"><GO type="225" lobby="0"/><UN n0="%E7%99%BD%E5%80%89%E5%AF%9B%E4%B9%8B" n1="%E3%83%96%E3%83%83%E3%83%91%E3%82%AA%E3%83%96%E3%83%81%E3%82%AD%E3%83%B3" n2="%E3%82%BC%E3%83%AB%E3%83%80%E3%81%AE%E4%BC%9D%E8%AA%AC" n3="%E7%B4%94%E6%BD%94%E3%83%94%E3%83%A9%E3%83%8B%E3%82%A2" dan="16,16,17,17" rate="2156.84,2170.26,2151.97,2212.22" sx="M,M,M,M"/><TAIKYOKU oya="0"/><INIT seed="0,0,0,1,1,42" ten="250,250,250,250" oya="0" hai0="75,90,69,133,77,65,89,82,97,64,91,31,123" hai1="132,81,118,0,50,74,36,127,116,53,76,62,5" hai2="57,23,134,119,30,13,25,43,124,27,112,44,35" hai3="108,99,92,18,46,45,11,52,130,95,8,12,3"/><T107/><D123/><U9/><E127/><V103/><F112/><W61/><G108/><T113/><D113/><U7/><E132/><V78/><F134/><W106/><G106/><T98/><D133/><U67/><E36/><V28/><F124/><W85/><G130/><T129/><D129/><U111/><E111/><V71/><F71/><W63/><G3/><T79/><D69/><U19/><E7/><V56/><F119/><W21/><G85/><T26/><D79/><U101/><E101/><V20/><F78/><W128/><G128/><T114/><D114/><U37/><E19/><V49/><F35/><W4/><G92/><T80/><D80/><U96/><E96/><V83/><F83/><W54/><G54/><T6/><D6/><U51/><E37/><V125/><F125/><W15/><G8/><T126/><D126/><U94/><E94/><V33/><F33/><W70/><G70/><T29/><D29/><U84/><E74/><V121/><F121/><W41/><G41/><T24/><D24/><U16/><E16/><V34/><F103/><N who="3" m="60927" /><G61/><T110/><D110/><U40/><E40/><V109/><F109/><W117/><G117/><N who="1" m="45162" /><E53/><V32/><F13/><W39/><G39/><T122/><D122/><U68/><E68/><V59/><AGARI ba="0,0" hai="20,23,25,27,28,30,32,34,43,44,49,56,57,59" machi="59" ten="30,4000,0" yaku="0,1,9,1,52,1" doraHai="42" who="2" fromWho="2" sc="250,-20,250,-10,250,40,250,-10" /><INIT seed="1,0,0,1,0,16" ten="230,240,290,240" oya="1" hai0="54,133,17,64,18,39,58,88,124,116,68,61,134" hai1="86,87,34,22,10,7,52,56,122,89,113,132,119" hai2="97,118,59,117,130,49,24,32,50,90,40,5,12" hai3="37,91,21,77,45,0,126,108,25,78,104,9,105"/><U46/><E113/><V41/><F130/><W93/><G108/><T100/><D116/><U62/><E119/><V19/><F117/><W31/><G126/><T11/><D124/><U99/><E122/><V98/><F118/><W70/><G70/><T127/><D127/><U13/><E34/><V3/><F3/><W80/><G77/><T103/><D39/><U6/><E132/><N who="0" m="50793" /><D88/><U123/><E123/><V106/><F106/><W30/><G30/><T4/><D103/><U101/><E7/><V44/><F90/><W109/><G109/><T92/><D92/><N who="1" m="58599" /><E46/><N who="2" m="25799" /><F32/><W74/><G37/><T43/><D43/><U82/><E87/><V55/><F24/><W33/><G45/><T47/><D47/><U129/><E129/><V67/><F67/><W76/><G76/><T114/><D100/><U96/><E96/><V115/><F5/><W51/><G51/><N who="0" m="31071" /><D114/><U75/><E75/><V48/><F115/><W28/><G0/><AGARI ba="0,0" hai="0,4,11,17,18,61,64,68" m="31071,50793" machi="0" ten="30,1000,0" yaku="20,1" doraHai="16" who="0" fromWho="3" sc="230,10,240,0,290,0,240,-10" /><INIT seed="2,0,0,4,5,17" ten="240,240,290,230" oya="2" hai0="46,18,65,45,70,52,133,64,55,135,81,58,20" hai1="28,68,30,63,119,88,2,79,34,83,75,43,31" hai2="66,104,126,25,82,97,7,4,111,99,101,22,118" hai3="9,1,37,121,69,39,123,23,87,129,13,51,109"/><V40/><F118/><W60/><G109/><T106/><D106/><U76/><E119/><V71/><F111/><W90/><G129/><T42/><D81/><U120/><E120/><V35/><F126/><W122/><G1/><T92/><D92/><U80/><E2/><V102/><F40/><W53/><G69/><T57/><D70/><U105/><E105/><V96/><F82/><W117/><G60/><N who="0" m="35879" /><D20/><U98/><E43/><V44/><F44/><N who="0" m="17002" /><D18/><U33/><E68/><V19/><F35/><W32/><G32/><T50/><D42/><U134/><E34/><V0/><F0/><W15/><G117/><T8/><D8/><U61/><E33/><V112/><F112/><W84/><G9/><T125/><D125/><U114/><E114/><V93/><REACH who="2" step="1"/><F96/><REACH who="2" ten="240,240,280,230" step="2"/><W49/><G121/><T3/><D3/><U108/><E98/><V11/><F11/><W47/><G47/><T110/><D110/><U95/><E108/><V14/><F14/><W12/><G13/><T77/><D77/><U26/><E80/><V72/><F72/><W127/><G127/><T62/><D62/><AGARI ba="0,1" hai="4,7,19,22,25,62,66,71,93,97,99,101,102,104" machi="62" ten="40,3900,0" yaku="1,1,52,1,53,0" doraHai="17" doraHaiUra="132" who="2" fromWho="0" sc="240,-39,240,0,280,49,230,0" /><INIT seed="2,1,0,1,2,91" ten="201,240,329,230" oya="2" hai0="104,124,18,100,96,107,45,23,86,22,29,85,135" hai1="14,15,118,125,31,30,33,98,56,73,77,82,103" hai2="111,64,110,67,117,113,131,84,9,119,3,134,39" hai3="70,72,114,133,87,8,120,79,130,0,121,99,97"/><V12/><F113/><W69/><G72/><T126/><D135/><U37/><E118/><V52/><F134/><W21/><G114/><T20/><D29/><U53/><E37/><V93/><F3/><W40/><G133/><T13/><D104/><U44/><E44/><V38/><F131/><W66/><G130/><T95/><D45/><U76/><E125/><N who="0" m="48233" /><D107/><U60/><E77/><V74/><F74/><W94/><G40/><T68/><D68/><U75/><E75/><V42/><F42/><W17/><G0/><T83/><D83/><U59/><E31/><V50/><F39/><W122/><G8/><AGARI ba="1,0" hai="8,13,18,20,22,23,85,86,95,96,100" m="48233" machi="8" ten="30,2000,0" yaku="18,1,52,1" doraHai="91" who="0" fromWho="3" sc="201,23,240,0,329,0,230,-23" /><INIT seed="3,0,0,0,3,20" ten="224,240,329,207" oya="3" hai0="127,82,84,83,63,95,26,51,124,107,41,24,1" hai1="69,49,27,30,61,10,79,111,72,89,90,125,100" hai2="57,99,105,25,58,135,33,43,73,92,29,85,22" hai3="67,119,134,103,9,53,40,117,50,75,129,59,56"/><W115/><G75/><T86/><D107/><U55/><E111/><V80/><F135/><W77/><G77/><N who="0" m="46159" /><D1/><U18/><E125/><N who="0" m="48201" /><D95/><U60/><E100/><N who="2" m="62623" /><F33/><W133/><G103/><T93/><D93/><U65/><E60/><V44/><F44/><N who="3" m="25863" /><G9/><T101/><D101/><U109/><E109/><V114/><F43/><W21/><G21/><T76/><D63/><U48/><E10/><V16/><F29/><W2/><G2/><T23/><D23/><U116/><E116/><N who="3" m="44618" /><G115/><T13/><D13/><U88/><E72/><V78/><F114/><W66/><G129/><T8/><D8/><U106/><E79/><V113/><F113/><W126/><G126/><T68/><D68/><U121/><E69/><V94/><F94/><W36/><G36/><T52/><D41/><U35/><E106/><V128/><F128/><W64/><G53/><T98/><D98/><U104/><E55/><V62/><F62/><W34/><G34/><T45/><AGARI ba="0,0" hai="24,26,45,51,52,76,83,86" m="48201,46159" machi="45" ten="30,7900,0" yaku="18,1,52,2,54,1" doraHai="20" who="0" fromWho="0" sc="224,79,240,-20,329,-20,207,-39" owari="303,10.3,220,-18.0,309,40.9,168,-33.2" /></mjloggm>