<mjloggm ver="2.3"><GO type="169" lobby="0"/><UN n0="%48%41%43%4F" n1="%E3%81%A1%E3%82%83%E3%81%B0%E3%82%8A%E3%83%BC%E3%82%84" n2="%61%6E%79%61%64%72%61" n3="%62%73%64%5F%33" dan="16,16,16,17" rate="2071.09,2111.65,2153.06,2137.22" sx="M,M,M,F"/><TAIKYOKU oya="0"/><INIT seed="0,0,0,1,4,77" ten="250,250,250,250" oya="0" hai0="53,59,69,43,4,133,29,68,24,105,36,55,108" hai1="125,101,97,103,131,110,32,20,79,2,109,11,19" hai2="70,85,35,52,132,91,83,111,112,76,61,42,86" hai3="14,128,84,40,99,16,106,90,63,27,72,121,113"/><T25/><D105/><U114/><E32/><V1/><F112/><W31/><G113/><T56/><D4/><N who="1" m="1431" /><E114/><V88/><F111/><N who="1" m="42505" /><E131/><V67/><F132/><W92/><G128/><T129/><D108/><U51/><E125/><V44/><F1/><W104/><G121/><T87/><D129/><U123/><E123/><V34/><F52/><W48/><G72/><T26/><D29/><U37/><E37/><V3/><F3/><W102/><G63/><T94/><D133/><U74/><E51/><V120/><F120/><W66/><G66/><T130/><D130/><U18/><E20/><V98/><F98/><W122/><G122/><T49/><D43/><U50/><E50/><V0/><F0/><W116/><G116/><T7/><D7/><U12/><E12/><V15/><F15/><W57/><G40/><T10/><D10/><U93/><E101/><V71/><F71/><W28/><G106/><T21/><D21/><U65/><E65/><V5/><F5/><W78/><G27/><T64/><D64/><U118/><E118/><V23/><F23/><N who="3" m="11671" /><G48/><N who="0" m="30759" /><D36/><U47/><E47/><V58/><F70/><W46/><G46/><T30/><D30/><N who="3" m="11305" /><G57/><T54/><D54/><U8/><E8/><V89/><REACH who="2" step="1"/><F86/><REACH who="2" ten="250,250,240,250" step="2"/><W82/><G84/><T13/><D13/><U135/><E135/><V45/><F45/><W115/><G115/><T38/><D38/><AGARI ba="0,1" hai="34,35,38,42,44,58,61,67,76,83,85,88,89,91" machi="38" ten="40,5200,0" yaku="1,1,52,1,54,1,53,0" doraHai="77" doraHaiUra="17" who="2" fromWho="0" sc="250,-52,250,0,240,62,250,0" /><INIT seed="1,0,0,0,1,132" ten="198,250,302,250" oya="1" hai0="104,72,93,109,101,13,130,119,103,122,100,55,76" hai1="107,95,98,118,50,19,68,3,10,91,80,81,127" hai2="7,84,92,77,63,135,20,21,4,110,0,24,31" hai3="65,96,123,86,35,82,41,113,6,32,17,90,124"/><U106/><E118/><V5/><F110/><W128/><G113/><T29/><D109/><U129/><E129/><V99/><F135/><W11/><G123/><T112/><D112/><U47/><E68/><V73/><F73/><W40/><G128/><T83/><D119/><U57/><E57/><V36/><F36/><W9/><G65/><T51/><D130/><U1/><E1/><V34/><F0/><W88/><G17/><T46/><D122/><U62/><E62/><V60/><F34/><W94/><G124/><T131/><D29/><U25/><E127/><V28/><F84/><W87/><G11/><T22/><D131/><U125/><E125/><V23/><F77/><W30/><G96/><T54/><D54/><U59/><E59/><V42/><F42/><W115/><G115/><T43/><D43/><U61/><E61/><N who="2" m="23627" /><F24/><W126/><G126/><T38/><D38/><U102/><E25/><V97/><F92/><W85/><G85/><T37/><D37/><U48/><E107/><V39/><F39/><W114/><G114/><T134/><D134/><U116/><E116/><V26/><F26/><N who="3" m="18519" /><G35/><T121/><D121/><U27/><E27/><V89/><F89/><W12/><G41/><T56/><D56/><U2/><E2/><V64/><F64/><W120/><G40/><T44/><D44/><U18/><E3/><V49/><F49/><N who="1" m="19049" /><E47/><V108/><F108/><W45/><G45/><T58/><D46/><U33/><E33/><V66/><F66/><W74/><G74/><T69/><D69/><U70/><E70/><V117/><F117/><W111/><G111/><RYUUKYOKU ba="0,0" sc="198,-15,250,-15,302,15,250,15" hai2="4,5,7,20,21,23,28,31,97,99" hai3="6,9,12,82,86,87,88,90,94,120" /><INIT seed="2,1,0,4,1,117" ten="183,235,317,265" oya="2" hai0="27,75,128,36,67,46,24,120,81,119,131,29,41" hai1="45,54,10,49,134,100,89,66,55,60,102,9,13" hai2="62,93,124,109,25,110,59,94,40,70,30,11,8" hai3="28,118,23,42,32,99,106,17,19,129,44,50,4"/><V91/><F70/><W3/><G118/><T35/><D119/><U51/><E134/><V21/><F124/><W85/><G129/><N who="0" m="49739" /><D27/><U111/><E111/><N who="2" m="42507" /><F40/><W64/><G64/><T90/><D67/><U16/><E89/><V113/><F113/><W6/><G32/><T130/><N who="0" m="49747" /><T2/><DORA hai="48" /><D2/><U7/><E9/><N who="2" m="3659" /><F91/><W114/><G114/><T0/><D0/><U86/><E86/><V74/><F74/><W121/><G85/><N who="0" m="50479" /><D75/><U116/><E7/><V125/><F125/><W37/><G4/><T33/><D33/><U79/><E79/><V112/><F112/><W61/><G6/><T53/><D53/><AGARI ba="1,0" hai="21,25,30,53,59,62,93,94" m="3659,42507" machi="53" ten="30,5800,0" yaku="14,1,10,1,52,1" doraHai="117,48" who="2" fromWho="0" sc="183,-61,235,0,317,61,265,0" /><INIT seed="2,2,0,3,3,132" ten="122,235,378,265" oya="2" hai0="71,123,51,84,28,89,130,127,116,126,122,45,14" hai1="124,75,10,91,98,40,23,73,101,50,79,54,76" hai2="44,60,6,18,16,29,82,114,112,109,92,68,11" hai3="31,74,36,39,46,1,80,17,30,111,7,96,42"/><V22/><F109/><W78/><G111/><T81/><D130/><U85/><E40/><V118/><F118/><W3/><G39/><T27/><D116/><U119/><E119/><V97/><F82/><W77/><G77/><T99/><D71/><U2/><E23/><V66/><F44/><W47/><G47/><T8/><D99/><U121/><E121/><V34/><F34/><W100/><G17/><N who="0" m="8391" /><D122/><U61/><E61/><V94/><F29/><W106/><REACH who="3" step="1"/><G1/><REACH who="3" ten="122,235,378,255" step="2"/><T65/><D123/><U69/><E79/><V57/><F18/><W53/><G53/><N who="0" m="29935" /><D65/><U131/><E2/><V21/><F114/><W41/><G41/><T125/><D27/><U93/><E76/><V52/><F112/><W120/><G120/><T117/><D117/><U110/><E110/><V63/><F16/><W113/><G113/><T64/><D64/><U95/><E131/><V9/><F6/><W102/><G102/><T128/><D128/><U115/><E115/><V26/><F66/><W104/><G104/><T20/><D28/><U88/><E101/><V56/><F26/><W72/><G72/><T32/><D20/><U15/><E73/><V62/><F22/><W43/><G43/><T87/><D87/><U103/><E75/><V86/><F21/><W13/><G13/><T129/><D129/><U55/><E103/><V108/><F86/><W37/><G37/><T33/><AGARI ba="2,1" hai="32,33,81,84,89,125,126,127" m="29935,8391" machi="33" ten="40,8000,1" yaku="25,1,18,1,52,3" doraHai="132" who="0" fromWho="0" sc="122,96,235,-22,378,-42,255,-22" /><INIT seed="3,0,0,4,4,103" ten="218,213,336,233" oya="3" hai0="99,12,40,69,43,17,92,30,37,80,87,133,21" hai1="45,64,125,119,11,111,95,9,75,25,13,121,14" hai2="6,44,28,38,50,123,62,33,16,102,2,31,86" hai3="41,70,71,74,53,27,85,135,57,89,42,94,93"/><W106/><G74/><T115/><D133/><U90/><E121/><V10/><F123/><W83/><G135/><T108/><D69/><U46/><E111/><V36/><F102/><W35/><G71/><T81/><D108/><U18/><E125/><V52/><F62/><W19/><G70/><T112/><D30/><U100/><E119/><V110/><F110/><W126/><G126/><T128/><D128/><U68/><E75/><V114/><F114/><N who="0" m="43562" /><D37/><U101/><E25/><V113/><F113/><W130/><G130/><T61/><D61/><U56/><E68/><V7/><F7/><W73/><G73/><T82/><D87/><U60/><E101/><AGARI ba="0,0" hai="12,17,21,40,43,80,81,82,92,99,101" m="43562" machi="101" ten="30,1000,0" yaku="11,1" doraHai="103" who="0" fromWho="1" sc="218,10,213,-10,336,0,233,0" /><INIT seed="4,0,0,0,3,103" ten="228,203,336,233" oya="0" hai0="18,72,39,76,64,71,27,45,89,110,105,104,112" hai1="16,113,122,62,79,97,131,58,61,19,35,24,129" hai2="117,83,2,95,59,13,29,32,37,130,33,108,107" hai3="99,63,7,114,9,78,46,42,4,98,12,26,57"/><T106/><D89/><U21/><E122/><V60/><F2/><W44/><G114/><T109/><D112/><U80/><E113/><V48/><F37/><W126/><G126/><T30/><D18/><U6/><E35/><V93/><F108/><N who="0" m="41578" /><D64/><U55/><E6/><V116/><F130/><N who="1" m="49673" /><E97/><V133/><F133/><W132/><G132/><T67/><D67/><U23/><E61/><V36/><F36/><W43/><G78/><T123/><D123/><U87/><E23/><V47/><F13/><W65/><G7/><T20/><D71/><U111/><E111/><V75/><F29/><AGARI ba="0,0" hai="16,19,21,24,29,55,58,62,79,80,87" m="49673" machi="29" ten="30,2000,0" yaku="19,1,54,1" doraHai="103" who="1" fromWho="2" sc="228,0,203,20,336,-20,233,0" /><INIT seed="5,0,0,5,5,127" ten="228,223,316,233" oya="1" hai0="124,103,87,73,96,48,51,15,76,18,11,28,62" hai1="66,19,129,59,34,94,44,43,77,5,60,134,135" hai2="117,36,25,9,68,133,27,108,52,107,114,39,95" hai3="69,49,33,53,80,24,78,41,132,64,30,102,46"/><U70/><E34/><V10/><F107/><W131/><G132/><N who="1" m="50730" /><E5/><V13/><F133/><W67/><G69/><T57/><D124/><U2/><E2/><V38/><F108/><W100/><G131/><T74/><D74/><U110/><E77/><V118/><F114/><W55/><G55/><T21/><D73/><U92/><E110/><V0/><F68/><W65/><REACH who="3" step="1"/><G53/><REACH who="3" ten="228,223,316,223" step="2"/><T97/><D62/><N who="1" m="40279" /><E129/><V104/><F52/><W17/><G17/><T106/><D57/><U122/><E19/><V79/><F118/><W113/><G113/><T20/><D18/><U8/><E122/><V26/><F117/><W50/><G50/><T98/><D51/><N who="1" m="27039" /><E8/><V7/><F10/><W123/><G123/><T105/><D11/><U4/><E4/><V58/><F7/><W31/><G31/><T125/><D28/><U84/><E84/><AGARI ba="0,1" hai="24,30,33,41,46,49,64,65,67,78,80,84,100,102" machi="84" ten="40,2600,0" yaku="1,1,53,1" doraHai="127" doraHaiUra="37" who="3" fromWho="1" sc="228,0,223,-26,316,0,223,36" /><INIT seed="6,0,0,3,0,71" ten="228,197,316,259" oya="2" hai0="120,100,16,15,122,64,85,92,80,40,116,8,48" hai1="113,130,37,23,75,129,123,76,93,107,86,27,29" hai2="22,81,104,121,117,49,38,54,2,118,98,26,41" hai3="36,67,127,43,73,21,103,3,62,74,30,31,34"/><V77/><F121/><W46/><G34/><T10/><D116/><U114/><E107/><V82/><F2/><W19/><G127/><T58/><D8/><U0/><E75/><V65/><F65/><W124/><G124/><T87/><D40/><U132/><E0/><V42/><F104/><W66/><G3/><T105/><D105/><U96/><E123/><V109/><F98/><W68/><G103/><T6/><D6/><U133/><E86/><V7/><F7/><W24/><REACH who="3" step="1"/><G67/><REACH who="3" ten="228,197,316,249" step="2"/><T131/><D100/><U25/><E130/><V57/><F118/><W32/><G32/><T47/><D131/><U13/><E129/><V95/><F117/><W60/><G60/><T9/><D64/><U83/><E133/><V102/><F102/><W101/><G101/><T53/><D120/><U20/><E132/><V56/><F109/><W97/><G97/><T61/><D122/><U111/><E111/><V39/><F39/><W28/><AGARI ba="0,1" hai="19,21,24,28,30,31,36,43,46,62,66,68,73,74" machi="28" ten="30,4000,0" yaku="1,1,0,1,52,1,53,0" doraHai="71" doraHaiUra="90" who="3" fromWho="3" sc="228,-10,197,-10,316,-20,249,50" /><INIT seed="7,0,0,3,4,81" ten="218,187,296,299" oya="3" hai0="112,74,50,17,53,127,125,95,121,15,84,18,58" hai1="25,78,97,20,60,75,57,13,68,40,103,122,65" hai2="90,129,123,85,132,62,35,77,31,21,115,79,0" hai3="71,69,24,64,36,70,39,102,46,43,45,52,19"/><W111/><G102/><T56/><D121/><U86/><E122/><V76/><F123/><W59/><G111/><T28/><D74/><U108/><E108/><V128/><F0/><W34/><G34/><T63/><D28/><U133/><E133/><V23/><F132/><W27/><G19/><T96/><D112/><U130/><E130/><N who="2" m="50283" /><F115/><W16/><G16/><N who="0" m="6251" /><D15/><U33/><E13/><V38/><F38/><N who="3" m="14379" /><G24/><T26/><D26/><U126/><E40/><V110/><F110/><W8/><G8/><T91/><D127/><U99/><E126/><V30/><F62/><N who="3" m="40087" /><G27/><T4/><D4/><U48/><E75/><V83/><F35/><W42/><G42/><T93/><D125/><U10/><E10/><V105/><F105/><W2/><G2/><T6/><D6/><U73/><E73/><V116/><F116/><W9/><G9/><T47/><D63/><U92/><E33/><V134/><F134/><W101/><G101/><AGARI ba="0,0" hai="47,50,53,56,58,84,91,93,95,96,101" m="6251" machi="101" ten="30,3900,0" yaku="8,1,52,1,54,1" doraHai="81" who="0" fromWho="3" sc="218,39,187,0,296,0,299,-39" /><INIT seed="8,0,0,2,0,10" ten="257,187,296,260" oya="0" hai0="73,49,115,97,100,32,89,11,122,40,21,17,106" hai1="54,18,51,81,67,46,78,75,34,117,59,119,23" hai2="47,110,131,129,22,90,58,43,38,83,101,36,3" hai3="0,68,92,64,88,6,103,80,15,124,79,62,24"/><T30/><D115/><U37/><E34/><V121/><F110/><W56/><G124/><T102/><D122/><U57/><E37/><V42/><F121/><W134/><G0/><T26/><D73/><U50/><E67/><V25/><F3/><W98/><G134/><T53/><D40/><U96/><E96/><V13/><F13/><W130/><G130/><N who="2" m="49673" /><F58/><W7/><G68/><T93/><D106/><U27/><REACH who="1" step="1"/><E59/><REACH who="1" ten="257,177,296,260" step="2"/><V133/><F38/><W86/><G56/><N who="0" m="32815" /><D32/><U95/><E95/><V127/><F36/><W70/><G70/><T8/><D8/><U135/><E135/><V77/><F133/><W48/><G92/><T39/><D39/><U72/><E72/><V28/><F127/><W20/><G64/><T105/><D105/><U74/><E74/><V107/><F107/><W132/><G132/><T87/><D97/><U109/><E109/><V5/><F83/><W41/><G98/><T76/><D11/><U71/><E71/><V4/><F47/><W29/><G80/><T84/><D30/><U128/><E128/><V99/><F99/><W55/><G29/><T94/><D94/><U45/><E45/><V116/><F28/><W85/><G85/><T52/><D87/><U35/><E35/><V123/><F123/><W120/><G86/><T111/><D111/><U44/><E44/><V66/><F66/><W1/><G120/><T104/><D104/><U65/><E65/><V9/><F9/><W108/><G108/><T126/><D126/><U91/><E91/><V60/><F90/><W113/><G88/><N who="0" m="53383" /><D102/><U63/><E63/><V61/><F101/><RYUUKYOKU ba="0,1" sc="257,-10,177,30,296,-10,260,-10" hai1="18,23,27,46,50,51,54,57,75,78,81,117,119" /><INIT seed="9,1,1,2,5,79" ten="247,207,286,250" oya="1" hai0="99,58,48,24,37,113,33,128,18,36,94,2,97" hai1="64,44,72,43,134,78,40,107,68,110,101,41,0" hai2="9,135,90,17,39,103,59,117,77,95,76,127,4" hai3="21,38,60,12,69,129,109,66,114,115,91,20,130"/><U34/><E0/><V70/><F70/><W111/><G91/><T108/><D108/><N who="3" m="41545" /><G12/><T54/><D128/><N who="3" m="49257" /><G20/><N who="0" m="13335" /><D37/><N who="1" m="21519" /><E110/><V30/><F39/><W133/><G21/><T124/><D36/><U51/><E34/><V84/><F30/><W74/><G74/><T104/><D104/><U29/><E29/><V83/><F17/><W19/><G19/><T118/><D118/><U132/><E101/><V88/><F117/><W71/><G133/><N who="1" m="51306" /><E107/><V67/><F135/><W93/><G93/><T85/><D113/><N who="3" m="43017" /><G38/><T86/><D33/><U32/><E32/><V81/><F103/><W35/><G35/><T131/><D2/><U27/><E27/><V75/><F75/><W98/><G98/><N who="0" m="37387" /><D131/><U22/><E22/><V116/><F116/><W14/><G14/><T120/><D94/><U52/><E78/><V80/><F76/><W45/><G45/><T16/><D16/><U123/><E72/><V31/><F77/><W46/><G46/><T13/><D13/><U89/><E89/><V28/><F90/><W23/><G23/><T65/><D86/><U15/><E15/><N who="2" m="5543" /><F28/><W105/><G105/><T62/><D85/><U63/><E123/><V100/><F31/><W53/><G53/><T96/><D120/><U11/><E11/><V112/><F112/><W73/><G73/><T5/><D5/><U47/><AGARI ba="1,1" hai="41,43,47,51,52,63,64,68" m="51306,21519" machi="47" ten="30,11700,0" yaku="20,1,34,2,54,1" doraHai="79" who="1" fromWho="1" sc="247,-40,207,130,286,-40,250,-40" owari="207,-29.3,337,43.7,246,4.6,210,-19.0" /></mjloggm>