<mjloggm ver="2.3"><GO type="169" lobby="0"/><UN n0="%68%69%73%61%74%6F%E6%A3%92" n1="%E3%81%9D%E3%81%86%E3%81%9F%E3%81%A3%E3%81%9F" n2="%E6%98%9F%E7%A9%BA%E3%81%AE%E3%83%A1%E3%83%A2%E3%83%AA%E3%82%A2" n3="%E4%BD%90%E8%97%A4%E3%82%AB%E3%82%A4%E3%82%B8" dan="16,16,16,17" rate="2123.36,2189.52,2058.15,2198.88" sx="M,M,F,F"/><TAIKYOKU oya="0"/><INIT seed="0,0,0,5,5,70" ten="250,250,250,250" oya="0" hai0="93,127,52,86,22,87,1,89,35,125,71,131,64" hai1="20,103,54,102,78,108,24,60,38,115,34,69,97" hai2="62,116,113,96,6,12,31,40,32,126,82,28,7" hai3="124,121,11,57,59,109,39,135,14,63,5,61,55"/><T134/><D35/><U132/><E34/><V16/><F113/><W117/><G109/><T48/><D1/><U123/><E123/><V21/><F126/><W8/><G124/><T80/><D134/><U50/><E108/><V3/><F116/><W25/><G117/><T0/><D0/><U45/><E78/><V18/><F40/><W36/><G135/><T4/><D4/><N who="2" m="1578" /><F3/><W10/><G121/><T75/><D75/><U88/><E38/><V65/><F32/><W26/><G5/><T19/><D131/><U84/><E115/><V46/><F46/><W56/><G14/><T110/><D110/><U73/><E73/><V2/><F2/><W95/><G95/><T13/><D64/><U49/><E49/><V85/><F96/><W79/><G79/><T106/><D106/><U33/><E33/><V101/><F101/><W105/><G105/><T41/><D41/><U66/><E97/><V122/><F122/><W100/><G100/><T77/><REACH who="0" step="1"/><D71/><REACH who="0" ten="240,250,250,250" step="2"/><U98/><E132/><V72/><F72/><W23/><G55/><T81/><D81/><U92/><REACH who="1" step="1"/><E98/><REACH who="1" ten="240,240,250,250" step="2"/><V111/><F111/><W42/><G39/><T51/><D51/><U27/><E27/><N who="2" m="14759" /><F62/><W30/><REACH who="3" step="1"/><G26/><REACH who="3" ten="240,240,250,240" step="2"/><T94/><D94/><U67/><E67/><V118/><F65/><W91/><G91/><T37/><D37/><U130/><E130/><V44/><F118/><W112/><G112/><T17/><D17/><AGARI ba="0,3" hai="17,20,24,45,50,54,60,66,69,84,88,92,102,103" machi="17" ten="30,3900,0" yaku="1,1,7,1,54,1,53,0" doraHai="70" doraHaiUra="129" who="1" fromWho="0" sc="240,-39,240,69,250,0,240,0" /><INIT seed="1,0,0,5,2,116" ten="201,309,250,240" oya="1" hai0="124,132,13,37,86,5,28,126,105,72,0,49,103" hai1="73,88,133,31,122,128,129,113,131,74,17,91,21" hai2="130,30,38,1,51,26,42,36,134,123,33,85,104" hai3="9,106,11,98,12,47,76,75,120,41,82,39,57"/><U112/><E31/><V94/><F123/><W92/><G106/><T121/><D72/><N who="1" m="27755" /><E17/><V111/><F104/><W6/><G9/><T35/><D37/><U16/><E133/><V102/><F1/><W46/><G46/><T67/><D0/><U40/><E40/><V87/><F134/><W52/><G120/><T107/><D121/><U70/><E70/><V114/><F114/><N who="1" m="44137" /><E122/><V97/><F130/><W77/><G77/><T63/><D49/><U61/><E61/><V58/><F111/><W53/><REACH who="3" step="1"/><G57/><REACH who="3" ten="201,309,250,230" step="2"/><T34/><D105/><U115/><E115/><V125/><F58/><W119/><G119/><T100/><D132/><U95/><E95/><V48/><F94/><W62/><G62/><T135/><D135/><U3/><E3/><V19/><F38/><W110/><G110/><T29/><D107/><U78/><E78/><V43/><F36/><W90/><AGARI ba="0,1" hai="6,11,12,39,41,47,52,53,75,76,82,90,92,98" machi="90" ten="20,8000,1" yaku="1,1,0,1,7,1,54,1,53,1" doraHai="116" doraHaiUra="71" who="3" fromWho="3" sc="201,-20,309,-40,250,-20,230,90" /><INIT seed="2,0,0,4,4,113" ten="181,269,230,320" oya="2" hai0="65,50,62,26,5,14,132,9,7,67,15,124,112" hai1="100,85,41,96,28,77,99,19,75,35,110,16,94" hai2="66,39,92,59,13,120,34,89,86,81,133,111,46" hai3="24,49,37,3,123,42,61,8,88,106,22,44,135"/><V76/><F120/><W102/><G123/><T69/><D112/><U126/><E75/><V33/><F133/><W4/><G135/><T108/><D108/><U104/><E126/><V116/><F111/><W118/><G118/><T109/><D124/><U130/><E130/><V10/><F116/><W38/><G61/><T125/><D132/><U70/><E70/><V68/><F68/><W30/><REACH who="3" step="1"/><G88/><REACH who="3" ten="181,269,230,310" step="2"/><T52/><D125/><U84/><E110/><V82/><F89/><W122/><G122/><T25/><D109/><U105/><E77/><V56/><F76/><W134/><G134/><T23/><D65/><U95/><E100/><V127/><F66/><W57/><G57/><T98/><D98/><AGARI ba="0,1" hai="3,4,8,22,24,30,37,38,42,44,49,98,102,106" machi="98" ten="40,1300,0" yaku="1,1,53,0" doraHai="113" doraHaiUra="79" who="3" fromWho="0" sc="181,-13,269,0,230,0,310,23" /><INIT seed="3,0,0,4,1,89" ten="168,269,230,333" oya="3" hai0="134,85,101,63,114,49,16,113,118,71,80,82,53" hai1="116,2,124,99,106,88,45,133,8,105,28,79,75" hai2="108,61,55,66,78,64,123,125,112,56,87,41,21" hai3="121,62,12,86,130,1,107,104,32,18,135,46,48"/><W17/><G1/><T100/><D63/><U131/><E28/><V33/><F33/><W67/><G121/><T35/><D71/><U60/><E60/><V76/><F112/><N who="0" m="43114" /><D35/><U95/><E124/><V30/><F125/><W119/><G119/><T19/><D82/><U122/><E122/><V72/><F108/><W128/><G32/><T65/><D65/><U42/><E116/><V58/><F72/><W20/><G135/><T110/><D110/><U25/><E133/><V117/><F117/><W126/><G126/><T9/><D134/><U44/><E131/><N who="3" m="50218" /><G18/><N who="0" m="6699" /><D9/><U27/><E8/><V22/><F123/><W52/><G86/><T68/><D68/><AGARI ba="0,0" hai="12,17,20,46,48,52,62,67,68,104,107" m="50218" machi="68" ten="30,2900,0" yaku="19,1,54,1" doraHai="89" who="3" fromWho="0" sc="168,-29,269,0,230,0,333,29" /><INIT seed="3,1,0,3,2,42" ten="139,269,230,362" oya="3" hai0="121,109,2,91,93,18,115,39,23,50,26,44,69" hai1="84,4,31,25,134,64,29,68,20,19,38,82,22" hai2="113,54,51,80,99,65,66,73,114,100,16,21,92" hai3="97,48,112,74,101,0,135,53,88,124,104,40,95"/><W75/><G112/><T110/><D115/><U5/><E38/><V45/><F114/><W47/><G0/><T72/><D72/><U32/><E134/><V6/><F113/><W52/><G135/><T70/><D39/><U105/><E105/><V118/><F118/><W132/><G132/><T127/><D127/><U57/><E68/><V3/><F3/><W9/><G124/><T56/><D56/><U59/><E32/><V60/><F6/><W81/><G9/><T106/><D106/><U34/><E34/><V61/><F73/><W43/><G43/><T62/><D62/><N who="2" m="24170" /><F80/><W78/><G75/><T41/><D121/><U77/><E31/><V30/><F30/><W122/><G122/><T90/><D90/><U126/><E126/><V125/><F125/><W117/><G117/><T24/><D24/><AGARI ba="1,0" hai="16,21,24,45,51,54,65,66,92,99,100" m="24170" machi="24" ten="30,3900,0" yaku="8,1,52,1,54,1" doraHai="42" who="2" fromWho="0" sc="139,-42,269,0,230,42,362,0" /><INIT seed="4,0,0,1,2,2" ten="97,269,272,362" oya="0" hai0="12,101,98,73,75,102,66,43,130,25,35,39,65" hai1="74,11,76,126,46,124,116,67,41,70,31,119,3" hai2="107,104,87,47,44,16,77,50,6,120,118,29,54" hai3="83,62,9,33,92,97,79,37,63,30,59,0,36"/><T114/><D130/><U91/><E91/><V129/><F120/><W90/><G62/><T26/><D114/><U60/><E31/><V19/><F129/><W117/><G117/><N who="1" m="45130" /><E76/><V61/><F118/><W7/><G30/><T48/><D12/><U112/><E74/><V45/><F29/><W85/><REACH who="3" step="1"/><G33/><REACH who="3" ten="97,269,272,352" step="2"/><T21/><D35/><U84/><E60/><V40/><F61/><W14/><G14/><T94/><D26/><U4/><E112/><V105/><F40/><W109/><G109/><T27/><D27/><U38/><E41/><V15/><F19/><W42/><G42/><T55/><D43/><U111/><E111/><V56/><F6/><W49/><G49/><T52/><D39/><U64/><E38/><V8/><REACH who="2" step="1"/><F107/><REACH who="2" ten="97,269,262,352" step="2"/><W89/><G89/><T58/><D55/><AGARI ba="0,2" hai="0,7,9,36,37,55,59,63,79,83,85,90,92,97" machi="55" ten="30,3900,0" yaku="1,1,7,1,52,1,53,0" doraHai="2" doraHaiUra="22" who="3" fromWho="0" sc="97,-39,269,0,262,0,352,59" /><INIT seed="5,0,0,5,4,71" ten="58,269,262,411" oya="1" hai0="41,32,60,56,95,30,22,87,29,127,5,131,26" hai1="88,132,123,37,64,113,38,90,83,55,28,124,82" hai2="67,2,31,92,4,121,74,58,15,17,36,39,122" hai3="45,62,80,101,47,63,86,96,133,52,42,112,27"/><U79/><E123/><V12/><F31/><W100/><G112/><T50/><D131/><U19/><E113/><V11/><F74/><W68/><G133/><T84/><D5/><U14/><E132/><V46/><F2/><W77/><G68/><T10/><D10/><U109/><E64/><V125/><F125/><W135/><G135/><T105/><D105/><U116/><E116/><V72/><F72/><W20/><G52/><T65/><D127/><U53/><E28/><V3/><F3/><W99/><G99/><T120/><D120/><U16/><E124/><V9/><F92/><N who="3" m="58375" /><G101/><T51/><D51/><U117/><E117/><V48/><F122/><W1/><G1/><T18/><D30/><U66/><E66/><V108/><F108/><W91/><G91/><T98/><D18/><U8/><E79/><V115/><F115/><W21/><G21/><T25/><D25/><U103/><E103/><V23/><F23/><W130/><G130/><T73/><D32/><U75/><E75/><V43/><REACH who="2" step="1"/><F121/><REACH who="2" ten="58,269,252,411" step="2"/><W78/><G20/><T24/><D73/><U126/><E126/><V89/><F89/><W54/><G77/><T49/><D26/><U40/><E109/><V33/><F33/><W119/><G78/><T128/><D128/><U44/><E90/><V104/><F104/><W59/><G119/><T35/><D35/><U6/><E88/><V85/><F85/><N who="0" m="32842" /><D41/><U61/><E40/><V7/><F7/><W106/><G86/><T13/><D13/><U70/><E14/><V93/><F93/><W102/><G106/><T129/><D129/><U114/><E114/><RYUUKYOKU ba="0,1" sc="58,15,269,-15,252,15,411,-15" hai0="22,24,29,49,50,56,60,65,95,98" hai2="4,9,11,12,15,17,36,39,43,46,48,58,67" /><INIT seed="6,1,1,2,3,114" ten="73,254,267,396" oya="2" hai0="49,68,43,95,83,111,84,13,127,106,101,88,129" hai1="46,56,6,119,36,98,67,96,58,41,97,85,73" hai2="77,103,63,20,62,8,82,7,110,122,89,113,28" hai3="112,76,107,125,70,19,42,1,34,116,11,48,135"/><V37/><F122/><W47/><G116/><T65/><D68/><U100/><E73/><V38/><F113/><W50/><G34/><T45/><D65/><U53/><E119/><V57/><F110/><W131/><G70/><T75/><D111/><U60/><E85/><V31/><F103/><W33/><G33/><T134/><D13/><U71/><E58/><V123/><F123/><W40/><G107/><T78/><D134/><U12/><E12/><V54/><F63/><W26/><G26/><T23/><D23/><U64/><E6/><V118/><F89/><W108/><G11/><T17/><D17/><U130/><E130/><V18/><F118/><W92/><G19/><T105/><D105/><U55/><E55/><V126/><F126/><W15/><G42/><T124/><REACH who="0" step="1"/><D129/><REACH who="0" ten="63,254,267,396" step="2"/><U29/><E67/><V2/><F31/><W59/><G15/><T61/><D61/><U51/><REACH who="1" step="1"/><E29/><REACH who="1" ten="63,244,267,396" step="2"/><V21/><F28/><W120/><G131/><T25/><D25/><U44/><E44/><V91/><F18/><W109/><G47/><T27/><D27/><U52/><E52/><V9/><F54/><W10/><G109/><T128/><D128/><U132/><E132/><V81/><F7/><W104/><G135/><T133/><D133/><U32/><E32/><V16/><F16/><W117/><G108/><T22/><D22/><U115/><E115/><V102/><F21/><W39/><G112/><T93/><D93/><AGARI ba="1,3" hai="36,41,46,51,53,56,60,64,71,93,96,97,98,100" machi="93" ten="30,12000,2" yaku="1,1,7,1,24,2,53,3" doraHai="114" doraHaiUra="94" who="1" fromWho="0" sc="63,-123,244,153,267,0,396,0" owari="-60,-56.0,397,49.7,267,-13.3,396,19.6" /></mjloggm>