<mjloggm ver="2.3"><GO type="169" lobby="0"/><UN n0="%73%61%69%63%68%61%6E%7A" n1="%6C%6E%61%69" n2="%E5%B1%B1%E6%9C%AC%E6%83%A3%E4%B8%80%E6%9C%97" n3="%74%6B%34%32" dan="17,16,17,16" rate="2145.52,2039.01,2192.06,2105.19" sx="M,M,M,M"/><TAIKYOKU oya="0"/><INIT seed="0,0,0,5,5,122" ten="250,250,250,250" oya="0" hai0="118,131,75,6,92,88,96,91,45,15,115,103,56" hai1="19,76,31,38,134,99,24,9,78,25,55,32,0" hai2="82,26,23,116,84,20,87,34,120,97,104,123,61" hai3="42,93,66,33,50,63,135,14,79,101,83,94,105"/><T110/><BYE who="3" /><D118/><U80/><E38/><V133/><F116/><W46/><G46/><T22/><D115/><U17/><E134/><V114/><F114/><W37/><G37/><T16/><D131/><U85/><E99/><V128/><F128/><W73/><G73/><T39/><D75/><U58/><E78/><V124/><F133/><W43/><G43/><T132/><D132/><U67/><E67/><V40/><F124/><W68/><G68/><T89/><D110/><U117/><E117/><V54/><F40/><W47/><G47/><T49/><D39/><U18/><E25/><V4/><F4/><W121/><G121/><T41/><D6/><U21/><E0/><V111/><F111/><W106/><G106/><T8/><D56/><U95/><E95/><V3/><F3/><W13/><G13/><T65/><D65/><U35/><REACH who="1" step="1"/><E9/><AGARI ba="0,0" hai="8,9,15,16,22,41,45,49,88,89,91,92,96,103" machi="9" ten="40,7700,0" yaku="8,1,54,2" doraHai="122" who="0" fromWho="1" sc="250,77,250,-77,250,0,250,0" /><INIT seed="0,1,0,3,5,28" ten="327,173,250,250" oya="0" hai0="3,20,11,89,115,73,32,26,120,45,52,55,33" hai1="67,86,134,7,1,80,12,42,68,59,117,96,101" hai2="70,31,74,93,111,36,46,97,123,99,22,112,21" hai3="54,88,81,53,18,0,8,25,57,27,30,103,110"/><T35/><D120/><U126/><E117/><V130/><F112/><W56/><G56/><T98/><D115/><U29/><E1/><V48/><F123/><W131/><G131/><T69/><D69/><U78/><E126/><V124/><F70/><W92/><G92/><T13/><D73/><U14/><E134/><V107/><F124/><W41/><G41/><T58/><D3/><U118/><E118/><V76/><F130/><W90/><G90/><T39/><D89/><U24/><E68/><V62/><F36/><W121/><G121/><T19/><D98/><U43/><E43/><V65/><F111/><W94/><G94/><T129/><D129/><U71/><E42/><V84/><F74/><W49/><G49/><T82/><D82/><U47/><E47/><V133/><F133/><W16/><G16/><T61/><D39/><U17/><E7/><V15/><F107/><W125/><G125/><T38/><D38/><U105/><E59/><N who="2" m="37087" /><F31/><W116/><G116/><T4/><REACH who="0" step="1"/><D45/><REACH who="0" ten="317,173,250,250" step="2"/><U106/><E71/><V64/><F99/><W109/><G109/><T119/><D119/><U63/><E96/><V87/><F97/><W2/><G2/><T91/><D91/><U135/><E135/><V37/><F46/><W60/><G60/><T79/><D79/><U85/><E63/><V95/><F76/><W50/><G50/><T100/><D100/><U23/><E101/><V40/><F48/><W5/><G5/><T9/><D9/><U102/><E102/><V83/><F37/><W77/><G77/><T104/><D104/><U128/><E106/><V10/><F83/><RYUUKYOKU ba="1,1" sc="317,30,173,-10,250,-10,250,-10" hai0="4,11,13,19,20,26,32,33,35,52,55,58,61" /><INIT seed="0,2,1,1,1,117" ten="347,163,240,240" oya="0" hai0="18,64,132,114,12,26,41,3,95,70,28,32,124" hai1="92,55,100,135,65,99,85,73,39,60,83,77,22" hai2="50,101,2,104,113,16,88,45,93,75,36,72,116" hai3="108,76,129,119,87,37,8,49,24,14,122,47,111"/><T120/><D114/><U126/><E126/><V48/><F113/><W118/><G118/><T74/><D124/><U89/><E135/><V102/><F116/><W61/><G61/><T59/><D132/><U43/><E55/><V38/><F2/><W9/><G9/><T96/><D74/><U125/><E125/><V5/><F5/><W97/><G97/><T54/><D3/><U107/><E22/><V23/><F75/><W90/><G90/><T134/><D134/><U98/><E98/><V121/><F72/><W40/><G40/><T30/><D30/><U58/><REACH who="1" step="1"/><E43/><REACH who="1" ten="347,153,240,240" step="2"/><V91/><F104/><W115/><G115/><T51/><D41/><UN n3="%74%6B%34%32" /><U130/><E130/><V13/><F121/><W128/><G129/><T106/><D120/><U110/><E110/><V27/><F102/><W112/><G128/><T33/><D106/><U52/><E52/><V86/><F101/><W123/><G111/><T29/><D33/><U15/><E15/><V4/><F13/><W133/><G14/><T69/><D64/><U0/><E0/><V31/><F23/><W53/><G108/><T25/><D26/><U68/><E68/><V66/><F27/><W57/><G24/><T20/><D29/><U63/><E63/><V21/><F66/><W11/><G123/><T71/><D70/><U82/><E82/><V10/><F21/><W105/><G122/><T56/><D59/><U81/><E81/><V35/><F31/><W6/><G119/><T7/><D96/><U103/><E103/><V80/><F35/><W67/><G133/><T79/><D32/><U42/><E42/><RYUUKYOKU ba="2,2" sc="347,-10,153,30,240,-10,240,-10" hai1="39,58,60,65,73,77,83,85,89,92,99,100,107" /><INIT seed="1,3,2,5,4,51" ten="337,183,230,230" oya="1" hai0="78,72,29,116,82,53,98,68,10,63,55,56,36" hai1="20,43,31,73,107,112,32,46,1,79,86,61,94" hai2="84,95,52,3,57,80,33,108,135,114,101,41,13" hai3="113,132,23,34,48,129,105,122,71,26,83,7,14"/><U9/><E112/><V6/><F3/><W133/><G113/><T16/><D68/><U91/><E107/><V21/><F33/><W47/><G122/><T111/><D116/><U44/><E32/><V99/><F114/><W22/><G105/><T19/><D36/><U27/><E73/><V8/><F108/><W103/><G103/><T25/><D111/><U74/><E74/><V66/><F135/><N who="3" m="51787" /><G71/><T88/><D55/><U40/><E79/><V64/><F21/><W5/><G83/><T39/><D39/><U115/><E115/><V87/><F41/><W77/><G77/><T126/><D126/><U119/><E119/><V124/><F124/><W117/><G129/><T0/><D0/><U128/><E128/><V15/><F15/><W38/><G38/><T131/><D10/><U127/><E127/><V54/><F84/><W97/><G97/><T65/><D65/><N who="2" m="25194" /><F57/><W58/><G58/><T120/><D120/><U92/><E61/><V96/><F96/><W62/><G62/><T17/><D131/><U50/><E1/><V110/><F110/><W70/><G70/><T18/><D29/><U76/><E9/><V69/><F69/><W59/><G59/><T42/><D42/><U12/><E12/><V85/><F85/><W123/><G123/><T11/><D11/><U104/><E104/><V75/><F75/><W102/><G117/><T37/><D37/><N who="1" m="21519" /><E76/><AGARI ba="3,2" hai="6,8,13,52,54,76,80,87,95,99,101" m="25194" machi="76" ten="30,7700,0" yaku="8,1,52,2,54,1" doraHai="51" who="2" fromWho="1" sc="337,0,183,-86,230,106,230,0" /><INIT seed="2,0,0,2,1,112" ten="337,97,336,230" oya="2" hai0="85,46,36,97,11,102,134,76,92,116,38,43,69" hai1="80,83,86,81,120,95,73,62,8,125,51,109,22" hai2="21,25,123,48,67,66,126,105,79,54,49,39,16" hai3="19,124,56,133,15,94,71,135,1,100,30,129,52"/><V98/><F123/><W9/><G129/><T2/><D134/><U91/><E109/><V108/><F39/><W114/><G71/><T59/><D69/><U93/><E120/><V132/><F132/><N who="3" m="50763" /><G124/><T128/><D128/><U50/><E125/><V40/><F126/><W13/><G30/><T0/><D38/><U119/><E73/><V23/><F79/><W12/><G1/><T10/><D59/><U61/><E8/><V17/><F108/><W122/><G122/><T78/><D116/><U4/><E4/><V121/><F121/><W24/><G24/><T42/><D42/><U53/><E119/><V63/><F105/><W84/><G114/><T106/><D11/><U27/><E93/><V77/><F77/><W32/><G32/><T35/><D35/><U64/><E64/><N who="2" m="24619" /><F40/><W47/><G47/><T14/><D78/><U34/><E34/><V104/><F98/><N who="3" m="59479" /><G84/><T88/><REACH who="0" step="1"/><D76/><REACH who="0" ten="327,97,336,230" step="2"/><U7/><E7/><AGARI ba="0,1" hai="0,2,7,10,14,36,43,46,85,88,92,97,102,106" machi="7" ten="30,8000,1" yaku="1,1,2,1,7,1,54,1,53,1" doraHai="112" doraHaiUra="41" who="0" fromWho="1" sc="327,90,97,-80,336,0,230,0" /><INIT seed="3,0,0,5,1,94" ten="417,17,336,230" oya="3" hai0="22,102,112,124,126,61,74,87,60,32,51,28,52" hai1="20,4,128,96,104,107,57,110,18,65,11,123,8" hai2="99,92,133,106,10,129,122,2,91,97,43,19,21" hai3="3,16,17,98,42,50,47,38,72,56,115,127,44"/><W1/><G115/><T114/><D32/><U120/><E123/><V68/><F68/><W113/><G113/><N who="0" m="43627" /><D74/><U49/><E120/><V29/><F122/><W63/><G72/><T103/><D87/><U25/><E110/><V76/><F129/><W66/><G127/><N who="0" m="48683" /><D28/><U117/><E128/><V85/><F133/><W111/><G111/><T130/><D130/><U109/><E109/><V7/><F29/><W134/><G134/><T105/><D22/><U71/><E117/><V36/><BYE who="3" /><F106/><W5/><G5/><T86/><D86/><UN n3="%74%6B%34%32" /><U70/><E11/><V9/><F76/><W131/><G131/><T48/><D48/><U35/><E35/><V116/><F9/><W39/><G1/><T80/><D80/><U12/><E104/><V100/><F100/><N who="0" m="38442" /><D105/><U30/><E30/><V125/><F116/><W90/><G3/><T64/><D64/><U118/><E118/><V0/><F0/><W75/><G75/><T53/><D53/><U55/><E107/><V45/><REACH who="2" step="1"/><F125/><REACH who="2" ten="417,17,326,230" step="2"/><W69/><G69/><T132/><D132/><U14/><E14/><AGARI ba="0,1" hai="2,7,10,14,19,21,36,43,45,85,91,92,97,99" machi="14" ten="30,12000,2" yaku="1,1,2,1,7,1,52,2,53,1" doraHai="94" doraHaiUra="13" who="2" fromWho="1" sc="417,0,17,-120,326,130,230,0" owari="417,21.7,-103,-60.3,456,55.6,230,-17.0" /></mjloggm>