<mjloggm ver="2.3"><GO type="169" lobby="0"/><UN n0="%E2%97%8E%E3%82%88%E3%81%97%E2%97%8E" n1="%6E%61%67%61%69%6D%6F" n2="%62%69%70%73%64" n3="%48%41%43%4F" dan="17,16,18,16" rate="2184.51,2124.86,2250.42,2076.67" sx="M,M,M,M"/><TAIKYOKU oya="0"/><INIT seed="0,0,0,2,5,47" ten="250,250,250,250" oya="0" hai0="3,28,106,38,117,51,33,70,8,103,19,72,49" hai1="133,118,7,111,63,84,123,101,112,96,68,119,1" hai2="17,87,109,108,37,56,35,116,15,97,79,134,61" hai3="45,16,129,105,31,60,44,20,30,130,46,58,59"/><T67/><D72/><U29/><E123/><V18/><F37/><W6/><G105/><T64/><D38/><U94/><E112/><V78/><F35/><W90/><G6/><N who="0" m="1119" /><D67/><U52/><E29/><V54/><F116/><W91/><G129/><T53/><D53/><U114/><E114/><V74/><F134/><W80/><G130/><T5/><D19/><U122/><E133/><V57/><F74/><W24/><G58/><T32/><D32/><U34/><E34/><V83/><F79/><W115/><G115/><T10/><D10/><U125/><E122/><V40/><F40/><W95/><G80/><T120/><D5/><U9/><E119/><V92/><F57/><W86/><REACH who="3" step="1"/><G90/><REACH who="3" ten="250,250,250,240" step="2"/><T131/><D131/><U82/><E118/><V21/><REACH who="2" step="1"/><F17/><REACH who="2" ten="250,250,240,240" step="2"/><W36/><G36/><T81/><D117/><U88/><E68/><V124/><F124/><W135/><G135/><T14/><D120/><U77/><E125/><V110/><F110/><W73/><G73/><T107/><D70/><U26/><E111/><V98/><F98/><W126/><G126/><T41/><D107/><U69/><E69/><V13/><F13/><W128/><G128/><T71/><D14/><U89/><E26/><V132/><F132/><W42/><G42/><T100/><D41/><U50/><REACH who="1" step="1"/><E63/><REACH who="1" ten="250,240,240,240" step="2"/><V22/><F22/><W48/><G48/><T39/><D51/><U66/><E66/><AGARI ba="0,3" hai="16,20,24,30,31,44,45,46,59,60,66,86,91,95" machi="66" ten="40,5200,0" yaku="1,1,8,1,54,1,53,0" doraHai="47" doraHaiUra="0" who="3" fromWho="1" sc="250,0,240,-52,240,0,240,82" /><INIT seed="1,0,0,1,3,61" ten="250,188,240,322" oya="1" hai0="22,65,93,101,90,99,1,117,39,3,107,88,56" hai1="106,0,110,72,133,68,12,120,46,26,18,70,7" hai2="91,122,29,129,31,6,119,79,86,87,16,13,41" hai3="40,53,30,124,25,96,75,84,28,55,125,116,115"/><U60/><E120/><V34/><F119/><W21/><G75/><T92/><D117/><U132/><E72/><V71/><F122/><W100/><G116/><T109/><D39/><U77/><E77/><V103/><F71/><W95/><G115/><T44/><D44/><U111/><E106/><V48/><F129/><W78/><G40/><T114/><D109/><N who="1" m="41483" /><E26/><V23/><F103/><W4/><G4/><T74/><D74/><U123/><E123/><V73/><F6/><W38/><G38/><T33/><D33/><U37/><E7/><V105/><F105/><W63/><G63/><T82/><D114/><U54/><E0/><V104/><F104/><W113/><G30/><T50/><D107/><U64/><E70/><V80/><F34/><W112/><G112/><T57/><D3/><U126/><E126/><N who="3" m="48746" /><G113/><T62/><D1/><U108/><N who="1" m="41491" /><U2/><DORA hai="42" /><E2/><V24/><F24/><W14/><G14/><T89/><D82/><AGARI ba="0,0" hai="21,25,28,53,55,78,82,84,95,96,100" m="48746" machi="82" ten="30,1000,0" yaku="18,1" doraHai="61,42" who="3" fromWho="0" sc="250,-10,188,0,240,0,322,10" /><INIT seed="2,0,0,0,2,102" ten="240,188,240,332" oya="2" hai0="118,47,26,134,93,19,14,114,63,121,84,25,74" hai1="91,100,80,8,71,95,108,54,125,59,28,53,113" hai2="127,46,42,56,104,21,55,98,75,35,67,76,65" hai3="13,62,79,106,103,10,90,122,133,130,123,39,96"/><V83/><F35/><W64/><G130/><T107/><D121/><U30/><E71/><V129/><F129/><W77/><G133/><T33/><D74/><U34/><E113/><V37/><F127/><W50/><G39/><T45/><D114/><U49/><E125/><V89/><F21/><W82/><G90/><T16/><D134/><U11/><E108/><V43/><F43/><W7/><G79/><T61/><D33/><U29/><E34/><V12/><F12/><W124/><G50/><T5/><D5/><U92/><E54/><V40/><F40/><W68/><REACH who="3" step="1"/><G124/><REACH who="3" ten="240,188,240,322" step="2"/><T128/><D128/><U115/><E115/><V44/><F89/><W109/><G109/><T48/><D48/><U4/><E80/><V69/><F44/><W120/><G120/><T73/><D47/><U24/><E4/><V117/><F117/><W52/><G52/><T99/><D45/><U81/><E81/><V101/><REACH who="2" step="1"/><F69/><REACH who="2" ten="240,188,230,322" step="2"/><W18/><G18/><T36/><D19/><U66/><E91/><V3/><F3/><W57/><G57/><T78/><D16/><U105/><E59/><V135/><F135/><W51/><G51/><AGARI ba="0,2" hai="37,42,46,51,55,56,65,67,75,76,83,98,101,104" machi="51" ten="30,11600,0" yaku="1,1,7,1,52,1,53,1" doraHai="102" doraHaiUra="41" who="2" fromWho="3" sc="240,0,188,0,230,136,322,-116" /><INIT seed="2,1,0,5,0,45" ten="240,188,366,206" oya="2" hai0="83,135,7,9,74,33,77,133,50,26,99,122,53" hai1="55,108,28,101,6,25,13,96,111,76,119,66,60" hai2="22,40,41,36,32,57,51,49,34,98,8,24,80" hai3="105,58,15,64,79,121,62,68,106,1,59,31,118"/><V29/><F36/><W113/><G118/><T89/><D122/><U63/><E76/><V11/><F34/><W90/><G121/><T127/><D127/><U129/><E119/><V71/><F71/><W131/><G1/><T78/><D78/><U128/><E13/><V95/><F32/><W17/><G31/><T69/><D69/><U114/><E6/><V4/><F80/><W72/><G131/><N who="1" m="50250" /><E114/><V0/><F8/><W130/><G90/><T103/><D89/><U107/><E55/><V92/><F92/><W70/><G59/><T67/><D67/><U52/><E52/><V116/><F57/><W132/><G132/><T115/><D115/><U84/><E84/><V2/><F0/><W16/><G68/><T123/><D123/><U110/><E66/><V14/><F2/><W21/><G113/><T56/><D9/><U81/><E81/><V20/><F20/><AGARI ba="1,0" hai="20,25,28,60,63,96,101,107,108,110,111" m="50250" machi="20" ten="40,2600,0" yaku="14,1,19,1" doraHai="45" who="1" fromWho="2" sc="240,0,188,29,366,-29,206,0" /><INIT seed="3,0,0,0,2,81" ten="240,217,337,206" oya="3" hai0="71,45,27,93,72,87,130,104,59,129,4,41,57" hai1="74,133,16,66,32,134,135,56,69,75,46,51,15" hai2="5,23,88,99,101,116,49,82,42,21,44,9,95" hai3="24,50,48,58,52,62,33,35,131,14,7,115,19"/><W31/><G131/><N who="0" m="50187" /><D72/><U85/><E32/><V83/><F116/><W78/><G115/><T64/><D104/><U1/><E1/><V125/><F125/><W10/><G35/><T102/><D4/><U122/><E69/><V29/><F29/><W109/><G109/><T107/><D107/><U47/><E122/><V43/><F43/><W3/><REACH who="3" step="1"/><G78/><REACH who="3" ten="240,217,337,196" step="2"/><T6/><D64/><U118/><E118/><V40/><F40/><W91/><G91/><T63/><D41/><U73/><E66/><V84/><REACH who="2" step="1"/><F82/><REACH who="2" ten="240,217,327,196" step="2"/><W55/><G55/><T80/><D80/><U39/><E135/><V36/><F36/><W12/><G12/><AGARI ba="0,2" hai="5,9,12,21,23,42,44,49,83,84,88,95,99,101" machi="12" ten="30,8000,1" yaku="1,1,7,1,8,1,52,1,54,1,53,0" doraHai="81" doraHaiUra="120" who="2" fromWho="3" sc="240,0,217,0,327,100,196,-80" /><INIT seed="4,0,0,1,1,31" ten="240,217,427,116" oya="0" hai0="64,41,6,4,57,42,9,26,106,124,62,13,96" hai1="92,16,73,129,115,34,88,53,77,99,131,25,97" hai2="132,40,59,54,108,39,21,60,125,119,15,128,117" hai3="11,46,18,82,112,43,55,17,71,48,75,38,35"/><T37/><D124/><U10/><E73/><V14/><F108/><W23/><G112/><T50/><D37/><U95/><E77/><V69/><F128/><N who="1" m="49225" /><E53/><V56/><F69/><W86/><G71/><T111/><D111/><U118/><E118/><V83/><F39/><W123/><G75/><T122/><D122/><U84/><E115/><V135/><F40/><W93/><G123/><T116/><D116/><N who="2" m="44618" /><F125/><W30/><G93/><T79/><D79/><U12/><E95/><V127/><F127/><W130/><G11/><T58/><D6/><U89/><E89/><V49/><F83/><W20/><G130/><T78/><D78/><U28/><AGARI ba="0,0" hai="10,12,16,25,28,34,84,88,92,97,99" m="49225" machi="28" ten="30,7900,0" yaku="19,1,52,1,54,2" doraHai="31" who="1" fromWho="1" sc="240,-39,217,79,427,-20,116,-20" /><INIT seed="5,0,0,2,5,36" ten="201,296,407,96" oya="1" hai0="9,58,20,79,133,87,112,15,3,49,31,78,57" hai1="21,61,48,83,47,10,24,40,38,34,75,30,130" hai2="113,125,67,100,95,59,122,25,16,55,35,64,108" hai3="60,2,93,101,28,96,68,70,135,26,42,80,19"/><U74/><E130/><V102/><F108/><W43/><G135/><T51/><D3/><U94/><E38/><V5/><F122/><W110/><G110/><T62/><D112/><U131/><E131/><V132/><F5/><W115/><G115/><T1/><D1/><U45/><E45/><V69/><F69/><W14/><G2/><T4/><D133/><U29/><E10/><V66/><F113/><W84/><G60/><T126/><D126/><U41/><E34/><V52/><F132/><W99/><G99/><T0/><D0/><U119/><E119/><V44/><F125/><W103/><G103/><N who="2" m="39465" /><F35/><W105/><G68/><T109/><D58/><U18/><E75/><V76/><F76/><N who="0" m="29226" /><D87/><U116/><E116/><V12/><F25/><W11/><G70/><T111/><D109/><U85/><E74/><V27/><F27/><W121/><G121/><T120/><D120/><U22/><E94/><V118/><F118/><W7/><G7/><T72/><D72/><U50/><E61/><N who="2" m="36071" /><F95/><W128/><G105/><T17/><D111/><U33/><E33/><V46/><F55/><W6/><G6/><T73/><D73/><U37/><E30/><V114/><F114/><W56/><G56/><T104/><D104/><U63/><E63/><V90/><F90/><N who="3" m="51463" /><G128/><T86/><D31/><U106/><E106/><V124/><F124/><W39/><G39/><T54/><D86/><U123/><E123/><V92/><F92/><W8/><G26/><N who="0" m="14607" /><D4/><U98/><E37/><V23/><AGARI ba="0,0" hai="12,16,23,44,46,64,66,67" m="36071,39465" machi="23" ten="30,4000,0" yaku="8,1,54,2" doraHai="36" who="2" fromWho="2" sc="201,-10,296,-20,407,40,96,-10" /><INIT seed="6,0,0,5,0,29" ten="191,276,447,86" oya="2" hai0="71,69,7,88,116,110,72,85,94,4,52,35,70" hai1="129,114,117,55,74,118,36,34,87,39,16,19,80" hai2="50,115,78,76,66,37,51,112,64,77,6,79,86" hai3="122,57,21,25,63,49,30,120,102,111,59,121,47"/><V22/><F37/><W8/><G111/><T68/><D110/><U127/><E74/><V92/><F6/><W113/><G102/><T98/><D116/><U42/><E42/><V135/><F22/><W53/><G8/><T106/><D72/><U119/><E114/><V125/><F76/><W60/><G113/><N who="2" m="43593" /><F135/><W97/><G97/><T107/><D35/><U20/><E129/><V26/><F26/><W48/><REACH who="3" step="1"/><G47/><REACH who="3" ten="191,276,447,76" step="2"/><T93/><D106/><U24/><E119/><V1/><F86/><W46/><G46/><T14/><D107/><U12/><E118/><V99/><F99/><W18/><G18/><T56/><D14/><U84/><E84/><V81/><F1/><W45/><G45/><T101/><N who="0" m="17408" /><DORA hai="15" /><T62/><AGARI ba="0,1" hai="4,7,52,56,62,85,88,93,94,98,101" m="17408" machi="62" ten="60,8000,1" yaku="4,1,0,1,54,2" doraHai="29,15" who="0" fromWho="0" sc="191,90,276,-20,447,-40,76,-20" /><INIT seed="7,0,0,5,3,89" ten="281,256,407,56" oya="3" hai0="134,111,31,27,96,34,39,47,20,76,22,9,99" hai1="53,62,5,56,100,110,79,119,113,40,17,124,41" hai2="116,6,26,51,120,21,132,109,4,114,108,48,93" hai3="80,131,32,67,98,128,135,87,129,102,29,66,115"/><W2/><G2/><T11/><D111/><U45/><E110/><V77/><F116/><W123/><G115/><T58/><D134/><U65/><E113/><V18/><F132/><W57/><G135/><T63/><D76/><U92/><E119/><V101/><F109/><W37/><G123/><T54/><D34/><U44/><E5/><V43/><F108/><W121/><G121/><T23/><D39/><U130/><E79/><V97/><F120/><W60/><G37/><T72/><D72/><U12/><E130/><V16/><F114/><W3/><G3/><T112/><D112/><U74/><E74/><V42/><F77/><W49/><G49/><N who="2" m="19017" /><F18/><W95/><G29/><T94/><D47/><N who="1" m="17995" /><E65/><V14/><F4/><W25/><G25/><T105/><D105/><U125/><E125/><V84/><F84/><W0/><G0/><T81/><D81/><U126/><E126/><V38/><F38/><W8/><G8/><AGARI ba="0,0" hai="6,8,14,16,21,26,42,43,93,97,101" m="19017" machi="8" ten="30,3900,0" yaku="8,1,52,1,54,1" doraHai="89" who="2" fromWho="3" sc="281,0,256,0,407,39,56,-39" owari="281,8.1,256,-14.4,446,54.6,17,-48.3" /></mjloggm>