<mjloggm ver="2.3"><GO type="169" lobby="0"/><UN n0="%E3%82%82%E3%82%8A%E3%82%8A%E3%82%93%E3%82%82%E3%82%8A%E3%82%82%E3%82%8A" n1="%6E%61%67%61%69%6D%6F" n2="%E6%81%8B%E3%81%AE%E3%81%86%E3%81%9F" n3="%73%69%65%72%61%34%30%31" dan="16,16,17,17" rate="2072.91,2145.32,2214.77,2255.49" sx="M,M,M,F"/><TAIKYOKU oya="0"/><INIT seed="0,0,0,3,1,76" ten="250,250,250,250" oya="0" hai0="5,122,3,130,102,24,71,117,89,44,50,19,21" hai1="131,52,18,135,34,58,69,113,13,68,79,70,35" hai2="98,22,63,83,110,116,14,128,134,81,60,32,108" hai3="75,6,46,77,82,30,37,1,107,47,42,100,125"/><T41/><D122/><U103/><E135/><V90/><F32/><W88/><G125/><T85/><D117/><U80/><E103/><V61/><F134/><W87/><G30/><T57/><D71/><U115/><E131/><V45/><F128/><W121/><G121/><T64/><D102/><U65/><E65/><V126/><F126/><W38/><G46/><T96/><D96/><U72/><E13/><V2/><F2/><W124/><G124/><T120/><D120/><U7/><E7/><V94/><F116/><W23/><G23/><T31/><D31/><U48/><REACH who="1" step="1"/><E18/><REACH who="1" ten="250,240,250,250" step="2"/><N who="2" m="10583" /><F45/><W36/><G100/><T84/><D130/><U33/><AGARI ba="0,1" hai="33,34,35,48,52,58,68,69,70,72,79,80,113,115" machi="33" ten="40,8000,1" yaku="1,1,0,1,52,1,54,1,53,0" doraHai="76" doraHaiUra="132" who="1" fromWho="1" sc="250,-40,240,90,250,-20,250,-20" /><INIT seed="1,0,0,1,5,115" ten="210,330,230,230" oya="1" hai0="20,16,88,35,41,89,52,12,124,18,104,61,21" hai1="29,33,126,73,45,117,106,112,67,110,62,64,77" hai2="75,60,102,50,107,108,31,97,28,9,70,56,54" hai3="11,96,13,49,94,58,34,80,68,57,135,131,90"/><U74/><E112/><V17/><F75/><W92/><G68/><T93/><D35/><U10/><E106/><V43/><F108/><W83/><G34/><T134/><D134/><U72/><E77/><V85/><F43/><W48/><G131/><T114/><D114/><U6/><E110/><V1/><F85/><W38/><G38/><T116/><D116/><U25/><E126/><V2/><F17/><W55/><G135/><T127/><D41/><U122/><E122/><V42/><F9/><W129/><G129/><T59/><D104/><U15/><E117/><V40/><F40/><W24/><G24/><T132/><D132/><U81/><E45/><V32/><F31/><W30/><G30/><T27/><REACH who="0" step="1"/><D89/><REACH who="0" ten="200,330,230,230" step="2"/><U53/><E33/><V36/><F42/><W119/><G119/><T87/><AGARI ba="0,1" hai="12,16,18,20,21,27,52,59,61,87,88,93,124,127" machi="87" ten="30,12000,2" yaku="1,1,2,1,0,1,54,3,53,1" doraHai="115" doraHaiUra="23" who="0" fromWho="0" sc="200,130,330,-60,230,-30,230,-30" /><INIT seed="2,0,0,4,0,12" ten="330,270,200,200" oya="2" hai0="19,41,57,5,102,91,6,8,134,25,56,88,110" hai1="55,121,40,39,119,77,83,115,128,72,66,52,61" hai2="44,2,124,94,59,23,32,13,74,101,111,125,37" hai3="127,18,54,82,46,78,130,34,100,51,53,36,106"/><V33/><F74/><W114/><G127/><N who="2" m="48713" /><F2/><W65/><G130/><T22/><D134/><U70/><E128/><V31/><F59/><W71/><G114/><T103/><D41/><U117/><E115/><V35/><F101/><N who="0" m="38410" /><D110/><U112/><E112/><V132/><F94/><W11/><G34/><T95/><D8/><U42/><E121/><V86/><F86/><W20/><G11/><T47/><D47/><U105/><E105/><V21/><F44/><W0/><G36/><T90/><D95/><U49/><E55/><V15/><F37/><W30/><G30/><T63/><D57/><N who="1" m="32911" /><E42/><V26/><F132/><W68/><G0/><T122/><D122/><U79/><E79/><V75/><F75/><W4/><G54/><AGARI ba="0,0" hai="5,6,19,22,25,54,56,63,88,90,91" m="38410" machi="54" ten="30,3900,0" yaku="8,1,52,1,54,1" doraHai="12" who="0" fromWho="3" sc="330,39,270,0,200,0,200,-39" /><INIT seed="3,0,0,5,3,80" ten="369,270,200,161" oya="3" hai0="81,31,83,131,5,65,74,63,104,4,82,37,26" hai1="106,90,79,50,14,10,51,42,69,98,39,128,23" hai2="93,89,24,60,100,99,111,28,16,7,59,15,114" hai3="133,75,116,9,18,25,87,85,129,41,105,132,88"/><W47/><G116/><T44/><D104/><U125/><E69/><V84/><F111/><W64/><G75/><T110/><D110/><U124/><E79/><V40/><F114/><W45/><G105/><T112/><D112/><U57/><E39/><V54/><F40/><W55/><G64/><T73/><D131/><U6/><E128/><V91/><F7/><W17/><G129/><T113/><D113/><U86/><E23/><V20/><REACH who="2" step="1"/><F84/><REACH who="2" ten="369,270,190,161" step="2"/><N who="3" m="32331" /><G41/><T62/><D74/><U12/><E42/><V61/><F61/><W117/><G117/><T22/><D63/><U48/><E125/><V121/><F121/><W27/><G132/><T30/><D5/><U35/><E124/><V92/><F92/><W95/><G133/><T36/><D4/><U120/><E120/><V3/><F3/><W77/><G77/><T46/><D73/><U134/><E134/><V33/><AGARI ba="0,1" hai="15,16,20,24,28,33,54,59,60,89,91,93,99,100" machi="33" ten="20,8000,1" yaku="1,1,0,1,7,1,54,1,53,1" doraHai="80" doraHaiUra="97" who="2" fromWho="2" sc="369,-20,270,-20,190,90,161,-40" /><INIT seed="4,0,0,4,2,0" ten="349,250,280,121" oya="0" hai0="104,34,77,27,11,129,8,76,4,88,24,107,57" hai1="51,37,19,53,98,61,5,58,28,31,115,112,49" hai2="86,23,96,116,118,3,106,43,67,131,33,130,79" hai3="108,100,39,65,94,135,132,128,25,66,90,32,95"/><T14/><D107/><U55/><E37/><V35/><F67/><W2/><G39/><T15/><D104/><U41/><E98/><V105/><F23/><W120/><G108/><T26/><D34/><N who="2" m="12810" /><F3/><W45/><G2/><T110/><D110/><U119/><E19/><V7/><F43/><W30/><G45/><T17/><D129/><N who="2" m="49162" /><F86/><W121/><G128/><T134/><D134/><N who="3" m="51241" /><G100/><T109/><D109/><U114/><E119/><N who="2" m="45611" /><F79/><W44/><G66/><T54/><REACH who="0" step="1"/><D88/><REACH who="0" ten="339,250,280,121" step="2"/><U48/><E41/><V81/><F106/><W46/><G90/><T72/><D72/><U52/><E5/><V47/><F7/><W50/><G32/><T92/><D92/><U111/><E111/><V125/><F105/><W60/><G94/><T85/><D85/><U93/><E93/><V70/><F96/><W21/><G95/><T80/><D80/><U89/><E89/><V42/><F81/><W40/><G121/><T6/><D6/><U102/><E102/><V97/><F97/><W20/><G120/><T83/><D83/><U84/><E84/><V38/><F125/><W13/><G40/><T1/><D1/><U18/><E18/><V113/><F42/><W91/><G91/><T124/><D124/><U73/><E73/><V99/><F99/><W64/><G30/><AGARI ba="0,1" hai="28,30,31,48,49,51,52,53,55,58,61,112,114,115" machi="30" ten="50,6400,0" yaku="15,1,11,1,54,1" doraHai="0" who="1" fromWho="3" sc="339,0,250,74,280,0,121,-64" /><INIT seed="5,0,0,1,0,57" ten="339,324,280,57" oya="1" hai0="48,93,103,44,0,11,85,62,121,132,16,83,102" hai1="133,29,107,6,99,86,8,46,116,32,117,98,131" hai2="22,26,134,34,72,122,30,91,126,4,18,56,104" hai3="73,119,65,51,50,15,54,78,130,92,60,90,75"/><U14/><E133/><V79/><F122/><W66/><G130/><T55/><D132/><U64/><E131/><V87/><F134/><W5/><G119/><T67/><D121/><U114/><E114/><V63/><F104/><W27/><G65/><T21/><D93/><U81/><E32/><V39/><F39/><W127/><G127/><T84/><D11/><U123/><E29/><V43/><F43/><W135/><G135/><T41/><D0/><U76/><E123/><V12/><F72/><W124/><G124/><T120/><D120/><U61/><E46/><V20/><F79/><W49/><G54/><T19/><D41/><U71/><REACH who="1" step="1"/><E98/><REACH who="1" ten="339,314,280,57" step="2"/><V111/><F126/><W13/><G73/><T95/><D44/><U37/><E37/><V45/><F45/><W77/><G75/><T35/><D35/><U10/><E10/><V110/><F34/><W74/><G74/><T109/><D21/><U47/><E47/><V3/><F3/><W53/><G77/><T70/><D109/><U112/><E112/><V101/><F111/><W36/><G78/><T42/><D42/><U96/><E96/><V80/><F110/><W7/><G36/><T97/><D84/><U59/><E59/><V100/><REACH who="2" step="1"/><F4/><REACH who="2" ten="339,314,270,57" step="2"/><W2/><G5/><T108/><D108/><U105/><E105/><V82/><F82/><W118/><G7/><T17/><D83/><U128/><E128/><V1/><F1/><W125/><G2/><T89/><D97/><U31/><E31/><V129/><F129/><W69/><G125/><T33/><D33/><U28/><E28/><V52/><AGARI ba="0,2" hai="12,18,20,22,26,30,52,56,63,80,87,91,100,101" machi="52" ten="20,12000,2" yaku="1,1,5,1,0,1,7,1,8,1,52,1,54,1,53,0" doraHai="57" doraHaiUra="106" who="2" fromWho="2" sc="339,-30,314,-60,270,140,57,-30" /><INIT seed="6,0,0,0,1,91" ten="309,254,410,27" oya="2" hai0="85,23,60,67,16,51,71,86,132,61,15,37,41" hai1="9,65,38,28,12,135,77,0,43,108,45,48,63" hai2="6,70,14,95,10,8,125,73,22,99,25,3,17" hai3="72,69,88,39,130,122,20,80,33,83,44,94,100"/><V79/><F70/><W102/><G122/><T90/><D132/><U98/><E135/><V120/><F125/><W97/><G33/><T82/><D37/><U68/><E108/><V114/><F114/><W105/><G69/><T104/><D104/><U131/><E131/><V117/><F117/><W56/><G130/><T113/><D113/><U87/><E0/><V50/><F79/><N who="3" m="44135" /><G56/><T26/><D61/><U84/><E28/><V101/><F73/><W127/><G44/><T81/><D51/><U128/><E128/><V109/><F109/><W52/><G52/><T36/><D36/><U55/><E98/><V106/><F120/><W34/><G20/><T66/><D66/><U53/><E77/><V121/><F121/><W27/><G27/><T118/><D118/><U35/><E35/><V19/><F50/><W119/><G34/><T1/><D1/><U24/><E24/><V54/><F54/><W59/><G59/><T46/><D46/><U112/><E55/><V133/><F133/><W2/><G2/><T64/><D64/><U32/><E32/><V115/><F115/><W31/><G39/><T123/><D123/><U116/><E116/><V110/><F110/><W75/><G119/><T89/><D41/><U7/><E112/><V129/><F129/><W30/><G127/><T18/><REACH who="0" step="1"/><D15/><REACH who="0" ten="299,254,410,27" step="2"/><U124/><REACH who="1" step="1"/><E124/><REACH who="1" ten="299,244,410,27" step="2"/><V103/><F3/><W78/><G105/><T29/><AGARI ba="0,2" hai="16,18,23,26,29,60,67,71,81,82,85,86,89,90" machi="29" ten="20,12000,2" yaku="1,1,2,1,0,1,7,1,9,1,54,1,53,0" doraHai="91" doraHaiUra="4" who="0" fromWho="0" sc="299,140,244,-30,410,-60,27,-30" owari="439,53.9,214,-18.6,350,15.0,-3,-50.3" /></mjloggm>