<mjloggm ver="2.3"><GO type="225" lobby="0"/><UN n0="%E3%82%BC%E3%83%AB%E3%83%80%E3%81%AE%E4%BC%9D%E8%AA%AC" n1="%70%68%65%6E%6F%6D%65" n2="%E3%83%96%E3%83%83%E3%83%91%E3%82%AA%E3%83%96%E3%83%81%E3%82%AD%E3%83%B3" n3="%4E%6F%2E%30%30%30%31" dan="17,16,16,18" rate="2141.46,2182.93,2126.65,2214.56" sx="M,M,M,M"/><TAIKYOKU oya="0"/><INIT seed="0,0,0,0,5,4" ten="250,250,250,250" oya="0" hai0="116,0,28,18,77,51,48,118,16,90,98,17,30" hai1="45,82,100,119,114,93,99,34,5,31,64,46,134" hai2="103,97,58,107,111,120,44,27,75,109,54,91,130" hai3="131,69,41,135,133,12,40,95,89,3,57,49,72"/><T56/><D0/><U108/><E119/><V60/><F120/><W117/><G117/><T112/><D112/><U88/><E114/><V29/><F75/><W113/><G113/><T42/><D118/><U21/><E108/><V37/><F130/><W61/><G3/><T59/><D116/><U2/><E34/><V104/><F104/><W39/><G72/><T26/><D77/><U124/><E124/><V123/><F123/><W52/><G131/><T15/><D15/><U125/><E125/><V35/><REACH who="2" step="1"/><F91/><REACH who="2" ten="250,250,240,250" step="2"/><W7/><G133/><T70/><D70/><U101/><E134/><V47/><F47/><N who="3" m="27711" /><G69/><T68/><D68/><U13/><E46/><V85/><F85/><N who="3" m="52655" /><G135/><T10/><D90/><U96/><E45/><V43/><AGARI ba="0,1" hai="27,29,35,37,43,44,54,58,60,97,103,107,109,111" machi="43" ten="30,2000,0" yaku="1,1,0,1,53,0" doraHai="4" doraHaiUra="19" who="2" fromWho="2" sc="250,-10,250,-5,240,30,250,-5" /><INIT seed="1,0,0,4,3,70" ten="240,245,270,245" oya="1" hai0="53,91,29,48,84,12,108,85,76,52,82,55,119" hai1="71,46,26,125,68,121,50,27,129,130,127,58,39" hai2="132,120,74,134,59,51,126,116,1,4,64,89,77" hai3="80,79,6,100,94,72,34,38,42,92,62,0,57"/><U54/><E27/><V112/><F116/><W105/><G34/><T65/><D108/><U73/><E73/><V21/><F120/><W133/><G133/><N who="2" m="51305" /><F126/><N who="1" m="48137" /><E26/><V93/><F112/><W69/><G69/><N who="1" m="26698" /><E121/><V9/><F21/><W114/><G114/><T103/><D119/><U13/><E13/><V24/><F24/><W102/><G105/><T88/><D29/><U7/><E7/><V22/><F22/><W43/><G102/><T110/><D110/><U128/><E39/><V41/><F64/><W87/><G100/><T31/><D65/><U67/><E67/><V123/><F123/><W81/><G38/><T63/><D31/><U25/><E25/><V111/><F111/><W131/><G6/><T32/><D32/><U40/><E58/><V118/><F118/><W36/><G0/><T107/><D63/><U75/><E75/><V83/><F59/><W98/><G36/><T66/><D66/><U135/><E135/><V122/><F122/><W5/><G5/><T113/><D113/><U78/><E78/><V17/><F17/><W101/><G79/><T30/><D30/><U56/><E56/><V47/><F89/><N who="0" m="34378" /><D12/><U95/><E95/><AGARI ba="0,0" hai="1,4,9,41,47,51,74,77,83,93,95" m="51305" machi="95" ten="30,1000,0" yaku="20,1" doraHai="70" who="2" fromWho="1" sc="240,0,245,-10,270,10,245,0" /><INIT seed="2,0,0,5,2,43" ten="240,235,280,245" oya="2" hai0="54,117,115,77,92,44,35,78,31,7,84,27,50" hai1="120,23,56,15,69,60,103,2,110,29,9,66,123" hai2="1,16,52,111,38,64,88,127,59,61,102,62,5" hai3="20,57,68,71,121,13,87,33,131,90,11,91,130"/><V3/><F127/><W81/><G121/><T80/><D115/><U114/><E114/><V135/><F135/><W45/><G33/><T0/><D117/><U96/><E110/><V67/><F102/><W76/><G20/><T46/><D92/><U82/><E69/><V112/><F112/><W93/><G57/><T107/><D107/><U18/><E82/><V30/><F30/><W36/><G91/><T124/><D124/><U85/><E85/><V14/><F38/><W75/><G36/><T119/><D119/><U129/><E129/><N who="3" m="49162" /><G45/><T134/><D134/><U55/><E55/><V26/><F111/><W37/><G37/><T86/><D46/><U73/><E73/><V113/><F113/><W19/><AGARI ba="0,0" hai="11,13,19,68,71,75,76,81,87,90,93" m="49162" machi="19" ten="30,1100,0" yaku="19,1" doraHai="43" who="3" fromWho="3" sc="240,-3,235,-3,280,-5,245,11" /><INIT seed="3,0,0,0,0,66" ten="237,232,275,256" oya="3" hai0="17,87,77,36,94,135,18,78,65,2,41,103,109" hai1="128,127,53,100,116,51,93,8,35,25,96,132,133" hai2="59,89,60,98,129,20,84,97,79,134,90,16,58" hai3="111,30,5,39,29,57,125,119,46,80,115,123,104"/><W3/><G115/><T72/><D2/><U44/><E127/><V28/><F129/><W6/><G119/><T75/><D65/><U45/><E128/><V92/><F134/><N who="1" m="51817" /><E116/><V120/><F120/><W131/><G123/><T48/><D135/><U42/><E8/><V118/><F118/><W27/><G131/><T12/><D36/><N who="1" m="21575" /><E25/><N who="2" m="14471" /><F28/><W107/><G125/><T113/><D113/><U47/><E47/><V102/><F98/><W19/><G46/><T82/><D109/><U14/><E14/><V4/><F4/><W49/><G39/><T91/><D41/><U106/><E35/><V70/><F70/><W108/><G5/><T37/><D37/><U40/><E40/><V69/><F69/><W54/><G6/><T21/><D48/><U55/><E53/><N who="2" m="33871" /><F59/><W124/><G124/><T83/><D18/><U31/><E31/><N who="3" m="11786" /><G3/><T33/><D103/><U32/><E32/><AGARI ba="0,0" hai="12,17,21,32,33,72,75,77,78,82,83,87,91,94" machi="32" ten="40,1300,0" yaku="9,1" doraHai="66" who="0" fromWho="1" sc="237,13,232,-13,275,0,256,0" /><INIT seed="4,0,0,2,0,117" ten="250,219,275,256" oya="0" hai0="77,67,29,8,59,80,118,86,87,73,51,2,84" hai1="100,104,9,53,82,71,95,16,61,63,81,24,83" hai2="90,58,20,126,52,68,55,79,35,6,98,57,106" hai3="113,11,103,43,46,36,123,75,119,128,37,72,34"/><T76/><D118/><U132/><E132/><V38/><F35/><W28/><G119/><T40/><D29/><U105/><E53/><N who="2" m="20555" /><F38/><W7/><G113/><T85/><D77/><U122/><E122/><V41/><F68/><W115/><G115/><T66/><D73/><U129/><E129/><V30/><F106/><W127/><G128/><T22/><D2/><U45/><E45/><V69/><F69/><W99/><G36/><T33/><D33/><U49/><E49/><V14/><F126/><W107/><G127/><T32/><D32/><U94/><E104/><V125/><F79/><W121/><G72/><T56/><D8/><U135/><E135/><V93/><F125/><W110/><G75/><T70/><D22/><N who="1" m="13383" /><E71/><V27/><F41/><W31/><G110/><T109/><D109/><U116/><E116/><V91/><F90/><W97/><G97/><T39/><D39/><U74/><E105/><V88/><F91/><W48/><G48/><T114/><D114/><U1/><E74/><V131/><F131/><W120/><G34/><T62/><D67/><U4/><E100/><V23/><F23/><W25/><G25/><T13/><D13/><AGARI ba="0,0" hai="7,11,13,28,31,37,43,46,99,103,107,120,121,123" machi="13" ten="40,8000,1" yaku="13,1,52,3" doraHai="117" who="3" fromWho="0" sc="250,-80,219,0,275,0,256,80" owari="170,-33.0,219,-18.1,275,7.5,336,43.6" /></mjloggm>