<mjloggm ver="2.3"><GO type="169" lobby="0"/><UN n0="%6D%61%74%74%75%61%6E" n1="%E5%8B%98%E5%BC%81%E3%81%97%E3%81%A6%E3%82%88" n2="%6D%6F%75%77" n3="%E3%81%8A%E3%81%98%E3%81%95%E3%82%93" dan="18,17,16,17" rate="2262.35,2217.08,2121.07,2217.86" sx="M,M,M,M"/><TAIKYOKU oya="0"/><INIT seed="0,0,0,4,5,12" ten="250,250,250,250" oya="0" hai0="69,16,48,134,30,112,97,56,77,27,135,70,95" hai1="123,74,132,62,65,26,93,14,129,79,36,54,58" hai2="4,23,110,37,20,128,121,2,119,72,126,115,133" hai3="6,116,50,114,51,64,71,3,47,55,82,10,87"/><T22/><D112/><U96/><E123/><V89/><RYUUKYOKU type="yao9" ba="0,0" sc="250,0,250,0,250,0,250,0" hai2="2,4,20,23,37,72,89,110,115,119,121,126,128,133" /><INIT seed="0,1,0,5,3,79" ten="250,250,250,250" oya="0" hai0="92,32,56,33,14,93,1,80,128,132,99,78,74" hai1="112,77,10,96,122,97,27,120,11,110,55,40,88" hai2="52,2,119,70,39,126,75,123,18,81,89,86,67" hai3="117,104,63,131,9,103,29,20,109,13,76,106,24"/><T95/><D1/><U98/><E40/><V25/><F39/><W4/><G117/><T121/><D121/><U85/><E110/><V30/><F2/><W3/><G109/><T101/><D132/><U61/><E112/><V19/><F123/><W58/><G131/><T57/><D128/><U133/><E133/><V91/><F75/><W66/><G76/><T0/><D0/><U43/><E43/><V6/><F6/><W28/><G28/><T64/><D14/><U107/><E107/><V72/><F72/><W5/><G5/><T60/><REACH who="0" step="1"/><D57/><REACH who="0" ten="240,250,250,250" step="2"/><N who="1" m="35007" /><E122/><V54/><F119/><W90/><G103/><T34/><AGARI ba="1,1" hai="32,33,34,56,60,64,74,78,80,92,93,95,99,101" machi="34" ten="30,11700,0" yaku="1,1,0,1,52,1,53,1" doraHai="79" doraHaiUra="105" who="0" fromWho="0" sc="240,130,250,-40,250,-40,250,-40" /><INIT seed="0,2,0,3,3,66" ten="370,210,210,210" oya="0" hai0="18,85,114,20,52,29,16,43,91,89,45,113,35" hai1="60,15,63,31,127,107,64,53,72,128,4,71,0" hai2="47,112,103,74,92,56,37,44,36,80,130,106,28" hai3="135,34,87,102,110,8,108,125,48,129,119,10,83"/><T126/><D126/><U40/><E72/><V58/><F106/><W27/><G119/><T30/><D43/><U84/><E0/><V32/><F74/><W9/><G125/><T101/><D101/><U94/><E107/><V68/><F80/><W123/><G129/><T75/><D75/><U79/><E127/><V59/><F92/><W116/><G116/><T121/><D121/><U38/><E31/><V90/><F90/><W105/><G123/><T98/><D35/><U21/><E128/><V82/><F82/><W61/><G135/><T23/><D114/><U5/><E79/><V81/><F81/><W22/><G34/><T115/><D115/><U50/><E63/><V118/><F28/><W12/><G12/><N who="0" m="9223" /><D98/><U25/><E15/><V13/><F13/><W39/><G39/><T2/><D91/><U24/><E24/><V77/><F77/><N who="3" m="46575" /><G102/><T3/><D3/><U120/><E120/><V67/><F103/><W131/><G105/><T78/><D78/><U55/><E40/><V46/><F32/><W65/><G131/><T122/><D2/><U124/><E38/><N who="2" m="14955" /><F130/><W93/><G8/><T99/><D99/><U42/><E124/><V109/><F118/><W14/><G9/><T26/><D122/><U88/><E4/><V97/><F97/><W76/><G76/><T41/><D41/><U117/><E5/><V96/><F96/><W69/><G10/><T6/><D113/><U95/><E117/><V100/><F100/><W51/><G14/><T57/><D6/><U49/><E95/><V1/><F1/><W17/><G93/><N who="0" m="54447" /><D45/><N who="2" m="11522" /><V62/><DORA hai="7" /><F112/><RYUUKYOKU ba="2,0" sc="370,10,210,-30,210,10,210,10" hai0="18,23,26,29,30,52,57" hai2="56,58,59,62,67,68,109" hai3="17,22,27,48,51,61,65,69,108,110" /><INIT seed="0,3,0,4,4,18" ten="380,180,220,220" oya="0" hai0="20,30,40,104,115,70,64,71,49,73,59,89,42" hai1="62,4,43,93,5,3,2,9,118,67,58,121,127" hai2="55,16,12,116,113,76,68,34,65,31,72,38,1" hai3="47,101,125,131,92,107,108,117,35,45,80,19,106"/><T17/><D115/><U54/><E118/><V7/><F38/><W69/><G69/><T135/><D73/><U129/><E121/><V78/><F72/><W15/><G35/><T124/><D104/><U98/><E127/><V57/><F113/><W84/><G117/><T61/><D124/><U114/><E129/><V111/><F111/><W128/><G125/><T36/><D135/><U97/><E114/><V48/><F116/><W94/><G108/><T23/><D36/><U75/><E75/><V123/><F123/><W88/><G47/><T60/><D49/><U96/><E43/><V90/><F65/><W56/><G56/><T103/><D103/><U6/><E93/><N who="3" m="35946" /><G45/><T119/><D89/><U8/><REACH who="1" step="1"/><E5/><REACH who="1" ten="380,170,220,220" step="2"/><V102/><F7/><W39/><G101/><T29/><D119/><U133/><E133/><V86/><F102/><W105/><G105/><T83/><D83/><U37/><E37/><V82/><F68/><W132/><G39/><T52/><D71/><U77/><E77/><V28/><F76/><W66/><G132/><T24/><REACH who="0" step="1"/><D30/><REACH who="0" ten="370,170,220,220" step="2"/><U74/><E74/><V10/><F31/><W46/><G107/><T51/><D51/><U112/><E112/><V99/><F28/><W134/><G106/><T110/><D110/><U33/><E33/><V85/><F34/><W126/><G134/><T79/><D79/><U25/><E25/><AGARI ba="3,2" hai="17,20,23,24,25,29,40,42,52,59,60,61,64,70" machi="25" ten="30,12000,1" yaku="1,1,7,1,52,2,54,1,53,0" doraHai="18" doraHaiUra="100" who="0" fromWho="1" sc="370,149,170,-129,220,0,220,0" /><INIT seed="0,4,0,2,2,69" ten="519,41,220,220" oya="0" hai0="115,100,49,46,123,74,22,27,15,114,16,37,51" hai1="104,78,112,41,135,129,2,119,45,62,14,134,83" hai2="133,43,93,117,77,76,9,92,26,109,120,121,125" hai3="106,25,82,126,130,111,84,89,12,32,124,110,1"/><T56/><D123/><U96/><E2/><V53/><F9/><W58/><G1/><T86/><D74/><U67/><E119/><V0/><F26/><W11/><G106/><T55/><D37/><N who="1" m="21679" /><E14/><V94/><F53/><W30/><G58/><T122/><D122/><U4/><E4/><V80/><F43/><W10/><G130/><T68/><D68/><N who="1" m="42103" /><E129/><V18/><F18/><W64/><G64/><T101/><D101/><N who="1" m="62503" /><E112/><V97/><F0/><W116/><G116/><T33/><D100/><U48/><E48/><V3/><F3/><W19/><REACH who="3" step="1"/><G11/><REACH who="3" ten="519,41,220,210" step="2"/><T71/><D71/><U81/><E78/><V47/><F76/><W42/><G42/><T70/><D70/><U132/><AGARI ba="4,1" hai="81,83,132,134,135" m="62503,42103,21679" machi="132" ten="30,2000,0" yaku="20,1,52,1" doraHai="69" who="1" fromWho="1" sc="519,-14,41,42,220,-9,210,-9" /><INIT seed="1,0,0,1,5,126" ten="505,83,211,201" oya="1" hai0="32,28,94,46,65,98,109,13,93,128,69,95,57" hai1="42,99,22,75,38,47,5,19,23,8,20,113,0" hai2="21,130,52,59,10,79,17,56,49,27,111,119,73" hai3="120,78,68,63,114,62,134,48,14,135,12,117,85"/><U72/><E113/><V6/><F119/><W104/><G114/><T53/><D109/><U15/><REACH who="1" step="1"/><E99/><REACH who="1" ten="505,73,211,201" step="2"/><V87/><F111/><W29/><G117/><T31/><D98/><U61/><E61/><V2/><F73/><AGARI ba="0,1" hai="0,5,8,15,19,20,22,23,38,42,47,72,73,75" machi="73" ten="40,2000,0" yaku="1,1,53,0" doraHai="126" doraHaiUra="131" who="1" fromWho="2" sc="505,0,73,30,211,-20,201,0" /><INIT seed="1,1,0,1,4,60" ten="505,103,191,201" oya="1" hai0="53,115,68,12,52,94,133,101,86,37,35,16,25" hai1="71,55,91,50,34,77,74,95,9,113,87,108,18" hai2="2,40,11,96,45,5,73,117,70,46,14,93,106" hai3="51,28,49,61,24,134,0,19,62,56,104,21,112"/><U89/><E113/><V123/><F117/><W29/><G112/><T66/><D115/><U57/><E71/><V58/><F70/><W119/><G104/><T76/><D37/><U81/><E34/><V121/><F106/><W23/><G0/><T30/><D133/><U111/><E9/><V4/><F73/><W43/><G134/><T105/><D76/><U116/><E116/><V84/><F46/><W83/><G119/><T3/><D3/><U65/><E18/><V41/><F41/><W48/><G43/><T125/><D125/><U99/><REACH who="1" step="1"/><E65/><REACH who="1" ten="505,93,191,201" step="2"/><V78/><F11/><W17/><G83/><AGARI ba="1,1" hai="50,55,57,74,77,81,83,87,89,91,95,99,108,111" machi="83" ten="40,3900,0" yaku="1,1,2,1,53,0" doraHai="60" doraHaiUra="10" who="1" fromWho="3" sc="505,0,93,52,191,0,201,-42" /><INIT seed="1,2,0,1,0,12" ten="505,145,191,159" oya="1" hai0="3,2,110,18,66,14,31,9,129,100,122,119,25" hai1="42,96,29,4,38,102,16,131,26,126,62,24,87" hai2="43,55,123,109,73,120,63,45,99,46,114,47,1" hai3="103,51,121,89,13,95,108,105,112,111,70,72,82"/><U0/><E0/><V130/><F73/><W97/><G70/><T92/><D119/><U17/><E4/><V35/><F35/><W33/><G33/><T77/><D110/><N who="3" m="42025" /><G51/><T19/><D129/><U40/><E38/><V11/><F43/><N who="1" m="16425" /><E131/><V128/><F99/><N who="3" m="61695" /><G13/><T84/><D122/><N who="2" m="46634" /><F11/><W135/><G121/><T134/><D134/><U132/><E126/><V107/><F107/><W44/><G44/><T20/><D66/><U117/><E117/><V61/><F1/><W86/><G112/><T91/><D77/><U74/><E74/><V104/><F104/><W34/><G34/><T106/><D100/><U81/><E132/><V93/><F93/><W90/><G135/><T21/><D106/><U52/><E96/><V5/><F5/><W28/><G28/><T101/><D101/><U58/><E102/><V124/><F109/><W56/><G56/><T57/><D57/><U6/><E6/><V125/><F114/><W78/><G90/><T15/><AGARI ba="2,0" hai="2,3,9,14,15,18,19,20,21,25,31,84,91,92" machi="15" ten="20,5200,0" yaku="0,1,7,1,52,2" doraHai="12" who="0" fromWho="0" sc="505,58,145,-28,191,-15,159,-15" /><INIT seed="2,0,0,1,3,100" ten="563,117,176,144" oya="2" hai0="111,108,11,113,123,95,76,65,10,133,7,125,86" hai1="33,9,116,45,131,130,104,102,97,106,132,13,84" hai2="22,52,71,32,119,41,1,3,23,30,0,127,56" hai3="46,31,66,89,85,126,47,122,21,58,24,135,101"/><V120/><F71/><W40/><G126/><T77/><D123/><U14/><E33/><V82/><F120/><W26/><G135/><T48/><D113/><U17/><E116/><V83/><F119/><W99/><G122/><T98/><D125/><U94/><E132/><V68/><F68/><W20/><G66/><T2/><D133/><U16/><E45/><V74/><F127/><W15/><G15/><T87/><D65/><U38/><E38/><V50/><F41/><W12/><G12/><T79/><D11/><U124/><E124/><V105/><F105/><W103/><G58/><T61/><D48/><U91/><REACH who="1" step="1"/><E106/><REACH who="1" ten="563,107,176,144" step="2"/><V8/><F32/><W78/><G47/><T118/><D118/><U35/><E35/><V44/><F44/><W36/><G78/><T117/><D117/><U37/><E37/><V114/><F114/><W121/><G121/><T90/><D111/><U57/><E57/><V34/><F34/><W88/><G99/><T109/><D108/><U19/><E19/><V59/><F30/><W55/><G55/><T39/><D39/><U96/><E96/><V67/><F52/><W73/><G36/><T129/><D109/><U107/><E107/><V92/><F59/><W5/><G46/><T53/><D129/><U28/><E28/><V110/><F110/><W6/><G40/><T60/><D53/><U75/><E75/><V25/><F56/><W51/><G73/><T27/><D61/><U54/><E54/><V128/><F74/><W72/><G72/><T62/><D62/><U49/><E49/><V81/><F128/><W18/><G51/><RYUUKYOKU ba="0,1" sc="563,-10,107,30,176,-10,144,-10" hai1="9,13,14,16,17,84,91,94,97,102,104,130,131" /><INIT seed="3,1,1,3,0,20" ten="553,137,166,134" oya="3" hai0="115,94,88,16,31,118,10,72,67,24,133,102,131" hai1="98,27,83,101,64,91,6,4,110,49,129,54,105" hai2="90,128,57,106,55,121,127,58,17,92,123,9,63" hai3="87,52,125,135,80,25,114,36,77,37,134,89,95"/><W74/><G114/><T62/><D118/><U11/><E110/><V12/><F106/><W14/><G125/><T41/><D72/><U61/><E129/><V111/><F111/><W112/><G112/><T53/><D115/><U59/><E11/><V40/><F40/><W8/><G25/><T76/><D131/><U100/><E100/><V33/><F33/><W69/><G69/><T73/><D133/><N who="3" m="50697" /><G52/><T39/><D102/><U5/><E91/><V85/><F128/><W75/><G75/><T46/><D53/><U99/><E99/><V32/><F32/><W122/><G122/><T3/><D3/><U107/><E83/><V86/><F127/><W104/><G104/><T44/><D44/><U79/><E79/><V116/><F116/><W48/><G48/><T19/><D10/><U51/><E107/><V1/><F58/><W70/><G70/><T93/><D93/><U103/><E103/><V26/><F1/><W96/><G74/><T82/><D62/><U34/><REACH who="1" step="1"/><E54/><REACH who="1" ten="553,127,166,134" step="2"/><V56/><F123/><W81/><G81/><T126/><D126/><U30/><AGARI ba="1,2" hai="4,5,6,27,30,34,49,51,59,61,64,98,101,105" machi="30" ten="30,7900,0" yaku="1,1,2,1,0,1,52,1,53,0" doraHai="20" doraHaiUra="124" who="1" fromWho="1" sc="553,-21,127,102,166,-21,134,-40" /><INIT seed="4,0,0,2,1,49" ten="532,229,145,94" oya="0" hai0="84,0,132,108,14,120,11,92,9,83,102,53,59" hai1="34,28,31,104,76,96,121,87,100,68,32,44,23" hai2="71,88,21,61,70,95,115,52,72,62,94,77,56" hai3="69,35,117,110,130,8,55,107,43,111,54,10,133"/><T127/><D120/><U50/><E68/><V73/><F115/><W89/><G69/><T113/><D113/><U119/><E119/><V47/><F71/><W85/><G35/><T63/><D127/><U40/><E121/><V93/><F77/><W125/><G107/><T24/><D132/><U48/><E23/><V112/><F112/><W82/><G117/><T65/><D108/><U20/><E20/><V128/><F128/><W12/><G130/><T29/><D0/><U16/><E16/><V106/><F106/><W33/><G33/><T45/><D92/><U134/><E134/><V6/><F88/><W17/><G133/><T37/><D102/><U114/><E114/><V13/><F47/><W99/><G125/><T7/><D11/><U75/><E75/><V1/><F1/><W18/><G43/><T60/><D37/><U74/><E74/><V51/><F51/><W36/><G36/><T97/><D45/><U19/><E34/><V126/><F126/><W64/><G64/><T22/><D97/><U57/><E19/><V98/><F98/><W27/><G99/><T25/><D25/><U26/><E31/><V116/><F116/><W118/><G118/><T103/><D103/><U129/><E129/><V101/><F101/><W81/><G27/><T39/><D39/><U4/><E104/><V79/><F21/><W86/><G89/><N who="0" m="51359" /><D65/><U30/><E96/><V123/><F123/><W58/><G58/><T2/><D2/><U46/><E57/><V5/><F79/><W105/><G105/><T131/><D131/><U42/><E100/><V109/><F70/><RYUUKYOKU ba="0,0" sc="532,15,229,-15,145,-15,94,15" hai0="7,9,14,22,24,29,53,59,60,63" hai3="8,10,12,17,18,54,55,81,82,85,86,110,111" /><INIT seed="4,1,0,4,4,26" ten="547,214,130,109" oya="0" hai0="31,44,79,82,81,66,61,59,130,67,41,3,117" hai1="16,34,121,49,114,84,131,68,93,32,135,46,126" hai2="15,98,57,73,118,71,29,104,50,120,10,12,56" hai3="14,105,100,95,25,91,116,1,38,53,51,76,110"/><T47/><D117/><U64/><E121/><V83/><F71/><W89/><G1/><T124/><D3/><U6/><E6/><V107/><F120/><W72/><G116/><T112/><D112/><U37/><E37/><V125/><F125/><W87/><G38/><T75/><D124/><U5/><E5/><V96/><F118/><W99/><G110/><T101/><D130/><U43/><E126/><V60/><F73/><W22/><G14/><T133/><D133/><U7/><E7/><V129/><F83/><W8/><G8/><T77/><D101/><U21/><E131/><V97/><F129/><W40/><G40/><T19/><D19/><U65/><E135/><V24/><F50/><W115/><G115/><T52/><D31/><U39/><E39/><V9/><F15/><W13/><G13/><T27/><D27/><N who="1" m="14759" /><E34/><V23/><F57/><W85/><G76/><T54/><D54/><U4/><E4/><V48/><F48/><W36/><G72/><T11/><D11/><U119/><E32/><V30/><F9/><W70/><G70/><T94/><D94/><U106/><E106/><V88/><F107/><W17/><G36/><N who="0" m="21543" /><D47/><U102/><E119/><V80/><F104/><W128/><G128/><T42/><D42/><U122/><E114/><V35/><F35/><W20/><G20/><T90/><D79/><U109/><E122/><V108/><F23/><W58/><REACH who="3" step="1"/><G105/><REACH who="3" ten="547,214,130,99" step="2"/><T123/><D123/><U62/><E109/><V132/><F108/><W18/><G18/><T103/><D75/><U0/><E0/><V127/><F127/><W111/><G111/><RYUUKYOKU ba="1,1" sc="547,-10,214,-10,130,-10,99,30" hai3="17,22,25,51,53,58,85,87,89,91,95,99,100" /><INIT seed="5,2,1,5,5,99" ten="537,204,120,129" oya="1" hai0="114,84,46,101,133,60,94,102,116,8,17,62,19" hai1="134,130,100,74,36,22,87,15,9,86,71,61,110" hai2="64,70,115,24,89,111,37,41,27,47,35,66,123" hai3="82,77,128,126,97,31,78,59,58,39,98,55,34"/><U3/><E74/><V113/><F35/><W13/><G39/><T124/><D116/><U69/><E36/><V40/><F123/><W67/><G126/><T85/><D124/><U76/><E130/><V68/><F37/><W65/><G128/><T14/><D114/><N who="2" m="43530" /><F47/><W118/><G118/><T45/><D133/><U32/><E32/><V75/><F75/><W90/><G34/><T81/><D94/><U120/><E134/><V83/><F83/><W57/><G31/><T96/><D96/><N who="3" m="36969" /><G55/><T56/><D19/><U43/><E110/><V92/><F92/><W28/><G28/><T6/><D62/><U63/><E120/><V106/><F89/><W38/><G13/><T25/><D85/><U4/><E76/><N who="3" m="29290" /><G38/><T73/><D73/><U54/><E54/><V16/><F106/><W0/><G0/><T121/><D121/><U20/><E15/><V53/><F53/><W93/><G93/><T23/><D46/><U72/><E72/><V79/><F79/><W21/><G21/><T26/><D45/><U117/><E117/><V125/><F125/><W103/><G103/><N who="0" m="39435" /><D26/><N who="2" m="9770" /><F111/><W5/><G82/><T51/><D81/><U49/><E100/><V29/><F29/><W127/><G127/><T105/><D105/><U30/><E30/><V129/><F129/><W10/><G90/><T91/><D91/><U80/><E80/><V52/><F52/><W12/><AGARI ba="2,1" hai="5,10,12,57,58,59,65,67" m="29290,36969" machi="12" ten="30,1100,0" yaku="8,1" doraHai="99" who="3" fromWho="3" sc="537,-5,204,-7,120,-5,129,27" /><INIT seed="6,0,0,0,1,101" ten="532,197,115,156" oya="2" hai0="113,25,21,71,102,16,35,58,104,54,49,61,62" hai1="95,11,33,106,90,132,118,6,65,28,69,85,82" hai2="129,75,10,40,93,77,79,125,19,3,98,12,60" hai3="127,70,87,56,4,99,109,18,57,111,91,134,24"/><V122/><F122/><W63/><G70/><T53/><D113/><U0/><E118/><V72/><F3/><W5/><G127/><T27/><D104/><U50/><E132/><V73/><F125/><W68/><G68/><T59/><D102/><U124/><E124/><V133/><F133/><W78/><G134/><T66/><D35/><U97/><E106/><V92/><F129/><W26/><G111/><T123/><D123/><U89/><E33/><V96/><F40/><W13/><G99/><T1/><D1/><U116/><E28/><V107/><F107/><W41/><G78/><T44/><D71/><U67/><E69/><V131/><F131/><W112/><G41/><T119/><D119/><U31/><E31/><V39/><F39/><W23/><G57/><T38/><D38/><U103/><E116/><V15/><F60/><W43/><G43/><T8/><D8/><U120/><E120/><V81/><F77/><W117/><G109/><T115/><D115/><U46/><E90/><V20/><F98/><W7/><G112/><T76/><D76/><U55/><AGARI ba="0,0" hai="0,6,11,46,50,55,65,67,82,85,89,95,97,103" machi="55" ten="20,1500,0" yaku="0,1,7,1" doraHai="101" who="1" fromWho="1" sc="532,-4,197,15,115,-7,156,-4" /><INIT seed="7,0,0,5,1,5" ten="528,212,108,152" oya="3" hai0="30,66,107,80,106,12,8,86,133,54,6,37,38" hai1="116,94,121,105,31,87,123,45,9,44,104,11,78" hai2="55,35,24,27,14,117,75,115,40,70,82,42,96" hai3="98,125,48,53,89,51,46,18,17,28,71,135,72"/><W126/><G72/><T122/><D122/><U127/><E31/><V22/><F115/><W61/><G28/><T4/><D66/><U67/><E67/><V20/><F117/><W108/><G108/><T100/><D133/><U64/><E64/><V129/><F129/><W85/><G135/><T68/><D68/><U47/><E78/><V95/><F70/><W39/><G39/><T113/><D113/><U19/><E19/><V131/><F131/><W15/><G98/><T36/><D100/><U91/><E127/><V112/><F35/><W120/><G120/><T16/><D30/><U65/><E65/><V110/><F110/><W21/><G61/><T33/><D33/><U63/><E63/><V2/><F2/><W114/><G71/><T60/><D107/><U49/><E49/><V26/><F82/><W32/><G32/><T52/><D106/><U76/><E45/><V43/><F75/><W102/><G102/><T23/><D6/><U130/><E116/><V88/><F112/><W79/><G79/><T92/><D92/><U134/><E94/><V101/><F14/><W25/><G51/><T0/><REACH who="0" step="1"/><D60/><REACH who="0" ten="518,212,108,152" step="2"/><U77/><E134/><V7/><F7/><W58/><G114/><T124/><D124/><U111/><E130/><V83/><REACH who="2" step="1"/><F55/><REACH who="2" ten="518,212,98,152" step="2"/><W62/><G126/><T118/><D118/><U73/><E111/><V13/><F13/><W29/><G125/><T109/><D109/><U10/><E121/><V128/><F128/><W59/><G15/><T57/><D57/><U103/><E123/><V1/><F1/><W74/><G58/><T41/><D41/><RYUUKYOKU ba="0,2" sc="518,15,212,-15,98,15,152,-15" hai0="0,4,8,12,16,23,36,37,38,52,54,80,86" hai2="20,22,24,26,27,40,42,43,83,88,95,96,101" owari="553,65.3,197,-0.3,113,-38.7,137,-26.3" /></mjloggm>