<mjloggm ver="2.3"><GO type="169" lobby="0"/><UN n0="%E8%99%9A%E6%B7%B5%E7%8E%84" n1="%63%78%79%74%6D%6C" n2="%E5%B0%8F%E4%B8%89%E5%85%83%E5%8D%97%E5%8D%98%E9%A8%8E" n3="%E3%83%8F%E3%82%BB%E3%81%B9" dan="17,16,16,16" rate="2220.32,2215.17,2107.26,2032.92" sx="M,M,M,M"/><TAIKYOKU oya="0"/><INIT seed="0,0,0,4,5,22" ten="250,250,250,250" oya="0" hai0="135,39,92,86,2,98,97,131,46,47,71,54,103" hai1="14,49,133,90,43,3,128,10,76,33,30,51,91" hai2="80,125,24,104,53,17,6,41,134,9,130,21,63" hai3="12,7,126,100,75,13,35,117,85,16,60,15,94"/><T112/><D112/><U44/><E128/><V79/><F125/><W108/><G117/><T96/><D2/><U5/><E133/><V115/><F134/><W38/><G38/><T72/><D72/><U101/><E101/><V73/><F130/><W31/><G75/><T122/><D122/><U116/><E116/><V74/><F115/><W69/><G126/><T34/><D71/><U77/><E3/><V19/><F104/><W28/><G7/><T123/><D123/><U52/><E33/><V61/><F74/><W40/><G40/><T83/><D34/><U95/><E30/><V84/><F73/><W106/><G31/><T132/><D131/><U70/><E70/><V50/><F19/><W1/><G94/><T88/><D135/><U105/><E91/><V110/><F110/><W11/><G85/><T18/><D132/><U107/><E107/><V25/><F25/><N who="3" m="18831" /><G108/><T23/><D39/><U99/><REACH who="1" step="1"/><E105/><REACH who="1" ten="250,240,250,250" step="2"/><V32/><F32/><W120/><G1/><T121/><D121/><U48/><E48/><V129/><F129/><W8/><G120/><T36/><D36/><U57/><AGARI ba="0,1" hai="5,10,14,43,44,49,51,52,57,76,77,90,95,99" machi="57" ten="20,12000,2" yaku="1,1,0,1,7,1,8,1,54,1,53,1" doraHai="22" doraHaiUra="89" who="1" fromWho="1" sc="250,-60,240,130,250,-30,250,-30" /><INIT seed="1,0,0,3,2,91" ten="190,370,220,220" oya="1" hai0="122,55,89,14,61,29,121,24,84,25,95,128,39" hai1="62,134,34,133,51,87,76,20,123,2,79,13,65" hai2="73,44,113,19,132,125,98,17,7,27,5,85,35" hai3="118,81,1,67,126,23,45,30,80,18,94,106,49"/><U57/><E123/><N who="0" m="47113" /><D39/><U75/><E2/><V33/><F73/><W47/><G106/><T96/><D128/><U68/><E34/><V82/><F44/><W46/><G1/><T11/><D29/><U88/><E75/><V108/><F108/><W50/><G30/><T102/><D55/><N who="1" m="31999" /><E13/><V97/><F85/><W8/><G67/><T116/><D61/><U101/><E101/><V93/><F82/><N who="3" m="31851" /><G8/><T135/><D135/><N who="1" m="51723" /><E20/><V43/><F132/><W86/><G126/><T3/><D116/><U112/><E112/><V58/><F125/><W120/><G118/><T119/><D3/><U10/><E10/><V104/><F113/><W16/><G120/><T26/><D119/><U117/><E117/><V127/><F127/><W70/><G70/><T83/><D25/><U59/><E68/><V64/><F27/><N who="3" m="14823" /><G18/><AGARI ba="0,0" hai="11,14,18,24,26,83,84,89,95,96,102" m="47113" machi="18" ten="30,2000,0" yaku="13,1,52,1" doraHai="91" who="0" fromWho="3" sc="190,20,370,0,220,0,220,-20" /><INIT seed="2,0,0,0,1,96" ten="210,370,220,200" oya="2" hai0="25,46,83,122,68,64,12,17,19,60,54,111,39" hai1="23,30,75,133,85,70,66,49,56,2,11,20,47" hai2="24,77,67,33,76,38,78,117,37,45,86,94,102" hai3="103,72,51,124,41,91,92,35,116,44,87,10,5"/><V31/><F117/><W97/><G116/><T132/><D122/><U95/><E75/><V0/><F0/><W93/><G124/><T4/><D111/><U36/><E133/><V40/><F67/><W128/><G128/><T101/><D132/><U121/><E70/><V61/><F61/><W43/><G72/><T52/><D4/><U14/><E2/><V48/><REACH who="2" step="1"/><F86/><REACH who="2" ten="210,370,210,200" step="2"/><W63/><G63/><T34/><D60/><U112/><E66/><V134/><F134/><W27/><G35/><T3/><D64/><U73/><E85/><V125/><F125/><W105/><G27/><T108/><D25/><U59/><E121/><V42/><F42/><W81/><REACH who="3" step="1"/><G43/><REACH who="3" ten="210,370,210,190" step="2"/><T131/><D34/><U21/><E73/><V135/><F135/><W90/><G90/><T55/><D131/><U123/><E123/><V9/><F9/><W26/><G26/><T57/><D108/><U82/><E11/><V118/><F118/><W119/><G119/><T7/><D54/><U32/><E32/><V126/><F126/><W106/><G106/><T80/><D55/><U113/><E23/><V74/><F74/><W22/><G22/><T110/><D52/><U109/><E21/><V71/><F71/><W114/><G114/><T69/><D68/><U1/><E20/><V98/><AGARI ba="0,2" hai="24,31,33,37,38,40,45,48,76,77,78,94,98,102" machi="98" ten="30,6000,0" yaku="1,1,0,1,52,1,53,0" doraHai="96" doraHaiUra="100" who="2" fromWho="2" sc="210,-20,370,-20,210,80,190,-20" /><INIT seed="2,1,0,3,5,113" ten="190,350,290,170" oya="2" hai0="75,13,68,39,18,78,103,40,102,19,100,106,51" hai1="92,26,42,49,34,109,43,47,55,46,48,50,71" hai2="99,129,81,62,74,80,1,123,133,125,95,104,112" hai3="130,3,118,54,31,41,66,22,135,24,126,122,61"/><V93/><F1/><W134/><G3/><T89/><D68/><U28/><E109/><V15/><F112/><W120/><G41/><T16/><D39/><U115/><E115/><V96/><F15/><W131/><G54/><T73/><D106/><U127/><E71/><V90/><F62/><W116/><G66/><T27/><D78/><U25/><E127/><V121/><F125/><W5/><G5/><T64/><D64/><U114/><E114/><V67/><F67/><W35/><G22/><T23/><D89/><U10/><E26/><V107/><F90/><W88/><G61/><T44/><REACH who="0" step="1"/><D13/><REACH who="0" ten="180,350,290,170" step="2"/><U0/><E0/><V119/><F74/><AGARI ba="1,1" hai="16,18,19,23,27,40,44,51,73,74,75,100,102,103" machi="74" ten="40,5200,0" yaku="1,1,2,1,54,1,53,0" doraHai="113" doraHaiUra="82" who="0" fromWho="2" sc="180,65,350,0,290,-55,170,0" /><INIT seed="3,0,0,0,0,128" ten="245,350,235,170" oya="3" hai0="4,29,124,101,126,33,50,22,94,125,133,47,16" hai1="81,87,106,92,66,72,75,1,131,11,61,129,23" hai2="67,60,95,21,45,85,31,119,132,12,10,99,115" hai3="32,6,91,108,19,14,118,121,20,96,0,71,116"/><W113/><G71/><T28/><D4/><U97/><E23/><V62/><F115/><W63/><G121/><T46/><D33/><U100/><E11/><V43/><F119/><W40/><G113/><T42/><D133/><U83/><E1/><V130/><F130/><N who="1" m="49673" /><E61/><V38/><F85/><W2/><G40/><T88/><D101/><U104/><E66/><V69/><F31/><W80/><G32/><T79/><D79/><N who="1" m="44263" /><E75/><V112/><F112/><W76/><G91/><AGARI ba="0,0" hai="83,87,91,92,97,100,104,106" m="44263,49673" machi="91" ten="30,3900,0" yaku="19,1,34,2" doraHai="128" who="1" fromWho="3" sc="245,0,350,39,235,0,170,-39" /><INIT seed="4,0,0,3,2,114" ten="245,389,235,131" oya="0" hai0="1,86,60,2,71,6,135,116,118,46,83,8,108" hai1="40,133,100,91,48,19,53,30,127,33,111,98,41" hai2="34,120,87,107,125,74,45,21,79,26,11,122,37" hai3="112,32,4,23,38,22,18,82,62,13,66,106,124"/><T14/><D135/><U15/><E111/><V64/><F125/><W113/><G32/><T36/><D108/><U129/><E127/><V51/><F107/><W101/><G124/><T132/><D132/><U117/><E129/><V90/><F74/><W105/><G38/><T104/><D104/><U134/><E91/><V3/><F79/><W75/><G4/><T59/><D71/><U80/><E80/><V99/><F99/><W103/><G23/><T94/><D94/><U68/><E68/><V70/><F37/><W110/><G110/><T24/><D24/><U81/><E81/><V95/><F34/><W10/><G22/><T77/><D46/><U92/><E134/><V16/><F3/><W109/><G109/><T123/><D123/><U44/><E117/><V67/><F11/><W7/><G7/><T52/><REACH who="0" step="1"/><D36/><REACH who="0" ten="235,389,235,131" step="2"/><U131/><E133/><V27/><F27/><W121/><G121/><T43/><D43/><U89/><E41/><V0/><F70/><N who="3" m="42327" /><G106/><T96/><D96/><U54/><E40/><V56/><F122/><W85/><G105/><T72/><D72/><U12/><E92/><V69/><F120/><W31/><G75/><T29/><D29/><U65/><E30/><V88/><F69/><W128/><G31/><T5/><D5/><U17/><E98/><V58/><F95/><W130/><G128/><T42/><D42/><U76/><E19/><V55/><F16/><W73/><G73/><T119/><AGARI ba="0,1" hai="1,2,6,8,14,52,59,60,77,83,86,116,118,119" machi="119" ten="30,18000,2" yaku="1,1,0,1,52,3,54,1,53,0" doraHai="114" doraHaiUra="102" who="0" fromWho="0" sc="235,190,389,-60,235,-60,131,-60" /><INIT seed="4,1,0,1,2,61" ten="425,329,175,71" oya="0" hai0="134,128,25,1,21,87,75,26,22,44,9,114,104" hai1="68,56,109,40,102,111,55,4,107,13,133,66,18" hai2="89,79,81,126,103,125,112,96,69,90,29,14,98" hai3="135,110,117,49,131,74,71,28,84,7,32,46,27"/><T47/><D75/><U50/><E4/><V39/><F39/><W100/><G74/><T85/><D104/><U53/><E107/><N who="2" m="63975" /><F29/><W94/><G110/><T65/><D114/><U5/><E102/><V24/><F24/><W82/><G117/><T45/><D128/><U33/><E5/><V58/><F69/><W127/><G131/><T113/><D113/><U92/><E33/><V12/><F58/><W78/><G135/><T97/><D97/><U16/><E133/><V2/><F2/><W62/><G7/><T36/><D36/><U105/><E105/><V129/><F129/><W91/><G127/><N who="2" m="48649" /><F112/><W64/><G100/><T19/><D134/><U52/><E18/><V95/><F90/><W121/><G121/><T72/><D1/><U132/><E132/><V60/><F60/><W101/><G101/><T34/><D34/><U83/><E68/><V20/><F20/><W30/><G28/><T76/><D21/><U88/><E50/><V86/><AGARI ba="1,0" hai="12,14,79,81,86,89,95,98" m="48649,63975" machi="86" ten="30,1100,0" yaku="18,1" doraHai="61" who="2" fromWho="2" sc="425,-6,329,-4,175,14,71,-4" /><INIT seed="5,0,0,2,3,57" ten="419,325,189,67" oya="1" hai0="131,73,8,102,97,114,81,60,124,120,72,39,32" hai1="74,49,10,107,9,31,33,69,95,29,84,98,79" hai2="86,129,26,135,105,121,50,78,20,11,48,100,112" hai3="133,89,23,116,115,90,92,43,21,45,76,24,126"/><U104/><E69/><V63/><F121/><W66/><G115/><T71/><D39/><U64/><E64/><V77/><F135/><W36/><G133/><T30/><D8/><U16/><E74/><V88/><F129/><W108/><G108/><T54/><D124/><U94/><E33/><V127/><F127/><W1/><G126/><T132/><D81/><U67/><E67/><V110/><F110/><W87/><G1/><T122/><D114/><U46/><E107/><V109/><F109/><W103/><G116/><T37/><D37/><U85/><E104/><V117/><F117/><W128/><G128/><T68/><D132/><U38/><E38/><V51/><F11/><W6/><G6/><T93/><D71/><U25/><E10/><V125/><F112/><W35/><G76/><T99/><D99/><U119/><E119/><V2/><F2/><W5/><G5/><T106/><D93/><U52/><E95/><V96/><F63/><W17/><G103/><T12/><D12/><N who="1" m="7183" /><E25/><V113/><F113/><W61/><G90/><T123/><D131/><U75/><E75/><V27/><F27/><W42/><G42/><T130/><D130/><U82/><E85/><V14/><F14/><W134/><G134/><T80/><D80/><U55/><E55/><V56/><F125/><W70/><REACH who="3" step="1"/><G23/><REACH who="3" ten="419,325,189,57" step="2"/><T83/><D123/><U53/><E53/><N who="2" m="31783" /><F77/><W0/><G0/><T18/><D122/><U19/><E19/><N who="2" m="12575" /><F78/><W40/><G40/><T13/><D120/><U65/><E65/><V118/><F118/><W58/><G58/><N who="0" m="34903" /><D68/><U15/><E15/><V22/><F22/><RYUUKYOKU ba="0,1" sc="419,-30,325,10,189,10,57,10" hai1="29,31,46,49,52,79,82,84,94,98" hai2="50,51,86,88,96,100,105" hai3="17,21,24,35,36,43,45,61,66,70,87,89,92" /><INIT seed="5,1,1,0,2,102" ten="389,335,199,67" oya="1" hai0="119,47,50,53,40,74,48,67,62,83,131,86,126" hai1="19,104,98,92,22,81,79,18,122,52,73,111,103" hai2="132,112,11,88,72,99,4,65,68,38,15,121,24" hai3="36,64,2,127,95,130,3,128,5,123,107,26,17"/><U46/><E122/><V71/><F121/><W7/><G36/><T41/><D74/><U89/><E111/><V63/><F132/><W115/><G64/><T117/><D86/><N who="1" m="52279" /><E22/><V43/><F72/><W75/><G75/><T113/><D83/><U37/><E37/><V57/><F112/><W90/><G123/><T16/><D16/><U96/><E96/><V85/><F99/><W78/><G78/><T76/><D76/><U45/><E45/><V6/><F6/><W31/><G115/><T25/><D25/><U23/><E23/><V100/><F100/><W44/><G17/><T66/><D113/><U58/><E46/><V49/><F38/><W14/><G44/><N who="0" m="25607" /><D119/><U60/><AGARI ba="1,1" hai="18,19,52,58,60,73,79,81,98,103,104" m="52279" machi="60" ten="30,6000,0" yaku="24,1,52,1,54,1" doraHai="102" who="1" fromWho="1" sc="389,-21,335,73,199,-21,67,-21" /><INIT seed="5,2,0,4,1,112" ten="368,408,178,46" oya="1" hai0="22,109,60,30,91,99,66,47,126,134,87,9,10" hai1="11,68,77,51,44,79,72,54,63,132,114,0,25" hai2="135,24,8,48,46,118,122,27,1,58,37,90,119" hai3="92,129,65,39,4,29,56,3,5,38,108,98,70"/><U41/><E114/><V133/><F122/><W23/><G108/><T88/><D109/><U115/><E115/><V34/><F37/><W42/><G70/><T101/><D134/><N who="2" m="51210" /><F58/><W131/><G3/><T104/><D126/><U18/><E72/><V107/><F107/><W89/><G56/><T75/><D75/><U35/><E132/><V36/><F36/><W12/><G65/><T111/><D91/><U128/><E128/><V85/><F8/><W32/><G32/><T78/><D78/><U84/><E35/><V45/><F1/><W20/><G42/><T26/><D47/><N who="2" m="17930" /><F48/><W127/><G127/><T57/><REACH who="0" step="1"/><D111/><REACH who="0" ten="358,408,178,46" step="2"/><U13/><E79/><V96/><F96/><W123/><G123/><T62/><D62/><U110/><E110/><V43/><F43/><W69/><G131/><T17/><D17/><U14/><E41/><V33/><F33/><W106/><G129/><T55/><D55/><U2/><E77/><V52/><F52/><W76/><G76/><T113/><D113/><U61/><E61/><V124/><F124/><W117/><G98/><T59/><D59/><U103/><E63/><V82/><F34/><W28/><G69/><T95/><AGARI ba="2,1" hai="9,10,22,26,30,57,60,66,87,88,95,99,101,104" machi="95" ten="20,5200,0" yaku="1,1,0,1,7,1,54,1,53,0" doraHai="112" doraHaiUra="116" who="0" fromWho="0" sc="358,68,408,-28,178,-15,46,-15" /><INIT seed="6,0,0,3,3,99" ten="426,380,163,31" oya="2" hai0="53,30,43,102,129,12,96,104,7,3,37,51,108" hai1="90,131,89,15,65,119,61,73,105,71,92,135,16" hai2="118,31,38,124,82,14,127,94,50,68,28,21,84" hai3="111,93,45,48,125,117,57,91,33,86,76,63,134"/><V112/><F38/><W113/><G111/><T4/><D108/><U34/><E119/><V13/><F118/><W8/><G117/><T123/><D123/><U44/><E105/><V87/><F68/><W75/><G33/><T22/><D3/><U39/><E131/><V100/><F50/><W110/><G110/><T20/><D43/><U23/><E135/><V25/><F112/><W40/><G134/><T5/><D37/><U83/><E34/><V17/><F127/><W49/><G125/><T62/><D62/><U42/><REACH who="1" step="1"/><E92/><REACH who="1" ten="426,370,163,31" step="2"/><V95/><F124/><W18/><G113/><T24/><D129/><U58/><E58/><V78/><F95/><W26/><G75/><T70/><D70/><U67/><E67/><V19/><F25/><W133/><G133/><T32/><REACH who="0" step="1"/><D12/><REACH who="0" ten="416,370,163,31" step="2"/><U107/><E107/><V27/><F14/><W77/><G49/><T79/><D79/><AGARI ba="0,2" hai="15,16,23,39,42,44,61,65,71,73,79,83,89,90" machi="79" ten="40,5200,0" yaku="1,1,54,1,53,1" doraHai="99" doraHaiUra="106" who="1" fromWho="0" sc="416,-52,370,72,163,0,31,0" /><INIT seed="7,0,0,3,2,121" ten="364,442,163,31" oya="3" hai0="131,120,116,118,91,46,134,40,61,49,55,82,102" hai1="45,8,126,130,34,47,60,86,57,3,69,9,106" hai2="0,6,52,99,2,44,10,48,78,59,79,111,90" hai3="31,87,18,107,108,97,100,26,7,85,76,54,16"/><W80/><G7/><T51/><D102/><U38/><E106/><V123/><F111/><W13/><G54/><T11/><D91/><U89/><E69/><V25/><F123/><W98/><G108/><T50/><D82/><U73/><E73/><V125/><F2/><W109/><G109/><T84/><D84/><U36/><E34/><V129/><F129/><W17/><G87/><T71/><D11/><U65/><E130/><V21/><F125/><W58/><G58/><T127/><D131/><U23/><E126/><V103/><F90/><W22/><REACH who="3" step="1"/><G98/><REACH who="3" ten="364,442,163,21" step="2"/><T42/><D127/><U110/><E110/><V19/><F59/><W135/><G135/><T95/><D134/><U15/><E86/><V81/><F81/><W37/><G37/><T88/><D120/><U105/><E38/><V119/><F119/><W29/><G29/><T122/><D122/><U113/><E36/><V43/><F52/><W24/><G24/><T96/><D118/><U63/><E57/><V20/><F20/><AGARI ba="0,1" hai="13,16,17,18,20,22,26,31,76,80,85,97,100,107" machi="20" ten="30,5800,0" yaku="1,1,7,1,54,1,53,0" doraHai="121" doraHaiUra="32" who="3" fromWho="2" sc="364,0,442,0,163,-58,21,68" /><INIT seed="7,1,0,4,3,45" ten="364,442,105,89" oya="3" hai0="127,52,124,74,67,112,6,81,104,59,95,23,4" hai1="1,2,103,133,108,10,7,113,34,53,8,37,32" hai2="87,24,118,99,5,19,105,130,93,48,96,86,101" hai3="29,31,98,51,100,109,102,114,13,71,115,14,66"/><W82/><G82/><T79/><D104/><U111/><E37/><V41/><F118/><W17/><G66/><T39/><D39/><U60/><E103/><V122/><F5/><W106/><G71/><T35/><D35/><N who="1" m="13355" /><E53/><V26/><F130/><W117/><G117/><T0/><D67/><U33/><E60/><V65/><F65/><W121/><G121/><T92/><D112/><N who="3" m="43049" /><G102/><T11/><D23/><U84/><E84/><N who="2" m="32299" /><F105/><W77/><G77/><T12/><D6/><N who="1" m="1103" /><E113/><V85/><F122/><W97/><G97/><N who="2" m="37449" /><F101/><W75/><G75/><T120/><D120/><U94/><E94/><V49/><F19/><W76/><G76/><T110/><D110/><N who="1" m="42027" /><E33/><V134/><F41/><W128/><G128/><T15/><D95/><U90/><E90/><V89/><F134/><AGARI ba="1,0" hai="2,7,10,133,134" m="42027,1103,13355" machi="134" ten="40,5200,0" yaku="23,1,34,2" doraHai="45" who="1" fromWho="2" sc="364,0,442,55,105,-55,89,0" owari="364,16.4,497,59.7,50,-45.0,89,-31.1" /></mjloggm>