<mjloggm ver="2.3"><GO type="169" lobby="0"/><UN n0="%6D%6F%75%77" n1="%E6%B2%B3%E7%AB%A5%E3%81%AE%E3%83%AF%E3%82%AB%E3%83%9E%E3%83%84" n2="%E9%BB%92%E6%B2%A2%E7%BE%A9%E6%98%8E" n3="%E3%81%82%E3%81%95%E3%81%B4%E3%82%93%EF%BC%A0%EF%BD%8D%EF%BD%8A" dan="16,17,17,18" rate="2111.95,2202.18,2190.01,2301.32" sx="M,M,M,M"/><TAIKYOKU oya="0"/><INIT seed="0,0,0,2,5,9" ten="250,250,250,250" oya="0" hai0="77,129,47,6,80,28,84,31,127,12,20,81,18" hai1="95,41,73,123,70,65,11,134,103,16,104,107,56" hai2="3,116,78,45,117,46,37,39,100,102,34,114,24" hai3="122,58,93,113,25,135,30,7,29,125,111,51,79"/><T21/><D129/><U43/><E123/><V71/><F3/><W115/><G79/><T23/><D127/><U22/><E73/><V14/><F71/><W90/><G125/><T54/><D6/><U76/><E70/><V66/><F66/><W40/><G122/><T68/><D68/><U15/><E76/><V92/><F78/><W55/><G111/><T109/><D81/><U133/><E95/><V75/><F75/><W17/><G135/><N who="1" m="51722" /><E11/><V89/><F114/><W59/><G7/><T118/><D118/><U120/><E120/><V26/><F92/><W88/><G40/><N who="1" m="15434" /><E103/><V13/><F89/><W94/><G93/><T0/><D0/><U53/><E65/><V48/><F48/><AGARI ba="0,0" hai="15,16,22,48,53,56,104,107" m="15434,51722" machi="48" ten="30,3900,0" yaku="20,1,52,1,54,1" doraHai="9" who="1" fromWho="2" sc="250,0,250,39,250,-39,250,0" /><INIT seed="1,0,0,1,2,70" ten="250,289,211,250" oya="1" hai0="89,23,100,49,98,120,94,31,124,39,93,9,65" hai1="46,35,123,24,25,21,114,14,12,6,127,85,118" hai2="45,73,112,56,55,128,130,95,3,105,80,79,58" hai3="52,66,82,40,57,37,84,53,129,101,2,75,32"/><U125/><E85/><V115/><F105/><W47/><G32/><T8/><D124/><N who="1" m="47691" /><E46/><V132/><F3/><W81/><G129/><N who="2" m="49769" /><F132/><W28/><G28/><T74/><D39/><U107/><E107/><V104/><F104/><W48/><G101/><T43/><D65/><U44/><E44/><V54/><F95/><W88/><G2/><T36/><D36/><U33/><E114/><N who="2" m="43563" /><F55/><W116/><G116/><T27/><D74/><U122/><E118/><V41/><F54/><W61/><REACH who="3" step="1"/><G48/><AGARI ba="0,0" hai="41,45,48,56,58,73,79,80" m="43563,49769" machi="48" ten="30,2000,0" yaku="19,1,11,1" doraHai="70" who="2" fromWho="3" sc="250,0,289,0,211,20,250,-20" /><INIT seed="2,0,0,0,2,38" ten="250,289,231,230" oya="2" hai0="60,44,64,95,73,66,68,122,56,9,76,63,98" hai1="15,90,19,135,1,67,28,49,131,87,111,24,86" hai2="45,116,72,93,127,100,88,89,41,125,30,53,128" hai3="126,25,117,130,112,20,58,8,103,81,12,55,16"/><V121/><F116/><W46/><G117/><T51/><D122/><U133/><E1/><V2/><F121/><W77/><G130/><T84/><D73/><U61/><E131/><V91/><F128/><W97/><G126/><N who="2" m="48137" /><F2/><W31/><G112/><T120/><D120/><U43/><E111/><V57/><F72/><W14/><G46/><T34/><D34/><U70/><E24/><V17/><F30/><W105/><G8/><T13/><D84/><U36/><E36/><N who="2" m="21671" /><F17/><W118/><G31/><T37/><D76/><U10/><E28/><V107/><F107/><W62/><REACH who="3" step="1"/><G118/><REACH who="3" ten="250,289,231,220" step="2"/><T48/><D44/><U32/><E10/><V4/><F4/><W54/><G54/><T5/><REACH who="0" step="1"/><D37/><REACH who="0" ten="240,289,231,220" step="2"/><U129/><E129/><V6/><F6/><W7/><G7/><T33/><D33/><U0/><E32/><V80/><F80/><W99/><G99/><T27/><D27/><U114/><E114/><V96/><F100/><AGARI ba="0,2" hai="5,9,13,48,51,56,60,63,64,66,68,95,98,100" machi="100" ten="30,3900,0" yaku="1,1,7,1,53,1" doraHai="38" doraHaiUra="92" who="0" fromWho="2" sc="240,59,289,0,231,-39,220,0" /><INIT seed="3,0,0,1,4,118" ten="299,289,192,220" oya="3" hai0="112,7,59,16,0,109,108,120,83,89,75,51,113" hai1="135,105,64,101,88,29,80,49,128,132,104,25,14" hai2="127,102,122,65,91,107,90,129,21,117,115,95,130" hai3="42,77,56,44,47,63,19,27,79,58,94,34,73"/><W38/><G73/><T13/><D51/><U82/><E128/><N who="2" m="49259" /><F65/><W6/><G6/><T17/><D89/><N who="2" m="33802" /><F21/><W92/><G34/><T81/><D75/><U10/><E64/><V103/><F117/><W22/><G47/><T125/><D59/><U72/><E49/><V69/><F69/><W126/><G58/><T106/><D106/><U55/><E55/><V32/><F32/><W97/><G126/><T24/><D83/><U96/><E104/><V48/><F48/><W98/><G97/><T20/><D81/><U28/><E28/><V15/><F15/><W41/><G94/><T30/><D17/><U1/><E1/><V134/><F115/><N who="0" m="44106" /><D125/><U68/><E68/><V71/><F71/><W74/><G74/><T31/><D31/><U116/><E116/><V99/><F127/><W61/><G42/><T60/><D60/><U124/><E124/><V62/><F62/><W36/><G36/><T52/><D52/><U40/><E40/><V78/><F78/><W45/><G45/><T114/><D114/><U35/><E72/><V131/><N who="2" m="49267" /><V2/><DORA hai="57" /><F2/><W26/><G61/><T3/><D3/><U23/><E35/><V85/><F134/><W5/><G63/><T123/><D7/><U4/><E132/><V110/><F110/><N who="0" m="42602" /><D0/><U86/><REACH who="1" step="1"/><E135/><REACH who="1" ten="299,279,192,220" step="2"/><V121/><F85/><W100/><G41/><T9/><AGARI ba="0,1" hai="9,13,16,20,24,30,120,123" m="42602,44106" machi="9" ten="30,12000,2" yaku="11,1,14,1,34,2,52,2,54,1" doraHai="118,57" who="0" fromWho="0" sc="299,130,279,-30,192,-30,220,-60" /><INIT seed="4,0,0,5,2,72" ten="429,249,162,160" oya="0" hai0="28,45,106,43,61,37,127,112,36,135,123,107,84" hai1="48,97,129,47,8,58,0,38,120,60,50,40,122" hai2="69,46,26,81,11,125,87,14,134,31,59,117,4" hai3="90,13,12,64,95,74,98,103,20,19,44,116,99"/><T39/><D123/><U130/><E97/><V55/><F125/><W32/><G116/><T133/><D28/><U77/><E8/><V132/><F69/><W22/><G32/><T124/><D84/><U17/><E17/><V86/><F46/><W33/><G33/><T75/><D75/><U54/><E77/><V79/><F87/><W82/><G64/><T70/><D112/><U21/><E21/><V5/><F5/><W67/><G67/><N who="0" m="41327" /><D107/><U80/><E80/><V29/><F117/><W65/><G65/><T2/><D106/><U93/><E93/><V105/><F105/><W92/><G44/><T18/><D18/><U3/><E3/><V71/><F71/><W49/><G49/><N who="1" m="19050" /><E0/><V9/><F9/><W15/><REACH who="3" step="1"/><G19/><REACH who="3" ten="429,249,162,150" step="2"/><T113/><D45/><U88/><E122/><V126/><F126/><W62/><G62/><T1/><D127/><U119/><E120/><V66/><F66/><W121/><G121/><T30/><D124/><U10/><E119/><V34/><REACH who="2" step="1"/><F31/><REACH who="2" ten="429,249,152,150" step="2"/><W27/><G27/><T73/><D30/><U56/><E47/><V7/><F7/><W131/><G131/><T76/><D37/><U114/><E38/><V102/><F102/><W35/><G35/><T42/><D39/><U91/><E129/><V100/><F100/><W63/><G63/><AGARI ba="0,2" hai="4,11,14,26,29,34,55,59,63,79,81,86,132,134" machi="63" ten="40,2600,0" yaku="1,1,52,1,53,0" doraHai="72" doraHaiUra="94" who="2" fromWho="3" sc="429,0,249,0,152,46,150,-26" /><INIT seed="5,0,0,3,1,132" ten="429,249,198,124" oya="1" hai0="31,15,64,48,73,107,10,4,77,92,115,20,53" hai1="9,83,97,122,134,7,68,91,96,99,44,111,72" hai2="5,89,21,1,54,0,40,42,76,94,49,98,46" hai3="130,33,81,18,30,43,14,126,119,106,59,50,117"/><U22/><E122/><V6/><F76/><W105/><G81/><T41/><D107/><N who="3" m="40969" /><G30/><T110/><D115/><U112/><E112/><V55/><F0/><W65/><G33/><T28/><D41/><N who="2" m="15978" /><F1/><W118/><G130/><T84/><D64/><U102/><E22/><V69/><F69/><W24/><G24/><T26/><D110/><U60/><E44/><N who="2" m="27943" /><F21/><N who="3" m="11479" /><G65/><T88/><D73/><U51/><E83/><V56/><F46/><N who="3" m="25951" /><G59/><N who="0" m="33191" /><D77/><U74/><E97/><V70/><F70/><W67/><G67/><T27/><D27/><U13/><E9/><V47/><F47/><W103/><G103/><T2/><D2/><U71/><E7/><V78/><F78/><W32/><G32/><T129/><D129/><U17/><E17/><AGARI ba="0,0" hai="4,10,15,17,20,26,28,31,84,88,92" m="33191" machi="17" ten="30,2000,0" yaku="8,1,54,1" doraHai="132" who="0" fromWho="1" sc="429,20,249,-20,198,0,124,0" /><INIT seed="6,0,0,1,3,72" ten="449,229,198,124" oya="2" hai0="19,12,45,77,117,31,18,42,74,107,105,52,22" hai1="119,76,71,28,115,118,131,60,26,133,73,8,89" hai2="135,51,25,70,87,102,62,10,93,47,55,65,124" hai3="108,2,101,95,67,132,103,54,46,129,110,44,134"/><V68/><F124/><W78/><G2/><T121/><D31/><U86/><E115/><V100/><F135/><N who="3" m="51755" /><G67/><T90/><D52/><U11/><E131/><V50/><F70/><W56/><G129/><T36/><D121/><U14/><E8/><V21/><F10/><W23/><G23/><T59/><D59/><U38/><E38/><V17/><F93/><W99/><G56/><T125/><D19/><U7/><E60/><V49/><F49/><W69/><G69/><T82/><D125/><U13/><E13/><V53/><REACH who="2" step="1"/><F87/><REACH who="2" ten="449,229,188,124" step="2"/><W75/><G103/><T9/><D9/><U94/><E71/><V106/><F106/><W43/><G43/><T1/><D107/><U81/><E133/><V114/><F114/><W5/><G5/><T66/><D105/><U41/><E41/><V130/><F130/><W32/><G108/><T35/><D42/><U80/><E94/><V4/><F4/><W63/><G110/><T88/><D36/><U109/><E109/><V91/><F91/><W113/><G113/><T3/><D88/><U127/><E127/><V126/><F126/><W58/><G32/><AGARI ba="0,1" hai="7,11,14,26,28,32,73,76,80,81,86,89,118,119" machi="32" ten="30,2000,0" yaku="7,1,52,1" doraHai="72" who="1" fromWho="3" sc="449,0,229,30,188,0,124,-20" /><INIT seed="7,0,0,0,5,3" ten="449,259,188,104" oya="3" hai0="110,47,31,17,120,35,87,53,119,105,68,29,98" hai1="6,32,4,24,79,121,8,100,104,74,30,107,76" hai2="1,72,5,90,82,118,96,2,92,78,70,10,81" hai3="37,34,93,95,55,40,12,126,97,80,14,33,94"/><W19/><G126/><T65/><D110/><U115/><E4/><V117/><F70/><W44/><G97/><T127/><D35/><U61/><E121/><V108/><F108/><W114/><G114/><T51/><D68/><U18/><E18/><V7/><F82/><W129/><G129/><T45/><D65/><U11/><E11/><AGARI ba="0,0" hai="1,2,5,7,10,11,72,78,81,90,92,96,117,118" machi="11" ten="40,5200,0" yaku="9,1,52,2" doraHai="3" who="2" fromWho="1" sc="449,0,259,-52,188,52,104,0" owari="449,54.9,207,-19.3,240,4.0,104,-39.6" /></mjloggm>