<mjloggm ver="2.3"><GO type="169" lobby="0"/><UN n0="%33%39%E3%81%95%E3%82%93" n1="%62%61%6B%75%72%61%30%38" n2="%E3%83%A9%E3%83%9E%E3%83%BC%E7%9A%87%E5%AD%90" n3="%E3%81%82%E3%82%8B%E8%A8%BC%E6%98%8E%EF%BF%A1" dan="16,17,19,16" rate="2125.53,2194.33,2236.46,2112.04" sx="M,M,M,M"/><TAIKYOKU oya="0"/><INIT seed="0,0,0,5,5,16" ten="250,250,250,250" oya="0" hai0="12,41,29,78,102,17,84,76,81,30,88,58,93" hai1="74,121,124,64,3,43,131,95,107,68,114,108,118" hai2="28,27,123,129,35,2,132,32,113,77,47,31,94" hai3="60,66,37,125,67,134,117,49,127,53,91,44,11"/><T22/><D41/><U89/><RYUUKYOKU type="yao9" ba="0,0" sc="250,0,250,0,250,0,250,0" hai1="3,43,64,68,74,89,95,107,108,114,118,121,124,131" /><INIT seed="0,1,0,0,2,109" ten="250,250,250,250" oya="0" hai0="46,52,54,61,117,93,90,7,120,21,44,122,31" hai1="70,76,20,95,49,116,58,60,2,34,102,72,83" hai2="86,55,75,51,127,84,129,30,69,132,94,42,97" hai3="104,108,101,14,81,16,47,91,57,48,126,63,123"/><T71/><D117/><U10/><E116/><V85/><F75/><W6/><G108/><T1/><D46/><U22/><E34/><V73/><F73/><W9/><G123/><T11/><D31/><U25/><E49/><V62/><F127/><W100/><G126/><T67/><D21/><U66/><E70/><V124/><F124/><W13/><G104/><T82/><D82/><U15/><E2/><V78/><F129/><W45/><G45/><T39/><D54/><U74/><E74/><V43/><F132/><W17/><G6/><T113/><D113/><U133/><E133/><V89/><F30/><W35/><G35/><T32/><D32/><U56/><E56/><N who="2" m="35103" /><F69/><W33/><G33/><T65/><D65/><U0/><E0/><V106/><F106/><W96/><G63/><T27/><D27/><U87/><E25/><V111/><F111/><W119/><G57/><T24/><D24/><U68/><E68/><V110/><F110/><W121/><G121/><T23/><D23/><U115/><E115/><V53/><F78/><W36/><G36/><T130/><D130/><U26/><E26/><V99/><F99/><W37/><G37/><T19/><D19/><N who="1" m="8695" /><E72/><V135/><F135/><W105/><G119/><T8/><D8/><U107/><E107/><V118/><F118/><W3/><G3/><T4/><D4/><U88/><E76/><V114/><F114/><W80/><G101/><T79/><D79/><U40/><E40/><V128/><F128/><W41/><G91/><T29/><D29/><U28/><E28/><V131/><F131/><W112/><G112/><RYUUKYOKU ba="1,0" sc="250,-30,250,10,250,10,250,10" hai1="20,22,58,60,66,83,87,88,95,102" hai2="42,43,51,53,84,85,86,89,94,97" hai3="9,13,14,16,17,41,47,48,80,81,96,100,105" /><INIT seed="1,2,0,5,5,1" ten="220,260,260,260" oya="1" hai0="82,94,98,61,14,21,110,35,41,63,68,88,81" hai1="91,6,55,38,122,116,53,42,23,66,12,3,80" hai2="11,7,43,128,73,36,26,24,107,120,85,109,117" hai3="130,84,20,52,59,113,50,5,46,111,8,37,39"/><U124/><E116/><V10/><F117/><W86/><G113/><T49/><D35/><U123/><E124/><V54/><F120/><W17/><G130/><T56/><D110/><U114/><E114/><V103/><F73/><W100/><G100/><T104/><D104/><U19/><E66/><V65/><F65/><W99/><G99/><T62/><D68/><U64/><E64/><V51/><F109/><W40/><G37/><T105/><D105/><U60/><E42/><V90/><F128/><W18/><G18/><T70/><D70/><U127/><E38/><V0/><F43/><W112/><G112/><T79/><D79/><U75/><E127/><V95/><F36/><W28/><G28/><T125/><D125/><U78/><E91/><V133/><F133/><W74/><G74/><T77/><D77/><U44/><E60/><V118/><F118/><W47/><G47/><N who="0" m="25839" /><D56/><U45/><E45/><V69/><F69/><W93/><G93/><T72/><D72/><U106/><E106/><V32/><F32/><W76/><G76/><T31/><D31/><U57/><E44/><V101/><F107/><W126/><G111/><T29/><D29/><U15/><E3/><V71/><F71/><W58/><G58/><T22/><D22/><U33/><E33/><V48/><F48/><W135/><G135/><T83/><D21/><U89/><E122/><V131/><F131/><W9/><G126/><T134/><D134/><U102/><E123/><V96/><F11/><W13/><G9/><T67/><D67/><U25/><E75/><V34/><F34/><W132/><G132/><RYUUKYOKU ba="2,0" sc="220,15,260,-15,260,-15,260,15" hai0="14,61,62,63,81,82,83,88,94,98" hai3="5,8,13,17,20,39,40,46,50,52,59,84,86" /><INIT seed="2,3,0,2,2,8" ten="235,245,245,275" oya="2" hai0="38,74,26,95,36,71,125,132,110,49,11,77,13" hai1="44,60,1,43,27,79,3,39,46,117,111,121,19" hai2="51,41,33,15,0,103,135,34,78,84,62,127,113" hai3="105,69,14,35,4,108,72,124,23,94,87,42,102"/><V29/><F0/><W24/><G72/><T126/><D71/><U58/><E117/><V20/><F113/><W73/><G73/><T114/><D114/><U76/><E111/><V66/><F103/><W82/><G69/><T28/><D110/><U10/><E121/><V99/><F99/><W45/><G105/><T130/><D130/><U115/><E46/><V6/><F127/><N who="0" m="48650" /><D49/><U88/><E115/><V31/><F135/><W61/><G35/><T85/><D74/><U118/><E118/><V22/><F34/><W12/><G61/><T97/><D85/><U106/><E106/><V123/><F123/><W47/><G108/><T9/><D9/><U68/><E68/><V112/><F33/><W70/><G70/><T91/><D77/><U37/><E37/><V64/><F112/><W96/><G4/><N who="0" m="3303" /><D132/><U119/><E119/><V48/><F84/><W63/><G63/><T116/><D116/><U128/><E128/><V21/><F78/><N who="3" m="46551" /><G124/><T122/><D122/><U90/><E76/><V17/><F62/><W53/><G42/><T131/><D131/><U101/><E79/><V56/><F41/><W104/><G104/><T25/><D28/><U133/><E133/><V89/><F31/><N who="3" m="17823" /><G53/><T54/><D54/><N who="1" m="33879" /><E3/><V100/><F29/><W2/><G2/><T120/><D120/><U92/><E1/><V86/><F66/><W32/><G32/><T30/><D30/><U57/><E39/><AGARI ba="3,0" hai="25,26,36,38,39,91,95,97" m="3303,48650" machi="39" ten="30,2000,0" yaku="18,1,52,1" doraHai="8" who="0" fromWho="1" sc="235,29,245,-29,245,0,275,0" /><INIT seed="3,0,0,0,2,107" ten="264,216,245,275" oya="3" hai0="64,17,127,69,91,120,132,15,106,28,37,47,74" hai1="24,42,59,86,77,61,22,65,25,54,96,99,30" hai2="50,82,135,18,123,102,73,62,126,57,33,117,118" hai3="35,134,97,45,27,26,3,114,109,90,83,40,13"/><W124/><G114/><T16/><D120/><U12/><E42/><V80/><F33/><W105/><G3/><T20/><D106/><U113/><E113/><V84/><F123/><W52/><G124/><T29/><D127/><U31/><E12/><V112/><F126/><W2/><G2/><T39/><D132/><U94/><E54/><V119/><F112/><W48/><G134/><T67/><D91/><U122/><E122/><V100/><F135/><W23/><G35/><T111/><D111/><U130/><E130/><V5/><F5/><W8/><G109/><T93/><D93/><U38/><E38/><V76/><F50/><W1/><G1/><T41/><D39/><U10/><E10/><V101/><F18/><W63/><G105/><T71/><D74/><U131/><E131/><V55/><REACH who="2" step="1"/><F82/><REACH who="2" ten="264,216,235,275" step="2"/><W60/><G83/><T81/><D81/><N who="1" m="47407" /><E94/><V79/><F79/><W89/><G63/><T78/><D78/><U34/><E34/><V19/><F19/><N who="3" m="8615" /><G60/><T104/><D17/><U85/><E31/><V49/><F49/><W121/><G121/><T116/><D104/><U7/><E7/><V87/><AGARI ba="0,1" hai="55,57,62,73,76,80,84,87,100,101,102,117,118,119" machi="87" ten="40,8000,1" yaku="1,1,0,1,52,1,53,1" doraHai="107" doraHaiUra="56" who="2" fromWho="2" sc="264,-20,216,-20,235,90,275,-40" /><INIT seed="4,0,0,3,2,2" ten="244,196,325,235" oya="0" hai0="129,91,17,117,72,35,40,19,32,93,56,108,74" hai1="27,96,70,123,101,41,49,92,105,61,84,38,77" hai2="3,58,42,0,113,67,63,76,80,75,47,124,73" hai3="104,43,9,37,22,26,7,5,103,102,133,68,6"/><T66/><D117/><U122/><E38/><V34/><F34/><W116/><G68/><T126/><D40/><U33/><E49/><V52/><F113/><W106/><G116/><T111/><D126/><U57/><E41/><V82/><F124/><W107/><G133/><T99/><D129/><U118/><E118/><V97/><F97/><W48/><G37/><T95/><D56/><U54/><E70/><V1/><F67/><W83/><G83/><T36/><D36/><U135/><E135/><V71/><F71/><W29/><REACH who="3" step="1"/><G9/><REACH who="3" ten="244,196,325,225" step="2"/><T125/><D125/><U23/><E122/><V25/><F25/><W21/><G21/><T114/><D114/><U44/><E123/><V112/><F112/><W81/><G81/><T69/><D69/><U28/><E23/><V119/><F119/><W94/><G94/><T11/><D11/><U121/><E121/><V115/><F115/><W59/><G59/><T89/><REACH who="0" step="1"/><D99/><REACH who="0" ten="234,196,325,225" step="2"/><U88/><E44/><AGARI ba="0,2" hai="5,6,7,22,26,29,43,44,48,102,103,104,106,107" machi="44" ten="50,8000,1" yaku="1,1,52,3,53,0" doraHai="2" doraHaiUra="86" who="3" fromWho="1" sc="234,0,196,-80,325,0,225,100" /><INIT seed="5,0,0,4,1,115" ten="234,116,325,325" oya="1" hai0="15,109,34,99,108,67,68,53,123,50,63,49,30" hai1="81,101,47,132,103,77,93,3,128,130,127,26,6" hai2="58,38,88,31,90,100,74,17,9,4,129,89,133" hai3="135,60,106,25,29,134,75,105,14,110,12,107,36"/><U87/><E6/><V23/><F38/><W2/><G36/><T86/><D123/><U92/><E3/><V126/><F74/><W1/><G110/><T97/><D50/><U7/><E7/><V76/><F126/><W65/><G75/><T5/><D86/><U119/><E47/><V24/><F129/><N who="1" m="49769" /><E26/><V21/><F133/><N who="3" m="50699" /><G1/><T45/><D108/><U33/><E33/><V72/><F100/><N who="1" m="38473" /><E132/><V39/><F39/><W95/><G95/><N who="1" m="36426" /><E127/><V48/><F23/><N who="3" m="15551" /><G2/><T19/><D5/><U98/><E98/><V52/><F31/><W56/><AGARI ba="0,0" hai="12,14,56,60,65,105,106,107" m="15551,50699" machi="56" ten="40,1500,0" yaku="20,1" doraHai="115" who="3" fromWho="3" sc="234,-4,116,-7,325,-4,325,15" /><INIT seed="6,0,0,4,3,88" ten="230,109,321,340" oya="2" hai0="107,33,90,74,135,28,134,0,113,128,14,63,83" hai1="54,16,103,43,117,6,126,101,132,44,120,15,104" hai2="1,102,92,57,114,93,19,73,122,41,9,86,72" hai3="70,133,75,61,60,71,59,31,62,55,20,47,100"/><V30/><F122/><W35/><G35/><T58/><D0/><U125/><E120/><V10/><F30/><W84/><G75/><T27/><D107/><U11/><E117/><V48/><F1/><W51/><G100/><T4/><D128/><U68/><E68/><N who="3" m="26154" /><G84/><T3/><D3/><U108/><E132/><V52/><F114/><W56/><G20/><T23/><D113/><U53/><E108/><V124/><F124/><W42/><G31/><T77/><D4/><U38/><E6/><V24/><F72/><W130/><G130/><T12/><D90/><U26/><E26/><V36/><F73/><W79/><G79/><T94/><D94/><N who="2" m="36458" /><F36/><N who="3" m="21959" /><G133/><N who="0" m="50699" /><D33/><U119/><E119/><V78/><F102/><W66/><AGARI ba="0,0" hai="51,55,56,59,60,61,62,66" m="21959,26154" machi="66" ten="30,8000,1" yaku="35,5" doraHai="88" who="3" fromWho="3" sc="230,-20,109,-20,321,-40,340,80" /><INIT seed="7,0,0,0,2,67" ten="210,89,281,420" oya="3" hai0="84,105,51,36,77,21,17,0,101,81,61,122,11" hai1="111,79,116,12,71,126,117,78,31,72,43,37,1" hai2="3,6,50,19,73,18,118,55,129,39,120,5,108" hai3="2,76,57,88,60,125,15,32,123,44,91,59,4"/><W66/><G32/><T85/><D36/><U69/><E12/><V35/><F39/><W96/><G2/><T114/><D122/><U132/><E37/><V113/><F108/><W47/><G76/><N who="1" m="29226" /><E1/><V99/><F73/><W7/><G125/><T115/><D51/><U27/><E72/><V24/><F118/><N who="1" m="45673" /><E126/><V93/><F120/><W56/><G123/><T74/><D0/><U121/><E121/><V46/><F113/><N who="0" m="43018" /><D11/><U86/><E86/><V22/><F129/><W112/><G112/><T94/><D84/><U34/><E43/><V104/><F104/><W89/><G96/><N who="0" m="59543" /><D61/><U64/><E64/><V26/><F3/><W135/><G135/><T83/><D105/><U52/><E111/><V62/><F62/><W97/><G97/><T20/><D17/><U102/><E102/><N who="2" m="60783" /><F35/><W29/><G29/><T133/><D133/><U38/><E38/><V28/><F28/><W30/><G30/><T75/><D75/><U40/><E40/><V103/><F103/><W54/><G4/><T33/><D33/><U48/><E132/><V53/><F5/><W106/><G106/><T63/><D63/><U95/><E95/><V82/><F6/><W124/><G124/><T16/><D16/><U92/><E92/><V130/><F18/><W109/><G109/><T119/><D119/><U70/><E52/><V80/><F19/><W49/><G44/><T65/><D65/><U100/><E100/><V8/><F53/><W87/><G87/><T25/><D85/><U42/><E42/><V107/><F55/><W131/><G7/><T45/><D74/><U10/><E10/><RYUUKYOKU ba="0,0" sc="210,-10,89,30,281,-10,420,-10" hai1="27,31,34,48,69,70,71" owari="200,-20.0,119,-38.1,271,7.1,410,51.0" /></mjloggm>