<mjloggm ver="2.3"><GO type="169" lobby="0"/><UN n0="%E3%81%97%E3%82%83%E3%82%93%E3%81%8A%E3%81%98" n1="%E8%B6%85%E6%94%BB%E6%92%83%E9%BA%BB%E9%9B%80" n2="%E3%81%A9%E3%82%93%E3%81%9F%E3%82%83%E3%82%93" n3="%E4%B9%9D%E7%B4%8B%E9%BE%8D%E5%8F%B2%E9%80%B2" dan="17,16,16,19" rate="2174.98,2172.16,2168.26,2289.32" sx="F,M,F,M"/><TAIKYOKU oya="0"/><INIT seed="0,0,0,0,2,93" ten="250,250,250,250" oya="0" hai0="34,131,73,9,107,17,91,63,1,99,129,76,100" hai1="51,6,20,72,66,111,45,88,85,74,59,127,126" hai2="58,37,30,106,18,29,84,81,35,134,60,43,95" hai3="123,16,86,48,135,121,27,120,67,19,47,109,52"/><T110/><D34/><U3/><E111/><V92/><F106/><W23/><G109/><T40/><D40/><U36/><E36/><V4/><F134/><W83/><G135/><T89/><D110/><U78/><E78/><V133/><F133/><W38/><G38/><T61/><D76/><U104/><E104/><V31/><F35/><W44/><G67/><T5/><D73/><U75/><E20/><V77/><F4/><W97/><G97/><T55/><D17/><U28/><E28/><V32/><F32/><W46/><G19/><T53/><D61/><U115/><E115/><V87/><F87/><W2/><G2/><T42/><D42/><U82/><E6/><V26/><F43/><W122/><N who="3" m="30720" /><DORA hai="124" /><W102/><G102/><T80/><D80/><U125/><E3/><V33/><F37/><W7/><G7/><T113/><D113/><U57/><REACH who="1" step="1"/><E66/><REACH who="1" ten="250,240,250,250" step="2"/><N who="2" m="39191" /><F33/><W103/><G103/><T94/><D91/><AGARI ba="0,1" hai="16,23,27,44,46,47,48,52,83,86,91" m="30720" machi="91" ten="70,8000,1" yaku="13,1,54,2" doraHai="93,124" who="3" fromWho="0" sc="250,-80,240,0,250,0,250,90" /><INIT seed="1,0,0,2,2,124" ten="170,240,250,340" oya="1" hai0="74,127,24,23,130,22,128,34,11,90,85,10,50" hai1="52,56,4,72,63,3,8,13,80,71,101,33,91" hai2="14,49,108,39,46,32,82,123,75,117,112,27,131" hai3="134,7,45,58,126,116,100,47,21,135,118,106,105"/><U0/><E33/><V61/><F39/><W96/><G126/><T40/><D74/><U6/><E101/><V73/><F117/><N who="3" m="45163" /><G106/><T16/><D34/><U36/><E36/><V107/><F107/><W44/><G7/><T103/><D103/><U114/><E114/><V48/><F123/><W125/><G125/><T30/><D127/><U83/><E71/><V81/><F108/><W120/><G120/><T65/><D65/><U31/><E31/><V104/><F104/><W19/><G58/><T109/><D109/><U93/><E72/><V1/><F32/><W79/><G79/><T38/><D38/><U121/><E121/><V99/><F46/><W84/><G84/><T62/><D62/><U18/><E6/><V57/><F57/><W86/><G86/><T53/><D40/><U35/><E35/><V60/><F14/><AGARI ba="0,0" hai="14,19,21,44,45,47,96,100,105,134,135" m="45163" machi="14" ten="30,1000,0" yaku="12,1" doraHai="124" who="3" fromWho="2" sc="170,0,240,0,250,-10,340,10" /><INIT seed="2,0,0,4,4,119" ten="170,240,240,350" oya="2" hai0="84,42,92,36,52,14,49,77,10,117,50,60,11" hai1="115,34,66,48,56,38,78,39,82,131,29,106,80" hai2="87,19,37,96,1,16,5,95,113,93,57,134,83" hai3="128,51,9,76,40,123,17,4,126,90,24,109,44"/><V26/><F113/><W45/><G109/><T73/><D73/><U72/><E106/><V30/><F37/><W53/><G126/><T25/><D117/><U121/><E115/><V13/><F1/><W6/><G128/><T15/><D36/><U130/><E29/><V67/><F134/><W116/><G76/><T88/><D77/><U86/><E34/><V68/><F68/><W28/><G123/><T127/><D127/><U133/><E133/><V21/><F95/><W63/><G90/><T111/><D111/><U110/><E110/><V65/><F5/><W0/><G116/><T59/><D25/><U132/><E132/><V3/><F3/><W74/><G74/><T43/><D50/><U46/><E56/><V122/><F122/><W100/><G100/><T129/><D129/><N who="1" m="49163" /><E66/><V97/><F19/><W12/><G0/><T7/><D60/><U33/><E33/><V32/><F57/><W79/><G79/><T71/><D71/><U62/><E62/><V124/><F124/><W75/><G75/><T105/><D105/><U23/><E23/><V61/><F61/><W89/><G89/><T125/><D125/><U64/><E64/><V22/><F32/><W135/><G135/><T112/><D112/><U108/><E108/><V101/><REACH who="2" step="1"/><F97/><REACH who="2" ten="170,240,230,350" step="2"/><W70/><G70/><T85/><D85/><U27/><E121/><V94/><F94/><W102/><G63/><T35/><D35/><U47/><E39/><V55/><F55/><W69/><G69/><T103/><D103/><U2/><E38/><V91/><AGARI ba="0,1" hai="13,16,21,22,26,30,65,67,83,87,91,93,96,101" machi="91" ten="20,12000,1" yaku="1,1,0,1,7,1,8,1,54,1,53,0" doraHai="119" doraHaiUra="58" who="2" fromWho="2" sc="170,-40,240,-40,230,130,350,-40" /><INIT seed="2,1,0,0,2,55" ten="130,200,360,310" oya="2" hai0="94,53,34,22,130,95,127,113,36,43,91,5,15" hai1="69,9,0,110,64,92,103,102,129,30,106,1,90" hai2="104,131,82,4,135,123,112,49,84,74,124,79,83" hai3="21,125,126,58,26,65,134,31,67,59,76,61,93"/><V62/><F112/><W16/><G134/><T28/><D113/><U20/><E110/><V109/><F123/><W35/><G76/><T75/><D127/><N who="3" m="48649" /><G93/><T133/><D133/><U68/><E129/><V51/><F124/><W63/><G35/><T72/><D130/><U2/><E106/><V8/><F131/><W25/><G25/><T85/><D34/><U13/><E20/><V44/><F109/><W73/><G73/><T33/><D33/><U38/><E38/><V78/><F135/><W116/><G116/><T120/><D120/><U24/><E24/><V121/><F121/><W10/><G10/><T3/><D3/><U119/><E30/><AGARI ba="1,0" hai="16,21,26,30,31,58,59,61,63,65,67" m="48649" machi="30" ten="30,7700,0" yaku="18,1,52,2,54,1" doraHai="55" who="3" fromWho="1" sc="130,0,200,-80,360,0,310,80" /><INIT seed="3,0,0,5,4,33" ten="130,120,360,390" oya="3" hai0="103,117,7,113,121,5,89,111,120,52,69,10,119" hai1="75,118,135,116,23,128,14,31,134,28,133,43,8" hai2="24,59,100,92,46,34,122,78,131,97,25,67,40" hai3="60,72,68,39,61,27,22,51,20,110,1,88,74"/><W42/><G39/><T53/><D69/><U66/><E75/><V101/><F131/><W79/><G110/><T15/><D103/><U71/><E43/><V56/><F122/><W58/><G68/><T99/><D99/><U62/><E128/><V29/><F67/><W85/><G1/><T84/><D111/><U17/><REACH who="1" step="1"/><E23/><REACH who="1" ten="130,110,360,390" step="2"/><V86/><F40/><W21/><G74/><T104/><D121/><U108/><E108/><V45/><F34/><W57/><G72/><T11/><D120/><U12/><E12/><V127/><F24/><W26/><G27/><T18/><D119/><AGARI ba="0,1" hai="8,14,17,28,31,62,66,71,116,118,119,133,134,135" machi="119" ten="50,6400,0" yaku="1,1,12,1,20,1,53,0" doraHai="33" doraHaiUra="124" who="1" fromWho="0" sc="130,-64,110,74,360,0,390,0" /><INIT seed="4,0,0,1,0,55" ten="66,184,360,390" oya="0" hai0="87,40,29,131,44,58,125,64,92,2,108,21,113" hai1="13,104,6,85,126,27,88,112,69,63,26,129,22" hai2="72,101,135,119,46,28,75,36,127,30,67,121,115" hai3="76,59,107,53,34,4,120,8,123,7,71,0,42"/><T15/><D2/><U17/><E104/><V96/><F121/><N who="3" m="46667" /><G71/><T79/><D113/><U18/><E126/><V106/><F127/><W20/><G34/><T52/><D131/><U98/><E129/><V65/><F115/><W37/><G107/><T3/><D3/><U61/><E6/><V19/><F135/><W1/><G76/><T16/><D108/><U132/><E132/><V80/><F119/><W84/><G84/><T77/><D64/><U94/><E112/><V68/><F19/><W51/><G20/><T14/><D29/><U66/><E63/><V47/><F80/><W134/><G134/><T39/><D14/><U122/><E122/><V118/><F118/><W114/><G114/><T62/><REACH who="0" step="1"/><D125/><REACH who="0" ten="56,184,360,390" step="2"/><U105/><REACH who="1" step="1"/><E18/><REACH who="1" ten="56,174,360,390" step="2"/><V78/><F28/><W83/><G7/><T50/><D50/><U102/><AGARI ba="0,2" hai="13,17,22,26,27,61,66,69,85,88,94,98,102,105" machi="102" ten="30,7900,0" yaku="1,1,2,1,0,1,54,1,53,0" doraHai="55" doraHaiUra="35" who="1" fromWho="1" sc="56,-39,174,99,360,-20,390,-20" /><INIT seed="5,0,0,5,2,21" ten="17,273,340,370" oya="1" hai0="134,111,100,83,110,25,50,2,44,12,87,68,77" hai1="133,37,126,92,109,116,113,101,7,122,131,64,130" hai2="88,18,16,135,119,89,108,129,42,23,76,84,121" hai3="70,28,55,13,114,106,20,15,104,51,11,8,29"/><U41/><E7/><V81/><F119/><W123/><G70/><T34/><D2/><U10/><E10/><V40/><F108/><W9/><G123/><T45/><D68/><U125/><E101/><V67/><F121/><W0/><G0/><T48/><D134/><U65/><E92/><V99/><F135/><W95/><G114/><T79/><D100/><U22/><E122/><V46/><F129/><N who="1" m="49161" /><E133/><V69/><F18/><N who="3" m="10319" /><G104/><T60/><D60/><U105/><E105/><V59/><F69/><W112/><G106/><T31/><D12/><U85/><E85/><N who="2" m="48295" /><F46/><N who="3" m="28151" /><G112/><T132/><D77/><U26/><E113/><V78/><F78/><W107/><G107/><T98/><D98/><U73/><E73/><V49/><F99/><W75/><G75/><T124/><D124/><N who="1" m="47723" /><E116/><V115/><F115/><W102/><G15/><T17/><D17/><N who="1" m="12623" /><E109/><V56/><F89/><W117/><G117/><T39/><D132/><U24/><E24/><N who="2" m="14439" /><F88/><W93/><G102/><T61/><D61/><U86/><E86/><V36/><F84/><W30/><AGARI ba="0,0" hai="8,9,11,28,29,30,93,95" m="28151,10319" machi="30" ten="30,1100,0" yaku="8,1" doraHai="21" who="3" fromWho="3" sc="17,-3,273,-5,340,-3,370,11" /><INIT seed="6,0,0,3,3,62" ten="14,268,337,381" oya="2" hai0="70,105,19,21,118,56,117,59,53,90,100,46,135" hai1="33,9,24,42,79,65,47,130,99,50,103,41,68" hai2="98,40,5,91,30,16,114,112,38,84,132,22,76" hai3="61,71,57,96,121,85,131,108,77,35,67,115,86"/><V18/><F5/><W25/><G108/><T36/><D70/><U133/><E133/><V58/><F132/><W104/><G121/><T0/><D0/><U109/><E109/><V72/><F98/><W74/><G131/><T31/><D135/><U66/><E130/><V32/><F76/><W34/><G115/><N who="2" m="44073" /><F72/><W75/><G57/><T80/><D105/><U69/><E79/><V128/><F128/><W7/><G7/><T92/><D100/><U93/><E42/><V23/><F32/><W89/><G35/><T119/><D31/><U43/><E43/><V111/><F111/><W10/><G10/><T102/><D80/><U134/><E134/><V78/><F78/><W48/><G77/><T54/><D102/><U12/><E68/><V29/><F58/><W94/><G86/><T87/><D36/><U26/><E69/><V101/><F101/><N who="3" m="62503" /><G48/><T27/><D54/><U51/><E51/><AGARI ba="0,0" hai="19,21,27,46,51,53,56,59,87,90,92,117,118,119" machi="51" ten="40,1300,0" yaku="12,1" doraHai="62" who="0" fromWho="1" sc="14,13,268,-13,337,0,381,0" /><INIT seed="7,0,0,0,2,29" ten="27,255,337,381" oya="3" hai0="135,39,98,17,43,116,88,51,64,104,18,45,123" hai1="79,103,16,48,31,74,36,11,66,59,86,76,1" hai2="95,8,91,33,71,2,28,46,81,128,70,108,32" hai3="68,97,61,42,14,85,75,119,40,122,54,112,113"/><W58/><G75/><T44/><D116/><U55/><E74/><V73/><F108/><W130/><G119/><T69/><D135/><U89/><E36/><V12/><F2/><W94/><G122/><T53/><D123/><U27/><E103/><V80/><F46/><W110/><G110/><T22/><D69/><U120/><E120/><V133/><F133/><W115/><G130/><T23/><D64/><U100/><E100/><V87/><F128/><W102/><G68/><T96/><D104/><U111/><E111/><V3/><F3/><W82/><G14/><T62/><D62/><U129/><E129/><V60/><F28/><W117/><G117/><T84/><D39/><U134/><E134/><V6/><F71/><W106/><G106/><T78/><D78/><AGARI ba="0,0" hai="40,42,54,58,61,78,82,85,94,97,102,112,113,115" machi="78" ten="40,2000,0" yaku="15,1" doraHai="29" who="3" fromWho="0" sc="27,-20,255,0,337,0,381,20" owari="7,-49.3,255,-14.5,337,13.7,401,50.1" /></mjloggm>