<mjloggm ver="2.3"><GO type="169" lobby="0"/><UN n0="%53%69%6C%76%65%72%44%46" n1="%E3%81%82%E3%81%8B%E3%82%8A%E3%82%8D%E3%82%93" n2="%E3%83%A4%E3%83%8A%E3%83%AA%E3%83%B3%E3%82%B9%E3%82%AD%E3%83%BC" n3="%41%4C%50%45%52%49%4E" dan="17,16,17,16" rate="2230.22,2168.67,2145.89,2182.60" sx="M,F,M,M"/><TAIKYOKU oya="0"/><INIT seed="0,0,0,2,2,61" ten="250,250,250,250" oya="0" hai0="56,52,10,46,67,25,96,112,40,6,53,103,89" hai1="58,65,5,132,133,109,48,86,99,8,123,31,36" hai2="15,27,124,70,129,12,76,98,42,82,1,84,127" hai3="110,97,88,64,72,92,44,87,78,39,68,30,63"/><T50/><D112/><U21/><E123/><V108/><F1/><W128/><G110/><T60/><D89/><U45/><E36/><V125/><F108/><W3/><G128/><T11/><D25/><U105/><E109/><V23/><F129/><W0/><G72/><T80/><D80/><U43/><E86/><V90/><F70/><W101/><G78/><T51/><D6/><U22/><E99/><V9/><F42/><W121/><G121/><T81/><D81/><U59/><E105/><V106/><F9/><W19/><G30/><T118/><D118/><U77/><E77/><V20/><F20/><W49/><G19/><T28/><D28/><U14/><E58/><V13/><F90/><W38/><G38/><T17/><D17/><U26/><REACH who="1" step="1"/><E22/><REACH who="1" ten="250,240,250,250" step="2"/><V57/><F57/><W94/><REACH who="3" step="1"/><G39/><REACH who="3" ten="250,240,250,240" step="2"/><T4/><D4/><U37/><E37/><V73/><F73/><W104/><G104/><BYE who="3" /><T113/><D113/><U135/><E135/><V120/><F120/><W83/><G83/><T117/><D117/><U24/><E24/><V66/><F27/><W111/><G111/><T85/><D85/><UN n3="%41%4C%50%45%52%49%4E" /><U122/><E122/><V100/><F23/><W130/><G130/><T91/><D11/><U16/><E16/><V7/><F7/><W134/><G134/><T69/><D10/><U116/><E116/><V79/><F79/><W126/><G126/><T119/><D119/><U41/><E41/><AGARI ba="0,2" hai="0,3,41,44,49,63,64,68,87,88,92,94,97,101" machi="41" ten="30,12000,2" yaku="1,1,7,1,52,1,54,1,53,2" doraHai="61" doraHaiUra="34" who="3" fromWho="1" sc="250,0,240,-120,250,0,240,140" /><INIT seed="1,0,0,5,0,7" ten="250,120,250,380" oya="1" hai0="21,100,114,0,79,44,88,70,42,36,108,17,53" hai1="104,30,37,115,73,121,97,106,1,72,84,56,111" hai2="122,128,126,99,22,74,4,50,110,34,14,19,11" hai3="90,35,33,134,86,66,9,77,91,48,43,25,60"/><U46/><E115/><V6/><F74/><W71/><G134/><T38/><D114/><U20/><E121/><V47/><F122/><W57/><G77/><T98/><D108/><U40/><E111/><V135/><F110/><W2/><G25/><T29/><D70/><U89/><E1/><V92/><F34/><W69/><G69/><T118/><D118/><U75/><E56/><V59/><F128/><W95/><G91/><T102/><D38/><U65/><E65/><V133/><F126/><W64/><G64/><T119/><D79/><U41/><E41/><V12/><F59/><W23/><G23/><T5/><D29/><U68/><E68/><V58/><F58/><W120/><G120/><T8/><D53/><U107/><E97/><V32/><F32/><W39/><G39/><T80/><D119/><U63/><E63/><V27/><F4/><W76/><G76/><T78/><D98/><U127/><E127/><V13/><F133/><W15/><G2/><T18/><D88/><U125/><E125/><V55/><REACH who="2" step="1"/><F135/><REACH who="2" ten="250,120,240,380" step="2"/><W87/><G57/><T82/><D82/><U117/><E117/><V112/><F112/><W16/><G35/><T49/><D49/><U28/><REACH who="1" step="1"/><E20/><REACH who="1" ten="250,110,240,380" step="2"/><V123/><F123/><W116/><G116/><T85/><REACH who="0" step="1"/><D18/><REACH who="0" ten="240,110,240,380" step="2"/><U132/><E132/><V105/><F105/><W10/><G16/><T113/><D113/><U94/><AGARI ba="0,3" hai="28,30,37,40,46,72,73,75,84,89,94,104,106,107" machi="94" ten="40,7800,0" yaku="1,1,0,1,53,1" doraHai="7" doraHaiUra="83" who="1" fromWho="1" sc="240,-26,110,108,240,-26,380,-26" /><INIT seed="1,1,0,4,1,72" ten="214,218,214,354" oya="1" hai0="6,90,91,22,95,81,99,111,80,20,127,9,39" hai1="37,61,14,131,115,122,85,128,58,83,30,43,73" hai2="48,93,134,78,36,126,70,8,113,2,133,21,106" hai3="11,102,114,35,119,89,18,7,66,33,108,67,64"/><U135/><E115/><V19/><F36/><W132/><G114/><T44/><D111/><U28/><E122/><V96/><F113/><W5/><G108/><T112/><D112/><U92/><E135/><V45/><F70/><W75/><G75/><T65/><D127/><U1/><E1/><V3/><F106/><W94/><G132/><N who="2" m="50793" /><F8/><W4/><G119/><T34/><D34/><U13/><E73/><V120/><F120/><W24/><G102/><T101/><D65/><U74/><E92/><V40/><F78/><W104/><G104/><T57/><D57/><U71/><E74/><V86/><F86/><W46/><G46/><T55/><D101/><U97/><E97/><V68/><F68/><W105/><G105/><T125/><D125/><U82/><E71/><V109/><F126/><W100/><G100/><T54/><D39/><U121/><E121/><V107/><F107/><W25/><G35/><T16/><D22/><U59/><E37/><V87/><F87/><N who="3" m="52543" /><G33/><T60/><D91/><U29/><E85/><V76/><F76/><W0/><G0/><T10/><D90/><U31/><E82/><V116/><F116/><W117/><G117/><T98/><D81/><U32/><E83/><V63/><F109/><W69/><G69/><T79/><D80/><U23/><E32/><V52/><F93/><W84/><G84/><T27/><D79/><U129/><E128/><V50/><F96/><N who="0" m="36906" /><D95/><U118/><E131/><V53/><F2/><W77/><G77/><T38/><D38/><U62/><E129/><V42/><F3/><W56/><G56/><N who="0" m="34839" /><D6/><U51/><E118/><RYUUKYOKU ba="1,0" sc="214,15,218,-15,214,-15,354,15" hai0="9,10,16,20,27,44,55" hai3="4,5,7,11,18,24,25,64,66,67" /><INIT seed="2,2,0,5,3,104" ten="229,203,199,369" oya="2" hai0="115,61,83,8,6,126,78,128,116,66,94,23,135" hai1="101,34,11,62,132,67,80,45,18,31,73,130,134" hai2="121,74,85,88,40,90,51,106,21,98,76,29,53" hai3="26,100,102,71,68,72,37,1,70,119,3,122,123"/><V33/><F33/><W39/><G26/><T12/><D135/><N who="1" m="51755" /><E130/><V20/><F121/><N who="3" m="46091" /><G119/><T56/><D128/><U114/><E114/><V13/><F40/><W113/><G113/><T77/><D115/><U124/><E124/><V93/><F29/><W32/><G32/><T17/><D126/><U127/><E127/><V96/><F96/><W52/><G52/><T47/><D116/><U55/><E101/><N who="3" m="39018" /><G72/><T28/><D28/><U38/><E31/><V30/><F106/><W4/><G4/><T43/><D94/><U79/><E34/><V108/><F74/><W16/><G16/><T19/><D83/><U36/><E55/><V117/><F117/><W2/><AGARI ba="2,0" hai="1,2,3,37,39,68,70,71" m="39018,46091" machi="2" ten="50,3200,0" yaku="28,2" doraHai="104" who="3" fromWho="3" sc="229,-10,203,-10,199,-18,369,38" /><INIT seed="3,0,0,3,1,114" ten="219,193,181,407" oya="3" hai0="34,61,9,17,43,71,52,127,30,117,35,75,85" hai1="97,70,102,6,132,94,83,5,116,68,20,100,15" hai2="39,56,4,73,126,112,28,44,111,14,41,99,107" hai3="58,93,123,63,67,46,106,25,7,50,21,10,1"/><W16/><G123/><T51/><D75/><U92/><E132/><V87/><F112/><W40/><REACH who="3" step="1"/><G93/><REACH who="3" ten="219,193,181,397" step="2"/><T66/><D127/><U113/><E92/><V125/><F126/><W12/><G12/><T19/><D35/><U122/><E94/><V3/><F14/><W23/><G23/><T72/><D34/><U88/><E20/><V128/><F125/><W78/><G78/><T24/><D72/><U104/><E15/><V42/><F73/><W119/><G119/><T135/><D117/><U133/><E116/><V86/><F3/><W118/><G118/><T98/><D135/><U13/><E13/><V81/><F107/><AGARI ba="0,1" hai="1,7,10,16,21,25,40,46,50,58,63,67,106,107" machi="107" ten="40,3900,0" yaku="1,1,54,1,53,0" doraHai="114" doraHaiUra="76" who="3" fromWho="2" sc="219,0,193,0,181,-39,397,49" /><INIT seed="3,1,0,5,1,57" ten="219,193,142,446" oya="3" hai0="14,42,127,65,51,119,85,47,103,19,125,4,90" hai1="35,74,64,36,11,89,124,130,32,86,114,92,135" hai2="111,112,16,116,113,66,6,63,78,79,105,52,131" hai3="118,7,102,26,132,49,38,122,72,25,84,96,87"/><W71/><G122/><T23/><D119/><U82/><E114/><V123/><F116/><W37/><G118/><T3/><D103/><U28/><E130/><V68/><F105/><W1/><G71/><T27/><D3/><U2/><E135/><V98/><F131/><W15/><G1/><T39/><D39/><U106/><E106/><V128/><F128/><W5/><G72/><T29/><D4/><U73/><E124/><V58/><F6/><W81/><G132/><T97/><D97/><U30/><E36/><V108/><F123/><W45/><G38/><T117/><D65/><U50/><E74/><V88/><F112/><W109/><G37/><T129/><D117/><U93/><E64/><V80/><F113/><W43/><G87/><T76/><D76/><U83/><E50/><V10/><F10/><N who="3" m="4559" /><G7/><T94/><REACH who="0" step="1"/><D129/><REACH who="0" ten="209,193,142,446" step="2"/><U115/><E2/><V120/><F120/><W60/><G96/><T0/><D0/><U100/><E115/><V99/><F99/><W59/><G102/><T121/><D121/><U9/><E100/><V22/><F98/><W67/><G109/><N who="2" m="42057" /><F66/><W70/><G70/><T69/><D69/><U40/><E89/><AGARI ba="1,1" hai="25,26,43,45,49,59,60,67,81,84,89" m="4559" machi="89" ten="30,2900,0" yaku="8,1,52,1" doraHai="57" who="3" fromWho="1" sc="209,0,193,-32,142,0,446,42" /><INIT seed="3,2,0,3,5,105" ten="209,161,142,488" oya="3" hai0="25,77,82,131,107,37,30,57,62,40,7,134,108" hai1="36,71,81,113,97,56,115,29,129,21,73,90,119" hai2="4,33,66,28,26,114,120,83,27,63,109,123,116" hai3="42,18,89,65,3,8,118,69,13,111,101,88,53"/><W60/><G118/><T127/><D107/><U121/><E121/><V125/><F116/><W32/><G32/><T102/><D102/><U48/><E119/><V117/><F117/><W124/><G124/><T59/><D108/><U19/><E71/><V110/><F114/><W43/><G111/><N who="2" m="42505" /><F83/><W72/><G101/><T58/><D127/><U79/><E36/><V93/><F125/><W76/><G3/><T15/><D134/><U22/><E129/><V20/><F93/><W78/><G53/><T80/><D80/><U91/><E29/><N who="2" m="19639" /><F4/><W5/><G5/><T0/><D0/><U51/><E97/><V1/><F1/><W41/><REACH who="3" step="1"/><G72/><REACH who="3" ten="209,161,142,478" step="2"/><T24/><D7/><U2/><E2/><V44/><F44/><W47/><G47/><T31/><D131/><U52/><E113/><V100/><F100/><W132/><G132/><T14/><D40/><U38/><E115/><V54/><F54/><W133/><G133/><T64/><D64/><U99/><E52/><V16/><F28/><W87/><G87/><T70/><D31/><U75/><E75/><V68/><AGARI ba="2,1" hai="16,20,27,63,66,68,120,123" m="19639,42505" machi="68" ten="30,2000,0" yaku="14,1,54,1" doraHai="105" who="2" fromWho="2" sc="209,-7,161,-7,142,36,478,-12" /><INIT seed="4,0,0,0,4,38" ten="202,154,178,466" oya="0" hai0="68,106,62,28,128,132,47,15,31,33,27,9,26" hai1="120,24,11,72,97,23,116,32,78,125,41,46,66" hai2="25,85,56,93,52,2,83,8,49,69,0,71,104" hai3="121,1,17,59,92,5,109,96,20,18,135,63,12"/><T89/><D132/><U129/><E116/><V58/><F104/><W113/><G109/><T107/><D128/><U105/><E120/><V10/><F93/><W67/><G113/><T82/><D47/><U94/><E129/><V70/><F25/><W123/><G135/><T133/><D133/><U127/><E105/><V88/><REACH who="2" step="1"/><F58/><REACH who="2" ten="202,154,168,466" step="2"/><W40/><G59/><T99/><D107/><U103/><E32/><V98/><F98/><W84/><G92/><T29/><D106/><U53/><E125/><V44/><F44/><W55/><G96/><T131/><D99/><U87/><E127/><V37/><F37/><W91/><G121/><T65/><D131/><U117/><E117/><V22/><F22/><W110/><G123/><T79/><D27/><U19/><E11/><AGARI ba="0,1" hai="0,2,8,10,11,49,52,56,69,70,71,83,85,88" machi="11" ten="40,5200,0" yaku="1,1,54,2,53,0" doraHai="38" doraHaiUra="3" who="2" fromWho="1" sc="202,0,154,-52,168,62,466,0" /><INIT seed="5,0,0,2,1,64" ten="202,102,230,466" oya="1" hai0="67,56,125,34,99,52,43,127,122,30,91,86,88" hai1="104,132,12,50,62,110,70,84,38,69,54,10,85" hai2="75,129,48,66,105,33,23,36,95,6,8,9,82" hai3="17,117,0,28,92,37,25,46,119,51,113,42,124"/><U58/><E104/><V13/><F36/><W100/><G113/><T44/><D122/><U29/><E38/><V79/><F33/><W15/><G0/><T89/><D67/><U135/><E29/><V68/><F105/><W106/><G106/><T63/><D99/><U47/><E110/><V41/><F129/><W97/><G124/><N who="0" m="47691" /><D30/><U7/><E84/><V83/><F23/><W40/><G40/><T90/><D34/><U123/><E85/><V96/><F83/><W120/><G120/><T5/><D5/><U73/><E73/><V130/><F130/><W103/><G103/><T74/><D74/><U114/><E114/><V98/><F9/><W49/><G25/><T22/><D22/><U134/><REACH who="1" step="1"/><E123/><REACH who="1" ten="202,92,230,466" step="2"/><V111/><F111/><W118/><G28/><T3/><D3/><U71/><E71/><V32/><F68/><W101/><G37/><N who="0" m="21615" /><D91/><U116/><E116/><V45/><F75/><W76/><G117/><T102/><D102/><U21/><E21/><V80/><F32/><W87/><G101/><T55/><D55/><AGARI ba="0,1" hai="7,10,12,47,50,54,55,58,62,69,70,132,134,135" machi="55" ten="40,18000,2" yaku="1,1,20,1,52,2,53,2" doraHai="64" doraHaiUra="65" who="1" fromWho="0" sc="202,-180,92,190,230,0,466,0" /><INIT seed="5,1,0,2,1,76" ten="22,282,230,466" oya="1" hai0="32,13,101,40,28,71,63,44,19,14,67,99,124" hai1="115,25,38,135,92,60,110,125,119,22,134,72,68" hai2="64,21,120,11,107,23,41,58,126,57,80,85,106" hai3="81,69,46,56,39,0,127,29,97,12,45,48,35"/><U105/><RYUUKYOKU type="yao9" ba="1,0" sc="22,0,282,0,230,0,466,0" hai1="22,25,38,60,68,72,92,105,110,115,119,125,134,135" /><INIT seed="5,2,0,5,0,128" ten="22,282,230,466" oya="1" hai0="10,123,22,28,79,38,135,84,11,117,98,47,102" hai1="55,65,124,20,132,30,95,2,71,81,97,88,36" hai2="6,108,41,73,100,59,87,118,94,75,9,67,129" hai3="49,106,26,27,48,72,127,78,50,42,74,14,16"/><U60/><E36/><V54/><F108/><W34/><G106/><T82/><D117/><U31/><E2/><V15/><F118/><W57/><G127/><T104/><D123/><U77/><E124/><V24/><F129/><W64/><G42/><T61/><D38/><U33/><E33/><V69/><F41/><W114/><G114/><T125/><D47/><U113/><E113/><V63/><F24/><W7/><G7/><T39/><D39/><U21/><E132/><V17/><F6/><W23/><G34/><T32/><D125/><U0/><E0/><V25/><F25/><W68/><G68/><T105/><D105/><U93/><E93/><V45/><F45/><W44/><G44/><T115/><D115/><U4/><E4/><V40/><F40/><W70/><G70/><T51/><D51/><U35/><E55/><V90/><REACH who="2" step="1"/><F100/><REACH who="2" ten="22,282,220,466" step="2"/><W56/><G27/><T107/><D102/><U116/><E116/><V134/><F134/><W91/><G26/><T119/><D32/><U103/><E103/><V12/><F12/><W110/><G14/><T43/><D119/><U85/><REACH who="1" step="1"/><E35/><REACH who="1" ten="22,272,220,466" step="2"/><V109/><F109/><W112/><G110/><T80/><D135/><U130/><E130/><V83/><F83/><W53/><G112/><T99/><D82/><U18/><E18/><V37/><F37/><W126/><G16/><T101/><D43/><U122/><E122/><V89/><F89/><W19/><G91/><T5/><D101/><U13/><E13/><V62/><AGARI ba="2,2" hai="9,15,17,54,59,62,63,67,69,73,75,87,90,94" machi="62" ten="20,2700,0" yaku="1,1,0,1,7,1,53,0" doraHai="128" doraHaiUra="133" who="2" fromWho="2" sc="22,-9,272,-15,220,53,466,-9" /><INIT seed="6,0,0,5,0,19" ten="13,257,273,457" oya="2" hai0="46,126,7,45,105,78,103,77,75,123,117,73,134" hai1="27,113,101,63,37,107,93,29,40,110,92,118,44" hai2="52,28,135,121,39,13,132,51,43,65,81,38,111" hai3="8,106,3,47,22,129,59,109,86,89,42,102,15"/><V120/><F28/><W25/><G109/><T76/><D7/><U88/><E110/><V124/><F111/><W36/><G129/><T96/><D46/><U50/><E118/><V23/><F65/><W74/><G74/><T116/><D45/><U125/><E113/><V114/><F114/><W58/><G3/><T91/><D123/><U54/><E125/><V130/><F124/><W34/><G34/><T85/><D126/><U112/><E112/><V115/><F115/><W97/><G15/><T56/><D56/><U53/><E37/><N who="2" m="13835" /><F43/><W20/><G8/><T55/><D55/><U71/><E107/><V131/><F81/><W17/><G22/><T9/><D9/><U11/><E11/><V79/><F79/><W6/><G6/><T100/><D134/><N who="2" m="51242" /><F23/><W108/><G108/><T35/><D35/><U83/><E83/><AGARI ba="0,0" hai="17,20,25,36,42,47,58,59,83,86,89,97,102,106" machi="83" ten="30,2000,0" yaku="7,1,52,1" doraHai="19" who="3" fromWho="1" sc="13,0,257,-20,273,0,457,20" /><INIT seed="7,0,0,3,5,36" ten="13,237,273,477" oya="3" hai0="90,5,45,124,134,132,16,106,70,58,39,87,89" hai1="29,37,75,56,102,98,130,93,11,129,20,24,85" hai2="41,3,2,110,97,73,28,65,80,18,40,68,88" hai3="49,35,14,60,67,63,99,108,96,71,17,131,61"/><W107/><G108/><T7/><D70/><U127/><E75/><V133/><F110/><W111/><G35/><T59/><D39/><U57/><E127/><V100/><F28/><W34/><G34/><T103/><D87/><U135/><E135/><V95/><F133/><W32/><G32/><T86/><D86/><U82/><E11/><V13/><F68/><W126/><G111/><T72/><D45/><U48/><E37/><V47/><F65/><W53/><G126/><T38/><D38/><U55/><E129/><V8/><F100/><W0/><G0/><T119/><D103/><U77/><REACH who="1" step="1"/><E130/><REACH who="1" ten="13,227,273,477" step="2"/><V121/><F121/><W54/><G131/><T30/><D72/><U120/><E120/><V69/><F69/><W101/><G71/><T79/><D124/><U33/><E33/><V50/><REACH who="2" step="1"/><F41/><REACH who="2" ten="13,227,263,477" step="2"/><W114/><G67/><T117/><D106/><U21/><E21/><V78/><AGARI ba="0,2" hai="2,3,8,13,18,40,47,50,73,78,80,88,95,97" machi="78" ten="30,12000,2" yaku="1,1,2,1,0,1,52,1,54,1,53,1" doraHai="36" doraHaiUra="92" who="2" fromWho="2" sc="13,-30,227,-30,263,140,477,-60" owari="-17,-51.7,197,-20.3,403,20.3,417,51.7" /></mjloggm>