<mjloggm ver="2.3"><GO type="169" lobby="0"/><UN n0="%E3%83%90%E3%82%AD" n1="%E5%A7%9C" n2="%E3%81%8A%E3%81%98%E3%81%95%E3%82%93" n3="%E7%B4%94%E6%BD%94%E3%83%94%E3%83%A9%E3%83%8B%E3%82%A2" dan="16,16,17,16" rate="2179.82,2157.22,2210.45,2147.56" sx="M,M,M,M"/><TAIKYOKU oya="0"/><INIT seed="0,0,0,4,4,53" ten="250,250,250,250" oya="0" hai0="23,105,81,64,12,93,15,51,1,131,59,100,96" hai1="17,26,19,4,114,43,90,109,95,89,77,130,0" hai2="115,113,134,54,10,122,108,56,46,55,98,31,135" hai3="97,80,71,125,117,132,94,121,85,52,58,60,61"/><T47/><D1/><U128/><E109/><V25/><F10/><W8/><G117/><T45/><D131/><U118/><E118/><V41/><F98/><W16/><G132/><N who="2" m="50729" /><F25/><W34/><G34/><T84/><D105/><U40/><E114/><N who="2" m="43531" /><F31/><W36/><G36/><T91/><D45/><U66/><E4/><V49/><F108/><W11/><G125/><T79/><D23/><U22/><E77/><V92/><F92/><W13/><G121/><T74/><D64/><U62/><E0/><V20/><F20/><N who="3" m="11279" /><G61/><T112/><D59/><N who="1" m="37215" /><E19/><V42/><F122/><W116/><G71/><T7/><D7/><U3/><E90/><V33/><F33/><W127/><G127/><T88/><D112/><U111/><E111/><V39/><F39/><W75/><G75/><T119/><D119/><U120/><E3/><V104/><F104/><W83/><G116/><T30/><D30/><U18/><E18/><V103/><F103/><N who="3" m="60855" /><G80/><T65/><D74/><U101/><E101/><V48/><AGARI ba="0,0" hai="41,42,46,48,49,54,55,56" m="43531,50729" machi="48" ten="40,8000,1" yaku="20,1,34,2,52,1" doraHai="53" who="2" fromWho="2" sc="250,-40,250,-20,250,80,250,-20" /><INIT seed="1,0,0,2,4,115" ten="210,230,330,230" oya="1" hai0="30,36,42,68,59,57,99,98,133,20,73,61,22" hai1="66,25,17,87,96,114,89,51,56,111,47,118,90" hai2="94,103,13,83,63,5,40,91,95,4,97,53,9" hai3="64,101,120,108,123,12,93,15,76,26,85,92,31"/><U33/><E114/><V54/><F40/><W65/><G108/><T82/><D68/><U132/><E132/><V32/><F32/><W38/><G38/><T122/><D133/><U23/><E111/><V18/><F83/><W28/><G85/><T74/><D30/><U110/><E110/><V11/><F63/><W21/><G101/><T41/><D61/><U8/><E33/><V128/><F128/><W37/><G37/><T14/><D36/><U88/><E118/><V80/><F80/><W106/><G21/><T105/><D82/><U109/><E109/><V29/><F29/><W46/><G46/><T102/><D102/><U117/><E117/><V79/><F79/><W77/><REACH who="3" step="1"/><G26/><REACH who="3" ten="210,230,330,220" step="2"/><T113/><D113/><U7/><E96/><N who="2" m="57439" /><F11/><W52/><G52/><AGARI ba="0,1" hai="4,5,9,13,18,52,53,54,95,97,103" m="57439" machi="52" ten="30,2000,0" yaku="8,1,54,1" doraHai="115" who="2" fromWho="3" sc="210,0,230,0,330,30,220,-20" /><INIT seed="2,0,0,1,5,51" ten="210,230,360,200" oya="2" hai0="73,6,39,38,20,27,121,114,125,100,134,48,44" hai1="3,126,101,87,52,43,80,22,82,13,92,118,88" hai2="31,104,15,0,65,54,28,23,96,75,93,122,123" hai3="105,127,62,40,34,72,4,131,94,128,69,85,76"/><V130/><F75/><W97/><G34/><T41/><D121/><U107/><E3/><V86/><F0/><W98/><G40/><T78/><D114/><U37/><E118/><V133/><F133/><W21/><G4/><T102/><D134/><U108/><E108/><V9/><F130/><N who="3" m="49707" /><G21/><T30/><D125/><U32/><E32/><V120/><F65/><N who="3" m="41143" /><G105/><T24/><D6/><U58/><E126/><V49/><F86/><W33/><G33/><T132/><D132/><U109/><E43/><V124/><F104/><W64/><G64/><T60/><D27/><U99/><E37/><V90/><F23/><W67/><G67/><T1/><D1/><U10/><E22/><V29/><F124/><W35/><G35/><T106/><D106/><U8/><E109/><V129/><F129/><W12/><G12/><T18/><D38/><U74/><E74/><V36/><F36/><W55/><G55/><T53/><D30/><U77/><E77/><V119/><F119/><W66/><G66/><T7/><D7/><U81/><REACH who="1" step="1"/><E13/><REACH who="1" ten="210,220,360,200" step="2"/><V84/><F123/><W26/><G127/><T89/><D78/><U25/><E25/><V103/><F15/><W71/><G26/><T46/><D73/><U47/><E47/><V59/><F9/><W91/><G71/><T61/><REACH who="0" step="1"/><D89/><REACH who="0" ten="200,220,360,200" step="2"/><U115/><E115/><V83/><AGARI ba="0,2" hai="28,29,31,49,54,59,83,84,90,93,96,103,120,122" machi="83" ten="30,3000,0" yaku="0,1,52,1" doraHai="51" who="2" fromWho="2" sc="200,-10,220,-10,360,50,200,-10" /><INIT seed="2,1,0,5,1,22" ten="190,210,410,190" oya="2" hai0="42,8,56,80,106,28,39,115,97,88,7,43,129" hai1="17,77,4,23,124,45,71,57,0,130,102,76,110" hai2="127,41,3,126,133,24,134,64,15,132,38,75,69" hai3="128,51,98,108,70,47,29,6,16,100,114,18,27"/><V86/><F75/><W123/><G123/><T35/><D115/><U49/><E71/><V9/><F3/><W84/><G114/><T89/><D129/><U53/><E130/><V118/><F118/><W93/><G128/><T131/><D131/><U21/><E110/><V101/><F101/><W20/><G108/><T107/><D56/><U117/><E124/><N who="2" m="47659" /><F86/><W5/><G70/><T40/><D39/><U54/><E117/><V105/><F105/><W65/><G65/><T96/><D80/><U116/><E102/><V66/><F69/><W82/><G6/><T30/><D8/><U34/><E23/><V68/><F68/><W81/><G5/><T62/><D62/><U85/><E34/><V26/><F41/><N who="3" m="25071" /><G81/><T112/><D7/><U119/><E119/><V73/><F73/><W79/><AGARI ba="1,0" hai="16,18,20,27,29,79,82,84,93,98,100" m="25071" machi="79" ten="30,4000,0" yaku="8,1,52,1,54,1" doraHai="22" who="3" fromWho="3" sc="190,-11,210,-11,410,-21,190,43" /><INIT seed="3,0,0,4,1,133" ten="179,199,389,233" oya="3" hai0="86,97,84,39,34,121,41,107,66,85,73,45,82" hai1="8,51,43,74,103,79,96,90,109,4,75,134,54" hai2="0,28,56,14,35,105,99,101,3,115,117,17,33" hai3="108,38,12,98,13,69,123,1,5,42,119,70,114"/><W88/><G114/><T44/><D121/><U55/><E109/><V83/><F115/><W129/><G123/><T18/><D34/><U47/><E134/><V19/><F117/><W53/><G119/><T6/><D66/><U25/><E90/><V21/><F83/><W71/><G108/><T125/><D125/><U91/><E91/><V31/><F56/><W78/><G78/><T113/><D113/><U24/><E24/><N who="2" m="14383" /><F99/><W15/><G53/><T130/><D130/><U40/><E25/><V131/><F101/><W68/><G129/><T27/><D45/><U16/><E55/><V29/><F105/><W120/><G120/><T72/><D18/><U50/><E4/><V61/><F61/><W63/><G63/><T128/><D27/><U111/><E79/><V52/><F52/><W48/><G48/><T81/><D128/><U112/><E111/><V57/><F57/><W20/><G20/><T22/><D22/><U100/><E100/><V127/><F131/><W49/><G49/><T30/><D81/><U93/><E43/><V110/><F110/><W11/><N who="3" m="17408" /><DORA hai="102" /><W2/><G2/><N who="2" m="553" /><F127/><W124/><G124/><T32/><D82/><U37/><E51/><V60/><F60/><W64/><G64/><T67/><D67/><U94/><E94/><V118/><F118/><W23/><G23/><AGARI ba="0,0" hai="14,19,23,28,29,31,33,35" m="553,14383" machi="23" ten="30,8000,1" yaku="35,5" doraHai="133,102" who="2" fromWho="3" sc="179,0,199,0,389,80,233,-80" /><INIT seed="4,0,0,0,1,13" ten="179,199,469,153" oya="0" hai0="88,19,62,18,59,27,29,49,12,114,43,124,10" hai1="116,70,25,4,112,36,66,111,50,45,80,14,135" hai2="61,65,34,78,0,64,127,89,77,5,96,42,28" hai3="11,123,8,30,3,17,119,120,9,46,16,56,101"/><T58/><D114/><U122/><E122/><N who="3" m="46634" /><G119/><T55/><D124/><U82/><E116/><V68/><F65/><W54/><G3/><T92/><D43/><U86/><E111/><V76/><F42/><W133/><G133/><T115/><D115/><U44/><E36/><V40/><F40/><W113/><G113/><T91/><D92/><U129/><E135/><V118/><F77/><W21/><G46/><T20/><D29/><U132/><E129/><V117/><F96/><W97/><G21/><T90/><D90/><U95/><E66/><AGARI ba="0,0" hai="10,12,18,19,20,27,49,55,58,59,62,66,88,91" machi="66" ten="30,12000,1" yaku="7,1,8,1,52,2,54,1" doraHai="13" who="0" fromWho="1" sc="179,120,199,-120,469,0,153,0" /><INIT seed="4,1,0,5,2,87" ten="299,79,469,153" oya="0" hai0="123,40,67,19,129,15,98,21,57,73,68,72,86" hai1="58,90,132,102,105,65,2,99,51,4,47,100,111" hai2="0,32,25,103,44,96,33,124,89,120,59,77,8" hai3="110,39,109,71,35,92,38,61,54,80,64,42,6"/><T22/><D123/><U12/><E111/><V13/><F120/><W85/><G35/><T69/><D129/><U34/><E34/><V36/><F0/><W26/><G26/><T126/><D126/><U91/><E132/><V116/><F77/><W10/><G92/><T20/><D40/><U55/><E2/><V95/><F124/><W3/><G54/><T134/><D134/><U53/><E65/><V66/><F25/><W81/><G81/><T23/><D98/><U52/><E102/><V37/><F37/><W74/><G38/><T76/><D57/><U84/><E84/><V18/><F116/><W118/><G118/><T16/><D19/><U17/><E4/><V112/><F112/><W131/><G131/><T27/><D27/><U1/><E1/><V41/><F103/><W62/><G62/><T56/><D56/><U11/><REACH who="1" step="1"/><E55/><REACH who="1" ten="299,69,469,153" step="2"/><V115/><F115/><W9/><G74/><T107/><D67/><U29/><E29/><V127/><F127/><W117/><G117/><T45/><D72/><U130/><E130/><V108/><F108/><W113/><G113/><T49/><D73/><U128/><E128/><V135/><F135/><W70/><G70/><T30/><D69/><U119/><E119/><V88/><F66/><W78/><G109/><T106/><D68/><U46/><E46/><V125/><F125/><W60/><G110/><T93/><D30/><U31/><E31/><V48/><F33/><W94/><G64/><T43/><D76/><U50/><AGARI ba="1,1" hai="11,12,17,47,50,51,52,53,58,90,91,99,100,105" machi="50" ten="20,12000,2" yaku="1,1,0,1,7,1,52,2,54,1,53,1" doraHai="87" doraHaiUra="101" who="1" fromWho="1" sc="299,-61,69,133,469,-31,153,-31" /><INIT seed="5,0,0,0,0,71" ten="238,202,438,122" oya="1" hai0="108,4,124,54,113,56,60,46,78,58,15,84,47" hai1="69,25,59,133,6,109,24,66,91,89,20,97,114" hai2="18,77,49,135,64,111,63,31,102,33,61,22,79" hai3="29,23,28,93,55,41,27,116,100,134,57,130,8"/><U30/><E114/><V94/><F111/><W123/><G123/><T74/><D108/><U131/><E109/><V103/><F135/><W75/><G75/><T98/><D113/><U129/><E69/><V14/><F33/><W70/><G70/><T132/><D74/><U125/><E133/><V36/><F36/><W26/><G116/><T42/><D132/><U38/><E125/><V110/><F31/><W88/><G130/><N who="1" m="49674" /><E6/><V126/><F126/><W99/><G134/><T112/><D112/><U21/><E38/><V19/><F110/><W50/><G8/><N who="0" m="4487" /><D42/><U40/><E40/><V80/><F49/><W62/><G41/><T95/><D56/><U11/><E11/><N who="2" m="6495" /><F94/><W127/><G127/><T115/><D115/><U122/><E122/><V34/><F34/><W90/><REACH who="3" step="1"/><G50/><REACH who="3" ten="238,202,438,112" step="2"/><T87/><D124/><U82/><E66/><V76/><F64/><W72/><G72/><T48/><D48/><U117/><E117/><V65/><F65/><W105/><G105/><T68/><D68/><U106/><E106/><V104/><F104/><W121/><G121/><T119/><D119/><U118/><E118/><V81/><F63/><W52/><G52/><T35/><D60/><U67/><E67/><V83/><F61/><W120/><G120/><T7/><D54/><U2/><E2/><V13/><AGARI ba="0,1" hai="13,19,22,76,77,79,80,81,83,102,103" m="6495" machi="13" ten="30,1100,0" yaku="8,1" doraHai="71" who="2" fromWho="2" sc="238,-3,202,-5,438,21,112,-3" /><INIT seed="6,0,0,5,3,92" ten="235,197,459,109" oya="2" hai0="28,27,117,0,17,103,63,121,1,62,104,47,128" hai1="101,96,122,54,14,125,112,25,74,53,68,126,24" hai2="79,119,29,85,39,106,133,110,132,88,43,113,107" hai3="19,48,70,18,3,7,108,81,60,71,90,64,50"/><V41/><F119/><W9/><G108/><T15/><D121/><U55/><E74/><V57/><F110/><W45/><G70/><T5/><D117/><U22/><E68/><V91/><F113/><W59/><G71/><T78/><D128/><U12/><E112/><V11/><F29/><W56/><G56/><T35/><D78/><U124/><E122/><V42/><F39/><W120/><G50/><T95/><D104/><U38/><E38/><V83/><F11/><W98/><G120/><T58/><D47/><U2/><E2/><V127/><F127/><W13/><G3/><T52/><D5/><U49/><E49/><V37/><F37/><W114/><G114/><T115/><D63/><U131/><E25/><V26/><F26/><W34/><G34/><T130/><D130/><U21/><E21/><V76/><F57/><W30/><G30/><T33/><D33/><U65/><E65/><V80/><F41/><W31/><G31/><T129/><D129/><U4/><E4/><V32/><F32/><W116/><G116/><T100/><D100/><U99/><E101/><V82/><F82/><W109/><G109/><T105/><D105/><U10/><E10/><V86/><AGARI ba="0,0" hai="42,43,76,79,80,83,85,86,88,91,106,107,132,133" machi="86" ten="25,9600,0" yaku="0,1,22,2,54,1" doraHai="92" who="2" fromWho="2" sc="235,-32,197,-32,459,96,109,-32" /><INIT seed="6,1,0,5,0,125" ten="203,165,555,77" oya="2" hai0="89,116,55,100,21,61,46,108,31,7,14,58,115" hai1="84,88,11,39,90,60,98,44,18,82,41,99,50" hai2="30,54,42,118,51,64,114,45,105,74,0,95,92" hai3="80,33,111,71,131,26,66,3,34,37,75,1,72"/><V112/><F105/><W4/><G4/><T134/><D108/><U48/><E60/><V122/><F0/><N who="3" m="75" /><G66/><T87/><D116/><U57/><E39/><V73/><F64/><W97/><G80/><T113/><D134/><U38/><E38/><V104/><F104/><W56/><G56/><T120/><D120/><U96/><E57/><V32/><F95/><W85/><G85/><T126/><D126/><U35/><E35/><N who="3" m="13322" /><G26/><T17/><D7/><U128/><E50/><V23/><F92/><W83/><G83/><T67/><D67/><U24/><E24/><V22/><F22/><W10/><G10/><T6/><D6/><U62/><E90/><V133/><F23/><W27/><G27/><T130/><D89/><U65/><E65/><V107/><F32/><W53/><G53/><T8/><D55/><U127/><E127/><V52/><F107/><W102/><G111/><T40/><D58/><U91/><E91/><V25/><F25/><W47/><G97/><T121/><D8/><U117/><E11/><V49/><F54/><W81/><G102/><T124/><D100/><U109/><E109/><V70/><F52/><W103/><G103/><T29/><D87/><U63/><E99/><V79/><F51/><W77/><G131/><T106/><D130/><U43/><E128/><V68/><F49/><W94/><G94/><T69/><D124/><U20/><E98/><V129/><F129/><W78/><G71/><T132/><D106/><U19/><E96/><V9/><F70/><W13/><G13/><T5/><D69/><U28/><E84/><V36/><F68/><RYUUKYOKU ba="1,0" sc="203,0,165,0,555,0,77,0" /><INIT seed="7,2,0,2,0,91" ten="203,165,555,77" oya="3" hai0="125,30,5,48,2,57,56,64,62,42,120,121,110" hai1="17,73,1,113,126,20,41,88,46,60,27,78,10" hai2="105,53,38,25,50,37,92,79,29,134,72,55,44" hai3="8,65,58,94,68,128,51,90,114,43,59,69,3"/><W131/><G114/><T28/><D110/><U133/><E113/><V83/><F105/><W112/><G112/><T132/><D132/><U87/><E126/><V47/><F134/><W34/><G34/><T102/><D125/><U111/><E111/><V123/><F123/><W74/><G74/><T54/><D102/><U52/><E73/><V124/><F92/><W130/><G43/><T98/><D98/><U11/><E78/><V32/><F124/><W40/><G40/><T135/><D135/><U103/><E103/><V85/><F85/><W75/><G75/><T84/><D42/><U16/><E1/><V115/><F115/><W23/><G23/><T129/><D129/><U45/><E17/><V106/><F106/><W76/><G76/><T33/><D33/><U100/><E100/><V31/><F31/><W97/><G65/><T116/><D116/><U67/><E67/><V80/><F80/><W107/><G107/><T122/><D84/><U6/><E6/><V127/><F127/><W119/><G119/><T117/><D117/><U19/><E19/><V101/><F37/><W7/><REACH who="3" step="1"/><G51/><REACH who="3" ten="203,165,555,67" step="2"/><T118/><D118/><U109/><E133/><V61/><F72/><W15/><G15/><T49/><D48/><N who="1" m="26671" /><E109/><V108/><F50/><W21/><G21/><T71/><D71/><AGARI ba="2,1" hai="3,7,8,58,59,68,69,71,90,94,97,128,130,131" machi="71" ten="50,9600,0" yaku="1,1,19,1,52,1,53,0" doraHai="91" doraHaiUra="26" who="3" fromWho="0" sc="203,-102,165,0,555,0,67,112" /><INIT seed="7,3,0,0,5,89" ten="101,165,555,179" oya="3" hai0="1,87,79,63,131,70,66,54,50,60,22,74,26" hai1="67,121,122,8,129,108,128,57,107,53,105,106,47" hai2="81,58,24,75,20,25,118,123,93,114,111,37,134" hai3="72,101,135,13,30,78,40,68,115,127,76,132,83"/><W38/><G68/><T11/><D131/><N who="1" m="50251" /><E108/><V120/><F37/><W61/><G115/><T36/><D74/><U73/><E73/><V42/><F42/><W126/><G61/><T35/><D35/><U77/><E77/><V104/><F104/><W10/><G30/><T51/><D36/><U82/><E82/><V31/><F25/><W84/><G101/><T124/><D124/><N who="3" m="47657" /><G78/><T100/><D100/><U28/><E28/><V109/><F31/><W98/><G98/><T103/><D103/><U85/><E85/><V113/><F113/><W69/><G69/><T7/><D79/><U49/><E8/><V86/><F114/><W32/><G32/><T45/><D87/><U4/><E4/><V16/><F109/><W39/><G72/><T92/><D63/><AGARI ba="3,0" hai="47,49,53,57,63,67,105,106,107,121,122" m="50251" machi="63" ten="40,1300,0" yaku="19,1" doraHai="89" who="1" fromWho="0" sc="101,-22,165,22,555,0,179,0" owari="79,-42.1,187,-1.3,555,65.5,179,-22.1" /></mjloggm>