<mjloggm ver="2.3"><GO type="169" lobby="0"/><UN n0="%E2%91%A3%E3%82%BB%E3%83%B3%E3%83%81" n1="%65%76%69%61%6E%36%31%39" n2="%E4%B8%8A%E6%B5%B7%E3%83%8B%E3%83%83%E3%82%AF" n3="%74%6F%72%69%30%36%31%32" dan="18,16,16,18" rate="2252.34,2122.34,2164.43,2193.27" sx="M,M,M,M"/><TAIKYOKU oya="0"/><INIT seed="0,0,0,4,4,108" ten="250,250,250,250" oya="0" hai0="36,125,109,117,131,76,133,44,95,47,75,121,58" hai1="84,3,10,106,91,74,56,37,24,31,0,71,132" hai2="115,46,22,38,97,45,57,15,90,111,127,79,67" hai3="101,62,113,9,53,89,94,51,88,12,42,103,73"/><T93/><D75/><U124/><E71/><V80/><F115/><W30/><G113/><T83/><D117/><U6/><E74/><V65/><F111/><W114/><G73/><T107/><D107/><U128/><E106/><V28/><F127/><W123/><G123/><T48/><D109/><U60/><E37/><V61/><F67/><W122/><G122/><T59/><D121/><U4/><E132/><V130/><F38/><W11/><G30/><T85/><D131/><U27/><E128/><V21/><F21/><W8/><G89/><T2/><D2/><U70/><E70/><V20/><F20/><W64/><G42/><T49/><D36/><U105/><E105/><V25/><F15/><W92/><G92/><N who="0" m="35403" /><D125/><U18/><E124/><V100/><F90/><W14/><G114/><T1/><D1/><U55/><E18/><V120/><F130/><W87/><G103/><T135/><D135/><U116/><E31/><V34/><F34/><W40/><G40/><N who="0" m="24583" /><D133/><U129/><E129/><V118/><F118/><W110/><G101/><T17/><D17/><U72/><E72/><V63/><F120/><W43/><G43/><AGARI ba="0,0" hai="43,47,49,58,59,76,83,85" m="24583,35403" machi="43" ten="30,1500,0" yaku="8,1" doraHai="108" who="0" fromWho="3" sc="250,15,250,0,250,0,250,-15" /><INIT seed="0,1,0,4,4,76" ten="265,250,250,235" oya="0" hai0="71,29,61,101,69,70,56,113,114,58,130,36,65" hai1="68,15,19,47,14,90,3,13,30,62,85,59,122" hai2="23,127,115,92,117,95,50,135,6,26,22,44,31" hai3="37,73,129,60,81,55,102,97,94,87,64,124,110"/><T42/><D29/><U103/><E3/><V99/><F115/><N who="0" m="44042" /><D101/><U100/><E68/><N who="0" m="26217" /><D130/><U107/><E30/><V77/><F135/><W93/><G73/><T51/><D36/><U54/><E122/><V75/><F127/><W108/><G124/><T17/><D17/><U98/><E100/><V86/><F75/><W11/><G37/><T39/><D39/><U34/><E34/><V119/><F6/><W111/><G11/><T132/><D132/><U134/><E134/><V0/><F0/><W112/><G112/><T40/><N who="0" m="26225" /><T83/><DORA hai="96" /><D83/><U49/><E19/><V57/><F23/><W53/><G94/><T7/><D7/><U4/><E4/><V10/><F10/><W125/><G129/><T48/><D58/><U89/><REACH who="1" step="1"/><E85/><REACH who="1" ten="265,240,250,235" step="2"/><V21/><F119/><W28/><G28/><T88/><D88/><U5/><E5/><V2/><F2/><W82/><G125/><T16/><D16/><U52/><AGARI ba="1,1" hai="13,14,15,47,49,52,54,59,62,89,90,98,103,107" machi="52" ten="30,8000,1" yaku="1,1,0,1,52,1,54,1,53,1" doraHai="76,96" doraHaiUra="45,116" who="1" fromWho="1" sc="265,-41,240,93,250,-21,235,-21" /><INIT seed="1,0,0,3,2,30" ten="224,333,229,214" oya="1" hai0="108,46,57,120,62,22,34,8,126,52,53,64,54" hai1="61,55,19,23,127,68,39,88,95,101,81,134,29" hai2="47,1,79,82,78,26,115,59,5,35,17,124,128" hai3="69,15,25,51,11,87,63,12,84,135,33,114,129"/><U131/><E39/><V32/><F128/><W24/><G114/><T77/><D34/><U38/><E38/><V20/><F115/><W103/><G135/><T67/><D77/><U66/><E29/><V27/><F124/><W36/><G36/><T7/><D126/><U98/><E127/><V111/><F47/><W102/><G51/><T70/><D22/><U3/><E3/><V104/><F104/><W93/><G69/><T42/><D8/><U45/><E131/><V132/><F79/><W13/><G63/><N who="0" m="40319" /><D7/><U107/><E45/><V92/><F92/><W16/><G129/><T9/><D9/><U40/><E40/><V76/><F76/><W105/><G105/><T37/><D108/><U74/><E55/><V14/><F59/><W58/><G33/><N who="2" m="12873" /><F82/><W122/><G58/><N who="0" m="36951" /><D120/><U91/><E134/><V44/><F44/><W97/><G122/><T21/><D21/><U10/><E95/><V28/><F78/><W116/><G116/><T4/><D4/><U50/><E81/><V112/><F132/><W85/><G103/><T133/><D133/><U2/><E101/><V6/><F112/><W75/><G75/><T96/><D96/><U60/><E74/><V90/><F90/><W65/><G65/><T109/><D109/><U43/><E98/><V41/><F111/><W110/><G110/><T106/><D106/><U99/><E107/><V123/><F123/><W48/><G48/><AGARI ba="0,0" hai="37,42,46,48,52,53,54,57" m="36951,40319" machi="48" ten="30,12000,2" yaku="24,1,35,5,54,1" doraHai="30" who="0" fromWho="3" sc="224,120,333,0,229,0,214,-120" /><INIT seed="2,0,0,0,1,78" ten="344,333,229,94" oya="2" hai0="57,124,36,122,119,5,64,89,9,16,92,134,88" hai1="56,74,69,35,7,2,59,65,128,45,121,55,104" hai2="117,6,107,116,118,126,29,18,114,83,21,73,50" hai3="97,120,67,30,12,127,39,26,34,71,52,84,82"/><V101/><F114/><W93/><G120/><T105/><D105/><U96/><E59/><V11/><F126/><W62/><G39/><T131/><D122/><U106/><E56/><V41/><F29/><W3/><G3/><T87/><D36/><U48/><E128/><V86/><F73/><W100/><G127/><T49/><D124/><U32/><E7/><V111/><F111/><W130/><G130/><T53/><D131/><U102/><E2/><V129/><F129/><W90/><G12/><T54/><D134/><U4/><E4/><V42/><F101/><W46/><G46/><T33/><D33/><U77/><E106/><V123/><F107/><W61/><G61/><T113/><D119/><U44/><E44/><V20/><F123/><W72/><G72/><T110/><D64/><U22/><E22/><V58/><F58/><W66/><G66/><T15/><D110/><U85/><E74/><V76/><F18/><W0/><G0/><T125/><D125/><U17/><E17/><V19/><F19/><W27/><G27/><T68/><D68/><U14/><E14/><N who="2" m="5495" /><F41/><W91/><REACH who="3" step="1"/><G52/><REACH who="3" ten="344,333,229,84" step="2"/><T31/><D54/><U70/><E121/><V28/><F28/><W99/><G99/><T115/><D53/><U133/><E65/><V108/><F108/><W79/><AGARI ba="0,1" hai="26,30,34,62,67,71,79,82,84,90,91,93,97,100" machi="79" ten="20,8000,1" yaku="1,1,0,1,7,1,52,1,53,1" doraHai="78" doraHaiUra="63" who="3" fromWho="3" sc="344,-20,333,-20,229,-40,84,90" /><INIT seed="3,0,0,3,0,70" ten="324,313,189,174" oya="3" hai0="44,29,20,73,1,117,25,12,78,106,4,97,75" hai1="6,51,82,16,30,15,126,10,7,5,133,38,112" hai2="105,48,42,46,33,74,60,58,0,130,36,45,71" hai3="86,22,129,98,92,37,132,32,21,62,95,59,65"/><W96/><G32/><T103/><D117/><U99/><E112/><V107/><F74/><W108/><G129/><T41/><D1/><U50/><E133/><V123/><F0/><W87/><G37/><T11/><REACH who="0" step="1"/><D78/><REACH who="0" ten="314,313,189,174" step="2"/><U114/><E114/><V34/><F130/><W94/><G132/><T115/><D115/><U40/><E126/><V72/><F123/><W111/><G98/><T88/><D88/><U27/><E99/><V109/><F109/><N who="3" m="42059" /><G96/><T135/><D135/><U69/><E69/><V127/><F127/><W90/><G87/><T77/><D77/><U13/><E82/><AGARI ba="0,1" hai="21,22,59,62,65,82,86,90,92,94,95" m="42059" machi="82" ten="30,2900,0" yaku="14,1,10,1" doraHai="70" who="3" fromWho="1" sc="314,0,313,-29,189,0,174,39" /><INIT seed="3,1,0,5,2,105" ten="314,284,189,213" oya="3" hai0="63,18,28,76,133,81,74,77,95,117,41,57,27" hai1="135,56,79,29,124,104,67,54,59,101,39,61,26" hai2="71,73,69,51,75,127,58,130,55,6,87,44,94" hai3="108,91,45,78,53,116,113,131,102,38,132,1,15"/><W31/><G15/><T10/><D117/><U22/><E135/><V68/><F130/><W97/><G91/><T17/><D133/><U134/><E124/><V14/><F127/><W47/><G53/><T84/><D41/><U35/><E134/><V32/><F32/><W126/><G47/><T21/><D10/><U30/><E39/><V125/><F125/><W11/><G31/><T83/><REACH who="0" step="1"/><D95/><REACH who="0" ten="304,284,189,213" step="2"/><U85/><E104/><V122/><F122/><W70/><G132/><T114/><D114/><U103/><E35/><V34/><F34/><W52/><G126/><T72/><D72/><U46/><E30/><V16/><F6/><W64/><G113/><T109/><D109/><U111/><E111/><V19/><F94/><W93/><G116/><T106/><D106/><U3/><E29/><V24/><F87/><W12/><G108/><T37/><D37/><U62/><E85/><V115/><F115/><W0/><G38/><T5/><D5/><U33/><E33/><V92/><F92/><W13/><G11/><T96/><D96/><U123/><E123/><V90/><F75/><W98/><G93/><T49/><D49/><U25/><E103/><V4/><F73/><W100/><G102/><T60/><D60/><U129/><E62/><V86/><F4/><W99/><G98/><T110/><D110/><U20/><E61/><V121/><F121/><W2/><G99/><T119/><D119/><U107/><E101/><V80/><F86/><W23/><G97/><T128/><D128/><U48/><E129/><V50/><F50/><N who="3" m="28751" /><G131/><T118/><D118/><U82/><E107/><RYUUKYOKU ba="1,1" sc="304,30,284,-10,189,-10,213,-10" hai0="17,18,21,27,28,57,63,74,76,77,81,83,84" /><INIT seed="4,2,1,0,5,66" ten="334,274,179,203" oya="0" hai0="86,56,71,27,82,104,122,67,49,55,19,13,69" hai1="100,35,20,102,30,23,34,5,15,97,12,120,95" hai2="62,72,85,91,87,22,129,93,124,90,113,46,31" hai3="28,68,37,3,115,111,1,47,126,83,101,94,73"/><T64/><D104/><U74/><E120/><V57/><F113/><W128/><G94/><T61/><D122/><U36/><E36/><V33/><F129/><W26/><G101/><T117/><D117/><U119/><E74/><V109/><F124/><W89/><G89/><T107/><D107/><U134/><E134/><V114/><F114/><W32/><G115/><T79/><D27/><U63/><E5/><V16/><F72/><W41/><G111/><T92/><D92/><U99/><E63/><V48/><F109/><W44/><G44/><T24/><D24/><U43/><E43/><V21/><F33/><W11/><G128/><T80/><D80/><U8/><E8/><V50/><F22/><W130/><G126/><T42/><D42/><U10/><E10/><V40/><F50/><W58/><G58/><T110/><D110/><U60/><E60/><V14/><F31/><W105/><G105/><T106/><D106/><U103/><E30/><V81/><F62/><W78/><G130/><T98/><D98/><U0/><E0/><N who="3" m="74" /><G11/><T96/><D96/><N who="1" m="36939" /><E95/><V88/><F57/><W2/><G2/><T4/><D67/><U52/><E119/><V127/><F127/><W125/><G125/><T70/><D4/><U29/><E102/><V65/><F65/><W123/><G123/><T9/><AGARI ba="2,1" hai="9,13,19,49,55,56,61,64,69,70,71,79,82,86" machi="9" ten="20,12000,1" yaku="0,1,7,1,52,3" doraHai="66" who="0" fromWho="0" sc="334,136,274,-42,179,-42,203,-42" /><INIT seed="4,3,0,1,2,61" ten="470,232,137,161" oya="0" hai0="7,31,91,13,97,49,17,78,129,14,53,119,56" hai1="112,122,73,72,101,42,11,67,21,71,66,33,68" hai2="87,40,27,99,126,88,107,95,59,38,118,3,103" hai3="30,127,64,90,134,63,1,69,96,15,114,4,52"/><T0/><D119/><U48/><E33/><V81/><F126/><W75/><G1/><T133/><D0/><U65/><E122/><V9/><F118/><W35/><G75/><T125/><D125/><U60/><E11/><V94/><F27/><W84/><G114/><T131/><D133/><U100/><E21/><V98/><F59/><W104/><G134/><T105/><D78/><U28/><E28/><V109/><F109/><W50/><G127/><T123/><D123/><U132/><E132/><V135/><F135/><W19/><G4/><T102/><D31/><U111/><E60/><V124/><F124/><W93/><G30/><T6/><D14/><U83/><E83/><N who="2" m="49279" /><F40/><W18/><G35/><T106/><D106/><U77/><E77/><V70/><F70/><W34/><G34/><T47/><D91/><U116/><E111/><V25/><F38/><W45/><G15/><T130/><REACH who="0" step="1"/><D47/><REACH who="0" ten="460,232,137,161" step="2"/><U51/><E116/><V76/><F3/><W128/><G128/><T16/><D16/><U121/><E121/><V46/><F46/><W110/><G110/><T39/><D39/><U2/><E2/><V22/><F25/><W117/><G117/><T55/><D55/><U41/><REACH who="1" step="1"/><E66/><REACH who="1" ten="460,222,137,161" step="2"/><V10/><F10/><AGARI ba="3,2" hai="6,7,10,13,17,49,53,56,97,102,105,129,130,131" machi="10" ten="40,7700,0" yaku="1,1,19,1,53,1" doraHai="61" doraHaiUra="12" who="0" fromWho="2" sc="460,106,222,0,137,-86,161,0" /><INIT seed="4,4,0,0,2,44" ten="566,222,51,161" oya="0" hai0="69,86,40,23,110,72,82,104,92,59,7,102,42" hai1="103,4,73,13,53,54,74,5,41,123,26,108,25" hai2="71,20,9,107,19,37,77,80,125,31,67,116,39" hai3="105,88,57,84,79,56,36,48,6,115,97,118,1"/><T43/><D69/><U76/><E108/><V100/><F125/><W50/><G36/><T91/><D110/><U133/><E133/><V89/><F116/><W60/><G118/><T29/><D7/><U49/><E103/><V52/><F31/><W101/><G79/><T122/><D122/><U33/><E41/><V62/><F89/><W126/><G115/><T120/><D120/><U27/><E13/><V64/><F64/><W30/><G57/><T61/><D29/><U3/><E76/><V22/><F9/><W114/><G114/><T96/><D23/><U47/><E33/><V129/><F129/><W111/><G126/><T46/><D72/><U15/><E15/><V66/><F66/><W134/><G30/><T119/><D119/><U24/><E123/><V11/><F11/><W135/><G111/><T68/><D68/><U0/><N who="1" m="6144" /><DORA hai="55" /><U51/><E4/><V63/><F100/><W78/><G78/><T28/><D28/><U93/><E93/><V87/><F107/><W16/><G16/><T117/><D117/><U94/><E94/><V85/><F85/><W113/><G113/><T8/><D8/><U99/><E99/><V32/><F32/><W109/><G1/><T95/><REACH who="0" step="1"/><D46/><REACH who="0" ten="556,222,51,161" step="2"/><U35/><E35/><V12/><REACH who="2" step="1"/><F22/><REACH who="2" ten="556,222,41,161" step="2"/><W132/><G109/><T2/><D2/><U83/><E0/><V121/><F121/><W98/><G132/><T18/><D18/><U14/><E3/><V90/><F90/><W127/><G135/><T75/><D75/><U34/><E34/><V38/><F38/><W45/><G134/><T70/><D70/><RYUUKYOKU ba="4,2" sc="556,15,222,-15,41,15,161,-15" hai0="40,42,43,59,61,82,86,91,92,95,96,102,104" hai2="12,19,20,37,39,52,62,63,67,71,77,80,87" /><INIT seed="4,5,2,5,2,14" ten="571,207,56,146" oya="0" hai0="32,29,87,133,7,75,81,96,15,4,110,119,47" hai1="99,77,107,37,85,120,123,59,41,64,33,74,27" hai2="80,89,12,86,93,60,67,114,2,23,46,61,0" hai3="125,24,26,109,19,130,62,134,117,38,6,58,40"/><T92/><D119/><U39/><E85/><V129/><F114/><W10/><G109/><T113/><D75/><U34/><E41/><V94/><F129/><W108/><G108/><T106/><D110/><U116/><E59/><V53/><F0/><W20/><G117/><T90/><D113/><U112/><E116/><V97/><F2/><W16/><G125/><T127/><D106/><U69/><E112/><V118/><F118/><W18/><G134/><T50/><D133/><U44/><E44/><V135/><F135/><W84/><G130/><T66/><D66/><U57/><E57/><V28/><F67/><W70/><G70/><T98/><D98/><U9/><E9/><V13/><F13/><N who="3" m="5335" /><G40/><T49/><D49/><U103/><E34/><V88/><F80/><W25/><G84/><T79/><D127/><U30/><E123/><V111/><F111/><W5/><G5/><T22/><D32/><U51/><E51/><V115/><F115/><W42/><G42/><N who="0" m="24951" /><D29/><U21/><E21/><V72/><F28/><N who="3" m="17415" /><G38/><T1/><D1/><U126/><E120/><V35/><F35/><W128/><G128/><T68/><D68/><U83/><E126/><V65/><F72/><W56/><G56/><T11/><D22/><U17/><E39/><V76/><F65/><AGARI ba="5,2" hai="16,18,19,25,26,58,62,65" m="17415,5335" machi="65" ten="30,8000,1" yaku="8,1,52,3,54,1" doraHai="14" who="3" fromWho="2" sc="571,0,207,0,56,-95,146,115" owari="571,67.1,207,-19.3,-39,-53.9,261,6.1" /></mjloggm>