<mjloggm ver="2.3"><GO type="225" lobby="0"/><UN n0="%E3%81%AF%E3%82%88%E3%81%8A%E3%81%98%E3%81%95%E3%82%93" n1="%E3%81%82%E3%81%84%E3%81%82%E3%81%8A%E3%81%84" n2="%E3%81%94%E3%83%BC%E3%81%A9%E3%82%93" n3="%E3%81%BF%E3%81%BF%E3%81%9A" dan="16,18,16,17" rate="2206.62,2214.12,2095.39,2255.19" sx="M,M,M,M"/><TAIKYOKU oya="0"/><INIT seed="0,0,0,1,5,48" ten="250,250,250,250" oya="0" hai0="71,102,75,95,100,90,31,47,131,112,62,4,50" hai1="67,15,61,32,57,5,121,34,94,55,125,132,103" hai2="92,40,82,12,83,84,68,41,44,56,113,109,9" hai3="110,86,134,73,127,93,20,106,64,91,85,0,1"/><T60/><D112/><U21/><E121/><V28/><F68/><W89/><G73/><T13/><D75/><U51/><E125/><V22/><F113/><W24/><G106/><T14/><D131/><U96/><E132/><V128/><F109/><W3/><G110/><T30/><D71/><U124/><E124/><V27/><F128/><W53/><G127/><T11/><D14/><U115/><E115/><V81/><F92/><W66/><G134/><T18/><D18/><U42/><E42/><V58/><F84/><W38/><G38/><T45/><D45/><U72/><E72/><V43/><REACH who="2" step="1"/><F44/><REACH who="2" ten="250,250,240,250" step="2"/><W46/><G86/><N who="0" m="52695" /><D102/><U17/><REACH who="1" step="1"/><E5/><AGARI ba="0,1" hai="5,9,12,22,27,28,40,41,43,56,58,81,82,83" machi="5" ten="40,2600,0" yaku="1,1,8,1,53,0" doraHai="48" doraHaiUra="122" who="2" fromWho="1" sc="250,0,250,-26,240,36,250,0" /><INIT seed="1,0,0,2,2,134" ten="250,224,276,250" oya="1" hai0="6,45,102,75,90,14,24,91,117,109,85,38,112" hai1="9,129,51,34,84,8,115,132,3,25,54,37,64" hai2="116,122,28,120,39,65,67,7,19,126,4,78,5" hai3="88,95,135,61,98,74,33,127,101,10,93,16,35"/><U21/><E115/><V32/><F39/><W27/><G135/><T106/><D75/><U76/><E132/><V124/><F116/><W114/><G114/><T71/><D71/><U59/><E37/><V20/><F28/><W17/><G74/><T48/><D117/><U130/><E34/><V42/><F42/><W83/><G83/><T0/><D0/><U56/><E64/><N who="2" m="24651" /><F78/><W57/><G127/><N who="2" m="48681" /><F32/><W77/><G77/><T128/><D38/><U107/><E107/><V108/><F108/><W52/><G10/><T22/><D106/><U1/><E3/><V131/><F131/><N who="1" m="50185" /><E1/><V31/><F31/><W81/><G81/><T69/><D109/><U47/><E8/><V70/><F70/><W100/><G33/><T60/><D69/><U92/><E9/><V79/><F79/><W125/><G125/><T40/><D128/><U66/><E66/><V105/><F105/><W18/><G35/><T119/><D119/><U118/><E118/><V89/><F89/><N who="3" m="55599" /><G27/><AGARI ba="0,0" hai="4,5,7,19,20,27,120,122" m="48681,24651" machi="27" ten="30,7700,0" yaku="18,1,52,3" doraHai="134" who="2" fromWho="3" sc="250,0,224,0,276,77,250,-77" /><INIT seed="2,0,0,2,2,61" ten="250,224,353,173" oya="2" hai0="103,99,130,135,116,57,75,53,55,96,82,92,17" hai1="131,65,47,37,42,128,21,27,132,93,14,45,51" hai2="44,113,16,56,102,41,30,28,100,83,89,26,23" hai3="48,119,2,1,50,66,122,52,58,71,79,84,80"/><V72/><F113/><W108/><G119/><T129/><D116/><U63/><E14/><V78/><F89/><W29/><G122/><T90/><D135/><U109/><E93/><V76/><F76/><W117/><G117/><T115/><D115/><U6/><E6/><V69/><F69/><W110/><G29/><T43/><D43/><U133/><E21/><V97/><F56/><W107/><G107/><T9/><D17/><U105/><E27/><V62/><F62/><N who="3" m="40407" /><G48/><T49/><D9/><U87/><E87/><V12/><F97/><W86/><G86/><T24/><D24/><U73/><E105/><V60/><F60/><W34/><G34/><T36/><D36/><U38/><E73/><V64/><F64/><W13/><G13/><T39/><D39/><N who="1" m="14859" /><E47/><V3/><F28/><W81/><G81/><T19/><D19/><U125/><E125/><V98/><F98/><W91/><G91/><T0/><D75/><U5/><E5/><V54/><F41/><W18/><G18/><T95/><D82/><U112/><E112/><V94/><F94/><W4/><G4/><T70/><D70/><N who="1" m="42303" /><E109/><AGARI ba="0,0" hai="1,2,50,52,58,79,80,84,108,109,110" m="40407" machi="109" ten="30,3900,0" yaku="14,1,52,1,54,1" doraHai="61" who="3" fromWho="1" sc="250,0,224,-39,353,0,173,39" /><INIT seed="3,0,0,1,4,9" ten="250,185,353,212" oya="3" hai0="71,44,89,104,133,43,98,112,115,62,0,126,93" hai1="40,87,11,12,101,38,60,41,81,2,85,114,105" hai2="75,30,68,108,100,127,96,13,4,122,124,1,6" hai3="20,86,128,66,82,22,65,92,25,80,14,53,97"/><W10/><G128/><T64/><D0/><U57/><E2/><V8/><F108/><W94/><G53/><T33/><D33/><U39/><E114/><N who="0" m="43561" /><D104/><U23/><E23/><N who="3" m="8746" /><G25/><T131/><D131/><U130/><E130/><V52/><F68/><W46/><G46/><T90/><D126/><U58/><E105/><V16/><F75/><W15/><G94/><T31/><D31/><U88/><E101/><V103/><F122/><W111/><G111/><T129/><D129/><U61/><E39/><V113/><F30/><W69/><G69/><T95/><D133/><U3/><E3/><V107/><F113/><W56/><G56/><N who="1" m="21610" /><E85/><V32/><F32/><W63/><G63/><N who="1" m="24138" /><E38/><V121/><F103/><N who="3" m="60839" /><G82/><T48/><D95/><U117/><E117/><V110/><F107/><W7/><G15/><T106/><D106/><U125/><E125/><V37/><F110/><W19/><G19/><AGARI ba="0,0" hai="11,12,19,40,41,81,87,88" m="24138,21610" machi="19" ten="30,3900,0" yaku="8,1,52,1,54,1" doraHai="9" who="1" fromWho="3" sc="250,0,185,39,353,0,212,-39" owari="250,5.0,224,-17.6,353,45.3,173,-32.7" /></mjloggm>