<mjloggm ver="2.3"><GO type="169" lobby="0"/><UN n0="%E5%A4%A9%E7%A9%BA%E3%81%AE%E6%8A%80" n1="%E3%83%9F%E3%82%B2%E3%83%BC%E3%83%AB%E6%94%B9" n2="%67%6F%6B%75%61%6B%75" n3="%68%61%73%68%69%30%30%31" dan="16,16,17,16" rate="2141.97,2203.06,2210.16,2090.81" sx="M,M,M,M"/><TAIKYOKU oya="0"/><INIT seed="0,0,0,3,2,67" ten="250,250,250,250" oya="0" hai0="87,83,86,90,107,32,112,128,54,12,31,95,124" hai1="63,132,119,9,42,133,34,61,88,23,44,18,104" hai2="66,50,58,38,57,35,15,19,74,131,111,49,100" hai3="75,28,10,118,55,129,117,98,39,72,82,20,17"/><T45/><D107/><U68/><E104/><V114/><F114/><W120/><G39/><T91/><D112/><U92/><E34/><V43/><F35/><W59/><G28/><T25/><D128/><U64/><E61/><V69/><F74/><W46/><G46/><T37/><D124/><U123/><E9/><V4/><F4/><W76/><G72/><T24/><D24/><U81/><E81/><V103/><F111/><W30/><G30/><T70/><D12/><U33/><E33/><V51/><F131/><W6/><G120/><T21/><D32/><U94/><E94/><V101/><F38/><W2/><G98/><T73/><D73/><U14/><E123/><V135/><F43/><W108/><G108/><T41/><REACH who="0" step="1"/><D54/><REACH who="0" ten="240,250,250,250" step="2"/><U115/><E115/><V80/><F135/><W1/><G129/><T105/><D105/><U79/><E119/><V113/><F113/><W62/><G1/><T13/><D13/><AGARI ba="0,1" hai="2,6,10,13,17,20,55,59,62,75,76,82,117,118" machi="13" ten="30,1000,0" yaku="7,1" doraHai="67" who="3" fromWho="0" sc="240,-10,250,0,250,0,250,20" /><INIT seed="1,0,0,1,4,134" ten="230,250,250,270" oya="1" hai0="17,32,133,58,60,70,113,96,7,61,76,35,128" hai1="51,80,14,15,121,75,122,81,11,112,38,103,57" hai2="56,109,104,18,31,50,117,88,97,59,53,37,41" hai3="3,33,4,71,29,27,110,62,82,2,115,123,21"/><U89/><E38/><V120/><F117/><W65/><G123/><T47/><D133/><U83/><E75/><V6/><F120/><W102/><G110/><T101/><D128/><U55/><E112/><V108/><F6/><W94/><G4/><T48/><D7/><U16/><E103/><V72/><F72/><W74/><G21/><T43/><D76/><U34/><E34/><V54/><F31/><W9/><G9/><T77/><D77/><U63/><E14/><V129/><F129/><W46/><G46/><T118/><D118/><U95/><REACH who="1" step="1"/><E51/><REACH who="1" ten="230,240,250,270" step="2"/><V8/><F37/><W26/><G115/><T24/><D35/><U127/><E127/><V84/><F108/><W93/><G27/><T106/><D32/><U85/><AGARI ba="0,1" hai="11,15,16,55,57,63,80,81,83,85,89,95,121,122" machi="85" ten="30,6000,0" yaku="1,1,0,1,54,1,53,0" doraHai="134" doraHaiUra="124" who="1" fromWho="1" sc="230,-20,240,70,250,-20,270,-20" /><INIT seed="1,1,0,0,1,15" ten="210,310,230,250" oya="1" hai0="95,121,89,18,126,59,53,4,40,115,114,131,130" hai1="3,27,71,38,111,22,68,105,120,78,9,50,129" hai2="21,72,100,106,110,44,69,98,12,45,11,124,2" hai3="30,90,66,42,74,118,134,76,79,85,127,23,13"/><U70/><E120/><V133/><F110/><W94/><G42/><T17/><D4/><U41/><E38/><V46/><F124/><W8/><G74/><T48/><D40/><U112/><E112/><N who="0" m="43049" /><D126/><U64/><E105/><V24/><F133/><W96/><G134/><T113/><D121/><U87/><E111/><V123/><F123/><W54/><G118/><T80/><D80/><U31/><E129/><N who="0" m="49161" /><D113/><U32/><E32/><V104/><F72/><W119/><G119/><T55/><D53/><U14/><E3/><V20/><F69/><W93/><G66/><T7/><D7/><U101/><E64/><V57/><F2/><W99/><G54/><T0/><D0/><U67/><E67/><V132/><F132/><W73/><G73/><T47/><D47/><U108/><E108/><V107/><F57/><W91/><G85/><AGARI ba="1,0" hai="17,18,48,55,59,85,89,95" m="49161,43049" machi="85" ten="30,3900,0" yaku="19,1,52,2" doraHai="15" who="0" fromWho="3" sc="210,42,310,0,230,0,250,-42" /><INIT seed="2,0,0,5,0,78" ten="252,310,230,208" oya="2" hai0="9,37,40,123,24,84,94,103,76,85,50,110,101" hai1="28,121,63,21,90,8,105,58,81,43,134,71,89" hai2="68,17,97,47,27,20,98,126,26,55,122,109,131" hai3="42,59,0,129,88,49,93,70,38,116,45,4,31"/><V53/><F122/><W82/><G70/><T124/><D37/><U108/><E71/><V13/><F68/><W35/><G129/><T18/><D124/><U77/><E105/><V114/><F114/><W10/><G116/><T39/><D39/><U7/><E43/><V87/><F131/><W11/><G31/><T100/><D110/><U91/><E108/><V115/><F115/><W104/><G104/><T60/><D60/><U14/><E121/><V132/><F126/><W130/><G35/><T33/><D33/><U56/><E134/><V92/><F132/><W99/><G11/><T66/><D66/><U86/><REACH who="1" step="1"/><E63/><REACH who="1" ten="252,300,230,208" step="2"/><V12/><F109/><W15/><G130/><T128/><D40/><U117/><E117/><V75/><F53/><W41/><G41/><T30/><D128/><U73/><E73/><V120/><F75/><W36/><G59/><T112/><D112/><U25/><AGARI ba="0,1" hai="7,8,14,21,25,28,56,58,77,81,86,89,90,91" machi="25" ten="30,7900,0" yaku="1,1,0,1,8,1,52,1,53,0" doraHai="78" doraHaiUra="51" who="1" fromWho="1" sc="252,-20,300,89,230,-39,208,-20" /><INIT seed="3,0,0,0,2,39" ten="232,389,191,188" oya="3" hai0="31,134,32,9,89,101,2,51,0,83,102,130,93" hai1="48,110,56,87,120,46,74,3,40,25,12,98,29" hai2="53,75,11,17,81,6,18,36,33,92,78,125,94" hai3="121,4,129,86,126,43,108,59,64,26,88,60,90"/><W66/><G121/><T112/><D130/><U22/><E3/><V70/><F125/><W15/><G126/><T95/><D134/><U8/><E74/><V20/><F33/><W127/><G127/><T1/><D9/><U62/><E110/><V50/><F70/><W23/><G129/><T118/><D118/><U122/><E98/><V124/><F124/><W27/><G108/><T96/><D31/><U54/><REACH who="1" step="1"/><E87/><REACH who="1" ten="232,379,191,188" step="2"/><V97/><F97/><W49/><G86/><T69/><D96/><U34/><E34/><V24/><F75/><W82/><G82/><T91/><D32/><U104/><E104/><V135/><F81/><W58/><G66/><T105/><D83/><U55/><E55/><V132/><F132/><W131/><G131/><T111/><D105/><U47/><E47/><V52/><F135/><W19/><G59/><T57/><D57/><U76/><E76/><V21/><F78/><W13/><G27/><T41/><D111/><U106/><E106/><V133/><F133/><W65/><G65/><T35/><D35/><U114/><E114/><V77/><F77/><W67/><G67/><T10/><D112/><U119/><E119/><V80/><F80/><W128/><G128/><T116/><D116/><U68/><E68/><V16/><F24/><W44/><G15/><T115/><D69/><U63/><E63/><V5/><F92/><W38/><G38/><T85/><D1/><U79/><E79/><V42/><F36/><W123/><G123/><T109/><D2/><U73/><E73/><V7/><F94/><W103/><G103/><T45/><D0/><RYUUKYOKU ba="0,1" sc="232,-15,379,15,191,-15,188,15" hai1="8,12,22,25,29,40,46,48,54,56,62,120,122" hai3="4,13,19,23,26,43,44,49,58,60,64,88,90" /><INIT seed="3,1,1,1,0,134" ten="217,394,176,203" oya="3" hai0="57,24,64,83,11,108,130,68,98,52,78,28,79" hai1="126,41,58,47,96,23,29,2,21,1,56,70,92" hai2="125,26,12,61,101,110,59,91,122,54,115,63,17" hai3="128,87,118,120,102,48,0,82,119,16,113,124,5"/><W36/><G36/><T93/><D108/><U14/><E70/><V66/><F110/><W27/><G120/><T30/><D130/><U42/><E47/><V112/><F122/><W69/><G69/><T15/><D64/><U62/><E14/><V117/><F117/><W18/><G102/><N who="0" m="60751" /><D68/><U104/><E92/><V86/><F101/><W3/><G48/><N who="0" m="30855" /><D24/><U9/><E96/><V32/><F26/><W38/><G38/><T106/><D106/><U111/><E104/><V121/><F32/><W95/><G95/><T72/><D72/><U35/><E35/><V40/><F121/><W77/><G113/><T71/><D71/><U76/><E111/><V74/><F74/><W107/><G107/><T65/><D65/><U55/><E55/><V127/><F40/><W10/><G3/><T31/><D83/><U22/><E1/><V100/><F100/><W109/><G128/><T94/><D94/><U105/><E42/><V25/><F25/><W103/><G103/><T4/><AGARI ba="1,1" hai="4,11,15,28,30,31,78,79" m="30855,60751" machi="4" ten="30,2000,0" yaku="8,1,54,1" doraHai="134" who="0" fromWho="0" sc="217,33,394,-6,176,-6,203,-11" /><INIT seed="4,0,0,0,3,41" ten="250,388,170,192" oya="0" hai0="62,34,118,11,79,109,125,110,65,92,33,73,12" hai1="64,10,54,69,123,28,71,122,76,15,103,20,43" hai2="106,53,26,17,70,101,18,133,82,74,127,9,75" hai3="129,107,81,30,99,59,83,112,25,44,45,19,4"/><T52/><D118/><U80/><E103/><V16/><F70/><W72/><G4/><T29/><D125/><U50/><E43/><V63/><F127/><W2/><G2/><T108/><D29/><U56/><E71/><V77/><F133/><W51/><G19/><N who="0" m="8607" /><D65/><U84/><E20/><V104/><F75/><W97/><G129/><T100/><D79/><U31/><E123/><V111/><F111/><W42/><G112/><T120/><D73/><U22/><E22/><V132/><F132/><W7/><G7/><T57/><D120/><U24/><E24/><V93/><F26/><W5/><G5/><T46/><D46/><N who="3" m="18025" /><G107/><T14/><D14/><U88/><E76/><V32/><F9/><W86/><G81/><T40/><D40/><U3/><E3/><V131/><F131/><W117/><G72/><T6/><D6/><N who="1" m="3543" /><E122/><V90/><F32/><W94/><G94/><T48/><D62/><N who="1" m="37959" /><E69/><V55/><F104/><W95/><G95/><T134/><D134/><U13/><E13/><V37/><F37/><W1/><G1/><T61/><D61/><U39/><E39/><V115/><F115/><W126/><G126/><T35/><D35/><U116/><E116/><V128/><F128/><W113/><G113/><T105/><D105/><U67/><E67/><V21/><F21/><N who="3" m="15663" /><G117/><T68/><D68/><U96/><E31/><V38/><F38/><W102/><G42/><T121/><D121/><U78/><E28/><V89/><F106/><W36/><G36/><T27/><D27/><U0/><E0/><V135/><F135/><W49/><G49/><T66/><D66/><RYUUKYOKU ba="0,0" sc="250,30,388,-10,170,-10,192,-10" hai0="33,34,48,52,57,92,100,108,109,110" /><INIT seed="4,1,0,0,0,108" ten="280,378,160,182" oya="0" hai0="25,75,31,30,11,45,65,50,43,51,71,58,89" hai1="68,21,69,7,32,46,96,78,4,81,62,19,106" hai2="53,2,56,41,85,76,84,48,93,9,23,18,110" hai3="0,60,100,80,20,77,90,63,38,29,123,72,98"/><T86/><D75/><U107/><E32/><V92/><F110/><W120/><G0/><T74/><D74/><U130/><E130/><V44/><F2/><W57/><G38/><T83/><D71/><U128/><E128/><V113/><F9/><W15/><G90/><T17/><D65/><U112/><E46/><V27/><F113/><W101/><G63/><T52/><D11/><U82/><E62/><V87/><REACH who="2" step="1"/><F76/><REACH who="2" ten="280,378,150,182" step="2"/><W14/><G123/><T132/><D132/><U13/><E112/><V95/><F95/><W49/><G120/><T5/><D5/><U59/><E78/><V3/><F3/><W73/><G73/><T121/><D121/><U33/><E7/><V61/><AGARI ba="1,1" hai="18,23,27,41,44,48,53,56,61,84,85,87,92,93" machi="61" ten="30,4000,0" yaku="1,1,0,1,8,1,53,0" doraHai="108" doraHaiUra="1" who="2" fromWho="2" sc="280,-21,378,-11,150,53,182,-11" /><INIT seed="5,0,0,4,2,5" ten="259,367,203,171" oya="1" hai0="134,96,60,12,110,126,105,42,31,67,108,59,87" hai1="56,53,49,48,80,39,6,25,16,93,90,71,97" hai2="130,95,40,47,57,98,33,101,32,77,131,132,74" hai3="11,0,122,128,29,113,8,92,121,7,73,133,65"/><U15/><E39/><V63/><F132/><W1/><G73/><T91/><D134/><U55/><E71/><V3/><F3/><W52/><G133/><T68/><D126/><U125/><E125/><V109/><F109/><W116/><G65/><T14/><D42/><U26/><E6/><V114/><F74/><W70/><G70/><T117/><D117/><U83/><E26/><V85/><F77/><W72/><G72/><T78/><D78/><U129/><E25/><V54/><F114/><W37/><G92/><T82/><D31/><U88/><E90/><V127/><F127/><W23/><G37/><T38/><D38/><U45/><E129/><N who="2" m="49163" /><F85/><W111/><G128/><T20/><D68/><U17/><E17/><V106/><F106/><W50/><G113/><T18/><D105/><U123/><E123/><V46/><F46/><W21/><G29/><T79/><D96/><U102/><E102/><V112/><F112/><W28/><G28/><T104/><D104/><U2/><E2/><V4/><F4/><N who="3" m="1031" /><G52/><T61/><D79/><U43/><E53/><V35/><F35/><W62/><G62/><T30/><D61/><U107/><E107/><V86/><F86/><W24/><G50/><AGARI ba="0,0" hai="32,33,40,47,50,54,57,63,95,98,101" m="49163" machi="50" ten="30,1000,0" yaku="19,1" doraHai="5" who="2" fromWho="3" sc="259,0,367,0,203,10,171,-10" /><INIT seed="6,0,0,3,0,131" ten="259,367,213,161" oya="2" hai0="109,7,123,66,103,67,76,58,110,91,117,43,9" hai1="39,23,74,6,28,8,37,69,0,25,33,44,100" hai2="111,125,114,49,46,14,80,72,35,106,134,71,62" hai3="29,42,70,108,99,126,96,98,57,11,36,119,54"/><V60/><F106/><W27/><G70/><T24/><D123/><U115/><E115/><V107/><F114/><W73/><G73/><T22/><D103/><U120/><E120/><V32/><F107/><W26/><G108/><T128/><D128/><U5/><E74/><V47/><F111/><W68/><G68/><T55/><D43/><U3/><E69/><V40/><F125/><W17/><G36/><T4/><D4/><U89/><E100/><V30/><F30/><W79/><G42/><T16/><D76/><U129/><E129/><V53/><F14/><W38/><G79/><T132/><D132/><U124/><E124/><V81/><F72/><W52/><G38/><T133/><D133/><U116/><E116/><V20/><F20/><N who="3" m="15559" /><G119/><T59/><D117/><U78/><E78/><V113/><F113/><W45/><G45/><T48/><D109/><U41/><E37/><V21/><F71/><W130/><G130/><T34/><D34/><U105/><E105/><V127/><F127/><W94/><G54/><T118/><D118/><U83/><E33/><V1/><F134/><W95/><G126/><T2/><D110/><U12/><E5/><V102/><F32/><W77/><G77/><T121/><D121/><U92/><E83/><N who="2" m="31819" /><F35/><W15/><G27/><T19/><D91/><U51/><E39/><N who="2" m="21791" /><F102/><W85/><G85/><AGARI ba="0,0" hai="0,3,6,8,12,23,25,28,41,44,51,85,89,92" machi="85" ten="30,1000,0" yaku="7,1" doraHai="131" who="1" fromWho="3" sc="259,0,367,10,213,0,161,-10" /><INIT seed="7,0,0,2,1,13" ten="259,377,213,151" oya="3" hai0="96,9,114,95,7,25,116,90,2,87,94,17,64" hai1="125,84,74,31,44,63,117,86,67,129,36,71,81" hai2="28,135,37,6,108,12,133,15,60,27,128,11,101" hai3="47,51,79,107,105,102,32,97,23,53,76,127,124"/><W70/><G70/><T43/><D116/><U131/><E117/><V113/><F37/><W3/><G3/><T89/><D114/><U20/><E74/><V8/><F101/><W55/><G32/><T65/><D43/><U77/><E86/><V10/><F60/><W82/><G107/><T93/><D93/><U1/><E1/><V30/><F113/><W99/><G99/><T59/><D59/><U98/><E98/><V41/><F41/><W54/><G23/><T0/><D0/><U50/><E36/><V69/><F69/><W130/><G130/><N who="1" m="49674" /><E125/><N who="3" m="48202" /><G76/><T85/><D96/><U61/><E63/><V91/><F128/><W21/><G21/><AGARI ba="0,0" hai="2,7,9,17,21,25,64,65,85,87,89,90,94,95" machi="21" ten="40,2600,0" yaku="9,1,52,1" doraHai="13" who="0" fromWho="3" sc="259,26,377,0,213,0,151,-26" owari="285,8.5,377,47.7,213,-18.7,125,-37.5" /></mjloggm>