<mjloggm ver="2.3"><GO type="169" lobby="0"/><UN n0="%E3%83%AD%E3%83%AD%E3%82%93" n1="%4D%E6%9C%AC" n2="%43%72%37" n3="%41%63%75%6E%61%4A%72" dan="16,16,18,17" rate="2118.15,2117.10,2228.21,2258.30" sx="M,M,M,M"/><TAIKYOKU oya="0"/><INIT seed="0,0,0,2,5,78" ten="250,250,250,250" oya="0" hai0="11,5,38,126,10,85,134,104,19,44,82,90,129" hai1="36,119,15,102,6,98,52,94,33,58,80,128,39" hai2="111,131,115,84,79,18,9,30,21,123,88,49,75" hai3="83,27,68,67,135,29,133,14,25,65,55,101,54"/><T95/><D104/><U35/><E119/><V40/><F123/><W108/><G101/><T7/><D126/><U77/><E128/><V0/><F115/><W4/><G108/><T76/><D134/><N who="3" m="51209" /><G27/><T87/><D129/><U103/><E103/><V3/><F131/><W81/><G14/><T106/><D106/><U2/><E2/><V37/><F37/><W114/><G4/><T31/><D31/><U63/><E39/><V73/><F30/><W13/><G13/><T69/><D69/><U120/><E36/><V60/><F60/><N who="3" m="39975" /><G67/><T46/><D38/><U64/><E64/><V109/><F79/><W53/><G114/><T70/><D70/><U124/><E124/><V45/><F75/><W57/><G57/><T47/><REACH who="0" step="1"/><D19/><REACH who="0" ten="240,250,250,250" step="2"/><U48/><E120/><V61/><F111/><W71/><G71/><T99/><D99/><U91/><E35/><AGARI ba="0,1" hai="25,29,35,53,54,55,81,83" m="39975,51209" machi="35" ten="30,3900,0" yaku="20,1,52,2" doraHai="78" who="3" fromWho="1" sc="240,0,250,-39,250,0,250,49" /><INIT seed="1,0,0,5,4,84" ten="240,211,250,299" oya="1" hai0="76,43,88,133,78,113,69,29,48,5,95,102,37" hai1="93,131,115,73,42,106,27,112,64,6,81,53,122" hai2="77,3,26,82,125,120,23,75,16,103,80,30,18" hai3="19,44,128,50,118,36,49,83,38,13,12,39,111"/><U59/><E106/><V57/><F120/><W121/><G121/><T114/><D37/><U8/><E122/><V71/><F71/><W25/><G111/><T60/><D5/><U11/><E131/><V117/><F117/><W65/><G118/><T63/><D29/><U110/><E64/><V91/><F3/><W94/><G65/><T100/><D133/><U46/><E110/><V24/><F125/><W67/><G67/><T58/><D69/><U107/><E107/><V109/><F109/><W79/><G128/><T7/><D7/><U54/><E27/><V70/><F70/><W135/><G135/><T124/><D124/><U97/><E81/><V47/><F103/><N who="0" m="39466" /><D114/><U9/><E73/><V55/><F47/><W0/><G0/><T123/><D113/><U89/><E6/><V87/><REACH who="2" step="1"/><F26/><REACH who="2" ten="240,211,240,299" step="2"/><W4/><G44/><N who="0" m="25631" /><D123/><U21/><E115/><V126/><F126/><W129/><G129/><T41/><D41/><U32/><E112/><V90/><F90/><W14/><G25/><T15/><D15/><U116/><E116/><V22/><F22/><W40/><G40/><T108/><D108/><U62/><E21/><V2/><F2/><W72/><G4/><T61/><D58/><U85/><E32/><V96/><F96/><AGARI ba="0,1" hai="60,61,63,76,78,88,95,96" m="25631,39466" machi="96" ten="30,3900,0" yaku="8,1,52,1,54,1" doraHai="84" who="0" fromWho="2" sc="240,49,211,0,240,-39,299,0" /><INIT seed="2,0,0,3,0,77" ten="289,211,201,299" oya="2" hai0="12,98,90,97,99,56,105,10,32,88,51,42,134" hai1="95,69,64,60,116,106,87,13,96,19,27,83,11" hai2="31,65,35,6,44,126,85,20,37,122,93,130,33" hai3="79,21,80,0,94,118,36,103,115,75,117,1,127"/><V133/><F122/><W45/><G127/><T131/><D32/><U112/><E112/><V66/><F6/><W43/><G115/><T5/><D105/><U109/><E109/><V22/><F126/><W57/><G57/><T24/><D134/><U120/><E120/><V2/><F2/><W25/><G103/><T59/><D24/><U119/><E106/><V82/><F130/><W70/><G70/><T125/><D125/><U53/><E27/><V129/><F129/><W108/><G108/><T54/><D131/><U124/><E53/><V15/><F93/><W135/><G94/><T4/><D4/><U76/><REACH who="1" step="1"/><E124/><REACH who="1" ten="289,201,201,299" step="2"/><V47/><F133/><W50/><G135/><T72/><D42/><U38/><E38/><V14/><F37/><W78/><G36/><T28/><D28/><U92/><E92/><V9/><F31/><W49/><G117/><T63/><D72/><U58/><E58/><V55/><F55/><AGARI ba="0,1" hai="5,10,12,51,54,55,56,59,63,88,90,97,98,99" machi="55" ten="40,2600,0" yaku="8,1,54,1" doraHai="77" who="0" fromWho="2" sc="289,36,201,0,201,-26,299,0" /><INIT seed="3,0,0,5,2,2" ten="325,201,175,299" oya="3" hai0="78,76,119,108,67,13,84,87,60,47,39,26,11" hai1="89,92,23,41,65,122,79,135,102,96,25,22,104" hai2="125,18,130,132,101,62,128,46,63,131,48,50,33" hai3="75,29,7,38,55,32,3,64,0,109,86,51,45"/><W73/><G38/><T17/><D119/><U94/><E122/><V42/><F33/><W30/><G0/><T80/><D108/><U114/><E114/><V124/><F101/><W19/><G109/><T1/><D1/><U120/><E120/><V133/><F18/><W91/><G64/><T118/><D118/><U117/><E117/><V54/><F50/><W8/><G19/><T105/><D105/><U31/><E135/><N who="2" m="51787" /><F42/><W68/><G68/><T115/><D115/><U100/><E41/><V6/><F6/><W14/><G3/><T34/><D47/><U70/><E79/><V123/><F123/><W27/><REACH who="3" step="1"/><G30/><REACH who="3" ten="325,201,175,289" step="2"/><T88/><D39/><U43/><E70/><V106/><F106/><W20/><G20/><T74/><D34/><U90/><E104/><V16/><F16/><W61/><G61/><AGARI ba="0,1" hai="46,48,54,61,62,63,124,125,128,130,131" m="51787" machi="61" ten="40,12000,2" yaku="30,2,19,1,20,1,34,2" doraHai="2" who="2" fromWho="3" sc="325,0,201,0,175,130,289,-120" /><INIT seed="4,0,0,0,3,21" ten="325,201,305,169" oya="0" hai0="134,33,34,23,84,81,31,0,94,121,87,49,73" hai1="64,75,85,55,48,17,30,135,25,15,24,125,114" hai2="119,65,38,110,8,1,100,106,6,71,43,97,117" hai3="116,67,61,79,27,18,123,53,22,96,111,59,127"/><T26/><D134/><U63/><E75/><V2/><F110/><W14/><G116/><T102/><D0/><U80/><E135/><V69/><F1/><W9/><G111/><T36/><D36/><U51/><E125/><V19/><F19/><W83/><G127/><T47/><D121/><U98/><E98/><V112/><F112/><W57/><G123/><T108/><D108/><U20/><E114/><V50/><F50/><W78/><G96/><T77/><D73/><U40/><E40/><V133/><F133/><W58/><G53/><T35/><D102/><U107/><E107/><V88/><F88/><W131/><G131/><T29/><D94/><U129/><E129/><V90/><F90/><W70/><REACH who="3" step="1"/><G83/><REACH who="3" ten="325,201,305,159" step="2"/><T4/><D81/><U12/><E55/><V13/><F119/><W92/><G92/><T10/><D77/><U74/><E74/><V46/><F117/><W60/><G60/><T5/><D87/><U76/><E51/><V132/><F132/><W105/><G105/><T109/><D84/><U122/><E48/><V54/><F54/><W62/><G62/><T11/><D109/><U82/><E82/><V99/><F99/><W72/><G72/><T68/><D49/><U32/><REACH who="1" step="1"/><E122/><REACH who="1" ten="325,191,305,159" step="2"/><V52/><F52/><W66/><G66/><T56/><D47/><U120/><E120/><V86/><F86/><W89/><G89/><T42/><D42/><U16/><E16/><AGARI ba="0,2" hai="9,14,16,18,22,27,57,58,59,61,67,70,78,79" machi="16" ten="40,5200,0" yaku="1,1,52,1,54,1,53,0" doraHai="21" doraHaiUra="39" who="3" fromWho="1" sc="325,0,191,-52,305,0,159,72" /><INIT seed="5,0,0,1,4,83" ten="325,139,305,231" oya="1" hai0="89,12,134,46,86,65,63,128,3,5,52,71,70" hai1="109,100,93,119,37,95,36,112,9,78,42,88,92" hai2="118,48,67,126,31,45,125,77,108,64,84,111,121" hai3="105,94,102,75,58,79,30,29,133,11,124,132,44"/><U131/><E119/><V74/><F74/><W90/><G124/><N who="2" m="47721" /><F31/><W14/><G105/><T129/><D3/><U0/><E112/><V6/><F6/><W43/><G102/><T73/><D73/><U116/><E116/><V91/><F77/><W97/><G58/><T82/><D134/><N who="3" m="51817" /><G79/><T55/><D71/><U13/><E0/><V115/><F121/><W60/><G60/><T103/><D103/><U41/><E78/><V135/><F135/><W1/><G1/><T98/><D98/><U61/><E131/><N who="0" m="50249" /><D46/><U87/><E109/><N who="2" m="42059" /><F118/><W130/><G75/><T19/><D5/><N who="1" m="3247" /><E37/><V17/><F17/><N who="3" m="8415" /><G130/><T18/><D18/><U56/><E36/><AGARI ba="0,0" hai="29,30,36,43,44,90,94,97" m="8415,51817" machi="36" ten="30,1000,0" yaku="20,1" doraHai="83" who="3" fromWho="1" sc="325,0,139,-10,305,0,231,10" /><INIT seed="6,0,0,0,3,85" ten="325,129,305,241" oya="2" hai0="62,77,24,112,123,38,98,41,111,45,36,103,101" hai1="32,52,127,134,97,15,133,27,10,14,35,125,51" hai2="25,48,120,2,116,86,4,53,3,113,118,61,40" hai3="99,28,71,83,91,21,96,39,60,64,43,20,29"/><V18/><F120/><W90/><G39/><T37/><D123/><U132/><E97/><V130/><F113/><W106/><G43/><T8/><D111/><U50/><E27/><V88/><F40/><W0/><G0/><T44/><D77/><U63/><E63/><V117/><F61/><W23/><G83/><T105/><D112/><U57/><E51/><V31/><F18/><W87/><G87/><T6/><D24/><U33/><REACH who="1" step="1"/><E15/><REACH who="1" ten="325,119,305,241" step="2"/><V126/><F48/><W81/><G96/><T119/><D62/><U9/><E9/><V107/><F116/><W135/><G99/><T121/><D119/><U66/><E66/><V89/><F117/><W54/><G64/><T131/><D121/><U79/><E79/><V49/><F25/><W59/><G60/><T74/><D38/><U110/><E110/><V26/><F26/><W114/><G21/><T124/><D8/><U55/><E55/><V5/><F53/><W16/><G54/><T13/><D13/><U11/><E11/><V102/><F49/><W42/><G23/><T17/><D41/><U82/><E82/><V95/><F118/><W46/><G81/><T100/><D98/><U19/><AGARI ba="0,1" hai="10,14,19,32,33,35,50,52,57,125,127,132,133,134" machi="19" ten="40,8000,1" yaku="1,1,0,1,20,1,54,1,53,0" doraHai="85" doraHaiUra="122" who="1" fromWho="1" sc="325,-20,119,90,305,-40,241,-20" /><INIT seed="7,0,0,3,2,72" ten="305,209,265,221" oya="3" hai0="55,111,103,94,95,118,93,99,6,90,33,58,50" hai1="75,66,134,46,64,96,122,22,29,32,85,45,70" hai2="129,98,108,35,101,79,0,80,81,56,105,107,42" hai3="128,5,120,68,116,97,125,15,114,18,109,51,28"/><W110/><G68/><T88/><D33/><U102/><E122/><V73/><F108/><N who="3" m="41579" /><G120/><T43/><D111/><U48/><E75/><V91/><F0/><W117/><G114/><T30/><D30/><U53/><E134/><V47/><F35/><W89/><G125/><T34/><D34/><U69/><E32/><V63/><F129/><W78/><G128/><T130/><D6/><U121/><E121/><V1/><F1/><W82/><G28/><T24/><D24/><U74/><E74/><V2/><F2/><W19/><G51/><T49/><D118/><N who="3" m="45673" /><G89/><N who="0" m="34411" /><D130/><U10/><E70/><V76/><F91/><W41/><G41/><T67/><D67/><U17/><E69/><V62/><F107/><W123/><G97/><T8/><D8/><U44/><E85/><V38/><F56/><W16/><G123/><T25/><D25/><N who="1" m="14543" /><E10/><V132/><F132/><W11/><G5/><T104/><D104/><U60/><E60/><V52/><F62/><W112/><G112/><T87/><D87/><AGARI ba="0,0" hai="11,15,16,18,19,78,82,87" m="45673,41579" machi="87" ten="30,5800,0" yaku="10,1,52,1,54,1" doraHai="72" who="3" fromWho="0" sc="305,-58,209,0,265,0,221,58" /><INIT seed="7,1,0,2,4,128" ten="247,209,265,279" oya="3" hai0="48,50,120,29,42,121,14,6,37,67,115,94,84" hai1="82,20,49,98,105,81,83,97,130,110,23,89,59" hai2="21,75,8,77,35,106,43,33,55,44,4,133,91" hai3="54,118,10,74,86,131,57,63,103,95,61,80,47"/><W109/><G118/><T108/><D108/><U52/><E110/><V92/><F106/><W102/><G74/><T25/><D115/><U19/><E130/><V132/><F55/><W127/><G127/><T5/><D67/><U36/><E36/><N who="2" m="21607" /><F21/><W116/><G116/><T90/><D37/><U124/><E124/><V56/><F56/><W34/><G34/><N who="2" m="12809" /><F91/><W1/><G131/><T101/><D101/><U85/><E105/><V104/><F92/><W9/><G1/><T39/><D39/><U125/><E125/><V134/><F104/><W15/><G10/><T46/><D50/><U93/><REACH who="1" step="1"/><E23/><REACH who="1" ten="247,199,265,279" step="2"/><V79/><F75/><W18/><G109/><T123/><D123/><U119/><E119/><V2/><AGARI ba="1,1" hai="2,4,8,77,79,132,133,134" m="12809,21607" machi="2" ten="40,8000,1" yaku="20,1,52,3" doraHai="128" who="2" fromWho="2" sc="247,-21,199,-21,265,93,279,-41" owari="226,-17.4,178,-32.2,358,45.8,238,3.8" /></mjloggm>