<mjloggm ver="2.3"><GO type="169" lobby="0"/><UN n0="%E8%B4%88%E4%BA%BA%E8%A9%A9%E6%96%BC%E5%A4%A2" n1="%E3%83%91%E3%83%BC%E3%83%A9%E3%83%A1%E3%83%B3%E3%83%88" n2="%E7%8F%BE%E5%A0%B4%E3%81%AD%E3%81%93" n3="%E9%9B%AA%E3%81%AE%E8%8F%AF" dan="17,16,16,16" rate="2205.71,2199.25,2071.38,2091.72" sx="M,M,M,F"/><TAIKYOKU oya="0"/><INIT seed="0,0,0,1,5,117" ten="250,250,250,250" oya="0" hai0="55,11,69,121,99,35,54,17,64,81,132,102,10" hai1="39,60,120,21,122,83,30,44,31,90,128,9,107" hai2="95,88,114,15,125,45,66,108,5,22,47,0,19" hai3="40,82,85,72,135,51,134,29,37,50,98,59,73"/><T113/><D113/><U61/><E107/><V27/><F108/><W74/><G29/><T124/><D124/><U3/><E3/><V71/><F125/><W34/><G34/><T110/><D35/><U68/><E9/><V129/><F129/><W75/><N who="3" m="18432" /><DORA hai="36" /><W63/><G98/><T20/><D132/><N who="3" m="50729" /><G37/><T101/><D110/><U32/><E32/><V67/><F0/><W8/><G8/><T33/><D33/><U42/><E128/><V133/><F114/><W80/><G40/><T93/><D102/><U104/><E104/><V84/><F133/><W123/><G123/><T13/><D121/><U119/><E119/><V7/><F27/><W46/><G46/><N who="2" m="17417" /><F71/><W109/><G109/><T14/><D20/><U48/><E31/><V49/><F49/><N who="3" m="18443" /><G85/><T106/><D106/><U4/><E39/><V23/><F23/><W79/><G79/><T41/><D41/><U97/><E21/><V57/><F57/><W16/><G16/><T94/><D17/><U105/><E30/><V77/><F77/><W24/><G24/><T78/><D69/><U96/><E68/><V130/><F130/><W12/><G12/><T116/><D13/><U100/><E97/><V70/><F70/><W52/><AGARI ba="0,0" hai="52,59,63,80,82" m="18443,50729,18432" machi="52" ten="60,4000,0" yaku="20,1,54,1" doraHai="117,36" who="3" fromWho="3" sc="250,-20,250,-10,250,-10,250,40" /><INIT seed="1,0,0,4,0,112" ten="230,240,240,290" oya="1" hai0="92,7,132,94,37,107,99,69,84,127,29,41,18" hai1="79,56,46,122,111,96,78,65,0,77,48,126,91" hai2="60,75,102,103,113,86,73,8,88,128,34,52,131" hai3="97,135,80,42,28,125,45,13,109,89,100,118,115"/><U108/><E0/><V114/><F34/><W101/><G115/><N who="2" m="44041" /><F8/><W3/><G3/><T121/><D69/><U93/><E122/><V43/><F43/><W68/><G68/><T70/><D70/><U4/><E4/><V130/><F52/><W67/><G109/><N who="1" m="42058" /><E126/><V22/><F60/><W72/><G67/><T20/><D121/><U81/><E65/><V57/><F22/><W54/><G125/><T30/><D127/><U25/><E25/><V105/><F57/><W50/><G28/><T9/><D132/><U76/><E56/><V32/><F32/><W10/><G135/><T110/><D41/><N who="1" m="24655" /><E76/><V83/><F105/><W62/><G42/><T55/><D55/><U63/><E63/><V51/><F51/><W16/><G62/><T39/><D110/><U27/><E27/><V23/><F23/><W33/><G33/><T71/><D20/><U66/><E66/><V36/><F36/><W47/><G47/><T90/><D37/><U124/><E124/><V15/><F15/><W106/><G54/><T31/><D39/><U12/><E12/><V133/><F133/><W104/><G13/><N who="0" m="7471" /><D71/><U95/><E95/><V120/><F120/><W6/><G45/><T74/><D7/><U87/><AGARI ba="0,0" hai="77,78,79,81,87,91,93,96" m="24655,42058" machi="87" ten="30,3000,0" yaku="14,1,10,1" doraHai="112" who="1" fromWho="1" sc="230,-10,240,30,240,-10,290,-10" /><INIT seed="1,1,0,0,3,24" ten="220,270,230,280" oya="1" hai0="50,130,123,109,66,29,11,33,120,81,114,59,129" hai1="35,83,37,6,57,43,32,64,27,134,20,127,97" hai2="70,101,105,2,76,3,19,94,92,56,30,69,99" hai3="8,74,55,125,98,90,13,10,116,100,15,62,14"/><U115/><E115/><V31/><F76/><W104/><G74/><T135/><D114/><U102/><E127/><V48/><F105/><W118/><G125/><T93/><D109/><U103/><E134/><V38/><F38/><W40/><G40/><T54/><D135/><U9/><E83/><V132/><F132/><W51/><G62/><T23/><D33/><U73/><E73/><V107/><F107/><W47/><REACH who="3" step="1"/><G90/><REACH who="3" ten="220,270,230,270" step="2"/><T72/><D123/><U58/><E43/><V36/><F36/><W111/><G111/><T117/><D120/><U86/><E37/><V28/><F69/><W131/><G131/><T22/><D129/><U126/><E126/><V85/><F70/><W71/><G71/><T112/><D130/><U122/><E122/><V61/><F48/><W12/><N who="3" m="3072" /><DORA hai="21" /><W80/><G80/><T0/><D112/><U133/><E133/><V18/><F3/><W88/><G88/><T89/><D81/><U44/><E103/><V68/><F2/><W53/><G53/><T91/><D72/><U49/><E102/><V42/><F68/><W82/><G82/><T41/><D41/><U25/><E64/><N who="2" m="38951" /><F42/><W45/><G45/><T95/><D66/><U34/><E44/><V60/><F60/><W78/><G78/><T39/><D39/><U108/><E108/><V1/><F1/><W119/><AGARI ba="1,1" hai="8,10,47,51,55,98,100,104,116,118,119" m="3072" machi="119" ten="50,6400,0" yaku="1,1,0,1,12,1,53,0" doraHai="24,21" doraHaiUra="65,79" who="3" fromWho="3" sc="220,-17,270,-33,230,-17,270,77" /><INIT seed="2,0,0,2,1,19" ten="203,237,213,347" oya="2" hai0="114,81,126,79,132,12,39,75,57,48,59,69,123" hai1="43,91,113,105,22,9,118,67,49,120,18,4,8" hai2="6,107,36,40,90,61,108,30,80,10,97,64,72" hai3="102,119,14,26,92,34,106,133,16,29,7,125,35"/><V44/><F108/><W41/><G119/><T25/><D39/><U82/><E118/><V87/><F30/><W77/><G106/><T134/><D114/><U11/><E105/><V100/><F72/><W32/><G125/><T31/><D69/><U89/><E113/><V131/><F131/><W28/><G133/><N who="0" m="51307" /><D123/><U83/><E67/><V63/><REACH who="2" step="1"/><F64/><REACH who="2" ten="203,237,203,347" step="2"/><W51/><G29/><T46/><D126/><U93/><E120/><V56/><F56/><W52/><G28/><T96/><D96/><U24/><E4/><V127/><F127/><W50/><G7/><T54/><D12/><AGARI ba="0,1" hai="6,10,12,36,40,44,61,63,80,87,90,97,100,107" machi="12" ten="30,2900,0" yaku="1,1,7,1,53,0" doraHai="19" doraHaiUra="55" who="2" fromWho="0" sc="203,-29,237,0,203,39,347,0" /><INIT seed="2,1,0,5,0,88" ten="174,237,242,347" oya="2" hai0="101,85,50,120,104,12,67,10,57,60,20,46,80" hai1="97,29,118,116,40,23,91,121,79,54,135,22,86" hai2="72,131,64,134,41,117,32,16,48,52,68,87,13" hai3="37,62,27,76,51,17,0,28,49,58,98,4,45"/><V74/><F117/><W78/><G0/><T31/><D120/><U92/><E121/><V71/><F32/><W55/><G4/><T119/><D119/><U47/><E135/><V99/><F134/><W11/><G98/><T59/><D101/><U56/><E118/><V127/><F41/><W66/><G37/><T115/><D104/><U84/><E116/><V128/><F64/><W89/><G89/><T63/><D20/><U61/><E79/><V95/><F87/><W8/><G51/><T105/><D31/><U5/><E5/><V39/><F39/><W1/><G1/><T100/><D100/><U14/><E14/><V109/><F127/><W21/><G8/><T36/><D105/><U123/><E123/><V107/><F107/><W132/><G132/><T38/><D60/><U94/><E29/><V124/><F124/><W103/><G103/><T34/><D34/><U102/><REACH who="1" step="1"/><E84/><REACH who="1" ten="174,227,242,347" step="2"/><V69/><F74/><W2/><G2/><T18/><D115/><U30/><E30/><V106/><F72/><W125/><G125/><T114/><D114/><U43/><E43/><V7/><F7/><W93/><G28/><T33/><D33/><U81/><E81/><V35/><F35/><W24/><G76/><T53/><REACH who="0" step="1"/><D46/><REACH who="0" ten="164,227,242,347" step="2"/><U113/><E113/><V44/><F44/><W129/><G45/><T90/><AGARI ba="1,2" hai="10,12,18,36,38,50,53,57,59,63,67,80,85,90" machi="90" ten="20,5200,0" yaku="1,1,2,1,0,1,7,1,53,0" doraHai="88" doraHaiUra="108" who="0" fromWho="0" sc="164,75,227,-14,242,-27,347,-14" /><INIT seed="3,0,0,3,0,87" ten="239,213,215,333" oya="3" hai0="121,104,29,37,18,89,129,38,97,57,123,46,103" hai1="47,36,79,82,44,30,39,25,34,65,113,83,72" hai2="73,112,93,128,126,26,16,22,109,32,7,28,80" hai3="10,66,24,50,110,3,5,108,52,62,53,41,115"/><W17/><G115/><T78/><D129/><U20/><E113/><V27/><F112/><W1/><G1/><T19/><D29/><U42/><E65/><V77/><F128/><W119/><G119/><T86/><D78/><U67/><E67/><V0/><F109/><N who="3" m="42091" /><G41/><T54/><D18/><U56/><E56/><V69/><F69/><N who="3" m="42199" /><G50/><T23/><D46/><U102/><E102/><V122/><F122/><W132/><G132/><T8/><D8/><U64/><E64/><V114/><F114/><W125/><G125/><T131/><D37/><U40/><E83/><V124/><F0/><W74/><G74/><T116/><D38/><U11/><E11/><V98/><REACH who="2" step="1"/><F7/><REACH who="2" ten="239,213,205,333" step="2"/><W2/><G2/><T13/><D131/><U6/><E6/><V81/><F81/><W134/><G134/><T127/><D116/><U12/><E12/><V133/><F133/><W45/><G45/><T71/><D71/><U63/><E63/><V96/><F96/><W106/><G106/><T31/><D123/><U60/><REACH who="1" step="1"/><E60/><REACH who="1" ten="239,203,205,333" step="2"/><V14/><F14/><W9/><G10/><T85/><D121/><U111/><E111/><V59/><F59/><W33/><G9/><T55/><D57/><U4/><E4/><V35/><F35/><AGARI ba="0,2" hai="20,25,30,34,35,36,39,40,42,44,47,72,79,82" machi="35" ten="40,8000,1" yaku="1,1,9,1,53,2" doraHai="87" doraHaiUra="68" who="1" fromWho="2" sc="239,0,203,100,205,-80,333,0" /><INIT seed="4,0,0,1,3,7" ten="239,303,125,333" oya="0" hai0="35,25,1,45,38,12,114,109,59,69,19,82,113" hai1="89,123,80,70,51,57,77,2,117,64,49,42,31" hai2="23,13,79,74,108,118,0,130,9,11,58,20,4" hai3="27,65,133,111,115,129,46,39,85,8,97,76,105"/><T128/><D69/><U94/><E117/><V10/><F74/><W104/><G111/><T18/><D128/><U107/><E107/><V84/><F79/><W41/><G115/><T127/><D1/><U21/><E2/><N who="2" m="151" /><F84/><W102/><G129/><T135/><D127/><U61/><E70/><V75/><F75/><W96/><G65/><T86/><D135/><U122/><E123/><V99/><F99/><W24/><G133/><T16/><D109/><U17/><E31/><V112/><F58/><W73/><G73/><T132/><D132/><U5/><E5/><N who="2" m="1319" /><F108/><W124/><G124/><T131/><D12/><N who="1" m="9383" /><E42/><V60/><F60/><W93/><G76/><T83/><D131/><U14/><E14/><V32/><F118/><W62/><G85/><T120/><D59/><U40/><E122/><V55/><F55/><W67/><G105/><T43/><D120/><U121/><E40/><V116/><F116/><W72/><G72/><T78/><D83/><U48/><E121/><V103/><F103/><W90/><G104/><T95/><D95/><U53/><E77/><V91/><F130/><W34/><G96/><T98/><D98/><N who="1" m="57679" /><E80/><V54/><F32/><W71/><G34/><T15/><D113/><U126/><E126/><V44/><F91/><W47/><G90/><T110/><D114/><U50/><E50/><N who="2" m="28999" /><F112/><W66/><G97/><T119/><D110/><U33/><E33/><V3/><F3/><W63/><G102/><T26/><D119/><U134/><E134/><V37/><F37/><W125/><G125/><T36/><D36/><U81/><E64/><V30/><F30/><RYUUKYOKU ba="0,0" sc="239,-15,303,15,125,15,333,-15" hai1="48,49,51,53,57,61,81" hai2="11,13,20,23" /><INIT seed="5,1,0,5,5,19" ten="224,318,140,318" oya="1" hai0="50,7,110,35,46,55,4,91,44,43,59,131,133" hai1="128,100,51,65,36,79,54,117,104,105,3,77,84" hai2="57,24,60,95,111,17,113,5,80,42,34,16,47" hai3="134,81,52,106,120,12,132,73,10,2,124,1,82"/><U130/><E117/><V20/><F111/><W45/><G106/><T22/><D110/><U123/><E123/><V126/><F126/><W30/><G120/><T13/><D35/><U71/><E3/><V78/><F34/><W63/><G30/><T18/><D131/><N who="1" m="50219" /><E36/><V89/><F5/><W58/><G124/><T40/><D133/><N who="3" m="51305" /><G45/><T41/><D46/><U125/><E125/><V92/><F113/><W96/><G96/><T116/><D116/><U29/><E29/><V39/><F89/><W21/><G21/><T122/><D122/><U85/><E65/><V86/><REACH who="2" step="1"/><F17/><REACH who="2" ten="224,318,130,318" step="2"/><N who="3" m="8343" /><G73/><T101/><D101/><U23/><E100/><V108/><F108/><W76/><G76/><T15/><D91/><U127/><E77/><V135/><F135/><W129/><G129/><T103/><D103/><U121/><E79/><V14/><F14/><W70/><G70/><T97/><D13/><U9/><E71/><V61/><F61/><W94/><G1/><T32/><D32/><U88/><E88/><V68/><F68/><W0/><G2/><T26/><D15/><U102/><E102/><V93/><F93/><W72/><G0/><T48/><REACH who="0" step="1"/><D97/><REACH who="0" ten="214,318,130,318" step="2"/><U107/><E127/><V109/><F109/><W62/><G72/><T64/><D64/><AGARI ba="1,2" hai="16,20,24,39,42,47,57,60,64,78,80,86,92,95" machi="64" ten="30,7700,0" yaku="1,1,7,1,52,1,54,1,53,0" doraHai="19" doraHaiUra="8" who="2" fromWho="0" sc="214,-80,318,0,130,100,318,0" /><INIT seed="6,0,0,0,4,9" ten="134,318,230,318" oya="2" hai0="42,23,30,14,61,36,125,133,16,46,57,105,107" hai1="85,117,83,67,78,101,130,116,103,0,95,19,81" hai2="90,73,126,10,102,60,91,92,17,68,128,37,15" hai3="28,26,115,120,33,86,13,74,49,8,3,7,43"/><V77/><F37/><W65/><G74/><T35/><D125/><U97/><E67/><V84/><F126/><W59/><G120/><T79/><D133/><U29/><E19/><V109/><F109/><W44/><G115/><T71/><D71/><U89/><E29/><V123/><F123/><W104/><G104/><T119/><D119/><N who="1" m="45643" /><E0/><V32/><F32/><W25/><G86/><T114/><D114/><U56/><E56/><V96/><F128/><W66/><G59/><T99/><D79/><N who="1" m="46271" /><E130/><V5/><F73/><AGARI ba="0,0" hai="73,78,83,89,95,97,101,103" m="46271,45643" machi="73" ten="30,2000,0" yaku="34,2" doraHai="9" who="1" fromWho="2" sc="134,0,318,20,230,-20,318,0" /><INIT seed="7,0,0,2,2,43" ten="134,338,210,318" oya="3" hai0="53,36,107,129,32,114,103,68,116,135,108,46,63" hai1="126,111,19,42,95,80,86,123,79,60,27,17,98" hai2="112,102,41,134,26,94,40,3,78,12,56,52,109" hai3="55,38,85,97,35,49,122,30,82,89,10,5,34"/><W0/><G38/><T131/><RYUUKYOKU type="yao9" ba="0,0" sc="134,0,338,0,210,0,318,0" hai0="32,36,46,53,63,68,103,107,108,114,116,129,131,135" /><INIT seed="7,1,0,0,4,102" ten="134,338,210,318" oya="3" hai0="68,60,30,62,27,55,4,73,40,58,42,3,11" hai1="81,90,122,75,113,67,50,7,70,80,127,129,65" hai2="64,69,57,56,99,92,121,117,135,101,108,118,88" hai3="32,105,8,84,120,36,95,104,33,66,29,114,16"/><W119/><G36/><T6/><D73/><U45/><E113/><V125/><F108/><W1/><G119/><T44/><D6/><U97/><E127/><V82/><F125/><W128/><G120/><T52/><D68/><U22/><E129/><V83/><F121/><W59/><G128/><T17/><D17/><U107/><E107/><V110/><F110/><W20/><G114/><T91/><D91/><U72/><E72/><V85/><F69/><W19/><G33/><T48/><REACH who="0" step="1"/><D60/><REACH who="0" ten="124,338,210,318" step="2"/><U71/><E7/><V54/><F118/><W131/><G16/><T0/><D0/><U15/><E90/><V34/><F117/><W123/><G19/><T37/><D37/><U132/><E75/><V9/><F88/><W24/><G1/><T96/><D96/><U26/><E97/><V115/><F99/><W18/><G18/><T49/><D49/><U93/><E50/><V53/><F115/><W46/><G8/><T25/><D25/><U63/><E71/><V10/><F10/><W38/><G131/><T74/><D74/><U31/><E70/><V116/><F9/><W14/><G14/><T86/><D86/><U2/><E15/><V109/><F85/><W76/><G84/><T41/><D41/><U43/><E43/><V23/><F116/><W111/><G38/><T39/><D39/><U35/><E2/><V103/><F109/><W79/><G111/><T124/><D124/><U133/><E63/><V112/><F112/><W51/><G123/><T13/><D13/><U28/><E26/><V100/><F135/><W5/><G24/><T89/><D89/><RYUUKYOKU ba="1,1" sc="124,30,338,-10,210,-10,318,-10" hai0="3,4,11,27,30,40,42,44,48,52,55,58,62" owari="154,-34.6,338,43.8,200,-20.0,308,10.8" /></mjloggm>