<mjloggm ver="2.3"><GO type="169" lobby="0"/><UN n0="%E3%83%8F%E3%83%B3%E3%83%81%E3%83%A7%E3%82%A6%E5%A4%A7%E6%A7%BB" n1="%E9%BA%BB%E9%9B%80%49%51%31%32%30" n2="%72%65%62%65%65%72" n3="%E9%BA%BB%E9%9B%80%E5%B0%91%E5%B9%B4" dan="16,16,16,17" rate="2093.08,2087.65,2165.42,2171.39" sx="M,M,M,M"/><TAIKYOKU oya="0"/><INIT seed="0,0,0,0,0,52" ten="250,250,250,250" oya="0" hai0="116,12,117,98,115,56,112,53,114,30,49,89,39" hai1="47,46,77,9,26,48,0,59,81,45,25,15,93" hai2="38,16,133,22,125,19,23,97,100,99,24,6,119" hai3="108,66,29,3,64,74,113,37,85,43,61,96,17"/><T107/><D39/><U80/><E0/><V33/><F38/><W109/><G74/><T78/><D78/><U92/><E25/><V123/><F123/><W135/><G113/><T84/><D30/><U10/><E26/><V95/><F133/><W134/><G3/><T2/><D2/><U21/><E21/><V62/><F125/><W40/><G29/><T70/><D70/><U128/><E128/><V118/><F6/><W8/><G96/><T126/><D126/><U75/><E81/><V60/><F33/><W110/><G85/><T69/><D69/><U120/><E9/><V131/><F131/><W55/><G17/><T1/><D1/><U44/><E120/><V83/><F83/><W34/><G8/><T32/><D32/><U101/><E101/><V87/><F87/><W104/><G104/><T11/><D98/><U4/><REACH who="1" step="1"/><E59/><REACH who="1" ten="250,240,250,250" step="2"/><V132/><F24/><W68/><G34/><T111/><D111/><U86/><E86/><V58/><F58/><N who="3" m="35039" /><G68/><T20/><D20/><U5/><E5/><V31/><F31/><W72/><G72/><T106/><D117/><U79/><E79/><V36/><F100/><W102/><G102/><T76/><D76/><U90/><E90/><V124/><F124/><W42/><G37/><T82/><REACH who="0" step="1"/><D116/><REACH who="0" ten="240,240,250,250" step="2"/><U14/><E14/><V50/><F36/><W71/><G71/><T7/><AGARI ba="0,2" hai="7,11,12,49,53,56,82,84,89,106,107,112,114,115" machi="7" ten="30,11700,0" yaku="1,1,2,1,0,1,52,1,53,0" doraHai="52" doraHaiUra="127" who="0" fromWho="0" sc="240,137,240,-39,250,-39,250,-39" /><INIT seed="0,1,0,1,3,24" ten="377,201,211,211" oya="0" hai0="120,113,25,133,116,48,79,67,118,70,14,128,7" hai1="47,35,132,76,51,107,19,87,121,49,18,46,66" hai2="99,89,28,134,56,112,15,10,38,55,60,122,29" hai3="95,105,53,82,124,98,4,64,73,72,129,42,126"/><T50/><D113/><U68/><E107/><V71/><F112/><W131/><G64/><T123/><D79/><U3/><E121/><N who="0" m="46665" /><D14/><U20/><E35/><V44/><F122/><W21/><G42/><T103/><D7/><U0/><E66/><V125/><F71/><W65/><G65/><T27/><D103/><U106/><E106/><V94/><F134/><W34/><G53/><T63/><D25/><U59/><E68/><V127/><F38/><W85/><G34/><T80/><D80/><U75/><E75/><N who="3" m="28746" /><G21/><T102/><D102/><U110/><E20/><V86/><F44/><W57/><G57/><T92/><D92/><U58/><E132/><V90/><F127/><N who="3" m="48683" /><G4/><T33/><D27/><U36/><E36/><V114/><F114/><W6/><G6/><T5/><D5/><U115/><E115/><V54/><F55/><W78/><G105/><T43/><D33/><U61/><E61/><V109/><F125/><W84/><G84/><T130/><D133/><U52/><E87/><V77/><F15/><W135/><G135/><T104/><D104/><U91/><E52/><V97/><F10/><W88/><AGARI ba="1,0" hai="78,82,85,88,95,98,129,131" m="48683,28746" machi="88" ten="40,8000,1" yaku="18,1,34,2,54,1" doraHai="24" who="3" fromWho="3" sc="377,-41,201,-21,211,-21,211,83" /><INIT seed="1,0,0,0,5,60" ten="336,180,190,294" oya="1" hai0="5,96,31,46,10,37,128,126,25,116,121,92,91" hai1="86,1,104,106,133,53,127,48,84,89,109,36,85" hai2="79,81,102,8,26,56,14,94,51,70,42,117,62" hai3="100,67,82,17,55,112,68,33,15,38,124,23,110"/><U88/><E36/><V77/><F117/><W93/><G112/><T57/><D116/><U12/><E1/><V115/><F70/><W103/><G110/><T73/><D73/><U129/><E109/><V44/><F115/><W72/><G38/><T132/><D128/><U3/><E3/><V108/><F26/><W76/><G124/><T34/><D132/><U120/><E120/><V24/><F24/><W4/><G33/><T130/><D130/><U65/><E129/><V43/><F42/><W69/><G4/><T66/><D126/><U16/><E127/><V118/><F118/><W99/><G55/><T2/><D121/><U135/><E65/><N who="2" m="39111" /><F81/><W83/><G67/><T39/><D46/><U32/><E32/><V18/><F108/><W101/><REACH who="3" step="1"/><G83/><REACH who="3" ten="336,180,190,284" step="2"/><T49/><D66/><U19/><E135/><V61/><F61/><W7/><G7/><T74/><D34/><U123/><E133/><V9/><F9/><W11/><G11/><T119/><D119/><U114/><E114/><V58/><F58/><W50/><G50/><T59/><D49/><U71/><E123/><V87/><F87/><W134/><G134/><T95/><D74/><U30/><E48/><V45/><F45/><W6/><G6/><T63/><D39/><U22/><E53/><V28/><F28/><W113/><G113/><T35/><D37/><U40/><E30/><V125/><F125/><W78/><G78/><T29/><D29/><U131/><E131/><V52/><F43/><W80/><G80/><T97/><D63/><U75/><E40/><V54/><F54/><W13/><G13/><RYUUKYOKU ba="0,1" sc="336,10,180,-30,190,10,284,10" hai0="2,5,10,25,31,35,57,59,91,92,95,96,97" hai2="8,14,18,44,51,52,77,79,94,102" hai3="15,17,23,68,69,72,76,82,93,99,100,101,103" /><INIT seed="2,1,1,5,0,35" ten="346,150,200,294" oya="2" hai0="99,132,67,43,111,44,130,80,128,108,123,102,70" hai1="14,22,114,100,51,95,29,17,79,82,28,126,69" hai2="30,109,37,64,52,86,120,34,105,113,119,46,92" hai3="88,110,20,127,135,12,106,125,121,96,85,25,83"/><V32/><F113/><W40/><G121/><T33/><D123/><U115/><E126/><N who="3" m="48138" /><G110/><N who="0" m="42027" /><D33/><U3/><E69/><V76/><F109/><W61/><G135/><T2/><D80/><U94/><E3/><V71/><F105/><W55/><G40/><T134/><D99/><U124/><E124/><V4/><F119/><W65/><G55/><T9/><D102/><U39/><E39/><V77/><F120/><W42/><G42/><T6/><D67/><U26/><E51/><N who="2" m="28791" /><F71/><N who="3" m="42415" /><G12/><T21/><D70/><U101/><E115/><V18/><F34/><W116/><G116/><T53/><D53/><U27/><E114/><V129/><F32/><W1/><G1/><T58/><D58/><U91/><E26/><V45/><F64/><W41/><G41/><T72/><D21/><U89/><E27/><V7/><F30/><W74/><G74/><T131/><D72/><U16/><E22/><V118/><F37/><AGARI ba="1,1" hai="2,6,9,37,43,44,128,130,131,132,134" m="42027" machi="37" ten="40,8000,1" yaku="19,1,14,1,23,1,52,1" doraHai="35" who="0" fromWho="2" sc="346,93,150,0,200,-83,294,0" /><INIT seed="3,0,0,1,2,97" ten="439,150,117,294" oya="3" hai0="41,46,1,129,128,107,127,104,13,95,36,69,14" hai1="134,125,45,27,38,39,23,133,124,50,109,15,29" hai2="0,5,94,47,62,44,102,51,71,93,70,130,11" hai3="56,30,122,121,61,119,40,26,120,8,105,37,67"/><W106/><G119/><T86/><D1/><U96/><E109/><V68/><F130/><N who="0" m="50282" /><D69/><U108/><E108/><V91/><F62/><W111/><G111/><T89/><D127/><N who="1" m="48715" /><E15/><AGARI ba="0,0" hai="13,14,15,36,41,46,86,89,95,104,107" m="50282" machi="15" ten="30,1000,0" yaku="19,1" doraHai="97" who="0" fromWho="1" sc="439,10,150,-10,117,0,294,0" /><INIT seed="4,0,0,1,0,21" ten="449,140,117,294" oya="0" hai0="65,110,28,71,117,120,95,2,43,17,67,111,125" hai1="26,87,124,135,103,108,86,106,14,11,93,92,35" hai2="64,101,6,118,88,94,0,96,78,29,77,52,41" hai3="57,69,36,54,127,79,85,126,99,4,3,13,128"/><T20/><D117/><U104/><E108/><V53/><F118/><W33/><G69/><T49/><D2/><U70/><E70/><V72/><F41/><W27/><G36/><T80/><D28/><U44/><E124/><N who="3" m="47658" /><G3/><T132/><D95/><U114/><E135/><V97/><F64/><W62/><G128/><T68/><D80/><U32/><E11/><V8/><F29/><N who="3" m="19647" /><G99/><T37/><D37/><U40/><E14/><V113/><F113/><W15/><G4/><T91/><D125/><U31/><E114/><V5/><F5/><W58/><G58/><T107/><D132/><U55/><E55/><V56/><F72/><W42/><G42/><T133/><D43/><U19/><E31/><V134/><F134/><W10/><G10/><T74/><D133/><U25/><E40/><V73/><F73/><W12/><G85/><T59/><D74/><U112/><E112/><V9/><F9/><W83/><G83/><T48/><D59/><U82/><E82/><V131/><F131/><W81/><G81/><T38/><D38/><U76/><E76/><AGARI ba="0,0" hai="12,13,15,54,57,62,76,79" m="19647,47658" machi="76" ten="30,2000,0" yaku="18,1,52,1" doraHai="21" who="3" fromWho="1" sc="449,0,140,-20,117,0,294,20" /><INIT seed="5,0,0,3,0,85" ten="449,120,117,314" oya="1" hai0="91,47,115,53,17,80,62,49,52,98,67,39,21" hai1="77,45,126,84,50,75,135,96,99,90,119,123,117" hai2="60,131,78,86,92,9,12,127,32,104,28,66,128" hai3="33,18,113,16,105,132,37,59,58,100,54,10,35"/><U76/><E123/><V65/><F104/><W106/><G113/><T13/><D115/><U61/><E126/><V108/><F108/><W83/><G37/><T124/><D39/><U87/><E61/><V69/><F66/><W31/><G83/><T81/><D124/><U34/><E34/><V121/><F121/><W68/><G68/><T89/><D98/><U44/><E50/><V110/><F110/><W111/><G100/><T41/><D41/><U48/><E48/><V88/><F127/><W14/><G111/><T2/><D2/><U46/><E46/><V57/><F78/><W72/><G72/><T5/><D5/><U56/><E56/><V40/><F40/><W3/><G3/><T82/><D67/><U4/><E4/><V79/><F79/><W95/><G95/><T36/><D36/><U94/><E94/><V24/><REACH who="2" step="1"/><F69/><REACH who="2" ten="449,120,107,314" step="2"/><W102/><G106/><T120/><D120/><U73/><REACH who="1" step="1"/><E135/><REACH who="1" ten="449,110,107,314" step="2"/><V30/><F30/><W22/><G105/><T129/><D129/><U134/><E134/><V15/><F15/><W42/><G132/><T93/><D93/><U125/><E125/><V70/><F70/><W51/><G31/><T109/><D109/><U97/><E97/><V118/><F118/><W55/><G14/><T8/><D13/><U11/><E11/><V1/><F1/><W7/><G10/><T114/><D8/><U103/><E103/><V38/><F38/><W27/><G102/><T122/><D122/><U23/><E23/><V43/><F43/><W133/><G42/><T116/><D116/><U74/><E74/><V25/><F25/><RYUUKYOKU ba="0,2" sc="449,-15,110,15,107,15,314,-15" hai1="44,45,73,75,76,77,84,87,90,96,99,117,119" hai2="9,12,24,28,32,57,60,65,86,88,92,128,131" /><INIT seed="5,1,2,3,0,83" ten="434,125,122,299" oya="1" hai0="102,43,89,24,134,69,96,112,13,108,57,120,72" hai1="67,82,63,100,124,15,126,123,38,7,42,115,81" hai2="19,58,70,84,127,55,29,59,18,98,116,46,111" hai3="8,125,47,78,41,48,121,14,0,12,132,133,32"/><U34/><E123/><V56/><F111/><W39/><G121/><T37/><D69/><U2/><E2/><V4/><F116/><W16/><G125/><N who="1" m="48234" /><E34/><V76/><F70/><W5/><G32/><T1/><D24/><U3/><E3/><V119/><F119/><W30/><G30/><T60/><D13/><U64/><E100/><V106/><F127/><W117/><G117/><T113/><D102/><U44/><E115/><V51/><F106/><W75/><G12/><T6/><D1/><U118/><E118/><V109/><F109/><W28/><G28/><T65/><D120/><U53/><E53/><V122/><F122/><W68/><G68/><T105/><D112/><U77/><E63/><V130/><F130/><W87/><G75/><T79/><D60/><U71/><E71/><V95/><F4/><W9/><REACH who="3" step="1"/><G39/><REACH who="3" ten="434,125,122,289" step="2"/><T25/><D108/><U86/><E15/><V26/><F26/><W45/><G45/><T11/><D25/><U61/><E7/><V40/><F29/><W107/><G107/><T90/><D6/><U103/><E103/><N who="2" m="60895" /><F18/><W49/><G49/><T36/><D36/><U114/><E114/><V93/><F19/><W73/><G73/><T99/><D113/><U85/><E61/><V88/><F76/><AGARI ba="1,3" hai="38,42,44,64,67,76,77,81,82,85,86" m="48234" machi="76" ten="30,5800,0" yaku="18,1,52,2" doraHai="83" who="1" fromWho="2" sc="434,0,125,91,122,-61,289,0" /><INIT seed="5,2,0,0,0,46" ten="434,216,61,289" oya="1" hai0="88,135,80,102,22,7,47,118,90,69,49,81,67" hai1="2,95,93,79,117,57,45,96,89,27,126,111,40" hai2="16,71,38,50,35,34,42,52,112,125,4,114,30" hai3="36,73,97,61,44,123,41,26,53,82,62,103,58"/><U33/><E117/><V77/><F71/><W23/><G123/><T108/><D118/><U72/><E2/><V106/><F4/><W115/><G115/><N who="2" m="44073" /><F125/><W110/><G110/><T133/><D102/><U87/><E111/><V68/><F68/><W109/><G109/><T37/><D37/><U59/><E126/><V64/><F64/><W98/><G62/><N who="0" m="40183" /><D22/><U121/><E121/><V94/><F106/><W28/><REACH who="3" step="1"/><G103/><REACH who="3" ten="434,216,61,279" step="2"/><T128/><D108/><U86/><E59/><N who="2" m="33175" /><F77/><AGARI ba="2,1" hai="23,26,28,36,41,44,53,58,61,73,77,82,97,98" machi="77" ten="40,1300,0" yaku="1,1,53,0" doraHai="46" doraHaiUra="119" who="3" fromWho="2" sc="434,0,216,0,61,-19,279,29" /><INIT seed="6,0,0,4,4,63" ten="434,216,42,308" oya="2" hai0="93,118,88,79,124,109,45,1,75,20,131,114,78" hai1="69,87,28,38,70,125,77,30,51,76,97,90,33" hai2="50,7,113,31,116,135,82,60,0,19,129,47,48" hai3="81,104,59,73,120,21,16,10,6,9,121,98,107"/><V55/><F116/><W35/><G35/><T15/><D109/><U115/><E38/><V105/><F113/><W62/><G73/><T61/><D1/><U3/><E3/><V23/><F129/><W91/><G121/><T56/><D131/><U71/><E97/><V14/><F135/><W117/><G120/><T39/><D114/><U102/><E102/><V17/><F105/><W8/><G117/><T128/><D124/><U36/><E36/><V40/><F31/><W2/><G107/><T13/><D75/><U80/><E115/><V112/><F112/><W84/><G98/><T32/><D32/><U74/><E33/><V134/><F134/><W94/><G94/><T126/><D126/><U64/><E125/><V89/><F0/><W46/><G46/><T29/><D29/><U130/><E130/><V127/><F127/><W5/><G104/><T108/><D108/><U106/><E106/><V101/><F101/><W103/><G103/><T96/><D45/><U85/><E28/><V58/><F7/><W26/><REACH who="3" step="1"/><G2/><REACH who="3" ten="434,216,42,298" step="2"/><T42/><D118/><U27/><E74/><V57/><F19/><W95/><G95/><T99/><D93/><U24/><E30/><V83/><REACH who="2" step="1"/><F89/><REACH who="2" ten="434,216,32,298" step="2"/><W123/><G123/><T37/><D88/><U44/><E90/><V4/><F4/><W49/><G49/><T34/><D128/><U12/><E51/><V54/><AGARI ba="0,2" hai="14,17,23,40,47,48,50,54,55,57,58,60,82,83" machi="54" ten="20,7800,0" yaku="1,1,0,1,7,1,8,1,53,0" doraHai="63" doraHaiUra="133" who="2" fromWho="2" sc="434,-26,216,-26,32,98,298,-26" /><INIT seed="6,1,0,4,2,34" ten="408,190,130,272" oya="2" hai0="3,40,114,11,117,129,56,88,61,46,23,29,106" hai1="99,81,76,68,57,116,53,28,105,1,72,54,87" hai2="31,73,127,71,107,63,77,130,47,97,134,78,69" hai3="5,89,51,44,82,104,9,0,93,26,124,50,110"/><V70/><F127/><W101/><G110/><T66/><D106/><U128/><E116/><V45/><F130/><W43/><G124/><T64/><D117/><U49/><E68/><V133/><F31/><W4/><G4/><T102/><D102/><U83/><E128/><V19/><F63/><W113/><G113/><T38/><D114/><U15/><E1/><V35/><F35/><W33/><G82/><T16/><D129/><U22/><E105/><V27/><F107/><W86/><G104/><T94/><D29/><U91/><E99/><V42/><F97/><W96/><G86/><T2/><D11/><U12/><E28/><V39/><F47/><W111/><G111/><T115/><D66/><U109/><E109/><V10/><F73/><W80/><G80/><T21/><D21/><U75/><E75/><V135/><REACH who="2" step="1"/><F10/><REACH who="2" ten="408,190,120,272" step="2"/><W131/><G131/><T132/><D115/><U119/><E119/><V122/><F122/><W90/><G33/><T60/><D61/><U126/><E126/><V7/><F7/><W20/><G51/><T103/><D132/><U121/><E121/><V32/><F32/><W100/><G100/><T59/><D59/><U65/><E65/><V118/><F118/><W62/><G62/><T18/><D103/><U67/><E67/><V8/><F8/><W25/><G20/><AGARI ba="1,1" hai="19,20,27,39,42,45,69,70,71,77,78,133,134,135" machi="20" ten="50,4800,0" yaku="1,1,20,1,53,0" doraHai="34" doraHaiUra="30" who="2" fromWho="3" sc="408,0,190,0,120,61,272,-51" /><INIT seed="6,2,0,3,4,75" ten="408,190,181,221" oya="2" hai0="128,63,100,135,78,23,85,123,86,81,52,49,7" hai1="126,61,121,13,94,125,99,29,69,88,42,101,2" hai2="77,57,8,39,28,122,20,40,34,104,44,130,47" hai3="4,24,38,53,114,50,108,55,18,105,46,56,60"/><V95/><F122/><W1/><G108/><T36/><D36/><U0/><E121/><V48/><F104/><W119/><G119/><T129/><D123/><U84/><E42/><V27/><F130/><N who="0" m="50282" /><D7/><U6/><E29/><V19/><F57/><W16/><G114/><T90/><D63/><U124/><E13/><V74/><F95/><W92/><G105/><T30/><D100/><U62/><E6/><V82/><F8/><W113/><G113/><T9/><D9/><U116/><E116/><V102/><F102/><W31/><G38/><T91/><D86/><U83/><E61/><V35/><REACH who="2" step="1"/><F28/><REACH who="2" ten="408,190,171,221" step="2"/><W120/><G120/><T59/><D135/><U32/><E32/><V66/><F66/><AGARI ba="2,1" hai="0,2,62,66,69,83,84,88,94,99,101,124,125,126" machi="66" ten="40,2600,0" yaku="18,1,54,1" doraHai="75" who="1" fromWho="2" sc="408,0,190,42,171,-32,221,0" /><INIT seed="7,0,0,0,0,24" ten="408,232,139,221" oya="3" hai0="92,79,18,133,115,128,29,58,19,73,121,110,116" hai1="106,120,55,99,9,83,135,76,22,42,85,59,32" hai2="100,56,1,54,47,36,96,78,12,60,111,41,13" hai3="87,67,72,46,82,131,28,102,63,8,39,64,97"/><W117/><G117/><T109/><D58/><U23/><E32/><V130/><F111/><W26/><G131/><T80/><D29/><U68/><E68/><V91/><F1/><W16/><G72/><T132/><D116/><U43/><E120/><V34/><F130/><W25/><G39/><T74/><D128/><U81/><E135/><N who="0" m="51785" /><D115/><U89/><E9/><V77/><F91/><W31/><G46/><T21/><D121/><U0/><E0/><V112/><F112/><W14/><G26/><N who="0" m="14647" /><D74/><U127/><E127/><V61/><F34/><W48/><G48/><T17/><D92/><N who="1" m="56719" /><E106/><V90/><F61/><W101/><G67/><T119/><D119/><U27/><E83/><V45/><F45/><W20/><G31/><T105/><D105/><U44/><E44/><V35/><F35/><W107/><G102/><T38/><D38/><U88/><E76/><V10/><F12/><W98/><G101/><T123/><D123/><U126/><E126/><V2/><F2/><W57/><G107/><T33/><D33/><U5/><E5/><V122/><F122/><W124/><G124/><T71/><D71/><U95/><E81/><V69/><F90/><AGARI ba="0,0" hai="8,14,16,20,25,28,57,63,64,82,87,90,97,98" machi="90" ten="30,11600,0" yaku="7,1,8,1,52,1,54,1" doraHai="24" who="3" fromWho="2" sc="408,0,232,0,139,-116,221,116" /><INIT seed="7,1,0,0,3,121" ten="408,232,23,337" oya="3" hai0="39,55,125,29,50,9,41,60,6,19,22,105,26" hai1="63,56,42,90,69,134,108,45,102,36,79,67,1" hai2="87,123,57,116,110,81,129,28,64,117,93,5,47" hai3="27,78,48,130,128,96,43,52,118,10,131,74,8"/><W7/><G118/><T91/><D105/><U100/><E134/><V25/><F123/><W132/><G132/><T75/><D75/><U30/><E30/><V92/><F129/><W115/><G115/><T59/><D39/><U20/><E20/><V70/><F5/><W71/><G71/><T31/><D125/><U124/><E124/><V32/><F92/><W85/><G74/><T0/><D91/><U4/><E90/><V24/><F70/><W89/><G43/><T114/><D114/><U73/><E56/><V98/><F47/><W66/><G66/><T119/><D119/><U13/><E13/><V35/><F117/><W94/><G27/><T120/><D120/><U15/><E15/><V113/><F113/><W17/><G17/><T133/><D133/><U68/><E68/><V107/><F116/><W76/><G96/><T38/><D38/><U12/><E12/><V104/><F110/><W101/><G101/><T126/><D126/><U46/><E46/><V106/><F35/><W72/><G72/><T14/><D0/><U40/><E40/><V111/><F24/><W127/><G127/><T58/><D41/><U82/><REACH who="1" step="1"/><E108/><REACH who="1" ten="408,222,23,337" step="2"/><V11/><F111/><W16/><G16/><T112/><D112/><U49/><E49/><V99/><F11/><N who="3" m="4139" /><G7/><T83/><D6/><U88/><E88/><N who="2" m="53407" /><F81/><W21/><G21/><T84/><D22/><U109/><E109/><V122/><F122/><W103/><G103/><T2/><D2/><U135/><E135/><V51/><F64/><W37/><G37/><T54/><D26/><U62/><E62/><V44/><F44/><AGARI ba="1,1" hai="44,48,52,76,78,85,89,94,128,130,131" m="4139" machi="44" ten="30,5800,0" yaku="6,1,19,1,54,1" doraHai="121" who="3" fromWho="2" sc="408,0,222,0,23,-61,337,71" owari="408,50.8,222,-17.8,-38,-53.8,408,20.8" /></mjloggm>