<mjloggm ver="2.3"><GO type="169" lobby="0"/><UN n0="%E5%A7%AB%E7%95%99" n1="%E9%98%BF%E9%83%A8%E5%AF%9B%EF%BC%A0%E9%B3%B3%E5%8D%93" n2="%E5%BA%84%E5%8F%B8%E5%81%A5%E5%A4%AA%E6%9C%97" n3="%E3%81%86%E3%81%91%E3%81%AA%E3%81%8C%E3%81%97%E3%81%BE%E3%81%9B%E3%82%93" dan="16,16,16,17" rate="2118.17,2124.22,2052.27,2248.53" sx="M,F,M,F"/><TAIKYOKU oya="0"/><INIT seed="0,0,0,3,4,103" ten="250,250,250,250" oya="0" hai0="125,82,19,15,10,111,12,66,2,45,43,108,89" hai1="106,91,123,24,61,51,6,124,21,73,102,9,71" hai2="33,133,5,118,67,40,127,84,44,72,81,65,109" hai3="68,78,0,110,52,86,104,13,134,53,75,30,31"/><T90/><D2/><U41/><E123/><V34/><F109/><N who="0" m="42058" /><D66/><U16/><E73/><V35/><F133/><W96/><G110/><T131/><D131/><U132/><E132/><V29/><F29/><W3/><G75/><T25/><D25/><U130/><E130/><V69/><F127/><W38/><G38/><N who="0" m="21751" /><D125/><U49/><E124/><V63/><F67/><W120/><G120/><T22/><D82/><U119/><E24/><V87/><F5/><AGARI ba="0,0" hai="5,10,12,15,19,22,89,90" m="21751,42058" machi="5" ten="30,2900,0" yaku="14,1,10,1" doraHai="103" who="0" fromWho="2" sc="250,29,250,0,250,-29,250,0" /><INIT seed="0,1,0,1,0,16" ten="279,250,221,250" oya="0" hai0="56,121,58,133,25,87,128,24,4,81,23,8,21" hai1="122,5,47,130,43,64,76,84,34,124,19,62,71" hai2="67,89,7,88,111,41,96,69,119,112,6,90,72" hai3="103,28,54,22,108,75,36,126,91,97,12,68,105"/><T66/><D121/><U123/><E124/><V114/><F72/><W77/><G126/><T74/><D74/><U50/><E130/><V14/><F111/><W51/><G108/><T117/><D117/><U99/><E34/><V44/><F119/><W78/><G68/><T107/><D107/><U135/><E135/><V59/><F69/><W104/><G36/><T17/><D128/><U100/><E5/><V61/><F96/><W120/><G120/><T39/><D39/><U27/><E84/><V0/><F0/><W40/><G40/><T26/><D133/><U55/><E76/><V57/><F57/><N who="0" m="22122" /><D66/><U9/><E43/><V125/><F125/><W113/><G105/><T30/><D4/><U15/><REACH who="1" step="1"/><E27/><REACH who="1" ten="279,240,221,250" step="2"/><N who="0" m="10313" /><D8/><U48/><E48/><N who="2" m="26639" /><F114/><W33/><G113/><T127/><D127/><U79/><E79/><V102/><F112/><W83/><G33/><T11/><D11/><U106/><AGARI ba="1,1" hai="9,15,19,47,50,55,62,64,71,99,100,106,122,123" machi="106" ten="20,2700,0" yaku="1,1,0,1,7,1,53,0" doraHai="16" doraHaiUra="115" who="1" fromWho="1" sc="279,-14,240,40,221,-8,250,-8" /><INIT seed="1,0,0,3,5,134" ten="265,280,213,242" oya="1" hai0="63,61,34,58,24,83,21,8,71,68,81,107,113" hai1="28,92,33,80,41,93,38,121,32,12,132,130,13" hai2="43,88,5,44,79,109,60,91,120,65,85,74,25" hai3="97,84,104,115,20,124,102,22,117,129,122,53,123"/><U116/><E116/><V90/><F120/><W66/><G115/><T7/><D107/><U18/><E121/><V128/><F109/><W73/><G117/><T11/><D34/><U15/><E132/><V49/><F128/><W76/><G129/><T119/><D113/><U48/><E130/><V112/><F112/><W36/><G36/><T31/><D119/><U14/><E38/><V16/><F5/><W1/><G1/><T110/><D110/><U39/><E39/><V64/><F74/><W42/><G42/><T9/><D7/><U35/><E28/><V23/><F60/><W98/><G66/><T52/><REACH who="0" step="1"/><D63/><REACH who="0" ten="255,280,213,242" step="2"/><U131/><E131/><V77/><F85/><W133/><G104/><T2/><D2/><U78/><E33/><V135/><F135/><W3/><G84/><T114/><D114/><U62/><E32/><V0/><F0/><W27/><G3/><T56/><D56/><U87/><E35/><V111/><F111/><W106/><G133/><T29/><D29/><U17/><E62/><V94/><F94/><W57/><G123/><T6/><D6/><U75/><E75/><V72/><F72/><W45/><G57/><T99/><D99/><U95/><N who="1" m="3072" /><DORA hai="96" /><U70/><REACH who="1" step="1"/><E70/><AGARI ba="0,1" hai="8,9,11,21,24,31,52,58,61,68,70,71,81,83" machi="70" ten="40,12000,2" yaku="1,1,54,1,53,4" doraHai="134,96" doraHaiUra="67,55" who="0" fromWho="1" sc="255,130,280,-120,213,0,242,0" /><INIT seed="2,0,0,3,3,115" ten="385,160,213,242" oya="2" hai0="40,72,26,15,59,24,76,124,123,103,117,62,63" hai1="111,70,89,122,2,104,102,106,30,129,57,33,127" hai2="97,112,94,121,99,88,47,21,128,86,107,65,3" hai3="11,87,13,22,49,114,48,66,116,0,37,23,80"/><V8/><F112/><W68/><G114/><T110/><D123/><U36/><RYUUKYOKU type="yao9" ba="0,0" sc="385,0,160,0,213,0,242,0" hai1="2,30,33,36,57,70,89,102,104,106,111,122,127,129" /><INIT seed="2,1,0,4,2,20" ten="385,160,213,242" oya="2" hai0="86,123,29,67,134,95,92,34,77,55,35,135,56" hai1="54,21,103,49,113,65,71,131,75,90,8,106,112" hai2="130,15,58,133,100,46,1,0,120,23,18,132,59" hai3="118,98,19,68,7,31,11,51,33,63,42,79,57"/><V14/><F120/><W93/><G118/><T87/><D67/><U66/><E131/><V108/><F130/><W17/><G79/><T60/><D123/><U114/><E75/><V82/><F100/><W12/><G68/><T47/><D47/><U81/><E71/><V32/><F32/><W125/><G125/><T117/><D117/><U10/><E103/><V16/><F108/><W84/><G84/><N who="0" m="32299" /><D77/><U4/><E106/><V109/><F109/><W38/><G38/><T40/><D40/><U30/><E90/><V2/><F46/><N who="3" m="26071" /><G31/><T52/><D55/><U72/><E10/><V122/><F122/><W43/><G43/><T9/><D9/><U24/><E81/><V25/><F82/><W6/><G33/><N who="0" m="12299" /><D29/><U89/><E89/><V99/><F99/><W22/><G7/><T45/><D45/><U129/><E72/><V119/><F119/><W37/><G37/><T53/><D53/><U41/><E41/><V80/><F80/><W104/><G104/><T126/><D126/><U91/><E91/><V102/><F102/><N who="3" m="60751" /><G22/><T74/><D74/><U121/><E121/><V44/><F44/><W107/><G107/><T39/><D39/><U101/><E101/><V128/><F128/><W3/><G3/><T83/><D83/><U78/><E78/><V61/><F59/><W28/><G28/><T5/><D5/><U85/><E129/><V115/><F115/><W69/><G69/><T27/><D95/><U70/><E70/><V111/><F111/><W64/><AGARI ba="1,0" hai="6,11,12,17,19,57,63,64" m="60751,26071" machi="64" ten="30,1100,0" yaku="8,1" doraHai="20" who="3" fromWho="3" sc="385,-4,160,-4,213,-6,242,14" /><INIT seed="3,0,0,0,5,89" ten="381,156,207,256" oya="3" hai0="125,49,55,107,1,132,84,94,118,5,54,131,85" hai1="28,129,14,11,104,115,90,102,19,52,31,83,68" hai2="88,4,106,12,17,135,66,110,60,41,45,127,78" hai3="133,48,8,74,10,134,114,13,63,33,116,80,47"/><W79/><G116/><T77/><D118/><U36/><E115/><V18/><F106/><W2/><G114/><T69/><D107/><U72/><E68/><V75/><F110/><W117/><G117/><T91/><D69/><U37/><E129/><V92/><F135/><W29/><G2/><T122/><D122/><U6/><E37/><V59/><F127/><W0/><G0/><T82/><D131/><U121/><E36/><V9/><F78/><W109/><G109/><T58/><D125/><U35/><E121/><V25/><F25/><W101/><G101/><T38/><D38/><U130/><E130/><V93/><F75/><W42/><G10/><T39/><D39/><U128/><E128/><V34/><F34/><W32/><G63/><T70/><D70/><U71/><E71/><V103/><F45/><W43/><G43/><T20/><D20/><U7/><E102/><V81/><F41/><W24/><REACH who="3" step="1"/><G33/><REACH who="3" ten="381,156,207,246" step="2"/><T113/><D113/><U23/><E35/><V98/><REACH who="2" step="1"/><F81/><REACH who="2" ten="381,156,197,246" step="2"/><W57/><G57/><T124/><D124/><U96/><E83/><V111/><F111/><W21/><G21/><T53/><D58/><U15/><E23/><V30/><F30/><W65/><G65/><T87/><D82/><U123/><E31/><V112/><F112/><W64/><G64/><T61/><D1/><U108/><E28/><V51/><F51/><W97/><G97/><AGARI ba="0,2" hai="4,9,12,17,18,59,60,66,88,92,93,97,98,103" machi="97" ten="30,12000,2" yaku="1,1,7,1,8,1,52,2,54,1,53,0" doraHai="89" doraHaiUra="26" who="2" fromWho="3" sc="381,0,156,0,197,140,246,-120" /><INIT seed="4,0,0,5,2,91" ten="381,156,337,126" oya="0" hai0="8,1,40,135,103,70,19,83,80,77,58,49,33" hai1="57,10,108,45,100,44,122,4,75,12,61,134,0" hai2="72,125,85,112,117,51,105,101,7,133,116,86,73" hai3="46,53,32,124,118,38,25,27,63,42,54,6,68"/><T99/><D70/><U76/><E122/><V81/><F7/><W104/><G118/><N who="2" m="45673" /><F51/><W98/><G6/><T129/><D33/><U23/><E108/><V13/><F13/><W95/><G124/><T94/><D135/><U69/><E134/><V131/><F133/><W110/><G110/><T20/><D129/><U37/><E69/><V84/><F112/><W93/><G54/><T96/><D1/><U74/><E74/><N who="2" m="28779" /><F125/><W92/><G32/><T48/><D8/><U130/><E12/><V17/><F17/><W36/><G36/><T24/><D77/><U47/><E76/><N who="2" m="46119" /><F131/><W16/><G16/><T123/><D123/><U60/><E130/><V114/><F114/><W120/><G120/><T5/><D5/><U106/><E37/><V26/><F26/><W82/><G82/><N who="0" m="31275" /><D58/><U41/><E75/><V30/><F30/><W35/><G68/><T52/><D40/><U109/><E57/><V55/><F55/><W97/><G104/><T126/><D52/><U65/><E41/><V121/><F121/><W128/><G128/><T67/><D67/><U18/><E65/><V43/><F43/><W39/><G39/><T113/><D113/><U79/><E79/><V90/><F90/><W62/><G53/><T132/><D132/><U87/><E4/><V50/><F50/><N who="0" m="19562" /><D126/><U29/><E0/><V31/><F31/><W89/><G89/><T9/><D9/><U11/><E10/><V28/><F28/><W2/><G2/><T111/><D111/><U78/><E109/><V59/><F59/><W14/><G35/><T119/><D119/><U21/><E11/><RYUUKYOKU ba="0,0" sc="381,15,156,-15,337,15,126,-15" hai0="19,20,24,94,96,99,103" hai2="85,86,101,105" /><INIT seed="4,1,0,3,3,127" ten="396,141,352,111" oya="0" hai0="54,7,15,27,28,84,134,77,79,39,62,114,101" hai1="32,12,1,93,2,90,51,82,46,26,56,117,135" hai2="85,115,124,73,44,99,6,78,118,17,121,100,113" hai3="0,9,13,11,66,59,96,50,87,111,69,81,74"/><T35/><D39/><U29/><E117/><V55/><F121/><W5/><G111/><T14/><D114/><N who="2" m="43530" /><F6/><W70/><G74/><T107/><D134/><U103/><E135/><V60/><F60/><W23/><G96/><T75/><D75/><U64/><E103/><V65/><F65/><W94/><G94/><T104/><D7/><U97/><E82/><V48/><F73/><W120/><G23/><T43/><D43/><U91/><E91/><V95/><F124/><W16/><G120/><T89/><D54/><U33/><E33/><V128/><F17/><W86/><G86/><T125/><D62/><U63/><REACH who="1" step="1"/><E12/><REACH who="1" ten="396,131,352,111" step="2"/><V132/><F118/><W8/><G8/><T42/><D125/><U106/><E106/><V58/><F78/><W131/><G66/><T133/><D101/><U98/><E98/><V123/><F123/><W110/><G110/><T4/><D133/><U36/><E36/><V25/><F132/><W130/><G81/><T31/><D15/><U108/><E108/><V122/><F122/><W47/><G87/><T71/><D84/><U22/><E22/><V41/><F85/><W83/><G83/><T88/><D14/><U72/><E72/><V53/><F100/><W52/><REACH who="3" step="1"/><G47/><REACH who="3" ten="396,131,352,101" step="2"/><T38/><D104/><U20/><E20/><V68/><F44/><W80/><G80/><T116/><D107/><U105/><E105/><V92/><F99/><W57/><G57/><T112/><D35/><U61/><E61/><N who="2" m="36047" /><F95/><W129/><AGARI ba="1,2" hai="0,5,9,11,13,16,50,52,59,69,70,129,130,131" machi="129" ten="30,16000,3" yaku="1,1,0,1,19,1,52,3,54,2,53,0" doraHai="127" doraHaiUra="102" who="3" fromWho="3" sc="396,-81,131,-41,352,-41,101,183" /><INIT seed="5,0,0,5,2,131" ten="315,90,311,284" oya="1" hai0="43,112,105,96,2,78,10,97,109,118,115,48,17" hai1="46,9,35,108,50,68,79,56,32,94,25,120,30" hai2="101,15,42,41,27,124,104,44,58,107,92,121,102" hai3="47,3,129,87,89,71,21,13,24,106,49,72,110"/><U98/><BYE who="0" /><E120/><UN n0="%E5%A7%AB%E7%95%99" /><V28/><F121/><W11/><G110/><T36/><D109/><U84/><E108/><V60/><F124/><W26/><G129/><T53/><D118/><U39/><E68/><V80/><F42/><W31/><G106/><T1/><D78/><U135/><E39/><V75/><F15/><W33/><G72/><T7/><D43/><U40/><E35/><V123/><F123/><W132/><G71/><T4/><D36/><U93/><E9/><V83/><F107/><W77/><G77/><T37/><D17/><U67/><E56/><V16/><F104/><W38/><G38/><T64/><D64/><U113/><E67/><N who="2" m="39319" /><F28/><W111/><G111/><T59/><D37/><U18/><E113/><N who="0" m="43593" /><D105/><U86/><E18/><V8/><F92/><W34/><G26/><T51/><D51/><U0/><E0/><V22/><F75/><W19/><G3/><N who="0" m="1035" /><D10/><U54/><E40/><V100/><F8/><W90/><G90/><T73/><D73/><U125/><E125/><V122/><F122/><W66/><G66/><T95/><D97/><U57/><E46/><V70/><F70/><W52/><REACH who="3" step="1"/><G132/><REACH who="3" ten="315,90,311,274" step="2"/><T6/><D4/><U117/><E117/><V55/><F41/><W85/><G85/><N who="1" m="32874" /><E135/><V127/><F127/><W12/><G12/><T126/><D126/><U5/><E79/><V20/><F102/><AGARI ba="0,1" hai="6,7,48,53,59,95,96,102" m="1035,43593" machi="102" ten="30,1000,0" yaku="15,1" doraHai="131" who="0" fromWho="2" sc="315,20,90,0,311,-10,274,0" /><INIT seed="6,0,0,5,0,106" ten="335,90,301,274" oya="2" hai0="112,132,119,54,21,87,78,116,44,81,82,23,48" hai1="34,4,123,26,130,57,20,109,24,108,71,89,72" hai2="37,80,91,7,27,10,41,88,122,125,102,90,58" hai3="12,114,73,79,126,8,49,16,6,95,31,94,96"/><V99/><F122/><W14/><G126/><T56/><D112/><U86/><E57/><V92/><F125/><W74/><G114/><T35/><D35/><U107/><E86/><V46/><F27/><W25/><G79/><T103/><D103/><U118/><E107/><V51/><F58/><W84/><G49/><T5/><D5/><U67/><E67/><V30/><F30/><W101/><G84/><T1/><D1/><U133/><E71/><V45/><F80/><W33/><REACH who="3" step="1"/><G95/><REACH who="3" ten="335,90,301,264" step="2"/><T2/><D87/><U22/><E89/><V60/><F60/><W128/><G128/><T0/><D78/><U62/><E62/><V100/><F100/><W13/><G13/><T65/><D48/><U69/><E69/><V113/><F113/><W93/><G93/><T64/><D119/><U53/><E130/><V120/><F120/><W77/><G77/><T121/><D0/><U36/><E123/><V17/><F17/><W104/><G104/><T61/><D2/><U43/><E118/><V28/><F28/><W115/><G115/><T29/><D121/><U70/><E70/><V97/><F99/><W59/><G59/><T11/><D56/><U18/><E18/><V98/><F98/><W83/><G83/><T55/><D81/><U75/><E109/><V19/><F19/><W124/><G124/><T127/><D82/><U63/><E108/><V66/><F66/><W76/><G76/><T110/><D127/><U134/><E63/><V111/><F111/><W47/><G47/><T3/><D110/><U39/><E39/><V42/><F102/><W85/><G85/><RYUUKYOKU ba="0,1" sc="335,-15,90,-15,301,15,264,15" hai2="7,10,37,41,42,45,46,51,88,90,91,92,97" hai3="6,8,12,14,16,25,31,33,73,74,94,96,101" /><INIT seed="6,1,1,2,3,18" ten="320,75,316,279" oya="2" hai0="57,75,21,86,99,13,85,45,111,115,122,88,131" hai1="7,87,95,91,9,96,48,41,126,125,65,60,66" hai2="124,128,120,33,19,40,133,34,12,14,97,26,10" hai3="70,123,53,68,3,28,55,59,42,20,54,77,25"/><V73/><F73/><W76/><G123/><T79/><D122/><U1/><E96/><V29/><F120/><W93/><G3/><T24/><D111/><U71/><E65/><V17/><F124/><W92/><G59/><T105/><D75/><U82/><E95/><V78/><F78/><W52/><G55/><T94/><D105/><U106/><E106/><V49/><F133/><W83/><G77/><T22/><D115/><U67/><E67/><V61/><F128/><W135/><G135/><T107/><D107/><U16/><E48/><V47/><F34/><W2/><G2/><T63/><D131/><U74/><E41/><V100/><F61/><W81/><G81/><N who="0" m="47295" /><D45/><U129/><E74/><V31/><F31/><W43/><G43/><T134/><D134/><U51/><E51/><V35/><F35/><W8/><G8/><T109/><D24/><U132/><E132/><V69/><F69/><W44/><G70/><T112/><D112/><U32/><E32/><V89/><F89/><W102/><G102/><N who="0" m="60791" /><D13/><U36/><E36/><V104/><F14/><W37/><REACH who="3" step="1"/><G68/><REACH who="3" ten="320,75,316,269" step="2"/><T58/><D109/><U15/><REACH who="1" step="1"/><E129/><REACH who="1" ten="320,65,316,269" step="2"/><V117/><F40/><W80/><G80/><N who="0" m="49223" /><D57/><U6/><E6/><V84/><F47/><W130/><G130/><T50/><D50/><U121/><E121/><V113/><F49/><W118/><G118/><T23/><D58/><U30/><E30/><V114/><F117/><W101/><G101/><T62/><AGARI ba="1,3" hai="21,22,23,62,63" m="49223,60791,47295" machi="62" ten="30,8000,1" yaku="8,1,52,3,54,1" doraHai="18" who="0" fromWho="0" sc="320,113,65,-21,316,-41,269,-21" /><INIT seed="7,0,0,0,4,91" ten="433,44,275,248" oya="3" hai0="94,66,126,75,55,81,82,9,13,15,124,74,37" hai1="122,48,32,102,65,64,49,51,87,79,36,73,41" hai2="92,28,113,58,54,43,98,69,23,77,29,86,26" hai3="131,114,101,71,17,38,35,30,78,42,10,11,27"/><W53/><G71/><T106/><D106/><U123/><E87/><V110/><F69/><W112/><G78/><T99/><D37/><U127/><E102/><N who="2" m="60743" /><F110/><W121/><G121/><T12/><D9/><N who="3" m="3081" /><G38/><T115/><D115/><N who="3" m="44073" /><G42/><T93/><D55/><U95/><E95/><N who="0" m="36361" /><D99/><U100/><E100/><V128/><F128/><W134/><G101/><T133/><D133/><U63/><E79/><V97/><F113/><W5/><G53/><T129/><D66/><U61/><E32/><V89/><F43/><W8/><G134/><T118/><D129/><U19/><E19/><N who="2" m="12671" /><F77/><W130/><G17/><T125/><D118/><U16/><E16/><V25/><F97/><W46/><G46/><T72/><AGARI ba="0,0" hai="12,13,15,72,74,75,81,82,124,125,126" m="36361" machi="72" ten="50,16000,3" yaku="29,2,28,2,18,1,52,3" doraHai="91" who="0" fromWho="0" sc="433,160,44,-40,275,-40,248,-80" owari="593,69.3,4,-49.6,235,3.5,168,-23.2" /></mjloggm>