<mjloggm ver="2.3"><GO type="169" lobby="0"/><UN n0="%41%4C%50%45%52%49%4E" n1="%43%4F%45%44%4F%E7%B7%91" n2="%E3%82%A6%E3%82%A9%E3%83%AB%E3%83%AD%E3%83%83%E3%83%88" n3="%E3%83%94%E3%83%B3%E3%82%B5%E3%83%AD%E5%BA%97%E5%93%A1" dan="17,18,18,17" rate="2180.75,2202.73,2231.09,2202.62" sx="M,F,M,M"/><TAIKYOKU oya="0"/><INIT seed="0,0,0,1,0,31" ten="250,250,250,250" oya="0" hai0="56,126,65,96,116,120,112,121,117,47,5,28,82" hai1="72,62,37,91,52,54,66,60,67,23,24,55,125" hai2="21,90,102,58,88,75,128,105,134,10,113,123,130" hai3="43,44,77,131,135,3,4,85,118,104,15,64,73"/><T16/><D112/><U61/><E72/><V13/><F123/><W53/><G118/><T9/><D126/><U42/><E125/><V30/><F75/><W6/><G104/><T87/><D120/><U114/><E114/><V26/><F113/><W74/><G131/><N who="2" m="50217" /><F134/><W18/><G64/><N who="1" m="24618" /><E91/><V69/><F69/><W17/><G53/><N who="1" m="19978" /><E23/><V70/><F70/><W97/><G97/><T29/><D121/><U108/><E24/><V51/><F51/><W129/><G3/><T94/><D47/><N who="1" m="24015" /><E108/><V11/><F11/><W0/><G0/><T100/><D29/><U22/><E22/><V68/><F102/><W2/><G2/><T63/><D28/><U38/><E38/><V81/><F90/><W133/><G129/><T20/><D9/><U59/><AGARI ba="0,0" hai="52,59,60,61,62" m="24015,19978,24618" machi="59" ten="30,12000,2" yaku="35,5,54,1" doraHai="31" who="1" fromWho="1" sc="250,-60,250,120,250,-30,250,-30" /><INIT seed="1,0,0,0,5,50" ten="190,370,220,220" oya="1" hai0="74,7,19,66,35,108,99,88,37,64,39,127,76" hai1="133,102,13,79,125,121,59,77,84,124,103,6,70" hai2="85,128,96,28,58,71,20,12,135,111,54,83,75" hai3="120,69,49,32,57,94,100,92,41,8,122,95,104"/><U26/><E121/><V113/><F71/><W80/><G69/><T72/><D35/><U38/><E70/><V23/><F75/><W91/><G32/><T106/><D108/><U60/><E38/><V93/><F111/><W27/><G27/><T22/><D127/><N who="1" m="48715" /><E133/><V16/><F128/><W117/><G117/><T25/><D7/><U47/><E47/><V67/><F135/><W46/><G104/><T44/><D106/><U86/><E26/><V82/><F67/><W126/><G126/><T68/><D39/><U65/><E86/><V55/><F113/><W31/><G31/><T63/><D66/><U2/><E2/><V109/><F109/><W24/><G24/><T110/><D76/><N who="1" m="29259" /><E84/><V0/><F0/><W123/><G46/><T21/><D110/><U9/><AGARI ba="0,0" hai="6,9,13,59,60,65,102,103" m="29259,48715" machi="9" ten="30,1500,0" yaku="18,1" doraHai="50" who="1" fromWho="1" sc="190,-5,370,15,220,-5,220,-5" /><INIT seed="1,1,0,1,5,99" ten="185,385,215,215" oya="1" hai0="4,111,3,13,57,24,130,42,125,129,95,39,80" hai1="66,93,62,135,68,84,120,73,83,92,11,121,88" hai2="32,64,25,30,27,86,53,117,133,50,35,44,2" hai3="38,132,54,108,20,127,90,94,5,97,79,49,18"/><U0/><E135/><V14/><F2/><W46/><G132/><T19/><D111/><U34/><E34/><V23/><F133/><W69/><G69/><T45/><D125/><U7/><REACH who="1" step="1"/><E73/><REACH who="1" ten="185,375,215,215" step="2"/><V96/><F32/><W37/><G127/><T15/><D129/><U134/><E134/><V60/><F35/><W119/><G108/><T85/><D130/><U9/><E9/><V10/><F10/><W58/><G119/><T114/><D114/><U1/><E1/><V104/><F117/><W72/><G72/><T103/><D3/><U59/><E59/><V76/><F23/><W107/><G58/><T41/><D57/><U101/><E101/><V47/><F47/><W52/><G20/><T77/><D103/><U28/><E28/><V33/><F44/><W8/><G8/><T106/><D45/><U36/><E36/><V91/><F30/><W115/><G115/><T82/><D39/><U105/><E105/><V17/><F104/><W31/><G107/><T89/><D106/><U128/><E128/><V12/><F33/><W6/><G31/><T71/><D71/><U74/><E74/><V70/><F70/><W16/><G38/><T113/><D113/><U63/><E63/><V67/><F60/><W43/><G37/><T40/><D41/><U100/><E100/><V55/><F50/><W22/><G43/><T131/><D40/><U110/><E110/><V112/><F112/><W98/><G49/><T26/><D42/><U126/><E126/><V65/><F65/><W78/><G46/><T102/><D102/><U109/><E109/><V75/><F67/><RYUUKYOKU ba="1,1" sc="185,-10,375,30,215,-10,215,-10" hai1="0,7,11,62,66,68,83,84,88,92,93,120,121" /><INIT seed="1,2,1,0,5,61" ten="175,405,205,205" oya="1" hai0="85,51,75,33,116,71,6,25,43,32,1,105,56" hai1="13,15,10,36,69,74,19,67,80,106,131,0,38" hai2="3,57,76,60,132,124,82,42,64,37,17,84,102" hai3="93,72,99,52,35,65,118,90,11,120,26,50,18"/><U40/><E106/><V16/><F132/><W7/><G120/><T103/><D75/><U107/><E107/><V78/><F3/><W95/><G72/><T8/><D71/><U86/><E74/><V21/><F124/><W108/><G108/><T30/><D116/><U48/><E0/><V112/><F112/><W113/><G113/><T23/><D85/><U130/><E15/><V128/><F128/><N who="1" m="49193" /><E48/><V47/><F102/><W117/><G95/><T53/><REACH who="0" step="1"/><D43/><REACH who="0" ten="165,405,205,205" step="2"/><U81/><E40/><V79/><REACH who="2" step="1"/><F17/><REACH who="2" ten="165,405,195,205" step="2"/><W123/><G18/><T77/><D77/><N who="1" m="46351" /><E81/><V14/><AGARI ba="2,3" hai="14,16,21,37,42,47,57,60,64,76,78,79,82,84" machi="14" ten="20,8000,1" yaku="1,1,0,1,7,1,52,1,54,1,53,0" doraHai="61" doraHaiUra="110" who="2" fromWho="2" sc="165,-22,405,-42,195,116,205,-22" /><INIT seed="2,0,0,4,4,37" ten="143,363,311,183" oya="2" hai0="32,14,1,114,70,103,106,100,17,16,36,43,71" hai1="0,44,92,51,128,102,81,79,35,59,121,24,96" hai2="77,29,117,83,119,27,115,63,65,41,49,50,116" hai3="46,113,125,86,39,82,72,131,97,10,129,107,13"/><V134/><F115/><W4/><G72/><T22/><D114/><U133/><E0/><V66/><F134/><W90/><G113/><T6/><D32/><U135/><E128/><N who="3" m="49226" /><G125/><T61/><D1/><U93/><E121/><V62/><F83/><W84/><G84/><T88/><D6/><U25/><E59/><V53/><F77/><W8/><G8/><T31/><D31/><U45/><E93/><V48/><F27/><N who="1" m="10313" /><E51/><N who="2" m="19531" /><F29/><W111/><G111/><T89/><D17/><U126/><E35/><V112/><F112/><W21/><G21/><T18/><D18/><U68/><E68/><V55/><F41/><N who="3" m="22847" /><G97/><T54/><D71/><U34/><E34/><V52/><F50/><W67/><G67/><AGARI ba="0,0" hai="52,53,55,62,63,65,66,67,116,117,119" m="19531" machi="67" ten="40,12000,1" yaku="28,2,34,2,54,1" doraHai="37" who="2" fromWho="3" sc="143,0,363,0,311,120,183,-120" /><INIT seed="2,1,0,5,2,75" ten="143,363,431,63" oya="2" hai0="46,130,119,108,89,45,24,135,58,13,6,1,10" hai1="87,70,122,59,27,126,37,116,111,93,82,15,60" hai2="21,121,79,28,96,85,100,63,102,98,110,62,38" hai3="11,91,19,88,90,127,132,22,23,80,94,129,68"/><V34/><F34/><W133/><G68/><T74/><D108/><U41/><E116/><V69/><F38/><W104/><G104/><T42/><D119/><U125/><E111/><V118/><F118/><W131/><G94/><T29/><D130/><N who="3" m="49673" /><G80/><T49/><D135/><N who="3" m="51785" /><G127/><T128/><D128/><U72/><E70/><V3/><F121/><W5/><G19/><T35/><D74/><U97/><E93/><V105/><F69/><W40/><G40/><T95/><D46/><U48/><E72/><V66/><F105/><W9/><G9/><T81/><D58/><U83/><E59/><V64/><F110/><W39/><G39/><T114/><D81/><U43/><E82/><V124/><F124/><W65/><G65/><T61/><D95/><U77/><E41/><V99/><F64/><W32/><G32/><T7/><D35/><U117/><E37/><V44/><F66/><W17/><G17/><T36/><D36/><U112/><E43/><V52/><F102/><W76/><G76/><T55/><D42/><U107/><E107/><V26/><F100/><W73/><G73/><T20/><D10/><U115/><E125/><V0/><F79/><W84/><G84/><T4/><D55/><U120/><E126/><V25/><F85/><W106/><G106/><T78/><D78/><U51/><E87/><V103/><F103/><W16/><G16/><T109/><D109/><U134/><E77/><V8/><F8/><W2/><AGARI ba="1,0" hai="2,5,11,22,23,88,90,91" m="51785,49673" machi="2" ten="40,5200,0" yaku="19,1,20,1,54,1" doraHai="75" who="3" fromWho="3" sc="143,-14,363,-14,431,-27,63,55" /><INIT seed="3,0,0,3,1,124" ten="129,349,404,118" oya="3" hai0="12,1,107,69,25,7,128,27,64,36,120,54,91" hai1="100,47,94,37,2,22,109,44,57,88,87,72,61" hai2="49,9,41,95,78,11,84,34,81,73,103,105,132" hai3="0,130,77,56,53,108,24,52,51,111,68,102,135"/><W4/><G68/><T19/><D120/><U13/><E2/><V122/><F132/><W75/><G135/><T48/><D107/><U66/><E72/><V38/><F38/><W127/><G127/><T43/><D1/><U83/><E109/><N who="3" m="42058" /><G102/><T114/><D7/><U90/><E37/><V117/><F117/><W134/><G134/><T32/><D114/><U63/><E63/><V29/><F122/><W23/><G130/><T40/><D128/><U133/><E100/><V60/><F60/><N who="3" m="35847" /><G77/><T80/><D69/><U21/><E133/><V74/><F78/><W59/><G75/><T106/><D91/><U116/><E116/><V30/><F73/><W101/><G101/><T50/><D106/><U125/><E125/><V6/><F74/><W121/><G121/><T119/><D119/><U70/><E70/><V62/><F103/><W113/><G113/><T79/><D79/><U99/><E13/><V46/><F105/><W118/><G118/><T97/><D12/><U10/><E10/><V129/><F11/><N who="3" m="2439" /><G23/><AGARI ba="0,0" hai="21,22,23,44,47,57,61,66,83,87,88,90,94,99" machi="23" ten="40,2600,0" yaku="8,1,54,1" doraHai="124" who="1" fromWho="3" sc="129,0,349,26,404,0,118,-26" /><INIT seed="4,0,0,5,4,56" ten="129,375,404,92" oya="0" hai0="17,27,97,14,109,70,89,21,81,65,86,114,19" hai1="102,132,71,16,77,110,120,104,116,75,92,8,108" hai2="37,50,93,98,32,38,33,115,11,84,13,125,127" hai3="53,74,100,10,73,6,79,95,128,117,87,113,85"/><T39/><D39/><N who="2" m="14858" /><F84/><W3/><G117/><T107/><D114/><U57/><E71/><V44/><F115/><W22/><G113/><T72/><D109/><U47/><E116/><V66/><F66/><W91/><G128/><T129/><D129/><U80/><E132/><V58/><F58/><W119/><G119/><T51/><D72/><U36/><E120/><V43/><F13/><W49/><G100/><T34/><D51/><U94/><E104/><V29/><F11/><W67/><G67/><T12/><D34/><U61/><E110/><V28/><F28/><W2/><G2/><T134/><D134/><U15/><E102/><N who="2" m="60751" /><F29/><W45/><REACH who="3" step="1"/><G22/><REACH who="3" ten="129,375,404,82" step="2"/><T123/><D123/><U7/><E108/><V30/><F33/><W122/><G122/><T133/><D133/><U103/><E103/><V101/><F101/><W135/><G135/><T18/><D107/><U5/><E5/><V31/><F32/><W48/><G48/><T41/><D65/><U118/><E7/><V26/><F127/><W0/><G0/><T1/><D1/><U60/><E118/><V88/><F125/><W52/><G52/><T76/><D41/><U69/><E36/><V35/><F50/><W42/><G42/><T131/><D131/><U40/><E40/><V25/><F43/><W59/><G59/><T63/><D70/><U68/><E68/><V54/><F54/><W96/><G96/><T130/><D130/><U82/><E69/><V124/><F124/><W64/><G64/><T4/><D4/><U46/><E57/><V111/><F111/><W126/><G126/><T55/><D97/><RYUUKYOKU ba="0,1" sc="129,-10,375,-10,404,-10,82,30" hai3="3,6,10,45,49,53,73,74,79,85,87,91,95" /><INIT seed="5,1,1,0,3,19" ten="119,365,394,112" oya="1" hai0="97,87,99,20,34,36,21,96,63,129,68,128,13" hai1="98,80,83,54,82,46,124,73,25,88,126,55,38" hai2="74,58,17,18,92,53,65,1,116,6,3,102,130" hai3="131,107,57,29,123,86,48,84,112,7,85,111,118"/><U93/><E73/><V69/><F74/><W37/><G123/><T28/><D36/><U64/><E64/><V100/><F116/><W16/><G111/><T15/><D87/><U4/><E4/><V133/><F133/><W11/><G37/><T33/><D63/><U125/><REACH who="1" step="1"/><E25/><REACH who="1" ten="119,355,394,112" step="2"/><V43/><F6/><W12/><G7/><T45/><D128/><U47/><E47/><V14/><F65/><W110/><G131/><T56/><D129/><U121/><E121/><V120/><F130/><W62/><G118/><T78/><D45/><U127/><N who="1" m="31744" /><DORA hai="115" /><U101/><E101/><V59/><F102/><W35/><G110/><T72/><D72/><U26/><E26/><V8/><F100/><W135/><G135/><T42/><D68/><U108/><E108/><V41/><F69/><W70/><G70/><T105/><D56/><U91/><E91/><V89/><F59/><W114/><G57/><T24/><D24/><U44/><E44/><V81/><F120/><W52/><G114/><T61/><D78/><U79/><E79/><V119/><F58/><W71/><G112/><T132/><D132/><U117/><E117/><V22/><F89/><W134/><G134/><T51/><D61/><U113/><E113/><V10/><F119/><W94/><G62/><T5/><D5/><U90/><E90/><V2/><F2/><W104/><G71/><T40/><D42/><AGARI ba="1,2" hai="38,42,46,54,55,80,82,83,88,93,98" m="31744" machi="42" ten="70,12000,1" yaku="1,1,18,1,54,1,53,0" doraHai="19,115" doraHaiUra="67,66" who="1" fromWho="0" sc="119,-123,355,143,394,0,112,0" owari="-4,-50.4,498,59.8,394,19.4,112,-28.8" /></mjloggm>