<mjloggm ver="2.3"><GO type="169" lobby="0"/><UN n0="%E2%97%8E%E3%82%88%E3%81%97%E2%97%8E" n1="%E8%B5%A4%E6%9C%A8%E3%81%97%E3%81%92%E3%82%8B" n2="%E3%81%9D%E3%82%93%E3%81%97%E6%A7%98" n3="%E8%B6%85%E6%94%BB%E6%92%83%E9%BA%BB%E9%9B%80" dan="17,16,18,16" rate="2188.42,2070.26,2230.01,2184.03" sx="M,M,M,M"/><TAIKYOKU oya="0"/><INIT seed="0,0,0,4,2,6" ten="250,250,250,250" oya="0" hai0="109,117,9,43,103,14,66,3,23,36,74,100,70" hai1="20,118,45,27,124,54,61,83,122,44,13,33,8" hai2="101,57,53,7,78,99,11,111,34,88,92,114,1" hai3="128,80,47,59,112,12,50,115,41,110,85,106,56"/><T95/><D117/><U126/><E33/><V0/><F111/><W98/><G110/><T29/><D74/><U31/><E118/><V16/><F114/><W130/><G106/><T75/><D75/><U65/><E83/><V4/><F34/><W42/><G98/><T134/><D3/><U25/><E25/><V17/><F78/><W40/><G85/><T119/><D119/><U2/><E2/><V116/><F116/><W131/><G12/><T46/><D134/><U18/><E122/><V123/><F123/><W82/><G82/><T133/><D133/><U37/><E54/><V39/><F39/><W76/><G80/><T15/><D70/><U49/><E49/><V79/><F79/><W104/><G104/><T113/><D66/><U71/><REACH who="1" step="1"/><E37/><REACH who="1" ten="250,240,250,250" step="2"/><V22/><F22/><W55/><G76/><T127/><D109/><U129/><E129/><V120/><F120/><W90/><G90/><T30/><D36/><U62/><E62/><V67/><F67/><W125/><G125/><AGARI ba="0,1" hai="8,13,18,20,27,31,44,45,61,65,71,124,125,126" machi="125" ten="40,5200,0" yaku="1,1,18,1,52,1,53,0" doraHai="6" doraHaiUra="52" who="1" fromWho="3" sc="250,0,240,62,250,0,250,-52" /><INIT seed="1,0,0,0,2,54" ten="250,302,250,198" oya="1" hai0="11,125,121,129,65,109,40,106,50,113,132,90,59" hai1="104,51,110,13,133,58,4,33,9,126,105,118,39" hai2="85,10,55,3,96,7,97,80,116,41,81,68,2" hai3="71,76,44,82,34,49,69,8,114,48,43,42,124"/><U128/><E33/><V84/><F116/><W78/><G34/><T27/><D106/><U15/><E39/><V63/><F41/><W127/><G114/><T73/><D73/><U5/><E118/><V22/><F22/><W31/><G31/><T135/><D113/><U1/><E133/><V94/><F3/><W64/><G8/><T23/><D121/><U99/><E128/><V89/><F94/><W83/><G64/><T70/><D70/><U120/><E120/><V102/><F102/><W36/><G44/><T119/><D119/><U29/><E29/><V100/><F100/><W108/><REACH who="3" step="1"/><G36/><REACH who="3" ten="250,302,250,188" step="2"/><T17/><D11/><U12/><E9/><V56/><REACH who="2" step="1"/><F68/><REACH who="2" ten="250,302,240,188" step="2"/><W14/><G14/><T75/><D132/><U131/><E12/><V67/><F67/><W86/><G86/><T24/><D65/><U77/><E13/><V38/><F38/><W6/><G6/><T115/><D135/><U32/><E15/><V112/><F112/><W35/><G35/><T66/><D115/><U52/><E32/><V37/><F37/><W26/><G26/><T111/><D66/><U117/><E4/><V20/><F20/><W98/><G98/><T62/><D27/><U30/><E5/><V87/><F87/><W47/><G47/><T16/><D24/><U72/><E117/><V93/><F93/><W25/><G25/><T95/><D23/><U130/><E105/><V0/><F0/><W19/><G19/><T28/><D17/><U79/><E1/><V61/><F61/><W45/><G45/><T53/><D16/><U57/><E104/><V74/><F74/><RYUUKYOKU ba="0,2" sc="250,-15,302,-15,240,15,188,15" hai2="2,7,10,55,56,63,80,81,84,85,89,96,97" hai3="42,43,48,49,69,71,76,78,82,83,108,124,127" /><INIT seed="2,1,2,1,1,54" ten="235,287,255,203" oya="2" hai0="104,49,112,60,113,127,13,6,19,71,57,75,16" hai1="110,69,10,40,130,68,44,92,116,65,3,97,36" hai2="102,76,72,115,106,98,125,109,73,67,124,126,2" hai3="41,31,79,15,103,133,132,95,9,33,25,52,84"/><V86/><F2/><W18/><G41/><T12/><D127/><U134/><E116/><V61/><F115/><W74/><G74/><T128/><D75/><U85/><E134/><V55/><F55/><W11/><G11/><T32/><D32/><U22/><E130/><V28/><F109/><W118/><G118/><T81/><D104/><U38/><E38/><V48/><F48/><W23/><G103/><T82/><D6/><U80/><E110/><V4/><F4/><W45/><G9/><T99/><D99/><U1/><E22/><V29/><F86/><W42/><G42/><T47/><D71/><U96/><E96/><V131/><F131/><W21/><G33/><T88/><D128/><U105/><E105/><V8/><F8/><W120/><G120/><T107/><D107/><U63/><E68/><N who="2" m="42095" /><F73/><W83/><REACH who="3" step="1"/><G95/><REACH who="3" ten="235,287,255,193" step="2"/><T93/><D113/><U30/><E10/><V27/><F27/><W58/><G58/><T34/><D34/><U5/><E5/><V70/><F70/><W90/><G90/><T114/><D112/><U0/><E0/><V26/><F26/><W94/><G94/><T122/><D114/><U37/><E37/><V78/><F72/><W53/><G53/><N who="0" m="29887" /><D122/><U62/><E1/><V39/><F39/><W100/><G100/><T111/><D111/><U101/><E3/><V89/><F89/><W119/><G119/><T56/><D88/><U123/><E123/><V117/><F117/><W17/><G17/><N who="0" m="6731" /><D93/><U35/><E92/><V91/><F91/><W51/><AGARI ba="1,3" hai="15,18,21,23,25,31,45,51,52,79,83,84,132,133" machi="51" ten="30,4000,0" yaku="1,1,0,1,54,1,53,0" doraHai="54" doraHaiUra="108" who="3" fromWho="3" sc="235,-11,287,-11,255,-21,193,73" /><INIT seed="3,0,0,3,1,7" ten="224,276,234,266" oya="3" hai0="114,115,16,106,23,51,88,101,22,26,85,2,62" hai1="10,61,96,31,17,5,71,69,44,65,84,122,93" hai2="33,94,107,8,66,104,32,91,68,124,50,117,54" hai3="12,30,126,70,112,73,47,77,29,111,92,75,89"/><W129/><G112/><N who="0" m="43051" /><D2/><U95/><E122/><V37/><F117/><W134/><G70/><T83/><D106/><U110/><E110/><V20/><F37/><W90/><G126/><T57/><D101/><U58/><E31/><V21/><F66/><W49/><G129/><T34/><D23/><U81/><E17/><V45/><F68/><W119/><G119/><T128/><D51/><U60/><E44/><V109/><F109/><W41/><G134/><T82/><D34/><U123/><E123/><V118/><F118/><W80/><G75/><T132/><D132/><U76/><E93/><V52/><F124/><W6/><G111/><T135/><D135/><U64/><E58/><V35/><F54/><W0/><G0/><T4/><D4/><U86/><E81/><V24/><F8/><W97/><REACH who="3" step="1"/><G90/><REACH who="3" ten="224,276,234,256" step="2"/><T102/><D128/><U40/><E76/><V42/><F91/><W11/><AGARI ba="0,1" hai="6,11,12,29,30,41,47,49,73,77,80,89,92,97" machi="11" ten="30,11700,0" yaku="1,1,2,1,0,1,52,1,53,0" doraHai="7" doraHaiUra="108" who="3" fromWho="3" sc="224,-39,276,-39,234,-39,256,127" /><INIT seed="3,1,0,5,0,109" ten="185,237,195,383" oya="3" hai0="65,25,78,48,101,123,26,107,62,12,127,31,87" hai1="81,15,10,0,94,50,61,20,2,96,115,110,100" hai2="132,60,66,68,95,11,120,129,67,69,42,13,56" hai3="128,121,27,44,22,57,93,103,124,75,99,126,112"/><W113/><G121/><T102/><D123/><U117/><E117/><V49/><F120/><W14/><G75/><T36/><D36/><U72/><E110/><V76/><F129/><W92/><G128/><T17/><D48/><U59/><E50/><V114/><F132/><W90/><G14/><T73/><D73/><U40/><E40/><V4/><F114/><W51/><G57/><T84/><D127/><N who="3" m="48681" /><G93/><T74/><D74/><U88/><E20/><V6/><F6/><W5/><G103/><T32/><D26/><U7/><E115/><N who="3" m="44106" /><G5/><T70/><D78/><U82/><E82/><V9/><F76/><W89/><G89/><T98/><REACH who="0" step="1"/><D102/><REACH who="0" ten="175,237,195,383" step="2"/><U85/><REACH who="1" step="1"/><E72/><REACH who="1" ten="175,227,195,383" step="2"/><V108/><F108/><W119/><G119/><T34/><D34/><U79/><E79/><V118/><F118/><W116/><G116/><T63/><D63/><U41/><E41/><V130/><F60/><W64/><G51/><T28/><D28/><U125/><E125/><V45/><F49/><W135/><G135/><T3/><D3/><U97/><E97/><V19/><F130/><W29/><G44/><T23/><AGARI ba="1,2" hai="12,17,23,25,31,32,62,65,70,84,87,98,101,107" machi="23" ten="20,8000,1" yaku="1,1,0,1,7,1,25,2,53,0" doraHai="109" doraHaiUra="38" who="0" fromWho="0" sc="175,103,227,-21,195,-21,383,-41" /><INIT seed="4,0,0,2,4,88" ten="278,206,174,342" oya="0" hai0="47,76,65,7,56,21,126,10,127,48,0,129,133" hai1="58,46,60,130,18,3,134,53,16,62,32,17,75" hai2="50,55,28,68,97,116,77,131,37,42,125,38,66" hai3="111,128,80,1,4,5,135,72,87,41,95,132,15"/><T110/><D110/><U94/><E75/><V71/><F77/><W70/><G111/><T91/><D76/><U73/><E73/><V11/><F28/><W24/><G1/><T106/><D106/><U59/><E3/><V85/><F85/><W20/><G70/><N who="2" m="26665" /><F11/><W31/><G128/><T102/><D129/><U51/><E32/><V43/><F97/><W36/><G41/><N who="2" m="15369" /><F131/><W64/><G36/><N who="2" m="13929" /><F125/><W6/><G15/><T14/><D102/><U30/><E130/><V78/><F78/><W54/><G95/><T121/><D126/><U114/><E30/><V19/><F19/><W123/><G87/><T52/><D127/><U93/><E114/><V74/><F74/><W63/><G80/><T120/><D0/><U2/><E2/><V22/><F22/><W98/><G20/><T84/><D21/><U107/><E107/><V12/><F12/><W90/><G24/><T26/><D26/><U108/><E108/><V40/><N who="2" m="15377" /><V96/><DORA hai="27" /><F96/><W100/><G98/><T67/><D14/><U49/><E17/><V101/><F101/><W25/><G5/><T92/><D7/><U13/><E13/><V45/><F116/><W35/><G6/><T86/><D10/><U105/><E105/><V99/><F99/><W124/><G4/><T81/><D86/><U104/><E104/><V33/><F33/><W83/><G35/><T44/><D81/><U29/><E29/><V57/><F66/><W119/><G64/><T89/><D65/><U117/><E117/><V69/><N who="2" m="26673" /><V23/><DORA hai="112" /><F23/><W122/><G124/><T118/><D118/><RYUUKYOKU ba="0,0" sc="278,-10,206,-10,174,30,342,-10" hai2="45,50,55,57" /><INIT seed="5,1,0,3,4,3" ten="268,196,204,332" oya="1" hai0="12,123,47,74,84,36,77,113,126,107,24,1,62" hai1="16,97,88,95,94,86,38,111,133,25,33,101,87" hai2="125,43,135,46,42,104,127,11,67,118,129,89,122" hai3="93,57,37,21,119,18,20,5,124,70,71,81,15"/><U120/><E38/><V100/><F118/><W22/><G37/><T23/><D107/><U117/><E117/><V8/><F122/><W61/><G119/><T52/><D1/><U72/><E120/><V0/><F129/><W82/><G124/><N who="2" m="47689" /><F135/><W58/><G70/><T130/><D74/><U121/><E72/><V65/><F89/><W30/><G71/><T114/><D130/><U53/><E121/><V29/><F29/><W92/><G5/><T78/><D123/><U112/><E33/><V2/><F2/><W31/><G31/><T116/><D36/><U14/><E133/><V103/><F104/><W90/><G92/><T51/><D116/><U79/><E25/><V76/><F76/><W34/><G58/><T99/><D126/><U59/><E112/><V10/><F0/><W45/><G45/><T32/><D32/><U55/><E111/><V13/><F13/><W132/><G132/><T40/><D12/><U49/><E79/><V73/><F73/><W106/><G106/><T128/><D128/><U98/><E53/><V75/><F75/><W108/><G30/><T109/><D109/><U26/><E26/><V27/><F27/><W35/><G35/><T134/><D134/><U115/><E115/><V28/><F28/><W48/><G34/><T105/><D78/><U9/><AGARI ba="1,0" hai="9,14,16,49,55,59,86,87,88,94,95,97,98,101" machi="9" ten="20,12000,1" yaku="0,1,7,1,8,1,54,2" doraHai="3" who="1" fromWho="1" sc="268,-41,196,123,204,-41,332,-41" /><INIT seed="5,2,0,5,0,7" ten="227,319,163,291" oya="1" hai0="94,100,120,90,131,95,85,118,103,82,134,6,92" hai1="72,115,80,3,25,87,12,68,38,130,59,51,49" hai2="65,122,50,74,70,135,48,53,32,33,14,39,67" hai3="13,93,30,8,88,75,106,114,1,0,73,127,36"/><U91/><E3/><V58/><F122/><W86/><G106/><T61/><D118/><U97/><E38/><V17/><F74/><W27/><G36/><T35/><D35/><U45/><E68/><V10/><F135/><W44/><G127/><T21/><D134/><U5/><E72/><V102/><F39/><W56/><G114/><T37/><D37/><U46/><E115/><V34/><F70/><W126/><G126/><T125/><D125/><U54/><E25/><V116/><F116/><W108/><G108/><T11/><D131/><U109/><E130/><V41/><REACH who="2" step="1"/><F102/><REACH who="2" ten="227,319,153,291" step="2"/><W16/><G75/><T83/><D120/><U40/><E109/><V2/><F2/><W111/><G73/><T69/><D100/><U121/><E121/><V47/><AGARI ba="2,1" hai="10,14,17,32,33,34,41,47,48,50,53,58,65,67" machi="47" ten="40,8000,1" yaku="1,1,0,1,52,1,53,1" doraHai="7" doraHaiUra="42" who="2" fromWho="2" sc="227,-22,319,-42,153,96,291,-22" /><INIT seed="6,0,0,5,4,105" ten="205,277,249,269" oya="2" hai0="43,100,86,2,88,62,129,93,77,4,67,24,30" hai1="125,12,102,1,74,13,96,82,21,126,27,64,5" hai2="135,14,35,8,15,3,95,69,39,97,110,56,118" hai3="29,11,124,132,38,119,109,112,37,31,65,20,51"/><V101/><F118/><W54/><G119/><T32/><D129/><U114/><E64/><V80/><F69/><W55/><G109/><T91/><D43/><U115/><E1/><V76/><F39/><W120/><G120/><T52/><D100/><U66/><E66/><V107/><F35/><W72/><G20/><T81/><D2/><U9/><E12/><V99/><F110/><W36/><G65/><T40/><D4/><U19/><E82/><V117/><F117/><W123/><G123/><T22/><D40/><U113/><REACH who="1" step="1"/><E74/><REACH who="1" ten="205,267,249,269" step="2"/><V70/><F3/><W108/><G72/><T75/><D67/><U46/><E46/><V28/><F15/><W6/><G108/><T42/><D42/><U111/><E111/><V60/><F80/><W23/><G132/><T33/><REACH who="0" step="1"/><D91/><REACH who="0" ten="195,267,249,269" step="2"/><U104/><AGARI ba="0,2" hai="5,9,13,19,21,27,96,102,104,113,114,115,125,126" machi="104" ten="40,5200,0" yaku="1,1,0,1,15,1,53,0" doraHai="105" doraHaiUra="25" who="1" fromWho="1" sc="195,-13,267,72,249,-26,269,-13" /><INIT seed="7,0,0,2,1,46" ten="182,339,223,256" oya="3" hai0="134,23,131,69,16,60,102,107,54,57,26,34,120" hai1="2,129,105,3,5,62,93,29,119,71,50,48,76" hai2="33,96,51,64,104,21,97,59,0,77,32,49,88" hai3="24,68,87,10,20,9,31,22,133,108,128,25,125"/><W66/><G68/><T91/><D120/><U85/><E105/><V94/><F0/><W58/><G125/><T28/><D131/><U14/><E29/><V74/><F74/><W30/><G128/><T126/><D134/><U39/><E39/><V117/><F117/><W11/><G133/><T56/><D126/><U99/><E62/><N who="2" m="37983" /><F33/><W124/><G124/><T40/><D40/><U38/><E93/><N who="2" m="56359" /><F32/><W53/><G108/><T110/><D110/><U70/><E14/><V100/><F104/><W18/><G66/><T121/><D121/><U135/><E5/><V37/><F37/><W84/><REACH who="3" step="1"/><G18/><REACH who="3" ten="182,339,223,246" step="2"/><T43/><D69/><U127/><E135/><V35/><F35/><W95/><G95/><T116/><D116/><U73/><E129/><V45/><F77/><W6/><G6/><T111/><D111/><U61/><E76/><V112/><F112/><W47/><G47/><T98/><D57/><U122/><E71/><V86/><F45/><W17/><G17/><T27/><D43/><U132/><E70/><V78/><F21/><W8/><N who="3" m="2048" /><DORA hai="75" /><W12/><G12/><T41/><D41/><U115/><E127/><V63/><F63/><AGARI ba="0,1" hai="20,22,24,25,30,31,53,58,63,84,87" m="2048" machi="63" ten="50,12000,1" yaku="1,1,9,1,8,1,53,2" doraHai="46,75" doraHaiUra="72,81" who="3" fromWho="2" sc="182,0,339,0,223,-120,246,130" owari="182,-21.8,339,13.9,103,-39.7,376,47.6" /></mjloggm>