<mjloggm ver="2.3"><GO type="169" lobby="0"/><UN n0="%70%6F%6E%2D%65%6E" n1="%E3%83%97%E3%83%AC%E3%82%B9%E3%83%97" n2="%E9%B3%B4%E8%8C%B6" n3="%E3%81%95%E3%81%8F%E3%82%88%E3%81%93%E3%81%A1%E3%82%83%E3%82%93" dan="16,16,16,16" rate="2121.86,2172.83,2131.14,2069.98" sx="F,M,M,M"/><TAIKYOKU oya="0"/><INIT seed="0,0,0,3,2,77" ten="250,250,250,250" oya="0" hai0="48,60,121,2,11,6,51,44,37,91,122,112,64" hai1="56,59,111,65,30,130,1,0,18,94,15,20,79" hai2="42,118,5,117,97,12,129,4,105,66,99,88,14" hai3="78,34,58,69,8,41,85,80,133,19,81,74,3"/><T67/><D112/><U84/><E111/><V116/><F129/><W83/><G69/><T110/><D110/><U87/><E130/><V125/><F125/><W68/><G68/><T16/><D67/><U104/><E104/><V7/><F66/><W10/><G34/><T63/><D60/><U61/><E30/><V98/><F105/><W57/><G133/><T54/><D37/><U120/><E120/><V115/><F115/><W49/><G3/><T93/><D51/><U23/><E23/><V96/><F42/><W17/><G74/><T21/><D63/><U90/><E79/><V103/><N who="2" m="24576" /><DORA hai="131" /><V71/><F71/><W24/><G24/><T9/><D64/><U119/><E119/><V109/><F109/><W113/><G113/><T52/><D54/><U100/><E100/><V43/><F43/><W28/><G28/><T70/><D9/><N who="3" m="3689" /><G17/><T50/><D48/><U13/><E13/><V29/><F29/><W95/><G19/><T75/><D75/><U62/><REACH who="1" step="1"/><E87/><REACH who="1" ten="250,240,250,250" step="2"/><V46/><F103/><W31/><G31/><T134/><D134/><U55/><AGARI ba="0,1" hai="0,1,15,18,20,55,56,59,61,62,65,84,90,94" machi="55" ten="20,12000,2" yaku="1,1,2,1,0,1,7,1,53,2" doraHai="77,131" doraHaiUra="35,25" who="1" fromWho="1" sc="250,-60,240,130,250,-30,250,-30" /><INIT seed="1,0,0,5,5,75" ten="190,370,220,220" oya="1" hai0="14,3,135,49,61,77,110,88,97,44,7,0,57" hai1="63,84,72,37,33,25,27,11,105,101,112,127,124" hai2="107,46,47,104,54,42,17,99,128,43,76,83,73" hai3="20,119,24,68,133,21,132,86,66,60,121,35,56"/><U74/><E112/><V30/><F128/><W87/><G121/><T65/><D110/><U111/><E37/><V100/><F54/><W4/><G119/><T91/><D135/><N who="3" m="51785" /><G4/><T48/><D3/><U114/><E114/><V134/><F17/><W130/><G130/><T15/><D0/><U51/><E11/><V122/><F134/><W6/><G6/><T126/><D126/><N who="1" m="48171" /><E111/><V71/><F30/><N who="3" m="19911" /><G68/><T96/><D77/><U31/><E27/><V38/><F122/><W79/><G87/><T78/><D78/><U1/><E1/><V82/><F82/><AGARI ba="0,0" hai="20,21,56,60,66,79,82,86" m="19911,51785" machi="82" ten="30,2000,0" yaku="20,1,52,1" doraHai="75" who="3" fromWho="2" sc="190,0,370,0,220,-20,220,20" /><INIT seed="2,0,0,0,3,58" ten="190,370,200,240" oya="2" hai0="79,31,35,37,44,43,126,110,16,72,5,89,15" hai1="50,101,73,121,54,60,30,48,33,84,91,49,120" hai2="32,100,14,90,87,13,12,70,57,98,82,132,36" hai3="41,47,124,63,3,112,24,123,109,116,62,108,77"/><V135/><F70/><W93/><G116/><T67/><D110/><N who="3" m="42601" /><G123/><N who="1" m="47178" /><E73/><V39/><F32/><W51/><G124/><T128/><D128/><U83/><E101/><V22/><F22/><W61/><G3/><T23/><D126/><U114/><E114/><V19/><F19/><W34/><G112/><T78/><D72/><U71/><E30/><V106/><REACH who="2" step="1"/><F57/><REACH who="2" ten="190,370,190,240" step="2"/><W133/><G133/><AGARI ba="0,1" hai="12,13,14,36,39,82,87,90,98,100,106,132,133,135" machi="133" ten="40,7700,0" yaku="1,1,2,1,20,1,53,0" doraHai="58" doraHaiUra="111" who="2" fromWho="3" sc="190,0,370,0,190,87,240,-77" /><INIT seed="2,1,0,1,2,2" ten="190,370,277,163" oya="2" hai0="64,129,56,91,67,20,84,87,103,36,97,85,31" hai1="35,73,57,134,53,95,59,9,100,42,12,63,40" hai2="32,47,94,79,117,28,88,25,61,48,83,82,70" hai3="113,135,102,93,132,13,106,112,104,71,124,127,98"/><V62/><F117/><W38/><G38/><T3/><D129/><U92/><E134/><N who="3" m="51242" /><G13/><T105/><D3/><U14/><E35/><V6/><F70/><W21/><G21/><T44/><D36/><U41/><E73/><V121/><F121/><W107/><G71/><T51/><D56/><U96/><E9/><V26/><F6/><W4/><G4/><T90/><D67/><U72/><E72/><V10/><F10/><W58/><G58/><T22/><D64/><U15/><REACH who="1" step="1"/><E59/><REACH who="1" ten="190,360,277,163" step="2"/><V115/><F115/><AGARI ba="1,1" hai="93,98,102,104,106,107,112,113,115,124,127" m="51242" machi="115" ten="40,8000,1" yaku="11,1,20,1,34,2" doraHai="2" who="3" fromWho="2" sc="190,0,360,0,277,-83,163,93" /><INIT seed="3,0,0,5,2,2" ten="190,360,194,256" oya="3" hai0="95,97,10,129,45,126,48,17,108,3,101,39,66" hai1="125,16,60,133,36,115,99,40,78,30,50,104,25" hai2="23,123,73,70,68,131,71,122,35,130,42,1,132" hai3="22,59,65,107,54,28,90,113,84,26,85,20,5"/><W112/><G107/><T41/><D108/><U34/><E115/><V56/><F35/><W127/><G127/><T80/><D129/><N who="2" m="49162" /><F1/><W100/><G100/><T109/><D109/><U79/><E36/><V0/><F0/><W119/><G119/><T51/><D126/><U87/><E133/><V117/><F73/><W57/><G65/><T62/><D80/><U93/><E104/><V92/><F92/><W75/><G75/><T37/><D37/><U110/><E110/><V14/><F117/><W52/><G90/><T98/><D98/><U67/><E87/><V120/><F132/><W91/><G91/><T27/><D27/><U63/><E63/><V102/><F102/><W124/><G124/><T32/><D32/><U44/><E16/><N who="2" m="10647" /><F56/><W83/><G26/><T64/><D64/><U8/><E8/><V74/><F74/><W12/><G83/><T47/><D47/><U31/><E31/><V69/><N who="2" m="17408" /><DORA hai="13" /><V6/><F6/><W53/><G5/><T96/><D96/><U94/><E94/><V43/><AGARI ba="0,0" hai="42,43,120,122,123" m="17408,10647,49162" machi="43" ten="70,8000,1" yaku="13,1,19,1,52,1,54,1" doraHai="2,13" who="2" fromWho="2" sc="190,-20,360,-20,194,80,256,-40" /><INIT seed="4,0,0,1,1,25" ten="170,340,274,216" oya="0" hai0="96,100,39,106,105,67,18,50,61,73,104,29,64" hai1="68,43,2,117,116,127,28,7,69,47,6,77,3" hai2="23,98,79,8,90,86,111,13,36,120,91,49,128" hai3="114,92,26,48,32,112,63,42,132,129,101,57,81"/><T102/><D39/><U9/><E127/><V59/><F111/><W133/><G129/><T99/><D73/><U17/><E17/><V24/><F36/><W83/><G101/><T11/><D50/><U62/><E77/><V20/><F128/><W52/><G92/><T125/><D125/><U110/><E110/><V74/><F74/><W76/><G32/><T30/><D105/><U40/><E9/><V53/><F120/><W123/><G26/><T126/><D126/><U108/><E108/><V82/><F98/><W51/><G123/><T1/><D18/><U119/><E47/><V12/><F23/><W131/><G83/><T70/><REACH who="0" step="1"/><D67/><REACH who="0" ten="160,340,274,216" step="2"/><U78/><E116/><V97/><F97/><W16/><G16/><T21/><D21/><U121/><E121/><V89/><F8/><W22/><G22/><T95/><D95/><U65/><E65/><V71/><REACH who="2" step="1"/><F71/><REACH who="2" ten="160,340,264,216" step="2"/><W33/><G131/><T94/><D94/><U15/><E68/><V122/><F122/><W124/><G124/><T10/><D10/><U54/><E69/><V109/><F109/><W60/><G33/><T19/><D19/><AGARI ba="0,2" hai="12,13,19,20,24,49,53,59,79,82,86,89,90,91" machi="19" ten="40,2600,0" yaku="1,1,8,1,53,0" doraHai="25" doraHaiUra="4" who="2" fromWho="0" sc="160,-26,340,0,264,46,216,0" /><INIT seed="5,0,0,1,1,124" ten="134,340,310,216" oya="1" hai0="17,97,37,115,73,34,74,22,93,102,116,80,94" hai1="96,75,123,63,67,41,131,1,8,54,20,33,19" hai2="129,108,59,12,4,2,39,119,65,111,68,82,23" hai3="84,90,5,126,13,61,105,76,9,118,50,10,70"/><U30/><E123/><V88/><F39/><W46/><G126/><T45/><D116/><U7/><E75/><V106/><F119/><W117/><G105/><T133/><D115/><U52/><E41/><V98/><F2/><W113/><G113/><T110/><D110/><U48/><E131/><V112/><F112/><W16/><G76/><T56/><D133/><U69/><E96/><V71/><F106/><W38/><G38/><T125/><D125/><U36/><E36/><V14/><F98/><W64/><G50/><T72/><D34/><U53/><E30/><V77/><F77/><W99/><G46/><T87/><D93/><U78/><E33/><V11/><F59/><W79/><G79/><T47/><D37/><U55/><E78/><V57/><F57/><W109/><G99/><T43/><D56/><U122/><E122/><V89/><F23/><W6/><G6/><T32/><D32/><U44/><REACH who="1" step="1"/><E55/><REACH who="1" ten="134,330,310,216" step="2"/><V128/><F65/><W81/><REACH who="3" step="1"/><G109/><REACH who="3" ten="134,330,310,206" step="2"/><T100/><D43/><U29/><E29/><V3/><F108/><W49/><G49/><T107/><D102/><U66/><E66/><V127/><F127/><W35/><G35/><T21/><D107/><U62/><E62/><V130/><F111/><W134/><G134/><T26/><REACH who="0" step="1"/><D22/><REACH who="0" ten="124,330,310,206" step="2"/><U0/><E0/><AGARI ba="0,3" hai="0,5,9,10,13,16,61,64,70,81,84,90,117,118" machi="0" ten="40,5200,0" yaku="1,1,54,1,53,1" doraHai="124" doraHaiUra="83" who="3" fromWho="1" sc="124,0,330,-52,310,0,206,82" /><INIT seed="6,0,0,1,1,35" ten="124,278,310,288" oya="2" hai0="60,96,49,75,111,78,99,80,79,2,100,10,56" hai1="61,33,83,64,103,127,8,36,102,57,93,70,52" hai2="71,66,15,86,118,22,55,95,40,3,0,133,21" hai3="101,82,25,24,26,31,38,72,53,47,109,43,114"/><V116/><F40/><W30/><G109/><T85/><D111/><U89/><E127/><V121/><F121/><W29/><G114/><T19/><D49/><U105/><E105/><V68/><F55/><W34/><G101/><T87/><D78/><U132/><E132/><V112/><F15/><W77/><REACH who="3" step="1"/><G53/><REACH who="3" ten="124,278,310,278" step="2"/><T48/><D99/><U117/><E117/><V58/><F112/><W120/><G120/><T13/><D48/><U113/><E36/><V17/><F116/><W106/><G106/><T126/><D126/><U108/><E108/><V131/><F118/><W84/><G84/><T125/><D125/><U130/><E113/><V11/><F86/><W67/><G67/><T4/><D96/><U14/><E102/><V5/><F66/><W7/><G7/><T119/><D100/><U39/><E39/><V41/><F5/><W50/><G50/><T37/><D37/><U44/><E103/><V54/><F54/><W134/><G134/><T6/><D119/><U88/><E52/><V128/><F133/><W73/><G73/><T97/><D97/><U28/><E64/><V98/><F98/><W32/><AGARI ba="0,1" hai="24,25,26,29,30,31,32,34,38,43,47,72,77,82" machi="32" ten="40,2700,0" yaku="1,1,0,1,53,0" doraHai="35" doraHaiUra="62" who="3" fromWho="3" sc="124,-7,278,-7,310,-13,278,37" /><INIT seed="7,0,0,4,2,106" ten="117,271,297,315" oya="3" hai0="95,76,38,127,1,113,43,132,7,26,72,125,25" hai1="60,36,35,23,8,71,2,41,89,44,40,54,14" hai2="29,62,0,31,83,123,104,33,20,59,34,103,98" hai3="82,51,68,92,13,131,21,84,46,17,90,91,45"/><W120/><G120/><T70/><D70/><U6/><E35/><V12/><F123/><W96/><G131/><T39/><D39/><U53/><E40/><V100/><F0/><W27/><G68/><T55/><D55/><U74/><E89/><V109/><F109/><W50/><G27/><T69/><D69/><U22/><E71/><V15/><F100/><W88/><G91/><T47/><D95/><U3/><E3/><V30/><F83/><W130/><G130/><T24/><D132/><U56/><E14/><V52/><REACH who="2" step="1"/><F20/><REACH who="2" ten="117,271,287,315" step="2"/><W18/><G18/><T119/><D119/><U121/><E121/><V49/><F49/><AGARI ba="0,1" hai="13,17,21,45,46,49,50,51,82,84,88,90,92,96" machi="49" ten="40,3900,0" yaku="8,1,54,1" doraHai="106" who="3" fromWho="2" sc="117,0,271,0,287,-39,315,49" owari="117,-38.3,271,7.1,248,-15.2,364,46.4" /></mjloggm>