<mjloggm ver="2.3"><GO type="225" lobby="0"/><UN n0="%E3%81%BF%E3%81%BF%E3%81%9A" n1="%E3%82%A4%E3%83%BC%E3%82%B1%E3%83%97%E3%83%A9" n2="%E6%A1%9C%E8%8A%B1%E9%96%83%E3%80%85" n3="%E4%BF%BA%E3%81%A8%E5%A6%96%E5%A4%A2" dan="17,16,16,16" rate="2244.99,2099.69,2198.98,2121.71" sx="M,M,M,F"/><TAIKYOKU oya="0"/><INIT seed="0,0,0,4,4,76" ten="250,250,250,250" oya="0" hai0="115,49,112,117,65,108,102,116,5,124,89,82,38" hai1="18,1,79,22,45,52,92,59,42,83,106,43,29" hai2="60,58,15,9,32,81,13,64,8,41,66,3,6" hai3="46,44,90,12,36,120,0,48,73,34,72,114,33"/><T96/><D38/><U11/><E106/><V19/><F32/><W56/><G114/><N who="0" m="43563" /><D65/><U40/><E29/><V128/><F128/><W78/><G0/><T113/><N who="0" m="43571" /><T86/><DORA hai="104" /><D49/><U2/><E45/><V127/><F127/><W51/><G36/><T118/><D5/><U101/><E11/><V119/><F119/><W25/><G56/><T57/><D57/><U100/><E92/><V24/><F41/><W14/><G78/><T122/><D122/><U71/><E71/><V62/><F3/><W30/><G90/><T53/><D53/><U135/><E135/><V126/><F126/><W131/><G30/><T91/><D124/><U50/><E1/><V28/><F81/><W55/><G55/><T63/><D63/><U75/><REACH who="1" step="1"/><E2/><REACH who="1" ten="250,240,250,250" step="2"/><V107/><F107/><W95/><G95/><N who="0" m="56431" /><D108/><U98/><E98/><V26/><REACH who="2" step="1"/><F28/><REACH who="2" ten="250,240,240,250" step="2"/><W37/><G33/><T103/><AGARI ba="0,2" hai="82,86,91,102,103,116,117,118" m="56431,43571" machi="103" ten="50,9600,0" yaku="34,2,52,1" doraHai="76,104" who="0" fromWho="0" sc="250,116,240,-32,240,-32,250,-32" /><INIT seed="0,1,0,3,0,126" ten="366,208,208,218" oya="0" hai0="131,102,16,8,93,105,41,49,92,90,134,120,35" hai1="18,74,38,84,106,101,36,103,109,21,95,13,7" hai2="112,20,32,1,70,81,29,77,30,57,31,27,104" hai3="128,6,60,47,17,123,107,44,66,116,86,25,15"/><T45/><D120/><U34/><E34/><V64/><F70/><W135/><G116/><T130/><D35/><U96/><E109/><V51/><F112/><W91/><G107/><T121/><D121/><U50/><E74/><V119/><F119/><W58/><G123/><T46/><D134/><U40/><E7/><V98/><F1/><W23/><G135/><T11/><D105/><U48/><E103/><V72/><F32/><W42/><G128/><N who="0" m="49195" /><D102/><U113/><E113/><V83/><F83/><W26/><G6/><T54/><D16/><U79/><E106/><V43/><F30/><W117/><G117/><T63/><D93/><U19/><E19/><V87/><F31/><W33/><G33/><T0/><D0/><U52/><E95/><V75/><F29/><W127/><G127/><T124/><D124/><U71/><E101/><V94/><F94/><W62/><G62/><T65/><D65/><U122/><E18/><V132/><F64/><W80/><G25/><T108/><D108/><U5/><E122/><V78/><F27/><W82/><G26/><T3/><D3/><U68/><E13/><V73/><F132/><W67/><G66/><T61/><D63/><U111/><E111/><V28/><F28/><W100/><G100/><T115/><D115/><U22/><E22/><V37/><F20/><W12/><G12/><T2/><D2/><U76/><E21/><V53/><F104/><W99/><G23/><T89/><D61/><U129/><E129/><V85/><F81/><W110/><G80/><T69/><D69/><U114/><E71/><V125/><F125/><RYUUKYOKU ba="1,0" sc="366,0,208,0,208,0,218,0" /><INIT seed="1,2,0,0,5,33" ten="366,208,208,218" oya="1" hai0="86,48,103,134,63,53,108,7,38,65,119,47,2" hai1="88,26,21,93,24,1,8,3,70,105,67,89,62" hai2="116,123,104,107,27,59,25,96,45,66,97,121,90" hai3="23,14,81,54,109,22,69,37,124,77,76,20,19"/><U16/><E105/><V52/><F116/><W131/><G109/><T99/><D119/><U61/><E8/><V83/><F121/><W42/><G69/><T31/><D108/><U80/><E26/><N who="2" m="9739" /><F107/><W113/><G113/><T118/><D118/><U49/><E62/><N who="2" m="38239" /><F104/><W112/><G112/><T115/><D134/><U127/><E127/><V34/><F34/><W94/><G124/><T9/><D115/><U43/><E80/><V101/><F101/><W79/><G131/><T100/><D31/><U71/><E71/><V39/><F39/><W78/><G94/><T68/><D99/><U50/><E89/><V60/><F123/><W120/><G120/><T73/><D73/><U114/><E114/><V51/><F60/><W40/><G54/><T129/><D129/><U55/><E43/><N who="3" m="16426" /><G37/><T84/><D38/><U87/><E50/><V57/><F57/><AGARI ba="2,0" hai="1,3,16,21,24,49,55,57,61,67,70,87,88,93" machi="57" ten="30,12000,1" yaku="7,1,52,2,54,2" doraHai="33" who="1" fromWho="2" sc="366,0,208,126,208,-126,218,0" /><INIT seed="1,3,0,0,0,22" ten="366,334,82,218" oya="1" hai0="50,135,73,7,13,92,19,76,75,18,0,110,69" hai1="90,28,26,127,122,96,85,62,60,103,91,79,43" hai2="98,104,87,47,133,21,132,2,123,25,94,39,102" hai3="117,81,78,130,34,14,11,107,41,105,109,36,16"/><U15/><E122/><V32/><F123/><W8/><G109/><T80/><D69/><U49/><E127/><V30/><F2/><W100/><G130/><T54/><D110/><U120/><E120/><V71/><F71/><W97/><G117/><T126/><D126/><U99/><E79/><V74/><F74/><W17/><G34/><T115/><D115/><U1/><E1/><V129/><F129/><W3/><G107/><T53/><D135/><U52/><E43/><V12/><F47/><W114/><G114/><T113/><D113/><U65/><E15/><V51/><F51/><W5/><G41/><T44/><D75/><U116/><E116/><V64/><F64/><W70/><G70/><T89/><D0/><U93/><E65/><V24/><F12/><W77/><G36/><T37/><D37/><U42/><E42/><V6/><F6/><W82/><G77/><T88/><D54/><U48/><E48/><V86/><F39/><W125/><G125/><T23/><D7/><U46/><E91/><V57/><F57/><W55/><G78/><T106/><D106/><U68/><E68/><V83/><F104/><W45/><G17/><T29/><D29/><U33/><E99/><V31/><REACH who="2" step="1"/><F83/><AGARI ba="3,0" hai="26,28,33,46,49,52,60,62,83,85,90,93,96,103" machi="83" ten="30,5800,0" yaku="7,1,52,1,54,1" doraHai="22" who="1" fromWho="2" sc="366,0,334,67,82,-67,218,0" /><INIT seed="1,4,0,5,2,77" ten="366,401,15,218" oya="1" hai0="89,35,12,129,80,75,98,116,1,113,100,61,78" hai1="118,17,104,91,65,36,26,101,96,5,3,14,70" hai2="60,119,0,64,54,42,109,28,73,85,56,106,58" hai3="43,2,72,122,86,44,103,18,132,102,22,34,6"/><U90/><E118/><V46/><F73/><W53/><G122/><T31/><D1/><U87/><E36/><V62/><F0/><W79/><G34/><T48/><D113/><U135/><E135/><V66/><F106/><W83/><G132/><T24/><D116/><U134/><E134/><V133/><F133/><W41/><G53/><T39/><D39/><U50/><E26/><V84/><F119/><W114/><G114/><T131/><D48/><U71/><E5/><V30/><F109/><W27/><G43/><T99/><D12/><U4/><E4/><V69/><F69/><W82/><G6/><T37/><D37/><U67/><E3/><V16/><F54/><W81/><G2/><T40/><D40/><U88/><E50/><V21/><F42/><W52/><G41/><T29/><D29/><U125/><E125/><V19/><REACH who="2" step="1"/><F21/><REACH who="2" ten="366,401,5,218" step="2"/><W112/><G112/><T110/><D110/><U107/><E107/><V13/><F13/><W8/><G72/><T10/><D10/><U57/><E71/><V124/><F124/><W33/><G8/><T128/><D100/><N who="3" m="38441" /><G33/><T59/><D89/><U76/><E70/><V49/><F49/><AGARI ba="4,1" hai="18,22,27,44,49,52,79,81,82,83,86" m="38441" machi="49" ten="30,8000,1" yaku="8,1,52,3,54,1" doraHai="77" who="3" fromWho="2" sc="366,0,401,0,5,-92,218,102" owari="366,16.6,401,50.1,-87,-58.7,320,-8.0" /></mjloggm>