<mjloggm ver="2.3"><GO type="169" lobby="0"/><UN n0="%E3%83%9E%E3%82%B9%E3%82%BF%E3%83%BC%E3%83%93%E3%83%BC%E3%83%AB" n1="%E9%98%BF%E9%83%A8%E5%AF%9B%EF%BC%A0%E9%B3%B3%E5%8D%93" n2="%E6%9C%88%E5%A4%9C%E3%81%AB%E9%A2%A8" n3="%E7%8F%BE%E5%A0%B4%E3%81%AD%E3%81%93" dan="16,16,16,16" rate="2191.41,2138.67,2077.53,2083.90" sx="M,F,M,M"/><TAIKYOKU oya="0"/><INIT seed="0,0,0,1,1,33" ten="250,250,250,250" oya="0" hai0="75,118,15,97,116,113,52,128,2,95,110,32,47" hai1="73,29,79,30,6,64,85,67,124,92,123,131,121" hai2="104,91,66,130,19,65,31,56,37,38,101,58,88" hai3="93,10,28,81,108,103,134,23,71,119,122,78,3"/><T55/><D113/><U48/><E73/><V90/><F31/><W22/><G119/><T106/><D32/><U51/><E6/><V57/><F19/><W125/><G108/><T99/><D128/><U112/><E92/><V0/><F130/><W12/><G134/><T109/><D75/><U17/><E17/><V61/><F0/><W40/><G71/><T98/><D106/><U43/><E85/><V45/><F45/><W89/><G103/><T84/><D15/><U11/><E79/><V129/><F129/><W102/><G102/><T46/><D95/><U80/><E11/><V63/><REACH who="2" step="1"/><F56/><REACH who="2" ten="250,250,240,250" step="2"/><W82/><G28/><T8/><D116/><U7/><E131/><V13/><F13/><W14/><G14/><T120/><D118/><U126/><E30/><V39/><F39/><W69/><G3/><T107/><D2/><U35/><E29/><V60/><F60/><W34/><G69/><T115/><D110/><U100/><E35/><V114/><F114/><W87/><G34/><T117/><D109/><U135/><E135/><V111/><F111/><W36/><G12/><T26/><D115/><U94/><E112/><V62/><F62/><W24/><G24/><T9/><D117/><U132/><E132/><V72/><F72/><W77/><G36/><T70/><D26/><U96/><E121/><V83/><F83/><W76/><G122/><T4/><D120/><U54/><E123/><V74/><F74/><W68/><G68/><T133/><D70/><U18/><E80/><V49/><F49/><W127/><G81/><T44/><D133/><U41/><E51/><RYUUKYOKU ba="0,1" sc="250,-10,250,-10,240,30,250,-10" hai2="37,38,57,58,61,63,65,66,88,90,91,101,104" /><INIT seed="1,1,1,0,4,31" ten="240,240,270,240" oya="1" hai0="72,39,42,70,83,19,26,53,0,94,16,113,85" hai1="101,112,89,45,105,41,82,51,128,4,115,108,11" hai2="21,3,25,106,34,50,30,44,120,111,29,62,123" hai3="40,95,12,33,127,124,81,10,58,71,5,54,55"/><U96/><E128/><V134/><F106/><W63/><G71/><T107/><D107/><U64/><E108/><V36/><F36/><W98/><G40/><T131/><D131/><U103/><E103/><V48/><F62/><W87/><G54/><T122/><D70/><U28/><E64/><V27/><F111/><W97/><G33/><T52/><D113/><U80/><E28/><V126/><F126/><N who="3" m="48171" /><G95/><T15/><D0/><U43/><E43/><V109/><F134/><W49/><G63/><T46/><D94/><U32/><E32/><V61/><F109/><W74/><G74/><T38/><D72/><U114/><REACH who="1" step="1"/><E89/><AGARI ba="1,1" hai="5,10,12,49,55,58,81,87,89,97,98" m="48171" machi="89" ten="30,1000,0" yaku="18,1" doraHai="31" who="3" fromWho="1" sc="240,0,240,-13,270,0,240,23" /><INIT seed="2,0,0,4,5,131" ten="240,227,270,263" oya="2" hai0="9,38,98,75,63,86,116,28,117,114,6,35,59" hai1="7,90,21,133,132,89,81,125,53,104,15,23,27" hai2="129,17,51,45,120,68,3,44,73,32,85,52,10" hai3="108,130,77,19,87,33,119,29,36,8,111,56,69"/><V110/><F120/><W0/><G69/><T60/><D75/><U66/><E104/><V31/><F73/><W64/><G36/><T91/><D38/><U12/><E125/><V118/><F118/><W4/><G130/><T96/><D28/><U124/><E124/><V70/><F129/><W82/><G119/><N who="0" m="45643" /><D35/><U62/><E53/><V47/><F110/><W25/><G64/><N who="0" m="38943" /><D114/><U2/><E2/><V121/><F121/><W113/><G56/><T92/><D63/><U30/><E81/><V128/><F128/><W65/><G65/><T40/><D40/><U123/><E123/><V50/><F31/><W105/><G105/><T46/><D46/><U67/><E30/><V79/><F32/><W93/><G113/><T94/><D94/><U122/><E62/><V97/><F45/><W127/><G93/><T5/><D5/><U115/><E122/><V43/><F97/><W16/><REACH who="3" step="1"/><G127/><REACH who="3" ten="240,227,270,253" step="2"/><T26/><D26/><U41/><E115/><V95/><F95/><W24/><G24/><T107/><D107/><U37/><E27/><V42/><F43/><W54/><G54/><T99/><D99/><U39/><E41/><V18/><F70/><W57/><G57/><T1/><AGARI ba="0,1" hai="1,6,9,86,91,92,96,98" m="38943,45643" machi="1" ten="30,1100,0" yaku="12,1" doraHai="131" who="0" fromWho="0" sc="240,21,227,-3,270,-5,253,-3" /><INIT seed="3,0,0,0,3,133" ten="261,224,265,250" oya="3" hai0="129,60,117,49,135,101,94,7,95,113,121,67,8" hai1="118,69,6,19,21,108,109,0,99,3,106,11,120" hai2="16,119,64,18,124,76,70,63,34,115,92,102,98" hai3="43,25,56,20,128,68,132,116,96,72,10,134,105"/><W23/><G116/><T66/><D121/><U42/><E120/><V55/><F119/><W61/><G72/><T83/><D135/><N who="3" m="51753" /><G68/><T4/><D129/><U103/><E118/><V27/><F115/><W111/><G111/><N who="1" m="42570" /><E69/><V32/><F124/><W53/><G128/><T1/><D113/><U89/><E42/><V123/><F123/><W125/><G43/><T51/><D117/><U127/><E127/><V15/><F76/><W93/><G105/><T131/><D131/><U97/><E0/><V126/><F126/><W74/><G74/><T75/><D75/><U104/><E89/><V52/><F18/><W46/><G46/><T40/><D40/><U100/><E19/><V29/><REACH who="2" step="1"/><F34/><REACH who="2" ten="261,224,255,250" step="2"/><W58/><G125/><T59/><D7/><N who="1" m="1535" /><E21/><AGARI ba="0,1" hai="15,16,21,27,29,32,52,55,63,64,70,92,98,102" machi="21" ten="30,7700,0" yaku="1,1,7,1,54,2,53,0" doraHai="133" doraHaiUra="85" who="2" fromWho="1" sc="261,0,224,-77,255,87,250,0" /><BYE who="1" /><INIT seed="4,0,0,2,0,133" ten="261,147,342,250" oya="0" hai0="32,85,126,96,61,113,22,31,112,42,94,73,4" hai1="58,70,30,13,8,46,109,35,37,55,1,75,111" hai2="20,79,118,107,15,36,44,103,116,119,10,82,68" hai3="130,5,50,39,78,11,48,135,63,120,83,40,52"/><T17/><D73/><UN n1="%E9%98%BF%E9%83%A8%E5%AF%9B%EF%BC%A0%E9%B3%B3%E5%8D%93" /><U25/><E75/><N who="2" m="43391" /><F68/><W90/><G135/><T59/><D4/><U117/><E70/><V76/><F76/><W127/><G130/><T125/><D42/><U41/><E117/><V54/><F20/><W19/><G120/><T69/><D85/><U97/><E1/><V28/><F28/><W14/><G39/><T101/><D32/><U57/><E97/><N who="2" m="61935" /><F54/><W87/><G63/><T91/><D69/><U92/><E92/><V95/><F95/><W9/><G40/><T124/><D31/><U64/><E64/><V62/><F62/><W53/><G48/><T81/><D81/><U67/><E67/><V2/><F2/><W93/><G50/><T26/><D101/><U51/><REACH who="1" step="1"/><E57/><REACH who="1" ten="261,137,342,250" step="2"/><V12/><F119/><W105/><G105/><T27/><D27/><U108/><E108/><V0/><F0/><W115/><G93/><T114/><D114/><U38/><E38/><V77/><F36/><W128/><G115/><T47/><D47/><U74/><E74/><V21/><F44/><W71/><G71/><T18/><D17/><AGARI ba="0,1" hai="8,13,17,25,30,35,37,41,46,51,55,58,109,111" machi="17" ten="30,7700,0" yaku="1,1,7,1,53,2" doraHai="133" doraHaiUra="123" who="1" fromWho="0" sc="261,-77,137,87,342,0,250,0" /><INIT seed="5,0,0,3,4,52" ten="184,224,342,250" oya="1" hai0="134,108,39,42,8,79,32,76,117,89,102,23,83" hai1="27,73,16,127,41,88,48,6,55,50,34,124,70" hai2="18,26,0,128,110,123,112,25,3,126,91,105,60" hai3="59,114,87,80,120,13,57,125,111,130,31,49,20"/><U46/><E73/><V53/><F110/><W62/><G111/><T36/><D108/><U54/><E70/><V19/><F123/><W94/><G120/><T119/><D23/><N who="1" m="13799" /><E34/><V98/><F126/><N who="1" m="48169" /><E6/><V45/><F128/><W97/><G130/><T9/><D89/><U24/><E24/><V44/><F112/><W75/><G75/><T1/><D102/><U10/><E10/><V118/><F118/><W68/><G114/><T106/><D83/><U133/><E133/><V64/><F91/><N who="3" m="55519" /><G68/><T131/><D131/><U135/><E135/><V28/><F26/><W21/><G31/><T63/><D32/><U56/><E54/><V113/><F53/><N who="3" m="31919" /><G13/><T121/><D134/><U37/><E88/><V92/><F28/><W33/><G33/><T40/><D121/><U107/><E107/><V43/><F105/><W5/><G5/><T66/><D106/><U96/><E96/><V85/><F98/><W69/><G69/><T103/><D103/><U22/><E22/><V30/><F30/><W74/><G74/><T51/><D1/><U12/><E12/><V4/><F0/><W38/><G125/><T77/><D77/><U81/><E81/><V65/><F4/><W115/><G115/><T61/><D66/><U7/><E7/><V58/><F65/><N who="3" m="39135" /><G20/><T29/><D29/><U93/><E93/><V67/><F92/><W122/><G122/><T99/><D99/><U35/><E35/><V72/><F72/><W116/><G21/><T17/><D17/><U90/><E90/><V15/><F3/><W84/><G116/><T132/><D132/><U100/><E100/><RYUUKYOKU ba="0,0" sc="184,15,224,15,342,-15,250,-15" hai0="8,9,36,39,40,42,51,61,63,76,79,117,119" hai1="37,41,46,48,50,55,56" /><INIT seed="5,1,0,1,3,35" ten="199,239,327,235" oya="1" hai0="70,97,1,103,122,127,114,108,63,79,71,25,11" hai1="21,104,23,46,45,4,6,54,76,92,109,102,72" hai2="40,85,37,13,22,24,95,20,132,125,18,53,68" hai3="15,80,116,41,112,115,26,57,120,44,36,134,75"/><U77/><E104/><V65/><F125/><W121/><G15/><T107/><D108/><U39/><E109/><V55/><F132/><W84/><G26/><T64/><D127/><U0/><E39/><V19/><F68/><W124/><G124/><T78/><D114/><N who="3" m="43561" /><G75/><T56/><D122/><U111/><E111/><V110/><F65/><W69/><G134/><T9/><D9/><U51/><E72/><V66/><F66/><W32/><G32/><T90/><D90/><U98/><E46/><V58/><F40/><W34/><G34/><T83/><D25/><U47/><E47/><V128/><F128/><W82/><G69/><T33/><D33/><U129/><E129/><V50/><F37/><W73/><G116/><T118/><D79/><N who="1" m="30283" /><E0/><V100/><F110/><W10/><G73/><T96/><D118/><U126/><E126/><V14/><F55/><W49/><G10/><T101/><D78/><U12/><E12/><V87/><F24/><W105/><G105/><T67/><D67/><U89/><E102/><V117/><F117/><W27/><G27/><T74/><D74/><U81/><E81/><N who="3" m="31338" /><G84/><T113/><D83/><U59/><E45/><V133/><F133/><W5/><G5/><AGARI ba="1,0" hai="4,5,6,21,23,51,54,59,89,92,98" m="30283" machi="5" ten="30,1500,0" yaku="8,1" doraHai="35" who="1" fromWho="3" sc="199,0,239,18,327,0,235,-18" /><INIT seed="5,2,0,2,5,42" ten="199,257,327,217" oya="1" hai0="82,76,83,86,48,117,101,121,87,94,61,130,68" hai1="71,45,29,2,59,12,106,124,8,33,10,93,31" hai2="49,69,85,78,120,60,44,79,5,109,111,80,118" hai3="9,122,23,84,3,70,27,114,58,11,41,57,92"/><U16/><E106/><V55/><F118/><W21/><G122/><T35/><D35/><U0/><E71/><V7/><F120/><W135/><G70/><T126/><D121/><U50/><E124/><V28/><F28/><N who="1" m="10825" /><E2/><V108/><REACH who="2" step="1"/><F78/><REACH who="2" ten="199,257,317,217" step="2"/><W75/><G135/><T99/><D117/><U105/><E33/><V14/><F14/><W129/><G3/><T36/><D126/><U90/><E0/><V77/><F77/><W39/><G129/><T26/><D130/><U15/><E105/><V63/><F63/><W104/><G104/><T51/><D26/><U56/><E12/><V97/><F97/><W38/><G27/><T98/><D98/><N who="1" m="57655" /><E8/><V113/><F113/><W116/><G116/><T54/><D61/><U62/><E62/><V128/><F128/><W20/><G114/><T43/><D76/><U37/><E37/><V123/><F123/><W127/><G127/><T47/><D36/><U110/><E110/><V100/><F100/><W102/><G39/><T1/><D1/><U72/><E72/><V74/><F74/><W107/><G75/><T103/><D103/><U19/><E19/><V17/><F17/><W81/><G107/><T24/><D24/><U115/><E115/><V133/><F133/><W95/><G102/><T32/><D32/><U46/><E50/><V53/><F53/><W125/><G125/><T119/><D119/><U65/><E65/><AGARI ba="2,1" hai="5,7,44,49,55,60,65,69,79,80,85,108,109,111" machi="65" ten="40,2600,0" yaku="1,1,52,1,53,0" doraHai="42" doraHaiUra="52" who="2" fromWho="1" sc="199,0,257,-32,317,42,217,0" /><INIT seed="6,0,0,4,1,121" ten="199,225,359,217" oya="2" hai0="99,106,1,119,117,60,125,45,89,116,25,4,111" hai1="53,13,62,48,23,41,54,65,113,86,96,46,57" hai2="73,30,123,36,132,21,2,0,120,79,52,100,31" hai3="129,85,112,90,95,27,97,135,33,68,34,92,83"/><V127/><F132/><W81/><G135/><T39/><D125/><U130/><E113/><V69/><F69/><W104/><G104/><T78/><D78/><U16/><E130/><V128/><F128/><W37/><G129/><T55/><D25/><U29/><E29/><V32/><F127/><W7/><G37/><T50/><D39/><U67/><E67/><V124/><F124/><W40/><G40/><T133/><D133/><U11/><E96/><V43/><F100/><W108/><G108/><T63/><D89/><U114/><E114/><V12/><F52/><W74/><G7/><T8/><REACH who="0" step="1"/><D111/><REACH who="0" ten="189,225,359,217" step="2"/><U109/><E109/><V107/><F79/><W98/><G112/><T6/><D6/><N who="1" m="3319" /><E86/><V3/><F36/><W58/><G74/><T118/><N who="0" m="29696" /><DORA hai="20" /><T71/><D71/><U115/><E115/><V26/><F73/><W75/><G75/><T105/><D105/><U59/><E57/><V44/><F107/><W80/><G68/><T70/><D70/><U24/><AGARI ba="0,1" hai="16,23,24,41,46,48,53,54,59,62,65" m="3319" machi="24" ten="30,4000,0" yaku="8,1,52,1,54,1" doraHai="121,20" who="1" fromWho="1" sc="189,-10,225,50,359,-20,217,-10" /><INIT seed="7,0,0,0,2,94" ten="179,275,339,207" oya="3" hai0="128,27,85,92,52,24,44,88,93,77,6,40,71" hai1="130,95,79,70,32,110,33,49,84,18,55,114,46" hai2="87,129,68,115,12,81,121,17,20,122,45,56,69" hai3="61,35,37,73,59,117,86,31,97,72,23,118,91"/><W9/><G37/><T127/><D127/><U0/><E110/><V102/><F115/><W58/><G35/><T133/><D71/><U54/><E114/><V89/><F129/><W43/><G43/><T62/><D128/><U34/><E130/><V120/><F45/><W64/><G72/><T78/><D6/><U74/><E0/><V28/><F102/><W3/><G73/><T16/><D133/><U67/><E74/><V21/><F56/><W103/><G59/><N who="0" m="35175" /><D92/><U134/><E134/><V48/><F48/><W2/><G118/><T13/><D44/><U66/><E70/><N who="2" m="27243" /><F28/><W53/><G117/><T119/><D40/><U47/><E18/><V116/><F116/><W125/><G125/><T106/><D106/><U8/><E33/><V38/><F38/><W65/><G2/><T26/><D119/><U42/><E42/><V98/><F20/><AGARI ba="0,0" hai="13,16,20,24,26,27,77,78,85,88,93" m="35175" machi="20" ten="30,7700,0" yaku="8,1,54,3" doraHai="94" who="0" fromWho="2" sc="179,77,275,0,339,-77,207,0" /><INIT seed="8,0,0,3,5,133" ten="256,275,262,207" oya="0" hai0="12,20,50,80,73,22,125,23,62,10,127,87,83" hai1="118,92,81,26,66,1,3,4,47,122,99,75,51" hai2="44,102,77,94,61,6,38,114,56,24,109,128,113" hai3="42,59,34,112,32,11,85,8,117,79,15,0,19"/><T105/><D105/><U96/><E122/><V135/><F109/><W36/><G112/><T25/><D73/><U98/><E118/><V67/><F128/><W123/><G117/><T110/><D110/><U57/><E3/><V71/><F135/><W7/><G123/><T120/><D120/><U41/><E1/><V100/><F77/><W89/><G79/><T46/><D62/><N who="1" m="38223" /><E75/><V16/><F6/><W88/><G89/><N who="0" m="51431" /><D83/><U45/><E4/><V129/><F129/><W106/><G106/><T82/><D82/><U60/><E81/><V13/><F24/><W107/><G107/><T68/><D25/><U40/><E60/><V116/><F116/><W29/><G29/><T95/><D95/><U35/><E35/><V18/><F94/><W103/><G103/><T27/><D27/><U104/><E26/><V90/><F102/><W130/><G130/><T111/><D68/><U69/><E69/><V55/><F100/><W21/><G88/><T101/><D101/><N who="1" m="60551" /><E104/><V93/><F114/><W65/><G85/><T121/><D121/><U39/><E98/><V64/><F113/><W54/><G65/><T126/><D111/><U5/><E99/><V134/><F134/><W72/><G72/><T37/><D37/><U48/><E39/><V31/><F31/><W97/><G97/><T131/><D131/><U58/><E5/><V43/><F67/><W52/><G8/><T2/><D2/><U9/><E9/><V70/><F64/><W76/><G76/><T78/><D78/><U115/><E115/><V86/><F13/><W14/><G14/><T119/><D119/><RYUUKYOKU ba="0,0" sc="256,-15,275,15,262,15,207,-15" hai1="40,41,45,47,48,51,58" hai2="16,18,38,43,44,55,56,61,70,71,86,90,93" /><INIT seed="9,1,0,0,5,77" ten="241,290,277,192" oya="1" hai0="134,11,91,53,96,122,63,24,70,0,30,6,132" hai1="39,93,40,32,56,45,109,28,128,3,23,12,8" hai2="42,75,79,49,115,65,103,35,21,31,120,61,5" hai3="133,100,15,67,71,64,98,97,73,87,29,123,129"/><U127/><E128/><V38/><F120/><W83/><G123/><T9/><D122/><U62/><E127/><V26/><F115/><W89/><G129/><T20/><D11/><U46/><E109/><V121/><F38/><W135/><G73/><T126/><D126/><U84/><E32/><V4/><F103/><W60/><G67/><T44/><D44/><U124/><E3/><V95/><F95/><W102/><G29/><T94/><D70/><U33/><E33/><V113/><F113/><W16/><G102/><T107/><D107/><U1/><E1/><V59/><F35/><W54/><G54/><T43/><D43/><U117/><E117/><V10/><F10/><W76/><G76/><T125/><D125/><U37/><E124/><V130/><F130/><W101/><G101/><T57/><AGARI ba="1,0" hai="0,6,9,20,24,30,53,57,63,91,94,96,132,134" machi="57" ten="30,1100,0" yaku="0,1" doraHai="77" who="0" fromWho="0" sc="241,14,290,-6,277,-4,192,-4" /><INIT seed="10,0,0,0,0,91" ten="255,284,273,188" oya="2" hai0="60,88,79,29,6,43,48,81,117,0,115,118,73" hai1="11,72,34,76,66,56,51,96,108,57,38,74,27" hai2="32,16,44,67,71,24,133,102,33,40,1,28,87" hai3="19,114,26,121,123,78,31,105,58,95,49,109,112"/><V69/><F133/><W103/><G105/><T132/><D115/><N who="3" m="44073" /><G19/><T134/><D29/><U90/><E11/><V130/><F130/><W53/><G78/><T85/><D60/><U131/><E56/><V8/><F33/><N who="3" m="20727" /><G109/><T111/><D0/><U52/><E108/><V99/><F87/><W23/><G23/><T55/><D43/><U62/><E76/><V92/><F67/><W113/><N who="3" m="44081" /><W68/><DORA hai="119" /><G68/><T64/><D6/><U46/><E66/><V70/><F16/><W63/><G49/><T77/><D64/><U45/><E51/><V21/><F21/><W83/><G83/><N who="0" m="49215" /><D111/><U4/><E34/><V36/><F70/><W126/><G126/><T22/><D22/><U39/><E72/><V98/><F8/><W42/><G42/><T54/><D79/><U59/><E74/><V129/><F129/><W20/><G20/><T15/><D48/><U37/><E131/><V86/><F71/><W18/><G18/><T35/><D35/><U104/><E37/><V97/><F69/><W122/><G123/><T82/><D77/><U110/><E38/><V120/><F120/><W75/><G75/><T116/><D73/><U107/><E39/><V125/><F125/><W127/><G127/><T124/><D124/><U5/><E110/><V89/><F1/><W41/><G41/><T84/><D82/><AGARI ba="0,0" hai="24,28,32,36,40,44,82,86,89,92,97,98,99,102" machi="82" ten="30,2900,0" yaku="7,1,52,1" doraHai="91,119" who="2" fromWho="0" sc="255,-29,284,0,273,29,188,0" owari="226,-17.4,284,8.4,302,40.2,188,-31.2" /></mjloggm>