<mjloggm ver="2.3"><GO type="169" lobby="0"/><UN n0="%E3%82%AB%E3%83%A9%E6%9D%BE" n1="%E5%A4%A9%E6%89%8D%E9%BA%BB%E5%B0%86%E6%99%BA%E4%B9%83" n2="%52%65%61%6C%58" n3="%72%65%62%6F%75%6E%64" dan="17,16,16,16" rate="2184.38,2148.02,2158.00,2132.48" sx="M,M,F,M"/><TAIKYOKU oya="0"/><INIT seed="0,0,0,0,0,67" ten="250,250,250,250" oya="0" hai0="26,6,4,10,51,28,13,35,78,84,111,68,38" hai1="129,135,37,60,88,97,134,7,94,16,15,34,47" hai2="114,125,98,42,27,59,29,71,56,36,50,73,89" hai3="5,41,25,1,107,23,121,83,132,55,64,72,54"/><T104/><D38/><U109/><E34/><V17/><F73/><W61/><G107/><T44/><D104/><U99/><E109/><V21/><F114/><W0/><G132/><N who="1" m="50730" /><E129/><V116/><F116/><W33/><G33/><T57/><D111/><U81/><E7/><V128/><F128/><W18/><G121/><T118/><D118/><U8/><E81/><V92/><F125/><W102/><G102/><T126/><D126/><U79/><E79/><V58/><F36/><W2/><G5/><T69/><D57/><U40/><E60/><V9/><F71/><W110/><G110/><T91/><D4/><U127/><E127/><V19/><REACH who="2" step="1"/><F9/><REACH who="2" ten="250,250,240,250" step="2"/><W74/><G74/><T24/><D24/><U52/><E52/><V22/><F22/><W131/><G41/><T130/><D130/><U76/><E76/><V106/><F106/><W77/><REACH who="3" step="1"/><G131/><REACH who="3" ten="250,250,240,240" step="2"/><T48/><D78/><U105/><E105/><V82/><F82/><W117/><G117/><T65/><D65/><U46/><E40/><V43/><F43/><W30/><G30/><T133/><D133/><U62/><E94/><V66/><F66/><W103/><G103/><T45/><D28/><U112/><E112/><V108/><F108/><W31/><G31/><T124/><D124/><U75/><E75/><V63/><F63/><W101/><G101/><T100/><D100/><U119/><E62/><V87/><F87/><W113/><G113/><T96/><D84/><U11/><E119/><V85/><F85/><W39/><G39/><T90/><D35/><U122/><E37/><V123/><F123/><W12/><G12/><RYUUKYOKU ba="0,2" sc="250,-15,250,-15,240,15,240,15" hai2="17,19,21,27,29,42,50,56,58,59,89,92,98" hai3="0,1,2,18,23,25,54,55,61,64,72,77,83" /><INIT seed="1,1,2,1,4,124" ten="235,235,255,255" oya="1" hai0="84,118,110,49,127,3,56,111,64,14,5,129,72" hai1="114,16,4,134,76,58,36,57,19,81,40,133,27" hai2="104,67,123,112,37,0,83,79,65,47,45,1,12" hai3="125,54,48,52,55,59,51,26,38,93,135,108,7"/><U103/><E114/><V71/><F123/><W132/><G7/><T107/><D72/><U74/><E103/><V50/><F112/><W10/><G10/><T61/><D107/><U115/><E115/><V95/><F104/><W120/><G120/><T6/><D118/><U20/><E4/><V22/><F95/><W70/><G125/><T121/><D127/><U89/><E89/><V130/><F130/><W122/><G122/><T97/><D129/><U39/><E19/><V119/><F119/><W9/><G9/><T62/><D3/><U33/><E33/><V80/><F37/><W87/><G38/><T105/><D121/><U109/><E109/><N who="0" m="41481" /><D84/><U101/><E101/><V102/><F102/><W46/><G108/><T116/><D116/><U94/><E94/><V113/><F113/><W90/><G70/><T28/><D28/><U100/><E100/><V63/><F71/><W117/><G117/><T91/><D105/><U131/><E131/><V82/><F79/><W11/><G11/><T68/><D14/><U8/><E8/><V85/><F85/><W53/><REACH who="3" step="1"/><G26/><REACH who="3" ten="235,235,255,245" step="2"/><T126/><D126/><U21/><E39/><V78/><F1/><W60/><G60/><N who="0" m="39943" /><D5/><U92/><E27/><V18/><F0/><W34/><G34/><T32/><D6/><U128/><E128/><V98/><F63/><W73/><G73/><T43/><D32/><U41/><E74/><V69/><F69/><W13/><G13/><T23/><D62/><U31/><E21/><V96/><F22/><W106/><G106/><T15/><D23/><U86/><E20/><V2/><F2/><RYUUKYOKU ba="1,3" sc="235,-10,235,-10,255,-10,245,30" hai3="46,48,51,52,53,54,55,59,87,90,93,132,135" /><INIT seed="2,2,3,0,1,15" ten="225,225,245,275" oya="2" hai0="121,97,99,123,116,82,106,6,72,95,38,12,63" hai1="11,21,74,7,2,126,68,23,34,42,115,88,118" hai2="128,120,98,45,69,114,33,30,8,51,46,37,70" hai3="103,77,16,102,113,93,90,18,31,132,22,20,65"/><V52/><F114/><W84/><G132/><T133/><D38/><U81/><E118/><V96/><F120/><W40/><G113/><T55/><D133/><U110/><E34/><V61/><F128/><W39/><G39/><T56/><D106/><U112/><E68/><V5/><F30/><W60/><G40/><T131/><D116/><U41/><E110/><V87/><F33/><W57/><G31/><T10/><D131/><U29/><E126/><V109/><F109/><W119/><G119/><T91/><REACH who="0" step="1"/><D99/><REACH who="0" ten="215,225,245,275" step="2"/><U122/><E112/><V28/><F96/><W75/><G75/><T48/><D48/><U67/><E74/><V64/><F98/><W117/><G117/><T62/><D62/><U14/><E115/><V78/><F37/><W129/><G129/><T86/><D86/><U44/><E122/><V66/><F61/><W43/><G77/><AGARI ba="2,4" hai="6,10,12,55,56,63,72,77,82,91,95,97,121,123" machi="77" ten="40,1300,0" yaku="1,1,53,0" doraHai="15" doraHaiUra="135" who="0" fromWho="3" sc="215,59,225,0,245,0,275,-19" /><INIT seed="3,0,0,2,4,94" ten="274,225,245,256" oya="3" hai0="8,103,31,111,110,89,126,54,6,64,104,55,127" hai1="95,120,23,34,100,52,122,48,27,28,35,135,1" hai2="68,87,7,109,90,21,22,121,107,63,20,118,17" hai3="59,75,85,4,92,30,105,78,47,53,72,16,32"/><W14/><G105/><T5/><D64/><U58/><E1/><V128/><F118/><W10/><G47/><T57/><D31/><U67/><E135/><V97/><F109/><N who="0" m="41482" /><D89/><U37/><E37/><V2/><F128/><W25/><G4/><N who="0" m="1643" /><D8/><U115/><E115/><V43/><F121/><W41/><G41/><T9/><D9/><U70/><E70/><V12/><F43/><W45/><G45/><T56/><D103/><U40/><E40/><V69/><F69/><W36/><G36/><T117/><D104/><U61/><E122/><V15/><F2/><W88/><REACH who="3" step="1"/><G78/><REACH who="3" ten="274,225,245,246" step="2"/><T96/><D117/><U82/><E120/><V60/><F7/><W44/><G44/><T71/><D126/><U134/><E134/><V33/><F107/><W83/><G83/><T76/><D76/><U77/><E82/><V131/><F131/><W13/><G13/><T80/><D127/><U42/><E77/><V81/><F12/><W73/><G73/><T39/><D80/><U74/><E74/><V51/><F15/><W26/><G26/><T18/><D39/><U38/><E38/><V50/><F81/><W91/><G91/><T113/><D113/><U19/><E42/><V106/><F90/><W79/><G79/><T11/><D71/><U62/><E95/><V49/><F68/><W101/><G101/><T84/><D57/><U112/><E100/><V29/><F106/><W116/><G116/><T46/><D46/><U130/><E112/><V114/><F114/><W99/><G99/><T125/><D96/><U123/><E123/><V124/><F97/><W108/><G108/><RYUUKYOKU ba="0,1" sc="274,-10,225,-10,245,-10,246,30" hai3="10,14,16,25,30,32,53,59,72,75,85,88,92" /><INIT seed="3,1,1,0,0,103" ten="264,215,235,276" oya="3" hai0="84,113,94,1,82,130,2,14,9,31,57,33,0" hai1="34,58,46,43,15,95,115,123,36,88,112,85,73" hai2="75,19,51,12,68,86,104,91,96,56,131,53,120" hai3="61,90,129,7,116,102,37,132,76,22,25,55,122"/><W87/><G116/><T16/><D130/><U10/><E123/><V70/><F131/><W77/><G129/><T67/><D113/><U39/><E39/><V52/><F75/><W78/><G122/><T107/><D107/><U111/><E111/><V93/><F53/><W54/><G37/><T5/><D94/><U50/><E34/><V126/><F126/><W109/><G132/><T48/><D67/><U135/><E73/><V99/><F120/><W108/><G7/><T44/><D57/><U64/><E135/><V65/><F65/><W60/><G102/><T121/><D121/><U17/><REACH who="1" step="1"/><E50/><REACH who="1" ten="264,205,235,276" step="2"/><V40/><F40/><W105/><G60/><AGARI ba="1,2" hai="10,15,17,36,43,46,58,60,64,85,88,95,112,115" machi="60" ten="40,8000,1" yaku="1,1,2,1,54,1,53,1" doraHai="103" doraHaiUra="80" who="1" fromWho="3" sc="264,0,205,103,235,0,276,-83" /><INIT seed="4,0,0,0,2,77" ten="264,308,235,193" oya="0" hai0="69,49,101,86,5,1,41,129,100,96,60,51,18" hai1="79,98,44,133,13,97,31,119,89,19,93,103,3" hai2="33,27,116,2,127,40,12,71,81,47,115,63,83" hai3="48,92,85,120,56,73,58,95,110,70,99,74,64"/><T50/><D129/><U106/><E3/><V8/><F2/><W36/><G36/><T66/><D41/><U59/><E119/><V111/><F111/><W134/><G110/><T84/><D100/><U61/><E133/><V68/><F115/><W90/><G134/><T82/><D18/><U7/><E31/><V113/><F113/><W135/><G135/><T114/><D114/><U29/><E29/><V39/><F127/><W30/><G120/><T131/><D131/><U125/><E7/><V67/><F71/><W112/><G112/><T46/><D46/><U105/><E79/><V72/><F72/><W25/><G70/><T9/><REACH who="0" step="1"/><D82/><REACH who="0" ten="254,308,235,193" step="2"/><U117/><E44/><V102/><F102/><W94/><G73/><T75/><D75/><U57/><E103/><V76/><F76/><W35/><G74/><T38/><D38/><U128/><E128/><V123/><F123/><W132/><G132/><T42/><D42/><U37/><E19/><V52/><F116/><W62/><G99/><T14/><D14/><U107/><E13/><V16/><REACH who="2" step="1"/><F52/><REACH who="2" ten="254,308,225,193" step="2"/><W118/><G118/><T65/><D65/><U88/><E117/><V11/><F11/><W15/><G64/><T130/><D130/><U22/><E125/><V54/><F54/><W104/><G15/><T43/><D43/><U23/><E37/><V17/><F17/><W53/><G53/><T0/><D0/><U6/><E6/><V80/><F80/><W21/><G30/><AGARI ba="0,2" hai="8,12,16,27,30,33,39,40,47,63,67,68,81,83" machi="30" ten="40,8000,1" yaku="1,1,52,2,54,1,53,0" doraHai="77" doraHaiUra="109" who="2" fromWho="3" sc="254,0,308,0,225,100,193,-80" /><INIT seed="5,0,0,2,5,90" ten="254,308,325,113" oya="1" hai0="128,56,135,37,16,98,74,94,61,84,77,64,112" hai1="111,109,62,107,117,13,132,7,3,40,20,12,0" hai2="26,44,102,32,6,93,43,66,1,115,96,89,5" hai3="28,27,51,71,121,116,49,57,19,83,113,14,29"/><U126/><E107/><V76/><F1/><W50/><G121/><T48/><D37/><U10/><E40/><V130/><F130/><W53/><G113/><T41/><D74/><U33/><E33/><V31/><F76/><W69/><G116/><T60/><D112/><U134/><E62/><V25/><F115/><W88/><G71/><T81/><D128/><U2/><E117/><V129/><F129/><W119/><G69/><T59/><D135/><N who="1" m="51755" /><E126/><V104/><F26/><W68/><G68/><T11/><D41/><U39/><E39/><V22/><F32/><W78/><G78/><T75/><D48/><U97/><E97/><V91/><F66/><W108/><G108/><N who="1" m="41546" /><E13/><V87/><REACH who="2" step="1"/><F91/><REACH who="2" ten="254,308,315,113" step="2"/><W72/><G119/><T131/><D131/><U63/><E63/><V82/><F82/><W17/><G27/><T35/><D35/><U105/><E105/><V73/><F73/><W85/><G72/><T58/><D75/><U38/><E38/><AGARI ba="0,1" hai="5,6,22,25,31,38,43,44,87,89,93,96,102,104" machi="38" ten="30,3900,0" yaku="1,1,7,1,52,1,53,0" doraHai="90" doraHaiUra="15" who="2" fromWho="1" sc="254,0,308,-39,315,49,113,0" /><INIT seed="6,0,0,1,4,37" ten="254,269,364,113" oya="2" hai0="26,69,42,17,124,28,89,43,118,23,125,78,33" hai1="11,109,106,111,79,2,19,70,61,36,12,31,1" hai2="99,29,123,98,74,108,20,87,25,34,102,107,54" hai3="84,94,77,117,15,63,45,80,6,103,72,10,27"/><V75/><F123/><W5/><G117/><T113/><D69/><U126/><E106/><V130/><F130/><W100/><G5/><T90/><D78/><U91/><E79/><V127/><F127/><N who="0" m="48714" /><D113/><U134/><E126/><V133/><F133/><W65/><G27/><N who="0" m="18591" /><D118/><U76/><E76/><V58/><F108/><W44/><G72/><T53/><D53/><U4/><E134/><V30/><F34/><W135/><G135/><T62/><D62/><U114/><E114/><V116/><F116/><W64/><G64/><T105/><D105/><U67/><E36/><V8/><F107/><W96/><REACH who="3" step="1"/><G100/><REACH who="3" ten="254,269,364,103" step="2"/><T82/><D90/><U22/><E91/><V60/><F102/><W129/><G129/><T14/><D26/><U93/><E67/><V95/><F25/><W119/><G119/><T57/><D57/><AGARI ba="0,1" hai="6,10,15,44,45,57,63,65,77,80,84,94,96,103" machi="57" ten="30,3900,0" yaku="1,1,7,1,8,1,53,0" doraHai="37" doraHaiUra="46" who="3" fromWho="0" sc="254,-39,269,0,364,0,103,49" /><INIT seed="7,0,0,4,0,64" ten="215,269,364,152" oya="3" hai0="126,50,7,109,113,94,29,56,85,59,69,102,11" hai1="55,45,88,20,97,133,114,8,71,98,51,123,66" hai2="90,63,103,127,25,16,75,135,84,47,34,42,1" hai3="111,130,134,121,46,124,129,27,112,99,100,105,78"/><W95/><G121/><T117/><D109/><U68/><E123/><V65/><F75/><W107/><G46/><T19/><D117/><U58/><E133/><V89/><F1/><W48/><G48/><T54/><D126/><U116/><E114/><V15/><F103/><W76/><G27/><T35/><D113/><U73/><E73/><V28/><F127/><W86/><G112/><T24/><D69/><U43/><E116/><V13/><F13/><W40/><G40/><T6/><D56/><U132/><E132/><V96/><F96/><W104/><G134/><T57/><D57/><U119/><E119/><V106/><F106/><N who="3" m="41067" /><G124/><T38/><D38/><U18/><E8/><V3/><F3/><W33/><G33/><T128/><D19/><U101/><E101/><V70/><F47/><W26/><G26/><T60/><D50/><U17/><E17/><V12/><F12/><W80/><G111/><T30/><D30/><U36/><E66/><V120/><F42/><W122/><G122/><T23/><D35/><U67/><E67/><V81/><F120/><W5/><G5/><T37/><D6/><U52/><E55/><V131/><F135/><W0/><G0/><T87/><D37/><U31/><E31/><V9/><F25/><W92/><G76/><T93/><D7/><U91/><E71/><V61/><F34/><W22/><G22/><T62/><D23/><U118/><E68/><V39/><F28/><W44/><G44/><T72/><D29/><U53/><E118/><V82/><F16/><W41/><G41/><T2/><D24/><N who="1" m="14359" /><E53/><V108/><F108/><RYUUKYOKU ba="0,0" sc="215,-15,269,15,364,-15,152,15" hai1="36,43,45,51,52,58,88,91,97,98" hai3="78,80,86,92,95,99,100,107,129,130" /><INIT seed="7,1,0,0,5,114" ten="200,284,349,167" oya="3" hai0="104,113,76,7,129,29,122,60,101,97,1,66,79" hai1="48,31,53,134,125,18,128,112,103,95,72,51,23" hai2="30,81,16,47,59,91,4,73,50,69,3,8,93" hai3="75,38,68,19,39,20,127,107,89,135,10,26,67"/><W36/><G107/><T115/><D122/><U90/><E112/><N who="0" m="43081" /><D129/><U123/><E123/><V131/><F69/><W17/><G127/><T5/><D29/><U120/><E120/><V32/><F59/><W99/><G135/><T133/><D133/><U13/><E134/><V28/><F32/><W109/><G109/><T121/><D121/><U56/><E128/><V117/><F117/><W22/><G75/><T111/><D111/><U45/><E72/><V15/><F131/><W37/><G10/><N who="0" m="2351" /><D7/><U55/><E125/><V84/><F93/><W92/><N who="3" m="9216" /><DORA hai="9" /><W94/><G94/><T86/><D86/><U11/><E103/><V110/><F73/><W130/><G130/><T64/><D64/><U49/><E31/><V63/><F63/><W132/><G132/><T24/><D24/><U14/><E51/><V119/><F119/><W21/><REACH who="3" step="1"/><G26/><REACH who="3" ten="200,284,349,157" step="2"/><T62/><D62/><AGARI ba="1,1" hai="17,19,20,21,22,62,67,68,89,92,99" m="9216" machi="62" ten="70,12000,1" yaku="1,1,2,1,53,1" doraHai="114,9" doraHaiUra="82,65" who="3" fromWho="0" sc="200,-123,284,0,349,0,157,133" /><INIT seed="7,2,0,2,5,44" ten="77,284,349,290" oya="3" hai0="72,87,69,70,105,58,77,40,114,89,23,130,36" hai1="97,103,24,96,66,49,42,116,100,45,6,71,4" hai2="120,131,26,110,84,7,80,1,59,29,28,43,54" hai3="68,102,125,133,124,46,82,99,9,135,107,15,39"/><W30/><G30/><T34/><D34/><U109/><E109/><V0/><F110/><W122/><G122/><T35/><D105/><U19/><E116/><V67/><F131/><W13/><G68/><T8/><D130/><U5/><E66/><V32/><F29/><W98/><G98/><N who="1" m="37994" /><E71/><V111/><F111/><W52/><G82/><T134/><D35/><U22/><AGARI ba="2,0" hai="4,5,6,19,22,24,42,45,49,100,103" m="37994" machi="22" ten="30,2000,0" yaku="8,1,52,1" doraHai="44" who="1" fromWho="1" sc="77,-7,284,26,349,-7,290,-12" owari="70,-43.0,310,11.0,342,44.2,278,-12.2" /></mjloggm>