<mjloggm ver="2.3"><GO type="169" lobby="0"/><UN n0="%74%61%63%6F%73" n1="%E9%A7%BF" n2="%72%65%2E" n3="%E3%81%BD%E3%82%93%E5%8A%A9" dan="18,16,16,16" rate="2198.95,2129.49,2078.73,2080.17" sx="M,M,M,M"/><TAIKYOKU oya="0"/><INIT seed="0,0,0,2,0,129" ten="250,250,250,250" oya="0" hai0="24,61,115,113,114,66,116,62,103,133,83,71,117" hai1="57,15,46,100,0,2,131,64,39,4,9,120,96" hai2="53,29,97,74,18,22,38,126,8,111,94,5,44" hai3="37,48,105,20,56,25,23,127,26,110,21,109,51"/><T36/><D103/><U102/><E120/><V41/><F111/><N who="3" m="42507" /><G37/><T119/><D83/><U85/><E131/><V90/><F126/><W16/><G105/><T78/><D78/><U124/><E124/><V1/><F53/><W67/><G127/><T33/><D36/><U118/><E118/><V123/><F29/><N who="3" m="17575" /><G23/><T76/><D76/><U31/><E31/><V17/><F123/><W130/><G130/><T72/><D72/><U82/><E102/><V60/><F60/><AGARI ba="0,0" hai="16,21,26,48,51,56,60,67" m="17575,42507" machi="60" ten="30,2000,0" yaku="14,1,54,1" doraHai="129" who="3" fromWho="2" sc="250,0,250,0,250,-20,250,20" /><INIT seed="1,0,0,3,4,16" ten="250,250,230,270" oya="1" hai0="121,102,65,6,20,113,49,18,130,54,52,37,76" hai1="9,60,75,74,116,119,59,86,131,10,91,15,46" hai2="47,44,35,43,107,57,1,39,64,23,89,95,25" hai3="66,85,114,87,24,82,81,14,100,48,31,73,17"/><U110/><E131/><V101/><F1/><W97/><G114/><T5/><D113/><U93/><E110/><V135/><F135/><W70/><G73/><T68/><D37/><U92/><E74/><V96/><F35/><W72/><G72/><T63/><D130/><U50/><E75/><V134/><F134/><W30/><G48/><T29/><D121/><U109/><E109/><V118/><F118/><W106/><G82/><T77/><D29/><U13/><E119/><V122/><F122/><W21/><G31/><T79/><D102/><U36/><E36/><V4/><F4/><W26/><G26/><T99/><D99/><U128/><E128/><V67/><F57/><W105/><G105/><T19/><D19/><U108/><E108/><V80/><F44/><W22/><REACH who="3" step="1"/><G81/><REACH who="3" ten="250,250,230,260" step="2"/><T2/><D49/><U126/><E116/><V58/><F80/><W123/><G123/><T7/><REACH who="0" step="1"/><D2/><REACH who="0" ten="240,250,230,260" step="2"/><U62/><E50/><V127/><F39/><W98/><G98/><T3/><D3/><U88/><E60/><AGARI ba="0,2" hai="14,17,21,22,24,30,60,66,70,85,87,97,100,106" machi="60" ten="40,5200,0" yaku="1,1,52,2,53,0" doraHai="16" doraHaiUra="45" who="3" fromWho="1" sc="240,0,250,-52,230,0,260,72" /><INIT seed="2,0,0,0,3,100" ten="240,198,230,332" oya="2" hai0="91,75,39,61,56,118,130,19,8,124,108,129,35" hai1="45,27,21,135,12,37,94,110,38,55,125,88,96" hai2="126,66,32,53,85,15,70,20,17,52,64,80,25" hai3="13,10,2,30,79,49,78,73,116,14,117,99,57"/><V87/><F126/><W22/><G2/><T3/><D124/><U47/><E125/><V43/><F43/><W112/><G112/><T119/><D75/><U93/><E110/><V67/><F70/><W133/><G133/><T120/><D120/><U26/><E135/><V42/><F42/><W95/><G73/><T1/><D39/><U34/><E34/><V98/><F98/><W131/><G131/><N who="0" m="50187" /><D91/><U111/><E111/><V86/><F32/><W51/><G117/><N who="0" m="44555" /><D108/><U107/><E107/><V16/><REACH who="2" step="1"/><F80/><REACH who="2" ten="240,198,220,332" step="2"/><W62/><G99/><T106/><D35/><U109/><E96/><V92/><F92/><W9/><G95/><T63/><D106/><U76/><E94/><V134/><F134/><W104/><G104/><T4/><D1/><U84/><E93/><V54/><F54/><W46/><G116/><T121/><D121/><U28/><E55/><V33/><F33/><W77/><G77/><T83/><D83/><U24/><E76/><V123/><F123/><W29/><G79/><T72/><D3/><U31/><E109/><V71/><F71/><W74/><G78/><T132/><D132/><U69/><E69/><V90/><F90/><W65/><G74/><T58/><D72/><U40/><E88/><V23/><AGARI ba="0,1" hai="15,16,17,20,23,25,52,53,64,66,67,85,86,87" machi="23" ten="40,12000,1" yaku="1,1,0,1,8,1,54,2,53,0" doraHai="100" doraHaiUra="6" who="2" fromWho="2" sc="240,-40,198,-40,220,130,332,-40" /><INIT seed="2,1,0,5,1,41" ten="200,158,350,292" oya="2" hai0="80,84,61,30,18,108,98,10,36,44,52,133,25" hai1="116,50,34,33,93,9,69,72,16,74,83,51,31" hai2="35,131,4,67,132,63,58,127,56,109,60,45,119" hai3="120,59,77,81,112,1,8,110,22,64,32,124,0"/><V26/><F4/><W65/><G120/><T29/><D108/><U13/><E116/><V94/><F119/><W23/><G32/><T15/><D133/><U105/><E105/><V37/><F35/><W70/><G110/><T118/><D118/><U38/><E38/><V12/><F109/><W103/><G124/><T96/><D36/><U47/><E69/><V7/><F26/><W76/><G70/><T46/><D96/><U100/><E31/><N who="0" m="11785" /><D25/><U97/><E74/><V53/><F131/><W115/><G59/><N who="0" m="35047" /><D98/><U42/><REACH who="1" step="1"/><E51/><REACH who="1" ten="200,148,350,292" step="2"/><N who="2" m="28911" /><F37/><W102/><G115/><T21/><D21/><U20/><E20/><V123/><F127/><W71/><G112/><T54/><D54/><U2/><E2/><V19/><F132/><W49/><G71/><T89/><AGARI ba="1,1" hai="10,15,18,44,46,80,84,89" m="35047,11785" machi="89" ten="30,7900,0" yaku="8,1,52,2,54,1" doraHai="41" who="0" fromWho="0" sc="200,92,148,-21,350,-40,292,-21" /><INIT seed="3,0,0,2,5,37" ten="292,127,310,271" oya="3" hai0="66,42,77,82,88,127,113,62,86,118,134,91,98" hai1="85,121,60,94,93,114,84,47,18,3,95,13,117" hai2="125,83,8,7,107,79,69,58,78,97,120,31,0" hai3="25,36,35,57,52,103,2,130,116,68,101,126,89"/><W67/><G116/><T29/><D118/><U6/><E117/><V111/><F111/><W40/><G2/><T100/><D127/><U48/><E121/><V14/><F125/><W64/><G126/><T73/><D134/><U133/><E133/><V23/><F120/><W46/><G130/><T20/><D113/><U44/><E114/><V41/><F69/><W54/><G54/><T11/><D11/><U80/><E3/><V112/><F112/><W105/><G89/><T70/><D42/><U71/><E6/><V115/><F115/><W27/><G105/><T102/><D73/><U4/><E4/><V39/><F58/><W34/><G67/><T131/><D131/><U16/><E18/><V12/><F79/><W9/><G9/><T123/><D102/><U128/><E128/><V1/><F97/><W76/><G76/><T132/><D132/><U81/><E60/><V22/><F107/><W109/><G109/><T50/><D50/><U75/><E71/><V5/><F5/><W38/><G38/><T104/><REACH who="0" step="1"/><D123/><REACH who="0" ten="282,127,310,271" step="2"/><U122/><E122/><V129/><F129/><W124/><G124/><T59/><D59/><U30/><E75/><N who="2" m="43487" /><F0/><W90/><G103/><T56/><D56/><U19/><E48/><V108/><F108/><W72/><G101/><T74/><D74/><U55/><E44/><N who="2" m="23615" /><F23/><W99/><G72/><T45/><D45/><U96/><E47/><V15/><F22/><W87/><G57/><T26/><AGARI ba="0,1" hai="20,26,29,62,66,70,77,82,86,88,91,98,100,104" machi="26" ten="30,4000,0" yaku="1,1,0,1,54,1,53,0" doraHai="37" doraHaiUra="28" who="0" fromWho="0" sc="282,50,127,-10,310,-10,271,-20" /><INIT seed="4,0,0,5,3,122" ten="332,117,300,251" oya="0" hai0="42,81,120,75,102,64,49,26,84,19,52,16,117" hai1="65,116,129,130,92,13,56,107,94,0,4,71,62" hai2="40,44,90,23,24,69,79,29,54,134,72,111,22" hai3="131,95,78,73,38,68,106,98,67,104,127,1,18"/><T118/><D120/><U119/><E13/><V32/><F134/><W125/><G1/><T48/><D75/><U17/><E17/><V124/><F124/><N who="3" m="47691" /><G38/><T2/><D2/><U10/><E56/><V99/><F69/><W108/><G18/><T7/><D7/><U70/><E92/><V101/><F54/><W74/><G67/><T25/><D102/><U36/><E94/><V82/><F90/><N who="3" m="55671" /><G68/><T53/><D64/><U14/><E14/><V27/><F27/><N who="0" m="10250" /><D42/><U43/><E107/><N who="3" m="41002" /><G131/><N who="1" m="50186" /><E70/><V9/><F9/><W63/><G63/><T123/><D123/><U83/><E36/><V97/><F22/><W135/><G135/><T59/><D118/><U121/><E121/><V77/><F32/><W5/><G5/><T45/><D117/><U20/><E43/><V76/><F101/><W51/><G51/><T100/><D100/><U105/><E20/><V132/><F132/><W114/><G74/><T11/><D11/><U57/><E71/><V35/><F35/><W128/><G128/><T30/><D30/><U112/><E119/><V110/><F72/><W8/><G8/><T3/><D3/><U46/><E116/><V21/><F21/><W12/><G73/><T80/><D19/><U91/><E46/><V6/><F6/><W103/><G103/><T34/><D16/><U37/><E105/><V60/><F60/><W133/><G133/><T58/><D34/><U61/><E37/><V86/><F44/><W89/><G12/><T126/><D126/><U39/><E39/><V115/><F40/><W66/><G66/><T55/><D84/><N who="1" m="50591" /><E61/><AGARI ba="0,0" hai="45,48,49,52,53,55,58,59,61,80,81" m="10250" machi="61" ten="30,2900,0" yaku="8,1,54,1" doraHai="122" who="0" fromWho="1" sc="332,29,117,-29,300,0,251,0" /><INIT seed="4,1,0,4,4,124" ten="361,88,300,251" oya="0" hai0="27,58,7,53,97,130,116,20,73,135,129,91,24" hai1="66,105,0,84,134,101,16,13,56,89,123,128,82" hai2="74,68,34,21,44,121,26,64,65,61,5,37,40" hai3="11,78,90,50,8,38,59,102,122,30,106,42,60"/><T25/><D116/><U92/><E123/><V69/><F121/><W96/><G122/><T57/><D73/><U112/><E0/><V9/><F74/><W85/><G38/><T29/><D7/><U22/><E134/><V3/><F21/><W111/><G111/><T41/><D41/><U107/><E112/><V113/><F113/><W98/><G30/><T54/><D135/><U126/><E126/><V47/><F47/><W67/><G78/><T94/><D29/><U35/><E35/><V28/><REACH who="2" step="1"/><F64/><REACH who="2" ten="361,88,290,251" step="2"/><W39/><G39/><T132/><D132/><U95/><E128/><N who="0" m="49257" /><D20/><U62/><REACH who="1" step="1"/><E101/><REACH who="1" ten="361,78,290,251" step="2"/><V52/><F52/><AGARI ba="1,2" hai="24,25,27,52,53,54,57,58,91,94,97" m="49257" machi="52" ten="30,12000,1" yaku="19,1,52,3,54,1" doraHai="124" who="0" fromWho="2" sc="361,143,78,0,290,-123,251,0" /><INIT seed="4,2,0,2,0,7" ten="504,78,167,251" oya="0" hai0="100,44,53,72,34,10,87,89,104,111,66,19,9" hai1="68,58,86,47,55,116,60,134,129,123,30,39,70" hai2="54,29,64,8,5,81,48,124,84,24,133,33,62" hai3="110,13,37,1,99,75,131,50,79,21,115,0,127"/><T113/><D72/><U119/><E86/><V18/><F124/><W103/><G110/><T74/><D74/><U118/><E30/><V122/><F133/><W112/><G37/><T120/><D120/><U51/><E123/><V31/><F122/><W85/><G75/><T77/><D34/><U96/><E96/><V56/><F18/><W46/><G127/><T92/><D111/><U38/><E134/><V135/><F135/><W57/><G57/><T67/><D113/><U98/><E98/><V16/><F31/><W121/><G131/><T14/><D77/><U11/><E11/><N who="0" m="4105" /><D100/><U71/><REACH who="1" step="1"/><E129/><REACH who="1" ten="504,68,167,251" step="2"/><V63/><F16/><N who="3" m="10383" /><G121/><T91/><D104/><U94/><E94/><V22/><F22/><W130/><G130/><T25/><D92/><U28/><E28/><V78/><REACH who="2" step="1"/><F64/><AGARI ba="2,1" hai="38,39,47,51,55,58,60,64,68,70,71,116,118,119" machi="64" ten="50,8000,1" yaku="1,1,34,3,53,0" doraHai="7" doraHaiUra="132" who="1" fromWho="2" sc="504,0,68,96,167,-86,251,0" /><INIT seed="5,0,0,3,4,54" ten="504,164,81,251" oya="1" hai0="125,59,62,35,42,80,43,73,74,22,7,0,135" hai1="90,2,123,110,67,64,39,63,14,108,25,65,5" hai2="17,105,122,116,94,16,103,3,109,45,29,69,34" hai3="10,24,86,50,114,37,118,32,131,40,82,46,60"/><U130/><E123/><V133/><F109/><N who="1" m="42089" /><E2/><V119/><F122/><W95/><G114/><T126/><D35/><U56/><E39/><V128/><F3/><W81/><G131/><T41/><D135/><U96/><E25/><V71/><F94/><W91/><G118/><T36/><D36/><U13/><E130/><V117/><F45/><W6/><G37/><T98/><D22/><U113/><E113/><V83/><F128/><W55/><G24/><T58/><D0/><U49/><E49/><V120/><F120/><W92/><G32/><T48/><D7/><U52/><E5/><V12/><F34/><W23/><G23/><T47/><D48/><U8/><E8/><V61/><F29/><W33/><G95/><AGARI ba="0,0" hai="13,14,52,56,63,64,65,67,90,95,96" m="42089" machi="95" ten="30,5800,0" yaku="10,1,52,1,54,1" doraHai="54" who="1" fromWho="3" sc="504,0,164,58,81,0,251,-58" /><INIT seed="5,1,0,0,2,105" ten="504,222,81,193" oya="1" hai0="11,69,84,86,98,12,14,81,104,78,115,91,103" hai1="77,13,62,2,123,85,4,125,89,64,32,133,23" hai2="45,6,87,88,97,34,73,3,25,100,49,44,106" hai3="129,19,10,70,111,116,48,15,54,110,131,127,109"/><U35/><E123/><V37/><F37/><W28/><G70/><T72/><D69/><U80/><E125/><V90/><F3/><W82/><G127/><T99/><D115/><U79/><E2/><V52/><F6/><W53/><G53/><T71/><D71/><U107/><E107/><V68/><F68/><W1/><G82/><T16/><D14/><U95/><E79/><V24/><F34/><W9/><G54/><T55/><D55/><U92/><E133/><V96/><F73/><W51/><G116/><T128/><D128/><N who="3" m="49225" /><G51/><T114/><D114/><U39/><E39/><V30/><F44/><W74/><G48/><T132/><D132/><U17/><E4/><V18/><F18/><W40/><G40/><T126/><D126/><U42/><E42/><V36/><F36/><W26/><G74/><T33/><D33/><U135/><E135/><V124/><F124/><W22/><G1/><T29/><D29/><U63/><E63/><V113/><F30/><W50/><G50/><T121/><D121/><U43/><E43/><V75/><F75/><W56/><G56/><T83/><D72/><N who="1" m="43047" /><E95/><V118/><F118/><W122/><G122/><T65/><D65/><U117/><E117/><V101/><F113/><W66/><G66/><T134/><D134/><U21/><E62/><V102/><F90/><W41/><G41/><T20/><D104/><U119/><E119/><V61/><F61/><W47/><G47/><T57/><D78/><U67/><E67/><V0/><F0/><W94/><G94/><T112/><D112/><U120/><E64/><V38/><F106/><RYUUKYOKU ba="1,0" sc="504,-10,222,-10,81,-10,193,30" hai3="9,10,15,19,22,26,28,109,110,111" /><INIT seed="6,2,0,1,4,22" ten="494,212,71,223" oya="2" hai0="30,70,53,12,80,42,72,56,108,126,45,3,43" hai1="0,51,46,83,38,89,69,55,86,21,16,10,131" hai2="7,65,27,135,34,134,121,50,68,125,32,94,95" hai3="81,91,25,26,118,132,71,120,11,74,33,84,124"/><V13/><F121/><W110/><G118/><T23/><D3/><U60/><E131/><V103/><F125/><W122/><G110/><T52/><D108/><U24/><E38/><V47/><F65/><W114/><G71/><T101/><D70/><U39/><E39/><V44/><F68/><W98/><G33/><T35/><D35/><U36/><E36/><V113/><F113/><W133/><G124/><T90/><D101/><U29/><E69/><V15/><F50/><W129/><G129/><T123/><D72/><U64/><E64/><V78/><F103/><W5/><G74/><T2/><D2/><U20/><E60/><V93/><F93/><W14/><G98/><T77/><D77/><U37/><E37/><V79/><REACH who="2" step="1"/><F7/><REACH who="2" ten="494,212,61,223" step="2"/><W58/><G114/><T75/><D123/><U76/><E51/><V106/><F106/><W100/><G100/><T115/><D126/><U28/><E83/><V102/><F102/><W116/><G122/><T57/><D80/><U62/><E62/><V99/><F99/><W4/><G4/><T40/><D115/><U92/><E92/><V73/><F73/><W63/><G120/><T112/><D75/><U105/><E105/><V88/><F88/><W49/><G49/><T6/><D90/><U107/><E107/><V61/><F61/><W111/><G111/><T48/><D6/><U9/><E89/><V67/><F67/><N who="3" m="39415" /><G116/><T59/><D112/><U31/><E86/><V87/><F87/><W97/><G97/><T119/><D119/><U41/><E76/><V18/><F18/><W1/><G1/><T8/><D48/><RYUUKYOKU ba="2,1" sc="494,-15,212,-15,61,15,223,15" hai2="13,15,27,32,34,44,47,78,79,94,95,134,135" hai3="5,11,14,25,26,81,84,91,132,133" /><INIT seed="6,3,1,4,0,3" ten="479,197,76,238" oya="2" hai0="80,17,6,53,67,135,30,103,21,9,18,105,68" hai1="108,8,122,34,19,31,63,7,52,25,61,81,0" hai2="123,112,78,133,110,36,90,111,79,97,121,54,116" hai3="27,92,75,45,131,5,88,13,35,1,101,130,4"/><V66/><F36/><W40/><G1/><T118/><D68/><U93/><E108/><N who="2" m="41515" /><F66/><W42/><G75/><T84/><D67/><U24/><E122/><N who="2" m="46603" /><F54/><W69/><G101/><T12/><D103/><U56/><E81/><V125/><F116/><W55/><G55/><T15/><D105/><U50/><REACH who="1" step="1"/><E93/><REACH who="1" ten="479,187,76,238" step="2"/><N who="2" m="56503" /><F112/><W74/><G92/><T127/><D118/><U119/><E119/><V98/><F133/><W76/><G131/><T23/><D135/><U91/><E91/><V82/><F125/><W2/><G88/><T96/><D127/><U11/><E11/><V115/><F115/><W59/><G130/><T132/><D132/><U89/><E89/><V124/><F124/><W39/><G76/><N who="2" m="29225" /><F98/><W104/><G69/><T44/><D96/><U58/><E58/><V41/><F41/><W64/><G59/><T85/><D9/><U70/><E70/><V117/><F117/><W49/><G40/><T86/><D44/><U99/><E99/><V87/><F87/><W71/><G45/><T100/><D85/><U94/><E94/><V65/><F65/><W126/><G64/><T120/><D84/><U72/><E72/><V57/><F57/><W113/><G74/><T102/><D86/><U129/><E129/><V33/><F82/><W22/><G113/><T16/><D80/><U10/><E10/><V47/><F47/><W73/><G73/><T51/><D120/><U48/><E48/><V83/><F83/><W14/><G49/><T107/><D51/><U38/><E38/><V60/><F60/><W95/><G126/><T109/><D109/><U62/><E62/><RYUUKYOKU ba="3,2" sc="479,-15,187,15,76,15,238,-15" hai1="0,7,8,19,24,25,31,34,50,52,56,61,63" hai2="33" /><INIT seed="6,4,2,1,2,119" ten="464,202,91,223" oya="2" hai0="124,91,8,73,38,74,4,87,72,45,69,93,76" hai1="105,65,121,85,116,52,81,97,135,67,134,19,22" hai2="71,30,46,49,56,107,10,9,51,104,114,15,36" hai3="130,101,16,133,1,89,68,42,47,120,21,48,32"/><V62/><F114/><W64/><G32/><T128/><D69/><U79/><E116/><V20/><F71/><W123/><G1/><N who="0" m="15" /><D128/><U53/><E121/><V3/><F3/><W80/><G101/><T126/><D73/><U110/><E110/><V103/><F36/><W39/><G130/><T108/><D108/><U29/><E29/><V122/><F122/><W11/><G11/><N who="2" m="4105" /><F104/><W96/><G133/><N who="1" m="50698" /><E97/><V26/><F107/><W54/><G80/><N who="0" m="45063" /><D74/><U106/><E106/><V25/><F103/><W112/><G89/><T88/><D91/><U77/><E77/><V17/><F46/><W78/><G96/><T50/><D50/><N who="2" m="18954" /><F30/><W58/><G112/><T92/><D92/><U31/><E31/><V6/><F6/><W63/><G78/><T115/><D115/><U41/><E105/><V2/><F2/><W99/><REACH who="3" step="1"/><G99/><REACH who="3" ten="464,202,91,213" step="2"/><T35/><D35/><U117/><E117/><V28/><F28/><W82/><G82/><T44/><D44/><U5/><E5/><V0/><F0/><W127/><G127/><T23/><D23/><U34/><E34/><V70/><F70/><W102/><G102/><T40/><AGARI ba="4,3" hai="38,40,45,87,88,93,124,126" m="45063,15" machi="40" ten="30,2000,0" yaku="25,1,54,1" doraHai="119" who="0" fromWho="0" sc="464,62,202,-9,91,-14,213,-9" /><INIT seed="7,0,0,4,1,86" ten="526,193,77,204" oya="3" hai0="106,124,10,74,30,123,16,59,118,127,71,41,68" hai1="2,125,131,72,98,108,63,113,114,31,29,87,45" hai2="33,103,112,5,57,129,85,19,7,15,42,92,97" hai3="48,78,134,93,53,67,64,128,24,94,100,122,1"/><W55/><G122/><T28/><D74/><U4/><E72/><V38/><F112/><N who="1" m="43113" /><E108/><V104/><F129/><W35/><G128/><T117/><D106/><U111/><E111/><V13/><F33/><W14/><G1/><T84/><D30/><U65/><E131/><V70/><F70/><W25/><G78/><T95/><D71/><N who="1" m="42431" /><E125/><V130/><F130/><W39/><G39/><T37/><D95/><N who="3" m="36361" /><G35/><T9/><D16/><U133/><E133/><V62/><F42/><W22/><G100/><T107/><D10/><N who="1" m="2327" /><E98/><V89/><F38/><W0/><G0/><T110/><D107/><U56/><E87/><V76/><F15/><W90/><G55/><T66/><D37/><U32/><E45/><V47/><F47/><N who="3" m="27807" /><G134/><T61/><D41/><U119/><E119/><V75/><F62/><W52/><G52/><T99/><D123/><U3/><E3/><V23/><REACH who="2" step="1"/><F57/><REACH who="2" ten="526,193,67,204" step="2"/><W58/><G58/><T77/><D59/><U96/><E32/><V44/><F44/><W34/><G14/><T11/><D68/><U18/><E56/><V60/><F60/><W80/><G34/><T8/><D118/><U101/><E18/><V17/><F17/><N who="3" m="12367" /><G25/><T115/><D117/><U69/><E69/><V49/><F49/><W51/><G51/><T79/><D61/><U81/><E29/><V46/><F46/><W88/><G67/><T120/><D66/><U20/><E31/><V40/><F40/><W36/><G36/><T82/><D28/><U6/><E6/><V135/><F135/><W27/><G64/><T121/><D121/><U21/><E81/><AGARI ba="0,1" hai="5,7,13,19,23,75,76,81,85,89,92,97,103,104" machi="81" ten="40,8000,1" yaku="1,1,24,2,52,1,53,0" doraHai="86" doraHaiUra="43" who="2" fromWho="1" sc="526,0,193,-80,67,90,204,0" owari="526,62.6,113,-38.7,157,-24.3,204,0.4" /></mjloggm>