<mjloggm ver="2.3"><GO type="169" lobby="0"/><UN n0="%E6%8C%91%E6%88%A6%E8%80%85%EF%BC%81" n1="%E9%BE%8D%31%30" n2="%E3%81%93%E3%81%94%E3%81%A6%E3%81%83%E3%83%BC" n3="%6B%75%72%69%73%75" dan="17,16,16,16" rate="2179.99,2108.20,2022.77,2148.28" sx="M,M,M,F"/><TAIKYOKU oya="0"/><INIT seed="0,0,0,1,2,11" ten="250,250,250,250" oya="0" hai0="0,52,101,125,26,35,70,97,12,66,31,48,49" hai1="86,41,99,33,92,120,106,24,89,54,73,45,65" hai2="5,100,132,38,64,25,8,61,107,39,131,21,55" hai3="91,46,95,2,53,7,130,108,32,115,122,62,126"/><T43/><D0/><U10/><E120/><V124/><F124/><W75/><G115/><T59/><D125/><U90/><E73/><V47/><F131/><W16/><G126/><T84/><D84/><U82/><E106/><V135/><F55/><W127/><G127/><T85/><D85/><U22/><E65/><V60/><F100/><W69/><G32/><T123/><D123/><U93/><E33/><V111/><F107/><W63/><G75/><T117/><D117/><U103/><E10/><V19/><F111/><W29/><G29/><T72/><D72/><U71/><E54/><V113/><F113/><W51/><G108/><T110/><D110/><U83/><E71/><V20/><F20/><W81/><G81/><T1/><D1/><U37/><REACH who="1" step="1"/><E103/><REACH who="1" ten="250,240,250,250" step="2"/><V128/><F128/><W50/><G69/><T87/><D70/><U96/><E96/><V23/><F23/><W88/><G122/><T104/><D66/><U27/><E27/><V40/><F64/><W57/><G130/><T4/><D87/><U18/><AGARI ba="0,1" hai="18,22,24,37,41,45,82,83,86,89,90,92,93,99" machi="18" ten="20,5200,0" yaku="1,1,0,1,7,1,53,1" doraHai="11" doraHaiUra="36" who="1" fromWho="1" sc="250,-26,240,62,250,-13,250,-13" /><INIT seed="1,0,0,0,1,131" ten="224,302,237,237" oya="1" hai0="56,35,44,65,129,39,57,5,64,13,103,22,1" hai1="96,133,62,95,89,15,33,30,114,102,119,78,75" hai2="54,37,90,41,45,84,134,40,4,29,17,81,127" hai3="82,132,118,18,24,42,67,126,71,101,92,112,128"/><U77/><E114/><V86/><F127/><W43/><G112/><T99/><D35/><U59/><E119/><V106/><F106/><W21/><G128/><T3/><D129/><U16/><E75/><V111/><F111/><W11/><G126/><T130/><D130/><U10/><E33/><V94/><F29/><W61/><G118/><T14/><D22/><U19/><E30/><V117/><F117/><W53/><G82/><T80/><D80/><U116/><E133/><V100/><F134/><W60/><G132/><T55/><D39/><U25/><E116/><V93/><F93/><W72/><G72/><T104/><D44/><U49/><E49/><V98/><F86/><W63/><G11/><T26/><D26/><U88/><E19/><V124/><F4/><W105/><G105/><T83/><D83/><U107/><E25/><V121/><F121/><W36/><G36/><T51/><D57/><U73/><E73/><V115/><F115/><W123/><G123/><T108/><D108/><U97/><E89/><V91/><F41/><N who="3" m="15371" /><G71/><T135/><D135/><U31/><E31/><V34/><F34/><W85/><G67/><AGARI ba="0,0" hai="10,15,16,59,62,67,77,78,88,95,96,97,102,107" machi="67" ten="30,5800,0" yaku="7,1,54,2" doraHai="131" who="1" fromWho="3" sc="224,0,302,58,237,0,237,-58" /><INIT seed="1,1,0,3,0,118" ten="224,360,237,179" oya="1" hai0="4,38,113,128,76,23,120,34,108,14,2,125,60" hai1="59,22,40,3,82,109,61,126,117,46,24,99,43" hai2="29,115,37,93,49,31,67,74,87,78,110,135,32" hai3="68,7,81,116,41,121,105,102,122,45,39,56,111"/><U73/><E117/><V66/><F37/><W15/><G116/><T114/><D60/><U58/><E3/><V103/><F74/><W100/><G68/><T12/><D76/><U57/><E109/><V51/><F110/><W106/><G111/><T70/><D23/><U80/><E126/><V133/><F115/><W6/><G56/><N who="1" m="21610" /><E73/><V85/><F78/><W124/><G124/><T98/><D98/><U129/><E99/><V17/><F17/><W112/><G112/><T101/><D101/><U52/><E129/><V18/><F18/><W131/><G131/><T27/><D27/><U42/><E46/><V97/><F97/><W62/><G62/><T88/><D14/><U104/><E104/><V127/><F127/><W79/><G102/><T16/><D12/><U19/><AGARI ba="1,0" hai="19,22,24,40,42,43,52,59,61,80,82" m="21610" machi="19" ten="30,3000,0" yaku="8,1,54,1" doraHai="118" who="1" fromWho="1" sc="224,-11,360,33,237,-11,179,-11" /><INIT seed="1,2,0,2,5,68" ten="213,393,226,168" oya="1" hai0="12,66,107,56,114,104,50,21,42,73,48,57,60" hai1="43,121,109,118,24,108,37,32,28,8,9,1,124" hai2="134,128,76,22,55,71,64,135,72,122,88,16,19" hai3="0,5,94,85,132,49,54,110,40,119,98,103,11"/><U129/><E121/><V89/><F122/><W83/><G110/><N who="1" m="42602" /><E118/><V97/><F128/><W47/><G132/><N who="2" m="50729" /><F19/><W51/><G119/><T14/><D73/><U45/><E129/><V53/><F64/><W91/><REACH who="3" step="1"/><G54/><REACH who="3" ten="213,393,226,158" step="2"/><T99/><D114/><U52/><E124/><V74/><F55/><W84/><G84/><T131/><D131/><U115/><E115/><V106/><F53/><W26/><G26/><T62/><D99/><U31/><E1/><V81/><F74/><W13/><G13/><T41/><D21/><N who="1" m="15375" /><E52/><V44/><F97/><W4/><G4/><T126/><REACH who="0" step="1"/><D66/><REACH who="0" ten="203,393,226,158" step="2"/><U30/><E32/><V70/><F22/><W79/><G79/><T65/><D65/><U77/><E77/><V59/><F76/><W7/><G7/><T58/><D58/><U75/><E75/><V111/><F59/><W6/><G6/><T18/><D18/><U87/><E87/><V15/><F16/><W67/><G67/><T17/><D17/><U116/><E116/><V112/><F72/><W63/><G63/><T34/><D34/><U105/><E30/><V27/><F112/><W2/><G2/><T61/><D61/><U80/><E31/><V10/><F111/><W82/><G82/><T86/><D86/><U23/><E80/><V127/><F81/><W69/><G69/><T96/><D96/><U39/><E23/><V46/><F127/><AGARI ba="2,2" hai="12,14,41,42,48,50,56,57,60,62,104,107,126,127" machi="127" ten="25,3200,0" yaku="1,1,22,2,53,0" doraHai="68" doraHaiUra="25" who="0" fromWho="2" sc="203,58,393,0,226,-38,158,0" /><INIT seed="2,0,0,1,4,24" ten="261,393,188,158" oya="2" hai0="52,131,42,55,49,99,9,35,80,91,95,87,15" hai1="122,11,76,1,100,31,0,17,60,37,34,41,28" hai2="30,5,116,106,112,45,33,56,39,36,78,10,88" hai3="111,47,127,97,63,74,121,8,90,51,102,105,101"/><V54/><F112/><W23/><G121/><T135/><D35/><U4/><E122/><V124/><F116/><W26/><G74/><T110/><D110/><U92/><E34/><V108/><F106/><W89/><G111/><T7/><D131/><U62/><E1/><V50/><F108/><W126/><G102/><T128/><D135/><U134/><E76/><V133/><F133/><W46/><G8/><T107/><D107/><U65/><E60/><V29/><F78/><W132/><G63/><T109/><D128/><U115/><E115/><V125/><F88/><N who="3" m="33899" /><G51/><T59/><D109/><U16/><E134/><V12/><F33/><W40/><G40/><T58/><D42/><U67/><E41/><N who="2" m="22695" /><F39/><W98/><G98/><T3/><D3/><U114/><E37/><V44/><F44/><W119/><G119/><T96/><REACH who="0" step="1"/><D80/><REACH who="0" ten="251,393,188,158" step="2"/><U18/><E114/><V25/><F25/><W70/><G132/><T94/><D94/><U61/><E92/><V27/><F27/><W38/><G38/><T85/><D85/><U2/><E100/><V83/><F83/><W20/><G105/><T72/><D72/><U81/><E2/><V118/><F118/><W6/><G101/><T69/><D69/><U84/><E84/><V130/><F130/><W13/><G70/><T43/><D43/><U120/><E81/><V68/><F68/><W71/><G71/><T77/><D77/><U103/><E103/><V86/><F86/><W73/><G73/><T82/><D82/><U21/><E120/><V64/><F64/><N who="1" m="24649" /><E21/><V75/><F75/><W22/><G23/><T104/><D104/><RYUUKYOKU ba="0,1" sc="251,10,393,10,188,10,158,-30" hai0="7,9,15,49,52,55,58,59,87,91,95,96,99" hai1="0,4,11,16,17,18,28,31,61,62" hai2="5,10,12,29,30,50,54,56,124,125" /><INIT seed="2,1,1,2,3,5" ten="261,403,198,128" oya="2" hai0="39,18,88,131,86,84,107,79,29,60,51,135,106" hai1="94,70,108,130,34,66,80,19,44,15,32,41,117" hai2="71,33,97,116,27,65,57,36,96,132,28,69,112" hai3="24,54,11,8,31,50,125,13,126,61,76,30,134"/><V42/><F112/><W92/><G134/><T38/><D29/><U128/><E117/><V1/><F116/><W63/><G76/><T59/><D135/><U105/><E105/><V37/><F132/><W101/><G125/><T22/><D131/><N who="1" m="50219" /><E108/><V58/><F1/><W3/><G3/><T49/><D38/><N who="1" m="21559" /><E80/><V103/><F96/><N who="3" m="59527" /><G126/><T21/><D39/><N who="2" m="14922" /><F42/><W93/><G93/><T109/><D109/><U67/><E94/><V110/><F71/><W102/><G102/><T45/><D107/><U123/><E123/><V124/><F124/><W62/><G13/><T122/><D106/><U129/><E129/><V81/><F81/><W113/><G113/><T47/><D122/><U82/><E82/><V53/><F53/><W90/><G90/><T17/><D79/><U2/><E2/><V121/><F121/><W10/><G24/><T43/><D88/><U118/><E118/><V99/><F99/><W26/><G26/><T119/><D119/><U16/><E19/><N who="0" m="7177" /><D86/><U87/><E87/><V78/><F78/><W89/><G89/><T133/><D84/><U4/><E4/><V91/><F91/><W104/><G104/><T25/><D25/><U85/><E85/><V100/><F100/><W73/><G73/><T114/><D114/><U74/><E70/><V20/><F33/><N who="1" m="12905" /><E74/><V83/><F83/><W9/><N who="3" m="2048" /><DORA hai="75" /><W98/><G98/><T68/><D68/><U72/><E72/><V46/><F110/><W56/><AGARI ba="1,1" hai="30,31,50,54,56,61,62,63" m="2048,59527" machi="56" ten="50,8000,1" yaku="8,1,52,4" doraHai="5,75" who="3" fromWho="3" sc="261,-21,403,-21,198,-41,128,93" /><INIT seed="3,0,0,1,4,100" ten="240,382,157,221" oya="3" hai0="8,95,126,123,86,62,10,134,56,105,29,81,49" hai1="67,31,96,91,17,61,34,124,32,12,53,1,33" hai2="94,70,30,102,114,128,44,115,27,107,130,69,120" hai3="133,98,60,109,41,87,16,125,121,88,47,74,24"/><W110/><G121/><T5/><D123/><U63/><E124/><V104/><F94/><W119/><G119/><T75/><D126/><U108/><E1/><V90/><F90/><W45/><G74/><T19/><D134/><U39/><E39/><V22/><F44/><W132/><G125/><T99/><D29/><U4/><E108/><N who="3" m="41578" /><G98/><T76/><D49/><U52/><E31/><V37/><F37/><N who="3" m="21679" /><G60/><T97/><D19/><U43/><E4/><V46/><F46/><W55/><G55/><T118/><D118/><U25/><E25/><V23/><F120/><W93/><G47/><T58/><D62/><U3/><E3/><V66/><F66/><W28/><G16/><T42/><D42/><U129/><E43/><V9/><F30/><W117/><G117/><T26/><D26/><U20/><E61/><V111/><F27/><W103/><G103/><N who="0" m="62703" /><D99/><U0/><E0/><V13/><F102/><W78/><G78/><T80/><D80/><U54/><E67/><V36/><F36/><W89/><G89/><N who="0" m="53687" /><D5/><U122/><E63/><V79/><F111/><W15/><G15/><T71/><D71/><U116/><E122/><V14/><F79/><W92/><G92/><T85/><D85/><U68/><E96/><V35/><F9/><AGARI ba="0,0" hai="8,9,10,56,58,75,76,81" m="53687,62703" machi="9" ten="30,2000,0" yaku="24,1,52,1" doraHai="100" who="0" fromWho="2" sc="240,20,382,0,157,-20,221,0" /><INIT seed="4,0,0,5,5,57" ten="260,382,137,221" oya="0" hai0="135,132,37,6,103,120,108,14,51,110,96,52,102" hai1="16,45,69,50,113,92,119,12,18,88,43,59,19" hai2="29,56,10,72,82,87,76,26,109,106,104,24,73" hai3="114,55,32,63,68,86,35,105,85,30,17,27,2"/><T11/><D37/><U13/><E119/><V128/><F109/><N who="0" m="42090" /><D120/><U60/><E69/><V90/><F128/><W31/><G2/><T84/><D84/><N who="1" m="52231" /><E113/><V118/><F118/><W39/><G39/><T44/><D96/><U5/><E5/><V34/><F73/><W98/><G114/><T33/><D33/><U134/><E134/><AGARI ba="0,0" hai="6,11,14,44,51,52,102,103,132,134,135" m="42090" machi="134" ten="30,5800,0" yaku="20,1,10,1,54,1" doraHai="57" who="0" fromWho="1" sc="260,58,382,-58,137,0,221,0" /><INIT seed="4,1,0,1,4,125" ten="318,324,137,221" oya="0" hai0="55,102,27,80,104,6,19,101,88,81,11,59,117" hai1="58,54,79,9,91,118,92,86,113,78,71,134,73" hai2="42,62,116,82,105,122,100,49,26,35,20,111,127" hai3="112,51,37,5,21,75,77,66,119,128,89,22,69"/><T126/><D117/><U45/><E118/><V15/><F111/><W65/><G37/><T98/><D126/><U64/><E113/><V32/><F122/><W46/><G119/><T43/><D43/><U130/><E73/><V121/><F82/><W72/><G5/><T4/><D102/><U85/><E134/><V57/><F15/><W7/><G7/><T94/><D104/><U36/><E71/><V3/><F3/><W129/><G112/><T93/><D4/><U25/><E9/><V135/><F42/><W16/><G89/><T14/><D27/><U76/><E64/><N who="3" m="24682" /><G69/><T17/><D17/><U8/><E8/><V44/><F100/><W68/><G68/><T41/><D41/><U74/><E45/><V61/><F44/><W131/><G77/><T109/><D109/><U110/><E36/><V120/><F105/><W23/><G16/><T56/><D56/><U60/><E74/><V103/><F103/><W33/><G33/><T53/><D53/><AGARI ba="1,0" hai="21,22,23,46,51,53,72,75,128,129,131" m="24682" machi="53" ten="40,8000,1" yaku="19,1,52,3" doraHai="125" who="3" fromWho="0" sc="318,-83,324,0,137,0,221,83" /><INIT seed="5,0,0,5,0,29" ten="235,324,137,304" oya="1" hai0="50,76,42,53,103,69,108,16,79,118,72,82,4" hai1="30,68,59,18,126,49,0,109,89,34,73,74,132" hai2="15,48,117,12,88,60,129,81,78,99,22,116,92" hai3="38,57,13,24,46,8,114,14,86,67,21,112,37"/><U95/><E68/><V31/><F129/><W115/><G86/><T11/><D108/><U19/><E109/><V90/><F90/><W7/><G46/><T133/><D118/><U28/><E0/><V52/><F60/><N who="3" m="38287" /><G13/><T66/><D133/><U43/><E126/><V20/><F20/><W2/><G2/><T61/><D103/><U71/><E34/><V26/><F116/><W44/><G44/><T91/><D42/><U62/><E71/><V110/><F110/><W39/><G39/><T97/><D79/><U98/><E74/><V23/><F23/><W93/><G93/><T124/><D124/><U87/><E98/><V45/><REACH who="2" step="1"/><F117/><REACH who="2" ten="235,324,127,304" step="2"/><W17/><AGARI ba="0,1" hai="7,8,14,17,21,24,37,38,112,114,115" m="38287" machi="17" ten="30,1100,0" yaku="15,1" doraHai="29" who="3" fromWho="3" sc="235,-3,324,-5,127,-3,304,21" /><INIT seed="6,0,0,0,5,81" ten="232,319,124,325" oya="2" hai0="63,73,125,59,78,7,93,12,101,5,129,33,10" hai1="103,32,67,40,95,123,18,124,98,42,115,76,127" hai2="56,0,118,4,41,89,97,82,27,50,84,105,57" hai3="45,24,86,1,107,38,43,52,51,60,64,53,133"/><V87/><F118/><W23/><G107/><T104/><D33/><U39/><E123/><V25/><F57/><W108/><G108/><T110/><D110/><U3/><E32/><V6/><F97/><W61/><G1/><T30/><D30/><U99/><E3/><V85/><F105/><W22/><G133/><T114/><D114/><U102/><E39/><V44/><F0/><W54/><G38/><T72/><D125/><N who="1" m="48203" /><E115/><V83/><F56/><N who="3" m="36871" /><G61/><T17/><D129/><U126/><E67/><V55/><F41/><N who="1" m="15977" /><E76/><N who="2" m="46151" /><F87/><W132/><G132/><T28/><D28/><U80/><E80/><V19/><F19/><N who="3" m="12383" /><G23/><T14/><D104/><N who="1" m="63575" /><E126/><V65/><F65/><W70/><G70/><T16/><D78/><U36/><E18/><V74/><F74/><W135/><G135/><T31/><D31/><U62/><E62/><V9/><F9/><W79/><G79/><T117/><D73/><U29/><E29/><V106/><F106/><W111/><G111/><T15/><D72/><U21/><E21/><V128/><F128/><W71/><G71/><T121/><D117/><U109/><E36/><V77/><F77/><W2/><G2/><T90/><D121/><U49/><E49/><V47/><F47/><W122/><G122/><T112/><D112/><U116/><E109/><V34/><F34/><W58/><G58/><T66/><D101/><U26/><E26/><AGARI ba="0,0" hai="4,6,25,26,27,44,50,55,83,85,89" m="46151" machi="26" ten="30,5800,0" yaku="8,1,52,2" doraHai="81" who="2" fromWho="1" sc="232,0,319,-58,124,58,325,0" /><INIT seed="6,1,0,1,3,62" ten="232,261,182,325" oya="2" hai0="72,45,104,67,37,101,91,54,105,34,24,122,121" hai1="39,61,129,9,44,12,25,56,110,133,46,15,113" hai2="8,76,74,20,84,112,109,135,59,60,75,73,17" hai3="13,77,78,111,35,100,71,43,49,1,99,116,96"/><V94/><F112/><W108/><G1/><T19/><D72/><U29/><E113/><V58/><F135/><W5/><G35/><T33/><D91/><U52/><E110/><V128/><F128/><W107/><G116/><T106/><D101/><U131/><E39/><V63/><F109/><W120/><G71/><T10/><D54/><U95/><E95/><V30/><F8/><W87/><G120/><T4/><D19/><N who="1" m="8591" /><E15/><V70/><F30/><W126/><G99/><T132/><D132/><U26/><E133/><V130/><F130/><N who="1" m="49673" /><E26/><V18/><F18/><W114/><G114/><T115/><D115/><U64/><E64/><V103/><F103/><W118/><G118/><T98/><D98/><U81/><E81/><V42/><F42/><W27/><G27/><T123/><D24/><U134/><E134/><V40/><F40/><W28/><G28/><T16/><D67/><U92/><E92/><V69/><F17/><W65/><G65/><T31/><D31/><U89/><E89/><N who="2" m="53543" /><F20/><AGARI ba="1,0" hai="20,25,29,44,46,52,56,61" m="49673,8591" machi="20" ten="30,2000,0" yaku="19,1,54,1" doraHai="62" who="1" fromWho="2" sc="232,0,261,23,182,-23,325,0" /><INIT seed="7,0,0,1,2,89" ten="232,284,159,325" oya="3" hai0="118,4,53,65,116,30,25,111,56,92,48,108,110" hai1="96,99,51,34,130,123,67,107,24,91,104,43,75" hai2="88,40,66,69,80,70,124,1,33,135,54,81,114" hai3="12,45,100,115,27,109,46,131,132,113,9,127,10"/><W22/><G131/><T128/><D4/><U120/><E75/><V49/><F33/><W13/><G127/><T61/><D128/><U6/><E6/><V112/><F1/><W134/><G100/><T73/><D73/><U39/><E67/><V129/><F81/><W18/><G109/><T82/><D82/><U3/><E39/><V11/><F129/><W32/><G32/><T84/><D84/><U42/><E3/><V38/><F11/><N who="3" m="4107" /><G45/><T15/><D15/><N who="3" m="5705" /><G46/><T19/><D19/><U17/><E130/><V106/><F106/><W5/><G5/><T93/><D118/><U23/><E34/><V77/><F88/><W62/><G62/><T21/><REACH who="0" step="1"/><D116/><REACH who="0" ten="222,284,159,325" step="2"/><U59/><E120/><V105/><F80/><W47/><G47/><AGARI ba="0,1" hai="21,25,30,47,48,53,56,61,65,92,93,108,110,111" machi="47" ten="40,8000,1" yaku="1,1,2,1,52,2,53,0" doraHai="89" doraHaiUra="101" who="0" fromWho="3" sc="222,90,284,0,159,0,325,-80" owari="312,41.2,284,8.4,159,-34.1,245,-15.5" /></mjloggm>