<mjloggm ver="2.3"><GO type="169" lobby="0"/><UN n0="%E7%9C%9F%E9%BE%8D%E5%85%84%E8%B2%B4" n1="%E3%81%A6%E3%82%93%E3%81%8F%E3%81%86" n2="%E5%A4%A7%E6%A5%A0%E5%85%AC" n3="%E4%BF%8A%E6%96%87%E9%BE%8D" dan="16,16,16,16" rate="2067.04,2182.18,2137.16,2121.39" sx="M,M,M,F"/><TAIKYOKU oya="0"/><INIT seed="0,0,0,5,2,29" ten="250,250,250,250" oya="0" hai0="90,19,106,8,51,94,67,92,131,37,22,119,45" hai1="111,23,14,73,27,78,39,56,91,48,3,69,66" hai2="87,41,95,96,112,114,75,97,40,86,70,50,120" hai3="43,57,121,68,88,4,108,49,100,134,63,52,130"/><T58/><D119/><U115/><E39/><V64/><F75/><W103/><G108/><T61/><D131/><U104/><E3/><V118/><F118/><W46/><G130/><T0/><D106/><U54/><E104/><V76/><F120/><W38/><G121/><T33/><D37/><U135/><E111/><V11/><F11/><W128/><G128/><T132/><D132/><U6/><E135/><V21/><F21/><W24/><G134/><T110/><D110/><U15/><E6/><V13/><F13/><W77/><G77/><T20/><D33/><U32/><E69/><V2/><F2/><W107/><G107/><T123/><D123/><U125/><E66/><V133/><F133/><W102/><G4/><T71/><D71/><U124/><E91/><V113/><F76/><W30/><G88/><T122/><D122/><U34/><E34/><V117/><F117/><W84/><G84/><T65/><D65/><U16/><E32/><V18/><F18/><W7/><G7/><T93/><D0/><U47/><E115/><V10/><F10/><W82/><G82/><T12/><REACH who="0" step="1"/><D90/><REACH who="0" ten="240,250,250,250" step="2"/><U79/><E125/><V5/><F64/><N who="3" m="40991" /><G103/><T116/><D116/><U28/><E124/><V9/><F70/><W129/><G129/><T36/><D36/><U81/><E73/><V1/><F112/><W53/><G53/><AGARI ba="0,1" hai="8,12,19,20,22,45,51,53,58,61,67,92,93,94" machi="53" ten="40,3900,0" yaku="1,1,8,1,53,0" doraHai="29" doraHaiUra="98" who="0" fromWho="3" sc="240,49,250,0,250,0,250,-39" /><INIT seed="0,1,0,4,5,114" ten="289,250,250,211" oya="0" hai0="126,88,66,123,7,25,12,121,41,132,29,34,70" hai1="82,72,109,57,38,28,98,91,48,116,42,76,3" hai2="90,92,93,62,118,135,89,13,122,58,73,65,75" hai3="43,52,8,113,130,15,56,6,134,51,10,80,24"/><T128/><D126/><U45/><E109/><V69/><F122/><W94/><G113/><T71/><D128/><U67/><E28/><V119/><F135/><W131/><G134/><T27/><D132/><U120/><E120/><V35/><F35/><W14/><G80/><T26/><D26/><U17/><E17/><V95/><F69/><W85/><G24/><T105/><D41/><U21/><E21/><V9/><F75/><W110/><G110/><T37/><D37/><U1/><E1/><V129/><F73/><W0/><G43/><T78/><D78/><U79/><E79/><V101/><F101/><W19/><G0/><T54/><D54/><U103/><E91/><V87/><F129/><W33/><G33/><T11/><D27/><U61/><E3/><V133/><F133/><W84/><G130/><T112/><D112/><U59/><E116/><N who="2" m="44587" /><F87/><W4/><G131/><T36/><D71/><U18/><E18/><AGARI ba="1,0" hai="9,13,18,58,62,65,89,90,92,93,95" m="44587" machi="18" ten="30,7700,0" yaku="12,1,52,3" doraHai="114" who="2" fromWho="1" sc="289,0,250,-80,250,80,211,0" /><INIT seed="1,0,0,5,1,1" ten="289,170,330,211" oya="1" hai0="99,59,34,41,52,69,46,50,76,132,5,70,58" hai1="88,53,27,108,17,2,87,13,72,66,104,11,38" hai2="103,91,112,0,29,98,74,110,134,16,86,128,4" hai3="77,125,96,28,130,89,40,18,107,63,114,131,79"/><U75/><E38/><V42/><F74/><W64/><G114/><T73/><D34/><U24/><E104/><V129/><F112/><W118/><G28/><T3/><D132/><U94/><E108/><V82/><F134/><W81/><G40/><T92/><D59/><U25/><E66/><V39/><F110/><W135/><G135/><T23/><D23/><U57/><REACH who="1" step="1"/><E2/><REACH who="1" ten="289,160,330,211" step="2"/><V43/><F39/><W122/><G107/><T12/><D3/><U55/><E55/><V101/><F43/><W117/><G122/><T22/><D41/><U44/><E44/><V124/><F42/><W9/><G118/><T45/><D45/><U19/><E19/><V35/><F16/><W113/><G117/><T127/><D46/><U123/><E123/><V119/><F119/><W83/><G113/><T7/><D69/><U105/><E105/><V93/><F124/><W6/><G125/><T106/><D70/><U65/><E65/><V47/><F47/><W78/><G18/><N who="0" m="10567" /><D106/><U115/><E115/><V97/><F0/><W15/><G131/><T20/><D127/><U126/><E126/><V90/><F128/><W10/><G130/><T71/><D71/><U33/><E33/><V84/><F129/><W31/><G31/><T37/><D37/><U36/><E36/><V48/><F29/><W102/><G64/><T95/><D52/><U121/><E121/><V85/><F35/><W68/><G68/><T120/><D120/><U111/><E111/><V67/><F67/><W109/><G109/><T116/><D116/><U61/><AGARI ba="0,1" hai="11,13,17,24,25,27,53,57,61,72,75,87,88,94" machi="61" ten="30,18000,2" yaku="1,1,0,1,54,1,53,3" doraHai="1" doraHaiUra="21" who="1" fromWho="1" sc="289,-60,160,190,330,-60,211,-60" /><INIT seed="1,1,0,1,0,21" ten="229,350,270,151" oya="1" hai0="113,86,3,34,108,124,22,31,7,57,94,25,49" hai1="5,105,84,90,130,81,58,20,39,50,122,19,128" hai2="77,125,12,69,102,56,68,127,98,42,23,24,30" hai3="115,54,129,35,92,133,61,87,52,101,60,91,40"/><U37/><E105/><V2/><F2/><W14/><G115/><T96/><D113/><U121/><E5/><V65/><F77/><W47/><G35/><T88/><D108/><U74/><E74/><V41/><F12/><W70/><G129/><N who="1" m="49770" /><E50/><V73/><F73/><W38/><G133/><T71/><D71/><U59/><E58/><V72/><F72/><W26/><G14/><T32/><D124/><N who="2" m="47690" /><F56/><W55/><G70/><N who="2" m="27241" /><F65/><W75/><G75/><T117/><D7/><U79/><E59/><V36/><F36/><N who="1" m="13897" /><E79/><V82/><F82/><W135/><G135/><T85/><D3/><U80/><E80/><V132/><F132/><W114/><G114/><T16/><D34/><U46/><E46/><V9/><F9/><W53/><N who="3" m="13312" /><DORA hai="89" /><W11/><G11/><T67/><D49/><U95/><E81/><V118/><F118/><W76/><G76/><T93/><D117/><U17/><E17/><V62/><F62/><W123/><G123/><T83/><D83/><U28/><E28/><V110/><F110/><W104/><REACH who="3" step="1"/><G26/><AGARI ba="1,0" hai="19,20,26,84,90,95,121,122" m="13897,49770" machi="26" ten="30,5800,0" yaku="19,1,52,2" doraHai="21,89" who="1" fromWho="3" sc="229,0,350,61,270,0,151,-61" /><INIT seed="1,2,0,1,1,63" ten="229,411,270,90" oya="1" hai0="122,61,38,59,22,98,129,58,108,66,45,1,34" hai1="79,53,91,7,76,27,89,47,71,101,103,33,81" hai2="102,78,23,95,127,4,82,120,62,26,114,13,97" hai3="15,133,41,2,126,77,96,128,121,17,75,28,107"/><U32/><E7/><V36/><F120/><W113/><G2/><T31/><D1/><U115/><E71/><V49/><F36/><W60/><G121/><T88/><D34/><U52/><E81/><V43/><F127/><W99/><G126/><T42/><D122/><U68/><E68/><V37/><F37/><W46/><G113/><T105/><D108/><U8/><E27/><V117/><F117/><W111/><G111/><T92/><D105/><U24/><E24/><V6/><F114/><W54/><G28/><T70/><D129/><U48/><E115/><V20/><F62/><W57/><G133/><T116/><D116/><U130/><E48/><V131/><F131/><W87/><G75/><T84/><D31/><U50/><E50/><V40/><F40/><W85/><G107/><T12/><D22/><U72/><E130/><V44/><F26/><W100/><G128/><T119/><D119/><U94/><E8/><V134/><F134/><W65/><G54/><T9/><REACH who="0" step="1"/><D84/><REACH who="0" ten="219,411,270,90" step="2"/><U93/><REACH who="1" step="1"/><E72/><REACH who="1" ten="219,401,270,90" step="2"/><V29/><F29/><W10/><G77/><T67/><D67/><U18/><E18/><AGARI ba="2,2" hai="9,12,18,38,42,45,58,59,61,66,70,88,92,98" machi="18" ten="30,7700,0" yaku="1,1,7,1,52,1,54,1,53,0" doraHai="63" doraHaiUra="112" who="0" fromWho="1" sc="219,103,401,-83,270,0,90,0" /><INIT seed="2,0,0,4,0,129" ten="322,318,270,90" oya="2" hai0="54,97,65,0,131,101,110,35,49,13,69,93,28" hai1="43,94,92,89,107,117,111,12,116,83,90,23,19" hai2="40,106,9,82,62,72,135,32,21,41,126,113,31" hai3="34,15,98,1,77,114,66,6,127,4,121,16,122"/><V102/><F113/><W118/><G114/><T96/><D0/><U30/><E111/><V99/><F126/><W56/><G118/><T71/><D110/><U27/><E107/><V52/><F32/><W112/><G112/><T24/><D131/><U73/><E43/><V133/><F9/><W58/><G127/><T75/><D75/><U26/><E26/><V53/><F31/><W128/><G128/><T78/><D78/><U95/><E90/><V132/><F21/><W115/><G115/><T10/><D65/><U70/><E70/><V134/><N who="2" m="33792" /><DORA hai="123" /><V91/><F91/><W86/><G77/><T2/><D96/><U22/><E73/><V57/><F53/><W46/><G86/><T50/><D2/><U25/><E25/><V125/><F125/><W33/><G98/><T105/><D105/><U76/><E76/><AGARI ba="0,0" hai="40,41,52,57,62,72,76,82,99,102,106" m="33792" machi="76" ten="70,18000,2" yaku="20,1,52,4,54,1" doraHai="129,123" who="2" fromWho="1" sc="322,0,318,-180,270,180,90,0" /><INIT seed="2,1,0,5,1,10" ten="322,138,450,90" oya="2" hai0="105,64,85,84,116,60,56,32,65,71,102,2,91" hai1="40,57,24,96,118,3,124,77,89,69,47,53,49" hai2="48,26,8,109,16,74,93,20,106,43,110,72,18" hai3="7,13,66,35,29,79,34,23,112,25,98,75,123"/><V27/><F106/><W108/><G123/><T82/><D2/><U17/><E124/><V38/><F38/><W67/><G108/><N who="2" m="41577" /><F93/><W132/><G132/><T54/><D116/><U42/><E118/><V44/><F8/><W78/><G112/><T80/><D32/><U115/><E115/><V28/><F18/><W100/><G34/><AGARI ba="1,0" hai="16,20,26,27,28,34,43,44,48,72,74" m="41577" machi="34" ten="30,5800,0" yaku="14,1,10,1,54,1" doraHai="10" who="2" fromWho="3" sc="322,0,138,0,450,61,90,-61" /><INIT seed="2,2,0,4,5,87" ten="322,138,511,29" oya="2" hai0="29,100,13,59,78,124,2,130,98,60,132,19,86" hai1="27,129,101,110,44,105,15,39,53,46,109,89,116" hai2="77,125,28,34,120,31,74,113,102,35,56,126,84" hai3="91,103,8,49,5,42,62,43,80,32,23,6,55"/><V68/><F68/><W54/><G32/><T135/><D2/><U52/><E116/><V18/><F120/><W70/><G103/><T94/><D124/><N who="2" m="47722" /><F74/><W104/><G104/><T3/><D3/><U117/><E117/><V50/><F113/><W12/><G70/><T57/><D29/><N who="2" m="11338" /><F102/><W128/><G62/><T21/><D130/><U106/><E101/><V63/><F50/><W1/><G128/><T26/><D26/><U121/><E39/><V40/><F40/><W25/><G55/><T133/><D60/><U47/><E129/><V75/><F75/><W61/><G5/><T90/><REACH who="0" step="1"/><D78/><REACH who="0" ten="312,138,511,29" step="2"/><U67/><E121/><V95/><F77/><W10/><G61/><T48/><D48/><U11/><E27/><V14/><F34/><W24/><G24/><T119/><D119/><U79/><E79/><V123/><F35/><W88/><G25/><T38/><D38/><U134/><E110/><V85/><F123/><W122/><G122/><T73/><D73/><U58/><E109/><V0/><F0/><W20/><G1/><T97/><D97/><U83/><E105/><AGARI ba="2,1" hai="13,19,21,57,59,86,90,94,98,100,105,132,133,135" machi="105" ten="40,5200,0" yaku="1,1,20,1,52,1,53,0" doraHai="87" doraHaiUra="112" who="0" fromWho="1" sc="312,68,138,-58,511,0,29,0" /><INIT seed="3,0,0,4,0,17" ten="380,80,511,29" oya="3" hai0="47,39,33,36,28,14,21,86,135,57,133,111,60" hai1="109,95,112,105,66,104,100,31,48,45,102,10,20" hai2="63,81,83,40,97,113,119,126,43,24,71,125,72" hai3="26,88,64,42,59,79,123,98,35,49,6,23,22"/><W92/><G123/><T130/><D111/><U117/><E112/><V18/><F113/><W121/><G121/><T58/><D130/><U84/><E109/><V94/><F119/><W46/><G35/><T50/><D33/><U51/><E66/><V110/><F110/><W82/><G26/><N who="0" m="16463" /><D14/><U54/><E10/><V53/><F72/><W44/><G6/><T78/><D86/><U74/><E74/><V107/><F107/><W13/><G13/><T70/><D78/><U85/><E104/><V67/><F53/><W52/><G64/><T103/><D103/><U27/><E105/><V96/><F96/><W120/><G120/><T101/><D101/><U5/><E5/><V12/><F24/><W91/><G91/><T132/><D70/><U3/><E3/><V37/><F81/><W124/><G124/><N who="2" m="47721" /><F83/><W61/><G44/><T32/><D32/><U38/><E38/><N who="0" m="14377" /><D60/><U116/><E100/><N who="2" m="60471" /><F37/><W9/><G9/><AGARI ba="0,0" hai="9,12,18,40,43,63,67,71" m="60471,47721" machi="9" ten="30,1000,0" yaku="18,1" doraHai="17" who="2" fromWho="3" sc="380,0,80,0,511,10,29,-10" /><INIT seed="4,0,0,0,2,13" ten="380,80,521,19" oya="0" hai0="98,29,122,108,134,109,71,12,6,23,11,124,70" hai1="60,20,33,117,15,93,76,81,49,77,61,118,125" hai2="90,119,10,72,104,107,57,52,4,86,80,69,45" hai3="65,44,111,34,16,46,68,9,41,110,64,97,50"/><T66/><D122/><U113/><E33/><V53/><F69/><W87/><G34/><T133/><D98/><U19/><E125/><V112/><F112/><W8/><G68/><T2/><D66/><U100/><E76/><V91/><F119/><W26/><G110/><N who="0" m="42603" /><D70/><U40/><E113/><V25/><F72/><W73/><G73/><T89/><D89/><U88/><E100/><V42/><F25/><W32/><G32/><T7/><D71/><U36/><E36/><V84/><F104/><W21/><G111/><T101/><D101/><U106/><E106/><V130/><F107/><W115/><G115/><T92/><D92/><U56/><E93/><V51/><F130/><W24/><G97/><T30/><D124/><U126/><E77/><V116/><F116/><W131/><G131/><T0/><D7/><U129/><E129/><V47/><F47/><W54/><G87/><T28/><D23/><U127/><E20/><V39/><F53/><W63/><G26/><T79/><D79/><U31/><E118/><V96/><F96/><W17/><G17/><T38/><D38/><U94/><E19/><V132/><F91/><W62/><G64/><T43/><D43/><U59/><E40/><V22/><F42/><W114/><G114/><T121/><D121/><U103/><E127/><V85/><F39/><W75/><G75/><T82/><D82/><U135/><E81/><V78/><F80/><W1/><G1/><T48/><D48/><U95/><E49/><V55/><F51/><N who="3" m="29031" /><G65/><T5/><D5/><U3/><E126/><V123/><F4/><W105/><G105/><RYUUKYOKU ba="0,0" sc="380,15,80,-15,521,-15,19,15" hai0="0,2,6,11,12,28,29,30,133,134" hai3="8,9,16,21,24,41,46,50,62,63" /><INIT seed="4,1,0,2,1,130" ten="395,65,506,34" oya="0" hai0="131,65,28,102,17,39,98,133,101,36,97,51,19" hai1="78,38,119,43,50,53,81,55,60,2,134,31,89" hai2="127,46,9,80,114,4,84,87,27,123,42,110,18" hai3="40,57,100,62,11,52,103,33,90,77,115,73,111"/><T54/><D131/><U92/><E2/><V70/><F70/><W126/><G111/><T7/><D28/><U125/><E119/><V104/><F104/><W48/><G33/><T96/><D7/><U88/><E38/><V85/><F110/><W67/><G126/><T91/><D91/><U21/><E43/><V14/><F123/><W49/><G73/><T83/><D83/><U124/><E60/><V3/><F114/><W34/><G77/><T99/><D65/><U86/><E55/><V120/><F127/><N who="1" m="48713" /><E134/><V15/><F120/><W10/><G34/><T20/><D133/><U45/><E92/><V5/><F27/><AGARI ba="1,0" hai="21,27,31,45,50,53,78,81,86,88,89" m="48713" machi="27" ten="30,2000,0" yaku="18,1,54,1" doraHai="130" who="1" fromWho="2" sc="395,0,65,23,506,-23,34,0" /><INIT seed="5,0,0,2,0,57" ten="395,88,483,34" oya="1" hai0="107,19,23,4,98,44,27,83,122,54,55,115,16" hai1="14,59,116,3,41,93,128,92,21,18,17,58,76" hai2="130,11,9,7,22,53,13,1,47,32,63,48,62" hai3="46,102,84,8,50,126,20,133,24,52,49,74,121"/><U111/><E116/><V123/><F32/><W103/><G74/><T80/><D115/><U78/><E3/><V95/><F123/><W113/><G121/><T73/><D122/><U66/><E41/><V87/><F130/><W125/><G113/><T5/><D107/><U2/><E2/><V110/><F22/><W38/><G38/><T39/><D39/><U104/><E104/><V129/><F129/><W119/><G119/><T15/><D98/><U71/><E128/><V34/><F34/><W96/><G8/><T61/><D73/><U36/><E36/><V109/><F110/><W25/><G133/><T81/><D44/><U79/><E71/><V75/><F75/><W90/><G49/><T91/><D91/><U127/><E127/><N who="3" m="48650" /><G96/><T94/><D94/><N who="1" m="36459" /><E111/><V70/><F70/><W65/><G65/><T37/><D37/><U60/><E58/><V35/><F35/><W28/><G24/><T135/><D135/><U29/><E29/><V101/><F109/><W124/><N who="3" m="48658" /><W89/><DORA hai="112" /><G84/><T51/><D51/><U12/><E18/><V132/><F132/><W77/><G77/><T72/><D72/><U69/><E69/><V26/><F26/><AGARI ba="0,0" hai="12,14,17,21,26,59,60,66,76,78,79" m="36459" machi="26" ten="30,2900,0" yaku="8,1,52,1" doraHai="57,112" who="1" fromWho="2" sc="395,0,88,29,483,-29,34,0" /><INIT seed="5,1,0,2,4,51" ten="395,117,454,34" oya="1" hai0="102,121,41,86,16,89,19,97,91,1,40,31,21" hai1="22,116,79,120,95,126,4,84,73,123,66,28,111" hai2="124,134,23,20,67,45,30,26,33,114,133,58,80" hai3="17,6,37,35,10,109,52,25,32,88,119,127,104"/><U107/><E116/><V77/><F124/><W69/><G119/><T8/><D121/><U34/><E34/><V90/><F114/><W106/><G69/><T132/><D132/><N who="2" m="50794" /><F90/><W62/><G127/><T128/><D128/><U122/><E126/><V11/><F11/><W39/><G109/><T9/><D31/><U72/><E107/><V101/><F101/><W115/><G35/><T75/><D75/><U83/><E66/><V131/><F131/><W94/><G115/><T49/><D1/><U81/><E4/><V64/><F45/><W108/><G108/><T113/><D113/><U36/><E36/><V2/><F2/><W99/><G106/><T129/><D129/><U60/><E111/><V130/><F130/><W47/><G104/><T57/><D102/><U3/><E3/><V29/><F29/><W125/><G125/><T53/><D97/><U24/><E95/><V92/><F92/><W71/><G71/><T44/><D19/><U96/><E96/><V61/><F67/><W50/><G62/><T12/><D89/><U103/><E60/><V55/><F64/><W38/><G32/><T46/><D46/><U110/><E103/><V43/><F43/><N who="0" m="16458" /><D44/><U82/><E110/><V87/><AGARI ba="1,0" hai="20,23,26,30,33,55,58,61,77,80,87" m="50794" machi="87" ten="30,2000,0" yaku="20,1,52,1" doraHai="51" who="2" fromWho="2" sc="395,-6,117,-11,454,23,34,-6" /><INIT seed="6,0,0,4,5,112" ten="389,106,477,28" oya="2" hai0="6,19,58,26,23,7,18,9,65,88,130,36,41" hai1="24,14,40,106,69,116,47,45,114,92,54,107,15" hai2="17,43,128,52,38,2,44,117,53,118,77,48,121" hai3="111,4,55,99,67,76,78,20,129,81,97,87,29"/><V123/><F2/><W119/><G111/><T122/><D122/><N who="2" m="46602" /><F77/><W109/><G109/><T115/><D115/><U95/><E114/><V71/><F17/><W82/><G67/><T86/><D130/><U51/><E24/><V133/><F128/><W42/><G129/><T108/><D108/><U72/><E72/><V104/><F104/><W101/><G42/><T100/><D100/><U35/><E40/><V37/><F133/><W131/><G131/><T113/><D113/><U66/><E66/><V60/><F71/><W31/><G4/><T110/><D110/><U98/><E69/><V62/><F62/><W1/><G1/><T61/><D41/><U83/><E106/><V50/><F60/><W74/><G119/><N who="2" m="45577" /><F53/><W39/><G39/><T103/><D36/><U28/><E54/><V73/><F73/><W134/><G134/><T49/><D49/><U132/><E51/><V124/><F124/><W46/><G101/><T96/><D19/><U16/><E16/><V80/><F80/><W89/><G78/><T22/><D9/><U25/><E83/><V68/><F68/><W127/><G127/><T30/><D103/><U56/><E107/><V57/><AGARI ba="0,0" hai="37,38,43,44,48,50,52,57" m="45577,46602" machi="57" ten="30,18000,2" yaku="34,2,52,3,54,1" doraHai="112" who="2" fromWho="2" sc="389,-60,106,-60,477,180,28,-60" owari="329,12.9,46,-35.4,657,75.7,-32,-53.2" /></mjloggm>