<mjloggm ver="2.3"><GO type="169" lobby="0"/><UN n0="%E3%81%93%E3%81%AB" n1="%E5%A4%8F%E3%81%AA%E3%81%AE%E3%81%AB" n2="%E3%83%AD%E3%83%AD%E3%82%93" n3="%E4%BA%BA%E5%8F%82%E5%BD%B9%E8%80%85%E3%81%8F%E3%82%93" dan="16,16,16,17" rate="2156.50,2104.29,2127.00,2145.94" sx="M,M,M,M"/><TAIKYOKU oya="0"/><INIT seed="0,0,0,4,0,87" ten="250,250,250,250" oya="0" hai0="78,84,57,86,77,112,69,54,126,122,96,127,82" hai1="116,34,27,11,50,128,94,98,4,83,129,10,101" hai2="20,65,95,18,35,58,22,44,93,16,105,121,51" hai3="66,61,100,48,133,42,118,39,81,91,8,72,26"/><T33/><D112/><U47/><E116/><V31/><F105/><W125/><G118/><T12/><D69/><U1/><E11/><V88/><F35/><W29/><G133/><T13/><D33/><U109/><E109/><V120/><F31/><W70/><G125/><N who="0" m="47627" /><D122/><U7/><E7/><V52/><F121/><W80/><G100/><T45/><D45/><U6/><E6/><V124/><F95/><W76/><G39/><T71/><D71/><U68/><E68/><V17/><F124/><W25/><G8/><T106/><D86/><U90/><E27/><V21/><F120/><W115/><G115/><T67/><D67/><U49/><E34/><V43/><F65/><W102/><G102/><N who="0" m="62791" /><D78/><U134/><E134/><V103/><F103/><W38/><G38/><T111/><D111/><U130/><E47/><V53/><F58/><W32/><G72/><T97/><D97/><AGARI ba="0,0" hai="16,17,18,20,21,22,43,44,51,52,53,88,93,97" machi="97" ten="40,8000,1" yaku="8,1,52,1,54,3" doraHai="87" who="2" fromWho="0" sc="250,-80,250,0,250,80,250,0" /><INIT seed="1,0,0,5,2,108" ten="170,250,330,250" oya="1" hai0="91,61,101,49,53,81,46,85,115,18,83,88,79" hai1="80,68,27,134,17,30,31,90,35,33,132,124,114" hai2="103,37,39,121,22,38,25,119,2,20,14,57,125" hai3="41,98,102,128,24,36,65,130,15,71,21,1,47"/><U9/><E68/><V60/><F2/><W92/><G1/><T116/><D116/><U72/><E72/><V99/><F119/><W78/><G78/><T3/><D3/><U16/><E80/><V84/><F84/><W44/><G15/><T120/><D120/><U118/><E90/><V126/><F121/><W87/><G47/><T55/><D115/><U66/><E66/><V29/><F14/><W13/><G13/><T123/><D123/><U75/><E75/><V69/><F20/><W70/><G87/><T113/><D113/><U19/><E118/><V52/><REACH who="2" step="1"/><F69/><REACH who="2" ten="170,250,320,250" step="2"/><W58/><G71/><T40/><D85/><U0/><E114/><V34/><F34/><W117/><G70/><T131/><D79/><U12/><E0/><V110/><F110/><W106/><G117/><T129/><D83/><U63/><E124/><V51/><F51/><W5/><G5/><T64/><D81/><U62/><E62/><V96/><F96/><W59/><G21/><T74/><D61/><U42/><E63/><V97/><F97/><W23/><G23/><T8/><D49/><U26/><REACH who="1" step="1"/><E42/><REACH who="1" ten="170,240,320,250" step="2"/><V133/><F133/><AGARI ba="0,2" hai="9,12,16,17,19,26,27,30,31,33,35,132,133,134" machi="133" ten="40,24000,3" yaku="1,1,2,1,9,1,20,1,34,3,54,1,53,0" doraHai="108" doraHaiUra="135" who="1" fromWho="2" sc="170,0,240,260,320,-240,250,0" /><INIT seed="1,1,0,4,4,52" ten="170,500,80,250" oya="1" hai0="21,128,96,14,85,93,115,31,49,11,82,57,72" hai1="45,86,42,27,64,79,24,80,7,36,126,119,41" hai2="122,6,12,63,5,40,83,98,0,65,50,67,117" hai3="30,44,110,84,17,71,3,94,134,68,88,59,101"/><U78/><E119/><V135/><F135/><W124/><G3/><T99/><D115/><U43/><E126/><V26/><F117/><W114/><G114/><T4/><D72/><U105/><E105/><V77/><F122/><W46/><G110/><T76/><D128/><U62/><E79/><V109/><F109/><W131/><G30/><T32/><D32/><U73/><E86/><V81/><F0/><W106/><G124/><T33/><D33/><U111/><E111/><V102/><F26/><W15/><G131/><T13/><D31/><U38/><E7/><V75/><F83/><W92/><G106/><T89/><D99/><U91/><E91/><V74/><F67/><W61/><G68/><T51/><D21/><U133/><E133/><V19/><F75/><W69/><G71/><T55/><REACH who="0" step="1"/><D14/><REACH who="0" ten="160,500,80,250" step="2"/><U100/><E73/><V113/><F113/><W18/><G15/><T8/><D8/><U95/><E27/><V132/><F132/><W121/><G134/><T129/><D129/><U90/><E24/><V37/><F37/><W60/><G121/><T123/><D123/><U107/><E36/><V9/><F50/><AGARI ba="1,1" hai="4,11,13,49,50,51,55,57,76,82,85,89,93,96" machi="50" ten="30,7700,0" yaku="1,1,7,1,8,1,52,1,53,0" doraHai="52" doraHaiUra="116" who="0" fromWho="2" sc="160,90,500,0,80,-80,250,0" /><INIT seed="2,0,0,4,5,68" ten="250,500,0,250" oya="2" hai0="12,42,135,52,120,83,43,129,126,56,93,112,7" hai1="10,40,79,101,65,0,27,80,99,62,132,6,11" hai2="59,74,116,64,13,22,15,8,55,94,37,51,104" hai3="81,95,21,131,77,123,16,73,86,25,98,39,89"/><V45/><F104/><W14/><G131/><T124/><D112/><U35/><E132/><V108/><F74/><W109/><G109/><T115/><D115/><U2/><E40/><N who="0" m="15401" /><D120/><U60/><E35/><V87/><F116/><W130/><G130/><T28/><D129/><U30/><E30/><V4/><F37/><W110/><G110/><T58/><D135/><U54/><E27/><V3/><F3/><W23/><G123/><T70/><D70/><U113/><E54/><V111/><F111/><W29/><REACH who="3" step="1"/><G39/><REACH who="3" ten="250,500,0,240" step="2"/><T96/><D28/><U50/><E113/><V71/><F71/><W49/><G49/><N who="0" m="30735" /><D126/><U67/><E50/><V92/><F108/><W85/><AGARI ba="0,1" hai="14,16,21,23,25,29,73,77,81,85,86,89,95,98" machi="85" ten="30,4000,0" yaku="1,1,0,1,54,1,53,0" doraHai="68" doraHaiUra="117" who="3" fromWho="3" sc="250,-10,500,-10,0,-20,240,50" owari="240,-16.0,490,59.0,-20,-52.0,290,9.0" /></mjloggm>