<mjloggm ver="2.3"><GO type="225" lobby="0"/><UN n0="%E3%81%BF%E3%81%BF%E3%81%9A" n1="%70%6E%64%73%6E%67" n2="%E6%98%93%E5%88%A9%E8%96%A9%E4%BC%AF" n3="%E3%83%96%E3%83%83%E3%83%91%E3%82%AA%E3%83%96%E3%83%81%E3%82%AD%E3%83%B3" dan="17,16,17,16" rate="2254.32,2106.38,2191.25,2142.29" sx="M,M,F,M"/><TAIKYOKU oya="0"/><INIT seed="0,0,0,4,2,33" ten="250,250,250,250" oya="0" hai0="134,32,129,51,11,105,128,52,20,88,13,106,79" hai1="69,125,29,103,67,111,68,127,54,131,86,66,50" hai2="58,117,112,62,118,89,48,28,2,94,115,82,5" hai3="19,109,98,7,41,104,80,126,38,8,16,10,61"/><T43/><D32/><U25/><E103/><V55/><F28/><W116/><G116/><N who="2" m="44649" /><F82/><W24/><G109/><T57/><D79/><U6/><E6/><V108/><F108/><W76/><G126/><N who="1" m="48138" /><E86/><N who="2" m="52535" /><F62/><W92/><G104/><T114/><D114/><U85/><E85/><V18/><F18/><W35/><G61/><T120/><D120/><U121/><E111/><V91/><F91/><W119/><G119/><T1/><D134/><U100/><E100/><V37/><F37/><W70/><G70/><N who="1" m="27242" /><E121/><V9/><AGARI ba="0,0" hai="2,5,9,48,55,58,112,115" m="52535,44649" machi="9" ten="30,2000,0" yaku="12,1,52,1" doraHai="33" who="2" fromWho="2" sc="250,-10,250,-5,250,20,250,-5" /><INIT seed="1,0,0,0,4,46" ten="240,245,270,245" oya="1" hai0="61,35,45,11,5,40,37,79,75,15,66,119,78" hai1="30,52,74,0,101,115,4,33,19,121,49,135,126" hai2="89,60,36,29,70,127,20,106,71,110,134,109,131" hai3="18,80,92,9,124,64,81,83,130,12,21,67,55"/><U25/><E115/><V51/><F106/><W84/><G130/><T28/><D119/><U13/><E121/><V27/><F36/><W63/><G124/><T73/><D35/><U113/><E113/><V38/><F38/><W47/><G84/><T102/><D28/><U7/><E74/><V17/><F131/><W58/><G92/><T104/><D78/><U123/><E123/><V105/><F105/><W108/><G108/><N who="2" m="41577" /><F134/><W100/><G100/><T16/><D79/><U72/><E72/><V41/><F60/><W94/><G94/><T1/><D102/><U103/><E126/><V59/><F89/><W87/><G87/><T91/><D91/><U68/><E68/><V120/><F120/><W98/><G98/><T88/><D88/><U129/><E129/><V24/><F127/><W95/><G95/><T132/><D132/><U85/><E85/><V112/><F112/><W6/><REACH who="3" step="1"/><G47/><REACH who="3" ten="240,245,270,235" step="2"/><T90/><D104/><U57/><E135/><V22/><F41/><W43/><G43/><T133/><D133/><U96/><E103/><V77/><F77/><W26/><AGARI ba="0,1" hai="6,9,12,18,21,26,55,58,63,64,67,80,81,83" machi="26" ten="30,7900,0" yaku="1,1,0,1,8,1,53,1" doraHai="46" doraHaiUra="8" who="3" fromWho="3" sc="240,-20,245,-39,270,-20,235,89" /><INIT seed="2,0,0,2,5,22" ten="220,206,250,324" oya="2" hai0="84,25,132,124,130,81,69,83,45,101,128,42,121" hai1="75,80,71,104,10,15,87,120,16,115,77,102,90" hai2="55,26,73,7,35,63,79,57,111,27,95,40,13" hai3="21,127,12,113,134,103,11,19,112,14,23,5,24"/><V118/><F118/><W54/><G127/><T131/><D121/><U34/><E115/><N who="3" m="44106" /><G103/><T49/><D69/><U44/><E120/><V4/><F111/><W32/><G54/><T122/><D122/><U43/><E34/><V76/><F35/><W116/><G116/><T126/><D101/><U106/><E71/><V18/><F40/><W67/><G67/><T123/><D123/><U74/><E102/><V17/><F95/><W125/><G125/><N who="0" m="48235" /><D132/><U46/><E46/><V47/><F47/><W39/><G39/><T65/><D65/><U38/><REACH who="1" step="1"/><E74/><REACH who="1" ten="220,196,250,324" step="2"/><V0/><F73/><W107/><G107/><T1/><D1/><U53/><E53/><V68/><F0/><W114/><G114/><T31/><D84/><U51/><E51/><V28/><F68/><W50/><G50/><T36/><D49/><U89/><E89/><V109/><F55/><W6/><G134/><T98/><D98/><U41/><E41/><V52/><F52/><W20/><G32/><AGARI ba="0,1" hai="25,31,32,36,42,45,81,83,128,130,131" m="48235" machi="32" ten="40,5200,0" yaku="19,1,18,1,52,1" doraHai="22" who="0" fromWho="3" sc="220,62,196,0,250,0,324,-52" /><INIT seed="3,0,0,2,1,85" ten="282,196,250,272" oya="3" hai0="21,95,60,103,6,90,86,119,17,13,62,59,19" hai1="38,64,47,76,89,33,61,125,11,27,121,4,129" hai2="45,35,122,73,106,9,124,117,50,29,3,110,87" hai3="18,1,94,23,54,25,7,99,120,109,107,88,69"/><W42/><G120/><T102/><D119/><U114/><E121/><V96/><F117/><W68/><G42/><T130/><D130/><U104/><E114/><V28/><F73/><W44/><G107/><T84/><D6/><U80/><E129/><V105/><F110/><W135/><G135/><T63/><D59/><U83/><E125/><V77/><F124/><W131/><G131/><T37/><D37/><U93/><E104/><V20/><F35/><W78/><G109/><T100/><D19/><U118/><E118/><V134/><F134/><W127/><G127/><T75/><D75/><U15/><E38/><V115/><F115/><W2/><G78/><T57/><D57/><U8/><E8/><V30/><F20/><W0/><REACH who="3" step="1"/><G7/><REACH who="3" ten="282,196,250,262" step="2"/><T40/><D40/><U53/><E76/><V91/><F77/><W65/><G65/><T10/><D10/><U71/><E53/><V108/><F106/><W72/><G72/><T58/><D58/><U12/><E47/><V26/><F45/><W92/><G92/><T55/><D55/><U16/><E33/><V82/><F105/><W70/><G70/><T116/><D116/><U56/><E71/><V46/><F46/><W52/><G52/><T66/><D66/><U22/><REACH who="1" step="1"/><E27/><REACH who="1" ten="282,186,250,262" step="2"/><V133/><F26/><W31/><G31/><T111/><D111/><U128/><E128/><V43/><F108/><W34/><G34/><T97/><AGARI ba="0,2" hai="13,17,21,60,62,63,84,86,90,95,97,100,102,103" machi="97" ten="30,4000,0" yaku="0,1,8,1,52,1" doraHai="85" who="0" fromWho="0" sc="282,60,186,-10,250,-10,262,-20" owari="342,44.2,176,-32.4,240,-16.0,242,4.2" /></mjloggm>