<mjloggm ver="2.3"><GO type="169" lobby="0"/><UN n0="%E3%81%A1%E3%81%AA%E3%81%A4" n1="%73%69%65%72%61%34%30%31" n2="%53%69%6C%76%65%72%44%46" n3="%E3%81%8B%E3%81%97%E3%81%8B%E3%81%8A" dan="17,17,17,16" rate="2170.79,2241.71,2229.55,2131.88" sx="M,F,M,M"/><TAIKYOKU oya="0"/><INIT seed="0,0,0,5,0,25" ten="250,250,250,250" oya="0" hai0="95,101,119,6,129,24,3,34,38,58,108,67,9" hai1="71,52,80,112,53,91,90,76,63,35,130,72,84" hai2="22,64,32,113,20,89,74,99,39,17,81,30,131" hai3="132,61,44,31,65,4,124,121,40,56,46,42,128"/><T85/><D119/><U120/><E120/><V33/><F113/><W87/><G4/><T50/><D38/><U49/><E130/><V75/><F39/><W8/><G8/><T111/><D129/><U26/><E112/><V19/><F131/><W96/><G128/><T105/><D105/><U115/><E115/><V45/><F64/><W78/><G96/><T125/><D125/><U117/><E117/><V127/><F45/><W100/><G100/><T86/><D101/><U97/><E97/><V12/><F127/><W98/><G98/><T27/><D27/><U23/><E35/><V21/><F21/><W41/><G124/><T60/><D50/><U116/><E116/><V5/><F5/><W15/><G15/><T70/><D70/><U28/><E72/><V51/><F51/><W68/><G87/><T10/><D10/><U66/><REACH who="1" step="1"/><E53/><REACH who="1" ten="250,240,250,250" step="2"/><V79/><F75/><W107/><G121/><T133/><D133/><U104/><E104/><V110/><F99/><W88/><G107/><T118/><D118/><U54/><E54/><V73/><F74/><W1/><G132/><T82/><D95/><U59/><AGARI ba="0,1" hai="23,26,28,49,52,59,63,66,71,76,80,84,90,91" machi="59" ten="20,8000,1" yaku="1,1,0,1,7,1,52,1,54,1,53,0" doraHai="25" doraHaiUra="134" who="1" fromWho="1" sc="250,-40,240,90,250,-20,250,-20" /><INIT seed="1,0,0,2,1,4" ten="210,330,230,230" oya="1" hai0="89,101,2,86,30,91,121,55,58,7,118,65,29" hai1="33,112,52,59,131,87,129,20,134,70,62,88,98" hai2="133,124,76,14,95,24,105,56,44,135,39,68,83" hai3="40,93,0,104,64,41,34,28,51,73,92,21,9"/><U79/><E112/><V123/><F123/><W47/><G104/><T67/><D118/><U107/><E33/><V109/><F105/><W125/><G73/><T25/><D121/><U74/><E70/><V97/><F68/><W32/><G125/><T75/><D75/><U130/><E134/><N who="2" m="51211" /><F124/><W116/><G116/><T35/><D30/><U45/><E20/><V17/><F24/><W49/><G64/><T37/><D37/><U3/><E3/><V110/><F56/><W96/><G21/><T61/><D101/><N who="1" m="62903" /><E74/><N who="2" m="43415" /><F44/><W48/><G28/><T81/><REACH who="0" step="1"/><D91/><REACH who="0" ten="200,330,230,230" step="2"/><U78/><E45/><V69/><F39/><W77/><G47/><T82/><D82/><AGARI ba="0,1" hai="52,59,62,78,79,82,87,88,129,130,131" m="62903" machi="82" ten="30,5800,0" yaku="19,1,54,2" doraHai="4" who="1" fromWho="0" sc="200,-58,330,68,230,0,230,0" /><INIT seed="1,1,0,1,1,11" ten="142,398,230,230" oya="1" hai0="31,126,10,37,113,19,74,125,83,86,96,59,43" hai1="131,47,103,67,105,27,110,51,77,14,101,115,69" hai2="7,81,48,93,91,60,63,15,3,23,87,107,122" hai3="85,20,53,44,78,98,112,57,117,8,66,64,6"/><U89/><E115/><V73/><F122/><W109/><G112/><T76/><D113/><U95/><E131/><V54/><F107/><W39/><G109/><T45/><D31/><U25/><E77/><V13/><F3/><W116/><G20/><T114/><D114/><U129/><E129/><V104/><F104/><W124/><G124/><T70/><D70/><U22/><E110/><V28/><F81/><W88/><G78/><T17/><D96/><U102/><E105/><V121/><F73/><W2/><G98/><T46/><D86/><U29/><E69/><V79/><F79/><W35/><G35/><T119/><D119/><N who="3" m="45641" /><G44/><T82/><D82/><U9/><E67/><V42/><F42/><W40/><G40/><T134/><D134/><U36/><E36/><V123/><F123/><W32/><G32/><T16/><D46/><U135/><E25/><N who="2" m="16447" /><F7/><W18/><G18/><T61/><REACH who="0" step="1"/><D10/><REACH who="0" ten="132,398,230,230" step="2"/><U62/><E9/><V100/><F121/><W130/><G130/><T92/><D92/><U50/><E47/><N who="2" m="27935" /><F100/><W26/><G39/><T34/><D34/><U21/><E135/><V4/><F4/><W38/><G38/><T99/><D99/><U127/><E102/><V68/><F68/><W111/><G111/><T97/><D97/><U49/><E101/><V106/><F106/><W132/><G132/><T52/><AGARI ba="1,1" hai="16,17,19,37,43,45,52,59,61,74,76,83,125,126" machi="52" ten="30,8000,1" yaku="1,1,0,1,54,2,53,1" doraHai="11" doraHaiUra="72" who="0" fromWho="0" sc="132,93,398,-41,230,-21,230,-21" /><INIT seed="2,0,0,1,0,66" ten="225,357,209,209" oya="2" hai0="105,119,134,61,3,70,85,27,106,80,42,86,21" hai1="87,75,69,98,107,123,71,135,112,49,125,23,51" hai2="130,24,40,84,39,67,129,16,59,110,26,57,31" hai3="113,50,74,68,28,91,76,73,14,48,72,10,32"/><V131/><F110/><W37/><G37/><T128/><D3/><U2/><E75/><V0/><F0/><W111/><G111/><T95/><D42/><U99/><E2/><V36/><F84/><W116/><G116/><T62/><D119/><U7/><E112/><V60/><F40/><W15/><G113/><T90/><D134/><U77/><E7/><V65/><F16/><W43/><G76/><T47/><D47/><U89/><E77/><V6/><F6/><W103/><G103/><T132/><D128/><U13/><E23/><V118/><F118/><W82/><G91/><T33/><D33/><U124/><E13/><V53/><F24/><W29/><G82/><T56/><D70/><N who="1" m="26635" /><E135/><V92/><F92/><W58/><G68/><T4/><D4/><U45/><E107/><V94/><F94/><W102/><G102/><T97/><D132/><U30/><E51/><N who="2" m="30911" /><F67/><W122/><G73/><T88/><D86/><U35/><E30/><V109/><F109/><W120/><G43/><T101/><D101/><U44/><E35/><AGARI ba="0,0" hai="26,31,35,36,39,59,60,65,129,130,131" m="30911" machi="35" ten="30,1500,0" yaku="19,1" doraHai="66" who="2" fromWho="1" sc="225,0,357,-15,209,15,209,0" /><INIT seed="2,1,0,3,0,32" ten="225,342,224,209" oya="2" hai0="46,127,108,39,50,129,66,124,3,68,41,89,91" hai1="130,114,95,54,115,14,73,13,35,79,134,40,121" hai2="135,30,16,11,92,7,20,94,1,110,57,42,23" hai3="61,10,107,12,86,87,72,45,83,15,111,96,51"/><V44/><F135/><W112/><G111/><T97/><D108/><U8/><E35/><V116/><F110/><W109/><G109/><T75/><D75/><U0/><E40/><V69/><F69/><W99/><G112/><T117/><D129/><U81/><E130/><V37/><F116/><W56/><G72/><T120/><D120/><U53/><E134/><V90/><F30/><W34/><G34/><T63/><D117/><U125/><E125/><V9/><F92/><W38/><G38/><T33/><D33/><U131/><E131/><V126/><F126/><N who="0" m="48170" /><D97/><U74/><E121/><V132/><F57/><W88/><G87/><T18/><D18/><U100/><E100/><V28/><F28/><W101/><G99/><T27/><D27/><U29/><E95/><V76/><F76/><W4/><G61/><T67/><D67/><U106/><E29/><V70/><F70/><W71/><G71/><T17/><D17/><U60/><E60/><V65/><F65/><W2/><REACH who="3" step="1"/><G56/><REACH who="3" ten="225,342,224,199" step="2"/><T47/><D91/><U31/><E73/><V123/><F123/><W48/><G48/><T113/><D89/><U122/><E74/><V52/><F132/><W84/><G84/><T102/><D102/><U104/><E122/><V64/><F64/><W25/><G25/><T80/><D113/><U103/><E114/><V98/><REACH who="2" step="1"/><F52/><AGARI ba="1,1" hai="2,4,10,12,15,45,51,52,83,86,88,96,101,107" machi="52" ten="30,12000,2" yaku="1,1,7,1,52,1,54,2,53,1" doraHai="32" doraHaiUra="78" who="3" fromWho="2" sc="225,0,342,0,224,-123,199,133" /><INIT seed="3,0,0,5,4,73" ten="225,342,101,332" oya="3" hai0="112,109,84,93,98,128,5,4,101,16,87,60,115" hai1="55,76,69,37,99,130,97,50,127,31,17,114,66" hai2="77,64,11,40,135,61,80,39,57,21,29,113,34" hai3="41,123,65,82,26,134,133,24,126,72,10,67,8"/><W54/><G72/><T103/><D109/><U19/><E114/><N who="0" m="43561" /><D128/><U22/><E37/><V122/><F113/><W117/><G82/><T102/><D60/><U100/><E127/><V20/><F135/><N who="3" m="51723" /><G54/><T38/><D38/><U13/><E130/><V23/><F122/><W56/><G56/><T85/><D16/><U124/><E124/><V107/><F107/><W14/><G126/><T108/><D108/><U59/><E31/><V120/><F120/><W30/><G123/><T42/><D42/><U18/><E69/><V28/><F34/><W92/><G92/><T7/><AGARI ba="0,0" hai="4,5,7,84,85,87,93,98,101,102,103" m="43561" machi="7" ten="40,1500,0" yaku="11,1" doraHai="73" who="0" fromWho="0" sc="225,15,342,-4,101,-4,332,-7" /><INIT seed="4,0,0,4,2,116" ten="240,338,97,325" oya="0" hai0="22,108,89,79,92,129,1,120,33,104,29,123,76" hai1="44,135,106,87,40,24,109,10,107,86,9,41,6" hai2="96,66,130,80,36,43,81,37,115,38,48,78,98" hai3="54,65,20,7,72,124,134,90,18,15,100,111,12"/><T94/><D1/><U114/><E109/><V113/><F66/><W32/><G32/><T27/><D104/><U3/><E135/><V56/><F130/><W35/><G35/><T2/><D2/><U121/><E114/><V101/><F81/><W46/><G72/><T17/><D129/><U105/><E121/><V102/><F43/><W57/><G124/><T118/><D118/><U82/><E24/><V42/><F42/><W112/><G100/><T99/><D108/><U95/><E10/><V91/><F48/><W30/><G30/><T119/><D119/><U23/><E23/><V131/><F56/><W126/><G126/><T70/><D70/><U60/><E60/><V58/><F58/><W21/><G46/><T132/><D132/><U5/><E5/><V31/><F31/><W45/><G45/><T61/><D61/><U50/><E41/><V110/><F131/><W75/><G75/><T74/><D94/><U16/><E16/><V125/><F125/><W88/><G65/><T47/><D47/><U83/><E95/><N who="2" m="56447" /><F110/><W85/><G134/><T0/><D0/><U77/><REACH who="1" step="1"/><E106/><REACH who="1" ten="240,328,97,325" step="2"/><N who="2" m="63799" /><F115/><W68/><G112/><T49/><D49/><U14/><E14/><V69/><F113/><W63/><G111/><T55/><D55/><U26/><E26/><V53/><F53/><W4/><G68/><T133/><D133/><U28/><E28/><V127/><F127/><W103/><G54/><T128/><D128/><U97/><E97/><V59/><F69/><W8/><G63/><T67/><D67/><U122/><E122/><N who="0" m="46633" /><D74/><U117/><E117/><V73/><F59/><RYUUKYOKU ba="0,1" sc="240,10,328,10,97,10,325,-30" hai0="17,22,27,29,33,76,79,89,92,99" hai1="3,6,9,40,44,50,77,82,83,86,87,105,107" hai2="36,37,38,73,78,80,102" /><INIT seed="4,1,1,0,5,94" ten="250,338,107,295" oya="0" hai0="109,84,80,51,126,68,115,27,66,122,98,46,28" hai1="79,9,17,101,89,102,33,48,24,50,110,31,13" hai2="72,35,54,60,34,134,132,104,88,49,86,41,44" hai3="23,40,26,83,91,131,57,3,22,124,119,113,120"/><T73/><D122/><U0/><E110/><V130/><F72/><W30/><G3/><T95/><D73/><U19/><E79/><V25/><F104/><W75/><G119/><T108/><D115/><U63/><E63/><V121/><F121/><W92/><G40/><T6/><D6/><U99/><E0/><V61/><F130/><W47/><G47/><T38/><D38/><U116/><E116/><V16/><F35/><W78/><G120/><T32/><D126/><U81/><E19/><V67/><F41/><W65/><G113/><T53/><D66/><U39/><E39/><V90/><F34/><W118/><G118/><T62/><D62/><U103/><E81/><V12/><F25/><W85/><G131/><T7/><D7/><U107/><E89/><V18/><F61/><W11/><G11/><T45/><D45/><U135/><E135/><N who="2" m="51755" /><F86/><W123/><G123/><T96/><D68/><U133/><E133/><V106/><F106/><W100/><G124/><T74/><D74/><U87/><E87/><V14/><F14/><W1/><G1/><T36/><D36/><U97/><E102/><V15/><F15/><W52/><G100/><T10/><D10/><U125/><E125/><V105/><F105/><AGARI ba="1,1" hai="9,13,17,24,31,33,48,50,97,99,101,103,105,107" machi="105" ten="30,7700,0" yaku="7,1,9,1,52,2" doraHai="94" who="1" fromWho="2" sc="250,0,338,90,107,-80,295,0" /><INIT seed="5,0,0,4,3,50" ten="250,428,27,295" oya="1" hai0="81,15,9,4,118,110,18,29,120,43,134,83,124" hai1="95,41,133,82,91,64,96,109,24,47,23,30,16" hai2="135,46,52,26,5,103,48,31,131,3,94,105,65" hai3="89,127,114,87,62,106,28,77,86,123,72,59,128"/><U92/><E133/><V39/><F135/><W61/><G106/><T90/><D118/><U112/><E112/><V17/><F105/><W10/><G123/><T38/><D134/><U51/><E109/><V45/><F131/><W55/><G114/><T56/><D110/><U21/><E64/><V57/><F17/><W79/><G127/><T49/><D38/><U85/><REACH who="1" step="1"/><E96/><REACH who="1" ten="250,418,27,295" step="2"/><N who="2" m="59799" /><F3/><W58/><G128/><T53/><D120/><U68/><E68/><V60/><F39/><W42/><G72/><T34/><D124/><U8/><E8/><V126/><F126/><W27/><G10/><T107/><D107/><U67/><E67/><V78/><F5/><W2/><G87/><T130/><D130/><U129/><E129/><V70/><F70/><W73/><G73/><T113/><D113/><U35/><E35/><V66/><F78/><W1/><G79/><T0/><D43/><U119/><E119/><V33/><F33/><W121/><G77/><T111/><D111/><U132/><E132/><V80/><F66/><W36/><G121/><T117/><D117/><U11/><E11/><V71/><F71/><W19/><G42/><T32/><D32/><U108/><E108/><V125/><F125/><W84/><G84/><T75/><D75/><U98/><E98/><V74/><F74/><W93/><G86/><T99/><D99/><U54/><E54/><V76/><F76/><W100/><G55/><T102/><D102/><U13/><AGARI ba="0,1" hai="13,16,21,23,24,30,41,47,51,82,85,91,92,95" machi="13" ten="20,18000,2" yaku="1,1,0,1,7,1,8,1,54,1,53,1" doraHai="50" doraHaiUra="22" who="1" fromWho="1" sc="250,-60,418,190,27,-60,295,-60" owari="190,-21.0,608,70.8,-33,-53.3,235,3.5" /></mjloggm>