<mjloggm ver="2.3"><GO type="169" lobby="0"/><UN n0="%E3%81%9D%E3%82%93%E3%81%97%E6%A7%98" n1="%41%63%75%6E%61%4A%72" n2="%E7%BD%AA%E5%88%91%E6%B3%95%E5%AE%9A%E4%B8%BB%E7%BE%A9" n3="%E6%9D%B1%E6%96%B9%E5%AE%9A%E5%8A%A9" dan="17,17,17,16" rate="2228.47,2245.78,2218.66,2125.14" sx="M,M,M,M"/><TAIKYOKU oya="0"/><INIT seed="0,0,0,0,0,19" ten="250,250,250,250" oya="0" hai0="107,106,92,66,2,64,109,101,82,135,120,73,96" hai1="125,56,26,129,24,28,22,20,54,98,13,111,31" hai2="124,12,29,76,4,16,38,88,99,77,127,10,57" hai3="90,74,70,51,89,17,50,9,78,95,134,35,113"/><T81/><D120/><U69/><E111/><V65/><F38/><W48/><G113/><T130/><D2/><U36/><E36/><V117/><F29/><W25/><G70/><T53/><D130/><U132/><E129/><V44/><F44/><W3/><G74/><T61/><D135/><U59/><E132/><V60/><F117/><W126/><G78/><T85/><D109/><U1/><E1/><V0/><F99/><W87/><G134/><T37/><D37/><U62/><E125/><N who="2" m="48203" /><F88/><W133/><G133/><T100/><D53/><U123/><E123/><V30/><F30/><W93/><G35/><T118/><D118/><U119/><E119/><V97/><F97/><W27/><G126/><T91/><D64/><U80/><E69/><V40/><F40/><W18/><G90/><N who="0" m="55319" /><D61/><U115/><E115/><V49/><F49/><W110/><G110/><T122/><D66/><U5/><E98/><V34/><F34/><W75/><G51/><T47/><D47/><U79/><E54/><V41/><F41/><W128/><G128/><T6/><D6/><U68/><E62/><V103/><F103/><N who="0" m="39498" /><D122/><U45/><E45/><V71/><F71/><W11/><G50/><T55/><D55/><U39/><E68/><V104/><F104/><N who="0" m="39978" /><D73/><U121/><E121/><V58/><F58/><W105/><G75/><T32/><D32/><U21/><E39/><V7/><F4/><W63/><G63/><T108/><D108/><U83/><E5/><V112/><F112/><W86/><G48/><T114/><D114/><U102/><E59/><V67/><F65/><W42/><G42/><RYUUKYOKU ba="0,0" sc="250,15,250,-15,250,15,250,-15" hai0="81,82,85,91" hai2="0,7,10,12,16,57,60,67,76,77" /><INIT seed="0,1,0,3,1,131" ten="265,235,265,235" oya="0" hai0="37,123,47,34,111,105,94,67,5,84,74,40,38" hai1="21,118,98,124,112,30,62,99,15,135,12,93,16" hai2="132,83,79,73,31,120,35,90,95,133,41,127,17" hai3="82,103,55,36,61,49,39,109,1,63,68,7,19"/><T75/><D123/><U129/><E118/><V48/><F120/><W4/><G109/><T65/><D105/><U113/><E129/><V56/><F127/><W33/><G33/><T130/><D34/><U32/><E124/><V9/><F31/><W50/><G103/><T18/><D130/><U122/><E122/><V116/><F35/><W6/><G1/><T89/><D111/><U70/><E15/><N who="2" m="7407" /><F56/><W87/><G19/><T45/><D5/><U0/><E0/><V44/><F116/><W76/><G50/><T86/><D18/><U57/><E70/><V59/><F59/><W51/><G49/><T54/><D54/><U72/><E72/><V29/><F29/><W125/><G125/><T53/><D53/><U106/><E106/><V3/><F3/><W28/><G28/><T117/><D117/><U85/><E30/><V42/><F42/><W100/><G100/><T121/><D121/><U104/><E104/><V43/><F43/><W60/><REACH who="3" step="1"/><G68/><REACH who="3" ten="265,235,265,225" step="2"/><T22/><D40/><U13/><E32/><V27/><F48/><W108/><G108/><T96/><D37/><U11/><E112/><V114/><F114/><W69/><G69/><T66/><D38/><U52/><E113/><V110/><F110/><W101/><G101/><T78/><D45/><AGARI ba="1,1" hai="4,6,7,36,39,45,51,55,60,61,63,76,82,87" machi="45" ten="40,1300,0" yaku="1,1,53,0" doraHai="131" doraHaiUra="107" who="3" fromWho="0" sc="265,-16,235,0,265,0,225,26" /><INIT seed="1,0,0,4,4,41" ten="249,235,265,251" oya="1" hai0="71,57,81,121,40,15,38,124,89,120,48,110,45" hai1="4,95,78,119,88,26,6,98,3,39,64,100,37" hai2="129,49,91,32,59,126,123,118,54,108,116,53,44" hai3="97,51,77,63,130,84,83,16,65,36,11,111,92"/><U102/><E119/><N who="2" m="45611" /><F91/><W128/><G111/><T113/><D110/><U20/><E64/><V42/><F32/><W5/><G36/><T46/><D15/><U106/><E100/><V14/><F14/><W10/><G5/><T75/><D113/><U22/><E78/><V103/><F103/><W9/><G51/><T24/><D71/><U62/><E62/><N who="2" m="36207" /><F108/><W67/><G16/><T27/><D124/><U70/><E70/><V73/><F73/><W114/><G114/><T25/><D57/><U58/><E58/><N who="2" m="33103" /><F123/><N who="0" m="47178" /><D89/><U90/><E90/><V29/><F29/><W1/><G1/><T107/><D107/><U8/><E6/><V72/><F72/><W86/><G77/><N who="0" m="44223" /><D24/><U17/><REACH who="1" step="1"/><E22/><REACH who="1" ten="249,225,265,251" step="2"/><V80/><F80/><W79/><G83/><T18/><D18/><U109/><E109/><V31/><F31/><W115/><G79/><T99/><D99/><AGARI ba="0,1" hai="3,4,8,17,20,26,37,39,88,95,98,99,102,106" machi="99" ten="30,11600,0" yaku="1,1,7,1,54,1,53,1" doraHai="41" doraHaiUra="19" who="1" fromWho="0" sc="249,-116,225,126,265,0,251,0" /><INIT seed="1,1,0,5,1,27" ten="133,351,265,251" oya="1" hai0="41,51,71,54,76,100,74,30,11,113,50,128,98" hai1="64,132,58,124,19,72,44,59,18,10,16,20,79" hai2="107,53,14,126,103,84,33,26,102,83,32,60,106" hai3="114,96,29,65,69,52,123,81,119,125,57,68,48"/><U78/><E124/><V127/><F14/><W87/><G114/><T94/><D113/><U42/><E132/><V90/><F60/><W15/><G123/><T121/><D121/><U105/><E105/><N who="2" m="39947" /><F53/><W45/><G125/><N who="2" m="47625" /><F33/><W12/><G119/><T13/><D128/><U122/><E122/><V130/><F26/><W115/><G96/><T108/><D108/><U99/><E72/><V110/><F32/><W73/><G73/><T89/><D71/><U93/><E20/><V49/><F49/><W85/><G85/><T37/><D37/><U7/><E59/><V2/><F2/><W104/><G104/><T34/><D100/><N who="2" m="38442" /><F110/><W36/><G69/><T21/><D34/><U35/><E58/><V47/><F47/><W92/><G15/><T134/><D41/><U25/><E64/><V55/><F55/><W70/><G12/><T95/><D51/><U82/><E25/><V22/><F22/><W133/><G65/><T5/><D50/><N who="1" m="26903" /><E35/><V31/><F31/><W131/><G29/><T135/><D54/><U40/><E40/><V80/><F130/><W0/><G0/><T8/><D30/><U117/><E7/><V1/><F1/><W23/><G70/><T43/><D21/><U91/><E10/><V75/><F75/><W120/><G23/><T62/><D11/><U116/><E79/><V61/><F61/><W28/><G68/><T38/><D62/><U129/><E129/><V101/><N who="2" m="38450" /><V111/><DORA hai="9" /><F111/><W97/><G131/><T24/><D43/><U17/><E17/><V118/><F118/><W109/><G109/><T39/><D74/><RYUUKYOKU ba="1,0" sc="133,-15,351,15,265,15,251,-15" hai1="16,18,19,78,82,91,93,99,116,117" hai2="80,83,84,90" /><INIT seed="1,2,0,4,4,130" ten="118,366,280,236" oya="1" hai0="92,16,82,80,29,24,21,127,108,22,116,36,126" hai1="61,104,3,42,2,48,83,60,18,135,69,39,117" hai2="40,78,95,52,90,8,109,70,19,49,57,7,6" hai3="51,133,32,15,111,94,45,4,96,73,97,27,128"/><U93/><E117/><V17/><F109/><W71/><G73/><T28/><D108/><U100/><E39/><V110/><F110/><W122/><G111/><T41/><D116/><U46/><E104/><V23/><F70/><W79/><G79/><T44/><D92/><U26/><E69/><V84/><F40/><W30/><G122/><T119/><D119/><U113/><E113/><V11/><F78/><W54/><G71/><T66/><D66/><U85/><E3/><V31/><F31/><W67/><G67/><T59/><D59/><U114/><E2/><V89/><F89/><W62/><G62/><T0/><D0/><U125/><E125/><V74/><F74/><W10/><G128/><T91/><D29/><U72/><E72/><V129/><F129/><W88/><REACH who="3" step="1"/><G133/><REACH who="3" ten="118,366,280,226" step="2"/><T12/><REACH who="0" step="1"/><D91/><REACH who="0" ten="108,366,280,226" step="2"/><U63/><E114/><V102/><F90/><W50/><G50/><T124/><AGARI ba="2,2" hai="12,16,21,22,24,28,36,41,44,80,82,124,126,127" machi="124" ten="30,8000,1" yaku="1,1,2,1,0,1,18,1,54,1,53,0" doraHai="130" doraHaiUra="53" who="0" fromWho="0" sc="108,106,366,-42,280,-22,226,-22" /><INIT seed="2,0,0,2,1,114" ten="214,324,258,204" oya="2" hai0="45,37,115,125,14,64,49,85,84,61,28,73,19" hai1="10,41,110,95,96,75,76,126,60,5,80,92,8" hai2="0,16,33,71,77,38,120,86,79,106,118,113,119" hai3="31,42,78,81,100,36,53,46,43,51,105,133,3"/><V63/><F113/><W24/><G133/><T116/><D115/><U130/><E110/><V48/><F120/><W55/><G3/><T82/><D37/><U57/><E126/><V89/><F38/><W13/><G43/><T112/><D112/><U66/><E130/><V102/><F0/><W20/><G36/><T117/><D28/><U129/><E129/><V70/><F33/><W87/><G105/><T62/><D73/><U7/><E41/><V109/><F109/><W88/><G100/><T121/><D125/><U27/><E27/><V25/><F48/><W91/><G13/><T83/><D121/><U68/><E68/><V94/><F71/><W72/><REACH who="3" step="1"/><G91/><REACH who="3" ten="214,324,258,194" step="2"/><N who="0" m="51607" /><D64/><U26/><E66/><V124/><F124/><W93/><AGARI ba="0,1" hai="20,24,31,42,46,51,53,55,72,78,81,87,88,93" machi="93" ten="20,5200,0" yaku="1,1,0,1,7,1,54,1,53,0" doraHai="114" doraHaiUra="97" who="3" fromWho="3" sc="214,-13,324,-13,258,-26,194,62" /><INIT seed="3,0,0,2,3,56" ten="201,311,232,256" oya="3" hai0="62,13,19,33,127,98,60,27,132,22,5,7,76" hai1="20,83,28,128,45,124,50,129,43,114,120,87,112" hai2="91,55,42,125,111,1,17,65,52,88,100,134,37" hai3="53,95,79,51,89,115,12,64,38,92,25,61,3"/><W40/><G115/><T104/><D132/><U101/><E120/><V108/><F1/><W103/><G3/><T82/><D127/><U106/><E124/><V119/><F119/><W90/><G79/><T36/><D36/><U116/><E116/><V46/><F125/><W117/><G117/><T96/><D104/><U135/><E135/><V6/><F6/><N who="0" m="2058" /><D33/><U0/><E0/><V130/><F134/><W110/><G110/><N who="2" m="42025" /><F130/><N who="1" m="50281" /><E101/><V67/><F100/><W109/><G109/><T14/><D82/><U93/><E93/><V84/><F17/><W94/><G103/><T32/><D76/><N who="1" m="46567" /><E106/><V39/><F39/><W86/><G95/><T15/><D32/><U11/><E11/><V71/><F91/><W70/><G38/><T107/><D107/><U102/><E102/><V133/><F133/><W30/><G92/><T9/><D9/><U34/><E34/><V105/><F105/><W16/><G94/><T131/><D131/><U121/><E121/><V123/><F123/><W72/><G72/><T4/><N who="0" m="2066" /><T21/><DORA hai="118" /><D21/><U35/><E35/><V63/><F67/><W58/><G86/><T18/><D18/><U57/><E114/><V73/><F73/><W99/><G99/><AGARI ba="0,0" hai="13,14,15,19,22,27,60,62,96,98,99" m="2066" machi="99" ten="40,5200,0" yaku="8,1,52,2" doraHai="56,118" who="0" fromWho="3" sc="201,52,311,0,232,0,256,-52" /><INIT seed="4,0,0,2,5,1" ten="253,311,232,204" oya="0" hai0="18,3,31,116,42,95,30,114,132,73,101,104,6" hai1="134,84,58,71,21,24,74,2,90,29,45,26,36" hai2="72,44,0,61,118,43,68,34,53,109,63,81,27" hai3="105,131,56,127,40,106,82,125,9,102,108,37,51"/><T93/><D116/><U33/><E71/><V15/><F109/><W113/><G108/><T55/><D73/><U96/><E74/><V65/><F0/><W57/><G131/><T38/><D132/><U66/><E134/><V48/><F118/><W54/><G113/><T78/><D114/><U5/><E96/><V89/><F15/><W103/><G82/><T76/><D104/><U126/><E126/><N who="3" m="48138" /><G9/><T16/><D42/><U97/><E97/><V59/><F89/><W39/><G40/><T79/><D38/><N who="3" m="14345" /><G57/><T121/><D121/><U17/><E45/><V64/><F81/><W28/><G28/><N who="0" m="10795" /><D3/><U110/><E36/><N who="2" m="21607" /><F72/><W11/><G11/><T117/><D117/><U12/><E110/><V60/><F34/><W52/><G54/><T123/><D55/><U49/><E2/><V70/><F27/><W32/><G32/><T98/><D123/><U88/><E26/><V47/><F63/><W129/><G129/><T111/><D95/><U22/><E33/><V92/><F92/><W77/><G77/><T115/><D115/><U62/><E29/><V8/><F8/><W14/><G14/><T122/><D122/><U13/><E13/><V87/><F87/><W83/><G83/><T130/><D130/><U25/><E84/><V67/><F67/><W41/><G41/><T35/><D35/><U85/><E85/><V86/><F86/><W128/><G128/><T99/><D111/><U46/><E25/><V107/><F107/><AGARI ba="0,0" hai="51,52,56,102,103,105,106,107" m="14345,48138" machi="107" ten="40,2600,0" yaku="18,1,54,1" doraHai="1" who="3" fromWho="2" sc="253,0,311,0,232,-26,204,26" /><INIT seed="5,0,0,2,2,76" ten="253,311,206,230" oya="1" hai0="116,38,91,82,117,97,27,33,102,66,113,20,59" hai1="21,93,94,128,115,79,84,37,11,77,73,114,51" hai2="106,112,105,18,119,68,5,19,28,16,22,92,81" hai3="0,43,57,52,50,132,36,95,87,75,133,131,25"/><U26/><E37/><V71/><F119/><W124/><G75/><T110/><D110/><U104/><E104/><V122/><F122/><W86/><G0/><T62/><D33/><U53/><E73/><V126/><F5/><W61/><G131/><T55/><D38/><U135/><E128/><V46/><F126/><W54/><G124/><T10/><D10/><U98/><E11/><V49/><F92/><W13/><G13/><T130/><D113/><N who="1" m="43019" /><E135/><V65/><F112/><W48/><G36/><T1/><D1/><U29/><E84/><V40/><F65/><W12/><G12/><T111/><D66/><U15/><E15/><V107/><REACH who="2" step="1"/><F81/><REACH who="2" ten="253,311,196,230" step="2"/><W90/><G132/><T121/><D82/><U23/><E94/><V96/><F96/><W56/><G133/><T7/><D7/><U64/><E64/><V134/><F134/><W4/><G4/><T34/><D121/><U8/><E93/><V24/><AGARI ba="0,1" hai="16,18,19,22,24,28,40,46,49,68,71,105,106,107" machi="24" ten="40,8000,1" yaku="1,1,0,1,54,1,53,1" doraHai="76" doraHaiUra="47" who="2" fromWho="2" sc="253,-20,311,-40,196,90,230,-20" /><INIT seed="6,0,0,4,3,13" ten="233,271,286,210" oya="2" hai0="8,48,98,26,118,54,44,116,21,42,41,125,43" hai1="73,110,128,70,58,59,39,62,106,86,127,12,36" hai2="77,112,97,123,65,29,113,5,64,14,2,92,51" hai3="38,53,40,63,19,32,131,80,79,30,121,129,78"/><V102/><F123/><W9/><G121/><T52/><D125/><U89/><E110/><V119/><F119/><N who="0" m="45610" /><D8/><U57/><E73/><V17/><F77/><W108/><G108/><T103/><D54/><U46/><E106/><V69/><F69/><W55/><G32/><T15/><D15/><U6/><E128/><N who="3" m="49226" /><G30/><N who="0" m="17743" /><D42/><U124/><E6/><V25/><F5/><W135/><G135/><T3/><D3/><U66/><E12/><V117/><F2/><W56/><G9/><T82/><D82/><N who="1" m="49367" /><E46/><V126/><F117/><W71/><G71/><T22/><D22/><U88/><E39/><V37/><F37/><W114/><G40/><T84/><D84/><U105/><E36/><V83/><F126/><W27/><G38/><T24/><D24/><U11/><E11/><N who="2" m="6367" /><F83/><W31/><G80/><T7/><D7/><U87/><E127/><V109/><F109/><W93/><G55/><T99/><D99/><U107/><E124/><V96/><F96/><W91/><G53/><T16/><D16/><U67/><E67/><V20/><F65/><W115/><G19/><T72/><D72/><U76/><E70/><V28/><F64/><N who="3" m="39015" /><G27/><T49/><D49/><U100/><E66/><V134/><F51/><W50/><G50/><T133/><D133/><U1/><E1/><V85/><F85/><N who="3" m="52463" /><G31/><T90/><D90/><U132/><E132/><V45/><F134/><W111/><G111/><T23/><D23/><U74/><E62/><V10/><F29/><W81/><G81/><T101/><D98/><N who="1" m="61591" /><E74/><V47/><F10/><W35/><G35/><T130/><D130/><U18/><E18/><RYUUKYOKU ba="0,0" sc="233,10,271,-30,286,10,210,10" hai0="41,43,44,48,52,101,103" hai2="20,25,28,45,47,92,97,102,112,113" hai3="78,79,114,115" /><INIT seed="6,1,0,4,3,63" ten="243,241,296,220" oya="2" hai0="18,99,7,3,51,84,126,75,2,57,12,119,42" hai1="35,49,121,26,31,135,13,95,43,130,47,38,44" hai2="73,30,9,69,90,27,37,111,74,132,110,82,87" hai3="1,104,40,8,123,76,97,19,11,14,112,17,118"/><V109/><F37/><W39/><G118/><T92/><D75/><U88/><E135/><V48/><F132/><W68/><G123/><T98/><D119/><U107/><E107/><V94/><F69/><W23/><G76/><T45/><D126/><U124/><E124/><V24/><F48/><W128/><G128/><T33/><D33/><U16/><E130/><V34/><F9/><W127/><G127/><T55/><D7/><U62/><E62/><V133/><F133/><W46/><G68/><T125/><D125/><U113/><E113/><V67/><F67/><W115/><G104/><T36/><D84/><U50/><E47/><V53/><F53/><W77/><G77/><T0/><REACH who="0" step="1"/><D92/><REACH who="0" ten="233,241,296,220" step="2"/><U116/><E116/><V41/><F94/><W122/><G122/><T89/><D89/><U20/><E121/><V114/><F34/><W15/><REACH who="3" step="1"/><G97/><AGARI ba="1,1" hai="13,16,20,26,31,35,38,43,44,49,50,88,95,97" machi="97" ten="30,3900,0" yaku="7,1,54,2" doraHai="63" who="1" fromWho="3" sc="233,0,241,52,296,0,220,-42" /><INIT seed="7,0,0,5,4,85" ten="233,293,296,178" oya="3" hai0="118,21,109,115,122,111,6,23,42,135,26,39,44" hai1="49,102,25,116,45,65,57,51,125,73,95,77,69" hai2="92,15,112,70,31,103,99,48,47,34,106,12,76" hai3="74,82,29,121,14,28,134,43,63,97,100,83,46"/><W72/><G121/><T101/><D122/><U27/><E125/><V119/><F119/><W113/><G113/><T78/><D118/><U96/><E69/><V41/><F112/><W22/><G134/><T32/><D115/><U88/><E116/><V91/><F70/><W105/><G63/><T30/><D135/><U37/><E37/><V98/><F76/><W60/><G60/><T64/><D64/><U107/><E65/><V126/><F126/><W89/><G14/><T94/><D78/><U36/><E36/><V58/><F34/><W93/><G82/><T59/><D59/><U81/><E57/><V54/><F31/><W17/><G17/><T52/><D52/><U123/><E123/><V62/><AGARI ba="0,0" hai="12,15,41,47,48,54,58,62,91,92,98,99,103,106" machi="62" ten="20,2700,0" yaku="0,1,7,1,52,1" doraHai="85" who="2" fromWho="2" sc="233,-7,293,-7,296,27,178,-13" owari="226,-17.4,286,8.6,323,42.3,165,-33.5" /></mjloggm>