<mjloggm ver="2.3"><GO type="169" lobby="0"/><UN n0="%68%69%73%61%74%6F%E6%A3%92" n1="%E3%81%97%E3%82%87%E3%81%BC%E3%82%93%EF%BD%8E" n2="%74%61%6D%69%74%61%6D%69" n3="%E6%95%97%E5%8C%97%E8%80%85%E3%81%AD%E3%82%8B" dan="16,17,16,17" rate="2159.39,2248.20,2051.75,2158.88" sx="M,M,M,F"/><TAIKYOKU oya="0"/><INIT seed="0,0,0,1,0,108" ten="250,250,250,250" oya="0" hai0="126,112,81,85,33,99,53,0,57,14,41,131,119" hai1="117,45,121,9,55,7,30,79,134,12,110,34,56" hai2="89,4,95,64,103,71,43,13,49,20,113,31,50" hai3="2,36,37,94,54,15,59,19,93,104,122,83,101"/><T107/><D119/><U68/><E117/><V35/><F103/><W38/><G2/><T39/><D0/><U40/><E121/><V120/><F120/><W67/><G122/><T91/><D33/><U16/><E68/><V32/><F71/><W92/><G67/><T75/><D75/><U123/><E123/><V21/><F64/><W52/><G83/><T66/><D66/><U100/><E110/><V80/><F80/><W78/><G78/><T74/><D74/><U23/><E134/><V128/><F4/><W87/><G87/><T69/><D69/><U17/><E79/><V90/><F13/><W26/><G26/><T48/><D131/><U3/><E100/><V125/><F43/><W47/><G47/><T63/><D39/><U84/><E84/><V76/><F76/><W88/><G88/><T111/><D111/><U28/><E17/><V70/><F95/><W25/><G25/><T42/><D14/><U97/><E97/><V60/><F60/><W118/><G118/><T22/><D22/><U124/><E124/><V6/><F6/><W1/><G1/><T98/><D126/><U51/><REACH who="1" step="1"/><E34/><REACH who="1" ten="250,240,250,250" step="2"/><V58/><F70/><W77/><G77/><T82/><D98/><U61/><AGARI ba="0,1" hai="3,7,9,12,16,23,28,30,40,45,51,55,56,61" machi="61" ten="20,8000,1" yaku="1,1,2,1,0,1,7,1,54,1,53,0" doraHai="108" doraHaiUra="114" who="1" fromWho="1" sc="250,-40,240,90,250,-20,250,-20" /><INIT seed="1,0,0,2,3,65" ten="210,330,230,230" oya="1" hai0="97,51,79,58,89,30,135,23,131,40,56,20,128" hai1="118,129,15,84,78,45,43,10,18,54,110,44,36" hai2="121,127,42,35,25,52,13,19,123,33,60,63,1" hai3="94,47,132,100,5,68,53,37,90,120,114,113,29"/><U93/><E118/><V27/><F1/><W133/><G120/><T102/><D89/><U62/><E129/><N who="0" m="49737" /><D79/><U107/><E107/><V75/><F42/><W104/><G29/><T55/><D40/><U26/><E110/><V76/><F76/><W134/><G5/><T77/><D77/><U17/><E36/><V9/><F75/><W41/><G53/><N who="0" m="31807" /><D30/><U72/><E72/><V124/><F52/><W71/><G100/><T83/><D83/><N who="1" m="47223" /><E93/><V122/><F60/><W69/><REACH who="3" step="1"/><G104/><REACH who="3" ten="210,330,230,220" step="2"/><N who="0" m="63567" /><D135/><U87/><E43/><V64/><F35/><W11/><G11/><T116/><D116/><U80/><E10/><V32/><F32/><W8/><G8/><T73/><D73/><U108/><E17/><V39/><F33/><W2/><G2/><T126/><D126/><U91/><E108/><V57/><F39/><W85/><AGARI ba="0,1" hai="37,41,47,68,69,71,85,90,94,113,114,132,133,134" machi="85" ten="40,12000,2" yaku="1,1,0,1,20,1,52,3,53,0" doraHai="65" doraHaiUra="61" who="3" fromWho="3" sc="210,-30,330,-60,230,-30,220,130" /><INIT seed="2,0,0,1,5,91" ten="180,270,200,350" oya="2" hai0="89,30,101,10,20,90,116,84,97,61,72,25,82" hai1="27,15,24,40,88,57,80,5,102,92,130,133,29" hai2="83,109,125,46,6,50,47,115,32,22,67,124,87" hai3="129,16,18,0,105,74,39,81,23,12,48,38,122"/><V64/><F115/><W4/><G122/><T73/><D116/><U60/><E130/><V58/><F32/><W21/><G105/><T1/><D89/><U42/><E133/><V75/><F75/><W110/><G110/><T62/><D73/><U95/><E5/><V54/><F6/><W96/><G129/><T99/><D99/><N who="1" m="59751" /><E15/><V103/><F103/><W7/><G48/><T111/><D111/><U113/><E80/><V37/><F109/><W127/><G127/><N who="2" m="48713" /><F22/><W44/><G96/><T123/><D72/><U119/><E119/><V68/><F68/><W120/><G120/><T100/><D100/><U121/><E113/><V35/><F35/><W43/><G39/><T53/><D1/><U56/><E121/><V112/><F112/><W106/><G106/><T33/><D33/><U8/><E8/><V55/><F37/><W86/><G74/><T19/><D123/><U63/><E29/><V131/><F131/><W104/><G104/><T132/><D132/><U118/><E118/><V98/><F98/><W52/><G0/><T66/><D10/><U3/><E3/><V94/><F94/><W107/><G107/><T59/><D30/><U128/><E128/><V69/><F69/><W9/><G4/><T134/><D134/><U34/><E34/><V14/><F14/><W79/><G7/><T65/><D62/><N who="1" m="23595" /><E24/><V49/><F46/><W28/><G28/><T108/><D108/><U36/><E27/><V26/><F26/><N who="3" m="14631" /><G9/><T117/><D117/><U85/><E36/><V77/><AGARI ba="0,0" hai="47,49,50,54,55,58,64,67,77,83,87" m="48713" machi="77" ten="30,1500,0" yaku="18,1" doraHai="91" who="2" fromWho="2" sc="180,-5,270,-5,200,15,350,-5" /><INIT seed="2,1,0,3,1,121" ten="175,265,215,345" oya="2" hai0="98,42,99,79,91,105,19,4,44,48,108,31,97" hai1="3,81,15,115,45,30,78,46,71,11,118,134,70" hai2="127,60,39,112,47,90,116,77,51,5,17,8,72" hai3="122,23,103,7,106,20,16,37,119,38,59,69,40"/><V43/><F116/><W13/><G69/><T61/><D31/><U83/><E118/><V52/><F112/><W26/><G119/><T12/><D4/><U64/><E115/><V29/><F127/><W89/><G122/><T124/><D79/><U56/><E3/><V33/><F17/><W92/><G40/><T87/><D124/><U24/><E70/><V94/><F60/><W132/><G132/><T36/><D61/><N who="1" m="37927" /><E71/><V25/><F77/><W54/><G103/><T80/><D105/><U120/><E134/><V0/><F72/><W102/><G102/><T75/><D75/><U96/><E96/><V62/><F62/><W100/><G100/><T27/><D27/><U66/><E66/><V53/><REACH who="2" step="1"/><F39/><REACH who="2" ten="175,265,205,345" step="2"/><W35/><G38/><T109/><REACH who="0" step="1"/><D36/><REACH who="0" ten="165,265,205,345" step="2"/><U84/><E78/><V49/><F49/><W22/><G37/><T74/><D74/><U104/><E120/><V67/><F67/><W111/><G16/><T10/><AGARI ba="1,2" hai="10,12,19,42,44,48,80,87,91,97,98,99,108,109" machi="10" ten="30,7900,0" yaku="1,1,0,1,52,2,53,0" doraHai="121" doraHaiUra="113" who="0" fromWho="0" sc="165,102,265,-21,205,-40,345,-21" /><INIT seed="3,0,0,1,2,62" ten="267,244,165,324" oya="3" hai0="128,92,120,63,12,129,42,32,33,104,43,2,135" hai1="39,81,70,95,112,83,72,13,31,57,115,9,122" hai2="97,118,103,49,77,113,106,90,19,36,65,5,50" hai3="45,107,124,82,119,1,8,79,125,30,87,58,60"/><W127/><G119/><T96/><D104/><U123/><E70/><V71/><F36/><W38/><G107/><T18/><D2/><U56/><E39/><V64/><F118/><W117/><G117/><T61/><D135/><U102/><E31/><V89/><F113/><W37/><G30/><T21/><D61/><U101/><E95/><V47/><F71/><W75/><G45/><T41/><D63/><U53/><E13/><V126/><F126/><W10/><G75/><T6/><D6/><U132/><E9/><N who="3" m="3690" /><G1/><T114/><D120/><U27/><E72/><V14/><F5/><W108/><G108/><T35/><REACH who="0" step="1"/><D114/><REACH who="0" ten="257,244,165,324" step="2"/><U40/><E132/><V23/><F77/><W54/><AGARI ba="0,1" hai="37,38,54,58,60,79,82,87,124,125,127" m="3690" machi="54" ten="40,2100,0" yaku="18,1" doraHai="62" who="3" fromWho="3" sc="257,-7,244,-7,165,-7,324,31" /><INIT seed="3,1,0,0,0,44" ten="250,237,158,355" oya="3" hai0="74,29,2,108,8,114,85,73,37,112,20,54,93" hai1="18,97,135,95,103,87,6,43,46,25,63,31,23" hai2="111,125,94,90,17,15,68,21,66,104,53,62,1" hai3="22,69,35,12,3,13,52,10,58,82,83,84,75"/><W122/><G122/><T127/><D108/><U76/><E135/><V42/><F111/><W105/><G35/><T128/><D37/><U27/><E6/><V41/><F104/><W92/><G105/><T28/><D8/><U132/><E132/><V30/><F1/><W72/><G69/><T100/><D2/><U126/><E126/><V49/><F30/><W33/><G33/><T59/><D128/><U91/><E76/><V55/><F55/><W40/><G40/><T96/><D85/><U0/><E0/><V124/><F124/><W64/><G64/><T51/><D127/><U71/><E63/><V98/><REACH who="2" step="1"/><F125/><REACH who="2" ten="250,237,148,355" step="2"/><W61/><G3/><T19/><D28/><U107/><E31/><V129/><F129/><W9/><G75/><T70/><D29/><U133/><E133/><V77/><F77/><W36/><G72/><T38/><D73/><U16/><E107/><V131/><F131/><W32/><G32/><T45/><D74/><U57/><E43/><V14/><F14/><W123/><G12/><T5/><D112/><U80/><E25/><V11/><F11/><W101/><G9/><T113/><D114/><U7/><E27/><V67/><F67/><W34/><G34/><T120/><D113/><U110/><E110/><V60/><F60/><W109/><G10/><T99/><D120/><U24/><E24/><V26/><F26/><W102/><G109/><T50/><D5/><U117/><E7/><V119/><F119/><W130/><G123/><T48/><D19/><U65/><E18/><V89/><F89/><N who="3" m="53287" /><G130/><T115/><D115/><U106/><E117/><RYUUKYOKU ba="1,1" sc="250,-10,237,-10,148,30,355,-10" hai2="15,17,21,41,42,49,53,62,66,68,90,94,98" /><INIT seed="4,2,1,3,5,119" ten="240,227,178,345" oya="0" hai0="99,56,54,61,86,29,98,125,114,85,75,87,40" hai1="76,36,117,77,60,121,25,93,84,6,8,83,4" hai2="122,100,111,107,79,21,115,17,28,3,37,45,132" hai3="101,70,118,44,1,2,130,89,109,110,38,26,49"/><T20/><D75/><U69/><E117/><V5/><F122/><W95/><G38/><T12/><D114/><U43/><E121/><V58/><F111/><W10/><G70/><T92/><D125/><U48/><E36/><V62/><F115/><W23/><G118/><T120/><D40/><U42/><E69/><V57/><F28/><W112/><G112/><T16/><D120/><U124/><E124/><V22/><F79/><W82/><G101/><T88/><D98/><U103/><E77/><V51/><F37/><W52/><G82/><T11/><D29/><U0/><E60/><V96/><F132/><W50/><G130/><T108/><D108/><U15/><E0/><V30/><F30/><W123/><G123/><T71/><D71/><U73/><E25/><V41/><F58/><W113/><G50/><T39/><D39/><U65/><E65/><V133/><F133/><W68/><G68/><T53/><D53/><U134/><E134/><V97/><F97/><W67/><G67/><T33/><D33/><U47/><E42/><V78/><F78/><W126/><G126/><T94/><D11/><U14/><E103/><AGARI ba="2,1" hai="12,16,20,54,56,61,85,86,87,88,92,94,99,103" machi="103" ten="30,11600,0" yaku="7,1,8,1,54,2" doraHai="119" who="0" fromWho="1" sc="240,132,227,-122,178,0,345,0" /><INIT seed="4,3,0,4,4,111" ten="372,105,178,345" oya="0" hai0="25,58,95,18,19,93,29,134,91,113,118,57,115" hai1="22,102,38,83,94,75,60,65,64,97,10,70,84" hai2="121,32,55,109,119,27,122,45,59,114,56,1,62" hai3="24,50,46,98,8,78,2,132,73,43,124,61,12"/><T3/><D3/><U71/><E38/><V85/><F1/><W40/><G2/><T42/><D42/><U131/><E131/><V30/><F109/><W26/><G124/><T69/><D69/><U90/><E10/><V81/><F119/><W129/><G40/><T28/><D134/><U53/><E53/><V15/><F45/><W72/><G129/><T126/><D126/><U127/><E127/><V108/><F108/><W125/><G132/><T44/><D44/><U123/><E123/><V9/><F59/><W103/><G61/><T33/><D118/><U96/><E65/><V52/><F55/><W17/><G125/><T87/><D93/><U110/><E110/><V31/><F30/><W77/><G73/><T37/><D29/><U36/><E36/><V104/><F104/><W49/><G49/><T88/><D91/><U34/><E34/><V76/><REACH who="2" step="1"/><F114/><REACH who="2" ten="372,105,168,345" step="2"/><N who="0" m="43530" /><D37/><U100/><E70/><V5/><AGARI ba="3,1" hai="5,9,15,27,31,32,52,56,62,76,81,85,121,122" machi="5" ten="20,8000,1" yaku="1,1,0,1,7,1,54,1,53,1" doraHai="111" doraHaiUra="48" who="2" fromWho="2" sc="372,-43,105,-23,168,99,345,-23" /><INIT seed="5,0,0,4,5,133" ten="329,82,267,322" oya="1" hai0="57,101,95,127,102,31,107,28,22,72,62,26,92" hai1="93,10,14,104,40,50,120,112,1,108,33,12,52" hai2="135,82,73,27,131,15,67,85,105,38,7,121,122" hai3="60,44,125,53,36,16,79,41,91,63,69,13,65"/><U116/><E116/><V90/><F135/><W109/><G109/><T20/><D72/><U75/><E120/><V128/><F105/><W9/><G79/><T123/><D107/><U32/><E104/><V118/><F38/><W132/><G132/><T58/><D123/><U54/><E75/><V23/><F118/><W42/><G42/><T119/><D119/><U88/><E1/><V43/><F43/><W35/><G35/><T110/><D110/><U84/><E108/><V0/><F0/><W18/><G125/><T24/><D62/><U68/><E68/><V17/><F67/><W76/><G76/><T34/><D34/><U87/><E112/><V111/><F111/><W117/><G91/><T70/><D70/><U71/><E71/><V61/><F61/><W25/><G117/><T56/><D56/><U126/><E40/><V99/><F99/><W55/><G60/><T30/><D30/><U21/><E126/><AGARI ba="0,0" hai="20,22,24,26,28,31,57,58,92,95,101,102,126,127" machi="126" ten="25,6400,0" yaku="22,2,52,2" doraHai="133" who="0" fromWho="1" sc="329,64,82,-64,267,0,322,0" /><INIT seed="6,0,0,4,2,49" ten="393,18,267,322" oya="2" hai0="130,36,59,127,34,118,39,41,60,17,42,104,120" hai1="105,115,67,31,47,37,113,24,27,21,128,82,133" hai2="73,35,85,92,96,62,22,86,126,76,124,108,61" hai3="106,122,65,91,3,69,72,111,97,98,26,63,112"/><V30/><F35/><W131/><G111/><T101/><D34/><U74/><E105/><V121/><F30/><W78/><G122/><T23/><D101/><U83/><E67/><V13/><F121/><W129/><G3/><T57/><D104/><U100/><E100/><V55/><F73/><W8/><G106/><T54/><D130/><N who="3" m="49673" /><G112/><T40/><D127/><N who="2" m="48682" /><F76/><W132/><G132/><T32/><D32/><U109/><E128/><V4/><F108/><W52/><G26/><T56/><D120/><U66/><E109/><V134/><F134/><W19/><G91/><T9/><D9/><U95/><E133/><V125/><N who="2" m="48690" /><V33/><DORA hai="6" /><F33/><W29/><G29/><T64/><D118/><U90/><E74/><V45/><F62/><W84/><G72/><T68/><D17/><U18/><E66/><V116/><F116/><W15/><G78/><T44/><D23/><U11/><E113/><V10/><F22/><W70/><G84/><T16/><D16/><U77/><E115/><V99/><F99/><N who="3" m="37899" /><G70/><T1/><D1/><U0/><E0/><V38/><F38/><W114/><G114/><T25/><D25/><U94/><E77/><V117/><F117/><W43/><G43/><T93/><D93/><U107/><E107/><V28/><F28/><W102/><G102/><T71/><D71/><U123/><E123/><V51/><F61/><W88/><G88/><AGARI ba="0,0" hai="4,10,13,45,51,55,85,86,88,92,96" m="48690" machi="88" ten="40,12000,1" yaku="18,1,52,2,54,1" doraHai="49,6" who="2" fromWho="3" sc="393,0,18,0,267,120,322,-120" /><INIT seed="6,1,0,5,1,67" ten="393,18,387,202" oya="2" hai0="97,110,25,124,6,62,102,1,41,52,95,122,117" hai1="13,77,108,132,24,55,0,14,68,70,32,35,29" hai2="48,43,4,87,125,31,28,2,126,73,5,76,130" hai3="82,104,3,90,56,66,119,93,81,39,80,92,22"/><V83/><F130/><W114/><G104/><T135/><D110/><U46/><E108/><V44/><F73/><W63/><G39/><T128/><D135/><U9/><E132/><V99/><F99/><W109/><G3/><T78/><D78/><U53/><E77/><V96/><F96/><W17/><G109/><T20/><D124/><N who="2" m="47722" /><F2/><W54/><G119/><T106/><D41/><U23/><E0/><V51/><F51/><W27/><G114/><T50/><D62/><U133/><E133/><V34/><F34/><W71/><REACH who="3" step="1"/><G90/><REACH who="3" ten="393,18,387,192" step="2"/><T134/><D117/><U59/><E32/><V21/><F31/><W64/><G64/><T103/><D134/><U38/><E35/><V33/><F33/><W98/><G98/><T112/><D112/><U79/><E79/><V19/><F28/><W57/><G57/><T131/><D128/><U91/><E91/><V37/><F37/><W88/><G88/><T58/><D131/><U127/><E127/><V10/><F10/><W118/><G118/><T121/><D106/><U107/><E107/><V75/><F75/><W40/><G40/><T72/><D72/><U47/><E38/><V101/><F101/><W113/><G113/><T7/><D103/><U45/><E55/><V94/><F94/><W115/><G115/><T36/><D36/><U11/><E11/><V84/><F84/><W18/><G18/><N who="0" m="12439" /><D1/><U89/><E89/><V100/><F100/><W120/><G120/><T116/><D116/><U26/><E9/><V49/><F49/><AGARI ba="1,1" hai="17,22,27,49,54,56,63,66,71,80,81,82,92,93" machi="49" ten="40,2600,0" yaku="1,1,52,1,53,0" doraHai="67" doraHaiUra="74" who="3" fromWho="2" sc="393,0,18,0,387,-29,192,39" /><INIT seed="7,0,0,4,4,69" ten="393,18,358,231" oya="3" hai0="96,129,46,15,102,97,0,78,29,48,107,3,91" hai1="124,32,37,95,60,85,5,22,121,7,133,8,49" hai2="45,50,25,59,18,128,21,9,13,62,73,130,75" hai3="27,52,74,31,66,94,127,84,93,109,125,88,42"/><W104/><G74/><T118/><D78/><U2/><E49/><V61/><F73/><W87/><G104/><T101/><D91/><U92/><E60/><V81/><F62/><W82/><G109/><T51/><D129/><U79/><E22/><V111/><F111/><W119/><G119/><T90/><D90/><U89/><E8/><V122/><F122/><W14/><G42/><T26/><D15/><U67/><E67/><V65/><F81/><W53/><G66/><T17/><D17/><U80/><E2/><V105/><F105/><W77/><G94/><T4/><D4/><U30/><E30/><V100/><F100/><W16/><G127/><T76/><D76/><U19/><E32/><V35/><F35/><W72/><G72/><T112/><D51/><U68/><E68/><V135/><F75/><W64/><G64/><T43/><D112/><U115/><E115/><V110/><F110/><W57/><G57/><T120/><D118/><U71/><E71/><V12/><F135/><W70/><G70/><T1/><D120/><U10/><E133/><V33/><F33/><W23/><G125/><T6/><D97/><U56/><E56/><V131/><REACH who="2" step="1"/><F9/><AGARI ba="0,0" hai="9,14,16,23,27,31,52,53,77,82,84,87,88,93" machi="9" ten="30,12000,1" yaku="7,1,8,1,54,3" doraHai="69" who="3" fromWho="2" sc="393,0,18,0,358,-120,231,120" /><INIT seed="7,1,0,2,5,4" ten="393,18,238,351" oya="3" hai0="125,66,34,55,78,88,100,92,31,48,108,105,90" hai1="86,96,107,91,132,83,50,106,89,93,72,113,95" hai2="38,61,71,97,102,109,115,15,54,49,25,104,35" hai3="84,128,114,76,6,41,122,13,123,11,44,68,127"/><W46/><G68/><T12/><D78/><U42/><E50/><V52/><F38/><W16/><G114/><T7/><D66/><U47/><E47/><V110/><F115/><W74/><G128/><T64/><D64/><U9/><E42/><V19/><F71/><W112/><G74/><T43/><D43/><U119/><E113/><V131/><F131/><W57/><G112/><T26/><D125/><U39/><E9/><V59/><F25/><W21/><G127/><T134/><D134/><U69/><E39/><V81/><F35/><W36/><G46/><T1/><D1/><U99/><E69/><V60/><F81/><W79/><G57/><T62/><D62/><U103/><E132/><V73/><F73/><W27/><REACH who="3" step="1"/><G84/><REACH who="3" ten="393,18,238,341" step="2"/><T56/><D108/><U129/><E129/><V67/><F67/><W22/><G22/><T65/><D65/><U20/><E20/><V3/><F3/><W14/><G14/><T126/><D126/><U2/><E2/><V63/><REACH who="2" step="1"/><F54/><REACH who="2" ten="393,18,228,341" step="2"/><W17/><G17/><T80/><D55/><U85/><E119/><V37/><F37/><W130/><G130/><T82/><D34/><U75/><REACH who="1" step="1"/><E106/><REACH who="1" ten="393,8,228,341" step="2"/><V124/><F124/><W58/><G58/><T94/><D105/><U70/><E70/><V5/><F5/><W23/><G23/><AGARI ba="1,3" hai="15,19,23,49,52,59,60,61,63,97,102,104,109,110" machi="23" ten="40,2600,0" yaku="1,1,54,1,53,0" doraHai="4" doraHaiUra="135" who="2" fromWho="3" sc="393,0,8,0,228,59,341,-29" owari="393,49.3,8,-49.2,287,-11.3,312,11.2" /></mjloggm>