<mjloggm ver="2.3"><GO type="169" lobby="0"/><UN n0="%E3%82%82%E3%82%8A%E3%82%8A%E3%82%93%E3%82%82%E3%82%8A%E3%82%82%E3%82%8A" n1="%E6%98%8E%E6%98%9F%E5%B8%82%E6%B0%91" n2="%E3%81%AF%E3%81%BE%E3%81%A1%E3%83%AA%E3%83%BC%E3%82%B0" n3="%E4%BA%8C%E9%9A%8E%E5%A0%82%E7%9C%9F%E7%B4%85%E3%81%A1%E3%82%83%E3%82%93" dan="16,16,17,16" rate="2104.27,2169.29,2131.41,2136.49" sx="M,M,M,M"/><TAIKYOKU oya="0"/><INIT seed="0,0,0,5,0,107" ten="250,250,250,250" oya="0" hai0="17,32,105,65,51,69,114,25,31,75,73,88,1" hai1="19,49,6,90,72,3,85,10,2,83,101,86,81" hai2="127,79,128,62,38,67,36,97,110,87,15,68,0" hai3="103,8,61,125,48,56,24,52,116,55,40,39,133"/><T91/><D105/><U63/><E101/><V59/><F0/><W54/><G103/><T94/><D114/><U20/><E63/><V60/><F15/><W121/><G24/><T29/><D1/><U96/><E2/><V33/><F33/><W16/><G116/><T122/><D122/><U98/><E49/><V7/><F7/><W113/><G113/><T11/><D31/><U74/><E98/><V104/><F97/><W115/><G115/><T26/><D65/><U78/><REACH who="1" step="1"/><E96/><REACH who="1" ten="250,240,250,250" step="2"/><V30/><F60/><W132/><G48/><T13/><D51/><U123/><E123/><V12/><F62/><W23/><G121/><T45/><D69/><U76/><E76/><V57/><F68/><W108/><G61/><T120/><D120/><U9/><E9/><V80/><F104/><W37/><G8/><T58/><D45/><U64/><E64/><V82/><F67/><W47/><G47/><T99/><D58/><U118/><E118/><V43/><F57/><W41/><G56/><T92/><D26/><AGARI ba="0,1" hai="3,6,10,19,20,26,72,74,78,81,83,85,86,90" machi="26" ten="30,7700,0" yaku="1,1,7,1,52,2,53,0" doraHai="107" doraHaiUra="46" who="1" fromWho="0" sc="250,-77,240,87,250,0,250,0" /><INIT seed="1,0,0,2,0,126" ten="173,327,250,250" oya="1" hai0="34,56,123,115,6,63,30,38,49,51,128,52,5" hai1="40,60,10,22,68,103,28,16,79,118,121,47,108" hai2="130,59,127,125,23,8,92,116,25,90,75,133,74" hai3="82,65,88,131,95,58,100,98,87,35,14,12,53"/><U93/><E118/><V42/><F116/><W15/><G35/><T106/><D115/><U113/><E113/><V83/><F133/><W18/><G65/><T114/><D106/><U134/><E121/><V69/><F69/><W104/><G104/><T11/><D123/><U4/><E28/><V57/><F42/><W29/><G29/><T67/><D38/><U80/><E108/><V101/><F101/><W107/><G107/><T76/><D114/><U122/><E68/><V70/><F70/><W66/><G66/><T77/><D49/><U102/><E60/><V20/><F8/><W31/><G31/><T0/><D6/><U96/><E103/><V26/><F92/><W48/><REACH who="3" step="1"/><G131/><REACH who="3" ten="173,327,250,240" step="2"/><T105/><D105/><U21/><E122/><V32/><F32/><W61/><G61/><T19/><D128/><U55/><E134/><V39/><F130/><W41/><G41/><T129/><D129/><U94/><E40/><V124/><F124/><W135/><G135/><T119/><D119/><U117/><E117/><V71/><F127/><W9/><AGARI ba="0,1" hai="9,12,14,15,18,48,53,58,82,87,88,95,98,100" machi="9" ten="20,12000,2" yaku="1,1,0,1,7,1,8,1,54,1,53,1" doraHai="126" doraHaiUra="50" who="3" fromWho="3" sc="173,-30,327,-60,250,-30,240,130" /><INIT seed="2,0,0,2,4,3" ten="143,267,220,370" oya="2" hai0="57,7,73,62,49,68,69,103,63,16,135,29,108" hai1="10,116,35,23,101,127,93,94,13,72,102,52,33" hai2="11,114,99,56,32,48,81,77,111,112,41,24,36" hai3="91,84,70,90,85,98,121,120,92,130,82,18,105"/><V96/><F36/><W122/><G70/><T12/><D73/><U42/><E72/><V133/><F133/><W89/><G18/><T34/><D103/><U132/><E127/><V1/><F99/><W87/><G130/><T31/><D135/><U118/><E132/><V58/><F111/><W50/><G50/><T25/><D108/><U27/><E42/><V65/><F65/><W26/><G26/><T21/><D49/><U38/><E38/><V129/><F129/><W106/><G85/><T109/><D109/><U128/><E128/><V66/><F66/><W54/><G54/><T80/><D80/><AGARI ba="0,0" hai="80,82,84,87,89,90,91,92,98,105,106,120,121,122" machi="80" ten="40,8000,1" yaku="9,1,34,3" doraHai="3" who="3" fromWho="0" sc="143,-80,267,0,220,0,370,80" /><INIT seed="3,0,0,2,0,42" ten="63,267,220,450" oya="3" hai0="39,62,41,114,124,110,122,54,72,65,31,102,103" hai1="52,82,32,89,22,33,5,111,49,57,53,115,92" hai2="21,79,133,35,8,4,81,43,107,51,77,117,121" hai3="78,127,83,126,27,131,28,61,68,23,87,75,74"/><W18/><G131/><T25/><D72/><U60/><E115/><V96/><F117/><W70/><G75/><T30/><D122/><U86/><E111/><V132/><F35/><W26/><G74/><T90/><D114/><U11/><E22/><V16/><F121/><W29/><G18/><T59/><D110/><U106/><E106/><V3/><F107/><W66/><REACH who="3" step="1"/><G70/><REACH who="3" ten="63,267,220,440" step="2"/><T80/><D124/><U116/><E116/><V38/><F16/><W56/><G56/><T95/><D80/><U93/><E33/><AGARI ba="0,1" hai="23,26,27,28,29,33,61,66,68,78,83,87,126,127" machi="33" ten="40,3900,0" yaku="1,1,53,1" doraHai="42" doraHaiUra="19" who="3" fromWho="1" sc="63,0,267,-39,220,0,440,49" /><INIT seed="3,1,0,5,3,65" ten="63,228,220,489" oya="3" hai0="67,16,117,34,26,22,0,99,101,132,50,55,133" hai1="96,59,75,54,19,33,7,3,58,81,62,90,91" hai2="80,36,116,131,105,97,85,108,130,123,104,107,4" hai3="21,61,45,94,11,76,111,86,28,32,57,10,49"/><W41/><G32/><T115/><D117/><U70/><E33/><V113/><F36/><W95/><G111/><T23/><D0/><U12/><E3/><V14/><F4/><W134/><G134/><T89/><D115/><U51/><E7/><V1/><F14/><W18/><G28/><T114/><D114/><U92/><E70/><V43/><F43/><W39/><G39/><T48/><D89/><U38/><E38/><V118/><F1/><W84/><G95/><T127/><D127/><U63/><E75/><V5/><F5/><W83/><G94/><T100/><D34/><U25/><E25/><V20/><F20/><W73/><G86/><T103/><D99/><U74/><E74/><V8/><F8/><W135/><G73/><T121/><D121/><U6/><E6/><V52/><F52/><N who="3" m="33959" /><G135/><T46/><D67/><U68/><E68/><V64/><F64/><W71/><G71/><T60/><D60/><U29/><E29/><V53/><F108/><W106/><G106/><T78/><D78/><U79/><E79/><N who="2" m="46239" /><F113/><W112/><G112/><T122/><D122/><U31/><E31/><V128/><F123/><W47/><G47/><T102/><N who="0" m="25600" /><DORA hai="13" /><T2/><D2/><U109/><E109/><V77/><F77/><W37/><G37/><T119/><D119/><N who="2" m="45610" /><F53/><W9/><G9/><T82/><D82/><U129/><E81/><V98/><AGARI ba="1,0" hai="97,98,104,105,107,128,130,131" m="45610,46239" machi="98" ten="50,6400,0" yaku="19,1,34,2" doraHai="65,13" who="2" fromWho="2" sc="63,-17,228,-17,220,67,489,-33" /><INIT seed="4,0,0,3,1,103" ten="46,211,287,456" oya="0" hai0="76,55,58,110,111,61,113,127,46,40,82,121,22" hai1="3,115,45,25,0,132,129,107,99,21,120,104,109" hai2="43,77,97,86,105,80,19,134,12,42,101,16,35" hai3="50,81,92,54,14,67,36,90,37,17,48,18,106"/><T71/><D121/><U89/><E109/><N who="0" m="41481" /><D113/><U5/><E120/><V31/><F134/><W1/><G1/><T51/><D22/><U98/><E132/><V4/><F4/><W15/><G67/><N who="0" m="41455" /><D82/><U56/><E129/><V108/><F108/><W59/><G81/><T114/><D76/><U28/><E115/><V13/><F31/><W85/><G106/><T126/><D114/><U64/><E45/><V88/><F35/><W72/><G72/><T2/><D2/><U32/><E32/><V6/><F6/><W87/><G87/><T125/><D125/><U117/><E117/><V135/><F135/><W41/><G15/><T75/><D75/><U34/><E34/><V10/><F77/><W62/><G18/><T79/><D79/><U65/><E89/><V57/><F57/><W91/><G90/><T44/><D44/><U68/><E56/><V38/><F38/><AGARI ba="0,0" hai="38,40,46,51,55,58,126,127" m="41455,41481" machi="38" ten="30,11600,0" yaku="24,1,10,1,34,2" doraHai="103" who="0" fromWho="2" sc="46,116,211,0,287,-116,456,0" /><INIT seed="4,1,0,1,0,126" ten="162,211,171,456" oya="0" hai0="20,102,86,129,15,51,104,44,19,121,123,70,99" hai1="112,64,57,58,21,110,127,38,12,11,49,78,69" hai2="105,109,32,18,2,53,4,42,52,73,62,50,107" hai3="45,48,135,43,8,29,41,90,71,125,67,35,28"/><T14/><D70/><U119/><E110/><V30/><F73/><W68/><G125/><T56/><D129/><U22/><E38/><V83/><F109/><W39/><G90/><T88/><D56/><U118/><E127/><V85/><F62/><W74/><G74/><T54/><REACH who="0" step="1"/><D15/><REACH who="0" ten="152,211,171,456" step="2"/><U96/><E69/><V89/><F107/><W1/><G71/><T24/><D24/><U37/><E12/><V10/><F105/><W87/><G68/><T23/><D23/><U5/><E58/><V128/><F128/><W124/><G124/><T81/><AGARI ba="1,1" hai="14,19,20,44,51,54,81,86,88,99,102,104,121,123" machi="81" ten="20,7800,0" yaku="1,1,0,1,7,1,54,1,53,0" doraHai="126" doraHaiUra="36" who="0" fromWho="0" sc="152,91,211,-27,171,-27,456,-27" /><INIT seed="4,2,0,4,5,134" ten="243,184,144,429" oya="0" hai0="42,114,69,55,7,15,103,41,73,133,48,53,135" hai1="19,102,77,122,94,68,13,32,3,10,123,87,14" hai2="79,58,82,91,110,6,107,83,117,127,132,97,36" hai3="104,44,80,96,47,8,18,62,129,29,66,61,34"/><T33/><D73/><U23/><E68/><V86/><F36/><W40/><G62/><T71/><D33/><U118/><E77/><V124/><F132/><N who="0" m="50762" /><D103/><U52/><E118/><V92/><F117/><W111/><G80/><T60/><D15/><U39/><E39/><V20/><F6/><W72/><G40/><N who="0" m="15467" /><D7/><U116/><E116/><V67/><F110/><W63/><G104/><T57/><D114/><U51/><E32/><V89/><F107/><W22/><G111/><T121/><D121/><U46/><E3/><V115/><F115/><W59/><G72/><T30/><D30/><U25/><E13/><V9/><F9/><W31/><G8/><T50/><D60/><U24/><E24/><V99/><F20/><W98/><G63/><T21/><D21/><U119/><E119/><V120/><F120/><W106/><G106/><T5/><D5/><U101/><E123/><V88/><F67/><W113/><G31/><T75/><D75/><U11/><E122/><V74/><F58/><AGARI ba="2,0" hai="48,50,53,55,57,58,69,71" m="15467,50762" machi="58" ten="30,5800,0" yaku="20,1,34,2" doraHai="134" who="0" fromWho="2" sc="243,64,184,0,144,-64,429,0" /><INIT seed="4,3,0,3,1,18" ten="307,184,80,429" oya="0" hai0="48,96,113,62,55,85,125,36,98,17,109,133,59" hai1="28,76,46,64,131,94,72,104,45,124,56,99,82" hai2="47,67,13,8,35,21,134,89,53,127,97,30,119" hai3="135,6,130,121,73,91,105,107,0,34,102,79,80"/><T93/><D36/><U23/><E131/><V44/><F35/><W19/><G34/><T2/><D2/><U114/><E104/><V69/><F134/><W52/><G121/><T108/><D133/><U103/><E124/><V10/><F127/><W84/><G135/><T129/><D125/><U128/><E128/><V120/><F120/><W110/><G110/><N who="0" m="42603" /><D129/><U68/><E68/><V39/><F39/><W88/><G6/><T126/><D126/><U20/><E114/><V123/><F123/><W5/><G5/><T116/><D116/><U31/><E31/><V78/><F78/><W54/><G0/><T61/><D85/><N who="1" m="48327" /><E28/><V122/><F122/><W7/><G7/><T24/><D113/><U11/><E11/><V115/><F115/><W26/><G107/><T25/><D25/><U3/><E72/><V75/><F75/><W58/><G105/><T1/><D1/><U83/><E83/><V87/><F119/><W43/><G26/><T4/><D4/><U41/><E3/><V92/><F30/><W60/><G84/><T86/><D86/><U33/><E33/><V100/><F87/><W37/><G37/><T14/><D24/><U51/><E45/><V15/><F47/><W32/><G130/><T27/><D27/><U50/><E50/><N who="2" m="28871" /><F15/><W29/><G29/><T12/><D12/><U49/><E49/><V90/><F10/><W117/><G32/><T77/><D77/><U63/><AGARI ba="3,0" hai="20,23,41,46,51,56,63,64,94,99,103" m="48327" machi="63" ten="30,4000,0" yaku="8,1,52,2" doraHai="18" who="1" fromWho="1" sc="307,-23,184,49,80,-13,429,-13" /><INIT seed="5,0,0,4,3,58" ten="284,233,67,416" oya="1" hai0="43,41,108,31,0,81,46,38,59,66,109,116,62" hai1="135,104,44,36,114,12,118,51,105,119,25,20,107" hai2="96,134,125,45,79,4,78,13,103,49,8,37,91" hai3="92,42,86,90,126,120,117,2,129,53,64,50,27"/><U65/><E135/><V67/><F37/><W15/><G2/><T55/><D0/><U84/><E36/><V77/><F134/><W7/><G120/><T115/><D81/><U34/><E114/><V131/><F131/><W72/><G72/><T99/><D99/><U6/><E65/><V48/><F125/><W71/><G117/><T93/><D93/><U112/><E112/><V60/><F91/><W40/><G71/><N who="0" m="42455" /><D31/><U82/><E34/><V100/><F45/><W88/><G64/><T14/><D14/><U52/><E6/><V47/><F47/><N who="3" m="27871" /><G27/><T76/><D76/><U98/><E98/><V121/><F121/><W29/><G29/><T95/><D95/><U85/><E12/><V122/><F122/><W10/><G129/><T101/><D101/><U3/><E3/><V5/><F5/><W22/><G22/><T94/><D94/><U57/><E44/><V89/><F89/><N who="3" m="53303" /><G126/><T54/><D115/><U26/><E26/><V33/><F33/><W130/><G130/><T23/><D23/><U19/><REACH who="1" step="1"/><E84/><REACH who="1" ten="284,223,67,416" step="2"/><V63/><F67/><W16/><G7/><T132/><D132/><U24/><E24/><V111/><F96/><W18/><G15/><T61/><D116/><U9/><E9/><V127/><F127/><W70/><G10/><T124/><D124/><U39/><E39/><V30/><F13/><W69/><G69/><T110/><D38/><U21/><E21/><V123/><F8/><W80/><G70/><T113/><D113/><U106/><N who="1" m="26624" /><DORA hai="56" /><U83/><E83/><V68/><F68/><W1/><G1/><T75/><D75/><RYUUKYOKU ba="0,1" sc="284,15,223,15,67,-15,416,-15" hai0="41,43,46,54,55,59,61,108,109,110" hai1="19,20,25,51,52,57,82,85,118,119" /><INIT seed="5,1,1,3,3,63" ten="299,238,52,401" oya="1" hai0="82,52,51,5,4,104,113,131,19,22,18,7,48" hai1="54,61,78,111,36,60,35,65,76,58,84,122,31" hai2="133,95,81,108,53,17,110,59,32,118,13,75,103" hai3="68,27,128,119,57,47,34,1,64,93,126,72,46"/><U38/><E122/><V55/><F118/><W62/><G72/><T42/><D104/><U30/><E111/><V87/><F32/><W69/><G1/><T33/><D33/><U129/><E129/><V14/><F133/><W89/><G126/><T90/><D113/><U106/><E106/><V9/><F75/><W49/><G47/><N who="0" m="25719" /><D22/><U16/><E35/><V71/><F71/><W6/><G6/><T56/><D131/><U86/><E54/><V102/><F95/><W41/><G119/><T92/><D82/><U85/><E16/><N who="0" m="6185" /><D5/><U99/><E99/><AGARI ba="1,1" hai="4,7,51,52,56,90,92,99" m="6185,25719" machi="99" ten="30,3900,0" yaku="8,1,54,2" doraHai="63" who="0" fromWho="1" sc="299,52,238,-42,52,0,401,0" /><INIT seed="6,0,0,0,3,128" ten="351,196,52,401" oya="2" hai0="88,114,106,129,124,27,54,132,65,14,60,110,74" hai1="26,47,30,35,121,85,69,117,49,112,73,45,87" hai2="111,113,125,46,71,2,90,134,131,115,33,107,21" hai3="75,56,51,43,28,118,93,79,36,63,32,66,123"/><V1/><F90/><W61/><G118/><T77/><D106/><U127/><E112/><V57/><F21/><W19/><G75/><T109/><D77/><U80/><E127/><V120/><F57/><W86/><G32/><T0/><D0/><U22/><E69/><V67/><F46/><W18/><G36/><T6/><D74/><U44/><E73/><V89/><F89/><W82/><G28/><T52/><D129/><U41/><E121/><V68/><F67/><W91/><G63/><T78/><D78/><U20/><E117/><V10/><F10/><W17/><G123/><T12/><D124/><U104/><E104/><V34/><F120/><W15/><G43/><T50/><D60/><U9/><E9/><V29/><F29/><W105/><G105/><T83/><D50/><U64/><E64/><V126/><F107/><W42/><G42/><T55/><D65/><U39/><E87/><V133/><F131/><W99/><REACH who="3" step="1"/><G51/><REACH who="3" ten="351,196,52,391" step="2"/><T98/><D109/><AGARI ba="0,1" hai="1,2,33,34,68,71,109,111,113,115,125,126,133,134" machi="109" ten="25,18000,2" yaku="22,2,31,2,52,2" doraHai="128" who="2" fromWho="0" sc="351,-180,196,0,52,190,391,0" /><INIT seed="6,1,0,1,5,44" ten="171,196,242,391" oya="2" hai0="83,103,96,78,65,84,95,90,105,2,29,110,132" hai1="1,8,55,66,59,124,67,5,52,135,111,64,7" hai2="108,94,22,114,45,27,35,76,6,100,16,134,46" hai3="113,97,123,48,33,41,38,31,63,13,99,75,43"/><V133/><F114/><W11/><G75/><N who="0" m="43487" /><D65/><U102/><E111/><V37/><F108/><W109/><G38/><T10/><D29/><U9/><E135/><N who="2" m="51723" /><F76/><W50/><G33/><T115/><D10/><U122/><E124/><V25/><F37/><W0/><G0/><T80/><D2/><U73/><E73/><V42/><F6/><W131/><G31/><T54/><D54/><U21/><E122/><V127/><F127/><W14/><G131/><T112/><D110/><U26/><E102/><V12/><F35/><W74/><G74/><T18/><D18/><U34/><E34/><V15/><F15/><W69/><G99/><N who="0" m="61695" /><D132/><U128/><E128/><V107/><F107/><W88/><G14/><T58/><D58/><U68/><E68/><V119/><F45/><W72/><G13/><T89/><AGARI ba="1,0" hai="80,84,89,90,95,96,112,115" m="61695,43487" machi="89" ten="30,2000,0" yaku="34,2" doraHai="44" who="0" fromWho="0" sc="171,23,196,-6,242,-11,391,-6" /><INIT seed="7,0,0,0,1,100" ten="194,190,231,385" oya="3" hai0="134,24,98,41,8,27,70,0,47,55,67,122,15" hai1="34,105,19,21,82,6,60,127,18,9,69,63,86" hai2="80,36,95,65,121,33,14,49,22,93,61,109,89" hai3="91,51,46,131,72,31,135,4,115,97,96,132,92"/><W7/><G72/><T57/><D122/><U84/><E127/><V54/><F36/><W48/><G115/><T111/><D111/><U10/><E34/><V78/><F33/><W68/><G68/><T94/><D0/><U81/><E69/><V28/><F109/><W73/><G73/><T64/><D134/><N who="3" m="51241" /><G131/><T119/><D119/><U99/><E99/><N who="3" m="37962" /><G31/><T26/><D70/><U25/><E105/><V133/><F89/><W126/><G126/><T79/><D79/><U62/><E18/><V11/><F78/><W50/><G46/><T32/><D32/><U106/><E106/><V17/><F28/><W108/><G108/><T104/><D104/><U120/><E120/><V66/><F121/><W90/><G90/><T110/><D110/><U12/><REACH who="1" step="1"/><E10/><REACH who="1" ten="194,180,231,385" step="2"/><V23/><F11/><W113/><G113/><T3/><D3/><U52/><E52/><V85/><F54/><W29/><G29/><T107/><D107/><U1/><E1/><V76/><F133/><W101/><G101/><N who="0" m="60631" /><D41/><U44/><E44/><V83/><F66/><W112/><G112/><T75/><D47/><U45/><E45/><V16/><F65/><W71/><G71/><T117/><D117/><U88/><E88/><V59/><F17/><W77/><G77/><T20/><D8/><U53/><E53/><V102/><F76/><W58/><G91/><T114/><D114/><U118/><E118/><V123/><F102/><W2/><G2/><T40/><D40/><U129/><E129/><V116/><F123/><W87/><G92/><T56/><D75/><U30/><E30/><V125/><F116/><RYUUKYOKU ba="0,1" sc="194,-10,180,30,231,-10,385,-10" hai1="6,9,12,19,21,25,60,62,63,81,82,84,86" owari="184,-31.6,210,-19.0,221,2.1,385,48.5" /></mjloggm>