<mjloggm ver="2.3"><GO type="225" lobby="0"/><UN n0="%E5%8D%A0%E3%81%84%E5%B8%AB%E8%A3%8F%E3%81%AA%E3%81%84%E3%81%97" n1="%E3%81%BF%E3%81%BF%E3%81%9A" n2="%E6%98%93%E5%88%A9%E8%96%A9%E4%BC%AF" n3="%E3%83%9D%E3%82%B1%E3%83%83%E3%83%88" dan="17,17,17,16" rate="2188.49,2228.24,2229.45,2055.57" sx="M,M,F,M"/><TAIKYOKU oya="0"/><INIT seed="0,0,0,2,2,12" ten="250,250,250,250" oya="0" hai0="43,16,54,86,109,120,99,13,70,67,80,134,128" hai1="133,123,79,83,8,39,56,121,124,85,55,132,20" hai2="30,21,74,24,41,97,122,104,50,33,100,107,101" hai3="7,118,14,49,26,28,29,34,37,52,93,77,72"/><T111/><D120/><U35/><E35/><V40/><F122/><W130/><G37/><T127/><D127/><U32/><E32/><V115/><F115/><W2/><G118/><T105/><D134/><N who="1" m="51819" /><E39/><V125/><F74/><W108/><G108/><N who="0" m="41547" /><D128/><U3/><E124/><V69/><F69/><W66/><G130/><T47/><D54/><U82/><E20/><V126/><F33/><W117/><G66/><T15/><D15/><U102/><E102/><V59/><F41/><W22/><G117/><T31/><D31/><U103/><E103/><V131/><F131/><W25/><G14/><T135/><D135/><U1/><E83/><V64/><F101/><W75/><G93/><T45/><D43/><U71/><E71/><V23/><F23/><W119/><G119/><T73/><D73/><U60/><E3/><V5/><F126/><W0/><G0/><T87/><D99/><U113/><E113/><V92/><F125/><W88/><G75/><T112/><D105/><U11/><E11/><V95/><F107/><W89/><G2/><T4/><D4/><AGARI ba="0,0" hai="1,4,8,55,56,60,79,82,85,121,123" m="51819" machi="4" ten="30,1000,0" yaku="20,1" doraHai="12" who="1" fromWho="0" sc="250,-10,250,10,250,0,250,0" /><INIT seed="1,0,0,1,5,119" ten="240,260,250,250" oya="1" hai0="20,107,118,134,39,131,53,60,92,29,116,126,14" hai1="71,66,108,96,133,130,132,93,72,101,97,41,55" hai2="109,111,56,50,74,34,54,9,22,57,103,1,127" hai3="58,49,83,100,17,63,128,68,6,120,46,23,135"/><U67/><E72/><V21/><F34/><W47/><G68/><T18/><D107/><U104/><E130/><V89/><F74/><W82/><G128/><T40/><D131/><U7/><E41/><V2/><F103/><W87/><G135/><N who="1" m="51786" /><E108/><N who="2" m="41547" /><F127/><W77/><G120/><T28/><D134/><U5/><E55/><N who="2" m="31863" /><F89/><W124/><G6/><N who="1" m="2058" /><E71/><V79/><F79/><W117/><G117/><T69/><D126/><U19/><E19/><V36/><F9/><W25/><G124/><T86/><D118/><U81/><E81/><V75/><F36/><W85/><G100/><AGARI ba="0,0" hai="66,67,93,96,97,100,101,104" m="2058,51786" machi="100" ten="30,1500,0" yaku="20,1" doraHai="119" who="1" fromWho="3" sc="240,0,260,15,250,0,250,-15" /><INIT seed="1,1,0,5,5,47" ten="240,275,250,235" oya="1" hai0="114,93,24,108,124,75,35,123,77,29,116,41,59" hai1="66,28,88,83,64,100,86,34,131,30,106,68,48" hai2="53,23,128,87,115,109,65,134,0,70,19,82,111" hai3="20,21,37,99,62,4,121,2,90,78,16,84,73"/><U43/><E131/><V74/><F0/><W119/><G121/><T27/><D114/><U117/><E117/><V122/><F122/><W55/><G37/><T129/><D123/><U50/><E34/><V126/><F74/><W103/><G119/><T81/><D116/><U120/><E120/><V44/><F134/><W80/><G2/><T25/><D108/><N who="2" m="41546" /><F128/><W46/><G4/><T58/><D129/><U51/><E43/><V63/><F126/><W36/><G36/><T33/><D124/><U7/><E7/><V1/><F1/><W91/><G21/><T105/><D105/><U39/><E39/><V71/><F44/><W17/><G73/><T5/><D5/><U94/><E106/><V110/><F53/><W85/><G85/><T72/><D72/><U45/><E45/><V10/><F10/><W13/><G17/><T15/><D41/><U26/><E68/><N who="2" m="42047" /><F115/><W130/><G130/><T92/><D15/><U133/><E133/><V6/><F6/><W18/><G18/><T40/><D40/><U97/><E28/><V104/><F104/><W107/><REACH who="3" step="1"/><G62/><REACH who="3" ten="240,275,250,225" step="2"/><T57/><REACH who="0" step="1"/><D29/><REACH who="0" ten="230,275,250,225" step="2"/><U135/><E135/><V22/><F110/><W95/><G95/><AGARI ba="1,2" hai="24,25,27,33,35,57,58,59,75,77,81,92,93,95" machi="95" ten="40,2600,0" yaku="1,1,2,1,53,0" doraHai="47" doraHaiUra="14" who="0" fromWho="3" sc="230,49,275,0,250,0,225,-29" /><INIT seed="2,0,0,3,5,106" ten="279,275,250,196" oya="2" hai0="63,99,72,77,104,36,64,55,57,11,107,46,61" hai1="111,25,38,98,117,52,16,23,48,129,97,69,65" hai2="47,66,103,73,84,28,33,94,54,86,51,74,7" hai3="42,82,20,40,6,124,127,67,60,71,35,132,14"/><V19/><F7/><W68/><G35/><T8/><D36/><U37/><E117/><V29/><F66/><W9/><G71/><T10/><D99/><U116/><E116/><V2/><F2/><W130/><G130/><T123/><D123/><U92/><E129/><V13/><F86/><W119/><G119/><T131/><D131/><U110/><E65/><V95/><F94/><W53/><G132/><T75/><D46/><N who="1" m="27671" /><E69/><V12/><F12/><W39/><G39/><T135/><D135/><U34/><E34/><V126/><F126/><W91/><G53/><T100/><D77/><U27/><E27/><V120/><F120/><W3/><G91/><T105/><REACH who="0" step="1"/><D100/><REACH who="0" ten="269,275,250,196" step="2"/><N who="1" m="60455" /><E98/><V115/><F103/><W24/><G124/><T133/><D133/><U41/><E41/><V59/><F47/><W88/><G127/><T90/><D90/><U50/><E50/><V83/><F51/><W80/><G40/><T89/><D89/><U113/><E113/><V1/><F115/><W45/><G88/><T79/><D79/><U49/><E49/><V58/><F95/><W78/><G78/><T122/><D122/><U134/><E134/><V56/><F83/><W31/><REACH who="3" step="1"/><G3/><REACH who="3" ten="269,275,250,186" step="2"/><T125/><D125/><U26/><E37/><V81/><F1/><W30/><G30/><T76/><D76/><U96/><E38/><V109/><F29/><W87/><G87/><T70/><AGARI ba="0,2" hai="8,10,11,55,57,61,63,64,70,72,75,104,105,107" machi="70" ten="40,8000,1" yaku="1,1,0,1,52,2,53,0" doraHai="106" doraHaiUra="32" who="0" fromWho="0" sc="269,100,275,-20,250,-40,186,-20" /><INIT seed="3,0,0,0,3,86" ten="369,255,210,166" oya="3" hai0="39,22,7,96,115,76,89,60,57,117,26,130,82" hai1="70,104,9,105,65,122,51,119,42,36,31,69,94" hai2="35,98,56,29,80,128,37,11,125,127,106,12,25" hai3="78,74,93,134,59,58,43,73,48,121,16,112,27"/><W33/><G112/><T72/><D117/><U21/><E122/><V75/><F37/><W113/><G113/><T44/><D130/><U111/><E36/><V68/><F68/><W13/><G121/><T87/><D115/><U102/><E9/><V107/><F128/><W47/><G134/><T45/><D7/><U84/><E119/><V3/><F3/><W2/><G2/><T126/><D39/><U32/><E32/><V99/><F56/><W63/><G78/><T83/><D96/><N who="2" m="36906" /><F80/><W81/><G93/><T67/><D126/><N who="2" m="48138" /><F75/><W38/><G81/><T97/><D97/><U132/><E132/><V15/><F15/><W4/><G4/><AGARI ba="0,0" hai="4,11,12,25,29,35,106,107" m="48138,36906" machi="4" ten="30,1000,0" yaku="18,1" doraHai="86" who="2" fromWho="3" sc="369,0,255,0,210,10,166,-10" owari="369,46.9,255,5.5,220,-18.0,156,-34.4" /></mjloggm>