<mjloggm ver="2.3"><GO type="169" lobby="0"/><UN n0="%E6%B5%81%E3%82%8C%EF%BC%9F%53%4F%41" n1="%E3%82%AB%E3%83%AB%E3%83%94%E3%82%B9%E3%82%B5%E3%83%AF%E3%83%BC" n2="%E3%81%8B%E3%81%AA%E3%81%8D%E3%83%BC" n3="%E3%81%B1%E3%82%93%E3%81%AA%E3%81%93%E3%81%BE%E3%81%A3%E3%81%9F" dan="17,17,17,18" rate="2249.16,2243.73,2207.19,2254.08" sx="M,M,F,M"/><TAIKYOKU oya="0"/><INIT seed="0,0,0,1,3,79" ten="250,250,250,250" oya="0" hai0="20,127,135,16,134,54,73,93,14,72,96,97,131" hai1="130,109,13,82,50,101,94,86,30,23,36,11,5" hai2="53,107,129,108,83,59,132,87,64,3,123,27,25" hai3="103,33,24,99,58,128,78,46,88,37,35,126,45"/><T41/><D41/><U80/><E36/><V21/><F123/><W34/><G126/><T60/><D127/><U112/><BYE who="3" /><E109/><V77/><F108/><UN n3="%E3%81%B1%E3%82%93%E3%81%AA%E3%81%93%E3%81%BE%E3%81%A3%E3%81%9F" /><W47/><G128/><T62/><D96/><N who="1" m="59543" /><E130/><V71/><F129/><W119/><G119/><T84/><D131/><U110/><E110/><V18/><F132/><N who="0" m="50730" /><D84/><U1/><E1/><V81/><F3/><W102/><G37/><T49/><D72/><U100/><E100/><V6/><F6/><W74/><G74/><T12/><D12/><U85/><E112/><V75/><F107/><W40/><G40/><T121/><D73/><U28/><E50/><V0/><F0/><W57/><G78/><T7/><D7/><U122/><E122/><V31/><F71/><W116/><G116/><T4/><D4/><U2/><E2/><V39/><F39/><W42/><G42/><T8/><D8/><U55/><E55/><V19/><F27/><W113/><G113/><T111/><D121/><U32/><E32/><V10/><F10/><W98/><G24/><T70/><D70/><U125/><E125/><V105/><F105/><W44/><N who="3" m="11264" /><DORA hai="106" /><W22/><G22/><T133/><D111/><U120/><E120/><V61/><REACH who="2" step="1"/><F53/><REACH who="2" ten="250,250,240,250" step="2"/><W104/><REACH who="3" step="1"/><G103/><REACH who="3" ten="250,250,240,240" step="2"/><N who="0" m="60847" /><D133/><U124/><E124/><V114/><F114/><W90/><G90/><AGARI ba="0,2" hai="18,19,21,25,31,59,61,64,75,77,81,83,87,90" machi="90" ten="30,8000,1" yaku="1,1,7,1,52,3,53,0" doraHai="79,106" doraHaiUra="48,92" who="2" fromWho="3" sc="250,0,250,0,240,100,240,-80" /><INIT seed="1,0,0,2,5,51" ten="250,250,340,160" oya="1" hai0="78,112,119,30,120,116,46,80,42,56,84,34,11" hai1="114,135,55,44,81,123,70,130,79,106,43,47,59" hai2="52,127,82,88,111,94,72,5,103,95,66,110,68" hai3="23,122,99,65,14,125,102,63,89,108,4,33,64"/><U58/><E114/><V75/><F127/><W107/><G33/><T57/><D112/><U27/><E123/><V19/><F5/><W121/><G125/><T3/><D120/><U86/><E70/><V39/><F39/><W6/><G108/><N who="2" m="41513" /><F19/><W104/><G104/><T118/><D34/><U97/><E130/><V73/><F103/><W91/><G23/><T83/><D30/><U8/><E135/><V87/><F66/><W61/><G107/><T92/><D92/><N who="2" m="35370" /><F68/><W41/><G41/><T20/><D20/><U98/><E106/><V13/><F13/><W37/><G37/><T28/><D28/><U93/><E43/><V71/><F71/><W100/><REACH who="3" step="1"/><G14/><REACH who="3" ten="250,250,340,150" step="2"/><T132/><D132/><U50/><E97/><AGARI ba="0,1" hai="4,6,61,63,64,65,89,91,97,99,100,102,121,122" machi="97" ten="25,6400,0" yaku="1,1,2,1,22,2,53,0" doraHai="51" doraHaiUra="124" who="3" fromWho="1" sc="250,0,250,-64,340,0,150,74" /><INIT seed="2,0,0,1,0,14" ten="250,186,340,224" oya="2" hai0="55,116,47,32,61,31,39,30,24,133,68,121,90" hai1="51,45,86,46,40,81,74,66,102,82,131,2,135" hai2="8,17,132,60,67,48,42,117,110,64,112,7,100" hai3="59,75,101,89,28,52,34,94,109,120,26,37,3"/><V57/><F112/><W69/><G120/><T56/><D121/><U127/><E2/><V134/><F117/><W65/><G3/><T98/><D133/><N who="2" m="51306" /><F100/><W22/><G75/><T29/><D116/><U128/><E135/><V95/><F95/><W43/><G109/><T97/><D68/><U18/><E127/><V88/><F88/><W70/><G101/><T111/><D111/><U83/><E74/><V12/><F110/><W23/><G43/><T78/><D78/><U105/><E86/><V79/><F79/><W124/><G37/><T33/><D90/><U119/><E119/><V63/><F7/><W73/><G73/><T62/><D62/><N who="2" m="23594" /><F57/><W114/><G114/><T125/><D125/><U103/><E103/><V53/><F53/><W115/><G115/><T5/><D5/><U38/><E102/><V10/><F10/><W58/><G124/><T9/><D9/><U129/><E105/><V80/><F80/><W84/><G59/><T13/><D97/><U123/><E123/><V126/><F126/><W130/><G65/><T11/><D98/><U0/><E66/><V85/><F85/><W1/><G1/><T27/><D11/><U104/><E0/><V122/><F122/><W99/><G99/><T25/><D13/><U106/><E106/><V44/><AGARI ba="0,0" hai="8,12,17,42,44,48,64,67" m="23594,51306" machi="44" ten="30,3000,0" yaku="20,1,52,1" doraHai="14" who="2" fromWho="2" sc="250,-10,186,-10,340,30,224,-10" /><INIT seed="2,1,0,0,5,125" ten="240,176,370,214" oya="2" hai0="103,133,69,47,135,106,131,117,51,107,85,81,68" hai1="6,75,79,35,124,20,36,10,28,24,12,121,53" hai2="122,13,96,54,114,92,67,97,30,34,108,71,87" hai3="126,132,91,56,21,61,26,102,62,7,41,63,3"/><V45/><F114/><W101/><G126/><T129/><D117/><U60/><E124/><V37/><F122/><W84/><G132/><N who="0" m="50763" /><D68/><U88/><E36/><V70/><F108/><W49/><G7/><T64/><D64/><U16/><E121/><V14/><F34/><W98/><G3/><T58/><D58/><U73/><E79/><V83/><F30/><W111/><G111/><T118/><D69/><U29/><E29/><V57/><F96/><W25/><G98/><N who="0" m="61815" /><D107/><U72/><E60/><V38/><F67/><W93/><G26/><T33/><D33/><U9/><E53/><V65/><F65/><W48/><G56/><T11/><D11/><U76/><E76/><V27/><F27/><W112/><G112/><T86/><D118/><U104/><E104/><V5/><F71/><W109/><G109/><T115/><D115/><U42/><E42/><V100/><F70/><W1/><G41/><N who="0" m="25071" /><D86/><U52/><E52/><V105/><F105/><W110/><G110/><T94/><D94/><U55/><E55/><V78/><F45/><W59/><G1/><T127/><D127/><U15/><REACH who="1" step="1"/><E35/><REACH who="1" ten="240,166,370,214" step="2"/><V32/><F32/><W18/><G59/><T120/><D120/><U19/><E19/><V116/><F116/><W40/><G40/><T0/><D0/><U4/><E4/><V31/><F5/><W2/><G2/><T113/><D113/><U66/><E66/><V130/><F37/><W90/><G49/><T17/><D17/><U119/><E119/><V80/><F38/><W77/><G48/><T8/><D8/><U82/><E82/><V23/><F83/><RYUUKYOKU ba="1,1" sc="240,15,166,15,370,-15,214,-15" hai0="81,85,129,131" hai1="6,9,10,12,15,16,20,24,28,72,73,75,88" /><INIT seed="3,2,1,0,4,62" ten="255,181,355,199" oya="3" hai0="93,57,47,118,32,95,73,4,108,72,49,55,66" hai1="125,13,0,98,61,84,131,113,119,60,17,8,56" hai2="16,71,33,81,37,105,122,90,126,43,42,82,80" hai3="134,127,2,67,68,41,123,92,130,133,7,129,46"/><W27/><G92/><T38/><D32/><U100/><E113/><V9/><F33/><W120/><G27/><T103/><D118/><U54/><E119/><V115/><F105/><W89/><G89/><T53/><D108/><U6/><E131/><N who="3" m="50186" /><G7/><T3/><D3/><U114/><E114/><V70/><F122/><N who="3" m="46635" /><G2/><T94/><D4/><U24/><E125/><V12/><F126/><W1/><G1/><T75/><D103/><U31/><E84/><V83/><F90/><W40/><G127/><T59/><D38/><U28/><E61/><V50/><F37/><N who="3" m="21775" /><G41/><T86/><D86/><U25/><E24/><V112/><F43/><W48/><G48/><T99/><D99/><U109/><E25/><V63/><F42/><W128/><N who="3" m="50194" /><W11/><DORA hai="88" /><G11/><T18/><D18/><U39/><E39/><V35/><F50/><W19/><G19/><T110/><D93/><U117/><E117/><V58/><F35/><W69/><G67/><T124/><D73/><U36/><E36/><V102/><F102/><W21/><G21/><T23/><D124/><U30/><E0/><V78/><F115/><W96/><G96/><T74/><D74/><U65/><E6/><V101/><F101/><W26/><G26/><T64/><D49/><U132/><E65/><V76/><F112/><W91/><G91/><T104/><D23/><U5/><E5/><V51/><F51/><W20/><G20/><T79/><D79/><U111/><E100/><V135/><F78/><W97/><G97/><T45/><D104/><U52/><E98/><V10/><N who="2" m="20480" /><DORA hai="15" /><V121/><F76/><RYUUKYOKU ba="2,1" sc="255,15,181,-15,355,-15,199,15" hai0="45,47,53,55,57,59,64,66,72,75,94,95,110" hai3="68,69,133,134" /><INIT seed="3,3,1,4,1,46" ten="270,166,340,214" oya="3" hai0="28,104,68,107,77,95,120,2,70,10,45,57,90" hai1="110,53,65,67,31,114,98,41,39,103,132,4,97" hai2="83,131,135,17,49,74,101,27,119,78,26,19,79" hai3="33,18,0,56,44,58,7,75,20,122,126,129,81"/><W9/><G122/><T64/><D120/><U6/><E114/><V63/><F119/><W82/><G126/><T5/><D77/><U88/><E110/><V127/><F127/><W105/><G129/><T43/><D57/><U99/><E132/><V121/><F135/><W94/><G105/><T72/><D72/><U32/><E103/><V16/><F121/><W40/><G33/><T66/><D28/><U15/><E39/><V116/><F116/><W118/><G94/><T60/><D66/><N who="1" m="25099" /><E32/><V113/><F113/><W86/><G118/><T1/><D1/><U12/><E41/><V30/><F131/><W36/><G82/><T52/><D70/><U59/><E31/><V102/><F79/><N who="3" m="44287" /><G86/><T71/><D68/><U22/><E88/><V21/><F27/><AGARI ba="3,1" hai="0,7,9,18,20,27,36,40,44,56,58" m="44287" machi="27" ten="30,1500,0" yaku="25,1" doraHai="46" who="3" fromWho="2" sc="270,0,166,0,340,-24,214,34" /><INIT seed="3,4,0,5,2,125" ten="270,166,316,248" oya="3" hai0="60,134,68,62,64,118,129,23,18,58,101,33,97" hai1="26,7,113,55,130,74,53,19,36,109,89,77,4" hai2="92,133,52,1,71,66,14,107,38,29,114,27,93" hai3="90,85,3,2,121,95,41,84,59,83,49,16,126"/><W105/><G126/><T122/><D118/><U69/><E113/><V73/><F107/><W70/><G121/><T25/><D122/><U135/><E69/><V50/><F1/><W72/><G70/><T32/><D134/><U112/><E112/><V86/><F38/><W61/><G105/><T43/><D43/><U108/><E36/><V111/><F73/><W128/><G72/><T30/><D18/><U131/><E89/><V8/><F111/><N who="1" m="42569" /><E135/><V104/><F104/><W123/><G123/><T54/><REACH who="0" step="1"/><D129/><REACH who="0" ten="260,166,316,248" step="2"/><N who="1" m="49163" /><E7/><V6/><F6/><W67/><G128/><T42/><D42/><U24/><E4/><V31/><F133/><W34/><G41/><T102/><D102/><U79/><E19/><V81/><F114/><W106/><G16/><T56/><D56/><U11/><E11/><V9/><F9/><W117/><G59/><T116/><D116/><U39/><E39/><V94/><F8/><W124/><G117/><T99/><D99/><U100/><E100/><V20/><F71/><W91/><G124/><T65/><D65/><U119/><E119/><V22/><F66/><W21/><G67/><T110/><D110/><U28/><E24/><V82/><F27/><W132/><G132/><T0/><D0/><U13/><E13/><V51/><F14/><W40/><G2/><T37/><D37/><U48/><E55/><V80/><F52/><W15/><G3/><T88/><D88/><U98/><E98/><V45/><F29/><W44/><G91/><T10/><D10/><U87/><E28/><V12/><F31/><W47/><G90/><T46/><D46/><RYUUKYOKU ba="4,1" sc="260,30,166,-10,316,-10,248,-10" hai0="23,25,30,32,33,54,58,60,62,64,68,97,101" /><INIT seed="4,5,1,3,2,59" ten="290,156,306,238" oya="0" hai0="11,19,27,127,56,125,86,46,68,77,76,24,37" hai1="78,3,34,83,58,23,113,123,55,44,43,50,119" hai2="25,48,84,67,109,82,105,62,26,100,134,21,1" hai3="90,39,53,89,107,114,30,17,42,116,74,70,35"/><T52/><D68/><U131/><E119/><V111/><F1/><W64/><G116/><T112/><D112/><U31/><E123/><V22/><F134/><W101/><G114/><T85/><D37/><U117/><E117/><V60/><F48/><W81/><G17/><T121/><D46/><U133/><E113/><V129/><F129/><W122/><G53/><T126/><D121/><U12/><E3/><V99/><F67/><W16/><G16/><T120/><D120/><U88/><E34/><V40/><F40/><W65/><G65/><T61/><D85/><U63/><E133/><V118/><F118/><W7/><G7/><T91/><D11/><U36/><E131/><V8/><F8/><W94/><G122/><T110/><D110/><U128/><E128/><V10/><F10/><W28/><G42/><T54/><D54/><U69/><E12/><V102/><F84/><N who="3" m="52519" /><G90/><T93/><D24/><U47/><E88/><V108/><F82/><W124/><G124/><T103/><D103/><N who="2" m="39466" /><F99/><N who="3" m="61887" /><G35/><T49/><D49/><U2/><E2/><V4/><F4/><W29/><G39/><T41/><D41/><U51/><E69/><V15/><F15/><W92/><G64/><T6/><D6/><U96/><E96/><V80/><F80/><W130/><G70/><T115/><D115/><U71/><E71/><V104/><F104/><W79/><G130/><T5/><D5/><U13/><E44/><V33/><F105/><W135/><G92/><T57/><D56/><U98/><E98/><V95/><F95/><W75/><G75/><T9/><D27/><N who="2" m="10250" /><F33/><W32/><G32/><RYUUKYOKU ba="5,1" sc="290,10,156,-30,306,10,238,10" hai0="9,19,52,57,61,76,77,86,91,93,125,126,127" hai2="21,22,60,62,108,109,111" hai3="28,29,30,74,79,81,135" /><INIT seed="4,6,1,5,5,38" ten="300,126,316,248" oya="0" hai0="2,109,11,101,82,37,48,4,129,112,40,19,116" hai1="32,126,115,18,67,108,105,122,84,71,34,12,27" hai2="62,134,36,87,58,50,90,124,96,97,55,94,54" hai3="117,128,91,107,123,57,103,130,16,1,83,39,23"/><T92/><D116/><U111/><E84/><V6/><F124/><W46/><G117/><T99/><D112/><U131/><E105/><V47/><F134/><W17/><G1/><T125/><D125/><U135/><E67/><V53/><F6/><W127/><G127/><T88/><D129/><N who="3" m="49769" /><G123/><T13/><D37/><U28/><E71/><V31/><F31/><W43/><G57/><T106/><D109/><N who="1" m="42059" /><E126/><V89/><F36/><W30/><G30/><T26/><D26/><U14/><E131/><V45/><F90/><W80/><G91/><T35/><D35/><N who="1" m="20895" /><E122/><V75/><F75/><W9/><G9/><T72/><D72/><U24/><E135/><V5/><F5/><W68/><G68/><T52/><D82/><N who="3" m="31273" /><G23/><T8/><D106/><U29/><E115/><V0/><F0/><W60/><G60/><T70/><D70/><U3/><E3/><V113/><F113/><W121/><G121/><T78/><D78/><U15/><E32/><V69/><F69/><W95/><G95/><T65/><D65/><U56/><E56/><V119/><F119/><W73/><G73/><T102/><REACH who="0" step="1"/><D40/><REACH who="0" ten="290,126,316,248" step="2"/><U44/><E44/><AGARI ba="6,2" hai="2,4,8,11,13,19,44,48,52,88,92,99,101,102" machi="44" ten="30,12000,1" yaku="1,1,2,1,7,1,54,2,53,0" doraHai="38" doraHaiUra="21" who="0" fromWho="1" sc="290,158,126,-138,316,0,248,0" owari="448,54.8,-12,-51.2,316,11.6,248,-15.2" /></mjloggm>