<mjloggm ver="2.3"><GO type="169" lobby="0"/><UN n0="%E3%81%BE%E3%81%88%E3%81%9F" n1="%6E%61%67%61%69%6D%6F" n2="%E3%83%8F%E3%82%BF%E3%83%A2%E3%83%88%E3%83%92%E3%83%AD" n3="%4B%69%74%61%6D%75%72%61" dan="17,16,16,18" rate="2169.44,2130.73,2149.26,2308.82" sx="F,M,M,F"/><TAIKYOKU oya="0"/><INIT seed="0,0,0,1,5,58" ten="250,250,250,250" oya="0" hai0="64,5,117,134,48,9,103,127,49,88,124,28,77" hai1="51,46,6,118,50,74,55,27,109,105,92,99,112" hai2="16,35,96,31,24,18,13,45,2,40,131,135,100" hai3="73,4,70,104,20,111,82,56,67,32,69,85,39"/><T80/><D117/><U97/><E118/><V59/><F131/><W110/><G32/><T133/><D103/><U116/><E116/><V1/><F135/><N who="0" m="51722" /><D28/><U89/><E74/><V43/><F59/><W95/><G104/><T11/><D64/><U93/><E105/><V130/><F130/><W29/><G39/><T22/><D22/><U42/><E112/><V52/><F40/><W8/><G73/><N who="0" m="43055" /><D88/><U10/><E27/><V81/><F81/><W128/><G95/><T78/><D78/><U120/><E120/><V108/><F108/><W53/><G67/><T101/><D101/><U47/><E109/><V66/><F66/><W34/><G34/><T23/><D23/><U132/><E132/><V121/><F121/><W38/><G128/><T115/><D115/><U76/><E76/><V41/><F41/><W30/><G30/><T84/><D84/><U44/><E44/><V98/><F98/><W17/><G29/><T129/><D129/><U113/><E113/><V68/><F43/><W3/><G85/><T114/><D114/><U102/><E102/><V12/><F96/><W33/><G33/><T19/><D19/><U72/><E72/><V7/><F100/><W126/><G17/><T91/><D91/><U125/><E93/><V26/><F31/><W90/><G90/><T86/><D86/><U61/><E99/><V79/><F35/><W83/><G111/><T62/><D62/><U122/><E122/><V36/><F79/><W94/><G94/><T63/><D63/><U57/><E61/><V106/><F106/><W25/><G110/><T60/><D60/><RYUUKYOKU ba="0,0" sc="250,0,250,0,250,0,250,0" /><INIT seed="1,1,0,1,5,23" ten="250,250,250,250" oya="1" hai0="99,104,44,60,96,45,87,36,128,132,54,21,3" hai1="67,27,73,35,58,101,98,122,108,114,61,40,59" hai2="117,126,105,89,18,113,12,46,82,19,110,97,6" hai3="53,65,125,115,51,94,14,29,15,37,74,20,92"/><U83/><E114/><V88/><F117/><W95/><G115/><T72/><D72/><U112/><E112/><V119/><F119/><W118/><G118/><T127/><D3/><U48/><E122/><V71/><F71/><W120/><G120/><T26/><D127/><U68/><E108/><V100/><F110/><W16/><G125/><T38/><D132/><U131/><E131/><V129/><F129/><W4/><G74/><T135/><D135/><U78/><E40/><V13/><F6/><W2/><G37/><T57/><D128/><U1/><E1/><V56/><F126/><W49/><G2/><T50/><D38/><U66/><E48/><V75/><F46/><W25/><G65/><T9/><D9/><U34/><E34/><V91/><F56/><W30/><G51/><T116/><D36/><U102/><E67/><V32/><F32/><W62/><G62/><T85/><D45/><U69/><E102/><V63/><F63/><W103/><G103/><T86/><D104/><U39/><E39/><V111/><F111/><W93/><N who="3" m="23552" /><DORA hai="17" /><W133/><G133/><T52/><REACH who="0" step="1"/><D116/><REACH who="0" ten="240,250,250,250" step="2"/><U121/><E121/><V106/><F106/><W33/><G4/><T22/><D22/><U0/><E0/><V124/><F124/><W64/><G33/><T81/><D81/><U79/><E69/><V42/><F113/><W7/><G7/><T77/><D77/><U24/><E79/><V43/><F75/><W134/><G134/><T41/><D41/><N who="2" m="15370" /><F82/><W8/><G8/><T28/><AGARI ba="1,1" hai="21,26,28,44,50,52,54,57,60,85,86,87,96,99" machi="28" ten="30,12000,2" yaku="1,1,0,1,8,1,52,2,54,1,53,0" doraHai="23,17" doraHaiUra="10,5" who="0" fromWho="0" sc="240,133,250,-61,250,-31,250,-31" /><INIT seed="2,0,0,3,0,30" ten="373,189,219,219" oya="2" hai0="91,96,124,66,127,131,101,87,10,71,4,99,59" hai1="9,65,46,114,55,69,112,126,41,132,53,6,104" hai2="0,39,27,86,49,113,85,119,43,20,80,118,68" hai3="8,122,103,26,64,74,84,3,16,21,51,14,32"/><V108/><F113/><W31/><G122/><T25/><D71/><U34/><E104/><V121/><F121/><W70/><G74/><T130/><D25/><U105/><E105/><V98/><F39/><W18/><G103/><T23/><D23/><U78/><E132/><V83/><F0/><W44/><G70/><T76/><D59/><U45/><E126/><N who="0" m="48169" /><D66/><U106/><E106/><V52/><F98/><N who="0" m="37418" /><D101/><U38/><E69/><V110/><F43/><W102/><G102/><T22/><D22/><U54/><E65/><V48/><F68/><W79/><G64/><T95/><D76/><U12/><E46/><V88/><F49/><W72/><G3/><AGARI ba="0,0" hai="3,4,10,87,91,95,130,131" m="37418,48169" machi="3" ten="30,1000,0" yaku="18,1" doraHai="30" who="0" fromWho="3" sc="373,10,189,0,219,0,219,-10" /><INIT seed="3,0,0,2,4,8" ten="383,189,219,209" oya="3" hai0="95,111,72,88,31,48,80,122,23,2,44,129,10" hai1="26,116,101,56,62,109,77,49,1,64,126,33,97" hai2="75,124,78,46,65,100,82,60,135,45,102,112,30" hai3="110,99,39,114,13,118,14,103,59,12,25,54,94"/><W133/><G114/><T68/><D68/><U131/><E1/><V120/><F112/><W69/><G118/><T57/><D111/><U15/><E116/><V37/><F124/><W123/><G123/><T87/><D129/><U117/><E109/><V40/><F135/><W83/><G110/><T113/><D57/><U20/><E126/><V92/><F120/><W76/><G69/><T47/><D122/><U28/><E131/><V125/><F125/><W7/><G39/><T128/><D128/><U29/><E117/><V35/><F46/><W55/><G133/><T38/><D38/><U66/><E77/><V24/><REACH who="2" step="1"/><F92/><REACH who="2" ten="383,189,209,209" step="2"/><W34/><G7/><T18/><D47/><U41/><E41/><V89/><F89/><W130/><G130/><T119/><D95/><U50/><E66/><V107/><F107/><W108/><G108/><T70/><D88/><U51/><E33/><V17/><F17/><W84/><REACH who="3" step="1"/><G59/><AGARI ba="0,1" hai="24,30,35,37,40,45,59,60,65,75,78,82,100,102" machi="59" ten="30,2000,0" yaku="1,1,7,1,53,0" doraHai="8" doraHaiUra="11" who="2" fromWho="3" sc="383,0,189,0,209,30,209,-20" /><INIT seed="4,0,0,3,3,124" ten="383,189,239,189" oya="0" hai0="43,111,48,14,96,125,73,86,116,105,98,7,112" hai1="34,78,123,9,10,41,40,62,119,4,5,37,63" hai2="51,3,93,126,103,59,115,120,94,49,101,36,127" hai3="56,79,50,60,102,129,64,44,22,99,71,95,16"/><T90/><D73/><U68/><E34/><V30/><F36/><W110/><G110/><T53/><D105/><U13/><E123/><V28/><F3/><W72/><G71/><T118/><D112/><U67/><E119/><V52/><F120/><W26/><G72/><T20/><D125/><N who="2" m="47626" /><F115/><W8/><G79/><T29/><D43/><U35/><E35/><V132/><F132/><W27/><G129/><T70/><D70/><U65/><E78/><V97/><F49/><W74/><G74/><T82/><D111/><U47/><E41/><V81/><F81/><W17/><G8/><T85/><D85/><U122/><E122/><V21/><F21/><W80/><G80/><T12/><D12/><U6/><REACH who="1" step="1"/><E10/><REACH who="1" ten="383,179,239,189" step="2"/><V113/><F113/><W131/><G131/><T134/><D118/><U114/><E114/><V108/><F108/><W106/><G106/><T45/><D116/><U77/><E77/><V33/><F33/><W107/><G107/><T25/><D134/><U69/><AGARI ba="0,1" hai="4,5,6,9,13,37,40,47,62,63,65,67,68,69" machi="69" ten="20,12000,2" yaku="1,1,0,1,7,1,9,1,53,2" doraHai="124" doraHaiUra="58" who="1" fromWho="1" sc="383,-60,179,130,239,-30,189,-30" /><INIT seed="5,0,0,0,2,128" ten="323,309,209,159" oya="1" hai0="121,88,90,110,133,3,64,135,36,52,68,11,126" hai1="100,74,48,40,84,1,66,123,8,127,47,130,39" hai2="25,46,29,129,116,92,32,69,14,42,62,78,79" hai3="75,113,98,65,82,23,54,107,86,101,118,21,55"/><U27/><E123/><V34/><F116/><W85/><G118/><T60/><D110/><U120/><E120/><V61/><F129/><W96/><G113/><T10/><D121/><U91/><E130/><V0/><F0/><W77/><G65/><T49/><D36/><U104/><E74/><V6/><F34/><W57/><G98/><T93/><D126/><U115/><E115/><V134/><F69/><W37/><G37/><T108/><D108/><U5/><E127/><V70/><F70/><W111/><G111/><T44/><D90/><U132/><E66/><V7/><F92/><W22/><REACH who="3" step="1"/><G55/><REACH who="3" ten="323,309,209,149" step="2"/><T9/><REACH who="0" step="1"/><D3/><REACH who="0" ten="313,309,209,149" step="2"/><U81/><E39/><V117/><F117/><W19/><G19/><T114/><D114/><U24/><E1/><V83/><F6/><W13/><G13/><T35/><D35/><U71/><E100/><V59/><F7/><W99/><G99/><AGARI ba="0,2" hai="9,10,11,44,49,52,60,64,68,88,93,99,133,135" machi="99" ten="40,8000,1" yaku="1,1,52,2,54,2,53,0" doraHai="128" doraHaiUra="122" who="0" fromWho="3" sc="313,100,309,0,209,0,149,-80" /><INIT seed="6,0,0,0,2,132" ten="413,309,209,69" oya="2" hai0="122,54,89,24,105,63,125,99,64,109,41,70,45" hai1="8,80,5,20,47,2,49,1,79,36,33,121,106" hai2="32,113,74,11,12,58,9,38,116,104,40,115,16" hai3="92,13,4,123,59,15,43,126,76,110,66,53,50"/><V44/><F116/><W107/><G123/><T100/><D109/><U130/><E121/><V3/><F32/><W128/><G110/><T60/><D89/><U131/><E33/><V61/><F104/><W21/><G107/><T69/><D24/><U71/><E2/><V93/><F74/><W101/><G128/><T86/><D86/><U17/><E71/><V119/><F119/><W133/><G133/><T34/><D34/><U65/><E65/><V27/><F27/><W10/><G66/><T19/><D19/><U51/><E106/><V103/><F3/><W28/><G76/><T94/><D54/><U98/><E98/><V75/><F75/><W26/><G43/><T82/><D82/><U77/><E77/><V48/><F38/><W135/><G135/><T112/><D63/><U18/><E18/><V124/><F124/><W67/><G67/><T111/><D125/><U91/><E91/><V72/><F72/><W114/><G114/><N who="2" m="43529" /><F9/><W6/><G126/><T73/><D112/><U56/><E131/><V29/><F29/><W57/><G57/><T97/><D105/><U120/><E130/><V22/><F11/><W39/><G39/><T95/><D73/><N who="1" m="43119" /><E120/><V88/><F103/><W25/><G25/><T31/><D31/><U90/><E90/><V46/><F46/><W14/><G10/><T117/><D122/><U42/><E56/><V102/><F102/><W23/><G23/><T134/><D117/><U30/><E30/><V0/><F0/><W118/><G118/><T68/><D134/><U108/><E108/><V7/><F58/><W96/><G96/><RYUUKYOKU ba="0,0" sc="413,-15,309,15,209,-15,69,15" hai1="1,5,8,17,20,36,42,47,49,51" hai3="4,6,13,14,15,21,26,28,50,53,59,92,101" /><INIT seed="7,1,0,5,3,26" ten="398,324,194,84" oya="3" hai0="18,5,48,123,46,54,81,59,29,132,70,107,93" hai1="35,105,130,97,83,19,63,60,116,131,108,52,72" hai2="118,0,16,78,34,77,21,13,86,30,37,2,45" hai3="128,135,42,87,7,126,75,14,20,33,55,6,95"/><W112/><G75/><T57/><D107/><U96/><E108/><V41/><F118/><W79/><G33/><T94/><D70/><U110/><E110/><V49/><F37/><W98/><G112/><T92/><D132/><U85/><E72/><V125/><F125/><W120/><G120/><T113/><D113/><U104/><E116/><V115/><F115/><W127/><G135/><T47/><D5/><U43/><E43/><V53/><F41/><W101/><G128/><T31/><D81/><U44/><E35/><V67/><F67/><W39/><G55/><N who="0" m="31975" /><D18/><U90/><E105/><V51/><F51/><W117/><G117/><T103/><D103/><U111/><E111/><V32/><F32/><W121/><G121/><T25/><D25/><U10/><E104/><V119/><F0/><W62/><G62/><N who="0" m="36215" /><D123/><U106/><E106/><V109/><F86/><W8/><G7/><T84/><D84/><U122/><E122/><V89/><F89/><W74/><G74/><T66/><D66/><U68/><E68/><V69/><F21/><W22/><G39/><T129/><D129/><U82/><E82/><V40/><F40/><W9/><G42/><T12/><D12/><N who="1" m="7575" /><E131/><V91/><F49/><W11/><G6/><T99/><D99/><N who="1" m="37963" /><E130/><V4/><F2/><W38/><G38/><T102/><D102/><U80/><E80/><V23/><F53/><W71/><G71/><T133/><D133/><U65/><E65/><V114/><F45/><AGARI ba="1,0" hai="29,31,45,46,47,92,93,94" m="36215,31975" machi="45" ten="30,3900,0" yaku="8,1,52,2" doraHai="26" who="0" fromWho="2" sc="398,42,324,0,194,-42,84,0" owari="440,54.0,324,12.4,152,-24.8,84,-41.6" /></mjloggm>