<mjloggm ver="2.3"><GO type="169" lobby="0"/><UN n0="%E3%81%A1%E3%82%83%E3%82%8B%E3%82%81%E3%82%89" n1="%E3%82%88%E3%81%B4" n2="%E3%81%94%E3%82%8B%E3%81%AF%E3%82%80%33%30" n3="%41%72%69%61" dan="17,17,17,16" rate="2182.54,2134.53,2183.84,2146.37" sx="M,M,F,F"/><TAIKYOKU oya="0"/><INIT seed="0,0,0,4,1,2" ten="250,250,250,250" oya="0" hai0="127,122,110,80,85,56,37,96,6,129,119,63,29" hai1="106,67,32,49,113,84,79,83,102,120,42,65,8" hai2="135,19,97,50,104,26,39,33,134,9,47,54,16" hai3="3,72,109,71,131,118,51,53,11,0,123,24,13"/><T70/><D119/><U60/><E32/><V116/><F116/><W128/><G72/><T114/><D122/><U58/><E120/><V98/><F39/><W4/><G118/><T46/><D114/><U66/><E113/><V93/><F104/><W91/><G123/><T10/><D70/><U88/><E102/><V22/><F33/><W64/><G109/><T48/><D37/><U89/><E106/><V45/><F45/><W76/><G76/><T62/><D110/><U95/><E89/><V69/><F69/><W99/><G64/><T17/><D127/><U1/><E1/><V86/><F86/><W81/><G71/><T43/><D29/><U30/><E30/><V77/><F77/><W82/><G24/><T21/><D96/><U75/><E8/><V107/><F107/><W115/><G115/><T31/><D31/><U15/><E15/><N who="2" m="7279" /><F93/><N who="3" m="56767" /><G0/><T44/><D129/><N who="3" m="49737" /><G3/><T27/><D46/><AGARI ba="0,0" hai="4,11,13,46,51,53,81,82" m="49737,56767" machi="46" ten="30,2000,0" yaku="19,1,52,1" doraHai="2" who="3" fromWho="0" sc="250,-20,250,0,250,0,250,20" /><INIT seed="1,0,0,2,0,39" ten="230,250,250,270" oya="1" hai0="13,85,76,26,68,101,32,67,130,20,50,134,28" hai1="131,66,7,3,36,72,62,95,124,55,77,24,70" hai2="56,100,113,128,12,107,111,81,65,22,97,103,74" hai3="46,64,110,44,25,45,75,93,21,82,41,87,16"/><U4/><E124/><V121/><F121/><W14/><G110/><T90/><D130/><U133/><E131/><V94/><F128/><W31/><G75/><T105/><D134/><U78/><E133/><V11/><F111/><W106/><G106/><T91/><D76/><U60/><E36/><V10/><F113/><W86/><G64/><T104/><D104/><U63/><E63/><V1/><F1/><W49/><G93/><T88/><D50/><U119/><E119/><V69/><F69/><W132/><G87/><T43/><D43/><U71/><E3/><V123/><F123/><W126/><G126/><T51/><D51/><U61/><E61/><V125/><F125/><W53/><G53/><T33/><D67/><U8/><E8/><V117/><F117/><W23/><REACH who="3" step="1"/><G132/><REACH who="3" ten="230,250,250,260" step="2"/><T37/><D105/><U98/><E72/><V84/><F74/><W48/><G48/><T57/><D37/><U73/><E73/><V19/><F107/><W59/><G59/><T40/><D57/><U79/><E71/><V9/><F65/><W54/><G54/><T102/><D85/><U118/><E55/><V15/><F56/><W47/><G47/><T116/><D68/><U112/><E118/><V30/><F94/><W34/><G34/><N who="0" m="13419" /><D116/><U115/><E62/><V109/><F109/><W2/><G2/><T29/><D40/><U80/><E60/><V120/><F120/><W18/><G18/><N who="0" m="10319" /><D29/><U52/><E66/><V5/><F30/><W0/><G0/><T27/><D28/><U92/><E70/><V129/><F129/><W108/><G108/><T17/><D17/><RYUUKYOKU ba="0,1" sc="230,15,250,-15,250,-15,260,15" hai0="26,27,88,90,91,101,102" hai3="14,16,21,23,25,31,41,44,45,46,49,82,86" /><INIT seed="2,1,1,4,1,75" ten="245,235,235,275" oya="2" hai0="73,129,80,84,96,39,86,133,10,132,5,59,97" hai1="47,87,51,123,98,110,49,74,104,91,23,114,134" hai2="42,60,71,50,69,131,122,33,27,53,68,116,34" hai3="54,106,81,22,77,66,12,24,15,16,18,21,9"/><V130/><F116/><W93/><G106/><T20/><D39/><U11/><E74/><V82/><F122/><W17/><G66/><T2/><D20/><U124/><E114/><V43/><F82/><W46/><G93/><T119/><D119/><U57/><E110/><V83/><F83/><W118/><G118/><T135/><D129/><N who="2" m="49162" /><F27/><W111/><G111/><T37/><D37/><U13/><E124/><V58/><F34/><W102/><G102/><T7/><D7/><U121/><E134/><V89/><F89/><W65/><G65/><T19/><D19/><U31/><E98/><N who="0" m="37993" /><D59/><U90/><E104/><V105/><F33/><W108/><G108/><T63/><D63/><U32/><E32/><V120/><F105/><W78/><G81/><T62/><D62/><U41/><E87/><V1/><F1/><W55/><G46/><T126/><D126/><U95/><E95/><V103/><F103/><W4/><G4/><T3/><D3/><U35/><E35/><V117/><F120/><W99/><G99/><T28/><D28/><U26/><E121/><V61/><F117/><W38/><G38/><T107/><D107/><U100/><E100/><V25/><F25/><W70/><G70/><T6/><D6/><N who="1" m="3319" /><E123/><V79/><F79/><AGARI ba="1,1" hai="9,12,15,16,17,18,21,22,24,54,55,77,78,79" machi="79" ten="40,8000,1" yaku="8,1,52,3,54,1" doraHai="75" who="3" fromWho="2" sc="245,0,235,0,235,-83,275,93" /><AGARI ba="1,0" hai="2,5,10,73,79,80,84,86,132,133,135" m="37993" machi="79" ten="40,2600,0" yaku="20,1,52,1" doraHai="75" who="0" fromWho="2" sc="245,26,235,0,152,-26,368,0" /><INIT seed="3,0,0,0,3,112" ten="271,235,126,368" oya="3" hai0="21,115,80,19,71,117,46,94,26,91,125,133,33" hai1="47,99,58,35,37,72,38,25,39,85,66,81,93" hai2="102,45,55,127,41,75,89,96,62,134,43,76,119" hai3="100,79,86,53,44,68,60,52,105,17,57,67,2"/><W28/><G2/><T30/><D115/><U51/><E72/><V8/><F127/><W132/><G132/><T5/><D125/><U56/><E35/><V118/><F134/><W49/><G28/><T18/><D71/><U87/><E25/><V40/><F75/><W103/><G105/><T6/><D133/><U16/><E66/><V64/><F76/><W13/><G79/><T69/><D69/><U83/><E85/><V130/><F130/><W7/><G7/><T78/><D117/><U110/><E110/><V0/><F89/><W82/><G68/><T97/><D46/><U129/><E129/><V20/><F20/><W108/><G108/><T109/><D109/><U27/><E58/><V107/><F8/><W98/><G53/><T63/><D63/><U4/><E56/><V135/><F0/><W23/><G98/><T111/><D111/><U10/><E87/><V54/><F135/><W31/><G31/><T123/><D123/><U113/><E4/><V74/><F74/><W12/><G12/><T88/><D91/><U104/><E104/><V101/><F101/><W42/><G67/><T92/><D92/><U70/><E70/><V84/><F84/><W32/><G32/><T3/><D3/><U50/><E83/><V120/><F120/><W73/><G73/><N who="0" m="43087" /><D19/><U65/><E81/><V61/><F64/><W106/><G106/><T116/><D116/><N who="2" m="44586" /><F55/><W122/><G122/><T128/><D128/><U131/><E113/><V11/><F11/><W124/><G124/><T36/><D36/><U48/><E131/><V22/><F22/><W121/><G121/><RYUUKYOKU ba="0,0" sc="271,10,235,-30,126,10,368,10" hai0="5,6,18,21,26,30,33,88,94,97" hai2="40,41,43,45,54,61,62,96,102,107" hai3="13,17,23,42,44,49,52,57,60,82,86,100,103" /><INIT seed="3,1,0,1,0,2" ten="281,205,136,378" oya="3" hai0="12,18,48,131,72,24,100,125,76,95,93,96,122" hai1="106,32,79,33,129,104,86,16,85,29,83,81,15" hai2="71,128,14,31,64,19,102,124,59,30,75,91,116" hai3="80,94,126,65,110,53,103,28,6,87,26,119,55"/><W127/><G119/><T43/><D122/><U101/><E129/><V77/><F116/><W56/><G110/><T44/><D131/><U111/><E111/><V133/><F128/><W42/><G42/><T38/><D125/><N who="3" m="47625" /><G65/><T120/><D120/><U92/><E92/><V11/><F124/><W70/><G70/><T109/><D109/><U123/><E123/><V47/><F71/><W20/><G56/><T61/><D61/><U63/><E63/><V50/><F133/><W90/><G6/><T46/><D24/><U1/><E1/><V22/><F102/><W82/><G82/><T40/><D72/><U9/><E29/><V67/><F75/><W105/><G105/><T41/><D76/><U62/><E62/><V118/><F77/><N who="3" m="46479" /><G103/><T66/><D66/><U135/><E135/><V108/><F59/><W51/><G51/><T7/><D7/><U132/><E132/><V99/><F108/><W115/><G115/><T52/><REACH who="0" step="1"/><D93/><REACH who="0" ten="271,205,136,378" step="2"/><U27/><E27/><N who="2" m="14815" /><F118/><W68/><G68/><T45/><D45/><U69/><E69/><V3/><F67/><W37/><G37/><T88/><D88/><U107/><E101/><V34/><F64/><W0/><G0/><T10/><AGARI ba="1,1" hai="10,12,18,38,40,41,43,44,46,48,52,95,96,100" machi="10" ten="20,5200,0" yaku="1,1,0,1,7,1,54,1,53,0" doraHai="2" doraHaiUra="58" who="0" fromWho="0" sc="271,65,205,-14,136,-14,378,-27" /><INIT seed="4,0,0,5,5,42" ten="336,191,122,351" oya="0" hai0="20,83,18,58,100,21,72,109,93,53,104,82,22" hai1="51,33,106,80,67,85,119,128,98,124,84,69,12" hai2="29,132,113,133,4,49,103,73,41,32,118,79,65" hai3="14,19,31,30,120,59,125,116,66,92,96,74,117"/><T76/><D104/><U37/><E37/><V114/><F118/><W107/><G74/><T122/><D122/><U64/><E33/><V95/><F4/><W55/><G107/><T111/><D83/><U112/><E106/><V71/><F29/><W108/><G108/><N who="0" m="41547" /><D93/><U115/><E98/><V68/><F32/><W62/><G120/><T52/><D100/><U10/><E69/><N who="2" m="26699" /><F79/><W70/><G125/><T88/><D88/><U130/><E124/><V56/><F73/><W86/><G86/><N who="1" m="33386" /><E80/><V105/><F95/><W134/><G117/><T13/><D58/><U50/><E119/><V0/><F0/><W81/><G81/><T57/><D57/><U110/><E110/><V102/><F102/><W1/><G116/><T27/><D27/><U45/><E51/><V44/><F103/><W135/><G92/><T40/><D40/><N who="1" m="24871" /><E67/><V38/><F105/><W9/><G96/><T126/><D126/><U61/><E61/><V17/><F65/><W77/><G77/><T89/><D89/><U121/><E64/><V127/><F127/><W8/><G66/><T36/><D36/><U60/><E60/><V23/><F56/><W25/><G70/><T99/><D99/><U46/><E121/><V2/><F38/><W90/><G90/><T78/><D78/><U129/><E46/><V97/><F97/><W15/><G62/><T54/><AGARI ba="0,0" hai="13,18,20,21,22,52,53,54,72,76,82" m="41547" machi="54" ten="30,3000,0" yaku="10,1,54,1" doraHai="42" who="0" fromWho="0" sc="336,30,191,-10,122,-10,351,-10" /><INIT seed="4,1,0,4,0,46" ten="366,181,112,341" oya="0" hai0="97,133,75,119,129,34,15,101,125,41,130,121,58" hai1="18,68,50,17,91,44,12,48,85,0,108,49,79" hai2="92,123,90,135,80,70,66,86,118,9,63,23,37" hai3="54,117,76,60,56,87,81,122,128,3,71,61,4"/><T116/><D34/><U31/><E0/><V32/><F32/><W1/><G117/><T43/><D121/><U83/><E68/><V95/><F123/><W62/><G122/><T28/><D28/><U134/><E108/><V38/><F118/><W93/><G128/><N who="0" m="49259" /><D75/><U13/><E31/><V112/><F112/><W105/><G105/><T131/><D131/><U51/><E134/><V6/><F135/><W5/><G71/><T74/><D74/><U132/><E132/><V82/><F23/><W21/><G1/><T14/><D133/><U120/><E120/><V11/><F92/><W57/><G3/><T78/><D78/><U33/><E33/><V69/><F69/><W124/><G124/><T72/><D72/><U26/><E79/><V73/><F11/><W99/><G21/><T29/><D29/><U111/><E111/><V10/><F9/><W127/><G127/><T64/><D125/><U24/><E13/><N who="0" m="4617" /><D43/><N who="1" m="24607" /><E17/><V35/><F35/><W59/><REACH who="3" step="1"/><G54/><REACH who="3" ten="366,181,112,331" step="2"/><T89/><D119/><U114/><E114/><V104/><F104/><W55/><G55/><T102/><D116/><U52/><E52/><V42/><F70/><W25/><G25/><T39/><D64/><U45/><E45/><V77/><F66/><W65/><G65/><T94/><D58/><U96/><E96/><V8/><F42/><W53/><G53/><T20/><D20/><AGARI ba="1,1" hai="12,18,20,24,26,49,50,51,83,85,91" m="24607" machi="20" ten="30,8000,1" yaku="8,1,52,4" doraHai="46" who="1" fromWho="0" sc="366,-83,181,93,112,0,331,0" /><INIT seed="5,0,0,0,2,16" ten="283,274,112,331" oya="1" hai0="79,66,100,43,106,111,127,128,62,3,97,95,40" hai1="67,35,71,81,47,90,64,29,53,15,0,1,129" hai2="93,5,11,9,24,77,55,20,39,110,21,49,13" hai3="59,30,112,44,23,69,80,121,91,78,101,135,70"/><U104/><E104/><V73/><F39/><W88/><G121/><T12/><D111/><U14/><E129/><V26/><F110/><W46/><G101/><T98/><D128/><U102/><E102/><V17/><F73/><W130/><G130/><T36/><D3/><U58/><E71/><V105/><F105/><W68/><G135/><T117/><D117/><U83/><E47/><V87/><F11/><W18/><G30/><T2/><D2/><U108/><E29/><V122/><F122/><W65/><G112/><T54/><D127/><U41/><E41/><V19/><F93/><W34/><G34/><T74/><D54/><U126/><E35/><V84/><REACH who="2" step="1"/><F77/><REACH who="2" ten="283,274,102,331" step="2"/><W25/><G78/><T45/><D79/><U33/><E108/><V89/><F89/><W7/><G88/><T119/><D74/><U60/><E90/><V99/><F99/><W75/><G91/><T28/><D98/><U76/><E76/><V92/><F92/><W94/><G94/><T48/><D106/><U103/><E103/><V125/><F125/><W52/><G75/><T118/><D119/><U4/><E126/><V22/><F22/><W50/><G80/><T107/><D107/><U131/><E33/><V42/><F42/><W114/><G23/><T38/><D118/><U51/><E83/><V96/><F96/><W57/><G114/><T115/><D115/><U32/><E32/><V86/><F86/><W6/><G6/><T82/><D82/><U63/><E81/><V27/><F27/><W85/><G7/><T61/><D40/><U37/><E131/><V8/><F8/><RYUUKYOKU ba="0,1" sc="283,-10,274,-10,102,30,331,-10" hai2="5,9,13,17,19,20,21,24,26,49,55,84,87" /><INIT seed="6,1,1,1,5,110" ten="273,264,132,321" oya="2" hai0="78,104,79,15,23,50,64,112,93,82,135,86,77" hai1="107,35,21,60,36,130,5,108,118,75,133,8,34" hai2="124,106,46,55,43,57,126,28,88,18,116,16,26" hai3="74,52,45,33,41,44,85,24,53,98,111,83,114"/><V12/><F116/><W20/><G111/><T3/><D3/><U27/><E60/><V51/><F106/><W38/><G74/><T123/><D104/><U129/><E36/><V2/><F2/><W61/><G33/><T101/><D123/><U72/><E72/><V65/><F65/><W122/><G122/><T32/><D32/><N who="1" m="12331" /><E75/><V113/><F113/><W0/><G0/><T115/><D64/><U62/><E62/><V59/><F26/><W117/><G114/><N who="0" m="43563" /><D135/><U37/><E37/><V76/><F76/><W10/><G10/><T109/><D50/><U17/><E107/><V94/><F28/><W127/><G45/><T105/><D105/><U89/><E8/><V11/><F18/><W68/><G98/><N who="0" m="59599" /><D109/><U31/><E133/><V100/><F100/><W132/><G132/><T120/><D120/><U54/><E108/><V121/><F121/><W30/><G117/><T66/><D66/><U4/><E118/><V14/><F14/><W6/><G61/><T103/><D103/><U90/><E130/><V42/><F59/><W58/><G58/><T71/><D71/><U95/><E129/><V128/><F128/><W40/><G38/><T67/><D67/><U47/><E47/><V84/><REACH who="2" step="1"/><F43/><REACH who="2" ten="273,264,122,321" step="2"/><W1/><G41/><T102/><D102/><U25/><E25/><V29/><F29/><W87/><G30/><T92/><D92/><U49/><E31/><V56/><F56/><W13/><G40/><T22/><D15/><U80/><E95/><V63/><AGARI ba="1,2" hai="11,12,16,42,46,51,55,57,63,84,88,94,124,126" machi="63" ten="30,18000,2" yaku="1,1,0,1,54,2,53,2" doraHai="110" doraHaiUra="134" who="2" fromWho="2" sc="273,-61,264,-61,122,203,321,-61" /><INIT seed="6,2,0,3,0,39" ten="212,203,325,260" oya="2" hai0="112,84,100,83,16,126,130,94,61,134,65,108,129" hai1="96,73,133,104,93,52,8,50,114,86,85,19,69" hai2="111,102,128,4,0,42,44,70,132,63,60,5,92" hai3="20,46,21,98,79,127,32,36,25,12,22,78,75"/><V29/><F128/><N who="0" m="49258" /><D108/><U119/><E73/><V123/><F123/><W89/><G127/><T26/><D126/><U43/><E69/><V125/><F125/><W17/><G32/><T109/><D109/><U6/><E104/><V80/><F111/><W28/><G75/><T87/><D112/><U124/><E119/><V81/><F29/><W62/><G62/><T113/><D113/><U135/><E19/><V45/><F132/><N who="1" m="50761" /><E43/><V58/><F70/><W30/><G36/><T97/><D134/><U101/><E114/><V68/><F68/><W95/><G46/><T53/><D53/><U77/><E77/><V38/><F45/><W71/><G71/><N who="0" m="42415" /><D83/><U57/><E124/><V91/><F63/><W55/><G55/><T49/><D49/><U66/><E66/><V67/><F102/><W10/><G10/><T11/><D11/><U118/><E118/><V24/><F80/><W59/><G59/><T47/><D47/><U48/><E50/><V121/><F81/><W72/><G72/><T120/><D120/><U3/><AGARI ba="2,0" hai="3,6,8,48,52,57,85,86,93,96,101" m="50761" machi="3" ten="30,2000,0" yaku="20,1,54,1" doraHai="39" who="1" fromWho="1" sc="212,-7,203,26,325,-12,260,-7" /><INIT seed="7,0,0,2,1,102" ten="205,229,313,253" oya="3" hai0="22,79,89,105,78,28,112,128,73,61,33,56,133" hai1="18,35,0,83,55,116,122,13,7,66,62,110,100" hai2="57,90,29,82,71,30,124,74,38,70,113,72,5" hai3="127,17,51,52,39,86,129,67,46,111,93,125,109"/><W21/><G67/><T101/><D33/><U10/><E35/><V36/><F5/><W135/><G135/><T134/><D128/><U84/><E110/><N who="3" m="41994" /><G129/><T31/><D89/><U118/><E100/><V64/><F90/><N who="3" m="53463" /><G39/><T99/><D112/><U16/><E55/><V69/><F113/><W97/><G97/><T106/><D105/><U53/><E53/><V126/><F57/><W75/><G75/><N who="2" m="28713" /><F82/><W59/><G46/><T131/><D131/><U47/><E47/><V32/><F32/><W63/><G63/><T115/><D115/><U130/><E122/><V40/><F40/><W85/><G85/><T11/><D11/><U44/><E44/><V132/><F64/><W80/><G80/><T94/><D94/><U15/><E130/><V6/><F132/><N who="0" m="50794" /><D73/><U92/><E92/><V65/><F65/><W2/><G2/><T8/><D8/><U45/><E45/><V119/><F119/><N who="1" m="45609" /><E0/><V50/><F38/><W20/><G20/><T108/><D108/><U95/><E95/><V60/><F36/><W19/><G19/><T26/><D31/><U114/><E114/><V25/><F30/><W68/><G68/><T120/><D120/><U88/><E15/><AGARI ba="0,0" hai="15,17,21,51,52,59,125,127" m="53463,41994" machi="15" ten="30,5800,0" yaku="25,1,10,1,54,1" doraHai="102" who="3" fromWho="1" sc="205,0,229,-58,313,0,253,58" /><INIT seed="7,1,0,1,1,29" ten="205,171,313,311" oya="3" hai0="85,59,94,96,17,95,53,75,135,124,61,16,116" hai1="14,28,98,9,97,3,19,111,10,21,126,100,51" hai2="50,106,74,119,81,47,38,57,84,101,118,86,48" hai3="24,55,27,45,58,69,108,130,128,43,0,73,18"/><W76/><G69/><T60/><D75/><U90/><E126/><V4/><F74/><W33/><G0/><T13/><D124/><U25/><E111/><V54/><F38/><N who="3" m="21751" /><G33/><T103/><D116/><U110/><E110/><V77/><F4/><W7/><G7/><T78/><D135/><U107/><E3/><V92/><F106/><W88/><G88/><N who="0" m="53519" /><D78/><U80/><E51/><V64/><F64/><W62/><G108/><T93/><D93/><U115/><E115/><V82/><F92/><W40/><G40/><T8/><D61/><U1/><E1/><V34/><F34/><W63/><G18/><AGARI ba="1,0" hai="8,13,16,17,18,53,59,60,95,96,103" m="53519" machi="18" ten="30,3900,0" yaku="8,1,54,2" doraHai="29" who="0" fromWho="3" sc="205,42,171,0,313,0,311,-42" owari="247,-15.3,171,-32.9,313,41.3,269,6.9" /></mjloggm>