<mjloggm ver="2.3"><GO type="169" lobby="0"/><UN n0="%E3%83%A8%E3%83%BC%E3%83%BB%E3%83%9E%E3%82%A4%E3%82%AB" n1="%E3%83%94%E3%83%B3%E3%82%B5%E3%83%AD%E5%BA%97%E5%93%A1" n2="%E7%99%BD%E3%81%AE%E7%A9%BA" n3="%53%6F%6C%69%64" dan="17,17,17,17" rate="2201.10,2261.29,2218.71,2158.74" sx="M,M,M,M"/><TAIKYOKU oya="0"/><INIT seed="0,0,0,4,0,59" ten="250,250,250,250" oya="0" hai0="64,79,107,7,48,74,24,129,131,67,110,31,33" hai1="15,9,114,85,1,103,113,81,6,98,29,104,70" hai2="97,83,36,133,3,109,2,18,23,0,69,102,58" hai3="38,32,84,52,44,20,106,118,68,96,34,37,130"/><T60/><D7/><U42/><E70/><V121/><F69/><W82/><G118/><T76/><D107/><U77/><E29/><V95/><F121/><W124/><G68/><N who="0" m="41991" /><D48/><U19/><REACH who="1" step="1"/><E42/><REACH who="1" ten="250,240,250,250" step="2"/><V22/><F109/><W93/><G34/><T57/><D110/><U132/><E132/><V40/><F133/><W80/><G32/><T55/><D74/><U92/><E92/><V127/><F40/><W128/><G93/><T25/><D31/><U10/><AGARI ba="0,1" hai="1,6,9,10,15,19,77,81,85,98,103,104,113,114" machi="10" ten="30,2000,0" yaku="1,1,0,1,53,0" doraHai="59" doraHaiUra="16" who="1" fromWho="1" sc="250,-10,240,30,250,-5,250,-5" /><INIT seed="1,0,0,0,3,33" ten="240,270,245,245" oya="1" hai0="26,37,41,126,128,62,97,50,17,63,132,51,39" hai1="118,38,32,133,0,131,92,18,115,84,135,35,122" hai2="27,52,82,20,21,70,77,23,15,99,34,108,109" hai3="64,119,60,3,8,91,98,105,19,94,49,22,125"/><U47/><E115/><V106/><F70/><W89/><G125/><T42/><D97/><U113/><E113/><V66/><F66/><W75/><G75/><T95/><D95/><U28/><E118/><V11/><F34/><W40/><G119/><T31/><D17/><U59/><E122/><V93/><F106/><W53/><G105/><T55/><D26/><U45/><E131/><V54/><F27/><W14/><G40/><T76/><D76/><U121/><E121/><V130/><F130/><W81/><G81/><T48/><D31/><U96/><E84/><V114/><F114/><W74/><G74/><T10/><D10/><U6/><E59/><V80/><F108/><W83/><G83/><T88/><D88/><N who="1" m="55303" /><E18/><V61/><F109/><W103/><G3/><T127/><D128/><U129/><E38/><N who="0" m="14345" /><D132/><N who="1" m="50763" /><E129/><V2/><F77/><W134/><G134/><T57/><D127/><U12/><E12/><V72/><F72/><W58/><REACH who="3" step="1"/><G8/><REACH who="3" ten="240,270,245,235" step="2"/><T78/><D126/><U117/><E117/><V100/><F2/><W116/><G116/><T4/><D78/><U111/><E111/><V36/><F36/><W43/><G43/><N who="0" m="16395" /><D4/><U29/><E6/><V5/><F80/><W7/><G7/><T9/><D9/><U104/><E0/><V120/><F120/><W25/><G25/><T69/><D69/><AGARI ba="0,1" hai="14,19,22,49,53,58,60,64,69,89,91,94,98,103" machi="69" ten="30,2000,0" yaku="1,1,7,1,53,0" doraHai="33" doraHaiUra="68" who="3" fromWho="0" sc="240,-20,270,0,245,0,235,30" /><INIT seed="2,0,0,1,2,46" ten="220,270,245,265" oya="2" hai0="56,14,32,79,92,128,117,114,45,37,13,5,130" hai1="78,31,34,111,71,76,47,84,77,100,61,82,51" hai2="113,102,89,64,3,127,108,72,42,116,0,87,33" hai3="62,19,99,80,1,40,9,73,59,106,125,10,65"/><V133/><F113/><W126/><G40/><N who="0" m="22671" /><D114/><U50/><E111/><V101/><F116/><W18/><G106/><T104/><D104/><U105/><E34/><V124/><F33/><W52/><G99/><T85/><D32/><U69/><E31/><V94/><F42/><W107/><G107/><T110/><D117/><U49/><E47/><V43/><F43/><W115/><G115/><T91/><D110/><U39/><E39/><V121/><F121/><W36/><G36/><T83/><D56/><U54/><E54/><V120/><F120/><W96/><G96/><N who="0" m="57375" /><D5/><U97/><REACH who="1" step="1"/><E61/><REACH who="1" ten="220,260,245,265" step="2"/><V27/><F108/><W44/><G44/><T60/><D60/><U26/><E26/><V93/><F27/><W48/><G65/><T55/><D55/><U68/><AGARI ba="0,1" hai="49,50,51,68,69,71,76,77,78,82,84,97,100,105" machi="68" ten="40,8000,1" yaku="1,1,0,1,52,3,53,0" doraHai="46" doraHaiUra="122" who="1" fromWho="1" sc="220,-20,260,90,245,-40,265,-20" /><INIT seed="3,0,0,4,2,107" ten="200,350,205,245" oya="3" hai0="66,39,122,42,128,53,29,109,119,58,132,14,38" hai1="41,95,6,17,113,78,85,125,43,55,13,81,2" hai2="28,3,32,63,62,56,91,72,50,75,120,101,60" hai3="1,31,123,73,18,87,104,103,51,80,34,11,47"/><W97/><G123/><T117/><D14/><U45/><E113/><V110/><F3/><W26/><G1/><T86/><D86/><U59/><E125/><V12/><F120/><W40/><G11/><T116/><D29/><U89/><E6/><V52/><F101/><W19/><REACH who="3" step="1"/><G73/><REACH who="3" ten="200,350,205,235" step="2"/><T9/><D122/><U93/><E2/><V44/><F110/><W115/><G115/><T22/><D9/><U7/><E7/><V57/><F72/><W105/><G105/><T71/><D116/><U64/><E95/><V134/><F75/><W35/><G35/><T76/><D119/><U114/><E114/><V111/><F111/><W24/><G24/><T23/><D117/><U10/><E64/><V4/><F134/><W49/><G49/><T112/><D109/><U36/><E36/><V92/><F12/><W20/><G20/><T0/><D23/><U100/><E10/><V106/><F106/><W37/><G37/><T21/><D22/><U67/><E67/><V90/><F4/><W127/><G127/><T88/><D21/><U118/><E118/><V126/><F126/><W135/><G135/><T30/><D0/><U129/><E13/><V8/><F8/><W65/><G65/><T79/><D66/><U96/><E93/><V131/><F92/><W102/><G102/><T121/><D39/><U130/><E100/><V46/><F32/><W77/><AGARI ba="0,1" hai="18,19,26,31,34,40,47,51,77,80,87,97,103,104" machi="77" ten="20,3900,0" yaku="1,1,0,1,7,1,53,0" doraHai="107" doraHaiUra="84" who="3" fromWho="3" sc="200,-13,350,-13,205,-13,235,49" /><INIT seed="3,1,0,1,4,74" ten="187,337,192,284" oya="3" hai0="117,100,83,11,22,25,56,19,97,17,77,10,93" hai1="52,64,123,39,122,81,15,24,55,38,99,44,118" hai2="120,126,95,41,78,13,91,58,82,92,107,33,3" hai3="80,40,108,73,60,114,85,23,36,1,115,5,79"/><W48/><G108/><T72/><D117/><U14/><E118/><V131/><F3/><W7/><G48/><T135/><D135/><U98/><E81/><V101/><F33/><W4/><G23/><T125/><D125/><U8/><E24/><V50/><F126/><W43/><G1/><T112/><D112/><U51/><E64/><V49/><F131/><W47/><G43/><T104/><D19/><U30/><E30/><V134/><F134/><W105/><G105/><T20/><D22/><U121/><E55/><V70/><F70/><W116/><G116/><T86/><D56/><U61/><E61/><V65/><F107/><W18/><G18/><T111/><D111/><U124/><E124/><V68/><F68/><W110/><G110/><T57/><D57/><U29/><E29/><V59/><F101/><W0/><G60/><T119/><D119/><U128/><E128/><V102/><F102/><W26/><G26/><T132/><D132/><U31/><E31/><V27/><F27/><W75/><REACH who="3" step="1"/><G0/><REACH who="3" ten="187,337,192,274" step="2"/><T71/><REACH who="0" step="1"/><D71/><REACH who="0" ten="177,337,192,274" step="2"/><U89/><E122/><V76/><F120/><W106/><G106/><T129/><D129/><U46/><E123/><V113/><F113/><AGARI ba="1,2" hai="4,5,7,36,40,47,73,75,79,80,85,113,114,115" machi="113" ten="40,3900,0" yaku="1,1,52,1,53,0" doraHai="74" doraHaiUra="16" who="3" fromWho="2" sc="177,0,337,0,192,-42,274,62" /><INIT seed="3,2,0,0,1,90" ten="177,337,150,336" oya="3" hai0="96,107,23,44,0,62,71,122,48,98,65,73,30" hai1="103,111,26,55,28,58,91,17,127,41,68,60,82" hai2="67,8,7,135,64,116,83,104,112,87,52,72,27" hai3="118,109,99,43,11,39,94,1,120,56,22,128,115"/><W66/><G115/><T61/><D122/><U34/><E111/><V57/><F112/><W134/><G120/><T108/><D108/><U10/><E127/><V24/><F116/><W18/><G109/><T95/><D0/><U45/><E103/><V31/><F72/><W102/><G118/><T114/><D114/><U105/><E105/><V35/><F104/><W130/><G134/><T70/><D73/><U124/><E124/><V32/><F135/><W33/><G33/><T119/><D119/><U121/><E121/><V2/><F27/><W89/><G43/><T42/><D107/><U15/><E68/><V47/><F47/><W131/><G39/><T101/><D96/><U16/><E82/><V74/><F74/><W113/><G113/><T76/><D76/><U14/><E91/><V12/><F2/><W5/><G102/><T38/><D38/><U19/><REACH who="1" step="1"/><E15/><REACH who="1" ten="177,327,150,336" step="2"/><V4/><F12/><N who="3" m="9543" /><G66/><T132/><D132/><U126/><E126/><V79/><F67/><W77/><G77/><T20/><D71/><U53/><E53/><V85/><F64/><W133/><G133/><T93/><D70/><U100/><E100/><V46/><F79/><W97/><G56/><T78/><D65/><U59/><E59/><V75/><F57/><W129/><G129/><T69/><D69/><U9/><E9/><V110/><F8/><W86/><AGARI ba="2,1" hai="1,5,11,86,89,94,97,99,128,130,131" m="9543" machi="86" ten="30,3000,0" yaku="19,1,52,1" doraHai="90" who="3" fromWho="3" sc="177,-12,327,-12,150,-12,336,46" /><INIT seed="3,3,0,5,3,119" ten="165,315,138,382" oya="3" hai0="86,92,0,18,62,25,29,52,131,76,60,68,128" hai1="99,134,58,64,2,132,21,120,16,87,65,72,109" hai2="1,4,103,19,63,46,53,35,45,66,77,42,113" hai3="41,26,3,13,30,43,91,23,50,17,7,14,85"/><W32/><G14/><T49/><D0/><U47/><E72/><V75/><F113/><W38/><G38/><T112/><D112/><U31/><E2/><V20/><F35/><W67/><G67/><T117/><D117/><U36/><E109/><V9/><F103/><W81/><REACH who="3" step="1"/><G50/><REACH who="3" ten="165,315,138,372" step="2"/><T84/><D49/><U73/><E65/><V69/><F66/><W24/><G24/><T118/><D25/><U88/><E36/><V126/><F1/><W127/><G127/><T33/><D118/><U10/><E64/><V40/><F126/><W79/><G79/><T106/><D76/><U82/><E134/><V15/><F77/><W44/><G44/><T80/><D60/><U129/><E47/><V59/><F46/><W34/><G34/><T83/><D62/><U130/><E132/><V70/><F45/><W125/><G125/><T111/><D33/><U89/><E130/><V101/><F69/><W122/><G122/><T28/><D68/><U123/><E129/><V11/><F70/><W93/><G93/><T71/><D71/><U94/><E58/><V37/><F37/><W57/><G57/><T96/><D92/><U61/><E61/><V90/><F63/><W107/><G107/><T115/><D106/><U74/><E94/><V116/><F59/><W108/><G108/><T110/><D115/><U114/><E114/><V105/><F105/><W27/><G27/><T121/><D121/><U55/><E123/><V5/><F116/><W97/><G97/><T104/><D96/><U54/><E120/><V98/><F98/><W100/><G100/><T95/><D104/><RYUUKYOKU ba="3,1" sc="165,-10,315,-10,138,-10,372,30" hai3="3,7,13,17,23,26,30,32,41,43,81,85,91" /><INIT seed="3,4,1,1,3,39" ten="155,305,128,402" oya="3" hai0="28,62,6,120,45,97,105,92,70,53,126,42,23" hai1="61,35,80,20,15,127,98,56,54,66,110,27,90" hai2="63,13,65,83,118,32,24,129,81,16,33,133,14" hai3="68,102,113,31,82,78,112,116,11,106,77,73,10"/><W117/><G68/><T64/><D120/><U51/><E110/><V2/><F118/><N who="3" m="45675" /><G31/><T52/><D126/><U34/><E127/><V119/><F119/><W76/><G11/><T47/><D105/><U132/><E132/><V124/><F124/><W38/><G38/><T100/><D6/><U1/><E1/><V49/><F133/><W103/><G10/><T69/><D69/><U74/><E15/><V37/><F37/><W115/><G106/><T86/><D86/><U21/><E21/><V130/><F2/><W26/><G26/><T30/><D47/><U123/><E123/><V131/><F49/><W75/><G82/><N who="2" m="31241" /><F24/><W5/><G5/><T96/><D97/><U22/><E22/><N who="2" m="11535" /><F14/><W121/><G121/><T40/><D70/><AGARI ba="4,1" hai="32,33,63,65,70,129,130,131" m="11535,31241" machi="70" ten="30,2000,0" yaku="19,1,54,1" doraHai="39" who="2" fromWho="0" sc="155,-32,305,0,128,42,402,0" /><INIT seed="4,0,0,1,2,111" ten="123,305,170,402" oya="0" hai0="61,5,60,128,18,49,55,82,94,3,95,132,57" hai1="131,34,117,54,88,21,67,12,38,65,39,20,15" hai2="70,81,0,48,125,30,113,135,122,90,130,112,89" hai3="42,53,100,28,4,37,116,105,73,69,99,114,86"/><T91/><D128/><U27/><E131/><V17/><F122/><W124/><G73/><T80/><D132/><U6/><E117/><V40/><F0/><W85/><G116/><T126/><D3/><U110/><E110/><V121/><F121/><W96/><G69/><T14/><D5/><U63/><E34/><V1/><F1/><W93/><G124/><T36/><D36/><U119/><E119/><V24/><F70/><W92/><G28/><T74/><D126/><U68/><E67/><V33/><F125/><W47/><G4/><T43/><D95/><U31/><E54/><V97/><F130/><W127/><G127/><T109/><D109/><U108/><E108/><V10/><F135/><W84/><G114/><N who="2" m="44137" /><F97/><W51/><G99/><T32/><D32/><U26/><E88/><N who="2" m="33899" /><F81/><N who="0" m="31338" /><D74/><U9/><E15/><N who="2" m="7415" /><F48/><W87/><G87/><N who="0" m="52607" /><D43/><AGARI ba="0,0" hai="24,30,33,40,43" m="7415,33899,44137" machi="43" ten="30,8000,1" yaku="15,1,52,3,54,1" doraHai="111" who="2" fromWho="0" sc="123,-80,305,0,170,80,402,0" /><INIT seed="5,0,0,0,4,25" ten="43,305,250,402" oya="1" hai0="38,66,96,6,133,0,28,13,99,115,75,68,126" hai1="41,108,94,53,62,29,23,5,131,26,74,64,120" hai2="8,100,44,24,125,77,9,116,12,57,89,95,11" hai3="119,37,85,59,30,86,69,70,58,39,114,19,124"/><U10/><E120/><V82/><F116/><W129/><G19/><T118/><D118/><U67/><E74/><V121/><F121/><W93/><G119/><T55/><D0/><U107/><E107/><V132/><F132/><W40/><G114/><T109/><D109/><U135/><E135/><V106/><F125/><W88/><G124/><T15/><D133/><U81/><E108/><V104/><F100/><W76/><G129/><T105/><D126/><U14/><E131/><V61/><F44/><W52/><G30/><T35/><D75/><U60/><E41/><V16/><F24/><W130/><G59/><T1/><D38/><U84/><E94/><V102/><F102/><W63/><G130/><T111/><D111/><U90/><REACH who="1" step="1"/><E53/><REACH who="1" ten="43,295,250,402" step="2"/><N who="2" m="33967" /><F106/><W117/><G117/><T122/><D115/><U34/><E34/><V127/><F104/><W110/><G110/><T128/><D35/><U54/><E54/><V73/><F127/><W79/><G40/><T56/><D105/><U65/><AGARI ba="0,1" hai="5,10,14,23,26,29,60,62,64,65,67,81,84,90" machi="65" ten="30,11700,0" yaku="1,1,0,1,8,1,52,1,53,0" doraHai="25" doraHaiUra="31" who="1" fromWho="1" sc="43,-39,295,127,250,-39,402,-39" /><INIT seed="5,1,0,0,2,28" ten="4,422,211,363" oya="1" hai0="77,100,91,9,78,59,97,25,135,126,44,38,103" hai1="60,76,64,115,88,87,63,47,68,30,127,108,22" hai2="35,54,66,106,51,19,39,8,82,7,3,65,110" hai3="101,105,32,31,118,90,114,130,45,1,14,23,73"/><U92/><E115/><V120/><F120/><W41/><G114/><T33/><D126/><U85/><E127/><V99/><F110/><W52/><G1/><T37/><D135/><U79/><E108/><V26/><F39/><W29/><G73/><T36/><D59/><U72/><E72/><V49/><F49/><W112/><G112/><T61/><D61/><U117/><E117/><V15/><F82/><W75/><G75/><T58/><D58/><U128/><E128/><V11/><F99/><W133/><G133/><T48/><D9/><U89/><E47/><V27/><F106/><W129/><G118/><T46/><D48/><U56/><E22/><V104/><F104/><W131/><G90/><T121/><D91/><U96/><E30/><V134/><F134/><W24/><G101/><T95/><D121/><U113/><E113/><V122/><F122/><W50/><G105/><T123/><D123/><U34/><E34/><V5/><F54/><W111/><G111/><T83/><D83/><U53/><REACH who="1" step="1"/><E96/><REACH who="1" ten="4,412,211,363" step="2"/><V2/><F35/><W55/><G31/><N who="0" m="19695" /><D103/><U57/><E57/><V0/><F8/><W86/><G86/><T10/><D10/><U21/><E21/><V116/><F116/><W119/><G119/><T42/><D44/><U109/><E109/><V67/><F11/><W62/><G62/><T40/><D46/><U17/><E17/><AGARI ba="1,1" hai="14,17,23,24,29,32,41,45,50,52,55,129,130,131" machi="17" ten="40,5200,0" yaku="19,1,52,1,54,1" doraHai="28" who="3" fromWho="1" sc="4,0,412,-55,211,0,363,65" /><INIT seed="6,0,0,3,3,92" ten="4,357,211,428" oya="2" hai0="122,91,117,79,131,11,32,15,76,18,56,4,30" hai1="129,74,83,60,97,71,104,73,78,69,103,25,82" hai2="75,42,107,119,36,85,14,128,65,81,80,48,5" hai3="130,26,67,66,10,98,105,88,72,59,100,116,120"/><V33/><F119/><W62/><G116/><T38/><D117/><U53/><E129/><V8/><F128/><W9/><G120/><T95/><D122/><U114/><E114/><V44/><F107/><W19/><G130/><T84/><D131/><U1/><E1/><V51/><F33/><W3/><G72/><T112/><D112/><U39/><E39/><V0/><F65/><W54/><G88/><T52/><D38/><U23/><E53/><V93/><F14/><W96/><G96/><T126/><D126/><U13/><E13/><V94/><F94/><W127/><G127/><T37/><D37/><U17/><REACH who="1" step="1"/><E60/><REACH who="1" ten="4,347,211,428" step="2"/><V45/><F36/><W108/><G108/><T68/><D68/><U90/><E90/><V28/><F28/><W12/><REACH who="3" step="1"/><G26/><REACH who="3" ten="4,347,211,418" step="2"/><N who="0" m="18519" /><D4/><AGARI ba="0,2" hai="3,4,9,10,12,19,54,59,62,66,67,98,100,105" machi="4" ten="40,2600,0" yaku="1,1,52,1,53,0" doraHai="92" doraHaiUra="86" who="3" fromWho="0" sc="4,-26,347,0,211,0,418,46" owari="-22,-52.2,347,14.7,211,-18.9,464,56.4" /></mjloggm>