<mjloggm ver="2.3"><GO type="169" lobby="0"/><UN n0="%E6%AF%94%E5%98%89%E6%84%9B%E6%9C%AA" n1="%E3%81%A1%E3%82%83%E3%82%93%E3%81%AE%E3%81%B6" n2="%E5%85%83%E3%82%AB%E3%83%8E%E7%B3%BB%E3%83%92%E3%83%AD%E3%82%A4%E3%83%B3" n3="%E9%87%A3%E3%82%8A%E6%97%A5%E5%92%8C" dan="19,17,16,17" rate="2277.23,2137.40,2179.10,2187.16" sx="F,M,M,M"/><TAIKYOKU oya="0"/><INIT seed="0,0,0,1,2,38" ten="250,250,250,250" oya="0" hai0="3,11,48,120,130,71,42,70,80,63,46,58,101" hai1="106,17,129,24,115,125,110,107,76,5,1,108,62" hai2="8,116,135,81,90,64,77,109,98,65,104,93,82" hai3="34,79,75,100,4,87,43,91,0,73,28,25,44"/><T37/><D120/><U16/><E125/><V85/><F109/><N who="1" m="42089" /><E76/><V47/><F135/><W19/><G100/><T89/><D101/><U59/><E129/><V36/><F116/><W56/><G79/><T51/><D130/><U134/><E134/><V40/><F8/><W124/><G124/><T103/><D103/><U50/><E50/><N who="0" m="18985" /><D89/><U13/><E1/><V6/><F6/><W26/><G56/><T39/><D80/><U7/><E24/><V53/><F53/><W12/><G26/><T2/><D11/><U78/><E78/><V105/><REACH who="2" step="1"/><F81/><REACH who="2" ten="250,250,240,250" step="2"/><W23/><G4/><N who="1" m="1610" /><E115/><V31/><F31/><W45/><G0/><T61/><D3/><U128/><E128/><V22/><F22/><W131/><G131/><T33/><D2/><U122/><E122/><V83/><F83/><W30/><G30/><T102/><D33/><U32/><E32/><V96/><F96/><W126/><G126/><T67/><D102/><U15/><E17/><V35/><F35/><W127/><G127/><T118/><D118/><U20/><E15/><V68/><F68/><N who="0" m="26154" /><D61/><U72/><E72/><V54/><F54/><AGARI ba="0,1" hai="13,16,20,54,59,62,106,107" m="1610,42089" machi="54" ten="30,2000,0" yaku="14,1,54,1" doraHai="38" who="1" fromWho="2" sc="250,0,250,30,240,-20,250,0" /><INIT seed="1,0,0,1,2,74" ten="250,280,220,250" oya="1" hai0="52,6,121,99,64,33,96,62,23,133,108,112,47" hai1="89,134,37,127,107,71,58,8,81,0,80,17,130" hai2="104,100,5,79,116,51,85,102,18,120,105,68,3" hai3="77,4,128,24,122,82,67,56,129,38,61,83,63"/><U13/><E71/><V9/><F116/><W27/><G122/><T103/><D112/><U20/><E37/><V44/><F120/><W88/><G38/><T114/><D33/><U92/><E107/><V111/><F68/><W32/><G4/><T19/><D114/><U95/><E130/><N who="3" m="50282" /><G63/><T93/><D121/><U29/><E134/><V35/><F35/><W12/><G12/><T132/><D108/><U65/><E127/><V118/><F118/><W21/><G32/><T78/><D6/><U53/><E65/><V115/><F115/><W125/><G125/><T101/><D64/><U124/><E95/><V40/><F111/><W72/><G21/><T94/><D78/><U45/><E45/><V117/><F117/><W42/><G42/><T76/><D76/><U50/><E124/><V14/><F105/><W11/><G11/><T131/><D131/><U109/><E109/><V106/><F106/><W113/><G113/><T7/><D7/><U119/><E119/><V87/><F104/><W1/><G1/><T73/><D73/><U97/><E0/><V41/><F41/><W43/><G43/><T49/><REACH who="0" step="1"/><D62/><REACH who="0" ten="240,280,220,250" step="2"/><U66/><E66/><V59/><F3/><W15/><G15/><AGARI ba="0,1" hai="15,19,23,47,49,52,93,94,96,99,101,103,132,133" machi="15" ten="40,12000,2" yaku="1,1,2,1,9,1,54,1,53,2" doraHai="74" doraHaiUra="98" who="0" fromWho="3" sc="240,130,280,0,220,0,250,-120" /><INIT seed="2,0,0,1,2,88" ten="370,280,220,130" oya="2" hai0="17,123,104,105,103,121,70,52,50,69,46,35,85" hai1="96,107,119,133,106,1,67,51,64,124,115,91,44" hai2="56,10,6,94,72,81,99,14,126,32,16,131,102" hai3="71,38,86,41,87,80,78,114,93,122,76,2,98"/><V7/><F126/><W97/><G2/><T89/><D35/><U74/><E115/><V54/><F131/><W30/><G71/><T42/><D70/><U8/><E119/><V68/><F68/><W12/><G122/><T33/><D69/><U58/><E74/><V11/><F32/><W24/><G114/><T108/><D33/><U132/><E124/><V62/><REACH who="2" step="1"/><F10/><REACH who="2" ten="370,280,210,130" step="2"/><W109/><G109/><T90/><D108/><U135/><E8/><V128/><F128/><W63/><G38/><T9/><D9/><U110/><E110/><V19/><F19/><W25/><G30/><T5/><D17/><U29/><E29/><V65/><F65/><W37/><G37/><T130/><D130/><U95/><E1/><V82/><F82/><W116/><G80/><T18/><D18/><U40/><REACH who="1" step="1"/><E67/><REACH who="1" ten="370,270,210,130" step="2"/><V92/><F92/><W61/><G116/><T3/><D3/><U75/><E75/><V59/><F59/><W79/><G93/><T112/><D112/><U111/><E111/><V4/><F4/><W129/><G129/><T117/><D5/><U47/><E47/><V53/><F53/><W100/><G41/><T84/><D42/><U127/><E127/><V49/><F49/><W22/><G22/><T73/><D73/><U45/><E45/><V28/><F28/><W15/><REACH who="3" step="1"/><G78/><AGARI ba="0,2" hai="6,7,11,14,16,54,56,62,72,78,81,94,99,102" machi="78" ten="40,7700,0" yaku="1,1,52,1,54,1,53,0" doraHai="88" doraHaiUra="34" who="2" fromWho="3" sc="370,0,270,0,210,97,130,-77" /><INIT seed="2,1,0,0,3,33" ten="370,270,307,53" oya="2" hai0="74,56,99,47,7,112,107,101,44,35,34,39,64" hai1="75,32,121,13,128,129,81,82,96,57,10,84,11" hai2="22,51,80,59,41,72,15,2,108,29,43,5,102" hai3="27,28,87,116,125,53,52,133,91,106,100,69,103"/><V40/><F102/><W117/><G69/><T97/><D112/><U94/><E32/><V1/><F108/><W127/><G133/><T16/><D74/><U58/><E75/><V104/><F104/><W105/><G87/><T110/><D7/><U93/><E84/><V77/><F29/><W124/><G91/><T20/><D110/><U120/><REACH who="1" step="1"/><E13/><REACH who="1" ten="370,260,307,53" step="2"/><V122/><F122/><W65/><G124/><T49/><D35/><U126/><E126/><V55/><REACH who="2" step="1"/><F22/><REACH who="2" ten="370,260,297,53" step="2"/><W88/><G125/><T36/><D34/><U54/><E54/><V63/><F63/><W50/><G127/><T71/><D20/><U14/><E14/><V38/><F38/><W119/><G116/><T26/><D36/><U113/><E113/><V118/><F118/><W4/><G117/><T67/><D39/><U95/><E95/><V3/><F3/><W130/><G119/><T6/><D107/><U8/><E8/><AGARI ba="1,2" hai="1,2,5,8,15,40,41,43,51,55,59,72,77,80" machi="8" ten="40,12000,1" yaku="1,1,52,2,53,1" doraHai="33" doraHaiUra="0" who="2" fromWho="1" sc="370,0,260,-123,297,143,53,0" /><INIT seed="2,2,0,5,5,125" ten="370,137,440,53" oya="2" hai0="29,133,84,77,7,130,119,8,92,95,91,99,131" hai1="57,34,32,60,132,88,43,1,12,33,48,52,47" hai2="26,10,24,103,9,36,70,59,106,19,97,65,89" hai3="58,5,40,16,13,35,78,15,23,22,121,118,61"/><V3/><F36/><W66/><G118/><T62/><D119/><U73/><E132/><V76/><F70/><W85/><G121/><T105/><D133/><U74/><E1/><V110/><F76/><W107/><G35/><T71/><D105/><U112/><E112/><V17/><F89/><W20/><G107/><T53/><D29/><U75/><E12/><V68/><F68/><W51/><G40/><T54/><D71/><U42/><REACH who="1" step="1"/><E88/><REACH who="1" ten="370,127,440,53" step="2"/><V50/><F3/><W27/><G27/><T114/><D114/><U117/><E117/><V98/><F24/><W109/><G109/><T67/><D77/><U87/><E87/><V86/><F86/><W44/><G78/><T108/><D108/><U122/><E122/><V41/><F26/><W100/><G85/><T14/><D67/><AGARI ba="2,1" hai="32,33,34,42,43,47,48,52,57,60,67,73,74,75" machi="67" ten="50,3200,0" yaku="1,1,54,1,53,0" doraHai="125" doraHaiUra="21" who="1" fromWho="0" sc="370,-38,127,48,440,0,53,0" /><INIT seed="3,0,0,5,4,25" ten="332,175,440,53" oya="3" hai0="55,48,68,133,128,124,66,114,122,45,85,37,113" hai1="11,2,77,117,36,35,78,94,14,134,97,30,76" hai2="105,115,71,100,44,82,120,6,106,84,83,60,62" hai3="129,22,59,87,67,81,126,123,130,107,27,74,0"/><W16/><G123/><T95/><D122/><U31/><E35/><V12/><F115/><W119/><G119/><T63/><D133/><U5/><E36/><V103/><F12/><W72/><G107/><T125/><D85/><U7/><E134/><V75/><F84/><W21/><G0/><T70/><D95/><U41/><E117/><V112/><F44/><W91/><G126/><N who="0" m="48747" /><D128/><N who="3" m="49257" /><G22/><T53/><D37/><U24/><E41/><V9/><F9/><W110/><G110/><T20/><D20/><U116/><E24/><V109/><F6/><N who="1" m="2057" /><E2/><V90/><F120/><W104/><G104/><T13/><D13/><U10/><E116/><V19/><F109/><W56/><G67/><T69/><D53/><U79/><N who="1" m="19456" /><DORA hai="29" /><U92/><E92/><V23/><F23/><W58/><AGARI ba="0,0" hai="16,21,27,56,58,59,72,74,81,87,91" m="49257" machi="58" ten="30,3000,0" yaku="19,1,54,1" doraHai="25,29" who="3" fromWho="3" sc="332,-10,175,-10,440,-10,53,30" /><INIT seed="3,1,0,0,3,68" ten="322,165,430,83" oya="3" hai0="52,70,50,27,131,98,12,20,135,79,64,31,36" hai1="130,22,2,66,102,129,133,15,26,94,63,33,72" hai2="121,89,30,67,34,8,91,44,0,61,125,110,109" hai3="74,21,119,42,108,71,59,103,10,58,23,1,48"/><W45/><G71/><T53/><D135/><U38/><E72/><V115/><F115/><W101/><G119/><T127/><D131/><U128/><E2/><V85/><F125/><W56/><G74/><T90/><D127/><U132/><E33/><V60/><F121/><W51/><G108/><N who="2" m="41577" /><F44/><W6/><REACH who="3" step="1"/><G51/><REACH who="3" ten="322,165,430,73" step="2"/><T39/><D70/><N who="1" m="42335" /><E132/><V3/><F60/><W73/><G73/><T113/><D50/><U43/><E133/><V84/><F61/><W81/><G81/><T111/><D111/><U78/><E129/><V93/><F67/><W80/><G80/><T123/><D64/><U100/><E130/><V7/><F0/><W4/><G4/><T83/><D83/><U46/><E128/><V25/><F91/><W55/><G55/><T62/><D52/><U35/><E78/><V92/><F92/><W13/><G13/><T41/><D12/><U69/><E15/><V107/><F107/><W19/><G19/><T16/><D16/><U75/><E69/><V17/><F17/><W14/><G14/><T86/><D79/><U47/><E94/><V117/><F117/><W106/><G106/><T32/><D86/><AGARI ba="1,1" hai="3,7,8,25,30,34,84,85,86,89,93" m="41577" machi="86" ten="30,1000,0" yaku="14,1" doraHai="68" who="2" fromWho="0" sc="322,-13,165,0,430,23,73,0" /><INIT seed="4,0,0,1,5,116" ten="309,165,453,73" oya="0" hai0="30,111,41,57,129,6,133,126,118,90,104,28,113" hai1="83,96,56,51,120,68,24,44,127,26,75,59,84" hai2="121,117,50,45,103,135,18,85,7,36,77,33,49" hai3="37,14,38,99,48,52,100,15,64,131,114,69,89"/><T60/><D118/><U27/><E75/><V3/><F33/><W25/><G114/><T97/><D113/><U16/><E68/><V82/><F117/><W46/><G131/><T71/><D71/><U29/><E120/><V93/><F121/><W110/><G110/><T47/><D129/><U1/><E1/><V73/><F135/><W31/><G89/><T53/><D133/><U109/><E109/><V35/><F35/><W19/><G64/><T58/><D126/><U42/><E29/><V4/><F18/><W112/><G69/><T72/><D72/><U55/><E127/><V122/><F122/><W8/><G15/><T107/><D107/><U79/><E96/><N who="2" m="59791" /><F85/><W0/><G0/><T132/><D132/><U95/><E95/><V124/><F4/><W102/><G102/><T9/><D111/><U23/><REACH who="1" step="1"/><E59/><REACH who="1" ten="309,155,453,73" step="2"/><V17/><F124/><W54/><G112/><T40/><D58/><U98/><E98/><V67/><F3/><W39/><G99/><T108/><D108/><U12/><E12/><V80/><F80/><W86/><G86/><T66/><D57/><U61/><AGARI ba="0,1" hai="16,23,24,26,27,42,44,51,55,56,61,79,83,84" machi="61" ten="20,8000,1" yaku="1,1,0,1,7,1,8,1,54,1,53,0" doraHai="116" doraHaiUra="63" who="1" fromWho="1" sc="309,-40,155,90,453,-20,73,-20" /><INIT seed="5,0,0,3,2,4" ten="269,245,433,53" oya="1" hai0="130,25,35,71,62,6,58,95,102,77,120,124,81" hai1="93,3,61,24,65,89,123,108,32,70,13,132,115" hai2="60,54,50,33,10,109,55,79,88,19,103,39,0" hai3="11,28,68,106,40,73,134,22,15,83,27,46,14"/><U135/><E123/><V63/><F39/><W47/><G68/><T7/><D71/><U107/><E3/><V90/><F33/><W53/><G106/><T45/><D130/><U112/><E107/><V18/><F109/><W110/><G110/><T91/><D124/><U98/><E108/><V44/><F79/><W72/><G134/><N who="1" m="51242" /><E13/><N who="2" m="7479" /><F0/><W21/><G53/><T119/><D119/><U105/><E105/><V84/><F103/><W29/><G83/><T20/><D102/><U101/><E101/><V118/><F118/><W122/><G122/><T128/><D128/><U133/><N who="1" m="51250" /><U97/><DORA hai="78" /><E97/><V38/><F38/><W43/><REACH who="3" step="1"/><G27/><REACH who="3" ten="269,245,433,43" step="2"/><T23/><D25/><U94/><E93/><V75/><F54/><W126/><G126/><T56/><D120/><U31/><AGARI ba="0,1" hai="24,31,32,61,65,70,89,94,98,112,115" m="51250" machi="31" ten="50,2400,0" yaku="20,1" doraHai="4,78" who="1" fromWho="1" sc="269,-8,245,34,433,-8,43,-8" /><INIT seed="5,1,0,5,2,107" ten="261,279,425,35" oya="1" hai0="25,125,51,49,72,116,117,123,27,122,103,119,94" hai1="84,101,7,102,32,120,90,6,69,56,0,38,134" hai2="70,58,83,100,66,4,71,16,106,28,98,19,127" hai3="75,81,9,78,82,130,79,86,29,85,132,64,42"/><U110/><E120/><N who="0" m="46121" /><D125/><U76/><E69/><V2/><F28/><W80/><G132/><T54/><D72/><U17/><E32/><V91/><F58/><W24/><G130/><T37/><D37/><U41/><E134/><V5/><F66/><W61/><G42/><T43/><D43/><U87/><E110/><V104/><F91/><W26/><G9/><T128/><D128/><U33/><E33/><V46/><F98/><W105/><G105/><T47/><D51/><U36/><E56/><V77/><F100/><W12/><G12/><T113/><D113/><U31/><E31/><V57/><F83/><W111/><G111/><T73/><D73/><U67/><E17/><V126/><F77/><W15/><G15/><T65/><D65/><U20/><E20/><V93/><F93/><W52/><G75/><T34/><D34/><U95/><E67/><V63/><F57/><W1/><G1/><T45/><D45/><U40/><E0/><V92/><F2/><W50/><G80/><T133/><D133/><U55/><E95/><V89/><F92/><W10/><G10/><T124/><D124/><U60/><E60/><V121/><F63/><W99/><G29/><T53/><D53/><U59/><E59/><V13/><F121/><W3/><G3/><T112/><D112/><U135/><E135/><V23/><F46/><N who="3" m="27735" /><G99/><AGARI ba="1,0" hai="25,27,47,49,54,94,99,103,116,117,119" m="46121" machi="99" ten="40,1300,0" yaku="13,1" doraHai="107" who="0" fromWho="3" sc="261,16,279,0,425,0,35,-16" /><INIT seed="6,0,0,2,0,67" ten="277,279,425,19" oya="2" hai0="41,68,8,108,48,28,72,94,21,106,79,70,133" hai1="84,61,115,119,123,14,36,90,39,17,64,105,19" hai2="26,56,55,24,52,95,75,63,0,58,71,33,47" hai3="86,76,44,124,62,96,9,120,16,11,35,103,46"/><V12/><F0/><W128/><G120/><T20/><D106/><U5/><E119/><V126/><F75/><W32/><G128/><T80/><D108/><U118/><E118/><V30/><F126/><W127/><G62/><T87/><D133/><U122/><E105/><V82/><F71/><W102/><G76/><T116/><D116/><U91/><E115/><V54/><F82/><W69/><G86/><T25/><D20/><U42/><E5/><V88/><F24/><W109/><G96/><T107/><D107/><U43/><E84/><V78/><F78/><W131/><G131/><T114/><D114/><U132/><E64/><V89/><F12/><W81/><G81/><T37/><D37/><U7/><E7/><V50/><F95/><W97/><G97/><T18/><D94/><U77/><E77/><V104/><F104/><W101/><G109/><T100/><D100/><U125/><E14/><V51/><AGARI ba="0,0" hai="26,30,33,47,50,51,52,54,55,56,58,63,88,89" machi="51" ten="20,7800,0" yaku="0,1,7,1,54,2" doraHai="67" who="2" fromWho="2" sc="277,-26,279,-26,425,78,19,-26" owari="251,-14.9,253,5.3,503,60.3,-7,-50.7" /></mjloggm>