<mjloggm ver="2.3"><GO type="169" lobby="0"/><UN n0="%41%72%69%61" n1="%6A%61%63%6B%74" n2="%4C%61%72%72%6B" n3="%E6%96%B0%E5%AD%90%E6%9C%9B" dan="16,18,16,16" rate="2149.38,2240.41,2142.12,2136.53" sx="F,M,M,M"/><TAIKYOKU oya="0"/><INIT seed="0,0,0,3,5,15" ten="250,250,250,250" oya="0" hai0="119,55,14,95,38,117,121,56,9,96,86,101,87" hai1="70,60,124,114,134,85,8,10,6,52,120,74,41" hai2="129,32,77,76,27,71,12,44,54,53,18,127,133" hai3="40,102,130,104,78,24,7,92,63,31,48,51,23"/><T29/><D121/><U72/><E120/><V49/><F71/><W50/><G104/><T125/><D38/><U36/><E134/><V43/><F133/><W126/><G130/><T79/><D125/><U109/><E109/><V21/><F129/><W28/><G126/><T88/><D29/><U128/><E128/><V103/><F127/><W107/><G107/><T59/><D79/><U123/><E123/><V1/><F1/><W58/><G78/><T61/><D59/><U122/><E124/><V5/><F103/><W67/><G7/><T46/><D46/><U3/><E122/><V81/><F76/><W108/><G108/><T37/><D37/><U132/><E132/><V30/><REACH who="2" step="1"/><F5/><REACH who="2" ten="250,250,240,250" step="2"/><W82/><G40/><T106/><REACH who="0" step="1"/><D87/><AGARI ba="0,1" hai="12,18,21,27,30,32,43,44,49,53,54,77,81,87" machi="87" ten="30,8000,1" yaku="1,1,2,1,7,1,52,1,53,1" doraHai="15" doraHaiUra="19" who="2" fromWho="0" sc="250,-80,250,0,240,90,250,0" /><INIT seed="1,0,0,3,4,23" ten="170,250,330,250" oya="1" hai0="24,21,87,30,3,84,37,46,85,59,90,18,115" hai1="67,53,17,50,104,29,70,12,122,128,119,130,92" hai2="94,55,135,129,35,95,133,49,11,42,98,14,123" hai3="112,56,117,97,1,109,38,63,118,127,107,52,113"/><U131/><E119/><N who="3" m="45578" /><G1/><T20/><D115/><N who="3" m="44105" /><G107/><T88/><D3/><U43/><E122/><V27/><F123/><W45/><G97/><T7/><D7/><U26/><E104/><V4/><F42/><N who="3" m="22743" /><G127/><T73/><D73/><U0/><E43/><V32/><F32/><W16/><G16/><T68/><D68/><U66/><E70/><V15/><F15/><W36/><G36/><T102/><D102/><U124/><E124/><V77/><F77/><W62/><G62/><T110/><D110/><AGARI ba="0,0" hai="52,56,63,109,110" m="22743,44105,45578" machi="110" ten="40,8000,1" yaku="12,1,34,2,54,1" doraHai="23" who="3" fromWho="0" sc="170,-80,250,0,330,0,250,80" /><INIT seed="2,0,0,5,2,16" ten="90,250,330,330" oya="2" hai0="92,82,103,116,91,119,106,49,50,85,42,123,76" hai1="83,68,98,66,61,114,19,81,14,13,107,132,120" hai2="63,35,36,109,45,34,44,89,69,113,135,48,33" hai3="134,18,128,56,94,71,52,112,105,70,1,21,77"/><V100/><F113/><W60/><G105/><T84/><D42/><U65/><E132/><V12/><F100/><W7/><G134/><T102/><D50/><U88/><E114/><V118/><F118/><N who="0" m="45098" /><D49/><U111/><E111/><V20/><F135/><W108/><G112/><T3/><D3/><U5/><E120/><V57/><F109/><W59/><G108/><T93/><D106/><U78/><E65/><V87/><F69/><W17/><G128/><T24/><D24/><U130/><E130/><V23/><F36/><W97/><G17/><T73/><D123/><U115/><E115/><V101/><F101/><N who="0" m="38410" /><D93/><U58/><E107/><V4/><F4/><W31/><G31/><T11/><D11/><U110/><E13/><V80/><F12/><W40/><G40/><T96/><AGARI ba="0,0" hai="73,76,82,84,85,91,92,96" m="38410,45098" machi="96" ten="30,4000,0" yaku="12,1,34,2" doraHai="16" who="0" fromWho="0" sc="90,40,250,-10,330,-20,330,-10" /><INIT seed="3,0,0,1,2,125" ten="130,240,310,320" oya="3" hai0="11,89,2,25,9,4,48,113,43,38,67,88,23" hai1="103,30,122,82,0,118,51,54,16,96,50,126,115" hai2="70,37,19,20,65,131,3,62,117,39,83,47,1" hai3="91,58,22,15,116,132,34,6,120,135,76,105,92"/><W32/><G105/><T74/><D113/><U66/><E122/><V84/><F117/><W75/><G116/><T80/><D48/><U124/><E118/><V86/><F86/><W108/><G120/><T104/><D104/><U57/><E115/><V87/><F87/><W127/><G127/><N who="1" m="48682" /><E0/><V24/><F37/><W98/><G58/><T99/><D67/><U97/><E30/><V7/><F7/><W134/><G108/><T14/><D99/><U114/><E114/><V31/><F19/><N who="3" m="10623" /><G6/><T102/><D102/><U100/><E66/><V35/><F20/><W90/><G90/><T73/><D11/><U85/><E50/><V41/><F84/><W61/><G61/><T44/><D14/><U123/><E123/><V72/><F131/><W95/><G92/><T56/><D56/><U53/><E53/><V109/><REACH who="2" step="1"/><F109/><REACH who="2" ten="130,240,300,320" step="2"/><W133/><G135/><T26/><D26/><U28/><E16/><V33/><F33/><W8/><G8/><T128/><D128/><U10/><E10/><V40/><F40/><W55/><G55/><T45/><D74/><U13/><E28/><V112/><F112/><W121/><G121/><T93/><D23/><U60/><E85/><V110/><F110/><W12/><G12/><T111/><D25/><U71/><E13/><V69/><F69/><W49/><G49/><T81/><D111/><U101/><E82/><AGARI ba="0,1" hai="32,34,75,76,82,91,95,98,132,133,134" m="10623" machi="82" ten="30,1500,0" yaku="20,1" doraHai="125" who="3" fromWho="1" sc="130,0,240,-15,300,0,320,25" /><INIT seed="3,1,0,5,0,48" ten="130,225,300,345" oya="3" hai0="83,125,55,20,18,96,97,109,119,72,99,46,10" hai1="75,26,7,120,14,38,21,92,115,45,59,22,29" hai2="56,32,116,47,114,105,12,76,93,102,101,23,98" hai3="0,36,110,82,60,70,67,33,44,28,68,95,25"/><W61/><G95/><T117/><D109/><U9/><E120/><V104/><F116/><W134/><G134/><T62/><D125/><U66/><E115/><V51/><F32/><W52/><G110/><T107/><D107/><U4/><E75/><V53/><F114/><W87/><G0/><T111/><D111/><U74/><E74/><V88/><F76/><W1/><G1/><T94/><D10/><U13/><E38/><V63/><F105/><W69/><G36/><T78/><D94/><U6/><E45/><V65/><F104/><W5/><G5/><N who="1" m="2154" /><E66/><V41/><F65/><W112/><G112/><T24/><REACH who="0" step="1"/><D46/><REACH who="0" ten="120,225,300,345" step="2"/><U42/><E92/><V130/><F130/><W16/><G44/><T3/><D3/><N who="1" m="255" /><E42/><V17/><AGARI ba="1,1" hai="12,17,23,41,47,51,53,56,63,88,93,98,101,102" machi="17" ten="30,7900,0" yaku="0,1,8,1,52,1,54,1" doraHai="48" who="2" fromWho="2" sc="120,-21,225,-21,300,92,345,-40" /><INIT seed="4,0,0,5,4,115" ten="99,204,392,305" oya="0" hai0="58,109,123,106,121,62,85,76,68,122,42,67,3" hai1="87,60,33,78,74,27,103,130,35,96,28,9,54" hai2="2,92,73,69,71,16,26,32,95,93,57,61,63" hai3="135,133,111,40,0,37,20,64,97,125,90,29,79"/><T124/><D3/><U11/><E74/><V86/><F73/><W55/><G111/><T84/><D106/><U39/><E39/><V129/><F2/><W72/><G0/><T51/><D109/><U15/><E130/><V56/><F129/><W45/><G64/><T30/><D30/><U114/><E114/><V25/><F86/><W119/><G125/><T81/><D124/><U38/><E38/><V14/><F32/><W1/><G1/><T100/><D100/><U70/><E33/><V104/><F104/><W102/><G90/><T8/><D8/><U94/><E78/><V82/><F82/><W36/><G36/><T24/><D24/><U110/><E110/><V75/><F75/><W107/><G55/><T49/><D42/><U132/><E132/><V112/><F69/><W53/><G53/><T83/><REACH who="0" step="1"/><D68/><REACH who="0" ten="89,204,392,305" step="2"/><U31/><E31/><V91/><F71/><W7/><G135/><T80/><D80/><U131/><E131/><V43/><F43/><W22/><G29/><T4/><D4/><U65/><E9/><V23/><F112/><W117/><G7/><T113/><D113/><U59/><E11/><V5/><F5/><W18/><G133/><T89/><AGARI ba="0,1" hai="49,51,58,62,67,76,81,83,84,85,89,121,122,123" machi="89" ten="30,3000,0" yaku="1,1,0,1,53,0" doraHai="115" doraHaiUra="120" who="0" fromWho="0" sc="89,40,204,-10,392,-10,305,-10" /><INIT seed="4,1,0,5,2,14" ten="129,194,382,295" oya="0" hai0="6,50,27,121,132,120,135,130,131,101,21,34,55" hai1="29,67,102,125,51,104,75,11,84,23,41,42,32" hai2="129,119,124,78,62,35,106,77,99,3,113,68,53" hai3="89,54,127,25,31,80,39,122,1,85,18,15,5"/><T107/><D107/><U46/><E75/><V72/><RYUUKYOKU type="yao9" ba="1,0" sc="129,0,194,0,382,0,295,0" hai2="3,35,53,62,68,72,77,78,99,106,113,119,124,129" /><INIT seed="4,2,0,5,1,87" ten="129,194,382,295" oya="0" hai0="89,109,113,42,23,22,19,5,20,81,95,97,74" hai1="67,125,7,110,6,99,108,127,79,35,14,0,103" hai2="12,9,62,3,117,43,118,32,130,84,128,121,106" hai3="92,120,51,16,107,94,61,37,56,8,64,70,65"/><T2/><D113/><U40/><E40/><V112/><F106/><W49/><G107/><T114/><D114/><U85/><E35/><V1/><F112/><W132/><G37/><T115/><D115/><U30/><E30/><V36/><F121/><W53/><G120/><T91/><D109/><N who="1" m="42091" /><E0/><N who="2" m="75" /><F32/><W58/><G132/><T98/><D42/><U55/><E67/><V119/><F62/><W101/><G70/><T133/><D133/><U75/><E14/><V126/><F126/><N who="1" m="48137" /><E55/><V39/><F84/><W10/><G101/><T104/><D2/><U131/><E131/><N who="2" m="50219" /><F43/><W135/><G135/><T82/><D5/><AGARI ba="2,0" hai="5,9,12,36,39,117,118,119" m="50219,75" machi="5" ten="40,2600,0" yaku="12,1,19,1" doraHai="87" who="2" fromWho="0" sc="129,-32,194,0,382,32,295,0" /><INIT seed="5,0,0,5,1,33" ten="97,194,414,295" oya="1" hai0="126,79,8,53,121,123,127,13,9,103,90,93,35" hai1="134,107,91,47,44,56,119,5,40,130,42,96,81" hai2="101,25,113,20,95,75,48,83,97,12,60,59,21" hai3="4,112,26,73,28,133,36,82,3,49,70,27,64"/><U50/><E130/><V86/><F113/><W78/><G112/><T77/><D35/><U72/><E134/><V84/><F75/><W100/><G133/><T7/><D53/><U99/><E119/><V102/><F102/><W135/><G135/><T54/><D54/><U2/><E56/><V38/><F38/><W122/><G49/><T58/><D58/><U66/><E66/><V65/><F48/><W23/><G122/><N who="0" m="46603" /><D9/><U19/><E107/><V32/><F32/><W108/><G100/><T22/><D22/><U85/><E72/><V0/><F0/><W116/><G36/><T87/><D13/><U55/><E19/><N who="2" m="10343" /><F83/><W115/><G116/><T105/><D8/><U51/><REACH who="1" step="1"/><E55/><REACH who="1" ten="97,184,414,295" step="2"/><V124/><F124/><N who="0" m="47658" /><D7/><U24/><E24/><V92/><F59/><W10/><G115/><T110/><D110/><U109/><E109/><V39/><F65/><W71/><G108/><T67/><D67/><U120/><E120/><V114/><F114/><W30/><G64/><T37/><D37/><U17/><E17/><V80/><F39/><W118/><G118/><T74/><D74/><U46/><E46/><V52/><F52/><W88/><G27/><T125/><N who="0" m="47666" /><T98/><AGARI ba="0,1" hai="77,79,87,90,93,98,103,105" m="47666,46603" machi="98" ten="50,8000,1" yaku="4,1,13,1,18,1,34,2" doraHai="33" who="0" fromWho="0" sc="97,90,184,-40,414,-20,295,-20" /><INIT seed="6,0,0,4,4,120" ten="187,144,394,275" oya="2" hai0="63,32,62,83,129,134,42,114,99,45,78,26,21" hai1="8,65,60,121,43,81,104,71,103,23,133,131,87" hai2="38,22,29,122,98,115,92,107,69,96,37,54,64" hai3="25,18,27,106,10,35,76,125,28,67,17,9,130"/><V36/><F122/><W0/><G106/><T113/><D32/><U124/><E121/><V86/><F115/><N who="0" m="44042" /><D99/><U44/><E133/><V74/><F74/><W34/><G67/><T2/><D2/><U40/><E131/><V68/><F107/><W11/><G76/><T50/><D134/><U80/><E124/><V66/><F54/><W57/><G57/><T111/><D111/><U110/><E40/><V94/><F86/><W13/><G130/><T12/><D12/><U112/><E112/><V4/><F4/><N who="3" m="1159" /><G125/><T105/><D105/><U109/><E23/><V24/><F22/><N who="3" m="13519" /><G10/><T41/><D41/><U117/><E8/><V14/><F14/><W85/><G85/><N who="0" m="48375" /><D129/><U19/><E80/><V30/><F36/><W135/><G135/><T33/><D33/><AGARI ba="0,0" hai="11,13,18,27,28,33,34,35" m="13519,1159" machi="33" ten="30,8000,1" yaku="35,5" doraHai="120" who="3" fromWho="0" sc="187,-80,144,0,394,0,275,80" /><INIT seed="7,0,0,0,1,82" ten="107,144,394,355" oya="3" hai0="46,7,41,62,96,12,112,70,49,22,14,75,17" hai1="125,27,67,40,88,59,4,69,5,38,85,83,72" hai2="94,48,87,107,16,78,133,103,110,102,117,73,81" hai3="1,79,120,44,50,26,24,76,58,98,123,100,10"/><W64/><G123/><T118/><D75/><U47/><E69/><V55/><F110/><W135/><G120/><T99/><D118/><U57/><E72/><V3/><F3/><W20/><G135/><T15/><D112/><U37/><E37/><V126/><F117/><W127/><G127/><T92/><D96/><U97/><E125/><V28/><F126/><W9/><G1/><T116/><D116/><U114/><E114/><V18/><F133/><W128/><G128/><T115/><D115/><U43/><E43/><V42/><F28/><W130/><G130/><T131/><D131/><U53/><E27/><V84/><F42/><W31/><G26/><T119/><D119/><U101/><E67/><V32/><F32/><W33/><G33/><T29/><D29/><U89/><E89/><N who="2" m="53543" /><F73/><W21/><G20/><T77/><D77/><U2/><E59/><N who="2" m="33255" /><F107/><W52/><G79/><T90/><D70/><U80/><E80/><V86/><F86/><W51/><G76/><T104/><D104/><U129/><E2/><V91/><F78/><W68/><G68/><T0/><D0/><U25/><E129/><V132/><F132/><W13/><G13/><T124/><D124/><U106/><E25/><V63/><F63/><AGARI ba="0,0" hai="4,5,38,40,47,53,57,63,83,85,88,97,101,106" machi="63" ten="30,3900,0" yaku="7,1,52,1,54,1" doraHai="82" who="1" fromWho="2" sc="107,0,144,39,394,-39,355,0" owari="107,-39.3,183,-21.7,355,45.5,355,15.5" /></mjloggm>