<mjloggm ver="2.3"><GO type="169" lobby="0"/><UN n0="%E3%81%BE%E3%81%A1%E3%81%8A" n1="%E3%82%80%E3%81%97%E6%AD%AF" n2="%E6%B9%8A%E6%96%97%E3%81%8B%E3%81%92%E3%81%82%E3%81%8D" n3="%E3%81%97%E3%82%83%E3%82%93%E3%81%8A%E3%81%98" dan="16,17,16,17" rate="2165.66,2183.17,2109.97,2184.21" sx="M,M,M,F"/><TAIKYOKU oya="0"/><INIT seed="0,0,0,5,2,60" ten="250,250,250,250" oya="0" hai0="102,33,110,125,117,100,57,85,74,84,11,20,27" hai1="29,13,67,90,31,62,43,129,54,16,92,3,121" hai2="47,10,91,114,23,96,98,26,122,63,80,42,37" hai3="18,70,99,81,15,30,7,52,103,12,55,86,2"/><T83/><D117/><U120/><E3/><V19/><F122/><W41/><G30/><T133/><D125/><U49/><E43/><V35/><F114/><W111/><G111/><T119/><D119/><U107/><E107/><V126/><F126/><W59/><G70/><T82/><D33/><U39/><E39/><V127/><F127/><W95/><G41/><T45/><D133/><U40/><E40/><V68/><F35/><W44/><G44/><T75/><D45/><U58/><E129/><V130/><F130/><W135/><G135/><T94/><D110/><U97/><E121/><V108/><F108/><W9/><G59/><T93/><D11/><U105/><E105/><V48/><F37/><W6/><G2/><T78/><D57/><N who="1" m="37327" /><E120/><V64/><REACH who="2" step="1"/><F10/><AGARI ba="0,0" hai="10,13,16,29,31,49,54,58,90,92,97" m="37327" machi="10" ten="30,3900,0" yaku="8,1,52,1,54,1" doraHai="60" who="1" fromWho="2" sc="250,0,250,39,250,-39,250,0" /><INIT seed="1,0,0,1,4,58" ten="250,289,211,250" oya="1" hai0="124,70,30,7,52,36,20,75,67,117,10,44,93" hai1="111,62,89,39,16,57,56,115,79,37,131,8,12" hai2="95,112,47,43,34,125,65,98,80,128,82,27,135" hai3="63,71,113,49,78,66,116,4,96,26,102,13,69"/><U97/><E115/><V77/><F128/><W132/><G113/><T84/><D117/><U114/><E114/><V2/><F112/><W54/><G116/><T100/><D75/><U121/><E121/><V73/><F2/><W106/><G132/><T22/><D124/><U129/><E79/><V101/><F135/><W28/><G78/><T110/><D110/><U59/><E111/><V86/><F125/><W94/><G13/><T90/><D100/><U17/><E17/><V45/><F65/><W99/><G4/><T0/><D30/><U64/><E89/><V11/><F11/><W38/><G38/><T14/><D0/><U9/><E9/><V21/><F34/><W127/><G71/><T103/><D103/><U24/><E24/><V19/><F43/><W123/><G123/><T85/><D85/><U108/><E97/><V120/><F120/><W60/><G127/><T91/><D91/><AGARI ba="0,0" hai="19,21,27,45,47,73,77,80,82,86,91,95,98,101" machi="91" ten="30,1000,0" yaku="7,1" doraHai="58" who="2" fromWho="0" sc="250,-10,289,0,211,10,250,0" /><INIT seed="2,0,0,3,0,131" ten="240,289,221,250" oya="2" hai0="9,24,35,129,89,73,82,36,34,69,20,132,79" hai1="41,91,22,83,53,88,84,86,130,13,25,111,31" hai2="85,64,120,27,98,11,78,52,43,42,99,113,28" hai3="4,97,66,81,112,29,106,7,74,26,37,90,48"/><V77/><F113/><W17/><G37/><T102/><D36/><U121/><E130/><V72/><F120/><W51/><G112/><T70/><D129/><U126/><E111/><V16/><F72/><W55/><G66/><T135/><D102/><U50/><E126/><V44/><F64/><W119/><G17/><T128/><D128/><U103/><E121/><V57/><F28/><W10/><G119/><T75/><D89/><U105/><E41/><N who="2" m="15371" /><F44/><W39/><G39/><T122/><D122/><U107/><E103/><V96/><F85/><W47/><G106/><T110/><D110/><U101/><E13/><N who="2" m="7231" /><F27/><W2/><G4/><T19/><D75/><U30/><E30/><V109/><F109/><W18/><G18/><T15/><D70/><U3/><E3/><V56/><F56/><W94/><G74/><T5/><REACH who="0" step="1"/><D69/><REACH who="0" ten="230,289,221,250" step="2"/><U100/><E107/><V123/><F123/><W114/><G114/><T58/><D58/><N who="1" m="33079" /><E105/><V71/><F71/><W61/><G47/><T38/><D38/><U115/><E115/><V124/><F124/><W0/><G0/><T108/><D108/><U54/><E54/><V40/><F40/><W32/><G55/><T6/><D6/><U60/><E60/><AGARI ba="0,1" hai="52,57,60,77,78,96,98,99" m="7231,15371" machi="60" ten="30,5800,0" yaku="8,1,54,2" doraHai="131" who="2" fromWho="1" sc="230,0,289,-58,221,68,250,0" /><INIT seed="2,1,0,2,1,116" ten="230,231,289,250" oya="2" hai0="61,8,48,79,118,123,64,112,34,6,132,66,109" hai1="27,24,125,33,111,120,37,21,100,94,96,103,102" hai2="15,135,92,30,52,25,95,69,31,16,81,117,97" hai3="54,45,107,7,2,131,71,114,104,110,134,70,76"/><V65/><F117/><W86/><G54/><T88/><D118/><U40/><E111/><V91/><F135/><W22/><G45/><T63/><D112/><U121/><E125/><V39/><F39/><W77/><G86/><T41/><D123/><N who="1" m="47179" /><E40/><V119/><F119/><W28/><G28/><T50/><D34/><U105/><E37/><V53/><F81/><W19/><G7/><T17/><D132/><U82/><E105/><V90/><F65/><W108/><G2/><T10/><D41/><U113/><E113/><V57/><F69/><W80/><G71/><T72/><D72/><U11/><E11/><N who="2" m="6271" /><F25/><N who="1" m="9801" /><E33/><V93/><F93/><W101/><G104/><T85/><D10/><U44/><E44/><V59/><F59/><W1/><G70/><T36/><D8/><U67/><E67/><V73/><F73/><W84/><G107/><T133/><D66/><U5/><E5/><V58/><F58/><W12/><G114/><T49/><D6/><U122/><N who="1" m="47187" /><U29/><DORA hai="46" /><E82/><V9/><F9/><W129/><G80/><T20/><D64/><U126/><E126/><V68/><F68/><W42/><G134/><T0/><D36/><U128/><E128/><V74/><F74/><W130/><G108/><T4/><D109/><U23/><E29/><N who="2" m="10763" /><F57/><W127/><G110/><T55/><D133/><U124/><E124/><V26/><F26/><W18/><G127/><T51/><D4/><U47/><E47/><V14/><F14/><W32/><G129/><T38/><D0/><U35/><E35/><V60/><F53/><W3/><G130/><T106/><D55/><RYUUKYOKU ba="1,0" sc="230,-10,231,30,289,-10,250,-10" hai1="21,23,94,96,100,102,103" /><INIT seed="3,2,0,1,2,23" ten="220,261,279,240" oya="3" hai0="75,109,89,74,88,83,3,67,85,11,64,91,30" hai1="107,58,1,133,69,77,56,84,102,40,95,132,73" hai2="9,10,113,134,96,92,111,90,24,41,100,14,98" hai3="104,60,97,7,5,135,123,76,126,122,50,119,52"/><W22/><G119/><T110/><D30/><U66/><E1/><V129/><F113/><W54/><G76/><T121/><D121/><U16/><E40/><V87/><F111/><N who="0" m="42506" /><D3/><U114/><E114/><V15/><F129/><W2/><G135/><T117/><D11/><U61/><E16/><N who="2" m="8271" /><F41/><W17/><G126/><T28/><D28/><U103/><E73/><N who="0" m="27657" /><D117/><U0/><E0/><V51/><F51/><W48/><G2/><T93/><D93/><U131/><E131/><V127/><F127/><W70/><G123/><T116/><D116/><U55/><E107/><V81/><F134/><N who="1" m="51817" /><E69/><V45/><F45/><W108/><G122/><T101/><D101/><U42/><E42/><V71/><F71/><W112/><G70/><T82/><D85/><U44/><E44/><V62/><F96/><W18/><G112/><T34/><D34/><U68/><E68/><V21/><F62/><W106/><G60/><T31/><D31/><U36/><E36/><V79/><F100/><W53/><G108/><T6/><D6/><U65/><E103/><V130/><F130/><W99/><G5/><T33/><D33/><U57/><E102/><V49/><F49/><N who="3" m="19051" /><G7/><T25/><D25/><U115/><E115/><V19/><F10/><W47/><G47/><T32/><D32/><U29/><E29/><V118/><F118/><W86/><G17/><T27/><D27/><AGARI ba="2,0" hai="15,19,21,24,27,79,81,87,90,92,98" m="8271" machi="27" ten="30,7700,0" yaku="8,1,52,2,54,1" doraHai="23" who="2" fromWho="0" sc="220,-83,261,0,279,83,240,0" /><INIT seed="4,0,0,5,3,122" ten="137,261,362,240" oya="0" hai0="95,121,80,44,31,27,20,22,72,124,37,78,21" hai1="128,61,50,119,75,68,53,48,88,32,43,105,39" hai2="115,63,113,16,60,11,59,28,100,38,8,116,67" hai3="84,19,106,90,24,134,9,23,123,64,2,130,107"/><T34/><D121/><U49/><E119/><V131/><F38/><W129/><G123/><T57/><D124/><U108/><E75/><V117/><F28/><W17/><G64/><T6/><D57/><U125/><E105/><V98/><F131/><N who="3" m="50187" /><G134/><T36/><D6/><U13/><E32/><V15/><F8/><W133/><G133/><T89/><REACH who="0" step="1"/><D44/><REACH who="0" ten="127,261,362,240" step="2"/><U7/><E7/><V62/><F116/><W51/><G2/><T93/><D93/><U18/><E125/><V102/><F117/><W66/><G107/><T109/><D109/><U35/><E108/><V58/><F58/><W112/><G106/><T74/><D74/><U114/><E128/><V81/><F59/><W96/><G112/><T42/><D42/><U33/><E43/><V94/><F113/><W103/><G66/><T52/><D52/><U71/><E53/><V127/><F127/><W118/><G118/><T104/><D104/><U10/><E114/><V77/><F115/><W92/><G92/><T41/><D41/><U4/><E4/><V83/><F67/><W101/><G19/><T5/><D5/><U40/><E40/><V120/><F120/><W79/><G17/><T12/><D12/><U1/><E18/><V97/><F94/><W47/><G47/><T55/><D55/><U73/><E13/><V56/><F56/><W70/><G51/><T111/><D111/><U82/><E50/><V25/><F16/><W110/><G110/><T86/><AGARI ba="0,1" hai="20,21,22,27,31,34,36,37,72,78,80,86,89,95" machi="86" ten="30,3000,0" yaku="1,1,0,1,53,0" doraHai="122" doraHaiUra="14" who="0" fromWho="0" sc="127,40,261,-10,362,-10,240,-10" /><INIT seed="4,1,0,2,4,35" ten="167,251,352,230" oya="0" hai0="114,23,68,75,11,26,107,37,70,124,29,134,121" hai1="93,50,7,87,17,119,118,38,109,40,71,56,53" hai2="24,14,127,129,113,15,100,79,108,3,86,130,25" hai3="105,43,73,133,16,33,42,22,31,103,83,128,69"/><T20/><D114/><U18/><E109/><V55/><F108/><W85/><G73/><T101/><D121/><U74/><E74/><V77/><F100/><W78/><G69/><T34/><D37/><U84/><E71/><V112/><F86/><W51/><G133/><T60/><D75/><U2/><E87/><V72/><F72/><W104/><G128/><T122/><D122/><U61/><E38/><V49/><F49/><W8/><G8/><T27/><D134/><U59/><E118/><V21/><F21/><W46/><G31/><T13/><D124/><U123/><E123/><V89/><F89/><W91/><G33/><T97/><D70/><U99/><E84/><V64/><F55/><W54/><G78/><T81/><D81/><U65/><E40/><V5/><F5/><W76/><G76/><T66/><REACH who="0" step="1"/><D26/><REACH who="0" ten="157,251,352,230" step="2"/><U111/><E111/><V106/><F127/><W102/><G105/><T57/><D57/><U28/><E119/><V4/><F106/><W62/><G104/><T44/><D44/><U90/><E56/><V58/><F58/><N who="3" m="35159" /><G43/><T52/><D52/><U12/><E53/><V47/><F47/><W88/><G91/><T95/><D95/><U94/><E94/><V10/><F112/><W9/><G103/><T135/><D135/><U30/><E93/><V41/><F113/><W126/><G102/><T117/><D117/><U39/><E90/><V82/><F41/><W131/><G126/><T32/><D32/><U110/><E39/><V132/><F132/><W115/><G115/><T92/><D92/><U0/><E110/><V125/><F125/><RYUUKYOKU ba="1,1" sc="157,30,251,-10,352,-10,230,-10" hai0="11,13,20,23,27,29,34,60,66,68,97,101,107" /><INIT seed="4,2,1,5,5,18" ten="187,241,342,220" oya="0" hai0="43,86,57,2,42,62,56,72,67,113,70,46,7" hai1="85,75,125,12,97,8,29,93,26,104,127,64,132" hai2="128,27,133,65,89,106,105,114,118,10,121,11,111" hai3="5,39,110,101,107,15,34,20,19,73,38,35,54"/><T90/><D72/><U82/><E132/><V17/><F111/><W119/><G110/><T48/><D113/><U134/><E134/><V22/><F133/><W66/><G73/><T3/><D42/><U41/><E41/><V77/><F121/><W84/><G119/><T108/><D108/><U30/><E104/><V14/><F118/><W6/><G66/><T51/><D7/><U13/><E64/><V96/><F77/><W92/><G107/><T61/><D51/><U116/><E75/><V52/><F65/><W36/><G54/><T55/><REACH who="0" step="1"/><D70/><REACH who="0" ten="177,241,342,220" step="2"/><U103/><E116/><V124/><F114/><W102/><G5/><T115/><D115/><U99/><E125/><V37/><F124/><W94/><G6/><T135/><D135/><U50/><E50/><V28/><F37/><W122/><G122/><T68/><D68/><U25/><E127/><V9/><F128/><W76/><G36/><T40/><D40/><U24/><E30/><V126/><F126/><W83/><G38/><T45/><D45/><U69/><E29/><V91/><F28/><W1/><G39/><T63/><D63/><U112/><E69/><V33/><F17/><W120/><G120/><T23/><D23/><U130/><E112/><V123/><F22/><W88/><G34/><T59/><D59/><U109/><E109/><V81/><F123/><W78/><G35/><T44/><D44/><U32/><E32/><V21/><F33/><W58/><G58/><T71/><D71/><U79/><E130/><V74/><F74/><W131/><G131/><T98/><D98/><N who="1" m="59855" /><E8/><N who="2" m="3179" /><F96/><AGARI ba="2,2" hai="12,13,24,25,26,79,82,85,96,97,99" m="59855" machi="96" ten="30,1000,0" yaku="8,1" doraHai="18" who="1" fromWho="2" sc="177,0,241,36,342,-16,220,0" /><INIT seed="5,0,0,3,3,21" ten="177,277,326,220" oya="1" hai0="95,17,84,99,50,14,10,94,48,11,123,23,93" hai1="39,113,2,77,107,75,110,58,47,15,66,64,100" hai2="76,24,74,51,69,127,124,31,12,26,73,85,25" hai3="121,109,88,68,82,7,83,3,132,105,4,20,114"/><U36/><E113/><V63/><F31/><W133/><G109/><T5/><D123/><U87/><E2/><V44/><F12/><W111/><G111/><T104/><D11/><U34/><E75/><V28/><F28/><W52/><G121/><T72/><D72/><U62/><E66/><N who="2" m="41183" /><F85/><W6/><G68/><T33/><D33/><U16/><E110/><V80/><F80/><W91/><G105/><T56/><D84/><U135/><E34/><V40/><F76/><W29/><G3/><T131/><D131/><U118/><E118/><V112/><F112/><W54/><G114/><T38/><D38/><U53/><E135/><N who="3" m="51786" /><G82/><T117/><D117/><U89/><E77/><V78/><F78/><W60/><G60/><T57/><D104/><U128/><E128/><V92/><F92/><W22/><G22/><T98/><D48/><U120/><E120/><V106/><F106/><W70/><G70/><T101/><D50/><N who="1" m="28895" /><E107/><V42/><F40/><W79/><G91/><T71/><D71/><U1/><E1/><V67/><F67/><W18/><G29/><T115/><D115/><U8/><E100/><V13/><F13/><N who="3" m="9295" /><G88/><N who="0" m="55591" /><D95/><U46/><E89/><V61/><F61/><W102/><G102/><T30/><D30/><U90/><E90/><V103/><F103/><W65/><G65/><T32/><D32/><U55/><E87/><AGARI ba="0,0" hai="4,6,7,52,54,79,83,87" m="9295,51786" machi="87" ten="30,2000,0" yaku="20,1,54,1" doraHai="21" who="3" fromWho="1" sc="177,0,277,-20,326,0,220,20" /><INIT seed="6,0,0,5,1,101" ten="177,257,326,240" oya="2" hai0="84,23,119,29,72,43,82,91,104,11,93,75,57" hai1="94,58,120,95,49,38,5,55,113,70,54,51,22" hai2="129,81,133,103,121,18,10,36,15,44,105,9,89" hai3="73,96,7,90,114,79,33,108,19,112,97,59,69"/><V107/><F121/><W16/><G69/><T86/><D43/><U42/><E70/><V123/><F123/><W39/><G108/><T50/><D11/><U35/><E35/><V87/><F129/><W118/><G118/><T122/><D122/><U32/><E32/><V111/><F111/><W61/><G33/><T28/><D119/><U6/><E120/><V74/><F133/><W31/><G31/><T13/><D75/><U8/><E113/><N who="3" m="43626" /><G39/><T127/><D72/><U83/><E83/><V124/><F124/><W12/><G79/><T63/><D104/><U134/><E22/><V52/><F74/><W37/><G37/><T2/><D2/><U64/><E64/><V0/><F103/><W65/><G73/><T62/><D127/><U85/><E134/><V130/><F130/><W80/><G80/><T100/><D100/><U116/><E116/><V115/><F115/><W76/><G76/><T110/><D110/><U26/><E26/><V40/><REACH who="2" step="1"/><F52/><REACH who="2" ten="177,257,316,240" step="2"/><W56/><G65/><T4/><D63/><U67/><E67/><V92/><F92/><W41/><G61/><T125/><D125/><U48/><E55/><V14/><F14/><W128/><G128/><T30/><D62/><U131/><E95/><V132/><F132/><W109/><G109/><T66/><D66/><U117/><E131/><V99/><F99/><W20/><G97/><T77/><D13/><U3/><E117/><V21/><F21/><W1/><G96/><T25/><D4/><AGARI ba="0,1" hai="0,4,9,10,15,18,36,40,44,81,87,89,105,107" machi="4" ten="40,12000,1" yaku="1,1,52,2,53,1" doraHai="101" doraHaiUra="78" who="2" fromWho="0" sc="177,-120,257,0,316,130,240,0" /><INIT seed="6,1,0,1,5,24" ten="57,257,446,240" oya="2" hai0="95,36,114,2,133,82,54,119,124,61,72,109,78" hai1="117,29,110,52,15,48,115,4,19,73,40,100,112" hai2="134,11,62,21,76,31,130,99,45,67,33,3,7" hai3="108,53,91,94,43,27,77,123,131,128,66,14,47"/><V65/><F130/><N who="3" m="49707" /><G108/><T87/><D109/><U64/><E110/><V39/><F134/><W26/><G66/><T122/><D2/><U103/><E117/><V49/><F39/><W30/><G123/><T46/><D122/><U57/><E73/><V93/><F33/><W68/><G68/><T127/><D133/><U58/><E4/><V74/><F76/><W71/><G71/><T90/><D119/><U113/><E29/><V96/><F74/><W105/><G105/><T107/><D114/><U63/><REACH who="1" step="1"/><E40/><REACH who="1" ten="57,247,446,240" step="2"/><V12/><F31/><W111/><G111/><T89/><D127/><U79/><E79/><V42/><F42/><W75/><G77/><T83/><D124/><U98/><E98/><V59/><F96/><N who="3" m="57439" /><G75/><T86/><D72/><U69/><E69/><V60/><F99/><W22/><G53/><T44/><D78/><U129/><E129/><V92/><F7/><W106/><G106/><T1/><D107/><U34/><E34/><V125/><F125/><W35/><G35/><T0/><D54/><U84/><E84/><V102/><F65/><W55/><G55/><T116/><D116/><U20/><AGARI ba="1,1" hai="15,19,20,48,52,57,58,63,64,100,103,112,113,115" machi="20" ten="30,7900,0" yaku="1,1,0,1,15,1,54,1,53,0" doraHai="24" doraHaiUra="41" who="1" fromWho="1" sc="57,-21,247,92,446,-40,240,-21" /><INIT seed="7,0,0,5,2,42" ten="36,339,406,219" oya="3" hai0="35,33,73,135,104,36,2,76,50,59,62,117,106" hai1="83,132,16,129,128,114,48,3,124,61,34,133,20" hai2="82,69,0,108,100,90,103,96,51,109,32,113,56" hai3="8,30,131,110,25,111,93,95,63,98,101,107,70"/><W78/><G78/><T45/><D45/><U6/><E61/><V22/><F32/><W92/><G8/><T71/><D50/><U74/><E48/><V119/><F69/><W75/><G75/><T4/><D59/><U64/><E64/><V47/><F0/><W81/><G81/><T112/><D62/><U94/><E94/><V23/><F119/><W11/><G11/><T88/><D88/><U99/><E99/><V12/><F113/><W39/><G39/><T21/><D21/><N who="2" m="7690" /><F56/><W125/><G125/><T27/><D27/><U38/><E38/><V118/><F118/><W5/><G5/><T53/><D53/><U84/><E74/><V9/><F108/><W122/><G122/><T37/><D76/><U68/><E68/><V86/><F96/><W29/><G131/><N who="1" m="50250" /><E34/><V19/><F109/><N who="3" m="41483" /><G25/><T60/><D117/><U115/><E84/><V65/><F65/><AGARI ba="0,0" hai="29,30,63,65,70,92,93,95,98,101,107" m="41483" machi="65" ten="30,1500,0" yaku="10,1" doraHai="42" who="3" fromWho="2" sc="36,0,339,0,406,-15,219,15" /><INIT seed="7,1,0,3,1,8" ten="36,339,391,234" oya="3" hai0="102,95,11,79,3,118,124,53,14,77,128,2,91" hai1="93,61,135,49,110,23,92,86,19,29,30,116,64" hai2="35,101,99,122,40,52,10,60,9,131,115,90,58" hai3="56,97,114,104,51,28,120,39,59,12,133,41,85"/><W16/><G120/><T5/><D128/><U117/><E110/><V129/><F35/><W74/><G74/><T65/><D124/><U98/><E135/><V107/><F122/><W37/><G133/><T50/><D118/><U15/><E49/><V83/><F40/><W80/><G28/><T94/><D3/><U57/><E116/><V70/><F70/><W63/><G114/><T123/><D2/><U88/><E117/><V100/><F100/><AGARI ba="1,0" hai="15,19,23,29,30,57,61,64,86,88,92,93,98,100" machi="100" ten="30,7700,0" yaku="7,1,8,1,52,1,54,1" doraHai="8" who="1" fromWho="2" sc="36,0,339,80,391,-80,234,0" owari="36,-46.4,419,51.9,311,11.1,234,-16.6" /></mjloggm>