<mjloggm ver="2.3"><GO type="169" lobby="0"/><UN n0="%5B%5B%79%75%79%75%5D%5D" n1="%E3%82%A2%E3%83%B3%E3%83%88%E3%83%AC%E3%83%BC%E3%82%B9" n2="%E6%99%82%E8%A8%88%E5%9D%82%E9%9B%B6" n3="%6D%62%72%63%68%61%6E" dan="16,16,16,16" rate="2149.45,2063.80,2147.25,2127.92" sx="M,M,M,M"/><TAIKYOKU oya="0"/><INIT seed="0,0,0,3,3,91" ten="250,250,250,250" oya="0" hai0="74,4,131,21,42,31,48,63,77,47,85,126,13" hai1="108,92,34,78,35,101,67,2,99,66,70,69,133" hai2="80,54,3,8,33,20,100,88,45,15,36,114,43" hai3="64,90,57,65,38,56,19,113,52,130,51,95,5"/><T58/><D74/><U93/><E2/><V68/><F68/><W59/><G38/><T83/><D126/><U14/><E108/><V132/><F114/><W116/><G116/><T75/><D75/><U96/><E14/><V37/><F33/><W22/><G5/><T124/><D124/><U118/><E133/><V106/><F132/><W30/><G30/><T61/><D131/><U40/><E40/><V0/><F37/><W71/><G113/><T7/><D63/><U62/><E78/><V102/><F20/><W127/><G130/><T84/><D84/><U73/><E73/><V12/><F12/><N who="3" m="9575" /><G71/><T104/><D104/><U24/><E24/><V49/><F106/><W134/><G134/><T11/><D21/><U10/><E10/><V135/><F135/><W112/><G112/><T98/><D98/><U111/><E111/><V25/><F0/><W76/><G76/><T26/><D26/><U121/><E121/><V28/><F25/><W105/><G105/><T87/><D87/><U122/><E122/><V50/><F28/><W103/><G103/><T89/><D31/><U44/><E44/><N who="2" m="27975" /><F36/><W123/><G123/><T125/><D125/><U1/><E1/><V129/><F3/><W117/><G117/><T60/><D4/><U115/><E115/><V119/><F129/><W23/><G23/><T94/><D58/><N who="3" m="22633" /><G127/><T109/><D109/><U27/><E118/><V32/><F32/><W81/><G81/><T107/><D107/><U82/><E82/><V16/><F119/><W41/><G41/><T55/><D42/><U86/><E27/><V110/><F110/><RYUUKYOKU ba="0,0" sc="250,10,250,-30,250,10,250,10" hai0="7,11,13,47,48,55,60,61,77,83,85,89,94" hai2="8,15,16,43,45,49,80,88,100,102" hai3="51,52,59,64,65,90,95" /><INIT seed="0,1,0,5,4,58" ten="260,220,260,260" oya="0" hai0="88,107,122,77,0,28,112,37,109,8,111,14,59" hai1="22,63,130,12,54,44,66,40,91,55,135,17,16" hai2="61,84,128,18,124,90,95,78,31,65,117,6,2" hai3="1,80,98,24,86,97,11,21,96,70,62,26,79"/><T116/><D122/><U119/><E130/><V23/><F124/><W83/><G83/><T106/><D0/><U53/><E135/><V56/><F128/><W85/><G85/><T57/><D37/><U25/><E91/><V19/><F117/><W132/><G132/><T64/><D116/><U5/><E5/><V76/><F6/><W38/><G38/><T102/><D112/><U75/><E75/><V29/><F2/><W94/><G1/><T93/><D77/><N who="2" m="29802" /><F19/><W47/><G11/><T49/><D28/><U27/><E119/><V131/><F131/><W35/><G35/><T69/><D69/><U121/><E121/><V45/><F45/><W9/><G9/><T82/><D82/><U36/><REACH who="1" step="1"/><E17/><REACH who="1" ten="260,210,260,260" step="2"/><V52/><F65/><W118/><G118/><T103/><D64/><U110/><E110/><N who="0" m="41993" /><D106/><U113/><E113/><V127/><F127/><W50/><G94/><T46/><D107/><U3/><E3/><V99/><F84/><W104/><G104/><T39/><D103/><U108/><E108/><V30/><F30/><W120/><G120/><T100/><D100/><U105/><E105/><V15/><AGARI ba="1,1" hai="15,18,23,29,31,52,56,61,90,95,99" m="29802" machi="15" ten="30,4000,0" yaku="8,1,52,1,54,1" doraHai="58" who="2" fromWho="2" sc="260,-21,210,-11,260,53,260,-11" /><INIT seed="1,0,0,0,3,111" ten="239,199,313,249" oya="1" hai0="82,11,18,22,9,20,19,124,110,41,15,23,87" hai1="127,48,55,33,61,63,4,47,113,105,133,2,6" hai2="131,83,126,78,60,107,134,0,120,125,49,34,42" hai3="21,46,89,64,97,116,104,70,109,32,123,39,16"/><U50/><E113/><V99/><F0/><W35/><G123/><T98/><D110/><U59/><E105/><V72/><F34/><W38/><G109/><T26/><D124/><N who="2" m="47722" /><F120/><W53/><G116/><T108/><D108/><U37/><E33/><V101/><F131/><W84/><G64/><T56/><D41/><U14/><E2/><V67/><F134/><W73/><G73/><T93/><D56/><U69/><E127/><V7/><F7/><W100/><G70/><T1/><D1/><U88/><E133/><V17/><F17/><W128/><G39/><T71/><D71/><U76/><E76/><V43/><F49/><W81/><G128/><T25/><D11/><U52/><E37/><V3/><F3/><W36/><G36/><T80/><D87/><U102/><E102/><V57/><AGARI ba="0,0" hai="42,43,57,60,67,72,78,83,99,101,107" m="47722" machi="57" ten="30,1100,0" yaku="18,1" doraHai="111" who="2" fromWho="2" sc="239,-3,199,-5,313,11,249,-3" /><INIT seed="2,0,0,1,1,52" ten="236,194,324,246" oya="2" hai0="43,134,1,127,124,60,19,81,59,62,119,37,32" hai1="20,76,128,36,9,50,21,101,48,39,115,94,17" hai2="61,63,88,25,65,70,58,80,82,120,110,116,57" hai3="78,135,15,2,129,28,16,97,40,112,74,100,71"/><V3/><F3/><W104/><G129/><T106/><D32/><U29/><E115/><V86/><F116/><W84/><G135/><T69/><D106/><U23/><E128/><V85/><F120/><W123/><G123/><T55/><D1/><U67/><E36/><V95/><F110/><W42/><G2/><T90/><D119/><U34/><E39/><V79/><F25/><W72/><G71/><T12/><D134/><U111/><E67/><N who="2" m="39343" /><F70/><W24/><G112/><T22/><D43/><U130/><E111/><V93/><AGARI ba="0,0" hai="58,63,65,79,80,82,85,86,88,93,95" m="39343" machi="93" ten="30,11700,0" yaku="8,1,52,2,54,1" doraHai="52" who="2" fromWho="2" sc="236,-39,194,-39,324,117,246,-39" /><INIT seed="2,1,0,3,4,102" ten="197,155,441,207" oya="2" hai0="132,3,75,65,118,19,90,37,107,98,109,77,8" hai1="23,74,45,100,16,110,13,21,9,30,6,81,97" hai2="11,62,112,33,50,43,26,58,113,48,117,5,15" hai3="127,108,135,36,94,0,116,67,66,99,20,96,70"/><V53/><F117/><W32/><G32/><T59/><D118/><U91/><E110/><V31/><F43/><W24/><G0/><T125/><D109/><U79/><E30/><V106/><F106/><W115/><G36/><T134/><D37/><U55/><E91/><V44/><F44/><W28/><G108/><T119/><D119/><U47/><E55/><V57/><REACH who="2" step="1"/><F48/><REACH who="2" ten="197,155,431,207" step="2"/><W126/><G116/><T111/><D111/><U40/><E40/><V2/><F2/><W1/><G1/><T103/><D3/><U92/><REACH who="1" step="1"/><E23/><REACH who="1" ten="197,145,431,207" step="2"/><V129/><F129/><W18/><G20/><T95/><D132/><U54/><E54/><AGARI ba="1,2" hai="5,11,15,26,31,33,50,53,54,57,58,62,112,113" machi="54" ten="30,2900,0" yaku="1,1,7,1,53,0" doraHai="102" doraHaiUra="101" who="2" fromWho="1" sc="197,0,145,-32,431,52,207,0" /><INIT seed="2,2,0,1,3,93" ten="197,113,483,207" oya="2" hai0="34,31,39,2,14,0,83,60,45,65,29,16,124" hai1="33,61,71,40,130,78,63,127,99,43,57,85,126" hai2="26,23,20,38,102,73,35,28,10,64,75,56,107" hai3="129,54,105,19,131,86,103,1,111,106,27,49,21"/><V72/><F38/><W3/><G111/><T77/><D124/><N who="1" m="47659" /><E33/><V70/><F56/><W135/><G135/><T11/><D34/><U82/><E130/><N who="3" m="49674" /><G86/><T41/><D2/><N who="3" m="521" /><G103/><T76/><D0/><U109/><E109/><V44/><F44/><AGARI ba="2,0" hai="19,21,27,44,49,54,105,106" m="521,49674" machi="44" ten="30,1000,0" yaku="19,1" doraHai="93" who="3" fromWho="2" sc="197,0,113,0,483,-16,207,16" /><INIT seed="3,0,0,0,2,43" ten="197,113,467,223" oya="3" hai0="1,115,36,64,107,117,123,127,20,87,84,75,135" hai1="4,12,16,90,14,79,99,109,114,33,131,63,32" hai2="18,23,116,124,106,102,89,67,77,73,62,15,68" hai3="42,91,113,134,50,7,86,21,45,10,108,51,31"/><W13/><G113/><T105/><RYUUKYOKU type="yao9" ba="0,0" sc="197,0,113,0,467,0,223,0" hai0="1,20,36,64,75,84,87,105,107,115,117,123,127,135" /><INIT seed="3,1,0,2,3,22" ten="197,113,467,223" oya="3" hai0="41,125,129,90,72,81,36,99,92,34,32,113,70" hai1="85,116,25,42,94,3,79,12,82,60,124,20,43" hai2="69,126,71,127,6,135,0,49,52,87,19,115,83" hai3="15,112,75,133,132,46,50,102,51,131,45,109,24"/><W84/><G75/><T63/><D125/><N who="2" m="47626" /><F135/><N who="3" m="51787" /><G112/><T73/><D129/><U86/><E3/><V13/><F6/><W118/><G118/><T121/><D121/><U108/><E108/><V97/><F97/><W29/><G131/><T62/><D113/><U64/><E116/><V17/><F0/><W48/><G109/><T111/><D111/><U27/><E12/><V123/><F123/><W57/><G57/><T68/><D41/><N who="1" m="15371" /><E20/><N who="2" m="11311" /><F19/><W119/><G119/><T47/><D47/><U105/><E105/><V67/><F67/><W9/><G84/><T1/><D1/><U21/><E21/><V7/><F7/><N who="3" m="3519" /><G102/><T2/><D2/><U58/><E124/><V11/><F11/><W134/><N who="3" m="51795" /><W130/><DORA hai="95" /><G130/><T66/><D36/><U23/><E23/><AGARI ba="1,0" hai="23,24,29,45,46,48,50,51" m="3519,51795" machi="23" ten="40,3900,0" yaku="20,1,52,1" doraHai="22,95" who="3" fromWho="1" sc="197,0,113,-42,467,0,223,42" /><INIT seed="3,2,0,4,5,91" ten="197,71,467,265" oya="3" hai0="107,124,28,31,102,63,37,75,62,53,30,97,93" hai1="45,122,52,98,104,84,42,77,82,112,94,135,120" hai2="109,106,111,86,85,73,32,0,100,7,76,121,50" hai3="60,67,12,130,22,70,4,41,127,5,117,48,96"/><W54/><G117/><T105/><D37/><U69/><E69/><V81/><F32/><W17/><G127/><T34/><D75/><U92/><E112/><V24/><F24/><W43/><G130/><T87/><D124/><U6/><E6/><V35/><F35/><W103/><G5/><T79/><D34/><U133/><E42/><V13/><F0/><W134/><G134/><N who="1" m="51210" /><E52/><V44/><F121/><N who="1" m="46697" /><E45/><V108/><F13/><W113/><G4/><T118/><D118/><U8/><E8/><V90/><F7/><W56/><REACH who="3" step="1"/><G113/><REACH who="3" ten="197,71,467,255" step="2"/><T55/><D107/><AGARI ba="2,1" hai="12,17,22,41,43,48,54,56,60,67,70,96,103,107" machi="107" ten="30,5800,0" yaku="1,1,2,1,7,1,53,0" doraHai="91" doraHaiUra="40" who="3" fromWho="0" sc="197,-64,71,0,467,0,255,74" /><INIT seed="3,3,0,2,0,107" ten="133,71,467,329" oya="3" hai0="134,112,96,117,80,121,16,27,74,102,59,40,104" hai1="118,19,98,120,3,67,9,93,60,79,110,44,5" hai2="77,88,20,111,91,87,132,7,36,45,17,135,4" hai3="101,58,49,65,38,82,106,69,51,100,115,42,48"/><W61/><G115/><T126/><D121/><U18/><E110/><V35/><F35/><W66/><G82/><T56/><D117/><U6/><E120/><V122/><F77/><W78/><G78/><T39/><D112/><U99/><E118/><V133/><F111/><W14/><G14/><T97/><D126/><U11/><E79/><V28/><F28/><W125/><G106/><T127/><D127/><U12/><E44/><V21/><F122/><W15/><G15/><T47/><D134/><U119/><E119/><V23/><F17/><W113/><G125/><T13/><D27/><U32/><E32/><V129/><F129/><W53/><G113/><T124/><D124/><U95/><E95/><N who="2" m="54687" /><F91/><W90/><G90/><T94/><D80/><U85/><E85/><V57/><F57/><N who="3" m="32935" /><G101/><T31/><D74/><U33/><E33/><V52/><F36/><W43/><G100/><T8/><REACH who="0" step="1"/><D31/><REACH who="0" ten="123,71,467,329" step="2"/><U105/><E105/><V71/><F133/><W2/><G2/><T10/><D10/><U68/><REACH who="1" step="1"/><E99/><REACH who="1" ten="123,61,467,329" step="2"/><V30/><F135/><W41/><G38/><T37/><D37/><U103/><AGARI ba="3,2" hai="3,5,6,9,11,12,18,19,60,67,68,93,98,103" machi="103" ten="20,8000,1" yaku="1,1,2,1,0,1,7,1,53,1" doraHai="107" doraHaiUra="62" who="1" fromWho="1" sc="123,-23,61,109,467,-23,329,-43" /><INIT seed="4,0,0,2,2,89" ten="100,170,444,286" oya="0" hai0="36,56,7,16,41,40,117,111,76,1,123,129,0" hai1="102,95,49,21,83,48,15,9,65,66,135,26,62" hai2="122,82,2,103,75,90,114,17,54,78,19,87,86" hai3="51,79,97,109,11,23,53,119,115,68,28,105,3"/><T61/><D123/><U94/><E135/><V121/><F2/><W106/><G109/><T31/><D117/><U131/><E131/><V33/><F33/><W4/><G68/><T8/><D0/><U55/><E102/><V45/><F114/><W81/><G115/><T113/><D113/><U112/><E112/><V125/><F125/><W101/><G119/><T22/><D31/><N who="1" m="17871" /><E83/><V63/><F103/><W39/><G39/><T20/><D111/><U99/><E99/><V108/><F108/><W91/><G91/><T14/><D129/><U32/><E32/><V58/><F75/><W110/><G110/><T29/><D36/><U69/><E69/><V92/><F122/><W30/><G23/><T73/><D73/><U60/><E62/><V77/><F121/><W127/><G127/><T128/><D76/><U25/><E60/><V12/><F78/><W100/><G100/><T59/><D128/><U57/><E48/><V85/><F63/><W118/><G106/><T80/><D80/><U84/><E84/><V43/><F86/><W18/><G118/><T50/><D50/><U70/><E25/><V27/><F27/><W74/><G51/><T37/><D37/><U107/><E107/><V126/><F126/><W47/><G47/><T130/><D130/><U116/><E70/><V13/><F85/><W88/><G88/><T133/><D133/><U34/><E34/><V6/><F82/><W96/><G96/><T132/><D132/><U42/><E42/><N who="0" m="16489" /><D61/><U35/><E35/><V72/><F72/><W44/><G18/><T46/><D46/><U64/><E116/><RYUUKYOKU ba="0,0" sc="100,10,170,10,444,-30,286,10" hai0="1,7,8,14,16,20,22,29,56,59" hai1="9,15,49,55,57,64,65,66,94,95" hai3="3,4,11,28,30,44,53,74,79,81,97,101,105" /><INIT seed="4,1,0,0,4,65" ten="110,180,414,296" oya="0" hai0="47,96,4,107,82,84,67,26,92,12,125,31,50" hai1="85,70,3,53,20,80,102,130,74,123,134,11,100" hai2="28,52,131,35,121,40,19,7,122,115,54,58,105" hai3="75,16,29,116,109,110,6,32,117,37,111,39,98"/><T119/><D119/><U1/><E123/><V14/><F105/><W27/><G75/><T38/><D38/><U91/><E130/><V112/><F7/><W86/><G98/><T44/><D107/><U46/><E134/><V77/><F131/><W59/><G6/><T0/><D0/><U95/><E70/><V94/><F40/><W15/><G59/><T18/><D4/><U90/><E11/><V36/><F36/><W41/><G39/><T118/><D118/><U2/><E74/><V8/><F77/><W133/><G133/><T34/><D67/><U101/><E20/><V128/><F128/><W64/><G64/><T51/><D125/><U30/><E30/><V61/><F94/><W88/><G41/><T87/><D87/><U17/><E17/><V22/><F35/><W126/><G126/><T49/><D92/><U33/><E33/><V66/><F121/><W120/><G37/><T69/><D69/><U89/><E53/><V99/><F99/><W24/><G24/><T62/><D62/><U79/><REACH who="1" step="1"/><E46/><REACH who="1" ten="110,170,414,296" step="2"/><V129/><F129/><W10/><G120/><T108/><D108/><U127/><E127/><V43/><F122/><W81/><AGARI ba="1,1" hai="10,15,16,27,29,32,81,86,88,109,110,111,116,117" machi="81" ten="30,4000,0" yaku="0,1,54,2" doraHai="65" who="3" fromWho="3" sc="110,-21,170,-11,414,-11,296,53" /><INIT seed="5,0,0,5,3,69" ten="89,159,403,349" oya="1" hai0="129,78,19,64,45,103,38,97,81,101,62,127,6" hai1="68,23,34,17,131,41,110,14,57,96,124,86,3" hai2="133,104,9,42,13,28,114,66,100,80,126,4,82" hai3="121,76,106,79,128,10,132,11,61,5,113,40,35"/><U111/><E68/><V109/><F109/><N who="1" m="41481" /><E34/><V24/><F133/><W32/><G121/><T46/><D127/><U88/><E3/><V37/><F126/><W54/><G106/><T92/><D129/><U120/><E124/><V55/><F55/><W58/><G128/><T99/><D6/><U112/><E131/><V98/><F114/><W65/><G132/><T118/><D118/><U25/><E120/><V63/><F37/><W115/><G40/><T105/><D38/><U60/><E96/><V75/><F42/><W16/><G11/><T116/><D19/><U27/><E41/><V94/><F75/><W117/><G117/><T7/><D7/><U70/><E70/><N who="2" m="42335" /><F94/><W87/><G65/><T107/><D92/><N who="1" m="54295" /><E112/><N who="3" m="43082" /><G16/><T77/><D116/><U93/><E93/><V108/><F108/><W56/><G56/><T84/><REACH who="0" step="1"/><D78/><REACH who="0" ten="79,159,403,349" step="2"/><U48/><E48/><V30/><F30/><W8/><G79/><T123/><D123/><U74/><E74/><V21/><F104/><W130/><G130/><T51/><D51/><U53/><AGARI ba="0,1" hai="14,17,23,25,27,53,57,60" m="54295,41481" machi="53" ten="30,3000,0" yaku="10,1,54,1" doraHai="69" who="1" fromWho="1" sc="79,-10,159,40,403,-10,349,-10" /><INIT seed="5,1,0,2,0,77" ten="69,199,393,339" oya="1" hai0="27,71,58,97,121,1,52,99,72,28,122,104,45" hai1="133,36,48,5,53,96,11,38,19,21,62,61,57" hai2="118,120,70,4,89,102,0,83,98,39,87,42,116" hai3="115,9,75,85,92,37,68,73,65,127,66,95,125"/><U94/><E133/><V32/><F32/><W123/><G123/><T12/><D1/><U18/><E36/><V124/><F70/><W20/><G37/><T23/><D71/><U10/><E38/><V47/><F124/><N who="3" m="47691" /><G115/><T90/><D72/><N who="3" m="27721" /><G9/><N who="1" m="3082" /><E5/><V100/><F120/><N who="0" m="46186" /><D12/><N who="1" m="9415" /><E19/><V106/><F4/><W17/><G68/><T79/><D79/><U135/><E135/><V43/><F0/><W24/><G85/><T78/><D78/><U108/><E108/><V13/><F13/><W74/><G74/><T88/><D45/><U2/><E2/><V113/><F113/><W34/><G34/><T26/><D26/><U55/><E53/><V31/><F31/><W69/><G69/><T25/><D25/><U84/><E84/><V80/><F43/><W110/><G110/><T33/><D33/><U76/><E76/><V131/><F116/><W49/><G66/><T30/><D30/><U46/><E46/><V117/><F117/><W112/><G112/><T107/><D99/><U14/><E14/><V82/><F118/><W8/><G65/><T44/><D44/><U41/><E41/><V93/><F47/><W128/><G128/><T63/><D97/><U29/><E29/><V91/><F42/><W130/><G130/><T40/><D40/><U51/><E51/><V105/><F39/><W50/><G8/><T132/><D132/><U111/><E111/><V101/><F131/><W134/><G134/><T6/><D6/><U16/><E16/><V109/><F109/><W56/><G50/><T114/><D114/><U54/><E54/><AGARI ba="1,0" hai="17,20,24,49,54,56,92,95" m="27721,47691" machi="54" ten="30,1000,0" yaku="18,1" doraHai="77" who="3" fromWho="1" sc="69,0,199,-13,393,0,339,13" /><INIT seed="6,0,0,3,1,63" ten="69,186,393,352" oya="2" hai0="132,11,3,87,43,51,13,134,99,72,93,41,38" hai1="89,37,98,25,45,108,56,129,116,50,49,28,81" hai2="111,91,105,6,133,27,67,118,95,22,21,83,0" hai3="42,94,127,68,15,17,82,112,20,104,74,135,24"/><V88/><F105/><W44/><G104/><T113/><D72/><U2/><E108/><V102/><F118/><W46/><G135/><T40/><D38/><U58/><E2/><V52/><F133/><W101/><G127/><T77/><D3/><U80/><E37/><V122/><F122/><W79/><G68/><T69/><D69/><U31/><E129/><V54/><F0/><W97/><G112/><T5/><D113/><U109/><E109/><V119/><F119/><W75/><G75/><T60/><D60/><U64/><E98/><N who="2" m="59743" /><F6/><W55/><G55/><T57/><D134/><U76/><E25/><V32/><F32/><W8/><REACH who="3" step="1"/><G42/><REACH who="3" ten="69,186,393,342" step="2"/><T7/><D132/><U73/><E73/><V30/><F111/><W121/><G121/><T131/><D131/><U4/><E116/><V65/><F54/><W114/><G114/><T39/><D39/><U115/><E115/><V9/><F52/><W85/><G85/><T18/><D57/><U12/><E56/><V103/><F103/><W106/><G106/><T16/><D51/><U96/><E58/><V128/><F128/><W59/><G59/><T14/><D87/><U126/><E126/><V70/><F70/><W78/><G78/><T110/><D110/><U125/><E125/><V90/><F90/><W47/><G47/><T36/><D36/><U61/><E76/><V23/><F91/><W107/><G107/><T10/><D77/><U130/><E89/><AGARI ba="0,1" hai="5,7,10,11,13,14,16,18,40,41,43,89,93,99" machi="89" ten="40,5200,0" yaku="9,1,8,1,54,1" doraHai="63" who="0" fromWho="1" sc="69,62,186,-52,393,0,342,0" /><INIT seed="7,0,0,2,3,4" ten="131,134,393,342" oya="3" hai0="15,109,81,36,11,47,37,28,116,118,128,117,73" hai1="68,8,102,30,134,69,126,97,90,12,120,63,55" hai2="124,34,9,23,106,101,3,86,53,82,21,84,113" hai3="2,35,18,104,127,40,95,123,1,46,99,6,89"/><W24/><G123/><T92/><D109/><U75/><E120/><V20/><F34/><W52/><G127/><T100/><D128/><U135/><E75/><V32/><F32/><W114/><G114/><T26/><D47/><U25/><E126/><V19/><F124/><W110/><G110/><T42/><D42/><U121/><E90/><V122/><F122/><W77/><G104/><T78/><D92/><N who="1" m="58663" /><E55/><V41/><F41/><W59/><G77/><T49/><D49/><U66/><E63/><V16/><F113/><W39/><G6/><T43/><D43/><U45/><E66/><V108/><F108/><W65/><G65/><T54/><D54/><U93/><E93/><V62/><F101/><W119/><G119/><T87/><D100/><U29/><E45/><V10/><F3/><W33/><G33/><T76/><D76/><U107/><E107/><V79/><F84/><W91/><G91/><T44/><D44/><U98/><E98/><V7/><F7/><W85/><G85/><T13/><D73/><U17/><E121/><V67/><F67/><W48/><REACH who="3" step="1"/><G18/><REACH who="3" ten="131,134,393,332" step="2"/><N who="2" m="6697" /><F106/><W31/><AGARI ba="0,1" hai="1,2,24,31,35,39,40,46,48,52,59,89,95,99" machi="31" ten="30,6000,0" yaku="1,1,0,1,54,1,53,0" doraHai="4" doraHaiUra="60" who="3" fromWho="3" sc="131,-20,134,-20,393,-20,332,70" owari="111,-38.9,114,-28.6,373,17.3,402,50.2" /></mjloggm>