<mjloggm ver="2.3"><GO type="169" lobby="0"/><UN n0="%6B%75%72%69%73%75" n1="%41%4C%50%45%52%49%4E" n2="%E3%83%95%E3%82%8A%E3%82%AA%E3%83%8B%E3%83%BC%E3%83%AB" n3="%E4%B8%8B%E7%B4%9A%E5%9B%BD%E6%B0%91" dan="16,17,16,17" rate="2174.65,2150.67,2153.02,2136.76" sx="F,M,M,M"/><TAIKYOKU oya="0"/><INIT seed="0,0,0,3,5,40" ten="250,250,250,250" oya="0" hai0="12,1,74,112,126,88,104,84,70,99,46,15,120" hai1="72,114,31,122,109,107,28,21,32,110,87,60,97" hai2="10,121,33,34,117,14,75,0,56,45,108,132,49" hai3="67,51,22,65,115,100,62,94,131,50,106,66,35"/><T102/><D112/><U9/><E72/><V13/><F121/><W48/><G35/><T63/><D120/><U39/><E122/><V42/><F0/><W41/><G106/><T135/><D1/><U91/><E39/><V119/><F75/><W36/><G22/><T90/><D74/><U105/><E114/><V61/><F108/><N who="1" m="41577" /><E32/><V111/><F111/><W27/><G27/><T130/><D130/><U81/><E9/><V96/><F14/><W71/><G94/><T89/><D126/><U58/><E21/><V98/><F33/><W29/><G29/><N who="1" m="11338" /><E97/><V127/><F34/><W5/><G5/><T68/><D135/><U92/><E92/><V3/><F3/><W113/><G100/><T85/><D85/><U103/><E103/><V82/><F82/><W2/><G2/><T20/><D84/><U76/><E76/><V134/><F127/><W55/><G131/><T129/><D129/><U123/><E123/><V44/><F98/><W7/><G7/><T80/><D80/><U77/><E77/><V19/><F96/><W6/><G6/><T53/><D20/><U116/><E116/><N who="2" m="44619" /><F45/><N who="3" m="23719" /><G115/><T47/><D70/><U133/><E133/><V8/><F8/><W78/><G78/><T124/><D124/><U30/><N who="1" m="11346" /><U86/><DORA hai="23" /><E86/><V4/><F4/><W18/><G18/><T95/><D104/><U38/><E38/><V79/><F79/><W73/><G73/><T57/><D68/><U16/><E16/><V128/><F128/><W25/><G113/><T37/><D37/><U54/><AGARI ba="0,0" hai="54,58,60,81,87,91,105,107" m="11346,41577" machi="54" ten="40,1500,0" yaku="14,1" doraHai="40,23" who="1" fromWho="1" sc="250,-7,250,15,250,-4,250,-4" /><INIT seed="1,0,0,4,5,123" ten="243,265,246,246" oya="1" hai0="64,53,62,78,133,31,56,103,0,6,89,121,126" hai1="117,51,85,60,94,34,49,39,98,104,107,47,92" hai2="106,79,48,23,108,35,65,83,29,25,37,122,82" hai3="52,72,33,84,71,16,128,115,63,66,88,8,87"/><U110/><E117/><V58/><F37/><W99/><G72/><T77/><D121/><U130/><E34/><V12/><F122/><W40/><G33/><T118/><D118/><U73/><E73/><V30/><F106/><W57/><G115/><T102/><D126/><U15/><E130/><V68/><F68/><W21/><G40/><T74/><D133/><U13/><E39/><V61/><F48/><W125/><G8/><T119/><D119/><U91/><E60/><V7/><F35/><W22/><G22/><T67/><D31/><U114/><E114/><V129/><F129/><W95/><G125/><T90/><D6/><U41/><E51/><V116/><F116/><W42/><G42/><T132/><D0/><U24/><E24/><V70/><F70/><W5/><G5/><T86/><D90/><U43/><E43/><V80/><F108/><W4/><G4/><T113/><D132/><U131/><E131/><V69/><F69/><W28/><G28/><T26/><D26/><U20/><E110/><V76/><REACH who="2" step="1"/><F30/><REACH who="2" ten="243,265,236,246" step="2"/><W105/><G105/><T135/><D113/><U134/><E134/><V100/><F100/><W55/><G128/><T59/><D135/><U46/><E107/><V18/><F18/><W1/><G71/><T45/><D102/><N who="1" m="60743" /><E104/><V109/><F109/><W11/><G1/><T81/><D103/><U17/><E47/><V75/><F75/><W111/><G111/><T124/><D45/><U97/><E13/><V127/><F127/><W50/><G50/><N who="0" m="30775" /><D124/><U38/><E38/><V10/><AGARI ba="0,1" hai="7,10,12,23,25,29,58,61,65,76,79,80,82,83" machi="10" ten="30,7900,0" yaku="1,1,0,1,8,1,53,1" doraHai="123" doraHaiUra="2" who="2" fromWho="2" sc="243,-20,265,-39,236,89,246,-20" /><INIT seed="2,0,0,4,5,59" ten="223,226,325,226" oya="2" hai0="27,47,104,89,0,57,54,93,11,117,23,10,71" hai1="14,77,125,134,53,48,58,43,62,60,44,25,32" hai2="70,131,86,5,133,51,116,4,115,35,63,98,36" hai3="114,1,90,108,110,74,26,3,92,29,78,121,65"/><V46/><F115/><W112/><G121/><T31/><D104/><U81/><E125/><V39/><F116/><W8/><G65/><T73/><D71/><U129/><E129/><V119/><F119/><W102/><G102/><T126/><D117/><U97/><E134/><V28/><F131/><W19/><G78/><T16/><D73/><U34/><E97/><V87/><F98/><W82/><G82/><T99/><D126/><U96/><E96/><V80/><F87/><W33/><G90/><T30/><D47/><U64/><E14/><V105/><F105/><W95/><G95/><T45/><D45/><U84/><REACH who="1" step="1"/><E25/><REACH who="1" ten="223,216,325,226" step="2"/><V100/><F133/><W9/><G114/><T135/><D135/><U107/><E107/><V101/><F39/><W20/><G112/><T40/><D0/><U22/><E22/><V113/><F36/><W55/><G1/><T122/><D122/><U69/><AGARI ba="0,1" hai="32,34,43,44,48,53,58,60,62,64,69,77,81,84" machi="69" ten="20,12000,2" yaku="1,1,0,1,7,1,52,2,53,1" doraHai="59" doraHaiUra="67" who="1" fromWho="1" sc="223,-30,216,130,325,-60,226,-30" /><INIT seed="3,0,0,2,1,1" ten="193,346,265,196" oya="3" hai0="74,81,45,95,37,20,59,67,6,33,89,134,94" hai1="50,92,12,34,84,28,125,47,79,91,30,106,9" hai2="71,132,13,70,97,27,131,111,130,127,52,99,82" hai3="113,42,58,86,19,61,120,8,25,5,104,29,54"/><W80/><G104/><T100/><D33/><U43/><E125/><V48/><F127/><W124/><G124/><T38/><D134/><U117/><E117/><V96/><F132/><W68/><G113/><T75/><D100/><U129/><E129/><N who="2" m="49163" /><F111/><W15/><G120/><T107/><D107/><U93/><E106/><V122/><F122/><W3/><G68/><T16/><D94/><U32/><E32/><V133/><F133/><W72/><G42/><T118/><D118/><U35/><E35/><V119/><F119/><W36/><G36/><T11/><D67/><U41/><E34/><V76/><F27/><W46/><G46/><T73/><D59/><U23/><E79/><V128/><F13/><W69/><G69/><T109/><D81/><U44/><E23/><V21/><N who="2" m="49171" /><V22/><DORA hai="18" /><F22/><W90/><G72/><T123/><D109/><U88/><E12/><V115/><F21/><N who="3" m="15535" /><G3/><T24/><D123/><U10/><E50/><V77/><F115/><W14/><G14/><T56/><D56/><U98/><E84/><N who="2" m="48199" /><F77/><W53/><G53/><T66/><D66/><U39/><REACH who="1" step="1"/><E39/><REACH who="1" ten="193,336,265,196" step="2"/><V2/><F2/><W112/><G112/><T7/><D38/><U105/><E105/><V103/><F103/><W101/><G101/><T135/><D135/><U17/><E17/><AGARI ba="0,1" hai="5,8,15,17,19,54,58,61,80,86,90" m="15535" machi="17" ten="30,5800,0" yaku="8,1,52,2" doraHai="1,18" who="3" fromWho="1" sc="193,0,336,-58,265,0,196,68" /><INIT seed="3,1,0,0,2,35" ten="193,278,265,264" oya="3" hai0="31,85,46,42,80,127,58,120,97,123,13,56,65" hai1="11,2,61,105,83,24,130,108,57,19,59,8,43" hai2="96,132,10,60,76,122,28,30,126,47,112,95,98" hai3="7,37,0,86,114,90,82,88,64,26,100,54,104"/><W44/><G114/><T66/><D127/><U91/><E105/><V115/><F126/><W18/><G64/><T135/><D135/><U74/><E108/><V131/><F132/><W103/><G104/><T51/><D31/><U53/><E130/><V52/><F131/><W1/><G7/><T12/><D97/><U50/><E43/><V62/><F76/><W23/><G90/><T133/><D133/><U5/><E24/><V99/><F122/><W101/><REACH who="3" step="1"/><G54/><REACH who="3" ten="193,278,265,254" step="2"/><T75/><D66/><U16/><E91/><V68/><F52/><W118/><G118/><T22/><D65/><U113/><E113/><V29/><F112/><W40/><AGARI ba="1,1" hai="0,1,18,23,26,37,40,44,82,86,88,100,101,103" machi="40" ten="30,18000,2" yaku="1,1,0,1,52,2,54,1,53,1" doraHai="35" doraHaiUra="79" who="3" fromWho="3" sc="193,-61,278,-61,265,-61,254,193" /><INIT seed="3,2,0,5,4,76" ten="132,217,204,447" oya="3" hai0="70,130,84,74,103,97,33,78,7,53,73,67,58" hai1="51,39,90,5,120,102,59,24,30,108,11,126,107" hai2="129,16,15,2,98,28,92,52,75,6,81,61,18" hai3="12,25,35,45,88,111,94,104,17,71,77,99,48"/><W121/><G71/><T8/><D33/><U27/><E39/><V122/><F2/><W95/><G121/><T0/><D130/><U19/><E120/><V131/><F122/><W40/><G104/><T128/><D128/><N who="2" m="49226" /><F28/><W135/><G135/><T43/><D43/><U1/><E108/><V134/><F134/><W13/><G111/><T3/><D3/><U116/><E126/><V62/><F6/><W54/><G77/><T114/><D114/><U66/><E116/><V63/><F15/><W50/><G95/><T72/><D70/><U118/><E118/><V80/><F52/><W41/><G41/><T83/><D67/><U36/><E36/><V100/><F75/><W9/><G9/><T49/><REACH who="0" step="1"/><D73/><REACH who="0" ten="122,217,204,447" step="2"/><U10/><E66/><V20/><F20/><N who="3" m="13455" /><G35/><T82/><D82/><AGARI ba="2,1" hai="16,18,61,62,63,80,81,82,92,98,100" m="49226" machi="82" ten="30,8000,1" yaku="19,1,52,3,54,1" doraHai="76" who="2" fromWho="0" sc="122,-86,217,0,204,96,447,0" /><INIT seed="4,0,0,3,5,32" ten="36,217,300,447" oya="0" hai0="9,65,114,126,43,109,100,128,58,54,55,101,26" hai1="5,86,2,81,50,94,56,102,18,44,71,119,59" hai2="69,84,90,1,120,87,13,48,67,25,70,92,131" hai3="75,24,14,51,41,132,135,20,112,33,93,115,80"/><T21/><D114/><N who="3" m="43561" /><G33/><T27/><D128/><U7/><E119/><V49/><F120/><W31/><G93/><T4/><D43/><U6/><E71/><V3/><F131/><W64/><G64/><T61/><D126/><U97/><E18/><V103/><F13/><W104/><G104/><T88/><D109/><U123/><E123/><V77/><F103/><N who="0" m="39498" /><D9/><U124/><E124/><V106/><F25/><N who="0" m="9226" /><D4/><U16/><E16/><V0/><F106/><W121/><G14/><T62/><D21/><U73/><E73/><V66/><F77/><N who="3" m="44095" /><G121/><T76/><D76/><N who="1" m="46375" /><E2/><V52/><F52/><AGARI ba="0,0" hai="5,6,7,44,50,52,56,59,94,97,102" m="46375" machi="52" ten="30,2000,0" yaku="8,1,54,1" doraHai="32" who="1" fromWho="2" sc="36,0,217,20,300,-20,447,0" /><INIT seed="5,0,0,4,3,98" ten="36,237,280,447" oya="1" hai0="2,100,65,68,76,17,8,41,69,91,9,111,123" hai1="18,28,12,122,134,45,46,31,32,101,135,115,62" hai2="55,127,130,124,11,121,71,22,104,117,78,35,6" hai3="79,38,73,24,88,63,75,80,90,129,70,7,87"/><U108/><E122/><V113/><F35/><W56/><G38/><T0/><D123/><U81/><E115/><V103/><F121/><W74/><G70/><T16/><D91/><U4/><E108/><V27/><F117/><W10/><G24/><T57/><D57/><U5/><E81/><V118/><F118/><W95/><G95/><T43/><D76/><U96/><E62/><V112/><F71/><W94/><G94/><T92/><D92/><U53/><E53/><V21/><F55/><W110/><G129/><T120/><D120/><U47/><E5/><V99/><F78/><W84/><G84/><T51/><D51/><U126/><E4/><V125/><F130/><W50/><G50/><T25/><D25/><U59/><E59/><V82/><F82/><W107/><G107/><T102/><REACH who="0" step="1"/><D65/><REACH who="0" ten="26,237,280,447" step="2"/><U1/><E47/><V64/><F64/><W30/><G88/><T13/><D13/><U119/><E12/><N who="2" m="5239" /><F27/><W15/><G79/><T106/><D106/><U83/><E46/><V77/><F77/><W42/><G74/><T93/><D93/><U109/><E45/><V36/><F36/><W131/><G75/><T58/><D58/><U133/><E133/><V29/><F112/><W48/><G73/><T49/><D49/><U60/><E134/><V37/><F113/><W40/><G48/><T105/><D105/><U128/><E135/><V3/><F37/><W132/><G132/><T34/><D34/><U14/><E32/><V114/><F114/><W54/><G90/><T44/><D44/><U33/><E119/><V20/><F3/><W52/><G15/><RYUUKYOKU ba="0,1" sc="26,15,237,-15,280,15,447,-15" hai0="0,2,8,9,16,17,41,43,68,69,100,102,111" hai2="20,21,22,29,99,103,104,124,125,127" /><INIT seed="6,1,1,3,4,23" ten="41,222,295,432" oya="2" hai0="126,104,93,100,56,32,85,69,17,95,121,41,86" hai1="59,110,79,58,98,88,101,30,125,81,10,64,82" hai2="53,122,49,40,4,19,3,133,16,0,38,21,50" hai3="2,118,127,12,75,66,52,84,54,97,113,1,24"/><V44/><F122/><W18/><G75/><T134/><D17/><U131/><E110/><V39/><F133/><W132/><G66/><T120/><D32/><U7/><E125/><V105/><F105/><W124/><G118/><T61/><D56/><U57/><E131/><V87/><F19/><W78/><G97/><T109/><D41/><U5/><E64/><V48/><F48/><W8/><G132/><T11/><D11/><U26/><E101/><V29/><F29/><W129/><G129/><T115/><D61/><U99/><E79/><V130/><F130/><W116/><G116/><T62/><D62/><U112/><E112/><V14/><F87/><W106/><G106/><T51/><D51/><U31/><E10/><V63/><F63/><W123/><G123/><T83/><D69/><U103/><E103/><V20/><F20/><W15/><G113/><T6/><D6/><U70/><E70/><V33/><F33/><W96/><G96/><T77/><D134/><U71/><E71/><V102/><F102/><W68/><G68/><T111/><D100/><U34/><E34/><V67/><F67/><W94/><G8/><T37/><D37/><N who="2" m="13834" /><F4/><W27/><G18/><T28/><D28/><U74/><E74/><V43/><F43/><W91/><G78/><T117/><D115/><U80/><E5/><V45/><F3/><W108/><G1/><T128/><D128/><U107/><E7/><V90/><F0/><W47/><G2/><T76/><D117/><U73/><E107/><V119/><F119/><W42/><G42/><T22/><D104/><U46/><E73/><RYUUKYOKU ba="1,1" sc="41,-10,222,-10,295,30,432,-10" hai2="14,16,21,40,44,45,49,50,53,90" /><INIT seed="6,2,1,1,4,126" ten="31,212,325,422" oya="2" hai0="105,82,56,114,109,38,73,33,34,57,32,80,75" hai1="72,20,50,71,84,107,89,86,18,90,120,44,121" hai2="74,14,65,59,95,8,122,23,7,27,24,53,131" hai3="96,110,47,17,125,124,54,36,81,116,4,123,45"/><V5/><F122/><W128/><G123/><T62/><D109/><U115/><E115/><V58/><F74/><W60/><G110/><T6/><D105/><U94/><E107/><V135/><F135/><W49/><G4/><T87/><D38/><U77/><E71/><V19/><F131/><W28/><G28/><T22/><D114/><U15/><E72/><V12/><F95/><W43/><G116/><T99/><D6/><U48/><E77/><V30/><F7/><W117/><G117/><T91/><D99/><U35/><E35/><V31/><F65/><W26/><G96/><T29/><D29/><U51/><E121/><V2/><F2/><W88/><G60/><T13/><D13/><U66/><E66/><V104/><F104/><W39/><G39/><T16/><D80/><U21/><E120/><V42/><F42/><W92/><G81/><T113/><D113/><U64/><E64/><V3/><F3/><W129/><G17/><T102/><D102/><U78/><E78/><V63/><F58/><W108/><G26/><AGARI ba="2,1" hai="5,8,12,14,19,23,24,26,27,30,31,53,59,63" machi="26" ten="40,2000,0" yaku="8,1" doraHai="126" who="2" fromWho="3" sc="31,0,212,0,325,36,422,-26" /><INIT seed="6,3,0,5,2,82" ten="31,212,361,396" oya="2" hai0="125,119,2,120,9,81,107,72,53,100,19,47,3" hai1="75,39,78,43,84,25,44,79,66,45,80,11,112" hai2="126,128,70,110,117,18,27,62,35,59,32,115,26" hai3="76,105,4,58,122,130,104,83,91,33,28,109,86"/><V68/><F117/><W135/><G109/><T97/><D120/><U102/><E112/><V49/><F115/><W55/><G122/><T89/><D119/><U103/><E66/><V133/><F110/><W134/><G130/><T41/><D125/><U87/><E25/><V65/><F128/><W60/><G4/><T57/><D19/><U131/><E131/><V93/><F126/><W116/><G116/><T13/><D13/><U118/><E118/><V8/><F133/><N who="3" m="50699" /><G33/><T129/><D9/><U46/><E11/><V88/><F32/><W111/><G28/><T123/><D123/><U67/><E67/><V98/><F35/><W12/><G12/><T99/><D129/><U63/><E63/><V51/><F68/><W15/><G15/><T20/><D20/><U50/><E46/><V0/><F70/><W30/><G30/><T69/><D69/><U37/><E75/><V77/><F77/><W5/><G5/><T38/><D72/><U127/><E127/><V24/><F0/><W132/><G111/><T101/><D81/><U94/><E94/><V17/><F8/><W64/><N who="3" m="50707" /><W36/><DORA hai="92" /><G36/><T73/><D73/><U10/><E10/><V113/><F113/><W31/><G31/><T71/><D71/><U6/><E6/><V29/><F29/><W121/><G121/><T42/><D42/><N who="1" m="24855" /><E39/><V74/><F74/><N who="3" m="43415" /><G64/><T56/><D89/><U114/><E114/><V48/><AGARI ba="3,0" hai="17,18,24,26,27,48,49,51,59,62,65,88,93,98" machi="48" ten="30,11700,0" yaku="0,1,8,1,52,1,54,1" doraHai="82,92" who="2" fromWho="2" sc="31,-42,212,-42,361,126,396,-42" owari="-11,-51.1,170,-23.0,487,58.7,354,15.4" /></mjloggm>