<mjloggm ver="2.3"><GO type="169" lobby="0"/><UN n0="%2D%E8%B1%8A%E5%8F%A3%E3%82%81%E3%81%90%E3%81%BF%2D" n1="%74%73%75%6B%69%31" n2="%E4%BA%9C%E6%9C%88" n3="%6E%61%67%61%69%6D%6F" dan="17,16,17,16" rate="2175.10,2188.11,2186.86,2131.59" sx="F,M,M,M"/><TAIKYOKU oya="0"/><INIT seed="0,0,0,0,1,17" ten="250,250,250,250" oya="0" hai0="45,101,112,18,34,68,120,108,72,111,44,66,130" hai1="28,116,26,33,117,55,56,30,69,107,24,78,94" hai2="73,50,8,86,77,42,64,135,128,22,31,39,82" hai3="92,99,84,13,95,132,7,25,133,131,74,59,47"/><T125/><D72/><U9/><E107/><V127/><F128/><W97/><G74/><T123/><D34/><U49/><E69/><V35/><F127/><W15/><G47/><N who="0" m="17995" /><D101/><U62/><E78/><V65/><F39/><W115/><G84/><T106/><D106/><U104/><E104/><V61/><F42/><W90/><G131/><T114/><D18/><U52/><E9/><V124/><F124/><W60/><G115/><N who="0" m="44075" /><D130/><U113/><E94/><V119/><F35/><W88/><G25/><T100/><D100/><U85/><E85/><V70/><F86/><W16/><G7/><T1/><D1/><U129/><E129/><V105/><F105/><W126/><G126/><T102/><D102/><U122/><E122/><N who="0" m="46633" /><D125/><U27/><E27/><V76/><F73/><W93/><G93/><T2/><D2/><U121/><E121/><V46/><F77/><W0/><G0/><T89/><D89/><U118/><E113/><V91/><F91/><W71/><G71/><T57/><D68/><U12/><E12/><V41/><F76/><W80/><G80/><T38/><D38/><U67/><REACH who="1" step="1"/><E49/><REACH who="1" ten="250,240,250,250" step="2"/><V81/><F50/><W21/><REACH who="3" step="1"/><G13/><REACH who="3" ten="250,240,250,240" step="2"/><T134/><D134/><U63/><E63/><AGARI ba="0,2" hai="57,63,66,108,111" m="46633,44075,17995" machi="63" ten="40,3900,0" yaku="34,2" doraHai="17" who="0" fromWho="1" sc="250,59,240,-39,250,0,240,0" /><INIT seed="0,1,0,3,5,73" ten="309,201,250,240" oya="0" hai0="102,29,82,48,117,31,131,127,13,72,111,99,68" hai1="95,50,81,88,97,28,36,132,15,71,40,10,24" hai2="54,42,32,8,110,94,80,93,112,107,2,38,23" hai3="98,114,100,27,74,61,124,113,9,86,57,47,26"/><T60/><D117/><U78/><E132/><V11/><F32/><W65/><G74/><T103/><D127/><U75/><E71/><V22/><F107/><W83/><G124/><T76/><D131/><U25/><E36/><V63/><F112/><W91/><G114/><T33/><D103/><U52/><E40/><V125/><F125/><W123/><G123/><T20/><D111/><U46/><REACH who="1" step="1"/><E28/><REACH who="1" ten="309,191,250,240" step="2"/><V49/><F42/><W109/><G113/><T4/><D31/><U79/><E79/><V64/><F38/><W106/><G109/><T55/><D29/><U70/><E70/><V87/><F110/><W7/><G47/><T135/><D135/><U84/><E84/><V12/><F87/><W58/><G58/><T18/><D68/><U118/><E118/><V14/><F49/><W92/><REACH who="3" step="1"/><G106/><REACH who="3" ten="309,191,250,230" step="2"/><T69/><D69/><U101/><E101/><V30/><F30/><W105/><G105/><T119/><D119/><U89/><E89/><V45/><F45/><W128/><G128/><T116/><D116/><U56/><E56/><V37/><F37/><W0/><AGARI ba="1,2" hai="0,7,9,26,27,57,61,65,83,86,91,92,98,100" machi="0" ten="20,5200,0" yaku="1,1,0,1,7,1,53,1" doraHai="73" doraHaiUra="96" who="3" fromWho="3" sc="309,-27,191,-14,250,-14,230,75" /><INIT seed="1,0,0,1,1,123" ten="282,177,236,305" oya="1" hai0="125,62,38,101,130,3,50,31,5,6,9,64,32" hai1="107,27,102,73,71,36,75,86,16,74,81,29,45" hai2="90,83,13,65,112,72,26,22,89,57,77,19,42" hai3="96,14,122,2,39,129,69,98,21,1,124,58,4"/><U79/><E71/><V30/><F112/><W33/><G69/><T17/><D38/><U117/><E117/><V113/><F113/><W18/><G39/><T88/><D125/><U35/><E107/><V37/><F37/><W24/><G122/><T15/><D101/><U85/><E102/><V120/><F120/><W59/><G124/><T128/><D50/><U23/><E85/><V131/><F131/><W94/><G129/><T49/><D49/><U11/><E11/><V126/><F42/><W12/><G98/><T133/><D6/><U40/><REACH who="1" step="1"/><E86/><REACH who="1" ten="282,167,236,305" step="2"/><V93/><F126/><W103/><G1/><T116/><D9/><U132/><E132/><V55/><F93/><W92/><G92/><T111/><D3/><U118/><E118/><V66/><F89/><W95/><G95/><T97/><D88/><U127/><E127/><V47/><F90/><W28/><G2/><T61/><D133/><U78/><E78/><V70/><F70/><W108/><G94/><T53/><D116/><U52/><E52/><V104/><F104/><W114/><G103/><T44/><D53/><U115/><E115/><V82/><F77/><W105/><G105/><T80/><D130/><U0/><E0/><V91/><F91/><W46/><G114/><T109/><D128/><U34/><E34/><V119/><F119/><W84/><G33/><T60/><D32/><U110/><E110/><V54/><F55/><W8/><G108/><T48/><D111/><U67/><E67/><V51/><F66/><W134/><G134/><T99/><D109/><U76/><E76/><V10/><F72/><RYUUKYOKU ba="0,1" sc="282,-15,167,15,236,15,305,-15" hai1="16,23,27,29,35,36,40,45,73,74,75,79,81" hai2="10,13,19,22,26,30,47,51,54,57,65,82,83" /><INIT seed="1,1,1,1,3,33" ten="267,182,251,290" oya="1" hai0="112,77,4,75,128,76,83,9,14,48,41,113,127" hai1="74,105,125,89,15,49,39,12,27,131,72,84,24" hai2="94,59,107,30,40,104,10,135,34,32,81,20,96" hai3="103,66,11,130,117,122,28,73,69,60,57,91,100"/><U114/><E39/><V97/><F135/><W78/><G122/><T52/><D127/><U120/><E114/><V67/><F40/><W58/><G117/><T123/><D128/><U132/><E120/><V54/><F67/><W5/><G130/><T85/><D123/><U23/><E105/><V56/><F81/><W71/><G28/><T3/><D77/><U92/><E131/><V19/><F10/><W18/><G18/><T38/><D85/><U50/><E132/><V61/><F59/><W101/><G91/><T1/><D41/><U79/><E79/><V70/><F70/><W68/><G57/><T99/><D99/><U42/><E125/><V134/><F134/><W116/><G116/><T26/><D26/><U118/><E74/><V110/><F110/><W0/><REACH who="3" step="1"/><G78/><REACH who="3" ten="267,182,251,280" step="2"/><T102/><D102/><U88/><E118/><V62/><F30/><W43/><G43/><T53/><D38/><U44/><E89/><V65/><F56/><W108/><G108/><T13/><D113/><U111/><E111/><V46/><F19/><W109/><G109/><T93/><D112/><U6/><E42/><V35/><F34/><W55/><G55/><T124/><D53/><U36/><E36/><V63/><F35/><W95/><G95/><T121/><D121/><U7/><E92/><V21/><F94/><W106/><G106/><T17/><D124/><U45/><E88/><V16/><F32/><W29/><G29/><T98/><D93/><U31/><E31/><V25/><F107/><W47/><G47/><N who="0" m="27679" /><D98/><N who="2" m="37994" /><F104/><W22/><G22/><N who="0" m="11567" /><D76/><U51/><E23/><N who="2" m="13543" /><F65/><W129/><G129/><RYUUKYOKU ba="1,2" sc="267,10,182,-30,251,10,280,10" hai0="1,3,4,9,14,75,83" hai2="20,21,46,54,61,62,63" hai3="0,5,11,58,60,66,68,69,71,73,100,101,103" /><INIT seed="2,2,2,1,5,60" ten="277,152,261,290" oya="2" hai0="75,116,79,112,12,115,32,76,120,63,22,123,111" hai1="67,109,74,95,107,126,93,14,124,36,71,44,3" hai2="11,130,132,78,94,70,54,40,48,133,29,104,13" hai3="35,83,42,43,50,51,49,113,121,77,7,118,82"/><V23/><F104/><W25/><G118/><T106/><D32/><U28/><E107/><V0/><F130/><W62/><G121/><T100/><D22/><U1/><E74/><V56/><F70/><W99/><G113/><T119/><D12/><U117/><E117/><N who="0" m="45129" /><D63/><N who="1" m="40447" /><E28/><V59/><F0/><N who="1" m="73" /><E14/><V4/><F78/><N who="0" m="29738" /><D75/><U85/><E85/><V61/><F94/><W8/><G35/><T52/><D52/><U46/><E46/><V20/><F29/><W86/><G25/><T16/><D16/><U103/><E103/><V5/><F5/><W102/><G62/><T72/><D72/><U69/><E69/><V97/><F97/><W57/><G57/><T21/><D21/><U6/><E6/><V128/><F128/><W73/><G73/><T101/><D111/><U58/><E58/><V10/><F10/><W125/><G8/><T34/><D34/><U105/><E105/><V19/><F59/><W38/><G7/><T91/><D91/><U24/><E24/><V53/><F4/><W26/><G26/><T134/><D106/><U66/><E109/><V9/><F9/><W39/><G77/><T31/><D31/><U55/><E55/><V68/><F68/><W87/><G43/><T41/><D41/><N who="1" m="22567" /><E66/><V80/><F54/><W27/><G27/><T64/><D64/><U127/><AGARI ba="2,2" hai="93,95,124,126,127" m="22567,73,40447" machi="127" ten="40,2700,0" yaku="18,1,52,1" doraHai="60" who="1" fromWho="1" sc="277,-9,152,53,261,-15,290,-9" /><INIT seed="3,0,0,0,4,71" ten="268,205,246,281" oya="3" hai0="7,51,26,78,54,92,84,68,80,95,42,114,5" hai1="21,1,56,62,35,128,37,82,10,118,36,110,39" hai2="59,6,46,131,16,45,117,91,106,93,29,132,109" hai3="69,75,27,81,38,94,67,57,28,18,34,103,108"/><W111/><G69/><T3/><D68/><U100/><E35/><V17/><F117/><W30/><G30/><T25/><D42/><U113/><E113/><V83/><F109/><N who="3" m="42059" /><G18/><T121/><D121/><U87/><E110/><V88/><F131/><W24/><G24/><N who="0" m="9323" /><D3/><U97/><E128/><V13/><F132/><W33/><G33/><T70/><D70/><U63/><E118/><V23/><F106/><W98/><G67/><T64/><D64/><U127/><E21/><V53/><F29/><W101/><G57/><N who="0" m="32991" /><D114/><U50/><E127/><V0/><F0/><W20/><G34/><T60/><D60/><U72/><E72/><V19/><F6/><AGARI ba="0,0" hai="5,6,7,78,80,84,92,95" m="32991,9323" machi="6" ten="30,1000,0" yaku="8,1" doraHai="71" who="0" fromWho="2" sc="268,10,205,0,246,-10,281,0" /><INIT seed="4,0,0,4,0,85" ten="278,205,236,281" oya="0" hai0="98,104,38,117,109,113,16,100,132,115,52,129,44" hai1="95,77,128,43,125,23,18,70,74,32,110,55,69" hai2="25,9,65,36,26,61,118,86,103,45,29,88,3" hai3="135,127,108,80,130,63,72,101,53,112,59,83,120"/><T73/><D117/><U134/><E32/><V8/><F103/><W106/><G108/><T87/><D73/><U31/><E110/><V131/><F131/><W47/><G130/><T84/><D129/><U90/><E31/><V75/><F75/><W27/><G112/><N who="0" m="43083" /><D109/><U48/><E128/><V15/><F118/><W71/><G120/><T49/><D132/><U92/><E43/><V121/><F121/><W6/><G135/><T57/><D38/><U111/><E111/><V78/><F78/><W33/><G127/><T11/><D44/><U51/><E95/><V54/><F3/><W34/><G47/><T89/><D89/><U0/><E0/><V22/><F15/><AGARI ba="0,0" hai="11,15,16,49,52,57,84,87,98,100,104" m="43083" machi="15" ten="30,5800,0" yaku="15,1,54,2" doraHai="85" who="0" fromWho="2" sc="278,58,205,0,236,-58,281,0" /><INIT seed="4,1,0,2,5,5" ten="336,205,178,281" oya="0" hai0="107,57,117,54,66,88,122,126,85,3,92,55,8" hai1="28,79,16,19,14,46,91,39,72,27,9,51,113" hai2="47,96,74,15,123,99,69,100,65,75,42,63,105" hai3="70,24,30,98,33,77,67,10,133,84,97,101,36"/><T90/><D117/><U121/><E39/><V127/><F123/><W131/><G36/><T62/><D122/><U50/><E121/><V35/><F127/><W2/><G133/><T61/><D107/><U134/><E134/><V108/><F108/><W45/><G131/><T116/><D116/><U43/><E113/><V48/><F15/><W112/><G112/><T110/><D126/><U109/><E109/><V60/><F99/><W12/><G2/><T130/><D130/><U135/><E135/><V56/><REACH who="2" step="1"/><F35/><REACH who="2" ten="336,205,168,281" step="2"/><W104/><G97/><T34/><D34/><U68/><E68/><V120/><F120/><W49/><G70/><T41/><D110/><U29/><E51/><V111/><F111/><W119/><G119/><T93/><D41/><U22/><REACH who="1" step="1"/><E91/><REACH who="1" ten="336,195,168,281" step="2"/><V115/><F115/><W125/><G125/><T37/><D37/><U128/><E128/><V102/><F102/><W78/><G49/><T17/><D62/><U31/><E31/><V114/><F114/><W6/><G30/><T89/><D89/><U80/><AGARI ba="1,2" hai="9,14,16,19,22,27,28,29,43,46,50,72,79,80" machi="80" ten="30,7900,0" yaku="1,1,0,1,52,1,54,1,53,0" doraHai="5" doraHaiUra="82" who="1" fromWho="1" sc="336,-40,195,102,168,-21,281,-21" /><INIT seed="5,0,0,5,5,131" ten="296,297,147,260" oya="1" hai0="29,120,119,135,27,15,43,134,77,92,118,74,35" hai1="7,1,58,9,89,54,75,93,88,97,95,33,22" hai2="78,91,107,31,65,52,127,23,67,117,124,45,85" hai3="37,8,66,128,132,113,70,96,53,108,36,99,21"/><U86/><E33/><V83/><F117/><W10/><G108/><T72/><D43/><U20/><REACH who="1" step="1"/><E75/><REACH who="1" ten="296,287,147,260" step="2"/><V62/><F127/><W48/><G128/><T109/><D74/><U46/><E46/><V39/><F124/><W90/><G113/><T51/><D72/><U55/><E55/><V16/><F45/><W130/><G53/><T30/><D119/><U123/><E123/><V125/><F125/><W25/><G130/><T115/><D118/><U34/><E34/><V84/><F52/><W59/><G66/><T57/><D115/><U17/><E17/><V63/><F67/><W50/><G37/><T56/><D120/><U98/><E98/><V111/><F65/><W18/><G99/><T105/><D35/><U19/><E19/><V47/><F47/><W76/><G36/><T110/><D110/><U4/><E4/><V104/><F39/><W38/><G38/><T69/><D109/><U100/><E100/><V11/><F111/><W82/><G96/><T122/><D122/><U60/><AGARI ba="0,1" hai="1,7,9,20,22,54,58,60,86,88,89,93,95,97" machi="60" ten="20,7800,0" yaku="1,1,0,1,7,1,54,1,53,0" doraHai="131" doraHaiUra="41" who="1" fromWho="1" sc="296,-26,287,88,147,-26,260,-26" /><INIT seed="5,1,0,4,2,126" ten="270,375,121,234" oya="1" hai0="31,131,46,77,69,105,58,55,23,78,103,73,120" hai1="88,95,80,42,118,45,9,122,127,16,18,19,64" hai2="132,38,102,101,11,41,99,30,3,75,5,8,66" hai3="15,116,24,33,128,53,4,135,112,51,32,91,76"/><U87/><E118/><V0/><F132/><W134/><G76/><T14/><D69/><U96/><E122/><V92/><F66/><W43/><G43/><T68/><D68/><U54/><E127/><V119/><F119/><W106/><G106/><T133/><D133/><N who="3" m="50697" /><G116/><T56/><D56/><U94/><E64/><V82/><F30/><W27/><G91/><T60/><D73/><U12/><E54/><V50/><F50/><W22/><G51/><T36/><D103/><U37/><REACH who="1" step="1"/><E95/><REACH who="1" ten="270,365,121,234" step="2"/><V129/><F41/><W35/><G53/><T123/><D55/><U93/><E93/><V89/><F92/><W57/><G112/><T34/><D123/><U40/><E40/><V28/><F101/><AGARI ba="1,1" hai="9,12,16,18,19,37,42,45,80,87,88,94,96,101" machi="101" ten="30,11600,0" yaku="1,1,7,1,54,2,53,0" doraHai="126" doraHaiUra="67" who="1" fromWho="2" sc="270,0,365,129,121,-119,234,0" /><INIT seed="5,2,0,0,5,78" ten="270,494,2,234" oya="1" hai0="97,82,101,58,117,54,70,81,125,121,21,104,51" hai1="95,38,28,47,118,88,107,110,129,123,79,100,84" hai2="91,83,39,108,132,46,56,96,111,18,69,62,122" hai3="105,30,8,49,134,36,50,131,89,77,19,4,66"/><U16/><E118/><V34/><F122/><W3/><G105/><T31/><D117/><U9/><E123/><V22/><F34/><W85/><G36/><T120/><D70/><U45/><E129/><V63/><F69/><W43/><G131/><T35/><D35/><U86/><E28/><V76/><F132/><W135/><G30/><T10/><D125/><U113/><E38/><V68/><F68/><W24/><G77/><T25/><D121/><U126/><E126/><V40/><F63/><W133/><G66/><T44/><D120/><U71/><E71/><V2/><F2/><W0/><G0/><T67/><D10/><U103/><E113/><V73/><F91/><W124/><G124/><T1/><D1/><U80/><E110/><V128/><F96/><W102/><G102/><N who="1" m="38954" /><E107/><V37/><F37/><W65/><G65/><T11/><REACH who="0" step="1"/><D11/><REACH who="0" ten="260,494,2,234" step="2"/><U20/><E9/><V7/><F128/><W99/><G43/><T75/><D75/><U59/><E59/><V106/><F106/><W119/><G119/><T112/><D112/><U109/><E109/><V27/><F7/><W42/><G42/><T5/><D5/><U32/><E32/><V98/><F98/><W92/><G99/><T57/><D57/><U17/><E20/><AGARI ba="2,1" hai="3,4,8,19,20,24,49,50,85,89,92,133,134,135" machi="20" ten="40,1300,0" yaku="20,1" doraHai="78" who="3" fromWho="1" sc="260,0,494,-19,2,0,234,29" /><INIT seed="6,0,0,2,5,47" ten="260,475,2,263" oya="2" hai0="118,42,131,61,123,46,109,74,43,107,120,32,105" hai1="121,23,102,40,68,104,12,62,84,35,33,108,18" hai2="4,110,91,66,112,13,88,87,99,14,106,77,0" hai3="48,51,64,119,124,89,115,53,129,73,82,85,92"/><V60/><F112/><W67/><G119/><T52/><D74/><U27/><E108/><V65/><F110/><W59/><G129/><T49/><D32/><U44/><E104/><V71/><F66/><W81/><G124/><T78/><D78/><U103/><E121/><V111/><F111/><W56/><G115/><T125/><D109/><U80/><E62/><V36/><F36/><W79/><G81/><T31/><D31/><U15/><E68/><V30/><F30/><W83/><G83/><T101/><D107/><U50/><E35/><V5/><F77/><W127/><G127/><T22/><D125/><U94/><E33/><V132/><F132/><W26/><G26/><T20/><D101/><N who="1" m="38411" /><E94/><V10/><F106/><W72/><G72/><T37/><D105/><U16/><E18/><V7/><F0/><W75/><G75/><T100/><D100/><U1/><E1/><V25/><F25/><W57/><G53/><T130/><D118/><U117/><E117/><V135/><F135/><W90/><REACH who="3" step="1"/><G89/><AGARI ba="0,0" hai="12,15,16,23,27,40,44,50,80,84,89" m="38411" machi="89" ten="30,3900,0" yaku="8,1,52,1,54,1" doraHai="47" who="1" fromWho="3" sc="260,0,475,39,2,0,263,-39" /><INIT seed="7,0,0,3,2,97" ten="260,514,2,224" oya="3" hai0="18,54,14,37,55,122,4,46,11,110,120,90,51" hai1="111,92,3,31,108,9,102,74,17,8,70,79,103" hai2="39,86,94,16,104,85,19,57,81,66,93,83,67" hai3="52,38,42,125,127,68,20,34,49,96,118,5,15"/><W131/><G118/><T12/><D110/><U61/><E31/><V78/><F39/><W73/><G73/><T132/><D132/><U28/><E28/><V40/><F40/><W109/><G34/><T88/><D37/><U0/><E92/><V59/><F104/><W69/><G109/><T84/><D55/><U25/><E25/><V13/><F13/><W48/><G48/><T82/><D90/><U98/><E98/><V1/><F1/><W123/><G123/><T89/><D89/><U126/><E61/><V58/><F78/><W27/><G131/><T45/><D45/><U63/><E63/><V30/><F30/><W106/><G27/><T43/><D43/><U56/><E56/><V10/><F10/><AGARI ba="0,0" hai="4,10,11,12,14,18,46,51,54,82,84,88,120,122" machi="10" ten="30,7700,0" yaku="7,1,25,2,54,1" doraHai="97" who="0" fromWho="2" sc="260,77,514,0,2,-77,224,0" owari="337,13.7,514,61.4,-75,-57.5,224,-17.6" /></mjloggm>