<mjloggm ver="2.3"><GO type="169" lobby="0"/><UN n0="%E4%B8%89%E5%8D%81%E7%94%BB%E7%94%9F" n1="%E5%A4%9A%E6%91%A9%E3%82%BD%E3%83%BC%E3%82%B8" n2="%56%45%54%54%45%4C" n3="%73%70%69%63%61%32%34" dan="16,17,16,16" rate="2145.90,2219.40,2141.22,2060.11" sx="M,M,M,M"/><TAIKYOKU oya="0"/><INIT seed="0,0,0,4,3,103" ten="250,250,250,250" oya="0" hai0="82,128,110,83,94,59,88,119,14,98,107,9,112" hai1="33,56,116,66,18,70,10,132,78,19,46,38,133" hai2="37,80,51,86,125,89,65,90,53,13,16,34,35" hai3="42,91,15,21,31,81,100,28,72,22,123,87,111"/><T48/><D112/><U129/><E116/><V43/><F125/><W62/><G111/><T74/><D119/><U57/><BYE who="3" /><E78/><UN n3="%73%70%69%63%61%32%34" /><V4/><F65/><W114/><G114/><T2/><D2/><U102/><E33/><V121/><F121/><W79/><G123/><T58/><D128/><U135/><E129/><V60/><F4/><W104/><G42/><T127/><D127/><U7/><E70/><V45/><F60/><W49/><G49/><T96/><D110/><U108/><E108/><V120/><F90/><W44/><G44/><T124/><D124/><U55/><E66/><V75/><F75/><W17/><G62/><T93/><D107/><U68/><E68/><V6/><F6/><W76/><G22/><T84/><D74/><U47/><E102/><V99/><F99/><N who="3" m="61471" /><G79/><N who="0" m="46175" /><D83/><U25/><E57/><V29/><F29/><W40/><G40/><T92/><D48/><N who="1" m="30823" /><E38/><V24/><F24/><W20/><G20/><T73/><D73/><U105/><E105/><V30/><F30/><W8/><G21/><T64/><D98/><U118/><E118/><V69/><F69/><W71/><G71/><T26/><D26/><U52/><E25/><V0/><F0/><W126/><G126/><T77/><D77/><U1/><E47/><N who="2" m="27903" /><F120/><W54/><G54/><T122/><D122/><U3/><E3/><V36/><F37/><W97/><G97/><T95/><D64/><U41/><E41/><V115/><F115/><W106/><G106/><T130/><D130/><U63/><E63/><V131/><F131/><W5/><G5/><AGARI ba="0,0" hai="5,9,14,58,59,88,92,93,94,95,96" m="46175" machi="5" ten="30,2900,0" yaku="8,1,54,1" doraHai="103" who="0" fromWho="3" sc="250,29,250,0,250,0,250,-29" /><INIT seed="0,1,0,3,2,6" ten="279,250,250,221" oya="0" hai0="28,26,115,93,61,105,66,68,72,60,128,63,106" hai1="43,44,56,3,108,34,40,110,17,71,42,54,53" hai2="125,46,35,80,74,77,104,27,87,86,69,96,103" hai3="32,55,65,130,5,21,1,39,20,112,30,49,107"/><T122/><D115/><U67/><E34/><V102/><F125/><W117/><G112/><T47/><D122/><U22/><E3/><V0/><F0/><W4/><G107/><T57/><D72/><U36/><E22/><V135/><F135/><W64/><G39/><T85/><D128/><U127/><E17/><V114/><F114/><W8/><G117/><T13/><D61/><N who="1" m="40431" /><E127/><V16/><F103/><W81/><G130/><T11/><D47/><U70/><E70/><V99/><F99/><W38/><G38/><T82/><D93/><U101/><E101/><V18/><F69/><W7/><G32/><T121/><D121/><U83/><E83/><V129/><F129/><W89/><G7/><T119/><D119/><U95/><E95/><V111/><F35/><W50/><G50/><T62/><D68/><U31/><E31/><V90/><F27/><W98/><G5/><N who="0" m="3311" /><D106/><U29/><E29/><V24/><F74/><W15/><G1/><T52/><D105/><U73/><E73/><V76/><F104/><W123/><G123/><T19/><D28/><U88/><E88/><V14/><F90/><W124/><G124/><T134/><D66/><N who="3" m="25705" /><G30/><T10/><D134/><U109/><E54/><V12/><F77/><W100/><G100/><T48/><D26/><U120/><E120/><V25/><F102/><W126/><G126/><T97/><D97/><U118/><E118/><V79/><F96/><W75/><G75/><T92/><D92/><U58/><E58/><V113/><F113/><W9/><G98/><T116/><D116/><U59/><E56/><V132/><F132/><RYUUKYOKU ba="1,0" sc="279,-10,250,30,250,-10,221,-10" hai1="36,40,42,43,44,53,59,108,109,110" /><INIT seed="1,2,0,5,1,45" ten="269,280,240,211" oya="1" hai0="6,41,73,53,13,90,118,88,20,103,58,131,26" hai1="115,85,112,59,25,39,113,120,67,24,130,47,36" hai2="68,37,49,135,12,29,28,46,80,74,50,69,97" hai3="19,66,8,10,32,27,62,1,132,18,22,126,117"/><U42/><E120/><V76/><F135/><W11/><G132/><T125/><D118/><U0/><E0/><V89/><F37/><W109/><G117/><T129/><D73/><U128/><E85/><V107/><F12/><W38/><G38/><N who="1" m="14378" /><E24/><V16/><F16/><N who="3" m="12743" /><G62/><T9/><D125/><U33/><E25/><V100/><F89/><W56/><G56/><T75/><D75/><U98/><E98/><V84/><F74/><W106/><G66/><T61/><D103/><U5/><E5/><V121/><F121/><W87/><G87/><T124/><D124/><U23/><E23/><V99/><F99/><W52/><G52/><T30/><REACH who="0" step="1"/><D41/><REACH who="0" ten="259,280,240,211" step="2"/><U114/><E114/><V81/><F81/><W70/><G126/><T71/><D71/><U94/><E94/><V21/><F68/><W57/><G70/><T54/><D54/><U35/><E35/><V79/><F69/><W51/><G32/><T127/><D127/><U111/><E33/><V60/><F80/><W83/><G83/><T2/><D2/><U91/><E113/><V102/><F100/><W82/><G82/><T7/><D7/><U17/><E115/><V43/><F102/><W72/><G72/><T15/><D15/><U78/><E112/><V34/><F43/><W64/><G106/><T31/><D31/><U4/><E42/><V108/><F107/><W101/><G101/><T55/><D55/><U119/><E119/><V95/><F34/><W86/><G1/><T48/><D48/><N who="2" m="18538" /><F29/><W92/><G92/><T134/><D134/><U96/><E4/><V104/><F104/><W123/><G123/><RYUUKYOKU ba="2,1" sc="259,30,280,-10,240,-10,211,-10" hai0="6,9,13,20,26,30,53,58,61,88,90,129,131" /><INIT seed="2,3,1,4,0,81" ten="289,270,230,201" oya="2" hai0="28,104,71,55,80,24,12,82,75,49,36,8,128" hai1="112,54,116,124,29,65,46,133,32,50,62,31,94" hai2="40,9,76,14,126,100,113,39,13,125,123,119,131" hai3="72,109,48,117,127,33,34,2,99,90,108,118,6"/><V27/><F113/><W0/><G72/><T16/><D36/><U85/><E116/><N who="3" m="44650" /><G48/><T17/><D128/><U22/><E112/><V83/><F119/><W37/><G37/><T41/><D104/><U64/><E32/><N who="3" m="12394" /><G99/><T78/><D71/><U19/><E133/><V88/><F123/><W120/><G90/><T53/><D17/><U3/><E3/><N who="3" m="1066" /><G6/><T134/><D134/><U105/><E105/><V69/><F39/><W7/><G7/><T97/><D97/><U74/><E74/><V15/><F88/><W79/><G79/><T52/><D80/><U121/><E121/><V115/><F76/><W23/><G120/><T38/><D38/><U11/><E65/><V106/><F83/><W68/><G68/><T42/><REACH who="0" step="1"/><D49/><REACH who="0" ten="279,270,230,201" step="2"/><U45/><E50/><V89/><F69/><W70/><G70/><T98/><D98/><U91/><E94/><V1/><F106/><W67/><G127/><T86/><D86/><U58/><E124/><V35/><F125/><W25/><G67/><T132/><D132/><U30/><E64/><V96/><F96/><W102/><G102/><T87/><D87/><U10/><E85/><V57/><F126/><W77/><G77/><T63/><D63/><U122/><E122/><V59/><F115/><W129/><G129/><T84/><D84/><U107/><E107/><V130/><F100/><W51/><G51/><T26/><D26/><N who="1" m="14687" /><E91/><V66/><F89/><W43/><G43/><T73/><D73/><U61/><E61/><V114/><F40/><W101/><G101/><T92/><D92/><U4/><E4/><V20/><F66/><RYUUKYOKU ba="3,2" sc="279,10,270,10,230,-30,201,10" hai0="8,12,16,24,28,41,42,52,53,55,75,78,82" hai1="10,11,29,30,31,45,46,54,58,62" hai3="23,25,108,109" /><INIT seed="3,4,2,5,3,94" ten="289,280,200,211" oya="3" hai0="89,133,55,114,101,56,31,50,66,123,40,120,63" hai1="129,48,21,97,85,75,96,83,135,8,12,132,22" hai2="92,24,17,73,115,3,130,42,25,54,0,67,14" hai3="18,81,128,78,71,77,29,30,126,20,124,53,95"/><W62/><G128/><T46/><D133/><N who="1" m="51275" /><E75/><V1/><F73/><W79/><G81/><T45/><D31/><U108/><E129/><V87/><F115/><W28/><G95/><T13/><D114/><U127/><E108/><V80/><F130/><W19/><G19/><T98/><D89/><N who="1" m="51391" /><E127/><N who="3" m="48682" /><G71/><T86/><D13/><U100/><E48/><V57/><F42/><W109/><G109/><T91/><D91/><U35/><E35/><V121/><F67/><W4/><G4/><T131/><D86/><U65/><E65/><V58/><F92/><W5/><G5/><T49/><D131/><U70/><E70/><V6/><F6/><W90/><G90/><T59/><D59/><U43/><E43/><V61/><F58/><N who="3" m="35151" /><G29/><T41/><D66/><U23/><E100/><V11/><REACH who="2" step="1"/><F121/><REACH who="2" ten="289,280,190,211" step="2"/><W9/><G9/><T110/><D110/><U84/><E84/><V60/><F60/><W34/><G34/><T7/><D7/><AGARI ba="4,3" hai="7,8,12,21,22,23,96,97" m="51391,51275" machi="7" ten="30,3900,0" yaku="20,1,52,2" doraHai="94" who="1" fromWho="0" sc="289,-51,280,81,190,0,211,0" /><INIT seed="4,0,0,0,1,123" ten="238,361,190,211" oya="0" hai0="111,126,43,56,30,46,102,99,107,73,50,38,96" hai1="23,98,131,122,40,22,12,9,41,88,66,48,109" hai2="83,15,108,61,87,21,97,60,3,39,54,117,70" hai3="42,114,100,55,104,34,62,128,57,81,20,94,2"/><T120/><D120/><U6/><E109/><V82/><F3/><W64/><G34/><T18/><D73/><U133/><E122/><V92/><F39/><W89/><G2/><T77/><D77/><U51/><E131/><V105/><F105/><W93/><G128/><T121/><D121/><U37/><E37/><V36/><F36/><W63/><G114/><T28/><D126/><U68/><E68/><V106/><F106/><W17/><G104/><T24/><D99/><U44/><E66/><V14/><F117/><W25/><G42/><N who="1" m="16490" /><E133/><V19/><F108/><W1/><G1/><T67/><D111/><U127/><E127/><V75/><F75/><W76/><G89/><T10/><D38/><U27/><E44/><V103/><F15/><W72/><REACH who="3" step="1"/><G100/><REACH who="3" ten="238,361,190,201" step="2"/><T119/><D119/><U135/><E135/><V11/><F103/><W134/><G134/><T16/><D10/><U85/><E23/><V110/><F110/><W132/><G132/><T112/><D112/><U84/><E22/><V95/><F21/><W26/><G26/><T47/><D24/><U79/><E27/><V53/><F11/><W8/><G8/><T90/><D90/><U78/><E78/><V5/><F14/><W130/><G130/><T124/><D124/><U86/><E79/><V129/><F129/><W65/><G65/><T116/><D116/><U59/><E12/><V113/><F113/><W69/><AGARI ba="0,1" hai="17,20,25,55,57,62,63,64,69,72,76,81,93,94" machi="69" ten="20,2700,0" yaku="1,1,0,1,7,1,53,0" doraHai="123" doraHaiUra="29" who="3" fromWho="3" sc="238,-13,361,-7,190,-7,201,37" /><INIT seed="5,0,0,4,4,6" ten="225,354,183,238" oya="1" hai0="75,56,95,36,125,81,49,101,83,51,14,58,103" hai1="134,73,17,115,33,132,47,128,30,129,130,27,118" hai2="64,69,55,126,76,78,21,86,18,98,79,124,26" hai3="110,74,61,105,85,50,10,123,90,122,38,93,37"/><U9/><E73/><V94/><F55/><W88/><G110/><T63/><D36/><U59/><E59/><V89/><REACH who="2" step="1"/><F86/><REACH who="2" ten="225,354,173,238" step="2"/><W111/><G85/><T52/><D75/><U80/><E129/><V48/><F48/><W113/><G50/><T120/><D51/><U119/><E130/><V133/><F133/><W99/><G74/><T67/><D120/><U70/><E128/><V116/><F116/><W65/><G123/><T66/><D66/><U87/><E87/><V42/><F42/><W135/><G135/><T57/><D49/><U34/><E119/><V108/><F108/><W102/><G111/><T15/><D67/><U54/><E118/><V84/><F84/><W20/><G122/><T53/><D53/><U72/><E54/><V24/><F24/><W96/><G65/><T39/><D39/><U100/><E27/><V7/><F7/><W11/><G37/><T29/><D52/><U68/><E72/><V45/><F45/><W23/><G38/><T12/><D63/><AGARI ba="0,1" hai="18,21,26,63,64,69,76,78,79,89,94,98,124,126" machi="63" ten="40,2600,0" yaku="1,1,53,1" doraHai="6" doraHaiUra="91" who="2" fromWho="0" sc="225,-26,354,0,173,36,238,0" /><INIT seed="6,0,0,3,1,7" ten="199,354,209,238" oya="2" hai0="135,25,23,102,68,92,129,69,50,116,14,132,107" hai1="5,108,87,77,75,82,103,10,65,20,83,24,113" hai2="47,44,9,70,128,124,105,12,121,52,43,56,29" hai3="127,21,40,74,110,73,111,37,58,49,39,55,33"/><V34/><F121/><W3/><G33/><T42/><D107/><U1/><E108/><V26/><F128/><W130/><G130/><T16/><D129/><U84/><E113/><V76/><F124/><W93/><G127/><T118/><D102/><U94/><E65/><V36/><F70/><N who="0" m="27242" /><D92/><U51/><E51/><V98/><F76/><W19/><G3/><T101/><D101/><U22/><E75/><V67/><F67/><W2/><G2/><T66/><D66/><U109/><E109/><V99/><F47/><W96/><G110/><T122/><D122/><U64/><E64/><V133/><F133/><N who="0" m="51274" /><D42/><U4/><E4/><V15/><F105/><W117/><G111/><T13/><D50/><U32/><E32/><V62/><REACH who="2" step="1"/><F15/><AGARI ba="0,0" hai="13,14,15,16,23,25,116,118" m="51274,27242" machi="15" ten="40,2600,0" yaku="20,1,54,1" doraHai="7" who="0" fromWho="2" sc="199,26,354,0,209,-26,238,0" /><INIT seed="7,0,0,3,4,93" ten="225,354,183,238" oya="3" hai0="40,65,28,29,5,91,3,47,16,41,85,30,43" hai1="119,14,106,33,131,76,81,37,58,53,88,1,113" hai2="134,70,73,22,127,35,128,27,125,117,97,78,92" hai3="132,63,11,120,96,62,116,87,105,74,102,68,109"/><W71/><G74/><T12/><D65/><U94/><E1/><V111/><F35/><W67/><G116/><T83/><D3/><U61/><E33/><V23/><F70/><W110/><G120/><T52/><D5/><U79/><E106/><V66/><F66/><W133/><G11/><N who="0" m="6175" /><D43/><U7/><E37/><V32/><F32/><W36/><G36/><T135/><D135/><N who="3" m="51785" /><G63/><T13/><D13/><U39/><E113/><V126/><F134/><W6/><G6/><T89/><D89/><U25/><E131/><V56/><F117/><W55/><G55/><T19/><D19/><U115/><E39/><V84/><F111/><N who="3" m="42507" /><G87/><T121/><D121/><U64/><E115/><V54/><F73/><W24/><G24/><T103/><D103/><U9/><E25/><V48/><F128/><W42/><G42/><T60/><D60/><U38/><E38/><V108/><F108/><W50/><G50/><AGARI ba="0,0" hai="28,29,30,40,41,47,50,52,83,85,91" m="6175" machi="50" ten="30,7700,0" yaku="25,1,8,1,54,2" doraHai="93" who="0" fromWho="3" sc="225,77,354,0,183,0,238,-77" owari="302,10.2,354,45.4,183,-21.7,161,-33.9" /></mjloggm>