<mjloggm ver="2.3"><GO type="169" lobby="0"/><UN n0="%E5%9C%A7%E5%80%92%E7%9A%84%E3%83%9D%E3%83%B3" n1="%E3%83%AD%E3%83%99%E3%83%AB%E3%82%BF%E3%81%95%E3%82%93%EF%BC%A0" n2="%E7%9C%9F%E4%B8%80" n3="%E6%B2%B3%E7%AB%A5%E3%81%AE%E3%83%AF%E3%82%AB%E3%83%9E%E3%83%84" dan="17,16,17,17" rate="2211.04,2142.26,2223.45,2205.20" sx="M,F,M,M"/><TAIKYOKU oya="0"/><INIT seed="0,0,0,2,4,77" ten="250,250,250,250" oya="0" hai0="125,38,58,41,26,69,115,47,27,15,79,0,50" hai1="117,93,70,120,35,66,123,33,104,60,63,102,17" hai2="71,90,73,59,56,86,96,4,42,14,109,5,74" hai3="9,91,134,105,13,22,8,31,94,118,24,23,48"/><T129/><D0/><U111/><E111/><V18/><F71/><W82/><G134/><T132/><D115/><U122/><E117/><V40/><F109/><W106/><G118/><T12/><D69/><U108/><E108/><V29/><F29/><W36/><G36/><T88/><D132/><U1/><E1/><V2/><F96/><W107/><G48/><T95/><D79/><U75/><E75/><V67/><F74/><W11/><G22/><T16/><D12/><U44/><E93/><V55/><F67/><W30/><G30/><T103/><D103/><U116/><E116/><V114/><F73/><W85/><REACH who="3" step="1"/><G94/><REACH who="3" ten="250,250,250,240" step="2"/><T10/><D125/><U127/><E127/><V81/><F114/><W121/><G121/><T119/><D119/><U68/><E122/><V52/><F42/><W128/><G128/><T51/><D129/><U62/><E123/><V92/><F92/><W34/><G34/><T25/><REACH who="0" step="1"/><D58/><REACH who="0" ten="240,250,250,240" step="2"/><U89/><E120/><V135/><F135/><W72/><G72/><T76/><D76/><U78/><E78/><V3/><F59/><W112/><G112/><T83/><D83/><U110/><E110/><V101/><F56/><W21/><G21/><T6/><D6/><AGARI ba="0,2" hai="6,8,9,11,13,23,24,31,82,85,91,105,106,107" machi="6" ten="40,2600,0" yaku="1,1,52,1,53,0" doraHai="77" doraHaiUra="113" who="3" fromWho="0" sc="240,-26,250,0,250,0,240,46" /><INIT seed="1,0,0,0,4,122" ten="214,250,250,286" oya="1" hai0="23,39,15,96,75,40,93,76,120,58,132,13,37" hai1="70,113,47,135,2,44,95,111,55,27,31,68,105" hai2="29,4,65,83,118,71,117,1,9,88,108,18,121" hai3="74,53,82,102,114,134,62,85,123,43,0,57,17"/><U104/><E113/><V66/><F121/><W106/><G114/><T119/><D120/><U32/><E2/><V133/><F29/><W48/><G123/><T22/><D119/><U24/><E135/><V56/><F71/><W109/><G0/><T92/><D76/><U128/><E95/><V38/><F38/><W21/><G74/><T30/><D58/><U50/><E128/><V64/><F133/><W6/><G6/><T99/><D40/><U16/><E47/><V35/><F35/><W67/><G106/><T63/><D132/><U61/><E70/><V46/><F46/><W36/><G102/><T125/><D63/><U49/><E49/><V5/><F56/><W20/><G20/><T52/><D30/><U86/><E86/><V19/><F5/><W131/><G43/><T14/><D14/><U81/><E81/><V11/><F11/><W98/><G98/><T89/><D125/><U10/><E111/><V26/><F26/><W90/><G36/><T115/><D115/><U8/><E8/><V28/><F108/><W107/><G107/><T94/><D94/><U42/><E42/><V54/><F54/><W87/><G131/><T45/><D45/><U126/><E126/><V116/><REACH who="2" step="1"/><F28/><REACH who="2" ten="214,250,240,286" step="2"/><W73/><G109/><T77/><D52/><U101/><E27/><V84/><AGARI ba="0,1" hai="1,4,9,18,19,64,65,66,83,84,88,116,117,118" machi="84" ten="40,8000,1" yaku="1,1,2,1,0,1,54,1,53,1" doraHai="122" doraHaiUra="7" who="2" fromWho="2" sc="214,-20,250,-40,240,90,286,-20" /><INIT seed="2,0,0,1,2,4" ten="194,210,330,266" oya="2" hai0="20,94,97,119,12,15,111,58,5,123,2,38,29" hai1="82,122,67,131,88,17,23,24,104,22,99,59,40" hai2="118,127,126,116,73,56,14,120,98,84,3,93,113" hai3="132,39,54,7,105,85,101,48,31,121,32,11,95"/><V30/><F3/><W53/><G39/><T28/><D123/><U45/><E131/><V108/><F120/><W133/><G105/><T129/><D38/><U36/><E122/><V134/><F73/><W43/><G121/><T34/><D129/><U72/><E67/><V112/><F30/><W16/><G43/><T46/><D119/><N who="2" m="45610" /><F56/><W91/><G101/><T61/><D46/><U65/><E65/><V0/><F14/><N who="3" m="7263" /><G7/><T10/><D34/><U107/><E59/><V128/><F0/><W92/><G92/><T68/><D68/><U9/><E9/><V79/><F128/><W42/><G42/><T96/><D96/><U87/><E72/><V35/><F35/><W100/><G100/><T124/><D29/><U83/><E83/><N who="2" m="47231" /><F134/><N who="3" m="51819" /><G48/><T37/><D37/><U102/><REACH who="1" step="1"/><E23/><REACH who="1" ten="194,200,330,266" step="2"/><V19/><F113/><W71/><G71/><T8/><D2/><U21/><E21/><V130/><F112/><W75/><G75/><T125/><D111/><U63/><E63/><V89/><F130/><W78/><G78/><T64/><D20/><U60/><E60/><V44/><F108/><W80/><G80/><T86/><D28/><U109/><E109/><V49/><F126/><W55/><G31/><T57/><D57/><U33/><E33/><AGARI ba="0,1" hai="32,33,53,54,55,85,91,95" m="51819,7263" machi="33" ten="30,3900,0" yaku="20,1,52,1,54,1" doraHai="4" who="3" fromWho="1" sc="194,0,200,-39,330,0,266,49" /><INIT seed="3,0,0,5,2,35" ten="194,161,330,315" oya="3" hai0="6,115,94,62,34,107,80,129,133,81,49,104,7" hai1="63,21,24,78,43,70,111,50,110,84,30,20,52" hai2="102,100,17,85,82,87,26,9,97,125,72,18,67" hai3="74,61,120,92,25,48,29,45,15,32,38,118,113"/><W135/><G113/><T19/><D115/><U90/><E78/><V69/><F125/><W130/><G118/><T40/><D34/><U60/><E43/><V93/><F72/><W64/><G120/><T105/><D129/><U134/><E21/><V77/><F69/><W65/><G130/><T79/><D133/><U122/><E122/><V13/><F67/><W88/><G135/><T73/><D81/><U106/><E106/><V12/><F26/><W99/><G38/><T86/><D62/><U114/><E114/><V28/><F28/><W132/><G132/><T76/><D76/><U98/><E98/><V124/><F124/><W117/><G117/><T95/><D95/><N who="1" m="54727" /><E70/><V128/><F128/><W8/><G61/><T123/><D123/><U56/><E134/><V0/><F0/><W47/><G47/><T71/><D71/><U83/><E83/><V27/><F27/><W14/><G14/><T44/><D73/><U127/><E127/><V23/><REACH who="2" step="1"/><F87/><REACH who="2" ten="194,161,320,315" step="2"/><W108/><G74/><T59/><D86/><U31/><E31/><V54/><F54/><W112/><G112/><T11/><D40/><U119/><E119/><V33/><F33/><W41/><REACH who="3" step="1"/><G108/><AGARI ba="0,1" hai="20,24,30,50,52,56,60,63,108,110,111" m="54727" machi="108" ten="30,2000,0" yaku="14,1,54,1" doraHai="35" who="1" fromWho="3" sc="194,0,161,30,320,0,315,-20" /><INIT seed="4,0,0,5,2,102" ten="194,191,320,295" oya="0" hai0="108,60,12,54,114,52,70,71,121,83,7,82,88" hai1="92,132,98,59,131,51,63,33,126,19,8,90,120" hai2="106,100,130,27,10,26,55,110,134,73,9,76,69" hai3="112,75,43,32,64,37,67,117,113,35,3,80,28"/><T48/><D121/><U66/><E131/><V24/><F110/><W29/><G3/><T47/><D108/><U119/><E132/><V68/><F134/><W62/><G43/><T53/><D114/><N who="3" m="44137" /><G37/><T40/><D83/><U16/><E126/><V15/><F130/><W44/><G44/><T34/><D34/><N who="3" m="12841" /><G117/><T50/><D50/><U0/><E33/><V1/><F1/><W115/><G115/><T46/><D46/><U13/><E0/><V96/><F9/><W86/><G75/><T74/><D60/><U42/><E120/><V87/><F73/><W105/><G105/><T18/><D7/><U135/><E135/><V79/><F55/><W107/><G107/><T57/><D57/><U17/><REACH who="1" step="1"/><E119/><REACH who="1" ten="194,181,320,295" step="2"/><V133/><F133/><W123/><G123/><T128/><D128/><U77/><E77/><V39/><F79/><N who="3" m="46367" /><G67/><T104/><D74/><U99/><E99/><V103/><F96/><W4/><G4/><T45/><D45/><AGARI ba="0,1" hai="8,13,16,17,19,42,45,51,59,63,66,90,92,98" machi="45" ten="40,8000,1" yaku="1,1,8,1,54,1,53,1" doraHai="102" doraHaiUra="38" who="1" fromWho="0" sc="194,-80,181,90,320,0,295,0" /><INIT seed="5,0,0,2,4,68" ten="114,271,320,295" oya="1" hai0="76,47,50,101,87,89,116,9,62,49,135,37,42" hai1="104,64,111,14,56,21,130,10,99,7,129,13,74" hai2="119,128,12,132,90,6,29,48,63,60,118,5,51" hai3="67,75,79,72,17,46,53,32,88,85,124,105,78"/><U33/><E74/><V34/><F29/><W58/><G105/><T30/><D116/><U38/><E64/><V102/><F102/><W131/><G32/><T8/><D135/><U1/><E56/><V15/><F90/><W77/><G131/><N who="1" m="50186" /><E99/><V52/><F128/><W44/><G124/><T97/><D76/><U109/><E104/><V110/><F110/><N who="1" m="41993" /><E38/><V61/><F34/><W27/><G67/><T133/><D133/><U115/><E33/><V35/><F35/><W112/><G58/><T69/><D30/><U70/><E70/><V28/><F63/><W107/><G107/><T41/><D69/><U11/><E115/><V24/><F132/><W2/><G112/><T66/><D66/><U16/><E10/><V25/><F28/><W40/><G75/><T108/><D108/><U83/><E83/><V0/><F52/><W4/><G53/><T120/><D120/><U103/><E103/><V94/><F94/><W98/><G98/><T82/><D62/><U81/><E81/><V96/><F96/><W23/><G72/><T134/><D134/><U39/><E39/><V100/><F100/><W26/><G46/><N who="0" m="25807" /><D37/><U91/><E91/><V43/><F43/><W123/><G40/><T86/><D87/><U20/><E20/><V31/><F61/><W93/><G44/><T114/><D114/><U55/><E55/><V106/><F60/><W45/><G45/><T80/><D80/><U19/><E19/><V73/><F106/><W71/><G71/><T84/><D86/><U54/><E54/><V117/><F117/><W113/><G113/><T126/><D126/><RYUUKYOKU ba="0,0" sc="114,15,271,15,320,-15,295,-15" hai0="8,9,42,47,50,82,84,89,97,101" hai1="1,7,11,13,14,16,21" /><INIT seed="5,1,0,4,4,119" ten="129,286,305,280" oya="1" hai0="53,134,122,63,29,77,107,117,2,52,126,92,111" hai1="49,5,0,120,93,33,78,125,87,114,45,128,28" hai2="19,7,96,65,54,76,39,115,16,4,95,127,91" hai3="50,118,116,26,103,21,132,83,32,101,129,112,8"/><U35/><E114/><V104/><F39/><W17/><G112/><T24/><D117/><N who="3" m="45161" /><G129/><T99/><D107/><U80/><E125/><V46/><F127/><W88/><G132/><T41/><D2/><U113/><E128/><V135/><F135/><W110/><G110/><T47/><D134/><U51/><E113/><V55/><F104/><W75/><G32/><T105/><D105/><U67/><E28/><V14/><F115/><W100/><G50/><T10/><D111/><U123/><E67/><V60/><F76/><N who="3" m="44447" /><G8/><T133/><D133/><U37/><E37/><V18/><F14/><W79/><G88/><T22/><D126/><U130/><E130/><V36/><F36/><W97/><G79/><T86/><D10/><U12/><E51/><V94/><F94/><AGARI ba="1,0" hai="17,21,26,94,97,100,101,103" m="44447,45161" machi="94" ten="30,1000,0" yaku="12,1" doraHai="119" who="3" fromWho="2" sc="129,0,286,0,305,-13,280,13" /><INIT seed="6,0,0,1,5,7" ten="129,286,292,293" oya="2" hai0="4,23,43,36,95,55,107,104,99,121,15,111,62" hai1="42,17,132,48,20,46,69,110,51,119,117,70,67" hai2="60,61,1,0,50,122,54,73,41,30,115,27,87" hai3="120,2,32,22,72,52,74,90,116,63,75,102,35"/><V114/><F73/><W21/><G120/><T26/><D121/><U18/><E110/><V125/><F122/><W56/><G116/><T79/><D111/><U25/><E132/><V3/><F41/><W109/><G109/><T8/><D79/><U34/><E34/><V124/><F87/><W33/><G2/><T5/><D5/><U81/><E17/><V65/><F50/><W96/><REACH who="3" step="1"/><G90/><REACH who="3" ten="129,286,292,283" step="2"/><T83/><D36/><U100/><E119/><V76/><F3/><W77/><G77/><T88/><D43/><U127/><E42/><V16/><F76/><W49/><G49/><T89/><D89/><U6/><E51/><V11/><F0/><W105/><AGARI ba="0,1" hai="21,22,32,33,35,52,56,63,72,74,75,96,102,105" machi="105" ten="40,5200,0" yaku="1,1,0,1,54,1,53,0" doraHai="7" doraHaiUra="14" who="3" fromWho="3" sc="129,-13,286,-13,292,-26,283,62" /><INIT seed="7,0,0,3,0,123" ten="116,273,266,345" oya="3" hai0="79,49,34,47,62,111,20,69,21,73,53,58,104" hai1="133,54,19,96,9,97,35,28,10,81,98,22,78" hai2="102,11,32,23,36,68,95,92,2,93,70,55,12" hai3="129,87,3,41,31,63,80,60,108,83,125,56,132"/><W42/><G3/><T74/><D104/><U134/><E35/><V124/><F32/><W5/><G108/><T122/><D34/><U40/><E40/><V126/><F36/><W44/><G5/><T75/><D122/><U6/><E54/><V107/><F2/><W72/><G31/><T82/><D69/><U110/><E28/><V61/><F23/><W130/><G132/><N who="1" m="50794" /><E6/><N who="2" m="3191" /><F102/><W88/><G125/><N who="2" m="48233" /><F107/><W43/><G44/><T51/><D51/><U33/><E33/><V15/><F15/><W128/><G56/><AGARI ba="0,0" hai="55,56,61,68,70,92,93,95" m="48233,3191" machi="56" ten="30,1000,0" yaku="18,1" doraHai="123" who="2" fromWho="3" sc="116,0,273,0,266,10,345,-10" owari="116,-38.4,273,-12.7,276,7.6,335,43.5" /></mjloggm>