<mjloggm ver="2.3"><GO type="169" lobby="0"/><UN n0="%E3%82%A4%E3%83%BC%E3%82%B1%E3%83%97%E3%83%A9" n1="%E3%83%9F%E3%82%B2%E3%83%BC%E3%83%AB%E6%94%B9" n2="%E3%83%90%E3%82%AD" n3="%74%73%75%6B%69%31" dan="16,16,16,16" rate="2119.03,2218.36,2185.34,2189.23" sx="M,M,M,M"/><TAIKYOKU oya="0"/><INIT seed="0,0,0,5,5,131" ten="250,250,250,250" oya="0" hai0="36,20,5,25,55,99,41,28,2,116,124,112,127" hai1="96,37,49,130,57,78,122,77,47,87,72,79,113" hai2="115,123,101,65,106,76,44,52,108,88,94,43,19" hai3="121,16,98,1,18,53,8,15,9,92,75,74,61"/><T24/><D112/><U0/><E122/><V89/><F123/><W32/><G121/><T83/><D116/><U125/><E72/><V86/><F115/><W111/><G32/><T68/><D68/><U95/><E113/><V129/><F129/><W21/><G111/><T126/><D55/><U104/><E0/><V40/><F108/><W81/><G1/><T117/><D117/><U42/><E130/><V103/><F65/><W63/><G8/><N who="0" m="2103" /><D99/><U91/><E125/><V7/><F7/><W135/><G81/><T22/><D83/><U12/><E104/><V38/><F76/><W69/><G69/><T70/><D70/><U132/><E12/><V35/><F35/><W84/><G84/><T3/><D3/><U59/><E37/><V107/><F38/><W71/><G71/><T109/><D109/><U133/><REACH who="1" step="1"/><E96/><REACH who="1" ten="250,240,250,250" step="2"/><N who="2" m="57415" /><F107/><W73/><G73/><T34/><D25/><U85/><E85/><V13/><F106/><W11/><G75/><T50/><D36/><U48/><E48/><N who="2" m="28679" /><F103/><W62/><G74/><T51/><D50/><U82/><E82/><N who="2" m="49367" /><F101/><W100/><G100/><T80/><D80/><U26/><E26/><V17/><F13/><W119/><G15/><T23/><D51/><U10/><E10/><V60/><F60/><W120/><G9/><T4/><D41/><AGARI ba="0,1" hai="17,19,40,41,43" m="49367,28679,57415" machi="41" ten="30,3900,0" yaku="8,1,54,2" doraHai="131" who="2" fromWho="0" sc="250,-39,240,0,250,49,250,0" /><INIT seed="1,0,0,5,3,118" ten="211,240,299,250" oya="1" hai0="5,83,50,26,2,66,39,88,124,71,133,0,130" hai1="37,92,80,78,63,129,18,127,21,28,47,106,57" hai2="49,64,12,109,29,17,82,79,61,86,93,117,77" hai3="134,15,76,96,84,105,11,70,126,24,1,98,91"/><U108/><E106/><V112/><F117/><W104/><G70/><T90/><D39/><U97/><E129/><V31/><F112/><W51/><G1/><T122/><D130/><U62/><E127/><V36/><F36/><W13/><G126/><T9/><D124/><U42/><E28/><V41/><F109/><W113/><G113/><T45/><D133/><U67/><E63/><V19/><F79/><W135/><G76/><T52/><D0/><U100/><E108/><V115/><F115/><W59/><G24/><T125/><D125/><U101/><E100/><V38/><F38/><W110/><G110/><T111/><D111/><U54/><E67/><V34/><F34/><W14/><G11/><T35/><D83/><U20/><REACH who="1" step="1"/><E18/><REACH who="1" ten="211,230,299,250" step="2"/><V27/><F19/><W89/><G105/><T87/><D66/><U94/><E94/><V6/><F93/><W55/><G104/><T68/><D68/><U32/><E32/><V8/><F61/><W44/><G135/><T74/><D71/><U22/><E22/><N who="2" m="13775" /><F64/><W107/><G134/><T40/><D35/><U131/><E131/><V65/><F65/><W4/><G107/><T3/><D3/><U116/><E116/><V75/><F75/><AGARI ba="0,1" hai="20,21,37,42,47,54,57,62,75,78,80,92,97,101" machi="75" ten="30,2900,0" yaku="1,1,7,1,53,0" doraHai="118" doraHaiUra="132" who="1" fromWho="2" sc="211,0,230,39,299,-29,250,0" /><INIT seed="1,1,0,1,2,115" ten="211,269,270,250" oya="1" hai0="22,124,37,53,130,71,25,77,2,55,33,123,75" hai1="19,52,62,93,30,29,72,87,44,81,108,21,31" hai2="104,34,135,65,90,107,45,99,94,133,105,114,67" hai3="57,16,18,109,49,111,47,102,76,64,70,15,13"/><U98/><E72/><V50/><F34/><W88/><G76/><T6/><D33/><U91/><E108/><N who="3" m="41546" /><G102/><T92/><D71/><U117/><E117/><V118/><F114/><W116/><G70/><T26/><D130/><U32/><E32/><V14/><F14/><N who="3" m="5131" /><G116/><T134/><D37/><U112/><E112/><V54/><REACH who="2" step="1"/><F118/><REACH who="2" ten="211,269,260,250" step="2"/><W103/><G103/><T85/><D2/><U59/><E44/><V128/><F128/><W125/><G125/><T23/><D124/><U132/><E132/><AGARI ba="1,1" hai="45,50,54,65,67,90,94,99,104,105,107,132,133,135" machi="132" ten="50,3200,0" yaku="1,1,20,1,53,0" doraHai="115" doraHaiUra="68" who="2" fromWho="1" sc="211,0,269,-35,260,45,250,0" /><INIT seed="2,0,0,4,2,57" ten="211,234,305,250" oya="2" hai0="115,74,108,125,33,107,42,102,79,109,44,117,2" hai1="92,9,93,67,23,22,53,98,75,27,71,135,59" hai2="120,112,66,18,4,116,126,63,129,10,114,91,134" hai3="35,124,17,16,7,24,12,110,20,52,128,70,48"/><V6/><F116/><W38/><G38/><T0/><D33/><U118/><E118/><V36/><F120/><W123/><G123/><T40/><D117/><U50/><E75/><V54/><F36/><W133/><G70/><T55/><D115/><U41/><E135/><V121/><F121/><W86/><G133/><T14/><D74/><U104/><E41/><V32/><F134/><W103/><G110/><T77/><D14/><U21/><E9/><V51/><F32/><W73/><G73/><T65/><D65/><U28/><E104/><V43/><F43/><W111/><G111/><T69/><D69/><U30/><E30/><V1/><F126/><W45/><G128/><T31/><D31/><U95/><REACH who="1" step="1"/><E98/><REACH who="1" ten="211,224,305,250" step="2"/><V46/><F129/><W80/><G124/><T94/><D107/><U26/><E26/><V85/><F4/><W19/><G35/><T5/><D125/><U130/><E130/><V105/><F105/><W64/><G7/><T97/><D5/><U60/><AGARI ba="0,1" hai="21,22,23,27,28,50,53,59,60,67,71,92,93,95" machi="60" ten="30,4000,0" yaku="1,1,0,1,52,1,53,0" doraHai="57" doraHaiUra="106" who="1" fromWho="1" sc="211,-10,224,50,305,-20,250,-10" /><INIT seed="3,0,0,5,2,118" ten="201,274,285,240" oya="3" hai0="133,43,59,125,28,63,30,40,129,1,31,15,128" hai1="123,117,33,50,55,131,126,3,120,100,20,9,113" hai2="84,36,35,91,83,42,82,25,17,87,57,89,2" hai3="132,22,45,72,114,13,12,106,41,135,92,124,18"/><W71/><G106/><T112/><D1/><U116/><E113/><V14/><F2/><W75/><G114/><T4/><D112/><U5/><E100/><V85/><F36/><W88/><G71/><T79/><D79/><U10/><E50/><V29/><F42/><W130/><G130/><N who="0" m="50283" /><D133/><N who="3" m="51273" /><G12/><T61/><D125/><U19/><E55/><V99/><F57/><W7/><G7/><T11/><D63/><U66/><E66/><AGARI ba="0,0" hai="4,11,15,28,30,31,40,43,59,61,66" m="50283" machi="66" ten="30,1000,0" yaku="19,1" doraHai="118" who="0" fromWho="1" sc="201,10,274,-10,285,0,240,0" /><INIT seed="4,0,0,0,4,51" ten="211,264,285,240" oya="0" hai0="1,94,63,14,7,121,79,70,119,99,58,122,18" hai1="12,90,128,20,69,67,91,109,92,27,52,29,16" hai2="66,54,130,60,93,26,134,107,124,39,102,64,61" hai3="3,115,113,0,83,74,86,101,72,77,46,8,43"/><T59/><D119/><U32/><E109/><V96/><F39/><W47/><G101/><T41/><D79/><U97/><E128/><V9/><F130/><W65/><G65/><T84/><D70/><U37/><E37/><V53/><F124/><W68/><G68/><T55/><D41/><U133/><E133/><V5/><F134/><W116/><G116/><T110/><D110/><U31/><E31/><V11/><F107/><W33/><G33/><T21/><D84/><U75/><E75/><V95/><F26/><W71/><G71/><T23/><D1/><U2/><E69/><V100/><F5/><W38/><G46/><T104/><D7/><U19/><E2/><N who="3" m="554" /><G8/><T44/><D44/><U48/><E67/><V132/><F132/><W62/><G62/><T34/><D34/><U17/><E91/><V85/><F85/><W13/><G13/><T123/><D104/><U57/><AGARI ba="0,0" hai="12,16,17,19,20,27,29,32,48,52,57,90,92,97" machi="57" ten="20,8000,1" yaku="0,1,7,1,52,1,54,2" doraHai="51" who="1" fromWho="1" sc="211,-40,264,80,285,-20,240,-20" /><INIT seed="5,0,0,4,3,76" ten="171,344,265,220" oya="1" hai0="14,63,28,119,78,127,16,26,128,18,115,112,56" hai1="120,86,32,108,99,39,41,67,94,21,51,131,38" hai2="70,121,104,37,46,58,117,87,84,77,31,102,89" hai3="6,75,19,134,1,126,42,96,8,93,13,79,105"/><U113/><E120/><V101/><F70/><W114/><G114/><N who="0" m="43563" /><D119/><U92/><E113/><V57/><F117/><W95/><G134/><T30/><D128/><U2/><E32/><V48/><F121/><W10/><G126/><T0/><D0/><U33/><E33/><V64/><F37/><W130/><G130/><T5/><D78/><U43/><E2/><V107/><F31/><N who="0" m="11818" /><D26/><U20/><E67/><V61/><F57/><W65/><G65/><N who="0" m="39143" /><D127/><U53/><E131/><V4/><F107/><W74/><G105/><T69/><D69/><U35/><E35/><V59/><F59/><W83/><G74/><T49/><D49/><U25/><E108/><V122/><F122/><W118/><G118/><T135/><D135/><U129/><E129/><V73/><F73/><W125/><G125/><T15/><D15/><U98/><E25/><V27/><F104/><W109/><G109/><T66/><D66/><U47/><E38/><V82/><F27/><W80/><G42/><N who="1" m="15882" /><E39/><V40/><REACH who="2" step="1"/><F4/><REACH who="2" ten="171,344,255,220" step="2"/><W7/><G6/><T90/><D5/><U133/><E133/><V44/><F44/><W100/><G75/><T62/><D62/><U123/><E47/><V9/><F9/><W23/><G8/><N who="0" m="6215" /><D18/><U88/><E123/><V55/><F55/><W3/><G3/><T60/><D60/><U17/><E53/><V124/><F124/><W71/><G71/><T22/><D22/><U11/><E21/><V52/><F52/><W106/><G79/><T97/><D90/><U111/><E88/><V50/><F50/><W12/><G1/><T34/><D34/><U68/><E68/><RYUUKYOKU ba="0,1" sc="171,10,344,-30,255,10,220,10" hai0="97" hai2="40,46,48,58,61,64,77,82,84,87,89,101,102" hai3="7,10,12,13,19,23,80,83,93,95,96,100,106" /><INIT seed="6,1,1,5,1,114" ten="181,314,265,230" oya="2" hai0="99,30,95,20,14,103,104,96,43,92,67,88,53" hai1="126,91,110,62,93,129,18,107,102,36,55,124,127" hai2="58,24,25,38,33,23,29,47,123,63,22,121,100" hai3="120,52,82,50,2,34,130,48,112,54,49,71,89"/><V132/><F132/><W83/><G2/><T27/><D43/><U75/><E110/><V3/><F3/><W94/><G34/><T61/><D14/><U133/><E75/><V118/><F100/><W109/><G109/><T66/><D104/><U90/><E36/><V98/><F98/><W9/><G120/><T41/><D41/><U131/><E107/><V65/><F33/><W84/><G71/><T35/><D35/><U97/><E18/><V80/><F118/><W81/><G112/><T10/><D10/><U56/><E133/><V76/><F47/><W69/><G69/><T59/><AGARI ba="1,1" hai="20,27,30,53,59,61,66,67,88,92,95,96,99,103" machi="59" ten="30,4000,0" yaku="0,1,8,1,54,1" doraHai="114" who="0" fromWho="0" sc="181,53,314,-11,265,-21,230,-11" /><INIT seed="7,0,0,1,3,52" ten="234,303,244,219" oya="3" hai0="51,0,14,110,50,66,72,8,103,42,86,100,67" hai1="87,85,47,65,46,4,39,13,97,12,126,79,113" hai2="123,9,63,19,58,71,34,28,40,95,17,33,122" hai3="112,69,74,10,11,129,108,98,1,29,16,130,2"/><W22/><G69/><T93/><D110/><U60/><E39/><V3/><F71/><W99/><G74/><T106/><D0/><N who="3" m="105" /><G98/><T101/><D106/><U59/><E113/><V128/><F40/><W76/><G99/><T117/><D117/><U36/><E36/><V80/><F128/><N who="3" m="49259" /><G76/><T127/><D127/><U111/><E111/><V105/><F105/><W49/><G108/><T135/><D135/><U44/><E126/><V61/><F95/><W15/><G49/><N who="0" m="18443" /><D42/><U41/><E4/><N who="2" m="1183" /><F63/><W27/><G112/><T116/><D116/><U125/><E125/><V134/><F134/><W77/><G77/><T73/><D73/><U21/><E41/><V23/><F80/><W24/><G24/><T83/><D93/><U102/><E79/><V81/><F81/><W114/><G114/><T107/><D72/><U131/><E131/><V57/><F61/><W84/><G84/><N who="1" m="32330" /><E97/><V90/><F90/><W124/><G124/><T20/><D107/><U96/><E96/><V25/><F33/><AGARI ba="0,0" hai="10,11,15,16,22,27,29,33" m="49259,105" machi="33" ten="30,11600,0" yaku="19,1,34,2,54,1" doraHai="52" who="3" fromWho="2" sc="234,0,303,0,244,-116,219,116" owari="234,-16.6,303,10.3,128,-37.2,335,43.5" /></mjloggm>