<mjloggm ver="2.3"><GO type="169" lobby="0"/><UN n0="%5B%5B%79%75%79%75%5D%5D" n1="%63%61%72%6C%6F%73%6E" n2="%42%42%E3%81%A7%E3%81%99%E3%80%82" n3="%E9%BA%BB%E9%9B%80%E7%A0%94%E7%A9%B6%E9%83%A8" dan="16,17,17,17" rate="2155.79,2212.73,2173.44,2156.02" sx="M,M,M,M"/><TAIKYOKU oya="0"/><INIT seed="0,0,0,2,3,27" ten="250,250,250,250" oya="0" hai0="118,17,81,35,9,71,48,11,109,56,90,96,69" hai1="134,33,24,53,47,61,73,29,107,41,94,85,79" hai2="12,49,74,95,62,113,1,34,7,57,126,4,121" hai3="55,46,124,111,132,120,102,125,36,25,97,116,15"/><T75/><D118/><U13/><E107/><V22/><F113/><W123/><G116/><T98/><D75/><U14/><E73/><V38/><F38/><W50/><G15/><T54/><D35/><U112/><E134/><V129/><F34/><W114/><G114/><T2/><D109/><U28/><E112/><V16/><F74/><W130/><G111/><T105/><D71/><U45/><E45/><V99/><F121/><N who="3" m="46667" /><G132/><T19/><D69/><U115/><E115/><V91/><F129/><W83/><G130/><T68/><D68/><U84/><E29/><V117/><F117/><W44/><G83/><T51/><D105/><U80/><E53/><V78/><F126/><W60/><G60/><T135/><D135/><U6/><E61/><V104/><F104/><N who="3" m="63567" /><G25/><T37/><D37/><U23/><E23/><V72/><F1/><W39/><G39/><T63/><D2/><U67/><E6/><V43/><F78/><W108/><G108/><T32/><D32/><U42/><E67/><V131/><F72/><W58/><G44/><T40/><D40/><AGARI ba="0,0" hai="36,40,46,50,55,58,124,125" m="63567,46667" machi="40" ten="30,1000,0" yaku="13,1" doraHai="27" who="3" fromWho="0" sc="250,-10,250,0,250,0,250,10" /><INIT seed="1,0,0,5,5,10" ten="240,250,250,260" oya="1" hai0="63,3,39,31,30,113,8,32,23,24,37,115,27" hai1="85,18,99,57,1,66,52,120,14,40,15,50,68" hai2="42,132,4,118,123,64,83,19,92,54,16,17,6" hai3="114,71,91,108,0,5,107,12,47,9,56,22,70"/><U84/><E120/><V129/><F118/><W105/><G114/><T48/><D63/><U60/><E1/><V98/><F123/><W90/><G108/><T126/><D48/><U20/><E40/><V112/><F129/><W127/><G127/><T36/><D126/><U117/><E117/><V33/><F33/><W55/><G47/><T75/><D75/><U131/><E131/><V88/><F112/><W35/><G35/><T104/><D104/><U101/><REACH who="1" step="1"/><E15/><REACH who="1" ten="240,240,250,260" step="2"/><V51/><F42/><W80/><G0/><T81/><D81/><U124/><E124/><V62/><F132/><W21/><G12/><T102/><D102/><U134/><E134/><V72/><F83/><W82/><G80/><T97/><D97/><U58/><E58/><N who="2" m="36951" /><F72/><W46/><G56/><AGARI ba="0,1" hai="4,6,16,17,19,51,54,56,88,92,98" m="36951" machi="56" ten="30,3900,0" yaku="8,1,54,2" doraHai="10" who="2" fromWho="3" sc="240,0,240,0,250,49,260,-39" /><INIT seed="2,0,0,1,4,10" ten="240,240,299,221" oya="2" hai0="47,3,29,109,100,72,59,97,33,34,58,67,16" hai1="15,135,84,50,73,77,0,64,11,111,91,45,74" hai2="19,62,61,98,89,36,130,39,116,57,38,82,114" hai3="87,2,14,94,68,128,106,13,133,69,92,66,115"/><V28/><F114/><W37/><G106/><T103/><D72/><U134/><E0/><V8/><F116/><W42/><G115/><T80/><D109/><U132/><E64/><V131/><F28/><W83/><G2/><T120/><D120/><U78/><E111/><V70/><F70/><W113/><G113/><T102/><D3/><U49/><E74/><V24/><F62/><W112/><G112/><T126/><D126/><U125/><E125/><V52/><F82/><W44/><G128/><T55/><D80/><U124/><E124/><V121/><F121/><W105/><G105/><T96/><D47/><U76/><E73/><V117/><F117/><W1/><G1/><T53/><D29/><U119/><E45/><V7/><F7/><W30/><G30/><T99/><D67/><U110/><E110/><V23/><F8/><W85/><G133/><T65/><D16/><N who="1" m="8319" /><E119/><V108/><F108/><W79/><G69/><T93/><D93/><AGARI ba="0,0" hai="49,50,76,77,78,84,91,93,132,134,135" m="8319" machi="93" ten="40,5200,0" yaku="20,1,52,1,54,1" doraHai="10" who="1" fromWho="0" sc="240,-52,240,52,299,0,221,0" /><AGARI ba="0,0" hai="19,23,24,36,38,39,52,57,61,89,93,98,130,131" machi="93" ten="50,9600,0" yaku="25,2,54,1" doraHai="10" who="2" fromWho="0" sc="188,-96,292,0,299,96,221,0" /><INIT seed="2,1,0,4,2,0" ten="92,292,395,221" oya="2" hai0="132,99,62,57,88,10,111,36,34,51,55,122,73" hai1="66,45,2,83,64,109,5,14,133,61,54,81,15" hai2="126,104,67,11,25,13,89,71,101,91,42,60,78" hai3="80,76,65,107,19,87,41,44,135,52,134,40,110"/><V50/><F126/><W47/><G107/><T96/><D111/><U53/><E109/><V28/><F78/><W124/><G110/><T82/><D36/><U38/><E2/><V100/><F50/><N who="3" m="28743" /><G124/><T79/><D34/><U103/><E103/><V30/><F42/><W33/><G33/><T68/><D132/><N who="3" m="50729" /><G65/><T128/><D128/><U98/><E133/><V97/><F101/><W29/><G29/><T8/><D122/><U114/><E114/><V56/><F56/><W112/><G112/><T105/><D99/><U4/><E98/><V23/><REACH who="2" step="1"/><F30/><REACH who="2" ten="92,292,385,221" step="2"/><W86/><G40/><T7/><D68/><U32/><E38/><V75/><F75/><N who="3" m="43039" /><G19/><AGARI ba="1,1" hai="11,13,19,23,25,28,60,67,71,89,91,97,100,104" machi="19" ten="30,2900,0" yaku="1,1,7,1,53,0" doraHai="0" doraHaiUra="127" who="2" fromWho="3" sc="92,0,292,0,385,42,221,-32" /><INIT seed="2,2,0,5,2,117" ten="92,292,427,189" oya="2" hai0="38,69,35,126,46,44,42,119,80,78,4,51,109" hai1="18,58,118,102,112,100,124,20,50,24,90,11,47" hai2="127,103,54,89,92,27,133,3,104,34,6,64,22" hai3="53,36,67,108,131,68,110,31,99,86,98,21,61"/><V30/><F127/><W0/><G131/><T107/><D126/><U5/><E124/><V70/><F133/><W43/><G0/><T19/><D109/><N who="3" m="42089" /><G86/><T135/><D135/><U96/><E118/><V62/><F54/><W77/><G77/><T60/><D119/><U41/><E112/><V8/><F22/><W40/><G53/><T101/><D35/><U113/><E113/><V95/><REACH who="2" step="1"/><F89/><REACH who="2" ten="92,292,417,189" step="2"/><W55/><G55/><T111/><D111/><U7/><E90/><V129/><F129/><W25/><G40/><T116/><D116/><U115/><E115/><V93/><F93/><W2/><G2/><T120/><D107/><U85/><E41/><V87/><F87/><W17/><G31/><T91/><D91/><U16/><E85/><V14/><F14/><W26/><G25/><T63/><D42/><U121/><E24/><V13/><F13/><W71/><G99/><AGARI ba="2,1" hai="3,6,8,27,30,34,62,64,70,92,95,99,103,104" machi="99" ten="40,7700,0" yaku="1,1,25,2,53,0" doraHai="117" doraHaiUra="84" who="2" fromWho="3" sc="92,0,292,0,417,93,189,-83" /><INIT seed="2,3,0,2,3,93" ten="92,292,510,106" oya="2" hai0="29,103,11,50,31,111,1,19,129,81,59,108,135" hai1="95,18,84,97,82,44,91,61,112,73,131,5,6" hai2="62,104,118,56,79,46,96,123,52,92,133,120,127" hai3="130,88,75,54,60,47,66,74,110,26,106,70,32"/><V134/><F118/><W13/><G106/><T115/><D115/><U2/><E112/><V89/><F127/><W99/><G130/><T39/><D39/><U107/><E2/><V22/><F79/><W67/><G110/><T12/><D1/><U114/><E114/><V7/><F7/><W80/><G67/><T87/><D103/><U27/><E131/><V35/><F35/><W48/><G13/><T30/><D129/><U128/><E128/><V45/><F104/><W68/><G68/><T94/><D94/><U85/><E73/><V132/><REACH who="2" step="1"/><F22/><REACH who="2" ten="92,292,500,106" step="2"/><W16/><G75/><T38/><D135/><U3/><E107/><V72/><F72/><W57/><G74/><T20/><D111/><U117/><E117/><V71/><F71/><W23/><G32/><T4/><D108/><U25/><E5/><V98/><F98/><W42/><G99/><T41/><D38/><U34/><E34/><V0/><F0/><W125/><G125/><T17/><D20/><U64/><E6/><V90/><F90/><W113/><G113/><T37/><D37/><U119/><E3/><V43/><F43/><W58/><REACH who="3" step="1"/><G42/><REACH who="3" ten="92,292,500,96" step="2"/><T124/><D124/><U28/><E97/><V51/><F51/><W63/><G63/><T109/><D109/><U69/><E61/><V76/><F76/><W21/><G21/><T105/><D105/><U33/><E33/><V65/><F65/><W116/><G116/><T126/><D126/><U55/><E64/><V77/><F77/><W102/><G102/><T100/><D100/><U36/><E119/><V15/><F15/><W83/><G83/><RYUUKYOKU ba="3,2" sc="92,-15,292,-15,500,15,96,15" hai2="45,46,52,56,62,89,92,96,120,123,132,133,134" hai3="16,23,26,47,48,54,57,58,60,66,70,80,88" /><INIT seed="2,4,2,0,3,75" ten="77,277,515,111" oya="2" hai0="12,2,31,81,126,68,19,40,78,89,100,29,54" hai1="32,15,0,132,21,85,96,30,110,20,124,125,119" hai2="24,115,128,104,5,28,59,4,22,65,113,70,127" hai3="41,84,7,45,80,33,27,66,121,69,43,92,47"/><V103/><F70/><W133/><G121/><T14/><D2/><U17/><E119/><V11/><F128/><W72/><G133/><T57/><D68/><U37/><E37/><V60/><F127/><N who="1" m="48713" /><E96/><V55/><F5/><W112/><G72/><T94/><D126/><U48/><E0/><V116/><F116/><W3/><G3/><T93/><D40/><N who="3" m="15433" /><G69/><T13/><D19/><U98/><E132/><V36/><F36/><W53/><G33/><T39/><D39/><U64/><E64/><V1/><REACH who="2" step="1"/><F65/><REACH who="2" ten="77,277,505,111" step="2"/><W105/><G66/><T51/><D100/><U16/><E110/><V101/><F101/><W44/><G112/><T118/><D118/><U25/><E48/><V123/><F123/><W63/><G7/><T71/><D71/><U8/><E98/><AGARI ba="4,3" hai="1,4,11,22,24,28,55,59,60,98,103,104,113,115" machi="98" ten="40,7700,0" yaku="1,1,53,2" doraHai="75" doraHaiUra="108" who="2" fromWho="1" sc="77,0,277,-89,505,119,111,0" /><INIT seed="2,5,0,4,1,51" ten="77,188,624,111" oya="2" hai0="109,106,76,6,83,95,98,99,59,49,116,30,56" hai1="2,4,45,39,115,33,43,61,5,128,96,127,80" hai2="92,130,114,57,29,44,97,75,7,24,13,58,64" hai3="86,27,82,12,47,117,70,71,46,37,131,26,81"/><V126/><F114/><W120/><G117/><T65/><D116/><U53/><E115/><V20/><F75/><W63/><G120/><T105/><D109/><U77/><E33/><V38/><F130/><W129/><G12/><T85/><D6/><U1/><E128/><V0/><F0/><W108/><G63/><T62/><D99/><U122/><E122/><V118/><F118/><W111/><REACH who="3" step="1"/><G86/><REACH who="3" ten="77,188,624,101" step="2"/><T42/><D106/><U90/><E2/><V100/><F126/><W103/><G103/><T87/><D105/><U50/><E1/><V79/><F13/><W31/><G31/><T34/><D87/><U18/><E61/><V36/><F29/><W15/><G15/><T110/><D110/><U84/><E127/><V19/><F100/><W23/><G23/><T41/><D30/><U9/><E9/><V102/><F20/><W73/><G73/><T14/><D14/><U60/><E60/><V94/><F102/><W91/><G91/><N who="0" m="55679" /><D34/><U135/><E18/><V40/><F19/><W104/><G104/><T66/><D65/><U113/><E113/><V52/><F64/><W54/><G54/><AGARI ba="5,1" hai="41,42,49,54,56,59,62,66,76,83,85" m="55679" machi="54" ten="30,2000,0" yaku="8,1,52,1" doraHai="51" who="0" fromWho="3" sc="77,45,188,0,624,0,101,-35" /><INIT seed="3,0,0,4,4,23" ten="122,188,624,66" oya="3" hai0="87,8,12,123,46,108,40,89,27,74,16,22,52" hai1="64,107,83,102,63,62,121,68,111,120,50,30,85" hai2="110,42,98,73,39,133,29,117,106,92,15,24,97" hai3="131,101,10,115,61,37,67,88,51,129,31,5,76"/><W36/><G115/><T124/><D123/><U127/><E111/><V44/><F117/><W79/><G101/><T41/><D74/><U53/><E127/><V122/><F73/><W48/><G31/><T21/><D108/><U69/><E102/><V35/><F110/><W114/><G114/><T3/><D3/><U6/><E107/><V94/><F106/><W80/><G48/><N who="0" m="28695" /><D124/><U70/><E6/><V17/><F133/><W134/><G134/><T58/><D58/><U25/><E63/><V45/><F122/><W28/><G28/><N who="0" m="17519" /><D22/><U32/><E121/><V59/><F59/><W57/><G51/><T34/><D34/><U14/><E14/><V66/><F44/><W2/><G76/><T82/><AGARI ba="0,0" hai="8,12,16,40,41,82,87,89" m="17519,28695" machi="82" ten="30,8000,1" yaku="25,1,8,1,52,1,54,2" doraHai="23" who="0" fromWho="0" sc="122,80,188,-20,624,-20,66,-40" /><INIT seed="4,0,0,1,1,113" ten="202,168,604,26" oya="0" hai0="73,76,37,10,88,87,90,38,25,45,108,91,98" hai1="35,70,55,9,51,54,94,102,13,132,31,28,52" hai2="44,77,53,23,81,118,127,80,8,33,95,122,30" hai3="34,65,22,47,63,101,64,32,84,105,42,134,115"/><T117/><D108/><U29/><E70/><V130/><F33/><W74/><G74/><T48/><D98/><N who="1" m="59735" /><E35/><V67/><F67/><W121/><G115/><T50/><D73/><U120/><E120/><V125/><F122/><W19/><G121/><T128/><D128/><U12/><E132/><V18/><F130/><W129/><G134/><T20/><D117/><U126/><E126/><V7/><F30/><W62/><G129/><T79/><D10/><U131/><E131/><V119/><F95/><W75/><G75/><T99/><D99/><U21/><E21/><V59/><F44/><W43/><G84/><T49/><D45/><N who="1" m="27759" /><E13/><N who="2" m="9679" /><F80/><W82/><G82/><T61/><D61/><U26/><E26/><V11/><F81/><W85/><G85/><T6/><D6/><AGARI ba="0,0" hai="6,9,12,28,29,31,54,55" m="27759,59735" machi="6" ten="30,2000,0" yaku="8,1,54,1" doraHai="113" who="1" fromWho="0" sc="202,-20,168,20,604,0,26,0" /><INIT seed="5,0,0,3,0,70" ten="182,188,604,26" oya="1" hai0="6,78,112,58,130,73,118,122,49,87,13,72,21" hai1="126,69,75,39,65,79,64,92,59,5,84,86,63" hai2="71,17,133,96,33,103,107,9,83,15,30,22,14" hai3="36,61,115,119,114,32,57,82,68,113,100,18,93"/><U111/><E75/><V40/><F71/><W0/><G119/><T12/><D118/><U80/><E126/><V74/><F33/><W24/><G0/><T108/><D108/><U110/><E5/><V76/><F133/><W91/><G68/><T95/><D112/><U34/><E34/><V43/><F30/><W125/><G125/><T23/><D130/><U31/><E31/><V19/><AGARI ba="0,0" hai="9,14,15,17,19,22,40,43,74,76,83,96,103,107" machi="19" ten="20,1500,0" yaku="0,1,7,1" doraHai="70" who="2" fromWho="2" sc="182,-4,188,-7,604,15,26,-4" /><INIT seed="6,0,0,3,0,1" ten="178,181,619,22" oya="2" hai0="42,89,107,41,123,52,2,103,35,29,37,21,110" hai1="88,69,130,98,113,72,64,23,121,40,112,102,105" hai2="31,80,135,30,8,63,79,61,119,85,93,82,46" hai3="18,111,126,125,101,22,62,57,114,28,70,74,58"/><V36/><F119/><W5/><G111/><T3/><D123/><U87/><E72/><V109/><F135/><W124/><G74/><T44/><D110/><U96/><E121/><V24/><F109/><W11/><G28/><T0/><D35/><U53/><E130/><V39/><F93/><W38/><G38/><T133/><D133/><U116/><E116/><V83/><F83/><W86/><G114/><N who="1" m="44138" /><E40/><V32/><F31/><W14/><G101/><T78/><D78/><U27/><E98/><V68/><F68/><W50/><G86/><T108/><D108/><U134/><E53/><V12/><F82/><W9/><G50/><T128/><D128/><U132/><E64/><V59/><F46/><W60/><G9/><T97/><D42/><U10/><E10/><V65/><REACH who="2" step="1"/><F63/><REACH who="2" ten="178,181,609,22" step="2"/><N who="3" m="24107" /><G70/><T33/><D33/><U26/><E69/><V100/><F100/><W115/><G115/><T54/><REACH who="0" step="1"/><D89/><REACH who="0" ten="168,181,609,22" step="2"/><U95/><E134/><V4/><AGARI ba="0,2" hai="4,8,12,24,30,32,36,39,59,61,65,79,80,85" machi="4" ten="20,12000,1" yaku="1,1,0,1,7,1,52,1,53,1" doraHai="1" doraHaiUra="7" who="2" fromWho="2" sc="168,-40,181,-40,609,140,22,-40" owari="128,-27.2,141,-5.9,749,84.9,-18,-51.8" /></mjloggm>