<mjloggm ver="2.3"><GO type="169" lobby="0"/><UN n0="%E6%81%8B%E3%81%AE%E3%81%86%E3%81%9F" n1="%E4%B8%89%E6%B2%B3%E5%B1%8B%E3%81%AE%E3%82%B5%E3%83%96" n2="%E5%90%91%E4%BA%95%E7%A7%80%E5%BE%B3" n3="%48%65%69%68%65%69%30%35" dan="17,16,16,16" rate="2249.79,2143.06,2009.30,2044.11" sx="M,M,M,M"/><TAIKYOKU oya="0"/><INIT seed="0,0,0,4,5,118" ten="250,250,250,250" oya="0" hai0="10,60,93,23,13,74,9,135,92,133,77,81,31" hai1="24,82,70,56,105,58,119,45,124,35,132,115,3" hai2="106,95,127,6,14,98,26,125,1,79,8,59,67" hai3="78,111,102,19,116,16,134,38,110,43,113,57,36"/><T112/><D112/><U41/><E3/><V72/><F106/><W15/><G113/><T53/><D31/><U42/><E115/><V69/><F69/><W94/><G116/><T11/><D23/><U0/><E119/><V28/><F79/><W32/><G32/><T99/><D93/><U131/><E0/><V44/><F72/><W4/><G78/><T48/><D60/><U54/><E105/><V129/><F44/><W71/><G71/><T29/><D29/><U33/><E70/><V51/><F129/><W49/><G4/><T108/><D108/><N who="3" m="41513" /><G134/><T104/><D104/><U22/><E131/><V39/><F39/><W80/><G80/><T83/><D83/><U30/><E132/><N who="0" m="50761" /><D48/><U50/><E124/><V65/><F1/><W68/><G68/><T122/><D53/><U117/><E117/><V62/><F51/><W21/><G19/><T103/><D13/><U52/><E33/><V130/><F130/><W114/><G114/><T88/><D103/><U91/><E35/><V37/><F37/><W76/><G43/><N who="1" m="16394" /><E54/><V97/><F67/><W5/><G102/><T63/><D63/><U66/><E66/><V107/><F107/><W96/><G76/><T46/><D46/><U18/><E30/><V2/><F2/><W90/><G5/><T89/><D89/><U100/><E100/><N who="2" m="60479" /><F98/><W34/><G34/><T86/><D99/><U27/><E27/><V123/><F125/><W109/><G109/><T25/><D25/><U17/><E17/><V120/><F127/><W126/><G126/><T61/><D61/><U47/><E47/><V7/><F7/><RYUUKYOKU ba="0,0" sc="250,0,250,0,250,0,250,0" hai0="9,10,11,74,77,81,86,88,92,122" hai1="18,22,24,45,50,52,56,58,82,91" hai2="6,8,14,26,28,59,62,65,120,123" hai3="15,16,21,36,38,49,57,90,94,96" /><INIT seed="0,1,0,2,3,49" ten="250,250,250,250" oya="0" hai0="111,112,85,69,91,46,121,124,67,24,129,6,10" hai1="101,29,43,39,70,53,116,99,40,5,110,108,33" hai2="86,44,54,9,119,98,1,11,96,19,26,62,89" hai3="92,102,41,93,78,82,114,127,58,107,105,32,71"/><T34/><D112/><U126/><E116/><V130/><F119/><W72/><G71/><T94/><D121/><U27/><E70/><V79/><F130/><W28/><G41/><T132/><D129/><U117/><E117/><V48/><F79/><W134/><G114/><T15/><D132/><U103/><E126/><V90/><F1/><W115/><G115/><T74/><D74/><U60/><E5/><V118/><F118/><W51/><G134/><T64/><D124/><U17/><E17/><V68/><F90/><W128/><G127/><T35/><D111/><N who="1" m="42539" /><E39/><V50/><F9/><W22/><G32/><T20/><D34/><U59/><E103/><V63/><F48/><W120/><G120/><T61/><D35/><U4/><E4/><V52/><F68/><W55/><G128/><T45/><REACH who="0" step="1"/><D67/><REACH who="0" ten="240,250,250,250" step="2"/><U80/><E80/><N who="2" m="49351" /><F63/><W2/><G82/><T133/><D133/><U109/><E109/><V0/><F0/><W76/><G2/><T21/><D21/><U81/><E81/><V25/><F11/><W100/><G22/><T31/><AGARI ba="1,1" hai="6,10,15,20,24,31,45,46,61,64,69,85,91,94" machi="31" ten="20,3900,0" yaku="1,1,0,1,7,1,53,0" doraHai="49" doraHaiUra="131" who="0" fromWho="0" sc="240,52,250,-14,250,-14,250,-14" /><INIT seed="0,2,0,1,5,51" ten="292,236,236,236" oya="0" hai0="17,99,118,68,26,35,105,71,24,73,43,126,95" hai1="104,128,37,76,72,19,122,117,44,21,109,90,130" hai2="48,18,20,45,119,101,54,124,134,23,92,29,115" hai3="57,36,5,63,87,89,56,58,27,129,66,120,75"/><T11/><D118/><U108/><E44/><V22/><F115/><W121/><G75/><T7/><D73/><U6/><E37/><V93/><F119/><W88/><G36/><T39/><D105/><U83/><E117/><V98/><F124/><W28/><G129/><N who="1" m="49770" /><E6/><V116/><F116/><W94/><G5/><T34/><D43/><U112/><E21/><V55/><F134/><W14/><G14/><T86/><D39/><U1/><E19/><V53/><F29/><W96/><G120/><T110/><D126/><U113/><E1/><V38/><F38/><W84/><G121/><T65/><D65/><U114/><E122/><V123/><F123/><W107/><G107/><T41/><D41/><U77/><E77/><V42/><REACH who="2" step="1"/><F93/><REACH who="2" ten="292,236,226,236" step="2"/><W12/><G96/><T30/><D99/><U70/><E104/><V3/><F3/><W67/><G94/><T100/><D95/><U52/><E70/><V33/><F33/><W79/><G28/><T82/><D68/><U32/><E32/><V132/><F132/><W50/><G67/><T127/><D127/><U61/><E90/><V64/><F64/><W46/><G89/><T31/><D71/><U15/><E15/><AGARI ba="2,1" hai="15,18,20,22,23,42,45,48,53,54,55,92,98,101" machi="15" ten="40,8000,1" yaku="1,1,8,1,52,3,53,0" doraHai="51" doraHaiUra="135" who="2" fromWho="1" sc="292,0,236,-86,226,96,236,0" /><INIT seed="1,0,0,2,4,48" ten="292,150,322,236" oya="1" hai0="132,25,22,50,31,64,26,110,119,127,135,130,98" hai1="103,47,122,7,18,61,51,108,57,100,117,76,68" hai2="45,54,81,80,75,94,9,112,53,35,23,73,99" hai3="11,113,66,97,4,83,72,79,42,134,67,12,2"/><U114/><E114/><V56/><F35/><W85/><G113/><T104/><D119/><U123/><E117/><V14/><F112/><W109/><G134/><N who="0" m="51243" /><D64/><U40/><E68/><V129/><F129/><W121/><G121/><T55/><D110/><U133/><E133/><V36/><F75/><W1/><G109/><T101/><D25/><U0/><E108/><V84/><F73/><W92/><G72/><T58/><D127/><U44/><E76/><V39/><F23/><W86/><G86/><T88/><D88/><U21/><E0/><V20/><F20/><W106/><G106/><T107/><D107/><U128/><E7/><V19/><F45/><W120/><G120/><T46/><D46/><U24/><E128/><AGARI ba="0,0" hai="22,26,31,50,55,58,98,101,104,128,130" m="51243" machi="128" ten="30,2000,0" yaku="20,1,52,1" doraHai="48" who="0" fromWho="1" sc="292,20,150,-20,322,0,236,0" /><INIT seed="2,0,0,0,3,104" ten="312,130,322,236" oya="2" hai0="5,89,106,83,134,4,74,114,32,126,80,49,72" hai1="75,50,52,91,40,22,9,113,121,124,87,101,21" hai2="39,133,28,82,7,38,26,109,35,30,125,3,43" hai3="110,111,61,73,108,36,122,18,130,64,85,90,105"/><V93/><F133/><W67/><G122/><T27/><D106/><U14/><E113/><V15/><F125/><W48/><G105/><T20/><D32/><U56/><E124/><V63/><F109/><W103/><G103/><T62/><D126/><U46/><E121/><V25/><F15/><W86/><G36/><T53/><D62/><U42/><E101/><V92/><F82/><W54/><G130/><T66/><D66/><U118/><E75/><V69/><F43/><W120/><G120/><T76/><D114/><U10/><E118/><V98/><F93/><W29/><G29/><T65/><D65/><U0/><E0/><V13/><F13/><W59/><G67/><T2/><D2/><U70/><E70/><V47/><F47/><W78/><G90/><T77/><D89/><U37/><E42/><V97/><F63/><W95/><G95/><T116/><D134/><U131/><E131/><V34/><F69/><W41/><G18/><T23/><D116/><U99/><E99/><V68/><F68/><N who="3" m="41999" /><G41/><T128/><D128/><U123/><E123/><V6/><F92/><W96/><G96/><T8/><D8/><U51/><E37/><V17/><F17/><W115/><G115/><T44/><D20/><N who="1" m="7787" /><E14/><V11/><REACH who="2" step="1"/><F11/><REACH who="2" ten="312,130,312,236" step="2"/><W58/><G58/><T100/><D100/><U135/><E135/><V119/><F119/><W16/><G16/><AGARI ba="0,1" hai="4,5,16,23,27,44,49,53,72,74,76,77,80,83" machi="16" ten="30,8000,1" yaku="7,1,9,1,52,2,54,1" doraHai="104" who="0" fromWho="3" sc="312,90,130,0,312,0,236,-80" /><INIT seed="3,0,0,3,4,115" ten="402,130,312,156" oya="3" hai0="55,87,131,39,109,117,48,124,36,72,24,92,88" hai1="15,22,91,61,95,3,98,86,43,64,111,132,129" hai2="105,21,89,116,110,82,16,41,25,51,68,113,40" hai3="10,69,7,45,122,107,54,104,128,42,63,6,8"/><W37/><G122/><T13/><D117/><U114/><E3/><V90/><F113/><W34/><G128/><T27/><D72/><U123/><E114/><V75/><F68/><W14/><G34/><T53/><D109/><U19/><E123/><V108/><F105/><W46/><G46/><T2/><D2/><U33/><E111/><N who="2" m="42539" /><F116/><W77/><G77/><T134/><D134/><U9/><E33/><V121/><F121/><W47/><G47/><T1/><D1/><U12/><E129/><V32/><F32/><W52/><G69/><T70/><D70/><U23/><E132/><V18/><F18/><W17/><G54/><T97/><D55/><U76/><E43/><N who="2" m="16459" /><F51/><W80/><G80/><T29/><D131/><U58/><E15/><V74/><F82/><AGARI ba="0,0" hai="9,12,19,22,23,58,61,64,76,82,86,91,95,98" machi="82" ten="40,1300,0" yaku="8,1" doraHai="115" who="1" fromWho="2" sc="402,0,130,13,312,-13,156,0" /><INIT seed="4,0,0,3,5,77" ten="402,143,299,156" oya="0" hai0="42,60,128,124,40,91,59,80,102,5,118,104,78" hai1="97,43,47,68,38,11,63,52,85,87,89,25,120" hai2="56,129,93,31,18,8,117,81,23,130,98,94,99" hai3="62,0,6,24,126,15,17,79,37,3,113,46,109"/><T20/><D118/><U57/><E120/><V90/><F117/><W22/><G109/><T131/><D124/><U36/><E36/><V86/><F31/><W64/><G126/><T134/><D91/><U103/><E68/><V66/><F8/><W83/><G113/><T135/><D5/><U33/><E11/><V65/><F130/><N who="0" m="49706" /><D102/><U19/><E89/><V7/><F7/><W112/><G112/><T74/><D104/><U121/><E121/><V26/><F129/><W105/><G105/><T1/><D1/><U123/><E123/><V110/><F110/><W14/><G24/><T2/><D20/><U76/><E76/><V35/><F35/><W82/><G79/><T16/><D16/><U10/><E33/><V108/><F108/><W96/><G96/><T119/><D2/><U127/><E127/><V58/><F99/><W54/><G0/><T111/><D119/><U69/><E69/><V12/><F12/><W72/><G72/><T45/><D111/><U9/><E9/><V4/><F4/><W28/><G28/><T73/><D73/><U30/><E30/><V32/><F32/><W29/><G29/><T41/><D45/><U49/><E38/><V44/><F44/><W71/><G3/><T115/><D115/><U48/><E48/><V95/><REACH who="2" step="1"/><F98/><REACH who="2" ten="402,143,289,156" step="2"/><W39/><G6/><T21/><D21/><N who="1" m="13503" /><E10/><V92/><N who="2" m="23552" /><DORA hai="132" /><V84/><F84/><N who="1" m="32329" /><E97/><V88/><F88/><W70/><G14/><T13/><D13/><U75/><E75/><V106/><F106/><W125/><G15/><T133/><D133/><U34/><E34/><V107/><F107/><RYUUKYOKU ba="0,1" sc="402,10,143,10,289,10,156,-30" hai0="40,41,42,59,60,74,78,80,134,135" hai1="43,47,49,52,57,63,103" hai2="18,23,26,56,58,65,66,81,86,90" /><INIT seed="4,1,1,2,3,58" ten="412,153,299,126" oya="0" hai0="64,7,65,83,105,5,2,100,29,111,95,12,18" hai1="85,130,102,23,125,20,98,135,50,10,38,89,132" hai2="67,25,41,114,42,76,106,0,39,112,70,126,101" hai3="134,133,21,43,31,52,19,32,56,81,117,13,90"/><T73/><D105/><U49/><E38/><V75/><F0/><W48/><G117/><T103/><D29/><U124/><E10/><V37/><F25/><W128/><G43/><T15/><D73/><U131/><E85/><V16/><F101/><W9/><G128/><N who="1" m="49194" /><E89/><V54/><F106/><W122/><G122/><T118/><D83/><U61/><E98/><V108/><F108/><W116/><G116/><T107/><D95/><U33/><E102/><V68/><F76/><W77/><G32/><T96/><D96/><U28/><E61/><N who="2" m="40047" /><F75/><W35/><G35/><T22/><D2/><U6/><E6/><V44/><F16/><W46/><G90/><T51/><D18/><U104/><E104/><V88/><F88/><W127/><G127/><N who="1" m="48714" /><E49/><N who="2" m="28967" /><F70/><W26/><REACH who="3" step="1"/><G46/><REACH who="3" ten="412,153,299,116" step="2"/><T11/><D100/><U86/><E33/><V55/><F126/><W30/><G30/><T36/><D103/><U71/><E28/><V27/><F41/><W94/><G94/><T1/><D107/><U93/><E93/><V78/><F42/><W17/><G17/><T57/><D118/><U72/><E72/><AGARI ba="1,2" hai="9,13,19,21,26,31,48,52,56,72,77,81,133,134" machi="72" ten="40,5200,0" yaku="1,1,54,1,53,1" doraHai="58" doraHaiUra="79" who="3" fromWho="1" sc="412,0,153,-55,299,0,116,75" /><INIT seed="5,0,0,3,4,61" ten="412,98,299,191" oya="1" hai0="116,71,21,107,7,122,100,27,119,46,106,109,124" hai1="93,99,70,12,19,102,104,10,17,11,49,16,108" hai2="40,72,101,88,132,55,68,117,94,28,87,133,92" hai3="37,97,63,67,85,14,121,96,118,1,114,60,53"/><U130/><E130/><V66/><F117/><W128/><G121/><T25/><D109/><U6/><E108/><V8/><F72/><W2/><G37/><T22/><D100/><U15/><E70/><V30/><F40/><W64/><G128/><T126/><D7/><U65/><E104/><V98/><F55/><W110/><G110/><T31/><D46/><U112/><E112/><V86/><F8/><W120/><G120/><T36/><D122/><U78/><E78/><V75/><F75/><W103/><G118/><T105/><D36/><U79/><E79/><V91/><F68/><W44/><G85/><T115/><D71/><U125/><E125/><N who="0" m="48233" /><D115/><U62/><REACH who="1" step="1"/><E49/><REACH who="1" ten="412,88,299,191" step="2"/><V76/><F76/><W35/><G114/><T33/><D33/><U29/><E29/><AGARI ba="0,1" hai="21,22,25,27,29,31,105,106,107,116,119" m="48233" machi="29" ten="40,1300,0" yaku="18,1" doraHai="61" who="0" fromWho="1" sc="412,23,88,-13,299,0,191,0" /><INIT seed="6,0,0,5,0,126" ten="435,75,299,191" oya="2" hai0="1,65,55,26,63,116,76,27,40,78,56,84,114" hai1="107,46,100,3,123,102,64,48,82,121,81,97,29" hai2="128,108,109,135,45,67,35,47,80,85,17,122,11" hai3="69,93,71,62,52,8,2,53,113,117,74,10,42"/><V79/><F35/><W125/><G117/><T15/><D1/><U87/><E3/><V9/><F122/><N who="1" m="46601" /><E48/><V19/><F67/><W104/><G104/><T58/><D114/><U36/><E46/><V41/><F135/><W110/><G110/><N who="2" m="42601" /><F128/><W59/><G74/><T75/><D75/><U70/><E29/><V18/><F47/><W28/><G28/><T119/><D40/><U98/><E64/><V101/><F101/><N who="1" m="39017" /><E70/><V61/><F61/><W112/><G42/><T131/><D131/><U68/><E68/><N who="3" m="26186" /><G93/><T0/><D0/><U90/><E36/><AGARI ba="0,0" hai="9,11,17,18,19,36,41,45,79,80,85" m="42601" machi="36" ten="30,1500,0" yaku="10,1" doraHai="126" who="2" fromWho="1" sc="435,0,75,-15,299,15,191,0" /><INIT seed="6,1,0,2,0,11" ten="435,60,314,191" oya="2" hai0="121,75,135,116,33,40,127,1,19,65,52,58,85" hai1="76,42,48,17,13,51,71,119,73,36,23,86,81" hai2="118,110,129,93,112,130,120,49,113,98,95,117,0" hai3="28,44,59,72,108,109,39,8,100,115,22,26,29"/><V133/><F0/><W128/><G72/><T70/><D75/><U132/><E119/><N who="2" m="45579" /><F49/><W107/><G128/><N who="2" m="49257" /><F120/><W67/><G29/><T31/><D121/><U41/><E71/><V97/><F133/><W15/><G107/><T21/><D135/><U134/><E134/><V56/><F56/><W34/><G34/><T66/><D1/><U46/><E132/><V38/><F38/><W99/><G115/><N who="2" m="44105" /><F110/><W62/><G44/><T101/><D116/><U54/><E36/><V88/><F88/><W131/><G39/><T7/><D58/><U87/><E73/><V10/><F10/><W90/><G90/><T84/><D70/><U83/><REACH who="1" step="1"/><E51/><REACH who="1" ten="435,50,314,191" step="2"/><V104/><F104/><W102/><G131/><T61/><D61/><U105/><E105/><V25/><F25/><W80/><G108/><T12/><D65/><U53/><E53/><V125/><F125/><W82/><G109/><T124/><D124/><U50/><E50/><V114/><F114/><W123/><G123/><T60/><D127/><U18/><E18/><V9/><F9/><W55/><G55/><T20/><D52/><U63/><E63/><V68/><F68/><W74/><G8/><T43/><D60/><U5/><E5/><V3/><F3/><W78/><G62/><T91/><D7/><U6/><E6/><V106/><F106/><W126/><G126/><T94/><D66/><U96/><E96/><AGARI ba="1,1" hai="93,95,96,97,98" m="44105,49257,45579" machi="96" ten="40,18000,2" yaku="28,2,19,1,15,1,34,2" doraHai="11" who="2" fromWho="1" sc="435,0,50,-183,314,193,191,0" owari="435,23.5,-133,-63.3,507,60.7,191,-20.9" /></mjloggm>