<mjloggm ver="2.3"><GO type="169" lobby="0"/><UN n0="%E4%B8%83%E8%8D%89%E9%A6%99%E6%BE%84" n1="%E7%B1%B3%E3%81%BC%E3%81%86%E3%82%84%E3%81%8F%E3%82%93" n2="%6E%69%63%6F%6E%74%6F" n3="%E3%82%80%E3%81%97%E6%AD%AF" dan="16,16,16,17" rate="2171.44,2170.06,2134.61,2163.91" sx="F,M,M,M"/><TAIKYOKU oya="0"/><INIT seed="0,0,0,5,5,72" ten="250,250,250,250" oya="0" hai0="120,52,110,43,68,87,79,82,11,18,127,94,100" hai1="21,24,113,86,8,29,2,5,114,37,49,9,85" hai2="38,78,80,30,41,98,35,42,131,27,118,134,103" hai3="15,76,16,10,59,75,106,54,135,58,97,3,61"/><T70/><D120/><U53/><E37/><V107/><F131/><W48/><G135/><T96/><D127/><U1/><E1/><V105/><F134/><W63/><G3/><T39/><D110/><U44/><REACH who="1" step="1"/><E9/><REACH who="1" ten="250,240,250,250" step="2"/><V84/><F118/><W23/><G10/><T56/><D39/><U66/><E66/><V108/><F108/><W26/><G15/><T4/><D43/><U25/><E25/><V111/><F111/><W33/><G33/><T47/><D47/><U109/><E109/><V69/><F38/><W32/><G32/><T123/><D123/><U6/><E6/><V34/><F34/><W73/><G48/><T112/><D112/><AGARI ba="0,1" hai="2,5,8,21,24,29,44,49,53,85,86,112,113,114" machi="112" ten="40,2600,0" yaku="1,1,11,1,53,0" doraHai="72" doraHaiUra="31" who="1" fromWho="0" sc="250,-26,240,36,250,0,250,0" /><INIT seed="1,0,0,3,1,1" ten="224,276,250,250" oya="1" hai0="37,78,95,79,119,87,99,58,74,26,128,112,101" hai1="91,33,32,83,85,60,29,56,92,28,53,96,90" hai2="64,68,47,122,20,21,9,39,54,84,71,124,44" hai3="51,46,55,130,115,7,93,81,40,70,5,104,61"/><U69/><REACH who="1" step="1"/><E69/><REACH who="1" ten="224,266,250,250" step="2"/><V49/><F68/><W111/><G115/><T31/><D112/><U73/><E73/><V131/><F71/><W35/><G70/><T23/><D74/><U36/><E36/><V27/><F39/><W52/><G111/><T117/><D37/><U107/><E107/><V13/><F122/><W113/><G113/><T62/><D128/><U4/><E4/><N who="3" m="1610" /><G104/><T12/><D12/><U133/><E133/><V108/><F131/><W72/><G130/><T89/><D119/><U50/><E50/><V129/><F129/><W6/><G6/><T134/><D117/><U98/><E98/><V76/><F108/><W11/><G72/><T63/><D134/><U30/><AGARI ba="0,1" hai="28,29,30,32,33,53,56,60,83,85,90,91,92,96" machi="30" ten="30,6000,0" yaku="21,2,0,1,53,0" doraHai="1" doraHaiUra="110" who="1" fromWho="1" sc="224,-20,266,70,250,-20,250,-20" /><INIT seed="1,1,0,2,2,65" ten="204,336,230,230" oya="1" hai0="50,83,100,32,45,28,87,124,84,38,103,55,58" hai1="71,75,19,39,53,126,48,47,89,106,115,131,134" hai2="49,64,6,123,40,23,2,24,129,21,11,120,42" hai3="18,93,81,5,0,10,114,74,16,36,43,95,122"/><U97/><E115/><V60/><F129/><W44/><G114/><T63/><D124/><U113/><E113/><V29/><F23/><W7/><G122/><T118/><D118/><U82/><E131/><V34/><F21/><W127/><G127/><T128/><D128/><U133/><E126/><V61/><F61/><W77/><G7/><T13/><D38/><U12/><E39/><V116/><F116/><W96/><G95/><T37/><D37/><U72/><E71/><V68/><REACH who="2" step="1"/><F49/><REACH who="2" ten="204,336,220,230" step="2"/><W4/><REACH who="3" step="1"/><G5/><REACH who="3" ten="204,336,220,220" step="2"/><T104/><D63/><U105/><E134/><V35/><F35/><W119/><G119/><T79/><D32/><U107/><E133/><V78/><F78/><W108/><G108/><T86/><D79/><U46/><E107/><V25/><F25/><W101/><AGARI ba="1,2" hai="0,4,10,16,18,36,43,44,74,77,81,93,96,101" machi="101" ten="20,12000,2" yaku="1,1,0,1,7,1,25,2,54,1,53,0" doraHai="65" doraHaiUra="54" who="3" fromWho="3" sc="204,-31,336,-61,220,-31,220,143" /><INIT seed="2,0,0,1,2,19" ten="173,275,189,363" oya="2" hai0="132,72,27,90,122,16,44,51,104,106,10,7,96" hai1="84,32,126,100,87,69,42,113,63,125,86,99,73" hai2="105,79,58,54,77,9,112,25,31,135,70,56,28" hai3="48,57,80,133,107,61,39,55,108,128,95,91,45"/><V43/><F112/><W18/><G108/><T127/><D122/><U50/><E113/><V116/><F116/><W123/><G123/><T30/><D127/><N who="1" m="48651" /><E73/><V37/><F105/><W83/><G128/><T26/><D72/><U22/><E32/><V117/><F117/><W2/><G133/><T41/><D132/><U129/><E129/><V88/><F135/><W94/><G107/><T59/><D59/><U111/><E111/><V29/><F70/><W98/><G2/><T110/><D110/><U109/><E109/><V97/><F37/><W118/><G118/><T35/><D90/><U0/><E0/><V103/><F43/><W62/><G62/><T17/><D96/><U134/><E134/><V15/><F103/><W1/><G1/><T14/><REACH who="0" step="1"/><D7/><REACH who="0" ten="163,275,189,363" step="2"/><U93/><E99/><V38/><F58/><W64/><G91/><T53/><D53/><U46/><E87/><V49/><F38/><W6/><G6/><T81/><D81/><U33/><E86/><V71/><F71/><W67/><G39/><T5/><D5/><U3/><E84/><V68/><F68/><W65/><G98/><T66/><D66/><N who="3" m="25705" /><G83/><T120/><D120/><U89/><E89/><V8/><F79/><W23/><G80/><T102/><D102/><U78/><E78/><V40/><F77/><W119/><G119/><T131/><D131/><U130/><E130/><V101/><F101/><W124/><G124/><T82/><D82/><U4/><E69/><V20/><F88/><W76/><G76/><T47/><D47/><U52/><E100/><V92/><F97/><W114/><G114/><RYUUKYOKU ba="0,1" sc="163,15,275,-15,189,-15,363,15" hai0="10,14,16,17,26,27,30,35,41,44,51,104,106" hai3="18,23,45,48,55,57,61,67,94,95" /><INIT seed="3,1,1,3,1,6" ten="178,260,174,378" oya="3" hai0="99,54,7,94,3,86,2,95,36,55,77,4,131" hai1="104,60,45,65,46,127,44,27,78,101,71,28,66" hai2="16,62,19,53,10,40,64,8,111,107,125,109,68" hai3="108,132,48,126,75,22,87,115,30,118,116,34,124"/><W106/><G115/><T18/><D36/><U35/><E66/><V43/><F107/><W102/><G75/><T112/><D86/><U63/><E63/><V41/><F53/><W32/><G132/><T103/><D18/><N who="2" m="6698" /><F125/><N who="3" m="48235" /><G87/><T42/><D42/><N who="2" m="10754" /><V61/><DORA hai="21" /><F61/><W51/><G108/><AGARI ba="1,1" hai="8,10,62,64,68,108,109,111" m="10754,6698" machi="108" ten="40,8000,1" yaku="14,1,52,2,54,1" doraHai="6,21" who="2" fromWho="3" sc="178,0,260,0,174,93,378,-83" /><INIT seed="4,0,0,1,1,71" ten="178,260,267,295" oya="0" hai0="70,56,112,88,127,11,105,135,9,122,80,81,125" hai1="23,126,24,52,55,110,32,46,0,29,34,54,82" hai2="132,117,79,114,3,78,43,65,21,37,48,83,31" hai3="36,59,98,8,1,15,131,134,27,75,95,129,6"/><T118/><D70/><U74/><E110/><V2/><F114/><W102/><G75/><T119/><D56/><U93/><E0/><V68/><F132/><W97/><G134/><T51/><D135/><U84/><E126/><N who="0" m="48137" /><D51/><U42/><E93/><V100/><F100/><W107/><G36/><T62/><D62/><U106/><E106/><V130/><F48/><W50/><G1/><T40/><D40/><U67/><E67/><V99/><F99/><W30/><G50/><T128/><D122/><U39/><REACH who="1" step="1"/><E74/><REACH who="1" ten="178,250,267,295" step="2"/><V103/><F65/><W41/><G95/><T101/><D105/><U85/><E85/><V18/><F3/><W5/><G107/><T89/><D112/><U16/><E16/><V10/><F2/><W28/><G98/><T17/><D17/><U14/><E14/><V25/><F18/><W66/><G15/><T92/><D92/><U94/><E94/><V115/><F115/><W108/><G97/><T60/><D101/><U19/><E19/><V49/><F103/><W116/><G108/><T53/><D119/><U64/><E64/><V124/><F117/><W4/><G66/><T33/><D118/><U96/><E96/><V69/><F124/><W20/><G102/><T35/><D81/><U57/><E57/><V77/><F83/><W104/><G59/><N who="0" m="34927" /><D80/><U13/><E13/><V38/><F69/><W12/><G116/><T90/><D128/><U86/><E86/><V76/><F130/><W72/><G104/><T109/><D109/><U87/><E87/><V47/><N who="2" m="19456" /><DORA hai="133" /><V58/><F68/><W111/><G111/><T61/><D61/><RYUUKYOKU ba="0,1" sc="178,15,250,15,267,-15,295,-15" hai0="9,11,33,35,88,89,90" hai1="23,24,29,32,34,39,42,46,52,54,55,82,84" /><INIT seed="4,1,1,1,0,125" ten="193,265,252,280" oya="0" hai0="67,11,73,106,13,18,123,60,34,71,27,135,69" hai1="8,35,133,5,26,25,105,62,15,94,116,32,54" hai2="100,131,77,37,48,39,118,14,22,17,86,76,51" hai3="2,132,127,16,66,68,7,3,108,4,21,96,95"/><T42/><D123/><U78/><E105/><V44/><F118/><W47/><G108/><T55/><D135/><U130/><E116/><V38/><F131/><W99/><G132/><T79/><D42/><U31/><E133/><V91/><F100/><W84/><G127/><T53/><D71/><U121/><E78/><V101/><F101/><W103/><G68/><T72/><D106/><U6/><E94/><V74/><F74/><W19/><G66/><T83/><REACH who="0" step="1"/><D73/><REACH who="0" ten="183,265,252,280" step="2"/><U61/><E121/><V87/><F87/><W56/><G103/><T117/><D117/><U111/><E111/><V65/><F65/><W28/><G84/><T40/><D40/><U89/><E54/><V104/><F104/><W134/><G134/><T82/><D82/><U70/><E70/><V45/><F45/><W126/><G47/><T36/><D36/><U120/><E120/><V24/><F44/><W23/><G126/><T115/><D115/><U0/><E130/><V122/><F122/><W59/><G95/><T112/><D112/><U107/><E107/><V102/><F39/><W63/><G99/><T58/><D58/><U1/><E0/><V12/><F38/><W93/><G93/><T97/><D97/><U110/><E110/><V119/><F37/><W9/><G96/><T81/><D81/><U43/><E43/><V92/><F119/><W49/><G2/><T30/><AGARI ba="1,2" hai="11,13,18,27,30,34,53,55,60,67,69,72,79,83" machi="30" ten="30,3000,0" yaku="1,1,0,1,53,0" doraHai="125" doraHaiUra="98" who="0" fromWho="0" sc="183,53,265,-11,252,-11,280,-11" /><INIT seed="4,2,0,3,2,12" ten="236,254,241,269" oya="0" hai0="41,125,34,113,52,28,93,83,20,35,51,2,4" hai1="33,92,60,77,127,81,95,115,79,107,24,78,67" hai2="123,132,124,53,82,70,69,30,84,14,71,13,85" hai3="118,117,61,65,45,89,39,130,58,111,106,8,21"/><T1/><D113/><U36/><E107/><V25/><F123/><W121/><G111/><T104/><D104/><U59/><E36/><V86/><F132/><W40/><G106/><T50/><D125/><U43/><E43/><V27/><F124/><W38/><G121/><T29/><D93/><U73/><E127/><V11/><F82/><W49/><G130/><T6/><D41/><U37/><E37/><V128/><F128/><W116/><G8/><T110/><D20/><U9/><E115/><V108/><F108/><W122/><G122/><T131/><D131/><U68/><E68/><V10/><F53/><W48/><G89/><T44/><D110/><U26/><E79/><V16/><REACH who="2" step="1"/><F30/><REACH who="2" ten="236,254,231,269" step="2"/><W105/><G118/><T129/><D129/><U119/><E81/><V94/><F94/><W18/><G105/><T135/><D83/><U0/><E95/><V66/><F66/><W103/><G117/><T133/><D44/><U72/><E119/><V74/><F74/><W88/><G116/><T54/><AGARI ba="2,1" hai="1,2,4,6,28,29,34,35,50,51,52,54,133,135" machi="54" ten="25,9600,0" yaku="0,1,22,2,54,1" doraHai="12" who="0" fromWho="0" sc="236,112,254,-34,231,-34,269,-34" /><INIT seed="4,3,0,2,1,99" ten="348,220,197,235" oya="0" hai0="132,21,71,73,44,46,80,1,29,5,119,115,81" hai1="98,91,9,94,78,102,31,114,131,95,87,124,50" hai2="16,129,32,133,127,55,86,76,123,34,27,37,96" hai3="33,22,26,130,74,2,70,4,110,92,25,39,85"/><T0/><D119/><U107/><E131/><V104/><F123/><W83/><G110/><T126/><D71/><U75/><E31/><V97/><F129/><W64/><G39/><T11/><D115/><U38/><E38/><V128/><F128/><W35/><G74/><T60/><D132/><U84/><E50/><V117/><F117/><W56/><G70/><T7/><D60/><U77/><E9/><V62/><F133/><W135/><G4/><T100/><D126/><U103/><E124/><V53/><F37/><W15/><G2/><T6/><D73/><U90/><E114/><V51/><F127/><W52/><G64/><T36/><D36/><U12/><E12/><V125/><F125/><W10/><G10/><T41/><D41/><U106/><E75/><V59/><F34/><W24/><G130/><T43/><D43/><U111/><E98/><V89/><F32/><W13/><G92/><T63/><D63/><U69/><E69/><V17/><F76/><W68/><G68/><T58/><D58/><U54/><E54/><V61/><F104/><W57/><G57/><T28/><D7/><U88/><E91/><V134/><F134/><W82/><G135/><T113/><D113/><U19/><E19/><N who="2" m="7243" /><F27/><N who="3" m="10315" /><G35/><T101/><D11/><U118/><E111/><V3/><F3/><W18/><G33/><T105/><D105/><U65/><E65/><N who="2" m="39103" /><F62/><N who="3" m="36103" /><G83/><T108/><D108/><U42/><E42/><V49/><F49/><W23/><G23/><AGARI ba="3,0" hai="0,1,5,6,21,23,28,29,44,46,80,81,100,101" machi="23" ten="25,9600,0" yaku="22,2,52,2" doraHai="99" who="0" fromWho="3" sc="348,105,220,0,197,0,235,-105" /><INIT seed="4,4,0,1,5,93" ten="453,220,197,130" oya="0" hai0="119,2,98,112,51,33,81,58,12,74,129,0,85" hai1="82,19,116,110,90,48,62,37,121,117,20,6,25" hai2="65,103,49,3,38,109,32,1,44,75,5,70,67" hai3="40,126,30,59,101,55,11,17,95,96,78,28,105"/><T71/><D119/><U64/><E110/><V47/><F109/><W56/><G126/><T66/><D112/><U45/><E121/><V91/><F32/><W39/><G78/><T99/><D74/><U122/><E122/><V135/><F135/><W41/><G59/><T34/><D71/><U7/><E37/><V89/><F75/><W73/><G73/><T123/><D123/><U57/><E117/><V72/><F72/><W94/><G105/><T35/><D129/><U104/><E104/><V16/><F38/><W106/><G106/><T79/><D12/><U60/><E60/><V18/><F103/><W120/><G120/><T52/><REACH who="0" step="1"/><D66/><REACH who="0" ten="443,220,197,130" step="2"/><U68/><E68/><V118/><F70/><W23/><G39/><T24/><D24/><U46/><E116/><V114/><F118/><W4/><G30/><T108/><D108/><U100/><E25/><V133/><F114/><W10/><G28/><T22/><D22/><U36/><E20/><V15/><F133/><W130/><G130/><T9/><D9/><U87/><E64/><V113/><F15/><N who="3" m="5575" /><G11/><T128/><D128/><U125/><E36/><V124/><F113/><W97/><G23/><T31/><D31/><U92/><E6/><V54/><F5/><W26/><G26/><T8/><D8/><U115/><E7/><V63/><F67/><W111/><G111/><T77/><D77/><U132/><E132/><V14/><F65/><W127/><G17/><T29/><D29/><U53/><E19/><V107/><F14/><W69/><G69/><T102/><D102/><U27/><E115/><V42/><F124/><RYUUKYOKU ba="4,1" sc="443,30,220,-10,197,-10,130,-10" hai0="0,2,33,34,35,51,52,58,79,81,85,98,99" /><INIT seed="4,5,1,5,4,128" ten="473,210,187,120" oya="0" hai0="43,82,114,56,69,81,26,45,36,107,67,80,72" hai1="78,122,90,34,79,113,121,71,115,70,86,116,126" hai2="117,47,124,61,19,123,84,112,73,46,98,64,28" hai3="8,77,106,68,125,6,32,96,51,66,33,100,41"/><T1/><D107/><U130/><E34/><V52/><F123/><N who="1" m="47113" /><E130/><V88/><F73/><W20/><G125/><T40/><D69/><N who="1" m="26123" /><E116/><V99/><F112/><N who="1" m="43081" /><E126/><V109/><F124/><W3/><G20/><T18/><D114/><U13/><E13/><V111/><F117/><W5/><G5/><T63/><D1/><U97/><E97/><N who="2" m="36875" /><F111/><W31/><G33/><T87/><D72/><U76/><E76/><V83/><F109/><W49/><G77/><T129/><D129/><U54/><E54/><V30/><F19/><W95/><G95/><AGARI ba="5,1" hai="78,79,86,90,95" m="43081,26123,47113" machi="95" ten="40,2600,0" yaku="15,1,11,1" doraHai="128" who="1" fromWho="3" sc="473,0,210,51,187,0,120,-41" /><INIT seed="5,0,0,4,2,83" ten="473,261,187,79" oya="1" hai0="82,63,75,67,127,3,48,60,1,16,39,33,34" hai1="15,115,114,0,111,93,27,29,77,46,35,7,104" hai2="40,68,90,101,107,69,84,117,81,52,18,118,109" hai3="131,73,10,14,50,135,100,96,78,26,95,105,28"/><U122/><E122/><V55/><F109/><W38/><G38/><T87/><D39/><U132/><E104/><V11/><F69/><W53/><G131/><T5/><D75/><U22/><E111/><V91/><F68/><W113/><G113/><N who="1" m="43018" /><E77/><V41/><F91/><W4/><G135/><T17/><D48/><U98/><E132/><V24/><F41/><W85/><G73/><T23/><D127/><U102/><E46/><V25/><F40/><W8/><G8/><T47/><D47/><U70/><E70/><V37/><F37/><W64/><G64/><T51/><D67/><U65/><E65/><V124/><F124/><W36/><G36/><T57/><D57/><U86/><E0/><V112/><F112/><W43/><G43/><T9/><D1/><U123/><E123/><V80/><F25/><W66/><G66/><T79/><D3/><U31/><E29/><V97/><F81/><N who="3" m="47287" /><G105/><T116/><D79/><U62/><E62/><V6/><F6/><W103/><G103/><T119/><D63/><U129/><E129/><V61/><F61/><W20/><G50/><T32/><D60/><U110/><E110/><V30/><F30/><W58/><G58/><T76/><D51/><U120/><E120/><V106/><F106/><W88/><G100/><T56/><D56/><U89/><E7/><V45/><F45/><W121/><G121/><T59/><D59/><U54/><E54/><AGARI ba="0,0" hai="4,10,14,20,26,28,53,54,88,95,96" m="47287" machi="54" ten="30,3900,0" yaku="8,1,52,1,54,1" doraHai="83" who="3" fromWho="1" sc="473,0,261,-39,187,0,79,39" /><INIT seed="6,0,0,1,2,108" ten="473,222,187,118" oya="2" hai0="15,11,131,43,59,91,73,116,52,60,101,113,92" hai1="128,1,105,17,48,62,86,35,53,67,121,82,38" hai2="14,32,77,125,79,51,55,0,58,100,33,72,114" hai3="42,126,24,89,123,97,63,61,78,106,41,74,65"/><V34/><F0/><W110/><G110/><T19/><D113/><U119/><E38/><V129/><F129/><W8/><G123/><T80/><D131/><U118/><E105/><V94/><F125/><W39/><G126/><T18/><D116/><U117/><E128/><V4/><F72/><W96/><G106/><T87/><D43/><U115/><E115/><V70/><F70/><W21/><G63/><T37/><D37/><U132/><E35/><V134/><F134/><W103/><G103/><T45/><D45/><U22/><E1/><V127/><F127/><W71/><G8/><T27/><D73/><U99/><E99/><V12/><F114/><W49/><G39/><T90/><D101/><U83/><E121/><V36/><F36/><W85/><G78/><N who="0" m="46487" /><D92/><U64/><E132/><V68/><F68/><W112/><G74/><T47/><D47/><U6/><E83/><V30/><F30/><W122/><G122/><T9/><D9/><U69/><E82/><V2/><F2/><W81/><G112/><T98/><D98/><U29/><E29/><V7/><F94/><W66/><G66/><T57/><D59/><U31/><E69/><V25/><F100/><W54/><G97/><T88/><D27/><U28/><E119/><V76/><REACH who="2" step="1"/><F25/><REACH who="2" ten="473,222,177,118" step="2"/><W20/><G96/><T10/><D15/><AGARI ba="0,1" hai="4,7,12,14,15,32,33,34,51,55,58,76,77,79" machi="15" ten="50,4800,0" yaku="1,1,2,1,53,0" doraHai="108" doraHaiUra="56" who="2" fromWho="0" sc="473,-48,222,0,177,58,118,0" /><INIT seed="6,1,0,0,1,74" ten="425,222,235,118" oya="2" hai0="17,120,53,11,42,129,131,31,21,82,76,98,0" hai1="44,30,122,110,38,72,12,125,36,65,62,7,47" hai2="81,52,75,25,115,40,80,59,85,61,77,134,1" hai3="126,109,9,107,24,58,100,60,35,132,43,13,22"/><V84/><F134/><W92/><G109/><T3/><D120/><U69/><E110/><V39/><F115/><W46/><G107/><T123/><D123/><U23/><E122/><V32/><F1/><W6/><G126/><T55/><D42/><U33/><E72/><V117/><F117/><W78/><G132/><T49/><D31/><U64/><E33/><V5/><F5/><W50/><G35/><T15/><D98/><U86/><E86/><V113/><F113/><W104/><G104/><T106/><D106/><U63/><E30/><V97/><F97/><W105/><G105/><T130/><D11/><U8/><E23/><V94/><F94/><W102/><G92/><T71/><D71/><U70/><E125/><V2/><F2/><N who="0" m="554" /><D49/><U14/><E8/><V119/><F119/><W34/><G34/><T67/><D67/><U127/><E127/><V83/><F83/><W73/><G73/><AGARI ba="1,0" hai="15,17,21,53,55,73,76,82,129,130,131" m="554" machi="73" ten="40,2600,0" yaku="19,1,52,1" doraHai="74" who="0" fromWho="3" sc="425,29,222,0,235,0,118,-29" /><INIT seed="7,0,0,1,4,31" ten="454,222,235,89" oya="3" hai0="35,113,83,78,18,7,33,24,90,85,27,54,119" hai1="104,49,134,76,120,97,70,75,52,16,38,109,19" hai2="95,21,99,48,58,43,106,45,115,12,65,14,100" hai3="28,0,133,40,91,63,89,116,47,57,50,25,39"/><W59/><G116/><T26/><D119/><U68/><E109/><V129/><F106/><W8/><G133/><T66/><D66/><U3/><E120/><V101/><F129/><W123/><G123/><T80/><D7/><U22/><E38/><V103/><F115/><W56/><G39/><T15/><D113/><U102/><E3/><V41/><F41/><W82/><G63/><T61/><D61/><U135/><E76/><V96/><F96/><W98/><G82/><T122/><D54/><U118/><E75/><V77/><F77/><W79/><G79/><T73/><REACH who="0" step="1"/><D122/><REACH who="0" ten="444,222,235,89" step="2"/><U32/><E118/><V55/><F65/><W10/><G98/><T86/><D86/><U107/><E32/><V71/><F71/><W125/><G125/><T84/><D84/><U2/><E2/><V131/><F131/><W69/><G69/><N who="1" m="26730" /><E22/><AGARI ba="0,1" hai="15,18,22,24,26,27,33,35,73,78,80,83,85,90" machi="22" ten="40,8000,1" yaku="1,1,52,2,53,1" doraHai="31" doraHaiUra="105" who="0" fromWho="1" sc="444,90,222,-80,235,0,89,0" owari="534,63.4,142,-25.8,235,3.5,89,-41.1" /></mjloggm>