<mjloggm ver="2.3"><GO type="169" lobby="0"/><UN n0="%E5%8D%97%E5%B8%9D%E5%8D%97%E6%B5%A6" n1="%E3%83%AD%E3%83%83%E3%83%86%E9%9B%80%E7%90%83" n2="%E5%AE%88%E6%9D%91%E6%A1%9C%E5%BC%A5" n3="%E2%97%8E%E3%82%88%E3%81%97%E2%97%8E" dan="17,17,17,17" rate="2216.43,2185.89,2163.42,2170.61" sx="M,M,M,M"/><TAIKYOKU oya="0"/><INIT seed="0,0,0,4,2,59" ten="250,250,250,250" oya="0" hai0="64,18,47,23,6,60,134,109,24,63,65,121,93" hai1="2,92,76,12,108,100,91,31,84,34,62,107,3" hai2="66,19,83,110,26,128,118,114,16,125,0,53,111" hai3="124,90,102,51,5,106,69,33,25,87,119,68,74"/><T89/><D121/><U96/><E108/><N who="2" m="41515" /><F114/><W41/><G74/><T101/><D134/><U48/><E48/><V46/><F125/><W21/><G119/><T22/><D109/><U135/><E135/><V122/><F122/><W67/><G33/><T7/><D101/><U49/><E49/><N who="2" m="28855" /><F0/><W98/><G5/><T80/><D80/><U130/><E130/><V27/><F128/><W95/><G124/><T94/><D94/><BYE who="0" /><UN n0="%E5%8D%97%E5%B8%9D%E5%8D%97%E6%B5%A6" /><U70/><E12/><V42/><F42/><W103/><G103/><T56/><D23/><U126/><E76/><V131/><F131/><W71/><G51/><T37/><D47/><U104/><E104/><V36/><F36/><W78/><G41/><T85/><REACH who="0" step="1"/><D37/><REACH who="0" ten="240,250,250,250" step="2"/><U117/><E126/><V127/><F127/><W72/><G72/><T73/><D73/><U32/><E32/><V20/><F118/><W123/><G123/><T86/><D86/><U113/><E117/><V28/><F83/><W81/><G106/><T4/><D4/><U29/><E113/><V14/><F26/><W75/><G75/><T15/><D15/><U43/><E34/><V10/><F14/><W30/><REACH who="3" step="1"/><G102/><REACH who="3" ten="240,250,250,240" step="2"/><T52/><D52/><U115/><E115/><V116/><F116/><W97/><G97/><T50/><D50/><U105/><E105/><V57/><F20/><W129/><G129/><T35/><D35/><U38/><E38/><V54/><F54/><W82/><G82/><T39/><D39/><U17/><E107/><V55/><F55/><W8/><G8/><T1/><D1/><N who="1" m="11" /><E100/><V58/><F10/><W13/><G13/><T44/><D44/><RYUUKYOKU ba="0,2" sc="240,15,250,-15,250,-15,240,15" hai0="6,7,18,22,24,56,60,63,64,65,85,89,93" hai3="21,25,30,67,68,69,71,78,81,87,90,95,98" /><INIT seed="0,1,2,0,1,20" ten="255,235,235,255" oya="0" hai0="10,92,82,25,87,0,121,88,77,31,13,109,1" hai1="46,122,132,91,16,41,24,84,103,47,43,104,56" hai2="30,93,89,4,67,135,6,116,76,72,90,64,127" hai3="106,39,44,36,21,133,111,66,80,86,83,45,118"/><T70/><D121/><U75/><E75/><V134/><F72/><W14/><G106/><T85/><D70/><U94/><E122/><V101/><F76/><N who="3" m="46343" /><G118/><T71/><D71/><U33/><E132/><N who="2" m="50731" /><F116/><W100/><G100/><T59/><BYE who="3" /><D109/><U110/><E110/><V7/><F127/><W18/><G18/><UN n3="%E2%97%8E%E3%82%88%E3%81%97%E2%97%8E" /><T68/><D68/><U27/><E104/><V54/><F54/><W9/><G39/><T28/><D59/><U37/><E103/><V73/><F73/><W34/><G34/><T32/><REACH who="0" step="1"/><D31/><REACH who="0" ten="245,235,235,255" step="2"/><U79/><E56/><V62/><F30/><W65/><G111/><T22/><D22/><U130/><E33/><V98/><F67/><N who="3" m="25611" /><G21/><T99/><D99/><U61/><E130/><V42/><F42/><W50/><G133/><T129/><D129/><U55/><E43/><V96/><F96/><W97/><G97/><T113/><D113/><U123/><E41/><V51/><F51/><W19/><G36/><T35/><D35/><U107/><E37/><V114/><F114/><W60/><G60/><T29/><D29/><U119/><E61/><V131/><F131/><W38/><G38/><T3/><D3/><U49/><E123/><V8/><F8/><W48/><G48/><T108/><D108/><U81/><E119/><V63/><F63/><W52/><G44/><T105/><D105/><U40/><E107/><V125/><F125/><W120/><G120/><T102/><D102/><U5/><E46/><V11/><F11/><W117/><G117/><T23/><D23/><N who="1" m="13415" /><E40/><V58/><AGARI ba="1,3" hai="4,6,7,58,62,64,89,90,93,98,101" m="50731" machi="58" ten="30,1100,0" yaku="20,1" doraHai="20" who="2" fromWho="2" sc="245,-6,235,-4,235,44,255,-4" /><INIT seed="1,0,0,4,3,117" ten="239,231,279,251" oya="1" hai0="94,63,12,2,8,1,25,13,27,120,113,35,96" hai1="131,49,0,45,127,15,70,75,39,48,54,20,44" hai2="101,23,9,22,28,76,51,73,78,68,67,6,40" hai3="55,129,105,4,126,134,133,91,103,33,109,43,102"/><U115/><E0/><N who="0" m="105" /><D63/><U116/><E116/><V31/><F68/><W80/><G105/><T83/><D83/><U56/><E115/><V82/><F101/><W18/><G43/><T128/><D94/><U125/><E131/><V30/><F67/><W81/><G129/><T10/><D96/><U111/><E111/><V19/><F6/><W53/><G109/><T74/><D74/><U89/><E70/><V38/><F38/><W123/><G126/><N who="1" m="48138" /><E75/><V62/><F62/><W57/><G91/><T24/><D128/><U61/><E89/><V124/><F124/><W21/><G57/><T87/><D87/><U34/><E34/><V99/><F99/><W92/><G92/><T32/><D32/><U3/><BYE who="0" /><E3/><V119/><F119/><W72/><G4/><T66/><D66/><UN n0="%E5%8D%97%E5%B8%9D%E5%8D%97%E6%B5%A6" /><U42/><E44/><N who="2" m="25991" /><F73/><W58/><G33/><T106/><D106/><U50/><E39/><V112/><F112/><W114/><G72/><T108/><D35/><U29/><E15/><N who="0" m="5705" /><D113/><U5/><E5/><V90/><F90/><W135/><G114/><T59/><D59/><U17/><E17/><V97/><F97/><W132/><G58/><T69/><D69/><U14/><E14/><N who="2" m="7631" /><F76/><W7/><G135/><T37/><D37/><U60/><E60/><V79/><F79/><W46/><G133/><T93/><D108/><U95/><E95/><V110/><F110/><W52/><G132/><T64/><D64/><U118/><E118/><V71/><F71/><W84/><G134/><T130/><D130/><U122/><E122/><V85/><AGARI ba="0,0" hai="22,23,28,30,31,78,82,85" m="7631,25991" machi="85" ten="30,1100,0" yaku="8,1" doraHai="117" who="2" fromWho="2" sc="239,-3,231,-5,279,11,251,-3" /><INIT seed="2,0,0,0,4,81" ten="236,226,290,248" oya="2" hai0="26,58,78,47,80,45,109,22,41,85,19,5,90" hai1="114,106,131,98,99,103,104,95,132,3,86,117,38" hai2="10,31,119,135,23,129,39,75,40,108,52,46,70" hai3="127,8,92,91,11,112,118,115,36,111,59,34,51"/><V17/><F119/><W130/><G118/><T42/><D109/><U61/><E3/><V83/><F70/><W102/><G36/><T125/><D125/><U1/><E1/><V57/><F108/><W43/><G34/><T29/><D5/><U110/><E38/><V30/><F10/><N who="3" m="3627" /><G102/><T63/><D29/><U55/><E110/><V133/><F129/><W21/><G111/><T89/><D45/><U25/><E114/><N who="3" m="43562" /><G21/><T7/><D7/><U2/><E132/><N who="2" m="50763" /><F75/><W71/><G71/><T65/><REACH who="0" step="1"/><D42/><REACH who="0" ten="226,226,290,248" step="2"/><U105/><E131/><V54/><F31/><W76/><G130/><T73/><D73/><U69/><E117/><V48/><F30/><W66/><G43/><T93/><D93/><U123/><E95/><V4/><F4/><W134/><G92/><T24/><D24/><U79/><E25/><N who="2" m="14575" /><F83/><W124/><G134/><T64/><D64/><U87/><E106/><V28/><F28/><W16/><G66/><T126/><D126/><U88/><E105/><V9/><F54/><W53/><G127/><T0/><D0/><U62/><E2/><V60/><F39/><AGARI ba="0,1" hai="19,22,26,39,41,47,58,63,65,78,80,85,89,90" machi="39" ten="30,3900,0" yaku="1,1,7,1,52,1,53,0" doraHai="81" doraHaiUra="50" who="0" fromWho="2" sc="226,49,226,0,290,-39,248,0" /><INIT seed="3,0,0,0,0,24" ten="275,226,251,248" oya="3" hai0="71,131,132,93,30,69,15,49,53,6,18,14,51" hai1="82,88,105,133,23,58,104,106,17,98,118,134,47" hai2="9,76,117,125,3,87,64,113,65,60,31,54,135" hai3="79,40,107,45,121,61,7,44,108,36,114,102,38"/><W96/><G121/><T37/><D37/><U34/><E34/><V11/><F117/><W46/><G114/><T85/><D131/><U128/><E128/><V2/><F113/><W29/><G108/><T25/><D132/><U120/><E120/><V122/><F122/><W72/><G38/><T22/><D69/><U5/><E118/><V80/><F135/><W4/><G61/><T75/><D75/><U42/><E5/><V111/><F111/><W27/><G7/><T68/><D68/><U21/><E58/><N who="2" m="34903" /><F3/><W35/><REACH who="3" step="1"/><G4/><REACH who="3" ten="275,226,251,238" step="2"/><T97/><D6/><U43/><E134/><V116/><F116/><W94/><G94/><T57/><D71/><U99/><E133/><V73/><F2/><W26/><G26/><T28/><D49/><U119/><E106/><V130/><F130/><W66/><G66/><T39/><D39/><U101/><E105/><V1/><F1/><W13/><G13/><N who="0" m="4619" /><D85/><U67/><E104/><V55/><F73/><W103/><G103/><AGARI ba="0,1" hai="18,22,25,28,30,51,53,57,93,97,103" m="4619" machi="103" ten="30,3900,0" yaku="8,1,52,2" doraHai="24" who="0" fromWho="3" sc="275,49,226,0,251,0,238,-39" /><INIT seed="4,0,0,3,2,57" ten="324,226,251,199" oya="0" hai0="27,26,117,52,66,33,67,45,124,93,84,9,125" hai1="36,68,85,91,32,69,19,0,99,43,65,30,131" hai2="5,90,76,12,3,105,126,96,41,55,22,6,104" hai3="122,72,115,54,71,58,8,64,103,102,25,16,10"/><T29/><D117/><U132/><E0/><V56/><F126/><N who="0" m="48746" /><D26/><U78/><E132/><V98/><F76/><W1/><G72/><T107/><D107/><U87/><E131/><V70/><F70/><W127/><G127/><T112/><D112/><U128/><E128/><V123/><F41/><W42/><G42/><T20/><D9/><N who="3" m="3689" /><G71/><T28/><D28/><U37/><E19/><V111/><F12/><W38/><G38/><T34/><D93/><U60/><E69/><V92/><F22/><N who="3" m="13511" /><G1/><T75/><D84/><U77/><E99/><V94/><F3/><W44/><G115/><T108/><D75/><U73/><E73/><V4/><F123/><W2/><G2/><T113/><D113/><U121/><E87/><V48/><REACH who="2" step="1"/><F111/><REACH who="2" ten="324,226,241,199" step="2"/><W63/><G122/><T23/><D23/><U100/><E121/><V120/><F120/><W130/><G130/><T59/><D108/><U61/><E78/><V62/><F62/><N who="3" m="36183" /><G44/><T114/><D114/><U46/><E46/><V81/><F81/><W47/><G47/><T14/><D14/><U118/><E43/><V13/><F13/><W17/><G17/><T83/><D83/><U11/><E68/><V135/><F135/><W35/><G35/><N who="0" m="13323" /><D45/><U53/><E32/><V31/><F31/><W74/><G74/><T40/><D40/><U106/><E36/><V134/><F134/><W97/><G97/><T88/><D20/><U50/><E37/><V129/><F129/><W95/><G95/><T116/><D116/><U110/><E30/><V24/><F24/><W86/><G86/><T109/><D109/><U89/><E110/><RYUUKYOKU ba="0,1" sc="324,-15,226,-15,241,15,199,15" hai2="4,5,6,48,55,56,90,92,94,96,98,104,105" hai3="63,64,102,103" /><INIT seed="5,1,1,2,4,100" ten="309,211,256,214" oya="1" hai0="8,78,88,117,75,65,43,85,50,41,134,25,36" hai1="97,98,70,118,42,10,5,66,27,13,16,14,23" hai2="37,73,58,74,7,15,130,19,49,1,11,120,0" hai3="62,87,59,99,94,69,38,60,17,39,28,79,121"/><U2/><E118/><V22/><F120/><W95/><G121/><T84/><D117/><U20/><E42/><N who="0" m="15881" /><D75/><U46/><E46/><V64/><F37/><W133/><G133/><T12/><D134/><U86/><E2/><V63/><F130/><W129/><G129/><T114/><D114/><U32/><E32/><V18/><F0/><W93/><G69/><T109/><D109/><U6/><E6/><V33/><F33/><W45/><G45/><T124/><D124/><U115/><E115/><V112/><F112/><W119/><G119/><T3/><D3/><U61/><REACH who="1" step="1"/><E86/><REACH who="1" ten="309,201,256,214" step="2"/><V131/><F131/><W92/><G87/><T90/><D84/><U57/><E57/><V30/><F73/><W71/><G59/><T81/><D36/><U105/><E105/><V110/><F74/><W101/><G39/><T102/><D85/><U51/><E51/><V9/><F110/><W53/><G38/><T96/><D50/><U52/><E52/><V24/><REACH who="2" step="1"/><F49/><REACH who="2" ten="309,201,246,214" step="2"/><W128/><G128/><T67/><D78/><U132/><E132/><V116/><F116/><W126/><G79/><T48/><D48/><U54/><E54/><V80/><F80/><W40/><G53/><T111/><D81/><U107/><E107/><V91/><F91/><W122/><G122/><T68/><D88/><U82/><E82/><V125/><F125/><W83/><G126/><T103/><D90/><U31/><AGARI ba="1,3" hai="5,10,13,14,16,20,23,27,31,61,66,70,97,98" machi="31" ten="20,7800,0" yaku="1,1,0,1,7,1,54,1,53,0" doraHai="100" doraHaiUra="47" who="1" fromWho="1" sc="309,-27,201,111,246,-27,214,-27" /><INIT seed="5,2,0,0,4,60" ten="282,312,219,187" oya="1" hai0="134,109,70,103,57,120,86,74,24,119,93,83,127" hai1="97,85,95,56,30,16,91,31,62,68,7,12,132" hai2="22,14,2,115,9,87,49,131,117,123,13,29,100" hai3="73,102,110,96,58,27,67,112,26,89,59,33,0"/><U10/><E132/><V11/><F117/><W40/><G110/><T90/><D24/><U84/><E68/><V48/><F123/><W50/><G0/><T82/><D57/><U39/><E39/><V4/><F131/><W78/><G33/><T75/><D70/><U6/><E31/><V23/><F115/><W105/><G112/><T99/><D119/><U46/><E46/><V111/><F111/><W129/><G129/><T65/><D65/><N who="1" m="39111" /><E30/><V18/><F100/><W124/><G124/><T128/><D120/><U121/><E121/><V17/><F87/><AGARI ba="2,0" hai="6,7,10,12,16,84,85,87,91,95,97" m="39111" machi="87" ten="30,5800,0" yaku="8,1,52,1,54,1" doraHai="60" who="1" fromWho="2" sc="282,0,312,64,219,-64,187,0" /><INIT seed="5,3,0,0,1,107" ten="282,376,155,187" oya="1" hai0="76,47,6,18,50,117,120,123,93,12,16,113,121" hai1="29,73,72,97,68,94,118,36,69,51,108,110,100" hai2="78,99,21,62,130,132,87,105,103,35,104,67,5" hai3="17,128,90,127,126,19,77,83,3,106,15,31,40"/><U45/><E36/><V79/><F35/><W38/><G3/><T13/><D117/><U61/><E29/><V34/><F34/><W24/><G106/><T54/><D113/><U26/><E26/><V75/><F132/><W85/><G128/><T114/><D114/><U9/><E9/><V115/><F115/><W70/><G70/><N who="1" m="27242" /><E61/><V57/><F130/><W42/><G90/><T4/><D76/><U122/><E122/><V119/><F119/><W74/><G85/><T44/><D93/><U135/><E135/><V66/><F105/><W23/><G38/><T81/><D81/><U32/><E32/><V56/><F87/><W82/><G83/><T11/><REACH who="0" step="1"/><D44/><REACH who="0" ten="272,376,155,187" step="2"/><U109/><E118/><V89/><F79/><W49/><G126/><T1/><D1/><U86/><E86/><V116/><F116/><W92/><G127/><T71/><D71/><U10/><E10/><AGARI ba="3,1" hai="4,6,10,11,12,13,16,18,47,50,54,120,121,123" machi="10" ten="40,12000,2" yaku="1,1,9,1,13,1,54,1,53,2" doraHai="107" doraHaiUra="14" who="0" fromWho="1" sc="272,139,376,-129,155,0,187,0" /><INIT seed="6,0,0,4,1,92" ten="411,247,155,187" oya="2" hai0="67,15,18,71,103,68,42,47,22,87,60,135,34" hai1="116,8,117,33,74,75,124,43,99,112,31,54,29" hai2="10,1,66,110,79,109,130,77,70,115,89,35,46" hai3="82,85,37,32,57,19,100,51,28,23,98,125,45"/><V96/><F35/><W123/><G123/><T36/><D135/><U108/><E108/><N who="2" m="41579" /><F115/><W73/><G73/><T95/><D34/><U11/><E124/><V13/><F1/><W16/><G37/><T39/><D39/><U94/><E112/><V62/><F130/><W65/><G32/><T119/><D119/><U131/><E131/><V97/><F46/><W6/><G6/><T64/><D64/><U63/><E43/><V9/><F89/><N who="3" m="51383" /><G125/><T27/><D87/><U69/><E74/><V93/><F93/><N who="3" m="58447" /><G57/><T49/><D36/><U53/><E75/><V24/><F24/><N who="3" m="16415" /><G65/><T128/><D128/><U106/><E106/><V38/><F38/><W86/><G86/><T101/><D95/><U121/><E94/><V41/><F9/><W72/><G72/><T17/><D68/><U78/><E69/><V129/><F129/><W25/><G25/><T56/><D71/><U44/><E8/><AGARI ba="0,0" hai="8,15,17,18,22,27,42,47,49,56,60,67,101,103" machi="8" ten="30,2000,0" yaku="7,1,8,1" doraHai="92" who="0" fromWho="1" sc="411,20,247,-20,155,0,187,0" /><INIT seed="7,0,0,3,0,40" ten="431,227,155,187" oya="3" hai0="39,5,20,29,98,19,103,66,2,86,127,55,110" hai1="97,21,109,114,87,75,65,81,58,63,52,78,10" hai2="74,7,133,50,48,111,61,119,82,124,135,22,12" hai3="71,91,102,104,120,122,121,118,28,57,25,94,38"/><W107/><G118/><T33/><D39/><U62/><E109/><V44/><F111/><W112/><G71/><T77/><D110/><U95/><E114/><V41/><F119/><W68/><G68/><T64/><D127/><U129/><E129/><V15/><F124/><W100/><G112/><T105/><D77/><U117/><E117/><V89/><F61/><W0/><G38/><T35/><D35/><U123/><E123/><V96/><F96/><W106/><G0/><T80/><D80/><BYE who="0" /><UN n0="%E5%8D%97%E5%B8%9D%E5%8D%97%E6%B5%A6" /><U79/><E10/><V76/><F89/><W1/><G1/><T30/><D55/><U70/><E21/><V42/><F22/><W49/><G107/><T125/><D86/><U101/><E75/><V45/><F12/><W37/><G106/><T11/><D125/><U4/><E4/><V88/><F88/><AGARI ba="0,0" hai="52,58,62,63,65,70,78,79,81,87,88,95,97,101" machi="88" ten="30,3900,0" yaku="7,1,54,2" doraHai="40" who="1" fromWho="2" sc="431,0,227,39,155,-39,187,0" owari="431,53.1,266,6.6,116,-38.4,187,-21.3" /></mjloggm>