<mjloggm ver="2.3"><GO type="169" lobby="0"/><UN n0="%E3%81%93%E3%81%94%E3%81%A6%E3%81%83%E3%83%BC" n1="%6F%6B%62%6F%6B%62" n2="%6F%6B%61%62%65%73%68%69" n3="%74%6B%34%32" dan="16,17,17,16" rate="2016.18,2197.77,2198.13,2123.86" sx="M,M,M,M"/><TAIKYOKU oya="0"/><INIT seed="0,0,0,1,1,82" ten="250,250,250,250" oya="0" hai0="112,85,47,49,123,25,97,7,53,73,100,130,51" hai1="56,34,39,14,57,38,66,122,95,116,22,58,61" hai2="121,126,124,69,72,127,81,30,54,27,91,36,18" hai3="2,117,135,70,94,119,106,40,64,71,9,92,60"/><T103/><D112/><U55/><E34/><V77/><F121/><W50/><G135/><T5/><D123/><U32/><E122/><V98/><F36/><W23/><G106/><T62/><D73/><U15/><E32/><V93/><F69/><W75/><G75/><T113/><D130/><U68/><E116/><V4/><F4/><W111/><G111/><T99/><D25/><U83/><E83/><V109/><F109/><W33/><G33/><T10/><D62/><U133/><E133/><V11/><F54/><W105/><G105/><T17/><D17/><U45/><E38/><V6/><F18/><W101/><G2/><T65/><D65/><U21/><E15/><V118/><F118/><W37/><G37/><T13/><D7/><U80/><E80/><V102/><F27/><W41/><G71/><T86/><D51/><U87/><E21/><V90/><REACH who="2" step="1"/><F30/><REACH who="2" ten="250,250,240,250" step="2"/><W132/><G70/><T19/><D5/><U120/><E39/><V0/><AGARI ba="0,1" hai="0,6,11,72,77,81,90,91,93,98,102,124,126,127" machi="0" ten="30,8000,1" yaku="1,1,2,1,0,1,18,1,53,1" doraHai="82" doraHaiUra="96" who="2" fromWho="2" sc="250,-40,250,-20,240,90,250,-20" /><INIT seed="1,0,0,0,4,87" ten="210,230,330,230" oya="1" hai0="85,95,37,75,3,130,128,67,78,43,65,101,124" hai1="46,108,115,23,27,80,111,109,64,70,112,60,82" hai2="6,5,129,104,88,51,89,34,126,31,48,84,125" hai3="117,15,50,90,131,40,116,107,38,57,41,86,52"/><U123/><E46/><V47/><F104/><W68/><G107/><T29/><D3/><U39/><E39/><V114/><F114/><N who="1" m="43561" /><E123/><V97/><F129/><W56/><G131/><T55/><D43/><U77/><E77/><V44/><F34/><W13/><G68/><T28/><D37/><U59/><E70/><V132/><F31/><AGARI ba="0,0" hai="23,27,31,59,60,64,80,82,108,109,111" m="43561" machi="31" ten="40,3900,0" yaku="14,1,10,1" doraHai="87" who="1" fromWho="2" sc="210,0,230,39,330,-39,230,0" /><INIT seed="1,1,0,5,1,119" ten="210,269,291,230" oya="1" hai0="74,50,71,105,42,81,88,131,92,85,21,66,6" hai1="110,115,35,11,53,124,34,10,121,76,127,61,117" hai2="64,134,51,69,94,9,86,84,46,41,89,18,1" hai3="99,104,29,44,5,57,13,83,14,90,63,78,126"/><U113/><E76/><V82/><F134/><W98/><G126/><N who="1" m="48170" /><E61/><V123/><F123/><W122/><G122/><T3/><D131/><U2/><E53/><V72/><F72/><W70/><G70/><T56/><D105/><U135/><E121/><V23/><F69/><W65/><G29/><T79/><D6/><N who="1" m="1367" /><E135/><V43/><F64/><W68/><G68/><T107/><D3/><U91/><E91/><V102/><F1/><W108/><G108/><T16/><D107/><U55/><E55/><V7/><F7/><W67/><G67/><T130/><D130/><U38/><E38/><V48/><F9/><W80/><G44/><T33/><D33/><N who="1" m="12299" /><E117/><V128/><F128/><W24/><G104/><T133/><D133/><U125/><N who="1" m="48178" /><U39/><DORA hai="116" /><E39/><V22/><F102/><W19/><G90/><T118/><D118/><U47/><E47/><N who="2" m="25711" /><F82/><W54/><G83/><T12/><D71/><U4/><E110/><V103/><F103/><W73/><G65/><T97/><D66/><U58/><E58/><V100/><F100/><W77/><G78/><T120/><D120/><U17/><E17/><V75/><F75/><W30/><G19/><T59/><D74/><U36/><E36/><V112/><F18/><W62/><G62/><T49/><D49/><U101/><E101/><V106/><F106/><W15/><G5/><T109/><D109/><U45/><E45/><AGARI ba="1,0" hai="12,16,21,42,45,50,56,59,79,81,85,88,92,97" machi="45" ten="40,5200,0" yaku="8,1,54,2" doraHai="119,116" who="0" fromWho="1" sc="210,55,269,-55,291,0,230,0" /><INIT seed="2,0,0,5,3,85" ten="265,214,291,230" oya="2" hai0="87,31,36,24,59,19,74,16,11,100,72,49,66" hai1="113,41,26,112,110,86,8,46,117,84,15,17,1" hai2="125,99,18,114,27,6,3,116,123,104,134,53,90" hai3="95,102,75,70,91,21,76,12,118,82,10,57,44"/><V48/><F123/><W128/><G118/><T33/><D36/><U55/><E110/><V107/><F116/><W61/><G128/><T5/><D100/><U78/><E117/><V96/><F114/><W35/><G35/><T81/><D72/><U40/><E1/><V47/><F125/><W89/><G70/><T62/><D49/><U29/><E55/><V9/><F134/><W38/><G21/><T14/><REACH who="0" step="1"/><D74/><REACH who="0" ten="255,214,291,230" step="2"/><U94/><E113/><V23/><REACH who="2" step="1"/><F99/><REACH who="2" ten="255,214,281,230" step="2"/><W7/><G38/><T42/><D42/><U63/><E40/><V97/><F97/><N who="3" m="59711" /><G75/><T45/><D45/><U67/><E46/><V34/><F34/><W60/><G44/><T121/><D121/><U20/><E41/><V30/><F30/><W88/><G57/><T111/><D111/><U106/><E112/><V98/><F98/><W58/><G58/><T71/><D71/><U131/><E29/><V28/><F28/><W105/><G105/><T132/><D132/><U22/><E84/><V115/><F115/><W126/><G126/><T43/><D43/><U124/><E86/><V73/><F73/><W80/><G76/><AGARI ba="0,2" hai="5,11,14,16,19,24,31,33,59,62,66,76,81,87" machi="76" ten="30,7700,0" yaku="1,1,7,1,54,1,53,1" doraHai="85" doraHaiUra="4" who="0" fromWho="3" sc="255,97,214,0,281,0,230,-77" /><INIT seed="3,0,0,1,2,108" ten="352,214,281,153" oya="3" hai0="101,42,70,54,116,94,59,84,104,18,57,89,123" hai1="114,105,56,103,3,97,61,34,47,102,71,132,44" hai2="131,39,65,119,17,50,11,21,81,87,0,88,16" hai3="69,76,111,134,31,117,5,38,46,100,23,60,27"/><W124/><G117/><T62/><D123/><U66/><E3/><V2/><F119/><W49/><G111/><T9/><D116/><U128/><E128/><V40/><F39/><W74/><G134/><T22/><D42/><U19/><E132/><V125/><F131/><W37/><G124/><T64/><D9/><U12/><E102/><V73/><F125/><W68/><G100/><T90/><D104/><U67/><E114/><V77/><F65/><W130/><G130/><T96/><D54/><U109/><E109/><V126/><F126/><W43/><G5/><T127/><D127/><U52/><E34/><V26/><F40/><W120/><G120/><T129/><D129/><U92/><E105/><V107/><F107/><W75/><G69/><T118/><D118/><U36/><E36/><V58/><F17/><W4/><G4/><T55/><D84/><U7/><E7/><V121/><F11/><W99/><G99/><T29/><D29/><U110/><E110/><V122/><F50/><W78/><G74/><T32/><D32/><U93/><E93/><N who="2" m="54431" /><F58/><W85/><G75/><T63/><D70/><U83/><E83/><V45/><F45/><N who="1" m="17481" /><E71/><V113/><F113/><W30/><G30/><T72/><D72/><U8/><AGARI ba="0,0" hai="8,12,19,52,56,61,66,67,92,97,103" m="17481" machi="8" ten="30,2000,0" yaku="8,1,54,1" doraHai="108" who="1" fromWho="1" sc="352,-5,214,20,281,-5,153,-10" /><INIT seed="4,0,0,3,0,24" ten="347,234,276,143" oya="0" hai0="38,27,110,57,72,71,8,129,26,83,7,108,74" hai1="54,99,58,28,128,4,33,130,22,44,3,131,94" hai2="82,12,80,122,101,29,68,96,109,60,79,9,6" hai3="17,41,119,88,77,103,10,61,48,112,98,70,0"/><T19/><D71/><U42/><E33/><V43/><F122/><W78/><G119/><T114/><D38/><U92/><E4/><V100/><F109/><N who="0" m="42090" /><D114/><U121/><E3/><V35/><F101/><W47/><G112/><T125/><D125/><U37/><E121/><V111/><F111/><W39/><G39/><T66/><D129/><U23/><E92/><V115/><F115/><W113/><G113/><T20/><D26/><U46/><E46/><V40/><F82/><W2/><G2/><N who="0" m="119" /><D83/><U124/><E124/><V32/><F32/><W67/><G0/><T86/><D86/><U52/><BYE who="0" /><E54/><V5/><F5/><W97/><G103/><T55/><D55/><U95/><E95/><UN n0="%E3%81%93%E3%81%94%E3%81%A6%E3%81%83%E3%83%BC" /><V36/><F36/><W64/><G64/><T107/><D107/><U49/><REACH who="1" step="1"/><E28/><REACH who="1" ten="347,224,276,143" step="2"/><V51/><F35/><W93/><REACH who="3" step="1"/><G98/><REACH who="3" ten="347,224,276,133" step="2"/><T76/><D66/><U53/><E53/><V90/><F96/><W18/><G18/><T75/><D19/><U104/><E104/><V1/><F1/><W102/><G102/><AGARI ba="0,2" hai="22,23,37,42,44,49,52,58,94,99,102,128,130,131" machi="102" ten="40,5200,0" yaku="1,1,19,1,54,1,53,0" doraHai="24" doraHaiUra="116" who="1" fromWho="3" sc="347,0,224,72,276,0,133,-52" /><INIT seed="5,0,0,5,5,25" ten="347,296,276,81" oya="1" hai0="27,134,117,84,128,45,91,127,115,121,42,66,19" hai1="18,85,109,28,94,122,9,22,24,21,92,33,102" hai2="8,69,77,86,112,98,87,88,108,89,105,76,82" hai3="34,63,119,125,4,57,59,106,114,1,131,13,44"/><U64/><E122/><V135/><F69/><W36/><G106/><T111/><D66/><U49/><E109/><V7/><F108/><W83/><G114/><T99/><D45/><U40/><E64/><V70/><F70/><W132/><G131/><T29/><D42/><U38/><E38/><V101/><F135/><W72/><G132/><T53/><D53/><U39/><E39/><V130/><F130/><W104/><G104/><T50/><D50/><U20/><E9/><V93/><REACH who="2" step="1"/><F112/><REACH who="2" ten="347,296,266,81" step="2"/><W0/><G119/><T133/><D117/><U90/><E18/><V23/><F23/><W37/><G34/><T74/><D19/><U81/><REACH who="1" step="1"/><E102/><REACH who="1" ten="347,286,266,81" step="2"/><V116/><F116/><W71/><G125/><T68/><D127/><U31/><E31/><V95/><F95/><W6/><G71/><T97/><D68/><U118/><E118/><V16/><F16/><W113/><G113/><T5/><D29/><U32/><E32/><V52/><F52/><W10/><G37/><T129/><D115/><U54/><E54/><V124/><F124/><W120/><G36/><T79/><D111/><U26/><E26/><V30/><F30/><W110/><G110/><T15/><D27/><U78/><E78/><V61/><F61/><W51/><G120/><T3/><D79/><U62/><E62/><V41/><F41/><W75/><G1/><AGARI ba="0,2" hai="1,7,8,76,77,82,86,87,88,89,93,98,101,105" machi="1" ten="30,3900,0" yaku="1,1,7,1,54,1,53,0" doraHai="25" doraHaiUra="65" who="2" fromWho="3" sc="347,0,286,0,266,59,81,-39" /><INIT seed="6,0,0,2,2,52" ten="347,286,325,42" oya="2" hai0="3,84,121,105,4,16,108,115,113,77,98,90,36" hai1="45,61,21,47,123,118,34,51,103,22,93,60,27" hai2="46,64,94,25,133,53,50,20,114,109,125,49,42" hai3="33,104,38,65,11,41,81,7,63,37,127,5,110"/><V75/><F75/><W130/><G110/><T28/><D108/><U73/><E73/><V26/><F109/><W80/><G130/><T135/><D36/><U55/><E118/><V71/><F125/><W18/><G127/><T32/><D121/><U89/><E103/><V102/><F133/><W43/><G104/><T14/><D77/><U99/><E123/><V128/><F128/><W40/><G33/><T100/><D32/><U82/><E82/><V70/><F114/><N who="0" m="43530" /><D28/><U24/><E34/><V44/><F64/><W12/><G37/><T54/><D54/><U35/><E35/><V129/><F129/><W17/><G38/><T92/><D135/><U91/><E91/><V68/><REACH who="2" step="1"/><F20/><REACH who="2" ten="347,286,315,42" step="2"/><W39/><G39/><T66/><D66/><U85/><E22/><V59/><F59/><W19/><REACH who="3" step="1"/><G7/><REACH who="3" ten="347,286,315,32" step="2"/><T120/><D120/><U122/><E122/><V0/><F0/><W126/><G126/><T117/><D117/><U30/><E45/><V78/><F78/><W1/><G1/><T31/><D3/><U13/><E47/><V116/><F116/><W23/><G23/><T6/><D6/><U62/><E24/><V69/><N who="2" m="17408" /><DORA hai="107" /><V56/><F56/><AGARI ba="0,2" hai="5,11,12,17,18,19,40,41,43,56,63,65,80,81" machi="56" ten="40,8000,1" yaku="1,1,8,1,52,1,53,1" doraHai="52,107" doraHaiUra="96,8" who="3" fromWho="2" sc="347,0,286,0,315,-80,32,100" /><INIT seed="7,0,0,2,5,20" ten="347,286,235,132" oya="3" hai0="2,54,115,14,91,18,43,50,88,125,90,85,52" hai1="116,99,134,0,45,69,15,7,65,66,3,63,78" hai2="23,6,60,25,106,29,16,8,93,32,75,11,94" hai3="17,130,122,42,86,24,118,35,124,27,121,84,114"/><W48/><G118/><T62/><D2/><U53/><E116/><V89/><F106/><W21/><G114/><T127/><D115/><U132/><E78/><V77/><F75/><W38/><G38/><T110/><D110/><U97/><E65/><V120/><F77/><W107/><G107/><T135/><D135/><U28/><E15/><V109/><F109/><W72/><G72/><T73/><D73/><U34/><E53/><N who="0" m="20585" /><D62/><U70/><E45/><V112/><F112/><W67/><G124/><N who="0" m="47691" /><D50/><U117/><E117/><V104/><F104/><W79/><G130/><T31/><D31/><U12/><E69/><V133/><F133/><N who="1" m="51305" /><E12/><V19/><F120/><W64/><G122/><T71/><D43/><U83/><E83/><V102/><F102/><W123/><G123/><T40/><D40/><U59/><E70/><V80/><F19/><W87/><G121/><T68/><D85/><U100/><E7/><V4/><F60/><W108/><G79/><T76/><D76/><U92/><E97/><V128/><F128/><W1/><G1/><T30/><D30/><U96/><E99/><V82/><F94/><W47/><REACH who="3" step="1"/><G108/><REACH who="3" ten="347,286,235,122" step="2"/><T55/><D55/><U119/><E119/><V58/><F32/><W103/><G103/><T57/><D57/><U13/><E3/><V37/><F58/><W46/><G46/><T9/><AGARI ba="0,1" hai="9,14,18,68,71,88,90,91" m="47691,20585" machi="9" ten="40,5200,0" yaku="18,1,54,2" doraHai="20" who="0" fromWho="0" sc="347,62,286,-13,235,-13,122,-26" owari="409,50.9,273,7.3,222,-17.8,96,-40.4" /></mjloggm>