<mjloggm ver="2.3"><GO type="169" lobby="0"/><UN n0="%E2%84%83%2D%75%74%65" n1="%E5%A4%A7%E5%9E%8B%E7%8A%AC" n2="%E3%81%94%E3%82%8B%E3%81%AF%E3%82%80%33%30" n3="%E3%81%99%E3%83%BC%5F%E9%88%B4%E6%9C%A8%E6%B5%A9%E5%B9%B3" dan="17,16,17,16" rate="2203.06,2099.88,2203.00,2105.71" sx="M,M,F,M"/><TAIKYOKU oya="0"/><INIT seed="0,0,0,0,3,100" ten="250,250,250,250" oya="0" hai0="114,89,32,99,47,105,3,25,45,55,86,27,108" hai1="132,42,124,125,10,13,44,78,54,57,98,93,61" hai2="46,104,70,7,82,50,30,19,112,111,24,31,16" hai3="68,102,64,72,130,22,71,120,0,106,59,11,73"/><T9/><D114/><U6/><E132/><V36/><F112/><W40/><G40/><T128/><D128/><U109/><E109/><V80/><F111/><W87/><G130/><T15/><D3/><U18/><E78/><V75/><F70/><W134/><G87/><T91/><D108/><U115/><E115/><V28/><F36/><W118/><G118/><T63/><D32/><U123/><E123/><V39/><F39/><W95/><G95/><T17/><D47/><U20/><E93/><V103/><F7/><W34/><G34/><T43/><D63/><U4/><E98/><V77/><F80/><W37/><G37/><T12/><D12/><U113/><E113/><V127/><F127/><N who="1" m="48713" /><E10/><V60/><F60/><W52/><G120/><T66/><D66/><U94/><E94/><V14/><F24/><W74/><G64/><T29/><D29/><U62/><E61/><V38/><F14/><W121/><G121/><T119/><D119/><U69/><E69/><V35/><F35/><W96/><G134/><T56/><D27/><U117/><E117/><V101/><F101/><W76/><G76/><T90/><D25/><U5/><E5/><V85/><F75/><W21/><G0/><T133/><D133/><U126/><N who="1" m="48721" /><U110/><DORA hai="33" /><E110/><V58/><F103/><W97/><G102/><N who="0" m="62687" /><D86/><U107/><E107/><V49/><F104/><W2/><G106/><T79/><D79/><U129/><E129/><V67/><F85/><W84/><G84/><T48/><D91/><U116/><E116/><V41/><F77/><W122/><G122/><T26/><D26/><RYUUKYOKU ba="0,0" sc="250,15,250,15,250,-15,250,-15" hai0="9,15,17,43,45,48,55,56,89,90" hai1="4,6,13,18,20,42,44,54,57,62" /><INIT seed="0,1,0,5,0,1" ten="265,265,235,235" oya="0" hai0="0,46,16,111,63,120,133,42,37,127,47,68,9" hai1="135,59,58,65,82,129,81,45,112,4,8,54,31" hai2="118,80,15,64,12,117,86,98,2,88,69,26,48" hai3="23,36,39,75,21,97,115,123,11,114,17,10,105"/><T14/><D120/><U102/><E129/><V83/><F2/><W6/><G75/><T134/><D127/><U73/><E135/><V94/><F69/><W110/><G123/><T70/><D111/><U13/><E112/><V131/><F131/><W104/><G17/><T132/><D0/><U91/><E31/><V106/><F64/><W124/><G97/><T113/><D113/><U22/><E102/><V89/><F106/><W87/><G87/><T126/><D126/><U41/><E65/><V66/><F66/><W32/><G124/><T74/><D74/><U90/><E22/><V103/><F26/><W121/><G121/><T40/><REACH who="0" step="1"/><D63/><REACH who="0" ten="255,265,235,235" step="2"/><U28/><E73/><V57/><F117/><W100/><G110/><T33/><D33/><U84/><E28/><V85/><F118/><W51/><G32/><T96/><D96/><U119/><E119/><V38/><F38/><AGARI ba="1,1" hai="9,14,16,37,38,40,42,46,47,68,70,132,133,134" machi="38" ten="40,12000,1" yaku="1,1,9,1,20,1,54,1,53,0" doraHai="1" doraHaiUra="78" who="0" fromWho="2" sc="255,133,265,0,235,-123,235,0" /><INIT seed="0,2,0,3,1,29" ten="388,265,112,235" oya="0" hai0="42,3,36,128,52,15,2,54,39,68,64,131,1" hai1="34,81,75,90,126,78,16,45,115,40,5,96,28" hai2="56,30,8,83,25,135,37,89,43,48,125,17,22" hai3="11,23,19,107,58,134,27,74,129,35,118,116,94"/><T117/><D117/><U84/><E126/><V57/><F125/><W21/><G107/><T93/><D15/><U98/><E5/><V59/><F135/><W26/><G74/><T105/><D105/><U72/><E115/><V97/><F37/><W32/><G94/><T18/><D18/><U49/><E75/><V130/><F130/><N who="0" m="49706" /><D93/><U113/><E113/><V20/><F8/><W66/><G129/><T24/><D24/><U92/><REACH who="1" step="1"/><E16/><REACH who="1" ten="388,255,112,235" step="2"/><V62/><F17/><W109/><G19/><T99/><D2/><U108/><E108/><V77/><F30/><W124/><G124/><T103/><D3/><U60/><E60/><V38/><F62/><W13/><G109/><T0/><D1/><U67/><E67/><V85/><F25/><AGARI ba="2,1" hai="25,28,34,40,45,49,72,78,81,84,90,92,96,98" machi="25" ten="40,2600,0" yaku="1,1,52,1,53,0" doraHai="29" doraHaiUra="101" who="1" fromWho="2" sc="388,0,255,42,112,-32,235,0" /><INIT seed="1,0,0,2,1,0" ten="388,297,80,235" oya="1" hai0="88,134,35,15,118,3,86,55,126,61,125,83,67" hai1="54,122,57,2,121,5,48,7,49,28,120,12,65" hai2="16,111,68,53,9,34,110,14,74,20,113,130,131" hai3="18,40,115,66,109,17,10,37,47,72,52,71,11"/><U91/><E2/><V124/><F74/><W100/><G72/><T36/><D118/><U63/><E28/><V62/><F68/><W44/><G115/><T82/><D35/><U70/><E12/><V29/><F62/><W78/><G78/><T107/><D107/><U33/><E33/><V25/><F53/><W79/><G79/><T21/><D36/><U90/><REACH who="1" step="1"/><E49/><REACH who="1" ten="388,287,80,235" step="2"/><V103/><F113/><W75/><G37/><T128/><D3/><U51/><E51/><V42/><F34/><W26/><G26/><T32/><D32/><U39/><E39/><V89/><F29/><W106/><G10/><T24/><D15/><U123/><N who="1" m="30720" /><DORA hai="117" /><U105/><E105/><V77/><F9/><W96/><G11/><T13/><D13/><U1/><E1/><V50/><F14/><W112/><G106/><T64/><D24/><U27/><E27/><V69/><F50/><W8/><G8/><T59/><D125/><U19/><E19/><V80/><F124/><W94/><G17/><T129/><D126/><U98/><E98/><V133/><F25/><W4/><G18/><T38/><D38/><U60/><E60/><V97/><F16/><W58/><G96/><T45/><D61/><U30/><E30/><V46/><F97/><W81/><G112/><T93/><D21/><U119/><E119/><V114/><F20/><W31/><G31/><T116/><D116/><U87/><E87/><V76/><F114/><W43/><G75/><T108/><D86/><U127/><E127/><V132/><F132/><W135/><G135/><T101/><D134/><U73/><E73/><RYUUKYOKU ba="0,1" sc="388,-10,287,30,80,-10,235,-10" hai1="5,7,48,54,57,63,65,70,90,91" /><INIT seed="1,1,1,2,0,27" ten="378,317,70,225" oya="1" hai0="119,108,132,104,64,131,126,135,20,105,55,47,11" hai1="129,30,102,111,29,22,123,13,73,52,99,37,58" hai2="117,17,125,65,95,118,26,89,82,50,46,7,74" hai3="44,127,109,36,87,101,2,59,112,85,70,56,92"/><U0/><E123/><V6/><F125/><W19/><G2/><T8/><D119/><U66/><E0/><V106/><F106/><W72/><G72/><T78/><D126/><U5/><E73/><V12/><F65/><W67/><G127/><T124/><D124/><U53/><E37/><V57/><F57/><W60/><G112/><T103/><D64/><U115/><E115/><V39/><F39/><W10/><G109/><T48/><D108/><U83/><E83/><V122/><F122/><W42/><G87/><T96/><D131/><U54/><E129/><V75/><F117/><W80/><G101/><T1/><D78/><U45/><E111/><V31/><F118/><W21/><G92/><T18/><D104/><U33/><E33/><V134/><F75/><W86/><G10/><T62/><D62/><N who="1" m="38231" /><E45/><V90/><F134/><N who="0" m="51242" /><D1/><U116/><E116/><V94/><F82/><W24/><REACH who="3" step="1"/><G85/><REACH who="3" ten="378,317,70,215" step="2"/><T88/><D11/><N who="1" m="4335" /><E22/><N who="2" m="15831" /><F74/><W81/><G81/><T16/><D8/><U4/><E4/><V100/><F7/><W49/><G49/><T14/><D48/><U3/><E3/><V15/><F6/><W38/><G38/><T113/><D20/><U28/><E102/><V120/><F100/><W133/><G133/><T63/><D103/><U107/><E107/><V110/><F110/><W41/><G41/><T114/><D105/><U43/><E99/><N who="2" m="57807" /><F120/><W71/><G71/><T51/><D113/><U77/><E43/><V23/><F95/><W130/><G130/><T128/><D128/><U79/><AGARI ba="1,2" hai="28,29,30,52,53,54,77,79" m="4335,38231" machi="79" ten="40,12000,1" yaku="8,1,52,3,54,1" doraHai="27" who="1" fromWho="1" sc="378,-41,317,143,70,-41,215,-41" /><INIT seed="1,2,0,1,0,42" ten="337,460,29,174" oya="1" hai0="9,22,2,31,37,1,94,50,93,12,114,87,16" hai1="75,53,134,40,10,69,62,70,5,51,117,24,36" hai2="124,48,82,120,68,7,6,88,126,125,107,103,57" hai3="106,45,95,90,49,30,108,15,4,33,21,3,44"/><U133/><E75/><V83/><F120/><W60/><G106/><T119/><D37/><U19/><E117/><V23/><F68/><W18/><G108/><T38/><D38/><U25/><E40/><V130/><F130/><W73/><G73/><T86/><D114/><U102/><E36/><V128/><F128/><W74/><G74/><T122/><D119/><U116/><E102/><V52/><F107/><W105/><G105/><T121/><D1/><U77/><E77/><V32/><F32/><W58/><G49/><T132/><D132/><N who="1" m="50795" /><E116/><V76/><F103/><W29/><G3/><T14/><D2/><N who="1" m="311" /><E19/><V66/><F76/><W101/><G4/><N who="2" m="1577" /><F66/><N who="3" m="39191" /><G101/><T11/><D121/><U84/><E84/><N who="2" m="50199" /><F23/><W43/><G43/><T92/><D22/><U28/><E70/><V78/><F78/><W63/><G33/><T110/><D122/><U59/><E28/><N who="3" m="10858" /><G63/><T39/><D31/><U17/><E17/><V41/><F41/><W96/><AGARI ba="2,0" hai="15,18,21,44,45,90,95,96" m="10858,39191" machi="96" ten="30,4000,0" yaku="8,1,52,2" doraHai="42" who="3" fromWho="3" sc="337,-12,460,-22,29,-12,174,46" /><INIT seed="2,0,0,1,5,31" ten="325,438,17,220" oya="2" hai0="23,1,120,94,59,89,126,122,63,41,76,99,134" hai1="80,61,81,88,5,6,98,29,113,123,84,57,40" hai2="44,52,77,85,58,132,69,50,43,91,54,56,117" hai3="124,9,55,104,12,108,90,27,46,93,26,13,66"/><V110/><F117/><W95/><G104/><T16/><D1/><U53/><E113/><V103/><F69/><W100/><G124/><T7/><D7/><U102/><E123/><V51/><F132/><W11/><G66/><T115/><D115/><U133/><E133/><V116/><F116/><W36/><G108/><T125/><D41/><U73/><E40/><V8/><F110/><W39/><G100/><T14/><D76/><U129/><E129/><V60/><F103/><W119/><G119/><T121/><REACH who="0" step="1"/><D134/><REACH who="0" ten="315,438,17,220" step="2"/><U35/><E73/><V20/><F77/><W64/><G36/><T107/><D107/><U62/><E5/><V37/><F8/><W32/><G39/><T92/><D92/><U96/><E6/><V106/><F106/><W15/><G93/><T79/><D79/><U97/><E81/><V10/><F10/><W83/><G95/><T38/><D38/><U45/><E80/><N who="2" m="49575" /><F37/><W48/><G9/><T21/><D21/><AGARI ba="0,1" hai="20,21,43,44,50,51,52,54,56,58,60" m="49575" machi="21" ten="30,2900,0" yaku="8,1,54,1" doraHai="31" who="2" fromWho="0" sc="315,-29,438,0,17,39,220,0" /><INIT seed="2,1,0,0,3,51" ten="286,438,56,220" oya="2" hai0="108,3,104,123,41,95,107,101,68,65,111,73,55" hai1="81,91,5,52,22,66,87,122,14,23,33,71,121" hai2="17,127,46,72,2,94,115,58,19,34,124,118,83" hai3="49,110,6,102,135,120,97,37,48,39,53,25,134"/><V69/><F69/><W57/><G120/><N who="1" m="46186" /><E33/><V18/><F115/><W96/><G110/><N who="0" m="42027" /><D123/><U30/><E30/><V11/><F118/><W35/><G6/><T131/><D3/><U75/><E75/><V119/><F119/><W50/><G35/><T8/><D73/><U32/><E32/><V82/><F34/><W60/><G25/><T45/><D8/><N who="1" m="4367" /><E52/><V38/><F2/><W21/><G21/><T64/><D131/><U90/><E91/><V116/><F116/><W106/><REACH who="3" step="1"/><G96/><REACH who="3" ten="286,438,56,210" step="2"/><N who="0" m="59551" /><D41/><U24/><E24/><V133/><F11/><W20/><G20/><T4/><D4/><U16/><E16/><V0/><F19/><W42/><G42/><T47/><D68/><U74/><E22/><V117/><F117/><W113/><G113/><T67/><D45/><U31/><E23/><V9/><F46/><W12/><G12/><T132/><D132/><AGARI ba="1,1" hai="37,39,48,49,50,53,57,60,97,102,106,132,134,135" machi="132" ten="40,5200,0" yaku="1,1,20,1,52,1,53,0" doraHai="51" doraHaiUra="125" who="3" fromWho="0" sc="286,-55,438,0,56,0,210,65" /><INIT seed="3,0,0,1,0,57" ten="231,438,56,275" oya="3" hai0="125,16,33,113,133,0,1,11,110,104,93,90,10" hai1="103,25,58,22,29,107,112,30,118,65,18,74,5" hai2="19,84,17,98,91,117,80,134,108,7,43,12,56" hai3="37,73,20,39,49,21,70,128,9,95,78,51,135"/><W82/><G70/><T71/><D104/><U72/><E112/><V86/><F108/><W40/><G135/><T83/><D33/><U63/><E118/><V13/><F134/><W15/><G128/><T116/><D116/><U50/><E5/><V131/><F131/><W38/><G95/><T68/><D83/><U89/><E89/><V130/><F130/><W87/><G73/><T27/><D133/><U67/><E67/><V102/><F117/><W81/><G82/><T92/><D27/><U45/><E103/><V23/><F43/><W120/><G120/><T79/><D90/><U101/><E101/><V121/><F7/><W96/><G96/><T88/><D88/><U28/><REACH who="1" step="1"/><E107/><REACH who="1" ten="231,428,56,275" step="2"/><V35/><F121/><W127/><G127/><T4/><D4/><U46/><E46/><V60/><F91/><W94/><G78/><T115/><D125/><U99/><E99/><V124/><F124/><W122/><G122/><T2/><D2/><U109/><E109/><V48/><F80/><W61/><G81/><T55/><D110/><U32/><E32/><V85/><F35/><W54/><G94/><T126/><D126/><U129/><E129/><V106/><F106/><W26/><G87/><T76/><REACH who="0" step="1"/><D55/><AGARI ba="0,1" hai="18,22,25,28,29,30,45,50,55,58,63,65,72,74" machi="55" ten="40,2600,0" yaku="1,1,52,1,53,0" doraHai="57" doraHaiUra="64" who="1" fromWho="0" sc="231,-26,428,36,56,0,275,0" /><INIT seed="4,0,0,2,5,63" ten="205,464,56,275" oya="0" hai0="40,133,49,73,108,37,128,16,30,82,22,88,43" hai1="19,9,87,13,74,5,104,41,89,121,42,85,54" hai2="94,110,28,64,119,67,127,55,66,103,27,76,59" hai3="95,126,96,29,0,20,25,15,120,92,134,34,51"/><T86/><D37/><U107/><E74/><V70/><F110/><W17/><G134/><T132/><D108/><U93/><E121/><V129/><F129/><W111/><G111/><T14/><D128/><U18/><E104/><V112/><F112/><W77/><G120/><T61/><D73/><U131/><E107/><V109/><F109/><W6/><G126/><T47/><D30/><U122/><E122/><V125/><F70/><W68/><G68/><T71/><REACH who="0" step="1"/><D40/><REACH who="0" ten="195,464,56,275" step="2"/><U114/><E42/><V48/><F119/><W32/><G29/><T83/><D83/><U98/><E41/><V135/><F135/><W101/><G34/><T35/><D35/><U57/><E131/><V33/><REACH who="2" step="1"/><F76/><REACH who="2" ten="195,464,46,275" step="2"/><W7/><G77/><T23/><D23/><U113/><E113/><V78/><F78/><W65/><G32/><T80/><D80/><U117/><E114/><V79/><F79/><W105/><G20/><T115/><D115/><U102/><E117/><V1/><F1/><W75/><G0/><T36/><D36/><U26/><E9/><V31/><F31/><W60/><G105/><T123/><D123/><U130/><E130/><V3/><F3/><W99/><G75/><T91/><D91/><U10/><E89/><V62/><F62/><W106/><G60/><T11/><D11/><U58/><E10/><V12/><F12/><W124/><G15/><T53/><D53/><U2/><E54/><V4/><F4/><W45/><G6/><T56/><D56/><N who="1" m="21611" /><E5/><V8/><F8/><W46/><G7/><T118/><D118/><U38/><E38/><V24/><F24/><RYUUKYOKU ba="0,2" sc="195,15,464,-15,46,15,275,-15" hai0="14,16,22,43,47,49,61,71,82,86,88,132,133" hai2="27,28,33,48,55,59,64,66,67,94,103,125,127" /><INIT seed="4,1,2,3,4,66" ten="210,449,61,260" oya="0" hai0="80,49,55,23,135,70,25,4,27,21,78,58,113" hai1="94,28,128,101,1,129,11,45,43,77,91,85,52" hai2="131,111,102,110,19,32,30,29,133,42,112,130,87" hai3="84,2,67,123,103,116,57,18,93,56,134,46,6"/><T40/><D113/><U34/><E101/><V22/><F42/><W81/><G116/><T118/><D118/><U16/><E77/><V106/><F106/><W100/><G134/><T10/><D135/><U26/><E52/><V3/><F102/><W39/><G123/><T127/><D127/><U92/><E92/><V107/><F107/><W89/><G2/><T86/><D70/><U0/><E16/><V48/><F133/><W117/><G6/><T99/><D99/><U9/><E9/><V75/><F75/><W115/><G117/><T15/><D40/><U98/><E85/><V36/><F36/><W114/><G39/><T12/><D12/><U37/><E11/><V72/><F72/><W20/><G46/><T76/><REACH who="0" step="1"/><D78/><REACH who="0" ten="200,449,61,260" step="2"/><U74/><E98/><V47/><F112/><W17/><G114/><T31/><D31/><U50/><E28/><V35/><F29/><W38/><G115/><T53/><D53/><U125/><E43/><V60/><F30/><W54/><G54/><T24/><AGARI ba="1,3" hai="4,10,15,21,23,24,25,27,49,55,58,76,80,86" machi="24" ten="30,6000,0" yaku="1,1,0,1,8,1,53,0" doraHai="66" doraHaiUra="13" who="0" fromWho="0" sc="200,93,449,-21,61,-21,260,-21" /><INIT seed="4,2,0,2,2,53" ten="293,428,40,239" oya="0" hai0="54,15,12,47,134,51,111,113,118,50,81,90,108" hai1="24,30,106,82,2,7,85,125,114,62,52,18,80" hai2="43,94,4,66,27,126,123,41,44,132,115,8,117" hai3="40,99,11,36,120,70,75,72,119,20,6,38,112"/><T95/><D118/><U127/><E106/><V109/><F117/><W88/><G70/><T78/><D113/><U86/><E18/><V17/><F115/><W122/><G119/><T35/><D35/><U96/><E96/><V77/><F109/><N who="0" m="42058" /><D134/><U110/><E110/><V57/><F123/><N who="3" m="47147" /><G112/><T98/><D50/><U116/><E114/><V128/><F132/><W60/><G60/><T71/><D71/><U121/><E116/><V3/><F128/><W14/><G20/><T1/><D1/><U58/><E121/><V56/><F126/><N who="1" m="48137" /><E7/><V103/><F77/><W97/><G97/><T28/><D28/><U19/><E19/><V59/><F66/><W34/><G34/><T5/><D5/><U107/><E107/><V64/><F64/><W22/><G22/><T135/><D135/><U42/><E42/><V131/><F131/><W10/><G10/><T65/><D65/><U23/><E2/><V25/><F17/><W73/><G40/><T39/><D39/><U79/><E82/><V26/><REACH who="2" step="1"/><F44/><REACH who="2" ten="293,428,30,239" step="2"/><W16/><G6/><T49/><D78/><U67/><E67/><V55/><F55/><W105/><G36/><T93/><D54/><U84/><AGARI ba="2,1" hai="23,24,30,52,58,62,79,80,84,85,86" m="48137" machi="84" ten="30,4000,0" yaku="18,1,52,1,54,1" doraHai="53" who="1" fromWho="1" sc="293,-22,428,56,30,-12,239,-12" /><INIT seed="5,0,0,0,5,133" ten="271,484,18,227" oya="1" hai0="127,48,71,75,26,126,9,103,65,18,41,11,72" hai1="85,111,8,77,59,42,94,108,117,105,43,113,100" hai2="95,70,40,49,57,80,17,5,66,63,125,81,64" hai3="50,21,110,15,87,3,4,118,102,67,124,7,27"/><U99/><E117/><V122/><F122/><W32/><G110/><T135/><D103/><U46/><E113/><V96/><F5/><W29/><G118/><T37/><D37/><U134/><E134/><V61/><F125/><N who="0" m="47626" /><D135/><U104/><E59/><V52/><F17/><W25/><G124/><T82/><D65/><U76/><E8/><N who="0" m="3145" /><D71/><U28/><E100/><V69/><REACH who="2" step="1"/><F40/><REACH who="2" ten="271,484,8,227" step="2"/><W30/><G4/><T47/><D18/><U115/><E43/><V58/><F58/><W0/><G7/><T123/><D123/><U33/><E42/><V62/><F62/><W12/><G0/><T34/><D41/><U45/><E108/><V130/><F130/><W6/><G6/><T55/><D47/><U19/><E46/><V22/><F22/><W35/><G3/><T14/><D34/><U91/><E45/><V121/><F121/><W88/><G21/><T78/><D26/><U132/><E19/><V56/><F56/><W54/><G25/><T107/><D14/><U131/><E111/><V73/><F73/><W79/><G27/><T13/><D13/><U53/><E131/><V44/><F44/><W92/><G12/><T2/><D2/><U39/><E33/><V31/><F31/><W90/><G15/><T116/><D72/><U89/><E28/><V101/><AGARI ba="0,1" hai="49,52,57,61,63,64,66,69,70,80,81,95,96,101" machi="101" ten="20,8000,1" yaku="1,1,0,1,7,1,9,1,54,1,53,0" doraHai="133" doraHaiUra="129" who="2" fromWho="2" sc="271,-20,484,-40,8,90,227,-20" /><INIT seed="6,0,0,1,2,101" ten="251,444,98,207" oya="2" hai0="39,86,69,83,38,127,65,24,27,123,64,40,135" hai1="21,52,32,61,68,132,73,131,0,42,104,9,107" hai2="77,87,133,58,63,71,26,90,34,134,12,119,75" hai3="50,85,128,84,91,130,115,93,116,109,94,30,112"/><V33/><F119/><W7/><G116/><T124/><D123/><U98/><E32/><V62/><F75/><W19/><G109/><T110/><D110/><U22/><E73/><V105/><F77/><W129/><G30/><T76/><D135/><N who="2" m="51722" /><F105/><W99/><G7/><T31/><D27/><U54/><E107/><V53/><F12/><W100/><G19/><T29/><D29/><U80/><E104/><V113/><F113/><N who="3" m="43595" /><G50/><T28/><D28/><U74/><E74/><V96/><F96/><AGARI ba="0,0" hai="84,85,91,93,94,96,99,100,128,129,130" m="43595" machi="96" ten="40,8000,1" yaku="19,1,15,1,11,1,34,2" doraHai="101" who="3" fromWho="2" sc="251,0,444,0,98,-80,207,80" /><INIT seed="7,0,0,5,1,57" ten="251,444,18,287" oya="3" hai0="49,126,0,90,5,110,94,62,7,118,112,87,117" hai1="55,35,89,39,109,119,76,107,17,113,131,93,20" hai2="43,2,69,11,91,13,18,53,115,48,15,81,102" hai3="40,8,101,111,79,84,121,88,42,63,25,120,106"/><W132/><G132/><T61/><D110/><U68/><E109/><V80/><F2/><W54/><G79/><T36/><D36/><U27/><E113/><V133/><F69/><W73/><G73/><T108/><D108/><U45/><E107/><V65/><F43/><W44/><G111/><T127/><D49/><U4/><E68/><V22/><F102/><W116/><G116/><N who="0" m="44651" /><D112/><U105/><E131/><V122/><F115/><W26/><G8/><N who="0" m="2087" /><D7/><U23/><E105/><V38/><F38/><W3/><G3/><T37/><D37/><U21/><E35/><V67/><F133/><W9/><G9/><T75/><D75/><U28/><E4/><V125/><F125/><AGARI ba="0,0" hai="61,62,87,90,94,125,126,127" m="2087,44651" machi="125" ten="30,3900,0" yaku="18,1,52,2" doraHai="57" who="0" fromWho="2" sc="251,39,444,0,18,-39,287,0" owari="290,9.0,444,54.4,-21,-52.1,287,-11.3" /></mjloggm>