<mjloggm ver="2.3"><GO type="169" lobby="0"/><UN n0="%E3%81%82%E3%81%95%E3%81%B4%E3%82%93%EF%BC%A0%EF%BD%8D%EF%BD%8A" n1="%E3%81%99%E3%81%91%E3%81%B4%E3%82%87%E3%82%93" n2="%E8%B5%A4%E3%81%84%E9%83%A8%E5%B1%8B" n3="%E7%94%9F%E5%BE%92%E4%BC%9A%E3%80%90%E5%BA%8F%E3%80%91" dan="18,16,16,17" rate="2227.32,2103.42,2134.33,2152.38" sx="M,M,M,M"/><TAIKYOKU oya="0"/><INIT seed="0,0,0,5,2,76" ten="250,250,250,250" oya="0" hai0="54,77,102,129,93,33,99,94,21,3,112,53,44" hai1="42,56,82,58,108,89,91,65,125,68,119,66,105" hai2="39,17,71,19,4,47,9,25,36,31,0,14,88" hai3="24,51,34,1,72,67,103,18,73,96,43,95,27"/><T116/><D112/><U134/><E105/><V48/><F71/><W124/><G1/><T63/><D33/><U60/><E119/><V38/><F0/><W7/><G124/><T126/><D116/><U78/><E125/><V11/><F11/><W113/><G7/><T120/><D126/><U23/><E134/><V59/><F59/><W127/><G113/><T132/><D3/><U98/><E108/><V57/><F57/><W87/><G67/><T114/><D114/><U75/><E42/><V45/><F45/><W69/><G69/><T122/><D132/><U86/><E23/><V16/><F88/><W8/><G27/><T10/><D10/><U79/><E68/><V111/><F111/><W107/><G127/><T104/><D129/><U46/><E46/><V28/><REACH who="2" step="1"/><F25/><REACH who="2" ten="250,250,240,250" step="2"/><W50/><G24/><T20/><D44/><U62/><E62/><V30/><F30/><W32/><G8/><T81/><D63/><U15/><E58/><V49/><F49/><W61/><G51/><T118/><D118/><U100/><E56/><V26/><F26/><W84/><G61/><T80/><D20/><U29/><E60/><V109/><F109/><W12/><G34/><T130/><D21/><U110/><E110/><V13/><F13/><W131/><G32/><T90/><D90/><U115/><E89/><V5/><F5/><W123/><G12/><T74/><D130/><U40/><E91/><V121/><F121/><W37/><G50/><T6/><D6/><U64/><E15/><V117/><F117/><W101/><G131/><T55/><D81/><U41/><E82/><RYUUKYOKU ba="0,1" sc="250,15,250,-15,240,15,250,-15" hai0="53,54,55,74,77,80,93,94,99,102,104,120,122" hai2="4,9,14,16,17,19,28,31,36,38,39,47,48" /><INIT seed="0,1,1,0,3,109" ten="265,235,255,235" oya="0" hai0="77,90,53,51,116,123,8,25,85,103,67,61,118" hai1="65,49,64,13,75,99,88,41,135,108,101,1,62" hai2="17,27,124,7,95,107,115,35,21,104,76,9,119" hai3="72,57,80,98,114,14,132,129,134,91,56,86,128"/><T33/><D123/><U50/><E1/><V106/><F124/><W127/><G14/><T110/><D110/><U16/><E75/><V113/><F119/><W12/><G12/><T105/><D77/><U121/><E121/><V3/><F76/><N who="3" m="44039" /><G56/><T92/><D8/><U26/><E108/><V117/><F117/><W73/><G57/><T70/><D51/><U89/><E26/><V102/><REACH who="2" step="1"/><F35/><REACH who="2" ten="265,235,245,235" step="2"/><W97/><G127/><T122/><D122/><U40/><E135/><N who="3" m="51754" /><G73/><T125/><D125/><U0/><E41/><V60/><F60/><W43/><G43/><T18/><D116/><U46/><E62/><V38/><F38/><W48/><G48/><T111/><D118/><U130/><E50/><V78/><F78/><W93/><G114/><T30/><D111/><U84/><E49/><V96/><AGARI ba="1,2" hai="3,7,9,17,21,27,95,96,102,104,106,107,113,115" machi="96" ten="40,8000,1" yaku="1,1,0,1,52,2,53,1" doraHai="109" doraHaiUra="22" who="2" fromWho="2" sc="265,-41,235,-21,245,103,235,-21" /><INIT seed="1,0,0,2,0,42" ten="224,214,348,214" oya="1" hai0="75,107,33,23,82,110,65,66,134,5,1,59,94" hai1="40,47,57,35,63,106,128,13,10,29,6,38,127" hai2="31,115,68,92,74,73,67,69,135,125,93,43,44" hai3="96,91,109,76,2,0,112,18,89,11,97,83,37"/><U39/><E106/><V98/><F135/><W113/><G37/><T62/><D107/><U16/><E127/><V100/><F125/><W45/><G109/><T72/><D33/><U54/><E128/><V120/><F120/><W79/><G83/><T102/><D110/><U117/><E117/><V111/><F111/><W4/><G11/><T58/><D134/><U77/><E77/><V17/><F115/><W129/><G18/><T64/><D82/><U119/><E119/><V123/><F123/><W116/><G129/><T19/><D5/><U12/><E38/><V3/><F3/><W87/><G87/><T88/><D102/><U60/><E60/><V78/><F31/><W32/><G32/><T28/><D28/><U56/><E56/><V24/><F78/><W104/><G104/><T103/><D103/><U133/><E133/><V25/><F67/><W124/><G124/><T84/><D1/><U27/><REACH who="1" step="1"/><E13/><REACH who="1" ten="224,204,348,214" step="2"/><V95/><F69/><W34/><G116/><T71/><D71/><U48/><E48/><V9/><F68/><W8/><G112/><T22/><D59/><U26/><E26/><V85/><F24/><W50/><G113/><T20/><REACH who="0" step="1"/><D19/><AGARI ba="0,1" hai="6,10,12,16,19,27,29,35,39,40,47,54,57,63" machi="19" ten="40,7700,0" yaku="1,1,52,1,54,1,53,0" doraHai="42" doraHaiUra="86" who="1" fromWho="0" sc="224,-77,204,87,348,0,214,0" /><INIT seed="1,1,0,2,0,131" ten="147,291,348,214" oya="1" hai0="109,78,88,60,2,112,10,86,15,42,43,25,57" hai1="56,82,19,21,94,49,41,127,99,12,73,134,35" hai2="120,27,104,1,96,64,51,13,123,126,111,0,24" hai3="101,5,81,40,33,65,34,110,46,44,98,30,47"/><U133/><E35/><V105/><F111/><W85/><G110/><T87/><D109/><U20/><E127/><V53/><F64/><W28/><G65/><T114/><D2/><U130/><E130/><V6/><F126/><W23/><G5/><T4/><D112/><U122/><E122/><V117/><F117/><W31/><G23/><T103/><D114/><U84/><E73/><V91/><F13/><W17/><G17/><T129/><D103/><U119/><E21/><V58/><F91/><W55/><G55/><T79/><D25/><U74/><E74/><V7/><F53/><W95/><REACH who="3" step="1"/><G40/><REACH who="3" ten="147,291,348,204" step="2"/><T9/><D129/><U48/><E41/><V116/><F6/><W32/><G32/><T76/><D10/><U72/><E119/><V90/><F7/><W59/><G59/><T107/><D43/><U22/><E22/><V75/><F58/><W67/><G67/><T61/><D42/><U89/><E56/><V63/><F116/><W128/><G128/><T97/><D57/><U115/><E115/><V39/><F123/><W102/><G102/><T52/><D52/><U18/><E18/><V121/><F120/><W124/><G124/><T80/><D61/><U37/><E37/><V36/><F63/><W3/><G3/><T77/><D60/><U106/><E49/><V70/><F121/><W92/><G92/><N who="0" m="56455" /><D107/><U108/><E108/><V54/><F104/><W38/><G38/><T66/><D66/><U100/><E48/><V135/><F39/><W16/><G16/><T118/><D118/><U62/><E62/><V11/><F36/><W14/><G14/><RYUUKYOKU ba="1,1" sc="147,10,291,10,348,-30,204,10" hai0="4,9,15,76,77,78,79,80,86,87" hai1="12,19,20,72,82,84,89,94,99,100,106,133,134" hai3="28,30,31,33,34,44,46,47,81,85,95,98,101" /><INIT seed="1,2,1,1,3,74" ten="157,301,318,214" oya="1" hai0="122,67,32,94,52,44,57,33,20,26,0,56,91" hai1="119,80,89,133,109,43,23,22,116,88,73,18,118" hai2="21,120,50,65,27,24,42,38,49,83,61,111,36" hai3="59,104,58,17,121,130,51,114,19,102,126,48,77"/><U62/><E133/><V128/><F120/><W4/><G121/><T124/><D0/><U14/><E43/><V82/><F111/><W113/><G102/><T107/><D107/><U115/><E115/><V64/><F128/><W47/><G104/><T129/><D122/><U72/><E109/><V70/><F42/><W46/><G4/><T103/><D103/><U53/><E23/><V11/><F11/><W110/><G110/><T79/><D124/><U75/><E80/><V71/><F21/><W125/><REACH who="3" step="1"/><G130/><REACH who="3" ten="157,301,318,204" step="2"/><T81/><D129/><U105/><E105/><V3/><F3/><W131/><G131/><T63/><D33/><U98/><E98/><V12/><F12/><W54/><G54/><T25/><D32/><U45/><E53/><V76/><REACH who="2" step="1"/><F61/><REACH who="2" ten="157,301,308,204" step="2"/><W78/><AGARI ba="2,3" hai="17,19,46,47,48,51,58,59,77,78,113,114,125,126" machi="78" ten="25,16000,3" yaku="1,1,0,1,22,2,52,2,53,2" doraHai="74" doraHaiUra="135" who="3" fromWho="3" sc="157,-42,301,-82,308,-42,204,196" /><INIT seed="2,0,0,4,5,89" ten="115,219,266,400" oya="2" hai0="114,123,60,82,103,111,45,3,81,130,84,19,1" hai1="0,107,118,101,113,36,13,40,24,2,15,53,34" hai2="100,131,66,56,20,108,87,116,79,37,7,74,61" hai3="80,32,126,70,5,119,69,117,99,67,12,128,35"/><V39/><F116/><W78/><G12/><T10/><D123/><U127/><E118/><N who="3" m="45066" /><G5/><T26/><D114/><U11/><E113/><V22/><F74/><N who="3" m="43095" /><G128/><T133/><D130/><U54/><E127/><V6/><F131/><W52/><G52/><T27/><D111/><U92/><E40/><V135/><F108/><W85/><G85/><T57/><D133/><U41/><E41/><V55/><F39/><W63/><G70/><T110/><D110/><U121/><E36/><V31/><F135/><W112/><G112/><T30/><D45/><U91/><E121/><V43/><F100/><W90/><G90/><T102/><D102/><U132/><E132/><V46/><F22/><W58/><G58/><T23/><D103/><U64/><E64/><V28/><F20/><W109/><G99/><T21/><D10/><U8/><E101/><V97/><F97/><W104/><G109/><T96/><D96/><U71/><E71/><V42/><F42/><W93/><G93/><T122/><D122/><U129/><E129/><V134/><F134/><W88/><G88/><T44/><D44/><U105/><E91/><V18/><F18/><W48/><G126/><T49/><D49/><U68/><E68/><V9/><F66/><W94/><G94/><T77/><REACH who="0" step="1"/><D82/><REACH who="0" ten="105,219,266,400" step="2"/><U115/><E115/><V51/><F37/><W62/><G48/><T73/><D73/><U98/><E98/><V50/><F50/><W95/><G104/><T16/><D16/><U76/><E105/><V25/><F9/><W125/><G125/><T4/><D4/><N who="2" m="1578" /><F25/><W124/><G124/><T14/><D14/><RYUUKYOKU ba="0,1" sc="105,15,219,-15,266,15,400,-15" hai0="1,3,19,21,23,26,27,30,57,60,77,81,84" hai2="28,31,43,46,51,55,56,61,79,87" /><INIT seed="2,1,1,5,3,11" ten="120,204,281,385" oya="2" hai0="26,123,15,2,57,36,66,3,14,48,5,106,1" hai1="78,18,8,120,32,103,102,37,112,31,91,74,0" hai2="9,55,17,35,22,38,132,83,114,43,109,119,88" hai3="72,51,124,10,46,25,80,86,131,27,77,42,21"/><V34/><F114/><W121/><G121/><T135/><D36/><U6/><E112/><V56/><F119/><W30/><G131/><T118/><D106/><U50/><E120/><V93/><F132/><W76/><G124/><T99/><D123/><U65/><E65/><V19/><F83/><W90/><G72/><T61/><D135/><U85/><E37/><V111/><F43/><W20/><REACH who="3" step="1"/><G10/><REACH who="3" ten="120,204,281,375" step="2"/><T28/><D118/><U67/><E74/><V64/><F9/><W71/><G71/><T108/><D108/><U33/><E8/><V133/><F109/><W100/><G100/><T23/><D5/><U62/><E102/><V94/><F111/><W87/><G87/><T16/><D99/><U58/><E103/><V7/><F133/><W52/><G52/><T53/><REACH who="0" step="1"/><D28/><AGARI ba="1,2" hai="20,21,25,27,28,30,42,46,51,76,77,80,86,90" machi="28" ten="30,7700,0" yaku="1,1,7,1,9,1,8,1,53,0" doraHai="11" doraHaiUra="126" who="3" fromWho="0" sc="120,-80,204,0,281,0,375,100" /><INIT seed="3,0,0,4,1,65" ten="40,204,281,475" oya="3" hai0="122,84,113,82,55,40,5,127,128,83,30,88,39" hai1="50,14,131,22,78,33,34,76,13,9,49,60,57" hai2="17,0,86,6,47,100,70,42,71,102,31,43,87" hai3="11,8,130,69,111,77,115,56,28,91,97,72,116"/><W125/><G116/><T68/><D122/><U124/><E124/><V96/><F31/><W89/><G115/><T75/><D127/><U15/><E131/><V53/><F17/><W112/><G112/><T123/><D123/><U16/><E34/><V63/><F0/><W21/><G125/><T24/><D113/><U98/><E33/><V7/><F63/><W27/><G130/><T133/><D128/><U59/><E98/><V19/><F19/><W66/><G56/><T110/><D110/><U61/><E9/><V32/><F32/><W41/><G41/><T117/><D133/><U119/><E119/><V23/><F96/><W52/><G52/><T12/><D55/><N who="1" m="33855" /><E50/><V64/><F53/><W105/><G91/><T36/><D117/><U67/><E49/><V54/><F54/><W95/><G105/><T38/><D40/><U20/><E20/><V45/><F64/><W92/><G92/><T35/><D68/><U37/><E37/><V1/><F1/><W46/><G46/><T3/><D3/><U29/><E29/><V4/><F4/><W93/><G93/><T114/><D114/><U94/><E94/><V126/><F126/><W120/><G95/><T135/><D135/><U132/><E132/><V25/><F23/><W26/><G21/><T10/><REACH who="0" step="1"/><D38/><REACH who="0" ten="30,204,281,475" step="2"/><U51/><E51/><V103/><F103/><W48/><G48/><T99/><D99/><U107/><E67/><V2/><F2/><W90/><G66/><T109/><D109/><U121/><E121/><V18/><F100/><W73/><G120/><T62/><D62/><U74/><E61/><RYUUKYOKU ba="0,1" sc="30,30,204,-10,281,-10,475,-10" hai0="5,10,12,24,30,35,36,39,75,82,83,84,88" /><INIT seed="4,1,1,4,4,85" ten="60,194,271,465" oya="0" hai0="50,135,91,81,21,20,120,80,104,71,102,51,6" hai1="94,129,124,46,7,119,61,24,109,127,93,11,78" hai2="90,107,1,43,113,26,97,58,25,77,87,105,48" hai3="49,115,59,35,67,134,88,117,3,0,41,68,13"/><T10/><D120/><U17/><E119/><V19/><F1/><W125/><G117/><T96/><D71/><U79/><E109/><V110/><F110/><W60/><G35/><T33/><D33/><U65/><E129/><V8/><F77/><W57/><G115/><T100/><D135/><U98/><E46/><V4/><F113/><W89/><G134/><T114/><D114/><U83/><E17/><V108/><F108/><W133/><G133/><T64/><D64/><U56/><E24/><V121/><F19/><W101/><G101/><T111/><D111/><U132/><E132/><V30/><F97/><W70/><G125/><N who="1" m="48202" /><E98/><V92/><F25/><W62/><G13/><T9/><D96/><U69/><E69/><V34/><F121/><W29/><G29/><T23/><D104/><U28/><E28/><V38/><F38/><W122/><G122/><T76/><D76/><N who="1" m="29227" /><E83/><N who="0" m="31817" /><D91/><U18/><E18/><V99/><F99/><W22/><G67/><T74/><D74/><U44/><E44/><V37/><F37/><W53/><G41/><T12/><D10/><U54/><E65/><V42/><F42/><W5/><G68/><T32/><D32/><U103/><E103/><AGARI ba="1,1" hai="6,9,12,20,21,23,50,51,100,102,103" m="31817" machi="103" ten="30,1500,0" yaku="8,1" doraHai="85" who="0" fromWho="1" sc="60,28,194,-18,271,0,465,0" /><INIT seed="4,2,0,3,0,95" ten="88,176,271,465" oya="0" hai0="127,94,78,109,36,98,0,67,101,106,118,33,85" hai1="46,131,83,84,24,22,69,14,28,15,7,54,58" hai2="107,110,128,73,30,113,104,124,23,120,57,17,3" hai3="122,37,77,97,76,126,88,56,132,31,93,55,53"/><T41/><D118/><U19/><E69/><V27/><F73/><W117/><G117/><T63/><D0/><U65/><E131/><V111/><F104/><W44/><G126/><T112/><D127/><U114/><E114/><V42/><F107/><W133/><G31/><T89/><D112/><U134/><E134/><N who="3" m="51818" /><G122/><T10/><D33/><U25/><E65/><V50/><F124/><W39/><G53/><T74/><D10/><U48/><E46/><V2/><F113/><W8/><G8/><T123/><D123/><U130/><E130/><V12/><F120/><W80/><G44/><T20/><D109/><U29/><E7/><V105/><F105/><W103/><G103/><T61/><D20/><N who="1" m="15367" /><E29/><V102/><F102/><W5/><G5/><T43/><D36/><N who="3" m="13897" /><G80/><N who="0" m="45143" /><D63/><AGARI ba="2,0" hai="55,56,63,76,77,88,93,97" m="13897,51818" machi="63" ten="30,3900,0" yaku="20,1,52,1,54,1" doraHai="95" who="3" fromWho="0" sc="88,-45,176,0,271,0,465,45" /><INIT seed="5,0,0,2,2,38" ten="43,176,271,510" oya="1" hai0="62,76,134,119,125,87,46,19,77,108,79,94,95" hai1="35,102,32,99,12,96,31,20,106,11,64,127,69" hai2="84,39,126,27,56,15,37,7,109,16,132,9,8" hai3="117,93,43,135,129,71,103,2,34,51,86,65,49"/><U112/><E112/><V131/><F109/><W24/><G2/><T107/><D107/><U5/><E127/><V89/><F126/><W45/><G129/><T4/><D108/><U54/><E96/><V68/><F68/><W70/><G135/><T0/><D125/><U115/><E115/><V50/><F131/><W59/><G117/><T90/><D119/><U101/><E101/><V78/><F78/><W58/><G103/><T55/><D134/><U111/><E111/><V21/><F132/><W113/><G93/><T104/><D104/><U110/><E110/><V22/><F8/><W17/><G86/><T47/><D0/><U6/><E54/><V28/><F56/><W105/><G17/><T48/><D4/><U63/><E6/><V36/><F50/><W26/><G105/><T66/><D19/><U74/><E74/><V122/><F122/><W80/><G80/><T128/><D128/><U92/><E92/><V41/><F41/><W61/><G24/><T13/><D13/><U114/><E114/><V57/><F57/><N who="3" m="21515" /><G26/><T10/><D10/><U73/><E73/><V3/><F39/><N who="3" m="21759" /><G34/><T30/><D30/><U133/><E133/><V91/><F91/><W60/><G113/><T52/><D94/><AGARI ba="0,0" hai="3,7,9,15,16,21,22,27,28,36,37,84,89,94" machi="94" ten="30,2000,0" yaku="7,1,54,1" doraHai="38" who="2" fromWho="0" sc="43,-20,176,0,271,20,510,0" /><INIT seed="6,0,0,2,3,53" ten="23,176,291,510" oya="2" hai0="101,52,98,46,23,116,109,6,100,12,39,29,102" hai1="94,128,20,88,73,13,105,92,16,22,45,82,111" hai2="15,133,103,118,96,43,81,77,67,66,129,104,54" hai3="110,33,121,79,14,28,85,4,25,31,113,89,8"/><V131/><F118/><W3/><G110/><T126/><D109/><U36/><E105/><V123/><F123/><W61/><G121/><T74/><D74/><U9/><E111/><V63/><F133/><W120/><G120/><T122/><D122/><U10/><E128/><N who="2" m="49227" /><F43/><W117/><G117/><T1/><D116/><U65/><E65/><V64/><F15/><W55/><G113/><T130/><D130/><U69/><E69/><N who="2" m="42143" /><F54/><W68/><G79/><T135/><D135/><U60/><E60/><V48/><F48/><W97/><G97/><T47/><D126/><U56/><E45/><V30/><F30/><W90/><G31/><T38/><D1/><U119/><E36/><V24/><F24/><W7/><G7/><T132/><D132/><U26/><E119/><V71/><F71/><W106/><G106/><T27/><D98/><U35/><E35/><V21/><F21/><W93/><G68/><T114/><D114/><U83/><E22/><V72/><AGARI ba="0,0" hai="66,67,72,77,81,96,103,104" m="42143,49227" machi="72" ten="30,1500,0" yaku="19,1" doraHai="53" who="2" fromWho="2" sc="23,-5,176,-5,291,15,510,-5" /><INIT seed="6,1,0,4,5,37" ten="18,171,306,505" oya="2" hai0="67,19,6,119,13,48,28,65,74,118,100,98,11" hai1="63,42,132,8,115,36,82,41,114,70,134,44,129" hai2="20,108,109,95,52,61,92,33,49,35,9,4,122" hai3="22,46,77,80,1,101,29,111,5,102,34,24,83"/><V17/><F61/><W60/><G111/><N who="2" m="42569" /><F122/><W7/><G83/><T94/><D74/><U120/><E82/><V51/><F51/><W72/><G60/><T47/><D28/><U78/><E78/><V31/><F95/><W3/><G34/><T12/><D118/><U10/><E120/><V53/><F92/><W62/><G5/><T103/><D103/><U56/><E70/><V133/><F31/><W99/><G101/><T105/><D105/><U26/><E26/><N who="2" m="14607" /><F133/><N who="1" m="51305" /><E129/><V126/><F126/><W40/><G62/><T21/><REACH who="0" step="1"/><D119/><REACH who="0" ten="8,171,306,505" step="2"/><U73/><E73/><V127/><F127/><W79/><G72/><T135/><D135/><U125/><E125/><V121/><F121/><W96/><G29/><T123/><D123/><U130/><E130/><V64/><F35/><W23/><G102/><T45/><D45/><N who="1" m="23719" /><E115/><V117/><F33/><W32/><G46/><T89/><D89/><U88/><E88/><V112/><F112/><W0/><G32/><T90/><D90/><U68/><E114/><V107/><F107/><W27/><G79/><T110/><D110/><U106/><E106/><V75/><F75/><W97/><G77/><T50/><D50/><N who="1" m="26903" /><E68/><V30/><F117/><W86/><G80/><T71/><D71/><U59/><E59/><V66/><F49/><W69/><G69/><T25/><D25/><U55/><AGARI ba="1,1" hai="8,10,55,56,63" m="26903,23719,51305" machi="55" ten="30,4000,0" yaku="20,1,52,2" doraHai="37" who="1" fromWho="1" sc="8,-11,171,53,306,-21,505,-11" owari="-3,-50.3,224,-17.6,285,8.5,494,59.4" /></mjloggm>