<mjloggm ver="2.3"><GO type="169" lobby="0"/><UN n0="%E9%9B%AA%E3%81%AE%E8%8F%AF" n1="%71%75%65%79%69%6D%65%6E" n2="%70%6F%6E%2D%65%6E" n3="%E4%BD%90%E8%97%A4%E3%82%AB%E3%82%A4%E3%82%B8" dan="16,16,16,17" rate="2119.95,2118.21,2144.24,2191.30" sx="F,M,F,F"/><TAIKYOKU oya="0"/><INIT seed="0,0,0,4,4,72" ten="250,250,250,250" oya="0" hai0="129,62,45,30,0,55,104,26,125,88,93,12,64" hai1="2,127,119,4,50,83,8,135,112,66,69,109,34" hai2="116,90,70,85,22,106,89,13,102,101,130,1,96" hai3="65,39,79,71,108,87,10,54,110,29,92,25,118"/><T15/><D104/><U49/><E112/><V133/><F1/><W63/><G118/><T40/><D0/><U14/><E119/><V43/><F116/><W3/><G39/><T16/><D129/><U48/><E109/><N who="3" m="42090" /><G54/><T59/><D125/><U33/><E127/><V18/><F133/><W76/><G92/><T107/><D107/><U24/><E135/><V124/><F130/><W67/><G87/><T23/><D64/><U57/><E69/><V21/><F70/><W115/><G67/><T36/><REACH who="0" step="1"/><D30/><REACH who="0" ten="240,250,250,250" step="2"/><U7/><E2/><V47/><F106/><W103/><G115/><T31/><D31/><U99/><E66/><V61/><F124/><W19/><G103/><T6/><D6/><U44/><E4/><V84/><F102/><W121/><G121/><T5/><D5/><U38/><E7/><V114/><F101/><W131/><G131/><T74/><D74/><U28/><E28/><V86/><F114/><W80/><G3/><T51/><D51/><U42/><E50/><V113/><F113/><W60/><G60/><T100/><D100/><U27/><E49/><V128/><F61/><W122/><G122/><T95/><D95/><U120/><E120/><V94/><F128/><W9/><G80/><T11/><D11/><N who="3" m="4105" /><G19/><T46/><D46/><U17/><E44/><V56/><F90/><W123/><G123/><T78/><D78/><U73/><E83/><V134/><F134/><W82/><G82/><T37/><D37/><U52/><E38/><V41/><F89/><W20/><AGARI ba="0,1" hai="20,25,29,63,65,71,76,79" m="4105,42090" machi="20" ten="30,4000,0" yaku="14,1,52,2" doraHai="72" who="3" fromWho="3" sc="240,-20,250,-10,250,-10,250,50" /><INIT seed="1,0,0,5,3,53" ten="220,240,240,300" oya="1" hai0="71,59,113,103,81,133,85,123,38,97,55,94,86" hai1="115,16,112,40,52,98,116,124,100,130,58,17,57" hai2="36,45,60,61,126,99,75,108,19,101,26,117,107" hai3="23,14,20,79,72,92,89,73,4,29,32,34,25"/><U84/><E116/><V88/><F108/><W63/><G79/><T54/><D113/><U65/><E115/><V128/><F117/><W47/><G47/><T91/><D123/><U0/><E0/><V127/><F75/><W62/><G34/><T5/><D71/><U121/><E121/><V43/><F128/><W80/><G80/><T21/><D38/><U33/><E33/><V102/><F102/><W51/><G51/><T111/><D111/><U30/><E112/><V8/><F88/><W78/><G32/><T96/><D133/><U48/><E30/><V9/><F26/><W122/><G122/><T87/><D5/><U69/><E124/><N who="2" m="47659" /><F19/><W95/><G78/><T90/><D21/><U106/><E130/><V6/><F9/><W27/><G89/><T109/><D109/><U110/><E110/><V1/><AGARI ba="0,0" hai="1,6,8,36,43,45,60,61,99,101,107" m="47659" machi="1" ten="30,1100,0" yaku="18,1" doraHai="53" who="2" fromWho="2" sc="220,-3,240,-5,240,11,300,-3" /><INIT seed="2,0,0,4,4,64" ten="217,235,251,297" oya="2" hai0="17,33,86,36,133,84,104,27,122,100,7,6,43" hai1="123,32,94,70,60,71,85,9,59,132,95,87,3" hai2="120,25,116,46,107,63,96,98,118,41,62,125,55" hai3="88,89,12,74,40,39,103,28,15,34,31,80,114"/><V109/><F120/><W50/><G39/><T2/><D122/><U18/><E123/><V130/><F130/><W110/><G110/><T97/><D133/><U19/><E32/><V79/><F125/><W108/><G108/><T115/><D115/><U73/><E73/><V78/><F109/><W106/><G114/><T37/><D37/><U13/><E132/><V92/><F107/><W124/><G124/><T5/><D2/><U67/><E3/><V22/><F118/><W4/><G106/><T131/><D131/><U112/><E112/><V135/><F116/><W14/><G103/><T99/><D99/><U11/><E59/><N who="2" m="35199" /><F63/><W66/><G66/><T47/><REACH who="0" step="1"/><D17/><REACH who="0" ten="207,235,251,297" step="2"/><U77/><E19/><V30/><F98/><W51/><G4/><T72/><D72/><U121/><E18/><V81/><F135/><W54/><G74/><T68/><D68/><U45/><E71/><V58/><F30/><AGARI ba="0,1" hai="5,6,7,27,30,33,36,43,47,84,86,97,100,104" machi="30" ten="40,2600,0" yaku="1,1,53,1" doraHai="64" doraHaiUra="101" who="0" fromWho="2" sc="207,36,235,0,251,-26,297,0" /><INIT seed="3,0,0,0,4,132" ten="243,235,225,297" oya="3" hai0="119,47,53,112,17,117,68,13,46,4,76,29,96" hai1="49,87,35,5,72,107,93,133,30,6,114,38,88" hai2="20,0,59,55,7,121,103,105,83,99,15,122,16" hai3="42,9,128,36,67,62,130,98,113,100,40,37,80"/><W34/><G34/><T116/><D68/><U21/><E133/><V11/><REACH who="2" step="1"/><F83/><REACH who="2" ten="243,235,215,297" step="2"/><W115/><G80/><T123/><D116/><U56/><E114/><V135/><F135/><W71/><G113/><T25/><D117/><U134/><E134/><V63/><AGARI ba="0,1" hai="0,7,11,15,16,20,55,59,63,99,103,105,121,122" machi="63" ten="30,7900,0" yaku="21,2,0,1,54,1,53,0" doraHai="132" doraHaiUra="90" who="2" fromWho="2" sc="243,-20,235,-20,215,89,297,-39" /><INIT seed="4,0,0,5,1,1" ten="223,215,304,258" oya="0" hai0="135,15,47,71,53,52,43,61,79,102,37,112,31" hai1="101,50,121,129,9,34,49,12,55,69,72,40,32" hai2="96,116,111,27,33,8,25,81,134,77,64,39,91" hai3="117,132,113,46,38,68,104,74,35,133,4,5,122"/><T14/><D112/><U65/><E121/><V73/><F111/><W83/><RYUUKYOKU type="yao9" ba="0,0" sc="223,0,215,0,304,0,258,0" hai3="4,5,35,38,46,68,74,83,104,113,117,122,132,133" /><INIT seed="4,1,0,2,4,39" ten="223,215,304,258" oya="0" hai0="45,122,64,108,118,74,92,11,29,130,28,97,5" hai1="57,69,90,14,7,116,107,10,3,98,129,133,12" hai2="56,68,127,38,83,41,109,110,95,16,80,21,53" hai3="101,33,113,82,126,121,112,105,30,35,44,47,78"/><T114/><D118/><U50/><E69/><V15/><F68/><W94/><G105/><T34/><D122/><U125/><E116/><V63/><F127/><W103/><G121/><T123/><D123/><U19/><E125/><V27/><F110/><W119/><G119/><T54/><D108/><U111/><E111/><V1/><F1/><W124/><G94/><T31/><D114/><U2/><E129/><V58/><F109/><W135/><G82/><T60/><D130/><U81/><E133/><V49/><F38/><W52/><G78/><T120/><D74/><U132/><E132/><V117/><F117/><W88/><G135/><T85/><D85/><U24/><E24/><V26/><F26/><W87/><G87/><T104/><D104/><U67/><E81/><V76/><F76/><W23/><G23/><T86/><D86/><U128/><E128/><V61/><F95/><W59/><G59/><N who="0" m="36895" /><D34/><U13/><E2/><V66/><REACH who="2" step="1"/><F27/><REACH who="2" ten="223,215,294,258" step="2"/><W22/><G126/><T55/><D120/><U102/><E3/><V36/><F36/><W65/><G124/><T6/><D29/><U75/><E107/><V77/><F77/><W84/><G30/><T115/><D31/><U131/><E131/><V43/><F43/><W72/><G35/><T73/><D28/><U0/><E0/><V93/><F93/><W51/><G33/><T71/><D71/><U4/><E10/><V18/><F18/><W91/><G113/><T42/><D11/><U106/><E19/><V70/><F70/><W48/><G112/><T100/><D42/><U79/><E79/><V9/><F9/><RYUUKYOKU ba="1,1" sc="223,-10,215,-10,294,30,258,-10" hai2="15,16,21,41,49,53,56,58,61,63,66,80,83" /><INIT seed="5,2,1,5,3,76" ten="213,205,324,248" oya="1" hai0="52,73,135,128,110,6,27,133,94,67,32,56,59" hai1="68,10,58,8,20,93,79,39,117,99,0,17,96" hai2="107,54,9,16,83,65,12,66,42,109,80,47,112" hai3="41,63,124,81,40,70,122,2,11,4,98,51,105"/><U127/><E68/><V34/><F109/><W120/><G124/><T7/><D73/><U125/><E117/><V43/><F107/><W48/><G48/><T24/><D110/><U104/><E39/><V49/><F34/><W97/><G97/><T38/><D38/><U116/><E116/><V115/><F65/><W28/><G28/><T25/><D32/><U131/><E131/><V69/><F66/><W37/><G51/><T74/><D74/><U78/><E104/><V123/><F69/><W95/><G105/><T60/><D94/><U18/><E58/><V53/><F53/><W57/><G70/><T121/><D128/><U82/><E0/><V75/><F123/><W84/><G57/><T132/><D121/><U1/><E1/><V14/><F14/><W61/><G122/><T23/><D23/><U36/><E36/><V119/><F119/><W30/><G30/><T22/><D22/><U90/><E20/><V55/><F55/><W103/><G120/><T118/><D118/><U21/><E21/><V35/><F75/><W113/><G113/><N who="2" m="43593" /><F35/><W64/><G64/><T114/><D114/><U88/><REACH who="1" step="1"/><E93/><REACH who="1" ten="213,195,324,248" step="2"/><V101/><F101/><W129/><G129/><T45/><D45/><U62/><E62/><AGARI ba="2,2" hai="6,7,24,25,27,52,56,59,60,62,67,132,133,135" machi="62" ten="50,3200,0" yaku="20,1,54,1" doraHai="76" who="0" fromWho="1" sc="213,58,195,-38,324,0,248,0" /><INIT seed="6,0,0,2,0,13" ten="271,157,324,248" oya="2" hai0="25,49,135,80,12,78,110,11,4,6,35,0,122" hai1="112,106,105,31,34,57,18,32,85,16,1,128,125" hai2="26,72,58,10,73,118,82,134,68,23,114,33,109" hai3="19,126,9,77,43,60,108,54,20,7,95,111,113"/><V22/><F68/><W5/><G126/><T44/><D122/><U46/><E1/><V70/><F70/><W14/><G113/><T79/><D135/><U30/><E57/><V39/><F39/><W90/><G77/><T86/><D110/><U83/><E46/><V69/><F69/><W47/><G5/><T37/><D37/><U53/><E53/><V55/><F33/><W67/><G54/><T8/><D79/><U98/><E98/><V117/><F10/><W29/><G29/><N who="1" m="10762" /><E85/><V61/><F82/><W65/><G60/><T56/><D56/><U123/><E83/><V64/><F55/><W99/><G111/><T45/><D35/><N who="1" m="13355" /><E112/><V21/><F58/><W50/><REACH who="3" step="1"/><G108/><REACH who="3" ten="271,157,324,238" step="2"/><T119/><D78/><U51/><E125/><V81/><F61/><W91/><G91/><T76/><D119/><U41/><E41/><V40/><F40/><W124/><G124/><T75/><D75/><U131/><E123/><V88/><F72/><W87/><G87/><T92/><D86/><U129/><E51/><V132/><F109/><W27/><AGARI ba="0,1" hai="7,9,14,19,20,27,43,47,50,65,67,90,95,99" machi="27" ten="20,8000,1" yaku="1,1,0,1,7,1,8,1,52,1,53,0" doraHai="13" doraHaiUra="103" who="3" fromWho="3" sc="271,-20,157,-20,324,-40,238,90" /><INIT seed="7,0,0,5,3,106" ten="251,137,284,328" oya="3" hai0="124,29,61,22,7,25,107,49,66,27,15,70,74" hai1="16,57,31,36,12,114,108,77,9,3,87,90,13" hai2="53,56,122,80,132,123,115,28,94,117,105,26,126" hai3="2,67,103,121,32,130,104,43,45,78,65,46,41"/><W6/><G121/><N who="2" m="46089" /><F105/><W112/><G32/><T51/><D107/><U10/><E108/><V96/><F115/><W18/><G112/><T55/><D124/><U4/><E114/><V97/><F80/><W47/><G130/><T135/><D135/><U76/><E36/><V100/><F97/><W92/><G104/><T8/><D25/><U99/><E99/><V33/><F126/><W5/><G78/><T82/><REACH who="0" step="1"/><D55/><REACH who="0" ten="241,137,284,328" step="2"/><U50/><E31/><V24/><F24/><W23/><G43/><T102/><D102/><U1/><E1/><V44/><F132/><W37/><G41/><T30/><D30/><U14/><E3/><V68/><F117/><W79/><G2/><T75/><D75/><U116/><E14/><V0/><F53/><W125/><G103/><T113/><D113/><U35/><E116/><V34/><F100/><W73/><G73/><T111/><D111/><U128/><E128/><V109/><F26/><W110/><G110/><T93/><D93/><U88/><E35/><V17/><F94/><W40/><G92/><T134/><D134/><U81/><E77/><AGARI ba="0,1" hai="7,8,15,22,27,29,49,51,61,66,70,74,77,82" machi="77" ten="40,2600,0" yaku="1,1,52,1,53,0" doraHai="106" doraHaiUra="69" who="0" fromWho="1" sc="241,36,137,-26,284,0,328,0" owari="277,-12.3,111,-38.9,284,8.4,328,42.8" /></mjloggm>