<mjloggm ver="2.3"><GO type="169" lobby="0"/><UN n0="%E6%84%9B%E3%81%AF%E6%AD%A3%E7%BE%A9" n1="%75%79%61%6D%61" n2="%73%69%65%72%61%34%30%31" n3="%E3%81%95%E3%81%8F%E3%82%88%E3%81%93%E3%81%A1%E3%82%83%E3%82%93" dan="16,17,16,16" rate="2104.30,2141.64,2209.87,2044.87" sx="F,M,F,M"/><TAIKYOKU oya="0"/><INIT seed="0,0,0,1,0,90" ten="250,250,250,250" oya="0" hai0="79,35,77,106,115,117,65,44,119,96,91,1,78" hai1="19,2,113,75,29,104,61,33,95,30,124,122,66" hai2="101,87,40,21,41,134,38,112,20,27,131,22,120" hai3="123,76,10,114,36,7,85,71,84,17,103,73,72"/><T5/><D115/><U32/><E104/><V80/><F120/><W31/><G114/><T48/><D35/><U100/><E113/><V52/><F112/><W121/><G71/><T28/><D28/><U68/><E122/><N who="3" m="46602" /><G36/><T15/><D1/><U53/><E75/><N who="3" m="28746" /><G31/><T60/><D106/><U89/><E100/><V3/><F3/><N who="3" m="383" /><G76/><T110/><D110/><U74/><E74/><V50/><F38/><W43/><G43/><T12/><D119/><U64/><E2/><V133/><F41/><W63/><G63/><T82/><D5/><U58/><E19/><V92/><F40/><W11/><G103/><T49/><D117/><U93/><E124/><V62/><F62/><W130/><G130/><T127/><D127/><U46/><E46/><V86/><F131/><W25/><G25/><T83/><D49/><U8/><E8/><V57/><F27/><W126/><G126/><T102/><D102/><U125/><E125/><V47/><F47/><W69/><G69/><T51/><D51/><U34/><E66/><V81/><F81/><N who="0" m="30730" /><D60/><U39/><E39/><V16/><F16/><W54/><G54/><N who="0" m="29959" /><D65/><U18/><E18/><V111/><F111/><W99/><G17/><T128/><D128/><U109/><E109/><V70/><F70/><W88/><G11/><T56/><D56/><U107/><E107/><V135/><F80/><W42/><G42/><T24/><D24/><U97/><REACH who="1" step="1"/><E95/><AGARI ba="0,0" hai="84,85,88,95,99" m="383,28746,46602" machi="95" ten="30,3900,0" yaku="13,1,52,1,54,1" doraHai="90" who="3" fromWho="1" sc="250,0,250,-39,250,0,250,39" /><AGARI ba="0,0" hai="12,15,77,78,79,91,95,96" m="29959,30730" machi="95" ten="30,2900,0" yaku="8,1,52,1" doraHai="90" who="0" fromWho="1" sc="250,29,211,-29,250,0,289,0" /><INIT seed="0,1,0,3,3,16" ten="279,182,250,289" oya="0" hai0="24,108,19,91,40,122,127,33,47,35,31,80,25" hai1="99,46,15,81,110,27,113,59,78,101,10,64,124" hai2="56,129,93,74,83,3,90,69,123,95,62,29,128" hai3="30,58,94,23,109,116,14,34,5,118,22,131,6"/><T72/><D122/><U57/><E110/><V36/><F123/><W44/><G58/><T77/><D127/><U9/><E124/><V48/><F36/><W87/><G109/><T38/><D108/><U11/><E113/><V102/><F3/><W126/><G131/><T121/><D121/><U134/><E134/><V28/><F69/><W41/><G126/><T135/><D135/><U117/><E117/><V7/><F7/><W42/><G34/><T12/><D91/><U133/><E133/><V8/><F8/><W89/><G30/><T21/><REACH who="0" step="1"/><D25/><REACH who="0" ten="269,182,250,289" step="2"/><U61/><E27/><V32/><F90/><W18/><G118/><T106/><D106/><U120/><E120/><V119/><F119/><W55/><G116/><T13/><D13/><U63/><E15/><V70/><F128/><W50/><G5/><T54/><D54/><U66/><E78/><V132/><F129/><W71/><G6/><T79/><D79/><U60/><E66/><V92/><F132/><W65/><G65/><T43/><D43/><N who="3" m="16393" /><G71/><T0/><D0/><U115/><E64/><V45/><F70/><W68/><G68/><T111/><D111/><U76/><E76/><V52/><F102/><W17/><G14/><T86/><D86/><U88/><E101/><V2/><F2/><W39/><G39/><T73/><D73/><U37/><E37/><V125/><F125/><W20/><AGARI ba="1,1" hai="17,18,20,22,23,44,50,55,87,89,94" m="16393" machi="20" ten="30,7900,0" yaku="8,1,52,3" doraHai="16" who="3" fromWho="3" sc="269,-40,182,-21,250,-21,289,92" /><INIT seed="1,0,0,5,3,4" ten="229,161,229,381" oya="1" hai0="127,126,19,47,128,116,41,10,100,76,17,104,77" hai1="5,74,81,2,34,28,111,22,129,87,106,85,6" hai2="86,33,32,27,71,123,48,89,49,84,112,31,75" hai3="99,103,24,35,105,80,62,29,51,36,11,26,13"/><U3/><E34/><V50/><F123/><W95/><G36/><T102/><D116/><U7/><E106/><V25/><F75/><W132/><G132/><T9/><D47/><U114/><E114/><V20/><F71/><W12/><G105/><T38/><D104/><U101/><E101/><V121/><F121/><W40/><G26/><T109/><D41/><U131/><E74/><V88/><F112/><W21/><G35/><T42/><D42/><U44/><E44/><V79/><F79/><W23/><G23/><T16/><D38/><U57/><E57/><V119/><F119/><W18/><G13/><T65/><D65/><U120/><E120/><V113/><F113/><W54/><G80/><T63/><D63/><U117/><E117/><V1/><F1/><W0/><G0/><T58/><D58/><U135/><E135/><V82/><REACH who="2" step="1"/><F27/><REACH who="2" ten="229,161,219,381" step="2"/><W70/><G70/><T93/><D128/><N who="1" m="49227" /><E2/><V68/><F68/><W94/><G24/><T30/><D109/><U69/><E3/><V108/><F108/><W92/><G103/><T98/><D102/><U73/><E69/><V52/><F52/><W91/><G54/><T43/><D43/><U59/><E111/><V110/><F110/><W118/><G118/><T78/><REACH who="0" step="1"/><D30/><REACH who="0" ten="219,161,219,381" step="2"/><U8/><E28/><V72/><F72/><W37/><G40/><T61/><D61/><U55/><E73/><V39/><F39/><W46/><G29/><T66/><D66/><U133/><E133/><V53/><F53/><W96/><G37/><T122/><D122/><U60/><E55/><V90/><F90/><W45/><G91/><RYUUKYOKU ba="0,2" sc="219,15,161,-15,219,15,381,-15" hai0="9,10,16,17,19,76,77,78,93,98,100,126,127" hai2="20,25,31,32,33,48,49,50,82,84,86,88,89" /><INIT seed="2,1,2,1,4,11" ten="234,146,234,366" oya="2" hai0="91,35,66,51,43,30,93,99,8,122,36,128,32" hai1="108,132,90,20,123,61,77,116,54,107,86,105,131" hai2="38,53,85,45,72,25,124,133,44,69,29,120,89" hai3="59,3,104,119,78,68,83,92,117,81,60,1,5"/><V55/><F120/><W37/><G68/><T65/><D122/><U19/><E123/><V97/><F72/><W4/><G104/><T88/><D128/><U24/><E116/><V98/><F69/><W7/><G37/><T9/><D36/><U0/><E131/><V28/><F124/><W95/><G59/><T121/><D121/><U106/><E0/><N who="3" m="74" /><G60/><T63/><D35/><U34/><E132/><V73/><F73/><W27/><G27/><T74/><D74/><U130/><E130/><V21/><F133/><W101/><G78/><T70/><D66/><U15/><E77/><V111/><F111/><W109/><G101/><T112/><D112/><U42/><E42/><V52/><F29/><W102/><G102/><T10/><D32/><U26/><E108/><V46/><REACH who="2" step="1"/><F38/><REACH who="2" ten="234,146,224,366" step="2"/><W118/><G109/><T110/><D30/><U31/><E26/><V100/><F100/><W40/><G119/><T58/><D110/><U6/><E6/><V64/><F64/><W50/><G4/><T14/><D70/><U84/><REACH who="1" step="1"/><E90/><REACH who="1" ten="234,136,224,366" step="2"/><V48/><F48/><W94/><G5/><N who="0" m="3343" /><D91/><U125/><E125/><V16/><F16/><W80/><G7/><T127/><D127/><U113/><E113/><V82/><AGARI ba="1,4" hai="21,25,28,44,45,46,52,53,55,82,85,89,97,98" machi="82" ten="30,12000,1" yaku="1,1,0,1,8,1,54,1,53,1" doraHai="11" doraHaiUra="17" who="2" fromWho="2" sc="234,-41,136,-41,224,163,366,-41" /><INIT seed="2,2,0,4,4,118" ten="193,95,387,325" oya="2" hai0="77,38,26,128,37,98,135,68,60,24,112,11,29" hai1="65,48,130,42,36,49,14,4,61,114,87,107,79" hai2="127,44,43,117,100,13,53,111,115,57,71,94,132" hai3="0,55,124,30,133,102,120,52,18,103,75,99,76"/><V72/><F115/><W17/><G0/><T123/><D112/><U23/><E114/><V35/><F117/><W46/><G124/><T6/><D128/><U9/><E130/><V34/><F72/><W90/><G133/><T134/><D77/><U73/><E107/><V97/><F127/><W41/><G120/><T19/><D19/><U109/><E109/><V92/><F71/><W80/><G30/><T22/><D26/><U110/><E110/><V51/><F132/><N who="0" m="50730" /><D98/><U1/><E87/><V82/><F82/><W21/><G90/><T39/><D60/><U28/><E28/><V5/><F111/><W15/><G18/><T45/><D68/><U50/><E23/><V47/><F47/><W3/><G3/><N who="0" m="479" /><D123/><U131/><E131/><V20/><F20/><W31/><G31/><T10/><D10/><U16/><E79/><V7/><F13/><W78/><G78/><T62/><D62/><U8/><E73/><V122/><F122/><W126/><G126/><T85/><D85/><U56/><REACH who="1" step="1"/><E36/><REACH who="1" ten="193,85,387,325" step="2"/><V121/><F121/><W105/><REACH who="3" step="1"/><G102/><REACH who="3" ten="193,85,387,315" step="2"/><T64/><D29/><U83/><E83/><V119/><F119/><W70/><G70/><T125/><D125/><U91/><E91/><V129/><F129/><W25/><G25/><T40/><D24/><U96/><E96/><N who="2" m="59399" /><F35/><W95/><G95/><T81/><D81/><U74/><E74/><V63/><F34/><W33/><G33/><T108/><D108/><U89/><E89/><AGARI ba="2,2" hai="5,7,43,44,51,53,57,63,89,94,97" m="59399" machi="89" ten="30,1500,0" yaku="8,1" doraHai="118" who="2" fromWho="1" sc="193,0,85,-21,387,41,315,0" /><INIT seed="2,3,0,2,4,24" ten="193,64,428,315" oya="2" hai0="20,6,11,94,48,64,53,27,116,69,75,111,102" hai1="106,100,30,68,32,126,0,45,23,35,71,49,5" hai2="55,1,34,13,9,122,90,17,50,83,70,99,91" hai3="28,52,115,67,96,89,8,22,107,18,77,113,4"/><V84/><F122/><W104/><G67/><T38/><D38/><U133/><E126/><V16/><F70/><W10/><G77/><T128/><D111/><U114/><E114/><N who="3" m="43530" /><G28/><T87/><D75/><U118/><E118/><V134/><F134/><W130/><G130/><T79/><D116/><U37/><E37/><V88/><F34/><W42/><G42/><T7/><D128/><U78/><E78/><V132/><F132/><W15/><G10/><T123/><D123/><U59/><E59/><V12/><F99/><W97/><G52/><T39/><D39/><U109/><E133/><V43/><F43/><W120/><G120/><T56/><D69/><U46/><E46/><N who="2" m="28119" /><F1/><N who="3" m="15" /><G89/><T36/><D36/><U117/><E117/><V124/><F124/><W74/><G74/><T127/><D127/><U82/><E35/><V103/><F103/><W2/><G2/><T61/><D11/><AGARI ba="3,0" hai="9,11,12,13,16,17,83,84,88,90,91" m="28119" machi="11" ten="30,11600,0" yaku="25,1,8,1,54,2" doraHai="24" who="2" fromWho="0" sc="193,-125,64,0,428,125,315,0" /><INIT seed="2,4,0,2,0,2" ten="68,64,553,315" oya="2" hai0="52,123,94,70,118,43,102,12,100,65,35,33,15" hai1="46,68,130,80,77,124,53,31,20,131,134,25,78" hai2="34,7,39,120,27,6,23,40,76,67,11,59,96" hai3="129,61,93,84,62,1,73,112,47,119,30,75,44"/><V41/><F120/><W55/><G119/><T132/><D123/><U71/><E124/><V85/><F34/><W13/><G1/><T74/><D74/><U115/><E115/><V51/><F39/><W38/><G112/><T82/><D118/><U36/><E134/><V3/><F96/><W17/><G129/><N who="1" m="49162" /><E53/><V48/><F3/><W4/><G4/><N who="2" m="1577" /><F11/><W54/><G30/><T110/><D33/><U64/><E64/><V60/><F76/><N who="1" m="29289" /><E80/><V8/><F8/><W125/><G125/><T69/><D35/><U24/><E24/><V49/><F85/><W9/><G38/><T63/><D132/><U32/><E32/><V105/><F105/><W50/><G73/><T127/><D70/><U79/><N who="1" m="29297" /><U108/><DORA hai="128" /><E108/><V135/><F135/><W66/><G75/><T83/><D110/><U56/><E56/><V37/><F37/><W113/><G113/><T121/><D69/><U89/><E89/><V14/><F14/><W101/><G66/><T104/><D65/><U29/><E31/><AGARI ba="4,0" hai="23,27,31,40,41,48,49,51,59,60,67" m="1577" machi="31" ten="30,11600,0" yaku="8,1,52,3" doraHai="2,128" who="2" fromWho="1" sc="68,0,64,-128,553,128,315,0" owari="68,-33.2,-64,-56.4,681,78.1,315,11.5" /></mjloggm>