<mjloggm ver="2.3"><GO type="169" lobby="0"/><UN n0="%E3%81%A6%E3%82%93%E3%81%8F%E3%81%86" n1="%52%59%4F%40%53%53" n2="%E3%81%AA%E3%81%8B%E3%81%AE%E3%81%86%E3%81%88" n3="%E3%81%8C%E3%81%8F%E3%81%BE%E3%82%8B" dan="16,17,16,16" rate="2199.61,2140.59,2145.41,2044.34" sx="M,M,M,M"/><TAIKYOKU oya="0"/><INIT seed="0,0,0,2,4,114" ten="250,250,250,250" oya="0" hai0="113,104,23,65,45,82,118,66,99,73,103,76,10" hai1="49,87,6,28,69,22,107,43,58,91,110,101,89" hai2="4,93,96,116,59,71,60,133,134,56,63,72,12" hai3="126,14,90,122,135,36,1,115,85,64,127,124,16"/><T21/><D113/><U111/><E69/><V29/><F72/><W20/><G115/><T129/><D129/><U123/><E123/><V121/><F121/><W100/><G1/><T92/><D10/><U2/><E2/><V48/><F71/><W75/><G75/><T81/><D81/><U77/><E6/><V53/><F29/><W68/><G36/><T40/><D118/><U15/><E77/><V27/><F27/><W32/><G32/><T41/><D41/><U97/><E89/><V51/><F116/><W35/><G35/><T55/><D55/><U108/><E28/><V74/><F74/><W120/><G100/><T30/><D104/><U17/><E43/><V13/><F4/><W46/><G46/><T119/><D119/><U61/><E49/><N who="2" m="19019" /><F134/><W62/><REACH who="3" step="1"/><G135/><REACH who="3" ten="250,250,250,240" step="2"/><T44/><D44/><U83/><REACH who="1" step="1"/><E110/><REACH who="1" ten="250,240,250,240" step="2"/><V18/><F133/><W5/><G5/><T11/><D45/><U52/><AGARI ba="0,2" hai="15,17,22,52,58,61,83,87,91,97,101,107,108,111" machi="52" ten="30,8000,1" yaku="1,1,2,1,0,1,54,1,53,1" doraHai="114" doraHaiUra="80" who="1" fromWho="1" sc="250,-40,240,100,250,-20,240,-20" /><INIT seed="1,0,0,5,0,82" ten="210,340,230,220" oya="1" hai0="106,52,35,89,43,11,4,33,117,122,40,3,31" hai1="130,92,134,125,67,46,55,97,113,23,109,41,8" hai2="94,88,76,114,104,38,1,20,99,85,127,2,110" hai3="115,102,34,60,44,48,10,121,111,98,30,56,73"/><U79/><E113/><V78/><F114/><W53/><G121/><T132/><D117/><U68/><E125/><V80/><F127/><W83/><G115/><T9/><D106/><U131/><E79/><V75/><F110/><W100/><G111/><T27/><D132/><U14/><E134/><V42/><F20/><W6/><G30/><T61/><D122/><U37/><E109/><V59/><F59/><W45/><G34/><T128/><D128/><U112/><E112/><V81/><REACH who="2" step="1"/><F104/><REACH who="2" ten="210,340,220,220" step="2"/><W18/><G56/><T87/><D33/><U123/><E123/><V12/><F12/><W25/><G25/><T71/><D9/><U63/><E23/><V90/><F90/><W95/><G10/><T103/><D103/><U62/><E14/><V57/><F57/><W91/><G100/><T13/><D13/><U70/><E8/><V135/><F135/><W17/><G102/><T118/><D118/><U93/><E131/><V108/><F108/><W77/><G6/><T50/><D71/><U58/><E130/><V124/><F124/><W65/><G65/><T29/><D4/><U5/><E5/><V66/><F66/><W19/><G60/><T7/><D61/><U15/><E15/><V126/><F126/><W86/><REACH who="3" step="1"/><G45/><AGARI ba="0,1" hai="1,2,38,42,45,75,76,78,80,81,85,88,94,99" machi="45" ten="40,8000,1" yaku="1,1,52,1,54,1,53,1" doraHai="82" doraHaiUra="107" who="2" fromWho="3" sc="210,0,340,0,220,90,220,-80" /><INIT seed="2,0,0,1,3,74" ten="210,340,310,140" oya="2" hai0="33,130,46,93,84,92,65,6,127,135,45,82,80" hai1="108,115,119,27,5,88,50,24,10,2,18,102,121" hai2="22,32,15,101,114,118,8,86,120,44,20,132,100" hai3="91,21,37,122,16,60,26,77,59,29,14,103,109"/><V133/><F114/><W48/><G122/><T90/><D33/><U126/><E119/><V51/><F32/><W70/><G37/><T34/><D34/><U54/><E115/><V111/><F120/><W61/><G61/><T63/><D135/><N who="2" m="51786" /><F118/><W96/><G109/><T36/><D130/><U40/><E108/><V117/><F117/><W112/><G70/><T113/><D127/><U38/><E126/><V19/><F111/><W35/><G112/><T134/><D134/><U89/><E102/><N who="2" m="39531" /><F86/><W43/><G91/><T23/><D6/><U1/><E1/><V57/><F57/><W83/><G43/><AGARI ba="0,0" hai="8,15,19,20,22,43,44,51" m="39531,51786" machi="43" ten="30,1500,0" yaku="20,1" doraHai="74" who="2" fromWho="3" sc="210,0,340,0,310,15,140,-15" /><INIT seed="2,1,0,1,3,66" ten="210,340,325,125" oya="2" hai0="52,86,70,100,72,85,48,124,23,110,88,131,65" hai1="127,119,8,63,50,105,4,108,116,46,15,128,81" hai2="71,106,92,41,40,101,12,56,103,60,32,19,30" hai3="117,28,2,102,111,24,3,54,55,132,113,21,5"/><V99/><F103/><W104/><G117/><T69/><D72/><U36/><E105/><V67/><F92/><W82/><G111/><T17/><D110/><U58/><E108/><V20/><REACH who="2" step="1"/><F56/><REACH who="2" ten="210,340,315,125" step="2"/><W97/><G102/><T120/><D100/><U37/><E119/><V123/><F123/><W53/><G104/><T61/><D120/><U47/><E116/><V98/><F98/><W38/><G132/><T133/><D133/><U57/><E57/><V118/><F118/><W43/><G113/><T75/><D131/><U121/><E58/><V0/><F0/><W89/><G97/><T42/><D124/><U96/><E127/><V134/><F134/><W114/><G114/><T126/><D126/><U7/><E96/><V87/><F87/><W25/><G2/><T27/><D85/><U33/><E128/><V6/><F6/><W79/><G3/><T91/><D86/><U26/><E4/><V93/><F93/><W125/><G5/><T22/><D75/><U73/><E7/><V18/><F18/><W29/><G125/><T44/><D17/><U68/><E73/><V14/><F14/><W31/><G31/><T83/><D27/><AGARI ba="1,1" hai="12,19,20,27,30,32,40,41,60,67,71,99,101,106" machi="27" ten="40,12000,1" yaku="1,1,25,2,52,1,53,1" doraHai="66" doraHaiUra="16" who="2" fromWho="0" sc="210,-123,340,0,315,133,125,0" /><INIT seed="2,2,0,0,4,115" ten="87,340,448,125" oya="2" hai0="36,120,127,46,13,100,31,60,82,106,132,21,133" hai1="4,89,134,108,93,40,55,121,83,77,128,38,45" hai2="102,65,47,99,116,71,113,109,101,87,9,107,41" hai3="12,112,86,129,59,43,16,66,52,29,27,96,104"/><V57/><F113/><W8/><G112/><T35/><D120/><U14/><E121/><V126/><F71/><W124/><G124/><T122/><D122/><U117/><E108/><V39/><F126/><W18/><G43/><T80/><D127/><U0/><E0/><V2/><F109/><W7/><G129/><T53/><D35/><U24/><E128/><V3/><F102/><W49/><G66/><T15/><D15/><U67/><E67/><V34/><F34/><W28/><G28/><T58/><D46/><U30/><E55/><V61/><F116/><W10/><G86/><T76/><D36/><U125/><E134/><N who="0" m="51817" /><D76/><U135/><E117/><V56/><F56/><W23/><REACH who="3" step="1"/><G8/><REACH who="3" ten="87,340,448,115" step="2"/><T103/><D31/><U42/><E42/><V32/><F9/><W54/><G54/><T131/><D53/><U50/><E40/><V119/><F119/><W25/><G25/><T26/><D26/><U22/><E24/><V91/><REACH who="2" step="1"/><F32/><REACH who="2" ten="87,340,438,115" step="2"/><W111/><G111/><T123/><D131/><U130/><E130/><V118/><F118/><W78/><G78/><T6/><D123/><U97/><E125/><V20/><F20/><W1/><G1/><T11/><D21/><U69/><E135/><V64/><F64/><W88/><G88/><T5/><D11/><U33/><E33/><V92/><AGARI ba="2,2" hai="2,3,39,41,47,57,61,65,87,91,92,99,101,107" machi="92" ten="20,3900,0" yaku="1,1,0,1,7,1,53,0" doraHai="115" doraHaiUra="114" who="2" fromWho="2" sc="87,-15,340,-15,438,65,115,-15" /><INIT seed="2,3,0,4,0,102" ten="72,325,503,100" oya="2" hai0="3,84,133,73,51,53,66,119,99,49,79,86,54" hai1="18,128,9,21,75,96,130,76,59,29,110,115,11" hai2="94,65,43,91,47,77,60,67,125,118,52,41,35" hai3="82,106,45,39,33,90,129,117,57,30,16,104,131"/><V88/><F118/><W42/><G117/><T89/><D119/><U81/><E115/><V95/><F35/><W22/><G30/><T123/><D123/><U127/><E127/><V78/><F60/><W34/><G57/><T36/><D36/><U64/><E29/><V71/><F47/><W114/><G114/><T1/><D73/><U46/><E46/><V85/><F85/><N who="3" m="50487" /><G33/><T25/><D25/><U126/><E126/><V105/><F125/><W70/><G70/><T101/><D89/><U26/><E110/><V132/><F71/><W58/><G58/><T97/><D101/><U72/><E96/><V100/><F100/><W20/><G20/><T31/><D31/><U135/><E72/><V7/><F7/><W27/><G34/><T55/><D79/><U28/><E28/><V15/><F15/><W87/><G87/><T13/><D53/><U111/><E111/><V37/><F37/><W56/><G56/><T112/><D13/><U0/><E0/><V113/><F52/><W17/><G17/><T44/><D44/><U134/><E59/><V124/><F124/><W121/><G121/><T116/><D116/><U5/><E64/><V68/><F68/><W32/><G32/><T83/><D112/><U108/><E108/><V80/><F113/><W109/><G109/><T93/><D66/><U19/><E19/><V14/><F14/><W2/><G2/><T40/><D40/><U23/><E23/><V12/><F12/><W98/><G98/><T10/><D10/><N who="1" m="3595" /><E5/><V103/><F43/><W6/><G6/><T120/><D120/><U48/><E48/><RYUUKYOKU ba="3,0" sc="72,-15,325,15,503,-15,100,15" hai1="18,21,26,75,76,81,128,130,134,135" hai3="16,22,27,39,42,45,104,106,129,131" /><INIT seed="3,4,0,4,0,10" ten="57,340,488,115" oya="3" hai0="60,98,35,11,21,28,6,2,74,42,131,103,61" hai1="82,104,76,64,132,135,112,95,87,99,111,115,94" hai2="31,107,32,126,118,97,1,129,19,17,49,30,109" hai3="52,8,29,102,9,86,128,48,116,91,22,124,113"/><W105/><G113/><N who="1" m="43594" /><E64/><V68/><F126/><W36/><G116/><T62/><D131/><U110/><E104/><V89/><F129/><W84/><G128/><T13/><D74/><U77/><E76/><V43/><F109/><N who="1" m="41481" /><E99/><V80/><F68/><W4/><G36/><T23/><D42/><U33/><E33/><V12/><F43/><W127/><G102/><T44/><D44/><U100/><E100/><V54/><F89/><W106/><G86/><T133/><D133/><AGARI ba="4,0" hai="77,82,87,94,95,132,133,135" m="41481,43594" machi="133" ten="40,8000,1" yaku="20,1,14,1,34,2" doraHai="10" who="1" fromWho="0" sc="57,-92,340,92,488,0,115,0" owari="-35,-53.5,432,23.2,488,58.8,115,-28.5" /></mjloggm>