<mjloggm ver="2.3"><GO type="169" lobby="0"/><UN n0="%E3%81%9F%E3%81%91%E3%81%B4%E3%83%BC%40%55%4E%50" n1="%E3%81%82%E3%81%95%E3%81%B4%E3%82%93%EF%BC%A0%EF%BD%8D%EF%BD%8A" n2="%42%42%E3%81%A7%E3%81%99%E3%80%82" n3="%E3%82%AD%E3%83%B3%E3%82%B0%E3%81%82%E3%81%A4%E3%81%97" dan="17,18,17,16" rate="2196.87,2295.24,2186.41,2162.78" sx="M,M,M,M"/><TAIKYOKU oya="0"/><INIT seed="0,0,0,1,5,119" ten="250,250,250,250" oya="0" hai0="63,112,105,46,31,24,56,103,54,41,26,47,17" hai1="93,68,100,115,110,58,104,36,89,95,87,98,18" hai2="43,49,33,127,40,13,6,35,28,80,38,29,75" hai3="101,92,77,111,134,11,55,84,64,42,48,67,57"/><T53/><D112/><U79/><E68/><V61/><F38/><W78/><G111/><T8/><D105/><U10/><E36/><V23/><F127/><W117/><G134/><T25/><D103/><U72/><E58/><V130/><F130/><W131/><G131/><T82/><D31/><U12/><E95/><V15/><F23/><W66/><G117/><T14/><D41/><U2/><E2/><V91/><F6/><W76/><G42/><T34/><D34/><U114/><REACH who="1" step="1"/><E110/><REACH who="1" ten="250,240,250,250" step="2"/><V108/><F108/><W20/><G92/><T128/><D128/><U37/><E37/><V50/><F80/><AGARI ba="0,1" hai="10,12,18,72,79,80,87,89,93,98,100,104,114,115" machi="80" ten="40,5200,0" yaku="1,1,24,2,53,0" doraHai="119" doraHaiUra="27" who="1" fromWho="2" sc="250,0,240,62,250,-52,250,0" /><INIT seed="1,0,0,5,2,28" ten="250,302,198,250" oya="1" hai0="116,30,15,19,123,55,41,101,98,77,93,75,52" hai1="24,21,92,121,47,109,70,69,85,27,2,34,63" hai2="50,54,46,18,25,64,66,80,73,88,81,48,16" hai3="43,89,65,68,12,0,132,82,84,6,29,11,38"/><U115/><E115/><V133/><F133/><W118/><G132/><T129/><D116/><U102/><E121/><V56/><F73/><W20/><G118/><T59/><D123/><U87/><E2/><V117/><F117/><W72/><G68/><T99/><D129/><U103/><E47/><V100/><F100/><W78/><G65/><T62/><D41/><U134/><E134/><V10/><F25/><W3/><G3/><T91/><D30/><U74/><E74/><V126/><F126/><W120/><G120/><T67/><D77/><U39/><E39/><V22/><F10/><W125/><G125/><T9/><REACH who="0" step="1"/><D75/><REACH who="0" ten="240,302,198,250" step="2"/><U122/><E122/><V95/><F64/><W76/><G76/><T79/><D79/><U106/><E70/><V135/><F135/><W14/><G29/><T35/><D35/><U51/><E34/><V111/><F111/><W58/><G78/><T127/><D127/><U130/><E69/><V83/><F66/><W131/><G72/><T96/><D96/><U53/><E130/><V61/><F22/><W114/><G20/><T112/><D112/><U8/><E21/><V57/><F61/><W45/><G114/><T104/><AGARI ba="0,1" hai="9,15,19,52,55,59,62,67,91,93,98,99,101,104" machi="104" ten="20,5200,0" yaku="1,1,0,1,7,1,54,1,53,0" doraHai="28" doraHaiUra="17" who="0" fromWho="0" sc="240,62,302,-26,198,-13,250,-13" /><INIT seed="2,0,0,4,2,95" ten="302,276,185,237" oya="2" hai0="132,78,33,93,109,100,130,43,48,42,122,120,34" hai1="59,1,56,74,125,96,5,108,97,9,60,47,17" hai2="15,115,99,51,112,25,119,70,76,135,121,98,114" hai3="27,20,84,32,73,126,116,75,129,21,67,62,81"/><V12/><F119/><W87/><G116/><T83/><D109/><U2/><E74/><V117/><F117/><W41/><G32/><T52/><D130/><U107/><E107/><V133/><F121/><W8/><G129/><T53/><D132/><N who="2" m="50762" /><F70/><W44/><G8/><T46/><D33/><U6/><E108/><V88/><F76/><W4/><G4/><T13/><D34/><U69/><E69/><V128/><F128/><W101/><G101/><T111/><D111/><U106/><E106/><V85/><F25/><W55/><G55/><T36/><D53/><U16/><E9/><V65/><F51/><W11/><G11/><T131/><D131/><U35/><E35/><V113/><F65/><W29/><G21/><T79/><D79/><U86/><E47/><V26/><F26/><W123/><G126/><T91/><D13/><N who="2" m="5194" /><F115/><W102/><G27/><T77/><D77/><U58/><E58/><V24/><F24/><W37/><G67/><T50/><D50/><U94/><E60/><V22/><F22/><W64/><G20/><T31/><D78/><U10/><E10/><V72/><F72/><W63/><G63/><T71/><D71/><U92/><REACH who="1" step="1"/><E86/><REACH who="1" ten="302,266,185,237" step="2"/><V90/><F85/><W103/><G62/><T19/><D46/><U54/><E54/><V66/><F66/><W124/><G75/><T57/><D52/><U18/><E18/><V68/><F68/><W7/><G73/><T80/><D19/><U134/><E134/><V28/><F28/><W0/><G44/><T105/><D57/><U3/><E3/><V30/><F30/><W14/><G29/><RYUUKYOKU ba="0,1" sc="302,-15,266,15,185,15,237,-15" hai1="1,2,5,6,16,17,56,59,92,94,96,97,125" hai2="88,90,98,99,112,113,114" /><INIT seed="2,1,1,5,5,23" ten="287,281,200,222" oya="2" hai0="90,27,61,58,38,82,36,33,48,72,59,7,110" hai1="37,122,65,39,91,25,114,46,47,120,112,77,101" hai2="60,96,130,99,18,84,24,135,127,69,55,128,83" hai3="50,79,126,123,43,52,45,71,93,124,134,111,68"/><V94/><F127/><N who="3" m="48683" /><G79/><T73/><D110/><U30/><E77/><N who="2" m="46191" /><F135/><W9/><G111/><T117/><D7/><U19/><E19/><V92/><F69/><N who="3" m="26699" /><G134/><T103/><D103/><U14/><E14/><V3/><F3/><W113/><G123/><N who="1" m="47146" /><E65/><V119/><F119/><W40/><G93/><N who="2" m="35945" /><F130/><W53/><G9/><T12/><D117/><U16/><E91/><V17/><F128/><W22/><G22/><T56/><D90/><U74/><E74/><V108/><F108/><W63/><G113/><N who="1" m="43626" /><E101/><V13/><F18/><W78/><G78/><T87/><D73/><U66/><E66/><V85/><F85/><W28/><G28/><T116/><D87/><U2/><E2/><V26/><F96/><W88/><G88/><T118/><D118/><U75/><E75/><V34/><F99/><W49/><G63/><T115/><D61/><U98/><E98/><V81/><F81/><W42/><G53/><T64/><D116/><U10/><E10/><N who="2" m="6327" /><F34/><W6/><G6/><T41/><D115/><U57/><E16/><V29/><F29/><W125/><N who="3" m="48691" /><W51/><AGARI ba="1,1" hai="40,42,43,45,49,50,51,52" m="26699,48691" machi="51" ten="50,8000,1" yaku="4,1,18,1,34,2,54,1" doraHai="23" who="3" fromWho="3" sc="287,-21,281,-21,200,-41,222,93" /><INIT seed="3,0,0,1,0,52" ten="266,260,159,315" oya="3" hai0="111,61,51,63,28,77,30,47,23,119,121,102,104" hai1="128,15,95,81,1,8,64,54,109,115,120,80,65" hai2="41,69,71,33,35,40,117,10,122,26,57,43,131" hai3="103,98,72,0,110,53,78,12,123,29,39,21,112"/><W67/><G112/><T126/><D119/><U134/><E115/><V14/><F117/><W18/><G123/><T83/><D121/><U106/><E120/><V94/><F122/><W4/><G67/><T101/><D111/><U32/><E106/><V90/><F131/><W125/><G125/><T17/><D126/><U84/><E32/><V91/><F26/><W46/><G29/><T11/><D11/><U108/><E1/><V86/><F33/><W38/><G110/><N who="1" m="42602" /><E134/><V16/><F35/><W37/><G0/><T89/><D89/><N who="1" m="53671" /><E54/><V27/><F27/><W96/><G4/><T31/><D104/><U135/><E135/><V24/><F24/><W2/><G2/><T19/><D101/><U59/><E128/><V62/><REACH who="2" step="1"/><F90/><REACH who="2" ten="266,260,149,315" step="2"/><W92/><G103/><T130/><D102/><U5/><E65/><AGARI ba="0,1" hai="10,14,16,40,41,43,57,62,65,69,71,86,91,94" machi="65" ten="40,8000,1" yaku="1,1,2,1,52,1,54,1,53,0" doraHai="52" doraHaiUra="73" who="2" fromWho="1" sc="266,0,260,-80,149,90,315,0" /><INIT seed="4,0,0,3,3,70" ten="266,180,239,315" oya="0" hai0="112,6,69,36,43,13,93,61,49,5,89,78,127" hai1="14,11,126,104,10,82,64,121,38,109,103,96,123" hai2="134,77,116,128,56,22,106,110,95,88,90,16,120" hai3="12,79,7,72,97,18,39,129,58,135,101,2,47"/><T102/><D112/><U80/><E109/><V94/><F110/><W107/><G58/><T131/><D131/><U25/><E126/><V42/><F106/><W74/><G129/><T53/><D127/><U91/><E64/><V8/><F128/><W108/><G108/><T66/><D78/><U50/><E25/><N who="2" m="14535" /><F120/><W55/><G135/><T105/><D102/><U19/><E38/><V29/><F134/><W32/><G32/><T83/><D83/><U23/><E121/><V124/><F124/><W28/><G28/><T59/><D13/><U86/><E123/><V132/><F132/><W40/><G79/><T52/><D53/><U119/><E119/><V0/><F0/><W3/><G7/><T85/><D105/><U17/><E17/><V114/><F114/><W9/><REACH who="3" step="1"/><G55/><REACH who="3" ten="266,180,239,305" step="2"/><T122/><D122/><U84/><REACH who="1" step="1"/><E50/><REACH who="1" ten="266,170,239,305" step="2"/><V133/><F133/><W130/><G130/><T68/><REACH who="0" step="1"/><D69/><REACH who="0" ten="256,170,239,305" step="2"/><U37/><E37/><V100/><F116/><W73/><AGARI ba="0,3" hai="2,3,9,12,18,39,40,47,72,73,74,97,101,107" machi="73" ten="30,4000,0" yaku="1,1,0,1,52,1,53,0" doraHai="70" doraHaiUra="75" who="3" fromWho="3" sc="256,-20,170,-10,239,-10,305,70" /><INIT seed="5,0,0,4,3,58" ten="236,160,229,375" oya="1" hai0="62,53,27,60,12,123,22,24,46,71,39,103,130" hai1="101,9,61,106,75,20,134,36,63,99,129,33,77" hai2="30,110,115,78,1,4,114,45,86,95,23,70,11" hai3="44,40,56,69,83,105,133,6,85,131,32,88,15"/><U119/><E119/><V122/><F110/><W67/><G105/><T113/><D113/><N who="2" m="43018" /><F122/><W59/><G32/><T100/><D123/><U29/><E36/><V73/><F70/><W31/><G31/><T79/><D71/><U91/><E33/><V135/><F135/><W28/><G28/><T16/><D130/><U118/><E118/><V66/><F66/><W107/><G107/><T34/><D79/><U132/><E129/><V37/><F95/><W54/><G131/><T65/><D65/><U126/><E126/><V3/><F86/><W124/><G124/><T108/><D108/><U112/><E112/><V10/><F23/><W125/><G133/><N who="1" m="51306" /><E91/><V5/><F30/><W25/><G69/><T64/><D64/><U109/><E109/><V93/><F93/><W117/><G67/><T18/><D34/><U50/><E9/><V76/><F73/><W21/><G125/><T81/><D81/><N who="1" m="45247" /><E50/><V74/><F74/><W84/><G83/><T116/><D116/><U55/><E55/><V42/><AGARI ba="0,0" hai="1,3,4,5,10,11,37,42,45,76,78" m="43018" machi="42" ten="30,2000,0" yaku="15,1,11,1" doraHai="58" who="2" fromWho="2" sc="236,-5,160,-10,229,20,375,-5" /><INIT seed="6,0,0,0,1,89" ten="231,150,249,370" oya="2" hai0="114,73,7,39,103,72,100,27,51,96,110,67,71" hai1="13,45,18,107,92,3,56,17,62,19,20,94,24" hai2="129,126,52,120,23,53,113,28,64,81,97,70,10" hai3="41,34,14,132,63,46,134,30,49,26,66,12,59"/><V85/><F120/><W69/><G69/><T48/><D110/><U79/><E107/><V21/><F129/><W42/><G42/><T25/><D39/><U99/><E3/><V88/><F113/><W11/><REACH who="3" step="1"/><G14/><REACH who="3" ten="231,150,249,360" step="2"/><T90/><D71/><U93/><E79/><V43/><F70/><W9/><G9/><T121/><D114/><U118/><E118/><V109/><F10/><W65/><G65/><T98/><D67/><N who="1" m="39367" /><E45/><V54/><F64/><W91/><G91/><T123/><D90/><N who="1" m="55703" /><E13/><V60/><F43/><W87/><G87/><T84/><D84/><U83/><E83/><V0/><F81/><W61/><G61/><T115/><D115/><U5/><E5/><AGARI ba="0,1" hai="5,11,12,26,30,34,41,46,49,59,63,66,132,134" machi="5" ten="40,1300,0" yaku="1,1,53,0" doraHai="89" doraHaiUra="104" who="3" fromWho="1" sc="231,0,150,-13,249,0,360,23" /><AGARI ba="0,0" hai="5,7,25,27,48,51,72,73,96,98,100,103,121,123" machi="5" ten="25,1600,0" yaku="22,2" doraHai="89" who="0" fromWho="1" sc="231,16,137,-16,249,0,383,0" /><INIT seed="7,0,0,1,2,22" ten="247,121,249,383" oya="3" hai0="1,92,98,103,36,28,56,130,75,20,15,107,24" hai1="131,85,112,121,57,5,71,97,124,109,41,88,123" hai2="101,32,3,37,29,26,105,80,52,48,113,125,83" hai3="95,16,134,58,129,35,63,111,72,108,114,33,128"/><W68/><G114/><T104/><D1/><U23/><E71/><V70/><F37/><W60/><G134/><T76/><D36/><U10/><E109/><V135/><F3/><W100/><G72/><T11/><D130/><U133/><E131/><V31/><F31/><W67/><G35/><T77/><D75/><U40/><E112/><V91/><F113/><W66/><G33/><T19/><D107/><U53/><E133/><V96/><F135/><W27/><G100/><T61/><D104/><U65/><E124/><V42/><F42/><W45/><G95/><T119/><D119/><U50/><E121/><V14/><F125/><W120/><G45/><T38/><D38/><U87/><E123/><V59/><F70/><W122/><G122/><T46/><D46/><U90/><E97/><V51/><F51/><W0/><G0/><T84/><D84/><U30/><E65/><AGARI ba="0,0" hai="11,15,19,20,24,28,56,61,65,76,77,92,98,103" machi="65" ten="30,8000,1" yaku="7,1,25,2,8,1,52,1" doraHai="22" who="0" fromWho="1" sc="247,80,121,-80,249,0,383,0" owari="327,12.7,41,-45.9,249,-15.1,383,48.3" /></mjloggm>