<mjloggm ver="2.3"><GO type="169" lobby="0"/><UN n0="%41%6C%6C%2D%4C%75%63%6B" n1="%70%6F%6E%2D%65%6E" n2="%E7%99%BD%E3%81%AE%E7%A9%BA" n3="%E3%82%82%E3%82%8A%E3%82%8A%E3%82%93%E3%82%82%E3%82%8A%E3%82%82%E3%82%8A" dan="16,16,17,16" rate="2131.21,2121.30,2215.94,2046.35" sx="M,F,M,M"/><TAIKYOKU oya="0"/><INIT seed="0,0,0,2,2,47" ten="250,250,250,250" oya="0" hai0="37,74,59,36,98,49,26,12,44,4,7,61,106" hai1="135,17,89,122,117,31,108,66,72,109,54,32,5" hai2="70,134,119,20,25,67,115,2,102,93,132,81,55" hai3="105,118,19,133,116,114,48,101,13,92,125,121,51"/><T75/><D36/><U22/><E117/><V6/><F115/><W87/><G114/><T130/><D37/><U34/><E122/><V39/><F119/><W83/><G121/><T0/><D0/><U69/><E135/><V111/><F111/><N who="1" m="42569" /><E72/><V71/><F39/><W28/><G28/><T62/><D130/><U80/><E31/><V14/><F2/><W15/><G105/><T127/><D127/><U90/><E5/><V56/><F81/><W29/><G29/><T8/><D4/><U84/><E89/><V27/><F93/><W91/><G133/><T42/><D62/><N who="1" m="40151" /><E54/><V18/><F102/><W100/><G125/><T68/><D68/><U38/><E38/><V3/><F70/><W77/><G118/><T53/><REACH who="0" step="1"/><D26/><AGARI ba="0,0" hai="17,22,26,32,34,80,84,90" m="40151,42569" machi="26" ten="30,1000,0" yaku="14,1" doraHai="47" who="1" fromWho="0" sc="250,-10,250,10,250,0,250,0" /><INIT seed="1,0,0,3,2,79" ten="240,260,250,250" oya="1" hai0="116,28,26,72,19,80,41,23,82,57,33,1,115" hai1="27,108,105,29,45,53,90,98,6,131,16,31,30" hai2="100,56,92,127,63,21,73,60,51,134,5,97,39" hai3="88,107,48,59,35,109,133,9,74,4,54,125,11"/><U126/><E126/><V62/><F134/><W111/><G125/><T58/><D72/><U95/><E131/><V55/><F127/><W24/><G74/><T64/><D115/><U119/><E119/><V132/><F132/><W106/><G133/><T75/><D75/><U114/><E114/><V52/><F39/><W135/><G135/><T81/><D41/><U69/><E69/><V94/><F73/><W84/><G24/><T43/><D43/><U36/><E108/><N who="3" m="41546" /><G35/><T85/><D116/><U50/><E36/><V46/><F5/><W102/><G102/><T122/><D122/><U22/><E105/><N who="3" m="39946" /><G4/><AGARI ba="0,0" hai="4,6,16,22,27,29,30,31,45,50,53,90,95,98" machi="4" ten="40,3900,0" yaku="8,1,54,1" doraHai="79" who="1" fromWho="3" sc="240,0,260,39,250,0,250,-39" /><INIT seed="1,1,0,5,1,51" ten="240,299,250,211" oya="1" hai0="116,63,75,30,38,125,15,79,99,113,103,26,65" hai1="23,123,84,25,82,112,110,94,70,11,62,58,3" hai2="49,117,41,6,100,111,24,104,98,101,61,47,83" hai3="69,46,5,90,88,135,16,53,20,1,108,42,18"/><U126/><E112/><V8/><F117/><W77/><G69/><T105/><D116/><U89/><E123/><V22/><F111/><W50/><G108/><T48/><D125/><U39/><E110/><V92/><F61/><W33/><G33/><N who="0" m="20695" /><D48/><U96/><E126/><V67/><F67/><W36/><G77/><T124/><D124/><U7/><E70/><V107/><F83/><W78/><G78/><T2/><D15/><U87/><E39/><V12/><REACH who="2" step="1"/><F101/><REACH who="2" ten="240,299,240,211" step="2"/><W31/><G135/><T56/><D113/><U19/><REACH who="1" step="1"/><E82/><REACH who="1" ten="240,289,240,211" step="2"/><V133/><F133/><W37/><G37/><T34/><D38/><U93/><E93/><V55/><F55/><AGARI ba="1,2" hai="3,7,11,19,23,25,55,58,62,84,87,89,94,96" machi="55" ten="30,18000,2" yaku="1,1,7,1,25,2,52,1,53,1" doraHai="51" doraHaiUra="14" who="1" fromWho="2" sc="240,0,289,203,240,-183,211,0" /><INIT seed="1,2,0,1,4,52" ten="240,492,57,211" oya="1" hai0="84,104,1,19,133,87,73,88,26,0,28,131,15" hai1="93,12,43,18,92,127,122,57,126,48,68,114,35" hai2="130,100,90,37,111,55,132,3,4,34,63,96,24" hai3="6,85,129,118,11,99,80,121,17,101,125,62,29"/><U56/><E114/><V33/><F111/><W39/><G121/><T13/><D104/><U71/><E122/><V67/><F130/><W58/><G39/><T112/><D73/><U117/><E35/><V14/><F132/><W123/><G125/><N who="1" m="47626" /><E117/><V36/><F90/><W113/><G129/><T128/><D112/><U47/><E92/><V5/><F55/><W30/><G17/><T25/><D19/><U82/><E93/><V98/><F14/><W91/><G123/><T74/><D74/><U2/><E2/><V72/><F72/><W66/><G113/><T89/><REACH who="0" step="1"/><D28/><REACH who="0" ten="230,492,57,211" step="2"/><U21/><E82/><V23/><F4/><W8/><G118/><T97/><D97/><U59/><AGARI ba="2,1" hai="12,18,21,43,47,48,56,57,59,68,71" m="47626" machi="59" ten="30,11700,0" yaku="18,1,52,3" doraHai="52" who="1" fromWho="1" sc="230,-41,492,133,57,-41,211,-41" /><INIT seed="1,3,0,3,1,17" ten="189,625,16,170" oya="1" hai0="90,43,83,37,10,79,87,9,13,29,39,91,85" hai1="47,128,42,24,81,69,120,0,110,55,25,28,23" hai2="31,127,131,33,61,82,67,16,22,76,72,30,115" hai3="114,104,122,14,132,2,18,27,1,50,20,113,8"/><U48/><E120/><V105/><F105/><W75/><G75/><T112/><D112/><N who="3" m="43113" /><G50/><T78/><D29/><U41/><E128/><V62/><F115/><W96/><G104/><T133/><D133/><U54/><E0/><N who="3" m="106" /><G96/><T74/><D74/><U97/><E110/><V111/><F111/><W77/><G77/><T129/><D129/><U80/><E69/><V98/><F131/><W44/><G44/><T103/><D103/><U93/><E25/><V59/><F127/><W34/><G132/><T121/><D121/><U6/><E6/><V130/><F130/><W35/><G122/><T63/><D63/><U60/><E55/><V53/><F98/><W101/><G101/><T52/><D43/><N who="1" m="16395" /><E60/><V36/><F36/><W58/><G58/><T119/><D52/><U45/><E47/><V123/><F123/><W11/><G11/><T64/><D9/><U73/><E73/><V88/><F88/><AGARI ba="3,0" hai="23,24,28,45,48,54,80,81,88,93,97" m="16395" machi="88" ten="30,5800,0" yaku="8,1,52,1,54,1" doraHai="17" who="1" fromWho="2" sc="189,0,625,67,16,-67,170,0" owari="189,-1.1,692,79.2,-51,-55.1,170,-23.0" /></mjloggm>