<mjloggm ver="2.3"><GO type="169" lobby="0"/><UN n0="%E3%83%80%E3%82%AF%E3%82%BF%E3%83%BC%E3%82%AF%E3%83%AA%E3%83%83%E3%83%97" n1="%E3%81%8B%E3%82%81%E3%81%98%E3%82%8D%E3%81%86" n2="%E6%9C%88%E5%A4%9C%E3%81%AB%E9%A2%A8" n3="%57%44%44%69%65" dan="19,17,16,16" rate="2247.80,2217.06,2077.68,2063.16" sx="M,M,M,M"/><TAIKYOKU oya="0"/><INIT seed="0,0,0,4,5,80" ten="250,250,250,250" oya="0" hai0="35,129,96,99,119,39,82,62,94,36,103,132,10" hai1="42,109,118,122,71,107,65,91,85,55,123,26,4" hai2="97,102,112,83,87,14,68,90,64,73,43,124,32" hai3="88,44,77,135,20,63,70,86,114,49,105,133,58"/><T17/><D119/><U27/><E118/><V116/><F112/><W25/><G105/><T3/><D35/><U9/><E107/><V84/><F116/><W89/><G70/><T51/><D129/><U95/><E109/><V34/><F73/><W121/><G114/><T66/><D132/><N who="3" m="50761" /><G121/><T7/><D99/><U69/><E42/><V117/><F124/><W28/><G77/><T125/><D125/><U61/><E69/><V115/><F115/><W100/><G100/><T47/><D17/><U57/><E122/><V41/><F117/><W22/><G22/><T40/><REACH who="0" step="1"/><D82/><REACH who="0" ten="240,250,250,250" step="2"/><U21/><E123/><V37/><F34/><W18/><G18/><T56/><AGARI ba="0,1" hai="3,7,10,36,39,40,47,51,56,62,66,94,96,103" machi="56" ten="20,7800,0" yaku="1,1,2,1,0,1,7,1,53,0" doraHai="80" doraHaiUra="127" who="0" fromWho="0" sc="240,88,250,-26,250,-26,250,-26" /><INIT seed="0,1,0,3,3,54" ten="328,224,224,224" oya="0" hai0="22,83,80,28,86,26,77,35,108,5,89,46,33" hai1="85,130,68,55,116,72,71,132,23,14,98,103,120" hai2="109,75,43,84,133,16,49,79,111,15,65,36,113" hai3="42,30,126,32,115,123,61,59,34,56,76,9,107"/><T93/><D108/><N who="2" m="41546" /><F113/><W66/><G115/><T50/><D5/><U114/><E114/><V128/><F128/><W18/><G107/><T12/><D12/><U21/><E116/><V74/><F36/><W57/><G126/><T106/><D106/><U44/><E120/><V81/><F133/><W122/><G76/><T124/><D124/><U40/><E72/><V117/><F65/><W48/><G42/><T82/><REACH who="0" step="1"/><D77/><REACH who="0" ten="318,224,224,224" step="2"/><U45/><E14/><V60/><F117/><W25/><G9/><T73/><D73/><U11/><E132/><V102/><F79/><W87/><G123/><T118/><D118/><U69/><E11/><V63/><F75/><W39/><G122/><T97/><D97/><U104/><E130/><V129/><F15/><W112/><G112/><T134/><D134/><U0/><E0/><V135/><F74/><W6/><G6/><T41/><AGARI ba="1,1" hai="22,26,28,33,35,41,46,50,80,82,83,86,89,93" machi="41" ten="30,3000,0" yaku="1,1,0,1,53,0" doraHai="54" doraHaiUra="101" who="0" fromWho="0" sc="318,43,224,-11,224,-11,224,-11" /><INIT seed="0,2,0,5,3,47" ten="361,213,213,213" oya="0" hai0="99,84,2,80,133,33,53,29,111,40,104,73,88" hai1="69,19,130,95,25,127,6,90,131,14,51,74,122" hai2="64,118,27,44,114,116,65,115,93,1,94,61,120" hai3="109,119,135,45,11,98,79,15,22,5,97,63,82"/><T112/><D112/><U46/><E122/><V75/><F75/><W42/><G109/><T17/><D2/><U54/><E74/><V60/><F1/><W23/><G135/><T86/><D73/><U92/><E69/><V87/><F27/><W128/><G128/><N who="1" m="49194" /><E127/><V36/><F87/><W4/><G4/><T110/><D133/><U50/><E6/><V101/><F101/><W28/><G63/><T68/><D68/><U34/><E90/><V39/><REACH who="2" step="1"/><F44/><REACH who="2" ten="361,213,203,213" step="2"/><W3/><G3/><T124/><D86/><U43/><E25/><V96/><F96/><W16/><G119/><T121/><D99/><U31/><E34/><V52/><F52/><W71/><G98/><T30/><D53/><U18/><E31/><V9/><F9/><W32/><G97/><T66/><D33/><U41/><E41/><V125/><F125/><W113/><G113/><T83/><D40/><U102/><E102/><V103/><F103/><W108/><G108/><T12/><D124/><U7/><E7/><V100/><F100/><W123/><G32/><T56/><D30/><U35/><E35/><V21/><F21/><W59/><G28/><T24/><D29/><U10/><E18/><V81/><F81/><W67/><G5/><T49/><D24/><U48/><E54/><V129/><F129/><W89/><G23/><T85/><D111/><U70/><E70/><V107/><F107/><W62/><G71/><T78/><D104/><U38/><AGARI ba="2,1" hai="10,14,19,38,43,46,48,50,51,92,95" m="49194" machi="38" ten="30,7900,0" yaku="19,1,52,3" doraHai="47" who="1" fromWho="1" sc="361,-41,213,95,203,-22,213,-22" /><INIT seed="1,0,0,1,0,43" ten="320,308,181,191" oya="1" hai0="3,80,40,132,51,30,22,68,103,33,84,64,36" hai1="61,2,25,110,58,109,24,31,4,1,67,44,42" hai2="65,73,96,131,6,133,124,66,16,128,62,125,107" hai3="9,115,121,71,59,95,18,56,104,37,19,48,32"/><U134/><E134/><V100/><F6/><W8/><G121/><T20/><D132/><U60/><E60/><V88/><F133/><W85/><G115/><T90/><D3/><U76/><E76/><V38/><F73/><W75/><G75/><T14/><D36/><U101/><E101/><V69/><F65/><W117/><G37/><T21/><D68/><U26/><E31/><V113/><F113/><W54/><G71/><T39/><D39/><U82/><E82/><V23/><F38/><W119/><G32/><T99/><D64/><U97/><E97/><V81/><F88/><N who="3" m="53647" /><G104/><T45/><D33/><U5/><E2/><V123/><F81/><W41/><G41/><T13/><REACH who="0" step="1"/><D30/><REACH who="0" ten="310,308,181,191" step="2"/><U127/><E1/><V120/><F123/><W78/><G119/><T91/><D91/><U118/><E118/><V93/><F120/><W112/><G117/><T17/><D17/><N who="3" m="6153" /><G112/><T83/><D83/><U77/><E77/><V126/><REACH who="2" step="1"/><F107/><AGARI ba="0,1" hai="13,14,20,21,22,40,45,51,80,84,90,99,103,107" machi="107" ten="40,2600,0" yaku="1,1,52,1,53,0" doraHai="43" doraHaiUra="135" who="0" fromWho="2" sc="310,36,308,0,181,-26,191,0" /><INIT seed="2,0,0,0,0,135" ten="346,308,155,191" oya="2" hai0="16,42,39,1,57,75,92,54,130,127,46,124,117" hai1="74,119,14,90,62,13,25,44,80,81,111,106,32" hai2="67,102,112,61,103,51,56,43,107,26,3,0,20" hai3="33,87,69,41,55,5,88,108,66,110,115,30,100"/><V125/><F112/><W118/><G118/><T77/><D117/><U73/><E119/><V27/><F27/><N who="3" m="18655" /><G41/><T134/><D92/><U11/><E106/><V72/><F72/><W82/><G5/><T68/><D134/><U34/><E111/><N who="3" m="42538" /><G100/><T89/><D89/><U63/><E44/><V91/><F91/><W121/><G121/><T37/><D37/><U109/><E109/><V129/><F129/><W99/><G99/><T123/><D123/><U6/><E90/><V10/><F107/><W4/><G4/><T24/><D1/><U36/><E6/><V78/><F78/><W21/><G21/><T116/><D68/><U97/><E25/><V23/><F23/><W132/><G132/><T133/><D133/><U76/><E11/><V60/><F10/><W120/><G120/><T71/><D71/><U98/><REACH who="1" step="1"/><E36/><REACH who="1" ten="346,298,155,191" step="2"/><V104/><F104/><W45/><G45/><T48/><D116/><U50/><E50/><V28/><F103/><W18/><G115/><T79/><D130/><U2/><E2/><V59/><F102/><W64/><G88/><T84/><D24/><U105/><E105/><V17/><F0/><W38/><G38/><T96/><D39/><U95/><E95/><V52/><F3/><W9/><G9/><T85/><D46/><U19/><E19/><V122/><F122/><W49/><G18/><T70/><D16/><U8/><E8/><V53/><F17/><W65/><G82/><T128/><D128/><U7/><E7/><V40/><REACH who="2" step="1"/><F125/><REACH who="2" ten="346,298,145,191" step="2"/><W29/><G29/><T114/><D127/><U22/><E22/><V47/><AGARI ba="0,2" hai="20,26,28,40,43,47,51,52,53,56,59,60,61,67" machi="47" ten="20,18000,2" yaku="1,1,2,1,5,1,0,1,7,1,8,1,54,1,53,0" doraHai="135" doraHaiUra="101" who="2" fromWho="2" sc="346,-60,298,-60,145,200,191,-60" /><INIT seed="2,1,0,5,4,15" ten="286,238,345,131" oya="2" hai0="122,7,8,71,133,6,67,26,56,64,55,96,27" hai1="120,25,126,109,99,79,135,37,93,59,128,104,115" hai2="30,2,43,121,34,52,129,11,35,125,102,20,127" hai3="123,41,40,54,44,38,75,73,117,110,84,48,51"/><V50/><F121/><W87/><G123/><T46/><D133/><U113/><E25/><N who="0" m="9225" /><D71/><U90/><E59/><V21/><F43/><W62/><G62/><N who="0" m="36127" /><D122/><U12/><E37/><V58/><F129/><W77/><G38/><T106/><D106/><U3/><E3/><V91/><F102/><W132/><G132/><T97/><D46/><U23/><E120/><V100/><F100/><W14/><G117/><T66/><D8/><U86/><E135/><V47/><F30/><W9/><G110/><T53/><D53/><U108/><E128/><V74/><F74/><W32/><G32/><T39/><D39/><U18/><E126/><N who="2" m="48139" /><F47/><W112/><G112/><T103/><D103/><N who="1" m="62591" /><E79/><V131/><F131/><W31/><G31/><T118/><D118/><U0/><E0/><V116/><F116/><W68/><G68/><T76/><D76/><U85/><E113/><V80/><F34/><W88/><G75/><T16/><D97/><N who="1" m="57527" /><E115/><V83/><F35/><W82/><G51/><T57/><D57/><U4/><E109/><V13/><F2/><W17/><REACH who="3" step="1"/><G73/><REACH who="3" ten="286,238,345,121" step="2"/><T69/><D69/><U111/><E111/><V5/><F50/><W92/><AGARI ba="1,1" hai="9,14,17,40,41,44,48,54,77,82,84,87,88,92" machi="92" ten="20,12000,2" yaku="1,1,2,1,0,1,7,1,8,1,52,1,54,1,53,0" doraHai="15" doraHaiUra="105" who="3" fromWho="3" sc="286,-31,238,-31,345,-61,121,133" /><INIT seed="3,0,0,1,3,1" ten="255,207,284,254" oya="3" hai0="126,8,101,23,82,2,109,78,130,40,27,53,43" hai1="96,79,67,29,71,98,73,49,135,57,64,104,48" hai2="42,121,115,119,113,59,86,15,88,54,37,81,66" hai3="38,77,60,65,45,16,112,52,68,24,110,134,63"/><W94/><G112/><T87/><D109/><U111/><E111/><V125/><F119/><W132/><G110/><T22/><D130/><U12/><E135/><N who="3" m="51754" /><G77/><T108/><D108/><U105/><E29/><V44/><F125/><W69/><G94/><T91/><D126/><U10/><E71/><V3/><F3/><W17/><G24/><T55/><D101/><U58/><E12/><V83/><F121/><W21/><G21/><T18/><D2/><U127/><E10/><V19/><F66/><N who="3" m="41031" /><G38/><T97/><D8/><U46/><E127/><V33/><F33/><W106/><G106/><T28/><D78/><U128/><E79/><V34/><F34/><W99/><G99/><T72/><D97/><U6/><E73/><V30/><F83/><W61/><G61/><T120/><D72/><U92/><E92/><V84/><F84/><W51/><AGARI ba="0,0" hai="16,17,45,51,52,63,65,69" m="41031,51754" machi="51" ten="30,6000,0" yaku="20,1,54,2" doraHai="1" who="3" fromWho="3" sc="255,-20,207,-20,284,-20,254,60" /><INIT seed="3,1,0,5,2,124" ten="235,187,264,314" oya="3" hai0="37,7,114,100,55,102,125,57,77,101,1,20,95" hai1="42,41,54,8,36,0,21,116,63,17,16,34,47" hai2="73,92,135,56,105,86,88,39,19,70,46,129,26" hai3="84,134,66,79,15,6,59,27,74,115,94,113,45"/><W13/><G74/><T10/><D125/><U121/><E121/><V25/><F70/><W120/><G120/><T123/><D123/><U49/><E34/><V68/><F68/><W130/><G134/><T82/><D114/><U33/><E33/><V78/><F135/><W23/><G45/><T127/><D127/><U109/><E109/><V72/><F105/><W128/><G59/><T67/><D67/><U119/><E63/><V32/><F26/><W60/><G60/><T35/><D35/><U122/><E122/><V38/><F56/><W133/><G66/><T62/><D37/><U118/><E36/><V90/><F78/><W126/><G133/><T58/><D20/><U69/><E69/><V4/><F4/><W76/><G126/><T3/><D57/><U14/><REACH who="1" step="1"/><E0/><REACH who="1" ten="235,177,264,314" step="2"/><V104/><F39/><W44/><G115/><T24/><D1/><U132/><E132/><V50/><F32/><W2/><G2/><T11/><D3/><U112/><E112/><V87/><F38/><W85/><G113/><T107/><D62/><U80/><E80/><V75/><F50/><W28/><G79/><T40/><D77/><U98/><E98/><V30/><F73/><W12/><G76/><T83/><D83/><U61/><E61/><V71/><F75/><W53/><G6/><T131/><D82/><U64/><E64/><V99/><F72/><W22/><G85/><T96/><D7/><U93/><E93/><V89/><F87/><W97/><G84/><T5/><D95/><U65/><E65/><V111/><F86/><W48/><G23/><T81/><D5/><RYUUKYOKU ba="1,1" sc="235,-15,177,15,264,-15,314,15" hai1="8,14,16,17,21,41,42,47,49,54,116,118,119" hai3="12,13,15,22,27,28,44,48,53,94,97,128,130" /><INIT seed="3,2,1,0,1,117" ten="220,192,249,329" oya="3" hai0="84,23,41,103,72,56,48,111,3,70,110,65,108" hai1="135,32,123,63,5,73,8,20,114,116,45,93,40" hai2="99,97,106,10,24,121,7,128,109,115,66,105,90" hai3="6,98,2,76,132,29,59,127,82,55,133,57,4"/><W31/><G127/><T81/><D3/><U107/><E114/><V87/><F115/><W28/><G98/><T33/><D33/><U58/><E107/><V62/><F109/><W124/><G124/><T21/><D72/><U19/><E32/><V34/><F128/><W13/><G13/><T126/><D126/><U101/><E116/><V113/><F113/><W122/><G59/><T36/><D36/><U75/><E135/><N who="3" m="51786" /><G2/><T131/><D131/><U30/><E123/><V38/><F121/><W49/><G122/><T44/><D70/><U46/><E30/><N who="3" m="7682" /><W64/><DORA hai="85" /><G64/><T78/><REACH who="0" step="1"/><D103/><REACH who="0" ten="210,192,249,329" step="2"/><U1/><E73/><AGARI ba="2,2" hai="4,6,49,55,57,73,76,82" m="7682,51786" machi="73" ten="40,2000,0" yaku="20,1" doraHai="117,85" who="3" fromWho="1" sc="210,0,192,-26,249,0,329,46" /><INIT seed="3,3,0,1,5,15" ten="210,166,249,375" oya="3" hai0="54,127,20,90,42,134,102,36,96,106,25,87,60" hai1="43,69,32,100,97,112,63,18,58,17,107,66,126" hai2="79,47,65,39,118,14,125,72,85,99,122,2,53" hai3="116,124,84,41,86,103,23,0,52,88,123,89,68"/><W73/><G116/><T133/><D127/><U1/><E112/><V16/><F118/><W55/><G0/><T57/><D42/><U45/><E1/><V49/><F72/><W117/><G117/><T101/><D36/><U119/><E119/><V80/><F2/><W129/><G73/><T115/><D115/><U26/><E126/><V24/><F125/><W40/><G124/><T51/><D51/><U21/><E69/><V114/><F114/><W5/><G5/><T28/><REACH who="0" step="1"/><D101/><REACH who="0" ten="200,166,249,375" step="2"/><U4/><E32/><V76/><F39/><W30/><G103/><T11/><D11/><U3/><E3/><V33/><F122/><W108/><G123/><T111/><D111/><U13/><E4/><V12/><F65/><W74/><G41/><T104/><D104/><U38/><REACH who="1" step="1"/><E13/><REACH who="1" ten="200,156,249,375" step="2"/><V109/><F12/><W67/><G108/><T128/><D128/><U70/><E70/><V59/><F14/><W48/><G68/><T29/><D29/><AGARI ba="3,2" hai="17,18,21,26,29,38,43,45,58,63,66,97,100,107" machi="29" ten="30,7700,0" yaku="1,1,7,1,52,2,53,0" doraHai="15" doraHaiUra="135" who="1" fromWho="0" sc="200,-86,156,106,249,0,375,0" /><INIT seed="4,0,0,5,1,62" ten="114,262,249,375" oya="0" hai0="71,30,23,101,68,78,125,104,122,103,57,99,105" hai1="85,86,67,91,51,46,21,66,128,116,56,39,34" hai2="80,7,1,0,9,135,10,45,108,133,83,65,54" hai3="18,41,121,110,97,13,29,89,2,70,126,123,113"/><T117/><D117/><U132/><E116/><V74/><F108/><W75/><G75/><T102/><D122/><U44/><E34/><V5/><F54/><W15/><G2/><T96/><D125/><U88/><E132/><V17/><F17/><W32/><G41/><T131/><D131/><U37/><E128/><V111/><F111/><W77/><G77/><T26/><D78/><U100/><E100/><V19/><F19/><W72/><G72/><T76/><D76/><U12/><E21/><V28/><F28/><W92/><G110/><T95/><REACH who="0" step="1"/><D57/><REACH who="0" ten="104,262,249,375" step="2"/><U81/><E56/><V98/><F74/><W49/><G126/><T59/><D59/><U94/><E12/><V82/><F135/><W53/><G13/><T58/><D58/><U63/><E63/><V120/><F133/><W40/><G15/><T3/><D3/><U27/><E27/><V93/><F120/><W33/><G123/><T6/><D6/><U38/><REACH who="1" step="1"/><E51/><REACH who="1" ten="104,252,249,375" step="2"/><V106/><F0/><W79/><G49/><T107/><D107/><U43/><E43/><V14/><F106/><W4/><G40/><T22/><D22/><U55/><E55/><V69/><F1/><W47/><G53/><T20/><D20/><U134/><E134/><V114/><F5/><W109/><G4/><T61/><D61/><U129/><E129/><V16/><F7/><W36/><G121/><T73/><D73/><U87/><E87/><V11/><F11/><W50/><G50/><T90/><D90/><U35/><E35/><V112/><F9/><W127/><G33/><T31/><D31/><U48/><E48/><RYUUKYOKU ba="0,2" sc="104,15,252,15,249,-15,375,-15" hai0="23,26,30,68,71,95,96,99,101,102,103,104,105" hai1="37,38,39,44,46,66,67,81,85,86,88,91,94" /><INIT seed="4,1,2,2,5,42" ten="119,267,234,360" oya="0" hai0="61,133,17,120,31,1,5,25,19,121,28,71,97" hai1="75,38,94,109,69,130,56,124,60,7,41,105,18" hai2="66,36,127,86,112,47,111,33,14,114,116,4,87" hai3="49,93,72,83,128,23,122,20,35,6,58,119,67"/><T63/><D133/><U135/><E109/><V9/><F111/><W78/><G119/><T52/><D1/><U102/><E105/><V32/><F127/><W68/><G35/><N who="2" m="13385" /><F66/><W118/><G118/><T50/><D71/><U34/><E34/><V99/><F99/><W46/><G68/><T107/><D107/><U43/><E75/><V89/><F116/><W106/><G106/><T82/><D120/><U15/><E69/><V30/><F30/><N who="0" m="11306" /><D121/><U8/><E124/><V74/><F74/><W134/><G128/><T96/><D5/><U44/><E130/><V39/><F47/><W131/><G131/><T92/><D82/><U27/><E43/><V57/><F57/><W132/><G93/><T73/><D73/><U113/><E135/><N who="3" m="51754" /><G6/><T126/><D97/><U65/><E113/><N who="2" m="43627" /><F87/><W51/><G122/><T98/><D98/><U103/><REACH who="1" step="1"/><E94/><AGARI ba="1,2" hai="4,9,14,36,39,86,89,94" m="43627,13385" machi="94" ten="30,1000,0" yaku="15,1" doraHai="42" who="2" fromWho="1" sc="119,0,267,-13,234,33,360,0" /><INIT seed="5,0,0,3,2,6" ten="119,254,267,360" oya="1" hai0="128,64,27,69,124,115,33,41,39,34,44,89,35" hai1="111,1,18,31,95,108,22,4,74,78,12,17,50" hai2="132,38,54,134,109,107,112,24,30,91,68,84,110" hai3="28,129,5,121,73,66,101,2,116,11,14,77,127"/><U75/><E95/><V55/><F107/><W86/><G121/><T26/><D115/><U102/><E102/><V94/><F68/><W122/><G122/><T60/><D128/><U103/><E103/><V93/><F38/><W20/><G129/><T98/><D124/><U125/><E125/><V133/><F94/><W7/><G127/><T58/><D89/><U23/><E31/><V118/><F118/><W43/><G73/><T113/><D113/><U135/><E135/><V0/><F0/><W70/><G101/><T79/><D98/><U72/><E78/><V21/><REACH who="2" step="1"/><F112/><REACH who="2" ten="119,254,257,360" step="2"/><W92/><G92/><T52/><REACH who="0" step="1"/><D79/><REACH who="0" ten="109,254,257,360" step="2"/><U123/><E123/><V130/><F130/><W46/><G77/><T51/><AGARI ba="0,2" hai="26,27,33,34,35,39,41,44,51,52,58,60,64,69" machi="51" ten="30,12000,2" yaku="1,1,2,1,0,1,24,2,54,1,53,1" doraHai="6" doraHaiUra="57" who="0" fromWho="0" sc="109,140,254,-60,257,-30,360,-30" /><INIT seed="6,0,0,3,3,38" ten="249,194,227,330" oya="2" hai0="106,107,20,12,43,84,77,125,95,9,28,116,52" hai1="120,83,31,122,13,132,123,46,15,114,110,49,18" hai2="117,54,53,135,104,97,45,78,30,61,71,94,23" hai3="72,76,51,8,92,65,99,39,3,101,90,105,34"/><V124/><F117/><W103/><G34/><T50/><D116/><U57/><E110/><V63/><F104/><W33/><G33/><T98/><D125/><U81/><E114/><V68/><F135/><W21/><G65/><T16/><D106/><U6/><E132/><V115/><F115/><W74/><G39/><T7/><D107/><U102/><E102/><V82/><F124/><W40/><G21/><T109/><D28/><U80/><E31/><V29/><F45/><W79/><G103/><T42/><D109/><U73/><E73/><V59/><F82/><W56/><G74/><T127/><D127/><U5/><E57/><V10/><F10/><W35/><G35/><T2/><D77/><U47/><E18/><V85/><F85/><W86/><G56/><N who="0" m="32791" /><D98/><U44/><REACH who="1" step="1"/><E49/><REACH who="1" ten="249,184,227,330" step="2"/><V22/><F59/><W0/><G51/><T113/><D113/><U66/><E66/><V55/><F30/><W25/><G101/><T11/><D11/><U27/><E27/><V1/><F29/><W75/><G25/><T118/><D118/><U69/><E69/><V112/><F71/><W91/><G8/><T126/><D126/><U36/><E36/><V24/><F68/><W32/><G75/><T108/><D108/><U121/><N who="1" m="30720" /><DORA hai="87" /><U70/><E70/><V48/><F24/><W131/><G72/><T17/><D17/><U133/><E133/><V37/><F37/><W130/><G32/><T41/><D16/><U88/><E88/><V19/><F19/><W14/><G91/><N who="0" m="53735" /><D20/><U67/><E67/><V128/><F23/><W100/><G100/><T111/><D111/><RYUUKYOKU ba="0,1" sc="249,15,184,15,227,-15,330,-15" hai0="2,7,9,12,41,42,43" hai1="5,6,13,15,44,46,47,80,81,83" /><INIT seed="7,1,1,3,0,22" ten="264,199,212,315" oya="3" hai0="9,47,96,28,64,7,21,35,46,2,3,112,31" hai1="135,92,40,100,128,103,132,129,24,71,50,84,125" hai2="130,99,56,8,55,94,111,39,82,78,85,81,90" hai3="80,16,131,65,91,122,53,10,98,113,62,101,29"/><W79/><G122/><T83/><D35/><U120/><E120/><V68/><F111/><W34/><G113/><T12/><D64/><U70/><E125/><V117/><F117/><W75/><G53/><T45/><D112/><U63/><E24/><V121/><F121/><W89/><G131/><N who="1" m="50250" /><E84/><N who="2" m="48183" /><F68/><N who="1" m="26153" /><E92/><V33/><F33/><W104/><G10/><T106/><D9/><U49/><E63/><N who="2" m="36255" /><F39/><W115/><G115/><T105/><D105/><U126/><E126/><V72/><F72/><W23/><G34/><T5/><D106/><U73/><E73/><V77/><F130/><W27/><G29/><T57/><D31/><U32/><E32/><V52/><F8/><W66/><G65/><T4/><D28/><U97/><E97/><V19/><F52/><W95/><G104/><T110/><D96/><U119/><E119/><V109/><F109/><W60/><G60/><T36/><D110/><U11/><E11/><V74/><F74/><W133/><G133/><N who="1" m="51274" /><E40/><V17/><AGARI ba="1,1" hai="17,19,77,82,85,90,94,99" m="36255,48183" machi="17" ten="30,1100,0" yaku="8,1" doraHai="22" who="2" fromWho="2" sc="264,-4,199,-4,212,24,315,-6" owari="260,6.0,195,-30.5,236,-16.4,309,40.9" /></mjloggm>