<mjloggm ver="2.3"><GO type="225" lobby="0"/><UN n0="%6D%6F%75%77" n1="%72%65%6E%6B%75%6E" n2="%E3%83%96%E3%83%83%E3%83%91%E3%82%AA%E3%83%96%E3%83%81%E3%82%AD%E3%83%B3" n3="%E9%A6%AC%E5%BC%95%E7%81%AB%33" dan="16,17,16,16" rate="2119.30,2201.78,2136.56,2131.17" sx="M,M,M,M"/><TAIKYOKU oya="0"/><INIT seed="0,0,0,5,0,90" ten="250,250,250,250" oya="0" hai0="98,41,87,72,35,96,118,53,6,116,0,24,34" hai1="27,85,33,82,109,4,61,79,2,56,113,95,5" hai2="67,131,121,77,62,25,114,51,49,57,125,105,21" hai3="94,100,108,74,23,126,127,40,48,10,37,76,16"/><T73/><D41/><U1/><E113/><V12/><F121/><W20/><G108/><T110/><D6/><U63/><E109/><V103/><F114/><W99/><G37/><T81/><D110/><U28/><E95/><V117/><F117/><W17/><G76/><T101/><D53/><U9/><REACH who="1" step="1"/><E56/><REACH who="1" ten="250,240,250,250" step="2"/><V97/><F131/><W78/><G126/><T32/><D118/><U36/><E36/><V123/><F125/><W102/><G102/><T64/><D101/><U80/><E80/><V70/><F123/><W106/><G106/><T52/><D116/><U43/><E43/><V130/><F130/><W38/><G38/><T83/><D83/><U11/><AGARI ba="0,1" hai="1,2,4,5,9,11,27,28,33,61,63,79,82,85" machi="11" ten="30,4000,0" yaku="1,1,0,1,9,1,53,0" doraHai="90" doraHaiUra="69" who="1" fromWho="1" sc="250,-20,240,50,250,-10,250,-10" /><INIT seed="1,0,0,2,5,41" ten="230,290,240,240" oya="1" hai0="20,109,112,101,3,107,39,28,120,83,103,135,4" hai1="73,1,65,2,91,24,72,16,128,34,17,44,116" hai2="80,45,100,33,126,42,47,108,22,110,55,114,54" hai3="26,115,86,12,36,23,60,62,75,35,106,69,102"/><U121/><E116/><V124/><F33/><W11/><G115/><T134/><D112/><U84/><E121/><V94/><F114/><W13/><G75/><T6/><D39/><U14/><E65/><V64/><F22/><W87/><G36/><T74/><D109/><N who="2" m="42090" /><F80/><W32/><G102/><N who="0" m="38923" /><D107/><U82/><E128/><V131/><F131/><W43/><G43/><T123/><D83/><U93/><E34/><V77/><F77/><W52/><G106/><T95/><D95/><U49/><E24/><V31/><F31/><W68/><G23/><T127/><D74/><U113/><E113/><V117/><F117/><W99/><G99/><T61/><D61/><U70/><E70/><V27/><F27/><W118/><G26/><N who="0" m="16455" /><D3/><U59/><E82/><V79/><F79/><W9/><G118/><T66/><D66/><U85/><E72/><V98/><F64/><W15/><G15/><T132/><D127/><N who="2" m="48682" /><F42/><W129/><G129/><T63/><D123/><U88/><E73/><V57/><F55/><AGARI ba="0,0" hai="9,11,12,13,32,35,52,55,60,62,68,69,86,87" machi="55" ten="25,3200,0" yaku="22,2,54,1" doraHai="41" who="3" fromWho="2" sc="230,0,290,0,240,-32,240,32" /><INIT seed="2,0,0,0,5,127" ten="230,290,208,272" oya="2" hai0="11,73,108,99,45,28,21,12,43,109,2,32,123" hai1="85,104,25,22,119,135,102,38,132,24,55,31,89" hai2="42,33,61,30,96,23,70,20,49,53,92,6,75" hai3="130,65,124,0,37,5,7,115,59,34,40,72,48"/><V54/><F75/><W71/><G34/><T57/><D73/><U95/><E38/><V121/><F121/><W62/><G72/><T114/><D123/><U56/><E119/><V52/><F6/><W103/><G124/><T134/><D114/><U74/><E74/><V97/><F33/><W10/><G5/><N who="0" m="1463" /><D57/><U94/><E104/><V14/><F70/><W126/><G126/><T19/><D99/><N who="2" m="37962" /><F92/><W131/><G115/><T79/><D79/><U82/><E102/><V68/><F68/><W91/><G103/><T106/><D106/><U110/><E110/><N who="0" m="42601" /><D134/><N who="1" m="51243" /><E25/><N who="2" m="16679" /><F61/><AGARI ba="0,0" hai="22,24,31,55,56,61,82,85,89,94,95" m="51243" machi="61" ten="30,1000,0" yaku="20,1" doraHai="127" who="1" fromWho="2" sc="230,0,290,10,208,-10,272,0" /><INIT seed="3,0,0,2,3,1" ten="230,300,198,272" oya="3" hai0="132,5,50,30,80,86,31,115,118,97,110,87,22" hai1="2,81,14,69,20,117,89,42,79,29,129,57,83" hai2="92,3,101,96,44,19,43,108,18,15,63,32,61" hai3="45,55,122,109,105,72,88,0,65,24,53,102,104"/><W106/><G122/><T26/><D110/><U90/><E69/><V37/><F108/><W67/><G72/><T16/><D118/><U46/><E2/><V36/><F32/><W33/><G0/><T17/><D132/><U124/><E117/><V51/><F3/><W131/><G109/><T28/><D115/><U13/><E57/><V39/><REACH who="2" step="1"/><F19/><REACH who="2" ten="230,300,188,272" step="2"/><W34/><G34/><T100/><D17/><N who="1" m="10287" /><E29/><V35/><F35/><W95/><G33/><T94/><D5/><U4/><E124/><V126/><F126/><W98/><G131/><T52/><REACH who="0" step="1"/><D80/><REACH who="0" ten="220,300,188,272" step="2"/><U66/><E83/><V40/><F40/><W107/><G24/><T70/><D70/><U135/><E81/><V85/><F85/><W119/><G119/><T82/><D82/><U64/><E42/><V71/><F71/><W59/><G98/><T9/><D9/><AGARI ba="0,2" hai="9,15,18,36,37,39,43,44,51,61,63,92,96,101" machi="9" ten="40,2600,0" yaku="1,1,53,1" doraHai="1" doraHaiUra="12" who="2" fromWho="0" sc="220,-26,300,0,188,46,272,0" owari="194,-30.6,300,40.0,234,-16.6,272,7.2" /></mjloggm>