<mjloggm ver="2.3"><GO type="169" lobby="0"/><UN n0="%E3%81%AA%E3%81%8B%E3%81%AE%E3%81%86%E3%81%88" n1="%E5%90%91%E4%BA%95%E7%A7%80%E5%BE%B3" n2="%E3%80%90%E3%83%A1%E3%82%BF%E3%83%A9%E3%83%BC%E3%80%91" n3="%E5%B0%8F%E8%B1%86%E6%A2%93" dan="16,16,17,17" rate="2168.22,2017.62,2149.46,2193.65" sx="M,M,M,F"/><TAIKYOKU oya="0"/><INIT seed="0,0,0,4,5,73" ten="250,250,250,250" oya="0" hai0="68,20,131,79,11,25,71,0,41,70,3,10,17" hai1="89,123,78,43,2,106,30,102,130,57,100,97,124" hai2="119,39,83,84,82,72,15,88,31,58,118,113,127" hai3="92,28,91,65,63,49,66,77,13,33,126,121,103"/><T8/><D131/><U80/><E2/><V34/><F39/><W86/><G126/><T22/><D41/><U45/><E123/><V51/><F15/><W115/><G115/><T54/><D54/><U47/><E124/><V19/><F19/><W1/><G1/><T60/><D60/><U135/><E130/><V50/><F113/><W122/><G103/><T69/><N who="0" m="17408" /><DORA hai="75" /><T96/><D96/><U67/><E135/><V23/><F34/><W6/><G49/><T56/><D56/><U117/><E117/><N who="2" m="44555" /><F58/><W107/><G107/><T108/><D108/><U101/><E30/><V38/><F38/><W24/><G6/><T29/><REACH who="0" step="1"/><D79/><REACH who="0" ten="240,250,250,250" step="2"/><U7/><E43/><V37/><F127/><W105/><G77/><T74/><D74/><U42/><E78/><N who="2" m="44359" /><F37/><W112/><G112/><T26/><AGARI ba="0,1" hai="0,3,8,10,11,17,20,22,25,26,29" m="17408" machi="26" ten="60,11700,0" yaku="1,1,0,1,53,1" doraHai="73,75" doraHaiUra="12,85" who="0" fromWho="0" sc="240,127,250,-39,250,-39,250,-39" /><INIT seed="0,1,0,1,0,95" ten="367,211,211,211" oya="0" hai0="124,87,59,117,66,75,3,131,69,22,121,81,120" hai1="90,35,60,108,88,113,23,39,7,94,134,6,41" hai2="25,109,57,112,77,76,123,50,17,68,32,45,79" hai3="111,11,2,1,14,116,5,135,84,97,128,10,89"/><T82/><D69/><U64/><E35/><V33/><F123/><W13/><G111/><T133/><D3/><U43/><E108/><V38/><F112/><W42/><G116/><T73/><D22/><U34/><E34/><V93/><F68/><W130/><G135/><T21/><D21/><U48/><E134/><V19/><F38/><W16/><G42/><N who="1" m="15882" /><E39/><V26/><F57/><W40/><G40/><T129/><D59/><N who="1" m="36895" /><E113/><V24/><F109/><W70/><G70/><T28/><D66/><U105/><E105/><V118/><F118/><W125/><G125/><T8/><D117/><U53/><E23/><V46/><F93/><W56/><G56/><T55/><D133/><U12/><E12/><V86/><F86/><W0/><REACH who="3" step="1"/><G97/><REACH who="3" ten="367,211,211,201" step="2"/><T52/><D124/><U4/><E94/><AGARI ba="1,1" hai="0,1,2,5,10,11,13,14,16,84,89,94,128,130" machi="94" ten="40,8000,1" yaku="1,1,2,1,54,1,53,2" doraHai="95" doraHaiUra="9" who="3" fromWho="1" sc="367,0,211,-83,211,0,201,93" /><INIT seed="1,0,0,5,3,102" ten="367,128,211,294" oya="1" hai0="12,18,38,123,99,78,54,128,109,58,19,130,66" hai1="63,125,92,134,51,79,132,33,87,94,29,86,91" hai2="16,40,30,118,69,108,103,52,15,97,122,67,11" hai3="22,42,60,56,115,131,14,49,59,88,4,28,50"/><U121/><E121/><V68/><F118/><W126/><G115/><T90/><D109/><U95/><E125/><V21/><F122/><W48/><G126/><T65/><D38/><U114/><E114/><V84/><F108/><W113/><G113/><T25/><D78/><U7/><E7/><V44/><F84/><W71/><G71/><T80/><D25/><U46/><E63/><V107/><F67/><W61/><G131/><T27/><D27/><U36/><E36/><V1/><F30/><W111/><G111/><T39/><D19/><U129/><E129/><V105/><F105/><W47/><G28/><T53/><D53/><U110/><E110/><V3/><F52/><N who="3" m="33895" /><G22/><T133/><D39/><U117/><E117/><V32/><F32/><W106/><G106/><T9/><D123/><U64/><E64/><V104/><F104/><W119/><G119/><T77/><D66/><U93/><E29/><V6/><REACH who="2" step="1"/><F3/><REACH who="2" ten="367,128,201,294" step="2"/><W112/><G112/><T73/><D65/><U34/><E33/><V8/><F8/><N who="3" m="4359" /><G61/><T89/><D9/><U124/><E34/><V23/><F23/><W62/><G62/><T45/><D130/><U10/><E124/><V26/><F26/><W81/><G56/><T31/><D58/><U2/><E10/><V127/><F127/><W5/><G5/><T72/><D128/><U96/><E2/><V100/><F100/><W82/><G82/><T0/><D80/><N who="1" m="47391" /><E96/><V135/><F135/><W37/><G81/><T13/><D0/><U101/><E101/><V17/><F17/><W98/><G98/><T57/><D99/><U55/><AGARI ba="0,1" hai="46,51,55,87,91,92,93,94,95,132,134" m="47391" machi="55" ten="30,1500,0" yaku="5,1" doraHai="102" who="1" fromWho="1" sc="367,-5,128,25,201,-5,294,-5" /><INIT seed="1,1,0,3,5,84" ten="362,153,196,289" oya="1" hai0="55,43,20,77,62,27,78,35,130,63,108,102,129" hai1="1,73,122,105,126,131,4,88,111,5,85,52,66" hai2="135,83,86,0,123,22,90,32,133,46,60,115,97" hai3="31,89,113,70,79,80,109,21,30,48,7,71,3"/><U41/><E122/><V34/><F0/><W69/><G113/><T44/><D35/><U17/><E73/><V40/><F123/><W65/><G65/><T6/><D108/><U57/><E105/><V59/><F115/><W75/><G109/><T56/><D102/><U128/><E111/><V26/><F97/><W58/><G7/><T51/><D6/><N who="1" m="2667" /><E1/><V99/><F99/><W72/><G3/><T114/><D114/><U25/><E126/><V39/><F135/><W38/><G38/><T118/><D118/><U132/><E132/><V110/><F110/><W12/><G75/><T95/><D95/><N who="1" m="54671" /><E41/><V87/><F87/><W125/><G125/><T24/><D43/><U36/><E36/><V107/><F107/><W50/><G71/><T68/><D68/><U74/><E74/><V54/><REACH who="2" step="1"/><F133/><REACH who="2" ten="362,153,186,289" step="2"/><W127/><G72/><T10/><D130/><U98/><E98/><V117/><F117/><W93/><G127/><T103/><D129/><U33/><E131/><V13/><F13/><W18/><G12/><T19/><D103/><U45/><E128/><V124/><F124/><W23/><G79/><T106/><D78/><U47/><E33/><V37/><F37/><W14/><G14/><T53/><D77/><U119/><E119/><V15/><F15/><W121/><G121/><T11/><D106/><U92/><E92/><V96/><F96/><W100/><G93/><T81/><D11/><U104/><E104/><V16/><AGARI ba="1,1" hai="16,22,26,32,34,39,40,46,54,59,60,83,86,90" machi="16" ten="20,8000,1" yaku="1,1,0,1,7,1,52,1,54,1,53,0" doraHai="84" doraHaiUra="94" who="2" fromWho="2" sc="362,-21,153,-41,186,93,289,-21" /><INIT seed="2,0,0,5,2,126" ten="341,112,279,268" oya="2" hai0="120,68,18,107,118,115,106,109,25,110,121,116,64" hai1="92,71,77,39,61,114,63,84,3,17,29,57,28" hai2="122,51,45,105,14,89,0,21,98,58,95,49,88" hai3="2,23,31,9,129,97,79,46,10,7,56,59,125"/><V113/><F113/><W22/><G125/><T42/><D18/><U91/><E114/><V82/><F122/><N who="0" m="47210" /><D25/><U65/><E39/><V131/><F0/><W90/><G79/><T32/><D32/><U123/><E123/><V48/><F105/><N who="0" m="39946" /><D115/><U76/><E3/><V24/><F14/><W112/><G112/><T132/><D42/><U43/><E43/><V55/><F131/><W135/><G46/><T36/><D36/><U13/><E76/><V33/><F33/><W73/><G73/><T111/><D132/><U93/><E92/><V11/><F11/><W74/><G74/><T133/><D133/><U44/><E44/><V117/><F117/><N who="0" m="45162" /><D64/><U96/><E77/><V34/><F34/><W130/><G135/><T102/><D68/><U40/><E40/><V47/><F47/><W37/><G37/><T100/><AGARI ba="0,0" hai="100,102,109,110,111" m="45162,39946,47210" machi="100" ten="50,12000,2" yaku="28,2,14,1,12,1,34,2" doraHai="126" who="0" fromWho="0" sc="341,120,112,-30,279,-60,268,-30" /><INIT seed="3,0,0,3,1,78" ten="461,82,219,238" oya="3" hai0="9,76,75,134,119,133,22,102,13,55,6,122,97" hai1="46,26,5,103,64,81,113,101,89,40,120,17,49" hai2="21,111,109,100,38,43,85,70,20,106,8,74,12" hai3="31,99,84,129,30,52,2,96,11,67,114,125,65"/><W116/><G114/><T95/><D119/><U50/><E113/><V58/><F74/><W18/><G116/><T62/><D122/><U94/><E120/><V29/><F70/><W86/><G129/><T23/><D76/><U51/><E5/><V41/><F58/><W3/><G18/><T107/><D75/><U10/><E64/><V135/><F135/><N who="0" m="51722" /><D107/><U110/><E110/><N who="2" m="41995" /><F85/><W57/><G11/><T126/><D126/><U28/><E10/><V115/><F115/><W69/><G57/><AGARI ba="0,0" hai="6,9,13,22,23,55,57,62,95,97,102" m="51722" machi="57" ten="30,1000,0" yaku="20,1" doraHai="78" who="0" fromWho="3" sc="461,10,82,0,219,0,238,-10" /><INIT seed="4,0,0,5,5,129" ten="471,82,219,228" oya="0" hai0="13,73,3,30,61,135,90,96,76,21,49,106,4" hai1="42,108,48,113,23,44,128,121,133,111,103,50,19" hai2="94,70,110,89,43,11,20,60,31,66,54,72,32" hai3="59,68,27,95,124,130,65,126,12,67,1,116,29"/><T77/><D3/><U2/><E2/><V74/><F110/><W104/><G104/><T18/><D73/><U100/><E121/><V85/><F32/><W64/><G1/><T46/><D135/><U62/><E128/><V119/><F119/><W78/><G116/><T93/><D106/><U41/><E113/><V7/><F43/><W105/><G105/><T9/><D61/><U92/><E133/><V8/><F8/><W98/><G78/><T127/><D127/><N who="3" m="48681" /><G12/><T17/><D30/><U102/><E62/><V51/><F20/><N who="3" m="15591" /><G68/><T45/><D45/><U80/><E80/><V81/><F31/><W37/><G37/><T86/><D96/><U109/><E92/><V34/><F34/><W10/><G10/><T122/><D122/><U132/><E132/><V101/><F101/><N who="3" m="60639" /><G130/><T15/><REACH who="0" step="1"/><D4/><REACH who="0" ten="461,82,219,228" step="2"/><U91/><E44/><V5/><F5/><W120/><G120/><T24/><D24/><U28/><E28/><V52/><F74/><W26/><G26/><T0/><D0/><U125/><E125/><V16/><F7/><W84/><G84/><T118/><D118/><U88/><E108/><V39/><F72/><W112/><G112/><T25/><D25/><N who="1" m="14591" /><E111/><V117/><F117/><W14/><G14/><T87/><D87/><U69/><E109/><V55/><F85/><W6/><G6/><T123/><D123/><U82/><E69/><V33/><F70/><W83/><G59/><T22/><D22/><U97/><E97/><V134/><F134/><W107/><G107/><T40/><AGARI ba="0,1" hai="9,13,15,17,18,21,40,46,49,76,77,86,90,93" machi="40" ten="20,12000,1" yaku="1,1,0,1,7,1,8,1,53,1" doraHai="129" doraHaiUra="38" who="0" fromWho="0" sc="461,130,82,-40,219,-40,228,-40" /><INIT seed="4,1,0,0,1,41" ten="591,42,179,188" oya="0" hai0="72,104,73,6,97,113,99,103,14,19,56,66,63" hai1="1,84,110,82,58,52,61,39,91,12,25,123,115" hai2="47,85,35,80,128,93,112,26,120,10,50,135,106" hai3="7,44,28,105,129,59,49,27,4,78,62,54,53"/><T132/><D113/><U20/><E123/><V55/><F120/><W102/><G129/><T0/><D132/><U86/><E1/><V107/><F112/><W48/><G78/><T133/><D133/><U119/><E119/><V130/><F93/><W31/><G31/><T8/><REACH who="0" step="1"/><D99/><REACH who="0" ten="581,42,179,188" step="2"/><U134/><E115/><V125/><F135/><W126/><G126/><T23/><AGARI ba="1,1" hai="0,6,8,14,19,23,56,63,66,72,73,97,103,104" machi="23" ten="20,7800,0" yaku="1,1,2,1,0,1,7,1,53,0" doraHai="41" doraHaiUra="108" who="0" fromWho="0" sc="581,91,42,-27,179,-27,188,-27" /><INIT seed="4,2,0,2,5,60" ten="672,15,152,161" oya="0" hai0="113,47,28,112,33,92,16,52,64,54,88,106,44" hai1="96,8,76,61,132,129,80,22,68,20,79,117,90" hai2="73,78,71,131,18,38,23,21,35,123,86,75,62" hai3="124,51,110,81,93,72,99,111,37,14,2,63,65"/><T27/><D106/><U17/><E117/><V25/><F123/><W7/><G2/><T40/><D64/><U126/><E132/><V0/><F0/><W128/><G37/><T41/><D47/><U30/><E129/><V12/><F38/><W59/><G128/><T1/><D1/><U125/><E8/><V105/><F105/><W97/><G124/><N who="1" m="47722" /><E30/><V116/><F116/><W11/><G99/><T10/><D41/><U122/><E122/><V114/><F35/><W42/><G42/><T67/><D67/><N who="1" m="41071" /><E20/><V56/><F71/><W50/><G111/><T135/><D135/><U83/><E96/><V24/><F12/><W45/><G110/><T109/><D109/><U87/><E80/><V130/><F130/><W9/><G9/><T57/><D10/><U121/><E121/><V13/><F13/><AGARI ba="2,0" hai="13,17,22,76,79,83,87,90" m="41071,47722" machi="13" ten="30,2000,0" yaku="18,1,52,1" doraHai="60" who="1" fromWho="2" sc="672,0,15,26,152,-26,161,0" /><INIT seed="5,0,0,3,3,96" ten="672,41,126,161" oya="1" hai0="30,99,115,117,135,62,9,81,58,126,31,84,122" hai1="51,37,34,12,74,119,104,77,108,2,132,61,123" hai2="71,89,55,46,13,103,1,0,129,56,27,86,29" hai3="38,106,39,14,131,85,120,112,100,102,44,128,76"/><U40/><RYUUKYOKU type="yao9" ba="0,0" sc="672,0,41,0,126,0,161,0" hai1="2,12,34,37,40,51,61,74,77,104,108,119,123,132" /><INIT seed="5,1,0,1,0,99" ten="672,41,126,161" oya="1" hai0="128,2,77,8,97,66,23,30,54,62,27,96,123" hai1="52,80,38,98,0,64,39,20,91,93,15,130,17" hai2="112,100,67,35,89,114,22,83,133,86,28,75,84" hai3="6,19,110,44,13,88,135,116,120,33,36,25,71"/><U109/><E0/><V122/><F35/><W65/><G110/><T59/><D128/><U119/><E119/><V105/><F122/><W87/><G120/><T94/><D123/><U131/><E109/><V90/><F67/><W53/><G135/><T42/><D42/><U41/><E64/><V51/><F51/><W111/><G111/><T79/><D96/><U21/><E41/><V61/><F61/><W92/><G116/><T134/><D134/><U1/><E1/><V12/><F133/><W50/><G36/><T102/><D54/><U3/><E3/><V106/><F75/><W63/><G33/><T49/><D49/><U125/><E125/><V121/><F121/><W95/><G25/><T48/><D48/><U132/><E132/><V11/><F22/><W103/><G6/><AGARI ba="1,0" hai="2,6,8,23,27,30,59,62,66,77,79,94,97,102" machi="6" ten="40,5200,0" yaku="25,2,52,1" doraHai="99" who="0" fromWho="3" sc="672,55,41,0,126,0,161,-55" /><INIT seed="6,0,0,2,0,94" ten="727,41,126,106" oya="2" hai0="36,105,78,60,5,12,71,116,17,75,106,22,38" hai1="44,39,3,59,8,80,74,9,122,72,109,103,81" hai2="52,89,124,13,95,97,96,28,51,48,53,108,111" hai3="117,102,18,7,31,40,23,61,43,134,85,65,98"/><V15/><F124/><W115/><G117/><T120/><D5/><U34/><E109/><N who="2" m="42059" /><F28/><W2/><G134/><T35/><D35/><U92/><E34/><V119/><F119/><W21/><G85/><T66/><D120/><U25/><E122/><V69/><F69/><W37/><G37/><T46/><D116/><U33/><E59/><N who="2" m="33191" /><F97/><W87/><G87/><T4/><D4/><U113/><E113/><V16/><F16/><W129/><G129/><T125/><D125/><U14/><E3/><V112/><F112/><W101/><G115/><T20/><D20/><U6/><E8/><V83/><F83/><W91/><G7/><T41/><D38/><U99/><E80/><V110/><N who="2" m="42067" /><V63/><DORA hai="104" /><F63/><W82/><G2/><T45/><D17/><U127/><E81/><V27/><F27/><W55/><G23/><T93/><D60/><U79/><E79/><V32/><F32/><W73/><G31/><T88/><D71/><U57/><E127/><V114/><F114/><W76/><G18/><T56/><D22/><U135/><E57/><AGARI ba="0,0" hai="13,15,51,52,57,89,95,96" m="33191,42067" machi="57" ten="40,7700,0" yaku="10,1,52,1,54,1" doraHai="94,104" who="2" fromWho="1" sc="727,0,41,-77,126,77,106,0" owari="727,82.7,-36,-53.6,203,0.3,106,-29.4" /></mjloggm>