<mjloggm ver="2.3"><GO type="169" lobby="0"/><UN n0="%E3%80%8E%E3%83%A8%E3%82%B9%E3%82%AC%E3%83%8E%E3%82%BD%E3%83%A9%E3%80%8F" n1="%E3%81%BE%E3%81%A8%E3%81%9F" n2="%6F%67%75%6B%65%6E" n3="%E9%BA%BB%E9%9B%80%E5%B0%91%E5%B9%B4" dan="17,16,16,17" rate="2168.74,2080.38,2129.82,2177.58" sx="M,M,M,M"/><TAIKYOKU oya="0"/><INIT seed="0,0,0,4,5,123" ten="250,250,250,250" oya="0" hai0="8,50,73,93,122,78,128,76,121,44,51,39,71" hai1="49,124,4,9,58,28,114,109,98,74,16,32,6" hai2="91,68,3,95,79,82,107,47,36,99,7,100,65" hai3="34,87,84,52,22,108,12,102,103,14,97,111,26"/><T81/><D128/><U41/><E74/><V101/><F68/><W37/><G37/><T80/><D71/><U33/><E114/><V134/><F65/><W119/><G119/><T104/><D104/><U88/><E124/><V69/><F69/><W60/><G34/><T15/><D93/><U75/><E75/><V21/><F21/><W117/><G117/><T43/><D50/><U25/><E109/><N who="3" m="42058" /><G87/><T63/><D63/><U131/><E131/><V19/><F19/><N who="3" m="12639" /><G84/><T112/><D39/><U118/><E33/><V96/><F36/><W94/><G103/><T133/><D133/><U85/><E98/><V45/><F99/><W90/><G90/><T64/><D64/><U62/><E118/><V11/><F134/><W0/><G0/><T105/><D105/><U10/><E16/><V67/><F67/><W135/><G135/><T115/><D122/><U110/><E6/><V5/><F7/><W40/><G40/><T129/><D121/><U53/><E4/><V89/><F91/><W72/><G72/><T2/><D129/><U70/><E110/><V130/><F130/><W18/><G18/><T46/><D2/><U132/><E132/><V38/><F107/><W42/><G42/><T1/><D1/><U35/><E35/><V30/><F38/><W27/><G27/><T106/><D43/><U55/><E41/><V92/><F101/><W125/><G125/><T61/><D106/><U127/><E127/><V120/><F120/><W29/><G29/><T83/><D73/><U113/><E88/><V59/><F89/><W20/><G20/><T31/><D31/><RYUUKYOKU ba="0,0" sc="250,-10,250,-10,250,-10,250,30" hai3="12,14,52,60,94,97,102" /><INIT seed="1,1,0,5,3,122" ten="240,240,240,280" oya="1" hai0="97,115,30,104,85,26,41,113,88,12,38,80,17" hai1="79,107,73,131,25,2,118,66,23,114,4,46,105" hai2="9,120,3,65,32,123,95,21,43,134,109,27,56" hai3="13,119,19,135,106,81,86,59,72,49,7,1,93"/><U75/><E114/><V16/><F134/><W61/><G135/><T29/><D38/><U77/><E118/><V5/><F43/><W94/><G106/><T20/><D41/><U82/><E66/><V40/><F40/><W53/><G72/><T45/><D45/><U78/><E131/><V55/><F65/><W89/><G119/><T108/><D108/><U50/><E4/><V83/><F109/><W84/><G1/><T128/><D128/><U52/><E2/><V69/><F69/><W60/><G7/><T102/><REACH who="0" step="1"/><D29/><REACH who="0" ten="230,240,240,280" step="2"/><U96/><E75/><V54/><F123/><W64/><G86/><T90/><D90/><U62/><E73/><V129/><F120/><W71/><REACH who="3" step="1"/><G60/><REACH who="3" ten="230,240,240,270" step="2"/><T28/><D28/><U127/><E62/><V63/><F129/><W39/><G39/><T34/><AGARI ba="1,2" hai="12,17,20,26,30,34,80,85,88,97,102,104,113,115" machi="34" ten="20,5200,0" yaku="1,1,0,1,7,1,54,1,53,0" doraHai="122" doraHaiUra="42" who="0" fromWho="0" sc="230,75,240,-27,240,-14,270,-14" /><INIT seed="2,0,0,2,5,76" ten="305,213,226,256" oya="2" hai0="103,124,68,89,65,45,132,79,122,85,14,120,11" hai1="111,80,110,129,6,70,66,57,69,96,94,97,92" hai2="54,127,29,63,64,52,9,109,81,55,102,82,118" hai3="114,4,71,67,38,91,60,133,130,48,121,88,115"/><V41/><F118/><W104/><G38/><T101/><D132/><U1/><E6/><V62/><F127/><W99/><G121/><T35/><D35/><U95/><E1/><V75/><F75/><W74/><G74/><T23/><D124/><U21/><E57/><N who="2" m="36943" /><F109/><N who="1" m="41481" /><E66/><V98/><F41/><W36/><G36/><T90/><D23/><U58/><E58/><N who="2" m="35271" /><F29/><W12/><G133/><T39/><D65/><U123/><E21/><V19/><F98/><N who="1" m="37993" /><E123/><V7/><F102/><W3/><G3/><T116/><D103/><U46/><E46/><V87/><F87/><W117/><G117/><T119/><D85/><U26/><E26/><V33/><F7/><W27/><G27/><T135/><D101/><U37/><E37/><V61/><F33/><W0/><G0/><T44/><D39/><U42/><E42/><V51/><F61/><W112/><G4/><T113/><D119/><U50/><E50/><V43/><F43/><W126/><G48/><T20/><D116/><U40/><E40/><V17/><F55/><W28/><G126/><T30/><D122/><U86/><E129/><V56/><F9/><W93/><G130/><T49/><D11/><U105/><E105/><V100/><F100/><N who="3" m="60527" /><G104/><T32/><D32/><U106/><E106/><V13/><F13/><W15/><G28/><T128/><D30/><U8/><E8/><V2/><F2/><W24/><G24/><T25/><D25/><U134/><E134/><V84/><F84/><W77/><G15/><T47/><D120/><U131/><E131/><V22/><F22/><W31/><G12/><T78/><D135/><RYUUKYOKU ba="0,0" sc="305,-15,213,15,226,15,256,-15" hai1="69,70,80,86,92,94,95" hai2="17,19,51,54,56,81,82" /><INIT seed="2,1,0,1,2,53" ten="290,228,241,241" oya="2" hai0="64,94,21,73,126,85,72,5,86,7,89,33,103" hai1="69,130,43,50,13,113,121,27,106,61,46,59,97" hai2="122,93,120,58,47,131,71,75,87,23,19,9,60" hai3="57,129,48,4,95,51,15,128,24,70,20,26,6"/><V42/><F131/><N who="3" m="50251" /><G70/><T37/><D33/><U52/><E113/><V28/><F75/><W104/><G104/><T11/><D37/><U112/><E112/><V63/><F28/><N who="3" m="17415" /><G26/><T2/><D126/><U107/><E130/><V17/><F71/><W78/><G78/><T65/><D103/><U29/><E121/><V1/><F1/><W14/><G95/><T40/><D40/><U68/><E13/><N who="3" m="4618" /><G57/><T90/><D2/><U35/><REACH who="1" step="1"/><E107/><REACH who="1" ten="290,218,241,241" step="2"/><V83/><F122/><W8/><G8/><T100/><D11/><U54/><E54/><V41/><F120/><W77/><G77/><T108/><D64/><U92/><E92/><V110/><F93/><W124/><G124/><T56/><D94/><U111/><E111/><V91/><F110/><W116/><G116/><T62/><D108/><U30/><E30/><V67/><F9/><W123/><G123/><T0/><D65/><U98/><E98/><V101/><F67/><W80/><G80/><T3/><D0/><U38/><E38/><V34/><F83/><W135/><G135/><T10/><D3/><U114/><E114/><V127/><F127/><W84/><G84/><T88/><D10/><U76/><E76/><V74/><F87/><W18/><G18/><T22/><D85/><U31/><E31/><V109/><F17/><W16/><G16/><T118/><D86/><U12/><E12/><V115/><F109/><W66/><G66/><T49/><D118/><U25/><E25/><V79/><F115/><W44/><G6/><T32/><D5/><U39/><E39/><N who="2" m="21951" /><F79/><W119/><G4/><T96/><D7/><RYUUKYOKU ba="1,1" sc="290,-10,218,30,241,-10,241,-10" hai1="27,29,35,43,46,50,52,59,61,68,69,97,106" /><INIT seed="3,2,1,1,5,50" ten="280,248,231,231" oya="3" hai0="112,39,93,61,113,24,62,118,57,97,119,11,14" hai1="115,127,44,128,129,88,114,122,63,75,8,27,53" hai2="108,41,98,103,125,22,80,12,71,76,3,15,99" hai3="6,69,32,7,16,72,124,56,40,134,121,135,64"/><W70/><G121/><T67/><D39/><U19/><E122/><V132/><F71/><W47/><G72/><T66/><D24/><U89/><E75/><V37/><F3/><W29/><G124/><T4/><D113/><N who="1" m="43019" /><E127/><V48/><F125/><W111/><G111/><T106/><D106/><U74/><E74/><V31/><F108/><W5/><G29/><T105/><D105/><U35/><E8/><V85/><F37/><W87/><G32/><T68/><REACH who="0" step="1"/><D112/><REACH who="0" ten="270,248,231,231" step="2"/><U30/><E19/><V107/><F107/><W117/><G16/><T20/><D20/><U0/><E0/><V131/><F22/><W2/><G2/><T101/><AGARI ba="2,2" hai="4,11,14,57,61,62,66,67,68,93,97,101,118,119" machi="101" ten="20,2700,0" yaku="1,1,0,1,7,1,53,0" doraHai="50" doraHaiUra="21" who="0" fromWho="0" sc="270,53,248,-9,231,-9,231,-15" /><INIT seed="4,0,0,4,2,44" ten="323,239,222,216" oya="0" hai0="36,122,106,52,115,76,3,22,124,41,82,67,110" hai1="95,23,125,98,8,2,85,5,134,58,133,43,60" hai2="15,75,11,88,79,105,61,27,73,69,107,81,91" hai3="59,49,108,16,80,6,37,64,56,132,109,34,129"/><T47/><D122/><U89/><E125/><V21/><F75/><W4/><G37/><T94/><D106/><U28/><E43/><V32/><F32/><W25/><G129/><T29/><D3/><U50/><E28/><V96/><F69/><W99/><G132/><T128/><D124/><U57/><E23/><V97/><F61/><W83/><G109/><T7/><D128/><U62/><E85/><V72/><F72/><W14/><G108/><T135/><D115/><U113/><E113/><V18/><F97/><W102/><G25/><T118/><D118/><U39/><E39/><V45/><F45/><W9/><G34/><T126/><D126/><U84/><E84/><V103/><REACH who="2" step="1"/><F107/><REACH who="2" ten="323,239,212,216" step="2"/><W48/><G64/><T87/><D67/><U24/><E134/><V20/><F20/><W123/><G59/><T54/><D135/><U35/><E133/><V65/><F65/><W78/><G56/><T86/><D110/><U93/><E58/><V104/><F104/><W33/><G33/><T68/><D68/><U77/><E60/><V40/><F40/><W1/><G123/><T51/><D22/><U30/><E62/><V117/><F117/><W42/><G42/><T66/><D66/><U121/><E121/><V101/><F101/><W17/><G99/><T112/><D36/><U55/><E98/><V38/><F38/><W119/><G102/><T111/><D111/><U31/><E35/><V12/><F12/><W71/><G14/><T26/><D112/><U127/><E127/><V70/><F70/><W116/><G119/><T0/><D41/><U90/><E57/><RYUUKYOKU ba="0,1" sc="323,-10,239,-10,212,30,216,-10" hai2="11,15,18,21,27,73,79,81,88,91,96,103,105" /><INIT seed="5,1,1,3,2,13" ten="313,229,242,206" oya="1" hai0="10,74,86,45,36,1,62,9,73,68,16,22,105" hai1="106,124,130,129,131,122,102,126,39,6,28,5,47" hai2="90,33,7,112,48,123,52,134,32,69,50,12,71" hai3="17,18,97,30,81,103,82,54,49,77,29,66,91"/><U53/><E122/><V56/><F123/><W61/><G91/><T11/><D105/><U58/><E28/><V59/><F134/><W118/><G118/><T65/><D1/><U72/><E72/><V92/><F112/><W125/><G125/><N who="1" m="48234" /><E47/><V19/><F7/><N who="1" m="2569" /><E39/><V20/><F33/><W108/><G108/><T75/><D86/><U26/><E26/><V37/><F37/><W41/><G41/><T120/><D120/><U2/><E2/><V101/><F101/><W83/><G77/><T25/><D36/><U4/><N who="1" m="2577" /><U8/><DORA hai="96" /><E8/><V64/><F32/><W43/><G43/><T60/><D45/><U88/><E88/><V128/><F128/><W38/><G38/><T40/><D40/><U14/><E14/><V76/><F76/><W98/><G98/><T104/><D104/><U87/><E87/><N who="2" m="52319" /><F64/><W94/><G29/><T109/><REACH who="0" step="1"/><D62/><REACH who="0" ten="303,229,242,206" step="2"/><N who="1" m="36175" /><E106/><V67/><F67/><W133/><G133/><T44/><D44/><U27/><E27/><V99/><F99/><W24/><G24/><T111/><AGARI ba="1,2" hai="9,10,11,16,22,25,60,65,68,73,74,75,109,111" machi="111" ten="40,8000,1" yaku="1,1,0,1,52,1,54,1,53,0" doraHai="13,96" doraHaiUra="100,89" who="0" fromWho="0" sc="303,103,229,-41,242,-21,206,-21" /><INIT seed="6,0,0,1,4,16" ten="406,188,221,185" oya="2" hai0="7,1,95,106,14,91,41,53,26,31,117,58,126" hai1="25,107,93,92,113,116,86,18,44,59,40,3,74" hai2="43,32,35,30,98,29,115,6,120,51,104,39,99" hai3="66,77,112,62,20,28,119,63,109,61,84,72,79"/><V71/><F120/><W127/><G119/><T100/><D1/><U70/><E70/><V15/><F71/><W60/><G109/><T122/><D122/><U130/><E74/><V50/><F39/><W90/><G127/><T132/><D126/><U2/><E107/><V55/><F43/><W105/><G105/><T42/><D132/><U21/><E116/><V49/><F115/><W65/><G112/><T0/><D0/><U123/><E113/><V47/><F104/><W37/><G37/><T56/><D100/><U4/><E130/><V17/><F6/><W131/><G131/><T121/><D121/><U108/><E108/><V78/><F78/><N who="3" m="29707" /><G72/><T135/><D135/><U22/><E123/><V76/><F76/><W82/><N who="3" m="15360" /><DORA hai="9" /><W114/><G114/><T102/><D102/><U52/><E4/><V19/><F51/><W87/><G87/><T129/><D7/><U24/><E2/><V110/><F110/><W101/><G101/><T133/><D129/><U11/><E86/><V69/><F69/><W48/><G48/><T128/><D133/><U46/><E3/><V89/><F89/><W94/><G94/><T8/><D95/><U12/><E92/><V10/><F55/><W80/><G80/><T96/><D53/><U81/><E93/><V27/><F47/><N who="1" m="17961" /><E81/><V54/><F54/><W75/><G75/><T34/><D117/><U134/><E134/><V97/><F19/><W103/><G103/><T111/><D128/><U85/><E85/><V38/><F38/><W88/><G90/><T64/><D111/><U83/><E52/><V33/><F33/><RYUUKYOKU ba="0,0" sc="406,-15,188,-15,221,15,185,15" hai2="10,15,17,27,29,30,32,35,49,50,97,98,99" hai3="20,28,65,66,82,84,88" /><INIT seed="6,1,0,2,3,123" ten="391,173,236,200" oya="2" hai0="40,90,57,55,49,54,2,67,23,42,92,94,118" hai1="3,30,73,22,27,0,126,15,122,1,14,72,117" hai2="56,113,79,11,133,43,125,66,75,64,89,127,46" hai3="99,83,50,20,81,101,104,34,91,106,111,110,8"/><V17/><F113/><W132/><G34/><T69/><D2/><U60/><E122/><V26/><F133/><W76/><G8/><T12/><D118/><U24/><E117/><V100/><F100/><W5/><G5/><T35/><D35/><U58/><E126/><N who="2" m="48139" /><F89/><W131/><G20/><T36/><D36/><U107/><E107/><N who="3" m="41002" /><G50/><N who="0" m="30935" /><D67/><N who="2" m="25642" /><F56/><W63/><G63/><T134/><D69/><U18/><E58/><V88/><F79/><W4/><G4/><T85/><D94/><U65/><E60/><V41/><F75/><N who="3" m="43167" /><G131/><T96/><D96/><U103/><E103/><V16/><F88/><W97/><G132/><T84/><D134/><U80/><E65/><V70/><F70/><W33/><G33/><T98/><D40/><U10/><E72/><V135/><F135/><W109/><G101/><T37/><D42/><U115/><E115/><V39/><F43/><W130/><G130/><T19/><D37/><U128/><E128/><V44/><F46/><AGARI ba="1,0" hai="12,19,23,46,49,55,84,85,90,92,98" m="30935" machi="46" ten="30,1000,0" yaku="8,1" doraHai="123" who="0" fromWho="2" sc="391,13,173,0,236,-13,200,0" /><INIT seed="7,0,0,4,4,78" ten="404,173,223,200" oya="3" hai0="91,51,97,57,42,88,44,17,102,63,4,68,34" hai1="29,114,26,113,3,31,127,33,123,131,2,121,128" hai2="110,45,20,13,43,28,64,6,96,71,70,108,69" hai3="38,66,5,25,7,81,8,86,79,16,106,82,133"/><W109/><G133/><T11/><D34/><U56/><E31/><V75/><F75/><W54/><G106/><T37/><D37/><U61/><E56/><V30/><F64/><W93/><G109/><T46/><D46/><U40/><E61/><V92/><F110/><W59/><G38/><T115/><D68/><U10/><E40/><V76/><F76/><W126/><G126/><T116/><D17/><U60/><E60/><V84/><F84/><N who="3" m="48191" /><G93/><T24/><D24/><U32/><E32/><V129/><F129/><N who="1" m="49737" /><E127/><V22/><F108/><W73/><G73/><T21/><D21/><U62/><E62/><V49/><F22/><N who="3" m="13511" /><G8/><T134/><D116/><U0/><E10/><V85/><F6/><W1/><G1/><T89/><D134/><U80/><E80/><V111/><F111/><W23/><G23/><T39/><D39/><U90/><E90/><V117/><F117/><W27/><G27/><T83/><D11/><U119/><E119/><V132/><F132/><W98/><G66/><T87/><D4/><U105/><E105/><V72/><F20/><W112/><G112/><AGARI ba="0,0" hai="0,2,3,26,29,33,112,113,114,121,123" m="49737" machi="112" ten="40,8000,1" yaku="15,1,19,1,23,1,34,2" doraHai="78" who="1" fromWho="3" sc="404,0,173,80,223,0,200,-80" owari="404,50.4,253,5.3,223,-17.7,120,-38.0" /></mjloggm>