<mjloggm ver="2.3"><GO type="169" lobby="0"/><UN n0="%E7%8F%BE%E5%A0%B4%E3%81%AD%E3%81%93" n1="%41%63%75%6E%61%4A%72" n2="%68%69%72%6F%30%33%30%39" n3="%E3%83%AD%E3%83%AD%E3%82%93" dan="16,17,16,16" rate="2090.21,2250.33,2074.14,2149.60" sx="M,M,M,M"/><TAIKYOKU oya="0"/><INIT seed="0,0,0,1,5,69" ten="250,250,250,250" oya="0" hai0="115,75,95,34,78,25,31,32,61,30,20,2,42" hai1="48,3,6,64,117,87,28,43,83,105,14,4,56" hai2="5,128,120,101,8,132,72,66,81,44,19,29,96" hai3="16,124,52,53,106,130,40,67,86,55,23,57,11"/><T90/><D115/><U129/><E117/><V109/><F120/><W73/><G73/><T110/><D2/><U39/><E105/><V135/><F66/><W70/><G106/><T49/><D110/><U125/><E125/><V54/><F29/><W131/><G70/><T93/><D75/><U41/><E129/><N who="3" m="49162" /><G124/><T59/><D78/><U36/><E3/><V79/><F19/><W119/><G119/><T74/><D74/><U100/><E100/><V1/><F128/><W71/><G71/><T88/><D42/><U62/><E28/><V85/><F109/><W37/><G11/><T126/><D49/><U0/><E0/><V102/><F101/><W27/><G86/><T13/><D13/><U38/><E48/><V111/><F111/><W46/><G67/><T118/><D118/><U80/><E80/><V134/><F72/><W97/><G97/><T47/><D47/><U89/><REACH who="1" step="1"/><E14/><REACH who="1" ten="250,240,250,250" step="2"/><V60/><F102/><W76/><G76/><T123/><D126/><U113/><E113/><V68/><F79/><W24/><G24/><N who="0" m="16647" /><D32/><U116/><E116/><V33/><F33/><W127/><G127/><T114/><D114/><U98/><E98/><V22/><F96/><W104/><G104/><T121/><D121/><U45/><E45/><V9/><F44/><W63/><AGARI ba="0,1" hai="16,23,27,37,40,46,52,53,55,57,63" m="49162" machi="63" ten="30,7900,0" yaku="19,1,52,1,54,2" doraHai="69" who="3" fromWho="3" sc="250,-39,240,-20,250,-20,250,89" /><INIT seed="1,0,0,0,0,78" ten="211,220,230,339" oya="1" hai0="15,9,84,72,32,14,49,16,21,39,73,92,133" hai1="54,34,37,102,26,80,35,96,59,118,90,99,42" hai2="31,60,6,13,95,75,8,62,4,53,70,132,87" hai3="56,0,41,113,106,28,27,94,36,97,76,40,20"/><U104/><E118/><V50/><F75/><W74/><G0/><T58/><D39/><U109/><E109/><V82/><F132/><W68/><G68/><T122/><D32/><U29/><E99/><V134/><F134/><W10/><G106/><T24/><D133/><U89/><E35/><V115/><F115/><W51/><G10/><T46/><D122/><U100/><E100/><V57/><F31/><W38/><G113/><T116/><D116/><U47/><REACH who="1" step="1"/><E80/><REACH who="1" ten="211,210,230,339" step="2"/><V79/><F70/><W105/><G97/><T103/><D103/><U71/><E71/><V23/><F4/><W125/><G125/><T88/><D58/><U114/><E114/><V64/><F64/><W2/><G56/><T124/><D124/><U98/><E98/><V3/><F3/><W48/><G2/><T61/><D61/><AGARI ba="0,1" hai="26,29,34,37,42,47,54,59,61,89,90,96,102,104" machi="61" ten="30,2900,0" yaku="1,1,7,1,53,0" doraHai="78" doraHaiUra="110" who="1" fromWho="0" sc="211,-29,210,39,230,0,339,0" /><INIT seed="1,1,0,5,5,115" ten="182,249,230,339" oya="1" hai0="89,10,74,11,63,120,43,125,82,118,48,33,27" hai1="84,132,50,80,45,96,25,117,44,104,133,107,5" hai2="86,122,2,3,130,70,21,28,92,60,67,124,65" hai3="95,72,32,98,22,93,128,123,100,75,112,4,90"/><U57/><E5/><V73/><F73/><W83/><G32/><T30/><D125/><U87/><E57/><V47/><F122/><W31/><G112/><T29/><D120/><U55/><E25/><V34/><F34/><W79/><G4/><T91/><D30/><U116/><E96/><V52/><F130/><W109/><G109/><T64/><D91/><U110/><E110/><V108/><F108/><W12/><G123/><T99/><D99/><U51/><E55/><V9/><F124/><W53/><G53/><T23/><D33/><U49/><E49/><V16/><F28/><W119/><G119/><T66/><D66/><U8/><E8/><V38/><F67/><W103/><G128/><T18/><D29/><U62/><REACH who="1" step="1"/><E80/><REACH who="1" ten="182,239,230,339" step="2"/><V36/><F9/><W56/><G56/><T39/><D48/><U88/><E88/><V97/><F36/><W20/><G90/><T68/><D89/><U134/><E134/><V101/><F38/><W126/><G83/><T121/><D10/><U81/><E81/><V127/><F127/><W46/><G98/><T71/><D11/><U0/><E0/><V6/><F6/><W135/><G126/><T37/><D37/><U131/><E131/><V54/><F54/><W26/><G26/><T17/><D82/><U14/><E14/><V85/><F2/><W102/><G12/><T129/><D129/><U94/><E94/><V114/><F3/><W61/><G95/><T13/><D13/><U105/><E105/><V19/><F92/><W41/><G93/><T1/><D1/><U76/><E76/><V15/><F15/><RYUUKYOKU ba="1,1" sc="182,-10,239,30,230,-10,339,-10" hai1="44,45,50,51,62,84,87,104,107,116,117,132,133" /><INIT seed="1,2,1,3,2,91" ten="172,269,220,329" oya="1" hai0="24,39,42,23,106,15,18,72,88,131,66,113,46" hai1="104,62,76,118,84,81,89,30,33,27,9,65,2" hai2="114,132,123,73,63,49,97,78,50,119,128,92,135" hai3="53,77,100,109,74,125,83,122,68,59,13,11,55"/><U105/><E118/><V43/><F119/><W10/><G68/><T133/><D133/><N who="2" m="51274" /><F123/><W51/><G125/><T5/><D131/><U45/><E45/><V99/><F128/><W35/><G35/><T112/><D106/><U25/><E25/><V95/><F114/><W38/><G38/><T19/><D72/><U54/><E54/><V69/><F69/><W127/><G127/><T129/><D5/><U108/><E108/><V36/><F36/><W58/><G109/><T124/><D124/><U94/><E9/><V121/><F121/><W90/><G100/><T93/><D66/><U6/><E6/><V71/><F71/><W98/><G122/><T57/><D57/><U110/><E2/><V79/><F63/><W75/><G75/><T87/><REACH who="0" step="1"/><D129/><REACH who="0" ten="162,269,220,329" step="2"/><U67/><E110/><V41/><F73/><W48/><G13/><T101/><D101/><U96/><E67/><V21/><F41/><W8/><G8/><AGARI ba="2,2" hai="8,15,18,19,23,24,39,42,46,87,88,93,112,113" machi="8" ten="30,8000,1" yaku="1,1,7,1,52,1,54,1,53,1" doraHai="91" doraHaiUra="80" who="0" fromWho="3" sc="162,106,269,0,220,0,329,-86" /><INIT seed="2,0,0,3,1,83" ten="268,269,220,243" oya="2" hai0="103,90,57,28,68,59,129,51,25,123,132,53,66" hai1="93,135,72,14,10,52,77,133,69,43,105,76,21" hai2="54,79,95,34,13,6,74,7,1,134,27,117,118" hai3="15,111,107,35,50,92,61,19,23,101,18,94,26"/><V41/><F1/><W104/><G111/><T37/><D123/><U84/><E105/><V85/><F134/><N who="1" m="51209" /><E69/><V49/><F74/><W48/><G61/><T67/><D132/><U113/><E113/><V112/><F112/><W128/><G128/><T99/><D37/><U73/><E43/><V8/><F7/><W91/><G35/><T16/><D68/><U55/><E21/><V127/><F127/><W100/><G15/><T116/><D116/><U81/><E77/><V89/><F41/><W39/><G39/><T20/><D90/><N who="1" m="53447" /><E73/><V122/><F122/><W109/><G109/><T29/><D129/><U12/><E12/><V40/><F40/><W80/><G80/><T4/><D4/><AGARI ba="0,0" hai="4,10,14,52,55,72,76,81" m="53447,51209" machi="4" ten="30,3900,0" yaku="20,1,52,1,54,1" doraHai="83" who="1" fromWho="0" sc="268,-39,269,39,220,0,243,0" /><INIT seed="3,0,0,3,3,3" ten="229,308,220,243" oya="3" hai0="28,92,62,23,117,54,87,29,128,106,0,55,125" hai1="96,22,57,80,112,91,15,41,78,102,43,11,66" hai2="42,67,113,4,133,6,108,72,10,98,17,69,85" hai3="73,123,53,134,36,93,115,32,19,132,65,51,58"/><W33/><G73/><T35/><D117/><U79/><E22/><V131/><F72/><W30/><G36/><T103/><D0/><U127/><E112/><V86/><F113/><W2/><G2/><T70/><D125/><U44/><E91/><V16/><F108/><W89/><G115/><T82/><D128/><U20/><E20/><V77/><F131/><W18/><G123/><T56/><D70/><U81/><E81/><V26/><F133/><N who="3" m="51307" /><G65/><T101/><D106/><U107/><E127/><V135/><F135/><W126/><G126/><T95/><D35/><N who="3" m="13385" /><G30/><N who="0" m="11883" /><D54/><U71/><E71/><V37/><F37/><W27/><G27/><T75/><D23/><U7/><E43/><V50/><F98/><AGARI ba="0,0" hai="18,19,51,53,58,89,93,98" m="13385,51307" machi="98" ten="30,1500,0" yaku="20,1" doraHai="3" who="3" fromWho="2" sc="229,0,308,0,220,-15,243,15" /><INIT seed="3,1,0,2,1,89" ten="229,308,205,258" oya="3" hai0="86,79,110,64,98,66,20,115,38,84,120,75,46" hai1="21,24,105,108,7,74,63,56,4,88,121,28,82" hai2="85,58,116,114,32,68,0,109,49,123,17,91,125" hai3="102,41,135,22,134,45,76,36,111,13,18,54,5"/><W25/><G102/><T35/><D35/><U30/><E121/><V44/><F68/><W132/><G76/><T106/><D120/><U131/><E105/><V122/><F114/><W61/><G61/><T23/><D110/><U59/><E108/><V11/><F109/><W3/><G111/><T130/><D75/><U77/><E131/><V42/><F116/><W50/><G3/><T69/><D130/><U101/><E101/><V72/><F72/><W103/><G103/><T129/><D129/><U37/><E37/><V27/><F125/><W96/><G96/><T107/><D98/><U19/><E59/><V53/><F32/><W81/><G81/><T51/><D79/><U70/><E70/><V65/><F65/><W29/><G5/><T47/><D69/><U112/><E112/><V92/><F0/><W133/><N who="3" m="33792" /><DORA hai="33" /><W10/><REACH who="3" step="1"/><G36/><REACH who="3" ten="229,308,205,248" step="2"/><T12/><D38/><U87/><E4/><V83/><F83/><W94/><G94/><T126/><D115/><U67/><E7/><V39/><F123/><W78/><G78/><T57/><D107/><U124/><E124/><V1/><F122/><W128/><G128/><T43/><D106/><U113/><E113/><V48/><F39/><W60/><G60/><T80/><D126/><U117/><E117/><V118/><F118/><W73/><G73/><T99/><D99/><U15/><E74/><V95/><F92/><W34/><G34/><T104/><D104/><U93/><E93/><V62/><F62/><W127/><G127/><T31/><D80/><U71/><E77/><V16/><F95/><W8/><G8/><RYUUKYOKU ba="1,1" sc="229,-10,308,-10,205,-10,248,30" hai3="10,13,18,22,25,29,41,45,50,54" /><INIT seed="3,2,1,4,1,128" ten="219,298,195,278" oya="3" hai0="112,61,123,135,125,49,129,133,20,1,75,103,30" hai1="39,86,85,10,4,56,132,34,60,63,5,54,120" hai2="87,69,78,14,51,82,92,24,53,47,110,84,117" hai3="134,37,101,3,122,89,46,73,71,131,113,52,127"/><W74/><RYUUKYOKU type="yao9" ba="2,1" sc="219,0,298,0,195,0,278,0" hai3="3,37,46,52,71,73,74,89,101,113,122,127,131,134" /><INIT seed="3,3,1,1,0,31" ten="219,298,195,278" oya="3" hai0="90,20,62,121,81,74,39,49,0,12,50,1,23" hai1="43,36,27,65,107,29,87,132,101,114,35,79,123" hai2="8,54,26,102,5,14,125,131,77,45,15,61,63" hai3="96,38,130,124,51,2,18,59,30,111,16,93,9"/><W24/><G38/><T86/><D121/><U85/><E123/><V99/><F131/><W75/><G75/><T115/><D39/><U80/><E114/><V113/><F113/><W11/><G111/><T57/><D115/><U60/><E132/><V55/><F125/><W83/><G130/><T129/><D129/><U122/><E122/><V19/><F77/><W91/><G124/><T120/><D120/><U117/><E117/><V21/><F15/><W52/><G83/><T64/><D74/><U13/><E13/><V127/><F127/><W84/><G96/><T7/><D0/><U109/><E109/><V22/><F22/><N who="0" m="8234" /><D1/><U73/><E43/><V92/><F45/><W95/><G95/><T34/><D34/><U110/><E36/><V104/><F104/><W94/><G94/><T100/><D100/><U17/><E17/><V106/><F106/><W40/><G40/><T66/><D66/><U41/><E41/><V28/><F28/><W47/><G47/><T82/><D82/><U98/><REACH who="1" step="1"/><E110/><REACH who="1" ten="219,288,195,278" step="2"/><V3/><F3/><W44/><G2/><T42/><D42/><U72/><E72/><V70/><F70/><AGARI ba="3,2" hai="27,29,35,60,65,70,73,79,80,85,87,98,101,107" machi="70" ten="30,12000,2" yaku="1,1,7,1,25,2,52,1,53,1" doraHai="31" doraHaiUra="58" who="1" fromWho="2" sc="219,0,288,149,195,-129,278,0" /><INIT seed="4,0,0,2,3,100" ten="219,437,66,278" oya="0" hai0="62,55,75,2,123,10,108,23,131,129,107,64,67" hai1="69,50,52,28,68,70,120,11,135,34,13,59,126" hai2="26,19,89,18,49,117,112,8,109,56,29,128,35" hai3="84,115,97,105,3,78,81,83,88,82,61,57,132"/><T20/><D123/><U27/><E120/><V51/><F109/><W101/><G3/><T54/><D75/><U92/><E126/><V76/><F112/><W15/><G115/><T71/><D67/><U43/><E135/><V77/><F128/><N who="0" m="49226" /><D108/><U17/><E43/><V111/><F111/><W53/><G132/><T79/><D79/><U44/><E92/><V114/><F114/><W90/><G15/><T94/><D94/><U6/><REACH who="1" step="1"/><E44/><REACH who="1" ten="219,427,66,278" step="2"/><V37/><F117/><W104/><G104/><T125/><D125/><U95/><E95/><V130/><F130/><W58/><G82/><T47/><D107/><U74/><E74/><V65/><F37/><W5/><G83/><T103/><D103/><U41/><E41/><V63/><F89/><W0/><REACH who="3" step="1"/><G58/><REACH who="3" ten="219,427,66,268" step="2"/><T21/><D47/><U1/><E1/><V31/><F56/><W66/><G66/><T118/><D118/><U85/><E85/><V22/><F65/><W42/><G42/><T12/><D2/><U72/><E72/><V39/><F76/><W48/><G48/><T16/><AGARI ba="0,2" hai="10,12,16,20,21,23,54,55,62,64,71" m="49226" machi="16" ten="30,3000,0" yaku="19,1,54,1" doraHai="100" who="0" fromWho="0" sc="219,50,427,-10,66,-10,268,-10" /><INIT seed="4,1,0,3,2,89" ten="269,417,56,258" oya="0" hai0="103,40,131,34,45,37,2,128,113,91,20,105,42" hai1="3,7,12,78,23,15,99,74,25,31,17,100,110" hai2="76,135,67,92,29,90,134,93,118,69,41,52,86" hai3="68,61,58,14,79,24,1,54,35,120,126,117,104"/><T48/><D34/><U49/><E110/><V18/><F41/><W85/><G117/><T59/><D2/><U26/><E74/><V22/><F118/><W83/><G1/><T111/><D111/><U21/><E78/><V19/><F29/><W51/><G104/><T102/><D113/><U97/><E97/><V30/><F69/><W127/><G120/><T106/><D20/><U73/><E73/><V4/><F67/><W125/><G14/><T60/><D37/><U84/><E84/><V65/><F65/><W75/><G68/><T112/><D40/><U36/><E36/><V46/><F4/><W28/><G75/><T44/><D44/><U8/><E49/><AGARI ba="1,0" hai="24,28,35,49,51,54,58,61,79,83,85,125,126,127" machi="49" ten="40,1300,0" yaku="18,1" doraHai="89" who="3" fromWho="1" sc="269,0,417,-16,56,0,258,16" /><INIT seed="5,0,0,5,3,62" ten="269,401,56,274" oya="1" hai0="14,105,69,15,39,27,49,2,40,10,17,103,67" hai1="112,21,82,127,94,79,5,29,118,133,134,24,11" hai2="101,102,83,59,91,87,111,1,34,126,76,20,33" hai3="56,109,9,115,119,75,107,31,110,12,74,63,81"/><U92/><E118/><V116/><F111/><W61/><G107/><T89/><D2/><U3/><E112/><V90/><F116/><W51/><G119/><T23/><D39/><U123/><E123/><V22/><F1/><W84/><G31/><T57/><D69/><U72/><REACH who="1" step="1"/><E127/><REACH who="1" ten="269,391,56,274" step="2"/><V28/><F126/><W0/><G115/><T113/><D113/><U13/><E13/><V68/><F68/><W30/><G12/><T43/><D14/><U45/><E45/><V122/><F122/><W47/><G110/><T58/><D15/><U130/><E130/><V85/><F28/><W95/><G109/><T7/><D7/><U44/><E44/><V36/><F36/><W88/><G30/><T65/><D10/><U25/><E25/><V73/><F59/><W125/><G9/><T18/><D27/><U98/><E98/><V124/><F124/><W55/><G0/><T8/><D8/><U106/><E106/><V50/><F34/><W129/><G129/><T6/><D105/><U48/><E48/><V54/><F33/><W97/><G125/><T108/><D49/><U70/><E70/><V78/><F50/><W53/><REACH who="3" step="1"/><G63/><REACH who="3" ten="269,391,56,264" step="2"/><T38/><D108/><U99/><E99/><V46/><F46/><W132/><G132/><AGARI ba="0,2" hai="3,5,11,21,24,29,72,79,82,92,94,132,133,134" machi="132" ten="40,7700,0" yaku="1,1,20,1,53,1" doraHai="62" doraHaiUra="32" who="1" fromWho="3" sc="269,0,391,97,56,0,264,-77" /><INIT seed="5,1,0,1,3,16" ten="269,488,56,187" oya="1" hai0="22,47,106,57,44,88,11,91,82,1,6,128,13" hai1="124,9,32,64,127,121,46,10,3,51,75,18,72" hai2="52,99,73,108,49,31,101,14,119,24,133,59,55" hai3="68,80,97,117,71,112,76,96,105,85,50,134,21"/><U42/><E121/><V33/><F119/><W53/><G134/><T86/><D106/><U113/><E113/><V125/><F133/><W103/><G117/><T114/><D114/><U43/><E32/><V23/><F125/><W20/><G112/><T15/><D1/><U90/><E64/><V109/><F73/><W17/><G97/><T26/><D15/><U95/><E42/><V107/><F33/><W74/><G74/><T132/><D128/><U126/><E10/><V78/><F78/><W38/><G38/><T5/><D5/><N who="1" m="1215" /><E18/><V87/><F87/><AGARI ba="1,0" hai="43,46,51,72,75,87,90,95,124,126,127" m="1215" machi="87" ten="30,1500,0" yaku="18,1" doraHai="16" who="1" fromWho="2" sc="269,0,488,18,56,-18,187,0" /><INIT seed="5,2,0,3,0,49" ten="269,506,38,187" oya="1" hai0="60,51,114,109,98,110,69,54,131,117,15,14,62" hai1="135,120,40,22,106,63,46,6,74,85,96,79,30" hai2="99,1,55,134,9,77,19,23,43,2,66,59,67" hai3="56,132,35,72,13,75,71,10,84,102,115,95,20"/><U8/><E120/><V124/><F134/><W39/><G39/><T123/><D123/><U121/><E121/><V12/><F124/><W27/><G132/><T81/><D117/><U41/><E41/><V65/><F43/><W129/><G71/><T82/><D131/><U78/><E74/><V89/><F77/><W87/><G129/><T53/><D98/><U90/><E63/><V52/><F59/><W113/><G35/><T133/><D51/><U73/><E73/><V100/><F89/><W122/><G122/><T17/><D17/><U68/><E68/><V107/><REACH who="2" step="1"/><F1/><REACH who="2" ten="269,506,28,187" step="2"/><W128/><G128/><T125/><D133/><U127/><E127/><V28/><F28/><W50/><G56/><T118/><D69/><U48/><E135/><V130/><F130/><W70/><G70/><T45/><D125/><U97/><E79/><V92/><F92/><W29/><G102/><T104/><D118/><U25/><E78/><V0/><F0/><W88/><G115/><T108/><D108/><U101/><E101/><V83/><F83/><W47/><G113/><T91/><D114/><U34/><E90/><V111/><F111/><W105/><G105/><T7/><D91/><U57/><E57/><V5/><AGARI ba="2,1" hai="2,5,9,12,19,23,52,55,65,66,67,99,100,107" machi="5" ten="30,12000,2" yaku="1,1,0,1,52,2,54,1,53,1" doraHai="49" doraHaiUra="94" who="2" fromWho="2" sc="269,-32,506,-62,28,136,187,-32" /><INIT seed="6,0,0,4,5,78" ten="237,444,164,155" oya="2" hai0="74,122,59,46,53,33,47,43,83,55,44,34,48" hai1="128,12,76,80,100,3,123,45,24,19,30,82,116" hai2="41,52,130,61,21,129,118,32,127,62,66,67,126" hai3="98,72,14,86,42,22,25,102,73,15,84,88,131"/><V108/><F32/><W31/><G131/><N who="2" m="50185" /><F21/><W119/><G86/><T90/><D122/><U64/><E116/><V18/><F18/><W94/><G119/><T96/><D55/><U40/><E3/><V134/><F118/><W110/><G110/><T27/><D27/><U75/><E123/><V103/><F41/><W79/><G42/><T51/><D33/><U81/><E64/><N who="2" m="24619" /><F103/><W37/><G37/><T29/><D29/><U89/><E100/><V1/><F1/><W7/><G7/><T114/><D34/><U9/><E128/><V5/><F5/><W111/><G111/><T91/><D43/><U120/><E120/><V35/><F35/><W121/><G121/><T65/><D65/><U70/><E70/><V133/><F108/><W39/><G39/><T68/><D68/><U10/><E10/><V57/><F62/><W85/><G85/><T69/><D69/><U92/><E24/><V132/><AGARI ba="0,0" hai="52,57,61,126,127,132,133,134" m="24619,50185" machi="132" ten="40,18000,2" yaku="30,2,20,1,19,1,34,2,54,1" doraHai="78" who="2" fromWho="2" sc="237,-60,444,-60,164,180,155,-60" /><INIT seed="6,1,0,5,2,62" ten="177,384,344,95" oya="2" hai0="29,45,91,126,56,96,48,77,105,35,122,16,14" hai1="66,87,37,39,64,36,30,65,125,76,67,9,70" hai2="43,22,59,71,130,106,101,24,116,97,78,20,129" hai3="19,26,44,50,0,32,54,95,40,90,112,123,83"/><V42/><F71/><W93/><G123/><T3/><D3/><U120/><E120/><V4/><F116/><W99/><G0/><T132/><D122/><U68/><E30/><V57/><F78/><W8/><G112/><T113/><D56/><N who="2" m="21578" /><F4/><W74/><G32/><T12/><D12/><U103/><E103/><V81/><F81/><W61/><G61/><T131/><D77/><U124/><E9/><V2/><F2/><W75/><G40/><T108/><D108/><U84/><N who="1" m="16384" /><DORA hai="21" /><U1/><E1/><V133/><F133/><W23/><G95/><T85/><D29/><U100/><E100/><V72/><F72/><W28/><G83/><T7/><D96/><U114/><E114/><V88/><F88/><W13/><AGARI ba="1,0" hai="8,13,19,23,26,28,44,50,54,74,75,90,93,99" machi="13" ten="30,2000,0" yaku="0,1,52,1" doraHai="62,21" who="3" fromWho="3" sc="177,-6,384,-6,344,-11,95,23" /><INIT seed="7,0,0,0,3,73" ten="171,378,333,118" oya="3" hai0="42,112,118,58,100,66,75,103,114,12,35,116,8" hai1="123,9,55,87,129,28,49,47,109,119,18,124,26" hai2="68,39,79,81,5,21,80,52,14,24,15,117,45" hai3="108,96,134,53,43,128,97,85,4,48,41,36,113"/><W29/><G113/><N who="0" m="43627" /><D35/><U22/><E123/><V33/><F117/><N who="0" m="45162" /><D75/><U126/><E109/><V127/><F68/><W130/><G108/><T40/><D58/><U67/><E67/><V64/><F64/><W88/><G134/><T59/><D59/><U57/><E129/><N who="3" m="49770" /><G29/><T86/><D86/><U72/><E72/><V51/><F33/><W38/><G4/><N who="0" m="3079" /><D66/><U94/><E57/><V110/><F110/><W115/><G115/><T82/><D82/><U20/><E119/><V101/><F101/><AGARI ba="0,0" hai="40,42,100,101,103" m="3079,45162,43627" machi="101" ten="30,2000,0" yaku="15,1,11,1" doraHai="73" who="0" fromWho="2" sc="171,20,378,0,333,-20,118,0" owari="191,-20.9,378,47.8,313,11.3,118,-38.2" /></mjloggm>