<mjloggm ver="2.3"><GO type="169" lobby="0"/><UN n0="%4D%73%75%7A%75%74%6F" n1="%E4%BA%8C%E9%9A%8E%E5%A0%82%E7%9C%9F%E7%B4%85%E3%81%A1%E3%82%83%E3%82%93" n2="%E3%81%97%E3%82%89%E3%81%99%EF%BC%A1" n3="%E5%A7%AB%E7%95%99" dan="16,16,16,16" rate="2194.06,2125.94,2145.34,2145.41" sx="M,M,M,M"/><TAIKYOKU oya="0"/><INIT seed="0,0,0,3,3,99" ten="250,250,250,250" oya="0" hai0="38,27,17,35,81,86,16,69,126,22,24,48,121" hai1="43,123,125,8,61,63,87,1,59,53,13,94,34" hai2="116,115,74,67,132,105,100,23,109,58,106,0,46" hai3="114,39,110,88,117,71,75,91,104,10,134,5,47"/><T118/><D118/><U60/><E34/><V119/><F58/><W30/><G117/><N who="2" m="45129" /><F67/><W127/><G114/><T65/><D121/><U113/><E1/><V111/><F46/><W102/><G75/><T12/><D126/><U96/><E125/><V21/><F0/><W52/><G127/><T93/><D38/><U101/><E123/><V50/><F50/><W135/><G110/><N who="2" m="41993" /><F115/><W9/><G71/><T82/><D48/><U32/><E32/><V45/><F45/><W78/><G78/><T73/><D65/><U62/><E113/><V131/><F74/><W85/><G30/><T14/><D69/><U77/><E43/><V40/><F40/><W49/><G39/><T72/><D35/><U84/><REACH who="1" step="1"/><E77/><REACH who="1" ten="250,240,250,250" step="2"/><V25/><F131/><W20/><G20/><T124/><D124/><U57/><E57/><V6/><F21/><W122/><G122/><T19/><D73/><U120/><E120/><V11/><F23/><W44/><G44/><T133/><D72/><U80/><E80/><V56/><F56/><W129/><G129/><T89/><D133/><N who="3" m="50697" /><G10/><T55/><D81/><U79/><E79/><V33/><F132/><W90/><G9/><N who="0" m="6159" /><D82/><U4/><AGARI ba="0,1" hai="4,8,13,53,59,60,61,62,63,84,87,94,96,101" machi="4" ten="30,8000,1" yaku="1,1,0,1,8,1,52,1,53,1" doraHai="99" doraHaiUra="95" who="1" fromWho="1" sc="250,-40,240,90,250,-20,250,-20" /><INIT seed="1,0,0,5,4,45" ten="210,330,230,230" oya="1" hai0="49,12,51,27,106,91,23,114,99,86,30,125,111" hai1="47,32,100,66,59,61,82,67,89,116,104,53,1" hai2="28,75,6,133,39,19,131,25,4,10,43,65,62" hai3="84,9,22,113,74,78,88,85,41,126,132,0,37"/><U31/><E1/><V42/><F133/><W120/><G120/><T71/><D114/><U79/><E32/><V102/><F131/><W135/><G113/><T34/><D71/><U55/><E31/><V13/><F75/><W2/><G126/><T95/><D111/><U112/><E104/><V63/><F102/><W90/><G74/><T33/><D125/><U127/><E100/><V26/><F39/><W123/><G123/><T35/><D106/><U128/><E116/><V87/><F87/><N who="3" m="33355" /><G78/><T73/><D73/><U76/><E128/><V40/><F63/><W110/><G110/><T94/><REACH who="0" step="1"/><D12/><REACH who="0" ten="200,330,230,230" step="2"/><U58/><E127/><V97/><F26/><W16/><G2/><T48/><D48/><N who="1" m="28831" /><E112/><V93/><F25/><N who="3" m="14535" /><G0/><T96/><D96/><U134/><E134/><N who="3" m="51242" /><G9/><T36/><D36/><U17/><E79/><V8/><F8/><W130/><G130/><T124/><D124/><U15/><E76/><V20/><F10/><W3/><G3/><T81/><D81/><U60/><E82/><V122/><F122/><W38/><G37/><T7/><D7/><U56/><E15/><V29/><F4/><W83/><G83/><T80/><D80/><U21/><E61/><V11/><F6/><W18/><G38/><T54/><D54/><U69/><E55/><V107/><F107/><W70/><G70/><T129/><D129/><U57/><E69/><N who="2" m="42167" /><F11/><W108/><G108/><T64/><D64/><U109/><E109/><V77/><F77/><W118/><G118/><T105/><D105/><U121/><N who="1" m="14336" /><DORA hai="119" /><U52/><E121/><V5/><F5/><W103/><G41/><RYUUKYOKU ba="0,1" sc="200,15,330,-15,230,15,230,-15" hai0="23,27,30,33,34,35,49,51,86,91,94,95,99" hai2="13,19,20,28,29,40,42,43,93,97" /><INIT seed="2,1,1,1,2,81" ten="215,315,245,215" oya="2" hai0="118,62,69,80,38,9,53,85,33,57,87,101,90" hai1="24,67,47,99,42,109,54,114,55,68,44,125,71" hai2="93,97,77,104,96,119,88,13,26,31,121,78,73" hai3="6,132,21,129,72,102,35,10,63,122,86,120,49"/><V19/><F119/><W135/><G72/><T58/><D38/><N who="1" m="21591" /><E99/><V113/><F113/><W83/><G35/><T45/><D69/><N who="1" m="26699" /><E24/><V46/><F121/><W50/><G102/><T133/><D133/><N who="3" m="51273" /><G129/><T126/><D126/><U11/><E11/><V92/><F104/><W15/><G63/><N who="0" m="36271" /><D33/><U95/><E95/><V116/><F46/><W124/><G21/><T56/><D45/><U100/><E100/><V94/><F116/><W32/><G32/><T105/><D118/><U110/><E114/><V37/><F37/><W134/><N who="3" m="51281" /><W66/><DORA hai="91" /><G66/><N who="0" m="39239" /><D105/><U18/><E67/><V74/><F74/><W14/><G14/><T16/><D101/><U130/><E130/><V29/><F73/><W112/><G124/><T4/><D4/><U89/><E18/><V27/><F26/><W65/><G65/><T20/><D9/><U36/><E125/><V108/><F108/><N who="1" m="41577" /><E89/><N who="2" m="55311" /><F27/><W17/><G17/><T128/><D128/><U7/><E7/><V82/><F82/><W40/><G112/><T131/><D131/><U111/><N who="1" m="41585" /><U123/><DORA hai="2" /><E123/><N who="3" m="47146" /><G40/><AGARI ba="1,1" hai="36,40,47,54,55" m="41585,26699,21591" machi="40" ten="50,6400,0" yaku="14,1,34,2" doraHai="81,91,2" who="1" fromWho="3" sc="215,0,315,77,245,0,215,-67" /><INIT seed="3,0,0,0,5,4" ten="215,392,245,148" oya="3" hai0="59,58,51,6,86,77,99,12,111,30,96,56,19" hai1="84,0,41,5,14,40,64,90,73,116,121,54,103" hai2="37,48,47,53,94,92,45,89,36,98,35,16,38" hai3="104,27,7,108,2,106,114,39,18,61,78,123,117"/><W70/><G114/><T63/><D111/><U112/><E73/><V29/><F35/><W119/><G123/><T125/><D125/><U10/><E121/><V44/><F29/><W102/><G39/><T76/><D30/><U80/><E116/><V43/><F45/><W52/><G108/><T23/><D6/><U21/><E64/><V42/><F53/><W120/><G120/><T34/><D34/><U15/><E103/><V130/><F130/><W128/><G128/><T33/><D33/><U126/><E126/><V8/><REACH who="2" step="1"/><F92/><REACH who="2" ten="215,392,235,148" step="2"/><W131/><G131/><T79/><D86/><U25/><E54/><V95/><F95/><W1/><G52/><T62/><REACH who="0" step="1"/><D51/><REACH who="0" ten="205,392,235,148" step="2"/><U109/><E109/><V91/><F91/><W133/><G117/><T66/><D66/><U74/><E74/><V69/><F69/><W107/><G119/><T57/><N who="0" m="14336" /><DORA hai="97" /><T68/><D68/><U85/><E85/><V11/><F11/><W122/><G70/><T32/><D32/><U17/><E112/><V110/><F110/><W55/><G122/><T22/><D22/><U105/><E84/><V115/><F115/><W13/><G104/><T3/><D3/><U20/><E105/><V129/><F129/><W135/><G1/><T88/><D88/><U72/><E0/><V75/><F75/><W71/><G2/><T31/><D31/><N who="1" m="17831" /><E90/><V49/><F49/><W65/><G106/><T67/><D67/><U87/><E72/><V101/><F101/><W28/><G107/><T83/><D83/><U93/><E80/><V127/><F127/><W9/><G102/><T60/><AGARI ba="0,2" hai="12,19,23,60,62,63,76,77,79,96,99" m="14336" machi="60" ten="50,12000,2" yaku="1,1,5,1,0,1,29,2,8,1,53,0" doraHai="4,97" doraHaiUra="124,134" who="0" fromWho="0" sc="205,140,392,-30,235,-30,148,-60" /><INIT seed="4,0,0,5,4,39" ten="345,362,205,88" oya="0" hai0="27,25,21,100,83,9,116,55,47,57,14,74,73" hai1="34,58,118,105,120,92,44,111,127,23,15,102,8" hai2="61,95,35,133,98,50,132,99,66,63,54,33,101" hai3="125,17,106,31,128,78,5,112,123,108,97,56,135"/><T4/><D116/><U10/><E34/><V42/><F98/><W3/><G78/><T40/><D100/><U6/><E111/><V130/><F130/><W117/><G56/><T122/><D122/><U67/><E127/><V121/><F121/><W36/><G97/><T114/><D114/><U49/><E105/><V80/><F80/><W46/><G46/><T110/><D110/><U48/><E118/><V30/><F30/><W24/><G17/><T29/><D83/><U7/><E23/><V22/><F22/><W41/><G41/><T59/><D59/><U43/><E120/><V104/><F104/><W77/><G77/><T12/><D12/><U37/><E102/><V87/><F87/><W107/><G5/><T131/><D131/><U89/><E67/><V75/><F75/><W68/><G24/><T129/><D129/><U119/><E58/><N who="2" m="33111" /><F42/><W13/><G13/><T53/><D53/><U26/><E26/><V96/><F96/><W45/><G45/><T11/><D11/><U94/><E94/><V19/><F19/><W1/><G31/><T16/><D55/><U72/><E72/><V103/><F103/><W70/><G70/><T64/><D57/><U60/><E119/><V28/><F28/><W113/><G1/><T76/><D64/><U65/><E65/><V115/><F66/><W52/><G52/><T88/><D76/><U71/><E71/><V79/><F79/><W86/><G113/><T126/><D126/><U62/><E62/><N who="2" m="23563" /><F115/><W2/><G106/><T81/><D73/><U32/><E60/><V0/><F0/><W124/><G3/><RYUUKYOKU ba="0,0" sc="345,-10,362,-10,205,30,88,-10" hai2="33,35,95,99,101,132,133" /><INIT seed="5,1,0,4,0,99" ten="335,352,235,78" oya="1" hai0="90,82,72,105,6,54,60,4,47,126,63,108,9" hai1="100,88,131,8,41,12,18,33,135,36,42,112,46" hai2="110,20,101,117,16,119,127,51,129,134,39,68,95" hai3="104,57,102,59,76,73,50,77,3,37,22,78,106"/><U26/><E112/><V29/><F110/><W70/><G37/><T67/><D108/><U83/><E135/><V11/><F39/><W121/><G73/><T13/><D105/><U2/><E131/><V123/><F123/><W98/><G121/><T52/><D126/><U31/><E42/><V114/><F68/><W7/><G70/><T24/><D24/><U74/><E74/><V21/><F129/><W107/><G22/><T118/><D118/><U35/><E2/><V89/><F127/><W64/><G50/><N who="0" m="28767" /><D72/><U61/><E61/><V15/><F134/><W25/><G25/><T17/><D67/><U113/><E113/><V48/><F114/><W116/><G116/><T10/><D54/><U86/><REACH who="1" step="1"/><E100/><REACH who="1" ten="335,342,235,78" step="2"/><V65/><F101/><W58/><REACH who="3" step="1"/><G64/><REACH who="3" ten="335,342,235,68" step="2"/><T14/><D63/><U120/><E120/><V124/><F65/><W45/><G45/><T92/><D60/><U122/><E122/><V115/><F119/><W34/><G34/><AGARI ba="1,2" hai="8,12,18,26,31,33,34,35,36,41,46,83,86,88" machi="34" ten="30,5800,0" yaku="1,1,7,1,54,1,53,0" doraHai="99" doraHaiUra="94" who="1" fromWho="3" sc="335,0,342,81,235,0,68,-61" /><INIT seed="5,2,0,1,3,5" ten="335,423,235,7" oya="1" hai0="125,1,32,72,22,130,34,24,64,62,97,78,76" hai1="110,84,127,122,83,57,43,55,14,11,88,16,2" hai2="113,94,28,101,111,96,59,135,73,132,20,66,38" hai3="44,126,15,54,29,103,119,82,114,134,107,46,23"/><U63/><E122/><V68/><F111/><W65/><G65/><T42/><D1/><U19/><E127/><V60/><F38/><W10/><G126/><T131/><D125/><U30/><E110/><V95/><F73/><W104/><G114/><T47/><D97/><U98/><E2/><V77/><F77/><W4/><G134/><T112/><D112/><U118/><E118/><V120/><F120/><W45/><G119/><T129/><D78/><U71/><E71/><V26/><F113/><W21/><G54/><T75/><D22/><U133/><E30/><V53/><F95/><W40/><G40/><T109/><D109/><U25/><E43/><V3/><F3/><W69/><G69/><N who="0" m="42135" /><D24/><U105/><E133/><V79/><F79/><W90/><G103/><T80/><D75/><U124/><E124/><V89/><F89/><W86/><G104/><T99/><D99/><U0/><E0/><V123/><F123/><W87/><G107/><T27/><D27/><U85/><E105/><V51/><AGARI ba="2,0" hai="20,26,28,51,53,59,60,66,68,94,96,101,132,135" machi="51" ten="30,1100,0" yaku="0,1" doraHai="5" who="2" fromWho="2" sc="335,-5,423,-7,235,17,7,-5" /><INIT seed="6,0,0,4,3,135" ten="330,416,252,2" oya="2" hai0="128,114,115,107,11,134,8,60,3,116,72,77,103" hai1="126,6,4,93,47,43,5,61,78,82,15,38,133" hai2="12,34,42,73,37,45,41,16,124,25,10,95,24" hai3="51,39,118,110,33,18,108,35,57,52,65,28,127"/><V119/><F119/><W89/><G39/><T26/><D134/><U105/><E105/><V104/><F104/><W75/><G75/><T120/><D120/><U63/><E133/><V122/><F122/><W98/><G118/><T92/><D116/><U84/><E126/><V71/><F71/><W85/><G98/><N who="0" m="61943" /><D3/><U69/><E69/><V66/><F66/><W20/><G35/><T54/><D92/><U129/><E129/><V22/><F73/><W7/><G7/><T1/><D1/><U96/><REACH who="1" step="1"/><E15/><REACH who="1" ten="330,406,252,2" step="2"/><V87/><F124/><W106/><G106/><T97/><D128/><U86/><E86/><V40/><F34/><W49/><G127/><T94/><D72/><U17/><E17/><V14/><F14/><N who="3" m="9303" /><G65/><T111/><D115/><U27/><E27/><V101/><F25/><N who="3" m="18575" /><G51/><T55/><D114/><U76/><E76/><V53/><F53/><W83/><G83/><T0/><D55/><U79/><E79/><V31/><REACH who="2" step="1"/><F87/><REACH who="2" ten="330,406,242,2" step="2"/><W2/><G2/><T21/><D54/><U112/><E112/><V91/><F91/><AGARI ba="0,2" hai="4,5,6,38,43,47,61,63,78,82,84,91,93,96" machi="91" ten="40,1300,0" yaku="1,1,53,0" doraHai="135" doraHaiUra="123" who="1" fromWho="2" sc="330,0,406,33,242,-13,2,0" /><INIT seed="7,0,0,0,0,130" ten="330,439,229,2" oya="3" hai0="91,121,2,43,20,13,53,76,0,99,25,115,18" hai1="34,52,129,114,67,69,24,98,36,88,15,127,17" hai2="46,21,77,60,32,19,11,112,61,47,83,90,85" hai3="10,56,70,113,16,104,117,28,4,63,134,58,6"/><W26/><G104/><T74/><D121/><U35/><E36/><V41/><F32/><W31/><G117/><T96/><D43/><U51/><E67/><V118/><F118/><W5/><G70/><T126/><D126/><U65/><E65/><V30/><F112/><W135/><G113/><T87/><D115/><U95/><E69/><V37/><F30/><N who="3" m="11307" /><G63/><T102/><D99/><U86/><E24/><V107/><F107/><W119/><G119/><T89/><D89/><U8/><E129/><V92/><F46/><W23/><G10/><T42/><D42/><U128/><E127/><V93/><F11/><W14/><G26/><T39/><D39/><U45/><E128/><V132/><F132/><AGARI ba="0,0" hai="4,5,6,14,16,23,56,58,132,134,135" m="11307" machi="132" ten="30,12000,1" yaku="20,1,52,3,54,1" doraHai="130" who="3" fromWho="2" sc="330,0,439,0,229,-120,2,120" /><INIT seed="7,1,0,3,2,29" ten="330,439,109,122" oya="3" hai0="46,37,118,70,17,20,127,57,84,3,45,33,18" hai1="97,80,31,55,125,47,124,103,115,21,61,14,106" hai2="13,49,77,12,0,5,128,56,126,65,90,8,7" hai3="79,40,132,16,22,99,19,134,35,63,39,88,111"/><W133/><G111/><T34/><D118/><U36/><E115/><V121/><F128/><W60/><G79/><T78/><D70/><U23/><E80/><V75/><F126/><N who="1" m="48745" /><E31/><V74/><F0/><W110/><G110/><T104/><D127/><U69/><E14/><N who="2" m="5391" /><F75/><W85/><G99/><T96/><D57/><N who="1" m="35007" /><E69/><V87/><F74/><W107/><G107/><T94/><D104/><U28/><E28/><V105/><F105/><W83/><G35/><T81/><D3/><U112/><E112/><V4/><F121/><W73/><G73/><T24/><D17/><N who="3" m="6729" /><G22/><T25/><D25/><U130/><E130/><V48/><F77/><W101/><G101/><T108/><D108/><U92/><E106/><V122/><F122/><W26/><G26/><T135/><D135/><U30/><E30/><V123/><F123/><W6/><G6/><N who="2" m="2089" /><F12/><W64/><G64/><T52/><D37/><U93/><E97/><V38/><F38/><W51/><G39/><T119/><D119/><U95/><E103/><V27/><F13/><W62/><G62/><T58/><D46/><AGARI ba="1,0" hai="40,46,51,60,63,83,85,88,132,133,134" m="6729" machi="46" ten="40,7700,0" yaku="20,1,54,2" doraHai="29" who="3" fromWho="0" sc="330,-80,439,0,109,0,122,80" /><INIT seed="7,2,0,0,4,6" ten="250,439,109,202" oya="3" hai0="105,113,83,44,14,5,49,86,57,88,65,81,120" hai1="130,12,124,90,32,52,131,11,8,10,116,125,27" hai2="121,72,37,39,28,101,2,35,75,79,66,38,128" hai3="0,55,48,3,99,40,92,24,84,68,34,117,133"/><W129/><G68/><T115/><D120/><U59/><E116/><V64/><F128/><N who="1" m="49193" /><E90/><V42/><F121/><W19/><G117/><T23/><D105/><U63/><E12/><V118/><F118/><W108/><G129/><T36/><D36/><U51/><E51/><V43/><F101/><W82/><G40/><T20/><D65/><U31/><AGARI ba="2,0" hai="8,10,11,27,31,32,52,59,63,124,125" m="49193" machi="31" ten="40,8000,1" yaku="19,1,52,3,54,1" doraHai="6" who="1" fromWho="1" sc="250,-22,439,86,109,-22,202,-42" owari="228,2.8,525,62.5,87,-41.3,160,-24.0" /></mjloggm>