<mjloggm ver="2.3"><GO type="169" lobby="0"/><UN n0="%E6%81%8B%E3%81%AE%E3%81%86%E3%81%9F" n1="%E6%B2%B3%E7%AB%A5%E3%81%AE%E3%83%AF%E3%82%AB%E3%83%9E%E3%83%84" n2="%E3%81%95%E3%81%8F%E3%82%88%E3%81%93%E3%81%A1%E3%82%83%E3%82%93" n3="%E9%81%85%E5%88%BB%E3%81%AE%E3%83%97%E3%83%AA%E3%83%B3%E3%82%B9%E2%99%AA" dan="17,17,16,16" rate="2215.51,2203.45,2055.29,2138.87" sx="M,M,M,F"/><TAIKYOKU oya="0"/><INIT seed="0,0,0,4,0,51" ten="250,250,250,250" oya="0" hai0="70,111,1,88,43,118,17,80,71,55,106,129,87" hai1="104,91,102,29,9,16,34,58,86,126,105,96,65" hai2="56,92,21,33,94,98,131,22,64,74,72,79,120" hai3="4,14,8,109,62,90,46,78,32,59,38,19,0"/><T44/><D118/><U18/><E105/><V73/><F120/><W112/><G112/><T49/><D1/><U85/><E126/><V5/><F33/><W42/><G109/><T10/><D106/><U63/><E9/><V28/><F131/><W133/><G133/><T50/><D129/><U40/><E40/><V35/><F79/><W122/><G122/><T124/><D124/><U82/><REACH who="1" step="1"/><E86/><REACH who="1" ten="250,240,250,250" step="2"/><V107/><F107/><W54/><G32/><T45/><REACH who="0" step="1"/><D111/><REACH who="0" ten="240,240,250,250" step="2"/><U115/><E115/><V7/><F73/><W117/><G117/><T116/><D116/><U52/><E52/><V69/><F72/><W23/><G78/><T57/><D57/><U26/><AGARI ba="0,2" hai="16,18,26,29,34,58,63,65,82,85,91,96,102,104" machi="26" ten="30,4000,0" yaku="1,1,0,1,54,1,53,0" doraHai="51" doraHaiUra="68" who="1" fromWho="1" sc="240,-20,240,60,250,-10,250,-10" /><INIT seed="1,0,0,4,3,13" ten="220,300,240,240" oya="1" hai0="59,81,31,118,65,4,33,108,79,116,87,115,18" hai1="93,1,12,103,28,58,135,69,122,34,132,26,91" hai2="114,77,62,50,76,125,20,11,88,113,128,121,39" hai3="105,7,49,66,127,15,22,75,129,32,36,106,120"/><U82/><E69/><V57/><F121/><W2/><G120/><T109/><D4/><U52/><E122/><V23/><F39/><W134/><G36/><T6/><D6/><U9/><E103/><V96/><F128/><W90/><G32/><T104/><D31/><U44/><E1/><V56/><F125/><W100/><G75/><T85/><D65/><U54/><E82/><V5/><F50/><W45/><G127/><T131/><D59/><U99/><E44/><V98/><F5/><W14/><G2/><T43/><D33/><U64/><E64/><V86/><F86/><W130/><G66/><T55/><D55/><U47/><E47/><V53/><F11/><W112/><G112/><T70/><D43/><U111/><E111/><N who="0" m="42569" /><D104/><U126/><E126/><V21/><F53/><W97/><G106/><T40/><D40/><U30/><E30/><V80/><F56/><W102/><G105/><T78/><D70/><U8/><E54/><V17/><F57/><W72/><G7/><T38/><D38/><U3/><E3/><V48/><F114/><W35/><G35/><T16/><D131/><U71/><E71/><V41/><F41/><W84/><G45/><T68/><D115/><U74/><E12/><V27/><F113/><W29/><G14/><T67/><D68/><U119/><E119/><N who="0" m="45609" /><D67/><U110/><E110/><V95/><F48/><W133/><G49/><T63/><D63/><N who="1" m="36295" /><E74/><V92/><F62/><W61/><G61/><T60/><D60/><U10/><E34/><V94/><F27/><N who="3" m="16631" /><G129/><T89/><D79/><U42/><E42/><V25/><F77/><RYUUKYOKU ba="0,0" sc="220,15,300,15,240,-15,240,-15" hai0="16,18,78,81,85,87,89" hai1="8,9,10,26,28,91,93,99,132,135" /><INIT seed="1,1,0,2,1,122" ten="235,315,225,225" oya="1" hai0="63,100,7,134,131,90,32,114,71,25,84,0,24" hai1="69,106,133,55,107,110,116,79,99,89,132,118,48" hai2="124,46,58,9,15,16,102,2,121,18,113,62,97" hai3="22,129,115,88,111,26,3,109,30,59,119,76,123"/><U75/><E69/><V10/><F121/><W105/><G123/><T95/><D114/><U126/><E48/><V57/><F113/><W112/><G119/><N who="1" m="45610" /><E55/><V65/><F124/><W120/><G120/><T33/><D134/><N who="1" m="51819" /><E126/><V50/><F2/><W23/><G129/><T64/><D131/><U92/><E110/><N who="3" m="41994" /><G3/><T56/><D71/><U130/><E130/><V20/><F18/><W87/><G105/><T34/><D0/><U12/><E12/><V29/><F29/><W67/><G76/><T51/><D7/><U83/><AGARI ba="1,0" hai="75,79,83,89,92,99,106,107" m="51819,45610" machi="83" ten="40,7800,0" yaku="20,1,34,2" doraHai="122" who="1" fromWho="1" sc="235,-27,315,81,225,-27,225,-27" /><INIT seed="1,2,0,5,0,29" ten="208,396,198,198" oya="1" hai0="37,61,40,73,2,16,31,108,81,52,55,48,68" hai1="114,88,47,27,94,42,12,123,14,4,60,9,66" hai2="128,124,78,57,77,90,70,10,100,74,20,21,62" hai3="18,89,121,98,56,101,84,97,64,72,130,110,129"/><U45/><E114/><V53/><F128/><N who="3" m="49259" /><G121/><T13/><D2/><U5/><E123/><V104/><F124/><W34/><G18/><T43/><D108/><U99/><E27/><V92/><F70/><W6/><G6/><T109/><D37/><U112/><E112/><V32/><F32/><W131/><N who="3" m="49267" /><W135/><DORA hai="93" /><G72/><T91/><D109/><U75/><E75/><V22/><F74/><W85/><G110/><T50/><D31/><U117/><E117/><V86/><REACH who="2" step="1"/><F10/><REACH who="2" ten="208,396,188,198" step="2"/><W116/><G116/><T36/><D68/><U118/><E118/><V113/><F113/><W71/><G71/><T26/><D73/><U19/><E4/><V59/><F59/><W87/><G34/><T119/><D119/><U24/><E24/><V95/><F95/><N who="3" m="56559" /><G135/><T127/><D127/><U7/><E7/><V39/><F39/><W1/><G1/><T51/><D36/><U125/><E125/><V115/><F115/><W105/><G56/><T134/><D134/><U35/><E35/><V28/><F28/><W17/><G17/><T111/><D111/><U79/><E19/><V0/><F0/><W49/><G49/><T69/><D26/><U132/><E132/><V120/><F120/><W38/><G38/><T103/><D69/><U41/><E5/><V11/><F11/><W33/><G33/><T46/><D48/><N who="1" m="26671" /><E9/><V76/><F76/><W44/><G44/><T133/><D133/><U107/><E79/><V15/><F15/><W23/><G23/><T122/><D122/><U54/><E12/><V80/><F80/><W3/><G3/><T83/><D13/><RYUUKYOKU ba="2,1" sc="208,-15,396,-15,188,15,198,15" hai2="20,21,22,53,57,62,77,78,86,90,92,100,104" hai3="64,84,85,87,98,101,105" /><INIT seed="2,3,1,1,3,93" ten="193,381,203,213" oya="2" hai0="77,73,70,1,134,121,81,10,47,69,20,43,83" hai1="113,4,46,76,55,18,33,29,85,21,17,74,129" hai2="0,128,2,122,82,50,87,38,63,123,60,31,66" hai3="12,114,130,45,72,80,86,106,39,118,92,100,64"/><V96/><F38/><W9/><G118/><T79/><D20/><U127/><E74/><V59/><F128/><W94/><G130/><T67/><D67/><U120/><E113/><V65/><F31/><W58/><G72/><N who="0" m="43175" /><D134/><U61/><E33/><V19/><F50/><W37/><G114/><T3/><D121/><U135/><E127/><V40/><F40/><W30/><G30/><T124/><D124/><U132/><E4/><V32/><F32/><W53/><G64/><T117/><D117/><U44/><E29/><V109/><F109/><W42/><G37/><N who="0" m="21999" /><D1/><U48/><E46/><V99/><F19/><W7/><G106/><T115/><D115/><U23/><E120/><V103/><F103/><W15/><G15/><T104/><D104/><U6/><E129/><V91/><F123/><W71/><G71/><T28/><D28/><U89/><E18/><V34/><F34/><W35/><G35/><T16/><D16/><U75/><E21/><V36/><F36/><W62/><REACH who="3" step="1"/><G100/><REACH who="3" ten="193,381,203,203" step="2"/><T51/><D51/><U101/><E101/><V84/><F122/><W107/><G107/><T105/><D105/><U27/><E48/><V111/><F0/><W119/><G119/><T112/><D112/><U52/><E27/><V26/><F26/><W25/><G25/><T108/><D108/><U8/><E23/><V88/><F2/><W131/><G131/><T49/><D49/><U126/><E126/><V133/><F111/><W116/><G116/><T102/><D102/><U98/><E61/><V97/><F63/><W68/><G68/><T11/><D11/><U56/><E8/><RYUUKYOKU ba="3,2" sc="193,15,381,-15,203,-15,203,15" hai0="3,10,69,70,73,79,83" hai3="7,9,12,39,42,45,53,58,62,80,86,92,94" /><INIT seed="3,4,2,0,4,66" ten="208,366,188,218" oya="3" hai0="127,101,133,63,123,39,86,15,65,59,81,28,61" hai1="27,94,16,78,13,80,120,125,118,26,62,108,45" hai2="93,1,79,7,11,35,77,121,114,17,0,134,34" hai3="4,37,23,68,49,50,53,99,111,47,42,97,52"/><W115/><G115/><T129/><D123/><U103/><E120/><V117/><F117/><W113/><G113/><T74/><D39/><U124/><E118/><V20/><F121/><W69/><G4/><T119/><D74/><U40/><E62/><V135/><F114/><W2/><G2/><T48/><D119/><U122/><E122/><V9/><F93/><W21/><G111/><T46/><D129/><U110/><E103/><V91/><F91/><W5/><G5/><T107/><D133/><N who="2" m="50698" /><F0/><W70/><G37/><T12/><D127/><N who="1" m="48715" /><E94/><V33/><F11/><W109/><G109/><N who="1" m="42090" /><E80/><V19/><F19/><W29/><G42/><T76/><D28/><U112/><E78/><V90/><F90/><W87/><G87/><T41/><REACH who="0" step="1"/><D63/><REACH who="0" ten="198,366,188,218" step="2"/><U105/><E112/><V51/><F51/><N who="3" m="19467" /><G47/><T56/><D56/><U85/><E45/><V36/><F36/><W131/><G29/><T30/><D30/><U128/><E128/><V6/><F6/><W100/><G131/><T95/><D95/><U104/><E104/><V3/><F3/><W31/><G31/><T22/><D22/><N who="3" m="8201" /><G100/><T44/><D44/><U96/><E105/><V116/><F116/><W18/><G18/><T54/><D54/><AGARI ba="4,3" hai="52,53,54,68,69,70,97,99" m="8201,19467" machi="54" ten="40,18000,2" yaku="28,2,52,3,54,1" doraHai="66" who="3" fromWho="0" sc="198,-192,366,0,188,0,218,222" /><INIT seed="3,5,0,5,2,71" ten="6,366,188,440" oya="3" hai0="34,76,78,99,89,127,26,47,9,118,20,6,75" hai1="100,38,17,62,68,0,46,8,108,64,94,58,107" hai2="96,112,110,97,32,90,63,15,48,18,69,14,115" hai3="24,31,22,13,56,54,122,77,30,80,12,104,4"/><W52/><G122/><T67/><D118/><U73/><E108/><V133/><F110/><W25/><G104/><T128/><D128/><U79/><E107/><V1/><F1/><W121/><G121/><T57/><D34/><U86/><E100/><V113/><F32/><W84/><G4/><T116/><D116/><U83/><E94/><V7/><F133/><W27/><G54/><T103/><D127/><U49/><E86/><V134/><F134/><W61/><REACH who="3" step="1"/><G25/><REACH who="3" ten="6,366,188,430" step="2"/><T23/><D26/><U120/><E120/><V105/><F105/><W102/><G102/><T91/><D103/><U21/><E0/><V92/><F7/><W131/><G131/><T16/><D6/><U59/><E8/><V125/><F113/><W42/><G42/><T119/><D119/><U65/><E65/><V135/><F115/><W53/><G53/><T45/><D9/><U72/><E72/><V123/><F112/><W74/><G74/><T60/><D75/><U126/><E126/><V41/><F135/><W55/><G55/><T109/><D109/><U70/><E70/><V85/><F69/><W37/><G37/><T33/><D67/><U35/><E38/><V81/><F41/><W51/><G51/><T101/><D101/><U36/><E36/><V11/><F123/><W5/><G5/><T10/><D10/><U19/><E35/><AGARI ba="5,1" hai="12,13,22,24,27,30,31,35,52,56,61,77,80,84" machi="35" ten="30,11600,0" yaku="1,1,7,1,54,1,53,1" doraHai="71" doraHaiUra="50" who="3" fromWho="1" sc="6,0,366,-131,188,0,430,141" /><INIT seed="3,6,0,0,4,71" ten="6,235,188,571" oya="3" hai0="134,97,8,25,85,110,121,84,45,128,1,126,70" hai1="90,12,51,77,86,107,54,108,111,94,21,127,116" hai2="124,95,20,44,101,33,11,24,82,30,15,73,64" hai3="22,119,75,6,66,83,14,130,43,29,80,31,113"/><W88/><G119/><T74/><D121/><U99/><E116/><V48/><F124/><W9/><G113/><T63/><D74/><U114/><E114/><V103/><F64/><W28/><G130/><T123/><D123/><U40/><E40/><V91/><F73/><W35/><G35/><T131/><D110/><N who="1" m="42027" /><E127/><V72/><F72/><W68/><G43/><T13/><D1/><U112/><E112/><V0/><F82/><W102/><G102/><T61/><D126/><U41/><E41/><V62/><F62/><W55/><G75/><T37/><D134/><U53/><E51/><V27/><F0/><W58/><G66/><T122/><D122/><U7/><E77/><V133/><F27/><W46/><G46/><T79/><D25/><U3/><E3/><V36/><F36/><W23/><G68/><T59/><D70/><U34/><E34/><V118/><F33/><W81/><REACH who="3" step="1"/><G88/><REACH who="3" ten="6,235,188,561" step="2"/><T19/><D45/><U18/><E53/><V60/><F118/><W52/><G52/><T42/><D42/><U87/><E54/><V26/><F44/><W5/><G5/><T50/><D37/><U109/><E109/><V65/><F65/><W132/><G132/><T49/><D128/><U4/><E7/><V92/><F133/><W56/><G56/><T125/><D125/><U47/><E47/><V17/><F91/><W96/><G96/><T67/><D131/><U117/><E117/><V89/><F89/><W93/><G93/><T106/><D79/><U76/><E76/><V16/><F95/><W104/><G104/><T57/><D106/><U38/><E107/><RYUUKYOKU ba="6,1" sc="6,-10,235,-10,188,-10,561,30" hai3="6,9,14,22,23,28,29,31,55,58,80,81,83" owari="-4,-50.4,225,2.5,178,-22.2,601,70.1" /></mjloggm>