<mjloggm ver="2.3"><GO type="169" lobby="0"/><UN n0="%E3%81%AA%E3%81%8B%E3%81%AE%E3%81%86%E3%81%88" n1="%E9%BA%BB%E9%9B%80%E5%B0%91%E5%B9%B4" n2="%63%6C%75%74%63%68%37%33" n3="%6D%6F%75%77" dan="16,17,17,16" rate="2161.59,2177.06,2274.64,2107.21" sx="M,M,M,M"/><TAIKYOKU oya="0"/><INIT seed="0,0,0,1,3,91" ten="250,250,250,250" oya="0" hai0="119,13,87,90,59,45,44,69,85,38,88,93,26" hai1="84,3,64,65,113,95,2,47,132,20,70,92,62" hai2="27,4,124,63,133,12,72,125,15,114,116,61,57" hai3="49,109,112,36,50,80,55,68,121,66,1,97,104"/><T118/><D69/><U120/><E120/><V71/><F116/><W53/><G1/><T28/><D13/><U0/><E132/><V78/><F114/><W31/><G31/><T126/><D126/><N who="2" m="48746" /><F133/><W122/><G80/><T89/><D89/><U22/><E113/><V30/><F71/><W25/><G25/><T135/><D135/><U17/><E65/><V37/><F37/><W81/><G81/><T99/><D99/><U96/><E47/><V103/><F103/><N who="3" m="62575" /><G36/><T108/><D108/><U18/><E84/><V75/><F78/><W127/><G127/><T94/><D59/><U105/><E105/><V77/><F77/><W130/><G130/><T102/><D102/><U9/><E9/><N who="2" m="4135" /><F15/><W21/><G21/><T73/><D73/><N who="2" m="28234" /><F57/><W34/><G68/><T82/><D82/><U5/><E5/><V42/><F42/><W58/><G109/><T83/><D83/><U10/><E10/><V131/><F131/><W16/><G112/><T51/><D38/><U106/><E106/><V48/><F48/><W100/><G100/><T60/><D60/><U29/><E29/><V46/><F46/><W6/><G50/><T111/><D111/><U41/><E41/><V54/><F54/><W19/><G49/><T67/><D67/><U74/><E74/><V43/><F43/><W39/><G66/><T117/><D51/><U24/><E96/><V8/><F8/><W11/><G11/><T86/><D86/><U32/><E32/><AGARI ba="0,0" hai="27,30,32,61,63" m="28234,4135,48746" machi="32" ten="30,1000,0" yaku="18,1" doraHai="91" who="2" fromWho="1" sc="250,0,250,-10,250,10,250,0" /><AGARI ba="0,0" hai="26,28,32,44,45,85,87,88,90,93,94,117,118,119" machi="32" ten="40,12000,1" yaku="9,1,52,2,54,1" doraHai="91" who="0" fromWho="1" sc="250,120,240,-120,260,0,250,0" /><INIT seed="0,1,0,1,2,79" ten="370,120,260,250" oya="0" hai0="124,93,57,1,60,45,76,44,67,39,4,135,77" hai1="121,0,25,29,31,83,20,66,74,134,5,98,85" hai2="109,36,132,19,7,127,131,112,104,82,58,78,69" hai3="133,6,63,27,8,62,32,11,53,89,55,119,102"/><T65/><D124/><U129/><E121/><V42/><F58/><W80/><G119/><T33/><D33/><U103/><E129/><V18/><F18/><W17/><G102/><T61/><D135/><U23/><E134/><V52/><F52/><N who="3" m="20043" /><G32/><T51/><D39/><U22/><E74/><V122/><F19/><W84/><G133/><T70/><D93/><U120/><E120/><V46/><F46/><W111/><G111/><T35/><D35/><U15/><E0/><V12/><F12/><N who="3" m="5143" /><G27/><T100/><D100/><U94/><E66/><V88/><F7/><W81/><G81/><T101/><D101/><U92/><E92/><V126/><F82/><W125/><G125/><T43/><REACH who="0" step="1"/><D45/><REACH who="0" ten="360,120,260,250" step="2"/><U97/><E97/><V34/><F126/><W118/><G118/><T54/><D54/><U90/><REACH who="1" step="1"/><E25/><REACH who="1" ten="360,110,260,250" step="2"/><V3/><F127/><W47/><G47/><T49/><D49/><U96/><E96/><V107/><F132/><W72/><G72/><T110/><D110/><U71/><E71/><V28/><F69/><W95/><G95/><T38/><D38/><U75/><E75/><V2/><F36/><W108/><G108/><T73/><D73/><U106/><E106/><V26/><F107/><W91/><G63/><T114/><D114/><U48/><E48/><V14/><F112/><W21/><G62/><T64/><D64/><U128/><E128/><V105/><F131/><W86/><G86/><T16/><D16/><U50/><E50/><V113/><F105/><W37/><G37/><T56/><D56/><U59/><E59/><V123/><F104/><W9/><G84/><RYUUKYOKU ba="1,2" sc="360,15,110,15,260,-15,250,-15" hai0="1,4,43,44,51,57,60,61,65,67,70,76,77" hai1="5,15,20,22,23,29,31,83,85,90,94,98,103" /><INIT seed="0,2,2,4,4,66" ten="375,125,245,235" oya="0" hai0="109,8,65,96,83,115,38,110,24,70,79,87,99" hai1="74,64,7,35,121,32,94,16,132,28,17,104,130" hai2="30,48,2,47,39,124,119,118,25,3,98,40,15" hai3="23,129,60,80,44,73,21,0,122,103,78,131,1"/><T90/><D115/><U4/><E104/><V42/><F124/><W106/><G44/><T62/><D38/><U93/><E121/><V34/><F15/><W10/><G122/><T113/><D113/><U29/><E64/><V108/><F108/><N who="0" m="41578" /><D8/><U117/><E74/><V13/><F13/><W102/><G60/><T134/><D134/><U31/><E132/><V51/><F98/><N who="0" m="37418" /><D24/><U33/><E130/><N who="3" m="49674" /><G106/><T41/><D41/><U112/><E117/><N who="2" m="44555" /><F40/><W135/><G135/><T58/><D79/><U76/><E76/><V133/><F133/><W86/><G73/><T57/><AGARI ba="2,2" hai="57,58,62,65,70,83,87,90" m="37418,41578" machi="57" ten="30,6000,0" yaku="14,1,10,1,52,1" doraHai="66" who="0" fromWho="0" sc="375,86,125,-22,245,-22,235,-22" /><INIT seed="0,3,0,0,3,44" ten="461,103,223,213" oya="0" hai0="17,94,13,55,33,76,135,2,32,131,87,86,80" hai1="52,106,96,125,14,59,127,132,3,116,12,85,113" hai2="74,9,117,112,63,53,29,72,56,79,62,11,39" hai3="92,128,1,107,6,10,8,67,69,71,110,103,57"/><T65/><D2/><U120/><E116/><V64/><F112/><W108/><G107/><T20/><D131/><U88/><E120/><V35/><F39/><W82/><G128/><T41/><D135/><U97/><E3/><V38/><F38/><W70/><G10/><T100/><D41/><U48/><E132/><V101/><F101/><W51/><G82/><T5/><D5/><U130/><E130/><V42/><F42/><W46/><G57/><T43/><D43/><U25/><E25/><V73/><F79/><W58/><G58/><T22/><D65/><U75/><E75/><V91/><F117/><W122/><G122/><T19/><D55/><U121/><E121/><V111/><F111/><N who="3" m="42539" /><G92/><T124/><D124/><N who="1" m="47691" /><E113/><V115/><F115/><W83/><G83/><T102/><D33/><U98/><E106/><V37/><F37/><W90/><G90/><N who="0" m="53599" /><D32/><U34/><E34/><V89/><F89/><W60/><G103/><T16/><D19/><U50/><E50/><V104/><F91/><W119/><G119/><T93/><D93/><AGARI ba="3,0" hai="12,14,48,52,59,85,88,93,96,97,98" m="47691" machi="93" ten="30,7700,0" yaku="18,1,52,1,54,2" doraHai="44" who="1" fromWho="0" sc="461,-86,103,86,223,0,213,0" /><INIT seed="1,0,0,1,5,132" ten="375,189,223,213" oya="1" hai0="3,51,50,73,98,22,135,105,39,23,5,76,109" hai1="0,117,77,86,45,119,62,15,18,46,30,126,104" hai2="113,67,14,25,19,26,44,32,114,2,101,111,58" hai3="10,69,56,37,127,66,68,47,78,49,9,63,54"/><U129/><E0/><V125/><F101/><W82/><G127/><T134/><D39/><U96/><E129/><V74/><F74/><W91/><G91/><T27/><D109/><U48/><E126/><V107/><F44/><W94/><G94/><T95/><D105/><U133/><E133/><N who="0" m="50697" /><D5/><U118/><E30/><V102/><F2/><W13/><G69/><T59/><D59/><U40/><E62/><N who="2" m="38359" /><F111/><W70/><G70/><T83/><D23/><U128/><E128/><V61/><F61/><W64/><G13/><T80/><D80/><U99/><E104/><V92/><F32/><W34/><G66/><T121/><D121/><U4/><E4/><V6/><F6/><W103/><G103/><N who="0" m="60895" /><D3/><U21/><REACH who="1" step="1"/><E45/><REACH who="1" ten="375,179,223,213" step="2"/><V79/><F107/><W42/><REACH who="3" step="1"/><G34/><REACH who="3" ten="375,179,223,203" step="2"/><T131/><D131/><U38/><E38/><V122/><F122/><W123/><G123/><T124/><D124/><U90/><E90/><V65/><F125/><W112/><G112/><T89/><D89/><U130/><E130/><V52/><F114/><W116/><G116/><T110/><D110/><U93/><E93/><V55/><F113/><W8/><G8/><T84/><D76/><U17/><E17/><V100/><F79/><W11/><G11/><T53/><D83/><AGARI ba="0,2" hai="15,18,21,40,46,48,77,83,86,96,99,117,118,119" machi="83" ten="40,2000,0" yaku="1,1,53,0" doraHai="132" doraHaiUra="33" who="1" fromWho="0" sc="375,-20,179,40,223,0,203,0" /><INIT seed="1,1,0,5,3,32" ten="355,219,223,203" oya="1" hai0="135,124,116,55,129,57,95,5,14,40,88,114,77" hai1="87,109,108,75,111,86,91,26,60,105,12,131,3" hai2="30,130,103,125,9,21,79,128,0,123,53,62,71" hai3="73,29,33,58,7,66,119,13,132,51,20,112,96"/><U99/><E75/><V1/><F123/><W107/><G73/><T85/><D114/><U126/><E126/><V18/><F125/><W48/><G33/><T82/><D116/><U92/><E131/><N who="2" m="50219" /><F79/><W90/><G132/><T22/><D129/><U35/><E105/><V24/><F103/><W72/><G72/><T65/><D135/><U121/><E121/><V81/><F81/><W64/><G107/><T34/><D34/><U6/><E12/><N who="2" m="7439" /><F53/><N who="3" m="32039" /><G51/><T2/><D40/><U4/><E60/><V70/><F62/><W117/><G96/><T127/><D65/><U50/><E50/><V134/><F134/><W122/><G90/><T38/><D38/><U45/><E45/><V69/><AGARI ba="1,0" hai="0,1,21,24,30,69,70,71" m="7439,50219" machi="69" ten="40,5200,0" yaku="19,1,52,2" doraHai="32" who="2" fromWho="2" sc="355,-14,219,-27,223,55,203,-14" /><INIT seed="2,0,0,3,0,9" ten="341,192,278,189" oya="2" hai0="23,32,48,25,118,105,62,34,80,130,45,88,18" hai1="13,35,116,92,122,73,26,46,107,117,91,68,1" hai2="38,79,123,63,95,42,20,60,75,77,65,59,40" hai3="110,22,111,67,27,72,100,128,71,66,112,5,102"/><V85/><F123/><W124/><G72/><T135/><D105/><U30/><E1/><V134/><F134/><W44/><G44/><T58/><D130/><U69/><E107/><V15/><F75/><W115/><G5/><T8/><D118/><U103/><E103/><N who="3" m="39466" /><G22/><T51/><D135/><U114/><E114/><N who="3" m="43562" /><G27/><T99/><D8/><U120/><E73/><V106/><F106/><W39/><G39/><T125/><D125/><U37/><E117/><V81/><F77/><W12/><G71/><T127/><D127/><U82/><E82/><V33/><F33/><W96/><G96/><T70/><D70/><U7/><E116/><V50/><F95/><W133/><G124/><T86/><D99/><U24/><E24/><V28/><F38/><W126/><G126/><T0/><D0/><U36/><E69/><V14/><F63/><W121/><G12/><N who="2" m="4649" /><F50/><W93/><G133/><T129/><D51/><U74/><E68/><V89/><F79/><W6/><G6/><T21/><D21/><U16/><E7/><V47/><F47/><W98/><G121/><N who="1" m="46698" /><E46/><V94/><F94/><W52/><G93/><T11/><D34/><U87/><E74/><V97/><F97/><W56/><G98/><T76/><D32/><U10/><AGARI ba="0,0" hai="10,13,16,26,30,35,36,37,87,91,92" m="46698" machi="10" ten="30,4000,0" yaku="13,1,52,1,54,1" doraHai="9" who="1" fromWho="1" sc="341,-10,192,40,278,-20,189,-10" /><INIT seed="3,0,0,3,1,16" ten="331,232,258,179" oya="3" hai0="117,128,92,85,70,1,100,58,131,74,79,94,63" hai1="132,93,101,8,0,51,46,89,44,78,109,61,57" hai2="122,12,82,39,133,95,31,105,114,108,73,113,42" hai3="86,24,115,88,40,64,18,107,56,120,7,41,52"/><W48/><G115/><T106/><D70/><U81/><E109/><V15/><F105/><W130/><G130/><N who="0" m="49707" /><D74/><U72/><E132/><V3/><F95/><N who="3" m="54679" /><G107/><T102/><D1/><U29/><E101/><N who="0" m="39017" /><D106/><U2/><E29/><V22/><F3/><W65/><G7/><T32/><D32/><U10/><E2/><V125/><F108/><W127/><G127/><T124/><D117/><U71/><E71/><V68/><F68/><W28/><G28/><T110/><D124/><U75/><E72/><V84/><F73/><W126/><G120/><T77/><D110/><U129/><E129/><V116/><F116/><W66/><G126/><T69/><D69/><U98/><E0/><V36/><F122/><W90/><G90/><N who="0" m="53327" /><D94/><U59/><E59/><V38/><F125/><W47/><G56/><T30/><D30/><U5/><E5/><V76/><F133/><W37/><G37/><T49/><D49/><U17/><E17/><V83/><F83/><W111/><G111/><T135/><D135/><U26/><E44/><V91/><F114/><W97/><G97/><T104/><D104/><U53/><E51/><V9/><F113/><W50/><G48/><T103/><D103/><U35/><E46/><V119/><F119/><W67/><N who="3" m="16384" /><DORA hai="62" /><W33/><G33/><T54/><AGARI ba="0,0" hai="54,58,63,77,79" m="53327,39017,49707" machi="54" ten="30,1100,0" yaku="19,1" doraHai="16,62" who="0" fromWho="0" sc="331,11,232,-3,258,-3,179,-5" /><INIT seed="4,0,0,1,2,125" ten="342,229,255,174" oya="0" hai0="68,126,9,43,10,66,102,103,61,100,108,87,80" hai1="107,42,28,18,2,32,133,60,130,37,84,30,106" hai2="21,47,5,116,56,81,101,123,0,94,45,74,65" hai3="83,48,118,121,54,16,51,99,78,22,76,113,57"/><T88/><D126/><U34/><E2/><V8/><F123/><W52/><G113/><T77/><D108/><U91/><E133/><V105/><F116/><W14/><G118/><T72/><REACH who="0" step="1"/><D43/><REACH who="0" ten="332,229,255,174" step="2"/><U112/><E42/><V120/><F120/><W86/><G121/><T110/><D110/><U62/><E112/><V90/><F105/><W64/><G64/><T17/><D17/><U71/><E18/><V11/><F65/><W4/><G4/><T26/><D26/><U19/><E19/><V132/><F11/><W96/><REACH who="3" step="1"/><G76/><REACH who="3" ten="332,229,255,164" step="2"/><T29/><D29/><U89/><E28/><V55/><F5/><W127/><G127/><T1/><D1/><U128/><E30/><V98/><F0/><W25/><G25/><T35/><D35/><U49/><E32/><V104/><F132/><W95/><G95/><AGARI ba="0,2" hai="9,10,61,66,68,72,77,80,87,88,95,100,102,103" machi="95" ten="40,3900,0" yaku="1,1,54,1,53,0" doraHai="125" doraHaiUra="13" who="0" fromWho="3" sc="332,59,229,0,255,0,164,-39" /><INIT seed="4,1,0,4,3,59" ten="391,229,255,125" oya="0" hai0="66,120,1,10,100,17,35,26,48,0,21,111,12" hai1="62,51,83,129,121,45,32,14,118,6,49,79,38" hai2="113,65,20,53,97,108,70,89,98,82,85,43,18" hai3="69,81,72,122,80,31,73,103,25,127,128,67,34"/><T124/><D100/><U27/><E118/><V60/><F108/><W28/><G81/><T37/><D37/><U130/><E121/><V36/><F113/><W76/><G122/><T116/><D120/><U55/><E38/><V42/><F53/><W15/><G15/><T47/><D116/><U33/><E49/><V68/><F68/><W24/><G128/><N who="1" m="49258" /><E27/><V84/><F84/><W88/><G127/><T58/><D35/><U29/><E29/><V44/><REACH who="2" step="1"/><F43/><REACH who="2" ten="391,229,245,125" step="2"/><W87/><G73/><T71/><D71/><U75/><E62/><V13/><AGARI ba="1,1" hai="13,18,20,36,42,44,60,65,70,82,85,89,97,98" machi="13" ten="20,8000,1" yaku="1,1,2,1,0,1,7,1,52,1,53,0" doraHai="59" doraHaiUra="22" who="2" fromWho="2" sc="391,-41,229,-21,245,93,125,-21" /><INIT seed="5,0,0,3,3,27" ten="350,208,338,104" oya="1" hai0="75,102,10,30,83,116,113,15,110,125,11,0,42" hai1="87,2,134,86,90,67,57,51,29,32,25,129,62" hai2="21,133,55,54,13,84,14,39,50,104,49,122,45" hai3="117,46,34,9,72,107,94,41,18,44,20,16,95"/><U47/><E129/><V48/><F122/><W36/><G107/><T71/><D15/><U91/><E134/><V85/><F133/><W123/><G34/><T119/><D83/><U96/><E2/><V37/><F104/><W66/><G123/><T77/><D77/><U80/><E96/><V24/><F39/><W111/><G111/><T43/><D102/><U121/><E121/><V120/><F37/><W4/><G117/><T40/><D40/><U12/><E12/><N who="2" m="4715" /><F120/><W6/><G72/><T31/><D0/><U132/><E132/><V56/><F49/><W101/><G66/><T114/><D75/><U92/><E51/><V97/><F97/><W22/><G36/><T69/><REACH who="0" step="1"/><D125/><REACH who="0" ten="340,208,338,104" step="2"/><U135/><E135/><V79/><F79/><W52/><G101/><T74/><D74/><U5/><REACH who="1" step="1"/><E47/><REACH who="1" ten="340,198,338,104" step="2"/><V130/><F130/><W59/><G46/><T115/><D115/><U109/><E109/><AGARI ba="0,2" hai="10,11,30,31,42,43,69,71,109,110,113,114,116,119" machi="109" ten="25,8000,1" yaku="1,1,22,2,52,2,53,0" doraHai="27" doraHaiUra="82" who="0" fromWho="1" sc="340,100,198,-80,338,0,104,0" /><INIT seed="6,0,0,1,2,89" ten="440,118,338,104" oya="2" hai0="61,30,14,120,12,62,94,132,105,74,15,104,9" hai1="33,90,29,67,49,24,123,127,7,111,96,1,53" hai2="16,65,84,22,79,135,75,87,32,56,110,116,41" hai3="134,109,8,76,97,101,91,106,92,68,86,28,72"/><V25/><F116/><W37/><G109/><T130/><D120/><U126/><E111/><V81/><F110/><W57/><G68/><T115/><D74/><U102/><E123/><V6/><F135/><W19/><G37/><T10/><D115/><U48/><E67/><V93/><F32/><W4/><G134/><T80/><D130/><U103/><E7/><V114/><F114/><W47/><G28/><T39/><D39/><U112/><E1/><V78/><F41/><W131/><G131/><T77/><D30/><U26/><E26/><V42/><F42/><W113/><G113/><T45/><D45/><U69/><E69/><V35/><F35/><W13/><G57/><T31/><D31/><U38/><E38/><V0/><F0/><W100/><G100/><T128/><D80/><U95/><E48/><V20/><F6/><W18/><G47/><T98/><D77/><U58/><REACH who="1" step="1"/><E112/><REACH who="1" ten="440,108,338,104" step="2"/><V124/><F65/><W99/><REACH who="3" step="1"/><G97/><REACH who="3" ten="440,108,338,94" step="2"/><T50/><D98/><U71/><E71/><V34/><F34/><W73/><G73/><T83/><D128/><U121/><E121/><V27/><F75/><W125/><G125/><AGARI ba="0,2" hai="24,29,33,49,53,58,90,95,96,102,103,125,126,127" machi="125" ten="40,5200,0" yaku="1,1,18,1,52,1,53,0" doraHai="89" doraHaiUra="70" who="1" fromWho="3" sc="440,0,108,72,338,0,94,-52" /><INIT seed="7,0,0,4,3,15" ten="440,180,338,42" oya="3" hai0="26,41,44,66,103,124,119,60,131,55,99,8,108" hai1="114,54,106,84,77,7,29,73,75,135,40,50,1" hai2="83,31,113,21,126,85,76,130,94,51,101,105,57" hai3="3,112,122,121,52,107,28,16,43,91,102,132,100"/><W27/><G3/><T63/><D108/><U64/><E106/><V80/><F113/><W88/><G107/><T61/><D119/><U58/><E114/><V6/><F130/><W133/><G43/><T32/><D124/><U67/><E135/><N who="3" m="51786" /><G112/><T38/><D55/><U69/><E40/><V37/><F37/><W86/><G91/><T45/><D45/><U118/><E118/><V96/><F6/><W53/><G102/><T90/><D90/><U128/><E128/><V79/><F126/><W39/><G100/><T4/><D131/><U62/><E67/><V36/><F36/><W14/><G39/><T18/><D66/><U9/><E29/><V35/><F35/><N who="3" m="20895" /><G122/><T68/><D103/><U89/><E77/><V20/><F105/><W82/><G121/><T25/><D41/><U134/><E134/><V95/><F95/><AGARI ba="0,0" hai="1,7,9,50,54,58,62,64,69,73,75,84,89,95" machi="95" ten="30,1000,0" yaku="7,1" doraHai="15" who="1" fromWho="2" sc="440,0,180,10,338,-10,42,0" owari="440,54.0,190,-21.0,328,12.8,42,-45.8" /></mjloggm>