<mjloggm ver="2.3"><GO type="169" lobby="0"/><UN n0="%E3%81%94%E3%82%8B%E3%81%AF%E3%82%80%33%30" n1="%E7%BC%B6%E3%82%B3%E3%83%92" n2="%48%41%43%4F" n3="%4B%61%74%65%31%39%39%39" dan="17,16,16,16" rate="2201.59,2036.80,2066.91,2126.43" sx="F,M,M,M"/><TAIKYOKU oya="0"/><INIT seed="0,0,0,3,1,81" ten="250,250,250,250" oya="0" hai0="5,39,59,77,32,41,83,3,113,40,86,75,115" hai1="111,118,48,92,26,133,134,25,74,91,33,29,27" hai2="69,87,2,90,84,22,35,0,105,101,100,123,60" hai3="102,14,15,38,94,66,97,120,131,79,112,1,82"/><T93/><D32/><U8/><E74/><V95/><F35/><W44/><G112/><T119/><D119/><U126/><E118/><V116/><F123/><W52/><G1/><T23/><D41/><U30/><E111/><V54/><F116/><W73/><G120/><T129/><D129/><U68/><E68/><V109/><F109/><W55/><G131/><T108/><D108/><U53/><E126/><V117/><F117/><W110/><G110/><T63/><D40/><U16/><E8/><V36/><F36/><W62/><G38/><T99/><D39/><U114/><E114/><V37/><F37/><W19/><G44/><T85/><D3/><U28/><E16/><V64/><F54/><W43/><G43/><T21/><D5/><U61/><E61/><V132/><F132/><W42/><G42/><T122/><D122/><U49/><E33/><V103/><F105/><W121/><G14/><T98/><D115/><U58/><REACH who="1" step="1"/><E49/><REACH who="1" ten="250,240,250,250" step="2"/><V12/><F2/><W24/><G121/><T70/><D70/><U11/><E11/><V4/><F0/><W80/><G24/><T128/><D113/><U45/><E45/><V51/><F51/><W124/><G124/><T34/><D34/><U17/><E17/><N who="2" m="10535" /><F4/><W31/><G31/><T71/><D71/><U10/><E10/><V7/><F7/><W130/><G130/><T107/><D128/><U50/><E50/><V67/><F69/><W65/><G62/><T88/><D75/><U125/><E125/><V20/><F60/><W18/><G73/><T76/><D63/><U106/><E106/><V135/><F20/><RYUUKYOKU ba="0,1" sc="250,-10,240,30,250,-10,250,-10" hai1="25,26,27,28,29,30,48,53,58,91,92,133,134" /><INIT seed="1,1,1,1,2,11" ten="240,270,240,240" oya="1" hai0="1,68,12,132,123,48,49,67,27,30,31,65,98" hai1="37,62,125,29,105,25,3,112,83,41,42,9,33" hai2="57,118,117,61,55,100,102,84,40,70,45,129,60" hai3="6,113,53,87,52,119,39,110,93,130,91,28,51"/><U135/><E112/><V36/><F100/><W99/><G113/><T80/><D1/><U107/><E125/><V38/><F84/><W71/><G39/><T114/><D114/><U104/><E135/><V81/><F81/><W18/><G110/><T85/><D132/><U66/><E37/><V133/><F102/><W20/><G71/><T32/><D123/><U50/><E83/><V8/><F8/><W89/><G130/><T94/><D31/><U121/><E121/><V17/><F17/><W34/><G119/><T43/><D68/><U15/><E50/><N who="2" m="30967" /><F133/><W127/><G127/><T75/><D75/><U14/><E3/><V58/><F129/><W10/><G34/><T122/><D122/><U115/><E115/><V92/><F92/><W95/><G28/><T54/><D43/><U35/><E35/><V74/><F74/><W21/><G51/><T88/><D48/><U134/><E134/><V19/><F19/><W69/><G69/><T90/><REACH who="0" step="1"/><D12/><REACH who="0" ten="230,270,240,240" step="2"/><U47/><E15/><V64/><F36/><W77/><G77/><T109/><D109/><U7/><REACH who="1" step="1"/><E47/><AGARI ba="1,2" hai="27,30,32,47,49,54,65,67,80,85,88,90,94,98" machi="47" ten="30,3900,0" yaku="1,1,7,1,54,1,53,0" doraHai="11" doraHaiUra="2" who="0" fromWho="1" sc="230,62,270,-42,240,0,240,0" /><INIT seed="2,0,0,1,0,13" ten="292,228,240,240" oya="2" hai0="110,51,108,83,6,49,28,128,106,15,18,27,43" hai1="26,10,101,69,68,85,104,24,79,34,37,11,62" hai2="42,78,20,40,38,115,96,1,103,45,66,80,44" hai3="57,76,7,109,2,91,5,14,129,48,82,72,50"/><V30/><F115/><W61/><G2/><T89/><D106/><U67/><E37/><V107/><F1/><W131/><G109/><N who="0" m="42091" /><D6/><U70/><E79/><V98/><F66/><W112/><G112/><T111/><D128/><N who="3" m="49225" /><G91/><T88/><D111/><U65/><E85/><V86/><F96/><W35/><G35/><N who="0" m="20895" /><D83/><U19/><E11/><V100/><F100/><W3/><G3/><T121/><D121/><U81/><E81/><V8/><F8/><N who="3" m="4367" /><G7/><T134/><D134/><U116/><E104/><V105/><F105/><W132/><G132/><T12/><D12/><U52/><E101/><V46/><REACH who="2" step="1"/><F38/><REACH who="2" ten="292,228,230,240" step="2"/><W16/><G16/><T127/><D18/><U36/><E19/><V29/><F29/><W92/><G92/><T55/><D15/><U22/><E36/><V123/><F123/><W77/><G77/><T87/><D89/><U58/><E70/><V64/><F64/><AGARI ba="0,1" hai="48,50,57,61,64,72,76,82" m="4367,49225" machi="64" ten="30,1000,0" yaku="19,1" doraHai="13" who="3" fromWho="2" sc="292,0,228,0,230,-10,240,20" /><INIT seed="3,0,0,5,1,107" ten="292,228,220,260" oya="3" hai0="50,5,9,94,97,105,106,34,108,39,61,13,24" hai1="76,74,133,8,90,53,121,112,104,17,7,29,75" hai2="14,63,43,22,26,35,27,129,98,19,16,38,118" hai3="30,81,2,73,109,125,122,102,15,1,33,36,116"/><W11/><G116/><T82/><D39/><U130/><E112/><V70/><F118/><W68/><G122/><T100/><D108/><U126/><E121/><V12/><F129/><W101/><G68/><T84/><D50/><U46/><E104/><V48/><F38/><W64/><G36/><T42/><D42/><U93/><E76/><V23/><F35/><W44/><G64/><T113/><D113/><U62/><E130/><V123/><F123/><W95/><G44/><T99/><D61/><U41/><E29/><V3/><F3/><W120/><G120/><T103/><D24/><U124/><E17/><V51/><F98/><W128/><G128/><T28/><D28/><U69/><E53/><V71/><REACH who="2" step="1"/><F63/><REACH who="2" ten="292,228,210,260" step="2"/><W31/><G33/><T10/><D34/><U91/><E62/><V79/><F79/><W20/><G2/><T119/><D119/><U92/><E133/><V115/><F115/><W77/><G1/><T0/><D99/><U132/><E132/><V56/><F56/><W55/><G77/><T134/><D134/><U80/><E69/><V60/><F60/><W21/><G109/><T135/><D135/><U111/><E111/><V65/><F65/><W88/><G125/><T89/><D103/><U78/><E124/><V114/><F114/><W87/><G102/><T25/><D100/><U131/><E131/><V96/><F96/><W32/><G101/><T85/><D97/><U110/><E110/><V49/><F49/><W18/><G32/><T37/><D37/><U47/><E126/><V58/><F58/><W54/><G88/><T67/><D105/><RYUUKYOKU ba="0,1" sc="292,-10,228,-10,210,30,260,-10" hai2="12,14,16,19,22,23,26,27,43,48,51,70,71" /><INIT seed="4,1,1,1,3,8" ten="282,218,240,250" oya="0" hai0="89,28,72,55,12,123,115,42,92,93,53,127,121" hai1="132,105,76,50,120,80,131,38,130,100,1,110,31" hai2="62,83,97,125,29,124,133,7,41,19,96,27,134" hai3="57,40,54,117,90,9,77,51,99,69,71,84,16"/><T45/><D72/><U5/><E120/><V126/><F41/><W102/><G117/><T44/><D28/><U122/><E122/><V24/><F62/><W61/><G77/><T11/><D115/><U103/><E38/><V15/><F83/><W20/><G9/><T67/><D67/><U0/><E110/><V18/><F96/><W73/><G73/><T129/><D129/><N who="1" m="49163" /><E132/><N who="2" m="50795" /><F97/><W101/><G40/><T91/><D127/><U36/><E36/><V75/><F75/><W49/><G71/><T63/><D63/><U114/><E114/><V4/><F19/><W113/><G113/><T64/><D64/><U32/><E105/><V56/><F56/><W70/><G70/><T59/><D59/><U81/><E50/><N who="3" m="18954" /><G99/><T33/><D42/><U74/><E80/><V48/><F48/><W43/><G69/><T106/><D106/><U52/><E52/><V128/><F128/><W26/><G43/><T98/><D121/><U85/><E74/><V112/><F112/><W23/><G23/><T2/><D123/><U3/><E5/><N who="2" m="2123" /><F29/><W109/><G109/><T46/><D55/><U116/><E116/><V104/><F104/><W39/><G39/><T65/><D53/><U119/><E119/><V47/><F47/><W87/><G87/><T21/><D46/><U66/><E66/><V6/><N who="2" m="2131" /><V88/><DORA hai="30" /><F88/><W35/><G90/><T22/><D65/><U135/><E135/><V107/><F107/><W111/><G84/><T10/><D45/><U78/><E78/><V68/><F68/><W108/><G108/><T25/><D44/><U95/><E95/><RYUUKYOKU ba="1,1" sc="282,-15,218,15,240,15,250,-15" hai1="0,1,3,31,32,76,81,85,100,103" hai2="15,18,24,27,124,125,126" /><INIT seed="5,2,1,5,1,128" ten="267,233,255,235" oya="1" hai0="28,134,79,116,48,13,61,87,59,35,111,58,40" hai1="23,105,14,63,44,83,29,96,41,25,81,109,60" hai2="69,12,107,33,38,123,122,117,115,100,66,31,50" hai3="64,90,92,21,7,55,15,127,26,131,16,108,67"/><U1/><E1/><V42/><F12/><W84/><G108/><T53/><D111/><U120/><E120/><V20/><F20/><W17/><G131/><T94/><D116/><U80/><E109/><V8/><F8/><W70/><G127/><T130/><D130/><U3/><E3/><V104/><F117/><W73/><G73/><T99/><D35/><U103/><REACH who="1" step="1"/><E14/><REACH who="1" ten="267,223,255,235" step="2"/><V119/><F122/><W54/><G7/><T27/><D13/><U39/><AGARI ba="2,2" hai="23,25,29,39,41,44,60,63,80,81,83,96,103,105" machi="39" ten="30,11700,0" yaku="1,1,2,1,0,1,53,1" doraHai="128" doraHaiUra="98" who="1" fromWho="1" sc="267,-41,223,143,255,-41,235,-41" /><INIT seed="5,3,0,4,3,62" ten="226,366,214,194" oya="1" hai0="109,120,99,74,20,10,40,65,13,60,100,12,87" hai1="108,11,35,73,79,67,1,92,33,127,18,103,93" hai2="0,75,72,58,129,7,30,113,26,110,24,51,78" hai3="47,43,32,57,134,22,122,61,6,36,34,70,23"/><U53/><E127/><V8/><F110/><W126/><G122/><T3/><D74/><U132/><E132/><V124/><F124/><W112/><G126/><T97/><D109/><U77/><E108/><V94/><F129/><W48/><G134/><T14/><D120/><U25/><E53/><V119/><F119/><W84/><G112/><T64/><D40/><U38/><E38/><V117/><F117/><W68/><G6/><T90/><D3/><U81/><E79/><V55/><F113/><W16/><G22/><T37/><D37/><U46/><E46/><V4/><F4/><W21/><G21/><T56/><D20/><U86/><E25/><V102/><F26/><W111/><G84/><T88/><D65/><U41/><E41/><V133/><F133/><W118/><G118/><T2/><D2/><U128/><E92/><V91/><F102/><W114/><G114/><T95/><D90/><U45/><E45/><V44/><F78/><W107/><G107/><T63/><D63/><U98/><E1/><V39/><F24/><W125/><G125/><T80/><REACH who="0" step="1"/><D97/><REACH who="0" ten="216,366,214,194" step="2"/><U27/><E98/><V123/><F123/><W121/><G121/><T135/><D135/><U89/><E89/><V54/><F39/><W85/><G111/><T50/><D50/><U71/><E73/><V66/><F75/><W106/><G36/><T19/><AGARI ba="3,1" hai="10,12,13,14,19,56,60,64,80,87,88,95,99,100" machi="19" ten="20,12000,2" yaku="1,1,0,1,7,1,8,1,52,1,54,1,53,0" doraHai="62" doraHaiUra="130" who="0" fromWho="0" sc="216,139,366,-63,214,-33,194,-33" /><INIT seed="6,0,0,4,2,28" ten="355,303,181,161" oya="2" hai0="125,1,49,81,96,62,87,36,100,129,41,45,82" hai1="122,117,107,52,106,88,116,110,108,68,90,38,14" hai2="29,55,51,120,47,98,24,95,0,132,61,9,131" hai3="114,6,74,99,23,7,20,111,115,43,44,119,26"/><V126/><F132/><W130/><G74/><T58/><D1/><U91/><E38/><V53/><F131/><W13/><G111/><N who="1" m="42538" /><E68/><V10/><F126/><W25/><G99/><T135/><D135/><U27/><E27/><N who="3" m="10250" /><G44/><T57/><D129/><U127/><E14/><V103/><F120/><W128/><G43/><T89/><D125/><U54/><E122/><V31/><F0/><W112/><G119/><N who="1" m="45642" /><E127/><V85/><F85/><W93/><G93/><N who="0" m="58383" /><D36/><U30/><E30/><N who="2" m="11275" /><F24/><W33/><G33/><T67/><D58/><AGARI ba="0,0" hai="9,10,47,51,53,55,58,61,95,98,103" m="11275" machi="58" ten="30,1500,0" yaku="8,1" doraHai="28" who="2" fromWho="0" sc="355,-15,303,0,181,15,161,0" /><INIT seed="6,1,0,0,2,11" ten="340,303,196,161" oya="2" hai0="135,0,62,130,86,73,20,32,64,87,60,16,29" hai1="80,107,112,88,109,28,90,68,23,85,44,10,19" hai2="70,82,21,122,118,114,84,56,49,33,71,40,17" hai3="105,57,92,13,24,45,133,15,8,123,97,69,72"/><V47/><F114/><W52/><G123/><T126/><D73/><U106/><E68/><V61/><F118/><W98/><G69/><T100/><D0/><U58/><E109/><V35/><F122/><W99/><G105/><T5/><D5/><U66/><E112/><V41/><F35/><W124/><G72/><T81/><D100/><U115/><E115/><V59/><F33/><W31/><G133/><T9/><D9/><U53/><E66/><V79/><F41/><W26/><G124/><T37/><D37/><U125/><E28/><V1/><F1/><W65/><G65/><T94/><D135/><U30/><E30/><V12/><REACH who="2" step="1"/><F59/><REACH who="2" ten="340,303,186,161" step="2"/><W39/><G39/><T108/><D32/><U22/><E58/><V103/><F103/><W110/><G110/><T95/><D108/><U127/><E127/><V78/><F78/><W89/><G45/><T4/><D126/><U101/><E125/><V7/><F7/><W83/><G83/><T132/><D4/><U34/><E34/><V42/><F42/><W38/><G38/><T27/><D81/><U134/><E134/><V18/><F18/><W93/><G31/><T48/><D16/><U74/><E101/><V119/><F119/><W111/><G111/><T46/><D46/><U91/><E44/><V102/><F102/><N who="3" m="60711" /><G8/><T128/><D132/><U14/><E106/><V6/><F6/><W51/><G99/><T67/><D29/><U36/><E107/><V54/><AGARI ba="1,1" hai="12,17,21,40,47,49,54,56,61,70,71,79,82,84" machi="54" ten="20,7800,0" yaku="1,1,0,1,7,1,52,1,53,0" doraHai="11" doraHaiUra="129" who="2" fromWho="2" sc="340,-27,303,-27,186,91,161,-27" /><INIT seed="6,2,0,5,1,73" ten="313,276,277,134" oya="2" hai0="72,115,51,7,133,110,96,41,135,3,2,112,117" hai1="53,10,124,120,25,27,109,98,77,62,12,42,50" hai2="13,19,123,33,28,100,11,102,17,125,29,118,104" hai3="6,105,107,60,44,88,14,99,39,70,116,91,94"/><V48/><F118/><W111/><G111/><T95/><D110/><U130/><E109/><V128/><F123/><W74/><G116/><T4/><D72/><U45/><E120/><V92/><F104/><W49/><G39/><T87/><D87/><U89/><E130/><V81/><F128/><W8/><G74/><T37/><D37/><U46/><E124/><V32/><F32/><W119/><G119/><T82/><D82/><U59/><E46/><V79/><F33/><W103/><G91/><T47/><D117/><U34/><E34/><V83/><F83/><W134/><G134/><N who="0" m="51211" /><D7/><N who="1" m="3167" /><E77/><V114/><F114/><N who="0" m="43562" /><D4/><U23/><E23/><N who="2" m="11695" /><F125/><W57/><G70/><T9/><D9/><U68/><E68/><V38/><F38/><W101/><G107/><T0/><D0/><U35/><E35/><V80/><F80/><W43/><REACH who="3" step="1"/><G105/><REACH who="3" ten="313,276,277,124" step="2"/><T30/><D30/><U65/><E89/><AGARI ba="2,1" hai="2,3,41,47,51,89,95,96" m="43562,51211" machi="89" ten="30,2000,0" yaku="20,1,15,1" doraHai="73" who="0" fromWho="1" sc="313,36,276,-26,277,0,124,0" /><INIT seed="7,0,0,5,0,50" ten="349,250,277,124" oya="3" hai0="63,64,46,87,53,39,13,30,102,93,88,95,68" hai1="112,67,11,75,19,27,23,41,31,45,51,85,113" hai2="15,71,17,44,110,86,77,108,79,40,98,97,99" hai3="105,133,117,4,72,70,48,73,10,123,96,130,54"/><W61/><G117/><T1/><D1/><U43/><E75/><V59/><F71/><W116/><G123/><T62/><D30/><U121/><E121/><V107/><F107/><W34/><G116/><T106/><D106/><U109/><E109/><V6/><F6/><W33/><G130/><T84/><D13/><U118/><E67/><V36/><F59/><W60/><G133/><T66/><D102/><U81/><E118/><V111/><REACH who="2" step="1"/><F86/><REACH who="2" ten="349,250,267,124" step="2"/><W28/><G73/><T47/><D84/><U42/><E112/><V37/><F37/><W132/><G72/><T9/><D39/><U65/><E65/><V22/><AGARI ba="0,1" hai="15,17,22,36,40,44,77,79,97,98,99,108,110,111" machi="22" ten="40,2700,0" yaku="1,1,0,1,53,0" doraHai="50" doraHaiUra="126" who="2" fromWho="2" sc="349,-7,250,-7,267,37,124,-13" owari="342,44.2,243,-15.7,304,10.4,111,-38.9" /></mjloggm>