<mjloggm ver="2.3"><GO type="169" lobby="0"/><UN n0="%62%73%64%5F%33" n1="%E6%9C%89%E6%96%90%E3%81%AE%E6%98%9F" n2="%72%65%62%65%65%72" n3="%E8%99%9A%E6%B7%B5%E7%8E%84" dan="16,16,16,17" rate="2041.50,2098.95,2164.46,2201.03" sx="F,M,M,M"/><TAIKYOKU oya="0"/><INIT seed="0,0,0,0,2,2" ten="250,250,250,250" oya="0" hai0="36,3,56,32,97,77,11,130,80,67,7,133,50" hai1="23,119,46,76,48,95,51,37,114,101,30,33,59" hai2="78,40,58,44,124,57,90,0,84,86,18,83,27" hai3="103,98,111,106,34,120,6,108,113,99,53,25,131"/><T20/><D32/><U109/><E109/><N who="3" m="42058" /><G113/><T134/><D130/><U26/><E119/><V126/><F0/><W16/><G131/><T102/><D36/><U105/><E105/><V24/><F58/><W75/><G75/><T17/><D50/><U19/><E114/><V54/><F18/><W73/><G73/><T13/><D67/><U12/><E76/><V47/><F27/><W68/><G98/><T123/><D56/><U61/><E37/><V107/><F107/><W63/><G120/><T43/><D43/><U92/><E101/><V132/><F24/><W72/><G72/><T115/><D123/><U55/><REACH who="1" step="1"/><E51/><REACH who="1" ten="250,240,250,250" step="2"/><V21/><F126/><W10/><G103/><T39/><D39/><U66/><AGARI ba="0,1" hai="12,19,23,26,30,33,46,48,55,59,61,66,92,95" machi="66" ten="20,8000,1" yaku="1,1,2,1,0,1,7,1,53,1" doraHai="2" doraHaiUra="28" who="1" fromWho="1" sc="250,-40,240,90,250,-20,250,-20" /><INIT seed="1,0,0,1,5,94" ten="210,330,230,230" oya="1" hai0="65,9,129,127,116,5,111,85,6,40,102,39,96" hai1="3,15,33,77,18,109,112,91,48,22,81,79,13" hai2="51,56,72,38,27,54,31,93,118,126,8,36,108" hai3="89,2,120,60,52,80,83,69,20,24,7,21,34"/><U98/><E112/><V122/><F118/><W105/><G120/><T44/><D116/><U47/><E3/><V104/><F104/><W74/><G34/><T82/><D111/><U100/><E33/><V35/><F122/><W64/><G105/><T19/><D129/><U32/><E32/><V95/><F108/><W123/><G123/><T92/><D127/><U115/><E115/><V131/><F72/><W29/><G74/><T28/><D65/><U41/><E109/><V67/><F131/><W130/><G130/><T45/><D45/><U46/><E46/><V10/><F67/><W68/><G68/><T97/><D28/><U132/><E132/><V78/><F78/><W73/><G73/><T12/><REACH who="0" step="1"/><D97/><REACH who="0" ten="200,330,230,230" step="2"/><U114/><E114/><V87/><F126/><W125/><G125/><T107/><D107/><U113/><E113/><V59/><F59/><W57/><G64/><T63/><D63/><U14/><E98/><V1/><F31/><W119/><G119/><T43/><D43/><U62/><E62/><V86/><F56/><W55/><G57/><T58/><D58/><U88/><E41/><V101/><F54/><W61/><G55/><T26/><D26/><U76/><E47/><V25/><F27/><W133/><G52/><T0/><D0/><U49/><E13/><V70/><F25/><W17/><G60/><T66/><D66/><U124/><E14/><V50/><F1/><W99/><G61/><T117/><D117/><U103/><E124/><V53/><F53/><W42/><G29/><T84/><D84/><U23/><E15/><V16/><F86/><RYUUKYOKU ba="0,1" sc="200,30,330,-10,230,-10,230,-10" hai0="5,6,9,12,19,39,40,44,82,85,92,96,102" /><INIT seed="2,1,1,4,0,63" ten="230,320,220,220" oya="2" hai0="30,14,127,12,72,1,20,8,128,15,19,85,94" hai1="13,52,29,116,113,50,49,87,90,101,79,26,118" hai2="25,126,106,64,107,99,69,83,23,65,109,5,48" hai3="51,95,66,18,54,78,56,62,35,3,82,42,43"/><V22/><F69/><W120/><G120/><T9/><D72/><U102/><E113/><V45/><F107/><W10/><G35/><T41/><D41/><U108/><E108/><V58/><F109/><W17/><G95/><T80/><D128/><U103/><E79/><V121/><F121/><W11/><G42/><T21/><D127/><U122/><E13/><V4/><F58/><W55/><G43/><T88/><D1/><U71/><E71/><V59/><F59/><W124/><G124/><T61/><D61/><U36/><E36/><V46/><F126/><W74/><G54/><T2/><D2/><U31/><E50/><V39/><F83/><W115/><G115/><T27/><REACH who="0" step="1"/><D80/><REACH who="0" ten="220,320,220,220" step="2"/><U47/><E122/><V110/><F110/><W89/><G3/><T135/><D135/><U7/><E118/><V86/><F39/><W76/><G74/><T133/><D133/><U125/><E116/><V77/><F48/><W73/><G73/><T44/><D44/><U38/><E125/><V119/><F119/><W96/><G82/><T130/><D130/><U75/><E38/><V91/><F46/><W16/><G78/><T67/><D67/><N who="2" m="25674" /><F45/><N who="3" m="28143" /><G76/><T84/><D84/><U92/><E75/><V123/><F123/><W32/><G32/><T117/><D117/><U100/><N who="1" m="25600" /><DORA hai="70" /><U57/><E47/><V37/><F37/><W134/><G134/><T104/><D104/><U105/><E105/><V6/><F106/><W53/><G53/><T111/><D111/><U114/><E114/><V132/><F132/><W112/><G112/><T33/><D33/><U131/><E131/><RYUUKYOKU ba="1,2" sc="220,15,320,-15,220,-15,220,15" hai0="8,9,12,14,15,19,20,21,27,30,85,88,94" hai3="10,11,16,17,18,56,62,66,89,96" /><INIT seed="3,2,2,0,2,22" ten="235,305,205,235" oya="3" hai0="9,4,75,115,12,49,0,125,57,103,132,106,86" hai1="23,65,93,122,133,46,128,92,88,129,105,60,54" hai2="76,101,48,53,20,99,85,126,36,29,109,73,102" hai3="43,83,90,118,45,107,127,96,16,39,79,64,59"/><W41/><G118/><T81/><D75/><U112/><E122/><V61/><F36/><W19/><G127/><T119/><D119/><U66/><E112/><V14/><F73/><W13/><G43/><T58/><D125/><U80/><E105/><V10/><F61/><W114/><G114/><T97/><D132/><U89/><E133/><V117/><F109/><W47/><G47/><T25/><D115/><U24/><E80/><N who="2" m="47239" /><F99/><W21/><G64/><T38/><D38/><U31/><E46/><N who="2" m="27799" /><F117/><W27/><G59/><T6/><D6/><U30/><E54/><V74/><F74/><W84/><G107/><T5/><D5/><U37/><E37/><V113/><F113/><W124/><G124/><T87/><D87/><U95/><E30/><V51/><F51/><W77/><REACH who="3" step="1"/><G96/><REACH who="3" ten="235,305,205,225" step="2"/><T123/><D123/><U67/><REACH who="1" step="1"/><E60/><REACH who="1" ten="235,295,205,225" step="2"/><V69/><F126/><W34/><G34/><T134/><D134/><U40/><E40/><V33/><F33/><W116/><G116/><T3/><D106/><U70/><E70/><V131/><F131/><AGARI ba="2,4" hai="23,24,31,65,66,67,88,89,92,93,95,128,129,131" machi="131" ten="50,8000,1" yaku="1,1,19,1,52,1,54,1,53,0" doraHai="22" doraHaiUra="52" who="1" fromWho="2" sc="235,0,295,126,205,-86,225,0" /><INIT seed="4,0,0,5,1,79" ten="235,421,119,225" oya="0" hai0="53,28,7,101,76,88,73,100,129,22,61,36,131" hai1="50,99,41,14,59,56,116,134,21,54,119,39,69" hai2="25,120,132,8,65,103,48,96,40,24,35,102,125" hai3="26,135,3,34,64,98,121,87,106,113,20,62,94"/><T85/><D36/><U71/><E99/><V83/><F120/><W112/><G3/><T124/><D124/><U49/><E21/><V23/><F125/><W55/><G34/><T15/><D73/><U84/><E14/><V38/><F38/><W80/><G55/><T130/><D76/><U5/><E5/><V1/><F132/><W47/><G47/><T90/><D90/><U107/><E107/><V66/><F35/><W4/><G4/><T58/><D28/><U29/><E29/><V2/><F8/><W67/><G106/><T68/><D68/><N who="1" m="26187" /><E84/><V127/><F127/><W74/><G74/><T16/><D7/><U63/><E134/><V42/><F48/><N who="1" m="18537" /><E59/><V91/><F91/><W122/><G135/><T123/><D123/><N who="3" m="47113" /><G20/><T81/><AGARI ba="0,0" hai="15,16,22,53,58,61,81,85,88,100,101,129,130,131" machi="81" ten="30,12000,1" yaku="0,1,19,1,52,1,54,2" doraHai="79" who="0" fromWho="0" sc="235,120,421,-40,119,-40,225,-40" /><INIT seed="4,1,0,3,4,40" ten="355,381,79,185" oya="0" hai0="19,9,7,12,58,34,43,130,2,83,59,13,77" hai1="27,121,117,96,38,80,81,118,0,18,45,53,87" hai2="125,84,44,82,30,49,129,91,21,133,33,50,35" hai3="105,62,132,89,85,116,99,1,16,127,94,101,114"/><T106/><D106/><U54/><E121/><V23/><F129/><W47/><G116/><T15/><D130/><U36/><E0/><V11/><F133/><W115/><G1/><T122/><D122/><U48/><E96/><V5/><F125/><W31/><G31/><T57/><D34/><U100/><E100/><V95/><F50/><W124/><G62/><T79/><D43/><U98/><E98/><V28/><F28/><W56/><G56/><T10/><REACH who="0" step="1"/><D77/><REACH who="0" ten="345,381,79,185" step="2"/><U22/><E118/><V66/><F35/><W8/><G127/><T112/><D112/><U55/><E117/><V110/><F110/><W120/><G124/><T42/><D42/><U63/><E38/><V104/><F104/><W41/><G120/><T70/><D70/><U111/><E36/><V92/><F33/><W113/><G132/><T69/><D69/><U20/><E111/><V24/><F66/><W103/><G105/><T71/><D71/><U134/><E134/><V51/><F51/><N who="3" m="27119" /><G99/><T128/><D128/><U68/><E68/><V29/><F49/><W25/><G8/><T126/><D126/><U93/><E63/><V108/><F108/><W74/><G74/><AGARI ba="1,1" hai="2,7,9,10,12,13,15,19,57,58,59,74,79,83" machi="74" ten="40,3900,0" yaku="1,1,53,1" doraHai="40" doraHaiUra="72" who="0" fromWho="3" sc="345,52,381,0,79,0,185,-42" /><INIT seed="4,2,0,1,3,69" ten="397,381,79,143" oya="0" hai0="96,124,47,70,7,123,88,54,90,44,43,83,130" hai1="128,5,135,87,30,4,65,9,68,35,18,17,57" hai2="114,60,13,71,80,95,39,113,67,62,75,89,82" hai3="28,36,3,33,78,23,122,103,115,58,109,131,106"/><T52/><D123/><U45/><E68/><V129/><F129/><W119/><RYUUKYOKU type="yao9" ba="2,0" sc="397,0,381,0,79,0,143,0" hai3="3,23,28,33,36,58,78,103,106,109,115,119,122,131" /><INIT seed="4,3,0,2,0,133" ten="397,381,79,143" oya="0" hai0="101,79,10,74,11,84,39,73,32,9,25,43,56" hai1="50,20,102,19,134,22,45,52,28,91,100,36,42" hai2="130,69,128,75,135,131,85,118,53,111,12,96,37" hai3="105,87,125,97,47,90,40,13,77,129,67,78,44"/><T114/><D114/><U82/><E134/><V24/><F135/><W46/><G129/><T49/><D101/><U109/><E109/><V23/><F111/><W121/><G121/><T1/><D1/><U113/><E113/><V18/><F75/><W4/><G67/><T108/><D108/><U64/><E64/><V72/><F72/><W104/><G40/><T16/><D39/><U81/><E28/><V14/><F69/><W126/><G13/><T83/><D32/><U3/><E22/><V99/><F118/><W59/><G59/><T66/><D43/><U54/><E3/><V38/><F85/><W31/><G4/><T89/><D79/><N who="3" m="30217" /><G97/><N who="2" m="37449" /><F53/><N who="1" m="20585" /><E36/><AGARI ba="3,0" hai="12,14,18,23,24,36,37,38,128,130,131" m="37449" machi="36" ten="40,1300,0" yaku="19,1" doraHai="133" who="2" fromWho="1" sc="397,0,381,-22,79,22,143,0" /><INIT seed="5,0,0,5,2,107" ten="397,359,101,143" oya="1" hai0="124,34,130,135,60,32,88,2,55,129,117,110,39" hai1="17,25,120,70,31,125,16,85,37,24,98,53,0" hai2="49,7,21,104,56,116,121,106,83,72,46,109,133" hai3="134,23,18,30,93,40,57,4,82,3,52,27,59"/><U63/><E120/><V99/><F116/><W96/><G134/><T76/><D110/><U91/><E125/><V81/><F109/><W86/><G40/><T8/><D117/><U105/><E37/><V65/><F121/><W14/><G3/><T122/><D122/><U41/><E0/><V102/><F106/><W87/><G57/><T51/><D39/><U22/><E41/><V45/><F133/><W64/><G64/><T29/><D76/><U48/><E63/><V118/><F7/><W50/><G4/><T38/><D38/><U9/><E70/><V132/><F132/><W128/><G128/><T74/><D74/><U43/><E43/><V68/><F68/><W114/><G114/><T5/><D124/><U10/><E98/><V94/><F104/><W115/><G82/><T1/><D1/><U127/><E105/><V89/><F72/><W35/><REACH who="3" step="1"/><G115/><REACH who="3" ten="397,359,101,133" step="2"/><T54/><D5/><U69/><E69/><V62/><F118/><W100/><AGARI ba="0,1" hai="14,18,23,27,30,35,50,52,59,86,87,93,96,100" machi="100" ten="20,12000,2" yaku="1,1,2,1,0,1,7,1,54,1,53,1" doraHai="107" doraHaiUra="19" who="3" fromWho="3" sc="397,-30,359,-60,101,-30,133,130" /><INIT seed="6,0,0,4,4,31" ten="367,299,71,263" oya="2" hai0="118,104,34,49,132,114,68,78,65,129,116,64,105" hai1="55,72,25,130,95,96,111,46,44,76,2,100,91" hai2="106,11,56,134,123,60,83,75,90,67,23,22,14" hai3="82,69,126,52,6,0,58,40,73,57,5,37,115"/><V54/><F134/><W108/><G108/><T113/><D132/><U110/><E2/><V36/><F123/><W86/><G69/><T99/><D129/><U47/><E130/><V53/><F106/><W10/><G126/><T13/><D78/><U33/><E55/><V109/><F109/><W93/><G6/><T26/><D13/><U35/><E111/><V121/><F121/><W107/><G107/><T81/><D81/><U51/><E110/><V50/><F36/><W128/><G115/><T71/><D49/><U102/><E51/><V88/><F75/><W94/><G58/><T77/><D77/><U119/><E119/><V19/><F54/><W101/><G101/><T120/><D26/><U43/><E43/><V131/><F131/><W30/><G30/><T61/><D120/><U16/><E76/><V87/><REACH who="2" step="1"/><F90/><REACH who="2" ten="367,299,61,263" step="2"/><W45/><G128/><T8/><D105/><U112/><E72/><V48/><F48/><N who="3" m="30855" /><G73/><T125/><D104/><U4/><E112/><V41/><F41/><W92/><G37/><T28/><D114/><U89/><E91/><V9/><F9/><W39/><G39/><T18/><D8/><U70/><E70/><AGARI ba="0,1" hai="11,14,19,22,23,50,53,56,60,67,70,83,87,88" machi="70" ten="30,5800,0" yaku="1,1,7,1,54,1,53,0" doraHai="31" doraHaiUra="1" who="2" fromWho="1" sc="367,0,299,-58,61,68,263,0" /><INIT seed="6,1,0,2,5,45" ten="367,241,129,263" oya="2" hai0="103,115,91,28,70,119,53,84,13,86,121,62,78" hai1="47,88,105,109,2,22,65,83,69,16,120,12,5" hai2="107,34,89,42,25,17,38,43,116,104,46,72,14" hai3="36,95,61,118,31,54,58,18,133,93,9,124,27"/><V92/><F116/><W57/><G118/><T63/><D121/><U20/><E109/><V41/><F72/><W56/><G36/><T76/><D115/><U123/><E105/><V29/><F107/><W40/><G40/><T39/><D39/><U49/><E65/><V37/><F104/><W19/><G133/><T125/><D28/><U113/><E69/><V98/><REACH who="2" step="1"/><F38/><REACH who="2" ten="367,241,119,263" step="2"/><W59/><G124/><T108/><D125/><U81/><E113/><V99/><F99/><W48/><G61/><T26/><D62/><U8/><E123/><V129/><F129/><W1/><G1/><T4/><D63/><U90/><E120/><V32/><F32/><W10/><G95/><T15/><D119/><U130/><E130/><V7/><F7/><W44/><G93/><T66/><D4/><U11/><E83/><V77/><F77/><W131/><G131/><T111/><D76/><U127/><E127/><V110/><F110/><W97/><G97/><T30/><D78/><U64/><E81/><V122/><F122/><W132/><G132/><T85/><D111/><U102/><E64/><V117/><F117/><W55/><G9/><AGARI ba="1,1" hai="9,14,17,25,29,34,37,41,42,43,46,89,92,98" machi="9" ten="30,2900,0" yaku="1,1,7,1,53,0" doraHai="45" doraHaiUra="96" who="2" fromWho="3" sc="367,0,241,0,119,42,263,-32" /><INIT seed="6,2,0,3,0,53" ten="367,241,161,231" oya="2" hai0="43,115,135,10,42,102,74,66,120,47,82,26,27" hai1="49,52,111,69,86,46,8,95,105,40,6,34,60" hai2="45,24,70,36,0,112,79,3,99,129,97,124,35" hai3="114,117,131,68,94,20,103,56,4,104,19,18,44"/><V29/><F112/><W50/><G68/><T11/><D120/><U98/><E111/><V133/><F70/><W128/><G104/><T62/><D115/><U84/><E34/><V30/><F30/><W88/><G103/><T91/><D42/><U9/><E105/><V78/><F129/><N who="3" m="49739" /><G117/><T16/><D102/><U23/><E23/><V72/><F124/><W130/><G4/><T101/><D101/><N who="1" m="60639" /><E69/><V48/><F36/><W92/><G92/><T7/><D7/><U57/><E6/><V93/><F133/><W59/><G19/><T39/><D74/><U54/><E40/><V67/><F67/><W109/><G109/><T121/><D43/><U123/><E123/><V87/><F72/><W96/><G114/><T77/><D39/><U2/><E2/><V126/><F126/><W58/><G130/><T33/><D33/><U65/><E65/><V61/><F0/><W116/><G116/><T73/><D66/><U90/><E86/><V106/><F106/><W22/><G18/><T127/><D16/><U81/><AGARI ba="2,0" hai="8,9,46,49,52,54,57,60,81,84,90" m="60639" machi="81" ten="30,4000,0" yaku="8,1,52,1,54,1" doraHai="53" who="1" fromWho="1" sc="367,-12,241,46,161,-22,231,-12" /><INIT seed="7,0,0,5,3,73" ten="355,287,139,219" oya="3" hai0="101,107,34,83,18,112,97,108,72,115,117,8,82" hai1="47,68,84,130,43,92,131,5,63,16,133,38,44" hai2="113,74,53,132,37,79,65,128,35,33,123,28,50" hai3="49,99,4,20,121,2,51,125,77,0,98,109,110"/><W61/><G121/><T40/><D117/><U111/><E111/><N who="3" m="42506" /><G125/><T85/><D34/><U26/><E5/><V66/><F123/><W7/><G61/><T118/><D118/><U122/><E122/><V89/><F128/><W91/><G20/><T54/><D40/><U96/><E133/><V29/><F37/><W76/><G91/><T25/><D115/><U114/><E114/><V15/><F113/><W135/><G135/><T88/><D112/><U52/><E84/><V104/><F132/><W120/><G120/><T80/><D72/><U31/><E68/><V87/><F35/><W126/><G126/><T90/><D90/><N who="1" m="55319" /><E31/><V124/><F124/><W102/><G4/><T14/><D108/><U55/><E44/><V64/><F104/><N who="3" m="63583" /><G98/><T116/><D116/><U6/><E6/><V119/><F119/><W93/><G93/><T13/><D25/><U67/><E67/><V103/><F103/><W41/><G7/><T60/><D14/><U56/><E55/><V9/><F33/><W78/><G41/><T46/><D60/><U21/><AGARI ba="0,0" hai="16,21,26,38,43,47,52,56,63,130,131" m="55319" machi="21" ten="30,4000,0" yaku="25,1,54,2" doraHai="73" who="1" fromWho="1" sc="355,-10,287,40,139,-10,219,-20" owari="345,44.5,327,12.7,129,-37.1,199,-20.1" /></mjloggm>