<mjloggm ver="2.3"><GO type="169" lobby="0"/><UN n0="%E3%81%94%E3%82%8B%E3%81%AF%E3%82%80%33%30" n1="%E6%B2%96%E3%83%92%E3%82%AB%E3%83%AB%EF%BC%88%E6%9C%AC%E7%89%A9%EF%BC%89" n2="%E3%81%95%E3%81%8F%E3%82%89%E3%81%88%E3%81%B3" n3="%70%6F%6E%2D%65%6E" dan="17,17,16,16" rate="2181.05,2131.78,2129.24,2205.37" sx="F,F,M,F"/><TAIKYOKU oya="0"/><INIT seed="0,0,0,4,3,126" ten="250,250,250,250" oya="0" hai0="80,8,34,54,13,85,11,79,133,82,12,117,24" hai1="20,116,120,76,32,132,2,19,30,134,47,37,75" hai2="91,90,135,35,84,52,112,28,39,51,69,78,127" hai3="104,113,95,131,18,38,16,44,58,108,4,105,42"/><T129/><D117/><U98/><E116/><V46/><F112/><W6/><G113/><T45/><D133/><U23/><E120/><V0/><F127/><W103/><G95/><T100/><D100/><U57/><E2/><V70/><F0/><W60/><G108/><T93/><D93/><U25/><E57/><V65/><F135/><W64/><G131/><T15/><D129/><U56/><E56/><V106/><F106/><W27/><G105/><T14/><N who="0" m="3072" /><DORA hai="72" /><T125/><D125/><U94/><E19/><V81/><F39/><W63/><G63/><T31/><REACH who="0" step="1"/><D80/><REACH who="0" ten="240,250,250,250" step="2"/><U89/><E134/><V77/><F81/><W107/><G107/><T50/><AGARI ba="0,1" hai="8,11,24,31,34,45,50,54,79,82,85" m="3072" machi="50" ten="40,18000,2" yaku="1,1,2,1,0,1,52,1,53,2" doraHai="126,72" doraHaiUra="115,7" who="0" fromWho="0" sc="240,190,250,-60,250,-60,250,-60" /><INIT seed="0,1,0,3,5,50" ten="430,190,190,190" oya="0" hai0="56,113,26,97,9,127,40,63,68,95,89,4,18" hai1="75,11,51,116,84,49,105,44,55,106,21,32,39" hai2="108,38,3,33,122,61,74,117,31,78,66,64,25" hai3="20,118,73,103,13,85,58,2,80,87,133,48,86"/><T37/><D113/><U29/><E32/><V69/><F108/><W57/><G2/><T112/><D112/><U82/><E75/><V35/><F122/><W119/><G133/><T59/><D127/><U99/><E39/><V43/><F66/><W101/><G118/><T107/><D107/><U42/><E99/><V36/><F117/><W65/><G119/><T30/><D18/><U17/><E29/><V125/><F125/><W83/><G73/><T10/><D68/><U90/><E116/><V91/><F91/><W16/><G65/><T109/><D109/><U24/><REACH who="1" step="1"/><E11/><REACH who="1" ten="430,180,190,190" step="2"/><V60/><F35/><W22/><G22/><T45/><D10/><U126/><E126/><V70/><F38/><W104/><G104/><T123/><D123/><U134/><E134/><V110/><F110/><W1/><G103/><T131/><D30/><U88/><E88/><V120/><F120/><W92/><G101/><T79/><D9/><U14/><E14/><V7/><F3/><W77/><G1/><T96/><D89/><U67/><E67/><V81/><F7/><W19/><G92/><T94/><D94/><U6/><E6/><V76/><F76/><W121/><G121/><T52/><D79/><U124/><E124/><V46/><REACH who="2" step="1"/><F61/><REACH who="2" ten="430,180,180,190" step="2"/><W132/><G132/><T102/><D63/><U72/><E72/><V98/><F98/><W47/><G77/><T41/><D96/><U115/><E115/><V111/><F111/><W71/><G85/><T114/><D4/><U128/><E128/><V15/><F15/><W135/><G86/><T27/><D131/><U34/><E34/><RYUUKYOKU ba="1,2" sc="430,-15,180,15,180,15,190,-15" hai1="17,21,24,42,44,49,51,55,82,84,90,105,106" hai2="25,31,33,36,43,46,60,64,69,70,74,78,81" /><INIT seed="1,2,2,0,2,2" ten="415,195,195,175" oya="1" hai0="103,3,76,62,130,105,97,56,131,118,111,57,27" hai1="10,50,7,59,38,110,4,34,15,68,29,82,79" hai2="85,48,6,129,21,39,37,23,35,80,20,99,109" hai3="124,71,112,47,127,135,64,122,126,77,51,63,70"/><U24/><E38/><V115/><F109/><W95/><G77/><T73/><D111/><U22/><E110/><V33/><F129/><N who="0" m="49162" /><D118/><U16/><E68/><V25/><F115/><W46/><G95/><T12/><D3/><U94/><E94/><V42/><F99/><W98/><G98/><T120/><D120/><U30/><E30/><V9/><F39/><W121/><G112/><T119/><D119/><U66/><E34/><V1/><F37/><W26/><G26/><T91/><D91/><U53/><REACH who="1" step="1"/><E66/><REACH who="1" ten="415,185,195,175" step="2"/><V102/><F25/><W11/><G71/><T19/><D27/><U17/><E17/><V28/><F28/><W60/><G121/><T78/><D19/><U65/><E65/><V5/><F35/><W125/><G122/><T133/><D105/><U36/><E36/><V45/><F33/><W83/><G126/><T61/><D133/><U13/><E13/><V88/><F102/><W14/><G135/><T87/><D12/><U86/><AGARI ba="2,3" hai="4,7,10,15,16,22,24,29,50,53,59,79,82,86" machi="86" ten="20,24000,3" yaku="1,1,0,1,7,1,8,1,52,2,54,1,53,1" doraHai="2" doraHaiUra="81" who="1" fromWho="1" sc="415,-82,185,276,195,-82,175,-82" /><INIT seed="1,3,0,4,3,66" ten="333,461,113,93" oya="1" hai0="124,48,101,81,27,69,78,93,47,34,51,72,106" hai1="32,134,71,130,15,105,9,135,133,131,54,42,63" hai2="97,94,49,6,75,37,44,77,102,87,126,98,92" hai3="52,19,91,16,127,26,114,43,13,99,40,60,67"/><U117/><E105/><V1/><F126/><W56/><G114/><T50/><D124/><U14/><E117/><V85/><F37/><W20/><G127/><T38/><D106/><U22/><E32/><V95/><F6/><W89/><G67/><T8/><D8/><U128/><E42/><N who="3" m="15914" /><G99/><T11/><D38/><U68/><E22/><AGARI ba="3,0" hai="13,16,19,20,22,26,52,56,60,89,91" m="15914" machi="22" ten="30,3900,0" yaku="8,1,54,2" doraHai="66" who="3" fromWho="1" sc="333,0,461,-48,113,0,93,48" /><INIT seed="2,0,0,1,3,76" ten="333,413,113,141" oya="2" hai0="79,66,119,117,132,5,65,99,20,57,77,15,101" hai1="55,104,43,1,123,72,82,109,21,40,59,131,87" hai2="135,130,91,62,63,120,25,42,121,61,51,69,17" hai3="88,71,6,127,74,56,44,125,92,58,106,30,4"/><V48/><F25/><W102/><G71/><T98/><D132/><U75/><E109/><V38/><F17/><W49/><G30/><T8/><D98/><U53/><E131/><V81/><F69/><W46/><G102/><T32/><D32/><U108/><E108/><V54/><F135/><W105/><G74/><T122/><D122/><N who="2" m="47210" /><F91/><W90/><REACH who="3" step="1"/><G49/><REACH who="3" ten="333,413,113,131" step="2"/><N who="2" m="19017" /><F130/><W26/><G26/><T37/><D101/><U70/><E75/><V89/><F89/><W112/><G112/><T16/><D117/><U12/><E72/><V83/><F54/><W116/><G116/><T94/><D119/><U36/><E55/><V41/><F38/><W9/><G9/><T114/><D37/><U10/><E53/><V13/><F13/><W3/><G3/><T60/><D114/><U107/><E12/><V67/><F67/><W7/><G7/><T134/><D66/><U47/><E36/><V124/><F124/><W103/><G103/><N who="0" m="60919" /><D134/><U18/><E70/><V2/><F2/><W52/><G52/><T19/><D19/><U95/><E18/><V0/><F0/><W80/><G80/><AGARI ba="0,1" hai="41,42,61,62,63,80,81,83" m="19017,47210" machi="80" ten="40,12000,1" yaku="28,2,52,3" doraHai="76" who="2" fromWho="3" sc="333,0,413,0,113,130,131,-120" /><INIT seed="2,1,0,3,1,48" ten="333,413,243,11" oya="2" hai0="37,13,98,69,7,114,118,16,26,115,68,18,131" hai1="22,27,60,19,52,101,15,103,72,89,90,106,111" hai2="40,91,55,61,85,73,67,88,46,86,0,39,43" hai3="29,33,107,28,14,36,31,81,47,117,50,66,82"/><V119/><F119/><W105/><G117/><T121/><D118/><U2/><E72/><V4/><F73/><W132/><G33/><T78/><D121/><U10/><E2/><V133/><F133/><W45/><G132/><T92/><D37/><U63/><E63/><V64/><F0/><W54/><G66/><N who="2" m="25129" /><F4/><W135/><G135/><T51/><D131/><U30/><E106/><V113/><F39/><W122/><G122/><T130/><D130/><U17/><E111/><V62/><F113/><W12/><G107/><T24/><D78/><U70/><E30/><V123/><F61/><W77/><G105/><T75/><D75/><U80/><E70/><V112/><F112/><W38/><G38/><T108/><D108/><U5/><E5/><V125/><F125/><W56/><G36/><T116/><D116/><U95/><E80/><N who="3" m="30826" /><G77/><T83/><D83/><U3/><E3/><V11/><F11/><W41/><G41/><N who="2" m="15945" /><F123/><W65/><G65/><T128/><D128/><U49/><E60/><V59/><F46/><AGARI ba="1,0" hai="12,14,28,29,31,45,46,47,50,54,56" m="30826" machi="46" ten="30,2000,0" yaku="8,1,52,1" doraHai="48" who="3" fromWho="2" sc="333,0,413,0,243,-23,11,23" /><INIT seed="3,0,0,1,4,17" ten="333,413,220,34" oya="3" hai0="4,59,13,106,29,121,125,8,113,124,31,19,41" hai1="90,16,102,86,75,15,133,119,108,91,39,64,52" hai2="96,97,62,58,53,20,45,21,40,110,30,84,134" hai3="55,127,49,56,109,70,126,72,60,69,100,11,68"/><W9/><G72/><T44/><D106/><U74/><E108/><V101/><F110/><W48/><G109/><T118/><D118/><U35/><E133/><V94/><F134/><W24/><G100/><T34/><D121/><U76/><E35/><V28/><F28/><W47/><G24/><T0/><D113/><U50/><E39/><V82/><F97/><W46/><G9/><T7/><D59/><U116/><E102/><V111/><F30/><W66/><REACH who="3" step="1"/><G11/><REACH who="3" ten="333,413,220,24" step="2"/><T63/><D8/><U105/><E119/><V95/><F111/><W80/><G80/><T88/><D34/><U114/><E116/><V103/><F101/><W79/><G79/><T14/><D29/><U42/><E76/><V1/><F95/><W23/><G23/><T135/><D31/><U112/><E105/><V78/><F1/><W26/><G26/><T130/><D0/><U107/><E107/><V3/><F3/><W43/><AGARI ba="0,1" hai="43,46,47,48,49,55,56,60,66,68,69,70,126,127" machi="43" ten="40,12000,1" yaku="1,1,0,1,34,3,53,0" doraHai="17" doraHaiUra="6" who="3" fromWho="3" sc="333,-40,413,-40,220,-40,24,130" /><INIT seed="3,1,0,0,3,83" ten="293,373,180,154" oya="3" hai0="72,49,33,123,76,82,124,30,38,109,108,73,44" hai1="100,15,43,129,77,125,55,21,103,81,16,9,79" hai2="40,46,34,117,51,37,96,20,41,87,4,101,1" hai3="114,19,134,24,133,11,105,65,57,131,115,7,63"/><W71/><G105/><T102/><D123/><U92/><E129/><V36/><F34/><W12/><G71/><T6/><D38/><U78/><E125/><V112/><F112/><W25/><G131/><T94/><D6/><U23/><E43/><V29/><F117/><W58/><G58/><T111/><D124/><U120/><E120/><V26/><F1/><W45/><G45/><T90/><D102/><N who="1" m="38955" /><E92/><V35/><F4/><W61/><G61/><T50/><D72/><U67/><E81/><V86/><F35/><W128/><G128/><T2/><D2/><U42/><E42/><V31/><F31/><W8/><G25/><N who="0" m="18639" /><D44/><U80/><E80/><V88/><F41/><W39/><G39/><T14/><D14/><U22/><E55/><V64/><F64/><AGARI ba="1,0" hai="9,15,16,21,22,23,64,67,77,78,79" m="38955" machi="64" ten="40,2600,0" yaku="8,1,54,1" doraHai="83" who="1" fromWho="2" sc="293,0,373,29,180,-29,154,0" /><INIT seed="4,0,0,0,1,2" ten="293,402,151,154" oya="0" hai0="122,6,116,109,20,25,38,76,19,54,4,59,42" hai1="97,17,3,14,23,98,99,5,16,129,124,120,61" hai2="100,83,45,128,27,22,87,26,29,80,121,111,134" hai3="133,48,79,53,32,70,39,9,82,43,123,40,102"/><T18/><D116/><U132/><E120/><V91/><F111/><W66/><G32/><T73/><D122/><U56/><E129/><V28/><F121/><W105/><G123/><T119/><D119/><U103/><E132/><V62/><F128/><W107/><G133/><T117/><D117/><U21/><E124/><V10/><F134/><W84/><G102/><T51/><D109/><U37/><E37/><V77/><F100/><W58/><G40/><T94/><D73/><U113/><E113/><V24/><F45/><N who="3" m="23807" /><G9/><T15/><D76/><U60/><E56/><V11/><F62/><AGARI ba="0,0" hai="48,53,58,62,66,70,79,82,84,105,107" m="23807" machi="62" ten="30,1000,0" yaku="24,1" doraHai="2" who="3" fromWho="2" sc="293,0,402,0,151,-10,154,10" /><INIT seed="5,0,0,2,4,30" ten="293,402,141,164" oya="1" hai0="48,84,57,130,82,40,115,96,67,59,79,81,61" hai1="32,29,9,74,75,93,100,43,26,107,19,17,5" hai2="45,15,54,22,87,70,72,13,111,10,55,108,125" hai3="101,28,118,63,56,80,18,0,2,69,66,51,3"/><U95/><E107/><V76/><F72/><W119/><G101/><T42/><D115/><U44/><E95/><V109/><F70/><W34/><G18/><T129/><D96/><U27/><E19/><V24/><F125/><W36/><G36/><T58/><D82/><U41/><E41/><V127/><F127/><W110/><G110/><T86/><D86/><U106/><E17/><V103/><F103/><W33/><G80/><T124/><D124/><U102/><E27/><V12/><F10/><W65/><G28/><T1/><D1/><N who="1" m="175" /><E93/><V113/><F113/><W85/><G85/><T78/><D78/><U37/><E102/><V71/><F71/><W52/><REACH who="3" step="1"/><G65/><REACH who="3" ten="293,402,141,154" step="2"/><T60/><D67/><U91/><E91/><V4/><F87/><W94/><G94/><T46/><D84/><U49/><E37/><V83/><F83/><W135/><G135/><T11/><D81/><U38/><E38/><V122/><F76/><W64/><G64/><T53/><D79/><U35/><E100/><V25/><F4/><W7/><G7/><T97/><D97/><U50/><E29/><V133/><F133/><W121/><G121/><T31/><D31/><U77/><E77/><V23/><F122/><W6/><G6/><T68/><D11/><U105/><E75/><V126/><F126/><W120/><G120/><T131/><D68/><U99/><E74/><V21/><REACH who="2" step="1"/><F45/><REACH who="2" ten="293,402,131,154" step="2"/><W134/><G134/><T73/><D73/><U92/><E44/><V112/><F112/><W116/><AGARI ba="0,2" hai="0,2,3,33,34,51,52,56,63,66,69,116,118,119" machi="116" ten="40,12000,2" yaku="1,1,0,1,12,1,52,2,54,1,53,0" doraHai="30" doraHaiUra="132" who="3" fromWho="3" sc="293,-30,402,-60,131,-30,154,140" /><INIT seed="6,0,0,0,1,98" ten="263,342,101,294" oya="2" hai0="38,59,130,94,111,26,106,42,5,23,12,108,47" hai1="30,92,105,117,45,27,114,25,55,97,74,132,123" hai2="109,60,66,93,64,48,28,29,95,91,112,90,10" hai3="73,83,134,14,96,71,85,67,103,78,51,80,53"/><V110/><F10/><W37/><G37/><T3/><D106/><U15/><E117/><V40/><F48/><W19/><G134/><T75/><D75/><U56/><E105/><V81/><F81/><W89/><G67/><T76/><D3/><U125/><E125/><V101/><F40/><W0/><G71/><T86/><D130/><U34/><E114/><V4/><F4/><W1/><G19/><T50/><D5/><U107/><E107/><V11/><F11/><W6/><G14/><T131/><D131/><U135/><E45/><V39/><F39/><W118/><G118/><T121/><D12/><U32/><E123/><V87/><F87/><W17/><G17/><T79/><D121/><U58/><E74/><V52/><F60/><W46/><G6/><T54/><D79/><U41/><E41/><V22/><F22/><W119/><G119/><T113/><D113/><U21/><E27/><V127/><F52/><W133/><G133/><N who="1" m="51274" /><E56/><V2/><F2/><W18/><G18/><T99/><D76/><U77/><E77/><V62/><F62/><W35/><G35/><T33/><D33/><U49/><E15/><V69/><F69/><W70/><G70/><T8/><D8/><U36/><E36/><V9/><F9/><W120/><G120/><T84/><D84/><U82/><E82/><V31/><F112/><W128/><G128/><T65/><D86/><U63/><E63/><V43/><F43/><W122/><G122/><T20/><D42/><U13/><E13/><V102/><F29/><W115/><G115/><T61/><D61/><U24/><E24/><RYUUKYOKU ba="0,0" sc="263,-30,342,10,101,10,294,10" hai1="21,25,30,32,34,49,55,58,92,97" hai2="28,31,64,66,90,91,93,95,101,102,109,110,127" hai3="0,1,46,51,53,73,78,80,83,85,89,96,103" /><INIT seed="6,1,0,1,4,70" ten="233,352,111,304" oya="2" hai0="15,30,116,122,20,85,72,17,96,113,21,2,54" hai1="6,83,86,119,43,40,118,22,36,63,50,35,133" hai2="95,10,126,49,33,104,5,84,134,12,9,16,79" hai3="38,62,23,45,128,47,90,127,59,24,130,112,87"/><V80/><F104/><W123/><G123/><T46/><D122/><U14/><E35/><V115/><F33/><W105/><G105/><T120/><D120/><U91/><E36/><V125/><F115/><W61/><G127/><N who="2" m="48649" /><F134/><W98/><G98/><T132/><D72/><U99/><E133/><V111/><F111/><W74/><G74/><T82/><D2/><U109/><E109/><V11/><F95/><W73/><G73/><T117/><D96/><U131/><E131/><N who="3" m="50218" /><G112/><T100/><D100/><U32/><E32/><V7/><F49/><W68/><G68/><T65/><D65/><U101/><E50/><V103/><F103/><W41/><G59/><T31/><D113/><U3/><E101/><V34/><F34/><W92/><G47/><T110/><D110/><U27/><E99/><V89/><F79/><W48/><G48/><T26/><D132/><U18/><E63/><V129/><F129/><W19/><AGARI ba="1,0" hai="19,23,24,38,41,45,61,62,87,90,92" m="50218" machi="19" ten="30,2000,0" yaku="19,1,52,1" doraHai="70" who="3" fromWho="3" sc="233,-6,352,-6,111,-11,304,23" /><INIT seed="7,0,0,5,1,71" ten="227,346,100,327" oya="3" hai0="130,64,40,33,91,89,124,6,0,52,82,69,84" hai1="43,48,126,20,107,80,101,41,59,125,25,118,18" hai2="119,93,83,78,127,3,35,105,57,28,17,111,46" hai3="86,24,67,27,61,129,55,73,22,34,88,5,123"/><W4/><G73/><T79/><D33/><U11/><E118/><V12/><F93/><W77/><G77/><T16/><D130/><U53/><E80/><V90/><F90/><W30/><G129/><T7/><D124/><N who="1" m="47723" /><E11/><V131/><F83/><W102/><G55/><T26/><D40/><U39/><E39/><V75/><F57/><W76/><G102/><T120/><D120/><U116/><E116/><V15/><F46/><W133/><G133/><T106/><D106/><U9/><E9/><V37/><F78/><W36/><G36/><T38/><D38/><U58/><E58/><V108/><F17/><W117/><G123/><T87/><D64/><U62/><E62/><V63/><F28/><W132/><G132/><T50/><D69/><U2/><E2/><V54/><F15/><W32/><G117/><T72/><D0/><U128/><E128/><V65/><F12/><W19/><G34/><T23/><D72/><U1/><E1/><V121/><F54/><W103/><G103/><T81/><D79/><U74/><E74/><V31/><F31/><W45/><G45/><AGARI ba="0,0" hai="6,7,16,23,26,45,50,52,81,82,84,87,89,91" machi="45" ten="30,8000,1" yaku="7,1,9,1,8,1,54,2" doraHai="71" who="0" fromWho="3" sc="227,80,346,0,100,0,327,-80" owari="307,10.7,346,44.6,100,-40.0,247,-15.3" /></mjloggm>