<mjloggm ver="2.3"><GO type="169" lobby="0"/><UN n0="%E3%83%A8%E3%83%BC%E3%83%BB%E3%83%9E%E3%82%A4%E3%82%AB" n1="%E3%81%86%E3%81%91%E3%81%AA%E3%81%8C%E3%81%97%E3%81%BE%E3%81%9B%E3%82%93" n2="%E3%81%9B%E3%81%A9%E3%81%AA%E3%82%8A%E3%81%82%E3%82%93" n3="%41%63%75%6E%61%4A%72" dan="17,17,17,17" rate="2204.21,2258.21,2196.73,2257.15" sx="M,F,F,M"/><TAIKYOKU oya="0"/><INIT seed="0,0,0,5,5,89" ten="250,250,250,250" oya="0" hai0="61,24,70,125,115,65,64,109,19,34,1,127,56" hai1="32,116,92,90,31,73,2,10,17,47,78,22,55" hai2="123,94,122,27,130,60,67,74,103,0,128,54,112" hai3="28,107,5,71,97,68,93,88,9,87,38,49,81"/><T85/><D1/><U8/><E116/><V119/><F0/><W95/><G38/><T66/><D34/><U36/><E73/><V4/><F4/><W50/><G28/><T26/><D19/><U23/><E78/><V75/><F54/><W108/><G108/><T86/><D115/><U91/><E32/><V98/><F27/><N who="0" m="10282" /><D70/><U69/><E69/><V117/><F60/><W35/><G35/><T7/><D7/><U16/><E36/><V44/><F44/><W52/><G107/><T100/><D100/><U42/><E2/><V80/><F67/><N who="0" m="25674" /><D109/><U105/><E105/><V96/><F112/><W102/><G81/><T6/><D6/><U83/><E31/><V84/><F74/><W120/><G120/><N who="2" m="46121" /><F75/><W57/><REACH who="3" step="1"/><G50/><REACH who="3" ten="250,250,250,240" step="2"/><T29/><D29/><U39/><E39/><V20/><F119/><W15/><AGARI ba="0,1" hai="5,9,15,49,52,57,68,71,87,88,93,95,97,102" machi="15" ten="20,16000,3" yaku="1,1,2,1,0,1,7,1,52,2,54,2,53,0" doraHai="89" doraHaiUra="104" who="3" fromWho="3" sc="250,-80,250,-40,250,-40,240,170" /><INIT seed="1,0,0,4,5,124" ten="170,210,210,410" oya="1" hai0="88,55,107,78,126,33,43,74,53,85,72,94,65" hai1="95,45,135,106,130,84,52,41,75,104,36,89,128" hai2="82,76,134,77,123,35,80,120,60,87,122,42,131" hai3="97,92,116,4,66,71,14,50,103,109,30,112,8"/><U68/><E135/><V38/><F35/><W111/><G112/><T24/><D107/><U5/><E68/><V67/><F134/><W20/><G116/><T1/><D126/><U73/><E5/><V48/><F38/><W69/><G50/><T70/><D43/><U90/><E52/><V125/><F125/><W105/><G105/><N who="1" m="40554" /><E90/><V6/><F6/><W0/><G66/><T32/><D1/><U22/><E22/><V81/><F48/><W64/><G64/><T91/><D65/><U28/><E28/><V127/><F42/><W18/><G30/><T31/><D31/><U12/><E12/><V93/><F127/><W9/><G20/><T86/><D78/><N who="2" m="30314" /><F60/><W27/><G27/><T58/><D70/><U129/><AGARI ba="0,0" hai="36,41,45,73,75,84,89,95,128,129,130" m="40554" machi="129" ten="40,12000,1" yaku="19,1,52,3" doraHai="124" who="1" fromWho="1" sc="170,-40,210,120,210,-40,410,-40" /><INIT seed="1,1,0,4,0,110" ten="130,330,170,370" oya="1" hai0="27,42,12,64,95,87,54,56,80,105,29,126,71" hai1="11,106,43,119,135,32,104,19,5,100,132,66,60" hai2="50,85,129,44,97,131,40,4,21,91,68,75,134" hai3="103,22,128,31,59,111,65,36,122,10,20,34,18"/><U70/><E119/><V118/><F118/><W0/><G122/><T78/><D126/><U94/><E19/><V9/><F75/><W1/><G36/><T28/><D105/><U109/><E109/><V35/><F35/><W63/><G111/><T51/><D42/><U58/><E58/><V55/><F68/><W72/><G72/><T3/><D3/><U121/><E121/><V79/><F134/><W124/><G124/><T47/><D71/><U7/><E7/><V17/><F97/><W127/><G127/><T33/><D28/><U125/><E125/><V89/><F55/><W39/><G39/><T23/><D33/><U112/><E94/><V113/><F79/><W57/><G34/><T81/><D12/><U69/><E43/><V45/><F45/><W130/><G103/><T82/><REACH who="0" step="1"/><D95/><REACH who="0" ten="120,330,170,370" step="2"/><U15/><E70/><V92/><F92/><W96/><G31/><T114/><D114/><U26/><E112/><V98/><F113/><W120/><G120/><T101/><D101/><U14/><E14/><V74/><F40/><W93/><G1/><T41/><D41/><U25/><E106/><V52/><F129/><N who="3" m="49771" /><G0/><T37/><D37/><U86/><E32/><V2/><F131/><W73/><G96/><T83/><D83/><U38/><E38/><V61/><F98/><W76/><G93/><T6/><D6/><U99/><E135/><V46/><F4/><W133/><G133/><T8/><D8/><U77/><E132/><V24/><F9/><W53/><G10/><T84/><D84/><U102/><E100/><V30/><F2/><W16/><G73/><RYUUKYOKU ba="1,1" sc="120,15,330,15,170,-15,370,-15" hai0="23,27,29,47,51,54,56,64,78,80,81,82,87" hai1="5,11,15,25,26,60,66,69,77,86,99,102,104" /><INIT seed="1,2,1,2,2,31" ten="135,345,155,355" oya="1" hai0="79,4,2,5,77,0,44,30,95,18,98,67,126" hai1="62,26,17,38,33,59,21,116,10,107,45,63,34" hai2="40,64,61,15,133,118,36,50,86,41,24,16,3" hai3="48,96,84,94,58,93,13,123,35,68,75,71,27"/><U46/><E116/><V135/><F118/><W101/><G75/><T99/><D30/><U130/><E107/><V82/><F3/><W80/><G123/><T114/><D95/><U113/><E113/><V78/><F36/><W104/><G35/><T55/><D67/><U103/><E103/><V20/><F24/><W100/><G27/><T60/><D60/><U7/><E63/><V125/><F125/><W56/><G13/><T124/><D55/><U115/><E115/><V22/><F22/><W85/><G48/><T43/><D114/><U97/><E97/><V73/><F73/><W66/><G80/><T12/><D12/><U51/><E38/><V120/><F120/><W37/><G37/><T70/><D70/><U19/><E19/><V72/><F72/><W105/><REACH who="3" step="1"/><G96/><REACH who="3" ten="135,345,155,345" step="2"/><T65/><D18/><U111/><E130/><V76/><F50/><W134/><G134/><N who="2" m="51209" /><F78/><W25/><G25/><T28/><D28/><U106/><E111/><V11/><F20/><W49/><G49/><T112/><D112/><U119/><E119/><V122/><F122/><W69/><G69/><AGARI ba="2,2" hai="11,15,16,40,41,61,64,69,76,82,86" m="51209" machi="69" ten="30,2000,0" yaku="20,1,54,1" doraHai="31" who="2" fromWho="3" sc="135,0,345,0,155,46,345,-26" /><INIT seed="2,0,0,1,1,120" ten="135,345,201,319" oya="2" hai0="94,98,23,66,111,9,93,41,34,65,99,32,91" hai1="112,0,29,42,52,125,119,54,72,82,123,105,122" hai2="130,11,106,57,114,20,69,16,4,21,50,109,15" hai3="78,35,70,17,18,131,90,118,107,5,97,132,83"/><V49/><F69/><W104/><G118/><T74/><D74/><U45/><E105/><V121/><F114/><W89/><G35/><T101/><D41/><U19/><E119/><V38/><F121/><N who="1" m="46089" /><E112/><V47/><F106/><W33/><G33/><T87/><D32/><U7/><E19/><V43/><F130/><W53/><G131/><T1/><D34/><U77/><E29/><V37/><F21/><W48/><G70/><T31/><D1/><U58/><E58/><V117/><F117/><W127/><G5/><T10/><D66/><U88/><E88/><V110/><F50/><W67/><G67/><T64/><D65/><U115/><E125/><V36/><REACH who="2" step="1"/><F57/><REACH who="2" ten="135,345,191,319" step="2"/><W79/><G107/><T27/><D99/><U102/><E115/><V46/><F46/><W124/><G104/><T28/><D31/><U12/><E45/><V55/><F55/><W60/><G97/><T30/><D28/><U71/><E71/><V96/><F96/><W108/><G48/><T39/><D39/><U116/><E42/><V13/><AGARI ba="0,1" hai="4,11,13,15,16,20,36,37,38,43,47,49,109,110" machi="13" ten="40,24000,3" yaku="1,1,0,1,52,2,54,1,53,3" doraHai="120" doraHaiUra="68" who="2" fromWho="2" sc="135,-80,345,-80,191,250,319,-80" /><INIT seed="2,1,0,5,1,79" ten="55,265,441,239" oya="2" hai0="127,74,76,85,63,20,72,53,58,8,104,34,50" hai1="110,29,71,121,49,16,30,86,22,52,44,131,102" hai2="120,60,21,112,42,23,19,81,97,67,43,1,66" hai3="36,105,89,59,17,46,24,111,15,98,64,7,100"/><V125/><F112/><W134/><G111/><T82/><D127/><U45/><E110/><V116/><F116/><W78/><G134/><T80/><D34/><U12/><E71/><V38/><F120/><W106/><G7/><T27/><D104/><U70/><E70/><V109/><F109/><W33/><G105/><T95/><D8/><U118/><E118/><V0/><F125/><W35/><G24/><T124/><D124/><U115/><E115/><V55/><F97/><W122/><G122/><T54/><D95/><U41/><E121/><V117/><F117/><W75/><G89/><T114/><D114/><U83/><E102/><V68/><F66/><W77/><G77/><T28/><REACH who="0" step="1"/><D80/><REACH who="0" ten="45,265,441,239" step="2"/><U48/><REACH who="1" step="1"/><E131/><REACH who="1" ten="45,255,441,239" step="2"/><V99/><F68/><W13/><G35/><T10/><D10/><U32/><E32/><V51/><F23/><W25/><G33/><T94/><D94/><U123/><E123/><V132/><F21/><W101/><G106/><T2/><D2/><U135/><E135/><V119/><F0/><W107/><G107/><T4/><D4/><U130/><E130/><V40/><F1/><W11/><G11/><T126/><D126/><U37/><E37/><V69/><F38/><W3/><G3/><T18/><D18/><U103/><E103/><V129/><F132/><W128/><G128/><T87/><D87/><U73/><E73/><V61/><F129/><W31/><G17/><T9/><D9/><U65/><E65/><V26/><F119/><W47/><G64/><T56/><AGARI ba="1,2" hai="20,27,28,50,53,54,56,58,63,72,74,76,82,85" machi="56" ten="20,5200,0" yaku="1,1,0,1,7,1,52,1,53,0" doraHai="79" doraHaiUra="113" who="0" fromWho="0" sc="45,75,255,-14,441,-27,239,-14" /><INIT seed="3,0,0,0,3,135" ten="120,241,414,225" oya="3" hai0="124,89,31,6,122,68,58,41,75,113,48,83,59" hai1="105,40,26,107,115,25,3,35,8,51,110,108,123" hai2="73,49,70,78,92,98,117,77,5,95,19,18,56" hai3="36,29,66,97,0,103,27,79,80,109,9,20,125"/><W24/><G109/><T4/><D31/><U62/><E115/><V112/><F112/><W52/><G36/><T88/><D113/><U61/><E8/><V87/><F73/><W94/><G66/><T126/><D68/><U119/><E51/><V39/><F70/><W120/><G120/><T121/><D75/><U44/><E44/><V84/><F5/><W33/><G125/><T42/><D83/><U114/><E114/><V21/><F117/><W133/><G133/><T34/><D48/><U134/><E134/><V53/><F18/><W129/><G129/><T65/><D65/><U93/><E93/><V12/><F39/><W106/><G106/><T64/><D64/><U102/><E102/><V28/><F28/><W45/><G9/><T111/><D34/><U47/><E47/><V128/><F128/><W74/><G0/><T16/><D16/><U104/><E104/><V60/><F60/><W131/><G131/><T63/><D63/><U50/><E50/><V15/><F15/><W22/><G27/><T130/><D130/><U13/><E13/><V7/><F7/><W11/><G11/><T55/><D55/><U90/><E3/><V96/><F96/><W99/><G99/><T100/><D100/><U23/><E123/><V30/><F30/><W67/><G67/><T101/><D101/><U54/><E119/><V116/><F116/><W86/><G74/><T118/><D118/><U14/><E110/><AGARI ba="0,0" hai="4,6,41,42,58,59,88,89,110,111,121,122,124,126" machi="110" ten="25,8000,1" yaku="22,2,52,2,54,1" doraHai="135" who="0" fromWho="1" sc="120,80,241,-80,414,0,225,0" /><INIT seed="4,0,0,3,0,123" ten="200,161,414,225" oya="0" hai0="51,94,21,118,49,24,68,79,116,26,105,18,29" hai1="12,111,11,9,59,66,132,39,45,124,90,46,48" hai2="127,10,62,19,92,100,40,84,117,58,73,76,20" hai3="63,78,98,80,17,87,7,103,133,44,108,81,33"/><T53/><D105/><U114/><E39/><V128/><F40/><W95/><G33/><T130/><D130/><U88/><E124/><V42/><F42/><W93/><G133/><T77/><D68/><U107/><E107/><V85/><F127/><W36/><G7/><T31/><D94/><U106/><E106/><V27/><F128/><W131/><G131/><T129/><D129/><U86/><E111/><V71/><F71/><W60/><G108/><T52/><REACH who="0" step="1"/><D21/><REACH who="0" ten="190,161,414,225" step="2"/><U0/><E132/><V120/><F92/><W22/><G95/><T115/><D115/><U104/><E114/><V30/><F20/><W64/><G81/><T13/><D13/><U91/><E104/><V96/><F120/><W126/><G126/><T69/><D69/><U112/><E112/><V67/><F117/><W35/><G35/><T89/><D89/><U14/><E0/><V61/><F100/><W101/><G101/><T65/><D65/><U54/><E66/><V119/><F67/><W56/><G64/><T25/><D25/><U83/><E14/><V122/><F27/><W125/><G125/><T82/><D82/><U134/><E134/><V55/><F119/><W3/><G3/><T41/><D41/><U43/><E43/><V23/><F122/><W1/><G1/><T113/><D113/><U6/><E11/><V57/><F10/><W109/><G93/><T72/><D72/><U50/><REACH who="1" step="1"/><E50/><REACH who="1" ten="190,151,414,225" step="2"/><V2/><F2/><W16/><G36/><T97/><D97/><U32/><E32/><V99/><F96/><W28/><G98/><T110/><D110/><U15/><E15/><RYUUKYOKU ba="0,2" sc="190,15,151,15,414,-15,225,-15" hai0="18,24,26,29,31,49,51,52,53,77,79,116,118" hai1="6,9,12,45,46,48,54,59,83,86,88,90,91" /><INIT seed="4,1,2,0,3,2" ten="205,166,399,210" oya="0" hai0="76,112,39,16,24,9,75,94,91,103,119,41,124" hai1="116,82,111,79,37,126,107,73,89,128,34,4,64" hai2="121,104,87,70,40,26,77,114,50,67,96,28,72" hai3="31,133,47,59,19,84,71,20,125,30,93,127,22"/><T102/><D119/><U83/><E116/><V113/><F121/><W48/><G71/><T0/><D112/><U105/><E34/><N who="2" m="20759" /><F72/><W49/><G133/><T101/><D124/><N who="3" m="47689" /><G59/><T122/><D122/><U10/><E126/><V92/><F40/><N who="3" m="24679" /><G49/><T29/><D16/><U7/><E111/><V97/><F50/><W131/><G131/><T3/><D9/><U17/><E37/><V106/><F87/><W5/><G5/><T25/><D76/><U117/><E117/><V129/><F77/><W58/><G58/><T69/><D69/><U132/><E64/><V35/><F35/><W86/><G22/><T8/><D75/><U135/><E105/><V42/><F42/><W52/><G52/><T120/><D120/><U38/><E107/><V36/><F36/><W90/><G86/><T81/><D81/><U98/><E38/><V65/><F106/><W66/><G66/><T108/><D108/><U44/><E44/><V56/><F56/><W23/><G23/><T134/><D134/><N who="1" m="51243" /><E128/><V80/><F80/><W57/><G57/><T78/><D39/><U99/><E99/><V46/><F129/><W130/><G130/><T45/><D45/><U21/><E10/><V63/><F67/><W123/><G123/><T85/><D8/><U95/><E83/><V32/><F46/><W115/><G115/><T55/><D41/><U60/><E60/><V53/><F53/><W74/><G74/><T88/><D55/><U6/><E6/><V100/><F32/><W18/><G18/><T33/><D33/><U12/><AGARI ba="1,2" hai="4,7,12,17,21,73,79,82,89,95,98" m="51243" machi="12" ten="30,4000,0" yaku="20,1,52,2" doraHai="2" who="1" fromWho="1" sc="205,-21,166,63,399,-11,210,-11" /><INIT seed="5,0,0,2,0,9" ten="184,229,388,199" oya="1" hai0="93,65,88,86,36,78,118,126,50,20,44,39,45" hai1="133,125,42,127,2,104,75,98,25,66,27,131,41" hai2="29,100,97,51,73,106,43,23,101,82,92,79,53" hai3="85,8,33,52,15,60,59,12,67,80,103,95,94"/><U110/><E75/><V76/><F43/><W134/><G33/><T26/><D118/><U18/><E2/><V116/><F116/><W121/><G121/><T11/><D126/><U108/><E66/><V105/><F76/><W48/><G134/><T62/><D11/><U81/><E81/><V40/><F40/><W35/><G35/><T37/><D78/><U71/><E71/><V77/><F77/><N who="3" m="46223" /><G103/><T129/><D129/><U117/><E117/><V31/><F23/><W34/><G34/><T61/><D50/><U123/><E98/><V30/><REACH who="2" step="1"/><F100/><REACH who="2" ten="184,229,378,199" step="2"/><W28/><G28/><T70/><REACH who="0" step="1"/><D61/><REACH who="0" ten="174,229,378,199" step="2"/><U128/><E127/><V7/><F7/><W115/><G8/><T107/><D107/><U3/><E104/><V56/><AGARI ba="0,2" hai="29,30,31,51,53,56,73,79,82,92,97,101,105,106" machi="56" ten="30,2000,0" yaku="1,1,0,1,53,0" doraHai="9" doraHaiUra="4" who="2" fromWho="2" sc="174,-5,229,-10,378,40,199,-5" /><INIT seed="6,0,0,5,5,1" ten="169,219,418,194" oya="2" hai0="71,109,102,37,56,108,36,77,130,55,65,114,82" hai1="92,60,88,107,124,125,112,38,66,93,100,127,113" hai2="94,51,128,3,59,0,91,11,52,58,31,97,87" hai3="26,122,110,105,20,98,80,9,16,73,126,133,45"/><V12/><F128/><W81/><G122/><T106/><D130/><U64/><E38/><N who="0" m="14953" /><D55/><U62/><E100/><V19/><F31/><W57/><G110/><N who="0" m="42603" /><D56/><U32/><E32/><V74/><F74/><W116/><G73/><T46/><D46/><U18/><E18/><V115/><F115/><N who="1" m="44105" /><E107/><V42/><F42/><W53/><G45/><T86/><D102/><U40/><E40/><V83/><REACH who="2" step="1"/><F58/><REACH who="2" ten="169,219,408,194" step="2"/><W120/><G57/><T28/><D114/><U6/><E125/><V78/><AGARI ba="0,1" hai="0,3,11,12,19,51,52,59,78,83,87,91,94,97" machi="78" ten="20,18000,2" yaku="1,1,2,1,0,1,7,1,54,1,53,1" doraHai="1" doraHaiUra="4" who="2" fromWho="2" sc="169,-60,219,-60,408,190,194,-60" /><INIT seed="6,1,0,1,3,55" ten="109,159,598,134" oya="2" hai0="70,63,51,122,30,65,92,79,113,60,0,35,87" hai1="31,17,84,18,22,42,67,102,45,112,100,114,41" hai2="64,61,126,3,9,66,134,27,127,90,53,50,39" hai3="91,106,132,110,99,43,24,52,111,75,98,107,74"/><V11/><F39/><W85/><G43/><T19/><D122/><U115/><E42/><V109/><F27/><W80/><G24/><T86/><D113/><U124/><E124/><N who="2" m="47659" /><F90/><W125/><G52/><T34/><D0/><U14/><E31/><V129/><F129/><W78/><G125/><T49/><D30/><U76/><E18/><V7/><F134/><W68/><G68/><T25/><D25/><U81/><REACH who="1" step="1"/><E67/><REACH who="1" ten="109,149,598,134" step="2"/><V13/><F64/><W20/><G111/><T96/><D65/><U83/><E83/><V44/><F109/><W29/><G110/><T108/><D108/><U105/><E105/><V36/><F66/><W120/><G107/><T88/><D19/><U26/><E26/><V95/><F36/><AGARI ba="1,1" hai="14,17,22,36,41,45,76,81,84,100,102,112,114,115" machi="36" ten="40,2600,0" yaku="1,1,15,1,53,0" doraHai="55" doraHaiUra="133" who="1" fromWho="2" sc="109,0,149,39,598,-29,134,0" /><INIT seed="7,0,0,1,2,35" ten="109,188,569,134" oya="3" hai0="47,39,65,114,43,92,12,102,113,60,28,21,70" hai1="54,111,131,77,13,90,14,69,62,53,2,87,34" hai2="78,93,66,41,24,23,115,135,26,94,130,132,16" hai3="9,100,106,56,88,51,91,118,107,40,1,68,37"/><W105/><G118/><T45/><D45/><U133/><E34/><V5/><F115/><N who="0" m="44042" /><D28/><U108/><E77/><V33/><F130/><W123/><G123/><T3/><D21/><U116/><E131/><V58/><F5/><W64/><G100/><T120/><D120/><U129/><E87/><V15/><F41/><W80/><G37/><T75/><D75/><U97/><E97/><V27/><F78/><W50/><G40/><T29/><D29/><U67/><E90/><V44/><F44/><W38/><G38/><T10/><D92/><U121/><E116/><V59/><F33/><W31/><G31/><T36/><D102/><U46/><E46/><V122/><F122/><W126/><G126/><T109/><D109/><U25/><E129/><V112/><F112/><W128/><G128/><T84/><D84/><U48/><E111/><V127/><F127/><W61/><G80/><T4/><D36/><U89/><E121/><V7/><F7/><W125/><G125/><T117/><D117/><U101/><E101/><V22/><F22/><W49/><REACH who="3" step="1"/><G56/><REACH who="3" ten="109,188,569,124" step="2"/><T96/><D96/><U20/><E108/><V134/><F58/><W110/><G110/><T18/><D18/><U119/><E119/><V76/><F59/><W71/><G71/><T17/><D17/><U52/><E69/><V6/><F16/><W82/><G82/><T32/><D32/><U72/><E72/><V63/><F134/><W42/><G42/><T86/><D86/><U99/><E133/><V79/><F132/><W98/><G98/><T8/><D8/><U57/><E99/><V103/><F135/><RYUUKYOKU ba="0,1" sc="109,15,188,-15,569,-15,124,15" hai0="3,4,10,12,39,43,47,60,65,70" hai3="1,9,49,50,51,61,64,68,88,91,105,106,107" /><INIT seed="7,1,1,1,1,81" ten="124,173,554,139" oya="3" hai0="113,72,105,83,129,53,55,66,23,120,112,63,64" hai1="93,7,109,126,41,70,79,24,65,84,25,134,5" hai2="127,95,91,133,77,56,59,103,44,78,101,75,85" hai3="3,27,15,37,114,12,16,107,130,116,28,45,46"/><W32/><G116/><T117/><D120/><U102/><E109/><V38/><F75/><W76/><G107/><T99/><D117/><U96/><E126/><V22/><F127/><W124/><G124/><T18/><D129/><U106/><E134/><V48/><F38/><W97/><G130/><T2/><D2/><U49/><E70/><V92/><F133/><W90/><G3/><T58/><D55/><U33/><E65/><V68/><F68/><W123/><G76/><N who="2" m="29289" /><F22/><N who="3" m="13767" /><G32/><T118/><D83/><N who="1" m="47231" /><E106/><V13/><F13/><N who="3" m="5195" /><G28/><T74/><D118/><U61/><E61/><V122/><F122/><W34/><G34/><T9/><D9/><U19/><E33/><V82/><F82/><W29/><G29/><T125/><D125/><U98/><E98/><N who="2" m="59591" /><F103/><W51/><G37/><T88/><D74/><U119/><E119/><V14/><F14/><W52/><G123/><T36/><D36/><U71/><E71/><V17/><F17/><W115/><G115/><N who="0" m="44107" /><D72/><U100/><E25/><V11/><F11/><W87/><G97/><T69/><D69/><U104/><E24/><V47/><F47/><N who="3" m="27775" /><G114/><T80/><D105/><U20/><E104/><V60/><F60/><W50/><G50/><T108/><D99/><U0/><E0/><V110/><F110/><W132/><G132/><T35/><D35/><U73/><E73/><V8/><F8/><W21/><G21/><T57/><D108/><U43/><E102/><V10/><F10/><W31/><G31/><T128/><D128/><U62/><E20/><V54/><AGARI ba="1,1" hai="44,48,54,56,59,85,91,95" m="59591,29289" machi="54" ten="30,2000,0" yaku="8,1,52,1" doraHai="81" who="2" fromWho="2" sc="124,-6,173,-6,554,33,139,-11" owari="118,-38.2,167,-3.3,587,68.7,128,-27.2" /></mjloggm>