<mjloggm ver="2.3"><GO type="225" lobby="0"/><UN n0="%2D%E8%B1%8A%E5%8F%A3%E3%82%81%E3%81%90%E3%81%BF%2D" n1="%E3%81%AF%E3%82%88%E3%81%8A%E3%81%98%E3%81%95%E3%82%93" n2="%E3%81%82%E3%81%84%E3%81%82%E3%81%8A%E3%81%84" n3="%E5%91%A8%E6%9D%B1" dan="17,16,18,16" rate="2209.57,2209.37,2194.84,2182.34" sx="F,M,M,M"/><TAIKYOKU oya="0"/><INIT seed="0,0,0,1,0,116" ten="250,250,250,250" oya="0" hai0="55,97,45,125,113,135,46,91,102,57,121,40,26" hai1="2,118,81,112,21,65,76,100,9,32,23,15,68" hai2="50,22,114,75,131,101,106,115,10,43,25,132,89" hai3="4,93,14,18,134,108,90,130,103,29,126,72,66"/><T58/><D113/><U31/><E118/><V94/><F75/><W82/><G126/><T17/><D125/><U62/><E112/><V6/><F132/><W117/><G117/><T34/><D135/><U1/><E32/><V59/><F131/><W71/><G134/><T69/><D69/><U16/><E100/><V133/><F133/><W3/><G103/><T13/><D91/><U120/><E120/><V20/><F20/><W88/><G29/><T35/><D121/><U111/><E111/><V49/><F106/><W129/><G108/><T86/><D86/><U61/><E62/><V42/><F101/><W80/><G4/><T0/><D0/><U123/><E123/><V7/><F114/><W60/><G3/><T110/><D110/><U109/><E23/><V122/><F122/><W96/><G90/><T64/><D64/><U104/><E104/><V67/><F67/><W52/><G52/><T127/><D58/><U27/><REACH who="1" step="1"/><E109/><REACH who="1" ten="250,240,250,250" step="2"/><V30/><F115/><W39/><G130/><T12/><D127/><U8/><E8/><V78/><F22/><W124/><G124/><T19/><D34/><U36/><E36/><V33/><F10/><N who="3" m="6487" /><G39/><T38/><D38/><U56/><E56/><V28/><F59/><W24/><G129/><T107/><D35/><U41/><E41/><V119/><F43/><W51/><G51/><N who="0" m="30975" /><D40/><U5/><E5/><V44/><F119/><W79/><G24/><T98/><D26/><U37/><E37/><V77/><F50/><W84/><G72/><AGARI ba="0,1" hai="1,2,9,15,16,21,27,31,61,65,68,72,76,81" machi="72" ten="30,3900,0" yaku="1,1,7,1,54,1,53,0" doraHai="116" doraHaiUra="128" who="1" fromWho="3" sc="250,0,240,49,250,0,250,-39" /><INIT seed="1,0,0,1,4,23" ten="250,289,250,211" oya="1" hai0="87,18,121,104,113,44,91,72,131,86,33,42,0" hai1="69,20,102,46,30,115,5,61,8,68,66,49,51" hai2="22,124,27,65,67,31,132,135,84,100,32,43,36" hai3="13,79,41,119,25,63,40,88,111,134,73,78,60"/><U133/><E115/><V94/><F124/><W85/><G119/><T76/><D113/><U71/><E133/><N who="2" m="51275" /><F32/><W130/><G134/><T114/><D114/><U105/><E102/><V110/><F110/><W29/><G130/><T17/><D104/><U57/><E105/><V4/><F4/><W120/><G120/><T95/><D131/><U107/><E107/><V55/><F55/><W34/><G111/><T12/><D0/><U64/><E66/><N who="2" m="25099" /><F84/><W58/><G13/><T10/><D33/><U19/><E30/><V112/><F112/><W101/><G101/><T3/><D3/><U74/><E74/><V92/><F100/><W38/><G73/><T53/><D121/><U39/><E8/><V106/><F106/><W80/><G63/><T6/><D53/><U127/><E5/><V1/><F1/><W126/><G126/><T7/><D7/><U129/><E127/><V97/><F97/><W47/><REACH who="3" step="1"/><G40/><REACH who="3" ten="250,289,250,201" step="2"/><T125/><D72/><U15/><E129/><V70/><F70/><W98/><G98/><T26/><D125/><U75/><E75/><V16/><F31/><W35/><G35/><T103/><D103/><U48/><E69/><V50/><F36/><W9/><G9/><T118/><D118/><U14/><E68/><V123/><F123/><W28/><G28/><T24/><D6/><U109/><E109/><V117/><F117/><W77/><G77/><T54/><D42/><N who="1" m="22879" /><E71/><V108/><F108/><W122/><G122/><T21/><D76/><U128/><E128/><V37/><F37/><W56/><G56/><T90/><D10/><U2/><E2/><RYUUKYOKU ba="0,1" sc="250,-30,289,10,250,10,201,10" hai1="14,15,19,20,48,49,51,57,61,64" hai2="16,22,27,43,50,92,94" hai3="25,29,34,38,41,47,58,60,78,79,80,85,88" /><INIT seed="1,1,1,0,4,60" ten="220,299,260,211" oya="1" hai0="80,51,32,13,97,105,119,0,78,2,58,121,59" hai1="57,11,95,44,69,76,35,14,12,6,74,77,54" hai2="56,107,102,73,39,24,66,27,85,23,37,94,7" hai3="41,63,98,22,55,20,88,64,53,38,128,133,91"/><U129/><E69/><V118/><F73/><W16/><G128/><T132/><D119/><U18/><E35/><V46/><F118/><W101/><G133/><T114/><D114/><U108/><E74/><V113/><F113/><W42/><G22/><T89/><D32/><U36/><E129/><V131/><F131/><W120/><G120/><T110/><D110/><U31/><E31/><V49/><F7/><W48/><G38/><T130/><D130/><U71/><E71/><V127/><F107/><W30/><G30/><T117/><D117/><U33/><E33/><V4/><F4/><W123/><G123/><T93/><D121/><U10/><E108/><V84/><F39/><W1/><G1/><T65/><D105/><U82/><E82/><V86/><F37/><W87/><G55/><T112/><D112/><U100/><E44/><V17/><F27/><W29/><G29/><T92/><D132/><U81/><E81/><V68/><F68/><W26/><G101/><T8/><D93/><U116/><E36/><V79/><F79/><W40/><G98/><T15/><D15/><U104/><E104/><V106/><F106/><W70/><REACH who="3" step="1"/><G87/><REACH who="3" ten="220,299,260,201" step="2"/><N who="0" m="48535" /><D2/><U3/><E3/><V83/><F83/><W103/><G103/><T67/><D0/><U19/><E116/><V134/><F134/><W126/><G126/><T62/><D13/><N who="1" m="5335" /><E100/><V47/><F127/><W43/><N who="3" m="10240" /><DORA hai="111" /><W52/><G52/><N who="0" m="32031" /><D8/><N who="1" m="6407" /><E95/><V96/><F94/><W135/><G135/><T25/><D25/><U90/><E90/><V50/><F102/><W109/><G109/><T61/><D89/><U34/><E34/><RYUUKYOKU ba="1,2" sc="220,-15,299,15,260,-15,201,15" hai1="11,14,19,54,57,76,77" hai3="16,20,26,48,53,63,64,70,88,91" /><INIT seed="1,2,2,0,0,124" ten="205,314,245,216" oya="1" hai0="69,46,48,65,56,14,3,110,92,54,96,74,134" hai1="8,120,39,118,128,102,20,31,114,131,80,13,64" hai2="40,104,44,30,55,38,95,75,59,58,93,35,76" hai3="57,85,42,33,72,107,79,90,123,24,50,135,67"/><U88/><E114/><V97/><F104/><W11/><G107/><T1/><D74/><U25/><E118/><V129/><F35/><W53/><G123/><T78/><D78/><U101/><E128/><V7/><F30/><W60/><G135/><T17/><D134/><U83/><E120/><V21/><F21/><W6/><G42/><T105/><D105/><U47/><E131/><V36/><F36/><W5/><G72/><T51/><D69/><U121/><E121/><V126/><F129/><W87/><G33/><T111/><D65/><U52/><E83/><V70/><F70/><W94/><G24/><T109/><D14/><U71/><E64/><V4/><F126/><W119/><G119/><T34/><D17/><U108/><E71/><V112/><F112/><W100/><G100/><N who="0" m="60423" /><D34/><U29/><E39/><V0/><F4/><W106/><G106/><T9/><D9/><U84/><E108/><N who="0" m="27649" /><T23/><DORA hai="66" /><D23/><U19/><E29/><V28/><F28/><W132/><G132/><T116/><D116/><U98/><E98/><V63/><F97/><W86/><G79/><T117/><D117/><U91/><E91/><V127/><F127/><W22/><G22/><T73/><D73/><U125/><E125/><V133/><F133/><W45/><REACH who="3" step="1"/><G5/><REACH who="3" ten="205,314,245,206" step="2"/><T77/><D77/><U43/><E43/><AGARI ba="2,3" hai="1,3,43,46,48,51,54,56" m="27649,60423" machi="43" ten="40,1300,0" yaku="14,1" doraHai="124,66" who="0" fromWho="1" sc="205,49,314,-19,245,0,206,0" /><INIT seed="2,0,0,3,4,97" ten="254,295,245,206" oya="2" hai0="21,109,81,76,29,125,96,132,102,105,13,123,24" hai1="42,40,32,118,128,133,58,99,10,4,38,134,59" hai2="17,85,126,12,104,86,39,45,117,121,2,52,74" hai3="18,87,80,84,26,70,1,48,15,83,31,62,75"/><V27/><F117/><W0/><G75/><T103/><D123/><U89/><E118/><V35/><F121/><W124/><G124/><T47/><D109/><U110/><E32/><V56/><F2/><W71/><G62/><T63/><D125/><U5/><E110/><V30/><F74/><W19/><G48/><T130/><D132/><N who="1" m="50795" /><E128/><V7/><F7/><N who="1" m="2633" /><E10/><V88/><F104/><W116/><G116/><T69/><D130/><U95/><E38/><V14/><F126/><W94/><G94/><T43/><D13/><U127/><E127/><V64/><F64/><W16/><G15/><T9/><D9/><U79/><E79/><V33/><F33/><W129/><G129/><T68/><D63/><U11/><E11/><V135/><F135/><W25/><REACH who="3" step="1"/><G19/><REACH who="3" ten="254,295,245,196" step="2"/><T119/><D119/><U113/><E113/><V90/><F17/><W66/><G66/><T53/><D105/><U77/><E95/><V131/><F131/><W34/><G34/><T92/><D92/><U60/><E60/><V51/><F39/><W49/><G49/><T57/><D29/><AGARI ba="0,1" hai="0,1,16,18,25,26,29,31,70,71,80,83,84,87" machi="29" ten="25,12000,2" yaku="1,1,22,2,54,1,53,2" doraHai="97" doraHaiUra="22" who="3" fromWho="0" sc="254,-120,295,0,245,0,196,130" /><INIT seed="3,0,0,1,0,111" ten="134,295,245,326" oya="3" hai0="20,68,124,132,86,5,134,25,99,22,47,10,60" hai1="7,48,85,4,11,80,105,78,12,69,36,115,83" hai2="58,125,66,8,46,94,45,59,61,65,54,120,90" hai3="91,70,43,133,135,21,39,9,30,97,75,73,53"/><W130/><G70/><T84/><D99/><U17/><E36/><V31/><F125/><W95/><G130/><T82/><D124/><U29/><E105/><V0/><F120/><W6/><G53/><T127/><D127/><U96/><E69/><V88/><F31/><W106/><G106/><T27/><D68/><U42/><E115/><V123/><F123/><W119/><G119/><T81/><D47/><U40/><E29/><V76/><F76/><W49/><G39/><T89/><D60/><U110/><E110/><V98/><F90/><W92/><G92/><T71/><D71/><U3/><E96/><V122/><F122/><W55/><G43/><T128/><D128/><U13/><E3/><V18/><F0/><N who="3" m="199" /><G21/><T1/><D22/><U67/><E67/><V52/><F66/><W33/><G33/><T44/><D44/><N who="2" m="17002" /><F59/><N who="3" m="33263" /><G30/><T32/><D32/><U24/><E48/><V79/><F79/><W102/><G91/><T50/><D50/><U2/><E2/><V107/><F107/><W57/><G57/><T23/><D23/><U129/><E129/><V118/><F118/><W87/><G87/><T112/><D112/><U64/><E64/><V14/><AGARI ba="0,0" hai="8,14,18,52,54,58,61,65,88,94,98" m="17002" machi="14" ten="30,4000,0" yaku="8,1,54,2" doraHai="111" who="2" fromWho="2" sc="134,-10,295,-10,245,40,326,-20" owari="124,-37.6,285,8.5,285,-11.5,306,40.6" /></mjloggm>