<mjloggm ver="2.3"><GO type="169" lobby="0"/><UN n0="%67%6F%6B%75%61%6B%75" n1="%54%61%6B%61%79%61%40" n2="%52%65%61%6C%58" n3="%62%6F%79%61%74%65%74%75" dan="17,16,16,17" rate="2205.29,2091.11,2154.91,2199.47" sx="M,M,F,M"/><TAIKYOKU oya="0"/><INIT seed="0,0,0,3,5,119" ten="250,250,250,250" oya="0" hai0="29,117,33,68,6,7,52,80,109,72,95,122,73" hai1="48,19,124,79,8,104,75,129,18,114,60,64,135" hai2="65,26,57,14,115,40,131,85,2,10,58,28,88" hai3="43,35,94,89,86,1,45,38,99,90,83,98,113"/><T34/><D117/><U92/><E104/><V62/><F115/><W23/><G35/><T47/><D68/><U82/><E114/><V21/><F131/><W134/><G113/><T105/><D105/><U70/><E129/><V46/><F2/><W42/><G1/><T22/><D95/><U44/><E124/><V49/><F62/><W55/><G134/><T76/><D109/><U12/><E92/><V107/><F65/><W96/><G55/><T71/><D71/><U127/><E127/><V91/><F91/><W110/><G110/><T5/><D73/><U32/><E32/><V93/><REACH who="2" step="1"/><F107/><REACH who="2" ten="250,250,240,250" step="2"/><W74/><G89/><T41/><D41/><U4/><E135/><V36/><F36/><W50/><G43/><AGARI ba="0,1" hai="4,8,12,18,19,43,44,48,60,64,70,75,79,82" machi="43" ten="30,1000,0" yaku="7,1" doraHai="119" who="1" fromWho="3" sc="250,0,250,20,240,0,250,-10" /><INIT seed="1,0,0,5,3,69" ten="250,270,240,240" oya="1" hai0="79,125,88,54,5,59,11,71,6,0,129,49,76" hai1="62,10,109,113,50,82,95,48,135,23,112,85,93" hai2="119,116,84,53,67,132,35,9,55,105,128,118,86" hai3="42,40,89,104,102,13,123,103,80,57,101,87,100"/><U58/><E135/><V121/><F121/><W75/><G123/><T15/><D71/><U83/><E109/><V130/><F105/><W120/><G120/><T20/><D129/><N who="2" m="49770" /><F35/><W1/><G1/><T7/><D125/><U110/><E110/><V70/><F9/><W124/><G124/><T122/><D122/><U90/><E10/><V52/><F132/><W16/><G75/><T30/><D0/><U38/><E38/><V21/><F21/><W24/><G24/><N who="0" m="16647" /><D88/><U81/><E23/><V134/><F134/><W77/><G77/><AGARI ba="0,0" hai="5,6,7,11,15,49,54,59,76,77,79" m="16647" machi="77" ten="30,1000,0" yaku="8,1" doraHai="69" who="0" fromWho="3" sc="250,10,270,0,240,0,240,-10" /><INIT seed="2,0,0,3,5,127" ten="260,270,240,230" oya="2" hai0="79,44,111,3,71,101,68,74,42,123,12,76,112" hai1="29,27,99,67,35,84,73,133,69,75,82,132,108" hai2="26,60,17,85,19,70,51,57,15,103,38,45,106" hai3="41,33,10,31,55,126,47,16,1,86,61,18,58"/><V8/><F70/><W39/><G126/><T43/><D123/><U97/><E108/><V63/><F38/><W90/><G33/><T102/><D112/><U7/><E7/><V109/><F109/><W77/><G77/><T5/><D111/><U23/><E35/><V62/><F106/><W78/><G78/><T130/><D12/><U83/><E83/><V64/><F103/><W52/><G31/><T94/><D94/><U105/><E67/><V56/><F85/><W104/><G104/><T118/><D118/><U50/><E69/><V117/><F117/><W124/><G124/><T32/><D32/><U81/><E81/><V9/><F57/><W110/><G110/><T4/><D44/><U88/><E50/><V120/><F120/><W134/><G55/><T24/><D24/><U40/><E40/><V13/><REACH who="2" step="1"/><F26/><REACH who="2" ten="260,270,230,230" step="2"/><W34/><G39/><T6/><D74/><U116/><E116/><V89/><F89/><W129/><G90/><T100/><D100/><U48/><E105/><V0/><F0/><W28/><G1/><T49/><D3/><U107/><E107/><V14/><F14/><W125/><G86/><T36/><D36/><U21/><E73/><V72/><F72/><W91/><G91/><T53/><D101/><U59/><E75/><V96/><F96/><W92/><G125/><T30/><D102/><U122/><E122/><V37/><F37/><W66/><G58/><T25/><D71/><U95/><E99/><V121/><F121/><W131/><G47/><T54/><D68/><U113/><E97/><V119/><F119/><W98/><G98/><RYUUKYOKU ba="0,1" sc="260,-10,270,-10,230,30,230,-10" hai2="8,9,13,15,17,19,45,51,56,60,62,63,64" /><INIT seed="2,1,1,5,0,86" ten="250,260,260,220" oya="2" hai0="54,18,114,36,78,127,9,126,10,93,7,42,4" hai1="35,113,37,28,115,125,21,108,40,13,83,87,85" hai2="94,44,8,51,5,17,121,14,117,38,53,71,49" hai3="104,6,84,26,77,131,97,16,107,19,119,62,134"/><V118/><F71/><W101/><G119/><T70/><D114/><U57/><E108/><V65/><F121/><W50/><G131/><T43/><D70/><U100/><E35/><V63/><F38/><W29/><G134/><T34/><D34/><U3/><E3/><V135/><F135/><W123/><G107/><T68/><D68/><U82/><E125/><N who="0" m="47625" /><D78/><U58/><E100/><V80/><F80/><W95/><G6/><N who="0" m="2091" /><D36/><U129/><E129/><V12/><F51/><W109/><G109/><T39/><D39/><U91/><E115/><V33/><F33/><W89/><G123/><T41/><D18/><U130/><E130/><V23/><REACH who="2" step="1"/><F94/><REACH who="2" ten="250,260,250,220" step="2"/><W67/><G50/><T98/><D54/><U52/><E113/><V1/><F1/><W11/><G77/><T73/><D73/><U30/><E37/><V112/><F112/><W31/><G95/><T128/><D128/><U48/><E40/><V45/><F45/><W74/><G74/><T75/><D75/><U122/><E122/><V61/><F61/><W106/><G62/><T92/><D92/><U105/><E105/><V46/><F46/><W79/><G104/><T25/><D93/><U27/><E58/><V20/><F20/><W133/><G106/><T72/><D72/><U69/><E69/><V55/><F55/><W124/><G79/><T2/><D2/><U111/><E111/><V99/><F99/><W60/><G97/><T110/><D98/><U132/><E132/><V103/><F103/><W88/><G101/><T66/><D43/><U22/><E52/><V0/><F0/><W76/><G124/><RYUUKYOKU ba="1,2" sc="250,-10,260,-10,250,30,220,-10" hai2="5,8,12,14,17,23,44,49,53,63,65,117,118" /><INIT seed="2,2,2,5,2,7" ten="240,250,280,210" oya="2" hai0="2,122,25,71,82,61,95,13,75,30,1,68,47" hai1="60,69,114,132,5,135,83,77,107,67,101,98,70" hai2="113,97,45,99,93,87,10,123,108,8,12,15,18" hai3="49,92,134,117,120,22,109,130,124,57,21,34,39"/><V80/><F123/><W119/><G39/><T53/><D122/><U6/><E114/><V32/><F113/><W48/><G34/><T129/><D129/><U16/><E69/><V105/><F32/><W28/><G130/><T116/><D116/><U84/><REACH who="1" step="1"/><E16/><REACH who="1" ten="240,240,280,210" step="2"/><N who="2" m="8199" /><F108/><W41/><G109/><T102/><D71/><U115/><E115/><V76/><F105/><W62/><G117/><T36/><D68/><U26/><E26/><V65/><F65/><W40/><G119/><T104/><D25/><U81/><E81/><V89/><F45/><W85/><G120/><T127/><D47/><U23/><E23/><V42/><F42/><W118/><G21/><T20/><D20/><U126/><E126/><V59/><F59/><W121/><G22/><T112/><D127/><U0/><E0/><V52/><F52/><W91/><G124/><T58/><D112/><U74/><E74/><V11/><F11/><W79/><G41/><T37/><D104/><U56/><E56/><V103/><F99/><W3/><G40/><T64/><D53/><U9/><E9/><V128/><F128/><W131/><G131/><T94/><D1/><U50/><E50/><V73/><F73/><W46/><G49/><T33/><D2/><U27/><E27/><V106/><F106/><W133/><G48/><T14/><D75/><U51/><E51/><V19/><F19/><W72/><G46/><T63/><D58/><U44/><E44/><V96/><F96/><W24/><G57/><T38/><D38/><U54/><E54/><V111/><F111/><W43/><G72/><T90/><D37/><RYUUKYOKU ba="2,3" sc="240,-15,240,15,280,15,210,-15" hai1="5,6,60,67,70,77,83,84,98,101,107,132,135" hai2="10,15,18,76,80,87,89,93,97,103" /><INIT seed="2,3,3,3,4,109" ten="225,255,295,195" oya="2" hai0="6,95,2,13,29,43,98,68,128,37,44,0,46" hai1="131,14,39,26,122,34,130,113,24,115,134,10,78" hai2="15,83,65,114,3,100,45,5,73,35,64,56,48" hai3="50,11,63,40,111,119,94,21,32,12,92,79,76"/><V89/><F114/><W47/><G32/><T67/><D128/><N who="1" m="49195" /><E39/><V66/><F3/><W117/><G111/><T116/><D116/><U9/><E78/><V105/><F35/><W132/><G132/><T118/><D118/><U8/><E134/><V91/><F105/><W23/><G119/><T30/><D29/><N who="1" m="19751" /><E122/><V81/><F100/><W108/><G117/><T17/><D30/><U18/><E26/><V106/><F106/><W90/><G108/><T88/><D6/><U54/><E54/><N who="2" m="29967" /><F73/><W101/><G79/><T70/><D46/><U19/><E19/><V52/><F15/><W7/><G76/><T103/><D103/><U38/><E38/><V22/><F22/><AGARI ba="3,3" hai="8,9,10,14,18,22,113,115" m="19751,49195" machi="22" ten="30,8000,1" yaku="19,1,34,2,52,2" doraHai="109" who="1" fromWho="2" sc="225,0,255,119,295,-89,195,0" /><INIT seed="3,0,0,1,4,79" ten="225,374,206,195" oya="3" hai0="46,56,28,21,81,0,54,38,60,97,37,29,55" hai1="64,17,67,19,121,33,16,69,84,6,100,27,123" hai2="78,31,77,14,42,105,59,129,126,131,135,112,30" hai3="50,115,40,47,82,88,130,128,132,124,90,43,44"/><W23/><G115/><T106/><D0/><U92/><E6/><V51/><F112/><W110/><G124/><T1/><D1/><U127/><E127/><V32/><F126/><W125/><G125/><T7/><D7/><U113/><E113/><V41/><F105/><W101/><G132/><T102/><D81/><U133/><E133/><V25/><F135/><W122/><G122/><T117/><D117/><U2/><E2/><V73/><F14/><W57/><G110/><T74/><D74/><U35/><E100/><V104/><F104/><W4/><G4/><T116/><D116/><U83/><E92/><V39/><F39/><W75/><G101/><T71/><D71/><U103/><E103/><V65/><F31/><W45/><G23/><T80/><D37/><U8/><E8/><V11/><F11/><W61/><G45/><T13/><D80/><U66/><E69/><V94/><F94/><W86/><G75/><T107/><D107/><U15/><E15/><V119/><F119/><W95/><G61/><T99/><D99/><U109/><E109/><V98/><F98/><W134/><G57/><T20/><D20/><U22/><E22/><V49/><F51/><W108/><G108/><T89/><D38/><U72/><E72/><V96/><F96/><W3/><G3/><T5/><D29/><U24/><E84/><V18/><F73/><W9/><G9/><N who="0" m="4271" /><D28/><U85/><E85/><V58/><F18/><W26/><G134/><T36/><D21/><U34/><E83/><V93/><F32/><W52/><G82/><T118/><D118/><U111/><E111/><RYUUKYOKU ba="0,0" sc="225,-10,374,30,206,-10,195,-10" hai1="16,17,19,24,27,33,34,35,64,66,67,121,123" /><INIT seed="4,1,0,2,1,72" ten="215,404,196,185" oya="0" hai0="68,19,116,77,115,17,121,52,101,48,41,22,91" hai1="49,44,83,131,70,39,108,67,126,55,45,16,92" hai2="125,90,36,119,98,69,64,86,27,51,93,100,96" hai3="0,54,111,28,3,29,13,84,88,104,134,130,2"/><T18/><D116/><U38/><E108/><V120/><F120/><W65/><G111/><T114/><D121/><U42/><E131/><V66/><F36/><W53/><G104/><T14/><D68/><U33/><E33/><V1/><F119/><W6/><G130/><T32/><D32/><U63/><E126/><V46/><F125/><W8/><G65/><N who="2" m="25193" /><F1/><W24/><G134/><T26/><D101/><U99/><E38/><V62/><F62/><W37/><G37/><T110/><D41/><U87/><E16/><V58/><F58/><W7/><G7/><T34/><D110/><U4/><E4/><V95/><F27/><W127/><G127/><T71/><D71/><U97/><E92/><N who="2" m="58375" /><F69/><W25/><G25/><T11/><D91/><AGARI ba="1,0" hai="39,42,44,45,49,55,63,67,70,83,87,91,97,99" machi="91" ten="30,1000,0" yaku="7,1" doraHai="72" who="1" fromWho="0" sc="215,-13,404,13,196,0,185,0" /><INIT seed="5,0,0,0,5,41" ten="202,417,196,185" oya="1" hai0="56,31,65,112,38,62,129,20,10,118,105,86,76" hai1="0,43,19,106,72,102,81,95,14,23,39,100,6" hai2="99,77,71,40,4,124,111,36,120,84,49,37,8" hai3="24,117,130,110,5,127,67,121,7,90,78,48,89"/><U21/><E106/><V116/><F111/><W132/><G110/><T58/><D118/><U104/><E104/><V83/><F116/><W126/><G121/><T63/><D129/><U107/><E107/><V68/><F120/><W134/><G117/><T50/><D38/><U28/><E95/><V54/><F124/><W16/><G67/><T22/><D105/><U34/><E23/><V27/><F37/><W51/><G78/><T119/><D119/><U57/><E57/><V30/><F99/><W92/><G130/><T2/><D112/><U133/><E133/><V122/><F36/><W74/><G74/><T85/><D50/><U32/><E32/><V94/><F94/><W80/><G92/><T114/><D114/><U115/><E115/><V29/><F29/><W125/><G80/><T46/><D76/><U108/><E108/><V131/><F131/><W135/><G16/><T42/><D10/><U18/><E18/><V93/><F93/><W33/><G24/><N who="0" m="16775" /><D22/><U26/><E81/><V64/><F64/><W91/><G33/><T11/><D11/><N who="1" m="2503" /><E72/><V128/><F128/><W79/><REACH who="3" step="1"/><G79/><REACH who="3" ten="202,417,196,175" step="2"/><T101/><D101/><U9/><E9/><V1/><F122/><W69/><G69/><T35/><D35/><U3/><E3/><V66/><F66/><W113/><G113/><T70/><D2/><U98/><E98/><V53/><F71/><W73/><G73/><T103/><D103/><U60/><E34/><N who="2" m="20831" /><F68/><W12/><G12/><T61/><D70/><U15/><E15/><V13/><F1/><W109/><G109/><T59/><D65/><U52/><E14/><RYUUKYOKU ba="0,1" sc="202,10,417,-30,196,10,175,10" hai0="42,46,56,58,59,61,62,63,85,86" hai2="4,8,13,40,49,53,54,77,83,84" hai3="5,7,48,51,89,90,91,125,126,127,132,134,135" /><INIT seed="6,1,1,3,4,50" ten="212,387,206,185" oya="2" hai0="16,91,25,8,41,49,97,118,11,34,87,123,77" hai1="98,69,110,61,80,68,20,114,29,46,74,60,10" hai2="35,44,64,26,99,111,121,83,94,30,107,78,6" hai3="75,24,105,40,62,95,12,124,81,39,76,52,5"/><V48/><F121/><W19/><G105/><T116/><D123/><U21/><E110/><V113/><F111/><W129/><G129/><T100/><D77/><U59/><E114/><V71/><F113/><W130/><G130/><T85/><D85/><U17/><E10/><V56/><F6/><W120/><G120/><T31/><D41/><U122/><E122/><V131/><F131/><W23/><G124/><T109/><D109/><U27/><E46/><V101/><F94/><W58/><G95/><N who="0" m="54783" /><D49/><U133/><E133/><V108/><F56/><W38/><REACH who="3" step="1"/><G40/><REACH who="3" ten="212,387,206,175" step="2"/><T135/><D135/><U115/><E115/><V37/><F108/><W96/><G96/><T65/><D97/><U106/><E98/><V125/><F125/><W119/><G119/><T2/><D116/><U93/><E106/><V82/><F78/><W53/><G53/><T43/><D43/><U1/><E93/><V42/><REACH who="2" step="1"/><F37/><REACH who="2" ten="212,387,196,175" step="2"/><W112/><G112/><T67/><D118/><U70/><E70/><V28/><F28/><W92/><G92/><T102/><D102/><U0/><E29/><V47/><F47/><W54/><G54/><T36/><D100/><U79/><E69/><V45/><F45/><W13/><G13/><N who="0" m="7207" /><D36/><U104/><E68/><V57/><F57/><W88/><G88/><T7/><D7/><U15/><E104/><V72/><F72/><W51/><G51/><T132/><D132/><U55/><E61/><AGARI ba="1,3" hai="26,30,35,42,44,48,61,64,71,82,83,99,101,107" machi="61" ten="40,12000,1" yaku="1,1,25,2,53,1" doraHai="50" doraHaiUra="22" who="2" fromWho="1" sc="212,0,387,-123,196,153,175,0" /><INIT seed="6,2,0,2,0,83" ten="212,264,349,175" oya="2" hai0="132,92,35,106,19,1,104,4,61,91,126,134,54" hai1="62,102,32,120,41,97,95,98,23,81,50,100,73" hai2="56,110,118,44,59,63,117,5,25,78,51,30,69" hai3="96,20,80,0,122,13,53,21,108,113,75,12,33"/><V10/><F110/><W127/><G122/><T116/><D35/><U70/><E32/><V71/><F69/><W11/><G33/><T45/><D126/><U111/><E111/><V17/><F71/><W24/><G108/><T39/><D116/><U46/><E120/><V47/><F17/><W87/><G75/><T128/><D128/><U31/><E70/><V18/><F18/><W121/><G121/><T82/><D82/><U15/><E62/><V109/><F109/><W77/><G127/><T114/><D114/><U135/><E135/><N who="0" m="51753" /><D19/><U14/><E73/><V68/><F68/><W36/><G36/><T88/><D4/><U94/><E81/><V101/><F25/><AGARI ba="2,0" hai="14,15,23,25,31,41,46,50,94,95,97,98,100,102" machi="25" ten="40,2600,0" yaku="9,1,8,1" doraHai="83" who="1" fromWho="2" sc="212,0,264,32,349,-32,175,0" /><INIT seed="7,0,0,0,2,5" ten="212,296,317,175" oya="3" hai0="40,1,44,102,70,82,20,56,73,65,61,16,60" hai1="27,86,52,94,131,89,69,87,33,30,132,35,133" hai2="13,83,127,88,17,50,36,121,46,31,79,38,32" hai3="59,24,6,29,104,41,97,11,129,10,91,14,55"/><W118/><G118/><T106/><D1/><U43/><E69/><V34/><F127/><W115/><G115/><T18/><D106/><U8/><E43/><V75/><F88/><W4/><G129/><T101/><D73/><U53/><E131/><V9/><F121/><W71/><G41/><T105/><D82/><U126/><E126/><V62/><F62/><W95/><G71/><T93/><D105/><U72/><E72/><V112/><F112/><W114/><G114/><T21/><D93/><U3/><E35/><V74/><F74/><W66/><G66/><T37/><D20/><U26/><E26/><V135/><F135/><N who="1" m="51785" /><E87/><V67/><F67/><W49/><G104/><T77/><D18/><U100/><E100/><V120/><F120/><W116/><G116/><T84/><D84/><U125/><E125/><V25/><F34/><W92/><G92/><T130/><D77/><U2/><E2/><V48/><F48/><W42/><G42/><AGARI ba="0,0" hai="9,13,17,25,31,32,36,38,42,46,50,75,79,83" machi="42" ten="30,2000,0" yaku="7,1,52,1" doraHai="5" who="2" fromWho="3" sc="212,0,296,0,317,20,175,-20" owari="212,-18.8,296,9.6,337,43.7,155,-34.5" /></mjloggm>