<mjloggm ver="2.3"><GO type="169" lobby="0"/><UN n0="%76%61%63%76%61%73%65" n1="%E6%8C%91%E6%88%A6%E8%80%85%EF%BC%81" n2="%37%34%31%34%4E%6D%73%6C" n3="%E9%83%BD%E5%B8%82%E4%BC%9D%E8%AA%AC" dan="16,17,16,16" rate="2129.74,2201.88,2037.12,2059.88" sx="F,M,M,M"/><TAIKYOKU oya="0"/><INIT seed="0,0,0,0,0,86" ten="250,250,250,250" oya="0" hai0="56,104,63,49,40,70,3,6,38,109,64,30,44" hai1="35,114,29,41,19,113,28,106,10,118,48,135,80" hai2="125,36,116,61,46,15,126,93,20,12,77,119,134" hai3="83,100,23,2,87,102,68,121,42,98,9,107,115"/><T57/><D104/><U131/><E118/><N who="2" m="45099" /><F77/><W91/><G68/><T62/><D30/><U52/><E106/><V18/><F61/><W43/><G102/><T21/><D21/><U65/><E131/><V97/><F46/><W76/><G115/><N who="1" m="44042" /><E135/><V54/><F54/><W112/><G121/><T17/><D17/><U33/><E41/><V105/><F105/><W122/><G122/><T120/><D120/><U75/><E65/><V50/><F50/><W39/><G112/><T81/><D81/><U24/><E80/><V74/><F36/><W79/><G39/><T16/><D16/><U128/><BYE who="0" /><E75/><UN n0="%76%61%63%76%61%73%65" /><V124/><F74/><W26/><G9/><T84/><D84/><U101/><E101/><N who="2" m="60591" /><F134/><W55/><G2/><T69/><D6/><U132/><E128/><V14/><AGARI ba="0,0" hai="12,14,15,18,20,124,125,126" m="60591,45099" machi="14" ten="40,2700,0" yaku="18,1,12,1" doraHai="86" who="2" fromWho="2" sc="250,-13,250,-7,250,27,250,-7" /><INIT seed="1,0,0,1,0,24" ten="237,243,277,243" oya="1" hai0="78,124,56,100,61,96,93,11,85,31,16,29,81" hai1="27,15,121,21,133,109,98,32,23,90,88,71,48" hai2="73,36,101,115,120,110,94,63,134,91,112,119,3" hai3="128,62,53,14,28,131,75,116,127,79,52,41,34"/><U118/><E118/><V49/><F49/><W77/><G116/><T38/><D38/><U103/><E121/><V66/><F36/><W6/><G41/><T87/><D124/><U5/><E71/><V80/><F63/><W95/><G127/><T108/><D108/><U58/><E133/><V17/><F17/><W25/><G95/><T111/><D111/><U46/><E58/><V102/><F66/><W89/><G89/><T2/><D87/><U69/><E69/><V70/><F3/><W129/><G75/><T20/><D11/><U54/><E32/><V105/><F70/><W42/><G42/><T26/><D2/><U18/><E109/><V135/><F110/><W50/><G62/><T104/><D104/><U125/><E125/><V107/><F119/><W51/><G14/><T60/><D60/><U74/><E74/><V68/><F68/><W35/><G6/><T64/><AGARI ba="0,0" hai="16,20,26,29,31,56,61,64,78,81,85,93,96,100" machi="64" ten="20,12000,2" yaku="0,1,7,1,8,1,52,2,54,1" doraHai="24" who="0" fromWho="0" sc="237,120,243,-60,277,-30,243,-30" /><INIT seed="2,0,0,5,4,122" ten="357,183,247,213" oya="2" hai0="77,21,91,85,81,55,5,127,123,24,20,108,117" hai1="38,65,75,33,37,50,126,16,134,119,120,132,0" hai2="52,39,125,69,27,10,89,3,71,93,104,100,124" hai3="111,128,73,133,40,106,43,99,76,113,26,32,44"/><V115/><F39/><W57/><G111/><T103/><D123/><U54/><E119/><V23/><F115/><W92/><G106/><T22/><D117/><U9/><E120/><V12/><F3/><W46/><G128/><T121/><D121/><U95/><E33/><V78/><F78/><W41/><G133/><N who="1" m="51306" /><E75/><V114/><F100/><W80/><G113/><T79/><D127/><N who="2" m="48714" /><F114/><W118/><G118/><T87/><D103/><U15/><E126/><V34/><F34/><W19/><G57/><T110/><D5/><N who="1" m="1191" /><E95/><V7/><F104/><W58/><G58/><T98/><D98/><U67/><E38/><V18/><F52/><W47/><G32/><T64/><D64/><U11/><E37/><V129/><F129/><W61/><G61/><T109/><D55/><U51/><E51/><V68/><F68/><W2/><G2/><T102/><D102/><U107/><E107/><V97/><AGARI ba="0,0" hai="7,10,12,18,23,27,69,71,89,93,97" m="48714" machi="97" ten="30,1500,0" yaku="18,1" doraHai="122" who="2" fromWho="2" sc="357,-5,183,-5,247,15,213,-5" /><INIT seed="2,1,0,4,1,27" ten="352,178,262,208" oya="2" hai0="83,35,101,26,126,134,56,79,133,85,132,111,112" hai1="15,61,123,0,71,65,58,64,104,42,114,3,120" hai2="92,10,62,73,38,33,130,89,48,124,128,52,94" hai3="119,57,109,30,18,9,108,40,66,29,55,4,54"/><V1/><F38/><W69/><G69/><T49/><D112/><U117/><E104/><V87/><F73/><W102/><G102/><T116/><D111/><N who="3" m="42569" /><G40/><T63/><D126/><U90/><E114/><V106/><F106/><W22/><G119/><T78/><D116/><U81/><E117/><V51/><F124/><W113/><G66/><T68/><D68/><U75/><E42/><V67/><F94/><W24/><G113/><T7/><D101/><U118/><E118/><V98/><F98/><W16/><G18/><T19/><D7/><U80/><E71/><V74/><F74/><W121/><G121/><N who="1" m="46666" /><E65/><V2/><F33/><W53/><G57/><T76/><D49/><N who="2" m="19018" /><F10/><W129/><G129/><N who="2" m="49769" /><F67/><W20/><G20/><N who="0" m="13599" /><D35/><U23/><E90/><V28/><F28/><W11/><G11/><T93/><D93/><U91/><E91/><V36/><F36/><W44/><G44/><T59/><D59/><AGARI ba="1,0" hai="1,2,52,59,62,87,89,92" m="49769,19018" machi="59" ten="30,2900,0" yaku="19,1,54,1" doraHai="27" who="2" fromWho="0" sc="352,-32,178,0,262,32,208,0" /><INIT seed="2,2,0,5,4,64" ten="320,178,294,208" oya="2" hai0="128,45,133,107,23,66,48,113,14,126,53,47,89" hai1="49,7,68,19,72,74,59,123,97,62,12,6,102" hai2="71,60,80,119,55,131,10,78,82,61,134,99,76" hai3="90,2,73,101,95,135,44,103,130,108,70,0,118"/><V8/><F119/><W20/><G108/><T3/><D3/><U129/><E129/><V39/><F131/><W120/><G120/><T34/><D34/><U79/><E123/><V100/><F39/><W132/><G73/><T127/><D107/><U124/><E124/><N who="0" m="47657" /><D89/><U54/><E79/><V105/><F134/><N who="3" m="51243" /><G118/><T24/><D133/><U93/><E74/><V42/><F42/><W22/><G44/><T16/><D113/><U32/><E32/><V11/><F55/><W94/><G70/><T112/><D112/><U114/><E72/><V125/><F125/><W69/><G69/><T43/><D66/><U38/><E38/><V115/><F115/><W40/><G40/><T77/><D77/><U29/><E29/><V91/><F91/><W15/><G90/><T50/><D128/><U75/><E75/><V109/><F109/><W35/><G35/><T9/><D9/><U28/><E28/><V86/><REACH who="2" step="1"/><F71/><REACH who="2" ten="320,178,284,208" step="2"/><W67/><G67/><T52/><D43/><U51/><E114/><V27/><F27/><AGARI ba="2,1" hai="14,16,23,24,27,45,47,48,50,52,53" m="47657" machi="27" ten="30,3900,0" yaku="18,1,54,2" doraHai="64" who="0" fromWho="2" sc="320,55,178,0,284,-45,208,0" /><INIT seed="3,0,0,2,0,32" ten="375,178,239,208" oya="3" hai0="8,36,134,76,101,123,19,49,104,35,80,116,61" hai1="40,84,42,4,109,29,122,23,37,18,10,33,90" hai2="135,75,41,9,112,28,52,3,34,86,88,38,26" hai3="71,81,119,125,39,47,27,92,127,14,118,106,53"/><W60/><G106/><T124/><D116/><U73/><E73/><V78/><F112/><W54/><G81/><T110/><D123/><U113/><E122/><V96/><F135/><W63/><G92/><T1/><D36/><U91/><E113/><V100/><F38/><W50/><G27/><T48/><D35/><U93/><E109/><V55/><F41/><W22/><G22/><T72/><D110/><U51/><E37/><V82/><F9/><W66/><G14/><T115/><D134/><U107/><E107/><V121/><F121/><W20/><G20/><T87/><D124/><N who="3" m="47689" /><G63/><T45/><D115/><U133/><E133/><V68/><F68/><W97/><G97/><T59/><D72/><U0/><E51/><V69/><F69/><W120/><G120/><T7/><D104/><U98/><E29/><V46/><F46/><N who="3" m="27863" /><G39/><T126/><D126/><U15/><REACH who="1" step="1"/><E33/><REACH who="1" ten="375,168,239,208" step="2"/><V79/><F75/><W25/><G25/><T132/><D132/><U11/><E11/><V130/><F26/><W62/><G62/><T17/><D61/><U5/><E5/><V95/><F28/><W13/><G13/><T105/><D8/><U102/><E102/><V65/><F34/><W77/><G77/><T74/><D74/><U12/><E12/><V31/><F31/><W85/><G85/><T43/><D101/><U89/><E89/><V2/><F88/><W67/><G67/><T108/><D105/><U83/><AGARI ba="0,1" hai="0,4,10,15,18,23,40,42,83,84,90,91,93,98" machi="83" ten="20,8000,1" yaku="1,1,0,1,7,1,52,1,53,1" doraHai="32" doraHaiUra="6" who="1" fromWho="1" sc="375,-20,168,90,239,-20,208,-40" /><INIT seed="4,0,0,5,3,124" ten="355,258,219,168" oya="0" hai0="12,100,96,75,64,107,113,21,89,85,31,57,98" hai1="37,32,20,88,13,17,35,74,46,132,114,58,49" hai2="33,79,84,19,105,66,81,1,67,53,101,6,103" hai3="39,16,54,118,129,52,7,80,111,23,47,119,45"/><T90/><D75/><U112/><E74/><V3/><F33/><W126/><G111/><T60/><D113/><N who="1" m="43627" /><E37/><V77/><F19/><W27/><G126/><T43/><D43/><N who="1" m="24799" /><E132/><V65/><F105/><W127/><G129/><T38/><D38/><U30/><E30/><V18/><F79/><W104/><G104/><T14/><D98/><U69/><E69/><V24/><F53/><W102/><G102/><T55/><D90/><U131/><E131/><V15/><F65/><W109/><G109/><T71/><D21/><U110/><E110/><V106/><F24/><W95/><G127/><T92/><REACH who="0" step="1"/><D31/><REACH who="0" ten="345,258,219,168" step="2"/><U26/><E26/><V59/><F103/><W22/><G39/><T25/><D25/><U117/><E117/><V134/><F101/><W116/><G23/><T78/><D78/><U108/><E108/><V4/><F77/><W72/><G95/><T8/><D8/><U133/><E133/><V82/><F106/><W121/><G121/><T76/><D76/><U128/><E128/><V86/><F134/><W5/><G72/><T91/><D91/><U61/><E88/><V48/><F86/><W2/><G80/><T120/><D120/><U50/><E50/><AGARI ba="0,1" hai="12,14,50,55,57,60,64,71,85,89,92,96,100,107" machi="50" ten="30,2900,0" yaku="1,1,7,1,53,0" doraHai="124" doraHaiUra="0" who="0" fromWho="1" sc="345,39,258,-29,219,0,168,0" /><INIT seed="4,1,0,3,1,121" ten="384,229,219,168" oya="0" hai0="54,6,101,104,10,117,12,111,90,100,14,61,88" hai1="122,129,74,83,68,77,28,3,131,72,71,21,123" hai2="20,37,49,8,97,108,15,115,50,11,51,0,133" hai3="86,22,19,128,41,1,118,25,135,91,105,76,132"/><T66/><D117/><U96/><E3/><V29/><F37/><W4/><G105/><T43/><D43/><U62/><E21/><V63/><F115/><W126/><G76/><T17/><D54/><U58/><E28/><V9/><F0/><W30/><G118/><T40/><D40/><U119/><E96/><V125/><F125/><W31/><G41/><T99/><D101/><U106/><E106/><V65/><F133/><N who="3" m="51275" /><G91/><T34/><D111/><U39/><E72/><V67/><F97/><W109/><G86/><T69/><REACH who="0" step="1"/><D34/><REACH who="0" ten="374,229,219,168" step="2"/><U80/><E119/><V103/><F103/><W110/><G126/><T112/><D112/><U95/><E39/><V2/><F108/><N who="3" m="41579" /><G128/><T87/><D87/><U130/><E130/><V26/><F2/><W7/><G1/><T98/><D98/><U52/><E131/><V114/><F114/><W33/><G31/><T127/><D127/><U36/><E129/><V56/><REACH who="2" step="1"/><F67/><REACH who="2" ten="374,229,209,168" step="2"/><W55/><G55/><T116/><D116/><U79/><E52/><V44/><F44/><W89/><G89/><T5/><D5/><AGARI ba="1,2" hai="5,8,9,11,15,20,26,29,49,50,51,56,63,65" machi="5" ten="40,2600,0" yaku="1,1,8,1,53,0" doraHai="121" doraHaiUra="134" who="2" fromWho="0" sc="374,-29,229,0,209,49,168,0" /><INIT seed="5,0,0,0,4,57" ten="345,229,258,168" oya="1" hai0="97,126,103,41,47,79,99,33,23,48,113,83,72" hai1="104,26,16,130,114,56,24,127,71,9,61,128,2" hai2="125,131,30,21,55,93,40,27,20,82,50,34,25" hai3="105,123,37,66,3,49,106,100,78,101,111,32,98"/><U31/><E104/><V115/><F125/><W75/><G37/><T59/><D33/><U7/><E127/><V0/><F0/><W13/><G3/><T11/><D113/><U73/><E73/><V19/><F131/><N who="1" m="50217" /><E114/><V46/><F115/><W53/><G32/><T44/><D126/><U135/><E135/><V85/><F93/><W87/><G111/><T77/><D77/><U110/><E110/><V5/><F5/><W107/><G66/><T43/><D11/><U6/><E71/><V52/><REACH who="2" step="1"/><F34/><REACH who="2" ten="345,229,248,168" step="2"/><W84/><G123/><T54/><D103/><U112/><E112/><V89/><AGARI ba="0,1" hai="19,20,21,25,27,30,40,46,50,52,55,82,85,89" machi="89" ten="20,12000,2" yaku="1,1,2,1,0,1,7,1,8,1,54,1,53,1" doraHai="57" doraHaiUra="39" who="2" fromWho="2" sc="345,-30,229,-60,248,130,168,-30" /><INIT seed="6,0,0,1,3,133" ten="315,169,378,138" oya="2" hai0="120,11,75,73,48,107,1,105,26,109,128,31,55" hai1="129,112,80,17,9,72,3,67,85,134,115,30,117" hai2="88,121,68,14,21,25,36,101,62,89,13,114,54" hai3="27,95,56,70,57,37,5,64,127,63,132,84,122"/><V103/><F121/><W97/><G122/><T96/><D120/><U6/><E72/><V44/><F36/><W116/><G116/><T66/><D109/><U52/><E117/><V29/><F114/><W46/><G132/><T124/><D66/><U28/><E134/><V32/><F68/><W71/><G71/><T45/><D128/><U15/><E67/><V77/><F77/><W58/><G127/><T125/><D73/><U41/><E41/><V39/><F39/><W43/><G5/><N who="0" m="1455" /><D96/><U126/><E129/><V33/><F33/><W49/><G27/><T123/><D75/><U38/><E38/><V94/><F89/><W35/><G35/><N who="0" m="20983" /><D123/><U90/><E126/><AGARI ba="0,0" hai="45,48,55,105,107,124,125,126" m="20983,1455" machi="126" ten="30,7700,0" yaku="18,1,52,3" doraHai="133" who="0" fromWho="1" sc="315,77,169,-77,378,0,138,0" /><INIT seed="7,0,0,1,1,113" ten="392,92,378,138" oya="3" hai0="83,53,49,128,74,108,92,90,21,33,24,114,10" hai1="13,96,30,18,103,34,58,9,69,87,4,35,22" hai2="55,110,105,37,102,68,94,112,14,59,25,129,23" hai3="57,127,123,62,106,91,44,118,85,124,15,73,8"/><W77/><G106/><T98/><D108/><U121/><E121/><V0/><F110/><W104/><G104/><T1/><D114/><U126/><E126/><N who="3" m="48170" /><G118/><T95/><D128/><U79/><E69/><V71/><F112/><W111/><G44/><T81/><D33/><U16/><E30/><V119/><F0/><W78/><G73/><T109/><D109/><U7/><E18/><V27/><F37/><W38/><G38/><T3/><D74/><U86/><E4/><V100/><F105/><W12/><G12/><T75/><D75/><U40/><E40/><V42/><F42/><W76/><G123/><T131/><D131/><U63/><E35/><V115/><F129/><W120/><G78/><T135/><D135/><U101/><E34/><V26/><F115/><W50/><G50/><T66/><D66/><U46/><E46/><V43/><F43/><W80/><G120/><T132/><D132/><U5/><E5/><V67/><F119/><W60/><G60/><T6/><D1/><U2/><E79/><V48/><F67/><W17/><G111/><T82/><D3/><U97/><E103/><N who="2" m="39467" /><F94/><W41/><G41/><T107/><D95/><U61/><E61/><V52/><F55/><AGARI ba="0,0" hai="8,15,17,55,57,62,76,77,80,85,91" m="48170" machi="55" ten="30,1500,0" yaku="18,1" doraHai="113" who="3" fromWho="2" sc="392,0,92,0,378,-15,138,15" /><INIT seed="7,1,0,3,4,19" ten="392,92,363,153" oya="3" hai0="102,1,31,78,101,62,7,11,52,84,46,16,0" hai1="51,65,36,3,129,41,90,111,13,67,130,49,56" hai2="85,33,54,75,87,39,128,23,77,6,81,113,134" hai3="45,21,14,114,109,135,2,12,118,61,120,22,26"/><W89/><G118/><T47/><D0/><U105/><E3/><V95/><F33/><W4/><G120/><T48/><D31/><U17/><E105/><V38/><F128/><N who="1" m="49257" /><E90/><V72/><F134/><W28/><G2/><T132/><D132/><U126/><E17/><V127/><F127/><W32/><G89/><T96/><D62/><U110/><E13/><N who="3" m="5226" /><G61/><T82/><D46/><N who="1" m="23847" /><E126/><V76/><F6/><W104/><G45/><T55/><D55/><N who="1" m="31855" /><E51/><V50/><F50/><W80/><G80/><T93/><D16/><U131/><N who="1" m="49265" /><U108/><AGARI ba="1,0" hai="65,67,108,110,111" m="31855,23847,49265" machi="108" ten="50,8000,1" yaku="4,1,19,1,34,2" doraHai="19" who="1" fromWho="1" sc="392,-21,92,83,363,-21,153,-41" owari="371,47.1,175,-22.5,342,14.2,112,-38.8" /></mjloggm>