<mjloggm ver="2.3"><GO type="169" lobby="0"/><UN n0="%68%61%73%68%69%30%30%31" n1="%E6%A2%85%E8%8E%89" n2="%E7%94%9F%E5%BE%92%E4%BC%9A%E3%80%90%E5%BA%8F%E3%80%91" n3="%E9%BA%BB%E5%80%89%E8%91%89" dan="16,18,17,16" rate="2092.50,2217.42,2165.31,2140.68" sx="M,F,M,M"/><TAIKYOKU oya="0"/><INIT seed="0,0,0,4,4,40" ten="250,250,250,250" oya="0" hai0="17,4,95,54,131,76,102,38,77,3,34,129,108" hai1="14,63,98,43,46,67,124,88,35,11,24,25,65" hai2="26,47,48,6,119,115,106,41,117,66,112,16,107" hai3="70,32,0,33,91,96,44,15,105,20,81,126,113"/><T69/><D34/><U50/><E124/><V90/><F6/><W42/><G113/><N who="2" m="43593" /><F66/><W104/><G0/><T18/><D69/><U132/><E132/><V94/><F94/><W23/><G70/><T86/><D38/><U125/><E125/><V58/><F58/><W123/><G123/><T61/><D3/><U120/><E120/><V52/><F90/><W19/><G126/><T29/><D4/><U2/><E2/><V74/><F41/><W12/><G81/><T114/><D29/><U27/><E35/><V116/><F74/><W53/><G53/><T110/><D114/><U49/><E49/><V92/><F92/><W93/><G32/><T60/><D54/><U36/><E36/><V128/><F128/><N who="0" m="49226" /><D17/><N who="1" m="8415" /><E63/><N who="0" m="24137" /><D18/><U73/><E73/><V99/><F99/><W127/><G33/><T10/><D10/><U1/><E1/><V72/><F72/><W51/><G127/><T28/><D28/><U79/><E79/><N who="0" m="30281" /><D86/><U31/><E31/><V130/><F130/><W71/><G71/><T45/><D45/><U59/><E59/><V30/><F30/><W135/><G135/><T101/><D95/><AGARI ba="0,0" hai="24,25,27,43,46,50,65,67,88,95,98" m="8415" machi="95" ten="30,3900,0" yaku="8,1,52,1,54,1" doraHai="40" who="1" fromWho="0" sc="250,-39,250,39,250,0,250,0" /><INIT seed="1,0,0,3,3,8" ten="211,289,250,250" oya="1" hai0="93,79,116,125,115,65,108,14,62,44,88,27,50" hai1="82,128,37,103,45,118,57,13,17,6,131,42,119" hai2="110,134,41,97,55,34,83,32,18,36,38,100,84" hai3="48,28,66,106,102,43,133,98,130,72,59,16,76"/><U124/><E124/><V81/><F110/><W31/><G130/><N who="1" m="49706" /><E103/><V78/><F134/><W107/><G133/><T3/><D108/><U2/><E57/><V94/><F55/><W77/><G107/><T68/><D125/><U20/><E82/><V54/><F54/><W23/><G43/><T70/><D3/><U123/><E123/><V99/><F41/><W26/><G72/><T33/><D79/><U86/><E86/><V90/><F18/><W122/><G122/><T35/><D115/><U9/><AGARI ba="0,0" hai="2,6,9,13,17,20,37,42,45,118,119" m="49706" machi="9" ten="30,3000,0" yaku="19,1,52,1" doraHai="8" who="1" fromWho="1" sc="211,-10,289,30,250,-10,250,-10" /><INIT seed="1,1,0,1,5,64" ten="201,319,240,240" oya="1" hai0="107,103,27,50,120,113,69,88,109,84,110,63,39" hai1="0,112,102,104,12,3,130,25,42,41,126,14,72" hai2="76,9,16,47,117,44,94,97,49,91,52,5,1" hai3="105,45,116,114,55,89,118,58,132,13,2,65,96"/><U83/><E112/><V122/><F117/><N who="3" m="45163" /><G2/><T31/><D50/><U62/><E62/><V111/><F122/><W108/><G114/><T67/><D39/><U21/><E126/><V125/><F125/><W19/><G108/><N who="0" m="41579" /><D113/><U75/><E83/><V87/><F111/><W7/><G7/><T29/><D120/><U135/><E21/><V32/><F32/><W98/><G65/><T95/><D27/><U17/><E25/><V86/><F76/><W80/><G105/><T133/><D133/><U56/><E135/><V15/><REACH who="2" step="1"/><F47/><REACH who="2" ten="201,319,230,240" step="2"/><W134/><G45/><T127/><D127/><U10/><E130/><V82/><F82/><W121/><G80/><T36/><D36/><U43/><E75/><V106/><F106/><W73/><G121/><T37/><D37/><U33/><E72/><V18/><F18/><W34/><G73/><T26/><D31/><U93/><E104/><V70/><F70/><W22/><G34/><N who="0" m="20791" /><D107/><U115/><E33/><V128/><F128/><W8/><G132/><T81/><D81/><U46/><E115/><V38/><F38/><W68/><G68/><T61/><D61/><U100/><E46/><V53/><F53/><W74/><G74/><T71/><D71/><U123/><E123/><V40/><F40/><W35/><G35/><T119/><D119/><U60/><E43/><V78/><F78/><W66/><G134/><T92/><D92/><U131/><E93/><V129/><F129/><W48/><G55/><T77/><D77/><U30/><E131/><V4/><F4/><W28/><G28/><T11/><D103/><U90/><E102/><RYUUKYOKU ba="1,1" sc="201,15,319,-15,230,15,240,-15" hai0="11,63,67,69,84,88,95" hai2="1,5,9,15,16,44,49,52,86,87,91,94,97" /><INIT seed="2,2,1,1,4,123" ten="216,304,245,225" oya="2" hai0="15,52,10,30,65,75,74,76,107,5,104,70,14" hai1="32,46,103,40,60,87,62,59,22,80,110,54,41" hai2="47,34,72,106,23,33,45,20,21,1,102,58,100" hai3="3,68,64,77,25,128,119,69,0,56,29,39,105"/><V11/><F72/><W88/><G119/><T116/><D116/><U113/><E32/><V16/><F106/><W132/><G128/><T114/><D30/><U19/><E113/><V35/><F58/><W44/><G105/><T127/><D127/><U135/><E135/><V108/><F108/><W84/><G77/><T98/><D114/><U81/><E110/><V17/><F11/><W131/><G131/><T73/><D76/><U2/><E2/><V134/><F1/><W90/><G132/><T28/><D28/><U37/><E41/><V61/><F61/><W83/><G56/><T12/><D65/><U129/><E129/><V6/><F6/><W120/><G120/><T78/><D78/><U97/><E87/><V53/><F53/><W31/><G90/><T51/><D70/><U94/><REACH who="1" step="1"/><E62/><REACH who="1" ten="216,294,245,225" step="2"/><V101/><REACH who="2" step="1"/><F134/><REACH who="2" ten="216,294,235,225" step="2"/><W8/><G0/><T66/><D73/><U89/><E89/><V118/><F118/><W48/><G88/><T115/><D115/><U7/><E7/><V122/><F122/><W130/><G3/><T4/><D75/><U111/><E111/><V121/><F121/><W13/><G130/><T49/><D74/><U126/><E126/><V85/><F85/><W27/><G84/><T24/><D5/><U99/><E99/><V133/><F133/><W9/><G68/><T124/><D124/><U36/><E36/><V57/><F57/><W67/><G69/><T112/><D112/><U95/><E95/><V109/><F109/><W91/><G39/><T38/><D107/><U79/><E79/><V96/><F96/><W92/><G92/><RYUUKYOKU ba="2,3" sc="216,-15,294,15,235,15,225,-15" hai1="19,22,37,40,46,54,59,60,80,81,94,97,103" hai2="16,17,20,21,23,33,34,35,45,47,100,101,102" /><INIT seed="2,3,3,0,4,79" ten="201,309,250,210" oya="2" hai0="32,68,127,99,90,100,111,57,115,14,104,37,67" hai1="98,87,105,8,61,26,35,64,101,71,18,83,75" hai2="53,31,27,33,1,59,122,3,133,84,49,17,11" hai3="110,109,25,77,22,81,58,6,126,48,23,74,34"/><V51/><F122/><W10/><G126/><T19/><D37/><U16/><E8/><V38/><F38/><W7/><G34/><T69/><D32/><U47/><E75/><V118/><F118/><W95/><G95/><T134/><D115/><U4/><E4/><V45/><F133/><W130/><G130/><T80/><D111/><N who="3" m="42505" /><G7/><T125/><D134/><U41/><E47/><V131/><F131/><W135/><G135/><T39/><D39/><U107/><E41/><V56/><F56/><W28/><G23/><T72/><D57/><U42/><E42/><V29/><F29/><W9/><G6/><T2/><D2/><U70/><E107/><V121/><F121/><W73/><G73/><T36/><D67/><U86/><E86/><V108/><F108/><W46/><G58/><T52/><D52/><AGARI ba="3,3" hai="9,10,22,25,28,46,48,52,74,77,81" m="42505" machi="52" ten="30,3900,0" yaku="14,1,52,1,54,1" doraHai="79" who="3" fromWho="0" sc="201,-48,309,0,250,0,210,78" /><INIT seed="3,0,0,0,3,30" ten="153,309,250,288" oya="3" hai0="3,60,57,7,126,36,81,10,72,127,105,91,74" hai1="64,99,37,40,90,103,68,122,67,20,51,124,87" hai2="129,66,25,49,32,8,71,111,86,9,13,44,58" hai3="92,123,45,2,29,101,59,52,26,128,19,63,35"/><W119/><G119/><T96/><D36/><U18/><E122/><V110/><F71/><W46/><G123/><T24/><D81/><U84/><E124/><V33/><F129/><W135/><G135/><T104/><D24/><U88/><E37/><V6/><F25/><W120/><G120/><T34/><D34/><U55/><E40/><V78/><F9/><W69/><G128/><T62/><D91/><N who="1" m="34859" /><E68/><V22/><F22/><W11/><G69/><T83/><D83/><U108/><E108/><N who="2" m="41515" /><F58/><W130/><G130/><T17/><D17/><U116/><E116/><V70/><F66/><N who="1" m="25129" /><E99/><V93/><F70/><W121/><G121/><T75/><D96/><U100/><E100/><V15/><F15/><W61/><G61/><T114/><D114/><U112/><E103/><V79/><F93/><W12/><REACH who="3" step="1"/><G2/><REACH who="3" ten="153,309,250,278" step="2"/><T53/><REACH who="0" step="1"/><D60/><REACH who="0" ten="143,309,250,278" step="2"/><U134/><E112/><V95/><F79/><W50/><G50/><T41/><D41/><U5/><E51/><V107/><F107/><AGARI ba="0,2" hai="3,7,10,53,57,62,72,74,75,104,105,107,126,127" machi="107" ten="50,1600,0" yaku="1,1,53,0" doraHai="30" doraHaiUra="16" who="0" fromWho="2" sc="143,36,309,0,250,-16,278,0" /><INIT seed="4,0,0,3,0,99" ten="179,309,234,278" oya="0" hai0="27,49,47,94,104,5,109,106,10,85,50,1,128" hai1="23,86,107,55,66,79,134,83,129,19,61,131,7" hai2="135,71,67,123,80,102,112,70,29,0,130,25,21" hai3="52,34,76,62,122,48,114,100,28,87,6,77,38"/><T57/><D128/><N who="1" m="49227" /><E107/><V40/><F123/><W95/><G114/><T97/><D109/><U43/><E134/><V120/><F120/><W2/><G38/><T82/><D57/><U56/><E43/><V44/><F112/><W35/><G122/><T110/><D110/><U89/><E7/><V17/><F135/><W31/><G62/><T65/><D65/><U75/><E66/><V108/><F108/><W11/><G34/><T69/><D50/><U60/><E60/><V26/><F0/><W39/><G39/><T127/><D127/><U32/><E32/><V3/><F3/><W24/><G28/><T63/><D63/><U101/><E101/><V126/><F126/><W115/><G115/><T8/><D8/><U118/><E118/><V64/><F102/><W124/><G124/><T78/><D27/><N who="1" m="14847" /><E89/><V37/><F130/><W45/><REACH who="3" step="1"/><G87/><AGARI ba="0,0" hai="55,56,61,75,79,83,86,87" m="14847,49227" machi="87" ten="30,1000,0" yaku="19,1" doraHai="99" who="1" fromWho="3" sc="179,0,309,10,234,0,278,-10" /><INIT seed="5,0,0,3,3,21" ten="179,319,234,268" oya="1" hai0="66,115,133,16,129,70,64,113,118,114,108,82,31" hai1="92,130,37,8,87,131,47,75,83,112,88,58,132" hai2="80,77,100,28,94,51,27,116,25,7,33,96,18" hai3="46,50,101,1,110,48,38,107,54,73,68,125,5"/><U85/><E75/><V74/><F116/><W78/><G110/><T53/><D118/><U34/><E34/><V69/><F69/><W123/><G125/><T102/><D102/><U103/><E112/><V26/><F7/><W29/><G123/><T43/><D31/><U61/><E132/><V0/><F0/><W52/><G68/><T22/><D108/><U62/><E8/><V90/><F18/><W14/><G1/><T79/><D70/><U30/><E30/><V128/><F128/><N who="1" m="49193" /><E58/><V32/><F32/><W72/><G29/><T60/><D43/><N who="1" m="23023" /><E103/><V44/><F100/><W17/><G5/><T124/><D129/><U105/><E105/><V93/><F93/><W56/><G78/><AGARI ba="0,0" hai="61,62,78,83,85,87,88,92" m="23023,49193" machi="78" ten="30,2900,0" yaku="19,1,54,1" doraHai="21" who="1" fromWho="3" sc="179,0,319,29,234,0,268,-29" /><INIT seed="5,1,0,5,0,23" ten="179,348,234,239" oya="1" hai0="101,86,19,25,96,1,27,21,107,94,98,80,105" hai1="129,72,133,126,132,95,20,48,70,130,73,110,13" hai2="39,50,18,79,99,14,71,82,118,102,76,22,60" hai3="59,89,66,78,90,124,33,85,116,40,67,121,3"/><U125/><E70/><V10/><F39/><W41/><G3/><T31/><D1/><U52/><E110/><V109/><F109/><W97/><G33/><T9/><D9/><U58/><E95/><V122/><F118/><W81/><G121/><T128/><D128/><N who="1" m="49259" /><E20/><V65/><F122/><W91/><G124/><N who="1" m="47722" /><E13/><V62/><F62/><N who="3" m="38239" /><G116/><T120/><D120/><U63/><E63/><V45/><F82/><W11/><G67/><T74/><D74/><AGARI ba="1,0" hai="48,52,58,72,73,74,132,133" m="47722,49259" machi="74" ten="40,12000,1" yaku="30,2,19,1,18,1,54,1" doraHai="23" who="1" fromWho="0" sc="179,-123,348,123,234,0,239,0" /><INIT seed="5,2,0,1,5,31" ten="56,471,234,239" oya="1" hai0="5,114,82,97,116,117,11,98,60,0,84,132,24" hai1="27,127,42,73,51,39,14,22,40,41,32,100,70" hai2="19,52,109,126,53,67,10,2,6,122,118,26,58" hai3="35,115,83,92,61,85,17,50,30,95,130,64,111"/><U46/><E70/><V55/><F118/><W69/><G111/><T38/><D38/><U44/><E73/><V133/><F109/><W49/><G115/><T99/><D132/><U74/><E74/><V80/><F133/><W78/><G130/><T135/><D135/><U94/><E127/><V88/><F122/><W68/><G68/><T89/><D114/><U37/><E14/><V13/><F126/><W1/><G1/><T62/><REACH who="0" step="1"/><D24/><REACH who="0" ten="46,471,234,239" step="2"/><U131/><E37/><V7/><F26/><W3/><G3/><T48/><D48/><U90/><E39/><V25/><F25/><W9/><G49/><T119/><AGARI ba="2,1" hai="0,5,11,60,62,82,84,89,97,98,99,116,117,119" machi="119" ten="40,2700,0" yaku="1,1,0,1,53,0" doraHai="31" doraHaiUra="105" who="0" fromWho="0" sc="46,43,471,-15,234,-9,239,-9" /><INIT seed="6,0,0,5,4,88" ten="89,456,225,230" oya="2" hai0="25,75,95,132,84,70,73,91,34,8,17,50,78" hai1="5,57,102,20,42,128,131,110,53,13,68,9,117" hai2="33,113,94,115,92,109,48,39,100,122,51,22,6" hai3="12,40,104,125,67,10,123,135,98,29,127,81,96"/><V49/><F33/><W106/><G123/><T2/><D70/><U119/><E68/><V116/><F39/><W87/><G135/><T121/><D121/><U7/><E110/><V28/><F122/><W93/><G67/><T124/><D124/><N who="3" m="47689" /><G40/><T103/><D132/><U108/><E108/><V56/><F109/><W46/><G46/><T44/><D103/><U45/><E102/><V1/><F116/><W30/><G30/><T107/><D107/><N who="3" m="41001" /><G93/><N who="2" m="35945" /><F100/><W55/><G55/><T19/><D34/><U118/><E53/><V37/><F37/><W32/><G29/><T43/><D2/><U65/><E65/><V71/><F71/><W15/><G32/><T83/><D25/><U79/><E117/><V52/><F6/><N who="3" m="3159" /><G15/><T112/><D112/><N who="2" m="43082" /><F1/><W97/><G97/><T60/><D60/><U105/><E7/><V18/><F28/><W14/><G14/><AGARI ba="0,0" hai="14,18,22,48,49,51,52,56" m="43082,35945" machi="14" ten="30,12000,1" yaku="15,1,52,3,54,1" doraHai="88" who="2" fromWho="3" sc="89,0,456,0,225,120,230,-120" /><INIT seed="6,1,0,4,5,92" ten="89,456,345,110" oya="2" hai0="129,115,48,84,31,87,51,80,118,8,14,125,71" hai1="127,131,104,93,3,50,40,36,123,35,61,112,73" hai2="88,25,81,57,58,12,28,89,33,45,4,106,21" hai3="91,96,68,27,13,103,19,85,43,63,52,41,53"/><V117/><F106/><W38/><G27/><T17/><D71/><U105/><RYUUKYOKU type="yao9" ba="1,0" sc="89,0,456,0,345,0,110,0" hai1="3,35,36,40,50,61,73,93,104,105,112,123,127,131" /><INIT seed="6,2,0,4,1,43" ten="89,456,345,110" oya="2" hai0="50,122,111,124,41,33,134,72,133,82,115,121,66" hai1="27,20,127,39,106,128,56,21,135,65,54,49,51" hai2="23,34,81,35,98,42,108,80,5,4,13,105,96" hai3="7,8,31,70,1,12,114,83,71,0,38,100,130"/><V86/><F108/><W9/><G114/><T90/><D33/><U120/><E39/><V129/><F129/><W110/><G110/><T69/><D72/><U99/><E128/><V93/><F105/><W118/><G118/><T97/><D97/><U85/><E127/><V55/><F42/><W15/><G38/><T46/><D82/><U79/><E135/><N who="0" m="51721" /><D90/><U92/><E106/><V84/><F55/><W18/><G130/><T40/><D111/><U119/><E119/><V88/><F23/><W30/><G100/><T29/><D29/><U44/><E120/><N who="0" m="46185" /><D124/><U11/><E11/><V103/><F96/><W89/><G89/><T2/><D2/><U10/><E10/><V25/><F13/><W19/><G83/><T74/><D74/><U91/><E27/><V24/><F35/><W76/><G76/><T131/><D131/><U26/><E26/><N who="2" m="10347" /><F34/><W102/><G102/><T125/><D125/><U117/><E117/><V63/><F63/><W22/><G22/><T112/><D41/><N who="1" m="24719" /><E65/><V62/><F62/><AGARI ba="2,0" hai="40,46,50,62,66,69,112,115" m="46185,51721" machi="62" ten="40,8000,1" yaku="20,1,34,2,52,1" doraHai="43" who="0" fromWho="2" sc="89,86,456,0,345,-86,110,0" /><INIT seed="7,0,0,3,0,96" ten="175,456,259,110" oya="3" hai0="127,128,62,43,76,69,72,118,31,125,25,124,99" hai1="48,15,114,46,68,45,23,30,40,17,2,119,73" hai2="104,51,91,103,26,14,134,11,22,83,79,39,32" hai3="8,122,135,1,57,50,12,130,66,89,0,101,53"/><W49/><G122/><T84/><D43/><U60/><E2/><V131/><F39/><W34/><G130/><T85/><D62/><U110/><E110/><V126/><F32/><W10/><G135/><T97/><D69/><U58/><E73/><V65/><F134/><W38/><G38/><T21/><D118/><U20/><E114/><V117/><F131/><W112/><G112/><T105/><D128/><U90/><E68/><V88/><F126/><W54/><G34/><T5/><D5/><U80/><E119/><V24/><F24/><W56/><G66/><T82/><REACH who="0" step="1"/><D97/><REACH who="0" ten="165,456,259,110" step="2"/><U3/><E3/><V111/><F117/><W86/><G101/><AGARI ba="0,1" hai="21,25,31,72,76,82,84,85,99,101,105,124,125,127" machi="101" ten="40,8000,1" yaku="1,1,2,1,18,1,52,1,53,0" doraHai="96" doraHaiUra="28" who="0" fromWho="3" sc="165,90,456,0,259,0,110,-80" owari="255,-14.5,456,55.6,259,5.9,30,-47.0" /></mjloggm>