<mjloggm ver="2.3"><GO type="169" lobby="0"/><UN n0="%E4%B9%9D%E7%B4%8B%E9%BE%8D%E5%8F%B2%E9%80%B2" n1="%71%75%65%79%69%6D%65%6E" n2="%E6%84%9B%E3%81%AF%E6%AD%A3%E7%BE%A9" n3="%6B%75%72%69%73%75" dan="19,16,16,16" rate="2299.03,2136.45,2071.31,2158.47" sx="M,M,F,F"/><TAIKYOKU oya="0"/><INIT seed="0,0,0,4,5,36" ten="250,250,250,250" oya="0" hai0="58,77,46,133,74,5,29,67,19,93,35,27,18" hai1="76,44,50,107,71,22,45,40,106,98,16,4,11" hai2="110,17,6,10,68,66,119,121,100,52,31,61,12" hai3="130,1,69,70,24,101,92,120,109,75,91,82,54"/><T60/><D133/><U33/><E33/><V8/><F119/><W85/><G1/><T115/><D115/><U51/><E71/><V132/><F132/><W30/><G109/><T90/><D5/><U127/><E127/><V83/><F121/><W116/><G116/><T23/><D74/><U34/><E34/><V134/><F134/><W53/><G130/><T28/><D77/><U128/><E76/><V56/><F110/><W81/><G120/><T129/><D129/><U79/><E79/><V117/><F117/><W102/><G69/><T9/><D35/><U113/><E98/><V15/><F100/><W39/><G70/><T43/><D19/><U26/><E113/><V111/><F111/><W96/><G39/><T118/><D9/><U95/><E95/><V97/><F97/><W124/><G124/><T57/><D57/><U37/><E128/><V108/><F108/><W62/><G62/><T7/><D7/><U88/><E88/><V55/><F31/><W135/><G135/><T49/><REACH who="0" step="1"/><D118/><REACH who="0" ten="240,250,250,250" step="2"/><U38/><E107/><V105/><F105/><W65/><G75/><T125/><D125/><U72/><E106/><V21/><F68/><W13/><G102/><T42/><D42/><U2/><E72/><V99/><F21/><W73/><G73/><T123/><D123/><U14/><E2/><V32/><F32/><W89/><G101/><T94/><D94/><U86/><REACH who="1" step="1"/><E86/><AGARI ba="0,1" hai="18,23,27,28,29,43,46,49,58,60,67,86,90,93" machi="86" ten="30,11600,0" yaku="1,1,7,1,8,1,52,1,53,0" doraHai="36" doraHaiUra="48" who="0" fromWho="1" sc="240,126,250,-116,250,0,250,0" /><INIT seed="0,1,0,0,3,121" ten="366,134,250,250" oya="0" hai0="29,34,115,58,131,101,78,49,12,26,21,31,48" hai1="4,84,17,86,42,91,25,87,77,23,64,122,117" hai2="30,52,129,76,114,125,0,90,40,9,39,104,41" hai3="105,109,56,32,116,93,79,96,44,28,119,99,73"/><T132/><D115/><U36/><E122/><V134/><F114/><W65/><G105/><T92/><D131/><U22/><E117/><V130/><F125/><W14/><G96/><T106/><D106/><U55/><E64/><V1/><F104/><W70/><G70/><T71/><D71/><U102/><E102/><V20/><F134/><W67/><G28/><T126/><D132/><U68/><E68/><V33/><F33/><W62/><G32/><T61/><D78/><U69/><E69/><V127/><F76/><W11/><G67/><T60/><D60/><U10/><E77/><V46/><F41/><W94/><G44/><T124/><D29/><U19/><E55/><V88/><F127/><N who="0" m="48682" /><D12/><U83/><E42/><V111/><F111/><W72/><G109/><T53/><D34/><U7/><E36/><V75/><F75/><W74/><G79/><T66/><D53/><U24/><REACH who="1" step="1"/><E7/><REACH who="1" ten="366,124,250,250" step="2"/><V118/><F118/><W82/><G119/><T13/><D101/><U37/><E37/><V8/><F52/><W110/><G116/><T107/><D66/><U120/><E120/><V15/><F130/><W18/><G110/><T54/><D48/><U63/><E63/><V108/><F129/><W135/><G135/><T100/><D49/><U80/><E80/><V85/><F39/><W89/><G82/><T2/><D54/><U128/><E128/><V27/><F40/><W45/><G93/><T50/><D92/><U81/><E81/><V35/><F46/><W95/><G45/><T59/><D107/><U6/><E6/><V133/><F133/><W123/><G123/><RYUUKYOKU ba="1,1" sc="366,-15,124,15,250,-15,250,15" hai1="4,10,17,19,22,23,24,25,83,84,86,87,91" hai3="11,14,18,56,62,65,72,73,74,89,94,95,99" /><INIT seed="1,2,1,1,1,18" ten="351,139,235,265" oya="1" hai0="51,3,132,117,73,14,48,112,98,52,121,83,61" hai1="0,131,62,101,130,97,133,116,67,23,128,11,100" hai2="4,47,7,91,2,43,94,54,108,103,92,96,41" hai3="107,8,113,44,118,66,70,35,77,89,109,56,21"/><U63/><E133/><V126/><F108/><W135/><G113/><T125/><D3/><U25/><E116/><V39/><F126/><W69/><G35/><T37/><D37/><U93/><E101/><V104/><F41/><W28/><G107/><T75/><D112/><U22/><E63/><V10/><F7/><W53/><G77/><T49/><D117/><U6/><REACH who="1" step="1"/><E25/><REACH who="1" ten="351,129,235,265" step="2"/><V81/><F54/><W42/><G135/><T80/><D132/><U60/><E60/><V31/><F31/><W5/><G28/><T120/><D61/><U55/><E55/><V124/><F124/><W29/><G29/><T65/><D52/><U64/><E64/><V119/><F119/><W50/><G66/><T127/><D65/><U86/><E86/><V30/><F30/><W13/><G118/><T78/><D125/><U110/><E110/><V33/><F103/><W24/><G109/><T32/><D127/><U79/><E79/><V134/><F134/><W102/><G102/><T122/><D78/><U88/><E88/><V72/><F91/><W58/><G89/><T17/><D98/><U129/><N who="1" m="32768" /><DORA hai="59" /><U85/><E85/><V26/><F96/><W106/><G42/><T19/><D122/><U74/><E74/><V34/><F72/><W99/><G99/><T12/><D75/><U38/><E38/><V68/><F26/><W84/><G84/><T87/><D73/><U71/><AGARI ba="2,2" hai="0,6,11,22,23,62,67,71,93,97,100" m="32768" machi="71" ten="60,18000,2" yaku="1,1,0,1,19,1,52,3,53,0" doraHai="18,59" doraHaiUra="27,82" who="1" fromWho="1" sc="351,-62,129,206,235,-62,265,-62" /><INIT seed="1,3,0,1,5,83" ten="289,335,173,203" oya="1" hai0="78,23,84,116,61,8,59,14,121,130,82,91,123" hai1="36,52,9,2,132,4,7,29,18,16,65,104,89" hai2="53,32,124,110,34,112,92,37,93,80,73,101,22" hai3="71,118,55,103,30,87,120,128,100,86,1,68,95"/><U6/><E36/><V56/><F110/><W35/><G120/><N who="0" m="46155" /><D116/><U109/><E104/><V98/><F112/><W129/><G1/><T0/><D130/><N who="3" m="50281" /><G118/><T66/><D23/><U134/><E65/><V79/><F124/><W131/><N who="3" m="50289" /><W108/><DORA hai="117" /><G108/><T70/><D0/><U106/><E106/><V25/><F37/><W62/><G30/><T126/><D126/><U60/><E109/><V38/><F93/><W127/><G35/><T102/><D102/><N who="3" m="38953" /><G95/><T24/><D24/><U20/><E2/><V44/><F44/><W85/><G127/><T74/><D70/><U33/><E33/><V67/><F67/><W50/><G62/><T125/><D125/><U97/><E29/><V107/><F107/><W43/><G43/><T58/><D58/><AGARI ba="3,0" hai="50,55,58,68,71,85,86,87" m="38953,50289" machi="58" ten="50,8000,1" yaku="19,1,52,3" doraHai="83,117" who="3" fromWho="0" sc="289,-89,335,0,173,0,203,89" /><INIT seed="2,0,0,2,2,64" ten="200,335,173,292" oya="2" hai0="86,12,133,56,27,94,8,23,14,107,2,37,30" hai1="135,68,58,43,51,101,74,100,77,110,79,6,98" hai2="93,22,125,78,31,5,47,3,46,19,35,106,80" hai3="10,123,131,132,84,28,99,73,20,41,62,61,122"/><V57/><F106/><W11/><G73/><T96/><D37/><U85/><E135/><V126/><F31/><W119/><G119/><T7/><D133/><U69/><E74/><V70/><F35/><W52/><G132/><T55/><D86/><U25/><E6/><V118/><F118/><W82/><G131/><T63/><REACH who="0" step="1"/><D107/><REACH who="0" ten="190,335,173,292" step="2"/><U105/><E85/><N who="2" m="48279" /><F93/><W48/><G84/><T95/><D95/><U15/><E105/><V26/><F70/><W116/><G116/><T40/><D40/><U104/><E43/><V114/><F114/><W34/><G41/><T128/><D128/><U42/><E42/><V81/><F81/><W44/><G82/><T53/><D53/><U102/><E69/><V9/><F57/><W16/><G52/><T115/><D115/><U17/><E68/><V134/><F134/><W49/><G122/><T109/><D109/><U21/><E58/><V33/><F33/><W75/><G123/><T91/><AGARI ba="0,1" hai="2,7,8,12,14,23,27,30,55,56,63,91,94,96" machi="91" ten="20,5200,0" yaku="1,1,0,1,7,1,53,1" doraHai="64" doraHaiUra="32" who="0" fromWho="0" sc="190,62,335,-13,173,-26,292,-13" /><INIT seed="3,0,0,3,4,41" ten="252,322,147,279" oya="3" hai0="94,14,40,105,70,110,88,34,7,50,83,33,103" hai1="31,56,87,130,12,84,68,108,22,71,112,119,21" hai2="23,72,35,124,24,63,45,111,5,80,43,131,4" hai3="3,107,18,81,106,58,135,13,86,121,85,109,75"/><W67/><G3/><T59/><D70/><U96/><E112/><V29/><F111/><W89/><G121/><T53/><D110/><U36/><E108/><V93/><F131/><W19/><G75/><T90/><D105/><U116/><E130/><V44/><F124/><W115/><G115/><T26/><D34/><U134/><E96/><V55/><F35/><W57/><G109/><T92/><D103/><U79/><E56/><V48/><F93/><W62/><G135/><T100/><D100/><U51/><E51/><V1/><F1/><W99/><G99/><T114/><D114/><U15/><E79/><V133/><F133/><W16/><G13/><T28/><D40/><U120/><E31/><V118/><F118/><W64/><G85/><T32/><D32/><U11/><E11/><V38/><REACH who="2" step="1"/><F63/><AGARI ba="0,0" hai="16,18,19,57,58,62,63,64,67,81,86,89,106,107" machi="63" ten="40,3900,0" yaku="9,1,54,1" doraHai="41" who="3" fromWho="2" sc="252,0,322,0,147,-39,279,39" /><INIT seed="3,1,0,2,0,45" ten="252,322,108,318" oya="3" hai0="59,66,19,128,0,54,3,12,53,62,6,69,98" hai1="42,84,109,132,36,4,51,24,17,91,88,1,83" hai2="77,34,122,43,94,116,115,105,100,27,95,108,10" hai3="22,16,86,131,118,74,28,134,48,92,114,81,5"/><W14/><G114/><T20/><D128/><U21/><E109/><V79/><F108/><W107/><G118/><T130/><D130/><U65/><E132/><V82/><F115/><W33/><G107/><T90/><D6/><U2/><E36/><V125/><F116/><W9/><G131/><T75/><D75/><U44/><E4/><V80/><F122/><W11/><G134/><T7/><D7/><U99/><E65/><V23/><F34/><W18/><G74/><T26/><D54/><U72/><E72/><V56/><F125/><W50/><G33/><T47/><D47/><U71/><E71/><V8/><F43/><W129/><G92/><T119/><D12/><U13/><E24/><V93/><F105/><W38/><G38/><T97/><D119/><U52/><E42/><V102/><F56/><W39/><G39/><T49/><REACH who="0" step="1"/><D90/><REACH who="0" ten="242,322,108,318" step="2"/><U67/><E67/><V37/><F37/><W60/><G129/><T25/><D25/><U63/><E52/><V120/><F120/><W96/><G5/><T101/><D101/><N who="2" m="39018" /><F27/><W135/><G135/><T58/><D58/><U89/><E44/><V30/><F30/><W87/><G14/><T103/><D103/><U15/><E15/><V85/><F23/><W111/><G28/><T106/><D106/><U46/><E21/><V41/><F41/><W64/><G22/><T123/><D123/><U73/><E46/><V133/><F133/><W35/><G35/><T68/><D68/><U61/><E73/><V40/><F40/><W78/><G111/><T104/><D104/><U32/><E32/><V55/><F55/><RYUUKYOKU ba="1,1" sc="242,15,322,-15,108,15,318,-15" hai0="0,3,19,20,26,49,53,59,62,66,69,97,98" hai2="8,10,77,79,80,82,85,93,94,95" /><INIT seed="4,2,1,4,2,112" ten="257,307,123,303" oya="0" hai0="93,59,15,48,103,79,100,64,121,80,8,124,66" hai1="96,110,82,73,17,89,11,16,111,76,23,128,44" hai2="20,133,101,35,39,41,52,115,29,114,135,67,47" hai3="14,90,24,13,97,3,40,36,9,127,94,116,56"/><T62/><D121/><U43/><E128/><V74/><F74/><W37/><G3/><T21/><D124/><U50/><E11/><V49/><F35/><W1/><G1/><T5/><D64/><U69/><E69/><V125/><F101/><W104/><G127/><T107/><D107/><U83/><E17/><V2/><F2/><W25/><G104/><T0/><D93/><U54/><E96/><V19/><F29/><W58/><G40/><T55/><D21/><U108/><E83/><V71/><F125/><W22/><G22/><T87/><REACH who="0" step="1"/><D0/><REACH who="0" ten="247,307,123,303" step="2"/><U130/><E111/><V7/><F20/><W78/><G94/><T26/><D26/><U61/><E110/><V27/><F27/><W126/><G24/><T77/><D77/><U65/><E108/><V6/><F19/><W85/><G25/><T113/><D113/><N who="2" m="43018" /><F7/><W105/><G78/><T120/><D120/><U131/><E131/><V42/><F6/><W99/><G126/><T30/><D30/><U38/><E130/><V34/><F34/><W123/><G105/><T45/><AGARI ba="2,2" hai="5,8,15,45,48,55,59,62,66,79,80,87,100,103" machi="45" ten="20,7800,0" yaku="1,1,0,1,7,1,8,1,53,0" doraHai="112" doraHaiUra="109" who="0" fromWho="0" sc="247,104,307,-28,123,-28,303,-28" /><INIT seed="4,3,0,1,3,117" ten="351,279,95,275" oya="0" hai0="78,87,90,94,20,31,125,57,11,110,29,72,9" hai1="55,42,30,127,63,101,76,50,36,73,27,54,1" hai2="3,2,45,14,28,119,68,38,129,120,89,134,5" hai3="25,135,46,62,23,47,107,6,59,123,122,108,79"/><T109/><D125/><U104/><E127/><V75/><F75/><W121/><G108/><N who="0" m="41579" /><D57/><U116/><E116/><V81/><F68/><W106/><G135/><T26/><D29/><U98/><E1/><V66/><F66/><N who="3" m="39263" /><G6/><T84/><D72/><U130/><E130/><V41/><F119/><W8/><G8/><N who="0" m="3147" /><D78/><U65/><E36/><V4/><F129/><W77/><G77/><T88/><D90/><U97/><E76/><V12/><F134/><W71/><G71/><T74/><D74/><U61/><E73/><V0/><F28/><N who="3" m="17471" /><G79/><T37/><D37/><U92/><E63/><V126/><F126/><W128/><G128/><T16/><D31/><U44/><E97/><AGARI ba="3,0" hai="16,20,26,84,87,88,94,97" m="3147,41579" machi="97" ten="30,5800,0" yaku="10,1,54,2" doraHai="117" who="0" fromWho="1" sc="351,67,279,-67,95,0,275,0" /><INIT seed="4,4,0,5,0,103" ten="418,212,95,275" oya="0" hai0="83,24,1,20,125,86,48,65,8,67,96,29,85" hai1="19,60,40,94,131,74,112,111,80,129,107,61,32" hai2="46,7,27,4,25,6,115,118,5,104,38,130,119" hai3="10,62,59,113,106,100,77,97,64,26,43,15,128"/><T42/><D125/><U84/><E111/><V51/><F38/><W12/><G113/><T44/><D86/><U41/><E112/><V93/><F104/><W52/><G128/><T110/><D110/><U58/><E32/><V109/><F109/><W13/><G43/><T124/><D124/><U108/><E94/><V66/><F115/><W18/><G77/><T71/><D71/><U56/><E74/><V91/><F130/><N who="1" m="49673" /><E19/><V73/><F66/><W117/><G117/><N who="2" m="44553" /><F73/><W17/><G64/><T50/><D96/><U22/><E22/><V99/><N who="2" m="1024" /><DORA hai="120" /><V54/><AGARI ba="4,0" hai="25,27,46,51,54,91,93,99" m="1024,44553" machi="54" ten="50,3200,0" yaku="4,1,12,1" doraHai="103,120" who="2" fromWho="2" sc="418,-20,212,-12,95,44,275,-12" /><INIT seed="5,0,0,1,5,20" ten="398,200,139,263" oya="1" hai0="9,27,61,113,108,115,73,5,33,65,123,118,87" hai1="19,107,64,25,3,14,133,70,112,10,95,100,18" hai2="89,117,90,74,23,79,97,125,83,44,66,99,106" hai3="114,36,71,46,126,51,62,122,92,42,78,28,56"/><U81/><E112/><N who="0" m="43081" /><D73/><U88/><E133/><V67/><F117/><W101/><G114/><T41/><D108/><U109/><E109/><V24/><F125/><W68/><G122/><T80/><D41/><U38/><E38/><V54/><F99/><W22/><G78/><T48/><D48/><U26/><E3/><V105/><F66/><W98/><G126/><T134/><D118/><U94/><E107/><V72/><F67/><N who="3" m="39367" /><G36/><T15/><D123/><U96/><E64/><V32/><F32/><W60/><G60/><T6/><D134/><U37/><E37/><V116/><F116/><W124/><G124/><T63/><D6/><U16/><E70/><V7/><F7/><W35/><G35/><T127/><D127/><U128/><E81/><V103/><F72/><W49/><G49/><T1/><D1/><U4/><E128/><V85/><F105/><W110/><G110/><T76/><D65/><U130/><E130/><V91/><F44/><W77/><G77/><T57/><D57/><U53/><E53/><V102/><F102/><W129/><G129/><T69/><D69/><U31/><E31/><AGARI ba="0,0" hai="5,9,15,27,31,33,61,63,76,80,87" m="43081" machi="31" ten="30,2000,0" yaku="15,1,52,1" doraHai="20" who="0" fromWho="1" sc="398,20,200,-20,139,0,263,0" /><INIT seed="6,0,0,5,2,13" ten="418,180,139,263" oya="2" hai0="126,92,85,31,95,27,48,15,97,123,91,107,26" hai1="24,102,93,105,2,111,58,130,45,62,118,129,112" hai2="117,64,77,60,30,40,29,119,16,79,39,70,66" hai3="132,3,113,120,47,76,127,101,57,25,131,71,133"/><V34/><F40/><W41/><G3/><T128/><D123/><U51/><E111/><V46/><F46/><W88/><G120/><T55/><D126/><U56/><E118/><V43/><F43/><W0/><G0/><T32/><D128/><N who="1" m="49259" /><E105/><V72/><F39/><W83/><G71/><T99/><D107/><U36/><E36/><V82/><F79/><W100/><G113/><T81/><D27/><U50/><E2/><V103/><F66/><W90/><G127/><T94/><REACH who="0" step="1"/><D15/><REACH who="0" ten="408,180,139,263" step="2"/><U65/><E112/><V8/><F103/><W67/><G25/><T87/><D87/><U80/><E24/><V89/><F34/><W75/><G131/><T11/><D11/><U78/><E102/><V12/><REACH who="2" step="1"/><F89/><REACH who="2" ten="408,180,129,263" step="2"/><N who="3" m="34411" /><G100/><T116/><D116/><AGARI ba="0,2" hai="8,12,16,29,30,60,64,70,72,77,82,116,117,119" machi="116" ten="40,7700,0" yaku="1,1,52,1,54,1,53,0" doraHai="13" doraHaiUra="17" who="2" fromWho="0" sc="408,-77,180,0,129,97,263,0" /><INIT seed="6,1,0,2,4,7" ten="331,180,226,263" oya="2" hai0="20,109,8,79,57,73,19,49,106,110,66,102,25" hai1="122,45,64,113,48,60,83,111,68,24,40,72,135" hai2="96,134,123,54,6,31,99,32,46,63,29,62,115" hai3="120,119,17,22,58,36,10,44,117,84,94,118,27"/><V50/><F123/><W47/><G120/><T128/><D128/><U14/><E122/><V16/><F115/><W26/><G36/><T70/><D70/><U86/><E111/><V133/><F6/><W88/><G58/><T11/><D73/><U130/><E72/><V71/><F71/><W56/><G56/><T61/><D79/><U33/><E135/><N who="2" m="51723" /><F99/><W100/><G100/><T78/><D78/><U121/><E121/><V131/><F131/><W124/><G124/><T125/><D125/><U101/><E130/><V28/><F96/><W80/><G26/><T112/><D112/><U104/><E113/><V35/><F16/><W103/><G103/><T55/><D102/><U67/><E67/><V34/><AGARI ba="1,0" hai="28,29,31,32,34,35,46,50,54,62,63" m="51723" machi="34" ten="40,2100,0" yaku="20,1" doraHai="7" who="2" fromWho="2" sc="331,-8,180,-8,226,24,263,-8" /><INIT seed="6,2,0,0,4,79" ten="323,172,250,255" oya="2" hai0="30,43,45,95,116,104,129,70,32,82,119,28,40" hai1="92,0,115,37,6,22,120,39,73,9,16,107,49" hai2="113,122,80,61,121,3,5,131,103,78,21,31,133" hai3="14,68,132,75,126,20,62,2,10,42,87,29,71"/><V105/><F113/><W27/><G75/><T111/><D111/><U117/><E107/><V34/><F131/><W56/><G126/><T94/><D104/><U84/><E73/><N who="2" m="43087" /><F21/><W108/><G108/><T50/><D70/><U134/><E117/><N who="0" m="45129" /><D129/><U33/><E33/><V17/><F17/><W101/><G132/><T54/><D82/><U81/><E134/><V38/><F61/><W106/><G2/><T123/><D123/><U88/><E120/><V114/><F114/><W130/><G42/><N who="0" m="15915" /><D32/><U8/><E115/><V135/><F38/><W93/><G106/><T83/><D83/><U96/><E49/><V63/><F63/><W97/><G87/><T47/><D45/><U91/><E9/><N who="2" m="2239" /><F135/><W4/><REACH who="3" step="1"/><G130/><REACH who="3" ten="323,172,250,245" step="2"/><T1/><D1/><U24/><AGARI ba="2,1" hai="0,6,8,16,22,24,37,39,81,84,88,91,92,96" machi="24" ten="20,8000,1" yaku="0,1,7,1,52,1,54,2" doraHai="79" who="1" fromWho="1" sc="323,-22,172,96,250,-42,245,-22" /><INIT seed="7,0,0,5,5,65" ten="301,268,208,223" oya="3" hai0="22,130,132,6,71,112,2,86,13,14,20,5,105" hai1="23,18,91,21,78,30,126,63,38,42,77,68,133" hai2="24,115,113,52,100,50,72,117,124,37,61,29,81" hai3="131,26,129,69,96,34,122,46,114,43,1,41,111"/><W36/><G122/><T88/><D71/><U10/><E38/><V125/><F100/><W75/><G1/><T76/><D105/><U116/><E42/><V119/><F81/><W123/><G123/><T89/><D2/><U67/><E133/><V82/><F82/><W3/><G3/><T74/><D74/><U27/><E126/><N who="2" m="48747" /><F72/><W106/><G75/><T16/><D132/><U9/><E116/><N who="2" m="44619" /><F37/><W70/><G114/><N who="2" m="43529" /><F24/><W44/><G111/><T57/><D112/><U56/><E91/><V25/><F25/><W93/><G106/><T64/><D76/><U103/><E103/><V120/><F29/><N who="3" m="19767" /><G43/><T90/><D86/><U7/><E78/><V66/><F120/><W40/><G40/><T99/><D99/><U31/><E77/><V39/><F39/><W102/><G44/><T4/><D90/><U109/><E31/><V128/><F128/><AGARI ba="0,0" hai="36,41,46,69,70,93,96,102,128,129,131" m="19767" machi="128" ten="30,5800,0" yaku="19,1,52,2" doraHai="65" who="3" fromWho="2" sc="301,0,268,0,208,-58,223,58" /><INIT seed="7,1,0,2,1,73" ten="301,268,150,281" oya="3" hai0="71,82,121,96,109,86,24,41,4,90,66,38,50" hai1="111,84,49,23,112,104,98,87,10,102,70,13,35" hai2="28,46,53,45,99,25,83,21,40,67,5,54,134" hai3="32,29,129,56,14,16,120,74,17,31,119,34,69"/><W127/><G69/><T92/><D109/><U105/><E111/><V62/><F134/><W77/><G119/><T81/><D121/><U115/><E35/><V79/><F5/><W39/><G39/><T61/><D38/><U42/><E105/><V44/><F40/><W117/><G117/><T0/><D0/><U114/><E70/><V106/><F106/><W27/><G120/><T118/><D4/><U91/><E23/><V58/><REACH who="2" step="1"/><F99/><REACH who="2" ten="301,268,140,281" step="2"/><W9/><G32/><T59/><D118/><U72/><E42/><V36/><F36/><W7/><G34/><T55/><D41/><U20/><E98/><V94/><F94/><W107/><G107/><T101/><D24/><U110/><E104/><AGARI ba="1,1" hai="50,55,59,61,66,71,81,82,86,90,92,96,101,104" machi="104" ten="30,1000,0" yaku="7,1" doraHai="73" who="0" fromWho="1" sc="301,23,268,-13,140,0,281,0" owari="324,42.4,255,-14.5,140,-36.0,281,8.1" /></mjloggm>