<mjloggm ver="2.3"><GO type="225" lobby="0"/><UN n0="%E3%81%AF%E3%82%88%E3%81%8A%E3%81%98%E3%81%95%E3%82%93" n1="%E7%B4%94%E6%BD%94%E3%83%94%E3%83%A9%E3%83%8B%E3%82%A2" n2="%E3%81%82%E3%81%84%E3%81%82%E3%81%8A%E3%81%84" n3="%E6%98%93%E5%88%A9%E8%96%A9%E4%BC%AF" dan="16,16,18,17" rate="2188.64,2201.36,2233.11,2222.41" sx="M,M,M,F"/><TAIKYOKU oya="0"/><INIT seed="0,0,0,2,5,75" ten="250,250,250,250" oya="0" hai0="105,59,117,46,116,69,124,118,126,96,54,62,93" hai1="42,79,90,77,35,10,25,103,48,26,16,0,56" hai2="132,134,104,94,89,53,22,14,44,70,135,129,74" hai3="97,110,68,50,9,107,87,60,13,21,12,72,100"/><T3/><D3/><U98/><E35/><V101/><F70/><W49/><G72/><T78/><D105/><U91/><E0/><V2/><F2/><W106/><G106/><T36/><D69/><U131/><E131/><V128/><F74/><W29/><G110/><T66/><D93/><N who="1" m="58831" /><E26/><V111/><F111/><W32/><G21/><T121/><D96/><U115/><E115/><V114/><F114/><W30/><G13/><T31/><D31/><U7/><E7/><V20/><F101/><W76/><G30/><T127/><D78/><N who="1" m="29707" /><E56/><V84/><F104/><W52/><G68/><T82/><D82/><U40/><E48/><N who="2" m="28807" /><F14/><W38/><G38/><T18/><D18/><U41/><E10/><V120/><F120/><W65/><G32/><T85/><D85/><U88/><E41/><V8/><F8/><W67/><G29/><T80/><D80/><U99/><E99/><V81/><F81/><W27/><G27/><T64/><D121/><U51/><E51/><V113/><F113/><W119/><G50/><T6/><D6/><U33/><E33/><V83/><F83/><W61/><G119/><T11/><D11/><U43/><E43/><AGARI ba="0,0" hai="36,43,46,54,59,62,64,66,116,117,118,124,126,127" machi="43" ten="50,12000,1" yaku="18,1,34,3" doraHai="75" who="0" fromWho="1" sc="250,120,250,-120,250,0,250,0" /><INIT seed="0,1,0,0,5,128" ten="370,130,250,250" oya="0" hai0="56,25,42,113,70,67,105,114,76,41,27,91,51" hai1="121,77,19,28,14,40,17,74,98,30,16,79,109" hai2="36,21,94,103,58,66,72,9,59,34,120,104,135" hai3="102,118,115,89,22,80,6,93,85,31,46,38,29"/><T55/><D105/><U100/><E121/><V132/><F34/><W13/><G115/><T127/><D76/><U48/><E109/><V130/><F120/><W124/><G118/><T7/><D7/><U65/><E65/><V73/><F130/><W52/><G124/><T47/><D91/><U84/><E74/><V63/><F36/><W111/><G111/><T12/><D12/><U88/><E14/><V49/><F104/><W125/><G125/><T64/><D127/><U117/><E117/><V87/><F21/><W133/><G133/><N who="2" m="51273" /><F9/><W24/><G38/><N who="0" m="21943" /><D67/><U50/><E77/><V23/><F23/><W126/><G126/><T86/><D86/><U82/><E79/><V131/><F131/><W20/><G6/><T123/><D123/><U92/><REACH who="1" step="1"/><E40/><REACH who="1" ten="370,120,250,250" step="2"/><V60/><F73/><W11/><G13/><T43/><D25/><U57/><E57/><V108/><F72/><W26/><G11/><T99/><D27/><U10/><E10/><V83/><F108/><W112/><G112/><T4/><D42/><U45/><E45/><V116/><F116/><W134/><G134/><T75/><D75/><U53/><E53/><N who="2" m="32047" /><F59/><W97/><G46/><T61/><D43/><U5/><E5/><V18/><F66/><W0/><G0/><T107/><D4/><U69/><E69/><V78/><F18/><W54/><AGARI ba="1,1" hai="20,22,24,26,29,31,52,54,80,85,89,93,97,102" machi="54" ten="30,7900,0" yaku="0,1,9,1,8,1,54,1" doraHai="128" who="3" fromWho="3" sc="370,-40,120,-21,250,-21,250,92" /><INIT seed="1,0,0,0,0,37" ten="330,99,229,342" oya="1" hai0="114,35,134,2,1,97,131,72,10,120,104,106,91" hai1="125,135,29,41,98,68,107,111,55,58,54,116,65" hai2="127,99,74,40,85,32,46,105,43,122,77,8,81" hai3="5,31,50,19,14,87,80,129,36,42,69,96,15"/><U112/><E116/><V71/><F122/><W24/><G36/><T61/><D91/><U6/><E112/><V78/><F71/><W119/><G69/><T21/><D21/><U57/><E125/><V102/><F32/><W75/><G129/><T100/><D114/><U22/><E135/><V90/><F127/><W16/><G75/><T124/><D124/><U70/><E6/><V4/><F46/><N who="3" m="25943" /><G96/><T64/><D131/><U48/><E65/><V113/><F113/><W73/><G73/><T76/><D134/><U9/><E9/><V52/><F52/><W39/><G39/><T0/><D120/><U88/><E41/><V26/><F26/><W132/><G119/><T51/><D51/><U67/><E67/><V27/><F27/><W83/><G83/><N who="0" m="45447" /><D35/><U103/><E111/><V28/><F28/><W59/><G59/><T25/><D25/><U92/><E22/><V95/><REACH who="2" step="1"/><F78/><REACH who="2" ten="330,99,219,342" step="2"/><N who="3" m="46487" /><G132/><T101/><D64/><U94/><E29/><V62/><F62/><W11/><G15/><AGARI ba="0,1" hai="4,8,15,40,43,74,77,81,85,90,95,99,102,105" machi="15" ten="30,12000,2" yaku="1,1,7,1,24,2,52,2,53,0" doraHai="37" doraHaiUra="47" who="2" fromWho="3" sc="330,0,99,0,219,130,342,-120" /><INIT seed="2,0,0,0,1,70" ten="330,99,349,222" oya="2" hai0="87,31,4,86,37,17,6,18,134,58,43,106,62" hai1="110,129,108,128,10,75,3,116,113,22,120,0,50" hai2="100,122,71,79,105,51,124,95,83,67,76,63,77" hai3="32,57,44,45,115,19,9,132,16,40,38,65,98"/><V34/><F122/><W104/><G32/><T52/><D106/><U21/><E50/><V117/><F117/><W27/><G132/><T123/><D123/><U82/><E82/><V111/><F34/><W14/><G115/><T107/><D107/><U119/><E75/><V84/><F124/><W125/><G125/><T53/><D134/><U36/><E36/><V80/><F111/><W81/><G81/><T72/><D72/><U13/><E13/><V60/><F105/><W8/><G45/><T46/><D31/><U30/><E30/><V78/><F51/><W54/><G65/><T126/><D126/><U118/><E10/><V64/><F100/><W29/><G98/><T88/><D86/><U90/><E90/><V101/><F101/><W48/><G104/><T91/><D91/><U2/><E113/><V93/><REACH who="2" step="1"/><F83/><REACH who="2" ten="330,99,339,222" step="2"/><W47/><G47/><T28/><D46/><U131/><REACH who="1" step="1"/><E120/><REACH who="1" ten="330,89,339,222" step="2"/><V130/><F130/><W7/><REACH who="3" step="1"/><G9/><REACH who="3" ten="330,89,339,212" step="2"/><T15/><D43/><U25/><E25/><V112/><F112/><W26/><G26/><T68/><D37/><U74/><E74/><V127/><F127/><W102/><G102/><T66/><D88/><U61/><E61/><V94/><F94/><W133/><G133/><T42/><D62/><U69/><E69/><AGARI ba="0,3" hai="60,63,64,67,69,71,76,77,78,79,80,84,93,95" machi="69" ten="40,3900,0" yaku="1,1,9,1,53,0" doraHai="70" doraHaiUra="5" who="2" fromWho="1" sc="330,0,89,-39,339,69,212,0" /><INIT seed="2,1,0,3,0,77" ten="330,50,408,212" oya="2" hai0="69,14,29,55,38,109,5,64,57,129,86,59,74" hai1="13,79,113,63,110,71,121,45,18,49,10,90,84" hai2="27,39,44,8,123,130,75,7,87,98,112,41,103" hai3="62,37,19,76,53,133,68,105,56,32,11,132,1"/><V106/><F112/><W101/><G37/><T3/><D74/><U125/><E110/><V81/><F123/><W131/><G32/><T4/><D3/><U48/><E125/><V40/><F130/><W96/><G131/><T119/><D129/><U122/><E113/><V42/><F27/><W93/><G68/><T100/><D38/><U34/><E34/><V78/><REACH who="2" step="1"/><F87/><REACH who="2" ten="330,50,398,212" step="2"/><W97/><G133/><T126/><D86/><U61/><E79/><V134/><F134/><W65/><G132/><T102/><D126/><U66/><E63/><V6/><F6/><W23/><G62/><T22/><D4/><U108/><E108/><V24/><F24/><W128/><G128/><T104/><D5/><U28/><E28/><V46/><F46/><W12/><G19/><T15/><D29/><U117/><E117/><V31/><F31/><W95/><G1/><AGARI ba="1,1" hai="1,7,8,39,40,41,42,44,75,78,81,98,103,106" machi="1" ten="30,12000,1" yaku="1,1,7,1,25,2,52,1,53,0" doraHai="77" doraHaiUra="89" who="2" fromWho="3" sc="330,0,50,0,398,133,212,-123" /><INIT seed="2,2,0,4,5,41" ten="330,50,531,89" oya="2" hai0="93,94,51,10,52,109,1,78,66,46,24,21,27" hai1="112,86,122,31,59,60,25,44,42,91,18,98,120" hai2="32,11,49,26,72,110,105,77,2,28,3,76,84" hai3="33,63,88,4,17,121,135,99,82,36,56,81,101"/><V12/><F105/><W68/><G121/><N who="1" m="46698" /><E98/><V129/><F129/><W92/><G33/><T124/><D109/><U62/><E18/><V43/><F110/><W126/><G68/><T65/><D124/><U74/><E74/><V75/><F72/><W87/><G36/><T64/><D78/><U7/><E7/><V70/><F70/><W133/><G126/><T35/><D35/><N who="1" m="20975" /><E59/><V45/><F75/><W58/><G4/><T123/><D123/><U114/><E62/><V97/><F97/><W47/><G47/><T30/><D1/><U39/><E60/><V134/><F134/><N who="3" m="51211" /><G17/><T107/><D107/><U130/><E130/><V67/><F67/><N who="3" m="39399" /><G58/><T6/><REACH who="0" step="1"/><D27/><REACH who="0" ten="320,50,531,89" step="2"/><U22/><E22/><V113/><F77/><W73/><G73/><T55/><D55/><U9/><E9/><V37/><F76/><W13/><G13/><T40/><D40/><U85/><E85/><V117/><F84/><W111/><G111/><T102/><D102/><U71/><E71/><V90/><F12/><W80/><AGARI ba="2,1" hai="80,81,82,87,88,92,99,101" m="39399,51211" machi="80" ten="30,2000,0" yaku="20,1,54,1" doraHai="41" who="3" fromWho="3" sc="320,-7,50,-7,531,-12,89,36" /><INIT seed="3,0,0,2,0,42" ten="313,43,519,125" oya="3" hai0="39,41,100,13,124,105,94,102,9,114,74,54,111" hai1="12,88,127,132,5,135,98,19,104,0,86,85,99" hai2="22,119,65,25,29,109,52,18,15,92,84,97,116" hai3="131,73,71,66,78,82,47,81,16,31,1,37,24"/><W118/><G118/><T11/><D74/><U51/><E0/><V107/><F109/><W2/><G131/><T30/><D111/><U103/><E5/><V129/><F129/><W90/><G71/><T44/><D105/><U108/><E108/><V58/><F84/><W21/><G66/><T28/><D124/><U120/><E120/><V123/><F107/><W7/><G82/><T91/><D114/><U126/><E19/><V32/><F65/><W35/><G90/><T43/><D41/><U64/><E64/><V10/><F32/><W59/><G59/><T63/><D54/><U20/><E51/><V121/><F121/><W130/><G130/><T33/><D63/><U69/><E69/><V87/><F87/><N who="1" m="33289" /><E12/><V72/><F72/><W125/><G125/><N who="1" m="47626" /><E20/><V34/><F34/><W122/><G122/><T62/><D62/><U110/><E110/><V45/><F45/><W49/><G37/><T6/><D9/><U101/><E101/><V115/><F115/><W128/><G7/><T133/><D133/><U112/><E112/><V57/><F57/><W134/><G134/><T79/><D79/><U46/><E46/><V70/><F70/><W113/><G113/><T17/><D6/><U40/><E40/><V76/><F76/><W75/><G128/><T4/><D4/><U96/><E96/><V61/><REACH who="2" step="1"/><F123/><REACH who="2" ten="313,43,509,125" step="2"/><W14/><G75/><T27/><REACH who="0" step="1"/><D30/><REACH who="0" ten="303,43,509,125" step="2"/><U67/><E67/><V89/><AGARI ba="0,2" hai="10,15,18,22,25,29,52,58,61,89,92,97,116,119" machi="89" ten="20,12000,2" yaku="1,1,2,1,0,1,7,1,54,1,53,1" doraHai="42" doraHaiUra="48" who="2" fromWho="2" sc="303,-30,43,-30,509,140,125,-60" owari="273,7.3,13,-48.7,649,74.9,65,-33.5" /></mjloggm>