<mjloggm ver="2.3"><GO type="169" lobby="0"/><UN n0="%64%69%76%61" n1="%E5%A7%9C" n2="%E3%81%A1%E3%82%83%E3%82%93%E3%81%AE%E3%81%B6" n3="%E3%81%9F%E3%81%8B%31%34%31" dan="16,16,17,16" rate="2047.73,2139.29,2123.98,2135.57" sx="M,M,M,M"/><TAIKYOKU oya="0"/><INIT seed="0,0,0,2,1,126" ten="250,250,250,250" oya="0" hai0="122,81,12,110,51,82,37,22,48,10,33,1,13" hai1="91,127,87,16,21,93,40,106,131,4,121,46,73" hai2="72,97,89,34,66,132,111,68,17,78,85,50,104" hai3="70,38,5,62,114,36,115,107,61,116,59,71,44"/><T45/><D122/><U103/><E121/><V128/><F34/><W28/><G107/><T135/><D33/><U20/><E73/><V80/><F111/><W27/><G5/><T25/><D110/><U18/><E127/><V99/><F132/><W119/><G27/><T88/><D135/><U113/><E4/><V56/><F68/><W120/><G28/><T125/><D125/><U24/><E113/><V98/><F17/><W124/><G124/><T11/><D37/><U8/><E8/><N who="0" m="3113" /><D1/><U117/><E117/><V15/><F15/><N who="0" m="5706" /><D45/><U79/><E21/><V118/><F118/><W9/><G9/><T134/><D134/><U39/><E18/><V77/><F104/><W54/><G120/><T47/><D47/><U2/><E2/><V84/><F72/><W109/><G44/><T53/><D53/><U67/><E67/><V76/><F66/><W123/><G123/><T32/><D32/><U101/><E106/><V57/><F50/><N who="0" m="18986" /><D88/><U19/><E19/><AGARI ba="0,0" hai="19,22,25,81,82" m="18986,5706,3113" machi="19" ten="30,1500,0" yaku="8,1" doraHai="126" who="0" fromWho="1" sc="250,15,250,-15,250,0,250,0" /><INIT seed="0,1,0,2,0,9" ten="265,235,250,250" oya="0" hai0="19,116,74,42,6,102,123,21,43,55,105,95,7" hai1="24,93,70,78,114,59,77,97,75,132,72,115,130" hai2="49,12,106,54,128,100,16,1,11,71,10,61,60" hai3="135,125,73,131,20,31,121,27,68,90,66,37,5"/><T88/><D123/><U13/><E70/><V113/><F113/><N who="1" m="43017" /><E24/><V127/><F128/><W39/><G73/><N who="1" m="28234" /><E59/><V129/><F129/><W48/><G131/><T82/><D116/><U108/><E130/><V80/><F71/><W79/><G79/><N who="1" m="30218" /><E13/><V85/><F1/><W94/><G68/><T46/><D55/><U120/><E120/><V51/><F10/><W2/><G121/><T30/><D30/><U36/><E36/><V109/><F61/><W122/><G122/><T111/><D42/><U62/><E62/><V118/><F60/><W52/><G39/><T47/><D47/><U50/><E50/><V117/><F51/><W98/><G37/><T34/><D34/><U81/><E108/><V96/><F109/><W25/><G2/><T76/><D111/><U110/><E110/><V64/><F64/><W53/><G66/><T29/><D29/><U92/><E132/><V57/><REACH who="2" step="1"/><F127/><REACH who="2" ten="265,235,240,250" step="2"/><W14/><G125/><T33/><D43/><U107/><E81/><V44/><F44/><W32/><G48/><T22/><D46/><U83/><E83/><V124/><F124/><W18/><G135/><T38/><D38/><U87/><E87/><V67/><F67/><W112/><G112/><T134/><D134/><U58/><E58/><V84/><F84/><W0/><G0/><T41/><D41/><U99/><E99/><V69/><F69/><W45/><G45/><T35/><D82/><U15/><E15/><V119/><F119/><W91/><G53/><T23/><D74/><U56/><E56/><V17/><F17/><W8/><G52/><T3/><D19/><RYUUKYOKU ba="1,1" sc="265,-30,235,10,240,10,250,10" hai1="92,93,97,107" hai2="11,12,16,49,54,57,80,85,96,100,106,117,118" hai3="5,8,14,18,20,25,27,31,32,90,91,94,98" /><INIT seed="1,2,1,1,4,11" ten="235,245,250,260" oya="1" hai0="72,121,84,16,123,93,38,71,63,125,55,107,49" hai1="92,21,26,32,4,110,18,67,102,68,34,81,128" hai2="8,57,69,90,116,129,35,29,100,106,135,117,6" hai3="15,54,108,65,70,127,103,19,133,23,62,52,66"/><U45/><E128/><V28/><F69/><W86/><G108/><T122/><D38/><U43/><E110/><V60/><F129/><W131/><G131/><T24/><D72/><U85/><E4/><V2/><F135/><W73/><G73/><T104/><D125/><U25/><E25/><V17/><F90/><W82/><G133/><T27/><D27/><U9/><E9/><V77/><F77/><W56/><G127/><T41/><D41/><U76/><E67/><V130/><F130/><W22/><G103/><T83/><D93/><U98/><REACH who="1" step="1"/><E68/><REACH who="1" ten="235,235,250,260" step="2"/><V88/><F116/><W115/><G115/><T126/><D71/><U3/><E3/><V47/><F117/><W95/><G66/><T12/><D126/><U31/><E31/><V58/><F2/><W96/><G70/><T74/><D24/><U5/><E5/><V61/><F6/><W120/><G120/><T124/><D124/><U40/><E40/><V59/><F8/><W94/><G23/><T75/><D122/><U111/><E111/><V36/><F29/><W105/><G65/><T119/><D123/><U51/><AGARI ba="2,2" hai="18,21,26,32,34,43,45,51,76,81,85,92,98,102" machi="51" ten="20,7800,0" yaku="1,1,0,1,7,1,53,1" doraHai="11" doraHaiUra="20" who="1" fromWho="1" sc="235,-28,235,104,250,-28,260,-28" /><INIT seed="1,3,0,1,3,115" ten="207,339,222,232" oya="1" hai0="128,123,3,21,97,80,57,118,9,51,62,73,63" hai1="76,101,4,25,107,26,50,18,110,90,64,42,100" hai2="54,27,81,29,102,52,2,16,78,111,82,129,135" hai3="30,28,65,114,99,104,58,39,84,10,117,69,87"/><U79/><E4/><V38/><F2/><W133/><G114/><T77/><D128/><U98/><E101/><V95/><F38/><W83/><G39/><T45/><D123/><U109/><E64/><V119/><F111/><N who="1" m="42505" /><E90/><V108/><F108/><W33/><G69/><T121/><D121/><U1/><E1/><V131/><F102/><W71/><G71/><T55/><D97/><U20/><E26/><V105/><F105/><W5/><G104/><T40/><D3/><U89/><E89/><V17/><F78/><W75/><G5/><T11/><D9/><U56/><E56/><V60/><F27/><W59/><G58/><T112/><D11/><U85/><E85/><V122/><F122/><W116/><G10/><T22/><D112/><U31/><E31/><V41/><F29/><W93/><G59/><T14/><D14/><U67/><E67/><V8/><F8/><W37/><G65/><T70/><D70/><U72/><E72/><V125/><F131/><W44/><G75/><T36/><D63/><U124/><E124/><V53/><F125/><W47/><G87/><T19/><D62/><U126/><E126/><V7/><F7/><W6/><G6/><T15/><REACH who="0" step="1"/><D21/><REACH who="0" ten="197,339,222,232" step="2"/><U61/><E61/><V23/><F23/><W24/><G99/><T66/><D66/><U134/><E134/><V88/><F129/><W0/><G133/><T130/><D130/><U13/><E13/><V35/><F60/><W103/><G0/><T46/><D46/><AGARI ba="3,1" hai="18,20,25,42,46,50,76,79,98,100,107" m="42505" machi="46" ten="30,2900,0" yaku="14,1,10,1" doraHai="115" who="1" fromWho="0" sc="197,-38,339,48,222,0,232,0" /><INIT seed="1,4,0,0,1,1" ten="159,387,222,232" oya="1" hai0="79,96,6,121,36,26,60,9,30,25,95,107,8" hai1="24,15,7,68,83,120,100,10,41,123,62,82,117" hai2="85,122,2,49,74,132,12,47,119,73,52,109,18" hai3="27,75,80,33,28,21,11,3,129,69,23,134,84"/><U51/><E117/><V55/><F119/><W17/><G69/><T108/><D108/><U14/><E100/><V76/><F122/><W98/><G75/><T58/><D36/><U102/><E102/><V67/><F109/><W48/><G129/><T92/><D121/><U133/><E133/><V105/><F105/><W31/><G134/><T131/><D131/><U86/><E120/><V130/><F130/><W128/><G128/><T59/><D25/><U61/><E68/><V91/><F2/><W19/><G98/><T45/><D9/><N who="1" m="4415" /><E24/><V127/><F67/><W65/><G65/><T63/><D79/><N who="1" m="46431" /><E83/><V43/><F132/><W99/><G99/><T40/><D107/><U38/><E38/><V56/><F76/><W124/><G33/><T50/><D96/><U64/><E64/><V66/><F66/><W113/><G113/><T22/><D60/><U114/><E114/><V101/><F101/><W34/><G34/><T71/><D71/><U115/><E115/><V104/><F104/><W126/><G80/><T94/><REACH who="0" step="1"/><D63/><REACH who="0" ten="149,387,222,232" step="2"/><U70/><E70/><V87/><F91/><W78/><G27/><T90/><D90/><U39/><E39/><V97/><F97/><W88/><G78/><T53/><D53/><U54/><E123/><V5/><F55/><W72/><G88/><T57/><D57/><N who="1" m="32991" /><E41/><V4/><F74/><W93/><G72/><T106/><D106/><U125/><E125/><V81/><F127/><W112/><G126/><T13/><AGARI ba="4,1" hai="6,8,13,22,26,30,40,45,50,58,59,92,94,95" machi="13" ten="30,7900,0" yaku="1,1,0,1,8,1,52,1,53,0" doraHai="1" doraHaiUra="103" who="0" fromWho="0" sc="149,101,387,-43,222,-24,232,-24" /><INIT seed="2,0,0,3,3,132" ten="250,344,198,208" oya="2" hai0="80,65,126,112,44,121,27,98,3,35,48,24,42" hai1="29,51,106,114,97,33,127,43,0,123,54,37,28" hai2="18,86,130,13,66,2,50,100,41,15,30,125,8" hai3="22,76,94,79,19,134,21,104,81,109,14,88,122"/><V75/><F75/><W77/><G122/><T107/><D121/><U85/><E123/><V55/><F130/><W39/><G104/><T67/><D112/><U38/><E114/><V113/><F113/><W131/><G134/><T115/><D115/><U59/><E0/><V64/><F2/><W128/><G39/><T5/><D35/><U32/><E85/><V72/><F72/><W71/><G71/><T56/><D107/><U95/><E106/><V9/><F100/><W47/><G109/><T40/><D40/><U102/><E43/><V61/><F30/><W25/><G47/><T73/><D98/><U108/><E108/><V10/><F41/><W120/><G81/><T70/><D70/><U133/><E133/><V57/><F125/><W89/><G120/><T135/><D135/><U63/><E63/><V12/><F86/><W84/><REACH who="3" step="1"/><G89/><REACH who="3" ten="250,344,198,198" step="2"/><T17/><D44/><U45/><E45/><N who="2" m="28111" /><F66/><W116/><G116/><T52/><D67/><U82/><E38/><V118/><F118/><W23/><G23/><AGARI ba="0,1" hai="8,9,10,12,13,15,18,23,57,61,64" m="28111" machi="23" ten="30,1500,0" yaku="8,1" doraHai="132" who="2" fromWho="3" sc="250,0,344,0,198,25,198,-15" /><INIT seed="2,1,0,1,3,55" ten="250,344,223,183" oya="2" hai0="102,100,38,54,0,16,127,131,25,31,37,111,67" hai1="91,112,124,87,135,52,17,75,63,65,5,81,125" hai2="119,47,49,26,35,105,129,39,60,42,51,79,46" hai3="86,117,97,101,113,27,109,99,15,106,70,98,85"/><V33/><F119/><W95/><G117/><T53/><D0/><U24/><E112/><V12/><F105/><W7/><G70/><T30/><D111/><U94/><E5/><V130/><F79/><W126/><G109/><T68/><D68/><U40/><E40/><V64/><F12/><W96/><G113/><T11/><D131/><N who="2" m="50186" /><F26/><W28/><G126/><T72/><D127/><U29/><E135/><V76/><F76/><W56/><G106/><T6/><D6/><U121/><E121/><V2/><F2/><W41/><G41/><T36/><D11/><U89/><E75/><V23/><F23/><W44/><G44/><T116/><D72/><U59/><E17/><V92/><F92/><W82/><G82/><T50/><D116/><U48/><E91/><V1/><F1/><W20/><REACH who="3" step="1"/><G56/><REACH who="3" ten="250,344,223,173" step="2"/><T62/><D36/><U108/><E108/><V18/><F39/><W77/><G77/><T134/><D37/><U93/><E125/><V9/><F47/><W61/><G61/><T57/><D38/><U4/><E124/><V3/><F51/><W83/><G83/><T123/><D50/><U118/><E118/><V32/><F3/><W22/><G22/><T74/><D62/><U122/><E81/><V132/><F132/><W88/><G88/><T8/><D134/><U84/><E89/><V21/><F21/><W107/><G107/><T58/><D123/><U110/><E122/><V66/><F60/><W10/><AGARI ba="1,1" hai="7,10,15,20,27,28,85,86,95,96,97,98,99,101" machi="10" ten="30,4000,0" yaku="1,1,0,1,8,1,53,0" doraHai="55" doraHaiUra="69" who="3" fromWho="3" sc="250,-11,344,-11,223,-21,173,53" /><INIT seed="3,0,0,0,0,46" ten="239,333,202,226" oya="3" hai0="8,80,47,34,31,6,22,79,68,67,100,53,25" hai1="86,70,85,92,105,29,95,62,15,36,116,81,94" hai2="125,96,131,113,58,52,39,35,16,123,42,75,61" hai3="23,111,64,57,38,13,120,71,106,32,49,82,114"/><W117/><G32/><T119/><D119/><U122/><E36/><V56/><F75/><W103/><G38/><T74/><D100/><U109/><E122/><V112/><F35/><W20/><G117/><T9/><D68/><U48/><E116/><V12/><F123/><W84/><G120/><T76/><D76/><U65/><E105/><V128/><F125/><W1/><G1/><T18/><D67/><U133/><E109/><V41/><F96/><W69/><G114/><N who="2" m="44137" /><F58/><W26/><G111/><T54/><D8/><U90/><E29/><V126/><F126/><W78/><G103/><T93/><D93/><U130/><E130/><N who="2" m="49707" /><F39/><W5/><G106/><T33/><D47/><U14/><E133/><V4/><F4/><W132/><G132/><T73/><D73/><U98/><E86/><V59/><F59/><W134/><G134/><T135/><D135/><U51/><REACH who="1" step="1"/><E98/><REACH who="1" ten="239,323,202,226" step="2"/><V11/><AGARI ba="0,1" hai="11,12,16,41,42,52,56,61" m="49707,44137" machi="11" ten="30,4000,0" yaku="19,1,54,2" doraHai="46" who="2" fromWho="2" sc="239,-10,323,-10,202,50,226,-20" /><INIT seed="4,0,0,0,4,80" ten="229,313,252,206" oya="0" hai0="104,2,74,119,54,57,34,30,84,113,32,98,118" hai1="126,46,89,27,75,11,17,49,31,90,52,78,99" hai2="114,67,132,122,106,96,28,18,115,76,40,131,95" hai3="24,45,94,116,33,102,70,133,69,92,62,100,73"/><T13/><D74/><U59/><E126/><V14/><F122/><W7/><G116/><T123/><D123/><U112/><E75/><V58/><F106/><W61/><G73/><T22/><D2/><U41/><E78/><V130/><F76/><W107/><G107/><T101/><D113/><N who="2" m="43018" /><F40/><W9/><G45/><T68/><D68/><U38/><E112/><V47/><F47/><W43/><G43/><T87/><D119/><U16/><E11/><V15/><F28/><W29/><G133/><T127/><D127/><U128/><E128/><N who="2" m="49195" /><F18/><W0/><G70/><T55/><D118/><U66/><E66/><V110/><F110/><W6/><G6/><T135/><D135/><U25/><E25/><V65/><F132/><W21/><G69/><T81/><D32/><U37/><E37/><V3/><F3/><W50/><G33/><T20/><D34/><U105/><E31/><V64/><F58/><W77/><G77/><T23/><D30/><U109/><E109/><V42/><F42/><W39/><G39/><T79/><D57/><U103/><REACH who="1" step="1"/><E17/><REACH who="1" ten="229,303,252,206" step="2"/><V12/><F67/><W86/><G29/><T60/><D79/><U91/><E91/><AGARI ba="0,1" hai="12,14,15,64,65,91,95,96" m="49195,43018" machi="91" ten="40,2600,0" yaku="15,1,19,1" doraHai="80" who="2" fromWho="1" sc="229,0,303,-26,252,36,206,0" /><INIT seed="5,0,0,0,2,91" ten="229,277,288,206" oya="1" hai0="26,103,71,104,3,34,4,62,133,46,12,101,95" hai1="15,119,32,0,98,118,123,121,108,76,82,2,10" hai2="87,27,116,78,65,134,122,47,120,7,109,124,100" hai3="14,21,132,20,30,94,70,99,79,1,111,66,38"/><U55/><E98/><V11/><F116/><N who="1" m="44585" /><E82/><V81/><F109/><W22/><G111/><T75/><D75/><U36/><E76/><V37/><F124/><W80/><G1/><N who="1" m="618" /><E55/><V107/><F27/><W110/><G110/><T83/><D83/><U106/><E106/><V13/><F65/><W18/><G38/><T105/><D46/><U9/><E36/><V130/><F134/><W126/><G132/><T73/><D73/><U88/><E88/><V74/><F130/><W5/><G5/><T131/><D133/><U24/><E108/><V8/><F8/><N who="1" m="3177" /><E15/><V85/><F87/><W44/><G44/><T102/><D3/><U49/><E49/><V64/><F64/><W35/><G66/><T77/><D77/><U72/><E72/><V112/><F85/><W19/><G80/><T33/><D12/><U117/><N who="1" m="44593" /><U68/><DORA hai="16" /><E68/><V125/><F37/><W60/><G79/><T90/><D105/><U92/><E92/><V40/><F107/><W28/><G14/><T69/><D104/><U96/><E96/><V42/><F74/><W45/><G45/><T23/><D71/><U41/><E41/><V135/><F47/><W67/><G94/><T93/><D93/><U51/><E51/><V43/><F13/><W127/><G99/><T25/><D69/><U56/><E56/><V54/><F40/><W86/><G86/><T114/><D62/><U52/><E52/><V59/><F42/><W89/><G89/><T50/><D50/><U61/><E61/><V63/><F63/><W48/><G48/><T17/><D90/><U97/><E97/><RYUUKYOKU ba="0,0" sc="229,-10,277,30,288,-10,206,-10" hai1="24,32,121,123" /><INIT seed="5,1,0,0,4,31" ten="219,307,278,196" oya="1" hai0="49,61,122,6,1,56,45,20,60,120,75,128,87" hai1="66,64,8,54,85,130,74,97,57,82,51,15,5" hai2="127,88,21,111,39,132,11,113,83,27,115,0,50" hai3="55,2,59,135,96,25,13,58,124,37,32,91,68"/><U63/><E130/><V104/><F39/><W19/><G68/><T106/><D128/><U116/><E116/><V119/><F119/><W9/><G37/><T107/><D75/><U78/><E74/><V3/><F111/><W108/><G108/><T93/><D61/><U80/><E80/><V40/><F104/><W125/><G2/><T98/><D87/><U42/><E97/><V126/><F132/><W23/><G135/><T90/><D20/><U30/><E30/><V67/><F67/><W53/><G32/><T38/><D38/><U41/><REACH who="1" step="1"/><E66/><REACH who="1" ten="219,297,278,196" step="2"/><V18/><F126/><W17/><G125/><T103/><D122/><U36/><E36/><V46/><F127/><W65/><G124/><T133/><D120/><U22/><E22/><V114/><F11/><W121/><G121/><T26/><D133/><U129/><E129/><V52/><F40/><W47/><G65/><T105/><D98/><U24/><E24/><V92/><F83/><W110/><G110/><T71/><D26/><U44/><AGARI ba="1,1" hai="5,8,15,41,42,44,51,54,57,63,64,78,82,85" machi="44" ten="20,7800,0" yaku="1,1,0,1,7,1,8,1,53,0" doraHai="31" doraHaiUra="86" who="1" fromWho="1" sc="219,-27,297,91,278,-27,196,-27" /><INIT seed="5,2,0,0,3,103" ten="192,388,251,169" oya="1" hai0="91,41,75,38,77,19,86,73,114,26,128,129,87" hai1="29,23,13,14,107,31,61,112,69,43,11,108,93" hai2="37,60,81,48,135,74,7,82,111,47,109,12,66" hai3="35,64,95,127,84,10,106,96,55,104,63,15,117"/><U53/><E112/><V120/><F120/><W58/><G35/><T20/><D114/><U88/><E107/><V17/><F37/><W44/><G127/><T94/><D38/><U133/><E133/><V39/><F39/><W102/><G117/><T62/><D41/><U100/><E100/><V6/><F135/><W21/><G21/><T65/><D86/><U18/><E43/><V32/><F32/><W83/><G44/><T121/><D121/><U134/><E108/><V1/><F1/><W123/><G64/><T68/><REACH who="0" step="1"/><D77/><REACH who="0" ten="182,388,251,169" step="2"/><U78/><E78/><V113/><F113/><W119/><G123/><T3/><D3/><U85/><E134/><V92/><F109/><W25/><G119/><T67/><D67/><U71/><E69/><V132/><F111/><W52/><G55/><T49/><D49/><U51/><E71/><V16/><F132/><W90/><REACH who="3" step="1"/><G25/><REACH who="3" ten="182,388,251,159" step="2"/><T36/><D36/><U4/><E61/><V72/><F60/><W33/><G33/><T89/><D89/><U80/><E53/><V76/><F66/><W79/><G79/><T24/><D24/><U99/><E88/><V56/><F76/><W126/><G126/><T97/><D97/><U8/><E99/><V9/><F74/><AGARI ba="2,2" hai="19,20,26,62,65,68,73,74,75,87,91,94,128,129" machi="74" ten="40,1300,0" yaku="1,1,53,0" doraHai="103" doraHaiUra="122" who="0" fromWho="2" sc="182,39,388,0,251,-19,159,0" /><INIT seed="6,0,0,0,5,35" ten="221,388,232,159" oya="2" hai0="72,95,50,47,44,6,19,102,91,76,39,94,27" hai1="45,53,71,112,82,135,96,86,58,61,60,130,67" hai2="55,0,48,99,93,73,127,87,11,105,23,56,51" hai3="114,97,8,121,14,110,123,74,108,30,107,42,131"/><V36/><F73/><W29/><G74/><T52/><D72/><U81/><E112/><V25/><F36/><W2/><G42/><T125/><D76/><U15/><E130/><V4/><F127/><W66/><G66/><T98/><D125/><U116/><E116/><V77/><F105/><W75/><G75/><T54/><D6/><U18/><E135/><V34/><F34/><W16/><G97/><T33/><D33/><U79/><E45/><V26/><F51/><W63/><G63/><T43/><D27/><U118/><E96/><V124/><F124/><W65/><G65/><T92/><D19/><U32/><E118/><V106/><F106/><W31/><G107/><T22/><D22/><U133/><E133/><V128/><F128/><W57/><G57/><T83/><D54/><U126/><E32/><V78/><F87/><W89/><G89/><T64/><D64/><U109/><E109/><N who="3" m="42090" /><G131/><T84/><AGARI ba="0,0" hai="39,43,44,47,50,52,83,84,91,92,94,95,98,102" machi="84" ten="30,2000,0" yaku="0,1,54,1" doraHai="35" who="0" fromWho="0" sc="221,20,388,-5,232,-10,159,-5" /><INIT seed="7,0,0,3,2,132" ten="241,383,222,154" oya="3" hai0="17,35,103,49,125,66,46,133,61,92,57,108,70" hai1="60,89,73,85,15,25,11,37,87,27,20,63,28" hai2="109,112,8,24,54,97,127,134,0,117,43,123,30" hai3="3,2,91,21,93,95,26,55,1,111,121,58,71"/><W36/><G71/><T83/><D108/><U100/><E73/><V56/><F43/><W76/><G121/><T124/><D133/><U88/><E37/><V23/><F134/><W22/><G111/><T96/><D83/><N who="1" m="49215" /><E27/><V12/><F109/><W126/><G36/><T75/><D75/><U107/><E100/><V39/><F112/><W98/><G76/><T4/><D35/><U118/><E107/><V51/><F117/><W6/><G126/><N who="0" m="48747" /><D4/><N who="1" m="3559" /><E118/><V105/><F127/><W45/><G45/><T64/><D17/><U90/><E90/><V31/><F39/><W106/><G106/><T67/><D70/><U94/><AGARI ba="0,0" hai="20,25,28,60,63,87,89,94" m="3559,49215" machi="94" ten="30,2000,0" yaku="8,1,54,1" doraHai="132" who="1" fromWho="1" sc="241,-5,383,20,222,-5,154,-10" owari="236,3.6,403,50.3,217,-18.3,144,-35.6" /></mjloggm>