<mjloggm ver="2.3"><GO type="169" lobby="0"/><UN n0="%E3%81%93%E3%81%AB" n1="%E3%83%95%E3%82%AF%E3%83%AD%E3%82%A6%E3%82%B5%E3%83%B3" n2="%E8%B5%A4%E6%9C%A8%E3%81%97%E3%81%92%E3%82%8B" n3="%69%6B%61%6D%6F%66%75%40" dan="16,17,16,17" rate="2143.49,2180.36,2072.91,2210.61" sx="M,F,M,M"/><TAIKYOKU oya="0"/><INIT seed="0,0,0,2,5,82" ten="250,250,250,250" oya="0" hai0="105,24,15,102,106,25,6,4,78,131,44,56,95" hai1="67,13,32,85,121,73,39,9,117,120,41,115,76" hai2="71,123,97,2,119,59,99,124,8,118,11,114,42" hai3="20,94,77,35,3,54,30,33,52,87,133,55,16"/><T19/><D131/><U47/><E117/><N who="2" m="44555" /><F123/><W10/><G133/><T126/><D126/><U101/><E73/><V18/><F114/><W0/><G30/><T92/><D78/><U66/><E32/><V113/><F113/><W51/><G51/><T98/><D44/><U1/><E1/><V40/><F71/><W60/><G60/><T70/><D70/><U26/><E115/><V7/><F59/><W122/><G122/><T65/><D105/><U61/><E101/><V86/><F86/><W93/><G93/><T103/><D106/><U50/><E39/><V38/><F124/><W17/><G17/><T31/><D56/><U75/><E75/><V63/><F63/><W27/><G0/><T53/><D65/><U100/><E100/><V21/><F11/><W112/><G112/><T36/><D36/><U29/><E66/><V5/><F5/><N who="0" m="2154" /><D53/><U89/><E76/><V91/><F38/><W23/><G10/><N who="0" m="6647" /><D31/><U79/><E79/><V34/><F40/><W111/><G77/><T74/><D74/><U12/><E67/><V45/><F42/><W134/><G55/><T83/><D83/><N who="1" m="49343" /><E121/><V116/><F116/><W104/><G54/><T46/><D46/><U88/><E120/><V37/><F45/><W108/><G52/><T110/><D110/><U109/><E109/><V57/><F37/><W135/><G108/><T84/><D103/><U14/><E61/><V58/><F57/><W62/><G111/><T28/><D28/><U49/><E49/><V132/><F58/><W22/><G135/><T48/><D48/><U43/><E43/><V107/><F132/><RYUUKYOKU ba="0,0" sc="250,30,250,-10,250,-10,250,-10" hai0="24,25,84,92,95,98,102" /><INIT seed="0,1,0,4,0,40" ten="280,240,240,240" oya="0" hai0="43,60,12,54,0,24,32,87,71,119,99,18,125" hai1="90,72,62,20,81,5,35,30,97,9,127,16,104" hai2="39,73,13,134,112,114,96,37,80,83,25,6,50" hai3="29,45,68,98,8,44,121,124,19,76,117,17,126"/><T36/><D119/><U10/><E127/><N who="3" m="48682" /><G117/><T100/><D0/><U89/><E35/><V59/><F25/><W15/><G121/><T82/><D125/><U132/><E30/><V4/><F96/><W94/><G68/><T1/><D1/><U130/><E130/><V47/><F59/><W55/><G29/><T101/><D24/><U41/><E132/><V49/><F13/><N who="3" m="7335" /><G55/><T21/><D32/><U84/><E72/><V3/><F3/><W86/><G86/><T66/><D54/><U95/><E104/><V63/><F63/><W27/><G27/><T69/><D69/><U135/><E135/><V113/><F113/><W23/><G76/><T65/><D65/><U116/><E116/><V128/><F134/><W129/><G129/><T93/><D43/><U31/><E31/><V105/><F128/><W102/><AGARI ba="1,0" hai="15,19,23,44,45,94,98,102" m="7335,48682" machi="102" ten="30,4000,0" yaku="18,1,52,2" doraHai="40" who="3" fromWho="3" sc="280,-21,240,-11,240,-11,240,43" /><INIT seed="1,0,0,4,1,9" ten="259,229,229,283" oya="1" hai0="95,64,10,45,36,42,84,3,93,34,46,118,96" hai1="89,33,57,16,1,105,120,27,82,65,11,43,23" hai2="86,131,133,129,75,18,47,132,48,13,108,76,67" hai3="37,15,38,119,6,97,30,109,106,79,24,99,88"/><U52/><E120/><V70/><F75/><W121/><G121/><T22/><D34/><U77/><E105/><V51/><F76/><W28/><G109/><T31/><D118/><U14/><E1/><V124/><F86/><W114/><G114/><T69/><D46/><U21/><E33/><V92/><F92/><W66/><G66/><T72/><D72/><U127/><E127/><V90/><F90/><W73/><G24/><T7/><D69/><U55/><E43/><V102/><F102/><W113/><G6/><T83/><D64/><U91/><E65/><V59/><F70/><W54/><G54/><N who="1" m="20522" /><E57/><V94/><F94/><W8/><G106/><T135/><D135/><N who="2" m="51786" /><F108/><W125/><G73/><T71/><D71/><U49/><E49/><N who="2" m="19019" /><F47/><W107/><G107/><T5/><D96/><U25/><E77/><V35/><F35/><W128/><G79/><T126/><D126/><U39/><E39/><V50/><N who="2" m="19027" /><V40/><DORA hai="56" /><F40/><W134/><G99/><T26/><REACH who="0" step="1"/><D7/><REACH who="0" ten="249,229,229,283" step="2"/><N who="1" m="3455" /><E82/><V68/><F124/><W2/><G125/><T41/><D41/><U29/><AGARI ba="0,1" hai="16,21,23,25,27,29,89,91" m="3455,20522" machi="29" ten="30,11700,0" yaku="8,1,52,1,54,2" doraHai="9,56" who="1" fromWho="1" sc="249,-39,229,127,229,-39,283,-39" /><INIT seed="1,1,0,5,1,25" ten="210,356,190,244" oya="1" hai0="88,113,127,13,20,83,55,51,29,72,28,37,131" hai1="67,38,15,116,48,49,65,78,76,69,86,134,91" hai2="132,60,122,90,39,96,124,70,56,111,24,109,8" hai3="58,108,36,45,27,94,135,100,120,7,99,57,40"/><U1/><E1/><V68/><F39/><W104/><G120/><T93/><D113/><U21/><E38/><V73/><F73/><W115/><G115/><T103/><D37/><U16/><E116/><V105/><F122/><W121/><G121/><T77/><D127/><U47/><E134/><V126/><F8/><W123/><G108/><N who="2" m="41545" /><F24/><W101/><G135/><T32/><D103/><U117/><E117/><V84/><F96/><W18/><G123/><T0/><D32/><U80/><E49/><V52/><F105/><W114/><G114/><T112/><D0/><U74/><E69/><N who="2" m="26731" /><F132/><W4/><G101/><T5/><D131/><U63/><E63/><V42/><F42/><W26/><G26/><T95/><D95/><AGARI ba="1,0" hai="52,56,60,84,90,95,124,126" m="26731,41545" machi="95" ten="30,2000,0" yaku="14,1,54,1" doraHai="25" who="2" fromWho="0" sc="210,-23,356,0,190,23,244,0" /><INIT seed="2,0,0,3,4,35" ten="187,356,213,244" oya="2" hai0="45,117,60,56,100,127,82,112,16,1,124,52,114" hai1="46,126,93,135,19,72,88,111,41,133,32,57,109" hai2="131,81,85,134,26,61,37,77,101,15,23,28,13" hai3="95,10,125,5,36,9,25,70,4,106,7,108,102"/><V87/><F134/><N who="1" m="51209" /><E32/><V103/><F131/><W39/><G108/><N who="1" m="41546" /><E72/><V30/><F37/><W33/><G125/><N who="0" m="48203" /><D100/><N who="2" m="38474" /><F30/><W99/><G70/><T14/><D82/><U17/><E126/><V38/><F38/><W24/><G36/><T68/><D117/><U79/><E79/><N who="2" m="46271" /><F61/><W12/><G39/><T86/><D86/><N who="1" m="52375" /><E57/><V11/><F11/><W94/><G10/><N who="0" m="6231" /><D68/><U74/><E74/><V73/><F73/><W104/><G9/><T34/><D34/><U49/><AGARI ba="0,0" hai="17,19,41,46,49" m="52375,41546,51209" machi="49" ten="30,4000,0" yaku="20,1,14,1,54,1" doraHai="35" who="1" fromWho="1" sc="187,-10,356,40,213,-20,244,-10" /><INIT seed="3,0,0,3,2,6" ten="177,396,193,234" oya="3" hai0="76,38,108,58,20,57,3,105,79,68,70,128,14" hai1="127,95,40,39,103,123,31,65,10,11,100,27,63" hai2="5,24,37,115,69,23,25,48,16,85,28,32,94" hai3="81,53,113,84,55,44,46,19,129,117,72,36,45"/><W131/><G113/><T67/><D3/><U51/><E39/><V122/><F37/><W17/><G117/><T75/><D38/><U73/><E73/><V64/><F122/><W7/><G72/><T111/><D75/><U22/><E127/><V47/><F115/><W118/><G7/><T66/><D20/><U106/><E106/><V110/><F110/><W102/><G102/><T61/><D14/><U26/><E123/><V116/><F116/><W86/><G118/><T96/><D61/><U41/><E26/><V90/><F5/><W1/><G81/><T93/><D93/><U52/><E41/><V98/><F64/><W88/><G88/><T13/><D13/><U2/><E40/><V130/><F130/><N who="3" m="49675" /><G1/><T92/><D92/><U49/><E49/><V125/><F125/><W80/><G80/><T30/><D128/><U126/><E2/><V134/><F69/><W82/><G82/><T133/><D105/><U83/><E83/><V78/><F78/><W114/><G114/><T33/><D96/><N who="1" m="59423" /><E103/><V119/><F119/><W60/><G60/><T18/><D76/><U132/><E126/><V109/><F98/><W101/><G101/><T21/><D79/><U54/><E51/><V56/><F56/><W135/><G36/><T91/><D91/><U12/><E63/><V121/><F121/><W34/><G34/><T87/><D33/><U62/><E62/><V8/><F32/><W4/><G4/><T43/><D70/><U112/><E112/><V77/><F77/><W124/><G124/><T0/><D68/><U97/><E97/><V35/><F35/><RYUUKYOKU ba="0,0" sc="177,0,396,0,193,0,234,0" /><INIT seed="4,1,0,5,4,73" ten="177,396,193,234" oya="0" hai0="78,68,99,121,31,127,47,100,23,4,67,53,126" hai1="93,133,60,45,29,44,59,3,122,77,106,28,30" hai2="14,129,63,105,131,52,104,5,6,97,117,66,0" hai3="2,8,27,113,110,98,114,51,49,35,17,15,120"/><T54/><D121/><U42/><E106/><V88/><F117/><W81/><G110/><T135/><D4/><N who="2" m="1642" /><F0/><W24/><G2/><T130/><D130/><N who="2" m="49674" /><F14/><W61/><G98/><T119/><D119/><U33/><E122/><V12/><F12/><W111/><G111/><T92/><D135/><U26/><E133/><V90/><F66/><W41/><G120/><T102/><D102/><U69/><E93/><N who="2" m="56487" /><F90/><W9/><G15/><T57/><D68/><U112/><E69/><V7/><N who="2" m="1650" /><V22/><DORA hai="11" /><F22/><W128/><G8/><T37/><D67/><U13/><E13/><V25/><F25/><W85/><G27/><T65/><D65/><U76/><E26/><V46/><F46/><W84/><G24/><N who="0" m="16799" /><D57/><AGARI ba="1,0" hai="52,57,63,104,105" m="56487,49674,1650" machi="57" ten="40,5200,0" yaku="19,1,54,2" doraHai="73,11" who="2" fromWho="0" sc="177,-55,396,0,193,55,234,0" /><INIT seed="5,0,0,1,4,78" ten="122,396,248,234" oya="1" hai0="113,79,72,76,25,16,86,40,17,3,4,101,32" hai1="61,93,115,104,51,48,116,122,108,38,20,0,14" hai2="21,127,8,135,36,105,74,19,90,68,80,99,119" hai3="81,44,22,59,41,42,23,84,77,128,110,129,9"/><U96/><E116/><V30/><F68/><W130/><G110/><T62/><D113/><U50/><E0/><V58/><F36/><W98/><G59/><T103/><D40/><N who="3" m="15465" /><G44/><T28/><D72/><U75/><E75/><V46/><F30/><W55/><G55/><T73/><D73/><U65/><E104/><V43/><F8/><W26/><G26/><T12/><D62/><U82/><E38/><V70/><F119/><W85/><G98/><T92/><D17/><N who="1" m="10295" /><E122/><V125/><F70/><W66/><G66/><T89/><D79/><U34/><E34/><V11/><F11/><W94/><G9/><T33/><D33/><U87/><E115/><V24/><F58/><W114/><G114/><T57/><D57/><N who="1" m="37039" /><E108/><V7/><F105/><W109/><G109/><T133/><D133/><U69/><E69/><V54/><F135/><W18/><G18/><T5/><D76/><N who="1" m="46535" /><E48/><N who="2" m="28951" /><F74/><W111/><G111/><T49/><D49/><U6/><E6/><V45/><F7/><W71/><G71/><T107/><D107/><U106/><E106/><V1/><F1/><W67/><G67/><T83/><D3/><U118/><E118/><V88/><F43/><W15/><G15/><T124/><D124/><U53/><E53/><V112/><F112/><W56/><G56/><T121/><D121/><U120/><E120/><V2/><F2/><W117/><G117/><T39/><D39/><U126/><E126/><V63/><F127/><W47/><G47/><T27/><D32/><U134/><E134/><V97/><F125/><W123/><G123/><T64/><D4/><U35/><E35/><RYUUKYOKU ba="0,0" sc="122,-15,396,15,248,-15,234,15" hai1="50,51,93,96" hai3="22,23,77,81,84,85,94,128,129,130" /><INIT seed="5,1,0,0,2,81" ten="107,411,233,249" oya="1" hai0="58,54,108,104,63,123,129,134,2,102,87,90,46" hai1="62,29,135,57,52,32,74,4,110,68,70,119,5" hai2="111,66,1,115,80,109,75,125,106,92,128,31,114" hai3="19,36,83,120,99,91,126,10,86,24,47,95,39"/><U117/><E74/><V9/><F31/><W69/><G120/><T71/><D108/><N who="2" m="41546" /><F9/><W84/><G126/><T72/><D72/><U97/><E110/><V48/><F48/><W59/><G69/><T8/><D123/><U112/><E112/><N who="2" m="43051" /><F66/><W35/><G35/><T30/><D129/><U78/><E135/><V17/><F17/><W22/><G59/><T20/><D134/><U130/><E130/><V21/><F21/><W61/><G61/><T98/><D71/><U127/><E127/><V44/><F44/><W49/><G10/><T118/><D118/><U133/><E133/><V34/><F34/><W25/><G25/><T43/><D20/><U11/><E4/><V45/><F45/><W12/><G24/><T38/><D30/><U56/><E56/><V53/><F53/><W132/><G132/><T14/><D2/><U13/><E29/><V100/><F1/><W40/><REACH who="3" step="1"/><G84/><REACH who="3" ten="107,411,233,239" step="2"/><T89/><REACH who="0" step="1"/><D87/><REACH who="0" ten="97,411,233,239" step="2"/><U28/><E68/><V26/><F128/><W6/><G6/><AGARI ba="1,2" hai="6,8,14,38,43,46,54,58,63,89,90,98,102,104" machi="6" ten="30,3900,0" yaku="1,1,2,1,7,1,53,0" doraHai="81" doraHaiUra="15" who="0" fromWho="3" sc="97,62,411,0,233,0,239,-42" /><INIT seed="6,0,0,3,0,97" ten="159,411,233,197" oya="2" hai0="37,25,92,75,83,63,16,38,35,17,80,78,133" hai1="113,95,11,36,61,23,116,12,47,82,21,19,108" hai2="114,118,115,20,112,52,68,0,121,85,10,131,98" hai3="104,46,49,122,135,74,91,28,55,77,30,101,51"/><V120/><F68/><W134/><G122/><N who="2" m="47209" /><F0/><W127/><G127/><T70/><D133/><N who="3" m="50697" /><G77/><T87/><D92/><U45/><E36/><V93/><F118/><W96/><G74/><T39/><D35/><U119/><E119/><V81/><F10/><W60/><G60/><T42/><D42/><U15/><E11/><V89/><F20/><W26/><G26/><T4/><D4/><U32/><E21/><V76/><F52/><N who="3" m="29751" /><G91/><T86/><D25/><U6/><E116/><V54/><F54/><W31/><G28/><T129/><D129/><AGARI ba="0,0" hai="76,81,85,89,93,98,112,114,115,129,131" m="47209" machi="129" ten="40,7700,0" yaku="15,1,34,2" doraHai="97" who="2" fromWho="0" sc="159,-77,411,0,233,77,197,0" /><INIT seed="6,1,0,5,2,41" ten="82,411,310,197" oya="2" hai0="98,87,46,44,27,102,54,95,1,69,107,119,81" hai1="75,52,65,127,111,93,35,76,64,100,74,51,31" hai2="47,0,134,39,34,50,37,38,24,32,116,79,92" hai3="40,21,84,71,123,42,17,88,97,121,16,73,7"/><V108/><F116/><W5/><G73/><T89/><D119/><U12/><E111/><V109/><F0/><W62/><G71/><T115/><D115/><U105/><E105/><V18/><F79/><W49/><G62/><T70/><D1/><U113/><E113/><V129/><F92/><W19/><G97/><T9/><D9/><U25/><E127/><V63/><F63/><W90/><G21/><T132/><D132/><U55/><E55/><V59/><F59/><W22/><G22/><T124/><D124/><U2/><E2/><V15/><F134/><W117/><G117/><T83/><D27/><U30/><E30/><V101/><F101/><W131/><G131/><T128/><D128/><U78/><E12/><V23/><F129/><W110/><G110/><N who="2" m="42601" /><F24/><W56/><G90/><T26/><D26/><U99/><E78/><V6/><F6/><N who="3" m="2059" /><G123/><T28/><D28/><U29/><E29/><V58/><F58/><W91/><G91/><T36/><D36/><N who="2" m="9218" /><V10/><DORA hai="57" /><F10/><W20/><G121/><T106/><D106/><U53/><E76/><V122/><F122/><W130/><G130/><T43/><D43/><AGARI ba="1,0" hai="15,18,23,32,34,43,47,50" m="9218,42601" machi="43" ten="40,3900,0" yaku="10,1,52,1" doraHai="41,57" who="2" fromWho="0" sc="82,-42,411,0,310,42,197,0" /><INIT seed="6,2,0,5,0,122" ten="40,411,352,197" oya="2" hai0="121,97,59,63,62,40,79,5,134,133,36,127,66" hai1="50,7,131,9,100,112,47,26,99,53,117,114,94" hai2="111,105,82,12,135,109,118,91,35,132,87,116,23" hai3="44,10,6,113,3,74,98,14,110,75,21,11,101"/><V85/><F35/><W104/><G113/><N who="1" m="43626" /><E117/><N who="2" m="45163" /><F23/><W67/><G110/><N who="2" m="41993" /><F12/><W16/><G67/><N who="0" m="39391" /><D5/><U92/><E131/><V41/><F105/><W71/><G71/><N who="0" m="42463" /><D97/><U125/><E125/><V129/><F41/><W123/><G123/><T33/><D79/><U54/><E26/><V29/><F29/><W49/><G21/><T34/><D34/><U102/><E9/><V48/><F48/><W13/><G14/><T19/><D19/><U2/><E2/><V115/><F115/><W128/><G128/><T39/><D33/><U45/><E7/><V57/><F57/><W8/><G10/><T80/><D80/><U130/><E130/><V126/><F129/><W69/><G69/><T86/><D86/><U84/><E84/><N who="2" m="50583" /><F126/><W64/><G8/><T61/><D127/><U52/><E45/><V42/><F42/><W46/><G3/><T68/><D121/><U108/><E108/><V103/><F103/><W124/><G101/><T77/><D77/><U15/><E15/><V88/><F87/><W25/><G124/><T96/><D96/><AGARI ba="2,0" hai="47,50,52,53,54,92,94,96,99,100,102" m="43626" machi="96" ten="30,2000,0" yaku="15,1,54,1" doraHai="122" who="1" fromWho="0" sc="40,-26,411,26,352,0,197,0" /><INIT seed="7,0,0,2,4,70" ten="14,437,352,197" oya="3" hai0="16,95,33,65,11,52,12,50,132,22,42,111,73" hai1="75,127,6,119,28,99,71,100,79,19,29,37,102" hai2="116,0,112,26,92,25,14,48,43,80,94,63,126" hai3="93,57,86,5,32,61,133,53,49,68,123,115,45"/><W84/><G123/><T113/><D111/><U124/><E37/><V59/><F0/><W54/><G115/><T76/><D33/><U24/><E71/><V56/><F112/><W41/><G133/><T96/><D113/><U64/><E64/><V72/><F126/><N who="1" m="48169" /><E6/><V114/><F114/><W130/><G130/><T7/><D132/><U103/><E119/><V23/><F116/><W74/><G74/><T8/><D42/><U31/><E79/><V78/><F14/><W4/><G32/><T89/><D73/><U15/><E75/><V17/><F25/><W90/><G68/><T88/><D76/><U46/><E46/><V106/><F106/><W9/><G84/><T128/><D128/><U36/><E36/><V129/><F129/><W118/><G118/><T77/><D77/><U91/><E91/><V87/><F72/><W21/><G21/><T66/><D89/><U98/><E24/><V62/><F48/><W120/><G120/><T44/><REACH who="0" step="1"/><D11/><AGARI ba="0,0" hai="11,15,19,28,29,31,98,99,100,102,103" m="48169" machi="11" ten="40,1300,0" yaku="18,1" doraHai="70" who="1" fromWho="0" sc="14,-13,437,13,352,0,197,0" owari="1,-49.9,450,55.0,352,15.2,197,-20.3" /></mjloggm>