<mjloggm ver="2.3"><GO type="169" lobby="0"/><UN n0="%40%75" n1="%E3%81%B1%E3%82%93%E3%81%AA%E3%81%93%E3%81%BE%E3%81%A3%E3%81%9F" n2="%E3%81%8A%E3%81%98%E3%81%95%E3%82%93" n3="%E3%81%A6%E3%82%93%E3%81%8F%E3%81%86" dan="17,17,17,16" rate="2191.41,2241.61,2214.95,2179.91" sx="F,M,M,M"/><TAIKYOKU oya="0"/><INIT seed="0,0,0,0,3,39" ten="250,250,250,250" oya="0" hai0="33,17,81,40,22,65,20,73,41,120,100,9,79" hai1="56,113,35,121,77,37,26,53,16,91,89,70,85" hai2="101,31,115,111,68,48,99,92,11,117,27,84,72" hai3="96,122,106,128,44,80,116,108,59,129,109,46,124"/><T51/><D120/><U4/><E121/><V98/><BYE who="1" /><F115/><UN n1="%E3%81%B1%E3%82%93%E3%81%AA%E3%81%93%E3%81%BE%E3%81%A3%E3%81%9F" /><W62/><G122/><T50/><D33/><U133/><E113/><V61/><F72/><W93/><G106/><T87/><D65/><U10/><E70/><V114/><F114/><W105/><G105/><T95/><D9/><U126/><E126/><V83/><F111/><N who="3" m="42571" /><G80/><T64/><D64/><U123/><E123/><V66/><F117/><W60/><G116/><T71/><D71/><U32/><E133/><V90/><F11/><W1/><G1/><T30/><D30/><U42/><E77/><V132/><F132/><W75/><G75/><T104/><D104/><U14/><E91/><V86/><F48/><N who="0" m="18474" /><D73/><U45/><E26/><V38/><F38/><W131/><G124/><T25/><D20/><U103/><E103/><V52/><F52/><N who="3" m="33895" /><G62/><T3/><D3/><U74/><E74/><V54/><F54/><W58/><G58/><T63/><D63/><U82/><E4/><V135/><F135/><W13/><G13/><T24/><D24/><U118/><E118/><V112/><F112/><W88/><AGARI ba="0,0" hai="44,46,88,93,96,128,129,131" m="33895,42571" machi="88" ten="40,8000,1" yaku="19,1,14,1,54,2" doraHai="39" who="3" fromWho="3" sc="250,-40,250,-20,250,-20,250,80" /><INIT seed="1,0,0,1,0,44" ten="210,230,230,330" oya="1" hai0="87,84,0,59,35,15,107,65,112,56,69,9,105" hai1="118,32,90,85,50,127,16,130,75,135,1,108,132" hai2="7,126,134,14,109,102,60,68,92,70,6,12,71" hai3="100,115,63,21,62,133,30,111,42,83,24,96,73"/><U17/><E118/><V122/><F122/><W51/><G115/><T27/><D112/><U89/><E75/><V13/><F109/><W45/><G133/><N who="1" m="51274" /><E32/><V64/><F134/><W91/><G111/><T79/><D0/><U120/><E108/><V41/><F126/><W106/><REACH who="3" step="1"/><G91/><REACH who="3" ten="210,230,230,320" step="2"/><T38/><D107/><U129/><E120/><V119/><F119/><W101/><G101/><T8/><D105/><U58/><E127/><V23/><F102/><W20/><G20/><T18/><D35/><U57/><E1/><V86/><F23/><W125/><G125/><T36/><D9/><U48/><E90/><V95/><F71/><W11/><G11/><T121/><D121/><U49/><E130/><V104/><F70/><W5/><G5/><T19/><D69/><U81/><E129/><V54/><F6/><W4/><G4/><T25/><D8/><U76/><E89/><V3/><F104/><W77/><AGARI ba="0,1" hai="21,24,30,42,45,51,62,63,73,77,83,96,100,106" machi="77" ten="30,7900,0" yaku="1,1,0,1,52,1,53,1" doraHai="44" doraHaiUra="99" who="3" fromWho="3" sc="210,-20,230,-39,230,-20,320,89" /><INIT seed="2,0,0,2,3,43" ten="190,191,210,409" oya="2" hai0="88,87,85,47,69,123,97,98,48,96,103,44,131" hai1="46,52,31,84,16,128,92,40,7,113,75,117,110" hai2="105,58,50,62,61,115,74,82,106,2,118,36,9" hai3="121,8,135,3,30,29,63,116,41,13,100,79,24"/><V37/><F115/><W94/><G116/><T102/><D123/><U108/><E113/><V66/><F118/><W33/><G121/><T127/><D127/><U0/><E117/><V134/><F134/><W42/><G3/><T28/><D131/><U119/><E119/><V122/><F122/><W54/><G30/><T56/><D69/><U114/><E114/><V120/><F120/><W57/><G79/><T64/><D28/><U107/><E107/><V86/><F74/><W83/><G83/><T26/><D26/><U38/><E75/><V111/><F111/><N who="1" m="42537" /><E31/><V45/><F61/><W91/><G100/><N who="0" m="38443" /><D87/><U130/><E7/><V51/><F51/><W68/><G68/><T15/><D15/><U90/><E0/><V53/><F9/><W125/><G125/><T80/><D64/><U1/><E1/><V77/><REACH who="2" step="1"/><F2/><REACH who="2" ten="190,191,200,409" step="2"/><W18/><G135/><T101/><N who="0" m="38451" /><T109/><DORA hai="112" /><D109/><U124/><E124/><V73/><F73/><W5/><G5/><T60/><D60/><U19/><E130/><V95/><F95/><W22/><G94/><T133/><D133/><U17/><E128/><V129/><F129/><W20/><G63/><T14/><D14/><U71/><E71/><V59/><F59/><W76/><G13/><T67/><D67/><U89/><E89/><V70/><F70/><W93/><G91/><T4/><D4/><U6/><E6/><V35/><F35/><W27/><G33/><T11/><D11/><U49/><E38/><AGARI ba="0,1" hai="36,37,38,45,50,53,58,62,66,77,82,86,105,106" machi="38" ten="40,3900,0" yaku="1,1,52,1,53,0" doraHai="43,112" doraHaiUra="99,25" who="2" fromWho="1" sc="190,0,191,-39,200,49,409,0" /><INIT seed="2,1,0,1,0,99" ten="190,152,249,409" oya="2" hai0="117,48,54,57,135,100,8,80,87,109,127,131,60" hai1="76,105,28,108,111,75,91,16,84,19,81,56,18" hai2="34,10,89,31,107,122,115,72,78,132,11,53,51" hai3="90,67,13,73,129,95,58,26,62,118,24,70,71"/><V85/><F115/><W52/><G129/><T128/><D109/><U55/><E28/><V68/><F122/><W114/><G114/><T125/><D117/><U38/><E38/><V27/><F107/><W61/><G73/><T2/><D60/><U86/><E105/><V43/><F68/><W30/><G118/><T50/><D50/><U29/><E29/><V98/><F132/><W5/><G30/><T83/><D100/><U106/><E106/><V37/><F37/><W35/><G35/><T92/><D92/><U120/><E120/><V32/><F43/><W20/><G71/><T59/><D59/><U104/><E104/><V0/><F0/><W88/><G90/><T110/><D110/><N who="1" m="42027" /><E91/><V44/><F34/><W77/><G77/><T25/><D25/><U15/><E15/><V113/><F98/><W63/><G63/><AGARI ba="1,0" hai="16,18,19,55,56,63,75,76,81,84,86" m="42027" machi="63" ten="30,2000,0" yaku="14,1,54,1" doraHai="99" who="1" fromWho="3" sc="190,0,152,23,249,0,409,-23" /><INIT seed="3,0,0,5,1,20" ten="190,175,249,386" oya="3" hai0="101,10,52,96,114,83,103,95,6,35,16,78,43" hai1="120,118,15,13,8,40,124,133,90,135,131,99,59" hai2="132,17,44,130,56,125,115,60,55,34,9,39,24" hai3="66,93,36,107,94,77,71,37,42,72,64,54,116"/><W89/><G107/><T2/><D114/><U74/><E74/><V48/><F115/><W92/><G71/><T50/><D35/><U14/><E120/><V81/><F125/><W27/><G72/><T32/><D32/><U76/><E76/><V117/><F117/><W85/><G77/><T65/><D43/><U26/><E124/><V70/><F130/><W111/><G116/><T41/><D41/><U38/><E118/><V47/><F132/><W105/><G105/><T87/><D65/><U67/><E131/><V4/><F39/><W104/><G104/><T102/><REACH who="0" step="1"/><D16/><REACH who="0" ten="180,175,249,386" step="2"/><U0/><E67/><V46/><F70/><W75/><G42/><T28/><D28/><U88/><E40/><V31/><F17/><W84/><G64/><T5/><D5/><U21/><E135/><V19/><F19/><W11/><G66/><T53/><D53/><U82/><E133/><V128/><F128/><W80/><G54/><T129/><D129/><U79/><E21/><V134/><F134/><W62/><G36/><T109/><D109/><U98/><E38/><V68/><F68/><W112/><G37/><T49/><D49/><U100/><E8/><V51/><REACH who="2" step="1"/><F81/><REACH who="2" ten="180,175,239,386" step="2"/><W97/><G80/><T29/><D29/><U127/><E82/><V7/><F7/><W106/><G111/><T110/><D110/><U18/><E18/><V119/><F119/><W69/><G69/><T126/><D126/><U86/><E127/><V61/><F61/><W30/><G62/><T91/><D91/><U12/><N who="1" m="3072" /><DORA hai="3" /><U73/><E88/><V33/><F33/><W1/><G89/><RYUUKYOKU ba="0,2" sc="180,15,175,-15,239,15,386,-15" hai0="2,6,10,50,52,78,83,87,95,96,101,102,103" hai2="4,9,24,31,34,44,46,47,48,51,55,56,60" /><INIT seed="4,1,2,5,5,26" ten="195,160,254,371" oya="0" hai0="60,70,76,53,51,45,69,130,18,72,10,22,13" hai1="101,134,40,47,66,86,68,27,17,5,25,62,133" hai2="39,4,90,119,96,108,125,1,81,91,19,93,41" hai3="135,43,28,102,78,122,82,44,103,105,48,31,84"/><T127/><D127/><U33/><E5/><V88/><F108/><W118/><G118/><T12/><D130/><U71/><E71/><V42/><F119/><W16/><G135/><N who="1" m="51722" /><E101/><N who="3" m="38410" /><G105/><T79/><D72/><U64/><E64/><V83/><F125/><W30/><G122/><T34/><D34/><U113/><E113/><V46/><F42/><W97/><G16/><T6/><REACH who="0" step="1"/><D60/><REACH who="0" ten="185,160,254,371" step="2"/><U67/><E33/><V129/><F129/><W95/><G97/><T37/><D37/><U55/><E62/><V50/><F39/><W77/><G95/><T65/><D65/><U85/><E67/><V52/><F96/><W75/><G75/><T11/><D11/><U63/><E66/><V117/><F93/><W109/><G109/><T99/><D99/><U38/><E63/><V9/><F117/><W49/><G49/><T2/><D2/><U107/><E38/><V89/><N who="2" m="22528" /><DORA hai="87" /><V114/><F114/><W14/><G84/><T112/><D112/><U80/><E86/><V100/><F100/><W132/><G132/><T131/><D131/><U128/><E85/><V120/><F120/><W110/><G110/><T8/><D8/><U35/><E35/><V61/><F61/><W104/><G104/><T0/><D0/><U59/><E107/><V23/><REACH who="2" step="1"/><F41/><REACH who="2" ten="185,160,244,371" step="2"/><W98/><G43/><T56/><D56/><U115/><E59/><V58/><F58/><W92/><G92/><T124/><D124/><U106/><E40/><V57/><F57/><W24/><G98/><T126/><D126/><U121/><E128/><V7/><F7/><W20/><G82/><T32/><D32/><RYUUKYOKU ba="1,4" sc="185,15,160,-15,244,15,371,-15" hai0="6,10,12,13,18,22,45,51,53,69,70,76,79" hai2="1,4,9,19,23,46,50,52,81,83" /><INIT seed="4,2,4,5,0,58" ten="200,145,259,356" oya="0" hai0="46,83,30,43,93,127,33,14,49,106,92,132,54" hai1="27,21,36,13,55,108,76,82,79,73,104,32,4" hai2="69,125,63,131,109,60,81,85,19,24,112,48,80" hai3="113,100,116,118,135,2,124,68,23,6,25,70,9"/><T94/><D106/><U99/><E108/><V18/><F109/><W102/><G113/><T98/><D127/><U57/><E36/><V20/><F112/><W17/><G124/><T45/><D132/><U84/><E32/><V11/><F125/><W129/><G135/><T61/><D33/><U75/><E4/><V64/><F131/><W31/><G129/><T28/><D83/><U111/><E13/><N who="2" m="7487" /><F69/><W15/><G102/><T44/><D14/><U95/><E104/><V128/><F128/><W67/><G100/><T22/><D98/><U122/><E122/><V77/><F64/><W26/><G26/><N who="0" m="16471" /><D30/><U65/><E65/><V42/><F81/><W29/><G29/><T97/><D97/><U47/><E111/><V37/><F37/><W5/><G5/><T72/><D72/><U56/><E75/><V40/><F48/><W120/><G120/><T62/><D43/><AGARI ba="2,4" hai="19,20,24,40,42,43,60,63,77,80,85" m="7487" machi="43" ten="30,3900,0" yaku="8,1,52,2" doraHai="58" who="2" fromWho="0" sc="200,-45,145,0,259,85,356,0" /><INIT seed="5,0,0,2,5,65" ten="155,145,344,356" oya="1" hai0="20,66,93,7,121,56,82,54,52,18,124,81,10" hai1="2,68,29,25,103,28,84,102,24,30,73,115,120" hai2="117,109,35,113,61,22,59,108,3,131,90,106,53" hai3="11,67,125,26,122,36,15,49,33,37,60,69,78"/><U128/><E120/><V107/><F35/><W23/><G33/><T71/><D124/><U32/><E73/><V27/><F3/><W76/><G125/><T8/><D121/><U44/><E2/><V94/><F117/><W34/><G34/><T89/><D71/><U132/><E32/><V92/><F131/><W130/><G130/><T85/><D66/><U133/><E128/><V64/><F113/><W111/><G111/><T21/><D54/><U14/><E14/><V104/><F64/><W42/><G36/><T48/><D20/><U62/><E115/><V119/><F94/><W97/><G97/><T50/><D50/><U118/><E118/><V126/><F126/><W98/><G98/><T45/><D45/><U80/><E44/><V100/><F100/><N who="1" m="38441" /><E62/><V41/><F41/><W77/><G37/><T13/><REACH who="0" step="1"/><D10/><REACH who="0" ten="145,145,344,356" step="2"/><U87/><E68/><V123/><F123/><W39/><G122/><T38/><D38/><U9/><E9/><V116/><F116/><W31/><G39/><T135/><D135/><N who="1" m="51787" /><E80/><V6/><F119/><W110/><G49/><T83/><D83/><U47/><E47/><V16/><REACH who="2" step="1"/><F6/><REACH who="2" ten="145,145,334,356" step="2"/><W0/><G42/><T129/><D129/><U19/><E19/><V12/><F12/><AGARI ba="0,2" hai="7,8,12,13,18,21,48,52,56,81,82,85,89,93" machi="12" ten="30,12000,2" yaku="1,1,7,1,25,2,8,1,54,1,53,1" doraHai="65" doraHaiUra="88" who="0" fromWho="2" sc="145,140,145,0,334,-120,356,0" /><INIT seed="6,0,0,3,4,95" ten="285,145,214,356" oya="2" hai0="79,72,103,17,35,60,104,29,93,127,119,77,76" hai1="46,36,94,37,120,28,16,43,80,19,5,135,32" hai2="99,63,33,4,82,11,23,48,49,123,65,89,0" hai3="121,41,58,21,38,30,102,106,128,83,55,84,50"/><V67/><F123/><W132/><G121/><T34/><D104/><U97/><E120/><V113/><F33/><W78/><G132/><T18/><D72/><U98/><E135/><V70/><F113/><W101/><G106/><T15/><D127/><U134/><E134/><V73/><F67/><W85/><G38/><T24/><D119/><U126/><E126/><V114/><F114/><W31/><G41/><T107/><D107/><U74/><E37/><V125/><F125/><W71/><G71/><T105/><D105/><U45/><E5/><V52/><F23/><W10/><G10/><T100/><D34/><U133/><E133/><V118/><F49/><W62/><G84/><T53/><D18/><U122/><E122/><V115/><F115/><W3/><G3/><T13/><D13/><U92/><E46/><V81/><F73/><W111/><G128/><T66/><D53/><U2/><E2/><V54/><F54/><N who="3" m="34135" /><G21/><T75/><D93/><U108/><E108/><V12/><F0/><W116/><G111/><T61/><D61/><U42/><E42/><V110/><F110/><W86/><G116/><T68/><REACH who="0" step="1"/><D75/><REACH who="0" ten="275,145,214,356" step="2"/><U6/><E74/><V47/><F118/><W7/><G55/><T22/><AGARI ba="0,1" hai="15,17,22,24,29,35,60,66,68,76,77,79,100,103" machi="22" ten="30,7900,0" yaku="1,1,2,1,0,1,53,1" doraHai="95" doraHaiUra="25" who="0" fromWho="0" sc="275,89,145,-20,214,-39,356,-20" /><INIT seed="7,0,0,2,5,124" ten="364,125,175,336" oya="3" hai0="42,50,19,5,32,6,130,46,96,88,110,41,119" hai1="25,91,103,57,48,45,78,120,123,23,21,60,98" hai2="72,11,33,64,16,26,104,29,85,109,135,112,114" hai3="66,101,83,43,37,20,105,93,65,70,67,7,30"/><W108/><G105/><T71/><D110/><U75/><E75/><V122/><F104/><W80/><G70/><T86/><D119/><U27/><E78/><V63/><F72/><W49/><G37/><T73/><D130/><U4/><E4/><V132/><F109/><W3/><G3/><T100/><D32/><U40/><E91/><V126/><F126/><W44/><G7/><T52/><D73/><U22/><E123/><V61/><F85/><W94/><G108/><T69/><D69/><U24/><E120/><V81/><F81/><N who="3" m="31307" /><G101/><T111/><D71/><U9/><E9/><V125/><F63/><W58/><G58/><T117/><D117/><U0/><E0/><V31/><F31/><W12/><G12/><T127/><D127/><U113/><E113/><N who="2" m="43627" /><F125/><W97/><G97/><T17/><D111/><U2/><E2/><V133/><F122/><W99/><G99/><T10/><D96/><U87/><E87/><V35/><F35/><W134/><G134/><T107/><D100/><U128/><E128/><V79/><F79/><W53/><G43/><N who="0" m="16395" /><D107/><U51/><E51/><V82/><F82/><W8/><G8/><T102/><D102/><U92/><REACH who="1" step="1"/><E27/><AGARI ba="0,0" hai="20,27,30,44,49,53,65,66,67,93,94" m="31307" machi="27" ten="30,1500,0" yaku="8,1" doraHai="124" who="3" fromWho="1" sc="364,0,125,-15,175,0,336,15" /><INIT seed="7,1,0,0,3,40" ten="364,110,175,351" oya="3" hai0="66,51,35,96,82,100,57,89,56,47,97,25,18" hai1="111,4,3,44,11,48,17,110,45,59,9,132,38" hai2="24,121,103,81,108,114,53,23,125,10,52,112,43" hai3="115,118,54,61,21,64,101,39,133,0,79,124,128"/><W22/><G118/><T104/><D35/><U6/><E132/><V95/><F108/><W90/><G39/><T122/><D122/><U78/><E59/><N who="0" m="22601" /><D104/><U107/><E107/><V58/><F121/><W50/><G0/><T93/><D66/><U75/><E17/><V99/><F125/><W1/><G1/><T88/><D97/><U31/><E31/><V127/><F127/><W74/><G124/><T120/><D82/><U94/><E94/><V67/><F81/><N who="3" m="45303" /><G101/><T28/><D28/><U7/><E7/><V86/><F86/><W126/><G126/><T71/><D71/><U70/><E70/><V29/><F43/><W80/><G133/><T27/><D120/><U15/><E48/><V30/><F10/><W106/><G106/><T73/><D73/><U134/><E134/><V91/><F91/><N who="0" m="34890" /><D18/><U60/><E60/><N who="2" m="38295" /><F30/><W34/><G34/><T65/><D65/><U135/><E135/><V20/><F20/><W63/><G21/><T8/><D8/><U76/><E38/><V14/><F14/><W36/><G22/><T26/><D26/><U5/><E5/><V72/><F72/><W55/><G36/><T42/><AGARI ba="1,0" hai="25,27,42,47,51,93,96,100" m="34890,22601" machi="42" ten="30,4000,0" yaku="8,1,52,1,54,1" doraHai="40" who="0" fromWho="0" sc="364,43,110,-11,175,-11,351,-21" owari="407,50.7,99,-40.1,164,-23.6,330,13.0" /></mjloggm>