<mjloggm ver="2.3"><GO type="169" lobby="0"/><UN n0="%E5%85%A9%E5%84%80%E4%B8%B6%E5%BC%8F" n1="%E8%B5%A4%E5%BA%A7%E3%81%82%E3%81%8B%E3%82%8A%45%58" n2="%E3%81%9B%E3%81%A9%E3%81%AA%E3%82%8A%E3%81%82%E3%82%93" n3="%41%63%75%6E%61%4A%72" dan="16,16,17,17" rate="2151.48,2172.54,2195.20,2256.61" sx="M,M,F,M"/><TAIKYOKU oya="0"/><INIT seed="0,0,0,5,4,110" ten="250,250,250,250" oya="0" hai0="23,119,125,81,59,70,54,1,56,116,105,45,51" hai1="109,18,111,79,133,76,88,20,0,21,73,11,113" hai2="27,3,101,129,48,132,39,130,35,102,42,74,104" hai3="112,84,121,29,7,60,90,126,115,108,9,33,38"/><T67/><D1/><U100/><E100/><V99/><F102/><W19/><G108/><N who="1" m="41546" /><E133/><V96/><F96/><W24/><G38/><T106/><D81/><U134/><E134/><V28/><F132/><W97/><G126/><T61/><D23/><U26/><E73/><V114/><F48/><W10/><G121/><T72/><D72/><U63/><E63/><V69/><F3/><W14/><G97/><T57/><REACH who="0" step="1"/><D125/><REACH who="0" ten="240,250,250,250" step="2"/><U92/><E0/><V77/><F74/><W94/><REACH who="3" step="1"/><G60/><REACH who="3" ten="240,250,250,240" step="2"/><T36/><D36/><U135/><E135/><V107/><F39/><W83/><G83/><T50/><D50/><U43/><E79/><V117/><F77/><W40/><G40/><T131/><D131/><U44/><E76/><V89/><F42/><W2/><AGARI ba="0,2" hai="2,7,9,10,14,19,24,29,33,84,90,94,112,115" machi="2" ten="20,12000,2" yaku="1,1,0,1,7,1,52,2,53,1" doraHai="110" doraHaiUra="8" who="3" fromWho="3" sc="240,-60,250,-30,250,-30,240,140" /><INIT seed="1,0,0,3,4,38" ten="180,220,220,380" oya="1" hai0="84,6,105,5,0,20,60,11,29,77,25,26,65" hai1="52,34,17,111,41,90,72,83,15,39,108,66,2" hai2="51,93,10,27,73,115,98,35,76,16,107,132,120" hai3="88,135,80,45,130,106,33,9,48,125,62,104,40"/><U14/><E2/><V87/><F120/><W19/><G33/><N who="0" m="20655" /><D105/><U47/><E34/><V89/><F132/><W86/><G135/><T7/><D84/><U126/><E66/><V37/><F37/><W81/><G125/><T30/><D77/><U128/><E126/><V64/><F64/><W18/><G130/><T58/><D60/><U109/><E128/><V43/><F115/><W1/><G62/><T42/><D42/><U97/><E17/><V117/><F117/><W68/><G68/><T133/><D58/><U23/><E23/><V69/><F69/><W129/><G129/><T49/><D49/><N who="1" m="28735" /><E72/><V124/><F124/><W28/><G28/><N who="0" m="17479" /><D65/><U13/><E83/><V61/><F61/><W99/><G81/><T94/><D94/><N who="1" m="56535" /><E39/><V54/><F73/><W4/><REACH who="3" step="1"/><G104/><REACH who="3" ten="180,220,220,370" step="2"/><T24/><D133/><U112/><E112/><V36/><F107/><W31/><G31/><T101/><D101/><AGARI ba="0,1" hai="1,4,9,18,19,40,45,48,80,86,88,99,101,106" machi="101" ten="40,8000,1" yaku="1,1,52,1,54,1,53,1" doraHai="38" doraHaiUra="44" who="3" fromWho="0" sc="180,-80,220,0,220,0,370,90" /><INIT seed="2,0,0,1,3,52" ten="100,220,220,460" oya="2" hai0="121,131,89,106,92,73,61,107,10,135,112,25,115" hai1="8,93,129,88,66,68,30,134,49,17,11,100,122" hai2="59,77,43,48,54,57,19,98,91,105,104,124,72" hai3="31,0,81,125,108,41,63,133,26,114,103,21,127"/><V39/><F39/><W65/><G108/><T12/><D25/><U32/><E129/><V42/><F72/><W29/><G0/><T23/><D23/><U82/><E134/><V132/><F132/><W56/><G133/><T7/><D135/><U120/><E68/><V99/><F77/><W102/><G114/><T2/><D73/><U36/><E36/><V64/><F124/><N who="3" m="47691" /><G41/><N who="2" m="15369" /><F104/><W50/><G31/><T117/><D131/><U119/><E66/><V9/><F105/><W15/><G15/><T128/><D128/><U95/><E119/><V67/><F67/><W3/><G3/><T34/><D117/><U27/><E49/><V109/><F109/><W13/><G81/><T51/><D34/><U6/><E17/><V110/><F110/><W20/><G50/><T116/><D116/><U94/><E6/><V55/><F64/><W101/><G13/><T5/><D51/><U80/><E80/><V96/><F19/><W1/><G1/><T4/><D2/><U87/><REACH who="1" step="1"/><E100/><REACH who="1" ten="100,210,220,460" step="2"/><V113/><F113/><W83/><G83/><T123/><D115/><U24/><E24/><V45/><F9/><AGARI ba="0,1" hai="8,9,11,27,30,32,82,87,88,93,94,95,120,122" machi="9" ten="40,2600,0" yaku="1,1,54,1,53,0" doraHai="52" doraHaiUra="126" who="1" fromWho="2" sc="100,0,210,36,220,-26,460,0" /><INIT seed="3,0,0,1,0,73" ten="100,246,194,460" oya="3" hai0="130,121,35,53,11,37,65,75,95,64,125,19,46" hai1="103,59,109,15,63,126,68,24,116,82,14,93,81" hai2="29,127,21,102,123,25,108,105,104,128,57,90,78" hai3="62,89,85,41,33,7,4,55,50,67,54,16,9"/><W0/><G33/><T80/><D121/><U40/><E68/><V70/><F70/><W124/><G124/><T12/><D35/><U44/><E126/><V48/><F127/><W94/><G41/><T111/><D125/><U8/><E109/><V134/><F108/><W38/><G38/><T66/><D111/><U28/><E116/><V23/><F128/><W99/><G7/><T122/><D130/><U2/><E2/><V113/><F113/><W110/><G110/><T30/><D122/><U58/><E93/><V49/><F123/><W31/><G31/><T72/><D30/><U60/><E103/><V1/><F1/><W26/><G50/><T88/><D37/><U97/><E97/><V32/><F134/><W22/><REACH who="3" step="1"/><G99/><REACH who="3" ten="100,246,194,450" step="2"/><T77/><D75/><U45/><E40/><V79/><F32/><W101/><G101/><T34/><D34/><U6/><E6/><V36/><F36/><W131/><G131/><T119/><D119/><U10/><E28/><V76/><F102/><W115/><G115/><T18/><D18/><U84/><E84/><V39/><F39/><W118/><G118/><T87/><REACH who="0" step="1"/><D46/><REACH who="0" ten="90,246,194,450" step="2"/><U13/><E45/><V120/><F120/><W96/><G96/><T51/><D51/><U74/><E44/><V3/><F49/><W20/><G20/><T42/><D42/><U132/><E74/><V100/><F23/><W43/><G43/><T47/><D47/><U56/><E132/><V86/><F48/><W114/><G114/><T83/><D83/><U92/><E81/><N who="2" m="49487" /><F29/><W117/><G117/><T129/><D129/><U61/><E82/><RYUUKYOKU ba="0,2" sc="90,15,246,-15,194,-15,450,15" hai0="11,12,19,53,64,65,66,72,77,80,87,88,95" hai3="0,4,9,16,22,26,54,55,62,67,85,89,94" /><INIT seed="3,1,2,2,5,52" ten="105,231,179,465" oya="3" hai0="17,95,94,67,18,86,16,65,58,125,96,23,45" hai1="32,60,68,6,126,134,84,131,4,120,119,113,121" hai2="73,46,109,66,25,50,8,24,76,90,47,99,71" hai3="81,78,105,98,69,110,11,106,85,79,128,38,34"/><W29/><G38/><T108/><D108/><U57/><E32/><V10/><F109/><W44/><G110/><T21/><D125/><U83/><E68/><V102/><F90/><W116/><G116/><T62/><D45/><U97/><E126/><V100/><F73/><W42/><G69/><T93/><D67/><U92/><E113/><V129/><F76/><W59/><G128/><T70/><D70/><U88/><E131/><V80/><F80/><W20/><G34/><T36/><D36/><U30/><E30/><V130/><F71/><W82/><G11/><T72/><D72/><U51/><E119/><V43/><F99/><W118/><G98/><T104/><REACH who="0" step="1"/><D86/><REACH who="0" ten="95,231,179,465" step="2"/><U115/><E120/><V27/><F66/><W55/><G44/><T12/><D12/><U5/><E121/><V112/><F129/><W40/><G118/><T101/><AGARI ba="1,3" hai="16,17,18,21,23,58,62,65,93,94,95,96,101,104" machi="101" ten="40,8000,1" yaku="1,1,0,1,52,1,54,1,53,0" doraHai="52" doraHaiUra="133" who="0" fromWho="0" sc="95,113,231,-21,179,-21,465,-41" /><INIT seed="4,0,0,3,1,58" ten="208,210,158,424" oya="0" hai0="16,55,122,30,68,111,101,26,52,35,42,10,44" hai1="60,67,119,117,15,31,54,24,18,124,19,66,116" hai2="134,71,0,17,61,27,46,120,105,126,1,43,114" hai3="130,39,73,40,106,123,23,63,133,8,99,22,108"/><T89/><D122/><U109/><E109/><V25/><F120/><W20/><G108/><T80/><D111/><U9/><E124/><V51/><F105/><W12/><G73/><T87/><D68/><U3/><E3/><V45/><F126/><W92/><G106/><T36/><D101/><U113/><E113/><V129/><F114/><W76/><G76/><T37/><REACH who="0" step="1"/><D36/><REACH who="0" ten="198,210,158,424" step="2"/><U65/><E116/><V33/><F71/><W2/><G123/><T14/><AGARI ba="0,1" hai="10,14,16,26,30,35,37,42,44,52,55,80,87,89" machi="14" ten="30,18000,2" yaku="1,1,2,1,0,1,54,2,53,1" doraHai="58" doraHaiUra="38" who="0" fromWho="0" sc="198,190,210,-60,158,-60,424,-60" /><INIT seed="4,1,0,5,3,10" ten="388,150,98,364" oya="0" hai0="30,5,27,60,28,21,126,82,125,11,94,75,91" hai1="93,134,38,39,128,16,88,67,69,102,70,55,107" hai2="118,96,54,2,3,56,25,32,127,20,64,97,46" hai3="37,131,42,33,34,87,113,52,119,8,57,130,121"/><T115/><D60/><U15/><E107/><V36/><F32/><W65/><G119/><T26/><D82/><U66/><E102/><V35/><F35/><W13/><G113/><T29/><D75/><U58/><E128/><N who="3" m="49194" /><G121/><T135/><D94/><U122/><E122/><V84/><F127/><N who="0" m="48650" /><D91/><U95/><E134/><V31/><F118/><W63/><G87/><T104/><D104/><U132/><E132/><V120/><F120/><W68/><G42/><T86/><D86/><N who="1" m="52375" /><E39/><V44/><F64/><N who="1" m="24617" /><E38/><V45/><F36/><W76/><G76/><T48/><D48/><N who="1" m="31079" /><E95/><V59/><F2/><W22/><G37/><T83/><D83/><U116/><E116/><V100/><F3/><W98/><G98/><N who="2" m="37993" /><F100/><W61/><G22/><AGARI ba="1,0" hai="15,16,22,69,70" m="31079,24617,52375" machi="22" ten="30,7700,0" yaku="25,1,52,1,54,2" doraHai="10" who="1" fromWho="3" sc="388,0,150,80,98,0,364,-80" /><INIT seed="5,0,0,2,5,48" ten="388,230,98,284" oya="1" hai0="125,50,108,14,47,84,27,134,10,87,2,28,15" hai1="37,52,24,13,74,38,54,51,126,115,131,110,42" hai2="40,43,22,53,93,25,97,117,72,59,83,121,23" hai3="44,116,90,3,39,82,135,7,60,34,16,123,63"/><U85/><E74/><V118/><F121/><W129/><G123/><T57/><D108/><U120/><E120/><V124/><F124/><W111/><G111/><T30/><D2/><U31/><E110/><V112/><F112/><W95/><G34/><T73/><D73/><U80/><E115/><V130/><F130/><W68/><G129/><T55/><D134/><U114/><E114/><V76/><F117/><W32/><G32/><T5/><D125/><U98/><E126/><V91/><F118/><W1/><G135/><T132/><D132/><U66/><E66/><V61/><REACH who="2" step="1"/><F23/><REACH who="2" ten="388,230,88,284" step="2"/><W9/><G116/><T46/><D15/><U56/><E131/><V99/><F99/><W12/><G1/><T64/><D27/><U96/><E13/><V127/><F127/><W18/><G3/><T103/><D103/><U45/><E38/><V104/><F104/><W65/><G39/><T17/><D30/><AGARI ba="0,1" hai="22,25,30,40,43,53,59,61,72,76,83,91,93,97" machi="30" ten="30,3900,0" yaku="1,1,7,1,52,1,53,0" doraHai="48" doraHaiUra="113" who="2" fromWho="0" sc="388,-39,230,0,88,49,284,0" /><INIT seed="6,0,0,0,1,0" ten="349,230,137,284" oya="2" hai0="68,135,99,31,72,66,23,22,55,131,132,102,24" hai1="125,19,1,130,86,109,104,16,49,14,36,26,71" hai2="110,80,112,34,54,67,113,116,91,43,133,128,44" hai3="41,114,58,90,88,124,33,107,134,28,92,3,4"/><V98/><F34/><W97/><G124/><T64/><D72/><U12/><E109/><V30/><F30/><W50/><G134/><N who="0" m="51243" /><D131/><U82/><E36/><V123/><F133/><W129/><G129/><T87/><D68/><U83/><E1/><V38/><F128/><W15/><G3/><T46/><D22/><U45/><E104/><V7/><F116/><W25/><G107/><N who="0" m="63967" /><D87/><U56/><E71/><V84/><F123/><W35/><G114/><N who="2" m="44137" /><F67/><W29/><G90/><T53/><D46/><U37/><E125/><V5/><F110/><W51/><G41/><T79/><D79/><U62/><E37/><V77/><F54/><AGARI ba="0,0" hai="23,24,31,53,54,55,64,66" m="63967,51243" machi="54" ten="30,1000,0" yaku="20,1" doraHai="0" who="0" fromWho="2" sc="349,10,230,0,137,-10,284,0" /><INIT seed="7,0,0,0,0,21" ten="359,230,127,284" oya="3" hai0="126,24,0,8,63,123,70,35,72,83,49,4,105" hai1="22,66,5,14,61,120,51,16,97,76,15,36,48" hai2="87,77,96,37,69,116,34,115,91,67,30,117,71" hai3="68,54,122,90,81,65,10,41,20,111,89,1,47"/><W3/><G122/><T86/><D49/><U133/><E36/><V110/><F77/><W84/><G111/><T85/><D123/><U52/><E120/><V7/><F37/><W101/><G101/><T46/><D46/><U43/><E133/><V121/><F7/><W58/><G10/><T29/><D126/><U32/><E32/><V128/><F121/><W23/><G65/><N who="0" m="41279" /><D85/><U103/><E76/><V112/><F87/><W95/><G68/><T106/><D86/><U130/><E130/><V13/><F13/><W107/><G107/><N who="0" m="40971" /><D83/><U82/><E82/><V124/><F124/><W100/><G100/><T79/><D79/><U12/><E43/><V135/><F110/><W125/><G125/><T45/><D45/><N who="1" m="27663" /><E51/><V78/><F78/><W59/><G59/><T98/><D98/><U131/><E5/><V17/><F96/><N who="3" m="57455" /><G3/><N who="0" m="31" /><D72/><U42/><E42/><V9/><F69/><W102/><G102/><T38/><D38/><U55/><E66/><V57/><F67/><W60/><G1/><AGARI ba="0,0" hai="0,1,24,29,35" m="31,40971,41279" machi="1" ten="30,3900,0" yaku="33,2,52,1" doraHai="21" who="0" fromWho="3" sc="359,39,230,0,127,0,284,-39" owari="398,49.8,230,-17.0,127,-37.3,245,4.5" /></mjloggm>