<mjloggm ver="2.3"><GO type="169" lobby="0"/><UN n0="%E3%81%9F%E3%81%8B%31%34%31" n1="%E8%B5%A4%E6%AF%9B%E3%81%AE%E3%82%AD%E3%83%A7%E3%83%B3" n2="%48%57%49%4E%47" n3="%E3%81%86%E3%81%91%E3%81%AA%E3%81%8C%E3%81%97%E3%81%BE%E3%81%9B%E3%82%93" dan="16,18,17,17" rate="2124.70,2334.75,2170.53,2249.43" sx="M,M,M,F"/><TAIKYOKU oya="0"/><INIT seed="0,0,0,0,3,7" ten="250,250,250,250" oya="0" hai0="134,5,40,43,119,79,25,58,124,111,34,42,95" hai1="112,52,21,62,11,61,125,35,68,65,4,2,83" hai2="57,29,84,74,47,105,98,59,123,90,101,87,92" hai3="102,51,128,38,115,39,54,64,33,26,97,72,13"/><T116/><D134/><U70/><E35/><V80/><F123/><W75/><G115/><T85/><D124/><U118/><E118/><V103/><F29/><W88/><G128/><T36/><D36/><U3/><E125/><V100/><F47/><W107/><G39/><T76/><D111/><U32/><E32/><V131/><F131/><W41/><G64/><T126/><D126/><U16/><E112/><V89/><F57/><W24/><G24/><T17/><D5/><U45/><E2/><V135/><F59/><W110/><G110/><T56/><D119/><U23/><E83/><V53/><F53/><W69/><G69/><T14/><D116/><U86/><E86/><V31/><F31/><W122/><G41/><T104/><D104/><U109/><E109/><V22/><F22/><W10/><G38/><T28/><D95/><U106/><E106/><V82/><F135/><W20/><G88/><T49/><D85/><U66/><REACH who="1" step="1"/><E16/><REACH who="1" ten="250,240,250,250" step="2"/><V50/><F50/><AGARI ba="0,1" hai="3,4,11,21,23,45,50,52,61,62,65,66,68,70" machi="50" ten="40,8000,1" yaku="1,1,2,1,9,1,52,1,54,1,53,0" doraHai="7" doraHaiUra="121" who="1" fromWho="2" sc="250,0,240,90,250,-80,250,0" /><INIT seed="1,0,0,1,2,7" ten="250,330,170,250" oya="1" hai0="120,94,132,4,16,131,54,103,110,50,2,5,69" hai1="35,36,25,51,19,76,43,53,10,57,15,85,113" hai2="46,68,29,26,91,81,135,28,82,61,24,125,105" hai3="115,60,48,129,8,128,86,72,89,126,49,114,62"/><U66/><E113/><V109/><F105/><W98/><G98/><T87/><D110/><U74/><E74/><V79/><F109/><W111/><G111/><T78/><D69/><U47/><E66/><V107/><F107/><W18/><G72/><T99/><D131/><U3/><E3/><V6/><F125/><W65/><G86/><T32/><D32/><U0/><E0/><V63/><F135/><W55/><G89/><T70/><D70/><U20/><E35/><V133/><F6/><W9/><G18/><T42/><D42/><U39/><E76/><V97/><F133/><W44/><G126/><T77/><D120/><U59/><E85/><V134/><F46/><W117/><G44/><T112/><D112/><U64/><E64/><V90/><F134/><W84/><G84/><T31/><D31/><U108/><E108/><V37/><F97/><W119/><G65/><T88/><D132/><U83/><E83/><V40/><F40/><W17/><G17/><T116/><D116/><U130/><E59/><V106/><F106/><W21/><G21/><T11/><D5/><U34/><E130/><V52/><F68/><W23/><G23/><T92/><REACH who="0" step="1"/><D16/><REACH who="0" ten="240,330,170,250" step="2"/><U101/><E34/><V22/><F22/><W96/><G96/><T45/><AGARI ba="0,1" hai="2,4,11,45,50,54,77,78,87,88,92,94,99,103" machi="45" ten="20,12000,2" yaku="1,1,2,1,0,1,7,1,52,1,54,1,53,0" doraHai="7" doraHaiUra="56" who="0" fromWho="0" sc="240,130,330,-60,170,-30,250,-30" /><INIT seed="2,0,0,2,5,106" ten="370,270,140,220" oya="2" hai0="83,9,39,74,105,32,85,63,128,48,81,97,79" hai1="90,131,40,11,23,82,110,113,54,134,55,89,19" hai2="116,64,52,121,124,109,15,123,13,22,119,16,125" hai3="49,18,72,122,5,12,28,41,99,34,95,73,42"/><V84/><F64/><W8/><G122/><N who="2" m="46601" /><F84/><W132/><G132/><T37/><D32/><U46/><E113/><V117/><F52/><W87/><G87/><T61/><D128/><U68/><E68/><V59/><F59/><W93/><G93/><T101/><D48/><U94/><E131/><V25/><F109/><W91/><G34/><T0/><D0/><U98/><E134/><V43/><F43/><W103/><G28/><T71/><D9/><U47/><E110/><V67/><F67/><W65/><G42/><T1/><D1/><U29/><E82/><V130/><F130/><W6/><G65/><T51/><D51/><N who="1" m="27079" /><E89/><V50/><F50/><W62/><G62/><T26/><D71/><U86/><E47/><V129/><F129/><W2/><G6/><T45/><D45/><U56/><E86/><V80/><F80/><W20/><REACH who="3" step="1"/><G91/><REACH who="3" ten="370,270,140,210" step="2"/><T107/><D63/><N who="1" m="36247" /><E55/><V24/><F24/><W92/><G92/><T30/><D61/><U69/><E69/><V108/><F108/><W38/><G38/><T33/><REACH who="0" step="1"/><D107/><REACH who="0" ten="360,270,140,210" step="2"/><U133/><E133/><V21/><F13/><W100/><G100/><T76/><AGARI ba="0,2" hai="26,30,33,37,39,74,76,79,81,83,85,97,101,105" machi="76" ten="20,8000,1" yaku="1,1,2,1,0,1,7,1,52,1,53,0" doraHai="106" doraHaiUra="127" who="0" fromWho="0" sc="360,100,270,-20,140,-40,210,-20" /><INIT seed="3,0,0,1,2,47" ten="460,250,100,190" oya="3" hai0="97,103,122,21,61,22,71,36,13,128,35,104,114" hai1="75,82,105,86,121,23,117,68,110,28,42,129,4" hai2="2,108,53,67,111,19,9,8,130,48,88,83,46" hai3="107,113,85,41,59,51,100,57,6,80,0,81,119"/><W134/><G119/><T120/><D36/><U7/><E121/><V5/><F130/><W33/><G113/><T45/><D128/><U26/><E129/><V89/><F67/><W14/><G33/><T78/><D35/><U64/><E105/><V79/><F19/><W16/><G134/><T84/><D114/><U91/><E110/><N who="2" m="42027" /><F9/><W63/><G107/><T43/><D78/><U65/><E117/><V38/><F38/><W52/><G100/><T118/><D118/><U106/><E106/><V56/><F56/><W99/><G99/><T87/><D87/><AGARI ba="0,0" hai="2,5,8,46,48,53,79,83,87,88,89" m="42027" machi="87" ten="30,3900,0" yaku="14,1,52,1,54,1" doraHai="47" who="2" fromWho="0" sc="460,-39,250,0,100,39,190,0" /><INIT seed="4,0,0,0,0,14" ten="421,250,139,190" oya="0" hai0="34,19,134,99,122,115,45,39,127,52,119,5,51" hai1="44,69,3,97,135,65,107,9,128,81,55,133,42" hai2="93,131,104,105,16,38,13,20,48,77,54,75,106" hai3="56,26,37,108,83,50,126,72,10,29,43,62,17"/><T94/><D115/><U33/><E33/><V90/><F38/><W86/><G108/><T103/><D119/><U61/><E128/><V46/><F131/><W110/><G110/><T2/><D122/><U84/><E55/><V12/><F12/><W100/><G72/><T121/><D121/><U112/><E112/><V130/><F130/><W111/><G111/><T113/><D113/><U123/><E123/><V23/><F23/><W78/><G37/><T21/><D34/><U125/><E125/><V25/><F25/><W57/><G100/><T96/><D127/><U32/><E32/><V8/><F8/><W67/><G126/><T91/><D134/><U76/><E107/><V116/><F116/><W95/><G95/><T7/><D39/><U117/><E117/><V68/><F68/><W79/><G29/><T70/><D70/><U15/><E97/><V87/><REACH who="2" step="1"/><F104/><REACH who="2" ten="421,250,129,190" step="2"/><W27/><G27/><T40/><D2/><U36/><REACH who="1" step="1"/><E3/><REACH who="1" ten="421,240,129,190" step="2"/><V109/><F109/><W80/><G43/><T31/><D40/><U74/><E74/><V1/><F1/><W49/><G49/><T0/><D0/><U71/><E71/><V102/><F102/><W98/><G50/><T120/><D120/><U66/><E66/><V6/><F6/><AGARI ba="0,2" hai="6,9,15,36,42,44,61,65,69,76,81,84,133,135" machi="6" ten="40,1300,0" yaku="1,1,53,0" doraHai="14" doraHaiUra="53" who="1" fromWho="2" sc="421,0,240,33,129,-13,190,0" /><INIT seed="5,0,0,3,1,41" ten="421,273,116,190" oya="1" hai0="88,128,57,0,93,42,32,111,19,124,123,104,10" hai1="67,77,37,113,24,11,20,60,81,31,59,92,108" hai2="116,96,133,62,66,58,98,86,48,69,118,127,130" hai3="97,82,47,17,75,72,12,25,89,1,80,71,134"/><U102/><E113/><V107/><F127/><W21/><G71/><T120/><D104/><U27/><E108/><V36/><F36/><W4/><G134/><T43/><D111/><U45/><E11/><V68/><F133/><W135/><G135/><T33/><D124/><U83/><E27/><V79/><F130/><W126/><G126/><T131/><D57/><U132/><E132/><V28/><F28/><W34/><G80/><T46/><D43/><N who="1" m="22767" /><E77/><V106/><F48/><W16/><G47/><T23/><D10/><U64/><E64/><V73/><F73/><W26/><G26/><N who="0" m="14719" /><D0/><U112/><E112/><V74/><F74/><W35/><G35/><T84/><D32/><U65/><E65/><V7/><F7/><W76/><G75/><T90/><D90/><U49/><E49/><V14/><F14/><W8/><G17/><T115/><D33/><U30/><E30/><V15/><F15/><W117/><G117/><N who="2" m="45161" /><F79/><W6/><G6/><T63/><D63/><U87/><E87/><V94/><F86/><W121/><G121/><N who="0" m="46667" /><D115/><U40/><E40/><V50/><F50/><AGARI ba="0,0" hai="42,46,50,84,88,93,128,131" m="46667,14719" machi="50" ten="30,3900,0" yaku="13,1,52,1,54,1" doraHai="41" who="0" fromWho="2" sc="421,39,273,0,116,-39,190,0" /><INIT seed="6,0,0,3,0,38" ten="460,273,77,190" oya="2" hai0="80,99,0,59,52,16,120,8,77,40,129,18,17" hai1="130,37,48,30,24,103,85,82,113,55,117,126,87" hai2="19,89,122,45,121,65,74,112,76,93,47,98,105" hai3="67,132,128,21,9,13,119,94,125,60,108,124,96"/><V100/><F112/><W20/><G108/><T101/><D120/><U81/><E117/><V34/><F34/><W10/><G119/><T58/><D129/><U135/><E37/><V107/><F65/><W63/><G128/><T86/><D40/><U1/><E1/><V44/><F107/><W79/><G79/><T3/><D8/><U72/><E113/><V111/><F111/><W32/><G32/><T68/><D68/><U123/><E72/><V46/><N who="2" m="11264" /><DORA hai="84" /><V4/><F4/><W5/><G10/><T75/><D75/><U104/><E103/><V57/><F57/><W62/><G67/><T12/><D12/><U23/><E126/><N who="3" m="48746" /><G132/><T106/><REACH who="0" step="1"/><D59/><REACH who="0" ten="450,273,77,190" step="2"/><U133/><E123/><V53/><F53/><W61/><N who="3" m="15360" /><DORA hai="102" /><W2/><G13/><T95/><D95/><U118/><E130/><V14/><F74/><W66/><G66/><T43/><D43/><U97/><E118/><V39/><F39/><W7/><G7/><T22/><D22/><U91/><E23/><V15/><F76/><W29/><G29/><T26/><D26/><U78/><E24/><V11/><REACH who="2" step="1"/><F14/><REACH who="2" ten="450,273,67,190" step="2"/><W36/><G36/><T90/><D90/><AGARI ba="0,2" hai="2,5,9,20,21,90,94,96" m="15360,48746" machi="90" ten="40,2600,0" yaku="18,1,52,1" doraHai="38,84,102" who="3" fromWho="0" sc="450,-26,273,0,67,0,190,46" /><INIT seed="7,0,0,1,0,122" ten="424,273,67,236" oya="3" hai0="46,20,87,107,9,101,51,43,116,35,25,134,123" hai1="54,115,118,22,31,83,88,57,84,108,4,24,47" hai2="117,71,105,52,56,130,73,86,42,33,50,55,81" hai3="79,94,74,89,68,124,49,109,28,127,23,113,110"/><W5/><G113/><T27/><D123/><U119/><E115/><V34/><F105/><W17/><G68/><T120/><D120/><U19/><E108/><N who="3" m="41578" /><G5/><T16/><D116/><N who="1" m="44587" /><E4/><V96/><F73/><W15/><G28/><T6/><D87/><U104/><E104/><V78/><F117/><W60/><G60/><T92/><D107/><U135/><E135/><V85/><F130/><W1/><G1/><T93/><D101/><U62/><E47/><V30/><F71/><W82/><G49/><T26/><D134/><U59/><E59/><V67/><F30/><AGARI ba="0,0" hai="19,22,24,30,31,54,57,62,83,84,88" m="44587" machi="30" ten="30,2000,0" yaku="12,1,54,1" doraHai="122" who="1" fromWho="2" sc="424,0,273,20,67,-20,236,0" owari="424,52.4,293,9.3,47,-45.3,236,-16.4" /></mjloggm>