<mjloggm ver="2.3"><GO type="169" lobby="0"/><UN n0="%E3%81%97%E3%82%82%E3%82%93%E3%81%AC" n1="%E6%82%94%E3%81%84%E3%82%BF%E3%83%B3" n2="%E3%81%82%E3%81%AF%E3%82%82" n3="%E9%BA%BB%E9%9B%80%49%51%31%32%30" dan="16,17,16,16" rate="2160.53,2194.70,2180.23,2095.12" sx="M,M,M,M"/><TAIKYOKU oya="0"/><INIT seed="0,0,0,4,4,130" ten="250,250,250,250" oya="0" hai0="101,64,134,5,44,55,11,76,119,31,57,93,81" hai1="69,83,34,10,7,118,120,100,128,51,94,25,19" hai2="21,8,24,53,135,63,92,102,30,73,80,98,97" hai3="68,103,133,3,106,60,79,54,84,36,39,27,61"/><T82/><D119/><U99/><E118/><V109/><F109/><W48/><G3/><T12/><D31/><U40/><E128/><V43/><F43/><W26/><G79/><T33/><D33/><U37/><E69/><V116/><F116/><W96/><G84/><T49/><D134/><U45/><E120/><V107/><F8/><W108/><G108/><T41/><D64/><U114/><E114/><V127/><F127/><W22/><G26/><T113/><D113/><U13/><E83/><V91/><F80/><W15/><G15/><T47/><D47/><U74/><E74/><V1/><F1/><W46/><G133/><T123/><D123/><U105/><E105/><V110/><F110/><W16/><REACH who="3" step="1"/><G68/><REACH who="3" ten="250,250,250,240" step="2"/><T28/><D76/><U71/><E71/><V20/><F73/><W86/><G86/><T75/><D75/><U89/><E25/><V0/><F0/><W87/><G87/><T117/><D117/><U58/><E13/><V56/><REACH who="2" step="1"/><F135/><REACH who="2" ten="250,250,240,240" step="2"/><W67/><G67/><T131/><D131/><U9/><E7/><V121/><F121/><W23/><G23/><AGARI ba="0,2" hai="20,21,23,24,30,53,56,63,91,92,97,98,102,107" machi="23" ten="30,2000,0" yaku="1,1,7,1,53,0" doraHai="130" doraHaiUra="38" who="2" fromWho="3" sc="250,0,250,0,240,40,240,-20" /><INIT seed="1,0,0,5,5,61" ten="250,250,280,220" oya="1" hai0="121,113,70,57,110,53,124,130,79,74,46,99,51" hai1="67,17,44,37,95,72,36,52,32,7,28,114,123" hai2="97,122,131,29,3,65,6,33,58,116,34,24,133" hai3="48,94,111,50,54,112,102,81,8,15,104,78,39"/><U41/><E114/><V21/><F21/><W101/><BYE who="2" /><G111/><UN n2="%E3%81%82%E3%81%AF%E3%82%82" /><T120/><D113/><U16/><E123/><N who="0" m="47177" /><D79/><U76/><E37/><V84/><F122/><W118/><G118/><T20/><D99/><U73/><E7/><V134/><F116/><W40/><G104/><T47/><D20/><U9/><E67/><V132/><F131/><W135/><G135/><T77/><D77/><U23/><E9/><N who="2" m="2271" /><F97/><W55/><G39/><T93/><D93/><U100/><E32/><N who="2" m="20519" /><F84/><W87/><G94/><T126/><D74/><U42/><E42/><V49/><F49/><W107/><G107/><T115/><D115/><U66/><E73/><V129/><F129/><W117/><G117/><T30/><D30/><U88/><E100/><V38/><F38/><W60/><G112/><T43/><D130/><U85/><E66/><V103/><F103/><W91/><G91/><T22/><D22/><U5/><E5/><V98/><F98/><W18/><G40/><N who="0" m="25031" /><D70/><U86/><E72/><V109/><F109/><W62/><G102/><T127/><D110/><U56/><E28/><V13/><F13/><W12/><G12/><T45/><D43/><U64/><E23/><V68/><F68/><W106/><G106/><T4/><D4/><U59/><E85/><V26/><F26/><W1/><G101/><T90/><D90/><U82/><E76/><V75/><F75/><W10/><G10/><T25/><D25/><U96/><E96/><V0/><F0/><W27/><G27/><T35/><D35/><U31/><E95/><V83/><F83/><W71/><G1/><T11/><D11/><RYUUKYOKU ba="0,0" sc="250,15,250,-15,280,15,220,-15" hai0="45,47,53,57,124,126,127" hai2="33,34,58,65,132,133,134" /><INIT seed="2,1,0,5,0,39" ten="265,235,295,205" oya="2" hai0="100,12,0,72,87,64,92,47,63,119,109,101,68" hai1="116,25,3,118,56,17,9,120,135,31,134,2,131" hai2="14,37,43,27,8,99,40,55,74,77,42,84,22" hai3="35,44,108,90,38,51,117,89,81,111,127,86,107"/><V10/><F74/><W54/><G117/><N who="1" m="45162" /><E56/><V73/><F73/><W75/><G127/><T85/><D72/><U93/><E93/><V52/><F37/><W6/><G35/><T129/><D0/><N who="1" m="43" /><E131/><V50/><F99/><W62/><G6/><T133/><D129/><U115/><E115/><V7/><F10/><W29/><G29/><T21/><D119/><U4/><E17/><N who="2" m="12751" /><F50/><W110/><G107/><T33/><D92/><U105/><E105/><V126/><F126/><W67/><G38/><T95/><D95/><U80/><E80/><AGARI ba="1,0" hai="7,8,14,40,42,43,52,55,77,80,84" m="12751" machi="80" ten="30,12000,1" yaku="8,1,52,3,54,1" doraHai="39" who="2" fromWho="1" sc="265,0,235,-123,295,123,205,0" /><INIT seed="2,2,0,5,2,6" ten="265,112,418,205" oya="2" hai0="101,52,30,59,56,41,54,114,69,118,75,53,131" hai1="0,128,60,113,127,13,74,66,46,98,106,85,125" hai2="31,4,112,47,44,135,99,51,126,61,90,115,100" hai3="17,80,40,23,123,62,124,18,82,16,24,32,15"/><V84/><F126/><W34/><G123/><T95/><D75/><U83/><E113/><V7/><F31/><W88/><G124/><T64/><D114/><U110/><E0/><V25/><F135/><W78/><G40/><T81/><D118/><U122/><E122/><V86/><F25/><W38/><G38/><T107/><D107/><U33/><E110/><V91/><F61/><W117/><G117/><T134/><D134/><U92/><E128/><V57/><F57/><W43/><G43/><T39/><D81/><U72/><E72/><V77/><F99/><W14/><G62/><N who="0" m="40087" /><D95/><U37/><E33/><V26/><F26/><W71/><G71/><T73/><D101/><U19/><E74/><V29/><F29/><W36/><G36/><T70/><D73/><U94/><E94/><V21/><F100/><W93/><G34/><T104/><D30/><U97/><E46/><V9/><F21/><N who="3" m="11415" /><G78/><T1/><D1/><U65/><E37/><V45/><F77/><W8/><G32/><T22/><D22/><N who="1" m="11631" /><E106/><V12/><F4/><W63/><G63/><T132/><D104/><U96/><E66/><V50/><F115/><W35/><G35/><T102/><D132/><U76/><E125/><V55/><F112/><W11/><G11/><T79/><D131/><U129/><E129/><V49/><REACH who="2" step="1"/><F55/><REACH who="2" ten="265,112,408,205" step="2"/><W89/><G89/><AGARI ba="2,1" hai="7,9,12,44,45,47,49,50,51,84,86,89,90,91" machi="89" ten="40,12000,1" yaku="1,1,2,1,8,1,52,1,53,0" doraHai="6" doraHaiUra="108" who="2" fromWho="3" sc="265,0,112,0,408,136,205,-126" /><INIT seed="2,3,0,5,4,120" ten="265,112,544,79" oya="2" hai0="121,26,116,95,105,58,66,112,35,61,89,122,37" hai1="18,23,51,110,13,53,135,48,129,132,83,52,99" hai2="75,71,109,62,84,36,57,82,80,94,60,77,92" hai3="131,30,130,2,103,79,45,32,134,73,43,3,40"/><V5/><F36/><W47/><G103/><T56/><D112/><U63/><E129/><V25/><F5/><W97/><G97/><T10/><D105/><U106/><E83/><V17/><F71/><W42/><G30/><T8/><D37/><U31/><E31/><V49/><F49/><W114/><G32/><T24/><D116/><U14/><E63/><V123/><F123/><W125/><G79/><T91/><D95/><U117/><E117/><V118/><F118/><W76/><G76/><T113/><D113/><U39/><E39/><V128/><F128/><N who="3" m="49195" /><G114/><T72/><D61/><U101/><E110/><V100/><F100/><W64/><G73/><T55/><D55/><U93/><E106/><V41/><F41/><W124/><G64/><T81/><D66/><U34/><E34/><V44/><F44/><N who="3" m="16971" /><G134/><N who="1" m="51242" /><E13/><V68/><F68/><W90/><G90/><T107/><D107/><U19/><E18/><V102/><F102/><W67/><G67/><T86/><D35/><U20/><E23/><V104/><F104/><W29/><G29/><T69/><D69/><U133/><E133/><V4/><F94/><W85/><G85/><T98/><D86/><U16/><E19/><V87/><F92/><W6/><G6/><T15/><D98/><U54/><AGARI ba="3,0" hai="14,16,20,48,51,52,53,54,93,99,101" m="51242" machi="54" ten="30,4000,0" yaku="20,1,54,2" doraHai="120" who="1" fromWho="1" sc="265,-13,112,49,544,-23,79,-13" /><INIT seed="3,0,0,3,3,42" ten="252,161,521,66" oya="3" hai0="71,59,15,89,55,107,119,10,38,4,69,110,21" hai1="47,19,103,84,83,46,30,121,101,16,82,72,60" hai2="74,1,35,120,131,124,23,58,109,25,75,112,77" hai3="36,0,118,98,87,8,106,40,50,104,12,128,56"/><W27/><G118/><T18/><D119/><U28/><E72/><V85/><F112/><W39/><G0/><T122/><D122/><U132/><E132/><V45/><F1/><W6/><G128/><T49/><D110/><U127/><E60/><V79/><F131/><W90/><G27/><T135/><D135/><U76/><E127/><V130/><F35/><W24/><G24/><T54/><D107/><U41/><E41/><V61/><F109/><W111/><G111/><T26/><D38/><U123/><E84/><V134/><F134/><W48/><G48/><T91/><D69/><U102/><E101/><V51/><F124/><W94/><G106/><T68/><D68/><U99/><REACH who="1" step="1"/><E76/><REACH who="1" ten="252,151,521,66" step="2"/><V29/><F79/><W63/><G87/><T126/><D126/><U93/><E93/><V31/><F85/><W114/><G104/><T14/><D71/><U81/><E81/><V117/><F117/><W32/><G114/><T70/><D70/><U22/><E22/><V80/><F130/><W67/><REACH who="3" step="1"/><G32/><REACH who="3" ten="252,151,521,56" step="2"/><T57/><D26/><U65/><E65/><V11/><F75/><W100/><G100/><T17/><REACH who="0" step="1"/><D4/><REACH who="0" ten="242,151,521,56" step="2"/><U133/><E133/><V2/><F120/><W53/><G53/><T9/><D9/><U105/><E105/><V64/><F11/><W108/><G108/><T92/><D92/><U88/><E88/><V52/><REACH who="2" step="1"/><F2/><REACH who="2" ten="242,151,511,56" step="2"/><RYUUKYOKU type="reach4" ba="0,4" sc="242,0,151,0,511,0,56,0" hai0="10,14,15,17,18,21,49,54,55,57,59,89,91" hai1="16,19,28,30,46,47,82,83,99,102,103,121,123" hai2="23,25,29,31,45,51,52,58,61,64,74,77,80" hai3="6,8,12,36,39,40,50,56,63,67,90,94,98" /><INIT seed="3,1,4,3,3,122" ten="242,151,511,56" oya="3" hai0="33,87,75,96,73,49,70,107,65,60,77,44,112" hai1="93,94,67,8,55,131,9,12,117,115,125,20,57" hai2="50,90,4,39,100,14,43,86,85,56,0,41,104" hai3="29,123,62,79,19,2,111,52,102,121,10,80,126"/><W63/><G126/><T98/><D112/><U71/><E115/><V103/><F0/><W21/><G102/><N who="2" m="38953" /><F39/><W69/><G29/><T7/><D33/><U48/><E125/><V84/><F104/><W91/><G91/><T51/><D107/><U24/><E131/><V3/><F3/><W66/><G10/><T54/><D7/><U1/><E1/><V31/><F31/><W119/><G119/><T81/><REACH who="0" step="1"/><D51/><REACH who="0" ten="232,151,511,56" step="2"/><U30/><E117/><V42/><F50/><W82/><G2/><T108/><D108/><U45/><E71/><V88/><F56/><W127/><G111/><T124/><D124/><U118/><E118/><V46/><F46/><W74/><G127/><T97/><AGARI ba="1,5" hai="44,49,54,60,65,70,73,75,77,81,87,96,97,98" machi="97" ten="30,2000,0" yaku="1,1,0,1,53,0" doraHai="122" doraHaiUra="32" who="0" fromWho="0" sc="232,73,151,-6,511,-6,56,-11" /><INIT seed="4,0,0,2,0,50" ten="305,145,505,45" oya="0" hai0="36,134,120,133,121,55,78,19,72,25,74,103,77" hai1="27,42,98,65,108,93,43,28,18,81,96,85,82" hai2="51,89,75,95,94,61,92,2,106,15,76,57,45" hai3="130,6,131,129,21,117,62,17,53,31,132,58,110"/><T119/><D36/><U69/><E108/><V52/><F2/><W91/><G110/><T97/><D25/><U79/><E69/><V59/><F106/><W47/><G117/><T124/><D19/><U105/><E65/><V84/><F57/><W39/><G132/><N who="0" m="50795" /><D55/><U40/><E105/><V66/><REACH who="2" step="1"/><F15/><REACH who="2" ten="305,145,495,45" step="2"/><W34/><G131/><T7/><D119/><U35/><E93/><V9/><F9/><W126/><G130/><T12/><D12/><U46/><E46/><V86/><F86/><W71/><G47/><T99/><D124/><U128/><E128/><V102/><F102/><W1/><G126/><T44/><D44/><U20/><E81/><AGARI ba="0,1" hai="45,51,52,59,61,66,75,76,81,84,89,92,94,95" machi="81" ten="40,12000,2" yaku="1,1,52,1,54,1,53,3" doraHai="50" doraHaiUra="90" who="2" fromWho="1" sc="305,0,145,-120,495,130,45,0" /><INIT seed="5,0,0,2,3,74" ten="305,25,625,45" oya="1" hai0="38,89,60,109,81,125,87,20,22,29,116,25,33" hai1="53,47,27,134,4,93,62,90,19,135,51,79,30" hai2="94,32,71,5,48,6,124,73,128,50,123,88,54" hai3="35,24,56,69,127,3,64,82,121,63,18,96,80"/><U11/><E19/><V55/><F123/><W114/><G121/><T57/><D109/><U34/><E62/><V67/><F32/><W122/><G122/><T40/><D116/><U133/><E79/><V59/><F124/><W61/><G3/><T42/><D125/><U85/><REACH who="1" step="1"/><E11/><REACH who="1" ten="305,15,625,45" step="2"/><V65/><F73/><W83/><G127/><T52/><D38/><U100/><E100/><V106/><F128/><W107/><G114/><T103/><D103/><U92/><E92/><V12/><F106/><W95/><G107/><T28/><D33/><U10/><E10/><N who="2" m="4175" /><F71/><W46/><G61/><T66/><D66/><U76/><E76/><V113/><F113/><W126/><G126/><T110/><D110/><U75/><E75/><V13/><F65/><W9/><G69/><T84/><D60/><U41/><E41/><V99/><F67/><W129/><G129/><T132/><D40/><U117/><E117/><V131/><F131/><W70/><G70/><T1/><D42/><U39/><E39/><V112/><F112/><W14/><G35/><T119/><D119/><U23/><E23/><V72/><F72/><W86/><G24/><T105/><D20/><U102/><E102/><V108/><F108/><W111/><G111/><T97/><D22/><U49/><E49/><N who="2" m="31183" /><F55/><W77/><G46/><T0/><D25/><U45/><E45/><V118/><F118/><W17/><G18/><T37/><D37/><U8/><E8/><AGARI ba="0,1" hai="6,8,13,48,50,88,94,99" m="31183,4175" machi="8" ten="30,2000,0" yaku="8,1,54,1" doraHai="74" who="2" fromWho="1" sc="305,0,15,-20,625,30,45,0" owari="305,10.5,-5,-50.5,655,75.5,45,-35.5" /></mjloggm>