<mjloggm ver="2.3"><GO type="169" lobby="0"/><UN n0="%48%41%43%4F" n1="%E6%81%8B%E3%81%AE%E3%81%86%E3%81%9F" n2="%E3%81%A8%E3%81%B3%E3%81%BE%E3%81%93" n3="%E3%81%82%E3%81%9F%E3%81%8B%E3%81%AA" dan="16,17,16,17" rate="2071.48,2217.34,2189.59,2221.27" sx="M,M,M,M"/><TAIKYOKU oya="0"/><INIT seed="0,0,0,3,4,88" ten="250,250,250,250" oya="0" hai0="134,58,44,60,77,94,101,113,92,81,59,132,89" hai1="16,20,35,100,102,22,46,1,11,5,108,120,117" hai2="2,14,98,43,79,51,83,19,109,125,25,36,47" hai3="80,93,133,29,115,37,12,24,28,110,32,90,116"/><T17/><D113/><U50/><E117/><V130/><F109/><W49/><G37/><T13/><D101/><U135/><E120/><V66/><F125/><W7/><G115/><T72/><D89/><U0/><E35/><V106/><F130/><W30/><G116/><T10/><D44/><U86/><E20/><V82/><F2/><W118/><G118/><T45/><D45/><U111/><E1/><V42/><F66/><W54/><G80/><T8/><D59/><U123/><E135/><N who="0" m="51753" /><D8/><U91/><E123/><V67/><F25/><W131/><G133/><T55/><AGARI ba="0,0" hai="10,13,17,55,58,60,72,77,81,92,94" m="51753" machi="55" ten="30,6000,0" yaku="20,1,52,2" doraHai="88" who="0" fromWho="0" sc="250,60,250,-20,250,-20,250,-20" /><INIT seed="0,1,0,4,1,23" ten="310,230,230,230" oya="0" hai0="109,7,99,56,111,123,17,41,31,46,0,24,39" hai1="33,90,78,26,87,32,71,59,63,2,22,66,94" hai2="134,9,76,74,77,72,34,48,82,98,119,108,19" hai3="69,8,126,118,44,65,43,131,93,12,6,51,64"/><T14/><D123/><U58/><E2/><V61/><F34/><W52/><G118/><T35/><D99/><U45/><E78/><V62/><F119/><W124/><G131/><T25/><D25/><U4/><E4/><V1/><F108/><N who="0" m="41546" /><D56/><U70/><E59/><V135/><F48/><W10/><G69/><T75/><D75/><U21/><E21/><V95/><F62/><W68/><G68/><T37/><D7/><U53/><E71/><V89/><F61/><W88/><G64/><T92/><D92/><U102/><E102/><V127/><F19/><W16/><G65/><T73/><D73/><U67/><E67/><V85/><F127/><W101/><G101/><T47/><D0/><U125/><E125/><V129/><F129/><W128/><G43/><N who="0" m="22895" /><D14/><U18/><REACH who="1" step="1"/><E45/><REACH who="1" ten="310,220,230,230" step="2"/><V107/><F1/><W104/><G128/><T86/><D17/><U38/><E38/><V117/><F117/><W120/><G120/><T96/><D86/><U57/><E57/><V116/><F116/><W97/><G124/><T106/><D96/><U84/><E84/><V79/><F74/><W11/><G126/><T15/><D15/><U114/><E114/><V36/><F72/><W81/><G6/><T13/><D13/><U50/><AGARI ba="1,1" hai="18,22,26,32,33,50,53,58,63,66,70,87,90,94" machi="50" ten="20,5200,0" yaku="1,1,0,1,7,1,52,1,53,0" doraHai="23" doraHaiUra="40" who="1" fromWho="1" sc="310,-27,220,65,230,-14,230,-14" /><INIT seed="1,0,0,1,1,89" ten="283,285,216,216" oya="1" hai0="128,134,28,1,69,75,23,131,47,90,67,49,3" hai1="58,18,124,83,81,119,6,112,63,2,9,31,22" hai2="98,102,79,35,106,103,37,34,7,64,14,121,76" hai3="53,135,101,105,99,48,39,56,43,57,108,100,107"/><U40/><E112/><V62/><F121/><W11/><G108/><T123/><D75/><U10/><E119/><V88/><F37/><W61/><G135/><T68/><D134/><U17/><E124/><V44/><F44/><W71/><G71/><T113/><D113/><U80/><E40/><V59/><F102/><W118/><G118/><T54/><D123/><U91/><E9/><V87/><F7/><W94/><G100/><T74/><D74/><U21/><E31/><V65/><F14/><W126/><G126/><T45/><D45/><U15/><E91/><V46/><F46/><W27/><G39/><T25/><D90/><U19/><REACH who="1" step="1"/><E2/><REACH who="1" ten="283,275,216,216" step="2"/><V130/><F130/><N who="0" m="49706" /><D67/><AGARI ba="0,1" hai="6,10,15,17,18,19,21,22,58,63,67,80,81,83" machi="67" ten="40,3900,0" yaku="1,1,8,1,53,0" doraHai="89" doraHaiUra="127" who="1" fromWho="0" sc="283,-39,275,49,216,0,216,0" /><INIT seed="1,1,0,3,1,20" ten="244,324,216,216" oya="1" hai0="39,29,126,58,109,128,26,31,63,80,122,89,123" hai1="108,14,21,59,41,45,13,71,121,88,135,16,3" hai2="81,86,116,57,94,28,24,22,129,112,106,17,18" hai3="93,9,27,76,78,107,131,67,72,118,113,98,84"/><U125/><E121/><V77/><F116/><W6/><G113/><T95/><D109/><U82/><E71/><V1/><F106/><W55/><G131/><T85/><D128/><U105/><E3/><V74/><F129/><W92/><G72/><T104/><D104/><U15/><E135/><V50/><F1/><W61/><G118/><T49/><D39/><U42/><E125/><V96/><F74/><W102/><G55/><T62/><D126/><U133/><E105/><V47/><F57/><W36/><G36/><T87/><D31/><U34/><E34/><V10/><F10/><W43/><G43/><N who="1" m="16394" /><E45/><V73/><F73/><W120/><G120/><N who="0" m="46123" /><D49/><U54/><E133/><V103/><REACH who="2" step="1"/><F112/><REACH who="2" ten="244,324,206,216" step="2"/><W7/><G9/><T79/><D58/><U0/><E0/><V132/><F132/><W100/><G107/><T2/><D2/><U37/><E108/><V64/><F64/><W38/><G67/><T110/><D110/><U83/><E37/><V5/><F5/><W114/><G7/><T66/><D66/><U33/><E59/><V68/><F68/><W60/><G38/><T46/><D46/><U48/><E48/><V4/><F4/><W127/><G6/><T101/><D101/><U90/><E54/><AGARI ba="1,1" hai="17,18,22,24,28,47,50,54,77,81,86,94,96,103" machi="54" ten="30,8000,1" yaku="1,1,7,1,8,1,52,1,53,1" doraHai="20" doraHaiUra="40" who="2" fromWho="1" sc="244,0,324,-83,206,93,216,0" /><INIT seed="2,0,0,0,1,20" ten="244,241,299,216" oya="2" hai0="79,90,53,72,7,105,55,60,134,73,110,21,57" hai1="135,107,89,35,37,69,122,133,112,34,12,45,50" hai2="65,121,17,22,0,8,117,54,23,38,92,108,6" hai3="11,32,58,59,91,127,36,130,71,81,26,66,47"/><V3/><F38/><W116/><G116/><T74/><D105/><U5/><E112/><V16/><F65/><W42/><G127/><T13/><D110/><U132/><E107/><V84/><F117/><W126/><G126/><T25/><D134/><U48/><E69/><V131/><F121/><W86/><G130/><T75/><D90/><U124/><E124/><V95/><F131/><W113/><G113/><T120/><D79/><U109/><E109/><V56/><F3/><W62/><REACH who="3" step="1"/><G11/><REACH who="3" ten="244,241,299,206" step="2"/><T94/><D120/><U82/><E122/><V88/><F108/><W97/><G97/><T68/><D68/><U103/><E135/><V27/><F95/><W100/><G100/><T31/><D94/><U83/><E133/><V125/><F125/><W85/><G85/><T43/><D73/><U77/><E132/><V80/><F92/><W41/><G41/><T101/><D43/><U106/><E106/><V29/><REACH who="2" step="1"/><F23/><REACH who="2" ten="244,241,289,206" step="2"/><W51/><G51/><AGARI ba="0,2" hai="0,6,8,16,17,22,27,29,51,54,56,80,84,88" machi="51" ten="30,18000,2" yaku="1,1,2,1,7,1,52,1,54,2,53,1" doraHai="20" doraHaiUra="19" who="2" fromWho="3" sc="244,0,241,0,289,200,206,-180" /><INIT seed="2,1,0,3,2,10" ten="244,241,489,26" oya="2" hai0="122,94,106,21,2,105,124,73,36,43,29,95,90" hai1="110,59,134,44,50,130,20,91,118,98,75,129,127" hai2="41,102,84,133,125,25,62,18,5,128,86,54,76" hai3="80,47,115,22,7,60,135,82,121,66,113,38,131"/><V85/><F125/><W65/><G121/><T123/><D21/><U49/><E75/><V24/><F128/><N who="1" m="49257" /><E118/><V45/><F133/><W97/><G131/><T46/><D29/><U100/><E110/><V88/><F5/><W67/><G135/><T77/><D124/><U56/><E127/><V9/><F102/><W79/><G7/><T61/><D2/><U72/><E72/><V87/><F76/><W17/><G97/><T132/><D132/><U63/><E91/><V104/><F104/><W1/><G1/><T0/><D0/><U42/><E134/><V101/><F101/><W37/><G60/><T109/><D109/><U33/><E33/><V93/><F41/><N who="3" m="22959" /><G38/><T30/><D61/><U51/><E20/><V58/><F45/><W31/><G31/><T4/><D30/><U92/><E59/><V120/><F120/><W8/><G8/><T108/><D108/><U74/><E74/><V81/><F81/><W19/><G79/><T39/><D39/><U119/><E119/><V126/><F126/><W117/><G117/><T96/><D122/><U6/><E6/><V83/><F83/><N who="3" m="31787" /><G22/><T11/><D123/><U112/><E112/><AGARI ba="1,0" hai="17,19,65,66,67,112,113,115" m="31787,22959" machi="112" ten="30,1000,0" yaku="11,1" doraHai="10" who="3" fromWho="1" sc="244,0,241,-13,489,0,26,13" /><INIT seed="3,0,0,0,3,64" ten="244,228,489,39" oya="3" hai0="89,94,13,6,46,106,69,92,22,107,97,90,61" hai1="60,33,36,41,52,7,96,26,63,55,21,10,105" hai2="91,122,42,134,103,118,124,93,133,62,53,15,48" hai3="50,67,47,12,117,72,99,101,100,98,25,109,16"/><W3/><G117/><T68/><D61/><U19/><E33/><V82/><F118/><W121/><G121/><T74/><D74/><U31/><E36/><V40/><F124/><W77/><G3/><T81/><D81/><U4/><E41/><V75/><F103/><N who="3" m="39499" /><G72/><T129/><D129/><U112/><E112/><V127/><F127/><W132/><G77/><T71/><D46/><U128/><E105/><V126/><F122/><W79/><G79/><T5/><D22/><U27/><E128/><V30/><F75/><W56/><G25/><T11/><REACH who="0" step="1"/><D6/><REACH who="0" ten="234,228,489,39" step="2"/><U20/><E7/><V65/><F126/><W135/><G135/><T110/><D110/><U95/><E60/><V116/><F134/><W87/><G132/><T59/><D59/><U45/><E45/><V111/><F133/><W108/><G56/><T76/><D76/><U51/><E63/><V37/><F111/><N who="3" m="42571" /><G67/><T125/><D125/><U114/><E114/><V78/><F78/><W57/><G57/><T80/><D80/><U120/><E120/><V32/><F82/><W38/><G38/><T113/><D113/><U104/><E51/><V119/><F37/><W49/><G87/><AGARI ba="0,1" hai="5,11,13,68,69,71,87,89,90,92,94,97,106,107" machi="87" ten="40,8000,1" yaku="1,1,52,3,53,0" doraHai="64" doraHaiUra="73" who="0" fromWho="3" sc="234,90,228,0,489,0,39,-80" owari="324,12.4,228,-17.2,489,58.9,-41,-54.1" /></mjloggm>