<mjloggm ver="2.3"><GO type="169" lobby="0"/><UN n0="%E6%81%8B%E3%81%AE%E3%81%86%E3%81%9F" n1="%E8%8A%B1%E8%90%BD%E4%BD%95%E4%BA%BA%E7%9F%A5" n2="%E3%82%82%E3%82%8A%E3%82%8A%E3%82%93%E3%82%82%E3%82%8A%E3%82%82%E3%82%8A" n3="%E7%A8%B2%E5%A6%BB%E3%81%A1%E3%82%83%E3%81%A3%E3%81%B4%E3%83%BC" dan="17,16,16,17" rate="2223.98,2114.58,2077.14,2163.99" sx="M,M,M,M"/><TAIKYOKU oya="0"/><INIT seed="0,0,0,0,1,14" ten="250,250,250,250" oya="0" hai0="7,80,8,47,10,60,128,20,118,96,18,9,32" hai1="5,97,117,77,34,95,121,36,39,131,110,127,108" hai2="1,28,119,113,100,48,57,69,112,11,13,72,31" hai3="38,56,114,78,73,82,74,106,93,64,53,123,104"/><T58/><D118/><U15/><E117/><V79/><F119/><W59/><G114/><T94/><D32/><U12/><E121/><V107/><F69/><W92/><G38/><T0/><D128/><U133/><E34/><V89/><F1/><W35/><G35/><T51/><D80/><U90/><E131/><V68/><F68/><W115/><G115/><T71/><D71/><U101/><E127/><V116/><F116/><W65/><G82/><T98/><D98/><U70/><E70/><V43/><F79/><W124/><G53/><T19/><D7/><U45/><E133/><V29/><F72/><W86/><G86/><T27/><D0/><U6/><E77/><V2/><F2/><W102/><G78/><T105/><D105/><U103/><E97/><V42/><F100/><W50/><G50/><T23/><D51/><U21/><E21/><N who="0" m="8265" /><D47/><U99/><E99/><V66/><F107/><W37/><G37/><T16/><D27/><U132/><E45/><V3/><F3/><W40/><G102/><N who="0" m="60695" /><D8/><U88/><E132/><V41/><F48/><W126/><REACH who="3" step="1"/><G40/><REACH who="3" ten="250,250,250,240" step="2"/><T61/><D61/><U26/><E95/><V129/><F129/><W24/><G24/><AGARI ba="0,1" hai="5,6,12,15,24,26,36,39,88,90,101,103,108,110" machi="24" ten="25,3200,0" yaku="22,2,54,1" doraHai="14" who="1" fromWho="3" sc="250,0,250,42,250,0,240,-32" /><INIT seed="1,0,0,1,5,45" ten="250,292,250,208" oya="1" hai0="56,103,10,61,113,95,114,0,68,42,22,20,43" hai1="122,117,91,15,59,52,126,132,125,107,79,46,77" hai2="24,53,44,11,18,48,17,70,4,76,127,14,78" hai3="50,92,88,21,85,26,8,5,101,80,27,75,67"/><U12/><E117/><V96/><F127/><N who="1" m="48649" /><E122/><V7/><F70/><W86/><G75/><T100/><D68/><U58/><E107/><V39/><F39/><W119/><G119/><T83/><D0/><U106/><E106/><V84/><F96/><W16/><G67/><T28/><D10/><U1/><E1/><V118/><F118/><W72/><G72/><T13/><D83/><U55/><E91/><V124/><F124/><W35/><G101/><T9/><D113/><U89/><E89/><V129/><F129/><W87/><G35/><T120/><D114/><U63/><E46/><V123/><F123/><W25/><G50/><T36/><D36/><U131/><E132/><V98/><F98/><W31/><G31/><T47/><D28/><U105/><E105/><V66/><F66/><W94/><G94/><T34/><D34/><U74/><E131/><V112/><F112/><W102/><G102/><T54/><D103/><U93/><E93/><V99/><F99/><W64/><G64/><T29/><D29/><U3/><E3/><V49/><F78/><N who="1" m="29705" /><E74/><V109/><F76/><N who="3" m="46215" /><G86/><T73/><D73/><U62/><AGARI ba="0,0" hai="12,15,52,55,58,59,62,63" m="29705,48649" machi="62" ten="30,3000,0" yaku="18,1,54,1" doraHai="45" who="1" fromWho="1" sc="250,-10,292,30,250,-10,208,-10" /><INIT seed="1,1,0,4,1,67" ten="240,322,240,198" oya="1" hai0="128,54,58,69,14,111,75,53,15,120,88,2,78" hai1="100,87,35,113,4,127,62,9,5,72,105,80,107" hai2="66,130,117,102,45,118,27,91,94,7,110,38,65" hai3="57,8,132,49,26,116,63,55,83,52,43,82,64"/><U47/><E113/><V34/><F7/><W76/><G132/><T36/><D2/><U135/><E35/><V108/><F102/><W21/><G116/><T68/><D36/><U3/><E135/><V10/><F10/><W123/><G123/><T71/><D111/><N who="2" m="42538" /><F27/><W48/><G8/><T46/><D128/><U60/><E4/><V74/><F74/><W126/><G126/><T112/><D112/><U31/><E31/><V81/><F81/><W99/><G99/><T24/><D120/><U97/><E127/><V25/><F25/><W42/><G49/><T115/><D115/><U70/><E107/><V86/><F34/><W39/><G39/><T92/><D46/><U11/><E11/><V51/><F38/><W84/><G82/><T6/><D6/><U103/><E103/><V90/><F90/><W20/><G55/><T28/><D54/><U73/><E73/><V12/><F12/><W16/><G20/><T93/><D78/><U18/><E72/><V13/><F13/><W134/><G134/><T61/><D75/><U95/><E105/><V98/><F98/><W104/><G104/><T122/><D122/><U125/><E125/><V129/><F117/><W96/><G96/><T29/><D29/><U23/><E23/><V119/><F119/><W79/><G79/><T1/><D1/><U133/><E3/><V0/><F0/><W44/><AGARI ba="1,0" hai="16,21,26,42,43,44,48,52,57,63,64,76,83,84" machi="44" ten="20,8000,1" yaku="0,1,7,1,8,1,54,2" doraHai="67" who="3" fromWho="3" sc="240,-21,322,-41,240,-21,198,83" /><INIT seed="2,0,0,3,5,110" ten="219,281,219,281" oya="2" hai0="111,85,95,64,115,83,104,90,96,31,120,98,129" hai1="45,66,88,10,59,2,106,27,38,4,116,15,65" hai2="35,57,84,128,68,17,99,11,127,121,118,78,109" hai3="101,89,30,76,60,51,71,102,0,119,26,73,19"/><V23/><F121/><W77/><G119/><T100/><D111/><U107/><E116/><V39/><F118/><W97/><G0/><T1/><D1/><U28/><E2/><V113/><F68/><W132/><G132/><T86/><D31/><U7/><E7/><V43/><F109/><W123/><G123/><T94/><D64/><U22/><E66/><V44/><F35/><W80/><G76/><N who="0" m="46311" /><D129/><U63/><REACH who="1" step="1"/><E88/><REACH who="1" ten="219,271,219,281" step="2"/><V41/><F128/><W135/><G89/><N who="0" m="55407" /><D120/><U62/><E62/><V124/><F124/><W87/><G60/><T79/><D115/><U117/><E117/><V34/><F113/><W56/><G135/><T93/><D79/><U105/><E105/><AGARI ba="0,1" hai="86,90,93,94,98,100,104,105" m="55407,46311" machi="105" ten="30,8000,1" yaku="35,5" doraHai="110" who="0" fromWho="1" sc="219,90,271,-80,219,0,281,0" /><INIT seed="3,0,0,4,0,129" ten="309,191,219,281" oya="3" hai0="58,98,103,39,127,71,87,76,35,70,41,135,89" hai1="122,94,36,132,100,42,109,50,124,67,73,3,104" hai2="6,101,69,120,74,107,81,91,125,134,93,46,28" hai3="130,97,68,77,116,55,62,126,119,108,20,82,95"/><W34/><G34/><T75/><D58/><U51/><E122/><V111/><F28/><W1/><G1/><T63/><D127/><U2/><E73/><V26/><F26/><W110/><G130/><T60/><D41/><U32/><E32/><V118/><F6/><W133/><G20/><T57/><D39/><U131/><E131/><V15/><F69/><W56/><G68/><T52/><D76/><U14/><E124/><V92/><F46/><W30/><G30/><T44/><D75/><U72/><E72/><V66/><F15/><W90/><G126/><T45/><D71/><U21/><E104/><V10/><F66/><W80/><G133/><T22/><D135/><U25/><E109/><N who="3" m="42090" /><G77/><T43/><D43/><U79/><E2/><V65/><F134/><W117/><AGARI ba="0,0" hai="55,56,62,80,82,90,95,97,116,117,119" m="42090" machi="117" ten="40,3900,0" yaku="14,1,10,1" doraHai="129" who="3" fromWho="3" sc="309,-13,191,-13,219,-13,281,39" /><INIT seed="3,1,0,5,0,3" ten="296,178,206,320" oya="3" hai0="23,72,101,103,55,122,111,64,121,20,94,99,119" hai1="100,19,2,131,114,130,108,91,37,34,98,102,65" hai2="110,74,9,62,30,89,78,57,45,31,53,67,13" hai3="44,69,27,125,42,82,95,88,18,120,47,48,105"/><W15/><G120/><T11/><D119/><U87/><E37/><V135/><F135/><W85/><G125/><T6/><D72/><U1/><E114/><V93/><F78/><W17/><G105/><T70/><D111/><U60/><E34/><V123/><F74/><W79/><G69/><T104/><D64/><U66/><E108/><V68/><F45/><W61/><G61/><T32/><D32/><U133/><E133/><V35/><F35/><W33/><G47/><T12/><D70/><U96/><E19/><V134/><F134/><W109/><G109/><T127/><D127/><U51/><E60/><V90/><F90/><W16/><G27/><T4/><D104/><U116/><E91/><V8/><F8/><W50/><G50/><T36/><D36/><U63/><E63/><V115/><F115/><W126/><G126/><T0/><D101/><U39/><E39/><V118/><F118/><W124/><G124/><T128/><D128/><U21/><E51/><V58/><F68/><W25/><G25/><T54/><D122/><U92/><E87/><V43/><F43/><W76/><G76/><T14/><D0/><U81/><E81/><V77/><F77/><W112/><G112/><T129/><D129/><N who="1" m="49163" /><E116/><V83/><F83/><W97/><G33/><T52/><D121/><U46/><E46/><V28/><F110/><W41/><G41/><T80/><D80/><U59/><E59/><N who="2" m="37343" /><F123/><W38/><G38/><T113/><D113/><U117/><E117/><V10/><F58/><W106/><G106/><T22/><D55/><U5/><E1/><V132/><F53/><RYUUKYOKU ba="1,0" sc="296,15,178,-15,206,-15,320,15" hai0="4,6,11,12,14,20,22,23,52,54,94,99,103" hai3="15,16,17,18,42,44,48,79,82,85,88,95,97" /><INIT seed="3,2,0,2,1,3" ten="311,163,191,335" oya="3" hai0="121,100,87,134,85,55,37,49,52,108,28,94,124" hai1="43,106,45,135,76,1,9,73,96,60,44,46,89" hai2="133,31,125,115,62,0,4,58,32,80,113,74,109" hai3="99,15,21,90,33,102,117,105,69,53,95,93,16"/><W65/><G117/><T57/><D121/><U118/><E118/><V70/><F58/><W127/><G33/><T40/><D108/><U83/><E135/><V68/><F109/><W54/><G127/><T79/><D37/><N who="1" m="21615" /><E60/><V51/><F51/><W59/><G69/><T71/><D40/><U17/><E17/><V30/><F30/><W64/><G105/><T126/><D71/><U129/><E129/><V27/><F125/><W111/><G111/><T97/><D134/><U75/><E75/><V86/><F86/><W22/><G22/><T35/><D87/><U81/><E81/><V131/><F131/><W38/><G38/><T29/><D124/><U25/><E25/><V12/><F12/><W123/><G123/><T72/><D72/><U92/><E106/><V104/><F104/><W26/><G26/><T36/><D36/><U7/><AGARI ba="2,0" hai="1,7,9,45,46,73,76,83,89,92,96" m="21615" machi="7" ten="30,2000,0" yaku="25,1,52,1" doraHai="3" who="1" fromWho="1" sc="311,-7,163,26,191,-7,335,-12" /><INIT seed="4,0,0,1,2,92" ten="304,189,184,323" oya="0" hai0="25,11,79,8,18,57,17,66,76,121,124,74,6" hai1="91,60,42,105,69,64,122,114,73,65,115,102,59" hai2="77,96,30,83,21,14,26,90,110,0,50,54,108" hai3="117,111,41,67,4,19,51,126,48,47,88,98,29"/><T46/><D121/><U75/><E122/><V71/><F71/><W23/><G111/><T53/><D124/><U33/><E33/><V107/><F0/><W129/><G117/><T70/><D70/><U45/><E91/><V87/><F14/><W99/><G126/><T2/><D66/><U131/><E131/><V5/><F5/><W49/><G129/><T133/><D133/><U52/><E65/><V112/><F112/><N who="1" m="43049" /><E105/><V32/><F32/><W86/><G4/><T37/><D79/><U95/><E95/><V10/><F10/><W123/><G29/><T81/><D11/><U55/><E102/><V61/><F61/><W104/><G67/><T128/><D25/><U82/><E82/><V22/><F22/><W125/><G125/><T116/><D116/><U35/><E35/><V9/><F9/><W113/><G123/><T68/><D68/><U85/><E85/><V16/><F30/><W130/><G104/><T31/><D31/><U36/><E55/><V12/><F26/><N who="3" m="14719" /><G130/><T101/><D101/><U78/><E78/><V119/><F119/><W63/><G113/><T24/><D24/><U80/><E80/><V27/><F27/><W72/><G72/><T127/><D128/><U56/><E56/><V15/><F15/><W58/><G47/><T118/><D127/><U94/><E94/><N who="2" m="56407" /><F107/><W135/><G41/><N who="0" m="22831" /><D118/><U132/><E132/><V97/><F110/><W40/><G135/><T34/><D34/><U120/><E120/><V134/><F108/><W84/><G40/><T43/><D43/><U3/><E3/><V39/><F134/><W44/><G44/><RYUUKYOKU ba="0,0" sc="304,15,189,15,184,-15,323,-15" hai0="2,6,8,17,18,53,57,74,76,81" hai1="36,42,45,52,59,60,64,69,73,75" /><INIT seed="4,1,0,0,2,51" ten="319,204,169,308" oya="0" hai0="117,25,30,8,88,26,32,98,106,93,105,99,103" hai1="91,10,72,80,124,125,27,47,63,118,9,12,108" hai2="81,110,56,21,36,74,68,55,17,78,104,94,38" hai3="119,28,84,102,128,62,123,82,64,58,131,20,37"/><T133/><D117/><U24/><E118/><V2/><F104/><W89/><G119/><T101/><D133/><U14/><E108/><V122/><F122/><W77/><G37/><T135/><D135/><U129/><E63/><V90/><F68/><W73/><G102/><T4/><D25/><U18/><E47/><V46/><F2/><W7/><G7/><T116/><D116/><U112/><E129/><V53/><F110/><W54/><G123/><T100/><REACH who="0" step="1"/><D106/><REACH who="0" ten="309,204,169,308" step="2"/><U127/><E27/><V19/><F38/><W107/><G107/><T40/><D40/><U87/><E24/><V85/><F56/><W3/><G28/><T5/><D5/><U134/><E134/><V65/><F65/><W29/><G29/><T52/><D52/><U61/><E125/><V34/><F34/><W109/><G109/><T50/><D50/><U76/><E127/><V15/><F36/><W96/><G128/><T48/><D48/><U70/><E124/><V120/><F46/><W83/><G131/><T97/><D97/><U115/><E115/><V95/><F120/><W130/><G130/><T43/><D43/><U16/><E112/><V126/><F126/><W45/><G96/><T31/><D31/><U113/><E113/><V60/><F60/><W44/><G64/><T42/><D42/><U92/><E61/><V67/><F67/><W41/><G41/><T22/><D22/><U49/><E49/><V57/><F57/><W13/><G44/><T111/><D111/><U59/><E59/><V0/><F55/><W121/><G45/><T69/><D69/><AGARI ba="1,1" hai="9,10,12,14,16,18,69,70,72,76,80,87,91,92" machi="69" ten="40,2600,0" yaku="9,1,54,1" doraHai="51" who="1" fromWho="0" sc="309,-29,204,39,169,0,308,0" /><INIT seed="5,0,0,5,0,106" ten="280,243,169,308" oya="1" hai0="21,31,66,104,20,126,117,115,122,86,83,101,7" hai1="108,67,50,113,36,75,120,103,114,24,129,54,40" hai2="125,23,112,13,100,3,132,10,78,111,94,130,133" hai3="27,82,97,41,9,11,70,57,76,65,110,53,29"/><U16/><E120/><V44/><F44/><W49/><G110/><T0/><D117/><U32/><E108/><V69/><F69/><W123/><G123/><T46/><D122/><U119/><E119/><V39/><F39/><W116/><G116/><T72/><D115/><N who="1" m="44043" /><E129/><V45/><F45/><W22/><G41/><T107/><D126/><U96/><E67/><V26/><F78/><W18/><G70/><T63/><D104/><U99/><E99/><V43/><F43/><W2/><G65/><T17/><D107/><U35/><E40/><V62/><F62/><W80/><G80/><T48/><D101/><U77/><E36/><V4/><F94/><W81/><G81/><T124/><D124/><U64/><E64/><V98/><F98/><W90/><G2/><T131/><D0/><U6/><E6/><V15/><F100/><W121/><G121/><T47/><D7/><U71/><E71/><V88/><F111/><W91/><G29/><T84/><D131/><U25/><E25/><V102/><F125/><W34/><G34/><T118/><D118/><U74/><E77/><V85/><F102/><W8/><REACH who="3" step="1"/><G97/><REACH who="3" ten="280,243,169,298" step="2"/><T59/><D66/><U58/><E35/><V95/><F130/><W38/><G38/><T42/><D42/><U5/><E32/><V68/><F68/><W19/><G19/><T37/><D37/><U55/><E5/><V73/><F112/><W87/><AGARI ba="0,1" hai="8,9,11,18,22,27,49,53,57,76,82,87,90,91" machi="87" ten="30,4000,0" yaku="1,1,0,1,8,1,53,0" doraHai="106" doraHaiUra="30" who="3" fromWho="3" sc="280,-10,243,-20,169,-10,298,50" /><INIT seed="6,0,0,5,1,51" ten="270,223,159,348" oya="2" hai0="60,47,89,38,39,0,82,46,115,85,135,58,1" hai1="36,102,74,131,99,33,54,12,122,48,129,66,4" hai2="49,7,134,5,63,21,57,132,101,77,52,90,112" hai3="80,93,87,64,128,123,23,97,34,55,111,25,26"/><V42/><F112/><W81/><G111/><T133/><D115/><U69/><E33/><V71/><F101/><W94/><G123/><T30/><D30/><U61/><E74/><V59/><F77/><W103/><G128/><N who="1" m="49226" /><E36/><N who="0" m="13865" /><D0/><U121/><E12/><V67/><F42/><W9/><G64/><T118/><D1/><U24/><E24/><V70/><F70/><W32/><G9/><T17/><D17/><U13/><E13/><V3/><F90/><N who="3" m="53471" /><G32/><T72/><D72/><U126/><E4/><N who="2" m="1611" /><F3/><W68/><G68/><T22/><D118/><U116/><E116/><V92/><F92/><W29/><G34/><T84/><D84/><U117/><E117/><V18/><F71/><W6/><G6/><T114/><D114/><U56/><E126/><V120/><F120/><W119/><G26/><T104/><D104/><AGARI ba="0,0" hai="48,54,56,61,66,69,99,102,104,121,122" m="49226" machi="104" ten="30,2000,0" yaku="19,1,52,1" doraHai="51" who="1" fromWho="0" sc="270,-20,223,20,159,0,348,0" /><INIT seed="7,0,0,1,5,5" ten="250,243,159,348" oya="3" hai0="12,21,61,104,64,100,73,7,132,51,129,4,82" hai1="80,29,27,76,36,122,112,68,117,98,106,103,53" hai2="62,26,134,125,131,74,11,69,57,43,75,85,50" hai3="115,28,17,6,60,35,109,58,30,24,0,81,96"/><W25/><G115/><T16/><D129/><U1/><E122/><V118/><F118/><W95/><G109/><T70/><D132/><U87/><E68/><V47/><F131/><W91/><G17/><T67/><D67/><U49/><E112/><V92/><F134/><W105/><G105/><T99/><REACH who="0" step="1"/><D51/><REACH who="0" ten="240,243,159,348" step="2"/><U79/><E117/><V94/><F125/><W123/><G123/><T56/><D56/><U110/><E110/><V77/><F69/><W22/><G58/><T2/><D2/><U97/><E1/><V14/><F26/><W34/><G0/><T65/><D65/><U90/><E36/><V71/><F71/><W33/><G60/><T128/><D128/><U3/><E3/><V124/><F124/><W48/><G48/><T127/><D127/><U86/><E98/><V88/><F75/><W9/><G96/><T23/><D23/><U10/><E87/><V13/><F13/><W120/><G22/><T84/><D84/><U133/><E133/><V102/><F74/><W59/><G120/><T135/><D135/><U42/><E42/><V113/><F113/><W8/><G35/><T18/><D18/><U119/><E119/><V38/><F38/><W41/><G41/><T40/><D40/><U72/><E72/><V46/><F77/><AGARI ba="0,1" hai="4,7,12,16,21,61,64,70,73,77,82,99,100,104" machi="77" ten="40,5200,0" yaku="1,1,54,1,53,1" doraHai="5" doraHaiUra="63" who="0" fromWho="2" sc="240,62,243,0,159,-52,348,0" owari="302,10.2,243,-15.7,107,-39.3,348,44.8" /></mjloggm>