<mjloggm ver="2.3"><GO type="225" lobby="0"/><UN n0="%72%61%6B%33" n1="%E5%B0%8F%E9%B3%A5%E9%81%8A%E7%B7%B4%E7%84%A1%32%31%E6%AD%B3" n2="%E3%81%A4%E3%81%A3%E3%81%B1%E3%82%8A%E3%83%9D%E3%83%BC%E3%83%AB" n3="%E9%A6%AC%E5%BC%95%E7%81%AB%33" dan="16,16,17,16" rate="2106.90,2178.20,2182.37,2139.05" sx="M,F,M,M"/><TAIKYOKU oya="0"/><INIT seed="0,0,0,1,1,128" ten="250,250,250,250" oya="0" hai0="118,43,57,91,76,95,81,29,75,104,0,123,135" hai1="55,11,14,98,119,74,107,78,73,70,116,82,49" hai2="88,2,4,109,130,66,27,69,17,18,100,114,133" hai3="20,72,25,41,44,99,62,7,129,6,90,83,5"/><T122/><D0/><U36/><E70/><V8/><F114/><W131/><G62/><T65/><D118/><U60/><E36/><V77/><F130/><N who="3" m="49675" /><G99/><T111/><D104/><U47/><E73/><V94/><F100/><W58/><G58/><T23/><D43/><U3/><E3/><V33/><F77/><N who="3" m="44455" /><G90/><T121/><D111/><U21/><E60/><V45/><F109/><W102/><G102/><T56/><D65/><U120/><E120/><V132/><F45/><W19/><G6/><T89/><D89/><U92/><E21/><V93/><F93/><W127/><G127/><T52/><D56/><U30/><E107/><V80/><F80/><W79/><G79/><T37/><D37/><AGARI ba="0,0" hai="5,7,19,20,25,37,41,44" m="44455,49675" machi="37" ten="30,1000,0" yaku="19,1" doraHai="128" who="3" fromWho="0" sc="250,-10,250,0,250,0,250,10" /><INIT seed="1,0,0,0,2,103" ten="240,250,250,260" oya="1" hai0="42,86,74,88,97,7,83,19,95,85,50,28,43" hai1="46,34,92,36,67,113,49,60,22,119,87,25,66" hai2="48,6,53,14,61,126,123,20,124,106,81,125,89" hai3="134,77,96,135,54,23,116,111,121,17,1,115,76"/><U91/><E34/><V62/><F123/><W132/><G121/><T80/><D74/><U102/><E113/><V10/><F106/><W109/><G115/><T27/><D7/><U12/><E119/><V3/><F89/><W110/><G1/><T41/><D19/><U31/><E36/><V55/><F81/><W70/><G116/><T130/><D130/><U29/><E12/><V21/><F55/><W11/><G11/><T75/><D75/><U5/><E5/><V0/><F0/><W44/><G70/><T13/><D13/><U18/><E102/><V114/><F114/><W38/><G96/><T33/><D80/><U24/><E24/><V16/><REACH who="2" step="1"/><F21/><REACH who="2" ten="240,250,240,260" step="2"/><W52/><G54/><T120/><D120/><U2/><E2/><V98/><F98/><W112/><G112/><T45/><REACH who="0" step="1"/><D86/><REACH who="0" ten="230,250,240,260" step="2"/><U94/><E87/><V63/><F63/><W58/><G111/><T59/><D59/><AGARI ba="0,2" hai="3,6,10,14,16,20,48,53,59,61,62,124,125,126" machi="59" ten="40,5200,0" yaku="1,1,18,1,54,1,53,0" doraHai="103" doraHaiUra="122" who="2" fromWho="0" sc="230,-52,250,0,240,72,260,0" /><INIT seed="2,0,0,4,5,78" ten="178,250,312,260" oya="2" hai0="125,60,51,129,111,134,38,128,47,11,113,100,17" hai1="53,104,110,49,41,118,102,92,71,43,1,105,80" hai2="126,106,114,85,119,117,20,95,94,121,26,18,124" hai3="42,68,88,67,69,3,65,112,57,58,15,14,96"/><V91/><F114/><W28/><G3/><T72/><D72/><U24/><E118/><V131/><F121/><W22/><G42/><T2/><D113/><U48/><E71/><V87/><F106/><W132/><G112/><T63/><D100/><U4/><E24/><V37/><F37/><W90/><G22/><T108/><D17/><U74/><E92/><V120/><F120/><W77/><G77/><T50/><D11/><U79/><E110/><N who="0" m="42025" /><D2/><U135/><E135/><V83/><F131/><N who="0" m="50250" /><D134/><U56/><E48/><N who="0" m="18473" /><D125/><N who="2" m="48234" /><F95/><W33/><G132/><T30/><D30/><U0/><E102/><V34/><F34/><W54/><G28/><T16/><D16/><U23/><E0/><V36/><F36/><W6/><G33/><T103/><D103/><U89/><E23/><V12/><F26/><W84/><G6/><T10/><D10/><U122/><E4/><V55/><F94/><W62/><G84/><T127/><D127/><U46/><E1/><V29/><F85/><W19/><G19/><T9/><D9/><U123/><E105/><V35/><F35/><W44/><G96/><T5/><D5/><U130/><E104/><V101/><F101/><W64/><G15/><T21/><D21/><U40/><E130/><V13/><F29/><W93/><G90/><T39/><D39/><U133/><E133/><V82/><F13/><W109/><G14/><T107/><D107/><U52/><REACH who="1" step="1"/><E89/><REACH who="1" ten="178,240,312,260" step="2"/><N who="2" m="51447" /><F119/><W27/><G27/><T66/><D66/><N who="3" m="25705" /><G109/><T59/><D59/><U76/><E76/><V99/><F117/><W45/><G58/><T61/><D38/><U70/><E70/><RYUUKYOKU ba="0,1" sc="178,15,240,15,312,-15,260,-15" hai0="47,60,61,63" hai1="40,41,43,46,49,52,53,56,74,79,80,122,123" /><INIT seed="3,1,1,2,1,35" ten="193,255,297,245" oya="3" hai0="103,111,60,118,119,77,23,28,64,84,59,79,27" hai1="110,80,11,42,114,71,69,117,17,48,128,55,38" hai2="61,6,56,70,101,134,121,92,129,51,57,4,9" hai3="19,74,24,126,91,85,46,113,41,22,18,7,50"/><W39/><G113/><T65/><D111/><U115/><E110/><V58/><F129/><W89/><G74/><T87/><D119/><U68/><E117/><V108/><F108/><W29/><G126/><T106/><D118/><U102/><E102/><V99/><F134/><W13/><G39/><T1/><D1/><U12/><E128/><V83/><F121/><W122/><G122/><T26/><D106/><U76/><E42/><V30/><F30/><W95/><G91/><T44/><D103/><U125/><E38/><V100/><F100/><W8/><AGARI ba="1,1" hai="7,8,13,18,19,22,24,29,41,46,50,85,89,95" machi="8" ten="30,3000,0" yaku="0,1,8,1" doraHai="35" who="3" fromWho="3" sc="193,-11,255,-11,297,-11,245,43" /><INIT seed="3,2,0,5,2,77" ten="182,244,286,288" oya="3" hai0="104,27,97,58,76,25,2,82,124,118,16,116,37" hai1="133,114,14,15,125,112,45,35,111,120,43,60,12" hai2="17,67,117,22,49,29,18,71,128,46,103,123,11" hai3="64,54,34,68,131,57,41,8,107,90,100,95,101"/><W19/><G34/><T48/><D37/><U74/><E120/><V28/><F117/><W89/><G41/><T4/><D124/><U115/><E35/><V105/><F123/><W36/><G36/><T83/><D118/><U30/><E125/><V80/><F128/><W65/><G131/><T42/><D116/><U96/><E30/><V3/><F103/><N who="3" m="39499" /><G68/><T98/><D104/><U130/><E130/><V51/><F105/><W72/><G72/><T121/><D121/><U24/><E74/><V102/><F102/><W129/><G107/><T134/><D134/><U88/><E133/><V99/><F67/><N who="3" m="25675" /><G129/><T9/><D58/><U69/><E69/><V21/><F71/><W5/><G5/><T56/><D56/><U78/><E114/><V126/><F126/><W47/><G47/><T119/><D119/><U62/><E115/><V84/><F3/><W23/><G8/><T38/><D38/><U50/><E112/><V32/><F32/><W73/><G95/><T113/><D113/><U1/><E1/><V7/><F11/><W94/><G94/><T122/><D122/><U108/><E45/><V44/><F44/><W66/><G73/><T86/><D83/><U85/><E43/><V135/><F135/><W81/><G81/><T39/><D39/><U31/><E62/><V26/><F46/><W59/><G59/><T0/><D0/><U53/><E60/><V52/><F80/><W13/><G66/><T10/><D42/><U33/><E33/><V127/><F127/><W70/><G70/><T132/><D132/><U55/><E55/><V63/><F52/><RYUUKYOKU ba="2,0" sc="182,-10,244,-10,286,-10,288,30" hai3="13,19,23,54,57,89,90" owari="172,-32.8,234,-16.6,276,7.6,318,41.8" /></mjloggm>