<mjloggm ver="2.3"><GO type="169" lobby="0"/><UN n0="%E3%81%9B%E3%81%A9%E3%81%AA%E3%82%8A%E3%81%82%E3%82%93" n1="%4E%6F%72%69%73" n2="%41%72%69%61" n3="%68%69%73%61%74%6F%E6%A3%92" dan="17,16,16,16" rate="2200.59,2057.63,2166.17,2115.90" sx="F,M,F,M"/><TAIKYOKU oya="0"/><INIT seed="0,0,0,2,3,104" ten="250,250,250,250" oya="0" hai0="31,64,25,36,87,100,63,39,115,88,56,45,121" hai1="92,9,103,108,2,62,125,134,75,126,84,85,58" hai2="26,10,3,35,98,110,4,11,79,55,129,127,95" hai3="57,42,43,107,119,89,132,113,81,14,94,118,90"/><T29/><BYE who="1" /><D115/><U0/><E0/><UN n1="%4E%6F%72%69%73" /><V53/><F110/><W7/><G107/><T20/><D121/><U19/><E108/><V65/><F127/><W96/><G132/><T59/><D100/><U97/><E134/><V120/><F120/><W71/><G71/><T18/><D59/><U34/><E34/><V72/><F129/><W32/><G32/><T122/><D122/><U66/><E75/><V60/><F11/><W21/><G113/><T124/><D124/><N who="1" m="47723" /><E2/><V112/><F112/><W15/><G7/><T77/><D77/><U109/><E109/><V83/><F26/><W48/><G118/><T8/><D8/><U86/><E19/><V23/><F23/><W27/><G43/><T70/><D70/><U41/><E41/><V114/><F35/><W33/><G33/><T130/><D130/><U116/><E9/><V135/><F135/><W131/><G131/><T38/><REACH who="0" step="1"/><D45/><REACH who="0" ten="240,250,250,250" step="2"/><U5/><E5/><V74/><F114/><W49/><G119/><AGARI ba="0,1" hai="58,62,66,84,85,86,92,97,103,116,119" m="47723" machi="119" ten="30,1000,0" yaku="18,1" doraHai="104" who="1" fromWho="3" sc="240,0,250,20,250,0,250,-10" /><INIT seed="1,0,0,4,4,89" ten="240,270,250,240" oya="1" hai0="56,119,41,55,102,114,133,16,84,104,28,4,60" hai1="44,50,1,42,74,52,117,43,47,40,91,15,3" hai2="79,77,19,20,108,49,118,64,90,103,131,68,9" hai3="71,94,130,128,126,80,121,12,65,97,110,81,124"/><U34/><E117/><V24/><F118/><W8/><G65/><T25/><D119/><U111/><E34/><V98/><F108/><W95/><G71/><T66/><D114/><U75/><E111/><V86/><F131/><N who="3" m="50219" /><G121/><T112/><D112/><U109/><E109/><V38/><F38/><W7/><G97/><T39/><D4/><U5/><E91/><V127/><F127/><N who="3" m="48683" /><G110/><T29/><D84/><U61/><E61/><V63/><F49/><W11/><G11/><T48/><D102/><U70/><E70/><V2/><F2/><W51/><G51/><T33/><D104/><U59/><E15/><V32/><F9/><W106/><G106/><T6/><D39/><U135/><E3/><V132/><F98/><W54/><G54/><T116/><D55/><U93/><E1/><V18/><F103/><W101/><G101/><T45/><D66/><U21/><E52/><V13/><F68/><W46/><G46/><T37/><D45/><U88/><E44/><V78/><F63/><W31/><G31/><T30/><D48/><U92/><E47/><V85/><F64/><W62/><G62/><T67/><D37/><U73/><E50/><V87/><F90/><W76/><G81/><T23/><D116/><U123/><E123/><V22/><F87/><AGARI ba="0,0" hai="7,8,12,76,80,87,94,95" m="48683,50219" machi="87" ten="30,7700,0" yaku="19,1,18,1,52,2" doraHai="89" who="3" fromWho="2" sc="240,0,270,0,250,-77,240,77" /><INIT seed="2,0,0,4,4,21" ten="240,270,173,317" oya="2" hai0="109,50,72,1,12,134,66,51,2,52,65,20,46" hai1="75,56,86,99,121,94,120,101,41,27,53,18,10" hai2="82,39,24,28,81,76,48,5,13,3,33,116,112" hai3="63,110,80,128,61,25,9,4,96,58,88,90,100"/><V67/><F116/><W68/><G110/><T45/><D72/><U108/><E75/><V6/><F112/><W43/><G43/><T42/><D109/><U15/><E108/><V131/><F39/><W78/><G63/><T7/><D134/><U60/><E41/><V79/><F131/><W95/><G68/><T55/><D42/><U105/><E105/><V130/><F130/><W36/><G36/><T40/><D40/><U104/><E104/><V93/><F3/><W124/><G124/><T11/><D1/><U106/><E106/><V37/><F37/><W102/><G102/><T17/><AGARI ba="0,0" hai="2,7,11,12,17,20,45,46,50,51,52,55,65,66" machi="17" ten="30,4000,0" yaku="0,1,9,1,54,1" doraHai="21" who="0" fromWho="0" sc="240,40,270,-10,173,-20,317,-10" /><INIT seed="3,0,0,1,1,109" ten="280,260,153,307" oya="3" hai0="62,116,88,128,124,25,64,92,37,74,60,21,49" hai1="4,96,134,108,67,105,69,72,66,9,0,87,38" hai2="14,118,129,33,61,127,98,6,104,36,24,76,32" hai3="11,81,20,132,50,117,12,7,106,97,123,65,30"/><W122/><G132/><T125/><D37/><U27/><E108/><V17/><F118/><W55/><G65/><T110/><D110/><U3/><E134/><V130/><F36/><W79/><G117/><T75/><D49/><U73/><E87/><V16/><F76/><W57/><G30/><T70/><D62/><U119/><E67/><V135/><F135/><W18/><G97/><N who="0" m="57479" /><D128/><N who="2" m="49258" /><F104/><W43/><G43/><T111/><D111/><U44/><E27/><V26/><F61/><W82/><G82/><T58/><D70/><U45/><E45/><V112/><F98/><W95/><G95/><T56/><D56/><U51/><E0/><V83/><F83/><W71/><G71/><T42/><D42/><U54/><E119/><V59/><F59/><W93/><G93/><T23/><D23/><U13/><E38/><V53/><F53/><W78/><G78/><T31/><D116/><U126/><E66/><V89/><F89/><W63/><G63/><T85/><D85/><U80/><E69/><V52/><F52/><W133/><G106/><T40/><D40/><U47/><E47/><V46/><F46/><W91/><G91/><T94/><D94/><U34/><E80/><V5/><F33/><W84/><G133/><T86/><D86/><U114/><E34/><V8/><F32/><W103/><G103/><T107/><D107/><U2/><E105/><V101/><F101/><W90/><G90/><T22/><D22/><U48/><E96/><V35/><F35/><W120/><G122/><T100/><D100/><U113/><E54/><V39/><F39/><W131/><G131/><RYUUKYOKU ba="0,0" sc="280,15,260,-15,153,-15,307,15" hai0="21,25,31,58,60,64,74,75,124,125" hai3="7,11,12,18,20,50,55,57,79,81,84,120,123" /><INIT seed="3,1,0,5,1,117" ten="295,245,138,322" oya="3" hai0="107,48,45,36,28,21,118,123,79,62,27,49,86" hai1="16,68,23,15,104,71,133,37,103,17,75,0,38" hai2="76,51,14,96,90,126,119,121,34,82,54,65,127" hai3="35,73,78,64,110,129,84,88,67,2,72,50,58"/><W80/><G2/><T131/><D118/><U39/><E0/><V101/><F34/><W130/><G35/><T11/><D107/><U128/><E75/><V114/><F119/><W95/><G72/><T22/><D131/><N who="3" m="50185" /><G110/><T40/><D11/><U6/><E128/><V30/><F30/><W57/><G50/><T59/><D21/><U7/><E133/><V81/><F114/><W94/><G94/><T43/><D123/><U4/><REACH who="1" step="1"/><E17/><REACH who="1" ten="295,235,138,322" step="2"/><V3/><F3/><W47/><G73/><T20/><D43/><U44/><E44/><V19/><F127/><W12/><G47/><T111/><D111/><U115/><E115/><V98/><F126/><W91/><G58/><T55/><D40/><U52/><E52/><V116/><F116/><W13/><G57/><T99/><D45/><U66/><E66/><V132/><F65/><W1/><G64/><T8/><D59/><U134/><E134/><V69/><F132/><W56/><G1/><T74/><D55/><U102/><E102/><V113/><F113/><W77/><G56/><T93/><D74/><U26/><E26/><V42/><F42/><W85/><G67/><T100/><D100/><U122/><E122/><V70/><F121/><W29/><G12/><T108/><D108/><U31/><E31/><V25/><F25/><W18/><G29/><T61/><D28/><U46/><E46/><N who="2" m="28023" /><F101/><W60/><G60/><T33/><D61/><U24/><E24/><V125/><F125/><W9/><AGARI ba="1,1" hai="9,13,18,77,78,80,84,85,88,91,95" m="50185" machi="9" ten="30,3000,0" yaku="19,1,54,1" doraHai="117" who="3" fromWho="3" sc="295,-11,235,-11,138,-11,322,43" /><INIT seed="3,2,0,4,4,93" ten="284,224,127,365" oya="3" hai0="119,125,71,83,0,134,84,85,102,57,79,15,45" hai1="107,61,120,41,97,92,130,22,17,123,94,52,3" hai2="66,32,46,87,5,47,43,48,69,55,90,81,114" hai3="13,20,74,7,24,37,95,115,82,80,111,34,116"/><W96/><G37/><T64/><D119/><U51/><E3/><V112/><F32/><W62/><G115/><T36/><D0/><U23/><E130/><V110/><F110/><W132/><G34/><T8/><D125/><U21/><E107/><V101/><F5/><W104/><G104/><T35/><D134/><U11/><E94/><V16/><F101/><W131/><G116/><T54/><D35/><U40/><E61/><V60/><REACH who="2" step="1"/><F16/><REACH who="2" ten="284,224,117,365" step="2"/><W39/><G111/><T6/><D102/><N who="1" m="60711" /><E123/><V76/><F76/><W129/><G131/><T19/><D19/><U12/><E120/><V86/><F86/><W108/><G129/><T89/><D84/><U127/><E127/><V117/><F117/><W9/><G108/><T121/><D79/><U27/><E27/><V70/><F70/><W42/><G74/><T29/><D71/><U73/><E73/><V4/><F4/><W67/><G132/><T63/><D121/><U113/><E113/><V103/><F103/><W88/><G20/><T68/><D68/><U78/><E78/><V30/><F30/><W33/><G33/><T105/><D29/><U122/><E122/><V65/><F65/><W26/><G24/><T50/><D64/><U124/><E124/><V31/><F31/><W53/><G26/><T118/><D118/><U59/><AGARI ba="2,1" hai="11,12,17,21,22,23,40,41,51,52,59" m="60711" machi="59" ten="30,4000,0" yaku="8,1,52,1,54,1" doraHai="93" who="1" fromWho="1" sc="284,-12,224,56,117,-12,365,-22" /><INIT seed="4,0,0,5,4,76" ten="272,280,105,343" oya="0" hai0="128,124,62,25,31,110,92,80,17,71,111,34,30" hai1="95,18,0,112,67,46,83,64,22,16,116,93,96" hai2="55,52,54,129,58,38,120,57,63,14,48,35,39" hai3="109,44,42,108,126,90,121,102,12,49,74,15,82"/><T60/><D124/><U5/><E116/><V43/><F35/><W114/><G114/><T10/><D128/><U66/><E112/><V69/><F14/><W79/><G121/><T4/><D92/><U113/><E113/><V117/><F120/><W132/><G132/><T50/><D50/><U73/><E46/><N who="2" m="25695" /><F129/><W26/><G102/><T56/><D71/><U2/><E95/><V36/><F117/><W70/><G70/><T24/><D17/><U122/><E122/><V75/><F75/><W86/><G26/><T8/><D56/><N who="2" m="21610" /><F69/><W32/><G32/><T100/><D100/><U97/><E97/><V125/><F125/><W99/><G99/><T91/><D91/><U131/><E5/><V29/><F29/><W104/><G104/><T6/><D34/><U94/><E94/><V84/><F84/><W98/><G98/><T68/><D68/><U1/><E22/><V123/><F123/><W13/><G126/><T89/><D89/><U77/><REACH who="1" step="1"/><E131/><REACH who="1" ten="272,270,105,343" step="2"/><V45/><F63/><W87/><G108/><T7/><D7/><U40/><E40/><AGARI ba="0,1" hai="36,38,39,40,45,52,54,55" m="21610,25695" machi="40" ten="30,12000,2" yaku="35,5,54,1" doraHai="76" who="2" fromWho="1" sc="272,0,270,-120,105,130,343,0" /><INIT seed="5,0,0,0,3,29" ten="272,150,235,343" oya="1" hai0="84,36,95,123,63,38,34,93,112,111,37,14,42" hai1="3,68,41,122,131,120,12,18,13,82,33,43,75" hai2="91,20,114,81,80,66,134,102,7,65,64,129,16" hai3="127,90,115,116,2,99,8,101,109,32,4,50,98"/><U23/><E3/><V53/><F134/><W88/><G115/><T70/><D111/><U72/><E131/><V62/><F129/><W27/><G127/><T57/><D70/><U110/><E110/><V106/><F114/><W60/><G99/><T108/><D108/><U47/><E68/><V54/><F106/><W100/><G100/><T0/><D0/><U76/><E72/><V117/><F102/><W89/><G60/><T25/><D112/><U113/><E113/><V59/><F117/><W56/><G109/><T48/><D14/><U10/><E33/><V24/><F7/><W22/><G32/><T73/><D73/><U26/><E13/><V21/><F54/><W135/><G135/><T118/><D118/><U83/><E83/><V61/><F61/><W28/><G116/><T40/><D123/><U51/><REACH who="1" step="1"/><E43/><REACH who="1" ten="272,140,235,343" step="2"/><V79/><F81/><W125/><G125/><T35/><D42/><U71/><E71/><V119/><F119/><W15/><G2/><T69/><D69/><U85/><E85/><V87/><REACH who="2" step="1"/><F20/><REACH who="2" ten="272,140,225,343" step="2"/><W6/><G22/><T128/><D128/><U103/><E103/><V1/><F1/><W126/><G101/><T74/><D35/><U94/><E94/><V52/><F52/><W58/><G126/><T105/><D93/><U9/><E9/><V17/><F17/><AGARI ba="0,2" hai="10,12,17,18,23,26,41,47,51,75,76,82,120,122" machi="17" ten="30,5800,0" yaku="1,1,7,1,53,1" doraHai="29" doraHaiUra="39" who="1" fromWho="2" sc="272,0,140,78,225,-58,343,0" /><INIT seed="5,1,0,5,2,102" ten="272,218,167,343" oya="1" hai0="108,64,28,84,52,63,73,81,87,50,14,100,39" hai1="109,132,69,44,128,60,45,120,123,12,4,1,94" hai2="98,134,18,133,106,126,67,75,122,95,30,37,59" hai3="32,43,17,0,111,36,99,2,68,15,66,71,82"/><U21/><E128/><V24/><F122/><W74/><G32/><T65/><D108/><U90/><E109/><V33/><F75/><W135/><G99/><T16/><D39/><U56/><E69/><V58/><F37/><W22/><G135/><N who="2" m="51721" /><F126/><W47/><G66/><T13/><D28/><U62/><E132/><V35/><F35/><W8/><G2/><T77/><D100/><U53/><E1/><V127/><F127/><W11/><G11/><T114/><D114/><U5/><E62/><N who="2" m="38359" /><F59/><W31/><G31/><T118/><D13/><U103/><E103/><N who="2" m="60895" /><F18/><W117/><G117/><T3/><D3/><U38/><E38/><V29/><F29/><W113/><G113/><T105/><D118/><U61/><E61/><V97/><F97/><W79/><G111/><T70/><D65/><U125/><E125/><V110/><F110/><W119/><G119/><T27/><D84/><N who="1" m="52551" /><E123/><V19/><F19/><W42/><REACH who="3" step="1"/><G42/><REACH who="3" ten="272,218,167,333" step="2"/><T78/><D64/><U48/><E120/><V131/><F131/><W116/><G116/><T20/><D73/><U23/><E5/><AGARI ba="1,1" hai="0,5,8,15,17,22,36,43,47,68,71,74,79,82" machi="5" ten="40,5200,0" yaku="1,1,25,2,53,0" doraHai="102" doraHaiUra="124" who="3" fromWho="1" sc="272,0,218,-55,167,0,333,65" /><INIT seed="6,0,0,2,4,124" ten="272,163,167,398" oya="2" hai0="10,8,129,15,88,93,29,120,127,47,105,27,22" hai1="41,82,13,24,26,49,30,75,58,66,121,97,96" hai2="128,55,70,99,54,111,102,104,1,108,110,38,135" hai3="77,126,32,125,46,18,115,4,31,57,65,52,67"/><V56/><F70/><W62/><G4/><T130/><D120/><U25/><E121/><V2/><F38/><W116/><G116/><T28/><D105/><U7/><E30/><V101/><F135/><W63/><G77/><T98/><D127/><N who="3" m="48649" /><G18/><T48/><D29/><U34/><E34/><V20/><F102/><W114/><G31/><T80/><D80/><U51/><E75/><V113/><F113/><N who="3" m="43019" /><G46/><T44/><D44/><U87/><E41/><V19/><F55/><W43/><G43/><T59/><D59/><U23/><E23/><V84/><F84/><W78/><G78/><T35/><D22/><U85/><E85/><V14/><REACH who="2" step="1"/><F128/><REACH who="2" ten="272,163,157,398" step="2"/><N who="0" m="49258" /><D15/><U50/><E13/><V45/><F45/><W3/><G3/><T40/><AGARI ba="0,1" hai="8,10,27,28,35,40,47,48,88,93,98" m="49258" machi="40" ten="30,8000,1" yaku="19,1,52,3,54,1" doraHai="124" who="0" fromWho="0" sc="272,90,163,-20,157,-40,398,-20" /><INIT seed="7,0,0,5,1,92" ten="362,143,117,378" oya="3" hai0="40,36,118,68,65,1,35,76,70,10,11,133,71" hai1="75,51,72,125,97,67,91,77,53,128,134,16,23" hai2="79,46,13,2,66,80,84,33,103,21,50,86,37" hai3="59,52,49,3,5,115,114,101,12,132,6,100,60"/><W8/><G132/><T39/><D118/><U17/><E134/><V127/><F33/><W121/><G121/><T89/><D133/><U34/><E34/><V90/><F2/><W25/><G25/><T78/><D35/><U107/><E128/><V43/><F127/><W38/><G38/><T18/><D65/><U9/><E125/><V120/><F120/><W44/><G5/><T131/><D131/><U93/><E67/><V47/><F66/><W130/><G130/><T102/><D102/><U73/><E107/><V4/><F103/><W117/><G117/><T54/><D54/><U85/><E9/><V108/><F108/><W32/><G32/><T124/><D124/><U26/><E17/><V14/><F21/><W56/><G56/><T28/><D28/><U119/><E119/><V31/><F31/><W24/><G24/><T30/><D30/><U96/><REACH who="1" step="1"/><E77/><REACH who="1" ten="362,133,117,378" step="2"/><V69/><F69/><W74/><G3/><T116/><D116/><U126/><E126/><V112/><F112/><N who="3" m="43051" /><G74/><T45/><D10/><U129/><E129/><V81/><F4/><W106/><G106/><T15/><D1/><U7/><E7/><V48/><F37/><W42/><AGARI ba="0,1" hai="6,8,12,42,44,49,52,59,60,100,101" m="43051" machi="42" ten="30,3000,0" yaku="15,1,54,1" doraHai="92" who="3" fromWho="3" sc="362,-10,133,-10,117,-10,378,40" owari="352,15.2,123,-27.7,107,-39.3,418,51.8" /></mjloggm>