<mjloggm ver="2.3"><GO type="169" lobby="0"/><UN n0="%E4%BF%9D%E8%82%B2%E5%A3%AB" n1="%E3%82%AB%E3%83%A9%E6%9D%BE" n2="%E9%A6%AC%E3%81%AE%E8%80%B3%E3%81%AB%E5%BF%B5%E4%BB%8F" n3="%E7%99%BE%E9%87%8E%E3%81%95%E3%82%93" dan="16,17,17,17" rate="2210.37,2140.95,2166.54,2195.15" sx="M,M,M,M"/><TAIKYOKU oya="0"/><INIT seed="0,0,0,5,4,62" ten="250,250,250,250" oya="0" hai0="45,96,83,31,109,90,128,39,27,46,4,16,120" hai1="34,131,126,53,33,111,92,61,6,2,38,84,99" hai2="103,58,3,130,108,51,26,57,5,32,67,0,102" hai3="78,87,28,68,112,129,75,35,89,86,119,54,95"/><T42/><D120/><U80/><E38/><V10/><F108/><W64/><G112/><T106/><D128/><U66/><E111/><V19/><F130/><W116/><G129/><T22/><D109/><U13/><E2/><V124/><F124/><W134/><G134/><T73/><D46/><U15/><E126/><V135/><F135/><W127/><G127/><T98/><D4/><U71/><E53/><V72/><F72/><W77/><G54/><T115/><D115/><U44/><E44/><V41/><F19/><W50/><G50/><T12/><D106/><U25/><E131/><V122/><F26/><W30/><G75/><T85/><REACH who="0" step="1"/><D73/><REACH who="0" ten="240,250,250,250" step="2"/><U132/><E6/><V21/><F5/><W117/><G116/><T76/><D76/><U43/><E132/><V56/><F122/><W97/><G117/><T79/><D79/><U37/><E37/><V70/><F3/><W9/><G119/><T123/><D123/><U114/><E114/><V48/><F0/><W8/><G78/><T11/><AGARI ba="0,1" hai="11,12,16,22,27,31,39,42,45,83,85,90,96,98" machi="11" ten="20,7800,0" yaku="1,1,0,1,7,1,54,1,53,0" doraHai="62" doraHaiUra="52" who="0" fromWho="0" sc="240,88,250,-26,250,-26,250,-26" /><INIT seed="0,1,0,4,4,55" ten="328,224,224,224" oya="0" hai0="71,125,62,49,3,7,47,106,23,104,82,54,108" hai1="87,66,14,32,10,21,46,65,15,94,73,17,24" hai2="81,132,6,61,88,114,77,18,134,0,9,16,68" hai3="43,69,107,99,70,100,38,92,30,72,91,52,113"/><T89/><D125/><U22/><E73/><V98/><F114/><W79/><G113/><T85/><D108/><U59/><E32/><V103/><F68/><W33/><G38/><T118/><D118/><U19/><E46/><V119/><F119/><W34/><G43/><T8/><REACH who="0" step="1"/><D23/><REACH who="0" ten="318,224,224,224" step="2"/><U36/><E36/><V101/><F134/><W131/><G34/><T102/><D102/><U90/><REACH who="1" step="1"/><E59/><REACH who="1" ten="318,214,224,224" step="2"/><V58/><F132/><W121/><G33/><T29/><D29/><AGARI ba="1,2" hai="10,14,15,17,19,21,22,24,29,65,66,87,90,94" machi="29" ten="30,8000,1" yaku="1,1,2,1,7,1,8,1,53,1" doraHai="55" doraHaiUra="84" who="1" fromWho="0" sc="318,-83,214,103,224,0,224,0" /><INIT seed="1,0,0,2,2,66" ten="235,317,224,224" oya="1" hai0="36,93,76,51,117,119,98,82,99,43,86,102,75" hai1="100,111,18,105,3,44,113,26,10,50,0,45,72" hai2="69,15,33,27,124,55,48,103,9,22,70,87,38" hai3="65,31,52,56,79,35,46,4,41,11,121,59,42"/><U88/><E113/><V6/><F38/><W109/><G121/><T122/><D36/><U57/><E72/><V120/><F120/><W14/><G109/><T63/><D122/><U97/><E111/><V90/><F103/><W13/><G35/><T94/><D63/><U101/><E101/><V83/><F33/><W80/><G31/><T130/><D51/><U114/><E114/><V127/><F127/><W49/><G14/><T8/><D43/><U77/><E77/><V132/><F132/><W73/><G59/><T34/><D8/><U25/><E57/><V32/><F32/><W30/><G30/><T37/><D37/><U20/><E45/><V92/><F92/><W134/><G134/><T128/><D34/><U29/><E25/><V40/><F40/><W17/><G4/><T84/><D84/><U61/><E61/><V58/><REACH who="2" step="1"/><F124/><REACH who="2" ten="235,317,214,224" step="2"/><W116/><G116/><N who="0" m="44619" /><D75/><U54/><E100/><AGARI ba="0,1" hai="76,82,86,93,94,98,99,100,102,128,130" m="44619" machi="100" ten="30,2000,0" yaku="34,2" doraHai="66" who="0" fromWho="1" sc="235,30,317,-20,214,0,224,0" /><INIT seed="2,0,0,5,2,88" ten="265,297,214,224" oya="2" hai0="125,42,26,58,121,113,16,2,78,0,40,21,68" hai1="4,133,48,54,132,1,70,116,130,29,126,105,115" hai2="94,19,83,39,102,63,93,56,74,28,37,71,62" hai3="10,85,87,131,57,107,129,3,119,35,99,134,52"/><V13/><F28/><W30/><G119/><T77/><D121/><U33/><RYUUKYOKU type="yao9" ba="0,0" sc="265,0,297,0,214,0,224,0" hai1="1,4,29,33,48,54,70,105,115,116,126,130,132,133" /><INIT seed="2,1,0,1,3,10" ten="265,297,214,224" oya="2" hai0="83,35,69,24,86,28,70,97,119,104,2,46,59" hai1="75,79,66,133,57,37,89,68,32,31,94,8,124" hai2="99,80,95,121,20,30,36,125,87,105,21,73,74" hai3="26,53,126,55,23,12,115,29,108,0,22,106,45"/><V93/><F36/><W85/><G106/><T122/><D122/><U77/><E68/><V19/><F121/><W14/><G0/><T132/><D2/><U63/><E37/><V91/><F30/><W109/><G126/><T120/><D120/><U50/><E124/><V3/><F3/><W27/><G85/><T71/><D132/><U81/><E133/><V18/><F105/><W11/><G11/><T128/><D128/><U60/><E79/><V129/><F125/><W33/><G115/><T4/><D4/><U118/><E118/><V39/><F39/><W98/><G98/><T15/><D119/><U51/><E60/><V111/><F129/><W56/><G45/><T90/><D46/><U78/><E78/><V48/><F48/><W40/><G40/><T1/><D1/><U102/><E102/><V38/><F38/><W16/><G33/><T42/><D42/><U100/><E100/><V114/><F114/><W107/><G107/><T13/><REACH who="0" step="1"/><D59/><REACH who="0" ten="255,297,214,224" step="2"/><U7/><E7/><V103/><F111/><N who="3" m="42571" /><G55/><T82/><D82/><U65/><E81/><V117/><F80/><W110/><G110/><T112/><D112/><U96/><E57/><V67/><F117/><W6/><G6/><T134/><D134/><U54/><E54/><V49/><F67/><W64/><G64/><T131/><D131/><U5/><E66/><V9/><F74/><W88/><G53/><T101/><AGARI ba="1,1" hai="13,15,24,28,35,69,70,71,83,86,90,97,101,104" machi="101" ten="40,8000,1" yaku="1,1,0,1,52,2,53,0" doraHai="10" doraHaiUra="43" who="0" fromWho="0" sc="255,93,297,-21,214,-41,224,-21" /><INIT seed="3,0,0,4,1,23" ten="348,276,173,203" oya="3" hai0="38,133,120,35,14,62,18,31,72,86,40,85,111" hai1="105,96,119,51,44,78,68,27,128,70,102,134,7" hai2="36,57,94,33,63,82,135,16,13,32,84,93,20" hai3="30,17,42,107,28,29,92,58,108,74,95,76,106"/><W117/><G117/><T34/><D72/><U11/><E119/><V91/><F36/><W129/><G129/><T37/><D120/><U5/><E128/><V100/><F135/><W60/><G42/><T90/><D133/><U130/><E134/><V118/><F118/><W67/><G108/><T64/><D111/><U113/><E113/><V104/><F104/><W66/><G106/><T56/><D85/><U22/><E78/><V97/><REACH who="2" step="1"/><F82/><REACH who="2" ten="348,276,163,203" step="2"/><W2/><G107/><T54/><D37/><U110/><E130/><V73/><F73/><W15/><G2/><T0/><D38/><U52/><E110/><V19/><F19/><W49/><G74/><T71/><D18/><U116/><E116/><V43/><F43/><W45/><G67/><AGARI ba="0,1" hai="13,16,20,32,33,57,63,67,84,91,93,94,97,100" machi="67" ten="30,3900,0" yaku="1,1,7,1,54,1,53,0" doraHai="23" doraHaiUra="46" who="2" fromWho="3" sc="348,0,276,0,163,49,203,-39" /><INIT seed="4,0,0,4,3,121" ten="348,276,212,164" oya="0" hai0="56,74,27,134,81,112,36,23,102,76,45,35,0" hai1="123,53,120,108,128,95,47,69,33,104,1,51,32" hai2="2,83,103,14,61,46,135,48,40,111,119,130,68" hai3="38,30,31,63,114,6,101,15,10,67,12,106,4"/><T97/><D112/><U110/><E104/><V9/><F2/><W90/><G114/><T127/><D127/><U132/><E1/><V86/><F135/><W117/><G117/><T131/><D131/><U59/><E95/><V73/><F130/><W37/><G101/><T71/><D0/><U85/><E85/><V3/><F3/><W115/><G106/><T77/><D77/><U20/><E20/><V54/><F73/><W80/><G115/><T107/><D56/><U118/><E118/><V62/><F119/><W28/><G80/><T8/><D8/><U82/><E82/><V89/><F68/><W72/><G72/><T39/><D134/><U94/><E94/><V100/><F111/><W113/><G90/><T91/><D35/><U29/><E32/><V99/><F40/><W13/><G113/><T55/><D71/><U116/><E69/><V98/><F103/><W124/><G124/><T93/><D55/><U21/><E53/><V41/><F41/><W58/><REACH who="3" step="1"/><G10/><REACH who="3" ten="348,276,212,154" step="2"/><T52/><D91/><U50/><E116/><V66/><F100/><W109/><G109/><T16/><REACH who="0" step="1"/><D107/><REACH who="0" ten="338,276,212,154" step="2"/><U11/><E110/><V129/><F89/><W88/><G88/><T17/><D17/><U34/><E108/><V64/><F129/><W26/><G26/><T60/><D60/><U22/><E128/><V49/><F62/><W84/><G84/><T25/><D25/><U122/><E122/><V105/><F61/><W57/><G57/><T92/><D92/><U42/><E123/><V126/><F86/><W18/><G18/><T24/><D24/><U87/><E120/><RYUUKYOKU ba="0,2" sc="338,15,276,-15,212,-15,154,15" hai0="16,23,27,36,39,45,52,74,76,81,93,97,102" hai3="4,6,12,13,15,28,30,31,37,38,58,63,67" /><INIT seed="4,1,2,0,5,66" ten="353,261,197,169" oya="0" hai0="28,119,7,12,120,21,43,93,70,10,47,107,114" hai1="74,67,71,130,62,124,78,82,36,60,30,33,38" hai2="110,95,58,65,64,15,27,2,104,81,83,129,79" hai3="39,9,19,125,94,87,26,106,91,42,133,5,48"/><T18/><D107/><U55/><E124/><V112/><F110/><W118/><G118/><T0/><D119/><U77/><E130/><V102/><F2/><W73/><G125/><T16/><D120/><U108/><E108/><V45/><F104/><W20/><G106/><T127/><D127/><U49/><E62/><V1/><F1/><W103/><G73/><T92/><D70/><U6/><E6/><V56/><F27/><W37/><G103/><T25/><D114/><U69/><E69/><V40/><F112/><W3/><REACH who="3" step="1"/><G133/><REACH who="3" ten="353,261,197,159" step="2"/><T63/><D63/><U35/><E74/><V128/><F102/><W99/><G99/><T122/><D122/><U4/><E60/><V76/><F128/><W14/><G14/><T32/><REACH who="0" step="1"/><D18/><REACH who="0" ten="343,261,197,159" step="2"/><U113/><E113/><V96/><F129/><W111/><G111/><T109/><D109/><U54/><E4/><V123/><F123/><W89/><G89/><T44/><D44/><AGARI ba="1,4" hai="3,5,9,19,20,26,37,39,42,44,48,87,91,94" machi="44" ten="40,1300,0" yaku="1,1,53,0" doraHai="66" doraHaiUra="53" who="3" fromWho="0" sc="343,-16,261,0,197,0,159,56" /><INIT seed="5,0,0,5,4,71" ten="327,261,197,215" oya="1" hai0="37,43,66,91,6,20,81,106,63,3,54,41,89" hai1="0,33,27,92,9,51,80,52,119,75,42,14,118" hai2="135,111,108,114,93,115,123,21,73,96,86,117,24" hai3="105,76,1,30,129,48,57,49,103,120,82,38,60"/><U128/><E0/><V32/><F32/><W74/><G120/><T11/><D106/><U99/><E128/><V19/><F123/><W69/><G69/><T40/><D37/><U116/><E42/><V2/><F73/><W5/><G129/><T34/><D34/><U121/><E121/><V133/><F86/><W130/><G30/><T126/><D126/><U64/><E64/><V59/><F59/><W36/><G130/><T98/><D98/><U110/><E110/><N who="2" m="42027" /><F2/><W25/><G25/><T65/><D65/><U47/><E75/><V10/><F117/><W28/><G28/><T23/><D54/><U7/><E80/><V13/><F93/><W125/><G125/><T95/><D81/><U53/><E33/><V104/><F96/><W68/><G68/><T46/><D46/><U15/><E27/><V79/><F79/><W55/><G103/><T61/><D95/><U102/><E15/><V78/><F78/><W12/><G105/><T56/><REACH who="0" step="1"/><D61/><REACH who="0" ten="317,261,197,215" step="2"/><U88/><REACH who="1" step="1"/><E53/><REACH who="1" ten="317,251,197,215" step="2"/><V26/><F104/><W107/><G107/><T112/><D112/><N who="2" m="43050" /><F26/><W127/><G127/><T100/><D100/><AGARI ba="0,2" hai="7,9,14,47,51,52,88,92,99,100,102,116,118,119" machi="100" ten="40,7700,0" yaku="1,1,54,2,53,0" doraHai="71" doraHaiUra="29" who="1" fromWho="0" sc="317,-77,251,97,197,0,215,0" /><INIT seed="5,1,0,4,3,2" ten="240,348,197,215" oya="1" hai0="75,90,47,48,115,35,13,81,23,21,74,55,53" hai1="28,57,39,111,99,113,112,109,40,119,0,105,66" hai2="114,30,26,67,85,117,97,44,70,122,127,11,94" hai3="37,63,87,20,83,86,31,101,108,29,123,131,73"/><U82/><E0/><V118/><F122/><W95/><G123/><T62/><D35/><U128/><E28/><V6/><F127/><W102/><G108/><N who="1" m="41546" /><E82/><V10/><F10/><W46/><G73/><T34/><D34/><U54/><E99/><V103/><F114/><N who="1" m="44137" /><E105/><V64/><F44/><W16/><G131/><T68/><D68/><U91/><E91/><V56/><F70/><W22/><G46/><T4/><D115/><U126/><E126/><V120/><F120/><W58/><G37/><T50/><D62/><N who="1" m="36151" /><E128/><V60/><F67/><N who="3" m="39415" /><G87/><N who="0" m="50543" /><D74/><U32/><E32/><V107/><F85/><W116/><G95/><T25/><D75/><U41/><E119/><V7/><F107/><W43/><G116/><T36/><D25/><U132/><E132/><V8/><F118/><W76/><G31/><T124/><D124/><U106/><E106/><V134/><F134/><W59/><G29/><T79/><D79/><U135/><E135/><V92/><F92/><W96/><G96/><T27/><D27/><U77/><E77/><V125/><F125/><W17/><G102/><T45/><D36/><U24/><E24/><V18/><F117/><W3/><G101/><T49/><D23/><U14/><E39/><V133/><F133/><W98/><G3/><T80/><D80/><U89/><E89/><V19/><F11/><W104/><G104/><T12/><D21/><U84/><E84/><V78/><F78/><W130/><G98/><T72/><D72/><U5/><E66/><V9/><F9/><AGARI ba="1,0" hai="5,9,14,40,41" m="36151,44137,41546" machi="9" ten="30,5800,0" yaku="10,1,15,1,52,1" doraHai="2" who="1" fromWho="2" sc="240,0,348,61,197,-61,215,0" /><INIT seed="5,2,0,4,2,44" ten="240,409,136,215" oya="1" hai0="18,66,34,87,109,122,28,124,26,114,121,39,57" hai1="37,59,20,96,2,118,47,61,14,58,64,32,5" hai2="12,46,127,126,3,30,1,42,69,67,0,11,93" hai3="75,45,8,129,15,133,23,21,38,130,94,4,90"/><U98/><E118/><V108/><F108/><W13/><G75/><T83/><D109/><U113/><E32/><V97/><F30/><W128/><G133/><T104/><D39/><U63/><E2/><V101/><F67/><W50/><G38/><T25/><D104/><U103/><E113/><V72/><F69/><W51/><G45/><T70/><D70/><U111/><E111/><V91/><F72/><W125/><G125/><N who="2" m="47625" /><F91/><W55/><G55/><T43/><D114/><U105/><E96/><V19/><F0/><W29/><G15/><T135/><D66/><U131/><E131/><V78/><F78/><W36/><G36/><AGARI ba="2,0" hai="1,3,11,12,19,36,42,46,93,97,101" m="47625" machi="36" ten="30,1000,0" yaku="18,1" doraHai="44" who="2" fromWho="3" sc="240,0,409,0,136,16,215,-16" /><INIT seed="6,0,0,1,3,44" ten="240,409,152,199" oya="2" hai0="108,91,68,64,60,82,42,119,75,98,20,11,63" hai1="54,106,39,135,85,78,130,33,110,65,131,25,15" hai2="72,55,62,10,30,41,22,114,59,21,121,49,128" hai3="105,122,32,81,47,96,127,57,3,26,9,31,69"/><V71/><F121/><W37/><G122/><T73/><D108/><U38/><E106/><V45/><F72/><W8/><G127/><T2/><D42/><U74/><E74/><V97/><F114/><W92/><G105/><T27/><D119/><U129/><E110/><V124/><F124/><W28/><G69/><T40/><D40/><U101/><E135/><V109/><F128/><W100/><G3/><T66/><D11/><U134/><E134/><V17/><F109/><W103/><G103/><T133/><D2/><U52/><E101/><V125/><F125/><W88/><G31/><T56/><D133/><U16/><E65/><V84/><F97/><W77/><G100/><T76/><D98/><U4/><E78/><V104/><F104/><W1/><G1/><T19/><D91/><U61/><E85/><AGARI ba="0,0" hai="19,20,27,56,60,63,64,66,68,73,75,76,82,85" machi="85" ten="30,1000,0" yaku="7,1" doraHai="44" who="0" fromWho="1" sc="240,10,409,-10,152,0,199,0" /><INIT seed="7,0,0,5,0,83" ten="250,399,152,199" oya="3" hai0="75,29,97,72,107,24,89,46,37,65,32,35,21" hai1="69,4,54,12,74,31,132,116,122,19,27,82,127" hai2="41,88,47,73,81,105,106,130,118,16,34,18,56" hai3="123,26,111,101,5,114,117,53,119,66,22,103,28"/><W110/><G66/><T68/><D21/><U86/><E122/><V85/><F118/><W14/><G123/><T50/><D89/><U57/><E74/><V124/><F34/><W99/><G53/><T6/><D6/><U38/><E69/><V109/><F109/><N who="3" m="41483" /><G114/><T52/><D37/><U71/><E38/><V90/><F73/><W100/><G99/><T112/><D112/><U58/><E71/><V9/><F130/><W84/><G84/><T55/><D55/><U91/><E116/><N who="3" m="44618" /><G5/><T63/><D35/><U98/><E4/><V13/><F124/><W93/><G14/><T0/><D0/><U67/><E67/><V15/><F56/><W104/><G93/><T40/><D52/><U61/><E57/><V131/><F131/><W80/><G80/><T23/><D72/><U70/><E70/><V36/><F90/><W8/><G104/><T134/><D75/><U115/><E115/><V87/><F85/><W45/><G8/><AGARI ba="0,0" hai="8,9,13,15,16,18,36,41,47,81,87,88,105,106" machi="8" ten="30,8000,1" yaku="7,1,9,1,52,1,54,2" doraHai="83" who="2" fromWho="3" sc="250,0,399,0,152,80,199,-80" owari="250,5.0,399,49.9,232,-16.8,119,-38.1" /></mjloggm>