<mjloggm ver="2.3"><GO type="169" lobby="0"/><UN n0="%E5%8B%9D%E3%81%A1%E7%A2%BA%E3%83%AA%E3%83%BC%E3%83%81" n1="%E3%81%BB%E3%81%A3%E3%81%A1%E3%82%83%E3%82%93" n2="%E3%81%95%E3%81%8D%E3%81%8A%E3%80%82" n3="%E9%AD%9A%E8%B0%B7%E4%BE%91%E7%BE%8E" dan="16,17,16,17" rate="2097.02,2189.97,2161.34,2166.47" sx="M,F,M,M"/><TAIKYOKU oya="0"/><INIT seed="0,0,0,1,3,121" ten="250,250,250,250" oya="0" hai0="15,49,116,124,76,122,60,48,85,61,42,72,126" hai1="119,101,69,34,11,25,46,33,59,130,112,73,75" hai2="44,89,9,86,109,23,125,4,92,18,114,13,67" hai3="94,87,106,21,39,79,78,113,117,2,16,80,104"/><T120/><D72/><U20/><E119/><V103/><F125/><N who="0" m="48234" /><D15/><U27/><E69/><V105/><F114/><W5/><G117/><T133/><D85/><U26/><E112/><V1/><F67/><W102/><G39/><T118/><D76/><U35/><E130/><V51/><F103/><W62/><G113/><T82/><D82/><U88/><E101/><V81/><F105/><W66/><G79/><T36/><D133/><U131/><E131/><V58/><F58/><W38/><G38/><T31/><D31/><U65/><E20/><V8/><F109/><W100/><G100/><T84/><D84/><U77/><E77/><V43/><F92/><W132/><G132/><T55/><D118/><U54/><E11/><V111/><F111/><W123/><G5/><T70/><D116/><U108/><E108/><V10/><AGARI ba="0,0" hai="1,4,8,9,10,13,18,23,43,44,51,81,86,89" machi="10" ten="30,1100,0" yaku="0,1" doraHai="121" who="2" fromWho="2" sc="250,-5,250,-3,250,11,250,-3" /><INIT seed="1,0,0,1,0,14" ten="245,247,261,247" oya="1" hai0="22,72,129,48,23,24,57,77,111,52,5,121,20" hai1="67,37,0,45,76,26,127,30,12,18,82,73,55" hai2="8,122,116,21,11,75,15,99,42,84,16,91,33" hai3="85,6,74,125,78,3,9,41,117,105,134,104,10"/><U66/><E127/><V40/><F75/><W35/><G125/><T36/><D111/><U64/><E0/><V110/><F116/><W32/><G85/><T25/><D129/><U90/><E90/><V89/><F122/><W120/><G120/><T47/><D121/><U96/><E96/><V63/><F33/><N who="3" m="12875" /><G117/><T128/><D128/><U86/><E73/><V107/><F63/><W71/><G10/><N who="2" m="3625" /><F107/><W43/><G43/><T31/><D36/><U115/><E115/><V13/><F110/><W28/><G28/><T94/><D5/><U101/><E101/><V130/><F130/><W88/><G88/><T51/><D94/><U108/><E108/><V38/><F38/><W98/><G98/><T123/><D123/><U49/><E37/><V106/><F106/><W17/><G41/><T39/><D39/><U44/><E30/><V109/><F109/><W131/><G131/><T46/><D48/><U61/><E26/><V50/><F50/><W27/><G71/><T95/><D95/><U2/><E2/><V62/><F62/><W124/><G124/><T69/><D69/><U19/><E61/><V81/><F13/><W133/><G74/><T135/><D31/><U59/><E12/><V29/><F29/><W1/><G1/><T113/><D72/><U132/><E132/><N who="3" m="50794" /><G78/><T79/><D135/><U92/><E92/><AGARI ba="0,0" hai="15,16,21,40,42,81,84,89,91,92,99" m="3625" machi="92" ten="30,3900,0" yaku="8,1,52,1,54,1" doraHai="14" who="2" fromWho="1" sc="245,0,247,-39,261,39,247,0" /><INIT seed="2,0,0,2,3,47" ten="245,208,300,247" oya="2" hai0="112,104,58,81,99,96,135,102,18,17,66,37,86" hai1="95,90,98,127,105,5,28,36,50,80,73,113,110" hai2="62,59,49,132,77,25,68,2,27,124,4,89,8" hai3="11,61,126,133,42,117,69,131,129,55,60,97,122"/><V83/><F132/><W52/><G11/><T123/><D112/><U12/><E36/><V54/><F124/><W118/><G97/><T76/><D123/><U14/><E113/><V79/><F89/><W82/><G82/><T39/><D135/><U111/><E127/><V72/><F79/><W109/><G133/><T116/><D116/><N who="3" m="44649" /><G126/><T15/><D96/><U119/><E119/><V94/><F94/><W41/><G122/><T0/><D0/><U57/><E28/><V31/><F68/><W114/><G114/><T22/><REACH who="0" step="1"/><D17/><REACH who="0" ten="235,208,300,247" step="2"/><U3/><E3/><V48/><REACH who="2" step="1"/><F27/><REACH who="2" ten="235,208,290,247" step="2"/><W19/><G129/><T115/><D115/><U128/><E128/><V23/><AGARI ba="0,2" hai="2,4,8,23,25,31,48,49,54,59,62,72,77,83" machi="23" ten="20,18000,2" yaku="1,1,2,1,0,1,7,1,52,2,53,0" doraHai="47" doraHaiUra="71" who="2" fromWho="2" sc="235,-60,208,-60,290,200,247,-60" /><INIT seed="2,1,0,0,5,92" ten="175,148,490,187" oya="2" hai0="93,26,64,50,40,75,62,131,45,123,68,11,132" hai1="109,94,71,127,2,47,14,100,23,99,44,43,33" hai2="49,28,91,72,133,113,110,124,126,103,115,8,108" hai3="3,53,56,84,17,46,90,60,48,119,86,19,21"/><V27/><F72/><W101/><G119/><T120/><D131/><U34/><E109/><N who="2" m="42091" /><F49/><W18/><G3/><T66/><D132/><U88/><E2/><V79/><F79/><W87/><G101/><T104/><D104/><U118/><E118/><V77/><F77/><W42/><REACH who="3" step="1"/><G90/><REACH who="3" ten="175,148,490,177" step="2"/><T6/><D123/><U122/><E122/><V80/><F103/><W85/><N who="3" m="21504" /><DORA hai="15" /><W9/><G9/><T22/><D120/><U36/><E100/><V5/><F91/><W57/><G57/><T4/><D75/><U39/><E71/><V55/><F80/><W35/><G35/><T41/><D11/><U128/><E128/><V67/><F133/><W65/><G65/><T106/><D66/><U107/><E127/><N who="2" m="48683" /><F67/><W121/><G121/><T25/><D64/><U114/><E114/><V29/><F55/><W16/><G16/><T20/><D41/><U111/><E111/><V96/><F28/><W10/><G10/><T116/><D40/><U130/><E130/><V112/><F96/><W135/><G135/><T38/><D116/><U73/><E73/><V69/><F69/><W1/><G1/><T7/><D68/><U54/><E54/><V70/><F70/><W13/><AGARI ba="1,1" hai="13,17,18,19,21,42,46,48,53,56,60" m="21504" machi="13" ten="40,16000,3" yaku="1,1,0,1,8,1,52,3,53,4" doraHai="92,15" doraHaiUra="97,81" who="3" fromWho="3" sc="175,-41,148,-41,490,-81,177,173" /><INIT seed="3,0,0,3,2,12" ten="134,107,409,350" oya="3" hai0="75,91,135,84,123,76,105,35,106,7,38,80,27" hai1="28,119,94,92,23,44,126,115,99,74,124,14,85" hai2="17,83,4,33,89,66,68,53,50,41,5,131,113" hai3="90,61,56,110,40,8,2,18,104,47,132,70,79"/><W22/><G132/><T116/><D38/><U87/><E115/><V46/><F33/><W127/><G127/><N who="1" m="48682" /><E119/><V51/><F131/><W30/><G104/><T108/><D108/><U107/><E74/><V15/><F68/><W11/><G70/><T88/><D116/><U129/><E129/><V102/><F102/><W63/><G30/><T133/><D7/><U86/><E44/><V71/><F66/><W95/><G79/><T37/><D37/><U39/><E39/><V122/><F71/><W64/><G61/><T55/><D123/><U0/><E0/><V10/><F122/><W1/><G110/><T29/><D55/><U65/><E65/><V67/><F67/><W73/><G73/><T97/><D91/><N who="1" m="55711" /><E107/><V60/><F60/><W26/><G2/><T117/><D117/><U54/><E54/><V45/><F113/><W9/><G1/><T121/><D121/><U112/><E112/><V111/><F111/><W20/><G20/><T13/><D106/><U134/><E134/><V21/><F21/><W109/><G109/><T6/><D105/><U52/><E52/><V96/><F96/><N who="3" m="57463" /><G47/><T36/><D97/><U125/><N who="1" m="48690" /><U31/><DORA hai="130" /><E94/><V24/><REACH who="2" step="1"/><F24/><REACH who="2" ten="134,107,399,350" step="2"/><W62/><G62/><T114/><D114/><U78/><E78/><V77/><F77/><W19/><G26/><T16/><D76/><U25/><E25/><V128/><F128/><W3/><G63/><T59/><D27/><N who="1" m="16511" /><E31/><V118/><F118/><W100/><G64/><T48/><D135/><U69/><E69/><V101/><F101/><W34/><G34/><T43/><D133/><RYUUKYOKU ba="0,1" sc="134,-15,107,15,399,15,350,-15" hai1="14,85,86,87" hai2="4,5,10,15,17,41,45,46,50,51,53,83,89" /><INIT seed="4,1,1,2,2,33" ten="119,122,414,335" oya="0" hai0="123,37,51,10,67,60,49,115,50,89,52,63,108" hai1="62,48,6,110,80,13,132,66,0,8,56,29,96" hai2="2,121,111,1,102,99,135,75,103,24,97,71,58" hai3="42,119,31,125,57,4,25,109,91,23,64,17,104"/><T81/><D10/><U9/><E110/><V28/><F75/><W11/><G119/><T18/><D18/><U130/><E130/><V61/><F121/><W53/><G109/><T46/><D89/><U32/><E132/><V20/><F71/><W107/><G125/><T16/><D16/><U114/><E114/><V55/><F135/><W106/><G42/><N who="0" m="22863" /><D81/><U95/><E80/><V120/><F120/><W30/><G64/><T82/><D82/><U5/><E48/><N who="0" m="18537" /><D123/><U134/><E134/><V47/><F47/><W113/><G113/><T83/><D83/><U26/><REACH who="1" step="1"/><E96/><REACH who="1" ten="119,112,414,335" step="2"/><V44/><F44/><W128/><G128/><T43/><D115/><U90/><E90/><V12/><F111/><W124/><G91/><T131/><D108/><U98/><E98/><V117/><F117/><W78/><G78/><T126/><D131/><U15/><E15/><V19/><F99/><W79/><G79/><T39/><D126/><U69/><E69/><V35/><REACH who="2" step="1"/><F102/><REACH who="2" ten="119,112,404,335" step="2"/><W40/><G124/><T77/><D39/><U72/><E72/><V68/><F68/><W129/><G129/><T38/><D38/><U21/><E21/><V27/><F27/><W84/><G23/><T59/><D43/><U88/><E88/><V116/><F116/><W101/><G40/><T14/><D77/><U87/><E87/><V122/><F122/><W70/><G84/><T133/><D133/><U118/><E118/><V105/><AGARI ba="1,3" hai="1,2,12,19,20,24,28,35,55,58,61,97,103,105" machi="105" ten="20,8000,1" yaku="1,1,0,1,7,1,52,2,53,0" doraHai="33" doraHaiUra="85" who="2" fromWho="2" sc="119,-41,112,-21,404,113,335,-21" /><INIT seed="5,0,0,5,0,98" ten="78,91,517,314" oya="1" hai0="45,48,27,60,32,130,16,113,87,51,23,112,91" hai1="129,118,131,26,102,42,5,6,121,2,12,30,125" hai2="71,49,90,14,35,7,52,21,61,47,122,73,64" hai3="55,128,124,1,127,77,68,43,8,37,108,33,18"/><U39/><E118/><V29/><F73/><W38/><G108/><T86/><D130/><N who="1" m="49675" /><E121/><V120/><F35/><W94/><G128/><T70/><D32/><N who="1" m="20567" /><E125/><V9/><F90/><W111/><G111/><T15/><D15/><U83/><E2/><V66/><REACH who="2" step="1"/><F64/><REACH who="2" ten="78,91,507,314" step="2"/><W116/><G33/><T62/><D91/><U63/><E83/><V3/><F3/><W106/><G1/><T72/><D72/><U107/><E102/><V57/><F57/><W74/><G74/><T4/><D70/><U103/><E103/><V24/><AGARI ba="0,1" hai="7,9,14,21,24,29,47,49,52,61,66,71,120,122" machi="24" ten="30,4000,0" yaku="1,1,0,1,54,1,53,0" doraHai="98" doraHaiUra="92" who="2" fromWho="2" sc="78,-10,91,-20,507,50,314,-10" /><INIT seed="6,0,0,5,1,90" ten="68,71,557,304" oya="2" hai0="2,36,44,65,19,30,69,56,106,24,70,14,51" hai1="54,96,34,20,16,95,21,33,75,94,28,129,115" hai2="135,18,124,134,47,79,22,40,101,35,99,109,9" hai3="103,17,127,111,80,41,0,131,13,39,92,23,7"/><V3/><F35/><W45/><G111/><T112/><D112/><U26/><E75/><V57/><F79/><W68/><G127/><T48/><D2/><U97/><E115/><V10/><F124/><W114/><G131/><T85/><D106/><U87/><E129/><V86/><F86/><W89/><G114/><T73/><D73/><U74/><E74/><V38/><F57/><W59/><G68/><T100/><D100/><N who="1" m="60439" /><E34/><V1/><F1/><W66/><G80/><T121/><D36/><U84/><E54/><V12/><F109/><W107/><G103/><T117/><D121/><U8/><E8/><V37/><F37/><W31/><G107/><T27/><D117/><U133/><E33/><V82/><F82/><W93/><G31/><T63/><D85/><U116/><E133/><N who="2" m="50699" /><F3/><W32/><G32/><T120/><D120/><U53/><E53/><V42/><F42/><W61/><REACH who="3" step="1"/><G89/><REACH who="3" ten="68,71,557,294" step="2"/><T102/><D70/><U50/><E116/><V128/><F128/><W55/><G55/><T71/><D71/><U123/><E123/><V72/><F72/><W58/><G58/><T104/><D69/><U11/><E28/><V43/><F43/><W110/><G110/><T49/><D30/><U108/><E108/><V132/><F132/><W78/><G78/><T98/><REACH who="0" step="1"/><D44/><REACH who="0" ten="58,71,557,294" step="2"/><U88/><E88/><V122/><F122/><W15/><G15/><T126/><D126/><U125/><E125/><V25/><F12/><W5/><G5/><T118/><D118/><U46/><E46/><V76/><F76/><W130/><G130/><T6/><D6/><U67/><E16/><RYUUKYOKU ba="0,2" sc="58,10,71,-30,557,10,294,10" hai0="14,19,24,27,48,49,51,56,63,65,98,102,104" hai2="9,10,18,22,25,38,40,47,99,101" hai3="0,7,13,17,23,39,41,45,59,61,66,92,93" /><INIT seed="6,1,2,2,4,103" ten="68,41,567,304" oya="2" hai0="81,79,98,27,113,112,120,54,8,47,117,48,34" hai1="15,70,62,86,42,97,41,24,94,100,111,126,25" hai2="135,59,50,65,130,44,66,132,11,82,29,26,109" hai3="4,129,31,119,89,52,64,121,16,12,20,37,84"/><V2/><F130/><W123/><G119/><T58/><D120/><U17/><E111/><V133/><F109/><W57/><G129/><T93/><D117/><U9/><E126/><V134/><F134/><W90/><G37/><T92/><D8/><U19/><E70/><V74/><F74/><W114/><G114/><N who="0" m="44139" /><D98/><U46/><E62/><V83/><F11/><W96/><G4/><T32/><D47/><U75/><E75/><V51/><F2/><W28/><G64/><N who="2" m="24681" /><F59/><W91/><G96/><T104/><D104/><U63/><E63/><V101/><F101/><W102/><G102/><T60/><D60/><U5/><E86/><V108/><F108/><W95/><G121/><T122/><D122/><U72/><E72/><V3/><F3/><W53/><G123/><T77/><D77/><U69/><E69/><V85/><F44/><W128/><G128/><T61/><D61/><U118/><E118/><V40/><F40/><N who="1" m="15465" /><E46/><V127/><F127/><W21/><G57/><T78/><D78/><U88/><E100/><V67/><F67/><W110/><G110/><T131/><D131/><U115/><E115/><V105/><F105/><W106/><G106/><T23/><D34/><U45/><E45/><V71/><F71/><W99/><G89/><T43/><D32/><U68/><E68/><V38/><F38/><W124/><G124/><T22/><D43/><U0/><E0/><V36/><F36/><W55/><G21/><N who="0" m="7691" /><D27/><AGARI ba="1,2" hai="5,9,15,17,19,24,25,27,88,94,97" m="15465" machi="27" ten="30,2000,0" yaku="8,1,54,1" doraHai="103" who="1" fromWho="0" sc="68,-23,41,43,567,0,304,0" /><INIT seed="7,0,0,0,3,123" ten="45,84,567,304" oya="3" hai0="133,114,78,62,32,28,43,0,11,45,1,20,34" hai1="113,90,122,17,70,108,52,49,71,102,95,6,37" hai2="115,15,112,99,13,92,65,59,103,19,31,56,27" hai3="85,53,107,68,2,38,134,130,33,77,104,119,106"/><W111/><G53/><T75/><D133/><U66/><E108/><V64/><F56/><W124/><G85/><T73/><D114/><N who="2" m="43562" /><F59/><W126/><G77/><T23/><D62/><U93/><E6/><V135/><F135/><W100/><G100/><T16/><D0/><U35/><E37/><V86/><F86/><W44/><G44/><T94/><D94/><U60/><E17/><V88/><F103/><W87/><G87/><T12/><D28/><U41/><E35/><N who="2" m="20991" /><F13/><W39/><G134/><T30/><D30/><U131/><E41/><V132/><F132/><W127/><G2/><T76/><D73/><U36/><E36/><N who="3" m="13866" /><G33/><T18/><D75/><U67/><E122/><V9/><AGARI ba="0,0" hai="9,15,19,64,65,88,92,99" m="20991,43562" machi="9" ten="30,2000,0" yaku="15,1,54,1" doraHai="123" who="2" fromWho="2" sc="45,-5,84,-5,567,20,304,-10" owari="40,-46.0,79,-32.1,587,68.7,294,9.4" /></mjloggm>