<mjloggm ver="2.3"><GO type="169" lobby="0"/><UN n0="%6B%61%74%65%72%69%6E%61" n1="%44%61%6C%69" n2="%73%61%6E%67%6F%64%64%6F" n3="%E5%9C%A7%E5%80%92%E7%9A%84%E3%83%9D%E3%83%B3" dan="16,17,17,17" rate="2110.33,2189.12,2174.41,2208.40" sx="M,M,M,M"/><TAIKYOKU oya="0"/><INIT seed="0,0,0,0,1,118" ten="250,250,250,250" oya="0" hai0="49,102,67,74,56,125,119,18,39,123,70,7,35" hai1="88,6,83,98,117,37,75,30,131,92,124,46,84" hai2="130,107,127,24,15,97,5,14,17,85,47,3,129" hai3="53,41,19,103,9,95,32,71,94,90,108,45,77"/><T64/><BYE who="1" /><D119/><UN n1="%44%61%6C%69" /><U22/><E117/><V13/><F47/><W38/><G32/><T113/><D113/><U31/><E131/><N who="2" m="50187" /><F85/><W65/><G77/><T89/><D39/><U54/><E124/><V51/><F51/><W112/><G112/><T36/><D36/><U25/><E75/><V33/><F97/><W20/><G9/><T27/><D125/><U4/><E31/><N who="2" m="19687" /><F107/><W81/><G108/><T134/><D74/><U99/><E99/><V63/><F63/><W79/><G103/><T48/><D102/><U68/><E68/><V42/><F42/><W40/><G40/><T52/><D70/><U121/><E121/><V114/><F127/><W29/><G29/><T110/><D123/><U82/><E82/><V73/><F73/><W21/><G21/><N who="0" m="13751" /><D35/><U76/><E37/><V106/><F106/><W61/><G90/><T44/><D110/><U11/><E11/><N who="2" m="2495" /><F114/><W69/><G69/><T86/><D7/><U58/><REACH who="1" step="1"/><E46/><REACH who="1" ten="250,240,250,250" step="2"/><V2/><F2/><W57/><G81/><N who="0" m="49359" /><D134/><U132/><E132/><V8/><AGARI ba="0,1" hai="8,13,14,15,17" m="2495,19687,50187" machi="8" ten="30,4000,0" yaku="19,1,34,2" doraHai="118" who="2" fromWho="2" sc="250,-20,240,-10,250,50,250,-10" /><INIT seed="1,0,0,2,2,30" ten="230,230,300,240" oya="1" hai0="28,36,7,69,21,14,15,68,62,47,85,126,0" hai1="63,82,16,2,88,41,67,109,133,119,56,111,72" hai2="60,128,25,45,127,101,74,53,95,79,92,71,77" hai3="135,122,106,55,31,46,59,87,102,39,8,58,35"/><U12/><E2/><V61/><F127/><W105/><G122/><T104/><D104/><U1/><E1/><V83/><F128/><W73/><G73/><T120/><D126/><U117/><E41/><V33/><F79/><W32/><G106/><T22/><D120/><U54/><E133/><V49/><F101/><W66/><G31/><T43/><D0/><U123/><E123/><V40/><F71/><W64/><G59/><T9/><D62/><U90/><E72/><V5/><F5/><W51/><G135/><T34/><D85/><N who="1" m="50231" /><E90/><V96/><F92/><W48/><G39/><T97/><D97/><U131/><E67/><V113/><F113/><W115/><G115/><T3/><D15/><U80/><E80/><V76/><F76/><W19/><G87/><T75/><D75/><U23/><E131/><V134/><F134/><W114/><G114/><T78/><D78/><U84/><E84/><V116/><F116/><W98/><G66/><T103/><D103/><U100/><E100/><V89/><F40/><W20/><G8/><T86/><D86/><U42/><E42/><V124/><F124/><W57/><G46/><T93/><D93/><U81/><E81/><V99/><F99/><W17/><G17/><N who="0" m="10423" /><D22/><U38/><E38/><V18/><F33/><W13/><G64/><T11/><D11/><U4/><E4/><V6/><F6/><W37/><G37/><T94/><D94/><U27/><E12/><V118/><F118/><W44/><G44/><T29/><D29/><U108/><AGARI ba="0,0" hai="16,23,27,54,56,63,108,109,111,117,119" m="50231" machi="108" ten="30,11700,0" yaku="14,1,10,1,54,2" doraHai="30" who="1" fromWho="1" sc="230,-39,230,117,300,-39,240,-39" /><INIT seed="1,1,0,2,4,51" ten="191,347,261,201" oya="1" hai0="75,19,63,24,42,20,89,34,61,60,109,81,40" hai1="93,11,56,88,82,85,2,69,98,29,116,14,78" hai2="119,121,90,58,46,36,117,15,35,21,130,41,118" hai3="53,135,6,1,52,30,23,124,129,71,79,12,105"/><U43/><E69/><V67/><F35/><W95/><G105/><T120/><D109/><U72/><E116/><V5/><F5/><W7/><G71/><T83/><D120/><U22/><E2/><V48/><F121/><W31/><G1/><T91/><D34/><U44/><E56/><V84/><F130/><W125/><G129/><T132/><D132/><U128/><E128/><V32/><F32/><W102/><G79/><T27/><D75/><U18/><E29/><N who="3" m="10762" /><G135/><T103/><D103/><U38/><REACH who="1" step="1"/><E22/><REACH who="1" ten="191,337,261,201" step="2"/><V10/><F21/><W97/><G23/><T66/><D27/><U39/><E39/><V112/><F36/><W25/><G25/><T16/><D66/><U115/><E115/><V114/><F67/><W8/><G7/><T59/><D59/><U45/><E45/><V54/><F58/><W133/><G133/><T26/><D20/><U80/><E80/><V28/><F28/><W49/><G49/><T106/><D63/><U47/><E47/><V127/><F112/><W50/><G50/><T4/><D4/><U17/><E17/><N who="2" m="8439" /><F114/><W96/><G96/><AGARI ba="1,1" hai="11,14,18,38,43,44,72,78,82,85,88,93,96,98" machi="96" ten="40,3900,0" yaku="1,1,54,1,53,0" doraHai="51" doraHaiUra="123" who="1" fromWho="3" sc="191,0,337,52,261,0,201,-42" /><INIT seed="1,2,0,3,0,39" ten="191,389,261,159" oya="1" hai0="119,22,127,4,66,83,91,32,104,89,18,134,115" hai1="114,11,7,49,67,51,96,76,47,69,63,113,103" hai2="86,102,87,125,24,80,16,28,1,120,81,123,13" hai3="41,116,37,73,29,107,21,65,68,6,2,64,12"/><U121/><E121/><V110/><F1/><W55/><G116/><T20/><D32/><U5/><E76/><V19/><F110/><W97/><G73/><T62/><D115/><U60/><E60/><V106/><F125/><W25/><G2/><T56/><D119/><U54/><E51/><V72/><F72/><W53/><G68/><T94/><D104/><U57/><E69/><V27/><F106/><W50/><G37/><T40/><D127/><U132/><E132/><V71/><F71/><W38/><G38/><T34/><D34/><U30/><E30/><V92/><F92/><W61/><G107/><T8/><D134/><U88/><E7/><V33/><F102/><W17/><G6/><T35/><D35/><U130/><E130/><V84/><F24/><W100/><G97/><T45/><D83/><U82/><E103/><V77/><F19/><W90/><G90/><T70/><D70/><U52/><E67/><N who="3" m="25674" /><G61/><T14/><D22/><U79/><E96/><V78/><REACH who="2" step="1"/><F86/><REACH who="2" ten="191,389,251,159" step="2"/><W3/><G3/><T36/><REACH who="0" step="1"/><D94/><REACH who="0" ten="181,389,251,159" step="2"/><U93/><E93/><V122/><F122/><W126/><G126/><T59/><D59/><U10/><E113/><V95/><F95/><W85/><G100/><T48/><D48/><U23/><E114/><V108/><F108/><W111/><G111/><T58/><D58/><U75/><E57/><V101/><F101/><W118/><G118/><T42/><D42/><U133/><E49/><V44/><F44/><N who="3" m="25871" /><G85/><T105/><D105/><U26/><E75/><V135/><F135/><W0/><G0/><AGARI ba="2,2" hai="0,4,8,14,18,20,36,40,45,56,62,66,89,91" machi="0" ten="30,3900,0" yaku="1,1,7,1,52,1,53,0" doraHai="39" doraHaiUra="46" who="0" fromWho="3" sc="181,65,389,0,251,0,159,-45" /><INIT seed="2,0,0,0,3,65" ten="246,389,251,114" oya="2" hai0="120,36,103,47,54,58,93,70,92,0,2,23,74" hai1="26,52,68,108,80,116,119,105,135,109,10,11,53" hai2="1,81,7,85,132,110,48,101,9,13,21,75,46" hai3="28,50,100,66,5,107,3,30,17,87,115,99,59"/><V97/><F132/><W71/><G115/><T91/><D120/><U98/><E135/><V63/><F75/><W122/><G122/><T102/><D74/><U57/><E68/><V16/><F110/><N who="1" m="42601" /><E80/><V20/><F63/><W69/><G87/><T72/><D72/><U6/><E26/><V117/><F117/><W126/><G126/><T62/><D70/><U96/><E11/><V94/><F7/><W24/><G30/><T51/><D36/><U55/><E57/><V114/><F1/><W12/><G5/><T78/><D78/><U104/><E98/><V118/><F118/><N who="1" m="45097" /><E96/><V88/><REACH who="2" step="1"/><F114/><REACH who="2" ten="246,389,241,114" step="2"/><W67/><G3/><AGARI ba="0,1" hai="3,6,10,52,53,55,104,105" m="45097,42601" machi="3" ten="40,2600,0" yaku="14,1,54,1" doraHai="65" who="1" fromWho="3" sc="246,0,389,36,241,0,114,-26" /><INIT seed="3,0,0,3,4,40" ten="246,425,241,88" oya="3" hai0="8,13,134,69,113,91,70,115,131,129,31,106,50" hai1="64,53,2,11,56,4,46,126,32,71,27,114,122" hai2="12,101,130,17,45,61,127,29,63,90,116,59,80" hai3="74,83,22,39,19,65,87,128,26,43,58,121,57"/><W44/><G121/><T119/><D106/><U111/><E111/><V62/><F116/><W88/><G128/><N who="0" m="49227" /><D119/><U77/><E77/><V67/><F130/><W110/><G110/><T14/><D31/><U10/><E126/><V0/><F0/><W54/><G65/><T6/><D134/><U25/><E114/><N who="0" m="43529" /><D91/><U107/><E107/><V36/><F101/><W30/><G74/><T109/><D109/><U81/><E64/><V132/><F127/><W35/><REACH who="3" step="1"/><G54/><REACH who="3" ten="246,425,241,78" step="2"/><T73/><D73/><U108/><E53/><V125/><F125/><W135/><G135/><T120/><D120/><U52/><E122/><V15/><F132/><W16/><G16/><N who="0" m="8231" /><D50/><U93/><E108/><V102/><F17/><W104/><G104/><T75/><D75/><U55/><E71/><V118/><F118/><W60/><G60/><T3/><D3/><U47/><E2/><V117/><F117/><W18/><G18/><T24/><D24/><AGARI ba="0,1" hai="19,22,24,26,30,35,39,43,44,57,58,83,87,88" machi="24" ten="30,12000,1" yaku="1,1,7,1,52,1,54,1,53,1" doraHai="40" doraHaiUra="38" who="3" fromWho="0" sc="246,-120,425,0,241,0,78,130" /><INIT seed="3,1,0,5,0,133" ten="126,425,241,208" oya="3" hai0="75,21,126,115,93,135,28,72,45,103,124,14,107" hai1="40,117,108,71,38,83,120,15,113,3,7,19,36" hai2="134,33,127,8,42,64,47,55,121,62,99,9,41" hai3="89,68,11,50,88,66,63,79,106,95,17,23,97"/><W129/><G129/><T52/><D107/><U81/><E71/><V24/><F134/><W125/><G125/><N who="0" m="48235" /><D135/><U48/><E113/><V98/><F55/><W60/><G106/><T35/><D115/><U34/><E48/><V57/><F42/><W70/><G79/><T1/><D1/><U109/><E34/><V130/><F130/><W22/><G50/><N who="0" m="28751" /><D35/><U30/><E3/><V131/><F121/><W65/><G89/><T26/><D14/><AGARI ba="1,0" hai="11,14,17,22,23,60,63,65,66,68,70,88,95,97" machi="14" ten="40,3900,0" yaku="9,1,54,1" doraHai="133" who="3" fromWho="0" sc="126,-42,425,0,241,0,208,42" /><INIT seed="3,2,0,1,1,90" ten="84,425,241,250" oya="3" hai0="99,69,18,24,4,73,14,112,101,91,125,55,30" hai1="29,66,100,49,8,98,54,93,80,37,11,44,119" hai2="127,95,111,74,71,64,40,135,126,48,117,60,102" hai3="120,50,118,67,1,2,76,16,88,87,108,82,13"/><W85/><G120/><T41/><D73/><U12/><E119/><V122/><F74/><W58/><G118/><T77/><D77/><U25/><E37/><V46/><F117/><W33/><G33/><T94/><D69/><U26/><E66/><V121/><F102/><W72/><G72/><T17/><D125/><N who="2" m="47626" /><F95/><W107/><G107/><T43/><D4/><U27/><E80/><V132/><F111/><W28/><G28/><T110/><D110/><U47/><E47/><V96/><F96/><W75/><G75/><T39/><D112/><U0/><E0/><V5/><F5/><W23/><G108/><T79/><D79/><U106/><E106/><V35/><F35/><W81/><G50/><T123/><D123/><AGARI ba="2,0" hai="40,46,48,60,64,71,121,122,123,132,135" m="47626" machi="123" ten="30,7700,0" yaku="13,1,18,1,34,2" doraHai="90" who="2" fromWho="0" sc="84,-83,425,0,241,83,250,0" /><INIT seed="4,0,0,2,0,49" ten="1,425,324,250" oya="0" hai0="129,98,52,9,5,15,95,35,74,33,89,131,23" hai1="18,88,47,6,133,80,40,99,78,19,126,66,2" hai2="3,34,67,96,97,123,59,45,57,42,60,16,24" hai3="20,48,29,13,108,26,76,117,72,77,12,106,54"/><T110/><D74/><U109/><E109/><V41/><F123/><W17/><G108/><T82/><D110/><U90/><E2/><V30/><F3/><W128/><G117/><T27/><D82/><U112/><E6/><V51/><F41/><W116/><G116/><T64/><D64/><U130/><E66/><V14/><F59/><W121/><G121/><T83/><D83/><U114/><E130/><N who="0" m="49673" /><D23/><U124/><E133/><V44/><F44/><W58/><G72/><T10/><D10/><AGARI ba="0,0" hai="10,14,16,24,30,34,42,45,51,57,60,67,96,97" machi="10" ten="30,2000,0" yaku="7,1,54,1" doraHai="49" who="2" fromWho="0" sc="1,-20,425,0,324,20,250,0" owari="-19,-51.9,425,52.5,344,14.4,250,-15.0" /></mjloggm>