<mjloggm ver="2.3"><GO type="225" lobby="0"/><UN n0="%E6%97%A5%E6%9B%9C%E6%97%A5%E3%82%88%E3%82%8A%E3%81%AE%E4%BD%BF%E8%80%85" n1="%E3%81%82%E3%81%84%E3%81%82%E3%81%8A%E3%81%84" n2="%E3%83%A9%E3%82%B9%E7%8E%87%EF%BC%93%E5%89%B2" n3="%E7%B4%94%E6%BD%94%E3%83%94%E3%83%A9%E3%83%8B%E3%82%A2" dan="17,18,17,16" rate="2223.75,2259.64,2198.33,2217.09" sx="M,M,F,M"/><TAIKYOKU oya="0"/><INIT seed="0,0,0,0,0,26" ten="250,250,250,250" oya="0" hai0="5,67,90,94,122,112,44,131,75,40,4,15,127" hai1="98,65,66,23,13,84,106,48,128,81,105,123,36" hai2="70,3,125,9,129,7,91,6,12,111,102,21,78" hai3="55,134,54,22,1,82,115,52,101,38,96,76,130"/><T85/><D112/><U68/><E36/><V60/><F111/><W119/><G1/><T34/><D122/><U41/><E123/><V89/><F129/><W124/><G130/><T11/><D131/><U31/><E128/><V132/><F132/><W18/><G134/><T27/><D75/><U10/><E68/><V19/><F125/><W33/><G33/><T29/><D127/><U103/><E105/><V95/><F78/><W63/><G38/><T104/><D104/><U24/><E48/><V56/><F70/><W72/><G119/><T59/><D5/><U2/><E41/><V126/><F7/><W99/><G115/><T83/><D67/><U71/><E2/><V77/><F77/><W108/><G108/><T80/><REACH who="0" step="1"/><D59/><REACH who="0" ten="240,250,250,250" step="2"/><U73/><E73/><V69/><F126/><W93/><G124/><T86/><D86/><U35/><E71/><V58/><F58/><W37/><G37/><AGARI ba="0,1" hai="4,11,15,27,29,34,37,40,44,80,83,85,90,94" machi="37" ten="30,5800,0" yaku="1,1,7,1,52,1,53,0" doraHai="26" doraHaiUra="46" who="0" fromWho="3" sc="240,68,250,0,250,0,250,-58" /><INIT seed="0,1,0,1,1,44" ten="308,250,250,192" oya="0" hai0="37,131,4,65,79,25,75,82,45,99,2,127,103" hai1="80,8,77,114,119,125,23,100,30,6,111,85,71" hai2="16,61,96,116,123,90,66,108,20,36,106,13,47" hai3="54,84,49,132,29,73,46,121,28,134,17,50,113"/><T9/><D127/><U22/><E119/><V86/><F123/><W117/><G73/><T24/><D65/><U130/><E71/><V60/><F108/><W128/><G113/><T39/><D131/><U53/><E111/><V26/><F116/><W64/><G117/><T118/><D118/><U78/><E125/><V124/><F124/><W63/><G121/><T15/><D15/><N who="1" m="5527" /><E130/><V34/><F34/><W94/><G17/><T89/><D89/><N who="1" m="51367" /><E100/><V62/><F96/><W21/><G21/><N who="1" m="7690" /><E114/><V31/><F106/><W52/><G128/><T87/><D87/><U1/><E1/><V55/><F36/><W81/><G94/><T101/><D101/><U76/><E30/><V12/><F66/><W92/><G92/><N who="0" m="58855" /><D39/><U11/><E11/><V129/><F129/><W43/><G28/><T112/><D112/><U14/><E14/><V120/><F120/><W33/><G29/><T35/><D35/><U3/><E3/><V68/><F68/><N who="3" m="42015" /><G33/><T135/><D135/><N who="3" m="51753" /><G84/><T115/><D115/><U56/><E78/><V57/><F31/><W72/><G72/><T18/><D18/><U41/><E41/><AGARI ba="1,0" hai="2,4,9,24,25,37,41,45,75,79,82" m="58855" machi="41" ten="30,1500,0" yaku="25,1" doraHai="44" who="0" fromWho="1" sc="308,18,250,-18,250,0,192,0" /><INIT seed="0,2,0,4,3,95" ten="326,232,250,192" oya="0" hai0="116,99,105,21,44,90,73,113,39,64,15,81,22" hai1="18,65,34,7,77,54,49,96,97,114,123,56,131" hai2="16,88,5,134,74,8,9,30,45,78,23,102,13" hai3="27,52,50,6,0,129,79,119,76,117,83,4,112"/><T109/><D113/><U92/><E123/><V110/><F110/><W11/><G112/><T124/><D116/><U51/><E114/><V69/><F69/><W70/><G129/><T59/><D109/><U106/><E34/><V57/><F134/><W35/><G70/><T135/><D135/><U14/><E131/><V31/><F102/><W20/><G35/><T42/><D124/><U38/><E38/><V125/><F125/><W28/><G4/><T126/><D126/><U67/><E7/><V29/><F78/><W132/><G79/><T87/><D73/><U104/><E77/><V25/><F74/><W100/><G100/><T36/><D36/><U122/><E122/><V128/><F128/><W72/><REACH who="3" step="1"/><G132/><REACH who="3" ten="326,232,250,182" step="2"/><T10/><D90/><U2/><E2/><V3/><F88/><W93/><G93/><T133/><D133/><U130/><E130/><V71/><F71/><W55/><G55/><T17/><D105/><U48/><E106/><V12/><F57/><AGARI ba="2,1" hai="0,6,11,20,27,28,50,52,57,72,76,83,117,119" machi="57" ten="30,3900,0" yaku="1,1,7,1,54,1,53,0" doraHai="95" doraHaiUra="62" who="3" fromWho="2" sc="326,0,232,0,250,-45,182,55" /><INIT seed="1,0,0,1,4,114" ten="326,232,205,237" oya="1" hai0="106,125,53,79,22,15,52,19,91,103,18,90,84" hai1="132,29,20,63,5,69,97,10,46,85,27,135,83" hai2="81,101,60,49,71,86,34,99,58,17,31,0,116" hai3="9,82,130,68,77,54,70,122,120,25,44,51,112"/><U128/><E128/><V48/><F71/><W32/><G112/><T102/><D125/><U11/><E97/><V35/><F0/><W59/><G130/><T61/><D106/><U127/><E127/><V2/><F2/><W80/><G80/><N who="0" m="47135" /><D19/><U119/><E119/><V56/><F56/><W129/><G129/><T23/><D23/><U13/><E11/><V117/><F17/><W8/><G9/><T78/><D78/><U16/><E46/><V62/><F62/><W43/><G8/><T118/><D118/><U88/><REACH who="1" step="1"/><E5/><REACH who="1" ten="326,222,205,237" step="2"/><V3/><F117/><W131/><G131/><T93/><D91/><U37/><E37/><V36/><F116/><W45/><G44/><T110/><D110/><U74/><E74/><V109/><F36/><W66/><G120/><T124/><D124/><U47/><E47/><V108/><F109/><W76/><G122/><T4/><D4/><U30/><E30/><V1/><F31/><W38/><G76/><T94/><D90/><U123/><E123/><V42/><F108/><W105/><G105/><T40/><D103/><U107/><E107/><V113/><F99/><W65/><G77/><T126/><D102/><U57/><E57/><V6/><F101/><W96/><G96/><T87/><D126/><U133/><E133/><V67/><F6/><W50/><G38/><T89/><D89/><U111/><E111/><V115/><F115/><W95/><G70/><T98/><D98/><U104/><E104/><V33/><F113/><W24/><G68/><T14/><D87/><U7/><E7/><V92/><F58/><W100/><G59/><RYUUKYOKU ba="0,1" sc="326,-10,222,30,205,-10,237,-10" hai1="10,13,16,20,27,29,63,69,83,85,88,132,135" /><INIT seed="1,1,1,2,1,68" ten="316,252,195,227" oya="1" hai0="132,81,78,49,39,95,104,10,37,135,42,11,121" hai1="14,1,23,17,120,93,7,35,47,16,129,110,12" hai2="72,108,44,50,76,5,15,71,48,92,22,83,127" hai3="31,128,118,51,34,52,56,30,105,20,25,13,2"/><U101/><E120/><V85/><F108/><W119/><G105/><T24/><D104/><U21/><E35/><V36/><F127/><W89/><G128/><T103/><D24/><U70/><E70/><V29/><F71/><W55/><G2/><T94/><D49/><U113/><E113/><V33/><F33/><W99/><G55/><T53/><D53/><U38/><E129/><V0/><F29/><W41/><G41/><T65/><D65/><U134/><E134/><N who="0" m="51241" /><D121/><U130/><E130/><V100/><F22/><W106/><G31/><T8/><D42/><U126/><E126/><V75/><F15/><W59/><G59/><T32/><D32/><U40/><E110/><V96/><F75/><W9/><G34/><T124/><D124/><U60/><E60/><V84/><F50/><W46/><G56/><T133/><D133/><U63/><E63/><V57/><F57/><W45/><G45/><T77/><D77/><U112/><E112/><V43/><REACH who="2" step="1"/><F48/><REACH who="2" ten="316,252,185,227" step="2"/><W79/><G13/><T114/><D114/><U19/><E19/><V122/><F122/><W116/><G9/><AGARI ba="1,2" hai="0,5,9,36,43,44,72,76,83,84,85,92,96,100" machi="9" ten="40,12000,2" yaku="1,1,25,2,52,1,53,2" doraHai="68" doraHaiUra="80" who="2" fromWho="3" sc="316,0,252,0,185,143,227,-123" /><INIT seed="2,0,0,1,2,103" ten="316,252,328,104" oya="2" hai0="42,29,24,8,60,34,2,83,47,98,107,127,39" hai1="35,44,38,130,28,89,14,90,135,10,37,101,99" hai2="22,118,51,113,1,76,41,96,100,32,52,27,74" hai3="11,108,21,12,124,92,123,110,95,91,115,69,64"/><V54/><F113/><W84/><G115/><T46/><D46/><U102/><E135/><V106/><F118/><W58/><G123/><T94/><D127/><U30/><E130/><V93/><F1/><W80/><G69/><T121/><D121/><U125/><E125/><V7/><F7/><W48/><G124/><T132/><D132/><U75/><E75/><V65/><F32/><W20/><G110/><T57/><D83/><U109/><E109/><V15/><F15/><W70/><G70/><T18/><D107/><U72/><E72/><V105/><F65/><W104/><G104/><T111/><D111/><U4/><E102/><V9/><F9/><W88/><G108/><T77/><D77/><U120/><E120/><V62/><F54/><W133/><G133/><T114/><D2/><U53/><E38/><V45/><F62/><W31/><G31/><T67/><D114/><U126/><E126/><V50/><F76/><W119/><G119/><T19/><D8/><U36/><E36/><V13/><F13/><W68/><G68/><T26/><D26/><U79/><E79/><V3/><F3/><W55/><G64/><T81/><D81/><U86/><E35/><V131/><F131/><W43/><G43/><T66/><D66/><U63/><E37/><V59/><F74/><W6/><REACH who="3" step="1"/><G80/><REACH who="3" ten="316,252,328,94" step="2"/><T16/><D29/><AGARI ba="0,1" hai="22,27,29,41,45,50,51,52,59,93,96,100,105,106" machi="29" ten="30,11600,0" yaku="7,1,52,2,54,1" doraHai="103" who="2" fromWho="0" sc="316,-116,252,0,328,126,94,0" /><INIT seed="2,1,0,1,3,96" ten="200,252,454,94" oya="2" hai0="67,84,89,15,91,97,121,111,99,104,57,129,70" hai1="41,115,131,6,19,33,71,49,56,72,118,83,120" hai2="28,18,54,34,75,53,110,101,68,128,63,119,50" hai3="3,59,76,127,52,130,44,103,92,82,80,47,17"/><V88/><F119/><W37/><G130/><T94/><D70/><U102/><E71/><V62/><F75/><W16/><G127/><T42/><D121/><U11/><E33/><V43/><F34/><W2/><G37/><T38/><D129/><U27/><E41/><V65/><F28/><W0/><G92/><T100/><D111/><U134/><E49/><V58/><F18/><W74/><G82/><T10/><D38/><U116/><E56/><V12/><F12/><W87/><G74/><T85/><D42/><U86/><E72/><V7/><F7/><W105/><G44/><T30/><D30/><U21/><E115/><V90/><F43/><W133/><G47/><T4/><REACH who="0" step="1"/><D91/><REACH who="0" ten="190,252,454,94" step="2"/><N who="1" m="51679" /><E131/><V125/><F110/><W5/><G133/><T60/><AGARI ba="1,1" hai="4,10,15,57,60,67,84,85,89,94,97,99,100,104" machi="60" ten="30,4000,0" yaku="1,1,0,1,52,1,53,0" doraHai="96" doraHaiUra="123" who="0" fromWho="0" sc="190,53,252,-11,454,-21,94,-11" /><INIT seed="3,0,0,5,2,44" ten="243,241,433,83" oya="3" hai0="60,97,35,116,114,109,29,80,25,108,84,82,86" hai1="69,135,121,61,125,47,124,68,43,133,64,130,71" hai2="126,72,111,74,37,28,21,81,40,93,51,134,107" hai3="106,8,85,70,123,88,55,94,49,115,59,103,112"/><W41/><G70/><N who="1" m="27242" /><E121/><V16/><F111/><N who="0" m="42570" /><D116/><U6/><E6/><V100/><F134/><N who="1" m="51209" /><E130/><V113/><F126/><W11/><G123/><T36/><D114/><U48/><AGARI ba="0,0" hai="43,47,48,61,64,71,124,125" m="51209,27242" machi="48" ten="40,8000,1" yaku="20,1,34,2,52,1" doraHai="44" who="1" fromWho="1" sc="243,-20,241,80,433,-20,83,-40" owari="223,-17.7,321,12.1,413,51.3,43,-45.7" /></mjloggm>