<mjloggm ver="2.3"><GO type="169" lobby="0"/><UN n0="%E3%81%A6%E3%82%93%E3%81%8F%E3%81%86" n1="%E9%81%85%E5%88%BB%E3%81%AE%E3%83%97%E3%83%AA%E3%83%B3%E3%82%B9%E2%99%AA" n2="%E3%83%9D%E3%83%B3%E3%81%98%E3%81%84%E3%81%95%E3%82%93" n3="%E3%81%93%E3%81%94%E3%81%A6%E3%81%83%E3%83%BC" dan="16,16,16,16" rate="2163.14,2170.01,2104.75,2039.76" sx="M,F,F,M"/><TAIKYOKU oya="0"/><INIT seed="0,0,0,1,4,12" ten="250,250,250,250" oya="0" hai0="13,11,76,63,126,57,75,65,34,35,40,30,102" hai1="64,119,116,61,46,17,3,55,104,118,43,37,39" hai2="7,108,53,58,22,38,110,44,42,107,51,83,113" hai3="59,112,78,134,21,62,99,122,70,101,18,26,66"/><T121/><D126/><U60/><E3/><V96/><F113/><W24/><G112/><T5/><D121/><U133/><E104/><V0/><F107/><W19/><G122/><T87/><D75/><U125/><E125/><V41/><F96/><W81/><G134/><T124/><D124/><U91/><E133/><V105/><F105/><W129/><G129/><T120/><D102/><U50/><E91/><V6/><F83/><W2/><G2/><T128/><D128/><U8/><E8/><V109/><F0/><W52/><G99/><T82/><D120/><U49/><E17/><V56/><F22/><W27/><G101/><T103/><D103/><U68/><REACH who="1" step="1"/><E61/><REACH who="1" ten="250,240,250,250" step="2"/><V77/><F77/><W89/><G89/><T92/><D30/><U86/><E86/><V98/><F98/><W100/><G100/><T79/><D79/><U130/><E130/><V32/><F6/><W9/><G9/><T132/><D132/><U74/><E74/><V97/><F7/><W80/><G80/><T85/><D85/><U23/><E23/><V25/><F97/><W123/><G123/><T45/><REACH who="0" step="1"/><D92/><REACH who="0" ten="240,240,250,250" step="2"/><U36/><E36/><AGARI ba="0,2" hai="5,11,13,34,35,36,40,45,57,63,65,76,82,87" machi="36" ten="30,5800,0" yaku="1,1,2,1,7,1,53,0" doraHai="12" doraHaiUra="131" who="0" fromWho="1" sc="240,78,240,-58,250,0,250,0" /><INIT seed="0,1,0,4,5,132" ten="318,182,250,250" oya="0" hai0="35,21,112,67,54,19,10,128,100,109,62,125,51" hai1="74,39,129,27,97,120,49,23,37,44,79,110,76" hai2="131,126,127,36,16,134,66,82,2,6,55,47,102" hai3="94,84,103,50,105,53,57,122,9,115,24,98,42"/><T123/><D112/><U87/><E120/><V29/><F134/><W13/><G115/><T88/><D123/><U117/><E117/><V45/><F131/><W68/><G68/><T118/><D118/><U34/><E34/><V31/><F102/><W58/><G122/><T3/><D35/><U22/><E129/><V96/><F96/><W133/><G133/><T111/><D128/><U14/><E74/><V40/><F66/><W101/><G42/><T90/><D100/><U33/><E110/><N who="0" m="41993" /><D10/><U41/><E97/><V56/><F47/><W46/><G24/><N who="0" m="14399" /><D125/><N who="2" m="47626" /><F82/><W71/><G71/><N who="0" m="42487" /><D3/><U18/><E33/><V25/><F6/><W81/><G103/><T52/><D54/><U114/><E114/><V0/><F16/><N who="3" m="8239" /><G105/><T30/><D30/><N who="2" m="11274" /><F25/><W26/><G26/><T70/><D70/><U64/><E64/><V83/><F83/><W5/><G5/><T93/><D93/><U78/><E37/><V61/><AGARI ba="1,0" hai="0,2,36,40,45,55,56,61" m="11274,47626" machi="61" ten="30,7900,0" yaku="18,1,52,3" doraHai="132" who="2" fromWho="2" sc="318,-40,182,-21,250,82,250,-21" /><INIT seed="1,0,0,3,5,60" ten="278,161,332,229" oya="1" hai0="52,57,68,2,54,13,119,38,111,26,44,92,82" hai1="75,96,112,74,121,120,114,113,5,104,115,110,80" hai2="64,1,27,99,19,70,18,39,21,102,79,40,135" hai3="89,41,105,50,62,90,61,10,65,9,8,71,0"/><U117/><N who="1" m="28672" /><DORA hai="81" /><U24/><E24/><V69/><F1/><W101/><G0/><T55/><D2/><U42/><E42/><V66/><F79/><W46/><REACH who="3" step="1"/><G62/><REACH who="3" ten="278,161,332,219" step="2"/><T107/><D119/><U28/><E5/><V91/><F135/><W93/><G93/><T84/><D92/><U49/><E28/><V25/><F70/><W72/><G72/><N who="1" m="27690" /><E49/><V98/><F39/><W29/><G29/><T3/><D38/><U17/><E17/><V103/><F69/><W76/><G76/><T86/><D68/><U14/><E117/><V129/><F18/><W77/><G77/><T59/><D3/><U67/><E67/><V73/><F19/><W30/><G30/><T78/><D78/><U87/><E14/><V22/><F73/><W97/><AGARI ba="0,1" hai="8,9,10,41,46,50,61,65,71,89,90,97,101,105" machi="97" ten="30,4000,0" yaku="1,1,0,1,52,1,53,0" doraHai="60,81" doraHaiUra="32,15" who="3" fromWho="3" sc="278,-10,161,-20,332,-10,219,50" /><INIT seed="2,0,0,0,3,4" ten="268,141,322,269" oya="2" hai0="78,9,88,72,109,84,130,39,92,32,28,67,87" hai1="73,101,135,105,117,56,89,133,6,11,20,79,22" hai2="18,25,26,13,66,104,51,99,96,83,37,118,35" hai3="30,45,119,132,122,33,81,125,52,85,50,34,95"/><V80/><F37/><W62/><G122/><T98/><D39/><U16/><E117/><V113/><F113/><W126/><G119/><T2/><D67/><U90/><E79/><V27/><F35/><W55/><G132/><N who="1" m="50762" /><E73/><V21/><F118/><W110/><G95/><T31/><D109/><U42/><E42/><V74/><F66/><W108/><G62/><T82/><D130/><U24/><E56/><V63/><F63/><W64/><G55/><T8/><D2/><N who="1" m="471" /><E22/><V47/><F74/><W106/><G64/><T0/><D0/><U19/><E19/><V53/><REACH who="2" step="1"/><F104/><REACH who="2" ten="268,141,312,269" step="2"/><W1/><G106/><T40/><D72/><U65/><E65/><V36/><F36/><W57/><G34/><T77/><D32/><U58/><E58/><V12/><F12/><W17/><G57/><T115/><D115/><U120/><E120/><V131/><F131/><W70/><G1/><T121/><D121/><U102/><E105/><V29/><F29/><N who="0" m="11338" /><D40/><U100/><AGARI ba="0,1" hai="16,20,24,89,90,100,101,102" m="471,50762" machi="100" ten="30,4000,0" yaku="20,1,52,1,54,1" doraHai="4" who="1" fromWho="1" sc="268,-10,141,50,312,-20,269,-10" /><INIT seed="3,0,0,2,2,9" ten="258,191,292,259" oya="3" hai0="43,88,118,23,47,109,133,20,124,93,12,68,39" hai1="4,64,41,70,110,106,105,1,84,121,99,61,87" hai2="37,63,31,102,2,35,103,6,107,60,5,128,66" hai3="54,116,49,94,34,52,97,127,48,56,59,62,111"/><W16/><G116/><T15/><D118/><U55/><E121/><V75/><F75/><W53/><G127/><T122/><D122/><U108/><E41/><V0/><F37/><W18/><G34/><T95/><D68/><U13/><E1/><V67/><F107/><N who="1" m="40969" /><E99/><V78/><F78/><W71/><G111/><N who="1" m="42538" /><E55/><V76/><F76/><W96/><G96/><T79/><D79/><U25/><E25/><V80/><F80/><W129/><G129/><T30/><D109/><U113/><E113/><V115/><F115/><W92/><G92/><T125/><D133/><U10/><AGARI ba="0,0" hai="4,10,13,61,64,70,84,87" m="42538,40969" machi="10" ten="40,2700,0" yaku="14,1,52,1" doraHai="9" who="1" fromWho="1" sc="258,-7,191,27,292,-7,259,-13" /><INIT seed="4,0,0,5,0,1" ten="251,218,285,246" oya="0" hai0="37,79,64,39,84,36,21,12,28,134,5,73,26" hai1="59,127,45,101,74,52,88,43,125,122,25,0,13" hai2="22,50,16,98,41,97,60,80,72,104,110,116,87" hai3="86,7,20,55,96,58,15,51,10,120,118,76,9"/><T107/><D134/><U133/><E122/><V78/><F110/><W112/><G118/><T91/><D107/><U130/><E0/><V18/><F116/><W61/><G120/><T49/><D64/><U66/><E74/><V103/><F98/><W69/><G112/><T111/><D111/><U53/><E133/><V106/><F106/><W46/><G96/><T33/><D79/><U35/><E101/><V100/><F100/><W123/><G123/><T29/><D73/><U3/><E3/><V56/><F72/><W108/><G108/><T135/><D135/><U81/><E130/><V94/><F104/><W68/><G20/><T4/><D49/><U17/><E66/><V128/><F128/><W77/><G10/><T117/><D117/><U40/><E25/><V85/><F85/><W93/><G93/><T27/><REACH who="0" step="1"/><D12/><REACH who="0" ten="241,218,285,246" step="2"/><U24/><E127/><V102/><F50/><W89/><G69/><T71/><D71/><U126/><E126/><V90/><F78/><W14/><G14/><T131/><D131/><U113/><E125/><V82/><F60/><W83/><REACH who="3" step="1"/><G68/><REACH who="3" ten="241,218,285,236" step="2"/><T119/><D119/><U19/><E13/><V115/><F115/><W62/><G62/><T65/><D65/><AGARI ba="0,2" hai="7,9,15,46,51,55,58,61,65,76,77,83,86,89" machi="65" ten="30,7700,0" yaku="1,1,7,1,8,1,52,1,53,0" doraHai="1" doraHaiUra="105" who="3" fromWho="0" sc="241,-77,218,0,285,0,236,97" /><INIT seed="5,0,0,0,5,53" ten="164,218,285,333" oya="1" hai0="26,79,20,73,39,82,15,57,103,126,70,110,31" hai1="38,35,94,111,72,112,95,2,30,90,134,96,78" hai2="27,10,108,77,7,60,131,91,105,43,89,101,34" hai3="45,98,40,86,59,104,123,41,75,24,14,109,102"/><U92/><E38/><V4/><F108/><W88/><G109/><T47/><D126/><U121/><E111/><V117/><F117/><W50/><G75/><T19/><D110/><U120/><E2/><V61/><F4/><W22/><G14/><T107/><D70/><U8/><E8/><V80/><F131/><W49/><G123/><N who="1" m="47178" /><E30/><V129/><F129/><W16/><G59/><T37/><D47/><U55/><E55/><V13/><F101/><W18/><G18/><T106/><D106/><U119/><E35/><V93/><F105/><W21/><G21/><T76/><D76/><U116/><E112/><V29/><F43/><W32/><G32/><T1/><D1/><U68/><E68/><V81/><F81/><W118/><G118/><N who="1" m="45098" /><E134/><V12/><F12/><W62/><G62/><T135/><D135/><U56/><E56/><V63/><REACH who="2" step="1"/><F93/><REACH who="2" ten="164,218,275,333" step="2"/><W115/><G115/><T11/><D107/><U125/><E125/><V51/><F51/><W25/><G25/><T71/><D71/><U46/><E46/><V100/><F100/><W114/><G114/><T133/><D103/><U127/><E127/><V54/><F54/><W132/><G132/><T69/><D69/><U36/><E36/><V66/><F66/><W87/><G41/><T113/><D133/><U65/><E65/><V74/><AGARI ba="0,1" hai="7,10,13,27,29,34,60,61,63,74,77,80,89,91" machi="74" ten="30,2000,0" yaku="1,1,0,1,53,0" doraHai="53" doraHaiUra="130" who="2" fromWho="2" sc="164,-5,218,-10,275,30,333,-5" /><INIT seed="6,0,0,5,5,23" ten="159,208,305,328" oya="2" hai0="110,83,103,88,132,68,100,24,60,80,119,78,94" hai1="19,12,107,46,73,79,44,59,63,41,77,92,95" hai2="111,48,106,55,105,66,127,10,21,54,67,8,74" hai3="56,115,134,64,121,6,135,47,25,27,20,104,30"/><V1/><F74/><W86/><G104/><T61/><D110/><U38/><E107/><V34/><F34/><N who="3" m="20815" /><G121/><T93/><D132/><N who="3" m="50729" /><G6/><T7/><D119/><U120/><E120/><V49/><F127/><W62/><G115/><T118/><D118/><U31/><E46/><V126/><F126/><W33/><G33/><T117/><D117/><U102/><E31/><V50/><F111/><W133/><N who="3" m="50737" /><W70/><DORA hai="39" /><G86/><T99/><D7/><U26/><E26/><V128/><F128/><W82/><G82/><T112/><D112/><U123/><E123/><V9/><F21/><W17/><G47/><T75/><D83/><U109/><E109/><V14/><F14/><W87/><G87/><T89/><D24/><U116/><E116/><V37/><F106/><W58/><AGARI ba="0,0" hai="17,20,27,56,58,62,64,70" m="50737,20815" machi="58" ten="40,5200,0" yaku="20,1,52,2" doraHai="23,39" who="3" fromWho="3" sc="159,-13,208,-13,305,-26,328,52" /><INIT seed="7,0,0,0,2,110" ten="146,195,279,380" oya="3" hai0="118,43,45,88,40,107,113,122,89,19,66,91,32" hai1="123,35,49,18,121,38,33,87,27,76,53,24,28" hai2="17,125,20,75,94,86,134,79,50,93,25,77,82" hai3="14,56,61,23,42,114,22,26,41,7,127,10,13"/><W59/><G114/><T100/><D122/><U71/><E38/><V0/><F0/><W135/><G135/><T4/><D118/><U29/><E71/><V48/><F125/><W78/><G78/><T92/><D32/><U37/><E37/><V112/><F112/><W105/><G105/><T63/><D113/><U2/><E2/><V119/><F119/><W11/><G127/><T9/><D19/><U124/><E124/><V102/><F134/><W31/><G23/><T15/><D107/><U36/><E36/><V67/><F67/><N who="3" m="39335" /><G59/><T6/><D6/><AGARI ba="0,0" hai="6,7,10,11,13,14,22,26,31,41,42" m="39335" machi="6" ten="30,1500,0" yaku="8,1" doraHai="110" who="3" fromWho="0" sc="146,-15,195,0,279,0,380,15" owari="131,-36.9,195,-20.5,279,7.9,395,49.5" /></mjloggm>