<mjloggm ver="2.3"><GO type="169" lobby="0"/><UN n0="%E4%BB%8A%E6%97%A5%E4%B8%80" n1="%E6%B7%B3%E5%AD%90%E3%81%A7%E3%81%99" n2="%73%61%6E%64%69%72%69%73" n3="%70%6F%6E%2D%65%6E" dan="17,17,17,16" rate="2210.07,2178.44,2228.57,2109.66" sx="F,M,M,F"/><TAIKYOKU oya="0"/><INIT seed="0,0,0,4,2,9" ten="250,250,250,250" oya="0" hai0="96,1,108,35,45,50,98,135,47,86,63,102,43" hai1="57,30,21,72,99,101,104,91,122,90,103,62,94" hai2="95,130,60,34,81,26,70,51,83,113,55,117,39" hai3="74,84,124,134,46,133,115,65,125,61,105,20,80"/><T68/><D135/><N who="3" m="51721" /><G105/><T42/><D35/><U36/><E122/><V69/><F113/><W53/><G74/><T38/><D1/><U107/><E36/><V49/><F95/><W40/><G20/><T88/><D108/><U64/><E72/><V5/><F5/><W8/><G8/><T89/><D86/><U73/><E73/><V27/><F55/><W67/><G84/><T71/><D98/><N who="1" m="59607" /><E104/><V119/><F60/><W93/><G93/><T110/><D110/><U75/><E75/><V77/><F39/><N who="3" m="21791" /><G80/><T128/><D128/><U100/><E103/><V22/><F22/><W112/><G53/><T129/><D129/><U48/><E48/><V121/><F77/><W59/><G67/><T0/><D0/><U52/><E52/><V4/><F4/><W2/><G2/><T3/><D3/><U56/><E91/><V13/><F121/><W114/><AGARI ba="0,0" hai="59,61,65,112,114,115,124,125" m="21791,51721" machi="114" ten="40,5200,0" yaku="20,1,34,2" doraHai="9" who="3" fromWho="3" sc="250,-26,250,-13,250,-13,250,52" /><INIT seed="1,0,0,3,0,81" ten="224,237,237,302" oya="1" hai0="133,63,53,94,89,110,34,41,13,51,135,36,122" hai1="126,3,56,31,21,129,6,123,37,82,91,86,68" hai2="64,66,106,20,47,101,75,29,46,80,10,88,113" hai3="134,74,23,17,0,111,124,16,9,118,85,109,104"/><U95/><E123/><V28/><F113/><W112/><G74/><T14/><D34/><U125/><E68/><V45/><F106/><W35/><G104/><T107/><D107/><U54/><E37/><V102/><F75/><W12/><G85/><T44/><D110/><N who="3" m="41993" /><G112/><T100/><D63/><U131/><E6/><V26/><F10/><N who="3" m="6167" /><G35/><T108/><D100/><N who="2" m="38506" /><F29/><W58/><G58/><N who="0" m="33087" /><D108/><U65/><E65/><V61/><F61/><W11/><G124/><N who="1" m="47722" /><E3/><V92/><F80/><W7/><G134/><N who="0" m="51211" /><D122/><U77/><E21/><V33/><F33/><W73/><G73/><T97/><AGARI ba="0,0" hai="13,14,36,41,44,89,94,97" m="51211,33087" machi="97" ten="30,1100,0" yaku="20,1" doraHai="81" who="0" fromWho="0" sc="224,11,237,-5,237,-3,302,-3" /><INIT seed="2,0,0,5,1,3" ten="235,232,234,299" oya="2" hai0="47,38,87,56,31,59,27,43,18,37,116,84,45" hai1="36,64,107,10,92,123,73,68,46,135,52,127,99" hai2="58,15,60,67,61,105,40,91,88,81,111,79,106" hai3="12,112,131,103,8,54,130,82,122,104,85,17,96"/><V22/><F111/><W21/><G122/><T29/><D18/><U16/><E73/><V30/><F40/><W34/><G34/><T65/><D116/><U7/><E107/><V126/><F126/><W51/><G21/><T72/><D72/><U2/><E127/><V25/><F106/><W124/><G112/><T86/><D65/><U77/><E77/><V132/><F105/><W49/><G124/><T97/><D97/><U1/><E1/><V24/><F132/><W109/><G109/><T98/><D98/><U42/><E135/><V14/><F25/><W100/><G100/><T90/><D90/><N who="2" m="34346" /><F61/><W50/><REACH who="3" step="1"/><G54/><REACH who="3" ten="235,232,234,289" step="2"/><T121/><D121/><U76/><E52/><V74/><F74/><W75/><G75/><T28/><D27/><U118/><E123/><V0/><F0/><W119/><G119/><T80/><D80/><U110/><E118/><V133/><F133/><W71/><G71/><T134/><D134/><U113/><E113/><V57/><F14/><W101/><G101/><T26/><D26/><U117/><E117/><V9/><F15/><W13/><G13/><T102/><D102/><U19/><E110/><V125/><F125/><W41/><G41/><AGARI ba="0,1" hai="28,29,31,37,38,41,43,45,47,56,59,84,86,87" machi="41" ten="40,1300,0" yaku="9,1" doraHai="3" who="0" fromWho="3" sc="235,23,232,0,234,0,289,-13" /><INIT seed="3,0,0,3,3,66" ten="258,232,234,276" oya="3" hai0="55,50,93,12,79,77,67,1,128,44,76,40,27" hai1="8,132,60,94,63,82,112,47,22,57,103,73,39" hai2="106,9,56,98,31,65,107,89,7,34,61,100,118" hai3="134,81,116,4,19,15,23,131,35,49,20,13,32"/><W110/><G116/><T85/><D1/><U96/><E112/><V124/><F118/><W11/><G49/><T62/><D128/><U69/><E132/><V37/><F124/><W42/><G42/><T92/><D27/><U72/><E8/><V113/><F113/><W70/><G81/><T18/><D40/><U21/><E60/><V0/><F37/><W48/><G48/><T108/><D108/><U59/><E59/><V95/><F34/><N who="3" m="12843" /><G70/><T43/><D43/><U97/><E69/><V3/><F31/><W91/><G91/><T86/><D86/><U74/><E47/><V130/><F130/><W33/><G131/><T25/><D25/><U122/><E39/><V102/><REACH who="2" step="1"/><F0/><REACH who="2" ten="258,232,224,276" step="2"/><W84/><G33/><T17/><D17/><U123/><E123/><V135/><F135/><W75/><G19/><T114/><D114/><U58/><E122/><V105/><AGARI ba="0,1" hai="3,7,9,56,61,65,89,95,98,100,102,105,106,107" machi="105" ten="30,2000,0" yaku="1,1,0,1,53,0" doraHai="66" doraHaiUra="120" who="2" fromWho="2" sc="258,-5,232,-5,224,30,276,-10" /><INIT seed="4,0,0,4,2,125" ten="253,227,254,266" oya="0" hai0="85,88,64,48,76,118,81,89,43,10,83,86,94" hai1="72,99,65,30,5,102,126,29,34,92,7,91,77" hai2="19,46,133,23,11,119,9,0,117,8,70,98,41" hai3="12,28,124,122,14,97,128,47,55,110,27,17,51"/><T127/><D118/><N who="2" m="45066" /><F133/><W1/><G1/><T2/><D127/><U96/><E126/><V111/><F111/><W105/><G124/><T115/><D115/><U130/><E65/><V26/><F70/><W108/><G122/><T121/><D121/><U69/><E69/><V3/><F98/><W18/><G105/><T79/><D64/><U73/><E34/><V15/><F46/><W62/><G97/><T40/><D48/><U22/><E22/><N who="2" m="11647" /><F41/><W53/><G28/><AGARI ba="0,0" hai="0,3,8,9,11,23,26,28" m="11647,45066" machi="28" ten="30,3900,0" yaku="12,1,34,2" doraHai="125" who="2" fromWho="3" sc="253,0,227,0,254,39,266,-39" /><INIT seed="5,0,0,0,4,69" ten="253,227,293,227" oya="1" hai0="78,108,73,12,77,128,33,18,112,5,6,109,103" hai1="98,49,90,75,111,61,41,36,52,113,22,58,51" hai2="10,38,30,115,120,126,121,2,127,93,119,24,11" hai3="55,25,26,67,44,63,35,66,123,45,48,16,86"/><U62/><E75/><V53/><F53/><W99/><G123/><N who="2" m="47177" /><F93/><W37/><G99/><T54/><D33/><U107/><E113/><V7/><F38/><W60/><G35/><T72/><D128/><U31/><E111/><V3/><F119/><W14/><G86/><T79/><D112/><U106/><E36/><V9/><F115/><W122/><G122/><T102/><D18/><U29/><E106/><V81/><F81/><W130/><G130/><T42/><D12/><U17/><E107/><V94/><F94/><W116/><G116/><T0/><D0/><N who="2" m="42" /><F7/><N who="0" m="2570" /><D54/><U118/><E118/><V8/><N who="2" m="2048" /><DORA hai="1" /><V19/><F19/><W34/><G37/><T125/><D42/><U70/><E70/><V80/><F80/><W133/><G55/><T117/><D117/><U129/><E41/><V100/><F100/><N who="0" m="38442" /><D108/><U28/><E129/><V43/><F43/><W46/><G16/><T135/><D109/><U65/><E52/><V64/><F64/><W23/><G67/><T87/><D87/><U114/><E114/><V13/><F13/><W132/><G14/><T47/><D47/><U110/><E110/><V68/><F68/><W50/><G45/><T88/><D88/><U71/><E71/><V74/><F74/><W39/><G39/><T124/><D73/><U21/><E65/><V82/><F82/><W40/><G40/><T20/><D72/><U57/><E17/><V104/><F104/><W91/><G66/><T76/><D76/><U4/><E4/><V96/><F96/><W56/><G91/><T92/><D78/><U105/><E105/><V84/><F84/><RYUUKYOKU ba="0,0" sc="253,-10,227,-10,293,30,227,-10" hai2="24,30,126,127" /><INIT seed="6,1,0,3,2,84" ten="243,217,323,217" oya="2" hai0="59,76,52,6,42,21,131,15,110,117,68,75,101" hai1="34,126,105,129,7,50,115,92,71,106,64,49,31" hai2="90,39,127,66,27,104,108,2,132,37,133,98,100" hai3="44,93,85,55,0,130,128,35,9,78,45,67,17"/><V70/><F2/><W112/><G35/><T69/><D110/><U5/><E64/><V22/><F108/><W60/><G112/><T12/><D131/><N who="3" m="50217" /><G55/><T16/><D117/><U51/><E71/><V94/><F127/><W13/><G0/><T25/><D101/><U121/><E31/><V86/><F66/><W125/><G125/><T113/><D113/><U91/><E34/><V114/><F70/><N who="3" m="42343" /><G78/><T24/><D42/><U54/><E115/><V38/><REACH who="2" step="1"/><F114/><REACH who="2" ten="243,217,313,217" step="2"/><W28/><G28/><AGARI ba="1,1" hai="22,27,28,37,38,39,86,90,94,98,100,104,132,133" machi="28" ten="40,12000,1" yaku="1,1,2,1,52,1,53,1" doraHai="84" doraHaiUra="87" who="2" fromWho="3" sc="243,0,217,0,313,133,217,-123" /><INIT seed="6,2,0,1,0,43" ten="243,217,446,94" oya="2" hai0="83,35,101,91,2,113,107,98,51,80,70,66,94" hai1="125,57,82,27,22,73,124,9,53,74,41,18,36" hai2="39,111,79,14,12,119,16,37,130,135,69,40,61" hai3="120,34,19,28,44,106,4,67,46,105,97,121,63"/><V112/><F119/><W133/><G4/><T47/><D35/><U56/><E56/><V31/><F112/><W26/><G19/><T126/><D113/><U92/><E9/><V62/><F79/><W55/><G133/><T77/><D2/><U42/><E42/><V33/><F40/><W115/><G115/><T122/><D122/><N who="3" m="47209" /><G106/><T108/><D108/><U89/><E82/><V114/><F31/><W6/><G55/><T129/><D129/><U96/><E41/><V127/><F69/><N who="3" m="42239" /><G6/><T102/><D66/><U32/><E36/><V10/><F33/><W1/><G1/><T13/><D13/><U65/><E65/><V71/><F71/><W93/><G93/><T48/><D70/><U24/><E24/><V20/><F114/><W50/><G50/><T45/><D94/><U131/><E131/><V3/><F3/><W110/><G110/><T76/><D91/><U81/><E32/><V88/><F135/><W5/><G5/><T49/><D49/><U72/><REACH who="1" step="1"/><E81/><REACH who="1" ten="243,207,446,94" step="2"/><V38/><F130/><W30/><G30/><T132/><D132/><U117/><E117/><V103/><F39/><W134/><G134/><T58/><D58/><U90/><E90/><V0/><F88/><W23/><G23/><T78/><D78/><U116/><E116/><V100/><F20/><W11/><G11/><T15/><D77/><U29/><E29/><V109/><F10/><W64/><G64/><T21/><D76/><U84/><E84/><V128/><F128/><W8/><G8/><T85/><D83/><U7/><E7/><V86/><F111/><W54/><G54/><RYUUKYOKU ba="2,1" sc="243,-15,207,15,446,-15,94,15" hai1="18,22,27,53,57,72,73,74,89,92,96,124,125" hai3="26,28,34,44,46,97,105" /><INIT seed="7,3,1,2,0,27" ten="228,222,431,109" oya="3" hai0="49,104,89,66,109,91,99,134,57,124,64,61,58" hai1="18,34,31,129,110,113,63,128,56,39,92,75,14" hai2="112,95,25,114,119,19,16,118,0,23,106,69,20" hai3="98,59,33,87,78,105,100,126,85,40,62,24,103"/><W83/><G126/><T133/><D109/><U111/><E75/><V132/><F106/><W12/><G103/><N who="0" m="62591" /><D124/><U36/><E113/><N who="2" m="43627" /><F132/><N who="0" m="50794" /><D49/><U121/><E92/><V44/><F69/><W74/><G40/><T15/><D15/><U101/><E101/><V130/><F130/><N who="1" m="50281" /><E121/><V135/><F135/><W37/><G37/><N who="1" m="14410" /><E31/><V29/><F0/><W88/><G12/><T26/><D26/><U47/><E47/><V17/><F44/><W97/><G97/><T68/><D68/><U120/><E34/><N who="2" m="20783" /><F95/><W42/><G42/><T9/><D9/><N who="1" m="6479" /><E120/><V65/><F65/><AGARI ba="3,1" hai="56,63,65,110,111" m="6479,14410,50281" machi="65" ten="30,1000,0" yaku="19,1" doraHai="27" who="1" fromWho="2" sc="228,0,222,29,431,-19,109,0" owari="228,-17.2,251,5.1,412,51.2,109,-39.1" /></mjloggm>