<mjloggm ver="2.3"><GO type="169" lobby="0"/><UN n0="%E6%99%82%E8%A8%88%E5%9D%82%E9%9B%B6" n1="%52%65%61%6C%58" n2="%E8%B5%A4%E6%9C%A8%E3%81%97%E3%81%92%E3%82%8B" n3="%E6%B2%B3%E7%AB%A5%E3%81%AE%E3%83%AF%E3%82%AB%E3%83%9E%E3%83%84" dan="16,16,16,17" rate="2142.65,2183.67,2071.71,2209.06" sx="M,F,M,M"/><TAIKYOKU oya="0"/><INIT seed="0,0,0,5,3,92" ten="250,250,250,250" oya="0" hai0="64,86,3,110,115,41,63,96,8,7,50,102,59" hai1="55,54,1,80,46,117,90,93,47,52,89,75,74" hai2="40,2,112,113,101,44,83,32,62,94,39,5,60" hai3="57,14,120,9,51,111,43,124,71,107,21,58,129"/><T119/><D119/><U114/><E117/><V22/><F32/><W67/><G107/><T61/><D115/><U15/><E1/><V20/><F20/><W31/><G111/><T26/><D110/><U53/><E114/><V66/><F62/><W106/><G106/><T38/><D38/><U104/><E104/><V17/><F83/><W100/><G100/><T42/><D50/><U0/><E0/><V13/><F5/><W135/><G129/><T29/><D86/><U116/><E116/><V91/><F101/><W25/><G135/><T37/><D37/><U121/><E121/><V16/><F17/><W23/><G124/><T77/><D77/><U18/><E75/><V87/><REACH who="2" step="1"/><F2/><REACH who="2" ten="250,250,240,250" step="2"/><W78/><G23/><N who="0" m="15583" /><D61/><U24/><E80/><V108/><F108/><W56/><G21/><T70/><D70/><AGARI ba="0,1" hai="13,16,22,39,40,44,60,66,70,87,91,94,112,113" machi="70" ten="30,3900,0" yaku="1,1,7,1,54,1,53,0" doraHai="92" doraHaiUra="28" who="2" fromWho="0" sc="250,-39,250,0,240,49,250,0" /><INIT seed="1,0,0,4,4,127" ten="211,250,289,250" oya="1" hai0="78,80,39,105,22,56,81,14,67,85,73,103,27" hai1="24,28,91,11,104,9,98,51,113,63,53,35,77" hai2="117,30,66,16,87,15,12,21,125,29,10,133,86" hai3="89,20,120,74,49,83,129,64,58,48,115,47,130"/><U132/><E113/><V17/><F117/><W18/><G120/><T72/><D39/><U62/><E132/><V100/><F100/><W37/><G115/><T8/><D105/><U33/><E77/><V36/><F36/><W26/><G37/><T131/><D103/><U2/><E35/><V60/><F133/><W114/><G114/><T95/><D95/><U97/><E104/><V54/><F54/><W90/><G64/><T6/><D67/><U124/><E124/><V31/><REACH who="2" step="1"/><F125/><REACH who="2" ten="211,250,279,250" step="2"/><W25/><G129/><T101/><D131/><U70/><E53/><V107/><F107/><W94/><G130/><T23/><D101/><U32/><E2/><V57/><AGARI ba="0,1" hai="10,12,15,16,17,21,29,30,31,57,60,66,86,87" machi="57" ten="30,8000,1" yaku="1,1,0,1,8,1,54,1,53,1" doraHai="127" doraHaiUra="7" who="2" fromWho="2" sc="211,-20,250,-40,279,90,250,-20" /><INIT seed="2,0,0,2,4,76" ten="191,210,369,230" oya="2" hai0="10,54,42,6,28,27,52,35,117,68,55,103,119" hai1="69,64,87,128,38,11,72,126,106,94,26,93,81" hai2="79,71,17,95,108,62,60,66,4,75,86,84,61" hai3="56,100,122,109,5,110,43,90,91,58,50,2,8"/><V53/><F4/><W57/><G122/><T7/><D68/><U121/><E38/><V21/><F75/><W133/><G133/><T34/><D34/><U114/><E69/><V88/><F108/><N who="3" m="41579" /><G100/><T80/><D103/><U74/><E64/><V123/><F123/><W3/><G3/><T118/><D42/><U44/><E121/><V13/><REACH who="2" step="1"/><F53/><REACH who="2" ten="191,210,359,230" step="2"/><W1/><G1/><N who="0" m="335" /><D7/><U67/><E72/><V20/><F20/><W85/><G2/><T59/><D59/><U16/><E74/><V73/><F73/><W132/><G5/><T120/><D120/><U105/><E11/><V97/><F97/><W78/><G8/><T24/><D24/><U18/><E26/><V107/><F107/><W89/><G132/><T51/><D51/><U25/><E106/><V101/><F101/><W30/><G50/><T0/><D0/><U113/><E25/><V49/><F49/><W135/><G135/><T129/><D129/><U115/><E128/><V31/><F31/><W125/><G30/><T32/><D32/><U131/><E131/><V14/><F14/><W65/><G57/><T47/><D47/><U104/><E44/><V92/><F92/><W15/><G58/><T130/><D130/><U48/><E48/><V96/><F96/><W82/><G15/><T33/><D33/><U37/><E105/><V111/><F111/><W70/><G56/><T77/><D54/><U19/><E104/><V99/><F99/><W63/><G70/><T12/><D12/><U116/><E94/><V39/><F39/><W112/><G85/><AGARI ba="0,1" hai="27,28,35,52,55,77,80,85,117,118,119" m="335" machi="85" ten="30,3900,0" yaku="12,1,52,1,54,1" doraHai="76" who="0" fromWho="3" sc="191,49,210,0,359,0,230,-39" /><INIT seed="3,0,0,5,2,22" ten="240,210,359,191" oya="3" hai0="133,108,129,65,123,21,88,15,90,52,99,111,101" hai1="7,110,83,106,121,100,74,49,33,71,112,67,41" hai2="51,107,96,78,28,135,66,23,119,14,17,2,103" hai3="19,79,95,48,115,9,31,30,44,122,34,12,76"/><W113/><G122/><T128/><D65/><U59/><E112/><V94/><F135/><W54/><G113/><T43/><D43/><U8/><E121/><V131/><F2/><W26/><G115/><T114/><D123/><U25/><E110/><N who="0" m="42025" /><D133/><U55/><E41/><V69/><F131/><N who="0" m="50250" /><D114/><U118/><E118/><V32/><F119/><W1/><G31/><T104/><D52/><U29/><E83/><V63/><F51/><W60/><G60/><T134/><D134/><U120/><E74/><V4/><F4/><W46/><G46/><T124/><D124/><U116/><E116/><V13/><F13/><W38/><G38/><T20/><D20/><U57/><E120/><V77/><REACH who="2" step="1"/><F94/><REACH who="2" ten="240,210,349,191" step="2"/><W36/><G36/><T24/><D15/><U10/><E7/><V91/><F91/><W40/><G1/><T45/><D45/><U86/><E49/><V109/><F109/><W18/><G12/><T56/><D56/><U53/><E59/><V50/><F50/><W47/><G47/><T127/><D127/><U35/><E57/><V11/><F11/><W126/><G126/><T117/><D117/><U130/><E130/><V93/><F93/><W97/><G40/><T37/><D37/><U42/><E42/><V105/><F105/><W125/><G125/><T82/><D82/><U16/><E8/><V102/><F102/><N who="3" m="60735" /><G9/><T61/><D61/><N who="1" m="40431" /><E10/><V62/><F62/><W87/><G48/><T80/><D80/><U0/><E0/><V70/><F70/><W3/><G3/><T39/><D39/><U85/><E106/><V98/><F98/><W68/><G68/><RYUUKYOKU ba="0,1" sc="240,15,210,-15,349,15,191,-15" hai0="21,24,88,90,99,101,104" hai2="14,17,23,28,32,63,66,69,77,78,96,103,107" /><INIT seed="4,1,1,5,4,117" ten="255,195,364,176" oya="0" hai0="101,23,77,28,32,127,22,36,84,71,135,80,73" hai1="18,119,9,106,111,129,107,16,93,51,113,91,6" hai2="7,15,89,83,86,103,29,37,72,87,131,48,124" hai3="134,102,35,42,27,66,132,76,34,0,58,92,62"/><T121/><D71/><U126/><E119/><V130/><F37/><W38/><G0/><T59/><D36/><U63/><E111/><V68/><F68/><W60/><G76/><T40/><D40/><U20/><E129/><N who="2" m="49163" /><F72/><W64/><G38/><T99/><D135/><N who="3" m="51753" /><G42/><T49/><D127/><U41/><E126/><V19/><F124/><W118/><G118/><T82/><D121/><U4/><E113/><V88/><F103/><W125/><G125/><T97/><D97/><U12/><E63/><V75/><F29/><N who="3" m="19775" /><G35/><T56/><D32/><U74/><E74/><V17/><F75/><W8/><G8/><T39/><D39/><U30/><E30/><V14/><F48/><W43/><G43/><T45/><D28/><U5/><E51/><V2/><F2/><W46/><G46/><T96/><D73/><U108/><E108/><V109/><F109/><W100/><G92/><T54/><D80/><U11/><E41/><V112/><F112/><W115/><G115/><T98/><D101/><U10/><REACH who="1" step="1"/><E18/><REACH who="1" ten="255,185,364,176" step="2"/><N who="2" m="6667" /><F7/><W95/><G62/><T47/><D47/><U50/><E50/><V67/><F67/><W90/><G64/><T55/><D45/><U57/><E57/><V25/><F25/><W128/><G128/><T114/><D114/><U52/><E52/><V44/><F44/><W21/><G66/><T133/><D133/><U3/><E3/><V85/><F83/><W1/><G1/><T123/><D54/><U94/><E94/><V61/><F61/><W31/><G60/><T110/><D110/><U79/><E79/><V70/><F70/><W120/><G58/><RYUUKYOKU ba="1,2" sc="255,-15,185,15,364,15,176,-15" hai1="4,5,6,9,10,11,12,16,20,91,93,106,107" hai2="14,15,85,86,87,88,89" /><INIT seed="5,2,2,3,3,60" ten="240,200,379,161" oya="1" hai0="65,13,128,51,121,63,75,97,108,41,36,7,115" hai1="72,54,67,88,52,33,78,117,111,34,31,28,85" hai2="69,71,55,113,82,57,101,100,112,81,30,22,99" hai3="116,14,19,46,87,59,125,95,114,11,39,37,127"/><U102/><E117/><V70/><F30/><W86/><G116/><T89/><D75/><U83/><E102/><V50/><F22/><W109/><G109/><T132/><D108/><U35/><E111/><V10/><F10/><W6/><G114/><N who="2" m="44137" /><F101/><W74/><G74/><T29/><D115/><U27/><E28/><V134/><F134/><W38/><G46/><T103/><D132/><U133/><E133/><V93/><AGARI ba="2,2" hai="50,55,57,69,70,71,81,82,93,99,100" m="44137" machi="93" ten="40,2700,0" yaku="15,1,11,1" doraHai="60" who="2" fromWho="2" sc="240,-9,200,-15,379,53,161,-9" /><INIT seed="6,0,0,2,2,84" ten="231,185,432,152" oya="2" hai0="7,67,4,44,118,91,24,22,21,96,129,121,36" hai1="115,49,38,32,1,83,103,62,6,98,117,72,16" hai2="20,105,134,85,102,127,90,80,69,68,88,23,2" hai3="123,18,70,82,133,59,48,25,35,55,64,40,100"/><V79/><F2/><W110/><G123/><T106/><D121/><U93/><E38/><V54/><F20/><W95/><G110/><T46/><D129/><U14/><E117/><V73/><F134/><W58/><G133/><T13/><D118/><U74/><E32/><V130/><F130/><W27/><G70/><T78/><D78/><U101/><E115/><V77/><F127/><W50/><G35/><T41/><D67/><U76/><E62/><V119/><F119/><W81/><G64/><T124/><D124/><U53/><E6/><V29/><F54/><W65/><G65/><T135/><D135/><U63/><E63/><V60/><F77/><W51/><G40/><T87/><D46/><U109/><E1/><V116/><F116/><W17/><G95/><T15/><D96/><U47/><E109/><V112/><F112/><W34/><G34/><T57/><D57/><N who="3" m="21513" /><G100/><T30/><D106/><U113/><E113/><V131/><F60/><W114/><G55/><T108/><D108/><U12/><E74/><V125/><F125/><W128/><G128/><T52/><D52/><U89/><E12/><V107/><F69/><W104/><G104/><T19/><D15/><U45/><E47/><V33/><F68/><W8/><G114/><T39/><D36/><U56/><E45/><V42/><F131/><W122/><G122/><T71/><D71/><U26/><E26/><N who="3" m="9738" /><G8/><AGARI ba="0,0" hai="8,14,16,49,53,56,72,76,83,89,93,98,101,103" machi="8" ten="30,3900,0" yaku="7,1,52,1,54,1" doraHai="84" who="1" fromWho="3" sc="231,0,185,39,432,0,152,-39" /><INIT seed="7,0,0,5,2,126" ten="231,224,432,113" oya="3" hai0="85,130,131,125,61,83,75,12,74,50,55,78,72" hai1="11,101,116,93,117,128,65,21,67,34,25,135,57" hai2="22,56,30,70,71,127,8,76,110,114,64,79,68" hai3="6,120,123,132,124,41,1,26,122,113,96,9,121"/><W35/><N who="3" m="30720" /><DORA hai="27" /><W105/><G41/><T97/><D61/><U73/><E128/><N who="0" m="49193" /><D12/><U94/><E135/><V19/><F8/><W3/><G124/><T23/><D23/><U109/><E109/><V0/><F19/><W44/><G132/><T134/><D134/><U58/><E73/><V133/><F56/><N who="1" m="21609" /><E101/><V42/><F64/><N who="1" m="24649" /><E11/><V18/><F76/><W4/><G113/><T17/><D17/><U66/><E34/><V5/><F18/><W54/><G6/><T51/><D55/><U69/><E66/><V99/><F5/><W39/><G1/><T107/><D125/><U102/><E102/><AGARI ba="0,0" hai="50,51,72,74,75,78,83,85,97,102,107" m="49193" machi="102" ten="40,8000,1" yaku="19,1,52,3" doraHai="126,27" who="0" fromWho="1" sc="231,80,224,-80,432,0,113,0" owari="311,11.1,144,-25.6,432,53.2,113,-38.7" /></mjloggm>