<mjloggm ver="2.3"><GO type="169" lobby="0"/><UN n0="%E3%83%87%E3%83%A9%E3%82%B3%E3%83%83%E3%82%B3" n1="%E6%99%82%E8%A8%88%E5%9D%82%E9%9B%B6" n2="%53%69%6C%65%6E%54" n3="%E6%8C%91%E6%88%A6%E8%80%85%EF%BC%81" dan="16,16,16,17" rate="2166.73,2157.09,2164.05,2180.64" sx="M,M,F,M"/><TAIKYOKU oya="0"/><INIT seed="0,0,0,4,4,13" ten="250,250,250,250" oya="0" hai0="121,1,49,47,113,50,40,44,119,72,135,18,33" hai1="57,67,120,95,39,22,87,112,96,102,130,77,114" hai2="105,68,10,111,62,117,101,9,48,45,69,20,19" hai3="88,79,93,123,24,0,29,132,7,31,55,63,115"/><T92/><D113/><N who="1" m="43627" /><E39/><V64/><F69/><W43/><G115/><T82/><D119/><U118/><E118/><V94/><F105/><W11/><G132/><T106/><D121/><U89/><E120/><V28/><F28/><W126/><G123/><T52/><D106/><U85/><E130/><V133/><F111/><W2/><G126/><T73/><D33/><U74/><E22/><V12/><F133/><W98/><G43/><T125/><D135/><U4/><E4/><V91/><F101/><W37/><G37/><T53/><D125/><U59/><E67/><V15/><F15/><W51/><G79/><T36/><D1/><U109/><E109/><V100/><F100/><W61/><G0/><T23/><D92/><N who="1" m="58631" /><E74/><V84/><REACH who="2" step="1"/><F117/><REACH who="2" ten="250,250,240,250" step="2"/><W76/><G31/><T30/><D30/><U17/><E57/><V60/><F60/><W110/><G110/><T27/><D82/><N who="1" m="47311" /><E59/><AGARI ba="0,1" hai="18,23,27,36,40,44,47,49,50,52,53,59,72,73" machi="59" ten="30,5800,0" yaku="7,1,52,1,54,1" doraHai="13" who="0" fromWho="1" sc="250,68,250,-58,240,0,250,0" /><INIT seed="0,1,0,4,3,61" ten="318,192,240,250" oya="0" hai0="86,67,4,38,91,92,28,48,107,62,46,94,69" hai1="27,88,56,63,85,0,100,106,116,76,109,121,105" hai2="82,20,134,24,77,58,122,104,54,90,29,87,65" hai3="123,132,66,37,12,125,127,43,52,103,96,81,79"/><T130/><D107/><U34/><E0/><V32/><F122/><W115/><G115/><T19/><D130/><U98/><E121/><V60/><F134/><W45/><G123/><T53/><D28/><U129/><E116/><V26/><F104/><W59/><G12/><T36/><D4/><U108/><E105/><V64/><REACH who="2" step="1"/><F77/><REACH who="2" ten="318,192,230,250" step="2"/><W33/><G132/><T8/><REACH who="0" step="1"/><D94/><REACH who="0" ten="308,192,230,250" step="2"/><U13/><E106/><V118/><F118/><W68/><G127/><T40/><D40/><U119/><E119/><V31/><AGARI ba="1,2" hai="20,24,26,29,31,32,54,58,60,64,65,82,87,90" machi="31" ten="20,8000,1" yaku="1,1,0,1,7,1,52,2,53,0" doraHai="61" doraHaiUra="131" who="2" fromWho="2" sc="308,-41,192,-21,230,103,250,-21" /><INIT seed="1,0,0,0,3,27" ten="267,171,333,229" oya="1" hai0="121,67,103,18,53,129,57,15,106,59,119,2,69" hai1="94,7,97,61,71,111,44,63,123,37,131,19,30" hai2="113,91,99,78,87,82,115,86,20,118,75,34,74" hai3="6,92,8,42,64,58,112,26,45,25,93,11,98"/><U116/><E116/><V84/><F34/><W127/><G112/><N who="2" m="43081" /><F20/><W133/><G127/><T109/><D2/><U96/><E123/><V125/><F125/><W54/><G64/><T114/><D119/><U65/><E131/><V46/><F46/><W51/><G133/><T3/><D114/><U108/><E7/><V0/><F0/><W52/><G92/><T120/><D3/><U79/><E79/><V85/><F118/><W66/><G66/><T68/><D129/><U104/><E104/><V1/><F1/><W126/><G126/><T5/><D5/><U128/><E128/><V13/><F13/><N who="3" m="5271" /><G11/><T12/><D109/><N who="1" m="42059" /><E61/><V36/><F36/><W88/><G42/><T33/><D33/><U9/><E44/><V23/><F23/><W49/><AGARI ba="0,0" hai="25,26,45,49,51,52,54,58,88,93,98" m="5271" machi="49" ten="30,4000,0" yaku="8,1,54,2" doraHai="27" who="3" fromWho="3" sc="267,-10,171,-20,333,-10,229,40" /><INIT seed="2,0,0,3,1,124" ten="257,151,323,269" oya="2" hai0="99,11,83,97,54,20,73,66,33,126,104,37,95" hai1="92,35,15,78,6,111,91,103,55,45,125,129,1" hai2="63,7,81,61,105,13,128,106,87,118,41,110,10" hai3="107,51,31,64,65,38,113,42,72,47,3,120,84"/><V119/><F110/><W40/><G120/><T121/><D121/><U75/><E35/><V82/><F41/><W85/><G72/><T132/><D33/><U131/><E1/><V25/><F25/><W100/><G3/><T12/><D126/><U29/><E125/><V74/><F74/><W23/><G113/><T56/><D37/><U14/><E29/><V117/><F82/><W60/><G65/><T34/><D34/><U90/><E111/><V59/><F128/><N who="1" m="49225" /><E103/><V102/><F102/><W115/><G115/><T134/><D104/><U86/><E6/><V5/><F5/><W16/><G31/><T21/><D66/><U68/><E68/><V123/><F123/><W26/><G40/><T2/><D2/><U98/><E78/><V76/><REACH who="2" step="1"/><F63/><REACH who="2" ten="257,151,313,269" step="2"/><W79/><G38/><T114/><D73/><U27/><E27/><V39/><F39/><W30/><G30/><T4/><D114/><U71/><E75/><V58/><F58/><W69/><G79/><T49/><D83/><N who="1" m="49503" /><E71/><V52/><AGARI ba="0,1" hai="7,10,13,52,59,61,76,81,87,105,106,117,118,119" machi="52" ten="30,6000,0" yaku="1,1,0,1,54,1,53,0" doraHai="124" doraHaiUra="116" who="2" fromWho="2" sc="257,-20,151,-20,313,70,269,-20" /><INIT seed="2,1,0,3,3,82" ten="237,131,383,249" oya="2" hai0="18,76,108,127,65,77,135,61,132,22,114,42,73" hai1="41,27,88,19,64,52,115,15,105,113,30,21,8" hai2="67,6,4,24,94,93,45,5,134,48,97,116,79" hai3="9,40,58,62,14,47,118,35,89,66,133,70,117"/><V46/><F116/><W33/><G133/><N who="0" m="51275" /><D114/><U92/><E105/><V84/><F134/><W44/><G44/><T95/><D108/><U1/><E41/><V112/><F112/><W54/><G89/><T28/><D42/><U32/><E64/><V120/><F120/><W130/><G130/><T60/><D73/><U3/><E52/><V83/><F67/><W57/><G57/><N who="0" m="37007" /><D28/><U37/><E37/><V25/><F46/><W38/><G118/><T123/><D123/><U111/><E111/><V71/><F71/><W99/><G99/><T87/><D61/><U85/><REACH who="1" step="1"/><E1/><REACH who="1" ten="237,121,383,249" step="2"/><V34/><F48/><N who="3" m="31047" /><G117/><T119/><D119/><U53/><E53/><V102/><F45/><W36/><G36/><T109/><D109/><U121/><E121/><V75/><F34/><W29/><G29/><T68/><D68/><U80/><E80/><V78/><F83/><W81/><G81/><T43/><D43/><U96/><E96/><V103/><F97/><W11/><G11/><T16/><D77/><U17/><E17/><AGARI ba="1,1" hai="9,14,17,33,35,38,40,47,62,66,70" m="31047" machi="17" ten="30,1000,0" yaku="24,1" doraHai="82" who="3" fromWho="1" sc="237,0,121,-13,383,0,249,23" /><INIT seed="3,0,0,1,3,81" ten="237,108,383,272" oya="3" hai0="121,105,60,10,68,7,9,75,89,69,59,46,26" hai1="40,2,1,95,47,80,108,41,14,38,17,63,16" hai2="93,50,34,49,132,91,28,123,6,82,29,77,92" hai3="31,52,101,125,11,117,111,12,76,39,4,126,100"/><W25/><G117/><T35/><D121/><U94/><E108/><V85/><F123/><W33/><G39/><T23/><D75/><U64/><E40/><V53/><F132/><W61/><G76/><T84/><D105/><U107/><E107/><V58/><F6/><W106/><G111/><T129/><D35/><U99/><E80/><V13/><F13/><W130/><G130/><T30/><D46/><U122/><E122/><V98/><F34/><W110/><G110/><T0/><D10/><U37/><E38/><V78/><F78/><W102/><REACH who="3" step="1"/><G106/><REACH who="3" ten="237,108,383,262" step="2"/><T65/><REACH who="0" step="1"/><D129/><REACH who="0" ten="227,108,383,262" step="2"/><U73/><E73/><V43/><F93/><AGARI ba="0,2" hai="0,7,9,23,26,30,59,60,65,68,69,84,89,93" machi="93" ten="30,7700,0" yaku="1,1,2,1,7,1,52,1,53,0" doraHai="81" doraHaiUra="48" who="0" fromWho="2" sc="227,97,108,0,383,-77,262,0" /><INIT seed="4,0,0,5,3,131" ten="324,108,306,262" oya="0" hai0="71,87,75,57,59,43,114,56,112,53,95,54,34" hai1="109,55,72,1,5,108,111,60,101,40,119,98,51" hai2="45,106,102,100,113,61,64,103,12,107,0,130,88" hai3="11,126,39,117,47,42,3,123,49,127,89,67,116"/><T68/><D75/><U105/><E119/><V74/><F0/><W37/><G89/><T9/><D34/><U15/><E72/><V104/><F130/><W92/><G92/><T50/><D9/><U85/><E1/><V52/><F74/><W19/><G19/><T90/><D43/><U29/><E29/><V20/><F113/><N who="0" m="43626" /><D56/><U2/><E2/><V118/><F118/><N who="3" m="45675" /><G11/><T33/><D33/><U128/><E128/><V24/><F12/><W133/><G3/><T134/><D134/><U10/><E60/><AGARI ba="0,0" hai="50,53,54,57,59,60,68,71,87,90,95" m="43626" machi="60" ten="30,1500,0" yaku="15,1" doraHai="131" who="0" fromWho="1" sc="324,15,108,-15,306,0,262,0" /><INIT seed="4,1,0,3,3,102" ten="339,93,306,262" oya="0" hai0="131,91,39,0,106,61,58,22,19,96,119,2,126" hai1="103,81,3,125,16,122,13,130,11,33,111,6,37" hai2="87,104,60,92,82,114,76,109,80,78,43,53,54" hai3="27,89,65,44,93,132,72,94,100,98,68,42,45"/><T134/><D119/><U46/><E122/><V112/><F109/><W107/><G72/><T4/><D39/><U66/><E111/><V115/><F43/><W116/><G116/><T97/><D131/><U24/><E130/><V120/><F120/><W5/><G132/><T59/><D134/><U117/><E125/><V34/><F34/><W84/><G5/><T21/><D126/><U41/><E117/><V127/><F127/><W63/><G42/><T48/><D4/><U108/><E108/><V124/><F124/><W129/><G129/><T73/><D73/><U110/><E110/><V38/><F38/><W86/><G27/><T67/><D91/><AGARI ba="1,0" hai="44,45,63,65,68,84,86,89,91,93,94,98,100,107" machi="91" ten="40,2600,0" yaku="9,1,52,1" doraHai="102" who="3" fromWho="0" sc="339,-29,93,0,306,0,262,29" /><INIT seed="5,0,0,1,1,89" ten="310,93,306,291" oya="1" hai0="118,124,77,6,52,72,14,64,40,33,34,26,36" hai1="71,27,62,66,39,58,67,132,111,15,73,44,120" hai2="121,13,74,84,48,24,18,115,68,116,38,19,28" hai3="59,135,93,125,134,97,85,55,30,51,35,37,103"/><U75/><E120/><V21/><F38/><W104/><G37/><T86/><D118/><U81/><E132/><N who="3" m="50730" /><G125/><T131/><D72/><U7/><E111/><V101/><F74/><W95/><G85/><T45/><D124/><U2/><E15/><V42/><F68/><W100/><G100/><T96/><D131/><U65/><E27/><AGARI ba="0,0" hai="27,30,35,51,55,59,93,95,97,103,104" m="50730" machi="27" ten="30,3900,0" yaku="20,1,52,2" doraHai="89" who="3" fromWho="1" sc="310,0,93,-39,306,0,291,39" /><INIT seed="6,0,0,5,5,7" ten="310,54,306,330" oya="2" hai0="125,97,117,11,77,8,94,2,89,96,112,118,69" hai1="45,120,87,37,34,19,92,62,41,111,22,12,116" hai2="95,83,42,67,27,31,90,32,50,135,109,56,13" hai3="100,30,54,128,108,43,102,79,84,64,5,106,80"/><V81/><F135/><W39/><G108/><T124/><D69/><U3/><E111/><V134/><F134/><W20/><G106/><T25/><D2/><U113/><E116/><N who="0" m="44649" /><D112/><U129/><E113/><V1/><F1/><W15/><G128/><T75/><D25/><U4/><E129/><V114/><F109/><W104/><G104/><T61/><D61/><U82/><E120/><V78/><F114/><W23/><G64/><T59/><D59/><U110/><E110/><V52/><F67/><W133/><G133/><T105/><D77/><U88/><E34/><V101/><F78/><W66/><G66/><T121/><D75/><U119/><E119/><V9/><F101/><W74/><G74/><T14/><D121/><U47/><E47/><V44/><F95/><W26/><G39/><T18/><D8/><U0/><E62/><V29/><F90/><W21/><G43/><T49/><D49/><U132/><E132/><V131/><F131/><W70/><G70/><T53/><D53/><U16/><E4/><V65/><F65/><W57/><G5/><T46/><D46/><U93/><E0/><V51/><F31/><W107/><G107/><T126/><D105/><U71/><E3/><V103/><F103/><N who="3" m="39467" /><G15/><T10/><D10/><U73/><E71/><V85/><F85/><AGARI ba="0,0" hai="11,14,18,85,89,94,96,97,124,125,126" m="44649" machi="85" ten="40,5200,0" yaku="18,1,12,1,52,1" doraHai="7" who="0" fromWho="2" sc="310,52,54,0,306,-52,330,0" /><INIT seed="7,0,0,5,4,130" ten="362,54,254,330" oya="3" hai0="57,29,20,58,35,36,93,127,69,59,133,68,21" hai1="38,56,96,8,47,124,33,112,131,26,98,51,46" hai2="45,92,39,54,24,7,62,30,113,27,97,5,91" hai3="80,72,89,52,49,40,119,110,15,128,12,2,1"/><W0/><G119/><T102/><D36/><U90/><E131/><V55/><F113/><W135/><G128/><T85/><D133/><U64/><E112/><V44/><F39/><W31/><G110/><T18/><D127/><U114/><E114/><V86/><F55/><W79/><G135/><T3/><D3/><U121/><E121/><V71/><F71/><W53/><G31/><T125/><D125/><U75/><E75/><V134/><F134/><W129/><G129/><T116/><D116/><U88/><E124/><V17/><F30/><W109/><G109/><T103/><D35/><U16/><E33/><V126/><F27/><W82/><G40/><T132/><D132/><U42/><E98/><V32/><F32/><W65/><G65/><T77/><D69/><U78/><E78/><V100/><F126/><W67/><G67/><T14/><D68/><U50/><E38/><V111/><F111/><W118/><G53/><T117/><D117/><U81/><E96/><V120/><F120/><W73/><G118/><T9/><D29/><U37/><E37/><V6/><F86/><W74/><G89/><N who="0" m="53423" /><D77/><U84/><E90/><V105/><F100/><AGARI ba="0,0" hai="9,14,18,20,21,57,58,59,100,102,103" m="53423" machi="100" ten="30,1000,0" yaku="8,1" doraHai="130" who="0" fromWho="2" sc="362,10,54,0,254,-10,330,0" owari="372,47.2,54,-44.6,244,-15.6,330,13.0" /></mjloggm>