<mjloggm ver="2.3"><GO type="169" lobby="0"/><UN n0="%E7%99%BE%E9%87%8E%E3%81%95%E3%82%93" n1="%E4%B8%89%E5%8D%81%E7%94%BB%E7%94%9F" n2="%6B%61%7A%7A%2D%6B" n3="%31%74%61" dan="17,16,16,17" rate="2191.84,2129.81,2066.83,2217.56" sx="M,M,M,M"/><TAIKYOKU oya="0"/><INIT seed="0,0,0,3,3,110" ten="250,250,250,250" oya="0" hai0="119,109,124,34,115,94,105,87,118,64,66,125,6" hai1="30,108,29,26,1,53,90,106,35,131,113,104,86" hai2="92,19,28,96,82,4,10,8,43,65,75,127,68" hai3="84,5,97,101,9,126,69,0,99,32,116,112,3"/><T51/><D105/><U74/><E108/><V70/><F28/><W122/><G116/><T73/><D73/><U18/><E74/><V38/><F127/><N who="0" m="48714" /><D34/><U55/><E1/><V13/><F65/><N who="0" m="25194" /><D109/><U33/><E131/><V78/><F43/><W98/><G69/><T36/><D36/><U80/><E18/><V15/><REACH who="2" step="1"/><F38/><REACH who="2" ten="250,250,240,250" step="2"/><W111/><G111/><T2/><D119/><U41/><E41/><V48/><F48/><W39/><G126/><T24/><D51/><U135/><E30/><V129/><F129/><W22/><G39/><T12/><D118/><U44/><E29/><V57/><F57/><W14/><G32/><T95/><D2/><U85/><E35/><V100/><AGARI ba="0,1" hai="4,8,10,13,15,19,68,70,75,78,82,92,96,100" machi="100" ten="20,2700,0" yaku="1,1,0,1,7,1,53,0" doraHai="110" doraHaiUra="61" who="2" fromWho="2" sc="250,-13,250,-7,240,37,250,-7" /><INIT seed="1,0,0,5,4,19" ten="237,243,277,243" oya="1" hai0="55,13,106,61,97,79,9,92,29,28,25,53,122" hai1="113,18,109,60,7,20,48,115,75,32,16,101,57" hai2="134,104,2,56,68,85,45,135,24,10,123,116,8" hai3="91,67,62,121,11,35,6,5,22,40,39,89,73"/><U31/><E75/><V119/><F68/><W93/><G35/><T27/><D106/><U38/><E38/><V81/><F104/><W47/><G121/><T3/><D3/><U90/><E32/><V54/><F123/><W52/><G73/><T118/><D118/><U70/><E70/><V124/><F45/><W133/><G133/><N who="2" m="50697" /><F124/><W112/><G112/><T17/><D79/><U46/><E7/><N who="2" m="1143" /><F10/><W102/><G102/><T0/><D0/><U74/><E74/><V21/><F56/><W51/><G11/><T96/><D122/><U86/><E101/><V130/><F54/><W80/><G80/><T4/><D4/><U50/><E113/><V37/><F37/><W77/><G77/><T94/><D9/><U66/><E115/><V63/><F63/><W26/><G5/><T98/><D61/><U78/><E78/><N who="2" m="46263" /><F130/><W49/><G6/><T43/><D43/><N who="1" m="24671" /><E50/><V69/><F69/><N who="3" m="42231" /><G49/><T44/><D44/><U100/><E100/><V65/><F65/><W131/><G131/><T84/><D55/><U76/><E76/><V95/><F95/><W114/><G93/><T41/><D53/><U103/><E103/><V128/><F128/><W12/><G114/><T110/><D41/><U23/><E109/><V14/><F14/><W58/><G12/><T34/><D110/><U82/><E31/><AGARI ba="0,0" hai="21,24,31,116,119" m="46263,1143,50697" machi="31" ten="30,2000,0" yaku="20,1,52,1" doraHai="19" who="2" fromWho="1" sc="237,0,243,-20,277,20,243,0" /><AGARI ba="0,0" hai="22,26,31,39,40,47,51,52,58,89,91" m="42231" machi="31" ten="30,3900,0" yaku="24,1,52,1,54,1" doraHai="19" who="3" fromWho="1" sc="237,0,223,-39,297,0,243,39" /><INIT seed="2,0,0,5,2,90" ten="237,184,297,282" oya="2" hai0="91,17,127,72,111,4,53,40,2,62,46,7,68" hai1="95,19,115,120,96,77,131,128,73,38,1,97,42" hai2="118,66,76,98,48,88,11,67,8,129,117,84,60" hai3="135,104,130,114,79,45,28,41,5,58,35,110,109"/><V122/><F122/><W6/><G104/><T107/><D111/><N who="3" m="42505" /><G130/><N who="1" m="49706" /><E1/><V21/><F129/><W78/><G135/><T50/><D107/><U132/><E38/><V133/><F133/><W33/><G58/><T10/><D127/><U65/><E42/><V20/><F76/><N who="3" m="29227" /><G114/><T119/><D72/><U30/><E30/><V55/><F98/><N who="1" m="37993" /><E19/><V121/><F121/><W56/><G56/><T57/><D119/><U80/><E65/><V123/><F123/><W44/><G28/><T82/><D68/><U71/><E71/><V39/><F66/><W113/><G113/><T54/><D2/><U43/><E43/><V16/><F67/><W92/><G92/><T81/><D40/><U112/><E132/><V24/><F117/><W102/><G102/><T103/><D103/><U134/><E134/><V29/><F118/><W74/><G74/><T51/><D62/><U63/><E63/><V13/><F60/><W94/><G94/><T99/><D7/><N who="3" m="2569" /><G41/><T23/><D4/><U105/><E105/><V14/><F14/><W37/><G37/><T0/><D0/><U75/><E120/><V89/><F39/><W86/><G86/><T108/><D108/><U25/><E75/><V124/><F124/><W26/><G26/><N who="0" m="14703" /><D10/><N who="2" m="3626" /><F84/><W12/><G12/><T83/><D99/><U93/><E25/><V69/><F69/><W52/><G52/><T85/><AGARI ba="0,0" hai="46,50,51,53,54,57,81,82,83,85,91" m="14703" machi="85" ten="30,1100,0" yaku="8,1" doraHai="90" who="0" fromWho="0" sc="237,11,184,-3,297,-5,282,-3" /><INIT seed="3,0,0,0,0,61" ten="248,181,292,279" oya="3" hai0="133,130,115,119,14,125,48,59,90,64,60,70,50" hai1="49,20,92,51,47,38,10,13,73,100,7,45,84" hai2="76,44,82,16,120,95,110,91,127,31,56,83,80" hai3="129,43,85,27,81,17,5,32,98,71,103,22,69"/><W1/><G129/><T58/><D119/><U86/><E73/><V112/><F112/><W77/><G43/><T116/><D116/><U113/><E113/><V134/><F110/><W96/><G96/><T4/><D130/><U121/><E121/><V97/><F127/><W74/><G32/><T11/><D115/><U21/><E38/><V25/><F134/><W94/><G1/><T79/><D125/><U40/><E86/><V109/><F109/><W35/><G5/><T0/><D79/><U55/><E100/><V88/><F120/><W107/><REACH who="3" step="1"/><G35/><REACH who="3" ten="248,181,292,269" step="2"/><T135/><D0/><U24/><E24/><V93/><F44/><W46/><G46/><T67/><D135/><U29/><E29/><V124/><F31/><W19/><G19/><T105/><D133/><U99/><E99/><N who="2" m="57767" /><F124/><W65/><G65/><T41/><D41/><U18/><E18/><V114/><F114/><W57/><G57/><T36/><D70/><U42/><E55/><V106/><F56/><W37/><G37/><T72/><D36/><U66/><E66/><V26/><F26/><W118/><G118/><T39/><D39/><U30/><E30/><V122/><F122/><W123/><G123/><T111/><D111/><U132/><E132/><V108/><F108/><W78/><G78/><T101/><D59/><U62/><E62/><V104/><F76/><W12/><G12/><T63/><D60/><U75/><E75/><V8/><F25/><W126/><G126/><T87/><D64/><U6/><E7/><V34/><F34/><W2/><G2/><T33/><D72/><U102/><E84/><RYUUKYOKU ba="0,1" sc="248,-30,181,10,292,10,269,10" hai1="6,10,13,20,21,40,42,45,47,49,51,92,102" hai2="8,16,80,82,83,91,95,97,104,106" hai3="17,22,27,69,71,74,77,81,85,94,98,103,107" /><INIT seed="3,1,1,0,4,2" ten="218,191,302,279" oya="3" hai0="16,7,76,22,102,97,96,131,70,33,107,48,133" hai1="8,72,36,99,69,83,4,73,35,1,13,29,47" hai2="124,9,74,134,126,135,78,37,75,40,43,12,113" hai3="60,53,98,85,109,82,89,41,90,38,42,121,55"/><W87/><G121/><T81/><D33/><U122/><E122/><V91/><F78/><W3/><G3/><T50/><D70/><U49/><E69/><V63/><F91/><W68/><G109/><T104/><D133/><N who="2" m="50698" /><F63/><W11/><G38/><T44/><D131/><U23/><E36/><V118/><F37/><W59/><G68/><T56/><D56/><U119/><E99/><V17/><F113/><W128/><G128/><T14/><D44/><U132/><E83/><V57/><F57/><N who="3" m="34863" /><G11/><T111/><D111/><U65/><E65/><V120/><F120/><W105/><G105/><T127/><D127/><N who="2" m="48682" /><F118/><W110/><G98/><T45/><D45/><U19/><E119/><V20/><F20/><W79/><G110/><T80/><D80/><U117/><E117/><V10/><F10/><W54/><G54/><T106/><D106/><U125/><E125/><V84/><F84/><W0/><G79/><T77/><D77/><U30/><E132/><V27/><F27/><W100/><G89/><T116/><D116/><U64/><E64/><V15/><F15/><W18/><G87/><N who="0" m="48551" /><D107/><U58/><E58/><V123/><F123/><W28/><G100/><T26/><D97/><U115/><E115/><V34/><F34/><W62/><G0/><T92/><D104/><U112/><E112/><V52/><F52/><W94/><G82/><T31/><D50/><U114/><E114/><V130/><F130/><W51/><G51/><T129/><D48/><U6/><E35/><V108/><F108/><W103/><G103/><T93/><D129/><U39/><E39/><V61/><F61/><RYUUKYOKU ba="1,1" sc="218,-10,191,-10,302,30,279,-10" hai2="9,12,17,40,43,74,75" /><INIT seed="4,2,1,0,2,98" ten="208,181,332,269" oya="0" hai0="84,0,52,117,13,128,4,81,23,26,11,40,93" hai1="3,44,125,7,39,22,96,112,61,123,95,91,86" hai2="97,56,121,47,65,78,34,82,109,43,88,106,94" hai3="119,25,107,5,70,41,74,113,89,114,1,87,100"/><T110/><D117/><U33/><E123/><V132/><F109/><W12/><G119/><T101/><D128/><U131/><E33/><V67/><F34/><W92/><G70/><T59/><D0/><U28/><E131/><V73/><F121/><W2/><G74/><T32/><D32/><U24/><E125/><V80/><F132/><W14/><G41/><T30/><D40/><U76/><E112/><N who="3" m="43114" /><G25/><T19/><D110/><U51/><E39/><V135/><F135/><W27/><G27/><T66/><D66/><U50/><E61/><V16/><F80/><W45/><G45/><T116/><D116/><U54/><E3/><N who="3" m="1034" /><G5/><T49/><D4/><U124/><E124/><V122/><F122/><W8/><G8/><T90/><D81/><N who="1" m="47399" /><E7/><V63/><F67/><W37/><G37/><T104/><D104/><U55/><E50/><V127/><F127/><W133/><G133/><T58/><D59/><U64/><E64/><V6/><F6/><W68/><G68/><T29/><D29/><U9/><E9/><V99/><F16/><W134/><G134/><T36/><D36/><U69/><E69/><V15/><F15/><W42/><G42/><AGARI ba="2,1" hai="22,24,28,42,44,51,54,55,91,95,96" m="47399" machi="42" ten="30,1000,0" yaku="8,1" doraHai="98" who="1" fromWho="3" sc="208,0,181,26,332,0,269,-16" /><INIT seed="5,0,0,0,0,80" ten="208,207,332,253" oya="1" hai0="21,104,71,89,12,96,61,82,103,118,6,97,5" hai1="117,85,33,88,50,57,67,11,121,26,83,38,111" hai2="130,34,29,43,108,107,123,129,31,65,8,14,17" hai3="109,60,78,7,53,72,127,37,18,4,52,122,102"/><U15/><E117/><V47/><F108/><W120/><G37/><T101/><D118/><U70/><E121/><V87/><F123/><W54/><G109/><T106/><D71/><U27/><E38/><V91/><F107/><W40/><G40/><T49/><D61/><U110/><E70/><V20/><F34/><W25/><G102/><T119/><D119/><U115/><E115/><V113/><F65/><W133/><G60/><T42/><D21/><U86/><E111/><V10/><F113/><W73/><G78/><T66/><D66/><U16/><E110/><V76/><F76/><W126/><G133/><T59/><D12/><U1/><E1/><V112/><F8/><W90/><G90/><T75/><D75/><N who="3" m="28745" /><G120/><T98/><D98/><U135/><E135/><V22/><F22/><N who="3" m="13527" /><G122/><T125/><D125/><AGARI ba="0,0" hai="4,7,52,53,54,125,126,127" m="13527,28745" machi="125" ten="40,2600,0" yaku="18,1,54,1" doraHai="80" who="3" fromWho="0" sc="208,-26,207,0,332,0,253,26" /><INIT seed="6,0,0,5,5,12" ten="182,207,332,279" oya="2" hai0="135,0,7,94,16,22,74,68,35,79,128,41,100" hai1="46,122,92,107,102,118,99,75,131,23,88,2,113" hai2="58,39,25,116,87,125,129,13,11,134,53,21,64" hai3="37,82,111,38,56,3,76,127,59,5,104,51,48"/><V62/><F116/><W52/><G104/><T96/><D35/><U93/><E118/><V120/><F39/><W132/><G111/><T81/><D68/><U73/><E2/><V133/><F120/><W103/><G103/><T61/><D135/><N who="2" m="51722" /><F129/><W32/><G32/><T19/><D128/><U50/><E131/><V77/><F125/><W24/><G132/><T36/><D61/><U33/><E33/><V78/><F87/><W110/><G110/><T9/><D22/><U44/><E107/><V8/><F8/><W121/><G121/><T49/><D49/><U108/><E108/><V1/><F1/><W34/><G5/><T98/><D98/><U84/><E122/><V54/><F54/><W90/><G127/><T91/><D100/><U55/><E113/><V17/><F53/><W69/><G3/><T70/><D70/><U85/><E46/><AGARI ba="0,0" hai="0,7,9,16,19,36,41,46,74,79,81,91,94,96" machi="46" ten="40,8000,1" yaku="25,2,52,2,54,1" doraHai="12" who="0" fromWho="1" sc="182,80,207,-80,332,0,279,0" /><INIT seed="7,0,0,4,1,91" ten="262,127,332,279" oya="3" hai0="122,125,31,29,19,34,21,52,67,129,15,44,123" hai1="50,77,86,134,93,65,16,101,66,58,41,88,0" hai2="8,102,37,6,119,43,106,53,42,124,47,62,61" hai3="26,132,14,54,130,81,64,113,96,10,55,126,35"/><W111/><G113/><T23/><D67/><U133/><E0/><V87/><F119/><W80/><G130/><T84/><D129/><U135/><E77/><V39/><F106/><W33/><G132/><T83/><D34/><U18/><E101/><V107/><F107/><W27/><G64/><N who="1" m="24682" /><E58/><V76/><F102/><W68/><G96/><T99/><D125/><U3/><E3/><V20/><F20/><W121/><G126/><T104/><D104/><U2/><E2/><V9/><F53/><W70/><G14/><T60/><D123/><U13/><E13/><N who="2" m="5271" /><F9/><W11/><G121/><T32/><D32/><U40/><E40/><V118/><F42/><W127/><G127/><T1/><D1/><U97/><E97/><V128/><F118/><W28/><G111/><T100/><D122/><U63/><E63/><N who="2" m="24075" /><F128/><W109/><G109/><T36/><D36/><U24/><E24/><V117/><F117/><W72/><G72/><T98/><D23/><U103/><E103/><V5/><F5/><W71/><G71/><T12/><D15/><U56/><E56/><V59/><F59/><W131/><G131/><T108/><D108/><U30/><E30/><AGARI ba="0,0" hai="10,11,26,27,28,30,33,35,54,55,68,70,80,81" machi="30" ten="25,2400,0" yaku="22,2" doraHai="91" who="3" fromWho="1" sc="262,0,127,-24,332,0,279,24" /><INIT seed="7,1,0,5,5,67" ten="262,103,332,303" oya="3" hai0="37,79,8,20,42,112,126,102,107,72,9,6,124" hai1="128,90,117,31,34,58,27,21,29,87,125,134,54" hai2="88,86,69,26,5,41,78,22,43,47,82,101,70" hai3="45,93,75,121,116,36,66,114,16,4,24,13,130"/><W32/><G116/><T68/><D9/><U81/><E128/><V50/><F69/><W84/><G121/><T51/><D51/><U60/><E134/><V83/><F70/><W57/><G130/><T122/><D20/><U30/><E125/><V113/><F113/><W59/><G45/><T98/><D122/><U135/><E135/><V104/><F104/><W95/><G36/><T18/><D18/><U103/><E117/><V89/><F101/><W131/><G4/><T132/><D132/><U49/><E34/><V0/><F0/><W55/><G55/><T115/><D68/><U77/><E103/><V105/><F105/><W46/><G46/><N who="0" m="23887" /><D8/><U64/><E77/><V91/><F5/><W76/><G13/><T118/><D6/><U92/><E81/><N who="2" m="47415" /><F41/><W100/><G131/><T106/><D106/><U110/><E110/><V39/><F39/><W127/><G95/><T52/><D52/><U63/><E63/><V129/><F129/><W25/><G93/><T33/><D33/><U108/><E108/><V96/><F96/><W97/><G32/><T62/><D62/><U53/><E53/><V15/><F15/><W74/><G66/><T1/><D1/><U7/><E7/><V10/><F10/><W23/><G23/><T11/><D11/><U48/><E48/><V61/><F61/><W133/><G133/><T38/><D38/><U94/><E94/><V85/><F85/><W17/><G84/><T40/><D40/><U111/><E111/><V3/><F3/><W56/><G17/><AGARI ba="1,0" hai="17,22,26,43,47,50,82,83,88,89,91" m="47415" machi="17" ten="30,2000,0" yaku="8,1,54,1" doraHai="67" who="2" fromWho="3" sc="262,0,103,0,332,23,303,-23" owari="262,-13.8,103,-39.7,355,45.5,280,8.0" /></mjloggm>