<mjloggm ver="2.3"><GO type="169" lobby="0"/><UN n0="%74%73%75%6B%69%31" n1="%E3%81%9F%E3%81%8B%E3%81%AF%E3%81%97%E3%81%83%E3%81%83%E3%81%83" n2="%E3%82%B1%E3%83%AB%E3%83%B4%E3%82%A3%E3%83%B3" n3="%E4%B8%89%E5%8D%81%E7%94%BB%E7%94%9F" dan="16,19,16,16" rate="2170.59,2243.75,2140.11,2144.86" sx="M,M,M,M"/><TAIKYOKU oya="0"/><INIT seed="0,0,0,0,1,24" ten="250,250,250,250" oya="0" hai0="79,117,101,85,61,130,115,125,78,35,123,64,68" hai1="36,15,128,105,77,48,94,133,4,65,55,59,32" hai2="43,88,72,91,13,127,122,80,71,28,17,73,84" hai3="92,26,83,42,3,112,25,6,69,20,33,132,49"/><T131/><D117/><U126/><E105/><V76/><F122/><W0/><G69/><T5/><D123/><U53/><E36/><V135/><F71/><W27/><G112/><T51/><D115/><U2/><E2/><V23/><F127/><W34/><G83/><T66/><D35/><N who="3" m="13321" /><G92/><T19/><D64/><U118/><E118/><V40/><F135/><W104/><G49/><T12/><D5/><U107/><E107/><V44/><F43/><W106/><G42/><T22/><D125/><U29/><E126/><V108/><F108/><W46/><G46/><T38/><D38/><U60/><E128/><N who="0" m="49193" /><D101/><U114/><E114/><V18/><F18/><N who="3" m="12439" /><G106/><T111/><D111/><U74/><E133/><V11/><F23/><W116/><G104/><T90/><D51/><U75/><E48/><V113/><F113/><W110/><G110/><T134/><D134/><U57/><E65/><V70/><F70/><W50/><G50/><T56/><D68/><U95/><E60/><V41/><F41/><W86/><G132/><T14/><D14/><U89/><E15/><V121/><F121/><W30/><G116/><T63/><D63/><U109/><E109/><V8/><F73/><W45/><G45/><T31/><D78/><U9/><E77/><V102/><F102/><W10/><G86/><T39/><D39/><U47/><E74/><V119/><F119/><W87/><G87/><T81/><D79/><U1/><E75/><V52/><F76/><W62/><G62/><T93/><D93/><U7/><E94/><V103/><F72/><W99/><G3/><T82/><D82/><RYUUKYOKU ba="0,0" sc="250,30,250,-10,250,-10,250,-10" hai0="12,19,22,31,56,61,66,81,85,90" /><INIT seed="0,1,0,3,1,18" ten="280,240,240,240" oya="0" hai0="76,116,21,23,40,82,45,29,123,135,32,48,70" hai1="127,130,98,110,46,95,71,59,88,28,118,3,90" hai2="94,104,105,77,35,17,100,133,72,19,20,52,129" hai3="89,64,132,33,85,93,75,119,37,126,60,111,86"/><T65/><D116/><U47/><E71/><V30/><F133/><W4/><G119/><T5/><D123/><U122/><E118/><V96/><F129/><W55/><G75/><T74/><D135/><U43/><E122/><V80/><F35/><W10/><G132/><T101/><D101/><U115/><E130/><V91/><F104/><W51/><G37/><T61/><REACH who="0" step="1"/><D5/><REACH who="0" ten="270,240,240,240" step="2"/><U68/><E115/><V14/><F100/><W117/><G117/><T50/><D50/><U106/><E127/><V2/><F105/><W87/><G126/><T81/><D81/><U38/><E106/><V15/><F2/><W108/><G108/><T25/><AGARI ba="1,1" hai="21,23,25,29,32,40,45,48,61,65,70,74,76,82" machi="25" ten="30,12000,1" yaku="1,1,0,1,52,2,53,1" doraHai="18" doraHaiUra="78" who="0" fromWho="0" sc="270,133,240,-41,240,-41,240,-41" /><INIT seed="0,2,0,1,1,133" ten="403,199,199,199" oya="0" hai0="84,25,37,69,62,127,2,105,90,82,79,55,98" hai1="91,78,97,13,64,10,74,20,87,73,102,110,135" hai2="71,19,116,47,126,44,33,46,80,125,54,128,72" hai3="117,4,36,34,103,43,112,5,56,22,85,131,104"/><T115/><D115/><U65/><E135/><V39/><F33/><W107/><G117/><T93/><D2/><U58/><E110/><V17/><F71/><W45/><G34/><T7/><D37/><U3/><E3/><V118/><F39/><W61/><G112/><T109/><D7/><U100/><E20/><V129/><F54/><W26/><G131/><N who="2" m="50249" /><F80/><W120/><G120/><T124/><D109/><U76/><E73/><V35/><F35/><W57/><G57/><T18/><D105/><U15/><E74/><V67/><F67/><N who="1" m="25673" /><E58/><V68/><F72/><W95/><G104/><T24/><D69/><U40/><E40/><V1/><F1/><W114/><G107/><T28/><D18/><N who="2" m="6666" /><F68/><W8/><G8/><T70/><D70/><U50/><E50/><V0/><F0/><W130/><G114/><T92/><D92/><N who="1" m="56479" /><E76/><V77/><F77/><W75/><G75/><T119/><D119/><AGARI ba="2,0" hai="44,46,47,116,118,119,125,126" m="6666,50249" machi="119" ten="40,12000,2" yaku="28,2,12,1,19,1,52,2" doraHai="133" who="2" fromWho="0" sc="403,-126,199,0,199,126,199,0" /><INIT seed="1,0,0,0,3,121" ten="277,199,325,199" oya="1" hai0="80,127,11,55,5,50,61,109,92,108,77,68,114" hai1="51,126,64,14,33,125,78,95,47,119,65,133,44" hai2="1,21,102,13,132,129,83,84,76,37,112,128,131" hai3="27,75,17,32,30,53,69,93,72,122,28,48,60"/><U0/><E0/><V36/><F1/><W107/><G122/><T24/><D114/><U67/><E33/><V54/><F112/><W43/><G28/><T99/><D127/><N who="1" m="48651" /><E78/><V71/><F71/><W16/><G107/><T97/><D24/><U57/><E95/><V7/><F132/><W58/><G93/><T9/><D61/><N who="1" m="37935" /><E14/><V22/><F54/><W105/><G105/><T8/><D68/><U101/><E101/><V106/><F7/><W39/><G75/><T82/><D5/><U74/><E74/><V87/><F87/><W135/><G72/><T19/><D19/><U52/><E133/><V73/><F84/><W25/><G25/><T100/><D97/><U42/><E119/><V124/><F124/><W23/><G32/><T91/><D100/><U2/><E2/><V120/><F120/><W4/><G4/><T110/><D77/><U81/><E81/><V34/><F34/><W79/><G79/><T62/><D62/><U40/><E40/><V88/><F88/><W10/><G10/><T118/><D118/><U134/><E134/><V123/><F123/><W56/><G135/><T116/><D116/><U38/><AGARI ba="0,0" hai="38,42,44,47,51,52,65,67" m="37935,48651" machi="38" ten="30,11700,0" yaku="18,1,34,2,54,1" doraHai="121" who="1" fromWho="1" sc="277,-39,199,117,325,-39,199,-39" /><INIT seed="1,1,0,0,4,75" ten="238,316,286,160" oya="1" hai0="80,33,14,77,55,123,56,96,13,86,121,43,109" hai1="124,105,20,3,82,42,40,7,63,26,6,104,73" hai2="98,50,44,23,68,2,85,120,95,45,60,79,57" hai3="101,116,131,135,24,30,47,88,81,108,100,10,18"/><U35/><E35/><V71/><F120/><N who="0" m="46154" /><D33/><U25/><E124/><V32/><F32/><W110/><G131/><T46/><D96/><U132/><E132/><V22/><F2/><W84/><G135/><T69/><D69/><U8/><E63/><V29/><F68/><W128/><G128/><T78/><D109/><N who="3" m="42089" /><G116/><T0/><D0/><U64/><E64/><V15/><F71/><W1/><G47/><T39/><D78/><U115/><E115/><V21/><F15/><N who="3" m="7543" /><G1/><T17/><D17/><U113/><E6/><V65/><F29/><W67/><G67/><T97/><D97/><U99/><E113/><V130/><F130/><W126/><G126/><T83/><D83/><U111/><E111/><V41/><F45/><W112/><G112/><T28/><D28/><U12/><E3/><V90/><F23/><AGARI ba="1,0" hai="23,24,30,81,84,88,100,101" m="7543,42089" machi="23" ten="30,2000,0" yaku="14,1,54,1" doraHai="75" who="3" fromWho="2" sc="238,0,316,0,286,-23,160,23" /><INIT seed="2,0,0,3,1,76" ten="238,316,263,183" oya="2" hai0="48,87,69,88,79,86,26,135,129,30,109,100,82" hai1="40,68,39,103,29,16,72,108,106,115,7,92,131" hai2="24,105,95,12,122,73,116,38,126,112,3,2,15" hai3="96,102,23,1,56,51,4,6,17,111,99,34,97"/><V110/><RYUUKYOKU type="yao9" ba="0,0" sc="238,0,316,0,263,0,183,0" hai2="2,3,12,15,24,38,73,95,105,110,112,116,122,126" /><INIT seed="2,1,0,0,4,134" ten="238,316,263,183" oya="2" hai0="24,125,109,49,119,103,100,60,122,91,21,59,30" hai1="121,31,50,82,133,135,71,16,81,45,10,3,127" hai2="72,63,69,27,18,14,2,110,32,55,66,107,58" hai3="37,111,79,29,7,87,6,35,62,102,70,77,67"/><V8/><F107/><W17/><G37/><T76/><D122/><U116/><E116/><V39/><F72/><W1/><G111/><T13/><D109/><U74/><E121/><V15/><F39/><W52/><G1/><T46/><D119/><U101/><E71/><V118/><F110/><W97/><G17/><T20/><D76/><U5/><E31/><V42/><F118/><W89/><G79/><T25/><D13/><U4/><E101/><V54/><F42/><W23/><G23/><T98/><D125/><U108/><E108/><V12/><F2/><W65/><G65/><T11/><D11/><U33/><E33/><V92/><F55/><W128/><G77/><T105/><D91/><U129/><E129/><V120/><F120/><W126/><G128/><T94/><D105/><U115/><E115/><V73/><F73/><W85/><G85/><T104/><D103/><U48/><E74/><V86/><F92/><W112/><G112/><T51/><D46/><U84/><E3/><V22/><F86/><W28/><G28/><N who="0" m="17415" /><D104/><U78/><E82/><V0/><F0/><W47/><G29/><T75/><D75/><U131/><E131/><V64/><F64/><AGARI ba="1,0" hai="21,25,30,49,51,59,60,64,94,98,100" m="17415" machi="64" ten="30,2000,0" yaku="25,1,8,1" doraHai="134" who="0" fromWho="2" sc="238,23,316,0,263,-23,183,0" /><INIT seed="3,0,0,0,4,92" ten="261,316,240,183" oya="3" hai0="63,110,132,15,12,83,40,3,129,50,135,41,118" hai1="23,125,112,65,19,69,124,100,78,56,21,11,91" hai2="8,45,46,51,93,54,29,85,80,86,57,36,126" hai3="61,48,111,120,103,35,47,98,37,131,77,130,96"/><W32/><G120/><T52/><D3/><U99/><E69/><V87/><F126/><N who="1" m="48745" /><E78/><V58/><F29/><W97/><G37/><T44/><D118/><U55/><E65/><V106/><F106/><W9/><G77/><T116/><D116/><U76/><E76/><V79/><F58/><W26/><G103/><T89/><D110/><U24/><E91/><V104/><F104/><W22/><G9/><T66/><D129/><N who="3" m="49161" /><G61/><T59/><D83/><U62/><E112/><V10/><F36/><W88/><G88/><T134/><D89/><U82/><E82/><V117/><F117/><W18/><G111/><T133/><N who="0" m="33792" /><DORA hai="49" /><T25/><D25/><U94/><E21/><V0/><F93/><W64/><G64/><T128/><D128/><U81/><E81/><V14/><F0/><W84/><G84/><T34/><D34/><U33/><E11/><V31/><F31/><W123/><G123/><T67/><D67/><U113/><E113/><V72/><REACH who="2" step="1"/><F10/><REACH who="2" ten="261,316,230,183" step="2"/><W101/><G101/><T107/><D107/><U70/><E70/><V74/><F74/><W2/><G2/><T75/><D75/><U16/><E33/><V115/><F115/><W39/><G39/><T90/><D90/><U6/><E6/><AGARI ba="0,1" hai="6,8,14,45,46,51,54,57,72,79,80,85,86,87" machi="6" ten="40,5200,0" yaku="1,1,52,1,53,1" doraHai="92,49" doraHaiUra="95,73" who="2" fromWho="1" sc="261,0,316,-52,230,62,183,0" /><INIT seed="4,0,0,0,5,5" ten="261,264,292,183" oya="0" hai0="125,65,97,96,72,108,115,112,38,50,134,64,11" hai1="17,2,30,132,87,126,16,7,26,19,9,0,119" hai2="37,53,4,135,129,76,71,33,55,116,15,22,23" hai3="49,32,95,44,122,106,47,42,109,27,85,121,56"/><T123/><D38/><U104/><E104/><V94/><F33/><W54/><G109/><T107/><D123/><U8/><E87/><V67/><F37/><W59/><G106/><T100/><D72/><U102/><E102/><V34/><F34/><W62/><G32/><T58/><D108/><U46/><E46/><V78/><F135/><W12/><G27/><T77/><D77/><U13/><E132/><V81/><F129/><W80/><G95/><T43/><D134/><U66/><E66/><V130/><F130/><W111/><G111/><T82/><D82/><U45/><E45/><V70/><F116/><W52/><G12/><T118/><D97/><U40/><E40/><V69/><F67/><W39/><G85/><T113/><D118/><U3/><E119/><V127/><F76/><W110/><G80/><T84/><D84/><U86/><E86/><V93/><F127/><W91/><G91/><T131/><D131/><U48/><E48/><V101/><F23/><W25/><G25/><T114/><D125/><U73/><E73/><V20/><F22/><W36/><G110/><T63/><N who="0" m="28672" /><DORA hai="74" /><T83/><D83/><U99/><E99/><V128/><F128/><W41/><AGARI ba="0,0" hai="36,39,41,42,44,47,49,52,54,56,59,62,121,122" machi="41" ten="30,12000,2" yaku="0,1,9,1,34,3,54,1" doraHai="5,74" who="3" fromWho="3" sc="261,-60,264,-30,292,-30,183,120" /><INIT seed="5,0,0,4,5,113" ten="201,234,262,303" oya="1" hai0="111,126,47,135,121,134,102,110,53,79,64,26,99" hai1="115,70,88,86,17,11,119,114,13,127,44,89,73" hai2="42,133,96,117,48,10,129,131,7,58,91,43,103" hai3="31,23,1,27,35,34,132,72,22,108,116,18,66"/><U12/><E73/><V8/><F133/><N who="0" m="50698" /><D26/><U106/><E127/><V85/><F58/><W80/><G132/><T75/><D64/><U60/><E106/><V49/><F85/><W20/><G66/><T57/><D47/><U130/><E130/><V38/><F96/><W33/><G80/><N who="0" m="45183" /><D53/><U25/><E25/><V125/><F91/><W3/><G72/><T40/><D40/><U15/><E89/><V76/><F103/><W6/><G108/><N who="0" m="41515" /><D57/><U105/><E44/><V65/><F65/><W37/><G37/><T2/><D2/><N who="3" m="521" /><G116/><T0/><D0/><U123/><E119/><V21/><F76/><W45/><G45/><T92/><D121/><U84/><E123/><V94/><F94/><W46/><G46/><T62/><D62/><U81/><E60/><V59/><F38/><W93/><G6/><T54/><D54/><U128/><E70/><V29/><F59/><W98/><G31/><T9/><D9/><U68/><E68/><V16/><F117/><W87/><G23/><T52/><D52/><U112/><E105/><V56/><F56/><W95/><G22/><T69/><D69/><U104/><E104/><V67/><F67/><W30/><G30/><T32/><D32/><U61/><E61/><V50/><F50/><W109/><G109/><T101/><D101/><U71/><E71/><V118/><F118/><W77/><G35/><T124/><AGARI ba="0,0" hai="92,99,102,124,126" m="41515,45183,50698" machi="124" ten="40,5200,0" yaku="20,1,34,2" doraHai="113" who="0" fromWho="0" sc="201,52,234,-26,262,-13,303,-13" /><INIT seed="6,0,0,3,4,126" ten="253,208,249,290" oya="2" hai0="58,75,51,53,119,16,34,105,93,47,99,49,111" hai1="44,50,52,45,64,121,130,102,30,66,57,83,28" hai2="122,65,26,132,73,10,9,94,17,108,135,1,21" hai3="114,97,48,70,125,59,63,7,117,107,95,74,27"/><V2/><F73/><W43/><G117/><T35/><D119/><U18/><E121/><V128/><F94/><W38/><G107/><T19/><D105/><U123/><E123/><V129/><F65/><N who="1" m="25193" /><E102/><V6/><F122/><W91/><G74/><T15/><D75/><U88/><E130/><N who="2" m="50283" /><F108/><W8/><G38/><T32/><D111/><U29/><E18/><V106/><F106/><W84/><G70/><T133/><D133/><N who="2" m="51274" /><F10/><W71/><G71/><T115/><D19/><U116/><E116/><V90/><F90/><W98/><G95/><T68/><D93/><U42/><E42/><V3/><AGARI ba="0,0" hai="1,2,3,6,9,17,21,26" m="51274,50283" machi="3" ten="40,18000,2" yaku="19,1,20,1,34,2,52,3" doraHai="126" who="2" fromWho="2" sc="253,-60,208,-60,249,180,290,-60" /><INIT seed="6,1,0,5,5,53" ten="193,148,429,230" oya="2" hai0="91,45,95,134,103,52,24,27,111,8,128,70,38" hai1="17,96,9,37,47,11,67,4,100,41,110,29,30" hai2="107,56,75,80,125,64,6,10,106,99,123,22,72" hai3="58,90,124,120,129,77,60,81,23,55,88,20,82"/><V44/><F123/><W127/><G120/><T31/><D70/><U61/><E110/><V32/><F32/><W69/><G69/><T0/><D111/><U133/><E133/><V48/><F125/><N who="3" m="48203" /><G129/><T12/><D134/><U63/><E17/><V36/><F22/><N who="3" m="8235" /><G82/><T2/><D103/><U57/><E63/><V16/><F99/><W114/><G114/><T13/><D38/><U21/><E21/><V112/><F112/><W65/><G65/><T116/><D128/><U3/><REACH who="1" step="1"/><E11/><REACH who="1" ten="193,138,429,230" step="2"/><V102/><F10/><W73/><AGARI ba="1,1" hai="55,58,60,73,77,81,88,90" m="8235,48203" machi="73" ten="30,4000,0" yaku="18,1,52,1,54,1" doraHai="53" who="3" fromWho="3" sc="193,-11,138,-11,429,-21,230,53" /><INIT seed="7,0,0,1,5,78" ten="182,127,408,283" oya="3" hai0="24,89,59,87,46,31,3,85,116,113,71,117,40" hai1="1,97,47,8,28,82,88,129,65,38,102,133,95" hai2="123,68,7,18,132,56,101,36,39,6,94,45,41" hai3="114,66,104,35,107,0,33,93,122,13,23,96,26"/><W37/><G122/><T30/><D3/><U42/><E129/><V9/><F68/><W75/><G0/><T131/><D71/><U124/><E124/><V105/><F105/><W72/><G37/><T98/><D131/><U43/><E133/><V73/><F39/><W80/><G75/><T60/><D113/><U52/><E65/><V61/><F132/><W103/><G114/><T84/><D116/><U79/><E28/><V121/><F73/><W130/><G130/><T125/><D125/><U50/><E102/><V70/><F70/><W128/><G13/><T120/><D120/><N who="2" m="46154" /><F18/><W55/><G66/><N who="0" m="39199" /><D24/><U69/><E69/><V62/><F9/><W90/><G128/><T44/><D117/><U17/><E38/><V119/><F119/><W51/><G107/><T77/><D77/><U108/><E108/><V83/><F83/><W27/><G27/><T14/><D14/><N who="1" m="7367" /><E1/><V63/><F56/><W67/><G67/><T48/><D44/><U91/><E79/><V109/><F109/><W29/><G72/><T49/><D49/><U5/><E5/><V16/><F16/><W74/><G74/><T53/><D40/><U4/><E4/><V126/><F126/><W127/><G127/><T110/><D110/><U58/><E47/><V32/><F32/><W112/><G112/><T25/><D25/><U21/><E21/><V76/><F76/><W115/><G115/><T135/><D135/><U64/><E64/><V111/><F111/><W20/><G35/><T2/><D2/><U86/><AGARI ba="0,0" hai="42,43,50,52,58,82,86,88,91,95,97" m="7367" machi="86" ten="30,7900,0" yaku="8,1,52,1,54,2" doraHai="78" who="1" fromWho="1" sc="182,-20,127,79,408,-20,283,-39" owari="162,-33.8,206,-19.4,388,48.8,244,4.4" /></mjloggm>