<mjloggm ver="2.3"><GO type="169" lobby="0"/><UN n0="%E3%81%B5%E3%81%8B" n1="%31%74%61" n2="%E3%82%AB%E3%83%AB%E3%83%94%E3%82%B9%E3%82%B5%E3%83%AF%E3%83%BC" n3="%E4%BF%BA%54%55%45%45%45%45%45" dan="17,18,17,17" rate="2225.01,2287.50,2229.72,2208.60" sx="M,M,M,M"/><TAIKYOKU oya="0"/><INIT seed="0,0,0,4,5,65" ten="250,250,250,250" oya="0" hai0="135,74,6,77,115,62,81,16,109,55,110,4,13" hai1="122,58,10,87,118,90,100,113,40,88,106,72,119" hai2="25,33,38,96,57,14,69,68,131,54,26,123,32" hai3="73,71,9,39,15,75,124,5,103,120,70,79,22"/><T3/><D115/><U80/><E40/><V19/><F123/><W45/><G120/><T63/><D135/><U24/><E122/><V47/><F131/><W29/><G103/><T23/><D3/><U52/><E113/><V61/><F96/><W7/><G7/><N who="0" m="2603" /><D55/><U98/><E10/><V12/><F47/><W36/><G124/><T1/><D1/><U18/><E72/><V121/><F121/><W0/><G73/><T48/><D48/><U94/><E18/><V41/><F41/><N who="3" m="22695" /><G39/><T83/><D83/><U50/><REACH who="1" step="1"/><E24/><REACH who="1" ten="250,240,250,250" step="2"/><V49/><F19/><N who="3" m="10623" /><G29/><T84/><D74/><U93/><E93/><V132/><F25/><W59/><G9/><T133/><D133/><U128/><E128/><V66/><F26/><W28/><G28/><T76/><D76/><U105/><E105/><V104/><F104/><W56/><G79/><T114/><D114/><U46/><E46/><V91/><F132/><W51/><G75/><T126/><D126/><U67/><E67/><V43/><F66/><W127/><G127/><T20/><D20/><U99/><AGARI ba="0,1" hai="50,52,58,80,87,88,90,94,98,99,100,106,118,119" machi="99" ten="20,12000,2" yaku="1,1,0,1,7,1,54,2,53,1" doraHai="65" doraHaiUra="89" who="1" fromWho="1" sc="250,-60,240,130,250,-30,250,-30" /><INIT seed="1,0,0,4,4,123" ten="190,370,220,220" oya="1" hai0="117,84,106,70,54,30,37,18,38,47,5,81,98" hai1="56,124,108,134,122,2,16,44,60,4,27,133,107" hai2="128,82,36,75,14,1,109,24,74,28,120,53,15" hai3="21,93,91,0,118,57,35,114,29,104,45,51,89"/><U99/><E122/><V83/><F120/><W116/><G35/><T19/><D70/><U86/><E124/><V97/><F1/><W130/><G0/><T61/><D5/><U87/><E44/><V17/><F36/><W113/><G57/><T62/><D30/><U7/><E108/><V26/><F128/><W6/><G6/><N who="1" m="2090" /><E2/><V96/><F17/><W10/><G10/><T31/><D31/><U73/><E73/><V9/><F28/><W105/><G21/><T20/><D106/><N who="3" m="41065" /><G29/><T22/><D98/><U55/><E99/><V8/><F53/><W90/><G51/><T135/><D117/><N who="3" m="45161" /><G45/><T39/><D47/><U115/><E107/><V68/><F68/><W92/><G130/><T76/><D54/><U77/><E27/><V101/><F101/><W42/><G42/><T33/><D33/><U67/><E55/><V50/><F50/><W88/><G92/><T103/><D103/><U80/><E16/><V13/><REACH who="2" step="1"/><F15/><REACH who="2" ten="190,370,210,220" step="2"/><W23/><G23/><T85/><D39/><U40/><E40/><V32/><F32/><W25/><G25/><T12/><D12/><U41/><E41/><V119/><F119/><W78/><G78/><T58/><D76/><U66/><E77/><V112/><F112/><W100/><G100/><T59/><D38/><U52/><E115/><V127/><F127/><W63/><G63/><T46/><D37/><U110/><E52/><V94/><F94/><W102/><G102/><T131/><D131/><U125/><E125/><V49/><F49/><W72/><N who="3" m="22528" /><DORA hai="69" /><W132/><G114/><T129/><D129/><U3/><E60/><RYUUKYOKU ba="0,1" sc="190,-10,370,-10,210,30,220,-10" hai2="8,9,13,14,24,26,74,75,82,83,96,97,109" /><INIT seed="2,1,1,3,3,70" ten="180,360,240,210" oya="2" hai0="46,86,8,18,38,48,2,27,26,83,80,95,23" hai1="0,104,109,122,6,16,125,64,77,127,96,120,94" hai2="128,108,42,47,71,126,24,49,112,4,133,56,89" hai3="84,113,54,44,92,32,114,82,79,57,10,99,33"/><V74/><F112/><N who="3" m="43115" /><G44/><T134/><D134/><U105/><E109/><V53/><F74/><W85/><G85/><T124/><D124/><N who="1" m="47691" /><E64/><V12/><F126/><W15/><G57/><T52/><D38/><U34/><E34/><V68/><F133/><W20/><G54/><T118/><D118/><U93/><E77/><V7/><F128/><W35/><G20/><T5/><D95/><N who="1" m="36363" /><E16/><V55/><F108/><W72/><G72/><T21/><REACH who="0" step="1"/><D86/><REACH who="0" ten="170,360,240,210" step="2"/><U117/><E117/><V111/><F111/><W132/><G132/><T11/><D11/><N who="1" m="2503" /><E105/><V3/><F71/><W97/><G92/><T59/><D59/><U1/><E1/><V60/><F3/><W63/><G63/><T101/><D101/><AGARI ba="1,2" hai="96,101,104,120,122" m="2503,36363,47691" machi="101" ten="30,1000,0" yaku="18,1" doraHai="70" who="1" fromWho="0" sc="170,-13,360,33,240,0,210,0" /><INIT seed="3,0,0,2,2,127" ten="157,393,240,210" oya="3" hai0="19,22,97,125,28,73,49,43,63,3,130,40,47" hai1="12,62,134,39,92,56,109,29,135,132,77,10,16" hai2="131,101,113,54,65,86,9,70,95,120,15,105,53" hai3="57,20,85,2,5,107,133,34,78,117,30,108,83"/><W68/><G117/><T91/><D125/><U37/><E109/><V61/><F113/><W11/><G68/><T72/><D3/><U26/><E77/><V74/><F74/><W121/><G121/><T93/><D28/><U59/><E92/><V129/><F105/><W119/><G119/><T50/><D63/><U103/><E103/><V7/><F120/><W8/><G133/><T90/><D90/><U110/><E110/><V111/><F111/><W48/><G108/><T76/><D76/><U98/><E98/><N who="2" m="59615" /><F86/><W122/><G122/><T79/><D79/><U23/><REACH who="1" step="1"/><E59/><REACH who="1" ten="157,383,240,210" step="2"/><V21/><F21/><W51/><G20/><T52/><D73/><U64/><AGARI ba="0,1" hai="10,12,16,23,26,29,37,39,56,62,64,132,134,135" machi="64" ten="30,8000,1" yaku="1,1,2,1,0,1,20,1,54,1,53,0" doraHai="127" doraHaiUra="45" who="1" fromWho="1" sc="157,-20,383,90,240,-20,210,-40" /><INIT seed="4,0,0,3,1,96" ten="137,473,220,170" oya="0" hai0="19,118,64,66,34,109,11,30,131,47,91,54,26" hai1="20,98,99,57,21,115,82,108,7,88,134,69,41" hai2="8,12,55,32,76,75,106,124,4,59,87,133,51" hai3="135,127,73,58,80,37,18,94,29,121,130,113,36"/><T44/><D118/><U102/><E69/><V104/><F75/><W70/><G29/><T13/><D131/><U120/><E120/><V3/><F32/><W27/><G70/><T126/><D126/><U81/><E115/><V107/><F124/><W2/><G2/><T116/><D116/><U123/><E123/><V39/><F39/><W122/><G127/><T15/><D109/><U0/><E41/><V114/><F114/><W97/><G113/><T61/><D91/><U89/><E57/><V117/><F117/><W129/><G58/><T46/><D54/><U17/><E0/><V79/><F133/><W105/><G105/><T48/><D48/><U132/><E17/><V10/><REACH who="2" step="1"/><F87/><REACH who="2" ten="137,473,210,170" step="2"/><W71/><G73/><T33/><D33/><U85/><E85/><V42/><F42/><W45/><G135/><T6/><REACH who="0" step="1"/><D61/><REACH who="0" ten="127,473,210,170" step="2"/><U83/><E134/><V1/><F1/><W43/><G122/><T38/><D38/><U68/><E132/><V49/><F49/><W40/><G121/><T86/><D86/><U5/><E108/><V103/><F103/><W90/><G37/><T31/><D31/><U74/><E102/><V53/><F53/><W23/><G43/><T14/><D14/><U101/><E101/><V93/><F93/><W50/><G36/><T56/><D56/><U16/><E74/><V28/><F28/><W77/><G71/><T128/><D128/><U100/><E68/><V95/><F95/><W119/><G119/><T65/><D65/><U52/><E100/><V35/><F35/><W92/><G94/><T60/><D60/><U62/><E62/><RYUUKYOKU ba="0,2" sc="127,10,473,-30,210,10,170,10" hai0="6,11,13,15,19,26,30,34,44,46,47,64,66" hai2="3,4,8,10,12,51,55,59,76,79,104,106,107" hai3="18,23,27,40,45,50,77,80,90,92,97,129,130" /><INIT seed="4,1,2,2,5,76" ten="137,443,220,180" oya="0" hai0="124,54,55,92,128,31,105,48,90,69,99,106,107" hai1="125,47,8,121,56,40,64,96,78,53,120,46,62" hai2="133,66,15,81,61,11,7,103,110,51,135,14,115" hai3="112,75,117,36,59,20,95,119,97,132,68,118,111"/><T28/><D128/><U77/><E96/><V86/><F110/><W27/><G68/><T12/><D124/><U101/><E101/><V38/><F38/><W100/><G111/><T79/><D69/><U83/><E125/><V26/><F115/><W13/><G112/><T23/><D79/><U84/><E78/><N who="2" m="46391" /><F103/><W94/><G75/><T113/><D113/><U109/><E109/><V88/><F26/><W30/><G36/><T10/><D23/><U9/><E46/><V57/><F88/><W127/><G132/><N who="2" m="50761" /><F51/><W131/><G127/><T19/><REACH who="0" step="1"/><D55/><REACH who="0" ten="127,443,220,180" step="2"/><U5/><E53/><V17/><F17/><W71/><G131/><T70/><D70/><U122/><E122/><V123/><F123/><W2/><G71/><T52/><D52/><U32/><E121/><V58/><F58/><AGARI ba="1,3" hai="10,12,19,28,31,48,54,58,90,92,99,105,106,107" machi="58" ten="40,7700,0" yaku="1,1,53,2" doraHai="76" doraHaiUra="24" who="0" fromWho="2" sc="127,110,443,0,220,-80,180,0" /><INIT seed="4,2,0,4,5,109" ten="237,443,140,180" oya="0" hai0="133,128,129,44,15,114,85,20,3,43,59,80,6" hai1="35,13,73,55,70,1,81,101,48,69,30,57,131" hai2="71,38,51,53,34,27,5,95,2,82,78,31,39" hai3="67,52,93,7,60,32,75,4,134,19,135,112,111"/><T127/><D133/><N who="3" m="50697" /><G111/><T61/><D3/><U102/><E1/><V33/><F71/><N who="3" m="42471" /><G75/><T97/><D127/><U117/><E117/><V37/><F95/><W132/><G32/><T11/><D97/><U84/><E73/><V10/><F34/><W63/><N who="3" m="50705" /><W16/><DORA hai="40" /><G112/><T90/><D20/><U107/><E13/><V83/><REACH who="2" step="1"/><F78/><REACH who="2" ten="237,443,130,180" step="2"/><W87/><G93/><T45/><D114/><U49/><E35/><V130/><F130/><N who="0" m="50282" /><D43/><U115/><E131/><V119/><F119/><W110/><G110/><T92/><D92/><U42/><E42/><V0/><F0/><W94/><G94/><T123/><D123/><U72/><E70/><V21/><F21/><W24/><G24/><T65/><AGARI ba="2,1" hai="6,11,15,44,45,59,61,65,80,85,90" m="50282" machi="65" ten="30,6000,0" yaku="19,1,52,2" doraHai="109,40" who="0" fromWho="0" sc="237,76,443,-22,130,-22,180,-22" /><INIT seed="4,3,0,2,2,57" ten="313,421,108,158" oya="0" hai0="40,29,109,66,111,86,132,128,74,39,9,133,70" hai1="24,96,50,51,113,35,87,55,89,26,0,45,84" hai2="93,124,135,76,129,11,42,83,38,49,60,46,59" hai3="71,131,94,48,110,112,63,31,67,106,12,30,37"/><T114/><D74/><U6/><E113/><V27/><F129/><W99/><G110/><N who="0" m="41995" /><D29/><U25/><E35/><V104/><F104/><W1/><G1/><T117/><D86/><U82/><E6/><V69/><F124/><W123/><G106/><T2/><D117/><U79/><E0/><V73/><F135/><N who="0" m="51786" /><D128/><U43/><E96/><V54/><F93/><W98/><G94/><T103/><D103/><U80/><REACH who="1" step="1"/><E26/><REACH who="1" ten="313,411,108,158" step="2"/><V107/><F27/><W125/><G99/><T34/><D34/><U56/><AGARI ba="3,1" hai="24,25,43,45,50,51,55,56,79,80,82,84,87,89" machi="56" ten="20,8000,1" yaku="1,1,2,1,0,1,7,1,8,1,53,0" doraHai="57" doraHaiUra="101" who="1" fromWho="1" sc="313,-43,411,99,108,-23,158,-23" /><INIT seed="5,0,0,1,0,62" ten="270,510,85,135" oya="1" hai0="40,80,100,95,69,67,61,85,83,124,98,10,91" hai1="37,8,13,51,26,54,17,41,24,114,112,23,4" hai2="63,105,115,25,93,77,33,123,78,101,109,89,127" hai3="73,1,122,92,76,128,110,12,6,90,34,130,99"/><U52/><E37/><V58/><F123/><W108/><G34/><T49/><D124/><U118/><E118/><V106/><F109/><N who="3" m="42091" /><G12/><T30/><D30/><U9/><E26/><V87/><F127/><W44/><G6/><T29/><D29/><U66/><E66/><V35/><F115/><N who="1" m="44073" /><E9/><V74/><F25/><W16/><G16/><T21/><D21/><U126/><E126/><V113/><F113/><W65/><G44/><AGARI ba="0,0" hai="4,8,13,17,23,24,41,44,51,52,54" m="44073" machi="44" ten="30,2900,0" yaku="15,1,54,1" doraHai="62" who="1" fromWho="3" sc="270,0,510,29,85,0,135,-29" /><INIT seed="5,1,0,0,3,119" ten="270,539,85,106" oya="1" hai0="45,86,101,2,133,99,28,3,55,74,48,41,122" hai1="33,0,54,32,37,30,18,114,96,12,8,49,118" hai2="123,29,27,51,11,77,64,46,65,124,88,111,134" hai3="68,13,72,39,16,115,58,79,62,93,102,22,105"/><U127/><E114/><V89/><F111/><W104/><G68/><T112/><D74/><U42/><E118/><V1/><F124/><W43/><G115/><T5/><D112/><U47/><E127/><V91/><F134/><W69/><G69/><T6/><D133/><U110/><E110/><V60/><F77/><W20/><G20/><T4/><D28/><U21/><E96/><V90/><F123/><W100/><G39/><T31/><D31/><U59/><E0/><V50/><F60/><W75/><G43/><T117/><D117/><U38/><E38/><V108/><F108/><W61/><G61/><T19/><D19/><U103/><E103/><V56/><F56/><W7/><G7/><T66/><D66/><U67/><E67/><V34/><N who="2" m="22528" /><DORA hai="120" /><V132/><F50/><W116/><G116/><T40/><D86/><U130/><E130/><V109/><F132/><W44/><G44/><T24/><D24/><U25/><AGARI ba="1,0" hai="8,12,18,21,25,30,32,33,37,42,47,49,54,59" machi="25" ten="30,1500,0" yaku="0,1" doraHai="119,120" who="1" fromWho="1" sc="270,-6,539,18,85,-6,106,-6" /><INIT seed="5,2,0,2,0,21" ten="264,557,79,100" oya="1" hai0="99,77,36,101,18,45,15,134,67,61,46,128,100" hai1="68,29,37,114,14,16,48,127,86,121,133,72,106" hai2="62,135,19,9,28,93,90,30,65,84,57,4,125" hai3="110,8,87,0,96,74,33,73,17,24,50,12,5"/><U80/><E29/><V76/><F125/><W79/><G110/><T105/><D128/><U53/><E121/><V38/><F38/><W6/><G96/><T10/><D134/><U49/><E37/><V11/><F135/><W120/><G120/><T122/><D122/><U107/><E72/><V58/><F76/><W98/><G98/><T22/><D100/><U66/><E114/><V119/><F119/><W39/><G39/><T112/><D112/><U70/><E133/><V88/><F57/><W1/><G50/><T64/><D77/><U13/><E13/><V69/><F69/><W27/><G87/><T3/><D64/><U51/><E53/><V113/><F113/><W56/><G56/><T43/><D46/><U26/><E26/><N who="3" m="9770" /><G79/><T35/><D35/><U124/><E107/><V130/><F130/><W117/><G117/><T2/><D99/><U129/><E106/><V20/><F90/><W102/><G102/><T85/><D85/><U75/><E75/><N who="3" m="28682" /><G33/><T95/><D101/><U81/><E129/><V118/><F118/><W31/><G31/><N who="2" m="11817" /><F4/><N who="3" m="1643" /><G12/><AGARI ba="2,0" hai="9,11,12,19,20,58,62,65,84,88,93" m="11817" machi="12" ten="30,2000,0" yaku="8,1,54,1" doraHai="21" who="2" fromWho="3" sc="264,0,557,0,79,26,100,-26" /><INIT seed="6,0,0,5,4,49" ten="264,557,105,74" oya="2" hai0="130,96,83,88,107,132,84,42,24,58,23,43,117" hai1="6,2,71,54,75,102,103,33,128,115,129,37,67" hai2="34,57,135,50,26,72,125,80,89,118,105,41,45" hai3="76,82,86,87,44,65,79,104,94,10,73,8,22"/><V91/><F118/><W32/><G32/><T17/><D117/><U92/><E33/><V19/><F105/><W47/><G104/><T116/><D116/><U98/><E37/><V97/><F125/><W122/><G122/><T99/><D130/><U106/><E75/><V12/><F135/><W111/><G111/><T121/><D121/><U52/><E115/><V108/><F108/><W112/><G112/><T93/><D132/><U1/><E67/><V0/><F0/><W60/><G73/><T77/><D107/><U85/><E71/><V90/><F97/><W38/><G22/><T7/><D7/><U123/><E123/><V53/><F34/><W78/><G94/><N who="0" m="56391" /><D58/><U109/><E109/><V119/><F26/><W46/><G38/><T11/><D11/><U20/><E6/><V124/><F124/><W68/><REACH who="3" step="1"/><G76/><REACH who="3" ten="264,557,105,64" step="2"/><T95/><D95/><U126/><E106/><V5/><F119/><W101/><G101/><AGARI ba="0,1" hai="17,23,24,42,43,77,83,84,93,99,101" m="56391" machi="101" ten="30,2000,0" yaku="8,1,54,1" doraHai="49" who="0" fromWho="3" sc="264,30,557,0,105,0,64,-20" /><INIT seed="7,0,0,1,1,102" ten="294,557,105,44" oya="3" hai0="89,130,112,135,43,38,1,122,96,36,76,33,103" hai1="31,69,9,61,81,13,58,25,16,121,7,71,54" hai2="56,40,67,34,46,133,107,41,0,45,57,59,44" hai3="94,63,134,20,105,95,70,6,104,78,100,23,101"/><W106/><G6/><T55/><D89/><U114/><E121/><V74/><F74/><W35/><G35/><T109/><D55/><U10/><E114/><V111/><F34/><W118/><G118/><T11/><D76/><U84/><E31/><V68/><F107/><W62/><G78/><T27/><D43/><N who="2" m="16458" /><F0/><W115/><G134/><T129/><D96/><U80/><E80/><V39/><F111/><W119/><G119/><T53/><D53/><U24/><E24/><V32/><F32/><W77/><G77/><T4/><D103/><N who="3" m="39497" /><G70/><T14/><D109/><U29/><E84/><V42/><F133/><W72/><G72/><T99/><D135/><U93/><E93/><N who="3" m="35338" /><G115/><T19/><D112/><U17/><E81/><V28/><F28/><W79/><G79/><T123/><D99/><U18/><REACH who="1" step="1"/><E10/><REACH who="1" ten="294,547,105,44" step="2"/><V65/><F39/><W116/><G116/><T48/><D38/><U82/><E82/><V120/><F120/><W85/><G85/><T92/><D36/><U127/><E127/><V126/><F126/><W131/><G131/><T21/><D123/><U88/><E88/><V113/><F113/><W90/><G90/><T60/><D122/><U3/><E3/><V91/><F91/><W51/><G51/><T128/><D4/><U125/><E125/><V66/><F42/><W49/><G49/><T64/><D129/><U8/><E8/><V75/><F75/><W108/><G108/><T117/><D128/><U47/><E47/><V73/><F73/><W87/><G87/><T97/><D130/><U30/><E30/><V83/><F83/><W26/><G26/><RYUUKYOKU ba="0,1" sc="294,-30,547,10,105,10,44,10" hai1="7,9,13,16,17,18,25,29,54,58,61,69,71" hai2="44,45,46,56,57,59,65,66,67,68" hai3="20,23,62,63,104,105,106" /><INIT seed="7,1,1,4,2,124" ten="264,557,115,54" oya="3" hai0="103,77,17,36,43,13,11,28,32,84,39,49,125" hai1="6,89,132,0,62,91,95,53,93,115,104,42,130" hai2="67,87,66,102,65,33,88,46,85,26,14,21,82" hai3="31,122,96,44,108,22,128,8,40,45,97,121,92"/><W75/><G75/><T5/><D125/><U16/><E104/><V2/><F2/><W83/><G108/><T35/><D103/><U86/><E115/><V60/><F33/><N who="0" m="12874" /><D17/><U69/><E132/><V133/><F133/><W123/><G83/><N who="0" m="47215" /><D28/><U98/><E130/><V119/><F119/><W110/><G110/><T106/><D106/><U7/><E42/><V105/><F14/><W78/><G78/><T51/><D51/><U135/><E0/><V48/><F105/><W4/><G128/><T18/><D18/><U79/><E79/><V126/><F102/><W3/><G40/><T131/><D131/><U100/><E100/><V99/><F126/><W57/><G57/><T24/><D24/><U127/><E16/><N who="2" m="12583" /><F60/><W9/><G9/><T64/><D64/><U120/><E53/><N who="2" m="29847" /><F82/><W107/><G107/><T58/><D58/><U47/><E91/><V50/><F50/><W41/><G41/><T34/><D34/><U52/><E86/><V1/><F1/><W63/><G63/><T10/><D10/><U20/><E93/><AGARI ba="1,1" hai="65,66,67,85,87,88,93,99" m="29847,12583" machi="93" ten="30,3900,0" yaku="8,1,54,2" doraHai="124" who="2" fromWho="1" sc="264,0,557,-42,115,52,54,0" owari="264,6.4,515,61.5,167,-23.3,54,-44.6" /></mjloggm>