<mjloggm ver="2.3"><GO type="169" lobby="0"/><UN n0="%E5%A4%A7%E7%A9%BA%E3%82%B9%E3%83%90%E3%83%AB%E2%98%86" n1="%E7%94%9F%E5%BE%92%E4%BC%9A%E3%80%90%E5%BA%8F%E3%80%91" n2="%E3%83%9E%E3%82%B9%E3%82%BF%E3%83%BC%E3%83%93%E3%83%BC%E3%83%AB" n3="%E7%9C%9F%E9%BE%8D%E5%85%84%E8%B2%B4" dan="16,17,16,16" rate="2095.39,2154.73,2193.79,2023.69" sx="F,M,M,M"/><TAIKYOKU oya="0"/><INIT seed="0,0,0,2,4,29" ten="250,250,250,250" oya="0" hai0="40,19,78,67,26,90,20,76,124,107,128,134,73" hai1="56,30,41,122,38,81,43,60,55,129,118,117,69" hai2="82,58,77,31,9,13,131,116,18,86,23,130,47" hai3="45,66,126,111,36,15,65,5,62,11,10,95,74"/><T0/><D0/><U103/><E103/><V8/><F116/><W39/><G74/><T50/><D124/><U64/><E81/><V57/><F130/><W7/><G126/><T59/><D128/><U83/><E83/><V125/><F125/><W88/><G111/><T71/><D71/><U44/><E30/><V119/><F119/><W121/><G121/><T110/><D107/><U132/><E129/><V105/><F105/><W98/><G45/><N who="0" m="25895" /><D73/><U12/><E122/><V89/><F131/><W63/><G65/><T123/><D123/><U106/><E106/><V53/><F77/><W68/><REACH who="3" step="1"/><G63/><REACH who="3" ten="250,250,250,240" step="2"/><N who="0" m="38399" /><D110/><U42/><E132/><V24/><F8/><W70/><G70/><T100/><D134/><U28/><E118/><V75/><F75/><W46/><G46/><T35/><D78/><U101/><E117/><V54/><F54/><W85/><G85/><T17/><D76/><U22/><E69/><V104/><F104/><W37/><G37/><T120/><D120/><U25/><E64/><V96/><F96/><W14/><AGARI ba="0,1" hai="5,7,10,11,14,15,36,39,62,66,68,88,95,98" machi="14" ten="20,12000,2" yaku="1,1,0,1,7,1,9,1,54,1,53,1" doraHai="29" doraHaiUra="84" who="3" fromWho="3" sc="250,-60,250,-30,250,-30,240,130" /><INIT seed="1,0,0,0,0,91" ten="190,220,220,370" oya="1" hai0="121,89,107,55,99,35,127,96,48,80,36,129,115" hai1="34,85,58,82,113,69,106,125,77,60,97,76,43" hai2="92,72,42,126,30,15,73,114,18,40,131,102,88" hai3="123,62,37,105,74,101,66,50,122,119,104,13,11"/><U110/><E113/><V52/><F114/><W86/><G37/><T57/><D36/><U64/><E34/><V33/><F126/><W90/><G74/><T133/><D35/><U19/><E125/><V28/><F131/><W38/><G38/><T39/><D39/><U10/><E110/><V49/><F102/><W117/><G50/><T94/><D115/><U20/><E43/><N who="2" m="16427" /><F73/><W135/><G135/><T25/><D127/><U71/><E77/><V1/><F1/><W8/><G8/><T75/><D133/><U128/><E128/><V118/><F72/><W109/><G109/><T3/><D3/><U44/><E44/><N who="2" m="27687" /><F33/><W2/><G2/><T31/><D129/><U21/><E10/><N who="2" m="6519" /><F118/><W46/><G101/><T7/><D121/><U9/><E9/><V65/><F65/><W100/><G100/><T45/><D7/><U132/><E132/><V111/><F111/><W53/><G104/><T27/><D107/><U103/><REACH who="1" step="1"/><E21/><REACH who="1" ten="190,210,220,370" step="2"/><V130/><F130/><W59/><G117/><T47/><D47/><U124/><E124/><V56/><F56/><W87/><G119/><T0/><D45/><U134/><E134/><V14/><F14/><AGARI ba="0,1" hai="14,19,20,58,60,64,69,71,76,82,85,97,103,106" machi="14" ten="30,2900,0" yaku="1,1,7,1,53,0" doraHai="91" doraHaiUra="120" who="1" fromWho="2" sc="190,0,210,39,220,-29,370,0" /><INIT seed="1,1,0,4,2,99" ten="190,249,191,370" oya="1" hai0="66,104,119,105,81,61,109,6,7,77,33,122,51" hai1="85,88,98,82,132,121,36,31,130,14,108,78,13" hai2="3,11,68,44,22,120,97,117,69,34,110,38,53" hai3="1,24,20,9,42,113,67,91,54,16,111,62,49"/><U4/><E121/><V102/><F34/><W84/><G111/><T21/><D33/><U39/><E108/><V65/><F117/><W87/><G113/><T126/><D109/><U112/><E112/><V128/><F120/><W96/><G42/><T56/><D119/><U30/><E132/><V45/><F110/><W70/><G1/><T129/><D122/><U124/><E124/><V43/><F128/><W47/><G9/><T80/><D129/><U135/><E130/><V35/><F35/><W19/><G19/><T59/><D126/><U26/><E135/><V94/><F65/><W63/><G63/><T10/><D81/><U83/><E31/><V134/><F134/><W57/><G70/><T93/><D93/><AGARI ba="1,0" hai="16,20,24,47,49,54,57,62,67,84,87,91,93,96" machi="93" ten="40,2600,0" yaku="8,1,54,1" doraHai="99" who="3" fromWho="0" sc="190,-29,249,0,191,0,370,29" /><INIT seed="2,0,0,2,5,101" ten="161,249,191,399" oya="2" hai0="123,94,129,131,39,44,109,24,15,85,75,73,112" hai1="25,97,83,72,18,26,42,53,117,33,68,55,118" hai2="30,59,62,135,14,96,66,128,120,93,108,56,4" hai3="134,34,63,19,81,90,2,54,48,82,60,43,95"/><V76/><F120/><W10/><G34/><T126/><D24/><U122/><E68/><V86/><F128/><N who="0" m="49226" /><D15/><U87/><E122/><V36/><F135/><W3/><G134/><T114/><D44/><U125/><E125/><V91/><F36/><W69/><G69/><T130/><D39/><U45/><E72/><N who="0" m="27721" /><D123/><U0/><E0/><V103/><F76/><W32/><G32/><T121/><D121/><U57/><E97/><V51/><F108/><W100/><G43/><T22/><D22/><U132/><E132/><V84/><F30/><W92/><G19/><T67/><D67/><U80/><E80/><V110/><F110/><W102/><G10/><T35/><D35/><U40/><E33/><V78/><F78/><W31/><G48/><T41/><D41/><U21/><E26/><V50/><F59/><W28/><G54/><T46/><D46/><U61/><E53/><V88/><F14/><W47/><G47/><T115/><D130/><U70/><E70/><V52/><F4/><W89/><AGARI ba="0,0" hai="2,3,28,31,60,63,81,82,89,90,92,95,100,102" machi="89" ten="25,3200,0" yaku="0,1,22,2" doraHai="101" who="3" fromWho="3" sc="161,-8,249,-8,191,-16,399,32" /><INIT seed="3,0,0,1,3,37" ten="153,241,175,431" oya="3" hai0="13,53,12,124,20,128,116,123,119,58,104,36,78" hai1="27,110,64,42,108,23,98,97,28,82,26,41,48" hai2="33,16,50,19,135,44,8,68,73,117,112,43,59" hai3="67,65,46,69,77,99,57,40,92,2,100,60,88"/><W30/><G2/><T114/><D104/><U25/><E64/><V130/><F68/><W132/><G132/><T35/><D35/><U113/><E113/><V83/><F112/><W39/><G77/><T24/><D114/><U14/><E82/><V89/><F117/><W17/><G30/><T107/><D107/><U122/><E122/><V3/><F33/><W118/><G118/><T102/><D102/><U75/><E75/><V85/><F130/><W120/><G120/><T121/><D128/><U34/><E48/><V47/><F135/><W106/><G17/><T70/><D70/><U129/><E14/><V4/><F73/><W9/><G9/><T0/><D0/><U79/><E79/><V131/><F131/><W93/><G106/><T66/><D78/><U76/><E76/><V133/><F133/><W94/><G100/><T127/><D36/><U29/><E27/><V109/><F109/><N who="1" m="42089" /><E129/><V72/><F72/><W18/><G18/><T101/><D66/><U80/><E80/><V10/><F10/><W91/><G91/><T32/><D101/><U86/><E86/><V1/><F1/><W111/><G111/><T38/><D38/><U49/><E49/><V103/><F103/><W51/><G67/><T87/><D119/><U6/><E6/><V11/><F11/><W63/><G63/><T56/><D116/><U7/><E7/><V5/><F5/><W84/><G84/><T52/><D87/><U125/><E125/><V61/><F47/><W55/><AGARI ba="0,0" hai="39,40,46,51,55,57,60,65,69,88,92,93,94,99" machi="55" ten="30,12000,1" yaku="0,1,24,2,52,1,54,1" doraHai="37" who="3" fromWho="3" sc="153,-40,241,-40,175,-40,431,120" /><INIT seed="3,1,0,2,5,49" ten="113,201,135,551" oya="3" hai0="54,15,9,25,47,3,64,18,94,112,135,60,119" hai1="124,128,72,2,107,56,48,62,41,51,23,38,93" hai2="53,86,26,122,45,43,108,96,37,97,91,17,121" hai3="113,70,98,46,88,118,67,115,89,100,102,22,34"/><W123/><G123/><N who="2" m="47113" /><F108/><W85/><G118/><T5/><D119/><U110/><E107/><V125/><F125/><W127/><G127/><T69/><D135/><U39/><E72/><V14/><F26/><W104/><G102/><T35/><D112/><U8/><E8/><N who="2" m="6343" /><F53/><W0/><G0/><T44/><D94/><AGARI ba="1,0" hai="37,43,45,86,91,94,96,97" m="6343,47113" machi="94" ten="30,1000,0" yaku="13,1" doraHai="49" who="2" fromWho="0" sc="113,-13,201,0,135,13,551,0" /><INIT seed="4,0,0,2,4,27" ten="100,201,148,551" oya="0" hai0="74,41,99,95,30,124,125,129,58,133,47,130,111" hai1="84,128,16,94,119,7,113,120,97,45,134,19,39" hai2="57,50,68,89,80,23,4,123,127,100,51,108,3" hai3="78,131,79,107,38,112,14,11,101,96,76,63,85"/><T12/><D74/><U46/><E119/><V115/><F108/><W2/><G38/><T69/><D69/><U31/><E120/><V81/><F123/><W35/><G2/><T132/><D111/><U28/><E128/><N who="0" m="49257" /><D12/><U86/><E134/><N who="0" m="51817" /><D58/><U26/><E7/><V21/><F4/><W59/><G131/><T109/><D30/><N who="1" m="11307" /><E39/><V20/><F3/><W75/><G75/><T24/><D24/><U25/><E25/><V118/><F118/><W54/><G35/><T102/><D109/><U122/><E113/><V77/><F115/><W114/><G114/><T67/><D67/><U92/><E122/><V72/><F68/><W90/><G112/><T29/><D29/><U49/><E46/><V66/><F66/><W61/><G14/><T62/><D62/><U88/><E26/><V17/><F17/><N who="1" m="6729" /><E92/><V1/><F1/><W65/><G63/><T18/><D18/><U5/><E5/><V93/><F93/><W52/><G61/><T73/><D73/><U48/><E48/><AGARI ba="0,0" hai="41,47,48,95,99,102,124,125" m="51817,49257" machi="48" ten="30,11600,0" yaku="30,2,19,1,20,1" doraHai="27" who="0" fromWho="1" sc="100,116,201,-116,148,0,551,0" /><INIT seed="4,1,0,3,1,96" ten="216,85,148,551" oya="0" hai0="41,105,64,90,58,37,15,39,69,28,106,17,2" hai1="126,50,85,19,36,115,27,100,120,135,118,33,0" hai2="54,70,123,122,92,52,117,79,94,134,91,82,71" hai3="121,45,110,61,74,20,31,75,119,8,93,55,26"/><T83/><D2/><U101/><E36/><V102/><F134/><W66/><G110/><T11/><D69/><U67/><E118/><V46/><F117/><W63/><G119/><T29/><D39/><U7/><E135/><V14/><F14/><W43/><G121/><T42/><D37/><U88/><E120/><V132/><F132/><W6/><G55/><T87/><D106/><U57/><E126/><V23/><F23/><W78/><G78/><T131/><D105/><U80/><E115/><V68/><F102/><N who="1" m="39529" /><E33/><V25/><F25/><W109/><G61/><N who="0" m="37943" /><D131/><U16/><E0/><V77/><F46/><W9/><G9/><T48/><D48/><U116/><E116/><V86/><F122/><W21/><G74/><T107/><D107/><U99/><E7/><V18/><F123/><W1/><G6/><T98/><D98/><U95/><E27/><V89/><F18/><W62/><G75/><T127/><D127/><U47/><E57/><V51/><F51/><W76/><G1/><T32/><D32/><U81/><E67/><V124/><F124/><W53/><G66/><T56/><D56/><U108/><E108/><V38/><F38/><W104/><G104/><T103/><D103/><N who="1" m="60927" /><E80/><V35/><F35/><W30/><G109/><T129/><D129/><U125/><E125/><V24/><F24/><W84/><G26/><T112/><D112/><U5/><E5/><V128/><F128/><W72/><G72/><T133/><D133/><U3/><E3/><V97/><F82/><W60/><G31/><AGARI ba="1,0" hai="11,15,17,28,29,31,41,42,83,87,90" m="37943" machi="31" ten="30,1500,0" yaku="8,1" doraHai="96" who="0" fromWho="3" sc="216,18,85,0,148,0,551,-18" /><INIT seed="4,2,0,5,3,85" ten="234,85,148,533" oya="0" hai0="77,67,127,91,113,109,130,56,29,43,7,34,123" hai1="1,94,121,23,22,111,129,15,60,30,135,74,48" hai2="32,14,12,10,99,101,41,19,75,55,105,38,68" hai3="133,17,72,89,37,39,8,42,95,3,25,20,33"/><T122/><D113/><U119/><E119/><V73/><F32/><W50/><G72/><T82/><D127/><U36/><E36/><V21/><F68/><W40/><G133/><T70/><D130/><U78/><E1/><V84/><F41/><W9/><G33/><T53/><D109/><U51/><E121/><V0/><F38/><W87/><G40/><T96/><D43/><U88/><E135/><V86/><F0/><W65/><G65/><T132/><D7/><U79/><E129/><V11/><F21/><W71/><G71/><T102/><D132/><U4/><E111/><V57/><F75/><W28/><G3/><T35/><D67/><U49/><E60/><V115/><F73/><W64/><G64/><T125/><D77/><N who="1" m="29195" /><E30/><V116/><F115/><W126/><G126/><T80/><D125/><U5/><E74/><V59/><F116/><W52/><G39/><T97/><D70/><U47/><E47/><V81/><F55/><W118/><G118/><T61/><D29/><U124/><E124/><V120/><F120/><W112/><G112/><T44/><D44/><U106/><E106/><V62/><F62/><W134/><G134/><T100/><D61/><U98/><E22/><V117/><F117/><W76/><G28/><T6/><D53/><U18/><AGARI ba="2,0" hai="4,5,15,18,23,48,49,51,88,94,98" m="29195" machi="18" ten="30,4000,0" yaku="8,1,52,1,54,1" doraHai="85" who="1" fromWho="1" sc="234,-22,85,46,148,-12,533,-12" /><INIT seed="5,0,0,2,2,100" ten="212,131,136,521" oya="1" hai0="48,112,21,125,40,134,2,117,74,78,59,52,35" hai1="118,24,47,56,16,126,129,128,88,87,76,114,45" hai2="95,113,37,28,50,64,7,91,53,94,124,115,102" hai3="13,29,99,36,4,133,51,73,27,6,67,77,11"/><U61/><E118/><V17/><F37/><W63/><G36/><T108/><D35/><U46/><E126/><V90/><F124/><W107/><G133/><T43/><D2/><U71/><E71/><V85/><F64/><W103/><G51/><T121/><D108/><U119/><E119/><V97/><F28/><W93/><G77/><T110/><D110/><U60/><E76/><V72/><F7/><W83/><G83/><T135/><D117/><U32/><E114/><N who="2" m="43531" /><F17/><W1/><G73/><T38/><D38/><U10/><E32/><V123/><F72/><W54/><G54/><T8/><D8/><U44/><N who="1" m="11264" /><DORA hai="96" /><U109/><E109/><V127/><F123/><W55/><G55/><T15/><D121/><U22/><E10/><V105/><F127/><W3/><G6/><T92/><D125/><U31/><E31/><V66/><F66/><W79/><G79/><T14/><D112/><U68/><E68/><V122/><F122/><W9/><G9/><T34/><D78/><U111/><E111/><V70/><F70/><W58/><G3/><T86/><D74/><U101/><E101/><V131/><F131/><N who="1" m="50249" /><E56/><N who="2" m="32823" /><F91/><W84/><G1/><T18/><D34/><U42/><E42/><V19/><F19/><W49/><G29/><T5/><D135/><U80/><AGARI ba="0,0" hai="16,22,24,60,61,80,87,88" m="50249,11264" machi="80" ten="50,9600,0" yaku="19,1,54,2" doraHai="100,96" who="1" fromWho="1" sc="212,-32,131,96,136,-32,521,-32" /><INIT seed="5,1,0,5,1,59" ten="180,227,104,489" oya="1" hai0="37,123,52,135,22,8,125,18,20,1,54,67,95" hai1="63,21,71,118,5,109,75,129,78,10,7,47,33" hai2="91,94,12,27,113,25,38,4,126,100,43,130,73" hai3="15,79,82,124,133,3,105,131,24,32,128,68,92"/><U28/><E118/><V19/><F73/><W103/><G3/><T112/><D37/><U101/><E129/><V93/><F130/><N who="3" m="49707" /><G68/><T121/><D112/><U53/><E109/><V60/><F126/><W108/><G105/><T111/><D111/><U127/><E127/><V9/><F113/><W57/><G108/><T69/><D125/><U132/><E132/><V31/><F100/><W87/><G124/><T41/><D41/><U134/><E134/><V61/><F43/><W106/><G106/><T96/><D135/><U99/><E21/><V14/><F38/><W89/><G15/><T119/><D22/><U122/><E122/><N who="0" m="46601" /><D119/><U98/><E98/><V65/><F65/><W120/><G103/><N who="0" m="60831" /><D67/><N who="1" m="41471" /><E10/><V26/><F31/><N who="3" m="19559" /><G133/><T42/><D69/><U39/><E39/><V81/><F81/><W72/><G120/><T107/><D107/><N who="1" m="63935" /><E78/><V110/><F110/><W23/><G23/><T88/><D88/><U62/><E75/><V83/><F83/><W64/><G64/><T30/><D42/><U46/><E46/><V117/><F117/><W40/><G40/><T86/><D86/><U70/><E47/><V77/><F77/><W90/><G90/><T48/><D48/><U114/><E114/><V55/><F55/><W115/><G115/><T44/><D44/><U13/><E53/><V49/><F49/><W84/><G84/><T11/><D11/><U104/><E104/><V29/><F29/><W80/><G80/><T58/><D58/><AGARI ba="1,0" hai="57,58,72,79,82,87,89,92" m="19559,49707" machi="58" ten="30,1000,0" yaku="19,1" doraHai="59" who="3" fromWho="0" sc="180,-13,227,0,104,0,489,13" /><INIT seed="6,0,0,1,2,41" ten="167,227,104,502" oya="2" hai0="93,44,106,116,17,98,109,32,133,124,29,126,122" hai1="102,101,61,56,9,20,123,30,118,94,103,22,34" hai2="78,66,58,71,0,91,37,70,59,40,111,60,134" hai3="88,105,95,42,74,96,130,15,69,104,55,21,7"/><V107/><F107/><W12/><G69/><T28/><D122/><U77/><E118/><V23/><F0/><W129/><G74/><T5/><D106/><U10/><E123/><V112/><F134/><W67/><G67/><T26/><D109/><U80/><E34/><V4/><F4/><W31/><G42/><T24/><D133/><U99/><E10/><V89/><F112/><W82/><G55/><T110/><D110/><U65/><E9/><V52/><F111/><W6/><G82/><T97/><D5/><N who="3" m="1545" /><G31/><T64/><D17/><U27/><REACH who="1" step="1"/><E22/><REACH who="1" ten="167,217,104,502" step="2"/><V16/><F78/><W46/><G21/><T63/><D116/><U125/><E125/><V75/><F75/><AGARI ba="0,1" hai="20,27,30,56,61,65,75,77,80,94,99,101,102,103" machi="75" ten="30,8000,1" yaku="1,1,7,1,25,2,53,1" doraHai="41" doraHaiUra="92" who="1" fromWho="2" sc="167,0,217,90,104,-80,502,0" /><INIT seed="7,0,0,2,2,27" ten="167,307,24,502" oya="3" hai0="126,39,20,63,43,60,77,133,122,74,80,93,75" hai1="4,130,109,49,14,7,67,95,124,19,120,125,48" hai2="135,3,12,31,119,13,65,89,79,116,11,28,76" hai3="34,84,35,64,72,52,21,82,16,70,85,62,86"/><W24/><G52/><T53/><D122/><U56/><E109/><V10/><F65/><W6/><G6/><T94/><D126/><U2/><E7/><V37/><F37/><W121/><G121/><T131/><D133/><U47/><E4/><V29/><F89/><W25/><G25/><T102/><D131/><U91/><E2/><V8/><F135/><W51/><G51/><T83/><D20/><U42/><E130/><V15/><REACH who="2" step="1"/><F3/><REACH who="2" ten="167,307,14,502" step="2"/><W97/><G97/><T123/><D39/><U54/><E124/><V38/><F38/><W100/><G100/><T66/><D102/><U40/><E125/><V5/><F5/><W128/><G128/><T17/><D66/><U92/><E67/><V87/><F87/><W108/><G108/><T46/><D75/><U30/><E120/><V69/><F69/><W44/><G44/><T1/><D74/><U134/><E134/><V58/><F58/><W117/><G117/><AGARI ba="0,1" hai="8,10,11,12,13,15,28,29,31,76,79,116,117,119" machi="117" ten="50,16000,3" yaku="1,1,29,2,28,2,52,3,53,0" doraHai="27" doraHaiUra="36" who="2" fromWho="3" sc="167,0,307,0,14,170,502,-160" owari="167,-33.3,307,10.7,184,-21.6,342,44.2" /></mjloggm>