<mjloggm ver="2.3"><GO type="169" lobby="0"/><UN n0="%E3%81%9D%E3%82%93%E3%81%97%E6%A7%98" n1="%E3%81%9B%E3%81%A9%E3%81%AA%E3%82%8A%E3%81%82%E3%82%93" n2="%41%4C%50%45%52%49%4E" n3="%E5%A4%A7%E6%A5%A0%E5%85%AC" dan="17,17,16,16" rate="2227.47,2205.36,2186.70,2150.62" sx="M,F,M,M"/><TAIKYOKU oya="0"/><INIT seed="0,0,0,4,3,79" ten="250,250,250,250" oya="0" hai0="22,21,47,109,31,18,2,124,97,66,12,50,119" hai1="68,125,63,108,70,87,115,17,28,81,130,35,5" hai2="60,25,59,37,86,64,99,126,49,95,135,72,84" hai3="85,32,131,89,19,44,48,82,34,100,33,133,134"/><T51/><D119/><U16/><E5/><V38/><F72/><W8/><G131/><T105/><D2/><U9/><E130/><V27/><F126/><W92/><G100/><T129/><D129/><U42/><E125/><V39/><F135/><W91/><G8/><T104/><D124/><U20/><E42/><V56/><F56/><W24/><G19/><T15/><D66/><U7/><E108/><V122/><F122/><W45/><G24/><T54/><D109/><U75/><E75/><V106/><F106/><W93/><G44/><T11/><D97/><U94/><E94/><V132/><F132/><N who="3" m="50795" /><G91/><T23/><D31/><U98/><E115/><V77/><F49/><W120/><G120/><T36/><D36/><U127/><E127/><V52/><F64/><W116/><G116/><T110/><D110/><U114/><E114/><V46/><F46/><W3/><G3/><T113/><D113/><U101/><E28/><V111/><F111/><W121/><G121/><T65/><D50/><U1/><E63/><V43/><F43/><AGARI ba="0,0" hai="32,33,34,43,45,48,82,85,89,92,93" m="50795" machi="43" ten="40,2600,0" yaku="20,1,52,1" doraHai="79" who="3" fromWho="2" sc="250,0,250,0,250,-26,250,26" /><INIT seed="1,0,0,2,3,95" ten="250,250,224,276" oya="1" hai0="29,61,69,115,53,117,54,62,85,122,8,110,23" hai1="16,120,13,111,28,90,94,124,39,64,87,19,65" hai2="7,44,107,41,86,109,67,9,99,106,130,37,121" hai3="0,51,35,32,74,48,82,108,129,25,103,118,5"/><U24/><E120/><V91/><F121/><W46/><G108/><T56/><D110/><U81/><E111/><V83/><F109/><W131/><G118/><T63/><D115/><U126/><E39/><V40/><F130/><W116/><G116/><T89/><D117/><U21/><E19/><V52/><F67/><W133/><G133/><T128/><D128/><N who="3" m="49225" /><G103/><T4/><D69/><U113/><E113/><V55/><F41/><W125/><G125/><N who="1" m="48234" /><E81/><V123/><F123/><W47/><G5/><T132/><D132/><U14/><E14/><V12/><REACH who="2" step="1"/><F107/><REACH who="2" ten="250,250,214,276" step="2"/><W88/><G0/><T79/><D122/><U11/><AGARI ba="0,1" hai="11,13,16,21,24,28,64,65,87,90,94" m="48234" machi="11" ten="30,3000,0" yaku="18,1,54,1" doraHai="95" who="1" fromWho="1" sc="250,-10,250,40,214,-10,276,-10" /><INIT seed="1,1,0,1,2,58" ten="240,290,204,266" oya="1" hai0="127,56,130,126,111,80,99,93,13,57,32,68,95" hai1="76,89,61,37,14,54,62,84,44,46,12,0,78" hai2="30,101,33,43,77,74,25,4,120,1,104,67,72" hai3="50,28,3,60,75,79,52,70,94,73,41,18,53"/><U103/><E0/><V123/><F43/><W128/><G128/><T119/><D111/><U10/><E103/><V42/><F42/><W20/><G3/><T11/><D119/><U39/><E39/><V83/><F74/><W97/><G28/><T114/><D114/><U92/><E37/><V88/><F88/><N who="3" m="55495" /><G70/><T21/><D32/><U106/><E106/><V2/><F67/><W115/><G115/><T91/><D68/><U131/><E12/><V34/><F34/><W48/><G75/><T109/><BYE who="2" /><D109/><U113/><E113/><UN n2="%41%4C%50%45%52%49%4E" /><V117/><F117/><W100/><G73/><T35/><D35/><U15/><E15/><V59/><F59/><N who="3" m="34919" /><G79/><N who="1" m="30250" /><E131/><V124/><F124/><W16/><G100/><T108/><D108/><U65/><E65/><V105/><F1/><W129/><G129/><T121/><D121/><N who="2" m="46666" /><F101/><W8/><G41/><T122/><D122/><U17/><E54/><V116/><F116/><W51/><G8/><AGARI ba="1,0" hai="2,4,8,25,30,33,72,77,83,104,105" m="46666" machi="8" ten="30,1000,0" yaku="23,1" doraHai="58" who="2" fromWho="3" sc="240,0,290,0,204,13,266,-13" /><INIT seed="2,0,0,2,5,58" ten="240,290,217,253" oya="2" hai0="109,27,3,82,35,23,79,54,84,55,67,40,17" hai1="87,86,94,6,81,51,22,115,56,102,108,37,128" hai2="120,131,2,21,13,5,71,101,50,14,34,62,49" hai3="78,53,8,129,38,26,68,110,64,11,65,33,57"/><V66/><F120/><W74/><G110/><T19/><D109/><U91/><E37/><V133/><F34/><W127/><G129/><T44/><D35/><U48/><E115/><V77/><F131/><W47/><G127/><T105/><D105/><U93/><E128/><V98/><F133/><W117/><G117/><T7/><D67/><U69/><E69/><V121/><F121/><W88/><G78/><T83/><D3/><U39/><E39/><V104/><F77/><W59/><G74/><T4/><D82/><U18/><E6/><V100/><F100/><W85/><G68/><T31/><D4/><U111/><E111/><V90/><F90/><W92/><G33/><T76/><D7/><U52/><E108/><V73/><F73/><W25/><G38/><T80/><D40/><U125/><E125/><V1/><F14/><W132/><G132/><T124/><D124/><U96/><E51/><V126/><F126/><W75/><G75/><T107/><D107/><U10/><E10/><N who="3" m="3626" /><G47/><T12/><D44/><U36/><E36/><V43/><F5/><W122/><G122/><T46/><D46/><U130/><E130/><V9/><F43/><W119/><G119/><T28/><D31/><U16/><E22/><V113/><F113/><W112/><G112/><T24/><D28/><U15/><E15/><V135/><F135/><W32/><G32/><T42/><D42/><U30/><E30/><V63/><F2/><W70/><G70/><T95/><D12/><U72/><E72/><V99/><F1/><W103/><G25/><T106/><D24/><U123/><E123/><RYUUKYOKU ba="0,0" sc="240,-10,290,30,217,-10,253,-10" hai1="16,18,48,52,56,81,86,87,91,93,94,96,102" /><INIT seed="3,1,0,4,1,21" ten="230,320,207,243" oya="3" hai0="45,37,59,17,22,0,131,19,92,83,129,47,18" hai1="20,10,76,124,96,3,123,14,134,86,80,63,49" hai2="73,132,133,75,100,44,61,60,103,58,102,15,112" hai3="71,121,70,65,89,54,94,7,82,95,48,11,81"/><W38/><G38/><T118/><D118/><U62/><E123/><V128/><F112/><W16/><G121/><T74/><D0/><U84/><E124/><V52/><F128/><N who="0" m="49226" /><D92/><U42/><E134/><N who="2" m="51819" /><F44/><N who="0" m="16970" /><D37/><U79/><E3/><V108/><F108/><W24/><G95/><T12/><D59/><U99/><E49/><N who="2" m="30991" /><F15/><N who="3" m="5631" /><G65/><T88/><D74/><AGARI ba="1,0" hai="60,61,73,74,75,100,102,103" m="30991,51819" machi="74" ten="40,2600,0" yaku="20,1,54,1" doraHai="21" who="2" fromWho="0" sc="230,-29,320,0,207,29,243,0" /><INIT seed="4,0,0,5,1,77" ten="201,320,236,243" oya="0" hai0="107,69,2,26,100,89,7,38,36,94,99,64,21" hai1="86,62,33,118,88,75,43,54,71,122,52,106,133" hai2="110,27,50,67,1,82,6,10,39,42,109,32,22" hai3="41,16,92,116,15,76,37,125,13,126,84,14,79"/><T66/><D2/><U98/><E118/><V31/><F67/><W120/><G116/><T121/><D121/><U130/><E122/><V103/><F103/><W5/><G120/><T114/><D114/><U127/><E43/><V34/><F50/><W104/><G104/><T59/><D7/><U30/><E75/><V55/><F55/><W85/><G5/><T57/><D69/><U96/><E130/><V115/><F115/><W73/><G73/><T0/><D0/><U18/><E133/><V56/><F56/><W91/><G41/><T23/><D23/><U112/><E112/><V70/><F70/><W132/><G37/><T87/><D59/><U29/><E127/><N who="3" m="48650" /><G132/><T17/><REACH who="0" step="1"/><D66/><REACH who="0" ten="191,320,236,243" step="2"/><U123/><E123/><V90/><F22/><W49/><G49/><T101/><D101/><U60/><E71/><V74/><F34/><W131/><G131/><T117/><D117/><U4/><E33/><V28/><F32/><W25/><G84/><T46/><D46/><U81/><E4/><V80/><F6/><W108/><G108/><T40/><D40/><U129/><E129/><V135/><F109/><W134/><G134/><T65/><D65/><U47/><E47/><V61/><F110/><W119/><G119/><T45/><D45/><U3/><E3/><V95/><F1/><W19/><G19/><T44/><D44/><U9/><E18/><V35/><F35/><W63/><G63/><AGARI ba="0,1" hai="17,21,26,36,38,57,63,64,87,89,94,99,100,107" machi="63" ten="40,3900,0" yaku="1,1,53,1" doraHai="77" doraHaiUra="20" who="0" fromWho="3" sc="191,49,320,0,236,0,243,-39" /><INIT seed="4,1,0,0,1,56" ten="240,320,236,204" oya="0" hai0="129,54,43,110,96,116,21,8,125,65,114,135,67" hai1="49,133,93,1,28,88,102,90,107,4,121,19,16" hai2="97,124,115,47,113,119,9,20,80,38,73,71,60" hai3="58,32,89,126,27,44,35,92,41,81,11,15,70"/><T3/><D116/><U118/><E118/><V59/><F124/><W22/><G70/><T53/><D114/><N who="2" m="43530" /><F119/><W77/><G126/><T23/><D125/><U37/><E37/><V94/><F71/><W98/><G58/><T42/><D96/><N who="1" m="59663" /><E1/><V10/><F20/><W55/><G55/><T33/><D8/><U29/><E107/><V131/><F131/><W95/><G95/><T31/><D31/><N who="1" m="11851" /><E121/><V13/><F80/><W0/><G22/><T52/><D3/><U134/><E4/><V122/><F73/><W86/><G27/><T83/><D129/><U91/><E49/><V64/><F122/><W84/><G0/><T111/><D33/><U12/><E12/><V130/><F13/><W17/><REACH who="3" step="1"/><G98/><REACH who="3" ten="240,320,236,194" step="2"/><T108/><D21/><U105/><E105/><V5/><F130/><W132/><G132/><AGARI ba="1,1" hai="16,19,88,90,91,132,133,134" m="11851,59663" machi="132" ten="30,3900,0" yaku="20,1,54,2" doraHai="56" who="1" fromWho="3" sc="240,0,320,52,236,0,194,-42" /><INIT seed="5,0,0,2,1,105" ten="240,372,236,152" oya="1" hai0="0,2,63,56,29,115,91,3,22,114,109,135,93" hai1="104,16,25,18,127,43,19,13,20,79,75,112,24" hai2="17,76,88,31,60,87,35,50,57,100,26,133,131" hai3="21,8,36,86,70,44,64,121,78,32,128,132,129"/><U95/><E104/><V111/><F111/><W130/><G32/><T84/><D109/><U80/><E112/><N who="0" m="43049" /><D135/><U92/><E127/><V102/><F131/><W81/><G121/><T54/><D22/><U49/><E24/><V53/><F133/><W134/><G21/><T96/><D29/><U62/><E62/><V7/><F7/><W28/><G28/><T34/><D34/><U59/><E59/><V119/><F119/><W106/><G106/><T77/><D77/><U69/><E69/><V120/><F120/><W1/><G64/><T68/><D68/><U122/><E122/><V11/><F76/><W107/><G107/><T66/><D96/><U45/><REACH who="1" step="1"/><E13/><REACH who="1" ten="240,362,236,152" step="2"/><V15/><REACH who="2" step="1"/><F60/><REACH who="2" ten="240,362,226,152" step="2"/><W113/><G113/><T73/><D66/><U33/><E33/><V61/><F61/><W40/><G70/><T99/><D63/><U39/><E39/><V23/><F23/><W47/><G47/><T65/><D65/><U51/><E51/><V94/><AGARI ba="0,2" hai="11,15,17,26,31,35,50,53,57,87,88,94,100,102" machi="94" ten="20,5200,0" yaku="1,1,0,1,7,1,54,1,53,0" doraHai="105" doraHaiUra="74" who="2" fromWho="2" sc="240,-13,362,-26,226,72,152,-13" /><INIT seed="6,0,0,2,0,1" ten="227,336,298,139" oya="2" hai0="115,23,94,89,84,134,15,103,122,57,105,124,14" hai1="86,91,21,135,118,13,71,22,73,111,127,44,42" hai2="48,95,62,80,120,77,130,27,18,7,9,6,109" hai3="101,4,58,85,98,110,123,69,55,70,45,35,30"/><V78/><F120/><W0/><G110/><T29/><D122/><U34/><E111/><V93/><F109/><W5/><G123/><T65/><D115/><U10/><E34/><V26/><F130/><W125/><G0/><T25/><D134/><U2/><E2/><V68/><F68/><W108/><G108/><T107/><D124/><U128/><E118/><V75/><F62/><W92/><G125/><T20/><D107/><U131/><E71/><V53/><F77/><W116/><G116/><T74/><D74/><U16/><E73/><V11/><F93/><W36/><G69/><T39/><D39/><U79/><E79/><V54/><F95/><W52/><G70/><T102/><D105/><U99/><E99/><V114/><F114/><W87/><G30/><T67/><D15/><U106/><E106/><V47/><F54/><W31/><G31/><T132/><D132/><U33/><E33/><V3/><REACH who="2" step="1"/><F18/><REACH who="2" ten="227,336,288,139" step="2"/><W96/><G96/><T46/><D94/><N who="1" m="54647" /><E135/><V112/><F112/><W133/><G133/><T40/><D67/><U113/><E113/><V37/><F37/><W61/><G35/><T51/><D65/><U50/><E127/><V119/><F119/><W60/><G36/><T88/><D29/><U8/><E131/><V12/><AGARI ba="0,1" hai="3,6,7,9,11,12,26,27,47,48,53,75,78,80" machi="12" ten="20,18000,2" yaku="1,1,0,1,7,1,52,2,53,1" doraHai="1" doraHaiUra="49" who="2" fromWho="2" sc="227,-60,336,-60,288,190,139,-60" /><INIT seed="6,1,0,4,2,62" ten="167,276,478,79" oya="2" hai0="86,17,116,102,103,12,115,131,119,23,105,129,95" hai1="18,130,26,10,57,100,71,111,82,94,112,42,97" hai2="69,83,33,110,24,123,125,32,30,53,60,35,29" hai3="19,124,4,5,76,36,56,31,48,84,2,27,52"/><V109/><F123/><W55/><G124/><T40/><D40/><U79/><E111/><N who="2" m="42507" /><F125/><W66/><G36/><T107/><D115/><U99/><E71/><V117/><F117/><N who="0" m="45130" /><D86/><U96/><E130/><N who="0" m="49673" /><D95/><U34/><E34/><V3/><F3/><W54/><G2/><T47/><D47/><U9/><E42/><V22/><F83/><W11/><G76/><T13/><D12/><U80/><E80/><V39/><F39/><W127/><G127/><T114/><D114/><U14/><E112/><V132/><F53/><W72/><G84/><T0/><D0/><U7/><E82/><V89/><F89/><W59/><G72/><T49/><D49/><U113/><E79/><V50/><F50/><W70/><G70/><T81/><D81/><U21/><E113/><V65/><F132/><W43/><G43/><T1/><D1/><U28/><E57/><V88/><F88/><W133/><G133/><T68/><D68/><U37/><E37/><V6/><F69/><W64/><G55/><T67/><D67/><N who="3" m="25641" /><G11/><T90/><D90/><U20/><E9/><V58/><F65/><W104/><G104/><AGARI ba="1,0" hai="13,17,23,102,103,104,105,107" m="49673,45130" machi="104" ten="40,2600,0" yaku="12,1,19,1" doraHai="62" who="0" fromWho="3" sc="167,29,276,0,478,0,79,-29" /><INIT seed="7,0,0,3,0,60" ten="196,276,478,50" oya="3" hai0="66,88,92,56,24,1,73,64,17,13,125,31,105" hai1="98,37,49,90,11,40,12,117,19,133,130,112,126" hai2="84,48,81,45,80,100,72,128,30,131,55,75,120" hai3="16,61,93,96,5,28,74,35,2,79,22,132,110"/><W42/><G132/><T33/><D105/><U123/><E123/><V43/><F120/><W0/><G110/><T21/><D73/><U70/><E37/><V36/><F100/><W52/><G42/><T83/><D83/><U129/><E70/><V85/><F30/><W39/><G39/><T97/><D125/><U95/><E112/><V68/><F68/><W4/><G35/><T99/><D99/><U109/><E109/><V23/><F23/><W67/><G28/><T63/><D1/><U29/><E29/><V20/><F20/><W44/><G0/><T9/><REACH who="0" step="1"/><D64/><REACH who="0" ten="186,276,478,50" step="2"/><U86/><E126/><V71/><F81/><W26/><G2/><T6/><D6/><U127/><E98/><V87/><F80/><W62/><G74/><T114/><D114/><U51/><E86/><V89/><F75/><W7/><G79/><T116/><D116/><U18/><E117/><V124/><F72/><W57/><G44/><T121/><D121/><U122/><E122/><V34/><F87/><W94/><REACH who="3" step="1"/><G96/><REACH who="3" ten="186,276,478,40" step="2"/><T118/><D118/><U77/><E77/><V38/><F45/><W58/><AGARI ba="0,2" hai="4,5,7,16,22,26,52,57,58,61,62,67,93,94" machi="58" ten="30,18000,2" yaku="1,1,2,1,0,1,8,1,52,1,54,2,53,0" doraHai="60" doraHaiUra="32" who="3" fromWho="3" sc="186,-60,276,-60,478,-60,40,200" /><INIT seed="7,1,0,4,0,6" ten="126,216,418,240" oya="3" hai0="122,73,26,62,89,105,128,19,102,56,18,123,100" hai1="47,121,35,45,46,20,91,81,4,1,71,50,64" hai2="96,84,13,94,22,59,112,115,24,129,0,69,119" hai3="21,74,66,86,53,39,85,37,90,33,5,104,61"/><W116/><G33/><T78/><D128/><U52/><E35/><V132/><F119/><W57/><G74/><T87/><D122/><U103/><E121/><V67/><F0/><W93/><G116/><T15/><D123/><U134/><E103/><V126/><F69/><W68/><G104/><T111/><D111/><U12/><E1/><V34/><F126/><W3/><G85/><T31/><D31/><U58/><E134/><V42/><F42/><W108/><G108/><T63/><D26/><U23/><E71/><V124/><F132/><W101/><G101/><T98/><D100/><U55/><E64/><V75/><F75/><W79/><G79/><T70/><D70/><U43/><E43/><V135/><F135/><W38/><G21/><N who="1" m="8266" /><E4/><V125/><F13/><W7/><REACH who="3" step="1"/><G3/><REACH who="3" ten="126,216,418,230" step="2"/><T16/><D15/><U9/><E12/><V133/><F84/><W29/><G29/><T48/><D48/><AGARI ba="1,1" hai="5,7,37,38,39,48,53,57,61,66,68,86,90,93" machi="48" ten="40,2000,0" yaku="1,1,53,0" doraHai="6" doraHaiUra="127" who="3" fromWho="0" sc="126,-23,216,0,418,0,230,33" /><INIT seed="7,2,0,1,2,85" ten="103,216,418,263" oya="3" hai0="127,114,77,28,87,102,18,33,112,31,50,55,84" hai1="1,86,132,130,65,73,74,105,134,104,91,100,12" hai2="53,3,93,123,126,52,5,92,70,101,96,35,64" hai3="113,15,89,45,17,68,10,103,47,108,29,62,42"/><W121/><G121/><T51/><D102/><U61/><E1/><V82/><F35/><W109/><G113/><T38/><D38/><U23/><E130/><V60/><F123/><W97/><G29/><T125/><D33/><U111/><E111/><V49/><F126/><W30/><G30/><T40/><D55/><U9/><E23/><V72/><F93/><W16/><G17/><T76/><REACH who="0" step="1"/><D18/><REACH who="0" ten="93,216,418,263" step="2"/><N who="1" m="8463" /><E100/><V25/><F53/><W78/><G103/><T4/><D4/><U115/><E115/><V46/><F5/><W75/><G16/><T56/><D56/><N who="1" m="37031" /><E105/><V110/><F52/><W21/><G108/><T67/><D67/><U13/><E104/><V43/><F110/><W128/><G109/><T8/><D8/><U22/><E22/><V54/><F54/><W69/><G21/><T83/><D83/><U63/><E63/><V48/><F82/><W44/><G62/><T88/><D88/><U32/><E32/><V57/><F57/><W122/><G89/><T20/><D20/><U135/><E13/><V98/><F3/><W58/><G15/><T7/><D7/><U124/><E124/><V0/><F0/><W59/><G10/><T34/><D34/><U99/><E91/><V14/><F14/><W36/><G36/><T118/><D118/><U27/><E134/><V119/><F119/><W95/><G59/><T107/><D107/><U79/><E135/><V120/><F60/><W80/><G58/><T19/><D19/><U39/><E132/><V117/><F120/><W26/><G80/><T106/><D106/><U24/><E39/><V133/><F133/><RYUUKYOKU ba="2,1" sc="93,30,216,-10,418,-10,263,-10" hai0="28,31,40,50,51,76,77,84,87,112,114,125,127" owari="123,-37.7,206,-19.4,418,51.8,253,5.3" /></mjloggm>