<mjloggm ver="2.3"><GO type="169" lobby="0"/><UN n0="%E5%AE%8C%E5%85%A8%E5%AE%89%E7%89%8C" n1="%E5%A4%A9%E6%89%8D%E9%BA%BB%E5%B0%86%E6%99%BA%E4%B9%83" n2="%E3%81%93%E3%81%AB" n3="%E6%A8%99" dan="18,16,16,16" rate="2281.73,2149.23,2164.05,2144.93" sx="M,M,M,M"/><TAIKYOKU oya="0"/><INIT seed="0,0,0,5,0,128" ten="250,250,250,250" oya="0" hai0="66,55,61,10,13,45,129,110,5,132,108,120,101" hai1="26,113,4,111,51,46,36,21,97,11,95,50,107" hai2="27,30,106,59,123,52,105,62,84,35,22,65,127" hai3="125,70,33,19,86,17,38,6,91,99,2,7,104"/><T40/><D120/><U24/><E107/><V134/><F127/><W100/><G38/><T118/><D118/><U87/><E111/><N who="0" m="42537" /><D129/><U114/><E87/><V1/><F1/><W80/><G125/><T109/><N who="0" m="42545" /><T88/><DORA hai="116" /><D101/><U117/><E36/><V9/><F123/><W102/><G102/><T15/><D55/><U94/><E117/><V64/><F105/><W71/><G33/><T135/><D13/><U119/><E119/><V57/><F106/><W48/><G48/><N who="0" m="26663" /><D88/><U103/><E103/><V47/><F47/><W34/><G34/><T58/><AGARI ba="0,0" hai="5,10,15,58,61,66,132,135" m="26663,42545" machi="58" ten="40,12000,1" yaku="14,1,10,1,52,2" doraHai="128,116" who="0" fromWho="0" sc="250,120,250,-40,250,-40,250,-40" /><INIT seed="0,1,0,2,3,58" ten="370,210,210,210" oya="0" hai0="89,6,132,56,2,75,81,131,83,35,57,101,135" hai1="112,82,17,67,77,32,126,91,64,95,84,109,39" hai2="9,120,127,7,26,78,90,111,31,99,1,49,116" hai3="25,21,134,79,55,130,128,59,62,33,38,42,44"/><T133/><D35/><U74/><E109/><V61/><F120/><W117/><G117/><T71/><D71/><U102/><E39/><V100/><F111/><W12/><G134/><T10/><D131/><N who="3" m="50217" /><G79/><N who="0" m="44287" /><D101/><U119/><E119/><V36/><F36/><W45/><G33/><T96/><D96/><U107/><E126/><V68/><F127/><W70/><G70/><T41/><D41/><U0/><E0/><V60/><F116/><W24/><G44/><T123/><D123/><U113/><E32/><V72/><F90/><W118/><G118/><T69/><D69/><U28/><E28/><V16/><F49/><W5/><G5/><T11/><D10/><U18/><E17/><AGARI ba="1,0" hai="12,17,21,24,25,38,42,45,55,59,62" m="50217" machi="17" ten="30,2000,0" yaku="19,1,52,1" doraHai="58" who="3" fromWho="1" sc="370,0,210,-23,210,0,210,23" /><INIT seed="1,0,0,5,3,125" ten="370,187,210,233" oya="1" hai0="22,45,58,1,133,23,11,131,130,107,59,78,56" hai1="19,104,119,47,93,72,75,117,35,7,132,41,57" hai2="49,118,66,44,10,81,109,95,84,37,13,87,105" hai3="27,30,6,122,111,39,126,48,38,116,91,73,82"/><U64/><E104/><V34/><F105/><W16/><G122/><T20/><D133/><U61/><E132/><V124/><F118/><W70/><G70/><T53/><D107/><U115/><E115/><V99/><F109/><W0/><G116/><T112/><D112/><U33/><E117/><V62/><F37/><W98/><G126/><T110/><D110/><U135/><E135/><V79/><F34/><W63/><G63/><T29/><D29/><U96/><E119/><V55/><F124/><W120/><G120/><T83/><D1/><U88/><E7/><V103/><F87/><W97/><G111/><T121/><D11/><U40/><E40/><V9/><REACH who="2" step="1"/><F13/><REACH who="2" ten="370,187,200,233" step="2"/><W14/><G38/><T90/><D121/><U28/><E35/><V74/><F74/><W127/><G39/><T17/><D17/><U54/><E19/><V80/><F80/><W92/><G127/><T113/><D113/><U4/><E4/><V89/><F89/><W43/><G73/><T106/><D90/><U134/><E134/><V128/><F128/><N who="0" m="49194" /><D106/><U5/><E5/><V101/><F101/><W60/><G6/><T114/><D114/><U100/><E100/><V65/><F65/><W2/><G0/><T36/><D36/><U21/><E64/><V69/><AGARI ba="0,1" hai="9,10,44,49,55,62,66,69,79,81,84,95,99,103" machi="69" ten="20,2700,0" yaku="1,1,0,1,7,1,53,0" doraHai="125" doraHaiUra="102" who="2" fromWho="2" sc="370,-7,187,-13,200,37,233,-7" /><INIT seed="2,0,0,1,0,130" ten="363,174,237,226" oya="2" hai0="44,28,40,54,32,81,9,114,86,93,29,87,76" hai1="8,75,107,24,112,122,104,12,133,46,121,134,11" hai2="135,59,41,3,20,68,64,120,78,10,56,69,117" hai3="35,106,49,70,60,98,33,52,21,71,19,88,113"/><V51/><F117/><W72/><G72/><T101/><D114/><U125/><E112/><V108/><F120/><N who="1" m="46185" /><E125/><V58/><F78/><W43/><G43/><T27/><D28/><U38/><E75/><V53/><F20/><W45/><G113/><T89/><D9/><U18/><E24/><V83/><F83/><W123/><G123/><T100/><REACH who="0" step="1"/><D54/><REACH who="0" ten="353,174,237,226" step="2"/><U66/><E8/><V30/><F30/><W31/><G31/><T99/><D99/><U2/><E2/><V26/><F10/><W103/><G35/><T34/><D34/><U25/><E66/><V15/><F3/><W124/><G33/><T131/><D131/><U67/><E67/><V92/><F64/><W22/><G124/><T39/><AGARI ba="0,1" hai="27,29,32,39,40,44,76,81,86,87,89,93,100,101" machi="39" ten="20,2700,0" yaku="1,1,0,1,7,1,53,0" doraHai="130" doraHaiUra="109" who="0" fromWho="0" sc="353,37,174,-7,237,-13,226,-7" /><INIT seed="3,0,0,0,0,34" ten="390,167,224,219" oya="3" hai0="83,64,51,31,65,41,66,80,20,135,45,16,19" hai1="94,62,78,130,133,91,47,8,18,120,32,59,108" hai2="28,79,107,10,129,118,15,37,29,0,25,117,114" hai3="102,109,33,63,81,30,88,84,85,12,21,104,26"/><W112/><G112/><T44/><D135/><U2/><E120/><V40/><F107/><W77/><G109/><T90/><D44/><U113/><E113/><V128/><F114/><W93/><G63/><T1/><D1/><U86/><E108/><V5/><F79/><W55/><G55/><T100/><D100/><U61/><E32/><N who="2" m="20495" /><F40/><W58/><G58/><T95/><D31/><U125/><E133/><V106/><F106/><W131/><G131/><N who="2" m="50249" /><F37/><W82/><G12/><N who="0" m="9223" /><D19/><U76/><E130/><V38/><F38/><W116/><G116/><N who="2" m="44649" /><F29/><W127/><G127/><T126/><D126/><U36/><E125/><V43/><F43/><W3/><G3/><AGARI ba="0,0" hai="0,3,5,10,15" m="44649,50249,20495" machi="3" ten="30,8000,1" yaku="19,1,34,2,52,2" doraHai="34" who="2" fromWho="3" sc="390,0,167,0,224,80,219,-80" /><INIT seed="4,0,0,4,5,51" ten="390,167,304,139" oya="0" hai0="16,131,61,93,18,17,125,62,77,31,96,81,46" hai1="3,13,112,23,48,49,91,94,39,126,89,121,92" hai2="7,20,99,100,79,124,2,111,132,55,120,113,104" hai3="44,73,74,122,4,15,59,85,34,53,47,58,21"/><T54/><D131/><U118/><E121/><V43/><F120/><W29/><G34/><T25/><D125/><U80/><E118/><V38/><F113/><W105/><G105/><T12/><D12/><U97/><E3/><V40/><F124/><W30/><G122/><T66/><D66/><U35/><E35/><V110/><F132/><W8/><G59/><T127/><D127/><U123/><E39/><V37/><F20/><W52/><G73/><T115/><D115/><U86/><E112/><V1/><F79/><W60/><G74/><T70/><D70/><U135/><E135/><V116/><F116/><W24/><G29/><T102/><D25/><U71/><E71/><V57/><F7/><W108/><G108/><T98/><D98/><U68/><E68/><V26/><F26/><W95/><G53/><T33/><D31/><U63/><E126/><V103/><F99/><W128/><G128/><T45/><D33/><U72/><E63/><V65/><F57/><W11/><G11/><T75/><REACH who="0" step="1"/><D46/><REACH who="0" ten="380,167,304,139" step="2"/><U78/><E123/><V67/><F104/><W42/><REACH who="3" step="1"/><G42/><REACH who="3" ten="380,167,304,129" step="2"/><T133/><D133/><U10/><E23/><V14/><F110/><W69/><G69/><T87/><D87/><U41/><E41/><V134/><F111/><W64/><G64/><T129/><D129/><U9/><E9/><V0/><F134/><W83/><G83/><T50/><AGARI ba="0,2" hai="16,17,18,45,50,54,61,62,75,77,81,93,96,102" machi="50" ten="30,11700,0" yaku="1,1,0,1,52,1,54,1,53,0" doraHai="51" doraHaiUra="5" who="0" fromWho="0" sc="380,137,167,-39,304,-39,129,-39" /><INIT seed="4,1,0,0,5,127" ten="517,128,265,90" oya="0" hai0="65,120,66,108,105,70,68,9,16,118,109,112,28" hai1="69,119,49,89,38,31,128,114,47,71,45,48,58" hai2="50,90,19,20,10,103,26,82,44,41,107,4,96" hai3="94,110,55,53,125,29,14,102,1,135,13,88,132"/><T21/><D105/><U123/><E31/><V99/><F99/><W133/><G110/><N who="0" m="42603" /><D118/><U67/><E89/><V84/><F4/><W80/><G1/><T3/><D120/><U35/><E35/><V75/><F10/><W54/><G125/><T33/><D112/><U129/><E119/><V134/><F75/><W79/><G102/><T36/><D36/><U122/><E38/><V124/><F124/><W59/><G29/><T106/><D106/><U72/><E72/><V56/><F56/><W86/><REACH who="3" step="1"/><G59/><REACH who="3" ten="517,128,265,80" step="2"/><T101/><D101/><U81/><E58/><V64/><F103/><W11/><G11/><T73/><D9/><U91/><E114/><V126/><F126/><W17/><G17/><T111/><D3/><U2/><E2/><V117/><F19/><W63/><G63/><T97/><D16/><U51/><E123/><V25/><F117/><W32/><G32/><T57/><D33/><U62/><E122/><V131/><F20/><W27/><G27/><T15/><D21/><U22/><E22/><V60/><F25/><W76/><G76/><T12/><D28/><U43/><E71/><V39/><F26/><W77/><G77/><T0/><D68/><U130/><E43/><V34/><F34/><W78/><G78/><T30/><D70/><U61/><E61/><V87/><F60/><W113/><G113/><T42/><D0/><U7/><E7/><V24/><F24/><W5/><G5/><T40/><D57/><U115/><E115/><V83/><F41/><W93/><G93/><T23/><N who="0" m="42611" /><T104/><DORA hai="6" /><D42/><U74/><E91/><RYUUKYOKU ba="1,1" sc="517,-15,128,15,265,-15,80,15" hai1="45,47,48,49,51,62,67,69,74,81,128,129,130" hai3="13,14,53,54,55,79,80,86,88,94,132,133,135" /><INIT seed="5,2,1,5,0,67" ten="502,143,250,95" oya="1" hai0="32,13,135,125,49,42,83,85,14,124,104,39,89" hai1="6,20,113,118,0,82,25,7,16,33,122,4,46" hai2="111,47,12,66,112,23,115,74,8,92,19,95,129" hai3="108,87,100,3,123,41,43,54,128,133,68,5,48"/><U50/><E118/><V56/><F111/><W1/><G123/><T53/><D32/><U62/><E122/><V117/><F117/><W2/><G108/><T60/><D104/><U126/><E113/><N who="2" m="43595" /><F74/><W57/><G133/><T72/><D60/><U84/><E126/><N who="0" m="48745" /><D135/><U61/><E33/><V9/><F47/><W64/><G128/><T132/><D132/><U31/><E31/><V90/><F95/><W76/><G100/><T59/><D72/><U11/><E11/><V116/><F116/><W107/><G107/><T80/><D80/><U127/><E0/><V34/><F34/><W55/><G55/><T51/><D39/><U88/><E127/><V29/><F29/><W109/><G109/><T63/><D42/><AGARI ba="2,1" hai="4,6,7,16,20,25,42,46,50,61,62,82,84,88" machi="42" ten="40,7700,0" yaku="8,1,54,2" doraHai="67" who="1" fromWho="0" sc="502,-83,143,93,250,0,95,0" /><INIT seed="5,3,0,1,3,44" ten="419,236,250,95" oya="1" hai0="88,25,56,118,45,132,71,98,65,10,31,0,51" hai1="9,99,22,38,123,92,105,27,75,74,70,12,126" hai2="57,116,33,93,114,124,20,46,6,125,104,96,26" hai3="2,127,97,87,72,91,47,36,58,100,80,131,39"/><U60/><E123/><V119/><F33/><W43/><G131/><T50/><D71/><U102/><E38/><V30/><F6/><W28/><G127/><N who="2" m="48713" /><F104/><W54/><G36/><T115/><D118/><U34/><E126/><V94/><F114/><W108/><G108/><T86/><D132/><U63/><E92/><V95/><F46/><W61/><G28/><T17/><D98/><U52/><E34/><V89/><F57/><W64/><G2/><T67/><D0/><U113/><E113/><V77/><F77/><W7/><G7/><T59/><D10/><U55/><E74/><V5/><F5/><W41/><G41/><T69/><D17/><U16/><E75/><V78/><F78/><W130/><G130/><T15/><D15/><U13/><E13/><V42/><F42/><W117/><G117/><AGARI ba="3,0" hai="20,26,30,89,93,94,95,96,116,117,119" m="48713" machi="117" ten="30,1000,0" yaku="18,1" doraHai="44" who="2" fromWho="3" sc="419,0,236,0,250,19,95,-19" /><INIT seed="6,0,0,2,2,102" ten="419,236,269,76" oya="2" hai0="65,52,3,87,60,114,68,120,12,20,62,0,123" hai1="45,36,58,70,97,34,64,22,80,29,50,88,81" hai2="134,90,40,124,115,89,98,96,44,42,37,4,14" hai3="92,39,63,25,84,76,74,54,9,119,101,85,10"/><V21/><F115/><W55/><G39/><T59/><D114/><U103/><E34/><V93/><F124/><W135/><G119/><T132/><D132/><U35/><E35/><V125/><F125/><W106/><G135/><T1/><D87/><U41/><E70/><V104/><F134/><W117/><G117/><T105/><D105/><U71/><E71/><V19/><F42/><W69/><G84/><T47/><D47/><U51/><E36/><V33/><F33/><W82/><G54/><T31/><D31/><U79/><E79/><V5/><F104/><W61/><G61/><T121/><D20/><U8/><E8/><V110/><REACH who="2" step="1"/><F110/><REACH who="2" ten="419,236,259,76" step="2"/><W38/><G38/><T27/><D120/><U111/><E111/><V57/><F57/><W78/><G69/><T75/><D121/><U15/><E58/><V18/><F18/><W17/><G17/><T72/><D123/><U28/><E41/><V91/><F91/><W122/><G122/><T16/><D16/><U67/><E88/><V53/><F53/><W73/><G55/><T126/><D126/><U116/><E116/><V23/><F23/><W46/><G106/><T6/><D68/><U99/><E22/><V66/><F66/><W95/><G76/><T112/><D112/><U94/><E45/><V83/><F83/><W128/><G46/><T107/><D65/><U113/><E113/><V11/><F11/><W30/><G9/><T133/><D133/><U32/><E32/><V43/><F43/><W24/><G10/><N who="0" m="4183" /><D107/><U7/><E64/><V48/><F48/><W130/><G78/><T109/><BYE who="3" /><D59/><UN n3="%E6%A8%99" /><RYUUKYOKU ba="0,1" sc="419,-10,236,-10,259,30,76,-10" hai2="4,5,14,19,21,37,40,44,89,90,93,96,98" /><INIT seed="6,1,1,1,3,19" ten="409,226,289,66" oya="2" hai0="21,16,102,0,27,89,59,80,111,39,33,50,7" hai1="112,79,113,86,87,134,48,46,93,83,25,6,58" hai2="133,124,51,98,18,45,128,99,92,69,62,110,96" hai3="29,132,37,84,41,81,57,90,95,64,17,3,43"/><V122/><F122/><W56/><G3/><T75/><D39/><U131/><E131/><V38/><F38/><W107/><G107/><T117/><D111/><U101/><E134/><V65/><F128/><W30/><G132/><T61/><D102/><U67/><E6/><V40/><F133/><W44/><G41/><T34/><D50/><U71/><E71/><V15/><F124/><W8/><G64/><T105/><D105/><U32/><E32/><V114/><F114/><W52/><G57/><T130/><D117/><U70/><E70/><V126/><F126/><W74/><G8/><T12/><D0/><U125/><E125/><V54/><F110/><W31/><G17/><T118/><D118/><U35/><E58/><V42/><REACH who="2" step="1"/><F92/><REACH who="2" ten="409,226,279,66" step="2"/><W77/><REACH who="3" step="1"/><G29/><REACH who="3" ten="409,226,279,56" step="2"/><T10/><D130/><U14/><E113/><V85/><F85/><W119/><G119/><T76/><D89/><U121/><E112/><V91/><F91/><W36/><G36/><T49/><D49/><AGARI ba="1,3" hai="30,31,37,43,44,49,52,56,74,77,81,84,90,95" machi="49" ten="30,3900,0" yaku="1,1,7,1,54,1,53,0" doraHai="19" doraHaiUra="127" who="3" fromWho="0" sc="409,-42,226,0,279,0,56,72" /><INIT seed="7,0,0,4,5,22" ten="367,226,279,128" oya="3" hai0="73,1,6,61,91,113,54,98,50,134,78,2,35" hai1="96,45,69,131,21,32,120,28,39,94,80,74,58" hai2="130,15,95,18,135,112,34,103,66,30,93,68,86" hai3="23,119,7,97,57,64,31,19,29,132,118,26,67"/><W27/><G7/><T60/><D35/><U40/><E120/><V82/><F112/><W87/><G87/><T92/><D113/><U125/><E69/><V90/><F130/><W63/><G132/><T56/><D134/><U117/><E131/><V101/><F135/><W83/><G83/><T55/><D6/><U38/><E32/><V124/><F124/><W110/><G110/><T89/><D60/><U33/><E33/><V20/><F66/><W36/><G36/><T5/><D5/><U62/><E125/><V109/><F109/><W107/><G67/><T13/><D13/><U81/><E39/><V42/><F82/><W84/><G84/><T126/><D78/><U48/><E74/><V133/><F86/><W37/><G37/><T128/><D73/><U4/><E4/><V76/><F76/><W8/><G8/><T16/><D16/><U102/><E117/><V11/><F11/><W99/><G19/><T71/><D128/><U122/><E122/><V77/><F18/><W14/><G14/><T53/><D126/><U115/><E115/><V72/><F15/><W51/><G51/><T3/><D71/><U25/><E38/><V127/><F72/><W9/><G9/><T44/><D89/><U10/><E10/><V123/><F127/><W129/><G129/><T105/><D105/><U85/><E85/><V100/><F123/><W108/><G108/><T0/><D0/><U114/><E114/><V59/><F133/><W121/><G121/><T12/><D12/><U104/><E104/><V111/><F111/><W52/><G64/><AGARI ba="0,0" hai="21,25,28,40,45,48,58,62,64,80,81,94,96,102" machi="64" ten="30,8000,1" yaku="7,1,25,2,8,1,52,1" doraHai="22" who="1" fromWho="3" sc="367,0,226,80,279,0,128,-80" owari="367,46.7,306,10.6,279,-12.1,48,-45.2" /></mjloggm>