<mjloggm ver="2.3"><GO type="169" lobby="0"/><UN n0="%E5%90%91%E4%BA%95%E7%A7%80%E5%BE%B3" n1="%70%6F%6E%2D%65%6E" n2="%E7%94%98%E5%A4%8F%E3%81%BF%E3%81%8B%E3%82%93" n3="%62%61%6B%75%72%61%30%38" dan="16,16,16,17" rate="2019.09,2136.11,2155.62,2181.94" sx="M,F,M,M"/><TAIKYOKU oya="0"/><INIT seed="0,0,0,1,2,15" ten="250,250,250,250" oya="0" hai0="100,50,67,110,11,55,41,43,22,34,63,13,102" hai1="17,54,112,23,38,127,125,93,135,52,88,2,65" hai2="74,98,108,56,103,57,40,45,109,73,117,8,18" hai3="3,116,92,79,128,36,86,35,42,80,49,118,59"/><T122/><D122/><U14/><E112/><V26/><F117/><W75/><G35/><T130/><D34/><U77/><E135/><V82/><F57/><W66/><G128/><T81/><D130/><U101/><E38/><V44/><F56/><W4/><G66/><T121/><D121/><U83/><E101/><V106/><F44/><N who="3" m="23623" /><G86/><T87/><D110/><N who="2" m="42602" /><F82/><W99/><G59/><T113/><D113/><U60/><E2/><V51/><F8/><N who="3" m="2079" /><G49/><T32/><D32/><U9/><E9/><V12/><F26/><W97/><G97/><T10/><D22/><U37/><E37/><V105/><F106/><W30/><G30/><T47/><D67/><U111/><E111/><V7/><F7/><W46/><G46/><T39/><D63/><U71/><E77/><V133/><F133/><W5/><G5/><T90/><D10/><U132/><E83/><V24/><F24/><W89/><AGARI ba="0,0" hai="75,79,80,89,92,99,116,118" m="2079,23623" machi="89" ten="30,1100,0" yaku="25,1" doraHai="15" who="3" fromWho="3" sc="250,-5,250,-3,250,-3,250,11" /><INIT seed="1,0,0,0,4,98" ten="245,247,247,261" oya="1" hai0="94,50,123,95,80,119,81,93,96,13,17,65,11" hai1="132,131,89,12,118,117,8,22,84,103,88,48,92" hai2="6,44,122,108,87,60,66,75,79,130,113,57,68" hai3="91,128,29,58,77,82,49,38,129,90,15,126,1"/><U125/><E125/><V35/><F122/><W42/><G1/><T46/><D119/><U2/><E131/><N who="3" m="50250" /><G126/><T116/><D116/><U107/><E132/><V32/><F130/><W114/><G114/><T99/><D65/><U78/><E78/><V39/><F113/><W21/><G38/><T110/><D110/><U83/><E48/><V64/><F108/><W10/><G21/><T59/><D59/><U104/><E104/><V135/><F135/><W43/><G29/><T102/><D123/><U26/><E2/><V16/><F87/><N who="3" m="48591" /><G58/><T97/><REACH who="0" step="1"/><D102/><REACH who="0" ten="235,247,247,261" step="2"/><U9/><E103/><V85/><F57/><W101/><G101/><T52/><AGARI ba="0,1" hai="11,13,17,46,50,52,80,81,93,94,95,96,97,99" machi="52" ten="30,8000,1" yaku="1,1,2,1,0,1,8,1,54,1,53,0" doraHai="98" doraHaiUra="3" who="0" fromWho="0" sc="235,90,247,-40,247,-20,261,-20" /><INIT seed="2,0,0,2,4,18" ten="325,207,227,241" oya="2" hai0="68,70,55,92,135,26,121,8,71,33,32,60,89" hai1="90,1,80,109,122,6,133,88,58,132,111,25,21" hai2="24,37,96,119,45,51,11,84,107,59,19,114,99" hai3="97,134,79,83,81,87,120,85,43,78,77,110,63"/><V123/><F114/><W14/><G120/><T56/><D121/><U7/><E58/><V116/><F123/><W52/><G110/><N who="1" m="41994" /><E122/><V102/><F84/><W72/><G134/><N who="1" m="51818" /><E80/><V30/><F99/><W9/><G43/><T118/><D118/><U67/><E67/><V105/><F107/><W64/><G97/><T39/><D39/><U95/><E1/><V20/><F37/><W12/><G52/><T48/><D135/><U28/><E90/><V69/><F69/><W91/><G14/><T100/><D100/><U27/><E27/><V112/><F59/><N who="3" m="36991" /><G72/><T57/><D8/><U76/><E76/><V103/><F102/><W117/><G117/><T2/><D2/><U47/><E47/><V36/><F119/><W131/><G131/><T4/><D26/><U129/><E129/><V10/><F116/><W13/><G13/><T35/><D56/><U23/><E23/><V74/><F74/><W94/><G83/><T34/><D34/><U115/><E115/><V31/><F112/><W104/><G104/><T42/><D33/><U108/><N who="1" m="42002" /><U44/><DORA hai="128" /><E44/><V15/><F10/><W75/><G75/><T106/><D35/><U0/><E0/><V50/><REACH who="2" step="1"/><F30/><REACH who="2" ten="325,207,217,241" step="2"/><W62/><G62/><N who="0" m="36159" /><D70/><U49/><E49/><V125/><F125/><W73/><G73/><T5/><D48/><U86/><AGARI ba="0,1" hai="6,7,21,25,28,86,88,95" m="51818,42002" machi="86" ten="50,12000,2" yaku="14,1,20,1,52,4,54,1" doraHai="18,128" who="1" fromWho="1" sc="325,-30,207,130,217,-60,241,-30" /><INIT seed="3,0,0,2,2,34" ten="295,337,157,211" oya="3" hai0="77,106,109,0,103,124,69,25,120,98,92,58,82" hai1="1,47,83,48,96,24,114,125,91,122,3,78,66" hai2="110,121,51,53,65,45,16,26,67,72,11,68,12" hai3="61,27,36,117,39,118,85,90,33,15,101,116,20"/><W113/><G113/><T41/><D120/><U18/><E114/><V62/><F121/><W127/><G127/><T71/><D124/><U14/><E122/><V57/><F110/><W132/><G132/><T115/><D115/><U59/><E24/><V32/><F72/><W123/><G123/><T93/><D109/><U130/><E130/><V81/><F81/><W105/><G33/><T86/><D41/><U4/><E4/><V79/><F79/><W95/><G15/><T44/><D44/><U88/><E125/><V40/><REACH who="2" step="1"/><F68/><REACH who="2" ten="295,337,147,211" step="2"/><W29/><REACH who="3" step="1"/><G61/><REACH who="3" ten="295,337,147,201" step="2"/><T100/><D69/><U55/><E14/><V131/><F131/><W13/><G13/><T108/><D71/><U43/><E1/><V50/><F50/><W107/><G107/><T10/><D106/><U23/><E3/><V2/><F2/><W5/><G5/><T35/><D0/><U60/><E48/><V38/><F38/><W133/><G133/><T52/><D108/><U102/><E60/><V9/><F9/><W6/><G6/><T7/><D10/><U19/><E23/><V126/><F126/><W73/><G73/><T111/><D7/><U89/><E43/><V119/><F119/><W17/><G17/><T70/><D111/><U80/><E19/><V134/><F134/><W104/><G104/><T76/><D70/><U75/><E18/><V8/><F8/><W112/><G112/><T129/><D129/><U31/><E75/><V87/><F87/><W97/><AGARI ba="0,2" hai="20,27,29,36,39,85,90,95,97,101,105,116,117,118" machi="97" ten="40,3900,0" yaku="1,1,0,1,53,0" doraHai="34" doraHaiUra="56" who="3" fromWho="3" sc="295,-13,337,-13,147,-13,201,59" /><INIT seed="3,1,0,1,1,26" ten="282,324,134,260" oya="3" hai0="35,113,28,44,120,63,31,27,133,118,92,104,2" hai1="23,77,39,132,67,10,54,43,117,70,50,125,134" hai2="105,48,85,116,129,62,103,56,34,6,72,91,81" hai3="11,111,12,106,114,94,7,33,60,47,95,42,20"/><W97/><G33/><T15/><D104/><U88/><E125/><V90/><F116/><W79/><G114/><T119/><D92/><U5/><E117/><N who="0" m="44553" /><D44/><N who="1" m="23679" /><E77/><V99/><F129/><W18/><G111/><T37/><D63/><N who="1" m="40319" /><E23/><V24/><F6/><W124/><G124/><T86/><D86/><U69/><E88/><V29/><F48/><W59/><G79/><T71/><D37/><U53/><E69/><V1/><F1/><W82/><G82/><T101/><D101/><U121/><E121/><V4/><F4/><W76/><G76/><T0/><D71/><U123/><E123/><V110/><F72/><W61/><G106/><T115/><D120/><U102/><E102/><V75/><F75/><W107/><G107/><T98/><D98/><U16/><E16/><V46/><F46/><W126/><G126/><T55/><D28/><U100/><E100/><V128/><F91/><W45/><G45/><T73/><D73/><U14/><E54/><V3/><F105/><W21/><G94/><T74/><D55/><U109/><E109/><V41/><F110/><W131/><G97/><T64/><D74/><U52/><E53/><V87/><F87/><W22/><G95/><T49/><D0/><U127/><E127/><V65/><F3/><W84/><G84/><T19/><D2/><U108/><E108/><V13/><F99/><W130/><G130/><T68/><D68/><U135/><E135/><V51/><F128/><W122/><G131/><T93/><D133/><U57/><AGARI ba="1,0" hai="5,10,14,50,52,57,132,134" m="40319,23679" machi="57" ten="30,2000,0" yaku="24,1,54,1" doraHai="26" who="1" fromWho="1" sc="282,-6,324,23,134,-6,260,-11" /><INIT seed="4,0,0,5,0,49" ten="276,347,128,249" oya="0" hai0="37,72,115,125,27,9,79,102,10,107,18,128,33" hai1="0,84,126,31,23,113,87,14,41,47,78,51,133" hai2="52,65,12,70,61,73,69,50,94,40,25,24,112" hai3="92,97,119,56,81,62,123,42,53,95,104,30,129"/><T68/><D37/><U101/><E0/><V83/><F112/><W44/><G119/><T103/><D68/><U15/><E133/><V93/><F70/><W120/><G129/><T17/><D128/><U117/><E117/><V43/><F12/><W8/><G30/><T86/><D72/><U39/><E126/><V32/><F73/><W16/><G81/><T13/><D115/><U46/><E113/><V74/><F74/><W54/><G104/><T80/><D125/><U7/><E101/><V98/><F83/><W26/><G53/><T111/><D111/><U59/><E59/><V28/><F25/><W110/><G110/><T76/><D76/><U4/><E78/><V121/><F121/><N who="3" m="46667" /><G97/><T135/><D135/><U63/><E63/><V134/><F134/><W82/><G82/><T118/><D107/><U58/><E58/><V67/><F67/><W127/><G127/><T60/><D118/><U21/><E31/><V64/><F65/><W99/><G99/><T77/><D79/><U11/><E39/><V36/><F36/><N who="3" m="21575" /><G8/><T5/><D60/><U48/><E11/><V75/><F75/><W108/><G108/><T1/><REACH who="0" step="1"/><D33/><REACH who="0" ten="266,347,128,249" step="2"/><U71/><E71/><V132/><F132/><W6/><G6/><T105/><D105/><U106/><E106/><V124/><F124/><W38/><G38/><T89/><D89/><U114/><E114/><V3/><F32/><W2/><G2/><T19/><D19/><U55/><E4/><V130/><F3/><W20/><AGARI ba="0,1" hai="16,20,26,54,56,62,92,95" m="21575,46667" machi="20" ten="30,4000,0" yaku="13,1,52,1,54,1" doraHai="49" who="3" fromWho="3" sc="266,-20,347,-10,128,-10,249,50" /><INIT seed="5,0,0,5,5,69" ten="246,337,118,299" oya="1" hai0="91,5,34,134,15,63,1,19,2,127,102,17,72" hai1="42,66,38,123,79,77,51,55,75,3,78,61,98" hai2="112,14,16,8,94,122,76,45,118,101,29,23,129" hai3="83,20,80,116,13,81,133,40,104,89,96,56,59"/><U65/><E123/><V84/><F122/><W93/><G133/><T107/><D72/><U73/><E3/><N who="0" m="1033" /><D91/><U135/><E135/><V7/><F118/><W52/><G116/><T108/><D102/><U113/><E113/><V35/><F112/><W6/><G104/><T4/><D63/><U22/><E22/><V105/><F129/><W30/><G40/><T39/><D39/><U21/><E21/><V32/><F105/><W43/><G43/><T46/><D46/><N who="1" m="23895" /><E66/><V115/><F115/><W74/><G74/><T57/><D57/><N who="1" m="33023" /><E98/><V49/><F29/><W131/><G131/><T48/><D48/><U26/><E26/><V64/><F64/><W18/><G30/><T114/><D107/><U111/><E111/><V103/><F35/><W68/><G68/><AGARI ba="0,0" hai="61,65,68,73,75,77,78,79" m="33023,23895" machi="68" ten="30,2900,0" yaku="24,1,52,1" doraHai="69" who="1" fromWho="3" sc="246,0,337,29,118,0,299,-29" /><INIT seed="5,1,0,5,2,67" ten="246,366,118,270" oya="1" hai0="129,55,91,78,74,36,8,37,96,134,22,94,21" hai1="41,69,35,60,24,112,4,3,118,43,85,88,98" hai2="17,31,126,57,16,30,34,135,44,47,107,62,50" hai3="77,48,18,89,56,90,119,71,101,84,12,64,7"/><U0/><E118/><V28/><F135/><W27/><G119/><T122/><D129/><U93/><E112/><V1/><F126/><W124/><G124/><T121/><D134/><U59/><E3/><V128/><F128/><W2/><G2/><T100/><D8/><U61/><E0/><V23/><F34/><W49/><G71/><T52/><D78/><U10/><E35/><V97/><F1/><W99/><G77/><T15/><D74/><U105/><E24/><V117/><F117/><W29/><G7/><T68/><D68/><U6/><E6/><V25/><F17/><W5/><G5/><T33/><D33/><U45/><E45/><V123/><F123/><N who="0" m="47114" /><D100/><U108/><E108/><V86/><F86/><W87/><G87/><T73/><D73/><U51/><E51/><V81/><F81/><W82/><G90/><T110/><D110/><U14/><E61/><V19/><F19/><W111/><G64/><T38/><D15/><U13/><E13/><V11/><F11/><W125/><G56/><T106/><D106/><U75/><E75/><V116/><F116/><W66/><G66/><T20/><AGARI ba="1,0" hai="20,21,22,36,37,38,52,55,91,94,96" m="47114" machi="20" ten="40,2700,0" yaku="13,1,54,1" doraHai="67" who="0" fromWho="0" sc="246,30,366,-14,118,-8,270,-8" /><INIT seed="6,0,0,5,4,115" ten="276,352,110,262" oya="2" hai0="108,41,17,34,21,77,70,76,40,79,22,16,12" hai1="75,97,95,98,38,68,11,91,62,48,120,81,106" hai2="61,33,23,29,45,111,26,64,110,73,65,20,39" hai3="67,129,86,102,31,123,127,14,32,124,93,119,44"/><V92/><F73/><W83/><G123/><T53/><D108/><N who="2" m="41514" /><F92/><W121/><G121/><T28/><D70/><U105/><E38/><V109/><N who="2" m="41522" /><V36/><DORA hai="116" /><F45/><W9/><G129/><T58/><D28/><U1/><E48/><V19/><F65/><W88/><G67/><T56/><D34/><U113/><E62/><V85/><F85/><W50/><G119/><T42/><REACH who="0" step="1"/><D53/><REACH who="0" ten="266,352,110,262" step="2"/><U122/><E68/><N who="2" m="41999" /><F33/><W89/><G32/><T60/><D60/><U130/><E120/><V25/><AGARI ba="0,1" hai="19,20,23,25,26,29,36,39" m="41999,41522" machi="25" ten="40,2100,0" yaku="10,1" doraHai="115,116" who="2" fromWho="2" sc="266,-7,352,-7,110,31,262,-7" /><INIT seed="6,1,0,3,5,74" ten="259,345,141,255" oya="2" hai0="75,99,82,38,123,112,15,56,3,36,108,18,110" hai1="130,94,58,84,64,62,73,28,106,86,42,0,21" hai2="39,19,61,17,67,34,6,135,7,113,107,124,11" hai3="37,87,48,96,32,98,79,121,41,23,132,53,8"/><V13/><F113/><W30/><G32/><T12/><D123/><U104/><E73/><V116/><F116/><W129/><G121/><T70/><D70/><U122/><E122/><V63/><F135/><W4/><G132/><T81/><D3/><U126/><E0/><V100/><F124/><W45/><G129/><T14/><D112/><U46/><E130/><V25/><F39/><W114/><G114/><T35/><D35/><U90/><E126/><V69/><F63/><W118/><G118/><T88/><D18/><U78/><E21/><V24/><F24/><N who="3" m="16671" /><G53/><T95/><D56/><U54/><E28/><N who="2" m="19727" /><F19/><W83/><G37/><T97/><D99/><AGARI ba="1,0" hai="6,7,11,13,17,61,67,69,99,100,107" m="19727" machi="99" ten="30,1500,0" yaku="25,1" doraHai="74" who="2" fromWho="0" sc="259,-18,345,0,141,18,255,0" /><INIT seed="6,2,0,5,4,116" ten="241,345,159,255" oya="2" hai0="11,56,120,38,135,78,80,30,113,31,111,64,92" hai1="3,21,128,19,86,67,101,129,77,2,54,48,44" hai2="65,53,28,13,76,127,5,110,81,71,132,88,20" hai3="4,119,22,47,34,97,73,40,125,124,117,46,58"/><V122/><F132/><W43/><G34/><T15/><D111/><U104/><E67/><V0/><F110/><W61/><G73/><T134/><D38/><U66/><E66/><V27/><F127/><N who="3" m="48715" /><G22/><T12/><D120/><U26/><E101/><V1/><F122/><W131/><G4/><T33/><D92/><U103/><E103/><V9/><F53/><N who="3" m="33999" /><G97/><T23/><D33/><U118/><E104/><V102/><F102/><W42/><G131/><N who="1" m="50250" /><E118/><AGARI ba="2,0" hai="40,42,43,46,47,117,118,119" m="33999,48715" machi="118" ten="40,5200,0" yaku="18,1,34,2" doraHai="116" who="3" fromWho="1" sc="241,0,345,-58,159,0,255,58" /><INIT seed="7,0,0,1,4,41" ten="241,287,159,313" oya="3" hai0="45,113,64,96,9,22,105,75,119,20,39,127,76" hai1="63,89,135,86,80,32,107,121,129,52,31,115,26" hai2="29,37,25,112,93,122,65,69,125,99,133,109,0" hai3="117,98,106,126,3,57,70,34,13,82,35,130,103"/><W36/><G117/><T14/><D119/><U21/><E121/><V4/><F109/><W23/><G3/><T114/><D127/><U17/><E107/><V59/><F122/><W74/><G70/><T18/><D64/><U77/><E115/><N who="0" m="44041" /><D76/><U61/><E129/><V116/><F112/><W28/><G36/><T85/><D85/><U10/><E135/><V101/><F116/><W60/><G130/><T44/><D75/><U46/><E77/><V19/><F133/><W102/><G102/><N who="0" m="62663" /><D39/><U30/><E30/><V40/><F125/><W131/><G28/><T66/><D66/><U71/><E71/><V94/><F69/><W100/><G82/><T123/><D123/><U33/><E33/><V83/><F83/><W53/><G35/><T48/><D45/><U84/><E84/><V95/><F19/><W120/><G34/><T27/><D27/><U91/><E91/><V8/><F37/><W97/><G74/><T38/><D38/><U56/><E46/><V104/><F40/><AGARI ba="0,0" hai="9,14,18,20,22,40,44,48" m="62663,44041" machi="40" ten="30,3900,0" yaku="15,1,11,1,52,1" doraHai="41" who="0" fromWho="2" sc="241,39,287,0,159,-39,313,0" owari="280,-12.0,287,8.7,120,-38.0,313,41.3" /></mjloggm>