<mjloggm ver="2.3"><GO type="169" lobby="0"/><UN n0="%E3%81%AF%E3%81%92%E3%81%97%E3%81%8F%E3%82%A6%E3%83%84" n1="%E8%B5%A4%E7%BE%8E%E6%BF%83%E3%81%BE%E3%81%90%E3%82%8D" n2="%48%41%43%4F" n3="%E3%83%94%E3%83%B3%E3%82%B5%E3%83%AD%E5%BA%97%E5%93%A1" dan="18,17,16,17" rate="2217.61,2215.41,2072.34,2239.61" sx="M,M,M,M"/><TAIKYOKU oya="0"/><INIT seed="0,0,0,5,4,133" ten="250,250,250,250" oya="0" hai0="56,129,19,14,10,61,39,43,29,42,92,79,66" hai1="36,2,26,31,119,4,124,81,111,89,110,21,104" hai2="125,78,34,74,71,83,87,67,16,97,85,27,126" hai3="60,101,37,50,12,33,112,70,7,17,22,107,131"/><T86/><D129/><U9/><E119/><V48/><F48/><W18/><G112/><T88/><D39/><U77/><E104/><V32/><F32/><W118/><G37/><T106/><D106/><U64/><E64/><V102/><F67/><W113/><G113/><T11/><D29/><U73/><E89/><V98/><F71/><W96/><G118/><T8/><REACH who="0" step="1"/><D79/><REACH who="0" ten="240,250,250,250" step="2"/><U95/><E36/><V123/><F123/><W59/><G107/><T69/><D69/><U116/><E116/><V38/><F38/><W135/><G70/><T57/><D57/><U76/><E76/><V3/><F34/><W62/><G59/><T134/><D134/><U115/><E115/><V68/><F68/><W52/><G33/><T108/><D108/><U122/><E122/><V30/><F30/><W120/><G131/><T25/><D25/><U44/><E44/><V0/><F0/><W28/><G28/><T54/><D54/><U103/><E110/><V109/><F3/><W82/><G52/><T51/><D51/><U20/><E111/><V15/><F27/><W117/><G50/><T114/><D114/><U121/><E121/><V100/><F109/><W128/><G120/><T84/><D84/><U93/><E26/><V40/><F40/><AGARI ba="0,1" hai="8,10,11,14,19,40,42,43,56,61,66,86,88,92" machi="40" ten="40,7700,0" yaku="1,1,8,1,54,1,53,0" doraHai="133" doraHaiUra="23" who="0" fromWho="2" sc="240,87,250,0,250,-77,250,0" /><INIT seed="0,1,0,4,5,5" ten="327,250,173,250" oya="0" hai0="41,64,79,123,118,65,15,23,4,18,84,48,78" hai1="13,127,21,81,28,121,80,46,109,71,11,108,107" hai2="103,70,56,69,12,14,57,42,3,106,75,45,33" hai3="126,9,124,120,60,37,72,90,66,113,102,32,98"/><T63/><D118/><U82/><E121/><V52/><F3/><W92/><G113/><T47/><D123/><U93/><E107/><V85/><F33/><W131/><G120/><T114/><D114/><U35/><E35/><V0/><F0/><W67/><G37/><T30/><D30/><U99/><E71/><V2/><F2/><W77/><G32/><T22/><D22/><U116/><E116/><V36/><F75/><W34/><G34/><T101/><D101/><U132/><E132/><V134/><F57/><W6/><G131/><T20/><D20/><U95/><E127/><N who="3" m="48682" /><G77/><T87/><D4/><U129/><E129/><V55/><F55/><W19/><G72/><T8/><D23/><U91/><E46/><V62/><F134/><W54/><G19/><T135/><D135/><U1/><E1/><V111/><F111/><N who="1" m="42569" /><E95/><V105/><F70/><W128/><G128/><T31/><D31/><U29/><E21/><V74/><F69/><W104/><G54/><T88/><D63/><U130/><E130/><V119/><F119/><W73/><G73/><T16/><D18/><AGARI ba="1,0" hai="11,13,18,28,29,80,81,82,91,93,99" m="42569" machi="18" ten="30,2000,0" yaku="14,1,52,1" doraHai="5" who="1" fromWho="0" sc="327,-23,250,23,173,0,250,0" /><INIT seed="1,0,0,2,2,99" ten="304,273,173,250" oya="1" hai0="41,120,53,97,20,86,55,74,34,25,46,81,88" hai1="30,107,56,27,50,29,14,93,7,135,21,115,90" hai2="19,61,37,77,24,109,10,132,15,85,63,43,71" hai3="9,106,112,16,79,122,31,130,6,59,131,45,100"/><U103/><E107/><V66/><F109/><W110/><G122/><T92/><D34/><U48/><E135/><V64/><F132/><W65/><G112/><T54/><D74/><U127/><E127/><V35/><F37/><W12/><G110/><T58/><D120/><U118/><E118/><V73/><F73/><W104/><G31/><T125/><D125/><U101/><E115/><V76/><F43/><W0/><G79/><T105/><D105/><U102/><E14/><V80/><F35/><W1/><G45/><T68/><D68/><U111/><E111/><V75/><F24/><W133/><G133/><T44/><D41/><U129/><E7/><V60/><F71/><W4/><G4/><T67/><D67/><N who="2" m="25642" /><F75/><W17/><G17/><T94/><D94/><U40/><E129/><N who="3" m="49162" /><G100/><T119/><D119/><U128/><E128/><V33/><F33/><W113/><G113/><T49/><D46/><N who="1" m="25671" /><E30/><V114/><F114/><W26/><G26/><T23/><D44/><U84/><E50/><V91/><AGARI ba="0,0" hai="10,15,19,60,61,63,76,77,80,85,91" m="25642" machi="91" ten="30,1100,0" yaku="8,1" doraHai="99" who="2" fromWho="2" sc="304,-3,273,-5,173,11,250,-3" /><INIT seed="2,0,0,5,5,75" ten="301,268,184,247" oya="2" hai0="105,110,64,11,52,62,89,41,46,35,29,94,42" hai1="26,67,47,128,16,40,77,96,127,87,97,23,27" hai2="55,38,85,70,95,24,90,111,129,37,8,113,100" hai3="48,121,58,4,126,44,34,107,123,72,106,76,119"/><V83/><F113/><W13/><G119/><T45/><D105/><U84/><E127/><V32/><F129/><W19/><G34/><T132/><D110/><U59/><E128/><V120/><F120/><W118/><G118/><T57/><D132/><U1/><E1/><V92/><F70/><W102/><G4/><T7/><D29/><U50/><E26/><V71/><F71/><W25/><G25/><T53/><D35/><U17/><E17/><V39/><F111/><W116/><G58/><T101/><D101/><U43/><E43/><V98/><F55/><W82/><G126/><T86/><D42/><U12/><E27/><V134/><F134/><W91/><G91/><T124/><D124/><U60/><REACH who="1" step="1"/><E87/><REACH who="1" ten="301,258,184,247" step="2"/><V22/><F32/><W117/><G117/><T15/><REACH who="0" step="1"/><D46/><REACH who="0" ten="291,258,184,247" step="2"/><U74/><E74/><V73/><F73/><W3/><G116/><T122/><D122/><U18/><E18/><V65/><F85/><W30/><G30/><T66/><D66/><U10/><E10/><V115/><F65/><W14/><G123/><T133/><D133/><U131/><E131/><V125/><F125/><W63/><G121/><T56/><D56/><U99/><E99/><V80/><F8/><W6/><G19/><T31/><D31/><U69/><E69/><V9/><F9/><W130/><G130/><T114/><D114/><U112/><E112/><V20/><F115/><W93/><G44/><T2/><D2/><U21/><E21/><V33/><F20/><W135/><G135/><T88/><D88/><U78/><E78/><V0/><F22/><W49/><G76/><RYUUKYOKU ba="0,2" sc="291,15,258,15,184,-15,247,-15" hai0="7,11,15,41,45,52,53,57,62,64,86,89,94" hai1="12,16,23,40,47,50,59,60,67,77,84,96,97" /><INIT seed="3,1,2,4,0,49" ten="306,273,169,232" oya="3" hai0="110,12,87,36,32,27,30,2,104,24,100,123,6" hai1="31,3,60,20,55,52,69,124,112,23,4,131,132" hai2="41,93,129,128,35,117,134,97,85,74,98,135,76" hai3="37,43,7,80,77,72,70,58,28,29,61,42,54"/><W120/><G120/><T40/><D123/><U99/><E112/><V5/><F35/><W130/><G130/><N who="2" m="50281" /><F117/><W47/><G43/><T14/><D110/><U95/><E69/><V44/><F5/><W92/><G92/><T115/><D115/><U8/><E124/><V107/><F107/><W17/><G17/><T19/><D87/><U86/><E132/><N who="2" m="50731" /><F44/><W68/><REACH who="3" step="1"/><G7/><REACH who="3" ten="306,273,169,222" step="2"/><T106/><D106/><U38/><E131/><V71/><F41/><W63/><G63/><T84/><D40/><U118/><E60/><V81/><F71/><AGARI ba="1,3" hai="28,29,37,42,47,54,58,61,68,70,71,72,77,80" machi="71" ten="40,12000,1" yaku="1,1,52,1,53,2" doraHai="49" doraHaiUra="25" who="3" fromWho="2" sc="306,0,273,0,169,-123,222,153" /><INIT seed="3,2,0,2,5,111" ten="306,273,46,375" oya="3" hai0="125,24,21,26,114,60,96,119,135,19,54,130,44" hai1="35,6,57,113,133,98,126,93,74,124,122,46,84" hai2="63,99,72,45,131,71,0,7,107,118,123,34,16" hai3="117,127,38,78,50,69,49,36,43,132,40,70,18"/><W80/><G18/><T134/><D119/><U39/><E74/><V55/><F34/><W115/><G80/><T67/><D130/><U25/><E122/><V101/><F118/><W14/><G14/><T77/><D125/><N who="1" m="48235" /><E6/><V3/><F131/><W104/><G78/><T64/><D114/><U95/><E133/><N who="0" m="50697" /><D77/><U59/><E84/><V42/><F72/><W15/><G15/><T29/><D96/><U53/><E113/><V120/><F7/><W2/><G104/><T52/><D44/><U116/><E116/><V9/><F55/><N who="0" m="21034" /><D60/><U76/><E76/><V61/><F3/><W105/><G105/><T112/><D112/><U86/><E86/><V8/><F0/><W13/><G2/><T108/><D108/><U83/><E83/><V56/><F63/><W30/><G132/><T37/><D37/><U66/><E66/><V51/><F71/><W110/><G127/><T129/><D129/><U103/><E95/><V33/><F33/><AGARI ba="2,0" hai="19,21,24,26,29,33,64,67" m="21034,50697" machi="33" ten="30,2000,0" yaku="20,1,54,1" doraHai="111" who="0" fromWho="2" sc="306,26,273,0,46,-26,375,0" /><INIT seed="4,0,0,0,0,99" ten="332,273,20,375" oya="0" hai0="49,0,39,93,90,19,46,1,88,10,135,26,4" hai1="111,126,109,96,40,37,70,45,128,30,41,27,129" hai2="75,79,110,24,34,42,33,14,121,25,43,51,107" hai3="18,101,31,108,32,122,92,20,29,48,98,120,44"/><T12/><D135/><U78/><E70/><V74/><F110/><W65/><G108/><T131/><D39/><U113/><E78/><V89/><F107/><W72/><G72/><T52/><D131/><N who="1" m="50251" /><E126/><V55/><F14/><W6/><G6/><T123/><D123/><N who="3" m="47145" /><G65/><T106/><D106/><U124/><E124/><V81/><F89/><W47/><G32/><T116/><D116/><U86/><E86/><V114/><F114/><W97/><G97/><T91/><REACH who="0" step="1"/><D93/><REACH who="0" ten="322,273,20,375" step="2"/><U5/><E113/><V84/><F121/><W112/><G112/><T60/><D60/><U82/><E111/><V132/><F132/><W50/><G50/><T104/><D104/><U36/><E109/><V134/><F134/><W61/><G61/><T22/><AGARI ba="0,1" hai="0,1,4,10,12,19,22,26,46,49,52,88,90,91" machi="22" ten="30,12000,1" yaku="1,1,0,1,54,2,53,1" doraHai="99" doraHaiUra="15" who="0" fromWho="0" sc="322,130,273,-40,20,-40,375,-40" owari="452,55.2,233,-16.7,-20,-52.0,335,13.5" /></mjloggm>