<mjloggm ver="2.3"><GO type="169" lobby="0"/><UN n0="%E3%81%8B%E3%82%81%E3%81%98%E3%82%8D%E3%81%86" n1="%E8%90%BD%E8%8A%B1%E4%B8%8D%E7%9F%A5%E6%84%8F" n2="%E5%A4%A9%E7%A9%BA%E3%81%AE%E6%8A%80" n3="%E3%81%BE%E3%81%A8%E3%81%9F" dan="17,17,16,16" rate="2199.42,2172.66,2134.11,2126.07" sx="M,M,M,M"/><TAIKYOKU oya="0"/><INIT seed="0,0,0,1,1,133" ten="250,250,250,250" oya="0" hai0="132,17,88,57,9,120,52,39,54,41,38,32,85" hai1="2,50,37,64,99,30,0,5,26,42,80,66,73" hai2="83,121,103,105,7,58,4,109,123,67,116,125,21" hai3="78,113,63,107,27,87,110,55,91,115,89,65,75"/><T98/><D120/><U61/><E99/><V11/><F105/><W59/><G107/><T97/><D32/><U134/><E134/><V45/><F103/><W20/><G110/><T1/><D132/><U25/><E50/><V129/><F109/><W44/><G75/><T106/><D39/><U104/><E104/><V71/><F71/><W62/><G78/><T23/><D106/><U128/><E128/><V81/><F21/><W127/><G127/><T47/><D1/><U16/><E26/><V74/><F45/><W102/><G89/><T96/><D9/><U53/><E53/><V60/><F11/><W100/><G113/><T49/><D54/><U111/><E5/><V90/><F74/><W51/><G63/><T31/><D31/><U108/><E64/><V36/><F36/><W14/><G14/><T35/><D35/><U101/><E30/><V124/><F129/><W76/><G76/><T122/><D122/><N who="2" m="46602" /><F116/><W40/><G65/><T130/><D130/><U24/><E66/><V68/><F68/><W119/><G115/><T29/><D29/><U131/><E131/><V43/><F43/><W86/><G119/><T112/><D112/><U70/><E42/><V12/><F4/><W48/><G48/><T117/><D117/><U82/><E37/><V15/><F7/><W72/><G72/><T93/><REACH who="0" step="1"/><D98/><REACH who="0" ten="240,250,250,250" step="2"/><U8/><E8/><V77/><F67/><W114/><G114/><T10/><D10/><U46/><E108/><V33/><F33/><W126/><G55/><T19/><D19/><U95/><E111/><V135/><F135/><W94/><G40/><RYUUKYOKU ba="0,1" sc="240,30,250,-10,250,-10,250,-10" hai0="17,23,38,41,47,49,52,57,85,88,93,96,97" /><INIT seed="0,1,1,4,1,82" ten="270,240,240,240" oya="0" hai0="71,38,134,123,65,117,126,77,25,43,47,133,93" hai1="18,51,32,5,22,121,119,116,48,45,101,68,128" hai2="73,4,2,42,79,131,80,109,9,59,83,62,67" hai3="98,8,52,70,106,44,12,92,102,87,63,112,105"/><T33/><D123/><U132/><E121/><V54/><F109/><W113/><G70/><T118/><D93/><U16/><E32/><V94/><F131/><W1/><G1/><T135/><D77/><U72/><E68/><V36/><F94/><W111/><G111/><T76/><D76/><U78/><E128/><V88/><F67/><W26/><G26/><T61/><REACH who="0" step="1"/><D126/><REACH who="0" ten="260,240,240,240" step="2"/><U81/><E78/><V15/><F79/><W95/><G95/><T41/><D41/><U107/><E119/><V34/><F42/><W85/><G106/><T39/><D39/><U23/><E116/><V7/><F36/><W55/><G105/><T56/><D56/><U89/><E107/><V10/><F73/><W0/><G113/><T75/><D75/><U11/><E72/><V100/><F83/><W86/><G112/><T114/><D114/><U57/><E81/><V90/><F80/><W28/><G0/><T129/><D129/><U120/><E57/><V97/><F97/><W27/><G44/><T46/><D46/><U104/><E45/><V124/><F124/><W29/><G63/><T84/><D84/><U40/><E104/><V58/><F58/><W60/><G60/><T31/><AGARI ba="1,2" hai="25,31,33,38,43,47,61,65,71,117,118,133,134,135" machi="31" ten="40,18000,2" yaku="1,1,0,1,20,1,23,2,53,1" doraHai="82" doraHaiUra="20" who="0" fromWho="0" sc="260,203,240,-61,240,-61,240,-61" /><INIT seed="0,2,0,0,2,119" ten="463,179,179,179" oya="0" hai0="84,130,60,109,42,56,132,76,106,62,105,10,20" hai1="70,125,1,104,111,4,29,114,102,14,66,94,124" hai2="13,16,48,35,127,101,80,57,83,37,43,118,36" hai3="50,115,47,87,40,135,95,22,21,99,82,67,97"/><T93/><D132/><U81/><E111/><V58/><F35/><W19/><G115/><T33/><D33/><U121/><E121/><V86/><F127/><W128/><G128/><T8/><D130/><U49/><E114/><V7/><F101/><W5/><G135/><T11/><D109/><U122/><E49/><V100/><F100/><W45/><G5/><T39/><D20/><U85/><E94/><V72/><F7/><W69/><G69/><T41/><D93/><U126/><E14/><V79/><F118/><W134/><G67/><T64/><D84/><U113/><E29/><V123/><F123/><W63/><G63/><T53/><D76/><U24/><E24/><V6/><F6/><W110/><G110/><T103/><D39/><U0/><E113/><V46/><F37/><W17/><G134/><T32/><D32/><U28/><E28/><V117/><F36/><W65/><G65/><T18/><D18/><U27/><E27/><V30/><F30/><W23/><G47/><T31/><D31/><U25/><E25/><V12/><F12/><W71/><G71/><T26/><D26/><U112/><E122/><V98/><F98/><N who="3" m="37387" /><G95/><T59/><REACH who="0" step="1"/><D103/><REACH who="0" ten="453,179,179,179" step="2"/><U75/><E112/><V54/><F117/><W92/><G92/><T38/><D38/><U107/><E102/><V77/><F43/><AGARI ba="2,1" hai="8,10,11,41,42,43,53,56,59,60,62,64,105,106" machi="43" ten="40,2000,0" yaku="1,1,53,0" doraHai="119" doraHaiUra="34" who="0" fromWho="2" sc="453,36,179,0,179,-26,179,0" /><INIT seed="0,3,0,3,0,6" ten="489,179,153,179" oya="0" hai0="98,73,92,66,16,129,68,63,83,17,109,122,59" hai1="111,4,28,12,124,44,82,11,40,0,10,1,47" hai2="36,118,94,128,2,97,49,114,14,119,75,117,18" hai3="70,77,67,50,29,133,112,9,65,25,121,116,42"/><T125/><D122/><U120/><E120/><V51/><F36/><W41/><G112/><T104/><D125/><U56/><E124/><V35/><F35/><W85/><G116/><T96/><D129/><U106/><E106/><V57/><F75/><W84/><G133/><T134/><D134/><U58/><E111/><V48/><F2/><W102/><G121/><T21/><D109/><U46/><E28/><V7/><F7/><W22/><G102/><T19/><D68/><U26/><E26/><V90/><F128/><W62/><G67/><T126/><D126/><U80/><E40/><V55/><REACH who="2" step="1"/><F114/><REACH who="2" ten="489,179,143,179" step="2"/><W30/><G30/><T103/><D73/><U13/><E4/><V135/><F135/><W61/><G29/><T113/><D113/><U71/><E46/><V127/><F127/><W110/><G110/><T123/><D123/><U78/><REACH who="1" step="1"/><E71/><REACH who="1" ten="489,169,143,179" step="2"/><V23/><AGARI ba="3,2" hai="14,18,23,48,49,51,55,57,90,94,97,117,118,119" machi="23" ten="30,4000,0" yaku="1,1,0,1,12,1,53,0" doraHai="6" doraHaiUra="32" who="2" fromWho="2" sc="489,-23,169,-13,143,69,179,-13" /><INIT seed="1,0,0,1,4,80" ten="466,156,212,166" oya="1" hai0="135,100,69,47,129,31,101,102,98,85,68,125,6" hai1="130,5,41,87,34,96,10,35,14,18,16,56,83" hai2="86,131,63,111,121,112,118,133,48,74,65,71,128" hai3="75,9,44,117,36,88,124,53,109,43,89,64,1"/><U22/><E130/><V38/><F86/><W92/><G109/><T90/><D125/><U127/><E127/><V7/><F7/><W115/><G124/><T132/><D31/><U107/><E41/><V91/><F91/><W33/><G33/><T55/><D6/><U66/><E18/><V113/><F74/><W120/><G115/><N who="2" m="44105" /><F121/><W103/><G117/><T62/><D129/><N who="2" m="49738" /><F118/><W24/><G75/><T79/><D79/><U122/><E122/><V119/><F119/><W77/><G77/><T54/><D98/><U73/><E73/><V76/><F76/><W70/><G89/><T67/><D68/><U39/><E39/><V32/><F32/><W116/><G88/><T95/><D47/><U61/><E107/><V51/><F111/><W17/><G116/><T19/><D19/><U57/><E96/><V99/><F99/><W26/><G17/><T104/><D104/><U105/><E105/><V12/><F12/><W4/><G120/><T93/><D93/><U27/><E57/><V58/><F133/><AGARI ba="0,0" hai="54,55,62,67,69,85,90,95,100,101,102,132,133,135" machi="133" ten="40,2600,0" yaku="20,1,52,1" doraHai="80" who="0" fromWho="2" sc="466,26,156,0,212,-26,166,0" /><INIT seed="2,0,0,1,2,96" ten="492,156,186,166" oya="2" hai0="76,127,100,135,97,81,58,116,69,22,89,6,133" hai1="26,56,102,74,1,57,66,118,106,121,3,17,119" hai2="104,63,95,73,4,72,61,0,41,91,59,28,23" hai3="78,29,48,18,68,75,52,40,115,101,49,65,124"/><V14/><F104/><W80/><G124/><T8/><D69/><U88/><E74/><V111/><F0/><W93/><G29/><T53/><D127/><U87/><E121/><V109/><F41/><W108/><G108/><N who="2" m="41545" /><F4/><W67/><G68/><T123/><D22/><U82/><E3/><V85/><F63/><W44/><G115/><T122/><D89/><U12/><E1/><V45/><F45/><W98/><REACH who="3" step="1"/><G18/><REACH who="3" ten="492,156,186,156" step="2"/><T107/><D122/><U113/><E113/><V31/><F31/><W64/><G64/><T84/><D123/><U25/><E119/><V110/><F110/><W130/><G130/><T105/><D116/><U112/><E118/><V79/><F28/><W83/><G83/><T13/><REACH who="0" step="1"/><D107/><REACH who="0" ten="482,156,186,156" step="2"/><U117/><E117/><V34/><F34/><W16/><G16/><T131/><D131/><U11/><E112/><V27/><F27/><W103/><G103/><T7/><D7/><U94/><E106/><V5/><F5/><W15/><G15/><T30/><D30/><U71/><E25/><V77/><F14/><W128/><G128/><T36/><D36/><U38/><E38/><V55/><F23/><W86/><G86/><T21/><D21/><U50/><E26/><V33/><F33/><W51/><G51/><AGARI ba="0,2" hai="6,8,13,51,53,58,76,81,84,97,100,105,133,135" machi="51" ten="40,2600,0" yaku="1,1,52,1,53,0" doraHai="96" doraHaiUra="114" who="0" fromWho="3" sc="482,46,156,0,186,0,156,-26" /><INIT seed="3,0,0,3,5,92" ten="528,156,186,130" oya="3" hai0="57,13,37,86,122,81,87,102,11,80,95,134,94" hai1="96,124,49,101,54,113,47,24,42,126,70,98,104" hai2="14,9,18,21,31,127,68,10,26,130,39,108,65" hai3="51,91,40,32,48,17,2,116,79,12,114,69,35"/><W16/><G114/><T83/><D37/><U44/><E113/><V33/><F39/><W90/><G2/><T85/><D122/><U59/><E70/><V111/><F65/><W89/><G69/><T133/><D57/><U43/><E24/><V107/><F107/><W27/><G79/><T22/><D22/><U76/><E76/><V61/><F61/><W112/><G112/><T93/><D102/><U82/><E82/><V62/><F62/><W66/><G66/><T131/><D131/><U88/><E44/><V132/><F68/><W125/><G125/><N who="1" m="48234" /><E47/><V129/><F127/><W45/><G116/><T30/><D30/><U67/><E67/><V64/><F64/><W19/><G12/><T7/><AGARI ba="0,0" hai="7,11,13,80,81,83,85,86,87,93,94,95,133,134" machi="7" ten="40,5200,0" yaku="0,1,29,2" doraHai="92" who="0" fromWho="0" sc="528,52,156,-13,186,-13,130,-26" /><INIT seed="4,0,0,3,4,82" ten="580,143,173,104" oya="0" hai0="11,7,63,31,133,112,20,99,17,36,102,130,57" hai1="30,78,108,81,38,43,47,16,72,129,22,94,128" hai2="2,1,66,117,86,45,40,37,134,96,53,104,35" hai3="95,49,80,115,124,4,42,126,132,32,93,21,59"/><T71/><D112/><U44/><E108/><V55/><F35/><W18/><G32/><T109/><D130/><U84/><E30/><V39/><F134/><W51/><G132/><T28/><D133/><U33/><E33/><V25/><F25/><W8/><G115/><T127/><D36/><U62/><E62/><V83/><F66/><W24/><G80/><T50/><D71/><U26/><E44/><V106/><F96/><W58/><G124/><T56/><D50/><U0/><E0/><V79/><F117/><W27/><G27/><T67/><D57/><U88/><AGARI ba="0,0" hai="16,22,26,38,43,47,72,78,81,84,88,94,128,129" machi="88" ten="30,7900,0" yaku="0,1,52,1,54,2" doraHai="82" who="1" fromWho="1" sc="580,-39,143,79,173,-20,104,-20" /><INIT seed="5,0,0,2,1,55" ten="541,222,153,84" oya="1" hai0="76,86,60,66,72,58,22,28,123,70,21,8,99" hai1="47,61,78,32,74,101,82,113,65,6,31,39,37" hai2="125,20,2,53,111,93,97,24,89,120,36,35,116" hai3="87,103,131,133,73,54,119,44,10,33,84,110,18"/><U52/><E113/><V42/><F111/><W81/><G110/><T91/><D123/><U108/><E108/><V106/><F125/><W67/><G33/><T96/><D76/><U115/><E115/><V15/><F2/><W77/><G131/><T80/><D72/><U50/><E6/><V23/><F106/><W71/><G133/><T95/><D70/><U118/><E118/><V132/><F132/><W29/><G29/><T112/><D112/><U11/><E11/><V100/><F35/><W127/><G103/><T30/><D8/><U12/><E12/><V124/><F124/><W114/><G119/><T88/><D96/><U1/><E1/><V107/><F120/><W102/><G102/><T3/><D3/><U34/><E101/><V130/><F130/><W68/><G68/><T38/><D38/><U129/><E32/><V128/><F128/><W85/><G114/><T25/><D22/><U0/><E0/><V46/><F15/><W104/><G104/><T117/><D117/><U135/><E135/><V109/><F116/><W41/><G41/><T4/><D4/><U40/><E40/><V7/><F7/><W43/><G43/><T5/><D5/><U14/><E14/><V56/><F24/><W26/><G127/><T9/><D9/><U83/><E129/><V98/><REACH who="2" step="1"/><F109/><REACH who="2" ten="541,222,143,84" step="2"/><W27/><G27/><T69/><D30/><U94/><E31/><V90/><F90/><W122/><G122/><T48/><D91/><U19/><E34/><V17/><F17/><W105/><G26/><T126/><D126/><U13/><E19/><V64/><F64/><RYUUKYOKU ba="0,1" sc="541,-10,222,-10,143,30,84,-10" hai2="20,23,36,42,46,53,56,89,93,97,98,100,107" /><INIT seed="6,1,1,5,2,33" ten="531,212,173,74" oya="2" hai0="31,125,17,131,15,130,88,116,18,8,20,74,0" hai1="78,63,121,86,35,62,24,1,11,27,69,13,79" hai2="135,49,90,129,23,99,72,25,30,75,96,64,110" hai3="111,134,58,107,85,127,103,28,65,52,119,55,67"/><V83/><F129/><N who="0" m="49162" /><D74/><U36/><E36/><V29/><F135/><W87/><G119/><T48/><D125/><U39/><E39/><V117/><F117/><W77/><G127/><T9/><D116/><U5/><E121/><V95/><F110/><W3/><G134/><T32/><D48/><U97/><E97/><V12/><F30/><W22/><G111/><T115/><D115/><U132/><E132/><V82/><F64/><W98/><G3/><T19/><D88/><U94/><E24/><V46/><F99/><W133/><G55/><T66/><D66/><U6/><E69/><V60/><F60/><W126/><G87/><T89/><D89/><U57/><E63/><V92/><F92/><W118/><G118/><T54/><D54/><U124/><E124/><V71/><F71/><W10/><G126/><T47/><D47/><U91/><E62/><V2/><F2/><W73/><G73/><T101/><D101/><U34/><E57/><V7/><F75/><W41/><G41/><T104/><D104/><U122/><E122/><V42/><REACH who="2" step="1"/><F72/><REACH who="2" ten="531,212,163,74" step="2"/><W26/><G133/><T68/><D68/><U16/><E1/><V100/><F100/><W102/><G102/><T123/><D123/><U61/><E61/><V120/><F120/><W108/><G108/><T70/><D70/><U81/><E94/><V43/><F43/><W21/><G103/><T93/><D93/><U14/><E86/><V128/><F128/><W50/><G85/><T44/><D0/><U76/><E81/><V40/><F40/><W45/><G98/><T113/><D31/><U109/><E109/><RYUUKYOKU ba="1,2" sc="531,-10,212,-10,163,30,74,-10" hai2="7,12,23,25,29,42,46,49,82,83,90,95,96" /><INIT seed="6,2,2,3,2,77" ten="521,202,193,64" oya="2" hai0="58,105,90,6,92,87,37,81,47,34,41,21,112" hai1="36,129,48,99,115,71,59,38,26,18,11,14,117" hai2="62,66,54,28,1,16,97,7,29,116,88,45,84" hai3="2,20,94,80,0,127,134,60,10,17,130,39,111"/><V121/><F121/><W69/><G111/><T101/><D34/><U51/><E117/><V104/><F116/><W102/><G39/><T135/><D135/><U113/><E71/><V86/><F86/><W31/><G134/><T78/><D112/><N who="1" m="43083" /><E129/><V43/><F54/><W52/><G130/><T22/><D58/><U13/><E26/><V15/><F7/><W42/><G42/><T23/><D6/><N who="1" m="3319" /><E99/><V33/><F33/><W107/><G107/><T12/><D12/><U133/><E133/><V96/><F1/><W24/><G2/><T106/><REACH who="0" step="1"/><D101/><REACH who="0" ten="511,202,193,64" step="2"/><U19/><E59/><N who="2" m="37215" /><F104/><W50/><G0/><T128/><D128/><U119/><E119/><V56/><F56/><N who="3" m="32791" /><G69/><T32/><D32/><U44/><E14/><V57/><F57/><W123/><G123/><T76/><D76/><U73/><E44/><V95/><F45/><W55/><G60/><T3/><D3/><U63/><E63/><V108/><F108/><W30/><G10/><T53/><D53/><U83/><E38/><V67/><F67/><W35/><G35/><T9/><D9/><U98/><E36/><V125/><F43/><W72/><G55/><T46/><D46/><U114/><E114/><V27/><F27/><W110/><G110/><T79/><D79/><N who="1" m="44527" /><E51/><V122/><F122/><W126/><G127/><T25/><D25/><U100/><E48/><V68/><F125/><W89/><G126/><T4/><D4/><U75/><E75/><AGARI ba="2,3" hai="21,22,23,37,41,47,75,78,81,87,90,92,105,106" machi="75" ten="40,5200,0" yaku="1,1,52,1,53,1" doraHai="77" doraHaiUra="40" who="0" fromWho="1" sc="511,88,202,-58,193,0,64,0" /><INIT seed="7,0,0,3,4,117" ten="599,144,193,64" oya="3" hai0="109,97,72,14,11,44,47,81,74,1,38,34,62" hai1="8,51,27,48,93,100,112,105,121,29,33,32,26" hai2="129,42,125,59,12,7,132,65,57,96,35,133,135" hai3="99,98,118,94,30,50,10,88,75,2,58,87,64"/><W45/><G118/><T17/><D109/><U85/><E112/><V60/><F129/><W6/><G75/><T31/><D1/><U131/><E131/><V120/><F35/><W53/><G30/><T90/><D34/><U41/><E121/><V123/><F42/><W15/><G2/><T46/><D31/><U39/><E33/><V68/><F125/><W69/><G69/><T78/><D62/><U49/><E27/><V115/><F115/><W24/><G24/><T43/><D72/><U36/><E41/><V130/><F130/><W101/><G64/><T70/><D70/><U13/><E105/><V55/><F96/><W25/><G25/><T119/><D119/><U116/><E116/><V122/><F55/><W56/><REACH who="3" step="1"/><G98/><REACH who="3" ten="599,144,193,54" step="2"/><T82/><D97/><U103/><E26/><V77/><F68/><W52/><G52/><T5/><D74/><U107/><E29/><V67/><F67/><W108/><G108/><T126/><D126/><U91/><E32/><V76/><F65/><W54/><G54/><T4/><D43/><U28/><E28/><V127/><F127/><W20/><G20/><T113/><D113/><U3/><E3/><V66/><F66/><W84/><G84/><T92/><D46/><U22/><E22/><V104/><F123/><W0/><G0/><T63/><D47/><U61/><E85/><V124/><F124/><W114/><G114/><T110/><D44/><U18/><E13/><V9/><F122/><W21/><G21/><T128/><D14/><U134/><E8/><V37/><F9/><W79/><G79/><T106/><D11/><RYUUKYOKU ba="0,1" sc="599,-10,144,-10,193,-10,54,30" hai3="6,10,15,45,50,53,56,58,87,88,94,99,101" /><INIT seed="7,1,1,5,4,109" ten="589,134,183,84" oya="3" hai0="61,76,107,41,42,110,118,46,13,20,117,0,57" hai1="131,50,122,11,24,68,16,72,115,120,19,33,133" hai2="84,56,114,121,87,91,85,54,40,134,66,53,79" hai3="70,47,4,101,88,67,69,58,65,96,32,29,106"/><W125/><G125/><T64/><D110/><U39/><E39/><V35/><F35/><W38/><G4/><T44/><D0/><U37/><E37/><V71/><F134/><W22/><G32/><T116/><D107/><U28/><E68/><V5/><F40/><W26/><G38/><N who="0" m="21559" /><D76/><U15/><E72/><V25/><F25/><W1/><G47/><T126/><D20/><U17/><E133/><V135/><F5/><W21/><G1/><T23/><D23/><U127/><E127/><V7/><F7/><W52/><G70/><T95/><D95/><U18/><E50/><V90/><F71/><W34/><G69/><T104/><D13/><N who="1" m="7231" /><E131/><V123/><F79/><W30/><G88/><T43/><D104/><U36/><E36/><V86/><F91/><W112/><G112/><T83/><D83/><U60/><E60/><N who="2" m="38151" /><F114/><W63/><G34/><T82/><D82/><U80/><E80/><N who="2" m="49415" /><F135/><W89/><G89/><T55/><D126/><U27/><E27/><AGARI ba="1,1" hai="21,22,26,27,29,30,52,58,63,65,67,96,101,106" machi="27" ten="40,3900,0" yaku="9,1,54,1" doraHai="109" who="3" fromWho="1" sc="589,0,134,-42,183,0,84,52" /><INIT seed="7,2,0,5,5,28" ten="589,92,183,136" oya="3" hai0="18,116,54,53,17,10,65,126,31,39,69,15,26" hai1="45,89,67,20,113,102,86,63,40,84,30,117,82" hai2="114,83,44,56,49,61,43,35,119,125,46,131,8" hai3="21,42,73,122,74,132,130,51,118,133,4,100,34"/><W19/><G118/><T12/><D116/><U85/><E117/><V94/><F119/><RYUUKYOKU type="kaze4" ba="2,0" sc="589,0,92,0,183,0,136,0" /><INIT seed="7,3,0,0,3,92" ten="589,92,183,136" oya="3" hai0="71,35,24,47,123,129,26,62,98,33,3,50,107" hai1="79,59,99,15,109,29,121,112,72,42,40,76,41" hai2="133,11,134,77,64,39,8,17,67,126,48,43,68" hai3="90,130,6,85,103,22,28,95,118,93,69,116,91"/><W14/><G69/><T49/><D123/><U12/><E121/><V84/><F39/><W96/><G130/><T36/><D3/><U81/><E109/><V104/><F104/><W60/><G60/><T57/><D71/><U114/><E29/><V88/><F77/><W111/><G111/><T80/><D36/><U58/><E76/><V70/><F126/><W53/><G53/><T16/><D129/><U30/><E30/><V54/><F43/><W86/><G6/><T44/><D80/><U10/><E12/><N who="2" m="7303" /><F11/><W32/><G32/><T2/><D2/><U113/><REACH who="1" step="1"/><E99/><REACH who="1" ten="589,82,183,136" step="2"/><V0/><F134/><W75/><G75/><T38/><D47/><U46/><E46/><V94/><F133/><W89/><G14/><T78/><D50/><U131/><E131/><V128/><F48/><W132/><G132/><T56/><D16/><AGARI ba="3,1" hai="10,15,16,40,41,42,58,59,72,79,81,112,113,114" machi="16" ten="50,6400,0" yaku="1,1,15,1,54,1,53,0" doraHai="92" doraHaiUra="27" who="1" fromWho="0" sc="589,-73,82,83,183,0,136,0" owari="516,61.6,165,-23.5,183,-1.7,136,-36.4" /></mjloggm>