<mjloggm ver="2.3"><GO type="169" lobby="0"/><UN n0="%E8%B5%A4%E5%BA%A7%E3%81%82%E3%81%8B%E3%82%8A%45%58" n1="%65%76%69%61%6E%36%31%39" n2="%74%6F%72%69%30%36%31%32" n3="%E7%B4%94%E6%BD%94%E3%83%94%E3%83%A9%E3%83%8B%E3%82%A2" dan="16,16,18,16" rate="2137.50,2120.21,2187.47,2139.26" sx="M,M,M,M"/><TAIKYOKU oya="0"/><INIT seed="0,0,0,4,5,117" ten="250,250,250,250" oya="0" hai0="81,42,37,40,110,124,14,58,122,26,68,63,94" hai1="44,52,5,127,99,109,65,112,102,115,60,7,121" hai2="32,34,55,67,85,80,39,11,72,19,83,74,10" hai3="53,66,126,50,47,113,3,70,135,59,31,98,133"/><T106/><D106/><U20/><E109/><V78/><F39/><W49/><G3/><T18/><D124/><U28/><E127/><V51/><F67/><W25/><G126/><T89/><D68/><U36/><E36/><V13/><F11/><W35/><G113/><T95/><D110/><U57/><E121/><V101/><F101/><W38/><G98/><T41/><D37/><U100/><E100/><V79/><REACH who="2" step="1"/><F85/><REACH who="2" ten="250,250,240,250" step="2"/><W4/><G38/><T111/><D111/><U123/><E115/><V23/><F23/><W125/><G125/><T62/><D122/><U108/><E123/><V46/><AGARI ba="0,1" hai="10,13,19,32,34,46,51,55,72,74,78,79,80,83" machi="46" ten="20,5200,0" yaku="1,1,0,1,7,1,9,1,53,0" doraHai="117" doraHaiUra="96" who="2" fromWho="2" sc="250,-26,250,-13,240,62,250,-13" /><INIT seed="1,0,0,4,3,12" ten="224,237,302,237" oya="1" hai0="100,15,42,45,58,111,50,94,87,34,83,17,134" hai1="84,36,119,18,33,22,79,93,95,65,43,92,126" hai2="130,37,102,54,90,35,14,62,115,57,101,24,103" hai3="39,118,59,81,48,72,38,89,8,128,41,23,114"/><U26/><E119/><V51/><F37/><W52/><G114/><T116/><D116/><U56/><E126/><V64/><F115/><W29/><G128/><T60/><D111/><U85/><E33/><V74/><F74/><W110/><G110/><T120/><D34/><U109/><E109/><V97/><F130/><W129/><G129/><T68/><D68/><U132/><E132/><V105/><F90/><W63/><G8/><T53/><D120/><U32/><E32/><V131/><F131/><W122/><G122/><T86/><D134/><U66/><E36/><V96/><F96/><W28/><G118/><T16/><D15/><U80/><E43/><V55/><F55/><W9/><G9/><T106/><D106/><U135/><E135/><V75/><F75/><W30/><G23/><T112/><D112/><U5/><E5/><V20/><F14/><W127/><G127/><T27/><D27/><U107/><E107/><V125/><F125/><W19/><G19/><N who="0" m="7243" /><D83/><U6/><E6/><V67/><F67/><W7/><G7/><T4/><D4/><U44/><E66/><V124/><F124/><W104/><G104/><T113/><D113/><U31/><E65/><V70/><F20/><W69/><G69/><T10/><D10/><U13/><E13/><V25/><F24/><W49/><G38/><T108/><D108/><U77/><E80/><V76/><F25/><W73/><G72/><T121/><D121/><U98/><E26/><V2/><F35/><W82/><G73/><T40/><D42/><U133/><E133/><V88/><F2/><W123/><G123/><RYUUKYOKU ba="0,0" sc="224,30,237,-10,302,-10,237,-10" hai0="40,45,50,53,58,60,86,87,94,100" /><INIT seed="2,1,0,2,4,128" ten="254,227,292,227" oya="2" hai0="57,51,65,45,98,4,72,26,118,32,8,83,90" hai1="102,64,7,44,131,18,6,63,109,58,135,28,81" hai2="56,16,27,25,122,111,88,104,124,59,116,48,40" hai3="0,119,129,115,49,91,24,54,76,47,105,3,2"/><V38/><F122/><W126/><G119/><T5/><D118/><U12/><E109/><V60/><F38/><W37/><G129/><T68/><D68/><U50/><E131/><V75/><F75/><W132/><G126/><T133/><D98/><U95/><E28/><V10/><F104/><W46/><G105/><T9/><D26/><U79/><E135/><V85/><F124/><W82/><G132/><T30/><D30/><U43/><E95/><V100/><F100/><W33/><G91/><T34/><D57/><U96/><E96/><V19/><F111/><W35/><G24/><N who="2" m="9289" /><F10/><W78/><G115/><T53/><D65/><U20/><REACH who="1" step="1"/><E102/><REACH who="1" ten="254,217,292,227" step="2"/><V103/><F103/><W101/><G101/><T29/><D29/><U31/><E31/><V69/><F116/><W42/><REACH who="3" step="1"/><G82/><REACH who="3" ten="254,217,292,217" step="2"/><T84/><D133/><U36/><E36/><V99/><F99/><W22/><G22/><T21/><D21/><U77/><E77/><AGARI ba="1,2" hai="0,2,3,33,35,37,42,46,47,49,54,76,77,78" machi="77" ten="40,1300,0" yaku="1,1,53,0" doraHai="128" doraHaiUra="17" who="3" fromWho="1" sc="254,0,217,-16,292,0,217,36" /><INIT seed="3,0,0,4,5,11" ten="254,201,292,253" oya="3" hai0="97,62,81,44,67,113,48,121,12,133,31,118,8" hai1="120,68,64,35,75,96,112,130,21,93,103,18,89" hai2="88,73,79,128,78,94,27,25,32,61,22,131,102" hai3="34,91,19,23,126,124,84,116,0,76,46,36,110"/><W58/><G116/><T135/><D121/><U55/><E112/><V33/><F102/><W71/><G71/><T3/><D3/><U109/><E109/><V42/><F42/><N who="3" m="22855" /><G34/><T37/><D37/><U38/><E35/><N who="2" m="13387" /><F73/><W115/><G0/><T45/><D118/><U43/><E130/><N who="2" m="49707" /><F61/><W14/><G115/><T50/><D31/><U104/><E75/><V6/><F6/><W123/><G123/><T47/><D113/><U100/><E100/><V41/><F41/><W53/><G76/><N who="2" m="29225" /><F22/><W105/><G105/><T10/><D10/><U63/><E43/><V40/><F40/><W4/><G4/><T5/><D97/><AGARI ba="0,0" hai="25,27,88,94,97" m="29225,49707,13387" machi="97" ten="30,2000,0" yaku="19,1,54,1" doraHai="11" who="2" fromWho="0" sc="254,-20,201,0,292,20,253,0" /><INIT seed="4,0,0,2,2,132" ten="234,201,312,253" oya="0" hai0="29,34,2,78,10,130,131,106,33,115,98,95,12" hai1="48,64,23,72,44,38,0,126,110,5,9,55,66" hai2="14,119,16,127,107,70,8,52,20,61,91,75,60" hai3="32,81,30,73,6,42,97,13,71,58,135,77,96"/><T90/><D115/><U79/><E110/><V85/><F75/><W4/><G71/><T17/><D106/><U99/><E99/><V120/><F120/><W24/><G135/><T111/><D111/><U69/><E23/><V54/><F107/><W59/><G42/><T31/><D78/><U27/><E27/><V45/><F119/><W3/><G3/><T86/><D2/><U40/><E69/><V18/><F70/><W41/><G41/><T121/><D121/><U74/><E74/><V87/><F87/><W35/><G35/><N who="0" m="13323" /><D98/><U113/><E113/><V15/><F127/><W82/><G82/><T88/><D90/><U28/><E28/><V123/><F123/><W104/><G96/><T7/><D17/><U57/><REACH who="1" step="1"/><E126/><REACH who="1" ten="234,191,312,253" step="2"/><V122/><F122/><W47/><G97/><T124/><D124/><U100/><E100/><V62/><F45/><W84/><G47/><T76/><D76/><U117/><E117/><V22/><F8/><W63/><G104/><T92/><D92/><AGARI ba="0,1" hai="14,15,16,18,20,22,52,54,60,61,62,85,91,92" machi="92" ten="40,8000,1" yaku="9,1,8,1,54,2" doraHai="132" who="2" fromWho="0" sc="234,-80,191,0,312,90,253,0" /><INIT seed="5,0,0,5,5,22" ten="154,191,402,253" oya="1" hai0="54,16,4,87,129,107,99,53,74,131,66,63,103" hai1="30,23,10,7,2,65,12,120,104,60,88,68,19" hai2="1,116,5,91,125,122,123,85,14,134,3,78,101" hai3="89,24,50,13,119,126,61,62,64,130,80,86,41"/><U35/><E104/><V105/><F14/><W29/><G126/><T69/><D74/><U15/><E120/><V38/><F38/><W127/><G127/><T48/><D4/><U25/><REACH who="1" step="1"/><E88/><REACH who="1" ten="154,181,402,253" step="2"/><V77/><F91/><W52/><G119/><T46/><D87/><U6/><E6/><V81/><F105/><W56/><G130/><T44/><D129/><U118/><E118/><V43/><F5/><W79/><G89/><T75/><D131/><U26/><AGARI ba="0,1" hai="2,7,10,12,15,19,23,25,26,30,35,60,65,68" machi="26" ten="20,12000,1" yaku="1,1,0,1,7,1,52,2,53,0" doraHai="22" doraHaiUra="102" who="1" fromWho="1" sc="154,-40,181,130,402,-40,253,-40" /><INIT seed="5,1,0,4,2,101" ten="114,311,362,213" oya="1" hai0="108,89,8,80,113,126,93,35,20,90,33,40,116" hai1="14,99,50,85,106,2,47,59,55,62,11,110,39" hai2="61,98,94,96,120,3,92,119,46,37,84,86,72" hai3="18,68,54,79,76,10,69,63,29,7,133,24,49"/><U36/><E2/><V43/><F120/><W5/><G18/><T102/><D108/><U88/><E110/><V81/><F3/><W124/><G133/><T114/><D116/><U103/><E14/><V67/><F119/><W31/><G124/><T56/><D126/><U15/><E62/><V125/><F72/><W60/><G49/><T134/><D134/><U111/><E59/><V97/><F86/><W128/><G24/><T74/><D40/><U135/><E111/><V107/><F107/><W9/><REACH who="3" step="1"/><G54/><REACH who="3" ten="114,311,362,203" step="2"/><T23/><D113/><U78/><E135/><V16/><F16/><W66/><G66/><T109/><D114/><U75/><E75/><V118/><F125/><W71/><G71/><T130/><D74/><U6/><REACH who="1" step="1"/><E78/><REACH who="1" ten="114,301,362,203" step="2"/><V52/><F118/><W27/><G27/><T121/><D109/><U22/><E22/><V122/><F122/><W131/><AGARI ba="1,2" hai="5,7,9,10,29,31,60,63,68,69,76,79,128,131" machi="131" ten="25,6400,0" yaku="1,1,0,1,22,2,53,0" doraHai="101" doraHaiUra="112" who="3" fromWho="3" sc="114,-17,301,-33,362,-17,203,87" /><INIT seed="6,0,0,5,0,86" ten="97,268,345,290" oya="2" hai0="13,47,116,61,7,68,133,76,128,98,64,10,24" hai1="126,78,71,103,117,101,23,16,65,100,4,77,59" hai2="35,97,106,48,67,73,115,53,132,90,14,62,5" hai3="20,26,3,38,87,55,40,122,6,119,83,22,45"/><V52/><F73/><W92/><G119/><T114/><D116/><U104/><E117/><V44/><F115/><W105/><G105/><T107/><D114/><U79/><E71/><V96/><F35/><W94/><G122/><T41/><D128/><U1/><E126/><V110/><F132/><W95/><G55/><T37/><D133/><U33/><E33/><V36/><F106/><W58/><G58/><T118/><D118/><U131/><E131/><V93/><F36/><W15/><G3/><T85/><D24/><U18/><E1/><V88/><F110/><W51/><G38/><T91/><D76/><U42/><E42/><V0/><F53/><W29/><G22/><T81/><D107/><U25/><E4/><V12/><F0/><W134/><G134/><T99/><REACH who="0" step="1"/><D81/><REACH who="0" ten="87,268,345,290" step="2"/><U21/><E104/><V30/><F30/><W2/><G83/><T70/><D70/><U54/><E65/><V113/><F113/><W27/><G29/><T60/><D60/><N who="1" m="35959" /><E78/><V121/><F121/><W66/><G66/><T46/><D46/><U69/><E69/><V34/><F34/><W49/><G45/><T72/><D72/><U127/><E127/><V8/><F62/><W82/><G27/><AGARI ba="0,1" hai="16,18,21,23,25,27,77,79,100,101,103" m="35959" machi="27" ten="30,2000,0" yaku="8,1,54,1" doraHai="86" who="1" fromWho="3" sc="87,0,268,30,345,0,290,-20" /><INIT seed="7,0,0,2,5,29" ten="87,298,345,270" oya="3" hai0="63,98,97,9,70,3,15,117,69,13,125,80,73" hai1="45,123,47,130,51,75,135,19,31,84,88,48,53" hai2="126,66,112,55,74,115,116,61,122,22,41,94,85" hai3="124,2,83,72,78,79,27,105,30,14,134,62,12"/><W36/><G2/><T128/><D117/><U18/><E123/><V77/><F116/><W100/><G36/><T90/><D125/><U104/><E75/><V101/><F126/><W106/><G124/><T111/><D111/><U71/><E71/><V127/><F74/><W118/><G118/><T16/><D128/><U52/><E104/><V1/><F1/><W6/><G134/><T110/><D110/><U102/><E130/><V24/><F41/><W38/><G38/><T86/><D3/><U131/><E131/><V5/><F5/><W82/><G62/><T133/><D133/><U76/><E76/><V119/><F55/><W121/><G121/><T99/><D73/><U89/><E135/><V67/><F119/><W17/><G6/><T65/><D70/><U91/><E31/><N who="2" m="17815" /><F122/><W114/><G114/><N who="2" m="43561" /><F127/><W21/><G12/><T42/><D42/><U132/><E132/><V20/><F20/><W8/><REACH who="3" step="1"/><G100/><REACH who="3" ten="87,298,345,260" step="2"/><T35/><REACH who="0" step="1"/><D15/><REACH who="0" ten="77,298,345,260" step="2"/><U46/><E102/><V39/><F101/><W34/><G34/><AGARI ba="0,2" hai="9,13,16,34,35,63,65,69,80,86,90,97,98,99" machi="34" ten="40,8000,1" yaku="1,1,2,1,52,2,54,1,53,0" doraHai="29" doraHaiUra="23" who="0" fromWho="3" sc="77,100,298,0,345,0,260,-80" owari="177,-32.3,298,9.8,345,44.5,180,-22.0" /></mjloggm>