<mjloggm ver="2.3"><GO type="169" lobby="0"/><UN n0="%E2%80%A0%E7%99%BD%E5%85%8E%E2%80%A0" n1="%E3%83%A1%E3%82%AB%E3%82%BC%E3%83%83%E3%83%88%E3%83%B3" n2="%E3%81%AF%E3%81%84%E3%82%8C%E3%81%AB%E3%82%83%E3%82%93" n3="%61%6F%6B%69" dan="17,17,16,16" rate="2205.03,2186.63,2048.25,2060.79" sx="M,M,M,M"/><TAIKYOKU oya="0"/><INIT seed="0,0,0,1,4,8" ten="250,250,250,250" oya="0" hai0="76,127,88,99,78,5,0,43,69,132,27,46,15" hai1="18,75,104,39,85,2,31,55,19,54,102,21,47" hai2="48,94,96,109,100,93,34,4,3,90,89,33,115" hai3="26,68,35,25,97,122,123,131,95,14,20,108,81"/><T124/><D69/><U72/><E2/><V84/><F115/><W92/><G68/><T121/><D121/><U41/><E31/><V86/><F109/><W79/><G108/><T118/><D0/><U57/><E19/><V56/><F3/><W91/><G131/><T101/><D27/><U22/><E22/><V83/><F4/><W9/><G35/><T64/><D64/><U67/><E67/><V12/><F33/><W106/><G95/><N who="0" m="56807" /><D101/><U11/><E11/><V74/><F12/><W10/><G106/><T60/><D60/><U117/><E55/><V134/><F34/><W52/><G52/><T7/><BYE who="3" /><D132/><U80/><E102/><N who="2" m="60687" /><F56/><W38/><G38/><UN n3="%61%6F%6B%69" /><T32/><D118/><U107/><E107/><V119/><F48/><W37/><G37/><T130/><D130/><U103/><E103/><V24/><F24/><W66/><G66/><T110/><D32/><U63/><E104/><V40/><F40/><W120/><G20/><T28/><D28/><U44/><E117/><V87/><F100/><W70/><G70/><T51/><D110/><U23/><E72/><V1/><F1/><W30/><G30/><T58/><D58/><U116/><E75/><V17/><F134/><W133/><G133/><T128/><D128/><U6/><E57/><V125/><F74/><N who="3" m="43255" /><G9/><N who="0" m="4527" /><D7/><AGARI ba="0,0" hai="7,10,14,25,26,91,92,97,120,122,123" m="43255" machi="7" ten="30,2000,0" yaku="13,1,52,1" doraHai="8" who="3" fromWho="0" sc="250,-20,250,0,250,0,250,20" /><INIT seed="1,0,0,0,4,120" ten="230,250,250,270" oya="1" hai0="17,32,113,82,35,107,59,22,77,117,75,86,122" hai1="112,71,105,27,100,46,6,54,41,115,96,57,111" hai2="56,15,49,130,116,33,85,11,69,18,36,63,67" hai3="7,124,114,91,95,123,29,70,47,83,20,98,131"/><U48/><E71/><V106/><F116/><W55/><G70/><T65/><D117/><U66/><E66/><V14/><F130/><W2/><G114/><T64/><D113/><U50/><E6/><V110/><F36/><W45/><G123/><T128/><D128/><U87/><E111/><V126/><F126/><W26/><G124/><T5/><D122/><U23/><REACH who="1" step="1"/><E87/><REACH who="1" ten="230,240,250,270" step="2"/><V72/><F85/><W43/><G131/><T74/><D5/><U81/><E81/><V10/><F110/><W44/><G83/><T79/><D65/><U88/><E88/><V25/><F72/><W132/><G132/><T68/><D68/><U89/><E89/><V61/><F67/><W109/><G109/><T129/><D129/><U94/><E94/><V108/><F69/><W52/><REACH who="3" step="1"/><G43/><REACH who="3" ten="230,240,250,260" step="2"/><T101/><D82/><U3/><E3/><V121/><F108/><W1/><G1/><T102/><D75/><U92/><E92/><V16/><F121/><W97/><G97/><T125/><D74/><U127/><E127/><V38/><F106/><W39/><G39/><T119/><D107/><U9/><E9/><AGARI ba="0,2" hai="2,7,9,20,26,29,44,45,47,52,55,91,95,98" machi="9" ten="40,2600,0" yaku="1,1,54,1,53,0" doraHai="120" doraHaiUra="62" who="3" fromWho="1" sc="230,0,240,-26,250,0,260,46" /><INIT seed="2,0,0,0,2,24" ten="230,214,250,306" oya="2" hai0="30,12,97,17,34,75,46,41,102,118,133,111,96" hai1="28,86,14,113,54,0,92,7,103,135,47,57,126" hai2="100,23,124,74,42,134,121,78,125,15,22,52,109" hai3="5,70,129,1,99,85,65,79,128,50,90,55,61"/><V56/><F121/><W123/><G123/><T59/><D75/><U105/><E105/><V107/><F134/><W116/><G116/><T104/><D111/><U94/><E0/><V119/><F119/><W18/><G5/><T68/><D68/><U101/><E47/><V83/><F42/><W88/><G1/><T98/><D133/><U114/><E86/><V63/><F109/><W33/><G33/><T27/><D59/><U21/><E135/><V48/><F48/><W110/><G110/><T6/><D6/><U51/><E126/><N who="2" m="48747" /><F15/><W36/><G36/><T4/><D4/><U106/><E106/><V9/><F9/><W37/><G37/><T53/><D53/><U11/><E114/><V69/><F69/><W8/><G99/><AGARI ba="0,0" hai="22,23,52,56,63,74,78,83,99,100,107" m="48747" machi="99" ten="30,2900,0" yaku="18,1,54,1" doraHai="24" who="2" fromWho="3" sc="230,0,214,0,250,29,306,-29" /><INIT seed="2,1,0,4,5,37" ten="230,214,279,277" oya="2" hai0="106,45,28,113,15,82,126,128,135,105,27,61,71" hai1="83,7,111,130,3,53,55,38,102,74,77,117,8" hai2="132,72,124,63,87,40,41,114,2,10,13,44,23" hai3="119,43,52,47,48,16,51,56,84,89,92,20,88"/><V17/><F114/><W60/><G119/><T64/><D113/><U24/><E111/><V31/><F72/><W129/><G129/><T108/><D108/><U59/><E130/><V125/><F132/><W76/><G76/><T12/><D128/><U95/><E117/><V100/><F100/><W79/><G79/><T66/><D126/><N who="2" m="48746" /><F44/><W69/><G69/><T5/><D66/><U116/><E116/><V29/><F87/><W85/><G60/><T75/><D135/><U115/><E115/><V62/><F2/><W70/><G70/><T32/><D82/><U81/><E81/><V112/><F112/><W0/><G0/><T25/><D75/><U49/><E24/><N who="2" m="16543" /><F31/><W131/><G131/><T21/><D106/><U57/><E102/><V122/><F122/><W65/><G65/><T123/><D105/><U36/><REACH who="1" step="1"/><E95/><REACH who="1" ten="230,204,279,277" step="2"/><V67/><F63/><AGARI ba="1,1" hai="3,7,8,36,38,49,53,55,57,59,63,74,77,83" machi="63" ten="30,7700,0" yaku="1,1,2,1,7,1,53,1" doraHai="37" doraHaiUra="34" who="1" fromWho="2" sc="230,0,204,90,279,-80,277,0" /><INIT seed="3,0,0,0,0,115" ten="230,294,199,277" oya="3" hai0="49,109,76,91,117,12,95,45,14,105,116,20,79" hai1="85,13,129,11,33,2,132,92,122,61,130,94,8" hai2="59,67,69,30,10,53,107,120,27,23,110,28,72" hai3="62,83,7,104,102,63,133,65,50,118,4,131,78"/><W36/><G36/><T47/><D105/><U56/><E122/><V15/><F110/><W58/><G133/><T123/><D123/><U17/><E33/><V101/><F120/><W22/><G131/><N who="1" m="50186" /><E132/><V57/><F72/><W82/><G118/><T108/><D20/><U21/><E85/><V68/><F30/><W5/><G102/><T3/><D3/><U124/><E124/><V112/><F112/><W74/><G104/><T119/><D91/><U55/><E11/><V6/><F67/><W87/><G22/><T128/><D128/><U48/><E61/><V121/><F121/><W84/><G74/><T106/><D106/><U90/><E90/><V114/><F59/><W39/><G39/><T77/><D95/><U113/><E113/><V71/><F114/><W96/><G96/><T73/><D73/><U127/><E127/><V1/><F101/><W86/><G50/><T25/><D25/><N who="1" m="14511" /><E2/><V42/><F107/><W111/><G111/><N who="0" m="42571" /><D49/><U103/><E103/><V26/><F26/><W44/><G44/><AGARI ba="0,0" hai="12,14,44,45,47,76,77,79,116,117,119" m="42571" machi="44" ten="40,12000,2" yaku="28,2,14,1,52,3" doraHai="115" who="0" fromWho="3" sc="230,120,294,0,199,0,277,-120" /><INIT seed="4,0,0,3,4,26" ten="350,294,199,157" oya="0" hai0="103,125,105,47,11,58,134,129,124,111,21,132,60" hai1="0,130,28,116,43,27,42,40,53,22,112,65,71" hai2="52,37,81,82,133,56,113,2,10,50,107,46,68" hai3="115,31,57,131,100,1,72,98,44,12,126,13,74"/><T62/><D105/><U109/><E109/><V16/><F133/><N who="0" m="51306" /><D103/><U15/><E0/><V92/><F113/><W83/><G1/><T25/><D11/><U123/><E123/><V24/><F107/><W114/><G131/><T96/><D96/><U128/><E116/><V23/><F68/><W45/><G126/><N who="0" m="48747" /><D111/><U66/><E112/><V118/><F118/><W36/><G57/><T33/><D33/><U97/><E97/><V76/><F92/><W54/><G83/><T90/><D90/><U49/><E71/><V69/><F69/><W4/><G4/><T110/><D110/><U77/><E15/><V67/><F2/><W135/><G135/><T78/><D78/><U127/><E77/><V88/><F10/><W75/><G13/><T80/><D80/><U91/><E91/><V6/><F6/><W63/><G12/><T119/><D119/><U34/><E34/><V8/><F8/><W79/><G79/><T14/><D14/><U87/><E87/><N who="2" m="50295" /><F76/><W108/><G108/><T117/><D117/><U73/><E73/><V99/><F99/><W18/><G98/><T106/><D106/><U122/><E127/><V84/><F37/><W29/><G36/><T32/><D32/><U85/><E85/><V95/><F95/><W35/><G35/><T89/><D89/><U70/><E70/><V5/><F5/><W51/><G115/><T120/><D120/><U61/><E122/><V102/><F84/><W3/><G114/><T20/><D129/><U101/><E130/><V38/><F81/><W19/><G100/><T86/><D86/><U121/><E128/><RYUUKYOKU ba="0,0" sc="350,0,294,0,199,0,157,0" /><INIT seed="5,1,0,5,3,22" ten="350,294,199,157" oya="1" hai0="112,79,123,128,45,75,64,47,9,43,96,89,78" hai1="101,28,124,36,114,13,95,0,34,103,58,37,109" hai2="4,83,110,53,94,104,30,6,111,14,90,59,87" hai3="62,65,122,70,49,82,74,60,29,63,46,115,31"/><U5/><E114/><V33/><F104/><W52/><G52/><T118/><D118/><U38/><E0/><V91/><F111/><W61/><G122/><T17/><D128/><U119/><E119/><V72/><F110/><W44/><G115/><T12/><D75/><U125/><E109/><V18/><F30/><W69/><G69/><T135/><D135/><U7/><E58/><V93/><F33/><W15/><G15/><T134/><D64/><U50/><E50/><V32/><F32/><W132/><G132/><T131/><D131/><U11/><E7/><V27/><F27/><W99/><G99/><T120/><D47/><U40/><E40/><V19/><F19/><W85/><G74/><T2/><D2/><U35/><E35/><V54/><F72/><W21/><G21/><T16/><D17/><U97/><REACH who="1" step="1"/><E103/><REACH who="1" ten="350,284,199,157" step="2"/><V92/><F4/><W25/><G49/><T57/><D57/><U1/><E1/><V71/><F6/><W56/><G70/><T113/><D113/><U10/><E10/><V42/><F42/><W105/><G56/><T129/><D112/><U86/><E86/><N who="2" m="52343" /><F71/><W77/><G65/><T108/><D129/><U23/><E23/><N who="2" m="11735" /><F54/><W102/><G85/><T121/><D108/><U117/><E117/><V8/><F8/><W76/><G102/><T127/><D134/><U133/><E133/><V68/><F68/><W26/><G63/><AGARI ba="1,1" hai="53,59,63,83,87,90,93,94" m="11735,52343" machi="63" ten="30,1000,0" yaku="8,1" doraHai="22" who="2" fromWho="3" sc="350,0,284,0,199,23,157,-13" /><INIT seed="6,0,0,2,0,89" ten="350,284,222,144" oya="2" hai0="37,95,96,30,3,61,127,29,60,122,79,91,53" hai1="21,44,43,50,80,125,107,132,11,102,112,92,6" hai2="131,75,97,70,74,128,104,82,12,62,105,40,46" hai3="94,38,117,86,35,116,25,133,71,5,121,16,22"/><V15/><F15/><W8/><G121/><T110/><D110/><U34/><E34/><V103/><F12/><W109/><G109/><T135/><D122/><U111/><E107/><V81/><F105/><W108/><G108/><T54/><D37/><U59/><E112/><V47/><F70/><W18/><G38/><T23/><D3/><U129/><E125/><V84/><F62/><W76/><G71/><T72/><D135/><U36/><E129/><N who="2" m="49739" /><F47/><W24/><G133/><T134/><D127/><U49/><E11/><V99/><F99/><W0/><G76/><T56/><D134/><U31/><E6/><V57/><F57/><W73/><G73/><N who="2" m="27657" /><F84/><W126/><G126/><T106/><D106/><U78/><E59/><V88/><F88/><W27/><G86/><T9/><D56/><U42/><E44/><V20/><F20/><N who="3" m="13335" /><G94/><T10/><D95/><U45/><E92/><V14/><F14/><W100/><G100/><T28/><D72/><U114/><E102/><V19/><F19/><W130/><G130/><T123/><D79/><U58/><E78/><V2/><F2/><W63/><G63/><T26/><D61/><U55/><E111/><V7/><F7/><W118/><G27/><T17/><D60/><U69/><E69/><V77/><F77/><W93/><G93/><N who="0" m="56383" /><D123/><U83/><E132/><V64/><F64/><W101/><G101/><T120/><D120/><U13/><E58/><V124/><F124/><W48/><G48/><AGARI ba="0,0" hai="40,46,48,81,82,97,103,104" m="27657,49739" machi="48" ten="30,1500,0" yaku="19,1" doraHai="89" who="2" fromWho="3" sc="350,0,284,0,222,15,144,-15" /><INIT seed="6,1,0,2,4,104" ten="350,284,237,129" oya="2" hai0="44,90,17,85,45,24,135,15,13,29,9,52,33" hai1="74,12,2,107,117,106,51,75,80,14,116,50,46" hai2="65,48,81,20,69,131,124,37,21,128,108,68,25" hai3="0,54,122,72,6,112,7,100,86,99,87,32,94"/><V105/><F37/><W43/><G122/><T31/><D135/><U111/><E80/><V73/><F105/><W26/><G43/><T114/><D114/><U5/><E5/><V67/><F124/><W93/><G112/><T88/><D29/><U10/><E10/><V63/><F108/><W35/><G54/><T76/><D76/><U84/><E84/><V125/><F125/><W22/><G0/><T59/><D15/><U118/><E118/><V11/><F11/><W91/><G35/><T83/><D90/><U57/><E57/><V126/><F126/><W120/><G32/><T115/><D115/><U16/><E16/><N who="2" m="12423" /><F48/><AGARI ba="1,0" hai="9,13,17,24,31,33,44,45,48,52,59,83,85,88" machi="48" ten="30,3900,0" yaku="7,1,54,2" doraHai="104" who="0" fromWho="2" sc="350,42,284,0,237,-42,129,0" /><INIT seed="7,0,0,5,1,31" ten="392,284,195,129" oya="3" hai0="50,33,73,100,115,43,102,94,85,97,38,52,110" hai1="16,96,76,29,77,60,87,21,13,10,65,72,116" hai2="66,130,104,7,79,127,86,74,121,135,118,134,18" hai3="62,67,107,123,101,27,59,8,48,36,49,6,19"/><W93/><G123/><T82/><D33/><U129/><E72/><V119/><F7/><W2/><G36/><T11/><D110/><U106/><E129/><V17/><F130/><W0/><G0/><T25/><D73/><U70/><E116/><V68/><F104/><W47/><G107/><T88/><D38/><U69/><E69/><V40/><F40/><W9/><G47/><T61/><D25/><U120/><E120/><V1/><F1/><W34/><G101/><T84/><D84/><U81/><E96/><V114/><F127/><W42/><G93/><T20/><D20/><U91/><E106/><V117/><F114/><W105/><G105/><T32/><D32/><U112/><E112/><V53/><F74/><W23/><G42/><T28/><D28/><U133/><E133/><N who="2" m="50699" /><F53/><W22/><G22/><T14/><D61/><U56/><E70/><V44/><F44/><W89/><G89/><N who="0" m="51383" /><D43/><U113/><E113/><V35/><F35/><W39/><G39/><T75/><D75/><U15/><E29/><V30/><F30/><N who="3" m="19807" /><G9/><T111/><D115/><U26/><E26/><V63/><F121/><W57/><G57/><N who="0" m="32919" /><D111/><U80/><E80/><AGARI ba="0,0" hai="17,18,63,66,68,79,80,86,117,118,119" m="50699" machi="80" ten="40,1300,0" yaku="20,1" doraHai="31" who="2" fromWho="1" sc="392,0,284,-13,195,13,129,0" owari="392,49.2,271,7.1,208,-19.2,129,-37.1" /></mjloggm>