<mjloggm ver="2.3"><GO type="169" lobby="0"/><UN n0="%42%65%6E%63%68%69%6E%67" n1="%E6%B2%B3%E7%AB%A5%E3%81%AE%E3%83%AF%E3%82%AB%E3%83%9E%E3%83%84" n2="%E8%B5%A4%E5%BA%A7%E3%81%82%E3%81%8B%E3%82%8A%45%58" n3="%E3%83%9F%E3%82%B2%E3%83%BC%E3%83%AB%E6%94%B9" dan="16,17,16,16" rate="2090.22,2193.99,2131.55,2223.61" sx="M,M,M,M"/><TAIKYOKU oya="0"/><INIT seed="0,0,0,2,1,50" ten="250,250,250,250" oya="0" hai0="77,28,113,102,131,40,69,129,109,81,5,100,21" hai1="108,42,92,86,116,111,64,85,84,47,12,61,126" hai2="34,56,20,135,7,121,13,14,94,115,59,95,76" hai3="1,127,62,25,132,9,87,26,122,125,119,11,105"/><T99/><D113/><U2/><E2/><V44/><F34/><W63/><G105/><T96/><D69/><U65/><E116/><V57/><F121/><W101/><G119/><T39/><D5/><U29/><E126/><N who="3" m="48138" /><G122/><T18/><D28/><U118/><E118/><V70/><F70/><W106/><G87/><T83/><D40/><U74/><E74/><V89/><F135/><W10/><G1/><T80/><D39/><U107/><E107/><V98/><F76/><W45/><G106/><T114/><D114/><U66/><E29/><V78/><F78/><W35/><G35/><T24/><D77/><U16/><E61/><N who="3" m="23050" /><G101/><N who="0" m="39019" /><D109/><U17/><E92/><V37/><F115/><W104/><G104/><T72/><D72/><U43/><E12/><V82/><F95/><W6/><G6/><T112/><D112/><U3/><E3/><V73/><F7/><W117/><G117/><T124/><D124/><U60/><E60/><V27/><F82/><W133/><G45/><T97/><D131/><U91/><E91/><V123/><F73/><W19/><G19/><N who="1" m="7242" /><E47/><V4/><F123/><W103/><G103/><T48/><D129/><U36/><E36/><V54/><F37/><W120/><G120/><T75/><D75/><U46/><E46/><V90/><F90/><W49/><G49/><AGARI ba="0,0" hai="18,21,24,48,49,80,81,83,96,97,99" m="39019" machi="49" ten="40,2000,0" yaku="8,1" doraHai="50" who="0" fromWho="3" sc="250,20,250,0,250,0,250,-20" /><INIT seed="0,1,0,5,4,51" ten="270,250,250,230" oya="0" hai0="14,97,88,20,9,15,42,100,123,118,76,96,29" hai1="47,19,75,92,86,72,4,111,57,66,18,63,52" hai2="104,113,102,25,105,55,26,23,115,49,71,80,0" hai3="2,134,124,68,31,74,5,130,120,83,53,77,126"/><T78/><D123/><U131/><E111/><V38/><F38/><W22/><G68/><T36/><D118/><U32/><E32/><V128/><F0/><W61/><G120/><T90/><D36/><U87/><E131/><V13/><F71/><W65/><G65/><T45/><D45/><U7/><E75/><V6/><F128/><W50/><G61/><T16/><D42/><U28/><E28/><V37/><F37/><W99/><G130/><T116/><D116/><U129/><E72/><V43/><F43/><W93/><G134/><T17/><D29/><U12/><E18/><V27/><F80/><W34/><G34/><T125/><D125/><N who="3" m="48233" /><G31/><T62/><D62/><U48/><E129/><V79/><F79/><N who="0" m="30250" /><D100/><U56/><E47/><V46/><F102/><N who="3" m="60783" /><G22/><T127/><D127/><U121/><E121/><V112/><REACH who="2" step="1"/><F23/><REACH who="2" ten="270,250,240,230" step="2"/><W70/><G70/><T30/><D30/><U33/><E33/><V133/><F133/><W107/><G107/><T106/><D106/><U84/><REACH who="1" step="1"/><E92/><REACH who="1" ten="270,240,240,230" step="2"/><V108/><F108/><W1/><G5/><T41/><D41/><U94/><E94/><V39/><F39/><W132/><G132/><T85/><D85/><U119/><E119/><V60/><F60/><W81/><G81/><T89/><AGARI ba="1,2" hai="9,14,15,16,17,20,88,89,90,96,97" m="30250" machi="89" ten="30,6000,0" yaku="8,1,54,2" doraHai="51" who="0" fromWho="0" sc="270,83,240,-21,240,-21,230,-21" /><INIT seed="0,2,0,0,1,104" ten="353,219,219,209" oya="0" hai0="25,114,112,100,31,64,37,62,129,118,6,20,16" hai1="80,97,101,122,0,67,44,5,110,40,121,33,132" hai2="24,59,82,78,35,42,99,29,130,55,81,75,19" hai3="47,46,135,102,73,71,89,126,117,105,36,83,54"/><T107/><D118/><U88/><E33/><V21/><F130/><W10/><G117/><T7/><D37/><U50/><E110/><V56/><F42/><W18/><G89/><T120/><D120/><U45/><E132/><V77/><F99/><W98/><G135/><T15/><D129/><U95/><E67/><V79/><F79/><W11/><G71/><T27/><D100/><U72/><E5/><N who="0" m="1545" /><D62/><U87/><E0/><V133/><F55/><W76/><G126/><T115/><D64/><U113/><E113/><N who="0" m="28929" /><T70/><DORA hai="65" /><D107/><N who="1" m="63919" /><E45/><V63/><F63/><W26/><G46/><T39/><D39/><U127/><E127/><V106/><F106/><W61/><G61/><T53/><D53/><U116/><E116/><V51/><F51/><W43/><REACH who="3" step="1"/><G54/><REACH who="3" ten="353,219,219,199" step="2"/><T49/><D70/><U103/><E103/><V119/><F133/><W90/><G90/><T91/><D91/><U4/><E4/><V38/><F119/><W14/><G14/><T12/><D49/><U69/><E69/><V30/><F38/><W124/><G124/><T131/><D131/><U111/><E111/><V58/><REACH who="2" step="1"/><F35/><AGARI ba="2,1" hai="12,15,16,20,25,27,31,35" m="28929,1545" machi="35" ten="40,7700,0" yaku="34,2,54,1" doraHai="104,65" who="0" fromWho="2" sc="353,93,219,0,219,-83,199,0" /><INIT seed="0,3,0,0,3,118" ten="446,219,136,199" oya="0" hai0="42,110,123,62,13,55,119,0,48,51,17,20,60" hai1="82,81,73,131,54,108,33,99,85,93,95,116,7" hai2="23,78,97,47,31,112,16,34,21,27,59,14,115" hai3="101,89,71,50,74,10,70,45,121,129,67,56,53"/><T88/><D119/><U87/><E116/><V94/><F78/><W29/><G74/><T130/><D123/><U37/><E33/><V63/><F47/><W109/><G101/><T120/><D120/><U11/><E37/><V25/><F34/><W30/><G121/><T28/><D130/><U65/><E65/><V134/><F134/><W124/><G129/><T19/><D0/><U135/><E131/><V86/><F86/><W103/><G103/><T40/><D28/><U26/><E108/><V3/><F3/><W111/><G89/><T126/><D126/><U64/><E64/><V102/><REACH who="2" step="1"/><F27/><REACH who="2" ten="446,219,126,199" step="2"/><W96/><G124/><T49/><D110/><U117/><E26/><V4/><F4/><W68/><G111/><T84/><D17/><U105/><E135/><V41/><F41/><N who="0" m="15978" /><D55/><AGARI ba="3,1" hai="14,16,21,23,25,31,55,59,63,94,97,102,112,115" machi="55" ten="30,7700,0" yaku="1,1,7,1,54,1,53,1" doraHai="118" doraHaiUra="90" who="2" fromWho="0" sc="446,-86,219,0,126,96,199,0" /><INIT seed="1,0,0,3,4,27" ten="360,219,222,199" oya="1" hai0="135,73,89,87,84,66,16,97,123,69,64,132,48" hai1="133,32,125,49,78,111,103,90,131,114,77,107,95" hai2="115,130,22,26,1,85,55,23,14,5,94,44,98" hai3="18,15,0,40,62,72,7,21,91,12,109,124,2"/><U112/><E32/><V93/><F115/><N who="1" m="44073" /><E49/><V119/><F119/><W39/><G72/><T68/><D73/><U101/><E107/><V25/><F130/><W122/><G122/><T108/><D123/><U76/><E131/><V20/><F1/><W113/><G113/><T46/><D97/><U75/><E75/><V96/><F85/><W128/><G91/><T8/><D48/><U9/><E9/><N who="2" m="4399" /><F55/><W53/><G128/><T13/><D46/><U51/><E51/><V24/><F44/><W80/><G40/><T106/><D106/><U6/><E6/><V100/><F20/><W19/><G39/><T63/><D84/><U104/><E104/><V110/><F110/><W17/><G80/><T54/><D108/><U79/><E111/><V3/><F3/><W33/><G33/><T70/><D54/><U81/><E133/><N who="0" m="51273" /><D63/><U50/><E50/><V126/><F126/><W37/><G124/><T117/><D117/><U121/><E121/><V116/><F116/><W52/><G109/><T83/><AGARI ba="0,0" hai="8,13,16,64,66,68,69,70,83,87,89" m="51273" machi="83" ten="40,2700,0" yaku="20,1,54,1" doraHai="27" who="0" fromWho="0" sc="360,27,219,-13,222,-7,199,-7" /><INIT seed="2,0,0,0,5,91" ten="387,206,215,192" oya="2" hai0="23,119,15,99,109,132,52,114,35,79,41,64,5" hai1="73,84,54,76,125,48,1,62,124,66,42,26,37" hai2="51,11,43,40,24,131,90,135,112,49,72,20,87" hai3="53,127,46,65,4,60,78,17,61,34,94,18,110"/><V129/><F72/><W80/><G110/><T74/><D114/><U10/><E73/><V103/><F103/><W118/><G34/><T95/><D35/><U108/><E108/><V128/><F112/><W101/><G118/><T30/><D41/><U36/><E26/><V50/><F11/><W93/><G101/><T116/><D64/><U133/><E76/><V45/><F135/><W59/><G127/><N who="1" m="48714" /><E84/><V89/><F45/><W31/><G31/><T107/><D30/><U0/><E10/><V102/><F102/><W9/><G18/><T68/><D107/><U67/><E0/><V2/><F2/><W56/><G46/><T98/><D132/><U126/><E1/><V123/><F90/><W3/><REACH who="3" step="1"/><G17/><REACH who="3" ten="387,206,215,182" step="2"/><T77/><D109/><U27/><E133/><V82/><F123/><W12/><G12/><T115/><D116/><U81/><E126/><V28/><AGARI ba="0,1" hai="20,24,28,40,43,49,50,51,82,87,89,128,129,131" machi="28" ten="40,3900,0" yaku="0,1,19,1" doraHai="91" who="2" fromWho="2" sc="387,-13,206,-13,215,49,182,-13" /><INIT seed="2,1,0,1,2,94" ten="374,193,264,169" oya="2" hai0="98,43,66,86,67,63,58,84,133,70,101,110,7" hai1="33,14,90,72,88,99,134,106,79,69,54,57,116" hai2="87,20,119,28,24,68,35,2,109,122,15,11,73" hai3="16,82,74,8,124,102,37,38,129,89,92,96,75"/><V56/><F68/><W18/><G129/><T5/><D110/><U80/><E116/><V113/><F73/><W114/><G124/><T112/><D112/><U6/><E33/><V111/><F87/><W17/><G114/><T71/><D133/><U42/><E69/><V125/><F56/><W83/><G8/><T12/><D43/><U120/><E134/><V3/><F113/><W91/><G102/><T26/><D26/><U115/><E115/><V100/><F100/><W65/><G65/><T19/><D70/><U50/><E120/><V13/><F119/><W36/><REACH who="3" step="1"/><G91/><REACH who="3" ten="374,193,264,159" step="2"/><T22/><D22/><U48/><BYE who="0" /><E88/><V127/><F122/><W128/><G128/><T41/><D41/><U51/><E42/><V61/><F127/><W44/><G44/><T118/><D118/><U23/><E90/><V81/><F125/><W21/><G21/><T117/><D117/><U62/><E23/><V47/><F47/><W77/><G77/><T93/><D93/><U107/><REACH who="1" step="1"/><E99/><REACH who="1" ten="374,183,264,159" step="2"/><V95/><F20/><W121/><G121/><T60/><D60/><U32/><E32/><V4/><F61/><W52/><G52/><T64/><D64/><U46/><E46/><V132/><F132/><W135/><G135/><T108/><D108/><U97/><E97/><V29/><F111/><W59/><G59/><T76/><D76/><U49/><N who="1" m="12288" /><DORA hai="131" /><U27/><E27/><V34/><F109/><W85/><G85/><UN n0="%42%65%6E%63%68%69%6E%67" /><T78/><D84/><U10/><AGARI ba="1,2" hai="6,10,14,54,57,62,72,79,80,106,107" m="12288" machi="10" ten="40,8000,1" yaku="1,1,0,1,53,2" doraHai="94,131" doraHaiUra="123,103" who="1" fromWho="1" sc="374,-21,183,103,264,-41,159,-21" /><INIT seed="3,0,0,3,1,63" ten="353,286,223,138" oya="3" hai0="39,67,84,110,101,120,54,9,47,128,37,61,15" hai1="17,36,122,134,2,111,28,71,11,43,16,104,106" hai2="79,129,12,121,93,126,81,114,85,31,133,109,52" hai3="25,57,60,69,75,103,88,123,118,68,41,18,56"/><W0/><G123/><T38/><D120/><U65/><E122/><V44/><F114/><W77/><G118/><T87/><D110/><U117/><E28/><V33/><F121/><W62/><G103/><T50/><D128/><U5/><E111/><V7/><F109/><W108/><G108/><T72/><D72/><U29/><E117/><V115/><F115/><W59/><G0/><T1/><D1/><U53/><E134/><V119/><F119/><W113/><G113/><T73/><D73/><U98/><E29/><V55/><F129/><W19/><G75/><T82/><D101/><U20/><E53/><V4/><F126/><W107/><G77/><T96/><D96/><U21/><E98/><V92/><F33/><W130/><G107/><T125/><D125/><U76/><E76/><V91/><F31/><W89/><G130/><T124/><D124/><U13/><E43/><V127/><F133/><W90/><G41/><T23/><D23/><U30/><E36/><V83/><F55/><W74/><G74/><T80/><D80/><U100/><E30/><V45/><F45/><W132/><G132/><T14/><D82/><U35/><E35/><V131/><F131/><W97/><G97/><T94/><D94/><N who="2" m="36458" /><F12/><W22/><REACH who="3" step="1"/><G19/><REACH who="3" ten="353,286,223,128" step="2"/><T34/><D84/><U86/><E86/><N who="2" m="50639" /><F127/><W49/><G49/><AGARI ba="0,1" hai="4,7,44,49,52,79,83,85" m="50639,36458" machi="49" ten="30,2000,0" yaku="8,1,54,1" doraHai="63" who="2" fromWho="3" sc="353,0,286,0,223,30,128,-20" /><INIT seed="4,0,0,1,5,116" ten="353,286,253,108" oya="0" hai0="38,40,82,68,100,94,75,32,99,21,128,12,6" hai1="101,111,117,134,123,114,5,33,41,92,47,53,66" hai2="56,85,42,26,13,80,24,96,102,70,63,83,2" hai3="124,3,27,9,105,45,43,48,39,108,65,60,90"/><T30/><D128/><U115/><E33/><V1/><F70/><W67/><G108/><T4/><D68/><U44/><E5/><V113/><F113/><N who="1" m="43017" /><E101/><V120/><F42/><W28/><G105/><T58/><D32/><U91/><E117/><V131/><F131/><W132/><G132/><T50/><D38/><U62/><E111/><V22/><F120/><W15/><G3/><T104/><D104/><U16/><E53/><V129/><F129/><W31/><G124/><T112/><D112/><U0/><E0/><V72/><F72/><W135/><G135/><T20/><D4/><U98/><E134/><V109/><F1/><W121/><G39/><T64/><D6/><U14/><E41/><V69/><F2/><W122/><G90/><T118/><D40/><U29/><E29/><N who="3" m="11338" /><G60/><T37/><D37/><U23/><E123/><N who="3" m="47114" /><G27/><T11/><D118/><U10/><E10/><V71/><F26/><W18/><AGARI ba="0,0" hai="9,15,18,43,45,48,65,67" m="47114,11338" machi="18" ten="30,7900,0" yaku="13,1,52,3" doraHai="116" who="3" fromWho="3" sc="353,-39,286,-20,253,-20,108,79" /><INIT seed="5,0,0,5,1,70" ten="314,266,233,187" oya="1" hai0="42,66,2,90,27,6,99,130,97,98,125,9,13" hai1="128,89,73,86,55,49,37,54,118,10,58,15,117" hai2="105,61,60,43,95,82,36,7,14,64,30,63,38" hai3="46,78,33,107,45,74,129,68,50,44,134,112,56"/><U22/><E128/><V39/><F105/><W47/><G107/><T110/><D110/><U113/><E113/><V53/><F30/><W19/><G33/><T127/><D130/><U31/><E73/><V80/><F53/><W11/><G68/><T21/><D66/><U1/><E37/><V83/><F95/><W124/><G129/><T65/><D65/><U126/><E126/><N who="0" m="48137" /><D42/><U96/><E96/><N who="0" m="24577" /><T100/><DORA hai="32" /><D90/><U0/><E117/><V77/><F43/><W120/><G124/><T87/><D87/><U67/><E67/><V72/><REACH who="2" step="1"/><F64/><REACH who="2" ten="314,266,223,187" step="2"/><W132/><G112/><T94/><D94/><U69/><E69/><V103/><F103/><W35/><G35/><T114/><D114/><U4/><E55/><V75/><F75/><W71/><G71/><T48/><D100/><U34/><E34/><V17/><F17/><W23/><G74/><T51/><D51/><U40/><E40/><V16/><F16/><W102/><G50/><T91/><D48/><U84/><E54/><V116/><F116/><W104/><G19/><N who="0" m="12735" /><D91/><U81/><E118/><V5/><F5/><W26/><G102/><T12/><AGARI ba="0,1" hai="2,6,9,12,13" m="12735,24577,48137" machi="12" ten="40,2700,0" yaku="18,1,52,1" doraHai="70,32" who="0" fromWho="0" sc="314,37,266,-13,223,-7,187,-7" /><INIT seed="6,0,0,5,3,57" ten="351,253,216,180" oya="2" hai0="126,98,39,135,42,41,18,105,128,24,71,3,49" hai1="132,59,38,68,27,121,91,115,55,54,96,119,36" hai2="35,122,8,81,62,29,94,64,110,6,51,66,31" hai3="15,53,1,99,21,23,100,101,56,50,63,10,0"/><V112/><F122/><W4/><G101/><T12/><D3/><U32/><E119/><V30/><F112/><W107/><G23/><T33/><D39/><U72/><E72/><V26/><F110/><W103/><G100/><T52/><D71/><U87/><E68/><V82/><F94/><W60/><G0/><T61/><D135/><U14/><E132/><V77/><F51/><W106/><G107/><T90/><D128/><U123/><E96/><V104/><F104/><W40/><REACH who="3" step="1"/><G40/><REACH who="3" ten="351,253,216,170" step="2"/><T84/><D105/><U133/><E121/><V83/><F77/><W127/><G127/><T85/><D42/><U79/><E123/><V45/><F45/><W2/><G2/><T109/><D41/><U118/><E79/><V69/><REACH who="2" step="1"/><F64/><REACH who="2" ten="351,253,206,170" step="2"/><W95/><G95/><N who="0" m="56695" /><D126/><U25/><E133/><V70/><F70/><W97/><G97/><T93/><D93/><U116/><E116/><V48/><F48/><W125/><G125/><T111/><D111/><U58/><E118/><V76/><F76/><W17/><AGARI ba="0,2" hai="1,4,10,15,17,21,50,53,56,60,63,99,103,106" machi="17" ten="30,8000,1" yaku="1,1,0,1,52,2,53,1" doraHai="57" doraHaiUra="11" who="3" fromWho="3" sc="351,-20,253,-20,206,-40,170,100" /><INIT seed="7,0,0,0,4,81" ten="331,233,166,270" oya="3" hai0="105,86,71,104,128,118,88,27,13,91,84,41,106" hai1="93,35,98,121,53,47,29,31,92,134,133,99,120" hai2="89,82,10,114,50,15,54,60,5,116,32,18,38" hai3="115,48,64,74,2,76,65,111,68,131,12,125,101"/><W3/><G68/><T132/><D71/><U34/><REACH who="1" step="1"/><E53/><REACH who="1" ten="331,223,166,270" step="2"/><V129/><F116/><W85/><G111/><T109/><D109/><U135/><E135/><V70/><F114/><W112/><G74/><T9/><D132/><U42/><E42/><V107/><F129/><W33/><G131/><T94/><D128/><U21/><E21/><V96/><F32/><W72/><G72/><T102/><D118/><U37/><E37/><V20/><F38/><W36/><G36/><T63/><D41/><U95/><E95/><V127/><F127/><W73/><G73/><T62/><D105/><U45/><AGARI ba="0,1" hai="29,31,34,35,45,47,92,93,98,99,120,121,133,134" machi="45" ten="25,8000,1" yaku="21,2,0,1,22,2,53,0" doraHai="81" doraHaiUra="103" who="1" fromWho="1" sc="331,-20,223,90,166,-20,270,-40" owari="311,11.1,313,41.3,146,-35.4,230,-17.0" /></mjloggm>