<mjloggm ver="2.3"><GO type="225" lobby="0"/><UN n0="%E3%81%82%E3%81%84%E3%81%82%E3%81%8A%E3%81%84" n1="%E8%81%B7%E6%A5%AD%E3%80%81%E9%A2%A8%32" n2="%EF%BC%AE%EF%BC%A1%EF%BC%AF%33%33%39" n3="%E6%98%93%E5%88%A9%E8%96%A9%E4%BC%AF" dan="18,16,16,17" rate="2254.75,2167.54,2171.52,2220.83" sx="M,M,M,F"/><TAIKYOKU oya="0"/><INIT seed="0,0,0,2,3,128" ten="250,250,250,250" oya="0" hai0="71,106,57,26,105,116,3,31,46,37,42,13,85" hai1="89,40,14,79,8,107,120,132,92,119,16,135,24" hai2="104,121,6,69,73,18,48,129,33,134,59,81,17" hai3="30,86,70,108,20,123,103,28,130,29,117,74,12"/><T5/><D116/><U84/><E119/><V113/><F69/><W60/><G117/><T80/><D71/><U44/><E120/><V7/><F104/><W100/><G74/><T101/><D101/><U125/><E107/><V52/><F33/><W11/><G108/><T53/><D3/><U94/><E125/><V27/><F121/><W34/><G34/><T41/><D41/><U55/><E79/><V66/><F113/><W38/><G38/><T9/><D26/><U63/><E24/><V1/><F66/><W75/><G75/><T35/><D31/><U15/><E15/><V82/><F129/><W47/><G47/><T65/><D65/><U61/><E94/><V49/><F73/><W115/><G115/><T68/><D68/><U77/><E77/><V111/><F111/><W0/><G0/><T2/><D35/><U22/><E8/><V83/><F1/><W4/><G20/><T109/><D109/><U87/><E84/><V88/><F27/><W23/><G23/><T96/><D96/><U98/><E87/><V131/><F131/><W76/><G130/><T10/><D10/><U62/><REACH who="1" step="1"/><E55/><REACH who="1" ten="250,240,250,250" step="2"/><V43/><F52/><W64/><REACH who="3" step="1"/><G123/><REACH who="3" ten="250,240,250,240" step="2"/><T58/><D2/><U99/><E99/><V67/><F82/><AGARI ba="0,2" hai="4,11,12,28,29,30,60,64,70,76,82,86,100,103" machi="82" ten="40,2600,0" yaku="1,1,2,1,53,0" doraHai="128" doraHaiUra="110" who="3" fromWho="2" sc="250,0,240,0,250,-26,240,46" /><INIT seed="1,0,0,3,4,89" ten="250,240,224,286" oya="1" hai0="15,1,6,65,135,9,29,130,116,8,38,109,43" hai1="10,69,86,36,113,117,70,84,110,102,24,73,18" hai2="44,103,96,63,39,64,34,20,112,3,32,127,74" hai3="67,31,75,108,105,125,114,23,26,111,90,5,72"/><U11/><E117/><V104/><F3/><W47/><G114/><T101/><D116/><U133/><E113/><V80/><F112/><W120/><G120/><T132/><D65/><U124/><E73/><V16/><F127/><W30/><G105/><T93/><D29/><U37/><E124/><V54/><F74/><W2/><G67/><T17/><D109/><N who="3" m="42057" /><G125/><T59/><D59/><U71/><E110/><V121/><F80/><W79/><G79/><T52/><D52/><U107/><E133/><N who="0" m="51273" /><D130/><U134/><E134/><V41/><F54/><W82/><G31/><T7/><D7/><U118/><E118/><V4/><F4/><W35/><G35/><T62/><D62/><U45/><E45/><V100/><F100/><W88/><G47/><N who="0" m="24055" /><D101/><U115/><E115/><V48/><F39/><N who="1" m="14921" /><E102/><V131/><F131/><W85/><G5/><T28/><D28/><U97/><E107/><V57/><REACH who="2" step="1"/><F121/><REACH who="2" ten="250,240,214,286" step="2"/><W119/><G119/><T50/><D50/><U33/><E33/><V76/><F76/><N who="3" m="46279" /><G2/><T22/><D6/><U98/><E18/><V27/><AGARI ba="0,1" hai="16,20,27,32,34,41,44,48,57,63,64,96,103,104" machi="27" ten="20,5200,0" yaku="1,1,0,1,7,1,54,1,53,0" doraHai="89" doraHaiUra="25" who="2" fromWho="2" sc="250,-13,240,-26,214,62,286,-13" /><INIT seed="2,0,0,1,1,135" ten="237,214,276,273" oya="2" hai0="97,87,56,24,31,2,7,50,28,26,111,63,6" hai1="35,27,67,132,73,99,115,90,105,44,11,59,119" hai2="130,68,25,104,14,61,20,0,74,55,124,128,85" hai3="80,42,52,93,88,69,1,53,100,101,8,48,82"/><V41/><F0/><W120/><G69/><T54/><D111/><U114/><E119/><V83/><F104/><W9/><G120/><T107/><D2/><U36/><E73/><V21/><F74/><W86/><G42/><T77/><D107/><U45/><E132/><V84/><F41/><W112/><G112/><T76/><D97/><U33/><E11/><N who="3" m="4170" /><G1/><T57/><D87/><U96/><E105/><V46/><F14/><W126/><G126/><T40/><D40/><U92/><E99/><V75/><F75/><W18/><G18/><T4/><D26/><U3/><E3/><V66/><F124/><W51/><G48/><T81/><D81/><N who="3" m="31337" /><G53/><T39/><D39/><U78/><E78/><N who="0" m="30313" /><D24/><U37/><E36/><V103/><F83/><W58/><AGARI ba="0,0" hai="51,52,58,86,88,93,100,101" m="31337,4170" machi="58" ten="30,4000,0" yaku="8,1,54,2" doraHai="135" who="3" fromWho="3" sc="237,-10,214,-10,276,-20,273,40" /><INIT seed="3,0,0,1,5,16" ten="227,204,256,313" oya="3" hai0="33,72,61,89,45,102,48,99,28,13,113,107,29" hai1="105,0,19,63,8,127,79,66,92,44,124,71,47" hai2="88,54,98,126,40,131,35,90,81,128,2,116,15" hai3="95,52,106,91,100,17,86,49,31,14,74,58,132"/><W115/><G115/><T122/><D122/><U129/><E105/><V51/><F35/><W133/><G74/><T101/><D72/><U78/><E92/><V53/><F2/><W135/><G31/><T109/><D109/><U64/><E129/><N who="2" m="49739" /><F116/><W10/><G106/><T130/><D130/><U43/><E66/><V26/><F126/><W120/><G100/><T103/><D113/><U62/><E62/><V114/><F114/><W125/><G120/><T104/><D104/><U83/><E19/><V112/><F112/><W134/><G134/><T84/><D13/><U119/><E119/><V3/><F3/><W30/><G30/><T39/><D39/><N who="1" m="21631" /><E47/><N who="2" m="26087" /><F26/><W27/><G27/><T85/><D33/><U56/><E56/><V41/><F41/><W94/><G125/><T108/><D108/><U75/><E78/><V38/><F38/><W87/><G95/><T118/><D118/><U60/><E60/><V42/><F42/><W82/><G82/><T111/><D61/><U1/><E1/><V69/><F69/><W97/><AGARI ba="0,0" hai="10,14,17,49,52,58,86,87,91,94,97,132,133,135" machi="97" ten="30,6000,0" yaku="0,1,20,1,54,1" doraHai="16" who="3" fromWho="3" sc="227,-20,204,-20,256,-20,313,60" owari="207,-19.3,184,-31.6,236,3.6,373,47.3" /></mjloggm>