<mjloggm ver="2.3"><GO type="169" lobby="0"/><UN n0="%E6%95%97%E5%8C%97%E8%80%85%E3%81%AD%E3%82%8B" n1="%E3%81%B5%E3%81%BF%4B%55%4E" n2="%64%6F%6F%6F%6F%77%79%31" n3="%E5%85%AD%E9%83%A8%E5%9C%AD" dan="17,16,16,16" rate="2158.67,2093.02,2187.59,2129.87" sx="F,F,M,M"/><TAIKYOKU oya="0"/><INIT seed="0,0,0,0,3,122" ten="250,250,250,250" oya="0" hai0="48,73,28,60,50,133,96,4,14,23,126,116,66" hai1="27,51,120,57,33,99,134,18,32,2,130,25,6" hai2="70,97,82,64,114,81,26,112,59,11,92,109,110" hai3="10,80,117,79,118,100,37,41,9,24,55,107,94"/><T135/><D116/><U46/><E120/><V124/><F70/><W119/><G55/><T105/><D73/><U1/><E130/><V22/><F124/><W67/><G94/><T44/><D126/><U63/><E134/><N who="0" m="51209" /><D4/><U101/><E18/><V84/><F11/><W52/><G67/><T62/><D62/><U0/><E6/><V68/><F68/><W29/><G41/><T65/><D65/><U113/><E113/><V127/><F127/><W93/><G37/><T61/><D61/><U30/><E63/><N who="2" m="38015" /><F114/><W86/><G107/><T85/><D85/><U42/><E57/><V13/><F13/><W38/><G38/><T91/><D44/><U43/><E43/><V106/><F106/><W49/><G93/><N who="0" m="56383" /><D105/><U75/><E75/><V3/><F3/><W89/><G100/><T7/><D7/><U34/><REACH who="1" step="1"/><E30/><REACH who="1" ten="250,240,250,250" step="2"/><N who="2" m="17751" /><F112/><W102/><G118/><T15/><D28/><U5/><E5/><V87/><F87/><W40/><G119/><T125/><D125/><U47/><E47/><V115/><F115/><W12/><G117/><T21/><D14/><U54/><E54/><V77/><F81/><W104/><G12/><T39/><D15/><U90/><E90/><V108/><F108/><W45/><G89/><T17/><D17/><U35/><N who="1" m="8192" /><DORA hai="69" /><U129/><E129/><V98/><F98/><N who="3" m="61527" /><G40/><T123/><D123/><U95/><AGARI ba="0,1" hai="0,1,2,25,27,42,46,51,95,99,101" m="8192" machi="95" ten="70,8000,1" yaku="1,1,0,1,53,2" doraHai="122,69" doraHaiUra="132,20" who="1" fromWho="1" sc="250,-40,240,90,250,-20,250,-20" /><INIT seed="1,0,0,1,3,70" ten="210,330,230,230" oya="1" hai0="74,36,22,44,111,2,86,90,24,53,21,8,89" hai1="101,26,34,63,104,100,41,30,95,40,115,83,29" hai2="88,55,107,77,84,49,14,126,43,76,66,4,105" hai3="64,59,131,125,108,18,97,134,45,60,27,121,119"/><U28/><E115/><V96/><F126/><W1/><G121/><T120/><D74/><U113/><E113/><V17/><F43/><W6/><G125/><T123/><D120/><U82/><E104/><V80/><F4/><W94/><G108/><T116/><D116/><U73/><E63/><V47/><F66/><W81/><G119/><T25/><D111/><U32/><E73/><V7/><F7/><W102/><G131/><T9/><D123/><U98/><E100/><V124/><F124/><W50/><G134/><T110/><D110/><U117/><E117/><V52/><F55/><W133/><G133/><T87/><D53/><U11/><E11/><N who="2" m="6367" /><F96/><W72/><G6/><T67/><D44/><U112/><E112/><V68/><F68/><W19/><G1/><T92/><D67/><U20/><E34/><V129/><F129/><W91/><G27/><T23/><D36/><U48/><E32/><V128/><F128/><W93/><G81/><N who="1" m="30730" /><E48/><V103/><F103/><W114/><G72/><T0/><D21/><U65/><E65/><V106/><AGARI ba="0,0" hai="47,49,52,76,77,80,84,88,105,106,107" m="6367" machi="106" ten="30,4000,0" yaku="25,1,54,2" doraHai="70" who="2" fromWho="2" sc="210,-10,330,-20,230,40,230,-10" /><INIT seed="2,0,0,1,5,132" ten="200,310,270,220" oya="2" hai0="18,22,120,124,95,128,4,84,2,129,10,114,65" hai1="56,68,86,38,81,82,90,77,57,8,33,25,35" hai2="116,107,29,100,49,73,7,43,135,117,15,59,14" hai3="92,134,88,24,19,64,44,85,102,71,27,13,121"/><V36/><F73/><W0/><G0/><T1/><D120/><U39/><E68/><V37/><F135/><W133/><G121/><T54/><D114/><U72/><E8/><V6/><F29/><W28/><G102/><T40/><D40/><U118/><E118/><V108/><F59/><W48/><G71/><T31/><D65/><U113/><E113/><V109/><F100/><W75/><G64/><T123/><D123/><U89/><E89/><V63/><F43/><W80/><G92/><T32/><D54/><U127/><E25/><V5/><F49/><W23/><G27/><N who="0" m="18559" /><D95/><U46/><E46/><V70/><F70/><W20/><REACH who="3" step="1"/><G75/><REACH who="3" ten="200,310,270,210" step="2"/><T94/><D94/><U112/><E72/><V47/><F107/><W16/><G16/><T101/><D101/><U119/><E112/><V126/><F5/><W91/><G91/><T62/><D18/><U21/><E90/><V53/><F6/><W42/><AGARI ba="0,1" hai="13,19,20,23,24,28,42,44,48,80,85,88,133,134" machi="42" ten="30,8000,1" yaku="1,1,0,1,54,1,53,2" doraHai="132" doraHaiUra="131" who="3" fromWho="3" sc="200,-20,310,-20,270,-40,210,90" /><INIT seed="3,0,0,0,4,29" ten="180,290,230,300" oya="3" hai0="130,122,1,13,82,63,97,0,24,129,19,95,60" hai1="21,100,111,22,64,112,124,69,34,72,9,20,2" hai2="73,47,132,26,108,65,6,85,127,71,33,90,121" hai3="87,10,84,70,38,109,44,68,101,105,128,8,107"/><W7/><G8/><T54/><D122/><U74/><E112/><V18/><F121/><W36/><G128/><T3/><D82/><U16/><E100/><V15/><F73/><W88/><G109/><T17/><D24/><U50/><E111/><V61/><F108/><W62/><G84/><T81/><D81/><U92/><E92/><V56/><F132/><W115/><G115/><T14/><D54/><U103/><E103/><V116/><F127/><W99/><G105/><T41/><D41/><U96/><E96/><V59/><F116/><W86/><G86/><T45/><D45/><U52/><E124/><V135/><F135/><W123/><G123/><T28/><D28/><U48/><E48/><V5/><F47/><W43/><G62/><N who="0" m="23595" /><D95/><U12/><E64/><V120/><F120/><W119/><G38/><T25/><D25/><U57/><E69/><V32/><F26/><W118/><G118/><T131/><D97/><U39/><E39/><V91/><F59/><W102/><G102/><T104/><D104/><U79/><E79/><V93/><F56/><W98/><G98/><T106/><D106/><U77/><E77/><V75/><F75/><W30/><G30/><T55/><D55/><U117/><E117/><V133/><F133/><W80/><REACH who="3" step="1"/><G119/><REACH who="3" ten="180,290,230,290" step="2"/><T67/><D67/><U53/><E74/><V126/><F126/><W76/><G76/><T46/><D46/><U31/><E72/><V125/><F125/><W58/><G58/><T78/><D78/><U23/><E57/><V94/><F65/><W4/><G4/><T66/><D66/><U114/><E114/><RYUUKYOKU ba="0,1" sc="180,15,290,-15,230,-15,290,15" hai0="0,1,3,13,14,17,19,129,130,131" hai3="7,10,36,43,44,68,70,80,87,88,99,101,107" /><INIT seed="3,1,1,1,3,117" ten="195,275,215,305" oya="3" hai0="11,130,84,105,24,102,27,39,49,126,119,55,10" hai1="111,56,132,40,0,73,20,77,100,135,7,54,2" hai2="107,127,93,50,83,45,35,120,12,3,106,63,116" hai3="58,36,65,57,29,34,91,131,43,28,41,81,134"/><W76/><G131/><T37/><D119/><U86/><E111/><V96/><F116/><W114/><G114/><T79/><D130/><U1/><E73/><V98/><F3/><W133/><G91/><T97/><D126/><U69/><E69/><V14/><F35/><W75/><G36/><T17/><D37/><U31/><E40/><N who="3" m="15434" /><G65/><T129/><D39/><U66/><E66/><V18/><F127/><W6/><G6/><T95/><D129/><U47/><E47/><V16/><F63/><W72/><G72/><T8/><D17/><U92/><E7/><V60/><F60/><W30/><G34/><T70/><D70/><U118/><E118/><V68/><F68/><W113/><G113/><T46/><REACH who="0" step="1"/><D105/><REACH who="0" ten="185,275,215,305" step="2"/><U38/><E38/><V44/><F106/><W121/><G28/><T9/><N who="0" m="2048" /><DORA hai="80" /><T51/><D51/><U99/><E31/><V103/><F50/><W110/><G29/><T82/><AGARI ba="1,2" hai="24,27,46,49,55,79,82,84,95,97,102" m="2048" machi="82" ten="40,8000,1" yaku="1,1,0,1,8,1,52,1,53,0" doraHai="117,80" doraHaiUra="124,67" who="0" fromWho="0" sc="185,103,275,-21,215,-21,305,-41" /><INIT seed="4,0,0,0,0,116" ten="288,254,194,264" oya="0" hai0="107,3,6,24,59,21,43,2,57,103,80,84,54" hai1="38,131,10,132,71,22,47,52,109,50,72,70,97" hai2="35,34,14,89,76,39,124,41,19,92,115,28,75" hai3="130,23,134,93,114,12,86,15,49,87,8,46,42"/><T67/><D43/><U122/><E109/><V125/><F115/><W77/><G114/><T108/><D108/><U99/><E72/><V64/><F64/><W105/><G105/><T53/><D103/><U68/><E131/><V83/><F39/><W62/><G130/><T16/><D107/><U44/><E132/><V98/><F41/><W25/><G134/><T135/><D135/><U121/><E44/><V127/><REACH who="2" step="1"/><F28/><REACH who="2" ten="288,254,184,264" step="2"/><W90/><G62/><T79/><D67/><U37/><E37/><V27/><F27/><W101/><G101/><T95/><D24/><U32/><E38/><V73/><F73/><W78/><G86/><T33/><D84/><U61/><E61/><V56/><F56/><W63/><G63/><T88/><D59/><U18/><E32/><V123/><F123/><W94/><G42/><T110/><D57/><U104/><E122/><V11/><AGARI ba="0,1" hai="11,14,19,34,35,75,76,83,89,92,98,124,125,127" machi="11" ten="30,4000,0" yaku="1,1,0,1,18,1,53,0" doraHai="116" doraHaiUra="113" who="2" fromWho="2" sc="288,-20,254,-10,184,50,264,-10" /><INIT seed="5,0,0,4,2,17" ten="268,244,234,254" oya="1" hai0="0,97,47,42,38,78,12,111,48,25,21,18,130" hai1="54,51,34,79,117,105,85,127,28,107,26,46,122" hai2="40,119,41,134,19,102,112,110,8,7,132,124,50" hai3="125,77,70,30,64,114,33,94,32,57,121,118,15"/><U22/><E117/><V16/><F119/><W61/><G118/><T86/><D111/><U81/><E122/><V129/><F110/><W14/><G121/><T74/><D0/><U24/><REACH who="1" step="1"/><E127/><REACH who="1" ten="268,234,234,254" step="2"/><V56/><F124/><W93/><G125/><T5/><D130/><U87/><E87/><V66/><F129/><W91/><G114/><T65/><D74/><U39/><E39/><V96/><F112/><W99/><G99/><T116/><D116/><U82/><E82/><V45/><F96/><W75/><G75/><T133/><D38/><U84/><E84/><V52/><F132/><W58/><G32/><T120/><D133/><U13/><E13/><V49/><F134/><W76/><G14/><T31/><D120/><U36/><E36/><V128/><F128/><W123/><G15/><T80/><D97/><U90/><E90/><V104/><F102/><W108/><G91/><T88/><D5/><U59/><E59/><V35/><F56/><W37/><G58/><T100/><D100/><U72/><E72/><V95/><F7/><W71/><G57/><T62/><D78/><U109/><E109/><V44/><F50/><W135/><G76/><T53/><D62/><U67/><E67/><V9/><F49/><W103/><G61/><T131/><D65/><U73/><E73/><V55/><F66/><W92/><G64/><T98/><D98/><U11/><E11/><V68/><F8/><W6/><G37/><T106/><D131/><U60/><E60/><V20/><F9/><W83/><G123/><T101/><D101/><U113/><E113/><V69/><F69/><RYUUKYOKU ba="0,1" sc="268,-10,234,30,234,-10,254,-10" hai1="22,24,26,28,34,46,51,54,79,81,85,105,107" /><INIT seed="5,1,1,2,0,24" ten="258,264,224,244" oya="1" hai0="51,64,131,85,116,12,17,76,106,104,125,102,15" hai1="55,2,77,35,101,25,78,122,115,107,99,87,57" hai2="43,9,123,69,22,127,5,59,88,86,58,45,27" hai3="112,60,23,11,20,100,18,50,48,62,1,91,82"/><U134/><E122/><V31/><F69/><W132/><G112/><T52/><D116/><U83/><E115/><V128/><F128/><W38/><G38/><T79/><D131/><U19/><E134/><V8/><F127/><W89/><G132/><T44/><D125/><U84/><E2/><V117/><F117/><W71/><G100/><T13/><D64/><U29/><E19/><V95/><F123/><W4/><G20/><T6/><D6/><U124/><E124/><V41/><F8/><W126/><G126/><T121/><D121/><U47/><E47/><V110/><F110/><W46/><G48/><T135/><D135/><U26/><E26/><V94/><F94/><W133/><G133/><T73/><D73/><U129/><E129/><V92/><F92/><W32/><G32/><T80/><D79/><U111/><E111/><V65/><F65/><W16/><G18/><T68/><D68/><U130/><E130/><V119/><F119/><W3/><G3/><T81/><D81/><U108/><E108/><V61/><F61/><W42/><G71/><T103/><REACH who="0" step="1"/><D17/><REACH who="0" ten="248,264,224,244" step="2"/><U0/><E0/><V66/><F66/><W28/><G16/><T21/><D21/><U118/><E118/><V75/><F75/><W14/><G1/><T10/><D10/><U93/><E78/><V54/><F9/><W33/><G33/><T114/><D114/><U90/><E77/><V39/><F5/><W56/><G4/><T120/><D120/><U98/><E83/><V72/><F72/><W113/><G82/><T97/><D97/><U96/><E98/><V36/><F54/><RYUUKYOKU ba="1,2" sc="248,10,264,10,224,10,244,-30" hai0="12,13,15,44,51,52,76,80,85,102,103,104,106" hai1="25,29,35,55,57,84,87,90,93,96,99,101,107" hai2="22,27,31,36,39,41,43,45,58,59,86,88,95" /><INIT seed="5,2,2,4,2,46" ten="258,274,234,214" oya="1" hai0="24,92,108,37,7,135,109,101,23,11,54,38,14" hai1="95,36,121,76,124,74,83,97,31,28,98,51,4" hai2="90,45,134,119,82,132,113,16,13,32,2,105,103" hai3="22,111,89,69,40,126,0,127,107,27,15,70,73"/><U33/><E121/><V64/><F2/><W59/><G111/><T55/><D135/><N who="2" m="51754" /><F32/><W118/><G0/><T96/><D109/><U56/><E36/><V117/><F113/><W10/><G73/><T133/><D108/><U6/><E124/><N who="3" m="47658" /><G107/><T58/><D55/><U20/><E33/><V102/><F64/><W106/><G106/><T12/><D12/><U9/><E97/><N who="2" m="61647" /><F103/><W79/><G79/><T41/><D41/><U115/><E115/><V75/><F45/><W130/><G130/><T84/><D84/><U78/><E78/><N who="2" m="44383" /><F90/><W5/><G118/><T1/><D1/><U48/><E56/><V52/><F52/><W60/><G89/><T72/><D72/><U122/><E122/><V8/><AGARI ba="2,2" hai="8,13,16,117,119" m="44383,61647,51754" machi="8" ten="30,2000,0" yaku="20,1,54,1" doraHai="46" who="2" fromWho="2" sc="258,-7,274,-12,234,46,214,-7" /><INIT seed="6,0,0,4,5,28" ten="251,262,280,207" oya="2" hai0="23,102,115,19,12,26,88,34,40,68,27,114,133" hai1="91,96,85,49,93,70,106,57,118,126,54,90,10" hai2="15,100,44,75,43,92,77,18,135,30,25,21,94" hai3="74,59,69,121,65,83,117,6,24,80,7,107,98"/><V38/><F135/><W0/><G59/><T29/><D68/><U124/><E70/><V66/><F66/><W127/><G80/><T39/><D102/><U20/><E118/><V9/><REACH who="2" step="1"/><F100/><REACH who="2" ten="251,262,270,207" step="2"/><W129/><G65/><T130/><D133/><U22/><E124/><V128/><F128/><W104/><G129/><T33/><D130/><U116/><E126/><V48/><F48/><W97/><G127/><T101/><D101/><U81/><E116/><V134/><F134/><W55/><G117/><T125/><D125/><U131/><E131/><V89/><F89/><W79/><G121/><T1/><D88/><U14/><REACH who="1" step="1"/><E106/><REACH who="1" ten="251,252,270,207" step="2"/><V42/><F42/><W32/><G104/><T78/><D40/><U64/><E64/><V73/><F73/><W36/><G74/><T56/><D114/><U13/><E13/><V5/><F5/><AGARI ba="0,2" hai="5,10,14,20,22,49,54,57,81,85,90,91,93,96" machi="5" ten="30,7700,0" yaku="1,1,7,1,8,1,53,1" doraHai="28" doraHaiUra="82" who="1" fromWho="2" sc="251,0,252,97,270,-77,207,0" /><INIT seed="7,0,0,1,2,83" ten="251,349,193,207" oya="3" hai0="18,109,61,95,45,20,102,89,52,57,134,80,50" hai1="54,90,127,2,120,15,16,76,25,41,108,10,28" hai2="24,5,48,29,35,8,116,110,99,118,106,70,58" hai3="85,72,92,27,23,9,12,38,21,101,111,135,103"/><W55/><G72/><T62/><D109/><U105/><E108/><V98/><F110/><W74/><G74/><T100/><D134/><U124/><E120/><V7/><F70/><W46/><G111/><T114/><D80/><U130/><E105/><V13/><F5/><N who="3" m="3119" /><G38/><T44/><D114/><U1/><E76/><V59/><F59/><W47/><G135/><T56/><D44/><N who="3" m="16937" /><G55/><T40/><D18/><U4/><E41/><V0/><F0/><W39/><G39/><T107/><D20/><N who="3" m="7753" /><G27/><T91/><D107/><U94/><E54/><V26/><F26/><W19/><G19/><T63/><D40/><U36/><E36/><V79/><F79/><W73/><G73/><T34/><D34/><N who="1" m="20751" /><E16/><V122/><F122/><W121/><G121/><T32/><D52/><U6/><E6/><V78/><F78/><W88/><AGARI ba="0,0" hai="85,88,92,101,103" m="7753,16937,3119" machi="88" ten="30,6000,0" yaku="8,1,52,1,54,1" doraHai="83" who="3" fromWho="3" sc="251,-20,349,-20,193,-20,207,60" /><INIT seed="7,1,0,1,3,82" ten="231,329,173,267" oya="3" hai0="56,86,83,19,26,11,109,100,42,40,116,37,31" hai1="115,15,17,124,74,33,10,73,14,118,106,69,88" hai2="68,120,57,128,95,127,27,98,62,7,8,101,50" hai3="44,16,81,3,84,0,75,135,93,30,70,89,22"/><W59/><G70/><T39/><D109/><U6/><E69/><V34/><F120/><W1/><G135/><T12/><D116/><U4/><E33/><V61/><F127/><W133/><G133/><T130/><D130/><U20/><E106/><V55/><F128/><W79/><G30/><T80/><D100/><U46/><E115/><V90/><F68/><W43/><G59/><T71/><D71/><U123/><E123/><V99/><F34/><W96/><G75/><T102/><D102/><U13/><E124/><V36/><F36/><W52/><G52/><T87/><D56/><U76/><E6/><V132/><F132/><W94/><G94/><T49/><D49/><U126/><E46/><V65/><F27/><W104/><G104/><T58/><D58/><U23/><E73/><V45/><F62/><W47/><REACH who="3" step="1"/><G43/><REACH who="3" ten="231,329,173,257" step="2"/><T21/><D42/><U54/><E54/><V64/><F64/><W121/><G121/><T134/><D40/><U112/><E74/><V66/><F66/><W48/><G48/><T97/><D134/><U2/><E126/><V77/><F77/><W92/><G92/><T125/><D125/><U60/><E118/><V131/><F131/><W63/><G63/><T107/><D37/><U103/><E60/><V108/><F108/><W105/><G105/><T24/><D39/><U38/><E38/><V110/><F110/><W91/><G91/><N who="0" m="51655" /><D107/><U117/><E117/><V51/><F51/><W111/><G111/><T5/><D31/><U28/><E28/><V29/><F29/><W25/><AGARI ba="1,1" hai="0,1,3,16,22,25,44,47,79,81,84,89,93,96" machi="25" ten="30,11700,0" yaku="1,1,0,1,52,1,54,1,53,0" doraHai="82" doraHaiUra="122" who="3" fromWho="3" sc="231,-40,329,-40,173,-40,257,130" owari="191,-20.9,289,8.9,133,-36.7,387,48.7" /></mjloggm>