<mjloggm ver="2.3"><GO type="169" lobby="0"/><UN n0="%E6%81%8B%E3%81%AE%E3%81%86%E3%81%9F" n1="%E6%99%82%E8%A8%88%E5%9D%82%E9%9B%B6" n2="%E5%8C%97%E6%AC%A7%E3%81%AE%E3%82%82%E3%81%93%E3%81%86" n3="%E5%90%83%E8%B2%A8%E5%B0%8F%E5%8C%97%E5%8C%97" dan="17,16,16,18" rate="2226.36,2146.95,2124.23,2303.59" sx="M,M,M,M"/><TAIKYOKU oya="0"/><INIT seed="0,0,0,4,0,50" ten="250,250,250,250" oya="0" hai0="101,115,131,51,116,55,126,133,129,58,19,81,123" hai1="44,121,70,52,32,113,45,5,24,2,84,78,76" hai2="74,104,71,132,38,33,99,117,68,46,43,36,124" hai3="12,30,110,62,65,1,10,57,69,15,67,102,105"/><T8/><D115/><U127/><E70/><V17/><F132/><W3/><G110/><T27/><D116/><U89/><E121/><V128/><F74/><W41/><G41/><T25/><D123/><U4/><E127/><V37/><F33/><W20/><G105/><T92/><D133/><U94/><E113/><V42/><F124/><W77/><G102/><T28/><D126/><U73/><E73/><V83/><F83/><W72/><G77/><N who="1" m="29802" /><E32/><V11/><F17/><W60/><G72/><T0/><D81/><U66/><E66/><V119/><F11/><W16/><REACH who="3" step="1"/><G30/><REACH who="3" ten="250,250,250,240" step="2"/><T26/><D28/><U100/><E100/><V14/><F104/><W61/><G61/><T54/><D101/><U7/><E2/><V34/><F42/><W85/><G85/><T13/><D0/><U56/><E24/><V122/><F99/><W125/><G125/><T120/><D120/><U114/><E114/><V63/><F122/><W111/><G111/><T35/><D35/><U87/><E87/><V47/><F63/><AGARI ba="0,1" hai="4,5,7,44,45,52,56,63,84,89,94" m="29802" machi="63" ten="30,3900,0" yaku="8,1,52,1,54,1" doraHai="50" who="1" fromWho="2" sc="250,0,250,49,250,-39,240,0" /><INIT seed="1,0,0,0,1,105" ten="250,299,211,240" oya="1" hai0="60,66,130,85,69,42,114,74,67,112,24,124,122" hai1="37,126,55,109,54,98,22,97,25,106,77,107,87" hai2="117,30,115,26,12,134,79,19,57,50,13,31,6" hai3="128,62,118,2,80,32,17,58,121,39,48,9,40"/><U0/><E0/><V83/><F117/><W95/><G121/><T8/><D122/><U92/><E37/><V70/><F134/><W68/><G32/><T44/><D85/><U10/><E10/><N who="2" m="4183" /><F70/><W51/><G128/><T52/><D24/><U88/><E126/><V100/><F100/><W29/><G29/><T1/><D1/><U65/><E65/><V34/><F83/><W86/><G68/><T41/><D8/><U18/><E109/><V47/><F57/><W59/><G39/><T4/><D4/><U56/><E55/><V93/><F93/><W123/><G2/><T135/><D124/><U53/><E53/><V38/><F38/><W7/><G7/><T35/><D35/><U91/><E77/><V132/><F79/><W96/><G40/><T84/><D84/><U11/><E11/><N who="2" m="6591" /><F50/><W78/><G59/><T125/><D125/><U119/><E119/><V45/><F45/><W28/><G48/><T20/><D69/><U27/><E27/><N who="2" m="18783" /><F47/><W116/><G51/><T82/><D44/><U14/><E14/><V89/><F89/><W129/><G78/><T49/><D49/><U72/><E72/><V3/><F3/><W81/><G118/><T110/><D74/><U33/><E98/><V76/><F76/><W36/><G96/><T61/><D42/><U111/><E106/><V23/><F115/><W131/><G116/><T102/><D114/><U73/><E107/><V133/><AGARI ba="0,0" hai="23,26,31,132,133" m="18783,6591,4183" machi="133" ten="30,2000,0" yaku="34,2" doraHai="105" who="2" fromWho="2" sc="250,-5,299,-10,211,20,240,-5" /><INIT seed="2,0,0,3,0,32" ten="245,289,231,235" oya="2" hai0="51,13,132,65,63,87,5,58,119,19,134,124,60" hai1="18,69,44,104,12,113,62,37,99,15,66,27,110" hai2="88,36,127,68,79,89,111,105,31,48,95,0,120" hai3="133,56,4,41,14,24,121,96,97,107,29,10,83"/><V20/><F36/><W47/><G133/><N who="0" m="51307" /><D5/><U85/><E113/><V129/><F120/><W84/><G56/><T21/><D124/><U28/><E110/><V16/><F105/><W54/><G54/><N who="0" m="32095" /><D119/><U35/><E18/><V73/><F127/><W102/><G121/><T78/><D65/><U115/><E115/><V42/><F68/><W11/><G11/><T90/><D78/><U46/><E85/><V2/><F31/><W126/><G126/><T67/><D67/><U82/><E82/><AGARI ba="0,0" hai="13,19,21,60,63,82,87,90" m="32095,51307" machi="82" ten="30,1000,0" yaku="20,1" doraHai="32" who="0" fromWho="1" sc="245,10,289,-10,231,0,235,0" /><INIT seed="3,0,0,2,0,60" ten="255,279,231,235" oya="3" hai0="134,101,82,14,133,117,28,122,86,123,51,21,56" hai1="48,115,8,70,20,121,37,105,98,81,45,68,61" hai2="12,102,135,22,130,120,119,64,18,114,15,65,97" hai3="95,127,76,54,96,57,10,90,132,34,71,78,36"/><W32/><G36/><T72/><D28/><U46/><E115/><V16/><F114/><W131/><G71/><T87/><D21/><U7/><E121/><N who="0" m="46089" /><D14/><U3/><E20/><N who="2" m="11271" /><F119/><W0/><G131/><T100/><D56/><U11/><E11/><N who="2" m="6527" /><F120/><W66/><G132/><N who="0" m="50795" /><D51/><U69/><E37/><V55/><F135/><W104/><G127/><T62/><D62/><U83/><E61/><V80/><F130/><W116/><G116/><T79/><D117/><U99/><E69/><V1/><F1/><W103/><G66/><N who="2" m="25705" /><F80/><W35/><G10/><T23/><D23/><U17/><E8/><V52/><F22/><W89/><G0/><T39/><D39/><U2/><E2/><V73/><F73/><W47/><G34/><T93/><D72/><U111/><E3/><V129/><F129/><W124/><G32/><T126/><D126/><U19/><E68/><V94/><AGARI ba="0,0" hai="52,55,94,97,102" m="25705,6527,11271" machi="94" ten="30,12000,2" yaku="8,1,52,3,54,2" doraHai="60" who="2" fromWho="2" sc="255,-30,279,-30,231,120,235,-60" /><INIT seed="4,0,0,1,3,18" ten="225,249,351,175" oya="0" hai0="106,24,94,44,10,117,86,51,7,127,46,30,40" hai1="105,107,79,15,39,96,54,23,12,50,4,19,123" hai2="45,62,66,17,25,129,56,116,121,115,73,90,111" hai3="48,21,91,70,98,53,84,76,75,57,100,9,82"/><T11/><D106/><U135/><E39/><V80/><F121/><W112/><G112/><T16/><D127/><U63/><E123/><V126/><F111/><W124/><G70/><T77/><D117/><U3/><E3/><V37/><F115/><W0/><G124/><T120/><D120/><U122/><E122/><V8/><F129/><W92/><G0/><T61/><D61/><U47/><E135/><V97/><F116/><W99/><G9/><T14/><D44/><U101/><E79/><V119/><F73/><W6/><G6/><T36/><D36/><U88/><E105/><V42/><F119/><W118/><G118/><T68/><D68/><U108/><E108/><V102/><F80/><W113/><G113/><T133/><D133/><U52/><E88/><V93/><F126/><W13/><G100/><T85/><D94/><U131/><E131/><V132/><F132/><W5/><G5/><T22/><REACH who="0" step="1"/><D77/><REACH who="0" ten="215,249,351,175" step="2"/><U69/><E69/><V49/><F37/><W71/><G71/><T60/><D60/><U38/><E38/><V130/><F130/><W125/><G125/><T95/><D95/><U34/><E63/><V33/><F62/><W43/><G43/><T59/><D59/><U89/><E47/><V55/><F56/><W27/><REACH who="3" step="1"/><G13/><AGARI ba="0,1" hai="7,10,11,13,14,16,22,24,30,40,46,51,85,86" machi="13" ten="30,12000,1" yaku="1,1,7,1,8,1,52,1,54,1,53,0" doraHai="18" doraHaiUra="65" who="0" fromWho="3" sc="215,130,249,0,351,0,175,-120" /><INIT seed="4,1,0,5,2,43" ten="345,249,351,55" oya="0" hai0="49,119,133,132,109,122,15,3,57,121,20,17,90" hai1="98,125,85,84,50,48,58,18,32,96,54,37,124" hai2="126,7,70,44,92,34,23,13,87,115,63,5,28" hai3="8,110,100,120,114,31,26,123,113,53,112,66,41"/><T36/><D36/><U118/><E37/><V0/><F115/><N who="3" m="29443" /><W25/><DORA hai="55" /><G66/><T24/><D119/><U105/><E32/><V46/><F126/><N who="1" m="48745" /><E118/><V16/><F70/><W59/><G110/><T12/><D3/><U40/><E18/><V93/><F0/><W106/><G41/><T134/><D90/><U19/><E19/><V104/><F104/><W108/><G108/><T131/><D131/><U86/><E105/><V62/><F34/><N who="3" m="20847" /><G26/><T74/><D74/><U27/><E27/><V111/><F28/><W2/><G100/><T60/><D109/><U52/><E40/><V39/><F39/><W76/><G76/><T56/><D49/><U82/><E82/><V22/><F111/><W95/><G95/><N who="2" m="36425" /><F87/><N who="1" m="22273" /><U64/><DORA hai="102" /><E64/><V80/><F80/><W73/><G73/><T6/><D24/><U4/><E4/><N who="2" m="1611" /><F22/><W33/><G33/><T29/><D29/><U88/><E88/><V129/><F129/><W11/><G106/><T83/><D83/><U135/><E135/><V81/><F81/><W69/><G2/><T14/><D6/><U72/><E72/><V91/><F91/><W9/><G69/><T71/><D20/><U51/><E51/><AGARI ba="1,0" hai="8,9,11,51,53,59,120,123" m="20847,29443" machi="51" ten="50,3200,0" yaku="15,1,52,1" doraHai="43,55,102" who="3" fromWho="1" sc="345,0,249,-35,351,0,55,35" /><INIT seed="5,0,0,3,4,67" ten="345,214,351,90" oya="1" hai0="88,23,17,6,27,104,116,66,129,117,71,110,133" hai1="26,3,84,50,53,31,12,2,126,35,102,46,16" hai2="1,62,75,48,124,42,34,111,19,38,51,134,57" hai3="24,65,0,54,122,30,13,68,130,118,115,101,103"/><U132/><E132/><V82/><F34/><W18/><G122/><T7/><D104/><U113/><E113/><V52/><F1/><W9/><G130/><T93/><D110/><U4/><E126/><V81/><F111/><W15/><G115/><T112/><D112/><U47/><E102/><V123/><F123/><W72/><G72/><T70/><D66/><U74/><E74/><V58/><F134/><W83/><G0/><T106/><D106/><U120/><E120/><V69/><F124/><W107/><G118/><T45/><D133/><U78/><E46/><N who="2" m="23895" /><F19/><W131/><G131/><T63/><D63/><U99/><E99/><V73/><F82/><W22/><G107/><T21/><D129/><U114/><E114/><V55/><F81/><W89/><G54/><N who="2" m="20521" /><F75/><W5/><G89/><T97/><D23/><N who="1" m="11655" /><E3/><V128/><F73/><W29/><G83/><T95/><D116/><U90/><E78/><V76/><F76/><W61/><REACH who="3" step="1"/><G30/><REACH who="3" ten="345,214,351,80" step="2"/><T28/><D28/><U41/><E90/><V14/><F128/><W33/><AGARI ba="0,1" hai="5,9,13,15,18,22,24,29,33,61,65,68,101,103" machi="33" ten="20,8000,1" yaku="1,1,2,1,0,1,7,1,52,1,53,0" doraHai="67" doraHaiUra="39" who="3" fromWho="3" sc="345,-20,214,-40,351,-20,80,90" /><INIT seed="6,0,0,0,1,119" ten="325,174,331,170" oya="2" hai0="72,51,16,97,82,39,122,130,107,30,58,14,57" hai1="85,53,42,20,131,71,87,120,134,113,112,83,18" hai2="45,31,99,109,7,128,37,25,26,102,47,94,110" hai3="22,23,93,101,74,3,129,2,33,32,79,6,65"/><V59/><F128/><W88/><G101/><T52/><D122/><U117/><E71/><V60/><F7/><W46/><G65/><T106/><D39/><U76/><E117/><V96/><F37/><W105/><G105/><T69/><D69/><U133/><E131/><V81/><F81/><W68/><G68/><T90/><D30/><U63/><E42/><V77/><F77/><W80/><G129/><T11/><D130/><U124/><E124/><V62/><F102/><W13/><G46/><T115/><D115/><N who="1" m="44107" /><E87/><V98/><F94/><W116/><G116/><T126/><D126/><U55/><E120/><V38/><F59/><W54/><G54/><N who="1" m="20490" /><E63/><N who="2" m="24107" /><F31/><W8/><G2/><T5/><D58/><U50/><E50/><V28/><F28/><W111/><G3/><T0/><D72/><U40/><E40/><V12/><F12/><AGARI ba="0,0" hai="12,18,20,76,83,85,133,134" m="20490,44107" machi="12" ten="30,1000,0" yaku="15,1" doraHai="119" who="1" fromWho="2" sc="325,0,174,10,331,-10,170,0" /><INIT seed="7,0,0,2,3,131" ten="325,184,321,170" oya="3" hai0="92,5,29,30,44,123,105,59,80,64,91,83,36" hai1="11,72,15,115,95,121,57,86,135,97,20,52,55" hai2="124,49,71,84,125,38,58,33,116,14,54,75,45" hai3="85,1,107,53,31,126,93,42,56,21,78,34,108"/><W39/><G1/><T2/><D105/><U69/><E69/><V67/><F75/><W60/><G107/><T6/><D123/><U99/><E72/><V101/><F33/><W127/><G34/><T74/><D36/><U94/><E121/><V122/><F122/><W25/><G108/><T118/><D44/><U37/><E37/><V47/><F116/><W102/><G78/><T32/><D118/><U119/><E119/><V128/><F128/><W66/><G53/><T41/><D41/><U130/><E135/><V7/><F101/><W50/><G39/><T68/><D68/><U104/><E104/><V129/><F129/><W19/><G19/><T117/><D2/><U113/><E20/><V76/><F71/><W28/><G28/><N who="0" m="10859" /><D74/><U8/><E130/><V48/><F67/><W133/><G133/><T43/><D43/><U62/><E86/><V79/><F38/><W109/><G109/><T106/><D106/><U65/><E113/><V10/><F47/><N who="3" m="25975" /><G85/><N who="0" m="52335" /><D32/><U61/><E115/><V35/><F35/><W132/><G132/><T90/><D117/><U77/><E77/><V12/><F79/><W40/><G40/><T46/><D46/><U17/><E62/><V24/><F84/><W18/><G18/><T111/><D111/><U81/><E81/><N who="0" m="31305" /><D90/><U100/><E8/><N who="2" m="4127" /><F76/><W0/><G0/><T73/><D73/><U120/><E120/><V112/><F112/><W13/><G13/><T110/><D110/><U82/><E82/><V70/><F14/><W88/><G88/><AGARI ba="0,0" hai="11,15,17,52,55,57,61,65,88,94,95,97,99,100" machi="88" ten="30,7700,0" yaku="7,1,8,1,54,2" doraHai="131" who="1" fromWho="3" sc="325,0,184,77,321,0,170,-77" owari="325,42.5,261,-13.9,321,12.1,93,-40.7" /></mjloggm>