<mjloggm ver="2.3"><GO type="169" lobby="0"/><UN n0="%E4%BA%8C%E6%8A%9E%E4%BA%BA" n1="%E8%B5%A4%E5%BA%A7%E3%81%82%E3%81%8B%E3%82%8A%45%58" n2="%E3%81%B1%E3%82%93%E3%81%AA%E3%81%93%E3%81%BE%E3%81%A3%E3%81%9F" n3="%E3%81%9F%E3%81%8B%E3%81%AA" dan="16,16,17,19" rate="2063.00,2126.06,2214.55,2241.15" sx="F,M,M,M"/><TAIKYOKU oya="0"/><INIT seed="0,0,0,2,2,34" ten="250,250,250,250" oya="0" hai0="54,78,21,33,93,88,76,11,57,25,120,133,43" hai1="101,44,100,127,63,65,3,82,117,19,15,108,62" hai2="36,67,99,114,105,39,107,6,111,14,53,79,134" hai3="4,102,92,115,66,26,46,91,122,130,71,60,49"/><T113/><D120/><U125/><E117/><V69/><F114/><W97/><G115/><T45/><D33/><U126/><E108/><V106/><F79/><W50/><G122/><T116/><D133/><U72/><E63/><V61/><F111/><W59/><G130/><T17/><D116/><U75/><E44/><V124/><F134/><W24/><G4/><T32/><D32/><U0/><E101/><V86/><F124/><W90/><G71/><T7/><D43/><U38/><E100/><V22/><F86/><W20/><G49/><T95/><D95/><U35/><E35/><V9/><F99/><W64/><G64/><T132/><D45/><U103/><E103/><V52/><REACH who="2" step="1"/><F22/><REACH who="2" ten="250,250,240,250" step="2"/><W16/><REACH who="3" step="1"/><G26/><REACH who="3" ten="250,250,240,240" step="2"/><T85/><D113/><U51/><E126/><V55/><AGARI ba="0,2" hai="6,9,14,36,39,52,53,55,61,67,69,105,106,107" machi="55" ten="40,8000,1" yaku="1,1,2,1,0,1,54,1,53,0" doraHai="34" doraHaiUra="31" who="2" fromWho="2" sc="250,-40,250,-20,240,100,240,-20" /><INIT seed="1,0,0,2,1,112" ten="210,230,340,220" oya="1" hai0="28,79,22,6,9,73,4,23,123,94,36,82,131" hai1="101,31,108,0,130,114,96,52,61,56,17,24,77" hai2="98,118,109,110,65,88,80,134,43,115,33,62,10" hai3="15,7,126,25,90,68,95,46,39,135,57,63,5"/><U91/><E114/><V92/><F115/><W84/><G68/><T60/><D131/><U20/><E130/><V18/><F33/><W51/><G39/><T48/><D4/><U105/><E0/><V111/><F134/><W78/><G126/><T133/><D133/><U103/><E77/><V129/><F129/><W125/><G125/><T122/><D48/><U42/><E42/><V71/><F43/><W102/><G135/><T117/><D36/><U1/><E1/><V99/><F80/><W11/><G102/><T44/><D44/><U40/><E40/><V104/><F104/><W93/><G78/><T113/><D94/><U64/><E108/><V53/><F53/><N who="3" m="29943" /><G25/><T97/><D97/><U16/><E103/><V41/><F41/><W26/><G26/><T74/><D74/><U35/><E35/><V30/><F30/><W128/><G128/><T75/><D75/><U34/><E34/><V119/><F99/><W86/><G5/><T29/><D28/><U85/><REACH who="1" step="1"/><E64/><REACH who="1" ten="210,220,340,220" step="2"/><V55/><F55/><N who="3" m="34239" /><G90/><T120/><D113/><U50/><E50/><V8/><F18/><W38/><G38/><T81/><D29/><U45/><E45/><V37/><F37/><W87/><AGARI ba="0,1" hai="7,11,15,84,86,87,93,95" m="34239,29943" machi="87" ten="30,1100,0" yaku="8,1" doraHai="112" who="3" fromWho="3" sc="210,-3,220,-5,340,-3,220,21" /><INIT seed="2,0,0,3,5,48" ten="207,215,337,241" oya="2" hai0="60,42,45,15,36,122,115,25,26,17,73,130,68" hai1="32,109,128,79,33,18,59,100,107,84,94,106,58" hai2="61,51,38,69,120,8,92,89,129,49,75,65,11" hai3="27,52,37,41,88,105,119,124,1,2,123,56,43"/><V108/><F120/><W29/><G119/><T19/><D122/><U112/><E112/><V14/><F38/><W104/><G123/><T82/><D115/><U76/><E18/><V53/><F75/><W6/><G124/><T111/><D111/><U62/><E109/><V3/><F129/><W90/><G6/><T103/><D103/><U4/><E4/><V57/><F108/><W22/><G104/><T126/><D126/><U72/><E72/><V118/><F118/><W83/><G105/><T55/><D130/><U135/><E135/><V12/><F51/><W46/><G43/><T54/><D19/><U81/><E79/><V23/><F3/><W77/><G1/><T91/><D68/><U16/><E59/><V10/><REACH who="2" step="1"/><F23/><REACH who="2" ten="207,215,327,241" step="2"/><W131/><G2/><T133/><D73/><U28/><E128/><V125/><F125/><W9/><G131/><T13/><D133/><U78/><E33/><V86/><AGARI ba="0,1" hai="8,10,11,12,14,49,53,57,61,65,69,86,89,92" machi="86" ten="30,6000,0" yaku="1,1,0,1,52,1,53,0" doraHai="48" doraHaiUra="21" who="2" fromWho="2" sc="207,-20,215,-20,327,70,241,-20" /><INIT seed="2,1,0,1,1,109" ten="187,195,397,221" oya="2" hai0="59,51,89,101,110,25,127,34,74,27,90,2,107" hai1="124,58,3,14,95,40,108,57,111,132,38,67,12" hai2="134,41,86,33,98,100,65,63,56,46,94,30,126" hai3="17,97,54,15,4,32,19,22,96,119,66,113,20"/><V21/><F126/><W75/><G75/><T116/><D2/><U131/><E3/><V55/><F134/><W133/><G119/><T53/><D110/><N who="1" m="42027" /><E124/><V88/><F33/><W117/><G117/><T112/><D116/><U7/><E132/><V135/><F135/><W61/><G32/><T71/><D71/><U50/><E7/><V42/><F46/><W118/><G118/><T87/><D74/><U115/><E95/><N who="2" m="54679" /><F55/><W11/><G133/><T36/><D36/><U84/><E84/><V1/><F1/><W92/><G54/><T39/><D39/><U76/><E76/><V24/><AGARI ba="1,0" hai="21,24,30,41,42,56,63,65,94,98,100" m="54679" machi="24" ten="30,6000,0" yaku="25,1,8,1,54,1" doraHai="109" who="2" fromWho="2" sc="187,-21,195,-21,397,63,221,-21" /><INIT seed="2,2,0,0,3,9" ten="166,174,460,200" oya="2" hai0="23,106,2,96,38,27,1,89,77,66,8,36,47" hai1="61,107,22,105,87,33,44,63,69,46,124,7,97" hai2="100,94,5,131,79,14,57,16,3,34,88,109,55" hai3="104,134,26,84,21,64,74,62,35,133,85,48,67"/><V118/><F118/><W83/><G104/><T120/><D120/><U125/><E33/><V50/><F34/><W76/><G35/><T111/><D111/><U60/><E69/><V12/><F131/><W127/><G48/><T110/><D110/><U112/><E112/><V73/><F109/><W28/><G127/><N who="1" m="48714" /><E7/><V11/><F100/><W29/><G29/><T65/><D77/><U99/><E87/><V59/><F79/><W82/><G64/><T115/><D115/><U80/><E80/><V30/><F30/><W51/><G51/><T70/><D70/><U53/><E22/><N who="2" m="11527" /><F73/><W90/><REACH who="3" step="1"/><G74/><REACH who="3" ten="166,174,460,190" step="2"/><T71/><D65/><U93/><E105/><V39/><F39/><W114/><G114/><T32/><D66/><U25/><E107/><V130/><F130/><W0/><G0/><T10/><D1/><U78/><E63/><V43/><F3/><W103/><G103/><T72/><D2/><U132/><E61/><V4/><F43/><W68/><AGARI ba="2,1" hai="21,26,28,62,67,68,76,82,83,84,85,90,133,134" machi="68" ten="30,2000,0" yaku="1,1,0,1,53,0" doraHai="9" doraHaiUra="121" who="3" fromWho="3" sc="166,-7,174,-7,460,-12,190,36" /><INIT seed="3,0,0,1,1,124" ten="159,167,448,226" oya="3" hai0="38,60,48,55,102,111,122,97,4,127,11,66,72" hai1="74,99,24,53,65,26,125,85,121,120,31,29,94" hai2="17,13,134,84,40,89,57,91,107,106,114,78,80" hai3="22,119,86,42,2,63,128,36,109,6,14,133,73"/><W81/><G119/><T112/><D122/><U130/><E74/><V87/><F114/><W33/><G33/><T131/><D72/><U41/><E41/><V54/><F134/><W34/><G34/><T104/><D38/><U67/><E85/><V83/><F40/><W77/><G133/><T21/><D127/><U15/><E125/><V98/><F98/><W25/><G14/><T116/><D21/><U39/><E15/><V62/><REACH who="2" step="1"/><F78/><REACH who="2" ten="159,167,438,226" step="2"/><W92/><G42/><T8/><D112/><U132/><E99/><V7/><F7/><W76/><G76/><T51/><D4/><U64/><E132/><V47/><F47/><W90/><G6/><T70/><D116/><U82/><E120/><V19/><F19/><W27/><G77/><T45/><D111/><U12/><E121/><V103/><F103/><W49/><G109/><T35/><D97/><U5/><E5/><V79/><F79/><W9/><G73/><T43/><D102/><U16/><E16/><V135/><F135/><W115/><G115/><T37/><D43/><U61/><E31/><V46/><F46/><W108/><G108/><T44/><D44/><U71/><E29/><V1/><F1/><W50/><G2/><T58/><D45/><U129/><E39/><V32/><F32/><W113/><G113/><T69/><D35/><U52/><E82/><V59/><F59/><W88/><G81/><T101/><D58/><U0/><E0/><V96/><F96/><W10/><G36/><T118/><D101/><U68/><E94/><V93/><F93/><W110/><G110/><T3/><D37/><RYUUKYOKU ba="0,1" sc="159,-10,167,-10,438,30,226,-10" hai2="13,17,54,57,62,80,83,84,87,89,91,106,107" /><INIT seed="4,1,1,4,5,100" ten="149,157,468,216" oya="0" hai0="8,26,41,28,29,42,75,55,31,107,72,110,112" hai1="73,109,40,90,129,64,85,93,7,67,34,6,61" hai2="103,13,108,65,128,118,22,134,16,44,125,88,27" hai3="1,81,115,24,59,104,130,71,69,124,21,57,10"/><T84/><D112/><U11/><E109/><V32/><F108/><W2/><G115/><T119/><D119/><U23/><E34/><V49/><F118/><W18/><G81/><T52/><D110/><U89/><E73/><V94/><F125/><W12/><G130/><T51/><D26/><U91/><E129/><V38/><F38/><W17/><G124/><T66/><D66/><U87/><E40/><V70/><F134/><W98/><G57/><T113/><D113/><U43/><E43/><V15/><F32/><W19/><G59/><T117/><D117/><U132/><E132/><V76/><F76/><W50/><G50/><T123/><D123/><U58/><E67/><V74/><F74/><W135/><G18/><T78/><D8/><U92/><E23/><V39/><F39/><W80/><G80/><T30/><D30/><U3/><REACH who="1" step="1"/><E7/><REACH who="1" ten="149,147,468,216" step="2"/><V105/><F128/><W33/><G33/><T35/><D35/><U97/><E97/><V48/><F65/><W96/><G96/><T122/><D72/><U127/><E127/><V68/><F22/><W56/><G98/><T106/><D75/><U4/><E4/><V95/><F68/><W77/><G69/><T14/><D41/><U102/><E102/><V5/><F103/><W53/><G71/><T116/><D116/><U47/><E47/><V101/><F101/><W25/><G135/><T46/><D122/><U63/><E63/><V79/><F44/><W99/><G21/><T0/><D42/><U120/><E120/><V131/><F70/><W37/><G99/><T121/><D121/><U9/><E9/><RYUUKYOKU ba="1,2" sc="149,-10,147,30,468,-10,216,-10" hai1="3,6,11,58,61,64,85,87,89,90,91,92,93" /><INIT seed="5,2,2,5,0,127" ten="139,177,458,206" oya="1" hai0="81,66,97,36,134,130,38,12,104,110,118,44,102" hai1="41,32,95,61,107,16,84,80,103,111,7,112,86" hai2="100,1,23,87,124,96,35,11,74,82,71,69,88" hai3="79,122,25,0,62,91,55,115,113,19,52,58,28"/><U56/><E32/><V27/><F124/><W33/><G122/><T18/><D110/><U131/><E111/><V109/><F109/><W57/><G0/><T114/><D118/><U99/><E112/><V39/><F39/><W26/><G79/><T85/><D114/><N who="3" m="43529" /><G91/><T98/><D134/><U3/><E41/><V129/><F129/><W132/><G132/><T75/><D75/><U65/><E131/><V126/><F126/><W125/><G125/><T135/><D135/><U63/><E3/><V120/><F120/><W42/><G42/><T17/><D66/><U20/><E7/><V9/><F74/><W4/><G4/><T68/><D68/><U60/><E107/><V116/><F23/><N who="3" m="13567" /><G57/><T128/><D98/><U59/><E59/><V5/><F96/><W93/><G93/><T43/><D38/><U78/><REACH who="1" step="1"/><E84/><REACH who="1" ten="139,167,458,206" step="2"/><V6/><F87/><W13/><G13/><AGARI ba="2,3" hai="13,16,20,56,60,61,63,65,78,80,86,95,99,103" machi="13" ten="30,12000,1" yaku="1,1,2,1,7,1,8,1,54,1,53,0" doraHai="127" doraHaiUra="108" who="1" fromWho="3" sc="139,0,167,156,458,0,206,-126" /><INIT seed="5,3,0,0,0,86" ten="139,323,458,80" oya="1" hai0="32,115,99,64,50,107,11,45,87,83,28,37,126" hai1="120,103,121,101,73,29,33,14,7,71,36,47,113" hai2="63,116,19,55,110,82,3,9,59,112,91,123,114" hai3="0,8,78,42,111,85,96,92,2,61,118,89,24"/><U23/><E71/><V52/><F110/><W27/><G111/><T88/><D37/><U128/><E73/><V12/><F116/><W44/><G118/><T1/><D115/><N who="2" m="44074" /><F3/><W81/><G61/><T75/><D75/><U60/><E113/><V94/><F82/><W117/><G117/><T122/><D126/><U13/><E33/><V90/><F123/><W40/><G40/><T70/><D122/><U35/><E35/><V25/><F25/><W58/><G58/><T102/><D1/><U100/><E128/><V67/><F91/><W95/><G95/><T104/><D11/><U46/><E60/><V34/><F34/><W108/><G108/><T106/><D70/><U31/><E36/><V16/><F19/><W17/><G2/><T49/><D64/><U98/><E98/><AGARI ba="3,0" hai="9,12,16,52,55,59,63,67,90,94,98" m="44074" machi="98" ten="30,8000,1" yaku="15,1,11,1,52,1,54,2" doraHai="86" who="2" fromWho="1" sc="139,0,323,-89,458,89,80,0" /><INIT seed="6,0,0,5,4,74" ten="139,234,547,80" oya="2" hai0="42,12,4,133,1,94,114,17,90,32,97,127,5" hai1="80,11,107,58,49,123,78,101,92,27,73,0,70" hai2="3,95,56,43,111,33,93,46,30,16,19,102,76" hai3="14,31,135,18,54,39,117,29,7,115,40,134,50"/><V67/><F3/><W126/><G117/><T96/><D32/><U99/><E70/><V62/><F111/><W21/><G39/><T69/><D69/><U59/><E123/><V41/><F41/><W37/><G37/><T45/><D127/><U104/><E27/><V125/><F125/><W86/><G40/><T108/><D108/><U130/><E130/><V88/><F76/><W124/><G86/><T47/><D133/><N who="3" m="50697" /><G50/><N who="0" m="26935" /><D114/><U75/><E75/><V116/><F116/><W82/><G54/><T121/><D1/><U71/><E71/><V64/><F64/><W60/><G60/><T100/><D47/><U57/><REACH who="1" step="1"/><E49/><REACH who="1" ten="139,224,547,80" step="2"/><V25/><F25/><N who="3" m="14519" /><G115/><T79/><D121/><U118/><E118/><V20/><F33/><W63/><G63/><T87/><D12/><U77/><E77/><V53/><F62/><W91/><G124/><T120/><D79/><U106/><E106/><V51/><F51/><W15/><G126/><T112/><D120/><U68/><E68/><V34/><F34/><W28/><G7/><AGARI ba="0,1" hai="0,7,11,57,58,59,73,78,80,92,99,101,104,107" machi="7" ten="40,5200,0" yaku="1,1,52,1,53,1" doraHai="74" doraHaiUra="89" who="1" fromWho="3" sc="139,0,224,62,547,0,80,-52" /><INIT seed="7,0,0,0,1,14" ten="139,286,547,28" oya="3" hai0="125,28,19,22,60,73,43,15,109,10,123,71,117" hai1="90,39,115,64,29,50,133,3,101,68,47,51,99" hai2="110,8,44,59,94,87,120,36,1,107,116,124,134" hai3="113,103,111,26,105,80,49,102,2,38,54,35,126"/><W33/><G38/><T132/><D109/><U128/><E3/><V12/><F12/><W118/><G118/><T112/><D73/><U21/><E68/><V61/><F59/><W25/><G2/><T92/><D22/><U75/><E64/><V66/><F87/><W83/><G111/><T5/><D15/><U88/><E75/><V127/><F94/><W46/><G113/><T89/><D89/><U56/><E128/><V13/><F61/><W96/><G126/><T53/><D132/><U74/><E74/><V42/><F13/><W55/><G105/><T32/><D53/><N who="1" m="31799" /><E39/><V135/><F44/><W85/><G46/><T93/><D93/><N who="1" m="58607" /><E133/><V130/><F130/><W57/><G57/><T41/><D28/><U48/><E115/><V69/><F116/><W84/><REACH who="3" step="1"/><G49/><REACH who="3" ten="139,286,547,18" step="2"/><T30/><D125/><U27/><E51/><V72/><F36/><W17/><G17/><T97/><D19/><U62/><E62/><V106/><F107/><W108/><G108/><T16/><D60/><U9/><E9/><V52/><F106/><W31/><G31/><T82/><D16/><U122/><E48/><V7/><F8/><W23/><G23/><T6/><D10/><U11/><E11/><V65/><F1/><W20/><G20/><T4/><D30/><U70/><E47/><V104/><F124/><W0/><G0/><T37/><D112/><U86/><E21/><V78/><F104/><W63/><G63/><T119/><D37/><U58/><E58/><V18/><F127/><W34/><G34/><T24/><D32/><U67/><E29/><V121/><F18/><RYUUKYOKU ba="0,1" sc="139,-10,286,-10,547,-10,18,30" hai3="25,26,33,35,54,55,80,83,84,85,96,102,103" /><INIT seed="7,1,1,1,1,131" ten="129,276,537,48" oya="3" hai0="2,7,67,24,100,61,39,98,30,27,1,8,16" hai1="33,73,134,104,121,53,85,96,97,117,132,47,10" hai2="72,90,60,49,110,12,38,103,4,78,133,63,88" hai3="25,74,59,107,22,99,55,31,35,71,82,92,29"/><W44/><G71/><T52/><D39/><U46/><E73/><V115/><F38/><W77/><G107/><T65/><D1/><U13/><E33/><V102/><F72/><W111/><G111/><T122/><D122/><U42/><E121/><V0/><F0/><W57/><G35/><T56/><D27/><U40/><E117/><V127/><F78/><W84/><G74/><T3/><D3/><U66/><E66/><V11/><F133/><N who="1" m="51305" /><E53/><V87/><F115/><W50/><REACH who="3" step="1"/><G31/><REACH who="3" ten="129,276,537,38" step="2"/><T32/><D16/><U130/><E104/><AGARI ba="1,2" hai="2,7,8,24,30,32,52,56,61,65,67,98,100,104" machi="104" ten="30,2000,0" yaku="7,1,54,1" doraHai="131" who="0" fromWho="1" sc="129,43,276,-23,537,0,38,0" owari="172,-22.8,253,5.3,537,63.7,38,-46.2" /></mjloggm>