<mjloggm ver="2.3"><GO type="169" lobby="0"/><UN n0="%E3%81%93%E3%81%94%E3%81%A6%E3%81%83%E3%83%BC" n1="%74%73%75%6B%69%31" n2="%E6%BB%9D%E6%9C%AC%E3%81%B2%E3%81%B5%E3%81%BF%EF%BC%81" n3="%72%65%62%65%65%72" dan="16,16,16,16" rate="2022.21,2184.80,2173.79,2163.55" sx="M,M,M,M"/><TAIKYOKU oya="0"/><INIT seed="0,0,0,2,1,93" ten="250,250,250,250" oya="0" hai0="43,45,91,79,22,100,87,101,81,108,62,34,23" hai1="60,102,38,114,12,118,94,46,131,97,133,28,33" hai2="109,55,15,105,115,29,92,21,61,53,120,66,135" hai3="121,85,20,88,19,44,70,30,59,4,14,74,113"/><T132/><D34/><U6/><E118/><V99/><F120/><W76/><G113/><T42/><D132/><U68/><E114/><V36/><F115/><W57/><G70/><T51/><D108/><U54/><E133/><V110/><F36/><W47/><G121/><T103/><D62/><U27/><E131/><V58/><F105/><W17/><G4/><T7/><D43/><U10/><E38/><V80/><F135/><W72/><G30/><T112/><D112/><U117/><E117/><V64/><F80/><W37/><G76/><T11/><REACH who="0" step="1"/><D91/><REACH who="0" ten="240,250,250,250" step="2"/><U104/><E60/><V126/><F109/><W67/><G88/><T2/><AGARI ba="0,1" hai="2,7,11,22,23,42,45,51,79,81,87,100,101,103" machi="2" ten="30,6000,0" yaku="1,1,2,1,0,1,53,0" doraHai="93" doraHaiUra="106" who="0" fromWho="0" sc="240,70,250,-20,250,-20,250,-20" /><INIT seed="0,1,0,5,0,11" ten="310,230,230,230" oya="0" hai0="123,88,14,72,113,64,86,119,6,90,62,85,40" hai1="106,54,98,73,60,63,69,30,16,29,77,34,8" hai2="134,67,126,24,70,1,47,75,58,95,115,76,2" hai3="129,0,55,37,101,84,41,22,92,33,3,93,32"/><T20/><D113/><U71/><E73/><V12/><F115/><W23/><G41/><T5/><D119/><U131/><E77/><V15/><F70/><W27/><G101/><T124/><D72/><U21/><E131/><V104/><F104/><W61/><G61/><T19/><D124/><U13/><E34/><V97/><F126/><W7/><G55/><T127/><D127/><U111/><E111/><V117/><F117/><W109/><G84/><T10/><D40/><U118/><E118/><V128/><F128/><W83/><G83/><N who="0" m="49215" /><D123/><U103/><E71/><V132/><F24/><W121/><G37/><T130/><D130/><U35/><E35/><V66/><F47/><W87/><G129/><T116/><D116/><U110/><E110/><V112/><F112/><W102/><G87/><T57/><D10/><U9/><E9/><V50/><F75/><W79/><G109/><T89/><D89/><U59/><REACH who="1" step="1"/><E8/><REACH who="1" ten="310,220,230,230" step="2"/><V91/><F76/><W108/><G79/><T53/><D64/><AGARI ba="1,1" hai="13,16,21,29,30,54,59,60,63,64,69,98,103,106" machi="64" ten="40,8000,1" yaku="1,1,2,1,52,1,54,1,53,1" doraHai="11" doraHaiUra="99" who="1" fromWho="0" sc="310,-83,220,93,230,0,230,0" /><INIT seed="1,0,0,4,2,100" ten="227,313,230,230" oya="1" hai0="53,71,36,102,5,56,59,93,28,50,43,7,2" hai1="103,8,112,107,105,128,17,16,9,68,77,111,45" hai2="115,66,1,129,4,109,37,26,84,33,85,54,121" hai3="92,94,124,131,79,61,69,87,113,67,130,18,29"/><U41/><E68/><V119/><F119/><W31/><G113/><T30/><D71/><U34/><E112/><V133/><F121/><W46/><G124/><T23/><D2/><U117/><E117/><V82/><F115/><W80/><G18/><T96/><D43/><U75/><E34/><V21/><F109/><W27/><G46/><T95/><D36/><U81/><E111/><V90/><F129/><N who="3" m="49163" /><G31/><T91/><D59/><U114/><E114/><V38/><F133/><W83/><G80/><T48/><D48/><U13/><E103/><V11/><F33/><AGARI ba="0,0" hai="27,29,33,61,67,69,79,83,87,92,94" m="49163" machi="33" ten="30,1000,0" yaku="19,1" doraHai="100" who="3" fromWho="2" sc="227,0,313,0,230,-10,230,10" /><INIT seed="2,0,0,0,4,102" ten="227,313,220,240" oya="2" hai0="64,97,66,50,110,73,115,59,26,60,81,54,127" hai1="80,47,16,133,2,49,107,14,40,22,114,72,134" hai2="87,48,68,8,18,41,5,89,113,3,75,29,103" hai3="21,74,46,91,108,70,51,37,101,42,121,112,90"/><V67/><F113/><W10/><G121/><T0/><D115/><U6/><E114/><V109/><F75/><W117/><G117/><T71/><D0/><U116/><E116/><V118/><F118/><W53/><G108/><T131/><D66/><U111/><E111/><V125/><F109/><W30/><G74/><T124/><D131/><U38/><E107/><V33/><F125/><W58/><G112/><T99/><D26/><U31/><E31/><V106/><F18/><W34/><G34/><T7/><D7/><U135/><E49/><V57/><F68/><W119/><G101/><T77/><REACH who="0" step="1"/><D110/><REACH who="0" ten="217,313,220,240" step="2"/><U44/><E2/><V45/><F33/><W1/><G119/><T63/><D63/><U122/><E6/><V84/><F29/><W105/><G1/><T39/><D39/><U82/><E122/><V15/><F3/><W27/><G70/><T25/><D25/><U56/><E134/><V123/><F123/><W76/><G27/><T94/><D94/><U92/><E135/><V52/><F67/><W12/><G37/><T96/><AGARI ba="0,1" hai="50,54,59,60,64,71,73,77,81,96,97,99,124,127" machi="96" ten="30,2000,0" yaku="1,1,0,1,53,0" doraHai="102" doraHaiUra="86" who="0" fromWho="0" sc="217,30,313,-5,220,-10,240,-5" /><INIT seed="3,0,0,1,2,81" ten="247,308,210,235" oya="3" hai0="0,130,32,46,13,56,100,15,52,83,48,131,95" hai1="84,71,9,5,91,97,2,69,44,24,134,82,104" hai2="28,111,37,120,106,7,41,113,27,105,99,89,128" hai3="40,119,11,43,122,93,96,8,4,33,133,124,1"/><W49/><G119/><T35/><D0/><U112/><E112/><V25/><F113/><W38/><G122/><T66/><D35/><U80/><E134/><V34/><F120/><W72/><G33/><T55/><D32/><U42/><E24/><V3/><F111/><W47/><G133/><T45/><D66/><U94/><E104/><V109/><F109/><W132/><G132/><T67/><D67/><U74/><E80/><V101/><F128/><N who="0" m="49194" /><D83/><U126/><E126/><V103/><F25/><W10/><G72/><T86/><D46/><U58/><E58/><V62/><F89/><W21/><G124/><T129/><D129/><U88/><REACH who="1" step="1"/><E74/><REACH who="1" ten="247,298,210,235" step="2"/><V68/><F105/><W30/><G1/><T36/><D56/><U70/><E70/><V127/><F127/><W90/><G4/><T117/><D15/><U26/><E26/><V73/><F73/><W61/><G30/><T60/><D13/><U79/><E79/><V14/><F14/><W118/><G118/><T17/><D17/><U59/><E59/><V64/><F7/><W6/><G6/><T51/><D117/><U135/><E135/><V121/><F121/><W31/><G31/><T23/><D45/><U29/><E29/><V63/><F3/><W53/><G47/><T16/><D16/><U116/><E116/><V75/><F75/><W20/><G38/><AGARI ba="0,1" hai="2,5,9,38,42,44,69,71,82,84,88,91,94,97" machi="38" ten="30,7700,0" yaku="1,1,7,1,52,1,54,1,53,0" doraHai="81" doraHaiUra="18" who="1" fromWho="3" sc="247,0,298,87,210,0,235,-77" /><INIT seed="4,0,0,2,1,119" ten="247,385,210,158" oya="0" hai0="37,0,56,34,51,104,70,19,38,77,76,1,128" hai1="120,132,100,109,35,65,5,53,61,3,2,9,69" hai2="59,7,54,82,86,125,16,133,50,45,30,68,72" hai3="92,29,116,103,40,115,18,47,66,39,33,58,21"/><T27/><D104/><U110/><E2/><N who="0" m="1129" /><D56/><U105/><E132/><V60/><F133/><W23/><G116/><T111/><D51/><U75/><E53/><V22/><F125/><W106/><G115/><T107/><D27/><U13/><E13/><V52/><F72/><W90/><G106/><T8/><D19/><U118/><E118/><V10/><F30/><W42/><G42/><T126/><D8/><U25/><E75/><V87/><F68/><W127/><G127/><T113/><D113/><U79/><E79/><V95/><F95/><W131/><G103/><T26/><D26/><U71/><E71/><V48/><F82/><W122/><G33/><T98/><D98/><N who="1" m="61591" /><E120/><V94/><F94/><W14/><G122/><T91/><D70/><U17/><E17/><V15/><REACH who="2" step="1"/><F48/><REACH who="2" ten="247,385,200,158" step="2"/><W108/><G29/><AGARI ba="0,1" hai="3,5,9,25,29,35,61,65,69,109,110" m="61591" machi="29" ten="30,2000,0" yaku="25,1,23,1" doraHai="119" who="1" fromWho="3" sc="247,0,385,30,200,0,158,-20" /><INIT seed="5,0,0,5,5,84" ten="247,415,200,138" oya="1" hai0="46,7,86,92,76,100,95,24,124,47,9,22,109" hai1="87,77,79,123,38,69,17,6,53,18,118,111,10" hai2="104,127,5,94,66,80,3,125,99,0,97,37,61" hai3="130,40,16,110,81,19,73,31,49,30,35,108,74"/><U29/><E69/><V135/><F37/><W32/><G130/><T8/><D109/><U44/><E118/><V33/><F33/><W96/><G81/><T20/><D124/><N who="2" m="47690" /><F135/><W54/><G96/><T14/><D9/><U50/><E123/><V115/><F5/><W119/><G49/><T113/><D113/><U26/><E38/><V58/><F115/><W117/><REACH who="3" step="1"/><G54/><REACH who="3" ten="247,415,200,128" step="2"/><T71/><D76/><U121/><E77/><V85/><F104/><W83/><G83/><T56/><D95/><U120/><E79/><N who="2" m="46239" /><F97/><W129/><G129/><T42/><D92/><U112/><E112/><V105/><F105/><W78/><G78/><T72/><D100/><AGARI ba="0,1" hai="0,3,58,61,66,94,99,100" m="46239,47690" machi="100" ten="30,1000,0" yaku="18,1" doraHai="84" who="2" fromWho="0" sc="247,-10,415,0,200,20,128,0" /><INIT seed="6,0,0,2,0,64" ten="237,415,220,128" oya="2" hai0="32,117,85,51,58,93,11,14,5,20,60,108,22" hai1="8,16,75,33,63,42,133,48,2,100,72,50,128" hai2="44,24,97,68,18,28,125,116,43,76,98,65,66" hai3="115,35,46,78,82,123,119,10,52,13,113,29,71"/><V26/><F116/><W110/><G110/><T114/><D32/><U0/><E33/><V30/><F125/><W57/><G119/><T89/><D108/><U135/><E128/><V12/><F76/><W55/><G123/><T131/><D117/><U111/><E100/><V56/><F56/><W106/><G106/><T94/><D131/><U130/><E130/><V17/><F44/><W81/><G35/><T103/><D114/><N who="3" m="43529" /><G29/><T62/><D62/><U54/><E63/><V99/><F12/><W122/><G122/><T80/><D51/><U91/><E91/><V31/><F43/><W96/><G96/><N who="0" m="59791" /><D94/><U129/><E111/><V102/><F102/><W120/><G120/><T9/><D9/><U79/><E129/><V23/><F68/><W132/><G132/><T109/><D109/><U25/><E42/><V67/><REACH who="2" step="1"/><F23/><REACH who="2" ten="237,415,210,128" step="2"/><W34/><G34/><T3/><D3/><N who="1" m="1067" /><E79/><V47/><F47/><W74/><G71/><T61/><D61/><U37/><E135/><V107/><F107/><W39/><G57/><T83/><D22/><U86/><E133/><V36/><F36/><W1/><G1/><T38/><D20/><U101/><E37/><V121/><F121/><W53/><G78/><T77/><D38/><U7/><E101/><V124/><F124/><W21/><G21/><T59/><D60/><U88/><E50/><V40/><F40/><N who="3" m="22815" /><G74/><T19/><D5/><AGARI ba="0,1" hai="5,10,13,52,53,55,81,82" m="22815,43529" machi="5" ten="30,3900,0" yaku="15,1,11,1,54,1" doraHai="64" who="3" fromWho="0" sc="237,-39,415,0,210,0,128,49" /><INIT seed="7,0,0,2,5,13" ten="198,415,210,177" oya="3" hai0="51,75,22,66,53,43,93,63,122,88,26,61,79" hai1="89,17,128,56,123,18,101,1,46,32,10,125,102" hai2="31,24,49,20,40,72,48,83,65,5,94,132,3" hai3="19,107,62,74,124,103,59,119,97,100,52,87,71"/><W30/><G119/><T41/><D122/><U9/><E32/><V86/><F132/><W11/><G74/><T58/><D79/><U134/><E123/><V39/><F65/><W27/><G124/><T55/><D75/><U133/><E128/><V114/><F114/><W91/><G100/><T78/><D78/><U90/><E56/><V105/><F105/><W8/><G71/><T77/><D77/><U104/><E46/><V126/><F126/><W64/><G64/><T0/><D0/><U50/><E50/><V73/><F39/><W37/><G37/><T112/><D55/><U6/><E125/><V117/><F117/><W4/><G19/><N who="0" m="12639" /><D112/><U109/><E109/><V113/><F113/><W110/><G4/><T36/><D36/><U23/><E6/><V80/><F72/><W69/><G69/><T2/><D2/><U84/><E1/><V45/><F73/><W35/><REACH who="3" step="1"/><G110/><REACH who="3" ten="198,415,210,167" step="2"/><T57/><D63/><U42/><E102/><V54/><F5/><W67/><G67/><T111/><D111/><U15/><E101/><V38/><F38/><W118/><G118/><T92/><D92/><AGARI ba="0,1" hai="8,11,27,30,35,52,59,62,87,91,92,97,103,107" machi="92" ten="30,5800,0" yaku="1,1,7,1,54,1,53,0" doraHai="13" doraHaiUra="120" who="3" fromWho="0" sc="198,-58,415,0,210,0,167,68" /><INIT seed="7,1,0,2,4,90" ten="140,415,210,235" oya="3" hai0="112,134,55,74,26,83,108,120,119,35,66,18,130" hai1="4,95,77,78,23,68,16,125,49,116,110,62,17" hai2="46,122,104,126,50,87,61,92,10,67,11,124,60" hai3="75,84,105,30,129,58,102,99,41,85,65,52,38"/><W133/><G75/><T43/><D74/><U88/><E110/><V107/><F122/><W131/><G65/><T117/><D83/><U109/><E109/><V114/><F114/><W70/><G70/><T103/><D103/><U69/><E4/><V37/><F37/><W27/><G133/><T111/><D35/><U33/><E33/><V32/><F32/><W53/><G53/><T98/><D98/><U97/><E125/><N who="2" m="48235" /><F87/><W59/><G59/><T82/><D82/><U9/><E49/><V64/><F92/><W71/><G71/><T19/><D26/><U5/><E17/><V128/><F128/><N who="3" m="49227" /><G41/><T24/><D24/><U21/><E21/><V15/><F64/><W47/><G47/><T25/><D25/><U3/><E116/><N who="0" m="44617" /><D130/><U2/><E69/><N who="2" m="42215" /><F61/><N who="3" m="36039" /><G38/><T13/><D66/><U1/><E62/><V36/><F36/><W0/><G0/><T127/><D127/><U57/><E57/><V34/><F34/><AGARI ba="1,0" hai="27,30,34,84,85,99,102,105" m="36039,49227" machi="34" ten="30,2900,0" yaku="19,1,54,1" doraHai="90" who="3" fromWho="2" sc="140,0,415,0,210,-32,235,32" /><INIT seed="7,2,0,3,5,70" ten="140,415,178,267" oya="3" hai0="125,120,115,118,129,14,17,103,13,87,76,11,119" hai1="97,18,51,19,82,16,69,124,15,8,4,88,33" hai2="30,91,62,79,52,123,36,31,39,44,102,64,89" hai3="9,93,94,37,32,46,85,27,12,38,26,73,55"/><W5/><G73/><T83/><D120/><U66/><E33/><V80/><F123/><W49/><G27/><T77/><D129/><U84/><E124/><V40/><F102/><W7/><G7/><T108/><D108/><U112/><E112/><V57/><F36/><W99/><G85/><T3/><D3/><U86/><E69/><V53/><F30/><W21/><G32/><T135/><D125/><U130/><E66/><V95/><F31/><W1/><G1/><T48/><D135/><U23/><E130/><V41/><F41/><W100/><REACH who="3" step="1"/><G93/><REACH who="3" ten="140,415,178,257" step="2"/><T47/><D115/><U20/><E86/><V113/><F113/><W98/><G98/><T25/><D25/><U0/><E0/><V110/><F110/><W133/><G133/><T58/><D76/><N who="1" m="46151" /><E51/><V109/><F109/><W22/><G22/><N who="0" m="11567" /><D119/><U35/><E35/><V61/><F95/><AGARI ba="2,1" hai="4,8,15,16,18,19,20,23,88,95,97" m="46151" machi="95" ten="30,3900,0" yaku="8,1,54,2" doraHai="70" who="1" fromWho="2" sc="140,0,415,55,178,-45,257,0" owari="140,-26.0,470,57.0,133,-36.7,257,5.7" /></mjloggm>