<mjloggm ver="2.3"><GO type="169" lobby="0"/><UN n0="%64%6F%6F%6F%6F%77%79%31" n1="%79%61%73%73%61%6E" n2="%E5%8B%98%E5%BC%81%E3%81%97%E3%81%A6%E3%82%88" n3="%E6%89%8B%E6%8A%BC%E3%81%97%E8%BB%8A" dan="16,16,17,16" rate="2170.41,2184.52,2233.48,2102.51" sx="M,M,M,M"/><TAIKYOKU oya="0"/><INIT seed="0,0,0,4,4,114" ten="250,250,250,250" oya="0" hai0="12,2,31,109,110,83,34,26,88,6,8,79,57" hai1="14,41,19,78,111,42,7,32,87,13,21,55,97" hai2="99,11,133,117,130,63,127,58,128,135,126,30,44" hai3="43,15,25,118,95,27,4,60,132,39,35,9,47"/><T91/><D57/><U72/><E111/><N who="0" m="42505" /><D2/><U134/><E134/><N who="2" m="51211" /><F30/><W48/><G132/><T80/><D80/><U64/><E72/><AGARI ba="0,0" hai="6,8,12,26,31,34,72,79,83,88,91" m="42505" machi="72" ten="30,5800,0" yaku="14,1,10,1,54,1" doraHai="114" who="0" fromWho="1" sc="250,58,250,-58,250,0,250,0" /><INIT seed="0,1,0,2,0,35" ten="308,192,250,250" oya="0" hai0="78,89,80,111,66,117,28,51,119,24,68,101,30" hai1="27,38,114,55,76,128,69,131,49,0,10,26,48" hai2="22,59,43,65,23,1,60,36,56,19,33,67,100" hai3="44,46,4,15,95,125,82,37,58,39,3,70,77"/><T47/><D111/><U31/><E38/><V105/><F33/><W121/><G70/><T109/><D109/><U85/><E69/><V106/><F43/><W29/><G29/><T96/><D89/><U50/><E114/><V97/><F36/><W8/><G121/><T16/><D66/><U112/><E112/><V75/><F75/><W12/><G46/><T90/><D90/><U118/><E118/><V61/><F1/><W116/><G116/><T102/><D68/><U7/><E55/><V52/><F67/><W45/><G45/><T93/><D101/><U135/><E135/><V107/><REACH who="2" step="1"/><F23/><REACH who="2" ten="308,192,240,250" step="2"/><W64/><G39/><T81/><D117/><U99/><E131/><V83/><F83/><W123/><G123/><T13/><D119/><U17/><E128/><V21/><F21/><W40/><G125/><T20/><D78/><U62/><E0/><V88/><F88/><W110/><G110/><T115/><D115/><U91/><E91/><V2/><F2/><W104/><G104/><T6/><D80/><U122/><E76/><V79/><F79/><W54/><G64/><T134/><D81/><U132/><E122/><V113/><F113/><W87/><G95/><T5/><D134/><U108/><E108/><V32/><F32/><W73/><REACH who="3" step="1"/><G87/><REACH who="3" ten="308,192,240,240" step="2"/><T25/><D93/><U127/><E85/><V86/><F86/><W120/><G120/><T74/><D74/><U72/><E72/><V34/><F34/><W84/><G84/><T18/><D96/><U94/><E99/><V41/><F41/><W133/><G133/><T14/><D30/><U11/><E31/><RYUUKYOKU ba="1,2" sc="308,-15,192,-15,240,15,240,15" hai2="19,22,52,56,59,60,61,65,97,100,105,106,107" hai3="3,4,8,12,15,37,40,44,54,58,73,77,82" /><INIT seed="1,2,2,0,4,112" ten="293,177,255,255" oya="1" hai0="90,64,8,135,107,85,70,120,130,22,27,56,29" hai1="94,60,9,35,55,74,32,109,47,77,111,1,0" hai2="114,12,96,3,76,65,73,5,81,11,41,121,39" hai3="110,118,98,82,30,62,124,25,126,93,122,119,78"/><U21/><E77/><V51/><F121/><W86/><G122/><T92/><D120/><U113/><E74/><V83/><F114/><W89/><G62/><T13/><D107/><U28/><E94/><V10/><F51/><W72/><G110/><N who="1" m="41994" /><E113/><V17/><F81/><N who="3" m="45255" /><G25/><T97/><D130/><U59/><E47/><N who="2" m="23999" /><F96/><W88/><G30/><T26/><D135/><U52/><E55/><V75/><F75/><W43/><G43/><T23/><D70/><U53/><E53/><V95/><F95/><W108/><G108/><T20/><D27/><N who="1" m="16495" /><E9/><V115/><F115/><W34/><G34/><AGARI ba="2,2" hai="0,1,32,34,35,52,59,60" m="16495,41994" machi="34" ten="30,5800,0" yaku="14,1,10,1,54,1" doraHai="112" who="1" fromWho="3" sc="293,0,177,84,255,0,255,-64" /><INIT seed="1,3,0,1,5,82" ten="293,261,255,191" oya="1" hai0="100,83,21,93,74,27,63,126,30,112,51,0,96" hai1="122,78,102,118,23,67,39,38,75,15,5,41,124" hai2="114,19,11,132,16,105,56,90,133,80,59,130,117" hai3="111,1,52,55,70,97,43,116,66,37,89,119,134"/><U45/><E118/><N who="3" m="45098" /><G1/><T36/><D36/><U57/><E122/><V108/><F117/><W53/><G97/><T87/><D112/><U131/><E102/><V34/><F114/><W24/><G24/><T127/><D0/><U71/><E75/><V77/><F105/><W50/><G89/><T95/><D74/><U6/><E39/><V109/><F34/><W32/><G32/><T76/><D95/><U103/><E103/><V17/><F90/><W135/><G37/><T123/><D123/><U106/><E106/><V49/><F11/><W73/><G73/><T14/><D51/><U84/><E71/><V91/><F91/><W128/><G128/><T26/><D14/><U86/><E131/><V47/><F130/><W121/><G121/><T79/><D79/><U92/><E92/><V33/><F33/><W85/><G85/><N who="1" m="32874" /><E78/><V44/><F80/><W113/><G113/><T94/><D94/><U2/><E2/><V9/><F9/><W65/><G111/><N who="2" m="42569" /><F77/><W60/><G66/><T61/><REACH who="0" step="1"/><D27/><REACH who="0" ten="283,261,255,191" step="2"/><U13/><E38/><V99/><F99/><W125/><G125/><AGARI ba="3,1" hai="21,26,30,61,63,76,83,87,93,96,100,125,126,127" machi="125" ten="40,8000,1" yaku="1,1,2,1,18,1,52,1,53,0" doraHai="82" doraHaiUra="40" who="0" fromWho="3" sc="283,99,261,0,255,0,191,-89" /><INIT seed="2,0,0,3,4,2" ten="382,261,255,102" oya="2" hai0="105,85,72,34,90,134,62,39,132,127,74,36,13" hai1="3,5,77,95,59,18,25,94,38,98,55,119,113" hai2="24,28,135,44,29,17,69,58,54,51,31,88,93" hai3="92,103,26,63,32,20,75,56,130,91,117,45,64"/><V108/><F69/><W121/><G121/><T84/><D34/><U112/><E38/><V118/><F118/><W126/><G32/><T71/><D105/><U7/><E3/><V123/><F123/><W11/><G117/><T46/><D127/><U9/><E119/><V43/><F135/><N who="0" m="51754" /><D13/><N who="1" m="7471" /><E113/><V104/><F104/><W87/><G126/><T21/><D21/><U0/><E0/><V97/><F108/><W37/><G75/><N who="0" m="28715" /><D46/><U76/><E25/><V70/><F70/><W125/><G125/><T80/><D85/><U68/><E68/><V78/><F78/><N who="1" m="30313" /><E112/><V27/><REACH who="2" step="1"/><F17/><REACH who="2" ten="382,261,245,102" step="2"/><W48/><G130/><T106/><D106/><U10/><E10/><V4/><F4/><N who="1" m="1609" /><E98/><V100/><F100/><W35/><G11/><T23/><D23/><U122/><E122/><V67/><F67/><AGARI ba="0,1" hai="36,39,62,67,71,80,84,90" m="28715,51754" machi="67" ten="30,1000,0" yaku="20,1" doraHai="2" who="0" fromWho="2" sc="382,20,261,0,245,-10,102,0" /><INIT seed="3,0,0,0,2,67" ten="402,261,235,102" oya="3" hai0="70,53,31,55,26,23,24,71,98,7,90,96,18" hai1="135,99,25,86,34,91,15,111,22,8,30,0,68" hai2="129,128,38,52,100,17,93,27,113,89,13,46,78" hai3="6,81,107,75,57,130,1,115,62,132,33,94,124"/><W92/><G33/><T16/><D7/><U12/><E99/><V73/><F113/><W103/><G115/><T126/><D23/><U51/><E51/><N who="2" m="28791" /><F38/><W87/><G132/><T21/><D21/><U45/><E45/><V47/><F100/><W72/><G1/><T50/><D50/><U32/><E135/><V83/><F47/><W64/><G6/><T11/><D90/><U54/><E54/><V42/><F27/><W2/><G2/><T109/><D11/><U108/><E68/><V36/><F36/><W69/><G107/><T59/><D59/><U56/><E56/><V28/><F28/><W134/><G134/><T41/><D31/><U40/><E40/><V37/><F37/><W85/><G75/><T3/><D3/><U133/><E133/><V35/><F35/><N who="1" m="13353" /><E0/><V101/><F101/><W114/><G114/><T123/><D41/><U120/><E120/><V104/><F104/><W9/><G72/><T19/><D19/><U117/><E117/><V122/><F42/><W102/><G87/><T80/><D80/><U119/><E119/><V65/><F122/><W5/><G69/><T121/><D126/><U95/><E8/><N who="2" m="6311" /><F65/><W14/><G124/><T20/><D20/><U106/><E106/><V79/><F79/><N who="3" m="46271" /><G130/><N who="2" m="50281" /><F89/><W58/><G58/><T118/><D118/><U105/><E105/><V110/><F93/><AGARI ba="0,0" hai="5,9,14,57,62,64,92,93,94,102,103" m="46271" machi="93" ten="30,1500,0" yaku="8,1" doraHai="67" who="3" fromWho="2" sc="402,0,261,0,235,-15,102,15" /><INIT seed="3,1,0,3,0,19" ten="402,261,220,117" oya="3" hai0="99,3,5,109,56,94,73,40,96,52,87,104,18" hai1="82,4,48,8,31,68,21,132,117,33,108,60,67" hai2="45,125,102,95,93,124,135,51,53,114,101,97,81" hai3="120,22,72,0,71,119,29,6,9,35,85,7,110"/><W26/><G71/><T28/><D73/><U107/><E107/><V63/><F114/><W58/><G72/><T133/><D109/><U122/><E122/><V10/><F135/><W32/><G120/><T105/><D133/><U89/><E33/><V36/><F36/><W41/><G41/><T86/><D28/><U12/><E108/><V128/><F128/><W27/><G110/><T59/><D18/><U47/><E117/><V66/><F10/><N who="3" m="2375" /><G58/><T77/><D5/><U65/><E65/><V16/><F81/><W118/><G85/><T111/><D3/><U74/><E132/><V62/><F62/><W78/><G78/><T54/><D40/><U15/><E15/><V98/><F16/><N who="3" m="12615" /><G35/><T61/><D111/><U34/><E34/><V92/><F92/><W75/><G75/><T80/><D87/><U70/><E70/><AGARI ba="1,0" hai="45,51,53,63,66,70,93,95,97,98,101,102,124,125" machi="70" ten="40,1300,0" yaku="9,1" doraHai="19" who="2" fromWho="1" sc="402,0,261,-16,220,16,117,0" /><INIT seed="4,0,0,5,5,95" ten="402,245,236,117" oya="0" hai0="22,53,44,4,115,17,20,132,45,5,26,94,56" hai1="2,91,19,28,107,48,120,52,25,9,86,77,79" hai2="42,71,66,113,50,93,57,109,40,124,84,119,36" hai3="85,62,105,3,35,72,104,125,89,15,32,118,87"/><T114/><D132/><U100/><E120/><V81/><F109/><W12/><G3/><T96/><D114/><U106/><E106/><V27/><F113/><W55/><G72/><T99/><D115/><U41/><E41/><V101/><F36/><W7/><G62/><T69/><D69/><U29/><E2/><V111/><F111/><W75/><G75/><T135/><D135/><U67/><E67/><V68/><F124/><W82/><G125/><T133/><D133/><U47/><E100/><V127/><F127/><W112/><G112/><T108/><D108/><U51/><E51/><V33/><F71/><W43/><G43/><T49/><D22/><U129/><E107/><V54/><F119/><W103/><G118/><T88/><D96/><U134/><E129/><V98/><F68/><W126/><G126/><T6/><AGARI ba="0,0" hai="4,5,6,17,20,26,44,45,49,53,56,88,94,99" machi="6" ten="30,11700,0" yaku="0,1,8,1,52,1,54,1" doraHai="95" who="0" fromWho="0" sc="402,117,245,-39,236,-39,117,-39" /><INIT seed="4,1,0,2,3,22" ten="519,206,197,78" oya="0" hai0="90,17,48,47,11,25,98,131,13,16,59,35,94" hai1="72,114,57,121,8,116,38,23,61,113,37,68,78" hai2="55,26,100,58,39,111,135,56,50,30,9,117,4" hai3="45,60,133,93,49,40,3,88,104,27,70,127,80"/><T2/><D131/><U6/><E116/><V76/><F111/><W85/><G3/><T62/><D2/><U74/><E121/><V96/><F39/><N who="1" m="14857" /><E23/><V21/><F135/><W10/><G104/><T33/><D17/><U97/><E97/><V44/><F117/><W122/><G133/><T29/><D33/><U41/><E41/><V82/><F9/><W123/><G10/><T119/><D119/><U65/><E57/><V36/><F4/><W28/><G127/><T129/><D129/><U110/><E110/><V15/><F15/><W132/><G132/><T87/><D98/><U134/><E78/><V0/><F0/><W52/><G80/><T91/><D91/><U54/><E54/><V18/><F18/><W24/><G28/><T115/><D115/><N who="1" m="44043" /><E134/><V43/><F43/><W107/><G107/><T118/><D118/><U102/><E102/><V77/><F36/><W86/><G86/><T128/><D128/><U103/><E103/><V67/><F67/><N who="3" m="41319" /><G40/><T42/><D59/><U63/><E63/><V125/><F125/><W79/><G79/><T20/><D62/><U19/><E19/><V51/><F51/><W32/><G32/><T83/><D35/><U108/><E108/><V69/><F69/><W75/><G75/><T14/><D14/><AGARI ba="1,0" hai="6,8,14,61,65,68,72,74" m="44043,14857" machi="14" ten="30,2000,0" yaku="15,1,11,1" doraHai="22" who="1" fromWho="0" sc="519,-23,206,23,197,0,78,0" /><INIT seed="5,0,0,2,1,67" ten="496,229,197,78" oya="1" hai0="70,76,21,62,129,30,40,99,9,101,75,61,54" hai1="56,134,65,71,98,127,88,63,32,122,3,107,44" hai2="74,73,118,95,78,14,41,13,38,103,81,58,52" hai3="31,124,109,27,104,77,22,119,69,80,10,7,23"/><U8/><E122/><V48/><F118/><W6/><G109/><T97/><D129/><U0/><E134/><V102/><F73/><W110/><G119/><T105/><D40/><U17/><E127/><V121/><F121/><W131/><G124/><T133/><D133/><U114/><E114/><V132/><F132/><W68/><G131/><T91/><D9/><U5/><E32/><V1/><F1/><W2/><G104/><T37/><D37/><U47/><E3/><V112/><F112/><W130/><G7/><T11/><D11/><U28/><E28/><V51/><F38/><W59/><G110/><T72/><D76/><U106/><E56/><V84/><F74/><W12/><G130/><T46/><D62/><U24/><E106/><V93/><F93/><W57/><G57/><T108/><D70/><U117/><E117/><V94/><F94/><W92/><G92/><T55/><D55/><U16/><E88/><V43/><F43/><W90/><G90/><T96/><D91/><U116/><E116/><V53/><F41/><W49/><G2/><T60/><D108/><U42/><E24/><V39/><F39/><W86/><REACH who="3" step="1"/><G22/><REACH who="3" ten="496,229,197,68" step="2"/><T87/><D21/><U100/><E44/><N who="2" m="27655" /><F95/><W125/><G125/><T85/><D46/><U115/><E115/><V79/><F78/><W123/><G123/><T35/><D105/><U135/><E135/><V45/><F58/><W89/><G89/><T83/><D101/><AGARI ba="0,1" hai="13,14,45,51,53,79,81,84,101,102,103" m="27655" machi="101" ten="30,2000,0" yaku="8,1,54,1" doraHai="67" who="2" fromWho="0" sc="496,-20,229,0,197,30,68,0" /><INIT seed="6,0,0,0,3,105" ten="476,229,227,68" oya="2" hai0="48,24,25,123,83,58,131,115,86,129,18,52,71" hai1="7,16,39,69,20,27,30,125,117,41,3,106,120" hai2="121,100,47,54,40,13,14,101,74,87,95,92,29" hai3="98,128,79,56,118,113,94,34,124,109,33,111,81"/><V126/><F121/><W80/><G118/><T82/><D123/><U89/><E120/><V22/><F126/><W8/><G124/><T49/><D71/><U21/><E69/><V88/><F74/><W119/><G119/><T10/><D115/><U65/><E65/><V67/><F67/><W91/><G113/><T64/><D64/><U38/><E117/><V57/><F95/><W135/><G34/><T84/><D10/><U130/><E106/><V50/><F29/><W104/><G33/><T55/><D18/><U116/><E130/><V110/><F110/><W77/><G56/><AGARI ba="0,0" hai="24,25,48,49,52,55,56,58,82,83,84,86,129,131" machi="56" ten="25,3200,0" yaku="22,2,54,1" doraHai="105" who="0" fromWho="3" sc="476,32,229,0,227,0,68,-32" /><INIT seed="7,0,0,5,2,103" ten="508,229,227,36" oya="3" hai0="34,62,58,77,109,92,23,111,84,1,101,39,73" hai1="132,50,128,94,20,44,49,80,87,63,40,78,13" hai2="67,104,14,64,47,7,71,8,57,24,125,33,54" hai3="133,17,5,35,12,51,117,82,135,105,121,75,129"/><W46/><G121/><T110/><D34/><U90/><E128/><V107/><F125/><W79/><G129/><T113/><D39/><U74/><E132/><N who="3" m="50762" /><G35/><T130/><D130/><U95/><E63/><V21/><F33/><W89/><G89/><T72/><D1/><U3/><E3/><V76/><F47/><W27/><G27/><T25/><D113/><U68/><E68/><V114/><F114/><W37/><G37/><T115/><D115/><U45/><E74/><V108/><F108/><W93/><G93/><T4/><D4/><U26/><E13/><V122/><F122/><W2/><G2/><T65/><D77/><U31/><E78/><V134/><F134/><W91/><G91/><T18/><REACH who="0" step="1"/><D84/><REACH who="0" ten="498,229,227,36" step="2"/><U70/><E70/><V69/><F69/><W81/><G5/><T99/><AGARI ba="0,1" hai="18,23,25,58,62,65,72,73,92,99,101,109,110,111" machi="99" ten="40,5200,0" yaku="1,1,2,1,0,1,53,0" doraHai="103" doraHaiUra="100" who="0" fromWho="0" sc="498,62,229,-13,227,-13,36,-26" owari="560,66.0,216,1.6,214,-18.6,10,-49.0" /></mjloggm>