<mjloggm ver="2.3"><GO type="169" lobby="0"/><UN n0="%E5%85%83%E3%82%AB%E3%83%8E%E7%B3%BB%E3%83%92%E3%83%AD%E3%82%A4%E3%83%B3" n1="%63%68%78%63%63" n2="%E6%B7%B3%E5%AD%90%E3%81%A7%E3%81%99" n3="%E3%81%AF%E3%81%AA%E3%81%B3%E3%81%AA%E3%81%B3" dan="16,17,17,17" rate="2176.79,2138.23,2176.24,2136.38" sx="M,M,M,M"/><TAIKYOKU oya="0"/><INIT seed="0,0,0,2,4,121" ten="250,250,250,250" oya="0" hai0="19,9,39,81,110,83,119,107,73,24,123,58,124" hai1="131,21,71,77,16,135,99,113,132,93,25,46,50" hai2="101,47,125,98,22,76,57,78,7,35,87,69,79" hai3="38,74,2,29,30,42,84,64,105,52,129,6,65"/><T82/><D123/><U13/><E71/><V37/><F35/><W116/><G116/><T63/><D119/><U26/><E113/><V90/><F69/><W36/><G105/><T130/><D107/><U80/><E131/><V0/><F125/><W100/><G74/><T18/><D130/><U114/><E114/><V51/><F37/><W86/><G129/><T126/><D39/><U134/><E80/><V120/><F120/><W32/><G6/><T20/><D73/><U44/><E77/><V96/><F7/><W17/><G17/><T45/><D45/><U48/><E46/><V94/><F0/><W95/><G95/><T104/><D104/><U133/><N who="1" m="33792" /><DORA hai="54" /><U117/><E50/><V60/><F22/><W106/><G106/><T28/><D110/><U59/><E59/><V91/><F91/><W5/><G5/><T112/><D112/><U56/><E56/><V97/><F101/><W111/><G2/><T8/><D18/><U41/><REACH who="1" step="1"/><E117/><REACH who="1" ten="250,240,250,250" step="2"/><V92/><F51/><W3/><G38/><T103/><D124/><U72/><E72/><V49/><F49/><W109/><G36/><T12/><D126/><U115/><E115/><V62/><F47/><W55/><G109/><T33/><REACH who="0" step="1"/><D103/><AGARI ba="0,1" hai="13,16,21,25,26,41,44,48,93,99,103" m="33792" machi="103" ten="70,8000,1" yaku="1,1,20,1,54,1,53,1" doraHai="121,54" doraHaiUra="53,11" who="1" fromWho="0" sc="250,-80,240,90,250,0,250,0" /><INIT seed="1,0,0,0,1,115" ten="170,330,250,250" oya="1" hai0="13,0,5,89,18,105,76,109,125,93,35,12,21" hai1="120,49,78,129,3,132,88,80,69,130,96,16,97" hai2="71,126,38,25,4,94,47,32,46,33,52,1,110" hai3="131,20,15,2,60,48,72,56,113,134,6,117,45"/><U122/><E69/><V100/><F71/><W42/><G113/><T53/><D105/><U55/><E3/><V28/><F32/><W59/><G134/><T66/><D35/><U24/><E132/><V107/><F107/><W114/><G114/><T62/><D109/><U10/><E24/><V51/><F126/><W36/><G131/><N who="1" m="50186" /><E97/><V41/><F110/><W31/><G72/><T73/><D125/><U127/><E127/><V121/><F121/><W77/><G77/><T92/><D0/><U99/><E99/><V79/><F79/><W50/><G2/><T63/><D53/><U118/><E78/><V135/><F135/><W34/><G34/><T11/><D66/><U74/><E74/><V65/><F65/><W23/><G31/><T103/><D103/><U75/><E75/><V19/><F100/><W26/><G26/><T112/><D112/><U7/><E7/><V37/><F19/><W40/><G6/><T95/><REACH who="0" step="1"/><D89/><REACH who="0" ten="160,330,250,250" step="2"/><U67/><E67/><V104/><F104/><W108/><G108/><T70/><D70/><U39/><E120/><V27/><F1/><W98/><G42/><T111/><D111/><U106/><E122/><V124/><F124/><W14/><G40/><T84/><D84/><U8/><E106/><V43/><F43/><W101/><G101/><T81/><AGARI ba="0,1" hai="5,11,12,13,18,21,62,63,73,76,81,92,93,95" machi="81" ten="30,2000,0" yaku="1,1,0,1,53,0" doraHai="115" doraHaiUra="102" who="0" fromWho="0" sc="160,30,330,-10,250,-5,250,-5" /><INIT seed="2,0,0,4,0,92" ten="190,320,245,245" oya="2" hai0="66,104,128,14,76,43,89,112,28,97,90,38,59" hai1="129,135,15,91,125,99,124,9,102,85,48,98,46" hai2="121,17,113,36,110,57,37,83,86,19,81,3,51" hai3="30,42,122,44,12,101,39,132,1,127,100,79,24"/><V8/><F113/><W131/><G122/><T84/><D112/><U94/><E129/><V130/><F121/><W73/><G131/><T96/><D128/><U31/><E31/><V50/><F130/><W45/><G127/><N who="1" m="48714" /><E102/><V111/><F3/><W82/><G132/><T18/><D28/><U55/><E135/><V115/><F115/><W54/><G12/><T95/><D38/><N who="2" m="14954" /><F8/><W108/><G108/><N who="2" m="41513" /><F81/><W118/><G118/><T56/><D43/><U6/><AGARI ba="0,0" hai="6,9,15,46,48,55,85,91,94,98,99" m="48714" machi="6" ten="30,4000,0" yaku="18,1,52,2" doraHai="92" who="1" fromWho="1" sc="190,-10,320,40,245,-20,245,-10" /><INIT seed="3,0,0,0,4,30" ten="180,360,225,235" oya="3" hai0="31,18,133,5,82,23,97,81,19,25,100,39,13" hai1="33,46,128,113,121,59,88,3,126,98,117,8,36" hai2="96,4,130,52,41,65,60,53,125,22,58,75,28" hai3="12,86,64,72,37,10,87,122,14,105,129,7,116"/><W84/><G129/><T124/><D39/><U114/><E121/><V93/><F75/><W17/><G122/><T67/><D133/><U80/><E126/><V118/><F118/><W57/><G116/><T20/><D124/><U89/><E128/><V70/><F130/><W15/><G72/><T134/><D134/><U99/><E3/><V38/><F125/><W61/><G105/><T108/><D108/><U68/><E8/><V92/><F4/><W0/><REACH who="3" step="1"/><G37/><REACH who="3" ten="180,360,225,225" step="2"/><T54/><D5/><U9/><E36/><V102/><F38/><W111/><G111/><T35/><D67/><U103/><E117/><V131/><F131/><W62/><G62/><T85/><D54/><U45/><E113/><V48/><F70/><W74/><G74/><T76/><D81/><U26/><E68/><V112/><F112/><W11/><AGARI ba="0,1" hai="0,7,10,11,12,14,15,17,57,61,64,84,86,87" machi="11" ten="30,3000,0" yaku="1,1,0,1,53,0" doraHai="30" doraHaiUra="90" who="3" fromWho="3" sc="180,-10,360,-10,225,-10,225,40" /><INIT seed="3,1,0,5,2,1" ten="170,350,215,265" oya="3" hai0="70,94,23,67,101,73,97,57,82,26,110,126,13" hai1="125,53,64,74,87,48,35,114,46,127,39,12,69" hai2="106,2,31,80,20,0,63,21,18,120,65,33,116" hai3="42,79,14,38,34,59,55,78,28,37,128,9,22"/><W32/><G128/><T96/><D70/><U99/><E74/><V95/><F116/><W117/><G117/><T119/><D119/><U102/><E35/><V121/><F106/><W133/><G133/><T3/><D3/><U134/><E134/><V107/><F107/><W40/><G22/><T124/><D110/><U56/><E87/><V7/><F80/><W90/><G28/><T11/><D96/><U27/><E27/><V131/><F95/><W115/><G115/><T61/><D73/><U25/><E25/><N who="2" m="18671" /><F63/><W58/><G9/><T75/><D75/><U100/><E12/><N who="2" m="9287" /><F65/><W98/><G14/><T92/><D92/><N who="1" m="58471" /><E102/><V108/><F131/><W123/><G98/><T84/><D11/><U89/><E114/><V76/><F76/><W29/><G29/><N who="0" m="17631" /><D13/><U4/><E89/><AGARI ba="1,0" hai="57,61,67,82,84,89,94,97,101,124,126" m="17631" machi="89" ten="30,1000,0" yaku="25,1" doraHai="1" who="0" fromWho="1" sc="170,13,350,-13,215,0,265,0" /><INIT seed="4,0,0,2,3,21" ten="183,337,215,265" oya="0" hai0="129,131,69,72,121,86,48,28,103,135,16,106,49" hai1="32,87,12,79,1,6,82,98,7,84,132,112,109" hai2="78,96,51,57,42,45,97,113,92,90,40,63,127" hai3="46,116,36,71,74,52,75,115,91,33,34,126,20"/><T101/><D121/><U2/><E109/><V108/><F113/><W107/><G115/><T130/><D72/><U77/><E32/><V0/><F127/><W53/><G107/><T31/><D135/><U4/><E112/><V65/><F0/><W10/><G126/><T44/><D69/><U122/><E122/><V27/><F78/><W58/><G71/><T41/><D86/><U15/><E98/><V29/><F108/><W80/><G20/><T102/><D106/><U111/><E111/><V118/><F118/><W8/><G58/><T37/><REACH who="0" step="1"/><D16/><REACH who="0" ten="173,337,215,265" step="2"/><U55/><E132/><V5/><F5/><W94/><G75/><T120/><D120/><U119/><E7/><V95/><F92/><W64/><G94/><T100/><N who="0" m="25600" /><DORA hai="93" /><T85/><D85/><U99/><E6/><V60/><F97/><W83/><G74/><T134/><D134/><U13/><E4/><V62/><REACH who="2" step="1"/><F40/><REACH who="2" ten="173,337,205,265" step="2"/><W14/><G116/><T61/><D61/><U26/><E99/><V114/><F114/><W68/><G83/><T11/><D11/><U30/><E119/><V104/><F104/><W117/><G80/><T47/><D47/><U76/><E82/><V105/><F105/><W128/><G46/><T43/><D43/><U24/><E2/><V18/><F18/><W39/><G117/><T133/><D133/><U125/><E1/><V19/><F19/><W123/><G123/><T54/><D54/><U9/><E55/><V81/><F81/><W56/><G52/><T59/><D59/><U89/><E9/><N who="3" m="3690" /><G53/><T67/><D67/><U124/><E79/><V35/><AGARI ba="0,2" hai="27,29,35,42,45,51,57,60,62,63,65,90,95,96" machi="35" ten="20,12000,2" yaku="1,1,5,1,0,1,7,1,52,2,53,1" doraHai="21,93" doraHaiUra="88,110" who="2" fromWho="2" sc="173,-60,337,-30,205,140,265,-30" /><INIT seed="5,0,0,0,1,26" ten="113,307,345,235" oya="1" hai0="98,71,55,34,80,61,51,72,52,21,132,20,109" hai1="31,133,121,84,94,35,57,112,45,64,100,59,67" hai2="124,91,81,75,1,24,68,41,93,76,123,108,116" hai3="44,118,0,127,19,77,101,46,9,65,54,10,115"/><U7/><E121/><V134/><F41/><W86/><G115/><T102/><D109/><U2/><E112/><V105/><F24/><W111/><G111/><T104/><D132/><U97/><E133/><V58/><F58/><W129/><G129/><T56/><D34/><U113/><E113/><V106/><F93/><W43/><G127/><T36/><D36/><U99/><E7/><V114/><F91/><W6/><G118/><T4/><D4/><U125/><E2/><V120/><F81/><W87/><G65/><T38/><D38/><U85/><E125/><V32/><F76/><W27/><G101/><T14/><D14/><U22/><E35/><V60/><F60/><W37/><G54/><T74/><D74/><U53/><E45/><V16/><F16/><W17/><G46/><T131/><D131/><U62/><E97/><V30/><F30/><W48/><G48/><T73/><D73/><U95/><E95/><V126/><F106/><W90/><G90/><T23/><D71/><U66/><E59/><V11/><F11/><W83/><G19/><T70/><D70/><U92/><E92/><V13/><F13/><N who="3" m="7343" /><G27/><AGARI ba="0,0" hai="22,27,31,53,57,62,64,66,67,84,85,94,99,100" machi="27" ten="40,3900,0" yaku="8,1,52,1" doraHai="26" who="1" fromWho="3" sc="113,0,307,39,345,0,235,-39" /><INIT seed="5,1,0,3,1,38" ten="113,346,345,196" oya="1" hai0="79,89,85,64,112,18,110,17,81,62,68,72,35" hai1="135,125,50,134,126,109,7,69,14,34,26,74,133" hai2="8,80,88,108,56,31,63,84,57,58,16,9,93" hai3="32,119,99,15,113,45,24,111,101,103,22,52,77"/><U21/><E69/><V117/><F108/><W106/><G111/><T129/><D110/><U115/><E74/><V37/><F37/><W71/><G113/><T116/><D116/><U0/><E50/><V40/><F117/><W100/><G119/><T23/><D112/><U61/><E61/><V131/><F131/><W87/><G71/><T124/><D129/><U3/><E115/><V13/><F31/><W114/><G114/><T70/><D35/><U97/><E97/><V90/><F8/><W12/><G32/><T48/><D124/><N who="1" m="47723" /><E34/><V105/><F105/><W107/><G107/><T49/><D68/><U39/><E39/><V28/><F28/><W60/><G99/><T122/><D122/><U55/><E55/><V91/><F40/><W27/><G106/><T132/><D132/><U51/><E51/><V78/><REACH who="2" step="1"/><F93/><REACH who="2" ten="113,346,335,196" step="2"/><W104/><G104/><T41/><D41/><U42/><E42/><V5/><F5/><W128/><G128/><T54/><D18/><N who="1" m="12599" /><E109/><V10/><F10/><AGARI ba="1,1" hai="0,3,7,10,14,133,134,135" m="12599,47723" machi="10" ten="40,12000,1" yaku="20,1,18,1,34,2" doraHai="38" who="1" fromWho="2" sc="113,0,346,133,335,-123,196,0" /><INIT seed="5,2,0,4,1,0" ten="113,479,212,196" oya="1" hai0="91,1,75,124,24,4,11,96,3,43,16,23,88" hai1="30,72,68,28,93,117,15,26,39,19,115,51,44" hai2="113,52,87,111,60,71,129,76,50,40,20,8,126" hai3="31,89,38,119,130,90,85,82,62,55,108,46,133"/><U17/><E68/><V12/><F111/><W122/><G108/><T132/><D132/><U21/><E39/><V125/><F129/><W36/><G122/><T86/><D75/><U48/><E72/><V33/><F33/><W35/><G130/><T10/><D124/><N who="2" m="47722" /><F20/><W123/><G123/><T69/><D69/><U116/><E115/><V63/><F40/><W42/><G133/><T105/><D43/><U92/><E15/><V6/><F71/><W9/><G119/><T102/><D86/><U127/><E21/><V134/><F134/><W53/><G62/><T107/><D107/><U49/><E127/><V112/><F76/><W73/><G38/><T37/><D37/><U18/><E44/><N who="2" m="27719" /><F87/><W66/><G35/><T5/><AGARI ba="2,0" hai="1,3,4,5,10,11,16,23,24,88,91,96,102,105" machi="5" ten="30,12000,2" yaku="0,1,9,1,52,2,54,2" doraHai="0" who="0" fromWho="0" sc="113,126,479,-62,212,-32,196,-32" /><INIT seed="6,0,0,5,5,103" ten="239,417,180,164" oya="2" hai0="87,93,70,117,74,22,15,53,9,44,78,99,69" hai1="28,13,90,35,42,65,40,66,122,129,94,115,11" hai2="104,41,83,124,111,128,130,39,121,75,106,84,21" hai3="31,14,48,67,107,73,18,46,36,123,38,61,116"/><V26/><F121/><W34/><G123/><T59/><D74/><U8/><E115/><V17/><F75/><W77/><G116/><T80/><D117/><U86/><E35/><V85/><F124/><W30/><G77/><T54/><D22/><U92/><E28/><V71/><F71/><W43/><G73/><T29/><D29/><U24/><E24/><V114/><F114/><W133/><G133/><T91/><D44/><U51/><E8/><V32/><F32/><W19/><G107/><N who="2" m="41001" /><F111/><W37/><G34/><T88/><D54/><U109/><E122/><V4/><F4/><W135/><G135/><T2/><D2/><U82/><E109/><V113/><F113/><W98/><G98/><T89/><D69/><U0/><E0/><V33/><F33/><W63/><G18/><N who="0" m="8559" /><D70/><U1/><E1/><V58/><F58/><W27/><G27/><T95/><D99/><U105/><E105/><V81/><F41/><W100/><G100/><T50/><AGARI ba="0,0" hai="50,53,59,78,80,87,88,89,91,93,95" m="8559" machi="50" ten="30,2000,0" yaku="8,1,54,1" doraHai="103" who="0" fromWho="0" sc="239,20,417,-5,180,-10,164,-5" /><INIT seed="7,0,0,1,1,68" ten="259,412,170,159" oya="3" hai0="12,53,71,66,64,112,55,4,85,52,125,20,94" hai1="28,11,93,56,115,21,81,45,121,6,7,129,42" hai2="9,48,96,103,2,38,18,63,41,51,80,83,35" hai3="70,26,75,19,27,113,58,114,101,54,32,65,46"/><W17/><G75/><T89/><D71/><U87/><E115/><N who="3" m="44042" /><G101/><T25/><D125/><U16/><E129/><V126/><F35/><W33/><G46/><T134/><D134/><U130/><E130/><V59/><F126/><W49/><G65/><T31/><D112/><U14/><E56/><V124/><F124/><W62/><G70/><T110/><D110/><U82/><E28/><V116/><F116/><W127/><G127/><T91/><D91/><N who="1" m="53503" /><E121/><V135/><F135/><W43/><G62/><T40/><D40/><U131/><E131/><V106/><F48/><W30/><G43/><T37/><D37/><U13/><E7/><V97/><F38/><W119/><G119/><T107/><D107/><U22/><E21/><V10/><F51/><AGARI ba="0,0" hai="6,11,13,14,16,22,42,45,51,81,82" m="53503" machi="51" ten="30,2000,0" yaku="8,1,54,1" doraHai="68" who="1" fromWho="2" sc="259,0,412,20,170,-20,159,0" owari="259,5.9,432,53.2,150,-35.0,159,-24.1" /></mjloggm>