<mjloggm ver="2.3"><GO type="169" lobby="0"/><UN n0="%E5%BE%A1%E5%BD%B1%E3%82%86%E3%81%9A%E3%81%8D" n1="%E3%82%A4%E3%83%BC%E3%82%B1%E3%83%97%E3%83%A9" n2="%E5%A7%AB%E7%95%99" n3="%E9%B3%B4%E8%8C%B6" dan="17,16,16,16" rate="2189.42,2120.85,2151.89,2164.46" sx="M,M,M,M"/><TAIKYOKU oya="0"/><INIT seed="0,0,0,2,2,64" ten="250,250,250,250" oya="0" hai0="47,65,32,94,57,5,4,24,41,85,89,79,22" hai1="126,81,124,30,7,121,103,117,112,15,63,56,28" hai2="105,130,75,92,54,67,110,107,43,20,99,102,42" hai3="120,26,2,59,9,48,86,50,76,80,17,114,90"/><T82/><D32/><U104/><E117/><V62/><F75/><W58/><G114/><T69/><D57/><N who="3" m="21513" /><G2/><T122/><D122/><U111/><E121/><V23/><F54/><W19/><G120/><T34/><D34/><U49/><E49/><N who="3" m="19050" /><G9/><T16/><D65/><U101/><E111/><V115/><F115/><W10/><G10/><T39/><REACH who="0" step="1"/><D69/><REACH who="0" ten="240,250,250,250" step="2"/><U98/><E112/><V113/><F67/><W70/><G70/><T83/><D83/><U11/><E81/><V12/><F113/><W55/><G55/><T37/><D37/><U14/><E63/><V35/><F62/><W127/><G127/><T95/><D95/><U21/><E56/><V116/><F92/><W125/><G125/><T40/><D40/><U108/><E126/><V13/><F35/><W31/><G76/><T74/><AGARI ba="0,1" hai="4,5,16,22,24,39,41,47,74,79,82,85,89,94" machi="74" ten="20,7800,0" yaku="1,1,0,1,7,1,54,1,53,0" doraHai="64" doraHaiUra="100" who="0" fromWho="0" sc="240,88,250,-26,250,-26,250,-26" /><INIT seed="0,1,0,1,5,23" ten="328,224,224,224" oya="0" hai0="49,36,55,56,11,107,125,68,10,42,105,72,34" hai1="18,41,104,76,54,80,5,13,26,69,17,22,8" hai2="65,0,117,92,67,82,75,106,77,89,73,14,64" hai3="79,124,95,30,78,40,128,98,58,133,66,118,132"/><T37/><D72/><U19/><E104/><V122/><F122/><W32/><G118/><T31/><D125/><U100/><E69/><V9/><F106/><W52/><G124/><T29/><D68/><U130/><E130/><V20/><F117/><W57/><G40/><T50/><D42/><U63/><E100/><V113/><F113/><W114/><G114/><T121/><D56/><U28/><E41/><V83/><F0/><W47/><G128/><T94/><D94/><U45/><E63/><V6/><F20/><W127/><G47/><T44/><D34/><U4/><E4/><V96/><REACH who="2" step="1"/><F67/><REACH who="2" ten="328,224,214,224" step="2"/><W110/><G66/><T62/><D121/><U60/><E60/><V16/><F16/><W12/><G127/><T48/><D62/><U135/><E135/><V38/><F38/><W70/><G133/><T85/><D37/><U61/><E61/><V25/><F25/><W101/><G132/><T15/><D36/><U71/><E71/><V134/><F134/><W74/><G70/><T46/><D107/><U81/><REACH who="1" step="1"/><E76/><AGARI ba="1,1" hai="6,9,14,64,65,73,75,76,77,82,83,89,92,96" machi="76" ten="40,2600,0" yaku="1,1,9,1,53,0" doraHai="23" doraHaiUra="21" who="2" fromWho="1" sc="328,0,224,-29,214,39,224,0" /><INIT seed="1,0,0,0,2,67" ten="328,195,253,224" oya="1" hai0="14,6,103,87,22,116,132,44,7,25,52,63,34" hai1="41,15,86,134,121,0,75,76,118,106,111,90,80" hai2="88,131,92,19,23,79,58,36,64,29,28,42,108" hai3="17,5,18,49,4,40,97,43,55,16,53,105,89"/><U69/><E118/><V45/><F108/><W26/><G26/><T2/><D116/><U127/><E121/><V10/><F10/><W59/><G105/><T83/><D34/><U125/><E0/><V48/><F79/><W20/><G20/><T102/><D2/><U93/><E134/><V21/><F131/><W61/><G97/><T68/><D68/><U60/><E41/><N who="3" m="15946" /><G89/><T100/><D132/><U94/><E106/><V39/><F39/><W113/><G113/><T95/><D14/><U107/><E107/><V115/><F115/><W120/><G120/><T8/><D95/><U54/><E111/><V135/><F21/><W57/><AGARI ba="0,0" hai="4,5,16,17,18,49,53,55,57,59,61" m="15946" machi="57" ten="30,2000,0" yaku="8,1,54,1" doraHai="67" who="3" fromWho="3" sc="328,-5,195,-10,253,-5,224,20" /><INIT seed="2,0,0,1,2,108" ten="323,185,248,244" oya="2" hai0="115,99,14,121,53,35,38,16,58,128,98,13,91" hai1="114,100,87,1,65,19,42,119,60,110,133,18,69" hai2="27,23,62,129,78,31,5,33,22,118,47,8,86" hai3="107,32,46,43,67,131,36,63,124,88,20,126,21"/><V28/><F118/><W39/><G32/><T101/><D38/><U24/><E119/><V95/><F129/><W68/><G39/><T66/><D121/><U123/><E1/><V106/><F106/><W132/><G131/><T26/><D128/><U17/><E123/><V41/><F62/><W34/><G34/><T29/><D66/><U83/><E110/><V130/><F130/><W135/><G107/><T96/><D14/><U12/><E133/><N who="3" m="51274" /><G88/><T109/><D109/><U105/><E42/><V10/><F31/><W82/><G82/><T79/><D79/><U76/><E24/><V77/><F77/><W25/><G20/><T73/><D73/><U70/><E70/><V94/><F23/><W11/><G11/><T97/><D91/><U84/><E84/><V2/><F10/><W9/><G9/><T30/><D30/><AGARI ba="0,0" hai="21,25,30,36,43,46,63,67,68,124,126" m="51274" machi="30" ten="30,1000,0" yaku="20,1" doraHai="108" who="3" fromWho="0" sc="323,-10,185,0,248,0,244,10" /><INIT seed="3,0,0,4,0,54" ten="313,185,248,254" oya="3" hai0="50,8,114,77,27,79,51,31,117,16,25,6,42" hai1="122,124,60,18,127,47,35,110,80,78,1,125,37" hai2="9,70,56,12,118,100,11,93,28,52,4,26,84" hai3="74,5,73,41,89,59,45,32,29,38,121,95,14"/><W87/><G121/><T72/><D117/><U109/><E122/><V3/><F70/><W88/><G32/><T103/><D114/><U69/><E35/><V85/><F118/><W63/><G29/><T133/><D133/><U106/><E106/><V65/><F65/><W119/><G119/><T2/><D103/><U19/><E1/><V40/><F40/><W64/><G5/><T131/><D131/><U46/><E69/><V17/><F93/><W22/><REACH who="3" step="1"/><G89/><REACH who="3" ten="313,185,248,244" step="2"/><T30/><D31/><U128/><E128/><V101/><F101/><W39/><G39/><T67/><D30/><U94/><E37/><V75/><F100/><W99/><G99/><T113/><D6/><U112/><E112/><V130/><F130/><W98/><G98/><T21/><D113/><U82/><E127/><V108/><F108/><W76/><G76/><T116/><D79/><U0/><E78/><V135/><F135/><W15/><G15/><T53/><D77/><U13/><E13/><V102/><F102/><W111/><G111/><T134/><D116/><U20/><E0/><V36/><F36/><W68/><G68/><T7/><D2/><U48/><E110/><V83/><F75/><W115/><G115/><T49/><D72/><U57/><E109/><V66/><F28/><W33/><G33/><T104/><D7/><U34/><E34/><V107/><F3/><W120/><G120/><T123/><D134/><U126/><E126/><V97/><F97/><W10/><G10/><T86/><D123/><U92/><E125/><V132/><F11/><W96/><G96/><T44/><D8/><RYUUKYOKU ba="0,1" sc="313,-10,185,-10,248,-10,244,30" hai3="14,22,38,41,45,59,63,64,73,74,87,88,95" /><INIT seed="3,1,1,4,0,101" ten="303,175,238,274" oya="3" hai0="86,107,26,132,25,65,39,44,45,17,37,31,111" hai1="120,98,51,76,104,35,63,7,55,2,54,20,119" hai2="81,73,60,97,1,70,29,23,5,100,79,121,15" hai3="128,134,78,88,94,115,123,21,113,67,22,74,75"/><W95/><G123/><T124/><D65/><U4/><E35/><V52/><F1/><W72/><G67/><T108/><D132/><U41/><E120/><V13/><F5/><W57/><G134/><T61/><D86/><U69/><E119/><V77/><F77/><W11/><G78/><T6/><D61/><U127/><E127/><V116/><F116/><W32/><G32/><T103/><D6/><U64/><E76/><V87/><F121/><W122/><G122/><T92/><D92/><U91/><E41/><V46/><F70/><W27/><G128/><T34/><D124/><U10/><E7/><V114/><F114/><W90/><G57/><T8/><D8/><U112/><E112/><V33/><F33/><W43/><G11/><T59/><D59/><U9/><E9/><V53/><F73/><W3/><G72/><T58/><D58/><U110/><E110/><N who="0" m="42025" /><D17/><U135/><E135/><V85/><F85/><W80/><G80/><T89/><D89/><U48/><E91/><V131/><F60/><W84/><G84/><T49/><D25/><U126/><E126/><V24/><F131/><W50/><G27/><T12/><D12/><N who="2" m="4682" /><F46/><N who="0" m="18026" /><D49/><U16/><E51/><V47/><F47/><W117/><G50/><T93/><D93/><AGARI ba="1,1" hai="23,24,29,52,53,79,81,87,93,97,100" m="4682" machi="93" ten="30,2000,0" yaku="8,1,54,1" doraHai="101" who="2" fromWho="0" sc="303,-23,175,0,238,33,274,0" /><INIT seed="4,0,0,1,2,102" ten="280,175,271,274" oya="0" hai0="41,52,29,98,6,118,44,89,21,18,58,83,97" hai1="63,34,109,0,127,96,51,88,95,8,28,26,24" hai2="19,73,114,70,64,32,1,112,23,105,121,130,9" hai3="25,39,93,2,108,67,46,4,68,94,113,17,80"/><T31/><D118/><U81/><E109/><V42/><F73/><W14/><G108/><T37/><D6/><U59/><E127/><V111/><F111/><W49/><G39/><T48/><D97/><U57/><E0/><V90/><F121/><W110/><G110/><T69/><D69/><U123/><E123/><V36/><F32/><W40/><G2/><T84/><REACH who="0" step="1"/><D98/><REACH who="0" ten="270,175,271,274" step="2"/><U79/><E96/><V115/><F70/><W61/><G4/><T100/><D100/><U134/><E134/><V117/><F117/><W87/><G113/><T77/><D77/><U53/><E79/><V62/><F115/><W15/><G25/><AGARI ba="0,1" hai="18,21,25,29,31,37,41,44,48,52,58,83,84,89" machi="25" ten="30,11600,0" yaku="1,1,7,1,54,1,53,1" doraHai="102" doraHaiUra="22" who="0" fromWho="3" sc="270,126,175,0,271,0,274,-116" /><INIT seed="4,1,0,2,2,51" ten="396,175,271,158" oya="0" hai0="30,117,55,108,50,126,10,36,83,85,27,70,20" hai1="103,132,61,75,1,115,54,67,23,135,48,31,59" hai2="118,18,14,121,63,39,125,42,72,38,109,96,34" hai3="9,32,8,89,91,35,123,114,26,127,29,46,95"/><T131/><D117/><U113/><E75/><V41/><F72/><W104/><G114/><N who="1" m="43530" /><E1/><V56/><F34/><W49/><G104/><T45/><D108/><U77/><E77/><V119/><F109/><W112/><G112/><T93/><D131/><U21/><E103/><V84/><F121/><W106/><G106/><T80/><D126/><U4/><E4/><V24/><F24/><W37/><G127/><T33/><D70/><N who="1" m="42351" /><E31/><V116/><F125/><W73/><G73/><T101/><D36/><N who="2" m="13866" /><F84/><W124/><G37/><T69/><D69/><U64/><E64/><N who="2" m="39015" /><F96/><W105/><G35/><T12/><D33/><U92/><E92/><V97/><F97/><W6/><G105/><T76/><D101/><U90/><E90/><V52/><F42/><W17/><G124/><T74/><D74/><U40/><E40/><V122/><F41/><W87/><G123/><T16/><D80/><U107/><E107/><V57/><F122/><W65/><G89/><T2/><D2/><U120/><E120/><V68/><F68/><W3/><G65/><T43/><D43/><U79/><E79/><V15/><F18/><W0/><G17/><T28/><D93/><U7/><E7/><AGARI ba="1,0" hai="7,10,12,16,20,27,28,30,45,50,55,76,83,85" machi="7" ten="30,11600,0" yaku="7,1,8,1,52,1,54,1" doraHai="51" who="0" fromWho="1" sc="396,119,175,-119,271,0,158,0" /><INIT seed="4,2,0,0,4,108" ten="515,56,271,158" oya="0" hai0="66,73,94,135,55,111,30,117,6,57,71,15,9" hai1="65,36,104,17,85,2,60,61,64,28,10,95,112" hai2="39,37,121,79,42,131,132,24,110,5,58,99,23" hai3="77,133,8,63,120,27,98,56,72,80,33,81,38"/><T7/><D117/><U101/><E36/><V123/><F110/><W90/><G133/><T134/><D111/><U74/><E74/><V125/><F132/><N who="0" m="50730" /><D73/><U114/><E104/><V20/><F131/><W68/><G68/><T124/><D30/><U62/><E28/><V41/><F5/><W12/><G38/><T89/><D71/><U34/><E34/><V18/><F125/><W93/><G120/><T43/><D43/><U19/><E2/><V105/><F39/><W29/><G77/><T26/><D26/><U88/><E101/><V0/><F37/><W67/><REACH who="3" step="1"/><G72/><REACH who="3" ten="515,56,271,148" step="2"/><T4/><D124/><U47/><E47/><V59/><F79/><W76/><G76/><T75/><D75/><U52/><E52/><V116/><F121/><W54/><G54/><T44/><D66/><N who="1" m="25707" /><E10/><V109/><F123/><W129/><G129/><T13/><D44/><U21/><E21/><V16/><F109/><W96/><G96/><N who="0" m="57423" /><D9/><U70/><E70/><V69/><F69/><W78/><G78/><T1/><D1/><U119/><E119/><V102/><F0/><W115/><G115/><AGARI ba="2,1" hai="17,19,60,61,62,85,88,95,112,114,115" m="25707" machi="115" ten="30,12000,2" yaku="15,1,11,1,52,3,54,1" doraHai="108" who="1" fromWho="3" sc="515,0,56,136,271,0,148,-126" /><INIT seed="5,0,0,0,2,18" ten="515,192,271,22" oya="1" hai0="77,90,117,31,107,76,101,49,1,38,116,55,92" hai1="134,124,36,29,5,17,39,0,44,111,94,35,68" hai2="72,81,59,54,9,3,25,112,78,89,120,86,65" hai3="51,127,70,15,115,37,79,98,135,99,106,57,133"/><U130/><E68/><V75/><F120/><W83/><G70/><T7/><D38/><U113/><E113/><V85/><F65/><W48/><G37/><T64/><D64/><U109/><E130/><V95/><F112/><W10/><G115/><T84/><D31/><U32/><E124/><V74/><F25/><W20/><G127/><T66/><D66/><U56/><E134/><N who="3" m="51210" /><G106/><T22/><D1/><U97/><E56/><V42/><F42/><W40/><G40/><T61/><D7/><U118/><E118/><V21/><F9/><W11/><G57/><T71/><D71/><U45/><E44/><V46/><F46/><W102/><G102/><T2/><D61/><U104/><E104/><V103/><F103/><W105/><G105/><T63/><D63/><U19/><E45/><V12/><F3/><W6/><G11/><T14/><D107/><U88/><E39/><V8/><F8/><W126/><G126/><T87/><D101/><U123/><E36/><V129/><F129/><W82/><G82/><T121/><D2/><U96/><E0/><V108/><F108/><W91/><G91/><T33/><D117/><U4/><E94/><V62/><F72/><N who="3" m="43495" /><G20/><T58/><D33/><U53/><E123/><V67/><F67/><W47/><G47/><T60/><D121/><U131/><E131/><V43/><F43/><W110/><G110/><T13/><D116/><U73/><E73/><V69/><F69/><W26/><G26/><T119/><D119/><U28/><E88/><V23/><F23/><W24/><G24/><T30/><D58/><U114/><E114/><RYUUKYOKU ba="0,0" sc="515,-30,192,10,271,10,22,10" hai1="4,5,17,19,28,29,32,35,53,96,97,109,111" hai2="12,21,54,59,62,74,75,78,81,85,86,89,95" hai3="6,10,15,48,51,98,99" /><INIT seed="5,1,0,2,4,57" ten="485,202,281,32" oya="1" hai0="128,81,24,39,31,124,72,94,71,50,21,83,41" hai1="100,12,125,13,119,18,58,63,91,9,59,15,0" hai2="11,19,28,3,46,95,80,118,126,90,114,8,132" hai3="36,101,32,107,1,98,16,92,89,109,22,53,48"/><U134/><E119/><V108/><F118/><W30/><G109/><T51/><D71/><U131/><E134/><V97/><F108/><W49/><G36/><T75/><D128/><U84/><E131/><V93/><F132/><W65/><G1/><T29/><D124/><U79/><E125/><V105/><F105/><W68/><G32/><T17/><D39/><U40/><E79/><V60/><F126/><W42/><G30/><T7/><D7/><U135/><E135/><V120/><F120/><W82/><G42/><T112/><D112/><U113/><E113/><V64/><F3/><W55/><G82/><T35/><D94/><U43/><E100/><V47/><F114/><W69/><G49/><T103/><D103/><U70/><E59/><N who="2" m="36895" /><F80/><W27/><G65/><T127/><D127/><U23/><E70/><V26/><F28/><W123/><G55/><T66/><D29/><U86/><E86/><N who="2" m="52439" /><F26/><W122/><G123/><T121/><D75/><U78/><E78/><V99/><F99/><W130/><G130/><T44/><D72/><U38/><E0/><V10/><F19/><W4/><G4/><T116/><D116/><U20/><E38/><V62/><F62/><W76/><G76/><T110/><D110/><U67/><E43/><V2/><F2/><W102/><G122/><T87/><D121/><U77/><E40/><V88/><AGARI ba="1,0" hai="8,10,11,46,47,88,95,97" m="52439,36895" machi="88" ten="30,4000,0" yaku="8,1,52,1,54,1" doraHai="57" who="2" fromWho="2" sc="485,-11,202,-21,281,43,32,-11" /><INIT seed="6,0,0,1,0,32" ten="474,181,324,21" oya="2" hai0="33,110,86,134,109,122,46,12,102,90,93,77,88" hai1="21,42,16,37,133,47,2,44,3,39,130,9,76" hai2="31,43,127,18,8,117,22,53,27,30,6,101,61" hai3="67,20,57,60,116,99,104,68,135,82,7,35,75"/><V125/><F101/><W34/><G116/><T87/><D33/><N who="3" m="12297" /><G57/><T108/><D122/><U52/><E130/><V106/><F106/><W51/><G20/><T89/><D46/><U29/><E133/><V85/><F43/><W1/><G51/><T95/><D12/><U62/><E76/><V121/><F85/><N who="0" m="32266" /><D134/><U19/><E29/><N who="2" m="10763" /><F53/><W128/><G135/><T78/><D95/><U107/><E107/><V94/><F94/><W123/><G123/><T54/><D54/><U115/><E52/><V91/><F61/><W98/><G98/><AGARI ba="0,0" hai="77,78,88,89,90,93,98,102,108,109,110" m="32266" machi="98" ten="40,5200,0" yaku="34,2,54,1" doraHai="32" who="0" fromWho="3" sc="474,52,181,0,324,0,21,-52" owari="526,62.6,181,-21.9,324,12.4,-31,-53.1" /></mjloggm>