<mjloggm ver="2.3"><GO type="169" lobby="0"/><UN n0="%53%69%6C%76%65%72%44%46" n1="%E5%8D%88%E5%BE%8C%E3%82%B4%E3%83%AA%E3%83%A9" n2="%6D%65%6C%65%78" n3="%E3%81%8D%E3%81%B3%E3%81%A0%E3%82%93%E3%81%94%CE%B1" dan="17,16,16,17" rate="2227.67,2137.08,2088.32,2132.73" sx="M,M,M,M"/><TAIKYOKU oya="0"/><INIT seed="0,0,0,5,0,58" ten="250,250,250,250" oya="0" hai0="87,124,78,9,95,43,11,119,63,91,125,64,84" hai1="123,128,68,67,31,130,114,26,115,108,4,71,101" hai2="88,127,93,16,81,61,24,15,45,7,110,32,98" hai3="102,13,5,48,29,70,72,106,111,109,46,49,135"/><T52/><D52/><U132/><BYE who="0" /><E4/><UN n0="%53%69%6C%76%65%72%44%46" /><V33/><F110/><N who="3" m="41995" /><G72/><T69/><D119/><U44/><E108/><V14/><F127/><N who="0" m="48714" /><D43/><U51/><E123/><V116/><F116/><W18/><G70/><T76/><D87/><U121/><E101/><V96/><F45/><W113/><G113/><N who="1" m="43018" /><E121/><V117/><F117/><W39/><G135/><T0/><D0/><U99/><E99/><V38/><F38/><W112/><G5/><T118/><D118/><U17/><E17/><V134/><F134/><W10/><G112/><T80/><D80/><U77/><E77/><AGARI ba="0,0" hai="9,11,63,64,69,76,77,78,84,91,95" m="48714" machi="77" ten="30,2900,0" yaku="18,1,52,1" doraHai="58" who="0" fromWho="1" sc="250,29,250,-29,250,0,250,0" /><INIT seed="0,1,0,3,0,124" ten="279,221,250,250" oya="0" hai0="0,70,118,2,113,38,97,73,69,44,20,37,135" hai1="104,5,122,39,58,1,91,48,65,42,116,15,105" hai2="23,3,4,134,33,85,82,22,53,77,106,59,34" hai3="100,32,18,120,21,103,114,131,8,98,29,81,14"/><T50/><D113/><U110/><E116/><V68/><F68/><W86/><G114/><T101/><D73/><U79/><E122/><V31/><F106/><W107/><G120/><T128/><D118/><U133/><E1/><V36/><F36/><W93/><G32/><T94/><D135/><U17/><E133/><V54/><F134/><W121/><G121/><T19/><D38/><U26/><E5/><V83/><F3/><W84/><G84/><T125/><D37/><U30/><E39/><V112/><F4/><W43/><G43/><T123/><D123/><U80/><E91/><V11/><F11/><W7/><G29/><T127/><D2/><U117/><E65/><V75/><F53/><W62/><G62/><T55/><D0/><U102/><E102/><V71/><F71/><W99/><G131/><T13/><REACH who="0" step="1"/><D128/><REACH who="0" ten="269,221,250,250" step="2"/><U95/><E117/><V45/><F112/><W88/><REACH who="3" step="1"/><G7/><REACH who="3" ten="269,221,250,240" step="2"/><T132/><D132/><U92/><E110/><V41/><F75/><W25/><G25/><T52/><D52/><U40/><E40/><V119/><F54/><W129/><G129/><T115/><D115/><U57/><E42/><V87/><F41/><W89/><G89/><T64/><D64/><U96/><E26/><V6/><F119/><W74/><G74/><T60/><D60/><U27/><E27/><V46/><F77/><W130/><G130/><T67/><D67/><U47/><E79/><V9/><F6/><W126/><G126/><AGARI ba="1,2" hai="13,19,20,44,50,55,69,70,94,97,101,125,126,127" machi="126" ten="40,7700,0" yaku="1,1,18,1,53,1" doraHai="124" doraHaiUra="49" who="0" fromWho="3" sc="269,100,221,0,250,0,240,-80" /><INIT seed="0,2,0,5,4,16" ten="369,221,250,160" oya="0" hai0="124,106,132,63,131,126,26,113,29,88,98,44,10" hai1="129,75,25,91,6,52,42,118,19,76,102,69,45" hai2="77,130,24,72,1,105,67,112,65,101,46,109,40" hai3="51,11,127,4,74,92,85,50,119,116,87,3,122"/><T82/><D113/><U14/><E69/><V79/><F112/><W57/><G74/><T86/><D132/><U89/><E118/><V95/><F1/><W83/><G127/><N who="0" m="48683" /><D131/><U78/><E129/><V99/><F130/><W133/><G133/><T54/><D10/><U70/><E70/><V33/><F109/><W30/><G122/><T107/><D98/><U123/><E102/><V2/><F2/><W13/><G30/><T31/><D31/><U73/><E73/><V27/><F105/><W117/><G3/><T22/><D63/><U49/><E123/><V12/><F12/><W41/><G41/><T115/><D115/><U53/><E25/><V96/><F96/><W62/><G92/><T114/><D114/><U18/><E6/><V20/><F33/><W8/><G85/><T56/><D56/><U37/><E19/><N who="2" m="12319" /><F27/><W47/><G11/><T7/><D7/><U21/><E53/><V71/><F71/><W15/><G15/><T111/><D111/><U64/><E64/><N who="2" m="24651" /><F72/><W35/><G119/><T104/><D104/><U81/><REACH who="1" step="1"/><E76/><REACH who="1" ten="369,211,250,160" step="2"/><V9/><F77/><N who="3" m="46575" /><G117/><T36/><D54/><U32/><E32/><V90/><F79/><W84/><G35/><T108/><D108/><U100/><E100/><V93/><F101/><W68/><G116/><T134/><D134/><U34/><E34/><V135/><F135/><W38/><G68/><T28/><D28/><U66/><E66/><V43/><F43/><AGARI ba="2,1" hai="22,26,29,36,43,44,82,86,88,106,107" m="48683" machi="43" ten="30,5800,0" yaku="18,1,52,1,54,1" doraHai="16" who="0" fromWho="2" sc="369,74,211,0,250,-64,160,0" /><INIT seed="0,3,0,2,5,67" ten="443,211,186,160" oya="0" hai0="37,23,126,48,92,34,65,79,90,134,75,111,5" hai1="72,56,81,60,2,4,103,18,94,119,133,127,57" hai2="58,70,122,88,83,43,117,69,14,104,20,55,131" hai3="39,32,78,25,35,73,110,77,91,109,113,41,30"/><T101/><D37/><U3/><E119/><V108/><F122/><W100/><G113/><T33/><D126/><U118/><E118/><V64/><F117/><W51/><G39/><T85/><D134/><U74/><E133/><V128/><F104/><W17/><G100/><T28/><D111/><N who="3" m="42505" /><G35/><T116/><D116/><U115/><E127/><V54/><F108/><W99/><G73/><T107/><D5/><U27/><E115/><V66/><F43/><W84/><G99/><N who="0" m="61887" /><D48/><U21/><E57/><V38/><F38/><W76/><G17/><T61/><D23/><U120/><E120/><V1/><F1/><W68/><G68/><N who="2" m="26217" /><F20/><W11/><G11/><T114/><D28/><U89/><E3/><V29/><F14/><W59/><G59/><N who="0" m="37055" /><D114/><U123/><E123/><V124/><F29/><W12/><G12/><T87/><D87/><U47/><E2/><V105/><F105/><W49/><G41/><T82/><AGARI ba="3,0" hai="33,34,75,79,82,85,90,92" m="37055,61887" machi="82" ten="30,1500,0" yaku="24,1" doraHai="67" who="0" fromWho="0" sc="443,24,211,-8,186,-8,160,-8" /><INIT seed="0,4,0,5,2,56" ten="467,203,178,152" oya="0" hai0="67,93,19,4,75,69,61,25,70,23,57,26,81" hai1="27,131,63,89,35,45,49,32,120,112,107,41,51" hai2="76,14,103,135,123,9,116,105,79,86,72,33,5" hai3="132,128,118,114,115,119,101,3,58,102,22,44,64"/><T15/><D4/><U90/><E120/><V74/><F123/><W62/><G3/><T78/><D93/><U21/><E107/><V110/><F110/><W37/><G22/><T34/><REACH who="0" step="1"/><D25/><REACH who="0" ten="457,203,178,152" step="2"/><U92/><E92/><V97/><F5/><W17/><G118/><T46/><D46/><U125/><E45/><V108/><F116/><W124/><G119/><T109/><D109/><U38/><E27/><V60/><F108/><W54/><G44/><T91/><D91/><U85/><E89/><V71/><F105/><W133/><G115/><T122/><D122/><U98/><E90/><V100/><F100/><W65/><G114/><T94/><D94/><U80/><E112/><V126/><F103/><W36/><G102/><T95/><D95/><U6/><E6/><V47/><F47/><W29/><G101/><T84/><D84/><U24/><E85/><V11/><F86/><W1/><G1/><T10/><D10/><U82/><E24/><V87/><F87/><W43/><G37/><T8/><D8/><U13/><E38/><V0/><F9/><W31/><G36/><T117/><D117/><U7/><E7/><V52/><F11/><W104/><G104/><T129/><D129/><U2/><E2/><V28/><F0/><W77/><G128/><T55/><D55/><U73/><E13/><V130/><F14/><W16/><G54/><T66/><D66/><U50/><E131/><V40/><F52/><W42/><G64/><T113/><D113/><U134/><E73/><V30/><F130/><W106/><G65/><T111/><D111/><U127/><E127/><RYUUKYOKU ba="4,1" sc="457,30,203,-10,178,-10,152,-10" hai0="15,19,23,26,34,57,61,67,69,70,75,78,81" /><INIT seed="0,5,1,0,0,87" ten="487,193,168,142" oya="0" hai0="72,46,84,125,75,102,55,93,29,117,88,32,109" hai1="80,3,134,41,97,12,42,101,98,14,31,68,113" hai2="11,17,100,73,119,118,85,9,124,106,23,116,58" hai3="64,104,1,48,25,52,30,18,110,111,99,65,54"/><T21/><D117/><U129/><E3/><V5/><F73/><W51/><G1/><T62/><D32/><U82/><E31/><V28/><F124/><W59/><G18/><T63/><D125/><U112/><E68/><V126/><F126/><W19/><G19/><T38/><D109/><N who="3" m="41481" /><G104/><T10/><D75/><U37/><E101/><V47/><F28/><W133/><G99/><N who="0" m="59759" /><D38/><U13/><E37/><V7/><F47/><N who="3" m="27679" /><G133/><T16/><D72/><U6/><E6/><V89/><F106/><W115/><G115/><T15/><D55/><U50/><E50/><V132/><F100/><W77/><G77/><T121/><D46/><U40/><E134/><V26/><F58/><W114/><G114/><N who="1" m="44138" /><E129/><V78/><F78/><W49/><G51/><T86/><D86/><U127/><E127/><V0/><F132/><W76/><G76/><T131/><D121/><U70/><E70/><V66/><F66/><W67/><G67/><T20/><D131/><U130/><E130/><V128/><F128/><W120/><G120/><T103/><D103/><U135/><E135/><V33/><F33/><AGARI ba="5,1" hai="25,30,33,49,54,59,64,65" m="27679,41481" machi="33" ten="30,2000,0" yaku="14,1,54,1" doraHai="87" who="3" fromWho="2" sc="487,0,193,0,168,-35,142,45" /><INIT seed="1,0,0,3,1,22" ten="487,193,133,187" oya="1" hai0="23,124,89,119,125,25,7,104,87,71,15,106,76" hai1="72,33,70,109,64,69,21,20,100,123,4,18,57" hai2="13,74,107,105,126,96,67,85,42,58,27,83,90" hai3="66,49,38,117,9,26,31,48,134,97,60,128,99"/><U103/><E123/><V77/><F126/><N who="0" m="48746" /><D71/><U114/><E33/><V108/><F108/><W111/><G38/><T3/><D3/><U56/><E114/><V62/><F42/><W44/><G111/><T118/><D76/><U79/><E4/><V12/><F105/><N who="0" m="40554" /><D15/><U32/><E32/><V37/><F37/><W68/><G128/><T73/><D73/><U8/><E8/><V95/><REACH who="2" step="1"/><F27/><REACH who="2" ten="487,193,123,187" step="2"/><W116/><G26/><T45/><D25/><U129/><E109/><V120/><F120/><W35/><G117/><T88/><D119/><U10/><E129/><V121/><F121/><W6/><G116/><T112/><D118/><U65/><E10/><V34/><F34/><W46/><G9/><T54/><D112/><U19/><E72/><V53/><F53/><W78/><G35/><T59/><D54/><U5/><E5/><V0/><F0/><W40/><G6/><T47/><D7/><U101/><E101/><AGARI ba="0,1" hai="12,13,58,62,67,74,77,83,85,90,95,96,101,107" machi="101" ten="40,5200,0" yaku="1,1,24,2,53,0" doraHai="22" doraHaiUra="41" who="2" fromWho="1" sc="487,0,193,-52,123,62,187,0" /><INIT seed="2,0,0,3,2,38" ten="487,141,185,187" oya="2" hai0="34,84,78,82,105,47,113,109,122,61,15,71,131" hai1="26,39,64,104,96,103,14,89,4,118,49,33,106" hai2="72,83,43,126,69,99,18,85,93,128,135,2,77" hai3="17,114,16,95,0,117,22,50,35,73,58,54,13"/><V9/><F69/><W51/><G117/><T31/><D109/><U53/><E39/><V11/><F128/><W24/><G0/><T30/><D122/><U36/><E36/><V121/><F121/><W86/><G114/><T92/><D113/><U10/><E118/><V29/><F126/><W32/><G73/><T74/><D105/><U91/><E106/><V48/><F135/><W120/><G120/><T107/><D107/><U42/><E64/><V102/><F29/><W124/><G124/><T123/><D123/><U12/><E12/><V5/><F11/><W133/><G133/><T19/><D34/><U57/><E33/><V67/><F67/><W62/><G35/><T55/><D71/><U132/><E132/><V94/><F18/><W119/><G119/><T46/><D92/><U100/><E100/><V27/><F27/><W25/><G32/><T37/><D74/><U125/><E125/><V130/><F130/><W97/><G86/><T79/><D79/><U1/><E26/><V127/><F127/><W115/><G25/><T70/><D70/><U80/><E80/><V52/><F94/><W63/><G63/><T7/><D61/><U59/><E59/><V88/><F43/><W65/><G65/><T111/><D131/><U44/><REACH who="1" step="1"/><E1/><REACH who="1" ten="487,131,185,187" step="2"/><V40/><F102/><N who="3" m="60735" /><G115/><T98/><D15/><U56/><E56/><N who="2" m="32775" /><F72/><W129/><G129/><T87/><D37/><U108/><E108/><V90/><F77/><W101/><G101/><T6/><D78/><U20/><E20/><AGARI ba="0,1" hai="13,16,17,20,22,24,50,51,54,58,62" m="60735" machi="20" ten="30,2000,0" yaku="8,1,54,1" doraHai="38" who="3" fromWho="1" sc="487,0,131,-20,185,0,187,30" /><INIT seed="3,0,0,1,3,81" ten="487,111,185,217" oya="3" hai0="64,127,71,37,98,124,60,102,45,104,12,77,79" hai1="47,118,94,68,53,29,106,82,16,78,113,112,84" hai2="110,76,6,67,129,114,32,86,49,66,24,83,63" hai3="13,52,92,43,88,17,105,33,125,26,48,80,95"/><W4/><G125/><N who="0" m="48203" /><D12/><U128/><E68/><V62/><F114/><W72/><G105/><T46/><D46/><U126/><E106/><V130/><F110/><W30/><G4/><T132/><D132/><U51/><E126/><V35/><F6/><W100/><G43/><AGARI ba="0,0" hai="37,43,45,60,64,71,77,79,98,102,104" m="48203" machi="43" ten="30,1000,0" yaku="18,1" doraHai="81" who="0" fromWho="3" sc="487,10,111,0,185,0,217,-10" /><INIT seed="4,0,0,3,5,80" ten="497,111,185,207" oya="0" hai0="54,15,100,31,5,123,38,131,3,2,66,57,94" hai1="67,88,109,11,30,87,21,106,116,33,37,64,72" hai2="77,125,44,75,99,117,58,27,50,60,29,45,6" hai3="42,52,19,20,92,124,102,78,90,79,7,110,126"/><T85/><D123/><U71/><E72/><V61/><F125/><N who="3" m="48235" /><G110/><T84/><D38/><U112/><E109/><V17/><F117/><W121/><G121/><T4/><D3/><U47/><E106/><V43/><F6/><N who="0" m="2666" /><D2/><U69/><E33/><V108/><F108/><W13/><G102/><T105/><D105/><U135/><E11/><V97/><F17/><W59/><G7/><T24/><D131/><U9/><E9/><V70/><F70/><W118/><G42/><T115/><D15/><U46/><E116/><V93/><F45/><W68/><G68/><T76/><D76/><U81/><E71/><V18/><F18/><W122/><G122/><T12/><D12/><U107/><E107/><V134/><F134/><W101/><G101/><T55/><D115/><U39/><E135/><V0/><F0/><W51/><G118/><T23/><D66/><U10/><E10/><V22/><F77/><W62/><G62/><N who="0" m="36151" /><D55/><U53/><E112/><V26/><F75/><W25/><G25/><T74/><D74/><U83/><E69/><V127/><F127/><W28/><G28/><T34/><D34/><U89/><E53/><N who="2" m="33871" /><F61/><W119/><G119/><T86/><D100/><U128/><E30/><V91/><F27/><W114/><G114/><T16/><D31/><U98/><E128/><V129/><F129/><W36/><G36/><T130/><D130/><U8/><E8/><V111/><F111/><W40/><G40/><T73/><D73/><U63/><E63/><V49/><F49/><W48/><G48/><T113/><D113/><U96/><E21/><V133/><F133/><RYUUKYOKU ba="0,0" sc="497,0,111,0,185,0,207,0" hai0="16,23,24,84,85,86,94" hai1="37,39,46,47,64,67,81,83,87,88,89,96,98" hai2="22,26,29,43,44,50,91,93,97,99" hai3="13,19,20,51,52,59,78,79,90,92" /><INIT seed="4,1,0,3,1,10" ten="497,111,185,207" oya="0" hai0="100,34,16,44,107,28,26,120,87,90,94,58,45" hai1="93,13,92,125,15,59,123,81,104,122,103,9,132" hai2="40,4,111,61,14,5,43,129,3,35,23,95,124" hai3="53,0,39,131,133,110,12,21,52,36,66,37,71"/><T89/><D120/><U113/><E104/><V91/><F111/><W67/><G0/><T1/><D1/><U20/><E132/><V17/><F35/><W32/><G110/><T7/><D7/><N who="2" m="2634" /><F124/><W127/><G32/><T8/><D100/><U134/><E134/><V126/><F126/><W63/><G133/><T82/><D107/><U24/><E125/><V30/><F3/><W119/><G127/><T83/><D58/><U88/><E9/><V62/><F30/><W33/><G33/><T115/><D115/><U51/><E122/><V25/><F25/><W6/><G119/><T76/><D89/><U65/><E113/><V74/><F74/><W68/><G131/><T98/><REACH who="0" step="1"/><D83/><REACH who="0" ten="487,111,185,207" step="2"/><U46/><E123/><V69/><F129/><W116/><G6/><T99/><D99/><N who="1" m="59879" /><E81/><V29/><F69/><W114/><G114/><T56/><D56/><U97/><E59/><V118/><F118/><W130/><G116/><T73/><D73/><U75/><E75/><V42/><F29/><W47/><G130/><T128/><D128/><U22/><E65/><V112/><F112/><W50/><G67/><T19/><D19/><N who="1" m="12319" /><E22/><V54/><F91/><W101/><G101/><T117/><D117/><U64/><E64/><V77/><F95/><W41/><G71/><T48/><D48/><U102/><E102/><V18/><F18/><N who="3" m="10439" /><G39/><T31/><D31/><U85/><E97/><V70/><F70/><W38/><G37/><T79/><D79/><U106/><E106/><V49/><F77/><W72/><G72/><T55/><D55/><AGARI ba="1,1" hai="13,15,46,51,55,85,88,93" m="12319,59879" machi="55" ten="30,7700,0" yaku="8,1,52,2,54,1" doraHai="10" who="1" fromWho="0" sc="487,-80,111,90,185,0,207,0" /><INIT seed="5,0,0,4,2,5" ten="407,201,185,207" oya="1" hai0="132,32,30,92,34,121,76,67,103,130,29,65,56" hai1="22,105,126,99,18,107,83,23,37,118,119,64,69" hai2="135,7,40,16,60,43,131,82,14,0,28,13,38" hai3="27,84,62,52,115,68,61,125,2,116,113,100,39"/><U21/><E37/><V50/><F38/><W63/><G2/><T19/><D34/><U42/><E42/><V47/><F131/><W12/><G100/><T48/><D32/><U96/><E18/><V55/><F135/><W127/><G39/><T101/><D132/><U74/><E126/><N who="3" m="48138" /><G27/><T128/><D121/><U4/><E4/><V75/><F0/><W95/><G12/><T78/><D56/><U117/><E64/><V108/><F108/><W59/><G95/><T73/><D92/><U36/><E36/><V6/><F28/><W25/><G25/><T102/><D101/><U15/><E15/><V122/><F122/><W24/><G84/><T109/><D48/><U1/><E69/><V8/><F6/><W53/><G24/><T3/><D3/><U93/><E1/><V89/><F60/><N who="3" m="35943" /><G116/><T54/><D19/><U90/><REACH who="1" step="1"/><E99/><REACH who="1" ten="407,191,185,207" step="2"/><V51/><F14/><W134/><G134/><T87/><D30/><U106/><E106/><V85/><F7/><W80/><G68/><T35/><D29/><U44/><E44/><N who="2" m="28103" /><F75/><W111/><G111/><T86/><D73/><U97/><E97/><V110/><F110/><W33/><G53/><AGARI ba="0,1" hai="8,13,16,40,43,47,51,53,82,85,89" m="28103" machi="53" ten="30,7700,0" yaku="25,1,8,1,52,1,54,1" doraHai="5" who="2" fromWho="3" sc="407,0,191,0,185,87,207,-77" /><INIT seed="6,0,0,2,3,15" ten="407,191,272,130" oya="2" hai0="120,33,19,132,31,78,94,60,41,97,84,39,68" hai1="119,5,124,109,56,49,85,0,37,114,36,61,46" hai2="52,121,47,93,55,34,135,125,65,89,40,29,11" hai3="103,123,9,110,48,128,101,98,51,115,90,74,66"/><V64/><F121/><W21/><G123/><T75/><D120/><U95/><E109/><V102/><F125/><W127/><G110/><T1/><D84/><U6/><E119/><V4/><F135/><W129/><G74/><T105/><D19/><U45/><E124/><V2/><F34/><W54/><G127/><T106/><D94/><U87/><E114/><V10/><F29/><W88/><G66/><T44/><D1/><U26/><E26/><V130/><F130/><N who="3" m="50283" /><G9/><T122/><D97/><U118/><E118/><V91/><F102/><N who="3" m="38923" /><G115/><T133/><D122/><U117/><E117/><V43/><F93/><N who="3" m="56631" /><G54/><T131/><D131/><U72/><E72/><V18/><F47/><W32/><G32/><T8/><D8/><U86/><E46/><V82/><F82/><W30/><G30/><T81/><D60/><U14/><E0/><V113/><F2/><W28/><G28/><T73/><D68/><U58/><E58/><V24/><F113/><W59/><G59/><T67/><D67/><U38/><E95/><V62/><F62/><W134/><G134/><N who="0" m="51819" /><D75/><U25/><E25/><AGARI ba="0,0" hai="25,31,33,39,41,44,73,78,81,105,106" m="51819" machi="25" ten="30,2000,0" yaku="20,1,23,1" doraHai="15" who="0" fromWho="1" sc="407,20,191,-20,272,0,130,0" /><INIT seed="7,0,0,1,2,42" ten="427,171,272,130" oya="3" hai0="62,98,71,124,36,80,134,8,5,1,52,58,131" hai1="123,75,110,74,104,6,132,115,9,94,18,47,40" hai2="122,17,91,84,125,119,108,35,37,30,101,43,28" hai3="19,61,126,112,118,68,15,99,86,4,135,114,88"/><W106/><G118/><T109/><D109/><U87/><E104/><V97/><F108/><W127/><G4/><T29/><D36/><U113/><E110/><V79/><F119/><W26/><G26/><T78/><D131/><U128/><E18/><V120/><F79/><W82/><G135/><T48/><D124/><N who="3" m="47657" /><G68/><T38/><D38/><U90/><E123/><N who="2" m="47147" /><F35/><W76/><G61/><T51/><D134/><U50/><E128/><V116/><F116/><W3/><G3/><T56/><D71/><U10/><E132/><V14/><F43/><W65/><G65/><T32/><D58/><U2/><REACH who="1" step="1"/><E10/><REACH who="1" ten="427,161,272,130" step="2"/><V57/><F125/><W16/><G106/><T100/><D32/><U105/><E105/><V129/><F17/><N who="3" m="6731" /><G15/><T46/><D62/><U7/><E7/><V27/><F14/><W33/><G33/><T24/><D24/><U81/><E81/><V93/><F27/><W44/><G44/><T121/><D121/><U0/><E0/><V64/><F129/><W20/><G20/><T41/><D29/><U70/><E70/><V49/><F28/><W31/><G31/><T96/><D80/><U54/><E54/><V89/><F30/><W133/><G133/><T13/><D1/><U60/><E60/><V11/><F11/><W83/><G99/><T102/><D98/><U12/><E12/><V92/><F97/><W39/><G39/><T53/><D96/><U55/><E55/><V117/><F37/><W23/><G23/><T85/><D53/><U72/><AGARI ba="0,1" hai="2,6,9,40,47,50,72,74,75,87,90,94,113,115" machi="72" ten="40,8000,1" yaku="1,1,0,1,52,1,53,1" doraHai="42" doraHaiUra="45" who="1" fromWho="1" sc="427,-20,161,90,272,-20,130,-40" owari="407,50.7,251,-14.9,252,5.2,90,-41.0" /></mjloggm>