<mjloggm ver="2.3"><GO type="169" lobby="0"/><UN n0="%E6%99%82%E8%A8%88%E5%9D%82%E9%9B%B6" n1="%E6%81%8B%E3%81%AE%E3%81%86%E3%81%9F" n2="%E3%81%A1%E3%82%83%E3%81%B0%E3%82%8A%E3%83%BC%E3%82%84" n3="%E3%81%8A%E3%82%8D%E3%81%BD%E3%82%93%32%E5%8F%B7" dan="16,17,16,17" rate="2161.35,2259.56,2118.32,2190.90" sx="M,M,M,F"/><TAIKYOKU oya="0"/><INIT seed="0,0,0,4,0,39" ten="250,250,250,250" oya="0" hai0="49,95,14,30,91,97,113,120,107,4,100,59,9" hai1="126,13,101,112,40,118,61,134,3,47,76,43,108" hai2="75,128,90,114,23,84,65,60,46,42,26,71,116" hai3="21,44,133,127,86,1,129,55,81,94,79,117,122"/><T105/><D113/><U15/><E3/><V110/><F114/><W130/><G117/><T24/><D120/><U104/><E118/><V124/><F110/><W12/><G1/><T98/><D107/><U58/><E112/><V99/><F116/><W103/><G122/><T50/><REACH who="0" step="1"/><D59/><REACH who="0" ten="240,250,250,250" step="2"/><U96/><E108/><V69/><F69/><W73/><G130/><T19/><D19/><U89/><E58/><V48/><F128/><W111/><G129/><T17/><D17/><U64/><E104/><V56/><F71/><W131/><G131/><T33/><AGARI ba="0,1" hai="4,9,14,24,30,33,49,50,91,95,97,98,100,105" machi="33" ten="20,3900,0" yaku="1,1,0,1,7,1,53,0" doraHai="39" doraHaiUra="132" who="0" fromWho="0" sc="240,49,250,-13,250,-13,250,-13" /><INIT seed="0,1,0,1,2,125" ten="289,237,237,237" oya="0" hai0="105,18,37,126,47,107,58,110,33,27,104,51,111" hai1="0,62,116,115,45,106,89,55,19,77,95,118,134" hai2="30,44,4,1,82,59,88,69,75,74,67,133,120" hai3="92,108,53,71,96,99,14,129,112,76,123,31,121"/><T42/><D126/><U2/><E106/><V20/><F120/><N who="3" m="46155" /><G71/><T25/><D33/><U114/><E77/><V6/><F69/><W21/><G112/><N who="1" m="43050" /><E19/><V61/><F133/><W132/><G132/><T39/><D58/><N who="1" m="35167" /><E45/><V84/><F44/><W63/><G108/><N who="0" m="41515" /><D18/><U101/><E101/><V26/><REACH who="2" step="1"/><F1/><REACH who="2" ten="289,237,227,237" step="2"/><N who="1" m="617" /><E134/><V66/><F66/><W34/><G53/><T40/><D40/><U100/><E100/><V73/><AGARI ba="1,1" hai="4,6,20,26,30,59,61,67,73,74,75,82,84,88" machi="73" ten="30,4000,0" yaku="1,1,0,1,54,1,53,0" doraHai="125" doraHaiUra="98" who="2" fromWho="2" sc="289,-21,237,-11,227,53,237,-11" /><INIT seed="1,0,0,0,4,86" ten="268,226,280,226" oya="1" hai0="15,94,120,98,57,46,62,51,30,124,119,1,69" hai1="21,84,14,66,36,24,4,28,37,108,70,33,25" hai2="38,122,92,59,88,100,125,44,13,48,12,72,101" hai3="104,131,61,50,65,111,55,132,83,16,106,29,63"/><U75/><E75/><V8/><F125/><W58/><G111/><T35/><D1/><U3/><E70/><V123/><F38/><W20/><G131/><T6/><D119/><U113/><E66/><V45/><F72/><W54/><G132/><T97/><D69/><U34/><E36/><V43/><F123/><W103/><G29/><T5/><D124/><U117/><E84/><V82/><F82/><W78/><G55/><T7/><D120/><U2/><E37/><V127/><F122/><W22/><G20/><T93/><D30/><N who="1" m="19655" /><E113/><V135/><F44/><W76/><G63/><T133/><D35/><U85/><E85/><V96/><F135/><W112/><G112/><T39/><D39/><U99/><E99/><V87/><F127/><W116/><G116/><T134/><D134/><U17/><E117/><V31/><F31/><W130/><G130/><T11/><D133/><U102/><E102/><V80/><F59/><W56/><G103/><N who="0" m="60847" /><D46/><U19/><E108/><V105/><F101/><W81/><G83/><T126/><D51/><U0/><E17/><V49/><F49/><W18/><G18/><T67/><D126/><U10/><AGARI ba="0,0" hai="0,2,3,4,10,14,19,21,25,28,34" m="19655" machi="10" ten="30,18000,2" yaku="24,1,35,5" doraHai="86" who="1" fromWho="1" sc="268,-60,226,180,280,-60,226,-60" /><INIT seed="1,1,0,0,2,52" ten="208,406,220,166" oya="1" hai0="118,47,17,31,1,87,13,49,121,96,123,68,22" hai1="104,122,127,135,46,37,10,36,7,84,43,112,134" hai2="110,59,60,76,62,5,23,42,56,69,15,93,27" hai3="125,71,82,91,44,89,132,25,98,54,107,120,21"/><U80/><E112/><V117/><F117/><W106/><G120/><N who="0" m="46155" /><D68/><U94/><E122/><V33/><F69/><W79/><G71/><T111/><D1/><U115/><E115/><V109/><F33/><W58/><G44/><T2/><D2/><U0/><E104/><V32/><F32/><W41/><G41/><T34/><D118/><U100/><E127/><V67/><F42/><W51/><G125/><T65/><D65/><U8/><E8/><V70/><F76/><W28/><G132/><N who="1" m="50730" /><E94/><V50/><F93/><W85/><REACH who="3" step="1"/><G107/><REACH who="3" ten="208,406,220,156" step="2"/><T14/><D47/><U16/><E46/><V77/><F70/><W9/><G9/><T73/><D111/><U108/><E108/><V119/><F119/><W19/><G19/><T78/><D17/><U11/><E43/><V53/><F110/><W114/><G114/><T57/><D31/><U55/><E10/><N who="2" m="4559" /><F109/><W64/><G64/><T4/><D4/><U129/><E7/><V92/><F92/><W18/><G18/><T74/><D96/><U81/><E0/><V133/><F133/><W30/><G30/><T12/><D34/><U101/><E11/><V97/><F97/><W40/><G40/><T126/><D126/><U131/><E16/><N who="2" m="12775" /><F77/><W88/><G88/><T66/><D78/><U99/><E99/><V103/><F103/><AGARI ba="1,1" hai="21,25,28,51,54,58,79,82,85,89,91,98,103,106" machi="103" ten="40,5200,0" yaku="1,1,52,1,53,1" doraHai="52" doraHaiUra="75" who="3" fromWho="2" sc="208,0,406,0,220,-55,156,65" /><INIT seed="2,0,0,0,3,27" ten="208,406,165,221" oya="2" hai0="56,123,0,76,43,85,63,131,97,11,134,37,62" hai1="114,18,59,77,66,69,124,102,15,126,68,120,30" hai2="98,9,133,10,122,130,67,6,119,44,118,7,70" hai3="29,82,128,129,24,51,127,87,110,64,132,19,78"/><V47/><F122/><W75/><G110/><T90/><D123/><U99/><E114/><V17/><F133/><W72/><G132/><T54/><D134/><U93/><E77/><V21/><F130/><N who="3" m="50283" /><G127/><N who="1" m="48682" /><E30/><V71/><F98/><W52/><G19/><T34/><D34/><U113/><E113/><V80/><F17/><W42/><G42/><T73/><D97/><U65/><E59/><V57/><F57/><N who="3" m="32927" /><G64/><N who="1" m="24682" /><E120/><V48/><F80/><W107/><G107/><T111/><D131/><U121/><E121/><V40/><F67/><W103/><G103/><T125/><D125/><U36/><E36/><V46/><F21/><AGARI ba="0,0" hai="21,24,29,72,75,78,82,87" m="32927,50283" machi="21" ten="30,3900,0" yaku="19,1,52,1,54,1" doraHai="27" who="3" fromWho="2" sc="208,0,406,0,165,-39,221,39" /><AGARI ba="0,0" hai="15,18,21,68,69,93,99,102" m="24682,48682" machi="21" ten="30,1000,0" yaku="18,1" doraHai="27" who="1" fromWho="2" sc="208,0,406,10,126,-10,260,0" /><INIT seed="3,0,0,4,3,0" ten="208,416,116,260" oya="3" hai0="11,24,19,17,65,107,15,9,62,46,36,85,87" hai1="135,99,103,34,82,18,30,5,71,31,121,125,8" hai2="129,7,48,91,68,94,131,132,22,111,115,130,53" hai3="118,38,83,114,25,92,95,72,81,26,119,76,52"/><W47/><G114/><T13/><D107/><U102/><E121/><V123/><F115/><W60/><G38/><T86/><D24/><U10/><E71/><V79/><F123/><W50/><G83/><T45/><REACH who="0" step="1"/><D36/><REACH who="0" ten="198,416,116,260" step="2"/><U113/><E113/><V58/><F111/><W128/><G128/><T120/><D120/><U32/><E32/><V73/><F132/><W122/><G122/><T23/><D23/><U89/><E34/><V54/><F22/><W29/><G26/><T100/><D100/><U43/><E103/><V117/><F117/><W1/><G119/><T16/><D16/><U84/><E18/><V27/><F27/><W66/><G118/><T40/><D40/><U4/><E43/><V61/><F68/><AGARI ba="0,1" hai="9,11,13,15,17,19,45,46,62,65,68,85,86,87" machi="68" ten="40,2600,0" yaku="1,1,9,1,53,0" doraHai="0" doraHaiUra="90" who="0" fromWho="2" sc="198,36,416,0,116,-26,260,0" /><INIT seed="4,0,0,2,4,73" ten="234,416,90,260" oya="0" hai0="110,54,34,103,2,133,37,68,113,53,119,98,92" hai1="7,108,25,12,64,10,118,42,52,107,84,39,17" hai2="120,9,87,38,106,24,104,66,70,49,90,124,109" hai3="15,79,43,78,125,102,112,128,74,40,23,28,94"/><T135/><D34/><U76/><E108/><V85/><F109/><W19/><G112/><T36/><D2/><U61/><E107/><V115/><F38/><W63/><G128/><T31/><D31/><U100/><E100/><V117/><F120/><W26/><G74/><T126/><D110/><U65/><E42/><N who="3" m="15914" /><G125/><T22/><D22/><N who="1" m="13519" /><E39/><V83/><F115/><W81/><G81/><T121/><D113/><U82/><E118/><V16/><F124/><W47/><G47/><T69/><D126/><U96/><E96/><V46/><F117/><W105/><G105/><T129/><D119/><U35/><E35/><V30/><F87/><W13/><G63/><T0/><D0/><U72/><E72/><V1/><F1/><W51/><G51/><T123/><D98/><U56/><AGARI ba="0,0" hai="7,10,12,52,56,61,64,65,76,82,84" m="13519" machi="56" ten="30,4000,0" yaku="8,1,52,1,54,1" doraHai="73" who="1" fromWho="1" sc="234,-20,416,40,90,-10,260,-10" /><INIT seed="5,0,0,1,4,78" ten="214,456,80,250" oya="1" hai0="77,115,95,15,85,130,46,96,128,20,10,134,112" hai1="48,5,22,118,107,19,110,68,32,58,44,116,105" hai2="111,64,101,94,104,37,23,0,38,3,92,91,88" hai3="63,97,25,34,126,117,12,76,132,99,43,8,121"/><U14/><E68/><V75/><F111/><W52/><G121/><T62/><D134/><U47/><E32/><V13/><F75/><W42/><G132/><T16/><D62/><U28/><E28/><V60/><F104/><W40/><G126/><T120/><D46/><U87/><E44/><V93/><F101/><W86/><G34/><T50/><D50/><U83/><E5/><V7/><F0/><W102/><G25/><T133/><D133/><U135/><E58/><V74/><F74/><W123/><G123/><T89/><D10/><U124/><E124/><V4/><F3/><W29/><G29/><T59/><D59/><U21/><E21/><V71/><F4/><W80/><G117/><T106/><D120/><U51/><E51/><V49/><F49/><W2/><G2/><T65/><D65/><U54/><E135/><V33/><F33/><W131/><G131/><N who="0" m="50219" /><D106/><U67/><E67/><V35/><F35/><W73/><G73/><T18/><D18/><U45/><E45/><V70/><F70/><W114/><G114/><N who="0" m="43563" /><D77/><U109/><E107/><V72/><F72/><W100/><G63/><T103/><D103/><N who="3" m="39465" /><G52/><T84/><AGARI ba="0,0" hai="15,16,20,84,85,89,95,96" m="43563,50219" machi="84" ten="40,5200,0" yaku="19,1,15,1,54,1" doraHai="78" who="0" fromWho="0" sc="214,52,456,-26,80,-13,250,-13" /><INIT seed="6,0,0,5,0,30" ten="266,430,67,237" oya="2" hai0="115,65,82,47,109,114,132,15,48,17,126,16,24" hai1="11,84,78,99,29,101,120,117,83,8,70,92,26" hai2="69,124,9,128,31,104,77,135,90,122,127,72,39" hai3="96,113,60,45,85,79,107,41,51,40,66,108,81"/><V121/><F69/><W87/><G108/><T3/><D3/><U134/><E134/><V6/><F39/><W105/><G113/><N who="0" m="43019" /><D109/><U2/><E117/><V54/><F135/><W71/><G40/><T119/><D132/><U50/><E2/><V7/><F104/><W98/><G107/><T44/><D119/><U130/><E130/><V89/><F128/><W133/><G133/><T58/><D126/><N who="2" m="48170" /><F54/><W64/><G64/><T10/><D82/><U21/><E70/><V4/><F9/><W75/><G105/><T0/><D0/><U18/><E120/><N who="2" m="46187" /><F31/><W36/><G36/><T34/><D17/><U52/><E18/><V28/><F28/><W62/><G62/><N who="0" m="38103" /><D48/><U110/><E110/><V55/><F55/><W93/><G98/><T63/><D63/><U91/><E101/><AGARI ba="0,0" hai="41,45,51,60,66,71,75,79,81,85,87,93,96,101" machi="101" ten="30,1000,0" yaku="7,1" doraHai="30" who="3" fromWho="1" sc="266,0,430,-10,67,0,237,10" /><INIT seed="7,0,0,4,0,80" ten="266,420,67,247" oya="3" hai0="100,102,46,45,42,21,57,10,135,128,72,20,33" hai1="24,5,60,121,108,51,4,107,43,77,119,31,111" hai2="110,56,96,99,82,61,48,134,85,37,15,30,74" hai3="113,64,71,90,68,6,66,129,130,23,1,65,12"/><W95/><G1/><T81/><D33/><U9/><E107/><V127/><F134/><W55/><G113/><T125/><D135/><U13/><E121/><V16/><F127/><W97/><G55/><T32/><D32/><U117/><E77/><V84/><F110/><N who="1" m="42025" /><E51/><V114/><F114/><W116/><G116/><N who="1" m="44618" /><E43/><V132/><F132/><W115/><G115/><T101/><D10/><U25/><E60/><V8/><F37/><W0/><G0/><T78/><D128/><U2/><E31/><V87/><F30/><W50/><G50/><T59/><D125/><U92/><E92/><V27/><F27/><N who="1" m="10313" /><E2/><V36/><F36/><W120/><G120/><T83/><D101/><U75/><E75/><V133/><F133/><W58/><G58/><T109/><D109/><U52/><E52/><N who="2" m="33927" /><F74/><W63/><G63/><T44/><D44/><U73/><E73/><V69/><F69/><W14/><G71/><T106/><D72/><U122/><E122/><V28/><F28/><W3/><G68/><T123/><D123/><U76/><E76/><N who="2" m="46151" /><F48/><W41/><G41/><T67/><D42/><U118/><E118/><V88/><F85/><W62/><G62/><T29/><D29/><U79/><E79/><V94/><AGARI ba="0,0" hai="8,15,16,87,88,94,96,99" m="46151,33927" machi="94" ten="30,12000,2" yaku="8,1,52,2,54,3" doraHai="80" who="2" fromWho="2" sc="266,-30,420,-30,67,120,247,-60" owari="236,3.6,390,49.0,187,-21.3,187,-31.3" /></mjloggm>