<mjloggm ver="2.3"><GO type="169" lobby="0"/><UN n0="%43%65%6C%65%73%54%65" n1="%4E%6F%73%75%6B%65" n2="%E3%81%9F%E3%81%AA%E3%81%8B%E6%95%99%E7%A5%96" n3="%E3%81%82%E3%81%8B%E3%82%8A%E3%82%8D%E3%82%93" dan="16,16,17,16" rate="2123.94,2129.24,2169.15,2168.73" sx="M,M,M,F"/><TAIKYOKU oya="0"/><INIT seed="0,0,0,0,5,2" ten="250,250,250,250" oya="0" hai0="111,78,36,128,56,18,125,64,52,80,68,115,22" hai1="14,132,25,119,114,11,66,26,102,31,9,21,48" hai2="83,94,123,108,1,32,135,6,89,109,79,62,112" hai3="116,75,35,120,107,53,28,74,54,99,100,30,126"/><T121/><D115/><U82/><E119/><V92/><F112/><W96/><G116/><T134/><D121/><U51/><E114/><V55/><F123/><W8/><G120/><T98/><D125/><U33/><E132/><V46/><F32/><W73/><G126/><T43/><D134/><U84/><E66/><V19/><F135/><W3/><G96/><T42/><D128/><U63/><E63/><V71/><F19/><W69/><G69/><T110/><D64/><U129/><E129/><V76/><F71/><W39/><G39/><T113/><D98/><U104/><E102/><V105/><F105/><W117/><G117/><T101/><D101/><U130/><E104/><V12/><F1/><W87/><G87/><N who="0" m="48535" /><D68/><U23/><E130/><V40/><F92/><W45/><G35/><T4/><D4/><N who="1" m="3367" /><E11/><N who="2" m="4215" /><F62/><W70/><G70/><T15/><D36/><U77/><E33/><V95/><F55/><W57/><G53/><T88/><D113/><U13/><E13/><V37/><F95/><W72/><G72/><T47/><D47/><U133/><E133/><V34/><F83/><W50/><G45/><T24/><D15/><U16/><AGARI ba="0,0" hai="16,21,23,25,26,31,48,51,77,82,84" m="3367" machi="16" ten="30,4000,0" yaku="8,1,52,1,54,1" doraHai="2" who="1" fromWho="1" sc="250,-20,250,40,250,-10,250,-10" /><INIT seed="1,0,0,5,2,120" ten="230,290,240,240" oya="1" hai0="89,90,118,58,105,0,103,106,117,84,47,99,112" hai1="6,134,131,27,55,70,67,16,123,22,119,87,65" hai2="54,59,21,24,25,48,1,98,74,49,20,36,76" hai3="66,126,86,82,9,107,53,111,77,73,88,51,95"/><U3/><E123/><V69/><F36/><W61/><G126/><T28/><D0/><U34/><E119/><N who="0" m="45577" /><D28/><U63/><E131/><V80/><F1/><W93/><G107/><N who="0" m="63999" /><D47/><U15/><E134/><V14/><F69/><W50/><G111/><T19/><D19/><U129/><E129/><V110/><F110/><W26/><G95/><T40/><D40/><U78/><E3/><V79/><F79/><W81/><G93/><T122/><D58/><N who="1" m="35295" /><E34/><V46/><F98/><W30/><G53/><T133/><D122/><U11/><E70/><V109/><F109/><W64/><G9/><T102/><D112/><U96/><E96/><V124/><F124/><W45/><G45/><T115/><D115/><U52/><E52/><V42/><REACH who="2" step="1"/><F14/><REACH who="2" ten="230,290,230,240" step="2"/><W41/><G41/><T23/><D133/><U56/><E56/><V7/><F7/><W39/><G39/><T104/><D106/><U33/><E33/><V38/><F38/><W94/><G64/><T17/><D104/><U5/><E6/><V85/><F85/><W32/><REACH who="3" step="1"/><G81/><AGARI ba="0,1" hai="5,11,15,16,22,27,65,67,78,81,87" m="35295" machi="81" ten="30,2900,0" yaku="8,1,54,1" doraHai="120" who="1" fromWho="3" sc="230,0,290,39,230,0,240,-29" /><INIT seed="1,1,0,4,0,40" ten="230,329,230,211" oya="1" hai0="66,91,71,37,79,80,61,86,118,20,127,39,34" hai1="63,15,30,82,94,25,113,9,50,11,14,12,23" hai2="129,18,43,120,21,41,59,58,32,100,89,5,105" hai3="77,114,47,78,122,95,98,48,8,117,115,1,92"/><U90/><E113/><V132/><F32/><W7/><G122/><T126/><D118/><U111/><E111/><V124/><F120/><W19/><G117/><T108/><D108/><U44/><E63/><V130/><F5/><W69/><G69/><T64/><D34/><U103/><E82/><V28/><F28/><W2/><G2/><T16/><D66/><U131/><E103/><V42/><F124/><N who="0" m="47658" /><D91/><U55/><REACH who="1" step="1"/><E131/><REACH who="1" ten="230,319,230,211" step="2"/><V62/><F100/><W0/><G114/><T83/><D83/><U96/><AGARI ba="1,1" hai="9,11,12,14,15,23,25,30,44,50,55,90,94,96" machi="96" ten="30,12000,1" yaku="1,1,2,1,0,1,8,1,52,1,53,0" doraHai="40" doraHaiUra="81" who="1" fromWho="1" sc="230,-41,319,133,230,-41,211,-41" /><INIT seed="1,2,0,0,2,86" ten="189,452,189,170" oya="1" hai0="48,122,49,54,83,25,112,53,133,132,23,19,26" hai1="59,73,95,29,22,28,126,6,62,116,85,128,13" hai2="56,102,14,91,45,52,100,40,84,47,119,63,15" hai3="30,105,61,5,94,10,72,118,111,24,93,67,110"/><U66/><E116/><V107/><F119/><W77/><G105/><T34/><D112/><U97/><E73/><V104/><F104/><W42/><G42/><T120/><D83/><U109/><E128/><V96/><F102/><W75/><G118/><T90/><D34/><U99/><E126/><V130/><F130/><W101/><G101/><T9/><D9/><U87/><E109/><N who="3" m="41482" /><G77/><T123/><D90/><N who="1" m="53711" /><E87/><V134/><F134/><N who="0" m="51818" /><D19/><N who="1" m="10607" /><E6/><V106/><F106/><W58/><G72/><T115/><D23/><U3/><E3/><V68/><F68/><W113/><G75/><T32/><D32/><U20/><E29/><V71/><F71/><W114/><G113/><T11/><D11/><U37/><E37/><V108/><F47/><W78/><G78/><T69/><D69/><U124/><E124/><V21/><F21/><N who="3" m="15631" /><G114/><T1/><D1/><AGARI ba="2,0" hai="1,5,10,58,61,67,93,94" m="15631,41482" machi="1" ten="30,1000,0" yaku="14,1" doraHai="86" who="3" fromWho="0" sc="189,-16,452,0,189,0,170,16" /><INIT seed="2,0,0,4,4,61" ten="173,452,189,186" oya="2" hai0="72,96,97,41,93,13,123,3,1,126,84,111,67" hai1="53,62,5,86,51,22,11,0,81,45,89,71,134" hai2="57,70,83,78,64,106,128,77,112,40,110,24,109" hai3="82,31,91,39,125,55,113,101,33,14,15,20,127"/><V12/><F112/><W21/><G39/><T56/><D123/><U103/><E134/><V58/><F106/><W133/><G101/><T121/><D121/><U17/><E103/><V122/><F122/><W8/><G133/><T79/><D72/><U46/><E71/><V29/><F128/><W116/><G116/><T6/><D111/><N who="2" m="42506" /><F12/><W54/><G113/><T59/><D126/><N who="3" m="48137" /><G33/><T98/><D41/><U32/><E32/><N who="2" m="20519" /><F40/><W119/><G119/><T37/><D37/><U117/><E117/><V63/><F78/><W23/><G31/><T27/><D27/><U104/><E104/><V4/><F4/><N who="3" m="3335" /><G15/><T132/><D132/><U7/><E7/><V18/><F18/><W114/><G114/><T10/><D1/><U73/><E5/><V43/><F43/><W76/><G91/><N who="0" m="53479" /><D3/><U130/><E89/><V16/><F16/><W38/><G38/><T2/><D2/><U66/><E17/><V74/><AGARI ba="0,0" hai="57,58,63,64,70,74,77,83" m="20519,42506" machi="74" ten="30,6000,0" yaku="14,1,10,1,52,1" doraHai="61" who="2" fromWho="2" sc="173,-20,452,-20,189,60,186,-20" /><INIT seed="2,1,0,4,2,23" ten="153,432,249,166" oya="2" hai0="12,40,80,43,53,72,69,70,102,36,42,133,65" hai1="86,18,14,31,4,124,20,32,77,68,120,24,33" hai2="55,7,47,87,114,117,127,8,91,51,62,107,79" hai3="126,50,125,64,25,2,54,37,115,135,134,93,52"/><V118/><F114/><W22/><G2/><T78/><D102/><U101/><E68/><V106/><F127/><N who="3" m="48651" /><G37/><T60/><D133/><N who="3" m="50697" /><G115/><T34/><D34/><N who="1" m="20839" /><E101/><V26/><F79/><W110/><G110/><T73/><D73/><U16/><E124/><V111/><F111/><W61/><G93/><T11/><D53/><U95/><E120/><V103/><F62/><W56/><G50/><T85/><D70/><U96/><E96/><V45/><F45/><W6/><G6/><T119/><D119/><U116/><E95/><V1/><F103/><W128/><G128/><T131/><D131/><U5/><E86/><V35/><F117/><W71/><G71/><T67/><D72/><U88/><E77/><V76/><F76/><W113/><G113/><T97/><D97/><U41/><E88/><V105/><F118/><W130/><G130/><T94/><D94/><U83/><E83/><V46/><F46/><W109/><G109/><T17/><D36/><U92/><E92/><V75/><F75/><W108/><G108/><T89/><D78/><U44/><E44/><V0/><F0/><W84/><G84/><T29/><D69/><U19/><E41/><V58/><F47/><W66/><G64/><T129/><D129/><U10/><E116/><V59/><F59/><W48/><G48/><T99/><D99/><U28/><E5/><V104/><F104/><W27/><G27/><AGARI ba="1,0" hai="4,10,14,16,18,19,20,27,28,32,33" m="20839" machi="27" ten="30,16000,3" yaku="35,5,52,2,54,1" doraHai="23" who="1" fromWho="3" sc="153,0,432,163,249,0,166,-163" /><INIT seed="3,0,0,2,3,9" ten="153,595,249,3" oya="3" hai0="65,127,67,36,106,56,33,98,115,132,26,13,22" hai1="103,93,114,117,124,81,41,95,61,86,77,40,92" hai2="17,88,72,44,125,5,59,53,128,63,50,28,91" hai3="79,87,107,96,68,75,11,4,118,42,55,104,51"/><W83/><G118/><T131/><D131/><U30/><E114/><V85/><F128/><W116/><G116/><T66/><D127/><U99/><E124/><V113/><F125/><W121/><G121/><T24/><D132/><U46/><E117/><V25/><F113/><W62/><G75/><T129/><D129/><U97/><E30/><V60/><F72/><W29/><G29/><T7/><D36/><U48/><E41/><V119/><F119/><W74/><G74/><T102/><D115/><U126/><E126/><V122/><F122/><W54/><G54/><T16/><D7/><U8/><E99/><V38/><F38/><W80/><G80/><T57/><D33/><U2/><E61/><V108/><F5/><W21/><G21/><T120/><D120/><U34/><E34/><V130/><F130/><W0/><G96/><T69/><D69/><U27/><E27/><V70/><F70/><W135/><G135/><T43/><D43/><U84/><E84/><V45/><F63/><W3/><G0/><T15/><REACH who="0" step="1"/><D26/><REACH who="0" ten="143,595,249,3" step="2"/><U105/><E40/><N who="2" m="24839" /><F25/><W6/><G6/><T31/><D31/><U78/><E103/><V10/><F28/><W23/><G23/><T19/><D19/><U64/><E97/><V18/><F17/><W123/><G123/><T134/><D134/><U112/><E112/><V37/><F18/><W111/><G111/><T32/><D32/><U82/><E105/><V49/><F108/><W109/><G109/><T1/><D1/><U133/><E2/><V14/><F37/><W90/><G79/><T52/><D52/><N who="1" m="29719" /><E133/><V94/><F53/><RYUUKYOKU ba="0,1" sc="143,30,595,-10,249,-10,3,-10" hai0="13,15,16,22,24,56,57,65,66,67,98,102,106" owari="173,-22.7,595,69.5,239,3.9,-7,-50.7" /></mjloggm>