<mjloggm ver="2.3"><GO type="225" lobby="0"/><UN n0="%E6%A1%9C%E8%8A%B1%E9%96%83%E3%80%85" n1="%E3%83%A9%E3%82%B9%E7%8E%87%EF%BC%93%E5%89%B2" n2="%E3%81%82%E3%81%84%E3%81%82%E3%81%8A%E3%81%84" n3="%E7%B4%94%E6%BD%94%E3%83%94%E3%83%A9%E3%83%8B%E3%82%A2" dan="16,17,18,16" rate="2200.92,2192.19,2265.87,2215.07" sx="M,F,M,M"/><TAIKYOKU oya="0"/><INIT seed="0,0,0,4,5,91" ten="250,250,250,250" oya="0" hai0="112,84,66,127,105,19,122,8,108,61,23,123,109" hai1="93,67,54,65,17,10,18,60,42,98,25,9,27" hai2="77,97,74,111,117,68,87,81,71,132,134,30,13" hai3="51,110,73,72,116,21,63,32,29,107,92,37,101"/><T59/><D105/><U49/><E42/><V104/><F111/><N who="0" m="42570" /><D112/><U47/><E18/><V83/><F30/><W22/><G107/><T126/><D8/><U1/><E1/><V94/><F13/><W99/><G37/><T11/><D11/><U64/><E60/><V124/><F104/><W88/><G116/><T34/><D34/><U24/><REACH who="1" step="1"/><E17/><REACH who="1" ten="250,240,250,250" step="2"/><V95/><F117/><W118/><G63/><T76/><D123/><U44/><E44/><V35/><F68/><W133/><G118/><T129/><D122/><U6/><E6/><V36/><F71/><W96/><G110/><T38/><D38/><U40/><E40/><V114/><F36/><W16/><G51/><T79/><D129/><U70/><E70/><V3/><F3/><W62/><G62/><T41/><D41/><U103/><AGARI ba="0,1" hai="9,10,24,25,27,47,49,54,64,65,67,93,98,103" machi="103" ten="30,7900,0" yaku="1,1,0,1,8,1,52,1,53,0" doraHai="91" doraHaiUra="2" who="1" fromWho="1" sc="250,-39,240,89,250,-20,250,-20" /><INIT seed="1,0,0,3,0,28" ten="211,329,230,230" oya="1" hai0="69,123,47,51,73,12,36,102,2,76,103,21,117" hai1="98,54,109,17,96,110,119,80,115,35,8,131,125" hai2="128,86,9,15,84,22,66,59,50,68,46,111,45" hai3="79,93,34,130,77,132,106,23,14,31,11,29,116"/><U62/><E115/><V97/><F111/><N who="1" m="42505" /><E119/><V101/><F128/><W100/><G106/><T91/><D69/><U118/><E118/><V13/><F68/><W112/><G132/><T120/><D2/><U71/><E80/><V87/><F22/><W92/><G112/><T38/><D91/><U127/><E131/><V124/><F124/><N who="1" m="47689" /><E35/><V135/><F135/><W41/><G34/><T81/><D117/><U58/><E71/><V64/><F15/><AGARI ba="0,0" hai="8,15,17,54,58,62,96,98" m="47689,42505" machi="15" ten="30,5800,0" yaku="14,1,10,1,18,1" doraHai="28" who="1" fromWho="2" sc="211,0,329,58,230,-58,230,0" /><INIT seed="1,1,0,1,5,75" ten="211,387,172,230" oya="1" hai0="73,81,116,119,127,14,34,98,60,43,3,129,21" hai1="69,38,67,65,102,87,51,97,24,115,92,19,108" hai2="133,111,120,47,41,93,22,72,18,83,113,49,86" hai3="23,88,35,130,52,132,1,58,13,8,37,107,118"/><U50/><E38/><V70/><F120/><W45/><G107/><T89/><D34/><U71/><E115/><V95/><F111/><W128/><G35/><T57/><D3/><U17/><E108/><V5/><F133/><W30/><G132/><T16/><D127/><U63/><E87/><V123/><F123/><W59/><G118/><T32/><D32/><U76/><E24/><V80/><F70/><W104/><G104/><T33/><D33/><U85/><E51/><V4/><F113/><W96/><G1/><T55/><D129/><N who="3" m="49769" /><G23/><T26/><D43/><U66/><E50/><V44/><F44/><W11/><G30/><T62/><D14/><U134/><E134/><V0/><F72/><W79/><G79/><N who="0" m="44271" /><D60/><U53/><E53/><V84/><F0/><W106/><G106/><T9/><D9/><U25/><E25/><V68/><F68/><W10/><G13/><T124/><D124/><U40/><E40/><V77/><F95/><AGARI ba="1,0" hai="16,21,26,55,57,62,89,95,98,116,119" m="44271" machi="95" ten="30,3900,0" yaku="25,1,52,1,54,1" doraHai="75" who="0" fromWho="2" sc="211,42,387,0,172,-42,230,0" /><INIT seed="2,0,0,4,5,123" ten="253,387,130,230" oya="2" hai0="41,130,40,14,28,113,87,117,34,121,2,20,46" hai1="11,4,56,59,5,31,47,48,107,36,98,39,96" hai2="69,6,93,15,114,105,104,95,9,0,90,10,18" hai3="21,122,134,64,33,12,30,116,17,76,23,133,103"/><V45/><F69/><W19/><G103/><T42/><D121/><U22/><E107/><V50/><F114/><W25/><G76/><T49/><D2/><U129/><E129/><V75/><F75/><W32/><G64/><T125/><D113/><U85/><E85/><V100/><F100/><W38/><G38/><T106/><D106/><U63/><E56/><V132/><F95/><W91/><G91/><T94/><D125/><U54/><E39/><V72/><F72/><W24/><G122/><T62/><D117/><U120/><E36/><V78/><F78/><W13/><G30/><T70/><D34/><U97/><E11/><V29/><F29/><W58/><G58/><T83/><D94/><U80/><E80/><V37/><F37/><W74/><G74/><T119/><D130/><U131/><E131/><V108/><F132/><W61/><G61/><T52/><D119/><AGARI ba="0,0" hai="12,13,17,19,21,23,24,25,32,33,116,119,133,134" machi="119" ten="25,8000,1" yaku="22,2,34,3" doraHai="123" who="3" fromWho="0" sc="253,-80,387,0,130,0,230,80" /><INIT seed="3,0,0,3,0,134" ten="173,387,130,310" oya="3" hai0="52,127,37,33,15,12,128,23,93,130,45,97,58" hai1="84,92,26,120,90,39,44,55,64,83,81,133,70" hai2="72,6,60,57,0,53,117,68,31,135,66,30,78" hai3="111,118,13,126,121,114,10,86,108,67,101,100,56"/><W103/><G114/><T125/><D33/><U22/><E120/><V69/><F117/><W73/><G73/><T122/><D122/><U28/><E133/><V20/><F135/><W32/><G32/><T21/><D21/><U51/><E39/><V98/><F69/><W95/><G121/><T65/><D65/><U105/><E105/><V110/><F110/><N who="3" m="42027" /><G118/><T75/><D75/><U107/><E107/><V1/><F6/><N who="3" m="3287" /><G126/><N who="0" m="48139" /><D45/><U7/><E7/><V46/><F46/><W14/><G14/><N who="0" m="5163" /><D37/><U109/><E109/><V102/><F20/><W16/><G16/><T113/><D23/><U106/><E106/><V80/><F0/><W48/><G67/><T88/><D113/><U2/><E2/><V79/><F1/><W41/><G41/><T43/><D43/><U74/><E74/><V19/><F19/><W123/><G123/><T59/><D59/><U42/><E42/><V112/><F112/><W131/><G131/><T36/><D36/><U24/><E24/><V63/><REACH who="2" step="1"/><F79/><REACH who="2" ten="173,387,120,310" step="2"/><W91/><G56/><T116/><D116/><U71/><E70/><V76/><F76/><W17/><G17/><T87/><D97/><U25/><E25/><V99/><F99/><W34/><G34/><T85/><D85/><U77/><E77/><V96/><F96/><W40/><G40/><T5/><D5/><U3/><E3/><V35/><F35/><W129/><G129/><T132/><D132/><U38/><E38/><V8/><F8/><W94/><G86/><T29/><D29/><U89/><E71/><V115/><F115/><W4/><G4/><T104/><D130/><RYUUKYOKU ba="0,1" sc="173,-10,387,-10,120,30,310,-10" hai2="30,31,53,57,60,63,66,68,72,78,80,98,102" owari="163,-23.7,387,48.7,150,-35.0,300,10.0" /></mjloggm>