<mjloggm ver="2.3"><GO type="169" lobby="0"/><UN n0="%E3%82%88%E3%82%8D%E3%81%97%E3%81%8F%E3%81%A7%E3%81%99%E2%99%AA" n1="%E5%A4%A9%E6%89%8D%E9%BA%BB%E5%B0%86%E6%99%BA%E4%B9%83" n2="%E8%B5%A4%E5%BA%A7%E3%81%82%E3%81%8B%E3%82%8A%45%58" n3="%E3%82%82%E3%81%BF%E3%81%95%E3%81%92" dan="17,16,16,16" rate="2198.19,2163.60,2132.16,2150.69" sx="F,M,M,M"/><TAIKYOKU oya="0"/><INIT seed="0,0,0,2,4,54" ten="250,250,250,250" oya="0" hai0="98,100,42,114,15,21,106,4,126,7,103,29,13" hai1="45,130,132,12,99,3,39,41,33,111,102,71,115" hai2="131,19,119,31,6,75,67,120,78,60,93,74,70" hai3="40,24,43,1,48,8,0,35,30,64,23,107,49"/><T38/><D114/><U69/><E3/><V94/><F120/><W113/><G113/><T123/><D123/><U66/><E115/><V122/><F122/><W105/><G35/><T121/><D121/><U116/><E116/><V20/><F119/><W27/><G64/><T56/><D126/><U52/><E33/><V82/><F131/><W86/><G8/><T79/><D79/><U36/><E36/><V88/><F75/><W65/><G65/><T72/><D72/><U76/><E111/><V2/><F31/><W129/><G86/><T34/><D34/><U112/><E130/><V91/><F6/><W62/><G62/><T28/><D42/><U83/><E66/><V14/><REACH who="2" step="1"/><F2/><REACH who="2" ten="250,250,240,250" step="2"/><W47/><G129/><T32/><D29/><U55/><E112/><V104/><F104/><W124/><G30/><T18/><D28/><U89/><E132/><V57/><F57/><W125/><G47/><T46/><D46/><U95/><E71/><V108/><F108/><W5/><G5/><T73/><D7/><U59/><E69/><V90/><AGARI ba="0,1" hai="14,19,20,60,67,70,74,78,82,88,90,91,93,94" machi="90" ten="30,7900,0" yaku="1,1,0,1,54,1,53,1" doraHai="54" doraHaiUra="11" who="2" fromWho="2" sc="250,-39,250,-20,240,89,250,-20" /><INIT seed="1,0,0,3,3,68" ten="211,230,329,230" oya="1" hai0="3,27,46,83,95,75,74,114,80,79,77,99,26" hai1="110,38,106,73,18,96,25,103,132,51,69,61,31" hai2="124,20,12,64,2,67,71,134,107,15,16,30,17" hai3="6,115,113,9,24,5,84,76,41,122,85,36,105"/><U120/><E120/><V93/><F107/><W28/><G122/><T10/><D114/><U88/><E132/><V101/><F2/><W118/><G118/><T100/><REACH who="0" step="1"/><D46/><REACH who="0" ten="201,230,329,230" step="2"/><U129/><E129/><V48/><F134/><W22/><G113/><T58/><D58/><U135/><E135/><V13/><F71/><W60/><G115/><T82/><D82/><U131/><E69/><V37/><F67/><W66/><G66/><T92/><D92/><U128/><E128/><V125/><F64/><W32/><G105/><T57/><D57/><U1/><E131/><V98/><F93/><W65/><G65/><T11/><D11/><U47/><E106/><V42/><F124/><W133/><G9/><T0/><D0/><U55/><E47/><V86/><F125/><W111/><G133/><T34/><D34/><U4/><E1/><V70/><F70/><W116/><G32/><T72/><D72/><U45/><E73/><V50/><F20/><W39/><G22/><T14/><D14/><U19/><E45/><V104/><F12/><W59/><G59/><T130/><D130/><U119/><E119/><V78/><F13/><W56/><G56/><T123/><D123/><U44/><E44/><V81/><F15/><W52/><G116/><T40/><D40/><U23/><E23/><V87/><F81/><W90/><G41/><T117/><D117/><U127/><E127/><V63/><F104/><W54/><G60/><T7/><AGARI ba="0,1" hai="3,7,10,26,27,74,75,77,79,80,83,95,99,100" machi="7" ten="30,4000,0" yaku="1,1,0,1,9,1,53,0" doraHai="68" doraHaiUra="62" who="0" fromWho="0" sc="201,50,230,-20,329,-10,230,-10" /><INIT seed="2,0,0,0,1,92" ten="251,210,319,220" oya="2" hai0="94,119,20,74,50,128,47,103,98,33,4,75,109" hai1="105,86,64,124,108,111,48,1,59,132,27,133,130" hai2="15,131,78,53,57,0,56,127,18,19,10,113,12" hai3="121,76,38,30,11,106,14,16,80,107,5,21,125"/><V88/><F113/><W71/><G121/><T13/><D33/><U72/><E72/><V123/><F123/><W60/><G38/><T118/><D109/><N who="1" m="42059" /><E1/><V104/><F104/><W37/><G37/><T84/><D128/><U102/><E130/><V135/><F131/><W120/><G120/><T134/><D134/><N who="1" m="51819" /><E124/><V25/><F135/><W7/><G125/><T51/><D51/><U110/><E110/><V23/><F0/><W44/><G30/><T41/><D84/><U55/><E64/><V114/><F114/><W73/><G44/><T69/><D69/><U90/><E27/><V62/><F127/><W8/><G8/><T61/><D61/><U6/><E6/><V126/><F78/><W83/><G83/><T46/><D46/><U24/><E24/><V112/><F112/><W89/><G89/><T22/><D22/><U81/><E102/><V45/><F126/><W82/><G82/><T68/><D68/><U100/><E100/><V70/><F70/><W32/><G32/><T42/><D42/><U40/><E40/><V35/><F35/><W58/><G71/><T99/><D4/><U3/><E3/><V52/><F45/><W93/><G5/><T79/><D75/><U85/><E85/><V28/><F57/><W26/><REACH who="3" step="1"/><G93/><REACH who="3" ten="251,210,319,210" step="2"/><T31/><D94/><U91/><E105/><V87/><F28/><W96/><G96/><T95/><D99/><U17/><E17/><V117/><F19/><W34/><G34/><T49/><D98/><U97/><E97/><V77/><F18/><W29/><G29/><T116/><D31/><U122/><E122/><RYUUKYOKU ba="0,1" sc="251,-15,210,15,319,-15,210,15" hai1="48,55,59,81,86,90,91" hai3="7,11,14,16,21,26,58,60,73,76,80,106,107" /><INIT seed="3,1,1,2,4,104" ten="236,225,304,225" oya="3" hai0="1,40,101,94,127,130,42,111,2,25,4,13,20" hai1="119,65,12,113,19,82,83,125,88,58,31,34,3" hai2="108,110,27,123,77,134,66,131,0,70,120,52,16" hai3="86,79,96,8,47,73,11,129,90,92,62,95,78"/><W9/><G129/><T37/><D111/><N who="2" m="42538" /><F0/><W39/><G62/><T35/><D127/><U99/><E3/><V22/><F131/><W87/><G39/><T38/><D130/><U105/><E113/><V55/><F134/><W44/><G73/><T57/><D35/><U81/><E125/><V85/><F66/><W54/><G54/><N who="2" m="20521" /><F70/><W56/><G56/><T17/><D57/><U98/><E119/><V71/><F71/><W26/><G26/><T135/><D135/><U76/><E105/><V36/><F36/><W103/><REACH who="3" step="1"/><G87/><REACH who="3" ten="236,225,304,215" step="2"/><T109/><D38/><U5/><E58/><V124/><F124/><W97/><G97/><T91/><D37/><U93/><E99/><V107/><F107/><W33/><G33/><T89/><D109/><U10/><E65/><V64/><F64/><W121/><G121/><N who="2" m="46665" /><F85/><W7/><G7/><T102/><D4/><U80/><E5/><V24/><F77/><AGARI ba="1,2" hai="8,9,11,44,47,77,78,79,86,90,92,95,96,103" machi="77" ten="40,3900,0" yaku="1,1,8,1,53,0" doraHai="104" doraHaiUra="48" who="3" fromWho="2" sc="236,0,225,0,304,-42,215,62" /><INIT seed="3,2,0,5,0,105" ten="236,225,262,277" oya="3" hai0="18,28,54,114,14,53,65,26,121,9,25,34,70" hai1="123,39,91,8,58,49,15,77,2,119,46,116,37" hai2="131,135,88,128,75,55,124,30,134,63,127,76,35" hai3="59,47,107,61,95,133,94,126,62,108,100,45,82"/><W48/><G107/><T68/><D121/><U32/><E123/><V98/><F35/><W67/><G126/><N who="2" m="48169" /><F30/><W57/><G133/><N who="2" m="50697" /><F55/><W16/><G82/><T92/><D114/><U64/><E2/><V5/><F5/><W43/><G108/><T69/><D65/><U4/><E32/><V24/><F24/><W42/><G100/><T6/><D92/><U111/><E111/><V110/><F63/><W103/><G103/><T31/><REACH who="0" step="1"/><D6/><REACH who="0" ten="226,225,262,277" step="2"/><U112/><E112/><V79/><F110/><W1/><G95/><T40/><D40/><U80/><E64/><V56/><F56/><W106/><G94/><T72/><D72/><U66/><E58/><V117/><F117/><W60/><G106/><T118/><D118/><U104/><E66/><V102/><F75/><W89/><G67/><T23/><AGARI ba="2,1" hai="9,14,18,23,25,26,28,31,34,53,54,68,69,70" machi="23" ten="30,2000,0" yaku="1,1,0,1,53,0" doraHai="105" doraHaiUra="97" who="0" fromWho="0" sc="226,36,225,-7,262,-7,277,-12" /><INIT seed="4,0,0,0,0,2" ten="262,218,255,265" oya="0" hai0="129,22,47,117,119,121,63,10,93,38,14,102,23" hai1="110,116,120,33,105,82,90,37,114,79,54,58,65" hai2="25,40,76,97,46,77,67,19,92,99,85,21,104" hai3="6,0,113,41,29,11,36,44,128,64,89,95,24"/><T12/><D121/><U13/><E110/><V4/><F67/><W27/><G113/><T35/><D35/><U1/><E1/><V133/><F133/><W34/><G128/><T55/><D129/><U45/><E120/><V39/><F4/><W125/><G125/><T48/><D38/><U135/><E116/><V49/><F39/><W61/><G29/><T96/><D63/><U66/><E33/><V109/><F109/><W84/><REACH who="3" step="1"/><G34/><REACH who="3" ten="262,218,255,255" step="2"/><T78/><D78/><N who="2" m="30314" /><F104/><W51/><G51/><T108/><D108/><U31/><E105/><V126/><F126/><W74/><G74/><T130/><D130/><U94/><E114/><V103/><F103/><W68/><AGARI ba="0,1" hai="0,6,11,24,27,36,41,44,61,64,68,84,89,95" machi="68" ten="20,8000,1" yaku="1,1,0,1,7,1,52,1,53,1" doraHai="2" doraHaiUra="60" who="3" fromWho="3" sc="262,-40,218,-20,255,-20,255,90" /><INIT seed="5,0,0,2,5,87" ten="222,198,235,345" oya="1" hai0="68,79,101,112,3,9,53,57,63,134,81,86,104" hai1="120,10,103,2,109,130,26,64,15,84,89,78,36" hai2="127,11,70,110,108,114,113,118,105,106,0,19,31" hai3="8,75,39,13,55,52,12,92,23,117,94,99,97"/><U37/><E120/><V132/><F70/><W73/><G39/><T22/><D112/><N who="2" m="43114" /><F118/><W58/><G117/><T7/><D134/><U66/><E2/><V20/><F132/><W74/><G23/><T107/><D101/><U80/><E130/><V34/><F105/><W50/><G55/><T100/><D100/><U115/><E115/><V59/><F59/><W41/><G41/><T42/><D68/><U40/><E103/><V46/><F46/><W16/><G12/><T121/><D121/><U32/><E109/><N who="2" m="42091" /><F106/><W35/><G35/><T49/><D42/><U96/><E40/><V88/><F88/><W21/><REACH who="3" step="1"/><G8/><REACH who="3" ten="222,198,235,335" step="2"/><T28/><D22/><U25/><E37/><V38/><F38/><W83/><G83/><T126/><D9/><U93/><E36/><V61/><F34/><W56/><G56/><T43/><D57/><U29/><REACH who="1" step="1"/><E26/><REACH who="1" ten="222,188,235,335" step="2"/><V128/><F128/><W111/><G111/><T119/><D43/><U48/><E48/><V24/><F24/><W69/><G69/><T71/><D49/><U122/><E122/><V4/><F0/><W65/><G65/><T33/><D71/><U6/><AGARI ba="0,2" hai="6,10,15,25,29,32,64,66,78,80,84,89,93,96" machi="6" ten="20,12000,1" yaku="1,1,0,1,7,1,52,1,53,1" doraHai="87" doraHaiUra="82" who="1" fromWho="1" sc="222,-40,188,140,235,-40,335,-40" /><INIT seed="5,1,0,4,0,128" ten="182,328,195,295" oya="1" hai0="39,2,97,125,67,93,10,104,80,16,40,52,119" hai1="101,86,79,69,11,43,34,87,14,17,121,130,68" hai2="9,51,8,91,47,13,94,122,19,123,30,3,15" hai3="120,110,135,74,105,12,131,82,48,32,37,45,62"/><U4/><E121/><V85/><F3/><W83/><G120/><T5/><D119/><U24/><E130/><V107/><F107/><W22/><G105/><T63/><D125/><U108/><E101/><V116/><F116/><W124/><G37/><T36/><D104/><U59/><E108/><V129/><F129/><W1/><G1/><T117/><D117/><U65/><E43/><V115/><F115/><W81/><G74/><T44/><D80/><U114/><E114/><V57/><F30/><W18/><G32/><T20/><D39/><U96/><E96/><V70/><F70/><W60/><G124/><T112/><D112/><U133/><E79/><V42/><REACH who="2" step="1"/><F57/><REACH who="2" ten="182,328,185,295" step="2"/><W103/><G131/><T73/><D73/><U21/><E59/><V90/><F90/><W77/><G110/><T7/><D2/><U92/><E69/><V98/><F98/><W89/><G89/><T0/><D0/><U100/><E68/><V111/><F111/><W109/><G109/><T95/><D97/><U38/><E100/><V50/><F50/><W53/><G103/><T113/><D113/><U58/><E38/><V49/><F49/><W54/><G48/><T72/><D72/><U27/><E58/><V102/><F102/><W66/><G62/><T41/><D36/><U76/><E34/><V46/><F46/><W84/><G45/><T31/><D44/><U127/><E127/><V99/><F99/><W61/><G61/><T26/><D31/><U23/><E87/><V25/><F25/><W106/><G84/><T6/><D63/><U64/><E86/><V28/><F28/><RYUUKYOKU ba="1,1" sc="182,-10,328,-10,185,30,295,-10" hai2="8,9,13,15,19,42,47,51,85,91,94,122,123" /><INIT seed="6,2,1,4,0,101" ten="172,318,215,285" oya="2" hai0="12,116,79,22,91,134,88,68,84,82,27,57,9" hai1="76,61,18,122,95,55,13,52,128,35,126,87,77" hai2="26,0,32,108,51,45,85,49,94,73,5,30,125" hai3="31,7,43,129,92,34,64,97,78,103,6,44,25"/><V21/><F73/><W109/><G109/><T86/><D68/><U83/><E35/><V62/><F108/><W42/><G129/><T63/><D134/><U17/><E128/><V67/><F125/><W110/><G110/><T118/><D118/><U38/><E38/><V28/><F28/><W20/><G78/><T124/><D124/><U121/><E126/><V131/><F131/><W72/><G72/><T41/><D41/><U50/><E77/><V48/><F32/><W8/><G64/><T16/><D86/><U99/><E61/><V93/><F45/><W104/><G43/><T133/><D133/><U75/><E18/><V2/><F5/><W23/><G92/><T123/><D123/><N who="1" m="47115" /><E50/><V29/><F29/><W102/><G102/><T96/><D96/><U33/><E33/><V46/><F46/><W53/><G53/><T132/><D132/><U80/><E80/><V15/><F15/><W59/><G59/><T47/><D47/><U112/><E112/><V65/><F65/><W117/><G117/><T37/><D37/><U3/><E3/><V130/><F130/><W113/><G113/><T107/><D107/><U120/><E75/><V11/><F85/><W60/><G60/><T1/><D1/><N who="2" m="618" /><F11/><W98/><G8/><T135/><D116/><U81/><E81/><V114/><F114/><W89/><G34/><T14/><D135/><U4/><E4/><V111/><F111/><W74/><G6/><N who="0" m="3127" /><D14/><U90/><E120/><V58/><F94/><W24/><G7/><T105/><D105/><U119/><E119/><V56/><F93/><W70/><G104/><RYUUKYOKU ba="2,1" sc="172,10,318,10,215,10,285,-30" hai0="16,22,27,57,63,79,82,84,88,91" hai1="13,17,52,55,76,83,87,90,95,99" hai2="21,26,30,48,49,51,56,58,62,67" /><INIT seed="6,3,1,1,0,6" ten="182,328,225,255" oya="2" hai0="134,23,85,126,5,17,124,99,70,31,12,64,60" hai1="14,77,19,86,30,51,10,66,42,0,81,35,83" hai2="56,121,116,104,3,16,34,135,73,37,54,123,117" hai3="97,101,68,84,130,72,2,53,47,109,61,91,78"/><V7/><F73/><W133/><G109/><T79/><D134/><U1/><E66/><V29/><F104/><W24/><G130/><T8/><D31/><U113/><E113/><V20/><F37/><W69/><G133/><T75/><D75/><U128/><E128/><V127/><F56/><W106/><G2/><T131/><D131/><U27/><E42/><V4/><F54/><W40/><G24/><T33/><D33/><U48/><E48/><V13/><F135/><W43/><G53/><T38/><D38/><U58/><E51/><V71/><F71/><W87/><G87/><T50/><D99/><U125/><E58/><V115/><F115/><W65/><G68/><T63/><D50/><U88/><E125/><N who="0" m="48233" /><D63/><U93/><E83/><V52/><F52/><W96/><G96/><AGARI ba="3,1" hai="0,1,10,14,19,27,30,35,77,81,86,88,93,96" machi="96" ten="30,3900,0" yaku="7,1,52,1,54,1" doraHai="6" who="1" fromWho="3" sc="182,0,328,58,225,0,255,-48" /><INIT seed="7,0,0,0,0,102" ten="182,386,225,207" oya="3" hai0="43,76,59,1,27,47,54,135,3,49,104,122,32" hai1="87,15,108,110,77,109,38,72,51,126,42,133,19" hai2="90,28,82,91,131,62,97,71,53,70,125,84,64" hai3="45,0,16,35,94,112,96,116,85,9,20,56,75"/><W25/><G116/><T86/><D122/><U113/><E38/><V18/><F28/><W10/><G75/><T33/><D135/><U121/><E121/><V118/><F118/><W68/><G68/><T74/><D74/><U11/><E72/><V61/><F125/><W106/><G0/><T99/><D76/><U115/><E126/><V66/><F131/><W24/><G112/><N who="1" m="43082" /><E133/><V2/><F2/><W58/><G45/><T123/><D123/><U105/><E105/><V29/><F29/><W23/><G35/><T44/><D33/><U78/><E87/><V98/><F53/><W52/><G85/><T117/><D117/><U40/><E51/><V128/><F128/><W36/><G36/><T120/><D120/><U31/><E31/><V119/><F119/><W100/><G106/><T81/><D32/><U34/><E34/><V65/><F65/><W79/><G79/><AGARI ba="0,0" hai="11,15,19,40,42,77,78,79,108,109,110" m="43082" machi="79" ten="40,1300,0" yaku="15,1" doraHai="102" who="1" fromWho="3" sc="182,0,386,13,225,0,207,-13" owari="182,-31.8,399,49.9,225,2.5,194,-20.6" /></mjloggm>