<mjloggm ver="2.3"><GO type="169" lobby="0"/><UN n0="%E3%82%8F%E3%81%98" n1="%E2%97%8E%E3%82%88%E3%81%97%E2%97%8E" n2="%73%79%75%70%6F%6E" n3="%6D%6F%75%77" dan="16,17,17,16" rate="2123.89,2160.80,2197.70,2114.69" sx="M,M,M,M"/><TAIKYOKU oya="0"/><INIT seed="0,0,0,0,0,102" ten="250,250,250,250" oya="0" hai0="72,59,43,129,134,68,76,7,44,104,30,21,108" hai1="101,50,131,24,58,32,49,77,70,1,31,4,87" hai2="62,51,53,71,8,33,29,63,132,82,97,114,66" hai3="15,47,41,37,28,42,115,90,19,127,78,35,9"/><T48/><D68/><U27/><E70/><V126/><F114/><W125/><G115/><T36/><D7/><U18/><E131/><V10/><F126/><W89/><G78/><T80/><D129/><U55/><E4/><V16/><F132/><W109/><G109/><T0/><D0/><U81/><E1/><V111/><F111/><W40/><G28/><T64/><D108/><U6/><E6/><V39/><F39/><W56/><G56/><T17/><D30/><U86/><E101/><V73/><F62/><W54/><G35/><T60/><D134/><U20/><REACH who="1" step="1"/><E50/><REACH who="1" ten="250,240,250,250" step="2"/><V3/><F51/><N who="3" m="29055" /><G37/><T45/><D36/><U116/><E116/><V106/><F3/><W79/><G79/><T91/><D91/><U75/><AGARI ba="0,1" hai="18,20,24,27,31,32,49,55,58,75,77,81,86,87" machi="75" ten="20,2700,0" yaku="1,1,0,1,7,1,53,0" doraHai="102" doraHaiUra="124" who="1" fromWho="1" sc="250,-13,240,37,250,-7,250,-7" /><INIT seed="1,0,0,1,5,40" ten="237,277,243,243" oya="1" hai0="100,113,3,117,125,70,21,116,104,105,48,9,89" hai1="92,133,108,22,103,78,97,1,69,51,30,94,49" hai2="39,25,131,127,62,95,132,79,123,35,8,24,114" hai3="68,126,129,87,118,122,82,5,72,134,66,71,7"/><U27/><E69/><V31/><F123/><W26/><G72/><T135/><D113/><U23/><E133/><V19/><F39/><W93/><G122/><T12/><D135/><U112/><E112/><V4/><F79/><W128/><G134/><T98/><D104/><U91/><E1/><V83/><F83/><W56/><G56/><T106/><D105/><U42/><E108/><V102/><F132/><W33/><G93/><T121/><D121/><U16/><E78/><V55/><F131/><W86/><G126/><T88/><D70/><U67/><E67/><V61/><F127/><W84/><G82/><T54/><D3/><U36/><E42/><V77/><F77/><W10/><G66/><T76/><D21/><U15/><REACH who="1" step="1"/><E36/><REACH who="1" ten="237,267,243,243" step="2"/><V13/><F114/><W64/><G64/><T90/><D76/><U101/><E101/><V75/><F102/><W57/><G71/><T58/><REACH who="0" step="1"/><D125/><REACH who="0" ten="227,267,243,243" step="2"/><U65/><E65/><V80/><F75/><W60/><G68/><T73/><D73/><U59/><E59/><V99/><F55/><W45/><G57/><T29/><D29/><U52/><E52/><V38/><F31/><W6/><G129/><T47/><D47/><U34/><E34/><V63/><F35/><W0/><G33/><T115/><D115/><U14/><E14/><V53/><F53/><W119/><G128/><T109/><D109/><U50/><E50/><V120/><F120/><W111/><G111/><T37/><D37/><U85/><AGARI ba="0,2" hai="15,16,22,23,27,30,49,51,85,91,92,94,97,103" machi="85" ten="20,18000,2" yaku="1,1,0,1,7,1,8,1,54,1,53,2" doraHai="40" doraHaiUra="18" who="1" fromWho="1" sc="227,-60,267,200,243,-60,243,-60" /><INIT seed="1,1,0,0,5,126" ten="167,467,183,183" oya="1" hai0="13,54,99,9,98,134,65,92,130,100,56,28,81" hai1="63,70,52,49,132,107,38,104,84,41,86,27,127" hai2="36,109,76,78,87,30,8,43,115,118,26,29,129" hai3="116,74,25,73,59,21,121,14,68,33,123,15,79"/><U4/><E127/><V1/><F118/><W88/><G68/><T34/><D134/><U31/><E4/><V133/><F133/><W62/><G33/><T117/><D117/><U2/><E2/><V135/><F109/><W45/><G45/><T83/><D65/><U95/><E132/><V39/><F115/><W113/><G113/><T19/><D28/><U103/><E41/><V82/><F43/><W97/><G116/><T94/><D34/><N who="1" m="20863" /><E95/><V93/><F30/><W85/><G97/><T55/><D130/><U67/><E107/><V12/><F1/><W102/><G102/><T23/><D23/><U69/><E69/><V6/><F129/><W40/><G40/><T131/><D131/><U72/><E72/><V47/><F47/><W32/><G32/><T80/><REACH who="0" step="1"/><D56/><REACH who="0" ten="157,467,183,183" step="2"/><N who="1" m="32783" /><E38/><V75/><F36/><W96/><G21/><T17/><D17/><U57/><E57/><V128/><F39/><W42/><G59/><T50/><D50/><U110/><E110/><V120/><F128/><W5/><G62/><T35/><D35/><U114/><E114/><V48/><F48/><W77/><G5/><T11/><D11/><U112/><E112/><V53/><F135/><W124/><G124/><T89/><AGARI ba="1,1" hai="9,13,19,54,55,80,81,83,89,92,94,98,99,100" machi="89" ten="30,4000,0" yaku="1,1,0,1,8,1,53,0" doraHai="126" doraHaiUra="108" who="0" fromWho="0" sc="157,53,467,-21,183,-11,183,-11" /><INIT seed="2,0,0,1,3,130" ten="210,446,172,172" oya="2" hai0="124,6,73,36,49,5,22,97,34,37,33,50,45" hai1="9,119,2,44,128,54,100,26,35,57,63,79,17" hai2="46,47,126,118,8,125,30,78,20,64,14,89,98" hai3="69,11,43,94,96,127,121,134,116,19,74,110,83"/><V135/><F118/><W52/><G69/><T133/><D73/><U72/><E119/><V68/><F78/><W61/><G43/><T67/><D67/><U13/><E2/><V27/><F135/><W16/><G121/><T18/><D124/><N who="2" m="47722" /><F68/><W40/><G40/><T112/><D112/><U25/><E35/><V109/><F64/><W115/><G116/><T21/><D97/><U129/><E79/><V99/><F109/><W7/><G127/><T108/><D18/><U90/><E72/><V53/><F89/><W39/><G74/><T70/><D70/><U10/><E90/><V4/><F47/><W12/><G110/><T48/><D48/><AGARI ba="0,0" hai="4,8,14,20,27,30,46,48,53,98,99" m="47722" machi="48" ten="30,1500,0" yaku="18,1" doraHai="130" who="2" fromWho="0" sc="210,-15,446,0,172,15,172,0" /><INIT seed="2,1,0,5,4,111" ten="195,446,187,172" oya="2" hai0="131,46,15,98,32,125,115,119,16,61,117,86,68" hai1="129,14,92,36,23,11,47,44,59,127,2,81,99" hai2="78,126,75,31,13,8,22,85,72,64,134,110,10" hai3="1,3,103,43,84,30,120,53,56,33,42,80,100"/><V69/><F134/><W135/><G135/><T41/><D32/><U88/><E36/><V63/><F126/><W55/><G120/><T76/><D125/><U26/><E2/><V95/><F110/><W58/><G33/><T60/><D131/><U5/><E129/><V9/><F13/><W128/><G128/><T90/><D98/><U0/><E0/><V28/><F95/><W71/><G30/><T107/><D76/><U105/><E105/><V52/><F52/><W96/><G80/><T40/><D107/><U70/><E70/><V79/><F79/><W7/><G84/><T51/><D41/><U25/><E25/><V19/><F19/><W73/><G96/><T45/><D45/><U65/><E81/><V21/><F85/><W112/><G71/><T49/><D49/><U124/><E127/><V18/><F78/><W113/><REACH who="3" step="1"/><G7/><REACH who="3" ten="195,446,187,162" step="2"/><T67/><D117/><U130/><E124/><V93/><F18/><W74/><AGARI ba="1,1" hai="1,3,42,43,53,55,56,58,73,74,100,103,112,113" machi="74" ten="25,12000,2" yaku="1,1,2,1,0,1,22,2,52,2,53,0" doraHai="111" doraHaiUra="62" who="3" fromWho="3" sc="195,-31,446,-31,187,-61,162,133" /><INIT seed="3,0,0,3,0,107" ten="164,415,126,295" oya="3" hai0="89,66,90,10,59,103,77,11,30,47,9,21,105" hai1="15,44,102,25,14,42,7,127,74,99,91,115,72" hai2="131,83,75,113,112,12,38,26,13,79,108,117,81" hai3="86,125,45,97,37,17,22,80,19,48,60,94,104"/><W2/><G125/><T23/><D105/><U69/><E69/><V56/><F117/><W40/><G2/><T128/><D103/><U123/><E123/><V110/><F38/><W46/><G104/><T122/><D122/><U5/><E115/><V1/><F1/><W65/><G97/><T100/><D100/><U68/><E68/><V64/><F26/><W124/><G94/><T43/><D77/><U71/><E71/><V114/><F131/><W61/><G65/><T50/><D128/><U132/><E91/><N who="0" m="34825" /><D30/><U54/><E54/><V53/><F64/><W16/><G22/><T73/><D73/><U20/><E132/><V58/><F113/><W33/><G33/><T57/><D57/><U92/><E127/><V111/><F111/><W121/><G121/><T116/><D116/><U63/><E63/><AGARI ba="0,0" hai="9,10,11,21,23,43,47,50,59,63,66" m="34825" machi="63" ten="30,1000,0" yaku="8,1" doraHai="107" who="0" fromWho="1" sc="164,10,415,-10,126,0,295,0" /><INIT seed="4,0,0,3,1,68" ten="174,405,126,295" oya="0" hai0="115,102,77,89,82,37,128,84,112,7,117,129,95" hai1="113,56,135,122,10,27,85,80,39,97,116,55,98" hai2="72,132,18,74,8,12,35,52,109,61,121,114,131" hai3="36,34,104,67,3,48,15,41,71,29,69,133,4"/><T83/><D7/><U46/><E116/><V47/><F121/><W110/><G15/><T5/><D5/><U107/><E122/><V60/><F109/><W22/><G22/><T103/><D37/><U101/><E98/><V126/><F35/><W26/><G48/><T0/><D0/><U42/><E135/><V1/><F132/><W127/><G133/><T44/><D44/><U31/><E10/><V91/><F1/><W62/><G110/><T2/><D2/><U28/><E113/><N who="0" m="43593" /><D117/><U81/><E85/><V92/><F114/><W50/><G50/><T32/><D32/><U20/><E28/><V40/><F131/><N who="0" m="50250" /><D82/><U45/><E45/><V9/><F9/><N who="3" m="2207" /><G127/><T13/><D13/><U111/><E111/><V90/><F126/><W38/><G41/><T43/><D43/><U75/><E75/><AGARI ba="0,0" hai="75,77,83,84,89,95,102,103" m="50250,43593" machi="75" ten="30,11600,0" yaku="15,1,19,1,34,2" doraHai="68" who="0" fromWho="1" sc="174,116,405,-116,126,0,295,0" /><INIT seed="4,1,0,4,3,11" ten="290,289,126,295" oya="0" hai0="110,78,106,43,89,122,4,126,1,94,128,53,3" hai1="109,119,59,19,130,98,100,133,61,6,113,118,40" hai2="70,67,42,105,18,63,12,28,26,132,74,8,54" hai3="7,21,90,32,101,131,93,25,22,10,9,65,76"/><T102/><D122/><U5/><E109/><V88/><F74/><W83/><G32/><T104/><D43/><U37/><E130/><V71/><F105/><W92/><G65/><T45/><D128/><U29/><E133/><V135/><F42/><W46/><G46/><T124/><D78/><U95/><E113/><V79/><F79/><W47/><G22/><T120/><D120/><U82/><E82/><V117/><F117/><W81/><G10/><T39/><D39/><U41/><E41/><V121/><F121/><W134/><G134/><T34/><D34/><U52/><E29/><V108/><F71/><W112/><G47/><T80/><D80/><U85/><E85/><V129/><F108/><W36/><G112/><T0/><D4/><U56/><E56/><V96/><F54/><W60/><G60/><T69/><D110/><U14/><E118/><V20/><REACH who="2" step="1"/><F129/><REACH who="2" ten="290,289,116,295" step="2"/><W31/><G131/><T62/><D69/><U17/><E119/><V58/><F58/><W127/><G76/><T48/><D104/><U116/><E116/><V111/><F111/><W103/><G36/><T75/><D75/><U49/><E37/><V16/><F16/><N who="1" m="6217" /><E14/><V57/><F57/><W30/><G30/><T77/><D77/><U87/><E87/><V115/><F115/><W123/><G123/><T33/><D0/><U44/><AGARI ba="1,1" hai="5,6,40,44,49,52,59,61,95,98,100" m="6217" machi="44" ten="30,4000,0" yaku="8,1,54,2" doraHai="11" who="1" fromWho="1" sc="290,-21,289,53,116,-11,295,-11" /><INIT seed="5,0,0,2,3,65" ten="269,342,105,284" oya="1" hai0="51,30,16,110,107,117,84,27,129,79,90,99,57" hai1="116,33,126,43,1,62,9,60,82,23,74,31,49" hai2="21,97,55,48,38,131,40,72,39,13,85,66,4" hai3="109,2,29,19,73,114,70,37,7,10,44,95,75"/><U102/><E116/><V87/><F131/><W134/><G109/><T52/><D117/><U8/><E33/><V115/><F72/><W93/><G29/><T76/><D110/><U58/><E102/><V35/><F35/><W61/><G114/><T71/><D71/><U41/><E1/><V0/><F0/><W14/><G95/><T119/><D119/><U3/><E3/><V36/><F40/><N who="1" m="15433" /><E74/><V69/><F97/><W92/><G44/><T113/><D113/><U106/><E106/><V105/><F105/><W130/><G92/><T11/><D129/><U132/><E126/><V133/><F133/><W127/><G37/><T67/><D67/><U56/><E82/><V54/><F54/><W100/><G130/><T83/><D11/><N who="1" m="4171" /><E49/><V45/><F115/><W111/><G111/><T123/><D123/><U122/><E132/><V78/><F4/><W108/><G108/><T104/><D104/><U22/><E31/><V15/><F78/><W81/><G2/><T118/><D118/><U80/><E80/><V28/><F28/><W42/><G81/><T59/><D59/><N who="1" m="22571" /><E122/><V64/><F64/><N who="3" m="41231" /><G42/><T91/><D79/><U89/><E89/><V124/><F124/><W135/><G7/><T86/><D76/><U112/><E112/><V20/><F13/><W53/><G127/><T6/><D6/><U68/><E68/><V25/><F15/><W98/><G53/><T101/><D90/><U12/><E12/><V34/><F34/><W125/><G125/><T50/><D91/><U5/><E5/><V46/><F66/><W63/><G63/><AGARI ba="0,0" hai="22,23,60,62,63" m="22571,4171,15433" machi="63" ten="30,5800,0" yaku="28,2,8,1" doraHai="65" who="1" fromWho="3" sc="269,0,342,58,105,0,284,-58" /><INIT seed="5,1,0,3,0,25" ten="269,400,105,226" oya="1" hai0="24,100,71,98,125,35,33,79,56,36,78,116,114" hai1="122,47,8,26,104,105,96,7,15,10,59,9,0" hai2="62,57,19,84,85,43,1,21,67,107,52,4,11" hai3="97,93,50,16,135,17,20,87,54,55,41,68,133"/><U73/><E122/><V44/><F107/><W103/><G68/><T63/><D71/><U99/><E73/><V14/><REACH who="2" step="1"/><F67/><REACH who="2" ten="269,400,95,226" step="2"/><W32/><G135/><T13/><D116/><U61/><E104/><V6/><F6/><W111/><G133/><T37/><D36/><AGARI ba="1,1" hai="1,4,11,14,19,21,36,43,44,52,57,62,84,85" machi="36" ten="30,7700,0" yaku="1,1,7,1,54,1,53,1" doraHai="25" doraHaiUra="39" who="2" fromWho="0" sc="269,-80,400,0,95,90,226,0" /><INIT seed="6,0,0,5,2,64" ten="189,400,185,226" oya="2" hai0="10,118,6,33,51,99,66,111,121,124,125,34,93" hai1="90,14,72,7,132,44,97,129,86,5,1,21,22" hai2="92,88,17,60,35,131,8,25,46,123,54,42,27" hai3="4,75,107,112,0,18,81,115,68,122,70,95,78"/><V40/><F123/><W85/><G107/><T41/><D121/><U73/><E1/><V110/><F131/><W48/><G122/><T100/><D111/><U106/><E132/><V120/><F120/><W80/><G95/><T52/><D41/><N who="2" m="15978" /><F35/><W28/><G28/><T56/><D118/><U94/><E73/><V50/><F110/><W116/><G116/><T101/><D100/><U113/><E72/><V47/><F47/><W38/><G38/><T89/><D66/><U130/><E44/><V114/><F114/><N who="3" m="43563" /><G48/><T105/><D33/><U3/><E3/><V11/><F60/><W135/><G135/><T39/><D34/><U26/><E113/><V109/><F109/><W134/><G134/><T55/><D55/><U127/><E106/><V103/><F103/><W32/><G32/><T82/><D82/><U37/><E37/><V83/><F83/><W53/><G53/><T13/><REACH who="0" step="1"/><D39/><REACH who="0" ten="179,400,185,226" step="2"/><U45/><E129/><V19/><F8/><N who="3" m="2055" /><G18/><N who="2" m="6665" /><F11/><W61/><G61/><T49/><D49/><U98/><E130/><V30/><F30/><W65/><G65/><T126/><D126/><U15/><E127/><V133/><F133/><W104/><G104/><T76/><D76/><AGARI ba="0,1" hai="68,70,75,76,78,80,81,85" m="2055,43563" machi="76" ten="30,7700,0" yaku="15,1,11,1,52,2" doraHai="64" who="3" fromWho="0" sc="179,-77,400,0,185,0,226,87" /><INIT seed="7,0,0,0,5,90" ten="102,400,185,313" oya="3" hai0="108,41,97,75,16,129,133,61,6,43,115,72,30" hai1="103,87,128,71,110,125,113,34,89,81,63,101,134" hai2="19,127,36,46,65,2,70,0,38,62,120,93,131" hai3="33,77,99,86,29,12,28,104,78,64,98,118,124"/><W32/><G118/><T53/><D108/><U96/><E110/><V27/><F131/><W102/><G124/><T123/><D123/><U14/><E34/><V13/><F127/><W106/><G12/><T4/><D129/><U135/><E113/><V58/><F120/><W107/><G64/><T126/><D126/><U24/><E24/><V82/><F27/><W52/><G86/><T10/><D30/><N who="3" m="11881" /><G102/><T49/><D115/><U8/><E125/><V95/><F70/><W7/><G7/><T100/><D133/><N who="1" m="50699" /><E128/><V18/><F82/><W91/><G91/><T11/><D72/><U17/><E96/><N who="3" m="36906" /><G52/><T112/><D75/><U76/><E89/><V73/><F73/><W21/><G21/><T116/><D112/><U5/><E5/><V3/><F19/><W122/><G122/><T25/><D116/><U22/><E22/><V60/><F60/><W117/><G117/><T105/><D61/><U109/><E109/><V119/><F119/><W111/><G111/><T31/><D4/><U23/><E23/><V54/><F65/><AGARI ba="0,0" hai="8,14,17,63,65,71,76,81,87,101,103" m="50699" machi="65" ten="30,1000,0" yaku="20,1" doraHai="90" who="1" fromWho="2" sc="102,0,400,10,185,-10,313,0" owari="102,-39.8,410,51.0,175,-22.5,313,11.3" /></mjloggm>