<mjloggm ver="2.3"><GO type="169" lobby="0"/><UN n0="%E4%BA%BA%E5%8F%82%E5%BD%B9%E8%80%85%E3%81%8F%E3%82%93" n1="%47%68%6F%73%74%55%30" n2="%E6%88%BF%E5%B7%9E%73%75%6E" n3="%43%68%61%72%6F%2E" dan="17,16,17,17" rate="2143.86,2119.77,2184.30,2184.90" sx="M,M,M,M"/><TAIKYOKU oya="0"/><INIT seed="0,0,0,1,5,14" ten="250,250,250,250" oya="0" hai0="17,52,84,5,114,0,40,1,115,46,67,94,70" hai1="124,62,121,22,73,111,51,132,71,16,78,88,131" hai2="105,66,130,106,35,65,64,112,45,85,91,23,110" hai3="123,119,3,31,108,59,18,98,11,76,77,118,89"/><T61/><D52/><U79/><E121/><V103/><F112/><W109/><G31/><T9/><D0/><U101/><E101/><V58/><F35/><W8/><G59/><T39/><D94/><U7/><E7/><V47/><F110/><W57/><G57/><T95/><D84/><U41/><E111/><V92/><F130/><W20/><G123/><T133/><D133/><U86/><E131/><V56/><F106/><W37/><G20/><T104/><D104/><U107/><E124/><V135/><F135/><W24/><G24/><T82/><D95/><U102/><E73/><V90/><F103/><W120/><G37/><T10/><REACH who="0" step="1"/><D82/><REACH who="0" ten="240,250,250,250" step="2"/><N who="1" m="49239" /><E132/><V80/><F105/><W50/><G3/><T125/><D125/><U33/><E107/><V63/><F80/><W96/><G120/><T72/><D72/><U42/><E102/><V21/><F92/><W49/><REACH who="3" step="1"/><G89/><REACH who="3" ten="240,250,250,240" step="2"/><T48/><D48/><U13/><E51/><V19/><F91/><W128/><G128/><T93/><D93/><U75/><E62/><V34/><F63/><W116/><G116/><T99/><D99/><U113/><E113/><V100/><F90/><W53/><G53/><T2/><D2/><U4/><E42/><V55/><F55/><W28/><G28/><T127/><D127/><U32/><E41/><V87/><F100/><W83/><G83/><T26/><D26/><U97/><E97/><V129/><F129/><W36/><G36/><T81/><D81/><U44/><E13/><AGARI ba="0,2" hai="1,5,9,10,13,17,39,40,46,61,67,70,114,115" machi="13" ten="40,3900,0" yaku="1,1,52,1,53,0" doraHai="14" doraHaiUra="74" who="0" fromWho="1" sc="240,59,250,-39,250,0,240,0" /><INIT seed="0,1,0,2,3,135" ten="299,211,250,240" oya="0" hai0="90,68,31,8,74,134,58,125,103,49,121,11,40" hai1="55,53,23,28,104,65,86,17,43,51,54,76,18" hai2="118,87,88,63,69,45,34,78,124,92,130,99,36" hai3="61,81,131,109,15,5,62,132,48,114,2,16,73"/><T56/><D68/><U14/><E104/><V19/><F34/><W106/><G106/><T96/><D74/><U22/><E65/><V101/><F130/><W72/><G114/><T37/><D121/><U0/><E0/><V113/><F113/><W75/><G109/><T85/><D134/><U24/><E43/><V35/><F35/><W1/><G132/><T133/><D31/><U84/><E76/><V111/><F111/><W7/><G131/><T115/><D115/><U50/><E28/><V126/><F118/><W59/><G81/><T60/><D37/><U122/><E122/><V128/><F19/><W32/><G32/><T67/><D133/><U3/><E3/><V29/><F29/><W57/><G48/><AGARI ba="1,0" hai="14,17,18,22,23,24,48,50,51,53,54,55,84,86" machi="48" ten="40,1300,0" yaku="8,1" doraHai="135" who="1" fromWho="3" sc="299,0,211,16,250,0,240,-16" /><INIT seed="1,0,0,3,2,86" ten="299,227,250,224" oya="1" hai0="72,132,129,25,17,54,71,43,65,60,15,55,20" hai1="75,84,47,48,127,22,27,28,26,122,51,110,77" hai2="93,80,53,99,113,85,16,76,62,24,58,13,50" hai3="34,126,29,42,33,8,79,0,101,92,6,104,44"/><U134/><E122/><V10/><F113/><W121/><G121/><T46/><D129/><U4/><E134/><V45/><F24/><W49/><G126/><T12/><D72/><U61/><E127/><V30/><F30/><W19/><G29/><T107/><D107/><U21/><E75/><V32/><F32/><W7/><G7/><T59/><D132/><U118/><E118/><V117/><F117/><W102/><G104/><T2/><D2/><U130/><E130/><V90/><REACH who="2" step="1"/><F62/><REACH who="2" ten="299,227,240,224" step="2"/><W103/><G33/><T98/><D25/><U109/><E61/><V125/><F125/><W91/><G34/><T73/><D60/><U63/><E63/><V41/><F41/><W89/><G79/><T40/><D40/><U96/><E77/><V31/><F31/><W64/><G64/><T69/><D43/><U81/><E28/><V35/><F35/><W37/><G37/><T18/><D65/><U52/><E26/><V38/><F38/><W95/><REACH who="3" step="1"/><G19/><REACH who="3" ten="299,227,240,214" step="2"/><T23/><D17/><U78/><E4/><V108/><F108/><N who="1" m="41577" /><E27/><V97/><F97/><W114/><G114/><T116/><D98/><U82/><E96/><V115/><F115/><W112/><G112/><T68/><D116/><U124/><E124/><V9/><F9/><W56/><G56/><AGARI ba="0,2" hai="10,13,16,45,50,53,56,58,76,80,85,90,93,99" machi="56" ten="40,8000,1" yaku="1,1,8,1,52,1,54,1,53,0" doraHai="86" doraHaiUra="1" who="2" fromWho="3" sc="299,0,227,0,240,100,214,-80" /><INIT seed="2,0,0,5,3,103" ten="299,227,340,134" oya="2" hai0="50,18,118,82,90,29,57,39,125,33,94,43,75" hai1="109,96,49,9,81,36,101,77,15,30,45,128,59" hai2="80,38,107,99,130,48,12,64,71,1,44,129,21" hai3="34,25,78,97,41,132,22,92,110,117,126,10,8"/><V85/><F1/><W67/><G34/><T115/><D115/><U89/><E109/><V31/><F38/><W127/><G110/><T65/><D125/><U53/><E128/><N who="2" m="49259" /><F64/><W62/><G117/><T119/><D39/><U134/><E134/><V108/><F71/><W2/><G78/><T84/><D29/><U0/><E30/><V6/><F6/><W121/><G121/><T13/><D33/><U113/><E113/><V88/><F108/><W73/><G73/><T23/><D43/><U32/><E32/><V72/><F72/><W7/><G10/><T123/><D123/><U28/><E28/><V51/><F44/><W17/><G41/><T55/><REACH who="0" step="1"/><D65/><REACH who="0" ten="289,227,340,134" step="2"/><U69/><E36/><V106/><F31/><W70/><REACH who="3" step="1"/><G132/><REACH who="3" ten="289,227,340,124" step="2"/><T66/><D66/><U16/><E77/><AGARI ba="0,2" hai="13,18,23,50,55,57,75,77,82,84,90,94,118,119" machi="77" ten="40,8000,1" yaku="1,1,25,2,53,2" doraHai="103" doraHaiUra="114" who="0" fromWho="1" sc="289,100,227,-80,340,0,124,0" /><INIT seed="3,0,0,5,2,122" ten="389,147,340,124" oya="3" hai0="37,100,40,109,41,68,78,98,36,35,85,112,131" hai1="20,62,107,96,134,123,14,13,34,129,30,130,18" hai2="82,52,46,5,63,56,73,88,64,25,49,101,38" hai3="23,16,94,104,91,27,71,77,61,80,22,24,74"/><W6/><G104/><T75/><D35/><U106/><E123/><V33/><F101/><W11/><G61/><T125/><D131/><N who="1" m="50187" /><E134/><V102/><F102/><W124/><G124/><T47/><D85/><U111/><E96/><V31/><F5/><W39/><G39/><T70/><D112/><U12/><E62/><V58/><F73/><W121/><G71/><T17/><D17/><N who="1" m="10279" /><E111/><V8/><F8/><W50/><G50/><T19/><D19/><U76/><E76/><V48/><F38/><W53/><G53/><T113/><D109/><U83/><E83/><V84/><REACH who="2" step="1"/><F48/><REACH who="2" ten="389,147,330,124" step="2"/><W54/><G121/><T105/><D113/><U117/><E106/><V66/><F66/><W120/><G120/><T10/><D10/><U44/><E107/><V108/><F108/><W60/><G11/><T0/><D0/><U133/><E133/><V69/><AGARI ba="0,1" hai="25,31,33,46,49,52,56,58,63,64,69,82,84,88" machi="69" ten="20,12000,2" yaku="1,1,0,1,7,1,54,2,53,1" doraHai="122" doraHaiUra="57" who="2" fromWho="2" sc="389,-30,147,-30,330,130,124,-60" /><INIT seed="4,0,0,1,1,77" ten="359,117,460,64" oya="0" hai0="48,34,12,90,17,116,126,19,83,117,5,129,127" hai1="131,111,59,132,121,89,91,99,125,70,30,27,35" hai2="73,120,112,43,98,51,115,1,105,15,40,3,114" hai3="106,50,31,93,107,75,71,10,28,53,86,72,20"/><T103/><D103/><U32/><E111/><V85/><F120/><W109/><G109/><T13/><D48/><U92/><E70/><V61/><F73/><W33/><G71/><T22/><D90/><U135/><E121/><V49/><F61/><W97/><G33/><T52/><D52/><U14/><E131/><V41/><F15/><W25/><G28/><T67/><D67/><U110/><E110/><V4/><F4/><W55/><G55/><T78/><D34/><U29/><E14/><V79/><F98/><W21/><G10/><N who="0" m="4175" /><D129/><U6/><E59/><V65/><F105/><W60/><G60/><T63/><D63/><U62/><E62/><V16/><F65/><W46/><G20/><N who="0" m="11311" /><D83/><U128/><E128/><V68/><F68/><W102/><G107/><T11/><D78/><U8/><E91/><V26/><F51/><W123/><G123/><T44/><D44/><U82/><E32/><V56/><F49/><W2/><G106/><T96/><D96/><U122/><E35/><V0/><F56/><W58/><G58/><T36/><D36/><U54/><E54/><V118/><F79/><W87/><G87/><T76/><D76/><U37/><E89/><V108/><F85/><W57/><G57/><T64/><D64/><U94/><E37/><V88/><F88/><W74/><G86/><T39/><D39/><U104/><E104/><V23/><F108/><W119/><G119/><AGARI ba="0,0" hai="0,1,3,16,23,26,40,41,43,112,114,115,118,119" machi="119" ten="60,8000,1" yaku="29,2,15,1,54,1" doraHai="77" who="2" fromWho="3" sc="359,0,117,0,460,80,64,-80" owari="359,15.9,117,-28.3,540,64.0,-16,-51.6" /></mjloggm>