<mjloggm ver="2.3"><GO type="169" lobby="0"/><UN n0="%E3%83%A4%E3%83%9E%E3%83%80%E3%81%95%E3%82%93" n1="%E8%80%81%E6%A5%BD" n2="%E3%81%B5%E3%81%8B" n3="%E6%8E%A2%39" dan="16,17,17,17" rate="2121.79,2232.37,2231.17,2165.88" sx="M,M,M,M"/><TAIKYOKU oya="0"/><INIT seed="0,0,0,1,5,45" ten="250,250,250,250" oya="0" hai0="118,37,18,124,11,86,115,8,130,112,70,107,81" hai1="36,27,12,22,89,48,31,97,67,101,0,38,92" hai2="93,91,94,23,127,60,65,52,114,17,134,54,51" hai3="33,131,64,29,84,58,108,49,99,39,7,57,32"/><T50/><D37/><U105/><E0/><V90/><F114/><W10/><G39/><T14/><D118/><U129/><E129/><V77/><F134/><W19/><G131/><T40/><D130/><U25/><E67/><V98/><F127/><W5/><G108/><T34/><D70/><U119/><E119/><V75/><F75/><W55/><G99/><T2/><D34/><U43/><E12/><V3/><F3/><W87/><G32/><T26/><D107/><U28/><E48/><V133/><F77/><W74/><G74/><T116/><D26/><U82/><E82/><V103/><F133/><W59/><G29/><T79/><D124/><U61/><E61/><V78/><F78/><W4/><G33/><T73/><D73/><U41/><E36/><V44/><F54/><W20/><G10/><T132/><D132/><U100/><E38/><V46/><F46/><N who="3" m="28087" /><G64/><T120/><D120/><U85/><E101/><V126/><F126/><W106/><G106/><T76/><D76/><U6/><E6/><V88/><F65/><W42/><G42/><T63/><D63/><U122/><E122/><V35/><F35/><AGARI ba="0,0" hai="22,25,27,28,31,35,41,43,85,89,92,97,100,105" machi="35" ten="30,1000,0" yaku="7,1" doraHai="45" who="1" fromWho="2" sc="250,0,250,10,250,-10,250,0" /><INIT seed="1,0,0,5,0,109" ten="250,260,240,250" oya="1" hai0="126,24,120,22,134,34,1,31,135,21,54,36,62" hai1="116,74,78,52,117,111,113,70,128,8,75,83,71" hai2="43,17,9,7,88,119,101,44,92,60,112,46,76" hai3="59,99,82,94,91,42,67,66,103,15,58,69,16"/><U110/><E74/><V39/><F119/><W68/><G42/><T105/><D105/><U129/><E8/><V51/><F101/><W65/><G69/><N who="1" m="26122" /><E52/><V20/><F60/><W61/><G68/><T35/><D36/><U89/><E89/><V41/><F76/><W30/><G30/><T133/><D54/><U56/><E56/><V0/><F112/><W49/><G49/><T96/><D62/><U73/><E73/><V33/><F33/><N who="0" m="12298" /><D96/><U102/><E102/><V57/><F57/><W47/><G47/><T127/><D120/><U77/><E77/><V72/><F72/><W63/><G65/><T45/><D45/><U104/><E104/><V38/><F51/><W124/><G124/><N who="0" m="47659" /><D1/><U86/><E86/><V81/><F81/><W97/><G82/><T64/><D64/><U107/><E107/><V6/><F0/><W130/><G130/><N who="1" m="50282" /><E113/><V26/><REACH who="2" step="1"/><F9/><REACH who="2" ten="250,260,230,250" step="2"/><N who="3" m="6255" /><G103/><T98/><D98/><AGARI ba="0,1" hai="6,7,17,20,26,38,39,41,43,44,46,88,92,98" machi="98" ten="30,7700,0" yaku="1,1,7,1,9,1,54,1,53,0" doraHai="109" doraHaiUra="125" who="2" fromWho="0" sc="250,-77,260,0,230,87,250,0" /><AGARI ba="0,0" hai="58,59,61,63,66,67,91,94,97,98,99" m="6255" machi="98" ten="30,2000,0" yaku="8,1,54,1" doraHai="109" who="3" fromWho="0" sc="173,-20,260,0,317,0,250,20" /><INIT seed="2,0,0,0,1,96" ten="153,260,317,270" oya="2" hai0="106,67,122,39,80,100,92,0,109,115,133,29,101" hai1="76,12,81,19,110,59,97,103,95,77,27,51,47" hai2="132,98,3,65,102,105,114,2,41,28,135,73,99" hai3="119,61,53,111,49,129,22,117,25,17,78,123,83"/><V89/><F114/><W46/><G123/><T40/><D0/><U35/><E110/><V127/><F73/><W34/><G111/><T43/><D106/><U79/><E35/><V75/><F75/><W85/><G129/><T131/><D109/><U88/><E27/><V87/><F127/><W121/><G121/><T82/><D122/><U58/><E81/><N who="0" m="31337" /><D39/><U50/><E88/><V20/><F98/><W54/><G34/><T4/><D115/><U48/><REACH who="1" step="1"/><E47/><REACH who="1" ten="153,250,317,270" step="2"/><V134/><F89/><W33/><G33/><T94/><D131/><U42/><E42/><N who="0" m="15913" /><D133/><U72/><E72/><V63/><F41/><W74/><G74/><T108/><D108/><U124/><E124/><V60/><F132/><W31/><G119/><T130/><D130/><U45/><E45/><V126/><F126/><W104/><G117/><T23/><D67/><U32/><E32/><V24/><F134/><W15/><G46/><T66/><D66/><U18/><E18/><V113/><F135/><W13/><G17/><T64/><D64/><U44/><E44/><V21/><F65/><W128/><G128/><T116/><D116/><U56/><E56/><V93/><F113/><W36/><G36/><T90/><D4/><U14/><E14/><V120/><F120/><W16/><G16/><T6/><D6/><U118/><E118/><V52/><F3/><W1/><G1/><T84/><D84/><U37/><E37/><V55/><F2/><W91/><G85/><T11/><D90/><U30/><E30/><V8/><F87/><W5/><G91/><T26/><D29/><U62/><E62/><RYUUKYOKU ba="0,1" sc="153,-10,250,30,317,-10,270,-10" hai1="12,19,48,50,51,58,59,76,77,79,95,97,103" /><INIT seed="3,1,1,5,1,81" ten="143,280,307,260" oya="3" hai0="85,113,106,122,97,48,70,4,42,111,114,130,39" hai1="38,91,100,69,11,53,56,17,44,87,54,26,57" hai2="78,15,118,128,120,134,29,108,34,16,58,40,102" hai3="105,94,28,82,23,117,74,9,55,22,96,129,61"/><W101/><G117/><T132/><D70/><U64/><E100/><V13/><F118/><W92/><G129/><T99/><D122/><U5/><E69/><V24/><F128/><W109/><G9/><T25/><D130/><U88/><E64/><V80/><F120/><W27/><G109/><T0/><D39/><U66/><E66/><V19/><F108/><W49/><G61/><T115/><D111/><U18/><E38/><V135/><F40/><W7/><G7/><T41/><D132/><N who="2" m="50730" /><F102/><W6/><G6/><T89/><D25/><U10/><E44/><V59/><F15/><W90/><G22/><T2/><D48/><N who="1" m="30759" /><E91/><V37/><F37/><W62/><G62/><T1/><D4/><U35/><E35/><V83/><F83/><W47/><REACH who="3" step="1"/><G90/><REACH who="3" ten="143,280,307,250" step="2"/><T45/><D106/><U112/><E5/><V95/><F19/><N who="1" m="7177" /><E112/><V119/><F119/><W31/><G31/><T60/><D60/><N who="1" m="35895" /><E26/><V63/><F63/><W124/><G124/><T125/><D125/><U121/><E121/><V46/><F24/><W51/><G51/><T116/><D116/><U68/><E68/><V8/><F29/><W93/><G93/><AGARI ba="1,2" hai="10,11,87,88,93" m="35895,7177,30759" machi="93" ten="30,3900,0" yaku="8,1,52,1,54,1" doraHai="81" who="1" fromWho="3" sc="143,0,280,62,307,0,250,-42" /><INIT seed="4,0,0,3,3,99" ten="143,342,307,208" oya="0" hai0="122,31,107,125,33,108,101,17,49,102,124,25,95" hai1="94,63,11,120,1,24,81,131,106,73,56,68,19" hai2="104,66,12,44,97,93,110,89,77,38,126,121,117" hai3="84,37,22,23,127,47,15,29,45,109,134,21,100"/><T74/><D107/><U96/><E68/><V55/><F110/><W105/><G109/><T16/><D108/><U5/><E120/><V91/><F121/><W118/><G118/><T57/><D122/><U3/><E106/><V36/><F117/><W88/><G127/><N who="0" m="48715" /><D74/><U65/><E131/><V75/><F66/><W87/><G134/><T70/><D70/><U112/><E112/><V2/><F2/><W0/><G0/><T98/><D102/><U13/><E24/><V35/><F35/><W123/><G123/><T8/><D8/><U78/><REACH who="1" step="1"/><E5/><REACH who="1" ten="143,332,307,208" step="2"/><V113/><F104/><W46/><G105/><T82/><D82/><U42/><E42/><V67/><F113/><W53/><G29/><T86/><D86/><U115/><E115/><V27/><F27/><W90/><G87/><T62/><D49/><U69/><E69/><V79/><F126/><W103/><G84/><T43/><D43/><U119/><E119/><V28/><F28/><W61/><G37/><T111/><D111/><U60/><E60/><V128/><F36/><W9/><G61/><T116/><D116/><U18/><E18/><V132/><F38/><W59/><G59/><T20/><D33/><U114/><E114/><V51/><F51/><W4/><G53/><AGARI ba="0,1" hai="16,17,20,25,31,53,57,62,95,98,101" m="48715" machi="53" ten="30,5800,0" yaku="18,1,52,1,54,1" doraHai="99" who="0" fromWho="3" sc="143,68,332,0,307,0,208,-58" /><INIT seed="4,1,0,4,3,82" ten="211,332,307,150" oya="0" hai0="78,54,46,64,111,7,110,43,5,21,23,14,30" hai1="38,27,116,133,48,73,56,88,12,16,71,33,70" hai2="29,119,86,120,84,95,24,75,51,118,37,125,108" hai3="103,74,92,87,98,117,130,47,44,101,89,25,52"/><T94/><D64/><U11/><E38/><V76/><F108/><N who="0" m="41514" /><D54/><U6/><E73/><V68/><F37/><W91/><G117/><N who="2" m="44553" /><F68/><W102/><G74/><T72/><D72/><U79/><E79/><V53/><F120/><W69/><G130/><T81/><D94/><U62/><E116/><V85/><F125/><W61/><G25/><N who="0" m="16687" /><D81/><U124/><E133/><V58/><F75/><W122/><G122/><T134/><D78/><U80/><E124/><V4/><F4/><W18/><G18/><N who="0" m="10711" /><D134/><U115/><E48/><AGARI ba="1,0" hai="5,7,43,46,48" m="10711,16687,41514" machi="48" ten="30,1500,0" yaku="10,1" doraHai="82" who="0" fromWho="1" sc="211,18,332,-18,307,0,150,0" /><INIT seed="4,2,0,4,1,99" ten="229,314,307,150" oya="0" hai0="104,6,71,22,5,31,20,134,30,33,90,43,107" hai1="75,2,29,82,91,84,112,102,96,78,132,53,59" hai2="3,85,131,41,95,18,70,73,123,101,19,50,79" hai3="47,120,72,119,116,66,32,0,100,89,27,11,106"/><T61/><D43/><U17/><E2/><V121/><F70/><W122/><G47/><T46/><D46/><U62/><E132/><V58/><F3/><W52/><G66/><T57/><D71/><U28/><E112/><V83/><F131/><W54/><G72/><T23/><D134/><U49/><E17/><V135/><F135/><W37/><G89/><T40/><D40/><U51/><E51/><V39/><F39/><W36/><G0/><T25/><D31/><U67/><E78/><V92/><F73/><W1/><G1/><T86/><D5/><U24/><E75/><V108/><F108/><W113/><G11/><T26/><D26/><U15/><E15/><V109/><F109/><W10/><G10/><T68/><D68/><U133/><E133/><V65/><F41/><W13/><G13/><T74/><D6/><U94/><REACH who="1" step="1"/><E24/><REACH who="1" ten="229,304,307,150" step="2"/><V42/><F50/><W81/><G27/><T12/><D12/><U115/><E115/><V4/><F19/><W21/><G113/><T125/><D74/><U16/><E16/><V103/><F18/><W35/><G36/><T126/><D20/><U128/><E128/><V130/><F130/><W111/><G37/><T117/><D22/><U87/><E87/><V55/><F85/><W110/><G21/><T44/><D23/><U80/><E80/><V48/><F83/><W118/><G118/><T14/><D117/><U129/><E129/><V127/><F48/><W88/><G81/><N who="0" m="49487" /><D14/><U38/><E38/><V97/><F79/><W76/><G76/><T114/><D114/><U56/><AGARI ba="2,1" hai="28,29,49,53,56,59,62,67,82,84,91,94,96,102" machi="56" ten="20,8000,1" yaku="1,1,0,1,7,1,8,1,52,1,53,0" doraHai="99" doraHaiUra="8" who="1" fromWho="1" sc="229,-42,304,96,307,-22,150,-22" /><INIT seed="5,0,0,3,4,6" ten="187,400,285,128" oya="1" hai0="69,26,75,61,5,23,11,7,118,36,79,99,64" hai1="134,54,121,58,37,129,127,14,97,85,117,1,42" hai2="16,91,49,39,62,80,13,59,98,130,4,124,113" hai3="72,21,86,10,95,15,77,128,119,9,88,17,2"/><U25/><E1/><V105/><F39/><W57/><G128/><T92/><D36/><U53/><E85/><V96/><F130/><W65/><G119/><T122/><D118/><U44/><E121/><V12/><F124/><W0/><G72/><T67/><D122/><U132/><E117/><V131/><F131/><W70/><G70/><T47/><D47/><U82/><E82/><V41/><F113/><W28/><G77/><T20/><D67/><U66/><E25/><V48/><F4/><N who="3" m="3495" /><G0/><T34/><D5/><U103/><E14/><V101/><F12/><N who="3" m="7319" /><G2/><T32/><D79/><U24/><E24/><V27/><F27/><N who="3" m="16495" /><G57/><T126/><D75/><U110/><E129/><V46/><F59/><W76/><G76/><T60/><D126/><U83/><E127/><V63/><F105/><W100/><G65/><T93/><D69/><U104/><E110/><V135/><F13/><W112/><G112/><T111/><D64/><U115/><E115/><V108/><F108/><W43/><G100/><T109/><D7/><U73/><E66/><V102/><F102/><W52/><G52/><T125/><D125/><U81/><E73/><V90/><F101/><W18/><G43/><T87/><D26/><U89/><E54/><V31/><F41/><W78/><G78/><T22/><D22/><U8/><E53/><V30/><F30/><W107/><G107/><T33/><D33/><U114/><E58/><V94/><F31/><W74/><G74/><T38/><D38/><U116/><E37/><V84/><F49/><W45/><G45/><T133/><D111/><U35/><E114/><RYUUKYOKU ba="0,0" sc="187,-10,400,-10,285,-10,128,30" hai3="18,86,88,95" /><INIT seed="6,1,0,5,5,116" ten="177,390,275,158" oya="2" hai0="125,3,11,102,75,28,55,6,80,30,122,112,119" hai1="34,86,98,96,104,114,19,41,101,131,23,24,93" hai2="73,18,132,109,46,12,22,118,59,39,99,133,44" hai3="38,48,84,64,124,8,105,29,57,91,126,121,74"/><V5/><F118/><W33/><G38/><T130/><D119/><U7/><E114/><V117/><F117/><W71/><G74/><T35/><D112/><U56/><E131/><V82/><F109/><W43/><G105/><T129/><D125/><N who="3" m="48233" /><G8/><T107/><D122/><U40/><E7/><V4/><F59/><W79/><G79/><N who="0" m="44159" /><D55/><U27/><E86/><V85/><F73/><W26/><G71/><T72/><D72/><U115/><E115/><V103/><F4/><W77/><G77/><T17/><D17/><U100/><E56/><V2/><F5/><W106/><G106/><T90/><D90/><U87/><E87/><V83/><F2/><W68/><G68/><T127/><D127/><U42/><E34/><V63/><F63/><N who="3" m="37999" /><G48/><T45/><D45/><U123/><E123/><V36/><F46/><W53/><G53/><T49/><D49/><U135/><E135/><V128/><F44/><W134/><G43/><T97/><D30/><U89/><E89/><V70/><F70/><W65/><G65/><T94/><D107/><U110/><E110/><V120/><F120/><W66/><G66/><T69/><D69/><U62/><E62/><V61/><F61/><W9/><G121/><T47/><D47/><U13/><AGARI ba="1,0" hai="13,19,23,24,27,40,41,42,93,96,98,100,101,104" machi="13" ten="30,1100,0" yaku="0,1" doraHai="116" who="1" fromWho="1" sc="177,-4,390,14,275,-6,158,-4" /><INIT seed="7,0,0,1,2,41" ten="173,404,269,154" oya="3" hai0="40,95,42,111,76,39,33,26,56,78,106,134,19" hai1="81,77,104,8,38,48,88,43,50,53,31,20,126" hai2="127,79,102,64,18,113,30,15,124,57,58,35,128" hai3="99,80,83,47,97,0,119,72,73,37,110,96,7"/><W21/><G119/><T3/><D111/><U24/><E104/><V82/><F113/><W130/><G110/><T4/><D106/><U34/><E38/><V118/><F118/><W107/><G21/><N who="0" m="13631" /><D33/><U71/><E71/><V117/><F117/><W61/><G61/><T87/><D39/><U51/><E43/><N who="0" m="16425" /><D3/><U1/><E126/><N who="2" m="48171" /><F102/><N who="3" m="62919" /><G47/><T93/><D134/><U9/><E1/><V16/><F64/><W114/><G7/><T85/><D4/><U92/><E34/><V121/><F18/><W133/><G0/><T14/><D14/><U69/><E69/><V100/><F100/><W52/><G52/><T13/><D13/><U115/><E115/><V36/><F36/><W105/><G37/><T70/><D70/><U131/><E53/><V65/><F65/><W23/><G23/><T45/><D56/><U101/><E101/><V60/><F58/><W98/><G114/><T109/><D45/><U94/><E48/><V125/><F57/><W74/><G133/><T91/><D109/><U112/><E112/><V67/><F15/><W5/><G105/><T10/><D10/><U129/><E50/><V6/><F30/><W122/><G5/><T84/><D95/><U2/><E94/><V12/><F12/><W132/><G132/><T25/><D25/><U44/><E2/><V90/><F60/><W86/><G122/><T59/><D59/><U108/><E108/><V32/><F121/><W11/><G11/><T27/><D27/><U46/><E8/><V75/><F125/><W68/><G68/><T63/><D63/><U135/><E9/><V28/><F35/><RYUUKYOKU ba="0,0" sc="173,30,404,-10,269,-10,154,-10" hai0="76,78,84,85,87,91,93" owari="203,-19.7,394,49.4,259,5.9,144,-35.6" /></mjloggm>