<mjloggm ver="2.3"><GO type="169" lobby="0"/><UN n0="%4D%41%43%4F%54%4F" n1="%71%75%65%79%69%6D%65%6E" n2="%E6%9D%B1%E6%96%B9%E5%AE%9A%E5%8A%A9" n3="%E3%81%B1%E3%82%93%E3%81%AA%E3%81%93%E3%81%BE%E3%81%A3%E3%81%9F" dan="16,16,16,17" rate="2062.43,2118.04,2127.09,2233.65" sx="F,M,M,M"/><TAIKYOKU oya="0"/><INIT seed="0,0,0,2,4,25" ten="250,250,250,250" oya="0" hai0="90,15,133,78,36,117,98,102,96,16,115,17,50" hai1="4,104,106,53,89,134,58,9,124,65,76,14,31" hai2="122,38,51,77,33,11,74,132,56,72,119,28,45" hai3="111,116,7,135,21,100,85,125,55,91,23,118,60"/><T1/><BYE who="3" /><D115/><U32/><E124/><UN n3="%E3%81%B1%E3%82%93%E3%81%AA%E3%81%93%E3%81%BE%E3%81%A3%E3%81%9F" /><V61/><F122/><W59/><G125/><T73/><D117/><U80/><E134/><V95/><F132/><W13/><G135/><T123/><D123/><U3/><E65/><V108/><F108/><W2/><G111/><T24/><D1/><U110/><E110/><V126/><F126/><W109/><G109/><T42/><D36/><U127/><E89/><V66/><F119/><W79/><G79/><T39/><D39/><U19/><E32/><V113/><F113/><W94/><G2/><T62/><D73/><U103/><E31/><V29/><F33/><W20/><REACH who="3" step="1"/><G100/><REACH who="3" ten="250,250,250,240" step="2"/><T47/><D78/><U44/><E103/><V40/><F77/><W86/><G86/><T0/><D0/><U26/><E127/><V93/><F74/><W101/><G101/><T43/><D133/><U84/><E3/><V30/><F72/><W27/><G27/><T10/><D90/><U87/><E26/><V112/><F112/><W130/><G130/><T54/><D98/><U8/><E87/><V69/><REACH who="2" step="1"/><F11/><AGARI ba="0,1" hai="7,11,13,20,21,23,55,59,60,85,91,94,116,118" machi="11" ten="40,1300,0" yaku="1,1,53,0" doraHai="25" doraHaiUra="99" who="3" fromWho="2" sc="250,0,250,0,250,-13,240,23" /><INIT seed="1,0,0,5,2,61" ten="250,250,237,263" oya="1" hai0="122,65,51,38,54,127,4,97,59,115,40,107,93" hai1="99,75,22,108,63,58,120,7,2,19,31,6,78" hai2="9,104,0,53,119,128,48,41,28,112,84,68,33" hai3="129,42,83,26,86,47,72,131,134,69,45,114,67"/><U23/><E120/><V91/><F119/><W101/><G114/><T39/><D115/><U85/><E75/><V46/><F112/><W98/><G72/><T50/><D107/><U77/><E108/><V109/><F104/><W44/><G134/><T121/><D127/><U73/><E73/><V52/><F68/><W1/><G1/><T13/><D4/><U60/><E60/><V110/><F128/><N who="3" m="49227" /><G26/><T105/><D105/><U17/><E31/><V21/><F33/><W66/><G69/><T90/><D13/><U57/><E85/><V43/><F28/><W56/><G56/><T16/><D16/><U30/><E30/><V95/><F21/><W36/><G36/><T8/><D8/><U62/><REACH who="1" step="1"/><E2/><REACH who="1" ten="250,240,237,263" step="2"/><V34/><F34/><W100/><G42/><T79/><D121/><U118/><E118/><V103/><F43/><W117/><G117/><T20/><D40/><U87/><E87/><V123/><F123/><W35/><G35/><T5/><D122/><U10/><E10/><V135/><F0/><W18/><G18/><T3/><D3/><U82/><E82/><V96/><F9/><W76/><G101/><T130/><D130/><U89/><E89/><V12/><F109/><W25/><G25/><T81/><D81/><U102/><E102/><V49/><F110/><W74/><G74/><T71/><D90/><U11/><E11/><V29/><F29/><W116/><G116/><T24/><D24/><U132/><E132/><V94/><F135/><W27/><G27/><T106/><D5/><U124/><E124/><V70/><F41/><W92/><AGARI ba="0,1" hai="44,45,47,66,67,76,83,86,92,98,100" m="49227" machi="92" ten="30,7900,0" yaku="5,1,19,1,52,2" doraHai="61" who="3" fromWho="3" sc="250,-20,240,-39,237,-20,263,89" /><INIT seed="2,0,0,5,2,11" ten="230,201,217,352" oya="2" hai0="76,30,133,2,65,7,22,134,70,91,60,53,96" hai1="108,12,15,24,6,63,16,125,88,111,128,61,85" hai2="8,51,101,23,4,59,117,42,109,106,115,74,77" hai3="82,135,21,127,13,93,25,99,120,94,36,129,83"/><V89/><F115/><W50/><G120/><T98/><D76/><U67/><E128/><V34/><F34/><W86/><G36/><T41/><D41/><U90/><E125/><V123/><F117/><W72/><G129/><T130/><D130/><U118/><E118/><V0/><F123/><W62/><G72/><T114/><D114/><U104/><E104/><V116/><F116/><W46/><G127/><T14/><D2/><U31/><E6/><V35/><F35/><W132/><G62/><N who="1" m="23562" /><E67/><V57/><F89/><N who="1" m="34409" /><E85/><V1/><F1/><W124/><G124/><T110/><D110/><N who="1" m="42027" /><E16/><V113/><F106/><W58/><G86/><T75/><D75/><U49/><E49/><V54/><F51/><W33/><G50/><T122/><D122/><U81/><E81/><V103/><F4/><W131/><G83/><T28/><D91/><U105/><E105/><V32/><F0/><W39/><G82/><T27/><D53/><U10/><E10/><V18/><F8/><W17/><G17/><N who="0" m="10551" /><D7/><U126/><E126/><V3/><F54/><W45/><G131/><T95/><D95/><U56/><E56/><V78/><F59/><W80/><G58/><T87/><D87/><U44/><E44/><V79/><F57/><W55/><G46/><T84/><D84/><U47/><E47/><V9/><F3/><W71/><G45/><T37/><D65/><U52/><E52/><V29/><F109/><W26/><G93/><T119/><D119/><U66/><E66/><V40/><F74/><W43/><G94/><T20/><D60/><U48/><E48/><V69/><F113/><RYUUKYOKU ba="0,0" sc="230,-10,201,30,217,-10,352,-10" hai1="12,15,24,31" /><INIT seed="3,1,0,3,4,124" ten="220,231,207,342" oya="3" hai0="43,16,54,91,123,31,27,0,62,118,112,108,48" hai1="114,13,67,82,2,17,14,45,117,87,46,11,6" hai2="131,86,76,109,36,24,5,9,129,75,100,92,40" hai3="90,102,126,37,44,15,71,4,88,23,104,121,103"/><W105/><G71/><T66/><D118/><U80/><E114/><V134/><F109/><W77/><G37/><T122/><D0/><U58/><E117/><V101/><F24/><W60/><G60/><T22/><D43/><U116/><E116/><V127/><F134/><W78/><G44/><T33/><D108/><U120/><E120/><V98/><F86/><W7/><G15/><T57/><D91/><U96/><E96/><V49/><F49/><W32/><G23/><T30/><D112/><U128/><E82/><N who="2" m="45343" /><F101/><W56/><G56/><T42/><D42/><U10/><E128/><N who="2" m="49227" /><F127/><W25/><G25/><T74/><D74/><U110/><E2/><N who="2" m="183" /><F40/><W85/><G85/><T39/><D31/><U133/><E133/><V130/><N who="2" m="49235" /><V111/><DORA hai="64" /><F111/><W79/><G126/><T106/><D30/><U51/><E110/><V20/><F20/><W113/><G79/><T1/><D22/><U8/><E8/><V47/><F47/><W135/><G135/><T119/><D27/><U21/><E21/><V28/><F28/><W97/><G113/><T3/><D119/><U94/><E51/><V89/><F100/><W132/><G132/><T18/><D48/><U61/><E94/><V63/><F63/><W72/><G72/><T52/><D62/><U81/><E81/><V99/><F99/><W95/><G97/><T69/><D122/><U73/><E73/><V125/><F125/><W93/><REACH who="3" step="1"/><G32/><REACH who="3" ten="220,231,207,332" step="2"/><T55/><D33/><U68/><E61/><V50/><F50/><W70/><G70/><T59/><D69/><U38/><E68/><V115/><F115/><RYUUKYOKU ba="1,1" sc="220,-15,231,-15,207,15,332,15" hai2="36,89,92,98" hai3="4,7,77,78,88,90,93,95,102,103,104,105,121" /><INIT seed="3,2,1,2,4,42" ten="205,216,222,347" oya="3" hai0="84,103,39,26,21,14,107,8,4,47,71,124,10" hai1="43,113,54,61,89,111,41,91,35,79,80,32,115" hai2="68,36,0,34,72,133,121,101,70,96,69,81,9" hai3="105,77,64,59,18,22,112,13,120,23,28,19,110"/><W58/><G105/><T97/><D71/><U94/><E111/><V55/><F55/><W95/><G112/><T11/><D124/><U44/><E61/><V126/><F126/><W90/><G120/><T130/><D130/><U31/><E54/><V65/><F133/><W135/><G135/><T38/><D84/><U5/><E5/><V117/><F117/><W129/><G129/><T57/><D57/><U93/><E80/><V109/><F109/><W86/><G110/><T67/><D67/><U82/><E82/><V122/><F34/><W1/><G1/><T50/><D38/><U100/><E100/><V25/><F25/><W102/><G28/><T63/><D63/><U2/><E31/><V20/><F20/><W85/><G102/><T53/><REACH who="0" step="1"/><D39/><REACH who="0" ten="195,216,222,347" step="2"/><U119/><E119/><V75/><F65/><W29/><G64/><T7/><D7/><U27/><E115/><V52/><F36/><W6/><G6/><T76/><D76/><U16/><E79/><V15/><F70/><W3/><G85/><T108/><D108/><U40/><E113/><V66/><F69/><W73/><G77/><T24/><D24/><U87/><E27/><V128/><F68/><W132/><G132/><T125/><D125/><U74/><E87/><V118/><F128/><W98/><G86/><T30/><AGARI ba="2,2" hai="4,8,10,11,14,21,26,30,47,50,53,97,103,107" machi="30" ten="20,8000,1" yaku="1,1,0,1,7,1,52,1,53,1" doraHai="42" doraHaiUra="92" who="0" fromWho="0" sc="195,106,216,-22,222,-22,347,-42" /><INIT seed="4,0,0,0,4,68" ten="301,194,200,305" oya="0" hai0="23,80,26,62,94,19,121,21,25,54,41,9,101" hai1="82,72,90,102,5,103,8,104,118,6,76,66,58" hai2="45,28,134,44,65,106,100,135,57,13,43,110,2" hai3="117,36,115,30,48,10,93,74,109,34,122,130,133"/><T33/><D121/><U126/><E118/><V53/><F2/><W3/><G10/><T37/><D33/><U127/><E6/><V51/><F28/><W129/><G48/><T15/><D80/><U18/><E18/><V91/><F106/><W52/><G52/><T1/><D1/><U55/><E66/><V88/><F100/><W50/><G50/><T56/><D37/><U59/><E59/><V67/><F110/><W132/><G93/><T86/><D41/><U112/><E90/><N who="2" m="34347" /><F13/><W69/><G30/><T14/><D86/><U79/><E79/><V123/><F45/><W22/><G22/><T111/><D111/><U73/><E73/><V7/><F7/><W98/><G98/><N who="0" m="59607" /><D23/><U83/><E83/><V108/><F108/><W120/><G120/><T128/><D128/><U116/><E116/><V81/><F81/><W17/><G130/><T125/><D125/><N who="1" m="47627" /><E104/><V64/><F123/><W89/><G89/><T40/><D40/><U84/><E72/><V20/><F20/><W131/><G129/><T35/><D35/><U78/><E78/><V11/><F11/><W119/><G117/><T16/><AGARI ba="0,0" hai="9,14,15,16,19,21,25,26,54,56,62" m="59607" machi="16" ten="30,3000,0" yaku="8,1,54,1" doraHai="68" who="0" fromWho="0" sc="301,30,194,-10,200,-10,305,-10" /><INIT seed="4,1,0,1,4,39" ten="331,184,190,295" oya="0" hai0="82,66,28,25,48,63,79,85,106,83,90,129,76" hai1="87,114,13,71,7,121,89,1,15,2,0,44,110" hai2="9,124,91,70,105,80,31,23,59,68,62,55,104" hai3="51,43,36,99,125,72,12,53,56,57,75,27,115"/><T92/><D106/><U40/><E110/><V112/><F9/><W84/><G115/><T74/><D129/><U100/><E121/><V127/><F91/><W109/><G109/><T126/><D126/><N who="2" m="48170" /><F80/><W17/><G125/><T131/><D131/><U54/><E71/><N who="2" m="27179" /><F112/><W14/><G99/><T30/><D48/><U47/><E100/><V77/><F77/><W11/><G84/><T123/><D123/><U107/><E107/><V65/><F55/><W130/><G130/><T58/><REACH who="0" step="1"/><D25/><AGARI ba="1,0" hai="23,25,31,59,62,65,104,105" m="27179,48170" machi="25" ten="30,1000,0" yaku="18,1" doraHai="39" who="2" fromWho="0" sc="331,-13,184,0,190,13,295,0" /><INIT seed="5,0,0,4,5,106" ten="318,184,203,295" oya="1" hai0="101,32,111,109,6,134,5,68,69,121,60,13,63" hai1="85,17,71,123,7,24,120,58,110,62,103,102,122" hai2="100,34,87,10,35,114,27,89,112,77,4,128,21" hai3="65,80,25,72,73,79,0,31,96,33,47,76,38"/><U99/><E71/><V116/><F100/><W86/><G65/><T108/><D32/><U46/><E110/><V61/><F61/><W52/><G96/><T104/><D121/><U84/><E7/><V22/><F77/><W2/><G86/><T55/><D134/><U91/><E46/><V8/><F116/><W133/><G133/><T107/><D101/><U53/><E102/><V23/><F128/><W29/><G29/><T83/><D55/><U3/><E3/><V14/><F10/><W45/><G45/><T125/><D83/><U67/><E67/><V56/><F56/><W37/><G52/><T48/><D48/><U105/><REACH who="1" step="1"/><E91/><REACH who="1" ten="318,174,203,295" step="2"/><V12/><F89/><W66/><G66/><T75/><D109/><U50/><E50/><V40/><F4/><W15/><G47/><T36/><D69/><U78/><E78/><V113/><F113/><W70/><G70/><T44/><D68/><U41/><E41/><V16/><F40/><W1/><G15/><T129/><D13/><U127/><E127/><V118/><F14/><W18/><G18/><T26/><D125/><U43/><E43/><V81/><F112/><W92/><G92/><T49/><D44/><U30/><E30/><V19/><F114/><W124/><G124/><T64/><D64/><U82/><E82/><AGARI ba="0,1" hai="0,1,2,25,31,33,37,38,72,73,76,79,80,82" machi="82" ten="40,12000,2" yaku="9,1,33,3,52,2" doraHai="106" who="3" fromWho="1" sc="318,0,174,-120,203,0,295,130" /><INIT seed="6,0,0,2,3,129" ten="318,54,203,425" oya="2" hai0="88,20,29,13,112,82,26,60,92,34,5,35,7" hai1="37,76,3,113,73,90,98,135,111,16,120,132,74" hai2="64,6,124,81,28,47,134,128,59,104,71,99,123" hai3="70,127,1,116,121,23,2,27,109,89,97,49,51"/><V52/><F123/><W110/><G70/><T108/><D108/><U85/><E3/><V30/><F128/><W38/><G38/><T4/><D112/><U61/><E111/><V22/><F6/><W66/><G66/><T44/><D82/><N who="1" m="47303" /><E37/><V43/><F81/><W115/><G23/><T117/><D117/><U83/><E61/><N who="2" m="40335" /><F22/><W93/><G93/><T21/><D60/><U19/><E19/><V122/><F122/><W101/><G89/><T131/><D44/><U77/><E16/><V42/><F42/><W54/><G27/><T32/><D131/><U103/><E120/><V96/><F104/><W75/><G54/><T114/><D114/><U67/><E67/><V102/><F102/><W31/><G101/><T125/><D21/><U45/><E45/><V55/><F55/><W79/><G79/><T78/><D78/><U50/><E50/><N who="2" m="31127" /><F30/><W95/><G31/><T118/><D118/><U46/><E46/><V65/><F65/><W10/><G116/><T58/><D58/><U24/><E24/><V39/><F28/><W69/><G121/><T133/><D34/><U48/><E48/><V9/><F9/><W87/><G10/><T86/><D35/><U11/><E11/><V84/><F47/><W106/><G106/><T72/><D32/><U36/><E36/><V17/><F17/><W130/><G130/><T80/><D29/><U18/><E18/><V62/><F62/><W107/><G107/><T68/><D68/><U12/><E12/><V126/><F39/><W14/><G110/><T57/><D13/><U56/><E56/><V100/><F43/><RYUUKYOKU ba="0,0" sc="318,0,54,0,203,0,425,0" /><INIT seed="7,1,0,3,0,64" ten="318,54,203,425" oya="3" hai0="37,41,117,77,11,105,120,21,93,35,19,90,0" hai1="84,96,42,124,39,27,5,31,126,95,51,114,68" hai2="128,94,48,26,62,116,123,18,22,135,33,59,111" hai3="74,1,9,7,92,107,85,12,25,36,43,88,99"/><W101/><G74/><T73/><D117/><U17/><E5/><V129/><F111/><W16/><G25/><T45/><D105/><U76/><E51/><V14/><F116/><W134/><G134/><T87/><D35/><U50/><E50/><V80/><F80/><W28/><G28/><T49/><D120/><U97/><E84/><V65/><F135/><W130/><G130/><T122/><D122/><U78/><E95/><V102/><F48/><W13/><G36/><T55/><D73/><U44/><E44/><V3/><F3/><W2/><G43/><T29/><D29/><U103/><E31/><V15/><F33/><W30/><G30/><T32/><D32/><U118/><E27/><V63/><F63/><W66/><G66/><T115/><D115/><U109/><E42/><V70/><F59/><W89/><G89/><T4/><D77/><U34/><E34/><V23/><F26/><W98/><G98/><T106/><D106/><U119/><E17/><V46/><F123/><W69/><G69/><T79/><D79/><U57/><E57/><V54/><F70/><W56/><G56/><T24/><D37/><U81/><E39/><V83/><F46/><W110/><G110/><T53/><AGARI ba="1,0" hai="0,4,11,19,21,24,41,45,49,53,55,87,90,93" machi="53" ten="30,1100,0" yaku="0,1" doraHai="64" who="0" fromWho="0" sc="318,14,54,-4,203,-4,425,-6" owari="332,13.2,50,-45.0,199,-20.1,419,51.9" /></mjloggm>