<mjloggm ver="2.3"><GO type="169" lobby="0"/><UN n0="%E6%95%97%E5%8C%97%E8%80%85%E3%81%AD%E3%82%8B" n1="%E4%B8%8B%E7%B4%9A%E5%9B%BD%E6%B0%91" n2="%E4%B8%83%E7%94%9F%E5%A4%95" n3="%E3%83%A9%E3%83%A0%E3%83%9E%E3%82%B8%E5%A4%A9%E4%BD%BF" dan="17,17,16,17" rate="2174.14,2143.96,2100.10,2123.66" sx="F,M,M,M"/><TAIKYOKU oya="0"/><INIT seed="0,0,0,4,3,72" ten="250,250,250,250" oya="0" hai0="81,85,18,90,35,114,104,58,124,47,31,82,15" hai1="96,34,45,14,101,3,56,89,2,69,111,122,50" hai2="67,25,1,77,8,24,91,20,70,49,29,38,84" hai3="86,44,46,129,123,127,6,37,75,119,110,17,5"/><T11/><D114/><U32/><E69/><V105/><F38/><W62/><G119/><T9/><D104/><U121/><E56/><V94/><F105/><W131/><G110/><T42/><D124/><U108/><E89/><V97/><F70/><W98/><G75/><T116/><D116/><U103/><E14/><V0/><F67/><W102/><G127/><T64/><D31/><U22/><E22/><V73/><F73/><W43/><G46/><T83/><D35/><N who="1" m="13355" /><E50/><V53/><F25/><W52/><G17/><T61/><REACH who="0" step="1"/><D9/><REACH who="0" ten="240,250,250,250" step="2"/><U48/><E122/><V134/><F8/><W23/><G123/><T109/><D109/><U13/><E121/><V133/><F134/><W41/><G23/><T28/><D28/><U107/><E107/><V130/><F133/><W19/><G131/><T60/><D60/><U112/><E112/><V117/><F130/><W93/><G129/><T74/><D74/><U78/><E111/><V4/><F117/><W115/><G115/><T100/><D100/><U12/><E103/><V128/><F128/><W99/><G102/><T95/><D95/><U7/><E101/><V126/><F126/><W87/><G93/><T55/><D55/><U80/><E108/><V26/><F53/><W57/><G52/><T92/><D92/><U16/><E80/><V36/><F94/><W132/><G62/><T65/><D65/><U118/><E118/><V10/><F10/><W39/><G132/><T79/><D79/><U27/><E78/><V66/><F77/><W21/><G21/><T40/><D40/><U30/><E30/><V59/><F29/><RYUUKYOKU ba="0,1" sc="240,30,250,-10,250,-10,250,-10" hai0="11,15,18,42,47,58,61,64,81,82,83,85,90" /><INIT seed="0,1,1,0,3,73" ten="270,240,240,240" oya="0" hai0="19,83,106,61,55,71,77,93,99,74,119,75,57" hai1="68,110,9,114,6,134,49,21,129,132,16,2,33" hai2="121,46,18,133,86,104,25,111,59,76,10,14,105" hai3="13,64,0,96,7,97,92,69,135,20,130,120,51"/><T103/><D119/><U39/><E39/><V48/><F121/><W53/><G130/><T42/><D71/><U79/><E68/><V82/><F111/><W72/><G135/><N who="1" m="51754" /><E110/><V123/><F123/><W29/><G120/><T94/><D74/><U98/><E33/><V32/><F133/><W85/><G72/><T45/><REACH who="0" step="1"/><D19/><REACH who="0" ten="260,240,240,240" step="2"/><U41/><E129/><V37/><F37/><AGARI ba="1,2" hai="37,42,45,55,57,61,75,77,83,93,94,99,103,106" machi="37" ten="30,12000,1" yaku="1,1,2,1,7,1,52,1,53,1" doraHai="73" doraHaiUra="50" who="0" fromWho="2" sc="260,143,240,0,240,-123,240,0" /><INIT seed="0,2,0,0,2,20" ten="403,240,117,240" oya="0" hai0="19,46,105,42,60,43,39,123,51,114,95,47,41" hai1="50,96,37,25,72,24,66,73,10,8,1,31,93" hai2="14,13,34,6,29,54,82,69,70,116,85,111,27" hai3="128,89,38,52,98,81,2,33,26,78,83,71,126"/><T63/><D114/><U102/><E37/><V21/><F111/><W22/><G71/><T131/><D105/><U53/><E66/><V74/><F116/><W104/><G38/><N who="0" m="21815" /><D95/><U97/><E97/><V122/><F74/><W75/><G33/><T65/><D19/><U4/><E10/><V68/><F122/><W129/><G2/><T5/><D5/><U77/><E77/><V15/><F54/><W130/><G126/><T108/><D123/><U11/><E11/><V100/><F100/><W67/><G67/><T99/><D99/><U90/><E102/><V61/><F61/><N who="0" m="23626" /><D108/><U48/><E48/><V94/><F94/><W44/><G104/><T3/><D3/><U40/><E40/><V132/><F132/><W88/><G98/><T115/><D115/><U86/><E96/><V121/><F121/><W119/><G119/><T16/><D16/><U133/><E133/><V57/><F57/><W56/><G81/><T23/><D65/><U112/><E112/><V35/><REACH who="2" step="1"/><F6/><REACH who="2" ten="403,240,107,240" step="2"/><W0/><G56/><T84/><D43/><U45/><REACH who="1" step="1"/><E25/><REACH who="1" ten="403,230,107,240" step="2"/><V109/><F109/><W120/><G120/><T124/><D42/><U30/><E30/><V134/><F134/><W28/><G0/><T101/><D101/><U135/><E135/><V59/><F59/><W127/><G127/><T113/><D124/><U103/><E103/><V9/><F9/><W91/><G129/><T12/><D131/><U64/><E64/><V36/><F36/><W58/><G44/><T7/><D39/><U117/><E117/><V107/><F107/><W79/><G79/><AGARI ba="2,2" hai="13,14,15,21,27,29,34,35,68,69,70,79,82,85" machi="79" ten="50,3200,0" yaku="1,1,52,1,53,0" doraHai="20" doraHaiUra="118" who="2" fromWho="3" sc="403,0,230,0,107,58,240,-38" /><INIT seed="1,0,0,5,3,70" ten="403,230,165,202" oya="1" hai0="37,120,46,59,66,58,65,26,53,9,39,16,96" hai1="93,12,91,22,35,133,45,113,28,69,13,134,21" hai2="89,92,105,128,80,98,75,74,43,18,110,121,7" hai3="125,50,72,32,17,33,47,85,55,25,95,115,60"/><U19/><E69/><V104/><F7/><W130/><G115/><T42/><D120/><U51/><E113/><V11/><F121/><W38/><G72/><N who="2" m="27689" /><F43/><W103/><G125/><T131/><D131/><U20/><E35/><V124/><F18/><W0/><G130/><T102/><D39/><U3/><E3/><V30/><F11/><W87/><G0/><T111/><D111/><U5/><E5/><V67/><F30/><W31/><G17/><T123/><D59/><U68/><E68/><V108/><F67/><W15/><G15/><T71/><D71/><U4/><E4/><V73/><F128/><W64/><G33/><T101/><D101/><U109/><E109/><N who="2" m="42091" /><F124/><W129/><G129/><T79/><D79/><AGARI ba="0,0" hai="73,79,80,89,92,98,104,105" m="42091,27689" machi="79" ten="30,3900,0" yaku="14,1,34,2" doraHai="70" who="2" fromWho="0" sc="403,-39,230,0,165,39,202,0" /><INIT seed="2,0,0,1,0,0" ten="364,230,204,202" oya="2" hai0="70,133,77,78,64,8,58,67,34,62,100,125,87" hai1="17,129,111,11,29,103,116,25,57,21,83,61,28" hai2="54,20,108,119,120,101,122,41,115,55,66,6,60" hai3="126,128,89,47,3,106,35,16,90,121,97,95,94"/><V5/><F115/><W24/><G121/><T45/><D34/><U79/><E116/><V44/><F119/><W33/><G3/><T124/><D133/><U50/><E111/><V74/><F74/><W112/><G126/><N who="0" m="48747" /><D100/><U131/><E50/><N who="2" m="26895" /><F120/><W71/><G128/><N who="1" m="49226" /><E11/><V4/><F122/><W9/><G71/><T59/><D45/><U18/><E29/><V73/><F73/><W110/><G106/><T86/><D8/><U109/><E103/><V65/><F108/><W2/><G110/><T135/><D135/><U32/><E32/><V118/><F118/><W7/><G47/><T48/><D48/><U75/><E109/><V39/><F39/><W15/><G112/><T134/><D134/><U31/><E31/><V69/><F69/><W10/><REACH who="3" step="1"/><G24/><REACH who="3" ten="364,230,204,192" step="2"/><T37/><D70/><U92/><E92/><V22/><F101/><W130/><G130/><T127/><D127/><U80/><E80/><V123/><F123/><W36/><G36/><T12/><D37/><U88/><E88/><V132/><F132/><W72/><G72/><T114/><D114/><U51/><E51/><V46/><F46/><W82/><G82/><T117/><D117/><U105/><E105/><V107/><F107/><W99/><AGARI ba="0,1" hai="2,7,9,10,15,16,33,35,89,90,94,95,97,99" machi="99" ten="20,12000,2" yaku="1,1,0,1,7,1,9,1,52,1,54,1,53,0" doraHai="0" doraHaiUra="43" who="3" fromWho="3" sc="364,-30,230,-30,204,-60,192,130" /><INIT seed="3,0,0,0,5,113" ten="334,200,144,322" oya="3" hai0="55,126,64,71,42,32,100,36,73,133,8,88,5" hai1="56,50,59,131,125,95,97,58,24,51,14,130,124" hai2="13,48,79,82,61,96,115,90,34,74,117,2,38" hai3="68,122,118,93,110,106,105,46,91,114,16,132,111"/><W35/><G35/><T41/><D73/><U7/><E24/><V54/><F115/><W47/><G114/><T49/><D32/><U102/><E14/><V62/><F2/><W129/><G122/><T85/><D100/><U30/><E30/><V81/><F38/><W52/><G68/><T27/><D126/><N who="1" m="48747" /><E7/><V120/><F34/><W26/><G129/><AGARI ba="0,0" hai="50,51,56,58,59,95,97,102,129,130,131" m="48747" machi="129" ten="40,2600,0" yaku="19,1,18,1" doraHai="113" who="1" fromWho="3" sc="334,0,200,26,144,0,322,-26" /><INIT seed="4,0,0,1,1,57" ten="334,226,144,296" oya="0" hai0="72,22,35,82,75,12,46,29,111,8,127,78,118" hai1="122,90,30,58,93,80,2,71,54,25,31,39,109" hai2="1,86,27,107,132,124,19,73,115,135,28,108,64" hai3="120,104,37,106,67,66,114,119,84,41,10,49,51"/><T43/><D118/><U16/><E109/><V88/><F73/><W7/><G119/><T45/><D111/><U133/><E2/><V117/><F108/><W26/><G114/><T13/><D127/><U5/><E39/><V15/><F117/><W0/><G120/><T81/><D35/><U17/><E5/><V116/><F107/><W112/><G112/><T77/><D43/><U42/><E42/><V32/><F1/><W83/><G26/><T92/><D92/><U52/><E71/><V95/><F115/><W21/><G21/><T40/><D40/><U87/><E122/><V126/><F64/><W123/><G123/><T56/><D56/><U91/><E54/><V69/><F69/><W24/><G24/><T11/><D22/><N who="1" m="13511" /><E17/><V18/><F116/><W20/><G20/><T97/><D97/><N who="1" m="57527" /><E133/><N who="2" m="51275" /><F15/><W85/><G0/><T98/><REACH who="0" step="1"/><D98/><REACH who="0" ten="324,226,144,296" step="2"/><U9/><E9/><V44/><F44/><W34/><G41/><T76/><D76/><U125/><E125/><AGARI ba="0,1" hai="18,19,27,28,32,86,88,95,124,125,126" m="51275" machi="125" ten="30,3900,0" yaku="18,1,20,1,54,1" doraHai="57" who="2" fromWho="1" sc="324,0,226,-39,144,49,296,0" /><INIT seed="5,0,0,5,1,133" ten="324,187,193,296" oya="1" hai0="70,83,38,130,108,40,13,36,16,115,39,120,34" hai1="53,60,131,129,10,128,90,113,5,86,123,79,103" hai2="125,25,37,27,61,69,118,96,48,6,46,88,104" hai3="77,56,66,92,85,112,78,58,72,0,95,127,59"/><U68/><E123/><V52/><F118/><W135/><G135/><T28/><D120/><U124/><E113/><V81/><F6/><W33/><G112/><T76/><D70/><U2/><E103/><V57/><F125/><W1/><G127/><T43/><D108/><U98/><E124/><V50/><F104/><W47/><G33/><T62/><D115/><U35/><E35/><V109/><F109/><W30/><G30/><T64/><D130/><U42/><E42/><V121/><F121/><W18/><G18/><T29/><D29/><U11/><E11/><V114/><F114/><W102/><G47/><T44/><D28/><U82/><E98/><V116/><F116/><W65/><G72/><T24/><D24/><U7/><E7/><V97/><F37/><W55/><G55/><T54/><D54/><U31/><E31/><V93/><F69/><W20/><G20/><T75/><D34/><U110/><E110/><V122/><F122/><W105/><G105/><T26/><D26/><N who="2" m="9738" /><F81/><W3/><G102/><T73/><D73/><U91/><REACH who="1" step="1"/><E68/><REACH who="1" ten="324,177,193,296" step="2"/><V41/><F97/><W8/><G8/><T80/><D40/><U134/><E134/><V94/><F94/><N who="3" m="35883" /><G85/><T132/><D132/><U107/><E107/><V84/><F84/><W9/><G9/><T12/><D43/><U17/><E17/><V15/><F15/><W87/><G87/><N who="0" m="48519" /><D16/><U100/><E100/><V74/><F74/><W22/><G22/><T14/><D75/><U71/><E71/><V99/><F99/><W49/><G49/><T119/><D119/><U67/><E67/><AGARI ba="0,1" hai="0,1,3,56,58,59,65,66,67,77,78" m="35883" machi="67" ten="40,2600,0" yaku="28,2" doraHai="133" who="3" fromWho="1" sc="324,0,177,-26,193,0,296,36" /><INIT seed="6,0,0,1,5,119" ten="324,151,193,332" oya="2" hai0="131,122,48,106,100,15,102,35,78,134,89,74,55" hai1="97,65,30,53,10,25,87,50,72,26,95,73,94" hai2="0,84,129,75,90,59,22,88,52,93,135,8,33" hai3="28,132,19,51,81,38,45,70,86,31,80,124,20"/><V6/><F33/><W79/><G38/><T128/><D35/><U61/><E73/><V12/><F129/><N who="0" m="49738" /><D106/><U41/><E72/><V42/><F75/><W32/><G124/><T117/><D117/><U16/><E41/><V58/><F135/><W99/><G132/><T63/><D122/><U69/><E87/><V40/><F59/><W64/><G99/><T103/><D63/><U107/><E107/><V76/><F76/><W39/><G39/><T14/><D134/><U118/><E118/><V112/><F112/><W120/><G120/><T92/><D78/><U82/><E82/><V3/><F90/><W67/><G81/><T5/><D5/><U36/><E36/><V44/><F44/><W24/><G70/><T105/><D74/><U21/><E97/><V56/><F56/><W104/><G104/><T13/><D105/><U114/><E114/><V17/><F3/><W125/><G125/><T43/><D43/><U11/><E11/><V110/><F110/><W123/><G123/><T62/><D62/><AGARI ba="0,0" hai="0,6,8,12,17,22,40,42,52,58,62,84,88,93" machi="62" ten="30,5800,0" yaku="7,1,54,2" doraHai="119" who="2" fromWho="0" sc="324,-58,151,0,193,58,332,0" /><INIT seed="6,1,0,1,5,36" ten="266,151,251,332" oya="2" hai0="49,102,113,130,29,47,40,92,100,78,134,23,33" hai1="17,27,90,67,28,66,99,11,64,101,114,10,12" hai2="96,86,121,35,52,111,61,105,13,82,25,18,116" hai3="77,118,80,7,39,104,120,74,112,30,45,79,16"/><V65/><F116/><W42/><G118/><T88/><D33/><U106/><E114/><V31/><F121/><W3/><G120/><T108/><D108/><U132/><E132/><V119/><F119/><W37/><G112/><T24/><D113/><U84/><E10/><V76/><F111/><W124/><G124/><T69/><D69/><U63/><E84/><V72/><F52/><W44/><G30/><T22/><D130/><U41/><E90/><V97/><F105/><W131/><G131/><T125/><D125/><U53/><E53/><V2/><F2/><W117/><G117/><T109/><D109/><U6/><E6/><V50/><F50/><W89/><G104/><T123/><D123/><U58/><E41/><V55/><F55/><W26/><G89/><T68/><D68/><U135/><E135/><V34/><F34/><W57/><G57/><T115/><D115/><U19/><E19/><V129/><F72/><W133/><G133/><T126/><D78/><U9/><E9/><V32/><F32/><W75/><G79/><T15/><D126/><U46/><E46/><V20/><REACH who="2" step="1"/><F129/><REACH who="2" ten="266,151,241,332" step="2"/><W48/><G75/><T110/><D110/><U85/><REACH who="1" step="1"/><E85/><REACH who="1" ten="266,141,241,332" step="2"/><V73/><F73/><W43/><G74/><T103/><D134/><U127/><E127/><V62/><F62/><W91/><G39/><T81/><D40/><U51/><E51/><V0/><F0/><W1/><G1/><T70/><D49/><U71/><E71/><AGARI ba="1,2" hai="13,18,20,25,31,35,61,65,71,76,82,86,96,97" machi="71" ten="30,2900,0" yaku="1,1,7,1,53,0" doraHai="36" doraHaiUra="5" who="2" fromWho="1" sc="266,0,141,-32,241,52,332,0" /><INIT seed="6,2,0,0,5,3" ten="266,109,293,332" oya="2" hai0="65,21,29,99,19,112,107,37,105,104,27,95,24" hai1="122,79,132,89,43,44,4,92,130,54,41,7,50" hai2="98,133,119,128,34,85,77,125,126,84,96,102,15" hai3="97,47,28,68,25,18,32,10,20,101,35,71,135"/><V131/><F34/><W80/><G135/><T2/><D37/><U61/><E132/><V30/><F30/><W52/><G80/><T16/><D2/><U63/><E130/><N who="2" m="49707" /><F133/><W93/><G32/><T118/><D112/><U59/><E79/><V42/><F42/><W45/><G10/><T82/><D118/><U11/><E122/><V40/><F40/><W88/><G101/><T53/><D65/><U14/><E43/><V73/><F15/><W38/><G38/><T1/><D1/><U134/><E134/><V123/><F119/><W33/><G33/><T48/><D82/><U55/><E55/><V117/><F117/><W66/><G66/><T120/><D120/><U49/><REACH who="1" step="1"/><E4/><REACH who="1" ten="266,99,293,332" step="2"/><V72/><F123/><W127/><G52/><T31/><D53/><U81/><E81/><N who="2" m="45223" /><F73/><W39/><G39/><T5/><D5/><U124/><E124/><N who="2" m="47723" /><F98/><AGARI ba="2,1" hai="7,11,14,41,44,49,50,54,59,61,63,89,92,98" machi="98" ten="30,7700,0" yaku="1,1,7,1,8,1,52,1,53,0" doraHai="3" doraHaiUra="115" who="1" fromWho="2" sc="266,0,99,93,293,-83,332,0" /><INIT seed="7,0,0,4,4,133" ten="266,192,210,332" oya="3" hai0="0,9,78,132,124,58,11,8,95,10,59,98,85" hai1="14,102,109,13,41,39,134,117,96,103,28,12,6" hai2="86,99,84,48,104,7,115,63,77,110,43,72,44" hai3="75,74,88,30,105,111,129,126,22,127,121,93,37"/><W79/><G121/><T101/><D132/><U16/><E109/><V18/><F110/><W100/><G37/><T131/><D131/><U61/><E134/><V29/><F115/><W107/><G129/><T120/><D120/><U33/><E117/><V21/><F29/><W119/><G119/><T68/><D68/><U50/><E39/><V66/><F7/><W35/><G35/><T67/><D67/><U53/><E6/><V112/><F112/><W128/><G128/><T81/><D124/><N who="3" m="47657" /><G100/><N who="1" m="38442" /><E96/><V91/><F104/><N who="3" m="40011" /><G79/><T57/><N who="0" m="2048" /><DORA hai="15" /><T118/><D0/><U82/><E28/><V65/><F77/><W83/><G83/><T64/><D64/><U92/><E33/><V54/><F66/><W89/><G111/><T116/><AGARI ba="0,0" hai="57,58,59,78,81,85,95,98,101,116,118" m="2048" machi="116" ten="50,1600,0" yaku="0,1" doraHai="133,15" who="0" fromWho="0" sc="266,16,192,-4,210,-4,332,-8" owari="282,8.2,188,-31.2,206,-19.4,324,42.4" /></mjloggm>