<mjloggm ver="2.3"><GO type="169" lobby="0"/><UN n0="%79%61%6E%72%6F%75" n1="%E5%A7%AB%E7%95%99" n2="%41%4C%50%45%52%49%4E" n3="%E8%B5%A4%E6%9C%A8%E3%81%97%E3%81%92%E3%82%8B" dan="16,16,17,16" rate="2147.14,2129.96,2183.78,2073.40" sx="M,M,M,M"/><TAIKYOKU oya="0"/><INIT seed="0,0,0,2,3,39" ten="250,250,250,250" oya="0" hai0="65,52,98,50,12,87,34,93,103,102,130,91,35" hai1="29,33,118,47,112,11,49,90,101,63,134,69,61" hai2="129,106,20,31,42,81,75,73,120,36,96,37,132" hai3="97,79,59,86,16,0,56,128,135,44,23,121,22"/><T66/><D130/><U83/><E118/><V108/><F120/><W48/><G0/><T60/><D102/><U14/><E134/><V85/><F132/><W122/><G135/><T7/><D7/><U70/><E101/><V46/><F129/><W27/><G97/><T117/><D117/><U89/><E112/><V131/><F131/><W41/><G128/><T109/><D109/><U104/><E104/><V100/><F108/><W19/><G86/><T54/><D54/><U17/><E29/><V51/><F37/><W28/><G79/><T116/><D116/><U67/><E33/><V111/><F111/><W127/><G127/><T57/><D12/><U71/><E63/><V125/><F125/><W123/><G28/><T72/><D72/><U5/><E5/><V113/><F113/><W40/><G41/><T78/><D78/><U15/><E15/><AGARI ba="0,0" hai="15,16,19,22,23,27,40,44,48,56,59,121,122,123" machi="15" ten="40,5200,0" yaku="13,1,52,1,54,1" doraHai="39" who="3" fromWho="1" sc="250,0,250,-52,250,0,250,52" /><INIT seed="1,0,0,3,5,108" ten="250,198,250,302" oya="1" hai0="82,51,8,119,97,92,37,126,24,76,46,11,81" hai1="1,87,106,71,72,114,55,109,98,84,60,17,91" hai2="47,121,62,52,65,13,88,48,53,50,18,103,39" hai3="31,69,19,100,49,104,34,21,54,67,134,113,41"/><U66/><E72/><V28/><F121/><W2/><G41/><T42/><D126/><U33/><E1/><V89/><F39/><W43/><G43/><T44/><D119/><U132/><E109/><V40/><F28/><W86/><G2/><T131/><D131/><U32/><E87/><V75/><F75/><W127/><G127/><T16/><D81/><U12/><E55/><V6/><F6/><W9/><G9/><T10/><D46/><U96/><E132/><V117/><F103/><W115/><G31/><T123/><D123/><U64/><E64/><V102/><F102/><W128/><G128/><T25/><D37/><U57/><E71/><V0/><F0/><W90/><G34/><T124/><D124/><U107/><E114/><N who="3" m="43530" /><G134/><T7/><D7/><U79/><E32/><V120/><F117/><W22/><G22/><T3/><D3/><U45/><E33/><V36/><F120/><W29/><G29/><T20/><D25/><U78/><E45/><N who="2" m="27663" /><F40/><W14/><G100/><N who="0" m="60455" /><D82/><U85/><E12/><V118/><F36/><W59/><G69/><T61/><D61/><U35/><E35/><V133/><F133/><W83/><G67/><T130/><D130/><U110/><E110/><V99/><F118/><W111/><G111/><T70/><D70/><U101/><E17/><V30/><F30/><W4/><G4/><T56/><D56/><U112/><E112/><V116/><F116/><W77/><G77/><AGARI ba="0,0" hai="8,10,11,16,20,24,42,44,51,76,77" m="60455" machi="77" ten="30,2000,0" yaku="8,1,54,1" doraHai="108" who="0" fromWho="3" sc="250,20,198,0,250,0,302,-20" /><INIT seed="2,0,0,3,0,37" ten="270,198,250,282" oya="2" hai0="46,112,63,89,83,51,84,124,36,108,104,64,31" hai1="57,87,120,39,122,13,77,21,56,130,58,35,20" hai2="60,74,44,103,32,96,47,59,76,40,125,26,85" hai3="70,17,80,69,53,79,98,43,50,93,24,0,11"/><V88/><F125/><W114/><G114/><T75/><D112/><U118/><E35/><V52/><F74/><W14/><G0/><T30/><D108/><U25/><E39/><V110/><F76/><W111/><G111/><T131/><D124/><U28/><E118/><V129/><F110/><W54/><G24/><T71/><D131/><U62/><E62/><V72/><F72/><W1/><G1/><T116/><D116/><U48/><E130/><V7/><F7/><W102/><G54/><T19/><D104/><U135/><E135/><V86/><F129/><W133/><G133/><T127/><D127/><U134/><E134/><V106/><F47/><W117/><G117/><T115/><D115/><U81/><E48/><V2/><F2/><W38/><G38/><T100/><D100/><U78/><E78/><V94/><F86/><W27/><G27/><T107/><D107/><U12/><REACH who="1" step="1"/><E21/><REACH who="1" ten="270,188,250,282" step="2"/><V49/><REACH who="2" step="1"/><F26/><REACH who="2" ten="270,188,240,282" step="2"/><W109/><G109/><T97/><D75/><U66/><E66/><V16/><F16/><W42/><G17/><T68/><D19/><U18/><E18/><V34/><AGARI ba="0,2" hai="32,34,40,44,49,52,59,60,85,88,94,96,103,106" machi="34" ten="30,18000,2" yaku="1,1,0,1,52,1,54,2,53,2" doraHai="37" doraHaiUra="29" who="2" fromWho="2" sc="270,-60,188,-60,240,200,282,-60" /><INIT seed="2,1,0,3,2,74" ten="210,128,440,222" oya="2" hai0="8,48,30,103,106,43,120,51,129,0,128,26,36" hai1="82,117,135,29,70,40,110,118,126,104,16,114,130" hai2="27,97,72,65,90,127,9,68,80,4,116,95,11" hai3="31,22,41,58,108,47,63,64,57,46,71,54,24"/><V59/><F116/><W1/><G1/><T119/><D120/><U91/><E70/><V55/><F127/><W62/><G31/><T132/><D132/><U89/><E40/><V2/><F68/><W14/><G14/><T125/><D125/><U25/><E126/><V50/><F65/><N who="3" m="41399" /><G22/><T66/><D66/><U76/><E135/><V115/><F115/><W98/><G24/><T60/><D36/><U61/><E114/><V134/><F134/><W33/><G33/><T35/><D119/><U100/><E110/><V19/><F27/><W17/><G17/><T52/><D60/><U39/><E39/><V83/><REACH who="2" step="1"/><F72/><REACH who="2" ten="210,128,430,222" step="2"/><W131/><G108/><T20/><D26/><U6/><E117/><V107/><F107/><W124/><G124/><T38/><D106/><U77/><E118/><V86/><F86/><W10/><G64/><T88/><D129/><U13/><E25/><V44/><F44/><W49/><G131/><T53/><D128/><U94/><E130/><V79/><F79/><W5/><G98/><T21/><D30/><U85/><E29/><V12/><AGARI ba="1,1" hai="2,4,9,11,12,19,50,55,59,80,83,90,95,97" machi="12" ten="30,3000,0" yaku="1,1,0,1,53,0" doraHai="74" doraHaiUra="42" who="2" fromWho="2" sc="210,-11,128,-11,430,43,222,-11" /><INIT seed="2,2,0,0,4,19" ten="199,117,473,211" oya="2" hai0="65,45,22,130,58,114,72,89,60,97,69,106,23" hai1="111,53,123,56,21,81,121,49,73,91,20,30,4" hai2="105,35,118,37,109,8,55,94,82,44,13,78,2" hai3="47,38,77,103,75,131,133,11,74,129,96,41,34"/><V39/><F118/><W92/><G34/><T86/><D114/><U79/><E111/><V84/><F105/><W5/><G133/><T134/><D130/><N who="3" m="49673" /><G77/><T93/><D134/><U116/><E116/><V102/><F35/><W33/><G33/><T3/><D3/><AGARI ba="2,0" hai="3,5,11,38,41,47,74,75,92,96,103" m="49673" machi="3" ten="30,1000,0" yaku="19,1" doraHai="19" who="3" fromWho="0" sc="199,-16,117,0,473,0,211,16" /><INIT seed="3,0,0,0,2,19" ten="183,117,473,227" oya="3" hai0="84,33,39,62,108,87,70,28,79,114,75,13,95" hai1="26,130,37,97,3,94,122,118,8,17,91,16,124" hai2="90,116,109,53,65,29,76,81,129,40,121,127,67" hai3="115,96,25,52,0,110,73,100,132,11,9,38,36"/><W2/><G115/><T85/><D39/><U119/><E122/><V111/><F116/><N who="1" m="44585" /><E37/><V35/><F121/><W7/><G25/><T14/><D108/><U30/><E130/><V50/><F40/><W31/><G31/><T27/><D114/><U18/><E124/><V104/><F104/><W134/><G96/><T131/><D131/><U44/><E44/><V57/><F90/><W12/><G12/><T61/><D95/><U72/><E72/><V10/><F10/><W23/><G100/><T101/><D101/><U59/><E59/><V41/><F41/><W125/><G73/><T83/><D70/><U80/><E80/><V42/><F42/><W89/><G89/><T78/><D79/><U74/><E74/><N who="2" m="43159" /><F129/><W32/><G32/><T117/><D117/><U15/><E3/><V48/><F48/><W24/><G24/><T126/><D126/><U113/><E113/><V47/><F47/><W5/><G125/><T46/><D46/><U34/><AGARI ba="0,0" hai="8,15,16,17,18,26,30,34,91,94,97" m="44585" machi="34" ten="30,2000,0" yaku="12,1,54,1" doraHai="19" who="1" fromWho="1" sc="183,-5,117,20,473,-5,227,-10" /><INIT seed="4,0,0,0,0,11" ten="178,137,468,217" oya="0" hai0="9,80,8,13,108,64,93,91,40,102,16,116,95" hai1="20,17,44,98,105,54,23,74,77,59,12,89,2" hai2="29,19,73,113,111,57,117,18,56,61,90,134,132" hai3="121,58,30,60,66,75,106,78,6,96,65,36,120"/><T67/><D116/><U99/><E2/><V24/><F111/><W115/><G36/><T125/><D125/><U32/><E32/><V86/><F73/><W46/><G30/><T79/><D108/><U55/><E105/><V5/><F5/><W70/><G6/><T63/><D102/><U110/><E110/><V123/><F123/><N who="3" m="47179" /><G46/><T41/><D8/><N who="1" m="6279" /><E77/><V38/><F38/><W31/><G31/><T81/><D95/><N who="1" m="56687" /><E99/><V85/><F85/><W21/><G115/><T1/><D1/><U33/><E33/><V84/><F86/><W43/><G96/><N who="0" m="57407" /><D79/><U128/><E128/><V10/><F84/><W45/><G78/><T27/><D27/><U3/><E74/><V22/><F24/><W88/><G75/><T101/><D101/><U15/><E3/><V42/><F117/><W83/><G106/><T37/><D37/><U114/><E114/><V69/><F113/><W25/><G70/><T119/><D119/><U14/><E44/><V52/><F69/><W133/><G45/><T51/><D51/><N who="1" m="31199" /><E55/><V0/><F52/><N who="3" m="33863" /><G43/><N who="0" m="16459" /><D63/><U53/><E53/><V126/><F61/><W112/><G112/><T39/><D39/><U28/><E28/><V129/><F29/><N who="3" m="17583" /><G133/><T49/><D49/><U47/><E47/><V82/><F134/><W50/><G50/><T122/><D122/><U131/><E131/><V94/><F129/><W48/><G48/><T71/><D71/><U92/><E92/><V87/><F94/><W35/><G35/><T68/><D68/><U26/><E26/><V97/><F132/><W118/><G118/><T135/><D135/><U76/><E76/><RYUUKYOKU ba="0,0" sc="178,10,137,10,468,-30,217,10" hai0="9,13,16,64,67,80,81" hai1="14,15,20,23" hai3="65,66,83,88" /><INIT seed="4,1,0,0,3,13" ten="188,147,438,227" oya="0" hai0="59,53,50,126,37,132,4,14,15,63,69,43,129" hai1="134,36,34,83,24,124,130,91,49,41,92,112,46" hai2="9,23,119,51,120,3,131,54,90,100,58,110,94" hai3="117,60,7,104,127,99,33,70,2,95,101,29,82"/><T21/><D129/><U25/><E130/><V73/><F131/><W0/><G127/><T52/><D126/><U93/><E124/><V133/><F73/><W10/><G117/><T27/><D132/><U118/><E118/><V85/><F110/><W44/><G44/><T65/><D4/><U11/><E134/><V64/><F133/><W8/><G82/><T18/><D53/><U68/><E68/><V26/><F119/><W107/><G33/><T122/><D122/><U19/><E34/><V5/><F120/><W81/><G81/><T86/><D86/><N who="1" m="50655" /><E36/><V105/><F64/><W97/><G29/><T1/><D1/><U61/><E61/><V22/><F105/><W87/><G87/><T40/><D40/><U28/><E112/><V114/><F114/><W111/><G111/><T135/><D135/><U113/><E113/><V30/><F100/><W47/><G47/><AGARI ba="1,0" hai="14,15,18,21,27,37,43,47,50,52,59,63,65,69" machi="47" ten="40,12000,1" yaku="24,2,52,1,54,1" doraHai="13" who="0" fromWho="3" sc="188,123,147,0,438,0,227,-123" /><INIT seed="4,2,0,3,1,112" ten="311,147,438,104" oya="0" hai0="68,21,22,81,58,16,50,106,110,27,37,75,108" hai1="23,40,47,62,127,115,135,17,74,7,31,41,95" hai2="56,82,1,18,10,54,45,39,87,20,51,129,52" hai3="53,99,79,85,44,26,117,65,70,8,86,2,97"/><T118/><D37/><U123/><E123/><V109/><F109/><N who="0" m="42090" /><D68/><U25/><E74/><V13/><F129/><W126/><G126/><T69/><D69/><U15/><E127/><V33/><F33/><W36/><G86/><T72/><D106/><U120/><E120/><V43/><F54/><W29/><G117/><T116/><D22/><U78/><E135/><V93/><F93/><W91/><G79/><N who="0" m="44263" /><D75/><U132/><E132/><V94/><F94/><W131/><G131/><T6/><D6/><U76/><E115/><V107/><F107/><W49/><G36/><T100/><D100/><U105/><E7/><V128/><F128/><W104/><G104/><T0/><D0/><U101/><E105/><V130/><F130/><W38/><G2/><T88/><D88/><U124/><E124/><V92/><F92/><W12/><G38/><T28/><D28/><U57/><E95/><V84/><F1/><W63/><G85/><T114/><D114/><U3/><E101/><V122/><F122/><W48/><G91/><T71/><D71/><U125/><E3/><V34/><F34/><W66/><G66/><T113/><D113/><U61/><E125/><V89/><REACH who="2" step="1"/><F84/><REACH who="2" ten="311,147,428,104" step="2"/><W83/><G83/><T90/><D90/><U77/><E40/><V98/><F98/><W19/><G49/><T64/><D64/><U96/><E96/><V4/><F4/><W73/><REACH who="3" step="1"/><G73/><REACH who="3" ten="311,147,428,94" step="2"/><T46/><D58/><U32/><E57/><V55/><F55/><AGARI ba="2,2" hai="16,21,27,46,50,55,116,118" m="44263,42090" machi="55" ten="30,11600,0" yaku="10,1,52,2,54,1" doraHai="112" who="0" fromWho="2" sc="311,142,147,0,428,-122,94,0" /><INIT seed="4,3,0,0,4,124" ten="453,147,306,94" oya="0" hai0="42,96,37,21,132,71,110,112,106,118,13,62,27" hai1="12,15,88,103,131,111,82,2,121,33,31,100,92" hai2="126,5,87,76,93,35,108,41,81,102,7,40,120" hai3="44,84,117,25,46,105,115,49,0,4,52,95,54"/><T28/><D112/><U3/><E111/><V55/><F120/><W113/><G105/><T6/><D132/><U114/><E121/><V72/><F108/><W99/><G117/><T30/><D110/><U125/><E125/><V47/><F126/><W57/><G84/><T19/><D118/><U85/><E114/><N who="3" m="43530" /><G25/><T69/><D6/><U77/><E33/><V17/><F35/><W94/><G4/><T134/><D134/><U60/><E31/><V61/><F17/><W129/><G0/><T79/><D79/><U45/><E60/><V65/><F72/><W59/><G95/><T10/><D30/><U98/><E45/><V104/><F104/><W51/><G129/><T73/><D73/><U78/><E131/><V119/><F119/><W24/><G24/><T70/><D42/><U122/><E122/><V64/><F55/><W135/><G135/><T29/><D37/><U130/><E130/><V9/><F41/><W32/><G32/><T8/><D29/><U86/><E77/><V58/><F65/><W23/><G23/><T22/><REACH who="0" step="1"/><D62/><REACH who="0" ten="443,147,306,94" step="2"/><U26/><E78/><V56/><F5/><W39/><G39/><T97/><D97/><U63/><E63/><V89/><F61/><W43/><G43/><T36/><D36/><U20/><E98/><N who="2" m="59727" /><F76/><W53/><G99/><T90/><D90/><U68/><E88/><V50/><F64/><W48/><G94/><T11/><D11/><U80/><E92/><V34/><F34/><W14/><G14/><AGARI ba="3,1" hai="7,9,14,40,47,50,56,58,81,87,89" m="59727" machi="14" ten="30,1000,0" yaku="8,1" doraHai="124" who="2" fromWho="3" sc="443,0,147,0,306,29,94,-19" /><INIT seed="5,0,0,0,3,78" ten="443,147,335,75" oya="1" hai0="37,5,98,110,58,21,68,48,45,47,97,71,135" hai1="115,32,80,19,124,12,43,23,102,18,72,53,116" hai2="127,14,44,96,3,128,35,125,132,100,15,31,86" hai3="52,28,90,63,103,87,59,129,99,105,0,9,107"/><U30/><E116/><V51/><F3/><W83/><G129/><T40/><D5/><U67/><E115/><V79/><F128/><W20/><G0/><T119/><D119/><U56/><E124/><N who="2" m="47691" /><F132/><W81/><G9/><T39/><D21/><U131/><E131/><V126/><F126/><W8/><G8/><T113/><D110/><U50/><E102/><V123/><F123/><W25/><REACH who="3" step="1"/><G107/><REACH who="3" ten="443,147,335,65" step="2"/><T49/><D135/><U75/><E75/><V134/><F134/><W76/><G76/><T46/><D113/><U89/><E72/><V2/><F79/><W27/><G27/><T121/><D121/><U17/><E32/><V7/><F2/><W95/><AGARI ba="0,1" hai="20,25,28,52,59,63,81,83,87,90,95,99,103,105" machi="95" ten="20,12000,2" yaku="1,1,0,1,7,1,52,2,54,1,53,1" doraHai="78" doraHaiUra="101" who="3" fromWho="3" sc="443,-30,147,-60,335,-30,65,130" /><INIT seed="6,0,0,1,1,55" ten="413,87,305,195" oya="2" hai0="79,133,121,129,116,59,109,86,88,19,118,6,21" hai1="23,72,111,32,52,29,91,125,94,83,24,47,69" hai2="31,46,63,123,66,16,85,70,104,67,97,48,115" hai3="135,99,120,51,114,126,90,124,92,54,82,80,113"/><V36/><F123/><W78/><G54/><T68/><D109/><U107/><E107/><V9/><F115/><N who="3" m="44043" /><G51/><T41/><D129/><U71/><E125/><N who="3" m="48234" /><G120/><T43/><D68/><U77/><E111/><V74/><F74/><N who="3" m="43095" /><G82/><N who="0" m="47455" /><D43/><U15/><E15/><V27/><F36/><W131/><G135/><T35/><D41/><U130/><E130/><AGARI ba="0,0" hai="90,92,99,130,131" m="43095,48234,44043" machi="130" ten="40,8000,1" yaku="15,1,11,1,18,1,34,2" doraHai="55" who="3" fromWho="1" sc="413,0,87,-80,305,0,195,80" /><INIT seed="7,0,0,0,1,117" ten="413,7,305,275" oya="3" hai0="46,15,12,113,93,13,25,23,112,127,86,54,103" hai1="55,7,97,85,28,32,100,59,119,19,11,106,1" hai2="48,62,125,18,3,35,123,67,96,80,107,56,126" hai3="111,38,66,116,94,102,90,58,84,0,36,26,81"/><W31/><G116/><T39/><D127/><N who="2" m="48650" /><F3/><W61/><G111/><T40/><D54/><U10/><E55/><V91/><F35/><W44/><G44/><T43/><D43/><U6/><E59/><V42/><F123/><W132/><G132/><T88/><REACH who="0" step="1"/><D103/><REACH who="0" ten="403,7,305,275" step="2"/><U29/><E85/><V104/><F42/><W47/><G47/><T17/><AGARI ba="0,1" hai="12,13,15,17,23,25,39,40,46,86,88,93,112,113" machi="17" ten="30,7900,0" yaku="1,1,2,1,0,1,54,1,53,0" doraHai="117" doraHaiUra="50" who="0" fromWho="0" sc="403,89,7,-20,305,-20,275,-39" owari="492,59.2,-13,-51.3,285,8.5,236,-16.4" /></mjloggm>