<mjloggm ver="2.3"><GO type="169" lobby="0"/><UN n0="%64%69%76%61" n1="%E4%BF%9D%E8%82%B2%E5%A3%AB" n2="%41%2E%53%74%61%72%73" n3="%6B%75%72%69%73%75" dan="16,16,16,16" rate="2063.70,2202.05,2050.31,2150.37" sx="M,M,M,F"/><TAIKYOKU oya="0"/><INIT seed="0,0,0,4,3,64" ten="250,250,250,250" oya="0" hai0="12,74,116,25,5,1,35,125,63,73,38,26,90" hai1="45,66,57,92,130,120,68,112,50,56,101,14,80" hai2="111,11,48,9,60,31,29,97,23,43,91,113,127" hai3="6,19,104,88,76,99,53,51,108,55,87,41,61"/><T49/><D116/><U24/><E120/><V135/><F113/><W10/><G108/><T118/><D118/><U3/><E3/><V129/><F111/><W70/><G76/><T133/><D38/><U132/><E112/><V81/><F127/><W96/><G19/><T4/><D1/><U84/><E132/><V65/><F135/><W22/><G22/><T28/><D133/><U115/><E130/><V30/><F129/><W107/><G107/><T128/><D128/><U103/><E68/><V16/><F48/><W52/><G104/><T134/><D134/><U86/><E24/><V94/><F43/><W69/><G61/><T34/><D63/><U124/><E66/><V98/><F98/><W100/><G41/><T83/><D125/><U18/><E86/><V105/><F81/><W44/><G100/><N who="1" m="38474" /><E92/><V102/><F102/><W85/><G85/><N who="0" m="50495" /><D74/><U122/><E122/><V110/><F110/><W36/><G36/><T8/><D4/><U58/><E115/><V17/><F105/><W126/><G126/><T109/><D109/><U0/><E0/><V54/><F54/><W21/><G99/><T95/><D95/><U75/><E75/><V106/><F106/><W32/><G96/><T27/><D73/><U39/><E39/><V2/><F2/><W42/><G32/><T47/><D35/><U77/><E124/><V46/><F46/><W62/><G44/><T89/><D89/><U15/><E18/><N who="2" m="7275" /><F23/><W121/><G21/><T82/><D82/><U79/><E79/><V114/><F114/><W123/><G121/><T40/><D34/><U20/><E20/><RYUUKYOKU ba="0,0" sc="250,10,250,10,250,10,250,-30" hai0="5,8,12,25,26,27,28,40,47,49" hai1="14,15,45,50,56,57,58,77,80,84" hai2="9,11,29,30,31,60,65,91,94,97" /><INIT seed="0,1,0,1,0,57" ten="260,260,260,220" oya="0" hai0="74,11,111,51,3,37,126,86,50,98,4,131,42" hai1="59,23,82,118,106,54,102,46,2,14,112,69,0" hai2="6,113,81,122,99,16,65,64,25,83,36,34,107" hai3="87,47,104,90,77,28,128,15,43,110,133,5,89"/><T27/><D131/><U88/><E69/><V22/><F122/><W29/><G104/><T117/><D117/><U20/><E118/><V130/><F113/><W123/><G110/><T76/><D126/><U116/><E116/><V21/><F34/><W26/><G128/><T32/><D86/><U55/><E112/><V103/><F36/><W38/><G133/><T79/><D79/><U8/><E106/><V119/><F130/><W19/><G5/><T84/><D84/><N who="1" m="50199" /><E0/><V96/><F96/><W10/><G123/><T93/><D111/><U52/><E2/><V17/><F6/><W68/><G68/><T41/><D41/><U18/><E102/><V124/><F124/><W134/><G134/><T97/><D97/><U66/><E46/><V30/><F30/><W35/><G29/><T75/><D27/><U67/><E59/><V62/><F65/><AGARI ba="1,0" hai="8,14,18,20,23,52,54,55,65,66,67" m="50199" machi="65" ten="30,3900,0" yaku="8,1,54,2" doraHai="57" who="1" fromWho="2" sc="260,0,260,42,260,-42,220,0" /><INIT seed="1,0,0,4,2,81" ten="260,302,218,220" oya="1" hai0="111,43,96,51,72,31,89,74,85,79,6,46,112" hai1="106,50,73,98,101,54,32,59,29,119,16,13,131" hai2="103,123,128,120,38,49,4,18,108,17,126,84,125" hai3="48,34,75,37,93,82,3,56,86,2,118,25,91"/><U10/><E131/><V116/><F38/><W55/><G37/><T64/><D112/><U121/><E119/><V26/><F116/><W20/><G34/><T132/><D111/><U5/><E73/><V62/><F103/><W105/><G105/><T124/><D124/><N who="2" m="47722" /><F49/><W63/><G118/><T0/><D132/><U107/><E121/><N who="2" m="46667" /><F62/><W134/><G134/><T90/><D31/><U9/><E107/><V109/><F128/><W30/><G75/><T22/><D22/><U113/><E113/><V58/><F58/><W61/><G3/><T15/><D0/><U129/><E129/><V45/><F45/><W77/><REACH who="3" step="1"/><G2/><REACH who="3" ten="260,302,218,210" step="2"/><T68/><D74/><U47/><E47/><V94/><F109/><W135/><G135/><T102/><D72/><U7/><REACH who="1" step="1"/><E9/><REACH who="1" ten="260,292,218,210" step="2"/><V53/><F108/><W44/><G44/><T28/><D46/><U11/><E11/><V76/><F4/><W114/><G114/><T69/><D6/><U23/><E23/><V65/><F18/><W80/><G80/><T42/><D43/><U97/><E97/><V35/><F17/><W83/><G83/><T57/><D96/><U117/><E117/><V66/><F35/><W52/><G52/><T27/><D42/><U87/><E87/><V67/><F53/><W71/><G71/><T122/><D85/><U39/><E39/><V133/><F133/><W110/><G110/><T88/><D122/><U19/><E19/><V104/><F104/><W14/><G14/><T60/><D15/><U36/><E36/><V41/><F41/><W115/><G115/><T95/><D69/><U99/><E99/><RYUUKYOKU ba="0,2" sc="260,-15,292,15,218,-15,210,15" hai1="5,7,10,13,16,29,32,50,54,59,98,101,106" hai3="20,25,30,48,55,56,61,63,77,82,86,91,93" /><INIT seed="1,1,2,4,3,102" ten="245,307,203,225" oya="1" hai0="130,87,60,129,46,81,104,127,26,107,121,69,49" hai1="3,59,40,80,9,119,44,0,79,2,134,77,126" hai2="103,78,37,96,71,131,25,109,4,110,94,120,27" hai3="42,43,93,48,114,5,51,106,39,117,83,54,99"/><U55/><E119/><V47/><F120/><W7/><G114/><T28/><D121/><U89/><E134/><V105/><F71/><W86/><G117/><T65/><D127/><U68/><E68/><V91/><F131/><N who="0" m="50186" /><D81/><U45/><E126/><V34/><F78/><W132/><G132/><T31/><D87/><U85/><E9/><V113/><F113/><W64/><G64/><T111/><D111/><N who="2" m="42506" /><F4/><N who="3" m="1611" /><G106/><N who="0" m="40491" /><D26/><N who="2" m="9738" /><F34/><W76/><G39/><T101/><D101/><U88/><E77/><V19/><F19/><W95/><G95/><T35/><D35/><U56/><E56/><V108/><N who="2" m="42514" /><V74/><DORA hai="23" /><F74/><W16/><G16/><T97/><D97/><U50/><REACH who="1" step="1"/><E44/><REACH who="1" ten="245,297,203,225" step="2"/><V57/><F57/><W92/><G76/><T116/><D116/><U72/><E72/><V24/><F47/><W66/><G66/><T6/><D6/><U1/><N who="1" m="0" /><DORA hai="118" /><U133/><E133/><V98/><N who="2" m="9746" /><V70/><DORA hai="90" /><F70/><W58/><G58/><T29/><D28/><U32/><E32/><V41/><F105/><W22/><G22/><T112/><D112/><U122/><E122/><V53/><F103/><W67/><G67/><T125/><D125/><U17/><E17/><V12/><F12/><W62/><G62/><AGARI ba="1,3" hai="40,45,50,55,59,62,79,80,85,88,89" m="0" machi="62" ten="70,12000,1" yaku="1,1,54,1,53,2" doraHai="102,23,118,90" doraHaiUra="84,20,135,13" who="1" fromWho="3" sc="245,0,297,153,203,0,225,-123" /><INIT seed="1,2,0,5,1,99" ten="245,450,203,102" oya="1" hai0="44,78,123,93,19,114,134,24,4,127,110,9,82" hai1="129,7,23,72,132,73,28,41,50,54,6,15,22" hai2="108,47,12,2,29,103,64,130,95,135,96,126,11" hai3="45,102,75,131,74,21,27,32,122,97,107,70,133"/><U46/><E129/><V91/><F130/><W106/><G122/><T112/><D123/><U42/><E132/><V35/><F135/><W76/><G133/><T30/><D134/><U128/><E128/><V116/><F116/><W49/><G131/><T48/><D127/><U90/><E73/><V84/><F126/><W57/><G70/><T119/><D110/><U87/><E72/><V55/><F108/><W31/><G107/><T109/><D109/><U39/><E28/><V56/><F2/><W61/><G76/><T77/><D119/><U86/><E86/><V13/><F64/><W120/><G32/><T16/><D93/><U113/><E113/><V124/><F47/><W80/><G80/><T88/><D78/><U101/><E101/><V71/><F71/><W118/><G120/><T26/><D26/><U1/><E1/><V37/><F37/><W83/><G83/><T34/><D114/><U117/><E117/><V14/><F124/><W5/><G5/><N who="1" m="1546" /><E39/><V125/><F29/><W0/><G0/><T51/><D77/><U25/><E15/><V62/><F35/><W68/><G68/><T98/><D98/><U40/><E25/><V79/><F79/><W69/><G69/><T100/><D100/><U33/><E33/><V85/><F85/><W65/><REACH who="3" step="1"/><G118/><REACH who="3" ten="245,450,203,92" step="2"/><T36/><D112/><U66/><E66/><V94/><REACH who="2" step="1"/><F125/><REACH who="2" ten="245,450,193,92" step="2"/><W17/><G17/><AGARI ba="2,2" hai="11,12,13,14,17,55,56,62,84,91,94,95,96,103" machi="17" ten="30,8000,1" yaku="1,1,2,1,7,1,8,1,52,1,53,0" doraHai="99" doraHaiUra="63" who="2" fromWho="3" sc="245,0,450,0,193,106,92,-86" /><INIT seed="2,0,0,0,4,20" ten="245,450,299,6" oya="2" hai0="89,56,92,31,34,28,96,109,100,24,69,29,53" hai1="116,123,86,22,46,30,39,26,75,55,51,98,9" hai2="38,4,130,118,105,71,119,19,1,40,107,128,66" hai3="41,6,90,8,44,110,0,5,124,104,93,77,127"/><V84/><F84/><W64/><G104/><N who="2" m="40009" /><F19/><W106/><G106/><T3/><D3/><U113/><E75/><V2/><F66/><W76/><G5/><T78/><D78/><U43/><E113/><V99/><F99/><W74/><G64/><T70/><D109/><U37/><E116/><N who="2" m="44587" /><F71/><W120/><G120/><T57/><D57/><U59/><E123/><V95/><F95/><W48/><G110/><T61/><D70/><U33/><E98/><V82/><F82/><W88/><G74/><T112/><D112/><U62/><E86/><V101/><F101/><W85/><G90/><T7/><D69/><U72/><E72/><V125/><F125/><AGARI ba="0,0" hai="0,6,8,41,44,48,76,77,85,88,93,124,125,127" machi="125" ten="40,2600,0" yaku="18,1,54,1" doraHai="20" who="3" fromWho="2" sc="245,0,450,0,299,-26,6,26" /><INIT seed="3,0,0,4,2,15" ten="245,450,273,32" oya="3" hai0="67,78,6,43,8,12,25,2,5,44,104,64,0" hai1="35,40,21,50,92,105,28,87,17,74,98,34,123" hai2="99,45,97,133,81,29,9,57,85,65,53,127,110" hai3="66,75,95,46,71,82,135,122,91,13,56,19,121"/><W101/><G71/><T70/><D104/><U24/><E74/><V120/><F110/><W77/><G135/><T37/><D70/><U69/><E123/><V58/><F133/><W59/><G101/><T129/><D129/><U11/><E105/><V72/><F72/><W63/><G46/><T100/><D100/><U47/><E69/><V88/><F127/><W94/><G59/><T20/><D78/><U119/><E119/><V49/><F120/><W112/><G112/><T80/><D80/><U108/><E108/><V1/><F29/><W52/><G66/><T76/><D76/><U60/><E11/><V130/><F130/><W39/><G39/><T126/><D126/><U18/><E35/><V109/><F109/><W23/><REACH who="3" step="1"/><G95/><REACH who="3" ten="245,450,273,22" step="2"/><T42/><D67/><U48/><E92/><V90/><F65/><W83/><G83/><T68/><D64/><U31/><E47/><V36/><F36/><W33/><G33/><T107/><D68/><U32/><E34/><V116/><F58/><W131/><G131/><T113/><D107/><U73/><E32/><V27/><F57/><W51/><G51/><T26/><D44/><U118/><E50/><V54/><F49/><W132/><G132/><T55/><D37/><U89/><E48/><V114/><F45/><W79/><G79/><T93/><D93/><U102/><E102/><V16/><F114/><W41/><G41/><T22/><D113/><U62/><E40/><V4/><F54/><W124/><G124/><T106/><D106/><U86/><E62/><V61/><F61/><W3/><G3/><T96/><D55/><RYUUKYOKU ba="0,1" sc="245,-10,450,-10,273,-10,22,30" hai3="13,19,23,52,56,63,75,77,82,91,94,121,122" /><INIT seed="3,1,1,0,5,128" ten="235,440,263,52" oya="3" hai0="95,8,86,80,114,117,84,44,9,102,74,88,17" hai1="59,65,125,14,98,106,110,0,123,48,113,22,68" hai2="11,27,62,47,82,97,76,20,105,16,71,132,104" hai3="19,23,127,18,72,33,7,21,118,70,108,77,38"/><W87/><G72/><T64/><D117/><U67/><E0/><V103/><F105/><W40/><G70/><T45/><D74/><U57/><E123/><V92/><F104/><W37/><G118/><T13/><D114/><U10/><E113/><V41/><F71/><W109/><G33/><T96/><D64/><U43/><E106/><V29/><F62/><W121/><G121/><T54/><D54/><U12/><E98/><V78/><F132/><W26/><G127/><T100/><D100/><U124/><E22/><V60/><F60/><W34/><G34/><T122/><D122/><U30/><E10/><V49/><REACH who="2" step="1"/><F82/><REACH who="2" ten="235,440,253,52" step="2"/><N who="3" m="47567" /><G7/><T90/><REACH who="0" step="1"/><D8/><REACH who="0" ten="225,440,253,52" step="2"/><U24/><E68/><V56/><F56/><W3/><G108/><T93/><AGARI ba="1,3" hai="9,13,17,44,45,80,84,86,88,90,93,95,96,102" machi="93" ten="20,12000,2" yaku="1,1,2,1,0,1,7,1,8,1,54,1,53,0" doraHai="128" doraHaiUra="46" who="0" fromWho="0" sc="225,153,440,-31,253,-31,52,-61" owari="378,17.8,409,50.9,222,-17.8,-9,-50.9" /></mjloggm>