<mjloggm ver="2.3"><GO type="169" lobby="0"/><UN n0="%E2%97%8E%E3%82%88%E3%81%97%E2%97%8E" n1="%E3%83%A8%E3%82%B7%E3%83%86%E3%83%AB%37%30%38" n2="%E5%9C%A7%E5%80%92%E7%9A%84%E3%83%9D%E3%83%B3" n3="%E5%A4%A9%E7%A9%BA%E3%81%AE%E6%8A%80" dan="16,16,17,16" rate="2164.87,2105.72,2216.54,2134.27" sx="M,M,M,M"/><TAIKYOKU oya="0"/><INIT seed="0,0,0,3,3,99" ten="250,250,250,250" oya="0" hai0="70,42,95,106,72,0,121,18,37,53,25,40,87" hai1="3,38,120,131,50,39,23,6,111,101,33,102,56" hai2="96,60,61,16,8,20,1,44,34,100,54,47,28" hai3="125,17,57,107,69,74,27,35,7,133,117,71,80"/><T98/><D121/><U12/><E120/><V116/><F116/><W11/><G117/><T75/><D0/><U109/><E33/><V92/><F34/><W64/><G133/><T36/><D70/><U29/><E3/><V79/><F79/><W103/><G17/><T110/><D106/><U134/><E134/><V58/><F28/><N who="3" m="19871" /><G57/><T85/><D53/><N who="1" m="31799" /><E131/><V88/><F61/><N who="3" m="40079" /><G11/><T86/><D110/><N who="1" m="41995" /><E29/><V82/><F8/><W123/><G7/><T24/><D18/><N who="1" m="10695" /><E6/><V112/><F1/><W122/><G71/><T19/><D19/><U89/><E89/><V45/><F112/><W73/><G125/><T49/><D49/><U78/><E78/><V52/><F54/><W9/><G9/><T67/><D67/><U5/><E5/><V97/><F82/><W31/><G31/><T59/><D59/><U10/><E10/><V22/><REACH who="2" step="1"/><F16/><REACH who="2" ten="250,250,240,250" step="2"/><W48/><G123/><T63/><D63/><U130/><E130/><V90/><F90/><W15/><G122/><T14/><D14/><U115/><E115/><V135/><F135/><W26/><G15/><T76/><D76/><U46/><E38/><N who="0" m="14953" /><D24/><U113/><E113/><V66/><F66/><W32/><G26/><T30/><D25/><U128/><E128/><V91/><F91/><W118/><G118/><T119/><D119/><U83/><E83/><V105/><AGARI ba="0,1" hai="20,22,44,45,47,52,58,60,88,92,96,97,100,105" machi="105" ten="30,8000,1" yaku="1,1,0,1,52,1,54,2,53,0" doraHai="99" doraHaiUra="13" who="2" fromWho="2" sc="250,-40,250,-20,240,90,250,-20" /><INIT seed="1,0,0,2,3,38" ten="210,230,330,230" oya="1" hai0="45,73,30,96,90,35,48,81,70,79,52,65,82" hai1="86,66,89,6,133,97,117,12,105,80,109,16,118" hai2="116,132,60,125,88,29,123,107,58,14,49,11,126" hai3="120,53,51,46,7,85,47,119,54,76,33,32,98"/><U34/><E34/><V25/><F123/><W129/><G120/><T115/><D115/><U23/><E133/><V9/><F116/><W84/><G7/><T1/><D1/><U71/><E109/><V131/><F132/><W22/><G119/><T41/><D70/><U94/><E105/><V100/><F131/><W21/><G98/><T44/><D65/><U57/><E71/><V68/><F68/><W104/><G104/><T20/><D35/><U26/><E66/><V36/><F36/><W111/><G51/><T77/><D96/><U39/><E39/><V19/><F49/><W62/><G76/><T18/><D90/><U95/><E57/><V78/><F78/><W122/><G122/><T102/><D30/><U108/><E95/><V93/><F100/><W64/><G64/><T55/><D45/><U121/><E108/><V31/><F11/><W72/><G111/><T15/><D102/><U8/><REACH who="1" step="1"/><E121/><REACH who="1" ten="210,220,330,230" step="2"/><V103/><F107/><W59/><G59/><T124/><REACH who="0" step="1"/><D124/><REACH who="0" ten="200,220,330,230" step="2"/><U112/><E112/><V135/><F135/><W75/><REACH who="3" step="1"/><G129/><REACH who="3" ten="200,220,330,220" step="2"/><T28/><D28/><U2/><E2/><V91/><F31/><W40/><G40/><T74/><AGARI ba="0,3" hai="15,18,20,41,44,48,52,55,73,74,77,79,81,82" machi="74" ten="20,12000,2" yaku="1,1,0,1,7,1,9,1,52,1,54,1,53,1" doraHai="38" doraHaiUra="42" who="0" fromWho="0" sc="200,150,220,-60,330,-30,220,-30" /><INIT seed="2,0,0,2,5,93" ten="350,160,300,190" oya="2" hai0="31,83,21,22,96,102,53,29,79,2,13,50,11" hai1="1,111,63,15,108,43,116,42,28,41,74,40,123" hai2="71,25,62,109,68,104,38,60,90,92,73,34,67" hai3="5,59,99,120,16,56,78,76,91,135,105,126,106"/><V75/><F38/><W9/><G120/><T45/><D2/><U39/><E1/><V112/><F112/><W118/><G118/><T113/><D113/><U89/><E74/><V97/><F109/><N who="1" m="42057" /><E28/><N who="2" m="19727" /><F92/><W58/><G135/><T134/><D134/><U127/><E116/><V20/><F20/><W107/><G126/><T23/><D83/><U44/><E15/><V55/><F55/><W88/><G5/><T87/><D87/><U115/><E115/><V8/><F90/><N who="3" m="34347" /><G9/><T121/><D79/><N who="3" m="30249" /><G99/><T77/><D77/><U46/><E89/><V122/><F8/><W133/><G133/><T95/><D121/><U100/><E100/><N who="2" m="62479" /><F122/><W57/><N who="3" m="14336" /><DORA hai="124" /><W51/><G51/><T52/><REACH who="0" step="1"/><D53/><REACH who="0" ten="340,160,300,190" step="2"/><U114/><E114/><V18/><F18/><AGARI ba="0,1" hai="16,18,105,106,107" m="14336,30249,34347" machi="18" ten="50,8000,1" yaku="28,2,54,2" doraHai="93,124" who="3" fromWho="2" sc="340,0,160,0,300,-80,190,90" /><AGARI ba="0,0" hai="11,13,18,21,22,23,29,31,45,50,52,95,96,102" machi="18" ten="40,12000,2" yaku="1,1,2,1,8,1,52,1,54,1,53,2" doraHai="93,124" doraHaiUra="98,47" who="0" fromWho="2" sc="340,120,160,0,220,-120,280,0" /><INIT seed="3,0,0,4,3,105" ten="460,160,100,280" oya="3" hai0="74,82,39,63,76,33,68,51,87,43,32,90,27" hai1="119,22,123,77,80,126,30,46,67,88,31,40,117" hai2="115,37,89,95,53,14,34,73,130,131,7,134,108" hai3="48,58,26,121,109,18,59,17,107,135,112,69,94"/><W60/><G112/><T2/><D2/><U122/><E67/><V12/><F34/><W75/><G75/><T79/><D39/><U21/><E126/><V38/><F115/><W11/><G121/><T97/><D97/><U10/><E10/><V36/><F108/><W55/><G107/><T45/><D79/><U132/><E132/><V29/><F29/><N who="1" m="10761" /><E22/><V72/><F134/><W15/><G109/><T6/><D27/><U83/><E21/><V93/><F53/><W106/><G106/><T24/><D24/><U9/><E9/><V61/><F61/><W116/><G116/><N who="1" m="44618" /><E88/><V85/><F95/><W103/><G69/><T127/><D127/><U102/><E102/><V125/><F125/><W96/><G135/><T52/><D6/><U25/><E25/><V101/><F101/><W20/><G60/><T86/><D86/><N who="1" m="48399" /><E83/><V50/><F50/><AGARI ba="0,0" hai="40,46,50,122,123" m="48399,44618,10761" machi="50" ten="30,1000,0" yaku="12,1" doraHai="105" who="1" fromWho="2" sc="460,0,160,10,100,-10,280,0" /><INIT seed="4,0,0,4,2,96" ten="460,170,90,280" oya="0" hai0="52,10,63,110,122,64,13,66,107,56,0,38,112" hai1="130,15,131,59,50,134,44,86,26,117,79,95,55" hai2="87,72,97,77,17,91,18,119,75,83,7,129,6" hai3="47,68,76,51,3,115,135,80,62,99,43,37,11"/><T61/><D122/><U29/><E117/><V45/><F119/><W73/><G115/><T102/><D38/><U100/><E134/><V34/><F34/><W2/><G135/><T40/><D0/><U69/><E69/><V108/><F108/><W65/><G51/><T74/><D74/><U25/><E15/><V39/><F129/><W106/><G11/><T41/><D112/><U22/><E26/><V82/><F97/><W30/><REACH who="3" step="1"/><G30/><REACH who="3" ten="460,170,90,270" step="2"/><T126/><D10/><U57/><E131/><V28/><F28/><W98/><G98/><T128/><D128/><U31/><E31/><V70/><F70/><W4/><G4/><T85/><D110/><U23/><E23/><V103/><F7/><W36/><G36/><T109/><D109/><U35/><E130/><V93/><F6/><W58/><G58/><T1/><D56/><U14/><E57/><V48/><F39/><W20/><G20/><T5/><D5/><U12/><E59/><V88/><F48/><W101/><AGARI ba="0,1" hai="2,3,37,43,47,62,65,68,73,76,80,99,101,106" machi="101" ten="30,12000,2" yaku="1,1,0,1,33,3,52,1,53,0" doraHai="96" doraHaiUra="118" who="3" fromWho="3" sc="460,-60,170,-30,90,-30,270,130" /><INIT seed="5,0,0,0,2,118" ten="400,140,60,400" oya="1" hai0="79,67,108,13,14,51,106,33,95,60,88,24,123" hai1="35,129,133,89,2,113,69,132,48,18,0,68,62" hai2="112,39,53,83,94,92,58,19,135,37,93,119,16" hai3="73,9,78,117,1,74,47,80,26,7,126,38,66"/><U31/><E113/><V61/><F119/><W82/><G126/><T41/><D108/><U11/><E129/><V91/><F112/><W96/><G66/><T65/><D106/><U49/><E89/><V101/><F101/><W110/><G110/><T34/><D79/><U72/><E72/><V116/><F116/><W71/><G96/><T84/><D123/><U4/><E18/><V17/><REACH who="2" step="1"/><F135/><REACH who="2" ten="400,140,50,400" step="2"/><W75/><G117/><T81/><D34/><U12/><E35/><V76/><F76/><W55/><G78/><T100/><D33/><U120/><E133/><V20/><F20/><W43/><G74/><T114/><D100/><U109/><E132/><V128/><F128/><W97/><G73/><T90/><D90/><U104/><E109/><V59/><F59/><W70/><G75/><T52/><D88/><U131/><E131/><V50/><F50/><W134/><G134/><T8/><D51/><U105/><E48/><V98/><F98/><W56/><G97/><T115/><D114/><U22/><E49/><V15/><F15/><W63/><G71/><T30/><D14/><N who="1" m="5479" /><E68/><V121/><F121/><W27/><G70/><T103/><D103/><U25/><E120/><V40/><F40/><W57/><G57/><T86/><D41/><U36/><E12/><V107/><F107/><N who="1" m="41033" /><E36/><V3/><F3/><W127/><G1/><T28/><D13/><U125/><E2/><V122/><F122/><W29/><G38/><T130/><D115/><U23/><E0/><V124/><F124/><W64/><G127/><T46/><D130/><U77/><E125/><V87/><AGARI ba="0,1" hai="16,17,19,37,39,53,58,61,83,87,91,92,93,94" machi="87" ten="40,8000,1" yaku="1,1,5,1,0,1,54,1,53,0" doraHai="118" doraHaiUra="32" who="2" fromWho="2" sc="400,-20,140,-40,50,90,400,-20" /><INIT seed="6,0,0,0,2,118" ten="380,100,140,380" oya="2" hai0="131,32,120,21,56,1,7,110,114,14,27,2,37" hai1="47,19,46,124,50,134,57,130,64,38,70,52,83" hai2="119,68,42,40,10,54,121,94,63,90,105,122,104" hai3="33,98,113,43,97,81,126,102,26,103,12,53,111"/><V49/><F119/><W91/><G111/><T69/><D69/><U123/><E130/><V79/><F79/><W132/><G43/><T25/><D37/><U109/><E109/><V71/><F10/><W5/><G33/><T100/><D110/><U17/><E134/><V73/><F73/><W77/><G26/><T61/><D120/><U93/><E124/><V48/><F94/><W41/><G41/><T80/><D131/><U106/><E106/><V36/><F63/><W66/><G66/><T44/><D114/><U22/><E83/><V58/><F58/><W117/><G53/><T99/><D44/><U96/><E123/><V34/><F90/><W65/><G65/><T133/><D32/><U74/><E74/><V85/><F34/><W29/><G91/><T135/><D80/><U28/><E38/><V23/><F23/><W4/><G77/><T8/><D2/><U101/><E70/><V39/><REACH who="2" step="1"/><F54/><REACH who="2" ten="380,100,130,380" step="2"/><W9/><G9/><T18/><D56/><U13/><E64/><V95/><F95/><W45/><G117/><T30/><D61/><U24/><REACH who="1" step="1"/><E19/><REACH who="1" ten="380,90,130,380" step="2"/><V15/><F15/><W20/><G12/><T62/><D14/><U16/><E16/><V3/><F3/><W11/><G81/><T51/><D18/><U112/><E112/><V125/><F125/><W59/><G126/><T72/><D72/><U115/><E115/><V82/><F82/><W86/><G113/><T129/><D1/><U78/><E78/><V108/><F108/><W76/><G76/><T0/><D0/><U107/><E107/><V127/><F127/><W60/><G5/><RYUUKYOKU ba="0,2" sc="380,-15,90,15,130,15,380,-15" hai1="13,17,22,24,28,46,47,50,52,57,93,96,101" hai2="36,39,40,42,48,49,68,71,85,104,105,121,122" /><INIT seed="6,1,2,2,5,98" ten="365,105,145,365" oya="2" hai0="0,60,35,108,133,51,122,116,3,92,6,113,90" hai1="59,111,104,33,58,72,76,52,75,125,64,128,134" hai2="69,117,29,107,43,28,24,67,88,46,135,10,102" hai3="106,57,114,95,13,68,94,12,130,54,53,22,63"/><V9/><F117/><W73/><G73/><T78/><D35/><U85/><E33/><N who="2" m="20615" /><F29/><W61/><G106/><T21/><D78/><U96/><E111/><V45/><F135/><W31/><G114/><T38/><D113/><U65/><E134/><V97/><F46/><W93/><G130/><T32/><D108/><U62/><E128/><V50/><F88/><W5/><G68/><T15/><D32/><U70/><E125/><V23/><F23/><W27/><G5/><T1/><D6/><U66/><E70/><V41/><F43/><W118/><G118/><T2/><D116/><U99/><E59/><AGARI ba="1,2" hai="12,13,22,27,31,53,54,57,59,61,63,93,94,95" machi="59" ten="40,2600,0" yaku="9,1,8,1" doraHai="98" who="3" fromWho="1" sc="365,0,105,-29,145,0,365,49" /><INIT seed="7,0,0,1,3,36" ten="365,76,145,414" oya="3" hai0="135,75,117,93,45,48,18,33,95,94,17,29,61" hai1="1,78,132,7,100,14,83,40,71,6,32,52,46" hai2="74,60,110,107,73,104,102,21,76,101,37,127,80" hai3="42,131,39,81,118,116,28,106,3,67,58,82,26"/><W122/><G3/><T19/><D117/><U72/><E32/><V30/><F37/><W84/><G106/><T20/><D135/><U54/><E71/><V113/><F110/><W112/><G122/><T5/><D75/><U85/><E132/><V23/><F60/><W2/><G2/><T43/><D5/><U49/><E100/><V115/><F127/><W55/><G67/><T109/><D109/><U126/><E126/><V11/><F11/><W53/><G131/><T41/><D61/><U68/><E68/><V16/><F30/><W8/><G8/><T98/><D33/><U62/><E62/><V64/><F64/><W133/><G133/><T22/><D29/><U27/><E72/><V65/><F65/><W91/><G82/><T13/><D19/><U10/><E1/><V89/><F74/><W34/><G112/><T129/><D129/><U86/><E7/><V57/><F102/><W134/><G134/><T12/><D43/><U99/><E99/><AGARI ba="0,0" hai="12,13,17,18,20,22,41,45,48,93,94,95,98,99" machi="99" ten="40,5200,0" yaku="9,1,8,1,52,1" doraHai="36" who="0" fromWho="1" sc="365,52,76,-52,145,0,414,0" owari="417,51.7,24,-47.6,145,-25.5,414,21.4" /></mjloggm>