<mjloggm ver="2.3"><GO type="169" lobby="0"/><UN n0="%E2%97%8E%E3%82%88%E3%81%97%E2%97%8E" n1="%E3%81%9D%E3%82%93%E3%81%97%E6%A7%98" n2="%74%61%6D%69%74%61%6D%69" n3="%6F%79%6D%32%30%4E%4F%56" dan="17,17,16,16" rate="2164.72,2221.92,2066.77,2131.75" sx="M,M,M,M"/><TAIKYOKU oya="0"/><INIT seed="0,0,0,3,3,51" ten="250,250,250,250" oya="0" hai0="93,79,91,43,121,49,113,98,32,94,2,102,1" hai1="10,39,126,60,109,122,90,17,40,72,124,45,130" hai2="23,54,120,67,96,65,129,117,15,24,105,53,71" hai3="0,36,5,35,114,70,116,13,8,76,22,25,123"/><T134/><D121/><U55/><E72/><V47/><F120/><W61/><G36/><T103/><D113/><U68/><E122/><V66/><F71/><W57/><G70/><T133/><D32/><U3/><E90/><V77/><F77/><W33/><G116/><T111/><D79/><U4/><E109/><V92/><F117/><W73/><G114/><T112/><D112/><U21/><E130/><V64/><F129/><W80/><G0/><T46/><D111/><U63/><E68/><V27/><F105/><W48/><G48/><T101/><REACH who="0" step="1"/><D94/><REACH who="0" ten="240,250,250,250" step="2"/><U83/><E126/><V81/><F81/><W131/><G123/><T18/><D18/><U29/><E124/><V56/><F67/><W44/><G131/><T12/><D12/><U26/><E83/><V108/><F108/><W106/><G106/><T31/><D31/><U37/><E29/><V107/><F107/><W16/><REACH who="3" step="1"/><G44/><REACH who="3" ten="240,250,250,240" step="2"/><T85/><D85/><U59/><REACH who="1" step="1"/><E37/><REACH who="1" ten="240,240,250,240" step="2"/><V50/><F96/><W34/><G34/><T115/><D115/><U69/><E69/><V58/><F58/><W78/><G78/><T74/><D74/><U42/><E42/><V88/><F56/><W86/><G86/><T95/><D95/><U7/><E7/><V84/><F84/><W89/><G89/><T52/><D52/><AGARI ba="0,3" hai="5,8,13,16,22,25,33,35,52,57,61,73,76,80" machi="52" ten="30,12000,2" yaku="1,1,7,1,52,1,54,2,53,1" doraHai="51" doraHaiUra="6" who="3" fromWho="0" sc="240,-120,240,0,250,0,240,150" /><INIT seed="1,0,0,2,3,110" ten="120,240,250,390" oya="1" hai0="42,6,2,81,104,60,47,19,67,61,82,31,95" hai1="56,101,96,75,106,84,55,120,116,107,32,48,108" hai2="52,100,8,24,21,86,112,102,80,20,35,135,15" hai3="117,97,45,132,130,93,4,12,11,89,134,17,69"/><U74/><E116/><V30/><F135/><N who="3" m="51755" /><G117/><T92/><D104/><U14/><E120/><V63/><F35/><W9/><G130/><T68/><D31/><U124/><E124/><V50/><F21/><N who="3" m="11431" /><G69/><T44/><D19/><U51/><E32/><V53/><F63/><W103/><G45/><T43/><D6/><U129/><E129/><V131/><F131/><W33/><G33/><T94/><D2/><U3/><E3/><V16/><F112/><W59/><G59/><T1/><D1/><U18/><E108/><V126/><F126/><W125/><G125/><T83/><REACH who="0" step="1"/><D61/><REACH who="0" ten="110,240,250,390" step="2"/><U13/><E107/><V133/><F133/><W85/><G4/><T71/><D71/><U128/><E128/><V7/><F7/><W91/><G91/><T65/><D65/><U118/><E118/><V5/><F5/><W28/><G28/><T73/><D73/><U119/><E119/><V23/><F23/><W41/><G41/><AGARI ba="0,1" hai="41,42,43,44,47,60,67,68,81,82,83,92,94,95" machi="41" ten="40,1300,0" yaku="1,1,53,0" doraHai="110" doraHaiUra="113" who="0" fromWho="3" sc="110,23,240,0,250,0,390,-13" /><INIT seed="2,0,0,3,5,63" ten="133,240,250,377" oya="2" hai0="58,68,18,108,27,64,66,38,2,33,43,130,104" hai1="128,74,83,86,8,85,19,17,61,79,100,114,49" hai2="129,57,13,78,103,28,91,123,37,112,51,89,118" hai3="125,90,25,111,20,41,73,11,7,24,12,44,16"/><V120/><F37/><W53/><G111/><T126/><D104/><U122/><E114/><V76/><F112/><W59/><G125/><T135/><D2/><U60/><E128/><V6/><F28/><W80/><G73/><T121/><D121/><U113/><E113/><V133/><F129/><W31/><G80/><T109/><D130/><U1/><E122/><V116/><F103/><W42/><G90/><T71/><D33/><U99/><E49/><V131/><F131/><W102/><G102/><T72/><D27/><U105/><E17/><V46/><F57/><W15/><G44/><N who="0" m="23671" /><D18/><U36/><E36/><V10/><F123/><W52/><G53/><T23/><D23/><U67/><E61/><V14/><F120/><W26/><REACH who="3" step="1"/><G31/><REACH who="3" ten="133,240,250,367" step="2"/><T75/><D75/><U96/><E74/><V124/><F124/><W30/><G30/><T0/><D72/><U106/><E100/><V101/><F101/><W21/><G21/><T127/><D135/><U107/><E106/><V4/><F133/><W29/><G29/><T98/><D98/><U35/><E99/><V77/><F89/><W94/><G94/><T95/><D95/><U62/><E107/><V117/><F91/><W97/><G97/><T22/><D22/><U50/><E96/><V69/><F78/><W54/><G54/><T45/><D45/><U56/><E79/><V93/><F93/><W84/><G84/><T82/><D82/><U119/><E83/><V70/><F77/><W88/><G88/><T81/><D81/><U34/><E105/><V87/><F76/><W65/><G65/><N who="0" m="25195" /><D127/><U5/><E85/><RYUUKYOKU ba="0,1" sc="133,-10,240,-10,250,-10,367,30" hai3="7,11,12,15,16,20,24,25,26,41,42,52,59" /><INIT seed="3,1,1,2,4,86" ten="123,230,240,397" oya="3" hai0="63,23,93,68,34,72,109,91,132,60,80,127,38" hai1="125,10,25,76,49,44,94,45,71,9,54,120,59" hai2="101,2,41,53,129,111,67,133,73,75,82,32,110" hai3="84,62,123,88,116,0,52,57,33,47,8,70,105"/><W6/><G105/><T102/><D34/><U65/><E120/><V97/><F2/><W30/><G123/><T112/><D38/><U14/><E125/><V27/><F67/><W37/><G116/><T16/><D68/><U85/><E71/><V81/><F53/><W117/><G117/><T100/><D127/><U17/><E25/><V46/><F27/><W13/><G33/><T115/><D132/><U56/><E10/><V89/><F32/><W69/><G30/><T107/><D109/><N who="2" m="41482" /><F133/><W7/><G7/><T43/><D43/><U119/><E119/><V48/><F129/><W51/><G37/><T36/><D36/><U50/><E65/><V39/><F39/><W83/><G0/><T79/><D107/><U96/><E85/><N who="2" m="50359" /><F81/><W122/><G122/><T134/><D134/><U5/><E76/><V22/><F22/><W104/><G104/><AGARI ba="1,1" hai="41,46,48,73,75,97,101,104" m="50359,41482" machi="104" ten="30,2000,0" yaku="14,1,52,1" doraHai="86" who="2" fromWho="3" sc="123,0,230,0,240,33,397,-23" /><INIT seed="4,0,0,0,4,134" ten="123,230,273,374" oya="0" hai0="15,50,22,37,109,74,16,105,38,1,30,96,66" hai1="12,85,94,84,113,13,43,108,33,88,0,92,53" hai2="121,126,115,27,4,32,24,106,128,114,125,112,78" hai3="103,93,26,40,31,117,29,118,25,130,20,89,82"/><T111/><D74/><U123/><E108/><N who="0" m="41545" /><D1/><U116/><E116/><V124/><F121/><W39/><G130/><T76/><D76/><U69/><E123/><V75/><F128/><W42/><G103/><N who="0" m="62695" /><D66/><U46/><E33/><V135/><F106/><W47/><G42/><T86/><D86/><U73/><E73/><V68/><F135/><W21/><G82/><T133/><D133/><U79/><E0/><V56/><F68/><W91/><G91/><T58/><D30/><U67/><E67/><V35/><F4/><W17/><G17/><T44/><D58/><U97/><E69/><V64/><F78/><W61/><G61/><T101/><D101/><U51/><E113/><V57/><F75/><W98/><AGARI ba="0,0" hai="20,21,25,26,29,31,39,40,47,89,93,98,117,118" machi="98" ten="20,2700,0" yaku="0,1,7,1,9,1" doraHai="134" who="3" fromWho="3" sc="123,-13,230,-7,273,-7,374,27" /><INIT seed="5,0,0,3,1,23" ten="110,223,266,401" oya="1" hai0="127,62,100,2,121,6,79,93,69,76,115,5,116" hai1="126,24,86,123,128,37,85,19,15,119,44,34,111" hai2="98,59,125,132,89,45,134,129,31,130,30,87,74" hai3="22,17,1,10,65,56,54,107,71,47,66,96,39"/><U117/><E123/><V32/><F74/><W48/><G71/><T41/><D116/><U94/><E128/><N who="2" m="49259" /><F45/><W8/><G107/><T40/><D121/><U120/><E120/><V92/><F59/><W29/><G96/><T97/><D115/><U21/><E126/><V106/><F125/><W67/><G29/><N who="2" m="10761" /><F32/><W38/><G38/><T3/><D127/><U135/><E135/><V0/><F0/><W102/><G102/><AGARI ba="0,0" hai="87,89,92,98,102,106,132,134" m="10761,49259" machi="102" ten="30,1000,0" yaku="19,1" doraHai="23" who="2" fromWho="3" sc="110,0,223,0,266,10,401,-10" /><INIT seed="6,0,0,1,0,92" ten="110,223,276,391" oya="2" hai0="39,48,107,102,58,29,112,95,86,75,118,49,31" hai1="43,14,12,72,128,70,99,52,126,36,65,66,45" hai2="80,6,11,19,25,57,106,103,17,79,105,119,120" hai3="129,68,104,28,60,85,40,13,124,121,21,93,89"/><V3/><F120/><W122/><G104/><T113/><D39/><U4/><E72/><V114/><F119/><W59/><G68/><T135/><D75/><U38/><E38/><V34/><F114/><W63/><G40/><T20/><D118/><U98/><E126/><V33/><F57/><W56/><G129/><T42/><D107/><U50/><E128/><V97/><F106/><W111/><G111/><T87/><D20/><U62/><E66/><V101/><F101/><W47/><G47/><T44/><D135/><U67/><E67/><V69/><F69/><W117/><G117/><T1/><D1/><U88/><E88/><V10/><F10/><W24/><G13/><N who="1" m="5226" /><E4/><V131/><F131/><W108/><G124/><T5/><D5/><U115/><E115/><V37/><F37/><W26/><G26/><T74/><D74/><U76/><E76/><V46/><F46/><W127/><G108/><T132/><D132/><U96/><E96/><V35/><REACH who="2" step="1"/><F25/><REACH who="2" ten="110,223,266,391" step="2"/><W100/><G100/><T55/><D112/><U78/><E78/><V7/><F7/><W41/><G127/><T94/><D113/><U83/><E83/><V84/><AGARI ba="0,1" hai="3,6,11,17,19,33,34,35,79,80,84,97,103,105" machi="84" ten="30,6000,0" yaku="1,1,0,1,52,1,53,0" doraHai="92" doraHaiUra="53" who="2" fromWho="2" sc="110,-20,223,-20,266,70,391,-20" /><INIT seed="6,1,0,5,1,17" ten="90,203,336,371" oya="2" hai0="37,113,112,49,70,34,21,3,46,48,134,128,131" hai1="80,95,90,13,84,76,135,106,27,66,88,2,30" hai2="118,104,52,25,75,92,12,132,86,40,68,31,63" hai3="122,19,71,24,105,32,109,9,101,120,78,107,85"/><V14/><F104/><W69/><G109/><T15/><D34/><U102/><E2/><V6/><F75/><W18/><G85/><T59/><D3/><U20/><E135/><V28/><F118/><W110/><G110/><T82/><D82/><U81/><E106/><V119/><F119/><W29/><G78/><T99/><D99/><N who="1" m="59775" /><E80/><V67/><F40/><W26/><G29/><T124/><D15/><U103/><E103/><V133/><F31/><W22/><G22/><T121/><D21/><N who="1" m="15727" /><E66/><V23/><F6/><W93/><G93/><T100/><D100/><U61/><E61/><V1/><F1/><W44/><G101/><T96/><D96/><U65/><E65/><V55/><F92/><W94/><G94/><T114/><D70/><U74/><E74/><V126/><F86/><W77/><G77/><T16/><D16/><AGARI ba="1,0" hai="13,16,20,76,81,84,88,90" m="15727,59775" machi="16" ten="30,8000,1" yaku="8,1,52,2,54,2" doraHai="17" who="1" fromWho="0" sc="90,-83,203,83,336,0,371,0" /><INIT seed="7,0,0,2,5,32" ten="7,286,336,371" oya="3" hai0="100,43,46,26,64,60,83,75,70,108,52,86,107" hai1="53,132,12,68,101,105,82,39,73,69,91,28,59" hai2="36,54,95,27,63,42,116,25,77,90,98,16,65" hai3="55,13,92,56,38,97,103,3,58,89,57,111,130"/><W23/><G3/><T127/><D108/><U118/><E132/><V11/><F116/><W30/><G38/><T117/><D117/><U115/><E118/><V87/><F36/><W7/><G130/><T20/><D127/><U84/><E115/><V135/><F42/><W80/><G111/><T8/><D75/><U37/><E37/><V14/><F54/><W102/><G80/><T17/><D107/><U123/><E123/><V88/><F77/><W18/><G7/><T2/><D100/><N who="3" m="38441" /><G30/><T76/><D8/><U133/><E39/><V93/><F135/><W33/><G33/><T78/><D76/><U81/><E133/><V121/><F121/><W134/><G134/><T49/><D43/><U129/><E129/><V79/><F79/><W9/><G9/><T6/><D6/><U5/><E73/><V22/><F11/><W45/><G45/><T72/><D72/><U31/><E69/><AGARI ba="0,0" hai="14,16,22,25,27,63,65,69,87,88,90,93,95,98" machi="69" ten="30,3900,0" yaku="7,1,54,2" doraHai="32" who="2" fromWho="1" sc="7,0,286,-39,336,39,371,0" owari="7,-49.3,247,-15.3,375,47.5,371,17.1" /></mjloggm>