<mjloggm ver="2.3"><GO type="169" lobby="0"/><UN n0="%74%73%75%6B%69%31" n1="%6B%61%74%65%72%69%6E%61" n2="%E3%81%95%E3%81%8F%E3%82%88%E3%81%93%E3%81%A1%E3%82%83%E3%82%93" n3="%42%42%E3%81%A7%E3%81%99%E3%80%82" dan="16,16,16,17" rate="2143.09,2108.28,2050.53,2165.52" sx="M,M,M,M"/><TAIKYOKU oya="0"/><INIT seed="0,0,0,4,0,46" ten="250,250,250,250" oya="0" hai0="74,116,92,12,6,130,79,68,33,7,48,59,49" hai1="57,21,65,29,36,9,88,128,38,70,44,94,31" hai2="30,16,42,3,13,11,119,135,100,117,125,37,96" hai3="71,98,93,50,81,25,86,122,105,111,114,61,28"/><T91/><D68/><U24/><E70/><V8/><F125/><W77/><G114/><T2/><D116/><N who="2" m="44618" /><F135/><W43/><G111/><T123/><D123/><U47/><E128/><V102/><F30/><W90/><G122/><T63/><D33/><U99/><E31/><V101/><F42/><W54/><G105/><T109/><D130/><U83/><E38/><V40/><F40/><W76/><G61/><T52/><D2/><U27/><E27/><V17/><F37/><W23/><G71/><T112/><D112/><U118/><E118/><V108/><F108/><W75/><G43/><T124/><D109/><U134/><E36/><V32/><F32/><W67/><G67/><T121/><D121/><U73/><E134/><V39/><F39/><W82/><G82/><T45/><D124/><U84/><E73/><V58/><F58/><W60/><G60/><T80/><D12/><U22/><E22/><V106/><F17/><W20/><G20/><T72/><D72/><U78/><E9/><V10/><F10/><W18/><G75/><T89/><D89/><U69/><E69/><V113/><F113/><W14/><G28/><T66/><REACH who="0" step="1"/><D48/><REACH who="0" ten="240,250,250,250" step="2"/><U104/><E104/><V26/><F26/><W35/><G35/><T56/><D56/><U15/><E15/><V85/><F3/><W34/><G34/><T64/><D64/><U95/><E95/><V127/><F127/><W55/><G50/><T126/><D126/><U53/><E65/><V51/><F51/><AGARI ba="0,1" hai="21,24,29,44,47,51,53,57,78,83,84,88,94,99" machi="51" ten="30,7700,0" yaku="7,1,8,1,52,1,54,1" doraHai="46" who="1" fromWho="2" sc="240,0,250,87,250,-77,250,0" /><INIT seed="1,0,0,0,2,22" ten="240,337,173,250" oya="1" hai0="25,2,117,84,28,115,37,26,70,75,51,100,4" hai1="10,125,106,73,6,116,34,20,57,13,76,77,74" hai2="11,105,93,67,5,56,124,21,86,45,128,23,29" hai3="69,127,63,97,78,130,101,64,1,62,133,36,50"/><U3/><E116/><V83/><F105/><W55/><G130/><T32/><D37/><U122/><E122/><V81/><F128/><W48/><G1/><T9/><D75/><U90/><E106/><V68/><F68/><W8/><G78/><T61/><D117/><U52/><E34/><V126/><F45/><W96/><G36/><T108/><D108/><U112/><E112/><V14/><F93/><W114/><G114/><T95/><D115/><U80/><E125/><N who="2" m="48235" /><F29/><W27/><G97/><T121/><D121/><U103/><E103/><V88/><F83/><W44/><G44/><T79/><D28/><U113/><E113/><V43/><F43/><W53/><G69/><T104/><D32/><U12/><E90/><V38/><F38/><W30/><G30/><T123/><D123/><U35/><E35/><V16/><F5/><W24/><G101/><T129/><D129/><U49/><E20/><V7/><F7/><W72/><G127/><T31/><D31/><U119/><E119/><V71/><F71/><W47/><G47/><T59/><D104/><U60/><E49/><V33/><F33/><W17/><G50/><T41/><D70/><U92/><E92/><V40/><F40/><W89/><G48/><T18/><D100/><U102/><E102/><V54/><F67/><W87/><G64/><N who="0" m="38975" /><D18/><U39/><E39/><V109/><F109/><W65/><G17/><T46/><D95/><U66/><E66/><V82/><F82/><AGARI ba="0,0" hai="3,6,10,12,13,52,57,60,73,74,76,77,80,82" machi="82" ten="40,3900,0" yaku="9,1,54,1" doraHai="22" who="1" fromWho="2" sc="240,0,337,39,173,-39,250,0" /><INIT seed="1,1,0,3,2,125" ten="240,376,134,250" oya="1" hai0="80,50,34,51,5,17,49,87,120,82,76,46,99" hai1="127,15,91,83,113,114,78,73,13,0,110,40,108" hai2="105,27,63,30,56,96,28,16,86,38,24,8,9" hai3="85,6,54,101,29,32,64,123,33,18,115,35,43"/><U7/><E127/><V11/><F38/><W47/><G115/><T89/><D34/><U75/><E75/><V70/><F70/><W88/><G123/><T37/><D120/><U23/><E91/><V74/><F74/><W92/><G6/><T111/><D111/><N who="1" m="42539" /><E40/><V122/><F122/><W94/><G64/><T124/><D124/><U119/><E119/><V81/><F96/><W25/><G54/><T131/><D37/><U109/><N who="1" m="42547" /><U93/><DORA hai="126" /><E93/><V106/><F106/><W31/><G31/><T39/><D39/><U121/><E121/><V84/><F84/><W41/><G41/><T3/><D3/><U22/><E0/><V14/><F105/><W90/><G101/><T36/><D36/><U58/><E58/><V48/><F48/><W53/><G43/><T26/><D49/><U65/><E65/><N who="2" m="39143" /><F28/><W55/><G29/><T98/><D50/><U21/><E7/><V62/><F62/><W2/><G2/><T102/><D5/><U42/><E42/><V117/><F117/><W57/><G57/><T12/><D51/><U116/><E116/><V107/><F107/><W72/><G72/><T10/><D46/><U134/><E134/><V44/><F44/><W112/><G47/><T66/><D66/><U61/><E61/><V68/><F68/><W95/><G112/><AGARI ba="1,0" hai="13,15,21,22,23,73,78,83,112,113,114" m="42547" machi="112" ten="50,4800,0" yaku="14,1,10,1" doraHai="125,126" who="1" fromWho="3" sc="240,0,376,51,134,0,250,-51" /><INIT seed="1,2,0,5,4,17" ten="240,427,134,199" oya="1" hai0="77,65,37,84,76,43,66,110,80,122,67,89,1" hai1="102,134,106,127,15,74,40,64,60,78,90,128,85" hai2="112,104,114,93,120,6,44,29,35,45,121,100,28" hai3="11,129,9,108,135,22,34,63,31,42,36,116,41"/><U0/><E0/><V47/><F104/><W118/><G34/><T25/><D1/><U39/><E128/><V123/><F6/><W58/><G108/><T115/><D115/><N who="2" m="44074" /><F35/><W59/><G135/><T94/><D110/><U10/><E134/><V105/><F105/><W7/><G129/><T119/><D119/><U113/><E113/><V126/><F126/><W20/><G63/><T18/><D122/><N who="2" m="31234" /><V14/><DORA hai="79" /><F14/><W131/><G31/><N who="2" m="11849" /><F93/><W86/><G7/><T26/><D37/><U124/><E124/><V3/><F3/><W97/><G131/><T130/><D130/><U27/><E27/><V70/><F100/><W132/><G36/><T133/><D133/><U62/><E127/><V103/><F103/><W2/><G2/><T125/><D43/><U61/><E102/><V107/><F107/><W73/><G132/><T54/><D125/><U38/><E106/><V71/><AGARI ba="2,0" hai="44,45,47,70,71" m="11849,31234,44074" machi="71" ten="50,6400,0" yaku="28,2,11,1" doraHai="17,79" who="2" fromWho="2" sc="240,-18,427,-34,134,70,199,-18" /><INIT seed="2,0,0,4,4,2" ten="222,393,204,181" oya="2" hai0="47,71,96,0,65,134,131,129,127,42,63,22,52" hai1="16,18,97,49,104,61,106,23,135,37,51,133,114" hai2="84,77,29,3,89,94,5,108,90,9,41,76,98" hai3="14,40,87,53,69,81,58,80,125,112,100,88,30"/><V79/><F108/><W21/><G69/><T25/><D0/><U83/><E114/><V73/><F73/><W124/><G112/><T91/><D96/><U15/><E37/><V26/><F41/><W123/><G123/><T1/><D1/><U66/><E83/><V7/><F7/><W119/><G119/><T34/><D34/><U33/><E33/><V55/><F55/><W75/><G100/><T111/><D91/><U132/><E18/><V46/><F46/><W43/><G75/><T109/><D22/><U10/><E23/><V28/><REACH who="2" step="1"/><F26/><REACH who="2" ten="222,393,194,181" step="2"/><W27/><G43/><T99/><D25/><U20/><E135/><V115/><F115/><W101/><G40/><T60/><D134/><U118/><E133/><V126/><F126/><W13/><G125/><T24/><D24/><U128/><E132/><V67/><F67/><W122/><G124/><T39/><D127/><U72/><E72/><V32/><F32/><W130/><G27/><T85/><D99/><U38/><E97/><V57/><F57/><W17/><G58/><N who="0" m="34887" /><D85/><U31/><E66/><V110/><F110/><AGARI ba="0,1" hai="39,42,47,63,65,71,109,110,111,129,131" m="34887" machi="110" ten="30,7700,0" yaku="14,1,34,2,54,1" doraHai="2" who="0" fromWho="2" sc="222,87,393,0,194,-77,181,0" /><INIT seed="3,0,0,5,0,104" ten="309,393,117,181" oya="3" hai0="80,30,54,1,62,118,93,31,56,14,25,8,41" hai1="0,84,27,117,33,38,89,82,127,77,101,43,69" hai2="24,98,32,37,121,87,83,67,19,4,106,35,34" hai3="7,73,3,88,115,71,13,11,110,64,44,99,12"/><W15/><G115/><T112/><D118/><U81/><E0/><V128/><F37/><W18/><G110/><T114/><D1/><U22/><E69/><V49/><F128/><W50/><G73/><T125/><D125/><U53/><E127/><V17/><F121/><W16/><G64/><T9/><D41/><U60/><E33/><V58/><F4/><W65/><G65/><T39/><D39/><U6/><E6/><V113/><F113/><N who="0" m="43626" /><D93/><U5/><E5/><V91/><F24/><W47/><G71/><T40/><D40/><U70/><E117/><V109/><F109/><W74/><G74/><T28/><BYE who="3" /><D80/><UN n3="%42%42%E3%81%A7%E3%81%99%E3%80%82" /><U85/><E101/><V100/><REACH who="2" step="1"/><F49/><REACH who="2" ten="309,393,107,181" step="2"/><W29/><G50/><T94/><D25/><U135/><E38/><V132/><F132/><W75/><G7/><T119/><D119/><U129/><E135/><V68/><F68/><W10/><G3/><T107/><D14/><U20/><E129/><V90/><F90/><W124/><G88/><T55/><D31/><U57/><E27/><V86/><F86/><W105/><G13/><T92/><D30/><U102/><E70/><V111/><F111/><W59/><G15/><T72/><D28/><U51/><E102/><V134/><F134/><W52/><G29/><T126/><D126/><U78/><E89/><V116/><F116/><W79/><G124/><T66/><D72/><U36/><E36/><V131/><F131/><W123/><G75/><T97/><D97/><U21/><E51/><V23/><F23/><N who="3" m="11655" /><G99/><T103/><D103/><U133/><E133/><V130/><F130/><W108/><G108/><RYUUKYOKU ba="0,1" sc="309,-15,393,15,107,15,181,-15" hai1="20,21,22,43,53,57,60,77,78,81,82,84,85" hai2="17,19,32,34,35,58,67,83,87,91,98,100,106" /><INIT seed="4,1,1,5,1,93" ten="294,408,122,166" oya="0" hai0="77,80,16,59,20,110,88,83,71,22,28,124,94" hai1="130,60,53,119,42,115,78,104,10,112,133,2,7" hai2="47,26,68,127,134,76,84,97,111,54,13,63,36" hai3="116,66,15,92,4,108,81,74,75,69,122,109,9"/><T100/><D71/><U73/><E119/><V31/><F111/><W46/><G116/><T87/><D110/><U3/><E130/><V33/><F127/><W32/><G32/><T106/><D124/><U103/><E133/><V44/><F134/><W5/><G122/><T35/><D35/><U129/><E129/><V135/><F135/><W121/><G121/><T6/><D6/><U14/><E42/><V125/><F125/><W0/><G5/><T120/><D120/><U34/><E34/><V90/><F36/><W126/><G126/><T102/><D106/><U37/><E37/><V65/><F54/><W62/><G75/><T17/><D59/><N who="1" m="34927" /><E78/><V48/><F48/><W96/><G0/><T18/><D83/><U89/><E89/><V21/><F76/><W131/><G131/><T8/><D8/><U19/><E19/><V82/><F33/><W118/><G118/><T12/><D28/><U25/><E25/><V99/><REACH who="2" step="1"/><F13/><REACH who="2" ten="294,408,112,166" step="2"/><W105/><G109/><T101/><REACH who="0" step="1"/><D12/><REACH who="0" ten="284,408,112,166" step="2"/><U57/><E14/><V23/><F23/><W107/><G108/><T39/><D39/><U45/><E3/><V41/><F41/><W50/><G15/><T72/><AGARI ba="1,3" hai="16,17,18,20,22,72,77,80,87,88,94,100,101,102" machi="72" ten="30,11700,0" yaku="1,1,0,1,54,2,53,0" doraHai="93" doraHaiUra="40" who="0" fromWho="0" sc="284,150,408,-40,112,-40,166,-40" /><INIT seed="4,2,0,3,3,60" ten="434,368,72,126" oya="0" hai0="132,11,62,58,8,48,85,126,79,69,66,87,89" hai1="13,1,99,122,76,78,32,0,88,128,34,45,65" hai2="52,24,116,53,61,103,109,72,55,14,27,33,93" hai3="49,28,135,31,111,40,59,70,9,21,41,121,124"/><T86/><D132/><U56/><E122/><V82/><F109/><W67/><G111/><T112/><D112/><U15/><E128/><V73/><F116/><W98/><G70/><T63/><D126/><U77/><E45/><V68/><F14/><W36/><G36/><T43/><D79/><U46/><E46/><V113/><F113/><W37/><G37/><T6/><D48/><U133/><E133/><V130/><F130/><W83/><G135/><T125/><D43/><U23/><E15/><V131/><F131/><W26/><G31/><T71/><D71/><U35/><E13/><V95/><F33/><W107/><G124/><T30/><D30/><U75/><E23/><V101/><F82/><W92/><G107/><T114/><D125/><U16/><E16/><V64/><F93/><W102/><G121/><T123/><D123/><U18/><E18/><V54/><N who="2" m="13312" /><DORA hai="38" /><V39/><F39/><W3/><G83/><T110/><D110/><U105/><E75/><V127/><F127/><W12/><G3/><T120/><D120/><U4/><E4/><V74/><REACH who="2" step="1"/><F95/><REACH who="2" ten="434,368,62,126" step="2"/><W80/><G80/><T97/><D114/><U96/><E1/><V81/><F81/><W100/><G49/><T90/><D63/><N who="1" m="38119" /><E0/><V118/><F118/><W51/><G51/><T104/><D62/><U44/><E44/><V50/><F50/><W57/><G12/><T5/><D104/><U117/><E117/><V129/><F129/><W42/><G92/><T2/><D2/><U25/><E105/><V29/><F29/><W22/><G28/><T119/><D119/><U47/><E35/><RYUUKYOKU ba="2,1" sc="434,-10,368,-10,62,30,126,-10" hai2="24,27,61,64,68,72,73,74,101,103" /><INIT seed="5,3,1,0,4,78" ten="424,358,92,116" oya="1" hai0="76,99,19,124,16,10,46,50,93,24,45,26,98" hai1="54,113,53,52,39,127,42,82,132,134,88,86,89" hai2="44,30,133,120,80,108,33,116,95,31,72,106,2" hai3="125,109,104,91,79,28,4,90,111,126,55,122,3"/><U135/><E113/><V117/><F108/><N who="3" m="41547" /><G28/><T81/><D81/><BYE who="0" /><U17/><E127/><N who="3" m="48650" /><G122/><T58/><D58/><U21/><E89/><V27/><F31/><UN n0="%74%73%75%6B%69%31" /><W6/><G104/><T68/><D124/><U40/><E39/><V64/><F30/><W37/><G37/><T43/><D68/><U61/><E61/><V119/><F106/><W35/><G35/><T105/><D105/><U41/><E41/><V71/><F120/><W84/><G55/><T1/><D76/><U48/><E48/><V25/><F33/><W77/><G91/><T85/><D46/><U97/><E97/><V32/><F32/><W118/><G118/><T130/><D98/><U49/><E49/><V23/><F117/><W38/><G38/><T87/><D99/><U14/><AGARI ba="3,1" hai="14,17,21,40,42,52,53,54,82,86,88,132,134,135" machi="14" ten="40,12000,1" yaku="0,1,20,1,52,1,54,2" doraHai="78" who="1" fromWho="1" sc="424,-43,358,139,92,-43,116,-43" /><INIT seed="5,4,0,4,4,72" ten="381,497,49,73" oya="1" hai0="54,107,75,84,32,81,87,60,102,95,69,29,83" hai1="26,19,13,70,82,59,23,4,120,94,16,97,131" hai2="76,7,118,101,124,52,18,56,25,21,86,34,65" hai3="114,74,40,99,119,30,58,125,11,103,132,64,105"/><U109/><E120/><V41/><F118/><W116/><G74/><T80/><D54/><U46/><E70/><V35/><F124/><W12/><G125/><T42/><D42/><U117/><E117/><N who="3" m="45130" /><G114/><T9/><D9/><U14/><E131/><V73/><F73/><W110/><G110/><T6/><D6/><U55/><E109/><V5/><F65/><W71/><G132/><T66/><D75/><U47/><E4/><V79/><F101/><W67/><G71/><T39/><D39/><U24/><E82/><V45/><F34/><W15/><G40/><T88/><D87/><U22/><E26/><V93/><F35/><W27/><G58/><T104/><REACH who="0" step="1"/><D102/><REACH who="0" ten="371,497,49,73" step="2"/><N who="1" m="60727" /><E24/><AGARI ba="4,1" hai="24,29,32,60,66,69,80,81,83,84,88,95,104,107" machi="24" ten="40,2600,0" yaku="1,1,54,1,53,0" doraHai="72" doraHaiUra="106" who="0" fromWho="1" sc="371,48,497,-38,49,0,73,0" /><INIT seed="6,0,0,2,3,64" ten="419,459,49,73" oya="2" hai0="82,101,35,55,50,20,14,32,80,54,11,70,104" hai1="95,26,44,65,4,93,81,83,96,16,21,36,109" hai2="63,119,133,103,113,57,23,13,49,134,77,10,127" hai3="15,45,110,111,85,86,102,46,87,94,27,58,41"/><V38/><F119/><W22/><G111/><T131/><D131/><U18/><E109/><V84/><F38/><W9/><G110/><T34/><D20/><U12/><E4/><V29/><F113/><W90/><G102/><T37/><D37/><U52/><E65/><V125/><F103/><W40/><G58/><T71/><D104/><U17/><E93/><V5/><F49/><W115/><G115/><T135/><D135/><N who="2" m="51722" /><F29/><N who="3" m="17655" /><G45/><T100/><D100/><N who="1" m="60447" /><E36/><V118/><F118/><W129/><G129/><T39/><D39/><U126/><E126/><N who="2" m="48139" /><F23/><W98/><G46/><T33/><D101/><U92/><E92/><V28/><F28/><W66/><G66/><T76/><D34/><U112/><E112/><V99/><F99/><W88/><G90/><T0/><D50/><N who="1" m="28743" /><E12/><V1/><F1/><W106/><G106/><T2/><D35/><U107/><E107/><V67/><F84/><W73/><G73/><T132/><D132/><U61/><E61/><V128/><F128/><W117/><G117/><T123/><D14/><U97/><E97/><V53/><F67/><W19/><AGARI ba="0,0" hai="9,15,19,40,41,85,86,87,88,94,98" m="17655" machi="19" ten="30,2000,0" yaku="8,1,54,1" doraHai="64" who="3" fromWho="3" sc="419,-5,459,-5,49,-10,73,20" /><INIT seed="7,0,0,4,4,51" ten="414,454,39,93" oya="3" hai0="34,90,72,18,91,26,21,31,6,5,23,38,89" hai1="112,3,87,92,109,123,1,94,101,10,45,53,78" hai2="115,20,0,62,22,120,107,64,66,117,8,41,75" hai3="84,69,70,126,29,80,95,100,59,108,42,105,58"/><W71/><G105/><T25/><D38/><U36/><E109/><V121/><F117/><W88/><G108/><T47/><D72/><U128/><E123/><V119/><F119/><W129/><G129/><T27/><REACH who="0" step="1"/><D47/><REACH who="0" ten="404,454,39,93" step="2"/><U61/><E128/><V127/><F75/><W134/><G134/><T85/><D85/><U132/><E132/><V32/><F115/><W28/><G126/><T83/><D83/><U118/><E45/><V16/><F127/><W46/><G80/><T40/><D40/><U54/><E36/><V130/><F130/><W97/><G46/><T52/><D52/><U65/><E54/><V98/><F41/><W30/><G42/><T43/><D43/><U15/><E53/><V56/><F64/><W63/><G63/><T110/><D110/><U133/><E61/><V55/><F66/><W39/><G39/><T17/><AGARI ba="0,1" hai="5,6,17,18,21,23,25,26,27,31,34,89,90,91" machi="17" ten="30,4000,0" yaku="1,1,0,1,9,1,53,0" doraHai="51" doraHaiUra="60" who="0" fromWho="0" sc="404,50,454,-10,39,-10,93,-20" owari="454,55.4,444,24.4,29,-47.1,73,-32.7" /></mjloggm>