<mjloggm ver="2.3"><GO type="169" lobby="0"/><UN n0="%E3%82%BC%E3%83%B3%E3%83%84%E3%83%9E%E3%82%B7%E3%83%BC%E3%83%B3" n1="%E3%83%A9%E3%83%B3%E3%82%B0%E3%83%A9" n2="%E6%B2%B3%E7%AB%A5%E3%81%AE%E3%83%AF%E3%82%AB%E3%83%9E%E3%83%84" n3="%E8%B5%A4%E4%BA%94%E7%AB%8B%E7%9B%B4" dan="16,16,17,16" rate="2137.24,2072.59,2181.01,2153.01" sx="M,M,M,F"/><TAIKYOKU oya="0"/><INIT seed="0,0,0,5,2,115" ten="250,250,250,250" oya="0" hai0="8,24,100,93,49,37,17,43,99,111,29,97,44" hai1="32,83,94,110,38,96,131,58,13,98,88,6,82" hai2="90,25,2,67,42,135,27,109,9,50,52,35,112" hai3="91,92,14,61,128,121,79,11,15,70,104,19,47"/><T56/><D111/><U126/><E38/><V59/><F112/><W72/><G104/><T31/><D37/><U78/><E32/><V10/><F109/><W26/><G128/><T125/><D125/><U120/><E110/><V103/><F135/><W85/><G121/><T3/><D56/><U28/><E120/><V1/><F103/><W54/><G70/><T89/><D3/><U62/><E131/><V101/><F101/><W107/><G107/><T87/><D97/><U21/><E126/><V63/><F42/><W123/><G123/><T118/><D118/><U114/><E114/><V4/><F35/><W5/><G72/><T46/><D46/><U30/><E98/><V57/><REACH who="2" step="1"/><F90/><REACH who="2" ten="250,250,240,250" step="2"/><W18/><G79/><T73/><D100/><U129/><E129/><V119/><F119/><W16/><G26/><T69/><D24/><N who="1" m="16399" /><E78/><V40/><F40/><W134/><G134/><T84/><D43/><U81/><E30/><V106/><F106/><W60/><G15/><T117/><D29/><U86/><E13/><V45/><F45/><W75/><G75/><T122/><D31/><U22/><E88/><V108/><F108/><W124/><G124/><T68/><D89/><U127/><E127/><V66/><F66/><W53/><G47/><T20/><D44/><U113/><E113/><V12/><F12/><W64/><G64/><T41/><D41/><U102/><E102/><V23/><F23/><W132/><G132/><T80/><D73/><U77/><E22/><V105/><F105/><W39/><G39/><T48/><D20/><U34/><E34/><V36/><F36/><RYUUKYOKU ba="0,1" sc="250,-15,250,-15,240,15,250,15" hai2="1,2,4,9,10,25,27,50,52,57,59,63,67" hai3="5,11,14,16,18,19,53,54,60,61,85,91,92" /><INIT seed="1,1,1,1,4,123" ten="235,235,255,265" oya="1" hai0="124,18,23,103,50,113,4,68,64,65,128,122,129" hai1="11,115,106,53,119,97,133,25,59,3,67,114,109" hai2="49,42,100,131,14,0,130,37,19,76,34,55,104" hai3="89,112,40,27,73,1,94,20,17,26,72,56,54"/><U39/><E119/><V132/><F0/><W74/><G1/><T32/><D122/><U33/><E39/><V8/><F34/><W101/><G40/><T13/><D113/><U69/><E133/><V116/><F116/><W36/><G36/><T70/><D32/><U91/><E91/><V46/><F132/><W98/><G112/><T102/><D124/><U107/><E107/><V47/><REACH who="2" step="1"/><F76/><REACH who="2" ten="235,235,245,265" step="2"/><W48/><G27/><T9/><D129/><U81/><E33/><V79/><F79/><W118/><G118/><T10/><D128/><U80/><E25/><V105/><F105/><W35/><G35/><T62/><D13/><U111/><E106/><V127/><F127/><W7/><G7/><T96/><D4/><U120/><E120/><V51/><F51/><W30/><REACH who="3" step="1"/><G101/><REACH who="3" ten="235,235,245,255" step="2"/><T77/><D103/><U134/><E3/><V12/><F12/><W85/><G85/><T41/><D102/><U57/><E134/><V29/><F29/><AGARI ba="1,3" hai="17,20,26,29,30,48,54,56,72,73,74,89,94,98" machi="29" ten="40,1300,0" yaku="1,1,53,0" doraHai="123" doraHaiUra="78" who="3" fromWho="2" sc="235,0,235,0,245,-16,255,46" /><INIT seed="2,0,0,1,3,83" ten="235,235,229,301" oya="2" hai0="34,135,119,121,22,51,60,36,56,2,92,37,94" hai1="118,45,62,35,32,102,79,16,47,3,64,76,66" hai2="7,98,57,10,4,108,109,103,87,111,43,0,30" hai3="107,41,75,52,131,85,81,38,28,120,74,82,132"/><V24/><F7/><W90/><G120/><T13/><D121/><U5/><E118/><V133/><F43/><W12/><G107/><T91/><D34/><U40/><E102/><V65/><F133/><W113/><G132/><T99/><D2/><U100/><E100/><V48/><F87/><W93/><G131/><T71/><D135/><U123/><E123/><V46/><F46/><W20/><G113/><T27/><D13/><U50/><E5/><V1/><F1/><W127/><G127/><T21/><D119/><U96/><E3/><V19/><F19/><W42/><G38/><T105/><D105/><U31/><E96/><V129/><F129/><W97/><G75/><T67/><D92/><U44/><E44/><V95/><F48/><W15/><G81/><T14/><D14/><N who="3" m="5161" /><G74/><T8/><D8/><U26/><E32/><V17/><F17/><W72/><G72/><T73/><D73/><U134/><E134/><V80/><F80/><W101/><G52/><T84/><D99/><U114/><E114/><V112/><F112/><W49/><G49/><T29/><REACH who="0" step="1"/><D21/><REACH who="0" ten="225,235,229,301" step="2"/><U126/><E35/><V88/><F109/><W77/><G77/><T33/><D33/><U61/><E76/><V6/><F6/><W68/><G68/><T39/><D39/><U122/><E79/><V89/><F111/><W104/><G104/><T55/><AGARI ba="0,1" hai="22,27,29,36,37,51,55,56,60,67,71,84,91,94" machi="55" ten="30,4000,0" yaku="1,1,0,1,52,1,53,0" doraHai="83" doraHaiUra="9" who="0" fromWho="0" sc="225,50,235,-10,229,-20,301,-10" /><INIT seed="3,0,0,5,1,5" ten="275,225,209,291" oya="3" hai0="50,90,121,120,77,70,108,107,19,88,56,111,135" hai1="119,69,113,28,8,118,116,14,9,44,7,36,93" hai2="71,86,131,51,94,62,55,48,130,2,83,60,49" hai3="74,25,126,0,100,58,132,63,129,18,38,4,104"/><W31/><G126/><T117/><D117/><U96/><E69/><V43/><F2/><W26/><G129/><N who="2" m="49161" /><F94/><W106/><G38/><T80/><D135/><U97/><E113/><V72/><F72/><W75/><G132/><T124/><D70/><U61/><E28/><V115/><F115/><W45/><G18/><T133/><D107/><U84/><E84/><V17/><F43/><W82/><G45/><T16/><D133/><U15/><E61/><N who="2" m="23659" /><F17/><N who="0" m="6730" /><D124/><U68/><E68/><V53/><F71/><W112/><G112/><T21/><D21/><U40/><E97/><V13/><F13/><W123/><G26/><T110/><D50/><U78/><E78/><AGARI ba="0,0" hai="48,49,51,53,55,78,83,86" m="23659,49161" machi="78" ten="30,1000,0" yaku="19,1" doraHai="5" who="2" fromWho="1" sc="275,0,225,-10,209,10,291,0" /><INIT seed="4,0,0,2,3,18" ten="275,215,219,291" oya="0" hai0="118,62,108,52,10,98,115,129,54,113,13,28,74" hai1="109,40,78,106,70,94,122,43,36,91,133,73,90" hai2="80,130,95,124,23,44,132,57,7,59,135,82,12" hai3="56,51,79,15,121,61,3,50,41,120,87,5,26"/><T131/><D118/><U71/><E122/><N who="3" m="47210" /><G3/><T104/><D74/><U107/><E109/><V1/><F130/><N who="0" m="49674" /><D28/><U96/><E133/><N who="2" m="51275" /><F124/><W47/><G26/><T102/><D108/><U77/><E94/><V63/><F44/><W30/><G30/><T46/><D62/><U101/><E101/><V117/><F57/><W4/><G51/><N who="0" m="28791" /><D54/><U55/><E55/><V86/><F59/><W125/><G125/><T32/><D32/><U2/><E96/><V29/><F86/><W67/><G15/><T85/><D85/><U105/><E105/><V8/><F63/><W53/><G53/><T134/><D134/><U35/><E73/><V58/><F58/><W60/><G61/><T75/><D75/><U93/><E35/><V84/><F117/><W119/><G119/><T81/><D81/><AGARI ba="0,0" hai="4,5,41,47,50,56,60,67,79,81,87" m="47210" machi="81" ten="30,1000,0" yaku="13,1" doraHai="18" who="3" fromWho="0" sc="275,-10,215,0,219,0,291,10" /><INIT seed="5,0,0,2,0,75" ten="265,215,219,301" oya="1" hai0="54,42,21,93,122,48,76,73,13,107,129,18,16" hai1="55,64,117,10,105,49,1,3,19,27,15,78,59" hai2="99,51,31,71,134,101,130,126,69,133,88,11,112" hai3="97,74,23,38,50,106,60,44,127,47,57,29,84"/><U103/><E117/><V53/><F130/><W90/><G74/><T77/><D107/><U83/><E64/><V114/><F31/><W67/><G127/><T111/><D111/><U80/><E80/><V109/><F11/><W8/><G38/><T87/><D73/><U4/><E27/><V14/><F14/><W0/><G106/><T121/><D42/><U125/><E125/><V135/><F109/><W5/><G97/><T52/><D129/><U86/><REACH who="1" step="1"/><E4/><REACH who="1" ten="265,205,219,301" step="2"/><V108/><F126/><W45/><G67/><T132/><D132/><U36/><E36/><V58/><F108/><W22/><G5/><T30/><D30/><U131/><E131/><V102/><F69/><W40/><G29/><T118/><D118/><U89/><E89/><V66/><F66/><W94/><G90/><N who="0" m="53471" /><D122/><U81/><E81/><V128/><F71/><W123/><G123/><T91/><D91/><U7/><E7/><V110/><F110/><W115/><G115/><N who="2" m="44073" /><F128/><W70/><G70/><T113/><D113/><U37/><E37/><V56/><F88/><W46/><G40/><T28/><D28/><U20/><E20/><V32/><F32/><W41/><G22/><N who="0" m="11535" /><D121/><U6/><E6/><V85/><F134/><W79/><G23/><T100/><D100/><U63/><E63/><N who="2" m="36239" /><F102/><W96/><G41/><T39/><D39/><U98/><AGARI ba="0,1" hai="1,3,10,15,19,49,55,59,78,83,86,98,103,105" machi="98" ten="30,6000,0" yaku="1,1,0,1,52,1,53,0" doraHai="75" doraHaiUra="17" who="1" fromWho="1" sc="265,-20,205,70,219,-20,301,-20" /><INIT seed="5,1,0,5,5,49" ten="245,275,199,281" oya="1" hai0="7,11,61,84,78,120,46,73,33,64,13,16,42" hai1="53,24,77,127,97,31,75,32,25,116,134,83,10" hai2="131,132,98,104,58,93,110,28,74,91,54,5,36" hai3="2,105,88,86,50,35,65,103,4,21,56,47,60"/><U57/><E116/><V51/><F110/><W100/><G35/><T66/><D33/><U55/><E134/><V126/><F132/><W128/><G128/><T133/><D73/><U68/><E68/><V3/><F131/><W92/><G105/><T72/><D72/><U14/><E127/><V27/><F74/><W18/><G4/><T12/><D133/><U106/><E25/><V43/><F126/><W125/><G2/><T95/><D120/><U39/><E39/><V22/><F104/><W71/><G71/><T108/><D108/><U102/><REACH who="1" step="1"/><E57/><REACH who="1" ten="245,265,199,281" step="2"/><V111/><F111/><W38/><G38/><T101/><D101/><U17/><AGARI ba="1,1" hai="10,14,17,24,31,32,53,55,75,77,83,97,102,106" machi="17" ten="20,18000,2" yaku="1,1,2,1,0,1,7,1,52,2,53,1" doraHai="49" doraHaiUra="107" who="1" fromWho="1" sc="245,-61,265,193,199,-61,281,-61" /><INIT seed="5,2,0,4,2,20" ten="184,458,138,220" oya="1" hai0="69,60,49,113,2,12,3,117,125,26,24,59,120" hai1="124,37,28,103,23,102,70,15,86,19,105,88,57" hai2="79,41,129,109,16,82,131,89,4,90,21,11,27" hai3="99,80,31,35,44,97,36,111,132,115,119,53,40"/><U62/><E70/><V61/><F109/><W64/><G115/><T110/><D110/><U101/><E37/><V130/><F61/><W77/><G132/><T116/><D113/><U74/><E74/><V87/><REACH who="2" step="1"/><F41/><REACH who="2" ten="184,458,128,220" step="2"/><W51/><G111/><T107/><D60/><U93/><E124/><V58/><F58/><W67/><G40/><T121/><D59/><U22/><E105/><V54/><F54/><W76/><G64/><T98/><D107/><U42/><E42/><V72/><F72/><W75/><G67/><T17/><D125/><U83/><E57/><V34/><F34/><W65/><G65/><T85/><D117/><U73/><E62/><V134/><F134/><W114/><G119/><T135/><D116/><U13/><E73/><V122/><F122/><W106/><G114/><T66/><D121/><U108/><E108/><V92/><F92/><W6/><G106/><T38/><D120/><U47/><E47/><V55/><F55/><W32/><G35/><T126/><D135/><U91/><E93/><V68/><F68/><W63/><G63/><T52/><D69/><U14/><E91/><V9/><F9/><W5/><G76/><T10/><D10/><U112/><E112/><V56/><F56/><W45/><G44/><T123/><D52/><U100/><E100/><V84/><F84/><W7/><G36/><T78/><D38/><U18/><E103/><V127/><F127/><W25/><AGARI ba="2,1" hai="5,6,7,25,31,32,45,51,53,75,77,80,97,99" machi="25" ten="30,2000,0" yaku="0,1,52,1" doraHai="20" who="3" fromWho="3" sc="184,-7,458,-12,128,-7,220,36" /><INIT seed="6,0,0,2,5,43" ten="177,446,121,256" oya="2" hai0="44,63,69,23,55,100,107,79,88,1,98,74,64" hai1="15,3,33,116,4,48,30,67,37,132,17,47,56" hai2="103,113,118,115,2,10,58,80,134,14,45,26,24" hai3="97,16,104,46,25,49,133,41,0,95,89,122,60"/><V40/><F118/><W82/><G122/><T78/><D1/><U73/><E73/><V34/><F103/><W70/><G0/><T31/><D74/><U120/><E116/><V75/><F58/><W22/><G133/><T81/><D31/><U110/><E110/><V102/><F102/><W52/><G104/><T94/><D23/><U99/><E132/><V53/><F53/><W106/><G106/><T117/><D81/><U7/><E37/><N who="2" m="21647" /><F134/><W35/><G35/><T36/><D117/><U129/><E120/><V128/><F128/><W123/><G123/><T66/><D66/><U62/><E129/><V61/><F61/><W20/><G20/><T29/><D29/><U112/><E99/><V85/><F34/><W8/><G8/><T109/><D109/><U111/><E111/><V11/><F10/><W108/><G108/><T125/><D36/><U9/><E33/><V77/><F85/><W131/><G131/><T76/><D55/><U135/><E135/><V5/><F14/><W32/><G32/><T65/><D65/><U21/><E3/><V90/><F90/><W50/><G82/><T57/><D57/><U71/><E56/><V51/><F51/><N who="3" m="27087" /><G70/><T87/><REACH who="0" step="1"/><D44/><REACH who="0" ten="167,446,121,256" step="2"/><U114/><E21/><V119/><F119/><W127/><G52/><T39/><D39/><U83/><E30/><V6/><F6/><W124/><G60/><T91/><D91/><U54/><E83/><V12/><F2/><W68/><G68/><T126/><AGARI ba="0,1" hai="63,64,69,76,78,79,87,88,94,98,100,107,125,126" machi="126" ten="30,12000,2" yaku="1,1,0,1,54,1,53,3" doraHai="43" doraHaiUra="72" who="0" fromWho="0" sc="167,130,446,-30,121,-60,256,-30" /><INIT seed="7,0,0,5,0,66" ten="297,416,61,226" oya="3" hai0="36,95,110,119,64,102,5,75,82,90,26,67,61" hai1="50,79,46,74,24,111,23,42,133,71,101,81,40" hai2="59,4,38,45,55,25,115,70,11,13,107,108,104" hai3="100,2,29,112,118,57,28,31,124,17,77,44,1"/><W131/><G118/><T12/><D110/><U3/><E111/><V54/><F115/><W91/><G112/><T94/><D36/><U103/><E71/><V52/><F108/><W106/><G131/><T60/><D119/><U58/><E3/><V18/><F107/><W69/><G69/><T56/><D26/><U21/><E133/><V43/><F104/><W6/><G77/><T35/><D35/><U68/><E68/><V98/><F98/><W135/><G135/><T63/><D75/><U76/><E76/><V105/><F105/><W16/><G124/><T72/><D72/><U19/><E42/><V126/><F126/><W48/><G57/><N who="0" m="36879" /><D61/><U80/><E80/><V20/><F70/><W78/><G78/><T34/><D34/><U113/><E113/><V14/><F13/><W117/><G117/><T125/><D125/><U83/><E83/><V127/><F127/><W88/><G100/><T109/><D109/><U0/><E0/><V49/><REACH who="2" step="1"/><F38/><REACH who="2" ten="297,416,51,226" step="2"/><W123/><G106/><T51/><D12/><U85/><E74/><V53/><F53/><W37/><G37/><T22/><D67/><U99/><E99/><V128/><F128/><W89/><G2/><T15/><D15/><N who="1" m="9471" /><E58/><V96/><F96/><W114/><G114/><T9/><D56/><U7/><E7/><V120/><F120/><W8/><REACH who="3" step="1"/><G123/><REACH who="3" ten="297,416,51,216" step="2"/><T132/><D132/><U47/><E103/><V62/><AGARI ba="0,2" hai="4,11,14,18,20,25,43,45,49,52,54,55,59,62" machi="62" ten="20,8000,1" yaku="1,1,0,1,7,1,8,1,54,1,53,0" doraHai="66" doraHaiUra="93" who="2" fromWho="2" sc="297,-20,416,-20,51,100,216,-40" owari="277,7.7,396,49.6,151,-34.9,176,-22.4" /></mjloggm>