<mjloggm ver="2.3"><GO type="169" lobby="0"/><UN n0="%E7%8C%AB%E5%A8%98%E5%A4%A7%E5%A5%BD%E3%81%8D" n1="%E3%81%82%E3%81%BE%E3%81%82%E3%82%93" n2="%E3%81%95%E3%81%8F%E3%82%88%E3%81%93%E3%81%A1%E3%82%83%E3%82%93" n3="%E3%81%8B%E3%81%AA%E3%81%8D%E3%83%BC" dan="17,17,16,17" rate="2193.54,2112.46,2064.94,2214.89" sx="M,M,M,F"/><TAIKYOKU oya="0"/><INIT seed="0,0,0,1,0,112" ten="250,250,250,250" oya="0" hai0="129,14,6,13,89,8,98,93,81,21,115,41,12" hai1="77,107,75,29,48,66,10,91,72,55,122,125,56" hai2="50,46,113,53,121,1,15,127,64,34,36,83,22" hai3="92,70,59,35,86,24,74,82,49,33,120,111,108"/><T17/><D129/><U123/><E107/><V104/><F113/><W19/><G70/><T31/><D115/><U32/><E125/><V130/><F121/><W52/><G74/><T73/><D41/><U114/><E114/><V85/><F34/><W47/><G92/><T28/><D73/><U68/><E75/><V27/><F1/><W20/><G120/><T116/><D116/><U109/><E109/><N who="3" m="42058" /><G47/><T90/><REACH who="0" step="1"/><D13/><REACH who="0" ten="240,250,250,250" step="2"/><U88/><E72/><V7/><F15/><W80/><G80/><T99/><D99/><U103/><E123/><V62/><F83/><W54/><G54/><T44/><D44/><U79/><E55/><V65/><F46/><W9/><G9/><T100/><D100/><U30/><E103/><V5/><F130/><W133/><G133/><T67/><D67/><U101/><E101/><V43/><F64/><W25/><G25/><T63/><D63/><U106/><E66/><V42/><F62/><W132/><G132/><T57/><D57/><U84/><E56/><V96/><F65/><W69/><G69/><T126/><D126/><U110/><E68/><V2/><F127/><W51/><G51/><T76/><D76/><AGARI ba="0,1" hai="19,20,24,33,35,49,52,59,76,82,86" m="42058" machi="76" ten="30,2000,0" yaku="14,1,54,1" doraHai="112" who="3" fromWho="0" sc="240,-20,250,0,250,0,250,30" /><INIT seed="1,0,0,2,3,45" ten="220,250,250,280" oya="1" hai0="101,111,49,98,127,47,70,80,16,59,112,61,122" hai1="74,118,24,51,63,11,129,17,107,0,88,2,32" hai2="31,18,42,60,95,27,85,128,82,117,123,135,106" hai3="10,125,114,54,6,64,30,58,7,99,72,57,132"/><U71/><E118/><V87/><F117/><W96/><G114/><T109/><D112/><U56/><E74/><V28/><F106/><W5/><G125/><T77/><D70/><U83/><E107/><V102/><F123/><W15/><G132/><T65/><D127/><U21/><E129/><V100/><F128/><W9/><G72/><T40/><D122/><U91/><E71/><V29/><F60/><N who="3" m="37903" /><G30/><T46/><D46/><U37/><E37/><V8/><F42/><W22/><G22/><T131/><D131/><U121/><E121/><V78/><F135/><W97/><G15/><T126/><D126/><U130/><E130/><V1/><F1/><W134/><G134/><T90/><D90/><U76/><E32/><V62/><F62/><AGARI ba="0,0" hai="5,6,7,9,10,54,58,62,96,97,99" m="37903" machi="62" ten="30,1000,0" yaku="8,1" doraHai="45" who="3" fromWho="2" sc="220,0,250,0,250,-10,280,10" /><INIT seed="2,0,0,0,4,32" ten="220,250,240,290" oya="2" hai0="60,31,95,18,87,90,7,112,83,84,123,111,19" hai1="72,89,10,116,107,36,35,14,75,11,26,130,135" hai2="113,108,6,41,67,104,50,68,128,78,133,101,129" hai3="39,102,25,8,103,29,0,9,119,122,34,74,77"/><V21/><F113/><W20/><G119/><T114/><D123/><U54/><E107/><V46/><F133/><W127/><G122/><T5/><D111/><U117/><E36/><V43/><F108/><W96/><G127/><T65/><D31/><U110/><E110/><V91/><F78/><W120/><G39/><T37/><D37/><U3/><E135/><V58/><F68/><W16/><G0/><T131/><D131/><N who="2" m="50250" /><F91/><W51/><G103/><T79/><D114/><U23/><E130/><V49/><F6/><W48/><G77/><T97/><D112/><U13/><E89/><V126/><F21/><W24/><G74/><T63/><D63/><U121/><E121/><V71/><F71/><W132/><G132/><T134/><D134/><U17/><E35/><V115/><F115/><W76/><G76/><T70/><D7/><U57/><E72/><V59/><F67/><W64/><G64/><T88/><REACH who="0" step="1"/><D5/><REACH who="0" ten="210,250,240,290" step="2"/><U42/><E116/><V22/><F126/><W47/><G120/><T33/><D33/><U99/><E117/><V27/><F50/><W92/><REACH who="3" step="1"/><G51/><REACH who="3" ten="210,250,240,280" step="2"/><T62/><D62/><U106/><E75/><V1/><F49/><W56/><G56/><T40/><D40/><AGARI ba="0,2" hai="8,9,16,20,24,25,29,34,40,47,48,92,96,102" machi="40" ten="30,7700,0" yaku="1,1,7,1,54,1,53,1" doraHai="32" doraHaiUra="98" who="3" fromWho="0" sc="210,-77,250,0,240,0,280,97" /><INIT seed="3,0,0,1,4,37" ten="133,250,240,377" oya="3" hai0="39,2,68,92,13,116,26,0,107,94,15,101,95" hai1="17,109,88,131,93,6,135,129,48,5,87,117,70" hai2="44,10,113,18,36,73,60,82,58,64,31,20,57" hai3="77,118,11,115,51,96,14,28,99,53,59,38,65"/><W103/><G115/><T22/><D68/><U102/><E70/><V9/><F113/><W27/><G118/><T110/><D39/><U42/><E117/><V72/><F31/><W91/><G38/><T106/><D116/><U79/><E109/><V3/><F58/><W52/><G77/><T69/><D69/><U16/><E135/><V56/><F56/><W25/><G65/><T7/><D110/><U61/><E61/><V1/><F10/><W46/><G91/><T114/><D114/><U40/><E102/><V120/><F120/><W54/><G54/><T111/><D111/><U8/><E79/><V81/><F73/><W127/><G127/><T84/><D84/><U12/><E17/><V100/><F100/><W49/><G28/><T33/><D33/><U62/><E62/><V89/><F89/><W130/><G130/><N who="1" m="49674" /><E42/><V105/><F60/><W35/><G35/><T74/><D74/><U119/><E119/><V34/><F18/><W85/><G85/><T132/><D132/><U78/><E78/><V32/><F32/><W75/><G75/><T30/><D101/><U67/><E67/><V126/><F64/><W122/><G122/><T98/><D98/><N who="3" m="37417" /><G103/><T21/><D7/><AGARI ba="0,0" hai="7,11,14,25,27,46,49,51,52,53,59" m="37417" machi="7" ten="30,2900,0" yaku="8,1,54,1" doraHai="37" who="3" fromWho="0" sc="133,-29,250,0,240,0,377,29" /><INIT seed="3,1,0,0,5,20" ten="104,250,240,406" oya="3" hai0="114,125,14,90,129,82,28,117,69,9,121,41,3" hai1="120,58,46,55,23,25,97,132,105,26,57,42,63" hai2="18,134,133,93,96,31,100,21,106,72,71,34,78" hai3="73,54,126,10,39,29,70,76,6,62,128,81,49"/><W77/><G39/><T113/><D41/><U79/><E120/><V38/><F71/><W102/><G128/><T80/><D90/><U52/><E132/><N who="2" m="50795" /><F38/><W91/><G126/><T116/><D69/><U0/><E0/><V45/><F45/><W130/><G130/><T74/><D74/><U115/><E115/><V12/><F93/><W36/><G36/><T40/><D40/><U104/><E79/><V30/><F34/><W122/><G122/><T5/><D129/><U56/><E97/><V65/><F65/><W4/><G102/><T33/><D121/><U37/><E57/><V135/><N who="2" m="50803" /><V103/><DORA hai="67" /><F103/><W17/><G70/><T98/><D98/><U22/><E23/><V43/><F43/><W19/><G77/><T107/><D107/><U112/><E112/><N who="0" m="43113" /><D82/><AGARI ba="1,0" hai="12,18,21,30,31,72,78,82,96,100,106" m="50803" machi="82" ten="40,1300,0" yaku="20,1" doraHai="20,67" who="2" fromWho="0" sc="104,-16,250,0,240,16,406,0" /><INIT seed="4,0,0,0,5,51" ten="88,250,256,406" oya="0" hai0="97,135,39,56,49,57,103,89,96,99,52,85,33" hai1="66,128,92,86,72,130,60,8,5,125,74,101,106" hai2="67,44,80,69,35,121,9,120,87,3,81,70,31" hai3="24,93,26,134,95,104,14,118,77,2,110,102,98"/><T84/><D135/><U40/><E106/><V45/><F31/><W58/><G110/><T90/><D39/><U88/><E101/><V117/><F87/><W20/><G2/><T23/><D33/><U12/><E40/><V38/><F9/><W1/><G1/><T79/><D79/><U59/><REACH who="1" step="1"/><E125/><REACH who="1" ten="88,240,256,406" step="2"/><V18/><F120/><W37/><G104/><T129/><D129/><AGARI ba="0,1" hai="5,8,12,59,60,66,72,74,86,88,92,128,129,130" machi="129" ten="40,8000,1" yaku="1,1,2,1,19,1,54,1,53,0" doraHai="51" doraHaiUra="42" who="1" fromWho="0" sc="88,-80,240,90,256,0,406,0" /><INIT seed="5,0,0,5,2,77" ten="8,330,256,406" oya="1" hai0="86,124,118,1,15,59,99,64,66,11,135,67,84" hai1="129,125,68,48,108,79,27,3,5,45,105,93,6" hai2="90,49,32,61,132,74,47,78,128,40,95,25,123" hai3="110,72,60,4,9,7,112,41,97,69,134,24,38"/><U80/><E105/><V18/><F123/><W2/><G110/><T55/><D1/><U100/><E68/><V19/><F128/><W14/><G112/><T114/><D118/><U107/><E107/><V20/><F32/><W54/><G134/><T88/><D114/><U34/><E108/><V94/><F132/><W130/><G130/><T71/><D124/><U75/><E129/><V111/><F111/><W102/><G72/><T115/><D71/><U106/><E106/><V81/><F61/><W56/><G24/><T22/><D135/><U8/><E125/><V116/><F116/><W53/><G69/><T36/><D36/><U92/><E6/><V21/><REACH who="2" step="1"/><F90/><REACH who="2" ten="8,330,246,406" step="2"/><W85/><G60/><T30/><D115/><U33/><E100/><V73/><F73/><W76/><G102/><T31/><D99/><U16/><E34/><V65/><F65/><N who="0" m="16642" /><T13/><DORA hai="57" /><D84/><U109/><E109/><V42/><F42/><W35/><G41/><T96/><D96/><U37/><E33/><V89/><F89/><W29/><G85/><T28/><D22/><N who="1" m="13767" /><E48/><V12/><AGARI ba="0,1" hai="12,18,19,20,21,25,40,47,49,74,78,81,94,95" machi="12" ten="20,5200,0" yaku="1,1,0,1,7,1,52,1,53,0" doraHai="77,57" doraHaiUra="120,82" who="2" fromWho="2" sc="8,-13,330,-26,246,62,406,-13" owari="-5,-50.5,304,-9.6,308,10.8,393,49.3" /></mjloggm>