<mjloggm ver="2.3"><GO type="169" lobby="0"/><UN n0="%E3%82%AB%E3%83%AB%E3%83%94%E3%82%B9%E3%82%B5%E3%83%AF%E3%83%BC" n1="%E3%81%9F%E3%81%8B%31%34%31" n2="%E3%81%9F%E3%81%8F%E3%81%9E%E3%81%85" n3="%E3%81%82%E3%82%8B%E8%A8%BC%E6%98%8E%EF%BF%A1" dan="17,16,16,16" rate="2204.14,2115.58,2123.05,2089.02" sx="M,M,M,M"/><TAIKYOKU oya="0"/><INIT seed="0,0,0,2,5,132" ten="250,250,250,250" oya="0" hai0="135,84,10,57,87,98,112,15,134,91,26,4,18" hai1="41,55,27,54,60,53,6,86,63,58,23,103,107" hai2="38,67,40,73,82,122,5,14,22,96,89,35,51" hai3="127,88,1,20,129,33,30,118,50,13,110,83,64"/><T108/><D112/><U45/><E107/><V29/><F38/><W128/><G1/><T39/><D39/><U126/><E103/><V75/><F122/><W70/><G118/><T99/><D84/><U11/><E86/><V114/><F114/><W65/><G33/><T68/><D68/><U115/><E115/><V90/><F67/><W100/><G100/><T81/><D108/><U97/><E97/><V109/><F35/><W94/><G83/><T25/><D134/><U124/><E63/><V34/><F34/><W106/><G106/><T8/><D135/><U72/><E72/><V32/><F51/><W24/><G110/><T102/><D57/><U105/><E105/><V47/><F47/><W133/><G133/><T80/><D80/><U123/><E123/><V130/><F96/><N who="3" m="57415" /><G13/><T3/><REACH who="0" step="1"/><D98/><REACH who="0" ten="240,250,250,250" step="2"/><U48/><E58/><V43/><F82/><W85/><G85/><T52/><D52/><U119/><E119/><V16/><F109/><W44/><G70/><T77/><D77/><U12/><REACH who="1" step="1"/><E60/><REACH who="1" ten="240,240,250,250" step="2"/><V19/><F75/><W125/><G128/><T36/><D36/><U104/><E104/><AGARI ba="0,2" hai="3,4,8,10,15,18,25,26,81,87,91,99,102,104" machi="104" ten="30,2900,0" yaku="1,1,7,1,53,0" doraHai="132" doraHaiUra="113" who="0" fromWho="1" sc="240,49,240,-29,250,0,250,0" /><INIT seed="0,1,0,2,0,37" ten="289,211,250,250" oya="0" hai0="123,56,114,105,70,112,60,43,127,79,5,74,55" hai1="47,72,11,85,87,17,109,124,88,4,129,20,86" hai2="97,103,89,31,107,108,68,54,64,110,40,131,121" hai3="95,104,91,1,46,42,81,130,67,51,0,71,9"/><T6/><D123/><U27/><E72/><V100/><F121/><W50/><G104/><T126/><D105/><U101/><E109/><V73/><F73/><W76/><G130/><T7/><D70/><U39/><E101/><V90/><F103/><W133/><G133/><T122/><D122/><U23/><E129/><V102/><F102/><W69/><G69/><T128/><D128/><U113/><E124/><N who="0" m="47657" /><D43/><U34/><E34/><V18/><F31/><W83/><G51/><T58/><D58/><U2/><E113/><V38/><F131/><W57/><G71/><T13/><D13/><U84/><E23/><V14/><F40/><W63/><G9/><T53/><D53/><U26/><E47/><V118/><F54/><W116/><G116/><T59/><D59/><U92/><REACH who="1" step="1"/><E39/><REACH who="1" ten="289,201,250,250" step="2"/><V96/><F38/><W32/><G32/><T29/><D29/><U44/><E44/><V134/><F110/><W120/><G120/><T75/><D75/><U106/><E106/><V28/><F108/><W98/><G81/><AGARI ba="1,1" hai="5,6,7,55,56,60,74,79,81,112,114" m="47657" machi="81" ten="30,1500,0" yaku="18,1" doraHai="37" who="0" fromWho="3" sc="289,28,201,0,250,0,250,-18" /><INIT seed="0,2,0,4,3,6" ten="317,201,250,232" oya="0" hai0="36,2,68,133,5,99,56,77,69,73,103,63,62" hai1="112,19,17,0,78,123,55,101,117,98,70,44,21" hai2="50,66,87,24,53,23,41,72,47,88,29,34,110" hai3="4,30,25,16,107,91,11,94,31,83,8,27,81"/><T28/><D36/><U131/><E117/><V105/><F110/><W96/><G107/><T89/><D133/><U108/><E123/><V106/><F72/><W86/><G83/><T125/><D125/><U76/><E70/><V49/><F66/><W9/><G4/><T12/><D2/><U82/><E0/><V120/><F34/><W85/><G86/><T52/><D89/><U60/><E108/><V127/><F127/><W75/><G75/><T121/><D121/><U113/><E131/><V90/><F90/><W1/><G1/><T79/><D28/><N who="3" m="10793" /><G16/><T126/><D126/><U58/><E44/><V10/><F120/><W92/><G92/><T32/><D32/><U59/><E59/><V102/><F102/><AGARI ba="2,0" hai="8,9,11,25,27,81,85,91,94,96,102" m="10793" machi="102" ten="30,7700,0" yaku="8,1,52,3" doraHai="6" who="3" fromWho="2" sc="317,0,201,0,250,-83,232,83" /><INIT seed="1,0,0,2,5,55" ten="317,201,167,315" oya="1" hai0="69,14,106,12,7,100,1,68,36,115,102,6,62" hai1="84,78,30,86,124,59,121,112,103,90,107,67,125" hai2="21,51,66,99,25,60,76,81,108,116,105,98,72" hai3="13,19,23,4,47,18,41,29,45,111,53,113,33"/><U97/><E30/><V5/><F116/><W82/><G113/><T8/><D36/><U118/><E112/><V16/><F108/><W88/><G111/><T130/><D115/><U50/><E118/><V34/><F105/><W85/><G4/><T65/><D130/><U17/><E121/><V91/><F5/><W11/><G33/><T63/><D106/><U126/><E78/><V52/><F91/><W123/><G29/><T110/><D110/><U24/><E90/><V61/><F34/><W74/><G74/><T127/><D127/><U54/><REACH who="1" step="1"/><E67/><REACH who="1" ten="317,191,167,315" step="2"/><V44/><REACH who="2" step="1"/><F60/><REACH who="2" ten="317,191,157,315" step="2"/><W94/><G123/><T2/><D63/><U20/><AGARI ba="0,2" hai="17,20,24,50,54,59,84,86,97,103,107,124,125,126" machi="20" ten="40,18000,2" yaku="1,1,2,1,0,1,18,1,52,1,53,1" doraHai="55" doraHaiUra="48" who="1" fromWho="1" sc="317,-60,191,200,157,-60,315,-60" /><INIT seed="1,1,0,4,5,66" ten="257,391,97,255" oya="1" hai0="120,103,94,68,127,0,121,82,13,131,106,32,128" hai1="80,86,19,57,24,132,7,60,23,9,2,119,55" hai2="64,118,97,46,79,88,62,78,36,29,70,76,105" hai3="65,126,30,1,35,111,107,5,56,14,43,89,33"/><U8/><E132/><V67/><F118/><W99/><G1/><T25/><D13/><U38/><E119/><V124/><F124/><W10/><G126/><T113/><D94/><U22/><E38/><V83/><F29/><W110/><G43/><T6/><D127/><U72/><E72/><V40/><F67/><W17/><G30/><N who="0" m="19535" /><D82/><U85/><E9/><V109/><F109/><N who="3" m="41483" /><G17/><T63/><D113/><U26/><REACH who="1" step="1"/><E80/><REACH who="1" ten="257,381,97,255" step="2"/><V74/><F74/><W41/><G35/><T112/><D112/><U100/><E100/><V84/><REACH who="2" step="1"/><F105/><REACH who="2" ten="257,381,87,255" step="2"/><W49/><G107/><T125/><D125/><U134/><E134/><V34/><F34/><W59/><G33/><T48/><D106/><U44/><E44/><V54/><F54/><W116/><G116/><T28/><D121/><U50/><E50/><V92/><AGARI ba="1,2" hai="36,40,46,62,64,70,76,78,79,83,84,88,92,97" machi="92" ten="30,8000,1" yaku="1,1,0,1,52,1,54,1,53,1" doraHai="66" doraHaiUra="87" who="2" fromWho="2" sc="257,-21,381,-41,87,103,255,-21" /><INIT seed="2,0,0,1,2,74" ten="236,340,190,234" oya="2" hai0="28,76,116,112,14,92,54,118,111,128,31,33,115" hai1="18,37,4,91,71,57,56,122,121,97,101,107,32" hai2="81,48,99,62,10,12,135,40,44,126,117,78,120" hai3="72,65,46,66,84,47,88,26,23,68,63,106,131"/><V77/><F120/><N who="1" m="46185" /><E71/><V27/><F117/><N who="0" m="45162" /><D54/><U123/><E123/><V114/><F114/><N who="0" m="43562" /><D92/><U45/><E32/><V60/><F135/><W86/><G131/><T21/><D76/><N who="2" m="29290" /><F126/><W87/><G72/><T13/><D128/><U93/><E4/><N who="2" m="3143" /><F27/><W17/><G106/><T39/><D39/><U127/><E127/><V113/><F113/><W42/><G66/><T38/><D38/><U129/><E129/><V2/><F2/><W70/><G70/><T79/><D79/><U104/><E104/><V6/><F6/><W58/><G68/><T98/><D98/><N who="1" m="57663" /><E18/><V11/><F11/><W100/><G100/><T55/><D33/><U5/><E5/><V108/><F108/><W119/><G119/><T24/><D111/><U95/><E107/><V80/><F99/><W53/><G42/><AGARI ba="0,0" hai="37,42,45,56,57,95,97,101" m="57663,46185" machi="42" ten="30,1000,0" yaku="13,1" doraHai="74" who="1" fromWho="3" sc="236,0,340,10,190,0,234,-10" /><INIT seed="3,0,0,3,4,32" ten="236,350,190,224" oya="3" hai0="78,65,48,49,71,4,126,99,102,74,26,25,131" hai1="93,105,88,124,0,82,103,63,87,10,45,15,129" hai2="28,24,44,110,132,31,109,107,98,130,90,69,8" hai3="85,80,43,75,37,36,35,16,100,84,125,2,73"/><W41/><G35/><T64/><D131/><U127/><E129/><V22/><F130/><W79/><G100/><T91/><D126/><N who="1" m="48171" /><E63/><V95/><F69/><W21/><G125/><T61/><D64/><U9/><E105/><V117/><F117/><W6/><G75/><T104/><D4/><N who="1" m="1159" /><E45/><V108/><F132/><W56/><G56/><T38/><D38/><U7/><E103/><V77/><F77/><W133/><G133/><T59/><D91/><U57/><E57/><V29/><F107/><W81/><G73/><T135/><D135/><U39/><E39/><V51/><REACH who="2" step="1"/><F8/><REACH who="2" ten="236,350,180,224" step="2"/><N who="3" m="2135" /><G37/><T1/><D71/><U72/><E72/><V50/><F50/><W17/><G36/><T3/><D49/><U67/><E67/><V115/><F115/><W122/><G122/><T34/><D48/><U58/><E58/><V47/><F47/><W33/><G43/><AGARI ba="0,1" hai="22,24,28,29,31,43,44,51,90,95,98,108,109,110" machi="43" ten="40,2600,0" yaku="1,1,14,1,53,0" doraHai="32" doraHaiUra="11" who="2" fromWho="3" sc="236,0,350,0,180,36,224,-26" /><INIT seed="4,0,0,3,1,58" ten="236,350,216,198" oya="0" hai0="19,44,0,120,26,4,124,78,82,54,12,89,67" hai1="74,40,130,14,134,28,64,66,122,8,52,135,65" hai2="125,109,41,90,126,34,99,3,32,21,76,107,43" hai3="2,70,104,79,112,118,38,18,101,131,129,16,15"/><T127/><D120/><U31/><E122/><V121/><F121/><W102/><G118/><T95/><D0/><U133/><E74/><V100/><F3/><W33/><G2/><T68/><D4/><U86/><E40/><N who="2" m="15435" /><F109/><W5/><G38/><T61/><D26/><U110/><E110/><V106/><F106/><W114/><G70/><T97/><D54/><U117/><E117/><V119/><F119/><W94/><G33/><T92/><D92/><U24/><E130/><N who="3" m="49674" /><G79/><T84/><REACH who="0" step="1"/><D44/><REACH who="0" ten="226,350,216,198" step="2"/><U123/><E123/><V72/><F107/><W59/><G104/><T51/><D51/><U63/><E24/><V13/><F13/><W45/><G45/><T81/><D81/><U9/><E14/><V80/><F80/><W7/><G94/><T87/><D87/><U20/><E86/><V22/><F72/><W53/><G7/><T62/><D62/><U30/><E63/><V37/><F37/><W50/><G5/><T48/><D48/><U29/><E52/><V46/><F46/><W35/><G35/><T1/><D1/><U108/><E108/><V10/><F34/><W85/><G85/><T115/><D115/><N who="3" m="44073" /><G18/><T71/><D71/><U91/><E134/><V88/><F32/><W69/><G69/><T55/><D55/><U96/><E135/><V132/><F132/><W75/><G75/><T73/><D73/><U36/><E133/><V23/><F76/><W93/><G93/><T60/><D60/><U42/><E36/><V25/><F25/><W49/><G49/><T17/><D17/><U11/><N who="1" m="7168" /><DORA hai="116" /><U27/><E27/><V47/><F47/><RYUUKYOKU ba="0,1" sc="226,15,350,-15,216,-15,198,15" hai0="12,19,61,67,68,78,82,84,89,95,97,124,127" hai3="15,16,50,53,59,101,102" /><INIT seed="4,1,1,2,0,123" ten="241,335,201,213" oya="0" hai0="57,39,90,38,66,2,4,116,24,92,128,74,127" hai1="73,37,52,77,110,20,64,21,135,107,40,63,41" hai2="125,111,51,23,130,113,97,71,98,46,19,1,10" hai3="118,109,8,55,86,126,121,114,59,7,133,122,14"/><T26/><D116/><U84/><E107/><V103/><F71/><W69/><G69/><T12/><D2/><U45/><E73/><V13/><F113/><W34/><G34/><T60/><D74/><U6/><E41/><V49/><F130/><W53/><G118/><T78/><D78/><U32/><E32/><V88/><F125/><W94/><G114/><T31/><D127/><U65/><E110/><V70/><F70/><W54/><G126/><T48/><D128/><U83/><E6/><V47/><F111/><W28/><G28/><T95/><D95/><U9/><E9/><V29/><F103/><W56/><G133/><T68/><D12/><U33/><E33/><V72/><F72/><W0/><G0/><T119/><D4/><U43/><E43/><V5/><F29/><W106/><G106/><T124/><D119/><U3/><E3/><V61/><F61/><W82/><G94/><T25/><D31/><U76/><E76/><V102/><F88/><N who="3" m="51287" /><G109/><T15/><D15/><U50/><E135/><V131/><F131/><W89/><G89/><T120/><D124/><U75/><E75/><V62/><F62/><W79/><G79/><T30/><D30/><U134/><E134/><V58/><F102/><W36/><G36/><T81/><D81/><U22/><REACH who="1" step="1"/><E63/><REACH who="1" ten="241,325,201,213" step="2"/><V108/><F108/><W42/><G42/><T117/><D117/><U44/><AGARI ba="1,2" hai="20,21,22,37,40,44,45,50,52,64,65,77,83,84" machi="44" ten="30,7900,0" yaku="1,1,2,1,0,1,54,1,53,0" doraHai="123" doraHaiUra="87" who="1" fromWho="1" sc="241,-40,325,102,201,-21,213,-21" /><INIT seed="5,0,0,2,1,53" ten="201,427,180,192" oya="1" hai0="49,28,117,14,61,23,36,27,115,37,22,132,35" hai1="64,129,0,121,86,3,105,21,50,41,31,71,29" hai2="113,11,12,16,17,107,39,135,15,104,68,108,80" hai3="9,48,124,114,77,60,57,84,55,46,34,47,123"/><U125/><E121/><V119/><F119/><W85/><G123/><T38/><D117/><U118/><E118/><V33/><F108/><W62/><G34/><T112/><D132/><U56/><E105/><V45/><F33/><W43/><G114/><N who="0" m="43563" /><D49/><U74/><E74/><V6/><F113/><W78/><G124/><T106/><D106/><U18/><E71/><V103/><F68/><W30/><G30/><T10/><D61/><N who="3" m="23657" /><G9/><T128/><D128/><U92/><E125/><V101/><F135/><W5/><G5/><AGARI ba="0,0" hai="5,10,14,22,23,27,28,35,36,37,38" m="43563" machi="5" ten="40,1300,0" yaku="15,1" doraHai="53" who="0" fromWho="3" sc="201,13,427,0,180,0,192,-13" /><INIT seed="6,0,0,0,3,45" ten="214,427,180,179" oya="2" hai0="42,106,38,12,41,20,51,18,14,90,127,62,122" hai1="6,9,103,60,101,89,53,86,2,130,13,112,129" hai2="117,61,65,66,22,95,44,96,82,111,58,98,113" hai3="100,47,33,56,39,93,26,55,40,78,84,49,27"/><V11/><F117/><W118/><G118/><T34/><D122/><U52/><E112/><V4/><F113/><W57/><G33/><T46/><D34/><U54/><E2/><V17/><F111/><W108/><G108/><T28/><D28/><U69/><E69/><V64/><F82/><W35/><G35/><T83/><D106/><U128/><E60/><V19/><F44/><W30/><G30/><T32/><D32/><U21/><E21/><V73/><F73/><W7/><G7/><T15/><D127/><U36/><E36/><V107/><F107/><W50/><G39/><T43/><D62/><U67/><E67/><V121/><F121/><W1/><G1/><T37/><D38/><U25/><E25/><N who="3" m="9226" /><G78/><T110/><D110/><U104/><E104/><V0/><F98/><N who="3" m="59471" /><G84/><N who="0" m="50463" /><D37/><U114/><E114/><V10/><F10/><W70/><G70/><T116/><D116/><U109/><E109/><V133/><F133/><W85/><G85/><T91/><D91/><U8/><E8/><V131/><F131/><W77/><G77/><T74/><D74/><U5/><E5/><V132/><F132/><W80/><G80/><AGARI ba="0,0" hai="6,9,13,52,53,54,80,86,89,101,103,128,129,130" machi="80" ten="50,3200,0" yaku="19,1,54,1" doraHai="45" who="1" fromWho="3" sc="214,0,427,32,180,0,179,-32" /><INIT seed="7,0,0,2,4,124" ten="214,459,180,147" oya="3" hai0="86,132,10,11,70,66,69,63,24,116,32,135,106" hai1="120,55,12,33,51,39,20,134,105,125,38,6,123" hai2="103,30,107,4,90,19,131,126,97,64,23,101,5" hai3="73,45,50,117,16,13,78,115,53,48,108,1,0"/><W34/><G117/><T98/><D70/><U133/><E33/><V57/><F126/><W72/><G34/><T74/><D74/><U75/><E75/><V54/><F131/><W9/><G115/><T127/><D116/><U35/><E35/><V88/><F64/><W36/><G36/><T79/><D127/><U62/><E105/><V22/><F103/><W94/><G108/><T41/><D41/><U8/><E62/><V58/><F58/><W87/><G73/><T67/><D67/><U122/><E20/><V118/><F118/><W128/><G128/><T52/><D52/><U68/><E68/><V65/><F65/><W26/><G26/><T59/><D59/><N who="1" m="33279" /><E125/><V112/><F112/><W37/><G37/><T31/><D86/><U84/><E84/><V43/><F43/><W102/><G72/><T71/><D79/><U109/><E109/><V25/><F4/><W130/><G130/><T61/><D61/><U119/><E119/><V110/><F5/><W111/><G111/><T81/><D81/><U3/><E3/><V14/><F110/><W56/><G102/><N who="0" m="62807" /><D69/><U29/><E134/><AGARI ba="0,0" hai="10,11,24,31,32,63,66,71,132,134,135" m="62807" machi="134" ten="30,2000,0" yaku="25,1,20,1" doraHai="124" who="0" fromWho="1" sc="214,20,459,-20,180,0,147,0" owari="234,3.4,439,53.9,180,-22.0,147,-35.3" /></mjloggm>