<mjloggm ver="2.3"><GO type="169" lobby="0"/><UN n0="%E5%A4%A9%E6%89%8D%E3%82%A4%E3%83%99%E3%83%AA%E3%82%B3%E8%B1%9A" n1="%E7%B9%AD%E3%82%92%E8%A7%A3%E3%81%8F" n2="%E3%81%95%E3%81%8F%E3%82%88%E3%81%93%E3%81%A1%E3%82%83%E3%82%93" n3="%E3%81%AF%E3%81%9F%E3%82%86%E3%81%86" dan="16,17,16,16" rate="2074.55,2213.18,2064.68,2105.15" sx="F,M,M,M"/><TAIKYOKU oya="0"/><INIT seed="0,0,0,4,1,45" ten="250,250,250,250" oya="0" hai0="23,120,62,22,69,54,92,21,105,12,124,113,58" hai1="90,135,27,66,84,18,26,44,130,85,79,9,41" hai2="30,31,110,13,93,77,57,24,104,36,82,20,56" hai3="51,97,15,40,101,72,38,76,70,46,4,81,78"/><T6/><D120/><U96/><E135/><V125/><F104/><W59/><G70/><T55/><D113/><U112/><E130/><V127/><F36/><W19/><G78/><T8/><D105/><U98/><E112/><V25/><F93/><W11/><G59/><T1/><D124/><N who="2" m="47690" /><F13/><W35/><G35/><T132/><D132/><U75/><E66/><V39/><F39/><W94/><REACH who="3" step="1"/><G38/><REACH who="3" ten="250,250,250,240" step="2"/><T116/><D69/><U102/><E79/><V99/><F110/><W74/><G74/><T123/><D123/><U100/><E75/><N who="2" m="43327" /><F99/><W103/><G103/><T33/><D116/><U134/><E98/><V118/><F118/><W7/><AGARI ba="0,1" hai="4,7,11,15,19,40,46,51,72,76,81,94,97,101" machi="7" ten="30,7900,0" yaku="1,1,0,1,52,1,53,1" doraHai="45" doraHaiUra="10" who="3" fromWho="3" sc="250,-39,250,-20,250,-20,240,89" /><INIT seed="1,0,0,5,5,17" ten="211,230,230,329" oya="1" hai0="4,135,57,19,58,48,119,43,21,111,82,62,29" hai1="54,132,133,13,134,23,77,56,37,89,41,30,83" hai2="131,20,78,42,106,32,9,113,8,69,51,115,116" hai3="124,107,76,5,84,38,7,3,59,73,44,61,114"/><U1/><E1/><V94/><F106/><W95/><G114/><N who="2" m="43529" /><F32/><W99/><G124/><T109/><D135/><U63/><E89/><V70/><F116/><W15/><G107/><T100/><D119/><U34/><E34/><V11/><F78/><W12/><G73/><T105/><D4/><U68/><E68/><V87/><F131/><W85/><G44/><T112/><D29/><U2/><E2/><V49/><F20/><W101/><G38/><T55/><D112/><U46/><E13/><N who="3" m="5194" /><G3/><T27/><D82/><U35/><E35/><V71/><F42/><W102/><G102/><T130/><D130/><U81/><REACH who="1" step="1"/><E77/><REACH who="1" ten="211,220,230,329" step="2"/><V97/><F87/><N who="3" m="33355" /><G76/><T128/><D128/><U24/><AGARI ba="0,1" hai="23,24,30,37,41,46,54,56,63,81,83,132,133,134" machi="24" ten="40,12000,1" yaku="1,1,0,1,20,1,52,1,53,0" doraHai="17" doraHaiUra="88" who="1" fromWho="1" sc="211,-40,220,130,230,-40,329,-40" /><INIT seed="1,1,0,3,3,80" ten="171,350,190,289" oya="1" hai0="8,1,118,75,130,45,48,4,37,30,86,39,115" hai1="47,135,120,35,27,107,65,15,129,126,66,95,92" hai2="74,73,22,81,76,14,82,21,102,106,122,93,90" hai3="19,56,29,128,24,123,98,52,100,46,28,41,77"/><U83/><E107/><V79/><F122/><W99/><G123/><T71/><D75/><U88/><E120/><V60/><F60/><W111/><G111/><T94/><D115/><U109/><E126/><V125/><F125/><W61/><G128/><T87/><D130/><U89/><E129/><V6/><F6/><W119/><G119/><T62/><D118/><U31/><E135/><V68/><F68/><W7/><G7/><T117/><D30/><U67/><E109/><V97/><REACH who="2" step="1"/><F14/><REACH who="2" ten="171,350,180,289" step="2"/><W104/><G61/><T38/><D117/><U9/><E67/><V59/><F59/><W84/><G46/><T69/><D69/><U20/><E47/><V121/><F121/><W33/><G33/><T5/><D4/><N who="1" m="3495" /><E35/><V110/><F110/><W16/><G104/><T53/><REACH who="0" step="1"/><D94/><REACH who="0" ten="161,350,180,289" step="2"/><U105/><E105/><V101/><F101/><W11/><G100/><T18/><D18/><U132/><E95/><V127/><F127/><W70/><G70/><T17/><D17/><U10/><E132/><V54/><F54/><W3/><G19/><T96/><D96/><AGARI ba="1,2" hai="21,22,73,74,76,79,81,82,90,93,96,97,102,106" machi="96" ten="30,3900,0" yaku="1,1,7,1,9,1,53,0" doraHai="80" doraHaiUra="124" who="2" fromWho="0" sc="161,-42,350,0,180,62,289,0" /><INIT seed="2,0,0,4,4,105" ten="119,350,242,289" oya="2" hai0="81,73,3,61,128,88,20,29,0,125,87,132,121" hai1="15,85,100,46,1,5,25,127,43,68,50,124,117" hai2="13,104,131,109,56,45,80,114,57,112,37,32,122" hai3="66,113,102,107,6,48,42,55,22,51,47,52,23"/><V126/><F122/><W74/><G113/><T70/><D121/><U58/><E68/><V11/><F32/><W53/><G74/><T26/><D125/><N who="1" m="48203" /><E117/><V34/><F34/><W120/><G120/><T106/><D128/><U14/><E100/><V59/><F126/><W101/><G6/><T49/><D132/><U65/><E25/><V41/><F104/><W67/><G107/><T76/><D106/><U86/><E1/><V78/><F109/><W83/><G83/><T10/><D49/><U38/><E5/><V96/><F96/><W115/><G115/><T98/><D98/><U28/><E28/><V84/><REACH who="2" step="1"/><F131/><REACH who="2" ten="119,350,232,289" step="2"/><W4/><G102/><T97/><D97/><U8/><E38/><V2/><F2/><W108/><G101/><T82/><REACH who="0" step="1"/><D10/><REACH who="0" ten="109,350,232,289" step="2"/><U63/><E8/><V33/><F33/><W89/><G108/><T111/><D111/><U77/><E15/><V79/><F79/><W119/><G119/><T62/><D62/><U72/><E14/><V64/><F64/><AGARI ba="0,2" hai="0,3,20,26,29,61,64,70,73,76,81,82,87,88" machi="64" ten="40,5200,0" yaku="1,1,52,1,54,1,53,0" doraHai="105" doraHaiUra="135" who="0" fromWho="2" sc="109,72,350,0,232,-52,289,0" /><INIT seed="3,0,0,0,3,98" ten="181,350,180,289" oya="3" hai0="69,25,103,43,49,129,90,38,52,29,123,19,7" hai1="80,83,94,110,14,99,101,115,100,89,50,128,130" hai2="107,11,112,36,20,134,95,113,121,133,27,15,1" hai3="92,32,111,74,124,22,66,70,86,23,126,61,28"/><W18/><G74/><T34/><D123/><U60/><E115/><N who="2" m="44107" /><F107/><W24/><G111/><T6/><D129/><N who="1" m="49771" /><E110/><V84/><F36/><W2/><G2/><T132/><D132/><N who="2" m="50794" /><F95/><W57/><G70/><T76/><D69/><U48/><E60/><V85/><F1/><W33/><G86/><T65/><D90/><N who="1" m="55767" /><E14/><V114/><N who="2" m="44115" /><V106/><DORA hai="81" /><F106/><W127/><REACH who="3" step="1"/><G92/><REACH who="3" ten="181,350,180,279" step="2"/><T119/><D119/><U109/><E109/><V68/><F68/><W5/><G5/><T42/><D7/><U135/><E135/><V71/><F71/><W96/><G96/><T108/><D6/><U9/><E83/><V62/><F121/><W8/><G8/><T26/><D108/><U64/><E9/><V97/><F97/><W93/><G93/><T118/><D118/><U45/><E80/><V75/><F75/><W122/><G122/><T67/><D76/><U54/><E89/><V58/><F11/><W41/><G41/><T77/><D42/><N who="1" m="24631" /><E64/><N who="2" m="38999" /><F15/><AGARI ba="0,1" hai="15,18,22,23,24,28,32,33,57,61,66,124,126,127" machi="15" ten="40,7700,0" yaku="1,1,18,1,53,1" doraHai="98,81" doraHaiUra="63,120" who="3" fromWho="2" sc="181,0,350,0,180,-77,279,87" /><INIT seed="3,1,0,0,4,52" ten="181,350,103,366" oya="3" hai0="29,116,24,19,3,122,15,128,55,40,49,59,101" hai1="44,57,23,61,107,80,82,53,2,22,81,63,16" hai2="33,84,132,17,26,93,73,118,42,135,72,1,134" hai3="113,125,8,109,37,62,114,78,67,56,119,66,25"/><W90/><G119/><T31/><D122/><U13/><E107/><V111/><F118/><W48/><G125/><T41/><D116/><U10/><E2/><V112/><F112/><W38/><G78/><T5/><D128/><U86/><E63/><V129/><F1/><W46/><G90/><T105/><D105/><U83/><E44/><V0/><F0/><W99/><G99/><T126/><D126/><U71/><E71/><V9/><F129/><W70/><G25/><T94/><D5/><U43/><E43/><V77/><F111/><W60/><G8/><T123/><D3/><U18/><E18/><V124/><F124/><W92/><G92/><T32/><D31/><U12/><E12/><N who="2" m="7311" /><F42/><N who="3" m="24663" /><G109/><T91/><D101/><U14/><REACH who="1" step="1"/><E14/><REACH who="1" ten="181,340,103,366" step="2"/><V64/><F64/><W104/><G104/><T76/><D123/><U121/><E121/><V85/><F132/><W68/><G68/><T131/><D40/><U36/><E36/><AGARI ba="1,1" hai="36,37,38,56,60,62,66,67,70,113,114" m="24663" machi="36" ten="30,5800,0" yaku="34,2,52,1" doraHai="52" who="3" fromWho="1" sc="181,0,340,-61,103,0,366,71" /><INIT seed="3,2,0,3,3,98" ten="181,279,103,437" oya="3" hai0="125,10,40,62,127,81,56,2,31,130,120,112,124" hai1="133,51,44,114,94,119,96,1,28,16,121,33,30" hai2="42,73,103,85,18,104,4,68,0,115,15,45,87" hai3="23,91,134,34,77,27,38,64,97,53,79,71,46"/><W109/><G34/><T100/><D120/><U26/><E114/><V25/><F68/><W69/><G134/><T52/><D130/><U66/><E133/><V24/><F73/><W43/><G109/><T13/><D112/><U5/><E119/><V131/><F131/><W111/><G111/><T55/><D2/><U11/><E121/><V129/><F129/><W61/><G71/><T122/><D122/><U3/><E66/><V47/><F115/><W39/><G39/><T48/><D31/><U74/><E74/><V35/><F4/><W72/><G72/><T80/><D100/><U6/><E30/><V75/><F0/><W83/><G53/><T123/><D40/><U110/><E110/><V65/><F65/><W95/><G83/><T19/><REACH who="0" step="1"/><D123/><REACH who="0" ten="171,279,103,437" step="2"/><U135/><E135/><V99/><F35/><W84/><G97/><T21/><D21/><N who="1" m="15439" /><E3/><V117/><F117/><W116/><G116/><T37/><D37/><U90/><E1/><V14/><F42/><W101/><G101/><T86/><D86/><U8/><E33/><V58/><F75/><W63/><G38/><T93/><D93/><U78/><E11/><V76/><F87/><W105/><G43/><T59/><AGARI ba="2,1" hai="10,13,19,48,52,55,56,59,62,80,81,124,125,127" machi="59" ten="40,8000,1" yaku="1,1,0,1,18,1,54,1,53,1" doraHai="98" doraHaiUra="7" who="0" fromWho="0" sc="171,96,279,-22,103,-22,437,-42" /><INIT seed="4,0,0,4,1,56" ten="267,257,81,395" oya="0" hai0="10,49,93,123,89,90,91,21,133,34,44,24,114" hai1="130,86,125,98,100,54,4,129,96,126,22,32,62" hai2="15,92,99,40,29,127,11,74,124,73,27,41,26" hai3="128,105,30,7,106,109,70,116,58,45,101,72,14"/><T112/><D123/><U97/><E32/><V0/><F0/><W68/><G109/><T60/><D34/><U107/><E4/><V3/><F3/><W131/><G72/><T17/><D10/><U118/><E22/><V31/><F92/><W33/><G116/><T102/><D133/><U37/><E37/><V38/><F38/><W9/><G45/><T121/><D121/><U111/><E111/><V12/><F99/><N who="1" m="37961" /><E54/><V103/><REACH who="2" step="1"/><F11/><REACH who="2" ten="267,257,71,395" step="2"/><W76/><G9/><T18/><D93/><U71/><E118/><V119/><F119/><W85/><G106/><T110/><D110/><U115/><E115/><V5/><F5/><W82/><G105/><T53/><D114/><U134/><E134/><V25/><F25/><W16/><G7/><T57/><D112/><U87/><E126/><V55/><F55/><W19/><G101/><AGARI ba="0,1" hai="12,15,26,27,29,31,40,41,73,74,101,103,124,127" machi="101" ten="25,3200,0" yaku="1,1,22,2,53,0" doraHai="56" doraHaiUra="108" who="2" fromWho="3" sc="267,0,257,0,71,42,395,-32" /><INIT seed="5,0,0,1,0,71" ten="267,257,113,363" oya="1" hai0="72,85,119,124,62,91,92,47,56,126,12,54,90" hai1="122,121,134,48,24,104,57,76,93,3,6,30,27" hai2="42,113,41,17,52,115,94,74,97,23,58,87,105" hai3="135,130,29,37,107,59,39,51,55,0,53,99,96"/><U73/><E104/><V43/><F74/><W109/><G109/><T64/><D72/><U44/><E134/><V2/><F2/><W18/><G0/><T102/><D119/><U9/><E27/><V11/><F105/><W116/><G135/><T66/><D102/><U81/><E93/><V131/><F87/><W32/><G130/><T106/><D12/><U65/><E65/><V133/><F11/><W21/><G116/><T49/><D106/><U7/><E57/><V101/><F131/><W31/><G32/><T26/><D26/><U123/><E7/><V84/><F84/><W22/><G107/><T98/><REACH who="0" step="1"/><D66/><REACH who="0" ten="257,257,113,363" step="2"/><U14/><E14/><V114/><F133/><W50/><G18/><T86/><D86/><U5/><E5/><V13/><REACH who="2" step="1"/><F42/><REACH who="2" ten="257,257,103,363" step="2"/><W117/><G117/><T108/><D108/><U8/><E8/><V78/><F78/><W38/><G99/><T125/><D125/><U10/><E10/><V67/><F67/><W40/><G96/><T112/><D112/><U120/><E120/><V45/><F45/><W20/><REACH who="3" step="1"/><G40/><REACH who="3" ten="257,257,103,353" step="2"/><T132/><D132/><U1/><E1/><V46/><F46/><AGARI ba="0,3" hai="20,21,22,29,31,37,38,39,46,50,51,53,55,59" machi="46" ten="50,8000,1" yaku="1,1,2,1,52,3,53,0" doraHai="71" doraHaiUra="77" who="3" fromWho="2" sc="257,0,257,0,103,-80,353,110" /><INIT seed="6,0,0,1,4,135" ten="257,257,23,463" oya="2" hai0="19,44,49,14,0,59,57,119,54,38,77,111,128" hai1="29,17,95,130,35,132,10,106,66,6,65,84,36" hai2="25,69,90,63,7,33,4,11,113,9,39,133,12" hai3="61,70,53,1,108,107,102,21,80,85,79,96,127"/><V82/><F39/><W56/><G108/><T72/><D111/><U32/><E106/><V120/><F120/><W18/><G1/><T50/><D128/><U13/><E36/><V42/><F133/><W83/><G83/><T68/><D68/><U129/><E132/><V55/><F113/><W48/><G127/><T46/><D0/><U115/><E115/><V28/><F42/><W76/><G70/><T43/><D119/><U64/><E6/><V134/><F134/><W124/><G124/><T27/><D27/><U122/><E122/><V112/><F112/><W94/><G107/><T24/><D24/><U20/><E10/><V30/><F30/><W92/><G92/><T125/><D125/><U34/><E29/><V40/><F40/><W99/><G99/><T47/><D77/><U88/><AGARI ba="0,0" hai="13,17,20,32,34,35,64,65,66,84,88,95,129,130" machi="88" ten="40,2700,0" yaku="0,1,54,1" doraHai="135" who="1" fromWho="1" sc="257,-7,257,27,23,-13,463,-7" /><INIT seed="7,0,0,5,3,74" ten="250,284,10,456" oya="3" hai0="132,62,34,15,116,42,124,26,54,65,45,52,80" hai1="56,105,117,84,19,109,94,11,41,28,110,25,121" hai2="72,16,58,127,59,134,102,4,75,82,129,61,6" hai3="2,87,50,0,76,51,20,21,104,32,7,70,14"/><W55/><G70/><T97/><D116/><U114/><E105/><V133/><F102/><W53/><G104/><T22/><D132/><U126/><E117/><V119/><F119/><W3/><G32/><T29/><D124/><U100/><E126/><V9/><F127/><W69/><G69/><T66/><D97/><N who="1" m="59447" /><E121/><V60/><F82/><W44/><G7/><T118/><D118/><U5/><E114/><V49/><F49/><W10/><G10/><T86/><D15/><N who="1" m="5615" /><E41/><V39/><F9/><W95/><G14/><T120/><D34/><U35/><E35/><V135/><F16/><W101/><G101/><T30/><D30/><U71/><E71/><V8/><F8/><W131/><G131/><T89/><D120/><U24/><E84/><V73/><F39/><W63/><G63/><T68/><REACH who="0" step="1"/><D66/><REACH who="0" ten="240,284,10,456" step="2"/><U99/><E28/><V17/><F17/><W78/><G3/><T107/><D107/><U43/><E99/><V85/><F85/><W108/><G2/><T31/><D31/><U96/><E96/><V125/><F125/><W40/><G0/><T98/><D98/><U115/><E25/><V103/><F103/><W12/><G12/><T47/><D47/><U48/><E24/><V13/><F13/><W67/><G67/><T27/><D27/><U93/><E19/><V46/><F46/><W112/><G44/><T106/><D106/><U92/><E110/><V123/><F123/><W64/><G64/><T113/><D113/><U37/><E115/><V111/><F111/><W128/><G112/><T122/><D122/><U81/><E109/><V90/><F129/><RYUUKYOKU ba="0,1" sc="240,30,284,-10,10,-10,456,-10" hai0="22,26,29,42,45,52,54,62,65,68,80,86,89" owari="270,-13.0,274,7.4,0,-50.0,456,55.6" /></mjloggm>