<mjloggm ver="2.3"><GO type="169" lobby="0"/><UN n0="%E5%A4%A7%E7%A9%BA%E3%82%B9%E3%83%90%E3%83%AB%E2%98%86" n1="%E6%B8%85%E9%A2%A8%E5%8C%97" n2="%E3%83%AF%E3%82%BF%E3%82%B7%E3%81%8C%E9%A3%9B%E3%82%93%E3%81%A0%E6%97%A5" n3="%E5%BD%A1%E4%B9%9D%E4%B9%9D" dan="16,16,16,16" rate="2105.35,2179.35,2123.59,2097.31" sx="F,F,M,F"/><TAIKYOKU oya="0"/><INIT seed="0,0,0,4,2,76" ten="250,250,250,250" oya="0" hai0="36,81,123,129,4,26,132,21,59,72,119,7,56" hai1="115,60,82,122,18,116,25,13,20,19,49,33,32" hai2="23,134,87,121,65,68,0,51,78,3,92,17,114" hai3="109,40,5,77,118,101,63,53,112,83,58,50,128"/><T124/><D36/><U12/><E116/><V99/><F114/><W95/><G118/><T79/><D119/><U75/><E122/><V80/><F121/><W27/><G112/><T31/><D123/><U89/><E115/><V62/><F134/><W37/><G109/><T133/><D124/><U61/><E33/><V111/><F51/><W107/><G107/><T44/><D44/><U34/><E34/><V64/><F64/><W102/><G128/><T135/><REACH who="0" step="1"/><D129/><REACH who="0" ten="240,250,250,250" step="2"/><U88/><E32/><V41/><F111/><W42/><G37/><T2/><D2/><U69/><E69/><V24/><REACH who="2" step="1"/><F41/><REACH who="2" ten="240,250,240,250" step="2"/><W98/><G40/><T57/><AGARI ba="0,2" hai="4,7,21,26,31,56,57,59,72,79,81,132,133,135" machi="57" ten="40,12000,1" yaku="1,1,0,1,20,1,52,1,53,0" doraHai="76" doraHaiUra="108" who="0" fromWho="0" sc="240,140,250,-40,240,-40,250,-40" /><INIT seed="0,1,0,0,2,85" ten="380,210,200,210" oya="0" hai0="128,41,22,2,52,77,78,135,24,114,82,34,111" hai1="44,10,107,21,120,132,134,131,70,71,20,54,80" hai2="90,35,58,28,9,127,106,110,40,1,51,26,81" hai3="60,126,68,88,61,64,48,115,36,116,100,118,87"/><T67/><D114/><U104/><E10/><V50/><F106/><W53/><G115/><T43/><D34/><U75/><E131/><V79/><F127/><W30/><G126/><T45/><D2/><U91/><E120/><V102/><F102/><W121/><G36/><T95/><D128/><U16/><E21/><V66/><F110/><W93/><G121/><T73/><D78/><U112/><E75/><V103/><F103/><W57/><G30/><T117/><D67/><U89/><E80/><V56/><F90/><N who="1" m="34313" /><E112/><V49/><F40/><W4/><G4/><T72/><D117/><U12/><E54/><V130/><F130/><W83/><G100/><T32/><D73/><U122/><E44/><V33/><F33/><W6/><G6/><T5/><D5/><U92/><E92/><V8/><F1/><W47/><REACH who="3" step="1"/><G93/><REACH who="3" ten="380,210,200,200" step="2"/><T18/><D95/><U11/><E122/><V108/><F108/><W101/><G101/><T119/><D111/><U84/><E84/><V27/><F35/><W0/><G0/><T96/><D32/><U94/><E94/><V109/><F109/><W97/><G97/><T14/><D96/><U37/><E37/><V15/><F81/><W125/><G125/><T42/><D82/><U133/><E11/><V123/><F8/><W62/><G62/><T7/><D72/><U86/><E86/><V3/><F9/><W69/><G69/><AGARI ba="1,1" hai="12,16,20,69,70,71,104,107,132,133,134" m="34313" machi="69" ten="40,8000,1" yaku="20,1,52,3,54,1" doraHai="85" who="1" fromWho="3" sc="380,0,210,93,200,0,200,-83" /><INIT seed="1,0,0,1,2,35" ten="380,303,200,117" oya="1" hai0="64,11,4,42,118,57,7,105,65,27,66,89,52" hai1="134,69,60,130,68,110,17,22,12,8,28,48,49" hai2="83,132,74,93,102,117,131,24,46,20,135,13,100" hai3="9,50,70,10,47,43,73,133,5,109,67,90,21"/><U116/><E116/><V1/><F117/><W95/><G73/><T80/><D118/><U76/><E130/><V26/><F131/><W40/><G109/><T18/><D105/><U58/><E134/><V41/><F13/><W99/><G133/><N who="2" m="51273" /><F93/><W115/><G115/><T30/><D42/><U92/><E110/><V113/><F26/><W75/><G75/><T39/><D39/><U63/><E69/><V122/><F122/><W72/><G72/><T54/><D54/><U36/><E36/><V88/><F113/><W82/><G82/><T87/><D18/><U127/><E76/><V129/><F129/><W44/><G21/><N who="0" m="15727" /><D11/><U94/><E68/><V96/><F74/><W29/><G29/><T59/><D59/><U124/><E124/><V84/><F96/><W86/><G70/><T38/><D38/><U114/><E114/><V120/><F120/><W53/><G67/><T128/><D128/><U121/><E127/><V23/><F23/><W25/><G25/><T62/><AGARI ba="0,0" hai="4,7,52,57,62,64,65,66,80,87,89" m="15727" machi="62" ten="30,2000,0" yaku="8,1,54,1" doraHai="35" who="0" fromWho="0" sc="380,20,303,-10,200,-5,117,-5" /><INIT seed="2,0,0,2,0,95" ten="400,293,195,112" oya="2" hai0="119,6,36,51,104,87,24,72,46,15,25,121,79" hai1="132,69,2,90,80,5,31,28,133,49,54,42,29" hai2="62,88,120,113,1,106,91,94,20,17,74,33,124" hai3="109,39,63,43,59,45,73,38,100,103,48,23,115"/><V122/><F113/><W134/><G73/><T16/><D36/><U107/><E69/><V7/><F106/><W105/><G115/><T11/><D104/><U116/><E116/><V93/><F33/><W129/><G103/><T135/><D72/><U101/><E42/><V83/><F124/><W99/><G109/><T44/><D44/><U57/><E5/><V35/><F35/><W13/><G129/><T10/><D121/><U92/><E2/><V22/><F62/><W30/><G134/><N who="1" m="51818" /><E80/><V34/><F34/><W4/><G4/><T117/><D135/><U71/><E71/><V66/><F7/><W89/><G89/><T128/><D128/><U78/><E78/><V97/><F1/><W110/><G110/><T3/><D87/><N who="1" m="52319" /><E101/><V81/><F74/><W40/><G40/><N who="0" m="25031" /><D79/><U102/><E102/><V53/><F17/><W26/><REACH who="3" step="1"/><G13/><REACH who="3" ten="400,293,195,102" step="2"/><T112/><D112/><U60/><E107/><V123/><F123/><W55/><AGARI ba="0,1" hai="23,26,30,38,39,43,45,48,55,59,63,99,100,105" machi="55" ten="20,8000,1" yaku="1,1,2,1,0,1,7,1,52,1,53,0" doraHai="95" doraHaiUra="85" who="3" fromWho="3" sc="400,-20,293,-20,195,-40,102,90" /><INIT seed="3,0,0,4,5,82" ten="380,273,155,192" oya="3" hai0="128,51,124,21,50,98,70,80,108,117,24,56,41" hai1="23,27,78,115,101,12,127,18,135,44,68,76,87" hai2="3,97,93,67,79,9,91,65,5,90,96,113,95" hai3="102,13,86,69,14,71,16,53,131,129,0,123,106"/><W1/><G123/><T116/><D70/><U134/><E115/><V58/><F113/><W34/><G34/><T72/><D108/><U8/><E68/><N who="3" m="26186" /><G14/><T112/><D124/><U31/><E127/><V111/><F111/><W94/><G106/><T103/><D128/><N who="3" m="49225" /><G53/><T2/><D2/><U10/><E101/><V133/><F133/><N who="1" m="50697" /><E44/><V63/><REACH who="2" step="1"/><F79/><REACH who="2" ten="380,273,145,192" step="2"/><W119/><G119/><T42/><D112/><U22/><E78/><V64/><AGARI ba="0,1" hai="3,5,9,58,63,64,65,67,90,91,93,95,96,97" machi="64" ten="20,8000,1" yaku="1,1,2,1,0,1,7,1,9,1,53,0" doraHai="82" doraHaiUra="132" who="2" fromWho="2" sc="380,-20,273,-20,145,90,192,-40" /><INIT seed="4,0,0,0,2,81" ten="360,253,235,152" oya="0" hai0="91,11,111,82,17,134,16,28,117,129,34,32,133" hai1="73,69,93,14,110,0,106,116,120,37,44,25,77" hai2="113,74,39,49,89,72,98,103,57,75,26,46,4" hai3="108,78,30,123,61,59,20,96,79,135,76,51,18"/><T95/><D117/><U29/><E110/><V35/><F113/><W45/><G108/><T115/><D115/><U3/><E116/><V60/><F39/><W10/><G135/><N who="0" m="51723" /><D111/><U121/><E14/><V102/><F4/><W124/><G124/><T112/><D112/><U47/><E93/><V119/><F119/><W65/><G123/><N who="1" m="47178" /><E47/><V107/><F103/><W94/><G10/><T64/><D64/><U125/><E125/><V48/><F46/><W42/><G30/><T21/><D129/><U128/><E106/><V58/><F58/><W99/><REACH who="3" step="1"/><G94/><REACH who="3" ten="360,253,235,142" step="2"/><T53/><D28/><U90/><E128/><V1/><F107/><W130/><G130/><T54/><D95/><U127/><E127/><V23/><F102/><W43/><G43/><T12/><D34/><U85/><E29/><V38/><F35/><W62/><G62/><T71/><D32/><U84/><E3/><V22/><F1/><W100/><G100/><T33/><D33/><U122/><E0/><V97/><F60/><W13/><AGARI ba="0,1" hai="13,18,20,42,45,51,59,61,65,76,78,79,96,99" machi="13" ten="30,7900,0" yaku="1,1,0,1,8,1,53,1" doraHai="81" doraHaiUra="56" who="3" fromWho="3" sc="360,-39,253,-20,235,-20,142,89" /><INIT seed="5,0,0,3,0,31" ten="321,233,215,231" oya="1" hai0="110,100,21,12,76,64,47,132,70,126,59,124,95" hai1="26,41,53,55,119,122,85,89,123,10,58,27,112" hai2="14,67,56,36,107,131,75,29,102,71,39,48,127" hai3="79,11,90,45,114,32,6,118,52,38,78,74,51"/><U69/><E119/><V2/><F2/><W129/><G118/><T61/><D110/><U120/><E69/><V97/><F75/><W72/><G114/><T68/><D132/><U96/><E112/><V5/><F127/><N who="0" m="48682" /><D76/><U111/><E111/><V84/><F84/><W93/><G129/><T125/><D125/><U99/><E41/><V117/><F117/><W113/><G113/><T88/><D100/><U133/><E133/><V63/><F131/><W18/><G74/><T115/><D115/><U50/><E55/><V16/><F5/><W105/><G105/><T94/><D94/><U130/><E130/><V104/><F104/><W24/><G72/><T128/><D47/><U28/><E10/><V43/><F29/><W81/><G38/><T66/><D66/><U0/><E27/><V17/><F17/><W108/><G81/><T60/><D60/><U83/><REACH who="1" step="1"/><E0/><REACH who="1" ten="321,223,215,231" step="2"/><V121/><F71/><W44/><G11/><T109/><D109/><U23/><AGARI ba="0,1" hai="23,26,28,50,53,58,83,85,89,96,99,120,122,123" machi="23" ten="30,6000,0" yaku="1,1,2,1,0,1,53,0" doraHai="31" doraHaiUra="7" who="1" fromWho="1" sc="321,-20,223,70,215,-20,231,-20" /><INIT seed="5,1,0,4,5,81" ten="301,293,195,211" oya="1" hai0="9,94,79,86,133,52,8,126,107,47,125,38,70" hai1="29,55,58,0,12,74,73,53,26,7,54,45,33" hai2="60,64,87,118,19,24,101,98,31,68,103,10,59" hai3="65,43,120,18,130,113,28,77,49,85,27,50,67"/><U132/><E132/><V37/><F37/><W111/><G120/><T76/><D107/><U105/><E105/><V109/><F118/><W112/><G111/><T91/><D70/><U80/><E0/><V25/><F109/><W135/><G135/><T69/><D69/><U100/><E100/><V134/><F134/><W5/><G5/><T108/><D108/><U21/><E45/><V46/><F46/><W42/><G18/><T72/><D133/><U16/><E7/><V51/><F101/><W114/><G130/><T83/><D79/><U88/><REACH who="1" step="1"/><E58/><REACH who="1" ten="301,283,195,211" step="2"/><V57/><F57/><W3/><G3/><T11/><REACH who="0" step="1"/><D38/><REACH who="0" ten="291,283,195,211" step="2"/><U84/><AGARI ba="1,2" hai="12,16,21,26,29,33,53,54,55,73,74,80,84,88" machi="84" ten="30,18000,2" yaku="1,1,2,1,0,1,52,1,54,2,53,0" doraHai="81" doraHaiUra="40" who="1" fromWho="1" sc="291,-61,283,203,195,-61,211,-61" /><INIT seed="5,2,0,4,5,66" ten="230,486,134,150" oya="1" hai0="55,74,70,47,133,19,109,3,46,120,51,58,1" hai1="108,114,64,49,32,9,130,56,105,102,116,100,22" hai2="121,28,134,125,115,78,90,92,107,45,53,12,42" hai3="127,33,21,62,16,88,104,11,10,4,38,20,81"/><U41/><E116/><V123/><F107/><W72/><G104/><T96/><D74/><U29/><E32/><V36/><F78/><W8/><G38/><T24/><D109/><U110/><E130/><V103/><F103/><W68/><G33/><T13/><D70/><U117/><E117/><V86/><F125/><W94/><G127/><T69/><D69/><U126/><E126/><V7/><F134/><W118/><G118/><T0/><D24/><U101/><E9/><V122/><F115/><W23/><G72/><T39/><D39/><U111/><E114/><V93/><F28/><W61/><G68/><T89/><D120/><U31/><E22/><N who="3" m="8810" /><G81/><T52/><D55/><U67/><E105/><V113/><F113/><W30/><G4/><T48/><D48/><U59/><E41/><V18/><F7/><W37/><G37/><T83/><D133/><U14/><E14/><V129/><F129/><W26/><G30/><N who="1" m="11274" /><E49/><V5/><F5/><W44/><G44/><T106/><D106/><U27/><E27/><V77/><F122/><W112/><G112/><T25/><D25/><U75/><E75/><V35/><F35/><W128/><G128/><T95/><REACH who="0" step="1"/><D83/><REACH who="0" ten="220,486,134,150" step="2"/><U40/><E40/><V2/><F123/><W79/><G79/><T87/><D87/><AGARI ba="2,1" hai="8,10,11,16,23,26,61,62,87,88,94" m="8810" machi="87" ten="30,3900,0" yaku="8,1,54,2" doraHai="66" who="3" fromWho="0" sc="220,-45,486,0,134,0,150,55" /><INIT seed="6,0,0,5,5,104" ten="175,486,134,205" oya="2" hai0="14,76,4,85,56,1,115,118,89,64,75,134,34" hai1="133,82,27,55,30,124,72,22,42,101,131,92,58" hai2="45,103,102,60,94,110,51,18,63,69,81,31,62" hai3="12,132,49,126,15,129,35,38,54,116,135,99,28"/><V0/><F0/><W61/><G116/><T79/><D34/><U120/><E120/><V48/><F69/><W121/><G121/><T47/><D1/><U122/><E122/><V59/><F110/><W114/><G38/><T73/><D118/><U23/><E124/><V41/><F31/><W86/><G126/><T100/><D100/><U111/><E111/><V5/><F5/><W97/><G129/><T7/><D47/><U112/><E133/><N who="3" m="51274" /><G61/><N who="2" m="23657" /><F51/><W96/><G114/><T88/><D134/><U10/><E42/><V113/><F113/><W3/><G3/><T24/><D115/><U109/><E131/><V6/><F6/><W65/><G65/><T127/><D127/><U107/><E107/><V21/><F94/><W66/><G66/><T98/><D64/><U105/><E92/><V95/><F95/><W125/><G86/><T37/><D37/><U26/><E105/><V39/><F81/><W108/><G108/><T77/><D85/><U70/><E82/><V16/><F39/><W71/><G71/><T119/><D119/><U17/><E70/><V40/><F40/><W78/><G125/><T20/><D98/><U44/><E109/><V83/><F83/><W90/><G28/><T87/><D87/><U74/><E30/><V9/><F9/><W13/><G35/><T11/><D7/><U29/><E29/><V53/><F18/><W19/><G19/><N who="0" m="12319" /><D56/><U106/><E58/><V33/><F33/><W130/><G130/><T91/><D75/><U67/><E74/><V43/><F43/><W128/><G128/><T68/><D73/><U123/><E112/><RYUUKYOKU ba="0,0" sc="175,15,486,-15,134,15,205,-15" hai0="4,11,14,68,76,77,79,88,89,91" hai2="16,21,41,45,48,53,59,63,102,103" /><INIT seed="6,1,0,4,0,123" ten="190,471,149,190" oya="2" hai0="103,9,47,109,58,74,104,127,16,82,59,6,57" hai1="93,28,80,68,29,39,8,114,84,115,21,63,42" hai2="124,133,85,128,101,3,32,91,34,67,108,87,73" hai3="70,121,49,4,38,27,65,76,37,132,89,31,111"/><V81/><F3/><W90/><G121/><T125/><D109/><U15/><E93/><V46/><F73/><W86/><G132/><T17/><D47/><U116/><E116/><V51/><F133/><W112/><G4/><T75/><D103/><U7/><E42/><V126/><F128/><W45/><G111/><T118/><D104/><U102/><E39/><V71/><F101/><W110/><G110/><T77/><D75/><U95/><E21/><V56/><F71/><W62/><G112/><N who="1" m="43050" /><E63/><N who="2" m="38375" /><F87/><W43/><G90/><T97/><D97/><N who="1" m="59711" /><E68/><V35/><F35/><W119/><G76/><AGARI ba="1,0" hai="7,8,15,28,29,76,80,84" m="59711,43050" machi="76" ten="30,1000,0" yaku="15,1" doraHai="123" who="1" fromWho="3" sc="190,0,471,13,149,0,190,-13" /><INIT seed="7,0,0,1,5,125" ten="190,484,149,177" oya="3" hai0="90,65,40,120,67,49,33,93,114,91,7,23,128" hai1="117,2,4,58,39,70,13,127,72,16,11,92,57" hai2="105,96,41,71,48,24,131,66,82,46,68,130,97" hai3="135,34,26,45,3,80,94,78,132,19,69,126,79"/><W0/><G126/><T121/><D128/><N who="2" m="49194" /><F66/><W47/><G69/><N who="2" m="26697" /><F105/><W56/><G56/><T118/><D23/><U8/><E16/><V115/><F115/><W95/><G19/><T110/><D7/><U77/><E13/><V10/><F24/><W123/><G80/><T81/><D81/><U75/><E11/><V122/><F122/><W83/><G83/><T5/><D114/><U107/><E92/><V100/><F100/><W17/><G17/><T104/><D93/><U108/><E58/><V15/><F82/><W21/><G26/><T30/><D104/><U37/><E39/><V32/><F32/><W51/><G34/><T31/><D33/><U22/><E22/><V60/><F60/><W38/><G21/><T9/><D67/><U62/><E62/><V106/><F106/><W1/><G123/><T12/><D65/><U102/><E117/><V43/><F41/><N who="3" m="22711" /><G78/><T101/><D40/><U103/><E57/><V73/><F73/><W6/><G79/><T50/><D101/><U27/><E103/><V42/><F42/><N who="3" m="25079" /><G6/><AGARI ba="0,0" hai="6,10,15,43,46,48,96,97" m="26697,49194" machi="6" ten="30,7700,0" yaku="19,1,52,3" doraHai="125" who="2" fromWho="3" sc="190,0,484,0,149,77,177,-77" owari="190,-21.0,484,58.4,226,2.6,100,-40.0" /></mjloggm>