<mjloggm ver="2.3"><GO type="169" lobby="0"/><UN n0="%E6%99%82%E8%A8%88%E5%9D%82%E9%9B%B6" n1="%79%61%6E%72%6F%75" n2="%E3%82%A4%E3%82%AB%E3%81%AB%E3%82%82%E6%9D%B1%E5%8C%97" n3="%E3%83%9D%E3%83%B3%E3%83%9D%E3%82%B3%E5%95%86%E4%BA%8B" dan="16,16,16,16" rate="2149.50,2160.87,2131.27,2197.67" sx="M,M,M,M"/><TAIKYOKU oya="0"/><INIT seed="0,0,0,0,2,88" ten="250,250,250,250" oya="0" hai0="78,83,12,70,42,44,62,119,113,87,94,76,57" hai1="56,0,90,8,27,60,69,67,127,102,33,135,101" hai2="26,74,99,39,2,16,75,49,46,89,80,13,1" hai3="100,118,128,68,63,23,41,122,111,77,85,71,54"/><T37/><D119/><U48/><E127/><V126/><F39/><W36/><G118/><T86/><D113/><U82/><E135/><V114/><F114/><W34/><G34/><T79/><D70/><U105/><E105/><V132/><F126/><W66/><G128/><T58/><D12/><U117/><E117/><V29/><F132/><W104/><G71/><T10/><D10/><U45/><E69/><V110/><F110/><W134/><G111/><T32/><D32/><U3/><E33/><V55/><F1/><W5/><G5/><T84/><D58/><U124/><E124/><V98/><F2/><W130/><G130/><T15/><D15/><U109/><E0/><V72/><F89/><W92/><G104/><T38/><D38/><U47/><E45/><V133/><F80/><W7/><G7/><T129/><D129/><U115/><E115/><V53/><F53/><W11/><G11/><T21/><D21/><U120/><E120/><V59/><F59/><W61/><G23/><T31/><D31/><U96/><E3/><V17/><F133/><W22/><G22/><T107/><D107/><U25/><E8/><V9/><REACH who="2" step="1"/><F17/><REACH who="2" ten="250,250,240,250" step="2"/><W95/><G36/><T43/><D43/><N who="1" m="24703" /><E82/><V116/><F116/><W106/><G41/><T30/><D83/><U91/><E90/><V14/><F14/><W73/><G134/><T6/><D6/><U103/><E109/><V108/><F108/><W93/><G68/><T51/><D37/><U131/><E131/><V125/><F125/><W112/><G112/><T4/><D4/><U123/><E123/><V50/><F50/><RYUUKYOKU ba="0,1" sc="250,-15,250,15,240,15,250,-15" hai1="25,27,56,60,67,91,96,101,102,103" hai2="9,13,16,26,29,46,49,55,72,74,75,98,99" /><INIT seed="1,1,1,4,2,117" ten="235,265,255,235" oya="1" hai0="9,73,58,61,63,26,111,132,82,103,23,72,104" hai1="34,15,108,10,12,22,114,131,49,120,135,95,119" hai2="68,62,75,29,113,25,71,87,56,27,127,84,18" hai3="44,97,129,69,116,125,1,80,37,4,133,42,7"/><U38/><E38/><V17/><F75/><W76/><G129/><T92/><D111/><U0/><E119/><V134/><F127/><W46/><G116/><T126/><D126/><U101/><E114/><V14/><F134/><W55/><G125/><T3/><D132/><U91/><E34/><V115/><F56/><W79/><G133/><T128/><D128/><U112/><E112/><V64/><F14/><W66/><G97/><T33/><D104/><U123/><E131/><V48/><F48/><W20/><G20/><T83/><D33/><U118/><E118/><V90/><F90/><W86/><G79/><T94/><D9/><U30/><E0/><V78/><F64/><W45/><G55/><T122/><D3/><U39/><E39/><V60/><REACH who="2" step="1"/><F29/><REACH who="2" ten="235,265,245,235" step="2"/><W67/><G67/><T93/><D58/><U53/><E15/><V98/><F98/><W13/><G13/><T110/><D73/><U19/><E91/><V59/><F59/><W11/><REACH who="3" step="1"/><G7/><REACH who="3" ten="235,265,245,225" step="2"/><T6/><D6/><U5/><E5/><V52/><F52/><W106/><G106/><T121/><D110/><U50/><E53/><V96/><F96/><W88/><G88/><T107/><D107/><U2/><E2/><V89/><F89/><W130/><G130/><T54/><D54/><U100/><E135/><V16/><F16/><W47/><G47/><T81/><D103/><U109/><E101/><V32/><F32/><W8/><G8/><T102/><D102/><U31/><E10/><V35/><F35/><W74/><G74/><T65/><D72/><U41/><E100/><V105/><F105/><RYUUKYOKU ba="1,3" sc="235,-15,265,-15,245,15,225,15" hai2="17,18,25,27,60,62,68,71,78,84,87,113,115" hai3="1,4,11,37,42,44,45,46,66,69,76,80,86" /><INIT seed="2,2,3,3,0,128" ten="220,250,260,240" oya="2" hai0="29,105,56,43,9,91,61,49,108,41,32,89,122" hai1="23,6,71,115,8,18,98,30,97,36,96,81,112" hai2="114,16,101,12,133,118,119,129,45,34,124,117,73" hai3="107,59,131,26,127,54,19,85,24,87,88,83,68"/><V64/><F114/><W63/><G131/><T103/><D122/><U102/><E71/><V92/><F129/><W55/><G127/><T4/><D108/><U93/><E36/><V121/><F121/><W70/><G107/><T10/><D103/><U2/><E112/><V39/><F34/><W82/><G19/><T25/><D105/><U53/><E115/><V111/><F73/><W66/><G68/><T77/><D77/><U90/><E30/><V13/><F124/><W132/><G132/><T48/><D10/><U38/><E38/><V35/><F35/><W125/><G125/><T95/><D43/><U15/><E53/><N who="3" m="19978" /><G70/><T120/><D120/><U79/><E102/><V62/><F111/><W75/><G75/><AGARI ba="2,3" hai="2,6,8,15,18,23,75,79,81,90,93,96,97,98" machi="75" ten="30,1000,0" yaku="7,1" doraHai="128" who="1" fromWho="3" sc="220,0,250,46,260,0,240,-16" /><INIT seed="3,0,0,1,4,31" ten="220,296,260,224" oya="3" hai0="46,10,117,126,49,68,37,7,11,101,32,78,116" hai1="81,77,90,84,64,86,105,41,133,134,0,42,44" hai2="98,27,125,63,62,50,19,99,115,69,112,9,56" hai3="12,95,128,88,92,30,5,109,47,16,58,34,83"/><W48/><G128/><T120/><D120/><U94/><E0/><V93/><F125/><W52/><G5/><T76/><D37/><U17/><E105/><V118/><F118/><W20/><G109/><T38/><D38/><U24/><E64/><V15/><F69/><W119/><G119/><T25/><D68/><U67/><E67/><V100/><F50/><W43/><G34/><T131/><D101/><U3/><E3/><V129/><F129/><W1/><G1/><T135/><D131/><U91/><E44/><V127/><F127/><W104/><G30/><T107/><D107/><U61/><E61/><V36/><F36/><W66/><G66/><T130/><D135/><N who="1" m="51723" /><E77/><V72/><F72/><W22/><G104/><T71/><D71/><U39/><E39/><V106/><F27/><W73/><G22/><AGARI ba="0,0" hai="17,22,24,41,42,81,84,86,90,91,94" m="51723" machi="22" ten="30,1000,0" yaku="20,1" doraHai="31" who="1" fromWho="3" sc="220,0,296,10,260,0,224,-10" /><INIT seed="4,0,0,0,3,4" ten="220,306,260,214" oya="0" hai0="1,10,14,56,127,91,128,16,102,75,104,44,40" hai1="99,94,74,62,95,27,88,47,118,71,31,77,6" hai2="52,21,130,43,86,66,98,59,81,57,8,25,134" hai3="107,76,120,83,36,7,115,112,64,30,82,123,23"/><T116/><D116/><U119/><E74/><V42/><F130/><W12/><G36/><T93/><D128/><U26/><E77/><V45/><F134/><W5/><G64/><T113/><D113/><N who="3" m="43593" /><G107/><T51/><D75/><U121/><E121/><N who="3" m="46666" /><G76/><T131/><D127/><U103/><E47/><V24/><F98/><W9/><G7/><T125/><D125/><U34/><E26/><AGARI ba="0,0" hai="5,9,12,23,26,30,82,83" m="46666,43593" machi="26" ten="30,3900,0" yaku="15,1,13,1,52,1" doraHai="4" who="3" fromWho="1" sc="220,0,306,-39,260,0,214,39" /><INIT seed="5,0,0,0,4,94" ten="220,267,260,253" oya="1" hai0="28,132,17,74,58,15,134,114,35,52,101,40,30" hai1="102,75,80,98,92,8,62,116,125,122,115,39,117" hai2="79,63,107,96,2,27,20,42,57,78,97,119,3" hai3="68,81,36,26,38,29,113,34,44,86,66,109,5"/><U133/><E39/><V112/><F119/><W89/><G113/><T12/><D74/><U47/><E47/><V129/><F112/><W33/><G109/><T48/><D114/><U13/><E115/><V51/><F2/><W95/><G5/><T14/><D35/><U83/><E122/><V121/><F3/><W67/><G34/><T31/><D40/><U88/><E62/><V90/><F129/><W46/><G46/><T91/><D101/><U9/><E9/><V124/><F124/><W43/><G38/><T126/><D126/><U53/><E53/><V73/><F107/><W71/><REACH who="3" step="1"/><G81/><REACH who="3" ten="220,267,260,243" step="2"/><T56/><D134/><U65/><E125/><V108/><F108/><W19/><G19/><T59/><D132/><U100/><E133/><V54/><F121/><W7/><G7/><T70/><D70/><AGARI ba="0,1" hai="26,29,33,36,43,44,66,67,68,70,71,86,89,95" machi="70" ten="40,2600,0" yaku="1,1,53,1" doraHai="94" doraHaiUra="85" who="3" fromWho="0" sc="220,-26,267,0,260,0,243,36" /><INIT seed="6,0,0,1,0,93" ten="194,267,260,279" oya="2" hai0="82,33,1,128,15,34,21,38,11,112,29,122,80" hai1="64,26,10,77,51,4,44,118,81,121,116,58,101" hai2="3,123,73,62,76,90,28,53,35,135,57,104,124" hai3="50,23,127,110,37,59,7,6,8,107,40,63,91"/><V70/><F123/><W54/><G110/><T36/><D122/><U39/><E121/><V78/><F3/><W113/><G127/><T130/><D112/><U17/><E39/><V95/><F104/><W22/><G113/><T47/><D1/><U85/><E26/><V120/><F120/><W129/><G129/><N who="0" m="49771" /><D21/><U115/><E115/><V132/><F124/><W31/><G7/><T18/><D29/><U74/><E74/><V100/><F100/><W99/><G37/><N who="0" m="14443" /><D47/><U14/><E101/><V88/><F70/><W103/><G91/><N who="2" m="34857" /><F95/><W56/><G31/><T43/><D43/><N who="1" m="24991" /><E17/><V114/><F73/><W9/><G9/><T61/><D61/><AGARI ba="0,0" hai="4,10,14,58,61,64,77,81,85,116,118" m="24991" machi="61" ten="30,1000,0" yaku="25,1" doraHai="93" who="1" fromWho="0" sc="194,-10,267,10,260,0,279,0" /><INIT seed="7,0,0,3,2,0" ten="184,277,260,279" oya="3" hai0="5,40,61,111,125,47,101,83,44,25,64,100,7" hai1="73,30,57,50,107,11,74,82,123,89,37,2,65" hai2="55,10,91,15,117,14,8,115,29,124,19,48,62" hai3="77,108,36,38,104,96,85,78,32,95,99,9,22"/><W103/><G32/><T79/><D111/><U118/><E37/><V80/><F115/><W53/><G108/><T84/><D125/><U24/><E107/><V109/><F124/><W6/><G22/><T60/><D25/><U90/><E123/><V72/><F117/><W27/><G27/><T98/><D60/><N who="1" m="38031" /><E73/><V46/><F109/><W16/><G53/><T86/><D86/><N who="1" m="50391" /><E2/><V54/><F29/><W31/><G31/><T127/><D127/><U129/><E129/><V88/><F72/><W70/><G70/><T128/><D128/><U112/><E74/><V69/><F80/><W21/><G38/><T34/><D34/><U87/><E112/><V58/><REACH who="2" step="1"/><F69/><REACH who="2" ten="184,277,250,279" step="2"/><W133/><G133/><T116/><D116/><U76/><E118/><V110/><F110/><W92/><G36/><T42/><D42/><U121/><E76/><V131/><F131/><W12/><G104/><T66/><D40/><U120/><E120/><V28/><F28/><W18/><G78/><T45/><D66/><U81/><E121/><V17/><AGARI ba="0,1" hai="8,10,14,15,17,19,46,48,54,55,58,62,88,91" machi="17" ten="20,12000,2" yaku="1,1,0,1,7,1,9,1,8,1,54,1,53,0" doraHai="0" doraHaiUra="102" who="2" fromWho="2" sc="184,-30,277,-30,250,130,279,-60" owari="154,-34.6,247,4.7,380,48.0,219,-18.1" /></mjloggm>