<mjloggm ver="2.3"><GO type="169" lobby="0"/><UN n0="%61%6B%69%62%61%62%61%6E" n1="%4D%41%43%4F%54%4F" n2="%70%6F%6E%2D%65%6E" n3="%E3%82%88%E3%81%86%E3%81%B8%E3%83%BC%58" dan="17,16,16,17" rate="2181.32,2057.58,2162.56,2240.26" sx="M,F,F,M"/><TAIKYOKU oya="0"/><INIT seed="0,0,0,1,5,34" ten="250,250,250,250" oya="0" hai0="77,93,0,55,124,96,13,14,10,28,83,122,7" hai1="36,125,80,119,15,130,40,123,134,1,115,82,91" hai2="95,104,58,74,39,78,75,131,86,118,84,107,32" hai3="70,31,76,18,3,133,79,45,50,27,48,117,49"/><T65/><D122/><U63/><E123/><V61/><F39/><W59/><G70/><T30/><D124/><U127/><E119/><V135/><F32/><W88/><G3/><T106/><D106/><U56/><E130/><V85/><F58/><W41/><G117/><T99/><D65/><U103/><E103/><V33/><F61/><W64/><G18/><T128/><D128/><U87/><E134/><V90/><F33/><W52/><G64/><T16/><D55/><U24/><E24/><V129/><F118/><W44/><G133/><T9/><D13/><U53/><E115/><V71/><F71/><W62/><G88/><T4/><D4/><U17/><E80/><N who="2" m="45143" /><F75/><W42/><G62/><T22/><D22/><AGARI ba="0,0" hai="22,27,31,41,42,44,45,48,49,50,52,59,76,79" machi="22" ten="30,7700,0" yaku="7,1,9,1,8,1,54,1" doraHai="34" who="3" fromWho="0" sc="250,-77,250,0,250,0,250,77" /><INIT seed="1,0,0,4,3,0" ten="173,250,250,327" oya="1" hai0="11,50,112,58,24,134,128,97,5,68,27,111,34" hai1="64,109,7,59,123,91,4,118,8,16,110,65,25" hai2="67,62,45,1,35,132,121,107,49,60,135,57,26" hai3="15,101,44,77,126,22,39,83,108,129,119,17,19"/><U88/><E118/><V87/><F107/><W103/><G108/><N who="1" m="41578" /><E123/><V105/><F105/><W69/><G69/><T76/><D111/><U14/><E25/><V23/><F35/><W100/><G19/><T53/><D112/><U54/><E65/><V41/><F1/><W79/><G79/><T131/><D68/><U38/><E38/><V29/><F121/><W21/><G21/><T75/><D134/><U51/><E64/><V32/><F32/><W78/><G78/><T115/><D115/><U33/><E33/><V73/><F73/><W13/><G13/><T82/><D97/><U89/><AGARI ba="0,0" hai="4,7,8,14,16,51,54,59,88,89,91" m="41578" machi="89" ten="30,18000,2" yaku="14,1,10,1,52,2,54,2" doraHai="0" who="1" fromWho="1" sc="173,-60,250,180,250,-60,327,-60" /><INIT seed="1,1,0,1,3,58" ten="113,430,190,267" oya="1" hai0="105,101,46,5,53,88,67,52,94,7,23,1,11" hai1="80,57,63,89,40,56,129,59,65,111,36,14,54" hai2="77,33,124,83,60,131,84,108,44,123,82,100,121" hai3="86,15,133,126,120,72,55,127,91,76,87,68,9"/><U22/><E129/><V113/><F33/><W0/><G0/><T43/><D105/><U64/><E111/><V125/><F60/><W99/><G120/><T134/><D134/><U79/><E36/><V27/><F27/><W50/><G68/><T17/><D101/><U20/><E40/><V66/><F66/><W13/><G72/><T85/><D7/><U2/><E2/><V116/><F44/><W30/><G30/><T132/><D132/><U49/><E89/><V21/><F21/><W38/><G38/><T110/><D110/><U48/><E65/><V104/><F108/><W97/><G15/><T92/><D92/><U32/><E32/><V81/><F116/><W93/><G133/><T47/><D67/><U103/><E103/><V112/><F131/><W35/><G35/><T118/><D118/><U109/><E14/><V25/><F25/><W114/><G114/><N who="2" m="44137" /><F84/><W106/><G87/><T90/><D46/><U41/><E109/><V98/><F77/><W74/><G76/><T6/><D6/><U10/><E10/><V31/><F31/><W135/><G135/><T12/><REACH who="0" step="1"/><D90/><REACH who="0" ten="103,430,190,267" step="2"/><U117/><E117/><V95/><F104/><W24/><G106/><T39/><AGARI ba="1,1" hai="1,5,11,12,17,23,39,43,47,52,53,85,88,94" machi="39" ten="20,12000,2" yaku="1,1,2,1,0,1,7,1,54,2,53,1" doraHai="58" doraHaiUra="37" who="0" fromWho="0" sc="103,133,430,-61,190,-31,267,-31" /><INIT seed="2,0,0,5,5,121" ten="236,369,159,236" oya="2" hai0="127,81,36,39,130,91,46,61,133,2,131,77,54" hai1="64,135,23,20,26,88,45,89,120,86,124,100,128" hai2="87,49,55,110,63,126,15,98,132,32,69,41,123" hai3="75,119,94,17,48,115,25,83,74,19,109,117,11"/><V34/><F123/><W16/><G115/><T99/><D2/><U14/><E128/><V43/><F132/><W80/><G94/><N who="0" m="56799" /><D133/><U72/><E72/><N who="3" m="27690" /><G25/><T122/><D122/><U114/><E124/><V79/><F126/><W5/><G11/><T104/><D104/><U71/><E114/><V30/><F15/><W62/><G62/><T59/><D46/><U111/><E100/><V92/><F30/><W96/><G48/><T52/><D54/><U57/><E71/><V38/><F55/><W82/><G96/><T44/><D44/><U10/><E45/><V106/><F98/><W84/><G84/><N who="0" m="48175" /><D127/><U85/><E135/><V108/><F63/><W24/><G24/><T68/><D68/><U28/><E64/><V21/><F69/><W33/><G33/><T118/><D118/><N who="3" m="45065" /><G5/><T6/><D6/><U90/><E90/><BYE who="1" /><V113/><F34/><W134/><G134/><T101/><D101/><U78/><E78/><V58/><F79/><UN n1="%4D%41%43%4F%54%4F" /><W70/><G70/><T37/><D37/><U40/><E26/><V8/><F38/><W125/><G125/><T1/><D39/><U66/><E66/><V3/><F3/><W22/><G22/><T105/><D1/><U73/><E23/><V50/><F21/><W27/><G27/><T47/><D105/><U35/><E20/><V103/><F32/><W7/><G7/><T65/><D65/><U67/><E67/><V95/><F113/><W116/><N who="3" m="45073" /><W13/><DORA hai="31" /><G13/><T112/><D112/><U18/><E35/><V107/><F107/><W56/><G56/><T102/><D102/><U29/><E120/><RYUUKYOKU ba="0,0" sc="236,15,369,-15,159,-15,236,15" hai0="36,47,52,59,61,130,131" hai3="16,17,19,80,82,83,109" /><INIT seed="3,1,0,0,3,86" ten="251,354,144,251" oya="3" hai0="82,125,95,1,31,14,104,92,105,98,25,81,113" hai1="114,73,20,115,11,74,53,109,118,40,71,18,30" hai2="131,77,3,101,22,122,4,132,29,68,124,57,110" hai3="108,21,67,100,107,52,27,88,127,72,44,65,41"/><W119/><G119/><T117/><D1/><U2/><E71/><V116/><F57/><W62/><G72/><T75/><D117/><U17/><E40/><V83/><F101/><W89/><G107/><T102/><D125/><U90/><E118/><V56/><F56/><N who="3" m="35079" /><G100/><T37/><D37/><U59/><E109/><V103/><F103/><W48/><G127/><T58/><D113/><U39/><E39/><V16/><F83/><W50/><G50/><T10/><D95/><U97/><E74/><V96/><F77/><W24/><G24/><T49/><D81/><U13/><E73/><V99/><F68/><W134/><G108/><T123/><D123/><U133/><E30/><V135/><F110/><W120/><G120/><T55/><D82/><U112/><E2/><V79/><F122/><W12/><G12/><T85/><D85/><U76/><E76/><V78/><F79/><W46/><G46/><T111/><D75/><U34/><E34/><V8/><F78/><W60/><G134/><T106/><D111/><U47/><E133/><V128/><F116/><W26/><G26/><T6/><D106/><U93/><E47/><V64/><F124/><W0/><G0/><T121/><D121/><U28/><E28/><V5/><F135/><W84/><G60/><T45/><D45/><U87/><E114/><V126/><F126/><W7/><G7/><T94/><D104/><U70/><E115/><V80/><F5/><W9/><G9/><T35/><AGARI ba="1,0" hai="6,10,14,25,31,35,49,55,58,92,94,98,102,105" machi="35" ten="20,1500,0" yaku="0,1,7,1" doraHai="86" who="0" fromWho="0" sc="251,18,354,-5,144,-5,251,-8" /><INIT seed="4,0,0,3,4,111" ten="269,349,139,243" oya="0" hai0="85,113,61,57,78,98,129,76,14,135,49,17,73" hai1="69,127,93,12,125,86,16,133,28,33,23,4,134" hai2="83,109,18,37,20,21,70,80,55,131,121,63,77" hai3="45,91,6,60,52,25,54,110,19,79,44,88,40"/><T102/><D73/><U82/><E69/><V11/><F109/><W89/><G110/><T124/><D129/><U65/><E65/><V53/><F121/><W9/><G79/><T1/><D1/><U112/><E93/><V35/><F35/><W22/><G60/><T43/><D135/><N who="1" m="51723" /><E4/><V36/><F131/><W66/><G66/><T42/><D124/><N who="1" m="47691" /><E33/><V5/><F70/><W94/><G94/><T30/><D30/><U59/><E59/><V97/><F97/><W130/><G130/><T132/><D132/><U0/><E28/><V90/><F5/><W116/><G116/><T101/><D101/><U105/><E105/><V100/><F100/><W24/><G24/><T87/><D98/><U104/><E104/><V99/><F99/><W68/><G68/><T128/><D102/><U38/><E38/><V120/><F36/><W62/><G62/><T67/><D128/><U7/><E7/><V71/><F63/><W34/><G34/><T27/><D61/><U118/><E118/><V29/><F37/><W50/><REACH who="3" step="1"/><G45/><REACH who="3" ten="269,349,139,233" step="2"/><T26/><D67/><U72/><E72/><V8/><F71/><W31/><G31/><T81/><D27/><U115/><E0/><AGARI ba="0,1" hai="0,6,9,19,22,25,40,44,50,52,54,88,89,91" machi="0" ten="40,5200,0" yaku="1,1,54,2,53,0" doraHai="111" doraHaiUra="95" who="3" fromWho="1" sc="269,0,349,-52,139,0,233,62" /><INIT seed="5,0,0,1,4,45" ten="269,297,139,295" oya="1" hai0="16,63,134,117,17,108,32,58,118,89,28,101,107" hai1="9,85,121,69,122,71,127,61,106,40,86,3,88" hai2="78,60,46,34,87,15,100,10,123,39,116,26,24" hai3="93,112,129,74,22,73,81,77,4,62,75,109,126"/><U35/><E35/><V12/><F116/><W44/><G4/><T70/><D108/><U50/><E106/><V133/><F133/><W8/><G8/><T67/><D134/><U6/><E86/><V84/><F123/><W76/><G22/><T90/><D117/><U29/><E29/><V55/><F100/><W33/><G44/><T83/><D118/><U54/><E40/><V96/><F96/><W0/><G62/><T18/><D58/><U132/><E127/><V64/><F15/><W52/><G52/><T43/><D83/><U41/><E41/><V120/><F120/><W56/><G56/><T98/><D43/><U130/><E130/><V19/><F39/><W79/><G0/><T97/><D97/><U37/><E37/><V51/><F34/><W36/><G33/><T38/><D38/><U105/><E105/><V7/><F78/><N who="3" m="30315" /><G109/><T125/><D125/><U2/><E2/><V119/><F119/><W1/><G1/><T21/><D21/><U102/><E132/><V111/><F111/><W115/><G36/><T110/><D110/><U23/><E23/><N who="2" m="13439" /><F26/><AGARI ba="0,0" hai="16,17,18,26,28,32,63,67,70,89,90,98,101,107" machi="26" ten="40,5200,0" yaku="25,2,54,1" doraHai="45" who="0" fromWho="2" sc="269,52,297,0,139,-52,295,0" /><INIT seed="6,0,0,3,3,64" ten="321,297,87,295" oya="2" hai0="1,68,50,3,104,114,4,36,30,22,128,107,111" hai1="127,85,76,6,84,37,31,9,70,32,10,103,100" hai2="81,118,99,12,80,45,0,124,72,109,38,73,110" hai3="121,55,78,48,52,125,20,27,123,44,96,8,14"/><V41/><F118/><W91/><G125/><T57/><D111/><N who="2" m="42506" /><F0/><W74/><G74/><N who="2" m="28777" /><F124/><W77/><G121/><T40/><D36/><U71/><E37/><V116/><F116/><W90/><G55/><T28/><D22/><U88/><E127/><V86/><F86/><W115/><G115/><T75/><D75/><U119/><E119/><V33/><F33/><W113/><G113/><T13/><D57/><U7/><E76/><N who="3" m="29290" /><G96/><T53/><D53/><U49/><E32/><V54/><F54/><W42/><G42/><T5/><D40/><U46/><E46/><V126/><F126/><W94/><G94/><T34/><D34/><U66/><E66/><V83/><F99/><W89/><G123/><T101/><D1/><U134/><E49/><V102/><F102/><W60/><G60/><T16/><D50/><U29/><E88/><V39/><F38/><W117/><G117/><T130/><D101/><U92/><E92/><V97/><F97/><W129/><G91/><T122/><D3/><U61/><E61/><V105/><F105/><W67/><G67/><T59/><D122/><U35/><E35/><V98/><F98/><W93/><G93/><T25/><D114/><U95/><E95/><V112/><F112/><W133/><G90/><T131/><D104/><U135/><AGARI ba="0,0" hai="6,7,9,10,29,31,70,71,84,85,100,103,134,135" machi="135" ten="25,8000,1" yaku="0,1,22,2,52,2" doraHai="64" who="1" fromWho="1" sc="321,-20,297,80,87,-40,295,-20" /><INIT seed="7,0,0,4,0,119" ten="301,377,47,275" oya="3" hai0="19,61,77,132,91,38,64,2,15,22,58,67,112" hai1="100,9,37,66,115,33,83,45,98,5,63,135,8" hai2="133,11,123,87,90,124,130,0,86,80,59,103,128" hai3="99,34,118,122,79,18,95,43,28,117,13,71,36"/><W72/><G71/><T84/><D132/><U89/><E33/><V26/><F59/><W1/><G1/><T16/><D38/><U110/><E115/><V50/><F50/><W78/><G78/><T3/><D112/><U126/><E110/><V88/><F26/><N who="3" m="18711" /><G95/><T55/><D77/><U42/><E135/><V101/><F11/><W75/><G99/><T46/><D2/><U4/><E126/><V85/><F0/><W93/><G93/><T24/><D46/><U12/><E89/><V76/><F133/><W92/><G92/><T14/><D3/><U17/><E83/><V20/><F20/><W102/><G102/><T47/><D47/><U105/><E9/><V48/><F48/><W32/><G32/><T106/><D106/><U113/><E113/><V104/><F124/><W129/><G129/><T107/><D107/><U94/><E105/><V60/><F60/><W65/><G65/><T54/><D64/><U68/><AGARI ba="0,0" hai="4,5,8,12,17,37,42,45,63,66,68,94,98,100" machi="68" ten="20,1500,0" yaku="0,1,7,1" doraHai="119" who="1" fromWho="1" sc="301,-4,377,15,47,-4,275,-7" owari="297,9.7,392,49.2,43,-45.7,268,-13.2" /></mjloggm>