<mjloggm ver="2.3"><GO type="169" lobby="0"/><UN n0="%E4%B8%96%E7%95%8C%E5%B9%B3%E5%92%8C" n1="%E5%A4%A9%E6%89%8D%E9%BA%BB%E5%B0%86%E6%99%BA%E4%B9%83" n2="%E5%A7%AB%E7%95%99" n3="%6D%62%72%63%68%61%6E" dan="16,16,16,16" rate="2187.07,2151.59,2124.95,2137.56" sx="M,M,M,M"/><TAIKYOKU oya="0"/><INIT seed="0,0,0,1,4,85" ten="250,250,250,250" oya="0" hai0="45,0,30,79,8,106,74,64,43,65,134,23,15" hai1="87,4,67,121,86,114,40,35,72,36,129,116,84" hai2="62,107,22,81,80,78,14,63,117,108,95,100,5" hai3="7,98,58,39,38,54,29,55,115,125,6,92,46"/><T119/><D106/><U113/><E116/><V12/><F108/><W57/><G115/><N who="1" m="44042" /><E121/><V75/><F117/><W118/><G118/><T128/><D119/><U51/><E129/><V42/><F107/><W52/><G125/><T135/><D128/><U31/><E72/><V76/><F42/><W3/><G29/><T133/><D0/><U90/><E36/><V104/><F104/><W19/><G19/><T101/><D101/><U99/><E67/><V103/><F22/><W26/><G26/><N who="0" m="16735" /><D79/><U33/><E4/><V88/><F5/><W61/><G55/><T18/><D74/><U127/><E127/><V21/><F21/><W122/><G122/><T20/><D8/><U102/><E102/><V66/><F75/><W1/><G46/><T77/><D77/><U105/><E105/><V131/><F131/><W69/><G69/><T17/><D17/><U9/><E9/><V97/><F66/><W48/><G7/><T82/><D82/><U37/><E37/><AGARI ba="0,0" hai="15,18,20,37,43,45,64,65,133,134,135" m="16735" machi="37" ten="30,1500,0" yaku="20,1" doraHai="85" who="0" fromWho="1" sc="250,15,250,-15,250,0,250,0" /><INIT seed="0,1,0,4,3,117" ten="265,235,250,250" oya="0" hai0="128,22,98,107,9,11,77,20,112,35,55,53,102" hai1="127,28,118,62,91,100,80,70,59,123,88,78,120" hai2="96,2,38,15,116,52,69,122,63,87,50,99,54" hai3="25,65,94,103,108,105,129,92,0,134,93,37,8"/><T7/><D35/><U106/><E118/><V81/><F2/><W86/><G108/><T34/><D34/><U132/><E70/><V45/><F116/><W82/><G37/><T58/><D112/><U21/><E132/><V73/><F73/><W74/><G74/><T16/><D128/><U13/><E127/><V30/><F122/><W48/><G134/><T110/><D110/><U71/><E71/><V119/><F119/><W31/><G129/><T104/><D77/><U29/><E100/><V76/><F38/><W101/><G65/><T131/><D131/><U27/><E29/><V79/><F79/><W51/><G105/><T83/><D83/><U121/><E106/><V46/><F30/><W44/><G8/><T113/><D55/><U43/><E13/><V125/><F125/><W114/><G0/><T5/><D107/><U97/><E97/><V3/><F3/><W41/><G51/><T19/><D113/><U95/><E95/><V135/><F135/><W17/><G17/><T24/><D7/><U84/><REACH who="1" step="1"/><E43/><REACH who="1" ten="265,225,250,250" step="2"/><V72/><F69/><W57/><G114/><T32/><D5/><U26/><E26/><V1/><F1/><W10/><G103/><T60/><REACH who="0" step="1"/><D32/><REACH who="0" ten="255,225,250,250" step="2"/><U90/><E90/><V42/><F42/><N who="3" m="24599" /><G82/><T115/><D115/><U66/><AGARI ba="1,2" hai="21,27,28,59,62,66,78,80,84,88,91,120,121,123" machi="66" ten="30,12000,2" yaku="1,1,0,1,52,3,54,1,53,0" doraHai="117" doraHaiUra="47" who="1" fromWho="1" sc="255,-61,225,143,250,-31,250,-31" /><INIT seed="1,0,0,3,4,7" ten="194,368,219,219" oya="1" hai0="53,74,48,103,89,101,38,119,98,92,56,14,41" hai1="21,87,37,105,124,110,75,96,125,70,83,123,5" hai2="79,133,116,30,23,28,107,134,121,85,18,47,16" hai3="58,72,4,111,32,77,9,68,129,100,35,26,120"/><U91/><E37/><V24/><F107/><W81/><G120/><T11/><D74/><U3/><E70/><V1/><F47/><W6/><G6/><T42/><D119/><U60/><E60/><V8/><F79/><W84/><G111/><T29/><D29/><N who="2" m="11370" /><F121/><W27/><G68/><T86/><D38/><U69/><E69/><V40/><F40/><W99/><G129/><T43/><REACH who="0" step="1"/><D98/><REACH who="0" ten="184,368,219,219" step="2"/><U109/><E123/><V135/><F116/><W93/><G35/><T122/><D122/><U33/><E33/><V102/><F85/><W67/><G32/><T118/><D118/><U76/><E75/><V31/><F102/><W49/><G72/><T55/><D55/><U39/><E39/><V54/><F54/><N who="3" m="32079" /><G67/><T80/><D80/><U112/><E96/><V13/><F1/><W90/><G100/><T61/><D61/><U51/><E3/><V114/><F114/><W128/><G128/><T45/><D45/><U115/><E112/><V113/><F113/><W19/><G4/><AGARI ba="0,1" hai="4,11,14,41,42,43,48,53,56,86,89,92,101,103" machi="4" ten="40,8000,1" yaku="1,1,8,1,52,1,53,1" doraHai="7" doraHaiUra="52" who="0" fromWho="3" sc="184,90,368,0,219,0,219,-80" /><AGARI ba="0,0" hai="4,8,13,16,18,23,24,31,133,134,135" m="11370" machi="4" ten="30,8000,1" yaku="20,1,34,2,52,1,54,1" doraHai="7" who="2" fromWho="3" sc="274,0,368,0,219,80,139,-80" /><INIT seed="2,0,0,5,5,69" ten="274,368,299,59" oya="2" hai0="89,88,22,128,23,87,35,29,125,72,61,93,130" hai1="83,31,59,94,32,28,62,103,0,55,111,79,134" hai2="70,38,54,10,39,75,99,5,8,40,100,112,68" hai3="126,30,131,47,82,109,1,11,7,116,133,6,25"/><V129/><F112/><W45/><G116/><T33/><D72/><U42/><E32/><N who="0" m="12361" /><D29/><U51/><E0/><N who="2" m="39" /><F54/><W49/><G109/><T53/><D125/><U92/><E111/><V96/><F96/><W13/><G126/><T80/><D53/><U27/><E134/><V118/><F118/><W41/><G133/><T90/><D61/><U115/><E115/><V48/><F48/><W84/><G131/><N who="0" m="50219" /><D89/><U4/><E62/><V21/><F21/><W117/><G117/><T119/><D119/><U3/><E55/><V12/><F12/><W20/><G47/><T81/><D81/><U114/><E114/><V122/><F10/><W107/><G107/><T108/><BYE who="3" /><D108/><U50/><E83/><UN n3="%6D%62%72%63%68%61%6E" /><V124/><F124/><W73/><G73/><T135/><D135/><U77/><E77/><V14/><F14/><W37/><G1/><T43/><D43/><U52/><E79/><V86/><F129/><W101/><G101/><T34/><N who="0" m="12369" /><T78/><DORA hai="67" /><D78/><U26/><E103/><V97/><F40/><W15/><G15/><T71/><D71/><U9/><E42/><V65/><F68/><W46/><G46/><T74/><D74/><U63/><E63/><N who="2" m="40255" /><F75/><W18/><REACH who="3" step="1"/><G37/><REACH who="3" ten="274,368,299,49" step="2"/><T56/><D56/><U123/><E59/><V64/><F38/><W2/><G2/><T113/><D113/><U127/><E3/><V120/><F39/><W106/><G106/><T102/><D102/><U121/><E127/><V132/><F100/><W17/><G17/><T105/><D105/><U16/><E16/><V66/><F132/><W110/><G110/><T95/><D95/><RYUUKYOKU ba="0,1" sc="274,15,368,-15,299,-15,49,15" hai0="22,23,80,87,88,90,93" hai3="6,7,11,13,18,20,25,30,41,45,49,82,84" /><INIT seed="3,1,1,5,2,23" ten="289,353,284,64" oya="3" hai0="75,76,112,88,94,64,120,135,47,29,9,131,1" hai1="44,46,43,37,121,130,56,110,114,27,55,113,61" hai2="129,28,16,104,86,17,128,41,53,4,0,2,91" hai3="108,63,89,24,8,35,14,116,72,71,80,40,93"/><W66/><G116/><T111/><D120/><U34/><E121/><V87/><F104/><W95/><G40/><T134/><D111/><U22/><E110/><V98/><F98/><W57/><G108/><T124/><D124/><U7/><E130/><N who="2" m="50283" /><F41/><W118/><G118/><T20/><D131/><U90/><E34/><V84/><F91/><W125/><G125/><T18/><D64/><U126/><E126/><V21/><F53/><W65/><G65/><T81/><D112/><U52/><E7/><V74/><F74/><W85/><G71/><T70/><D70/><U109/><E109/><V54/><F54/><W123/><G123/><T38/><D29/><U107/><E107/><V3/><F4/><W36/><G36/><T122/><D122/><U59/><E90/><V119/><F119/><W115/><G115/><T26/><D47/><U32/><E32/><V127/><F127/><W5/><REACH who="3" step="1"/><G72/><REACH who="3" ten="289,353,284,54" step="2"/><T92/><D38/><U39/><E37/><V12/><F0/><W62/><G62/><T25/><D1/><U117/><E117/><V102/><F2/><W19/><G19/><T100/><D18/><U51/><E44/><V106/><F3/><W10/><G10/><T83/><D9/><U67/><E67/><V42/><F42/><W15/><G15/><T77/><D75/><U79/><E113/><V6/><F17/><W13/><G13/><T105/><D134/><U33/><E114/><V48/><F16/><W82/><G82/><T99/><D135/><U45/><E45/><V97/><F12/><W11/><G11/><T31/><D83/><U50/><E46/><RYUUKYOKU ba="1,2" sc="289,-10,353,-10,284,-10,54,30" hai3="5,8,14,24,35,57,63,66,80,85,89,93,95" /><INIT seed="3,2,2,2,5,18" ten="279,343,274,84" oya="3" hai0="54,35,72,94,24,90,81,32,69,109,79,106,85" hai1="40,125,7,30,76,1,110,86,34,19,62,50,57" hai2="47,132,38,65,115,48,29,74,118,9,93,123,91" hai3="60,105,135,14,116,92,130,101,17,37,104,96,23"/><W131/><G116/><T31/><D109/><U22/><E110/><V84/><F115/><W128/><G37/><T111/><D111/><U26/><E125/><V59/><F74/><W122/><G122/><T53/><D69/><U108/><E108/><V127/><F118/><W119/><G119/><T113/><D113/><U2/><E7/><V58/><F127/><W8/><G135/><T45/><D35/><U16/><E19/><V42/><F132/><W88/><G60/><T73/><D73/><U27/><E40/><V28/><F123/><W13/><REACH who="3" step="1"/><G101/><REACH who="3" ten="279,343,274,74" step="2"/><T55/><REACH who="0" step="1"/><D106/><REACH who="0" ten="269,343,274,74" step="2"/><U15/><E62/><N who="2" m="38103" /><F38/><W112/><G112/><T71/><D71/><U11/><E50/><AGARI ba="2,4" hai="24,31,32,45,50,53,54,55,72,79,81,85,90,94" machi="50" ten="40,1300,0" yaku="1,1,53,0" doraHai="18" doraHaiUra="33" who="0" fromWho="1" sc="269,59,343,-19,274,0,74,0" /><INIT seed="4,0,0,0,4,67" ten="328,324,274,74" oya="0" hai0="66,104,48,7,133,28,90,76,63,24,80,113,102" hai1="103,128,79,19,110,41,72,127,54,14,59,92,107" hai2="27,17,129,114,126,56,130,115,106,40,68,65,34" hai3="2,12,91,15,108,122,21,25,61,50,3,22,13"/><T81/><D113/><N who="2" m="43018" /><F106/><W32/><G108/><T97/><D133/><U86/><E110/><V121/><F121/><W73/><G73/><T57/><D7/><U33/><E33/><V89/><F126/><W84/><G122/><T131/><D131/><N who="2" m="50186" /><F56/><W120/><G120/><T31/><D48/><U30/><E107/><V18/><F40/><W95/><G32/><T23/><D90/><U38/><E127/><V101/><F89/><W58/><G50/><T85/><REACH who="0" step="1"/><D81/><REACH who="0" ten="318,324,274,74" step="2"/><U87/><E128/><V49/><F49/><W37/><G37/><T82/><D82/><U53/><E38/><V51/><F51/><W116/><G116/><T123/><D123/><U99/><E103/><V9/><F101/><W45/><G45/><T83/><D83/><U44/><E44/><V93/><F93/><W36/><G36/><T109/><D109/><U124/><E92/><V78/><F78/><W16/><REACH who="3" step="1"/><G22/><REACH who="3" ten="318,324,274,64" step="2"/><T55/><D55/><AGARI ba="0,2" hai="2,3,12,13,15,16,21,25,55,58,61,84,91,95" machi="55" ten="40,5200,0" yaku="1,1,2,1,54,1,53,0" doraHai="67" doraHaiUra="118" who="3" fromWho="0" sc="318,-52,324,0,274,0,64,72" /><INIT seed="5,0,0,5,4,57" ten="266,324,274,136" oya="1" hai0="67,105,88,43,81,6,117,114,78,134,65,36,58" hai1="40,97,79,126,38,130,42,11,95,48,69,75,124" hai2="122,56,102,103,18,28,47,85,21,3,84,50,34" hai3="41,66,46,82,25,116,89,125,94,32,16,93,118"/><U121/><E121/><V59/><F3/><W62/><G125/><N who="1" m="48234" /><E38/><V135/><F135/><W112/><G112/><T27/><D105/><U100/><E69/><V44/><F28/><W131/><G131/><T39/><D114/><U119/><E119/><N who="3" m="45610" /><G82/><T12/><D117/><U52/><E130/><V111/><F111/><W14/><G25/><T9/><D67/><U104/><E11/><V4/><F4/><W8/><G32/><T106/><D43/><U123/><E123/><V0/><F0/><W31/><G89/><T49/><D106/><U101/><E101/><V17/><F103/><W87/><G87/><T72/><D134/><U64/><E104/><V7/><F102/><W128/><G31/><T19/><D27/><U26/><E26/><V35/><F35/><W113/><G113/><T29/><D6/><U13/><E13/><V45/><F7/><W51/><G128/><T22/><D9/><U71/><E79/><V129/><F34/><W53/><G41/><T1/><D29/><U133/><E75/><V132/><F129/><W108/><G108/><T54/><D1/><U63/><E133/><V15/><F132/><W86/><G86/><T23/><D23/><U24/><E24/><N who="2" m="14383" /><F84/><W92/><G92/><T83/><D83/><U91/><E100/><V5/><F85/><W90/><G90/><T96/><D88/><U60/><E42/><V77/><F122/><W37/><G37/><T107/><D107/><U109/><E109/><V76/><F77/><W10/><G8/><T74/><D74/><U33/><E33/><V30/><F76/><W80/><G80/><RYUUKYOKU ba="0,0" sc="266,-10,324,-10,274,-10,136,30" hai3="10,14,16,46,51,53,62,66,93,94" /><INIT seed="6,1,0,2,0,61" ten="256,314,264,166" oya="2" hai0="30,75,85,92,132,14,26,115,119,81,122,64,58" hai1="89,29,79,93,71,22,5,15,128,7,25,114,126" hai2="17,54,57,10,106,73,74,1,9,51,68,46,72" hai3="101,20,33,80,11,31,63,43,110,103,41,0,35"/><V16/><F68/><W116/><G110/><T109/><D75/><U117/><E117/><V47/><F106/><W120/><G116/><T100/><D109/><U87/><E71/><V108/><F108/><W90/><G120/><T38/><D38/><U62/><E114/><V102/><F102/><W124/><G124/><T3/><D3/><U66/><E128/><V67/><F47/><W99/><G0/><T49/><D132/><U56/><E126/><V96/><F96/><W69/><G11/><T112/><D14/><U36/><E36/><V130/><F130/><W23/><G80/><T4/><D4/><U83/><REACH who="1" step="1"/><E15/><REACH who="1" ten="256,304,264,166" step="2"/><V59/><F1/><W45/><G69/><T82/><D119/><U84/><AGARI ba="1,1" hai="5,7,22,25,29,56,62,66,79,83,84,87,89,93" machi="84" ten="20,12000,2" yaku="1,1,2,1,0,1,7,1,8,1,52,1,53,0" doraHai="61" doraHaiUra="37" who="1" fromWho="1" sc="256,-31,304,133,264,-61,166,-31" /><INIT seed="7,0,0,2,4,7" ten="225,437,203,135" oya="3" hai0="79,108,18,60,117,13,27,97,41,73,39,3,11" hai1="57,55,37,16,127,85,15,62,21,42,12,50,49" hai2="43,83,69,115,40,59,81,118,116,86,100,110,80" hai3="103,52,61,2,90,8,31,47,56,28,119,121,25"/><W64/><G119/><T17/><D117/><U36/><E127/><V98/><F69/><W129/><G121/><T66/><D108/><U35/><E35/><V4/><F110/><W131/><G103/><T135/><D135/><U124/><E37/><V82/><F115/><W84/><G47/><N who="0" m="23999" /><D13/><U22/><E124/><V125/><F125/><W126/><G126/><T30/><D97/><U33/><E33/><V133/><F133/><W10/><G31/><T88/><D88/><U93/><E36/><V120/><F120/><W101/><G101/><T51/><D51/><U105/><E42/><V78/><F40/><W128/><G64/><T14/><D14/><U63/><E49/><V104/><F43/><W91/><G2/><T130/><D130/><U19/><E105/><V95/><F59/><W24/><G91/><AGARI ba="0,0" hai="12,15,16,19,21,22,50,55,57,62,63,85,91,93" machi="91" ten="40,8000,1" yaku="9,1,25,2,8,1,54,1" doraHai="7" who="1" fromWho="3" sc="225,0,437,80,203,0,135,-80" owari="225,2.5,517,61.7,203,-19.7,55,-44.5" /></mjloggm>