<mjloggm ver="2.3"><GO type="169" lobby="0"/><UN n0="%E9%81%A0%E8%BF%91%E9%99%B0%E6%99%B4%E7%9A%86%E5%85%A5%E5%BF%83" n1="%53%74%65%69%6E%73" n2="%E7%8F%BE%E5%A0%B4%E3%81%AD%E3%81%93" n3="%E3%82%B5%E3%83%95%E3%82%A9%E3%83%BC%E3%82%AF%E3%81%AE%E7%94%BA" dan="17,17,16,16" rate="2192.38,2209.25,2068.93,2163.03" sx="F,M,M,M"/><TAIKYOKU oya="0"/><INIT seed="0,0,0,1,1,97" ten="250,250,250,250" oya="0" hai0="130,107,71,123,65,39,102,0,50,62,78,98,24" hai1="129,126,3,125,30,47,51,90,108,37,53,18,41" hai2="52,38,116,86,103,110,48,74,70,131,101,122,28" hai3="2,32,9,5,94,35,59,29,112,15,95,34,26"/><T133/><D123/><U106/><E3/><V36/><F74/><W93/><G112/><T79/><D0/><U60/><E30/><V68/><F122/><W119/><G119/><T89/><D39/><U44/><E106/><V6/><F6/><W99/><G59/><T63/><D133/><U115/><E90/><V82/><F28/><W31/><G31/><T21/><D130/><U22/><E22/><V72/><F72/><W118/><G118/><T55/><D63/><U46/><E18/><V135/><F116/><W20/><REACH who="3" step="1"/><G99/><REACH who="3" ten="250,250,250,240" step="2"/><T57/><REACH who="0" step="1"/><D89/><REACH who="0" ten="240,250,250,240" step="2"/><U8/><E129/><V80/><F131/><W10/><G10/><T84/><D84/><U58/><E8/><V45/><F86/><W49/><G49/><T104/><D104/><U114/><E114/><V54/><F48/><W96/><G96/><T100/><D100/><U113/><E115/><V27/><F135/><W1/><AGARI ba="0,2" hai="1,2,5,9,15,20,26,29,32,34,35,93,94,95" machi="1" ten="40,2700,0" yaku="1,1,0,1,53,0" doraHai="97" doraHaiUra="56" who="3" fromWho="3" sc="240,-13,250,-7,250,-7,240,47" /><INIT seed="1,0,0,0,5,122" ten="227,243,243,287" oya="1" hai0="2,116,84,71,119,26,106,11,102,72,101,39,100" hai1="64,114,24,125,12,22,95,0,41,117,93,31,79" hai2="99,53,124,20,32,66,126,78,121,10,103,69,105" hai3="6,52,8,3,127,109,110,34,88,47,76,17,97"/><U73/><E114/><V60/><F121/><W130/><G34/><T33/><D72/><U111/><E117/><V85/><F10/><W104/><G76/><T36/><D106/><U89/><E0/><V37/><F37/><W29/><G29/><T113/><D113/><U49/><E125/><V9/><F9/><W87/><G17/><T38/><D71/><U54/><E41/><V30/><F20/><W82/><G130/><T15/><D2/><U7/><E64/><V108/><F53/><W14/><G3/><T46/><D46/><U96/><E7/><V19/><F19/><W107/><G127/><T21/><D33/><U55/><E12/><V129/><F129/><W83/><G83/><T94/><D84/><U65/><E65/><V98/><F98/><W112/><G112/><T120/><D120/><U28/><E28/><V57/><F57/><W63/><G97/><T118/><D94/><U58/><E95/><V131/><F131/><W86/><G86/><T77/><D77/><U5/><E5/><V75/><F85/><W48/><REACH who="3" step="1"/><G63/><REACH who="3" ten="227,243,243,277" step="2"/><T80/><D80/><U74/><E79/><V92/><F124/><W45/><G45/><T1/><D1/><U90/><E73/><V59/><F126/><W40/><G40/><T115/><D115/><U62/><E74/><V27/><F78/><W13/><G13/><T61/><D61/><U91/><E111/><AGARI ba="0,1" hai="6,8,14,47,48,52,82,87,88,104,107,109,110,111" machi="111" ten="40,12000,2" yaku="1,1,14,1,52,3,54,2,53,0" doraHai="122" doraHaiUra="133" who="3" fromWho="1" sc="227,0,243,-120,243,0,277,130" /><INIT seed="2,0,0,0,4,135" ten="227,123,243,407" oya="2" hai0="5,18,95,117,9,22,133,62,38,64,59,123,10" hai1="54,83,12,25,89,29,14,51,7,126,8,132,76" hai2="127,66,113,52,46,84,15,28,98,75,34,125,3" hai3="42,88,134,107,26,33,81,104,56,2,69,78,112"/><V79/><F113/><W1/><G69/><T17/><D123/><U93/><E132/><V63/><F3/><W80/><G134/><T49/><D38/><U86/><E14/><V11/><F75/><W119/><G119/><T100/><D133/><U48/><E126/><N who="2" m="48139" /><F98/><W101/><G42/><T108/><D108/><U57/><E57/><N who="2" m="37231" /><F28/><W128/><G128/><T122/><D122/><U92/><E54/><V4/><F34/><W55/><G55/><T31/><D31/><U118/><E118/><V109/><F109/><W35/><G35/><T30/><D30/><U65/><E65/><V103/><F103/><W96/><G101/><T70/><D100/><U82/><E93/><V47/><F52/><W68/><G96/><T40/><D117/><U94/><E92/><V23/><F23/><W99/><G33/><T91/><D95/><U24/><E83/><AGARI ba="0,0" hai="4,11,15,46,47,79,83,84" m="37231,48139" machi="83" ten="30,11600,0" yaku="18,1,52,3" doraHai="135" who="2" fromWho="1" sc="227,0,123,-116,243,116,407,0" /><INIT seed="2,1,0,1,5,46" ten="227,7,359,407" oya="2" hai0="120,123,105,114,25,54,125,58,102,24,2,124,83" hai1="50,80,57,4,43,103,20,101,86,67,28,119,21" hai2="33,130,131,89,76,47,64,14,5,13,98,8,77" hai3="108,95,88,90,39,104,92,38,44,56,127,37,45"/><V48/><F33/><W69/><G69/><T122/><D2/><U132/><E119/><V128/><F64/><W35/><G104/><T36/><D114/><U18/><E132/><V51/><F47/><W126/><G35/><T70/><D36/><U110/><E110/><V34/><F34/><W94/><G108/><T59/><D70/><U91/><E4/><V135/><F135/><W10/><G10/><T63/><D105/><U117/><E117/><V65/><F65/><W7/><G7/><T116/><D102/><U96/><E28/><V11/><F89/><N who="3" m="34411" /><G56/><T15/><D116/><U106/><E21/><V16/><REACH who="2" step="1"/><F98/><REACH who="2" ten="227,7,349,407" step="2"/><W100/><G100/><N who="1" m="38474" /><E96/><V68/><F68/><W42/><G42/><T111/><D111/><U62/><E106/><V112/><F112/><W26/><G26/><T49/><D25/><N who="1" m="14487" /><E43/><V55/><F55/><W109/><G109/><T61/><D24/><U115/><E115/><V134/><F134/><W52/><G52/><T133/><D133/><U74/><E74/><V23/><F23/><W53/><G53/><T12/><D120/><U107/><E107/><V19/><F19/><W121/><G121/><T99/><D99/><U93/><E93/><V6/><F6/><W66/><G66/><T79/><D54/><U73/><E73/><V40/><F40/><W113/><G113/><T97/><D97/><U82/><E82/><V60/><F60/><W71/><G71/><T29/><D83/><U118/><E118/><V81/><F81/><W3/><G37/><T72/><D72/><U84/><E84/><V1/><F1/><W22/><G3/><RYUUKYOKU ba="1,1" sc="227,-15,7,15,349,15,407,-15" hai1="50,57,62,67,80,86,91" hai2="5,8,11,13,14,16,48,51,76,77,128,130,131" /><INIT seed="2,2,1,3,5,81" ten="212,22,364,392" oya="2" hai0="114,116,85,4,93,24,74,79,45,112,132,9,36" hai1="48,98,13,91,47,44,2,105,60,80,130,64,126" hai2="66,128,108,55,75,103,49,100,42,89,84,72,68" hai3="39,109,56,10,129,83,71,7,63,92,35,107,102"/><V6/><F128/><W8/><G39/><T31/><D132/><U106/><E2/><V11/><F108/><W73/><G35/><T82/><D116/><U97/><E130/><V29/><F42/><W14/><G107/><T70/><D70/><U38/><E126/><V118/><F118/><W33/><G33/><T88/><D36/><U124/><E124/><V1/><F29/><W34/><G34/><T37/><D31/><U104/><E38/><V101/><F66/><W26/><G71/><T77/><D24/><U120/><E120/><V117/><F68/><W119/><G119/><T5/><D77/><U20/><E47/><V61/><F61/><W53/><G109/><T133/><D5/><U52/><E60/><V125/><F125/><W90/><G26/><T99/><D133/><U22/><E64/><V28/><F28/><W127/><G127/><T19/><D19/><U3/><E3/><V41/><F41/><W18/><G102/><T15/><D37/><U94/><E80/><V134/><F134/><W121/><G121/><T123/><D45/><U111/><E111/><V16/><F16/><W54/><G129/><T76/><D76/><U27/><E13/><V135/><F135/><W17/><G53/><T21/><D21/><U50/><E50/><V30/><F30/><W122/><G122/><T95/><REACH who="0" step="1"/><D123/><REACH who="0" ten="202,22,364,392" step="2"/><U40/><E40/><V62/><F117/><W59/><G7/><T96/><D96/><N who="1" m="36971" /><E27/><V46/><REACH who="2" step="1"/><F62/><REACH who="2" ten="202,22,354,392" step="2"/><W87/><G63/><T65/><D65/><U23/><E23/><V25/><F25/><W110/><G110/><T32/><D32/><RYUUKYOKU ba="2,3" sc="202,10,22,10,354,10,392,-30" hai0="4,9,15,74,79,82,85,88,93,95,99,112,114" hai1="20,22,44,48,52,91,94,104,105,106" hai2="1,6,11,46,49,55,72,75,84,89,100,101,103" /><INIT seed="2,3,3,1,0,4" ten="212,32,364,362" oya="2" hai0="77,32,114,37,52,127,16,53,92,70,81,88,12" hai1="110,43,84,120,27,62,55,3,54,74,135,105,82" hai2="2,119,6,22,85,86,51,132,124,75,108,60,28" hai3="103,111,93,1,97,125,9,128,131,13,19,121,104"/><V10/><F119/><W35/><G121/><T50/><D114/><U99/><E120/><V47/><F75/><W48/><G35/><T21/><D32/><U113/><E113/><V73/><F73/><W96/><G1/><T83/><D37/><U34/><E110/><V115/><F115/><W134/><G111/><T72/><D70/><U25/><E74/><V45/><F45/><W11/><G48/><T63/><D127/><U17/><E3/><V102/><F108/><W49/><G49/><T20/><D81/><U87/><E43/><V101/><F60/><W95/><G125/><T7/><D7/><U123/><E123/><V65/><F65/><W41/><G134/><T0/><D0/><U100/><E135/><V40/><F132/><W29/><G29/><T44/><D63/><U61/><E84/><V133/><F133/><W59/><G59/><T66/><D66/><U80/><E80/><V69/><F69/><W107/><G41/><T31/><D31/><U116/><E116/><V5/><F5/><W76/><G76/><T30/><D30/><U109/><E109/><V89/><F86/><W118/><G118/><T78/><D78/><U39/><E39/><V130/><F124/><W126/><G126/><T8/><D53/><N who="1" m="19979" /><E34/><V112/><F112/><W42/><G42/><T36/><D36/><U23/><E27/><N who="2" m="16503" /><F130/><N who="3" m="49707" /><G107/><T57/><D44/><U33/><E33/><V79/><F79/><W98/><G104/><T14/><REACH who="0" step="1"/><D14/><REACH who="0" ten="202,32,364,362" step="2"/><U117/><E117/><V58/><F58/><W67/><G67/><T91/><D91/><N who="1" m="51703" /><E62/><V38/><F38/><W18/><G103/><RYUUKYOKU ba="3,4" sc="202,0,32,0,364,0,362,0" hai0="8,12,16,20,21,50,52,57,72,77,83,88,92" hai1="17,23,25,61,99,100,105" hai2="2,6,10,40,47,51,85,89,101,102" hai3="9,11,13,18,19,93,95,96,97,98" /><INIT seed="2,4,4,0,2,130" ten="202,32,364,362" oya="2" hai0="32,124,98,76,116,115,90,22,47,6,5,62,102" hai1="126,127,28,23,75,87,128,113,50,25,114,89,43" hai2="8,14,60,97,83,20,46,48,122,61,19,24,92" hai3="91,107,54,121,133,2,33,31,56,82,51,26,9"/><V30/><F122/><W106/><G121/><T132/><D115/><U29/><E75/><V64/><F64/><W16/><G133/><T45/><D32/><U58/><E128/><V85/><F92/><W39/><G39/><T40/><D132/><U93/><E29/><V74/><F97/><W118/><G118/><T70/><D124/><N who="1" m="47659" /><E58/><V27/><F27/><W78/><G91/><T96/><D76/><U104/><E104/><V67/><F67/><W17/><G17/><T68/><D116/><U99/><E99/><V119/><F74/><W66/><G66/><T41/><D22/><U88/><E89/><N who="2" m="51391" /><F119/><W13/><G2/><T69/><D90/><U12/><E12/><V53/><AGARI ba="4,4" hai="8,14,19,20,24,30,46,48,53,60,61" m="51391" machi="53" ten="30,3000,0" yaku="25,1,8,1" doraHai="130" who="2" fromWho="2" sc="202,-14,32,-14,364,82,362,-14" /><INIT seed="2,5,0,2,2,37" ten="188,18,446,348" oya="2" hai0="12,24,32,114,90,118,96,134,39,102,107,33,8" hai1="55,2,17,57,106,110,69,81,105,95,112,130,42" hai2="122,41,64,98,123,13,93,52,47,85,75,119,99" hai3="82,120,28,111,58,97,9,66,40,108,131,51,89"/><V128/><F75/><W34/><G120/><T14/><D114/><U36/><E112/><V56/><F119/><W16/><G131/><T88/><D118/><U44/><E2/><V23/><F64/><W46/><G28/><T27/><D39/><U92/><E130/><V73/><F73/><W43/><G34/><T104/><D96/><U101/><E69/><V30/><F128/><W79/><G58/><T4/><D8/><U135/><E110/><N who="3" m="42026" /><G66/><T94/><D94/><U35/><E35/><V18/><F30/><W26/><G89/><T91/><D90/><U6/><E6/><V21/><F122/><W65/><G97/><T80/><D4/><U117/><E117/><V126/><F99/><W84/><G65/><T76/><D80/><U29/><E29/><V3/><F98/><W53/><G26/><T78/><REACH who="0" step="1"/><D102/><REACH who="0" ten="178,18,446,348" step="2"/><U38/><E38/><V10/><F123/><W100/><G100/><T22/><D22/><U48/><E101/><V59/><F23/><W20/><G20/><T50/><D50/><U0/><E81/><V77/><F21/><W127/><G127/><T60/><D60/><U87/><E95/><V19/><F93/><W71/><G71/><T86/><D86/><U1/><E87/><V25/><F85/><W109/><G109/><T74/><D74/><U72/><E72/><V121/><F121/><W31/><G31/><T49/><D49/><U125/><E92/><V83/><F83/><W70/><G70/><T68/><D68/><U132/><E125/><V5/><F126/><W15/><AGARI ba="5,1" hai="9,15,16,40,43,46,51,53,79,82,84" m="42026" machi="15" ten="30,7900,0" yaku="14,1,52,2,54,1" doraHai="37" who="3" fromWho="3" sc="178,-25,18,-25,446,-44,348,104" owari="153,-24.7,-7,-50.7,402,20.2,452,55.2" /></mjloggm>