<mjloggm ver="2.3"><GO type="169" lobby="0"/><UN n0="%41%6C%6C%2D%4C%75%63%6B" n1="%77%61%77%61%33%30%33%30" n2="%E6%B2%96%E3%83%92%E3%82%AB%E3%83%AB%EF%BC%88%E6%9C%AC%E7%89%A9%EF%BC%89" n3="%E6%95%97%E5%8C%97%E8%80%85%E3%81%AD%E3%82%8B" dan="16,17,17,17" rate="2103.64,2266.18,2133.58,2187.28" sx="M,M,F,F"/><TAIKYOKU oya="0"/><INIT seed="0,0,0,5,2,7" ten="250,250,250,250" oya="0" hai0="88,106,50,73,68,30,34,133,111,67,95,118,63" hai1="51,23,71,115,94,128,65,9,126,36,16,123,103" hai2="41,33,91,75,100,12,89,55,66,81,121,0,86" hai3="2,49,92,134,1,119,6,52,3,10,37,47,14"/><T110/><D118/><U72/><E123/><V31/><F0/><W25/><G134/><T42/><D73/><U80/><E36/><V109/><F75/><W90/><G119/><T105/><D133/><U69/><E128/><V28/><F100/><W99/><G37/><T64/><D64/><U129/><E129/><V21/><F66/><W83/><G83/><T32/><D42/><U11/><E126/><V127/><F33/><N who="0" m="12906" /><D30/><U96/><E115/><V122/><F41/><W18/><REACH who="3" step="1"/><G25/><REACH who="3" ten="250,250,250,240" step="2"/><T107/><D50/><U117/><E117/><V74/><F122/><W124/><G124/><T39/><D39/><U19/><E51/><V43/><F81/><W112/><G112/><T77/><D77/><U53/><E80/><V108/><F127/><W4/><AGARI ba="0,1" hai="1,2,3,4,6,10,14,18,47,49,52,90,92,99" machi="4" ten="40,8000,1" yaku="1,1,0,1,52,1,54,1,53,1" doraHai="7" doraHaiUra="85" who="3" fromWho="3" sc="250,-40,250,-20,250,-20,240,90" /><INIT seed="1,0,0,2,1,57" ten="210,230,230,330" oya="1" hai0="38,131,16,54,134,6,111,61,58,56,26,7,63" hai1="70,28,107,121,27,73,76,116,31,74,36,71,79" hai2="75,69,42,86,55,59,65,112,12,0,72,77,113" hai3="41,8,62,4,80,23,5,43,114,48,122,25,133"/><U32/><E116/><V33/><F0/><W87/><G122/><T89/><D111/><U10/><E121/><V3/><F3/><W127/><G114/><T119/><D131/><U78/><E36/><V13/><F33/><W14/><G127/><T67/><D134/><U47/><E107/><V115/><F42/><W130/><G133/><T29/><D38/><U24/><E47/><V52/><F69/><W81/><G130/><T49/><D49/><U46/><E46/><V101/><F101/><W109/><G4/><T85/><D119/><U45/><E45/><V60/><F86/><W118/><G48/><T53/><D67/><U11/><REACH who="1" step="1"/><E79/><REACH who="1" ten="210,220,230,330" step="2"/><V123/><F123/><W105/><G105/><T96/><D96/><U129/><E129/><V103/><F77/><W106/><G106/><T132/><D132/><U108/><E108/><V30/><F103/><W90/><G118/><T88/><D89/><U34/><AGARI ba="0,1" hai="10,11,24,27,28,31,32,34,70,71,73,74,76,78" machi="34" ten="25,9600,0" yaku="1,1,0,1,22,2,53,0" doraHai="57" doraHaiUra="17" who="1" fromWho="1" sc="210,-32,220,106,230,-32,330,-32" /><INIT seed="1,1,0,5,0,74" ten="178,326,198,298" oya="1" hai0="6,32,110,123,117,54,95,122,20,13,26,37,130" hai1="91,88,4,48,45,128,99,46,41,103,86,49,43" hai2="31,34,77,29,12,38,100,33,84,94,19,28,125" hai3="56,127,93,52,87,106,89,58,131,107,2,64,21"/><U104/><E128/><V53/><F38/><W55/><G2/><T44/><D117/><U76/><E4/><V101/><F125/><W69/><G131/><T51/><D32/><U9/><E9/><V75/><F75/><W60/><G127/><T15/><D110/><U1/><E1/><V120/><F120/><N who="0" m="46122" /><D37/><U116/><E116/><V57/><F34/><W17/><G69/><T7/><D95/><U108/><E108/><V72/><F72/><W23/><G64/><T0/><D130/><U90/><REACH who="1" step="1"/><E76/><REACH who="1" ten="178,316,198,298" step="2"/><V18/><F77/><W66/><G66/><T22/><D0/><U63/><E63/><V50/><F33/><W118/><G118/><T83/><D6/><U119/><E119/><V82/><F82/><AGARI ba="1,1" hai="41,43,45,46,48,49,82,86,88,90,91,99,103,104" machi="82" ten="30,11600,0" yaku="1,1,7,1,9,1,54,1,53,0" doraHai="74" doraHaiUra="115" who="1" fromWho="2" sc="178,0,316,129,198,-119,298,0" /><INIT seed="1,2,0,3,1,120" ten="178,445,79,298" oya="1" hai0="43,75,106,11,107,89,27,33,22,46,25,95,88" hai1="32,131,21,85,1,60,48,79,132,119,101,116,66" hai2="15,72,55,103,64,20,123,73,4,3,71,6,130" hai3="67,84,125,91,81,61,122,110,37,35,121,100,58"/><U57/><E32/><V29/><F123/><W9/><G110/><T12/><D75/><U8/><E131/><V36/><F36/><W24/><G125/><T2/><D2/><U105/><E132/><V124/><F3/><W77/><G37/><T7/><D33/><U82/><E105/><V50/><F103/><W128/><G128/><T65/><D65/><U111/><E101/><V5/><F124/><W112/><G112/><T16/><D27/><U41/><E21/><V133/><F133/><W13/><G100/><T30/><D7/><U54/><E41/><V34/><F34/><W80/><G24/><T17/><D17/><U52/><E54/><V74/><F130/><W104/><G104/><T68/><D68/><U90/><E79/><V94/><F71/><W102/><G102/><T98/><REACH who="0" step="1"/><D89/><REACH who="0" ten="168,445,79,298" step="2"/><U53/><E66/><V108/><F64/><W49/><G35/><T23/><D23/><U114/><E1/><V93/><F29/><W0/><G0/><T39/><AGARI ba="2,1" hai="11,12,16,22,25,30,39,43,46,88,95,98,106,107" machi="39" ten="20,12000,2" yaku="1,1,0,1,7,1,54,2,53,1" doraHai="120" doraHaiUra="70" who="0" fromWho="0" sc="168,136,445,-62,79,-32,298,-32" /><INIT seed="2,0,0,3,4,37" ten="304,383,47,266" oya="2" hai0="99,17,86,104,71,95,127,3,115,23,82,31,73" hai1="117,36,1,132,35,13,27,110,65,2,49,60,94" hai2="11,33,118,19,64,98,96,44,133,70,91,57,81" hai3="14,68,83,101,40,5,131,124,48,22,54,55,42"/><V77/><F118/><W121/><G121/><T16/><D71/><U135/><E36/><V126/><F70/><W74/><G68/><T123/><D3/><U32/><E117/><V53/><F33/><W134/><G131/><T75/><D123/><U88/><E13/><V29/><F29/><W66/><G124/><T20/><D115/><U107/><E107/><V39/><F126/><W80/><G66/><T106/><D127/><U56/><E110/><V61/><F133/><N who="1" m="51273" /><E49/><N who="2" m="28839" /><F77/><W69/><G69/><T120/><D120/><U46/><E46/><V78/><F78/><W72/><G134/><T102/><D31/><N who="1" m="19583" /><E35/><V58/><F58/><W43/><G101/><T119/><D119/><U8/><E8/><V114/><F39/><W12/><G74/><T129/><D129/><U128/><E128/><V25/><F114/><W6/><G72/><T90/><D73/><U85/><AGARI ba="0,0" hai="1,2,56,60,65,85,88,94" m="19583,51273" machi="85" ten="30,2000,0" yaku="20,1,54,1" doraHai="37" who="1" fromWho="1" sc="304,-5,383,20,47,-10,266,-5" /><INIT seed="3,0,0,0,3,80" ten="299,403,37,261" oya="3" hai0="4,54,135,40,62,100,124,85,8,77,26,123,52" hai1="32,69,60,87,116,128,23,78,30,53,88,66,111" hai2="20,17,82,36,41,129,22,130,21,134,107,76,104" hai3="91,71,13,127,39,42,93,99,106,125,51,24,131"/><W10/><G71/><T97/><D123/><U90/><E111/><V105/><F134/><W12/><G131/><T50/><D124/><N who="3" m="47689" /><G39/><T86/><D77/><U98/><E128/><N who="2" m="49259" /><F36/><W9/><G106/><N who="2" m="27137" /><V64/><DORA hai="70" /><F41/><W68/><G68/><T35/><D135/><U56/><E32/><V84/><F64/><W5/><G24/><AGARI ba="0,0" hai="17,20,21,22,24,76,82,84" m="27137,49259" machi="24" ten="40,2600,0" yaku="19,1,52,1" doraHai="80,70" who="2" fromWho="3" sc="299,0,403,0,37,26,261,-26" /><INIT seed="4,0,0,0,5,135" ten="299,403,63,235" oya="0" hai0="117,14,29,16,133,86,31,76,62,74,83,17,89" hai1="4,11,124,39,88,72,109,82,57,7,22,35,79" hai2="25,33,1,43,18,63,2,127,47,110,40,61,23" hai3="20,126,80,113,85,51,21,44,66,92,10,28,5"/><T121/><D121/><U34/><E109/><V42/><F110/><W41/><G113/><T131/><D117/><U68/><E68/><V65/><F33/><W27/><G126/><T45/><D131/><U59/><E39/><V128/><F47/><W6/><G66/><T129/><D17/><U107/><E107/><V84/><F128/><W15/><G5/><T96/><D133/><U87/><E124/><V101/><F101/><W70/><G70/><T77/><D96/><U9/><E22/><V26/><F26/><W3/><G3/><T30/><D129/><U93/><E34/><V100/><F100/><W54/><G92/><T97/><D97/><U24/><E35/><V56/><F127/><W105/><G105/><T49/><D62/><U118/><E24/><V81/><REACH who="2" step="1"/><F63/><REACH who="2" ten="299,403,53,235" step="2"/><W91/><G41/><N who="0" m="24751" /><D74/><U99/><E72/><V130/><F130/><W48/><G48/><T114/><D114/><U13/><REACH who="1" step="1"/><E118/><REACH who="1" ten="299,393,53,235" step="2"/><V46/><F46/><W98/><G27/><T58/><D58/><U64/><E64/><V36/><F36/><W32/><G32/><T104/><D104/><U103/><E103/><V108/><F108/><W115/><G115/><T37/><D37/><U119/><E119/><V134/><F134/><W116/><G116/><T8/><AGARI ba="0,2" hai="8,14,16,29,30,31,76,77,83,86,89" m="24751" machi="8" ten="30,3000,0" yaku="8,1,54,1" doraHai="135" who="0" fromWho="0" sc="299,50,393,-10,53,-10,235,-10" /><INIT seed="4,1,0,0,0,120" ten="349,383,43,225" oya="0" hai0="135,63,129,4,117,40,109,100,50,131,20,34,27" hai1="99,36,118,115,56,58,53,132,23,110,13,134,91" hai2="10,112,0,107,86,67,31,24,43,16,126,81,19" hai3="54,84,82,73,55,113,70,128,97,87,3,51,9"/><T30/><D117/><U45/><E118/><V108/><F107/><W7/><G70/><T11/><D135/><N who="1" m="51755" /><E115/><V93/><F112/><W89/><G113/><T123/><D100/><U102/><E91/><V18/><F126/><W111/><G111/><T101/><D101/><U61/><E56/><V29/><F67/><W66/><G66/><T41/><D123/><U22/><E13/><V35/><F93/><W104/><G104/><T106/><D106/><N who="1" m="63839" /><E110/><V83/><F108/><W103/><G103/><T79/><D79/><U71/><E71/><V85/><F43/><AGARI ba="1,0" hai="22,23,36,43,45,53,58,61" m="63839,51755" machi="43" ten="30,1000,0" yaku="20,1" doraHai="120" who="1" fromWho="2" sc="349,0,383,13,43,-13,225,0" /><INIT seed="5,0,0,4,5,93" ten="349,396,30,225" oya="1" hai0="56,18,127,107,131,77,70,1,26,128,30,122,135" hai1="108,66,109,45,87,97,111,37,57,24,92,69,7" hai2="112,86,82,23,104,53,14,106,95,25,120,132,102" hai3="19,27,47,68,99,17,33,65,85,71,44,114,89"/><U88/><E7/><V21/><F120/><W90/><G114/><T6/><D122/><U4/><E4/><V79/><F112/><W2/><G2/><T20/><D70/><U64/><E69/><V43/><F132/><W28/><G85/><T124/><D107/><U123/><E123/><V119/><F119/><W13/><G13/><T81/><D56/><U96/><E24/><V134/><F43/><W110/><G110/><T40/><D40/><N who="1" m="22671" /><E57/><V76/><F134/><W48/><G48/><T42/><D42/><U11/><E11/><V50/><F14/><W103/><G65/><AGARI ba="0,0" hai="64,65,66,87,88,92,96,97,108,109,111" m="22671" machi="65" ten="30,11600,0" yaku="10,1,52,2,54,1" doraHai="93" who="1" fromWho="3" sc="349,0,396,116,30,0,225,-116" /><INIT seed="5,1,0,4,3,78" ten="349,512,30,109" oya="1" hai0="39,46,97,84,112,16,109,127,108,102,81,8,30" hai1="6,83,61,110,98,71,5,117,40,87,114,45,101" hai2="134,31,27,62,77,67,14,66,80,47,64,85,10" hai3="92,89,63,20,41,79,82,121,38,1,17,7,36"/><U11/><E117/><V126/><F134/><W53/><G121/><T104/><D112/><U72/><E114/><V26/><F126/><W124/><G124/><T68/><D68/><U32/><E32/><V34/><F47/><W128/><G128/><T94/><D30/><U74/><E71/><V37/><F37/><W18/><G7/><T24/><D127/><U119/><E61/><V44/><F44/><W70/><G1/><T21/><D8/><U73/><E11/><V0/><F27/><W106/><G106/><T131/><D131/><U99/><E99/><V113/><F0/><W58/><G70/><T13/><D24/><U91/><E110/><V65/><F113/><W107/><G107/><T122/><D122/><U43/><E119/><V50/><F50/><W105/><G105/><T123/><D123/><U35/><E35/><V29/><F29/><W57/><G57/><T28/><D28/><U15/><E15/><V76/><F76/><W100/><G100/><T88/><REACH who="0" step="1"/><D104/><REACH who="0" ten="339,512,30,109" step="2"/><U4/><E5/><V60/><N who="2" m="16384" /><DORA hai="116" /><V96/><REACH who="2" step="1"/><F96/><REACH who="2" ten="339,512,20,109" step="2"/><W33/><G17/><AGARI ba="1,2" hai="10,14,17,26,31,34,60,62,77,80,85" m="16384" machi="17" ten="50,6400,0" yaku="1,1,2,1,52,1,53,0" doraHai="78,116" doraHaiUra="2,49" who="2" fromWho="3" sc="339,0,512,0,20,87,109,-67" /><INIT seed="6,0,0,1,1,70" ten="339,512,107,42" oya="2" hai0="29,94,34,120,101,107,134,123,12,69,25,97,23" hai1="5,106,67,15,74,117,28,54,104,77,49,4,42" hai2="131,116,35,80,119,73,21,83,125,17,121,105,24" hai3="60,47,61,14,87,30,31,84,45,81,90,7,63"/><V20/><F105/><W110/><G110/><T64/><D134/><U93/><E117/><V115/><F35/><W1/><G1/><T13/><D94/><U102/><E42/><V53/><F121/><N who="0" m="46666" /><D23/><U6/><E28/><V3/><F131/><W128/><G128/><T9/><D9/><U88/><E67/><V91/><F125/><W10/><REACH who="3" step="1"/><G84/><REACH who="3" ten="339,512,107,32" step="2"/><T16/><D12/><U126/><E15/><N who="2" m="9279" /><F3/><W57/><G57/><T8/><D69/><U66/><E126/><V26/><F119/><W78/><G78/><T112/><D13/><U52/><E77/><V96/><F116/><W95/><G95/><T44/><D107/><U118/><E93/><N who="2" m="56383" /><F73/><W122/><G122/><T75/><D75/><U135/><E74/><V43/><F26/><W127/><G127/><T132/><D25/><U92/><E106/><V46/><F24/><W11/><G11/><T82/><D8/><U56/><E118/><V62/><F80/><W18/><G18/><T86/><D16/><U113/><E104/><V0/><F83/><W99/><G99/><T79/><D97/><U58/><E92/><V48/><F0/><W33/><G33/><T100/><D34/><U41/><E4/><V27/><F27/><W22/><G22/><T111/><D82/><U51/><E5/><V109/><F21/><W76/><G76/><T38/><D79/><U39/><E6/><V85/><F109/><W2/><G2/><T32/><D111/><U65/><E56/><N who="2" m="35087" /><F85/><W40/><G40/><T124/><D86/><U129/><E41/><V133/><F133/><W89/><G89/><T50/><D132/><RYUUKYOKU ba="0,1" sc="339,-15,512,-15,107,15,32,15" hai2="43,46,48,115" hai3="7,10,14,30,31,45,47,60,61,63,81,87,90" /><INIT seed="6,1,1,0,0,63" ten="324,497,122,47" oya="2" hai0="127,87,110,126,119,6,16,88,10,32,123,34,29" hai1="24,44,100,75,39,68,116,129,86,108,118,76,46" hai2="43,120,53,121,96,27,57,85,38,12,45,0,21" hai3="17,125,62,31,81,98,54,73,33,102,65,23,66"/><V40/><F0/><W107/><G125/><N who="0" m="47627" /><D123/><U25/><E75/><V133/><F133/><W28/><G33/><T134/><D110/><U60/><E108/><V130/><F130/><W36/><G36/><T67/><D29/><U5/><E5/><V71/><F43/><W49/><G81/><N who="0" m="49263" /><D119/><U135/><E100/><V22/><F71/><W20/><G73/><T70/><D16/><U77/><E39/><V84/><F96/><W69/><G65/><T101/><D101/><U56/><E25/><V18/><F120/><W9/><G9/><T82/><D82/><U2/><E24/><V19/><F121/><W94/><G107/><T106/><D106/><U47/><E135/><V109/><F109/><W83/><G83/><T115/><D115/><U80/><E80/><V14/><REACH who="2" step="1"/><F27/><REACH who="2" ten="324,497,112,47" step="2"/><W105/><G105/><T13/><D134/><U93/><E129/><V30/><F30/><W103/><G103/><T11/><D70/><U104/><E68/><V124/><F124/><W37/><G37/><T35/><D13/><U72/><E2/><V89/><F89/><W74/><G28/><T15/><D15/><U112/><E116/><V26/><F26/><W95/><G31/><T111/><D111/><U51/><E118/><V122/><F122/><W8/><G98/><T59/><D6/><U92/><E112/><V7/><F7/><W79/><G102/><T52/><D35/><U58/><E77/><V4/><F4/><W3/><G3/><T61/><D34/><U114/><E76/><V1/><F1/><W64/><G69/><N who="0" m="42223" /><D32/><U55/><E114/><V90/><F90/><RYUUKYOKU ba="1,2" sc="324,15,497,-15,112,15,47,-15" hai0="10,11,52,59" hai2="12,14,18,19,21,22,38,40,45,53,57,84,85" /><INIT seed="6,2,2,1,5,56" ten="339,482,127,32" oya="2" hai0="64,1,95,6,37,106,81,7,69,78,39,117,13" hai1="97,63,47,27,85,92,119,51,23,16,65,25,71" hai2="5,66,14,17,40,54,33,126,19,98,79,115,96" hai3="76,104,50,60,58,135,86,116,99,61,26,113,48"/><V20/><F33/><W0/><G116/><T18/><D106/><U131/><E131/><V87/><F115/><W34/><G0/><T89/><D117/><U80/><E119/><V41/><F5/><W123/><G123/><T3/><D3/><U94/><E27/><V31/><F31/><W105/><G113/><T55/><D1/><U9/><E9/><V46/><F66/><W74/><G74/><T42/><D55/><U57/><E97/><N who="2" m="37483" /><F19/><W133/><G26/><T24/><D24/><U15/><E71/><V114/><F126/><W72/><G72/><T62/><D37/><U10/><E51/><N who="3" m="19498" /><G34/><T29/><D29/><N who="1" m="17599" /><E47/><V30/><F30/><W108/><G108/><T109/><D109/><U110/><E110/><V77/><F114/><W101/><G105/><T107/><D107/><U2/><E2/><V132/><F132/><N who="3" m="50763" /><G58/><T28/><D28/><U68/><E68/><V32/><F32/><W52/><G52/><T112/><D112/><U111/><E111/><V127/><F127/><W90/><G76/><AGARI ba="2,2" hai="10,15,16,57,63,65,76,80,85,92,94" m="17599" machi="76" ten="30,3900,0" yaku="8,1,52,1,54,1" doraHai="56" who="1" fromWho="3" sc="339,0,482,65,127,0,32,-45" owari="339,13.9,547,64.7,127,-27.3,-13,-51.3" /></mjloggm>