<mjloggm ver="2.3"><GO type="225" lobby="0"/><UN n0="%E3%83%96%E3%83%83%E3%83%91%E3%82%AA%E3%83%96%E3%83%81%E3%82%AD%E3%83%B3" n1="%E9%A6%AC%E5%BC%95%E7%81%AB%33" n2="%E3%81%99%E3%81%84%E3%81%BE%E3%81%9B%E3%83%BC%E3%82%93" n3="%E3%81%BF%E3%81%BF%E3%81%9A" dan="16,16,18,17" rate="2122.10,2124.12,2206.67,2262.32" sx="M,M,M,M"/><TAIKYOKU oya="0"/><INIT seed="0,0,0,3,3,72" ten="250,250,250,250" oya="0" hai0="7,48,4,16,2,15,28,135,117,17,74,21,9" hai1="88,124,34,50,69,99,55,100,12,127,1,45,25" hai2="64,118,92,60,70,132,126,5,73,78,38,39,96" hai3="123,125,18,8,129,19,108,3,97,36,68,61,31"/><T59/><D117/><U42/><E1/><V43/><F118/><W62/><G36/><T81/><D135/><U23/><E69/><V14/><F132/><W77/><G108/><T110/><D110/><U87/><E34/><V102/><F126/><N who="1" m="48169" /><E12/><V32/><F32/><W107/><G125/><T27/><D7/><U82/><E55/><V103/><F103/><W106/><G68/><T80/><D74/><U90/><E82/><V37/><F43/><W24/><G3/><T11/><REACH who="0" step="1"/><D28/><REACH who="0" ten="240,250,250,250" step="2"/><N who="1" m="17471" /><E87/><V86/><F73/><W44/><G31/><T58/><D58/><U71/><E71/><V128/><F86/><W113/><G113/><T119/><D119/><U84/><E84/><V79/><REACH who="2" step="1"/><F128/><REACH who="2" ten="240,250,240,250" step="2"/><W57/><G129/><T49/><D49/><U89/><E99/><V105/><F105/><W121/><G97/><T83/><D83/><U93/><E93/><V104/><F104/><W46/><G107/><T35/><D35/><U133/><E133/><V20/><F20/><W112/><G106/><T40/><D40/><U130/><E130/><V53/><F53/><AGARI ba="0,2" hai="2,4,9,11,15,16,17,21,27,48,53,59,80,81" machi="53" ten="40,3900,0" yaku="1,1,54,1,53,0" doraHai="72" doraHaiUra="85" who="0" fromWho="2" sc="240,59,250,0,240,-39,250,0" /><INIT seed="0,1,0,2,5,63" ten="299,250,201,250" oya="0" hai0="111,105,17,118,49,134,54,73,120,11,15,132,37" hai1="95,94,81,39,129,96,66,12,92,78,97,117,7" hai2="14,33,38,87,124,109,112,30,79,6,46,114,57" hai3="61,99,32,40,82,80,50,0,126,75,29,24,90"/><T116/><D73/><U135/><E117/><N who="0" m="45161" /><D105/><U113/><E39/><V91/><F124/><W84/><G126/><T42/><D120/><U123/><E123/><V9/><F109/><W100/><G0/><T101/><D101/><U53/><E129/><V122/><F122/><W26/><G26/><T76/><D76/><U5/><E135/><N who="0" m="51753" /><D111/><U16/><E113/><V47/><F79/><W77/><G50/><T58/><D37/><U67/><E53/><V88/><F38/><W98/><G40/><AGARI ba="1,0" hai="11,15,17,40,42,49,54,58" m="51753,45161" machi="40" ten="30,1500,0" yaku="20,1" doraHai="63" who="0" fromWho="3" sc="299,18,250,0,201,0,250,-18" /><INIT seed="0,2,0,5,2,47" ten="317,250,201,232" oya="0" hai0="13,77,7,88,129,61,116,21,86,35,75,123,24" hai1="57,63,34,84,22,97,25,108,50,100,109,107,19" hai2="2,106,114,15,72,5,110,79,94,36,126,124,23" hai3="1,26,112,103,11,73,125,48,81,16,58,33,9"/><T91/><D116/><U105/><E34/><V89/><F106/><W95/><G112/><T55/><D123/><U56/><E84/><V68/><F114/><W80/><G125/><N who="2" m="48233" /><F68/><W31/><G73/><T45/><D129/><U65/><E107/><V69/><F69/><W20/><G103/><T60/><D35/><U6/><E6/><V76/><F72/><W12/><G95/><T130/><D130/><U32/><E32/><V27/><F36/><W119/><G119/><T118/><D118/><U132/><E132/><V98/><F2/><W38/><G38/><T128/><D128/><U83/><E83/><V115/><F110/><N who="1" m="42601" /><E50/><V62/><F62/><N who="0" m="24170" /><D75/><U46/><E46/><V42/><F115/><W0/><G0/><T53/><D77/><U85/><E85/><V51/><F51/><W133/><G133/><T117/><D117/><U134/><E134/><V102/><F42/><W18/><G1/><T28/><D45/><U10/><E10/><N who="2" m="4559" /><F102/><W4/><G11/><N who="0" m="4351" /><D91/><U39/><E39/><V90/><F89/><W104/><G104/><T99/><D99/><U135/><E135/><V93/><F93/><AGARI ba="2,0" hai="21,24,28,53,55,86,88,93" m="4351,24170" machi="93" ten="30,2900,0" yaku="8,1,54,1" doraHai="47" who="0" fromWho="2" sc="317,35,250,0,201,-35,232,0" /><INIT seed="0,3,0,0,0,66" ten="352,250,166,232" oya="0" hai0="23,75,74,48,40,39,65,64,36,87,37,114,106" hai1="101,113,88,78,58,91,134,57,69,60,56,67,53" hai2="15,130,125,16,70,83,19,94,95,49,108,71,103" hai3="32,97,54,47,44,96,126,72,115,107,17,90,99"/><T6/><D106/><U100/><E134/><V45/><F108/><W104/><G115/><T0/><D114/><U62/><E113/><V131/><F125/><W110/><G72/><T135/><D135/><U3/><E3/><V80/><F103/><W33/><G90/><T35/><D35/><N who="3" m="13385" /><G54/><T46/><D87/><U129/><E129/><N who="2" m="49163" /><F95/><W76/><G17/><N who="2" m="6729" /><F94/><W63/><G63/><T120/><D120/><U30/><E30/><V133/><F15/><W112/><G76/><T4/><D23/><U123/><E123/><V2/><F2/><W12/><G12/><T119/><D119/><U117/><E117/><V84/><F133/><W21/><G21/><T127/><D127/><U29/><E29/><V52/><F83/><W41/><G112/><T92/><D92/><U28/><E28/><V124/><F124/><W34/><G34/><T43/><D0/><U68/><E57/><V111/><F111/><W132/><G126/><T42/><D46/><N who="3" m="17449" /><G132/><T86/><D86/><U98/><E78/><AGARI ba="3,0" hai="45,49,52,70,71,78,80,84" m="6729,49163" machi="78" ten="30,8000,1" yaku="19,1,52,2,54,2" doraHai="66" who="2" fromWho="1" sc="352,0,250,-89,166,89,232,0" /><INIT seed="1,0,0,1,3,15" ten="352,161,255,232" oya="1" hai0="6,18,115,86,75,45,125,39,77,93,129,54,58" hai1="24,106,55,16,59,37,84,113,96,95,78,2,76" hai2="100,12,9,11,124,25,38,36,118,103,67,7,47" hai3="60,72,128,127,80,68,41,21,132,122,92,56,19"/><U69/><E113/><V112/><F118/><W61/><G122/><T40/><D115/><U109/><E69/><V46/><F112/><W121/><G121/><T50/><D129/><U32/><E2/><V64/><F25/><W120/><G120/><T33/><D125/><U126/><E37/><V71/><F12/><W102/><G127/><T14/><D33/><U133/><E126/><V62/><F124/><W90/><G128/><T104/><D104/><U87/><E106/><V3/><F62/><W44/><G132/><T28/><D28/><U88/><E133/><V22/><F22/><W42/><G68/><T73/><D6/><U17/><E109/><V26/><F26/><N who="3" m="14655" /><G72/><T48/><D39/><U52/><E32/><V130/><F71/><W97/><G44/><T123/><D123/><U108/><E108/><V135/><F135/><W20/><G20/><N who="0" m="11351" /><D77/><N who="1" m="29803" /><E24/><V5/><REACH who="2" step="1"/><F130/><REACH who="2" ten="352,161,245,232" step="2"/><W29/><G29/><T10/><D10/><U23/><E23/><V107/><F107/><W74/><G61/><T30/><D30/><U79/><E55/><V110/><F110/><W63/><G60/><T82/><D75/><U31/><E31/><V134/><F134/><W43/><G74/><T65/><D73/><U13/><E13/><V53/><F53/><N who="3" m="34191" /><G41/><T34/><D34/><U98/><E17/><V57/><F57/><W111/><G111/><T116/><D116/><U89/><E16/><V85/><F85/><AGARI ba="0,1" hai="42,43,80,85,90,92,97,102" m="34191,14655" machi="85" ten="30,2000,0" yaku="8,1,52,1" doraHai="15" who="3" fromWho="2" sc="352,0,161,0,245,-20,232,30" /><INIT seed="2,0,0,1,0,58" ten="352,161,225,262" oya="2" hai0="85,32,128,106,99,108,75,89,93,61,46,78,82" hai1="94,122,69,121,7,131,110,126,26,105,124,10,38" hai2="62,60,33,14,77,67,44,125,87,66,34,113,90" hai3="96,129,109,11,97,101,19,21,12,2,107,70,42"/><V115/><F125/><N who="1" m="48233" /><E105/><V65/><F77/><W59/><G109/><T51/><D108/><U92/><E69/><V31/><F14/><W76/><G70/><T120/><D120/><N who="1" m="46187" /><E110/><V54/><F34/><W100/><G129/><T102/><D128/><U24/><E131/><V130/><F130/><W9/><G2/><T57/><D32/><U17/><E94/><V48/><F31/><W73/><G42/><T47/><D51/><U6/><E92/><V103/><F33/><W114/><G114/><T64/><AGARI ba="0,0" hai="46,47,57,61,64,75,78,82,85,89,93,99,102,106" machi="64" ten="20,8000,1" yaku="0,1,7,1,24,2,52,1" doraHai="58" who="0" fromWho="0" sc="352,80,161,-20,225,-40,262,-20" /><INIT seed="3,0,0,1,4,99" ten="432,141,185,242" oya="3" hai0="115,42,93,28,74,34,118,128,51,92,30,129,31" hai1="0,53,2,122,124,76,83,19,44,82,8,112,50" hai2="56,126,4,70,24,119,3,130,132,55,15,90,114" hai3="109,27,131,98,26,60,23,16,52,123,37,96,39"/><W84/><G123/><T11/><D118/><U87/><E112/><V104/><F3/><W91/><G131/><N who="0" m="50251" /><D115/><U35/><E122/><V63/><F114/><W48/><G109/><T61/><D74/><U79/><E124/><V78/><F119/><W75/><G75/><T25/><D11/><U89/><E35/><V57/><F104/><W117/><G98/><T88/><D61/><U81/><E0/><V67/><F70/><W47/><G117/><T9/><D9/><U22/><E2/><V36/><F36/><W68/><G96/><N who="0" m="57351" /><D93/><U10/><E10/><V107/><F107/><W120/><G120/><T105/><D105/><U49/><E49/><V85/><F126/><W80/><G27/><T59/><D59/><U64/><E64/><V29/><F24/><W116/><G116/><T86/><D86/><U17/><E8/><V133/><F67/><W95/><G95/><T46/><AGARI ba="0,0" hai="25,28,30,31,34,42,46,51" m="57351,50251" machi="46" ten="30,2000,0" yaku="19,1,54,1" doraHai="99" who="0" fromWho="0" sc="432,20,141,-5,185,-5,242,-10" owari="452,55.2,136,-36.4,180,-22.0,232,3.2" /></mjloggm>