<mjloggm ver="2.3"><GO type="169" lobby="0"/><UN n0="%E3%81%94%E3%82%8B%E3%81%AF%E3%82%80%33%30" n1="%74%6B%34%32" n2="%5B%5B%79%75%79%75%5D%5D" n3="%73%61%6E%67%6F%64%64%6F" dan="17,16,16,17" rate="2188.18,2110.98,2124.69,2186.17" sx="F,M,M,M"/><TAIKYOKU oya="0"/><INIT seed="0,0,0,4,0,112" ten="250,250,250,250" oya="0" hai0="17,135,6,57,60,72,16,88,92,134,20,58,76" hai1="38,55,31,39,132,91,1,49,109,81,10,34,101" hai2="3,23,61,12,36,54,117,35,64,71,121,105,126" hai3="65,25,118,48,133,98,107,110,8,63,40,11,30"/><T97/><D6/><U82/><E109/><V28/><F121/><W74/><G110/><T68/><D68/><U41/><E132/><N who="0" m="50729" /><D72/><U46/><E34/><V75/><F3/><W9/><G74/><T122/><D122/><U44/><E31/><V86/><F75/><W19/><G40/><T96/><D76/><U62/><E39/><V108/><F36/><W69/><G48/><T52/><D97/><U53/><E101/><V120/><F108/><W115/><G115/><T89/><D89/><U24/><E24/><V33/><F120/><W51/><G51/><N who="0" m="30879" /><D20/><U5/><E91/><V2/><F2/><W70/><G70/><T37/><D37/><U47/><E47/><V130/><F105/><W131/><G131/><T124/><D124/><U103/><E103/><V114/><F130/><W95/><G133/><T125/><D125/><U14/><E1/><V42/><F126/><W80/><G107/><T27/><D27/><U85/><E62/><V26/><F114/><W77/><G98/><T111/><D111/><U13/><E14/><V73/><F73/><W29/><G95/><T113/><D113/><U21/><E21/><V94/><F35/><W4/><G4/><T84/><D96/><U128/><E128/><V119/><F33/><W15/><G25/><T43/><D43/><N who="1" m="24735" /><E85/><V66/><F71/><W99/><G99/><T18/><D18/><U45/><E82/><V104/><F104/><W90/><G90/><T7/><D7/><U127/><E81/><V93/><F117/><W22/><G118/><T0/><D0/><U100/><E127/><V87/><F119/><RYUUKYOKU type="nm" ba="0,0" sc="250,-40,250,-20,250,80,250,-20" hai0="16,17,58,60,84,88,92" hai3="8,9,11,15,19,22,29,30,63,65,69,77,80" /><INIT seed="0,1,0,5,0,108" ten="210,230,330,230" oya="0" hai0="135,41,78,61,10,62,86,9,34,70,31,3,54" hai1="43,14,97,102,132,109,5,107,123,134,119,124,49" hai2="27,106,77,112,52,53,111,6,25,131,83,24,114" hai3="121,120,33,80,72,115,126,55,105,76,29,85,63"/><T100/><D135/><N who="1" m="51755" /><E119/><V28/><F106/><W68/><G105/><T56/><D41/><U51/><E123/><N who="3" m="47178" /><G126/><T90/><D78/><U23/><E124/><V59/><F111/><W15/><G15/><T32/><D100/><U75/><E75/><V35/><F131/><W93/><G29/><T26/><D34/><U17/><E109/><V57/><F6/><W103/><G33/><T0/><D0/><U92/><E43/><V39/><F39/><W87/><G115/><T45/><D45/><U129/><E129/><V113/><F35/><W30/><G30/><T122/><D3/><U19/><E5/><V116/><F28/><W82/><G55/><T58/><D70/><U104/><E19/><V13/><F13/><W38/><G38/><T71/><D71/><U7/><E7/><V8/><F8/><W18/><G18/><T96/><D96/><N who="1" m="61511" /><E107/><V65/><F116/><W1/><G1/><T89/><D122/><U98/><E98/><V117/><F117/><W50/><G103/><AGARI ba="1,0" hai="14,17,23,49,51,92,97,103" m="61511,51755" machi="103" ten="30,1000,0" yaku="20,1" doraHai="108" who="1" fromWho="3" sc="210,0,230,13,330,0,230,-13" /><INIT seed="1,0,0,2,4,1" ten="210,243,330,217" oya="1" hai0="56,65,118,117,63,57,55,126,41,12,19,80,99" hai1="98,86,21,33,22,13,24,85,107,0,49,74,2" hai2="28,113,133,97,90,128,18,43,37,69,129,50,16" hai3="115,31,123,124,120,89,110,59,45,106,132,51,15"/><U71/><E74/><V42/><F69/><W92/><G115/><T14/><D126/><U130/><E130/><N who="2" m="50283" /><F28/><W70/><G70/><T61/><D41/><U122/><E122/><V4/><F37/><W81/><G106/><T93/><D80/><U68/><E49/><V11/><F133/><W114/><G114/><T46/><D46/><U127/><E127/><V101/><F90/><W66/><G124/><T26/><D26/><U30/><E68/><V75/><F75/><W23/><G110/><T3/><D3/><U25/><E71/><V17/><F50/><W77/><G59/><T102/><REACH who="0" step="1"/><D12/><REACH who="0" ten="200,243,330,217" step="2"/><U52/><E2/><N who="2" m="407" /><F113/><W67/><G123/><T131/><D131/><U91/><E0/><V119/><F119/><W96/><G15/><T53/><D53/><U105/><E52/><V54/><F54/><W60/><G120/><T73/><D73/><U5/><E24/><V82/><F82/><W27/><G132/><T58/><D58/><U72/><E72/><V78/><F78/><W9/><G81/><T87/><D87/><U8/><E85/><V38/><F38/><W104/><G77/><T116/><D116/><U6/><E86/><V76/><F76/><W48/><G27/><T125/><D125/><U100/><E33/><V111/><F111/><W108/><G108/><T64/><D64/><U79/><E79/><V36/><F36/><W88/><G66/><T134/><D134/><U135/><E135/><V7/><F43/><W35/><G67/><T20/><AGARI ba="0,1" hai="14,19,20,55,56,57,61,63,65,93,99,102,117,118" machi="20" ten="20,5200,0" yaku="1,1,0,1,7,1,53,1" doraHai="1" doraHaiUra="62" who="0" fromWho="0" sc="200,62,243,-26,330,-13,217,-13" /><INIT seed="2,0,0,4,4,57" ten="262,217,317,204" oya="2" hai0="119,121,78,23,113,34,58,112,11,1,28,75,69" hai1="21,12,77,26,52,111,9,72,61,92,7,89,20" hai2="22,101,48,31,109,47,105,62,79,90,103,64,132" hai3="37,125,18,129,95,56,108,83,36,14,85,5,135"/><V96/><F132/><W91/><G108/><T42/><D121/><U4/><E111/><V0/><F0/><W133/><G125/><T74/><D69/><U68/><E72/><V38/><F38/><W126/><G126/><T13/><D42/><U45/><E77/><V107/><F109/><W41/><G129/><T3/><D119/><U124/><E124/><V87/><F79/><W123/><G123/><T63/><D34/><U131/><E131/><V66/><F66/><W93/><G5/><T71/><D71/><U102/><E102/><V16/><F31/><W10/><G41/><T94/><D1/><U65/><E7/><V122/><F122/><W88/><G83/><T24/><D3/><U84/><REACH who="1" step="1"/><E26/><REACH who="1" ten="262,207,317,204" step="2"/><V118/><F103/><W104/><G133/><T80/><D74/><U76/><E76/><V127/><F127/><W39/><G135/><T32/><D75/><U114/><E114/><V40/><F118/><W19/><G104/><T2/><D78/><U134/><E134/><V60/><F107/><W59/><REACH who="3" step="1"/><G18/><REACH who="3" ten="262,207,317,194" step="2"/><T15/><D113/><U70/><E70/><V128/><F128/><W73/><G73/><T100/><D112/><U43/><E43/><V44/><F40/><W55/><G55/><T49/><D2/><U8/><E8/><V117/><F105/><W81/><G81/><T17/><D80/><U53/><E53/><V30/><F117/><W130/><G130/><T50/><D11/><U33/><E33/><V51/><F64/><W99/><AGARI ba="0,2" hai="10,14,19,36,37,39,56,59,85,88,91,93,95,99" machi="99" ten="30,8000,1" yaku="1,1,0,1,54,1,53,2" doraHai="57" doraHaiUra="54" who="3" fromWho="3" sc="262,-20,207,-20,317,-40,194,100" /><INIT seed="3,0,0,0,5,64" ten="242,187,277,294" oya="3" hai0="83,97,24,90,13,127,31,60,11,9,122,35,115" hai1="74,17,95,112,93,111,102,78,124,0,45,109,99" hai2="123,36,89,70,3,88,108,98,92,116,40,132,121" hai3="16,15,94,128,79,21,73,87,134,20,96,25,19"/><W8/><G128/><T51/><D122/><U14/><E112/><V105/><F3/><W41/><G134/><T23/><D115/><U68/><E0/><V135/><F116/><W6/><G73/><T71/><D127/><U29/><E29/><V27/><F105/><W62/><G41/><T86/><D51/><U66/><E124/><V54/><F108/><N who="1" m="41545" /><E45/><V114/><F114/><W34/><G34/><T57/><D71/><U32/><E32/><V113/><F113/><W12/><G62/><T130/><D130/><U104/><E78/><V125/><F125/><W129/><G129/><T26/><D97/><U30/><E30/><V126/><F126/><W38/><G38/><T103/><D103/><U119/><E74/><V49/><F40/><W110/><G110/><T65/><REACH who="0" step="1"/><D13/><REACH who="0" ten="232,187,277,294" step="2"/><U53/><E119/><V84/><F36/><W33/><G96/><T77/><D77/><U106/><E106/><V28/><F70/><W72/><G79/><T47/><D47/><U58/><E58/><V101/><F101/><W7/><G72/><T1/><D1/><U63/><E53/><V118/><F118/><W131/><G131/><T133/><D133/><N who="2" m="51274" /><F49/><W75/><G75/><T56/><D56/><U85/><E85/><V67/><F54/><W18/><G33/><T80/><D80/><U43/><E43/><V82/><F67/><W69/><G69/><T4/><D4/><U2/><E2/><V5/><F5/><N who="3" m="1547" /><G87/><T120/><D120/><U50/><E50/><V37/><F37/><W44/><G44/><T55/><D55/><U117/><E117/><V81/><F81/><RYUUKYOKU ba="0,1" sc="232,0,187,0,277,0,294,0" hai0="9,11,23,24,26,31,35,57,60,65,83,86,90" hai1="14,17,63,66,68,93,95,99,102,104" hai2="27,28,82,84,88,89,92,98,121,123" hai3="8,12,15,16,18,19,20,21,25,94" /><INIT seed="3,1,1,0,1,72" ten="232,187,277,294" oya="3" hai0="119,43,66,23,45,98,135,18,25,109,37,124,105" hai1="117,130,20,108,12,44,90,31,21,82,115,64,118" hai2="65,134,129,50,62,47,41,125,17,51,120,96,53" hai3="127,123,87,6,29,116,42,39,2,40,99,75,48"/><W55/><G116/><N who="1" m="44650" /><E115/><V84/><F125/><W93/><G123/><T80/><D119/><U122/><E122/><V59/><F120/><W83/><G75/><T36/><D124/><U112/><E112/><V86/><F129/><W128/><G127/><T57/><D109/><U106/><E106/><V67/><F134/><W114/><G114/><T70/><D70/><U1/><E1/><V52/><F96/><W76/><G128/><T113/><D113/><U28/><E64/><V22/><F67/><W103/><G39/><T34/><D135/><U107/><E107/><V60/><F62/><W13/><G29/><N who="1" m="11338" /><E108/><V133/><F133/><W121/><G2/><T88/><D34/><U16/><E44/><V94/><F94/><W26/><G26/><T132/><D132/><U11/><E130/><V78/><F78/><W100/><G100/><T27/><D27/><U92/><E82/><V9/><F9/><N who="3" m="4279" /><G121/><T46/><D105/><U111/><E111/><V74/><F74/><W24/><G24/><T7/><D25/><U71/><E71/><V32/><F32/><W61/><G61/><T54/><D37/><U69/><E69/><V49/><F49/><W68/><G68/><T85/><D36/><U35/><E35/><V126/><F126/><W91/><G103/><T79/><D80/><U3/><E3/><V58/><F41/><W81/><G81/><T33/><D43/><U15/><E15/><AGARI ba="1,1" hai="15,17,22,47,50,51,52,53,58,59,60,65,84,86" machi="15" ten="30,3900,0" yaku="7,1,8,1,54,1" doraHai="72" who="2" fromWho="1" sc="232,0,187,-42,277,52,294,0" /><INIT seed="4,0,0,3,3,9" ten="232,145,329,294" oya="0" hai0="67,134,99,117,91,16,7,49,131,6,45,65,18" hai1="135,17,78,5,3,95,56,111,55,126,27,120,22" hai2="2,112,36,42,107,31,48,80,29,35,39,108,58" hai3="83,74,34,102,118,76,122,52,24,129,96,63,93"/><T123/><D117/><U0/><E111/><V75/><F108/><W19/><G118/><T72/><D72/><U53/><E120/><V127/><F107/><W21/><G129/><T85/><D123/><U50/><E135/><V25/><F127/><W30/><G122/><T62/><D99/><U92/><E126/><V90/><F112/><W15/><G63/><T28/><D28/><U116/><E116/><V119/><F29/><W84/><REACH who="3" step="1"/><G52/><REACH who="3" ten="232,145,329,284" step="2"/><N who="0" m="29743" /><D131/><U64/><E64/><N who="0" m="24649" /><D62/><U115/><E115/><V70/><F119/><W73/><AGARI ba="0,1" hai="15,19,21,24,30,34,73,74,76,83,84,93,96,102" machi="73" ten="30,7900,0" yaku="1,1,0,1,52,1,53,1" doraHai="9" doraHaiUra="10" who="3" fromWho="3" sc="232,-39,145,-20,329,-20,284,89" /><INIT seed="5,0,0,2,0,119" ten="193,125,309,373" oya="1" hai0="86,130,46,101,23,35,129,45,120,52,113,72,37" hai1="96,53,50,71,100,91,5,19,112,22,67,58,116" hai2="134,78,43,59,98,128,97,118,92,65,108,7,56" hai3="122,99,4,90,26,9,117,33,51,36,0,49,40"/><U114/><E116/><V87/><F118/><W42/><G117/><T20/><D35/><U3/><E91/><V12/><F108/><W13/><G122/><T85/><D72/><U105/><E5/><V111/><F111/><W84/><G99/><T16/><D113/><U93/><E3/><V126/><F126/><W54/><G49/><N who="0" m="28719" /><D101/><U25/><E105/><V133/><F128/><N who="0" m="49258" /><D23/><U127/><E127/><V66/><F43/><W44/><G13/><N who="0" m="9231" /><D120/><U82/><E82/><V1/><F1/><W47/><G26/><T10/><D10/><U79/><E79/><V18/><F12/><W60/><G33/><T29/><D29/><U34/><E34/><V68/><F7/><W123/><G123/><T121/><D121/><U125/><E125/><V76/><F18/><W124/><G124/><T32/><D32/><U57/><E71/><V31/><F31/><W14/><G14/><T8/><D8/><U77/><E77/><V107/><F107/><W48/><G9/><T109/><D109/><U27/><REACH who="1" step="1"/><E25/><REACH who="1" ten="193,115,309,373" step="2"/><V135/><F68/><W6/><G4/><T75/><D75/><U94/><E94/><V21/><F134/><W39/><G6/><T83/><D83/><U104/><E104/><V95/><F21/><W2/><G0/><T63/><D86/><AGARI ba="0,1" hai="56,59,65,66,76,78,86,87,92,95,97,98,133,135" machi="86" ten="25,1600,0" yaku="22,2" doraHai="119" who="2" fromWho="0" sc="193,-16,115,0,309,26,373,0" /><INIT seed="6,0,0,3,0,80" ten="177,115,335,373" oya="2" hai0="130,110,84,129,27,63,91,108,28,111,92,78,5" hai1="3,45,116,34,6,75,67,43,102,50,103,124,65" hai2="120,93,56,114,24,66,73,29,48,76,2,30,115" hai3="41,25,82,98,8,15,85,20,32,1,23,52,106"/><V89/><F120/><W68/><G68/><T79/><D5/><U122/><E116/><V46/><F2/><W17/><G41/><T36/><D63/><U134/><E122/><V61/><F76/><W119/><G119/><T35/><REACH who="0" step="1"/><D36/><REACH who="0" ten="167,115,335,373" step="2"/><U105/><E134/><V54/><F73/><W95/><G1/><T18/><D18/><U135/><E135/><V77/><F77/><AGARI ba="0,1" hai="27,28,35,77,78,79,84,91,92,108,110,111,129,130" machi="77" ten="50,6400,0" yaku="1,1,52,1,53,1" doraHai="80" doraHaiUra="81" who="0" fromWho="2" sc="167,74,115,0,335,-64,373,0" /><INIT seed="7,0,0,0,2,27" ten="241,115,271,373" oya="3" hai0="15,72,118,14,89,88,78,76,64,79,80,67,57" hai1="10,124,104,132,8,65,61,111,9,48,1,52,122" hai2="12,16,58,73,46,38,49,117,53,24,107,103,126" hai3="13,20,129,116,51,60,91,34,55,75,25,19,50"/><W54/><G116/><T41/><D118/><U59/><E122/><V115/><F117/><W87/><G75/><T29/><D41/><U92/><E111/><V97/><F126/><W131/><G34/><T18/><D72/><U36/><E104/><V0/><F115/><W114/><G114/><T71/><D71/><U110/><E110/><V43/><F73/><W32/><G32/><T26/><D14/><U6/><E124/><V70/><F0/><W63/><G25/><T94/><D80/><U56/><E132/><V28/><F70/><W44/><G60/><T120/><D120/><U2/><E2/><V123/><F123/><W39/><G63/><T98/><D89/><U100/><E36/><V30/><REACH who="2" step="1"/><F24/><REACH who="2" ten="241,115,261,373" step="2"/><W105/><G129/><T130/><D130/><U83/><E83/><V45/><F45/><W35/><G131/><T125/><D57/><U42/><E42/><V106/><F106/><W40/><G105/><T33/><REACH who="0" step="1"/><D125/><REACH who="0" ten="231,115,261,373" step="2"/><U135/><E135/><V37/><F37/><W113/><G39/><T74/><D74/><U4/><REACH who="1" step="1"/><E1/><REACH who="1" ten="231,105,261,373" step="2"/><V81/><F81/><W82/><G82/><T112/><D112/><U85/><E85/><V3/><F3/><W66/><G87/><T21/><AGARI ba="0,3" hai="15,18,21,26,29,33,64,67,76,78,79,88,94,98" machi="21" ten="30,8000,1" yaku="1,1,0,1,52,1,54,1,53,1" doraHai="27" doraHaiUra="11" who="0" fromWho="0" sc="231,110,105,-20,261,-20,373,-40" owari="341,44.1,85,-41.5,241,-15.9,333,13.3" /></mjloggm>