<mjloggm ver="2.3"><GO type="169" lobby="0"/><UN n0="%E6%99%82%E8%A8%88%E5%9D%82%E9%9B%B6" n1="%E5%A7%AB%E7%95%99" n2="%53%6F%6C%69%64" n3="%E3%83%95%E3%83%AB%E3%82%BC%E3%83%B3%E3%83%84%E3%81%8F%E3%82%93" dan="16,16,17,16" rate="2148.43,2129.23,2176.86,2185.20" sx="M,M,M,F"/><TAIKYOKU oya="0"/><INIT seed="0,0,0,1,4,66" ten="250,250,250,250" oya="0" hai0="6,69,122,78,104,96,89,135,7,60,9,52,59" hai1="110,8,100,77,126,125,87,90,4,46,1,11,76" hai2="14,81,63,53,48,38,130,106,62,3,79,49,44" hai3="113,43,64,50,131,41,118,34,111,65,21,74,33"/><T27/><D122/><U119/><E119/><V70/><F3/><W20/><G118/><T40/><D135/><U112/><E110/><V32/><F32/><W58/><G111/><T15/><D78/><U120/><E120/><V86/><F106/><W127/><G58/><T99/><D99/><U67/><E100/><V18/><F130/><W54/><G50/><T93/><D104/><U26/><E112/><V129/><F129/><W5/><G131/><T73/><D73/><U45/><E67/><V25/><F25/><W10/><G74/><T19/><D69/><U2/><E26/><V102/><F102/><W108/><G108/><T42/><REACH who="0" step="1"/><D27/><REACH who="0" ten="240,250,250,250" step="2"/><U88/><REACH who="1" step="1"/><E87/><REACH who="1" ten="240,240,250,250" step="2"/><V51/><F86/><W24/><G24/><T61/><D61/><U23/><E23/><V123/><F123/><W91/><G21/><T12/><D12/><U37/><E37/><V56/><F38/><W128/><G20/><T13/><D13/><U107/><E107/><V132/><F62/><W105/><G105/><T35/><D35/><U80/><E80/><V134/><F81/><W114/><G128/><T115/><D115/><U97/><E97/><V30/><F14/><W16/><G34/><T75/><D75/><U82/><E82/><V95/><F63/><W103/><G33/><T117/><D117/><U28/><E28/><V36/><F30/><W83/><G83/><T85/><D85/><U68/><E68/><V101/><F70/><W39/><G39/><T121/><D121/><U98/><E98/><V29/><F36/><W0/><G114/><T72/><D72/><U116/><E116/><RYUUKYOKU ba="0,2" sc="240,15,240,15,250,-15,250,-15" hai0="6,7,9,15,19,40,42,52,59,60,89,93,96" hai1="1,2,4,8,11,45,46,76,77,88,90,125,126" /><INIT seed="0,1,2,0,5,28" ten="255,255,235,235" oya="0" hai0="86,101,21,5,13,107,132,120,6,56,63,66,116" hai1="15,67,128,102,131,31,103,65,75,89,38,127,23" hai2="117,96,17,62,104,85,45,42,84,43,124,82,24" hai3="122,50,25,36,125,74,105,108,54,57,0,44,2"/><T22/><D116/><U9/><E38/><V87/><F124/><W30/><G125/><T78/><D120/><U40/><E40/><V121/><F121/><W14/><G122/><T35/><D35/><U81/><E127/><V83/><F117/><W52/><G74/><T12/><D132/><U8/><E23/><N who="0" m="8713" /><D101/><N who="1" m="38411" /><E31/><V114/><F114/><W39/><G105/><T106/><D106/><U29/><E29/><V4/><F104/><W76/><G76/><T61/><D61/><U129/><E9/><V46/><F96/><W19/><G108/><T20/><D107/><U47/><E47/><V133/><F133/><W91/><G91/><T112/><D112/><U37/><E37/><V126/><F62/><W16/><G39/><T130/><D130/><U10/><E10/><V32/><F126/><W34/><G36/><T27/><D27/><U33/><E33/><V94/><F32/><W123/><G123/><T115/><D115/><U97/><E75/><V3/><F24/><W98/><G19/><N who="0" m="10343" /><D13/><U73/><E73/><V111/><F3/><W109/><G109/><T60/><D60/><U95/><E81/><AGARI ba="1,2" hai="5,6,56,63,66,78,81,86" m="10343,8713" machi="81" ten="30,1500,0" yaku="8,1" doraHai="28" who="0" fromWho="1" sc="255,38,255,-18,235,0,235,0" /><INIT seed="0,2,0,1,2,89" ten="293,237,235,235" oya="0" hai0="88,126,116,91,65,85,111,18,132,130,42,80,63" hai1="20,121,86,0,55,77,100,34,133,107,62,7,2" hai2="10,30,122,135,70,92,95,99,113,120,93,43,102" hai3="22,110,60,8,9,115,26,96,24,97,53,67,27"/><T125/><D116/><U48/><E62/><V131/><F70/><W52/><G115/><T103/><D103/><U37/><E34/><V47/><F113/><W82/><G110/><T29/><D29/><U41/><E41/><V12/><F30/><W98/><G22/><T64/><D132/><U117/><E37/><V32/><F32/><W36/><G36/><T134/><D134/><U45/><E20/><V76/><F135/><W79/><G9/><T90/><D42/><U108/><E7/><V56/><F131/><W87/><REACH who="3" step="1"/><G8/><REACH who="3" ten="293,237,235,225" step="2"/><T105/><D111/><U118/><E108/><V39/><F76/><W21/><G21/><T123/><D130/><U75/><E77/><V106/><REACH who="2" step="1"/><F56/><AGARI ba="2,1" hai="24,26,27,52,53,56,60,67,79,82,87,96,97,98" machi="56" ten="40,5200,0" yaku="1,1,8,1,54,1,53,0" doraHai="89" doraHaiUra="33" who="3" fromWho="2" sc="293,0,237,0,235,-58,225,68" /><INIT seed="1,0,0,3,5,18" ten="293,237,177,293" oya="1" hai0="96,34,84,90,125,44,2,118,102,13,26,86,113" hai1="134,23,24,126,1,42,127,108,27,20,9,72,76" hai2="132,117,124,54,64,52,123,68,56,133,110,131,79" hai3="67,91,100,5,45,39,37,11,40,103,94,77,106"/><U36/><E72/><V74/><F79/><W105/><G67/><T95/><D2/><U4/><E76/><V66/><F74/><W88/><G77/><T28/><D113/><U119/><E119/><V6/><F6/><W122/><G122/><T49/><D118/><U80/><E80/><V97/><F97/><W22/><G39/><T16/><D125/><N who="1" m="47627" /><E134/><N who="2" m="51819" /><F124/><W116/><G116/><T112/><D112/><U15/><E108/><V98/><F98/><W99/><G91/><T14/><D14/><U109/><E109/><V89/><F89/><W71/><G71/><T111/><D111/><U32/><E42/><V73/><F73/><W62/><G62/><T92/><D102/><U78/><E78/><V129/><F117/><W65/><G65/><N who="2" m="25193" /><F110/><W58/><G58/><T120/><D120/><U51/><E36/><V8/><F8/><W31/><G103/><T53/><REACH who="0" step="1"/><D95/><REACH who="0" ten="283,237,177,293" step="2"/><U104/><E104/><V85/><F123/><W87/><G106/><T115/><D115/><U30/><E1/><V59/><F68/><W83/><G105/><T114/><D114/><U48/><E32/><V0/><F0/><W55/><G94/><T57/><D57/><N who="2" m="22090" /><F85/><W21/><G100/><T17/><D17/><AGARI ba="0,1" hai="4,9,15,17,20,23,24,27,30,48,51" m="47627" machi="17" ten="30,5800,0" yaku="18,1,52,2" doraHai="18" who="1" fromWho="0" sc="283,-58,237,68,177,0,293,0" /><INIT seed="1,1,0,4,3,31" ten="225,305,177,293" oya="1" hai0="13,71,84,78,58,79,57,99,10,30,118,120,113" hai1="73,59,50,14,11,134,18,48,104,81,135,68,64" hai2="119,15,20,17,88,126,114,117,34,16,72,93,53" hai3="60,43,89,96,35,130,125,65,52,61,123,133,28"/><U32/><E104/><V124/><F72/><W110/><G123/><T83/><D71/><U45/><E68/><V111/><F111/><W54/><G110/><T86/><D113/><U69/><E69/><V106/><F106/><W36/><G89/><T77/><D118/><N who="2" m="45066" /><F53/><W127/><G96/><T82/><D120/><U19/><E19/><N who="2" m="10367" /><F114/><W116/><G116/><T92/><D30/><U90/><E45/><V131/><F131/><W27/><G130/><T29/><D29/><U44/><E44/><V105/><F105/><W55/><G133/><N who="1" m="50698" /><E73/><V91/><F91/><W101/><G101/><N who="0" m="60647" /><D77/><U1/><E64/><V33/><F93/><W39/><G43/><T62/><D62/><N who="3" m="24169" /><G65/><T23/><D23/><N who="1" m="11735" /><E59/><V3/><F88/><W102/><G102/><T70/><D70/><U46/><E90/><V37/><F37/><W76/><G76/><T94/><D94/><U56/><E81/><V128/><F128/><W87/><G87/><T40/><D40/><U98/><E98/><V95/><F95/><W107/><G107/><T63/><D63/><U0/><E56/><V66/><F66/><W4/><G39/><T121/><D121/><U5/><E46/><V6/><F17/><AGARI ba="1,0" hai="10,13,17,57,58,78,79,82,83,84,86" m="60647" machi="17" ten="30,1000,0" yaku="8,1" doraHai="31" who="0" fromWho="2" sc="225,13,305,0,177,-13,293,0" /><INIT seed="2,0,0,2,3,50" ten="238,305,164,293" oya="2" hai0="43,2,72,47,120,66,60,5,123,46,101,54,45" hai1="77,11,69,127,40,103,113,80,116,55,132,59,24" hai2="17,88,106,129,111,41,22,20,125,13,36,107,135" hai3="34,100,134,99,122,49,131,94,85,61,58,14,64"/><V8/><F125/><W52/><G134/><T109/><D72/><U97/><E69/><V51/><F36/><W25/><G131/><T117/><D101/><U119/><E113/><V67/><F135/><W70/><G122/><N who="0" m="46635" /><D5/><U95/><E132/><V130/><F67/><W110/><G110/><T128/><D2/><U19/><E40/><V87/><F111/><W112/><G112/><T74/><D74/><U83/><E83/><V32/><F32/><W76/><G14/><T9/><D9/><U133/><E127/><V23/><F41/><W79/><REACH who="3" step="1"/><G85/><REACH who="3" ten="238,305,164,283" step="2"/><T75/><D75/><U81/><E133/><V7/><F7/><W53/><G53/><T37/><D109/><U15/><E55/><V98/><F51/><W28/><AGARI ba="0,1" hai="25,28,34,49,52,58,61,64,70,76,79,94,99,100" machi="28" ten="30,7900,0" yaku="1,1,0,1,52,1,54,1,53,0" doraHai="50" doraHaiUra="42" who="3" fromWho="3" sc="238,-20,305,-20,164,-39,283,89" /><INIT seed="3,0,0,3,5,83" ten="218,285,125,372" oya="3" hai0="110,77,58,78,26,11,90,100,54,97,101,84,126" hai1="30,87,4,96,50,104,5,29,82,86,125,106,120" hai2="98,70,114,21,56,67,71,94,113,117,81,133,35" hai3="93,118,107,123,102,127,46,34,32,124,16,19,53"/><W128/><G118/><T134/><D110/><U25/><E120/><V37/><F35/><W1/><G123/><T44/><D134/><U61/><E50/><V60/><F117/><W38/><G107/><T122/><D126/><N who="3" m="48169" /><G1/><T108/><D108/><U47/><E47/><V41/><F133/><W111/><G111/><T75/><D75/><U33/><E125/><V36/><F21/><W99/><G128/><T69/><D69/><U89/><E30/><V88/><F81/><W9/><G53/><T51/><D122/><U31/><E31/><V62/><F70/><W43/><G9/><T24/><D11/><U72/><E72/><V40/><F40/><W65/><G65/><T22/><D44/><U80/><E61/><V85/><F98/><W42/><G42/><T13/><D13/><U92/><E104/><V105/><F105/><W132/><G132/><T119/><D119/><U57/><E106/><V14/><F14/><W18/><AGARI ba="0,0" hai="16,18,19,32,34,38,43,46,93,99,102" m="48169" machi="18" ten="30,3000,0" yaku="18,1,54,1" doraHai="83" who="3" fromWho="3" sc="218,-10,285,-10,125,-10,372,30" /><INIT seed="3,1,0,0,5,87" ten="208,275,115,402" oya="3" hai0="47,119,110,44,23,53,107,98,116,77,132,131,121" hai1="46,6,118,97,109,95,57,93,108,42,12,5,76" hai2="7,1,134,0,74,51,22,29,79,15,80,33,104" hai3="88,83,16,115,55,62,60,31,99,8,17,27,56"/><W129/><G115/><T91/><D121/><U72/><E118/><V41/><F104/><W126/><G126/><T37/><D110/><N who="1" m="42603" /><E12/><V73/><F134/><W94/><G129/><T92/><D131/><U124/><E124/><V125/><F125/><W105/><G105/><T114/><D132/><U14/><E14/><V58/><F33/><W84/><G8/><T82/><D114/><U103/><E93/><V45/><F73/><W86/><G86/><T113/><D113/><U111/><E57/><V101/><F101/><W67/><G62/><T18/><D107/><U49/><N who="1" m="42611" /><U133/><DORA hai="128" /><E133/><V36/><F29/><W106/><G67/><T123/><D123/><U90/><E103/><V81/><F81/><AGARI ba="1,0" hai="5,6,42,46,49,72,76,81,90,95,97" m="42611" machi="81" ten="40,2600,0" yaku="14,1,52,1" doraHai="87,128" who="1" fromWho="2" sc="208,0,275,29,115,-29,402,0" /><INIT seed="4,0,0,5,3,7" ten="208,304,86,402" oya="0" hai0="37,56,78,67,105,118,14,60,87,103,34,63,131" hai1="134,69,81,16,129,22,94,84,64,35,77,116,50" hai2="73,33,96,20,124,24,49,123,128,108,3,120,82" hai3="130,0,30,98,31,21,99,4,11,27,19,119,28"/><T122/><D122/><U51/><E35/><V72/><F108/><W114/><G119/><T92/><D118/><U12/><E116/><V112/><F3/><W126/><G114/><T91/><D37/><U121/><E121/><V1/><F1/><W86/><G126/><T102/><D34/><U54/><E129/><V6/><F6/><W74/><G74/><T5/><D105/><U52/><E134/><V85/><F112/><W61/><G130/><T43/><D43/><U97/><E64/><V53/><F33/><W10/><G86/><T65/><D78/><U25/><E69/><V41/><F128/><W2/><G61/><T32/><D32/><U88/><E25/><V36/><F124/><W71/><G71/><T66/><D131/><U18/><E18/><V23/><F96/><W101/><G101/><N who="0" m="38411" /><D63/><U13/><E13/><V93/><F120/><W117/><G117/><T95/><D95/><U109/><E109/><V44/><F93/><W29/><G98/><T8/><AGARI ba="0,0" hai="5,8,14,56,60,65,66,67,87,91,92" m="38411" machi="8" ten="30,3000,0" yaku="8,1,52,1" doraHai="7" who="0" fromWho="0" sc="208,30,304,-10,86,-10,402,-10" /><INIT seed="4,1,0,0,0,129" ten="238,294,76,392" oya="0" hai0="120,55,100,1,30,40,9,133,117,43,12,8,24" hai1="20,111,25,80,6,15,98,94,109,11,95,88,27" hai2="131,70,114,47,101,122,67,41,92,124,90,26,135" hai3="85,108,10,107,132,84,118,33,22,86,50,89,61"/><T91/><D117/><U0/><E0/><V69/><F122/><W73/><G33/><T35/><D120/><U82/><E27/><V64/><F101/><W48/><G118/><T126/><D126/><U110/><REACH who="1" step="1"/><E95/><REACH who="1" ten="238,284,76,392" step="2"/><V76/><F26/><W44/><G108/><T87/><D1/><U23/><E23/><V83/><F92/><W97/><G22/><T112/><D24/><U3/><E3/><V37/><F124/><W5/><G107/><T66/><D35/><U31/><AGARI ba="1,1" hai="6,11,15,20,25,31,80,82,88,94,98,109,110,111" machi="31" ten="30,4000,0" yaku="1,1,0,1,54,1,53,0" doraHai="129" doraHaiUra="116" who="1" fromWho="1" sc="238,-21,284,53,76,-11,392,-11" /><INIT seed="5,0,0,4,0,69" ten="217,337,65,381" oya="1" hai0="11,8,59,16,18,88,34,0,110,79,39,4,60" hai1="43,122,46,99,25,97,40,72,37,45,111,85,70" hai2="48,68,52,21,108,106,63,134,86,23,1,62,19" hai3="3,93,89,54,109,123,135,114,100,66,64,6,5"/><U7/><E122/><V92/><F106/><W124/><G123/><T47/><D110/><U91/><E72/><V103/><F108/><W130/><G109/><T119/><D119/><U50/><E111/><V55/><F1/><W76/><G114/><T2/><D34/><U95/><E70/><V127/><F127/><W102/><G124/><T107/><D79/><U67/><E67/><V80/><F134/><W74/><G135/><T126/><D107/><U51/><E37/><V31/><F68/><W104/><G130/><T61/><D126/><U101/><E7/><V115/><F115/><W113/><G113/><T53/><D88/><U38/><E38/><V65/><F65/><W133/><G133/><T27/><D27/><U28/><REACH who="1" step="1"/><E101/><REACH who="1" ten="217,327,65,381" step="2"/><V121/><F121/><W32/><G6/><T36/><D4/><U58/><E58/><V57/><F103/><W73/><G64/><T26/><D59/><U81/><E81/><V131/><F80/><W118/><G66/><T33/><D39/><U117/><E117/><V71/><F71/><W12/><G5/><T22/><D36/><U132/><E132/><V9/><F57/><W87/><G102/><T128/><D0/><U35/><AGARI ba="0,1" hai="25,28,35,40,43,45,46,50,51,85,91,95,97,99" machi="35" ten="20,7800,0" yaku="1,1,0,1,7,1,9,1,53,0" doraHai="69" doraHaiUra="49" who="1" fromWho="1" sc="217,-26,327,88,65,-26,381,-26" /><INIT seed="5,1,0,2,3,104" ten="191,415,39,355" oya="1" hai0="87,90,3,7,85,110,96,0,73,14,13,107,20" hai1="21,46,126,112,127,113,30,120,122,70,32,59,72" hai2="2,93,57,60,98,135,38,103,81,45,5,31,71" hai3="89,77,100,52,67,44,39,119,115,64,97,49,128"/><U47/><E32/><V35/><F135/><W11/><G115/><N who="1" m="44106" /><E30/><V12/><F71/><W62/><G128/><T24/><D110/><U78/><E70/><V9/><F81/><W41/><G119/><T114/><D114/><U121/><E21/><V116/><F116/><W134/><G134/><T76/><D87/><U63/><E72/><V28/><F35/><W95/><G77/><T37/><D37/><U43/><E78/><V118/><F118/><W17/><G100/><T68/><D68/><U131/><E131/><V101/><F101/><W129/><G129/><T8/><D3/><U50/><E46/><V18/><F45/><W61/><G39/><T91/><D76/><U36/><E36/><V34/><F34/><W54/><G11/><T4/><D73/><U79/><E79/><V108/><F108/><W29/><G29/><T102/><D0/><U65/><AGARI ba="1,0" hai="43,47,50,59,63,65,120,121,122,126,127" m="44106" machi="65" ten="40,7800,0" yaku="15,1,34,2" doraHai="104" who="1" fromWho="1" sc="191,-27,415,81,39,-27,355,-27" /><INIT seed="5,2,0,0,5,96" ten="164,496,12,328" oya="1" hai0="71,99,101,82,38,28,54,133,91,92,66,12,76" hai1="109,6,114,67,85,69,30,121,90,52,106,120,130" hai2="118,83,2,17,68,93,36,62,56,64,24,79,80" hai3="59,129,25,126,81,87,132,9,46,97,57,105,44"/><U113/><E106/><V42/><F42/><W58/><BYE who="2" /><G129/><T124/><D38/><UN n2="%53%6F%6C%69%64" /><U108/><E130/><V7/><F36/><W19/><G132/><T95/><D133/><U116/><E30/><V0/><F118/><W14/><G126/><T41/><D41/><U98/><E98/><V5/><F68/><W127/><G127/><T123/><D124/><U47/><E6/><V111/><F111/><N who="1" m="42569" /><E67/><V110/><F110/><W40/><G40/><T75/><D123/><N who="1" m="47179" /><E69/><V135/><F135/><W70/><G70/><T50/><D28/><U102/><E102/><V20/><F93/><W34/><G105/><T39/><D66/><U16/><E16/><V4/><REACH who="2" step="1"/><F80/><REACH who="2" ten="164,496,2,328" step="2"/><W60/><G81/><T107/><D71/><U88/><E116/><V22/><F22/><W3/><G34/><T94/><D39/><U15/><E114/><V77/><F77/><W73/><G9/><T104/><D104/><U43/><E43/><V53/><F53/><W1/><G60/><T100/><D100/><U131/><E52/><V86/><AGARI ba="2,1" hai="0,2,4,5,7,17,20,24,56,62,64,79,83,86" machi="86" ten="30,2000,0" yaku="1,1,0,1,53,0" doraHai="96" doraHaiUra="134" who="2" fromWho="2" sc="164,-7,496,-12,2,36,328,-7" /><INIT seed="6,0,0,2,3,20" ten="157,484,38,321" oya="2" hai0="130,71,48,29,17,41,94,134,19,46,56,86,96" hai1="2,7,1,89,133,120,55,100,4,26,109,53,78" hai2="91,14,58,92,24,116,3,70,62,80,127,27,125" hai3="45,9,43,47,69,23,51,88,30,84,122,66,119"/><V129/><F3/><W59/><G119/><T8/><D71/><U93/><E100/><V38/><F116/><W85/><G122/><T113/><D113/><U42/><E78/><V32/><F70/><W98/><G69/><T77/><D130/><U74/><E74/><V123/><F123/><W135/><G135/><T21/><D134/><U11/><E42/><V131/><F38/><W18/><G30/><T75/><D75/><U64/><E64/><N who="2" m="38999" /><F32/><W111/><G111/><T124/><D124/><N who="2" m="47690" /><F14/><W0/><G0/><T105/><D105/><U10/><E109/><V40/><F80/><W121/><G121/><T128/><D128/><N who="2" m="49226" /><F40/><W107/><G43/><T52/><D41/><U63/><E120/><V50/><F50/><W87/><G51/><T25/><D8/><U49/><E10/><V22/><F22/><W90/><G23/><T73/><D73/><U57/><E11/><V106/><F106/><W65/><G107/><T15/><D15/><U115/><E49/><V28/><F28/><W39/><G39/><T95/><D95/><U12/><E93/><V37/><F37/><W82/><G82/><N who="0" m="47439" /><D56/><U76/><E57/><V103/><F103/><AGARI ba="0,0" hai="17,19,21,25,29,46,48,52,94,96,103" m="47439" machi="103" ten="30,3900,0" yaku="8,1,52,1,54,1" doraHai="20" who="0" fromWho="2" sc="157,39,484,0,38,-39,321,0" owari="196,-20.4,484,58.4,-1,-50.1,321,12.1" /></mjloggm>