<mjloggm ver="2.3"><GO type="169" lobby="0"/><UN n0="%70%65%6E%74%6F%6C%61" n1="%E3%81%BE%E3%81%A1%E3%81%8A" n2="%E9%81%85%E5%88%BB%E3%81%AE%E3%83%97%E3%83%AA%E3%83%B3%E3%82%B9%E2%99%AA" n3="%74%6B%34%32" dan="16,16,16,16" rate="2197.43,2172.28,2134.78,2074.48" sx="M,M,F,M"/><TAIKYOKU oya="0"/><INIT seed="0,0,0,1,1,75" ten="250,250,250,250" oya="0" hai0="11,129,114,94,14,133,126,17,68,28,82,1,85" hai1="53,119,110,122,115,9,62,39,35,96,8,121,100" hai2="111,90,48,49,52,81,47,112,132,7,89,58,109" hai3="29,42,134,4,46,55,131,41,37,127,71,83,76"/><T24/><D68/><U69/><E35/><V0/><F112/><W19/><G127/><T117/><D114/><U10/><E115/><V120/><F120/><W3/><G131/><T54/><D117/><U43/><E119/><V73/><F132/><W25/><G134/><T30/><D133/><U99/><E110/><N who="2" m="41995" /><F7/><W97/><G42/><T125/><D129/><U57/><E69/><V123/><F0/><W31/><G71/><T93/><D1/><U50/><E99/><V16/><F123/><W2/><G19/><T107/><D107/><U95/><E39/><V92/><F92/><W5/><G55/><T38/><D38/><U27/><E43/><N who="2" m="24703" /><F16/><W56/><G5/><T84/><D54/><U104/><E104/><V45/><F45/><W118/><G3/><T51/><D51/><U59/><REACH who="1" step="1"/><E27/><REACH who="1" ten="250,240,250,250" step="2"/><V26/><F26/><W61/><G25/><T78/><D30/><U79/><E79/><AGARI ba="0,1" hai="49,52,58,73,79,81,89,90" m="24703,41995" machi="79" ten="30,3900,0" yaku="14,1,52,1,54,1" doraHai="75" who="2" fromWho="1" sc="250,0,240,-39,250,49,250,0" /><INIT seed="1,0,0,0,3,76" ten="250,201,299,250" oya="1" hai0="59,37,41,7,79,82,10,19,128,23,116,115,75" hai1="90,96,60,17,122,24,64,35,98,83,71,8,1" hai2="91,33,133,21,103,58,112,9,29,51,101,13,108" hai3="126,69,53,110,27,15,123,34,130,104,114,2,131"/><U6/><E122/><V43/><F108/><W68/><RYUUKYOKU type="yao9" ba="0,0" sc="250,0,201,0,299,0,250,0" hai3="2,15,27,34,53,68,69,104,110,114,123,126,130,131" /><INIT seed="1,1,0,5,3,85" ten="250,201,299,250" oya="1" hai0="51,101,122,97,114,99,107,56,76,15,88,87,130" hai1="94,115,109,92,14,105,1,74,123,100,20,108,75" hai2="93,66,116,133,28,34,42,18,16,118,103,40,39" hai3="73,77,69,113,46,119,50,10,30,44,67,11,53"/><U62/><E1/><V89/><F133/><W23/><G113/><T82/><D114/><U43/><E115/><V120/><F120/><W86/><G73/><T37/><D37/><U24/><E123/><V110/><F110/><N who="1" m="42601" /><E43/><V60/><F103/><W6/><G119/><T38/><D38/><U83/><E14/><V45/><F42/><W5/><G67/><T2/><D2/><U95/><E62/><V90/><F116/><W48/><G69/><T47/><D122/><U27/><E27/><V65/><F118/><W121/><G121/><T36/><D36/><U29/><E83/><V61/><F28/><W59/><G77/><T84/><D97/><AGARI ba="1,0" hai="20,24,29,74,75,92,94,95,97,100,105" m="42601" machi="97" ten="30,2900,0" yaku="14,1,10,1" doraHai="85" who="1" fromWho="0" sc="250,-32,201,32,299,0,250,0" /><INIT seed="1,2,0,2,5,134" ten="218,233,299,250" oya="1" hai0="118,96,133,91,63,75,69,117,4,94,46,37,95" hai1="58,51,34,101,126,119,45,10,62,0,23,103,114" hai2="109,9,129,92,80,74,127,15,70,35,72,87,12" hai3="112,22,33,32,49,65,122,67,93,18,97,60,130"/><U78/><E114/><V111/><F70/><W110/><G122/><T31/><D133/><U123/><E34/><V90/><F35/><W85/><G112/><T36/><D75/><U3/><E119/><V53/><F129/><W13/><G130/><T71/><D4/><U50/><E123/><V120/><F120/><W7/><G110/><N who="2" m="41993" /><F53/><W81/><G49/><T11/><D11/><U100/><E78/><N who="2" m="46487" /><F127/><W1/><G7/><T88/><D96/><U25/><E126/><V104/><F104/><W28/><G28/><T86/><D86/><U77/><E77/><V89/><F15/><W42/><G42/><T73/><D73/><N who="2" m="28266" /><F92/><W14/><G14/><T8/><D8/><U5/><E3/><V19/><AGARI ba="2,0" hai="9,12,19,89,90" m="28266,46487,41993" machi="19" ten="30,1100,0" yaku="14,1" doraHai="134" who="2" fromWho="2" sc="218,-5,233,-7,299,17,250,-5" /><INIT seed="2,0,0,4,4,46" ten="213,226,316,245" oya="2" hai0="82,134,48,57,27,81,108,56,99,40,110,58,6" hai1="116,26,21,90,124,34,131,9,109,113,1,15,91" hai2="38,35,115,125,61,135,100,130,132,77,129,94,24" hai3="114,20,85,53,45,88,123,10,119,32,29,0,16"/><V84/><F115/><W60/><G119/><T111/><D134/><N who="2" m="51242" /><F38/><W67/><G123/><T122/><D122/><U64/><E113/><V4/><F4/><W36/><G114/><T107/><D6/><U51/><E116/><V105/><F61/><W96/><G96/><T118/><D118/><U121/><E121/><V101/><F24/><W78/><G78/><T14/><D14/><U97/><E109/><V86/><F35/><W120/><G120/><T12/><D12/><U104/><E124/><V98/><F125/><W39/><G32/><T54/><D40/><U133/><E131/><N who="2" m="50187" /><F77/><W75/><G0/><T65/><D27/><U2/><E34/><V8/><F8/><W62/><G39/><T44/><D65/><U87/><E64/><V112/><F112/><W55/><G36/><T18/><D18/><U37/><E37/><V128/><N who="2" m="50195" /><V3/><DORA hai="7" /><F3/><W71/><G60/><T47/><REACH who="0" step="1"/><D44/><REACH who="0" ten="203,226,316,245" step="2"/><U5/><E133/><V19/><F19/><W66/><G45/><T68/><D68/><U93/><E2/><V52/><F52/><W95/><G66/><T106/><D106/><U43/><E104/><V70/><F70/><W41/><G41/><T13/><D13/><U73/><E1/><V126/><F126/><W23/><G55/><T83/><D83/><N who="1" m="49535" /><E26/><V49/><F49/><W102/><G53/><T28/><D28/><U63/><E51/><V76/><F76/><W74/><G29/><T89/><D89/><U79/><E43/><V80/><F80/><W59/><G71/><T33/><D33/><U30/><E30/><V42/><F42/><RYUUKYOKU ba="0,1" sc="203,15,226,-15,316,15,245,-15" hai0="47,48,54,56,57,58,81,82,99,107,108,110,111" hai2="84,86,94,98,100,101,105" /><INIT seed="2,1,1,0,1,65" ten="218,211,331,230" oya="2" hai0="108,50,97,39,74,5,113,52,18,132,43,6,114" hai1="118,14,26,10,101,16,46,86,88,124,91,40,37" hai2="48,30,4,63,87,116,31,78,111,98,121,38,107" hai3="2,49,93,57,58,76,84,75,12,125,80,72,126"/><V123/><F116/><W15/><G2/><T96/><D74/><U105/><E118/><V45/><F38/><W90/><G75/><T20/><D132/><U60/><E124/><N who="3" m="47722" /><G49/><T32/><D32/><U128/><E128/><V103/><F111/><W11/><G15/><T51/><D39/><U69/><E86/><V8/><F63/><W3/><G3/><T0/><D0/><U106/><E26/><V67/><F67/><W100/><G100/><T33/><D33/><U79/><E79/><V112/><F112/><W109/><G109/><T70/><D108/><U130/><E130/><V89/><F78/><W104/><G104/><T99/><D70/><U1/><E1/><V28/><F8/><W134/><G134/><T117/><D117/><U110/><E110/><V59/><F59/><W68/><G68/><T94/><D114/><U54/><E106/><V13/><F13/><W29/><G29/><T133/><D133/><U44/><E69/><V81/><REACH who="2" step="1"/><F4/><AGARI ba="1,1" hai="4,11,12,57,58,72,76,80,84,90,93" m="47722" machi="4" ten="30,1000,0" yaku="18,1" doraHai="65" who="3" fromWho="2" sc="218,0,211,0,331,-13,230,23" /><INIT seed="3,0,0,4,4,16" ten="218,211,318,253" oya="3" hai0="59,15,60,34,113,1,119,67,128,77,92,2,70" hai1="53,129,3,19,104,79,134,130,64,125,106,28,117" hai2="63,66,112,107,110,75,62,102,56,52,44,26,100" hai3="6,39,124,4,45,85,126,132,40,55,98,9,109"/><W118/><G118/><T25/><D119/><U11/><E117/><V94/><F112/><W88/><G132/><T35/><D113/><U17/><E134/><V95/><F75/><W58/><G109/><T22/><D128/><N who="1" m="49259" /><E125/><N who="3" m="48234" /><G98/><T82/><D70/><U86/><E64/><V61/><F110/><W135/><G135/><T121/><D121/><U72/><E72/><V29/><F107/><N who="1" m="41001" /><E28/><V71/><F44/><W111/><G111/><T93/><D15/><U114/><E53/><V51/><F102/><W21/><G21/><T116/><D116/><U24/><E24/><V122/><F122/><W101/><G101/><T31/><D1/><U76/><E114/><V5/><F5/><W123/><G9/><T10/><D10/><U78/><E86/><V99/><REACH who="2" step="1"/><F95/><REACH who="2" ten="218,211,308,253" step="2"/><N who="3" m="54671" /><G123/><T89/><D2/><U0/><E0/><V74/><F74/><W108/><G108/><T65/><D93/><U84/><E84/><V57/><F57/><W68/><G68/><T97/><D82/><U20/><E3/><V32/><AGARI ba="0,1" hai="26,29,32,51,52,56,61,62,63,66,71,94,99,100" machi="32" ten="20,5200,0" yaku="1,1,0,1,7,1,54,1,53,0" doraHai="16" doraHaiUra="69" who="2" fromWho="2" sc="218,-13,211,-13,308,62,253,-26" /><INIT seed="4,0,0,1,3,133" ten="205,198,370,227" oya="0" hai0="81,128,11,111,135,28,35,10,79,25,33,113,8" hai1="50,86,74,120,22,89,21,110,48,95,122,73,66" hai2="46,131,49,52,63,67,124,29,57,112,98,93,121" hai3="100,102,56,5,23,88,134,97,130,96,64,132,15"/><T1/><D135/><N who="3" m="51753" /><G130/><T12/><D128/><U58/><E110/><V62/><F121/><W24/><G5/><N who="0" m="1071" /><D81/><U104/><E104/><V6/><F131/><W13/><G64/><T2/><D79/><U114/><E66/><V19/><F112/><W84/><G56/><T101/><D101/><N who="3" m="39017" /><G97/><T108/><D113/><U27/><E114/><V75/><F75/><W115/><G96/><T129/><D129/><U31/><E22/><V65/><F6/><W40/><G40/><T3/><D35/><U9/><E9/><N who="0" m="3081" /><D12/><U71/><E71/><V83/><F83/><N who="3" m="49183" /><G115/><T39/><D39/><U34/><E74/><V43/><F29/><AGARI ba="0,0" hai="13,15,23,24,29" m="49183,39017,51753" machi="29" ten="30,2000,0" yaku="20,1,54,1" doraHai="133" who="3" fromWho="2" sc="205,0,198,0,370,-20,227,20" /><INIT seed="5,0,0,4,5,128" ten="205,198,350,247" oya="1" hai0="31,117,123,109,42,101,107,125,111,69,130,8,14" hai1="0,21,39,59,75,57,100,76,19,66,98,36,133" hai2="4,80,114,71,131,110,95,22,50,15,122,112,1" hai3="77,103,37,13,82,94,108,35,90,126,104,26,61"/><U54/><E0/><V99/><F110/><W96/><G108/><T68/><D42/><U18/><E75/><V64/><F122/><W20/><G126/><T38/><D101/><U87/><E133/><V60/><F131/><W119/><G119/><T127/><D31/><U124/><E124/><V47/><F80/><W62/><G37/><T16/><D107/><U84/><E19/><V34/><F34/><W74/><G13/><T9/><D38/><U116/><E116/><V28/><F1/><W17/><REACH who="3" step="1"/><G35/><REACH who="3" ten="205,198,350,237" step="2"/><T2/><D130/><U92/><E39/><V12/><F15/><W48/><G48/><T46/><D117/><U132/><E36/><V55/><F12/><W113/><G113/><T52/><D111/><U53/><E132/><V10/><F112/><W106/><G106/><T65/><D109/><U30/><E30/><V73/><F114/><W105/><G105/><T97/><D127/><U78/><E76/><V79/><F28/><W63/><G63/><T44/><D125/><U49/><E78/><V135/><F135/><W32/><G32/><T27/><D14/><N who="1" m="9431" /><E66/><V33/><F33/><W83/><G83/><T118/><D65/><U3/><E3/><V56/><F79/><W51/><G51/><AGARI ba="0,1" hai="49,51,53,54,57,59,84,87,92,98,100" m="9431" machi="51" ten="30,1500,0" yaku="8,1" doraHai="128" who="1" fromWho="3" sc="205,0,198,25,350,0,237,-15" /><INIT seed="5,1,0,0,0,58" ten="205,223,350,222" oya="1" hai0="23,44,133,66,17,87,5,73,71,46,89,132,6" hai1="15,135,115,61,120,59,125,16,57,94,28,22,60" hai2="31,74,47,38,114,35,130,14,105,37,118,104,134" hai3="110,103,65,21,67,52,55,9,34,86,99,100,128"/><U76/><E120/><V63/><F14/><W126/><G110/><T129/><D73/><U8/><E115/><V62/><F118/><W48/><G34/><T26/><D129/><U101/><E125/><V96/><F74/><W102/><G126/><T90/><D90/><U95/><E135/><N who="0" m="51785" /><D71/><U122/><E122/><V27/><F134/><W64/><G128/><T75/><D75/><U112/><E76/><V1/><F1/><W7/><G21/><T30/><D66/><N who="1" m="39183" /><E112/><V19/><F114/><W68/><G68/><T51/><D17/><N who="1" m="8423" /><E28/><V13/><F130/><W77/><G99/><T42/><D44/><U92/><E101/><V109/><F109/><W124/><G124/><T3/><D3/><U111/><E111/><V12/><F96/><W70/><G70/><T20/><D20/><U2/><E2/><V82/><F37/><W107/><G107/><T29/><D29/><U50/><E50/><V106/><F19/><W53/><G86/><T39/><D39/><U33/><E33/><V108/><F108/><W83/><G83/><AGARI ba="1,0" hai="5,6,23,26,30,42,46,51,83,87,89" m="51785" machi="83" ten="30,1000,0" yaku="20,1" doraHai="58" who="0" fromWho="3" sc="205,13,223,0,350,0,222,-13" /><INIT seed="6,0,0,4,5,40" ten="218,223,350,209" oya="2" hai0="135,120,59,124,134,10,94,108,46,29,70,100,35" hai1="101,107,60,68,51,74,76,1,72,109,81,53,110" hai2="17,41,125,63,73,2,118,12,91,6,30,0,33" hai3="79,36,44,67,80,122,105,3,20,26,111,84,127"/><V66/><F73/><W13/><G122/><T18/><D70/><U92/><E1/><V38/><F118/><W47/><G3/><T57/><D108/><U115/><E115/><V112/><F112/><W89/><G111/><T132/><D120/><U16/><E74/><V102/><F6/><W39/><G105/><T54/><D124/><U5/><E5/><V52/><F102/><W43/><G127/><T123/><D123/><U128/><E128/><V69/><F125/><W56/><G13/><N who="0" m="7479" /><D29/><U23/><E107/><V27/><F91/><W126/><G126/><T11/><D11/><U116/><E116/><V99/><F99/><W31/><G79/><T21/><D21/><U83/><E83/><V103/><F103/><W88/><G89/><T19/><D19/><U28/><E28/><V87/><F87/><W45/><G36/><T114/><D35/><U4/><E4/><V121/><F121/><W90/><G90/><T78/><D78/><U42/><E92/><V9/><F0/><W37/><REACH who="3" step="1"/><G39/><REACH who="3" ten="218,223,350,199" step="2"/><T97/><D114/><U14/><E101/><V8/><F2/><W50/><G50/><AGARI ba="0,1" hai="46,50,54,57,59,94,97,100,132,134,135" m="7479" machi="50" ten="30,2000,0" yaku="20,1,52,1" doraHai="40" who="0" fromWho="3" sc="218,30,223,0,350,0,199,-20" /><INIT seed="7,0,0,5,2,33" ten="248,223,350,179" oya="3" hai0="14,76,36,129,20,61,46,18,82,117,89,41,15" hai1="55,65,125,21,26,24,16,23,128,38,45,96,79" hai2="4,39,110,131,37,54,40,22,132,120,91,77,63" hai3="121,43,62,32,109,60,73,31,2,5,74,78,75"/><W9/><G121/><T95/><D117/><U100/><E125/><V105/><F110/><W53/><G109/><T130/><D61/><U29/><E128/><N who="0" m="49257" /><D14/><U81/><E65/><V30/><F105/><W127/><G127/><T135/><D135/><U115/><E115/><V118/><F77/><W103/><G43/><T69/><D69/><U57/><E45/><V101/><F101/><W80/><G103/><T56/><D56/><U71/><E71/><V1/><F63/><W34/><G62/><T28/><D28/><U59/><E55/><V7/><F30/><W11/><G11/><T104/><D104/><U85/><E38/><V19/><F132/><W126/><G126/><T58/><D58/><U72/><E72/><V47/><F40/><W119/><G119/><T98/><D82/><U106/><AGARI ba="0,0" hai="16,21,23,24,26,29,57,59,79,81,85,96,100,106" machi="106" ten="20,2700,0" yaku="0,1,7,1,54,1" doraHai="33" who="1" fromWho="1" sc="248,-7,223,27,350,-7,179,-13" owari="241,-15.9,250,5.0,343,44.3,166,-33.4" /></mjloggm>