<mjloggm ver="2.3"><GO type="169" lobby="0"/><UN n0="%E7%9C%9F%E4%B8%80" n1="%E3%83%A1%E3%82%AB%E3%82%BC%E3%83%83%E3%83%88%E3%83%B3" n2="%4C%C3%97%57%C3%97%4C" n3="%4C%61%72%72%6B" dan="18,17,17,16" rate="2238.70,2180.60,2164.24,2156.53" sx="M,M,M,M"/><TAIKYOKU oya="0"/><INIT seed="0,0,0,0,1,27" ten="250,250,250,250" oya="0" hai0="61,106,71,32,42,20,77,75,34,46,116,9,33" hai1="134,0,54,119,79,55,126,4,132,15,18,94,5" hai2="121,2,58,62,40,25,21,69,23,92,118,68,41" hai3="86,129,96,64,6,91,26,35,127,24,65,90,16"/><T3/><D20/><U52/><E79/><V120/><F2/><W103/><G6/><N who="0" m="1247" /><D116/><U112/><E119/><V84/><F118/><W47/><G129/><T56/><D56/><U98/><E112/><V30/><F21/><W123/><G123/><T31/><D106/><U133/><E0/><V49/><F121/><W60/><G127/><T111/><D111/><U80/><E80/><V99/><F84/><W44/><G65/><N who="0" m="41391" /><D31/><U43/><E43/><V67/><F120/><W124/><G124/><T74/><D77/><U29/><E29/><V125/><F125/><W108/><G108/><T100/><D100/><U135/><N who="1" m="33792" /><DORA hai="36" /><U114/><E114/><V102/><F49/><W105/><G91/><T72/><D75/><U45/><E45/><V89/><F89/><W130/><G130/><T122/><D122/><U81/><E81/><V70/><AGARI ba="0,0" hai="23,25,30,40,41,58,62,67,68,69,70,92,99,102" machi="70" ten="30,12000,2" yaku="0,1,25,2,52,3" doraHai="27,36" who="2" fromWho="2" sc="250,-60,250,-30,250,120,250,-30" /><INIT seed="1,0,0,1,4,78" ten="190,220,370,220" oya="1" hai0="35,124,22,83,51,105,86,41,133,64,90,69,53" hai1="61,27,59,3,126,130,7,54,44,49,97,81,128" hai2="62,33,96,2,45,106,68,24,23,103,14,104,37" hai3="52,87,91,114,60,48,4,9,100,129,110,46,70"/><U57/><E126/><V0/><F106/><W31/><G114/><T107/><D124/><U15/><E3/><V118/><F14/><W65/><G129/><N who="1" m="49770" /><E27/><V135/><F135/><W47/><G110/><T55/><D35/><U50/><E97/><V29/><F23/><W18/><G100/><T117/><D117/><U16/><E7/><V67/><F118/><W108/><G108/><T73/><D133/><U109/><E109/><V82/><F82/><W21/><G31/><T77/><D107/><U6/><E6/><V63/><F62/><W34/><G34/><T1/><D1/><U113/><E113/><V84/><F84/><W123/><G123/><T127/><D105/><U71/><E81/><V120/><F120/><W66/><G66/><T40/><D64/><N who="1" m="41359" /><E50/><V92/><F92/><W30/><G30/><T75/><D127/><U111/><E111/><V20/><F20/><AGARI ba="0,0" hai="15,16,20,44,49,54,57,59" m="41359,49770" machi="20" ten="30,2900,0" yaku="19,1,54,1" doraHai="78" who="1" fromWho="2" sc="190,0,220,29,370,-29,220,0" /><INIT seed="1,1,0,0,5,61" ten="190,249,341,220" oya="1" hai0="16,111,6,117,123,120,36,43,26,70,99,131,110" hai1="122,69,1,3,95,2,58,24,109,41,133,45,86" hai2="101,38,20,48,100,126,8,115,105,97,56,113,37" hai3="42,4,104,134,39,114,44,103,119,27,60,65,94"/><U107/><E107/><V13/><F126/><W85/><G114/><N who="2" m="43529" /><F20/><W14/><G134/><T83/><D117/><U11/><E69/><V106/><F101/><W92/><G119/><T130/><D70/><U80/><E122/><N who="0" m="46633" /><D6/><U21/><E133/><V57/><F106/><W118/><G118/><T25/><D99/><U71/><E71/><V23/><F23/><W127/><G127/><T59/><D83/><U5/><E95/><V77/><F77/><W74/><G74/><T76/><D76/><U87/><E58/><N who="2" m="22635" /><F48/><W68/><G27/><N who="0" m="10251" /><D59/><U66/><E109/><N who="0" m="41481" /><D43/><U96/><E96/><V72/><F72/><W32/><G104/><T30/><D36/><U116/><E116/><V28/><F28/><W102/><G102/><T51/><D51/><U90/><E86/><V31/><F31/><W10/><G85/><T93/><D30/><U17/><REACH who="1" step="1"/><E66/><REACH who="1" ten="190,239,341,220" step="2"/><V135/><F135/><W52/><G103/><T46/><D93/><U19/><E19/><AGARI ba="1,1" hai="8,13,19,37,38,97,100,105" m="22635,43529" machi="19" ten="30,1000,0" yaku="11,1" doraHai="61" who="2" fromWho="1" sc="190,0,239,-13,341,23,220,0" /><INIT seed="2,0,0,3,0,64" ten="190,226,364,220" oya="2" hai0="8,103,3,110,121,30,94,63,89,56,1,76,41" hai1="107,28,101,126,95,19,133,129,74,128,105,35,27" hai2="131,68,72,26,69,34,55,88,2,54,112,9,93" hai3="43,48,15,61,39,7,80,24,67,134,37,59,53"/><V98/><F112/><W109/><G134/><T83/><D121/><U25/><E74/><V51/><F72/><W122/><G122/><T96/><D110/><U49/><E133/><V32/><F131/><N who="1" m="50249" /><E126/><V115/><F115/><W6/><G109/><T84/><D30/><U22/><E49/><V31/><F34/><W18/><G24/><T92/><D41/><U13/><E101/><V44/><REACH who="2" step="1"/><F54/><REACH who="2" ten="190,226,354,220" step="2"/><W117/><G53/><T23/><D23/><U116/><E116/><V42/><F42/><W21/><G43/><T79/><D8/><U90/><E27/><V114/><F114/><W127/><G21/><T46/><D46/><U100/><E100/><V86/><F86/><AGARI ba="0,1" hai="13,19,22,25,28,35,86,90,95,105,107" m="50249" machi="86" ten="30,1000,0" yaku="19,1" doraHai="64" who="1" fromWho="2" sc="190,0,226,20,354,-10,220,0" /><INIT seed="3,0,0,4,1,45" ten="190,246,344,220" oya="3" hai0="66,87,112,91,93,74,6,71,121,33,15,125,8" hai1="70,56,106,49,54,24,28,25,2,103,1,78,85" hai2="57,127,26,114,30,92,135,73,53,79,104,81,80" hai3="40,51,77,131,7,130,134,94,47,20,0,86,126"/><W116/><G116/><T110/><D110/><U10/><E70/><V109/><F109/><W32/><G32/><T108/><D108/><U29/><E103/><V36/><F104/><W90/><G126/><T96/><D74/><U21/><E106/><V61/><F114/><W14/><G134/><T16/><D125/><U23/><REACH who="1" step="1"/><E10/><REACH who="1" ten="190,236,344,220" step="2"/><V9/><F9/><W17/><REACH who="3" step="1"/><G77/><REACH who="3" ten="190,236,344,210" step="2"/><T72/><D112/><U83/><AGARI ba="0,2" hai="1,2,21,23,24,25,28,29,49,54,56,78,83,85" machi="83" ten="30,8000,1" yaku="1,1,2,1,0,1,9,1,52,1,53,0" doraHai="45" doraHaiUra="133" who="1" fromWho="1" sc="190,-20,236,100,344,-20,210,-40" /><INIT seed="4,0,0,3,1,34" ten="170,336,324,170" oya="0" hai0="124,129,44,98,108,119,84,81,45,67,0,113,134" hai1="55,100,80,60,99,90,48,37,56,95,110,109,92" hai2="36,130,28,106,64,31,49,59,76,39,16,115,104" hai3="42,65,120,32,122,107,14,30,91,82,128,111,20"/><T79/><D119/><U75/><E37/><V24/><F115/><W102/><G65/><T103/><D113/><U105/><E92/><V21/><F76/><W41/><G107/><T10/><D129/><U38/><E38/><V116/><F116/><W94/><G102/><T69/><D134/><U27/><E27/><V22/><F130/><W5/><G82/><T126/><D108/><U35/><E35/><V71/><F71/><W77/><G77/><T54/><D69/><U97/><E75/><V114/><F114/><W135/><G128/><T87/><D67/><U53/><E80/><V127/><F64/><W88/><G111/><T96/><D87/><U133/><E133/><V8/><F8/><W89/><G135/><T2/><D10/><U57/><AGARI ba="0,0" hai="48,53,55,56,57,60,90,95,97,99,100,105,109,110" machi="57" ten="20,1500,0" yaku="0,1,7,1" doraHai="34" who="1" fromWho="1" sc="170,-7,336,15,324,-4,170,-4" /><INIT seed="5,0,0,0,1,17" ten="163,351,320,166" oya="1" hai0="81,60,103,127,26,80,90,48,135,64,4,91,13" hai1="46,43,113,8,85,66,39,22,110,21,132,68,123" hai2="67,12,114,78,7,16,89,2,126,106,36,128,87" hai3="45,105,121,117,20,25,49,18,99,102,118,101,15"/><U98/><E123/><V75/><F128/><W133/><G121/><T3/><D3/><U54/><E113/><V76/><F126/><W69/><G69/><T71/><D127/><U130/><E130/><V72/><F36/><W134/><G102/><T84/><D135/><U83/><E132/><V59/><F106/><W24/><G134/><T111/><D111/><U42/><E42/><V32/><F32/><W97/><G97/><T0/><D0/><U124/><E124/><V35/><F35/><W34/><G133/><T56/><D103/><U57/><E8/><V47/><F7/><W9/><G34/><T40/><D26/><U29/><E29/><V93/><F2/><W112/><G112/><T86/><D71/><U53/><E53/><V92/><F92/><W109/><G109/><T28/><D28/><U131/><E98/><V27/><F27/><W33/><G33/><T52/><D40/><U116/><E116/><V82/><F47/><W96/><G96/><T115/><D115/><U88/><E131/><V6/><F6/><W30/><REACH who="3" step="1"/><G24/><REACH who="3" ten="163,351,320,156" step="2"/><T125/><D125/><U41/><E110/><V1/><F114/><W122/><G122/><T31/><D31/><U10/><E68/><V38/><F72/><W94/><G94/><T62/><D64/><U129/><E66/><V51/><F67/><W14/><G14/><T108/><D108/><U73/><E73/><V55/><F1/><W50/><G50/><T23/><D4/><U79/><E129/><V70/><F70/><W58/><G58/><T65/><D65/><U11/><E57/><V44/><F59/><RYUUKYOKU ba="0,1" sc="163,15,351,-15,320,-15,156,15" hai0="13,23,48,52,56,60,62,80,81,84,86,90,91" hai3="9,15,18,20,25,30,45,49,99,101,105,117,118" /><INIT seed="6,1,1,2,1,0" ten="178,336,305,171" oya="2" hai0="81,91,72,66,85,92,84,60,109,80,126,100,69" hai1="7,102,19,33,71,9,32,46,17,14,132,118,31" hai2="130,62,48,124,121,45,104,97,16,73,2,36,26" hai3="127,70,49,47,95,27,79,67,86,6,50,51,116"/><V90/><F121/><W99/><G116/><T52/><D109/><U125/><E71/><V83/><F36/><W63/><G127/><T123/><D123/><U18/><E102/><V38/><F38/><W133/><G133/><T61/><D126/><U129/><E46/><V134/><F124/><W76/><G47/><T88/><D72/><U23/><E125/><V4/><F134/><W39/><G39/><T21/><D21/><U101/><E101/><V59/><F104/><W135/><G135/><T20/><D20/><U35/><E132/><V98/><F130/><W82/><G27/><T24/><D24/><N who="1" m="16799" /><E118/><V96/><F26/><W28/><G28/><T1/><D1/><N who="1" m="239" /><E129/><V64/><F73/><W131/><G131/><T13/><D13/><AGARI ba="1,1" hai="13,14,17,18,19,32,33,35" m="239,16799" machi="13" ten="40,12000,2" yaku="35,5,52,1" doraHai="0" who="1" fromWho="0" sc="178,-123,336,133,305,0,171,0" /><INIT seed="7,0,0,3,4,96" ten="55,469,305,171" oya="3" hai0="40,7,48,73,133,15,131,122,2,26,88,123,37" hai1="67,65,17,74,61,51,1,62,132,129,90,103,75" hai2="106,56,85,128,16,119,32,64,31,92,68,112,44" hai3="18,101,109,84,36,10,49,118,58,41,80,83,104"/><W19/><G118/><T134/><D73/><U121/><E1/><V50/><F119/><W102/><G109/><T55/><D37/><U114/><E51/><V108/><F112/><W69/><G69/><T0/><D40/><U39/><E39/><V12/><F106/><W110/><G110/><T124/><D55/><U23/><E90/><V5/><F108/><W6/><G104/><T99/><D48/><U52/><E52/><V43/><F5/><W34/><G34/><T97/><D26/><U117/><E17/><V81/><F128/><W27/><G36/><T94/><D131/><U63/><E23/><V33/><F92/><W53/><G41/><T29/><D29/><U4/><E4/><V25/><F68/><W77/><G83/><T130/><D130/><U30/><E30/><V47/><F47/><W8/><G8/><T116/><D116/><U135/><E121/><V87/><F81/><W66/><G66/><T70/><D70/><U93/><E129/><V86/><F33/><W126/><G126/><T38/><D124/><U3/><E3/><N who="0" m="1065" /><D38/><U111/><E114/><V22/><F64/><W125/><G125/><T78/><D78/><U59/><E111/><V107/><F107/><W60/><G49/><T120/><D99/><N who="1" m="59887" /><E117/><V20/><F32/><W72/><G72/><N who="1" m="27690" /><E67/><V91/><F91/><W46/><G46/><T45/><D45/><U89/><E65/><V79/><F79/><W42/><G42/><T76/><D76/><U11/><E11/><V95/><F95/><W9/><G27/><T13/><D7/><U14/><E59/><AGARI ba="0,0" hai="12,16,20,22,25,31,43,44,50,56,59,85,86,87" machi="59" ten="40,2600,0" yaku="8,1,54,1" doraHai="96" who="2" fromWho="1" sc="55,0,469,-26,305,26,171,0" owari="55,-44.5,443,54.3,331,13.1,171,-22.9" /></mjloggm>