<mjloggm ver="2.3"><GO type="169" lobby="0"/><UN n0="%E3%81%97%E3%82%87%E3%81%BC%E3%82%93%EF%BD%8E" n1="%E3%81%AF%E3%81%84%E3%82%8C%E3%81%AB%E3%82%83%E3%82%93" n2="%E5%B0%8F%E5%AE%AE%E7%95%B3%E5%BA%97" n3="%E3%81%9F%E3%81%8C%E3%82%84%E3%81%99" dan="17,16,16,16" rate="2244.67,2070.12,2098.81,2175.03" sx="M,M,M,M"/><TAIKYOKU oya="0"/><INIT seed="0,0,0,2,1,19" ten="250,250,250,250" oya="0" hai0="43,14,74,83,79,97,58,124,65,90,1,110,10" hai1="125,135,29,77,94,18,81,27,52,87,119,80,8" hai2="86,108,120,28,30,75,62,130,107,95,91,60,55" hai3="20,112,0,84,36,16,56,39,111,44,118,31,41"/><T59/><D124/><U32/><E119/><V42/><F120/><W48/><G0/><T96/><D1/><U35/><E125/><V98/><F108/><W100/><G118/><T126/><D126/><U132/><E35/><V22/><F130/><W45/><G112/><T50/><D110/><U4/><E18/><V57/><F42/><W113/><G113/><T105/><D105/><U121/><E121/><V134/><F134/><W71/><G71/><T128/><D128/><U66/><E66/><V133/><F133/><N who="1" m="51273" /><E52/><V109/><F109/><W69/><G69/><T7/><D90/><N who="1" m="53599" /><E77/><V46/><F46/><W37/><G31/><T63/><REACH who="0" step="1"/><D58/><REACH who="0" ten="240,250,250,250" step="2"/><U114/><E114/><V93/><F107/><W15/><G111/><T78/><D78/><U72/><E72/><V49/><F75/><W9/><G56/><T92/><D92/><U47/><E47/><AGARI ba="0,1" hai="7,10,14,43,47,50,59,63,65,74,79,83,96,97" machi="47" ten="40,2000,0" yaku="1,1,53,0" doraHai="19" doraHaiUra="123" who="0" fromWho="1" sc="240,30,250,-20,250,0,250,0" /><INIT seed="0,1,0,1,1,101" ten="270,230,250,250" oya="0" hai0="7,95,25,2,53,33,26,116,8,1,37,60,107" hai1="125,90,112,39,122,105,123,0,126,129,87,16,72" hai2="43,63,32,76,28,103,115,119,78,75,97,38,58" hai3="79,40,62,46,51,68,77,131,109,54,134,84,59"/><T49/><D37/><U110/><E16/><V96/><F115/><W69/><BYE who="0" /><G69/><UN n0="%E3%81%97%E3%82%87%E3%81%BC%E3%82%93%EF%BD%8E" /><T92/><D116/><U11/><E11/><V61/><F38/><W130/><G109/><T17/><D1/><U71/><E90/><V98/><F43/><W132/><G68/><T74/><D74/><U121/><E87/><V31/><F103/><W4/><G4/><T19/><D60/><U80/><E80/><V120/><F75/><W128/><REACH who="3" step="1"/><G84/><REACH who="3" ten="270,230,250,240" step="2"/><T102/><D7/><U5/><E5/><V66/><F119/><W47/><G47/><T20/><D2/><U21/><E123/><V82/><F120/><W9/><G9/><T94/><D8/><U44/><E122/><V65/><F32/><W100/><G100/><T127/><D33/><U35/><E44/><V3/><F3/><W135/><AGARI ba="1,1" hai="40,46,51,54,59,62,77,79,128,130,131,132,134,135" machi="135" ten="40,12000,2" yaku="1,1,0,1,19,1,20,1,53,3" doraHai="101" doraHaiUra="124" who="3" fromWho="3" sc="270,-61,230,-31,250,-31,240,133" /><INIT seed="1,0,0,5,5,35" ten="209,199,219,373" oya="1" hai0="120,83,60,42,63,82,72,78,96,79,129,104,28" hai1="10,2,62,7,67,46,69,16,5,113,24,53,57" hai2="102,80,59,98,86,0,70,6,26,119,103,130,74" hai3="117,111,134,20,115,76,100,51,33,92,44,38,34"/><U37/><E113/><V12/><F119/><W106/><G38/><T131/><D42/><U124/><E124/><V9/><F70/><W36/><G36/><T32/><D28/><U81/><E81/><V90/><F74/><W122/><G106/><T125/><D32/><U112/><E112/><V95/><F130/><N who="0" m="49674" /><D60/><U89/><E89/><V135/><F135/><W25/><G122/><T40/><D63/><U49/><E7/><V116/><F116/><W132/><G76/><T15/><D15/><U126/><E126/><V128/><F128/><W68/><G68/><T43/><D43/><N who="1" m="22895" /><E24/><V31/><F59/><W109/><G117/><T8/><D8/><U66/><E66/><V107/><F12/><W22/><G115/><T55/><D55/><U45/><E45/><V23/><REACH who="2" step="1"/><F103/><REACH who="2" ten="209,199,209,373" step="2"/><W94/><G100/><N who="0" m="62471" /><D40/><U123/><E123/><V54/><F54/><W127/><G127/><T97/><D120/><U77/><E77/><V71/><F71/><W75/><G44/><T1/><D125/><U65/><E65/><V41/><F41/><W19/><G134/><T21/><D78/><U30/><E30/><V48/><F48/><W47/><G51/><T64/><D64/><U27/><E27/><V133/><F133/><W4/><G25/><T73/><D73/><U118/><E118/><V88/><F88/><W3/><G75/><T18/><D72/><U84/><E84/><V61/><F61/><W29/><G132/><T50/><D79/><U85/><E85/><V99/><F99/><W108/><G47/><T14/><D97/><U121/><E121/><V91/><F91/><RYUUKYOKU ba="0,1" sc="209,-15,199,15,209,15,373,-15" hai1="2,5,10,16,49,53,57,62,67,69" hai2="0,6,9,23,26,31,80,86,90,95,98,102,107" /><INIT seed="1,1,1,3,4,102" ten="194,214,224,358" oya="1" hai0="0,83,32,18,127,81,68,95,33,89,75,61,115" hai1="7,27,47,130,93,48,107,72,126,2,17,97,63" hai2="1,105,35,38,12,73,86,133,114,70,51,4,106" hai3="80,56,122,5,87,116,31,52,9,128,67,123,65"/><U53/><E126/><V121/><RYUUKYOKU type="yao9" ba="1,1" sc="194,0,214,0,224,0,358,0" hai2="1,4,12,35,38,51,70,73,86,105,106,114,121,133" /><INIT seed="1,2,1,0,4,27" ten="194,214,224,358" oya="1" hai0="89,132,57,2,114,41,134,115,127,63,109,124,44" hai1="29,42,48,66,119,17,9,68,10,51,120,43,128" hai2="103,19,60,93,135,58,104,112,121,78,46,99,47" hai3="20,21,91,101,45,36,12,80,56,37,125,13,74"/><U106/><E119/><V129/><F121/><W92/><G101/><T131/><D2/><U59/><E120/><V1/><F1/><W111/><G111/><T73/><D73/><U130/><E106/><V85/><F135/><N who="0" m="51754" /><D109/><U31/><E68/><V84/><F129/><N who="1" m="49769" /><E66/><V40/><F112/><N who="0" m="43050" /><D131/><U126/><E126/><N who="0" m="48169" /><D89/><U22/><E9/><V32/><F32/><W72/><G91/><T105/><D105/><U38/><E10/><V30/><F104/><W50/><G74/><T15/><D15/><N who="1" m="9535" /><E38/><V79/><F79/><W39/><G39/><N who="0" m="21567" /><D63/><U102/><E102/><V97/><F40/><N who="1" m="15401" /><E51/><V54/><F78/><W8/><G50/><T67/><D67/><U95/><E95/><V6/><F6/><W16/><G92/><T34/><D34/><U133/><E133/><V53/><F99/><W23/><G125/><T3/><D3/><U52/><AGARI ba="2,1" hai="29,31,48,52,59" m="15401,9535,49769" machi="52" ten="30,11700,0" yaku="19,1,52,2,54,1" doraHai="27" who="1" fromWho="1" sc="194,-41,214,133,224,-41,358,-41" /><INIT seed="1,3,0,1,4,98" ten="153,347,183,317" oya="1" hai0="108,19,128,23,49,17,57,51,10,44,70,90,46" hai1="106,53,122,119,131,36,102,105,24,55,66,116,121" hai2="54,112,40,0,15,52,42,69,114,1,16,87,124" hai3="129,35,34,135,18,84,61,63,99,91,71,75,68"/><U38/><E66/><V95/><F69/><W7/><G7/><T60/><D108/><U101/><REACH who="1" step="1"/><E24/><REACH who="1" ten="153,337,183,317" step="2"/><V93/><F124/><W47/><G71/><T29/><D70/><U8/><E8/><N who="2" m="6247" /><F1/><W48/><G68/><T81/><D10/><U118/><E118/><V5/><F0/><W59/><G129/><AGARI ba="3,1" hai="36,38,53,55,101,102,105,106,116,119,121,122,129,131" machi="129" ten="25,12000,1" yaku="1,1,22,2,52,2,53,0" doraHai="98" doraHaiUra="11" who="1" fromWho="3" sc="153,0,337,139,183,0,317,-129" /><INIT seed="1,4,0,5,1,5" ten="153,476,183,188" oya="1" hai0="38,42,8,91,40,44,119,72,77,126,133,55,1" hai1="132,114,22,94,73,27,65,78,71,25,84,51,97" hai2="68,108,122,102,13,0,31,118,52,10,128,6,93" hai3="50,92,34,29,134,60,120,113,107,59,41,89,75"/><U15/><E114/><V30/><F122/><W3/><G107/><T49/><D119/><U62/><E132/><V45/><F118/><W47/><G75/><T111/><D111/><U116/><E73/><V85/><F68/><W86/><G120/><T87/><D133/><U90/><E116/><V103/><F108/><W131/><G134/><T96/><D126/><U19/><E78/><V110/><F110/><W123/><G123/><T9/><D1/><U37/><E37/><V112/><F112/><W21/><G113/><T135/><D72/><U48/><E27/><V58/><F45/><W100/><G34/><T64/><D64/><U95/><E25/><V121/><F0/><W17/><G3/><T63/><D135/><U23/><E23/><V115/><F128/><W83/><G29/><N who="2" m="10761" /><F121/><W105/><G105/><T109/><D109/><U101/><AGARI ba="4,0" hai="15,19,22,48,51,62,65,71,84,90,94,95,97,101" machi="101" ten="20,2100,0" yaku="0,1,7,1" doraHai="5" who="1" fromWho="1" sc="153,-11,476,33,183,-11,188,-11" /><INIT seed="1,5,0,4,1,12" ten="142,509,172,177" oya="1" hai0="25,110,36,87,78,32,19,42,31,67,94,72,100" hai1="14,28,83,64,98,6,11,80,135,73,7,85,10" hai2="125,22,16,33,96,1,34,41,132,58,63,24,77" hai3="108,43,131,8,46,21,65,47,40,99,113,115,3"/><U79/><E135/><V20/><F1/><W54/><G99/><T88/><D110/><U118/><E118/><V35/><F132/><W55/><G21/><T117/><D117/><U102/><E28/><V129/><F77/><W38/><G8/><T112/><D112/><U61/><E83/><V57/><F129/><W95/><G95/><T18/><D67/><U130/><E130/><V30/><F125/><W116/><G3/><T81/><REACH who="0" step="1"/><D100/><REACH who="0" ten="132,509,172,177" step="2"/><U0/><E64/><V71/><F71/><W4/><G116/><T49/><D49/><U104/><E61/><V13/><F63/><W23/><G108/><T48/><D48/><U109/><E109/><V52/><F41/><W39/><G65/><T127/><D127/><U68/><E68/><V50/><REACH who="2" step="1"/><F96/><REACH who="2" ten="132,509,162,177" step="2"/><W93/><G131/><T134/><D134/><U119/><E119/><V123/><F123/><W90/><G115/><T89/><D89/><U29/><E98/><V111/><F111/><W103/><G113/><T82/><D82/><U97/><E97/><V128/><F128/><W121/><G121/><T59/><D59/><AGARI ba="5,2" hai="13,16,20,22,24,30,33,34,35,50,52,57,58,59" machi="59" ten="40,8000,1" yaku="1,1,52,1,54,2,53,0" doraHai="12" doraHaiUra="76" who="2" fromWho="0" sc="132,-95,509,0,162,115,177,0" /><INIT seed="2,0,0,4,3,115" ten="37,509,277,177" oya="2" hai0="78,127,133,43,118,85,69,41,113,46,120,117,62" hai1="109,72,65,131,108,83,135,66,25,81,22,6,128" hai2="76,4,80,110,106,2,7,111,114,14,71,47,94" hai3="33,129,97,107,20,70,93,112,39,92,86,63,21"/><V9/><F114/><W36/><G33/><T82/><D113/><U64/><E6/><V99/><F106/><W88/><G112/><T10/><D120/><U27/><E135/><V44/><F71/><W38/><G107/><T17/><D133/><U91/><E91/><V56/><F56/><W126/><G129/><N who="1" m="49738" /><E25/><V0/><F4/><W116/><G126/><T77/><D127/><U54/><E54/><V37/><F2/><W42/><G42/><T30/><D30/><N who="1" m="17783" /><E72/><V102/><F14/><W119/><G20/><T79/><D17/><U23/><E23/><V28/><F28/><W49/><G21/><T125/><D10/><U87/><E87/><V57/><F57/><W19/><G19/><T84/><D125/><U132/><E132/><V101/><F101/><W31/><G31/><T60/><D85/><U15/><E15/><V48/><F37/><W1/><G1/><T96/><D96/><U122/><E122/><V121/><F121/><W16/><G16/><T68/><D68/><U134/><E134/><V67/><F67/><W35/><G35/><T130/><D130/><U95/><E95/><V29/><F29/><W105/><G105/><T58/><D69/><U61/><E61/><N who="0" m="23657" /><D58/><U59/><E59/><V55/><REACH who="2" step="1"/><F47/><REACH who="2" ten="37,509,267,177" step="2"/><W98/><G70/><T34/><D34/><U124/><E124/><V12/><F12/><W89/><G63/><T74/><D46/><U103/><E103/><V104/><F104/><W53/><G36/><T75/><D75/><AGARI ba="0,1" hai="0,7,9,44,48,55,75,76,80,94,99,102,110,111" machi="75" ten="40,2000,0" yaku="1,1,53,0" doraHai="115" doraHaiUra="52" who="2" fromWho="0" sc="37,-20,509,0,267,30,177,0" /><INIT seed="2,1,0,5,1,45" ten="17,509,297,177" oya="2" hai0="9,23,21,94,1,35,59,77,33,41,29,34,102" hai1="52,89,25,65,120,90,68,81,70,130,18,83,92" hai2="69,132,97,12,107,112,4,44,15,32,119,49,104" hai3="16,26,13,5,118,133,131,61,100,39,63,75,7"/><V14/><F119/><W91/><G75/><T58/><D77/><U20/><E130/><V0/><F112/><W135/><G39/><T87/><D41/><U72/><E120/><V128/><F69/><W73/><G73/><T47/><D47/><U28/><E90/><V95/><F128/><W76/><G76/><T22/><D29/><U66/><E72/><V24/><F132/><N who="3" m="50763" /><G100/><T115/><D115/><U93/><E93/><V19/><F0/><W55/><G131/><T82/><D82/><N who="1" m="31243" /><E70/><V125/><F125/><W122/><G122/><T116/><D116/><U74/><E74/><V60/><F60/><N who="3" m="23115" /><G118/><T109/><D109/><U10/><E52/><V88/><F4/><W110/><G110/><T64/><D64/><U85/><E68/><V3/><F3/><W79/><G79/><T134/><D134/><U127/><E127/><V30/><REACH who="2" step="1"/><F19/><REACH who="2" ten="17,509,287,177" step="2"/><W86/><G16/><T126/><D126/><U111/><E111/><V103/><F103/><W51/><G5/><T6/><REACH who="0" step="1"/><D87/><REACH who="0" ten="7,509,287,177" step="2"/><U38/><E85/><V36/><F36/><W124/><G86/><T11/><D11/><U8/><E38/><V114/><F114/><W108/><G124/><T105/><D105/><U57/><E8/><V40/><AGARI ba="1,2" hai="12,14,15,24,30,32,40,44,49,88,95,97,104,107" machi="40" ten="30,11700,0" yaku="1,1,0,1,52,1,54,1,53,0" doraHai="45" doraHaiUra="80" who="2" fromWho="2" sc="7,-40,509,-40,287,140,177,-40" owari="-33,-53.3,469,56.9,427,22.7,137,-26.3" /></mjloggm>