<mjloggm ver="2.3"><GO type="169" lobby="0"/><UN n0="%E6%96%B0%E5%AD%90%E6%9C%9B" n1="%E3%81%A9%E3%82%93%E3%81%9F%E3%82%83%E3%82%93" n2="%E3%82%88%E3%81%86%E3%81%B8%E3%83%BC%58" n3="%71%75%65%79%69%6D%65%6E" dan="16,16,17,16" rate="2132.13,2179.72,2233.27,2116.67" sx="M,F,M,M"/><TAIKYOKU oya="0"/><INIT seed="0,0,0,2,4,0" ten="250,250,250,250" oya="0" hai0="120,112,29,127,40,54,22,61,135,2,68,78,45" hai1="92,4,96,102,99,43,131,48,18,100,85,105,6" hai2="35,123,57,77,12,8,107,106,108,104,14,38,34" hai3="62,110,87,26,119,41,60,90,111,13,20,32,121"/><T47/><D112/><U114/><E114/><V11/><F123/><W16/><G119/><T74/><D120/><U30/><E131/><V73/><F108/><N who="3" m="41515" /><G41/><T128/><D2/><U19/><E30/><V69/><F69/><W37/><G37/><T53/><D78/><U130/><E130/><V21/><F38/><W81/><G121/><T42/><D74/><U94/><E105/><V64/><F21/><N who="3" m="11407" /><G32/><T70/><D22/><U63/><E85/><V28/><F28/><AGARI ba="0,0" hai="20,26,28,60,62,81,87,90" m="11407,41515" machi="28" ten="30,2000,0" yaku="14,1,54,1" doraHai="0" who="3" fromWho="2" sc="250,0,250,0,250,-20,250,20" /><INIT seed="1,0,0,0,5,121" ten="250,250,230,270" oya="1" hai0="3,128,33,83,132,76,18,65,51,7,31,55,44" hai1="46,92,35,100,103,133,82,96,135,116,129,11,115" hai2="16,110,94,122,49,114,40,118,45,27,70,78,43" hai3="20,42,79,38,102,71,73,131,75,48,74,26,62"/><U104/><E35/><V90/><F122/><W86/><G131/><T72/><D128/><U119/><E129/><V95/><F118/><N who="1" m="45097" /><E11/><V80/><F114/><W14/><G38/><T127/><D65/><U85/><E46/><V56/><F70/><W34/><G102/><T112/><D112/><U125/><E115/><V17/><F110/><W1/><G1/><T67/><D67/><U81/><E125/><V12/><F43/><W117/><G14/><T0/><D127/><U25/><E25/><V69/><F69/><W60/><G34/><T111/><D7/><U8/><E8/><V61/><F27/><W97/><G97/><T21/><D33/><U89/><E103/><V77/><F95/><W28/><G117/><T59/><D31/><U120/><E120/><V22/><F80/><AGARI ba="0,0" hai="80,81,82,85,89,92,96,100,104,133,135" m="45097" machi="80" ten="30,2900,0" yaku="34,2" doraHai="121" who="1" fromWho="2" sc="250,0,250,29,230,-29,270,0" /><INIT seed="1,1,0,5,1,81" ten="250,279,201,270" oya="1" hai0="133,3,45,121,42,61,48,56,127,39,106,89,70" hai1="125,134,9,36,46,74,22,28,113,30,68,69,57" hai2="49,110,72,41,35,5,104,91,67,58,37,79,47" hai3="6,130,119,84,40,126,71,0,111,53,90,112,75"/><U18/><E113/><V94/><F110/><W99/><G40/><T10/><D106/><U118/><E118/><V115/><F115/><W108/><G53/><T107/><D107/><U78/><E125/><V62/><F104/><W82/><G71/><T19/><D127/><U101/><E101/><V64/><F35/><W98/><G126/><T32/><D32/><U96/><E96/><N who="3" m="36906" /><G112/><T20/><D133/><U17/><E134/><V131/><F131/><W55/><G55/><T38/><D121/><U122/><E57/><V116/><F116/><W100/><G6/><T8/><D3/><U120/><E22/><V29/><F29/><W4/><G4/><T102/><D102/><U92/><E46/><V12/><F67/><W52/><G52/><N who="0" m="31751" /><D38/><U1/><E36/><V25/><F25/><W63/><G63/><T26/><D89/><U33/><E33/><V95/><F37/><W124/><G0/><T87/><D87/><U24/><E1/><V109/><F109/><N who="3" m="42059" /><G124/><T65/><AGARI ba="1,0" hai="8,10,19,20,26,39,42,45,61,65,70" m="31751" machi="65" ten="30,2000,0" yaku="24,1,54,1" doraHai="81" who="0" fromWho="0" sc="250,23,279,-11,201,-6,270,-6" /><INIT seed="2,0,0,3,1,130" ten="273,268,195,264" oya="2" hai0="68,90,102,58,15,32,19,18,17,124,41,26,37" hai1="75,88,122,34,13,14,97,27,71,108,129,56,20" hai2="126,116,38,100,123,127,57,6,7,2,125,21,85" hai3="128,53,113,35,133,28,0,96,49,110,115,131,36"/><V114/><F123/><W59/><G110/><T51/><D68/><U92/><E71/><V104/><F38/><W16/><G36/><T62/><D37/><U117/><E117/><V66/><F116/><W78/><G0/><T64/><D124/><U95/><E108/><V83/><F114/><N who="3" m="43531" /><G78/><T25/><D102/><N who="1" m="60711" /><E34/><V9/><F6/><W61/><G28/><T30/><D26/><U60/><E75/><V77/><F21/><W80/><G80/><T44/><REACH who="0" step="1"/><D90/><REACH who="0" ten="263,268,195,264" step="2"/><U11/><E122/><V12/><F100/><W65/><G35/><T55/><D55/><N who="1" m="33823" /><E129/><V40/><F40/><W67/><G131/><T93/><D93/><U79/><E79/><V76/><F104/><W86/><G128/><T120/><D120/><U89/><E95/><V29/><F77/><W10/><G67/><T119/><D119/><U47/><E89/><V1/><REACH who="2" step="1"/><F29/><REACH who="2" ten="263,268,185,264" step="2"/><W45/><G16/><T52/><D52/><U48/><E88/><V109/><F109/><W91/><G53/><T54/><D54/><N who="1" m="29983" /><E11/><AGARI ba="0,2" hai="11,15,17,18,19,25,30,32,41,44,51,58,62,64" machi="11" ten="30,2000,0" yaku="1,1,7,1,53,0" doraHai="130" doraHaiUra="111" who="0" fromWho="1" sc="263,40,268,-20,185,0,264,0" /><INIT seed="3,0,0,2,2,66" ten="303,248,185,264" oya="3" hai0="30,22,38,79,15,104,7,112,29,54,123,111,62" hai1="55,48,71,97,128,58,83,25,20,103,35,24,51" hai2="47,41,90,120,124,60,26,21,19,131,75,5,69" hai3="94,110,63,49,12,87,4,89,78,133,68,130,23"/><W116/><G116/><T57/><D123/><U33/><E128/><V73/><F131/><W74/><G130/><T0/><D0/><U76/><E51/><V70/><F120/><W125/><G125/><T8/><D104/><U96/><E71/><V13/><F124/><W16/><G133/><T3/><D38/><U32/><E103/><V77/><F90/><W135/><G135/><T119/><D119/><U132/><E132/><V91/><F60/><W72/><G110/><T17/><D111/><U27/><REACH who="1" step="1"/><E20/><REACH who="1" ten="303,238,185,264" step="2"/><V109/><F109/><W99/><G49/><T95/><D22/><U86/><AGARI ba="0,1" hai="24,25,27,32,33,35,48,55,58,76,83,86,96,97" machi="86" ten="40,5200,0" yaku="1,1,2,1,0,1,53,0" doraHai="66" doraHaiUra="64" who="1" fromWho="1" sc="303,-13,238,62,185,-13,264,-26" /><INIT seed="4,0,0,4,5,29" ten="290,300,172,238" oya="0" hai0="92,22,128,104,54,49,103,127,117,41,31,52,79" hai1="97,7,123,25,82,56,3,55,13,24,107,83,90" hai2="61,19,126,33,66,130,14,80,110,125,9,48,64" hai3="88,27,111,16,68,5,21,98,77,119,96,76,53"/><T121/><D117/><U118/><E118/><V93/><F110/><W58/><G119/><T100/><D121/><U36/><E36/><V91/><F130/><W73/><G68/><T35/><D35/><U23/><E3/><V86/><F33/><W12/><G111/><T132/><D104/><U134/><E134/><V10/><F10/><N who="3" m="4175" /><G98/><T57/><D127/><U129/><E129/><V72/><F48/><N who="3" m="31015" /><G73/><T131/><D132/><U95/><E107/><V42/><F42/><W108/><G108/><T43/><D128/><U67/><E67/><V101/><F66/><W32/><G32/><T102/><D131/><U62/><E123/><V133/><F133/><W8/><G8/><T30/><D54/><U37/><E37/><V71/><REACH who="2" step="1"/><F101/><REACH who="2" ten="290,300,162,238" step="2"/><W113/><G113/><T46/><D43/><U11/><REACH who="1" step="1"/><E24/><REACH who="1" ten="290,290,162,238" step="2"/><V40/><F40/><W84/><G96/><T26/><D41/><U85/><E85/><V47/><F47/><W109/><G109/><T65/><D46/><U4/><E4/><V70/><F70/><W45/><G45/><T87/><D65/><U99/><E99/><V28/><F28/><AGARI ba="0,2" hai="7,11,13,23,25,28,55,56,62,82,83,90,95,97" machi="28" ten="30,3900,0" yaku="1,1,7,1,8,1,53,0" doraHai="29" doraHaiUra="120" who="1" fromWho="2" sc="290,0,290,59,162,-39,238,0" /><INIT seed="5,0,0,5,0,107" ten="290,349,123,238" oya="1" hai0="28,42,132,55,101,18,39,2,77,38,78,65,85" hai1="81,83,61,87,53,121,64,27,26,16,59,25,110" hai2="62,7,123,90,34,63,35,88,23,74,31,56,103" hai3="82,106,108,124,119,37,72,19,30,104,41,93,70"/><U8/><E121/><V5/><F123/><W125/><G108/><T98/><D2/><U51/><E110/><V3/><F103/><W24/><G70/><T116/><D116/><U44/><REACH who="1" step="1"/><E87/><REACH who="1" ten="290,339,123,238" step="2"/><V67/><F74/><W43/><G72/><T32/><D85/><U47/><E47/><V52/><F3/><W57/><G119/><T91/><D132/><U58/><E58/><N who="2" m="37335" /><F35/><W114/><G57/><T128/><D32/><U10/><E10/><V97/><F34/><W134/><G134/><T40/><D128/><U4/><E4/><N who="2" m="1611" /><F97/><W20/><G125/><T66/><D98/><U96/><E96/><V36/><F36/><W13/><G37/><T112/><D38/><U15/><AGARI ba="0,1" hai="8,15,16,25,26,27,44,51,53,59,61,64,81,83" machi="15" ten="30,11700,0" yaku="1,1,0,1,8,1,54,1,53,0" doraHai="107" doraHaiUra="84" who="1" fromWho="1" sc="290,-39,339,127,123,-39,238,-39" /><INIT seed="5,1,0,4,5,100" ten="251,466,84,199" oya="1" hai0="68,125,111,72,45,59,55,17,41,81,93,64,37" hai1="96,109,69,115,36,85,61,120,92,11,52,14,54" hai2="108,10,57,89,103,76,105,9,107,116,15,27,1" hai3="2,31,83,130,135,104,13,118,46,132,131,63,112"/><U35/><E120/><V78/><F116/><W18/><G2/><T4/><D111/><U25/><E36/><V51/><F108/><W90/><G31/><T47/><D125/><U97/><E109/><V128/><F103/><W22/><G118/><T94/><D47/><U86/><E97/><V24/><F1/><W34/><G34/><T121/><D121/><U32/><E32/><V98/><F98/><W28/><G28/><T40/><D40/><U71/><E35/><V133/><F51/><W124/><G112/><T50/><D4/><U20/><E71/><V102/><F102/><W129/><G63/><N who="0" m="39967" /><D17/><N who="1" m="12431" /><E69/><V80/><F57/><W70/><G46/><T0/><D0/><U110/><E115/><V8/><F15/><W49/><G49/><T65/><D65/><U82/><E110/><V113/><F113/><W3/><G3/><T56/><D56/><N who="1" m="34951" /><E82/><V58/><F58/><W44/><G70/><T21/><D21/><U73/><E73/><V30/><F30/><W7/><G44/><T39/><D39/><U101/><E54/><V6/><F6/><AGARI ba="1,0" hai="6,11,14,85,86,92,96,101" m="34951,12431" machi="6" ten="30,2900,0" yaku="8,1,54,1" doraHai="100" who="1" fromWho="2" sc="251,0,466,32,84,-32,199,0" /><INIT seed="5,2,0,4,5,56" ten="251,498,52,199" oya="1" hai0="133,39,99,120,67,57,94,8,81,45,119,31,83" hai1="129,112,40,116,55,134,77,89,54,64,35,60,18" hai2="82,11,96,102,10,27,13,29,75,101,104,124,110" hai3="51,24,113,62,127,5,28,38,4,43,73,118,15"/><U69/><E116/><V105/><F110/><W37/><G73/><T20/><D119/><U128/><E35/><V126/><F75/><W95/><G118/><T135/><D120/><U1/><E1/><V41/><F82/><W115/><G127/><T34/><D34/><U72/><E112/><V46/><F102/><W12/><G95/><T47/><D8/><U19/><E89/><V92/><F124/><W14/><G51/><T21/><D39/><U7/><E7/><N who="3" m="2634" /><G43/><T132/><D31/><U2/><E2/><V85/><F126/><W42/><G62/><N who="0" m="38351" /><D83/><N who="1" m="45479" /><E40/><V33/><F85/><W74/><G42/><T100/><D81/><U125/><E125/><V0/><F0/><W121/><G121/><T49/><D49/><U23/><E18/><V3/><F3/><W6/><G6/><T107/><D107/><U103/><E103/><V86/><F86/><W111/><G111/><T59/><D59/><U32/><E32/><V22/><F104/><W109/><G74/><T70/><D70/><U106/><E106/><V61/><F105/><W97/><G97/><T78/><D78/><U52/><E54/><V114/><F114/><N who="3" m="43531" /><G109/><T48/><D47/><U36/><E36/><V17/><REACH who="2" step="1"/><F61/><REACH who="2" ten="251,498,42,199" step="2"/><W68/><G38/><AGARI ba="2,1" hai="10,11,13,17,22,27,29,33,38,41,46,92,96,101" machi="38" ten="30,7700,0" yaku="1,1,2,1,7,1,53,1" doraHai="56" doraHaiUra="71" who="2" fromWho="3" sc="251,0,498,0,42,93,199,-83" /><INIT seed="6,0,0,5,1,60" ten="251,498,135,116" oya="2" hai0="134,0,108,45,92,62,38,128,44,135,116,132,119" hai1="32,10,9,68,3,69,49,24,71,25,36,114,52" hai2="15,124,1,12,66,27,80,67,63,55,127,103,22" hai3="5,78,90,112,43,99,48,84,17,83,70,16,100"/><V131/><F1/><W42/><G112/><T123/><D0/><U53/><E36/><V107/><F131/><W20/><G70/><T65/><D92/><U102/><E3/><V61/><F55/><N who="1" m="21065" /><E49/><V85/><F103/><W129/><G129/><T79/><D79/><U81/><E102/><V104/><F27/><N who="1" m="10313" /><E81/><V31/><F31/><W115/><G115/><T120/><D128/><U126/><E114/><V133/><F22/><W56/><G5/><T6/><D6/><U8/><E126/><N who="2" m="48171" /><F133/><W110/><G110/><T117/><D108/><U7/><E7/><V23/><F23/><W40/><G17/><T29/><D29/><U30/><E30/><V106/><F61/><W97/><G56/><N who="0" m="37063" /><D38/><U75/><E75/><V86/><F63/><W26/><G78/><T94/><D94/><U59/><E59/><V118/><F118/><W72/><G72/><T111/><D111/><U39/><E39/><V122/><F80/><W11/><G11/><T96/><D96/><N who="3" m="36937" /><G100/><T46/><AGARI ba="0,0" hai="44,45,46,116,117,119,120,123,132,134,135" m="37063" machi="46" ten="50,12000,2" yaku="29,2,12,1,20,1,34,2,52,1" doraHai="60" who="0" fromWho="0" sc="251,120,498,-30,135,-60,116,-30" /><INIT seed="7,0,0,4,3,78" ten="371,468,75,86" oya="3" hai0="23,113,49,123,74,91,126,11,18,45,115,10,112" hai1="86,38,27,89,31,75,66,42,120,106,5,28,6" hai2="12,109,134,79,100,101,43,131,119,114,41,46,85" hai3="128,44,77,32,7,4,70,47,121,9,94,58,110"/><W55/><G121/><T20/><D123/><U80/><E120/><V26/><F119/><W124/><G70/><T122/><D122/><U118/><E106/><V87/><F109/><W132/><G32/><T60/><D126/><U104/><E104/><V35/><F35/><W0/><G124/><T14/><D60/><U34/><E31/><V72/><F72/><W76/><G110/><T22/><D74/><U117/><E75/><V19/><F26/><W95/><G128/><T81/><D10/><U97/><E66/><V84/><F131/><W3/><G58/><T73/><D73/><U15/><E15/><V21/><F114/><W93/><G132/><T65/><D65/><U39/><E97/><V17/><F134/><W99/><G99/><T69/><D69/><U133/><E133/><V24/><F79/><W53/><G94/><T8/><D8/><AGARI ba="0,0" hai="0,3,4,7,8,9,44,47,53,55,76,77,93,95" machi="8" ten="25,2400,0" yaku="22,2" doraHai="78" who="3" fromWho="0" sc="371,-24,468,0,75,0,86,24" /><INIT seed="7,1,0,4,3,4" ten="347,468,75,110" oya="3" hai0="11,30,20,1,19,85,59,67,120,13,121,109,93" hai1="82,110,21,25,70,104,66,96,43,42,69,100,99" hai2="6,97,57,77,94,71,53,111,35,55,73,9,119" hai3="98,58,124,78,88,36,2,51,125,64,89,123,75"/><W101/><G36/><T29/><D67/><U130/><E110/><V8/><F119/><W134/><G123/><T106/><D106/><U63/><E70/><V16/><F111/><W112/><G112/><T131/><D109/><U117/><E117/><V3/><F71/><W91/><G2/><T46/><D131/><U95/><E82/><V5/><F35/><W105/><G134/><T132/><D132/><U48/><E48/><V7/><F73/><W22/><G22/><T126/><D126/><N who="3" m="48745" /><G78/><T92/><D46/><U44/><E44/><V76/><F3/><W81/><G75/><T33/><D59/><U10/><E10/><N who="2" m="4203" /><F16/><W31/><G31/><T84/><D30/><U118/><E130/><V28/><F28/><W18/><G18/><T54/><D121/><U72/><E72/><V62/><F55/><N who="3" m="32127" /><G64/><T83/><D120/><U37/><E37/><V40/><F40/><W23/><G23/><T15/><D1/><U127/><E118/><V68/><F68/><W115/><G115/><T32/><D32/><U80/><E127/><V108/><F108/><W49/><G49/><T79/><D33/><U47/><E21/><V17/><F17/><W41/><G41/><T116/><D116/><U27/><E42/><V87/><F87/><AGARI ba="1,0" hai="81,87,88,89,91,98,101,105" m="32127,48745" machi="87" ten="30,2900,0" yaku="18,1,54,1" doraHai="4" who="3" fromWho="2" sc="347,0,468,0,75,-32,110,32" /><INIT seed="7,2,0,2,1,42" ten="347,468,43,142" oya="3" hai0="24,66,61,124,87,90,41,31,127,44,94,112,92" hai1="106,129,86,102,29,20,135,21,22,96,85,128,84" hai2="70,69,103,8,72,126,58,79,71,3,50,28,88" hai3="9,1,80,30,104,100,10,81,47,117,17,18,15"/><W67/><G117/><T51/><D94/><U37/><E37/><V62/><F103/><W55/><G30/><T34/><REACH who="0" step="1"/><D112/><REACH who="0" ten="337,468,43,142" step="2"/><U130/><E135/><V19/><F126/><W132/><G81/><T109/><D109/><U114/><E114/><V53/><F28/><AGARI ba="2,1" hai="20,21,22,28,29,84,85,86,96,102,106,128,129,130" machi="28" ten="50,6400,0" yaku="29,2,19,1" doraHai="42" who="1" fromWho="2" sc="337,0,468,80,43,-70,142,0" owari="337,13.7,548,64.8,-27,-52.7,142,-25.8" /></mjloggm>