<mjloggm ver="2.3"><GO type="169" lobby="0"/><UN n0="%64%6F%6F%6F%6F%77%79%31" n1="%E3%81%9F%E3%81%BE%E3%82%82%E3%82%84%E3%82%93" n2="%42%65%6E%63%68%69%6E%67" n3="%E5%A7%AB%E7%95%99" dan="16,16,16,16" rate="2174.66,2103.54,2088.41,2122.22" sx="M,F,M,M"/><TAIKYOKU oya="0"/><INIT seed="0,0,0,3,3,124" ten="250,250,250,250" oya="0" hai0="46,107,44,116,37,105,26,17,39,68,77,82,32" hai1="12,134,75,131,76,73,43,70,13,41,130,106,35" hai2="30,33,61,129,128,63,55,34,101,112,97,51,121" hai3="127,69,96,0,8,118,14,36,2,53,38,109,126"/><T100/><D116/><U21/><E106/><V4/><F121/><W45/><G118/><T40/><D68/><U66/><E35/><V78/><F112/><W108/><G69/><T88/><D100/><U104/><E104/><V86/><F4/><W57/><G96/><T28/><D17/><U7/><E134/><V64/><F86/><W113/><G113/><T31/><D31/><U52/><E70/><N who="2" m="42255" /><F78/><W98/><G98/><T95/><D95/><U42/><E66/><V9/><F9/><W114/><G114/><T3/><D3/><N who="3" m="1065" /><G45/><T23/><D23/><U16/><E52/><V27/><F34/><W87/><G87/><T132/><D88/><U92/><E92/><V91/><F91/><W15/><G38/><T79/><D79/><U117/><E117/><V72/><F72/><W47/><G47/><T50/><D132/><U58/><E58/><N who="2" m="33151" /><F63/><W48/><G8/><T84/><REACH who="0" step="1"/><D39/><REACH who="0" ten="240,250,250,250" step="2"/><U62/><E76/><V93/><F93/><W56/><G36/><T110/><D110/><U65/><E21/><V83/><F83/><W24/><G108/><T22/><D22/><U85/><E16/><V102/><F102/><W10/><G109/><T54/><AGARI ba="0,1" hai="26,28,32,37,40,44,46,50,54,77,82,84,105,107" machi="54" ten="20,3900,0" yaku="1,1,0,1,7,1,53,0" doraHai="124" doraHaiUra="115" who="0" fromWho="0" sc="240,49,250,-13,250,-13,250,-13" /><INIT seed="0,1,0,0,2,50" ten="289,237,237,237" oya="0" hai0="99,20,28,70,7,54,114,121,8,86,32,63,11" hai1="76,31,80,98,82,81,23,97,78,52,89,49,134" hai2="125,57,24,59,40,34,113,104,135,33,13,96,91" hai3="112,73,21,30,64,77,48,111,75,44,118,55,107"/><T39/><D114/><U72/><E134/><V100/><F125/><W1/><G112/><T46/><D121/><U95/><E98/><V74/><F135/><W38/><G118/><T130/><D32/><U41/><E41/><V92/><F113/><W79/><G107/><T35/><D35/><U123/><E123/><V2/><F2/><W29/><G1/><T22/><D130/><U83/><E31/><V128/><F128/><W9/><G9/><T127/><D127/><U47/><REACH who="1" step="1"/><E23/><REACH who="1" ten="289,227,237,237" step="2"/><V129/><F129/><W18/><G29/><T88/><D99/><U25/><E25/><V108/><F24/><W115/><G30/><T110/><D28/><U61/><E61/><V45/><F34/><W37/><G115/><T36/><D22/><U56/><E56/><V10/><F33/><W58/><G58/><T120/><D20/><U12/><E12/><V3/><F3/><W87/><G21/><T19/><D63/><U126/><E126/><V119/><F119/><W94/><G37/><T122/><D39/><U16/><E16/><V133/><F133/><W6/><G18/><T27/><D19/><U71/><E71/><V101/><F13/><W67/><G38/><T17/><D36/><U116/><E116/><V62/><F59/><W85/><G6/><T15/><D70/><U103/><E103/><N who="2" m="60807" /><F57/><W109/><G109/><T102/><D110/><U105/><E105/><V69/><F104/><W106/><G106/><T26/><D120/><U0/><E0/><V66/><F69/><W90/><G111/><T4/><D122/><U14/><E14/><V68/><F108/><RYUUKYOKU ba="1,1" sc="289,-10,227,30,237,-10,237,-10" hai1="47,49,52,72,76,78,80,81,82,83,89,95,97" /><INIT seed="1,2,1,0,1,16" ten="279,257,227,227" oya="1" hai0="79,82,59,62,95,52,72,78,44,113,99,32,4" hai1="74,92,85,61,38,108,71,117,122,86,34,7,28" hai2="42,116,9,90,75,131,111,93,54,21,29,11,96" hai3="43,26,57,103,27,69,66,83,63,49,81,101,135"/><U10/><E122/><V126/><F116/><W125/><G125/><T130/><D130/><U20/><E117/><V19/><F131/><W109/><G109/><T5/><D113/><U17/><E74/><V97/><F126/><W129/><G129/><T12/><D32/><U89/><E38/><V124/><F124/><W119/><G119/><T25/><D79/><U118/><E118/><V14/><F75/><W55/><G135/><T1/><D1/><U91/><E108/><V94/><F111/><W127/><G127/><T39/><D12/><U2/><E28/><V6/><F42/><W31/><G27/><T73/><D73/><U98/><E34/><V112/><F112/><W37/><G101/><T58/><D25/><U45/><E45/><V64/><F64/><W50/><G50/><T23/><D23/><U46/><E46/><V134/><F134/><W77/><G103/><T51/><D39/><U105/><E105/><V53/><F29/><W48/><G48/><T67/><REACH who="0" step="1"/><D44/><REACH who="0" ten="269,257,227,227" step="2"/><U133/><E133/><V36/><F36/><W40/><G77/><T88/><AGARI ba="2,2" hai="4,5,51,52,58,59,62,67,72,78,82,88,95,99" machi="88" ten="20,12000,2" yaku="1,1,2,1,0,1,7,1,54,2,53,0" doraHai="16" doraHaiUra="128" who="0" fromWho="0" sc="269,146,257,-62,227,-32,227,-32" /><INIT seed="2,0,0,2,4,22" ten="415,195,195,195" oya="2" hai0="87,48,85,7,125,104,39,54,83,109,60,0,32" hai1="92,24,64,84,77,81,9,128,44,31,102,124,114" hai2="71,97,41,30,73,76,79,67,6,122,15,119,10" hai3="132,51,56,35,59,101,23,40,18,75,131,58,100"/><V38/><F122/><W120/><G120/><T5/><D39/><U66/><E114/><V49/><F119/><W78/><G35/><T113/><D113/><U34/><E124/><V105/><F38/><W74/><G131/><T8/><D125/><U82/><E128/><V115/><F115/><W118/><G118/><T53/><D104/><U2/><E44/><N who="2" m="25743" /><F73/><W57/><G132/><T28/><D109/><U29/><E29/><V129/><F71/><W4/><G4/><T90/><D7/><U70/><E70/><V62/><F105/><W33/><G33/><T127/><D127/><U117/><E117/><V52/><F129/><W69/><G69/><T106/><D106/><U26/><E9/><V36/><F36/><W88/><G78/><N who="2" m="29737" /><F30/><W130/><G75/><T19/><D85/><N who="1" m="48303" /><E31/><V11/><F11/><W3/><G74/><T98/><D98/><N who="1" m="59719" /><E34/><V93/><F67/><N who="1" m="25641" /><E2/><V133/><F133/><W123/><G3/><T50/><D19/><U112/><E112/><V45/><F45/><N who="3" m="26023" /><G123/><T42/><D32/><U134/><E134/><V65/><F65/><W12/><G130/><T20/><D0/><U95/><E95/><V108/><F108/><W111/><G111/><T121/><D121/><U86/><E82/><V94/><F97/><W46/><G46/><T135/><D135/><U103/><E103/><V116/><F116/><W80/><N who="3" m="14336" /><DORA hai="107" /><W13/><G13/><T61/><D83/><U16/><E84/><AGARI ba="0,0" hai="12,18,23,80,84,88,100,101" m="14336,26023" machi="84" ten="40,2600,0" yaku="8,1,54,1" doraHai="22,107" who="3" fromWho="1" sc="415,0,195,-26,195,0,195,26" /><INIT seed="3,0,0,0,4,38" ten="415,169,195,221" oya="3" hai0="80,95,97,85,89,1,124,68,23,81,33,101,134" hai1="102,83,125,7,118,3,109,116,120,21,40,74,16" hai2="78,37,53,126,58,59,91,79,86,8,106,32,54" hai3="52,29,77,66,9,44,69,73,82,115,93,100,57"/><W108/><G115/><T6/><D33/><U28/><E120/><V92/><F126/><W122/><G122/><T107/><D124/><U45/><E125/><V5/><F106/><W17/><G29/><T75/><D68/><U64/><E64/><V70/><F32/><W103/><G93/><T46/><D134/><U67/><E67/><V76/><F70/><W10/><G44/><T2/><D6/><U110/><E102/><V87/><F37/><W90/><G90/><T117/><D117/><N who="1" m="45163" /><E28/><V129/><F129/><W30/><G30/><T4/><D4/><U15/><E74/><V123/><F123/><W22/><G69/><T36/><D23/><U65/><E65/><V34/><F34/><W42/><G66/><T49/><D36/><N who="1" m="21639" /><E83/><V12/><REACH who="2" step="1"/><F87/><REACH who="2" ten="415,169,185,221" step="2"/><W55/><G73/><T19/><D75/><U72/><E72/><V62/><F62/><W128/><G128/><T13/><D107/><U0/><E7/><V112/><F112/><W114/><G114/><T94/><D85/><U11/><E21/><V47/><F47/><W99/><G22/><T132/><D46/><U39/><E39/><V50/><F50/><W63/><G63/><T105/><D49/><U27/><E27/><V26/><F26/><W127/><G127/><T84/><D105/><U43/><E43/><V119/><F119/><W18/><G42/><T51/><D51/><U104/><E104/><V31/><F31/><W111/><G111/><AGARI ba="0,1" hai="0,3,11,15,16,109,110,111" m="21639,45163" machi="111" ten="30,7700,0" yaku="14,1,12,1,52,1,54,1" doraHai="38" who="1" fromWho="3" sc="415,0,169,87,185,0,221,-77" /><INIT seed="4,0,0,2,3,3" ten="415,256,185,144" oya="0" hai0="115,108,26,70,73,20,16,111,110,44,52,39,72" hai1="34,120,119,116,133,99,77,101,5,24,93,90,88" hai2="60,106,109,112,43,122,82,50,17,75,87,37,0" hai3="126,30,130,79,95,33,117,29,94,54,121,69,4"/><T49/><D115/><U42/><E120/><V64/><F122/><W31/><G117/><T19/><D70/><U83/><E133/><V38/><F112/><W65/><G33/><T35/><D35/><U23/><E34/><V58/><F109/><W92/><G121/><T118/><D118/><U123/><E123/><V71/><F106/><W13/><G130/><T85/><D39/><U100/><E42/><V51/><F75/><W11/><G126/><T8/><D85/><U59/><E59/><V103/><F103/><W25/><G79/><T22/><REACH who="0" step="1"/><D8/><REACH who="0" ten="405,256,185,144" step="2"/><U67/><E119/><V78/><F71/><W21/><REACH who="3" step="1"/><G54/><REACH who="3" ten="405,256,185,134" step="2"/><T84/><D84/><U127/><E116/><V2/><F87/><W66/><G66/><T128/><D128/><U32/><E67/><V28/><F64/><W55/><G55/><T57/><D57/><U1/><E32/><V107/><F58/><W62/><AGARI ba="0,2" hai="4,11,13,21,25,29,30,31,62,65,69,92,94,95" machi="62" ten="30,7900,0" yaku="1,1,0,1,52,1,53,1" doraHai="3" doraHaiUra="63" who="3" fromWho="3" sc="405,-39,256,-20,185,-20,134,99" /><INIT seed="5,0,0,2,2,5" ten="366,236,165,233" oya="1" hai0="126,45,17,23,109,122,8,116,9,47,135,82,44" hai1="41,28,124,80,11,36,13,81,57,130,88,40,21" hai2="86,65,89,48,105,29,84,110,104,77,96,4,71" hai3="91,90,128,43,33,60,134,32,75,62,113,133,26"/><U112/><E112/><V68/><F110/><W132/><G113/><T42/><D109/><U117/><E117/><V114/><F114/><W100/><G100/><T69/><D116/><U87/><E124/><V95/><F29/><W39/><G75/><T56/><D69/><U34/><E34/><N who="3" m="13418" /><G26/><T46/><D135/><U20/><E130/><V94/><F48/><W64/><G128/><T31/><D126/><U120/><E120/><V99/><F4/><W74/><G74/><T92/><D122/><U58/><E80/><N who="2" m="47119" /><F65/><W12/><G12/><T25/><D82/><U125/><E36/><V15/><F15/><W10/><G10/><N who="0" m="4203" /><D56/><N who="1" m="21611" /><E28/><V102/><F68/><W76/><G39/><T37/><D37/><U52/><E52/><V67/><F67/><W59/><G64/><T27/><D92/><U55/><E55/><V108/><F71/><W7/><G59/><T24/><D31/><U19/><E125/><V49/><F49/><W16/><G134/><T14/><D45/><U66/><E66/><V115/><F115/><W50/><G132/><T121/><D121/><U97/><E97/><N who="2" m="59703" /><F108/><W2/><G133/><T79/><D42/><AGARI ba="0,0" hai="11,13,19,20,21,40,41,42,81,87,88" m="21611" machi="42" ten="30,5800,0" yaku="8,1,52,1,54,1" doraHai="5" who="1" fromWho="0" sc="366,-58,236,58,165,0,233,0" /><INIT seed="5,1,0,4,1,37" ten="308,294,165,233" oya="1" hai0="119,69,55,18,78,107,34,112,79,9,30,81,47" hai1="82,43,5,124,97,44,92,14,87,85,109,116,57" hai2="123,66,70,26,16,31,95,23,96,98,53,76,38" hai3="52,64,21,113,94,25,67,111,131,13,46,125,51"/><U134/><E116/><V110/><F123/><W104/><G111/><T35/><D107/><U24/><E124/><V118/><F118/><W54/><G104/><T3/><D69/><U133/><E24/><V103/><F110/><W33/><G125/><T27/><D119/><U15/><E57/><V74/><F38/><W99/><G113/><T12/><D112/><U48/><E87/><V8/><F74/><W45/><G13/><T86/><D3/><U49/><E49/><V129/><F129/><W71/><G33/><T115/><D115/><U58/><E58/><V62/><F76/><W101/><G71/><T19/><D19/><U108/><E108/><V42/><F42/><W68/><G68/><T90/><REACH who="0" step="1"/><D35/><REACH who="0" ten="298,294,165,233" step="2"/><U29/><E109/><V126/><F126/><W22/><G131/><T4/><D4/><U130/><E5/><V84/><F31/><W28/><G22/><T100/><D100/><N who="1" m="60455" /><E29/><V89/><F8/><W135/><G135/><N who="1" m="51722" /><E130/><V32/><F32/><W73/><G21/><T106/><D106/><U75/><E75/><V36/><F103/><W41/><G73/><T6/><D6/><U11/><E11/><V117/><F117/><W56/><G28/><T132/><D132/><U93/><E93/><V128/><F128/><W50/><REACH who="3" step="1"/><G25/><REACH who="3" ten="298,294,165,223" step="2"/><T114/><D114/><U88/><AGARI ba="1,2" hai="14,15,43,44,48,82,85,88" m="51722,60455" machi="88" ten="30,6000,0" yaku="20,1,52,1,54,1" doraHai="37" who="1" fromWho="1" sc="298,-21,294,83,165,-21,223,-21" /><INIT seed="5,2,0,2,1,114" ten="277,377,144,202" oya="1" hai0="82,37,81,24,33,75,70,26,83,105,130,96,31" hai1="117,63,18,60,111,51,116,109,129,15,134,71,120" hai2="36,66,13,53,61,123,14,92,87,110,45,41,85" hai3="127,77,72,98,34,32,112,48,108,73,102,124,69"/><U113/><E120/><V101/><F110/><N who="1" m="41993" /><E113/><V126/><F123/><W132/><G69/><T46/><D130/><U119/><E129/><V57/><F126/><N who="3" m="48171" /><G108/><T56/><D70/><U107/><E107/><V3/><F3/><W100/><G112/><T50/><D56/><U43/><E71/><V44/><F101/><N who="3" m="39019" /><G98/><T62/><D96/><U106/><E134/><V90/><F87/><W131/><G131/><T11/><D105/><U95/><E95/><V28/><F28/><W38/><G38/><T29/><D37/><U128/><E106/><V74/><F74/><N who="3" m="28779" /><G48/><T49/><D11/><N who="1" m="6527" /><E128/><V135/><F135/><W10/><G132/><T91/><D75/><U89/><E89/><V115/><F115/><W25/><G77/><T20/><D62/><U39/><E39/><V93/><F93/><W94/><G94/><T58/><D58/><U47/><AGARI ba="2,0" hai="43,47,51,60,63,116,117,119" m="6527,41993" machi="47" ten="40,12000,1" yaku="10,1,52,3" doraHai="114" who="1" fromWho="1" sc="277,-42,377,126,144,-42,202,-42" /><INIT seed="5,3,0,1,5,42" ten="235,503,102,160" oya="1" hai0="6,123,44,8,128,36,102,16,114,107,29,33,71" hai1="120,118,4,45,58,64,54,56,119,85,50,93,96" hai2="79,90,60,105,52,9,89,0,125,92,111,106,127" hai3="69,68,72,32,39,77,14,61,55,116,104,112,101"/><U31/><E120/><V13/><F0/><W80/><G32/><T133/><D123/><U25/><E4/><V24/><F111/><W124/><G112/><T117/><D114/><U130/><E130/><V27/><F79/><W82/><G39/><T41/><D128/><U95/><E85/><V46/><F105/><W66/><G124/><N who="2" m="47689" /><F106/><W91/><G55/><T17/><D133/><U26/><E95/><V98/><F90/><W18/><G116/><T62/><D117/><U2/><E2/><V135/><F135/><W35/><G35/><T57/><D6/><U81/><E81/><V76/><F76/><W11/><G101/><T94/><D94/><U15/><E15/><V74/><F74/><W126/><G104/><T70/><D8/><U28/><E119/><V53/><F53/><W103/><G103/><T75/><D75/><U10/><E10/><V23/><F23/><W20/><G126/><T109/><D109/><U100/><E64/><V131/><F131/><W63/><G20/><T97/><D57/><N who="1" m="22123" /><E118/><V37/><F60/><W122/><G122/><T108/><D108/><U113/><E113/><V34/><F34/><W38/><G63/><T19/><REACH who="0" step="1"/><D62/><REACH who="0" ten="225,503,102,160" step="2"/><U87/><E93/><V3/><F3/><W86/><G61/><T84/><D84/><U121/><E87/><V30/><F37/><W22/><G38/><T73/><D73/><U49/><E121/><V67/><F67/><W83/><G66/><T129/><D129/><U21/><E50/><N who="2" m="28759" /><F30/><W12/><G82/><T110/><D110/><U48/><E31/><V99/><F98/><W47/><G72/><RYUUKYOKU ba="3,1" sc="225,15,503,-15,102,15,160,-15" hai0="16,17,19,29,33,36,41,44,70,71,97,102,107" hai2="9,13,24,27,89,92,99" /><INIT seed="6,4,1,2,2,34" ten="240,488,117,145" oya="2" hai0="113,19,54,93,102,116,45,76,124,0,51,118,94" hai1="4,9,128,60,65,132,90,55,125,109,81,91,104" hai2="11,29,14,57,12,100,101,123,126,33,39,58,64" hai3="134,131,15,95,31,61,2,52,56,43,63,127,75"/><V74/><F123/><W78/><G2/><T117/><D113/><U6/><E104/><V46/><F126/><W35/><G127/><T68/><D124/><U1/><E109/><V135/><F135/><W22/><G134/><T133/><D133/><U71/><E128/><V20/><F74/><W37/><G35/><T48/><D68/><U106/><E106/><V44/><F33/><W24/><G131/><T42/><D0/><U84/><E6/><V17/><F29/><W105/><G105/><T30/><D30/><U23/><E132/><V114/><F114/><W16/><G95/><T70/><D70/><U18/><E55/><V107/><F107/><W108/><G108/><T99/><D19/><U40/><E40/><V67/><F39/><W80/><G43/><T122/><D94/><U32/><E32/><V7/><F44/><W82/><G82/><T88/><D76/><U59/><E71/><V27/><F46/><W28/><G37/><T50/><D122/><U77/><E125/><V13/><F64/><W103/><G103/><N who="2" m="39497" /><F67/><W53/><G24/><AGARI ba="4,1" hai="1,4,9,18,23,24,59,60,65,77,81,84,90,91" machi="24" ten="30,2000,0" yaku="7,1,52,1" doraHai="34" who="1" fromWho="3" sc="240,0,488,42,117,0,145,-32" /><INIT seed="7,0,0,3,4,99" ten="240,530,117,113" oya="3" hai0="23,113,80,53,105,67,120,111,11,104,6,45,122" hai1="116,73,2,18,49,5,107,86,3,12,95,81,33" hai2="117,46,25,16,9,118,125,58,22,39,0,17,56" hai3="88,59,1,131,121,72,134,119,124,70,71,52,65"/><W89/><G119/><T7/><D111/><U84/><E107/><V129/><F129/><W62/><G121/><T128/><D67/><U90/><E33/><V74/><F74/><W132/><G131/><T41/><D53/><U82/><E73/><V50/><F39/><W44/><G72/><T21/><D113/><U47/><E82/><V37/><F37/><W100/><G124/><T79/><D128/><U97/><E84/><V92/><F125/><W27/><G27/><T43/><D80/><U57/><E57/><V54/><F0/><W61/><G1/><T14/><D14/><U94/><E94/><V96/><F117/><W115/><G115/><T40/><D40/><U126/><E5/><V103/><F118/><W83/><G83/><T42/><D42/><U4/><E4/><V60/><F60/><W77/><G77/><T31/><D11/><U29/><E29/><V87/><F87/><W123/><G44/><T8/><D8/><U10/><E126/><V64/><F64/><N who="3" m="41231" /><G123/><T35/><D45/><U24/><E24/><V78/><F78/><W32/><G100/><T68/><D79/><U26/><E26/><V20/><F9/><W110/><G32/><T66/><D35/><U75/><E75/><V38/><F38/><W93/><G110/><T13/><D13/><AGARI ba="0,0" hai="13,16,17,20,22,25,46,50,54,56,58,92,96,103" machi="13" ten="30,7700,0" yaku="7,1,8,1,52,1,54,1" doraHai="99" who="2" fromWho="0" sc="240,-77,530,0,117,77,113,0" owari="163,-23.7,530,63.0,194,-0.6,113,-38.7" /></mjloggm>