<mjloggm ver="2.3"><GO type="225" lobby="0"/><UN n0="%E7%B4%94%E6%BD%94%E3%83%94%E3%83%A9%E3%83%8B%E3%82%A2" n1="%E3%83%A9%E3%83%BC%E3%83%A1%E3%83%B3%E4%BA%94%E9%83%8E" n2="%E3%82%B3%E3%83%90%E3%83%AC%E3%82%A4" n3="%E6%98%93%E5%88%A9%E8%96%A9%E4%BC%AF" dan="17,16,16,17" rate="2208.90,2085.77,2161.01,2238.30" sx="M,M,M,F"/><TAIKYOKU oya="0"/><INIT seed="0,0,0,1,1,36" ten="250,250,250,250" oya="0" hai0="68,30,93,84,61,74,62,47,130,35,50,103,86" hai1="128,6,32,70,69,80,75,108,115,127,49,29,31" hai2="92,48,112,52,111,43,4,25,100,79,63,23,98" hai3="95,7,109,73,53,106,119,102,44,76,89,45,34"/><T10/><D74/><U105/><E105/><V59/><F112/><W2/><G34/><T66/><D130/><U113/><E128/><V20/><F111/><W12/><G2/><T17/><D61/><U90/><E108/><V54/><F4/><W122/><G119/><T27/><D93/><U133/><E133/><V11/><F11/><W0/><G0/><T21/><D10/><U56/><E127/><V1/><F1/><W132/><G132/><T13/><REACH who="0" step="1"/><D103/><REACH who="0" ten="240,250,250,250" step="2"/><U104/><E75/><V81/><F63/><W101/><G101/><T26/><D26/><U131/><E131/><V19/><F25/><W126/><G102/><T129/><D129/><U72/><E72/><V107/><F100/><W8/><G73/><T24/><D24/><U96/><E115/><V121/><F92/><W94/><G94/><T85/><D85/><U110/><E113/><V78/><F81/><W28/><G95/><T116/><D116/><U22/><E110/><V114/><F114/><W60/><G8/><T117/><D117/><U41/><E69/><V83/><F83/><W9/><G9/><T77/><D77/><U65/><E70/><V64/><F79/><W55/><G76/><T40/><AGARI ba="0,1" hai="13,17,21,27,30,35,40,47,50,62,66,68,84,86" machi="40" ten="20,7800,0" yaku="1,1,0,1,7,1,52,1,53,0" doraHai="36" doraHaiUra="123" who="0" fromWho="0" sc="240,88,250,-26,250,-26,250,-26" /><INIT seed="0,1,0,0,3,103" ten="328,224,224,224" oya="0" hai0="118,15,71,53,93,74,20,24,42,52,59,68,4" hai1="50,69,33,117,106,75,23,39,45,104,72,48,91" hai2="88,115,126,79,99,128,122,98,18,82,110,25,94" hai3="133,22,111,134,116,36,1,96,123,61,73,135,78"/><T58/><D74/><U76/><E33/><V5/><F122/><W60/><G116/><T105/><D105/><U2/><E117/><V3/><F115/><W34/><G34/><T64/><D42/><U35/><E35/><V83/><F128/><W107/><G36/><T8/><D118/><U102/><E69/><V55/><F126/><W130/><G1/><T62/><D93/><U13/><E2/><V112/><F112/><W80/><G130/><T124/><D124/><U84/><E39/><V44/><F110/><W27/><G111/><T114/><D114/><U90/><E102/><V46/><F5/><W67/><G123/><T51/><REACH who="0" step="1"/><D53/><REACH who="0" ten="318,224,224,224" step="2"/><N who="1" m="29839" /><E75/><V29/><F55/><W127/><G127/><T97/><D97/><U129/><E106/><V57/><F99/><W9/><G96/><T30/><AGARI ba="1,1" hai="4,8,15,20,24,30,51,52,58,59,62,64,68,71" machi="30" ten="20,7800,0" yaku="1,1,0,1,7,1,54,1,53,0" doraHai="103" doraHaiUra="120" who="0" fromWho="0" sc="318,91,224,-27,224,-27,224,-27" /><INIT seed="0,2,0,5,3,89" ten="409,197,197,197" oya="0" hai0="20,70,54,123,59,113,12,62,87,22,76,42,67" hai1="41,85,91,11,132,61,44,127,5,58,114,14,90" hai2="88,40,83,108,122,8,82,93,86,81,110,43,129" hai3="109,128,32,73,47,31,63,55,69,95,130,53,51"/><T120/><D113/><U96/><E127/><V72/><F122/><W35/><G73/><T37/><D76/><U39/><E132/><V80/><F8/><W27/><G109/><N who="2" m="42089" /><F129/><N who="3" m="49771" /><G35/><T29/><D87/><U116/><E116/><V106/><F106/><W3/><G3/><T71/><D71/><U7/><E114/><V135/><F135/><W124/><G124/><T6/><D20/><U17/><E96/><N who="2" m="57383" /><F72/><W119/><G119/><T10/><D22/><U133/><E133/><V99/><F99/><W49/><G95/><T104/><D104/><U97/><E97/><V34/><F34/><W26/><G26/><T15/><D12/><U125/><E125/><V30/><F30/><W68/><G63/><T4/><D29/><U100/><E100/><V9/><F9/><W25/><G27/><T66/><D4/><U118/><E118/><V117/><F117/><W64/><G64/><T79/><D66/><U46/><E85/><V2/><F2/><W94/><G94/><T57/><D67/><U0/><E0/><V75/><F75/><W103/><G103/><T23/><D6/><U77/><E5/><V45/><F45/><AGARI ba="2,0" hai="25,31,32,45,47,49,51,53,55,68,69" m="49771" machi="45" ten="30,1000,0" yaku="19,1" doraHai="89" who="3" fromWho="2" sc="409,0,197,0,197,-16,197,16" /><INIT seed="1,0,0,2,3,31" ten="409,197,181,213" oya="1" hai0="112,17,29,113,28,131,0,76,78,22,19,5,41" hai1="64,38,128,106,115,30,12,34,94,104,89,135,81" hai2="117,58,120,70,72,103,133,86,91,53,7,50,52" hai3="33,130,54,83,46,87,65,93,116,2,125,40,3"/><U85/><E115/><V59/><F72/><W68/><G130/><T79/><D41/><U8/><E38/><V6/><F117/><W127/><G116/><T109/><D131/><U126/><E128/><V14/><F70/><W134/><G93/><T132/><D76/><U82/><E126/><N who="3" m="48138" /><G54/><T42/><D42/><U123/><E123/><V107/><F120/><W129/><G134/><T69/><D5/><U56/><E135/><V61/><F133/><W80/><G80/><T9/><D9/><U16/><E106/><V97/><REACH who="2" step="1"/><F14/><REACH who="2" ten="409,197,171,213" step="2"/><W75/><G75/><T88/><D132/><U98/><E104/><V66/><F66/><W84/><G65/><T51/><D69/><U62/><REACH who="1" step="1"/><E98/><REACH who="1" ten="409,187,171,213" step="2"/><V118/><F118/><W108/><G129/><T101/><D112/><U121/><E121/><V102/><F102/><W23/><G68/><T11/><D113/><U44/><E44/><V36/><F36/><W45/><G46/><T24/><D101/><U49/><E49/><V96/><F96/><W26/><G45/><T77/><D51/><U39/><E39/><V18/><F18/><W124/><G124/><T67/><D19/><U119/><E119/><V27/><F27/><AGARI ba="0,2" hai="8,12,16,27,30,34,56,62,64,81,82,85,89,94" machi="27" ten="40,7700,0" yaku="1,1,52,1,54,1,53,0" doraHai="31" doraHaiUra="92" who="1" fromWho="2" sc="409,0,187,97,171,-77,213,0" /><INIT seed="1,1,0,0,5,81" ten="409,284,94,213" oya="1" hai0="69,89,73,38,83,114,104,15,115,30,22,116,61" hai1="40,86,37,7,56,71,25,132,49,79,48,47,105" hai2="16,67,95,94,127,130,110,111,28,5,90,112,108" hai3="135,85,84,70,78,11,12,96,129,100,113,21,57"/><U92/><E105/><V20/><F112/><W6/><G70/><T4/><D116/><U103/><E71/><V60/><F130/><W10/><G113/><T133/><D38/><U76/><E132/><V77/><F5/><W23/><G129/><T87/><D104/><U126/><E126/><V109/><N who="2" m="27648" /><DORA hai="58" /><V3/><F127/><W91/><G78/><T42/><D42/><U64/><E37/><V52/><F3/><W88/><G135/><T82/><D73/><U99/><E7/><V68/><F77/><W107/><G11/><T43/><D43/><U128/><E128/><V17/><F94/><W74/><G74/><T34/><D83/><N who="1" m="47463" /><E79/><V59/><F28/><W131/><G131/><T18/><D133/><U65/><E25/><V33/><F20/><W106/><G106/><T75/><D75/><U134/><E134/><V36/><F36/><W45/><G45/><T125/><D125/><U19/><E19/><V14/><F14/><W41/><G41/><T121/><D121/><U26/><E26/><V122/><F33/><W27/><G57/><T97/><D34/><U53/><AGARI ba="1,0" hai="40,47,48,49,53,56,64,65,92,99,103" m="47463" machi="53" ten="30,3000,0" yaku="8,1,52,1" doraHai="81,58" who="1" fromWho="1" sc="409,-11,284,33,94,-11,213,-11" /><INIT seed="1,2,0,4,0,63" ten="398,317,83,202" oya="1" hai0="69,128,62,26,68,11,122,25,121,15,28,88,90" hai1="40,47,97,101,2,70,19,76,4,92,50,125,118" hai2="91,74,83,8,0,117,20,7,103,94,22,34,53" hai3="77,49,57,127,108,71,99,86,131,130,42,102,75"/><U135/><E118/><V124/><F34/><W1/><G71/><T79/><D79/><U56/><E125/><V5/><F124/><W115/><G75/><T61/><D128/><U109/><E135/><V96/><F117/><W16/><G1/><T35/><D26/><U12/><E70/><N who="0" m="27241" /><D61/><U36/><E109/><V104/><F7/><W23/><G115/><T133/><D62/><U44/><E76/><V38/><F38/><W111/><G127/><T52/><D52/><U32/><E32/><V60/><F53/><N who="3" m="31919" /><G42/><T64/><D64/><U6/><E56/><V21/><F60/><W27/><G86/><T85/><D85/><U41/><REACH who="1" step="1"/><E2/><REACH who="1" ten="398,307,83,202" step="2"/><V45/><F45/><W59/><G59/><T120/><D133/><U98/><E98/><V82/><F74/><W17/><G77/><T119/><D119/><U116/><E116/><V100/><F0/><W54/><G111/><T29/><D29/><U106/><E106/><V81/><F104/><W84/><G108/><T123/><D123/><U89/><E89/><V43/><F91/><W134/><G134/><T55/><D55/><U46/><E46/><V18/><F103/><W114/><G54/><T13/><D13/><U65/><E65/><V30/><F30/><W37/><G99/><T105/><D105/><U67/><E67/><V33/><F33/><W72/><G102/><T129/><D129/><U93/><E93/><V95/><F94/><W78/><G131/><T58/><D58/><U66/><E66/><V107/><F107/><W39/><G130/><T24/><D122/><U9/><AGARI ba="2,1" hai="4,6,9,12,19,36,40,41,44,47,50,92,97,101" machi="9" ten="20,3900,0" yaku="1,1,0,1,7,1,53,0" doraHai="63" doraHaiUra="110" who="1" fromWho="1" sc="398,-15,307,55,83,-15,202,-15" /><INIT seed="1,3,0,2,5,100" ten="383,362,68,187" oya="1" hai0="65,135,110,59,60,80,41,63,30,104,51,20,37" hai1="90,121,4,73,74,27,76,40,31,21,29,92,103" hai2="91,81,87,70,6,82,106,95,122,5,102,49,123" hai3="69,26,68,88,33,46,118,36,131,47,42,72,66"/><U14/><E121/><V97/><F70/><W114/><G72/><T77/><D110/><U43/><E103/><V9/><F5/><W52/><G114/><T117/><D135/><U38/><E31/><V15/><F82/><W56/><G131/><T44/><D117/><U67/><E67/><V1/><F1/><W2/><G2/><T48/><D104/><U53/><E53/><V132/><F132/><W130/><G130/><T115/><D115/><U54/><E54/><V84/><REACH who="2" step="1"/><F49/><REACH who="2" ten="383,362,58,187" step="2"/><W78/><G69/><T57/><D48/><U93/><E4/><V23/><F23/><W55/><G68/><T98/><D20/><U119/><E21/><V129/><F129/><W107/><G36/><T8/><D37/><U83/><E38/><V50/><F50/><W86/><G33/><T120/><D120/><U94/><E83/><V127/><F127/><W126/><G126/><T108/><D108/><U109/><E109/><V18/><F18/><W99/><G118/><T16/><D16/><U124/><E124/><V34/><F34/><W24/><G78/><AGARI ba="3,1" hai="6,9,15,78,81,84,87,91,95,97,102,106,122,123" machi="78" ten="30,7700,0" yaku="1,1,7,1,52,1,53,1" doraHai="100" doraHaiUra="79" who="2" fromWho="3" sc="383,0,362,0,58,96,187,-86" /><INIT seed="2,0,0,2,5,11" ten="383,362,154,101" oya="2" hai0="116,32,95,14,5,59,19,130,99,23,106,66,50" hai1="104,47,133,70,121,82,68,91,117,16,128,96,73" hai2="89,131,83,69,129,43,107,58,36,35,102,12,10" hai3="55,21,13,0,124,109,34,93,39,56,127,45,52"/><V46/><F35/><W135/><G0/><T53/><D32/><U22/><E117/><V42/><F69/><W77/><G34/><T122/><D122/><U103/><E121/><V87/><F43/><W92/><G77/><T37/><D37/><U123/><E123/><V54/><F102/><W64/><G109/><T2/><D116/><U3/><E3/><V4/><REACH who="2" step="1"/><F107/><REACH who="2" ten="383,362,144,101" step="2"/><W31/><G135/><T81/><D106/><U98/><E133/><V57/><F57/><W25/><G127/><T62/><D130/><U18/><E128/><V49/><AGARI ba="0,1" hai="4,10,12,36,42,46,49,54,58,83,87,89,129,131" machi="49" ten="30,6000,0" yaku="1,1,0,1,52,1,53,0" doraHai="11" doraHaiUra="26" who="2" fromWho="2" sc="383,-20,362,-20,144,70,101,-20" /><INIT seed="2,1,0,1,1,20" ten="363,342,214,81" oya="2" hai0="107,41,110,86,3,123,25,92,113,79,87,16,72" hai1="97,100,63,59,129,103,134,74,95,2,54,0,101" hai2="81,30,45,125,9,8,23,85,122,5,43,1,57" hai3="117,68,53,67,22,131,39,48,7,78,83,15,108"/><V91/><F122/><W13/><G108/><T99/><D113/><U10/><E74/><V32/><F125/><W26/><G117/><T58/><D123/><U28/><E129/><V4/><F32/><W82/><G39/><T33/><D3/><U55/><E134/><V62/><F30/><W37/><G37/><T27/><D33/><U104/><E104/><V64/><F23/><W19/><G131/><T90/><D110/><U102/><E10/><V24/><F24/><W50/><G68/><T34/><D34/><U66/><E66/><V128/><F128/><W29/><G67/><T49/><D72/><U36/><E36/><V114/><F114/><W31/><G50/><T47/><D107/><U94/><E94/><V44/><REACH who="2" step="1"/><F43/><REACH who="2" ten="363,342,204,81" step="2"/><W46/><G31/><T116/><D25/><U35/><E35/><V73/><F73/><W12/><G7/><T18/><D27/><U88/><E28/><V77/><F77/><W71/><G71/><T17/><D79/><U21/><E21/><V38/><F38/><W132/><G132/><T6/><D116/><U105/><E105/><V80/><F80/><W70/><G70/><T118/><D118/><U135/><E135/><V93/><F93/><W115/><G115/><T109/><D109/><U61/><N who="1" m="25600" /><DORA hai="120" /><U42/><E42/><V121/><F121/><W69/><G69/><T111/><D111/><U84/><E95/><V56/><F56/><W11/><REACH who="3" step="1"/><G83/><REACH who="3" ten="363,342,204,71" step="2"/><T89/><D92/><U14/><E59/><V98/><F98/><W106/><G106/><T75/><D58/><U127/><E97/><V52/><F52/><RYUUKYOKU ba="1,2" sc="363,-15,342,-15,204,15,71,15" hai2="1,4,5,8,9,44,45,57,62,64,81,85,91" hai3="11,12,13,15,19,22,26,29,46,48,53,78,82" /><INIT seed="2,2,2,3,4,58" ten="348,327,219,86" oya="2" hai0="127,42,40,85,98,39,120,80,6,84,32,53,41" hai1="2,103,133,12,51,125,4,75,67,60,3,118,74" hai2="96,99,31,28,68,22,45,16,38,24,111,93,35" hai3="128,116,112,23,19,88,81,10,102,20,83,78,44"/><V5/><F68/><W57/><G116/><T124/><D120/><U115/><E115/><V135/><F135/><W52/><G128/><T43/><D32/><U13/><E118/><V76/><F76/><W72/><G112/><T37/><D6/><U123/><E133/><V104/><F111/><W122/><G102/><T15/><D43/><U29/><E123/><V73/><F73/><W90/><G44/><T69/><D69/><U92/><E29/><V21/><F35/><W1/><G122/><T8/><D53/><U132/><E51/><V105/><F5/><W121/><G121/><T65/><D65/><U79/><E132/><V47/><F38/><W50/><G1/><N who="1" m="10" /><E79/><V59/><F59/><W54/><G54/><T66/><D66/><U14/><E4/><V9/><F9/><W86/><REACH who="3" step="1"/><G90/><REACH who="3" ten="348,327,219,76" step="2"/><T33/><D39/><U17/><E103/><V49/><F47/><W87/><G87/><T117/><D37/><U100/><E100/><V7/><F99/><W56/><G56/><T18/><D117/><U55/><E55/><V89/><F105/><W106/><G106/><T64/><D98/><U36/><E74/><V131/><F104/><W119/><G119/><T11/><D84/><U61/><E75/><V25/><F131/><W27/><G27/><T82/><D85/><U134/><E134/><V91/><F89/><W0/><G0/><T126/><D40/><U94/><E12/><AGARI ba="2,3" hai="10,12,19,20,23,50,52,57,72,78,81,83,86,88" machi="12" ten="40,5200,0" yaku="1,1,54,2,53,0" doraHai="58" doraHaiUra="130" who="3" fromWho="1" sc="348,0,327,-58,219,0,76,88" /><INIT seed="3,0,0,3,2,91" ten="348,269,219,164" oya="3" hai0="100,23,28,80,6,24,95,21,82,117,66,10,74" hai1="96,94,40,85,62,107,89,37,27,38,92,131,130" hai2="77,76,93,29,49,22,0,68,133,124,128,54,32" hai3="118,114,34,14,69,111,115,5,33,119,42,109,84"/><W51/><G69/><T79/><D117/><N who="3" m="44553" /><G51/><T103/><D80/><U73/><E107/><V46/><F68/><W31/><G42/><T3/><D66/><U53/><E73/><V60/><F0/><W108/><G31/><T26/><D95/><U67/><E53/><V50/><F32/><N who="3" m="12395" /><G84/><T129/><D129/><N who="1" m="49163" /><E27/><V88/><F128/><W25/><G25/><T81/><D82/><U48/><E48/><V112/><F60/><W63/><G63/><T135/><D135/><U2/><E40/><V110/><F133/><W70/><G70/><T55/><D55/><U20/><E38/><V122/><F50/><W8/><AGARI ba="0,0" hai="5,8,14,108,109,111,114,115" m="12395,44553" machi="8" ten="40,12000,1" yaku="14,1,10,1,34,2" doraHai="91" who="3" fromWho="3" sc="348,-40,269,-40,219,-40,164,120" /><INIT seed="3,1,0,4,1,46" ten="308,229,179,284" oya="3" hai0="56,81,1,99,4,102,78,27,132,40,18,13,65" hai1="118,24,70,114,48,84,47,5,95,63,126,79,58" hai2="57,124,53,104,23,106,62,33,38,94,128,60,113" hai3="29,10,31,28,36,19,101,105,68,7,50,87,49"/><W93/><G36/><T103/><D132/><U134/><E114/><V9/><F113/><W108/><G68/><T88/><D1/><U119/><E70/><V52/><F33/><W77/><G105/><T76/><D40/><N who="1" m="24679" /><E134/><V16/><F38/><W25/><G108/><T69/><D69/><U85/><E126/><V6/><F124/><W64/><G64/><T71/><D71/><U130/><E130/><V22/><F128/><W133/><G133/><T115/><D27/><U107/><E107/><V54/><F94/><W12/><G77/><N who="0" m="29803" /><D4/><U44/><E44/><V42/><F42/><W37/><G37/><T100/><D115/><U34/><E5/><V3/><F23/><N who="3" m="13567" /><G87/><N who="0" m="50287" /><D99/><AGARI ba="1,0" hai="7,10,12,28,29,31,49,50,93,99,101" m="13567" machi="99" ten="30,5800,0" yaku="8,1,52,2" doraHai="46" who="3" fromWho="0" sc="308,-61,229,0,179,0,284,61" owari="247,4.7,229,-17.1,179,-32.1,345,44.5" /></mjloggm>