<mjloggm ver="2.3"><GO type="225" lobby="0"/><UN n0="%2D%E8%B1%8A%E5%8F%A3%E3%82%81%E3%81%90%E3%81%BF%2D" n1="%E3%81%8B%E3%82%8F%E3%81%A1%E3%82%83%E3%82%93%35%38" n2="%E3%81%BF%E3%81%BF%E3%81%9A" n3="%E3%82%BC%E3%83%AB%E3%83%80%E3%81%AE%E4%BC%9D%E8%AA%AC" dan="17,16,17,17" rate="2156.31,2152.59,2234.35,2120.89" sx="F,M,M,M"/><TAIKYOKU oya="0"/><INIT seed="0,0,0,4,1,103" ten="250,250,250,250" oya="0" hai0="86,81,122,101,8,41,36,69,14,16,25,6,82" hai1="74,4,48,15,33,132,53,114,10,119,89,125,22" hai2="0,111,83,31,5,130,27,78,135,61,54,51,87" hai3="134,7,9,102,50,39,55,88,98,67,1,63,75"/><T44/><D122/><U100/><E33/><V43/><F111/><W38/><G75/><T77/><D69/><U118/><E125/><V84/><F135/><W28/><G134/><T37/><D101/><U70/><E132/><V64/><F130/><W105/><G28/><T45/><D82/><U68/><E114/><V80/><F43/><W92/><G50/><T117/><D117/><U128/><E128/><V62/><F5/><W99/><REACH who="3" step="1"/><G55/><REACH who="3" ten="250,250,250,240" step="2"/><T60/><D60/><U47/><E74/><V129/><F129/><W20/><G20/><T66/><D66/><U32/><E32/><V104/><F64/><W95/><G95/><T133/><D133/><U29/><E119/><V123/><F51/><W34/><G34/><T57/><D57/><AGARI ba="0,1" hai="1,7,9,38,39,57,63,67,88,92,98,99,102,105" machi="57" ten="30,7700,0" yaku="1,1,7,1,52,1,54,1,53,0" doraHai="103" doraHaiUra="106" who="3" fromWho="0" sc="250,-77,250,0,250,0,240,87" /><INIT seed="1,0,0,5,5,128" ten="173,250,250,327" oya="1" hai0="96,73,87,104,18,19,70,58,108,55,117,21,37" hai1="130,62,40,129,36,86,67,134,28,125,95,133,50" hai2="71,81,72,90,113,35,22,7,53,13,119,23,75" hai3="100,1,80,124,82,110,46,76,41,115,83,127,64"/><U52/><E28/><V112/><F119/><W98/><G115/><N who="2" m="44105" /><F35/><W49/><G110/><T31/><D117/><U91/><E40/><V111/><F111/><W109/><G109/><T12/><D73/><N who="2" m="28234" /><F71/><W33/><G33/><T99/><D37/><U26/><E26/><V30/><F30/><W60/><G1/><T17/><D70/><N who="1" m="42359" /><E36/><V123/><F123/><W66/><G76/><T101/><D108/><U11/><E11/><N who="2" m="4351" /><F53/><W89/><G89/><T2/><D2/><U107/><E107/><V114/><N who="2" m="44113" /><V135/><DORA hai="4" /><F135/><N who="1" m="51721" /><E125/><V102/><F102/><W56/><G64/><T44/><D101/><U20/><E20/><V48/><F48/><W85/><G127/><T24/><D21/><U45/><AGARI ba="0,0" hai="45,50,52,86,91,95,129,130" m="51721,42359" machi="45" ten="30,12000,1" yaku="20,1,52,3,54,1" doraHai="128,4" who="1" fromWho="1" sc="173,-40,250,120,250,-40,327,-40" /><INIT seed="1,1,0,2,2,102" ten="133,370,210,287" oya="1" hai0="79,97,95,116,40,112,133,31,3,74,43,19,35" hai1="61,132,87,90,49,91,39,96,110,66,129,105,30" hai2="20,58,70,73,48,89,71,38,53,81,84,114,10" hai3="127,122,23,45,62,80,130,128,28,33,36,21,50"/><U25/><E39/><V14/><F114/><W123/><G36/><T118/><D112/><U78/><E129/><N who="3" m="49770" /><G127/><T107/><D3/><U100/><E132/><V27/><F38/><W56/><G33/><T98/><D133/><U34/><E110/><V15/><F73/><W26/><G80/><T9/><D79/><U126/><E126/><V7/><REACH who="2" step="1"/><F14/><REACH who="2" ten="133,370,200,287" step="2"/><W134/><G134/><T72/><D72/><U88/><E78/><V37/><F37/><W135/><G135/><T109/><D74/><U29/><E29/><AGARI ba="1,1" hai="7,10,15,20,27,29,48,53,58,70,71,81,84,89" machi="29" ten="30,2000,0" yaku="1,1,7,1,53,0" doraHai="102" doraHaiUra="99" who="2" fromWho="1" sc="133,0,370,-23,200,33,287,0" /><INIT seed="2,0,0,1,0,127" ten="133,347,233,287" oya="2" hai0="104,112,5,119,45,14,94,107,67,117,66,113,53" hai1="106,35,36,125,123,13,38,19,120,99,20,81,57" hai2="131,135,9,41,68,100,24,95,80,29,126,134,129" hai3="90,92,91,3,49,71,11,85,55,59,101,60,88"/><V111/><F68/><W128/><G128/><N who="2" m="49225" /><F111/><W132/><G132/><N who="2" m="50729" /><F41/><W114/><G114/><T52/><D94/><U21/><E125/><V72/><F126/><W105/><G105/><T54/><D14/><U23/><E123/><V10/><F100/><W73/><G73/><T63/><D5/><U50/><E120/><V12/><F95/><W43/><G101/><T78/><D78/><U69/><E69/><V93/><F93/><W37/><G11/><T27/><D27/><U79/><E106/><V84/><F72/><W124/><G3/><T28/><D28/><U110/><E110/><V44/><F44/><N who="3" m="23663" /><G124/><T133/><D133/><U118/><E38/><V121/><F121/><W58/><G58/><T48/><D107/><U76/><E36/><V89/><F12/><W102/><G102/><T77/><D104/><U18/><E13/><V74/><F74/><W115/><G115/><N who="0" m="44107" /><D77/><U75/><E75/><V130/><N who="2" m="49233" /><V6/><DORA hai="98" /><F6/><W46/><G46/><T47/><D47/><U33/><E57/><V42/><F42/><W61/><G71/><N who="0" m="42463" /><D67/><U1/><E1/><V87/><F84/><W25/><G85/><T31/><D31/><U8/><E81/><V82/><F82/><W97/><G92/><T83/><D83/><U4/><E4/><V96/><F96/><W108/><G97/><T56/><D56/><U62/><E99/><V16/><F16/><W40/><G108/><T109/><D109/><U2/><E18/><V34/><AGARI ba="0,0" hai="9,10,24,29,34,80,87,89" m="50729,49233" machi="34" ten="50,18000,2" yaku="19,1,20,1,52,4" doraHai="127,98" who="2" fromWho="2" sc="133,-60,347,-60,233,180,287,-60" /><INIT seed="2,1,0,2,5,95" ten="73,287,413,227" oya="2" hai0="11,94,96,88,43,20,74,76,71,133,87,89,100" hai1="55,47,54,127,131,101,113,79,40,125,72,6,36" hai2="49,26,75,122,135,61,83,45,53,5,116,115,78" hai3="62,24,12,37,92,3,27,8,97,129,13,30,48"/><V82/><F115/><W106/><G37/><T22/><D71/><U107/><E113/><V17/><F116/><W9/><G129/><T119/><D133/><U4/><E131/><V67/><F122/><W64/><G48/><T120/><D120/><U1/><E101/><V29/><F135/><W41/><G41/><T0/><D119/><U69/><E107/><V124/><F124/><N who="1" m="47689" /><E69/><V57/><F5/><N who="1" m="2153" /><E1/><V2/><F2/><W134/><G134/><T85/><D11/><U81/><AGARI ba="1,0" hai="36,40,47,54,55,72,79,81" m="2153,47689" machi="81" ten="30,1100,0" yaku="18,1" doraHai="95" who="1" fromWho="1" sc="73,-4,287,14,413,-6,227,-4" /><INIT seed="3,0,0,2,1,43" ten="69,301,407,223" oya="3" hai0="48,36,22,71,113,91,56,126,89,105,2,1,83" hai1="67,101,21,129,116,8,66,132,42,108,53,35,9" hai2="16,99,47,124,92,109,49,34,63,87,100,13,90" hai3="60,24,15,46,86,131,93,121,114,4,85,23,80"/><W19/><G121/><T20/><D105/><U45/><E35/><V97/><F109/><W88/><G114/><T6/><D71/><U51/><E108/><V11/><F124/><W94/><G131/><T112/><D36/><U33/><E33/><V26/><F63/><W120/><G120/><T39/><D39/><U31/><E129/><V62/><F62/><W50/><G60/><T103/><D103/><U27/><E132/><V58/><F58/><W52/><G86/><T122/><D122/><U70/><E70/><V125/><F125/><W73/><G73/><T84/><D126/><U30/><E116/><V10/><F26/><W115/><G115/><T7/><D84/><U96/><E31/><V76/><F34/><W104/><G104/><T14/><D56/><U123/><E123/><V54/><F76/><W3/><G3/><T107/><D107/><U98/><E98/><N who="2" m="59463" /><F10/><AGARI ba="0,0" hai="4,10,15,19,23,24,46,50,52,80,85,88,93,94" machi="10" ten="40,12000,1" yaku="8,1,52,1,54,2" doraHai="43" who="3" fromWho="2" sc="69,0,301,0,407,-120,223,120" owari="69,-43.1,301,10.1,287,-11.3,343,44.3" /></mjloggm>