<mjloggm ver="2.3"><GO type="169" lobby="0"/><UN n0="%E7%BD%AA%E5%88%91%E6%B3%95%E5%AE%9A%E4%B8%BB%E7%BE%A9" n1="%E3%82%84%E3%82%89%E3%82%8C%E5%BD%B9" n2="%4C%61%72%72%6B" n3="%E8%B5%A4%E7%BE%8E%E6%BF%83%E3%81%BE%E3%81%90%E3%82%8D" dan="17,17,16,17" rate="2241.03,2141.11,2151.13,2214.78" sx="M,M,M,M"/><TAIKYOKU oya="0"/><INIT seed="0,0,0,4,5,25" ten="250,250,250,250" oya="0" hai0="33,114,62,40,117,35,91,99,65,57,68,97,85" hai1="121,53,87,55,69,132,46,92,96,129,111,26,127" hai2="5,11,64,76,81,52,24,72,45,71,7,22,32" hai3="36,123,4,23,78,84,27,122,107,135,106,120,17"/><T49/><D114/><U13/><E121/><V130/><F130/><W94/><G36/><T113/><D113/><U77/><E69/><V58/><F32/><W80/><G135/><T75/><D75/><U90/><E132/><V6/><F45/><W30/><G4/><T93/><D117/><U109/><E127/><V125/><F125/><W31/><REACH who="3" step="1"/><G94/><REACH who="3" ten="250,250,250,240" step="2"/><T15/><D99/><U19/><E92/><V86/><F5/><W70/><G70/><T29/><D97/><U79/><E96/><V21/><F6/><W60/><G60/><T74/><D68/><U42/><E109/><V100/><F71/><W54/><G54/><T48/><D62/><U128/><E55/><V18/><F64/><W124/><G124/><T10/><D65/><U116/><E53/><V108/><F108/><W126/><G126/><T95/><D93/><U88/><E111/><V12/><F100/><W131/><G131/><T83/><D95/><U51/><E129/><V20/><F72/><W59/><G59/><T9/><D74/><U34/><E128/><V8/><F8/><W44/><G44/><T112/><D57/><U101/><E46/><V47/><F47/><W2/><G2/><T38/><D9/><U61/><E61/><AGARI ba="0,1" hai="7,11,12,18,20,21,22,24,52,58,61,76,81,86" machi="61" ten="30,3900,0" yaku="7,1,8,1,54,1" doraHai="25" who="2" fromWho="1" sc="250,0,250,-39,250,49,240,0" /><INIT seed="1,0,0,1,0,42" ten="250,211,299,240" oya="1" hai0="48,88,129,3,34,59,76,82,123,18,36,100,131" hai1="77,98,57,110,24,115,126,7,127,30,120,1,134" hai2="73,116,46,68,51,21,29,54,121,124,12,52,2" hai3="67,117,53,128,80,78,79,25,35,90,28,4,95"/><U40/><E120/><V96/><F2/><W10/><G128/><N who="0" m="49227" /><D36/><U89/><E115/><V49/><F121/><W62/><G117/><T81/><D34/><U66/><E77/><V122/><F122/><W43/><G43/><T106/><D3/><U61/><E134/><V15/><F116/><W26/><G26/><T65/><D123/><U6/><E110/><V39/><F68/><W11/><G53/><T41/><D65/><U87/><E98/><V92/><F39/><W27/><G27/><T119/><D119/><U56/><E56/><V71/><F71/><W8/><G4/><T0/><D0/><U97/><E97/><V50/><F73/><W105/><G105/><T75/><D18/><U72/><E72/><V55/><F124/><N who="1" m="47657" /><E40/><V63/><F63/><W33/><G33/><T22/><D22/><N who="1" m="15639" /><E1/><V47/><F29/><W99/><REACH who="3" step="1"/><G80/><AGARI ba="0,0" hai="6,7,57,61,66,80,87,89" m="15639,47657" machi="80" ten="30,1500,0" yaku="18,1" doraHai="42" who="1" fromWho="3" sc="250,0,211,15,299,0,240,-15" /><INIT seed="1,1,0,4,0,113" ten="250,226,299,225" oya="1" hai0="27,94,52,19,75,65,114,14,70,17,132,131,81" hai1="7,18,53,13,82,11,31,5,117,33,98,106,54" hai2="60,8,38,9,122,125,110,129,42,66,36,25,111" hai3="80,43,103,135,93,67,95,100,16,22,92,30,0"/><U1/><E117/><V35/><F122/><W97/><G0/><T56/><D114/><U39/><E39/><V40/><F35/><W12/><G135/><T90/><D132/><U6/><E1/><V79/><F25/><W2/><G2/><T124/><D131/><U128/><E128/><V119/><F79/><W121/><G121/><T126/><D70/><U89/><E33/><V20/><F129/><W26/><G43/><T3/><D3/><U85/><REACH who="1" step="1"/><E31/><REACH who="1" ten="250,216,299,225" step="2"/><V101/><F36/><W24/><G30/><T68/><D126/><U34/><E34/><V105/><F119/><W78/><G67/><T15/><D65/><U44/><E44/><V87/><F125/><W102/><REACH who="3" step="1"/><G97/><REACH who="3" ten="250,216,299,215" step="2"/><T96/><D124/><U72/><E72/><AGARI ba="1,2" hai="12,16,22,24,26,72,78,80,92,93,95,100,102,103" machi="72" ten="40,5200,0" yaku="1,1,2,1,54,1,53,0" doraHai="113" doraHaiUra="116" who="3" fromWho="1" sc="250,0,216,-55,299,0,215,75" /><INIT seed="2,0,0,5,5,125" ten="250,161,299,290" oya="2" hai0="16,63,62,1,100,130,38,53,99,110,20,47,89" hai1="124,113,37,51,49,120,78,98,132,32,69,7,5" hai2="31,50,70,66,75,97,60,126,71,81,26,73,8" hai3="79,43,114,2,12,54,87,9,76,4,85,74,29"/><V128/><F126/><W111/><G111/><T107/><D110/><U115/><E37/><V121/><F121/><W55/><G74/><T122/><D122/><U134/><E124/><V61/><F8/><W112/><G29/><T109/><D109/><U19/><E120/><V39/><F39/><W17/><G43/><T34/><D1/><U116/><E98/><V64/><F50/><N who="1" m="18953" /><E19/><V119/><F119/><W42/><G42/><T127/><D34/><U25/><E25/><V27/><F97/><W46/><G87/><T56/><D127/><U129/><E78/><N who="3" m="29738" /><G85/><T67/><D38/><U6/><E32/><V14/><F14/><W117/><G46/><T77/><D77/><U131/><E69/><V0/><F81/><W24/><G24/><T103/><D47/><U11/><E11/><V105/><F0/><W93/><G93/><N who="0" m="56751" /><D107/><U96/><E96/><V118/><F118/><W41/><G41/><T15/><D63/><U94/><E94/><V135/><F31/><W45/><G45/><T92/><D92/><U91/><E116/><V101/><F105/><W48/><G48/><T23/><D62/><U36/><E36/><V13/><F13/><W52/><G117/><T84/><D15/><U86/><E86/><V65/><F65/><W82/><G82/><T90/><D67/><U83/><E83/><V57/><F57/><W106/><G106/><T68/><D56/><U22/><E91/><V108/><F108/><W3/><G3/><T28/><D90/><U21/><E113/><N who="3" m="43626" /><G2/><T104/><D104/><U72/><E115/><V123/><F123/><W88/><G88/><RYUUKYOKU ba="0,0" sc="250,-10,161,-10,299,-10,290,30" hai3="4,9,12,17,52,54,55" /><INIT seed="3,1,0,2,2,31" ten="240,151,289,320" oya="3" hai0="109,30,18,122,125,72,24,89,107,2,20,115,48" hai1="74,78,53,33,12,91,21,88,134,35,71,47,92" hai2="64,52,65,96,49,9,23,50,36,124,86,15,111" hai3="68,11,81,73,104,93,135,45,19,110,39,13,5"/><W108/><G104/><T29/><D122/><U128/><E71/><V43/><F111/><N who="3" m="42539" /><G68/><T67/><D72/><U120/><E120/><V44/><F124/><W6/><G135/><T118/><D118/><U75/><E134/><V113/><F113/><W56/><G56/><T16/><D107/><U59/><E47/><V94/><F36/><W32/><G93/><T14/><D2/><U61/><E91/><V101/><F23/><W84/><G73/><T131/><D131/><U103/><E103/><V1/><F86/><W55/><G32/><T76/><D125/><U37/><E37/><V57/><REACH who="2" step="1"/><F1/><REACH who="2" ten="240,151,279,320" step="2"/><W17/><G39/><T83/><D115/><U28/><E128/><V126/><F126/><W121/><G121/><T62/><D109/><U41/><E74/><V127/><F127/><W98/><G98/><T46/><D20/><U10/><E21/><V38/><F38/><W133/><G133/><T42/><D30/><U70/><E28/><V130/><F130/><W85/><G85/><T4/><D29/><U69/><E75/><V117/><F117/><W80/><G84/><T132/><D132/><U22/><E22/><V116/><F116/><W119/><G119/><T77/><D24/><U51/><E35/><V129/><F129/><W58/><G81/><T105/><D83/><U34/><E34/><V106/><F106/><W97/><G80/><T102/><D105/><U90/><E33/><V66/><F66/><W99/><G99/><T7/><D67/><U112/><E112/><V63/><F63/><W95/><G97/><T87/><D62/><U40/><E61/><RYUUKYOKU ba="1,1" sc="240,-10,151,-10,279,30,320,-10" hai2="9,15,43,44,49,50,52,57,64,65,94,96,101" /><INIT seed="4,2,1,0,1,135" ten="230,141,309,310" oya="0" hai0="125,100,56,112,103,101,44,131,85,24,53,39,58" hai1="117,42,49,57,61,118,30,84,55,114,128,129,123" hai2="82,18,102,23,71,38,45,124,107,8,74,115,29" hai3="21,68,113,43,80,41,69,3,9,93,89,72,73"/><T0/><D0/><U59/><E30/><V87/><F29/><W47/><G113/><T52/><D112/><U70/><E114/><V33/><F115/><W88/><G41/><T83/><D131/><N who="1" m="50251" /><E84/><V5/><F33/><W99/><G21/><T37/><D125/><U11/><E11/><V110/><F71/><W130/><G130/><T76/><D44/><N who="1" m="25751" /><E123/><V106/><F124/><W25/><G25/><T127/><D127/><U94/><E94/><V46/><F110/><W27/><G27/><T63/><REACH who="0" step="1"/><D24/><REACH who="0" ten="220,141,309,310" step="2"/><U98/><E70/><V40/><F45/><W81/><G68/><T95/><D95/><U90/><E59/><V96/><F107/><W104/><G69/><T1/><D1/><U34/><E118/><V51/><F106/><W22/><G104/><T75/><D75/><U66/><E117/><V31/><F74/><W7/><G72/><T134/><D134/><U19/><E57/><V65/><F82/><W36/><G80/><T4/><D4/><U32/><E32/><V121/><F5/><W67/><G73/><T133/><D133/><U119/><E34/><V108/><F46/><W17/><G81/><T92/><D92/><U116/><E119/><V6/><F6/><W26/><G93/><T132/><D132/><U78/><E116/><V50/><F121/><W79/><G3/><T12/><D12/><U122/><E122/><V126/><F126/><W109/><G7/><T60/><AGARI ba="2,2" hai="37,39,52,53,56,58,60,63,76,83,85,100,101,103" machi="60" ten="30,11700,0" yaku="1,1,0,1,9,1,54,1,53,0" doraHai="135" doraHaiUra="20" who="0" fromWho="0" sc="220,143,141,-41,309,-41,310,-41" /><INIT seed="4,3,0,0,4,86" ten="363,100,268,269" oya="0" hai0="134,68,46,110,7,8,65,5,83,49,12,52,58" hai1="123,88,45,112,129,79,16,55,78,125,99,48,108" hai2="118,116,103,35,98,135,102,71,73,42,115,133,13" hai3="104,17,109,72,25,40,91,90,2,24,44,50,117"/><T85/><D134/><N who="2" m="51210" /><F71/><W62/><G109/><T37/><D110/><U82/><E123/><V43/><F35/><W81/><G2/><T130/><D130/><U100/><E108/><V111/><F111/><W128/><G104/><T0/><D68/><U51/><E129/><V75/><F13/><W9/><G117/><N who="2" m="45161" /><F115/><W106/><G106/><T92/><D92/><N who="1" m="58471" /><E125/><V127/><F127/><W132/><G128/><T57/><D37/><U105/><E105/><V39/><F39/><W33/><G33/><T11/><REACH who="0" step="1"/><D65/><REACH who="0" ten="353,100,268,269" step="2"/><U124/><E124/><V15/><F98/><W69/><G69/><T56/><D56/><U64/><E112/><V122/><F122/><W29/><G132/><T1/><D1/><U59/><E64/><V126/><F126/><W97/><G81/><T107/><D107/><U41/><E16/><V26/><F26/><W121/><G24/><T30/><D30/><U66/><E66/><V14/><F15/><W34/><G25/><T93/><D93/><U131/><E131/><V60/><F14/><W77/><G29/><T101/><D101/><U32/><E32/><V96/><F96/><W119/><G34/><T53/><D53/><U80/><E80/><V84/><F102/><W28/><G28/><T94/><D94/><U120/><E120/><V114/><F103/><W67/><G67/><T54/><D54/><U20/><E82/><V4/><F114/><W113/><G113/><T76/><AGARI ba="3,1" hai="0,5,7,8,11,12,46,49,52,57,58,76,83,85" machi="76" ten="20,7800,0" yaku="1,1,0,1,7,1,54,1,53,0" doraHai="86" doraHaiUra="63" who="0" fromWho="0" sc="353,97,100,-29,268,-29,269,-29" /><INIT seed="4,4,0,5,0,4" ten="450,71,239,240" oya="0" hai0="131,42,127,68,20,13,106,113,134,70,54,82,108" hai1="34,99,49,26,27,48,0,64,111,71,25,123,28" hai2="31,133,74,80,73,40,11,83,93,53,57,43,120" hai3="36,5,97,32,14,19,59,79,122,63,76,85,96"/><T119/><D106/><U132/><E123/><V23/><F120/><W21/><G36/><T33/><D33/><U109/><E0/><V130/><F130/><W94/><G32/><T9/><D119/><U72/><E72/><V55/><F133/><W90/><G122/><T17/><D134/><U135/><E99/><N who="3" m="37962" /><G5/><T47/><D131/><U78/><E78/><V24/><F93/><W91/><G91/><T56/><D113/><U117/><E117/><V6/><F74/><W50/><G50/><T125/><D82/><U44/><E25/><V46/><F40/><W62/><G62/><T51/><D108/><U1/><E1/><V38/><F73/><W92/><G92/><T118/><D118/><U129/><E34/><V126/><F55/><AGARI ba="4,0" hai="14,19,21,55,59,63,76,79,85,90,94" m="37962" machi="55" ten="30,1000,0" yaku="8,1" doraHai="4" who="3" fromWho="2" sc="450,0,71,0,239,-22,240,22" /><INIT seed="5,0,0,3,5,82" ten="450,71,217,262" oya="1" hai0="127,53,119,35,125,51,15,39,66,118,90,107,46" hai1="73,67,96,68,29,27,37,32,132,94,2,11,16" hai2="63,8,100,41,78,18,12,34,116,57,10,47,62" hai3="20,135,85,74,108,101,38,26,99,128,64,5,79"/><U115/><E73/><V22/><F116/><W30/><G38/><T113/><D35/><U131/><E37/><V75/><F34/><W48/><G74/><T92/><D107/><U81/><E115/><V50/><F100/><W13/><G128/><T123/><D113/><U83/><E131/><V129/><F129/><W88/><G79/><T93/><D123/><U60/><E132/><V71/><F71/><W111/><G135/><T133/><D133/><U43/><E43/><V19/><F75/><W122/><G122/><T80/><D66/><U120/><E120/><V77/><F63/><W40/><G64/><T4/><D39/><U59/><E68/><V70/><F70/><W117/><G117/><T89/><D119/><U21/><E2/><V110/><F110/><W106/><G48/><T36/><D36/><U1/><E1/><V126/><F126/><W9/><G40/><T69/><D69/><U104/><E104/><V31/><F31/><W114/><G114/><T102/><D118/><U23/><E11/><N who="2" m="4139" /><F19/><W25/><G25/><T65/><D127/><U56/><E56/><V95/><F95/><AGARI ba="0,0" hai="5,9,13,20,26,30,85,88,95,99,101,106,108,111" machi="95" ten="30,3900,0" yaku="7,1,52,1,54,1" doraHai="82" who="3" fromWho="2" sc="450,0,71,0,217,-39,262,39" /><INIT seed="6,0,0,1,4,32" ten="450,71,178,301" oya="2" hai0="21,47,28,29,2,74,16,72,18,78,95,101,116" hai1="129,79,60,103,108,88,89,4,117,126,62,7,9" hai2="70,124,111,64,25,84,1,3,54,104,100,19,113" hai3="66,68,49,77,12,91,92,24,131,67,118,107,51"/><V5/><F113/><W53/><G107/><T8/><D116/><U110/><E117/><V11/><F124/><W30/><G118/><T15/><D47/><U6/><E126/><V40/><F40/><W96/><G131/><T26/><D2/><U120/><E129/><V45/><F111/><W41/><G68/><T71/><D71/><U44/><E120/><V13/><F84/><W109/><G109/><T130/><D130/><U35/><E35/><V57/><F45/><N who="3" m="25775" /><G77/><T43/><D43/><U93/><E110/><V37/><F37/><W135/><G135/><T42/><D42/><U0/><E108/><V34/><F54/><W31/><G12/><T99/><REACH who="0" step="1"/><D78/><REACH who="0" ten="440,71,178,301" step="2"/><U69/><E79/><V106/><F57/><N who="3" m="32959" /><G24/><T127/><D127/><U83/><E44/><V59/><F59/><W39/><G39/><T58/><D58/><U85/><E103/><V33/><F1/><W56/><G56/><T132/><D132/><U97/><REACH who="1" step="1"/><E60/><REACH who="1" ten="440,61,178,301" step="2"/><N who="2" m="40199" /><F33/><W17/><G67/><AGARI ba="0,2" hai="0,4,6,7,9,62,67,69,83,85,88,89,93,97" machi="67" ten="40,5200,0" yaku="1,1,52,1,54,1,53,0" doraHai="32" doraHaiUra="102" who="1" fromWho="3" sc="440,0,61,72,178,0,301,-52" /><INIT seed="7,0,0,1,4,122" ten="440,133,178,249" oya="3" hai0="90,62,98,67,82,114,88,97,1,47,35,55,21" hai1="50,70,30,29,10,16,94,33,49,92,24,3,41" hai2="43,123,6,8,133,15,128,18,127,87,129,19,91" hai3="56,60,80,53,100,103,116,125,52,118,112,78,57"/><W63/><G112/><T75/><D35/><U86/><E70/><V51/><F123/><W58/><G58/><T96/><D1/><U95/><E30/><V64/><F64/><W42/><G42/><T11/><D11/><U68/><E68/><V39/><F39/><W119/><REACH who="3" step="1"/><G125/><REACH who="3" ten="440,133,178,239" step="2"/><T93/><D114/><U110/><E41/><V72/><F127/><W69/><G69/><T20/><D47/><U89/><E110/><V76/><F133/><W14/><G14/><T40/><D40/><U38/><E38/><V4/><F129/><W13/><G13/><T124/><D124/><U46/><E46/><V131/><F131/><W109/><G109/><T104/><D55/><U36/><E36/><V117/><F128/><W22/><G22/><T27/><D20/><U66/><E3/><V111/><F111/><W108/><G108/><T135/><D135/><U25/><E10/><V85/><F117/><W17/><G17/><T12/><D12/><U37/><E37/><V79/><F18/><W106/><G106/><T83/><D104/><U84/><E16/><V101/><F19/><W105/><G105/><T107/><D107/><U5/><E5/><V34/><F4/><W61/><G61/><T77/><D21/><U115/><E115/><V28/><F6/><W74/><AGARI ba="0,1" hai="52,53,56,57,60,63,74,78,80,100,103,116,118,119" machi="74" ten="30,11700,0" yaku="1,1,0,1,9,1,54,1,53,0" doraHai="122" doraHaiUra="134" who="3" fromWho="3" sc="440,-39,133,-39,178,-39,239,127" /><INIT seed="7,1,0,5,4,89" ten="401,94,139,366" oya="3" hai0="31,39,132,38,118,18,45,127,90,124,106,64,24" hai1="67,59,35,11,29,61,116,133,41,120,49,53,88" hai2="119,108,37,44,80,34,79,102,134,113,73,81,74" hai3="70,130,95,75,60,36,12,114,129,76,30,104,52"/><W125/><G104/><T117/><D106/><U72/><E120/><V54/><F34/><W6/><G36/><T62/><D18/><U122/><E122/><V17/><F119/><N who="0" m="45578" /><D90/><U99/><E116/><V8/><F108/><W131/><G114/><T107/><D107/><U112/><E112/><V0/><F134/><W91/><G30/><T109/><D109/><U78/><E133/><V50/><F113/><W21/><G125/><N who="0" m="48203" /><D45/><N who="1" m="27823" /><E35/><V92/><F37/><W110/><G110/><T123/><D123/><U33/><E33/><V1/><F81/><N who="3" m="45215" /><G70/><N who="0" m="42263" /><D132/><U46/><E72/><V121/><F74/><W56/><G21/><AGARI ba="1,0" hai="21,24,31,38,39" m="42263,48203,45578" machi="21" ten="30,1000,0" yaku="18,1" doraHai="89" who="0" fromWho="3" sc="401,13,94,0,139,0,366,-13" owari="414,51.4,94,-40.6,139,-26.1,353,15.3" /></mjloggm>