<mjloggm ver="2.3"><GO type="225" lobby="0"/><UN n0="%E3%82%A2%E3%83%9E%E3%83%9D%EF%BD%9E%EF%BD%9E%E3%83%A9" n1="%E6%A1%9C%E8%8A%B1%E9%96%83%E3%80%85" n2="%E3%81%99%E3%81%84%E3%81%BE%E3%81%9B%E3%83%BC%E3%82%93" n3="%E6%B4%BE%E9%81%A3%E3%81%AE%E3%82%B8%E3%83%A3%E3%83%83%E3%82%AF" dan="17,16,18,17" rate="2134.33,2220.26,2197.79,2179.17" sx="M,M,M,M"/><TAIKYOKU oya="0"/><INIT seed="0,0,0,1,3,39" ten="250,250,250,250" oya="0" hai0="94,30,67,111,118,28,3,75,116,69,96,45,33" hai1="78,47,54,50,26,0,133,82,110,80,89,130,84" hai2="104,24,126,122,37,128,119,76,100,113,14,129,1" hai3="52,107,23,61,15,93,70,21,66,55,85,8,9"/><T57/><D75/><U63/><E110/><V60/><F1/><W20/><G107/><T88/><D111/><U25/><E133/><V13/><F119/><W87/><G9/><T56/><D3/><U95/><E130/><V117/><F117/><W79/><G87/><T91/><D69/><U103/><E0/><V73/><F37/><W108/><G108/><T81/><D33/><U2/><E2/><V125/><F122/><W12/><G12/><T92/><D81/><U62/><E103/><V72/><F113/><W74/><G74/><T64/><D45/><U41/><E82/><V35/><F35/><W40/><G40/><T27/><D27/><N who="1" m="10251" /><E54/><V36/><F36/><W43/><G43/><T105/><D96/><AGARI ba="0,0" hai="41,47,50,62,63,78,80,84,89,95,96" m="10251" machi="96" ten="30,2000,0" yaku="8,1,52,1" doraHai="39" who="1" fromWho="0" sc="250,-20,250,20,250,0,250,0" /><INIT seed="1,0,0,0,2,58" ten="230,270,250,250" oya="1" hai0="36,72,21,103,65,29,10,81,104,32,74,19,83" hai1="99,113,91,9,56,1,31,24,23,126,89,38,68" hai2="92,115,4,13,59,66,40,108,48,121,0,106,129" hai3="34,114,134,97,67,37,46,60,25,30,57,75,78"/><U54/><E113/><V53/><F106/><W63/><G114/><T100/><D36/><U102/><E126/><V90/><F121/><W123/><G123/><T111/><D111/><U2/><E68/><V110/><F115/><W70/><G134/><T120/><D120/><U118/><E38/><V12/><F129/><W39/><G46/><T131/><D10/><U51/><E118/><V45/><F66/><W17/><G17/><T71/><D131/><U62/><E51/><V93/><F0/><W73/><G97/><N who="0" m="61455" /><D103/><U14/><E1/><V35/><F35/><W82/><REACH who="3" step="1"/><G75/><REACH who="3" ten="230,270,250,240" step="2"/><T107/><D74/><U8/><E2/><V132/><F132/><W98/><G98/><T47/><D72/><U69/><E69/><V76/><F110/><W87/><G87/><T116/><D47/><U77/><E77/><V94/><F76/><W85/><G85/><T3/><D3/><U112/><E112/><V15/><F108/><W109/><G109/><T128/><D128/><U42/><E42/><V96/><REACH who="2" step="1"/><F4/><REACH who="2" ten="230,270,240,240" step="2"/><W135/><G135/><T33/><D116/><U130/><E130/><V86/><F86/><W125/><G125/><T50/><D83/><U26/><E99/><V88/><F88/><W61/><G61/><AGARI ba="0,2" hai="12,13,15,40,45,48,53,59,61,90,92,93,94,96" machi="61" ten="40,8000,1" yaku="1,1,8,1,52,1,53,1" doraHai="58" doraHaiUra="41" who="2" fromWho="3" sc="230,0,270,0,240,100,240,-80" /><INIT seed="2,0,0,4,4,126" ten="230,270,340,160" oya="2" hai0="12,19,23,75,2,38,128,4,3,61,29,11,73" hai1="94,18,26,89,134,102,84,100,69,112,133,71,42" hai2="101,119,83,110,67,21,60,40,54,91,7,74,116" hai3="50,109,82,27,106,87,8,118,14,46,51,47,66"/><V95/><F110/><W98/><G118/><T135/><D38/><U88/><E42/><V33/><F33/><W35/><G109/><T92/><D61/><U32/><E112/><V97/><F40/><W132/><G132/><N who="1" m="50794" /><E89/><V115/><F54/><W99/><G66/><T1/><D92/><U62/><E18/><V9/><F21/><W85/><G35/><T70/><D70/><N who="1" m="26635" /><E62/><V15/><F115/><W59/><G106/><T121/><D75/><U93/><E93/><V113/><F113/><W25/><G59/><T122/><D73/><U63/><E63/><V45/><F45/><W123/><G123/><N who="0" m="47115" /><D135/><U80/><E94/><V24/><F74/><W124/><G124/><T76/><D76/><U127/><E127/><V65/><F65/><W111/><G111/><T20/><D128/><U117/><E117/><V129/><F129/><W131/><G131/><T44/><D44/><U104/><E104/><V6/><F119/><W39/><G39/><T77/><D77/><U43/><E43/><V90/><F116/><W79/><G79/><T13/><D29/><AGARI ba="0,0" hai="26,29,32,80,84,88,100,102" m="26635,50794" machi="29" ten="30,2000,0" yaku="20,1,54,1" doraHai="126" who="1" fromWho="0" sc="230,-20,270,20,340,0,160,0" /><INIT seed="3,0,0,3,2,43" ten="210,290,340,160" oya="3" hai0="24,53,84,1,45,66,96,29,57,105,59,35,93" hai1="13,12,19,134,95,40,18,14,118,68,30,34,2" hai2="69,17,100,116,51,125,99,112,6,109,89,25,130" hai3="103,78,113,107,119,47,26,77,48,73,79,49,21"/><W122/><G122/><T104/><D1/><U15/><E68/><V58/><F116/><W74/><G119/><T117/><D117/><U0/><E40/><V72/><F69/><W33/><G113/><T71/><D84/><U36/><E36/><V115/><F72/><W67/><G67/><T61/><D105/><U128/><E95/><V56/><F6/><W44/><G33/><T7/><D7/><U23/><E118/><V124/><F89/><W10/><G10/><T114/><D114/><U32/><E128/><V80/><F130/><W11/><G11/><T37/><D104/><U87/><E87/><V92/><F80/><W90/><G90/><T82/><D82/><U85/><E85/><V129/><F129/><W135/><G135/><T88/><REACH who="0" step="1"/><D37/><REACH who="0" ten="200,290,340,160" step="2"/><U42/><E134/><V94/><F115/><W20/><G73/><T86/><D86/><U9/><E42/><V81/><F81/><W31/><G74/><T5/><D5/><U106/><E106/><V121/><F112/><W52/><G107/><T16/><D16/><U62/><E0/><V28/><F17/><W98/><G31/><T70/><D70/><U75/><E2/><V38/><F28/><W22/><G26/><T126/><D126/><U91/><E75/><V60/><F25/><W46/><G48/><AGARI ba="0,1" hai="24,29,35,45,48,53,57,59,61,66,71,88,93,96" machi="48" ten="40,5200,0" yaku="1,1,52,1,54,1,53,0" doraHai="43" doraHaiUra="108" who="0" fromWho="3" sc="200,62,290,0,340,0,160,-52" owari="262,-13.8,290,9.0,340,44.0,108,-39.2" /></mjloggm>