<mjloggm ver="2.3"><GO type="169" lobby="0"/><UN n0="%E3%82%BF%E3%82%A4%E4%BA%BA%EF%BC%A0%E3%83%90%E3%83%B3%E3%82%B3%E3%82%AF" n1="%E3%81%B5%E3%81%9F%E3%81%97%E3%81%8A" n2="%56%45%54%54%45%4C" n3="%E5%85%A9%E5%84%80%E4%B8%B6%E5%BC%8F" dan="16,16,16,16" rate="2156.99,2059.13,2114.20,2149.62" sx="M,M,M,M"/><TAIKYOKU oya="0"/><INIT seed="0,0,0,3,1,72" ten="250,250,250,250" oya="0" hai0="19,53,82,48,17,9,108,96,58,54,123,29,74" hai1="73,26,132,115,16,87,43,66,91,95,5,119,67" hai2="93,110,42,11,38,118,68,4,105,52,121,15,50" hai3="99,134,39,13,135,14,90,51,101,133,24,32,69"/><T103/><D123/><U102/><E119/><V6/><F121/><W127/><G39/><T28/><D108/><U20/><E132/><V27/><F110/><W62/><G127/><T104/><D19/><U44/><E115/><V85/><F105/><N who="3" m="63679" /><G90/><T7/><D17/><U35/><E5/><V125/><F125/><W80/><G51/><T109/><D109/><U8/><E102/><V41/><F68/><W36/><G36/><T89/><D54/><U33/><E73/><V84/><F38/><W111/><G111/><T75/><D75/><U83/><E95/><V45/><F118/><W92/><G92/><T107/><D107/><U25/><E8/><V59/><F6/><W40/><G80/><T112/><D112/><U131/><E131/><V81/><F27/><W116/><G40/><T10/><D10/><U71/><E26/><V55/><F93/><W57/><G116/><T113/><D113/><U79/><E91/><N who="2" m="51599" /><F85/><W23/><G32/><T37/><D37/><U30/><E71/><V46/><F46/><W34/><G34/><T63/><D48/><AGARI ba="0,0" hai="4,11,15,41,42,45,48,50,52,55,59" m="51599" machi="48" ten="30,2000,0" yaku="8,1,54,1" doraHai="72" who="2" fromWho="0" sc="250,-20,250,0,250,20,250,0" /><INIT seed="1,0,0,5,2,103" ten="230,250,270,250" oya="1" hai0="51,22,78,130,44,2,3,11,101,115,38,66,53" hai1="120,94,40,85,55,69,124,25,133,126,116,52,68" hai2="19,28,93,23,97,65,107,104,43,127,79,34,73" hai3="27,62,48,5,58,118,61,121,74,32,13,60,88"/><U83/><E116/><V42/><F65/><W70/><G121/><T29/><D115/><U1/><E120/><V24/><F127/><N who="1" m="48681" /><E1/><V129/><F129/><W106/><G74/><T8/><D130/><U109/><E40/><V41/><F79/><W111/><G111/><T54/><D78/><U110/><E94/><V7/><F7/><W131/><G131/><T4/><D66/><U87/><E25/><V95/><F73/><W35/><G118/><T15/><D38/><U10/><E10/><V26/><REACH who="2" step="1"/><F95/><REACH who="2" ten="230,250,260,250" step="2"/><W112/><G112/><T6/><D6/><U30/><E133/><V135/><F135/><W82/><G5/><T56/><D4/><U37/><E37/><V100/><AGARI ba="0,1" hai="19,23,24,26,28,34,41,42,43,93,97,100,104,107" machi="100" ten="30,8000,1" yaku="1,1,0,1,52,2,53,1" doraHai="103" doraHaiUra="90" who="2" fromWho="2" sc="230,-20,250,-40,260,90,250,-20" /><INIT seed="2,0,0,2,4,60" ten="210,210,350,230" oya="2" hai0="31,82,79,6,135,127,41,85,21,50,19,55,28" hai1="118,64,115,67,20,92,12,52,51,39,88,76,101" hai2="29,72,58,103,53,102,114,86,5,34,30,128,119" hai3="37,54,17,11,80,89,70,26,124,87,130,45,15"/><V48/><F114/><W63/><G130/><T97/><D135/><U59/><E39/><V98/><F119/><W66/><G124/><T27/><D127/><U123/><E118/><V122/><F122/><W131/><G131/><T65/><D6/><U16/><E115/><V14/><F72/><W38/><REACH who="3" step="1"/><G26/><REACH who="3" ten="210,210,350,220" step="2"/><T47/><D41/><U3/><E123/><V49/><F128/><W78/><G78/><T32/><D32/><U13/><E3/><V1/><F1/><W8/><G8/><T91/><D65/><N who="1" m="25163" /><E76/><V57/><F34/><W90/><G90/><T126/><D126/><U134/><E134/><V24/><F24/><W81/><G81/><T23/><D79/><U100/><E12/><V106/><F14/><W108/><G108/><T129/><D129/><U83/><E83/><V93/><F103/><W40/><G40/><T96/><D31/><U62/><E62/><V117/><F29/><W44/><G44/><T10/><D10/><U61/><E61/><V0/><F30/><W73/><G73/><T4/><D28/><U46/><E46/><V104/><F0/><W125/><G125/><T77/><D27/><U22/><E22/><V71/><F117/><W69/><G69/><T75/><D23/><U18/><E18/><V116/><F71/><W74/><G74/><T120/><D19/><U94/><E88/><N who="2" m="53399" /><F116/><W132/><G132/><T7/><D21/><U33/><E33/><V105/><F5/><N who="0" m="2122" /><D120/><U110/><E110/><V68/><F68/><W42/><G42/><T84/><D75/><U99/><E101/><V109/><F109/><W35/><G35/><RYUUKYOKU ba="0,1" sc="210,0,210,0,350,0,220,0" hai0="47,50,55,77,82,84,85,91,96,97" hai1="13,16,20,51,52,59,92,94,99,100" hai2="48,49,53,57,58,98,102,104,105,106" hai3="11,15,17,37,38,45,54,63,66,70,80,87,89" /><INIT seed="2,1,1,3,1,133" ten="210,210,350,220" oya="2" hai0="52,48,75,24,116,16,38,50,57,90,98,20,37" hai1="32,119,131,6,69,60,31,41,23,1,14,34,36" hai2="99,86,122,85,114,42,8,15,92,115,46,78,126" hai3="59,10,117,70,100,18,88,129,135,97,54,49,71"/><V118/><F118/><W113/><G117/><T83/><D116/><U120/><E119/><RYUUKYOKU type="kaze4" ba="1,1" sc="210,0,210,0,350,0,220,0" /><INIT seed="2,2,1,0,0,18" ten="210,210,350,220" oya="2" hai0="127,43,0,8,66,34,10,65,132,67,53,106,115" hai1="130,7,2,49,82,121,72,84,128,123,37,73,31" hai2="56,79,24,71,94,40,45,89,95,61,109,111,69" hai3="32,12,90,1,116,77,114,42,135,81,54,17,110"/><V19/><F79/><W15/><G116/><T38/><D115/><U62/><E37/><V58/><F24/><W63/><G32/><T59/><D106/><U122/><E62/><V113/><F113/><W86/><G1/><T3/><D132/><U57/><E31/><V78/><F78/><W85/><G114/><T93/><D127/><U105/><E105/><V99/><F19/><W51/><G135/><T108/><D34/><U55/><E7/><V5/><F5/><W83/><G110/><N who="2" m="41993" /><F95/><W46/><G17/><T117/><D117/><U26/><E26/><V20/><F20/><W112/><G112/><T74/><D108/><U21/><E21/><V28/><F28/><W119/><G119/><T44/><D93/><U103/><E103/><V120/><F120/><W133/><G133/><T16/><D74/><N who="1" m="28779" /><E2/><V52/><F58/><AGARI ba="2,1" hai="12,15,42,46,51,54,58,63,77,81,83,85,86,90" machi="58" ten="40,1300,0" yaku="8,1" doraHai="18" who="3" fromWho="2" sc="210,0,210,0,350,-19,220,29" /><INIT seed="3,0,0,3,1,93" ten="210,210,331,249" oya="3" hai0="102,87,86,64,79,88,42,6,101,10,66,124,8" hai1="55,74,25,49,4,132,60,2,126,73,67,107,85" hai2="52,70,65,97,50,114,105,23,5,109,80,71,82" hai3="24,14,53,119,37,9,106,40,46,28,135,59,81"/><W51/><G119/><T92/><D124/><U62/><E107/><V90/><F114/><W83/><G135/><T44/><D10/><U108/><E132/><V7/><F109/><W111/><G106/><T76/><D101/><U56/><E108/><V78/><F105/><W96/><G96/><T99/><D87/><U13/><E126/><V103/><F103/><W130/><G130/><T122/><D122/><U3/><E25/><V26/><F70/><W118/><G118/><T17/><D17/><U89/><E13/><V15/><F65/><W94/><G94/><T16/><D66/><U39/><E62/><V41/><F41/><W77/><G77/><T19/><D64/><U75/><E39/><V35/><F35/><W61/><G37/><T43/><D79/><U11/><E2/><V18/><F71/><W1/><G1/><T117/><D76/><U21/><E21/><V12/><F5/><W48/><G61/><T127/><D127/><U47/><E74/><V68/><F7/><W98/><G98/><T104/><D117/><U84/><E85/><N who="2" m="50487" /><F97/><W91/><G91/><T29/><D29/><U131/><E131/><V27/><F68/><W34/><REACH who="3" step="1"/><G111/><REACH who="3" ten="210,210,331,239" step="2"/><T38/><D43/><U20/><E89/><V100/><F78/><W95/><G95/><T72/><D72/><U112/><E75/><V120/><F100/><W54/><G54/><T45/><D45/><U22/><E73/><V121/><F52/><W129/><G129/><T30/><D30/><U57/><E84/><V110/><F110/><W128/><G128/><T0/><AGARI ba="0,1" hai="0,6,8,16,19,38,42,44,86,88,92,99,102,104" machi="0" ten="20,8000,1" yaku="0,1,7,1,52,1,54,2" doraHai="93" who="0" fromWho="0" sc="210,90,210,-20,331,-20,239,-40" /><INIT seed="4,0,0,5,3,7" ten="300,190,311,199" oya="0" hai0="134,42,125,111,12,23,43,37,52,15,103,34,93" hai1="19,44,71,135,29,53,58,100,13,114,75,76,109" hai2="36,90,60,32,46,21,113,38,3,64,18,69,122" hai3="20,65,94,48,22,120,87,98,129,30,33,62,68"/><T126/><D34/><U35/><E109/><V89/><F122/><W108/><G108/><T24/><D111/><U54/><E71/><V17/><F32/><W41/><G129/><T66/><D66/><U40/><E135/><V0/><F113/><W2/><G120/><T8/><D15/><U74/><E100/><V31/><F31/><W124/><G124/><N who="0" m="47723" /><D37/><U101/><E101/><V70/><F70/><W102/><G2/><T26/><D134/><U107/><E107/><V67/><F67/><W82/><G41/><N who="0" m="15371" /><D23/><U112/><E29/><V83/><F36/><W86/><G48/><T57/><D93/><U95/><E95/><V78/><F21/><W27/><REACH who="3" step="1"/><G87/><REACH who="3" ten="300,190,311,189" step="2"/><T45/><D45/><U130/><E130/><V39/><F46/><W81/><G81/><T88/><D103/><U99/><E114/><V9/><F38/><W72/><G72/><T91/><D26/><U117/><E74/><V73/><F39/><W10/><G10/><T123/><D24/><U96/><E112/><V104/><F9/><W14/><G14/><T16/><D123/><U118/><E13/><V132/><F0/><W25/><G25/><T47/><D47/><U6/><E44/><V131/><F3/><W77/><AGARI ba="0,1" hai="20,22,27,30,33,62,65,68,77,82,86,94,98,102" machi="77" ten="20,5200,0" yaku="1,1,0,1,7,1,53,1" doraHai="7" doraHaiUra="28" who="3" fromWho="3" sc="300,-26,190,-13,311,-13,189,62" /><INIT seed="5,0,0,1,3,96" ten="274,177,298,251" oya="1" hai0="70,118,12,124,106,84,23,1,88,115,41,81,105" hai1="120,49,43,0,8,78,90,95,33,61,98,114,117" hai2="76,72,123,38,135,107,66,132,91,2,60,30,34" hai3="48,133,63,74,69,47,35,99,125,40,21,130,89"/><U26/><E117/><V50/><F38/><W3/><G35/><T24/><D1/><U93/><E120/><V32/><F2/><W22/><G3/><T37/><D118/><U15/><E0/><V126/><F123/><W39/><G74/><T45/><D70/><U68/><E78/><V64/><F107/><W111/><G111/><T119/><D119/><U16/><E114/><V27/><F126/><W86/><G130/><T46/><D124/><U109/><E109/><V116/><F116/><W11/><G133/><N who="2" m="51273" /><F91/><W31/><G11/><T65/><D65/><N who="2" m="25194" /><F60/><W104/><G69/><T57/><D57/><U10/><E61/><V53/><F72/><W77/><G63/><T42/><D12/><N who="1" m="7175" /><E33/><N who="2" m="20703" /><F76/><W28/><G77/><T82/><D115/><U97/><E68/><V129/><F129/><W102/><G39/><T79/><D45/><AGARI ba="0,0" hai="32,34,45,50,53" m="20703,25194,51273" machi="45" ten="30,1000,0" yaku="20,1" doraHai="96" who="2" fromWho="0" sc="274,-10,177,0,298,10,251,0" /><INIT seed="6,0,0,2,1,41" ten="264,177,308,251" oya="2" hai0="12,60,76,104,52,135,97,127,61,120,9,17,72" hai1="91,28,121,133,29,63,14,37,94,71,46,3,18" hai2="107,70,8,24,73,75,39,58,90,64,112,45,129" hai3="47,54,35,126,50,49,0,82,57,106,51,85,1"/><V56/><F107/><W66/><G35/><T7/><D120/><U74/><E3/><V116/><F116/><W134/><G106/><T77/><D135/><U123/><E74/><V40/><F112/><W132/><G126/><T98/><D127/><U89/><E133/><N who="3" m="51306" /><G66/><T108/><D108/><U33/><E63/><N who="0" m="24137" /><D72/><U43/><E71/><V15/><F70/><W13/><G13/><N who="0" m="5311" /><D104/><U6/><E6/><V95/><F64/><W87/><G87/><T128/><D128/><U2/><E2/><N who="3" m="1130" /><G57/><T103/><D103/><U22/><E89/><AGARI ba="0,0" hai="47,49,50,51,54,82,85,89" m="1130,51306" machi="89" ten="30,2000,0" yaku="20,1,52,1" doraHai="41" who="3" fromWho="1" sc="264,0,177,-20,308,0,251,20" /><INIT seed="7,0,0,5,3,5" ten="264,157,308,271" oya="3" hai0="32,92,80,1,34,73,24,38,101,112,87,10,18" hai1="40,46,95,45,3,25,84,75,37,17,59,15,111" hai2="85,124,130,44,93,106,36,102,33,115,8,54,7" hai3="49,98,53,56,64,69,47,29,94,113,48,11,96"/><W74/><G74/><T71/><D71/><U82/><E111/><V99/><F115/><W88/><G113/><T81/><D112/><U19/><E3/><V128/><F33/><W122/><G122/><T27/><D38/><U6/><E75/><V125/><F106/><W4/><G69/><T127/><D127/><N who="2" m="48714" /><F85/><N who="3" m="52495" /><G29/><T65/><D65/><U57/><E95/><V51/><F36/><W43/><G64/><T100/><D92/><U31/><E6/><V70/><F70/><W134/><G134/><T39/><D39/><U50/><E31/><V12/><AGARI ba="0,0" hai="7,8,12,44,51,54,93,99,102,128,130" m="48714" machi="12" ten="30,2000,0" yaku="18,1,52,1" doraHai="5" who="2" fromWho="2" sc="264,-5,157,-5,308,20,271,-10" owari="259,-14.1,152,-34.8,328,42.8,261,6.1" /></mjloggm>