<mjloggm ver="2.3"><GO type="169" lobby="0"/><UN n0="%72%65%6E%6A%69%38%33" n1="%E6%B8%85%E9%A2%A8%E5%8C%97" n2="%E3%81%8D%E3%81%84%E3%81%AA" n3="%E7%8F%BE%E5%A0%B4%E3%81%AD%E3%81%93" dan="17,16,17,16" rate="2223.68,2185.09,2170.00,2090.24" sx="M,F,F,M"/><TAIKYOKU oya="0"/><INIT seed="0,0,0,1,5,4" ten="250,250,250,250" oya="0" hai0="71,87,53,58,83,57,63,73,102,119,32,99,111" hai1="31,50,107,127,17,114,9,45,18,25,33,52,69" hai2="81,100,108,88,121,43,29,67,24,122,109,11,64" hai3="15,61,28,79,84,117,38,23,46,126,134,26,91"/><T77/><D119/><U85/><E69/><V19/><F100/><W86/><G117/><T98/><D32/><U120/><E120/><V76/><F43/><W80/><G134/><T135/><D135/><U55/><E127/><V48/><F48/><W130/><G130/><T90/><D111/><N who="2" m="42570" /><F64/><W0/><G0/><T74/><D71/><U106/><E114/><V129/><F67/><W105/><G105/><T60/><D77/><U34/><E33/><V62/><F62/><W95/><G126/><T101/><D101/><U10/><E55/><V22/><F129/><W21/><G38/><T92/><REACH who="0" step="1"/><D99/><REACH who="0" ten="240,250,250,250" step="2"/><U103/><E103/><V20/><F122/><W1/><G1/><T124/><D124/><U44/><E85/><N who="2" m="50223" /><F76/><W75/><G75/><T8/><D8/><U6/><E10/><V27/><F121/><W13/><G23/><T49/><D49/><U94/><E50/><V3/><F3/><W112/><G112/><T30/><D30/><U128/><E31/><V116/><F116/><W40/><G61/><T93/><D93/><U7/><E94/><V70/><F70/><W16/><G28/><T72/><D72/><U97/><E97/><V89/><F89/><W66/><G86/><T131/><D131/><U78/><E78/><V5/><F11/><W54/><G79/><T113/><D113/><U39/><E9/><V118/><F118/><W35/><G35/><T125/><D125/><U37/><E34/><V56/><F5/><W110/><G110/><T41/><D41/><U68/><E68/><V133/><F133/><W14/><G40/><T2/><D2/><RYUUKYOKU ba="0,1" sc="240,15,250,-15,250,15,250,-15" hai0="53,57,58,60,63,73,74,83,87,90,92,98,102" hai2="19,20,22,24,27,29,56" /><INIT seed="0,1,1,1,5,79" ten="255,235,265,235" oya="0" hai0="73,44,37,78,126,135,130,18,17,108,107,40,93" hai1="4,16,45,83,1,81,51,124,123,98,36,87,80" hai2="8,71,69,105,127,46,30,112,91,90,15,66,52" hai3="29,48,131,134,110,118,50,14,75,96,84,119,58"/><T32/><D107/><U125/><E123/><V62/><F112/><W39/><G75/><T74/><D32/><U54/><E36/><V20/><F105/><W85/><G39/><T121/><D121/><U11/><E98/><V0/><F69/><W35/><G35/><T33/><D33/><U120/><E120/><V28/><F127/><N who="1" m="48713" /><E16/><V25/><F0/><W106/><G29/><T89/><D126/><U132/><E132/><V27/><F27/><W76/><G134/><T82/><D135/><U2/><E2/><V56/><F46/><W128/><G110/><T86/><D108/><U115/><E115/><V13/><F28/><W26/><G26/><T31/><D31/><U116/><E116/><V99/><F99/><W21/><G85/><AGARI ba="1,1" hai="1,4,11,45,51,54,80,81,83,85,87" m="48713" machi="85" ten="30,7700,0" yaku="18,1,52,3" doraHai="79" who="1" fromWho="3" sc="255,0,235,90,265,0,235,-80" /><INIT seed="1,0,0,2,0,34" ten="255,325,265,155" oya="1" hai0="72,101,20,112,96,107,13,9,66,89,75,73,32" hai1="3,76,134,10,131,77,17,0,99,51,94,23,86" hai2="8,135,19,18,58,115,56,81,97,67,64,41,78" hai3="102,95,21,124,46,30,83,68,50,22,113,110,109"/><U126/><E131/><V31/><F135/><W39/><G39/><T40/><D112/><U37/><E134/><V43/><F115/><W38/><G38/><T114/><D114/><U15/><E37/><V87/><F31/><W6/><G68/><T122/><D32/><U98/><E126/><V127/><F127/><W60/><G124/><T80/><D122/><U69/><E69/><V119/><F119/><W54/><G113/><T90/><D40/><N who="2" m="15434" /><F97/><N who="3" m="59711" /><G30/><T108/><D108/><N who="3" m="41577" /><G6/><T47/><D47/><U62/><E62/><N who="2" m="37959" /><F8/><W123/><G123/><T74/><D66/><U133/><E133/><V118/><F118/><W16/><G60/><AGARI ba="0,0" hai="18,19,58,60,67,78,81,87" m="37959,15434" machi="60" ten="30,1000,0" yaku="8,1" doraHai="34" who="2" fromWho="3" sc="255,0,325,0,265,10,155,-10" /><INIT seed="2,0,0,3,2,30" ten="255,325,275,145" oya="2" hai0="14,20,28,112,93,32,17,97,50,127,35,68,62" hai1="1,96,40,88,57,9,79,125,67,46,74,126,2" hai2="23,29,44,117,15,113,7,118,92,102,41,33,56" hai3="71,87,78,61,38,114,83,77,36,121,59,89,12"/><V26/><F113/><W111/><G71/><T134/><D112/><U27/><E79/><V104/><F104/><W66/><G114/><T16/><D28/><U122/><E74/><V116/><F56/><W60/><G111/><T133/><D127/><N who="1" m="48651" /><E122/><V4/><F102/><W72/><G121/><T115/><D115/><U105/><E27/><V110/><F92/><W39/><G72/><T51/><D62/><N who="1" m="38351" /><E9/><V107/><F107/><W130/><G130/><T109/><D68/><U31/><E31/><V70/><F70/><W73/><G73/><T22/><D109/><U108/><E108/><V58/><F58/><W3/><G3/><T53/><D53/><U94/><E105/><V100/><F100/><W120/><G120/><T18/><D93/><U84/><E84/><V21/><F110/><W55/><G61/><T135/><D97/><U8/><E8/><V54/><F54/><W76/><REACH who="3" step="1"/><G12/><REACH who="3" ten="255,325,275,135" step="2"/><N who="0" m="9223" /><D18/><U85/><E85/><V65/><F15/><W37/><N who="3" m="9216" /><DORA hai="6" /><W13/><G13/><T123/><D123/><U42/><E2/><V86/><F116/><W11/><G11/><T19/><D19/><U5/><E1/><V95/><F118/><W132/><G132/><T99/><D99/><U69/><E69/><V52/><F117/><W34/><G34/><AGARI ba="0,1" hai="14,17,22,32,34,35,50,51,133,134,135" m="9223" machi="34" ten="40,8000,1" yaku="20,1,52,3,54,1" doraHai="30,6" who="0" fromWho="3" sc="255,90,325,0,275,0,135,-80" /><INIT seed="3,0,0,2,4,121" ten="345,325,275,55" oya="3" hai0="54,129,48,23,34,101,96,86,91,55,4,82,62" hai1="1,116,49,128,124,90,10,35,69,24,6,57,113" hai2="92,66,94,59,51,76,120,93,38,122,126,132,16" hai3="65,43,40,9,106,118,19,79,109,119,53,32,33"/><W104/><G79/><T81/><D34/><U17/><E113/><V95/><F38/><W102/><G102/><T28/><D129/><U30/><E69/><V60/><F132/><W64/><G9/><T117/><D117/><U5/><E116/><V15/><F126/><W115/><G19/><T56/><D4/><U21/><E124/><V14/><F14/><W100/><G100/><T44/><D81/><U87/><E6/><V110/><F110/><W80/><G80/><T99/><REACH who="0" step="1"/><D101/><REACH who="0" ten="335,325,275,55" step="2"/><U41/><E128/><V42/><F76/><W77/><G77/><T112/><D112/><U75/><E75/><V7/><F7/><W39/><G115/><T134/><D134/><U11/><E5/><V47/><N who="2" m="23552" /><DORA hai="0" /><V18/><REACH who="2" step="1"/><F18/><REACH who="2" ten="335,325,265,55" step="2"/><W63/><G118/><T98/><D98/><U31/><E17/><V27/><F27/><AGARI ba="0,2" hai="23,27,28,44,48,54,55,56,62,82,86,91,96,99" machi="27" ten="40,5200,0" yaku="1,1,8,1,53,1" doraHai="121,0" doraHaiUra="22,127" who="0" fromWho="2" sc="335,72,325,0,265,-52,55,0" /><INIT seed="4,0,0,1,0,113" ten="407,325,213,55" oya="0" hai0="34,15,20,118,125,131,27,43,133,88,54,16,35" hai1="55,19,107,3,56,70,51,94,65,5,82,53,75" hai2="11,102,74,40,37,78,1,130,29,47,45,93,117" hai3="77,46,84,122,14,89,91,111,13,73,57,58,81"/><T104/><D104/><U26/><E107/><V100/><F130/><W132/><G122/><T44/><D131/><U86/><E75/><V63/><F29/><W105/><G105/><T61/><D125/><U98/><E5/><N who="2" m="1455" /><F47/><W101/><G101/><N who="2" m="39017" /><F93/><W38/><G111/><T67/><D133/><U123/><E3/><V8/><F8/><W33/><G33/><T124/><D54/><N who="1" m="31839" /><E65/><V127/><F63/><W68/><G68/><T120/><D124/><U80/><E70/><V32/><F32/><W114/><G132/><T9/><D120/><U119/><E119/><V62/><F62/><W10/><G13/><T17/><D118/><U12/><E26/><V36/><F36/><W23/><G23/><T96/><D96/><U112/><E112/><V60/><F60/><W128/><G114/><T59/><REACH who="0" step="1"/><D88/><REACH who="0" ten="397,325,213,55" step="2"/><N who="1" m="55623" /><E123/><V24/><F127/><W99/><G99/><T109/><D109/><U79/><E82/><V41/><F117/><W42/><G128/><T115/><D115/><U0/><E0/><V18/><F78/><W49/><G91/><T30/><D30/><U76/><E76/><V110/><F110/><W83/><REACH who="3" step="1"/><G38/><AGARI ba="0,1" hai="9,15,16,17,20,27,34,35,38,43,44,59,61,67" machi="38" ten="30,11600,0" yaku="1,1,7,1,54,1,53,1" doraHai="113" doraHaiUra="4" who="0" fromWho="3" sc="397,126,325,0,213,0,55,-116" owari="523,62.3,325,12.5,213,-18.7,-61,-56.1" /></mjloggm>