<mjloggm ver="2.3"><GO type="169" lobby="0"/><UN n0="%E3%81%BD%E3%81%A3%E3%81%91%E3%81%95%E3%82%93" n1="%E7%8A%B6%E6%85%8B%E9%BA%BB%E9%9B%80" n2="%6D%79%6D%65%6C%6F%58%58" n3="%E3%81%9F%E3%81%8B%E3%81%AA" dan="17,17,17,19" rate="2180.95,2209.63,2213.74,2216.47" sx="M,M,M,M"/><TAIKYOKU oya="0"/><INIT seed="0,0,0,2,2,93" ten="250,250,250,250" oya="0" hai0="94,36,46,124,11,15,34,110,20,88,105,83,67" hai1="112,22,10,134,65,44,128,13,27,5,123,120,133" hai2="43,35,21,98,91,31,130,60,39,118,131,102,2" hai3="57,111,32,132,114,52,99,86,12,62,29,125,73"/><T90/><D105/><U19/><E65/><V92/><F2/><W70/><G73/><T66/><D34/><U61/><E61/><V79/><F79/><W68/><G114/><T77/><D124/><U84/><E44/><V81/><F35/><W45/><G111/><T14/><D110/><U24/><E84/><V18/><F118/><W126/><G132/><N who="1" m="50794" /><E112/><V58/><F31/><W129/><G129/><T115/><D115/><U121/><E128/><V50/><F39/><W0/><G0/><AGARI ba="0,0" hai="0,5,10,13,19,22,24,27,120,121,123" m="50794" machi="0" ten="40,5200,0" yaku="20,1,34,2" doraHai="93" who="1" fromWho="3" sc="250,0,250,52,250,0,250,-52" /><INIT seed="1,0,0,3,0,67" ten="250,302,250,198" oya="1" hai0="59,130,107,109,68,62,4,87,48,14,44,9,52" hai1="118,110,30,20,55,23,26,74,28,3,71,82,105" hai2="41,102,0,58,135,54,12,99,88,131,57,34,13" hai3="7,125,81,72,40,73,15,25,36,108,89,79,85"/><U113/><E113/><V1/><F131/><W123/><G123/><T106/><D130/><U10/><E118/><V64/><F34/><W119/><G108/><T63/><D109/><U132/><E110/><V104/><F135/><W112/><G112/><T22/><D63/><U31/><E105/><V50/><F41/><W17/><G125/><T117/><D117/><U77/><E132/><V76/><F76/><W18/><G119/><T24/><D87/><U56/><E71/><V11/><F13/><W134/><G134/><T84/><D84/><U60/><REACH who="1" step="1"/><E26/><REACH who="1" ten="250,292,250,198" step="2"/><V66/><F104/><W124/><G25/><T129/><D129/><U75/><E75/><V111/><F111/><W90/><G72/><T61/><D68/><U80/><E80/><V97/><F0/><W91/><G73/><T16/><REACH who="0" step="1"/><D62/><REACH who="0" ten="240,292,250,198" step="2"/><U53/><E53/><AGARI ba="0,2" hai="4,9,14,16,22,24,44,48,52,53,59,61,106,107" machi="53" ten="30,8000,1" yaku="1,1,2,1,7,1,54,2,53,0" doraHai="67" doraHaiUra="69" who="0" fromWho="1" sc="240,100,292,-80,250,0,198,0" /><INIT seed="2,0,0,2,0,109" ten="340,212,250,198" oya="2" hai0="77,18,3,10,24,29,78,51,4,134,31,106,6" hai1="20,16,135,128,101,74,66,13,84,89,132,96,110" hai2="112,123,40,126,87,58,113,8,59,15,124,81,72" hai3="85,49,32,83,121,26,94,62,86,27,7,39,19"/><V63/><F72/><W28/><G39/><T67/><D106/><U92/><E110/><V25/><F123/><W55/><G121/><T119/><D67/><U65/><E74/><V54/><F40/><W122/><G122/><T60/><D60/><U0/><E0/><V76/><F58/><W103/><G7/><T118/><D51/><U34/><E34/><V71/><F25/><W73/><G62/><T130/><D134/><N who="1" m="51243" /><E128/><V82/><F82/><AGARI ba="0,0" hai="13,16,20,65,66,82,84,89,92,96,101" m="51243" machi="82" ten="30,2000,0" yaku="20,1,54,1" doraHai="109" who="1" fromWho="2" sc="340,0,212,20,250,-20,198,0" /><INIT seed="3,0,0,0,2,87" ten="340,232,230,198" oya="3" hai0="126,91,42,86,33,26,113,54,117,8,76,50,43" hai1="7,132,65,98,40,49,28,83,119,21,102,96,100" hai2="71,64,70,30,25,41,109,118,80,116,114,36,128" hai3="47,6,131,10,97,48,37,57,59,23,135,19,38"/><W1/><G131/><T52/><D117/><U121/><E121/><V18/><F114/><W130/><G130/><T9/><D76/><U16/><E119/><V66/><F128/><W13/><G135/><T88/><D113/><U24/><E132/><V123/><F18/><W15/><G1/><T11/><D126/><U22/><E7/><V134/><F134/><W32/><G32/><T63/><D33/><U20/><E65/><V85/><F123/><W99/><G38/><T5/><D5/><U31/><E83/><V105/><F105/><W45/><G37/><T44/><D26/><U3/><E3/><V93/><F93/><W79/><G79/><T68/><D68/><U122/><E122/><V82/><F85/><W125/><G45/><T61/><D91/><U133/><E133/><V89/><F25/><W120/><G125/><T81/><D54/><U55/><E40/><AGARI ba="0,0" hai="8,9,11,40,42,43,44,50,52,61,63,81,86,88" machi="40" ten="40,8000,1" yaku="8,1,52,1,54,2" doraHai="87" who="0" fromWho="1" sc="340,80,232,-80,230,0,198,0" /><INIT seed="4,0,0,0,4,77" ten="420,152,230,198" oya="0" hai0="1,12,58,92,122,52,101,42,38,39,48,78,115" hai1="60,102,64,67,112,37,134,57,72,81,123,89,129" hai2="105,96,55,110,124,9,97,54,75,14,4,2,46" hai3="61,71,116,106,82,135,25,45,69,94,103,80,90"/><T19/><D1/><U117/><E123/><V100/><F110/><W51/><G116/><T118/><D118/><U20/><E117/><V40/><F124/><W59/><G135/><T17/><D122/><U65/><E134/><V70/><F70/><W68/><G25/><T132/><D132/><U36/><E129/><V114/><F114/><W111/><G103/><T109/><D115/><U119/><E112/><V30/><F30/><W74/><G106/><T13/><D109/><U98/><E119/><V31/><F31/><W3/><G3/><T104/><D104/><U113/><E113/><V95/><F75/><W66/><G74/><T18/><D78/><U28/><E72/><V8/><F97/><W33/><G33/><T128/><D128/><U5/><E5/><V86/><F86/><W84/><REACH who="3" step="1"/><G111/><REACH who="3" ten="420,152,230,188" step="2"/><T44/><REACH who="0" step="1"/><D39/><REACH who="0" ten="410,152,230,188" step="2"/><U24/><E37/><V41/><F105/><W23/><G23/><T10/><D10/><U22/><E36/><V62/><F9/><W120/><G120/><T43/><D43/><AGARI ba="0,2" hai="43,45,51,59,61,66,68,69,71,80,82,84,90,94" machi="43" ten="40,5200,0" yaku="1,1,52,2,53,0" doraHai="77" doraHaiUra="127" who="3" fromWho="0" sc="410,-52,152,0,230,0,188,72" /><INIT seed="5,0,0,4,5,79" ten="358,152,230,260" oya="1" hai0="49,21,6,106,47,89,103,119,8,54,88,26,32" hai1="37,61,42,57,117,39,70,0,108,81,133,10,20" hai2="72,111,66,73,84,123,75,95,67,50,29,129,134" hai3="52,118,100,102,2,85,19,27,59,135,94,25,58"/><U64/><E117/><V14/><F111/><W34/><G2/><T107/><D32/><U60/><E108/><V113/><F123/><W22/><G135/><T124/><D119/><U98/><E133/><V109/><F109/><W33/><G118/><T41/><D124/><U128/><E128/><V11/><F134/><W116/><G58/><T18/><D106/><U92/><E20/><V5/><F129/><W56/><G59/><T45/><D103/><U99/><E42/><V91/><F113/><W105/><G116/><T115/><D107/><U48/><E48/><V63/><F50/><W7/><G7/><T120/><D115/><U82/><E99/><V122/><F122/><W30/><G105/><T87/><D120/><U46/><E46/><V132/><F132/><W110/><G34/><T112/><D112/><U80/><E10/><V76/><F29/><W51/><G110/><T90/><D47/><U127/><E0/><V28/><F28/><W126/><G126/><T131/><D131/><U43/><E43/><V38/><F38/><W104/><G104/><T62/><D62/><U35/><E35/><V130/><F130/><W15/><G27/><T16/><D41/><U68/><E127/><V65/><REACH who="2" step="1"/><F76/><REACH who="2" ten="358,152,220,260" step="2"/><W55/><G55/><T71/><D54/><U114/><E114/><V69/><AGARI ba="0,1" hai="5,11,14,63,65,66,67,69,72,73,75,84,91,95" machi="69" ten="30,4000,0" yaku="1,1,2,1,0,1,53,0" doraHai="79" doraHaiUra="23" who="2" fromWho="2" sc="358,-10,152,-20,220,50,260,-10" /><INIT seed="6,0,0,1,1,57" ten="348,132,270,250" oya="2" hai0="66,92,122,67,129,79,53,54,39,117,135,91,127" hai1="78,76,74,110,124,116,121,14,70,85,68,94,72" hai2="98,9,75,38,5,3,19,100,63,128,106,101,88" hai3="126,16,90,82,51,114,22,27,81,71,13,97,21"/><V8/><F75/><W12/><G126/><T1/><D1/><U47/><E14/><V96/><F128/><W95/><G114/><T17/><D39/><U99/><E47/><V111/><F38/><W18/><G71/><T87/><D122/><U119/><E70/><V0/><F111/><W130/><G130/><T34/><D34/><U37/><E68/><V23/><F88/><W52/><G27/><T40/><D40/><U4/><E4/><V10/><F3/><W84/><G97/><T107/><D107/><U45/><E45/><AGARI ba="0,0" hai="12,13,16,18,21,22,45,51,52,81,82,84,90,95" machi="45" ten="30,8000,1" yaku="7,1,9,1,8,1,54,2" doraHai="57" who="3" fromWho="1" sc="348,0,132,-80,270,0,250,80" /><INIT seed="7,0,0,1,1,78" ten="348,52,270,330" oya="3" hai0="19,49,81,97,117,51,38,130,2,54,115,5,109" hai1="56,123,10,29,62,34,112,91,12,101,121,82,6" hai2="50,44,77,132,28,53,126,102,114,26,47,13,118" hai3="8,124,31,52,90,99,36,37,75,4,104,125,68"/><W18/><G68/><T133/><D38/><U66/><E112/><V11/><F114/><W60/><G31/><T79/><D117/><U85/><REACH who="1" step="1"/><E101/><REACH who="1" ten="348,42,270,330" step="2"/><V55/><F118/><W74/><G124/><T129/><D115/><U94/><E94/><V107/><F126/><W3/><G125/><T57/><D129/><U76/><E76/><V32/><F77/><W96/><G104/><T69/><D79/><U103/><E103/><V135/><F102/><W46/><G74/><T92/><D92/><U40/><E40/><V20/><F107/><W86/><G75/><T23/><D130/><U43/><E43/><V24/><F135/><W111/><G111/><T84/><D133/><U67/><E67/><V25/><F132/><W41/><G36/><T122/><D109/><U58/><E58/><V110/><F110/><W120/><G120/><T7/><D57/><U73/><E73/><V42/><F42/><W95/><G37/><T116/><D122/><U35/><E35/><V88/><F32/><W27/><G41/><T21/><D69/><U105/><E105/><V71/><F71/><W93/><G93/><T17/><D116/><U9/><E9/><V70/><F70/><W100/><G100/><T33/><D33/><U1/><E1/><V83/><F11/><W131/><G131/><T64/><D64/><U14/><E14/><V119/><F13/><W134/><G134/><T30/><D2/><U22/><E22/><V108/><F20/><N who="3" m="13719" /><G46/><T98/><D30/><U128/><E128/><V127/><F28/><W48/><G3/><T106/><D106/><U80/><E80/><RYUUKYOKU ba="0,1" sc="348,-10,42,30,270,-10,330,-10" hai1="6,10,12,29,34,56,62,66,82,85,91,121,123" owari="348,44.8,72,-42.8,260,-14.0,320,12.0" /></mjloggm>