<mjloggm ver="2.3"><GO type="169" lobby="0"/><UN n0="%E2%91%A3%E3%82%BB%E3%83%B3%E3%83%81" n1="%E9%AB%AD%E9%AF%A8" n2="%6D%6F%75%77" n3="%E3%83%87%E3%83%A9%E3%82%B3%E3%83%83%E3%82%B3" dan="18,16,16,16" rate="2274.40,2159.80,2123.73,2172.74" sx="M,M,M,M"/><TAIKYOKU oya="0"/><INIT seed="0,0,0,3,1,85" ten="250,250,250,250" oya="0" hai0="16,116,103,53,102,118,21,35,127,129,11,62,5" hai1="0,98,120,105,75,27,66,56,96,114,101,73,133" hai2="12,74,63,39,77,45,100,112,111,17,37,49,90" hai3="78,94,123,99,23,41,69,87,106,36,70,31,38"/><T109/><D35/><U44/><E120/><V86/><F111/><W80/><G123/><T30/><D30/><U19/><E0/><V24/><F100/><W1/><G1/><T104/><D127/><U51/><E133/><V95/><F112/><W34/><G34/><T65/><D53/><U76/><E98/><V7/><F63/><W117/><G106/><T83/><D129/><U107/><E107/><V119/><F24/><W88/><G117/><T20/><D20/><U26/><E76/><V50/><F50/><W18/><G31/><T108/><D83/><U60/><E114/><V32/><F7/><W134/><G134/><T89/><D89/><U121/><E121/><V2/><F2/><W68/><REACH who="3" step="1"/><G41/><REACH who="3" ten="250,250,250,240" step="2"/><T122/><D122/><U84/><E105/><V128/><F119/><W22/><G22/><T47/><D118/><U8/><E8/><V58/><F32/><W46/><G46/><T33/><D33/><U81/><E44/><V82/><F128/><W132/><G132/><T42/><D116/><U3/><E3/><V113/><F113/><W43/><G43/><T29/><D29/><U40/><E40/><V71/><F45/><W15/><AGARI ba="0,1" hai="15,18,23,36,38,68,69,70,78,80,87,88,94,99" machi="15" ten="30,7900,0" yaku="1,1,0,1,52,1,54,1,53,0" doraHai="85" doraHaiUra="61" who="3" fromWho="3" sc="250,-39,250,-20,250,-20,240,89" /><INIT seed="1,0,0,1,2,54" ten="211,230,230,329" oya="1" hai0="60,43,99,80,114,25,84,116,76,101,134,26,3" hai1="109,128,41,83,118,96,122,117,132,61,104,82,88" hai2="68,73,12,1,115,86,63,65,113,74,40,100,62" hai3="123,71,19,50,59,11,2,58,112,110,38,4,13"/><U45/><E122/><V120/><F1/><W0/><G123/><T127/><D114/><U121/><E121/><V35/><F35/><W29/><G112/><N who="2" m="43081" /><F40/><W79/><G71/><T27/><D116/><U69/><E132/><V53/><F100/><W17/><G38/><T64/><D3/><U21/><E128/><V98/><F98/><W119/><G29/><T30/><D43/><U37/><E21/><V81/><F12/><W106/><G106/><T85/><D127/><U9/><E9/><V131/><F131/><W52/><G119/><T55/><D55/><U14/><E14/><V49/><F63/><W51/><G110/><T130/><D85/><U34/><E34/><V87/><F87/><W28/><G28/><T5/><D5/><U23/><E117/><V47/><F120/><W135/><G135/><T15/><D15/><U46/><E109/><V103/><F103/><W89/><G79/><AGARI ba="0,0" hai="47,49,53,62,65,68,73,74,79,81,86" m="43081" machi="79" ten="30,1000,0" yaku="11,1" doraHai="54" who="2" fromWho="3" sc="211,0,230,0,230,10,329,-10" /><INIT seed="2,0,0,3,5,73" ten="211,230,240,319" oya="2" hai0="32,113,98,81,65,45,52,9,101,109,135,87,21" hai1="2,40,23,95,116,72,117,77,5,22,83,53,74" hai2="57,6,13,118,125,128,42,94,86,93,10,79,127" hai3="129,30,89,133,56,15,84,46,114,55,4,62,75"/><V25/><F118/><W99/><G75/><T49/><D32/><U50/><E74/><V35/><F42/><W29/><G133/><T24/><D109/><U1/><E40/><V44/><F44/><W33/><G129/><T47/><D135/><U97/><E116/><V121/><F121/><W85/><G33/><T12/><D65/><U48/><E48/><V108/><F128/><W16/><G4/><T58/><D113/><U7/><E7/><V80/><F57/><W27/><G27/><T92/><D12/><U11/><E1/><V51/><F51/><W20/><G114/><T66/><D9/><U106/><E106/><V120/><F120/><W90/><G46/><T107/><D107/><U76/><E76/><V37/><F37/><W60/><G99/><T59/><D66/><U110/><E110/><V18/><F108/><W70/><G62/><T130/><D130/><U124/><E124/><N who="2" m="47691" /><F6/><W69/><G69/><T111/><D45/><U43/><E43/><V8/><F8/><W115/><G70/><T38/><D38/><U68/><E68/><V102/><F102/><W88/><REACH who="3" step="1"/><G115/><REACH who="3" ten="211,230,240,309" step="2"/><T63/><D63/><U26/><E117/><V119/><F119/><W71/><G71/><T91/><REACH who="0" step="1"/><D111/><REACH who="0" ten="201,230,240,309" step="2"/><U67/><E5/><V31/><AGARI ba="0,2" hai="10,13,18,25,31,35,79,80,86,93,94" m="47691" machi="31" ten="30,3000,0" yaku="18,1,52,1" doraHai="73" who="2" fromWho="2" sc="201,-10,230,-10,240,50,309,-10" /><INIT seed="2,1,0,1,0,108" ten="191,220,290,299" oya="2" hai0="111,75,94,82,124,33,115,0,74,23,87,86,95" hai1="96,131,4,106,56,121,1,71,89,69,127,53,67" hai2="46,58,88,92,134,66,118,59,11,50,15,2,49" hai3="77,116,109,39,13,129,26,135,12,16,20,114,54"/><V19/><F134/><W61/><G116/><T31/><D33/><U17/><E131/><V63/><F118/><W112/><G109/><T6/><D0/><U113/><E113/><N who="3" m="43626" /><G129/><T3/><D6/><U60/><E127/><V27/><F2/><W105/><G135/><T10/><D10/><U22/><E121/><V68/><F27/><W64/><G39/><T36/><D3/><U128/><E128/><V73/><F73/><W83/><G105/><T85/><D23/><U126/><E126/><V24/><F24/><W78/><G54/><T98/><D31/><U72/><E72/><N who="0" m="27689" /><D36/><U41/><E41/><V120/><F120/><W79/><G83/><T47/><D47/><U107/><E1/><V117/><F117/><W80/><G80/><T18/><D111/><U44/><E106/><V32/><F32/><W7/><G7/><T45/><D45/><U76/><E44/><V55/><REACH who="2" step="1"/><F50/><REACH who="2" ten="191,220,280,299" step="2"/><W99/><G99/><AGARI ba="1,1" hai="11,15,19,46,49,55,58,59,63,66,68,88,92,99" machi="99" ten="30,11600,0" yaku="1,1,2,1,7,1,54,1,53,0" doraHai="108" doraHaiUra="34" who="2" fromWho="3" sc="191,0,220,0,280,129,299,-119" /><INIT seed="2,2,0,3,0,135" ten="191,220,409,180" oya="2" hai0="33,44,13,85,78,104,133,34,50,73,14,7,98" hai1="121,57,52,46,65,101,83,18,100,125,61,110,3" hai2="62,81,130,15,58,91,66,29,124,72,17,112,5" hai3="123,21,30,74,126,111,59,64,114,109,9,31,20"/><V96/><F112/><W82/><G123/><T48/><D73/><U32/><E32/><V53/><F130/><W129/><G129/><T38/><D38/><U56/><E110/><V92/><F29/><W118/><G118/><T99/><D104/><U128/><E121/><V131/><F131/><W12/><G74/><T106/><D106/><U35/><E3/><V134/><F134/><W36/><G36/><T102/><D102/><U63/><E35/><V132/><F132/><W41/><G41/><T113/><D133/><U90/><E125/><V75/><F5/><W122/><G82/><T16/><D7/><U89/><E128/><V69/><F81/><W97/><G97/><T127/><D44/><U70/><E70/><V84/><F96/><W107/><G107/><T80/><D14/><U42/><E18/><V19/><F19/><N who="3" m="8591" /><G122/><T8/><D113/><U4/><E4/><V54/><F54/><W49/><G114/><T71/><D71/><U26/><E26/><V2/><F2/><W22/><G126/><T115/><D127/><U120/><E120/><V60/><REACH who="2" step="1"/><F124/><REACH who="2" ten="191,220,399,180" step="2"/><W25/><G31/><T28/><D28/><U39/><E83/><V117/><F117/><W40/><G64/><T10/><D99/><U105/><E105/><V0/><F0/><W51/><G111/><T43/><D98/><U94/><E101/><V24/><F24/><W119/><G109/><T67/><D67/><U108/><E108/><V76/><F76/><W47/><G119/><T86/><D115/><U116/><E116/><V27/><F27/><W79/><G79/><T23/><D78/><RYUUKYOKU ba="2,1" sc="191,-30,220,10,399,10,180,10" hai1="39,42,46,52,56,57,61,63,65,89,90,94,100" hai2="15,17,53,58,60,62,66,69,72,75,84,91,92" hai3="20,21,22,25,30,40,47,49,51,59" /><INIT seed="2,3,1,3,4,90" ten="161,230,409,190" oya="2" hai0="26,52,106,93,14,0,50,66,30,78,75,76,59" hai1="80,58,27,32,102,11,33,103,57,15,42,113,124" hai2="51,92,77,133,118,71,68,116,41,105,43,85,2" hai3="35,23,129,44,111,70,104,131,109,25,46,126,49"/><V107/><F2/><W110/><G104/><T24/><D0/><U36/><E113/><V69/><F77/><W9/><G70/><T122/><D106/><N who="2" m="40458" /><F85/><W55/><G35/><T123/><D26/><U87/><E124/><V34/><F51/><W83/><G83/><T89/><D66/><U79/><E36/><V117/><F34/><W114/><G126/><T18/><D75/><U56/><E42/><N who="2" m="15883" /><F133/><W97/><G114/><T119/><D119/><U130/><E130/><N who="3" m="49674" /><G9/><T101/><D101/><U125/><E125/><V28/><F28/><N who="3" m="17471" /><G97/><T121/><D24/><U91/><E32/><V94/><AGARI ba="3,1" hai="68,69,71,92,94,116,117,118" m="15883,40458" machi="94" ten="50,12000,1" yaku="28,2,52,2" doraHai="90" who="2" fromWho="2" sc="161,-43,230,-43,409,139,190,-43" /><INIT seed="2,4,0,4,2,98" ten="118,187,548,147" oya="2" hai0="27,114,47,126,24,131,5,35,17,56,40,105,99" hai1="36,3,113,130,85,122,73,78,117,41,96,38,124" hai2="119,86,33,104,49,75,123,109,101,19,97,43,11" hai3="54,118,92,2,71,21,55,129,61,120,23,95,7"/><V45/><F119/><W10/><G118/><T90/><D114/><U59/><E85/><V135/><F123/><W42/><G120/><T94/><D126/><U102/><E59/><V22/><F33/><W80/><G129/><T29/><D131/><U100/><E117/><V68/><F75/><W66/><G42/><T70/><D70/><U44/><E122/><V65/><F135/><W15/><G80/><T72/><D72/><U128/><E113/><V62/><F109/><W84/><G95/><T79/><D5/><U52/><E52/><V111/><F111/><W26/><G2/><T30/><D17/><U125/><E3/><V12/><REACH who="2" step="1"/><F86/><REACH who="2" ten="118,187,538,147" step="2"/><W121/><G121/><T57/><D79/><U8/><E78/><V67/><F67/><W58/><G84/><T4/><D4/><U91/><E73/><V1/><F1/><W76/><G76/><T93/><D105/><U60/><E128/><V46/><F46/><W112/><G112/><T134/><D134/><U81/><E44/><V74/><F74/><W108/><G108/><T83/><D83/><U115/><E81/><V89/><F89/><W39/><G92/><T106/><D106/><U69/><E91/><V51/><F51/><W48/><G39/><T20/><REACH who="0" step="1"/><D94/><REACH who="0" ten="108,187,538,147" step="2"/><U103/><E130/><V132/><F132/><W107/><G107/><T16/><D16/><U127/><E127/><V64/><F64/><W28/><G71/><T34/><D34/><U87/><E124/><V53/><F53/><N who="3" m="19979" /><G48/><AGARI ba="4,2" hai="20,24,27,29,30,35,40,47,48,56,57,90,93,99" machi="48" ten="30,2000,0" yaku="1,1,7,1,53,0" doraHai="98" doraHaiUra="63" who="0" fromWho="3" sc="108,52,187,0,538,0,147,-32" /><INIT seed="3,0,0,1,0,58" ten="160,187,538,115" oya="3" hai0="73,25,125,121,39,30,120,97,20,124,46,40,18" hai1="86,45,122,84,75,117,28,41,16,57,10,85,74" hai2="27,38,114,132,126,112,127,36,135,70,54,94,14" hai3="111,62,123,131,109,1,21,26,3,81,130,116,88"/><W23/><G116/><T66/><D73/><U115/><E115/><N who="2" m="44075" /><F27/><W63/><G123/><T13/><D97/><U110/><E110/><N who="3" m="41994" /><G21/><T68/><D66/><U22/><E122/><V59/><F94/><W60/><G81/><T89/><D89/><U67/><E28/><V80/><F14/><W9/><G88/><T78/><D68/><U105/><E105/><V35/><F70/><W0/><G9/><N who="0" m="6447" /><D78/><U79/><E10/><V92/><F92/><W33/><G33/><T43/><D43/><U15/><E79/><V91/><F80/><W71/><G71/><T8/><D8/><U17/><E17/><AGARI ba="0,0" hai="0,1,3,17,23,26,60,62,63,130,131" m="41994" machi="17" ten="40,12000,1" yaku="14,1,10,1,52,3" doraHai="58" who="3" fromWho="1" sc="160,0,187,-120,538,0,115,120" /><INIT seed="3,1,0,1,5,103" ten="160,67,538,235" oya="3" hai0="27,94,11,115,52,48,67,34,116,80,85,62,2" hai1="17,6,37,131,79,39,25,119,13,71,73,107,96" hai2="97,101,128,86,47,68,64,72,76,106,31,19,21" hai3="22,43,100,122,45,92,83,26,46,14,111,0,118"/><W33/><G118/><T8/><D116/><U29/><E119/><V44/><F72/><W130/><G122/><T98/><D115/><U59/><E131/><V91/><F76/><W87/><G0/><T36/><D36/><U54/><E71/><V23/><F31/><W129/><G33/><T110/><D110/><U89/><E6/><V50/><F23/><W56/><G14/><T35/><D2/><U112/><E112/><V9/><F9/><W127/><G56/><T134/><D134/><U69/><E69/><V125/><F125/><W15/><G15/><T114/><D27/><U42/><E42/><V108/><F108/><W51/><G46/><T63/><D35/><U61/><E79/><V53/><F64/><W81/><G127/><T104/><D104/><U65/><E73/><V57/><F128/><N who="3" m="49259" /><G111/><T16/><D34/><U82/><E65/><V28/><F68/><W5/><G5/><T135/><D67/><U12/><E12/><V84/><F57/><W95/><G100/><N who="0" m="60503" /><D135/><U58/><E58/><V117/><F47/><W105/><G105/><T93/><D11/><N who="1" m="6335" /><E25/><V40/><F106/><W88/><G95/><T120/><D93/><U102/><E29/><AGARI ba="1,0" hai="22,26,29,43,45,51,81,83,87,88,92" m="49259" machi="29" ten="30,2900,0" yaku="19,1,54,1" doraHai="103" who="3" fromWho="1" sc="160,0,67,-32,538,0,235,32" /><INIT seed="3,2,0,1,3,30" ten="160,35,538,267" oya="3" hai0="88,89,67,22,131,115,50,40,118,16,112,61,81" hai1="64,121,2,126,111,122,34,33,104,7,38,8,44" hai2="69,26,117,98,91,3,128,86,109,10,71,129,85" hai3="59,73,130,24,6,123,60,68,0,39,102,4,108"/><W75/><G123/><N who="1" m="47114" /><E111/><V21/><F98/><W134/><G39/><T78/><D118/><U97/><E64/><V9/><F86/><W87/><G68/><T49/><D131/><N who="2" m="50250" /><F109/><W27/><G130/><T41/><D50/><U11/><E11/><N who="2" m="4107" /><F3/><W43/><G87/><T80/><D49/><U46/><E46/><V14/><F14/><W105/><G0/><T113/><D41/><N who="1" m="22583" /><E126/><V99/><F99/><W17/><G43/><T125/><D40/><U12/><E12/><V18/><F117/><W120/><G120/><T106/><D106/><U74/><E74/><V94/><AGARI ba="2,0" hai="18,21,26,69,71,85,91,94" m="4107,50250" machi="94" ten="30,1100,0" yaku="19,1" doraHai="30" who="2" fromWho="2" sc="160,-5,35,-5,538,17,267,-7" /><INIT seed="4,0,0,3,5,88" ten="155,30,555,260" oya="0" hai0="130,18,14,111,129,89,19,68,115,108,58,83,56" hai1="67,98,124,4,1,8,74,38,104,134,23,40,25" hai2="131,85,81,16,119,6,60,20,128,112,11,61,65" hai3="71,109,126,97,95,37,3,62,41,103,45,118,30"/><T91/><D68/><U93/><E74/><V44/><F44/><W28/><G118/><T54/><D83/><U48/><E124/><V26/><F112/><W22/><G3/><T69/><D69/><U29/><E134/><V55/><F55/><W21/><G109/><N who="0" m="42059" /><D115/><U47/><E67/><V15/><F119/><W90/><G126/><T50/><D58/><U36/><REACH who="1" step="1"/><E104/><REACH who="1" ten="155,20,555,260" step="2"/><V27/><F65/><W32/><G71/><T114/><D114/><U120/><E120/><V82/><F82/><W132/><G132/><T84/><D19/><U49/><E49/><V31/><F61/><W73/><G62/><T79/><D79/><U116/><E116/><V64/><F60/><W77/><G77/><T10/><D84/><U94/><E94/><V5/><F64/><W123/><G123/><T80/><D80/><U35/><E35/><V57/><F57/><W101/><G32/><T102/><D102/><AGARI ba="0,1" hai="1,4,8,23,25,29,36,38,40,47,48,93,98,102" machi="102" ten="30,3900,0" yaku="1,1,7,1,52,1,53,0" doraHai="88" doraHaiUra="121" who="1" fromWho="0" sc="155,-39,20,49,555,0,260,0" /><INIT seed="5,0,0,2,3,42" ten="116,69,555,260" oya="1" hai0="64,93,111,36,43,65,29,13,73,82,108,122,51" hai1="3,6,11,71,52,128,74,100,17,58,31,127,10" hai2="9,101,4,57,41,7,86,85,56,99,32,28,120" hai3="49,54,89,97,46,37,102,105,69,132,24,50,2"/><U119/><E119/><V47/><F32/><W133/><G69/><T80/><D36/><U87/><E71/><V117/><F28/><W0/><G37/><T94/><D29/><U44/><E74/><V26/><F26/><W38/><G38/><T76/><D13/><U16/><E31/><V15/><F4/><W63/><G63/><T115/><D115/><U35/><E35/><V18/><F18/><W67/><G67/><T22/><D22/><U21/><E128/><V68/><F120/><W55/><G89/><T114/><D114/><U129/><E129/><V19/><F19/><W125/><G24/><T83/><D76/><U109/><E127/><V126/><F85/><W39/><G39/><T81/><N who="0" m="20480" /><DORA hai="40" /><T121/><D73/><U79/><E79/><V25/><F86/><W1/><REACH who="3" step="1"/><G125/><REACH who="3" ten="116,69,555,250" step="2"/><T62/><D62/><U107/><E109/><V104/><F25/><W34/><G34/><T118/><D65/><U106/><E87/><V95/><F126/><W5/><G5/><T130/><D64/><U61/><E100/><V78/><F78/><W84/><G84/><T72/><D72/><U12/><E44/><AGARI ba="0,1" hai="0,1,2,44,46,49,50,54,55,97,102,105,132,133" machi="44" ten="40,12000,2" yaku="1,1,9,1,52,4,53,1" doraHai="42,40" doraHaiUra="98,70" who="3" fromWho="1" sc="116,0,69,-120,555,0,250,130" owari="116,-28.4,-51,-55.1,555,65.5,380,18.0" /></mjloggm>