<mjloggm ver="2.3"><GO type="169" lobby="0"/><UN n0="%E3%83%A8%E3%83%BC%E3%83%BB%E3%83%9E%E3%82%A4%E3%82%AB" n1="%E5%B0%8F%E4%B8%89%E5%85%83%E5%8D%97%E5%8D%98%E9%A8%8E" n2="%E3%80%8E%E3%83%A8%E3%82%B9%E3%82%AC%E3%83%8E%E3%82%BD%E3%83%A9%E3%80%8F" n3="%63%61%72%6C%6F%73%6E" dan="17,16,17,17" rate="2194.24,2124.04,2173.46,2202.22" sx="M,M,M,M"/><TAIKYOKU oya="0"/><INIT seed="0,0,0,5,1,24" ten="250,250,250,250" oya="0" hai0="1,29,69,55,9,135,98,56,106,74,50,127,3" hai1="48,130,76,39,85,66,87,119,61,28,23,110,133" hai2="27,4,134,73,104,131,22,36,91,107,84,62,90" hai3="117,21,34,14,132,47,10,44,38,116,102,79,75"/><T99/><D127/><U78/><E119/><V45/><F73/><W129/><G34/><T122/><D122/><U30/><E39/><V94/><F134/><W70/><G70/><T37/><D37/><U118/><E118/><V51/><F131/><W20/><G129/><T16/><D74/><U89/><E130/><V53/><F36/><W103/><G132/><T58/><D69/><U65/><E133/><V2/><F4/><W19/><G38/><T59/><D135/><U31/><E110/><V77/><F2/><W120/><G120/><T100/><D1/><U40/><E23/><V124/><F124/><W128/><G128/><T6/><D98/><U83/><E61/><V7/><F7/><W111/><G111/><T12/><REACH who="0" step="1"/><D29/><REACH who="0" ten="240,250,250,250" step="2"/><U113/><E113/><V93/><F107/><W25/><G117/><T80/><D80/><N who="1" m="49319" /><E76/><V68/><F77/><W35/><G116/><T81/><D81/><U125/><E125/><V60/><BYE who="1" /><F104/><W67/><G79/><T108/><D108/><U101/><E101/><V109/><F68/><W43/><G75/><T86/><D86/><U96/><E96/><N who="2" m="57399" /><F109/><W5/><G103/><T17/><D17/><AGARI ba="0,1" hai="17,22,27,45,51,53,60,62,84,91,94" m="57399" machi="17" ten="30,1000,0" yaku="8,1" doraHai="24" who="2" fromWho="0" sc="240,-10,250,0,250,20,250,0" /><INIT seed="1,0,0,5,4,17" ten="230,250,270,250" oya="1" hai0="60,41,79,118,59,21,44,8,22,54,89,133,40" hai1="33,109,24,6,69,87,50,93,111,7,108,86,45" hai2="18,70,116,66,26,103,102,90,57,29,98,129,13" hai3="62,131,2,34,71,107,37,10,110,83,65,25,96"/><U85/><E85/><V82/><F116/><UN n1="%E5%B0%8F%E4%B8%89%E5%85%83%E5%8D%97%E5%8D%98%E9%A8%8E" /><W76/><G110/><T64/><D118/><U74/><E74/><V126/><F70/><W124/><G131/><T105/><D105/><U75/><E75/><V132/><F129/><W104/><G37/><T78/><D133/><U125/><E125/><V56/><F132/><W42/><G42/><N who="0" m="16491" /><D8/><U128/><E128/><V95/><F126/><W88/><G124/><T97/><D44/><U19/><E69/><V92/><F82/><W3/><G107/><T80/><D64/><U112/><E112/><V1/><F1/><W49/><G10/><T35/><D35/><U15/><E33/><V120/><F120/><W100/><G49/><T81/><D97/><U99/><E24/><V130/><F130/><W55/><G55/><T119/><D119/><U67/><E67/><V73/><F73/><N who="3" m="43407" /><G88/><T32/><D32/><U51/><E51/><V28/><F66/><W91/><G91/><T9/><D9/><N who="1" m="6639" /><E50/><V11/><F103/><W63/><G63/><T30/><D30/><AGARI ba="0,0" hai="2,3,25,30,34,62,65,71,96,100,104" m="43407" machi="30" ten="30,3900,0" yaku="25,1,33,2" doraHai="17" who="3" fromWho="0" sc="230,-39,250,0,270,0,250,39" /><INIT seed="2,0,0,0,3,45" ten="191,250,270,289" oya="2" hai0="132,78,91,60,9,66,5,77,87,73,58,81,113" hai1="71,104,83,82,36,52,97,98,50,27,124,39,37" hai2="80,110,4,127,30,106,94,55,61,65,59,135,128" hai3="109,24,13,114,16,10,88,43,51,22,32,62,26"/><V117/><F117/><W23/><G109/><T48/><D132/><U72/><E124/><V2/><F106/><W119/><G119/><T69/><D113/><U20/><E71/><V99/><F135/><W54/><G114/><T122/><D122/><U79/><E83/><V7/><F127/><W63/><G43/><T100/><D100/><U102/><E98/><V129/><F110/><W3/><G3/><T1/><REACH who="0" step="1"/><D73/><REACH who="0" ten="181,250,270,289" step="2"/><U75/><E72/><V85/><F129/><W125/><G125/><T95/><D95/><U112/><E112/><V14/><F128/><W56/><G32/><T18/><D18/><U96/><E96/><V131/><F131/><W86/><G24/><T84/><D84/><U29/><REACH who="1" step="1"/><E36/><REACH who="1" ten="181,240,270,289" step="2"/><V105/><F99/><W8/><G26/><T121/><D121/><U41/><E41/><V130/><F130/><W15/><G10/><T34/><D34/><U25/><E25/><V120/><F120/><W76/><G76/><T33/><D33/><U115/><E115/><V101/><F85/><W93/><G22/><T68/><D68/><U40/><E40/><V21/><F21/><W92/><G92/><T6/><D6/><AGARI ba="0,2" hai="6,8,13,15,16,23,51,54,56,62,63,86,88,93" machi="6" ten="30,12000,2" yaku="7,1,25,2,8,1,52,1,54,2" doraHai="45" who="3" fromWho="0" sc="181,-120,240,0,270,0,289,140" /><INIT seed="3,0,0,5,0,108" ten="61,240,270,429" oya="3" hai0="101,80,5,11,89,127,102,128,53,122,75,88,54" hai1="74,38,106,130,65,8,125,14,110,21,135,1,76" hai2="2,117,28,84,33,99,26,73,107,109,103,118,4" hai3="60,126,57,41,104,9,120,32,121,51,3,77,23"/><W134/><G32/><T64/><D122/><U68/><RYUUKYOKU type="yao9" ba="0,0" sc="61,0,240,0,270,0,429,0" hai1="1,8,14,21,38,65,68,74,76,106,110,125,130,135" /><INIT seed="3,1,0,5,3,43" ten="61,240,270,429" oya="3" hai0="9,130,115,132,80,63,67,7,119,112,74,98,58" hai1="72,15,73,36,50,32,6,103,38,94,116,134,35" hai2="89,95,62,77,131,41,4,54,49,68,51,19,69" hai3="14,12,29,10,47,97,48,53,42,121,86,20,100"/><W111/><G121/><T30/><D119/><U24/><E103/><V71/><F131/><W102/><G111/><T52/><D130/><U60/><E94/><V46/><F4/><W27/><G14/><T18/><D132/><U78/><E50/><V28/><F28/><W106/><G100/><T127/><D127/><U87/><E87/><V26/><F77/><W122/><G86/><T66/><D30/><U79/><E60/><V135/><F135/><W64/><G122/><T107/><D18/><U33/><E134/><V0/><F0/><W120/><G64/><T25/><D25/><U34/><E34/><V65/><F19/><W129/><G129/><T128/><D128/><U37/><E24/><V84/><REACH who="2" step="1"/><F26/><REACH who="2" ten="61,240,260,429" step="2"/><W126/><G120/><T118/><D118/><U90/><E116/><V56/><AGARI ba="1,1" hai="41,46,49,51,54,56,62,65,68,69,71,84,89,95" machi="56" ten="20,8000,1" yaku="1,1,2,1,0,1,7,1,52,1,53,0" doraHai="43" doraHaiUra="133" who="2" fromWho="2" sc="61,-21,240,-21,260,93,429,-41" /><INIT seed="4,0,0,4,0,114" ten="40,219,353,388" oya="0" hai0="2,49,80,93,130,9,82,66,86,134,75,120,81" hai1="133,64,18,48,16,26,40,60,38,72,91,29,34" hai2="7,42,24,52,76,115,108,112,131,98,11,107,51" hai3="67,113,78,47,122,15,39,96,61,104,106,110,97"/><T58/><D120/><U55/><E72/><V8/><F108/><W44/><G110/><T77/><D130/><U105/><E105/><V128/><F76/><W83/><G122/><T25/><D134/><U89/><E133/><V32/><F42/><W0/><G0/><T50/><D25/><U102/><E102/><N who="2" m="62935" /><F32/><W73/><G113/><N who="2" m="43593" /><F24/><W1/><G1/><T4/><D93/><U28/><E29/><V85/><F85/><W94/><G15/><T21/><D21/><U84/><E40/><V6/><F8/><W79/><G79/><T123/><D123/><U111/><E38/><V118/><F118/><W63/><G96/><T30/><D30/><U33/><E34/><V17/><F17/><W127/><G39/><T65/><D65/><U43/><E91/><V35/><F35/><W99/><G99/><T46/><D75/><U95/><E43/><V62/><F62/><W13/><G63/><T12/><D2/><U135/><E135/><V88/><F88/><W57/><G13/><T45/><D66/><U119/><E119/><V19/><F19/><W69/><G106/><T129/><D129/><N who="2" m="49738" /><F11/><W37/><G104/><T68/><D68/><U53/><E111/><V132/><F132/><W103/><G69/><T10/><D10/><U71/><E55/><V126/><F126/><W124/><G37/><T74/><D49/><U56/><AGARI ba="0,0" hai="16,18,26,28,33,48,53,56,60,64,71,84,89,95" machi="56" ten="20,2700,0" yaku="0,1,7,1,54,1" doraHai="114" who="1" fromWho="1" sc="40,-13,219,27,353,-7,388,-7" /><INIT seed="5,0,0,5,5,113" ten="27,246,346,381" oya="1" hai0="97,9,68,123,11,16,86,84,99,56,69,93,7" hai1="112,63,72,28,117,131,18,80,108,54,47,65,17" hai2="79,105,106,23,124,71,8,3,78,37,5,96,25" hai3="110,120,87,36,39,61,38,0,42,91,88,83,81"/><U35/><E112/><V27/><F37/><W49/><G110/><T20/><D123/><U64/><E108/><V76/><F71/><W82/><G120/><T104/><D104/><U33/><E131/><V6/><F124/><W133/><G0/><T59/><D20/><U53/><E47/><V114/><F114/><W132/><G61/><T51/><D51/><U125/><E63/><V62/><F62/><W107/><G107/><T75/><D75/><U94/><E94/><V66/><F66/><W32/><G32/><T126/><D126/><U135/><E125/><V116/><F116/><W41/><G49/><T52/><D7/><U122/><E122/><V14/><F27/><W1/><G1/><T4/><D4/><U15/><E80/><V89/><F89/><N who="3" m="34379" /><G87/><T115/><D115/><U55/><E55/><V103/><F106/><W40/><AGARI ba="0,0" hai="36,38,39,40,41,42,81,82,83,132,133" m="34379" machi="40" ten="50,8000,1" yaku="29,2,28,2,54,1" doraHai="113" who="3" fromWho="3" sc="27,-20,246,-40,346,-20,381,80" /><INIT seed="6,0,0,2,4,33" ten="7,206,326,461" oya="2" hai0="4,115,125,19,90,116,111,58,16,108,61,67,110" hai1="80,132,54,113,86,20,85,38,134,34,130,70,64" hai2="47,84,96,101,66,32,118,83,121,55,21,48,53" hai3="31,92,109,10,6,17,25,95,74,60,1,73,18"/><V106/><F121/><W68/><G109/><T82/><D4/><U13/><E113/><V133/><F118/><W7/><G7/><T22/><D116/><U56/><E34/><V91/><F32/><W100/><G74/><T127/><D115/><U37/><E70/><V93/><F133/><N who="1" m="51305" /><E64/><V75/><F66/><W131/><G73/><T44/><D44/><U63/><E86/><V122/><F21/><W46/><G46/><T65/><D22/><U88/><E130/><V120/><REACH who="2" step="1"/><F53/><REACH who="2" ten="7,206,316,461" step="2"/><W128/><G128/><T49/><D49/><U9/><E20/><V59/><F59/><W119/><G131/><T28/><D28/><U94/><E80/><V12/><F12/><W27/><G31/><T52/><D65/><U24/><E24/><V117/><F117/><W135/><G27/><T72/><D67/><U26/><E26/><V62/><F62/><W81/><G60/><T42/><D42/><U3/><E3/><V103/><F103/><W129/><G25/><T71/><D71/><U123/><E123/><V77/><AGARI ba="0,1" hai="47,48,55,75,77,83,84,91,93,96,101,106,120,122" machi="77" ten="30,11700,0" yaku="1,1,0,1,24,2,53,0" doraHai="33" doraHaiUra="112" who="2" fromWho="2" sc="7,-39,206,-39,316,127,461,-39" owari="-32,-53.2,167,-23.3,443,54.3,422,22.2" /></mjloggm>