<mjloggm ver="2.3"><GO type="169" lobby="0"/><UN n0="%E5%9B%9B%E5%89%AF%E9%9C%B2%E5%8D%98%E9%A8%8E" n1="%E3%82%88%E3%81%B4" n2="%42%65%6E%63%68%69%6E%67" n3="%79%7A%68%61%6E%67" dan="16,17,16,16" rate="2031.25,2151.52,2075.96,2171.39" sx="F,M,M,M"/><TAIKYOKU oya="0"/><INIT seed="0,0,0,5,3,112" ten="250,250,250,250" oya="0" hai0="105,30,115,20,91,131,38,84,63,35,5,133,13" hai1="44,114,124,21,9,19,28,26,99,1,29,85,23" hai2="97,39,125,55,56,7,16,54,22,11,33,50,119" hai3="57,127,73,46,72,87,102,83,121,111,48,64,79"/><T8/><D115/><U126/><E114/><V104/><F125/><N who="1" m="48233" /><E99/><V62/><F33/><W0/><G127/><T24/><D131/><U93/><E93/><V66/><F39/><W49/><G0/><T113/><D113/><U67/><E85/><V41/><F119/><W116/><G116/><T132/><D105/><U95/><E95/><V94/><F104/><W61/><G111/><T78/><D38/><U118/><E44/><V3/><F41/><W96/><G121/><T89/><D63/><U12/><E67/><V110/><F110/><W43/><REACH who="3" step="1"/><G48/><REACH who="3" ten="250,250,250,240" step="2"/><T82/><REACH who="0" step="1"/><D35/><REACH who="0" ten="240,250,250,240" step="2"/><U92/><E1/><V100/><REACH who="2" step="1"/><F50/><REACH who="2" ten="240,250,240,240" step="2"/><W27/><G27/><AGARI ba="0,3" hai="3,7,11,16,22,27,54,55,56,62,66,94,97,100" machi="27" ten="30,7700,0" yaku="1,1,2,1,7,1,54,1,53,0" doraHai="112" doraHaiUra="80" who="2" fromWho="3" sc="240,0,250,0,240,107,240,-77" /><INIT seed="1,0,0,4,0,58" ten="240,250,347,163" oya="1" hai0="1,112,4,133,14,86,115,99,77,78,13,47,49" hai1="66,108,24,125,62,79,55,34,126,20,110,6,8" hai2="32,69,101,114,61,132,33,80,72,42,103,105,17" hai3="82,46,91,121,94,16,26,100,36,54,127,40,3"/><U67/><E34/><V95/><F132/><W30/><G121/><T74/><D133/><U59/><E79/><V90/><F114/><W107/><G3/><T113/><D74/><U64/><E8/><V41/><F32/><W129/><G129/><T31/><D31/><U76/><E76/><V50/><F33/><W21/><G127/><T12/><D99/><U52/><E6/><V35/><F35/><W22/><G107/><T70/><D70/><U71/><E71/><V128/><F128/><W73/><G100/><T38/><D38/><U29/><E55/><V81/><F17/><W57/><G73/><T23/><D23/><U9/><E9/><V111/><F72/><W119/><G82/><N who="2" m="31849" /><F105/><W5/><G5/><T89/><D1/><U56/><E56/><V18/><F18/><W10/><G10/><T134/><D4/><U39/><E39/><V75/><F111/><AGARI ba="0,0" hai="20,24,29,52,59,62,64,66,67,108,110,111,125,126" machi="111" ten="40,12000,1" yaku="14,1,10,1,52,1,54,1" doraHai="58" who="1" fromWho="2" sc="240,0,250,120,347,-120,163,0" /><INIT seed="1,1,0,0,5,57" ten="240,370,227,163" oya="1" hai0="2,52,43,66,28,133,6,129,22,30,117,47,98" hai1="12,49,23,81,71,79,68,101,50,83,61,56,65" hai2="123,76,17,92,33,14,90,4,16,119,102,85,70" hai3="93,126,0,110,67,48,41,11,8,107,86,24,53"/><U54/><E101/><V134/><F123/><W109/><G107/><T29/><D117/><U20/><E81/><V111/><F119/><W125/><G41/><T63/><D129/><U74/><E68/><V7/><F134/><W58/><G24/><T27/><D133/><U37/><E37/><V99/><F33/><W84/><G67/><T62/><D2/><U39/><E39/><V26/><F111/><N who="3" m="42507" /><G93/><T25/><D6/><U104/><E104/><V51/><F70/><W9/><G0/><T100/><D66/><U82/><E82/><V103/><F76/><W13/><G13/><T34/><D28/><U130/><E130/><V32/><F51/><W113/><G113/><T31/><D31/><U105/><E105/><V36/><F36/><W44/><G44/><T96/><D43/><U75/><E75/><V112/><F103/><W106/><G106/><T21/><D34/><U42/><E42/><V60/><F112/><W115/><G115/><T131/><D131/><U77/><E77/><V124/><F32/><W72/><G72/><T135/><D135/><U89/><E89/><V73/><F73/><W94/><G94/><N who="0" m="58391" /><D98/><U3/><E3/><V95/><F26/><W35/><G35/><T116/><D116/><U120/><E74/><V122/><F122/><W108/><N who="3" m="42515" /><W128/><DORA hai="55" /><G128/><T18/><D30/><U1/><E1/><V80/><F99/><W87/><AGARI ba="1,0" hai="8,9,11,48,53,58,84,86,87,125,126" m="42515" machi="87" ten="50,3200,0" yaku="14,1,52,1" doraHai="57,55" who="3" fromWho="3" sc="240,-9,370,-17,227,-9,163,35" /><INIT seed="2,0,0,3,2,31" ten="231,353,218,198" oya="2" hai0="24,88,0,20,53,7,28,61,91,128,11,95,33" hai1="99,104,78,63,5,108,113,79,127,35,82,39,52" hai2="40,62,56,47,85,119,23,17,80,90,71,102,120" hai3="65,93,44,134,38,18,107,13,55,96,87,4,75"/><V6/><F120/><W81/><G134/><T131/><D53/><U105/><E39/><V3/><F119/><W66/><G4/><T124/><D124/><U125/><E108/><V72/><F71/><W73/><G107/><T126/><D126/><U59/><E113/><V92/><F3/><W83/><G73/><T116/><D116/><U45/><E79/><V29/><F6/><W8/><G75/><T12/><D61/><U2/><E35/><V89/><F102/><W42/><G83/><T27/><D91/><U50/><E99/><V48/><F72/><W70/><G70/><T77/><D77/><U57/><E57/><V68/><F68/><W15/><G15/><T41/><D41/><U98/><E98/><V43/><F43/><W14/><G14/><T46/><D46/><U74/><E125/><V86/><F29/><W22/><G22/><T94/><D0/><U106/><E127/><V118/><F118/><W112/><G55/><T32/><D27/><U121/><E121/><V135/><F135/><W54/><G54/><T130/><D94/><U9/><REACH who="1" step="1"/><E106/><REACH who="1" ten="231,343,218,198" step="2"/><V10/><F56/><W51/><G38/><T97/><AGARI ba="0,1" hai="7,11,12,20,24,28,32,33,88,95,97,128,130,131" machi="97" ten="30,8000,1" yaku="0,1,19,1,52,2,54,1" doraHai="31" who="0" fromWho="0" sc="231,90,343,-20,218,-40,198,-20" /><INIT seed="3,0,0,5,5,104" ten="321,323,178,178" oya="3" hai0="76,34,66,108,94,19,25,96,54,63,53,118,106" hai1="45,23,119,101,100,127,62,111,12,4,37,20,28" hai2="86,18,74,72,69,8,36,9,2,6,81,57,97" hai3="48,13,75,122,132,88,102,7,0,59,17,64,21"/><W115/><G115/><T42/><D118/><U3/><E111/><V51/><F69/><W82/><G122/><T89/><D108/><U91/><E127/><V58/><F36/><W134/><G102/><T71/><D42/><U80/><E3/><V77/><F97/><W35/><G35/><T98/><D76/><U10/><E37/><V39/><F39/><W43/><G0/><T33/><D19/><U55/><E23/><V87/><F87/><N who="3" m="50295" /><G7/><T61/><D61/><U112/><E112/><V105/><F105/><W1/><G1/><T124/><D33/><U123/><E123/><V30/><F30/><W117/><G117/><T109/><D109/><U5/><E5/><V84/><F84/><W107/><G107/><T135/><D135/><N who="3" m="51753" /><G64/><T114/><D124/><U29/><E100/><V52/><REACH who="2" step="1"/><F58/><REACH who="2" ten="321,323,168,178" step="2"/><W92/><G59/><T65/><D114/><U70/><E70/><V49/><F49/><W110/><G110/><T67/><D106/><U50/><E50/><V46/><F46/><N who="3" m="25695" /><G92/><T44/><D94/><U113/><E113/><V129/><F129/><W90/><G90/><T22/><D89/><U103/><E91/><V93/><F93/><W99/><G99/><T85/><D96/><U120/><E120/><V26/><F26/><W16/><G17/><T41/><D98/><U14/><E119/><V95/><F95/><W11/><G11/><T126/><D71/><U68/><E68/><V38/><F38/><W32/><G32/><T121/><D34/><U131/><E101/><V73/><F73/><AGARI ba="0,1" hai="13,16,21,73,75" m="25695,51753,50295" machi="73" ten="30,12000,1" yaku="20,1,52,2,54,2" doraHai="104" who="3" fromWho="2" sc="321,0,323,0,168,-120,178,130" /><INIT seed="3,1,0,3,1,0" ten="321,323,48,308" oya="3" hai0="12,35,88,121,115,83,112,113,55,59,29,52,63" hai1="93,28,53,130,133,19,71,122,43,49,78,92,61" hai2="1,135,58,24,110,51,80,36,127,38,86,102,77" hai3="73,32,64,98,21,11,6,33,16,107,37,7,48"/><W41/><G73/><T125/><D121/><U15/><E122/><V100/><F110/><W8/><G37/><T44/><D125/><U56/><E130/><V89/><F127/><W26/><G64/><T91/><D35/><U74/><E133/><V95/><F135/><W126/><G126/><T75/><D29/><U103/><E28/><V79/><F1/><W120/><G120/><T18/><D44/><U47/><E103/><V39/><F24/><W104/><G104/><T31/><D31/><U65/><E78/><V17/><F17/><W116/><G116/><T30/><D30/><U119/><E74/><V109/><F109/><W54/><G32/><T82/><D55/><U97/><E97/><V62/><F51/><W123/><G33/><T90/><D75/><U70/><E70/><V9/><F9/><AGARI ba="1,0" hai="9,12,18,52,59,63,82,83,88,90,91,112,113,115" machi="9" ten="50,6400,0" yaku="11,1,54,2" doraHai="0" who="0" fromWho="2" sc="321,67,323,0,48,-67,308,0" owari="388,48.8,323,12.3,-19,-51.9,308,-9.2" /></mjloggm>