<mjloggm ver="2.3"><GO type="169" lobby="0"/><UN n0="%E5%B0%8F%E5%AE%AE%E7%95%B3%E5%BA%97" n1="%E3%83%95%E3%83%AA%E3%83%86%E3%83%B3%E4%B8%89%E9%83%8E" n2="%E5%8C%97%E6%AC%A7%E3%81%AE%E3%82%82%E3%81%93%E3%81%86" n3="%E6%81%8B%E3%81%AE%E3%81%86%E3%81%9F" dan="16,16,16,17" rate="2094.64,2062.08,2125.77,2209.20" sx="M,M,M,M"/><TAIKYOKU oya="0"/><INIT seed="0,0,0,5,4,62" ten="250,250,250,250" oya="0" hai0="60,39,114,87,130,75,63,42,71,41,69,6,49" hai1="88,86,102,106,83,124,77,23,76,53,97,24,52" hai2="14,134,19,68,80,91,104,22,128,112,18,25,58" hai3="33,47,26,110,13,35,99,70,2,116,96,123,67"/><T51/><D75/><U81/><E124/><V125/><F68/><W36/><G2/><T32/><D87/><U84/><REACH who="1" step="1"/><E77/><REACH who="1" ten="250,240,250,250" step="2"/><V120/><F125/><W122/><G122/><T73/><D114/><U20/><E20/><V9/><F112/><W3/><G123/><T15/><D32/><U103/><E103/><V92/><F120/><W129/><G33/><T31/><D130/><U89/><E89/><V11/><F128/><W109/><G129/><T108/><D108/><U46/><E46/><V50/><F134/><W28/><G47/><T93/><D73/><U43/><E43/><V113/><F113/><W10/><G110/><T30/><D42/><U12/><E12/><V82/><F104/><W74/><G13/><T7/><D15/><U57/><E57/><V72/><F72/><W4/><G109/><T111/><D41/><U40/><E40/><V34/><F34/><W59/><G59/><T17/><D111/><U101/><E101/><V131/><F131/><W38/><G74/><T8/><D8/><U85/><E85/><N who="2" m="52335" /><F9/><W78/><G78/><T133/><D133/><U1/><E1/><V56/><F56/><W61/><REACH who="3" step="1"/><G116/><REACH who="3" ten="250,240,250,240" step="2"/><T16/><REACH who="0" step="1"/><D39/><AGARI ba="0,2" hai="3,4,10,26,28,35,36,38,39,61,67,70,96,99" machi="39" ten="40,5200,0" yaku="1,1,2,1,52,1,53,0" doraHai="62" doraHaiUra="115" who="3" fromWho="0" sc="250,-52,240,0,250,0,240,72" /><INIT seed="1,0,0,5,5,128" ten="198,240,250,312" oya="1" hai0="5,94,83,34,86,84,130,62,26,100,88,115,23" hai1="0,57,102,38,134,125,91,63,50,14,104,43,110" hai2="10,132,121,31,92,28,2,108,131,21,66,27,116" hai3="29,32,55,106,89,1,7,76,117,97,85,30,80"/><U16/><E0/><V105/><F105/><W101/><G117/><T118/><D34/><U61/><E38/><V56/><F116/><W96/><G32/><T52/><D118/><U70/><E125/><V6/><F121/><W82/><G7/><T67/><D130/><U33/><E33/><V39/><F39/><W35/><G1/><T87/><D115/><U90/><E70/><V41/><F131/><W40/><G40/><T42/><D42/><U60/><E110/><V37/><F108/><W54/><G97/><T114/><D5/><U3/><E3/><V129/><F129/><W24/><REACH who="3" step="1"/><G29/><REACH who="3" ten="198,240,250,302" step="2"/><T122/><D122/><U53/><E43/><V69/><F31/><W48/><G48/><T109/><D109/><U36/><E36/><V12/><F2/><W77/><G77/><T4/><D4/><U8/><REACH who="1" step="1"/><E134/><REACH who="1" ten="198,230,250,302" step="2"/><V20/><F132/><W19/><G19/><N who="0" m="12671" /><D114/><U44/><E44/><V59/><F37/><W78/><G78/><T64/><D83/><U74/><E74/><AGARI ba="0,2" hai="24,30,35,54,55,74,76,80,82,85,89,96,101,106" machi="74" ten="30,2000,0" yaku="1,1,7,1,53,0" doraHai="128" doraHaiUra="71" who="3" fromWho="1" sc="198,0,230,-20,250,0,302,40" /><INIT seed="2,0,0,1,2,32" ten="198,210,250,342" oya="2" hai0="12,11,49,9,76,56,91,96,107,0,40,78,7" hai1="116,13,42,71,86,68,54,70,55,43,87,115,41" hai2="8,122,27,33,94,67,104,63,90,4,45,51,10" hai3="111,112,80,97,20,121,84,109,47,127,5,106,105"/><V21/><F122/><W44/><G121/><T62/><D40/><U118/><E13/><V58/><F104/><W38/><G127/><T85/><D49/><U14/><E14/><V82/><F33/><W60/><G112/><T93/><D107/><U3/><E3/><V73/><F73/><W65/><G5/><T81/><D11/><U123/><E123/><V19/><F82/><W29/><G29/><T99/><D0/><U102/><E102/><V130/><F130/><W103/><G20/><T64/><REACH who="0" step="1"/><D99/><REACH who="0" ten="188,210,250,342" step="2"/><U108/><E115/><V114/><F114/><W16/><G106/><T132/><D132/><U129/><E129/><V17/><F4/><W95/><G105/><T18/><D18/><U2/><E2/><V52/><REACH who="2" step="1"/><F19/><REACH who="2" ten="188,210,240,342" step="2"/><W34/><G16/><T23/><D23/><U92/><E116/><V125/><F125/><W113/><G34/><T128/><D128/><U89/><E118/><V79/><F79/><AGARI ba="0,2" hai="7,9,12,56,62,64,76,78,79,81,85,91,93,96" machi="79" ten="30,3900,0" yaku="1,1,7,1,8,1,53,0" doraHai="32" doraHaiUra="135" who="0" fromWho="2" sc="188,59,210,0,240,-39,342,0" /><INIT seed="3,0,0,1,5,94" ten="247,210,201,342" oya="3" hai0="63,9,65,73,43,46,33,80,54,119,51,112,50" hai1="8,44,60,57,40,7,0,114,72,90,115,89,18" hai2="55,133,15,96,64,82,84,91,38,16,13,104,129" hai3="2,85,120,36,107,67,125,77,59,83,10,116,105"/><W135/><G116/><T12/><D119/><U42/><E72/><V75/><F38/><W108/><G120/><T6/><D33/><U35/><E35/><V122/><F122/><W127/><G36/><T31/><D31/><U86/><E18/><V134/><F129/><W130/><G135/><N who="2" m="51721" /><F64/><W47/><G47/><T70/><D112/><U78/><E78/><V109/><F109/><W124/><G130/><T102/><D102/><U106/><E106/><V103/><F75/><W79/><G79/><T93/><D73/><U126/><E126/><V71/><F71/><W49/><G108/><T29/><D29/><U87/><E87/><V26/><F55/><N who="3" m="32239" /><G67/><T99/><D80/><U27/><E27/><V131/><F131/><W132/><G132/><T4/><D4/><AGARI ba="0,0" hai="2,4,10,77,83,85,105,107,124,125,127" m="32239" machi="4" ten="30,1500,0" yaku="18,1" doraHai="94" who="3" fromWho="0" sc="247,-15,210,0,201,0,342,15" /><INIT seed="3,1,0,2,0,114" ten="232,210,201,357" oya="3" hai0="132,8,43,48,54,120,87,62,63,16,81,78,70" hai1="35,101,109,6,103,118,50,76,25,46,113,7,57" hai2="111,88,11,104,29,106,9,34,122,125,67,22,105" hai3="39,100,75,58,95,116,133,71,15,135,0,17,65"/><W10/><G75/><T115/><D120/><U12/><E113/><V72/><F34/><W56/><G39/><T36/><D115/><U13/><E109/><V112/><F112/><W82/><G82/><T94/><D132/><N who="3" m="50761" /><G0/><T60/><D70/><U131/><E131/><V37/><F125/><W49/><G49/><T53/><D36/><U24/><E57/><N who="3" m="22122" /><G95/><T38/><D38/><U66/><E66/><V83/><F111/><W14/><G100/><T130/><D130/><U18/><E50/><V119/><F122/><W2/><G2/><T61/><N who="0" m="15360" /><DORA hai="59" /><T47/><REACH who="0" step="1"/><D94/><REACH who="0" ten="222,210,201,357" step="2"/><U5/><E101/><V79/><F37/><W86/><G71/><T1/><D1/><U85/><E103/><V23/><F105/><W93/><G65/><T73/><D73/><U91/><E35/><V127/><F67/><W80/><G93/><T44/><D44/><U96/><E46/><V68/><F68/><W108/><G108/><T126/><D126/><U4/><N who="1" m="1024" /><DORA hai="124" /><U20/><E96/><V69/><F69/><W77/><G15/><AGARI ba="1,1" hai="8,15,16,43,47,48,53,54,78,81,87" m="15360" machi="15" ten="50,12000,2" yaku="1,1,8,1,52,4,54,1,53,0" doraHai="114,59,124" doraHaiUra="28,123,27" who="0" fromWho="3" sc="222,133,210,0,201,0,357,-123" /><INIT seed="4,0,0,2,2,38" ten="355,210,201,234" oya="0" hai0="119,45,53,26,5,111,52,78,121,30,49,65,89" hai1="74,126,44,93,8,108,81,130,117,54,31,70,59" hai2="67,88,14,27,103,87,101,131,61,90,28,46,29" hai3="9,3,7,15,115,13,0,25,51,62,40,63,79"/><T64/><D121/><U77/><E108/><V106/><F131/><W132/><G115/><T34/><D119/><U60/><E117/><V33/><F28/><W127/><G132/><T11/><D111/><U55/><E130/><V71/><F14/><W104/><G104/><T23/><D34/><U6/><E126/><V43/><F87/><W120/><G127/><T134/><D134/><U66/><E31/><V69/><F69/><W135/><G135/><T124/><D124/><U58/><E93/><V36/><F103/><W19/><G3/><T86/><D78/><U32/><E32/><V122/><F122/><W18/><G0/><T114/><D114/><U125/><E125/><V75/><F75/><W24/><G79/><T12/><REACH who="0" step="1"/><D53/><REACH who="0" ten="345,210,201,234" step="2"/><U76/><E76/><V16/><REACH who="2" step="1"/><F16/><REACH who="2" ten="345,210,191,234" step="2"/><W47/><G120/><T97/><D97/><AGARI ba="0,2" hai="27,29,33,36,43,46,61,67,71,88,90,97,101,106" machi="97" ten="40,12000,2" yaku="1,1,2,1,25,2,52,1,54,1,53,0" doraHai="38" doraHaiUra="83" who="2" fromWho="0" sc="345,-120,210,0,191,140,234,0" /><INIT seed="5,0,0,1,4,115" ten="225,210,331,234" oya="1" hai0="125,88,27,46,110,127,3,78,8,97,50,100,5" hai1="62,90,84,86,64,22,17,79,7,41,105,33,73" hai2="99,103,57,31,133,52,42,69,23,55,12,104,58" hai3="96,135,29,102,131,60,48,38,40,92,108,24,28"/><U1/><E33/><V128/><F69/><W81/><G108/><T118/><D110/><U11/><E105/><V98/><F133/><W21/><G38/><T70/><D70/><U80/><E41/><V109/><F109/><W15/><G131/><T91/><D78/><U87/><E90/><V18/><F128/><W14/><G135/><T56/><D56/><U119/><E119/><V123/><F123/><W25/><G60/><T126/><D27/><U0/><E0/><V124/><F124/><W10/><G81/><T6/><D6/><U35/><E35/><V71/><F71/><W77/><G77/><T34/><D34/><U121/><E121/><V74/><F74/><W19/><G15/><T63/><D63/><U117/><E117/><V72/><F72/><W20/><G40/><N who="0" m="24903" /><D118/><U111/><E111/><V130/><F130/><W26/><G48/><T75/><D75/><U113/><E113/><V129/><F129/><W39/><G39/><T89/><D89/><U47/><E47/><V122/><F122/><W9/><REACH who="3" step="1"/><G24/><REACH who="3" ten="225,210,331,224" step="2"/><T53/><D53/><U116/><E116/><V107/><F42/><W36/><G36/><T59/><D59/><U120/><E120/><V101/><F58/><W2/><G2/><T54/><D54/><U93/><E62/><V76/><F76/><W85/><G85/><T16/><D16/><U95/><REACH who="1" step="1"/><E64/><REACH who="1" ten="225,200,331,224" step="2"/><V82/><F55/><W32/><AGARI ba="0,2" hai="9,10,14,19,20,21,25,26,28,29,32,92,96,102" machi="32" ten="20,5200,0" yaku="1,1,0,1,7,1,53,1" doraHai="115" doraHaiUra="30" who="3" fromWho="3" sc="225,-13,200,-26,331,-13,224,72" /><INIT seed="6,0,0,0,5,26" ten="212,174,318,296" oya="2" hai0="130,79,131,102,91,43,35,65,113,29,59,18,76" hai1="20,96,25,61,51,98,122,71,80,41,52,100,39" hai2="19,11,77,42,68,112,15,63,74,127,75,126,114" hai3="55,97,129,28,108,13,73,135,27,125,49,62,99"/><V33/><F42/><W38/><G108/><T90/><D113/><N who="2" m="43626" /><F33/><W46/><G73/><N who="2" m="27657" /><F77/><N who="0" m="29770" /><D102/><U115/><E115/><V4/><F19/><W134/><G38/><T37/><D18/><U32/><E32/><V82/><F82/><W23/><G125/><N who="2" m="47625" /><F63/><W9/><G62/><N who="0" m="38111" /><D43/><U78/><E41/><V119/><F68/><W2/><G2/><T120/><D37/><U66/><E39/><V81/><F81/><W40/><G40/><T105/><D120/><U86/><E122/><V14/><F119/><W110/><G110/><T0/><D0/><AGARI ba="0,0" hai="0,4,11,14,15" m="47625,27657,43626" machi="0" ten="40,3900,0" yaku="15,1,18,1" doraHai="26" who="2" fromWho="0" sc="212,-39,174,0,318,39,296,0" /><INIT seed="6,1,0,1,1,61" ten="173,174,357,296" oya="2" hai0="7,78,13,14,110,44,128,79,47,122,42,70,73" hai1="31,8,76,108,111,130,100,45,3,89,94,84,4" hai2="20,98,113,33,71,15,19,43,37,102,96,23,30" hai3="52,101,2,126,17,36,50,64,12,72,88,75,123"/><V92/><F113/><W132/><G2/><T38/><D122/><U131/><E31/><V118/><F118/><W18/><G36/><T57/><D110/><U29/><E29/><V127/><F127/><W135/><G101/><T27/><D70/><U53/><E76/><V56/><F71/><W97/><G64/><T65/><D27/><U16/><E100/><V115/><F115/><W77/><G123/><T105/><D105/><U21/><E53/><V95/><F33/><W103/><G77/><T62/><D128/><N who="1" m="49195" /><E45/><V109/><F37/><W11/><G17/><T74/><D47/><U87/><E87/><V54/><F43/><W48/><G48/><T32/><D32/><U91/><E91/><N who="2" m="55327" /><F109/><W133/><G126/><T82/><REACH who="0" step="1"/><D7/><REACH who="0" ten="163,174,357,296" step="2"/><U39/><E39/><V58/><F58/><N who="3" m="33047" /><G103/><T55/><D55/><U41/><E41/><V129/><F129/><W134/><G134/><T46/><D46/><U119/><E119/><V106/><F106/><W86/><G97/><T22/><D22/><U116/><E116/><V68/><F68/><W69/><G69/><T83/><AGARI ba="1,1" hai="13,14,38,42,44,57,62,65,73,74,78,79,82,83" machi="83" ten="30,7900,0" yaku="1,1,0,1,9,1,52,1,53,0" doraHai="61" doraHaiUra="85" who="0" fromWho="0" sc="163,92,174,-21,357,-40,296,-21" /><INIT seed="7,0,0,5,3,95" ten="255,153,317,275" oya="3" hai0="56,131,83,77,60,73,99,100,76,17,33,113,121" hai1="39,88,119,65,115,108,122,8,92,106,112,126,54" hai2="53,11,50,118,15,63,57,86,81,124,3,7,6" hai3="34,132,91,48,41,78,62,52,22,49,2,116,37"/><W10/><G34/><T43/><D121/><U30/><E39/><V96/><F124/><W134/><G78/><T32/><D131/><U13/><E122/><V101/><F118/><W74/><G74/><T102/><D113/><N who="1" m="43595" /><E108/><V129/><F129/><W68/><G22/><T85/><D43/><U18/><E106/><V69/><F69/><W70/><G91/><T23/><D102/><U64/><E126/><V117/><F117/><W9/><G2/><T45/><D45/><U71/><E119/><V19/><F3/><W55/><G116/><T90/><D73/><U12/><E30/><V72/><F63/><W42/><G62/><T93/><D33/><U40/><E40/><V44/><F57/><W0/><G0/><T4/><D32/><U120/><E120/><V128/><F72/><W87/><G87/><T98/><D4/><N who="1" m="3079" /><E54/><V94/><F128/><W14/><G14/><T105/><D105/><U114/><N who="1" m="43603" /><U103/><DORA hai="47" /><E103/><V127/><F127/><W5/><G5/><T79/><D100/><U61/><E61/><V28/><F28/><W20/><G20/><T36/><D36/><AGARI ba="0,0" hai="9,10,36,37,41,42,48,49,52,55,68,70,132,134" machi="36" ten="25,12000,1" yaku="22,2,52,2,54,1" doraHai="95,47" who="3" fromWho="0" sc="255,-120,153,0,317,0,275,120" owari="135,-36.5,153,-24.7,317,11.7,395,49.5" /></mjloggm>