<mjloggm ver="2.3"><GO type="169" lobby="0"/><UN n0="%E3%82%A2%E3%83%B3%E3%81%95%E3%82%93" n1="%E3%81%A1%E3%81%AA%E3%81%A4" n2="%E3%81%8B%E3%81%8F%E3%82%8D%E3%82%80" n3="%E6%A2%85%E8%8E%89" dan="18,17,18,18" rate="2204.34,2182.26,2235.54,2243.14" sx="M,M,M,F"/><TAIKYOKU oya="0"/><INIT seed="0,0,0,4,2,133" ten="250,250,250,250" oya="0" hai0="104,114,94,86,37,28,129,23,38,101,119,113,10" hai1="11,80,91,4,63,89,99,2,75,31,76,3,128" hai2="117,6,102,59,5,79,122,68,93,77,29,36,1" hai3="55,18,124,120,54,27,88,73,112,17,134,110,131"/><T125/><D119/><U97/><E128/><V33/><F122/><W45/><G112/><T127/><D104/><U66/><E2/><V8/><F68/><W111/><G73/><T98/><D129/><U41/><E31/><V85/><F36/><W26/><G131/><T47/><D86/><U70/><E97/><V57/><F6/><W100/><G100/><T115/><D10/><U50/><E99/><V16/><F102/><W135/><G45/><T126/><D47/><U14/><E3/><V61/><F59/><W62/><G62/><T53/><D53/><U116/><E116/><V95/><F117/><W130/><G130/><T48/><D48/><U51/><E41/><V109/><F109/><W81/><G81/><T35/><D35/><U105/><E105/><V0/><F0/><W87/><G87/><T15/><D15/><U49/><AGARI ba="0,0" hai="4,11,14,49,50,51,63,66,70,75,76,80,89,91" machi="49" ten="30,1100,0" yaku="0,1" doraHai="133" who="1" fromWho="1" sc="250,-5,250,11,250,-3,250,-3" /><INIT seed="1,0,0,5,3,107" ten="245,261,247,247" oya="1" hai0="119,46,96,26,62,67,0,48,49,6,86,29,129" hai1="19,20,98,32,84,102,72,57,42,28,74,121,95" hai2="14,127,18,9,47,66,92,75,114,50,36,108,97" hai3="103,33,1,25,3,30,112,58,99,68,133,125,93"/><U105/><E121/><V80/><F108/><W37/><G112/><T59/><D129/><U21/><E32/><V116/><F116/><W104/><G68/><T82/><D119/><U16/><E28/><V126/><F36/><W118/><G118/><T44/><D0/><U79/><E42/><V43/><F114/><W22/><G133/><T54/><D96/><U10/><E10/><V131/><F131/><W61/><G125/><T27/><D6/><U100/><E57/><V55/><F66/><W69/><G37/><T45/><D29/><U4/><E4/><V101/><REACH who="2" step="1"/><F55/><REACH who="2" ten="245,261,237,247" step="2"/><W63/><G69/><T41/><REACH who="0" step="1"/><D45/><REACH who="0" ten="235,261,237,247" step="2"/><U2/><E2/><V83/><F83/><W123/><G1/><T81/><D81/><U90/><E79/><AGARI ba="0,2" hai="9,14,18,43,47,50,75,79,80,92,97,101,126,127" machi="79" ten="40,8000,1" yaku="1,1,52,1,53,2" doraHai="107" doraHaiUra="132" who="2" fromWho="1" sc="235,0,261,-80,237,100,247,0" /><AGARI ba="0,0" hai="26,27,41,44,46,48,49,54,59,62,67,79,82,86" machi="79" ten="30,3900,0" yaku="1,1,7,1,8,1,53,0" doraHai="107" doraHaiUra="132" who="0" fromWho="1" sc="235,39,181,-39,337,0,247,0" /><INIT seed="2,0,0,3,2,9" ten="274,142,337,247" oya="2" hai0="30,126,14,21,131,74,72,29,52,135,113,50,62" hai1="116,54,98,17,102,118,127,19,109,107,46,78,79" hai2="42,77,33,88,90,32,10,99,83,38,112,82,49" hai3="124,35,75,13,23,6,27,45,133,125,96,40,110"/><V55/><F112/><W20/><G75/><T70/><D113/><U28/><E28/><V1/><F99/><W87/><G110/><T132/><D126/><N who="3" m="48745" /><G133/><N who="0" m="51275" /><D131/><U95/><E127/><V123/><F123/><W103/><G87/><T15/><D62/><U4/><E109/><V51/><F38/><W97/><G35/><T100/><D70/><U84/><E4/><V94/><F42/><W111/><G111/><T37/><D100/><U12/><E17/><V129/><F129/><W66/><G66/><T7/><D7/><U11/><E107/><V92/><F1/><W69/><G69/><T26/><D30/><U81/><REACH who="1" step="1"/><E79/><REACH who="1" ten="274,132,337,247" step="2"/><V57/><F77/><W91/><G6/><T47/><D37/><U53/><E53/><V104/><F55/><W134/><G134/><T108/><D108/><U101/><E101/><V65/><F65/><W71/><G103/><T39/><D39/><U117/><E117/><V64/><F64/><W130/><G130/><T105/><D105/><U44/><E44/><V63/><F104/><W22/><G45/><T76/><D76/><U85/><E85/><V128/><F128/><W24/><G40/><T5/><D5/><U25/><E25/><V89/><F33/><W8/><G24/><T58/><D47/><U86/><E86/><V18/><F32/><W16/><G27/><T73/><AGARI ba="0,1" hai="14,15,21,26,29,50,52,58,72,73,74" m="51275" machi="73" ten="40,8000,1" yaku="20,1,52,2,54,1" doraHai="9" who="0" fromWho="0" sc="274,90,132,-20,337,-40,247,-20" /><INIT seed="3,0,0,4,4,115" ten="364,112,297,227" oya="3" hai0="62,121,88,127,123,39,6,99,112,15,75,23,116" hai1="106,30,81,35,117,16,29,94,2,105,132,126,3" hai2="119,108,76,28,73,65,52,31,34,18,27,122,53" hai3="97,92,40,45,22,101,19,48,42,72,5,84,133"/><W50/><G72/><T129/><D75/><U114/><E114/><V7/><F65/><W125/><G125/><T32/><D32/><U13/><E126/><V44/><F7/><W66/><G133/><T102/><D127/><U46/><E81/><V38/><F31/><W9/><G66/><T80/><D129/><U56/><E46/><V131/><F131/><W98/><G98/><T135/><D135/><U26/><E132/><V67/><F67/><W55/><G84/><T37/><D112/><U24/><E94/><V33/><F33/><W21/><G19/><T124/><D15/><U8/><E56/><V14/><F108/><W51/><G51/><T104/><D23/><N who="1" m="15519" /><E105/><V85/><F73/><W10/><G10/><T130/><D99/><U87/><E87/><V120/><F38/><W111/><G111/><T82/><D62/><U91/><E91/><V113/><F113/><W36/><G36/><T77/><D88/><U83/><E83/><N who="2" m="47335" /><F44/><W12/><REACH who="3" step="1"/><G40/><REACH who="3" ten="364,112,297,217" step="2"/><T134/><D39/><U0/><E106/><V63/><F63/><W89/><G89/><T17/><D37/><U64/><E64/><V90/><F90/><W107/><G107/><T110/><D104/><U103/><E103/><V61/><F61/><W59/><AGARI ba="0,1" hai="5,9,12,21,22,42,45,48,50,55,59,92,97,101" machi="59" ten="20,7800,0" yaku="1,1,0,1,7,1,8,1,53,0" doraHai="115" doraHaiUra="74" who="3" fromWho="3" sc="364,-26,112,-26,297,-26,217,88" /><INIT seed="3,1,0,0,5,131" ten="338,86,271,305" oya="3" hai0="89,10,114,101,103,4,50,55,8,94,108,13,12" hai1="49,17,52,29,62,112,66,37,95,121,90,122,60" hai2="135,15,102,73,107,111,70,115,78,41,46,128,43" hai3="119,133,0,33,34,83,71,45,3,126,57,39,9"/><W53/><G119/><T65/><D108/><U76/><E37/><V77/><F115/><W132/><G71/><T24/><D65/><U32/><E112/><V61/><F128/><W54/><G126/><T134/><D24/><U18/><E76/><V97/><F111/><W25/><G83/><T19/><D134/><N who="3" m="51817" /><G25/><T129/><D129/><U20/><E32/><N who="3" m="12394" /><G9/><T91/><D114/><U35/><E35/><V109/><F135/><W87/><G87/><N who="0" m="52543" /><D91/><U106/><E106/><V120/><F107/><W80/><G80/><T51/><D51/><U44/><E29/><V2/><F109/><W93/><G93/><T30/><D30/><U124/><E124/><V100/><F120/><W82/><G82/><T99/><D99/><U59/><E62/><V75/><F61/><N who="3" m="36015" /><G54/><T56/><AGARI ba="1,0" hai="4,8,10,12,13,19,50,55,56,101,103" m="52543" machi="56" ten="30,1100,0" yaku="8,1" doraHai="131" who="0" fromWho="0" sc="338,14,86,-4,271,-4,305,-6" /><INIT seed="4,0,0,0,1,53" ten="352,82,267,299" oya="0" hai0="9,32,117,25,39,84,90,124,3,93,119,125,58" hai1="13,65,59,61,64,81,6,70,111,43,98,14,109" hai2="130,34,107,114,42,38,115,18,40,71,56,120,97" hai3="0,110,57,63,95,20,78,133,94,22,92,1,55"/><T122/><D39/><U17/><E43/><V129/><F71/><W24/><G110/><T60/><D122/><U118/><E118/><V82/><F82/><W102/><G133/><T112/><D112/><N who="2" m="43050" /><F34/><W135/><G135/><T26/><D117/><U101/><E81/><V73/><F73/><W23/><G78/><T50/><D50/><U27/><E6/><V45/><F120/><W83/><G83/><T104/><D104/><U47/><E47/><N who="2" m="23959" /><F18/><W4/><G4/><N who="0" m="1183" /><D32/><U41/><E41/><V8/><F8/><W77/><G77/><T105/><D105/><U28/><E65/><V132/><F132/><W113/><G113/><T87/><D87/><U11/><E13/><V44/><F44/><W35/><REACH who="3" step="1"/><G102/><REACH who="3" ten="352,82,267,289" step="2"/><T66/><D119/><U49/><E70/><V116/><F116/><W69/><G69/><T126/><AGARI ba="0,1" hai="25,26,58,60,66,84,90,93,124,125,126" m="1183" machi="126" ten="30,3000,0" yaku="18,1,52,1" doraHai="53" who="0" fromWho="0" sc="352,40,82,-10,267,-10,289,-10" /><INIT seed="4,1,0,2,2,94" ten="392,72,257,279" oya="0" hai0="27,39,133,47,22,61,29,8,132,51,113,75,84" hai1="111,28,119,37,72,77,50,1,95,40,59,10,25" hai2="33,104,58,121,103,124,68,83,91,109,126,130,112" hai3="71,30,134,0,106,82,11,49,64,60,6,99,101"/><T114/><D75/><U34/><E111/><V7/><F68/><W45/><G82/><T55/><D8/><U65/><E119/><V98/><F33/><W5/><G5/><T53/><D39/><U56/><E37/><V2/><F109/><W21/><G21/><T120/><D120/><U92/><E77/><V90/><F7/><W129/><G30/><T69/><D84/><U41/><E72/><V74/><F58/><W67/><G67/><N who="0" m="41199" /><D53/><U36/><E36/><V89/><F2/><W76/><G76/><T102/><D102/><U66/><E1/><V12/><F12/><W63/><G63/><T4/><D4/><U24/><E10/><V35/><F35/><W42/><REACH who="3" step="1"/><G134/><AGARI ba="1,0" hai="22,27,29,47,51,55,113,114,132,133,134" m="41199" machi="134" ten="30,1500,0" yaku="20,1" doraHai="94" who="0" fromWho="3" sc="392,18,72,0,257,0,279,-18" /><INIT seed="4,2,0,1,3,84" ten="410,72,257,261" oya="0" hai0="77,115,82,130,26,30,10,34,60,75,106,126,120" hai1="42,71,18,134,5,89,128,65,21,107,78,7,9" hai2="97,59,14,53,100,81,43,61,55,117,23,91,13" hai3="32,67,86,74,104,94,16,1,80,46,119,98,135"/><T132/><D115/><U8/><E107/><V2/><F2/><W109/><G109/><T111/><D126/><U79/><E134/><V95/><F117/><W17/><G119/><T113/><D113/><U127/><E127/><V49/><F43/><W38/><G32/><T103/><D132/><U50/><E128/><V57/><F81/><W0/><G74/><T114/><D114/><U133/><E133/><V131/><F131/><W58/><G104/><T110/><D120/><U6/><E65/><V52/><F55/><W68/><G68/><T92/><D130/><U40/><E71/><V33/><F33/><W29/><G29/><T22/><D22/><U125/><E125/><V72/><F72/><W69/><G69/><T19/><D19/><U47/><E42/><V66/><F66/><W54/><G67/><T27/><D27/><U102/><E102/><V28/><F100/><W44/><G38/><T121/><D60/><U122/><E122/><V56/><F56/><W118/><G118/><T64/><D64/><U37/><E37/><V24/><AGARI ba="2,0" hai="13,14,23,24,28,49,52,53,57,59,61,91,95,97" machi="24" ten="30,7900,0" yaku="0,1,8,1,52,1,54,1" doraHai="84" who="2" fromWho="2" sc="410,-41,72,-22,257,85,261,-22" /><INIT seed="5,0,0,4,4,70" ten="369,50,342,239" oya="1" hai0="120,15,97,0,74,55,31,23,61,84,48,7,106" hai1="13,91,80,67,88,43,5,96,115,6,126,50,20" hai2="83,93,65,129,131,135,105,125,17,127,16,79,42" hai3="29,24,99,130,12,10,63,52,134,30,45,117,57"/><U116/><E116/><V102/><F105/><W53/><G130/><N who="2" m="49673" /><F65/><W11/><G134/><T38/><D74/><U112/><E67/><V108/><F108/><W92/><G117/><T114/><D114/><N who="1" m="43563" /><E126/><N who="2" m="48139" /><F42/><W35/><G29/><T33/><D31/><U101/><E43/><V121/><F121/><W3/><G3/><T113/><D0/><U37/><E37/><V95/><F135/><W28/><G28/><T19/><D38/><U46/><E46/><V2/><F2/><W56/><G45/><T86/><D106/><N who="1" m="63783" /><E50/><V124/><N who="2" m="48147" /><V1/><DORA hai="9" /><F1/><W49/><REACH who="3" step="1"/><G12/><REACH who="3" ten="369,50,342,229" step="2"/><T94/><D15/><U32/><E32/><V90/><F102/><AGARI ba="0,1" hai="10,11,24,30,35,49,52,53,56,57,63,92,99,102" machi="102" ten="30,7700,0" yaku="1,1,2,1,7,1,54,1,53,0" doraHai="70,9" doraHaiUra="109,122" who="3" fromWho="2" sc="369,0,50,0,342,-77,229,87" /><INIT seed="6,0,0,2,1,35" ten="369,50,265,316" oya="2" hai0="60,103,4,97,8,89,23,79,5,114,105,113,76" hai1="90,16,2,61,88,87,48,108,13,0,92,15,74" hai2="70,101,55,39,26,78,99,10,75,84,57,56,28" hai3="34,53,31,102,85,118,7,30,12,94,110,81,122"/><V38/><F70/><W21/><G110/><T47/><D4/><U58/><E74/><V24/><F75/><W33/><G118/><T117/><D117/><U63/><E108/><V29/><F78/><W1/><G122/><T72/><D23/><N who="1" m="11663" /><E15/><V120/><F120/><W116/><G1/><N who="1" m="618" /><E90/><V86/><F10/><W40/><G12/><T62/><D8/><U59/><E59/><V100/><F99/><W17/><G7/><T18/><D97/><U121/><E121/><V112/><REACH who="2" step="1"/><F55/><AGARI ba="0,0" hai="48,55,58,61,63,87,88,92" m="618,11663" machi="55" ten="30,12000,2" yaku="25,1,52,3,54,2" doraHai="35" who="1" fromWho="2" sc="369,0,50,120,265,-120,316,0" /><INIT seed="7,0,0,0,1,112" ten="369,170,145,316" oya="3" hai0="116,37,41,15,55,43,117,26,3,50,93,8,27" hai1="73,135,79,22,89,83,121,91,123,40,129,49,82" hai2="65,111,85,118,68,38,106,16,11,4,70,84,58" hai3="110,95,78,53,51,35,12,71,131,122,32,66,130"/><W2/><G122/><T109/><D109/><U108/><E108/><V94/><F111/><W61/><G110/><T134/><D3/><U19/><E129/><N who="3" m="49162" /><G2/><T56/><D134/><U74/><E135/><V102/><F38/><W42/><G42/><N who="0" m="15883" /><D117/><U34/><E34/><V99/><F118/><W6/><G78/><T21/><D116/><U86/><E74/><V87/><F106/><W96/><G12/><T29/><D37/><U133/><E133/><V75/><F75/><W60/><G60/><T54/><D93/><U52/><E40/><V10/><F4/><W69/><G6/><N who="0" m="3479" /><D27/><U98/><E98/><V119/><F119/><W47/><G69/><T48/><D55/><U107/><E91/><AGARI ba="0,0" hai="32,35,47,51,53,61,66,71,91,95,96" m="49162" machi="91" ten="30,1500,0" yaku="19,1" doraHai="112" who="3" fromWho="1" sc="369,0,170,-15,145,0,316,15" /><INIT seed="7,1,0,1,4,25" ten="369,155,145,331" oya="3" hai0="117,80,62,39,24,121,104,112,114,20,130,90,4" hai1="133,106,10,6,30,50,45,11,33,3,8,108,127" hai2="88,92,100,29,15,101,63,113,105,82,1,43,27" hai3="26,57,116,77,13,21,5,65,41,86,102,115,93"/><W19/><G116/><T2/><D39/><U123/><E108/><V126/><F1/><W18/><G115/><N who="0" m="44075" /><D117/><U35/><E123/><V129/><F113/><W32/><G5/><T120/><D130/><U71/><E106/><V68/><F129/><W31/><G41/><T89/><D104/><U64/><E133/><V118/><F118/><W103/><G32/><T36/><D36/><U54/><E127/><V17/><F43/><W87/><G87/><N who="0" m="50407" /><D90/><U81/><E81/><V124/><F82/><N who="3" m="47439" /><G93/><T69/><D4/><U83/><E83/><V55/><F105/><W135/><G135/><T75/><D2/><U107/><E107/><V132/><F132/><W0/><G0/><T60/><D75/><U66/><E35/><V91/><F126/><W70/><G70/><T128/><D128/><U125/><E125/><V74/><F74/><W122/><G122/><N who="0" m="47211" /><D69/><U94/><E94/><V109/><F124/><W14/><G14/><T134/><D134/><U98/><E98/><N who="2" m="57607" /><F91/><W12/><G12/><T110/><D110/><U131/><E131/><V23/><F109/><W38/><G38/><T51/><D51/><U49/><E49/><V16/><F68/><W61/><G13/><T79/><D79/><U84/><E84/><V58/><F15/><W52/><G65/><T67/><D67/><N who="1" m="25643" /><E71/><V73/><F73/><W59/><G59/><T76/><D76/><U72/><E72/><V95/><F100/><W28/><G28/><BYE who="3" /><AGARI ba="1,0" hai="20,24,28,60,62" m="47211,50407,44075" machi="28" ten="30,3900,0" yaku="15,1,11,1,52,1" doraHai="25" who="0" fromWho="3" sc="369,42,155,0,145,0,331,-42" owari="411,51.1,155,-24.5,145,-35.5,289,8.9" /></mjloggm>