<mjloggm ver="2.3"><GO type="169" lobby="0"/><UN n0="%50%72%65%6D%6F%76%65" n1="%E5%A7%AB%E7%95%99" n2="%E3%83%9B%E3%83%B3%E3%82%A4%E3%83%84%E8%B5%A4%EF%BC%93" n3="%6D%62%72%63%68%61%6E" dan="17,16,16,16" rate="2347.40,2118.63,2119.06,2139.35" sx="M,M,M,M"/><TAIKYOKU oya="0"/><INIT seed="0,0,0,2,2,13" ten="250,250,250,250" oya="0" hai0="122,41,7,85,133,78,102,43,132,90,11,46,94" hai1="69,61,121,29,131,57,2,20,135,97,49,114,68" hai2="128,134,26,110,53,54,6,31,80,42,123,118,70" hai3="9,15,105,38,45,101,22,34,89,86,4,66,115"/><T56/><D122/><U32/><E32/><V71/><F123/><W75/><G115/><T36/><D102/><U52/><E121/><V126/><F6/><W33/><G75/><T100/><D100/><U74/><E74/><V30/><F80/><W58/><G22/><T28/><D28/><U88/><E2/><V50/><F26/><W99/><G38/><T83/><D56/><U109/><E114/><V79/><F79/><W108/><G108/><T64/><D41/><U111/><E131/><V98/><F98/><W39/><G39/><T120/><D64/><U48/><E135/><V124/><F42/><W93/><REACH who="3" step="1"/><G45/><REACH who="3" ten="250,250,250,240" step="2"/><T59/><D120/><U130/><E111/><V14/><F110/><W55/><G55/><T47/><D47/><U3/><E109/><V1/><F54/><W12/><G12/><T10/><D10/><U65/><E20/><V129/><F14/><W17/><G17/><T125/><D11/><U0/><E0/><V60/><F1/><W37/><G37/><T63/><D7/><U8/><E3/><V44/><F53/><W40/><G40/><T21/><D21/><U27/><E8/><V96/><F44/><W112/><G112/><T18/><D18/><U116/><E52/><V76/><F31/><W72/><G72/><T16/><D16/><U82/><E29/><V25/><F30/><W103/><G103/><T84/><D125/><U104/><E65/><V24/><F126/><W127/><G127/><T19/><D19/><U117/><E116/><V67/><F118/><W95/><G95/><T35/><D35/><U119/><E117/><RYUUKYOKU ba="0,1" sc="250,15,250,-15,250,-15,240,15" hai0="36,43,46,59,63,78,83,84,85,90,94,132,133" hai3="4,9,15,33,34,58,66,86,89,93,99,101,105" /><INIT seed="0,1,1,3,5,62" ten="265,235,235,255" oya="0" hai0="37,3,1,48,94,117,125,22,60,88,77,78,15" hai1="85,30,89,29,133,91,49,112,52,0,16,81,43" hai2="102,51,128,31,38,92,106,84,134,19,100,6,108" hai3="36,32,9,80,99,75,66,57,97,69,72,68,5"/><T101/><D117/><U45/><E0/><V20/><F38/><W114/><G114/><T7/><D37/><U95/><E112/><V28/><F106/><W105/><G36/><T93/><D125/><U2/><E2/><V11/><F134/><W127/><G127/><T65/><D101/><U54/><E133/><V56/><F128/><W39/><G39/><T76/><D48/><U118/><E118/><V23/><F108/><W10/><G32/><T46/><D46/><U96/><REACH who="1" step="1"/><E16/><REACH who="1" ten="265,225,235,255" step="2"/><V121/><F19/><W44/><G5/><T73/><D3/><U116/><E116/><V103/><F6/><W26/><G26/><T27/><D1/><U135/><E135/><V129/><F11/><W35/><G9/><T58/><D73/><U59/><E59/><V53/><F56/><W71/><G57/><T50/><D7/><U87/><E87/><V120/><F84/><W132/><G10/><T126/><D126/><U41/><E41/><V8/><F8/><W12/><G75/><T104/><D15/><U34/><E34/><V90/><F31/><AGARI ba="1,2" hai="29,30,31,43,45,49,52,54,81,85,89,91,95,96" machi="31" ten="40,5200,0" yaku="1,1,8,1,54,1,53,0" doraHai="62" doraHaiUra="115" who="1" fromWho="2" sc="265,0,225,75,235,-55,255,0" /><INIT seed="1,0,0,0,5,108" ten="265,300,180,255" oya="1" hai0="49,127,104,13,134,5,66,115,94,81,93,114,112" hai1="80,45,36,37,35,17,85,54,117,26,23,19,7" hai2="125,113,91,70,77,122,50,128,102,33,10,15,121" hai3="79,118,27,129,110,107,78,60,76,31,87,57,69"/><U32/><E117/><V64/><F33/><W53/><G110/><T106/><D66/><U61/><E7/><V103/><F113/><W0/><G0/><T73/><D49/><U101/><E101/><V3/><F3/><W2/><G2/><T11/><D127/><U99/><E99/><V82/><F125/><W89/><G129/><T71/><D71/><U67/><E19/><V8/><F128/><W116/><G69/><T42/><D42/><U135/><E135/><V83/><F91/><W131/><G107/><T123/><D134/><U22/><E22/><V29/><F29/><W47/><G47/><T68/><D68/><U1/><E1/><V30/><F30/><W48/><G48/><T132/><D132/><U16/><E17/><V14/><F64/><W6/><G6/><T59/><D59/><U21/><E21/><V119/><F70/><W58/><G58/><T38/><D38/><U24/><E24/><V84/><F50/><W72/><G72/><T63/><D63/><U126/><E126/><V18/><F119/><W40/><G40/><T4/><D4/><U9/><E35/><V20/><F20/><N who="3" m="15847" /><G131/><T86/><D73/><U39/><E32/><V124/><F124/><W105/><G105/><T95/><REACH who="0" step="1"/><D123/><REACH who="0" ten="255,300,180,255" step="2"/><U25/><E67/><V62/><F62/><W34/><G34/><T133/><D133/><U88/><E61/><V109/><F109/><W41/><G41/><T98/><D98/><U44/><E54/><V90/><F121/><W111/><G111/><T55/><D55/><U65/><E65/><V130/><F122/><W52/><G53/><RYUUKYOKU ba="0,1" sc="255,15,300,-15,180,-15,255,15" hai0="5,11,13,81,86,93,94,95,104,106,112,114,115" hai3="52,57,60,76,78,79,87,89,116,118" /><INIT seed="2,1,1,5,1,65" ten="270,285,165,270" oya="2" hai0="52,106,101,133,37,10,39,60,64,97,113,18,54" hai1="27,22,57,66,59,1,2,95,30,9,0,44,109" hai2="121,83,79,58,26,118,56,63,91,84,128,67,82" hai3="81,103,94,115,34,3,35,47,55,45,48,32,102"/><V46/><F118/><W36/><G3/><T6/><D113/><U77/><E109/><V72/><F121/><W21/><G115/><T16/><D133/><U13/><E77/><V29/><F128/><W49/><G36/><T120/><D120/><U51/><E95/><V100/><F100/><W119/><G119/><T50/><D39/><U89/><E89/><V126/><F126/><W14/><G81/><T134/><D37/><U86/><E86/><V76/><F91/><W62/><G62/><T108/><D108/><U23/><E23/><V87/><F46/><W75/><G75/><T28/><D28/><U129/><E66/><V17/><F17/><W33/><G33/><T70/><D134/><U132/><E129/><V73/><REACH who="2" step="1"/><F58/><REACH who="2" ten="270,285,155,270" step="2"/><W112/><G112/><T88/><D88/><U135/><E59/><V85/><F85/><W5/><G47/><T80/><D18/><U71/><E57/><V107/><F107/><W74/><G45/><T90/><D16/><U78/><E132/><V31/><F31/><W24/><G103/><T117/><D117/><U124/><E135/><V125/><F125/><W7/><G102/><T122/><D122/><U116/><E124/><V19/><F19/><W105/><G105/><T20/><D90/><U12/><E116/><V41/><F41/><W15/><G74/><T111/><D101/><U127/><E127/><V43/><F43/><W93/><G24/><T98/><D106/><U8/><E44/><V40/><F40/><W130/><G130/><T42/><D42/><U123/><E123/><V96/><F96/><W92/><G92/><RYUUKYOKU ba="1,2" sc="270,-10,285,-10,155,30,270,-10" hai2="26,29,56,63,67,72,73,76,79,82,83,84,87" /><INIT seed="2,2,2,2,1,47" ten="260,275,185,260" oya="2" hai0="79,29,16,125,78,132,19,117,119,85,36,11,130" hai1="64,63,42,59,45,4,61,55,6,118,71,7,43" hai2="60,104,94,68,135,53,38,66,50,1,105,2,17" hai3="70,32,114,76,58,28,120,20,131,33,80,37,124"/><V31/><F135/><W3/><G120/><T101/><D132/><U62/><E118/><N who="0" m="45065" /><D36/><U93/><E62/><V99/><F38/><W35/><G70/><T95/><D130/><U72/><E72/><V34/><F17/><N who="0" m="6730" /><D125/><U5/><N who="1" m="1024" /><DORA hai="98" /><U24/><E24/><N who="2" m="18791" /><F94/><W81/><G3/><T103/><D29/><U13/><E13/><V67/><F67/><W65/><G37/><T39/><D39/><U9/><E9/><V109/><F105/><W23/><G124/><T21/><D21/><U102/><REACH who="1" step="1"/><E45/><REACH who="1" ten="260,265,185,260" step="2"/><N who="2" m="27855" /><F109/><W12/><G12/><T75/><D11/><U113/><E113/><V56/><F56/><W77/><G114/><T115/><D115/><U51/><E51/><V57/><F57/><W52/><G65/><T82/><D78/><U15/><E15/><V133/><F133/><W96/><G77/><T108/><D108/><U112/><E112/><V107/><F107/><W22/><G76/><T106/><D106/><U30/><E30/><V97/><F97/><AGARI ba="2,3" hai="42,43,55,59,61,63,64,71,93,97,102" m="1024" machi="97" ten="50,3200,0" yaku="1,1,52,1,53,0" doraHai="47,98" doraHaiUra="129,46" who="1" fromWho="2" sc="260,0,265,68,185,-38,260,0" /><INIT seed="3,0,0,4,0,33" ten="260,333,147,260" oya="3" hai0="52,67,93,15,3,123,131,18,90,104,60,55,6" hai1="53,84,92,100,108,32,65,102,96,26,48,50,105" hai2="38,7,11,122,61,8,88,107,97,69,51,73,113" hai3="27,37,101,19,134,119,63,85,28,64,79,83,110"/><W1/><G119/><T82/><D123/><U125/><E108/><V44/><F73/><W46/><G134/><T135/><D104/><U78/><E125/><V77/><F38/><W130/><G130/><T54/><D131/><U22/><E32/><V49/><F77/><W47/><G110/><T103/><D135/><U43/><E65/><V124/><F124/><W75/><G19/><T40/><D40/><U45/><E105/><V30/><F113/><W31/><G31/><T74/><D103/><U23/><E102/><V94/><F122/><W128/><G128/><T10/><D82/><N who="1" m="47191" /><E26/><V4/><F107/><W39/><G1/><T56/><D74/><U9/><E9/><V106/><F106/><W127/><G127/><T114/><D114/><U115/><E115/><V0/><F30/><W111/><G101/><T66/><D66/><U71/><E71/><V36/><F36/><W118/><G118/><T35/><D35/><U95/><E92/><V81/><F81/><W80/><G39/><T121/><D121/><U89/><E100/><V120/><F120/><W16/><G37/><T13/><REACH who="0" step="1"/><D18/><REACH who="0" ten="250,333,147,260" step="2"/><U133/><E133/><V91/><F91/><N who="3" m="51623" /><G16/><T68/><D68/><U70/><E70/><V29/><F29/><W76/><G111/><T17/><D17/><U129/><E129/><V109/><F109/><W116/><G116/><T132/><D132/><U57/><AGARI ba="0,1" hai="22,23,43,45,48,50,53,57,89,95,96" m="47191" machi="57" ten="30,1100,0" yaku="8,1" doraHai="33" who="1" fromWho="1" sc="250,-3,333,21,147,-3,260,-5" /><INIT seed="4,0,0,4,2,15" ten="247,354,144,255" oya="0" hai0="17,108,58,23,46,51,27,49,130,29,61,72,84" hai1="118,47,116,69,59,1,64,33,53,122,35,120,0" hai2="54,41,5,57,16,52,2,81,40,80,101,20,77" hai3="44,91,112,76,124,48,14,119,19,134,93,97,30"/><T50/><D130/><U78/><E47/><V83/><F101/><W126/><G119/><N who="1" m="45610" /><E53/><V42/><F77/><W13/><G112/><T111/><D72/><U87/><E87/><V128/><F128/><W127/><G134/><T129/><D129/><U74/><E59/><V99/><F99/><W24/><G76/><T18/><D46/><U114/><E114/><V10/><REACH who="2" step="1"/><F57/><REACH who="2" ten="247,354,134,255" step="2"/><W96/><G96/><T95/><D108/><U67/><E78/><V117/><F117/><W62/><G62/><T8/><D111/><U63/><E63/><V105/><F105/><W21/><REACH who="3" step="1"/><G30/><REACH who="3" ten="247,354,134,245" step="2"/><T125/><D29/><U26/><E122/><V85/><F85/><W92/><G92/><T98/><D84/><U37/><E120/><V68/><F68/><W110/><G110/><T70/><D70/><U36/><E69/><V90/><F90/><W65/><G65/><T6/><D61/><U4/><E64/><V11/><F11/><W71/><G71/><T3/><D58/><U39/><E67/><V55/><F55/><AGARI ba="0,2" hai="13,14,19,21,24,44,48,55,91,93,97,124,126,127" machi="55" ten="40,5200,0" yaku="1,1,18,1,52,1,53,0" doraHai="15" doraHaiUra="38" who="3" fromWho="2" sc="247,0,354,0,134,-52,245,72" /><INIT seed="5,0,0,4,2,122" ten="247,354,82,317" oya="1" hai0="112,13,135,43,72,7,106,14,130,93,86,115,110" hai1="50,94,51,85,48,84,12,127,124,104,30,44,22" hai2="46,71,29,113,5,47,117,95,96,128,53,25,102" hai3="79,83,20,66,109,31,133,98,63,23,91,76,36"/><U18/><E104/><V11/><F117/><W4/><G36/><T105/><D72/><U2/><E2/><V49/><F71/><W80/><G109/><T111/><D43/><U45/><E30/><V59/><F128/><W26/><G133/><T10/><D135/><U58/><E58/><V116/><F116/><W64/><G4/><T17/><D130/><U123/><E123/><V125/><F125/><N who="1" m="48201" /><E94/><V119/><F119/><W73/><G23/><T62/><D62/><U41/><E51/><V0/><REACH who="2" step="1"/><F113/><REACH who="2" ten="247,354,72,317" step="2"/><N who="0" m="43594" /><D105/><U24/><E24/><V134/><F134/><W34/><G26/><T56/><D106/><U74/><E74/><V6/><F6/><W52/><G73/><T40/><D56/><U54/><AGARI ba="0,1" hai="12,18,22,41,44,45,48,50,54,84,85" m="48201" machi="54" ten="30,1500,0" yaku="18,1" doraHai="122" who="1" fromWho="1" sc="247,-5,354,25,72,-5,317,-5" /><INIT seed="5,1,0,4,0,131" ten="242,379,67,312" oya="1" hai0="105,19,130,10,34,8,22,25,65,1,49,127,36" hai1="90,52,44,15,135,102,43,88,98,107,67,94,72" hai2="16,38,5,26,134,17,23,74,85,95,20,9,76" hai3="106,93,28,113,46,4,87,56,116,50,57,97,47"/><U39/><E72/><V128/><F38/><W48/><G113/><T89/><D36/><U124/><E124/><V24/><F128/><W91/><G116/><T117/><D105/><U115/><E115/><V37/><F37/><W42/><G4/><T84/><D117/><U45/><E67/><V120/><F120/><W70/><G28/><T33/><D127/><U109/><E109/><V110/><F110/><W122/><G70/><T78/><D78/><U61/><E135/><V14/><F74/><W11/><G11/><T82/><D130/><U12/><E90/><V62/><F62/><W81/><G106/><T31/><D34/><U114/><E114/><V35/><F35/><W0/><G0/><T119/><D119/><U69/><E69/><V129/><F129/><W32/><G32/><T108/><D108/><U51/><REACH who="1" step="1"/><E61/><REACH who="1" ten="242,369,67,312" step="2"/><V121/><F121/><W123/><G123/><T104/><D65/><U29/><E29/><V64/><F64/><W13/><G122/><T101/><D31/><U125/><E125/><V27/><F134/><W99/><G99/><AGARI ba="1,1" hai="12,15,39,43,44,45,51,52,88,94,98,99,102,107" machi="99" ten="30,12000,1" yaku="1,1,7,1,54,2,53,1" doraHai="131" doraHaiUra="96" who="1" fromWho="3" sc="242,0,369,133,67,0,312,-123" /><INIT seed="5,2,0,3,0,55" ten="242,502,67,189" oya="1" hai0="116,25,30,17,9,86,79,95,109,36,102,117,113" hai1="77,2,118,130,70,135,8,56,120,14,50,42,103" hai2="10,60,83,39,19,61,26,89,48,4,87,66,82" hai3="111,40,45,65,53,11,100,68,104,24,22,80,108"/><U27/><E70/><V127/><F39/><W29/><G53/><T37/><D109/><U73/><E118/><V132/><F127/><W21/><G21/><T105/><D113/><U112/><E120/><V75/><F132/><W123/><G123/><T128/><D128/><U134/><E112/><V63/><F48/><W121/><G121/><T44/><D105/><U49/><E130/><V32/><F75/><W133/><G133/><N who="1" m="50698" /><E2/><V72/><F72/><W98/><G80/><T41/><D37/><U106/><E42/><V92/><F66/><W38/><G11/><T129/><D129/><U57/><E27/><V115/><F115/><W35/><G22/><T110/><D110/><U88/><E88/><V47/><F47/><W52/><G52/><T1/><D44/><U119/><E119/><V43/><F43/><W67/><G67/><T107/><D41/><U31/><E31/><V20/><REACH who="2" step="1"/><F32/><REACH who="2" ten="242,502,57,189" step="2"/><W33/><G33/><T3/><D116/><U51/><E73/><V16/><F16/><W85/><G85/><T76/><D17/><N who="1" m="8391" /><E77/><V7/><F7/><W122/><G122/><T97/><D79/><U64/><E64/><V13/><AGARI ba="2,1" hai="4,10,13,19,20,26,60,61,63,82,83,87,89,92" machi="13" ten="30,7900,0" yaku="1,1,0,1,8,1,53,1" doraHai="55" doraHaiUra="84" who="2" fromWho="2" sc="242,-22,502,-41,57,95,189,-22" /><INIT seed="6,0,0,4,0,53" ten="220,461,152,167" oya="2" hai0="5,58,91,47,67,6,18,52,68,56,66,19,3" hai1="106,28,21,39,51,130,80,8,2,82,101,133,114" hai2="97,134,123,60,10,27,109,41,9,77,45,65,46" hai3="93,54,43,125,25,86,40,73,112,117,48,62,75"/><V16/><F123/><W104/><G104/><T78/><D68/><U70/><E39/><V92/><F134/><W119/><G125/><T44/><D91/><U124/><E70/><V131/><F77/><W0/><G0/><T24/><D78/><U128/><E124/><V31/><F131/><W15/><G62/><N who="0" m="38231" /><D67/><U115/><E133/><V85/><F85/><W110/><G110/><T88/><D88/><U94/><E106/><V81/><F81/><N who="1" m="31337" /><E51/><V57/><F109/><W4/><G75/><T72/><D3/><U14/><E2/><V79/><F79/><W1/><G1/><T108/><D108/><U36/><E36/><V122/><F122/><W111/><G73/><T12/><D24/><N who="1" m="16399" /><E94/><V35/><F46/><N who="0" m="17450" /><D72/><U116/><E101/><V100/><REACH who="2" step="1"/><F16/><REACH who="2" ten="220,461,142,167" step="2"/><N who="0" m="6186" /><D12/><U121/><E121/><V55/><F55/><W76/><G15/><T23/><D23/><U63/><E128/><V49/><AGARI ba="0,1" hai="9,10,27,31,35,41,45,49,57,60,65,92,97,100" machi="49" ten="20,7800,0" yaku="1,1,0,1,7,1,52,1,53,0" doraHai="53" doraHaiUra="64" who="2" fromWho="2" sc="220,-26,461,-26,142,88,167,-26" /><INIT seed="6,1,0,3,0,47" ten="194,435,230,141" oya="2" hai0="2,129,125,19,105,81,92,8,62,98,127,107,26" hai1="50,76,65,128,71,104,25,34,121,78,69,73,36" hai2="134,86,24,70,37,135,57,14,1,7,48,32,41" hai3="123,23,55,117,113,21,88,83,4,90,54,89,97"/><V49/><F70/><W120/><G117/><T74/><D62/><U17/><E36/><V66/><F1/><W85/><G4/><T93/><D2/><U95/><E104/><N who="0" m="40009" /><D26/><U130/><E121/><V82/><F37/><W114/><G97/><T52/><D19/><U77/><E73/><V68/><F68/><W59/><G123/><T15/><D15/><U58/><E95/><N who="0" m="36425" /><D52/><N who="3" m="20009" /><G120/><T5/><D8/><U80/><E80/><V42/><F24/><W16/><G59/><T103/><D5/><U112/><E58/><V12/><F32/><W40/><G40/><N who="2" m="15465" /><F57/><W11/><G11/><T84/><D129/><U79/><E69/><V122/><F66/><W101/><G101/><T28/><D28/><U75/><E25/><V110/><F110/><W35/><G35/><T63/><D63/><U22/><E65/><V102/><F102/><W131/><G131/><T13/><D13/><N who="2" m="5226" /><F7/><W56/><G56/><T53/><D53/><U27/><E27/><V10/><F10/><W64/><G64/><T20/><D74/><U115/><E75/><V46/><F46/><W39/><G39/><T18/><D103/><U96/><E34/><V132/><F122/><W44/><G44/><T31/><D98/><U124/><E128/><V106/><F106/><W30/><G30/><T67/><D67/><U94/><E130/><V118/><F118/><W43/><G43/><T72/><D72/><U61/><E71/><V119/><F119/><W116/><G116/><T87/><D31/><U91/><E96/><V9/><F9/><W6/><G6/><T0/><D0/><U108/><E108/><RYUUKYOKU ba="1,0" sc="194,-10,435,-10,230,30,141,-10" hai2="48,49,82,86,132,134,135" /><INIT seed="6,2,0,2,5,83" ten="184,425,260,131" oya="2" hai0="50,85,60,57,33,9,112,42,74,58,81,43,49" hai1="14,6,22,124,4,90,27,134,120,36,19,39,66" hai2="82,108,128,41,96,97,35,17,21,98,64,37,133" hai3="40,25,69,114,53,86,29,55,5,2,10,95,87"/><V46/><F35/><W52/><G69/><T8/><D33/><U61/><E134/><V106/><F133/><W15/><G114/><T63/><D74/><U68/><E124/><V89/><F108/><W88/><G40/><T0/><D0/><U135/><E135/><V79/><F128/><W32/><REACH who="3" step="1"/><G87/><REACH who="3" ten="184,425,260,121" step="2"/><T118/><D112/><U54/><E68/><V45/><F41/><W20/><G20/><T91/><D118/><U84/><E22/><V47/><F21/><W113/><G113/><T24/><D24/><U109/><E27/><V72/><F72/><W99/><G99/><T73/><D73/><U125/><E84/><V132/><F132/><W65/><G65/><N who="0" m="39055" /><D43/><U56/><E109/><V48/><F98/><W101/><G101/><T102/><D102/><U13/><E66/><V38/><F96/><W70/><G70/><T44/><D49/><U3/><E39/><V34/><F97/><W94/><G94/><T62/><D62/><U126/><E36/><V18/><F48/><W103/><G103/><T26/><D26/><U107/><E61/><V76/><F37/><W1/><AGARI ba="2,1" hai="1,2,5,10,15,25,29,32,52,53,55,86,88,95" machi="1" ten="30,8000,1" yaku="1,1,0,1,52,1,54,2,53,0" doraHai="83" doraHaiUra="100" who="3" fromWho="3" sc="184,-22,425,-22,260,-42,121,96" /><INIT seed="7,0,0,0,4,27" ten="162,403,218,217" oya="3" hai0="12,74,108,81,8,115,2,101,48,34,24,106,35" hai1="3,117,109,80,28,22,38,43,6,49,23,127,116" hai2="57,4,134,26,45,83,39,51,9,121,11,33,98" hai3="63,25,14,62,13,94,113,133,105,17,92,64,135"/><W128/><G113/><T71/><D108/><U87/><E109/><V66/><F39/><W0/><G0/><T129/><D129/><U65/><E38/><V31/><F121/><W32/><G105/><T84/><D115/><U88/><E65/><V102/><F134/><W86/><G128/><T54/><D71/><U93/><E127/><V131/><F83/><W70/><G63/><T20/><D74/><U110/><E110/><V111/><F111/><W89/><G94/><T97/><D2/><U95/><E22/><V75/><F75/><W126/><G126/><T29/><D54/><U107/><E107/><V52/><F4/><W119/><G119/><T73/><D48/><U5/><E49/><V61/><F131/><W132/><G17/><T19/><REACH who="0" step="1"/><D73/><REACH who="0" ten="152,403,218,217" step="2"/><U58/><E95/><AGARI ba="0,1" hai="9,11,26,31,33,45,51,52,57,61,66,95,98,102" machi="95" ten="30,3900,0" yaku="7,1,52,1,54,1" doraHai="27" who="2" fromWho="1" sc="152,0,403,-39,218,49,217,0" owari="152,-34.8,364,46.4,267,6.7,217,-18.3" /></mjloggm>