<mjloggm ver="2.3"><GO type="169" lobby="0"/><UN n0="%E7%A7%98%E6%89%93%E7%99%BD%E9%B3%A5%E3%81%AE%E6%B9%96" n1="%E7%A5%9E%E3%81%AE%E5%8F%B3%E5%B8%AD" n2="%50%75%52%65" n3="%4D%72%52%41%4D%4F" dan="17,16,16,16" rate="2136.13,2150.40,2137.14,2140.18" sx="M,M,M,M"/><TAIKYOKU oya="0"/><INIT seed="0,0,0,1,0,1" ten="250,250,250,250" oya="0" hai0="117,115,0,18,124,27,39,69,105,122,68,120,42" hai1="48,63,79,107,28,19,78,77,41,53,37,36,52" hai2="14,89,5,74,33,23,108,31,91,22,132,96,135" hai3="111,103,112,118,87,99,133,110,10,15,13,50,8"/><T25/><D115/><U127/><E107/><V102/><F74/><W106/><G112/><T62/><D117/><U113/><E113/><V3/><F3/><W82/><G118/><T130/><D105/><U51/><E28/><V34/><F108/><W128/><G128/><T6/><D130/><U9/><E41/><V92/><F91/><W30/><G133/><N who="2" m="51273" /><F5/><W80/><G30/><T46/><D124/><U85/><E63/><V20/><F14/><W66/><G66/><T60/><D60/><U38/><E85/><N who="2" m="52271" /><F31/><W71/><G80/><T95/><D95/><AGARI ba="0,0" hai="20,22,23,33,34,95,96,102" m="52271,51273" machi="95" ten="30,1000,0" yaku="20,1" doraHai="1" who="2" fromWho="0" sc="250,-10,250,0,250,10,250,0" /><INIT seed="1,0,0,0,0,87" ten="240,250,260,250" oya="1" hai0="36,67,3,100,134,76,27,46,60,109,74,114,24" hai1="92,48,78,64,93,77,99,113,103,5,56,49,18" hai2="51,135,106,91,9,95,13,30,89,86,130,70,23" hai3="128,62,1,68,4,17,98,75,14,34,94,129,110"/><U0/><E113/><V71/><F135/><W35/><G75/><T57/><D114/><U39/><E39/><V133/><F133/><W43/><G110/><T54/><D134/><U85/><E0/><V120/><F120/><W52/><G43/><T111/><D3/><U53/><E5/><V65/><F106/><W58/><G68/><T88/><D100/><U123/><E123/><V116/><F116/><W61/><G61/><T73/><D73/><U124/><E124/><V127/><F130/><N who="3" m="50283" /><G4/><T2/><D2/><U102/><E64/><V32/><F32/><W121/><G1/><T80/><D54/><U25/><E49/><V22/><F127/><W66/><G66/><T84/><D46/><U26/><E18/><V50/><F71/><W122/><G122/><T83/><REACH who="0" step="1"/><D36/><REACH who="0" ten="230,250,260,250" step="2"/><U37/><E37/><V41/><F41/><W40/><G40/><T6/><D6/><U90/><REACH who="1" step="1"/><E103/><REACH who="1" ten="230,240,260,250" step="2"/><V7/><F65/><W105/><G121/><T59/><D59/><U97/><E97/><N who="2" m="57583" /><F70/><W132/><G132/><T38/><D38/><U16/><E16/><V20/><F30/><W28/><G28/><T63/><D63/><U108/><E108/><AGARI ba="0,2" hai="24,27,57,60,67,74,76,80,83,84,88,108,109,111" machi="108" ten="40,8000,1" yaku="1,1,14,1,52,1,54,1,53,0" doraHai="87" doraHaiUra="11" who="0" fromWho="1" sc="230,100,240,-80,260,0,250,0" /><INIT seed="2,0,0,3,0,8" ten="330,160,260,250" oya="2" hai0="13,46,95,79,83,133,56,115,127,71,87,103,51" hai1="132,97,5,38,15,53,82,73,30,68,66,9,85" hai2="107,117,125,36,57,109,81,86,90,89,91,92,26" hai3="72,59,49,119,44,28,69,17,0,80,18,35,111"/><V19/><F117/><W116/><G69/><T121/><D71/><U32/><E38/><V108/><F36/><W104/><G104/><T54/><D121/><U58/><E132/><V60/><F107/><W129/><G0/><T94/><D115/><U113/><E113/><V40/><F40/><W37/><G111/><N who="2" m="42569" /><F125/><W65/><G129/><T135/><D127/><U88/><E73/><V55/><F26/><W78/><G28/><T21/><D103/><U64/><E68/><V10/><F92/><W62/><G35/><T96/><D96/><U114/><E114/><V42/><F42/><W126/><G37/><T50/><D133/><U70/><E70/><V63/><F63/><W67/><G67/><T74/><D74/><U20/><E32/><V102/><F102/><W99/><G99/><T22/><D135/><U16/><E30/><V43/><F43/><W14/><G18/><N who="0" m="10447" /><D22/><U100/><E97/><V2/><F2/><W122/><G122/><T7/><D7/><U84/><E84/><V47/><F47/><W27/><G27/><T23/><D46/><U1/><E100/><V33/><F33/><W48/><G126/><T98/><D23/><U29/><E29/><V75/><F75/><W123/><G123/><T134/><D134/><U41/><E41/><V4/><F4/><W3/><G3/><T118/><D118/><N who="3" m="45097" /><G44/><N who="0" m="27975" /><D98/><U34/><E34/><V24/><F24/><W130/><G130/><T124/><D124/><U120/><E120/><V112/><F112/><W52/><G48/><AGARI ba="0,0" hai="1,5,9,15,16,20,48,53,58,64,66,82,85,88" machi="48" ten="30,7700,0" yaku="7,1,52,1,54,2" doraHai="8" who="1" fromWho="3" sc="330,0,160,77,260,0,250,-77" /><INIT seed="3,0,0,5,4,100" ten="330,237,260,173" oya="3" hai0="77,109,6,30,131,19,31,97,118,102,78,32,86" hai1="108,27,3,81,0,90,51,101,68,55,89,133,13" hai2="106,76,57,5,20,88,127,119,38,132,14,103,22" hai3="4,111,12,25,15,65,21,36,124,126,122,74,46"/><W123/><G74/><T116/><D109/><U66/><E108/><V53/><F119/><W60/><G111/><T45/><D131/><U112/><E112/><V105/><F38/><W98/><G98/><T71/><D71/><U130/><E130/><V58/><F76/><W114/><G46/><T115/><D115/><U120/><E120/><V107/><F103/><W62/><G36/><T128/><D128/><U47/><E133/><V113/><F113/><W7/><G114/><T1/><D19/><U84/><E101/><V10/><F132/><W8/><G21/><T26/><D31/><U96/><E27/><V94/><F127/><W23/><G23/><T50/><D6/><U69/><E68/><V79/><F79/><W110/><G110/><T121/><D1/><U18/><E66/><V135/><F58/><W34/><G25/><T16/><D16/><U56/><E69/><V41/><F41/><W61/><G65/><T83/><D77/><U117/><E56/><V39/><F39/><W82/><G82/><T2/><D2/><U33/><E33/><V43/><F43/><W42/><G42/><T75/><D75/><U52/><E55/><V104/><N who="2" m="26624" /><DORA hai="129" /><V72/><F72/><W87/><G87/><T92/><D121/><N who="3" m="46089" /><G34/><T29/><D29/><U17/><E117/><V99/><REACH who="2" step="1"/><F135/><REACH who="2" ten="330,237,250,173" step="2"/><W125/><G4/><T134/><D134/><U64/><E64/><V85/><F85/><W80/><G80/><T49/><D45/><U48/><E47/><V9/><F9/><W37/><G37/><T95/><D118/><U63/><E81/><V44/><F44/><RYUUKYOKU ba="0,1" sc="330,-15,237,-15,250,15,173,15" hai2="5,10,14,20,22,53,57,88,94,99" hai3="7,8,12,15,60,61,62,124,125,126" /><INIT seed="3,1,1,5,2,101" ten="315,222,265,188" oya="3" hai0="23,56,33,126,76,15,105,50,1,134,124,27,128" hai1="61,17,51,90,78,5,116,67,94,54,109,37,107" hai2="29,22,53,113,74,59,42,16,70,26,73,20,41" hai3="48,98,103,31,65,85,28,121,9,40,120,52,45"/><W118/><G118/><T97/><D1/><U35/><E37/><V79/><F70/><W93/><G65/><T2/><D2/><U84/><E35/><V129/><F113/><W44/><G120/><T38/><D38/><U68/><E116/><V102/><F102/><W3/><G121/><T117/><D117/><U63/><E109/><V92/><F92/><W108/><G108/><T91/><D76/><U132/><E132/><V89/><F89/><W12/><G3/><T122/><D122/><U4/><E107/><V11/><F11/><W25/><G85/><T71/><D71/><U104/><E104/><V43/><F79/><W81/><G81/><T114/><D134/><U13/><E63/><V14/><REACH who="2" step="1"/><F129/><REACH who="2" ten="315,222,255,188" step="2"/><W87/><G87/><T39/><D91/><U47/><E78/><V130/><F130/><W8/><G8/><AGARI ba="1,2" hai="4,5,8,13,17,47,51,54,61,67,68,84,90,94" machi="8" ten="30,1000,0" yaku="7,1" doraHai="101" who="1" fromWho="3" sc="315,0,222,33,255,0,188,-13" /><INIT seed="4,0,0,1,1,119" ten="315,255,255,175" oya="0" hai0="101,52,121,92,35,15,81,90,48,60,83,114,110" hai1="23,129,73,75,100,91,80,56,97,108,42,128,117" hai2="65,107,58,105,22,132,71,19,82,63,7,39,134" hai3="102,126,27,38,85,0,131,53,66,84,47,61,113"/><T87/><D35/><U57/><E42/><V31/><F39/><W72/><G0/><T4/><D114/><U93/><E23/><V98/><F31/><W29/><G72/><N who="1" m="27722" /><E57/><V16/><F7/><W2/><G2/><T109/><D121/><U89/><E56/><V96/><F82/><W133/><G113/><T68/><D60/><U95/><E108/><N who="0" m="41577" /><D101/><U122/><E117/><V41/><F41/><W34/><G131/><N who="1" m="50250" /><E80/><V127/><F58/><W44/><G44/><N who="0" m="27655" /><D68/><U32/><E32/><V103/><F71/><W120/><G34/><T86/><D4/><U78/><E78/><V12/><F63/><W49/><G61/><T10/><D10/><U45/><E45/><V30/><F65/><W111/><G47/><T64/><D64/><U43/><E43/><V25/><F103/><W124/><G102/><T17/><D15/><U9/><E9/><V55/><F12/><W5/><G5/><T28/><D28/><U6/><E6/><V46/><F30/><W116/><G66/><T62/><D62/><U36/><E36/><V8/><F8/><W106/><G38/><T123/><D17/><U18/><E18/><V74/><F19/><W130/><G29/><T135/><D81/><U21/><E21/><V40/><F40/><W67/><G67/><T70/><D70/><U3/><E3/><V112/><F16/><W59/><G130/><T51/><D51/><U115/><E115/><V79/><F112/><W118/><G118/><T50/><D50/><U20/><E20/><V77/><F22/><W24/><G116/><T76/><D83/><U14/><E14/><RYUUKYOKU ba="0,0" sc="315,0,255,0,255,0,175,0" /><INIT seed="5,1,0,5,0,132" ten="315,255,255,175" oya="1" hai0="54,131,120,73,129,80,36,135,69,128,112,79,24" hai1="15,17,1,21,101,38,62,5,70,130,7,114,51" hai2="19,106,82,88,63,72,93,56,96,124,18,84,99" hai3="61,87,133,107,40,95,12,4,39,92,77,45,125"/><U113/><E38/><V116/><F116/><W25/><G107/><T111/><D111/><U67/><E130/><V71/><F71/><W65/><G133/><T14/><D135/><U59/><E101/><V97/><F124/><W83/><G25/><T37/><D112/><N who="1" m="43115" /><E1/><V115/><F115/><W10/><REACH who="3" step="1"/><G125/><REACH who="3" ten="315,255,255,165" step="2"/><T8/><D24/><U102/><E102/><V68/><F106/><W22/><G22/><T94/><D129/><U81/><E81/><V104/><F104/><W75/><G75/><T86/><D73/><U119/><E119/><V117/><F117/><W121/><G121/><T108/><D80/><U41/><E70/><AGARI ba="1,1" hai="4,10,12,39,40,45,61,65,70,77,83,87,92,95" machi="70" ten="30,2000,0" yaku="1,1,7,1,53,0" doraHai="132" doraHaiUra="122" who="3" fromWho="1" sc="315,0,255,-23,255,0,165,33" /><INIT seed="6,0,0,3,1,76" ten="315,232,255,198" oya="2" hai0="77,62,27,13,102,53,125,5,49,57,2,14,94" hai1="40,100,86,15,22,98,9,84,46,97,67,61,32" hai2="115,129,60,65,56,31,82,131,4,0,69,26,75" hai3="90,70,20,30,42,28,34,39,16,89,58,83,126"/><V79/><F56/><W59/><G70/><T1/><D125/><U135/><E32/><V78/><F115/><W24/><G126/><T43/><D77/><U66/><E22/><V119/><F119/><W50/><G39/><T109/><D109/><U95/><E135/><V111/><F111/><W101/><G101/><T10/><D2/><U8/><E98/><V11/><REACH who="2" step="1"/><F79/><REACH who="2" ten="315,232,245,198" step="2"/><W17/><G59/><T74/><D57/><U134/><E134/><V88/><F88/><W38/><G89/><T68/><D68/><U124/><E124/><V92/><F92/><W114/><G114/><T99/><D94/><U3/><E95/><V123/><F123/><W81/><G90/><T71/><D71/><U93/><E93/><V33/><AGARI ba="0,1" hai="0,4,11,26,31,33,60,65,69,75,78,82,129,131" machi="33" ten="30,18000,2" yaku="1,1,0,1,23,2,52,1,53,1" doraHai="76" doraHaiUra="29" who="2" fromWho="2" sc="315,-60,232,-60,245,190,198,-60" /><INIT seed="6,1,0,4,1,9" ten="255,172,435,138" oya="2" hai0="24,27,6,132,57,8,53,77,23,116,98,52,88" hai1="36,97,73,101,66,119,70,74,12,44,112,90,62" hai2="128,18,81,30,92,59,25,48,72,46,1,43,39" hai3="7,4,19,124,129,135,71,58,100,65,26,91,80"/><V42/><F128/><W68/><G129/><T79/><D132/><U20/><E119/><V78/><F18/><W95/><G135/><T133/><D133/><U111/><E111/><V45/><F92/><W126/><G100/><T40/><D40/><U60/><E112/><V16/><F16/><W2/><G80/><T102/><D53/><U14/><E90/><V115/><F115/><W29/><G19/><T33/><D33/><U34/><E34/><V93/><F93/><W84/><G58/><T121/><D27/><U109/><E20/><V38/><F59/><W15/><G2/><T55/><D55/><U22/><E22/><V56/><F56/><W63/><G68/><T87/><D121/><U32/><E62/><V51/><F1/><W31/><G31/><T41/><D41/><U99/><E99/><V28/><F28/><W107/><G107/><T123/><D123/><U104/><E109/><V120/><F120/><W108/><G108/><T125/><D23/><AGARI ba="1,0" hai="23,25,30,38,39,42,43,45,46,48,51,72,78,81" machi="23" ten="30,2900,0" yaku="7,1,9,1" doraHai="9" who="2" fromWho="0" sc="255,-32,172,0,435,32,138,0" /><INIT seed="6,2,0,3,4,131" ten="223,172,467,138" oya="2" hai0="123,65,108,92,13,129,102,84,57,133,6,118,53" hai1="111,89,16,107,5,86,110,67,56,15,85,66,100" hai2="76,74,35,60,94,32,101,17,52,41,37,11,43" hai3="2,44,120,26,3,50,1,72,46,55,33,70,109"/><V125/><F74/><W54/><G109/><T127/><D123/><U130/><E130/><V124/><F76/><W51/><G120/><T48/><D108/><U40/><E107/><V112/><F101/><W116/><G72/><T9/><D129/><U38/><E5/><V4/><F94/><W80/><G70/><T8/><D127/><U69/><E69/><V14/><F112/><W19/><G80/><T49/><D118/><U119/><E100/><V117/><F117/><W27/><G116/><T79/><D65/><U31/><E119/><V87/><F87/><W113/><G33/><T63/><D9/><U23/><E31/><V28/><F37/><W68/><G68/><T61/><D61/><U97/><E97/><V75/><F75/><W29/><G29/><T83/><D133/><U78/><E78/><V62/><F17/><W104/><G104/><T30/><D30/><U71/><E71/><V12/><F52/><W47/><G113/><T18/><D18/><U122/><E122/><V58/><F58/><W103/><G103/><T121/><D121/><U96/><E96/><AGARI ba="2,0" hai="6,8,13,48,49,53,57,63,79,83,84,92,96,102" machi="96" ten="40,1300,0" yaku="8,1" doraHai="131" who="0" fromWho="1" sc="223,19,172,-19,467,0,138,0" /><INIT seed="7,0,0,4,5,42" ten="242,153,467,138" oya="3" hai0="5,114,121,86,120,129,63,20,91,131,84,11,78" hai1="98,94,67,62,96,75,113,118,14,2,66,26,123" hai2="65,37,132,34,49,77,76,18,32,16,54,68,17" hai3="33,79,97,89,46,104,81,35,106,9,105,117,6"/><W13/><G117/><T44/><D114/><U55/><E2/><V85/><F37/><W64/><G64/><N who="1" m="24618" /><E75/><V0/><F132/><W47/><G89/><T48/><D63/><U88/><E123/><V115/><F115/><W52/><G97/><T31/><D78/><U126/><E113/><V61/><F0/><W134/><G134/><T72/><D72/><U27/><E126/><V99/><F99/><W43/><G43/><T19/><D31/><U90/><E118/><V116/><F116/><W93/><G93/><T130/><D11/><U71/><E71/><V12/><F12/><W112/><G112/><T103/><D5/><U56/><E14/><V28/><F28/><W50/><REACH who="3" step="1"/><G47/><REACH who="3" ten="242,153,467,128" step="2"/><T119/><D119/><U124/><E124/><V102/><F102/><W38/><G38/><T30/><D103/><U69/><E69/><V23/><F77/><W100/><G100/><T101/><D101/><U135/><E135/><V92/><F92/><AGARI ba="0,1" hai="26,27,55,56,62,88,90,92,94,96,98" m="24618" machi="92" ten="30,2000,0" yaku="8,1,54,1" doraHai="42" who="1" fromWho="2" sc="242,0,153,30,467,-20,128,0" owari="242,4.2,183,-21.7,447,54.7,128,-37.2" /></mjloggm>