<mjloggm ver="2.3"><GO type="169" lobby="0"/><UN n0="%41%75%73%74%75%72%38" n1="%44%61%6C%69" n2="%E7%A8%B2%E5%A6%BB%E3%81%A1%E3%82%83%E3%81%A3%E3%81%B4%E3%83%BC" n3="%E3%81%93%E3%81%AB" dan="16,17,17,16" rate="2101.78,2188.15,2167.88,2158.53" sx="M,M,M,M"/><TAIKYOKU oya="0"/><INIT seed="0,0,0,3,3,16" ten="250,250,250,250" oya="0" hai0="74,31,24,36,98,118,82,32,127,42,22,13,5" hai1="73,17,62,119,85,66,33,121,124,9,100,113,12" hai2="75,43,0,30,47,11,10,132,34,89,94,95,122" hai3="78,102,20,111,79,7,59,134,64,99,97,120,50"/><T35/><D118/><U4/><E119/><V38/><F122/><W58/><G111/><T101/><D127/><U53/><E121/><V25/><F132/><W29/><G134/><T96/><D96/><U65/><E73/><V63/><F75/><W108/><G108/><T81/><D36/><U23/><E124/><V84/><F0/><W27/><G120/><T128/><D42/><U110/><E110/><V67/><REACH who="2" step="1"/><F94/><REACH who="2" ten="250,250,240,250" step="2"/><W18/><G102/><T14/><D74/><U77/><E113/><V46/><F46/><W6/><G97/><T109/><D109/><U88/><E100/><V69/><AGARI ba="0,1" hai="10,11,25,30,34,38,43,47,63,67,69,84,89,95" machi="69" ten="20,5200,0" yaku="1,1,0,1,7,1,53,1" doraHai="16" doraHaiUra="90" who="2" fromWho="2" sc="250,-26,250,-13,240,62,250,-13" /><INIT seed="1,0,0,0,0,31" ten="224,237,302,237" oya="1" hai0="135,115,98,34,107,118,15,59,86,32,52,50,73" hai1="70,61,131,8,27,57,43,95,25,105,33,63,6" hai2="16,12,48,108,4,28,128,84,19,116,23,22,78" hai3="47,58,24,132,102,129,83,127,38,109,126,119,13"/><U51/><E105/><V117/><F108/><W42/><G102/><T1/><D73/><U113/><E113/><V30/><F128/><W92/><G92/><T44/><D1/><U91/><E131/><V79/><F4/><W80/><G129/><T53/><D115/><U20/><E70/><V75/><F75/><W72/><G109/><T54/><D118/><U29/><E43/><V134/><F134/><W60/><G132/><T56/><D135/><U106/><E106/><V26/><F30/><W112/><G112/><T77/><D59/><U62/><E51/><V49/><F116/><W99/><G99/><T120/><D120/><U41/><E41/><V87/><F117/><W90/><G119/><T121/><D121/><U133/><E133/><V110/><F110/><W68/><G68/><T124/><D124/><U7/><E57/><V21/><F84/><W45/><G45/><T76/><D15/><U85/><REACH who="1" step="1"/><E8/><REACH who="1" ten="224,227,302,237" step="2"/><V37/><F37/><W11/><G126/><T104/><D104/><U40/><E40/><V82/><REACH who="2" step="1"/><F78/><REACH who="2" ten="224,227,292,237" step="2"/><W100/><G38/><T67/><D77/><U114/><E114/><V103/><F103/><W111/><G100/><T10/><D76/><U130/><E130/><V46/><F46/><W36/><G127/><T2/><D44/><U17/><AGARI ba="0,2" hai="6,7,17,20,25,27,29,33,61,62,63,85,91,95" machi="17" ten="30,6000,0" yaku="1,1,0,1,52,1,53,0" doraHai="31" doraHaiUra="122" who="1" fromWho="1" sc="224,-20,227,80,292,-20,237,-20" /><INIT seed="1,1,0,1,0,19" ten="204,307,272,217" oya="1" hai0="61,114,89,133,101,12,116,135,75,84,30,27,130" hai1="31,123,95,68,3,2,113,15,93,16,71,44,40" hai2="17,66,37,125,57,127,72,29,67,97,111,21,64" hai3="129,43,52,90,69,9,10,0,39,85,117,53,108"/><U110/><E113/><V131/><F72/><W115/><G115/><T51/><D114/><U26/><E123/><V38/><F29/><W79/><G108/><T94/><D75/><U49/><E110/><V102/><F111/><W109/><G109/><T23/><D116/><U55/><E68/><V35/><F57/><W1/><G79/><T128/><D101/><U58/><E71/><V103/><F35/><W100/><G100/><N who="2" m="38441" /><F97/><W42/><G69/><T4/><D61/><U22/><E3/><V50/><F50/><W76/><G76/><T25/><D25/><U14/><E2/><V6/><F6/><W78/><G78/><T65/><D65/><U121/><E121/><V106/><F106/><W34/><G39/><T59/><D51/><U96/><E96/><V99/><F99/><W120/><G120/><T126/><D59/><U83/><E83/><V46/><F46/><W132/><G34/><T74/><D74/><U73/><E73/><V45/><F45/><W87/><G117/><T63/><D63/><U7/><E7/><V122/><F122/><W81/><G81/><T119/><D119/><U41/><E15/><N who="2" m="9407" /><F131/><N who="0" m="50218" /><D126/><AGARI ba="1,0" hai="37,38,64,66,67,125,126,127" m="9407,38441" machi="126" ten="30,2000,0" yaku="18,1,52,1" doraHai="19" who="2" fromWho="0" sc="204,-23,307,0,272,23,217,0" /><INIT seed="2,0,0,0,4,125" ten="181,307,295,217" oya="2" hai0="97,11,93,57,24,113,109,103,114,121,99,129,5" hai1="3,9,102,131,110,37,13,89,63,27,72,100,81" hai2="82,23,95,98,130,132,118,64,124,29,33,50,12" hai3="83,62,51,58,26,66,30,42,105,80,31,59,48"/><V111/><F118/><W0/><G0/><T87/><D121/><U61/><E37/><V115/><F115/><W101/><G105/><T84/><D109/><U47/><E3/><V106/><F106/><W119/><G119/><T28/><D57/><U41/><E110/><V34/><F111/><W43/><G101/><T1/><D129/><U133/><E133/><V70/><F124/><W40/><G58/><T74/><D74/><U21/><E131/><V76/><F130/><W49/><REACH who="3" step="1"/><G31/><REACH who="3" ten="181,307,295,207" step="2"/><T53/><D114/><U56/><E100/><V54/><F29/><W79/><G79/><T128/><D113/><U39/><E102/><V96/><F76/><W52/><G52/><T15/><D53/><U120/><E56/><V20/><F54/><W108/><G108/><T2/><D128/><U67/><E120/><V134/><F132/><W17/><G17/><T75/><D1/><U45/><E63/><V104/><F104/><W55/><G55/><T77/><D2/><U126/><E61/><V135/><F134/><W8/><G8/><T91/><D77/><U78/><E78/><V7/><F135/><W117/><G117/><T14/><D103/><U38/><E9/><V19/><F19/><W22/><AGARI ba="0,1" hai="22,26,30,40,42,43,48,49,51,59,62,66,80,83" machi="22" ten="30,4000,0" yaku="1,1,0,1,8,1,53,0" doraHai="125" doraHaiUra="107" who="3" fromWho="3" sc="181,-10,307,-10,295,-20,207,50" /><INIT seed="3,0,0,3,3,30" ten="171,297,275,257" oya="3" hai0="109,38,19,60,42,88,122,91,39,84,58,103,97" hai1="73,44,90,56,33,76,123,49,120,7,51,124,78" hai2="34,94,121,134,9,93,75,119,55,18,68,65,133" hai3="106,112,80,96,57,61,23,11,100,87,71,5,108"/><W15/><G112/><T64/><D122/><U1/><E124/><V132/><F119/><W129/><G129/><T3/><D109/><U77/><E73/><V105/><F121/><W127/><G127/><T74/><D74/><U26/><E1/><V20/><F105/><W35/><G71/><T24/><D3/><U6/><E56/><V83/><F9/><W110/><G23/><T72/><D72/><U53/><E90/><V8/><F8/><W28/><G28/><T43/><D39/><U37/><E37/><V118/><F118/><W117/><G117/><T36/><D36/><U32/><E77/><V48/><F65/><W86/><G35/><T54/><D64/><U135/><E26/><V41/><F41/><W25/><G25/><T107/><D91/><U126/><E126/><V22/><F34/><W79/><REACH who="3" step="1"/><G87/><REACH who="3" ten="171,297,275,247" step="2"/><T116/><D116/><U17/><E120/><V114/><F22/><W69/><G69/><T12/><D24/><U130/><E123/><V52/><F68/><W67/><AGARI ba="0,1" hai="5,11,15,57,61,67,79,80,86,96,100,106,108,110" machi="67" ten="30,3000,0" yaku="1,1,0,1,53,0" doraHai="30" doraHaiUra="45" who="3" fromWho="3" sc="171,-10,297,-10,275,-10,247,40" /><INIT seed="3,1,0,3,1,18" ten="161,287,265,287" oya="3" hai0="116,60,92,89,105,36,10,76,115,54,20,56,104" hai1="113,57,61,30,91,112,125,80,4,29,39,52,49" hai2="132,114,51,14,100,126,41,23,62,84,127,81,67" hai3="50,118,97,109,48,88,31,77,22,73,110,17,45"/><W15/><G118/><T78/><D116/><U70/><E39/><V63/><F114/><W47/><G31/><T75/><D36/><U33/><E125/><N who="2" m="47627" /><F100/><W9/><G77/><T65/><D115/><U124/><E124/><V8/><F132/><W3/><G73/><T121/><D121/><U53/><E112/><V58/><F63/><W38/><G3/><T93/><D93/><U108/><E108/><N who="3" m="41578" /><G9/><T7/><D65/><U90/><E113/><V111/><F111/><W34/><G34/><T66/><D66/><U71/><E4/><V35/><F35/><W74/><G74/><T117/><D117/><U44/><E33/><V122/><F122/><W27/><G27/><T134/><D134/><U87/><REACH who="1" step="1"/><E91/><REACH who="1" ten="161,277,265,287" step="2"/><V16/><F41/><N who="3" m="22711" /><G47/><T46/><D46/><U0/><E0/><V79/><F51/><W2/><G2/><T85/><D85/><U69/><AGARI ba="1,1" hai="29,30,44,49,52,53,57,61,69,70,71,80,87,90" machi="69" ten="30,4000,0" yaku="1,1,0,1,54,1,53,0" doraHai="18" doraHaiUra="99" who="1" fromWho="1" sc="161,-11,277,53,265,-11,287,-21" /><INIT seed="4,0,0,1,5,92" ten="150,330,254,266" oya="0" hai0="109,74,55,66,27,7,108,90,53,16,88,49,71" hai1="89,42,77,30,57,58,21,69,31,113,99,1,122" hai2="96,80,29,114,24,124,13,135,8,116,73,9,117" hai3="111,4,91,2,54,130,106,19,131,56,67,65,97"/><T123/><D123/><U134/><E69/><V104/><F114/><W129/><G111/><N who="0" m="42571" /><D74/><U47/><E1/><V0/><F124/><W87/><G19/><T76/><D76/><U63/><E134/><V126/><F126/><W40/><G40/><T81/><D7/><U35/><E35/><V105/><F135/><W115/><G115/><T100/><D100/><U95/><E122/><V121/><F121/><W103/><G4/><T28/><D55/><U102/><E77/><V85/><F73/><W133/><G2/><T61/><D81/><U38/><E113/><V10/><F0/><W94/><REACH who="3" step="1"/><G133/><REACH who="3" ten="150,330,254,256" step="2"/><T11/><D16/><U26/><E31/><V86/><F29/><W132/><G132/><T17/><D17/><U83/><E63/><AGARI ba="0,1" hai="54,56,63,65,67,87,91,94,97,103,106,129,130,131" machi="63" ten="40,5200,0" yaku="1,1,19,1,52,1,53,0" doraHai="92" doraHaiUra="120" who="3" fromWho="1" sc="150,0,330,-52,254,0,256,62" /><INIT seed="5,0,0,4,4,55" ten="150,278,254,318" oya="1" hai0="90,80,1,2,105,129,49,43,122,21,62,68,81" hai1="54,46,51,50,29,119,91,112,64,75,25,116,57" hai2="15,83,97,121,34,76,11,18,66,13,87,44,88" hai3="77,118,48,71,47,39,10,110,42,111,27,135,63"/><U69/><E75/><V114/><F121/><W38/><G77/><T73/><D122/><U92/><E112/><V31/><F114/><W117/><G27/><T33/><D33/><U131/><E131/><V115/><F115/><W134/><G10/><T125/><D105/><U107/><E107/><V72/><F97/><W30/><G30/><T65/><D125/><U61/><E51/><V16/><F66/><N who="3" m="41439" /><G48/><T32/><D32/><U14/><E14/><V100/><F100/><W37/><G37/><T126/><D126/><U106/><E106/><V127/><F127/><W0/><G38/><T58/><D129/><U102/><E102/><V45/><F31/><W41/><G42/><T95/><D21/><U132/><E132/><N who="3" m="50730" /><G0/><T22/><D22/><U6/><E6/><V4/><F34/><W124/><G124/><T130/><D130/><U12/><E12/><V85/><F72/><W123/><G123/><T94/><D73/><U53/><E53/><V96/><F96/><W7/><G7/><T60/><D1/><U40/><E25/><V84/><F4/><W36/><G36/><T101/><D2/><U99/><E29/><V3/><F3/><W52/><G52/><T20/><D43/><U109/><E109/><AGARI ba="0,0" hai="39,41,47,109,110,111,117,118" m="50730,41439" machi="109" ten="30,7700,0" yaku="20,1,23,1,34,2" doraHai="55" who="3" fromWho="1" sc="150,0,278,-77,254,0,318,77" /><INIT seed="6,0,0,3,0,58" ten="150,201,254,395" oya="2" hai0="12,28,99,135,79,112,78,110,86,125,118,56,93" hai1="38,60,1,50,130,64,89,35,21,122,107,113,18" hai2="121,66,10,127,94,111,70,62,2,22,24,43,20" hai3="4,54,6,16,7,57,77,117,48,65,3,84,123"/><V105/><F121/><W40/><G117/><T34/><D110/><U13/><E35/><V97/><F111/><W33/><G33/><T87/><D34/><U68/><E38/><V103/><F127/><W37/><G37/><T92/><D28/><U5/><E122/><V133/><F133/><W90/><G123/><T30/><D30/><U9/><E107/><V72/><F72/><W75/><G75/><T124/><D56/><U61/><E113/><V106/><F43/><W45/><G77/><N who="0" m="29195" /><D12/><U0/><E130/><V95/><F22/><W104/><G104/><T39/><D39/><U55/><E89/><V36/><F36/><W31/><G31/><T49/><D49/><U102/><E102/><V82/><F82/><W81/><G65/><T53/><D53/><U11/><E61/><V26/><F26/><W85/><G85/><N who="0" m="32267" /><D112/><U96/><E96/><V63/><F105/><W29/><G29/><T120/><D120/><U115/><E115/><V126/><F126/><N who="0" m="48746" /><D135/><U23/><REACH who="1" step="1"/><E1/><REACH who="1" ten="150,191,254,395" step="2"/><V69/><F2/><W74/><G3/><T67/><D67/><U128/><E128/><V129/><F129/><W71/><G48/><T47/><D47/><AGARI ba="0,1" hai="0,5,9,11,13,18,21,23,47,50,55,60,64,68" machi="47" ten="30,3900,0" yaku="1,1,7,1,52,1,53,0" doraHai="58" doraHaiUra="108" who="1" fromWho="0" sc="150,-39,191,49,254,0,395,0" /><INIT seed="7,0,0,0,3,101" ten="111,240,254,395" oya="3" hai0="58,16,134,133,111,92,20,42,83,127,95,91,21" hai1="7,40,97,57,63,86,39,108,33,45,41,106,14" hai2="31,10,82,53,79,78,17,73,109,61,81,49,112" hai3="93,55,4,68,107,56,25,129,104,66,35,77,28"/><W23/><G77/><T69/><D69/><U123/><E33/><V26/><F109/><W43/><G43/><T80/><D42/><U9/><E108/><V60/><F112/><W19/><G4/><T11/><D111/><U105/><E123/><V70/><F17/><W67/><G129/><T118/><D58/><U38/><E97/><V37/><F10/><W116/><G116/><T75/><D11/><U126/><E126/><V130/><F37/><W103/><G68/><T27/><D27/><U102/><E102/><V122/><F130/><W5/><G5/><T128/><D128/><U47/><E86/><V32/><F70/><W100/><G100/><T88/><D118/><U98/><E98/><V22/><F32/><W135/><G135/><T117/><D117/><U6/><E7/><V71/><F71/><W114/><G66/><AGARI ba="0,0" hai="6,9,14,38,39,40,41,45,47,57,63,66,105,106" machi="66" ten="30,7700,0" yaku="7,1,9,1,52,2" doraHai="101" who="1" fromWho="3" sc="111,0,240,77,254,0,395,-77" owari="111,-38.9,317,11.7,254,-14.6,318,41.8" /></mjloggm>