<mjloggm ver="2.3"><GO type="169" lobby="0"/><UN n0="%E5%8F%B3%E8%84%B3%E8%A9%B0%E3%82%81" n1="%E3%82%AB%E3%82%AA%E3%82%B9%E3%81%8C%E6%A5%B5%E3%81%BE%E3%82%8B" n2="%E7%91%9E%E5%8E%9F%E3%83%B4%E3%82%A1%E3%82%AE%E3%83%8A" n3="%E3%83%8A%E3%82%AB%E3%81%AB%E3%81%97" dan="17,17,16,17" rate="2214.80,2119.80,2052.66,2250.02" sx="M,M,M,M"/><TAIKYOKU oya="0"/><INIT seed="0,0,0,2,0,66" ten="250,250,250,250" oya="0" hai0="120,30,98,6,129,91,28,108,8,114,77,80,51" hai1="85,56,115,96,65,106,58,15,47,107,44,1,22" hai2="23,73,13,93,16,64,121,38,43,46,123,9,32" hai3="0,45,87,67,29,133,78,109,24,4,37,89,99"/><T124/><D114/><U131/><E115/><V59/><F32/><W27/><G109/><T5/><D120/><U34/><E34/><V70/><F73/><W110/><G110/><T69/><D108/><U72/><E72/><V33/><F33/><W101/><G133/><T54/><D124/><U35/><E35/><V94/><F59/><W10/><G78/><T20/><D129/><U122/><E1/><V2/><F2/><W134/><G134/><T125/><D69/><U40/><E85/><V95/><REACH who="2" step="1"/><F23/><REACH who="2" ten="250,250,240,250" step="2"/><W90/><G0/><T119/><D20/><U17/><E58/><V132/><F132/><W111/><G111/><T39/><D125/><U105/><E56/><V74/><F74/><W100/><G45/><T76/><D119/><U49/><E44/><V127/><F127/><W68/><G68/><T62/><D62/><AGARI ba="0,1" hai="9,13,16,38,43,46,62,64,70,93,94,95,121,123" machi="62" ten="40,8000,1" yaku="1,1,52,1,54,1,53,1" doraHai="66" doraHaiUra="36" who="2" fromWho="0" sc="250,-80,250,0,240,90,250,0" /><INIT seed="1,0,0,5,5,44" ten="170,250,330,250" oya="1" hai0="39,92,77,67,93,9,71,61,97,55,32,33,95" hai1="49,79,6,105,72,113,54,122,8,22,16,82,57" hai2="102,69,100,51,25,87,19,40,47,37,134,114,104" hai3="24,75,65,29,58,36,62,66,27,70,85,94,7"/><U117/><E113/><V91/><F69/><W38/><G75/><T84/><D39/><U28/><E117/><V56/><F114/><W18/><G7/><T80/><D97/><U118/><E118/><V14/><F104/><W78/><G66/><T106/><D106/><U31/><E105/><V48/><F25/><W116/><G116/><T12/><REACH who="0" step="1"/><D55/><REACH who="0" ten="160,250,330,250" step="2"/><U74/><E122/><V101/><F134/><W46/><G36/><T86/><D86/><U131/><E74/><V60/><F37/><W133/><G85/><T50/><D50/><U103/><E103/><V68/><F51/><W42/><G38/><T110/><D110/><U63/><E63/><V1/><F101/><W123/><G133/><T115/><D115/><U107/><E107/><V41/><F102/><W108/><G123/><T30/><D30/><U64/><E64/><V73/><F100/><W112/><G29/><T119/><D119/><U98/><E98/><V126/><F73/><W2/><G108/><T121/><D121/><U88/><E131/><V89/><F87/><W81/><G112/><T99/><D99/><U43/><E43/><V125/><F41/><W11/><G42/><T35/><D35/><U34/><E34/><V127/><F60/><W23/><G65/><T4/><AGARI ba="0,1" hai="4,9,12,32,33,61,67,71,77,80,84,92,93,95" machi="4" ten="30,2000,0" yaku="1,1,0,1,53,0" doraHai="44" doraHaiUra="128" who="0" fromWho="0" sc="160,30,250,-10,330,-5,250,-5" /><INIT seed="2,0,0,2,5,23" ten="190,240,325,245" oya="2" hai0="26,21,132,67,56,108,69,37,48,80,44,125,70" hai1="20,11,88,79,8,133,43,2,38,123,99,73,135" hai2="29,122,82,129,119,33,5,65,71,31,45,112,102" hai3="75,130,18,22,0,90,111,95,35,40,84,104,109"/><V27/><F112/><W13/><G75/><T126/><D108/><N who="3" m="41545" /><G104/><T131/><D131/><U96/><E123/><V118/><F122/><W3/><G130/><T28/><D132/><U103/><E103/><V78/><F129/><W127/><G127/><N who="0" m="48651" /><D37/><U115/><E115/><V74/><F5/><W86/><G40/><N who="0" m="24583" /><D80/><U81/><E11/><V98/><F45/><W14/><G35/><T72/><D72/><U63/><E63/><AGARI ba="0,0" hai="21,26,28,56,63,67,69,70" m="24583,48651" machi="63" ten="30,2000,0" yaku="18,1,52,1" doraHai="23" who="0" fromWho="1" sc="190,20,240,-20,325,0,245,0" /><INIT seed="3,0,0,2,0,99" ten="210,220,325,245" oya="3" hai0="116,91,95,105,118,29,78,84,96,6,76,7,49" hai1="12,51,70,3,72,63,25,10,50,109,111,134,60" hai2="45,122,47,115,27,42,88,86,1,125,102,85,22" hai3="89,20,56,23,90,36,13,54,77,73,16,128,9"/><W31/><G128/><T40/><D29/><U26/><E72/><V82/><F115/><W8/><G36/><T69/><D69/><U61/><E70/><V19/><F1/><W108/><G73/><T17/><D40/><U41/><E3/><V104/><F125/><W71/><G77/><T67/><D67/><U133/><E12/><V59/><F122/><W93/><G71/><T92/><D49/><N who="1" m="18443" /><E41/><V30/><F42/><W62/><G108/><N who="1" m="41546" /><E10/><V24/><F59/><W119/><G89/><T81/><D17/><U2/><E2/><V48/><F48/><W120/><G119/><T112/><D112/><U4/><E4/><V107/><F86/><W117/><G117/><N who="0" m="45163" /><D7/><U110/><N who="1" m="41554" /><U39/><DORA hai="75" /><E39/><V132/><F132/><AGARI ba="0,0" hai="25,26,60,61,63,132,133,134" m="41554,18443" machi="132" ten="50,8000,1" yaku="28,2,20,1,14,1" doraHai="99,75" who="1" fromWho="2" sc="210,0,220,80,325,-80,245,0" /><INIT seed="4,0,0,0,0,124" ten="210,300,245,245" oya="0" hai0="135,54,61,90,52,105,64,99,41,92,121,46,115" hai1="119,44,1,122,73,36,12,91,112,9,74,83,113" hai2="55,17,133,38,32,3,34,104,28,89,56,5,87" hai3="120,69,131,102,117,114,57,106,86,103,110,96,81"/><T76/><D121/><U59/><E119/><V51/><F133/><W50/><G69/><T15/><D135/><U49/><E122/><V95/><F104/><W101/><G120/><T127/><D127/><U65/><E1/><V71/><F71/><W116/><G50/><T23/><D115/><N who="1" m="44107" /><E36/><V33/><F38/><W98/><G57/><N who="0" m="36911" /><D105/><U4/><E65/><V128/><F17/><W111/><G114/><T39/><D39/><U26/><E26/><V94/><F3/><W45/><G45/><T35/><D35/><U11/><E11/><V123/><F5/><W118/><G131/><T108/><D76/><U130/><E130/><V31/><F123/><W100/><REACH who="3" step="1"/><G98/><REACH who="3" ten="210,300,245,235" step="2"/><T88/><D108/><U79/><E59/><V8/><F128/><W13/><G13/><T53/><D41/><N who="1" m="24719" /><E91/><AGARI ba="0,1" hai="81,86,91,96,100,101,102,103,106,110,111,116,117,118" machi="91" ten="50,8000,1" yaku="1,1,34,3,53,0" doraHai="124" doraHaiUra="43" who="3" fromWho="1" sc="210,0,300,-80,245,0,235,90" /><INIT seed="5,0,0,1,1,8" ten="210,220,245,325" oya="1" hai0="30,93,65,5,54,41,1,12,43,21,83,50,97" hai1="133,23,29,120,33,61,77,47,127,62,37,58,95" hai2="94,17,114,18,106,63,119,92,113,25,20,91,110" hai3="72,16,15,102,51,81,87,40,116,88,26,90,135"/><U3/><E120/><V38/><F110/><W67/><G135/><T134/><D134/><U56/><E133/><V104/><F119/><W46/><G72/><T66/><D83/><U68/><E3/><V34/><F38/><W2/><G2/><T115/><D1/><U39/><E33/><V101/><F101/><W6/><G116/><T11/><D115/><N who="2" m="44042" /><F34/><W76/><G102/><T60/><D21/><U59/><E77/><V13/><F63/><W9/><G67/><T132/><D30/><U24/><E127/><V128/><F128/><W126/><G126/><T131/><D131/><U32/><E32/><V108/><F108/><W22/><AGARI ba="0,0" hai="6,9,15,16,22,26,40,46,51,76,81,87,88,90" machi="22" ten="30,12000,2" yaku="0,1,25,2,8,1,52,1,54,2" doraHai="8" who="3" fromWho="3" sc="210,-30,220,-60,245,-30,325,120" /><INIT seed="6,0,0,5,1,87" ten="180,160,215,445" oya="2" hai0="107,30,19,124,12,15,27,68,129,26,77,7,122" hai1="48,55,109,121,100,2,21,61,76,135,69,133,42" hai2="41,111,81,14,108,59,88,95,43,32,65,64,106" hai3="127,94,119,63,45,110,52,89,112,91,56,103,78"/><V99/><F32/><W54/><G110/><N who="2" m="42025" /><F106/><W105/><G105/><T11/><D68/><U35/><E109/><V39/><F39/><W72/><G119/><T5/><D77/><U58/><E35/><V24/><F24/><W62/><G127/><T0/><D107/><U17/><E2/><V23/><F81/><W80/><G112/><T3/><D124/><U92/><E76/><V71/><F71/><W83/><G83/><T123/><D129/><U90/><E100/><V38/><F38/><W53/><G45/><T84/><D84/><N who="1" m="52295" /><E121/><V31/><F31/><W98/><REACH who="3" step="1"/><G63/><REACH who="3" ten="180,160,215,435" step="2"/><T1/><D122/><U47/><E133/><V34/><F34/><W8/><G8/><N who="0" m="6535" /><D123/><U116/><E135/><V126/><F126/><W125/><G125/><T93/><D93/><U86/><E116/><V13/><F23/><W74/><G74/><T6/><D27/><N who="1" m="14767" /><E69/><V57/><F43/><W96/><G96/><T60/><D60/><U134/><E134/><V132/><F41/><W25/><G25/><T16/><D26/><U67/><E86/><V85/><F85/><W79/><G79/><T128/><D128/><U131/><E131/><V44/><F132/><W9/><G9/><T22/><D11/><U130/><E130/><V75/><F75/><W114/><G114/><T49/><D30/><U46/><E47/><V101/><F44/><W118/><G118/><T82/><D82/><U117/><E117/><V18/><F99/><W10/><G10/><T120/><D120/><U73/><E73/><V20/><F95/><W66/><AGARI ba="0,1" hai="52,53,54,56,62,66,72,78,80,89,91,94,98,103" machi="66" ten="30,8000,1" yaku="1,1,0,1,52,2,54,1,53,0" doraHai="87" doraHaiUra="113" who="3" fromWho="3" sc="180,-20,160,-20,215,-40,435,90" /><INIT seed="7,0,0,1,5,122" ten="160,140,175,525" oya="3" hai0="121,25,83,108,119,71,60,42,63,101,10,44,23" hai1="59,114,41,89,102,67,96,129,130,88,30,48,17" hai2="53,9,93,14,38,105,79,65,78,111,31,128,126" hai3="85,16,64,113,120,29,106,32,56,70,112,123,20"/><W35/><G106/><T91/><D108/><U69/><E114/><N who="3" m="44138" /><G70/><T52/><D119/><U109/><E109/><V81/><F79/><W54/><G64/><T37/><D121/><N who="3" m="46665" /><G29/><T15/><D101/><U8/><E30/><V36/><F14/><N who="3" m="9239" /><G85/><T87/><D71/><U86/><E69/><V132/><F65/><W55/><G55/><T77/><D52/><N who="1" m="32135" /><E67/><V84/><F84/><W4/><G4/><T46/><D87/><U82/><E41/><V33/><F105/><W13/><G13/><T118/><D42/><U104/><E17/><V95/><F31/><W24/><G24/><T39/><D118/><U97/><E97/><V45/><F53/><W47/><G47/><T7/><D46/><U72/><E72/><V73/><F45/><W103/><G103/><T99/><D44/><U124/><E124/><V116/><F73/><W22/><G22/><T98/><D98/><U131/><E8/><V68/><F9/><W127/><G127/><T75/><D23/><U80/><E89/><V62/><F126/><W43/><G43/><T92/><D25/><U115/><E115/><V1/><F68/><W117/><G117/><T34/><D34/><U125/><E125/><V76/><F33/><W134/><G134/><T19/><D19/><U90/><E90/><V3/><F132/><W94/><G94/><AGARI ba="0,0" hai="80,82,86,88,94,96,102,104,129,130,131" m="32135" machi="94" ten="30,3900,0" yaku="19,1,54,2" doraHai="122" who="1" fromWho="3" sc="160,0,140,39,175,0,525,-39" owari="160,-34.0,179,-2.1,175,-22.5,486,58.6" /></mjloggm>