<mjloggm ver="2.3"><GO type="169" lobby="0"/><UN n0="%E7%88%86%E5%BC%BE%E4%BA%94%E9%83%8E%EF%BC%92" n1="%73%69%65%72%61%34%30%31" n2="%E9%A2%A8%E3%81%A7%E9%B3%B4%E3%81%8F" n3="%E4%B8%80%E8%93%AE%E5%B3%BB%E6%BD%A4" dan="17,16,16,17" rate="2194.91,2203.36,2151.58,2182.62" sx="M,F,M,M"/><TAIKYOKU oya="0"/><INIT seed="0,0,0,3,4,20" ten="250,250,250,250" oya="0" hai0="99,13,42,30,132,73,93,88,66,22,70,32,21" hai1="116,123,55,126,82,51,19,57,34,7,23,38,11" hai2="77,80,3,100,33,6,2,76,111,64,124,44,71" hai3="85,94,10,125,31,9,53,91,106,81,17,107,0"/><T102/><D73/><U95/><E116/><V43/><F76/><W68/><G68/><T28/><D132/><U49/><E38/><N who="2" m="21623" /><F111/><W98/><G125/><T36/><D36/><U108/><E34/><V62/><F124/><W45/><G10/><T69/><D42/><U104/><E104/><V39/><F100/><W59/><G45/><T75/><D75/><U26/><E108/><V56/><F56/><W87/><G87/><T15/><D32/><U18/><E126/><V16/><F16/><W50/><G31/><T8/><D69/><U115/><E115/><V129/><F129/><W114/><G114/><T14/><D8/><U90/><E82/><V27/><F6/><W113/><G113/><T86/><D66/><U119/><E119/><V96/><F96/><W72/><G72/><T67/><D67/><U46/><E19/><V1/><F39/><W109/><G109/><T130/><D70/><U74/><E123/><V110/><F110/><W37/><G37/><T78/><D78/><U83/><E83/><V65/><F65/><W58/><G58/><T12/><D130/><U79/><E79/><V25/><F33/><W47/><G59/><T89/><N who="0" m="3072" /><DORA hai="122" /><T105/><REACH who="0" step="1"/><D89/><REACH who="0" ten="240,250,250,250" step="2"/><U61/><E74/><V60/><F64/><W4/><REACH who="3" step="1"/><G17/><REACH who="3" ten="240,250,250,240" step="2"/><T54/><D54/><N who="1" m="30007" /><E11/><V121/><F71/><W117/><G117/><T134/><D134/><U24/><E7/><V84/><F121/><W63/><G63/><T41/><D41/><U135/><E135/><V5/><F5/><W120/><G120/><T127/><D127/><U35/><E61/><V103/><F62/><RYUUKYOKU ba="0,2" sc="240,15,250,-15,250,-15,240,15" hai0="21,22,28,30,86,88,93,99,102,105" hai3="0,4,9,47,50,53,81,85,91,94,98,106,107" /><INIT seed="0,1,2,5,3,120" ten="255,235,235,255" oya="0" hai0="57,52,74,63,92,1,43,3,24,35,25,40,134" hai1="130,42,28,86,4,119,114,131,18,89,110,123,19" hai2="49,76,80,31,93,41,95,32,133,46,16,33,66" hai3="99,38,68,116,135,113,132,73,126,117,59,44,107"/><T112/><D74/><U5/><E42/><V105/><F105/><W78/><G68/><T50/><D112/><U84/><E123/><V67/><F133/><N who="3" m="51275" /><G59/><T97/><D134/><U11/><E119/><N who="3" m="45642" /><G44/><T54/><D1/><U22/><E114/><V36/><F36/><W14/><G14/><T60/><D3/><N who="1" m="415" /><E86/><V58/><F32/><W94/><G38/><T47/><D35/><U69/><E69/><V27/><F66/><W65/><G65/><T7/><D7/><U21/><E110/><V85/><REACH who="2" step="1"/><F16/><REACH who="2" ten="255,235,225,255" step="2"/><N who="1" m="6185" /><E28/><V101/><F101/><N who="3" m="60663" /><G113/><T37/><D37/><U83/><E5/><V79/><F79/><W71/><G71/><T17/><D63/><AGARI ba="1,3" hai="27,31,33,41,46,49,58,63,67,76,80,85,93,95" machi="63" ten="40,2600,0" yaku="1,1,53,1" doraHai="120" doraHaiUra="39" who="2" fromWho="0" sc="255,-29,235,0,225,59,255,0" /><INIT seed="1,0,0,2,2,61" ten="226,235,284,255" oya="1" hai0="30,1,111,34,26,54,71,81,32,58,120,66,135" hai1="108,4,109,16,92,77,119,15,29,56,133,94,122" hai2="89,63,128,38,51,112,14,129,127,24,49,75,45" hai3="72,53,116,11,67,126,39,99,97,74,7,114,70"/><U48/><E119/><V87/><F75/><W44/><G114/><T12/><D1/><U43/><E122/><V131/><F112/><W103/><G116/><T132/><D120/><U113/><E113/><V83/><F127/><W73/><G126/><T79/><D111/><N who="1" m="42571" /><E133/><V134/><F134/><W130/><G130/><T82/><D34/><U50/><E4/><V17/><F24/><W101/><G53/><T100/><D135/><U18/><E29/><V90/><F63/><W6/><G44/><T8/><D132/><U46/><E77/><N who="2" m="46575" /><F38/><W55/><G55/><T47/><D71/><U115/><E115/><V31/><F31/><W5/><G11/><T95/><D79/><U105/><E105/><V78/><F78/><W123/><G39/><T85/><D47/><N who="1" m="25727" /><E56/><V86/><F45/><W64/><G70/><T10/><D54/><N who="1" m="30039" /><E18/><V2/><F90/><W88/><G88/><T3/><D3/><U121/><E121/><V22/><F2/><W42/><G42/><T91/><D100/><N who="3" m="38473" /><G123/><T106/><D106/><U60/><E60/><V0/><F0/><W107/><G107/><T69/><D69/><U93/><E94/><AGARI ba="0,0" hai="14,17,22,49,51,86,89,94,128,129,131" m="46575" machi="94" ten="30,1000,0" yaku="19,1" doraHai="61" who="2" fromWho="1" sc="226,0,235,-10,284,10,255,0" /><INIT seed="2,0,0,3,1,12" ten="226,225,294,255" oya="2" hai0="77,106,33,123,20,30,117,24,131,53,135,23,11" hai1="74,4,10,82,31,29,55,79,35,9,122,98,109" hai2="0,45,83,127,62,91,128,71,17,105,43,37,107" hai3="2,119,72,92,73,111,25,118,114,44,67,108,76"/><V34/><F127/><W7/><G67/><T58/><D106/><U90/><E109/><N who="3" m="42058" /><G44/><T36/><D36/><U49/><E122/><V97/><F128/><W101/><G25/><T68/><D68/><U110/><E110/><V96/><F0/><W103/><G7/><T70/><D70/><U129/><E129/><V80/><F34/><W95/><G2/><T14/><D123/><U87/><E98/><V19/><F71/><W100/><G114/><T112/><D112/><U22/><E35/><V88/><F45/><W86/><G76/><T47/><D47/><U60/><E60/><V126/><F37/><W89/><G95/><T21/><D117/><AGARI ba="0,0" hai="72,73,86,89,92,100,101,103,117,118,119" m="42058" machi="117" ten="40,5200,0" yaku="14,1,34,2" doraHai="12" who="3" fromWho="0" sc="226,-52,225,0,294,0,255,52" /><INIT seed="3,0,0,0,2,117" ten="174,225,294,307" oya="3" hai0="80,10,40,112,93,38,77,81,67,94,52,51,20" hai1="105,120,39,74,27,24,66,62,19,124,101,109,128" hai2="23,2,5,96,90,29,60,1,119,84,35,42,61" hai3="13,69,107,92,82,68,9,15,125,45,135,44,41"/><W114/><G114/><T95/><D112/><U78/><E19/><V3/><F35/><W65/><G107/><T18/><D67/><U11/><E11/><V129/><F5/><W76/><G135/><T123/><D10/><U21/><E21/><V86/><F119/><W48/><G125/><T26/><D38/><U31/><E24/><V131/><F42/><W12/><G92/><T88/><D40/><U4/><E4/><V37/><F96/><W49/><G65/><T25/><D123/><U22/><E22/><V103/><F103/><W73/><REACH who="3" step="1"/><G9/><REACH who="3" ten="174,225,294,297" step="2"/><T58/><D26/><U59/><E27/><V33/><F33/><W126/><G126/><T71/><D71/><U8/><E8/><V111/><F23/><W55/><AGARI ba="0,1" hai="12,13,15,41,44,45,48,49,55,68,69,73,76,82" machi="55" ten="30,3000,0" yaku="1,1,0,1,53,0" doraHai="117" doraHaiUra="97" who="3" fromWho="3" sc="174,-10,225,-10,294,-10,297,40" /><INIT seed="3,1,0,4,1,56" ten="164,215,284,337" oya="3" hai0="10,92,34,61,98,89,130,15,41,97,42,82,131" hai1="2,80,7,52,44,125,124,103,106,62,108,60,117" hai2="63,83,100,84,96,93,20,128,99,105,76,25,46" hai3="30,16,88,57,5,8,81,116,24,85,91,110,29"/><W121/><G121/><T67/><D34/><U104/><E108/><V39/><F128/><N who="0" m="49194" /><D97/><N who="1" m="61551" /><E106/><V134/><F134/><W72/><G116/><T66/><D82/><U14/><E2/><V19/><F39/><W59/><G72/><T18/><D67/><U32/><E32/><V123/><F46/><W43/><G43/><T70/><AGARI ba="1,0" hai="10,15,18,41,42,61,66,70,89,92,98" m="49194" machi="70" ten="30,2000,0" yaku="19,1,52,1" doraHai="56" who="0" fromWho="0" sc="164,23,215,-6,284,-6,337,-11" /><INIT seed="4,0,0,3,0,125" ten="187,209,278,326" oya="0" hai0="14,84,77,75,131,106,8,43,50,21,101,33,52" hai1="135,35,37,115,78,97,70,120,17,133,34,1,111" hai2="112,86,3,60,80,26,36,0,132,31,93,4,59" hai3="22,6,2,64,25,51,7,92,69,76,123,28,116"/><T46/><D33/><U83/><E97/><V11/><F36/><W38/><G38/><T121/><D121/><U39/><E17/><V54/><F112/><W45/><G116/><T19/><D75/><U95/><E95/><V57/><F132/><N who="1" m="50761" /><E120/><V16/><F93/><W30/><G76/><T53/><D106/><U73/><E111/><V12/><F57/><W40/><G2/><T48/><D101/><U9/><E70/><V67/><F67/><W24/><G123/><T63/><D63/><U32/><E115/><V55/><F55/><W96/><G64/><T66/><D66/><U124/><E124/><V90/><REACH who="2" step="1"/><F4/><AGARI ba="0,0" hai="1,4,9,32,34,35,37,39,73,78,83" m="50761" machi="4" ten="40,2600,0" yaku="20,1,23,1" doraHai="125" who="1" fromWho="2" sc="187,0,209,26,278,-26,326,0" /><INIT seed="5,0,0,4,4,135" ten="187,235,252,326" oya="1" hai0="66,42,111,58,74,17,108,0,27,29,24,89,59" hai1="16,67,5,31,22,69,129,119,87,23,124,25,41" hai2="101,50,68,80,125,72,34,82,62,110,81,122,104" hai3="94,10,15,86,134,126,121,79,1,107,115,96,71"/><U49/><E119/><V51/><F34/><W128/><G121/><T102/><D0/><U130/><E5/><V36/><F36/><W92/><G71/><T91/><D74/><U70/><E67/><V48/><F72/><W117/><G1/><T54/><D42/><U65/><E65/><V46/><F122/><W131/><G134/><T20/><D102/><U73/><E73/><V53/><F110/><W88/><G107/><T14/><D66/><U116/><E116/><V4/><F4/><W38/><G38/><T7/><D59/><U105/><E105/><V127/><F68/><W12/><G12/><T113/><D113/><U60/><E60/><V33/><F33/><W2/><G2/><T97/><D7/><U40/><E87/><V43/><F62/><W47/><G47/><T133/><D133/><U77/><E77/><V9/><F9/><W64/><G64/><T56/><D56/><U21/><E40/><V52/><F53/><W112/><G117/><T11/><D27/><N who="1" m="14759" /><E23/><V100/><F51/><W37/><G37/><T61/><REACH who="0" step="1"/><D97/><REACH who="0" ten="177,235,252,326" step="2"/><U76/><E69/><V84/><F84/><W18/><G115/><T75/><D75/><U103/><E70/><V35/><F104/><W118/><G112/><T55/><D55/><U45/><E103/><V85/><F85/><W63/><G118/><T95/><D95/><U19/><E41/><V30/><F100/><W123/><G92/><T28/><D28/><U44/><E31/><V78/><F101/><W132/><G86/><T6/><D6/><U3/><E3/><V39/><F43/><W83/><G132/><RYUUKYOKU ba="0,1" sc="177,30,235,-10,252,-10,326,-10" hai0="11,14,17,20,24,29,54,58,61,89,91,108,111" /><INIT seed="6,1,1,3,0,97" ten="207,225,242,316" oya="2" hai0="93,0,30,28,122,119,76,37,26,87,36,67,39" hai1="25,114,84,91,77,116,83,20,94,53,11,57,60" hai2="38,105,130,69,34,68,18,3,62,96,81,27,48" hai3="65,21,101,13,17,135,132,6,125,128,61,121,2"/><V22/><F3/><W47/><G121/><T109/><D109/><U82/><E114/><V104/><F38/><W33/><G128/><T5/><D122/><U44/><E116/><V95/><F130/><W7/><G125/><T85/><D119/><U126/><E126/><V124/><F124/><W106/><G33/><T134/><D134/><N who="3" m="51241" /><G2/><T118/><D118/><U131/><E131/><V112/><F112/><W107/><G47/><T79/><D67/><U120/><E120/><V35/><F48/><W99/><G107/><T45/><D45/><U88/><E83/><V103/><F35/><W63/><G63/><T64/><D64/><U117/><E117/><V71/><F62/><W66/><G66/><T133/><D133/><U55/><E11/><V14/><F34/><W15/><G13/><T41/><D41/><U23/><E23/><V70/><N who="2" m="17408" /><DORA hai="72" /><V100/><F100/><W10/><G21/><T32/><D30/><N who="1" m="17703" /><E94/><V43/><F43/><W8/><G8/><T51/><D51/><AGARI ba="1,1" hai="44,51,53,55,57,60,77,82,84,88,91" m="17703" machi="51" ten="30,3900,0" yaku="8,1,52,1,54,1" doraHai="97,72" who="1" fromWho="0" sc="207,-42,225,52,242,0,316,0" /><INIT seed="7,0,0,5,0,14" ten="165,277,242,316" oya="3" hai0="109,95,89,103,130,35,9,44,11,67,46,12,43" hai1="27,34,116,125,100,53,0,80,131,17,19,69,25" hai2="72,88,133,70,2,79,68,58,99,36,30,63,94" hai3="128,122,119,120,15,28,62,7,105,64,32,115,38"/><W129/><G119/><T10/><D109/><U57/><E69/><V37/><F2/><W127/><G38/><T24/><D130/><N who="3" m="50281" /><G127/><T106/><D67/><U3/><E131/><V93/><F133/><W29/><G115/><T113/><D113/><U1/><E100/><V59/><F30/><N who="3" m="11883" /><G105/><T71/><D71/><U45/><E34/><V81/><F68/><N who="3" m="42007" /><G32/><T132/><D132/><U21/><E125/><V8/><F70/><W65/><G65/><T92/><D24/><U117/><E45/><V42/><F42/><W40/><G40/><T111/><D111/><U20/><E80/><V18/><F93/><W6/><G15/><T66/><D66/><U52/><E53/><V126/><F126/><W55/><G55/><T104/><D35/><U112/><E112/><V39/><F63/><AGARI ba="0,0" hai="0,1,3,17,19,20,21,25,27,52,57,63,116,117" machi="63" ten="40,8000,1" yaku="9,1,52,2,54,1" doraHai="14" who="1" fromWho="2" sc="165,0,277,80,242,-80,316,0" owari="165,-23.5,357,45.7,162,-33.8,316,11.6" /></mjloggm>