<mjloggm ver="2.3"><GO type="169" lobby="0"/><UN n0="%E3%83%8A%E3%82%AB%E3%81%AB%E3%81%97" n1="%31%74%61" n2="%44%61%6C%69" n3="%E3%81%A1%E3%82%83%E3%81%B0%E3%82%8A%E3%83%BC%E3%82%84" dan="17,17,17,16" rate="2268.16,2236.19,2180.26,2121.61" sx="M,M,M,M"/><TAIKYOKU oya="0"/><INIT seed="0,0,0,3,2,79" ten="250,250,250,250" oya="0" hai0="129,47,6,105,103,135,77,96,38,40,61,11,5" hai1="15,60,130,3,123,54,107,21,72,9,100,113,7" hai2="104,56,52,34,92,17,94,25,26,24,102,68,122" hai3="134,58,128,35,80,67,51,4,66,124,101,83,75"/><T85/><D129/><U89/><E123/><V39/><F68/><W127/><G128/><T30/><D135/><U59/><E130/><V81/><F122/><W118/><G118/><T132/><D132/><U41/><E113/><V33/><F39/><W14/><G35/><T125/><D125/><N who="3" m="48201" /><G134/><T120/><D120/><U111/><E111/><V91/><F104/><W12/><G75/><T106/><D106/><U84/><E72/><V109/><F109/><W71/><G71/><T119/><D119/><U86/><E41/><V42/><F42/><W16/><G101/><T126/><D126/><U18/><REACH who="1" step="1"/><E89/><REACH who="1" ten="250,240,250,250" step="2"/><V10/><F91/><W29/><G29/><T46/><D30/><U90/><E90/><V65/><F33/><W93/><G93/><T82/><D40/><U50/><E50/><V99/><F34/><W8/><G51/><T27/><D38/><U97/><AGARI ba="0,1" hai="3,7,9,15,18,21,54,59,60,84,86,97,100,107" machi="97" ten="30,2000,0" yaku="1,1,0,1,53,0" doraHai="79" doraHaiUra="108" who="1" fromWho="1" sc="250,-10,240,30,250,-5,250,-5" /><INIT seed="1,0,0,2,3,54" ten="240,270,245,245" oya="1" hai0="104,5,128,28,67,87,110,83,16,68,135,134,7" hai1="132,24,130,115,29,129,45,64,65,26,10,22,61" hai2="94,53,19,93,121,12,3,30,34,118,55,133,102" hai3="131,69,114,123,106,125,33,122,6,14,72,127,113"/><U98/><E115/><N who="3" m="44042" /><G72/><T92/><D104/><U49/><E132/><N who="0" m="50729" /><D110/><U47/><E10/><V89/><F118/><W120/><G106/><T119/><D119/><U75/><E75/><V8/><F121/><W42/><G42/><T52/><D28/><U40/><E98/><V105/><F133/><W60/><G69/><T38/><D38/><U57/><E65/><V126/><F126/><N who="3" m="48139" /><G60/><N who="0" m="40039" /><D92/><U96/><E96/><V43/><F105/><W58/><G33/><T2/><D2/><U56/><E45/><V18/><F3/><W50/><G14/><T100/><D128/><N who="1" m="49259" /><E26/><V36/><F34/><W21/><G21/><T108/><D100/><U84/><E84/><V15/><F102/><W112/><G6/><T44/><D108/><U107/><E107/><V91/><F36/><W13/><G13/><T103/><D103/><U74/><E74/><V37/><F37/><W23/><G23/><T73/><D73/><U9/><E9/><V85/><F8/><W17/><G131/><T77/><D7/><U25/><E25/><V48/><F15/><W4/><G4/><T95/><D5/><U101/><E101/><V88/><F12/><W62/><G112/><T111/><D111/><U27/><E27/><V81/><F30/><W70/><G17/><T78/><D16/><U76/><E76/><N who="2" m="46247" /><F19/><W117/><G117/><T0/><D0/><U99/><E99/><V32/><F18/><W86/><G86/><T66/><D66/><U82/><E82/><V79/><F79/><W46/><G120/><T59/><D78/><U109/><E109/><V35/><F35/><W90/><G122/><RYUUKYOKU ba="0,0" sc="240,-10,270,30,245,-10,245,-10" hai1="22,24,29,40,47,49,56,57,61,64" /><INIT seed="1,1,0,3,3,57" ten="230,300,235,235" oya="1" hai0="77,74,58,60,75,113,130,11,119,43,46,41,33" hai1="122,89,79,25,87,83,99,114,88,104,126,67,40" hai2="3,13,39,64,112,91,59,8,123,21,116,9,132" hai3="54,62,29,30,115,110,107,92,17,108,2,27,69"/><U42/><E114/><V12/><F116/><W72/><G107/><T93/><D113/><U5/><E122/><V19/><F123/><W65/><G115/><T109/><D119/><U80/><E126/><V50/><F39/><W101/><G72/><T49/><D33/><U131/><E5/><V4/><F112/><W52/><G2/><T121/><D121/><U97/><E131/><V18/><F132/><W106/><G17/><T37/><D130/><U70/><E25/><V96/><F96/><N who="3" m="61735" /><G92/><T47/><D109/><N who="3" m="42089" /><G30/><T32/><D32/><AGARI ba="1,0" hai="27,29,32,52,54,62,65,69" m="42089,61735" machi="32" ten="30,7700,0" yaku="25,1,14,1,52,1,54,1" doraHai="57" who="3" fromWho="0" sc="230,-80,300,0,235,0,235,80" /><INIT seed="2,0,0,4,0,54" ten="150,300,235,315" oya="2" hai0="47,103,17,62,126,19,111,96,80,110,64,10,124" hai1="27,22,42,135,58,55,127,130,132,68,23,2,98" hai2="63,67,4,117,0,107,128,45,49,36,41,114,70" hai3="123,43,99,85,74,44,109,31,82,60,1,84,48"/><V113/><F117/><W34/><G123/><T92/><D47/><U102/><E2/><V72/><F107/><W94/><G109/><N who="0" m="41483" /><D80/><U7/><E68/><V116/><F116/><W95/><G1/><T21/><D10/><U131/><E7/><V29/><F29/><W28/><G74/><T106/><D106/><U61/><E42/><V18/><F72/><W3/><G3/><T87/><D87/><U122/><E122/><V9/><F128/><N who="1" m="49193" /><E127/><N who="0" m="48681" /><D21/><N who="1" m="7691" /><E27/><V108/><F108/><W59/><G85/><T120/><D120/><U129/><N who="1" m="49201" /><U121/><DORA hai="119" /><E121/><V35/><F35/><W104/><G84/><T13/><D13/><U112/><E112/><V57/><F18/><W134/><G34/><T91/><D103/><U76/><E76/><V12/><F0/><W11/><G43/><T93/><D92/><AGARI ba="0,0" hai="55,58,61,92,98,102,132,135" m="7691,49201" machi="92" ten="40,2600,0" yaku="19,1,52,1" doraHai="54,119" who="1" fromWho="0" sc="150,-26,300,26,235,0,315,0" /><INIT seed="3,0,0,4,4,114" ten="124,326,235,315" oya="3" hai0="12,131,36,132,37,118,56,127,32,104,48,133,111" hai1="65,4,108,98,10,78,50,122,38,130,5,106,57" hai2="101,119,124,91,66,81,83,107,113,6,99,121,18" hai3="53,129,52,62,43,2,58,72,76,94,3,14,54"/><W67/><G129/><T40/><D104/><U23/><E38/><N who="0" m="14953" /><D12/><U116/><E122/><V21/><F113/><W89/><G43/><T9/><D9/><U30/><E108/><V95/><F124/><W134/><G134/><N who="0" m="51819" /><D32/><U79/><E50/><V22/><F121/><W1/><G76/><T70/><D111/><U29/><E23/><V110/><F110/><W120/><G72/><T60/><D131/><U92/><E10/><V44/><F6/><W100/><G120/><T45/><D127/><U82/><E92/><V128/><F128/><W126/><G126/><T75/><D75/><U31/><E82/><V0/><F0/><W97/><REACH who="3" step="1"/><G14/><REACH who="3" ten="124,326,235,305" step="2"/><T80/><D70/><U69/><E69/><V27/><F107/><W63/><G63/><T11/><D80/><U109/><E79/><V71/><F83/><W35/><G35/><T28/><D11/><U103/><E78/><V16/><F81/><W13/><G13/><T74/><D74/><U61/><E130/><V85/><F71/><W7/><G7/><T15/><D15/><U55/><E109/><V90/><F22/><W59/><G59/><T39/><D39/><U115/><E4/><V20/><F21/><W42/><G42/><T26/><D56/><U24/><E5/><V73/><F20/><W51/><G51/><T41/><D60/><U46/><E57/><V77/><F73/><W33/><G33/><N who="0" m="20631" /><D41/><U64/><E61/><V68/><F68/><W135/><G135/><T96/><D96/><U19/><E98/><V105/><F99/><W17/><G17/><T25/><D25/><U47/><E24/><RYUUKYOKU ba="0,1" sc="124,15,326,-15,235,-15,305,15" hai0="40,45,48,118" hai3="1,2,3,52,53,54,58,62,67,89,94,97,100" /><INIT seed="3,1,1,0,0,19" ten="139,311,220,320" oya="3" hai0="0,46,119,31,40,129,68,81,38,89,60,16,29" hai1="131,85,54,36,133,78,17,9,115,33,34,74,66" hai2="37,121,25,113,58,125,98,123,28,100,49,27,80" hai3="6,65,88,128,18,62,69,14,2,71,93,107,61"/><W32/><G107/><T23/><D119/><U11/><E36/><V95/><F113/><W111/><G32/><T52/><D0/><U53/><E74/><V8/><F37/><W76/><G128/><T96/><D129/><U83/><E131/><V97/><F125/><W132/><G132/><T5/><D5/><U42/><E42/><V22/><F80/><W57/><G111/><T134/><D134/><U77/><E66/><V7/><F98/><W103/><G103/><T15/><D68/><U10/><E133/><V117/><F117/><W1/><G76/><T35/><D35/><U91/><E115/><V122/><F27/><W86/><G6/><T84/><REACH who="0" step="1"/><D96/><REACH who="0" ten="129,311,220,320" step="2"/><U75/><E34/><V124/><F124/><W64/><REACH who="3" step="1"/><G71/><REACH who="3" ten="129,311,220,310" step="2"/><T50/><D50/><U59/><E33/><V116/><F116/><W47/><G47/><T114/><D114/><U24/><E59/><AGARI ba="1,3" hai="15,16,23,29,31,38,40,46,52,59,60,81,84,89" machi="59" ten="40,8000,1" yaku="1,1,52,1,54,2,53,0" doraHai="19" doraHaiUra="63" who="0" fromWho="1" sc="129,113,311,-83,220,0,310,0" /><INIT seed="4,0,0,3,4,131" ten="242,228,220,310" oya="0" hai0="8,24,115,75,74,58,43,89,20,83,53,111,50" hai1="55,130,105,84,93,124,118,16,103,90,70,128,132" hai2="19,40,122,66,47,14,35,109,91,126,113,54,77" hai3="13,2,4,100,26,22,33,10,25,51,80,62,44"/><T114/><D111/><U125/><E70/><V92/><F35/><W102/><G25/><T12/><D43/><U49/><E118/><V133/><F109/><W69/><G80/><T52/><D53/><U3/><E3/><V121/><F126/><N who="1" m="48745" /><E105/><V9/><F113/><N who="0" m="43018" /><D89/><U29/><E29/><V88/><F133/><W71/><G71/><T81/><D75/><U117/><E117/><V11/><F66/><W30/><G62/><T67/><D67/><U41/><E41/><V135/><F135/><W18/><REACH who="3" step="1"/><G69/><REACH who="3" ten="242,228,220,300" step="2"/><T95/><D74/><U104/><E132/><V57/><F121/><W120/><G120/><T129/><D129/><U96/><E16/><V48/><F122/><W63/><G63/><T112/><D112/><U108/><E108/><V134/><F134/><W60/><G60/><T64/><D64/><U116/><E116/><V98/><F77/><W82/><G82/><T27/><D27/><U1/><E1/><V59/><F59/><AGARI ba="0,1" hai="49,55,59,84,90,93,96,103,104,128,130" m="48745" machi="59" ten="30,1000,0" yaku="18,1" doraHai="131" who="1" fromWho="2" sc="242,0,228,20,220,-10,300,0" /><INIT seed="5,0,0,5,1,57" ten="242,248,210,300" oya="1" hai0="51,113,111,122,63,52,5,11,62,83,110,98,72" hai1="61,38,48,1,4,123,47,77,67,97,41,73,114" hai2="55,127,56,59,117,87,44,135,121,2,37,31,126" hai3="80,99,49,35,22,78,74,124,95,70,86,71,33"/><U82/><E123/><V6/><F117/><W133/><G124/><T15/><D122/><U109/><E114/><V125/><F121/><W20/><G133/><T14/><D113/><U107/><E109/><V17/><F31/><W27/><G74/><T7/><D72/><U64/><E48/><V18/><F135/><W101/><G22/><T76/><D110/><U112/><E112/><V29/><F29/><W68/><REACH who="3" step="1"/><G49/><REACH who="3" ten="242,248,210,290" step="2"/><T79/><D111/><U24/><E24/><V91/><F37/><W134/><G134/><T32/><D32/><U104/><E97/><V13/><F125/><W43/><G43/><T65/><D98/><U21/><E21/><V102/><F126/><W45/><G45/><T69/><D51/><U128/><E128/><V10/><F127/><W34/><G34/><T58/><D83/><U120/><E120/><V106/><F44/><W50/><G50/><T96/><D96/><U42/><E42/><V36/><F36/><W46/><G46/><T26/><D26/><U100/><E100/><V116/><F116/><W28/><AGARI ba="0,1" hai="20,27,28,33,35,68,70,71,78,80,86,95,99,101" machi="28" ten="30,2000,0" yaku="1,1,0,1,53,0" doraHai="57" doraHaiUra="8" who="3" fromWho="3" sc="242,-5,248,-10,210,-5,290,30" /><INIT seed="6,0,0,5,1,30" ten="237,238,205,320" oya="2" hai0="53,57,119,74,113,131,62,50,58,24,120,21,32" hai1="39,0,41,75,79,40,129,86,84,128,126,134,18" hai2="91,31,94,44,81,109,4,28,110,111,12,3,48" hai3="13,66,33,76,11,71,89,27,67,107,55,125,115"/><V34/><F3/><W63/><G125/><T49/><D120/><U130/><E0/><V5/><F81/><W83/><G66/><T47/><D74/><U64/><E126/><V105/><F105/><W88/><G107/><T15/><D113/><U112/><E112/><V87/><F12/><W59/><G115/><T38/><D38/><U73/><E134/><V118/><F118/><W19/><G33/><T100/><D131/><U103/><E64/><V42/><REACH who="2" step="1"/><F31/><REACH who="2" ten="237,238,195,320" step="2"/><W121/><G121/><T98/><D15/><U6/><E129/><V7/><F7/><W114/><G114/><T99/><D119/><U14/><E6/><V72/><F72/><W23/><G83/><T116/><D116/><U123/><E75/><V61/><F61/><W133/><G133/><T35/><D62/><U51/><E73/><V8/><F8/><W43/><G76/><T16/><D57/><U124/><E79/><V122/><F122/><W69/><G69/><T101/><D58/><U2/><E123/><V77/><F77/><W29/><G43/><T26/><D26/><AGARI ba="0,1" hai="4,5,26,28,34,42,44,48,87,91,94,109,110,111" machi="26" ten="40,12000,1" yaku="1,1,10,1,52,1,53,1" doraHai="30" doraHaiUra="82" who="2" fromWho="0" sc="237,-120,238,0,195,130,320,0" /><INIT seed="6,1,0,0,0,101" ten="117,238,325,320" oya="2" hai0="113,11,62,64,22,2,133,80,122,1,120,123,32" hai1="51,3,76,99,43,73,127,24,121,111,61,14,13" hai2="125,12,5,68,4,67,34,103,28,102,42,30,78" hai3="21,124,75,54,92,108,110,84,31,41,65,97,93"/><V131/><F34/><W134/><G75/><T6/><D80/><U16/><E3/><V71/><F42/><W104/><G41/><T85/><D85/><U100/><E111/><V129/><F12/><W60/><G54/><T17/><D62/><U26/><E127/><V15/><F15/><W119/><G119/><T128/><D64/><U20/><E121/><V33/><F33/><W69/><G124/><T29/><D113/><U79/><E61/><V91/><F125/><W81/><G134/><T115/><D115/><U107/><E13/><V88/><REACH who="2" step="1"/><F67/><REACH who="2" ten="117,238,315,320" step="2"/><W19/><G108/><T50/><D1/><U10/><E73/><V27/><F27/><W58/><G110/><T117/><D133/><U89/><E26/><V47/><F47/><W112/><G112/><T130/><D117/><U82/><E43/><V109/><F109/><W37/><G37/><T39/><D39/><U72/><E72/><V86/><F86/><W23/><G84/><T94/><D32/><U63/><E24/><V70/><F70/><W8/><G69/><T35/><D35/><U95/><E14/><V25/><F25/><W18/><G65/><T53/><D29/><U118/><E118/><V38/><F38/><W105/><G31/><T46/><D22/><U55/><E20/><V96/><F96/><W116/><G97/><T48/><D17/><U45/><E16/><V126/><F126/><W49/><G116/><T56/><D94/><U114/><E114/><V83/><F83/><W66/><G18/><T36/><D36/><U98/><E82/><V135/><F135/><W57/><G19/><RYUUKYOKU ba="1,1" sc="117,15,238,-15,315,15,320,-15" hai0="2,6,11,46,48,50,53,56,120,122,123,128,130" hai2="4,5,28,30,68,71,78,88,91,102,103,129,131" /><INIT seed="6,2,1,1,1,1" ten="132,223,330,305" oya="2" hai0="101,134,94,119,62,7,82,10,127,32,63,115,66" hai1="113,20,102,132,44,53,97,50,12,33,104,131,19" hai2="57,76,68,4,74,122,29,73,24,124,112,40,42" hai3="121,86,13,129,9,0,84,18,55,11,30,49,107"/><V38/><F122/><W128/><G121/><T45/><D115/><U98/><E113/><V116/><F68/><W92/><G107/><T6/><D32/><U3/><E33/><V51/><F112/><W69/><G69/><T22/><D127/><U120/><E120/><V79/><F116/><W103/><G30/><T99/><D134/><U89/><E132/><V108/><F108/><W114/><G114/><T100/><D119/><U54/><E3/><V91/><F124/><W111/><G111/><T133/><D133/><U117/><E117/><V64/><F91/><W23/><G103/><T17/><D100/><U27/><E131/><N who="3" m="50250" /><G92/><T8/><D45/><U87/><E27/><V26/><F57/><N who="3" m="33007" /><G9/><N who="0" m="3691" /><D82/><U123/><E123/><V78/><F64/><W75/><G75/><T2/><D2/><U96/><E54/><V105/><F105/><W95/><G95/><AGARI ba="2,1" hai="12,19,20,44,50,53,87,89,95,96,97,98,102,104" machi="95" ten="30,1000,0" yaku="7,1" doraHai="1" who="1" fromWho="3" sc="132,0,223,26,330,0,305,-16" /><INIT seed="7,0,0,1,1,47" ten="132,249,330,289" oya="3" hai0="48,62,93,20,120,28,40,50,99,114,70,115,27" hai1="129,67,55,37,132,123,5,46,41,107,65,106,60" hai2="22,18,30,112,68,95,17,128,86,135,38,8,3" hai3="57,51,39,29,56,80,9,12,14,91,15,108,26"/><W49/><G39/><T111/><D111/><U81/><E123/><V118/><F38/><W72/><G108/><T73/><D73/><U43/><E129/><V82/><F68/><W74/><G74/><T61/><D120/><U1/><E132/><V96/><F118/><W19/><G72/><T21/><D40/><U134/><E134/><V53/><F135/><W75/><G75/><T13/><D13/><N who="3" m="5225" /><G29/><T110/><D110/><U25/><E25/><N who="2" m="16695" /><F3/><W0/><G0/><T87/><D87/><U10/><E43/><V116/><F116/><W16/><G91/><T71/><D93/><U45/><E81/><V2/><F2/><W52/><G80/><T88/><D88/><U122/><E122/><V84/><F112/><W66/><G66/><T31/><REACH who="0" step="1"/><D27/><REACH who="0" ten="122,249,330,289" step="2"/><U77/><E77/><V6/><F95/><W69/><G26/><T23/><D23/><U92/><E92/><V4/><F86/><W34/><G15/><T79/><D79/><U100/><E41/><V11/><F84/><W98/><G9/><T113/><D113/><U131/><E10/><V133/><F8/><W97/><G97/><AGARI ba="0,1" hai="20,21,28,31,48,50,61,62,70,71,97,99,114,115" machi="97" ten="25,8000,1" yaku="1,1,22,2,52,2,53,0" doraHai="47" doraHaiUra="117" who="0" fromWho="3" sc="122,90,249,0,330,0,289,-80" owari="212,-18.8,249,4.9,330,43.0,209,-29.1" /></mjloggm>