<mjloggm ver="2.3"><GO type="169" lobby="0"/><UN n0="%73%6F%6C%64%69%65%72%35" n1="%41%72%69%61" n2="%4E%65%6D%6F" n3="%E3%81%9B%E3%81%A9%E3%81%AA%E3%82%8A%E3%81%82%E3%82%93" dan="16,16,16,17" rate="2063.90,2160.02,2093.31,2202.27" sx="M,F,M,F"/><TAIKYOKU oya="0"/><INIT seed="0,0,0,5,2,63" ten="250,250,250,250" oya="0" hai0="43,117,91,84,60,132,67,55,93,48,110,66,94" hai1="120,103,9,77,52,80,42,59,31,27,78,116,32" hai2="118,101,34,85,109,124,106,123,29,97,86,20,2" hai3="134,133,28,38,25,36,51,1,50,18,87,58,102"/><T56/><D117/><U12/><E120/><V89/><F123/><W126/><G1/><T17/><D132/><N who="3" m="50793" /><G126/><T72/><D72/><U82/><E116/><V16/><F118/><W105/><G18/><T70/><D110/><U135/><E135/><V92/><F2/><W127/><G127/><T75/><D75/><U83/><E103/><V99/><F124/><W71/><G71/><T46/><D17/><U47/><E42/><V96/><F109/><W73/><G73/><T49/><REACH who="0" step="1"/><D67/><REACH who="0" ten="240,250,250,250" step="2"/><U53/><E53/><V4/><F4/><W129/><G129/><T113/><D113/><U65/><E65/><V45/><F16/><W64/><G64/><T131/><D131/><U13/><E47/><V3/><F45/><W8/><G28/><T10/><D10/><U37/><E37/><V90/><F29/><W76/><G8/><T19/><D19/><U111/><E111/><V6/><F6/><W95/><G38/><T74/><D74/><U30/><E30/><V15/><F106/><W115/><G36/><T62/><D62/><U125/><E125/><V24/><F24/><W122/><G25/><T107/><D107/><U81/><E9/><V5/><F5/><W112/><G122/><T26/><D26/><U119/><E119/><V21/><F21/><W68/><G105/><T79/><D79/><U98/><E78/><V41/><F20/><W40/><G76/><T39/><D39/><U0/><E77/><V128/><F128/><W108/><G115/><T57/><D57/><U54/><N who="1" m="20480" /><DORA hai="104" /><U100/><E59/><V23/><F23/><W61/><G112/><RYUUKYOKU ba="0,1" sc="240,30,250,-10,250,-10,250,-10" hai0="43,46,48,49,55,56,60,66,70,84,91,93,94" /><INIT seed="0,1,1,1,5,100" ten="270,240,240,240" oya="0" hai0="45,60,112,128,96,22,56,101,77,74,106,57,59" hai1="127,49,62,118,129,122,25,71,64,76,47,13,23" hai2="88,97,89,103,61,72,38,54,105,52,110,108,11" hai3="113,90,94,50,3,30,114,75,87,26,84,12,132"/><T35/><D35/><U92/><E122/><V0/><F72/><W2/><G75/><T9/><D112/><U28/><E118/><V29/><F38/><W123/><G132/><T102/><D128/><U93/><E129/><V133/><F133/><W99/><G123/><T131/><D131/><U41/><E127/><V81/><F29/><W27/><G12/><T82/><D102/><U7/><E7/><V70/><F70/><W121/><G121/><T10/><D60/><U130/><E130/><V85/><F89/><W115/><G50/><T8/><D22/><U63/><E76/><V6/><REACH who="2" step="1"/><F61/><REACH who="2" ten="270,240,230,240" step="2"/><W95/><G30/><T117/><REACH who="0" step="1"/><D45/><REACH who="0" ten="260,240,230,240" step="2"/><U78/><E63/><V68/><F68/><W69/><G69/><T83/><D83/><U116/><E116/><AGARI ba="1,3" hai="8,9,10,56,57,59,74,77,82,96,101,106,116,117" machi="116" ten="40,3900,0" yaku="1,1,52,1,53,0" doraHai="100" doraHaiUra="21" who="0" fromWho="1" sc="260,72,240,-42,230,0,240,0" /><INIT seed="0,2,0,3,0,6" ten="332,198,230,240" oya="0" hai0="85,102,113,11,29,106,79,135,57,80,26,4,70" hai1="126,19,64,95,5,40,124,10,18,108,67,66,63" hai2="34,53,97,17,42,115,74,46,61,121,47,92,101" hai3="118,13,32,45,123,39,21,72,83,114,41,54,55"/><T71/><D113/><U44/><E108/><V129/><F115/><W24/><G114/><T0/><D135/><U49/><E63/><V43/><F121/><W130/><G118/><T23/><REACH who="0" step="1"/><D57/><REACH who="0" ten="322,198,230,240" step="2"/><U119/><E119/><V7/><F129/><W77/><G130/><T100/><D100/><U117/><E117/><V103/><F103/><W93/><G123/><T3/><D3/><U1/><REACH who="1" step="1"/><E95/><REACH who="1" ten="322,188,230,240" step="2"/><V87/><F92/><W14/><G93/><T16/><D16/><AGARI ba="2,2" hai="1,5,10,16,18,19,40,44,49,64,66,67,124,126" machi="16" ten="40,8000,1" yaku="1,1,2,1,52,1,54,1,53,0" doraHai="6" doraHaiUra="51" who="1" fromWho="0" sc="322,-86,188,106,230,0,240,0" /><INIT seed="1,0,0,1,1,126" ten="236,294,230,240" oya="1" hai0="14,88,59,80,50,83,1,129,101,111,56,32,81" hai1="60,37,20,27,48,45,65,89,76,18,78,74,102" hai2="55,131,108,12,4,119,95,29,61,121,21,16,70" hai3="135,134,118,130,58,93,40,33,96,77,79,35,5"/><U113/><E113/><V99/><F119/><W98/><G40/><T132/><D1/><U23/><E37/><V19/><F121/><W44/><G44/><T9/><D111/><U112/><E112/><V7/><F108/><W15/><G118/><T105/><D32/><N who="3" m="12361" /><G58/><T51/><D132/><N who="3" m="50729" /><G5/><T11/><D105/><U66/><E102/><V41/><F29/><W31/><G31/><T82/><D101/><U63/><E89/><V42/><F131/><W47/><G47/><T49/><D129/><U24/><E74/><V54/><F70/><W67/><G67/><T128/><D128/><U39/><E39/><V71/><F71/><W120/><G15/><T25/><D25/><U46/><E48/><V0/><F19/><AGARI ba="0,0" hai="18,19,20,23,24,27,45,46,60,63,65,66,76,78" machi="19" ten="25,4800,0" yaku="22,2,8,1" doraHai="126" who="1" fromWho="2" sc="236,0,294,48,230,-48,240,0" /><INIT seed="1,1,0,1,0,10" ten="236,342,182,240" oya="1" hai0="102,73,23,9,109,37,15,1,43,48,92,33,22" hai1="20,75,41,118,49,60,29,25,112,135,101,125,54" hai2="58,87,114,127,65,128,7,6,12,130,57,76,119" hai3="32,66,89,81,3,74,106,4,96,72,80,63,91"/><U35/><E118/><V13/><F119/><W44/><G32/><T110/><D33/><U98/><E112/><V24/><F114/><W70/><G3/><T117/><D117/><U82/><E135/><V17/><F127/><W50/><G4/><N who="2" m="1577" /><F128/><W124/><G124/><T52/><D1/><U68/><E125/><V69/><F69/><W78/><G106/><T64/><D64/><U21/><E41/><V133/><F133/><W99/><G91/><T71/><D73/><U121/><E121/><V36/><F36/><W11/><G11/><T55/><D71/><U132/><E132/><V95/><F130/><W16/><G16/><N who="0" m="8303" /><D37/><U40/><E40/><V97/><F87/><W83/><G83/><T115/><D115/><U2/><E2/><V111/><F76/><W14/><G74/><T5/><D5/><U85/><E75/><V45/><F45/><W8/><G80/><T51/><D43/><U42/><E42/><V88/><F111/><N who="0" m="42506" /><D92/><U131/><E131/><V84/><F84/><W103/><G70/><T34/><D34/><U122/><E85/><V27/><F27/><W108/><G108/><T116/><D102/><U90/><E82/><V53/><F65/><W129/><G66/><T31/><D116/><U0/><E0/><V120/><F120/><W47/><G129/><T28/><D28/><U113/><E122/><V38/><F38/><W18/><G72/><T86/><D86/><U19/><E113/><V59/><F53/><N who="0" m="20554" /><D31/><U46/><E35/><V105/><F105/><W30/><G30/><T126/><D126/><U93/><E68/><V134/><F134/><RYUUKYOKU ba="1,0" sc="236,15,342,-15,182,15,240,-15" hai0="22,23,48,51" hai2="12,13,17,24,57,58,59,88,95,97" /><INIT seed="2,2,0,0,4,22" ten="251,327,197,225" oya="2" hai0="103,100,120,86,66,60,76,13,11,18,51,68,21" hai1="65,119,58,52,5,71,114,69,91,12,19,124,133" hai2="82,0,90,72,126,97,37,110,17,62,24,48,41" hai3="134,85,26,30,96,40,46,112,80,53,56,87,4"/><V3/><F37/><W128/><G134/><T25/><D120/><U28/><E119/><V81/><F126/><W8/><G128/><T106/><D106/><U117/><E117/><V130/><F130/><W16/><G112/><T33/><D33/><U113/><E133/><V111/><F62/><W27/><G30/><T20/><D20/><U107/><E124/><V88/><F41/><W83/><G96/><T74/><D74/><U118/><E107/><V94/><F48/><N who="3" m="26695" /><G4/><T98/><D98/><U104/><E104/><V45/><F45/><W49/><G85/><T36/><D36/><U101/><E118/><V121/><F121/><W70/><G70/><T105/><D105/><U123/><E69/><V135/><F135/><W38/><G38/><T67/><D67/><U10/><E123/><V34/><F90/><N who="3" m="51559" /><G83/><N who="2" m="31753" /><F72/><W129/><G129/><T6/><D86/><U50/><E101/><V7/><F7/><W115/><G115/><T31/><D76/><U99/><E5/><V9/><F9/><W95/><G95/><T14/><REACH who="0" step="1"/><D51/><REACH who="0" ten="241,327,197,225" step="2"/><U57/><E114/><V64/><F64/><W131/><G131/><T116/><D116/><U29/><E113/><V109/><F34/><W132/><G132/><T42/><D42/><U44/><E65/><V75/><F75/><W15/><AGARI ba="2,1" hai="8,15,16,26,27,49,53,56" m="51559,26695" machi="15" ten="30,7900,0" yaku="8,1,52,2,54,1" doraHai="22" who="3" fromWho="3" sc="241,-22,327,-22,197,-41,225,95" /><INIT seed="3,0,0,0,2,35" ten="219,305,156,320" oya="3" hai0="111,57,86,41,68,36,62,134,91,119,64,118,80" hai1="93,32,131,121,71,123,115,127,0,46,88,8,53" hai2="135,15,122,18,92,108,48,124,13,116,28,85,19" hai3="107,75,45,132,17,101,94,44,26,79,6,83,60"/><W27/><G132/><T129/><D111/><U50/><E32/><V87/><F116/><W39/><G107/><T21/><D129/><U96/><E115/><V58/><F108/><W117/><G117/><T2/><D134/><U125/><E71/><V63/><F135/><W67/><G6/><T102/><D2/><U31/><E31/><V74/><F74/><W1/><G1/><T61/><D102/><U40/><E131/><V47/><F124/><N who="1" m="47689" /><E53/><V7/><F28/><W34/><G34/><T65/><REACH who="0" step="1"/><D21/><REACH who="0" ten="209,305,156,320" step="2"/><U10/><E10/><V4/><F122/><W106/><G101/><T130/><D130/><U105/><E105/><V30/><F4/><AGARI ba="0,1" hai="0,4,8,40,46,50,88,93,96,121,123" m="47689" machi="4" ten="30,3900,0" yaku="18,1,52,1,54,1" doraHai="35" who="1" fromWho="2" sc="209,0,305,49,156,-39,320,0" /><INIT seed="4,0,0,3,3,12" ten="209,354,117,320" oya="0" hai0="96,88,118,108,125,87,112,113,129,94,35,52,56" hai1="10,63,111,69,99,0,92,75,7,57,17,3,13" hai2="72,100,80,5,89,36,8,85,103,33,6,19,131" hai3="71,122,76,14,31,70,130,116,37,91,26,42,106"/><T38/><D118/><U59/><E75/><V53/><F33/><W51/><G116/><T77/><D125/><U110/><E69/><V46/><F131/><W74/><G106/><T67/><D129/><U128/><E128/><V30/><F30/><W124/><G130/><T133/><D133/><U50/><E50/><N who="2" m="28887" /><F36/><W16/><G37/><T41/><D35/><U20/><E0/><V79/><F79/><W29/><G29/><T78/><D67/><U32/><E32/><V60/><F60/><W28/><G28/><T90/><D108/><U48/><E48/><V93/><F72/><W40/><G124/><T49/><D41/><U134/><E134/><V68/><F68/><W55/><G122/><T109/><D109/><U2/><E2/><V4/><F93/><W102/><G102/><T98/><D38/><U34/><E59/><V62/><F62/><W27/><G70/><T24/><D24/><N who="3" m="9257" /><G71/><T21/><D21/><U119/><E34/><V104/><F104/><W107/><G107/><T126/><D126/><U45/><E45/><V97/><F97/><N who="0" m="37482" /><D90/><U81/><E119/><V47/><F47/><N who="3" m="28159" /><G31/><T9/><D9/><U58/><E111/><V127/><F127/><W43/><G74/><T115/><AGARI ba="0,0" hai="49,52,56,77,78,87,88,94,112,113,115" m="37482" machi="115" ten="40,7800,0" yaku="15,1,54,2" doraHai="12" who="0" fromWho="0" sc="209,78,354,-26,117,-26,320,-26" /><INIT seed="4,1,0,5,5,64" ten="287,328,91,294" oya="0" hai0="65,24,47,99,12,19,131,9,31,106,116,93,79" hai1="86,112,60,41,74,25,18,72,66,113,84,37,59" hai2="85,117,29,128,53,54,14,8,11,90,92,13,129" hai3="105,52,63,121,71,108,32,15,40,100,34,82,36"/><T33/><D116/><U127/><E127/><V102/><F117/><W55/><G108/><T87/><D131/><U49/><E74/><V134/><F134/><W42/><G121/><T17/><D106/><U23/><E72/><V76/><F76/><W80/><G15/><T61/><D47/><N who="1" m="25839" /><E37/><V130/><F29/><W22/><G22/><T48/><D48/><U120/><E120/><V109/><F109/><W62/><G100/><T70/><D79/><U10/><E10/><V111/><F102/><W110/><G110/><T45/><D45/><U118/><E118/><V35/><F35/><W104/><G36/><T21/><D87/><U67/><E67/><V30/><F30/><W114/><G114/><AGARI ba="1,0" hai="18,23,25,59,60,66,84,86,112,113,114" m="25839" machi="114" ten="30,2000,0" yaku="15,1,11,1" doraHai="64" who="1" fromWho="3" sc="287,0,328,23,91,0,294,-23" /><INIT seed="5,0,0,4,5,73" ten="287,351,91,271" oya="1" hai0="116,69,125,16,36,9,121,29,75,52,64,114,82" hai1="1,67,68,97,80,109,72,34,7,8,128,100,49" hai2="54,123,79,124,33,112,110,37,31,28,17,98,115" hai3="23,70,43,122,88,39,63,6,111,106,40,78,130"/><U44/><E128/><V47/><F123/><W50/><G111/><T76/><D116/><U96/><E34/><V105/><F110/><W104/><G39/><T15/><D36/><U62/><E109/><V91/><F124/><W85/><G122/><T10/><D121/><U86/><E72/><V65/><F65/><W55/><G130/><T53/><D114/><N who="2" m="43562" /><F17/><W41/><G6/><T119/><D119/><U89/><REACH who="1" step="1"/><E100/><REACH who="1" ten="287,341,91,271" step="2"/><V20/><F33/><W58/><G106/><T25/><D125/><U60/><E60/><V5/><F105/><W92/><G104/><T131/><D131/><U118/><E118/><V126/><F126/><W42/><G70/><T14/><D69/><U99/><E99/><V22/><F98/><W56/><G63/><T26/><D64/><U35/><E35/><V3/><F31/><W38/><G38/><T59/><D29/><U2/><E2/><V51/><F28/><W93/><G50/><T30/><D30/><U103/><E103/><V61/><F37/><W66/><G66/><T11/><D53/><AGARI ba="0,1" hai="1,7,8,44,49,53,62,67,68,80,86,89,96,97" machi="53" ten="30,2900,0" yaku="1,1,7,1,53,0" doraHai="73" doraHaiUra="132" who="1" fromWho="0" sc="287,-29,341,39,91,0,271,0" /><INIT seed="5,1,0,4,2,66" ten="258,380,91,271" oya="1" hai0="124,118,130,24,104,13,71,9,134,15,61,17,22" hai1="55,131,120,28,34,105,23,44,20,135,95,88,51" hai2="110,84,125,53,99,94,26,67,52,3,123,60,12" hai3="7,10,115,41,46,103,79,11,74,98,2,45,25"/><U92/><E120/><V114/><F123/><W76/><G115/><T96/><D118/><U132/><E105/><V18/><F110/><W36/><G10/><T64/><D130/><U8/><E131/><V73/><F73/><W129/><G129/><T4/><D134/><N who="1" m="51243" /><E95/><V87/><F3/><W121/><G121/><T83/><D124/><U49/><E8/><V30/><F125/><W14/><G14/><T59/><D83/><U16/><E51/><V108/><F108/><W29/><G45/><T48/><D104/><U127/><E127/><V107/><F114/><W90/><G90/><T35/><D96/><N who="1" m="57351" /><E16/><V75/><F75/><W58/><G74/><T27/><REACH who="0" step="1"/><D35/><REACH who="0" ten="248,380,91,271" step="2"/><U70/><E34/><V0/><F107/><W39/><G98/><T6/><D6/><U113/><E113/><V68/><F87/><W50/><G7/><T63/><D63/><U106/><E106/><V117/><F84/><W42/><G103/><T122/><D122/><U40/><E23/><V126/><F126/><W65/><G2/><T82/><D82/><U69/><E40/><V89/><F0/><W78/><G42/><T32/><D32/><U100/><E100/><V19/><F117/><W111/><G111/><T56/><D56/><U37/><E37/><V47/><F47/><W86/><G39/><T38/><D38/><U128/><E128/><V1/><F1/><W31/><G36/><T112/><D112/><U33/><E33/><V43/><F43/><W93/><G46/><T116/><D116/><U21/><E21/><N who="2" m="15695" /><F12/><W80/><G41/><T72/><D72/><U133/><E133/><RYUUKYOKU ba="1,1" sc="248,10,380,10,91,10,271,-30" hai0="4,9,13,15,17,22,24,27,48,59,61,64,71" hai1="20,28,44,49,55,69,70" hai2="18,19,52,53,60,67,68,89,94,99" /><INIT seed="5,2,1,0,0,76" ten="258,390,101,241" oya="1" hai0="14,121,101,39,56,33,31,42,114,103,118,95,50" hai1="48,46,43,34,1,15,106,66,83,3,111,71,10" hai2="99,7,73,69,44,97,54,21,125,60,78,81,133" hai3="47,74,13,109,17,64,100,2,8,122,96,38,36"/><U134/><E106/><V98/><F133/><W131/><G122/><T25/><D118/><U77/><E34/><V40/><F125/><W107/><G109/><T124/><D114/><U113/><E134/><V55/><F7/><W67/><G74/><T82/><D39/><U29/><E29/><V86/><F21/><W108/><G108/><T117/><D117/><U89/><E89/><V63/><F73/><W105/><G105/><T87/><D124/><U80/><E113/><V93/><F93/><W112/><G112/><T59/><D121/><U123/><E123/><V18/><F18/><W5/><G131/><T128/><D128/><U22/><E22/><V90/><F78/><W104/><G104/><T79/><D14/><U16/><E111/><V6/><F6/><W27/><G27/><T65/><D65/><U11/><E11/><V49/><REACH who="2" step="1"/><F69/><REACH who="2" ten="258,390,91,241" step="2"/><W135/><G135/><T126/><D126/><U116/><E77/><V30/><F30/><W72/><G72/><T130/><D130/><U68/><E68/><V12/><F12/><W70/><G70/><T115/><D115/><U19/><E19/><V92/><F92/><W9/><G17/><T51/><D95/><U20/><E116/><V85/><F85/><W61/><G13/><T45/><D31/><U75/><E75/><V24/><F24/><W94/><G107/><T32/><D33/><U28/><E28/><V102/><F102/><N who="0" m="38922" /><D32/><U4/><REACH who="1" step="1"/><E1/><REACH who="1" ten="258,380,91,241" step="2"/><V88/><F88/><W120/><G120/><T62/><D79/><U127/><E127/><V23/><F23/><W91/><G2/><T0/><D0/><RYUUKYOKU ba="2,3" sc="258,-15,380,15,91,15,241,-15" hai1="3,4,10,15,16,20,43,46,48,66,71,80,83" hai2="40,44,49,54,55,60,63,81,86,90,97,98,99" /><INIT seed="5,3,3,4,0,119" ten="243,395,106,226" oya="1" hai0="33,66,46,132,2,96,11,0,89,48,73,69,37" hai1="49,129,1,124,67,116,15,13,31,38,84,113,4" hai2="130,75,135,28,9,91,122,97,25,131,74,53,90" hai3="85,24,70,106,8,42,30,65,93,7,18,71,59"/><U60/><E38/><V111/><F111/><W51/><G106/><T50/><D73/><U120/><E116/><V26/><F9/><W14/><G65/><T103/><D33/><U115/><E31/><V86/><F135/><W121/><G121/><T105/><D132/><U78/><E124/><V10/><F10/><W77/><G18/><T88/><D37/><U134/><E120/><V110/><F110/><W55/><G42/><T29/><D29/><U94/><E129/><N who="2" m="49163" /><F122/><W6/><G6/><T3/><D11/><N who="1" m="2447" /><E49/><V123/><F123/><W92/><G92/><T128/><D50/><U68/><E134/><V127/><F127/><W87/><G87/><T125/><D125/><U102/><E78/><V108/><F108/><W104/><G104/><T133/><D133/><U43/><E43/><V16/><F53/><W36/><G36/><T12/><D12/><U54/><E54/><V118/><F118/><W99/><G85/><T22/><D22/><U17/><E17/><V107/><F16/><W72/><G77/><T76/><D76/><U58/><E68/><V5/><F5/><W44/><G72/><N who="2" m="27689" /><F86/><W27/><G27/><N who="2" m="10249" /><F28/><W45/><G70/><T109/><D109/><U20/><E84/><V63/><F63/><W61/><G61/><T39/><D128/><U21/><E21/><V23/><F23/><N who="3" m="15647" /><G71/><T126/><D126/><U82/><E20/><V114/><F107/><W100/><AGARI ba="3,3" hai="7,8,14,44,45,51,55,59,93,99,100" m="15647" machi="100" ten="30,1100,0" yaku="8,1" doraHai="119" who="3" fromWho="3" sc="243,-6,395,-8,106,-6,226,50" /><INIT seed="6,0,0,0,3,117" ten="237,387,100,276" oya="2" hai0="99,7,113,83,38,76,53,42,2,120,21,16,29" hai1="103,69,108,121,114,22,10,133,73,59,110,31,62" hai2="116,134,13,39,123,8,66,1,97,24,63,18,128" hai3="20,41,57,64,112,65,93,68,100,124,118,131,6"/><V109/><F116/><W127/><G118/><T58/><D113/><U3/><E73/><V101/><F39/><W126/><G68/><T130/><D130/><U35/><E69/><V86/><F128/><W30/><G131/><T32/><D99/><U52/><E35/><V36/><F36/><W50/><G6/><T12/><D42/><U51/><E114/><V26/><F134/><W61/><G112/><T119/><D38/><U107/><E133/><V129/><F129/><W44/><G100/><T4/><D119/><U67/><E121/><V9/><F109/><W46/><G93/><T43/><D43/><U25/><E107/><V85/><F123/><W74/><G74/><T132/><D2/><U106/><E106/><V79/><F9/><W80/><G80/><T14/><D14/><U71/><E103/><V28/><F1/><W95/><G95/><T5/><D132/><U96/><E96/><V125/><F125/><W135/><G135/><T75/><D120/><U19/><E31/><V45/><F45/><N who="3" m="25903" /><G65/><T88/><D88/><U48/><E48/><V47/><F47/><W82/><G82/><T23/><D32/><U94/><E94/><N who="2" m="58551" /><F79/><W72/><G72/><T78/><D78/><U89/><E89/><V77/><F77/><W92/><G92/><T81/><D81/><U34/><E34/><N who="2" m="20743" /><F26/><AGARI ba="0,0" hai="20,26,30,44,46,57,61,64,124,126,127" m="25903" machi="26" ten="30,1000,0" yaku="18,1" doraHai="117" who="3" fromWho="2" sc="237,0,387,0,100,-10,276,10" /><INIT seed="7,0,0,2,0,72" ten="237,387,90,286" oya="3" hai0="32,50,10,95,42,0,69,21,43,51,76,111,90" hai1="83,12,27,77,74,122,106,103,34,20,129,14,66" hai2="120,93,18,99,101,62,114,73,132,59,108,28,68" hai3="22,29,118,6,45,126,113,112,3,57,67,39,64"/><W119/><G6/><T134/><D32/><U128/><E122/><V26/><F108/><W11/><G11/><T125/><D69/><U8/><E34/><V88/><F120/><W80/><G3/><T124/><D111/><U25/><E66/><N who="3" m="25130" /><G22/><T35/><D35/><U117/><E117/><V100/><F114/><N who="3" m="44139" /><G29/><T36/><D36/><U97/><E27/><V135/><F68/><W96/><G96/><T109/><D109/><U84/><E74/><V30/><F73/><W19/><G19/><T48/><D134/><U16/><REACH who="1" step="1"/><E14/><REACH who="1" ten="237,377,90,286" step="2"/><V17/><F135/><W24/><G24/><T46/><D21/><U102/><E102/><V47/><F132/><W38/><G126/><T44/><D51/><U37/><E37/><N who="3" m="13834" /><G80/><T52/><D0/><U104/><E104/><V54/><F47/><W86/><G86/><T9/><D52/><U79/><E79/><V75/><F75/><W23/><G23/><T7/><D7/><AGARI ba="0,1" hai="7,8,12,16,20,25,77,83,84,97,103,106,128,129" machi="7" ten="40,8000,1" yaku="1,1,52,1,54,1,53,1" doraHai="72" doraHaiUra="4" who="1" fromWho="0" sc="237,-80,377,90,90,0,286,0" owari="157,-24.3,467,56.7,90,-41.0,286,8.6" /></mjloggm>