<mjloggm ver="2.3"><GO type="169" lobby="0"/><UN n0="%E3%81%A9%E3%82%93%E3%81%9F%E3%82%83%E3%82%93" n1="%E3%83%94%E3%83%B3%E3%82%B5%E3%83%AD%E5%BA%97%E5%93%A1" n2="%58%E7%8C%AB" n3="%E6%9C%AC%E5%AE%B6%E3%81%8B%E3%81%BE%E3%81%A9%E3%82%84" dan="16,17,16,16" rate="2146.47,2204.39,2057.46,2135.20" sx="F,M,M,M"/><TAIKYOKU oya="0"/><INIT seed="0,0,0,1,4,9" ten="250,250,250,250" oya="0" hai0="61,31,65,97,100,73,98,113,43,122,80,101,25" hai1="120,124,105,68,48,123,109,40,102,22,83,46,39" hai2="128,106,75,67,114,82,16,54,15,117,3,11,118" hai3="127,66,57,2,133,63,62,119,55,34,104,44,0"/><T52/><D113/><U28/><E68/><V135/><F114/><W56/><G104/><T13/><D122/><U130/><E109/><V1/><F106/><W93/><G34/><T50/><D43/><U38/><E130/><V69/><F128/><W33/><G33/><T71/><D98/><U132/><E132/><V107/><F107/><W121/><G93/><T78/><D97/><U111/><E111/><V116/><F135/><W35/><G35/><T64/><D64/><U76/><E124/><V88/><F54/><W129/><G2/><T41/><D41/><U90/><E90/><V92/><F82/><W19/><G19/><T7/><D7/><U5/><E5/><V37/><F75/><W53/><G0/><T47/><REACH who="0" step="1"/><D13/><REACH who="0" ten="240,250,250,250" step="2"/><U74/><E123/><V49/><F37/><W99/><G99/><T4/><D4/><U30/><E39/><V20/><F49/><N who="3" m="28839" /><G133/><T79/><D79/><U23/><E38/><V110/><F110/><W12/><G12/><T58/><D58/><U86/><E120/><V17/><F67/><W70/><G121/><T60/><D60/><U77/><E105/><V6/><F69/><W18/><G129/><T27/><D27/><U59/><E59/><V21/><F1/><W95/><G70/><T126/><D126/><U108/><E108/><V134/><F134/><W10/><G127/><T96/><D96/><U131/><E131/><V103/><F103/><W89/><G119/><T125/><D125/><U51/><E102/><V32/><F3/><W45/><G57/><T29/><D29/><N who="1" m="11371" /><E51/><V81/><F117/><W36/><G56/><RYUUKYOKU ba="0,1" sc="240,15,250,15,250,-15,250,-15" hai0="25,31,47,50,52,61,65,71,73,78,80,100,101" hai1="22,23,40,46,48,74,76,77,83,86" /><INIT seed="0,1,1,2,1,97" ten="255,265,235,235" oya="0" hai0="4,93,82,21,114,56,107,74,61,17,76,71,94" hai1="113,128,30,103,37,120,106,123,23,85,125,124,64" hai2="3,84,22,18,32,79,47,117,83,36,45,11,81" hai3="44,62,115,41,99,70,58,109,101,63,132,135,122"/><T40/><D114/><U90/><E37/><V7/><F32/><W127/><G109/><T20/><D71/><U15/><E64/><V6/><F117/><W24/><G115/><T65/><D4/><U126/><E113/><V35/><F7/><W46/><G127/><T5/><D5/><U34/><E34/><V49/><F36/><W116/><G116/><T96/><D40/><U77/><E77/><V111/><F111/><W119/><G119/><T104/><D94/><U51/><E128/><V118/><F118/><W87/><G122/><T134/><D134/><N who="3" m="51241" /><G70/><T69/><D69/><U26/><E15/><V89/><F35/><W27/><G87/><T95/><D95/><N who="1" m="54735" /><E51/><V72/><REACH who="2" step="1"/><F49/><REACH who="2" ten="255,265,225,235" step="2"/><N who="3" m="26767" /><G46/><T75/><D75/><U1/><E1/><V67/><F67/><N who="3" m="39383" /><G63/><T78/><D61/><U48/><E48/><V112/><F112/><W16/><G16/><T33/><D17/><U133/><E133/><V10/><F10/><W68/><G68/><T13/><D65/><U131/><E131/><V9/><F9/><W66/><G66/><T80/><D33/><U53/><E53/><V55/><F55/><W92/><AGARI ba="1,2" hai="24,27,92,99,101" m="39383,26767,51241" machi="92" ten="30,2000,0" yaku="20,1,52,1" doraHai="97" who="3" fromWho="3" sc="255,-11,265,-6,225,-6,235,43" /><INIT seed="1,0,0,4,3,68" ten="244,259,219,278" oya="1" hai0="42,53,1,107,127,16,89,61,123,103,113,44,132" hai1="79,4,82,6,135,77,2,23,129,108,80,7,39" hai2="97,25,0,133,46,9,131,110,67,73,33,24,115" hai3="95,15,48,128,124,76,94,18,26,12,93,99,63"/><U70/><E70/><V19/><F67/><W91/><G124/><T54/><D113/><U52/><E129/><V43/><F97/><W71/><G128/><T117/><D117/><U51/><E135/><V105/><F131/><W21/><G76/><T37/><D1/><U64/><E2/><V98/><F115/><W20/><G48/><T126/><D132/><U28/><E64/><V96/><F96/><W57/><G71/><T85/><D103/><U86/><E108/><V83/><F19/><N who="3" m="12575" /><G12/><T11/><D107/><U87/><E39/><N who="2" m="21887" /><F110/><W3/><G3/><T35/><D35/><U104/><E104/><V34/><F25/><W8/><G8/><T111/><D111/><U102/><E102/><N who="2" m="62679" /><F24/><W59/><G59/><T50/><D61/><U130/><E130/><V92/><F92/><W31/><G31/><T40/><D40/><U122/><E122/><V17/><F17/><W75/><G75/><T65/><D65/><AGARI ba="0,0" hai="15,18,21,57,63,65,91,93,94,95,99" m="12575" machi="65" ten="30,1000,0" yaku="8,1" doraHai="68" who="3" fromWho="0" sc="244,-10,259,0,219,0,278,10" /><INIT seed="2,0,0,3,3,56" ten="234,259,219,288" oya="2" hai0="84,75,6,76,127,29,62,118,21,66,16,30,15" hai1="104,128,119,24,36,27,32,97,87,12,42,99,92" hai2="45,18,55,39,38,4,86,130,110,107,22,82,72" hai3="26,85,134,19,60,88,109,67,79,122,7,48,129"/><V69/><F72/><W23/><G122/><T100/><D75/><U96/><E119/><V93/><F107/><W111/><G129/><T133/><D118/><U61/><E104/><V13/><F130/><W64/><G134/><T31/><D133/><U63/><E128/><V49/><F110/><W80/><G7/><T113/><D113/><U115/><E115/><V105/><F105/><W83/><G48/><T117/><D117/><U101/><E36/><V91/><F69/><W59/><REACH who="3" step="1"/><G67/><REACH who="3" ten="234,259,219,278" step="2"/><T106/><D6/><U70/><E70/><V135/><F135/><W126/><G126/><T10/><D127/><U132/><E132/><V95/><F39/><W120/><G120/><T5/><D5/><U74/><E74/><AGARI ba="0,1" hai="19,23,26,59,60,64,74,79,80,83,85,88,109,111" machi="74" ten="40,5200,0" yaku="1,1,52,1,54,1,53,0" doraHai="56" doraHaiUra="90" who="3" fromWho="1" sc="234,0,259,-52,219,0,278,62" /><INIT seed="3,0,0,2,0,56" ten="234,207,219,340" oya="3" hai0="38,5,21,89,65,79,50,26,104,97,75,35,121" hai1="129,125,45,78,19,48,90,118,4,73,54,88,77" hai2="9,126,46,67,24,23,47,91,14,69,96,39,33" hai3="36,8,12,94,51,40,68,93,72,87,112,71,103"/><W106/><G112/><T59/><D38/><U2/><E129/><V127/><F33/><W16/><G72/><T17/><D121/><U25/><E125/><V122/><F122/><W34/><G36/><T53/><D5/><U7/><E118/><V70/><F96/><W131/><G131/><T57/><D35/><U119/><E119/><V132/><F91/><N who="1" m="34857" /><E2/><V133/><F39/><W95/><G87/><T6/><D6/><N who="1" m="2091" /><E73/><V44/><F9/><W109/><G34/><T62/><D89/><U30/><E30/><V63/><F14/><W105/><G105/><T20/><D20/><AGARI ba="0,0" hai="19,20,25,45,48,54,77,78" m="2091,34857" machi="20" ten="30,2000,0" yaku="8,1,54,1" doraHai="56" who="1" fromWho="0" sc="234,-20,207,20,219,0,340,0" /><INIT seed="4,0,0,0,3,110" ten="214,227,219,340" oya="0" hai0="57,49,47,109,56,71,30,64,132,20,55,61,80" hai1="81,53,8,127,125,87,133,2,37,26,1,63,89" hai2="40,91,73,84,36,21,18,122,130,45,112,59,4" hai3="43,50,76,131,39,7,119,12,72,78,42,28,134"/><T3/><D3/><U70/><E37/><V128/><F122/><W17/><G119/><T9/><D109/><U58/><E133/><V121/><F121/><W24/><G39/><T100/><D132/><U66/><E26/><V14/><F73/><W11/><G131/><T51/><D100/><U83/><E83/><V123/><F123/><W10/><G72/><T15/><D80/><U105/><E105/><V74/><F74/><W32/><G134/><T96/><D96/><U82/><E82/><V102/><F102/><W33/><G33/><T126/><D126/><N who="1" m="48139" /><E8/><V46/><F46/><W0/><G43/><T25/><REACH who="0" step="1"/><D51/><AGARI ba="0,0" hai="1,2,51,53,58,63,66,70,81,87,89" m="48139" machi="51" ten="30,1000,0" yaku="18,1" doraHai="110" who="1" fromWho="0" sc="214,-10,227,10,219,0,340,0" /><INIT seed="5,0,0,3,2,77" ten="204,237,219,340" oya="1" hai0="105,14,132,94,117,85,30,26,102,47,9,41,72" hai1="15,101,55,110,99,98,38,35,44,131,61,6,97" hai2="88,103,43,48,125,12,28,84,54,112,56,121,133" hai3="10,107,5,13,27,4,49,70,0,95,64,113,59"/><U71/><E35/><V74/><F121/><W126/><G107/><T33/><D117/><U8/><E131/><V23/><F74/><W120/><G70/><T87/><D72/><U3/><E110/><V106/><F133/><W108/><G113/><T66/><D132/><U36/><E101/><V124/><F112/><W31/><G126/><T17/><D105/><U65/><REACH who="1" step="1"/><E3/><REACH who="1" ten="204,227,219,340" step="2"/><V22/><F103/><W18/><G108/><T24/><D102/><U119/><E119/><V116/><F116/><W29/><G0/><T34/><D34/><U63/><E63/><V91/><F106/><W118/><G120/><T134/><D134/><U90/><E90/><V19/><F91/><W40/><G118/><T2/><D2/><U42/><E42/><V1/><F1/><W76/><G40/><T46/><D41/><U39/><E39/><V96/><F43/><W60/><G60/><T25/><D33/><U37/><E37/><V73/><F73/><W104/><G49/><AGARI ba="0,1" hai="6,8,15,36,38,44,49,55,61,65,71,97,98,99" machi="49" ten="40,2000,0" yaku="1,1,53,0" doraHai="77" doraHaiUra="129" who="1" fromWho="3" sc="204,0,227,30,219,0,340,-20" /><INIT seed="5,1,0,1,4,110" ten="204,257,219,320" oya="1" hai0="3,67,88,113,56,65,18,0,27,11,134,5,8" hai1="112,128,37,83,42,54,79,97,20,111,14,57,39" hai2="44,93,76,106,120,81,25,101,72,30,71,15,51" hai3="68,130,62,92,12,86,32,105,58,89,29,40,4"/><U31/><E111/><V117/><F120/><W35/><G105/><T19/><D134/><U122/><E122/><V82/><F117/><W33/><G68/><T100/><D100/><U95/><E128/><V133/><F133/><W47/><G130/><T119/><D119/><U52/><E112/><V132/><F132/><W91/><G29/><T36/><D36/><U43/><E39/><V102/><F71/><W10/><G91/><T28/><D88/><N who="1" m="55527" /><E37/><V45/><F45/><W17/><G4/><N who="0" m="1031" /><D56/><U74/><E74/><V98/><F15/><W69/><G69/><T118/><D67/><U85/><E54/><V125/><F125/><W49/><G35/><N who="0" m="20895" /><D65/><AGARI ba="1,0" hai="10,12,17,32,33,40,47,49,58,62,65,86,89,92" machi="65" ten="30,1000,0" yaku="7,1" doraHai="110" who="3" fromWho="0" sc="204,-13,257,0,219,0,320,13" /><INIT seed="6,0,0,5,4,132" ten="191,257,219,333" oya="2" hai0="61,0,75,28,30,128,15,66,41,2,56,86,118" hai1="10,43,52,125,117,126,101,46,9,51,73,1,53" hai2="49,131,135,84,21,67,113,65,103,45,96,83,130" hai3="63,102,134,95,77,99,93,90,82,8,4,58,107"/><V40/><F113/><W69/><G69/><T48/><D75/><U50/><E117/><V108/><F135/><W79/><G134/><T60/><D118/><U76/><E101/><V33/><F33/><W89/><G63/><T32/><D128/><N who="2" m="49194" /><F108/><W74/><G58/><T92/><D61/><U12/><E1/><V78/><F21/><W85/><G8/><T54/><D41/><U123/><E123/><V3/><F3/><W133/><G4/><T122/><D122/><U57/><E43/><V11/><F11/><W105/><G133/><T25/><D28/><U7/><REACH who="1" step="1"/><E10/><REACH who="1" ten="191,247,219,333" step="2"/><V110/><F110/><W88/><G105/><AGARI ba="0,1" hai="40,45,49,65,67,78,83,84,96,103,105" m="49194" machi="105" ten="30,1500,0" yaku="19,1" doraHai="132" who="2" fromWho="3" sc="191,0,247,0,219,25,333,-15" /><INIT seed="6,1,0,1,2,64" ten="191,247,244,318" oya="2" hai0="102,109,50,45,14,51,28,37,73,36,115,99,101" hai1="135,80,96,43,29,129,120,95,70,125,127,124,33" hai2="134,63,13,62,108,26,2,93,17,53,66,76,8" hai3="19,78,112,65,61,9,15,48,90,128,132,46,91"/><V81/><F134/><W116/><G116/><T47/><D73/><U111/><E111/><V133/><F108/><W10/><G128/><T57/><D109/><U11/><E129/><V87/><F133/><W21/><G78/><T54/><D28/><U23/><E135/><V104/><F104/><W72/><G72/><T32/><D32/><U83/><E33/><V68/><F2/><W92/><G112/><T69/><D115/><U75/><E120/><V88/><F26/><W49/><G49/><T25/><D25/><N who="1" m="16575" /><E43/><V0/><F0/><W30/><G30/><T122/><D122/><U38/><E38/><V121/><F121/><W4/><G10/><T114/><D114/><U24/><E24/><V123/><F123/><W34/><G92/><T55/><D57/><U84/><E11/><V5/><F5/><W1/><G34/><T103/><D99/><U56/><E56/><V31/><F31/><W22/><G22/><T18/><REACH who="0" step="1"/><D69/><REACH who="0" ten="181,247,244,318" step="2"/><U12/><E75/><V74/><F74/><W7/><G132/><T35/><D35/><U79/><E96/><V105/><F68/><W85/><G85/><T42/><D42/><U98/><E70/><V94/><F87/><W119/><G119/><T126/><D126/><U97/><E97/><V44/><F44/><W3/><G3/><T60/><D60/><U41/><E98/><V107/><F63/><W16/><G1/><T27/><D27/><U59/><E127/><V52/><F62/><W71/><G61/><T82/><D82/><N who="1" m="47199" /><E125/><V86/><F86/><W40/><G71/><T110/><D110/><U117/><E124/><RYUUKYOKU ba="1,1" sc="181,30,247,-10,244,-10,318,-10" hai0="14,18,36,37,45,47,50,51,54,55,101,102,103" /><INIT seed="7,2,1,4,0,125" ten="211,237,234,308" oya="3" hai0="113,61,72,30,38,49,55,83,108,46,0,97,39" hai1="71,52,34,109,107,47,22,15,127,87,101,93,132" hai2="75,131,96,41,51,43,28,90,110,88,37,103,115" hai3="3,98,76,116,62,135,84,6,129,26,104,118,130"/><W78/><G135/><T35/><D108/><U105/><E34/><V31/><F110/><W27/><G3/><T57/><D0/><U53/><E71/><V119/><F119/><N who="3" m="45611" /><G6/><T4/><D4/><U69/><E69/><V29/><F75/><W12/><G12/><T60/><D113/><U7/><E109/><V86/><F115/><W114/><G114/><T100/><D61/><U1/><E1/><V17/><F131/><N who="3" m="50187" /><G62/><T48/><D48/><U120/><E132/><V16/><F37/><W20/><G84/><T56/><D56/><U92/><E87/><V21/><F86/><W45/><G45/><T79/><D30/><U85/><E47/><V73/><F73/><W64/><G64/><T19/><D19/><U44/><E44/><N who="2" m="25999" /><F17/><N who="3" m="12559" /><G27/><T59/><D35/><U89/><E7/><V68/><F68/><W77/><G98/><T13/><D13/><U24/><E15/><N who="2" m="9375" /><F43/><W94/><G94/><AGARI ba="2,1" hai="28,29,31,88,90,94,96,103" m="9375,25999" machi="94" ten="30,3900,0" yaku="8,1,54,2" doraHai="125" who="2" fromWho="3" sc="211,0,237,0,234,55,308,-45" /><INIT seed="8,0,0,1,3,41" ten="211,237,289,263" oya="0" hai0="86,128,132,37,112,49,131,7,82,15,34,32,134" hai1="43,17,122,93,65,13,31,20,4,35,81,61,88" hai2="91,125,60,83,48,114,53,68,24,118,26,133,130" hai3="96,77,105,66,40,79,70,55,56,85,116,90,92"/><T27/><D37/><U75/><E122/><V14/><F114/><W1/><G116/><T10/><D112/><U29/><E35/><N who="0" m="13353" /><D49/><U127/><E127/><V25/><F125/><W80/><G1/><T119/><D119/><U129/><E129/><N who="0" m="49737" /><D86/><U12/><E43/><V111/><F130/><W38/><G105/><T102/><D102/><U104/><E104/><V58/><F118/><W57/><G77/><T33/><D82/><U36/><E36/><V47/><F111/><W109/><G109/><T87/><D87/><N who="1" m="52383" /><E81/><V107/><F107/><W62/><G38/><T74/><D74/><U69/><E75/><V135/><F83/><W8/><G40/><T18/><N who="0" m="13361" /><T51/><DORA hai="5" /><D51/><U97/><E97/><V11/><F91/><W64/><G64/><T28/><D28/><U46/><E31/><V0/><F0/><W115/><G55/><T100/><D100/><U30/><E30/><V39/><F39/><W6/><G115/><T94/><D94/><U108/><E29/><V59/><F53/><W45/><G70/><T106/><D106/><U23/><E108/><V76/><F68/><W67/><G67/><T103/><D103/><U54/><E69/><V120/><F76/><W89/><G79/><T98/><D98/><U78/><E78/><V21/><F48/><W84/><G96/><T73/><D73/><U113/><E113/><V101/><F101/><W72/><G72/><T121/><D121/><U19/><E65/><V50/><F120/><W44/><G57/><T42/><D42/><U52/><E54/><V124/><F59/><W71/><G71/><RYUUKYOKU ba="0,0" sc="211,15,237,-15,289,-15,263,15" hai0="7,10,15,18,27,132,134" hai3="6,8,44,45,56,62,66,80,84,85,89,90,92" /><INIT seed="8,1,0,5,0,103" ten="226,222,274,278" oya="0" hai0="67,10,45,25,128,40,99,59,135,19,20,18,113" hai1="92,94,15,22,76,91,90,35,26,89,61,123,121" hai2="118,13,44,78,41,7,77,122,6,115,2,116,133" hai3="60,57,117,86,124,108,87,84,36,134,102,85,132"/><T63/><D113/><U46/><E76/><N who="2" m="29291" /><F115/><W21/><G108/><T83/><D135/><U70/><E35/><V47/><F122/><W119/><G36/><T53/><D128/><U65/><E15/><V24/><F133/><N who="3" m="51307" /><G124/><T8/><D83/><U74/><E74/><V28/><F2/><W5/><G5/><N who="2" m="1545" /><F13/><W111/><G111/><T98/><D67/><U73/><E73/><V104/><F104/><W95/><G21/><T79/><D79/><U106/><E106/><V96/><F96/><N who="0" m="36906" /><D19/><U110/><E110/><V49/><F49/><AGARI ba="1,0" hai="8,10,18,20,25,40,45,49,53,59,63" m="36906" machi="49" ten="30,1500,0" yaku="8,1" doraHai="103" who="0" fromWho="2" sc="226,18,222,0,274,-18,278,0" /><INIT seed="8,2,0,4,5,17" ten="244,222,256,278" oya="0" hai0="68,42,1,109,88,69,62,44,79,41,55,106,16" hai1="75,118,27,114,22,38,91,40,73,30,54,72,64" hai2="80,78,107,23,66,48,103,18,7,122,98,59,51" hai3="37,130,105,11,70,33,81,46,61,57,21,34,58"/><T8/><D106/><U121/><E121/><V110/><F110/><W25/><G105/><T102/><D102/><U12/><E118/><V111/><F111/><W84/><G11/><T95/><D79/><U36/><E114/><V77/><F122/><W32/><G130/><T127/><D109/><U26/><E64/><V101/><F7/><W50/><G37/><T10/><D127/><U97/><E40/><N who="0" m="15465" /><D1/><U115/><E115/><V3/><F103/><W93/><G93/><T20/><D69/><U99/><E12/><V9/><F77/><W134/><G134/><T83/><D83/><U131/><E131/><V45/><F45/><W94/><G94/><T56/><D44/><U39/><E91/><V87/><F9/><W124/><G124/><T53/><D53/><U119/><E119/><V129/><F3/><W13/><G46/><T47/><D68/><U92/><E92/><V135/><F135/><W28/><G70/><T123/><D47/><U120/><E120/><V76/><F76/><W133/><G133/><T125/><D125/><U15/><E54/><V74/><F74/><W71/><G71/><T108/><D108/><U116/><E116/><V96/><F129/><W29/><G34/><T35/><D35/><U65/><E65/><V24/><REACH who="2" step="1"/><F98/><REACH who="2" ten="244,222,246,278" step="2"/><W67/><G67/><T85/><D123/><U60/><E99/><V90/><F90/><W52/><G84/><T31/><D31/><N who="1" m="17879" /><E97/><V14/><F14/><AGARI ba="2,1" hai="8,10,14,16,20,55,56,62,85,88,95" m="15465" machi="14" ten="30,11600,0" yaku="8,1,52,1,54,2" doraHai="17" who="0" fromWho="2" sc="244,132,222,0,246,-122,278,0" owari="376,47.6,222,-17.8,124,-37.6,278,7.8" /></mjloggm>