<mjloggm ver="2.3"><GO type="169" lobby="0"/><UN n0="%E5%A4%A7%E6%A5%A0%E5%85%AC" n1="%E5%A4%A9%E6%89%8D%E9%BA%BB%E5%B0%86%E6%99%BA%E4%B9%83" n2="%E3%81%A6%E3%82%93%E3%81%8F%E3%81%86" n3="%E9%9B%BB%E6%B0%97%47%52%4F%4F%56%45" dan="16,16,16,16" rate="2138.68,2129.29,2179.55,2138.01" sx="M,M,M,F"/><TAIKYOKU oya="0"/><INIT seed="0,0,0,4,5,27" ten="250,250,250,250" oya="0" hai0="61,117,36,129,7,119,54,89,120,4,5,43,45" hai1="103,87,44,93,126,99,83,2,101,1,131,135,95" hai2="98,49,55,46,74,31,68,71,21,30,116,121,82" hai3="115,26,77,52,108,62,51,32,12,70,91,112,60"/><T33/><D120/><U59/><E131/><V123/><F116/><W67/><G108/><T113/><D113/><U20/><E135/><V35/><F35/><W80/><G62/><T106/><D129/><U76/><E126/><V3/><F3/><W88/><G115/><T28/><D106/><U29/><E44/><V102/><F21/><W41/><G41/><T124/><D124/><U19/><E59/><V57/><F71/><W133/><G133/><T118/><D89/><U132/><E132/><V100/><F68/><W130/><G112/><T78/><D78/><U24/><REACH who="1" step="1"/><E19/><REACH who="1" ten="250,240,250,250" step="2"/><V64/><F46/><W85/><G130/><T86/><D117/><U25/><E25/><V16/><F16/><W40/><G40/><T65/><D118/><U17/><E17/><V9/><F57/><W38/><G38/><T122/><D119/><U134/><E134/><V114/><F114/><W42/><G42/><T58/><D122/><U66/><E66/><V39/><F64/><W10/><G26/><T125/><D125/><U34/><E34/><V13/><F39/><W72/><G32/><T0/><D33/><U23/><E23/><V79/><F123/><W14/><G67/><T111/><D65/><U47/><E47/><V37/><F37/><W92/><G70/><T75/><D45/><U104/><E104/><V127/><F127/><W63/><G10/><T94/><D36/><U110/><E110/><V11/><F11/><W84/><G12/><T105/><D43/><U97/><AGARI ba="0,1" hai="1,2,20,24,29,76,83,87,93,95,97,99,101,103" machi="97" ten="30,7900,0" yaku="1,1,0,1,9,1,52,1,53,0" doraHai="27" doraHaiUra="50" who="1" fromWho="1" sc="250,-39,240,89,250,-20,250,-20" /><INIT seed="1,0,0,2,4,113" ten="211,329,230,230" oya="1" hai0="127,105,37,109,55,120,33,17,27,78,38,135,81" hai1="95,76,25,47,79,40,35,86,130,53,43,65,44" hai2="31,66,73,2,61,132,92,99,51,121,101,68,13" hai3="46,102,0,70,111,59,7,12,94,75,117,9,34"/><U54/><E130/><V118/><F121/><W3/><G70/><T29/><D120/><U125/><E125/><V24/><F2/><W8/><G75/><T39/><D127/><U11/><E65/><V41/><F73/><W67/><G34/><T71/><D109/><U80/><E95/><V108/><F108/><W49/><G111/><T36/><D135/><U103/><E103/><V87/><F132/><W18/><G67/><T56/><D71/><U45/><E11/><V123/><F123/><W100/><G59/><T96/><D36/><U30/><REACH who="1" step="1"/><E76/><REACH who="1" ten="211,319,230,230" step="2"/><V1/><F92/><W122/><G122/><T82/><D78/><U32/><E32/><V106/><F101/><W69/><G94/><T84/><D105/><U90/><E90/><V63/><F66/><W112/><G8/><T104/><D104/><U128/><E128/><V58/><F106/><W119/><G100/><T126/><D126/><U22/><E22/><V110/><F110/><W10/><G102/><T91/><D96/><U52/><AGARI ba="0,1" hai="25,30,35,40,43,44,45,47,52,53,54,79,80,86" machi="52" ten="30,11700,0" yaku="1,1,0,1,54,1,53,1" doraHai="113" doraHaiUra="21" who="1" fromWho="1" sc="211,-39,319,127,230,-39,230,-39" /><INIT seed="1,1,0,0,4,56" ten="172,446,191,191" oya="1" hai0="21,11,52,86,50,29,68,71,83,19,104,26,110" hai1="14,67,134,116,127,37,117,118,2,20,78,65,79" hai2="120,77,128,33,57,7,109,34,23,47,38,73,132" hai3="61,76,36,18,4,84,93,32,12,82,99,9,119"/><U16/><E2/><V46/><F120/><W105/><G36/><T27/><D104/><U60/><E134/><V53/><F132/><W129/><G129/><T42/><D42/><U64/><E37/><V40/><F47/><W70/><G105/><T106/><D106/><U48/><E127/><V5/><F128/><W49/><G32/><T30/><D110/><U69/><E48/><V103/><F103/><W113/><G113/><T111/><D111/><U124/><E124/><V13/><F5/><W107/><G107/><T62/><D11/><U15/><E15/><V3/><F13/><W51/><G119/><T125/><D125/><U115/><E115/><V6/><F23/><W95/><G95/><T10/><D10/><U130/><E130/><V80/><F7/><W89/><REACH who="3" step="1"/><G4/><REACH who="3" ten="172,446,191,181" step="2"/><T102/><D102/><U81/><REACH who="1" step="1"/><E79/><REACH who="1" ten="172,436,191,181" step="2"/><V74/><F109/><W97/><G97/><T96/><D96/><U63/><E63/><V55/><F77/><W100/><G100/><T59/><D50/><U54/><E54/><V114/><F55/><W92/><G92/><T39/><D39/><U133/><E133/><V22/><F53/><W44/><G44/><T24/><D30/><U25/><E25/><V35/><F38/><W72/><G72/><AGARI ba="1,2" hai="14,16,20,60,64,65,67,69,72,78,81,116,117,118" machi="72" ten="40,7700,0" yaku="1,1,52,1,54,1,53,0" doraHai="56" doraHaiUra="123" who="1" fromWho="3" sc="172,0,436,100,191,0,181,-80" /><INIT seed="1,2,0,3,5,103" ten="172,536,191,101" oya="1" hai0="68,121,51,55,12,89,123,53,128,134,35,39,27" hai1="132,105,83,47,57,73,49,86,29,94,40,16,115" hai2="71,113,116,50,114,18,126,17,56,99,130,41,33" hai3="101,107,110,65,22,44,135,6,91,31,98,4,124"/><U54/><E115/><V30/><F71/><W46/><G110/><T66/><D39/><U63/><E29/><V70/><F70/><W96/><G135/><T58/><D134/><U74/><E132/><V80/><F116/><W109/><G109/><T14/><D128/><U111/><E111/><V11/><F130/><W2/><G124/><T25/><D68/><U13/><E94/><V43/><F56/><W1/><G65/><T79/><D66/><U61/><E105/><V82/><F50/><W69/><G69/><T122/><D79/><U117/><E63/><V119/><F11/><W127/><G127/><T118/><D118/><U120/><E120/><V95/><F119/><W0/><G22/><T42/><D42/><U93/><E93/><V106/><F95/><W131/><G31/><T7/><D89/><U125/><E125/><V36/><F30/><W24/><G24/><N who="0" m="9291" /><D35/><U87/><E87/><V32/><F126/><W60/><G60/><N who="0" m="35919" /><D7/><N who="3" m="2601" /><G131/><T78/><D78/><U77/><REACH who="1" step="1"/><E117/><REACH who="1" ten="172,526,191,101" step="2"/><V8/><F106/><W104/><G104/><T62/><D62/><U88/><E88/><V37/><F99/><W23/><G91/><T85/><D85/><U81/><E81/><V34/><F34/><W52/><G96/><T76/><D76/><U108/><E108/><V48/><F114/><W112/><G112/><T75/><D75/><U59/><E59/><AGARI ba="2,1" hai="12,14,51,55,59,121,122,123" m="35919,9291" machi="59" ten="30,1000,0" yaku="13,1" doraHai="103" who="0" fromWho="1" sc="172,26,526,-16,191,0,101,0" /><INIT seed="2,0,0,0,4,103" ten="198,510,191,101" oya="2" hai0="133,106,54,117,88,4,15,134,25,74,45,76,43" hai1="60,3,80,9,50,22,28,116,62,35,70,51,71" hai2="75,126,78,96,82,47,91,31,123,95,38,57,18" hai3="58,130,19,109,36,125,100,87,27,0,122,24,115"/><V121/><F126/><W48/><G36/><T81/><D117/><U73/><E35/><V30/><F18/><W49/><G122/><T67/><D67/><U131/><E116/><V132/><F132/><W112/><G0/><T40/><D54/><U26/><E131/><V72/><F72/><W118/><G118/><T104/><D25/><U129/><E129/><V83/><F83/><W69/><G69/><T53/><D53/><U65/><E3/><V64/><F30/><W119/><G119/><T98/><D15/><U52/><E9/><V12/><F31/><W17/><G100/><T124/><D4/><U5/><E5/><V66/><F12/><W99/><G58/><T92/><D124/><U68/><E51/><V13/><F13/><W61/><G61/><T107/><REACH who="0" step="1"/><D40/><REACH who="0" ten="188,510,191,101" step="2"/><U56/><E62/><V41/><F66/><W114/><G125/><T63/><D63/><U108/><E65/><V23/><F64/><W6/><G6/><T32/><D32/><U16/><E60/><V59/><F123/><W42/><G42/><T55/><D55/><U111/><E70/><V97/><F121/><W102/><G24/><T89/><D89/><U46/><E71/><V128/><F128/><W84/><G27/><T127/><D127/><U39/><E68/><V86/><F23/><W34/><G130/><T21/><D21/><U85/><E28/><V33/><F33/><W113/><G34/><T14/><D14/><U11/><E22/><V7/><F7/><W93/><G115/><T1/><D1/><U105/><E26/><V77/><F77/><W110/><G114/><RYUUKYOKU ba="0,1" sc="188,15,510,-15,191,15,101,-15" hai0="43,45,74,76,81,88,92,98,104,106,107,133,134" hai2="38,41,47,57,59,75,78,82,86,91,95,96,97" /><INIT seed="2,1,1,4,1,33" ten="203,495,206,86" oya="2" hai0="128,71,102,54,36,112,35,64,94,75,67,118,82" hai1="76,86,104,115,2,65,5,30,4,110,28,80,27" hai2="23,117,43,63,3,121,88,61,103,10,56,124,38" hai3="106,31,32,133,98,114,45,59,91,123,53,12,109"/><V93/><F117/><W1/><G123/><T66/><D112/><U90/><E115/><V8/><F121/><W127/><G114/><T131/><D118/><U20/><E104/><V52/><F124/><W95/><G127/><T68/><D35/><U81/><E110/><V116/><F116/><W97/><G133/><T79/><D36/><U113/><E113/><V50/><F103/><W51/><G109/><T9/><D54/><U84/><E2/><V34/><F34/><W62/><G106/><T100/><D9/><U15/><E30/><V70/><F23/><W14/><G98/><T18/><D18/><U101/><E101/><N who="0" m="39017" /><D94/><U41/><E41/><V25/><F25/><W21/><G1/><T48/><D48/><U24/><E24/><V120/><F61/><W77/><G77/><T69/><D82/><U85/><E65/><N who="2" m="41279" /><F3/><W108/><G32/><T126/><D126/><U135/><E135/><V78/><F78/><W0/><G0/><T92/><D92/><N who="1" m="54343" /><E15/><V37/><F37/><W22/><G108/><T40/><D40/><U130/><E81/><V11/><F120/><W89/><G31/><T72/><D79/><U58/><E20/><N who="3" m="7786" /><G12/><T44/><D44/><U7/><E27/><V55/><F11/><W29/><G29/><T111/><D111/><U17/><E28/><V119/><F119/><W60/><G14/><T73/><AGARI ba="1,1" hai="64,66,67,68,69,71,72,73,75,128,131" m="39017" machi="73" ten="50,8000,1" yaku="29,2,28,2" doraHai="33" who="0" fromWho="0" sc="203,93,495,-21,206,-41,86,-21" /><INIT seed="3,0,0,0,0,113" ten="296,474,165,65" oya="3" hai0="23,28,39,72,35,3,135,127,57,52,74,42,19" hai1="103,38,77,79,29,60,6,96,97,41,99,53,7" hai2="107,84,55,95,83,16,80,45,73,112,13,126,100" hai3="91,85,18,66,0,54,87,65,121,69,33,1,68"/><W24/><G121/><T118/><D3/><U123/><E123/><V9/><F126/><W130/><G130/><T102/><D127/><U22/><E41/><V71/><F112/><W27/><G54/><T12/><D135/><U5/><E38/><V120/><F120/><W104/><G18/><T88/><D102/><U26/><E103/><V129/><F129/><W90/><REACH who="3" step="1"/><G33/><REACH who="3" ten="296,474,165,55" step="2"/><T8/><D35/><U58/><AGARI ba="0,1" hai="5,6,7,22,26,29,53,58,60,77,79,96,97,99" machi="58" ten="40,2700,0" yaku="0,1,8,1" doraHai="113" who="1" fromWho="1" sc="296,-7,474,37,165,-7,55,-13" /><INIT seed="4,0,0,0,3,19" ten="289,511,158,42" oya="0" hai0="39,91,24,48,37,45,64,15,21,0,111,78,4" hai1="27,133,89,103,62,98,33,51,42,126,71,8,20" hai2="46,115,130,131,18,34,107,108,119,113,66,101,95" hai3="60,106,77,56,123,29,85,30,58,69,83,44,6"/><T86/><D0/><U105/><E133/><V3/><F34/><W23/><G123/><T82/><D111/><U104/><E104/><V5/><F66/><W11/><G106/><T128/><D128/><N who="2" m="49194" /><F18/><W110/><G110/><T54/><D64/><U84/><E8/><V92/><F46/><W61/><G44/><T112/><D112/><N who="2" m="43082" /><F5/><W38/><G38/><T132/><D132/><U70/><E126/><V94/><F3/><W47/><G47/><T73/><D15/><U120/><E120/><V17/><F17/><W55/><G69/><T97/><D97/><U134/><E71/><V53/><F53/><W32/><G32/><T124/><D124/><U81/><E51/><V93/><F108/><W9/><G6/><T59/><D4/><U80/><E42/><V28/><F28/><W99/><G99/><T7/><D7/><U127/><E127/><V57/><F57/><W52/><G29/><T41/><D37/><U2/><E2/><V63/><F63/><W10/><G10/><T114/><D114/><U36/><E36/><V31/><F31/><W35/><G35/><T26/><REACH who="0" step="1"/><D21/><REACH who="0" ten="279,511,158,42" step="2"/><U96/><E20/><V75/><F101/><W22/><REACH who="3" step="1"/><G23/><REACH who="3" ten="279,511,158,32" step="2"/><T1/><D1/><U40/><E98/><V49/><F119/><W25/><AGARI ba="0,2" hai="9,11,22,25,30,52,55,56,58,60,61,77,83,85" machi="25" ten="30,12000,2" yaku="1,1,2,1,0,1,9,1,8,1,52,1,54,1,53,0" doraHai="19" doraHaiUra="129" who="3" fromWho="3" sc="279,-60,511,-30,158,-30,32,140" /><INIT seed="5,0,0,2,4,76" ten="219,481,128,172" oya="1" hai0="15,130,56,68,13,104,112,93,43,94,66,32,116" hai1="118,135,123,6,134,61,54,52,97,24,110,109,21" hai2="48,65,9,3,8,72,35,114,27,30,1,39,131" hai3="92,124,14,51,16,78,12,28,115,86,22,11,96"/><U89/><E118/><V4/><F39/><W26/><G115/><T101/><D112/><U18/><E123/><V129/><F114/><W34/><G124/><T119/><D130/><N who="2" m="49674" /><F48/><W103/><G51/><T125/><D125/><U73/><E73/><V121/><F65/><W19/><G78/><T40/><D32/><U120/><E6/><N who="2" m="1103" /><F72/><W108/><REACH who="3" step="1"/><G86/><REACH who="3" ten="219,481,128,162" step="2"/><T71/><D119/><U38/><E38/><V102/><F102/><W59/><G59/><T113/><D56/><U57/><E120/><AGARI ba="0,1" hai="3,4,9,27,30,35,120,121" m="1103,49674" machi="120" ten="30,7700,0" yaku="19,1,23,1,34,2" doraHai="76" who="2" fromWho="1" sc="219,0,481,-77,128,87,162,0" /><INIT seed="6,0,0,5,3,23" ten="219,404,215,162" oya="2" hai0="102,106,49,72,86,111,95,120,113,38,64,31,50" hai1="93,123,128,46,4,30,107,121,6,17,127,0,52" hai2="133,60,104,69,115,108,109,25,88,27,92,122,90" hai3="39,10,35,61,15,91,22,66,57,75,21,97,119"/><V78/><F104/><W76/><G119/><T125/><D38/><U118/><E107/><V2/><F122/><N who="1" m="46601" /><E118/><V37/><F2/><W89/><G35/><T1/><D86/><U82/><E128/><V45/><F78/><W44/><G39/><T94/><D50/><N who="1" m="28759" /><E127/><V43/><F115/><W34/><G34/><T73/><D49/><U51/><E30/><V110/><F133/><W85/><G44/><T129/><D94/><U19/><E93/><V117/><F117/><W124/><G75/><T58/><D73/><U42/><E82/><V81/><F81/><N who="3" m="47271" /><G124/><T26/><D1/><U114/><E114/><V11/><F11/><W65/><G65/><T48/><D64/><U112/><E112/><V3/><F3/><W101/><G101/><T33/><D102/><U40/><E51/><V103/><F103/><W56/><G56/><T130/><D58/><U16/><E0/><V18/><F18/><N who="3" m="8567" /><G97/><T55/><D125/><U98/><E98/><N who="2" m="57607" /><F90/><AGARI ba="0,0" hai="21,22,57,61,66,89,90,91" m="8567,47271" machi="90" ten="30,1000,0" yaku="8,1" doraHai="23" who="3" fromWho="2" sc="219,0,404,0,215,-10,162,10" /><INIT seed="7,0,0,4,4,33" ten="219,404,205,172" oya="3" hai0="52,87,93,22,113,41,118,70,97,23,67,115,124" hai1="57,90,117,72,130,114,12,35,63,3,85,45,101" hai2="69,21,7,29,26,122,81,15,134,49,51,54,71" hai3="42,43,119,60,62,14,75,108,83,100,112,121,98"/><W135/><G121/><T34/><D118/><U82/><E3/><V11/><F134/><W20/><G119/><T77/><D34/><U37/><E35/><V56/><F122/><W16/><G135/><T110/><D110/><U73/><E117/><V125/><F125/><W94/><G108/><T78/><D41/><N who="3" m="15369" /><G75/><T6/><D6/><U102/><E73/><V1/><F15/><W127/><G127/><T92/><D124/><U88/><E72/><V80/><REACH who="2" step="1"/><F49/><REACH who="2" ten="219,404,195,172" step="2"/><W40/><N who="3" m="15377" /><W64/><DORA hai="17" /><G112/><T18/><D113/><U109/><E114/><V76/><F76/><W46/><G46/><T38/><D78/><U13/><E45/><V96/><F96/><W39/><G39/><T9/><D38/><U86/><E37/><V32/><F32/><W10/><G83/><AGARI ba="0,1" hai="1,7,11,21,26,29,51,54,56,69,71,80,81,83" machi="83" ten="40,5200,0" yaku="1,1,52,2,53,0" doraHai="33,17" doraHaiUra="106,61" who="2" fromWho="3" sc="219,0,404,0,195,62,172,-52" owari="219,-18.1,404,50.4,257,5.7,120,-38.0" /></mjloggm>