<mjloggm ver="2.3"><GO type="169" lobby="0"/><UN n0="%2E%67%61%74%79" n1="%E3%83%8F%E3%83%B3%E3%83%81%E3%83%A7%E3%82%A6%E5%A4%A7%E6%A7%BB" n2="%7A%6F%6F%31%39%36%34" n3="%48%41%43%4F" dan="17,16,17,16" rate="2154.04,2099.27,2180.55,2062.00" sx="M,M,M,M"/><TAIKYOKU oya="0"/><INIT seed="0,0,0,1,5,10" ten="250,250,250,250" oya="0" hai0="22,46,61,92,117,68,91,109,41,113,93,119,11" hai1="2,54,49,29,74,115,58,112,94,130,4,128,44" hai2="32,23,35,104,116,71,24,78,51,52,3,72,98" hai3="40,36,77,82,15,55,122,83,134,110,50,114,70"/><T7/><D113/><N who="1" m="43595" /><E74/><V107/><F3/><W79/><G70/><T21/><D93/><U73/><E73/><V31/><F71/><W133/><G114/><T63/><D117/><U62/><E29/><V39/><F39/><W96/><G36/><T13/><D119/><U28/><E28/><V53/><F116/><W59/><G40/><T126/><D126/><U38/><E94/><V124/><F124/><W99/><G122/><T86/><D109/><U84/><E84/><V129/><F129/><N who="1" m="49769" /><E2/><V18/><F53/><W27/><G110/><T57/><D68/><U111/><E4/><V101/><F107/><W125/><G125/><T127/><D127/><U1/><E1/><V108/><F108/><W97/><G82/><T81/><D81/><U80/><E80/><V6/><F6/><W42/><G42/><T48/><REACH who="0" step="1"/><D61/><REACH who="0" ten="240,250,250,250" step="2"/><U105/><E105/><V37/><F104/><W69/><G69/><T85/><D85/><U56/><E111/><V132/><F72/><W64/><G83/><T66/><AGARI ba="0,1" hai="7,11,13,21,22,41,46,48,57,63,66,86,91,92" machi="66" ten="20,18000,2" yaku="1,1,0,1,7,1,8,1,52,1,53,1" doraHai="10" doraHaiUra="9" who="0" fromWho="0" sc="240,190,250,-60,250,-60,250,-60" /><INIT seed="0,1,0,0,5,64" ten="430,190,190,190" oya="0" hai0="18,50,60,19,129,33,35,67,2,42,124,5,45" hai1="111,98,132,40,126,115,100,25,13,14,39,26,38" hai2="69,12,78,23,107,20,73,119,55,46,123,68,114" hai3="104,48,0,16,86,122,63,120,87,127,82,128,21"/><T99/><D124/><U130/><E126/><V36/><F123/><N who="3" m="47147" /><G0/><T93/><D129/><U109/><E40/><V85/><F114/><W62/><G104/><T79/><D79/><U47/><E47/><V66/><F107/><W102/><G102/><T37/><D37/><U3/><E3/><V24/><F73/><W43/><G128/><T9/><D33/><U74/><E74/><V90/><F66/><W118/><G87/><T54/><D42/><U44/><E44/><V11/><F78/><N who="3" m="46423" /><G118/><T121/><D35/><U83/><E83/><V75/><F75/><W58/><G127/><T30/><D30/><U61/><E100/><V117/><F117/><W22/><G22/><T57/><D121/><U133/><E130/><V31/><F23/><W125/><G125/><T88/><AGARI ba="1,0" hai="2,5,9,18,19,45,50,54,57,60,67,88,93,99" machi="88" ten="20,3900,0" yaku="0,1,7,1,54,1" doraHai="64" who="0" fromWho="0" sc="430,42,190,-14,190,-14,190,-14" /><INIT seed="0,2,0,1,0,104" ten="472,176,176,176" oya="0" hai0="17,71,103,111,76,97,65,105,51,60,69,22,89" hai1="124,77,114,43,9,15,95,68,109,26,67,121,62" hai2="119,126,128,63,93,5,47,108,37,58,46,132,127" hai3="116,100,117,94,19,7,66,16,38,106,115,54,12"/><T130/><D130/><U3/><E121/><V34/><F34/><W133/><G115/><T33/><D33/><U78/><E114/><V122/><F5/><W87/><G38/><T112/><D112/><U31/><E3/><V53/><F93/><W8/><G106/><T135/><D135/><U49/><E109/><V107/><F107/><W88/><G133/><T70/><D111/><U101/><E124/><N who="2" m="47659" /><F132/><W41/><G41/><T27/><D76/><U134/><E134/><V129/><F108/><W29/><G66/><T110/><D110/><U30/><E30/><V73/><F73/><W32/><G54/><T125/><D125/><U42/><E42/><N who="2" m="22863" /><F122/><W52/><G52/><T90/><REACH who="0" step="1"/><D51/><REACH who="0" ten="462,176,176,176" step="2"/><U1/><E49/><N who="2" m="28863" /><F119/><W50/><G50/><T21/><D21/><U74/><E78/><V131/><F63/><W25/><REACH who="3" step="1"/><G100/><REACH who="3" ten="462,176,176,166" step="2"/><T118/><D118/><AGARI ba="2,2" hai="7,8,12,16,19,25,29,32,87,88,94,116,117,118" machi="118" ten="40,8000,1" yaku="1,1,2,1,54,2,53,1" doraHai="104" doraHaiUra="4" who="3" fromWho="0" sc="462,-86,176,0,176,0,166,106" /><INIT seed="1,0,0,1,4,21" ten="376,176,176,272" oya="1" hai0="119,100,123,16,23,37,120,83,66,85,9,8,19" hai1="74,27,134,33,54,26,122,53,5,56,88,102,111" hai2="110,82,103,31,68,98,86,127,15,50,78,126,105" hai3="32,109,80,77,75,7,11,44,129,43,84,124,135"/><U40/><E122/><N who="0" m="46633" /><D119/><U104/><E74/><V99/><F68/><W12/><G109/><T112/><D112/><U52/><E33/><V36/><F36/><W62/><G129/><T20/><D37/><U113/><E113/><V76/><F110/><W1/><G135/><T67/><D100/><U114/><E114/><V3/><F3/><W107/><G124/><N who="2" m="47657" /><F31/><W94/><G107/><T64/><D20/><U28/><E111/><V130/><F15/><W69/><G32/><T45/><D45/><U131/><E28/><V95/><F50/><W115/><G115/><T106/><D106/><U49/><E131/><V38/><F38/><W22/><G75/><T91/><D19/><U121/><E121/><V117/><F117/><W72/><G72/><T70/><D70/><U47/><E134/><V25/><F25/><AGARI ba="0,0" hai="8,9,16,23,25,64,66,67,83,85,91" m="46633" machi="25" ten="30,3900,0" yaku="13,1,52,1,54,1" doraHai="21" who="0" fromWho="2" sc="376,39,176,0,176,-39,272,0" /><INIT seed="2,0,0,3,3,33" ten="415,176,137,272" oya="2" hai0="31,104,49,26,77,3,70,105,10,96,93,50,115" hai1="43,65,80,98,132,76,100,25,106,36,122,23,91" hai2="9,51,81,78,92,24,113,83,102,111,16,59,61" hai3="32,101,7,72,8,110,30,56,89,63,119,5,62"/><V94/><F113/><W99/><G110/><T41/><D70/><U12/><E132/><V67/><F111/><W129/><G72/><T82/><D115/><U46/><E122/><V2/><F102/><W27/><G129/><T79/><D79/><U68/><E12/><V123/><F123/><W125/><G125/><T19/><D19/><U52/><E68/><V47/><F83/><W34/><G119/><T127/><D127/><U114/><E114/><V88/><F2/><W84/><G34/><T18/><D18/><U45/><E65/><V71/><F71/><W57/><G57/><T135/><D135/><U131/><E131/><V75/><F88/><W1/><G56/><T37/><D3/><U13/><E13/><V55/><REACH who="2" step="1"/><F9/><REACH who="2" ten="415,176,127,272" step="2"/><W120/><G120/><T0/><D10/><U14/><E91/><V85/><F85/><W130/><G130/><T39/><D0/><U60/><E80/><V74/><F74/><W44/><G8/><T126/><D82/><U134/><E134/><V35/><F35/><W66/><G1/><T15/><D126/><U48/><E100/><V124/><F124/><W90/><G90/><T103/><D103/><U64/><E98/><V20/><AGARI ba="0,1" hai="16,20,24,47,51,55,59,61,67,75,78,81,92,94" machi="20" ten="30,11700,0" yaku="1,1,0,1,54,1,53,1" doraHai="33" doraHaiUra="22" who="2" fromWho="2" sc="415,-39,176,-39,127,127,272,-39" /><INIT seed="2,1,0,0,5,91" ten="376,137,254,233" oya="2" hai0="43,72,44,68,57,52,18,7,114,29,5,110,130" hai1="80,3,24,39,74,73,63,77,8,126,28,55,26" hai2="94,16,108,97,112,135,33,15,83,82,85,118,90" hai3="86,121,2,1,129,46,37,119,25,61,117,78,115"/><V76/><F112/><W93/><G121/><T38/><D114/><U48/><E126/><V67/><F118/><W92/><G115/><T17/><D72/><U14/><E39/><V23/><F135/><W65/><G129/><T11/><D130/><U27/><E3/><V22/><F33/><W103/><G2/><T71/><D110/><U101/><E28/><V40/><F108/><W87/><G1/><T4/><D29/><U131/><E131/><V54/><F67/><W31/><G103/><T106/><D106/><U98/><E63/><V34/><F34/><W70/><G117/><T125/><D125/><U13/><E8/><V6/><F6/><W88/><G119/><T100/><D100/><U64/><E74/><V56/><F40/><W81/><G37/><T35/><D35/><U0/><E0/><V10/><F83/><W107/><G46/><T95/><D95/><U51/><E64/><V96/><F96/><W84/><G107/><T102/><D102/><U133/><E133/><V12/><F15/><W45/><G45/><T116/><D116/><U122/><E122/><V123/><F123/><W62/><G62/><AGARI ba="1,0" hai="10,12,16,22,23,54,56,62,76,82,85,90,94,97" machi="62" ten="30,11600,0" yaku="7,1,8,1,52,1,54,1" doraHai="91" who="2" fromWho="3" sc="376,0,137,0,254,119,233,-119" /><INIT seed="2,2,0,4,4,85" ten="376,137,373,114" oya="2" hai0="90,128,71,84,50,120,64,19,101,11,92,127,36" hai1="123,97,30,81,108,23,22,113,134,4,58,32,52" hai2="41,86,79,88,83,126,70,9,21,45,116,95,10" hai3="98,78,69,107,121,27,89,106,117,15,66,102,100"/><V87/><F116/><W63/><G121/><T6/><D120/><U29/><E113/><V53/><F70/><W104/><G117/><T54/><D36/><U72/><E123/><V18/><F126/><W49/><G78/><T135/><D127/><U20/><E108/><V68/><F68/><W24/><G15/><T2/><D135/><U65/><E134/><V114/><F53/><W47/><G27/><T109/><D109/><U115/><E115/><V67/><F67/><W3/><G3/><T38/><D38/><U93/><E65/><V131/><F131/><W56/><G69/><T62/><D128/><U122/><E32/><V0/><F0/><W33/><G33/><T28/><D101/><U110/><E4/><V26/><REACH who="2" step="1"/><F114/><REACH who="2" ten="376,137,363,114" step="2"/><W111/><G111/><T43/><D43/><U118/><E118/><V8/><F8/><W5/><G107/><T103/><D64/><U112/><E110/><V16/><F16/><W73/><G106/><T75/><D19/><U133/><E112/><V80/><F80/><W94/><G104/><T37/><D71/><U35/><E133/><V125/><F125/><W96/><G5/><T42/><D54/><U55/><E122/><V129/><F129/><W76/><G66/><T57/><D11/><U77/><E58/><V82/><F82/><W40/><G56/><T51/><D57/><U132/><E132/><V7/><F7/><W25/><G40/><T74/><D6/><U14/><E81/><V124/><F124/><W91/><G47/><T48/><D2/><U119/><E119/><V12/><F12/><W17/><G17/><RYUUKYOKU ba="2,1" sc="376,-10,137,-10,363,30,114,-10" hai2="9,10,18,21,26,41,45,79,83,86,87,88,95" /><INIT seed="2,3,1,0,1,64" ten="366,127,393,104" oya="2" hai0="80,24,37,100,133,134,44,17,60,61,56,85,88" hai1="70,52,73,2,92,125,48,81,3,101,106,0,63" hai2="103,23,16,42,46,6,96,20,4,91,82,120,55" hai3="98,76,75,21,102,72,127,124,83,77,49,19,38"/><V86/><F120/><W29/><G38/><T108/><D108/><U90/><E125/><V1/><F1/><W97/><G29/><T135/><D100/><U121/><E121/><V12/><F23/><W67/><G49/><T26/><D17/><U15/><E15/><V71/><F71/><W117/><G117/><T58/><D58/><U47/><E106/><V84/><F84/><W112/><G19/><T8/><D8/><U119/><E119/><V27/><F55/><W95/><G67/><N who="0" m="39303" /><D61/><U13/><E13/><V114/><F12/><W129/><G21/><T110/><D110/><U93/><E93/><N who="2" m="58767" /><F114/><W39/><G39/><T28/><D28/><U99/><E90/><V68/><F68/><W50/><G50/><AGARI ba="3,1" hai="4,6,16,20,27,42,46,50,82,86,91" m="58767" machi="50" ten="30,2900,0" yaku="8,1,54,1" doraHai="64" who="2" fromWho="3" sc="366,0,127,0,393,48,104,-38" /><INIT seed="2,4,0,4,1,121" ten="366,127,441,66" oya="2" hai0="52,99,93,8,92,114,108,66,133,53,41,110,101" hai1="14,1,129,33,81,37,73,60,127,61,135,50,25" hai2="116,40,79,38,27,74,123,62,107,84,56,113,91" hai3="128,70,85,96,20,24,71,105,15,34,87,10,88"/><V48/><F113/><W118/><G34/><T51/><D114/><U77/><E127/><V125/><F116/><W89/><G118/><T69/><D133/><U35/><E135/><V95/><F123/><W54/><G128/><T111/><D8/><U28/><E37/><V106/><F38/><W12/><G105/><T4/><D4/><U6/><E1/><V102/><F125/><W58/><G71/><T29/><D29/><U115/><E115/><V86/><F86/><W98/><G70/><T19/><D19/><U49/><E35/><V45/><F102/><W43/><G43/><T80/><D80/><U64/><E129/><V132/><F132/><W122/><G10/><T90/><D41/><U83/><E83/><V72/><F27/><W97/><G87/><N who="0" m="52319" /><D51/><U31/><E31/><V120/><F120/><W100/><G100/><T94/><D94/><U17/><E6/><V3/><F3/><W78/><G78/><T112/><D112/><U130/><E130/><V39/><F39/><W59/><G122/><T7/><D7/><U104/><E104/><V9/><F9/><W57/><G54/><T47/><D47/><U42/><E42/><V131/><F131/><W55/><G55/><T36/><D36/><U32/><E32/><V63/><F79/><W30/><REACH who="3" step="1"/><G89/><REACH who="3" ten="366,127,441,56" step="2"/><T68/><D68/><U117/><E117/><V18/><F107/><W21/><G21/><T119/><D119/><U82/><E33/><V124/><F106/><W13/><G13/><T46/><D46/><U67/><E14/><V109/><F45/><W44/><G44/><T16/><D69/><RYUUKYOKU ba="4,1" sc="366,-10,127,-10,441,-10,56,30" hai3="12,15,20,24,30,57,58,59,85,88,96,97,98" /><INIT seed="3,5,1,3,5,56" ten="356,117,431,86" oya="3" hai0="103,29,4,133,40,99,76,28,89,125,10,87,8" hai1="119,33,91,100,108,115,66,69,6,118,2,132,13" hai2="63,43,41,17,113,20,61,7,21,78,24,130,35" hai3="90,131,98,65,47,72,86,134,121,39,12,74,95"/><W123/><G39/><T96/><D133/><U50/><E115/><V126/><F35/><W107/><G47/><T36/><D125/><U32/><E100/><V62/><F113/><W54/><G134/><T34/><D76/><U79/><E79/><V82/><F126/><W75/><G54/><T77/><D77/><U129/><E132/><V15/><F130/><W42/><G42/><T117/><D117/><U111/><E91/><V106/><F106/><W93/><G12/><T22/><D34/><U45/><E66/><V52/><F52/><W85/><G65/><T48/><D36/><U1/><E69/><V58/><F58/><W19/><G19/><T102/><D22/><U55/><E13/><V68/><F68/><W83/><G131/><T11/><D4/><U16/><E16/><N who="2" m="12327" /><F7/><W110/><G107/><T31/><D102/><U88/><E129/><V37/><F37/><W116/><G116/><N who="1" m="44586" /><E33/><V124/><F124/><W104/><G104/><T26/><D26/><U120/><E32/><V81/><F81/><W25/><G25/><T73/><D103/><U27/><E27/><V51/><F51/><W14/><G14/><T135/><D73/><U30/><E30/><V49/><F49/><W9/><G9/><T112/><D112/><U109/><E6/><V101/><F101/><N who="3" m="60623" /><G110/><T60/><D135/><U57/><E45/><V84/><AGARI ba="5,1" hai="15,17,20,41,43,61,62,63,78,82,84" m="12327" machi="84" ten="30,8000,1" yaku="8,1,52,3,54,1" doraHai="56" who="2" fromWho="2" sc="356,-25,117,-25,431,105,86,-45" /><INIT seed="4,0,0,2,3,96" ten="331,92,536,41" oya="0" hai0="18,54,127,87,50,8,80,70,10,78,82,98,88" hai1="61,128,46,3,52,116,13,24,63,55,76,40,117" hai2="58,99,84,0,5,21,14,30,100,65,57,120,15" hai3="43,81,44,49,11,123,32,83,7,73,34,22,47"/><T95/><D127/><U129/><E3/><V118/><F120/><W28/><G123/><T12/><D70/><U114/><E13/><V53/><F118/><N who="1" m="45673" /><E24/><V103/><F0/><W135/><G135/><T64/><D64/><U104/><E104/><V20/><F99/><W107/><G107/><T27/><D27/><U39/><E76/><V122/><F122/><W45/><G34/><T2/><D2/><U102/><E102/><N who="2" m="38955" /><F65/><W86/><G32/><T56/><REACH who="0" step="1"/><D80/><REACH who="0" ten="321,92,536,41" step="2"/><U1/><E1/><V125/><F125/><W113/><G81/><T59/><D59/><N who="1" m="35047" /><E114/><V37/><F58/><AGARI ba="0,1" hai="39,40,46,55,58,63,128,129" m="35047,45673" machi="58" ten="30,3900,0" yaku="34,2,54,1" doraHai="96" who="1" fromWho="2" sc="321,0,92,49,536,-39,41,0" /><INIT seed="5,0,0,2,3,47" ten="321,141,497,41" oya="1" hai0="14,16,3,20,60,127,78,68,101,94,35,124,32" hai1="122,118,75,13,85,109,39,67,99,17,100,111,25" hai2="86,27,87,135,132,126,83,36,34,110,1,45,130" hai3="70,116,117,42,6,37,73,57,121,5,52,81,129"/><U98/><E39/><V66/><F110/><N who="1" m="41993" /><E118/><N who="3" m="45674" /><G121/><T29/><D78/><U23/><E67/><V74/><F1/><W22/><G73/><T18/><D101/><U88/><E75/><V125/><F66/><W64/><G81/><T33/><D94/><N who="1" m="54543" /><E122/><V2/><F36/><W44/><G22/><N who="0" m="11543" /><D60/><U28/><E100/><V59/><F74/><W103/><G103/><T105/><D105/><U48/><E48/><V49/><F49/><N who="3" m="30863" /><G129/><T77/><D68/><U113/><E113/><V38/><F130/><W24/><G24/><N who="0" m="16519" /><D77/><U62/><E62/><AGARI ba="0,0" hai="5,6,37,42,44,62,64,70" m="30863,45674" machi="62" ten="30,7700,0" yaku="24,1,12,1,52,1,54,1" doraHai="47" who="3" fromWho="1" sc="321,0,141,-77,497,0,41,77" /><INIT seed="6,0,0,1,2,80" ten="321,64,497,118" oya="2" hai0="85,70,71,130,15,89,23,116,115,110,132,44,56" hai1="121,97,91,103,12,64,129,29,54,43,32,127,5" hai2="83,63,66,113,10,57,13,30,112,99,9,88,50" hai3="3,20,40,75,102,76,118,114,6,108,92,14,42"/><V7/><F30/><W84/><G3/><T77/><D110/><U128/><E64/><V101/><F50/><W107/><G118/><T87/><D115/><U49/><E43/><V16/><F83/><N who="3" m="45471" /><G108/><T106/><D106/><U8/><E127/><V98/><F101/><W78/><G78/><T47/><D77/><U31/><E121/><V93/><REACH who="2" step="1"/><F99/><REACH who="2" ten="321,64,487,118" step="2"/><W45/><G102/><T123/><D123/><U68/><E103/><V62/><F62/><W69/><G40/><T28/><D28/><U65/><E31/><V38/><F38/><W22/><G42/><T26/><D116/><U53/><E29/><V51/><F51/><W122/><G122/><T94/><D94/><U104/><E49/><V37/><F37/><W33/><G92/><T134/><D44/><U41/><E41/><V11/><F11/><W81/><G45/><T21/><D47/><U17/><E8/><V79/><F79/><W125/><G107/><T120/><D120/><U117/><E104/><V18/><F18/><W19/><G81/><T133/><D21/><U67/><E17/><V55/><F55/><W36/><G19/><T60/><D23/><U52/><E117/><V34/><F34/><W2/><G22/><T124/><D60/><N who="1" m="39975" /><E32/><V135/><F135/><W105/><G20/><T95/><D132/><U126/><E126/><V74/><F74/><W119/><G33/><T35/><D124/><U4/><E97/><V58/><F58/><W96/><G105/><T46/><D134/><U109/><E109/><V0/><AGARI ba="0,1" hai="0,7,9,10,13,16,57,63,66,88,93,98,112,113" machi="0" ten="30,12000,1" yaku="1,1,0,1,54,2,53,1" doraHai="80" doraHaiUra="59" who="2" fromWho="2" sc="321,-40,64,-40,487,130,118,-40" /><INIT seed="6,1,0,0,4,121" ten="281,24,617,78" oya="2" hai0="52,81,130,49,120,14,42,21,111,112,59,41,96" hai1="127,132,78,105,101,88,133,116,39,35,24,18,32" hai2="22,5,70,128,9,4,19,95,68,103,83,38,57" hai3="102,6,17,76,104,135,114,74,40,30,11,3,36"/><V7/><F38/><W63/><G135/><N who="1" m="51786" /><E39/><V47/><F47/><N who="3" m="23943" /><G17/><T119/><D130/><U12/><E78/><V122/><F128/><W27/><G102/><T125/><D120/><U129/><E129/><V16/><F57/><W60/><G104/><T84/><D59/><U65/><E65/><V86/><F122/><W134/><G134/><T20/><D20/><U73/><E73/><V26/><F95/><W10/><G10/><T15/><D15/><U55/><E55/><V110/><F103/><W92/><G92/><T37/><D21/><U118/><E101/><V0/><F19/><W107/><G107/><T56/><D14/><U33/><E105/><V97/><F97/><W34/><G114/><T58/><D96/><U93/><E24/><V44/><F7/><W71/><G71/><T61/><D112/><U79/><E79/><V62/><F5/><W66/><G66/><T67/><D67/><U90/><E90/><V72/><F72/><W54/><G54/><T13/><D52/><U91/><E91/><V124/><F70/><W131/><G131/><T51/><D13/><U31/><E31/><V1/><F1/><W53/><G53/><T99/><D99/><N who="1" m="57767" /><E127/><V50/><F124/><W113/><G113/><T46/><D125/><U109/><E109/><V82/><F110/><W8/><G76/><T89/><D111/><U108/><E108/><V115/><F115/><W106/><G106/><T117/><D56/><U29/><E29/><V77/><F68/><W23/><G74/><T45/><D37/><U80/><E80/><V100/><F82/><W28/><G11/><AGARI ba="1,0" hai="11,12,18,32,33,35,116,118" m="57767,51786" machi="11" ten="40,5200,0" yaku="6,1,20,1,54,1" doraHai="121" who="1" fromWho="3" sc="281,0,24,55,617,0,78,-55" /><INIT seed="7,0,0,2,2,56" ten="281,79,617,23" oya="3" hai0="130,101,77,97,21,80,51,93,99,133,104,16,13" hai1="26,89,123,50,20,114,108,72,7,122,110,113,82" hai2="35,49,19,88,87,41,31,54,12,61,83,11,92" hai3="125,135,66,4,8,68,15,118,22,79,36,134,43"/><W55/><G118/><T40/><D130/><U102/><E102/><V65/><F41/><W5/><G125/><T53/><D133/><U96/><E7/><V60/><F65/><W91/><G79/><T45/><D40/><U6/><E6/><V127/><F127/><W70/><G5/><T29/><D29/><U63/><E50/><V75/><F31/><W112/><G112/><N who="1" m="43114" /><E72/><V23/><F35/><W64/><G55/><T2/><D2/><U34/><E34/><V84/><F23/><W39/><G91/><T17/><D17/><U78/><E63/><V105/><F105/><W48/><G36/><T42/><D42/><U3/><E3/><V52/><F75/><W86/><G39/><T14/><D14/><U58/><E58/><N who="2" m="33103" /><F52/><W85/><G48/><T10/><D10/><U107/><E107/><V95/><F95/><W9/><G43/><T94/><D99/><U106/><E106/><V33/><F33/><W81/><G81/><T57/><D45/><U47/><E47/><V111/><F111/><N who="1" m="42537" /><E78/><AGARI ba="0,0" hai="11,12,19,60,61,78,83,84,87,88,92" m="33103" machi="78" ten="30,7700,0" yaku="8,1,52,2,54,1" doraHai="56" who="2" fromWho="1" sc="281,0,79,-77,617,77,23,0" owari="281,8.1,2,-49.8,694,79.4,23,-37.7" /></mjloggm>