<mjloggm ver="2.3"><GO type="169" lobby="0"/><UN n0="%E6%84%9B%E3%81%AF%E6%AD%A3%E7%BE%A9" n1="%E5%BA%84%E5%8F%B8%E5%81%A5%E5%A4%AA%E6%9C%97" n2="%E4%B8%83%E7%94%9F%E5%A4%95" n3="%73%69%65%72%61%34%30%31" dan="16,16,16,16" rate="2104.54,2060.57,2129.92,2215.24" sx="F,M,M,F"/><TAIKYOKU oya="0"/><INIT seed="0,0,0,5,5,66" ten="250,250,250,250" oya="0" hai0="86,133,88,24,57,46,89,72,32,101,79,83,122" hai1="20,38,132,62,96,119,30,14,39,16,68,58,59" hai2="94,103,3,1,42,77,78,100,65,34,50,7,17" hai3="33,31,41,108,4,12,40,23,124,26,37,6,134"/><T84/><D122/><U22/><E119/><V13/><F34/><W91/><G108/><T52/><D133/><U35/><E132/><V27/><F27/><W128/><G134/><T123/><D123/><U107/><E59/><V0/><F7/><W105/><G105/><T118/><D118/><U135/><E135/><V129/><F129/><W104/><G104/><T131/><D131/><U54/><E35/><V45/><F65/><W9/><G124/><T56/><D101/><U76/><E76/><V2/><N who="2" m="0" /><DORA hai="90" /><V63/><F63/><W130/><G4/><T71/><D71/><U80/><E80/><V102/><REACH who="2" step="1"/><F94/><REACH who="2" ten="250,250,240,250" step="2"/><W98/><G33/><T99/><D32/><U126/><E126/><V29/><F29/><W114/><G26/><T49/><D24/><U73/><E30/><V85/><F85/><W15/><G31/><T121/><D121/><U117/><E117/><V10/><AGARI ba="0,1" hai="10,13,17,42,45,50,77,78,100,102,103" m="0" machi="10" ten="60,7900,0" yaku="1,1,0,1,53,1" doraHai="66,90" doraHaiUra="67,44" who="2" fromWho="2" sc="250,-39,250,-20,240,89,250,-20" /><INIT seed="1,0,0,4,4,110" ten="211,230,329,230" oya="1" hai0="117,90,85,60,78,135,79,71,76,41,86,129,59" hai1="38,93,101,121,36,70,100,53,12,17,133,122,10" hai2="77,84,125,33,50,64,21,103,118,56,13,6,72" hai3="65,48,99,124,2,4,91,126,18,134,62,7,24"/><U5/><E70/><V127/><F33/><W49/><G134/><T67/><D117/><U61/><E133/><V73/><F118/><W35/><G91/><T98/><D135/><U94/><E5/><V109/><F103/><N who="1" m="39497" /><E61/><V9/><F21/><W39/><G39/><T19/><D129/><U46/><E12/><V28/><F28/><W123/><G99/><T113/><D113/><U45/><E53/><N who="2" m="31799" /><F64/><W105/><G105/><T107/><D41/><U95/><E17/><V108/><F84/><W128/><G128/><T22/><D71/><U92/><N who="1" m="23552" /><DORA hai="54" /><U30/><E10/><V112/><F112/><W88/><G2/><T66/><D66/><U68/><E30/><V31/><F31/><W74/><G35/><T87/><D98/><U104/><E68/><V58/><F58/><W89/><G62/><T97/><D97/><U23/><E23/><V106/><F106/><W29/><G29/><T0/><D0/><U1/><E104/><V57/><F13/><W3/><G3/><T114/><D107/><U75/><E75/><V102/><F9/><W34/><G34/><T96/><D96/><U131/><E1/><V83/><F6/><W8/><G74/><T27/><REACH who="0" step="1"/><D114/><REACH who="0" ten="201,230,329,230" step="2"/><U26/><E131/><V14/><F109/><W119/><G65/><T116/><D116/><U51/><E122/><V44/><F108/><W11/><G119/><T20/><D20/><U16/><E121/><V42/><F102/><W25/><REACH who="3" step="1"/><G18/><REACH who="3" ten="201,230,329,220" step="2"/><T132/><D132/><U82/><E16/><V40/><F127/><W55/><G55/><T115/><D115/><U47/><E38/><RYUUKYOKU ba="0,2" sc="201,15,230,-15,329,-15,220,15" hai0="19,22,27,59,60,67,76,78,79,85,86,87,90" hai3="4,7,8,11,24,25,48,49,88,89,123,124,126" /><INIT seed="2,1,2,1,1,124" ten="216,215,314,235" oya="2" hai0="110,95,44,54,78,30,96,129,103,101,70,113,116" hai1="68,16,81,98,104,34,109,112,105,71,33,48,32" hai2="126,85,122,127,133,18,102,43,1,120,72,108,17" hai3="63,89,51,77,31,91,115,42,35,45,14,7,100"/><V53/><F72/><W73/><G115/><T38/><D113/><U15/><E112/><V69/><F69/><W24/><G100/><T36/><D116/><U79/><E109/><V10/><F43/><W134/><G134/><T131/><D70/><U83/><E48/><V118/><F118/><W27/><G73/><T97/><D110/><U93/><E71/><V94/><F108/><W55/><G77/><T40/><D78/><U74/><E83/><V119/><F119/><W47/><G27/><T107/><D30/><U21/><REACH who="1" step="1"/><E68/><REACH who="1" ten="216,205,314,235" step="2"/><V13/><F126/><W87/><G63/><T52/><REACH who="0" step="1"/><D36/><REACH who="0" ten="206,205,314,235" step="2"/><U6/><E6/><V64/><F127/><W11/><REACH who="3" step="1"/><G87/><REACH who="3" ten="206,205,314,225" step="2"/><T123/><D123/><U28/><E28/><V128/><F85/><W90/><G90/><AGARI ba="1,5" hai="15,16,21,32,33,34,74,79,81,90,93,98,104,105" machi="90" ten="40,2600,0" yaku="1,1,54,1,53,0" doraHai="124" doraHaiUra="99" who="1" fromWho="3" sc="206,0,205,79,314,0,225,-29" /><INIT seed="3,0,0,0,0,70" ten="206,284,314,196" oya="3" hai0="105,51,4,94,61,64,10,83,8,104,59,26,126" hai1="87,118,68,121,37,66,54,124,12,77,22,117,38" hai2="5,81,49,80,106,14,134,76,98,108,107,86,57" hai3="63,103,28,6,73,35,20,52,75,55,78,0,115"/><W88/><G115/><T79/><D126/><U24/><E121/><V11/><F108/><W13/><G103/><T72/><D10/><U132/><E132/><V131/><F134/><W7/><G0/><T97/><D51/><U110/><E110/><V58/><F131/><W71/><G35/><T44/><D44/><U116/><E124/><V65/><F65/><W84/><G78/><T36/><D36/><N who="1" m="13931" /><E12/><V92/><F81/><W123/><G123/><T48/><D48/><U3/><E3/><V101/><F49/><W16/><G73/><T119/><D26/><U128/><E54/><N who="3" m="20522" /><G71/><T56/><D56/><U2/><E2/><V30/><F30/><W135/><G75/><T112/><D112/><U102/><E102/><V95/><F95/><N who="3" m="54663" /><G135/><T96/><D72/><U32/><E32/><V74/><F106/><W46/><G63/><T21/><D61/><N who="1" m="40015" /><E128/><V40/><F40/><W27/><G46/><T133/><D133/><U93/><E93/><V43/><F43/><W23/><AGARI ba="0,0" hai="6,7,13,16,20,23,27,28" m="54663,20522" machi="23" ten="30,11700,0" yaku="8,1,54,3" doraHai="70" who="3" fromWho="3" sc="206,-39,284,-39,314,-39,196,117" /><INIT seed="3,1,0,3,5,120" ten="167,245,275,313" oya="3" hai0="128,84,102,75,2,86,7,44,57,25,36,115,20" hai1="81,40,54,97,47,10,72,94,32,80,66,56,121" hai2="90,78,22,12,85,127,87,45,117,98,76,16,116" hai3="9,69,129,95,105,24,123,119,83,34,70,107,31"/><W18/><G119/><T77/><D115/><U82/><E32/><V109/><F127/><W51/><G123/><T113/><D113/><U100/><E66/><V58/><F109/><W63/><G129/><T53/><D128/><U50/><E121/><V133/><F133/><W68/><G63/><T39/><D102/><U27/><E27/><V114/><F114/><W35/><G95/><T41/><D36/><U106/><E106/><N who="3" m="40458" /><G31/><T11/><D57/><U67/><E67/><V62/><F45/><W110/><G51/><T131/><D53/><U46/><E72/><V6/><F6/><W111/><G83/><N who="0" m="45503" /><D131/><U101/><E101/><V134/><F134/><W74/><G74/><T92/><D92/><U135/><E135/><V59/><F59/><W65/><G65/><T122/><D122/><U118/><E118/><V29/><F29/><AGARI ba="1,0" hai="2,7,11,20,25,29,39,41,44,84,86" m="45503" machi="29" ten="30,1000,0" yaku="25,1" doraHai="120" who="0" fromWho="2" sc="167,13,245,0,275,-13,313,0" /><INIT seed="4,0,0,4,2,43" ten="180,245,262,313" oya="0" hai0="116,32,60,133,27,94,8,106,19,114,21,4,100" hai1="81,123,117,70,82,91,79,65,134,42,55,31,69" hai2="46,112,56,99,111,93,40,63,7,129,54,38,68" hai3="96,122,86,33,14,6,135,17,49,75,26,87,1"/><T71/><D116/><U34/><E117/><V47/><F111/><W105/><G75/><T107/><D114/><U61/><E134/><V128/><F7/><W108/><G108/><T90/><D100/><U24/><E70/><V109/><F109/><W74/><G74/><T16/><D19/><U88/><E82/><V118/><F118/><W98/><G135/><T131/><D133/><U23/><E123/><V84/><F84/><W58/><G122/><T127/><D131/><N who="2" m="50250" /><F68/><W95/><G105/><T59/><D71/><U67/><E67/><V101/><F47/><W50/><G98/><T28/><D127/><U57/><E42/><V78/><F78/><W110/><G1/><T51/><D51/><U44/><E34/><V85/><F85/><W30/><G6/><T3/><D94/><U124/><E124/><V53/><F112/><W37/><G37/><T20/><D90/><U72/><REACH who="1" step="1"/><E44/><REACH who="1" ten="180,235,262,313" step="2"/><V25/><F25/><W10/><G26/><T83/><D83/><U66/><E66/><AGARI ba="0,1" hai="38,40,46,53,54,56,63,66,93,99,101" m="50250" machi="66" ten="30,2000,0" yaku="19,1,52,1" doraHai="43" who="2" fromWho="1" sc="180,0,235,-20,262,30,313,0" /><INIT seed="5,0,0,4,3,35" ten="180,215,292,313" oya="1" hai0="61,103,1,5,53,78,36,42,115,130,40,87,85" hai1="34,124,80,74,11,62,129,52,67,18,27,83,100" hai2="127,51,92,94,63,88,26,77,45,23,19,20,81" hai3="50,114,7,71,43,13,38,24,131,48,57,86,104"/><U39/><E39/><V112/><F127/><W8/><G71/><T134/><D115/><U55/><E124/><V33/><F112/><W97/><G114/><T31/><D130/><U58/><E129/><V95/><F33/><W111/><G111/><T105/><D134/><U121/><E121/><V29/><F63/><W32/><G131/><T123/><D123/><U73/><E100/><V84/><F20/><W66/><G38/><T47/><D31/><U113/><E113/><V119/><F119/><W120/><G43/><T12/><D42/><U96/><E96/><V98/><REACH who="2" step="1"/><F29/><REACH who="2" ten="180,215,282,313" step="2"/><W133/><G32/><T69/><D61/><U79/><E34/><V109/><F109/><W17/><G120/><T64/><D64/><U110/><E110/><V15/><F15/><W90/><G13/><T49/><D12/><U46/><E11/><V125/><F125/><W30/><G8/><T116/><D116/><U101/><E62/><V2/><F2/><W107/><G30/><T28/><D28/><U4/><E67/><V14/><F14/><W76/><G66/><T99/><D1/><U3/><E3/><V16/><F16/><W6/><G17/><T59/><D5/><U10/><E4/><V108/><F108/><W25/><G6/><T75/><D69/><U91/><E10/><V93/><F93/><N who="3" m="54487" /><G7/><T102/><D105/><U70/><E18/><V122/><F122/><W22/><G107/><T56/><D36/><U89/><E70/><V37/><F37/><W9/><G104/><T135/><D135/><U126/><E126/><V82/><F82/><W72/><G133/><RYUUKYOKU ba="0,1" sc="180,-10,215,-10,282,30,313,-10" hai2="19,23,26,45,51,77,81,84,88,92,94,95,98" /><INIT seed="6,1,1,5,3,5" ten="170,205,312,303" oya="2" hai0="2,30,77,127,87,129,120,123,70,125,97,59,34" hai1="82,81,21,83,91,72,103,16,15,63,54,53,52" hai2="117,12,7,119,62,26,67,13,0,48,111,106,69" hai3="134,17,6,64,1,29,130,74,93,89,112,51,110"/><V107/><F111/><W35/><G110/><T122/><D70/><U40/><E103/><V36/><F36/><W31/><G74/><T33/><D97/><U41/><E72/><V39/><F39/><W95/><G35/><N who="0" m="13323" /><D59/><U10/><E63/><V75/><F26/><W101/><G64/><T68/><D68/><U11/><E91/><V131/><F131/><W126/><G130/><T132/><D77/><U47/><REACH who="1" step="1"/><E41/><REACH who="1" ten="170,195,312,303" step="2"/><V18/><F75/><W76/><G89/><T115/><D129/><U73/><E73/><V60/><F60/><W49/><G101/><T121/><D121/><U84/><E84/><V27/><F62/><W78/><G78/><T109/><D109/><U113/><E113/><V50/><F107/><W90/><G76/><T61/><D115/><U114/><E114/><V96/><F106/><W23/><G90/><T99/><D61/><U135/><E135/><V94/><F96/><W44/><G112/><T25/><D132/><U85/><E85/><V19/><F117/><W3/><G134/><T43/><D99/><U133/><E133/><V88/><F88/><W118/><G118/><T38/><D87/><U79/><E79/><V4/><F119/><W42/><G42/><T57/><D43/><U65/><E65/><V24/><F67/><W56/><G93/><T71/><D71/><U102/><E102/><V100/><F100/><W128/><G95/><T124/><D38/><AGARI ba="1,2" hai="10,11,15,16,21,38,40,47,52,53,54,81,82,83" machi="38" ten="40,8000,1" yaku="1,1,52,2,54,2,53,0" doraHai="5" doraHaiUra="22" who="1" fromWho="0" sc="170,-83,195,103,312,0,303,0" /><INIT seed="7,0,0,1,2,120" ten="87,298,312,303" oya="3" hai0="94,13,15,32,90,54,127,49,4,5,131,69,108" hai1="1,51,87,22,47,45,11,28,33,101,21,64,55" hai2="17,46,9,0,31,121,65,20,75,53,62,78,119" hai3="18,44,106,48,83,66,81,84,30,72,68,23,34"/><W38/><G38/><T109/><D69/><U67/><E33/><V98/><F119/><W41/><G106/><T50/><D32/><U19/><E101/><V115/><F121/><W12/><G72/><T59/><D127/><U123/><E123/><V93/><F115/><W24/><REACH who="3" step="1"/><G84/><REACH who="3" ten="87,298,312,293" step="2"/><T95/><D131/><U8/><E1/><V26/><F75/><W77/><G77/><T39/><D39/><U56/><E87/><V80/><F78/><W86/><G86/><T116/><D116/><U133/><E133/><V76/><F76/><W10/><G10/><N who="1" m="3626" /><E28/><V129/><F129/><W91/><G91/><T73/><D73/><U92/><E92/><V105/><F105/><W111/><G111/><T122/><D122/><U6/><E6/><V42/><F0/><W103/><G103/><T61/><D90/><U113/><E113/><V97/><F80/><W63/><AGARI ba="0,1" hai="12,18,23,24,30,34,41,44,48,63,66,68,81,83" machi="63" ten="30,6000,0" yaku="1,1,0,1,53,1" doraHai="120" doraHaiUra="25" who="3" fromWho="3" sc="87,-20,298,-20,312,-20,293,70" owari="67,-43.3,278,-12.2,292,9.2,363,46.3" /></mjloggm>