<mjloggm ver="2.3"><GO type="169" lobby="0"/><UN n0="%70%65%6E%74%6F%6C%61" n1="%E4%B9%9D%E7%B4%8B%E9%BE%8D%E5%8F%B2%E9%80%B2" n2="%E3%82%88%E3%81%86%E3%81%B8%E3%83%BC%58" n3="%E8%88%B9%E8%B6%8A%E8%8B%B1%E4%B8%80%E9%83%8E" dan="16,19,17,17" rate="2196.76,2282.93,2239.41,2124.40" sx="M,M,M,M"/><TAIKYOKU oya="0"/><INIT seed="0,0,0,0,5,71" ten="250,250,250,250" oya="0" hai0="135,60,34,36,46,128,73,96,30,79,32,108,115" hai1="64,100,113,131,38,53,125,123,84,47,88,117,29" hai2="43,42,4,105,23,41,68,106,17,24,39,89,18" hai3="120,12,116,49,27,7,80,77,11,83,65,28,87"/><T99/><D115/><U40/><E117/><V90/><F68/><W44/><G116/><T86/><D73/><U52/><E123/><V9/><F18/><W48/><G120/><T26/><D34/><U62/><E113/><V50/><F50/><W122/><G122/><T78/><D135/><U118/><E118/><V14/><REACH who="2" step="1"/><F39/><REACH who="2" ten="250,250,240,250" step="2"/><W114/><G114/><T107/><D128/><U45/><E131/><V72/><F72/><W69/><G49/><T58/><D108/><U92/><E125/><V112/><F112/><W134/><G69/><T61/><D61/><U20/><E47/><V33/><F33/><W85/><G134/><T127/><D127/><U121/><E121/><V0/><F0/><W54/><G65/><T132/><D132/><U59/><REACH who="1" step="1"/><E100/><REACH who="1" ten="250,240,240,250" step="2"/><V101/><F101/><W10/><G44/><T104/><D46/><U81/><E81/><V109/><F109/><W126/><G126/><T70/><D36/><U110/><E110/><V15/><F15/><W16/><G12/><T35/><D26/><AGARI ba="0,2" hai="20,26,29,38,40,45,52,53,59,62,64,84,88,92" machi="26" ten="40,8000,1" yaku="1,1,52,1,54,2,53,0" doraHai="71" doraHaiUra="74" who="1" fromWho="0" sc="250,-80,240,100,240,0,250,0" /><INIT seed="1,0,0,3,0,49" ten="170,340,240,250" oya="1" hai0="11,123,68,77,116,115,97,75,103,17,105,47,102" hai1="111,62,118,12,53,127,43,22,4,26,135,107,114" hai2="94,44,15,46,16,54,23,50,83,39,86,91,27" hai3="71,92,108,9,88,7,2,85,31,133,13,99,55"/><U124/><E107/><V95/><REACH who="2" step="1"/><F27/><REACH who="2" ten="170,340,230,250" step="2"/><W73/><G108/><T78/><D116/><U29/><E118/><V51/><F51/><W96/><G133/><T90/><D123/><U5/><E135/><V104/><F104/><W67/><G73/><T109/><D105/><U0/><E111/><V125/><F125/><W129/><G129/><T134/><D75/><U130/><E130/><V35/><F35/><W10/><G31/><T52/><D134/><U63/><E127/><V89/><F89/><W57/><G71/><T34/><D68/><U100/><E124/><V60/><F60/><W65/><G67/><T19/><D34/><U30/><E63/><V3/><F3/><W18/><G65/><T69/><D69/><U110/><E0/><V128/><F128/><W82/><REACH who="3" step="1"/><G92/><REACH who="3" ten="170,340,230,240" step="2"/><T14/><D109/><U45/><E29/><V24/><F24/><W25/><G25/><T121/><D121/><U28/><E110/><V48/><F48/><AGARI ba="0,2" hai="2,7,9,10,13,18,48,55,57,82,85,88,96,99" machi="48" ten="30,8000,1" yaku="1,1,7,1,52,1,54,1,53,1" doraHai="49" doraHaiUra="1" who="3" fromWho="2" sc="170,0,340,0,230,-80,240,100" /><INIT seed="2,0,0,2,3,69" ten="170,340,150,340" oya="2" hai0="119,37,105,114,71,46,85,55,25,111,103,21,122" hai1="10,88,14,36,18,97,120,56,104,74,3,54,24" hai2="52,70,129,59,113,30,99,34,43,33,78,65,108" hai3="102,81,128,121,0,19,42,96,50,53,92,86,133"/><V109/><F113/><W5/><G121/><T22/><D122/><U101/><E120/><V132/><F30/><W117/><G117/><T79/><D114/><U6/><E74/><V83/><F132/><W13/><G133/><T95/><D71/><U125/><E125/><V116/><F116/><W7/><G128/><T126/><D21/><U32/><E36/><V1/><F1/><W67/><G67/><T29/><D105/><U135/><E135/><V35/><F129/><W89/><G42/><T48/><D103/><U47/><E47/><V75/><F43/><W118/><G0/><T63/><D37/><U40/><E40/><V58/><F99/><W57/><REACH who="3" step="1"/><G118/><REACH who="3" ten="170,340,150,330" step="2"/><T15/><D119/><U12/><E3/><V23/><F70/><W27/><G27/><T76/><D126/><U115/><E24/><V26/><F65/><W107/><G107/><T77/><D111/><N who="2" m="42570" /><F52/><W60/><G60/><T80/><D63/><U31/><E115/><V64/><F64/><W38/><G38/><T130/><D130/><U68/><E68/><V28/><AGARI ba="0,1" hai="23,26,28,33,34,35,58,59,75,78,83" m="42570" machi="28" ten="40,3900,0" yaku="14,1,10,1" doraHai="69" who="2" fromWho="2" sc="170,-13,340,-13,150,49,330,-13" /><INIT seed="2,1,0,0,1,48" ten="157,327,199,317" oya="2" hai0="14,90,29,69,49,79,51,92,63,58,16,126,22" hai1="73,53,68,61,6,59,109,17,75,107,133,11,86" hai2="43,2,93,47,123,52,3,56,125,113,124,88,30" hai3="132,7,103,135,32,120,5,102,36,12,54,117,114"/><V74/><F123/><W60/><G117/><T131/><D126/><N who="2" m="48746" /><F74/><W41/><G120/><T97/><D131/><U1/><E107/><V76/><F76/><W64/><G32/><T24/><D69/><U42/><E133/><N who="3" m="51274" /><G114/><T111/><D111/><U0/><E109/><V46/><F30/><W70/><G41/><T112/><D79/><U38/><E1/><N who="2" m="11" /><F43/><W94/><G36/><T31/><D112/><U91/><E68/><V115/><F115/><W57/><G12/><T39/><D39/><U121/><E121/><V44/><F113/><W99/><G103/><T50/><REACH who="0" step="1"/><D14/><REACH who="0" ten="147,327,199,317" step="2"/><U71/><E71/><V10/><F10/><W13/><G13/><T134/><D134/><U45/><REACH who="1" step="1"/><E17/><REACH who="1" ten="147,317,199,317" step="2"/><V9/><F9/><W110/><G110/><T83/><D83/><AGARI ba="1,2" hai="0,6,11,38,42,45,53,59,61,73,75,83,86,91" machi="83" ten="30,7700,0" yaku="1,1,2,1,7,1,52,1,53,0" doraHai="48" doraHaiUra="116" who="1" fromWho="0" sc="147,-80,317,100,199,0,317,0" /><INIT seed="3,0,0,3,0,37" ten="67,417,199,317" oya="3" hai0="124,71,12,96,5,8,75,130,82,55,65,30,107" hai1="48,112,135,38,108,25,24,21,39,73,123,92,68" hai2="19,104,60,64,83,20,56,126,132,47,36,42,113" hai3="28,3,35,44,114,46,111,67,33,127,9,53,116"/><W77/><G114/><T109/><D109/><U85/><E108/><V72/><F113/><W100/><G111/><T129/><D30/><U118/><E73/><V105/><F132/><W11/><G116/><T63/><D55/><U80/><E68/><V119/><F126/><W90/><G127/><T133/><D124/><U122/><E135/><V54/><F119/><W61/><G77/><T43/><D133/><U49/><E92/><V79/><REACH who="2" step="1"/><F64/><REACH who="2" ten="67,417,189,317" step="2"/><W117/><G67/><T18/><D130/><U1/><E112/><V101/><F101/><W87/><G100/><T103/><D129/><U22/><E118/><V66/><F66/><W99/><G117/><T6/><D75/><U91/><E123/><V70/><F70/><W131/><G131/><T16/><D82/><U121/><E80/><V74/><F74/><W10/><G61/><T120/><D120/><U41/><E122/><V98/><F98/><W13/><G99/><T134/><D134/><U58/><E121/><V69/><F69/><W86/><G86/><T27/><D71/><U40/><E85/><V88/><F88/><W102/><G87/><T45/><D65/><U59/><E91/><V115/><F115/><W95/><G90/><T62/><D62/><U78/><E78/><V125/><F125/><W34/><G102/><T94/><D63/><U51/><E51/><V0/><F0/><AGARI ba="0,1" hai="0,1,21,22,24,25,38,39,40,41,48,49,58,59" machi="0" ten="25,6400,0" yaku="22,2,52,2" doraHai="37" who="1" fromWho="2" sc="67,0,417,74,189,-64,317,0" /><INIT seed="4,0,0,4,1,38" ten="67,491,125,317" oya="0" hai0="32,96,90,108,53,11,82,125,93,117,89,41,6" hai1="95,106,36,118,19,134,80,30,43,71,54,126,39" hai2="99,58,37,133,57,67,79,48,24,27,116,66,94" hai3="97,33,130,77,76,12,55,14,17,3,128,131,0"/><T15/><D117/><U113/><E118/><V101/><F37/><W44/><G33/><T60/><D125/><U110/><E110/><V107/><F116/><W5/><G97/><T20/><D32/><U129/><E106/><V87/><F133/><W29/><G29/><T72/><D108/><U13/><E71/><V22/><F27/><W52/><G5/><T7/><D20/><U88/><E30/><N who="2" m="17687" /><F107/><W1/><G44/><T120/><D120/><U114/><E129/><V63/><F48/><W18/><G14/><T70/><D70/><U73/><E54/><N who="3" m="20522" /><G12/><T49/><D60/><U23/><E134/><V111/><F111/><W86/><G86/><N who="0" m="50391" /><D72/><U92/><E126/><V132/><F132/><W84/><G84/><T105/><D105/><U102/><E39/><V109/><F109/><W83/><G83/><T61/><D61/><U121/><E121/><V47/><F47/><W127/><G127/><T85/><D85/><U119/><E119/><V81/><F63/><W91/><G91/><T46/><D53/><U123/><E123/><V4/><F4/><AGARI ba="0,0" hai="4,6,7,11,15,41,46,49,90,93,96" m="50391" machi="4" ten="30,2900,0" yaku="8,1,52,1" doraHai="38" who="0" fromWho="2" sc="67,29,491,0,125,-29,317,0" /><INIT seed="4,1,0,3,4,48" ten="96,491,96,317" oya="0" hai0="91,19,2,92,64,18,51,133,47,89,59,43,131" hai1="10,4,82,119,54,127,17,65,9,35,117,129,56" hai2="57,62,75,98,116,128,112,124,103,68,88,1,90" hai3="29,96,61,105,41,86,94,32,134,38,83,106,135"/><T28/><D131/><U36/><E36/><V66/><F75/><W58/><G29/><T31/><D133/><N who="3" m="50697" /><G32/><T72/><D72/><U27/><E65/><V63/><F128/><W77/><G41/><T8/><D2/><U100/><E127/><V109/><F109/><W84/><G38/><T69/><D69/><U7/><E100/><V11/><F124/><W85/><G58/><T24/><D8/><U114/><E114/><V53/><F112/><W121/><G61/><T93/><D93/><U107/><E82/><V71/><F116/><W30/><G30/><T45/><D47/><U16/><E107/><N who="3" m="40970" /><G121/><T23/><D89/><AGARI ba="1,0" hai="77,83,84,85,86,89,94,96" m="40970,50697" machi="89" ten="30,3900,0" yaku="20,1,34,2" doraHai="48" who="3" fromWho="0" sc="96,-42,491,0,96,0,317,42" /><INIT seed="5,0,0,1,5,13" ten="54,491,96,359" oya="1" hai0="114,100,4,18,57,7,106,90,121,37,2,6,48" hai1="82,31,21,116,62,69,17,83,14,130,42,77,58" hai2="97,51,131,133,89,112,9,128,54,71,32,0,118" hai3="53,59,24,39,52,47,25,129,109,98,1,45,115"/><U44/><E130/><N who="2" m="49707" /><F71/><W99/><G129/><T41/><D37/><U92/><E116/><V68/><F68/><W119/><G109/><T55/><D41/><U81/><E69/><V86/><F32/><W79/><G1/><T103/><D114/><U73/><E31/><V65/><F65/><W88/><G115/><T72/><D72/><U60/><E60/><V117/><F97/><W94/><G119/><T70/><D70/><U5/><E92/><N who="2" m="54327" /><F133/><W8/><G79/><T80/><D2/><U108/><E5/><N who="2" m="1191" /><F112/><W22/><G39/><T46/><D106/><U74/><E74/><V123/><F123/><W38/><G38/><T19/><D121/><U16/><E108/><V34/><F34/><W75/><G75/><T124/><D124/><U27/><E44/><AGARI ba="0,0" hai="44,51,54,117,118" m="1191,54327,49707" machi="44" ten="30,1000,0" yaku="19,1" doraHai="13" who="2" fromWho="1" sc="54,0,491,-10,96,10,359,0" /><INIT seed="6,0,0,0,4,39" ten="54,481,106,359" oya="2" hai0="1,28,34,109,36,16,57,25,24,6,9,38,14" hai1="54,117,55,93,111,30,74,22,51,114,66,118,69" hai2="119,45,52,31,12,91,125,86,99,32,50,135,61" hai3="97,27,53,89,90,18,96,129,94,81,59,100,47"/><V121/><F119/><W83/><G129/><T101/><D109/><U134/><E111/><V46/><F121/><W68/><G68/><T33/><D101/><U75/><E93/><N who="2" m="56767" /><F32/><N who="0" m="12394" /><D57/><U76/><E69/><V78/><F31/><W7/><G7/><T5/><D38/><U122/><E30/><V20/><F61/><W62/><G47/><T43/><D43/><U105/><E105/><V115/><F46/><W58/><G58/><T113/><D36/><U116/><E122/><V88/><F78/><W120/><G120/><T10/><D113/><U98/><E114/><V123/><F115/><W77/><G77/><T35/><D24/><U19/><E76/><V17/><F123/><W130/><G130/><T107/><D107/><U0/><E117/><V71/><F71/><W49/><G49/><T41/><D41/><U40/><E51/><V79/><F79/><W131/><G131/><T42/><D42/><U4/><E75/><V103/><F103/><W21/><REACH who="3" step="1"/><G90/><REACH who="3" ten="54,481,106,349" step="2"/><T108/><D108/><U2/><E4/><AGARI ba="0,1" hai="1,4,5,6,9,10,14,16,25,28,35" m="12394" machi="4" ten="30,12000,2" yaku="35,5,54,1" doraHai="39" who="0" fromWho="1" sc="54,130,481,-120,106,0,349,0" /><INIT seed="7,0,0,0,4,68" ten="184,361,106,349" oya="3" hai0="73,52,119,67,82,15,43,100,11,40,103,97,93" hai1="64,134,123,23,74,10,39,34,76,6,66,106,62" hai2="77,114,94,37,28,121,48,108,122,12,124,50,126" hai3="109,7,112,20,117,30,2,70,19,31,107,49,133"/><W25/><G117/><T22/><D119/><U8/><E34/><V118/><F118/><W135/><G112/><T56/><D67/><U65/><E106/><V45/><F28/><N who="3" m="10795" /><G70/><T41/><D22/><U116/><E123/><N who="2" m="47115" /><F77/><W96/><G49/><N who="2" m="19049" /><F94/><W101/><G7/><N who="0" m="3583" /><D73/><U61/><E39/><V58/><F12/><W47/><G47/><T83/><D103/><U104/><E65/><V80/><F80/><W59/><G59/><T110/><D110/><U98/><E61/><AGARI ba="0,0" hai="40,41,43,52,56,61,82,83,93,97,100" m="3583" machi="61" ten="30,2000,0" yaku="8,1,54,1" doraHai="68" who="0" fromWho="1" sc="184,20,361,-20,106,0,349,0" owari="204,-19.6,341,14.1,106,-39.4,349,44.9" /></mjloggm>