<mjloggm ver="2.3"><GO type="169" lobby="0"/><UN n0="%73%65%69%67%65%6E" n1="%E3%82%A2%E3%83%92%E3%83%AB%E3%83%84%E3%83%AB%E3%82%AE%E3%83%BC" n2="%58%E7%8C%AB" n3="%E3%81%9F%E3%81%8F%E3%81%9E%E3%81%85" dan="17,16,16,16" rate="2199.60,2160.10,2035.07,2119.75" sx="M,M,M,M"/><TAIKYOKU oya="0"/><INIT seed="0,0,0,0,2,118" ten="250,250,250,250" oya="0" hai0="28,27,109,105,53,76,38,80,90,97,63,46,7" hai1="54,72,50,4,89,16,128,2,42,32,126,131,127" hai2="10,15,8,69,79,6,40,73,23,57,68,33,39" hai3="37,110,122,103,61,133,107,30,18,114,70,48,11"/><T9/><D109/><U124/><E72/><V84/><F33/><W132/><G37/><T88/><D105/><U125/><E32/><V134/><F134/><W60/><G114/><T96/><D96/><U94/><E42/><V135/><F135/><W65/><G110/><T86/><D97/><U117/><E117/><V25/><F84/><W102/><G48/><T21/><D38/><U66/><E66/><V17/><F57/><W113/><G113/><T58/><REACH who="0" step="1"/><D46/><REACH who="0" ten="240,250,250,250" step="2"/><U91/><E126/><V108/><F108/><W14/><G107/><T67/><D67/><U119/><E119/><V116/><F116/><W111/><G111/><T22/><D22/><U112/><E112/><V130/><F130/><W45/><G45/><T3/><AGARI ba="0,1" hai="3,7,9,21,27,28,53,58,63,76,80,86,88,90" machi="3" ten="20,12000,1" yaku="1,1,0,1,7,1,54,1,53,1" doraHai="118" doraHaiUra="24" who="0" fromWho="0" sc="240,130,250,-40,250,-40,250,-40" /><INIT seed="0,1,0,4,2,27" ten="370,210,210,210" oya="0" hai0="116,97,108,87,115,65,124,61,56,24,134,59,107" hai1="106,120,46,123,66,83,90,135,86,96,31,112,7" hai2="6,89,44,0,18,98,50,29,16,95,30,20,84" hai3="113,12,14,85,75,81,122,78,79,63,15,62,39"/><T111/><D115/><U69/><E135/><V127/><F127/><W101/><G113/><T93/><D116/><U74/><E112/><V68/><F68/><W73/><G39/><T49/><D124/><U70/><E74/><V77/><F18/><W37/><G37/><T11/><D134/><U17/><E7/><V43/><F6/><W128/><G128/><T130/><D130/><U102/><E17/><V57/><F0/><W10/><G10/><T82/><D107/><U26/><E46/><V60/><F77/><W76/><G101/><T88/><D11/><U132/><E132/><V47/><F84/><W54/><G122/><T91/><D24/><U5/><E5/><V105/><F44/><W9/><G9/><T94/><D49/><U64/><E64/><N who="2" m="38927" /><F105/><W72/><G54/><T118/><D118/><U125/><E125/><V80/><F80/><W100/><G100/><T104/><D104/><U99/><E99/><V13/><AGARI ba="1,0" hai="13,16,20,29,30,43,47,50,89,95,98" m="38927" machi="13" ten="30,7900,0" yaku="8,1,52,2,54,1" doraHai="27" who="2" fromWho="2" sc="370,-40,210,-21,210,82,210,-21" /><INIT seed="1,0,0,5,4,6" ten="330,189,292,189" oya="1" hai0="91,104,126,52,68,88,26,47,53,16,8,76,13" hai1="132,117,69,99,112,46,85,15,82,5,65,128,39" hai2="122,93,115,87,72,49,70,84,34,107,33,28,18" hai3="134,50,27,67,61,100,80,120,30,19,97,17,37"/><U11/><E112/><V45/><F122/><W41/><G134/><T12/><D126/><U113/><E113/><V2/><F115/><W48/><G120/><T10/><D104/><U40/><E128/><V9/><F72/><W25/><G80/><T101/><D68/><U127/><E127/><V14/><F107/><W1/><G1/><T24/><D101/><U62/><E132/><V102/><F70/><W121/><G37/><T60/><D76/><U23/><E117/><V103/><F2/><W22/><G121/><T123/><D123/><U131/><E131/><V96/><F103/><W3/><G3/><T4/><D60/><U71/><E99/><V74/><F74/><W106/><G41/><T73/><D73/><U29/><E71/><V56/><F56/><W38/><G38/><T109/><D109/><U135/><E135/><V125/><F125/><W79/><G79/><T130/><D130/><U35/><E35/><V83/><F28/><W59/><G17/><T58/><D58/><U44/><E44/><V7/><F7/><W94/><REACH who="3" step="1"/><G106/><REACH who="3" ten="330,189,292,179" step="2"/><T43/><D43/><U57/><E29/><V51/><F83/><W36/><G36/><T31/><D31/><U86/><E82/><V105/><F105/><W98/><G98/><T42/><D42/><U116/><E116/><V78/><F78/><W77/><G77/><T133/><D133/><U21/><REACH who="1" step="1"/><E69/><REACH who="1" ten="330,179,292,179" step="2"/><V32/><F96/><W92/><G92/><T119/><D119/><U64/><E64/><V54/><F93/><W63/><G63/><T124/><D124/><U66/><E66/><V111/><F34/><AGARI ba="0,2" hai="19,22,25,27,30,34,48,50,59,61,67,94,97,100" machi="34" ten="30,3900,0" yaku="1,1,6,1,7,1,53,0" doraHai="6" doraHaiUra="0" who="3" fromWho="2" sc="330,0,179,0,292,-39,179,59" /><INIT seed="2,0,0,4,4,78" ten="330,179,253,238" oya="2" hai0="30,37,116,121,127,90,41,17,81,129,20,19,134" hai1="89,119,42,100,50,3,48,51,43,2,16,18,52" hai2="118,33,99,87,76,109,44,67,93,40,58,31,101" hai3="12,103,11,61,92,65,83,63,59,1,128,113,34"/><V23/><F118/><W130/><G34/><T62/><D121/><U122/><E119/><V60/><F33/><W115/><G1/><T25/><D116/><U85/><E122/><V35/><F35/><W54/><G103/><T120/><D120/><U106/><E106/><V88/><F109/><W26/><G92/><T27/><D134/><U6/><E100/><V98/><F76/><W0/><G0/><T79/><D129/><N who="3" m="49769" /><G26/><T112/><D127/><U77/><E77/><V28/><F99/><W29/><G29/><T96/><D112/><U14/><E3/><V7/><F7/><N who="3" m="3199" /><G83/><T111/><D111/><U80/><E2/><V64/><F64/><W95/><G95/><T82/><D79/><U74/><E74/><V32/><F32/><W49/><G61/><T10/><D96/><U39/><E6/><V105/><REACH who="2" step="1"/><F23/><REACH who="2" ten="330,179,243,238" step="2"/><W104/><G104/><T46/><D20/><U5/><E5/><V55/><F55/><W97/><G97/><T8/><D8/><N who="1" m="6215" /><E42/><V71/><F71/><AGARI ba="0,1" hai="49,54,59,63,65,71,113,115" m="3199,49769" machi="71" ten="30,1000,0" yaku="19,1" doraHai="78" who="3" fromWho="2" sc="330,0,179,0,243,-10,238,20" /><INIT seed="3,0,0,1,2,30" ten="330,179,233,258" oya="3" hai0="55,43,51,42,5,38,88,79,77,48,56,112,87" hai1="102,9,25,115,47,26,29,122,36,86,31,64,90" hai2="105,67,53,59,7,130,116,52,24,108,121,45,65" hai3="96,6,114,103,74,39,125,99,18,100,113,120,44"/><W82/><G120/><T129/><D38/><U66/><E122/><V20/><F116/><W14/><G6/><T32/><D129/><U2/><E115/><V80/><F121/><W76/><G125/><T0/><D112/><U23/><E102/><V62/><F105/><W33/><G33/><T135/><D135/><U63/><E2/><V15/><F130/><W126/><G126/><T89/><D32/><U28/><E9/><N who="2" m="4543" /><F108/><W54/><G54/><T97/><D5/><U98/><E98/><V101/><F101/><W73/><G73/><T1/><D1/><U60/><E47/><V40/><F40/><N who="0" m="15402" /><D0/><U94/><E36/><V124/><F124/><W70/><G44/><T134/><D134/><U72/><E72/><V16/><F80/><W127/><G70/><T107/><D48/><AGARI ba="0,0" hai="16,20,24,45,48,52,53,59,62,65,67" m="4543" machi="48" ten="30,3900,0" yaku="8,1,54,2" doraHai="30" who="2" fromWho="0" sc="330,-39,179,0,233,39,258,0" /><INIT seed="4,0,0,2,0,65" ten="291,179,272,258" oya="0" hai0="83,104,46,28,57,7,109,50,43,129,107,53,77" hai1="9,33,68,5,1,115,10,130,100,84,51,40,105" hai2="32,112,11,45,98,70,72,81,74,123,95,75,117" hai3="27,131,106,55,47,49,8,38,121,119,24,111,18"/><T56/><D129/><U87/><E33/><V73/><F123/><W59/><G111/><T116/><D116/><U26/><E130/><V80/><F32/><W58/><G119/><T128/><D128/><U120/><E120/><V29/><F29/><W101/><G121/><T82/><D109/><U15/><E115/><V86/><F117/><W36/><G36/><T71/><D71/><U23/><E68/><V92/><F45/><W134/><G134/><T17/><D57/><U96/><E40/><V132/><F11/><W114/><G114/><T48/><D28/><U31/><REACH who="1" step="1"/><E51/><REACH who="1" ten="291,169,272,258" step="2"/><V21/><F70/><W19/><G49/><T14/><D7/><AGARI ba="0,1" hai="1,5,7,9,10,15,23,26,31,84,87,96,100,105" machi="7" ten="30,3900,0" yaku="1,1,2,1,7,1,53,0" doraHai="65" doraHaiUra="12" who="1" fromWho="0" sc="291,-39,169,49,272,0,258,0" /><INIT seed="5,0,0,3,5,78" ten="252,218,272,258" oya="1" hai0="37,62,55,48,31,71,25,119,118,81,82,124,15" hai1="115,13,33,69,66,106,104,74,61,123,52,73,17" hai2="64,23,44,8,47,46,53,93,51,113,75,110,1" hai3="60,92,107,27,133,112,72,26,36,130,97,135,35"/><U54/><E33/><V77/><F110/><W90/><G36/><T20/><D37/><U11/><E123/><V4/><F64/><W91/><G112/><T29/><D124/><U87/><E115/><V56/><F113/><W120/><G120/><T68/><D31/><U14/><E74/><V18/><F93/><W103/><G72/><T129/><D129/><U22/><E73/><V3/><F3/><W6/><G6/><T9/><D119/><U96/><E87/><V128/><F128/><W134/><G130/><T88/><D118/><U57/><E96/><V109/><F109/><W89/><G35/><T80/><D62/><U7/><REACH who="1" step="1"/><E54/><REACH who="1" ten="252,208,272,258" step="2"/><V94/><F75/><W49/><G97/><T121/><D121/><U79/><E79/><V85/><F77/><W34/><G34/><T99/><D99/><U67/><E67/><V2/><F85/><W63/><G135/><T105/><D105/><U132/><E132/><V100/><F100/><W10/><G103/><T39/><D88/><U59/><E59/><V114/><F114/><W28/><G91/><T16/><REACH who="0" step="1"/><D39/><REACH who="0" ten="242,208,272,258" step="2"/><U116/><E116/><V0/><REACH who="2" step="1"/><F94/><REACH who="2" ten="242,208,262,258" step="2"/><W117/><G92/><T122/><D122/><U102/><E102/><V98/><F98/><W126/><G117/><T45/><AGARI ba="0,3" hai="9,15,16,20,25,29,45,48,55,68,71,80,81,82" machi="45" ten="30,12000,2" yaku="1,1,0,1,52,3,54,1,53,0" doraHai="78" doraHaiUra="95" who="0" fromWho="0" sc="242,150,208,-60,262,-30,258,-30" /><INIT seed="6,0,0,2,3,47" ten="392,148,232,228" oya="2" hai0="45,14,96,100,104,10,66,93,26,68,49,28,86" hai1="11,120,133,65,131,130,42,129,76,36,23,132,60" hai2="101,25,50,78,108,95,1,30,118,69,33,81,18" hai3="102,15,12,37,79,113,43,91,92,74,51,107,17"/><V126/><F118/><W3/><G3/><T84/><D104/><U35/><E35/><V82/><F69/><W70/><G70/><T72/><D72/><U31/><E120/><V21/><F1/><W88/><G37/><T97/><D97/><U105/><E105/><V46/><F126/><W24/><G113/><T38/><D38/><U127/><E76/><V32/><F108/><W112/><G112/><T99/><D99/><U73/><E73/><V59/><F59/><W13/><G107/><T71/><D66/><U75/><E75/><V48/><F33/><W39/><G39/><T115/><D115/><U61/><E11/><V53/><F78/><W41/><G41/><T4/><D71/><U29/><E23/><V44/><F95/><W63/><G63/><N who="1" m="24138" /><E65/><V128/><F101/><W56/><G79/><T62/><D62/><U117/><E117/><V125/><F128/><W54/><G43/><T55/><D68/><U122/><E122/><V94/><F94/><W83/><G83/><T90/><D100/><U2/><E2/><V111/><F125/><W19/><G74/><T27/><D27/><U109/><E109/><V8/><F111/><W85/><G102/><T87/><D96/><U9/><E9/><V98/><F98/><N who="3" m="57607" /><G24/><T80/><D93/><U16/><E127/><V134/><F32/><AGARI ba="0,0" hai="4,10,14,26,28,32,45,49,55,80,84,86,87,90" machi="32" ten="30,2000,0" yaku="7,1,52,1" doraHai="47" who="0" fromWho="2" sc="392,20,148,0,232,-20,228,0" /><INIT seed="7,0,0,2,4,113" ten="412,148,212,228" oya="3" hai0="108,34,54,95,76,23,49,126,4,100,26,119,0" hai1="127,82,38,70,93,29,58,8,22,114,103,13,74" hai2="31,71,112,10,77,68,121,90,72,2,45,129,57" hai3="107,46,36,83,35,79,73,1,62,51,5,99,94"/><W124/><G35/><T98/><D108/><U89/><E70/><V105/><F90/><W111/><G111/><T33/><D126/><U9/><E114/><V123/><F57/><W65/><G107/><T96/><D119/><U24/><E127/><V17/><F112/><W59/><G124/><T52/><D54/><U40/><E38/><V20/><F105/><W44/><G36/><T25/><D25/><U115/><E115/><V64/><F31/><W60/><G60/><T75/><D98/><U63/><E40/><V135/><F45/><W32/><G32/><T118/><D118/><U102/><E74/><V86/><F72/><W7/><G1/><T48/><D48/><U61/><E82/><N who="2" m="47439" /><F64/><W91/><G46/><T133/><D133/><U19/><E8/><V80/><F80/><W120/><G120/><N who="2" m="46153" /><F129/><W106/><G106/><T3/><D76/><U88/><E63/><V6/><F135/><W85/><G73/><T30/><D75/><U132/><E132/><V14/><AGARI ba="0,0" hai="2,6,10,14,17,20,68,71" m="46153,47439" machi="14" ten="30,1100,0" yaku="13,1" doraHai="113" who="2" fromWho="2" sc="412,-3,148,-3,212,11,228,-5" owari="409,50.9,145,-35.5,223,2.3,223,-17.7" /></mjloggm>