<mjloggm ver="2.3"><GO type="169" lobby="0"/><UN n0="%52%59%4F%40%53%53" n1="%E5%A4%A9%E6%89%8D%E9%BA%BB%E5%B0%86%E6%99%BA%E4%B9%83" n2="%43%52%41%5A%59%42%45%45" n3="%E3%81%BE%E3%81%8B%E3%81%B7%E3%82%93" dan="17,16,18,16" rate="2142.55,2157.85,2201.83,2084.24" sx="M,M,F,M"/><TAIKYOKU oya="0"/><INIT seed="0,0,0,5,3,0" ten="250,250,250,250" oya="0" hai0="107,45,78,98,86,87,54,92,70,26,46,133,20" hai1="60,68,40,14,122,62,41,42,125,67,102,128,65" hai2="6,111,52,28,33,61,72,84,96,69,25,126,127" hai3="30,2,119,39,80,5,88,131,22,47,53,12,130"/><T71/><D107/><U97/><E122/><V113/><F113/><W11/><G119/><T100/><D133/><U13/><E128/><N who="3" m="49194" /><G53/><T35/><D35/><U106/><REACH who="1" step="1"/><E125/><REACH who="1" ten="250,240,250,250" step="2"/><V90/><F126/><W85/><G2/><T117/><D117/><U110/><E110/><V64/><F111/><W94/><G80/><T57/><D71/><AGARI ba="0,1" hai="13,14,40,41,42,60,62,65,67,68,71,97,102,106" machi="71" ten="40,2600,0" yaku="1,1,9,1,53,0" doraHai="0" doraHaiUra="135" who="1" fromWho="0" sc="250,-26,240,36,250,0,250,0" /><INIT seed="1,0,0,0,0,45" ten="224,276,250,250" oya="1" hai0="62,103,122,57,89,81,55,47,93,87,56,66,5" hai1="50,8,38,85,6,90,51,36,34,111,58,1,78" hai2="108,124,2,63,42,41,9,48,113,32,73,31,134" hai3="3,52,77,105,29,37,92,70,19,16,15,46,65"/><U39/><E34/><V71/><F73/><W127/><G105/><T21/><D122/><U68/><E68/><V101/><F108/><W109/><G3/><T95/><D47/><U133/><E111/><V72/><F72/><W120/><G109/><T49/><D103/><U102/><E78/><V115/><F134/><W114/><G120/><T82/><D5/><U22/><E133/><V94/><F124/><W26/><G114/><T135/><D135/><U43/><E43/><V10/><F31/><W123/><G123/><T14/><D95/><U27/><E58/><V7/><F32/><W128/><G128/><T64/><D64/><U4/><E4/><V97/><F10/><W106/><G106/><T83/><D83/><U67/><E67/><N who="2" m="41471" /><F48/><W40/><G77/><T121/><D121/><U20/><E102/><V60/><F60/><W17/><G127/><T99/><D99/><U11/><E11/><V112/><AGARI ba="0,0" hai="2,7,9,41,42,94,97,101,112,113,115" m="41471" machi="112" ten="30,1100,0" yaku="11,1" doraHai="45" who="2" fromWho="2" sc="224,-3,276,-5,250,11,250,-3" /><INIT seed="2,0,0,5,0,111" ten="221,271,261,247" oya="2" hai0="128,107,29,98,86,87,12,49,13,26,96,59,8" hai1="76,131,0,56,17,6,21,40,83,38,1,99,101" hai2="15,127,75,91,35,68,43,108,120,110,112,9,118" hai3="65,106,123,129,133,94,37,95,121,46,64,135,52"/><V134/><RYUUKYOKU type="yao9" ba="0,0" sc="221,0,271,0,261,0,247,0" hai2="9,15,35,43,68,75,91,108,110,112,118,120,127,134" /><INIT seed="2,1,0,2,5,130" ten="221,271,261,247" oya="2" hai0="68,41,89,98,55,125,65,62,107,6,131,14,10" hai1="121,50,117,81,86,120,21,35,36,26,127,97,133" hai2="53,23,4,17,5,118,66,70,15,80,59,42,9" hai3="93,31,27,108,95,47,83,122,25,109,0,56,101"/><V7/><F118/><W67/><G122/><N who="1" m="47210" /><E36/><V11/><F70/><W19/><G0/><T113/><D131/><U114/><E114/><V73/><F66/><W38/><G83/><T112/><D125/><U60/><E35/><V123/><F123/><W82/><G82/><T135/><D135/><U104/><E127/><V129/><F129/><W71/><G71/><T103/><D41/><U1/><E1/><V75/><F42/><W34/><G38/><T124/><D124/><U45/><E60/><V79/><REACH who="2" step="1"/><F73/><REACH who="2" ten="221,271,251,247" step="2"/><W46/><G67/><T28/><D55/><U91/><E117/><V29/><F29/><W57/><G31/><T43/><D43/><U52/><E133/><V24/><F24/><W40/><G40/><T128/><D128/><U49/><E26/><V90/><F90/><W30/><G30/><T3/><D28/><U111/><E91/><V85/><F85/><W20/><G34/><T16/><REACH who="0" step="1"/><D89/><REACH who="0" ten="211,271,251,247" step="2"/><U64/><E64/><V88/><F88/><W100/><REACH who="3" step="1"/><G19/><REACH who="3" ten="211,271,251,237" step="2"/><T110/><D110/><U2/><E111/><V63/><AGARI ba="1,3" hai="4,5,7,9,11,15,17,23,53,59,63,75,79,80" machi="63" ten="30,3000,0" yaku="1,1,0,1,53,0" doraHai="130" doraHaiUra="44" who="2" fromWho="2" sc="211,-11,271,-11,251,63,237,-11" /><INIT seed="2,2,0,0,5,27" ten="200,260,314,226" oya="2" hai0="0,29,73,15,2,9,30,131,133,53,112,4,54" hai1="71,110,86,119,123,40,46,108,121,81,32,34,1" hai2="122,130,84,80,128,69,107,74,97,91,76,103,65" hai3="104,87,78,45,68,120,63,85,126,12,129,43,117"/><V11/><F11/><W20/><G117/><T116/><D73/><U57/><E71/><V38/><F38/><W134/><G120/><N who="1" m="46154" /><E57/><V95/><F122/><W8/><G104/><T94/><D116/><U114/><E1/><V37/><F37/><W62/><G134/><T96/><D112/><U58/><E58/><V3/><F3/><W118/><G118/><T42/><D42/><U19/><E19/><V132/><F132/><W25/><G129/><N who="2" m="49769" /><F65/><W10/><G126/><T49/><D133/><U21/><E21/><V50/><F50/><N who="3" m="26943" /><G68/><AGARI ba="2,0" hai="68,69,74,76,80,84,91,95,97,103,107" m="49769" machi="68" ten="30,2900,0" yaku="24,1,19,1" doraHai="27" who="2" fromWho="3" sc="200,0,260,0,314,35,226,-35" /><INIT seed="2,3,0,4,5,3" ten="200,260,349,191" oya="2" hai0="10,88,124,52,24,14,76,66,20,1,133,123,4" hai1="117,63,83,127,134,70,43,53,41,39,131,42,130" hai2="81,50,67,73,96,128,100,103,31,8,38,120,108" hai3="119,30,105,21,112,94,104,109,46,98,107,75,115"/><V93/><F120/><W69/><G69/><T84/><D123/><U13/><E83/><V7/><F38/><W47/><G119/><T71/><D124/><U79/><E79/><V99/><F128/><N who="1" m="49193" /><E13/><V9/><F108/><W27/><G75/><T132/><D76/><U116/><E127/><V23/><F67/><W121/><G121/><T64/><D1/><U6/><E6/><V106/><F50/><W78/><G78/><T12/><D12/><U86/><E86/><V126/><F126/><W74/><G74/><T72/><D72/><U118/><E134/><N who="0" m="51817" /><D71/><U35/><E35/><V57/><F73/><W58/><G58/><T11/><D11/><U26/><E26/><N who="2" m="16863" /><F57/><W60/><G60/><T56/><D20/><U62/><E39/><V61/><F9/><W55/><G109/><T45/><D24/><U122/><E122/><V19/><F81/><W28/><G28/><T102/><D102/><U101/><E101/><V92/><F106/><W87/><G87/><T113/><D113/><N who="3" m="43593" /><G55/><T111/><D111/><U114/><E114/><V5/><F61/><N who="1" m="23049" /><E53/><V95/><F95/><W54/><G54/><T40/><D52/><U125/><E125/><V59/><F59/><W22/><G22/><T129/><D129/><U85/><E85/><V16/><F8/><W18/><G30/><T36/><D56/><U17/><E70/><V77/><F77/><W15/><G27/><T82/><AGARI ba="3,0" hai="4,10,14,36,40,45,64,66,82,84,88" m="51817" machi="82" ten="30,4000,0" yaku="20,1,52,1,54,1" doraHai="3" who="0" fromWho="0" sc="200,49,260,-13,349,-23,191,-13" /><INIT seed="3,0,0,3,2,49" ten="249,247,326,178" oya="3" hai0="90,88,2,0,27,73,62,109,21,92,103,37,87" hai1="135,9,99,69,74,41,51,17,132,133,123,1,126" hai2="101,93,59,76,116,57,13,125,83,25,128,38,104" hai3="4,130,107,68,117,60,20,26,61,45,11,5,43"/><W28/><G117/><T78/><D37/><U8/><E123/><V53/><F116/><W18/><G107/><T81/><D109/><U102/><E126/><V131/><F104/><W124/><G130/><N who="2" m="49705" /><F125/><W31/><G124/><T91/><D62/><U89/><E69/><V64/><F38/><W114/><G114/><T84/><D103/><U48/><E74/><V98/><F25/><W118/><G118/><T95/><REACH who="0" step="1"/><D90/><REACH who="0" ten="239,247,326,178" step="2"/><U55/><E89/><V134/><F101/><W129/><G129/><T16/><AGARI ba="0,1" hai="0,2,16,21,27,73,78,81,84,87,88,91,92,95" machi="16" ten="20,12000,2" yaku="1,1,2,1,0,1,7,1,9,1,54,2,53,0" doraHai="49" doraHaiUra="52" who="0" fromWho="0" sc="239,130,247,-30,326,-30,178,-60" /><INIT seed="4,0,0,1,5,73" ten="369,217,296,118" oya="0" hai0="23,5,71,109,16,62,68,85,93,82,86,80,17" hai1="44,37,33,47,124,112,120,102,83,119,7,57,28" hai2="69,32,43,15,128,19,88,34,66,103,30,94,52" hai3="56,95,50,59,0,74,35,13,96,92,61,130,64"/><T108/><D5/><U20/><E119/><V14/><F43/><W76/><G0/><T89/><D62/><U60/><E120/><V49/><F103/><W75/><G35/><T6/><D6/><U98/><E33/><V122/><F122/><W99/><G130/><T97/><D97/><U67/><E37/><V24/><F32/><W131/><G131/><T135/><D135/><U48/><E124/><V58/><F128/><W121/><G121/><T22/><D93/><U8/><E83/><V31/><F31/><W25/><G25/><T9/><D89/><U77/><E77/><V115/><F115/><W36/><G36/><T125/><REACH who="0" step="1"/><D9/><REACH who="0" ten="359,217,296,118" step="2"/><U133/><E133/><V107/><F94/><W40/><G95/><T45/><D45/><U84/><E44/><V118/><F88/><W87/><G99/><T21/><D21/><U53/><E98/><V27/><F34/><W81/><G13/><T106/><D106/><U3/><E102/><V111/><F107/><W55/><REACH who="3" step="1"/><G40/><REACH who="3" ten="359,217,296,108" step="2"/><T29/><D29/><U123/><E28/><V12/><F30/><W2/><G2/><T51/><D51/><U41/><E48/><V10/><F14/><W39/><G39/><T78/><D78/><U46/><E3/><V116/><F15/><W127/><G127/><AGARI ba="0,2" hai="16,17,22,23,68,71,80,82,85,86,108,109,125,127" machi="127" ten="25,9600,0" yaku="1,1,22,2,54,1,53,0" doraHai="73" doraHaiUra="129" who="0" fromWho="3" sc="359,116,217,0,296,0,108,-96" /><INIT seed="4,1,0,1,3,107" ten="475,217,296,12" oya="0" hai0="11,44,63,133,38,124,43,104,60,90,35,111,74" hai1="14,34,118,41,19,79,81,91,1,56,65,106,53" hai2="89,37,88,127,128,10,100,36,85,75,23,112,47" hai3="80,7,84,58,40,77,99,28,66,76,18,6,51"/><T69/><D104/><U78/><E118/><V67/><F112/><W83/><G28/><T26/><D124/><U33/><E106/><V9/><F100/><W86/><G99/><T122/><D122/><U95/><E1/><V42/><F67/><W49/><G18/><T131/><D131/><U29/><E41/><V2/><F128/><W113/><G113/><T132/><D11/><U116/><E65/><V102/><F102/><W98/><G98/><T119/><D119/><U27/><E116/><V123/><F123/><W92/><G92/><T96/><D74/><U121/><E121/><V15/><F75/><W62/><REACH who="3" step="1"/><G40/><REACH who="3" ten="475,217,296,2" step="2"/><T48/><D96/><U134/><E19/><V50/><F42/><W25/><G25/><T32/><D26/><U39/><E27/><V125/><F125/><W82/><G82/><T64/><D32/><U97/><E29/><V93/><F93/><W68/><G68/><T5/><D35/><U108/><E33/><V61/><F127/><W20/><G20/><T45/><D69/><U114/><E34/><V101/><F23/><W4/><AGARI ba="1,1" hai="4,6,7,49,51,58,62,66,76,77,80,83,84,86" machi="4" ten="30,7900,0" yaku="1,1,0,1,9,1,8,1,53,0" doraHai="107" doraHaiUra="21" who="3" fromWho="3" sc="475,-40,217,-21,296,-21,2,92" /><INIT seed="5,0,0,2,5,16" ten="435,196,275,94" oya="1" hai0="90,50,31,18,8,68,17,87,127,57,119,99,19" hai1="75,134,39,96,83,46,128,40,48,89,25,29,91" hai2="118,132,85,52,103,72,82,37,110,53,70,121,69" hai3="62,112,10,34,35,124,51,79,88,60,71,78,66"/><U115/><E115/><V1/><F118/><W97/><G112/><T56/><D68/><U130/><E134/><V131/><F121/><W80/><G124/><T41/><D119/><U21/><E96/><V116/><F110/><W123/><G123/><T42/><D127/><U24/><E39/><V101/><F116/><W77/><G10/><T43/><D99/><U27/><E75/><V65/><F1/><W106/><G60/><T11/><D31/><U100/><E100/><V105/><F72/><W67/><G67/><T13/><D50/><U55/><E40/><V102/><F105/><W14/><G14/><N who="0" m="7367" /><D19/><U93/><E83/><AGARI ba="0,0" hai="11,13,18,41,42,43,56,57,83,87,90" m="7367" machi="83" ten="30,1000,0" yaku="8,1" doraHai="16" who="0" fromWho="1" sc="435,10,196,-10,275,0,94,0" /><INIT seed="6,0,0,4,0,28" ten="445,186,275,94" oya="2" hai0="59,4,30,29,13,12,117,2,119,1,48,135,124" hai1="71,109,132,57,63,134,98,92,42,54,83,20,89" hai2="68,120,93,126,131,17,74,0,100,122,76,43,118" hai3="128,101,82,37,22,85,16,26,123,66,5,86,62"/><V87/><F118/><N who="0" m="45066" /><D124/><U24/><E109/><V73/><F0/><N who="0" m="106" /><D135/><U80/><E71/><V111/><F68/><W45/><G128/><T129/><D129/><U11/><E42/><V53/><F43/><W75/><G123/><T7/><D48/><U77/><E11/><V127/><F17/><W35/><G5/><N who="0" m="2123" /><D59/><U14/><E14/><AGARI ba="0,0" hai="12,13,14,29,30" m="2123,106,45066" machi="14" ten="40,8000,1" yaku="28,2,12,1,34,2" doraHai="28" who="0" fromWho="1" sc="445,80,186,-80,275,0,94,0" /><INIT seed="7,0,0,0,2,3" ten="525,106,275,94" oya="3" hai0="103,44,58,1,61,37,109,85,91,40,126,135,57" hai1="39,60,8,4,100,102,123,48,9,124,127,30,11" hai2="66,45,68,65,111,14,23,131,12,93,21,10,105" hai3="89,34,94,101,104,72,81,74,108,121,96,18,79"/><W13/><G34/><T95/><D109/><U114/><E39/><V54/><F105/><W117/><G121/><T76/><D1/><U47/><E4/><V16/><F111/><W51/><G117/><T73/><D126/><N who="1" m="48171" /><E114/><V129/><F93/><W115/><G115/><T15/><D135/><U110/><E110/><V82/><F82/><W26/><G108/><T52/><D103/><U83/><E123/><V27/><F14/><W49/><G26/><T113/><D113/><U134/><E134/><V17/><F68/><W20/><REACH who="3" step="1"/><G74/><REACH who="3" ten="525,106,275,84" step="2"/><T119/><D119/><U77/><E30/><V43/><F27/><W53/><G53/><T28/><D28/><U6/><E6/><V80/><F54/><W5/><G5/><T55/><D55/><N who="1" m="30111" /><E60/><V90/><F17/><W32/><G32/><T92/><D73/><AGARI ba="0,1" hai="8,9,11,73,77,83,100,102" m="30111,48171" machi="73" ten="30,1000,0" yaku="18,1" doraHai="3" who="1" fromWho="0" sc="525,-10,106,20,275,0,84,0" owari="515,61.5,126,-27.4,275,7.5,84,-41.6" /></mjloggm>