<mjloggm ver="2.3"><GO type="225" lobby="0"/><UN n0="%E3%83%A9%E3%83%BC%E3%83%A1%E3%83%B3%E4%BA%94%E9%83%8E" n1="%E5%91%A8%E6%9D%B1" n2="%E3%82%A4%E3%83%BC%E3%82%B1%E3%83%97%E3%83%A9" n3="%E3%83%96%E3%83%83%E3%83%91%E3%82%AA%E3%83%96%E3%83%81%E3%82%AD%E3%83%B3" dan="16,16,17,16" rate="2077.11,2151.55,2150.25,2126.82" sx="M,M,M,M"/><TAIKYOKU oya="0"/><INIT seed="0,0,0,4,5,9" ten="250,250,250,250" oya="0" hai0="133,110,93,73,57,119,5,34,97,15,17,134,11" hai1="128,54,98,3,64,40,26,65,131,101,60,1,18" hai2="32,78,108,111,49,63,23,87,14,115,58,100,95" hai3="85,96,82,48,79,39,88,37,113,121,126,20,42"/><T80/><D119/><U51/><E40/><V90/><F32/><W28/><G113/><T129/><D34/><U114/><E114/><V122/><F115/><W103/><G126/><T16/><D129/><N who="1" m="49739" /><E26/><V41/><F122/><W30/><G121/><T71/><D71/><N who="1" m="42375" /><E65/><V83/><F100/><W43/><G39/><T13/><D110/><N who="2" m="42026" /><F41/><W124/><G124/><T31/><D31/><U92/><E18/><N who="2" m="10711" /><F49/><W38/><G38/><T70/><D70/><U123/><E123/><V102/><F102/><W120/><G120/><T27/><D27/><U89/><E101/><V72/><F63/><W35/><G37/><T75/><D5/><U56/><AGARI ba="0,0" hai="1,3,51,54,56,89,92,98" m="42375,49739" machi="56" ten="30,1100,0" yaku="19,1" doraHai="9" who="1" fromWho="1" sc="250,-5,250,11,250,-3,250,-3" /><INIT seed="1,0,0,5,2,95" ten="245,261,247,247" oya="1" hai0="28,10,124,101,58,81,130,15,14,37,94,84,21" hai1="2,91,121,46,34,83,131,57,122,132,120,36,33" hai2="100,68,55,88,87,128,98,62,63,69,31,92,53" hai3="90,133,59,39,117,35,49,108,17,61,22,38,9"/><U20/><E2/><V65/><F128/><W106/><G35/><T64/><D37/><U89/><E131/><V107/><REACH who="2" step="1"/><F31/><REACH who="2" ten="245,261,237,247" step="2"/><W78/><G117/><T86/><D130/><U6/><E122/><V119/><F119/><W118/><G118/><T52/><D28/><U76/><E121/><V41/><F41/><W7/><G108/><T25/><D124/><U125/><E125/><V51/><F51/><W99/><G49/><T11/><D64/><AGARI ba="0,1" hai="53,55,62,63,64,65,68,69,87,88,92,98,100,107" machi="64" ten="40,8000,1" yaku="1,1,9,1,52,1,54,1,53,0" doraHai="95" doraHaiUra="54" who="2" fromWho="0" sc="245,-80,261,0,237,90,247,0" /><INIT seed="2,0,0,5,0,83" ten="165,261,327,247" oya="2" hai0="35,115,53,129,121,116,45,18,21,93,118,80,26" hai1="112,86,38,92,75,41,130,29,40,24,0,108,123" hai2="61,33,59,132,69,114,125,25,66,48,99,23,77" hai3="120,13,119,131,3,124,122,1,128,67,76,15,20"/><V68/><F114/><W73/><G67/><T89/><D121/><N who="3" m="46697" /><G76/><T17/><D115/><U97/><E123/><V62/><F132/><W27/><G73/><T30/><D129/><N who="3" m="49737" /><G119/><T81/><D118/><U10/><E112/><V133/><F133/><W113/><G113/><T43/><D116/><U16/><E108/><V51/><F33/><W36/><G124/><T34/><D53/><U127/><E75/><V22/><F125/><W2/><G36/><T60/><D60/><U8/><E38/><V101/><F77/><W56/><G56/><T117/><D117/><U72/><E72/><V6/><F69/><W47/><G47/><T58/><D58/><U50/><E127/><V82/><F82/><W11/><G11/><T88/><D34/><U32/><E8/><V85/><F85/><W111/><G111/><T95/><D35/><U42/><E86/><V39/><F39/><W70/><G70/><T87/><D45/><U54/><E130/><V134/><F134/><W19/><AGARI ba="0,0" hai="1,2,3,13,15,19,20,27" m="49737,46697" machi="19" ten="40,5200,0" yaku="19,1,34,2" doraHai="83" who="3" fromWho="3" sc="165,-13,261,-13,327,-26,247,52" /><INIT seed="3,0,0,2,1,123" ten="152,248,301,299" oya="3" hai0="130,81,5,116,3,80,4,108,125,59,95,104,71" hai1="6,101,28,90,29,112,89,92,48,120,20,39,30" hai2="109,9,37,119,0,111,33,131,24,35,16,66,124" hai3="14,69,106,44,13,57,26,19,87,115,129,21,2"/><W51/><G115/><T135/><D116/><U82/><E39/><V63/><F37/><W47/><G69/><T72/><D71/><U42/><E120/><V64/><F119/><W61/><G2/><T43/><D43/><U10/><E112/><V67/><F131/><W113/><G113/><T74/><D3/><U32/><E32/><N who="2" m="12363" /><F124/><W88/><G106/><T91/><D130/><U8/><E20/><N who="2" m="13319" /><F0/><W41/><G47/><T78/><D59/><U103/><E6/><V107/><F9/><W132/><G132/><T22/><D22/><U122/><E122/><V110/><F107/><W100/><G100/><T65/><D65/><U11/><E42/><V17/><F17/><W36/><G36/><T117/><D117/><U83/><E48/><V53/><F53/><N who="3" m="33967" /><G129/><T49/><D49/><U46/><E46/><V45/><F45/><W34/><G34/><T93/><D125/><U96/><REACH who="1" step="1"/><E103/><REACH who="1" ten="152,238,301,299" step="2"/><V12/><F12/><W118/><G118/><T40/><D40/><U127/><E127/><V114/><F114/><W52/><G41/><T105/><D135/><U126/><E126/><V102/><F102/><W121/><G121/><T94/><D4/><U70/><E70/><AGARI ba="0,1" hai="63,64,66,67,70,109,110,111" m="13319,12363" machi="70" ten="40,8000,1" yaku="14,1,52,3,54,1" doraHai="123" who="2" fromWho="1" sc="152,0,238,-80,301,90,299,0" owari="152,-34.8,158,-24.2,391,49.1,299,9.9" /></mjloggm>