<mjloggm ver="2.3"><GO type="169" lobby="0"/><UN n0="%E6%9C%AC%E5%AE%B6%E3%81%8B%E3%81%BE%E3%81%A9%E3%82%84" n1="%63%78%79%74%6D%6C" n2="%E3%81%94%E3%82%8B%E3%81%AF%E3%82%80%33%30" n3="%6C%6E%61%69" dan="16,16,17,16" rate="2155.79,2219.97,2183.72,2025.98" sx="M,M,F,M"/><TAIKYOKU oya="0"/><INIT seed="0,0,0,4,0,38" ten="250,250,250,250" oya="0" hai0="20,40,79,51,89,99,58,93,64,130,33,47,37" hai1="44,73,127,10,70,0,21,59,92,17,45,15,8" hai2="71,41,132,62,68,134,100,24,2,121,18,31,56" hai3="105,7,43,16,81,22,34,113,67,124,120,83,30"/><T117/><D117/><U75/><E70/><V84/><F121/><W126/><G113/><T9/><D130/><U116/><E116/><V110/><F2/><W94/><G105/><T118/><D118/><U39/><E127/><N who="3" m="48682" /><G7/><T25/><D33/><U60/><E0/><V96/><F18/><W35/><G67/><T98/><D79/><U5/><E92/><V112/><F84/><W57/><G57/><T19/><D9/><U103/><E103/><V114/><F110/><W123/><G94/><T82/><D82/><N who="3" m="31241" /><G43/><T135/><D135/><N who="2" m="51754" /><F41/><W115/><G115/><T88/><D37/><U87/><E87/><V49/><F49/><W63/><G63/><N who="0" m="38007" /><D99/><U109/><E109/><V48/><F48/><W12/><G30/><T125/><D125/><U85/><E85/><V129/><F129/><W54/><G54/><T104/><D104/><U91/><E39/><V65/><F114/><W27/><G27/><T133/><D133/><U55/><E75/><V3/><F3/><W50/><G50/><T108/><D108/><U28/><E73/><V95/><F112/><W46/><G46/><T66/><D66/><U13/><E45/><V6/><F6/><W107/><G107/><T11/><D11/><U26/><E44/><V101/><F101/><AGARI ba="0,0" hai="19,20,25,40,47,51,88,89,93,98,101" m="38007" machi="101" ten="30,5800,0" yaku="8,1,52,1,54,1" doraHai="38" who="0" fromWho="2" sc="250,58,250,0,250,-58,250,0" /><INIT seed="0,1,0,5,5,51" ten="308,250,192,250" oya="0" hai0="59,99,10,52,70,119,82,35,48,31,71,37,8" hai1="38,16,7,112,94,96,101,83,55,54,23,40,43" hai2="105,91,74,73,65,75,42,18,64,22,56,102,84" hai3="90,89,14,47,50,28,19,116,93,78,62,109,108"/><T67/><D119/><U49/><E112/><V3/><F3/><W2/><G116/><T97/><D37/><U80/><E38/><V6/><F6/><W131/><G2/><T77/><D31/><U63/><E7/><V95/><F42/><N who="1" m="15913" /><E63/><V39/><F39/><W133/><G131/><T98/><D35/><U76/><E76/><V114/><F114/><W12/><G133/><T58/><D71/><U66/><E66/><V110/><F110/><N who="3" m="42603" /><G28/><T86/><REACH who="0" step="1"/><D70/><REACH who="0" ten="298,250,192,250" step="2"/><U129/><E129/><V120/><F120/><W85/><G78/><T9/><D9/><U107/><E107/><V36/><F36/><W13/><G19/><T4/><D4/><U46/><E55/><V24/><F105/><W134/><G134/><T11/><D11/><U100/><E100/><V132/><F102/><W104/><G104/><T29/><D29/><U88/><E101/><V30/><F132/><W34/><G34/><T20/><D20/><U106/><E106/><V72/><N who="2" m="18432" /><DORA hai="123" /><V115/><F115/><W33/><G33/><T130/><D130/><U15/><AGARI ba="1,1" hai="15,16,23,46,49,54,80,83,88,94,96" m="15913" machi="15" ten="30,7900,0" yaku="8,1,52,1,54,2" doraHai="51,123" who="1" fromWho="1" sc="298,-40,250,92,192,-21,250,-21" /><INIT seed="1,0,0,3,0,125" ten="258,342,171,229" oya="1" hai0="84,90,117,51,29,110,113,20,115,133,67,71,91" hai1="98,3,60,79,64,41,111,135,97,129,126,21,132" hai2="30,59,56,53,26,72,34,80,123,73,95,86,88" hai3="108,63,100,105,15,23,10,28,62,48,49,96,109"/><U94/><E3/><V25/><F123/><W112/><G112/><T11/><D117/><U36/><E126/><V4/><F4/><W39/><G39/><T1/><D133/><N who="1" m="51275" /><E111/><N who="3" m="42570" /><G23/><T68/><D110/><U106/><E79/><V38/><F38/><W74/><G28/><T65/><D1/><U103/><E21/><V31/><F59/><W93/><G74/><T27/><D20/><U82/><E82/><V128/><F128/><W130/><G130/><T18/><D11/><U0/><E0/><V16/><F16/><N who="3" m="8311" /><G105/><T17/><D29/><U101/><E129/><V2/><F2/><W119/><G119/><T12/><D27/><U75/><E75/><V124/><F124/><W46/><G49/><T134/><D134/><U43/><E36/><V77/><F26/><W107/><G107/><T32/><D12/><U55/><E55/><AGARI ba="0,0" hai="46,48,55,62,63,93,96,100" m="8311,42570" machi="55" ten="30,2000,0" yaku="14,1,54,1" doraHai="125" who="3" fromWho="1" sc="258,0,342,-20,171,0,229,20" /><INIT seed="2,0,0,1,4,59" ten="258,322,171,249" oya="2" hai0="81,132,105,97,28,50,129,112,48,10,8,135,87" hai1="95,58,41,130,44,45,101,84,100,64,63,65,4" hai2="115,88,121,66,110,85,108,31,67,119,33,116,14" hai3="6,80,25,12,99,72,36,22,123,86,29,128,37"/><V0/><F0/><W26/><G123/><T40/><D112/><U47/><E130/><V131/><F115/><W39/><G128/><T122/><D122/><U69/><E4/><V52/><F131/><W102/><G72/><T60/><D28/><U42/><E69/><V24/><F121/><W77/><G6/><T38/><D105/><U73/><E65/><V15/><F66/><W51/><G51/><T49/><D97/><U117/><E73/><V106/><F106/><W76/><G12/><T92/><D92/><U18/><E117/><V93/><F67/><W133/><G26/><T19/><D60/><U57/><E57/><V54/><F116/><W120/><G133/><N who="0" m="51275" /><D19/><U134/><E134/><V30/><F30/><W96/><G120/><T61/><D61/><U91/><REACH who="1" step="1"/><E18/><REACH who="1" ten="258,312,171,249" step="2"/><V109/><F119/><W124/><G124/><T11/><D129/><U79/><E79/><V3/><F3/><W114/><G114/><T23/><D23/><U53/><E53/><AGARI ba="0,1" hai="14,15,24,31,33,52,53,54,85,88,93,108,109,110" machi="53" ten="40,12000,1" yaku="14,1,10,1,54,2" doraHai="59" who="2" fromWho="1" sc="258,0,312,-120,171,130,249,0" /><INIT seed="2,1,0,4,1,109" ten="258,192,301,249" oya="2" hai0="3,44,11,46,104,16,113,19,132,32,67,61,56" hai1="85,78,57,66,37,118,65,55,124,26,90,63,68" hai2="102,98,69,106,105,47,64,101,34,81,100,135,126" hai3="76,115,80,23,97,88,91,52,128,42,14,54,18"/><V121/><F121/><W13/><G128/><T73/><D104/><U74/><E118/><V27/><F135/><W49/><G115/><T20/><D73/><U116/><E116/><V95/><F126/><W53/><G97/><T30/><D32/><U117/><E117/><V7/><F7/><W35/><G35/><T87/><D132/><U131/><E131/><V127/><F127/><W134/><G134/><T22/><D30/><U38/><E124/><V51/><F81/><W48/><G13/><T17/><D87/><U21/><E78/><V112/><F112/><W96/><G42/><T10/><D113/><U31/><E74/><V45/><F45/><N who="0" m="17514" /><D3/><U125/><E66/><V36/><F36/><W60/><G60/><T107/><D107/><U92/><REACH who="1" step="1"/><E125/><REACH who="1" ten="258,182,301,249" step="2"/><V40/><F64/><W93/><REACH who="3" step="1"/><G91/><REACH who="3" ten="258,182,301,239" step="2"/><T24/><D24/><U15/><E15/><V29/><F27/><W70/><G70/><T58/><D20/><U2/><E2/><V12/><F12/><W6/><G6/><T99/><D22/><U43/><E43/><V77/><F69/><W114/><G114/><T28/><D11/><U84/><E84/><AGARI ba="1,2" hai="14,18,23,48,49,52,53,54,76,80,84,88,93,96" machi="84" ten="40,12000,2" yaku="1,1,8,1,54,2,53,3" doraHai="109" doraHaiUra="50" who="3" fromWho="1" sc="258,0,182,-123,301,0,239,143" /><INIT seed="3,0,0,0,0,62" ten="258,59,301,382" oya="3" hai0="123,83,20,67,4,104,2,57,55,38,51,132,135" hai1="89,52,60,63,102,29,0,118,41,54,49,122,82" hai2="40,8,43,105,11,110,126,47,72,69,46,131,32" hai3="81,61,15,24,88,77,116,86,44,128,79,33,127"/><W108/><G116/><T73/><D123/><U18/><E122/><V87/><F72/><W117/><G117/><T7/><D104/><U124/><E0/><V19/><F105/><W129/><G127/><T130/><D38/><U6/><E118/><V120/><F120/><W113/><G113/><T66/><D130/><N who="3" m="50281" /><G108/><T94/><D94/><U50/><E6/><N who="0" m="2089" /><D20/><U92/><E29/><V64/><F32/><W125/><G125/><T90/><D2/><U109/><E109/><V85/><F131/><W53/><G15/><T75/><D90/><U30/><E30/><V99/><F126/><W35/><G24/><T96/><D96/><U14/><E41/><V71/><F99/><W101/><G101/><T9/><D9/><U42/><E42/><V10/><F10/><W16/><G16/><T1/><D1/><U39/><E39/><V48/><F110/><W80/><G44/><T70/><D70/><U121/><E102/><V78/><F19/><W23/><G23/><T95/><D95/><U36/><E36/><V3/><F3/><W13/><G13/><T74/><D83/><U133/><E82/><V115/><F8/><W119/><G119/><T28/><D28/><U17/><E124/><V68/><F11/><W84/><G77/><T65/><D75/><U58/><E121/><V103/><F103/><W12/><G12/><T5/><N who="0" m="2097" /><T37/><DORA hai="107" /><D74/><U59/><E14/><V56/><F78/><W45/><G45/><T34/><D73/><U26/><E26/><V25/><F25/><W106/><G106/><T97/><D34/><U76/><E76/><RYUUKYOKU ba="0,0" sc="258,-10,59,-10,301,-10,382,30" hai3="33,35,53,61,79,80,81,84,86,88" /><INIT seed="3,1,0,4,5,26" ten="248,49,291,412" oya="3" hai0="33,34,12,70,85,4,74,9,75,108,68,79,131" hai1="30,24,46,60,92,120,5,87,66,50,51,86,19" hai2="104,41,37,14,113,32,7,52,43,125,133,100,11" hai3="102,88,135,95,90,69,25,116,28,3,57,22,84"/><W16/><G116/><T27/><D131/><U127/><E120/><V132/><F113/><W39/><G69/><T112/><D108/><U18/><E127/><V126/><F32/><W35/><G3/><T72/><D112/><U80/><E5/><V65/><F65/><W56/><G39/><T23/><D34/><U106/><E106/><V73/><F73/><W76/><G135/><N who="2" m="51785" /><F100/><W114/><G114/><T78/><D33/><U48/><E92/><V31/><F31/><W54/><G102/><T55/><D55/><U129/><E46/><N who="2" m="23855" /><F104/><W49/><G76/><T119/><D119/><U47/><E47/><V40/><F52/><W59/><G90/><T61/><D61/><U8/><E129/><V6/><F7/><W71/><G71/><T29/><REACH who="0" step="1"/><D78/><REACH who="0" ten="238,49,291,412" step="2"/><U89/><E87/><V103/><F103/><W83/><G83/><AGARI ba="1,1" hai="4,9,12,23,27,29,68,70,72,74,75,79,83,85" machi="83" ten="40,5200,0" yaku="1,1,2,1,52,1,53,0" doraHai="26" doraHaiUra="109" who="0" fromWho="3" sc="238,65,49,0,291,0,412,-55" /><INIT seed="4,0,0,2,2,24" ten="303,49,291,357" oya="0" hai0="87,76,56,63,1,42,133,121,111,18,104,38,34" hai1="43,47,49,105,0,62,80,32,122,2,119,7,124" hai2="39,6,83,114,131,85,44,61,37,10,129,30,65" hai3="106,59,103,52,118,23,21,68,113,98,135,14,112"/><T16/><D121/><U20/><E122/><V45/><F114/><N who="3" m="44139" /><G118/><T4/><D104/><U46/><E32/><V50/><F30/><W5/><G68/><T132/><D111/><U108/><E108/><V13/><F37/><W64/><G64/><T94/><D34/><U60/><E105/><V120/><F39/><W53/><G135/><N who="0" m="51787" /><D4/><U81/><E124/><V8/><F8/><N who="3" m="4367" /><G53/><N who="0" m="34191" /><D1/><U110/><E110/><V15/><F15/><W90/><G90/><N who="0" m="53599" /><D76/><U74/><E119/><V33/><F33/><W22/><G22/><T130/><D130/><N who="2" m="49674" /><F50/><AGARI ba="0,0" hai="21,23,50,52,59,98,103,106" m="4367,44139" machi="50" ten="30,2000,0" yaku="15,1,54,1" doraHai="24" who="3" fromWho="2" sc="303,0,49,0,291,-20,357,20" /><INIT seed="5,0,0,1,3,49" ten="303,49,271,377" oya="1" hai0="65,82,19,52,96,64,120,14,75,47,55,0,58" hai1="91,53,119,28,23,97,135,22,5,40,117,73,33" hai2="21,81,69,67,62,132,126,42,6,93,48,61,113" hai3="26,13,133,114,124,59,37,86,29,8,99,38,1"/><U36/><E73/><V122/><F122/><W70/><G70/><T51/><D0/><U2/><E33/><V15/><F132/><W116/><G1/><T95/><D120/><U54/><E135/><V30/><F126/><W27/><G133/><T131/><D82/><U118/><E36/><V4/><F113/><W46/><G114/><T16/><D75/><U44/><E40/><V78/><F93/><W60/><G124/><T83/><D83/><U66/><E66/><N who="0" m="25705" /><D14/><U20/><E28/><V106/><F62/><W110/><G110/><T24/><D24/><U100/><E91/><V74/><F106/><W105/><G116/><T80/><D80/><U115/><E44/><V7/><F30/><W89/><G27/><T121/><D131/><U94/><REACH who="1" step="1"/><E115/><REACH who="1" ten="303,39,271,377" step="2"/><V103/><F42/><W90/><G90/><N who="0" m="55415" /><D121/><U112/><E112/><V88/><F88/><W17/><G89/><T72/><D72/><U68/><E68/><V109/><F74/><W102/><G38/><T101/><D101/><U77/><E77/><V129/><F103/><W10/><G37/><T25/><D25/><U79/><E79/><V130/><F78/><W50/><G26/><T18/><D58/><U34/><E34/><V85/><F69/><W123/><G59/><T31/><D31/><U39/><E39/><V43/><F67/><W71/><G29/><T41/><AGARI ba="0,1" hai="16,18,19,41,47,51,52,55" m="55415,25705" machi="41" ten="30,8000,1" yaku="8,1,52,2,54,2" doraHai="49" who="0" fromWho="0" sc="303,90,39,-40,271,-20,377,-20" owari="393,49.3,-1,-50.1,251,-14.9,357,15.7" /></mjloggm>