<mjloggm ver="2.3"><GO type="169" lobby="0"/><UN n0="%E2%97%8E%E3%82%88%E3%81%97%E2%97%8E" n1="%6D%6F%75%77" n2="%E3%81%A6%E3%81%A4%EF%BC%A3" n3="%E3%82%A4%E3%82%AB%E3%81%AB%E3%82%82%E6%9D%B1%E5%8C%97" dan="17,16,16,16" rate="2182.33,2088.89,2131.21,2146.82" sx="M,M,M,M"/><TAIKYOKU oya="0"/><INIT seed="0,0,0,1,4,128" ten="250,250,250,250" oya="0" hai0="132,135,47,16,24,126,115,130,51,95,50,18,4" hai1="61,65,43,1,88,123,31,35,122,49,10,129,120" hai2="59,12,28,27,64,84,86,37,93,66,106,83,62" hai3="53,7,26,3,34,78,52,56,14,121,127,5,119"/><T105/><D105/><U79/><E79/><V20/><F106/><W0/><G119/><T74/><D115/><U60/><E129/><V112/><F112/><W91/><G127/><T42/><D130/><U94/><E35/><V17/><F37/><W72/><G121/><T15/><D74/><U67/><E31/><V57/><F93/><W118/><G118/><T133/><D126/><U41/><E1/><V108/><F108/><W68/><G68/><T117/><D117/><U101/><E101/><V131/><F131/><W102/><G102/><T70/><D70/><U23/><E23/><V2/><F2/><W96/><G53/><T100/><D24/><U8/><E49/><V54/><F57/><W6/><G14/><T45/><D4/><U77/><E77/><V134/><F86/><W22/><G91/><T107/><D107/><U21/><E21/><N who="2" m="15471" /><F134/><W63/><G96/><N who="0" m="59423" /><D15/><U110/><E8/><V114/><F114/><W109/><G109/><T97/><D97/><U85/><E10/><V32/><F32/><W38/><G38/><T36/><D36/><U11/><E11/><V116/><F116/><W103/><G103/><T40/><AGARI ba="0,0" hai="16,18,40,42,45,47,50,51,132,133,135" m="59423" machi="40" ten="30,12000,1" yaku="20,1,52,3,54,1" doraHai="128" who="0" fromWho="0" sc="250,120,250,-40,250,-40,250,-40" /><INIT seed="0,1,0,3,2,49" ten="370,210,210,210" oya="0" hai0="47,38,20,43,16,44,114,2,1,96,105,72,53" hai1="84,54,108,83,0,23,135,89,82,8,92,103,36" hai2="60,17,52,106,109,111,131,75,50,70,15,45,24" hai3="21,133,5,129,88,48,87,42,10,91,57,127,34"/><T32/><D114/><U81/><E108/><N who="2" m="41547" /><F106/><W107/><G34/><T93/><D32/><U94/><E36/><V78/><F131/><W76/><G107/><T12/><D72/><U110/><E135/><V77/><F24/><W68/><G68/><T95/><D105/><U6/><E110/><V51/><F75/><W35/><G35/><T55/><D95/><U39/><E39/><V104/><F104/><W119/><G119/><T74/><D74/><U28/><E94/><V130/><F130/><W113/><G113/><T97/><D97/><U64/><E64/><N who="2" m="41223" /><F50/><W29/><G133/><T112/><D112/><U30/><E103/><V19/><F19/><W58/><G129/><T40/><D1/><U126/><E126/><V125/><F125/><W122/><G122/><T22/><D2/><U31/><E23/><AGARI ba="1,0" hai="15,17,23,45,51,52,77,78" m="41223,41547" machi="23" ten="30,3900,0" yaku="14,1,52,1,54,1" doraHai="49" who="2" fromWho="1" sc="370,0,210,-42,210,42,210,0" /><INIT seed="1,0,0,0,0,72" ten="370,168,252,210" oya="1" hai0="51,95,0,48,20,97,3,45,55,52,18,26,75" hai1="117,56,111,5,17,27,89,44,132,79,69,12,2" hai2="64,101,125,104,91,113,126,25,1,92,59,39,127" hai3="85,42,54,129,112,107,76,131,19,108,77,67,78"/><U63/><E117/><V84/><F39/><W29/><G112/><T38/><D75/><U130/><E130/><N who="3" m="49674" /><G107/><T49/><D38/><U135/><E69/><V86/><F1/><W7/><G108/><T122/><D122/><U83/><E27/><V99/><F25/><W93/><G29/><T134/><D134/><N who="1" m="51243" /><E89/><N who="2" m="53287" /><F59/><W121/><G121/><T50/><REACH who="0" step="1"/><D55/><REACH who="0" ten="360,168,252,210" step="2"/><N who="1" m="34207" /><E111/><V90/><F64/><W22/><G67/><T66/><D66/><U28/><E28/><V105/><F113/><W13/><G54/><T118/><D118/><U37/><E37/><V102/><F86/><W33/><G42/><T41/><D41/><U114/><E114/><V106/><F99/><W62/><G33/><T109/><D109/><U123/><E123/><V88/><AGARI ba="0,1" hai="88,90,91,101,102,104,105,106,125,126,127" m="53287" machi="88" ten="50,12000,2" yaku="29,2,18,1,34,2,54,1" doraHai="72" who="2" fromWho="2" sc="360,-30,168,-60,252,130,210,-30" /><INIT seed="2,0,0,3,1,47" ten="330,108,382,180" oya="2" hai0="40,78,60,68,126,59,41,98,37,50,1,11,32" hai1="12,24,33,122,66,96,95,104,115,49,25,30,90" hai2="123,108,6,94,35,48,29,54,13,103,120,9,134" hai3="56,124,20,91,100,73,42,64,7,61,125,71,15"/><V4/><F134/><W18/><G73/><T22/><D32/><U130/><E115/><V72/><F72/><W121/><G121/><T87/><D126/><N who="3" m="48745" /><G100/><T81/><D37/><U109/><E109/><V82/><F108/><W36/><G7/><T23/><D68/><U132/><E66/><V21/><F35/><W69/><G91/><T19/><D98/><U39/><E25/><V86/><F4/><W5/><G5/><T97/><D1/><U107/><E39/><V3/><F94/><W106/><G106/><T17/><D97/><U55/><E130/><V83/><F103/><W38/><G38/><T14/><D11/><U52/><E132/><V117/><F117/><W114/><G114/><T113/><D113/><U79/><E79/><V27/><F3/><W131/><G131/><T44/><D40/><U0/><E0/><V111/><F111/><W43/><G43/><T28/><D28/><U10/><E55/><V53/><F53/><W135/><G135/><T46/><D46/><AGARI ba="0,0" hai="15,18,20,36,42,46,56,61,64,69,71" m="48745" machi="46" ten="30,1000,0" yaku="18,1" doraHai="47" who="3" fromWho="0" sc="330,-10,108,0,382,0,180,10" /><INIT seed="3,0,0,1,1,11" ten="320,108,382,190" oya="3" hai0="38,122,95,79,1,109,22,62,118,5,82,28,52" hai1="110,78,124,17,10,74,55,127,85,97,34,43,0" hai2="126,90,70,41,88,19,130,30,99,39,103,3,64" hai3="2,46,114,61,67,49,117,80,6,4,68,134,65"/><W135/><G114/><T58/><D118/><U66/><E34/><V18/><F130/><W27/><G117/><T32/><D122/><U72/><E110/><V92/><F3/><W35/><G67/><T21/><D38/><U81/><E43/><V15/><F126/><N who="1" m="48169" /><E66/><V29/><F39/><W13/><G2/><T8/><D109/><U31/><E31/><V96/><F41/><W87/><G27/><T57/><D32/><U63/><E97/><V108/><F108/><W133/><G35/><T25/><D58/><N who="1" m="35295" /><E0/><V9/><F64/><W129/><G129/><T48/><D95/><U83/><E83/><V69/><F69/><W12/><G4/><T116/><D116/><U102/><E102/><V59/><F70/><W98/><G6/><T75/><REACH who="0" step="1"/><D22/><REACH who="0" ten="310,108,382,190" step="2"/><U121/><E121/><V106/><F59/><W33/><G33/><T119/><D119/><U131/><E131/><V89/><F106/><W84/><G98/><T113/><D113/><U132/><E132/><V14/><F96/><W53/><REACH who="3" step="1"/><G84/><REACH who="3" ten="310,108,382,180" step="2"/><T47/><D47/><U77/><E85/><V93/><F93/><W44/><G44/><T104/><D104/><U120/><E120/><V101/><F101/><W123/><G123/><T51/><AGARI ba="0,2" hai="1,5,8,21,25,28,48,51,52,57,62,75,79,82" machi="51" ten="30,7900,0" yaku="1,1,0,1,54,1,53,1" doraHai="11" doraHaiUra="56" who="0" fromWho="0" sc="310,99,108,-20,382,-20,180,-39" /><INIT seed="4,0,0,5,2,51" ten="409,88,362,141" oya="0" hai0="90,111,32,39,70,98,42,118,107,25,71,79,5" hai1="33,21,112,124,28,11,82,125,81,131,48,3,9" hai2="121,13,128,36,29,24,75,47,88,23,95,22,31" hai3="97,7,55,69,17,50,67,99,133,62,93,41,14"/><T92/><D118/><U16/><E82/><V12/><F121/><W100/><G133/><T15/><D111/><U53/><E81/><V20/><F75/><W30/><G30/><T35/><D107/><U96/><E96/><V60/><F128/><W84/><G7/><T114/><D114/><U130/><BYE who="0" /><E112/><UN n0="%E2%97%8E%E3%82%88%E3%81%97%E2%97%8E" /><V106/><F106/><W78/><G41/><T61/><D79/><U27/><E48/><V91/><F91/><W83/><G93/><T54/><D25/><N who="1" m="18575" /><E53/><V127/><F127/><N who="1" m="48713" /><E11/><V38/><F60/><W74/><G100/><T49/><D61/><U85/><E85/><V0/><F47/><W66/><G66/><T64/><D64/><U76/><E76/><V19/><F38/><W46/><REACH who="3" step="1"/><G74/><REACH who="3" ten="409,88,362,131" step="2"/><T68/><D42/><U132/><E132/><V103/><F103/><W40/><G40/><T1/><D92/><U18/><E18/><N who="2" m="10311" /><F36/><W73/><G73/><T101/><D39/><U6/><AGARI ba="0,1" hai="3,6,9,16,21,27,130,131" m="48713,18575" machi="6" ten="30,7900,0" yaku="18,1,34,2,54,1" doraHai="51" who="1" fromWho="1" sc="409,-39,88,89,362,-20,131,-20" /><INIT seed="5,0,0,4,1,64" ten="370,177,342,111" oya="1" hai0="103,100,2,92,17,127,81,23,111,102,118,22,90" hai1="21,115,112,26,59,45,121,85,110,65,119,1,55" hai2="33,89,32,68,93,70,42,131,50,96,57,117,69" hai3="106,61,120,24,27,67,29,129,78,107,28,9,88"/><U7/><E119/><V128/><F117/><W80/><G120/><T87/><D111/><U44/><E121/><V25/><F25/><W4/><G129/><N who="2" m="49737" /><F42/><W35/><G27/><N who="0" m="14799" /><D2/><U134/><E134/><V43/><F43/><W79/><G29/><T60/><D127/><U108/><E85/><V82/><F82/><W105/><G88/><N who="0" m="51311" /><D118/><U101/><E101/><V18/><F18/><W109/><G109/><N who="1" m="42090" /><E7/><V84/><F84/><W83/><G83/><T66/><D23/><U5/><E5/><V125/><F125/><W54/><G54/><AGARI ba="0,0" hai="32,33,50,54,57,68,69,70,89,93,96" m="49737" machi="54" ten="40,8000,1" yaku="19,1,52,3" doraHai="64" who="2" fromWho="3" sc="370,0,177,0,342,80,111,-80" /><INIT seed="6,0,0,0,4,44" ten="370,177,422,31" oya="2" hai0="51,45,14,3,34,53,15,125,8,75,5,79,119" hai1="39,22,112,20,106,43,84,93,122,74,132,77,33" hai2="56,35,135,61,128,104,65,4,67,17,72,124,107" hai3="62,103,42,115,30,94,11,27,98,118,78,32,97"/><V117/><F117/><W120/><G118/><T64/><D125/><U16/><E33/><V40/><F124/><W57/><G120/><T37/><D119/><U55/><E106/><V58/><F72/><W21/><G115/><T38/><D34/><U114/><E132/><V48/><F35/><W123/><G123/><T113/><D113/><N who="1" m="43627" /><E122/><V83/><F135/><W108/><G108/><T82/><REACH who="0" step="1"/><D64/><REACH who="0" ten="360,177,422,31" step="2"/><U76/><E74/><V28/><F67/><W29/><G32/><T68/><D68/><U96/><E22/><V18/><F65/><W47/><G11/><T31/><D31/><U54/><E39/><AGARI ba="0,1" hai="3,5,8,14,15,37,38,39,45,51,53,75,79,82" machi="39" ten="40,2600,0" yaku="1,1,52,1,53,0" doraHai="44" doraHaiUra="99" who="0" fromWho="1" sc="360,36,177,-26,422,0,31,0" /><INIT seed="7,0,0,5,1,58" ten="396,151,422,31" oya="3" hai0="100,2,56,13,111,59,33,52,121,101,36,31,61" hai1="128,46,107,92,37,11,42,73,16,93,89,27,95" hai2="53,131,124,67,127,49,60,123,51,118,91,23,102" hai3="39,122,78,77,24,19,80,106,86,50,130,62,1"/><W64/><G122/><T119/><D121/><U0/><E107/><V115/><F123/><W125/><G39/><T134/><D111/><U84/><E73/><V48/><F115/><W9/><G106/><T20/><D119/><U30/><E128/><V76/><F118/><W28/><G130/><T43/><D2/><U74/><E74/><V114/><F114/><W10/><G125/><N who="2" m="48201" /><F131/><W132/><G132/><T79/><D134/><U97/><E0/><V25/><F102/><N who="0" m="39530" /><D33/><U81/><E16/><N who="2" m="12519" /><F76/><W116/><G116/><T71/><D71/><U17/><E17/><V21/><F21/><W70/><G1/><T22/><D36/><U57/><E57/><N who="2" m="37263" /><F91/><W99/><G99/><T3/><D3/><U83/><E11/><V82/><F82/><W34/><G78/><T120/><D120/><U8/><E8/><V126/><F126/><W113/><G113/><T88/><D79/><U133/><E83/><V110/><F110/><W6/><G6/><T108/><D108/><U35/><E133/><V40/><F40/><W32/><G32/><T41/><D13/><U45/><E45/><AGARI ba="0,0" hai="45,48,49,51,53" m="37263,12519,48201" machi="45" ten="30,3900,0" yaku="18,1,52,1,54,1" doraHai="58" who="2" fromWho="1" sc="396,0,151,-39,422,39,31,0" owari="396,19.6,112,-28.8,461,56.1,31,-46.9" /></mjloggm>