<mjloggm ver="2.3"><GO type="169" lobby="0"/><UN n0="%E3%81%99%E3%83%BC%5F%E9%88%B4%E6%9C%A8%E6%B5%A9%E5%B9%B3" n1="%E6%98%9F%E7%A9%BA%E3%81%AE%E3%83%A1%E3%83%A2%E3%83%AA%E3%82%A2" n2="%4D%41%54%59%55%49%E2%98%86" n3="%E3%83%94%E3%83%B3%E3%82%B5%E3%83%AD%E5%BA%97%E5%93%A1" dan="16,16,17,17" rate="2103.95,2057.98,2189.23,2204.32" sx="M,F,M,M"/><TAIKYOKU oya="0"/><INIT seed="0,0,0,4,0,58" ten="250,250,250,250" oya="0" hai0="0,133,83,104,78,120,32,101,42,14,3,25,12" hai1="6,80,52,9,81,99,108,74,16,41,27,21,87" hai2="55,100,119,98,102,114,56,125,13,97,36,38,130" hai3="46,22,128,92,68,69,103,132,72,106,124,47,79"/><T5/><D120/><U51/><E108/><V7/><F114/><W35/><G35/><T91/><D133/><U59/><E41/><V85/><F130/><W24/><G106/><T95/><D42/><U60/><E74/><V17/><F7/><W4/><G4/><T19/><D104/><U34/><E34/><V76/><F125/><W57/><G72/><T121/><D101/><U126/><E126/><V2/><F2/><W109/><G79/><T123/><D123/><U105/><E105/><V89/><F76/><W1/><G1/><T86/><D5/><U26/><E99/><N who="2" m="37899" /><F36/><W39/><G92/><T115/><D115/><U30/><E87/><V23/><F38/><W96/><G96/><T15/><D121/><U33/><E51/><N who="2" m="30847" /><F119/><W61/><G103/><T70/><D70/><U29/><E29/><V127/><F127/><W67/><G124/><T118/><D118/><U122/><E122/><V43/><F43/><W53/><G39/><T110/><D110/><U62/><E62/><V45/><F45/><W134/><G109/><T8/><D0/><AGARI ba="0,0" hai="0,6,9,16,21,26,27,30,33,52,59,60,80,81" machi="0" ten="30,7700,0" yaku="7,1,52,1,54,2" doraHai="58" who="1" fromWho="0" sc="250,-77,250,77,250,0,250,0" /><INIT seed="1,0,0,2,0,47" ten="173,327,250,250" oya="1" hai0="56,52,109,27,60,36,16,94,128,10,25,104,48" hai1="101,95,69,24,17,93,43,50,19,65,127,37,108" hai2="71,18,113,92,105,31,57,103,30,82,118,106,110" hai3="114,14,102,53,40,83,72,131,133,115,28,117,33"/><U44/><E127/><V98/><F71/><W23/><G40/><T80/><D104/><U4/><E4/><V122/><F118/><W112/><G102/><T111/><D36/><U29/><E108/><N who="0" m="41545" /><D128/><U11/><E37/><V12/><F110/><W34/><G72/><T66/><D94/><U42/><E42/><V120/><F113/><W5/><G83/><T86/><D10/><U20/><E11/><V126/><F126/><W76/><G76/><N who="0" m="46343" /><D16/><U55/><E43/><V68/><F106/><W124/><G124/><T58/><AGARI ba="0,0" hai="25,27,48,52,56,58,60,66" m="46343,41545" machi="58" ten="30,4000,0" yaku="14,1,52,1,54,1" doraHai="47" who="0" fromWho="0" sc="173,40,327,-20,250,-10,250,-10" /><INIT seed="2,0,0,2,1,36" ten="213,307,240,240" oya="2" hai0="79,69,35,43,109,105,106,75,45,74,41,57,129" hai1="83,40,117,98,24,52,120,78,130,20,93,126,38" hai2="44,67,29,91,84,30,51,19,132,31,99,125,102" hai3="16,14,28,80,23,53,6,110,101,82,128,48,81"/><V25/><F132/><W32/><G110/><T123/><D123/><U116/><E120/><V85/><F125/><W121/><G121/><T63/><D69/><U4/><E4/><V10/><F67/><W92/><G128/><T71/><D71/><U17/><E126/><V104/><F10/><W9/><G32/><T124/><D35/><U46/><E130/><V56/><F56/><W97/><G28/><T89/><D129/><U113/><E113/><V68/><F68/><W76/><G76/><T5/><D124/><U34/><E34/><V22/><REACH who="2" step="1"/><F91/><REACH who="2" ten="213,307,230,240" step="2"/><W33/><G33/><T70/><D70/><U64/><E64/><V2/><F2/><W47/><REACH who="3" step="1"/><G82/><REACH who="3" ten="213,307,230,230" step="2"/><T60/><D109/><U66/><E83/><V62/><F62/><W127/><G127/><T77/><D60/><U0/><E0/><AGARI ba="0,2" hai="0,6,9,14,16,23,47,48,53,80,81,92,97,101" machi="0" ten="30,3900,0" yaku="1,1,7,1,54,1,53,0" doraHai="36" doraHaiUra="72" who="3" fromWho="1" sc="213,0,307,-39,230,0,230,59" /><INIT seed="3,0,0,3,3,100" ten="213,268,230,289" oya="3" hai0="45,117,92,86,8,119,64,42,26,56,65,60,123" hai1="66,82,70,37,52,76,29,72,67,127,84,53,95" hai2="89,71,102,126,30,131,31,81,0,35,3,133,87" hai3="73,41,85,57,122,88,46,63,49,101,74,83,118"/><W130/><G118/><T12/><D123/><U4/><E37/><V68/><F131/><W14/><G122/><T10/><D65/><U11/><E127/><V129/><F129/><W78/><G130/><T32/><D32/><U125/><E125/><V21/><F126/><W13/><G101/><T77/><D26/><U50/><E29/><V90/><F102/><W110/><G110/><T51/><D8/><U33/><E33/><V6/><F35/><W59/><G59/><T58/><D58/><U39/><E39/><V27/><F133/><W61/><G61/><T19/><REACH who="0" step="1"/><D92/><REACH who="0" ten="203,268,230,289" step="2"/><U38/><E70/><V75/><F27/><W28/><G28/><T43/><D43/><U104/><E67/><V120/><F120/><W5/><G5/><T98/><D98/><U132/><E66/><V94/><F94/><W121/><G121/><T106/><D106/><U91/><E104/><V134/><F6/><W111/><G111/><T55/><D55/><U108/><E53/><V48/><F30/><W113/><G57/><T112/><D112/><U80/><E108/><V16/><F31/><W69/><G113/><T109/><D109/><U7/><E95/><V23/><F68/><W15/><G69/><T2/><D2/><U96/><E96/><V22/><F0/><W1/><G1/><T18/><D18/><U116/><E11/><V124/><F3/><W25/><G25/><T34/><D34/><U97/><E97/><V24/><F71/><W17/><G17/><T44/><D44/><U114/><E114/><V93/><F16/><W107/><G107/><T20/><D20/><RYUUKYOKU ba="0,1" sc="203,30,268,-10,230,-10,289,-10" hai0="10,12,19,42,45,51,56,60,64,77,86,117,119" /><INIT seed="4,1,1,4,3,99" ten="233,258,220,279" oya="0" hai0="117,69,44,123,27,91,93,120,61,66,13,124,46" hai1="3,48,105,17,21,104,95,0,68,9,70,126,131" hai2="36,97,53,65,37,30,63,5,62,73,82,18,10" hai3="7,11,47,96,130,34,94,49,110,100,71,19,109"/><T59/><D117/><U38/><E38/><V64/><F18/><W111/><G130/><T57/><D124/><U107/><E131/><V78/><F53/><W41/><G71/><T112/><D112/><U79/><E126/><V118/><F118/><W74/><G74/><T54/><D69/><U77/><E48/><V127/><F127/><W119/><G119/><T6/><D27/><U89/><E68/><V98/><F30/><W15/><REACH who="3" step="1"/><G34/><REACH who="3" ten="233,258,220,269" step="2"/><T88/><D120/><U60/><E70/><V106/><F73/><W35/><G35/><T23/><D123/><U122/><E122/><V1/><F36/><W86/><G86/><N who="0" m="52375" /><D91/><U81/><E89/><V4/><F37/><W31/><G31/><T28/><D28/><U51/><E79/><V40/><F78/><W114/><G114/><T22/><D6/><AGARI ba="1,2" hai="6,7,11,15,19,41,47,49,94,96,100,109,110,111" machi="6" ten="40,5200,0" yaku="1,1,52,1,53,1" doraHai="99" doraHaiUra="92" who="3" fromWho="0" sc="233,-55,258,0,220,0,269,75" /><INIT seed="5,0,0,0,2,112" ten="178,258,220,344" oya="1" hai0="129,44,56,124,20,2,59,75,100,29,25,131,111" hai1="62,133,134,82,99,120,73,128,33,37,27,55,69" hai2="50,78,14,47,81,68,34,107,35,93,36,89,135" hai3="80,4,76,97,39,12,6,98,126,103,3,30,45"/><U96/><E120/><V58/><F107/><W94/><G126/><T46/><D75/><U32/><E37/><V66/><F135/><N who="1" m="51721" /><E128/><N who="0" m="49225" /><D124/><U26/><E26/><V21/><F68/><W113/><G3/><T83/><D111/><U41/><E41/><V43/><F21/><W90/><G113/><T125/><D125/><U10/><E10/><V102/><F102/><W108/><G30/><T31/><D2/><U117/><E117/><V91/><F14/><W8/><G108/><T132/><D132/><U88/><E55/><V72/><F91/><W127/><G127/><T123/><D123/><U122/><E122/><V48/><F36/><W84/><G45/><N who="0" m="17515" /><D31/><N who="1" m="19583" /><E33/><V18/><F18/><W38/><G6/><T116/><D116/><U119/><E119/><V60/><REACH who="2" step="1"/><F48/><REACH who="2" ten="178,258,210,344" step="2"/><W64/><G64/><T105/><D83/><U51/><E51/><V19/><F19/><W65/><G65/><T67/><D67/><N who="1" m="41207" /><E88/><V71/><F71/><W17/><G17/><T118/><D118/><U63/><E63/><V104/><F104/><AGARI ba="0,1" hai="4,8,12,38,39,76,80,84,90,94,97,98,103,104" machi="104" ten="30,1000,0" yaku="7,1" doraHai="112" who="3" fromWho="2" sc="178,0,258,0,210,-10,344,20" /><INIT seed="6,0,0,5,5,54" ten="178,258,200,364" oya="2" hai0="117,62,100,99,8,110,85,122,78,38,35,73,71" hai1="10,30,115,83,13,44,63,82,32,60,33,79,118" hai2="39,93,98,47,9,128,55,48,95,64,76,67,7" hai3="81,84,52,92,113,29,133,87,36,18,27,50,119"/><V103/><F128/><W126/><G119/><T65/><D122/><U106/><E118/><V130/><F130/><W75/><G36/><T104/><D117/><U49/><E106/><V45/><F76/><W127/><G133/><T77/><D110/><U0/><E0/><V5/><F7/><W121/><G121/><T134/><D134/><U90/><E115/><V61/><F95/><W125/><G113/><T3/><D73/><U97/><E30/><V57/><F39/><W19/><G75/><T66/><D38/><U91/><E97/><V107/><F107/><W21/><G92/><T116/><D116/><U34/><E79/><V51/><F51/><W37/><G37/><T16/><D35/><U56/><E63/><V89/><F103/><W69/><G69/><T25/><D65/><N who="1" m="39047" /><E33/><V108/><F108/><W131/><G131/><T94/><D3/><U42/><E34/><V31/><F31/><W15/><G81/><N who="1" m="30730" /><E32/><V14/><REACH who="2" step="1"/><F67/><REACH who="2" ten="178,258,190,364" step="2"/><W46/><G29/><T111/><D111/><U4/><AGARI ba="0,1" hai="4,10,13,42,44,49,90,91" m="30730,39047" machi="4" ten="30,2000,0" yaku="8,1,52,1" doraHai="54" who="1" fromWho="1" sc="178,-5,258,30,190,-10,364,-5" /><INIT seed="7,0,0,3,0,53" ten="173,288,180,359" oya="3" hai0="48,134,25,66,79,35,123,63,17,33,55,129,43" hai1="89,42,67,111,64,91,86,41,6,98,27,110,30" hai2="119,21,97,37,28,106,0,87,12,4,74,61,47" hai3="45,68,80,100,11,94,83,104,20,75,112,44,8"/><W9/><G68/><T69/><D123/><U38/><E6/><V85/><F119/><W3/><G3/><T24/><D43/><U107/><E110/><V118/><F118/><W113/><G104/><T29/><D134/><U126/><E126/><V57/><F74/><W22/><G100/><T127/><D127/><U39/><E39/><V31/><F0/><W72/><G11/><T15/><D129/><U125/><E125/><V14/><F37/><W101/><G101/><T32/><D79/><U18/><E111/><V77/><F47/><W52/><G52/><T82/><D82/><U120/><E120/><V105/><F105/><W60/><G60/><T90/><D90/><U124/><E124/><V40/><F40/><W10/><G10/><T116/><D116/><U130/><E18/><N who="2" m="10439" /><F97/><W23/><G23/><T46/><D25/><U132/><E132/><V19/><F4/><W73/><G73/><T76/><D76/><U109/><E109/><V51/><F51/><W96/><G96/><T88/><D88/><U59/><E130/><V103/><F103/><W133/><G133/><T122/><D122/><U1/><E1/><V114/><F106/><W121/><G121/><T95/><D95/><AGARI ba="0,0" hai="8,9,20,22,44,45,72,75,80,83,94,95,112,113" machi="95" ten="25,2400,0" yaku="22,2" doraHai="53" who="3" fromWho="0" sc="173,-24,288,0,180,0,359,24" owari="149,-35.1,288,8.8,180,-22.0,383,48.3" /></mjloggm>