<mjloggm ver="2.3"><GO type="169" lobby="0"/><UN n0="%E2%91%A3%E3%82%BB%E3%83%B3%E3%83%81" n1="%E9%AB%AD%E9%AF%A8" n2="%74%6B%34%32" n3="%64%69%76%61" dan="18,16,16,16" rate="2274.01,2129.11,2061.16,2053.37" sx="M,M,M,M"/><TAIKYOKU oya="0"/><INIT seed="0,0,0,2,5,70" ten="250,250,250,250" oya="0" hai0="15,52,75,56,30,130,14,82,51,115,49,106,0" hai1="79,25,124,111,35,114,112,58,113,23,94,108,62" hai2="132,97,118,85,119,16,44,83,88,110,57,36,6" hai3="33,17,28,41,47,105,104,101,102,126,53,11,84"/><T131/><D115/><U26/><E79/><V107/><F110/><W5/><G126/><T86/><D0/><U8/><E124/><V21/><F132/><W72/><G72/><T61/><D106/><U10/><E94/><V135/><F6/><W92/><G17/><T98/><D98/><U129/><E129/><N who="0" m="49161" /><D30/><N who="1" m="19919" /><E58/><V68/><F68/><W127/><G127/><T42/><D75/><U34/><E34/><V134/><F57/><W48/><G28/><T77/><D42/><U100/><E62/><V76/><F76/><W7/><G33/><T63/><D63/><U22/><E22/><V40/><F107/><W122/><G122/><T27/><D27/><U87/><E87/><V24/><F97/><W54/><G104/><T74/><D74/><U95/><E95/><V46/><F46/><W39/><G105/><T18/><D15/><U67/><E67/><V93/><F93/><W109/><G92/><T1/><D1/><U81/><E81/><V90/><F90/><W45/><G84/><T50/><D61/><U3/><E100/><V117/><AGARI ba="0,0" hai="16,21,24,36,40,44,83,85,88,117,118,119,134,135" machi="117" ten="40,8000,1" yaku="0,1,12,1,52,1,54,2" doraHai="70" who="2" fromWho="2" sc="250,-40,250,-20,250,80,250,-20" /><INIT seed="1,0,0,3,3,29" ten="210,230,330,230" oya="1" hai0="71,105,92,97,130,82,34,56,106,109,73,110,2" hai1="63,31,32,112,127,30,95,23,135,21,93,19,103" hai2="134,49,119,51,42,40,115,65,67,85,52,100,5" hai3="91,26,116,74,123,60,131,7,14,99,89,126,118"/><U101/><E112/><V64/><F119/><W48/><G74/><T41/><D71/><U58/><E127/><V43/><F134/><W33/><G123/><T45/><D2/><U124/><E124/><V4/><F100/><W6/><G131/><T59/><D59/><U24/><E135/><V54/><F115/><W66/><G126/><T88/><D56/><U12/><E31/><V128/><F85/><W10/><G6/><T0/><D0/><U84/><E32/><V20/><F20/><W50/><G99/><T83/><D34/><U57/><E57/><V79/><F79/><W53/><G53/><N who="2" m="20585" /><F128/><W22/><G33/><T81/><D73/><U46/><E46/><V17/><F17/><W77/><G77/><T117/><D117/><U121/><E121/><V104/><F104/><N who="0" m="40042" /><D41/><U122/><E122/><V113/><F113/><W13/><G14/><T68/><D68/><U120/><E120/><V27/><F27/><W87/><G118/><T129/><D45/><U72/><E72/><V28/><F28/><W38/><G116/><T96/><D96/><U90/><REACH who="1" step="1"/><E93/><REACH who="1" ten="210,220,330,230" step="2"/><V75/><F75/><W108/><G66/><AGARI ba="0,1" hai="12,19,21,23,24,30,58,63,66,84,90,95,101,103" machi="66" ten="30,12000,1" yaku="1,1,2,1,7,1,8,1,53,1" doraHai="29" doraHaiUra="62" who="1" fromWho="3" sc="210,0,220,130,330,0,230,-120" /><INIT seed="1,1,0,0,4,24" ten="210,350,330,110" oya="1" hai0="78,40,15,49,45,106,81,82,13,60,72,110,118" hai1="8,68,53,107,88,11,43,127,46,51,94,117,47" hai2="91,23,63,80,37,44,124,128,77,58,19,22,31" hai3="21,86,120,89,83,26,74,92,39,130,28,131,125"/><U90/><E117/><V14/><F124/><W54/><G125/><T64/><D118/><U50/><E107/><V5/><F128/><W75/><G120/><T30/><D106/><U134/><E134/><V95/><F5/><W59/><G39/><T102/><D102/><U87/><E68/><V99/><F37/><W66/><G66/><T52/><D110/><U27/><E127/><V56/><F44/><W108/><G108/><T9/><D82/><U20/><REACH who="1" step="1"/><E90/><REACH who="1" ten="210,340,330,110" step="2"/><V132/><F132/><W41/><G131/><T69/><D30/><AGARI ba="1,1" hai="8,11,20,27,30,43,46,47,50,51,53,87,88,94" machi="30" ten="30,18000,2" yaku="1,1,2,1,7,1,8,1,52,1,54,1,53,0" doraHai="24" doraHaiUra="12" who="1" fromWho="0" sc="210,-183,340,193,330,0,110,0" /><INIT seed="1,2,0,4,0,31" ten="27,533,330,110" oya="1" hai0="125,122,61,34,89,77,119,75,14,126,50,81,98" hai1="32,110,131,35,60,101,121,20,92,105,57,79,76" hai2="132,74,93,28,62,17,112,86,46,120,4,65,128" hai3="12,44,24,78,63,68,8,90,22,19,45,29,99"/><U33/><E121/><V10/><F120/><W97/><G78/><T0/><D0/><U6/><E105/><V54/><F128/><W16/><G29/><T55/><D122/><U73/><E131/><V85/><F74/><W123/><G123/><T82/><D119/><U116/><E116/><V133/><F112/><W64/><REACH who="3" step="1"/><G90/><REACH who="3" ten="27,533,330,100" step="2"/><T43/><D125/><U58/><E79/><V51/><F28/><W23/><G23/><T15/><D126/><U7/><E20/><V129/><F129/><W118/><G118/><T27/><D77/><U26/><E76/><V18/><F132/><W114/><G114/><T3/><D75/><U69/><E73/><V36/><F133/><W72/><G72/><T94/><D89/><U38/><E110/><V100/><F100/><W59/><G59/><T40/><D82/><U11/><E57/><V30/><F30/><W103/><G103/><T130/><D81/><U108/><E108/><V124/><F124/><W96/><AGARI ba="2,1" hai="8,12,16,19,22,24,44,45,63,64,68,96,97,99" machi="96" ten="30,12000,2" yaku="1,1,0,1,54,1,53,3" doraHai="31" doraHaiUra="95" who="3" fromWho="3" sc="27,-32,533,-62,330,-32,100,136" owari="-5,-50.5,471,57.1,298,9.8,236,-16.4" /></mjloggm>