<mjloggm ver="2.3"><GO type="169" lobby="0"/><UN n0="%64%69%76%61" n1="%E4%B8%9E%E9%A3%9B" n2="%33%39%E3%81%95%E3%82%93" n3="%E7%B4%94%E6%BD%94%E3%83%94%E3%83%A9%E3%83%8B%E3%82%A2" dan="16,16,16,16" rate="2056.94,2094.82,2123.74,2183.99" sx="M,M,M,M"/><TAIKYOKU oya="0"/><INIT seed="0,0,0,3,5,52" ten="250,250,250,250" oya="0" hai0="95,112,76,42,14,55,33,41,36,90,54,43,73" hai1="24,34,58,74,8,25,27,105,88,64,115,12,67" hai2="78,0,6,21,129,15,123,61,65,93,39,114,127" hai3="75,120,86,113,85,103,94,9,87,4,3,13,48"/><T62/><D33/><U81/><E105/><V79/><F123/><W60/><G75/><T40/><D112/><U121/><E121/><V82/><F114/><W47/><G113/><T49/><D73/><U68/><E68/><V134/><F127/><W29/><G29/><T20/><D76/><U50/><E34/><V102/><F129/><W133/><G133/><T51/><D62/><N who="1" m="37975" /><E74/><V106/><F39/><W84/><G3/><T117/><D117/><U77/><E77/><V122/><F106/><W107/><G107/><T71/><D71/><U135/><E135/><V89/><F134/><W5/><G60/><T100/><D100/><U91/><E67/><V46/><F46/><W126/><G126/><T116/><D116/><U109/><E109/><V7/><F102/><W1/><G1/><T80/><D36/><U38/><E38/><V56/><F0/><W17/><G120/><T70/><D70/><U97/><E115/><V63/><F63/><W132/><G132/><T99/><D80/><U125/><E50/><V32/><F32/><W108/><G108/><T45/><N who="0" m="10240" /><DORA hai="83" /><T57/><D14/><U37/><E37/><V111/><F111/><W124/><G124/><T18/><D20/><U101/><E81/><V53/><F65/><W98/><N who="3" m="21504" /><DORA hai="23" /><W31/><G31/><T11/><REACH who="0" step="1"/><D18/><REACH who="0" ten="240,250,250,250" step="2"/><N who="1" m="8455" /><E125/><V118/><F122/><W96/><G17/><T2/><D2/><U44/><E101/><V66/><F82/><W69/><G69/><T30/><D30/><U131/><E131/><V59/><F79/><W72/><G72/><T92/><D92/><N who="1" m="56455" /><E91/><V16/><F78/><RYUUKYOKU ba="0,1" sc="240,15,250,15,250,-15,250,-15" hai0="11,45,49,51,54,55,57,90,95,99" hai1="24,25,27,44" /><INIT seed="0,1,1,4,3,17" ten="255,265,235,235" oya="0" hai0="6,83,88,29,128,94,20,47,67,95,10,33,126" hai1="116,120,106,91,115,24,5,114,117,113,80,62,92" hai2="104,66,64,79,108,12,43,49,118,109,86,132,19" hai3="82,27,134,36,133,46,26,8,112,42,39,97,110"/><T3/><D33/><U16/><E106/><V22/><F104/><W54/><G112/><T89/><D128/><U81/><E5/><V0/><F132/><N who="3" m="50795" /><G110/><N who="2" m="42601" /><F0/><W103/><G36/><T111/><D111/><U124/><E124/><V34/><F34/><W61/><G82/><N who="1" m="31850" /><E120/><V107/><F107/><N who="3" m="63983" /><G8/><T59/><D126/><U9/><E62/><V65/><F118/><N who="1" m="45673" /><E9/><V85/><F79/><W77/><G77/><T96/><D83/><U102/><E102/><V53/><F43/><W21/><G27/><T41/><D67/><U18/><E24/><V25/><F25/><W15/><G15/><T2/><D2/><U1/><E1/><V98/><F98/><AGARI ba="1,1" hai="16,18,91,92,98,113,114,115" m="45673,31850" machi="98" ten="40,2600,0" yaku="11,1,54,1" doraHai="17" who="1" fromWho="2" sc="255,0,265,39,235,-29,235,0" /><INIT seed="1,0,0,4,0,47" ten="255,304,206,235" oya="1" hai0="19,108,120,65,132,50,37,17,114,38,34,8,134" hai1="26,95,116,110,0,91,86,24,117,22,129,127,2" hai2="121,58,9,94,83,12,16,119,69,109,128,48,61" hai3="18,82,35,77,4,104,11,5,41,112,1,97,126"/><U122/><E122/><V123/><F119/><W66/><G112/><T75/><D114/><U55/><E127/><V56/><F128/><W20/><G126/><T90/><D75/><U25/><E129/><V6/><F109/><W45/><G35/><T100/><D108/><U43/><E110/><V99/><F83/><W3/><G66/><T57/><D120/><U28/><E43/><V130/><F130/><W23/><G104/><T27/><D100/><U98/><E26/><V87/><F87/><W131/><G97/><T92/><D34/><U74/><E74/><V79/><F79/><W124/><G124/><T111/><D111/><U30/><E55/><N who="2" m="31847" /><F69/><W89/><G89/><T71/><D71/><U60/><E60/><V14/><F123/><W73/><G18/><T125/><D125/><U68/><E68/><V33/><F33/><W44/><G44/><T21/><D19/><U81/><E116/><V103/><F121/><W40/><G41/><T54/><D8/><U72/><E72/><V42/><F42/><W115/><G115/><T105/><D65/><U106/><E106/><V118/><F118/><W101/><G101/><T10/><D105/><U93/><E93/><V102/><F102/><W78/><G78/><T29/><D10/><U36/><E36/><V49/><F61/><W53/><G53/><T52/><D54/><U133/><E117/><V85/><F85/><W76/><G77/><T46/><D46/><U88/><REACH who="1" step="1"/><E133/><REACH who="1" ten="255,294,206,235" step="2"/><N who="0" m="51305" /><D29/><U80/><E80/><V59/><F49/><N who="3" m="26791" /><G131/><T32/><D32/><AGARI ba="0,1" hai="0,2,22,24,25,28,30,32,81,86,88,91,95,98" machi="32" ten="30,5800,0" yaku="1,1,7,1,54,1,53,0" doraHai="47" doraHaiUra="7" who="1" fromWho="0" sc="255,-58,294,68,206,0,235,0" /><INIT seed="1,1,0,1,1,78" ten="197,362,206,235" oya="1" hai0="116,101,67,85,105,31,30,44,83,28,135,97,58" hai1="80,26,20,19,106,3,63,14,62,108,128,79,61" hai2="59,107,55,90,117,34,25,87,102,64,33,127,122" hai3="41,32,45,49,40,17,119,37,123,72,109,111,50"/><U88/><E106/><V1/><F117/><W92/><G32/><T86/><D116/><U7/><E128/><V0/><F122/><W81/><G119/><T56/><D135/><U132/><E132/><V104/><F127/><W126/><G123/><T100/><D86/><N who="1" m="50247" /><E108/><N who="3" m="41546" /><G126/><T8/><D101/><U48/><E3/><V133/><F34/><W16/><G92/><T77/><D67/><U96/><E79/><V118/><F133/><W103/><G103/><T110/><D110/><U52/><E96/><V5/><F118/><W36/><G50/><T15/><REACH who="0" step="1"/><D44/><REACH who="0" ten="187,362,206,235" step="2"/><N who="1" m="27655" /><E7/><AGARI ba="1,1" hai="7,8,15,28,30,31,56,58,77,83,85,97,100,105" machi="7" ten="40,2600,0" yaku="1,1,52,1,53,0" doraHai="78" doraHaiUra="112" who="0" fromWho="1" sc="187,39,362,-29,206,0,235,0" /><INIT seed="2,0,0,0,2,9" ten="226,333,206,235" oya="2" hai0="67,27,11,2,133,64,86,3,13,114,50,38,46" hai1="59,90,61,118,37,56,119,6,91,71,69,122,130" hai2="60,87,23,73,22,124,83,105,15,34,94,70,1" hai3="53,110,28,49,89,66,109,104,125,108,103,111,25"/><V48/><F124/><W93/><G66/><T62/><D114/><U7/><E61/><V51/><F1/><W18/><G125/><T81/><D38/><U115/><E37/><V123/><F34/><W31/><G104/><T107/><D107/><U41/><E41/><V12/><F123/><W4/><G4/><T45/><D133/><U20/><E20/><V26/><F105/><W14/><G103/><T96/><D46/><U52/><E130/><V58/><F70/><W72/><G25/><T55/><D27/><U16/><E122/><V32/><F32/><W40/><G40/><T80/><D80/><U135/><E135/><V100/><F73/><W134/><G72/><T21/><D21/><U68/><E68/><V127/><F23/><N who="3" m="11735" /><G134/><T77/><D96/><U92/><E92/><V47/><F127/><W126/><N who="3" m="27648" /><DORA hai="33" /><W19/><G19/><T99/><D99/><U116/><E118/><V98/><F48/><W121/><G126/><T84/><D84/><U10/><E10/><V88/><F47/><N who="3" m="27839" /><G121/><T112/><D67/><U113/><REACH who="1" step="1"/><E16/><REACH who="1" ten="226,323,206,235" step="2"/><V74/><F51/><W132/><G132/><T54/><D112/><U30/><E30/><N who="2" m="17751" /><F74/><W117/><G117/><T65/><D65/><AGARI ba="0,1" hai="12,15,58,60,65,83,87,88,94,98,100" m="17751" machi="65" ten="30,12000,1" yaku="25,1,8,1,52,2,54,1" doraHai="9,33" who="2" fromWho="0" sc="226,-120,323,0,206,130,235,0" /><INIT seed="2,1,0,2,3,11" ten="106,323,336,235" oya="2" hai0="19,84,42,35,62,112,59,30,105,100,74,133,23" hai1="45,73,122,63,81,125,96,71,66,94,31,83,17" hai2="69,116,121,130,5,67,43,33,7,93,20,4,39" hai3="127,110,97,54,131,126,92,50,79,106,32,95,56"/><V120/><F116/><W16/><G32/><T38/><D112/><U64/><E122/><V25/><F33/><W135/><G110/><T26/><D74/><U55/><E125/><N who="3" m="47626" /><G131/><T85/><D133/><U123/><E123/><V58/><F130/><W76/><G135/><T18/><D18/><U111/><E111/><V102/><F69/><W129/><G129/><T89/><D38/><U61/><E31/><V108/><F108/><W53/><G53/><T117/><D42/><U109/><E73/><V1/><F1/><W36/><G36/><T29/><D117/><U107/><E107/><V104/><F104/><W70/><G70/><T24/><D30/><U65/><E17/><V57/><F43/><W68/><G68/><T80/><D85/><U3/><E3/><V44/><F39/><W98/><G16/><T90/><D105/><U10/><E10/><V103/><F67/><W51/><G51/><T52/><REACH who="0" step="1"/><D100/><REACH who="0" ten="96,323,336,235" step="2"/><U14/><E71/><V28/><F103/><N who="3" m="60839" /><G106/><T48/><D48/><U91/><E109/><V9/><F120/><W22/><G22/><T124/><D124/><U88/><E61/><V86/><F121/><W134/><G134/><T46/><D46/><U118/><E118/><V82/><F44/><W0/><G0/><T113/><D113/><U37/><E63/><V72/><F9/><W77/><G98/><T13/><D13/><U114/><E14/><V49/><F49/><W21/><G21/><T40/><D40/><U60/><E114/><V27/><F20/><W132/><G132/><T115/><D115/><U78/><E37/><V41/><F41/><RYUUKYOKU ba="1,1" sc="96,15,323,-15,336,-15,235,15" hai0="19,23,24,26,29,35,52,59,62,80,84,89,90" hai3="50,54,56,76,77,79,95" /><INIT seed="3,2,1,5,4,122" ten="111,308,321,250" oya="3" hai0="8,62,42,115,124,60,99,54,12,38,44,53,132" hai1="2,123,71,90,61,78,5,18,76,10,70,110,50" hai2="4,13,67,103,120,48,83,33,34,98,117,116,47" hai3="89,75,121,17,35,81,51,108,11,91,126,66,39"/><W30/><G121/><T94/><D132/><U69/><E123/><V112/><F112/><W26/><G39/><T22/><D115/><U57/><E110/><V16/><F120/><W88/><G108/><T14/><D124/><U119/><E119/><V68/><F4/><W135/><G126/><T43/><D43/><U87/><E50/><V102/><F34/><W130/><G135/><T73/><D73/><U128/><E128/><V63/><F33/><W20/><G130/><T113/><D113/><U6/><E18/><V106/><F103/><W1/><G66/><T65/><D22/><U127/><E5/><V100/><F100/><W24/><G51/><T37/><D37/><U52/><REACH who="1" step="1"/><E127/><REACH who="1" ten="111,298,321,250" step="2"/><V64/><F117/><W125/><G125/><T95/><D62/><U45/><E45/><V32/><F48/><W36/><G36/><T9/><D60/><U74/><E74/><V27/><F47/><W118/><G118/><T114/><D114/><U23/><E23/><V46/><F46/><W77/><G11/><T104/><D44/><U131/><E131/><V84/><F116/><W7/><G7/><T72/><D72/><U101/><E101/><V55/><F32/><W56/><G1/><T111/><D111/><U49/><E49/><V80/><F63/><W134/><G134/><T31/><D38/><U15/><E15/><V93/><F13/><W92/><REACH who="3" step="1"/><G56/><REACH who="3" ten="111,298,321,240" step="2"/><T40/><D42/><U96/><E96/><AGARI ba="2,3" hai="17,20,24,26,30,35,75,77,81,88,89,91,92,96" machi="96" ten="30,18000,2" yaku="1,1,2,1,7,1,54,1,53,2" doraHai="122" doraHaiUra="21" who="3" fromWho="1" sc="111,0,298,-186,321,0,240,216" /><INIT seed="3,3,0,5,4,101" ten="111,112,321,456" oya="3" hai0="79,14,57,99,109,124,54,50,75,49,26,19,81" hai1="71,47,106,130,120,21,96,128,12,33,32,80,132" hai2="66,89,107,17,62,8,28,46,104,111,103,65,100" hai3="84,48,77,41,2,126,31,117,108,34,91,102,40"/><W60/><G2/><T3/><D3/><U45/><E71/><V25/><F111/><W29/><G117/><T127/><D109/><U13/><E120/><V115/><F115/><W69/><G126/><N who="0" m="48171" /><D26/><U119/><E132/><V134/><F100/><W83/><G34/><T4/><D4/><U64/><E80/><V86/><F103/><W53/><G108/><T67/><D99/><U18/><E64/><V116/><F116/><W58/><G102/><T78/><D78/><U23/><E18/><V38/><F65/><N who="3" m="39063" /><G69/><T68/><D68/><U122/><E122/><V72/><F72/><W94/><G31/><T35/><D35/><U87/><E87/><V43/><F134/><W51/><G51/><N who="0" m="30943" /><D67/><U74/><E119/><V11/><F62/><W10/><G10/><AGARI ba="3,0" hai="10,14,19,49,50,75,79,81" m="30943,48171" machi="10" ten="30,1000,0" yaku="18,1" doraHai="101" who="0" fromWho="3" sc="111,19,112,0,321,0,456,-19" /><INIT seed="4,0,0,0,4,56" ten="130,112,321,437" oya="0" hai0="1,27,109,117,48,0,4,107,69,8,32,80,37" hai1="57,2,31,49,68,33,104,122,97,95,59,29,10" hai2="62,79,99,74,22,66,28,23,119,90,75,43,88" hai3="63,19,120,17,44,86,134,58,61,105,76,42,114"/><T78/><D117/><U110/><E110/><V89/><F119/><W124/><G105/><T5/><D107/><U127/><E127/><V34/><F43/><W111/><G111/><T91/><D91/><U24/><E104/><V101/><F23/><W116/><G116/><T133/><D133/><U123/><E68/><V125/><F125/><W54/><G124/><T135/><D135/><U46/><E31/><V21/><F21/><W18/><G114/><T73/><D109/><U45/><E45/><V53/><F53/><W113/><G113/><T50/><D37/><U14/><E2/><V81/><F74/><W106/><G106/><T126/><D126/><U60/><E57/><V65/><F34/><W39/><G120/><T30/><REACH who="0" step="1"/><D69/><REACH who="0" ten="120,112,321,437" step="2"/><U85/><E122/><V103/><F101/><W77/><G134/><T84/><D84/><U64/><E85/><V51/><F103/><W96/><G86/><T102/><D102/><U100/><E123/><V132/><F132/><W13/><G96/><T72/><D72/><U98/><E98/><V7/><F99/><W87/><G87/><T9/><AGARI ba="0,1" hai="0,1,4,5,8,9,27,30,32,48,50,73,78,80" machi="9" ten="30,6000,0" yaku="1,1,0,1,9,1,53,0" doraHai="56" doraHaiUra="67" who="0" fromWho="0" sc="120,70,112,-20,321,-20,437,-20" /><INIT seed="4,1,0,2,3,133" ten="190,92,301,417" oya="0" hai0="96,131,15,38,128,105,52,134,65,36,26,13,70" hai1="94,47,11,48,40,71,73,54,44,91,58,127,84" hai2="39,1,24,125,115,109,2,113,51,60,119,95,55" hai3="0,31,124,110,3,77,43,59,88,30,118,42,46"/><T78/><D134/><U99/><E73/><V104/><F104/><W12/><G77/><T121/><D121/><U37/><E71/><V87/><F109/><W56/><G12/><T20/><D78/><U67/><E11/><V102/><F39/><W97/><G97/><T93/><D105/><U7/><E7/><V90/><F119/><W72/><G46/><T32/><D32/><U107/><E107/><V114/><F60/><W116/><G72/><T5/><D5/><U6/><E6/><V66/><F66/><W130/><G130/><N who="0" m="49707" /><D36/><U8/><E8/><V98/><F24/><W135/><G135/><T23/><D38/><U33/><E33/><V83/><REACH who="2" step="1"/><F125/><REACH who="2" ten="190,92,291,417" step="2"/><W34/><G124/><T75/><D65/><U100/><E67/><V68/><F68/><W126/><G126/><T111/><D70/><U86/><E127/><V4/><F4/><W80/><G110/><T49/><D111/><U123/><E123/><V69/><F69/><W9/><G118/><T106/><D106/><U117/><E117/><V45/><AGARI ba="1,1" hai="1,2,45,51,55,83,87,90,95,98,102,113,114,115" machi="45" ten="30,4000,0" yaku="1,1,0,1,15,1,53,0" doraHai="133" doraHaiUra="120" who="2" fromWho="2" sc="190,-21,92,-11,291,53,417,-11" /><INIT seed="5,0,0,5,2,107" ten="169,81,344,406" oya="1" hai0="94,74,41,54,21,87,82,7,111,37,9,12,76" hai1="64,51,121,40,81,35,84,34,62,38,53,123,5" hai2="133,89,39,103,18,88,128,33,19,26,106,15,86" hai3="92,59,78,69,75,97,114,66,52,71,99,90,2"/><U42/><E5/><V16/><F39/><W55/><G2/><T118/><D111/><U29/><E38/><V134/><F128/><W79/><G114/><T85/><D118/><U11/><E11/><V17/><F106/><W56/><G66/><T104/><D104/><U122/><E29/><N who="2" m="19639" /><F103/><W46/><G46/><T83/><D54/><U49/><E34/><V63/><F63/><W47/><G47/><T100/><D41/><U23/><E35/><V102/><F102/><W3/><G3/><T125/><D37/><U109/><E23/><N who="2" m="11679" /><F86/><W132/><G132/><AGARI ba="0,0" hai="17,18,19,88,89,132,133,134" m="11679,19639" machi="132" ten="30,3900,0" yaku="20,1,54,2" doraHai="107" who="2" fromWho="3" sc="169,0,81,0,344,39,406,-39" /><INIT seed="6,0,0,5,2,71" ten="169,81,383,367" oya="2" hai0="21,5,101,51,132,43,49,135,79,13,82,126,80" hai1="109,11,129,42,6,16,112,47,23,123,76,130,32" hai2="55,98,46,83,95,70,124,114,133,125,0,19,50" hai3="8,111,3,75,61,94,81,92,74,15,25,119,20"/><V86/><F133/><W63/><G3/><T40/><D101/><U33/><E76/><V89/><F114/><W28/><G111/><T10/><D126/><U62/><E62/><V29/><F70/><W35/><G119/><T53/><D82/><U103/><E103/><V1/><F29/><W131/><G35/><T31/><D31/><U18/><E47/><V117/><F117/><W38/><G38/><T64/><D64/><U39/><E42/><V58/><F58/><W48/><G131/><N who="1" m="50186" /><E109/><V26/><F26/><W108/><G108/><T67/><D67/><U30/><E112/><V102/><F19/><N who="1" m="7209" /><E39/><V99/><F98/><W106/><G106/><T65/><D65/><U2/><E123/><V37/><F37/><W27/><G48/><T110/><D51/><U41/><E41/><V44/><F44/><W36/><G36/><T100/><D110/><U54/><E54/><V96/><F96/><W69/><G69/><T78/><D78/><U7/><E7/><V84/><F84/><W134/><G81/><T90/><D100/><U73/><E73/><V9/><F55/><W45/><G45/><T22/><D40/><U60/><E60/><V120/><F46/><W88/><G63/><T104/><D43/><U97/><E97/><V91/><F50/><W4/><G61/><T57/><D104/><U107/><E107/><V122/><F102/><W24/><G94/><T66/><D66/><U52/><E52/><V127/><F120/><W17/><G74/><N who="0" m="43127" /><D90/><U121/><E121/><V116/><F122/><W87/><G75/><T113/><D113/><U56/><E56/><RYUUKYOKU ba="0,0" sc="169,15,81,15,383,-15,367,-15" hai0="5,10,13,21,22,49,53,57,132,135" hai1="2,6,11,23,30,32,33" /><INIT seed="7,1,0,0,2,130" ten="184,96,368,352" oya="3" hai0="117,43,116,129,50,111,19,60,126,118,31,56,44" hai1="67,109,65,10,33,73,28,101,76,68,92,122,11" hai2="134,83,90,63,119,48,89,52,22,132,127,113,18" hai3="51,81,69,17,114,79,71,1,47,66,91,124,110"/><W128/><G128/><T2/><D129/><U104/><E109/><V26/><F119/><W12/><G1/><T46/><D2/><U21/><E122/><V0/><F113/><W35/><G35/><T7/><D7/><U77/><E92/><V53/><F127/><W86/><G114/><T42/><D31/><U25/><E67/><V16/><F0/><W112/><G112/><T59/><D19/><U55/><E55/><V135/><F83/><N who="3" m="49631" /><G66/><T125/><D111/><U78/><E73/><V88/><F63/><W99/><G99/><T20/><D20/><U39/><E39/><V98/><F98/><W34/><G34/><T108/><D108/><U131/><E131/><V95/><F95/><W70/><G124/><T4/><D4/><U13/><E21/><N who="2" m="13607" /><F48/><W61/><G61/><T6/><D6/><U94/><E94/><V120/><F120/><W3/><G3/><T57/><REACH who="0" step="1"/><D60/><REACH who="0" ten="174,96,368,352" step="2"/><U5/><E11/><V82/><F82/><W40/><G110/><T80/><D80/><U97/><REACH who="1" step="1"/><E76/><REACH who="1" ten="174,86,368,352" step="2"/><V37/><F37/><AGARI ba="1,2" hai="37,42,43,44,46,50,56,57,59,116,117,118,125,126" machi="37" ten="50,8000,1" yaku="1,1,34,3,53,0" doraHai="130" doraHaiUra="85" who="0" fromWho="2" sc="174,103,86,0,368,-83,352,0" owari="277,-12.3,86,-41.4,285,8.5,352,45.2" /></mjloggm>