<mjloggm ver="2.3"><GO type="169" lobby="0"/><UN n0="%E6%B9%8A%E6%96%97%E3%81%8B%E3%81%92%E3%81%82%E3%81%8D" n1="%E3%82%80%E3%81%97%E6%AD%AF" n2="%E3%81%82%E3%81%95%E3%81%B4%E3%82%93%EF%BC%A0%EF%BD%8D%EF%BD%8A" n3="%E3%83%AD%E3%83%99%E3%83%AB%E3%82%BF%E3%81%95%E3%82%93%EF%BC%A0" dan="16,17,18,16" rate="2107.59,2169.42,2305.83,2145.09" sx="M,M,M,F"/><TAIKYOKU oya="0"/><INIT seed="0,0,0,5,4,112" ten="250,250,250,250" oya="0" hai0="18,130,16,72,121,0,23,15,71,102,55,100,69" hai1="86,97,24,51,63,99,34,131,126,87,79,11,56" hai2="14,36,49,66,85,31,42,116,107,2,91,77,13" hai3="64,96,4,104,117,50,93,65,41,133,92,60,127"/><T119/><D121/><U3/><E131/><V73/><F2/><W106/><G133/><T5/><D72/><U10/><E126/><V39/><F66/><W135/><G135/><T111/><D130/><U38/><E38/><V98/><F31/><W7/><G96/><T125/><D125/><U21/><E34/><V118/><F49/><W61/><G50/><T78/><D78/><U94/><E51/><V134/><F134/><W53/><G127/><T132/><D132/><U43/><E43/><V109/><F109/><W75/><G75/><T95/><D111/><U129/><E129/><V29/><F29/><W19/><G19/><T82/><D82/><U6/><E11/><V9/><F77/><W101/><G101/><T89/><D119/><N who="2" m="45610" /><F73/><W27/><G65/><T90/><D0/><U57/><E79/><V45/><F39/><W22/><G64/><T113/><D113/><U81/><E63/><V12/><F107/><W108/><G61/><T110/><D110/><U103/><E3/><V8/><F98/><W1/><G60/><T76/><D76/><U68/><E99/><V40/><F40/><W74/><G41/><T128/><D128/><U25/><E97/><V70/><F70/><W83/><G106/><T105/><D105/><U88/><E68/><V32/><F32/><W84/><G104/><T20/><D71/><U30/><E30/><V123/><F123/><W122/><G1/><T59/><D69/><U47/><E103/><V80/><AGARI ba="0,0" hai="8,9,12,13,14,36,42,45,80,85,91" m="45610" machi="80" ten="30,7900,0" yaku="12,1,52,3" doraHai="112" who="2" fromWho="2" sc="250,-39,250,-20,250,79,250,-20" /><INIT seed="1,0,0,1,0,18" ten="211,230,329,230" oya="1" hai0="79,39,102,1,104,134,42,90,119,75,81,38,44" hai1="30,31,91,97,82,40,87,50,69,47,111,124,2" hai2="61,25,113,53,130,89,57,20,64,35,19,72,14" hai3="125,83,96,10,56,11,100,131,6,37,66,13,78"/><U34/><E2/><V85/><F130/><W107/><G131/><T21/><D119/><U110/><E124/><V22/><F113/><W36/><G125/><T32/><D32/><U114/><E114/><V16/><F72/><W29/><G29/><T49/><D134/><U95/><E69/><V54/><REACH who="2" step="1"/><F35/><REACH who="2" ten="211,230,319,230" step="2"/><W17/><G66/><T48/><D75/><U101/><REACH who="1" step="1"/><E34/><REACH who="1" ten="211,220,319,230" step="2"/><V33/><F33/><W52/><G78/><T135/><D79/><U46/><E46/><V65/><F65/><W67/><G67/><T7/><D44/><U74/><E74/><V106/><F106/><W58/><G58/><T120/><D104/><U123/><E123/><V103/><F103/><W132/><G132/><T15/><D102/><U55/><E55/><V41/><F41/><W94/><G107/><T28/><D135/><U63/><E63/><V9/><F9/><W24/><G100/><T62/><D120/><U4/><E4/><V122/><F122/><W116/><G52/><T8/><D62/><U128/><E128/><V99/><F99/><W118/><G56/><T26/><D42/><U76/><E76/><V45/><F45/><W127/><G96/><T109/><D7/><U0/><E0/><V3/><F3/><W92/><G6/><T126/><D1/><U68/><E68/><V73/><F73/><W93/><G127/><T77/><D126/><U60/><E60/><V98/><F98/><W23/><G118/><T71/><D77/><U27/><E27/><V5/><F5/><W133/><G116/><T88/><D71/><U117/><E117/><V105/><F105/><RYUUKYOKU ba="0,2" sc="211,-15,220,15,319,15,230,-15" hai1="30,31,40,47,50,82,87,91,95,97,101,110,111" hai2="14,16,19,20,22,25,53,54,57,61,64,85,89" /><INIT seed="1,1,2,2,2,34" ten="196,235,334,215" oya="1" hai0="39,22,59,52,130,102,1,8,25,86,67,47,56" hai1="60,31,38,70,37,128,40,66,2,13,85,36,99" hai2="114,81,43,75,18,46,126,109,110,94,76,129,127" hai3="69,15,17,116,29,11,48,83,95,82,119,122,115"/><U65/><E128/><V97/><F18/><W50/><G122/><T27/><D130/><U0/><E66/><V10/><F129/><W6/><G115/><T23/><D102/><U68/><E68/><V33/><F33/><W131/><G131/><T12/><D1/><U16/><E31/><V63/><F63/><W124/><G124/><N who="2" m="47657" /><F10/><N who="3" m="6391" /><G95/><T106/><D106/><U64/><E64/><V35/><F35/><W71/><G29/><N who="0" m="17591" /><D39/><U51/><E99/><V101/><F114/><W61/><G61/><N who="0" m="38311" /><D86/><U111/><E85/><V7/><F7/><W125/><G125/><T88/><D88/><U26/><E26/><V19/><F19/><W135/><G135/><T100/><D47/><U53/><E40/><V24/><F24/><W62/><G62/><N who="0" m="36199" /><D100/><U107/><E107/><V132/><F132/><W133/><G133/><T14/><D8/><U42/><E42/><V89/><F101/><W96/><G96/><T72/><D72/><U79/><E79/><V103/><F103/><W44/><G69/><T108/><D108/><U78/><E78/><V3/><F3/><N who="3" m="479" /><G71/><T80/><D80/><N who="3" m="30761" /><G44/><T30/><AGARI ba="1,2" hai="12,14,23,27,30" m="36199,38311,17591" machi="30" ten="30,2000,0" yaku="8,1,54,1" doraHai="34" who="0" fromWho="0" sc="196,43,235,-11,334,-6,215,-6" /><INIT seed="2,0,0,5,5,51" ten="239,224,328,209" oya="2" hai0="91,113,109,35,38,106,3,7,118,57,47,90,69" hai1="120,63,12,64,98,92,37,54,101,85,122,123,29" hai2="94,23,56,9,1,22,89,75,36,99,0,79,66" hai3="81,33,55,135,83,78,71,16,105,128,116,132,18"/><V97/><F36/><W45/><G116/><T111/><D113/><U76/><E37/><V73/><F79/><W70/><G105/><T52/><D69/><N who="3" m="26121" /><G33/><T15/><D3/><U49/><E12/><V14/><F0/><W13/><G128/><T25/><D106/><U82/><E29/><V28/><F1/><W27/><G27/><T103/><D103/><U72/><E63/><N who="2" m="38247" /><F75/><N who="3" m="43231" /><G83/><T40/><D118/><U88/><E64/><V67/><F73/><W2/><G2/><T74/><D74/><U8/><E8/><V17/><F67/><W41/><G41/><T20/><D35/><U39/><E39/><V32/><F32/><W125/><G125/><T133/><D15/><U121/><N who="1" m="30720" /><DORA hai="104" /><U34/><E34/><V115/><F115/><W110/><G110/><N who="0" m="41995" /><D7/><U4/><E4/><V130/><F130/><W5/><G5/><T117/><D117/><U68/><E68/><V108/><F108/><W10/><G10/><T46/><D46/><N who="1" m="27959" /><E72/><V127/><F127/><W6/><G6/><T24/><D24/><U100/><AGARI ba="0,0" hai="76,82,85,88,92,98,100,101" m="27959,30720" machi="100" ten="60,7900,0" yaku="13,1,52,1,54,1" doraHai="51,104" who="1" fromWho="1" sc="239,-20,224,79,328,-39,209,-20" /><INIT seed="3,0,0,5,4,125" ten="219,303,289,189" oya="3" hai0="123,56,52,35,75,38,91,0,54,82,13,7,135" hai1="121,84,27,55,62,67,12,31,47,77,14,71,30" hai2="104,74,61,98,58,90,108,39,28,10,21,63,2" hai3="110,134,32,1,92,115,53,116,124,68,15,81,8"/><W93/><G134/><T102/><D123/><U57/><E121/><V5/><F39/><W34/><G124/><T11/><D35/><U41/><E84/><V33/><F74/><W109/><G115/><T36/><D135/><U101/><E77/><V9/><F33/><N who="3" m="12907" /><G68/><T88/><D102/><U44/><E101/><V24/><F10/><W4/><G116/><T113/><D113/><U65/><E65/><V18/><F63/><W23/><G53/><T132/><D132/><U76/><E76/><V114/><F114/><W120/><G120/><T50/><D0/><U37/><E47/><V22/><F104/><W94/><G81/><T46/><D75/><U96/><E96/><V117/><F117/><W130/><G23/><T131/><D82/><U83/><E83/><V6/><F22/><W60/><G60/><T69/><D69/><U72/><E72/><V16/><F61/><W51/><G51/><T45/><D45/><U29/><E27/><V87/><F58/><W20/><G20/><T133/><D133/><U106/><E106/><V42/><F21/><W25/><G25/><T49/><D36/><U3/><E3/><V126/><F24/><W118/><G118/><T107/><D107/><U66/><E66/><V48/><F126/><W73/><G73/><T105/><D105/><U70/><E71/><V19/><F2/><W85/><G1/><T127/><D127/><U128/><E70/><V112/><F112/><W100/><G100/><T89/><D38/><U95/><E37/><V78/><F48/><W64/><G64/><T103/><D103/><U59/><E67/><RYUUKYOKU ba="0,0" sc="219,30,303,-10,289,-10,189,-10" hai0="7,11,13,46,49,50,52,54,56,88,89,91,131" /><INIT seed="4,1,0,0,4,35" ten="249,293,279,179" oya="0" hai0="70,18,92,69,126,101,112,10,58,13,113,89,93" hai1="123,95,118,45,15,121,111,102,131,53,49,20,34" hai2="47,103,84,52,14,105,135,42,61,106,68,28,110" hai3="46,48,4,27,73,59,128,72,132,129,65,21,109"/><T33/><D33/><U22/><E34/><V134/><F110/><W90/><G132/><N who="2" m="50729" /><F28/><W7/><G109/><T51/><D126/><U64/><E111/><V76/><F103/><W11/><G90/><T8/><D101/><U122/><E118/><V116/><F116/><W130/><G59/><T16/><D58/><U55/><E131/><V26/><F26/><W78/><G65/><T125/><D51/><U124/><E124/><V24/><F24/><W85/><G85/><T32/><D32/><U97/><E64/><N who="2" m="40975" /><F52/><W81/><G11/><T12/><D125/><U114/><E114/><N who="0" m="44137" /><D93/><U83/><E55/><V86/><F14/><W67/><G73/><T57/><D57/><U31/><E31/><V6/><F6/><W117/><G67/><T80/><D80/><U98/><E98/><AGARI ba="1,0" hai="8,10,12,13,16,18,69,70,89,92,98" m="44137" machi="98" ten="30,2900,0" yaku="15,1,54,1" doraHai="35" who="0" fromWho="1" sc="249,32,293,-32,279,0,179,0" /><INIT seed="4,2,0,1,3,17" ten="281,261,279,179" oya="0" hai0="87,96,82,54,131,132,36,42,3,102,20,114,1" hai1="76,80,21,60,67,29,124,74,84,39,13,64,18" hai2="26,15,119,41,71,66,63,23,116,22,127,4,118" hai3="68,40,123,105,6,37,93,85,7,24,92,10,113"/><T38/><D114/><U62/><E39/><V75/><F127/><W129/><G113/><T103/><D131/><U135/><E124/><V12/><F75/><W83/><G105/><T32/><D32/><U16/><E135/><V59/><F41/><W25/><G68/><T91/><D132/><U5/><E5/><V34/><F71/><W51/><G37/><T109/><D109/><U45/><E45/><V90/><F90/><W50/><G10/><T11/><D38/><U65/><E29/><N who="2" m="19767" /><F4/><W58/><G58/><T61/><D11/><N who="1" m="6207" /><E74/><V111/><F111/><W121/><G85/><T94/><D103/><U19/><E19/><V8/><F8/><W79/><G40/><T31/><D42/><U70/><E70/><V120/><F120/><W122/><G122/><T73/><D36/><U104/><E104/><V134/><F134/><W89/><G89/><T44/><D73/><U47/><E47/><V88/><F88/><W133/><G133/><T78/><D102/><U27/><AGARI ba="2,0" hai="18,21,27,60,62,64,65,67,76,80,84" m="6207" machi="27" ten="30,4000,0" yaku="8,1,52,1,54,1" doraHai="17" who="1" fromWho="1" sc="281,-22,261,46,279,-12,179,-12" /><INIT seed="5,0,0,1,4,130" ten="259,307,267,167" oya="1" hai0="106,76,31,11,72,25,95,9,52,37,48,57,22" hai1="101,90,69,89,126,123,54,79,98,43,41,93,23" hai2="38,83,94,112,10,86,131,50,125,129,33,92,58" hai3="111,81,115,0,68,96,121,73,114,66,6,20,59"/><U34/><E123/><V8/><F38/><W55/><G111/><T120/><D106/><U62/><E34/><V26/><F125/><W107/><G121/><T36/><D120/><U127/><E79/><V75/><F75/><W133/><G68/><T60/><D36/><U56/><E69/><V27/><F50/><W70/><G66/><T109/><D37/><U47/><E43/><V118/><F58/><W135/><G70/><T110/><D95/><N who="2" m="36394" /><F118/><W99/><G20/><T42/><D76/><U64/><E54/><V19/><F33/><W77/><G6/><T29/><D29/><U12/><E41/><V119/><F119/><W2/><G2/><T103/><D103/><U46/><E46/><V39/><F39/><W88/><G88/><N who="1" m="33898" /><E47/><V1/><F1/><W124/><G124/><N who="1" m="47658" /><E23/><V53/><F53/><W21/><G21/><T122/><D122/><U5/><E5/><V3/><F83/><W82/><G82/><T13/><D72/><U102/><E12/><V84/><F3/><W104/><G0/><T67/><D42/><U74/><E74/><V35/><F35/><W113/><G107/><T91/><D9/><U134/><E102/><V45/><F8/><W30/><G30/><T128/><D91/><U108/><E108/><V132/><F10/><W80/><G80/><T14/><D14/><U17/><E17/><V65/><F19/><W71/><G71/><N who="0" m="42471" /><D110/><U24/><E24/><V44/><F26/><W7/><G7/><N who="0" m="3327" /><D109/><U85/><E85/><V100/><F100/><N who="3" m="62471" /><G99/><T40/><D40/><U18/><E18/><V28/><F28/><W15/><G15/><RYUUKYOKU ba="0,0" sc="259,10,307,10,267,-30,167,10" hai0="22,25,31,48,52,57,128" hai1="56,62,64,93,98,101,134" hai3="55,59,73,77,81,113,114,115,133,135" /><INIT seed="5,1,0,2,2,62" ten="269,317,237,177" oya="1" hai0="50,93,25,61,128,15,106,113,135,82,120,70,69" hai1="13,49,114,10,35,105,86,4,53,39,60,81,16" hai2="95,107,8,41,130,58,3,109,52,85,1,131,112" hai3="119,56,63,26,97,80,29,123,133,117,2,102,11"/><U111/><E114/><V103/><F109/><W127/><G133/><T17/><D106/><U104/><E39/><V129/><F107/><W98/><G127/><T84/><D135/><U65/><E35/><V110/><F110/><W6/><G123/><T12/><D113/><U71/><E4/><V21/><F112/><W31/><G80/><T36/><D36/><U125/><E125/><V24/><F41/><W14/><G2/><T99/><D128/><U55/><E55/><V42/><F42/><W9/><G9/><T44/><D70/><U66/><E66/><V90/><F103/><W38/><G38/><T5/><D61/><U45/><REACH who="1" step="1"/><E111/><REACH who="1" ten="269,307,237,177" step="2"/><V88/><F130/><W78/><G6/><T37/><D5/><U34/><E34/><V72/><F129/><W43/><G43/><T101/><D37/><U46/><E46/><V18/><F131/><W27/><G117/><T74/><D44/><U64/><E64/><V94/><F1/><W122/><G119/><T116/><D116/><U75/><E75/><V19/><F72/><W92/><G122/><T28/><D74/><U54/><E54/><V87/><F3/><W20/><G63/><T108/><D108/><U73/><E73/><V57/><F52/><W48/><G48/><T76/><D50/><U89/><AGARI ba="1,1" hai="10,13,16,45,49,53,60,65,71,81,86,89,104,105" machi="89" ten="20,24000,3" yaku="1,1,0,1,7,1,25,2,52,1,54,1,53,1" doraHai="62" doraHaiUra="77" who="1" fromWho="1" sc="269,-81,307,253,237,-81,177,-81" /><INIT seed="5,2,0,2,3,111" ten="188,560,156,96" oya="1" hai0="61,67,19,31,14,131,18,8,3,40,72,43,120" hai1="64,77,32,54,129,25,1,21,79,34,95,9,65" hai2="135,98,59,85,105,133,24,66,101,33,106,12,62" hai3="119,29,44,53,112,96,13,63,122,99,2,15,26"/><U20/><E129/><V71/><F59/><W121/><G2/><T83/><D131/><U48/><E1/><V45/><F85/><W124/><G124/><T115/><D120/><U94/><E9/><V128/><F128/><W92/><G119/><T36/><D3/><U114/><E48/><V82/><F82/><W23/><G99/><T38/><D31/><U97/><E54/><V52/><F12/><W75/><G75/><T68/><D115/><U46/><E46/><V81/><F81/><W50/><G121/><T27/><D36/><U78/><E97/><V35/><F105/><W70/><G122/><T76/><D38/><U132/><E132/><N who="2" m="50763" /><F24/><W49/><G112/><T91/><D91/><U118/><E114/><V6/><F6/><W89/><G70/><T84/><D72/><U123/><E123/><V7/><F7/><W56/><REACH who="3" step="1"/><G50/><AGARI ba="2,0" hai="33,35,45,50,52,62,66,71,98,101,106" m="50763" machi="50" ten="30,2000,0" yaku="20,1,54,1" doraHai="111" who="2" fromWho="3" sc="188,0,560,0,156,26,96,-26" /><INIT seed="6,0,0,0,4,132" ten="188,560,182,70" oya="2" hai0="51,54,11,60,131,98,67,31,56,58,13,15,105" hai1="79,76,22,5,106,100,85,135,122,110,74,6,38" hai2="65,78,17,88,1,96,128,121,27,68,64,102,97" hai3="29,24,40,83,73,92,93,41,62,30,33,10,43"/><V124/><F121/><W129/><G129/><T53/><D131/><U112/><E110/><V82/><F128/><W91/><G30/><T87/><D31/><U119/><E38/><V81/><F1/><W77/><G91/><T89/><D105/><U35/><E35/><V18/><F68/><W118/><G118/><T114/><D114/><U49/><E74/><V95/><F124/><W4/><G62/><T115/><D115/><U101/><E106/><V90/><F95/><W52/><REACH who="3" step="1"/><G52/><REACH who="3" ten="188,560,182,60" step="2"/><T44/><D54/><U134/><E119/><V123/><F88/><W34/><G34/><T32/><D32/><U103/><E112/><V59/><F90/><W63/><G63/><T126/><D60/><U25/><E122/><V66/><F123/><W8/><G8/><T42/><D11/><U7/><E49/><V71/><F65/><W12/><AGARI ba="0,1" hai="4,10,12,24,29,33,40,41,43,73,77,83,92,93" machi="12" ten="30,2000,0" yaku="1,1,0,1,53,0" doraHai="132" doraHaiUra="111" who="3" fromWho="3" sc="188,-5,560,-5,182,-10,60,30" /><INIT seed="7,0,0,1,2,80" ten="183,555,172,90" oya="3" hai0="86,23,87,119,18,8,129,67,121,14,59,110,15" hai1="109,62,42,3,2,120,49,92,58,124,123,134,61" hai2="20,1,40,100,28,107,9,54,25,63,11,70,43" hai3="50,71,30,35,112,99,116,16,6,45,89,88,5"/><W96/><G116/><T90/><D110/><U60/><E109/><V69/><F69/><W91/><G71/><T26/><D121/><U33/><E33/><N who="2" m="20623" /><F54/><W46/><G112/><T133/><D129/><U10/><E124/><V108/><F20/><W132/><G132/><T19/><D119/><U105/><E105/><V48/><F108/><W83/><G35/><T21/><D133/><U68/><E3/><V41/><F48/><W117/><G30/><N who="0" m="17743" /><D90/><U72/><E42/><V95/><F95/><W55/><G117/><T113/><D113/><U118/><E72/><V74/><F74/><W81/><G45/><T39/><D39/><U94/><E10/><V27/><F27/><W32/><G32/><T12/><D14/><U97/><E97/><N who="3" m="37450" /><G16/><T135/><D135/><U0/><E68/><V17/><F17/><W103/><G103/><T130/><D130/><U93/><E134/><V102/><F1/><W75/><G75/><T47/><D47/><U51/><E118/><V101/><F107/><W53/><G53/><T31/><D31/><U73/><E73/><V82/><F9/><W38/><G38/><T57/><D57/><U85/><E58/><V125/><F11/><W77/><G77/><T84/><D59/><U79/><E2/><V22/><F22/><W106/><G106/><T127/><D127/><U24/><E0/><V122/><F125/><W111/><G111/><T29/><D29/><U36/><E36/><V52/><F122/><N who="1" m="46633" /><E24/><V76/><F52/><W114/><G114/><T104/><D104/><U56/><E56/><V128/><F70/><W13/><G13/><RYUUKYOKU ba="0,0" sc="183,10,555,10,172,-30,90,10" hai0="8,12,15,18,19,23,67,84,86,87" hai1="49,51,60,61,62,79,85,92,93,94" hai3="5,6,46,50,55,81,83,88,89,91" /><INIT seed="7,1,0,0,0,17" ten="193,565,142,100" oya="3" hai0="45,31,0,61,112,119,36,48,98,113,93,85,96" hai1="58,84,105,121,76,109,1,103,27,7,125,5,13" hai2="56,66,51,12,122,63,106,67,57,41,53,2,73" hai3="128,54,107,129,72,133,130,15,6,46,75,116,86"/><W74/><G116/><T131/><D119/><U126/><E109/><V59/><F2/><W132/><G107/><T102/><D36/><U52/><E1/><V71/><F73/><W26/><G86/><T115/><D0/><U38/><E121/><V40/><F106/><W89/><G89/><N who="0" m="53423" /><D131/><U39/><E27/><V9/><F122/><W101/><G101/><T37/><D37/><U8/><E7/><N who="2" m="3135" /><F71/><W78/><G78/><T14/><D31/><U35/><E35/><V123/><F123/><W134/><G26/><T24/><D24/><U117/><E117/><V92/><F92/><W10/><G54/><N who="0" m="29967" /><D102/><U110/><E110/><V79/><F79/><W49/><G49/><T29/><D29/><U25/><E25/><V77/><F77/><W90/><G90/><T22/><D61/><AGARI ba="1,0" hai="40,41,51,53,56,57,59,61,63,66,67" m="3135" machi="61" ten="30,1000,0" yaku="8,1" doraHai="17" who="2" fromWho="0" sc="193,-13,565,0,142,13,100,0" owari="180,-2.0,565,66.5,155,-24.5,100,-40.0" /></mjloggm>