<mjloggm ver="2.3"><GO type="169" lobby="0"/><UN n0="%E3%81%BD%E3%81%A3%E3%81%91%E3%81%95%E3%82%93" n1="%E6%9D%91%E4%BA%95%E3%82%A2%E3%83%9E%E3%82%A6%E3%83%AA" n2="%52%65%61%6C%58" n3="%50%65%74%65%72%50%61%6E" dan="17,16,16,17" rate="2197.28,2096.26,2170.38,2211.62" sx="M,M,F,M"/><TAIKYOKU oya="0"/><INIT seed="0,0,0,5,0,63" ten="250,250,250,250" oya="0" hai0="122,30,39,126,83,16,41,33,1,65,62,104,97" hai1="133,32,66,89,107,4,87,28,40,25,96,80,93" hai2="76,69,113,116,18,22,35,44,101,135,17,77,82" hai3="114,120,46,57,74,130,48,71,72,79,129,70,121"/><T9/><D122/><N who="3" m="47209" /><G79/><T91/><D126/><U110/><E110/><V3/><F35/><W11/><G11/><T125/><D125/><U5/><E133/><V14/><F113/><W109/><G114/><T111/><D111/><U50/><E107/><V2/><F135/><W61/><G74/><T42/><D39/><U127/><E127/><V118/><F101/><W53/><G72/><T86/><D33/><U6/><E50/><V24/><F44/><W51/><G51/><T0/><D30/><U95/><E40/><V23/><F69/><N who="3" m="26123" /><G109/><T132/><D132/><U134/><E134/><V19/><F77/><W54/><AGARI ba="0,0" hai="46,48,53,54,57,61,129,130" m="26123,47209" machi="54" ten="40,5200,0" yaku="13,1,34,2" doraHai="63" who="3" fromWho="3" sc="250,-26,250,-13,250,-13,250,52" /><INIT seed="1,0,0,1,0,53" ten="224,237,237,302" oya="1" hai0="75,61,84,3,116,97,62,59,98,63,54,15,126" hai1="104,19,80,10,118,123,50,94,83,5,114,109,119" hai2="39,34,24,47,90,51,27,86,102,76,16,92,26" hai3="72,17,14,134,25,1,115,113,99,57,42,49,93"/><U68/><E104/><V45/><F34/><W133/><G1/><T111/><D75/><U2/><E68/><V0/><F0/><W23/><G72/><T28/><D3/><U4/><E83/><V31/><F31/><W65/><G42/><T87/><D116/><U89/><E80/><V67/><F76/><W11/><G133/><T129/><D111/><U55/><E123/><V91/><F67/><W60/><G49/><N who="0" m="31183" /><D129/><U21/><E5/><V48/><F102/><W22/><G22/><T44/><D126/><U128/><E128/><V78/><F78/><W112/><G134/><T12/><D28/><U74/><E74/><V71/><F39/><W95/><REACH who="3" step="1"/><G99/><REACH who="3" ten="224,237,237,292" step="2"/><N who="0" m="37899" /><D44/><U106/><E109/><V46/><F47/><W7/><AGARI ba="0,1" hai="7,11,14,17,23,25,57,60,65,93,95,112,113,115" machi="7" ten="30,4000,0" yaku="1,1,0,1,52,1,53,0" doraHai="53" doraHaiUra="38" who="3" fromWho="3" sc="224,-10,237,-20,237,-10,292,50" /><INIT seed="2,0,0,1,1,99" ten="214,217,227,342" oya="2" hai0="72,113,13,31,39,26,81,60,12,43,115,68,53" hai1="3,52,124,102,108,5,82,88,30,121,129,107,62" hai2="36,130,116,126,92,50,32,37,14,44,47,6,22" hai3="91,1,38,34,27,132,56,123,90,35,16,49,17"/><V64/><F116/><W24/><G38/><T85/><D72/><U73/><E30/><V104/><F32/><W74/><G74/><T106/><D106/><U83/><E108/><V61/><F104/><W98/><G1/><T93/><D93/><U19/><E83/><V112/><F112/><W71/><G71/><T125/><D125/><U103/><E107/><V40/><F130/><W7/><G7/><T41/><D113/><U109/><E109/><V2/><F126/><W101/><G132/><T120/><D120/><U21/><E73/><V70/><F2/><W118/><G123/><T29/><D39/><U57/><E124/><V127/><F127/><W65/><G118/><T95/><D95/><U33/><E33/><V75/><F75/><W69/><G69/><T25/><D68/><U67/><E121/><V18/><F6/><W9/><G34/><T96/><D96/><U46/><E3/><V0/><F0/><W111/><G35/><T4/><D81/><U78/><E78/><V135/><F135/><W97/><G9/><T131/><D85/><N who="1" m="50231" /><E5/><V94/><REACH who="2" step="1"/><F36/><REACH who="2" ten="214,217,217,342" step="2"/><W54/><G111/><T48/><D4/><U119/><E129/><V80/><F80/><W105/><G105/><T58/><D131/><U134/><E119/><V55/><AGARI ba="0,1" hai="14,18,22,37,40,44,47,50,55,61,64,70,92,94" machi="55" ten="20,7800,0" yaku="1,1,0,1,7,1,53,1" doraHai="99" doraHaiUra="59" who="2" fromWho="2" sc="214,-26,217,-26,217,88,342,-26" /><INIT seed="2,1,0,1,3,5" ten="188,191,305,316" oya="2" hai0="16,132,98,123,18,127,115,79,86,12,2,69,0" hai1="41,130,71,27,120,62,84,26,11,117,9,39,81" hai2="77,32,126,100,24,88,40,25,13,104,52,70,106" hai3="68,89,90,38,135,80,131,61,133,96,134,30,1"/><V75/><F70/><W108/><G38/><T57/><D69/><U105/><E117/><V82/><F40/><W58/><G68/><T74/><D74/><U3/><E3/><V17/><F126/><W114/><G108/><T129/><D115/><U8/><E105/><V87/><F104/><W124/><G124/><T67/><D123/><U47/><E120/><V116/><F116/><W60/><G131/><T44/><D127/><U54/><E130/><V53/><F32/><W122/><G122/><T15/><D129/><U128/><E128/><V36/><F36/><W29/><G1/><T21/><D44/><U85/><E54/><V119/><F119/><W125/><G125/><T101/><D132/><U6/><E6/><V34/><F34/><W97/><G114/><T109/><D109/><U7/><E7/><V103/><F25/><W112/><G112/><T59/><D86/><U78/><REACH who="1" step="1"/><E85/><REACH who="1" ten="188,181,305,316" step="2"/><V42/><F106/><W55/><G134/><T121/><D121/><U64/><AGARI ba="1,1" hai="8,9,11,26,27,39,41,47,62,64,71,78,81,84" machi="64" ten="30,12000,2" yaku="1,1,2,1,0,1,52,3,53,0" doraHai="5" doraHaiUra="110" who="1" fromWho="1" sc="188,-31,181,133,305,-61,316,-31" /><INIT seed="3,0,0,3,0,42" ten="157,314,244,285" oya="3" hai0="108,69,94,76,116,53,65,96,15,120,0,97,1" hai1="109,105,66,48,93,87,90,52,84,61,127,34,100" hai2="113,68,111,21,121,4,59,104,29,3,135,117,125" hai3="57,35,132,51,30,13,72,128,73,130,8,102,38"/><W33/><G38/><T83/><D108/><U88/><E109/><V133/><RYUUKYOKU type="yao9" ba="0,0" sc="157,0,314,0,244,0,285,0" hai2="3,4,21,29,59,68,104,111,113,117,121,125,133,135" /><INIT seed="3,1,0,3,5,11" ten="157,314,244,285" oya="3" hai0="101,111,51,13,32,43,28,124,8,88,7,14,123" hai1="35,118,112,64,23,117,16,10,53,125,115,31,52" hai2="12,61,76,103,120,100,37,95,81,107,59,48,2" hai3="41,60,130,39,45,82,44,4,96,17,134,129,122"/><W18/><G122/><T67/><D123/><U79/><E35/><V99/><F2/><W58/><G134/><T49/><D101/><U70/><E125/><V92/><F37/><W15/><G96/><T20/><D32/><U85/><E70/><V102/><F120/><W84/><G45/><T89/><D124/><U74/><E74/><V131/><F48/><N who="0" m="18506" /><D43/><U73/><E73/><V29/><F29/><W55/><G4/><T80/><D111/><U57/><E64/><V94/><F131/><N who="3" m="50187" /><G15/><N who="0" m="5535" /><D67/><U63/><E53/><V65/><REACH who="2" step="1"/><F12/><REACH who="2" ten="157,314,234,285" step="2"/><N who="0" m="4714" /><D80/><N who="1" m="47263" /><E10/><V126/><F126/><W77/><AGARI ba="1,1" hai="17,18,39,41,44,55,58,60,77,82,84" m="50187" machi="77" ten="30,1500,0" yaku="19,1" doraHai="11" who="3" fromWho="3" sc="157,-6,314,-6,234,-6,285,28" /><INIT seed="3,2,0,4,3,129" ten="151,308,228,313" oya="3" hai0="99,33,38,9,60,128,78,0,120,132,125,34,123" hai1="27,118,20,49,87,127,12,101,108,68,10,53,25" hai2="76,65,113,103,58,98,133,83,105,16,30,124,75" hai3="40,45,19,47,117,110,28,115,5,61,116,91,2"/><W48/><G115/><T131/><D38/><U119/><E68/><V95/><F113/><W66/><G28/><T81/><D99/><U73/><E73/><V15/><F30/><W84/><G110/><T56/><D125/><U106/><E127/><V112/><F112/><W74/><G74/><N who="0" m="43223" /><D56/><U1/><E1/><V85/><F124/><W111/><G111/><T39/><D39/><U52/><E87/><V13/><F13/><W77/><G77/><T41/><D41/><U37/><E37/><V63/><F95/><W100/><G100/><T114/><D60/><U51/><E108/><V79/><F79/><W54/><G19/><T3/><D114/><U82/><E101/><V109/><F109/><W44/><G5/><N who="0" m="1191" /><D3/><U32/><E82/><V59/><F59/><W18/><G18/><T6/><D6/><U89/><E51/><V122/><F122/><N who="0" m="46634" /><D132/><U17/><E49/><V4/><F4/><W86/><G2/><T42/><D42/><U69/><E17/><V104/><F85/><W72/><G72/><T80/><D80/><U21/><E89/><V57/><F57/><N who="3" m="37167" /><G84/><T96/><D96/><U130/><E21/><V71/><F58/><N who="3" m="33095" /><G40/><T93/><D93/><U67/><E20/><N who="2" m="11295" /><F105/><W97/><G97/><T62/><D62/><U7/><E106/><V35/><F133/><W70/><G70/><T43/><D43/><U126/><E69/><V102/><F102/><W107/><G107/><T14/><D14/><U31/><E12/><V50/><F50/><W36/><G36/><T24/><D33/><U46/><E126/><V135/><F35/><W88/><G86/><RYUUKYOKU ba="2,0" sc="151,10,308,-30,228,10,313,10" hai0="24,34,128,131" hai2="63,65,71,75,76,83,98,103,104,135" hai3="44,45,47,88,91,116,117" /><INIT seed="3,3,0,4,5,134" ten="161,278,238,323" oya="3" hai0="85,32,123,24,96,59,48,18,87,20,65,2,17" hai1="37,38,57,23,36,21,6,130,117,69,50,34,72" hai2="28,25,43,3,27,1,30,40,61,133,82,22,121" hai3="86,105,101,77,54,45,132,100,124,89,41,63,8"/><W76/><G132/><T106/><D123/><U80/><E69/><V115/><F133/><W118/><G118/><T26/><D2/><U91/><E34/><V14/><F115/><W39/><G8/><T70/><D70/><U90/><E6/><V79/><F121/><W114/><G114/><T93/><D106/><U67/><E72/><V4/><F61/><W52/><G54/><T13/><D26/><U99/><E117/><V5/><F82/><W19/><G19/><T84/><D32/><U12/><E21/><V98/><F98/><W125/><G77/><T104/><D104/><U7/><E99/><V113/><F113/><W119/><G76/><T122/><D122/><U102/><E102/><V135/><F79/><W131/><G119/><T15/><D18/><U107/><E7/><V95/><F135/><W110/><G110/><T62/><REACH who="0" step="1"/><D48/><REACH who="0" ten="151,278,238,323" step="2"/><U11/><E50/><V51/><F51/><W68/><G105/><T47/><D47/><U88/><E107/><V74/><F3/><W116/><G116/><T120/><D120/><U16/><E16/><V46/><F46/><W112/><G112/><T108/><D108/><U35/><E35/><V29/><F1/><W33/><G33/><T127/><D127/><N who="3" m="48713" /><G68/><T53/><D53/><U81/><E11/><V9/><F9/><W56/><G131/><T31/><D31/><U71/><E71/><V42/><F28/><W64/><G52/><T0/><D0/><U92/><E130/><V83/><F30/><W103/><G103/><AGARI ba="3,1" hai="13,15,17,20,24,59,62,65,84,85,87,93,96,103" machi="103" ten="40,2600,0" yaku="1,1,8,1,53,0" doraHai="134" doraHaiUra="129" who="0" fromWho="3" sc="151,45,278,0,238,0,323,-35" /><INIT seed="4,0,0,2,1,100" ten="196,278,238,288" oya="0" hai0="102,66,35,122,16,80,10,121,54,5,25,87,19" hai1="124,18,85,75,94,132,50,46,42,30,22,6,51" hai2="126,20,86,43,105,2,103,11,40,111,112,120,117" hai3="131,21,41,60,133,95,69,45,26,101,44,114,107"/><T48/><D66/><U118/><E75/><V104/><F111/><W108/><G108/><T97/><D35/><U1/><E118/><V99/><F120/><W24/><G114/><T74/><D74/><U106/><E132/><V17/><F112/><W98/><G133/><T7/><D7/><U14/><E124/><V58/><F126/><W125/><G125/><T59/><D25/><U38/><E30/><V3/><F86/><W110/><G110/><T36/><D36/><U47/><E38/><V32/><F32/><W52/><G131/><T8/><D8/><U77/><E1/><V116/><F58/><W129/><G129/><T65/><D65/><U84/><E94/><N who="2" m="58871" /><F43/><W78/><G78/><T91/><D121/><U70/><E70/><V83/><F83/><W33/><G33/><T28/><D28/><U115/><E84/><V96/><F96/><W29/><G26/><T90/><D90/><U49/><E47/><V68/><F40/><W119/><G119/><N who="2" m="45641" /><F68/><W63/><G69/><T67/><D67/><U72/><E42/><V27/><F11/><W113/><G113/><T15/><REACH who="0" step="1"/><D122/><REACH who="0" ten="186,278,238,288" step="2"/><U71/><E115/><V81/><F81/><W39/><G39/><T4/><D4/><U79/><E6/><V134/><F134/><W12/><G29/><T61/><D61/><U56/><E72/><V76/><F76/><W37/><G60/><T0/><D0/><AGARI ba="0,1" hai="0,2,3,17,20,27,104,105" m="45641,58871" machi="0" ten="30,3900,0" yaku="12,1,52,2" doraHai="100" who="2" fromWho="0" sc="186,-39,278,0,238,49,288,0" /><INIT seed="5,0,0,4,5,24" ten="147,278,287,288" oya="1" hai0="110,51,17,102,130,94,36,48,126,6,32,75,61" hai1="92,34,87,4,105,49,88,44,71,28,39,78,21" hai2="60,76,30,68,123,131,112,16,120,117,72,29,80" hai3="23,108,128,15,134,2,55,42,135,3,50,57,62"/><U14/><E71/><V52/><F117/><W122/><G122/><T11/><D36/><U97/><E39/><V31/><F131/><W115/><G108/><T37/><D37/><U47/><E34/><V25/><F112/><W58/><G128/><T109/><D75/><U86/><E105/><V67/><REACH who="2" step="1"/><F52/><REACH who="2" ten="147,278,277,288" step="2"/><N who="3" m="34119" /><G115/><T81/><D130/><U69/><E47/><V133/><F133/><N who="3" m="50699" /><G42/><T111/><D109/><U85/><E78/><V98/><F98/><W90/><G90/><T100/><D110/><U132/><E97/><V46/><F46/><W104/><G104/><T27/><D111/><U77/><E77/><V26/><F26/><W107/><G107/><T114/><D27/><N who="1" m="16495" /><E132/><V95/><F95/><W79/><G79/><T84/><D94/><U20/><E69/><V103/><F103/><W116/><G116/><T106/><D102/><U59/><E59/><V5/><F5/><W10/><G23/><AGARI ba="0,1" hai="16,23,25,29,30,31,60,67,68,72,76,80,120,123" machi="23" ten="40,12000,2" yaku="1,1,52,3,54,1,53,1" doraHai="24" doraHaiUra="65" who="2" fromWho="3" sc="147,0,278,0,277,130,288,-120" /><INIT seed="6,0,0,1,0,125" ten="147,278,407,168" oya="2" hai0="109,117,36,64,92,56,6,43,126,78,47,72,119" hai1="39,121,8,37,99,52,14,67,44,53,13,85,10" hai2="33,105,110,89,97,81,96,0,32,73,95,2,68" hai3="48,34,45,91,27,57,115,62,22,46,123,60,107"/><V71/><F110/><W127/><G123/><T76/><D109/><U108/><E67/><V94/><F81/><W129/><G127/><T49/><D126/><U77/><E99/><V134/><F89/><W102/><G34/><T24/><D6/><U50/><E121/><V130/><F134/><W74/><G74/><T133/><D133/><U111/><E85/><V66/><F66/><W54/><G115/><T88/><D24/><U19/><E77/><V40/><F40/><W23/><G23/><T42/><D42/><U80/><E80/><V28/><F28/><W132/><G132/><T18/><D18/><U113/><E113/><V31/><F31/><W79/><G79/><T7/><D7/><U100/><E100/><V70/><F70/><W101/><G91/><T106/><D106/><U122/><E122/><V103/><F103/><W112/><G112/><T12/><D12/><U69/><E69/><V135/><F135/><W17/><G101/><T93/><D93/><U55/><E19/><V87/><F87/><W58/><G48/><T38/><D38/><U114/><E114/><V61/><F61/><W82/><G82/><N who="0" m="45319" /><D78/><U5/><E39/><V118/><F73/><W29/><G17/><T25/><D25/><U51/><E37/><V35/><F105/><W41/><G107/><T26/><D26/><U4/><E55/><V90/><F90/><W59/><G102/><T63/><D36/><U128/><E108/><V86/><F86/><W16/><G16/><T124/><D124/><U116/><E111/><V3/><F35/><W11/><G41/><T120/><D120/><RYUUKYOKU ba="0,0" sc="147,30,278,-10,407,-10,168,-10" hai0="43,47,49,56,63,64,88,92,117,119" /><INIT seed="7,1,0,3,4,135" ten="177,268,397,158" oya="3" hai0="45,13,109,129,74,1,47,82,112,15,16,97,12" hai1="107,18,7,83,62,57,127,110,37,88,67,54,76" hai2="8,14,44,61,58,2,91,43,23,27,19,40,115" hai3="63,65,29,79,49,28,51,39,81,89,122,4,101"/><W87/><G122/><T134/><D109/><U96/><E37/><V128/><F128/><W100/><G39/><T52/><D1/><U53/><E7/><V111/><F111/><W66/><G4/><T117/><D117/><U3/><E3/><V32/><F32/><W123/><G123/><T42/><D129/><U108/><E107/><V72/><F72/><W35/><G35/><T64/><D64/><N who="3" m="24681" /><G63/><T116/><D116/><U120/><E67/><V68/><F68/><W119/><G79/><T95/><D134/><U36/><E54/><V46/><F115/><W17/><G17/><T84/><D74/><U73/><E36/><V126/><F43/><W60/><G60/><T77/><D112/><U0/><E0/><V132/><F40/><W85/><G85/><T10/><D42/><U98/><E120/><V70/><F61/><W131/><G131/><T78/><D78/><U25/><E108/><V94/><F19/><W90/><G90/><N who="0" m="55543" /><D52/><U105/><E88/><V92/><F91/><W80/><G80/><T114/><D114/><U26/><E83/><V59/><F2/><W24/><G119/><T104/><D104/><U9/><E105/><V34/><F34/><W38/><G38/><T11/><D13/><U22/><E76/><V118/><F118/><W71/><G71/><T48/><D48/><N who="3" m="18505" /><G24/><T21/><D15/><U5/><E26/><V30/><F27/><W130/><G130/><T56/><D56/><U103/><E110/><V69/><F70/><W121/><G121/><T75/><D75/><U6/><E73/><V33/><F69/><W125/><G125/><RYUUKYOKU ba="1,0" sc="177,15,268,-15,397,-15,158,15" hai0="10,11,12,16,21,45,47,77,82,84" hai3="28,29,81,87,89,100,101" /><INIT seed="7,2,0,5,2,96" ten="192,253,382,173" oya="3" hai0="73,45,16,51,24,101,92,134,129,83,33,47,98" hai1="11,103,6,79,116,30,29,100,8,63,117,44,78" hai2="112,18,35,120,1,71,80,91,4,125,21,107,48" hai3="42,127,90,67,40,19,61,12,7,123,93,111,110"/><W109/><G123/><T57/><D129/><U88/><E63/><V131/><F71/><W74/><G127/><T76/><D134/><U122/><E44/><V97/><F35/><W49/><G7/><T133/><D133/><U126/><E6/><V118/><F107/><W28/><G28/><T108/><D108/><U64/><E64/><V87/><F112/><W68/><G49/><T55/><REACH who="0" step="1"/><D16/><REACH who="0" ten="182,253,382,173" step="2"/><U15/><E117/><V23/><F18/><W130/><G130/><T58/><D58/><U81/><E116/><V104/><F131/><W53/><G53/><T105/><D105/><U20/><E126/><V2/><F104/><W69/><G69/><T31/><AGARI ba="2,1" hai="24,31,33,45,47,51,55,57,73,76,83,92,98,101" machi="31" ten="30,4000,0" yaku="1,1,0,1,52,1,53,0" doraHai="96" doraHaiUra="86" who="0" fromWho="0" sc="182,56,253,-12,382,-12,173,-22" owari="238,-16.2,241,4.1,370,47.0,151,-34.9" /></mjloggm>