<mjloggm ver="2.3"><GO type="169" lobby="0"/><UN n0="%68%69%72%6F%30%33%30%39" n1="%63%2E%63%2D%76%2E%76" n2="%E9%9B%AA%E3%83%8E%E4%B8%8B%E9%9B%AA%E4%B9%83" n3="%E5%A4%A9%E7%8B%90" dan="16,17,16,16" rate="2067.62,2231.79,2069.46,2092.59" sx="M,F,F,M"/><TAIKYOKU oya="0"/><INIT seed="0,0,0,5,3,34" ten="250,250,250,250" oya="0" hai0="17,60,51,46,100,115,112,50,39,33,101,26,21" hai1="110,98,123,23,116,128,12,102,73,119,104,30,85" hai2="86,32,122,36,40,92,43,109,126,96,82,42,78" hai3="131,95,31,124,83,16,81,91,121,90,62,87,68"/><T29/><D39/><U127/><E123/><V133/><F122/><W14/><G121/><T89/><D60/><U54/><E128/><V105/><F32/><W56/><G131/><T1/><D89/><U59/><E127/><V58/><F126/><W8/><G124/><T3/><D101/><U49/><E73/><V132/><F105/><W99/><G68/><T63/><D63/><U37/><E37/><V88/><F109/><W97/><G31/><T94/><D51/><U74/><E74/><V25/><F25/><W24/><G24/><T106/><D106/><U76/><E110/><V47/><REACH who="2" step="1"/><F58/><REACH who="2" ten="250,250,240,250" step="2"/><W66/><REACH who="3" step="1"/><G83/><REACH who="3" ten="250,250,240,240" step="2"/><T2/><D33/><U45/><E30/><V65/><F65/><W48/><G48/><T80/><D80/><U0/><E49/><V38/><F38/><W53/><G53/><T9/><D29/><U120/><E54/><V70/><F70/><W57/><G57/><T118/><D50/><U113/><E59/><V13/><F13/><W129/><G129/><T27/><D26/><U84/><E12/><V79/><F79/><W108/><G108/><T52/><D27/><U19/><E76/><V6/><F6/><W77/><G77/><T20/><D52/><U135/><E120/><V22/><F22/><W28/><G28/><T7/><D21/><U117/><E23/><V107/><F107/><W4/><G4/><T114/><D20/><U10/><E104/><V103/><F103/><W61/><G61/><T44/><D100/><U93/><E102/><V18/><F18/><W67/><G67/><T75/><D17/><U15/><E19/><RYUUKYOKU ba="0,2" sc="250,-15,250,-15,240,15,240,15" hai2="36,40,42,43,47,78,82,86,88,92,96,132,133" hai3="8,14,16,56,62,66,81,87,90,91,95,97,99" /><INIT seed="1,1,2,3,1,61" ten="235,235,255,255" oya="1" hai0="78,93,47,94,16,83,3,132,31,58,71,118,84" hai1="126,1,2,131,8,22,44,114,48,6,70,73,34" hai2="46,119,66,124,120,101,134,102,109,122,130,112,111" hai3="32,97,49,103,14,74,91,21,43,9,54,24,121"/><U52/><E114/><V10/><F112/><W36/><G121/><T123/><D123/><U26/><E126/><V65/><F119/><W86/><G74/><T12/><D118/><U67/><E131/><V98/><F124/><W25/><G36/><T56/><D3/><U80/><E2/><V104/><F130/><W79/><G32/><T69/><D132/><U127/><E127/><V59/><F134/><W63/><G21/><T108/><D108/><N who="2" m="41546" /><F102/><W96/><G63/><T30/><D69/><U68/><E34/><V40/><F59/><N who="0" m="22570" /><D47/><U7/><E7/><V135/><F135/><W5/><G79/><N who="0" m="46207" /><D71/><U0/><E0/><V128/><F128/><W75/><G75/><T13/><D78/><U133/><E133/><V50/><F10/><W51/><G43/><T77/><D12/><U20/><E68/><V42/><F42/><W129/><G129/><T17/><D77/><U106/><E73/><V81/><F81/><W82/><G49/><T125/><D17/><U4/><E80/><V39/><F39/><W113/><G113/><T87/><D125/><U55/><E6/><V72/><F72/><W92/><REACH who="3" step="1"/><G97/><REACH who="3" ten="235,235,255,245" step="2"/><T105/><D87/><U110/><E110/><V89/><F122/><W62/><G62/><T11/><D105/><U29/><E106/><V45/><F120/><W15/><G15/><T88/><D13/><U99/><E99/><N who="2" m="61503" /><F46/><AGARI ba="1,3" hai="5,9,14,24,25,46,51,54,82,86,91,92,96,103" machi="46" ten="30,3900,0" yaku="1,1,7,1,8,1,53,0" doraHai="61" doraHaiUra="53" who="3" fromWho="2" sc="235,0,235,0,255,-42,245,72" /><INIT seed="2,0,0,4,0,78" ten="235,235,213,317" oya="2" hai0="135,55,67,44,45,47,118,25,69,4,110,98,99" hai1="39,53,6,58,82,43,38,123,103,106,60,23,13" hai2="34,89,104,81,54,22,30,3,88,14,122,16,36" hai3="24,102,57,11,72,64,63,46,100,17,97,90,42"/><V18/><F122/><W113/><G72/><T79/><D110/><U1/><E123/><V66/><F3/><W91/><G113/><T92/><D135/><U105/><E1/><V74/><F104/><W101/><G97/><T9/><D118/><U133/><E133/><V73/><F36/><W116/><G116/><T40/><D55/><U35/><E35/><V26/><F66/><W84/><G84/><T117/><D117/><U109/><E109/><V134/><F134/><W93/><G93/><T15/><D79/><U59/><E43/><V71/><F71/><W65/><G65/><T2/><D25/><U86/><E58/><V127/><F127/><W68/><G68/><T85/><D40/><U32/><E32/><V31/><F31/><W130/><G130/><T27/><D2/><U128/><E128/><V75/><F54/><W52/><G64/><T124/><D124/><U121/><E121/><V95/><F81/><W51/><G11/><T114/><D114/><U41/><E41/><V48/><F48/><W19/><G19/><T37/><D37/><U62/><E62/><V120/><F120/><W61/><G63/><T8/><D8/><N who="1" m="4247" /><E106/><V108/><F108/><W96/><G96/><T132/><D98/><N who="1" m="61687" /><E23/><AGARI ba="0,0" hai="17,23,24,42,46,51,52,57,61,90,91,100,101,102" machi="23" ten="40,2600,0" yaku="8,1,54,1" doraHai="78" who="3" fromWho="1" sc="235,0,235,-26,213,0,317,26" /><INIT seed="3,0,0,5,4,17" ten="235,209,213,343" oya="3" hai0="54,55,31,21,97,80,37,72,129,67,51,4,90" hai1="2,105,27,89,36,106,57,53,8,98,1,117,70" hai2="64,15,93,16,96,75,7,79,44,115,133,3,84" hai3="92,69,134,124,35,82,19,135,120,71,45,119,13"/><W77/><G119/><T101/><D37/><U58/><E70/><V0/><F115/><W94/><G120/><T103/><D129/><U62/><E36/><V110/><F110/><W25/><G124/><T83/><D67/><U60/><E117/><V30/><F133/><N who="3" m="50699" /><G45/><T20/><D4/><U132/><E132/><V24/><F75/><W6/><G6/><T81/><D72/><U40/><E40/><V74/><F74/><N who="3" m="43319" /><G25/><T87/><D31/><U111/><E111/><V88/><F64/><W50/><G50/><T121/><D121/><U116/><E116/><V66/><F66/><W65/><G35/><T33/><D33/><U99/><E27/><V108/><F108/><W9/><G71/><T68/><D97/><U128/><E128/><V100/><F79/><W38/><G38/><T86/><D68/><U61/><E61/><AGARI ba="0,0" hai="9,13,19,61,65,69,92,94" m="43319,50699" machi="61" ten="30,1500,0" yaku="20,1" doraHai="17" who="3" fromWho="1" sc="235,0,209,-15,213,0,343,15" /><INIT seed="3,1,0,1,3,87" ten="235,194,213,358" oya="3" hai0="121,53,80,14,61,117,30,107,88,130,41,58,63" hai1="32,19,2,127,11,51,77,110,50,33,29,115,105" hai2="109,8,132,103,98,99,36,122,116,56,7,47,17" hai3="68,23,123,94,21,70,72,86,42,26,3,85,69"/><W84/><G123/><T44/><D117/><U24/><E105/><V114/><F116/><W91/><G72/><T66/><D121/><U95/><E110/><V0/><F114/><W45/><G3/><T113/><D107/><U20/><E115/><V126/><F109/><W75/><G75/><T78/><D113/><U93/><E127/><V104/><F122/><W40/><G23/><T65/><D130/><U4/><E33/><V46/><F126/><W13/><G13/><T118/><D118/><U60/><E60/><V27/><F132/><W82/><G42/><T1/><D1/><U35/><E35/><V73/><F73/><W25/><G94/><T111/><D78/><U55/><E77/><V102/><F36/><W52/><G26/><T101/><D101/><U16/><E50/><V120/><F120/><W10/><G10/><T62/><D30/><U92/><REACH who="1" step="1"/><E32/><REACH who="1" ten="235,184,213,358" step="2"/><V112/><F112/><W67/><G67/><T43/><D111/><U34/><E34/><V12/><F27/><W79/><G79/><T28/><D65/><U96/><E96/><V22/><REACH who="2" step="1"/><F56/><AGARI ba="1,1" hai="2,4,11,16,19,20,24,29,51,55,56,92,93,95" machi="56" ten="40,2600,0" yaku="1,1,54,1,53,0" doraHai="87" doraHaiUra="133" who="1" fromWho="2" sc="235,0,184,39,213,-29,358,0" /><INIT seed="4,0,0,0,2,120" ten="235,223,184,358" oya="0" hai0="85,10,117,127,54,29,60,82,131,32,121,81,128" hai1="126,94,37,69,88,41,38,26,67,48,19,113,92" hai2="12,75,124,119,93,130,122,59,57,39,98,118,72" hai3="45,5,40,86,115,52,2,102,50,18,35,49,99"/><T43/><D121/><U105/><E105/><V21/><F122/><W97/><G115/><T27/><D117/><N who="2" m="44554" /><F39/><W80/><G35/><T3/><D43/><U13/><E126/><V133/><F124/><W134/><G134/><T66/><D127/><U73/><E73/><N who="2" m="28235" /><F133/><W58/><G2/><T23/><D54/><U11/><E26/><V8/><F21/><W101/><G5/><N who="0" m="1343" /><D32/><U63/><E113/><V20/><F20/><W42/><G42/><T112/><D85/><U104/><E104/><V110/><F110/><W74/><G74/><T22/><D22/><U106/><E106/><V53/><F53/><W78/><G18/><T65/><D112/><U116/><E116/><V83/><F83/><N who="0" m="31754" /><D60/><U71/><E38/><V87/><F87/><W7/><G7/><T24/><D24/><U16/><E37/><V135/><F135/><W89/><G78/><T96/><D96/><AGARI ba="0,0" hai="40,45,49,50,52,58,80,86,89,96,97,99,101,102" machi="96" ten="40,2600,0" yaku="8,1,54,1" doraHai="120" who="3" fromWho="0" sc="235,-26,223,0,184,0,358,26" /><INIT seed="5,0,0,5,3,71" ten="209,223,184,384" oya="1" hai0="41,1,48,72,92,60,29,16,101,36,53,20,100" hai1="32,82,120,98,46,5,64,127,93,50,47,55,0" hai2="23,11,121,39,10,24,44,51,108,135,114,119,134" hai3="74,86,65,15,95,90,59,76,80,57,70,40,81"/><U104/><E120/><V88/><F121/><W28/><G70/><T7/><D72/><U9/><E104/><V79/><F119/><W84/><G28/><T91/><D29/><U126/><E32/><V56/><F108/><W99/><G65/><T21/><D60/><U107/><E107/><V33/><F33/><W105/><G40/><T52/><D21/><U116/><E116/><V69/><F69/><W4/><G4/><T131/><D131/><U123/><E123/><V18/><F79/><N who="3" m="46143" /><G15/><N who="0" m="9247" /><D36/><U110/><E82/><V96/><F39/><W25/><G25/><T94/><D7/><U19/><E64/><V67/><F114/><W61/><G61/><T49/><D94/><U122/><E122/><V37/><F37/><W130/><G130/><T66/><D66/><U111/><E19/><V2/><F2/><W124/><G124/><N who="1" m="47658" /><E47/><V109/><F109/><W73/><G73/><T31/><D31/><U12/><E12/><V45/><F67/><W17/><G17/><T103/><D1/><U22/><E22/><V68/><F68/><W63/><G63/><T14/><D14/><U43/><E43/><V129/><F129/><W75/><G75/><T78/><D41/><U85/><E110/><V77/><F77/><W54/><G54/><N who="0" m="21099" /><D78/><U87/><E111/><V102/><F45/><W89/><G105/><T132/><D48/><U115/><E115/><V106/><F44/><W26/><G26/><T42/><D49/><U112/><E112/><V35/><F35/><W13/><G13/><T125/><D125/><U34/><E34/><V118/><F51/><W58/><G74/><RYUUKYOKU ba="0,0" sc="209,-15,223,15,184,-15,384,15" hai1="0,5,9,46,50,55,85,87,93,98" hai3="57,58,59,76,80,86,89,90,95,99" /><INIT seed="5,1,0,1,4,19" ten="194,238,169,399" oya="1" hai0="89,37,56,118,11,28,58,134,96,60,4,98,81" hai1="124,130,105,85,6,99,46,43,75,49,101,109,129" hai2="112,132,10,14,20,126,91,68,5,7,88,12,103" hai3="131,25,117,62,27,106,123,122,66,24,16,116,39"/><U53/><E75/><V93/><F68/><W2/><G2/><T79/><D118/><N who="3" m="45673" /><G39/><T64/><D37/><U1/><E124/><V94/><F126/><W135/><G106/><T84/><D134/><U50/><E109/><V120/><F132/><W86/><G135/><T48/><D28/><U63/><E63/><V17/><F120/><N who="3" m="46123" /><G86/><T30/><D30/><U115/><E115/><V23/><F112/><W47/><G47/><T22/><D79/><U111/><E111/><V34/><F34/><W73/><G73/><T92/><D81/><U51/><E85/><N who="2" m="52367" /><F103/><W77/><G77/><T13/><D22/><N who="2" m="8234" /><F14/><W9/><G9/><T119/><D119/><U71/><E71/><V67/><F67/><W3/><G3/><T128/><D128/><U15/><E1/><V78/><F78/><W57/><G131/><N who="1" m="50186" /><E15/><V61/><F61/><W31/><G66/><T83/><D83/><U33/><E33/><V45/><F45/><W76/><G76/><T36/><D36/><U74/><E74/><V38/><F38/><W127/><G127/><T55/><AGARI ba="1,0" hai="4,11,13,48,55,56,58,60,64,84,89,92,96,98" machi="55" ten="30,2000,0" yaku="0,1,8,1" doraHai="19" who="0" fromWho="0" sc="194,23,238,-11,169,-6,399,-6" /><INIT seed="6,0,0,5,4,3" ten="217,227,163,393" oya="2" hai0="88,35,102,90,97,31,77,129,70,11,21,80,28" hai1="116,51,98,93,122,111,62,60,110,104,66,107,52" hai2="0,6,25,101,34,135,47,74,56,75,10,79,14" hai3="32,24,130,91,119,57,45,9,33,55,48,105,61"/><V81/><F135/><W85/><G105/><T36/><D35/><U112/><E112/><V106/><F56/><W40/><G119/><T125/><D36/><U65/><E116/><V19/><F47/><W131/><G9/><T114/><D70/><U22/><E107/><V95/><F106/><W67/><G40/><T126/><D114/><U82/><E104/><V109/><F109/><W64/><G64/><T113/><D113/><U20/><E82/><V30/><F95/><N who="3" m="54767" /><G24/><T118/><D118/><U39/><E39/><V59/><F59/><W63/><G63/><N who="1" m="24106" /><E122/><V76/><F101/><W41/><G41/><T100/><D129/><AGARI ba="0,0" hai="32,33,45,48,55,57,61,67,129,130,131" m="54767" machi="129" ten="30,1000,0" yaku="19,1" doraHai="3" who="3" fromWho="0" sc="217,-10,227,0,163,0,393,10" /><INIT seed="7,0,0,1,0,127" ten="207,227,163,403" oya="3" hai0="69,5,44,88,51,115,65,72,35,73,15,133,30" hai1="47,84,119,37,31,92,132,64,26,29,75,59,101" hai2="45,112,125,50,131,19,123,9,56,129,120,61,83" hai3="70,86,54,23,21,41,76,18,98,99,24,22,130"/><W111/><G54/><T100/><D133/><U32/><E132/><V79/><F112/><W20/><G20/><T124/><D100/><U27/><E75/><V114/><F114/><W135/><G22/><T97/><D115/><U46/><E37/><V87/><F125/><W10/><G86/><T90/><D124/><U105/><E119/><V85/><F85/><W42/><G18/><T11/><D65/><U96/><E84/><V34/><F34/><W4/><G23/><T16/><D69/><U25/><E25/><V89/><F79/><W102/><G98/><T53/><D5/><U8/><E8/><V118/><F118/><W28/><G42/><T107/><D107/><U103/><E103/><V68/><F68/><W71/><G71/><T126/><D126/><U2/><E2/><V40/><F19/><W74/><G21/><T134/><D134/><U55/><E64/><N who="2" m="38951" /><F9/><W12/><G10/><T109/><D109/><U49/><E105/><V66/><F66/><W80/><G76/><T39/><D97/><U91/><E32/><V117/><F117/><W128/><G99/><T95/><D35/><U43/><E96/><V57/><F57/><W1/><G70/><T38/><D30/><U7/><E31/><V116/><F116/><W121/><G28/><T58/><D58/><U60/><E29/><V67/><F67/><W63/><G74/><N who="0" m="28779" /><D90/><U14/><E91/><V36/><F36/><N who="0" m="13866" /><D88/><U78/><E59/><V113/><F113/><W77/><G111/><T82/><D82/><U93/><E78/><V110/><F110/><W106/><G77/><T33/><D33/><RYUUKYOKU ba="0,0" sc="207,15,227,-15,163,15,403,-15" hai0="11,15,16,44,51,53,95" hai2="40,45,50,83,87,89,120,123,129,131" owari="222,2.2,212,-18.8,178,-32.2,388,48.8" /></mjloggm>