<mjloggm ver="2.3"><GO type="169" lobby="0"/><UN n0="%5B%5B%79%75%79%75%5D%5D" n1="%E3%82%AB%E3%83%AB%E3%83%94%E3%82%B9%E3%82%B5%E3%83%AF%E3%83%BC" n2="%E4%BC%8A%E5%8B%A2%E3%81%AE%E3%82%B3%E3%83%AD%E3%83%83%E3%82%B1%E5%B1%8B" n3="%E3%82%B7%E3%83%AB%E3%83%90%E3%83%BC%E3%83%96%E3%83%AC%E3%83%83%E3%83%88" dan="16,17,16,16" rate="2112.41,2229.35,2080.96,2199.04" sx="M,M,M,M"/><TAIKYOKU oya="0"/><INIT seed="0,0,0,2,4,119" ten="250,250,250,250" oya="0" hai0="65,60,114,19,91,92,41,37,32,33,87,127,94" hai1="75,31,76,42,130,26,86,70,116,0,10,135,35" hai2="40,25,56,83,38,58,52,128,81,118,27,47,54" hai3="132,89,124,57,55,120,134,71,110,111,29,131,39"/><T82/><D114/><U24/><E86/><V106/><F106/><W109/><G29/><T6/><D127/><U64/><E116/><V13/><F118/><W50/><G89/><T113/><D113/><U117/><E117/><V7/><F128/><W74/><G74/><T8/><D19/><U107/><E26/><V4/><F38/><W20/><G20/><T17/><D17/><U44/><E135/><N who="3" m="51754" /><G131/><T93/><D41/><U100/><E130/><V68/><F47/><W99/><G99/><T53/><D53/><U16/><E16/><V48/><F68/><W103/><G103/><T90/><D37/><N who="1" m="21583" /><E100/><V23/><F40/><W102/><G102/><T84/><D33/><U18/><E18/><V123/><F13/><W98/><G98/><T9/><D32/><U77/><E77/><V36/><F36/><W43/><G124/><T73/><D73/><U5/><E107/><V79/><F79/><W3/><G3/><T122/><D122/><U2/><E2/><V97/><F97/><W67/><G120/><T115/><D115/><U121/><E121/><V101/><F123/><W69/><G67/><T59/><D8/><U66/><E66/><V22/><F101/><W51/><G39/><T78/><REACH who="0" step="1"/><D78/><REACH who="0" ten="240,250,250,250" step="2"/><U88/><E76/><V72/><F72/><W126/><G126/><T30/><D30/><U80/><E75/><V12/><F12/><AGARI ba="0,1" hai="6,9,12,59,60,65,82,84,87,90,91,92,93,94" machi="12" ten="30,5800,0" yaku="1,1,7,1,8,1,53,0" doraHai="119" doraHaiUra="129" who="0" fromWho="2" sc="240,68,250,0,250,-58,250,0" /><INIT seed="0,1,0,2,4,108" ten="308,250,192,250" oya="0" hai0="63,89,48,43,124,110,116,55,81,100,129,40,91" hai1="131,114,85,135,59,30,22,56,71,86,44,67,8" hai2="45,101,73,18,118,27,5,82,84,38,4,41,25" hai3="99,134,6,13,106,77,78,14,113,49,76,51,61"/><T94/><D116/><U47/><E71/><V112/><F118/><W1/><G113/><T23/><D124/><U97/><E131/><V46/><F73/><W10/><G134/><T102/><D129/><U12/><E135/><V31/><F101/><W127/><G127/><T117/><D117/><U28/><E97/><V109/><F109/><W20/><G61/><T104/><D104/><U54/><E67/><V57/><F112/><W133/><G133/><T107/><D107/><U7/><E59/><V29/><F18/><W65/><G65/><T79/><D110/><U3/><E3/><V98/><F98/><W66/><G66/><T16/><D63/><U17/><E114/><V36/><F57/><W53/><G20/><T121/><D121/><U125/><E28/><V123/><F123/><W122/><G122/><T88/><D94/><U75/><E30/><V70/><F70/><W37/><G37/><T15/><D100/><U93/><E75/><V35/><F45/><N who="1" m="17481" /><E93/><V95/><F95/><W24/><G24/><T72/><REACH who="0" step="1"/><D102/><REACH who="0" ten="298,250,192,250" step="2"/><U105/><E105/><V74/><F38/><W0/><G106/><T92/><D92/><U90/><E125/><V68/><F36/><W9/><G99/><T103/><D103/><U11/><E85/><V64/><F84/><W42/><G51/><T83/><D83/><N who="1" m="49503" /><E7/><V120/><F82/><W60/><G60/><AGARI ba="1,1" hai="8,11,12,17,22,54,56,60" m="49503,17481" machi="60" ten="30,1000,0" yaku="8,1" doraHai="108" who="1" fromWho="3" sc="298,0,250,23,192,0,250,-13" /><INIT seed="1,0,0,4,3,119" ten="298,273,192,237" oya="1" hai0="75,84,28,79,69,14,16,41,6,108,10,35,56" hai1="26,95,64,125,68,72,18,57,118,126,124,62,53" hai2="11,54,115,94,92,63,78,39,17,58,55,27,45" hai3="51,109,52,66,8,44,133,81,60,34,87,112,3"/><U50/><E72/><V31/><F115/><W113/><G109/><T103/><D69/><U67/><E118/><V20/><F78/><W19/><G34/><T76/><D108/><U46/><E95/><V0/><F39/><W33/><G33/><T85/><D103/><U73/><E73/><V21/><F0/><W102/><G102/><T80/><D41/><U49/><E18/><V82/><F11/><W99/><G99/><T36/><D36/><U7/><E26/><V127/><F82/><W37/><G133/><T101/><D101/><U131/><E7/><V1/><F1/><W48/><G48/><T86/><D79/><U47/><E131/><V120/><F120/><W107/><G107/><T13/><D56/><U129/><E129/><V88/><F94/><W4/><G37/><T89/><D28/><U114/><E114/><V2/><F2/><W96/><G96/><T93/><REACH who="0" step="1"/><D35/><REACH who="0" ten="288,273,192,237" step="2"/><U15/><E68/><V111/><F111/><W97/><G113/><T91/><D91/><U5/><E47/><V12/><F45/><W90/><G112/><T42/><D42/><N who="1" m="24791" /><E50/><V121/><F58/><W130/><G130/><T23/><AGARI ba="0,1" hai="6,10,13,14,16,23,75,76,80,84,85,86,89,93" machi="23" ten="20,5200,0" yaku="1,1,0,1,7,1,54,1,53,0" doraHai="119" doraHaiUra="128" who="0" fromWho="0" sc="288,62,273,-26,192,-13,237,-13" /><INIT seed="2,0,0,0,4,66" ten="350,247,179,224" oya="2" hai0="108,62,102,0,111,69,14,57,18,50,131,97,12" hai1="16,127,19,91,17,87,121,7,115,41,82,31,55" hai2="27,129,94,28,1,53,117,84,37,128,63,75,107" hai3="21,112,10,118,134,38,80,64,109,114,65,106,2"/><V83/><F117/><W78/><G109/><N who="0" m="42059" /><D0/><U3/><E115/><N who="3" m="44074" /><G134/><T20/><D131/><N who="2" m="50250" /><F107/><W24/><G38/><T89/><D89/><U70/><E127/><V92/><F1/><W96/><G118/><T13/><D50/><U67/><E121/><V58/><F75/><W49/><G49/><T44/><D44/><U125/><E125/><V48/><F48/><W45/><G45/><T15/><D57/><U59/><E41/><V133/><F133/><W74/><G96/><T46/><D46/><U130/><E130/><V110/><F37/><W56/><G106/><N who="0" m="63823" /><D62/><U93/><E31/><V61/><F61/><W35/><G35/><T11/><D11/><U34/><E34/><N who="2" m="20767" /><F110/><W51/><G10/><T43/><D43/><U76/><E3/><V6/><F6/><W120/><G120/><T32/><D32/><U88/><E7/><V105/><F105/><W40/><G2/><T79/><D79/><AGARI ba="0,0" hai="53,58,63,79,83,84,92,94" m="20767,50250" machi="79" ten="30,1500,0" yaku="19,1" doraHai="66" who="2" fromWho="0" sc="350,-15,247,0,179,15,224,0" /><INIT seed="2,1,0,2,3,60" ten="335,247,194,224" oya="2" hai0="24,95,10,109,126,69,79,68,86,106,13,94,87" hai1="91,107,104,123,49,29,40,56,130,2,77,38,34" hai2="42,47,113,90,93,64,20,22,117,97,12,8,88" hai3="35,23,41,6,61,80,51,11,46,74,76,55,108"/><V57/><F113/><W101/><G108/><T75/><D106/><U5/><E91/><V19/><F117/><W18/><G35/><T112/><D112/><U63/><E49/><N who="2" m="26871" /><F90/><W73/><G101/><T48/><D109/><U0/><E130/><V3/><F3/><W92/><G92/><T124/><D75/><U132/><E132/><V99/><F99/><W111/><G111/><T127/><D24/><U17/><E123/><V125/><F125/><W54/><G61/><AGARI ba="1,0" hai="8,12,19,20,22,57,61,64,88,93,97" m="26871" machi="61" ten="30,5800,0" yaku="8,1,52,1,54,1" doraHai="60" who="2" fromWho="3" sc="335,0,247,0,194,61,224,-61" /><INIT seed="2,2,0,0,1,34" ten="335,247,255,163" oya="2" hai0="104,25,132,20,130,70,86,24,15,57,111,64,79" hai1="89,6,105,43,36,125,28,74,17,115,10,39,69" hai2="76,56,22,87,7,82,62,121,31,40,47,133,97" hai3="46,19,60,72,106,83,118,1,14,61,110,131,53"/><V66/><F133/><W54/><G110/><T37/><D111/><U92/><E115/><V8/><F121/><W21/><G118/><T38/><D104/><U96/><E69/><V102/><F31/><W112/><G131/><T41/><D132/><U100/><E125/><V33/><F22/><W113/><G106/><T27/><D130/><U124/><E124/><V107/><F33/><W13/><G72/><T26/><D70/><U16/><E74/><V32/><F32/><W71/><G83/><T128/><D128/><U135/><E28/><V59/><F59/><W77/><G77/><T116/><D116/><U94/><E105/><V127/><F127/><W12/><G1/><T58/><D15/><U73/><E73/><V91/><F91/><W2/><G2/><T35/><D35/><U81/><E81/><V109/><F109/><W55/><G46/><T44/><D37/><U9/><E135/><V129/><F129/><W45/><G45/><T18/><D64/><U67/><E67/><V68/><F68/><W88/><G88/><T42/><REACH who="0" step="1"/><D41/><REACH who="0" ten="325,247,255,163" step="2"/><U51/><E39/><V80/><F40/><W65/><REACH who="3" step="1"/><G61/><REACH who="3" ten="325,247,255,153" step="2"/><T119/><D119/><U101/><E36/><V48/><F107/><W114/><AGARI ba="2,2" hai="12,13,14,19,21,53,54,55,60,65,71,112,113,114" machi="114" ten="40,8000,1" yaku="1,1,2,1,0,1,11,1,53,0" doraHai="34" doraHaiUra="126" who="3" fromWho="3" sc="325,-22,247,-22,255,-42,153,106" /><INIT seed="3,0,0,5,1,93" ten="303,225,213,259" oya="3" hai0="69,58,6,76,42,92,120,90,100,18,26,0,32" hai1="49,98,127,72,86,47,135,7,73,39,31,55,129" hai2="11,118,84,106,80,123,38,45,8,53,62,77,96" hai3="126,122,20,10,110,112,125,66,34,103,16,24,115"/><W46/><G66/><T64/><D120/><U63/><E129/><V33/><F33/><W21/><G46/><T88/><D69/><U131/><E131/><V114/><F118/><W134/><G103/><T5/><D76/><U109/><E109/><V121/><F114/><N who="3" m="43563" /><G122/><N who="2" m="46601" /><F38/><W83/><G83/><T15/><D42/><U130/><E130/><V99/><F106/><W78/><G78/><T9/><D32/><U68/><E39/><V28/><F28/><N who="3" m="19719" /><G134/><T113/><D113/><U71/><E135/><V40/><F40/><W51/><G51/><T95/><D26/><U2/><E49/><N who="2" m="28847" /><F62/><W48/><G48/><T70/><D70/><U37/><E68/><V60/><F60/><W17/><G10/><AGARI ba="0,0" hai="8,10,11,77,80,84,96,99" m="28847,46601" machi="10" ten="30,3900,0" yaku="13,1,52,2" doraHai="93" who="2" fromWho="3" sc="303,0,225,0,213,39,259,-39" /><INIT seed="4,0,0,1,1,44" ten="303,225,252,220" oya="0" hai0="116,107,129,118,19,2,45,70,5,32,135,85,125" hai1="119,35,93,133,95,111,41,134,78,63,76,0,110" hai2="81,1,72,108,112,61,15,75,101,127,55,20,88" hai3="92,86,114,90,28,40,103,132,115,65,23,117,64"/><T97/><D70/><U8/><E63/><V73/><F1/><W59/><G117/><T49/><D32/><U100/><E41/><V42/><F108/><N who="1" m="41513" /><E35/><V48/><F127/><W102/><G132/><N who="1" m="50794" /><E8/><V109/><F112/><N who="3" m="43051" /><G40/><T50/><D135/><U79/><E0/><V7/><F101/><N who="3" m="38411" /><G59/><T24/><D107/><U87/><E119/><V98/><F109/><W120/><G120/><T27/><D125/><U13/><E13/><V131/><F131/><W68/><G68/><T52/><D129/><U21/><E21/><V130/><F130/><W43/><G43/><T36/><D36/><U34/><E34/><V128/><F128/><W121/><G121/><T33/><D33/><U71/><E71/><V3/><F61/><W83/><G92/><N who="1" m="35402" /><E100/><V94/><F42/><W12/><G28/><T113/><D113/><U14/><E14/><V30/><F3/><W69/><G69/><T124/><D124/><U126/><E126/><V62/><F62/><W10/><G23/><T84/><D2/><U89/><E89/><V67/><F67/><W4/><AGARI ba="0,0" hai="4,10,12,64,65,83,86,90" m="38411,43051" machi="4" ten="30,1100,0" yaku="15,1" doraHai="44" who="3" fromWho="3" sc="303,-5,225,-3,252,-3,220,11" /><INIT seed="5,0,0,0,0,60" ten="298,222,249,231" oya="1" hai0="99,11,103,107,130,25,45,44,84,135,37,122,119" hai1="57,87,64,123,100,42,67,129,97,55,31,27,5" hai2="83,19,106,108,98,128,49,104,9,59,56,121,76" hai3="48,89,41,102,126,115,86,7,46,85,93,20,74"/><U132/><E123/><V112/><F108/><W127/><G115/><T39/><D119/><U88/><E129/><V4/><F112/><W68/><G74/><T28/><D130/><U75/><E75/><V54/><F121/><W63/><G7/><T40/><D122/><U52/><E132/><V124/><F124/><N who="3" m="47659" /><G102/><T133/><D84/><U50/><E42/><V2/><F128/><W26/><G63/><T90/><D90/><U71/><E5/><V113/><F113/><W94/><G68/><T22/><D11/><U73/><E55/><V6/><F6/><W14/><G14/><T72/><D72/><U24/><E73/><V61/><F19/><N who="3" m="12575" /><G86/><T79/><D79/><U114/><E114/><V36/><F98/><W110/><G110/><T80/><D80/><AGARI ba="0,0" hai="41,46,48,80,85,89,93,94" m="12575,47659" machi="80" ten="30,1000,0" yaku="18,1" doraHai="60" who="3" fromWho="0" sc="298,-10,222,0,249,0,231,10" /><INIT seed="6,0,0,4,4,95" ten="288,222,249,241" oya="2" hai0="31,125,25,127,21,102,121,90,45,70,120,123,94" hai1="131,132,73,40,16,43,46,128,18,13,109,11,2" hai2="126,5,55,97,75,133,89,54,48,71,37,98,51" hai3="115,100,107,122,130,56,106,52,26,63,64,135,105"/><V119/><F119/><W4/><G122/><T79/><D70/><U35/><E109/><V114/><F75/><W103/><G130/><N who="1" m="49706" /><E73/><V101/><F37/><W72/><G135/><T88/><D79/><U81/><E132/><V129/><F71/><W74/><G4/><T82/><D45/><U91/><E35/><V50/><F133/><W86/><G115/><T85/><REACH who="0" step="1"/><D102/><REACH who="0" ten="278,222,249,241" step="2"/><U22/><E46/><V60/><F129/><W8/><G103/><T62/><D62/><U3/><E43/><V69/><F69/><W49/><G100/><T116/><D116/><U57/><E40/><V17/><F114/><W104/><G63/><T12/><D12/><N who="1" m="9479" /><E57/><V20/><F60/><W42/><G56/><T77/><D77/><U32/><E32/><V29/><F101/><W68/><G42/><T53/><D53/><U58/><E58/><V92/><F55/><W38/><G52/><T7/><D7/><U19/><E3/><V67/><F54/><W44/><G44/><T1/><D1/><U99/><E2/><V27/><F5/><W96/><G68/><T113/><D113/><U108/><E108/><V117/><F117/><W39/><G106/><T61/><D61/><U112/><E112/><V87/><F67/><W76/><G64/><T65/><D65/><U34/><E34/><V110/><F110/><W14/><G105/><T23/><D23/><U118/><E118/><V80/><F20/><W93/><G107/><T41/><D41/><U10/><E13/><V0/><F0/><W59/><G104/><T78/><D78/><U6/><E6/><V111/><F111/><RYUUKYOKU ba="0,1" sc="278,30,222,-10,249,-10,241,-10" hai0="21,25,31,82,85,88,90,94,120,121,123,125,127" /><INIT seed="7,1,1,0,1,33" ten="308,212,239,231" oya="3" hai0="86,91,66,135,18,41,7,46,62,78,77,120,23" hai1="117,52,56,121,82,93,12,79,101,105,43,17,95" hai2="112,2,106,27,13,59,111,118,72,114,116,40,26" hai3="67,8,50,15,81,92,130,134,74,51,24,132,129"/><W100/><G67/><T29/><D120/><U127/><E121/><V22/><F106/><W90/><G24/><N who="2" m="9257" /><F72/><W108/><G100/><T25/><D135/><N who="3" m="51753" /><G81/><T49/><D7/><U109/><E109/><V110/><F40/><W39/><G39/><T115/><D29/><U45/><E127/><V1/><F59/><W125/><G74/><T64/><D115/><N who="2" m="44074" /><F22/><W20/><G20/><T76/><D62/><U99/><E117/><N who="2" m="45163" /><F13/><W55/><G108/><AGARI ba="1,1" hai="1,2,108,110,111" m="45163,44074,9257" machi="108" ten="40,12000,2" yaku="28,2,15,1,34,2,52,2" doraHai="33" who="2" fromWho="3" sc="308,0,212,0,239,133,231,-123" owari="308,10.8,212,-18.8,372,47.2,108,-39.2" /></mjloggm>