<mjloggm ver="2.3"><GO type="225" lobby="0"/><UN n0="%E3%81%8C%E3%81%9F" n1="%E6%A3%AE%E5%B1%B1%E7%94%B0%E7%9B%B4%E5%A4%AA%E6%9C%97%E4%B9%8B%E4%BB%8B" n2="%E3%83%96%E3%83%83%E3%83%91%E3%82%AA%E3%83%96%E3%83%81%E3%82%AD%E3%83%B3" n3="%E5%8D%A0%E3%81%84%E5%B8%AB%E8%A3%8F%E3%81%AA%E3%81%84%E3%81%97" dan="17,16,16,17" rate="2177.65,2197.89,2167.13,2206.06" sx="F,M,M,M"/><TAIKYOKU oya="0"/><INIT seed="0,0,0,2,0,96" ten="250,250,250,250" oya="0" hai0="28,94,114,5,64,135,32,70,9,102,55,17,118" hai1="61,105,3,116,45,77,49,33,6,126,76,115,1" hai2="35,91,99,14,40,51,25,13,134,8,23,131,2" hai3="121,15,73,18,112,83,81,85,122,66,57,26,68"/><T72/><D114/><U95/><E33/><V106/><F35/><W133/><G112/><T7/><D118/><U22/><E105/><V31/><F134/><W97/><G133/><T65/><D72/><U128/><E115/><V34/><F131/><W125/><G68/><T12/><D135/><U54/><E116/><V38/><F38/><W119/><G125/><T20/><D70/><U42/><E126/><V58/><F34/><W44/><G119/><T74/><D74/><U130/><E95/><V21/><F21/><W92/><G26/><N who="0" m="16455" /><D32/><U27/><E61/><V84/><F2/><W63/><G73/><T90/><D55/><U71/><E54/><V123/><F123/><N who="3" m="47115" /><G44/><T53/><D53/><U101/><E101/><V103/><F58/><W88/><G85/><N who="0" m="52559" /><D102/><U48/><E71/><V113/><F113/><W86/><G86/><T19/><D19/><U129/><E48/><V132/><F132/><W46/><G46/><T120/><D120/><U124/><E124/><V60/><F51/><W82/><G82/><T52/><D52/><U111/><E129/><V16/><F84/><W24/><G24/><T39/><D39/><U37/><E37/><V117/><F25/><W10/><AGARI ba="0,0" hai="10,15,18,57,63,66,81,83,88,92,97" m="47115" machi="10" ten="30,2000,0" yaku="13,1,54,1" doraHai="96" who="3" fromWho="3" sc="250,-10,250,-5,250,-5,250,20" /><INIT seed="1,0,0,4,1,89" ten="240,245,245,270" oya="1" hai0="56,126,7,13,94,73,96,92,134,72,112,131,117" hai1="3,21,123,130,106,108,132,59,9,63,109,70,58" hai2="66,1,80,49,10,52,48,103,84,90,44,43,25" hai3="78,33,30,51,121,62,107,100,18,32,28,76,35"/><U40/><E123/><V39/><F66/><W98/><G121/><T119/><D112/><U65/><E106/><V67/><F67/><W116/><G116/><T27/><D131/><U93/><E130/><V111/><F111/><N who="1" m="42569" /><E132/><V6/><F103/><W45/><G62/><T12/><D134/><U16/><E40/><V115/><F115/><W53/><REACH who="3" step="1"/><G18/><REACH who="3" ten="240,245,245,260" step="2"/><T46/><D119/><U124/><E124/><V17/><F17/><W14/><G14/><T50/><D117/><U15/><E93/><V5/><F5/><AGARI ba="0,1" hai="3,5,9,15,16,21,58,59,63,65,70" m="42569" machi="5" ten="30,5800,0" yaku="14,1,10,1,54,1" doraHai="89" who="1" fromWho="2" sc="240,0,245,68,245,-58,260,0" /><INIT seed="1,1,0,3,4,12" ten="240,313,187,260" oya="1" hai0="89,94,31,43,109,76,3,116,127,7,99,122,66" hai1="22,126,55,26,60,61,95,85,71,115,111,57,44" hai2="97,73,96,36,1,27,112,18,38,128,13,35,74" hai3="82,64,2,102,30,120,124,47,50,32,59,34,81"/><U62/><E115/><V28/><F1/><W84/><G120/><T117/><D122/><U129/><E129/><V41/><F128/><W104/><G2/><T51/><D109/><U86/><E111/><V67/><F112/><W24/><G124/><T4/><D127/><U75/><E75/><V91/><F67/><W52/><G32/><T68/><D31/><U93/><E44/><V29/><F29/><W108/><G108/><T123/><D123/><U80/><E126/><V33/><F33/><W25/><G25/><T134/><D134/><U17/><E85/><V54/><F54/><W92/><G104/><T0/><D76/><U8/><E8/><V110/><F110/><W100/><G92/><N who="1" m="35402" /><E71/><V121/><F121/><W133/><G133/><T65/><D68/><U107/><E107/><V56/><F74/><W58/><G82/><T101/><D3/><U113/><E113/><V119/><F73/><W79/><REACH who="3" step="1"/><G64/><REACH who="3" ten="240,313,187,250" step="2"/><T132/><D0/><U23/><E23/><V15/><F35/><W87/><G87/><T42/><D132/><U78/><AGARI ba="1,1" hai="17,22,26,55,57,60,61,62,78,80,86" m="35402" machi="78" ten="30,3000,0" yaku="8,1,52,1" doraHai="12" who="1" fromWho="1" sc="240,-11,313,43,187,-11,250,-11" /><INIT seed="1,2,0,2,3,101" ten="229,356,176,239" oya="1" hai0="38,70,34,73,125,8,107,3,28,117,65,132,67" hai1="23,71,121,19,45,83,109,11,134,15,30,131,12" hai2="128,76,24,56,35,17,43,103,40,129,92,108,25" hai3="80,115,75,41,16,51,90,97,68,77,89,6,111"/><U57/><E71/><V2/><F2/><W130/><G115/><T27/><RYUUKYOKU type="yao9" ba="2,0" sc="229,0,356,0,176,0,239,0" hai0="3,8,27,28,34,38,65,67,70,73,107,117,125,132" /><INIT seed="1,3,0,0,0,62" ten="229,356,176,239" oya="1" hai0="68,72,37,38,115,43,103,86,102,8,53,70,134" hai1="66,31,2,84,126,55,39,105,40,132,106,80,19" hai2="67,6,49,74,120,82,117,11,133,116,77,92,42" hai3="21,113,9,44,124,10,35,0,94,1,54,98,63"/><U46/><E31/><V128/><F120/><W34/><G113/><T64/><D115/><U59/><E2/><V81/><F128/><W24/><G124/><T45/><D72/><U7/><E7/><V73/><F133/><W109/><G109/><T16/><D134/><U112/><E112/><V79/><F92/><W25/><G44/><T22/><D38/><U3/><E3/><V5/><F42/><W50/><G63/><T118/><D118/><U36/><E36/><V135/><F135/><W12/><G54/><T125/><D125/><U56/><E132/><V119/><F49/><W99/><G50/><T61/><D70/><U129/><E19/><V52/><F52/><W60/><G60/><T127/><D127/><U101/><E126/><V17/><REACH who="2" step="1"/><F67/><REACH who="2" ten="229,356,166,239" step="2"/><W122/><G94/><T48/><D64/><U14/><E66/><V107/><F107/><W28/><G122/><T108/><D43/><U89/><E129/><V93/><F93/><W23/><G99/><T114/><D37/><U20/><E55/><V96/><F96/><W29/><G98/><T58/><D114/><U104/><E101/><V27/><F27/><W88/><G88/><T91/><D103/><U90/><E90/><V111/><F111/><W130/><G130/><T26/><D102/><U18/><AGARI ba="3,1" hai="14,18,20,39,40,46,56,59,80,84,89,104,105,106" machi="18" ten="40,2100,0" yaku="0,1" doraHai="62" who="1" fromWho="1" sc="229,-10,356,40,166,-10,239,-10" /><INIT seed="1,4,0,4,2,133" ten="219,396,156,229" oya="1" hai0="43,16,88,134,114,65,8,70,64,24,87,5,80" hai1="74,118,84,109,37,128,92,57,112,63,73,41,34" hai2="55,28,12,101,29,91,47,93,50,3,48,124,32" hai3="26,99,36,103,125,30,96,18,31,10,76,0,61"/><U111/><E34/><V20/><F3/><W23/><G36/><T6/><D114/><U69/><E69/><V62/><F32/><W94/><G125/><T1/><D134/><U115/><E128/><V9/><F124/><W100/><G76/><T53/><D70/><U85/><E118/><V27/><F101/><W126/><G126/><T97/><D43/><U117/><E117/><V60/><F50/><W120/><G120/><T81/><D5/><U58/><E92/><V7/><REACH who="2" step="1"/><F29/><REACH who="2" ten="219,396,146,229" step="2"/><W119/><G30/><T52/><D97/><AGARI ba="4,1" hai="7,9,12,20,27,28,47,48,55,60,62,91,93,97" machi="97" ten="30,7700,0" yaku="1,1,2,1,7,1,8,1,53,0" doraHai="133" doraHaiUra="77" who="2" fromWho="0" sc="219,-89,396,0,146,99,229,0" /><INIT seed="2,0,0,2,4,34" ten="130,396,245,229" oya="2" hai0="50,0,130,62,41,72,7,125,63,71,124,108,79" hai1="36,58,15,32,109,3,122,127,65,132,107,121,18" hai2="51,115,126,78,66,30,95,118,88,86,69,12,26" hai3="49,20,85,64,8,13,16,92,14,2,5,29,93"/><V54/><F115/><W111/><G111/><T68/><D108/><U81/><E36/><V120/><F126/><N who="0" m="48746" /><D79/><U75/><E107/><V35/><F118/><W4/><G64/><T133/><D72/><U96/><E32/><V134/><F134/><W10/><G29/><T116/><D7/><U91/><E75/><V106/><F120/><W11/><G11/><T52/><D133/><U99/><E132/><V38/><F38/><W101/><G101/><T76/><D76/><U39/><E39/><V82/><F106/><W105/><G105/><T113/><D113/><U22/><E127/><V117/><F117/><W28/><G28/><T112/><D112/><U40/><E109/><V135/><F135/><W19/><G4/><T103/><D103/><U98/><E40/><V31/><F31/><W33/><G33/><T6/><D6/><U57/><E65/><V23/><F66/><W131/><G131/><T110/><D116/><U45/><E45/><V25/><F69/><N who="0" m="26698" /><D110/><U123/><E91/><V83/><F78/><W47/><REACH who="3" step="1"/><G85/><REACH who="3" ten="130,396,245,219" step="2"/><T70/><D130/><U77/><E121/><V24/><F35/><W129/><G129/><T97/><D97/><U89/><E122/><V100/><F100/><W90/><G90/><T87/><D87/><N who="1" m="48559" /><E123/><V21/><F88/><W119/><G119/><T43/><D0/><U1/><E89/><V114/><F86/><W17/><G17/><T104/><D104/><U74/><E74/><V128/><F128/><W94/><G94/><T61/><N who="0" m="26706" /><T73/><DORA hai="102" /><D73/><U46/><E1/><V55/><F95/><W53/><AGARI ba="0,1" hai="2,5,8,10,13,14,16,19,20,47,49,53,92,93" machi="53" ten="20,12000,2" yaku="1,1,5,1,0,1,7,1,52,1,54,1,53,0" doraHai="34,102" doraHaiUra="27,80" who="3" fromWho="3" sc="130,-30,396,-30,245,-60,219,130" /><INIT seed="3,0,0,4,0,119" ten="100,366,185,349" oya="3" hai0="25,94,88,19,64,67,49,60,99,103,89,44,42" hai1="72,0,56,27,68,53,79,5,22,51,97,37,126" hai2="111,80,125,33,8,14,133,117,105,109,71,63,58" hai3="40,32,107,23,43,70,101,74,50,34,46,29,78"/><W7/><G70/><T20/><REACH who="0" step="1"/><D67/><REACH who="0" ten="90,366,185,349" step="2"/><U15/><E126/><V75/><F117/><W92/><G107/><T81/><D81/><U31/><E68/><V131/><F71/><W98/><G7/><T84/><D84/><U90/><E5/><V36/><F105/><W104/><G104/><T122/><D122/><U112/><E72/><V73/><F125/><W1/><G1/><T11/><D11/><U55/><E0/><V66/><F131/><W10/><G10/><T113/><D113/><U115/><E115/><V128/><F128/><W116/><G116/><T62/><D62/><U48/><E112/><V69/><F133/><W16/><G29/><T135/><D135/><U4/><E31/><V24/><F69/><W102/><G102/><T38/><D38/><U45/><E37/><V127/><F36/><W3/><G3/><T26/><D26/><U21/><E27/><V114/><F127/><W106/><G106/><T35/><D35/><U93/><E79/><V6/><F114/><W85/><G74/><T100/><D100/><U110/><E110/><N who="2" m="41995" /><F80/><N who="3" m="47255" /><G32/><T65/><D65/><U134/><E134/><V86/><F86/><W13/><G34/><T39/><D39/><U12/><E4/><V108/><N who="2" m="42003" /><V52/><DORA hai="96" /><F66/><W17/><G17/><T9/><D9/><U47/><E21/><V95/><F95/><W132/><G132/><T41/><D41/><AGARI ba="0,1" hai="13,16,23,40,41,43,46,50,92,98,101" m="47255" machi="41" ten="30,5800,0" yaku="8,1,52,1,54,1" doraHai="119,96" who="3" fromWho="0" sc="90,-58,366,0,185,0,349,68" owari="32,-46.8,366,16.6,185,-21.5,417,51.7" /></mjloggm>