<mjloggm ver="2.3"><GO type="225" lobby="0"/><UN n0="%E3%83%B4%E3%83%A0%EF%BC%99%E3%81%A6" n1="%E4%BF%BA%E3%81%A8%E5%A6%96%E5%A4%A2" n2="%40%77%61%6B%61" n3="%E3%81%BF%E3%81%BF%E3%81%9A" dan="17,16,16,17" rate="2116.11,2116.96,2070.61,2258.49" sx="M,F,M,M"/><TAIKYOKU oya="0"/><INIT seed="0,0,0,2,3,10" ten="250,250,250,250" oya="0" hai0="29,123,7,78,58,130,17,24,132,106,120,13,19" hai1="32,3,73,51,45,76,41,95,114,124,118,110,26" hai2="57,71,119,69,131,82,52,77,72,84,33,43,31" hai3="116,5,54,100,44,99,98,18,2,111,94,22,6"/><T128/><D106/><U0/><E118/><V68/><F131/><N who="0" m="50218" /><D78/><U48/><E110/><V27/><F43/><W46/><G116/><T56/><D132/><U93/><E124/><V62/><REACH who="2" step="1"/><F119/><REACH who="2" ten="250,250,240,250" step="2"/><W129/><G129/><T109/><D109/><U103/><E41/><V127/><F127/><W21/><G111/><T89/><D120/><U30/><E114/><V35/><F35/><W90/><G2/><T40/><D123/><U102/><E3/><V67/><F67/><W91/><G54/><T92/><D40/><U115/><E0/><V37/><F37/><W34/><G34/><N who="0" m="20775" /><D7/><U14/><E32/><V133/><F133/><W97/><G5/><T105/><D105/><U81/><E115/><V4/><F4/><W79/><G6/><T86/><D19/><U80/><E30/><V36/><F36/><W53/><G18/><T96/><D96/><U66/><E66/><V70/><N who="2" m="17408" /><DORA hai="49" /><V28/><F28/><W20/><G53/><T1/><D1/><U63/><E76/><V25/><F25/><W112/><G79/><T15/><D15/><U8/><E26/><V42/><F42/><W135/><G135/><T107/><D107/><U55/><E14/><V88/><F88/><N who="3" m="33835" /><G112/><T85/><D17/><U9/><E55/><V83/><F83/><W38/><G38/><T125/><D125/><U12/><E12/><V126/><F126/><W65/><G65/><T64/><D13/><U101/><E81/><V47/><F47/><AGARI ba="0,1" hai="20,21,22,44,46,47,94,97,98,99,100" m="33835" machi="47" ten="30,2000,0" yaku="8,1,54,1" doraHai="10,49" who="3" fromWho="2" sc="250,0,250,0,240,-20,250,30" /><INIT seed="1,0,0,3,3,26" ten="250,250,220,280" oya="1" hai0="109,122,130,124,15,58,96,131,30,82,27,114,101" hai1="3,60,13,34,21,94,100,81,2,106,29,92,38" hai2="41,123,67,87,88,90,43,19,73,53,85,18,35" hai3="20,105,127,132,111,99,102,50,103,69,93,86,126"/><U110/><E38/><V10/><F73/><W65/><G111/><T78/><D114/><U12/><E106/><V66/><F35/><W116/><G132/><T115/><D115/><U118/><E118/><V40/><F10/><W63/><G116/><T113/><D113/><U42/><E42/><V37/><F40/><W135/><G135/><T98/><D109/><U4/><E34/><V57/><F57/><W9/><G20/><N who="0" m="15719" /><D124/><N who="3" m="47657" /><G50/><T104/><D122/><U5/><E110/><V25/><F25/><W89/><G103/><T33/><D33/><U83/><E21/><V46/><F46/><W108/><G108/><T32/><D32/><U64/><E100/><V11/><F11/><AGARI ba="0,0" hai="9,11,63,65,69,86,89,93,99,102,105" m="47657" machi="11" ten="30,1000,0" yaku="18,1" doraHai="26" who="3" fromWho="2" sc="250,0,250,0,220,-10,280,10" /><INIT seed="2,0,0,5,5,28" ten="250,250,210,290" oya="2" hai0="35,22,13,99,54,111,96,4,126,93,41,62,113" hai1="33,55,84,79,81,24,38,131,18,12,104,117,42" hai2="19,133,1,127,92,125,87,74,57,32,75,119,129" hai3="47,103,60,3,11,102,118,30,56,45,21,65,70"/><V10/><F119/><W14/><G118/><T130/><D113/><U34/><E117/><V98/><F129/><W9/><G70/><T82/><D130/><U107/><E131/><V7/><F133/><W112/><G3/><T16/><D111/><U78/><E24/><V132/><F132/><W31/><G112/><T86/><D126/><N who="2" m="48138" /><F87/><W124/><G9/><N who="0" m="4263" /><D35/><U64/><E64/><V116/><F116/><W105/><G105/><T95/><D41/><U90/><E107/><V106/><F106/><W36/><G36/><T58/><D96/><U39/><E104/><V69/><F69/><W27/><G30/><T121/><D99/><U68/><E68/><V23/><F57/><W50/><G124/><T101/><D101/><N who="3" m="38409" /><G50/><T63/><D63/><U44/><E39/><V100/><F32/><W37/><G37/><T122/><D122/><U17/><E78/><V29/><F29/><W8/><G8/><T123/><D123/><U46/><E79/><V66/><F66/><W51/><G51/><T97/><D121/><U91/><E91/><V80/><F80/><W135/><G135/><T6/><D97/><U83/><E83/><V94/><F94/><W26/><G26/><AGARI ba="0,0" hai="1,7,10,19,23,26,74,75,92,98,100" m="48138" machi="26" ten="30,1500,0" yaku="18,1" doraHai="28" who="2" fromWho="3" sc="250,0,250,0,210,15,290,-15" /><INIT seed="2,1,0,5,3,21" ten="250,250,225,275" oya="2" hai0="71,105,60,93,87,122,96,18,45,41,76,58,82" hai1="91,131,17,70,63,46,48,6,116,56,123,43,92" hai2="75,135,64,10,94,97,30,118,1,28,81,68,80" hai3="51,90,106,26,23,13,33,69,15,19,50,20,83"/><V102/><F118/><W22/><G106/><T59/><D122/><U114/><E116/><V57/><F135/><W130/><G69/><T25/><D105/><U12/><E114/><V77/><F68/><W134/><G134/><T2/><D2/><U127/><E123/><V35/><F35/><W103/><G130/><T66/><D18/><U31/><E131/><V78/><F64/><W95/><G33/><T101/><REACH who="0" step="1"/><D25/><REACH who="0" ten="240,250,225,275" step="2"/><U52/><E127/><V119/><F119/><W73/><G13/><T129/><D129/><U40/><E6/><V49/><F1/><W107/><G107/><T24/><D24/><U99/><E31/><V44/><F10/><W115/><G115/><T38/><AGARI ba="1,1" hai="38,41,45,58,59,60,66,71,76,82,87,93,96,101" machi="38" ten="20,2700,0" yaku="1,1,0,1,7,1,53,0" doraHai="21" doraHaiUra="125" who="0" fromWho="0" sc="240,40,250,-8,225,-14,275,-8" /><INIT seed="3,0,0,1,1,119" ten="280,242,211,267" oya="3" hai0="9,68,1,120,3,105,5,110,53,126,122,52,65" hai1="113,35,101,104,95,36,79,14,47,10,55,58,63" hai2="13,2,29,99,87,80,97,109,31,88,42,44,132" hai3="77,34,66,91,25,82,37,93,33,54,27,69,96"/><W100/><G37/><T124/><D105/><U56/><E104/><V39/><F2/><W89/><G54/><N who="0" m="21099" /><D110/><U23/><E35/><V17/><F109/><W81/><G66/><T43/><D43/><U32/><E32/><V94/><F132/><W116/><G69/><T30/><D30/><U130/><E113/><V131/><F131/><W92/><G96/><T127/><D1/><U98/><E130/><V67/><F67/><W76/><REACH who="3" step="1"/><G100/><REACH who="3" ten="280,242,211,257" step="2"/><T114/><D114/><U117/><E36/><V20/><REACH who="2" step="1"/><F99/><REACH who="2" ten="280,242,201,257" step="2"/><W83/><G83/><T28/><D65/><U125/><E98/><V103/><AGARI ba="0,2" hai="13,17,20,29,31,39,42,44,80,87,88,94,97,103" machi="103" ten="20,8000,1" yaku="1,1,2,1,0,1,7,1,54,1,53,0" doraHai="119" doraHaiUra="59" who="2" fromWho="2" sc="280,-20,242,-20,201,100,257,-40" owari="260,6.0,222,-17.8,301,40.1,217,-28.3" /></mjloggm>