<mjloggm ver="2.3"><GO type="169" lobby="0"/><UN n0="%E3%81%B7%E3%81%B7%E3%81%B7%E3%82%93%E3%81%B7" n1="%E3%83%A9%E3%83%BC%E3%83%9F%E3%82%A2" n2="%E8%AA%B2%E9%95%B7%E8%A6%96%E9%87%8E%E7%8B%AD%E7%AA%84" n3="%E7%94%9F%E5%BE%92%E4%BC%9A%E3%80%90%E5%BA%8F%E3%80%91" dan="16,16,16,17" rate="2025.53,2045.76,2172.82,2151.02" sx="M,F,M,M"/><TAIKYOKU oya="0"/><INIT seed="0,0,0,0,1,104" ten="250,250,250,250" oya="0" hai0="128,66,53,25,28,43,125,129,87,108,40,61,16" hai1="69,98,73,133,74,27,83,5,116,80,81,120,106" hai2="37,84,127,51,9,92,34,54,11,95,135,21,110" hai3="132,93,94,91,100,111,102,50,44,107,46,56,47"/><T72/><D72/><U88/><E69/><V49/><F34/><W89/><G111/><T99/><D108/><U97/><E5/><V19/><F37/><W52/><G132/><T20/><D125/><U105/><E27/><V6/><F51/><W78/><G78/><T119/><D119/><U60/><E60/><V57/><F135/><W17/><G107/><N who="1" m="40970" /><E133/><V18/><F127/><W109/><G109/><T35/><D99/><N who="1" m="37899" /><E116/><V12/><F110/><W113/><G113/><T76/><D53/><U79/><E120/><V36/><F36/><W3/><G3/><T75/><D75/><N who="1" m="28683" /><E79/><V118/><F118/><W62/><G62/><T24/><D61/><U30/><E30/><V4/><F19/><W38/><G38/><T70/><D70/><U63/><E63/><V96/><F6/><W1/><G1/><T59/><D59/><U131/><E131/><N who="0" m="50249" /><D66/><U114/><E114/><V41/><F4/><W8/><G8/><T101/><D101/><N who="3" m="39017" /><G17/><T26/><D26/><U117/><E117/><V122/><F122/><W90/><AGARI ba="0,0" hai="44,46,47,50,52,56,89,90,91,93,94" m="39017" machi="90" ten="40,2700,0" yaku="8,1,54,1" doraHai="104" who="3" fromWho="3" sc="250,-13,250,-7,250,-7,250,27" /><INIT seed="1,0,0,5,2,63" ten="237,243,243,277" oya="1" hai0="32,109,34,9,23,92,112,43,97,33,80,30,131" hai1="69,111,105,96,45,20,118,133,108,48,68,66,52" hai2="77,6,132,38,51,91,35,75,130,115,107,127,79" hai3="114,82,106,83,62,21,103,22,36,126,55,18,24"/><U90/><E118/><V29/><F38/><W40/><G114/><T135/><D112/><U129/><E133/><V44/><F107/><W100/><G126/><T15/><D135/><U88/><E129/><V64/><F75/><W31/><G36/><T4/><D131/><U81/><E20/><V2/><F127/><W98/><G40/><T110/><D80/><U87/><E66/><V13/><F2/><W25/><G103/><T53/><D43/><U26/><E26/><V101/><F101/><W58/><AGARI ba="0,0" hai="18,21,22,24,25,31,55,58,62,82,83,98,100,106" machi="58" ten="30,1100,0" yaku="0,1" doraHai="63" who="3" fromWho="3" sc="237,-3,243,-5,243,-3,277,11" /><INIT seed="2,0,0,4,4,20" ten="234,238,240,288" oya="2" hai0="120,29,56,63,26,119,13,5,34,67,65,28,22" hai1="94,75,14,21,98,44,111,39,90,103,18,7,122" hai2="109,9,72,91,87,97,66,59,32,3,69,0,68" hai3="58,15,100,36,92,33,57,106,38,42,71,121,49"/><V73/><F32/><W107/><G33/><T61/><D120/><U16/><E75/><V124/><F73/><W130/><G71/><T89/><D119/><U96/><E122/><V78/><F69/><W126/><G121/><T135/><D135/><U43/><E111/><V110/><F68/><W81/><G126/><T17/><D89/><U95/><E18/><V27/><F124/><W70/><G70/><T19/><D5/><U31/><E7/><V117/><F78/><W116/><G130/><T47/><D47/><U79/><REACH who="1" step="1"/><E79/><REACH who="1" ten="234,228,240,288" step="2"/><V129/><F72/><W55/><G116/><T24/><D13/><U114/><E114/><V104/><F117/><W12/><G12/><T53/><REACH who="0" step="1"/><D63/><REACH who="0" ten="224,228,240,288" step="2"/><U1/><E1/><V102/><F3/><W50/><G15/><T37/><D37/><U128/><E128/><V10/><F129/><W25/><G36/><T84/><D84/><U41/><E41/><V8/><F0/><W23/><G38/><T112/><D112/><U64/><E64/><AGARI ba="0,2" hai="17,19,22,24,26,28,29,34,53,56,61,64,65,67" machi="64" ten="40,5200,0" yaku="1,1,52,2,53,0" doraHai="20" doraHaiUra="2" who="0" fromWho="1" sc="224,72,228,-52,240,0,288,0" /><INIT seed="3,0,0,4,1,39" ten="296,176,240,288" oya="3" hai0="112,55,1,10,107,130,110,117,111,30,89,80,115" hai1="99,134,86,46,18,93,69,3,62,6,97,58,27" hai2="109,44,102,95,21,54,87,84,57,40,43,85,71" hai3="81,113,41,101,76,47,7,11,34,77,83,32,129"/><W103/><G113/><N who="0" m="43595" /><D107/><U90/><E134/><V114/><F71/><W82/><G129/><T37/><D37/><U25/><E69/><V56/><F114/><W17/><G17/><T126/><D30/><U22/><E25/><V116/><F116/><W121/><G121/><T79/><D130/><U72/><E72/><V124/><F109/><N who="0" m="41482" /><D126/><U28/><E28/><V31/><F124/><W108/><G108/><T50/><D89/><U100/><E46/><V8/><F44/><W66/><G66/><T59/><D117/><U9/><REACH who="1" step="1"/><E100/><REACH who="1" ten="296,166,240,288" step="2"/><V38/><F102/><W51/><G103/><T68/><D68/><U75/><E75/><V94/><F31/><W125/><G101/><T29/><D29/><U92/><E92/><V88/><F95/><W132/><G125/><T5/><D80/><U128/><E128/><V24/><F94/><W131/><G131/><T73/><D73/><U133/><E133/><V15/><F24/><W0/><REACH who="3" step="1"/><G132/><REACH who="3" ten="296,166,240,278" step="2"/><T61/><D79/><AGARI ba="0,2" hai="0,7,11,32,34,41,47,51,76,77,79,81,82,83" machi="79" ten="40,7700,0" yaku="1,1,2,1,52,1,53,0" doraHai="39" doraHaiUra="119" who="3" fromWho="0" sc="296,-77,166,0,240,0,278,97" /><INIT seed="3,1,0,4,5,102" ten="219,166,240,375" oya="3" hai0="6,60,91,127,22,1,54,108,57,5,135,125,72" hai1="12,9,23,113,111,32,95,67,76,69,51,87,90" hai2="65,17,106,126,68,99,43,79,129,3,105,73,39" hai3="46,45,40,15,28,70,84,82,31,19,89,42,88"/><W109/><G70/><T27/><D72/><U104/><E113/><V21/><F3/><W85/><G109/><T7/><D108/><U25/><E111/><V112/><F112/><W114/><G114/><T97/><D135/><U128/><E32/><V78/><F78/><W30/><G45/><T117/><D117/><U35/><E35/><V44/><F99/><W10/><REACH who="3" step="1"/><G46/><REACH who="3" ten="219,166,240,365" step="2"/><T4/><D1/><U86/><E69/><V75/><F68/><W122/><G122/><T48/><D125/><U29/><E128/><V124/><F129/><W103/><G103/><T36/><D127/><U52/><E67/><V100/><F124/><W92/><AGARI ba="1,1" hai="10,15,19,28,30,31,40,42,82,84,85,88,89,92" machi="92" ten="30,18000,2" yaku="1,1,0,1,8,1,54,1,53,2" doraHai="102" doraHaiUra="37" who="3" fromWho="3" sc="219,-61,166,-61,240,-61,365,193" /><INIT seed="3,2,0,0,0,91" ten="158,105,179,558" oya="3" hai0="88,131,113,15,75,112,81,85,84,64,70,9,36" hai1="98,14,60,76,78,93,115,119,110,11,56,65,86" hai2="18,71,114,99,69,31,125,77,89,52,47,92,33" hai3="73,25,46,59,21,16,83,124,51,17,133,39,101"/><W5/><G124/><T128/><D36/><U94/><E115/><N who="0" m="44105" /><D64/><U10/><E110/><V118/><F125/><W107/><G133/><T117/><D70/><U68/><E68/><V30/><F118/><W20/><G39/><T120/><D117/><U87/><E119/><V24/><F114/><W63/><G5/><N who="0" m="3503" /><D120/><U123/><E123/><V7/><F7/><W135/><G135/><T12/><D12/><U19/><E11/><V62/><F30/><W26/><G107/><T82/><D75/><U40/><E40/><V45/><F77/><AGARI ba="2,0" hai="77,81,82,84,85,88,128,131" m="3503,44105" machi="77" ten="30,2000,0" yaku="11,1,54,1" doraHai="91" who="0" fromWho="2" sc="158,26,105,0,179,-26,558,0" /><INIT seed="4,0,0,3,5,116" ten="184,105,153,558" oya="0" hai0="28,1,53,75,7,81,127,42,119,131,64,110,69" hai1="91,68,38,90,118,12,82,33,32,99,40,9,13" hai2="122,79,24,93,59,128,35,84,34,107,113,78,117" hai3="6,23,43,3,96,22,105,27,30,133,100,121,71"/><T66/><D119/><U17/><E118/><V76/><F117/><W21/><G71/><T108/><D28/><U86/><E68/><V115/><F107/><W97/><G133/><T111/><D7/><U83/><E38/><V25/><F59/><W98/><G43/><T52/><D1/><U112/><E112/><N who="2" m="43083" /><F84/><W70/><G70/><T88/><D127/><U18/><E40/><V61/><F93/><W95/><G121/><T51/><D131/><U55/><E55/><N who="0" m="21065" /><D69/><U56/><E56/><V16/><F61/><W60/><G60/><T109/><N who="0" m="27648" /><DORA hai="106" /><T130/><D130/><U46/><E46/><V44/><F44/><W94/><G3/><T135/><D135/><U47/><E47/><V2/><F2/><W114/><G114/><T39/><D39/><U8/><REACH who="1" step="1"/><E99/><REACH who="1" ten="184,95,153,558" step="2"/><V45/><F128/><W14/><G98/><T65/><D42/><U124/><E124/><V85/><F45/><W4/><G97/><T36/><D36/><U63/><E63/><V74/><F85/><AGARI ba="0,1" hai="8,9,12,13,17,18,32,33,82,83,85,86,90,91" machi="85" ten="40,12000,2" yaku="1,1,32,3,53,2" doraHai="116,106" doraHaiUra="77,67" who="1" fromWho="2" sc="184,0,95,130,153,-120,558,0" /><INIT seed="5,0,0,1,1,86" ten="184,225,33,558" oya="1" hai0="24,11,83,128,92,94,27,79,16,74,134,117,9" hai1="48,45,112,36,133,118,105,78,37,115,25,40,76" hai2="106,15,82,126,6,64,66,14,5,77,119,89,4" hai3="39,46,61,0,53,26,90,107,43,88,68,72,87"/><U1/><E118/><V123/><F119/><W58/><G72/><T18/><D117/><U132/><E1/><V57/><F123/><W110/><G107/><T91/><D128/><U28/><E105/><V114/><F106/><W102/><G110/><T29/><D134/><N who="1" m="51819" /><E76/><V131/><F131/><W111/><G111/><T130/><D130/><U62/><E78/><V7/><N who="2" m="1024" /><DORA hai="75" /><V19/><F126/><W108/><G0/><T35/><D94/><U51/><E25/><V85/><F114/><N who="1" m="43561" /><E28/><V127/><F127/><W125/><G125/><T55/><D55/><U20/><E20/><V67/><F57/><W31/><G102/><T41/><D41/><U93/><E93/><V47/><F47/><W84/><G68/><T13/><D24/><U113/><N who="1" m="43569" /><U33/><DORA hai="56" /><E33/><V22/><REACH who="2" step="1"/><F15/><REACH who="2" ten="184,225,23,558" step="2"/><W109/><G109/><T73/><D73/><U129/><E129/><V122/><F122/><W100/><G108/><T135/><D135/><U65/><E37/><V101/><F101/><W12/><G100/><T103/><D103/><U2/><E2/><V44/><F44/><W96/><G12/><T69/><D69/><AGARI ba="0,1" hai="36,40,45,48,51,62,65,69" m="43569,51819" machi="69" ten="40,12000,1" yaku="20,1,15,1,34,2,52,1" doraHai="86,75,56" who="1" fromWho="0" sc="184,-120,225,130,23,0,558,0" /><INIT seed="5,1,0,3,0,128" ten="64,355,23,558" oya="1" hai0="91,62,98,61,33,41,76,79,131,35,88,90,54" hai1="71,10,106,110,16,2,31,115,14,55,3,66,109" hai2="49,135,4,80,56,113,42,111,123,44,27,21,82" hai3="75,126,40,8,43,105,121,127,67,107,15,92,86"/><U119/><E119/><V48/><F123/><W70/><G75/><T13/><D131/><U45/><E106/><V29/><F111/><N who="1" m="42505" /><E31/><V114/><F4/><W129/><G121/><T37/><D37/><U0/><E115/><N who="2" m="44043" /><F135/><W5/><G129/><T9/><D41/><U32/><E32/><V125/><F125/><W22/><G105/><T57/><D62/><N who="1" m="40407" /><E45/><N who="2" m="25655" /><F56/><W23/><G107/><T100/><D35/><U51/><E51/><V77/><F77/><N who="0" m="29770" /><D33/><U89/><E55/><AGARI ba="1,0" hai="21,27,29,44,49,55,80,82" m="25655,44043" machi="55" ten="30,2000,0" yaku="15,1,11,1" doraHai="128" who="2" fromWho="1" sc="64,0,355,-23,23,23,558,0" /><INIT seed="6,0,0,2,1,101" ten="64,332,46,558" oya="2" hai0="68,129,83,54,26,49,119,106,31,25,84,20,76" hai1="97,79,4,109,66,81,23,107,16,13,28,51,90" hai2="8,10,60,45,110,42,80,50,15,34,47,22,95" hai3="134,108,71,0,40,72,82,111,36,105,35,62,115"/><V127/><F34/><W6/><RYUUKYOKU type="yao9" ba="0,0" sc="64,0,332,0,46,0,558,0" hai3="0,6,35,36,40,62,71,72,82,105,108,111,115,134" /><INIT seed="6,1,0,2,4,101" ten="64,332,46,558" oya="2" hai0="14,43,45,100,69,115,110,76,44,88,19,38,129" hai1="126,92,58,117,25,89,40,67,94,104,134,93,32" hai2="84,12,87,82,81,70,103,41,15,124,128,79,73" hai3="3,95,10,123,71,50,27,33,107,9,23,51,42"/><V102/><F70/><W99/><G71/><T120/><D110/><U61/><E117/><V97/><F41/><W49/><G33/><T56/><D120/><U113/><E113/><V22/><F128/><W1/><G107/><T106/><D69/><U2/><E2/><V127/><F22/><W5/><G123/><T59/><D129/><U54/><E126/><N who="2" m="48171" /><F73/><W16/><G42/><T7/><D7/><U57/><E134/><V83/><F83/><W105/><G105/><T116/><D116/><U130/><E130/><V72/><F72/><W90/><G10/><T17/><D76/><U64/><E40/><V21/><F21/><W63/><G63/><T39/><D115/><U78/><E78/><N who="2" m="46135" /><F103/><W119/><G119/><T86/><D39/><U131/><E131/><V6/><F6/><W132/><REACH who="3" step="1"/><G132/><REACH who="3" ten="64,332,46,548" step="2"/><T55/><D38/><U28/><E104/><AGARI ba="1,1" hai="12,15,79,82,87,97,102,104" m="46135,48171" machi="104" ten="30,2900,0" yaku="18,1,52,1" doraHai="101" who="2" fromWho="1" sc="64,0,332,-32,46,42,548,0" /><INIT seed="6,2,0,5,5,135" ten="64,300,88,548" oya="2" hai0="15,49,88,14,61,93,122,50,87,40,90,65,115" hai1="74,67,16,57,79,55,121,100,32,126,77,63,11" hai2="35,69,75,51,24,81,107,26,123,86,95,13,84" hai3="45,94,101,9,85,133,83,105,89,125,117,20,130"/><V127/><F123/><W37/><G117/><T82/><D122/><U56/><E121/><V36/><F36/><W70/><G70/><T134/><D134/><U54/><E32/><V71/><F107/><W0/><G133/><T8/><D115/><U4/><E74/><V111/><F75/><W128/><G105/><T5/><D15/><U129/><E129/><N who="3" m="49770" /><G20/><T66/><D40/><U97/><E126/><V46/><F127/><W68/><G68/><T114/><D114/><U104/><E67/><N who="0" m="25609" /><D61/><U30/><E30/><V73/><F71/><W76/><G125/><T38/><D38/><U23/><E11/><V110/><F69/><W31/><G31/><T2/><D2/><U27/><REACH who="1" step="1"/><E4/><REACH who="1" ten="64,290,88,548" step="2"/><V43/><F35/><W108/><G9/><T42/><D42/><U80/><E80/><V52/><F43/><N who="3" m="22767" /><G108/><N who="2" m="41513" /><F73/><W62/><G0/><T60/><D60/><AGARI ba="2,1" hai="16,23,27,54,55,56,57,60,63,77,79,97,100,104" machi="60" ten="30,8000,1" yaku="1,1,7,1,9,1,54,1,53,1" doraHai="135" doraHaiUra="102" who="1" fromWho="0" sc="64,-86,290,96,88,0,548,0" owari="-22,-52.2,386,18.6,88,-31.2,548,64.8" /></mjloggm>