<mjloggm ver="2.3"><GO type="169" lobby="0"/><UN n0="%6F%6B%61%62%65%73%68%69" n1="%70%6F%6E%2D%65%6E" n2="%4F%4D%41%4E%54%41" n3="%E6%99%82%E8%A8%88%E5%9D%82%E9%9B%B6" dan="17,16,17,16" rate="2235.27,2202.62,2181.27,2157.51" sx="M,F,M,M"/><TAIKYOKU oya="0"/><INIT seed="0,0,0,0,1,106" ten="250,250,250,250" oya="0" hai0="48,108,14,21,112,70,94,123,84,119,40,1,100" hai1="15,120,2,45,63,18,113,60,131,16,53,128,83" hai2="52,87,92,33,74,118,88,127,12,17,27,38,46" hai3="34,56,25,98,129,85,47,102,36,54,55,134,28"/><T122/><D119/><U58/><E120/><V130/><F118/><W82/><G129/><N who="1" m="49738" /><E2/><V43/><F130/><W31/><G134/><T26/><D112/><U71/><E113/><V61/><F127/><W3/><G3/><T30/><D1/><U126/><E126/><V19/><F74/><W117/><G117/><T10/><D70/><U111/><E111/><V8/><F33/><W132/><G132/><T91/><D108/><U103/><E103/><V109/><F109/><W7/><G7/><T65/><D65/><N who="1" m="41383" /><E15/><V107/><F107/><W86/><G31/><T42/><D100/><U77/><E45/><V49/><F61/><W110/><G110/><T93/><D93/><U95/><E95/><V11/><F11/><W4/><G47/><T73/><D123/><U79/><E79/><V133/><F133/><W116/><G116/><T96/><D73/><AGARI ba="0,0" hai="16,18,53,58,63,73,77,83" m="41383,49738" machi="73" ten="30,3900,0" yaku="19,1,52,1,54,1" doraHai="106" who="1" fromWho="0" sc="250,-39,250,39,250,0,250,0" /><INIT seed="1,0,0,3,5,68" ten="211,289,250,250" oya="1" hai0="11,113,86,44,41,74,3,62,135,101,9,18,53" hai1="133,80,65,78,85,73,33,31,106,98,63,32,42" hai2="94,104,17,127,89,107,26,95,0,124,108,96,88" hai3="76,58,115,15,43,93,2,111,105,27,28,52,39"/><U45/><E133/><V30/><F0/><W57/><G105/><N who="2" m="40521" /><F17/><W126/><G2/><T7/><D135/><U114/><E114/><V22/><F22/><W131/><G115/><T102/><D113/><U99/><E85/><N who="2" m="52495" /><F26/><W72/><G15/><T25/><D86/><U69/><E99/><N who="2" m="57839" /><F30/><W54/><G27/><T81/><D81/><U117/><E117/><V82/><F108/><W92/><G28/><T16/><D74/><U64/><E64/><V110/><F110/><W4/><G72/><T91/><D91/><U37/><REACH who="1" step="1"/><E31/><REACH who="1" ten="211,279,250,250" step="2"/><V10/><F96/><W51/><G111/><T67/><D67/><U134/><E134/><V40/><F127/><W35/><G126/><T60/><D3/><U109/><E109/><V83/><F124/><W70/><G70/><T123/><D123/><U46/><E46/><V20/><F83/><W14/><G57/><T13/><D44/><U23/><E23/><V50/><F20/><W97/><G58/><T90/><D11/><U48/><E48/><V87/><F10/><W77/><G51/><T34/><D9/><U47/><E47/><V118/><F118/><W112/><G97/><T120/><D120/><U125/><E125/><V59/><F59/><W129/><G112/><T71/><D71/><U8/><E8/><V1/><F82/><W19/><G4/><T56/><D7/><U119/><E119/><V5/><F87/><W49/><G49/><T12/><D56/><U103/><AGARI ba="0,1" hai="32,33,37,42,45,63,65,69,73,78,80,98,103,106" machi="103" ten="30,18000,2" yaku="1,1,0,1,33,3,52,1,53,0" doraHai="68" doraHaiUra="132" who="1" fromWho="1" sc="211,-60,279,190,250,-60,250,-60" /><INIT seed="1,1,0,5,1,2" ten="151,469,190,190" oya="1" hai0="133,26,79,27,124,21,105,58,135,48,122,121,132" hai1="111,107,74,91,23,106,47,20,110,97,56,1,87" hai2="80,12,134,18,113,90,82,120,14,28,0,98,93" hai3="75,96,40,127,32,101,25,63,104,73,59,125,114"/><U50/><E74/><V72/><F120/><N who="0" m="46186" /><D105/><U29/><E56/><V108/><F0/><W109/><G114/><T115/><D79/><U37/><E37/><V49/><F108/><N who="1" m="41513" /><E1/><V41/><F134/><W22/><G40/><T57/><D115/><U118/><E118/><V10/><F113/><W69/><G109/><T71/><D71/><U84/><E84/><V4/><F28/><N who="3" m="19471" /><G22/><N who="1" m="8234" /><E97/><V64/><F64/><N who="3" m="41119" /><G59/><N who="0" m="22539" /><D48/><U36/><E29/><V92/><F72/><AGARI ba="1,0" hai="72,73,75,96,101,104,125,127" m="41119,19471" machi="72" ten="30,2000,0" yaku="25,1,23,1" doraHai="2" who="3" fromWho="2" sc="151,0,469,0,190,-23,190,23" /><INIT seed="2,0,0,3,2,31" ten="151,469,167,213" oya="2" hai0="66,110,17,9,121,113,21,129,19,81,32,85,106" hai1="18,33,111,102,16,38,24,53,8,119,3,65,22" hai2="123,134,108,98,82,67,56,28,2,87,93,4,13" hai3="90,37,109,79,54,78,61,122,64,63,74,76,91"/><V72/><F123/><W41/><G74/><T116/><D121/><U99/><E111/><V30/><F2/><W68/><G109/><T101/><D110/><U1/><E119/><V26/><F72/><W62/><G122/><T7/><D113/><U88/><E38/><V5/><F108/><W125/><G125/><T112/><D112/><U45/><E65/><V114/><F114/><W80/><G80/><T95/><D116/><U25/><E53/><V0/><F0/><W47/><G62/><T86/><D106/><U60/><E45/><V96/><F96/><W39/><G39/><T133/><D129/><U117/><E60/><N who="2" m="38279" /><F134/><W42/><G42/><T127/><D133/><U105/><E117/><V107/><F107/><W35/><G35/><T59/><D32/><U118/><E118/><V50/><F50/><W20/><G20/><T43/><D43/><U126/><E126/><V89/><F26/><W44/><G44/><T130/><D19/><U104/><E104/><V11/><F5/><W34/><G34/><T94/><D94/><U52/><E52/><V84/><F84/><W36/><G36/><T97/><D81/><U128/><E128/><V12/><F13/><W120/><G120/><T73/><D73/><U131/><E131/><V71/><F71/><W10/><G63/><N who="0" m="38271" /><D127/><U49/><E49/><V57/><F57/><N who="3" m="34999" /><G68/><T55/><D55/><U115/><E115/><V70/><F70/><W46/><G64/><T48/><D48/><U14/><E1/><V27/><F27/><W92/><G46/><T103/><D130/><U15/><E3/><V135/><F135/><RYUUKYOKU ba="0,0" sc="151,-10,469,-10,167,30,213,-10" hai2="4,11,12,28,30,82,87,89,93,98" /><INIT seed="2,1,0,5,4,67" ten="141,459,197,203" oya="2" hai0="60,42,96,57,107,27,39,55,112,61,116,56,22" hai1="87,131,126,19,117,101,14,125,9,103,128,2,46" hai2="3,25,83,114,15,104,74,108,100,35,80,69,97" hai3="110,68,123,32,91,124,24,86,121,132,36,52,50"/><V75/><F114/><W5/><G36/><T4/><D112/><U81/><E2/><V98/><F3/><W20/><G32/><T18/><D116/><U11/><E117/><V85/><F15/><W129/><G110/><T34/><D34/><U134/><E46/><V115/><F115/><W30/><G132/><T13/><D39/><U113/><E9/><V31/><F108/><W102/><G102/><N who="1" m="38922" /><E113/><V33/><F33/><W127/><G5/><T47/><D107/><U6/><E19/><V41/><F97/><W0/><G129/><N who="1" m="49738" /><E134/><V26/><F26/><W118/><G0/><T12/><D96/><U59/><E59/><V71/><F41/><W48/><G48/><N who="0" m="26743" /><D4/><U84/><E84/><V64/><F64/><AGARI ba="1,0" hai="12,13,18,22,27,55,56,57,60,61,64" m="26743" machi="64" ten="30,1000,0" yaku="8,1" doraHai="67" who="0" fromWho="2" sc="141,13,459,0,197,-13,203,0" /><INIT seed="3,0,0,0,3,57" ten="154,459,184,203" oya="3" hai0="124,6,117,105,120,77,34,33,27,85,81,88,73" hai1="78,64,21,20,31,5,13,125,93,56,91,79,113" hai2="48,0,51,80,121,89,96,100,75,133,126,130,76" hai3="42,62,122,104,8,18,30,111,22,15,16,87,39"/><W94/><G104/><T110/><D120/><U52/><E64/><V36/><F36/><W29/><G122/><T98/><D117/><U63/><E125/><V102/><F121/><W82/><G111/><T9/><D110/><U112/><E112/><V53/><F0/><W12/><G94/><T84/><D124/><U35/><E35/><V26/><F126/><W54/><G42/><T119/><D119/><U50/><E113/><V10/><F130/><W70/><G39/><T24/><D34/><U115/><E115/><V25/><F133/><W66/><REACH who="3" step="1"/><G54/><REACH who="3" ten="154,459,184,193" step="2"/><T32/><D32/><U69/><E52/><V116/><F116/><W101/><G101/><T47/><D33/><U38/><E93/><V19/><F102/><W106/><G106/><T132/><D132/><U55/><E55/><V67/><F100/><W135/><G135/><T109/><D109/><U41/><E41/><V3/><F51/><W127/><G127/><T108/><D108/><U129/><E50/><V107/><F107/><W40/><G40/><T43/><D105/><U65/><E38/><V37/><F37/><W131/><G131/><T99/><D43/><U11/><E129/><V60/><F53/><W97/><G97/><T49/><D99/><U68/><E69/><V44/><F48/><W83/><G83/><T14/><D98/><U103/><E68/><N who="2" m="42087" /><F44/><W72/><G72/><T7/><D73/><U45/><E45/><V58/><F58/><W92/><G92/><T28/><D47/><U123/><E103/><V61/><F96/><W134/><G134/><T59/><D59/><U4/><E123/><RYUUKYOKU ba="0,1" sc="154,-10,459,-10,184,-10,193,30" hai3="8,12,15,16,18,22,29,30,62,66,70,82,87" /><INIT seed="3,1,1,5,1,30" ten="144,449,174,223" oya="3" hai0="39,132,31,19,92,114,42,124,100,60,78,65,57" hai1="12,5,125,85,89,48,87,61,46,28,112,55,38" hai2="70,91,66,94,99,67,52,110,119,71,106,7,15" hai3="93,8,104,131,77,129,13,26,127,84,102,63,121"/><W98/><G121/><T80/><D124/><U130/><E112/><V0/><F119/><W83/><G127/><T74/><D132/><U134/><E130/><N who="3" m="49674" /><G63/><T128/><D128/><U73/><E73/><V69/><F0/><W75/><G26/><T36/><D114/><U10/><E134/><V17/><F7/><N who="3" m="3231" /><G75/><T4/><D4/><U49/><E125/><V21/><F110/><W82/><G82/><T103/><D42/><U41/><E28/><V88/><F106/><AGARI ba="1,1" hai="77,83,84,93,98,102,104,106" m="3231,49674" machi="106" ten="30,1500,0" yaku="19,1" doraHai="30" who="3" fromWho="2" sc="144,0,449,0,174,-18,223,28" /><INIT seed="3,2,0,0,0,97" ten="144,449,156,251" oya="3" hai0="113,68,122,54,61,3,132,133,106,72,89,37,5" hai1="69,127,85,2,124,40,12,95,101,25,15,43,121" hai2="50,58,75,63,48,34,120,115,114,123,36,20,49" hai3="107,116,32,135,126,67,9,16,51,94,117,1,60"/><W39/><G107/><T125/><RYUUKYOKU type="yao9" ba="2,0" sc="144,0,449,0,156,0,251,0" hai0="3,5,37,54,61,68,72,89,106,113,122,125,132,133" /><INIT seed="3,3,0,1,1,52" ten="144,449,156,251" oya="3" hai0="69,92,64,114,72,37,6,126,48,90,115,79,50" hai1="53,59,101,56,33,13,18,0,127,119,128,2,27" hai2="111,89,60,31,75,20,58,21,22,29,130,62,42" hai3="97,24,91,57,71,77,94,83,76,133,54,99,117"/><W45/><G71/><T5/><D37/><U68/><E68/><V55/><F75/><W86/><G117/><T70/><D126/><U80/><E127/><V125/><F111/><W82/><G133/><T104/><D104/><U14/><E128/><V67/><F130/><W1/><G1/><T61/><D72/><U32/><E101/><V123/><F125/><W65/><G65/><T132/><D79/><U9/><E80/><N who="3" m="30762" /><G45/><T93/><D132/><U121/><E121/><V106/><F123/><W100/><G24/><T134/><D134/><U120/><E120/><V131/><F131/><W51/><G100/><T16/><D64/><U96/><E27/><V66/><F106/><W73/><G73/><T87/><D61/><U19/><E53/><V74/><F74/><W38/><G38/><T95/><D87/><U118/><REACH who="1" step="1"/><E9/><REACH who="1" ten="144,439,156,251" step="2"/><V124/><F124/><W40/><G40/><T23/><D70/><U112/><E112/><N who="0" m="43049" /><D69/><U63/><E63/><V43/><F67/><W85/><G76/><T107/><D107/><U84/><E84/><V102/><F102/><W44/><G77/><T30/><D90/><U98/><AGARI ba="3,1" hai="0,2,13,14,18,19,32,33,56,59,96,98,118,119" machi="98" ten="25,12000,2" yaku="1,1,0,1,22,2,52,2,53,0" doraHai="52" doraHaiUra="110" who="1" fromWho="1" sc="144,-33,439,139,156,-33,251,-63" /><INIT seed="4,0,0,2,2,87" ten="111,578,123,188" oya="0" hai0="107,95,68,44,108,74,105,112,116,110,124,83,71" hai1="122,77,58,88,23,92,102,103,121,115,91,134,119" hai2="8,75,19,40,101,117,35,67,73,111,32,126,53" hai3="56,47,78,85,123,129,66,120,135,29,11,130,82"/><T43/><D116/><U80/><E119/><V13/><F117/><W24/><G47/><T10/><D124/><U49/><E134/><V36/><F111/><N who="0" m="42538" /><D112/><U62/><E115/><V45/><F126/><W59/><G11/><T89/><D10/><U100/><E49/><V55/><F67/><W128/><G135/><T106/><D83/><U27/><E121/><N who="3" m="46666" /><G66/><T98/><D74/><U30/><E122/><V61/><F101/><W54/><G54/><T26/><D26/><U15/><E92/><V125/><F125/><W2/><G2/><T93/><D93/><U109/><E15/><V118/><F118/><W48/><G48/><AGARI ba="0,0" hai="43,44,48,68,71,89,95,98,105,106,107" m="42538" machi="48" ten="40,3900,0" yaku="10,1,52,1" doraHai="87" who="0" fromWho="3" sc="111,39,578,0,123,0,188,-39" /><INIT seed="4,1,0,5,0,25" ten="150,578,123,149" oya="0" hai0="62,0,53,128,8,24,101,68,81,102,36,134,78" hai1="31,103,119,16,121,27,34,115,71,74,1,42,56" hai2="131,48,15,35,13,80,83,5,14,113,20,100,123" hai3="106,26,58,95,97,125,43,59,133,54,72,90,17"/><T28/><D128/><U88/><E71/><V104/><F123/><W73/><G133/><T89/><D134/><U51/><E121/><V76/><F35/><W12/><G125/><T86/><D36/><U65/><E119/><V11/><F131/><W132/><G132/><T9/><D9/><U75/><E1/><V79/><F113/><W21/><G43/><T57/><D68/><U85/><E103/><V66/><F66/><W6/><G106/><T2/><D2/><U135/><E135/><V33/><F33/><W111/><G111/><T40/><D40/><U22/><E65/><V63/><F63/><N who="3" m="36311" /><G59/><T44/><D44/><U7/><E7/><V130/><F48/><W52/><G52/><T10/><D10/><AGARI ba="1,0" hai="6,10,12,17,21,26,72,73,90,95,97" m="36311" machi="10" ten="30,1000,0" yaku="25,1" doraHai="25" who="3" fromWho="0" sc="150,-13,578,0,123,0,149,13" /><INIT seed="5,0,0,5,3,119" ten="137,578,123,162" oya="1" hai0="69,20,124,25,22,90,24,35,74,52,43,83,122" hai1="57,1,50,105,19,30,109,31,3,71,61,73,70" hai2="60,34,84,4,86,48,9,102,41,125,45,116,104" hai3="46,131,28,87,38,80,98,49,135,128,120,29,54"/><U8/><E105/><V76/><F116/><W32/><G32/><T99/><D69/><U78/><E109/><V2/><F34/><W115/><G115/><T12/><D35/><U79/><E19/><V53/><F125/><W112/><G112/><T110/><D110/><U55/><E3/><V10/><F76/><W27/><G27/><T67/><D67/><U85/><E73/><V59/><REACH who="2" step="1"/><F10/><REACH who="2" ten="137,578,113,162" step="2"/><W77/><G77/><T64/><D124/><U17/><E8/><V129/><F129/><W121/><G128/><T100/><D74/><U114/><E78/><V37/><F37/><W72/><G38/><T97/><D22/><U39/><E79/><V118/><F118/><W26/><G72/><T21/><D20/><U58/><E39/><V94/><F94/><W66/><G131/><T117/><D21/><U113/><E114/><V62/><F62/><W134/><G134/><T92/><D117/><U11/><E11/><V13/><F13/><W23/><G135/><T132/><D12/><U126/><E61/><V0/><F0/><W36/><G36/><T51/><D132/><U101/><E1/><V16/><F16/><W44/><G23/><T127/><D127/><U15/><E15/><V111/><F111/><W47/><G26/><T106/><D24/><U65/><E17/><V130/><F130/><W91/><G28/><T5/><D25/><U6/><E113/><V40/><F40/><W75/><G29/><T18/><D18/><U95/><E126/><V63/><F63/><W107/><G75/><T133/><D133/><U103/><E30/><V108/><F108/><RYUUKYOKU ba="0,1" sc="137,-10,578,-10,113,30,162,-10" hai2="2,4,9,41,45,48,53,59,60,84,86,102,104" /><INIT seed="6,1,1,1,5,96" ten="127,568,143,152" oya="2" hai0="114,102,71,44,37,2,103,68,131,69,35,97,129" hai1="123,84,124,91,8,39,112,119,98,27,63,72,100" hai2="30,29,52,75,73,87,79,13,101,94,61,11,86" hai3="60,115,65,128,80,104,48,51,89,109,83,77,78"/><V92/><F75/><W70/><G109/><T22/><D35/><U25/><E25/><V17/><F73/><W54/><G104/><T95/><D2/><U46/><E8/><V134/><F134/><W116/><G116/><T12/><D114/><U106/><E27/><V110/><F110/><W19/><G128/><N who="0" m="49227" /><D22/><U45/><E39/><V120/><F120/><W125/><G125/><T33/><D33/><U59/><E106/><V34/><F34/><W107/><G107/><T93/><D12/><U55/><E45/><V26/><F92/><N who="0" m="35402" /><D97/><U99/><E46/><V66/><F66/><W3/><G3/><T7/><D7/><U16/><E98/><N who="2" m="59607" /><F79/><W18/><G115/><T121/><D121/><U111/><E99/><V50/><F61/><W58/><G89/><T133/><D133/><U64/><E63/><V6/><F6/><W132/><G132/><T56/><D56/><U36/><E64/><V24/><F24/><W28/><G28/><N who="2" m="10857" /><F26/><W21/><G21/><T32/><D32/><U85/><E72/><V88/><F88/><W38/><G78/><T67/><D67/><U20/><E91/><V126/><F126/><W53/><G77/><T15/><D15/><U57/><E111/><V105/><F105/><W23/><G23/><T40/><AGARI ba="1,1" hai="37,40,44,68,69,71,102,103" m="35402,49227" machi="40" ten="40,5200,0" yaku="19,1,52,2" doraHai="96" who="0" fromWho="0" sc="127,65,568,-14,143,-27,152,-14" /><INIT seed="7,0,0,2,4,8" ten="192,554,116,138" oya="3" hai0="106,135,32,105,83,10,72,30,64,90,54,50,28" hai1="104,18,3,112,25,108,107,40,57,15,87,78,119" hai2="31,27,103,123,110,43,5,93,125,53,134,61,111" hai3="60,85,48,19,128,102,42,49,35,45,122,62,0"/><W13/><G0/><T67/><D32/><U113/><E57/><V2/><F43/><W9/><G122/><T6/><D135/><U17/><E25/><V73/><F73/><W16/><G35/><T39/><D39/><U80/><E87/><V22/><F103/><W118/><G118/><T131/><D131/><U56/><E56/><V121/><F93/><W51/><G128/><T47/><D106/><U37/><E80/><V89/><F89/><W127/><G127/><T14/><D105/><U34/><E78/><V12/><F134/><W84/><G102/><T66/><D72/><U63/><E63/><N who="3" m="24106" /><G19/><T116/><D116/><U98/><E18/><N who="2" m="10567" /><F53/><W4/><G4/><T95/><D83/><U52/><E17/><V94/><F94/><W97/><G97/><AGARI ba="0,0" hai="6,10,14,28,30,47,50,54,64,66,67,90,95,97" machi="97" ten="40,2600,0" yaku="8,1,52,1" doraHai="8" who="0" fromWho="3" sc="192,26,554,0,116,0,138,-26" owari="218,1.8,554,65.4,116,-28.4,112,-38.8" /></mjloggm>