<mjloggm ver="2.3"><GO type="169" lobby="0"/><UN n0="%E3%82%BC%E3%83%B3%E3%83%84%E3%83%9E%E3%82%B7%E3%83%BC%E3%83%B3" n1="%E9%81%8B%E3%81%A7%E5%8B%9D%E3%81%A4" n2="%E3%83%94%E3%83%B3%E3%82%B5%E3%83%AD%E5%BA%97%E5%93%A1" n3="%E3%82%A2%E3%83%B3%E3%83%88%E3%83%AC%E3%83%BC%E3%82%B9" dan="16,16,17,16" rate="2157.43,2116.13,2248.70,2071.06" sx="M,M,M,M"/><TAIKYOKU oya="0"/><INIT seed="0,0,0,2,4,118" ten="250,250,250,250" oya="0" hai0="23,59,48,94,7,32,104,98,82,79,77,42,101" hai1="13,87,99,60,124,43,2,41,116,114,83,18,25" hai2="71,11,111,105,106,10,88,58,80,133,92,63,76" hai3="44,19,62,108,128,24,21,17,35,102,84,40,28"/><T3/><D32/><U75/><E116/><V90/><F71/><W74/><G74/><T66/><D23/><U91/><E2/><V55/><F111/><W8/><G108/><T50/><D42/><U39/><E124/><V81/><F133/><W103/><G128/><T122/><D122/><U112/><E25/><V134/><F134/><W47/><G47/><T26/><D26/><U132/><E132/><V53/><F92/><W70/><G8/><T65/><D104/><U78/><E60/><V123/><F63/><W29/><G29/><T4/><D79/><U72/><E99/><V20/><F58/><W52/><G84/><T125/><D125/><U0/><E0/><V93/><F93/><W100/><G35/><T120/><D120/><U51/><E39/><V33/><F20/><W107/><G107/><T64/><D3/><U85/><E75/><V89/><F89/><W69/><G69/><T113/><D113/><N who="1" m="43627" /><E51/><N who="0" m="19497" /><D59/><U110/><E110/><V56/><F56/><N who="3" m="35079" /><G70/><T131/><D131/><U9/><E72/><V68/><F68/><W31/><G31/><T49/><N who="0" m="19505" /><AGARI ba="0,0" hai="17,19,21,24,28,40,44,49,100,102,103" m="35079" machi="49" ten="30,3900,0" yaku="3,1,8,1,54,1" doraHai="118" who="3" fromWho="0" sc="250,-39,250,0,250,0,250,39" /><INIT seed="1,0,0,4,0,130" ten="211,250,250,289" oya="1" hai0="4,111,28,131,101,128,135,96,44,39,83,109,11" hai1="129,3,133,63,55,126,132,113,35,36,45,58,7" hai2="86,51,87,98,43,59,56,110,115,26,99,25,27" hai3="2,71,122,85,46,134,8,1,94,82,104,103,14"/><U29/><E113/><V112/><F51/><W15/><G122/><T61/><D28/><U72/><E72/><V76/><F76/><W23/><G71/><T124/><D83/><U31/><E129/><N who="0" m="49737" /><D61/><U89/><E126/><V9/><F9/><W33/><G33/><T10/><D124/><U81/><E7/><V38/><F43/><W5/><G104/><N who="0" m="63527" /><D135/><N who="1" m="51787" /><E3/><V100/><F27/><W108/><G1/><N who="0" m="271" /><D11/><U125/><E125/><V16/><F100/><W13/><G103/><T121/><D121/><U77/><E35/><V22/><F22/><W18/><G134/><T106/><D106/><U90/><E31/><V69/><F69/><W75/><G75/><T80/><D80/><U102/><E102/><V30/><F30/><W19/><G82/><T0/><D0/><U107/><E29/><V34/><F34/><W67/><G2/><T52/><D39/><U68/><E68/><V57/><F38/><W60/><G5/><T95/><D95/><U49/><E36/><V41/><F115/><W114/><G114/><T54/><D44/><U105/><E105/><V127/><F112/><W21/><G46/><T92/><D92/><U17/><E17/><V48/><F16/><W53/><G94/><T37/><D37/><U118/><E118/><V32/><F32/><W6/><G6/><T47/><D47/><U91/><E107/><V65/><F127/><W70/><G8/><T74/><D74/><N who="1" m="43191" /><E91/><V88/><F88/><W50/><G13/><T12/><D12/><U123/><E123/><V117/><F117/><W119/><G119/><T24/><D24/><U84/><E84/><RYUUKYOKU ba="0,0" sc="211,15,250,15,250,-15,289,-15" hai0="52,54,109,111" hai1="45,49,55,58,63,89,90" /><INIT seed="1,1,0,5,1,25" ten="226,265,235,274" oya="1" hai0="131,34,55,45,86,56,22,91,59,12,52,133,53" hai1="9,0,73,51,105,6,113,128,74,129,21,39,65" hai2="90,72,95,61,134,110,118,38,98,41,60,81,44" hai3="96,57,127,24,30,100,132,62,20,18,35,42,119"/><U28/><E113/><V114/><F118/><W130/><G130/><N who="1" m="50282" /><E105/><V106/><F114/><W49/><G132/><T84/><D34/><U111/><E39/><V31/><F134/><W10/><G127/><T29/><D133/><U104/><E104/><V107/><F110/><W43/><G119/><T17/><D131/><U69/><E51/><V33/><F107/><W135/><G135/><T77/><D45/><U93/><E93/><V23/><F33/><W88/><G10/><T58/><D77/><U123/><E123/><V14/><F106/><W108/><G100/><T97/><REACH who="0" step="1"/><D29/><REACH who="0" ten="216,265,235,274" step="2"/><U50/><E111/><V32/><F32/><W2/><G108/><T16/><D16/><U78/><E78/><V112/><F112/><W76/><G76/><T11/><D11/><U117/><E117/><V36/><F31/><W66/><G35/><T121/><D121/><U71/><E28/><V122/><F122/><W99/><G18/><T85/><D85/><U67/><E21/><V26/><F23/><W103/><G99/><T92/><AGARI ba="1,1" hai="12,17,22,52,53,55,56,58,59,84,86,91,92,97" machi="92" ten="40,8000,1" yaku="1,1,0,1,8,1,54,1,53,0" doraHai="25" doraHaiUra="1" who="0" fromWho="0" sc="216,93,265,-41,235,-21,274,-21" /><INIT seed="2,0,0,1,4,25" ten="309,224,214,253" oya="2" hai0="37,32,132,29,18,113,6,89,40,11,122,101,30" hai1="70,63,16,39,112,127,72,41,46,115,103,60,95" hai2="51,133,65,27,77,14,35,105,75,49,23,91,67" hai3="28,104,99,121,9,45,17,135,52,117,130,131,79"/><V38/><F38/><W44/><G117/><T96/><D113/><U76/><E127/><V34/><F105/><W111/><G111/><T47/><D122/><U108/><E108/><V48/><F133/><W116/><G116/><T69/><D132/><U71/><E103/><V85/><F75/><W43/><G135/><T15/><D89/><U90/><E76/><V24/><F77/><W94/><G104/><T120/><D32/><U50/><E72/><V4/><F35/><W66/><G66/><N who="2" m="25097" /><F34/><W53/><G79/><T64/><D120/><U107/><E107/><V128/><F128/><N who="3" m="49195" /><G28/><T0/><D64/><U93/><E39/><V12/><F4/><W3/><G121/><T58/><D58/><U36/><E36/><V106/><F106/><W81/><G81/><T13/><D69/><U83/><E70/><V22/><F27/><W21/><G3/><T84/><D84/><N who="1" m="50463" /><E71/><V1/><F1/><W20/><G9/><T57/><D57/><U42/><E115/><V97/><F97/><W56/><G21/><N who="2" m="7689" /><F24/><N who="3" m="14351" /><G43/><T59/><D59/><U86/><E42/><V129/><F129/><W61/><G53/><T8/><REACH who="0" step="1"/><D0/><REACH who="0" ten="299,224,214,253" step="2"/><U26/><E112/><V123/><F123/><W92/><G56/><T2/><D2/><U125/><E86/><V124/><F124/><W98/><G98/><T114/><D114/><U73/><E125/><V31/><F31/><W110/><G99/><T82/><D82/><AGARI ba="0,1" hai="12,14,48,49,51,82,85,91" m="7689,25097" machi="82" ten="30,1500,0" yaku="8,1" doraHai="25" who="2" fromWho="0" sc="299,-15,224,0,214,25,253,0" /><INIT seed="2,1,0,5,3,16" ten="284,224,239,253" oya="2" hai0="4,10,9,87,25,95,64,33,110,48,41,15,49" hai1="28,126,77,5,90,128,107,76,119,40,83,18,8" hai2="134,132,32,127,7,79,80,114,30,29,102,31,129" hai3="101,19,71,24,73,57,27,63,61,81,54,62,135"/><V93/><F114/><W67/><G135/><N who="2" m="51753" /><F129/><W116/><G116/><T35/><D110/><U113/><E107/><V65/><F127/><W99/><G62/><T131/><D131/><U103/><E128/><V109/><F7/><W118/><G118/><T59/><D41/><U52/><E113/><V96/><F65/><W47/><G47/><T0/><D64/><U75/><E103/><V115/><F115/><W91/><G19/><T38/><D38/><U46/><E126/><V70/><F70/><W123/><G123/><T112/><D112/><U26/><E18/><V23/><F32/><W74/><G74/><T42/><D42/><U37/><E119/><V53/><F53/><W34/><G34/><T3/><D3/><U22/><E52/><V69/><F69/><W98/><G98/><T6/><D35/><U130/><E130/><V94/><F109/><W66/><G54/><T85/><D59/><U106/><E106/><N who="2" m="63815" /><F23/><W50/><G67/><T14/><D0/><U12/><E77/><V1/><F1/><W86/><G66/><T68/><D68/><U108/><REACH who="1" step="1"/><E90/><REACH who="1" ten="284,214,239,253" step="2"/><V82/><F79/><W43/><G91/><T20/><D4/><U17/><E17/><V13/><F31/><W36/><G71/><T21/><D6/><U111/><AGARI ba="1,1" hai="5,8,12,22,26,28,37,40,46,75,76,83,108,111" machi="111" ten="30,4000,0" yaku="1,1,0,1,52,1,53,0" doraHai="16" doraHaiUra="45" who="1" fromWho="1" sc="284,-11,214,53,239,-21,253,-11" /><INIT seed="3,0,0,2,0,92" ten="273,267,218,242" oya="3" hai0="105,8,1,14,102,44,75,67,52,129,70,11,16" hai1="7,96,51,12,134,15,133,35,127,41,40,116,81" hai2="53,60,120,108,90,24,43,115,63,48,131,101,38" hai3="64,99,25,114,95,83,65,13,94,91,37,82,46"/><W109/><G114/><T123/><D123/><U74/><E35/><V29/><F115/><W21/><G109/><T55/><D129/><U28/><E28/><V87/><F108/><W34/><G34/><T119/><D119/><U103/><E116/><V71/><F131/><W54/><G13/><N who="1" m="5194" /><E51/><V42/><F120/><W125/><G125/><T10/><D75/><U69/><E7/><V62/><F71/><W22/><G37/><T27/><D27/><U85/><E74/><V68/><F68/><W76/><G76/><T106/><D44/><U2/><E2/><V20/><F101/><N who="3" m="60663" /><G54/><T97/><D106/><N who="1" m="63847" /><E69/><V6/><F6/><W66/><G46/><T9/><REACH who="0" step="1"/><D1/><REACH who="0" ten="263,267,218,242" step="2"/><U47/><E47/><N who="2" m="27807" /><F38/><W130/><G130/><T88/><D88/><N who="1" m="51247" /><E127/><V118/><F118/><W80/><G25/><T121/><D121/><U78/><E78/><V93/><AGARI ba="0,1" hai="20,24,29,42,43,60,62,63,87,90,93" m="27807" machi="93" ten="30,1100,0" yaku="8,1" doraHai="92" who="2" fromWho="2" sc="263,-3,267,-3,218,21,242,-5" /><INIT seed="4,0,0,4,4,30" ten="260,264,239,237" oya="0" hai0="64,44,95,2,127,89,86,99,87,63,79,58,1" hai1="23,104,20,83,116,11,96,38,45,103,5,7,12" hai2="48,124,61,114,100,122,24,43,132,54,59,25,134" hai3="97,32,107,9,128,46,29,62,125,40,121,39,57"/><T131/><D127/><U13/><E116/><V6/><F122/><W108/><G108/><T56/><D131/><U135/><E135/><N who="2" m="51755" /><F124/><W8/><G125/><T0/><D44/><U82/><E38/><V78/><F114/><W51/><G128/><T67/><REACH who="0" step="1"/><D79/><REACH who="0" ten="250,264,239,237" step="2"/><U42/><E45/><N who="2" m="25663" /><F78/><W72/><G46/><T109/><D109/><U123/><E123/><V129/><F129/><W14/><G121/><T91/><D91/><U106/><E42/><V93/><F6/><W88/><G88/><T36/><D36/><U65/><E7/><V84/><F100/><W94/><G40/><T18/><D18/><U110/><E110/><V53/><F53/><W111/><G39/><T113/><D113/><U133/><E133/><V70/><F70/><W21/><G111/><T130/><D130/><U105/><E5/><V50/><F50/><W118/><G118/><T52/><D52/><U90/><E103/><V34/><F54/><W120/><G51/><T4/><D4/><U35/><E90/><V69/><F69/><W71/><G71/><T77/><D77/><U41/><E41/><V74/><F59/><W47/><G47/><T73/><D73/><U55/><E55/><V19/><F74/><W22/><G72/><T31/><D31/><U28/><E28/><V33/><F19/><W27/><G120/><T37/><D37/><U126/><E126/><V98/><F84/><W115/><G57/><T112/><D112/><U49/><E49/><V119/><F119/><W68/><G68/><T101/><D101/><U17/><E17/><V80/><F80/><W3/><G115/><RYUUKYOKU ba="0,1" sc="250,30,264,-10,239,-10,237,-10" hai0="0,1,2,56,58,63,64,67,86,87,89,95,99" /><INIT seed="4,1,1,2,0,114" ten="280,254,229,227" oya="0" hai0="102,82,56,4,86,134,129,70,97,50,119,125,63" hai1="3,88,18,71,24,17,133,132,10,69,95,98,37" hai2="103,110,21,14,117,23,85,83,73,40,9,27,94" hai3="20,57,107,6,38,122,92,115,68,127,104,105,8"/><T61/><D125/><U65/><E37/><V19/><F110/><W31/><G68/><T28/><D129/><U52/><E65/><V33/><F73/><W55/><G38/><T60/><D134/><N who="1" m="51819" /><E24/><V22/><F40/><W45/><G115/><T32/><D119/><U42/><E42/><V66/><F33/><W80/><G45/><T135/><D135/><U111/><E111/><V126/><F126/><W13/><G127/><T67/><D4/><N who="1" m="1311" /><E52/><V121/><F121/><W64/><G64/><T124/><D124/><U100/><E100/><V54/><F66/><W15/><G92/><T123/><D123/><U49/><E49/><V58/><F117/><W26/><G80/><T99/><D50/><U76/><E76/><N who="2" m="46311" /><F103/><W96/><G122/><T72/><D72/><U131/><E131/><V41/><F94/><W25/><G25/><N who="0" m="18447" /><D56/><U74/><E74/><V47/><F41/><W112/><G112/><T53/><D53/><U77/><E77/><V51/><F58/><W79/><G79/><N who="0" m="46431" /><D99/><U116/><E116/><V81/><F81/><W5/><G96/><T12/><D12/><U118/><E118/><V109/><F109/><W43/><G43/><T113/><D113/><U7/><E7/><AGARI ba="1,1" hai="7,9,14,19,21,22,23,27,47,51,54" m="46311" machi="7" ten="30,1000,0" yaku="8,1" doraHai="114" who="2" fromWho="1" sc="280,0,254,-13,229,23,227,0" /><INIT seed="5,0,0,2,0,124" ten="280,241,252,227" oya="1" hai0="16,110,33,43,81,1,98,8,61,40,5,34,100" hai1="26,57,4,71,85,7,35,11,3,118,77,111,113" hai2="55,131,42,67,133,93,101,135,19,86,83,68,54" hai3="28,46,127,72,65,103,109,10,60,106,117,24,36"/><U25/><E71/><V30/><F42/><W13/><G109/><T104/><D110/><U20/><E111/><V125/><F125/><W18/><G127/><T17/><D81/><U130/><E118/><V134/><F30/><W6/><G72/><T51/><D61/><U21/><E35/><V45/><F19/><W89/><G89/><T82/><D82/><U31/><E77/><V87/><F87/><W88/><G117/><T99/><D99/><U27/><E57/><V48/><F67/><W128/><G128/><T22/><D17/><N who="1" m="12431" /><E85/><V49/><F68/><W102/><G88/><T62/><D62/><U37/><E37/><V39/><F39/><W66/><G106/><T84/><D84/><U112/><E130/><V59/><F131/><W76/><G76/><T115/><D115/><N who="1" m="44107" /><E7/><V2/><F2/><W75/><G6/><T121/><D121/><U96/><E96/><N who="2" m="59535" /><F86/><W119/><G75/><T107/><D107/><U38/><E38/><V129/><F129/><W41/><G119/><T132/><D132/><U105/><E105/><V120/><F83/><W44/><G44/><T64/><D64/><U79/><E79/><V114/><F114/><W94/><G66/><T78/><D78/><U108/><E108/><V70/><F70/><W95/><G65/><T50/><D34/><U47/><E47/><V15/><F15/><W29/><G60/><T80/><D33/><U9/><E9/><V58/><F45/><W69/><G69/><T23/><D80/><U90/><E90/><V52/><F120/><W63/><G36/><T53/><D104/><U91/><E91/><RYUUKYOKU ba="0,0" sc="280,-15,241,15,252,15,227,-15" hai1="3,4,11,21,26,27,31" hai2="48,49,52,54,55,58,59,133,134,135" /><INIT seed="5,1,0,2,4,72" ten="265,256,267,212" oya="1" hai0="49,24,88,131,133,118,102,16,101,66,70,74,8" hai1="79,60,51,121,22,48,1,62,55,111,100,97,132" hai2="38,31,83,122,15,78,14,3,43,92,81,106,46" hai3="27,117,30,130,112,64,126,129,25,134,80,59,69"/><U29/><E121/><V18/><F122/><W39/><G69/><T5/><D118/><U54/><E1/><V124/><F106/><W113/><G39/><T41/><D131/><N who="3" m="50185" /><G117/><T104/><D133/><U114/><E132/><V67/><F3/><W110/><G134/><T71/><D74/><U95/><E114/><N who="3" m="44138" /><G110/><T87/><D66/><U98/><E111/><V40/><F124/><W23/><G80/><N who="0" m="49255" /><D71/><U119/><E119/><V20/><F31/><N who="3" m="17855" /><G59/><T73/><D70/><U86/><E29/><V19/><F83/><W75/><G75/><T17/><D73/><U61/><E22/><V68/><F40/><W85/><G85/><T108/><D104/><U77/><E97/><V34/><F92/><W6/><G64/><T35/><D108/><U37/><E86/><V89/><F67/><W107/><G107/><T76/><D102/><U10/><E37/><V99/><F68/><W96/><G96/><T109/><D101/><U32/><E32/><V2/><F99/><W94/><G94/><T42/><D35/><U13/><E55/><V7/><F34/><N who="3" m="20831" /><G6/><T91/><D109/><U63/><N who="1" m="15360" /><DORA hai="50" /><U4/><E48/><V84/><F7/><W26/><G26/><T57/><D24/><U45/><AGARI ba="1,0" hai="4,10,13,45,51,54,77,79,95,98,100" m="15360" machi="45" ten="40,12000,1" yaku="0,1,8,1,52,3" doraHai="72,50" who="1" fromWho="1" sc="265,-41,256,123,267,-41,212,-41" /><INIT seed="5,2,0,2,2,17" ten="224,379,226,171" oya="1" hai0="122,48,63,55,87,52,102,133,4,103,73,6,20" hai1="38,30,45,115,123,94,124,32,77,39,46,120,126" hai2="125,24,95,25,36,51,54,29,57,19,88,40,49" hai3="78,128,97,7,100,27,69,59,112,64,90,131,106"/><U10/><E77/><V23/><F125/><N who="1" m="48233" /><E94/><V86/><F36/><N who="1" m="13865" /><E10/><V8/><F40/><W37/><G112/><T121/><D73/><U104/><E104/><V13/><REACH who="2" step="1"/><F25/><REACH who="2" ten="224,379,216,171" step="2"/><W118/><G27/><T108/><D121/><U43/><E43/><V18/><F18/><W98/><G37/><T47/><D122/><N who="1" m="46635" /><E115/><V56/><F56/><W83/><G59/><T41/><D41/><U67/><E67/><V93/><F93/><W72/><G64/><T15/><D4/><U114/><E114/><V60/><AGARI ba="2,1" hai="8,13,19,23,24,29,49,51,54,57,60,86,88,95" machi="60" ten="20,12000,2" yaku="1,1,0,1,7,1,8,1,52,1,54,1,53,0" doraHai="17" doraHaiUra="119" who="2" fromWho="2" sc="224,-32,379,-62,216,136,171,-32" /><INIT seed="6,0,0,2,5,132" ten="192,317,352,139" oya="2" hai0="59,98,21,109,89,57,9,68,117,37,13,40,51" hai1="29,90,22,118,50,133,31,25,88,77,113,26,82" hai2="76,100,94,2,105,17,120,115,103,73,129,60,96" hai3="111,66,99,87,16,48,65,112,107,71,58,126,53"/><V86/><F2/><W116/><G111/><T97/><D68/><U54/><E113/><V56/><F120/><W44/><G116/><T114/><D109/><U30/><E133/><V42/><F115/><W125/><G112/><T78/><D114/><U23/><E31/><V11/><F129/><W92/><G107/><T27/><D37/><U95/><E95/><V74/><F42/><W41/><G87/><T93/><D78/><U85/><E118/><V12/><F103/><W61/><G16/><N who="0" m="12711" /><D98/><U75/><E75/><V134/><F134/><W36/><G66/><T83/><D83/><U101/><E101/><AGARI ba="0,0" hai="36,41,44,48,53,58,61,65,71,92,99,101,125,126" machi="101" ten="40,8000,1" yaku="24,2,52,2" doraHai="132" who="3" fromWho="1" sc="192,0,317,-80,352,0,139,80" /><INIT seed="7,0,0,4,5,78" ten="192,237,352,219" oya="3" hai0="91,46,70,21,12,25,10,47,6,81,35,44,96" hai1="88,52,80,79,108,3,4,116,112,118,31,56,49" hai2="9,133,29,32,65,57,72,114,59,23,18,11,75" hai3="131,92,126,24,83,115,71,48,17,51,27,120,107"/><W105/><G120/><T90/><D35/><U84/><E108/><V73/><F114/><W53/><G71/><T87/><D70/><U64/><E112/><V129/><F129/><W102/><G115/><T13/><D13/><U7/><E31/><V42/><F133/><W104/><G131/><T15/><D15/><U19/><E64/><V45/><F29/><W132/><G132/><T37/><D37/><U76/><E19/><V34/><F34/><W121/><G121/><T128/><D128/><U26/><E26/><V60/><F59/><W134/><G134/><T69/><D69/><U111/><E111/><V119/><F32/><W20/><G27/><T0/><D0/><U61/><E61/><V122/><F119/><N who="1" m="45609" /><E4/><V95/><F95/><W58/><G126/><T123/><D123/><U68/><E68/><V110/><F122/><W117/><G117/><T89/><REACH who="0" step="1"/><D96/><REACH who="0" ten="182,237,352,219" step="2"/><U130/><E130/><V8/><F110/><W74/><G48/><T66/><D66/><U14/><E14/><V22/><F65/><W30/><G30/><AGARI ba="0,1" hai="6,10,12,21,25,30,44,46,47,81,87,89,90,91" machi="30" ten="40,5200,0" yaku="1,1,8,1,52,1,53,0" doraHai="78" doraHaiUra="54" who="0" fromWho="3" sc="182,62,237,0,352,0,219,-52" owari="244,4.4,237,-16.3,352,45.2,167,-33.3" /></mjloggm>