<mjloggm ver="2.3"><GO type="225" lobby="0"/><UN n0="%E3%81%AF%E3%82%88%E3%81%8A%E3%81%98%E3%81%95%E3%82%93" n1="%E3%81%82%E3%81%84%E3%81%82%E3%81%8A%E3%81%84" n2="%E7%B4%94%E6%BD%94%E3%83%94%E3%83%A9%E3%83%8B%E3%82%A2" n3="%E8%81%B7%E6%A5%AD%E3%80%81%E9%A2%A8%32" dan="16,18,16,16" rate="2167.94,2254.26,2207.12,2167.94" sx="M,M,M,M"/><TAIKYOKU oya="0"/><INIT seed="0,0,0,3,5,69" ten="250,250,250,250" oya="0" hai0="18,21,76,92,117,27,26,131,44,94,68,34,134" hai1="72,127,45,46,12,121,63,5,24,120,83,30,60" hai2="53,47,110,7,111,19,93,107,118,23,66,58,123" hai3="40,25,41,20,130,115,82,85,0,13,119,15,129"/><T90/><D117/><U54/><E127/><V100/><F123/><W43/><G0/><T81/><D68/><U8/><E72/><V37/><F118/><W52/><G115/><T9/><D131/><N who="3" m="50185" /><G119/><T39/><D134/><U98/><E83/><V126/><F126/><W88/><G52/><T135/><D135/><U77/><E77/><V64/><F7/><W32/><G32/><T75/><D9/><U86/><E86/><V109/><F107/><W48/><G48/><T51/><D39/><U67/><E98/><N who="2" m="59471" /><F47/><W112/><G112/><T79/><D76/><U6/><E6/><V101/><F101/><W89/><G89/><T35/><D26/><U55/><E55/><V99/><F99/><W56/><G56/><T61/><D61/><U124/><E46/><V31/><F37/><W103/><G103/><T122/><D122/><U42/><E54/><V80/><F31/><AGARI ba="0,0" hai="13,15,20,25,31,40,41,43,82,85,88" m="50185" machi="31" ten="30,2000,0" yaku="19,1,54,1" doraHai="69" who="3" fromWho="2" sc="250,0,250,0,250,-20,250,20" /><INIT seed="1,0,0,1,2,79" ten="250,250,230,270" oya="1" hai0="96,105,35,42,100,117,31,89,3,54,55,91,115" hai1="68,11,43,101,121,57,118,36,95,30,94,76,61" hai2="86,17,107,87,23,34,44,85,69,40,129,56,113" hai3="16,109,82,65,110,14,9,66,84,48,47,73,13"/><U126/><E118/><V50/><F69/><W15/><G73/><T134/><D115/><U60/><E121/><V29/><F113/><W5/><G109/><T124/><D117/><U102/><E30/><V78/><F107/><W80/><G110/><T21/><D3/><U70/><E76/><V46/><F129/><W52/><G14/><T28/><D35/><U37/><E57/><V83/><F34/><W24/><G24/><T49/><D124/><U45/><E11/><V53/><F29/><W58/><G58/><T72/><D72/><U130/><E45/><V8/><F8/><N who="3" m="6183" /><G82/><T26/><D134/><U38/><E38/><V22/><F44/><W1/><G1/><T2/><D2/><U77/><E77/><AGARI ba="0,0" hai="5,9,15,47,48,52,65,66,77,80,84" m="6183" machi="77" ten="30,7700,0" yaku="8,1,52,1,54,2" doraHai="79" who="3" fromWho="1" sc="250,0,250,-77,230,0,270,77" /><INIT seed="2,0,0,2,3,67" ten="250,173,230,347" oya="2" hai0="26,123,70,131,78,102,81,52,126,72,94,38,125" hai1="30,90,122,46,66,47,25,82,73,35,20,19,55" hai2="11,9,76,114,133,59,108,79,121,75,109,128,48" hai3="85,17,124,62,16,119,96,33,22,111,54,45,112"/><V44/><F114/><W83/><G33/><T56/><D123/><U34/><E122/><V43/><F121/><W12/><G111/><N who="2" m="42569" /><F133/><W3/><G119/><T106/><D38/><U32/><E30/><V60/><F128/><W135/><G135/><T103/><D106/><U53/><E66/><N who="2" m="39199" /><F75/><W68/><G3/><T98/><D131/><U21/><E21/><V36/><F36/><W65/><G124/><N who="0" m="47723" /><D26/><U104/><E104/><V117/><F117/><W84/><G112/><T110/><D110/><U80/><E73/><V40/><F43/><W118/><G118/><T29/><D29/><U41/><E90/><V10/><AGARI ba="0,0" hai="9,10,11,40,44,48,76,79" m="39199,42569" machi="10" ten="30,3000,0" yaku="14,1,10,1" doraHai="67" who="2" fromWho="2" sc="250,-10,173,-10,230,30,347,-10" /><INIT seed="2,1,0,0,0,42" ten="240,163,260,337" oya="2" hai0="4,48,43,93,22,14,33,57,133,121,116,49,111" hai1="104,23,12,69,0,27,80,134,86,98,63,51,74" hai2="15,105,46,85,64,62,41,135,25,13,128,131,60" hai3="30,59,38,78,39,32,71,45,3,88,17,132,120"/><V84/><F105/><W9/><G120/><T95/><D121/><U52/><E0/><V66/><F25/><W50/><G71/><T55/><D33/><U96/><E74/><V73/><F73/><W130/><G78/><T107/><D107/><U36/><E36/><V109/><F135/><W10/><G59/><T103/><D133/><U97/><E134/><V72/><F72/><W91/><G32/><T100/><D111/><U5/><E69/><V122/><F122/><W127/><G30/><T47/><D116/><U68/><E68/><V82/><F109/><W31/><G31/><T70/><D70/><U2/><E2/><V102/><F102/><N who="0" m="38954" /><D4/><U61/><E104/><V92/><F92/><W79/><G79/><T40/><D43/><U123/><E123/><V11/><F62/><W26/><G38/><T34/><D34/><U90/><E12/><V19/><F13/><W89/><G39/><T94/><D14/><U126/><E5/><V129/><F60/><W24/><G26/><T113/><D113/><U125/><E125/><V18/><F18/><W44/><G127/><T37/><D37/><U6/><E6/><V7/><F19/><W35/><G35/><T112/><D112/><U83/><E83/><V54/><F41/><W20/><G3/><T75/><D75/><U28/><REACH who="1" step="1"/><E126/><REACH who="1" ten="240,153,260,337" step="2"/><V124/><F82/><W16/><G132/><T119/><D119/><U110/><E110/><V115/><F124/><W56/><G24/><T67/><D94/><U1/><E1/><V58/><F115/><W117/><G117/><T87/><D95/><U99/><E99/><RYUUKYOKU ba="1,1" sc="240,-10,153,30,260,-10,337,-10" hai1="23,27,28,51,52,61,63,80,86,90,96,97,98" /><INIT seed="3,2,1,4,1,47" ten="230,183,250,327" oya="3" hai0="120,46,17,26,65,4,19,63,27,79,36,15,51" hai1="73,50,41,106,104,89,135,21,85,24,88,126,109" hai2="97,91,49,105,32,119,12,58,61,92,45,121,118" hai3="54,107,66,57,130,1,96,115,16,29,114,9,76"/><W133/><G130/><T8/><D120/><U74/><E109/><V2/><F2/><W80/><G66/><T3/><D36/><U102/><E126/><V123/><F32/><W34/><G133/><T70/><D79/><U14/><E135/><V98/><F12/><W110/><G110/><T82/><D82/><U78/><E14/><V64/><F105/><W33/><G96/><T87/><D87/><U48/><E41/><V100/><F100/><W13/><G107/><T38/><D38/><U60/><E104/><V62/><F61/><W116/><G116/><T10/><D19/><U31/><E60/><V99/><F118/><W7/><G29/><T22/><D10/><U18/><E31/><V23/><F23/><W101/><G101/><T67/><D65/><U39/><E39/><V90/><F119/><W30/><G30/><T111/><D111/><U11/><E11/><V84/><REACH who="2" step="1"/><F91/><REACH who="2" ten="230,183,240,327" step="2"/><W128/><G33/><T55/><AGARI ba="2,2" hai="3,4,8,15,17,22,26,27,46,51,55,63,67,70" machi="55" ten="20,2700,0" yaku="0,1,7,1,52,1" doraHai="47" who="0" fromWho="0" sc="230,53,183,-9,240,-9,327,-15" owari="283,8.3,174,-32.6,231,-16.9,312,41.2" /></mjloggm>