<mjloggm ver="2.3"><GO type="169" lobby="0"/><UN n0="%E2%97%8E%E3%82%88%E3%81%97%E2%97%8E" n1="%E4%BF%8A%E6%96%87%E9%BE%8D" n2="%6B%61%74%65%72%69%6E%61" n3="%E6%9D%B1%E6%96%B9%E5%AE%9A%E5%8A%A9" dan="17,16,16,16" rate="2166.97,2118.19,2114.50,2124.45" sx="M,M,M,M"/><TAIKYOKU oya="0"/><INIT seed="0,0,0,4,0,8" ten="250,250,250,250" oya="0" hai0="77,86,52,128,60,68,88,89,103,31,16,19,45" hai1="62,119,33,12,51,96,46,85,73,97,118,90,131" hai2="108,0,105,56,120,124,17,14,111,13,135,98,15" hai3="49,75,20,106,65,107,84,25,125,50,34,114,63"/><T99/><D128/><U27/><E73/><V2/><F120/><W122/><G114/><T112/><D112/><U126/><E126/><V83/><F124/><W3/><G75/><T116/><D116/><U130/><E62/><V26/><F135/><W95/><G125/><T104/><D31/><U71/><E71/><V100/><F56/><W42/><G3/><T121/><D121/><U4/><E33/><V66/><F66/><W29/><G122/><T93/><D77/><U80/><E27/><V123/><F123/><W76/><G34/><T134/><D134/><U58/><E58/><V67/><F67/><W101/><G42/><T82/><D68/><U133/><E133/><V113/><F113/><W59/><G107/><T129/><D129/><N who="1" m="49163" /><E97/><V70/><F70/><W72/><G106/><T1/><D1/><U115/><E115/><V53/><F53/><W78/><G72/><T24/><D24/><U43/><E96/><V55/><F55/><W18/><G76/><T102/><D60/><U92/><E92/><V57/><F57/><W132/><G132/><T94/><D104/><U6/><E6/><V81/><F2/><W41/><G78/><T23/><D94/><U69/><E69/><V87/><F0/><W35/><G95/><T40/><D19/><U79/><E90/><V47/><F47/><W44/><G101/><T48/><D40/><U36/><E36/><V61/><F61/><W28/><G84/><T21/><REACH who="0" step="1"/><D16/><REACH who="0" ten="240,250,250,250" step="2"/><U5/><E4/><V30/><F17/><W110/><G29/><T38/><D38/><U37/><E37/><V127/><F127/><RYUUKYOKU ba="0,1" sc="240,15,250,15,250,-15,250,-15" hai0="21,23,45,48,52,82,86,88,89,93,99,102,103" hai1="5,12,43,46,51,79,80,85,118,119" /><INIT seed="0,1,1,1,5,108" ten="255,265,235,235" oya="0" hai0="44,111,100,1,50,12,51,36,23,119,99,92,130" hai1="4,38,56,85,53,89,14,135,102,87,109,16,54" hai2="82,81,113,116,7,29,2,20,45,77,95,5,21" hai3="27,11,22,120,69,124,112,10,43,60,103,24,79"/><T126/><D119/><U114/><E109/><V34/><F116/><W18/><G124/><T46/><D111/><U107/><E38/><V19/><F113/><W96/><G120/><T0/><D126/><U72/><E72/><V86/><F34/><W33/><G79/><T127/><D36/><U17/><E135/><V90/><F2/><W104/><G43/><T59/><D59/><U39/><E39/><V3/><F3/><W117/><G117/><T78/><D78/><U94/><E114/><V115/><F115/><W134/><G134/><T110/><D130/><U35/><E35/><V66/><F66/><N who="3" m="41159" /><G112/><T57/><D57/><U9/><E107/><V30/><F81/><W88/><G88/><T105/><D105/><U64/><E102/><V32/><F32/><W106/><G104/><T6/><D127/><U8/><E85/><V61/><F61/><W68/><G68/><T15/><D110/><U74/><E74/><V58/><F58/><W48/><G48/><N who="0" m="18475" /><D0/><U129/><E129/><V70/><F70/><W76/><G76/><T28/><D1/><U121/><E121/><V133/><F133/><W131/><G131/><T80/><D80/><U55/><E8/><V65/><F82/><W42/><G42/><T132/><D132/><U47/><E47/><N who="0" m="17961" /><D6/><N who="2" m="2058" /><F77/><W71/><G71/><T63/><D63/><AGARI ba="1,1" hai="4,9,14,16,17,53,54,55,56,63,64,87,89,94" machi="63" ten="40,2600,0" yaku="8,1,54,1" doraHai="108" who="1" fromWho="0" sc="255,-29,265,39,235,0,235,0" /><INIT seed="1,0,0,2,4,27" ten="226,304,235,235" oya="1" hai0="127,49,81,105,21,114,45,17,78,87,129,122,102" hai1="132,23,59,83,12,39,20,34,77,30,121,126,37" hai2="58,55,26,124,9,46,40,79,28,104,76,109,96" hai3="3,35,115,6,95,113,106,133,52,110,86,97,131"/><U94/><E121/><V54/><F109/><W32/><G131/><T107/><D114/><U130/><E130/><V72/><F124/><W41/><G41/><T69/><D129/><U47/><E126/><V16/><F104/><W61/><G106/><T75/><D127/><U38/><E132/><V8/><F96/><W117/><G110/><T66/><D122/><U2/><E2/><V120/><F120/><W64/><G133/><T128/><D128/><U134/><E134/><V135/><F135/><W101/><G117/><T112/><D112/><U116/><E116/><V4/><F8/><W43/><G43/><T44/><D44/><U65/><E47/><V118/><F118/><W89/><G6/><T33/><D33/><U60/><E94/><V63/><F55/><W68/><G3/><T103/><D75/><U67/><E67/><V22/><F72/><W99/><G99/><T18/><D105/><U71/><E71/><V36/><REACH who="2" step="1"/><F16/><REACH who="2" ten="226,304,225,235" step="2"/><W93/><G115/><T1/><D17/><U53/><E53/><V119/><F119/><W92/><G113/><T123/><D123/><U125/><E125/><V13/><AGARI ba="0,1" hai="4,9,13,22,26,28,36,40,46,54,58,63,76,79" machi="13" ten="20,8000,1" yaku="1,1,0,1,7,1,52,1,53,1" doraHai="27" doraHaiUra="7" who="2" fromWho="2" sc="226,-20,304,-40,225,90,235,-20" /><INIT seed="2,0,0,0,3,67" ten="206,264,315,215" oya="2" hai0="5,100,62,20,127,17,26,51,32,53,66,8,11" hai1="44,25,49,79,24,21,10,69,131,61,103,115,107" hai2="4,134,125,83,101,93,132,68,22,84,81,58,1" hai3="46,112,94,97,63,34,37,104,82,80,15,126,48"/><V95/><F58/><W76/><G126/><T41/><D127/><U72/><E115/><V9/><F125/><W70/><G37/><T121/><D121/><U38/><E131/><V99/><F22/><W129/><G129/><T123/><D32/><U96/><E38/><V114/><F114/><W108/><G108/><T78/><D123/><U89/><E72/><V2/><F2/><W55/><G112/><T130/><D130/><U43/><E79/><V91/><REACH who="2" step="1"/><F68/><REACH who="2" ten="206,264,305,215" step="2"/><W122/><G70/><T118/><D20/><U13/><E21/><V106/><F106/><W85/><G104/><T33/><D33/><U87/><E69/><V133/><AGARI ba="0,1" hai="1,4,9,81,83,84,91,93,95,99,101,132,133,134" machi="133" ten="30,11700,0" yaku="1,1,0,1,20,1,53,1" doraHai="67" doraHaiUra="3" who="2" fromWho="2" sc="206,-39,264,-39,305,127,215,-39" /><INIT seed="2,1,0,4,5,3" ten="167,225,432,176" oya="2" hai0="107,70,123,33,40,44,4,134,61,98,74,25,79" hai1="46,80,97,126,6,52,51,132,26,56,23,53,76" hai2="50,130,55,8,84,9,122,13,2,81,95,112,109" hai3="75,59,35,63,117,22,82,39,131,31,17,114,93"/><V71/><F112/><W110/><G117/><T133/><D123/><U19/><E132/><N who="0" m="50793" /><D79/><U135/><E135/><V96/><F122/><W103/><G39/><N who="0" m="21535" /><D74/><U89/><E126/><V67/><F109/><W101/><G110/><T18/><D18/><U108/><E108/><V65/><F130/><W21/><G17/><T45/><D45/><U16/><E19/><V0/><F9/><W102/><G75/><T90/><D90/><U121/><E121/><V38/><F38/><W43/><G103/><N who="0" m="62967" /><D61/><N who="1" m="35983" /><E6/><V104/><F104/><W37/><G63/><T54/><D54/><U116/><E116/><V128/><F128/><W119/><G131/><T100/><D100/><U30/><E30/><V32/><F32/><W105/><G102/><T73/><D73/><U11/><E11/><V41/><F41/><W28/><G101/><T1/><D70/><U113/><E113/><V20/><F20/><W36/><G114/><T125/><D125/><U58/><E76/><V62/><F67/><W64/><G64/><T42/><D42/><U47/><E80/><V14/><F14/><W29/><G82/><T118/><D118/><U94/><AGARI ba="1,0" hai="16,23,26,46,47,51,52,58,89,94,97" m="35983" machi="94" ten="30,7900,0" yaku="25,1,8,1,54,2" doraHai="3" who="1" fromWho="1" sc="167,-21,225,82,432,-40,176,-21" /><INIT seed="3,0,0,4,3,68" ten="146,307,392,155" oya="3" hai0="80,8,99,7,90,46,25,104,89,36,114,43,15" hai1="24,76,2,26,127,42,87,128,71,35,1,53,44" hai2="106,125,49,18,96,84,52,97,120,57,122,58,118" hai3="62,81,112,131,39,83,113,72,93,55,48,116,40"/><W17/><G116/><T95/><D114/><U78/><E71/><V74/><F118/><W123/><G123/><N who="2" m="47145" /><F74/><W59/><G131/><T79/><D25/><U121/><E121/><V77/><F125/><W5/><G93/><T132/><D132/><U31/><E127/><V73/><F73/><W65/><G17/><T34/><D34/><U126/><E126/><V86/><F77/><W67/><G67/><T45/><D45/><U70/><E70/><V3/><F3/><W63/><G63/><T38/><D104/><U82/><E128/><V134/><F134/><W98/><G98/><N who="2" m="37993" /><F106/><W103/><G103/><T85/><REACH who="0" step="1"/><D79/><REACH who="0" ten="136,307,392,155" step="2"/><U19/><E76/><V37/><F37/><AGARI ba="0,1" hai="7,8,15,36,37,38,43,46,80,85,89,90,95,99" machi="37" ten="30,12000,2" yaku="1,1,2,1,7,1,52,3,53,0" doraHai="68" doraHaiUra="129" who="0" fromWho="2" sc="136,130,307,0,392,-120,155,0" /><INIT seed="4,0,0,5,0,47" ten="266,307,272,155" oya="0" hai0="93,61,92,25,40,70,74,33,87,51,8,71,14" hai1="38,16,82,83,132,121,2,21,10,54,55,58,52" hai2="72,4,116,29,53,31,57,43,15,105,81,89,84" hai3="130,110,17,27,76,118,122,23,50,126,77,111,18"/><T37/><D74/><U133/><E38/><V91/><F105/><W42/><G118/><T36/><D33/><U117/><E117/><V79/><F116/><W59/><G130/><T119/><D119/><U65/><E121/><V109/><F109/><W26/><G126/><T13/><D25/><U0/><E65/><V32/><F43/><W125/><G125/><T22/><D22/><U41/><E41/><V1/><F1/><W46/><G122/><T128/><D128/><U48/><E82/><V73/><F73/><W24/><G59/><T3/><D3/><N who="1" m="1067" /><E10/><N who="2" m="4551" /><F72/><W60/><G60/><T88/><D92/><U7/><E83/><V108/><F108/><W129/><G129/><T123/><D123/><U95/><E95/><V67/><F67/><W20/><REACH who="3" step="1"/><G27/><REACH who="3" ten="266,307,272,145" step="2"/><T101/><D61/><U106/><E7/><V64/><F64/><W112/><G112/><T11/><D71/><U66/><E66/><V94/><F57/><W124/><G124/><T102/><D70/><U134/><E106/><V45/><F45/><W97/><G97/><T99/><D99/><U90/><E90/><V34/><F91/><W68/><G68/><T62/><D88/><U131/><E131/><V100/><F89/><W39/><G39/><T56/><D37/><U49/><E58/><V63/><F63/><W80/><G80/><T12/><D36/><U85/><E85/><V69/><F69/><W98/><G98/><T135/><D87/><U9/><E133/><V75/><F84/><W19/><G19/><T5/><D135/><U44/><E134/><V35/><F75/><W6/><G6/><RYUUKYOKU ba="0,1" sc="266,-10,307,-10,272,-10,145,30" hai3="17,18,20,23,24,26,42,46,50,76,77,110,111" /><INIT seed="5,1,1,1,4,64" ten="256,297,262,175" oya="1" hai0="109,115,46,90,53,7,121,104,69,74,65,103,23" hai1="6,84,86,22,33,108,96,123,113,26,11,117,47" hai2="98,82,70,80,87,56,72,125,35,25,40,60,135" hai3="59,43,32,134,130,15,116,114,17,9,81,5,41"/><U66/><E123/><V95/><F72/><W16/><G32/><T2/><D109/><U77/><E33/><V97/><F135/><W73/><G114/><T48/><D74/><U8/><E113/><V36/><F125/><W58/><G130/><T107/><D103/><U61/><E117/><V83/><F70/><W37/><G134/><T112/><D121/><U122/><E122/><V54/><F36/><W55/><G59/><T71/><D7/><U132/><E132/><V14/><F40/><W106/><G106/><T76/><D2/><U120/><E120/><V44/><F44/><W10/><G116/><T29/><D76/><U62/><E47/><V30/><F14/><W100/><G100/><T42/><D104/><U52/><E96/><V19/><F19/><W110/><G37/><T45/><D107/><U24/><E66/><V79/><REACH who="2" step="1"/><F98/><REACH who="2" ten="256,297,252,175" step="2"/><W91/><G73/><T27/><D112/><U31/><E6/><V39/><F39/><W111/><G17/><T119/><D115/><U20/><E31/><V63/><F63/><N who="3" m="36319" /><G111/><T99/><D119/><U88/><E108/><V102/><AGARI ba="1,2" hai="25,30,35,54,56,60,79,80,82,83,87,95,97,102" machi="102" ten="20,2700,0" yaku="1,1,0,1,7,1,53,0" doraHai="64" doraHaiUra="128" who="2" fromWho="2" sc="256,-8,297,-14,252,50,175,-8" /><INIT seed="6,0,0,1,2,81" ten="248,283,302,167" oya="2" hai0="113,8,29,125,108,130,26,126,82,120,64,47,4" hai1="21,112,6,129,17,2,66,20,111,44,128,42,99" hai2="133,115,10,92,13,23,24,90,106,78,107,3,58" hai3="88,70,121,51,86,74,52,54,59,55,110,94,53"/><V11/><F3/><W67/><G110/><T12/><D108/><U49/><E111/><V36/><F36/><W80/><G121/><T93/><D64/><U101/><E66/><V132/><F78/><N who="3" m="46359" /><G74/><T60/><D60/><U46/><E112/><V34/><F34/><W103/><G70/><T15/><D93/><U62/><E62/><V5/><F11/><W116/><G116/><T123/><D82/><U97/><E44/><V79/><F79/><W72/><G72/><T135/><D47/><U73/><E73/><V33/><F33/><W57/><G103/><T48/><D48/><U32/><E32/><V25/><F115/><W16/><G16/><N who="0" m="8199" /><D113/><U77/><E2/><V124/><F124/><N who="0" m="47722" /><D135/><U83/><E101/><V31/><F107/><W18/><G18/><T102/><D102/><U89/><E17/><V75/><F106/><W22/><G22/><N who="0" m="15575" /><D130/><U95/><E128/><V45/><F75/><W119/><G119/><T131/><D131/><U84/><E129/><V27/><F133/><W65/><G59/><T76/><D76/><U50/><E77/><V71/><F71/><W40/><G40/><T104/><D104/><U122/><E42/><V114/><F114/><W69/><G69/><T98/><D98/><AGARI ba="0,0" hai="51,52,53,54,55,57,65,67,88,94,98" m="46359" machi="98" ten="30,7700,0" yaku="8,1,52,1,54,2" doraHai="81" who="3" fromWho="0" sc="248,-77,283,0,302,0,167,77" /><INIT seed="7,0,0,0,0,82" ten="171,283,302,244" oya="3" hai0="94,62,14,15,98,19,56,97,127,1,118,51,135" hai1="74,7,125,33,104,2,12,108,58,90,37,123,96" hai2="50,32,85,113,63,16,52,111,109,91,68,59,70" hai3="46,71,55,27,76,95,102,86,49,107,42,106,44"/><W73/><G71/><T124/><D118/><U128/><RYUUKYOKU type="yao9" ba="0,0" sc="171,0,283,0,302,0,244,0" hai1="2,7,12,33,37,58,74,90,96,104,108,123,125,128" /><INIT seed="7,1,0,5,3,72" ten="171,283,302,244" oya="3" hai0="32,41,95,42,116,91,119,87,16,73,14,69,66" hai1="112,77,50,45,51,25,97,13,126,89,56,37,38" hai2="107,132,122,29,12,96,10,47,57,36,54,125,90" hai3="21,9,129,98,127,43,58,111,68,28,8,11,70"/><W61/><G129/><T82/><D32/><U71/><E71/><V1/><F1/><W106/><G43/><T49/><D69/><U108/><E108/><V7/><F132/><W59/><G59/><T5/><D5/><U105/><E105/><V27/><F125/><W63/><G63/><T46/><D66/><U104/><E104/><V30/><F122/><W15/><G127/><T79/><REACH who="0" step="1"/><D42/><REACH who="0" ten="161,283,302,244" step="2"/><U101/><E126/><V26/><F7/><W48/><G70/><T134/><D134/><U131/><E131/><V33/><F33/><W53/><G68/><T114/><D114/><U118/><E112/><V44/><F36/><W24/><G111/><T83/><D83/><U80/><E80/><V78/><F54/><W115/><G115/><T85/><D85/><U103/><E38/><V75/><F75/><W130/><G130/><T84/><D84/><U99/><E37/><V40/><F40/><W31/><G53/><T4/><D4/><U6/><E6/><V52/><F52/><W0/><G0/><T18/><D18/><U92/><E99/><V93/><F30/><W124/><G31/><T133/><D133/><U123/><E97/><V117/><F29/><W88/><G98/><T67/><D67/><U34/><E34/><V76/><F107/><W23/><G106/><T74/><D74/><U128/><E128/><V2/><F2/><W110/><G28/><T3/><D3/><U102/><E92/><V65/><F93/><W35/><G110/><T120/><D120/><U20/><E123/><V39/><F96/><W94/><G35/><T113/><D113/><RYUUKYOKU ba="1,1" sc="161,30,283,-10,302,-10,244,-10" hai0="14,16,41,46,49,73,79,82,87,91,95,116,119" /><INIT seed="8,2,1,2,4,77" ten="191,273,292,234" oya="0" hai0="99,44,80,109,0,24,32,101,119,21,85,40,79" hai1="83,127,128,61,34,120,133,72,96,37,55,104,106" hai2="112,35,88,27,94,110,125,28,132,63,16,95,4" hai3="52,126,11,30,68,102,48,115,105,33,3,78,2"/><T6/><D119/><U29/><E55/><V18/><F112/><W91/><G115/><T22/><D109/><U89/><E61/><V45/><F110/><W123/><G91/><T70/><D70/><U23/><E23/><V81/><F132/><W19/><G68/><T26/><D0/><U9/><E120/><V93/><F125/><W13/><G126/><T41/><D6/><U100/><E9/><V39/><F4/><W73/><G102/><T74/><D74/><U60/><E60/><V134/><F134/><W53/><G105/><T98/><D32/><U8/><E8/><V121/><F121/><W82/><G53/><T14/><D14/><U97/><E37/><V46/><F63/><W67/><G67/><T49/><D41/><U10/><E10/><V84/><F39/><W43/><G43/><T75/><D75/><U124/><E133/><V31/><F31/><W51/><G51/><T58/><D58/><U5/><E5/><V71/><F71/><W12/><G12/><T69/><D69/><U59/><E59/><V86/><F86/><W116/><G116/><T20/><REACH who="0" step="1"/><D98/><REACH who="0" ten="181,273,292,234" step="2"/><U42/><E42/><V76/><F46/><W90/><G3/><T103/><D103/><N who="1" m="62567" /><E124/><V15/><F45/><W130/><G2/><T47/><D47/><U111/><E127/><V17/><F15/><W64/><G13/><T131/><D131/><U1/><E1/><V114/><F114/><W62/><G130/><T108/><D108/><U122/><E111/><V25/><F25/><W57/><G33/><T38/><D38/><U107/><E128/><V66/><F35/><RYUUKYOKU ba="2,2" sc="181,30,273,-10,292,-10,234,-10" hai0="20,21,22,24,26,40,44,49,79,80,85,99,101" /><INIT seed="8,3,2,0,2,37" ten="211,263,282,224" oya="0" hai0="26,128,132,110,45,121,77,55,22,119,63,130,48" hai1="117,129,60,46,107,10,124,7,109,133,8,92,39" hai2="33,62,78,96,131,106,89,82,14,59,86,3,127" hai3="95,9,135,25,105,28,111,18,13,116,61,81,5"/><T27/><D121/><U11/><E107/><V54/><F3/><W87/><G111/><T23/><D110/><U118/><E109/><V38/><F33/><W68/><G105/><T76/><D119/><N who="1" m="45579" /><E129/><N who="0" m="49769" /><D132/><U29/><E124/><V43/><F131/><W40/><G116/><T47/><D63/><U101/><E60/><V21/><F127/><W51/><G135/><T91/><D91/><U108/><E108/><V80/><F43/><W42/><G51/><N who="0" m="29167" /><D26/><U72/><E72/><V73/><F38/><W36/><G36/><T0/><D0/><U122/><E122/><V115/><F115/><W75/><G61/><T57/><D57/><U24/><E133/><V16/><F96/><W113/><G68/><T34/><D34/><N who="1" m="20775" /><E39/><V123/><F123/><W97/><G75/><T49/><D49/><U66/><E66/><V69/><F69/><W112/><G112/><T19/><D23/><U85/><E46/><V84/><F73/><W70/><G113/><T20/><D22/><U102/><E7/><V31/><F106/><W74/><G5/><T120/><D120/><U15/><E15/><V32/><F32/><W56/><G70/><T103/><D103/><U58/><E58/><V134/><F134/><W79/><G56/><T4/><D4/><U64/><E64/><V100/><F100/><N who="3" m="60479" /><G74/><T71/><D71/><U44/><E44/><V6/><F6/><W12/><G12/><T88/><D88/><AGARI ba="3,2" hai="8,10,11,85,88,92,101,102" m="20775,45579" machi="88" ten="30,2000,0" yaku="16,1,54,1" doraHai="37" who="1" fromWho="0" sc="211,-29,263,49,282,0,224,0" owari="182,-31.8,312,41.2,282,8.2,224,-17.6" /></mjloggm>