<mjloggm ver="2.3"><GO type="169" lobby="0"/><UN n0="%E9%A2%A8%E3%81%A7%E9%B3%B4%E3%81%8F" n1="%E3%81%9D%E3%81%86%E3%81%9F%E3%81%A3%E3%81%9F" n2="%E5%A4%A7%E5%9E%8B%E7%8A%AC" n3="%E3%81%A6%E3%81%A4%EF%BC%A3" dan="16,16,16,16" rate="2153.22,2160.27,2105.72,2124.91" sx="M,M,M,M"/><TAIKYOKU oya="0"/><INIT seed="0,0,0,0,5,117" ten="250,250,250,250" oya="0" hai0="27,103,91,73,110,124,100,125,135,52,118,8,36" hai1="79,89,23,30,26,19,24,58,102,47,11,62,122" hai2="71,95,112,10,114,92,106,99,7,130,45,84,32" hai3="115,87,51,13,104,50,41,65,2,113,128,57,31"/><T9/><D118/><U28/><E122/><V76/><F71/><W83/><G2/><T43/><D73/><U16/><E79/><V69/><F69/><W129/><G104/><T63/><D135/><U123/><E123/><V94/><F32/><W42/><G31/><T61/><D91/><U5/><E102/><N who="0" m="38953" /><D27/><U35/><E47/><V67/><F67/><W108/><G13/><T6/><D110/><U55/><REACH who="1" step="1"/><E89/><REACH who="1" ten="250,240,250,250" step="2"/><V4/><F76/><W33/><G108/><T44/><D6/><U134/><E134/><V132/><F4/><W127/><G113/><T22/><D22/><U59/><E59/><V53/><F132/><W25/><G115/><T120/><D120/><U107/><E107/><V93/><F106/><W15/><G129/><T66/><D66/><U46/><E46/><V49/><F130/><W116/><G116/><T88/><D88/><U56/><E56/><V3/><F99/><W38/><G57/><N who="0" m="34983" /><D63/><U82/><E82/><V75/><F75/><W74/><G83/><T18/><D18/><U105/><E105/><V72/><F72/><W29/><G65/><T131/><D131/><U1/><AGARI ba="0,1" hai="1,5,11,16,19,23,24,26,28,30,35,55,58,62" machi="1" ten="20,5200,0" yaku="1,1,0,1,7,1,54,1,53,0" doraHai="117" doraHaiUra="40" who="1" fromWho="1" sc="250,-26,240,62,250,-13,250,-13" /><INIT seed="1,0,0,1,4,0" ten="224,302,237,237" oya="1" hai0="25,78,130,91,96,44,2,70,56,101,90,131,7" hai1="38,81,69,60,120,128,49,12,26,10,31,58,114" hai2="45,67,55,73,99,51,126,106,110,77,19,13,52" hai3="4,109,28,61,46,71,57,36,74,129,24,123,127"/><U29/><E114/><V122/><F122/><W59/><G123/><T86/><D70/><U3/><E38/><V111/><F67/><W118/><G109/><N who="2" m="41481" /><F126/><W115/><G115/><T62/><D44/><U33/><E3/><V72/><F77/><W54/><G127/><T103/><D25/><U22/><E128/><N who="0" m="49193" /><D78/><U27/><E120/><V23/><F55/><W34/><G129/><T15/><D2/><U125/><E125/><V119/><F119/><W113/><G113/><T124/><D101/><AGARI ba="0,0" hai="13,19,23,45,51,52,72,73,99,101,106" m="41481" machi="101" ten="30,2000,0" yaku="14,1,54,1" doraHai="0" who="2" fromWho="0" sc="224,-20,302,0,237,20,237,0" /><INIT seed="2,0,0,1,0,127" ten="204,302,257,237" oya="2" hai0="3,31,20,36,106,16,76,43,73,101,121,6,107" hai1="29,77,9,24,28,113,18,131,128,57,116,25,69" hai2="1,99,93,8,59,53,44,117,70,37,81,86,133" hai3="84,132,56,123,33,74,40,100,19,119,30,62,104"/><V47/><F70/><W120/><G119/><T35/><D121/><U10/><E69/><V112/><F112/><W63/><G74/><T49/><D49/><U17/><E57/><V72/><F72/><W111/><G111/><T79/><D79/><U122/><E77/><V75/><F75/><W7/><G7/><T23/><D23/><U11/><E113/><V115/><F117/><W98/><G132/><T94/><D94/><U87/><E87/><V66/><F66/><W80/><G40/><T60/><D60/><U26/><E122/><V22/><F133/><W105/><G105/><T55/><D55/><U13/><E116/><V68/><F68/><W97/><G98/><T91/><D91/><U108/><E108/><V89/><F37/><W52/><G63/><T114/><D101/><U126/><E126/><V134/><F134/><W48/><G62/><T41/><D41/><U92/><E92/><V54/><F54/><W32/><G19/><N who="1" m="7178" /><E13/><V61/><F115/><W51/><G51/><T38/><D114/><U2/><E2/><V83/><F83/><W110/><G110/><T65/><D65/><U14/><E14/><V96/><F96/><W85/><G85/><T135/><D135/><U4/><E4/><V45/><F1/><W39/><G39/><T129/><D6/><U82/><E82/><V64/><F64/><W118/><G118/><T103/><D3/><U67/><E67/><V109/><F109/><W42/><G123/><T71/><D71/><U95/><E95/><V88/><F22/><W78/><G120/><T0/><D106/><U125/><E125/><RYUUKYOKU ba="0,0" sc="204,-15,302,15,257,15,237,-15" hai1="9,10,11,24,25,26,28,29,128,131" hai2="8,44,45,47,53,59,61,81,86,88,89,93,99" /><INIT seed="2,1,0,1,1,55" ten="189,317,272,222" oya="2" hai0="108,77,13,122,95,100,93,46,120,2,104,105,41" hai1="98,80,79,89,6,97,83,9,113,128,75,119,126" hai2="74,72,61,84,3,90,99,25,123,68,64,20,129" hai3="92,51,115,106,32,114,47,70,73,116,1,63,130"/><V14/><F3/><W54/><G116/><T8/><D2/><U11/><E11/><V36/><F129/><W49/><G106/><T0/><D0/><U125/><E9/><V17/><F123/><W86/><G73/><T27/><D108/><U101/><E6/><V87/><F36/><W44/><G1/><T45/><D77/><U88/><E113/><N who="3" m="43018" /><G32/><T121/><D27/><U59/><E128/><V76/><F76/><W52/><G86/><T58/><D58/><U42/><E59/><V71/><F71/><W107/><G107/><T81/><D81/><U5/><E42/><V34/><F99/><W127/><G92/><T78/><D78/><N who="1" m="44127" /><E5/><V91/><F87/><W135/><G130/><T35/><D95/><N who="1" m="58591" /><E119/><V60/><F60/><W40/><G135/><T69/><D69/><U131/><E97/><V30/><REACH who="2" step="1"/><F91/><REACH who="2" ten="189,317,262,222" step="2"/><N who="1" m="34889" /><E131/><V23/><F23/><W37/><G70/><T112/><D112/><U50/><E50/><V85/><F85/><AGARI ba="1,1" hai="79,83,85,125,126" m="34889,58591,44127" machi="85" ten="30,3900,0" yaku="34,2,54,1" doraHai="55" who="1" fromWho="2" sc="189,0,317,52,262,-42,222,0" /><INIT seed="3,0,0,5,3,6" ten="189,369,220,222" oya="3" hai0="20,98,125,100,35,33,43,58,32,48,116,82,103" hai1="70,104,29,65,37,95,9,131,129,117,86,10,109" hai2="106,8,93,55,97,91,26,96,51,54,88,119,46" hai3="2,31,64,89,56,90,63,108,92,16,81,39,27"/><W50/><G39/><T17/><D116/><U120/><E104/><V128/><F119/><W61/><G2/><T99/><D125/><U71/><E120/><V75/><F75/><W118/><G118/><T60/><D82/><U36/><E29/><V28/><F128/><N who="1" m="49225" /><E109/><V114/><F114/><W80/><G108/><T107/><D48/><U122/><E65/><V62/><F106/><W59/><G50/><T3/><D3/><U42/><E122/><V132/><F132/><W79/><G79/><T24/><D43/><U7/><E9/><V105/><F8/><W84/><G89/><T76/><D76/><U52/><E52/><V78/><F78/><W111/><G111/><T73/><D73/><U45/><E37/><V135/><F135/><W77/><G77/><T130/><D130/><U94/><E86/><V11/><F11/><W57/><G57/><T12/><D99/><U38/><E38/><V124/><F124/><W110/><G110/><T72/><D100/><U112/><E112/><V101/><F91/><W15/><G59/><T21/><D72/><U13/><E117/><V66/><F55/><W25/><G63/><T5/><D5/><U115/><E115/><V87/><F87/><W1/><G1/><T127/><D127/><U126/><E126/><V134/><F134/><W14/><G80/><T23/><REACH who="0" step="1"/><D24/><REACH who="0" ten="179,369,220,222" step="2"/><U123/><E123/><V74/><F74/><W18/><G81/><T0/><D0/><U121/><E121/><V4/><F4/><W133/><G133/><T67/><AGARI ba="0,1" hai="12,17,20,21,23,32,33,35,58,60,67,98,103,107" machi="67" ten="30,2000,0" yaku="1,1,0,1,53,0" doraHai="6" doraHaiUra="47" who="0" fromWho="0" sc="179,30,369,-5,220,-5,222,-10" /><INIT seed="4,0,0,0,1,109" ten="209,364,215,212" oya="0" hai0="91,24,56,47,8,77,54,98,42,117,132,61,131" hai1="19,82,53,57,113,104,127,106,115,26,49,103,107" hai2="39,29,1,67,46,44,99,60,87,41,6,50,78" hai3="70,5,74,31,43,21,96,111,84,79,76,112,28"/><T48/><D117/><U86/><E127/><V15/><F1/><W23/><G111/><T20/><D132/><U123/><E123/><V121/><F121/><W13/><G70/><T3/><D131/><U120/><E120/><V105/><F29/><W18/><G74/><T85/><D3/><U119/><E103/><V71/><F105/><W102/><G112/><N who="1" m="43082" /><E119/><V130/><F99/><W128/><G43/><T89/><D8/><U66/><E66/><V2/><F2/><W32/><G32/><T80/><REACH who="0" step="1"/><D98/><REACH who="0" ten="199,364,215,212" step="2"/><U101/><E101/><V88/><F130/><W27/><G128/><T93/><D93/><U30/><E107/><V36/><F6/><W129/><G129/><T34/><D34/><N who="1" m="20823" /><E19/><AGARI ba="0,1" hai="19,20,24,42,47,48,54,56,61,77,80,85,89,91" machi="19" ten="30,5800,0" yaku="1,1,7,1,8,1,53,0" doraHai="109" doraHaiUra="110" who="0" fromWho="1" sc="199,68,364,-58,215,0,212,0" /><INIT seed="4,1,0,4,4,36" ten="267,306,215,212" oya="0" hai0="52,132,29,2,75,77,106,115,103,114,60,25,62" hai1="58,72,73,20,66,118,122,90,76,10,23,40,61" hai2="130,4,49,112,59,109,97,21,80,16,125,88,111" hai3="19,99,82,3,32,51,8,9,101,68,65,45,81"/><T94/><D106/><U85/><E118/><V67/><F112/><N who="0" m="43050" /><D2/><U39/><E122/><V50/><F130/><W127/><G127/><T55/><D132/><U11/><E76/><V7/><F125/><W95/><G32/><N who="0" m="20527" /><D94/><U107/><E107/><V131/><F131/><W18/><G68/><T69/><D103/><U46/><E20/><V22/><F22/><W57/><G3/><T71/><D62/><U87/><E87/><N who="2" m="50279" /><F97/><W108/><G108/><T28/><D28/><U79/><E23/><V117/><F117/><W54/><G65/><N who="0" m="41127" /><D71/><U33/><E33/><V56/><F111/><W98/><G98/><T134/><D134/><U119/><E119/><V86/><F109/><W37/><G19/><T17/><D17/><U43/><E61/><N who="2" m="38311" /><F86/><W15/><G8/><T92/><D92/><U78/><E10/><V31/><F31/><W35/><G35/><T70/><D70/><U100/><E11/><V1/><F1/><W124/><G124/><T64/><D64/><U13/><E85/><V91/><F4/><W41/><AGARI ba="1,0" hai="9,15,18,37,41,45,51,54,57,81,82,95,99,101" machi="41" ten="30,2000,0" yaku="0,1,52,1" doraHai="36" who="3" fromWho="3" sc="267,-11,306,-6,215,-6,212,23" /><INIT seed="5,0,0,2,2,109" ten="256,300,209,235" oya="1" hai0="110,42,77,61,40,14,113,67,131,72,135,8,36" hai1="106,104,13,124,57,76,112,99,50,88,71,12,126" hai2="60,38,133,105,30,102,107,83,22,33,80,26,73" hai3="9,7,24,78,0,44,29,52,125,10,74,32,6"/><U115/><E71/><V53/><F38/><W85/><G125/><N who="1" m="48234" /><E76/><V93/><F133/><W100/><G100/><T3/><D110/><U41/><E88/><V97/><F33/><W116/><G116/><T122/><D135/><U75/><E75/><V28/><F28/><W47/><G74/><T1/><D77/><U62/><E50/><V129/><F129/><W95/><G95/><T18/><D72/><U56/><E57/><V68/><F73/><W51/><G85/><T64/><D64/><U128/><E41/><V46/><F68/><W84/><G84/><T90/><D90/><U35/><E35/><V59/><REACH who="2" step="1"/><F46/><REACH who="2" ten="256,300,199,235" step="2"/><W82/><G44/><T20/><D36/><U25/><E128/><V21/><F21/><W39/><G39/><T114/><D131/><U48/><E112/><N who="0" m="43113" /><D20/><U70/><E115/><V121/><F121/><W55/><G47/><T81/><D122/><U49/><E70/><V98/><F98/><W87/><REACH who="3" step="1"/><G51/><REACH who="3" ten="256,300,199,225" step="2"/><T2/><D81/><AGARI ba="0,2" hai="22,26,30,53,59,60,80,81,83,93,97,102,105,107" machi="81" ten="40,1300,0" yaku="1,1,53,0" doraHai="109" doraHaiUra="65" who="2" fromWho="0" sc="256,-13,300,0,199,33,225,0" /><INIT seed="6,0,0,5,0,25" ten="243,300,232,225" oya="2" hai0="123,12,49,105,22,124,135,39,90,128,119,132,125" hai1="51,81,108,66,54,44,64,43,129,92,45,1,40" hai2="52,133,20,37,17,10,59,113,126,68,107,29,106" hai3="60,120,114,30,122,5,67,48,103,118,9,33,38"/><V109/><F68/><W73/><G38/><T26/><D39/><U98/><E1/><V74/><F74/><W71/><G48/><T7/><D105/><U14/><E108/><V134/><F37/><W8/><G8/><N who="0" m="4127" /><D90/><U24/><E129/><V61/><F109/><W69/><G118/><T111/><D49/><U95/><E24/><N who="2" m="16519" /><F113/><W72/><G71/><T87/><D87/><U55/><E14/><N who="2" m="7383" /><F126/><N who="0" m="48746" /><D111/><U117/><E117/><V23/><F23/><W2/><G103/><T47/><D47/><U116/><E116/><V93/><F93/><W75/><G114/><T3/><D3/><U91/><E81/><V6/><F6/><W31/><REACH who="3" step="1"/><G33/><REACH who="3" ten="243,300,232,215" step="2"/><T79/><D119/><U78/><E51/><V76/><F76/><W36/><G36/><T19/><D79/><U11/><E78/><V99/><F99/><W56/><G56/><T89/><D89/><U97/><E11/><V82/><F82/><W86/><G86/><T32/><D32/><U42/><E91/><V63/><F61/><W80/><G80/><T57/><D57/><U131/><E97/><V53/><F53/><W85/><G85/><T100/><D100/><U15/><E98/><V41/><F41/><W58/><G58/><T101/><D101/><U84/><E42/><V62/><F63/><W13/><G13/><T21/><D128/><U104/><E131/><V4/><F4/><W110/><G110/><T130/><D130/><U70/><E70/><V18/><F62/><W65/><G65/><T34/><D34/><U28/><E40/><V88/><F59/><W46/><G46/><N who="1" m="18026" /><E43/><V127/><F88/><RYUUKYOKU ba="0,1" sc="243,-10,300,-10,232,-10,215,30" hai3="2,5,9,30,31,60,67,69,72,73,75,120,122" /><INIT seed="7,1,1,1,5,42" ten="233,290,222,245" oya="3" hai0="4,105,100,30,130,74,71,129,115,38,28,95,66" hai1="16,133,68,75,41,32,46,112,69,35,104,83,53" hai2="48,39,61,47,54,70,76,93,82,7,2,18,45" hai3="127,8,33,80,134,118,72,78,58,5,14,125,10"/><W73/><G118/><T3/><D74/><U6/><E53/><V123/><F123/><W92/><G134/><T120/><D120/><U110/><E110/><V108/><F108/><W60/><G33/><T132/><D38/><N who="1" m="21815" /><E16/><V62/><F18/><W81/><G92/><T63/><D115/><U113/><E6/><V77/><F93/><W107/><G107/><T26/><D95/><U36/><E36/><V50/><F39/><W86/><G10/><N who="0" m="2335" /><D132/><U135/><E104/><V116/><F116/><W24/><G24/><T56/><D56/><U111/><E111/><V119/><F119/><W117/><G117/><T103/><D103/><U12/><E12/><V101/><F101/><W89/><REACH who="3" step="1"/><G72/><REACH who="3" ten="233,290,222,235" step="2"/><T31/><D26/><U79/><E135/><V67/><F82/><W44/><G44/><T20/><D105/><U43/><E133/><V15/><F2/><W57/><G57/><T87/><D129/><U40/><E32/><V21/><F21/><W52/><AGARI ba="1,2" hai="5,8,14,52,58,60,73,78,80,81,86,89,125,127" machi="52" ten="30,6000,0" yaku="1,1,0,1,54,1,53,0" doraHai="42" doraHaiUra="102" who="3" fromWho="3" sc="233,-21,290,-21,222,-21,235,83" owari="212,-18.8,269,6.9,201,-29.9,318,41.8" /></mjloggm>