<mjloggm ver="2.3"><GO type="169" lobby="0"/><UN n0="%E4%BA%8C%E6%8A%9E%E4%BA%BA" n1="%E3%81%9B%E3%81%A9%E3%81%AA%E3%82%8A%E3%81%82%E3%82%93" n2="%E5%AE%88%E6%9D%91%E6%A1%9C%E5%BC%A5" n3="%E3%82%AB%E3%83%AB%E3%83%94%E3%82%B9%E3%82%B5%E3%83%AF%E3%83%BC" dan="16,17,17,17" rate="2068.85,2169.30,2149.68,2226.99" sx="F,F,M,M"/><TAIKYOKU oya="0"/><INIT seed="0,0,0,0,3,57" ten="250,250,250,250" oya="0" hai0="89,83,60,6,8,79,86,62,13,132,63,50,127" hai1="34,64,112,103,3,95,77,84,30,42,33,133,109" hai2="70,19,120,73,53,29,115,49,104,26,117,111,65" hai3="23,101,114,44,58,35,24,39,130,1,121,36,87"/><T16/><D132/><U11/><E42/><V92/><F104/><W46/><G114/><T128/><D128/><U9/><E109/><V51/><F73/><W69/><G69/><T129/><D129/><U52/><E64/><V108/><F115/><W82/><G130/><T85/><D127/><U59/><E133/><V124/><F120/><W71/><G71/><T102/><D102/><U126/><E126/><V27/><F124/><W90/><G1/><T14/><D50/><U25/><E34/><V72/><F72/><W123/><G35/><T56/><D56/><U131/><E131/><V45/><F51/><W107/><G58/><T99/><D99/><U110/><E110/><V113/><F113/><W28/><G101/><T5/><D13/><U55/><E112/><V98/><F117/><W100/><G100/><T118/><D118/><U18/><E55/><V21/><F98/><W12/><G107/><T78/><D78/><U40/><E40/><V80/><F108/><W54/><G12/><T20/><D8/><U22/><E3/><V31/><F111/><W61/><G61/><T76/><D76/><U91/><E77/><V119/><F119/><W88/><G90/><T41/><D41/><U15/><E103/><V93/><F70/><W97/><G97/><T116/><D116/><U37/><E37/><N who="3" m="14410" /><G54/><T94/><AGARI ba="0,0" hai="5,6,14,16,20,60,62,63,79,83,85,86,89,94" machi="94" ten="30,18000,2" yaku="0,1,8,1,52,3,54,1" doraHai="57" who="0" fromWho="0" sc="250,180,250,-60,250,-60,250,-60" /><INIT seed="0,1,0,1,3,108" ten="430,190,190,190" oya="0" hai0="33,77,63,16,69,97,86,71,44,87,131,119,106" hai1="1,27,34,7,52,53,64,80,132,68,90,49,115" hai2="48,42,60,81,113,10,41,57,121,98,9,21,85" hai3="23,130,89,2,83,126,102,35,123,39,6,14,46"/><T61/><D119/><U54/><E132/><V100/><F121/><W84/><G35/><T4/><D131/><U25/><E68/><V55/><F113/><W58/><G130/><T8/><D33/><U120/><E120/><V117/><F117/><W18/><G123/><T36/><D106/><U101/><E64/><V76/><F21/><W72/><G126/><T109/><D71/><U112/><E101/><V95/><REACH who="2" step="1"/><F60/><REACH who="2" ten="430,190,180,190" step="2"/><W40/><G23/><T28/><D63/><U12/><E34/><V32/><F32/><W104/><G104/><T66/><D61/><U37/><E37/><V88/><F88/><W5/><G89/><T75/><D36/><U47/><E1/><V3/><F3/><W70/><G2/><T135/><D135/><U65/><E65/><V118/><F118/><W15/><G39/><T59/><D66/><U17/><E7/><V96/><F96/><W51/><G5/><T78/><D97/><U94/><E80/><V107/><F107/><W116/><G83/><T22/><D4/><U45/><E112/><V56/><F56/><W93/><G58/><T67/><D59/><U24/><E115/><V50/><F50/><W110/><G51/><T31/><D67/><U129/><E129/><V124/><F124/><W13/><G116/><T19/><D69/><U111/><E111/><V26/><F26/><W11/><G110/><T134/><D109/><U133/><E49/><V20/><F20/><W122/><G122/><T103/><D22/><N who="1" m="11559" /><E133/><V128/><F128/><W105/><G70/><T125/><D134/><U0/><E0/><V82/><F82/><RYUUKYOKU ba="1,1" sc="430,-15,190,15,180,15,190,-15" hai1="24,25,27,45,47,52,53,54,90,94" hai2="9,10,41,42,48,55,57,76,81,85,95,98,100" /><INIT seed="1,2,1,2,5,131" ten="415,205,195,175" oya="1" hai0="65,60,99,12,13,22,40,29,104,39,25,73,92" hai1="48,23,124,34,45,21,10,120,20,111,28,27,32" hai2="1,96,56,54,63,11,78,128,106,5,44,80,105" hai3="70,38,47,30,3,133,108,83,126,91,135,41,74"/><U15/><E120/><V42/><F128/><W19/><G70/><T132/><D73/><U77/><E124/><V46/><F46/><W64/><G64/><T6/><D104/><U118/><E118/><V76/><F96/><W55/><G126/><T85/><D85/><U95/><E34/><V26/><F26/><W79/><G108/><T18/><D40/><U87/><E111/><V114/><F114/><W102/><G30/><T100/><D39/><U129/><E129/><V67/><F54/><W115/><G115/><T4/><D13/><U110/><E110/><V122/><F78/><W72/><G72/><T7/><D132/><N who="3" m="50761" /><G3/><T66/><REACH who="0" step="1"/><D60/><REACH who="0" ten="405,205,195,175" step="2"/><U82/><E95/><V81/><F122/><W49/><G102/><T112/><D112/><U17/><REACH who="1" step="1"/><E32/><AGARI ba="2,2" hai="4,6,7,12,18,22,25,29,32,65,66,92,99,100" machi="32" ten="40,1300,0" yaku="1,1,53,0" doraHai="131" doraHaiUra="119" who="0" fromWho="1" sc="405,39,205,-19,195,0,175,0" /><INIT seed="2,0,0,3,3,27" ten="444,186,195,175" oya="2" hai0="43,106,107,73,104,29,113,68,111,32,34,65,97" hai1="88,76,75,102,114,64,120,79,1,22,20,58,74" hai2="134,52,15,95,54,89,8,62,26,98,129,85,3" hai3="45,49,10,30,119,93,39,80,116,121,117,50,115"/><V82/><F134/><W118/><G121/><T112/><D43/><U19/><E1/><V110/><F129/><W46/><G117/><T108/><D73/><U4/><E4/><V42/><F3/><W122/><G122/><T92/><D92/><U101/><E120/><V67/><F42/><W18/><G39/><T53/><D53/><U132/><E19/><V71/><F26/><W5/><G115/><T72/><D72/><U57/><E64/><V37/><F37/><W99/><G18/><T70/><D97/><U126/><E126/><V78/><REACH who="2" step="1"/><F110/><REACH who="2" ten="444,186,185,175" step="2"/><W31/><G118/><T11/><D111/><U36/><E36/><V84/><F84/><W0/><G116/><T41/><D108/><U24/><E24/><V61/><F61/><W103/><G119/><T94/><D41/><U90/><REACH who="1" step="1"/><E114/><REACH who="1" ten="444,176,185,175" step="2"/><V135/><F135/><AGARI ba="0,2" hai="20,22,57,58,74,75,76,79,88,90,101,102,132,135" machi="135" ten="25,8000,1" yaku="1,1,2,1,22,2,54,1,53,0" doraHai="27" doraHaiUra="44" who="1" fromWho="2" sc="444,0,176,100,185,-80,175,0" /><INIT seed="3,0,0,4,5,18" ten="444,276,105,175" oya="3" hai0="111,84,83,22,65,8,68,49,42,33,1,45,110" hai1="41,123,14,27,75,66,71,134,98,91,122,26,86" hai2="37,107,74,126,34,118,57,73,9,53,52,92,132" hai3="15,76,5,36,89,6,47,117,56,95,40,67,120"/><W0/><G117/><T44/><D33/><U3/><E3/><V96/><F118/><W12/><G120/><T113/><D113/><U109/><E75/><V112/><F112/><W46/><G76/><T21/><D65/><U50/><E71/><V20/><F34/><W82/><G82/><T100/><D68/><U25/><E66/><V121/><F107/><W81/><G81/><T128/><D128/><U125/><E98/><V48/><F121/><W103/><G103/><T131/><D131/><U4/><E109/><N who="0" m="41481" /><D100/><U2/><E2/><V88/><F37/><W11/><G46/><T115/><D115/><U54/><E41/><V102/><F126/><W24/><G6/><N who="0" m="1103" /><D44/><U90/><E125/><V85/><F9/><W51/><G24/><T135/><D135/><U104/><E134/><V43/><F43/><W79/><G79/><AGARI ba="0,0" hai="21,22,42,45,49,79,83,84" m="1103,41481" machi="79" ten="30,3900,0" yaku="14,1,52,2" doraHai="18" who="0" fromWho="3" sc="444,39,276,0,105,0,175,-39" /><INIT seed="4,0,0,5,3,107" ten="483,276,105,136" oya="0" hai0="67,47,96,109,17,101,0,83,19,49,52,72,42" hai1="105,125,9,37,126,14,79,60,73,91,7,3,66" hai2="70,12,28,15,115,135,16,111,44,45,63,20,48" hai3="120,8,86,114,108,10,104,110,98,61,55,18,30"/><T36/><D0/><U27/><E105/><V62/><F111/><W6/><G114/><T113/><D113/><U11/><E37/><V124/><F115/><W68/><G120/><T32/><D32/><U129/><E27/><V106/><F106/><W34/><G86/><T51/><D67/><U69/><E91/><V94/><F124/><N who="1" m="47721" /><E129/><V5/><F135/><W64/><G55/><T133/><D36/><U119/><E119/><V90/><F28/><W56/><G56/><T81/><D133/><U31/><E31/><V118/><F118/><W2/><G18/><T112/><D112/><U78/><E73/><V4/><F45/><W88/><G8/><T53/><D42/><U46/><E46/><V50/><F50/><W13/><G13/><T84/><D72/><U92/><E92/><V58/><F70/><W35/><G35/><T26/><D109/><U134/><E134/><V57/><F57/><W127/><G127/><T116/><D116/><U102/><E102/><V121/><F121/><W54/><G54/><T97/><D26/><U39/><E39/><V38/><F38/><W80/><G80/><T40/><D40/><U29/><E29/><V24/><F24/><N who="3" m="18759" /><G88/><T87/><D47/><U82/><E82/><V132/><F132/><W131/><G131/><T22/><D22/><U77/><E11/><N who="2" m="4207" /><F58/><W95/><G95/><T89/><D89/><U117/><E117/><V100/><F100/><AGARI ba="0,0" hai="2,6,10,61,64,68,98,100,104,108,110" m="18759" machi="100" ten="30,2000,0" yaku="25,1,23,1" doraHai="107" who="3" fromWho="2" sc="483,0,276,0,105,-20,136,20" /><AGARI ba="0,0" hai="17,19,49,51,52,53,81,83,84,87,96,97,100,101" machi="100" ten="25,9600,0" yaku="22,2,8,1,54,1" doraHai="107" who="0" fromWho="2" sc="483,96,276,0,85,-96,156,0" owari="579,67.9,276,7.6,-11,-51.1,156,-24.4" /></mjloggm>