<mjloggm ver="2.3"><GO type="169" lobby="0"/><UN n0="%E3%81%82%E3%81%95%E3%81%B4%E3%82%93%EF%BC%A0%EF%BD%8D%EF%BD%8A" n1="%E3%81%99%E3%83%BC%5F%E9%88%B4%E6%9C%A8%E6%B5%A9%E5%B9%B3" n2="%79%61%6E%72%6F%75" n3="%E8%A3%8F%E7%9F%A5%E3%82%89%E3%81%9A" dan="18,16,16,17" rate="2262.17,2102.53,2156.64,2194.37" sx="M,M,M,M"/><TAIKYOKU oya="0"/><INIT seed="0,0,0,5,2,125" ten="250,250,250,250" oya="0" hai0="71,26,45,121,76,12,10,50,47,111,64,80,123" hai1="95,39,110,23,133,13,27,105,116,94,68,54,5" hai2="85,103,135,43,102,56,107,61,52,42,106,79,134" hai3="130,74,7,99,78,83,20,82,113,51,38,90,128"/><T34/><D111/><U86/><E116/><V2/><F2/><W109/><G38/><T70/><D34/><U3/><E105/><V115/><F115/><W9/><G113/><T119/><D119/><U35/><E68/><V88/><F79/><W132/><G109/><T124/><D124/><U122/><E39/><V117/><F117/><W97/><G132/><N who="2" m="50729" /><F107/><W19/><G51/><T59/><D26/><U93/><E110/><V11/><F11/><W126/><G126/><T31/><D31/><U58/><E35/><V63/><F63/><W108/><G108/><T75/><D59/><U81/><E3/><V129/><F129/><N who="3" m="49771" /><G90/><T36/><D36/><U8/><E133/><V44/><F106/><W0/><G83/><T66/><D121/><U40/><E40/><N who="2" m="15403" /><F44/><W28/><G28/><T1/><D123/><U92/><E122/><V25/><F25/><AGARI ba="0,0" hai="0,7,9,19,20,25,74,78,82,97,99" m="49771" machi="25" ten="30,7700,0" yaku="19,1,52,3" doraHai="125" who="3" fromWho="2" sc="250,0,250,0,250,-77,250,77" /><INIT seed="1,0,0,0,4,37" ten="250,250,173,327" oya="1" hai0="28,125,49,89,70,8,96,55,88,24,1,59,109" hai1="33,97,69,58,93,74,4,5,103,7,94,14,63" hai2="6,76,23,99,122,116,71,120,34,38,53,72,81" hai3="108,133,25,98,52,12,65,102,82,130,13,57,35"/><U16/><E33/><V43/><F116/><W48/><G108/><T60/><D109/><U2/><E74/><V36/><F34/><W15/><G133/><T64/><D125/><U73/><E73/><V87/><F36/><W68/><G130/><T50/><D50/><U134/><E134/><V62/><F87/><W51/><G82/><T91/><D8/><U29/><E29/><V75/><F72/><W3/><G3/><T118/><D1/><U92/><E69/><V117/><F117/><W83/><G83/><T113/><D113/><U104/><E2/><V30/><F99/><W90/><G90/><T85/><D96/><U110/><E110/><V22/><F6/><W78/><G78/><T11/><D11/><N who="1" m="6239" /><E104/><V107/><F107/><W45/><G68/><T9/><D9/><U31/><E31/><V95/><F95/><N who="3" m="58719" /><G35/><T101/><D101/><U114/><E114/><V127/><F127/><W131/><G131/><T41/><D118/><U121/><E121/><V135/><F135/><W46/><G65/><AGARI ba="0,0" hai="4,5,7,58,63,65,92,93,94,97,103" m="6239" machi="65" ten="30,2900,0" yaku="8,1,54,1" doraHai="37" who="1" fromWho="3" sc="250,0,250,29,173,0,327,-29" /><INIT seed="1,1,0,5,1,42" ten="250,279,173,298" oya="1" hai0="76,114,48,94,133,82,109,122,32,70,7,75,58" hai1="1,110,96,41,102,64,89,44,66,50,121,29,43" hai2="33,128,56,21,85,6,88,18,123,108,80,98,132" hai3="125,25,11,54,36,67,111,12,97,45,115,9,40"/><U74/><E121/><V34/><F108/><W47/><G115/><T15/><D114/><U126/><E74/><V93/><F123/><W92/><G111/><T38/><D109/><U72/><E72/><V129/><F6/><W30/><G67/><T46/><D70/><U52/><E1/><V131/><F56/><W20/><G125/><T134/><D32/><U24/><E110/><V5/><F5/><W101/><REACH who="3" step="1"/><G12/><REACH who="3" ten="250,279,173,288" step="2"/><T118/><D122/><U81/><E126/><V119/><F132/><W17/><G17/><T23/><D7/><U63/><E66/><V84/><F119/><W120/><G120/><T16/><D118/><U8/><E64/><V135/><F135/><W2/><G2/><T65/><D65/><U90/><E24/><N who="2" m="14391" /><F84/><W83/><G83/><T95/><D133/><U77/><E81/><V13/><F13/><W51/><AGARI ba="1,1" hai="9,11,20,25,30,36,40,45,47,51,54,92,97,101" machi="51" ten="30,7900,0" yaku="1,1,0,1,52,2,53,0" doraHai="42" doraHaiUra="100" who="3" fromWho="3" sc="250,-21,279,-40,173,-21,288,92" /><INIT seed="2,0,0,3,0,110" ten="229,239,152,380" oya="2" hai0="29,104,67,130,5,84,63,72,132,54,98,10,123" hai1="118,21,78,1,101,66,38,83,2,106,60,96,70" hai2="3,122,129,100,4,23,93,37,71,125,107,76,124" hai3="111,15,69,120,108,11,133,115,45,99,119,64,134"/><V75/><F71/><W40/><G119/><T126/><D72/><U65/><E118/><V94/><F37/><N who="3" m="21647" /><G120/><T47/><D123/><U34/><E34/><V32/><F122/><W56/><G69/><T17/><D126/><N who="2" m="48746" /><F32/><W79/><G79/><T57/><D130/><U18/><E38/><V8/><F129/><W49/><G99/><T128/><D128/><U16/><E65/><V105/><F23/><W74/><G74/><T24/><D17/><U30/><E30/><V127/><N who="2" m="48754" /><V7/><DORA hai="89" /><F4/><N who="3" m="3559" /><G115/><T51/><D132/><N who="3" m="50793" /><G49/><T109/><D109/><U73/><REACH who="1" step="1"/><E18/><REACH who="1" ten="229,229,152,380" step="2"/><V26/><F26/><AGARI ba="0,1" hai="1,2,16,21,26,60,66,70,73,78,83,96,101,106" machi="26" ten="30,7700,0" yaku="1,1,2,1,7,1,54,1,53,0" doraHai="110,89" doraHaiUra="0,116" who="1" fromWho="2" sc="229,0,229,87,152,-77,380,0" /><INIT seed="3,0,0,3,1,106" ten="229,316,75,380" oya="3" hai0="100,54,20,87,134,76,22,25,15,62,86,93,41" hai1="64,119,63,129,90,70,17,14,113,10,19,59,77" hai2="132,124,75,60,95,99,123,4,46,127,43,49,80" hai3="12,108,91,102,3,88,48,112,61,52,107,16,58"/><W85/><G3/><T50/><D134/><U131/><E113/><V40/><F132/><W26/><G112/><T37/><D37/><U67/><E119/><V34/><F34/><W84/><G108/><T135/><D135/><U11/><E77/><V92/><F123/><W114/><G114/><T89/><D100/><U6/><E90/><N who="3" m="34346" /><G107/><T47/><D15/><U44/><E44/><V72/><F4/><W24/><G102/><T38/><D38/><U126/><E126/><N who="2" m="48171" /><F99/><W65/><G26/><T111/><D111/><U74/><E74/><N who="2" m="28203" /><F80/><W53/><G24/><T39/><D25/><U1/><E17/><V2/><F2/><W79/><G79/><T18/><D18/><U30/><E30/><V122/><F122/><W57/><G65/><T125/><D125/><U133/><E133/><V130/><F130/><N who="1" m="49673" /><E64/><V21/><F21/><AGARI ba="0,0" hai="12,16,21,48,52,53,57,58,61,84,85" m="34346" machi="21" ten="30,11600,0" yaku="8,1,54,3" doraHai="106" who="3" fromWho="2" sc="229,0,316,0,75,-116,380,116" owari="229,-17.1,316,11.6,-41,-54.1,496,59.6" /></mjloggm>