<mjloggm ver="2.3"><GO type="169" lobby="0"/><UN n0="%E5%A4%A7%E7%A9%BA%E3%82%B9%E3%83%90%E3%83%AB%E2%98%86" n1="%E3%83%95%E3%82%AF%E3%83%AD%E3%82%A6%E3%82%B5%E3%83%B3" n2="%6D%6F%75%77" n3="%62%69%70%73%64" dan="16,17,16,18" rate="2098.30,2186.44,2120.85,2270.24" sx="F,F,M,M"/><TAIKYOKU oya="0"/><INIT seed="0,0,0,1,1,93" ten="250,250,250,250" oya="0" hai0="131,107,87,6,102,66,57,82,3,101,30,13,90" hai1="109,111,103,54,129,4,75,106,50,16,5,104,33" hai2="126,36,115,2,121,65,79,119,96,37,26,21,10" hai3="23,99,98,64,55,35,78,120,128,112,34,83,59"/><T134/><D3/><U12/><E75/><V7/><F126/><W130/><G112/><T40/><D134/><U62/><E33/><V43/><F121/><W28/><G64/><T48/><D131/><N who="3" m="50217" /><G23/><T118/><D118/><U52/><E129/><V124/><F124/><W22/><G22/><T29/><D107/><U135/><E135/><V110/><F110/><N who="1" m="41993" /><E62/><V88/><F115/><W122/><G28/><N who="0" m="10859" /><D66/><U116/><E54/><V89/><F119/><W31/><G31/><T38/><D38/><U85/><E85/><V9/><F9/><W113/><G113/><T56/><D40/><U41/><E41/><V84/><F65/><W123/><G34/><T19/><D6/><N who="1" m="2667" /><E103/><N who="0" m="39433" /><D48/><U72/><E72/><V94/><F79/><W27/><G27/><T18/><D18/><U114/><E114/><V14/><F2/><W1/><G1/><T49/><D49/><U53/><E53/><V105/><F105/><W69/><G69/><T71/><D71/><U117/><E117/><V68/><F68/><W76/><G35/><T45/><D45/><N who="1" m="27727" /><E116/><V20/><F43/><W61/><G76/><T108/><D108/><U80/><E80/><V91/><F37/><W58/><G59/><T15/><D15/><U60/><E60/><V39/><F39/><W125/><G125/><T24/><D24/><U63/><E63/><V67/><F36/><W132/><G132/><T44/><D44/><U0/><E0/><V86/><F67/><W32/><G32/><T73/><D73/><AGARI ba="0,0" hai="55,58,61,73,78,83,98,99,120,122,123" m="50217" machi="73" ten="40,8000,1" yaku="13,1,19,1,52,2" doraHai="93" who="3" fromWho="0" sc="250,-80,250,0,250,0,250,80" /><INIT seed="1,0,0,0,2,70" ten="170,250,250,330" oya="1" hai0="5,2,49,134,132,62,107,116,10,39,83,82,106" hai1="44,63,53,26,74,114,48,104,45,122,86,67,117" hai2="12,87,73,84,97,100,129,89,94,3,131,95,24" hai3="30,4,64,34,61,88,25,123,15,42,21,20,126"/><U38/><E74/><V111/><F3/><W71/><G123/><T37/><D49/><U16/><E114/><V47/><F24/><W93/><G126/><T128/><D62/><U8/><E122/><V112/><F12/><W76/><G76/><T135/><D116/><U115/><E115/><V52/><F112/><W127/><G127/><T36/><REACH who="0" step="1"/><D128/><REACH who="0" ten="160,250,250,330" step="2"/><U81/><E117/><V50/><F111/><W92/><G42/><T33/><D33/><U1/><E104/><AGARI ba="0,1" hai="2,5,10,36,37,39,82,83,104,106,107,132,134,135" machi="104" ten="50,12000,2" yaku="1,1,20,1,52,3,53,2" doraHai="70" doraHaiUra="78" who="0" fromWho="1" sc="160,130,250,-120,250,0,330,0" /><INIT seed="2,0,0,3,2,40" ten="290,130,250,330" oya="2" hai0="1,103,4,60,16,49,54,116,57,50,25,100,79" hai1="132,30,111,21,125,86,62,76,108,44,64,12,134" hai2="98,120,107,72,68,36,42,77,65,70,29,121,8" hai3="27,115,105,109,88,23,39,89,87,82,73,41,119"/><V10/><F10/><W46/><G119/><T133/><D133/><N who="1" m="51307" /><E76/><V113/><F113/><W78/><G109/><N who="1" m="42058" /><E86/><V18/><F29/><W123/><G123/><T33/><D116/><U122/><E122/><V101/><F18/><W35/><G105/><T90/><D33/><U112/><E112/><V3/><F65/><W48/><G115/><T84/><D79/><U69/><E125/><V55/><F55/><W102/><G102/><N who="0" m="38955" /><D4/><U94/><E94/><V53/><F53/><W38/><G35/><T67/><D1/><U22/><E30/><V6/><F121/><W28/><REACH who="3" step="1"/><G88/><REACH who="3" ten="290,130,250,320" step="2"/><T95/><D54/><U63/><E21/><AGARI ba="0,1" hai="16,21,25,49,50,57,60,67,84,90,95" m="38955" machi="21" ten="30,2000,0" yaku="8,1,54,1" doraHai="40" who="0" fromWho="1" sc="290,30,130,-20,250,0,320,0" /><INIT seed="3,0,0,0,0,100" ten="320,110,250,320" oya="3" hai0="102,32,76,0,95,37,28,26,99,39,109,41,122" hai1="80,31,4,68,98,88,8,93,13,89,11,44,117" hai2="129,3,38,85,114,62,2,36,40,43,91,55,83" hai3="17,12,29,5,70,120,35,24,34,1,110,108,126"/><W84/><G70/><T112/><D0/><U127/><E127/><V58/><F114/><W18/><G84/><T111/><D122/><U20/><E117/><V6/><F129/><W23/><G120/><T113/><D76/><U61/><E68/><V96/><F6/><W92/><G92/><T53/><D53/><U74/><E61/><V7/><F7/><W15/><G126/><T94/><D94/><U103/><E44/><V107/><F38/><N who="0" m="14346" /><D41/><U46/><E46/><V49/><F36/><W130/><G130/><T65/><D65/><U63/><E63/><V51/><F2/><W134/><G134/><T131/><D131/><U125/><E125/><V42/><REACH who="2" step="1"/><F3/><REACH who="2" ten="320,110,240,320" step="2"/><W123/><G123/><T19/><D113/><U133/><E133/><V115/><F115/><W48/><G1/><T82/><D112/><U77/><REACH who="1" step="1"/><E11/><REACH who="1" ten="320,100,240,320" step="2"/><V33/><F33/><W132/><G132/><T52/><D32/><U78/><E78/><V97/><F97/><W90/><G35/><T54/><D99/><U57/><E57/><V66/><F66/><W9/><G34/><T64/><D64/><U121/><E121/><V105/><F105/><W124/><G124/><T60/><D60/><U135/><E135/><V59/><F59/><W86/><G9/><T79/><D79/><U22/><E22/><V56/><F56/><W10/><G10/><T73/><D54/><U75/><E75/><V16/><F16/><W27/><G17/><T50/><D52/><U118/><E118/><V81/><F81/><N who="3" m="49487" /><G18/><T87/><D73/><U69/><E69/><V25/><F25/><AGARI ba="0,2" hai="4,8,13,20,25,31,74,77,80,88,89,93,98,103" machi="25" ten="40,2600,0" yaku="1,1,54,1,53,0" doraHai="100" doraHaiUra="71" who="1" fromWho="2" sc="320,0,100,46,240,-26,320,0" /><INIT seed="4,0,0,3,2,133" ten="320,146,214,320" oya="0" hai0="60,11,132,58,38,32,16,77,14,76,114,17,96" hai1="57,75,41,6,7,89,13,25,40,55,79,118,90" hai2="71,65,74,70,42,122,68,66,130,49,83,82,29" hai3="120,36,24,43,117,20,129,121,48,86,72,91,46"/><T81/><D114/><U12/><E118/><V15/><F122/><N who="3" m="47211" /><G129/><T106/><D132/><U45/><E75/><V67/><F29/><N who="3" m="17543" /><G72/><T131/><D131/><U39/><E79/><V9/><F130/><W102/><G102/><T10/><D38/><U44/><E25/><V107/><F74/><W95/><G117/><T22/><D32/><U78/><E78/><V93/><F107/><W105/><G105/><T30/><D96/><U28/><E28/><V110/><F110/><W98/><G36/><T59/><D106/><U26/><E26/><V127/><F93/><W50/><G50/><T1/><D1/><U33/><E39/><V27/><F27/><W113/><G113/><T124/><D81/><U87/><E33/><V35/><F35/><W8/><G8/><T51/><D51/><U5/><E5/><V109/><F109/><W134/><G134/><T19/><D60/><U103/><E103/><V111/><F111/><W21/><G21/><T31/><D19/><U94/><E94/><V73/><F73/><W2/><G2/><T47/><D22/><U101/><E101/><V34/><F34/><W23/><G23/><T112/><D112/><U108/><E108/><V0/><F0/><W61/><G61/><T126/><D47/><U54/><REACH who="1" step="1"/><E87/><AGARI ba="0,0" hai="43,46,48,86,87,91,95,98" m="17543,47211" machi="87" ten="30,1000,0" yaku="13,1" doraHai="133" who="3" fromWho="1" sc="320,0,146,-10,214,0,320,10" /><INIT seed="5,0,0,3,2,67" ten="320,136,214,330" oya="1" hai0="111,118,3,49,48,46,44,87,56,63,109,97,17" hai1="116,85,43,16,95,129,41,89,103,6,124,123,26" hai2="51,36,27,131,71,110,83,62,21,88,39,32,29" hai3="28,130,23,119,18,13,128,11,98,122,80,108,134"/><U72/><E116/><V125/><F110/><W24/><G108/><T115/><D3/><U19/><E123/><V91/><F131/><N who="3" m="50219" /><G80/><T60/><D87/><U70/><E129/><V34/><F125/><W31/><G98/><T22/><D97/><U96/><E72/><V4/><F4/><W40/><G40/><T5/><D5/><U55/><E124/><V75/><F51/><W0/><G122/><T47/><D118/><U74/><E74/><V76/><F39/><W133/><G119/><T54/><D115/><U1/><E70/><V112/><F36/><W78/><G78/><T61/><REACH who="0" step="1"/><D49/><REACH who="0" ten="310,136,214,330" step="2"/><U99/><E1/><V132/><F112/><W20/><G0/><T37/><D37/><U77/><E6/><V73/><F73/><W65/><G65/><T14/><AGARI ba="0,1" hai="14,17,22,44,46,47,48,54,56,60,61,63,109,111" machi="14" ten="30,2000,0" yaku="1,1,0,1,53,0" doraHai="67" doraHaiUra="66" who="0" fromWho="0" sc="310,30,136,-10,214,-5,330,-5" /><INIT seed="6,0,0,3,4,110" ten="340,126,209,325" oya="2" hai0="3,74,71,81,77,72,76,31,24,27,48,119,124" hai1="29,25,12,28,69,44,88,134,122,107,111,67,33" hai2="96,112,39,131,127,59,0,63,30,36,23,103,34" hai3="57,102,65,82,61,98,80,41,17,84,38,47,60"/><V50/><F0/><W109/><G109/><T114/><D71/><U56/><E111/><V126/><F34/><W130/><G130/><T79/><D3/><U135/><E122/><V54/><F131/><W40/><G40/><T93/><D93/><U100/><E56/><V68/><F30/><W132/><G132/><T91/><D48/><U121/><E121/><V87/><F23/><W66/><G17/><T51/><D51/><U108/><E108/><V26/><F26/><W14/><G14/><T42/><D42/><U9/><E28/><V52/><F87/><W53/><G61/><T97/><D97/><U125/><E125/><N who="2" m="47627" /><F112/><W8/><G8/><T19/><D114/><U32/><E32/><V37/><F96/><W55/><G66/><T116/><D124/><U2/><E44/><N who="2" m="27975" /><F103/><W128/><G82/><T99/><D99/><U7/><E12/><V16/><F16/><W73/><G73/><T115/><D115/><U43/><E43/><V18/><F18/><W89/><REACH who="3" step="1"/><G128/><REACH who="3" ten="340,126,209,315" step="2"/><T13/><D74/><U1/><E1/><V49/><F36/><W4/><G4/><T62/><D72/><U101/><E135/><V120/><F120/><W86/><G86/><T64/><D19/><U20/><E134/><V83/><F83/><W5/><G5/><T92/><D81/><U95/><E107/><AGARI ba="0,1" hai="38,41,47,53,55,57,60,65,80,84,89,98,102,107" machi="107" ten="30,2000,0" yaku="1,1,7,1,53,0" doraHai="110" doraHaiUra="22" who="3" fromWho="1" sc="340,0,126,-20,209,0,315,30" /><INIT seed="7,0,0,2,2,12" ten="340,106,209,345" oya="3" hai0="121,114,90,42,9,35,131,61,37,62,120,127,53" hai1="18,28,67,68,56,34,16,46,108,39,32,93,86" hai2="100,64,1,88,110,22,95,41,134,2,119,117,81" hai3="94,83,5,0,30,49,72,135,10,43,115,60,105"/><W78/><G105/><T87/><D35/><U6/><E108/><V26/><F110/><W51/><G115/><T57/><D114/><U55/><E6/><V19/><F134/><W65/><G135/><T77/><D77/><U15/><E28/><V17/><F41/><W79/><G79/><T47/><D127/><U48/><E86/><V70/><F1/><W109/><G109/><T84/><D84/><U73/><E73/><V23/><F2/><W54/><G30/><T82/><D131/><U71/><E93/><V101/><F70/><W123/><G123/><T59/><D9/><U102/><E102/><V132/><F132/><W80/><G80/><T76/><D76/><U20/><E71/><V103/><F64/><AGARI ba="0,0" hai="37,42,47,53,57,59,61,62,64,82,87,90,120,121" machi="64" ten="30,1000,0" yaku="7,1" doraHai="12" who="0" fromWho="2" sc="340,10,106,0,209,-10,345,0" owari="350,45.0,106,-39.4,199,-20.1,345,14.5" /></mjloggm>