<mjloggm ver="2.3"><GO type="169" lobby="0"/><UN n0="%E3%82%8F%E3%81%98" n1="%E3%80%90%E3%83%80%E3%83%B3%E3%83%87%E3%82%A3%E3%80%91" n2="%48%61%6C%66%73" n3="%79%61%6E%72%6F%75" dan="16,16,17,16" rate="2122.42,2181.99,2136.49,2160.85" sx="M,M,M,M"/><TAIKYOKU oya="0"/><INIT seed="0,0,0,0,4,44" ten="250,250,250,250" oya="0" hai0="22,89,67,0,49,106,124,108,45,115,98,31,71" hai1="132,116,112,70,111,92,15,50,79,19,73,86,66" hai2="123,129,13,38,72,126,133,121,53,55,12,17,40" hai3="75,5,117,76,9,97,52,102,135,99,107,80,68"/><T39/><D115/><U96/><E116/><V120/><F72/><W3/><G135/><T94/><D0/><U119/><E119/><V128/><F17/><W57/><G117/><T23/><D39/><U87/><E132/><V69/><F133/><W26/><G68/><T122/><D122/><U33/><E33/><V131/><F69/><W41/><G41/><T83/><D124/><U100/><E111/><V60/><F126/><W25/><REACH who="3" step="1"/><G97/><REACH who="3" ten="250,250,250,240" step="2"/><T32/><D108/><U18/><E96/><V77/><F40/><W134/><G134/><T35/><D71/><U62/><E70/><V95/><F121/><W34/><G34/><T130/><D32/><U114/><E112/><V127/><F120/><W47/><G47/><T16/><D35/><U46/><E46/><V93/><F123/><W109/><G109/><T63/><D98/><U125/><E114/><V81/><F127/><W82/><G82/><T20/><D83/><U36/><E125/><V90/><F81/><W74/><G74/><T2/><D45/><U6/><E73/><V48/><F128/><W118/><G118/><T51/><D130/><U21/><E87/><V84/><F84/><W59/><G59/><T105/><D106/><U42/><E86/><V29/><F129/><W85/><G85/><T101/><D105/><U37/><E42/><V27/><F131/><W113/><G113/><T28/><D94/><U91/><E92/><V7/><F93/><W54/><G54/><T14/><D67/><U104/><E66/><V64/><F64/><W103/><G103/><T56/><D101/><U1/><E100/><RYUUKYOKU ba="0,1" sc="250,-10,250,-10,250,-10,240,30" hai3="3,5,9,25,26,52,57,75,76,80,99,102,107" /><INIT seed="1,1,1,4,5,32" ten="240,240,240,270" oya="1" hai0="23,37,41,102,127,53,118,82,84,130,123,3,18" hai1="93,132,21,17,52,45,57,92,47,1,51,100,87" hai2="56,30,103,25,112,15,13,14,59,49,122,90,99" hai3="38,44,77,22,20,80,71,9,133,116,120,62,2"/><U85/><E132/><V114/><F122/><W113/><G113/><N who="2" m="43625" /><F90/><W19/><G120/><T108/><D123/><U83/><E1/><V4/><F4/><W79/><G133/><T42/><D118/><U66/><E87/><V50/><F56/><W95/><G116/><T76/><D108/><U96/><E66/><V27/><F59/><W94/><G71/><T131/><D127/><U67/><E67/><V43/><F43/><N who="3" m="22647" /><G77/><T68/><D68/><U134/><E93/><N who="2" m="58863" /><F25/><W61/><G95/><T28/><D102/><U117/><E134/><V31/><F31/><W110/><G110/><T72/><D28/><U75/><E117/><V129/><F129/><W124/><G94/><T104/><D131/><U107/><E107/><V109/><F109/><W34/><G124/><T88/><D130/><U63/><E63/><V46/><F46/><W126/><G126/><T115/><D104/><U39/><E39/><V33/><AGARI ba="1,1" hai="13,14,15,27,30,33,49,50" m="58863,43625" machi="33" ten="30,1100,0" yaku="11,1" doraHai="32" who="2" fromWho="2" sc="240,-4,240,-6,240,24,270,-4" /><INIT seed="2,0,0,1,5,38" ten="236,234,264,266" oya="2" hai0="129,79,53,18,59,58,101,117,41,120,130,25,5" hai1="39,96,133,74,22,105,26,0,114,30,27,46,127" hai2="56,90,19,88,33,44,84,97,12,71,21,118,77" hai3="107,121,123,83,29,16,28,70,8,116,62,7,32"/><V98/><F118/><W87/><G116/><T52/><D117/><U54/><E114/><V9/><F33/><W73/><G73/><T23/><D120/><U14/><E0/><V11/><F71/><W119/><G119/><T89/><D79/><U66/><E127/><V108/><F108/><W45/><G107/><T128/><D101/><U6/><E74/><V31/><F77/><W91/><G32/><T86/><D5/><U13/><E133/><V132/><F132/><W24/><G121/><T131/><N who="0" m="32768" /><DORA hai="1" /><T60/><D41/><U134/><E66/><V80/><F56/><W110/><G110/><T49/><D86/><U67/><E67/><V115/><F115/><W109/><G70/><T37/><D37/><U93/><E105/><V3/><F90/><AGARI ba="0,0" hai="18,23,25,49,52,53,58,59,60,89,90" m="32768" machi="90" ten="70,4500,0" yaku="19,1,54,1" doraHai="38,1" who="0" fromWho="2" sc="236,45,234,0,264,-45,266,0" /><INIT seed="3,0,0,2,1,105" ten="281,234,219,266" oya="3" hai0="112,129,55,23,38,83,25,33,114,113,71,85,110" hai1="51,118,86,61,109,8,131,117,42,64,103,29,34" hai2="35,125,56,94,3,65,90,101,26,124,40,120,17" hai3="72,80,7,107,84,28,70,48,77,96,21,32,24"/><W4/><G70/><T10/><D110/><U93/><E109/><V126/><F120/><W22/><G48/><T104/><D104/><U52/><E131/><V95/><F3/><W54/><G54/><T2/><D129/><U30/><E42/><V91/><F40/><W98/><G98/><T14/><D33/><U41/><E34/><V45/><F45/><W20/><REACH who="3" step="1"/><G84/><REACH who="3" ten="281,234,219,256" step="2"/><T39/><D71/><N who="1" m="42383" /><E41/><V11/><F124/><W74/><G74/><T82/><D55/><U1/><E86/><V106/><F125/><W130/><G130/><T76/><D39/><U133/><E51/><V73/><F73/><W6/><G6/><T132/><D38/><U0/><E52/><V87/><F126/><W97/><G97/><T44/><D85/><U100/><E118/><V57/><F87/><W99/><G99/><T47/><D112/><U108/><E117/><V134/><F65/><W115/><G115/><T135/><D113/><U37/><E37/><V66/><F66/><W89/><G89/><T27/><D114/><U46/><E103/><AGARI ba="0,1" hai="4,7,20,21,22,24,28,32,72,77,80,96,103,107" machi="103" ten="40,3900,0" yaku="1,1,52,1,53,0" doraHai="105" doraHaiUra="36" who="3" fromWho="1" sc="281,0,234,-39,219,0,256,49" /><INIT seed="3,1,0,4,4,96" ten="281,195,219,305" oya="3" hai0="92,125,135,132,110,40,18,119,5,131,20,0,67" hai1="134,116,41,115,3,10,78,77,112,25,82,13,28" hai2="4,33,1,84,11,76,106,81,74,6,64,16,130" hai3="51,34,21,44,104,14,39,57,128,22,65,121,37"/><W87/><G121/><T79/><D119/><U80/><E3/><V19/><F130/><W59/><G34/><T95/><D131/><U99/><E116/><V48/><F106/><W71/><G128/><T108/><D125/><U68/><E68/><V124/><F124/><W61/><G104/><T55/><D40/><U56/><E134/><N who="0" m="51241" /><D67/><U86/><E41/><V117/><F33/><W111/><G111/><T72/><D55/><U63/><E99/><V8/><F117/><W31/><G21/><T70/><D70/><U47/><E47/><V98/><F64/><W120/><G120/><T43/><D43/><U88/><E82/><V35/><F35/><W101/><G37/><T2/><D79/><U123/><E123/><V94/><F48/><W83/><G39/><T102/><D72/><U126/><E126/><V62/><F62/><W58/><G71/><T38/><D92/><U93/><E25/><V52/><F52/><W23/><G14/><N who="0" m="9303" /><D38/><U60/><E28/><V42/><F74/><W30/><G31/><T90/><D90/><U103/><E78/><V27/><F42/><N who="3" m="24983" /><G30/><T54/><D54/><U24/><E24/><V15/><REACH who="2" step="1"/><F27/><REACH who="2" ten="281,195,209,305" step="2"/><W75/><G75/><T109/><D108/><U32/><E32/><V7/><F7/><W50/><G50/><T17/><D5/><N who="1" m="3279" /><E63/><V105/><F105/><W129/><G61/><T122/><D122/><U36/><E36/><V69/><F69/><W91/><G129/><T97/><D110/><U114/><E60/><V49/><F49/><W113/><G65/><T66/><D109/><U107/><E107/><V12/><F12/><RYUUKYOKU ba="1,1" sc="281,-10,195,-10,209,30,305,-10" hai2="1,4,6,8,11,15,16,19,76,81,84,94,98" /><INIT seed="4,2,1,0,3,30" ten="271,185,239,295" oya="0" hai0="1,62,112,121,16,3,122,82,130,101,7,31,83" hai1="124,97,131,55,116,57,126,92,74,93,28,22,68" hai2="120,114,111,19,5,123,58,85,75,119,12,109,69" hai3="133,76,38,115,65,35,96,15,0,87,54,81,50"/><T108/><D112/><U20/><E116/><V39/><F69/><W40/><G0/><T110/><D130/><U43/><E68/><V17/><F75/><W70/><G115/><T48/><D101/><U59/><E74/><V99/><F39/><W9/><G38/><T86/><D31/><U98/><E43/><V103/><F85/><W29/><G40/><T79/><D62/><U11/><E28/><V78/><F78/><W90/><G133/><T77/><D48/><U104/><E11/><V129/><F58/><W132/><G132/><T37/><D37/><U36/><E36/><V94/><F119/><W128/><G128/><T27/><D7/><U23/><E131/><V6/><F114/><W72/><G96/><N who="1" m="36970" /><E55/><V105/><F129/><W33/><G65/><T61/><D61/><U60/><E104/><V125/><F105/><W102/><G29/><T107/><D107/><U42/><E42/><V91/><F109/><N who="0" m="42090" /><D122/><U25/><E25/><V18/><F111/><W118/><G102/><T53/><D53/><U24/><E24/><V80/><F120/><W32/><G70/><T100/><D100/><U8/><E60/><V14/><F123/><W41/><G41/><T88/><D121/><U135/><E135/><V26/><F103/><W2/><G118/><T95/><D1/><U56/><E8/><V106/><F106/><W84/><G2/><T51/><D3/><U134/><E134/><V46/><F5/><N who="3" m="3503" /><G90/><T73/><D73/><U21/><N who="1" m="5120" /><DORA hai="47" /><U117/><E117/><V71/><F91/><W113/><G113/><T13/><D27/><U4/><E4/><RYUUKYOKU ba="2,1" sc="271,-15,185,15,239,-15,295,15" hai1="56,57,59,92,93,124,126" hai3="32,33,35,50,54,72,76,81,84,87" /><INIT seed="5,3,1,0,5,82" ten="256,200,224,310" oya="1" hai0="46,131,116,65,66,78,91,33,47,42,23,111,105" hai1="17,77,28,49,76,51,50,56,121,30,127,133,71" hai2="112,44,104,119,128,38,87,129,107,93,13,114,52" hai3="134,14,58,59,10,37,99,29,31,11,113,115,32"/><U75/><E121/><V60/><F119/><W55/><G37/><T21/><D33/><U63/><E71/><V135/><F135/><W110/><G110/><T2/><D2/><U48/><E133/><V57/><F13/><W86/><G32/><T27/><D111/><U67/><E127/><V53/><F53/><W130/><G130/><N who="2" m="50281" /><F93/><W89/><G58/><T81/><D105/><N who="2" m="40522" /><F87/><W34/><G99/><T24/><D131/><U70/><E75/><V84/><F84/><W74/><G74/><T97/><D97/><U25/><N who="1" m="12288" /><DORA hai="18" /><U54/><E17/><V26/><F26/><W72/><G72/><T0/><D0/><U109/><E109/><V117/><F117/><W1/><G1/><T69/><D24/><U43/><E43/><AGARI ba="3,1" hai="38,43,44,52,57,60,112,114" m="40522,50281" machi="43" ten="40,2600,0" yaku="19,1,54,1" doraHai="82,18" who="2" fromWho="1" sc="256,0,200,-35,224,45,310,0" /><INIT seed="6,0,0,4,5,53" ten="256,165,269,310" oya="2" hai0="130,116,32,2,50,52,105,58,111,91,131,129,63" hai1="23,57,87,96,34,45,124,65,10,40,8,85,77" hai2="93,55,20,88,28,37,110,109,25,133,81,104,30" hai3="51,82,42,1,26,59,73,102,24,27,83,7,35"/><V4/><F104/><W66/><G35/><T69/><D32/><U101/><E34/><V56/><F37/><W121/><G121/><T61/><D2/><U29/><E124/><V22/><F4/><W60/><G73/><T95/><D111/><N who="2" m="42506" /><F81/><W5/><G102/><T67/><D105/><U64/><E64/><V46/><F46/><N who="3" m="26071" /><G1/><T135/><D135/><U118/><E118/><V122/><F122/><W86/><G83/><T19/><D116/><U89/><E77/><AGARI ba="0,0" hai="5,7,24,26,27,59,60,66,77,82,86" m="26071" machi="77" ten="30,2000,0" yaku="8,1,52,1" doraHai="53" who="3" fromWho="1" sc="256,0,165,-20,269,0,310,20" /><INIT seed="7,0,0,5,3,20" ten="256,145,269,330" oya="3" hai0="61,17,57,134,70,90,76,101,67,108,111,119,2" hai1="104,83,8,133,99,29,121,19,79,0,58,107,63" hai2="92,24,94,118,4,28,109,80,81,43,86,15,68" hai3="98,128,66,10,16,18,115,9,32,37,77,64,1"/><W130/><G32/><T62/><D119/><U59/><E121/><V6/><F68/><W122/><G122/><T88/><D2/><U129/><E129/><N who="3" m="49770" /><G115/><T110/><D134/><U55/><E133/><V112/><F109/><W41/><G77/><T42/><D42/><U75/><E99/><V89/><F43/><W27/><G98/><T125/><D125/><U46/><E59/><V48/><F112/><W91/><G91/><T52/><D101/><U95/><E19/><N who="3" m="7210" /><G27/><T93/><D93/><U65/><E29/><V50/><F92/><W49/><G49/><T85/><REACH who="0" step="1"/><D17/><REACH who="0" ten="246,145,269,330" step="2"/><U22/><E104/><V116/><F116/><W51/><G1/><T3/><D3/><U34/><E107/><V36/><F118/><W135/><G135/><T45/><D45/><U5/><E95/><V30/><F94/><W53/><G41/><T82/><AGARI ba="0,1" hai="52,57,61,62,67,70,76,82,85,88,90,108,110,111" machi="82" ten="40,8000,1" yaku="1,1,0,1,54,2,53,1" doraHai="20" doraHaiUra="72" who="0" fromWho="0" sc="246,90,145,-20,269,-20,330,-40" owari="336,43.6,125,-37.5,249,-15.1,290,9.0" /></mjloggm>