<mjloggm ver="2.3"><GO type="169" lobby="0"/><UN n0="%E3%81%97%E3%82%83%E3%82%93%E3%81%8A%E3%81%98" n1="%E4%B9%9D%E7%B4%8B%E9%BE%8D%E5%8F%B2%E9%80%B2" n2="%6F%6B%61%62%65%73%68%69" n3="%E9%A6%AC%E5%BC%95%E7%81%AB%33" dan="17,19,17,16" rate="2169.26,2338.93,2179.65,2139.12" sx="F,M,M,M"/><TAIKYOKU oya="0"/><INIT seed="0,0,0,0,0,119" ten="250,250,250,250" oya="0" hai0="131,84,132,115,49,65,129,54,18,75,79,111,52" hai1="121,95,47,17,28,78,55,31,51,105,32,42,27" hai2="33,63,7,26,60,127,12,50,91,4,61,11,86" hai3="43,21,77,89,35,73,29,34,74,76,108,100,10"/><T15/><D115/><U37/><E105/><V93/><F127/><W48/><G108/><T81/><D132/><U117/><E117/><V8/><F33/><W39/><G39/><T106/><D106/><U123/><E31/><V6/><F26/><W9/><G89/><T0/><D0/><U2/><E2/><V110/><F110/><W125/><G48/><T102/><D102/><U118/><E118/><V46/><REACH who="2" step="1"/><F12/><REACH who="2" ten="250,250,240,250" step="2"/><W69/><G125/><T113/><D111/><U14/><E78/><V72/><F72/><W99/><G77/><T109/><D109/><U45/><REACH who="1" step="1"/><E95/><REACH who="1" ten="250,240,240,250" step="2"/><V25/><F25/><W36/><G76/><T96/><D79/><U68/><E68/><V19/><F19/><W64/><G69/><T107/><D18/><U58/><E58/><V128/><F128/><W126/><G126/><T70/><D131/><U62/><E62/><V53/><AGARI ba="0,2" hai="4,6,7,8,11,46,50,53,60,61,63,86,91,93" machi="53" ten="30,4000,0" yaku="1,1,0,1,8,1,53,0" doraHai="119" doraHaiUra="94" who="2" fromWho="2" sc="250,-20,240,-10,240,60,250,-10" /><INIT seed="1,0,0,3,3,135" ten="230,230,300,240" oya="1" hai0="99,121,82,5,31,92,101,60,86,90,15,102,18" hai1="70,32,0,95,88,23,37,38,50,4,9,124,13" hai2="43,7,134,106,97,108,100,40,35,129,80,29,117" hai3="51,44,12,27,63,41,20,19,62,61,10,103,91"/><U126/><E32/><V25/><F117/><W64/><G103/><T56/><D121/><U77/><E70/><V109/><F134/><W76/><G76/><T104/><D31/><U11/><E77/><V54/><F129/><W53/><G91/><T57/><D5/><U67/><E67/><V79/><F7/><W22/><G41/><T47/><D47/><U122/><E23/><V1/><F1/><W123/><G123/><T24/><D24/><U110/><E122/><V55/><F40/><W89/><G89/><T71/><D71/><U114/><E114/><V2/><F2/><W28/><REACH who="3" step="1"/><G10/><REACH who="3" ten="230,230,300,230" step="2"/><T130/><D102/><U59/><E110/><N who="2" m="42603" /><F43/><W21/><G21/><T94/><D130/><U85/><E11/><V6/><F6/><W33/><G33/><T68/><D104/><U42/><E0/><V66/><F66/><AGARI ba="0,1" hai="12,19,20,22,27,28,44,51,53,61,62,63,64,66" machi="66" ten="40,2600,0" yaku="1,1,8,1,53,0" doraHai="135" doraHaiUra="105" who="3" fromWho="2" sc="230,0,230,0,300,-26,230,36" /><INIT seed="2,0,0,2,2,45" ten="230,230,274,266" oya="2" hai0="49,2,35,132,117,98,46,28,134,121,86,96,48" hai1="71,18,85,74,119,120,109,57,131,113,115,13,122" hai2="93,20,7,101,39,68,14,43,116,42,108,111,65" hai3="130,104,29,4,10,0,54,70,55,38,64,129,82"/><V72/><F116/><W114/><G38/><T124/><D121/><N who="1" m="46699" /><E71/><V97/><F72/><W27/><G104/><T125/><D2/><U50/><E74/><V78/><F78/><W92/><G114/><N who="1" m="43530" /><E85/><V94/><F39/><W77/><G92/><T17/><D117/><U22/><E119/><V99/><F65/><W53/><G64/><T8/><D86/><U47/><E57/><V30/><F68/><W80/><G70/><T107/><D28/><U19/><E19/><V106/><F106/><W103/><G103/><N who="0" m="62951" /><D35/><U31/><E31/><V102/><F7/><W83/><REACH who="3" step="1"/><G77/><REACH who="3" ten="230,230,274,256" step="2"/><T100/><D100/><U127/><E131/><V91/><F91/><W128/><G128/><T58/><D98/><U23/><E109/><N who="2" m="42059" /><F30/><W37/><G37/><T87/><D124/><U3/><E127/><V76/><F76/><W81/><N who="3" m="20480" /><DORA hai="6" /><W12/><G12/><N who="0" m="7303" /><D125/><U9/><E3/><V21/><F14/><W73/><G73/><T15/><D15/><U1/><E1/><V67/><F67/><W59/><G59/><T126/><D126/><U56/><E56/><V41/><AGARI ba="0,1" hai="20,21,41,42,43,93,94,97,99,101,102" m="42059" machi="41" ten="30,3000,0" yaku="14,1,10,1" doraHai="45,6" who="2" fromWho="2" sc="230,-10,230,-10,274,40,256,-10" /><INIT seed="2,1,0,4,4,115" ten="220,220,314,246" oya="2" hai0="131,68,64,26,38,12,123,134,37,114,97,20,59" hai1="8,32,122,33,36,10,116,128,50,58,55,41,120" hai2="77,40,48,52,95,3,23,108,34,30,111,90,103" hai3="102,72,93,57,125,6,35,7,29,22,82,98,132"/><V44/><F34/><W53/><G35/><N who="1" m="13386" /><E128/><V61/><F3/><W21/><G125/><T127/><D114/><U100/><E100/><V25/><F77/><W31/><G132/><T39/><D134/><U18/><E18/><V91/><F103/><W86/><G72/><T5/><D68/><U129/><E129/><V76/><F76/><N who="3" m="46407" /><G21/><T2/><D123/><N who="1" m="47147" /><E116/><V117/><F117/><W92/><G92/><T104/><D127/><U96/><E96/><V79/><F79/><W24/><G29/><T69/><D69/><U46/><AGARI ba="1,0" hai="8,10,36,41,46,50,55,58" m="47147,13386" machi="46" ten="40,1500,0" yaku="13,1" doraHai="115" who="1" fromWho="1" sc="220,-5,220,18,314,-8,246,-5" /><INIT seed="3,0,0,5,2,112" ten="215,238,306,241" oya="3" hai0="116,37,30,27,91,2,81,90,21,52,88,105,125" hai1="29,20,79,24,82,9,109,73,122,19,106,85,101" hai2="71,32,121,40,46,17,119,95,42,113,48,133,124" hai3="6,58,69,126,129,8,77,4,110,45,103,86,28"/><W78/><G69/><T57/><D105/><U54/><E109/><V70/><F32/><W120/><G120/><T38/><D2/><U59/><E122/><V1/><F1/><W33/><G126/><T100/><D100/><U55/><E106/><V83/><F95/><W34/><G129/><T15/><D125/><U0/><E101/><V92/><F92/><W53/><G103/><T84/><D116/><U14/><E73/><V114/><F83/><W64/><G110/><T5/><D5/><N who="3" m="2153" /><G34/><T80/><D15/><U62/><REACH who="1" step="1"/><E0/><REACH who="1" ten="215,228,306,241" step="2"/><V35/><F121/><W41/><G33/><T11/><D11/><U99/><E99/><V16/><F124/><W7/><G8/><T108/><D108/><U12/><E12/><V102/><F102/><W3/><G3/><T51/><REACH who="0" step="1"/><D80/><REACH who="0" ten="205,228,306,241" step="2"/><U39/><E39/><AGARI ba="0,2" hai="21,27,30,37,38,39,51,52,57,81,84,88,90,91" machi="39" ten="40,8000,1" yaku="1,1,2,1,54,2,53,1" doraHai="112" doraHaiUra="49" who="0" fromWho="1" sc="205,100,228,-80,306,0,241,0" /><INIT seed="4,0,0,5,2,31" ten="305,148,306,241" oya="0" hai0="32,70,135,69,6,52,2,77,42,4,128,22,36" hai1="100,59,27,83,97,28,131,109,37,16,103,76,45" hai2="93,21,73,66,34,117,114,58,12,60,118,5,62" hai3="132,96,104,82,113,20,124,75,51,98,7,86,40"/><T127/><D77/><U49/><E109/><V78/><F114/><W47/><G113/><T112/><D112/><U19/><E37/><V111/><F111/><W85/><G124/><T26/><D127/><U68/><E68/><V87/><F73/><W63/><G132/><T25/><D135/><U94/><E59/><V65/><F34/><W57/><G75/><T120/><D120/><U18/><E131/><V81/><F93/><W3/><G104/><T48/><D42/><U11/><E100/><V13/><F5/><W90/><G3/><T53/><D36/><U92/><E92/><V121/><F121/><W56/><G7/><T43/><D43/><U130/><E130/><V39/><F39/><W15/><G86/><T33/><D22/><U9/><E83/><V0/><F0/><W91/><G91/><T115/><D48/><U129/><E76/><V72/><F72/><W126/><G56/><T106/><D115/><U41/><REACH who="1" step="1"/><E129/><REACH who="1" ten="305,138,306,241" step="2"/><V55/><F117/><W35/><G126/><T23/><D128/><U46/><E46/><V84/><F118/><W122/><G122/><T101/><D2/><U102/><E102/><V108/><F108/><W29/><G57/><T110/><D101/><U134/><E134/><V105/><F105/><W1/><G1/><T79/><D110/><U71/><E71/><V80/><F55/><W116/><G116/><T95/><D95/><U38/><E38/><V50/><F50/><N who="3" m="26983" /><G82/><T44/><D106/><U30/><E30/><V61/><F58/><W14/><G51/><T24/><D53/><U8/><E8/><V54/><F54/><RYUUKYOKU ba="0,1" sc="305,-10,138,30,306,-10,241,-10" hai1="9,11,16,18,19,27,28,41,45,49,94,97,103" /><INIT seed="5,1,1,0,5,132" ten="295,168,296,231" oya="1" hai0="35,73,31,27,46,80,6,86,112,4,126,131,44" hai1="53,83,5,125,130,64,74,119,14,50,52,97,57" hai2="107,116,99,59,103,12,76,51,63,88,16,94,96" hai3="124,129,92,110,127,24,68,114,90,133,32,0,77"/><U39/><E119/><V120/><F116/><W7/><G110/><T30/><D73/><U104/><E39/><V2/><F2/><W15/><G133/><T1/><D112/><U29/><E130/><V82/><F120/><W71/><G114/><T28/><D131/><U37/><E37/><V60/><F51/><W33/><G0/><T91/><D126/><N who="3" m="48169" /><G77/><T9/><D6/><U78/><E125/><V38/><F38/><W115/><G115/><T81/><D81/><U105/><E64/><V25/><F25/><W20/><G129/><T3/><D3/><U69/><E69/><N who="3" m="26698" /><G15/><T61/><D61/><U40/><E40/><V67/><F60/><W108/><G7/><T75/><D75/><U42/><E42/><V49/><F49/><W54/><G54/><T95/><D1/><U11/><E29/><V72/><F12/><W134/><G134/><T48/><D30/><U8/><E8/><V113/><F113/><W58/><G58/><T122/><D31/><U118/><E118/><V87/><F96/><N who="3" m="57367" /><G108/><T100/><D4/><U106/><REACH who="1" step="1"/><E53/><REACH who="1" ten="295,158,296,231" step="2"/><V117/><F117/><W70/><G70/><T55/><D55/><U18/><E18/><AGARI ba="1,2" hai="16,18,59,63,67,72,76,82,87,88,94,99,103,107" machi="18" ten="40,8000,1" yaku="24,2,54,2" doraHai="132" who="2" fromWho="1" sc="295,0,158,-83,296,103,231,0" /><AGARI ba="1,0" hai="18,20,24,32,33" m="57367,26698,48169" machi="18" ten="30,7700,0" yaku="18,1,52,3" doraHai="132" who="3" fromWho="1" sc="295,0,75,-77,399,0,231,77" owari="295,-10.5,-2,-50.2,399,49.9,308,10.8" /></mjloggm>