<mjloggm ver="2.3"><GO type="169" lobby="0"/><UN n0="%45%72%77%69%6E%52%64" n1="%E3%81%93%E3%81%94%E3%81%A6%E3%81%83%E3%83%BC" n2="%48%57%49%4E%47" n3="%E3%81%82%E3%81%95%E3%81%B4%E3%82%93%EF%BC%A0%EF%BD%8D%EF%BD%8A" dan="16,16,17,18" rate="2134.17,2029.22,2146.56,2281.73" sx="M,M,M,M"/><TAIKYOKU oya="0"/><INIT seed="0,0,0,0,5,110" ten="250,250,250,250" oya="0" hai0="17,73,61,132,86,118,25,74,36,4,80,51,88" hai1="40,50,103,120,16,128,56,71,79,134,117,22,29" hai2="0,8,121,135,99,10,122,18,2,111,20,47,84" hai3="43,101,62,19,34,109,66,9,57,76,108,39,114"/><T97/><D118/><U49/><E117/><V105/><F111/><N who="3" m="42571" /><G34/><T126/><D36/><U3/><E3/><V127/><F127/><W124/><G124/><T69/><D126/><U68/><E120/><V13/><F135/><W15/><G76/><T95/><D132/><U27/><E134/><V112/><F112/><W115/><G101/><T42/><D4/><U104/><E128/><V85/><F47/><AGARI ba="0,0" hai="9,15,19,39,43,47,57,62,66,114,115" m="42571" machi="47" ten="30,3900,0" yaku="14,1,52,2" doraHai="110" who="3" fromWho="2" sc="250,0,250,0,250,-39,250,39" /><INIT seed="1,0,0,4,5,105" ten="250,250,211,289" oya="1" hai0="59,40,120,28,97,133,18,14,31,56,38,83,72" hai1="93,13,27,51,52,32,5,16,53,103,115,63,24" hai2="58,22,81,77,26,112,9,135,76,128,12,106,74" hai3="8,123,87,35,129,116,70,95,65,130,57,100,37"/><U29/><E115/><V3/><F112/><W73/><G37/><T47/><D133/><U94/><E5/><V60/><F135/><W34/><G123/><T124/><D124/><U67/><E27/><V86/><F128/><N who="3" m="49259" /><G70/><T71/><D71/><U91/><E103/><V20/><F106/><W44/><G44/><T122/><D97/><U11/><E94/><V88/><F3/><W117/><G8/><T107/><D107/><U92/><E92/><V36/><F36/><W89/><G100/><T10/><D56/><U109/><E51/><V68/><F68/><W111/><G111/><T41/><D41/><U108/><E108/><V23/><F26/><W25/><G25/><T19/><D59/><U17/><E17/><V78/><F74/><W96/><G96/><T2/><D2/><U99/><REACH who="1" step="1"/><E109/><REACH who="1" ten="250,240,211,289" step="2"/><V80/><F80/><W102/><G102/><T82/><D18/><U49/><E49/><V121/><F121/><N who="0" m="46698" /><D83/><U54/><E54/><V132/><F132/><W45/><G95/><T62/><D62/><U7/><E7/><V42/><F42/><W113/><G113/><T1/><D1/><U131/><E131/><V21/><N who="2" m="5120" /><DORA hai="48" /><V118/><F118/><W69/><G116/><T127/><D82/><U15/><E15/><V66/><F78/><W125/><G117/><T43/><D43/><U46/><E46/><V101/><F101/><W119/><G45/><T134/><D134/><U126/><E126/><V0/><F0/><W90/><G125/><T104/><D127/><U39/><E39/><V6/><AGARI ba="0,1" hai="6,9,12,58,60,66,76,77,81,86,88" m="5120" machi="6" ten="40,5200,0" yaku="0,1,8,1,54,1" doraHai="105,48" who="2" fromWho="2" sc="250,-13,240,-26,211,62,289,-13" /><INIT seed="2,0,0,1,2,92" ten="237,214,273,276" oya="2" hai0="68,73,69,104,124,110,117,72,77,98,24,34,38" hai1="60,5,25,18,48,52,121,83,99,74,101,11,132" hai2="91,125,32,59,70,76,62,39,16,71,55,56,65" hai3="26,53,4,6,84,112,30,133,1,13,29,116,105"/><V42/><F32/><W97/><G116/><T27/><D117/><U78/><E132/><V119/><F119/><W43/><G133/><T118/><D118/><U63/><E121/><V2/><F2/><W88/><G1/><T85/><D85/><U130/><E130/><V126/><F76/><W93/><G112/><T0/><D0/><U114/><E114/><V66/><F91/><W131/><G131/><T15/><D15/><U33/><E5/><V89/><F89/><W12/><G43/><T111/><D38/><U20/><E11/><V80/><F80/><W41/><G41/><T51/><D51/><U87/><E33/><V7/><F7/><N who="3" m="2603" /><G105/><T129/><D129/><U86/><E86/><V8/><F8/><W3/><G3/><T109/><D124/><N who="2" m="47722" /><F16/><W45/><G84/><T22/><D34/><U40/><E40/><V36/><F66/><W44/><G53/><T37/><D37/><N who="2" m="14410" /><F42/><W82/><G82/><N who="0" m="45351" /><D73/><U102/><E102/><V134/><F134/><W107/><G12/><T106/><D24/><U135/><E74/><V46/><F46/><N who="3" m="18027" /><G13/><T28/><D106/><U10/><E10/><V75/><F75/><W50/><G107/><T123/><D123/><U96/><E135/><V19/><F19/><W90/><G26/><T49/><D104/><U108/><E101/><V100/><F100/><W103/><G103/><T23/><D27/><U14/><E25/><V31/><F31/><N who="3" m="11787" /><G90/><T127/><D28/><U81/><E14/><V61/><AGARI ba="0,0" hai="55,56,59,61,62,65,70,71" m="14410,47722" machi="61" ten="40,7800,0" yaku="18,1,34,2" doraHai="92" who="2" fromWho="2" sc="237,-26,214,-26,273,78,276,-26" /><INIT seed="2,1,0,1,0,63" ten="211,188,351,250" oya="2" hai0="119,94,100,2,117,107,114,118,65,54,51,124,126" hai1="57,97,102,59,105,93,84,129,86,52,104,71,42" hai2="44,64,17,92,68,26,109,15,82,29,120,111,0" hai3="5,18,91,76,9,35,23,55,24,6,27,135,122"/><V46/><F120/><W45/><G122/><T113/><D2/><U89/><E129/><V4/><F92/><W34/><G76/><T132/><D107/><U58/><E71/><V61/><F82/><W98/><G135/><T56/><D132/><U19/><E42/><V20/><F4/><W50/><G5/><T123/><D123/><U30/><E30/><V130/><F0/><W36/><G36/><T28/><D28/><U14/><E104/><V106/><F106/><W80/><G27/><T79/><D79/><U48/><REACH who="1" step="1"/><E86/><REACH who="1" ten="211,178,351,250" step="2"/><V88/><F130/><W90/><G35/><T67/><D113/><U133/><E133/><V49/><F29/><W53/><G34/><T116/><D114/><U78/><E78/><V87/><F109/><W74/><G74/><T39/><D117/><U62/><E62/><V31/><F111/><W134/><G134/><T85/><D39/><U16/><E16/><V47/><F87/><W7/><G7/><T81/><D85/><U66/><E66/><N who="0" m="25097" /><D81/><U13/><E13/><V128/><F128/><W70/><G70/><T32/><D32/><U131/><E131/><V11/><F49/><W37/><G37/><T101/><D94/><U112/><E112/><V1/><F1/><W108/><G108/><T22/><D22/><AGARI ba="1,1" hai="14,19,22,48,52,57,58,59,84,89,93,97,102,105" machi="22" ten="30,12000,2" yaku="1,1,7,1,25,2,54,1,53,1" doraHai="63" doraHaiUra="99" who="1" fromWho="0" sc="211,-123,178,133,351,0,250,0" /><INIT seed="3,0,0,1,0,16" ten="88,311,351,250" oya="3" hai0="2,39,70,31,20,119,15,73,89,63,10,57,34" hai1="76,103,112,61,108,18,107,83,3,74,124,68,40" hai2="65,5,58,106,9,41,26,126,17,98,95,6,101" hai3="28,130,23,94,87,71,109,36,80,91,62,56,133"/><W0/><G36/><T100/><D39/><U38/><E112/><V8/><F126/><W121/><G121/><T120/><D119/><U134/><E124/><V49/><F106/><W99/><G0/><T7/><D120/><U113/><E113/><V33/><F33/><W52/><G133/><T110/><D110/><U53/><E53/><N who="2" m="32047" /><F65/><W128/><G71/><T72/><D70/><U92/><E92/><V22/><F41/><W64/><G109/><T59/><D100/><U88/><E40/><V96/><F96/><W104/><G104/><T48/><D48/><U66/><E3/><V102/><F102/><W43/><G43/><T45/><D45/><U37/><E103/><V118/><F118/><W25/><REACH who="3" step="1"/><G64/><REACH who="3" ten="88,311,351,240" step="2"/><T132/><D132/><U114/><E107/><V1/><F1/><W82/><G82/><T90/><D2/><U24/><E83/><V111/><F111/><W67/><G67/><T12/><D63/><U117/><E61/><V44/><F44/><W60/><G60/><T42/><D42/><U129/><E66/><V122/><F122/><W78/><AGARI ba="0,1" hai="23,25,28,52,56,62,78,80,87,91,94,99,128,130" machi="78" ten="30,11700,0" yaku="1,1,0,1,52,1,54,1,53,0" doraHai="16" doraHaiUra="13" who="3" fromWho="3" sc="88,-39,311,-39,351,-39,240,127" /><INIT seed="3,1,0,1,1,72" ten="49,272,312,367" oya="3" hai0="26,39,58,107,60,95,5,3,128,124,0,127,10" hai1="66,103,119,14,125,106,41,105,92,120,83,111,82" hai2="43,31,108,114,101,134,21,70,91,51,53,59,97" hai3="73,89,132,100,16,17,52,74,87,12,85,118,15"/><W8/><G118/><T102/><D107/><N who="1" m="40971" /><E66/><V75/><F114/><W86/><G100/><T69/><D69/><U117/><E41/><V121/><F70/><W27/><G132/><T98/><D39/><U11/><E14/><V46/><F108/><W7/><G74/><T113/><D113/><U126/><E11/><V54/><F75/><W56/><G73/><T77/><D128/><U1/><E1/><V99/><F134/><W42/><G42/><T81/><D0/><U76/><E120/><V22/><F121/><W35/><G35/><T135/><D135/><U104/><E104/><V78/><F31/><W44/><G44/><T129/><D129/><U2/><E2/><V32/><F32/><W34/><G34/><T25/><D25/><U80/><E111/><V19/><F22/><N who="3" m="11551" /><G27/><T115/><D26/><U47/><E47/><V133/><F46/><W84/><G84/><T112/><D112/><U55/><E55/><V9/><F54/><W68/><G68/><T33/><D33/><U30/><E76/><V49/><F78/><W79/><G79/><T130/><D115/><U36/><E36/><V65/><F53/><W63/><G7/><T90/><D130/><U131/><E131/><V6/><F43/><W23/><G8/><T37/><D37/><U110/><E110/><V116/><F9/><W20/><G23/><T71/><D71/><U62/><E62/><N who="2" m="38111" /><F6/><W50/><G63/><T48/><D48/><N who="2" m="18506" /><F133/><W88/><AGARI ba="1,0" hai="12,17,20,50,52,56,85,86,87,88,89" m="11551" machi="88" ten="30,11700,0" yaku="8,1,54,3" doraHai="72" who="3" fromWho="3" sc="49,-40,272,-40,312,-40,367,120" /><INIT seed="3,2,0,2,0,46" ten="9,232,272,487" oya="3" hai0="101,37,57,30,17,98,107,19,55,124,110,54,48" hai1="21,106,109,9,4,119,129,11,96,74,126,65,22" hai2="82,132,31,78,3,88,15,13,33,18,115,108,75" hai3="27,66,56,114,95,79,81,91,44,63,127,90,38"/><W86/><G114/><T125/><D37/><U64/><E74/><V69/><F69/><W39/><G127/><N who="0" m="48715" /><D110/><U16/><E109/><V80/><F108/><W134/><G134/><T53/><D30/><U51/><E126/><V34/><F115/><W72/><G27/><T128/><D128/><U111/><E111/><V123/><F132/><W103/><G103/><T84/><D84/><U7/><E96/><V133/><F133/><W94/><G44/><N who="0" m="27783" /><D54/><U99/><E99/><AGARI ba="2,0" hai="38,39,56,63,66,72,79,81,86,90,91,94,95,99" machi="99" ten="30,1500,0" yaku="7,1" doraHai="46" who="3" fromWho="1" sc="9,0,232,-21,272,0,487,21" /><INIT seed="3,3,0,0,2,84" ten="9,211,272,508" oya="3" hai0="120,61,74,106,50,44,110,96,112,86,101,95,2" hai1="79,122,104,64,85,21,0,67,130,39,111,82,75" hai2="17,29,93,127,77,30,35,24,5,126,58,41,125" hai3="55,69,76,63,32,131,11,59,31,14,100,57,8"/><W6/><G131/><T87/><D120/><U9/><E122/><V73/><F41/><W16/><G69/><T132/><D2/><U48/><E130/><V46/><F46/><W62/><G76/><T66/><D74/><U83/><E104/><V118/><F118/><W43/><G43/><T80/><D110/><U34/><E34/><V56/><F30/><W22/><G100/><T92/><D132/><U99/><E99/><V36/><F36/><W42/><G42/><T65/><D86/><U108/><E39/><V47/><F47/><W26/><G6/><T27/><D112/><U102/><E102/><V134/><F5/><W23/><G32/><T19/><D19/><U81/><E81/><N who="2" m="45231" /><F134/><W54/><AGARI ba="3,0" hai="8,11,14,16,22,23,26,31,54,55,57,59,62,63" machi="54" ten="20,12000,1" yaku="0,1,7,1,9,1,8,1,54,1" doraHai="84" who="3" fromWho="3" sc="9,-43,211,-43,272,-43,508,129" owari="-34,-53.4,168,-23.2,229,2.9,637,73.7" /></mjloggm>