<mjloggm ver="2.3"><GO type="225" lobby="0"/><UN n0="%E6%A1%9C%E8%8A%B1%E9%96%83%E3%80%85" n1="%E6%98%93%E5%88%A9%E8%96%A9%E4%BC%AF" n2="%73%73%6B%5F%66%72%65%65" n3="%72%61%6B%33" dan="16,17,16,16" rate="2222.08,2191.56,2099.88,2108.81" sx="M,F,M,M"/><TAIKYOKU oya="0"/><INIT seed="0,0,0,5,0,130" ten="250,250,250,250" oya="0" hai0="14,74,61,80,94,23,35,15,0,26,65,42,54" hai1="105,25,43,39,49,100,85,63,31,128,56,44,37" hai2="33,91,30,75,60,69,81,124,58,76,125,98,38" hai3="110,55,134,115,41,103,73,126,123,67,87,113,106"/><T93/><D0/><U7/><E128/><V135/><F38/><W34/><G41/><T122/><D122/><U108/><E108/><V82/><F69/><W57/><G67/><T112/><D112/><U131/><E131/><V22/><F33/><W119/><G57/><N who="0" m="37039" /><D74/><U53/><E7/><V13/><F98/><W79/><G55/><T104/><D104/><U12/><E12/><N who="0" m="4649" /><D35/><U86/><E100/><V21/><F13/><W99/><G103/><T107/><D107/><U89/><E105/><V1/><F1/><W8/><G8/><T78/><D42/><U47/><E47/><V10/><F10/><W64/><G64/><T62/><D80/><U40/><E40/><V118/><F118/><W88/><G34/><T71/><D78/><U36/><REACH who="1" step="1"/><E89/><REACH who="1" ten="250,240,250,250" step="2"/><V48/><F91/><W120/><G106/><T19/><D71/><U28/><E28/><V102/><F102/><W17/><G110/><T72/><D72/><U27/><E27/><V77/><F75/><W70/><G73/><T59/><AGARI ba="0,1" hai="19,23,26,54,59,62,93,94" m="4649,37039" machi="59" ten="30,1500,0" yaku="8,1" doraHai="130" who="0" fromWho="0" sc="250,25,240,-5,250,-5,250,-5" /><INIT seed="0,1,0,3,3,65" ten="275,235,245,245" oya="0" hai0="92,47,35,78,8,109,117,18,106,72,108,48,2" hai1="38,20,125,76,101,120,21,88,54,45,135,114,93" hai2="34,15,83,103,129,60,130,57,58,123,42,64,61" hai3="31,36,7,24,10,17,127,50,56,133,71,90,89"/><T52/><D117/><U124/><E120/><V81/><F123/><W62/><G36/><T41/><D106/><U118/><E118/><V96/><F34/><W1/><G127/><N who="1" m="48714" /><E76/><V28/><F28/><W30/><G133/><T128/><D128/><N who="2" m="49258" /><F42/><W55/><G17/><T95/><D35/><U67/><E67/><N who="2" m="39311" /><F15/><W37/><G37/><T39/><D78/><U113/><E101/><V40/><F40/><W105/><G105/><AGARI ba="1,0" hai="58,61,64,81,83,96,103,105" m="39311,49258" machi="105" ten="30,1000,0" yaku="19,1" doraHai="65" who="2" fromWho="3" sc="275,0,235,0,245,13,245,-13" /><INIT seed="1,0,0,5,2,11" ten="275,235,258,232" oya="1" hai0="128,87,119,129,34,35,25,84,75,58,132,51,108" hai1="91,97,28,73,99,36,37,80,39,100,42,7,112" hai2="86,13,95,27,31,30,15,46,68,106,32,12,8" hai3="124,45,105,1,64,4,53,70,103,44,22,29,43"/><U21/><E112/><V133/><F106/><W123/><G123/><T0/><D119/><U6/><E42/><V33/><F68/><W16/><G124/><T26/><D75/><U72/><E99/><V92/><F46/><W102/><G29/><N who="2" m="10761" /><F86/><W82/><G82/><T114/><D108/><U47/><E47/><V59/><F59/><W135/><G135/><T60/><D0/><U78/><E91/><V116/><F116/><W101/><G4/><T52/><D114/><U14/><E73/><V126/><F126/><W19/><G1/><T20/><D132/><U41/><E41/><V122/><F133/><W83/><G83/><T131/><D60/><U2/><E2/><V55/><F55/><W69/><G105/><T98/><D98/><U5/><E28/><N who="2" m="19487" /><F95/><W85/><G85/><N who="0" m="32843" /><D35/><U88/><E88/><V118/><F92/><W111/><G111/><T81/><D81/><U18/><REACH who="1" step="1"/><E37/><REACH who="1" ten="275,225,258,232" step="2"/><V23/><F118/><W62/><G43/><T50/><D34/><U24/><E24/><V113/><F33/><W61/><G45/><T110/><D110/><U94/><AGARI ba="0,1" hai="5,6,7,14,18,21,36,39,72,78,80,94,97,100" machi="94" ten="30,6000,0" yaku="1,1,0,1,52,1,53,0" doraHai="11" doraHaiUra="65" who="1" fromWho="1" sc="275,-20,225,70,258,-20,232,-20" /><INIT seed="1,1,0,3,3,7" ten="255,295,238,212" oya="1" hai0="33,99,17,13,40,118,116,88,108,5,12,57,2" hai1="74,105,134,3,44,110,63,29,104,95,75,46,117" hai2="27,28,35,67,60,80,51,121,127,89,112,64,130" hai3="9,1,10,32,43,70,23,72,123,81,83,73,66"/><U68/><E117/><V132/><F121/><W50/><G123/><T85/><D33/><U65/><E3/><V11/><F132/><W22/><G32/><T120/><D120/><U53/><E134/><V109/><F109/><W92/><G92/><T98/><D2/><U16/><E29/><V84/><F127/><W19/><G1/><T6/><D108/><U39/><E95/><V52/><F130/><W107/><G107/><T126/><D40/><U129/><E129/><V76/><F112/><W97/><G97/><T91/><D57/><U77/><E77/><V59/><F11/><N who="3" m="4107" /><G43/><T111/><D111/><U71/><E39/><V122/><F122/><W31/><G50/><T24/><D126/><U135/><E135/><V94/><REACH who="2" step="1"/><F51/><REACH who="2" ten="255,295,228,212" step="2"/><W90/><G72/><AGARI ba="1,1" hai="27,28,35,52,59,60,64,67,72,76,80,84,89,94" machi="72" ten="30,8000,1" yaku="1,1,2,1,7,1,54,1,53,1" doraHai="7" doraHaiUra="21" who="2" fromWho="3" sc="255,0,295,0,228,93,212,-83" /><INIT seed="2,0,0,3,1,17" ten="255,295,321,129" oya="2" hai0="39,102,31,92,90,70,105,131,11,134,62,129,126" hai1="45,2,109,116,32,47,42,99,72,106,18,73,122" hai2="26,54,46,6,12,40,85,24,97,64,10,37,66" hai3="89,27,59,35,50,34,112,75,23,57,68,86,49"/><V80/><F97/><W93/><G68/><T135/><D39/><U113/><E113/><V36/><F36/><W67/><G112/><T87/><D11/><U1/><E116/><V21/><F54/><W30/><G75/><T52/><D31/><U9/><E32/><V103/><F103/><W98/><G34/><T110/><D110/><U38/><E47/><V44/><F44/><W78/><G35/><T121/><D121/><U108/><E122/><V119/><F119/><W132/><G132/><N who="0" m="50731" /><D70/><U125/><E125/><V107/><F107/><W43/><G43/><T8/><D8/><U61/><E61/><V76/><REACH who="2" step="1"/><F26/><REACH who="2" ten="255,295,311,129" step="2"/><W3/><G67/><T120/><D120/><U4/><E108/><V55/><F55/><W16/><G3/><T77/><D102/><U63/><E2/><V104/><F104/><W95/><G30/><AGARI ba="0,1" hai="6,10,12,21,24,30,37,40,46,64,66,76,80,85" machi="30" ten="30,5800,0" yaku="1,1,7,1,52,1,53,0" doraHai="17" doraHaiUra="28" who="2" fromWho="3" sc="255,0,295,0,311,68,129,-58" /><INIT seed="2,1,0,3,1,133" ten="255,295,379,71" oya="2" hai0="23,134,117,112,29,70,135,17,103,64,8,15,35" hai1="111,82,16,74,78,63,85,52,41,44,97,71,126" hai2="122,65,5,101,121,46,87,25,28,108,118,100,102" hai3="27,96,127,83,55,124,12,24,48,31,80,68,11"/><V129/><F118/><W73/><G68/><T88/><D103/><U79/><E111/><V90/><F108/><W75/><G96/><T50/><D112/><U3/><E3/><V92/><F129/><W131/><G131/><T37/><D37/><U57/><E126/><N who="3" m="48170" /><G83/><T130/><D50/><U34/><E34/><V13/><F65/><W9/><G27/><T59/><D70/><U105/><E71/><V18/><F5/><N who="3" m="3119" /><G11/><T125/><D8/><U77/><E74/><V7/><F7/><W6/><G80/><T10/><D10/><U116/><E116/><V53/><F25/><W19/><G19/><T45/><D117/><U1/><E1/><V42/><F28/><W0/><G0/><T66/><D29/><U61/><E97/><V56/><F18/><W107/><G107/><T22/><D17/><U86/><E105/><V115/><F13/><W39/><G39/><T72/><D15/><U51/><E82/><V95/><F115/><W109/><G109/><T128/><D125/><U119/><E119/><V36/><F95/><W20/><G6/><T104/><D104/><U114/><E114/><V120/><F120/><W67/><G67/><T26/><D66/><N who="1" m="39215" /><E16/><V89/><F122/><W60/><G60/><T2/><D64/><U33/><E33/><V110/><F110/><W91/><G91/><T123/><D88/><N who="2" m="33898" /><F121/><W30/><G30/><T106/><D123/><U69/><E69/><V76/><F92/><W99/><G99/><T132/><D106/><U43/><E63/><V49/><F102/><W38/><G38/><T58/><D134/><U54/><E79/><RYUUKYOKU ba="1,0" sc="255,-15,295,-15,379,15,71,15" hai2="36,42,46,49,53,56,76,87,100,101" hai3="20,24,31,48,55,73,75" /><INIT seed="2,2,0,3,2,60" ten="240,280,394,86" oya="2" hai0="75,128,51,90,47,39,44,87,16,106,85,30,37" hai1="33,6,7,66,91,3,38,104,115,70,119,112,73" hai2="45,122,132,42,125,17,114,95,99,10,68,22,110" hai3="54,77,103,133,23,69,71,126,41,58,11,21,64"/><V121/><F114/><W25/><G126/><T34/><D75/><U13/><E73/><V43/><F125/><W63/><G133/><T79/><D106/><U28/><E104/><V27/><F132/><W29/><G77/><T117/><D128/><U2/><E38/><V32/><F110/><W111/><G111/><T78/><D30/><U135/><E135/><V76/><F32/><W26/><G11/><T92/><D34/><U4/><E91/><V101/><F68/><W116/><G116/><T65/><D65/><U98/><E98/><V5/><F76/><W55/><G41/><T49/><D90/><U18/><E119/><V81/><F81/><W36/><G36/><T24/><D24/><N who="1" m="18567" /><E66/><V9/><F43/><W83/><G83/><T72/><D72/><U107/><E107/><V109/><F109/><W127/><G127/><T113/><D92/><U1/><E70/><V120/><F5/><W19/><G71/><T40/><D40/><U57/><E57/><V46/><F46/><W131/><G131/><T96/><D96/><U97/><E97/><V134/><F134/><W93/><G69/><T0/><D117/><U118/><E118/><V82/><F82/><W108/><G108/><T52/><D113/><U89/><E89/><V62/><F62/><W31/><G19/><T84/><D16/><U88/><E88/><V59/><F42/><W100/><REACH who="3" step="1"/><G93/><REACH who="3" ten="240,280,394,76" step="2"/><T67/><D39/><U61/><E3/><V20/><F95/><W130/><G130/><T14/><D37/><U105/><E115/><V12/><F122/><W35/><G35/><T74/><D0/><RYUUKYOKU ba="2,1" sc="240,-10,280,-10,394,-10,76,30" hai3="21,23,25,26,29,31,54,55,58,63,64,100,103" /><INIT seed="3,3,1,5,4,81" ten="230,270,384,106" oya="3" hai0="30,103,59,112,6,74,63,105,84,47,96,124,131" hai1="20,5,65,54,24,78,127,85,93,14,46,120,73" hai2="31,40,75,9,53,57,15,76,38,71,113,17,7" hai3="51,102,19,66,111,133,1,48,72,129,118,91,34"/><W100/><G118/><T28/><D74/><U10/><E127/><V12/><F71/><W58/><G72/><T68/><D68/><U132/><E132/><V89/><F31/><W77/><G34/><T60/><D124/><U52/><E120/><V119/><F119/><W86/><G133/><T92/><D131/><U123/><E123/><V110/><F89/><W8/><G129/><T80/><D112/><U99/><E73/><V27/><F27/><W49/><G77/><N who="0" m="46095" /><D105/><U21/><E65/><V101/><F101/><N who="3" m="39019" /><G1/><T45/><D6/><U23/><E24/><V61/><F113/><W97/><G97/><T94/><D94/><U87/><E46/><N who="0" m="17417" /><D63/><U42/><E42/><V25/><F38/><W90/><G111/><T125/><D125/><U134/><E134/><V37/><F37/><W41/><G41/><T79/><D79/><U82/><E85/><V115/><F76/><W98/><G98/><T128/><D128/><U29/><E29/><V39/><F39/><W109/><G109/><T69/><D69/><U122/><E122/><V26/><F110/><W116/><G116/><T114/><D114/><U126/><E126/><V43/><F115/><W4/><G4/><T67/><AGARI ba="3,1" hai="28,30,59,60,67,92,96,103" m="17417,46095" machi="67" ten="30,2000,0" yaku="8,1,52,1" doraHai="81" who="0" fromWho="0" sc="230,39,270,-8,384,-8,106,-13" owari="269,6.9,262,-13.8,376,47.6,93,-40.7" /></mjloggm>