<mjloggm ver="2.3"><GO type="225" lobby="0"/><UN n0="%E3%81%8B%E3%82%8F%E3%81%A1%E3%82%83%E3%82%93%35%38" n1="%E6%9C%88%E5%B3%B6%E5%9F%BA" n2="%E3%83%96%E3%83%83%E3%83%91%E3%82%AA%E3%83%96%E3%83%81%E3%82%AD%E3%83%B3" n3="%E8%B5%A4%E3%81%84%E8%9B%99%31%31" dan="16,17,16,16" rate="2113.84,2217.25,2137.39,2067.30" sx="M,M,M,M"/><TAIKYOKU oya="0"/><INIT seed="0,0,0,1,5,120" ten="250,250,250,250" oya="0" hai0="80,81,52,132,94,33,29,126,26,20,61,70,103" hai1="125,25,90,23,127,112,38,17,133,72,121,28,115" hai2="48,91,77,97,82,12,108,124,62,109,98,5,60" hai3="11,131,106,1,57,64,19,59,21,122,34,87,84"/><T46/><D132/><U7/><E72/><V117/><F124/><N who="1" m="47689" /><E38/><V45/><F117/><W39/><G122/><T123/><D123/><U110/><E90/><V89/><F5/><W49/><G39/><T18/><D126/><U22/><E121/><V68/><F12/><W111/><G34/><T107/><D94/><U9/><E110/><N who="2" m="42603" /><F91/><W15/><G106/><T119/><D119/><U50/><E50/><V100/><F89/><W76/><G111/><T44/><D81/><U13/><E133/><V63/><F68/><W55/><G131/><T10/><D10/><U37/><E37/><V88/><F88/><W51/><G76/><T4/><D4/><U35/><E23/><V2/><F100/><W114/><G21/><T16/><D80/><U43/><E43/><N who="2" m="24639" /><F2/><AGARI ba="0,0" hai="2,7,9,13,17,22,25,28,35,112,115" m="47689" machi="2" ten="30,7700,0" yaku="24,1,18,1,34,2" doraHai="120" who="1" fromWho="2" sc="250,0,250,77,250,-77,250,0" /><INIT seed="1,0,0,3,0,49" ten="250,327,173,250" oya="1" hai0="62,50,68,41,60,110,8,30,34,87,20,6,86" hai1="73,79,120,70,52,16,77,9,59,102,43,28,29" hai2="115,74,133,119,76,57,94,48,19,83,31,126,117" hai3="2,38,15,129,1,26,78,90,45,7,81,58,112"/><U39/><E70/><V51/><F126/><W22/><G112/><T33/><D110/><U92/><E120/><V14/><F115/><W0/><G90/><T32/><D30/><N who="1" m="11883" /><E39/><V54/><F133/><W12/><G129/><T124/><D20/><U21/><E9/><V99/><F48/><W18/><G58/><T128/><D128/><U69/><E43/><V95/><F31/><W127/><G127/><T71/><D124/><U10/><E10/><V96/><F95/><W53/><G7/><T109/><D109/><U132/><E73/><V131/><F99/><W37/><G37/><T63/><D68/><U97/><E69/><V17/><F131/><W23/><G23/><T25/><D71/><U82/><E82/><V64/><F64/><W46/><G38/><T3/><REACH who="0" step="1"/><D25/><REACH who="0" ten="240,327,173,250" step="2"/><N who="1" m="14503" /><E132/><V40/><F40/><W88/><G26/><T111/><D111/><U89/><E102/><V47/><F47/><AGARI ba="0,1" hai="3,6,8,32,33,34,41,47,50,60,62,63,86,87" machi="47" ten="50,1600,0" yaku="1,1,53,0" doraHai="49" doraHaiUra="114" who="0" fromWho="2" sc="240,26,327,0,173,-16,250,0" /><INIT seed="2,0,0,5,0,11" ten="266,327,157,250" oya="2" hai0="55,105,128,77,98,20,23,134,132,115,80,44,27" hai1="39,94,67,5,83,97,127,16,43,75,10,96,109" hai2="0,12,95,32,14,135,114,49,116,70,74,6,61" hai3="30,78,73,120,92,84,110,68,82,131,72,66,46"/><V9/><F114/><W63/><G120/><T26/><D115/><U35/><E35/><V121/><F116/><W51/><G110/><T18/><D128/><U37/><E109/><V89/><F121/><W107/><G107/><T22/><D44/><U4/><E67/><V123/><F123/><W53/><G131/><T48/><D105/><U7/><E43/><V15/><F135/><W50/><G30/><T58/><D98/><U13/><E127/><V119/><F119/><W1/><G1/><T108/><D108/><U88/><REACH who="1" step="1"/><E96/><REACH who="1" ten="266,317,157,250" step="2"/><V40/><F32/><W79/><G79/><AGARI ba="0,1" hai="4,5,7,10,13,16,37,39,75,79,83,88,94,97" machi="79" ten="40,12000,2" yaku="1,1,2,1,52,1,54,2,53,1" doraHai="11" doraHaiUra="90" who="1" fromWho="3" sc="266,0,317,130,157,0,250,-120" /><INIT seed="3,0,0,0,0,91" ten="266,447,157,130" oya="3" hai0="127,110,128,121,3,130,34,43,95,39,65,97,51" hai1="89,92,7,133,131,32,100,83,122,53,25,55,23" hai2="64,126,80,54,33,71,56,4,125,26,78,60,87" hai3="16,68,107,119,109,37,1,66,13,106,113,88,120"/><W28/><G113/><T84/><D3/><U129/><E122/><V52/><F4/><W79/><G120/><T5/><D121/><U86/><E32/><V8/><F8/><W0/><G119/><T101/><D34/><U103/><E7/><V132/><F132/><W114/><G114/><T19/><D5/><U111/><E111/><V10/><F10/><W48/><G37/><T82/><D39/><U59/><E133/><V81/><F81/><W63/><G79/><T21/><D65/><U75/><E75/><V61/><REACH who="2" step="1"/><F54/><REACH who="2" ten="266,447,147,130" step="2"/><W105/><G109/><T118/><D82/><U98/><E55/><V12/><F12/><W104/><N who="3" m="26624" /><DORA hai="74" /><W108/><G108/><T62/><D110/><U73/><E73/><V94/><F94/><W124/><G124/><T44/><D95/><U38/><E38/><V22/><F22/><W2/><G28/><AGARI ba="0,1" hai="26,28,33,52,56,60,61,64,71,78,80,87,125,126" machi="28" ten="40,5200,0" yaku="1,1,52,1,54,1,53,0" doraHai="91,74" doraHaiUra="11,36" who="2" fromWho="3" sc="266,0,447,0,147,62,130,-52" owari="266,6.6,447,54.7,209,-19.1,78,-42.2" /></mjloggm>