<mjloggm ver="2.3"><GO type="169" lobby="0"/><UN n0="%E3%83%95%E3%83%AB%E3%82%BC%E3%83%B3%E3%83%84%E3%81%8F%E3%82%93" n1="%E3%81%9D%E3%82%93%E3%81%97%E6%A7%98" n2="%6D%62%72%63%68%61%6E" n3="%E6%89%8B%E6%8A%BC%E3%81%97%E8%BB%8A" dan="16,17,16,16" rate="2167.33,2231.58,2140.52,2081.25" sx="F,M,M,M"/><TAIKYOKU oya="0"/><INIT seed="0,0,0,1,2,75" ten="250,250,250,250" oya="0" hai0="78,90,37,54,114,1,30,62,36,44,38,123,26" hai1="51,22,19,87,40,18,132,64,101,67,45,59,94" hai2="13,17,46,55,52,43,31,107,71,76,88,58,24" hai3="14,118,84,80,2,27,128,135,81,53,93,83,23"/><T56/><D114/><U117/><E132/><V35/><F71/><W10/><G2/><T104/><D123/><U125/><E125/><V85/><F107/><W28/><G118/><T16/><D1/><U5/><E5/><V48/><F76/><W74/><G74/><T126/><D126/><U121/><E121/><V0/><F0/><W106/><G106/><T100/><D90/><U124/><E117/><V39/><F39/><W97/><G135/><T133/><D133/><U102/><E19/><V72/><F72/><W73/><G53/><T50/><D78/><U111/><E111/><V98/><F98/><W8/><G8/><T42/><D104/><U103/><E124/><V70/><F70/><W113/><G73/><T86/><D86/><U95/><E59/><V65/><F65/><N who="1" m="25161" /><E87/><V79/><F79/><N who="3" m="46111" /><G128/><T109/><D109/><U60/><E60/><V69/><F69/><W29/><G29/><T15/><D100/><U34/><E34/><V122/><F58/><W82/><G113/><T20/><REACH who="0" step="1"/><D62/><REACH who="0" ten="240,250,250,250" step="2"/><U47/><E102/><V92/><REACH who="2" step="1"/><F122/><REACH who="2" ten="240,250,240,250" step="2"/><W49/><G97/><T131/><D131/><U4/><E101/><V127/><F127/><W99/><G99/><T7/><D7/><U32/><E4/><V112/><F112/><W3/><G3/><T129/><D129/><U120/><E103/><V12/><F12/><W33/><G27/><T108/><D108/><U25/><E120/><V63/><F63/><W9/><G33/><AGARI ba="0,2" hai="15,16,20,26,30,33,36,37,38,42,44,50,54,56" machi="33" ten="30,11600,0" yaku="1,1,7,1,54,1,53,1" doraHai="75" doraHaiUra="41" who="0" fromWho="3" sc="240,136,250,0,240,0,250,-116" /><INIT seed="0,1,0,5,3,17" ten="376,250,240,134" oya="0" hai0="116,55,7,131,4,59,118,124,64,20,70,6,98" hai1="12,87,50,133,15,42,49,21,26,23,113,72,73" hai2="24,80,134,75,0,37,93,115,123,100,8,40,121" hai3="16,114,48,106,61,105,90,19,9,135,13,62,86"/><T33/><D33/><U69/><E69/><V71/><F115/><W107/><G114/><T77/><D124/><U81/><E113/><V30/><F71/><W101/><G101/><T60/><D131/><U76/><E133/><V97/><F134/><W38/><G38/><T130/><D130/><U110/><E110/><V18/><F40/><W95/><G135/><T41/><D77/><U2/><E2/><V89/><F37/><W128/><G128/><T74/><D74/><U53/><E72/><V43/><F43/><W36/><G36/><T125/><D125/><U68/><E68/><V34/><F75/><W84/><G84/><T58/><D58/><N who="1" m="33071" /><E73/><V45/><F45/><W47/><REACH who="3" step="1"/><G19/><REACH who="3" ten="376,250,240,124" step="2"/><T112/><D112/><U117/><E117/><V63/><F18/><W65/><G65/><T29/><D98/><U25/><E87/><V132/><F132/><W111/><G111/><T79/><D116/><U35/><E76/><V1/><F97/><W104/><N who="3" m="26624" /><DORA hai="119" /><W10/><G10/><T28/><D79/><U120/><E120/><V67/><F8/><W85/><G85/><T94/><D118/><U96/><E96/><V66/><F121/><W82/><G82/><T52/><D64/><U102/><E81/><V108/><F80/><W39/><G39/><T99/><D99/><U14/><E102/><V88/><F100/><W92/><G92/><T78/><D94/><U51/><E26/><V32/><F24/><W46/><G46/><T103/><D78/><U127/><E127/><V3/><F123/><W31/><G31/><T22/><D103/><U122/><E122/><RYUUKYOKU ba="1,1" sc="376,-10,250,-10,240,-10,124,30" hai3="9,13,16,47,48,61,62,86,90,95" /><INIT seed="1,2,1,0,2,32" ten="366,240,230,154" oya="1" hai0="75,52,22,80,109,68,64,110,132,57,46,99,103" hai1="13,82,131,118,120,124,11,71,135,55,100,129,23" hai2="121,113,107,79,87,73,2,102,106,25,104,115,58" hai3="112,30,97,44,7,19,43,123,93,101,34,96,12"/><U88/><E118/><V133/><F121/><W108/><G123/><T128/><D128/><N who="1" m="49227" /><E120/><V6/><F133/><W5/><G112/><N who="2" m="43081" /><F73/><W47/><G47/><T98/><D46/><U36/><E135/><V94/><F58/><W61/><G61/><T90/><D64/><U56/><E124/><V14/><F14/><W70/><G70/><T60/><D68/><U86/><E36/><V31/><F79/><W27/><G96/><T81/><D132/><U95/><E23/><N who="2" m="15807" /><F87/><W66/><G66/><T3/><D22/><U114/><E114/><V78/><F78/><W69/><G69/><T53/><D75/><U54/><E71/><V74/><F74/><W105/><G105/><T42/><D98/><N who="1" m="59487" /><E56/><V85/><F85/><W127/><G127/><T122/><D57/><U130/><N who="1" m="49235" /><U84/><DORA hai="20" /><E84/><V119/><F119/><W28/><G30/><T65/><D122/><U92/><E92/><V125/><F125/><W134/><G134/><T67/><D99/><U77/><E77/><V63/><F63/><W29/><G29/><T76/><D60/><U40/><E40/><V48/><F48/><W24/><G28/><T50/><D50/><U111/><E111/><V8/><F94/><W91/><G108/><T4/><D76/><U89/><E89/><V72/><F72/><W0/><G91/><T26/><D90/><U45/><E45/><V17/><F102/><W38/><G34/><T41/><D103/><U51/><E51/><V62/><F62/><W18/><G38/><T117/><D117/><U1/><E13/><N who="2" m="7335" /><F107/><W116/><G101/><T35/><D110/><RYUUKYOKU ba="2,1" sc="366,-15,240,15,230,15,154,-15" hai1="1,11,54,55,82,86,88" hai2="2,6,104,106" /><INIT seed="1,3,1,4,3,93" ten="351,255,245,139" oya="1" hai0="127,119,37,12,10,55,20,83,59,2,71,14,56" hai1="107,92,8,17,4,11,29,57,66,69,99,19,5" hai2="89,104,67,100,132,124,116,80,120,26,125,87,94" hai3="54,23,82,0,28,134,129,9,135,25,13,84,118"/><U62/><E107/><V95/><F67/><W113/><G113/><T50/><D119/><U31/><E69/><V61/><F61/><W81/><G118/><T7/><D71/><U68/><E68/><V36/><F36/><W115/><G115/><T6/><D37/><U33/><E33/><V44/><F44/><W96/><G0/><T27/><D127/><N who="2" m="48714" /><F116/><W15/><G82/><T49/><D83/><U123/><E123/><V130/><F26/><W102/><G54/><T32/><D32/><U126/><E126/><V90/><F120/><W48/><G48/><T106/><D106/><U108/><E108/><V105/><F130/><W47/><G47/><T112/><D112/><U24/><E8/><V101/><F132/><W65/><G65/><T98/><D50/><U63/><E63/><V75/><F101/><W3/><G3/><T91/><D56/><U58/><E58/><V70/><F70/><W1/><G1/><T18/><D7/><N who="1" m="2635" /><E11/><V74/><F100/><W73/><G73/><N who="2" m="27657" /><F80/><W77/><G129/><T30/><D30/><N who="1" m="11275" /><E24/><V131/><F131/><W43/><G43/><T97/><D2/><U46/><E46/><V76/><F76/><W40/><G40/><T42/><D42/><U109/><E109/><V53/><F53/><W110/><G110/><T38/><D38/><U34/><E34/><V122/><F122/><W60/><G60/><T52/><D55/><U22/><E22/><V86/><AGARI ba="3,1" hai="86,87,89,90,94,95,104,105" m="27657,48714" machi="86" ten="30,4000,0" yaku="18,1,34,2" doraHai="93" who="2" fromWho="2" sc="351,-13,255,-23,245,59,139,-13" /><INIT seed="2,0,0,3,5,27" ten="338,232,304,126" oya="2" hai0="95,98,6,40,74,135,43,117,50,34,129,55,14" hai1="28,47,127,31,4,66,121,10,96,48,46,71,78" hai2="128,87,41,82,0,130,54,38,86,102,100,5,134" hai3="79,30,9,39,104,90,126,59,89,1,3,15,32"/><V22/><F134/><W64/><G39/><T20/><D74/><U23/><E127/><V63/><F41/><W132/><G104/><T60/><D34/><U112/><E112/><V94/><F38/><W109/><G126/><T17/><D135/><U7/><E71/><V56/><F5/><N who="1" m="2121" /><E10/><V131/><F0/><W65/><G132/><T8/><D129/><U77/><E66/><V116/><F116/><W85/><G79/><N who="1" m="30218" /><E121/><V118/><F118/><W88/><G85/><N who="2" m="32265" /><F82/><W101/><G101/><N who="2" m="39017" /><F22/><W57/><G9/><T2/><D117/><U19/><E96/><V70/><F70/><W113/><G113/><T49/><D43/><N who="1" m="24671" /><E47/><V36/><F36/><W81/><G81/><T45/><D45/><U92/><E92/><AGARI ba="0,0" hai="54,56,63,92,94,128,130,131" m="39017,32265" machi="92" ten="40,2000,0" yaku="19,1" doraHai="27" who="2" fromWho="1" sc="338,0,232,-20,304,20,126,0" /><INIT seed="2,1,0,1,2,131" ten="338,212,324,126" oya="2" hai0="20,117,2,0,82,94,98,80,74,46,70,91,12" hai1="50,85,5,23,104,106,105,120,32,87,30,114,110" hai2="79,97,3,59,55,90,9,77,43,14,84,47,89" hai3="27,76,134,68,35,17,57,101,26,40,22,36,128"/><V133/><F133/><W7/><G68/><T10/><D70/><U67/><E110/><V52/><F3/><W93/><G128/><T129/><D129/><U109/><E109/><V86/><F97/><W125/><G76/><T24/><D117/><U4/><E114/><V88/><F79/><W21/><G35/><T132/><D132/><U119/><E32/><V107/><F107/><W92/><G7/><T75/><D75/><U25/><E119/><V95/><F77/><W28/><G125/><T126/><D126/><U60/><E50/><N who="2" m="27007" /><F59/><W37/><G57/><T15/><D46/><U31/><E31/><V113/><F113/><W39/><G40/><T102/><D74/><U44/><E44/><V53/><F95/><W72/><G72/><T99/><D15/><U61/><E120/><V1/><F1/><W121/><G121/><T65/><D2/><U83/><E83/><V100/><F100/><W81/><G81/><T58/><D0/><U19/><E30/><V66/><F66/><W13/><G13/><T8/><D99/><U11/><E67/><V130/><F130/><W115/><G115/><T63/><D102/><U16/><E106/><V103/><F103/><W127/><G127/><T38/><D12/><N who="1" m="7199" /><E105/><V6/><AGARI ba="1,0" hai="6,9,14,52,53,55,84,86,88,89,90" m="27007" machi="6" ten="30,6000,0" yaku="8,1,54,2" doraHai="131" who="2" fromWho="2" sc="338,-21,212,-21,324,63,126,-21" /><INIT seed="2,2,0,1,0,80" ten="317,191,387,105" oya="2" hai0="79,111,71,135,95,41,82,84,25,119,72,26,22" hai1="44,115,60,116,24,88,14,132,68,123,49,76,5" hai2="9,37,21,63,94,39,18,52,54,66,92,107,40" hai3="48,96,130,57,98,134,122,121,8,108,74,34,45"/><V36/><F107/><W51/><G34/><T69/><D111/><U62/><E115/><V113/><F40/><W17/><G74/><T6/><D135/><U89/><E116/><V109/><F9/><W19/><G108/><T97/><D119/><U61/><E68/><V67/><F67/><W42/><G134/><T101/><D6/><U65/><E65/><V131/><F131/><W118/><G130/><T124/><D124/><U28/><E76/><V15/><F113/><W81/><G118/><T27/><D41/><U87/><E132/><V1/><F1/><W120/><G8/><T85/><REACH who="0" step="1"/><D22/><REACH who="0" ten="307,191,387,105" step="2"/><N who="1" m="15383" /><E123/><V55/><REACH who="2" step="1"/><F109/><REACH who="2" ten="307,191,377,105" step="2"/><W133/><G133/><T73/><D73/><U30/><E5/><V58/><AGARI ba="2,2" hai="15,18,21,36,37,39,52,54,55,58,63,66,92,94" machi="58" ten="40,12000,1" yaku="1,1,2,1,0,1,54,1,53,0" doraHai="80" doraHaiUra="0" who="2" fromWho="2" sc="307,-42,191,-42,377,146,105,-42" /><INIT seed="2,3,0,5,0,117" ten="265,149,523,63" oya="2" hai0="77,101,45,39,56,133,122,43,9,116,103,50,81" hai1="37,129,48,84,7,47,34,132,86,8,52,25,79" hai2="76,17,21,94,49,28,59,119,85,113,27,107,106" hai3="30,135,102,60,14,99,20,5,40,33,127,12,29"/><V123/><F123/><W74/><G74/><T44/><D116/><U36/><E129/><V124/><F113/><W2/><G40/><T16/><D133/><U114/><E114/><V63/><F124/><W104/><G127/><T112/><D112/><U134/><E34/><V75/><F75/><W24/><G135/><N who="1" m="51754" /><E25/><V93/><F119/><W108/><G108/><T121/><D56/><U54/><E54/><V92/><F49/><W19/><G30/><T13/><D101/><U130/><E130/><V87/><F28/><W111/><G111/><T105/><D103/><U66/><E66/><V10/><F10/><N who="3" m="2359" /><G12/><T67/><D67/><U55/><E55/><V35/><F35/><W100/><G100/><T72/><D105/><U83/><E86/><V11/><F11/><W125/><G125/><T18/><D18/><U22/><E22/><V118/><F118/><W61/><AGARI ba="3,0" hai="14,19,20,24,29,33,60,61,99,102,104" m="2359" machi="61" ten="30,1100,0" yaku="24,1" doraHai="117" who="3" fromWho="3" sc="265,-6,149,-6,523,-8,63,20" /><INIT seed="3,0,0,3,1,92" ten="259,143,515,83" oya="3" hai0="51,81,94,23,88,6,101,56,115,2,59,130,100" hai1="49,119,58,66,28,84,72,106,39,14,31,123,118" hai2="67,33,42,50,3,125,32,79,93,35,133,91,27" hai3="5,82,76,83,96,64,36,70,68,10,135,41,26"/><W63/><G83/><T40/><D130/><U132/><E123/><V87/><F3/><W12/><G135/><T30/><D115/><U86/><E39/><V21/><F125/><W128/><G128/><T44/><D2/><U43/><E72/><V77/><F67/><W98/><G70/><T62/><D6/><U112/><E112/><V97/><F133/><W71/><G68/><T11/><D11/><U90/><E106/><V57/><F87/><W24/><G24/><N who="0" m="16671" /><D81/><U45/><E86/><V47/><REACH who="2" step="1"/><F57/><REACH who="2" ten="259,143,505,83" step="2"/><N who="0" m="22090" /><D62/><U25/><E58/><V109/><F109/><W102/><G102/><T19/><D19/><AGARI ba="0,1" hai="19,21,27,32,33,35,42,47,50,77,79,91,93,97" machi="19" ten="40,5200,0" yaku="1,1,52,1,53,1" doraHai="92" doraHaiUra="13" who="2" fromWho="0" sc="259,-52,143,0,505,62,83,0" /><INIT seed="4,0,0,1,5,2" ten="207,143,567,83" oya="0" hai0="86,53,23,111,18,95,68,50,38,108,118,80,128" hai1="52,66,22,85,84,76,74,30,49,133,121,26,93" hai2="109,130,75,113,14,123,131,100,119,71,82,3,127" hai3="10,35,58,94,42,5,4,34,28,87,70,126,69"/><T91/><D118/><U125/><E121/><V40/><F14/><W13/><G42/><T120/><D120/><U114/><E133/><V112/><F100/><W62/><G126/><T25/><D38/><U20/><E125/><V63/><F40/><W78/><G35/><T92/><D68/><U107/><E107/><V48/><F48/><W115/><G115/><T47/><REACH who="0" step="1"/><D128/><REACH who="0" ten="197,143,567,83" step="2"/><U105/><E114/><V90/><F71/><W73/><G69/><T17/><D17/><U59/><E30/><V117/><F123/><W135/><G70/><T27/><D27/><U79/><E26/><V24/><F24/><W116/><G28/><T129/><D129/><U88/><E74/><V124/><F75/><W55/><G34/><T65/><D65/><U104/><E66/><V56/><F119/><W12/><G73/><T54/><D54/><U99/><E52/><V41/><F117/><W81/><G116/><T36/><D36/><U43/><E43/><V45/><F124/><W15/><G135/><T103/><D103/><U98/><E105/><V19/><F19/><W1/><REACH who="3" step="1"/><G94/><AGARI ba="0,1" hai="18,23,25,47,50,53,80,86,91,92,94,95,108,111" machi="94" ten="40,3900,0" yaku="1,1,53,1" doraHai="2" doraHaiUra="21" who="0" fromWho="3" sc="197,49,143,0,567,0,83,-39" /><INIT seed="4,1,0,0,0,19" ten="246,143,567,44" oya="0" hai0="111,96,36,117,41,71,113,69,26,53,99,39,82" hai1="34,131,37,87,79,114,83,105,133,43,80,106,40" hai2="51,86,81,75,116,16,15,90,57,67,78,128,94" hai3="58,63,103,42,11,46,54,76,47,13,66,64,135"/><T56/><D113/><U68/><E68/><V70/><F128/><W120/><G120/><T5/><D117/><U92/><E34/><V97/><F70/><W110/><G103/><T93/><D5/><U130/><E37/><V100/><F116/><W44/><G76/><T30/><D82/><U127/><E114/><V25/><F25/><W29/><G29/><T118/><D118/><U85/><E133/><V45/><F57/><W48/><G135/><T77/><D77/><N who="1" m="46223" /><E40/><V122/><F67/><N who="3" m="25643" /><G13/><T126/><D39/><U134/><E43/><N who="2" m="25023" /><F75/><W21/><G21/><T22/><D96/><U115/><E115/><V55/><F55/><N who="3" m="34271" /><G11/><T38/><D36/><U123/><E123/><V91/><F122/><W88/><G88/><T12/><D69/><U125/><E92/><V6/><F6/><W112/><G112/><T28/><D71/><U50/><E50/><V20/><AGARI ba="1,0" hai="15,16,20,78,81,86,90,91,94,97,100" m="25023" machi="20" ten="30,4000,0" yaku="8,1,52,1,54,1" doraHai="19" who="2" fromWho="2" sc="246,-21,143,-11,567,43,44,-11" /><INIT seed="5,0,0,1,0,21" ten="225,132,610,33" oya="1" hai0="51,86,116,120,58,48,103,23,50,43,52,88,17" hai1="115,92,129,64,41,0,38,37,46,135,15,11,83" hai2="42,75,39,100,99,62,124,96,90,30,36,4,125" hai3="133,66,130,13,89,19,28,7,117,9,34,27,128"/><U71/><E0/><V32/><F75/><W114/><G66/><T95/><D116/><U76/><E115/><V113/><F4/><W14/><G89/><T93/><D120/><U29/><E129/><N who="3" m="49770" /><G114/><T126/><D126/><U77/><E135/><V67/><F30/><W3/><G133/><T8/><D8/><U5/><E29/><V131/><F32/><W70/><G70/><T101/><D95/><U132/><E132/><V111/><F42/><W25/><G117/><T53/><D43/><U105/><E105/><V24/><F111/><W35/><G35/><T122/><D122/><U108/><E108/><V81/><F131/><W72/><G72/><T33/><D33/><U44/><E44/><V127/><F113/><W79/><G79/><T102/><D53/><U118/><E118/><V98/><F39/><W2/><G27/><AGARI ba="0,0" hai="17,23,27,48,50,51,52,58,86,88,93,101,102,103" machi="27" ten="40,8000,1" yaku="8,1,52,1,54,2" doraHai="21" who="0" fromWho="3" sc="225,80,132,0,610,0,33,-80" owari="305,10.5,132,-26.8,610,71.0,-47,-54.7" /></mjloggm>