<mjloggm ver="2.3"><GO type="169" lobby="0"/><UN n0="%E3%81%A8%E3%81%B3%E3%81%BE%E3%81%93" n1="%E3%81%A6%E3%81%BE%E3%81%A1" n2="%E2%91%A3%E3%82%BB%E3%83%B3%E3%83%81" n3="%69%6B%61%6D%6F%66%75%40" dan="16,17,18,17" rate="2165.63,2127.48,2285.14,2211.64" sx="M,M,M,M"/><TAIKYOKU oya="0"/><INIT seed="0,0,0,0,3,115" ten="250,250,250,250" oya="0" hai0="79,60,93,132,44,11,51,64,117,101,50,6,110" hai1="20,23,128,8,37,13,66,28,85,105,104,1,83" hai2="52,29,32,34,19,127,53,109,91,96,63,48,70" hai3="95,33,107,90,22,27,40,39,75,38,97,59,68"/><T74/><D132/><U84/><E37/><V57/><F109/><W67/><G75/><T134/><D134/><U76/><E1/><V82/><F127/><W72/><G72/><T46/><D110/><U125/><E125/><V58/><F29/><W5/><G68/><T86/><D74/><U112/><E112/><V102/><F70/><W123/><G33/><T54/><D117/><U99/><E128/><V73/><F19/><W10/><G107/><T108/><D108/><U21/><E28/><V3/><F3/><W26/><G26/><T111/><D111/><U9/><E66/><V81/><F81/><W43/><G38/><T17/><D17/><U80/><E99/><V94/><REACH who="2" step="1"/><F91/><REACH who="2" ten="250,250,240,250" step="2"/><W113/><G90/><N who="0" m="53463" /><D79/><AGARI ba="0,1" hai="32,34,48,52,53,57,58,63,73,79,82,94,96,102" machi="79" ten="40,2600,0" yaku="1,1,54,1,53,0" doraHai="115" doraHaiUra="69" who="2" fromWho="0" sc="250,-26,250,0,240,36,250,0" /><INIT seed="1,0,0,3,1,113" ten="224,250,276,250" oya="1" hai0="18,20,63,0,84,55,112,37,6,30,122,87,48" hai1="133,99,110,23,100,51,47,13,38,5,7,10,79" hai2="132,103,102,94,134,96,58,88,12,3,22,109,31" hai3="29,131,106,17,71,27,85,36,44,11,117,65,40"/><U130/><E38/><V126/><F3/><W72/><G72/><T34/><D37/><U114/><E114/><V92/><F109/><W66/><G131/><T46/><D112/><U73/><E130/><V57/><F126/><W116/><G106/><T105/><D105/><U70/><E70/><V108/><F108/><W86/><G17/><T61/><D122/><U76/><E133/><N who="2" m="51307" /><F103/><W104/><G11/><T24/><D63/><U80/><E76/><V39/><F39/><W115/><G104/><T97/><D97/><U135/><E110/><V98/><F12/><W119/><G115/><T50/><D61/><U42/><E23/><V32/><F32/><N who="3" m="20543" /><G71/><T21/><D21/><U43/><E135/><V28/><F28/><W4/><G4/><T118/><D48/><U26/><E26/><AGARI ba="0,0" hai="22,26,31,57,58,88,92,94,96,98,102" m="51307" machi="26" ten="30,2000,0" yaku="20,1,54,1" doraHai="113" who="2" fromWho="1" sc="224,0,250,-20,276,20,250,0" /><INIT seed="2,0,0,1,3,49" ten="224,230,296,250" oya="2" hai0="53,42,14,51,0,74,128,71,126,5,87,90,86" hai1="98,73,35,31,118,9,17,28,134,56,6,37,107" hai2="24,65,22,85,52,3,38,60,105,124,46,18,114" hai3="36,88,119,48,4,34,132,25,41,93,2,110,1"/><V33/><F114/><W68/><G119/><T67/><D74/><U57/><E37/><V69/><F3/><W44/><G68/><T116/><D0/><U23/><E73/><V92/><F105/><W130/><G110/><T80/><D116/><U26/><E118/><V131/><F124/><W43/><G130/><T111/><D111/><U117/><E134/><V96/><F131/><W125/><G125/><T82/><D128/><U47/><E31/><V30/><F85/><W133/><G25/><T95/><D126/><U39/><E117/><V99/><F38/><W15/><G34/><T113/><D42/><U94/><E47/><V45/><F99/><W21/><G21/><T32/><D32/><U83/><E83/><V55/><F46/><W104/><G104/><T122/><D122/><U29/><E29/><V59/><F45/><N who="3" m="25647" /><G15/><T106/><D106/><U109/><E39/><V129/><F69/><W101/><G101/><T102/><D67/><U121/><E121/><V84/><F84/><N who="3" m="52359" /><G4/><T135/><D71/><U108/><E107/><V103/><F129/><W13/><G13/><AGARI ba="0,0" hai="13,18,22,24,30,33,52,55,59,60,65,92,96,103" machi="13" ten="30,11600,0" yaku="7,1,52,2,54,1" doraHai="49" who="2" fromWho="3" sc="224,0,230,0,296,116,250,-116" /><INIT seed="2,1,0,0,5,99" ten="224,230,412,134" oya="2" hai0="39,47,38,132,75,35,125,13,27,130,8,107,45" hai1="88,101,97,116,87,115,51,73,95,23,70,98,64" hai2="79,71,68,122,61,17,34,102,127,92,50,93,76" hai3="36,56,4,52,77,69,37,7,103,53,108,22,112"/><V20/><F34/><W121/><G121/><T41/><D75/><U1/><E115/><V72/><F122/><W133/><G69/><T32/><D125/><U55/><E116/><V81/><F127/><W15/><G112/><T117/><D117/><U110/><E1/><V19/><F79/><W26/><G108/><T113/><D113/><U135/><E110/><V49/><F19/><W43/><G133/><T86/><D130/><U48/><E73/><V85/><F92/><W91/><G77/><T16/><D107/><U12/><E97/><V10/><F10/><W65/><G36/><T0/><D0/><U60/><E135/><V67/><F71/><W83/><G103/><T31/><D86/><U5/><E55/><N who="3" m="21066" /><G15/><T25/><D132/><U54/><E54/><V6/><F6/><N who="3" m="2091" /><G43/><T59/><D59/><U44/><E44/><V134/><F134/><W78/><G78/><T66/><D66/><U46/><E46/><V9/><F9/><W128/><G37/><T96/><D47/><U21/><E5/><V100/><F72/><W89/><G83/><T28/><D96/><U42/><E42/><V63/><F63/><N who="3" m="38119" /><G128/><T111/><D111/><U74/><E74/><V120/><F120/><W90/><G89/><T118/><D118/><U119/><E119/><V14/><REACH who="2" step="1"/><F93/><REACH who="2" ten="224,230,402,134" step="2"/><W40/><G40/><T124/><D124/><U62/><E62/><V123/><F123/><W126/><G126/><T29/><D29/><AGARI ba="1,1" hai="22,26,29,90,91" m="38119,2091,21066" machi="29" ten="30,2000,0" yaku="8,1,54,1" doraHai="99" who="3" fromWho="0" sc="224,-23,230,0,402,0,134,33" /><INIT seed="3,0,0,4,5,94" ten="201,230,402,167" oya="3" hai0="92,23,97,69,56,41,50,6,76,58,32,111,22" hai1="112,16,88,51,33,86,53,43,120,60,52,135,5" hai2="108,105,54,39,70,9,7,46,83,118,117,25,28" hai3="102,133,122,109,85,42,84,67,35,57,103,125,48"/><W81/><G122/><T104/><D69/><U72/><E112/><V96/><F70/><W14/><G35/><T89/><D32/><U128/><E72/><V36/><F108/><W106/><G109/><T30/><D111/><U123/><E33/><V3/><F54/><W100/><G125/><T34/><D6/><U101/><E128/><V121/><F121/><W63/><G133/><T61/><D76/><U91/><E135/><V17/><F17/><W68/><G14/><T95/><D104/><U13/><E5/><V1/><F1/><W55/><G106/><T78/><D78/><U15/><E101/><V31/><F83/><W77/><REACH who="3" step="1"/><G42/><REACH who="3" ten="201,230,402,157" step="2"/><T132/><D132/><U107/><E107/><V66/><F3/><W129/><G129/><T134/><D134/><U19/><E123/><V12/><F12/><W45/><G45/><T73/><D34/><U87/><E120/><V126/><F46/><W82/><G82/><T90/><D41/><U40/><E51/><V64/><F126/><W26/><G26/><T113/><D50/><U24/><E60/><V29/><F25/><AGARI ba="0,1" hai="13,15,16,19,24,25,40,43,52,53,86,87,88,91" machi="25" ten="25,12000,2" yaku="22,2,8,1,54,3" doraHai="94" who="1" fromWho="2" sc="201,0,230,130,402,-120,157,0" /><INIT seed="4,0,0,0,3,24" ten="201,360,282,157" oya="0" hai0="107,100,7,5,34,9,43,76,79,85,92,22,81" hai1="116,87,68,69,132,47,15,80,51,57,108,40,10" hai2="45,3,35,83,127,13,106,52,62,61,89,109,6" hai3="124,99,72,32,70,21,16,37,74,2,25,114,65"/><T129/><D34/><U60/><E116/><V27/><F109/><W1/><G37/><T42/><D129/><U55/><E132/><V111/><F111/><W4/><G114/><T12/><D7/><U71/><E108/><V56/><F106/><W103/><G124/><T75/><D79/><U46/><E46/><V96/><F3/><W126/><G126/><T53/><D53/><U67/><E67/><V18/><F127/><W78/><G32/><T128/><D128/><U36/><E36/><V102/><F6/><W125/><G125/><T133/><D133/><U123/><E123/><V135/><F45/><W63/><G78/><T19/><D107/><U121/><E121/><V8/><F27/><W20/><G20/><T101/><D75/><U26/><E26/><V117/><F35/><W115/><G115/><T91/><D101/><U66/><E66/><V88/><F117/><W39/><G39/><T38/><D100/><U86/><REACH who="1" step="1"/><E80/><REACH who="1" ten="201,350,282,157" step="2"/><V120/><F83/><W122/><G122/><T119/><D38/><U73/><E73/><V17/><F120/><W93/><REACH who="3" step="1"/><G1/><REACH who="3" ten="201,350,282,147" step="2"/><T64/><D119/><U30/><E30/><V118/><F118/><W94/><G94/><T82/><D82/><U112/><E112/><V31/><F31/><W33/><G33/><T58/><D81/><U95/><E95/><V11/><F135/><W49/><G49/><T134/><D134/><U98/><E98/><V105/><F62/><W0/><G0/><N who="0" m="167" /><D76/><U23/><E23/><V131/><F131/><W77/><G77/><T113/><D113/><U130/><E130/><V14/><AGARI ba="0,2" hai="8,11,13,14,17,18,52,56,61,88,89,96,102,105" machi="14" ten="30,8000,1" yaku="5,1,0,1,9,1,54,2" doraHai="24" who="2" fromWho="2" sc="201,-40,350,-20,282,100,147,-20" /><INIT seed="5,0,0,0,2,117" ten="161,330,382,127" oya="1" hai0="134,77,132,59,24,92,35,106,96,51,56,68,63" hai1="36,121,9,115,65,69,116,17,46,80,89,81,125" hai2="100,2,29,127,90,76,43,93,10,88,26,70,7" hai3="57,23,28,124,107,108,42,101,41,48,109,105,102"/><U110/><E116/><V19/><F70/><W71/><G71/><T91/><D77/><U126/><E115/><V62/><F127/><N who="1" m="48649" /><E110/><V95/><F76/><W114/><G124/><T5/><D5/><U58/><E69/><V45/><F19/><W39/><G114/><T122/><D106/><U118/><E89/><V33/><F62/><W18/><G105/><T86/><D51/><U111/><E111/><V87/><F100/><W60/><G48/><T30/><D122/><U27/><E118/><V20/><F33/><W16/><G39/><T50/><D50/><U13/><E27/><V11/><F11/><W40/><G107/><T4/><D4/><U67/><E121/><V0/><F0/><W119/><G119/><T97/><D68/><U123/><E123/><V31/><F31/><W79/><G79/><T75/><D75/><U66/><E58/><V37/><REACH who="2" step="1"/><F90/><REACH who="2" ten="161,330,372,127" step="2"/><W133/><G108/><T47/><D91/><U14/><E14/><V25/><F25/><N who="3" m="16447" /><G109/><T6/><D24/><U38/><E38/><V94/><AGARI ba="0,1" hai="2,7,10,20,26,29,37,43,45,87,88,93,94,95" machi="94" ten="20,5200,0" yaku="1,1,0,1,7,1,54,1,53,0" doraHai="117" doraHaiUra="72" who="2" fromWho="2" sc="161,-13,330,-26,372,62,127,-13" /><INIT seed="6,0,0,0,4,39" ten="148,304,434,114" oya="2" hai0="96,135,130,30,94,11,106,16,129,14,122,118,25" hai1="82,18,9,128,114,117,119,92,84,48,79,7,17" hai2="80,24,67,60,57,101,87,64,90,74,43,20,126" hai3="61,132,120,54,111,3,127,50,12,102,56,123,55"/><V76/><F126/><W109/><G12/><T33/><D106/><U131/><E114/><V93/><F43/><W58/><G102/><T65/><D122/><N who="3" m="46633" /><G3/><T29/><D65/><U10/><E48/><V5/><F5/><W36/><G36/><T66/><D66/><U2/><E92/><V69/><F101/><W37/><G37/><T133/><D29/><U81/><E81/><V26/><F26/><W105/><G105/><T98/><D118/><U51/><E51/><V97/><F74/><W73/><G73/><T40/><D40/><U125/><E125/><V68/><REACH who="2" step="1"/><F67/><REACH who="2" ten="148,304,424,114" step="2"/><N who="3" m="39335" /><G127/><T86/><D25/><U31/><E7/><V49/><F49/><N who="3" m="31055" /><G132/><T8/><D135/><U32/><E119/><V116/><F116/><W34/><G34/><T28/><D33/><U19/><E117/><V0/><F0/><W15/><G15/><T1/><D133/><U38/><E2/><V108/><F108/><W47/><AGARI ba="0,1" hai="47,50,55,109,111" m="31055,39335,46633" machi="47" ten="30,2000,0" yaku="34,2" doraHai="39" who="3" fromWho="3" sc="148,-5,304,-5,424,-10,114,30" /><INIT seed="7,0,0,4,0,124" ten="143,299,414,144" oya="3" hai0="119,22,58,14,8,42,53,80,123,126,34,128,107" hai1="108,102,130,2,29,89,93,132,67,83,64,133,76" hai2="121,115,103,113,43,117,127,134,99,98,114,84,104" hai3="0,12,70,18,90,44,77,4,91,5,66,54,24"/><W116/><G116/><T40/><D34/><U52/><E2/><V46/><F117/><W19/><G0/><T15/><D119/><U94/><E29/><V95/><F127/><W27/><G77/><T36/><D107/><U23/><E23/><V30/><F134/><N who="1" m="51817" /><E52/><V39/><F121/><W57/><G70/><T11/><D128/><U97/><E64/><V17/><F30/><W87/><G91/><T100/><D100/><U86/><E67/><V71/><F71/><W73/><G73/><T131/><D131/><U31/><E31/><V50/><F84/><W37/><G37/><T74/><D74/><N who="1" m="43415" /><E108/><V25/><F17/><N who="3" m="6155" /><G44/><T110/><D80/><U122/><E130/><V65/><F65/><W21/><G66/><T112/><D112/><U120/><AGARI ba="0,0" hai="86,89,93,94,97,102,120,122" m="43415,51817" machi="120" ten="30,4000,0" yaku="20,1,34,2" doraHai="124" who="1" fromWho="1" sc="143,-10,299,40,414,-10,144,-20" owari="133,-26.7,339,13.9,404,50.4,124,-37.6" /></mjloggm>