<mjloggm ver="2.3"><GO type="169" lobby="0"/><UN n0="%E6%A4%9B%E5%8D%97" n1="%E4%B8%83%E8%8D%89%E9%A6%99%E6%BE%84" n2="%E3%81%B1%E3%82%93%E3%81%AA%E3%81%93%E3%81%BE%E3%81%A3%E3%81%9F" n3="%E3%81%86%E3%81%AA%E3%81%8E%E9%BA%BA" dan="18,16,17,17" rate="2217.64,2173.32,2235.44,2161.14" sx="F,F,M,M"/><TAIKYOKU oya="0"/><INIT seed="0,0,0,5,5,109" ten="250,250,250,250" oya="0" hai0="32,36,86,114,88,13,3,120,79,84,112,82,134" hai1="130,20,125,37,10,111,113,116,99,78,5,91,107" hai2="69,6,24,97,118,12,74,23,77,87,9,19,2" hai3="121,18,85,128,115,38,21,63,14,101,27,104,29"/><T89/><D3/><U123/><E116/><V4/><F118/><W133/><G38/><T42/><D32/><U11/><E123/><V119/><F119/><W106/><G121/><T95/><D120/><U83/><E111/><V33/><F69/><W105/><G128/><T7/><D134/><U73/><E130/><V16/><F74/><W25/><G133/><T68/><D68/><U35/><E35/><V117/><F97/><W92/><G27/><T0/><D0/><U15/><E125/><V22/><F87/><W54/><G54/><T57/><D57/><U40/><E20/><V31/><F77/><W126/><G126/><T39/><D79/><U124/><E124/><V71/><F71/><W47/><G47/><T76/><D76/><U122/><E122/><V66/><F66/><W110/><G63/><T72/><D72/><U94/><E107/><V34/><F117/><W53/><G53/><T96/><D96/><U90/><E10/><N who="2" m="2327" /><F19/><W75/><G75/><T70/><D70/><U81/><E91/><V129/><F129/><W103/><G110/><T30/><D30/><U62/><E62/><V67/><F67/><W50/><G50/><T43/><D39/><U65/><E65/><V56/><F56/><W45/><G45/><N who="0" m="23751" /><D43/><U26/><E83/><V28/><F28/><W49/><G49/><T17/><D7/><U8/><E37/><V44/><F44/><W60/><G60/><T64/><D64/><U58/><E40/><V135/><F135/><W51/><G51/><T61/><D61/><U48/><E73/><V52/><F52/><W59/><G59/><RYUUKYOKU ba="0,0" sc="250,15,250,-15,250,15,250,-15" hai0="13,17,82,84,86,88,89,95,112,114" hai2="6,9,12,16,22,23,24,31,33,34" /><INIT seed="0,1,0,5,3,72" ten="265,235,265,235" oya="0" hai0="57,51,81,77,42,30,65,111,15,118,122,84,74" hai1="39,105,70,26,92,23,135,114,58,1,94,28,13" hai2="53,82,117,48,52,69,85,134,133,71,67,73,61" hai3="10,50,24,3,101,31,64,21,120,86,11,113,14"/><T95/><D118/><U131/><E70/><N who="2" m="42351" /><F73/><W126/><G113/><T97/><D122/><U98/><E1/><V75/><F75/><W33/><G126/><T83/><D111/><U9/><E114/><V36/><F117/><W19/><G64/><T66/><D30/><U100/><E131/><V55/><F36/><W44/><G120/><T80/><D15/><U96/><E135/><N who="2" m="51723" /><F85/><W79/><G101/><T91/><D83/><U59/><E39/><V93/><F93/><W68/><G68/><N who="2" m="26185" /><F82/><W116/><G116/><T45/><REACH who="0" step="1"/><D57/><AGARI ba="1,0" hai="48,52,53,55,57" m="26185,51723,42351" machi="57" ten="30,7700,0" yaku="20,1,34,2,54,1" doraHai="72" who="2" fromWho="0" sc="265,-80,235,0,265,80,235,0" /><INIT seed="1,0,0,4,3,16" ten="185,235,345,235" oya="1" hai0="80,45,94,32,103,1,12,25,72,33,85,135,81" hai1="18,113,54,89,41,119,122,43,71,60,61,6,30" hai2="3,68,83,107,46,22,117,27,64,11,63,88,84" hai3="42,23,86,0,5,38,4,133,74,98,105,87,82"/><U66/><E113/><V52/><F117/><W125/><G74/><T40/><D1/><U97/><E119/><V24/><F107/><W102/><G133/><T15/><D135/><U115/><E115/><V73/><F73/><W2/><G2/><T39/><D80/><U50/><E6/><V92/><F3/><W124/><G42/><T58/><D72/><U20/><E30/><V49/><F11/><W14/><G38/><T31/><D33/><U75/><E75/><V62/><F62/><W34/><G34/><T96/><REACH who="0" step="1"/><D58/><REACH who="0" ten="175,235,345,235" step="2"/><U44/><E122/><V91/><REACH who="2" step="1"/><F22/><REACH who="2" ten="175,235,335,235" step="2"/><W56/><G23/><T59/><D59/><U35/><E20/><V21/><F21/><W36/><G0/><T99/><D99/><AGARI ba="0,2" hai="24,27,46,49,52,63,64,68,83,84,88,91,92,99" machi="99" ten="30,7700,0" yaku="1,1,7,1,54,2,53,0" doraHai="16" doraHaiUra="100" who="2" fromWho="0" sc="175,-77,235,0,335,97,235,0" /><INIT seed="2,0,0,2,2,125" ten="98,235,432,235" oya="2" hai0="9,92,39,60,109,72,57,80,112,48,103,116,18" hai1="30,88,110,34,43,26,78,51,29,27,127,65,22" hai2="111,124,76,129,74,62,12,46,47,118,24,73,13" hai3="1,94,107,89,38,61,10,128,71,121,106,15,21"/><V8/><F118/><W64/><G38/><T6/><D39/><U117/><E117/><V120/><F120/><W79/><G121/><T58/><D109/><U101/><E110/><V97/><F111/><W108/><G108/><T67/><D116/><U93/><E127/><V23/><F124/><W37/><G37/><T105/><D105/><U75/><E101/><V98/><F62/><W4/><G79/><T53/><D112/><U17/><E65/><V87/><F87/><W20/><G20/><T66/><D66/><U11/><E75/><V102/><F76/><W31/><G128/><T3/><D72/><U115/><E78/><V96/><F102/><W77/><G77/><T40/><D40/><U100/><E100/><V44/><F129/><W123/><G123/><T63/><D80/><U126/><E115/><V33/><F33/><W50/><G50/><T32/><D32/><U91/><E126/><V114/><F114/><W85/><REACH who="3" step="1"/><G15/><REACH who="3" ten="98,235,432,225" step="2"/><T131/><D131/><U132/><E51/><V35/><F35/><W41/><G41/><T82/><D48/><U45/><E43/><V16/><REACH who="2" step="1"/><F13/><REACH who="2" ten="98,235,422,225" step="2"/><W28/><G28/><AGARI ba="0,2" hai="8,12,16,23,24,28,44,46,47,73,74,96,97,98" machi="28" ten="40,7700,0" yaku="1,1,2,1,54,1,53,0" doraHai="125" doraHaiUra="52" who="2" fromWho="3" sc="98,0,235,0,422,97,225,-77" /><INIT seed="2,1,0,5,2,23" ten="98,235,519,148" oya="2" hai0="106,116,108,8,11,102,84,114,59,47,24,69,89" hai1="56,21,32,28,6,57,76,15,3,34,126,36,92" hai2="38,53,112,125,100,71,90,27,113,77,80,14,43" hai3="31,33,120,18,91,46,25,52,72,96,74,60,131"/><V1/><F71/><W86/><G120/><T105/><D69/><U117/><E36/><V65/><F65/><W0/><G0/><T10/><D114/><U9/><E117/><V79/><F1/><W123/><G123/><T103/><D108/><U66/><E126/><V110/><F100/><W73/><G131/><T98/><D116/><U63/><E76/><V5/><F43/><W129/><G129/><T45/><D59/><U83/><E83/><V135/><F14/><W127/><G96/><T62/><D62/><U42/><E42/><V93/><F93/><W39/><G18/><T49/><D49/><U119/><E119/><V2/><F2/><W30/><G30/><T134/><D134/><U97/><E57/><V75/><F5/><W22/><G127/><T124/><D124/><U121/><E121/><V58/><F58/><W37/><G33/><T17/><D103/><N who="1" m="60839" /><E3/><V51/><F38/><W19/><G31/><T64/><D64/><U109/><E109/><V20/><F110/><W104/><G104/><T70/><D70/><U118/><E118/><V44/><F112/><W12/><G12/><T130/><D106/><U26/><AGARI ba="1,0" hai="6,9,15,21,26,28,32,34,56,63,66" m="60839" machi="26" ten="30,2000,0" yaku="25,1,52,1" doraHai="23" who="1" fromWho="1" sc="98,-6,235,23,519,-11,148,-6" /><INIT seed="3,0,0,4,5,74" ten="92,258,508,142" oya="3" hai0="14,23,9,76,51,3,131,80,103,99,30,132,127" hai1="12,1,133,134,60,114,48,45,95,68,82,2,135" hai2="116,85,120,117,61,20,124,59,93,70,66,107,18" hai3="17,49,98,13,84,112,8,89,53,87,21,77,27"/><W36/><G36/><T92/><D132/><U29/><E114/><V42/><F107/><W15/><G112/><T125/><D3/><U28/><E95/><V37/><F124/><W6/><G98/><T4/><D131/><U32/><E12/><V35/><F35/><W65/><G65/><T55/><D23/><U121/><E121/><V86/><F86/><W91/><G87/><T34/><D34/><U7/><E82/><V64/><F64/><W122/><G122/><T71/><D30/><N who="1" m="11883" /><E32/><V106/><F106/><W110/><G110/><T41/><D41/><N who="1" m="24623" /><E7/><V54/><F120/><W100/><G100/><T25/><D25/><U63/><E68/><V123/><F123/><W24/><G91/><T31/><D31/><U50/><E50/><V90/><F42/><W119/><G119/><T39/><D39/><U26/><E26/><V44/><F37/><W10/><G21/><T97/><D71/><U58/><E63/><V118/><F118/><W56/><REACH who="3" step="1"/><G77/><REACH who="3" ten="92,258,508,132" step="2"/><T101/><D101/><U69/><E69/><V75/><F70/><W130/><G130/><T104/><D104/><U113/><E113/><V111/><F117/><W81/><AGARI ba="0,1" hai="6,8,10,13,15,17,24,27,49,53,56,81,84,89" machi="81" ten="20,7800,0" yaku="1,1,0,1,7,1,8,1,53,0" doraHai="74" doraHaiUra="96" who="3" fromWho="3" sc="92,-26,258,-26,508,-26,132,88" /><INIT seed="3,1,0,2,1,21" ten="66,232,482,220" oya="3" hai0="61,108,81,66,17,123,111,26,72,114,9,64,103" hai1="135,46,120,3,49,56,86,84,109,27,22,0,121" hai2="13,39,99,19,98,25,1,48,57,23,24,94,63" hai3="101,115,96,59,126,110,62,42,36,125,4,117,38"/><W8/><G115/><T11/><D123/><U113/><E113/><V29/><F39/><W77/><G77/><T116/><D114/><U104/><E104/><V47/><F1/><W106/><G117/><T14/><D116/><U95/><E109/><V76/><F76/><W88/><G110/><T134/><D134/><U131/><E135/><V41/><F29/><W130/><G130/><T70/><D66/><U90/><E131/><V79/><F79/><W52/><G42/><T100/><D72/><U34/><E34/><V102/><F99/><W6/><G6/><T69/><D81/><U55/><E0/><V93/><F93/><W30/><G30/><T133/><D70/><U80/><E3/><V53/><AGARI ba="1,0" hai="13,19,23,24,25,41,47,48,53,57,63,94,98,102" machi="53" ten="20,8000,1" yaku="0,1,7,1,8,1,52,2" doraHai="21" who="2" fromWho="2" sc="66,-21,232,-21,482,83,220,-41" /><INIT seed="4,0,0,2,5,116" ten="45,211,565,179" oya="0" hai0="36,24,69,85,78,62,45,95,79,129,28,99,81" hai1="117,4,120,44,40,37,64,54,119,13,9,131,41" hai2="96,60,104,89,8,88,75,98,33,115,32,86,92" hai3="90,19,77,50,43,2,27,67,118,76,14,126,1"/><T135/><D135/><U21/><E131/><V5/><F75/><W3/><G118/><T59/><D69/><U134/><E134/><V48/><F115/><W39/><G39/><T58/><D129/><U49/><E120/><V133/><F133/><W53/><G43/><T130/><D130/><U12/><E64/><V128/><F128/><W20/><G126/><T61/><D79/><U35/><E35/><V84/><F48/><W73/><G67/><T93/><D45/><U87/><E41/><V0/><F60/><W51/><G51/><T132/><D36/><U114/><E114/><V15/><F0/><W68/><G68/><T29/><D132/><U102/><E102/><V108/><F108/><W125/><G125/><T82/><D85/><U25/><E13/><V57/><F57/><W122/><G122/><T18/><D78/><U110/><E87/><V22/><F22/><W30/><G90/><T70/><D70/><U103/><E103/><V65/><F65/><W83/><G77/><T47/><D47/><U74/><E74/><V101/><F98/><W107/><G107/><T94/><D94/><AGARI ba="0,0" hai="5,8,15,32,33,84,86,88,89,92,94,96,101,104" machi="94" ten="30,3900,0" yaku="7,1,9,1,54,1" doraHai="116" who="2" fromWho="0" sc="45,-39,211,0,565,39,179,0" /><INIT seed="5,0,0,0,2,47" ten="6,211,604,179" oya="1" hai0="39,5,75,37,104,110,60,103,93,112,127,108,44" hai1="106,99,17,86,61,21,92,56,16,107,129,70,98" hai2="120,118,15,49,52,43,2,81,130,64,128,0,125" hai3="46,18,24,48,36,31,96,89,132,83,50,122,111"/><U100/><E70/><V27/><F118/><W102/><G122/><T12/><D104/><U77/><E129/><V33/><F120/><W117/><G111/><T9/><D75/><U63/><E77/><V66/><F125/><W73/><G117/><T74/><D74/><U22/><E86/><V76/><F43/><W119/><G119/><T58/><D127/><U68/><E68/><V6/><F15/><W67/><G67/><T91/><D103/><U131/><E131/><V94/><F94/><W42/><G18/><T87/><D39/><U20/><E63/><V114/><F114/><W78/><G89/><T51/><D37/><U71/><E71/><V53/><F27/><W65/><G65/><T85/><D112/><U11/><E11/><V45/><F33/><W57/><G57/><T101/><D101/><U13/><E17/><V1/><F6/><W23/><REACH who="3" step="1"/><G132/><REACH who="3" ten="6,211,604,169" step="2"/><T133/><D133/><U124/><E124/><V116/><F116/><W105/><AGARI ba="0,1" hai="23,24,31,36,42,46,48,50,73,78,83,96,102,105" machi="105" ten="20,12000,2" yaku="1,1,2,1,0,1,7,1,52,2,53,0" doraHai="47" doraHaiUra="88" who="3" fromWho="3" sc="6,-30,211,-60,604,-30,169,130" owari="-24,-52.4,151,-24.9,574,67.4,299,9.9" /></mjloggm>