<mjloggm ver="2.3"><GO type="169" lobby="0"/><UN n0="%E5%B2%A9%E4%B8%8A%E9%80%9A%E3%82%8A" n1="%56%45%54%54%45%4C" n2="%6F%79%6D%32%30%4E%4F%56" n3="%E5%A7%AB%E7%95%99" dan="16,16,16,16" rate="2138.87,2130.79,2148.56,2127.26" sx="M,M,M,M"/><TAIKYOKU oya="0"/><INIT seed="0,0,0,0,0,119" ten="250,250,250,250" oya="0" hai0="125,111,27,19,53,34,101,96,97,39,6,20,7" hai1="112,100,69,71,2,133,17,116,22,36,50,1,12" hai2="104,9,78,31,83,18,123,117,57,64,41,115,11" hai3="42,56,131,98,107,58,135,67,52,120,66,77,8"/><T132/><D125/><U113/><E116/><V62/><F115/><N who="1" m="44105" /><E36/><V129/><F104/><W14/><G120/><T110/><D39/><U75/><E133/><V103/><F103/><W63/><G135/><T25/><D132/><U118/><E118/><V37/><F31/><W33/><G33/><T51/><D34/><U38/><E38/><V10/><F129/><W54/><G131/><T76/><D27/><U106/><E75/><V99/><F99/><W35/><G35/><T73/><D76/><U126/><E50/><V13/><F117/><W24/><G24/><T114/><D73/><U0/><E126/><V105/><F105/><W60/><G42/><T95/><D97/><AGARI ba="0,0" hai="0,1,2,12,17,22,69,71,97,100,106" m="44105" machi="97" ten="40,1300,0" yaku="11,1" doraHai="119" who="1" fromWho="0" sc="250,-13,250,13,250,0,250,0" /><INIT seed="1,0,0,0,3,27" ten="237,263,250,250" oya="1" hai0="110,47,33,49,125,70,2,78,11,83,131,16,121" hai1="98,120,68,46,17,88,112,90,79,6,94,42,67" hai2="123,87,39,58,9,126,73,65,92,56,50,102,113" hai3="34,36,55,109,72,71,40,107,61,118,127,135,45"/><U0/><E112/><V115/><F73/><W75/><RYUUKYOKU type="yao9" ba="0,0" sc="237,0,263,0,250,0,250,0" hai3="34,36,40,45,55,61,71,72,75,107,109,118,127,135" /><INIT seed="1,1,0,4,0,12" ten="237,263,250,250" oya="1" hai0="127,40,124,13,22,133,49,23,114,85,88,14,112" hai1="50,8,67,29,129,2,20,37,74,71,91,15,65" hai2="89,110,60,6,106,4,1,19,55,134,30,83,66" hai3="108,27,34,25,26,92,82,116,52,78,68,76,7"/><U98/><E37/><V100/><F55/><W131/><G108/><T109/><D109/><U105/><E129/><V41/><F41/><W101/><G131/><T72/><D72/><U59/><E74/><V113/><F110/><W38/><G38/><T122/><D133/><U99/><E71/><N who="2" m="42439" /><F1/><W0/><G68/><T117/><D117/><U75/><E75/><V42/><F42/><W102/><G34/><T36/><D36/><U94/><E2/><V121/><F89/><W70/><G70/><T96/><D96/><U53/><E105/><V28/><F28/><W58/><G116/><T62/><D62/><U44/><E99/><N who="2" m="61727" /><F83/><W84/><G7/><T130/><D130/><U54/><E29/><V79/><F79/><N who="3" m="30251" /><G92/><T93/><D122/><U87/><E98/><V5/><F121/><W45/><G45/><T132/><D132/><U39/><E20/><V86/><F86/><W63/><G0/><T81/><D93/><U125/><E125/><N who="0" m="48201" /><D23/><U57/><E39/><V18/><F134/><W16/><G82/><T61/><D61/><N who="1" m="36023" /><E44/><V69/><F69/><W103/><G84/><T111/><D111/><U11/><E11/><V80/><F80/><W90/><G90/><T56/><D56/><U10/><E10/><V107/><F107/><W48/><G63/><T77/><D77/><U24/><E24/><V119/><F119/><W3/><G3/><T97/><D97/><U33/><E33/><V46/><F46/><W47/><G47/><N who="0" m="25831" /><D22/><AGARI ba="1,0" hai="16,22,25,26,27,48,52,58,101,102,103" m="30251" machi="22" ten="30,7700,0" yaku="8,1,52,1,54,2" doraHai="12" who="3" fromWho="0" sc="237,-80,263,0,250,0,250,80" /><INIT seed="2,0,0,5,4,104" ten="157,263,250,330" oya="2" hai0="88,11,31,83,12,17,18,25,35,57,46,64,6" hai1="108,32,28,100,123,107,44,99,65,119,48,3,62" hai2="85,131,2,114,106,15,8,55,87,77,102,109,105" hai3="98,76,45,135,101,20,78,66,7,111,81,16,58"/><V110/><F2/><W96/><G111/><N who="2" m="42505" /><F114/><W71/><G71/><T68/><D68/><U47/><E119/><V130/><F55/><W113/><G113/><T69/><D69/><U133/><E108/><V125/><F125/><W116/><G116/><T129/><D129/><N who="2" m="49162" /><F77/><W1/><G135/><T59/><D46/><U112/><E3/><V124/><F124/><W94/><G45/><T115/><D115/><U63/><E133/><V34/><F34/><W40/><G40/><T21/><D64/><U39/><E112/><V73/><F73/><W89/><G1/><T19/><REACH who="0" step="1"/><D35/><REACH who="0" ten="147,263,250,330" step="2"/><U42/><E65/><V51/><F102/><W70/><G66/><T75/><D75/><U56/><E32/><V122/><F122/><W97/><G101/><T61/><D61/><U30/><E123/><V5/><F51/><W38/><G70/><T118/><D118/><U23/><E63/><V121/><F121/><W37/><G37/><T103/><D103/><U67/><REACH who="1" step="1"/><E23/><REACH who="1" ten="147,253,250,330" step="2"/><V4/><F106/><W33/><G33/><T126/><D126/><U27/><E27/><V128/><F105/><W52/><G20/><T22/><D22/><U95/><E95/><V50/><F128/><W36/><G94/><T117/><D117/><U10/><E10/><N who="2" m="4551" /><F50/><W80/><G36/><T60/><D60/><U84/><E84/><AGARI ba="0,2" hai="6,11,12,17,18,19,21,25,31,57,59,83,84,88" machi="84" ten="40,8000,1" yaku="1,1,8,1,54,1,53,1" doraHai="104" doraHaiUra="26" who="0" fromWho="1" sc="147,100,253,-80,250,0,330,0" /><INIT seed="3,0,0,4,4,14" ten="247,173,250,330" oya="3" hai0="11,116,100,78,30,56,9,94,38,121,111,60,112" hai1="68,81,42,120,52,18,108,80,47,19,126,6,84" hai2="85,22,17,93,59,113,71,27,124,95,40,34,25" hai3="117,4,91,46,61,41,5,0,70,86,88,53,127"/><W102/><G117/><T39/><D121/><U83/><E120/><V13/><F124/><W33/><G33/><T2/><D116/><U45/><E126/><V21/><F71/><W97/><G127/><T3/><D78/><U65/><E108/><V48/><F113/><W114/><G114/><T15/><D30/><U123/><E123/><V1/><F1/><W66/><G53/><T104/><D104/><U58/><E6/><V20/><F34/><W8/><G86/><T132/><D111/><U109/><E109/><V26/><F85/><W69/><G5/><T75/><D75/><U62/><E84/><V89/><F89/><W130/><G130/><T10/><D112/><U101/><E101/><V110/><F110/><W23/><G23/><N who="2" m="8777" /><F59/><W74/><G74/><T103/><D94/><U29/><E29/><V54/><F54/><W79/><G79/><T16/><D132/><U133/><E133/><V82/><F82/><W55/><G55/><T72/><D72/><U129/><E129/><V105/><F105/><W115/><G70/><T49/><D49/><N who="1" m="30991" /><E47/><AGARI ba="0,0" hai="13,17,22,25,26,27,40,47,48,93,95" m="8777" machi="47" ten="30,2000,0" yaku="8,1,52,1" doraHai="14" who="2" fromWho="1" sc="247,0,173,-20,250,20,330,0" /><INIT seed="4,0,0,3,3,39" ten="247,153,270,330" oya="0" hai0="35,42,10,121,78,27,113,91,88,72,108,2,34" hai1="16,109,70,87,31,95,65,76,96,74,81,6,98" hai2="107,22,124,63,105,46,67,117,134,122,50,128,24" hai3="19,131,64,73,102,29,84,21,127,119,123,14,106"/><T79/><D121/><U94/><E31/><V15/><F122/><W71/><G73/><T4/><D113/><U49/><E6/><V0/><F0/><W86/><G123/><T5/><D108/><U90/><E109/><V101/><F101/><W32/><G119/><T9/><D27/><U47/><E70/><V18/><F124/><W37/><G37/><T44/><D91/><U61/><E95/><V23/><F128/><W112/><G112/><T48/><D88/><U43/><E65/><V52/><F134/><W25/><G131/><T69/><D69/><U38/><E61/><V89/><F89/><W33/><G33/><T8/><D8/><U118/><E118/><V3/><F3/><W80/><G80/><T97/><D97/><U77/><E77/><V75/><F75/><W100/><G100/><T56/><D56/><U7/><E7/><V11/><F23/><W111/><G127/><T103/><D103/><U68/><E68/><V28/><REACH who="2" step="1"/><F117/><REACH who="2" ten="247,153,260,330" step="2"/><W114/><G111/><T57/><D79/><U110/><E110/><V45/><F45/><W40/><G114/><T125/><D125/><U36/><E36/><V51/><F51/><W17/><G102/><T93/><D78/><U41/><REACH who="1" step="1"/><E16/><REACH who="1" ten="247,143,260,330" step="2"/><V135/><F135/><W53/><G17/><T1/><D2/><U60/><E60/><V12/><F12/><W120/><G14/><T99/><D1/><U115/><E115/><V126/><F126/><W82/><G19/><T13/><D13/><U30/><E30/><V26/><F26/><W92/><G25/><T85/><D5/><U55/><E55/><RYUUKYOKU ba="0,2" sc="247,-15,143,15,260,15,330,-15" hai1="38,41,43,47,49,74,76,81,87,90,94,96,98" hai2="11,15,18,22,24,28,46,50,52,63,67,105,107" /><INIT seed="5,1,2,4,0,112" ten="232,158,275,315" oya="1" hai0="133,8,20,105,98,25,102,5,82,89,100,54,104" hai1="73,26,50,90,1,92,21,64,9,47,52,101,51" hai2="79,97,65,17,76,4,126,108,43,19,55,3,74" hai3="106,35,48,15,68,14,110,69,130,122,45,134,95"/><U16/><E73/><V81/><F108/><W99/><G106/><T128/><D128/><U80/><E64/><V22/><F79/><W78/><G110/><T85/><D133/><U103/><E80/><V114/><F65/><W124/><G122/><T67/><D67/><U75/><E75/><V33/><F33/><W28/><G130/><T62/><D62/><U40/><E1/><V44/><F55/><W34/><G134/><T118/><D54/><U71/><E9/><N who="2" m="2207" /><F126/><W57/><G57/><T113/><D113/><U32/><E32/><V31/><F114/><W66/><G78/><T30/><D102/><U49/><E71/><V125/><F125/><W0/><G0/><T58/><D58/><N who="1" m="33055" /><E50/><V72/><F72/><W77/><G124/><T135/><D135/><U86/><AGARI ba="1,2" hai="16,21,26,40,47,49,86,90,92,101,103" m="33055" machi="86" ten="30,6000,0" yaku="8,1,54,2" doraHai="112" who="1" fromWho="1" sc="232,-21,158,83,275,-21,315,-21" /><INIT seed="5,2,0,2,0,75" ten="211,241,254,294" oya="1" hai0="36,108,112,127,70,106,117,30,47,56,41,14,82" hai1="101,87,103,42,118,22,104,78,79,63,37,57,102" hai2="128,6,97,51,99,10,129,96,124,88,62,61,49" hai3="111,13,105,26,9,68,8,74,125,50,121,52,23"/><U40/><E118/><V132/><F124/><W39/><G39/><T71/><D106/><U2/><E104/><V46/><F132/><W33/><G111/><T90/><D108/><U31/><E2/><V21/><F21/><W17/><G121/><T7/><D117/><U53/><E37/><V25/><F25/><W73/><G68/><T126/><D30/><U81/><REACH who="1" step="1"/><E79/><REACH who="1" ten="211,231,254,294" step="2"/><V35/><F129/><W134/><G105/><T122/><D122/><U114/><E114/><V89/><F128/><W64/><G134/><T72/><D112/><U120/><E120/><V45/><F35/><W135/><G135/><T18/><D127/><U16/><E16/><V69/><F6/><W94/><G125/><T66/><D7/><U67/><E67/><V48/><F69/><W119/><G64/><T60/><D126/><U38/><E38/><V32/><F32/><W133/><G133/><T34/><D34/><U116/><E116/><V85/><F10/><W110/><G119/><T29/><D29/><U80/><E80/><N who="2" m="49191" /><F89/><W1/><G110/><T4/><D4/><U55/><E55/><V131/><F131/><W5/><G33/><T3/><D3/><U86/><E86/><V43/><F43/><W84/><G84/><T91/><D90/><U115/><E115/><V130/><F130/><W28/><REACH who="3" step="1"/><G94/><REACH who="3" ten="211,231,254,284" step="2"/><T27/><D71/><U58/><E58/><AGARI ba="2,2" hai="1,5,8,9,13,17,23,26,28,50,52,58,73,74" machi="58" ten="30,8000,1" yaku="1,1,2,1,7,1,54,1,53,1" doraHai="75" doraHaiUra="11" who="3" fromWho="1" sc="211,0,231,-86,254,0,284,106" /><INIT seed="6,0,0,0,3,86" ten="211,145,254,390" oya="2" hai0="90,6,66,79,21,117,121,113,50,112,91,35,130" hai1="120,102,48,51,125,78,118,45,42,108,11,134,25" hai2="33,67,72,10,73,107,131,52,126,16,68,3,44" hai3="106,15,69,110,83,96,93,47,103,82,2,99,85"/><V19/><F107/><W116/><G2/><T129/><D35/><U30/><E118/><V62/><F131/><N who="0" m="50186" /><D117/><U41/><E108/><V95/><F126/><W55/><G69/><T27/><D121/><U18/><E125/><V28/><F3/><W101/><G116/><T1/><D79/><U59/><E120/><V24/><F95/><W31/><G110/><T46/><D66/><U65/><E134/><V74/><REACH who="2" step="1"/><F10/><REACH who="2" ten="211,145,244,390" step="2"/><W4/><G93/><T114/><D1/><U100/><E11/><V29/><F29/><W39/><G106/><T94/><D94/><U97/><E30/><V0/><F0/><W20/><G31/><N who="0" m="17903" /><D6/><U104/><E104/><V60/><F60/><W81/><G4/><T122/><D122/><U43/><E102/><V133/><F133/><W76/><G101/><T13/><D13/><U109/><E100/><V119/><F119/><W49/><G103/><T115/><D115/><U135/><E135/><V77/><F77/><W54/><G76/><T5/><D5/><U124/><E78/><V105/><F105/><W40/><G81/><T22/><D22/><N who="1" m="13527" /><E124/><V9/><F9/><W53/><G82/><T75/><D75/><U37/><E109/><V7/><F7/><W23/><G83/><T8/><D8/><U38/><E97/><V70/><F70/><W36/><G99/><T64/><D114/><U61/><E37/><V127/><F127/><W58/><G96/><T98/><D98/><U132/><E132/><V84/><F84/><W34/><G36/><T89/><D113/><U14/><E14/><V32/><F32/><W17/><G39/><RYUUKYOKU ba="0,1" sc="211,-15,145,15,244,15,390,-15" hai1="38,41,42,43,45,48,51,59,61,65" hai2="16,19,24,28,33,44,52,62,67,68,72,73,74" /><INIT seed="6,1,1,0,0,47" ten="196,160,259,375" oya="2" hai0="51,95,64,103,115,121,114,60,107,96,92,9,110" hai1="5,126,7,85,119,129,19,29,65,4,32,127,54" hai2="3,105,56,97,82,50,111,133,67,116,15,62,132" hai3="63,46,75,72,81,24,35,27,39,74,49,42,106"/><V70/><F3/><W41/><G106/><T59/><D121/><U93/><E65/><V91/><F116/><W16/><G63/><T33/><D33/><U109/><E119/><V84/><F111/><W13/><G81/><T94/><D110/><U86/><E109/><V123/><F123/><W80/><G80/><T43/><D9/><U83/><E129/><V53/><REACH who="2" step="1"/><F15/><REACH who="2" ten="196,160,249,375" step="2"/><W77/><G13/><T58/><D115/><U102/><E126/><V10/><F10/><W11/><G11/><T20/><D114/><U2/><E127/><V45/><F45/><W76/><G46/><T122/><D122/><U100/><E2/><V78/><F78/><W40/><G76/><T12/><D43/><U118/><E118/><V108/><F108/><W14/><G77/><T57/><D12/><U135/><E135/><V34/><F34/><W113/><G35/><T134/><D134/><U117/><E117/><V128/><F128/><W131/><G131/><T101/><D20/><U120/><E120/><V66/><F66/><W17/><G40/><T37/><D37/><U104/><E32/><V18/><F18/><W38/><G41/><T8/><D8/><U98/><E19/><V6/><F6/><W22/><G113/><T124/><D124/><U79/><E29/><V25/><F25/><W0/><G0/><T89/><D103/><AGARI ba="1,2" hai="50,53,56,62,67,70,82,84,91,97,103,105,132,133" machi="103" ten="40,3900,0" yaku="1,1,52,1,53,0" doraHai="47" doraHaiUra="90" who="2" fromWho="0" sc="196,-42,160,0,249,62,375,0" /><INIT seed="6,2,0,4,1,61" ten="154,160,311,375" oya="2" hai0="0,129,60,32,85,127,74,90,98,51,35,63,108" hai1="84,34,97,112,122,130,128,114,6,5,36,39,91" hai2="69,27,22,121,33,115,57,131,37,87,23,79,53" hai3="16,7,10,109,66,133,110,125,82,101,19,38,43"/><V93/><F115/><N who="1" m="44073" /><E34/><V76/><F131/><N who="1" m="50217" /><E122/><V1/><F1/><W12/><G101/><T46/><D74/><U73/><E73/><V54/><F69/><W111/><G125/><T59/><D0/><U62/><E97/><V18/><F37/><N who="1" m="14409" /><E62/><V92/><F33/><W3/><G109/><T100/><D63/><U13/><E13/><V117/><F23/><W20/><G20/><T70/><D127/><U40/><E40/><V134/><F18/><W52/><G43/><T102/><D129/><U29/><E29/><V58/><F27/><W106/><G12/><T24/><D108/><U8/><E8/><V48/><F22/><W42/><G3/><T118/><D118/><U41/><E41/><V135/><F87/><W28/><G42/><N who="0" m="25047" /><D70/><U45/><E45/><V68/><F68/><W72/><G10/><T15/><D35/><U103/><E103/><N who="0" m="39465" /><D32/><U31/><E31/><V89/><F89/><W124/><G124/><T107/><D107/><U26/><E26/><V95/><F95/><AGARI ba="2,0" hai="5,6,84,91,95" m="14409,50217,44073" machi="95" ten="40,2600,0" yaku="15,1,19,1" doraHai="61" who="1" fromWho="2" sc="154,0,160,32,311,-32,375,0" /><INIT seed="7,0,0,5,0,77" ten="154,192,279,375" oya="3" hai0="85,21,123,133,113,0,65,64,10,71,119,4,131" hai1="16,5,29,9,101,51,122,82,90,28,92,121,24" hai2="47,124,45,81,74,100,128,127,126,116,129,30,72" hai3="14,34,89,27,23,70,25,132,49,41,120,104,95"/><W19/><G120/><T76/><D123/><U118/><E118/><V48/><F116/><W125/><G104/><T31/><D119/><U18/><E121/><V62/><F100/><W98/><G70/><T108/><D108/><U8/><E122/><V53/><F30/><N who="1" m="11881" /><E101/><V99/><F99/><W86/><G132/><T42/><D133/><U68/><E68/><V1/><F1/><W107/><G125/><T39/><D131/><N who="2" m="50250" /><F62/><W55/><G41/><T37/><D113/><U7/><E51/><N who="2" m="28911" /><F81/><N who="3" m="49359" /><G107/><T2/><D2/><U13/><E82/><V59/><F59/><N who="3" m="33263" /><G34/><T97/><D97/><N who="1" m="57495" /><E9/><V22/><F22/><AGARI ba="0,0" hai="5,7,8,13,16,18,22,24" m="57495,11881" machi="22" ten="30,2000,0" yaku="8,1,54,1" doraHai="77" who="1" fromWho="2" sc="154,0,192,20,279,-20,375,0" owari="154,-34.6,212,-18.8,259,5.9,375,47.5" /></mjloggm>