<mjloggm ver="2.3"><GO type="169" lobby="0"/><UN n0="%E5%8D%B5%E3%81%8B%E3%81%91%E6%B6%85%E6%A7%83" n1="%E3%82%A8%E3%82%B9%E3%82%AB%E3%83%AB%E3%82%B4%E3%83%B3" n2="%E3%81%A6%E3%81%BE%E3%81%A1" n3="%E4%B8%89%E6%B2%B3%E5%B1%8B%E3%81%AE%E3%82%B5%E3%83%96" dan="16,16,17,16" rate="2072.68,2143.51,2138.48,2140.01" sx="M,M,M,M"/><TAIKYOKU oya="0"/><INIT seed="0,0,0,1,4,24" ten="250,250,250,250" oya="0" hai0="72,108,47,124,1,26,80,61,0,110,2,127,94" hai1="6,132,48,122,41,42,28,68,103,32,50,77,14" hai2="88,113,49,73,27,25,15,66,38,8,18,67,83" hai3="130,75,126,96,55,44,39,71,100,56,106,60,102"/><T131/><D72/><U31/><E122/><V74/><F38/><W29/><G130/><T79/><D79/><U30/><E68/><V81/><F113/><W121/><G121/><T107/><D107/><U52/><E32/><V57/><F74/><W53/><G126/><N who="0" m="48171" /><D80/><U33/><E33/><V62/><F73/><W82/><G100/><T70/><D94/><U101/><E132/><V43/><F67/><W16/><G71/><T116/><D116/><U85/><E6/><V87/><REACH who="2" step="1"/><F81/><REACH who="2" ten="250,250,240,250" step="2"/><W11/><G82/><T112/><D112/><U134/><E134/><V133/><F133/><W129/><G75/><T89/><D131/><U35/><E35/><V93/><F93/><W120/><G129/><T10/><D108/><U84/><E77/><V12/><F12/><W111/><G111/><T104/><D110/><U19/><E84/><V92/><F92/><W7/><G120/><T9/><D104/><U46/><E85/><V23/><F23/><W115/><G115/><T36/><D26/><U125/><E125/><V13/><F13/><W78/><G78/><T128/><D128/><U40/><REACH who="1" step="1"/><E48/><REACH who="1" ten="250,240,240,250" step="2"/><V20/><F20/><AGARI ba="0,2" hai="14,19,20,28,30,31,40,41,42,46,50,52,101,103" machi="20" ten="40,12000,2" yaku="1,1,2,1,8,1,52,3,54,1,53,0" doraHai="24" doraHaiUra="91" who="1" fromWho="2" sc="250,0,240,140,240,-120,250,0" /><INIT seed="1,0,0,5,1,131" ten="250,380,120,250" oya="1" hai0="125,47,20,35,87,76,93,46,104,22,52,112,24" hai1="15,40,38,3,61,98,100,2,91,9,97,4,17" hai2="129,121,25,80,14,106,130,83,43,41,73,23,26" hai3="28,48,124,135,33,89,94,127,49,62,103,39,77"/><U95/><E38/><V116/><F106/><W60/><G39/><T134/><D112/><U69/><E40/><V67/><F73/><W30/><G77/><T117/><D117/><U71/><E61/><N who="3" m="23658" /><G103/><T126/><D104/><U6/><E6/><V19/><F116/><W56/><G56/><T65/><D65/><U133/><E133/><V66/><F14/><W70/><G135/><T16/><D134/><U27/><E27/><V132/><F132/><W7/><G7/><T74/><D74/><U102/><E91/><V51/><F23/><W82/><G82/><T75/><D75/><U72/><E72/><V1/><F51/><N who="3" m="19531" /><G33/><T42/><D35/><U88/><E102/><V68/><F19/><W90/><G70/><T118/><D118/><U31/><E31/><N who="3" m="11818" /><G94/><T32/><D32/><U109/><E109/><V12/><F12/><W101/><G101/><T78/><D22/><U122/><E122/><V128/><F128/><W8/><G8/><T111/><D111/><U11/><REACH who="1" step="1"/><E2/><REACH who="1" ten="250,370,120,250" step="2"/><V58/><F1/><W113/><G113/><T18/><D42/><U86/><E86/><V63/><F121/><W57/><G57/><T105/><D87/><U81/><E81/><V99/><F58/><W59/><G59/><T85/><D85/><U53/><E53/><V36/><F63/><W115/><G115/><T21/><D52/><U55/><E55/><V10/><F36/><W120/><G120/><T92/><D24/><U110/><E110/><V29/><F130/><W119/><G119/><T79/><D79/><U96/><E96/><V45/><F129/><W84/><G84/><RYUUKYOKU ba="0,1" sc="250,10,370,10,120,-30,250,10" hai0="16,18,20,21,46,47,76,78,92,93,105,125,126" hai1="3,4,9,11,15,17,69,71,88,95,97,98,100" hai3="89,90,124,127" /><INIT seed="1,1,1,1,5,90" ten="260,380,90,260" oya="1" hai0="47,33,60,13,34,112,0,96,107,71,126,101,61" hai1="128,117,38,30,88,64,58,115,74,11,110,124,91" hai2="55,28,109,76,2,23,118,9,106,57,119,51,18" hai3="105,134,15,16,39,41,89,35,48,97,116,82,14"/><U108/><E115/><V1/><F106/><W127/><G127/><T100/><D0/><U5/><E117/><V12/><F109/><N who="1" m="42089" /><E74/><V80/><F1/><W44/><G116/><T32/><D112/><U123/><E123/><V135/><F135/><W53/><G35/><T87/><D126/><U114/><E114/><V56/><F56/><W40/><G134/><T79/><D101/><U65/><E124/><V122/><F122/><W52/><G14/><T131/><D131/><U92/><E38/><V86/><REACH who="2" step="1"/><F28/><REACH who="2" ten="260,380,80,260" step="2"/><W66/><G105/><T7/><D107/><U103/><E30/><V42/><F42/><W59/><G41/><T6/><D71/><U84/><E128/><V20/><F20/><W94/><G66/><T83/><D32/><U72/><E64/><V121/><F121/><W62/><G53/><T4/><D33/><U70/><E58/><V102/><F102/><W99/><G39/><T130/><D34/><U93/><E103/><V8/><F8/><N who="3" m="6247" /><G82/><T77/><D130/><U37/><E37/><V54/><F54/><W26/><G26/><T63/><D13/><U46/><E65/><V85/><F85/><AGARI ba="1,2" hai="40,44,48,52,59,62,85,89,94,97,99" m="6247" machi="85" ten="30,7700,0" yaku="8,1,52,1,54,2" doraHai="90" who="3" fromWho="2" sc="260,0,380,0,80,-80,260,100" /><INIT seed="2,0,0,2,0,110" ten="260,380,0,360" oya="2" hai0="63,23,123,61,75,8,58,92,2,47,55,22,19" hai1="90,33,43,77,37,24,133,86,49,62,57,4,101" hai2="97,93,127,134,117,34,108,94,60,68,38,106,28" hai3="84,17,120,91,69,32,115,132,44,124,135,36,50"/><V116/><F38/><W130/><G120/><T15/><D123/><U39/><E133/><N who="3" m="51274" /><G32/><T104/><D104/><U45/><E77/><V67/><F134/><W0/><G0/><T129/><D129/><U1/><E101/><N who="2" m="62767" /><F127/><W81/><G130/><T83/><D2/><U99/><E99/><V95/><F108/><W131/><G131/><T88/><D75/><U71/><E71/><V53/><F53/><W111/><G111/><T18/><D83/><U11/><E24/><AGARI ba="0,0" hai="24,28,34,60,67,68,93,94,95,116,117" m="62767" machi="24" ten="30,1500,0" yaku="25,1" doraHai="110" who="2" fromWho="1" sc="260,0,380,-15,0,15,360,0" /><INIT seed="2,1,0,5,3,129" ten="260,365,15,360" oya="2" hai0="59,97,26,7,55,89,19,130,51,132,65,88,6" hai1="76,103,16,122,18,50,2,54,126,72,48,112,47" hai2="29,98,80,67,12,79,114,107,95,109,108,34,134" hai3="37,20,35,85,14,45,73,91,39,101,42,57,74"/><V113/><F67/><W117/><G35/><T127/><D130/><U118/><E112/><V0/><F0/><W33/><G33/><T9/><D127/><U28/><E118/><V62/><F34/><W27/><G117/><T116/><D116/><U13/><E2/><V40/><F29/><W64/><G39/><T38/><D38/><U30/><E126/><V31/><F31/><W110/><G110/><N who="2" m="42601" /><F40/><W24/><G101/><T58/><D132/><U106/><E28/><V41/><F41/><W124/><G124/><T56/><D65/><U111/><E30/><V21/><F62/><W44/><G44/><N who="0" m="28135" /><D97/><U93/><E111/><V10/><F21/><W49/><G14/><N who="0" m="7631" /><D26/><U90/><E13/><V123/><F107/><W81/><G24/><T121/><D121/><U78/><E122/><V125/><F123/><W100/><G27/><T17/><D17/><U87/><E48/><V68/><F68/><W23/><G23/><T71/><D71/><U52/><E54/><V43/><F43/><W83/><G20/><T99/><D99/><N who="1" m="59887" /><E106/><V96/><F125/><W1/><G1/><T86/><D89/><U4/><E18/><N who="2" m="8471" /><F134/><W84/><G37/><T131/><D131/><U70/><E70/><V92/><F98/><W61/><REACH who="3" step="1"/><G100/><REACH who="3" ten="260,365,15,350" step="2"/><T25/><D25/><U53/><E47/><V60/><F60/><W69/><G69/><T115/><D115/><N who="2" m="44042" /><F96/><W135/><G135/><T77/><D77/><AGARI ba="1,1" hai="42,45,49,57,61,64,73,74,77,81,83,84,85,91" machi="77" ten="30,2000,0" yaku="1,1,7,1,53,0" doraHai="129" doraHaiUra="119" who="3" fromWho="0" sc="260,-23,365,0,15,0,350,33" /><INIT seed="3,0,0,0,5,94" ten="237,365,15,383" oya="3" hai0="99,70,31,3,135,109,2,89,12,56,85,24,131" hai1="65,73,119,78,28,63,128,104,72,15,67,80,48" hai2="88,103,6,71,86,115,46,64,50,5,16,98,96" hai3="121,102,17,29,51,53,113,124,20,36,7,49,114"/><W130/><G36/><T69/><D109/><U93/><E104/><V4/><F115/><W118/><G118/><T21/><D135/><U134/><E134/><V105/><F71/><W42/><G121/><T111/><D111/><U127/><E119/><V60/><F105/><W117/><G117/><T116/><D116/><U106/><E106/><V1/><F1/><W100/><G130/><T55/><D131/><U123/><E123/><V44/><F103/><W57/><G124/><T101/><D70/><U92/><E128/><V58/><F16/><W61/><G114/><T23/><D69/><U10/><E127/><V11/><F11/><W59/><G113/><T54/><D54/><U32/><E73/><V74/><F74/><W35/><G7/><T19/><D101/><U13/><E48/><V26/><F26/><W84/><G29/><T126/><D126/><U37/><E37/><V34/><F34/><W122/><G35/><T120/><D99/><N who="2" m="37930" /><F50/><W62/><G122/><T47/><D120/><U27/><E13/><V77/><F77/><W66/><G51/><N who="0" m="30847" /><D47/><U79/><E79/><V81/><AGARI ba="0,0" hai="4,5,6,44,46,58,60,64,81,86,88" m="37930" machi="81" ten="30,8000,1" yaku="8,1,52,3,54,1" doraHai="94" who="2" fromWho="2" sc="237,-20,365,-20,15,80,383,-40" /><INIT seed="4,0,0,0,0,66" ten="217,345,95,343" oya="0" hai0="15,38,82,4,48,97,72,79,104,23,46,114,52" hai1="109,42,10,63,5,102,59,62,132,13,44,30,83" hai2="86,80,19,91,56,16,103,41,120,34,45,32,94" hai3="70,37,84,8,20,49,128,36,71,51,14,57,28"/><T129/><D114/><U47/><E109/><V113/><F113/><W89/><G128/><T58/><D129/><U0/><E132/><V60/><F120/><W87/><G20/><T50/><D38/><U90/><E102/><V110/><F110/><W100/><G100/><T74/><D74/><U69/><E30/><V99/><F34/><W31/><G57/><T65/><D65/><U76/><E69/><V21/><F32/><W17/><G89/><T93/><D104/><U33/><E33/><V101/><F101/><W134/><G14/><T135/><D135/><U3/><E90/><V85/><F85/><W7/><G17/><T108/><D108/><U105/><E105/><V98/><F98/><W54/><G54/><T115/><D115/><U96/><E96/><V126/><F126/><W124/><G8/><T18/><D4/><U12/><E47/><V1/><F1/><W25/><G7/><T121/><D121/><U43/><E43/><V117/><F117/><W53/><G53/><T81/><D72/><N who="1" m="43399" /><E0/><V55/><REACH who="2" step="1"/><F21/><REACH who="2" ten="217,345,85,343" step="2"/><W9/><G124/><T67/><D79/><U92/><E3/><V88/><F88/><W118/><G118/><T119/><D119/><U111/><E111/><V35/><F35/><W68/><G134/><T27/><D97/><U24/><E10/><V29/><F29/><W26/><G9/><T40/><D23/><U116/><E116/><V123/><F123/><W61/><G70/><T77/><D77/><U106/><E106/><V127/><F127/><W75/><G75/><T112/><D112/><U107/><E107/><V131/><F131/><RYUUKYOKU ba="0,1" sc="217,-15,345,-15,85,15,343,15" hai2="16,19,41,45,55,56,60,80,86,91,94,99,103" hai3="25,26,28,31,36,37,49,51,61,68,71,84,87" /><INIT seed="5,1,1,5,2,50" ten="202,330,100,358" oya="1" hai0="127,124,73,120,94,44,5,58,18,95,112,17,100" hai1="107,4,1,43,19,7,88,131,35,51,8,27,134" hai2="104,114,45,108,6,102,36,79,28,123,91,16,24" hai3="93,119,2,11,65,89,48,96,110,129,15,85,26"/><U64/><E107/><V38/><F108/><W61/><G110/><T55/><D112/><U70/><E70/><V130/><F123/><W46/><G129/><T71/><D120/><U74/><E74/><V0/><F130/><W63/><G119/><T20/><D73/><U83/><E64/><V133/><F133/><W116/><G2/><T126/><D71/><U34/><E131/><V29/><F29/><W125/><G125/><T21/><D5/><U37/><E37/><V62/><F114/><W135/><G135/><T128/><D128/><U12/><E134/><V117/><F79/><W3/><G3/><T9/><D44/><U30/><E35/><V92/><F117/><W80/><G26/><N who="0" m="14607" /><D9/><U106/><E106/><V56/><F45/><W87/><G87/><T109/><D100/><U39/><E39/><V86/><F6/><N who="3" m="3575" /><G65/><T121/><D121/><U81/><E4/><V25/><F0/><W122/><G116/><T99/><D99/><U118/><E118/><V69/><F69/><W14/><G14/><N who="0" m="9431" /><D109/><U13/><E13/><V23/><F104/><W59/><G59/><T31/><D31/><U72/><E72/><V132/><F132/><W111/><G111/><T40/><D40/><U52/><E43/><V75/><F75/><W32/><G32/><T67/><D67/><U42/><E42/><V77/><F102/><N who="3" m="60687" /><G122/><T49/><AGARI ba="1,1" hai="49,55,58,94,95,124,126,127" m="9431,14607" machi="49" ten="30,2000,0" yaku="18,1,52,1" doraHai="50" who="0" fromWho="0" sc="202,33,330,-11,100,-6,358,-6" /><INIT seed="6,0,0,5,2,112" ten="235,319,94,352" oya="2" hai0="90,22,102,5,131,11,125,34,71,10,133,18,36" hai1="107,103,54,94,121,40,28,56,111,45,95,68,128" hai2="120,97,16,7,67,26,44,70,3,134,59,83,27" hai3="42,87,15,99,19,124,17,117,98,55,20,84,48"/><V96/><F120/><W30/><G117/><T37/><D71/><U33/><E111/><V1/><F70/><W104/><G124/><T91/><D34/><U110/><E110/><V46/><F7/><W14/><G42/><T8/><D5/><U47/><E68/><V49/><F134/><W0/><G30/><T62/><D62/><U132/><E107/><V60/><F1/><W6/><G104/><T2/><D2/><U25/><E132/><V105/><F3/><W38/><G38/><T73/><D73/><U64/><E103/><V66/><F105/><W39/><G39/><T23/><D11/><U106/><E106/><V76/><F67/><W53/><G0/><T123/><D133/><U135/><E64/><V80/><F44/><W101/><G101/><T29/><D102/><U72/><E72/><V89/><F76/><W88/><G6/><T113/><D113/><U119/><E45/><V32/><F32/><W41/><G41/><T31/><D18/><U69/><E69/><V79/><F79/><W13/><G13/><T85/><D85/><N who="3" m="32841" /><G88/><T74/><D74/><U129/><E121/><V58/><F58/><N who="3" m="33063" /><G55/><T127/><D123/><U4/><E4/><V108/><F108/><W82/><G82/><N who="2" m="31273" /><F89/><W65/><G65/><T93/><D36/><N who="1" m="21895" /><E135/><V24/><F16/><W81/><G81/><T52/><D37/><U115/><E115/><V9/><F9/><AGARI ba="0,0" hai="9,14,15,17,19,20,98,99" m="33063,32841" machi="9" ten="30,1000,0" yaku="8,1" doraHai="112" who="3" fromWho="2" sc="235,0,319,0,94,-10,352,10" /><INIT seed="7,0,0,5,4,25" ten="235,319,84,362" oya="3" hai0="95,0,107,77,118,117,94,10,17,52,75,35,82" hai1="62,126,76,9,39,120,81,33,69,135,58,56,96" hai2="101,30,26,34,79,43,114,36,16,53,5,127,54" hai3="7,71,73,45,38,67,1,122,72,99,14,98,31"/><W86/><G122/><T103/><D35/><U3/><E120/><V84/><F114/><W129/><G129/><T11/><D0/><U63/><E135/><V41/><F127/><W106/><G14/><T91/><D95/><U15/><E126/><V130/><F130/><W60/><G86/><T89/><D89/><U87/><E39/><V47/><F41/><N who="3" m="22711" /><G31/><T123/><D123/><U48/><E69/><V93/><F5/><W40/><G98/><T18/><D11/><U61/><E33/><V68/><F68/><W59/><G59/><T20/><D10/><U108/><E108/><V50/><F36/><W66/><G66/><T112/><D112/><U44/><E96/><V109/><F109/><W49/><G49/><T104/><D17/><U28/><E28/><V37/><F37/><W121/><G40/><T55/><D107/><U125/><E3/><V100/><F100/><N who="3" m="62751" /><G121/><T116/><D103/><U124/><E124/><V80/><F101/><W111/><G111/><T119/><D104/><U92/><E92/><V21/><F93/><W2/><G7/><T32/><D32/><U42/><E125/><V115/><F115/><W113/><G113/><T6/><D6/><AGARI ba="0,0" hai="6,9,15,42,44,48,56,58,61,62,63,76,81,87" machi="6" ten="40,5200,0" yaku="25,2,8,1" doraHai="25" who="1" fromWho="0" sc="235,-52,319,52,84,0,362,0" owari="183,-21.7,371,47.1,84,-41.6,362,16.2" /></mjloggm>