<mjloggm ver="2.3"><GO type="169" lobby="0"/><UN n0="%44%61%6C%69" n1="%61%6B%69%62%61%62%61%6E" n2="%69%6B%61%6D%6F%66%75%40" n3="%E3%81%A6%E3%81%BE%E3%81%A1" dan="17,17,17,17" rate="2187.09,2158.87,2213.42,2132.41" sx="M,M,M,M"/><TAIKYOKU oya="0"/><INIT seed="0,0,0,4,5,117" ten="250,250,250,250" oya="0" hai0="126,65,88,122,113,94,36,21,2,53,20,119,70" hai1="134,0,4,80,114,106,43,48,22,91,103,135,89" hai2="98,46,125,100,97,60,40,66,5,75,35,57,118" hai3="120,130,111,127,9,72,71,85,132,82,133,115,63"/><T110/><D113/><U41/><E114/><V77/><F35/><W79/><G115/><T105/><D119/><U101/><E22/><V58/><F125/><W56/><G71/><T52/><D126/><U44/><E106/><V81/><F118/><W64/><G127/><T6/><D105/><U10/><E43/><V123/><F123/><W31/><G31/><T108/><D36/><U92/><E80/><V25/><F5/><W112/><G112/><T27/><D122/><U129/><E129/><V59/><F25/><W67/><G111/><N who="0" m="42539" /><D6/><U1/><E1/><V26/><F26/><W30/><G30/><N who="0" m="17767" /><D21/><U61/><E61/><V15/><F15/><W47/><G130/><T39/><D39/><U107/><E107/><V74/><F75/><W37/><G72/><T128/><D2/><U11/><E11/><V19/><F19/><W45/><G9/><T102/><D102/><U73/><E73/><V12/><F12/><W54/><G37/><T78/><D78/><U28/><E28/><V68/><REACH who="2" step="1"/><F100/><REACH who="2" ten="250,250,240,250" step="2"/><W69/><G120/><T18/><D128/><U29/><E29/><V109/><F109/><W90/><G133/><N who="1" m="50698" /><E103/><V14/><F14/><W96/><G132/><T24/><D24/><U99/><AGARI ba="0,1" hai="0,4,10,41,44,48,89,91,92,99,101" m="50698" machi="99" ten="30,1100,0" yaku="20,1" doraHai="117" who="1" fromWho="1" sc="250,-5,250,21,240,-3,250,-3" /><INIT seed="1,0,0,0,0,111" ten="245,271,237,247" oya="1" hai0="93,42,87,32,91,0,123,25,24,116,50,8,108" hai1="72,118,5,66,76,28,129,33,83,39,38,36,7" hai2="41,16,30,52,2,94,26,100,18,56,128,119,122" hai3="110,112,1,69,96,37,88,120,20,127,40,27,46"/><U102/><E118/><V135/><F119/><W21/><G120/><T84/><D108/><U92/><E129/><V80/><F122/><W49/><G110/><T10/><D116/><U99/><REACH who="1" step="1"/><E66/><REACH who="1" ten="245,261,237,247" step="2"/><V124/><F128/><W74/><G127/><T22/><D123/><U61/><E61/><V79/><F124/><W64/><G64/><T47/><D0/><U48/><E48/><V63/><F2/><W81/><G49/><T65/><D65/><U11/><E11/><V31/><F63/><W68/><G1/><T125/><D125/><U19/><E19/><V17/><F16/><W107/><G37/><T95/><D10/><U45/><E45/><V4/><F17/><W82/><G46/><T130/><D8/><U6/><E6/><V51/><F4/><W126/><G126/><T9/><D9/><U29/><E29/><V58/><F18/><W90/><G69/><T113/><D130/><U62/><E62/><V71/><F31/><W89/><G68/><T43/><D50/><U53/><E53/><V121/><F71/><W73/><G40/><T103/><D47/><U85/><E85/><N who="2" m="48287" /><F41/><W105/><G74/><T75/><D75/><U104/><E104/><V3/><F3/><W55/><G73/><T78/><D43/><U34/><E34/><N who="2" m="20823" /><F121/><W98/><G107/><T67/><D42/><U134/><E134/><V132/><F58/><W77/><G105/><T101/><D32/><U133/><E133/><V57/><F56/><W106/><G106/><T60/><D60/><U23/><E23/><V131/><F131/><W97/><G20/><T114/><D22/><RYUUKYOKU ba="0,1" sc="245,-15,261,15,237,15,247,-15" hai1="5,7,28,33,36,38,39,72,76,83,92,99,102" hai2="51,52,57,94,100,132,135" /><INIT seed="1,1,1,0,3,65" ten="230,276,252,232" oya="1" hai0="48,113,95,69,75,52,114,57,12,115,28,42,124" hai1="9,53,70,40,1,27,91,45,106,64,99,3,96" hai2="83,24,31,62,51,78,10,108,21,105,122,67,20" hai3="132,74,11,35,33,55,19,37,130,80,116,120,133"/><U15/><E96/><V2/><F122/><W47/><G74/><T90/><D75/><U72/><E72/><V23/><F105/><W107/><G107/><T102/><D124/><U97/><E97/><V26/><F108/><W131/><G80/><T61/><D28/><U54/><E27/><V112/><F112/><W134/><G55/><T125/><D125/><U104/><E104/><V119/><F119/><W17/><G47/><T101/><D12/><U109/><E109/><V30/><F51/><W44/><G44/><T5/><D5/><U126/><E126/><V89/><F89/><W13/><G37/><T77/><D77/><U60/><E1/><V0/><F23/><W66/><G66/><T58/><D42/><U14/><E3/><V32/><F10/><W123/><G116/><T86/><REACH who="0" step="1"/><D69/><REACH who="0" ten="220,276,252,232" step="2"/><U18/><E14/><V88/><F32/><N who="3" m="12363" /><G19/><T7/><D7/><U68/><E68/><V127/><F127/><W135/><G135/><T41/><D41/><U50/><REACH who="1" step="1"/><E91/><REACH who="1" ten="220,266,252,232" step="2"/><V110/><F88/><W38/><G38/><T29/><D29/><U56/><E56/><V85/><F110/><W121/><AGARI ba="1,3" hai="11,13,17,120,121,123,130,131,132,133,134" m="12363" machi="121" ten="50,6400,0" yaku="20,1,34,2" doraHai="65" who="3" fromWho="3" sc="220,-17,266,-33,252,-17,232,97" /><INIT seed="2,0,0,0,4,16" ten="203,233,235,329" oya="2" hai0="26,76,12,103,29,25,39,44,126,96,63,3,86" hai1="41,37,65,121,19,79,61,82,112,113,67,71,27" hai2="6,78,52,70,66,68,111,57,119,4,23,43,123" hai3="20,33,88,7,54,118,9,89,48,22,120,131,87"/><V95/><F119/><W10/><G120/><T14/><D3/><U98/><E121/><V56/><F123/><W60/><G33/><T50/><D126/><U81/><E67/><V102/><F70/><W127/><G118/><T45/><D39/><U28/><E19/><V107/><F68/><W104/><G104/><T2/><D2/><U46/><E98/><N who="2" m="59743" /><F107/><W36/><G36/><T85/><D63/><U32/><REACH who="1" step="1"/><E81/><REACH who="1" ten="203,223,235,329" step="2"/><V53/><F111/><W11/><G127/><T0/><D29/><U116/><E116/><V80/><F66/><W135/><G131/><T124/><D124/><U97/><E97/><V59/><F43/><W34/><G135/><T13/><D96/><U132/><E132/><V90/><F4/><W49/><G7/><T58/><D103/><U84/><AGARI ba="0,1" hai="27,28,32,37,41,46,61,65,71,79,82,84,112,113" machi="84" ten="20,2700,0" yaku="1,1,0,1,7,1,53,0" doraHai="16" doraHaiUra="93" who="1" fromWho="1" sc="203,-7,223,37,235,-13,329,-7" /><INIT seed="3,0,0,2,0,93" ten="196,260,222,322" oya="3" hai0="53,34,1,103,64,0,121,82,76,94,20,81,125" hai1="131,130,90,52,126,96,60,24,132,86,12,14,134" hai2="26,37,111,124,120,5,22,108,56,11,104,51,123" hai3="38,17,101,50,42,118,44,45,72,25,78,13,100"/><W106/><G118/><T84/><D121/><N who="2" m="46666" /><F56/><W99/><G101/><T135/><D34/><U115/><E115/><V69/><F51/><W128/><G128/><N who="1" m="49194" /><E24/><V74/><F69/><W8/><G25/><T36/><D135/><N who="1" m="51755" /><E86/><V2/><F124/><W89/><G89/><T49/><D125/><U77/><E77/><V3/><F37/><W48/><REACH who="3" step="1"/><G45/><REACH who="3" ten="196,260,222,312" step="2"/><T119/><D119/><U6/><E126/><V35/><F104/><W91/><G91/><T116/><D116/><U110/><E110/><N who="2" m="42027" /><F35/><W88/><G88/><T27/><D103/><U4/><E90/><V19/><F74/><W97/><G97/><T31/><D84/><U55/><E96/><V16/><F19/><W33/><G33/><T70/><D27/><U80/><E80/><AGARI ba="0,1" hai="8,13,17,38,42,44,48,50,72,78,80,99,100,106" machi="80" ten="40,3900,0" yaku="1,1,52,1,53,0" doraHai="93" doraHaiUra="66" who="3" fromWho="1" sc="196,0,260,-39,222,0,312,49" /><INIT seed="3,1,0,4,1,88" ten="196,221,222,361" oya="3" hai0="80,50,101,135,123,65,79,14,37,106,11,126,24" hai1="2,20,64,68,118,25,22,35,107,17,1,39,134" hai2="34,33,93,100,32,43,45,94,3,38,96,97,4" hai3="112,98,59,78,66,86,29,102,54,12,95,36,0"/><W42/><G112/><T133/><D37/><U9/><E39/><V109/><F109/><W128/><G0/><T69/><D123/><U116/><E107/><V63/><F63/><W81/><G128/><T56/><D69/><U114/><E64/><V53/><F53/><W72/><G29/><T90/><D126/><U132/><E35/><V110/><F110/><W92/><G66/><T15/><D24/><N who="1" m="14351" /><E68/><V21/><F21/><W57/><G12/><T31/><D31/><N who="1" m="17847" /><E114/><V113/><F113/><W122/><G122/><T108/><D106/><U121/><E121/><V70/><F70/><W74/><G59/><T77/><D56/><U76/><E76/><V129/><F129/><W5/><G5/><T89/><D65/><U120/><E120/><V71/><F71/><W47/><REACH who="3" step="1"/><G95/><REACH who="3" ten="196,221,222,351" step="2"/><T26/><D108/><U67/><E67/><V125/><F125/><W104/><G104/><T127/><D127/><U19/><E2/><V124/><F124/><W82/><G82/><T105/><D80/><U52/><E1/><V73/><F3/><W99/><G99/><T62/><D105/><U61/><E19/><V28/><F4/><W46/><G46/><T84/><D15/><U48/><E118/><V103/><F28/><W55/><G55/><T85/><D14/><U44/><E116/><V58/><F58/><W115/><G115/><T30/><D30/><U10/><E61/><AGARI ba="1,1" hai="36,42,47,54,57,61,72,74,78,81,86,92,98,102" machi="61" ten="30,11600,0" yaku="1,1,7,1,52,1,53,1" doraHai="88" doraHaiUra="40" who="3" fromWho="1" sc="196,0,221,-119,222,0,351,129" /><INIT seed="3,2,0,3,3,35" ten="196,102,222,480" oya="3" hai0="8,14,111,110,87,7,44,43,108,93,123,91,68" hai1="30,135,31,71,54,13,56,4,75,122,28,15,2" hai2="12,84,5,57,67,25,52,37,22,98,76,134,90" hai3="83,9,102,0,101,127,119,46,42,86,21,41,125"/><W29/><G119/><T34/><D34/><U95/><E71/><V79/><F134/><W48/><G41/><T82/><D68/><U62/><E122/><V38/><F67/><W112/><G112/><T65/><D65/><U85/><E75/><V116/><F98/><W74/><G74/><T64/><D64/><U133/><E95/><V32/><F37/><W58/><G58/><T60/><D60/><U6/><E85/><V59/><F57/><W78/><G29/><T104/><D104/><U113/><E113/><V3/><F3/><W53/><G21/><T130/><D130/><U55/><E55/><V33/><F38/><W19/><G42/><T11/><D11/><U26/><E26/><V88/><F90/><W49/><G49/><T117/><D117/><U47/><E47/><V100/><F100/><W73/><G73/><T97/><D123/><U27/><E27/><V17/><F33/><W114/><G114/><T103/><D43/><U121/><E121/><V124/><F124/><N who="3" m="47691" /><G19/><T131/><D131/><U96/><E96/><V69/><F69/><W128/><G128/><T10/><D10/><N who="1" m="2327" /><E6/><AGARI ba="2,0" hai="0,6,9,46,48,53,78,83,86,101,102" m="47691" machi="6" ten="30,2900,0" yaku="18,1,52,1" doraHai="35" who="3" fromWho="1" sc="196,0,102,-35,222,0,480,35" /><INIT seed="3,3,0,0,4,51" ten="196,67,222,515" oya="3" hai0="109,133,101,108,47,74,98,36,117,97,57,60,83" hai1="70,12,116,113,16,32,13,27,7,81,18,46,8" hai2="24,63,82,10,87,50,100,73,5,56,67,43,30" hai3="72,6,69,19,124,59,34,134,54,77,21,41,99"/><W94/><G69/><T75/><D117/><U17/><E70/><V76/><F100/><W38/><G34/><T61/><D133/><U0/><E81/><V123/><F123/><W125/><G134/><T80/><D36/><U1/><E46/><V89/><F43/><W110/><G6/><T52/><D47/><U2/><E116/><V90/><F73/><W55/><G110/><N who="0" m="42603" /><D97/><U102/><E102/><V15/><REACH who="2" step="1"/><F50/><REACH who="2" ten="196,67,212,515" step="2"/><W78/><G41/><T104/><D61/><U88/><E113/><V23/><AGARI ba="3,1" hai="5,10,15,23,24,30,56,63,67,76,82,87,89,90" machi="23" ten="20,8000,1" yaku="1,1,2,1,0,1,7,1,8,1,53,0" doraHai="51" doraHaiUra="130" who="2" fromWho="2" sc="196,-23,67,-23,212,99,515,-43" /><INIT seed="4,0,0,4,1,9" ten="173,44,311,472" oya="0" hai0="43,45,118,76,51,88,131,37,87,69,127,56,21" hai1="17,30,75,12,66,132,44,124,121,111,77,4,85" hai2="100,129,29,120,91,58,23,42,102,33,133,54,5" hai3="126,103,8,114,2,70,26,71,59,28,49,135,113"/><T13/><D118/><U90/><E111/><V38/><F33/><W119/><G126/><T72/><D69/><U104/><E121/><V78/><F78/><W40/><G135/><T101/><D131/><U32/><E132/><V109/><F109/><W97/><G119/><T50/><D101/><U57/><E124/><V134/><F5/><N who="3" m="1079" /><G59/><T53/><D127/><U106/><E77/><V94/><F42/><W96/><G96/><T116/><D116/><U108/><E75/><V19/><F38/><W65/><G49/><T74/><D76/><U3/><E3/><V1/><F29/><W0/><G40/><T41/><D41/><U123/><E4/><V117/><F1/><W92/><G0/><T80/><REACH who="0" step="1"/><D37/><REACH who="0" ten="163,44,311,472" step="2"/><U11/><E108/><V73/><F129/><W62/><G71/><T98/><D98/><U112/><E123/><V39/><F39/><W84/><G103/><T35/><D35/><U122/><E122/><V110/><F117/><W24/><G97/><T82/><D82/><U83/><E112/><V36/><F120/><W89/><G114/><T61/><D61/><U46/><E104/><V95/><F36/><W125/><G125/><T18/><AGARI ba="0,1" hai="13,18,21,43,45,50,51,53,56,72,74,80,87,88" machi="18" ten="30,11700,0" yaku="1,1,0,1,52,1,54,1,53,0" doraHai="9" doraHaiUra="60" who="0" fromWho="0" sc="163,127,44,-39,311,-39,472,-39" /><INIT seed="4,1,0,2,2,19" ten="290,5,272,433" oya="0" hai0="119,8,133,106,16,121,105,55,49,72,0,28,42" hai1="131,89,76,35,82,85,13,12,25,117,78,107,92" hai2="113,83,2,27,87,59,127,71,34,51,66,15,104" hai3="41,88,40,111,44,32,97,57,129,116,123,99,75"/><T80/><D119/><U61/><E117/><V39/><F2/><W120/><G32/><T103/><D121/><N who="3" m="46665" /><G111/><T90/><D133/><U81/><E107/><V64/><F104/><W11/><G75/><T30/><D42/><U135/><E135/><V1/><F1/><W126/><G129/><T128/><D128/><U102/><E131/><V96/><F39/><W50/><G126/><T91/><D0/><U31/><E102/><V38/><F38/><W122/><G122/><T69/><D69/><U21/><E35/><V84/><F71/><W86/><G40/><T79/><D105/><U47/><E47/><V70/><F70/><W101/><G101/><T93/><D103/><U95/><E61/><V68/><F84/><W63/><G11/><T110/><D106/><U6/><E92/><V100/><F51/><W94/><G116/><T98/><D91/><U14/><E6/><V26/><F59/><W9/><G9/><T17/><D110/><U58/><E58/><V114/><F15/><N who="1" m="3841" /><U36/><DORA hai="53" /><E36/><V3/><F3/><W115/><G115/><N who="2" m="44041" /><F127/><W5/><G5/><T24/><D8/><U10/><E10/><V20/><F27/><W124/><G124/><T46/><REACH who="0" step="1"/><D30/><REACH who="0" ten="280,5,272,433" step="2"/><U62/><E62/><V132/><F132/><W67/><AGARI ba="1,1" hai="41,44,50,57,63,67,86,88,94,97,99" m="46665" machi="67" ten="30,4000,0" yaku="13,1,52,1,54,1" doraHai="19,53" who="3" fromWho="3" sc="280,-21,5,-11,272,-11,433,53" owari="259,-14.1,-6,-50.6,261,6.1,486,58.6" /></mjloggm>