<mjloggm ver="2.3"><GO type="169" lobby="0"/><UN n0="%68%61%6B%75%30%37" n1="%E3%81%95%E3%81%8D%E3%81%8A%E3%80%82" n2="%E3%83%95%E3%82%AF%E3%83%AD%E3%82%A6%E3%82%B5%E3%83%B3" n3="%E2%80%A0%E7%99%BD%E5%85%8E%E2%80%A0" dan="17,16,17,17" rate="2204.55,2138.22,2181.74,2203.63" sx="M,M,M,M"/><TAIKYOKU oya="0"/><INIT seed="0,0,0,4,2,16" ten="250,250,250,250" oya="0" hai0="116,18,22,88,113,25,66,85,41,84,15,67,59" hai1="42,124,39,48,98,19,78,7,61,53,40,90,92" hai2="135,133,112,77,125,36,8,109,107,10,123,47,38" hai3="3,131,46,89,119,4,45,63,134,104,101,62,81"/><T108/><D113/><U115/><E124/><V97/><F112/><W72/><G119/><T96/><D116/><U26/><E39/><V33/><F123/><W80/><G131/><T86/><D108/><U99/><E78/><V28/><F125/><W24/><G3/><T43/><D15/><U6/><E115/><V79/><F109/><W82/><G4/><T103/><D103/><U58/><E99/><V68/><F68/><W64/><G134/><N who="2" m="51209" /><F28/><W29/><G63/><N who="0" m="38271" /><D67/><U76/><E76/><N who="2" m="29259" /><F33/><W12/><G12/><T132/><D132/><U17/><E17/><V56/><F56/><W94/><G101/><T91/><D96/><U73/><E73/><V11/><F47/><W23/><G104/><T44/><D44/><U37/><E37/><N who="2" m="14443" /><F97/><W74/><G74/><T27/><D27/><U75/><E75/><V121/><F121/><W120/><G72/><T50/><D50/><U13/><E48/><V57/><F57/><N who="3" m="36943" /><G120/><T110/><D110/><U118/><E118/><V52/><F107/><W105/><G105/><T60/><D60/><U20/><E13/><V1/><F1/><W35/><G35/><T70/><D70/><U32/><E32/><V83/><F83/><W71/><G71/><T87/><D91/><U5/><AGARI ba="0,0" hai="5,6,7,19,20,26,40,42,53,58,61,90,92,98" machi="5" ten="30,8000,1" yaku="0,1,25,2,8,1,52,1" doraHai="16" who="1" fromWho="1" sc="250,-40,250,80,250,-20,250,-20" /><INIT seed="1,0,0,4,1,1" ten="210,330,230,230" oya="1" hai0="126,122,30,38,16,6,115,12,24,135,26,55,53" hai1="40,48,99,51,0,131,79,93,119,127,45,9,60" hai2="77,74,104,46,73,43,37,64,39,68,10,67,42" hai3="8,32,28,101,13,27,20,59,130,36,7,57,110"/><U88/><E119/><V81/><F104/><W129/><G36/><T105/><D115/><U107/><E131/><N who="3" m="50186" /><G101/><T66/><D38/><U19/><E127/><V50/><F74/><W76/><G76/><T54/><D105/><U78/><E107/><V92/><F68/><W134/><G110/><T125/><D135/><U123/><E123/><V22/><F22/><W21/><G134/><T128/><D128/><U41/><E60/><V4/><F92/><W112/><G112/><T84/><D122/><U94/><E94/><V114/><F114/><W95/><G95/><T109/><D109/><U80/><E80/><V98/><F98/><W85/><G85/><T113/><D113/><U97/><E97/><V90/><F90/><W100/><G100/><T102/><D66/><U75/><E75/><V87/><F87/><W61/><G59/><T5/><D102/><U91/><E91/><V118/><F118/><W17/><G57/><T47/><D47/><N who="1" m="25703" /><E0/><V18/><F18/><W2/><G61/><T58/><D58/><U34/><E34/><AGARI ba="0,0" hai="2,7,8,13,17,20,21,27,28,32,34" m="50186" machi="34" ten="30,7700,0" yaku="19,1,34,2,52,1" doraHai="1" who="3" fromWho="1" sc="210,0,330,-77,230,0,230,77" /><INIT seed="2,0,0,4,5,79" ten="210,253,230,307" oya="2" hai0="18,123,66,97,0,106,13,100,72,105,35,85,24" hai1="32,80,130,1,27,104,82,58,44,73,55,39,71" hai2="99,16,28,119,52,86,29,41,50,14,26,23,62" hai3="51,4,61,31,89,129,33,114,125,19,21,68,93"/><V60/><F119/><W83/><G129/><T78/><D123/><U30/><E73/><V40/><F99/><W75/><G125/><T9/><D72/><U113/><E113/><V88/><F41/><W101/><G114/><T112/><D112/><U132/><E130/><V117/><F40/><W6/><G31/><N who="2" m="11849" /><F26/><W49/><G33/><T20/><D0/><U133/><E1/><V57/><F117/><W54/><G101/><T94/><D66/><U120/><E120/><V92/><AGARI ba="0,0" hai="14,16,23,50,52,57,60,62,86,88,92" m="11849" machi="92" ten="30,12000,1" yaku="25,1,8,1,54,3" doraHai="79" who="2" fromWho="2" sc="210,-40,253,-40,230,120,307,-40" /><INIT seed="2,1,0,0,3,105" ten="170,213,350,267" oya="2" hai0="47,6,5,22,90,48,111,99,135,76,49,53,115" hai1="114,23,80,125,17,18,127,117,11,45,121,77,102" hai2="7,73,1,104,56,54,122,91,44,36,10,86,118" hai3="110,4,72,109,66,130,96,51,61,67,87,60,39"/><V81/><F118/><W75/><G39/><T132/><D115/><U124/><E117/><V98/><F122/><W123/><G123/><T27/><D111/><N who="3" m="42505" /><G130/><T106/><D76/><U52/><E121/><V113/><F113/><W128/><G128/><T38/><D38/><U65/><E65/><N who="3" m="24586" /><G4/><T33/><D33/><U0/><E102/><V14/><F1/><W94/><G87/><T62/><D62/><N who="3" m="24169" /><G51/><T24/><D49/><N who="1" m="28719" /><E114/><V116/><F116/><W103/><AGARI ba="1,0" hai="72,75,94,96,103" m="24169,24586,42505" machi="103" ten="30,4000,0" yaku="14,1,52,2" doraHai="105" who="3" fromWho="3" sc="170,-11,213,-11,350,-21,267,43" /><INIT seed="3,0,0,4,0,112" ten="159,202,329,310" oya="3" hai0="54,80,16,25,89,121,66,79,120,98,93,87,21" hai1="8,126,18,110,81,4,3,83,101,76,70,33,45" hai2="5,123,58,131,103,27,86,68,90,127,102,40,77" hai3="92,19,51,48,114,115,132,109,71,42,52,111,67"/><W22/><G92/><T94/><D66/><U15/><E110/><N who="3" m="41994" /><G132/><T116/><D116/><U28/><E126/><V95/><F68/><W20/><G42/><T17/><D17/><U50/><E70/><V12/><F127/><W56/><G51/><T36/><D36/><U63/><E63/><V0/><F131/><W130/><G130/><T55/><D55/><U118/><E101/><V72/><F123/><W69/><G69/><T41/><D41/><U105/><E105/><V88/><F40/><W117/><G117/><T64/><D64/><U97/><E97/><V134/><F134/><W61/><G22/><T57/><REACH who="0" step="1"/><D94/><REACH who="0" ten="149,202,329,310" step="2"/><U96/><E118/><V75/><F95/><W128/><G128/><T29/><D29/><U35/><E28/><V9/><F5/><W74/><G74/><T26/><D26/><AGARI ba="0,1" hai="19,20,26,48,52,56,61,67,71,114,115" m="41994" machi="26" ten="30,5800,0" yaku="14,1,10,1,54,1" doraHai="112" who="3" fromWho="0" sc="149,-58,202,0,329,0,310,68" /><INIT seed="3,1,0,4,2,34" ten="91,202,329,378" oya="3" hai0="53,91,121,113,21,122,10,43,26,124,1,32,46" hai1="103,111,125,19,11,132,87,45,131,114,94,71,81" hai2="92,72,93,102,127,110,99,57,76,25,115,65,84" hai3="12,24,129,120,59,56,69,58,22,30,118,3,23"/><W14/><G118/><T41/><D32/><U38/><E71/><V54/><F115/><W44/><G120/><T49/><D124/><U80/><E114/><V48/><F127/><W40/><G69/><T95/><D113/><U61/><E61/><V107/><F110/><W5/><G129/><T89/><D122/><U8/><E111/><V104/><F65/><W86/><G86/><T123/><D123/><U108/><E132/><V117/><F117/><W100/><G100/><T83/><D121/><U37/><E131/><V28/><F72/><W42/><G42/><T66/><D66/><U7/><E81/><V36/><F36/><W35/><G23/><T106/><D106/><U97/><E108/><V15/><F15/><W73/><G73/><T60/><D83/><U70/><E70/><V98/><F84/><W126/><G35/><T20/><D20/><U2/><E45/><V47/><F47/><W133/><G133/><T88/><D95/><U51/><E51/><V90/><F76/><W16/><G30/><T9/><D1/><U50/><E50/><V62/><F48/><W31/><G31/><T134/><D134/><U39/><E125/><V112/><F112/><W96/><G96/><T109/><D109/><U101/><E101/><V130/><F130/><W67/><G67/><T52/><D53/><U82/><E87/><V18/><REACH who="2" step="1"/><F28/><REACH who="2" ten="91,202,319,378" step="2"/><W6/><G126/><T4/><D60/><U0/><REACH who="1" step="1"/><E19/><REACH who="1" ten="91,192,319,378" step="2"/><V119/><F119/><W78/><G16/><N who="0" m="12583" /><D4/><AGARI ba="1,2" hai="0,2,4,7,8,11,37,38,39,80,82,94,97,103" machi="4" ten="40,8000,1" yaku="1,1,9,1,52,2,53,0" doraHai="34" doraHaiUra="135" who="1" fromWho="0" sc="91,-83,192,103,319,0,378,0" /><INIT seed="4,0,0,4,5,95" ten="8,295,319,378" oya="0" hai0="26,97,36,92,115,67,63,111,108,103,65,4,20" hai1="93,46,13,121,21,19,77,85,23,104,131,56,24" hai2="1,47,59,119,25,35,101,12,61,86,117,45,68" hai3="128,134,16,52,9,73,54,33,75,110,31,91,14"/><T15/><D36/><U100/><E121/><V72/><F72/><W29/><G110/><N who="0" m="42027" /><D115/><U127/><E131/><V2/><F68/><W58/><G128/><T43/><D43/><U18/><E127/><V74/><F74/><W62/><G134/><T0/><D0/><U96/><E46/><N who="2" m="17419" /><F101/><W80/><G75/><T123/><D123/><U6/><E6/><V84/><F12/><W38/><G38/><T42/><D42/><U88/><E56/><V28/><F1/><W3/><G3/><T41/><D41/><U132/><E132/><V135/><F2/><W30/><G33/><T87/><D87/><U39/><E39/><V98/><F98/><W8/><G73/><T125/><D125/><U81/><REACH who="1" step="1"/><E104/><REACH who="1" ten="8,285,319,378" step="2"/><V99/><F135/><W102/><G58/><N who="0" m="37111" /><D67/><U27/><E27/><V34/><F119/><W17/><G54/><T44/><D44/><U133/><E133/><V57/><F117/><W7/><G52/><T53/><D53/><U126/><E126/><V107/><F57/><W76/><G7/><T82/><D82/><U48/><E48/><V90/><F59/><W60/><G80/><T78/><D78/><AGARI ba="0,1" hai="13,18,19,21,23,24,77,78,81,85,88,93,96,100" machi="78" ten="40,8000,1" yaku="1,1,8,1,52,1,54,1,53,0" doraHai="95" doraHaiUra="70" who="1" fromWho="0" sc="8,-80,285,90,319,0,378,0" owari="-72,-57.2,375,17.5,319,-8.1,378,47.8" /></mjloggm>