<mjloggm ver="2.3"><GO type="169" lobby="0"/><UN n0="%E5%B5%8C%E5%85%AB" n1="%E5%BA%84%E5%8F%B8%E5%81%A5%E5%A4%AA%E6%9C%97" n2="%2D%E8%B1%8A%E5%8F%A3%E3%82%81%E3%81%90%E3%81%BF%2D" n3="%62%73%64%5F%33" dan="16,16,17,17" rate="2103.80,2068.73,2182.97,2121.90" sx="M,M,F,F"/><TAIKYOKU oya="0"/><INIT seed="0,0,0,1,5,14" ten="250,250,250,250" oya="0" hai0="42,34,116,130,79,113,25,104,108,62,73,13,106" hai1="102,10,31,101,91,18,23,40,71,128,11,74,115" hai2="131,111,15,65,129,99,133,63,68,72,7,135,107" hai3="32,45,97,33,66,118,117,12,93,26,126,88,16"/><T27/><D113/><U109/><E71/><V19/><F72/><W86/><G126/><T44/><D116/><U61/><E74/><V28/><F28/><W50/><G66/><T96/><D130/><N who="2" m="49674" /><F7/><W8/><G26/><T120/><D120/><U84/><E109/><V47/><F47/><W37/><G37/><T3/><D3/><U35/><E115/><V112/><F112/><W134/><G134/><N who="2" m="51209" /><F111/><W127/><G127/><T89/><D34/><U114/><E114/><V122/><F122/><W38/><G38/><T22/><D108/><U24/><E128/><V5/><F5/><W9/><G9/><T70/><D73/><U39/><E11/><N who="2" m="6655" /><F99/><W59/><G59/><T92/><D70/><U76/><E10/><V52/><F107/><W51/><G51/><T64/><D106/><U17/><E35/><V125/><F52/><W94/><G33/><T67/><D104/><U100/><E39/><V85/><F85/><W123/><G32/><T57/><D64/><U110/><E110/><V46/><F46/><W75/><G75/><T4/><D4/><U103/><E40/><V82/><F82/><W56/><G123/><T30/><D30/><U58/><N who="1" m="25600" /><DORA hai="119" /><U80/><E76/><V60/><F63/><W48/><G118/><T98/><D79/><U41/><E41/><V29/><F29/><W78/><G117/><T1/><D1/><U121/><E121/><V83/><F83/><N who="3" m="49247" /><G78/><T124/><D42/><U54/><AGARI ba="0,0" hai="17,18,23,24,31,54,58,61,80,84,91" m="25600" machi="54" ten="40,8000,1" yaku="0,1,8,1,52,2" doraHai="14,119" who="1" fromWho="1" sc="250,-40,250,80,250,-20,250,-20" /><INIT seed="1,0,0,3,5,73" ten="210,330,230,230" oya="1" hai0="41,72,79,121,39,85,93,125,0,38,110,97,75" hai1="102,108,12,83,107,67,119,8,25,111,122,127,22" hai2="88,65,50,112,131,11,134,6,60,118,64,54,10" hai3="43,1,128,133,57,94,101,44,71,2,124,46,45"/><U106/><E119/><V35/><F118/><W21/><G71/><T113/><D113/><U27/><E122/><V61/><F35/><W5/><G133/><T116/><D116/><U34/><E67/><V20/><F134/><W53/><G128/><T32/><D32/><U95/><E127/><V47/><F131/><W28/><G124/><T68/><D68/><U100/><E34/><V9/><F112/><W37/><G5/><T51/><D0/><U24/><E22/><V40/><F20/><W36/><G2/><T103/><D125/><U132/><E132/><V15/><F40/><W3/><G3/><T77/><D51/><U14/><E83/><V99/><F61/><W80/><G1/><T115/><D115/><U26/><E26/><V56/><REACH who="2" step="1"/><F64/><REACH who="2" ten="210,330,220,230" step="2"/><W104/><G43/><T130/><D41/><U89/><E8/><V58/><F58/><W90/><G57/><T87/><D130/><U29/><E29/><V78/><F78/><N who="0" m="29706" /><D39/><U23/><E111/><V62/><F62/><W117/><G37/><T86/><D38/><U96/><E108/><V31/><F31/><W49/><G28/><T17/><D110/><U42/><E42/><V69/><F69/><W109/><G36/><T63/><D63/><U13/><E23/><V19/><F19/><W114/><G21/><T7/><D17/><U135/><E135/><V84/><F84/><N who="0" m="21506" /><T98/><DORA hai="52" /><D7/><U70/><E70/><V4/><F4/><W30/><G117/><T55/><D55/><U91/><E96/><N who="0" m="36969" /><D121/><U59/><E59/><V105/><F105/><W126/><G126/><T129/><D129/><RYUUKYOKU ba="0,1" sc="210,15,330,-15,220,15,230,-15" hai0="72,75,93,103" hai2="6,9,10,11,15,47,50,54,56,60,65,88,99" /><INIT seed="2,1,1,2,3,114" ten="225,315,235,215" oya="2" hai0="61,77,56,19,39,110,24,14,69,67,111,16,11" hai1="29,31,37,93,8,129,26,32,60,9,20,124,76" hai2="3,79,7,34,40,5,127,113,52,22,81,28,62" hai3="46,87,105,118,18,38,45,35,64,88,54,63,65"/><V51/><F113/><W48/><G105/><T126/><D126/><U49/><E37/><V134/><F34/><W68/><G35/><T71/><D39/><U104/><E104/><V103/><F127/><W92/><G118/><T122/><D122/><U2/><E76/><V0/><F103/><W120/><G120/><T95/><D77/><U112/><E93/><V133/><F40/><W43/><G65/><T130/><D130/><U132/><E49/><V102/><F102/><W17/><REACH who="3" step="1"/><G46/><REACH who="3" ten="225,315,235,205" step="2"/><T27/><D111/><U98/><E32/><V53/><F134/><W4/><G4/><T47/><D47/><U101/><E132/><V106/><F106/><W41/><G41/><T96/><D110/><U83/><E124/><V84/><F133/><W33/><G33/><T117/><D117/><U55/><E55/><V90/><F5/><W99/><G99/><T123/><D123/><U107/><E98/><V80/><F7/><W119/><G119/><T30/><D71/><U125/><E112/><V85/><F53/><W97/><G97/><T15/><D69/><U89/><E125/><V1/><F62/><W70/><G70/><T74/><D61/><U116/><E116/><V72/><F72/><W23/><G23/><N who="0" m="11671" /><D74/><U36/><E60/><V121/><F121/><W82/><G82/><T131/><D67/><U10/><E107/><V66/><F66/><W42/><G42/><T94/><D96/><U50/><E83/><V108/><F108/><W115/><G115/><T128/><D131/><U57/><E20/><V100/><F22/><W86/><G86/><T58/><D128/><RYUUKYOKU ba="1,2" sc="225,-10,315,-10,235,-10,205,30" hai3="17,18,38,43,45,48,54,63,64,68,87,88,92" /><INIT seed="3,2,2,1,3,87" ten="215,305,225,235" oya="3" hai0="82,41,130,40,113,126,21,47,129,81,94,34,67" hai1="17,15,24,90,69,0,30,110,36,84,4,63,131" hai2="128,105,111,68,25,3,50,33,10,44,78,73,124" hai3="23,99,79,88,121,51,134,102,98,103,1,16,97"/><W72/><G121/><T58/><D34/><U43/><E110/><V122/><RYUUKYOKU type="yao9" ba="2,2" sc="215,0,305,0,225,0,235,0" hai2="3,10,25,33,44,50,68,73,78,105,111,122,124,128" /><INIT seed="3,3,2,0,1,117" ten="215,305,225,235" oya="3" hai0="83,86,100,78,30,122,0,20,15,106,87,112,61" hai1="46,132,5,48,7,40,35,119,63,19,34,23,128" hai2="67,126,94,82,129,107,3,26,32,59,14,44,72" hai3="9,91,125,75,4,70,27,111,110,25,49,80,1"/><W135/><G70/><T37/><D0/><U50/><E119/><V24/><F3/><W98/><G135/><T81/><D37/><U79/><E132/><V74/><F107/><W116/><G116/><T13/><D112/><U45/><E79/><V42/><F126/><W121/><G125/><T90/><D122/><U123/><E63/><V73/><F129/><W89/><G49/><T88/><D78/><U99/><E128/><V85/><F94/><N who="3" m="56671" /><G121/><T52/><D100/><U38/><E99/><V76/><F32/><W108/><G75/><T118/><D106/><U95/><E95/><V127/><F127/><W36/><G36/><T130/><D118/><U54/><E38/><V109/><F109/><W115/><G115/><T97/><D97/><U55/><E40/><V47/><F14/><W77/><G77/><T39/><D39/><U68/><E68/><V10/><F10/><W104/><G104/><T134/><D134/><U101/><E101/><V71/><F71/><W16/><G16/><T93/><D93/><U21/><E19/><V69/><F69/><W103/><G103/><T28/><D130/><U65/><E123/><V62/><REACH who="2" step="1"/><F42/><REACH who="2" ten="215,305,215,235" step="2"/><W43/><G43/><T102/><D102/><U92/><E92/><V29/><F29/><N who="0" m="11370" /><D20/><U56/><E35/><V124/><F124/><W131/><G131/><T11/><D11/><U17/><E34/><V113/><F113/><W2/><G1/><T60/><D60/><N who="1" m="38023" /><E23/><V120/><F120/><W64/><G64/><T58/><AGARI ba="3,3" hai="13,15,52,58,61,81,83,86,87,88,90" m="11370" machi="58" ten="30,4000,0" yaku="8,1,54,2" doraHai="117" who="0" fromWho="0" sc="215,79,305,-13,215,-13,235,-23" /><INIT seed="4,0,0,3,1,48" ten="294,292,202,212" oya="0" hai0="101,135,124,109,52,108,33,57,86,102,29,26,134" hai1="56,37,0,7,82,50,58,68,64,79,67,88,112" hai2="28,80,114,18,21,1,53,8,15,27,16,120,24" hai3="44,73,43,61,75,76,95,90,65,98,128,13,105"/><T19/><D124/><U20/><E37/><V131/><F120/><W38/><G128/><T4/><D4/><U110/><E110/><N who="0" m="42601" /><D86/><U84/><E112/><V3/><F131/><W100/><G13/><T104/><D19/><U127/><E127/><V72/><F114/><W45/><G45/><T123/><D123/><U55/><E68/><V94/><F94/><W122/><G122/><T46/><D46/><U5/><E20/><N who="2" m="13319" /><F53/><W47/><G47/><T99/><D102/><U14/><E0/><N who="2" m="75" /><F80/><W93/><G76/><T22/><D22/><U125/><E125/><V89/><F89/><W111/><G111/><T12/><D12/><U36/><E36/><V41/><F41/><W6/><G6/><N who="1" m="2058" /><E14/><V117/><F72/><W32/><G32/><T116/><D116/><AGARI ba="0,0" hai="8,15,18,21,27,28,116,117" m="75,13319" machi="116" ten="30,3900,0" yaku="34,2,54,1" doraHai="48" who="2" fromWho="0" sc="294,-39,292,0,202,39,212,0" /><INIT seed="5,0,0,2,5,88" ten="255,292,241,212" oya="1" hai0="46,109,1,83,5,3,25,99,107,37,132,53,101" hai1="54,75,60,31,65,2,89,45,51,62,121,125,66" hai2="26,105,113,21,23,33,100,57,69,74,95,135,47" hai3="10,16,104,56,17,27,82,70,24,92,71,43,118"/><U50/><E2/><V130/><F69/><W68/><G104/><T42/><D109/><U14/><E121/><V112/><F74/><W19/><G43/><T106/><D132/><U22/><E75/><V78/><F78/><W58/><G118/><T133/><D133/><U129/><E129/><V114/><F135/><W4/><G92/><T123/><D123/><U40/><E125/><V102/><F130/><W122/><G82/><T76/><D53/><U119/><E119/><V35/><F105/><W108/><G108/><T11/><D25/><N who="1" m="16823" /><E14/><V115/><F47/><W120/><G120/><T84/><REACH who="0" step="1"/><D106/><REACH who="0" ten="245,292,241,212" step="2"/><U67/><E89/><V86/><F114/><W7/><G122/><T72/><D72/><U81/><E81/><V80/><F80/><W55/><G55/><T77/><D77/><U126/><E126/><V127/><F127/><W96/><G96/><T97/><D97/><U12/><E12/><AGARI ba="0,1" hai="1,3,5,11,12,37,42,46,76,83,84,99,101,107" machi="12" ten="30,2000,0" yaku="1,1,7,1,53,0" doraHai="88" doraHaiUra="30" who="0" fromWho="1" sc="245,30,292,-20,241,0,212,0" /><INIT seed="6,0,0,0,2,120" ten="275,272,241,212" oya="2" hai0="89,69,32,106,0,86,6,55,70,113,132,14,133" hai1="22,57,2,93,5,15,107,13,96,31,72,66,33" hai2="25,43,99,87,114,12,49,85,71,64,111,90,11" hai3="119,134,98,95,44,91,4,47,56,126,42,60,40"/><V135/><F114/><W82/><G119/><T104/><D0/><U77/><E107/><N who="0" m="41001" /><D113/><U110/><E33/><V36/><F36/><W76/><G134/><N who="0" m="51819" /><D32/><U81/><E110/><V122/><F122/><W88/><G126/><T115/><D115/><U3/><E15/><V50/><F135/><W94/><G4/><T48/><D14/><U128/><E128/><V73/><F73/><W35/><G35/><T75/><D75/><U38/><E38/><V67/><F71/><W41/><G82/><N who="0" m="49367" /><D6/><U102/><E13/><V63/><F25/><W124/><G76/><T58/><AGARI ba="0,0" hai="48,55,58,69,70" m="49367,51819,41001" machi="58" ten="30,1100,0" yaku="20,1" doraHai="120" who="0" fromWho="0" sc="275,11,272,-3,241,-5,212,-3" /><INIT seed="7,0,0,1,2,84" ten="286,269,236,209" oya="3" hai0="128,1,23,10,49,17,94,75,4,95,67,96,116" hai1="44,46,73,87,45,21,97,121,132,55,13,102,104" hai2="98,81,42,89,28,83,91,39,112,126,30,72,41" hai3="133,120,92,54,134,68,85,48,125,3,80,79,108"/><W63/><G3/><T19/><D116/><U51/><E73/><V47/><F112/><W124/><G120/><T88/><D75/><U14/><E121/><V86/><F126/><N who="3" m="48747" /><G108/><T76/><D76/><U37/><E37/><V130/><F130/><W32/><G32/><T57/><D128/><U56/><E132/><N who="3" m="50794" /><G92/><T101/><D23/><U110/><E110/><V20/><F42/><W26/><G26/><T78/><D78/><U118/><E118/><V65/><F65/><N who="3" m="41023" /><G48/><T58/><D49/><U8/><E21/><V114/><F114/><W70/><G54/><T35/><D35/><U111/><E111/><V34/><F34/><W60/><G60/><T71/><D71/><AGARI ba="0,0" hai="70,71,79,80,85" m="41023,50794,48747" machi="71" ten="30,2900,0" yaku="18,1,20,1" doraHai="84" who="3" fromWho="0" sc="286,-29,269,0,236,0,209,29" /><INIT seed="7,1,0,0,5,59" ten="257,269,236,238" oya="3" hai0="21,76,64,103,28,52,131,66,58,19,11,125,82" hai1="43,100,41,30,105,53,23,12,8,13,2,97,106" hai2="133,18,112,86,27,90,101,33,62,45,57,114,4" hai3="25,109,118,54,88,14,121,104,124,31,73,44,98"/><W63/><G118/><T107/><D125/><U3/><E106/><V80/><F133/><W135/><G121/><T34/><D131/><U20/><E43/><V79/><F101/><W10/><G73/><T7/><D103/><U42/><E42/><V70/><F70/><W36/><G135/><T83/><D107/><U102/><E102/><V78/><F4/><W67/><G104/><T48/><D28/><U9/><E41/><V72/><F45/><W6/><G36/><T81/><D34/><U108/><E108/><V60/><F57/><N who="3" m="37359" /><G124/><T89/><D89/><U49/><E30/><N who="2" m="19679" /><F18/><W51/><G109/><T134/><D76/><N who="2" m="29226" /><F72/><W69/><G69/><T129/><D129/><U126/><E126/><V0/><F0/><W119/><G119/><T96/><D96/><U94/><E105/><V91/><F91/><W5/><G5/><T38/><D38/><U120/><E3/><V116/><F116/><W56/><G44/><T84/><D84/><U26/><E2/><V99/><F99/><W77/><G77/><T32/><D32/><U65/><E65/><V130/><F130/><W37/><G37/><T68/><D68/><U35/><E35/><V128/><F128/><W85/><G98/><T46/><D46/><N who="1" m="27831" /><E120/><V93/><F93/><N who="3" m="54415" /><G31/><T47/><D47/><U17/><E97/><V127/><F127/><W123/><G123/><T92/><D134/><U16/><E100/><V71/><F71/><W50/><G25/><N who="0" m="14527" /><D92/><U55/><E94/><V22/><F22/><N who="1" m="8233" /><E26/><V122/><F122/><W40/><G40/><T15/><AGARI ba="1,0" hai="7,11,15,48,52,58,64,66,81,82,83" m="14527" machi="15" ten="30,2000,0" yaku="8,1,54,1" doraHai="59" who="0" fromWho="0" sc="257,23,269,-6,236,-6,238,-11" /><INIT seed="8,0,0,0,5,120" ten="280,263,230,227" oya="0" hai0="20,122,57,51,125,53,56,12,10,70,129,22,37" hai1="21,75,34,131,38,96,58,50,123,8,130,134,92" hai2="104,15,45,26,40,60,28,54,27,124,48,79,77" hai3="83,31,52,80,118,46,59,135,64,65,6,69,16"/><T90/><D122/><U110/><E34/><V109/><F104/><W81/><G118/><T68/><D37/><U126/><E38/><V94/><F109/><W42/><G135/><T101/><D129/><N who="1" m="49163" /><E75/><V78/><F124/><W87/><G31/><T98/><D125/><U102/><E123/><V91/><F15/><W14/><G6/><T116/><D116/><U11/><E21/><V127/><F127/><W93/><G93/><T114/><D114/><U4/><E11/><V36/><F28/><W107/><G87/><T89/><D70/><U119/><E119/><V30/><F30/><W2/><G2/><T0/><D68/><U108/><E134/><V62/><F36/><W55/><G107/><T99/><D0/><N who="1" m="7" /><E126/><V115/><F115/><W17/><G69/><T44/><D22/><U29/><E29/><V5/><F5/><W7/><G7/><N who="0" m="3167" /><D20/><U105/><E105/><V32/><F32/><W117/><G117/><T85/><D101/><U67/><E50/><V43/><F27/><W18/><G14/><T97/><D90/><U112/><E112/><V111/><F26/><W84/><G84/><T66/><D66/><N who="3" m="25705" /><G59/><T100/><D100/><U73/><E73/><V24/><F24/><W71/><G71/><T133/><D133/><U121/><E121/><V25/><F25/><W82/><N who="3" m="20480" /><DORA hai="86" /><W76/><G76/><T39/><D39/><U63/><AGARI ba="0,0" hai="58,63,67,92,96,102,108,110" m="7,49163" machi="63" ten="30,4000,0" yaku="19,1,52,2" doraHai="120,86" who="1" fromWho="1" sc="280,-20,263,40,230,-10,227,-10" owari="260,6.0,303,40.3,220,-18.0,217,-28.3" /></mjloggm>