<mjloggm ver="2.3"><GO type="169" lobby="0"/><UN n0="%E3%83%87%E3%83%A9%E3%82%B3%E3%83%83%E3%82%B3" n1="%E7%B8%A6%E9%B3%A5%E5%8D%83%E6%B3%A2" n2="%E2%84%83%2D%75%74%65" n3="%E6%99%A8%E6%98%8F%E5%B0%8D%E5%B3%99" dan="16,16,17,17" rate="2144.78,2156.55,2199.51,2207.34" sx="M,F,M,M"/><TAIKYOKU oya="0"/><INIT seed="0,0,0,5,3,117" ten="250,250,250,250" oya="0" hai0="35,94,32,77,31,86,52,120,40,81,125,135,1" hai1="17,6,69,66,16,9,12,115,72,92,82,70,10" hai2="22,2,134,132,38,3,25,74,95,46,50,27,87" hai3="90,34,47,123,7,79,108,83,75,93,109,20,110"/><T127/><D1/><U58/><E115/><V63/><F74/><W113/><G113/><T13/><D40/><U105/><E105/><V85/><F38/><W128/><G34/><T19/><D135/><U73/><E92/><V5/><F63/><W29/><G7/><T67/><D67/><U21/><E58/><V122/><F95/><W14/><G47/><T131/><D131/><U124/><E124/><N who="0" m="47689" /><D31/><U129/><E129/><V100/><F100/><W99/><G128/><T62/><D94/><U57/><E57/><V104/><F104/><W49/><G49/><T0/><D0/><U121/><E121/><V54/><F5/><W106/><G106/><T51/><D62/><U91/><E66/><V98/><F98/><W43/><G43/><T45/><D120/><U56/><E56/><V24/><F22/><AGARI ba="0,0" hai="13,19,22,32,35,45,51,52,77,81,86" m="47689" machi="22" ten="30,2900,0" yaku="18,1,54,1" doraHai="117" who="0" fromWho="2" sc="250,29,250,0,250,-29,250,0" /><INIT seed="0,1,0,3,0,61" ten="279,250,221,250" oya="0" hai0="16,28,62,40,12,124,33,3,130,17,6,123,116" hai1="64,45,50,82,122,112,104,47,109,37,87,103,118" hai2="39,100,128,32,79,120,83,1,133,96,35,107,92" hai3="119,71,69,15,49,30,108,125,38,20,134,54,111"/><T5/><D116/><U78/><E118/><V48/><F120/><W126/><G38/><T36/><D123/><U22/><E122/><V31/><F128/><W98/><G119/><T89/><D124/><N who="3" m="47721" /><G98/><T91/><D130/><U121/><E121/><V26/><F133/><W86/><G86/><T95/><D3/><U9/><E109/><N who="3" m="42058" /><G134/><T75/><D75/><U106/><E112/><V51/><F35/><W97/><G97/><T24/><D17/><U23/><E103/><V57/><F1/><W81/><G81/><T102/><D102/><U72/><E72/><V59/><F39/><W53/><G15/><T88/><D95/><U52/><E9/><V58/><REACH who="2" step="1"/><F107/><REACH who="2" ten="279,250,211,250" step="2"/><W135/><G135/><T74/><D36/><U77/><E106/><V80/><F80/><W70/><G49/><T14/><D33/><U113/><E104/><V67/><F67/><W94/><G94/><T99/><D99/><U60/><E113/><V127/><F127/><W46/><G46/><T117/><D117/><U55/><E78/><V34/><F34/><W65/><G65/><T114/><D114/><U56/><E37/><V29/><F29/><W85/><G85/><AGARI ba="1,1" hai="26,31,32,48,51,57,58,59,79,83,85,92,96,100" machi="85" ten="40,1300,0" yaku="1,1,53,0" doraHai="61" doraHaiUra="68" who="2" fromWho="3" sc="279,0,250,0,211,26,250,-16" /><INIT seed="1,0,0,2,2,25" ten="279,250,237,234" oya="1" hai0="14,26,112,24,35,118,134,48,98,55,4,101,10" hai1="79,122,107,22,5,33,70,49,121,69,96,11,39" hai2="115,7,125,59,47,45,28,56,58,6,106,38,103" hai3="43,2,104,89,130,12,1,88,84,41,9,127,19"/><U29/><E22/><V27/><F125/><W42/><G127/><T17/><D112/><U50/><E79/><V16/><F115/><W65/><G130/><T37/><D118/><U94/><E94/><V93/><F106/><W23/><G104/><T3/><D134/><U32/><E39/><V85/><F38/><W129/><G129/><T13/><D37/><U100/><E50/><V92/><F85/><W36/><G65/><T109/><D109/><U34/><E49/><V111/><F111/><W126/><G126/><T71/><D71/><N who="1" m="27147" /><E29/><V119/><F119/><W75/><G75/><T74/><D74/><U53/><E53/><V63/><F63/><W30/><G36/><T8/><D14/><U114/><E114/><V110/><F110/><W62/><G62/><T76/><D76/><U123/><E122/><V116/><F116/><W68/><G68/><T117/><D117/><U132/><E132/><V135/><F135/><W133/><G133/><T73/><D73/><U54/><E54/><V82/><F82/><W81/><REACH who="3" step="1"/><G89/><REACH who="3" ten="279,250,237,224" step="2"/><T67/><D67/><U90/><E90/><V105/><F105/><W78/><G78/><T87/><D48/><U66/><E66/><V20/><F103/><W95/><G95/><T131/><D101/><U83/><E83/><V60/><F60/><W108/><G108/><T86/><D131/><U46/><E46/><N who="2" m="17419" /><F93/><W128/><G128/><T57/><D55/><U64/><E64/><V99/><F92/><W124/><G124/><T40/><D87/><U31/><E123/><V80/><F80/><W51/><G51/><T61/><D86/><RYUUKYOKU ba="0,1" sc="279,-10,250,-10,237,-10,224,30" hai3="1,2,9,12,19,23,30,41,42,43,81,84,88" /><INIT seed="2,1,1,5,2,73" ten="269,240,227,254" oya="2" hai0="93,112,99,135,120,108,130,50,38,57,95,33,55" hai1="26,68,45,86,129,102,2,107,43,74,37,134,111" hai2="83,21,42,9,15,75,70,79,3,19,34,82,126" hai3="92,0,46,91,35,59,16,100,128,63,11,6,39"/><V116/><F116/><W104/><G128/><T132/><D120/><U18/><E129/><V113/><F113/><W47/><G35/><T88/><D130/><U105/><E74/><V117/><F117/><W69/><G69/><T32/><D112/><U36/><E111/><V20/><F70/><W56/><G56/><T51/><D38/><U22/><E134/><N who="0" m="51241" /><D108/><U28/><E37/><V71/><F71/><W98/><G39/><T131/><D131/><U24/><E68/><V58/><F126/><W65/><REACH who="3" step="1"/><G16/><REACH who="3" ten="269,240,227,244" step="2"/><T109/><D109/><U84/><E2/><V31/><F3/><W1/><G1/><T60/><D32/><U110/><E110/><V115/><F58/><W127/><G127/><T40/><D33/><U125/><E125/><V114/><F34/><W44/><G44/><T41/><D51/><U66/><E18/><V29/><F115/><W12/><G12/><T118/><D118/><U97/><E26/><V17/><F114/><W61/><G61/><T123/><D60/><U13/><E13/><V72/><F15/><W23/><G23/><T106/><D123/><U62/><E62/><V25/><F25/><W48/><G48/><T7/><D7/><U54/><E22/><V78/><F9/><W133/><G133/><T14/><D14/><U103/><E24/><V8/><F8/><W53/><G53/><T121/><D121/><U80/><E54/><V101/><F42/><W89/><G89/><T5/><D5/><U90/><E28/><V94/><F101/><W87/><AGARI ba="1,2" hai="0,6,11,46,47,59,63,65,87,91,92,98,100,104" machi="87" ten="20,2700,0" yaku="1,1,0,1,7,1,53,0" doraHai="73" doraHaiUra="30" who="3" fromWho="3" sc="269,-8,240,-8,227,-14,244,50" /><INIT seed="3,0,0,2,5,101" ten="261,232,213,294" oya="3" hai0="80,129,88,81,1,64,56,119,104,114,68,113,130" hai1="18,83,55,22,29,25,103,76,58,33,32,5,99" hai2="60,91,34,37,120,67,24,94,30,74,110,135,106" hai3="45,27,48,77,0,128,87,63,13,133,118,92,107"/><W40/><G118/><T108/><D1/><U42/><E42/><V90/><F110/><W124/><G0/><T36/><D36/><U97/><E5/><V59/><F135/><W84/><G133/><T54/><D119/><U79/><E99/><V10/><F37/><W102/><G124/><T96/><D108/><U43/><E43/><V115/><F115/><N who="0" m="44042" /><D68/><U95/><E29/><V57/><F74/><W11/><G128/><N who="0" m="49259" /><D64/><U61/><REACH who="1" step="1"/><E79/><REACH who="1" ten="261,222,213,294" step="2"/><V47/><F30/><W15/><G77/><T39/><D39/><U98/><E98/><V75/><F120/><W12/><G11/><T132/><D132/><U85/><AGARI ba="0,1" hai="18,22,25,32,33,55,58,61,76,83,85,95,97,103" machi="85" ten="20,2700,0" yaku="1,1,0,1,7,1,53,0" doraHai="101" doraHaiUra="6" who="1" fromWho="1" sc="261,-7,222,37,213,-7,294,-13" /><INIT seed="4,0,0,3,4,102" ten="254,259,206,281" oya="0" hai0="117,42,104,4,101,13,56,23,37,95,17,120,8" hai1="0,52,88,96,74,63,26,21,135,38,93,112,5" hai2="94,134,7,124,41,84,33,48,51,106,14,40,108" hai3="72,50,89,80,131,68,118,57,107,105,67,73,119"/><T22/><D117/><N who="3" m="44553" /><G50/><T15/><D120/><U45/><E74/><N who="3" m="28778" /><G57/><T65/><D37/><U20/><E135/><V90/><F124/><W59/><G59/><T28/><D104/><N who="3" m="40009" /><G67/><T1/><D42/><U91/><E112/><V55/><F108/><W85/><G68/><T69/><D69/><U75/><E75/><V43/><F106/><W64/><G64/><T62/><D1/><U82/><E0/><V29/><F134/><W129/><AGARI ba="0,0" hai="80,85,89,129,131" m="40009,28778,44553" machi="129" ten="40,8000,1" yaku="34,2,52,3" doraHai="102" who="3" fromWho="3" sc="254,-40,259,-20,206,-20,281,80" /><INIT seed="5,0,0,0,1,21" ten="214,239,186,361" oya="1" hai0="84,24,117,99,54,7,19,100,131,67,81,52,53" hai1="62,89,113,4,127,96,51,42,63,36,29,128,58" hai2="70,91,28,10,85,45,123,14,38,9,134,120,126" hai3="30,64,105,78,111,47,124,132,3,135,133,65,104"/><U107/><E113/><V17/><F70/><W55/><G3/><T114/><D117/><U130/><E36/><V50/><F134/><W15/><G111/><T97/><D114/><U125/><E4/><V90/><F126/><N who="1" m="48137" /><E29/><V11/><F38/><W23/><G78/><T75/><D75/><U82/><E107/><N who="3" m="41034" /><G124/><T119/><D119/><U8/><E8/><V12/><F28/><W77/><G77/><T43/><D131/><N who="1" m="50219" /><E96/><V6/><F10/><W87/><G87/><T48/><D7/><U108/><E108/><V106/><F106/><W0/><G0/><T44/><D67/><N who="3" m="25673" /><G30/><T57/><D57/><U37/><E89/><V68/><F68/><W22/><G15/><T74/><D74/><U25/><E25/><V26/><F26/><W83/><G83/><T2/><D2/><U116/><E82/><V60/><F60/><N who="1" m="23081" /><E116/><V115/><F115/><W95/><G95/><T40/><D100/><U35/><E35/><V39/><F39/><W61/><G61/><T121/><D99/><U32/><E32/><V5/><F5/><W59/><G59/><T109/><D97/><U122/><E37/><V1/><F1/><W34/><G34/><T102/><D109/><U31/><E31/><V110/><F110/><W46/><G46/><T92/><D102/><U103/><E103/><V16/><F6/><W18/><G18/><T101/><D101/><U33/><E33/><V79/><F79/><W20/><G47/><T129/><D129/><U72/><E72/><V86/><F45/><W94/><G94/><T66/><D92/><U71/><E71/><V49/><AGARI ba="0,0" hai="9,11,12,14,16,17,49,50,85,86,90,91,120,123" machi="49" ten="25,8000,1" yaku="5,1,0,1,22,2,54,1" doraHai="21" who="2" fromWho="2" sc="214,-20,239,-40,186,80,361,-20" /><INIT seed="6,0,0,5,1,125" ten="194,199,266,341" oya="2" hai0="95,15,32,90,20,129,135,62,94,123,130,61,102" hai1="12,79,13,67,52,122,92,3,106,29,91,108,88" hai2="101,86,99,65,47,68,111,113,72,77,60,27,104" hai3="66,118,75,41,18,109,115,119,16,83,43,132,25"/><V93/><F113/><W28/><G109/><T133/><D32/><U26/><E108/><V49/><F111/><W34/><G115/><T76/><D76/><U7/><E106/><V30/><F72/><W8/><G66/><T1/><D1/><U51/><E3/><V53/><F77/><W6/><G132/><N who="0" m="50763" /><D123/><U85/><E122/><V110/><F110/><W80/><G80/><T87/><D20/><N who="1" m="15559" /><E67/><V96/><F86/><W21/><G83/><T126/><D15/><N who="1" m="5707" /><E7/><V81/><F81/><W100/><G75/><T4/><D4/><U56/><E91/><V74/><F74/><W35/><G100/><T121/><D126/><U5/><E5/><V117/><F117/><N who="3" m="44555" /><G41/><T73/><D73/><U103/><E79/><V14/><F14/><N who="3" m="5399" /><G43/><T33/><D33/><AGARI ba="0,0" hai="16,18,21,25,28,33,34,35" m="5399,44555" machi="33" ten="30,3900,0" yaku="34,2,54,1" doraHai="125" who="3" fromWho="0" sc="194,-39,199,0,266,0,341,39" /><INIT seed="7,0,0,2,5,110" ten="155,199,266,380" oya="3" hai0="88,2,67,113,38,13,100,41,133,74,42,116,92" hai1="108,123,19,96,131,81,6,63,129,29,17,34,75" hai2="11,54,76,135,50,52,80,119,127,72,79,132,61" hai3="120,51,130,124,47,53,12,126,86,60,33,91,82"/><W109/><G33/><T37/><D116/><U66/><E108/><V23/><F127/><N who="3" m="48683" /><G120/><T102/><D2/><U40/><E123/><V111/><F111/><W107/><G107/><T65/><D74/><U25/><E6/><V93/><F79/><W89/><G109/><T58/><D133/><U59/><E40/><V18/><F119/><W115/><G130/><N who="1" m="49674" /><E96/><V117/><F117/><W20/><G60/><T9/><D113/><U94/><E94/><V118/><F118/><W122/><G115/><T125/><D125/><U55/><E66/><V4/><F93/><W1/><G1/><T98/><D38/><U101/><E101/><V68/><F68/><W121/><G91/><T14/><D37/><U128/><N who="1" m="49682" /><U84/><DORA hai="30" /><E75/><V70/><F70/><W27/><G12/><T43/><D14/><U35/><E34/><V46/><F61/><W31/><AGARI ba="0,0" hai="20,27,31,47,51,53,82,86,89,121,122" m="48683" machi="31" ten="30,1500,0" yaku="18,1" doraHai="110,30" who="3" fromWho="3" sc="155,-5,199,-5,266,-5,380,15" owari="150,-35.0,194,-20.6,261,6.1,395,49.5" /></mjloggm>