<mjloggm ver="2.3"><GO type="169" lobby="0"/><UN n0="%E7%B1%B3%E3%81%BC%E3%81%86%E3%82%84%E3%81%8F%E3%82%93" n1="%E3%82%82%E3%82%8D%E3%81%BF%E3%83%BC" n2="%E3%81%82%E3%81%BE%E3%81%82%E3%82%93" n3="%E4%B9%9D%E7%B4%8B%E9%BE%8D%E5%8F%B2%E9%80%B2" dan="16,17,16,19" rate="2173.15,2146.17,2088.23,2282.26" sx="M,M,M,M"/><TAIKYOKU oya="0"/><INIT seed="0,0,0,5,2,113" ten="250,250,250,250" oya="0" hai0="12,17,91,85,40,3,81,19,82,18,6,51,121" hai1="123,98,128,8,34,27,26,90,132,105,71,103,11" hai2="86,92,134,102,78,66,35,43,28,74,31,7,89" hai3="125,39,15,62,133,111,76,131,57,22,56,99,101"/><T5/><D121/><U68/><E123/><V47/><F134/><W97/><G133/><T33/><D33/><U93/><E132/><V124/><F124/><W64/><G125/><T0/><D0/><U16/><E128/><V116/><F66/><W53/><G131/><T108/><D3/><U55/><E55/><V45/><F7/><N who="0" m="2570" /><D108/><U58/><E58/><V42/><F102/><W100/><G39/><T109/><D109/><U115/><E115/><V77/><F116/><W67/><G76/><N who="2" m="29289" /><F35/><W106/><G111/><T59/><D82/><U65/><E71/><V52/><F74/><W46/><G46/><N who="2" m="17417" /><F52/><W49/><G67/><T110/><D110/><U126/><E126/><V107/><F107/><W84/><G84/><T13/><D40/><AGARI ba="0,0" hai="28,31,40,42,43,86,89,92" m="17417,29289" machi="40" ten="30,1000,0" yaku="8,1" doraHai="113" who="2" fromWho="0" sc="250,-10,250,0,250,10,250,0" /><INIT seed="1,0,0,5,1,134" ten="240,250,260,250" oya="1" hai0="20,30,10,97,72,127,8,81,110,45,90,29,61" hai1="69,52,23,9,24,79,64,36,44,102,18,57,67" hai2="46,130,111,58,33,13,71,93,37,86,26,43,123" hai3="125,25,40,76,12,63,7,88,32,89,129,49,107"/><U3/><E69/><V55/><F123/><W75/><G107/><T41/><D110/><U21/><E102/><V47/><F71/><W70/><G129/><T0/><D61/><U104/><E104/><V98/><F111/><W54/><G40/><T82/><D97/><U39/><E79/><V56/><F130/><W92/><G76/><N who="0" m="44167" /><D8/><U22/><E24/><V118/><F118/><W78/><G78/><T48/><D48/><U115/><E115/><V38/><F86/><W126/><G75/><T50/><D50/><U83/><E83/><V132/><F132/><W16/><G7/><N who="0" m="1383" /><D20/><U103/><E103/><V65/><F65/><W101/><G101/><T42/><D42/><U19/><E3/><V73/><F73/><W99/><G89/><T131/><D131/><U27/><E9/><V91/><F38/><W95/><G95/><T34/><D34/><U121/><E121/><V84/><F98/><W120/><G120/><T87/><D127/><N who="3" m="48649" /><G12/><T51/><D41/><U108/><E108/><V1/><F13/><W59/><G70/><T116/><D116/><U66/><E27/><V117/><F117/><W119/><G119/><T5/><D5/><U15/><E15/><V133/><F1/><W112/><G112/><T62/><D90/><U94/><E94/><V17/><F133/><W100/><G100/><T60/><D82/><U114/><E114/><V68/><F68/><W35/><G63/><N who="0" m="24107" /><D87/><U122/><E122/><V6/><F6/><W80/><G80/><T31/><D51/><N who="1" m="30879" /><E36/><V105/><F105/><W96/><G96/><T85/><D85/><U2/><E2/><RYUUKYOKU ba="0,0" sc="240,10,250,10,260,-30,250,10" hai0="29,30,31,45" hai1="18,19,21,22,23,39,44,64,66,67" hai3="16,25,32,35,49,54,59,88,92,99" /><INIT seed="1,1,0,0,4,130" ten="250,260,230,260" oya="1" hai0="135,10,62,106,66,91,118,13,37,28,23,16,9" hai1="84,128,47,46,29,132,50,93,109,75,0,115,61" hai2="68,111,35,38,78,94,99,96,48,104,121,71,41" hai3="11,8,51,107,102,101,79,69,67,65,124,127,131"/><U89/><E115/><V95/><F121/><W42/><G79/><T119/><D37/><U12/><E0/><V53/><F35/><W110/><G131/><T27/><D106/><U90/><E128/><V22/><F111/><W103/><G107/><T6/><D91/><U44/><E75/><V129/><F129/><W58/><G110/><T2/><REACH who="0" step="1"/><D135/><REACH who="0" ten="240,260,230,260" step="2"/><U24/><E109/><V31/><F38/><W20/><G127/><T97/><D97/><U87/><E132/><V77/><F104/><W81/><G124/><T98/><D98/><U55/><E61/><V54/><F96/><W120/><G103/><T56/><AGARI ba="1,1" hai="2,6,9,10,13,16,23,27,28,56,62,66,118,119" machi="56" ten="20,8000,1" yaku="1,1,0,1,7,1,54,1,53,1" doraHai="130" doraHaiUra="14" who="0" fromWho="0" sc="240,93,260,-41,230,-21,260,-21" /><INIT seed="2,0,0,4,1,120" ten="333,219,209,239" oya="2" hai0="11,72,23,19,109,43,69,123,8,18,93,64,6" hai1="114,60,71,14,68,92,76,66,118,65,94,113,133" hai2="126,61,5,40,2,62,101,79,84,102,26,83,57" hai3="29,105,115,108,87,132,127,116,34,13,33,129,99"/><V74/><F126/><W122/><RYUUKYOKU type="yao9" ba="0,0" sc="333,0,219,0,209,0,239,0" hai3="13,29,33,34,87,99,105,108,115,116,122,127,129,132" /><INIT seed="2,1,0,3,2,119" ten="333,219,209,239" oya="2" hai0="63,19,36,14,18,76,15,83,118,134,120,54,92" hai1="2,107,20,93,39,32,33,34,23,66,3,100,9" hai2="73,60,1,99,4,80,42,24,91,95,62,122,51" hai3="11,85,70,133,64,41,27,61,35,49,90,75,109"/><V74/><F1/><N who="1" m="9" /><E93/><V79/><F4/><W105/><G75/><T110/><D36/><U57/><E57/><V47/><F74/><W8/><G109/><T108/><D118/><U86/><E86/><V65/><F24/><W127/><G127/><T114/><D114/><U22/><E66/><V104/><F104/><W48/><G133/><T117/><D117/><U116/><E100/><V113/><F113/><W46/><G105/><T98/><D134/><U97/><E97/><V132/><F132/><W106/><G106/><T88/><D120/><U37/><E107/><V72/><F72/><W26/><G26/><T45/><D14/><U58/><E58/><V124/><F124/><W94/><REACH who="3" step="1"/><G48/><REACH who="3" ten="333,219,209,229" step="2"/><T55/><D110/><U125/><E116/><V50/><F50/><W103/><G103/><T68/><D108/><U10/><E125/><V82/><F73/><W38/><G38/><AGARI ba="1,1" hai="9,10,20,22,23,32,33,34,37,38,39" m="9" machi="38" ten="40,2600,0" yaku="28,2" doraHai="119" who="1" fromWho="3" sc="333,0,219,39,209,0,229,-29" /><INIT seed="3,0,0,2,2,101" ten="333,258,209,200" oya="3" hai0="82,119,13,93,40,72,68,67,18,26,110,46,29" hai1="126,31,107,43,34,2,51,104,62,35,128,19,48" hai2="33,14,95,130,85,84,30,83,1,118,86,111,135" hai3="133,76,50,99,5,60,0,65,121,15,87,28,97"/><W16/><G121/><T44/><D119/><U106/><E2/><V38/><F1/><W9/><G133/><T4/><D4/><U66/><E128/><V80/><F118/><W21/><G50/><T54/><D110/><U49/><E126/><V125/><F38/><W69/><REACH who="3" step="1"/><G28/><REACH who="3" ten="333,258,209,190" step="2"/><T129/><D29/><U10/><E31/><V27/><F135/><W57/><G57/><T103/><D129/><U42/><E42/><V89/><F130/><W88/><G88/><T63/><D40/><U127/><E43/><V37/><F37/><W134/><G134/><T59/><D59/><U36/><E36/><V109/><F109/><W32/><G32/><T113/><D46/><U20/><E127/><V108/><F125/><W105/><G105/><T120/><D44/><U91/><E91/><V94/><F108/><W12/><G12/><T117/><D13/><U79/><E79/><V116/><F111/><W61/><G61/><T23/><D120/><U81/><E34/><V74/><F116/><W102/><G102/><T52/><D117/><U122/><E35/><V90/><F14/><W56/><G56/><T55/><D103/><U47/><E47/><V96/><F89/><W3/><G3/><T22/><D63/><U131/><E131/><V71/><F90/><W78/><G78/><T124/><D124/><U100/><E122/><V41/><F41/><W11/><G11/><T58/><D58/><N who="1" m="37207" /><E10/><V73/><F33/><W8/><G8/><T114/><D23/><U39/><E39/><V25/><F30/><W17/><G17/><T6/><D22/><U24/><E100/><RYUUKYOKU ba="0,1" sc="333,-15,258,15,209,-15,190,15" hai1="19,20,24,48,49,51,81,104,106,107" hai3="0,5,9,15,16,21,60,65,69,76,87,97,99" /><INIT seed="3,1,1,1,3,44" ten="318,273,194,205" oya="3" hai0="35,42,67,26,132,54,59,103,28,112,72,23,49" hai1="120,13,61,18,63,71,70,92,82,33,0,24,36" hai2="105,4,8,94,9,78,1,68,55,27,40,56,12" hai3="52,5,20,123,53,131,89,110,32,76,6,65,39"/><W127/><G123/><T114/><D72/><U7/><E36/><V87/><F105/><W122/><G122/><T47/><D132/><U115/><E115/><N who="0" m="44073" /><D103/><U116/><E92/><V64/><F40/><W95/><G32/><T3/><D3/><U79/><E116/><V88/><F78/><W93/><G39/><N who="0" m="21983" /><D67/><U29/><E120/><V11/><F68/><W90/><G65/><T74/><D74/><U10/><E70/><V101/><F64/><W111/><G76/><T85/><D85/><U37/><E71/><V86/><F101/><W96/><G20/><AGARI ba="1,1" hai="20,23,26,28,35,49,54,59" m="21983,44073" machi="20" ten="30,2000,0" yaku="11,1,52,1" doraHai="44" who="0" fromWho="3" sc="318,33,273,0,194,0,205,-23" /><INIT seed="4,0,0,3,2,22" ten="351,273,194,182" oya="0" hai0="101,38,130,16,39,135,59,92,19,24,46,17,4" hai1="128,87,63,12,91,76,117,96,115,31,102,30,20" hai2="111,85,57,66,6,129,116,114,32,49,47,112,89" hai3="18,3,95,120,133,50,77,97,11,108,81,83,86"/><T33/><D130/><U48/><E117/><V131/><F6/><W26/><G108/><T98/><D135/><U37/><E37/><V42/><F85/><W1/><G133/><T75/><D75/><U44/><E76/><V99/><F99/><W5/><G120/><T105/><D4/><U103/><E115/><N who="2" m="44075" /><F89/><W14/><G83/><T94/><D59/><U124/><E124/><V0/><F0/><W27/><G50/><T64/><D64/><U109/><E109/><V25/><F111/><W8/><REACH who="3" step="1"/><G3/><REACH who="3" ten="351,273,194,172" step="2"/><T55/><D39/><U65/><E48/><V123/><F123/><W62/><G62/><T35/><D38/><U93/><E63/><N who="2" m="38255" /><F116/><W121/><G121/><T10/><D10/><U60/><E60/><V41/><F41/><W132/><G132/><T80/><D80/><U68/><E128/><N who="2" m="49227" /><F32/><W52/><G52/><T53/><D53/><U51/><E65/><V43/><F43/><W113/><G113/><T73/><D35/><U40/><E40/><V72/><F72/><W45/><G45/><T67/><D67/><U2/><E44/><V7/><F7/><W126/><G126/><T106/><D73/><U36/><E2/><V110/><F110/><W134/><G134/><T15/><D55/><U118/><E36/><V84/><F84/><W88/><AGARI ba="0,1" hai="1,5,8,11,14,18,26,27,77,81,86,88,95,97" machi="88" ten="20,12000,2" yaku="1,1,0,1,7,1,52,2,54,1,53,0" doraHai="22" doraHaiUra="104" who="3" fromWho="3" sc="351,-60,273,-30,194,-30,172,130" /><INIT seed="5,0,0,1,2,33" ten="291,243,164,302" oya="1" hai0="12,31,79,57,53,25,119,7,54,29,61,27,128" hai1="19,60,14,113,30,73,124,35,69,114,92,63,58" hai2="129,103,39,45,64,62,122,135,78,125,42,51,68" hai3="111,28,127,81,38,118,37,50,89,100,110,96,120"/><U95/><E73/><V123/><F78/><W2/><G120/><T126/><D119/><U17/><E124/><V41/><F103/><W84/><G28/><N who="0" m="10827" /><D126/><U16/><E14/><V11/><F125/><W109/><G127/><T105/><D105/><U107/><E107/><V67/><F11/><W121/><G121/><T5/><D79/><U101/><E69/><V20/><F20/><W40/><G118/><T82/><D82/><U86/><E60/><V26/><F26/><N who="0" m="9738" /><D128/><U134/><E35/><V72/><F72/><W66/><G66/><N who="0" m="39215" /><D7/><U131/><E30/><V18/><F129/><W22/><G22/><T4/><D5/><U93/><E134/><V90/><F18/><W1/><G50/><T3/><D3/><U80/><E101/><V71/><F90/><W52/><G40/><T97/><D97/><U116/><E116/><V112/><F135/><W6/><G6/><T34/><D34/><U10/><E131/><V49/><F112/><W102/><G102/><T83/><D83/><U55/><REACH who="1" step="1"/><E10/><AGARI ba="0,0" hai="4,10,12,53,54" m="39215,9738,10827" machi="10" ten="30,1000,0" yaku="8,1" doraHai="33" who="0" fromWho="1" sc="291,10,243,-10,164,0,302,0" /><INIT seed="6,0,0,2,1,89" ten="301,233,164,302" oya="2" hai0="127,62,122,30,112,3,31,29,72,121,58,66,131" hai1="128,135,79,61,33,73,85,116,21,15,103,36,97" hai2="8,45,57,14,25,133,111,50,134,24,118,93,102" hai3="55,38,88,47,13,60,20,2,92,123,125,126,114"/><V39/><F39/><W77/><G2/><T41/><D72/><U99/><E33/><V19/><F118/><W130/><G123/><T75/><D75/><U81/><E116/><V106/><F106/><W84/><G130/><T28/><D131/><U91/><E36/><V105/><F105/><W70/><G77/><T0/><D112/><U100/><E128/><V42/><F111/><W32/><G32/><T6/><D127/><N who="3" m="48649" /><G114/><T96/><D41/><U108/><E108/><V18/><F57/><N who="3" m="34879" /><G70/><T17/><D31/><U101/><E135/><N who="2" m="51723" /><F19/><N who="3" m="10351" /><G38/><T4/><D3/><U48/><E48/><V40/><F42/><W51/><G51/><T44/><D44/><AGARI ba="0,0" hai="44,47,84,88,92" m="10351,34879,48649" machi="44" ten="30,3900,0" yaku="18,1,52,1,54,1" doraHai="89" who="3" fromWho="0" sc="301,-39,233,0,164,0,302,39" /><INIT seed="7,0,0,1,0,31" ten="262,233,164,341" oya="3" hai0="135,79,121,40,20,85,43,116,22,95,69,75,120" hai1="132,58,38,63,115,45,88,25,86,83,112,3,13" hai2="129,76,64,56,90,93,36,53,71,111,49,130,123" hai3="81,2,1,110,125,133,26,107,117,19,37,128,61"/><W54/><G54/><T35/><D116/><U65/><E3/><V96/><F111/><W15/><G61/><T108/><D108/><U68/><E132/><V124/><F76/><W89/><G89/><T24/><D69/><U105/><E105/><V16/><F124/><W12/><G19/><T33/><D75/><U17/><E25/><V84/><F123/><W73/><G26/><T72/><D72/><U100/><E100/><V134/><F134/><W29/><G29/><T87/><D24/><U34/><E34/><V28/><F96/><W4/><G81/><T82/><D135/><U11/><E68/><V104/><F104/><W0/><G0/><T9/><D82/><U55/><E38/><V23/><F28/><W127/><G4/><T99/><D99/><U18/><E17/><V41/><F71/><W66/><G66/><T94/><D79/><U103/><E103/><V8/><F8/><AGARI ba="0,0" hai="8,9,20,22,33,35,40,43,85,87,94,95,120,121" machi="8" ten="25,6400,0" yaku="22,2,52,2" doraHai="31" who="0" fromWho="2" sc="262,64,233,0,164,-64,341,0" owari="326,12.6,233,-16.7,100,-40.0,341,44.1" /></mjloggm>