<mjloggm ver="2.3"><GO type="169" lobby="0"/><UN n0="%E3%83%AD%E3%83%99%E3%83%AB%E3%82%BF%E3%81%95%E3%82%93%EF%BC%A0" n1="%E3%81%95%E3%81%8F%E3%82%88%E3%81%93%E3%81%A1%E3%82%83%E3%82%93" n2="%68%61%6B%75%30%37" n3="%E3%83%8F%E3%83%B3%E3%83%81%E3%83%A7%E3%82%A6%E5%A4%A7%E6%A7%BB" dan="16,16,17,16" rate="2146.70,2069.66,2188.86,2099.45" sx="F,M,M,M"/><TAIKYOKU oya="0"/><INIT seed="0,0,0,0,0,120" ten="250,250,250,250" oya="0" hai0="31,73,92,7,103,80,90,125,89,16,45,93,38" hai1="9,37,117,4,67,53,26,102,14,113,50,10,104" hai2="60,27,11,43,88,57,74,134,48,126,5,81,36" hai3="129,128,62,64,8,115,19,29,18,17,68,46,6"/><T30/><D125/><U111/><E117/><V44/><F126/><W65/><G115/><T86/><D7/><U130/><E113/><V34/><F134/><W55/><G29/><T122/><D122/><U131/><E37/><V78/><F48/><W79/><G79/><T133/><D133/><U112/><E112/><V96/><F27/><W132/><G132/><T87/><D103/><U97/><E67/><V63/><F34/><W20/><G65/><T25/><D80/><U114/><E114/><V23/><F23/><W83/><G83/><T47/><D73/><U59/><E111/><V66/><F60/><W71/><G71/><T91/><D91/><U21/><REACH who="1" step="1"/><E10/><REACH who="1" ten="250,240,250,250" step="2"/><V110/><F110/><W95/><G64/><T61/><D38/><U28/><AGARI ba="0,1" hai="4,9,14,21,26,28,50,53,59,97,102,104,130,131" machi="28" ten="30,4000,0" yaku="1,1,2,1,0,1,53,0" doraHai="120" doraHaiUra="42" who="1" fromWho="1" sc="250,-20,240,50,250,-10,250,-10" /><INIT seed="1,0,0,2,0,28" ten="230,290,240,240" oya="1" hai0="90,75,36,107,11,102,50,104,73,131,62,85,111" hai1="31,20,126,53,133,7,45,120,3,6,2,24,8" hai2="47,125,63,9,71,82,95,56,33,44,38,123,79" hai3="40,65,15,108,26,130,128,25,83,113,70,23,22"/><U61/><E120/><V132/><F123/><W48/><G83/><T112/><D36/><U100/><E133/><V109/><F71/><W39/><G39/><T5/><D50/><U118/><E118/><V27/><F109/><W116/><G65/><T49/><D49/><U87/><E126/><V117/><F117/><W64/><G64/><T17/><D17/><U59/><E100/><V10/><F132/><W115/><G70/><T1/><D11/><U67/><E7/><V68/><F68/><W0/><G48/><T54/><D54/><U134/><E134/><V124/><F95/><W12/><G40/><T121/><D62/><U58/><E87/><V127/><F38/><W43/><G43/><T4/><D1/><U119/><E119/><V30/><F44/><W93/><G93/><T78/><D4/><U105/><E105/><V52/><REACH who="2" step="1"/><F47/><REACH who="2" ten="230,290,230,240" step="2"/><W91/><G116/><T69/><D69/><U86/><E45/><V92/><F92/><W84/><G108/><T103/><D111/><U74/><E58/><V94/><F94/><W80/><G80/><T19/><D121/><U81/><E59/><V35/><F35/><W29/><G91/><T106/><D106/><U55/><E81/><V57/><F57/><W98/><G98/><T122/><D107/><U88/><E61/><V32/><F32/><W110/><G110/><T135/><D104/><U42/><E42/><V18/><F18/><W37/><G37/><T60/><D135/><U34/><E34/><V21/><F21/><W72/><G23/><T77/><D122/><U89/><E20/><V114/><F114/><RYUUKYOKU ba="0,1" sc="230,-10,290,-10,230,30,240,-10" hai2="9,10,27,30,33,52,56,63,79,82,124,125,127" /><INIT seed="2,1,1,2,3,40" ten="220,280,260,230" oya="2" hai0="17,79,117,7,1,110,30,23,6,25,59,118,132" hai1="38,80,127,108,103,48,131,91,63,46,8,83,57" hai2="27,89,68,43,66,26,29,13,14,77,123,126,130" hai3="33,21,85,93,24,135,42,112,0,75,119,124,97"/><V82/><F123/><W19/><G119/><N who="0" m="45579" /><D79/><U60/><E108/><V11/><F130/><W54/><G75/><T104/><D59/><U53/><E131/><V105/><F105/><W58/><G0/><T10/><D104/><U44/><E127/><V56/><F126/><W22/><G124/><T45/><D45/><N who="1" m="17515" /><E38/><V47/><F68/><W102/><G33/><N who="0" m="20687" /><D110/><U134/><E134/><V92/><F66/><W133/><G112/><T31/><D31/><U128/><E103/><V39/><F56/><W76/><G135/><T70/><D70/><U35/><E35/><V18/><F13/><W64/><G64/><T87/><D87/><N who="1" m="50663" /><E128/><V41/><F29/><W121/><G133/><T67/><D132/><U20/><E8/><V86/><REACH who="2" step="1"/><F43/><REACH who="2" ten="220,280,250,230" step="2"/><W16/><G42/><T81/><D1/><U52/><E53/><V2/><F2/><W99/><G54/><T37/><D67/><U116/><E116/><V113/><F113/><W15/><G121/><T94/><D10/><U90/><E20/><V28/><F28/><W34/><G34/><T107/><D23/><U111/><E111/><V62/><F62/><W74/><G22/><T9/><D9/><U101/><E101/><V129/><F129/><W73/><G102/><T50/><D107/><U69/><E69/><V71/><F71/><W84/><G21/><T125/><D125/><U96/><E60/><V72/><AGARI ba="1,2" hai="11,14,18,26,27,39,41,47,72,77,82,86,89,92" machi="72" ten="20,12000,1" yaku="1,1,0,1,7,1,52,1,53,1" doraHai="40" doraHaiUra="78" who="2" fromWho="2" sc="220,-41,280,-41,250,143,230,-41" /><INIT seed="2,2,0,3,3,80" ten="179,239,393,189" oya="2" hai0="94,40,4,135,132,84,120,64,91,49,81,59,95" hai1="126,66,108,21,101,133,20,11,86,8,118,111,45" hai2="12,93,88,109,31,96,50,85,53,115,29,116,15" hai3="78,9,6,106,24,33,125,7,25,114,18,34,134"/><V97/><F115/><W89/><G106/><T82/><D120/><U37/><E118/><V62/><F116/><W38/><G78/><T1/><D82/><U13/><E133/><N who="0" m="51273" /><D64/><U41/><E126/><V57/><F109/><N who="1" m="42057" /><E101/><V79/><F62/><W2/><G38/><T68/><D68/><U5/><E66/><V103/><F79/><W51/><G51/><T121/><D121/><U17/><E86/><V77/><F77/><W65/><G89/><T107/><D107/><U46/><E46/><V131/><F131/><W100/><G100/><T73/><D73/><U83/><E83/><N who="2" m="49215" /><F97/><W30/><G65/><T10/><D59/><U67/><E67/><V44/><F57/><W122/><G134/><T36/><D36/><U35/><E35/><V75/><F75/><W71/><G71/><T112/><D112/><U129/><E129/><V22/><F29/><N who="3" m="19623" /><G122/><T48/><D48/><U70/><E70/><V123/><F123/><W55/><G114/><T0/><D0/><AGARI ba="2,0" hai="0,5,8,11,13,17,20,21,37,41,45" m="42057" machi="0" ten="30,1000,0" yaku="14,1" doraHai="80" who="1" fromWho="0" sc="179,-16,239,16,393,0,189,0" /><INIT seed="3,0,0,5,0,89" ten="163,255,393,189" oya="3" hai0="70,21,109,47,5,51,49,73,64,97,103,24,46" hai1="78,71,30,115,133,105,101,61,102,111,34,50,126" hai2="55,38,100,18,118,17,44,52,12,94,77,99,43" hai3="19,92,29,104,108,87,91,79,37,4,84,125,35"/><W75/><G125/><T63/><D109/><U60/><E115/><V80/><F118/><W90/><G37/><T22/><D73/><U9/><E126/><V66/><F66/><W41/><G108/><T124/><D5/><U27/><E111/><V85/><REACH who="2" step="1"/><F18/><REACH who="2" ten="163,255,383,189" step="2"/><W81/><G19/><T134/><D124/><U69/><E133/><V16/><F16/><W6/><G104/><T62/><D134/><U130/><E105/><V53/><F53/><W106/><G106/><T0/><D64/><U74/><E69/><V82/><F82/><W132/><G132/><T32/><D70/><U25/><E71/><V96/><F96/><W13/><G41/><T131/><D97/><U120/><E120/><V15/><F15/><W117/><G117/><T2/><D24/><U7/><E27/><V45/><F45/><W3/><G3/><T72/><D46/><U112/><E25/><V65/><F65/><W86/><G35/><T121/><D47/><U98/><E34/><V33/><F33/><W67/><G67/><T11/><D32/><U116/><E116/><V40/><F40/><W20/><G29/><T54/><D54/><U135/><E135/><V122/><F122/><W56/><G56/><T59/><D59/><U76/><E112/><V128/><F128/><W88/><REACH who="3" step="1"/><G92/><REACH who="3" ten="163,255,383,179" step="2"/><T48/><D0/><U123/><E123/><V68/><F68/><W93/><G93/><T58/><D2/><U28/><E130/><V1/><F1/><W8/><G8/><AGARI ba="0,2" hai="8,12,17,38,43,44,52,55,77,80,85,94,99,100" machi="8" ten="30,7700,0" yaku="1,1,7,1,52,1,54,1,53,0" doraHai="89" doraHaiUra="114" who="2" fromWho="3" sc="163,0,255,0,383,97,179,-77" /><INIT seed="4,0,0,3,5,112" ten="163,255,480,102" oya="0" hai0="19,61,30,71,4,38,25,18,127,67,134,113,12" hai1="99,66,126,22,6,74,56,57,64,49,116,27,123" hai2="88,11,34,132,79,31,7,46,73,59,1,94,105" hai3="111,42,108,100,122,35,16,54,83,63,69,50,68"/><T130/><D113/><U33/><E123/><V103/><F132/><W44/><G35/><T10/><D130/><U3/><E74/><V135/><F135/><W52/><G100/><T128/><D128/><U95/><E126/><V14/><F59/><W97/><G97/><T37/><D127/><U24/><E116/><V86/><F46/><W13/><G83/><T115/><D115/><U106/><E106/><V129/><F129/><W81/><G81/><T60/><D60/><U80/><E33/><V39/><F39/><W120/><G13/><T85/><D134/><U28/><E80/><N who="2" m="45167" /><F31/><W58/><G54/><T5/><D85/><U98/><E98/><N who="2" m="61687" /><F34/><W96/><G96/><T93/><D93/><U45/><E6/><V47/><F47/><W107/><G16/><T40/><D4/><U102/><E3/><AGARI ba="0,0" hai="1,3,7,11,14,86,88,94" m="61687,45167" machi="3" ten="30,2000,0" yaku="24,1,54,1" doraHai="112" who="2" fromWho="1" sc="163,0,255,-20,480,20,102,0" /><INIT seed="5,0,0,0,4,119" ten="163,235,500,102" oya="1" hai0="24,122,12,126,88,74,72,73,19,67,98,33,38" hai1="49,92,56,22,21,129,43,20,132,104,29,54,63" hai2="128,40,130,109,113,103,86,75,131,91,96,46,82" hai3="99,68,57,52,116,48,41,121,59,83,3,55,6"/><U80/><E104/><N who="2" m="63591" /><F113/><W133/><G116/><T127/><D38/><U100/><E129/><V78/><F109/><W84/><G133/><T2/><D67/><U36/><E36/><N who="2" m="21767" /><F91/><W23/><G68/><T65/><D65/><U7/><E132/><V123/><F123/><W85/><G99/><T69/><D2/><U87/><E7/><V18/><F18/><W42/><G6/><T107/><D69/><U16/><E29/><V5/><F5/><W93/><G3/><T115/><D24/><N who="1" m="14343" /><E92/><V58/><F58/><W4/><G4/><T35/><D115/><U60/><E100/><V135/><F135/><W30/><G121/><T13/><D13/><U71/><E71/><V105/><F105/><W108/><G108/><T97/><D97/><U64/><E43/><V62/><F62/><N who="1" m="23593" /><E64/><V44/><F75/><W31/><G93/><N who="0" m="56615" /><D107/><U27/><E27/><V14/><F14/><W79/><G23/><N who="0" m="11751" /><D122/><U61/><N who="1" m="23601" /><U47/><DORA hai="25" /><E56/><V53/><F53/><W37/><G37/><T120/><D120/><U45/><E45/><AGARI ba="0,0" hai="44,45,78,82,86,128,130,131" m="21767,63591" machi="45" ten="30,1000,0" yaku="19,1" doraHai="119,25" who="2" fromWho="1" sc="163,0,235,-10,500,10,102,0" /><INIT seed="6,0,0,0,2,46" ten="163,225,510,102" oya="2" hai0="118,130,26,75,0,15,127,55,11,71,78,128,9" hai1="24,59,100,103,40,36,88,135,34,117,57,69,121" hai2="22,45,134,87,41,65,20,51,101,107,115,83,56" hai3="82,91,6,18,64,98,133,74,92,122,1,93,119"/><V27/><F115/><W14/><G119/><T52/><D71/><U12/><E117/><V123/><F123/><W132/><G64/><T86/><D75/><U105/><E69/><V17/><F134/><W125/><G122/><T13/><D0/><U81/><E121/><V38/><F107/><W99/><G6/><N who="0" m="3255" /><D26/><U2/><E2/><V31/><F101/><W21/><G1/><T7/><D127/><U94/><E105/><V120/><F120/><W95/><G125/><T49/><D118/><U111/><E36/><V28/><F22/><W16/><G93/><T97/><D97/><U39/><E24/><V70/><F70/><W8/><G74/><T112/><D112/><U35/><E39/><V10/><F10/><W30/><G30/><T42/><D128/><U3/><E34/><V72/><F72/><W90/><REACH who="3" step="1"/><G82/><REACH who="3" ten="163,225,510,92" step="2"/><N who="0" m="47447" /><D130/><U80/><E3/><V66/><F66/><W50/><G50/><T33/><D33/><U84/><E35/><V44/><F65/><W110/><G110/><T29/><D29/><U25/><E80/><V77/><F28/><W102/><G102/><T79/><D49/><U106/><E103/><V4/><F4/><W53/><G53/><T32/><D52/><U23/><E100/><V47/><F31/><W60/><G60/><T54/><D54/><U116/><E116/><V113/><F113/><W129/><G129/><T61/><D55/><U43/><E111/><V37/><F37/><W131/><G131/><T73/><D73/><U124/><E124/><V58/><F38/><W96/><G96/><T5/><D61/><U67/><E67/><RYUUKYOKU ba="0,1" sc="163,-15,225,-15,510,15,92,15" hai2="17,20,27,41,44,45,47,51,56,58,77,83,87" hai3="8,14,16,18,21,90,91,92,95,98,99,132,133" /><INIT seed="6,1,1,3,1,88" ten="148,210,525,107" oya="2" hai0="123,25,104,92,128,0,117,52,91,109,130,17,129" hai1="32,39,61,42,79,76,100,122,84,131,113,7,65" hai2="114,96,101,53,18,110,51,20,21,102,83,62,133" hai3="118,2,98,89,121,50,33,90,93,22,134,41,69"/><V45/><F114/><W29/><G33/><T81/><D109/><U77/><E113/><V40/><F133/><W108/><G118/><T12/><D123/><U68/><E122/><V28/><F110/><W23/><G69/><T26/><D0/><U1/><E32/><V35/><F35/><W111/><G2/><T44/><D81/><U27/><E131/><V105/><F102/><W135/><G121/><T64/><D64/><U97/><E27/><V103/><F28/><W75/><G75/><T24/><D104/><U54/><E54/><V55/><F101/><W49/><G41/><T70/><D70/><U15/><E1/><V86/><F62/><W19/><G98/><N who="0" m="57631" /><D117/><U8/><E42/><V31/><F31/><W78/><G78/><T120/><D120/><U124/><E39/><V112/><F112/><W48/><G29/><T87/><D87/><U107/><REACH who="1" step="1"/><E124/><REACH who="1" ten="148,200,525,107" step="2"/><V4/><F53/><W60/><G60/><T85/><D25/><U99/><E99/><V72/><F96/><W38/><G50/><N who="0" m="28743" /><D85/><AGARI ba="1,2" hai="7,8,15,61,65,68,76,77,79,84,85,97,100,107" machi="85" ten="40,8000,1" yaku="1,1,53,3" doraHai="88" doraHaiUra="73" who="1" fromWho="0" sc="148,-83,200,103,525,0,107,0" /><INIT seed="7,0,0,2,5,30" ten="65,303,525,107" oya="3" hai0="7,130,38,88,72,132,123,103,9,128,11,91,49" hai1="70,43,108,47,4,81,42,134,114,100,126,65,31" hai2="113,39,82,101,60,8,35,63,64,23,80,92,106" hai3="110,96,18,56,19,86,10,36,20,37,3,1,97"/><W127/><G127/><T33/><D123/><U45/><E108/><V109/><F109/><W89/><G110/><T2/><D132/><U90/><E100/><V48/><F35/><W125/><G125/><T52/><D38/><U111/><E111/><V75/><F39/><W129/><G129/><N who="0" m="49771" /><D72/><U26/><E4/><V122/><F106/><W55/><G37/><T27/><D11/><U53/><E126/><V98/><F113/><W93/><G36/><T32/><D103/><U120/><E120/><V46/><F75/><W5/><G1/><T112/><D112/><U73/><E73/><V121/><F23/><W102/><G102/><T21/><D88/><U78/><E90/><V17/><F63/><W83/><G83/><T84/><D21/><U116/><E116/><V124/><F124/><W57/><G20/><T61/><D27/><U50/><E114/><V14/><F122/><W87/><G87/><T34/><D61/><U117/><E117/><V77/><F77/><W133/><G133/><T54/><D49/><U76/><E47/><V85/><F85/><W79/><G79/><T118/><D118/><U119/><E119/><V104/><F104/><W58/><G86/><T67/><D67/><U69/><E78/><V22/><F121/><W44/><G97/><T29/><D29/><U59/><E31/><V28/><F28/><W6/><G96/><T95/><AGARI ba="0,0" hai="2,7,9,32,33,34,52,54,84,91,95" m="49771" machi="95" ten="40,8000,1" yaku="19,1,52,3,54,1" doraHai="30" who="0" fromWho="0" sc="65,80,303,-20,525,-20,107,-40" owari="145,-25.5,283,8.3,505,60.5,67,-43.3" /></mjloggm>