<mjloggm ver="2.3"><GO type="169" lobby="0"/><UN n0="%E4%B8%96%E7%95%8C%E5%B9%B3%E5%92%8C" n1="%E7%B4%94%E6%BD%94%E3%83%94%E3%83%A9%E3%83%8B%E3%82%A2" n2="%E3%83%A8%E3%82%B7%E3%83%86%E3%83%AB%37%30%38" n3="%E7%A9%BA%E9%96%91%E9%81%8A%E7%9C%9F" dan="16,16,16,16" rate="2178.56,2180.45,2082.71,2114.62" sx="M,M,M,F"/><TAIKYOKU oya="0"/><INIT seed="0,0,0,1,2,107" ten="250,250,250,250" oya="0" hai0="20,122,39,26,33,10,42,57,117,31,19,65,11" hai1="32,110,101,22,84,46,109,35,87,75,74,81,114" hai2="38,111,93,133,112,24,97,8,43,59,94,48,5" hai3="4,105,14,30,40,131,29,103,78,77,106,96,3"/><T44/><D117/><U126/><E126/><V79/><F112/><W28/><G3/><T27/><REACH who="0" step="1"/><D122/><REACH who="0" ten="240,250,250,250" step="2"/><U61/><E114/><V135/><F135/><W67/><G131/><T95/><D95/><U47/><E101/><V121/><F133/><W53/><G106/><T0/><D0/><U36/><E36/><V72/><F38/><W41/><G105/><T21/><D21/><U62/><E22/><V71/><F94/><W92/><G103/><T130/><D130/><U7/><E81/><V23/><F93/><W124/><G92/><T56/><D56/><U45/><E46/><V100/><F59/><W13/><G124/><T34/><D34/><U88/><REACH who="1" step="1"/><E7/><REACH who="1" ten="240,240,250,250" step="2"/><V73/><F5/><W17/><G4/><T55/><D55/><U6/><E6/><V82/><F100/><W1/><G53/><T119/><D119/><U68/><E68/><V102/><F71/><W118/><G118/><T120/><D120/><U90/><AGARI ba="0,2" hai="32,35,45,47,61,62,74,75,84,87,88,90,109,110" machi="90" ten="25,12000,2" yaku="1,1,0,1,22,2,52,2,54,1,53,0" doraHai="107" doraHaiUra="70" who="1" fromWho="1" sc="240,-60,240,140,250,-30,250,-30" /><INIT seed="1,0,0,0,4,108" ten="180,380,220,220" oya="1" hai0="80,135,91,61,51,24,54,3,101,58,26,0,38" hai1="113,9,88,46,99,134,125,128,16,75,32,6,92" hai2="102,19,114,106,44,1,70,7,72,69,67,107,57" hai3="66,8,84,87,55,90,93,115,123,43,64,5,31"/><U126/><E75/><V112/><F72/><W83/><G123/><T81/><D38/><U65/><E32/><V119/><F119/><W76/><G31/><T86/><D135/><U50/><E134/><V48/><F1/><W62/><G115/><N who="2" m="44073" /><F7/><W49/><G62/><T63/><D101/><U42/><E113/><V14/><F57/><W129/><G129/><T85/><D0/><U25/><E128/><V104/><F67/><W40/><G64/><T53/><D3/><U35/><E65/><V2/><F102/><W122/><G122/><T105/><D105/><U60/><E60/><N who="0" m="23113" /><D54/><U36/><E35/><V52/><F2/><W109/><G109/><T131/><D131/><U111/><E111/><V59/><F59/><W23/><G66/><T17/><D17/><U29/><E6/><V98/><F98/><W116/><G116/><T45/><D58/><U78/><E29/><V121/><F121/><W18/><G5/><T74/><D74/><U89/><E99/><V103/><F103/><W118/><G118/><T73/><D73/><U39/><E126/><V12/><F19/><W127/><G127/><T96/><D96/><U13/><E16/><V77/><F77/><AGARI ba="0,0" hai="24,26,45,51,53,77,80,81,85,86,91" m="23113" machi="77" ten="30,1000,0" yaku="8,1" doraHai="108" who="0" fromWho="2" sc="180,10,380,0,220,-10,220,0" /><INIT seed="2,0,0,0,4,135" ten="190,380,210,220" oya="2" hai0="133,84,63,120,93,132,66,31,15,89,10,59,97" hai1="55,29,35,102,91,60,95,104,80,33,27,69,111" hai2="53,116,71,72,98,16,34,90,52,124,81,131,36" hai3="68,94,117,11,88,101,12,22,96,99,47,0,58"/><V49/><F116/><W87/><G68/><T113/><D120/><U79/><E111/><V7/><F36/><W125/><G117/><T100/><D113/><U121/><E121/><V77/><F7/><W2/><G125/><T67/><D67/><N who="1" m="41191" /><E35/><V4/><F124/><W45/><G0/><T54/><D54/><U73/><E55/><V109/><F34/><W122/><G2/><T24/><D15/><U5/><E5/><V38/><F38/><W8/><G122/><T17/><D17/><U26/><E26/><V1/><F71/><W114/><G114/><T18/><D18/><U65/><E65/><V6/><F53/><W103/><G22/><T44/><D44/><U9/><E9/><V46/><F1/><W85/><G58/><T51/><D51/><U134/><E95/><V42/><F42/><W108/><G108/><T57/><D57/><U23/><E91/><V40/><F40/><W123/><G123/><T50/><D50/><U105/><E23/><V107/><F109/><W86/><G11/><T70/><D10/><U28/><E28/><V106/><F6/><W43/><G99/><T20/><REACH who="0" step="1"/><D70/><REACH who="0" ten="180,380,210,220" step="2"/><U75/><E134/><V61/><F16/><N who="3" m="8199" /><G47/><T14/><D14/><U130/><E27/><V39/><F4/><W30/><G30/><T119/><D119/><U92/><E29/><V78/><F46/><W129/><G129/><T32/><D32/><U126/><E33/><V56/><F131/><W21/><G21/><T48/><D48/><AGARI ba="0,1" hai="43,45,48,85,86,87,88,94,96,101,103" m="8199" machi="48" ten="30,3900,0" yaku="8,1,54,2" doraHai="135" who="3" fromWho="0" sc="180,-39,380,0,210,0,220,49" /><INIT seed="3,0,0,0,2,59" ten="141,380,210,269" oya="3" hai0="106,130,114,13,50,89,26,49,128,63,37,107,98" hai1="95,19,20,90,70,1,112,135,22,72,125,3,132" hai2="44,75,92,73,62,9,134,68,15,67,43,96,109" hai3="10,40,17,8,24,108,110,64,60,126,29,25,28"/><W39/><G126/><T56/><D37/><U122/><E72/><V5/><F109/><N who="3" m="42091" /><G40/><T120/><D120/><U4/><E122/><V58/><F68/><W84/><G39/><T6/><D114/><U61/><E112/><V88/><REACH who="2" step="1"/><F134/><REACH who="2" ten="141,380,200,269" step="2"/><W133/><G133/><T27/><D130/><U12/><E125/><V55/><F55/><W11/><G84/><T35/><D128/><U7/><E135/><V105/><F105/><W102/><G102/><T16/><D107/><U80/><E70/><V0/><F0/><W127/><G127/><T100/><D100/><U65/><E3/><V46/><F46/><W66/><G66/><T76/><D106/><U119/><E65/><V79/><F79/><W47/><G47/><T45/><D76/><U103/><E1/><V97/><F97/><W86/><G86/><T69/><D69/><U33/><E103/><V57/><F57/><N who="3" m="36879" /><G24/><T42/><D27/><U32/><E132/><V117/><F117/><W53/><G53/><T113/><D45/><U51/><E119/><V71/><F71/><W99/><G99/><T81/><D98/><U124/><E124/><V83/><F83/><W104/><G104/><T30/><D81/><U131/><E80/><V48/><AGARI ba="0,1" hai="5,9,15,43,44,48,58,62,67,73,75,88,92,96" machi="48" ten="20,12000,2" yaku="1,1,0,1,7,1,52,1,54,1,53,1" doraHai="59" doraHaiUra="87" who="2" fromWho="2" sc="141,-30,380,-30,200,130,269,-60" /><INIT seed="4,0,0,5,0,49" ten="111,350,330,209" oya="0" hai0="107,37,73,113,117,11,72,95,108,43,120,75,3" hai1="46,124,64,84,112,123,62,22,2,78,27,26,118" hai2="19,23,65,121,51,20,35,86,71,45,80,90,25" hai3="68,61,5,131,89,44,69,54,13,57,28,21,41"/><T30/><D120/><U14/><E118/><V111/><F111/><W10/><G131/><T99/><D117/><U74/><E2/><V100/><F121/><W67/><G89/><T70/><D108/><U50/><E74/><V12/><F100/><W119/><G119/><T114/><D70/><U82/><E124/><V9/><F65/><W36/><G28/><T133/><D133/><U115/><E123/><V110/><F71/><W134/><G134/><T104/><D30/><U56/><E14/><V24/><F110/><W59/><REACH who="3" step="1"/><G21/><REACH who="3" ten="111,350,330,199" step="2"/><N who="2" m="8265" /><F35/><W81/><G81/><T52/><D114/><N who="1" m="43563" /><E22/><V132/><F132/><W33/><G33/><T29/><D113/><U127/><E127/><V34/><F34/><W83/><G83/><T129/><D129/><U42/><AGARI ba="0,1" hai="26,27,42,46,50,56,62,64,78,82,84" m="43563" machi="42" ten="30,2000,0" yaku="15,1,11,1" doraHai="49" who="1" fromWho="1" sc="111,-10,350,30,330,-5,199,-5" /><INIT seed="5,0,0,3,5,89" ten="101,380,325,194" oya="1" hai0="25,41,107,103,28,1,43,130,14,21,117,104,91" hai1="12,19,34,131,32,76,113,30,118,86,29,122,132" hai2="129,71,98,120,75,9,33,44,84,57,35,50,39" hai3="83,53,106,5,116,47,101,81,40,105,7,108,13"/><U52/><E118/><V125/><F75/><W66/><G108/><T96/><D1/><U99/><E122/><V37/><F120/><W93/><G66/><T69/><D117/><U22/><E113/><V90/><F71/><W121/><G121/><T78/><D130/><U68/><E68/><V73/><F73/><W124/><G116/><T94/><D78/><U65/><E65/><V0/><F129/><W42/><G53/><T8/><D69/><U54/><E132/><V15/><F0/><W134/><G124/><T2/><D2/><U115/><E115/><V133/><F125/><W114/><G114/><T123/><D123/><U63/><E131/><V45/><F98/><W46/><G13/><T36/><D36/><U92/><E32/><V23/><F23/><W127/><G101/><T97/><REACH who="0" step="1"/><D107/><REACH who="0" ten="91,380,325,194" step="2"/><U27/><E76/><V85/><F39/><W56/><G127/><T72/><D72/><U110/><E110/><V102/><F37/><W100/><G134/><T20/><D20/><U79/><E30/><V74/><F74/><W4/><G105/><T128/><D128/><U88/><E63/><V58/><F33/><W16/><G106/><T62/><D62/><U64/><E64/><V59/><F35/><W49/><G49/><T95/><D95/><N who="1" m="54679" /><E79/><V87/><F133/><W67/><G67/><T10/><D10/><N who="1" m="6551" /><E34/><V51/><F50/><W70/><G70/><T119/><D119/><U80/><E80/><V24/><F51/><N who="3" m="27079" /><G81/><T48/><D48/><U6/><E6/><AGARI ba="0,1" hai="6,8,14,21,25,28,41,43,91,94,96,97,103,104" machi="6" ten="30,3900,0" yaku="1,1,7,1,52,1,53,0" doraHai="89" doraHaiUra="126" who="0" fromWho="1" sc="91,49,380,-39,325,0,194,0" /><INIT seed="6,0,0,5,0,35" ten="140,341,325,194" oya="2" hai0="71,4,107,101,128,88,5,58,118,110,117,81,116" hai1="12,23,44,39,78,131,1,6,33,114,40,99,48" hai2="104,53,133,103,79,27,56,125,89,126,41,67,123" hai3="134,109,115,108,83,61,95,130,8,29,30,122,80"/><V13/><F123/><W113/><G61/><T26/><D71/><U24/><E114/><N who="3" m="43530" /><G122/><T49/><D110/><N who="3" m="42601" /><G134/><T63/><D128/><U87/><E131/><V11/><F67/><W65/><G130/><T55/><D101/><U59/><E33/><V70/><F70/><W0/><G65/><T3/><D107/><U82/><E99/><V46/><F104/><W86/><G95/><T85/><D3/><U112/><E112/><V47/><F133/><W25/><G25/><T51/><D26/><U135/><E135/><V14/><F27/><W64/><G64/><T73/><D73/><U62/><E39/><V91/><F41/><W75/><G75/><T68/><D68/><U54/><E1/><V97/><F13/><W74/><G74/><T50/><AGARI ba="0,0" hai="4,5,49,50,51,55,58,63,81,85,88,116,117,118" machi="50" ten="40,5200,0" yaku="0,1,12,1,54,1" doraHai="35" who="0" fromWho="0" sc="140,52,341,-13,325,-26,194,-13" /><INIT seed="7,0,0,2,0,55" ten="192,328,299,181" oya="3" hai0="72,113,94,10,66,30,15,19,122,22,108,26,85" hai1="49,117,98,96,53,106,69,60,124,6,25,13,29" hai2="101,70,132,17,89,87,51,36,135,37,59,76,67" hai3="109,114,133,118,71,47,61,8,104,18,78,128,100"/><W12/><G118/><T58/><D72/><U83/><E106/><V57/><F101/><W112/><G128/><T35/><D108/><U103/><E117/><V43/><F76/><W52/><G109/><T64/><D122/><U39/><E39/><N who="2" m="14923" /><F17/><W81/><G133/><N who="2" m="51273" /><F51/><W131/><G131/><T97/><D113/><N who="3" m="43625" /><G71/><T62/><D85/><U31/><E124/><V115/><F43/><W2/><G2/><T134/><D134/><U121/><E121/><V90/><F115/><W86/><G47/><T91/><REACH who="0" step="1"/><D66/><REACH who="0" ten="182,328,299,181" step="2"/><U46/><E98/><V110/><F110/><W50/><G61/><T73/><D73/><U34/><E96/><V48/><F48/><W107/><G100/><T126/><D126/><U127/><E60/><N who="2" m="40295" /><F90/><W93/><G93/><AGARI ba="0,1" hai="57,59,87,89,93" m="40295,51273,14923" machi="93" ten="30,3900,0" yaku="20,1,52,2" doraHai="55" who="2" fromWho="3" sc="182,0,328,0,299,49,181,-39" owari="182,-21.8,328,12.8,348,44.8,142,-35.8" /></mjloggm>