<mjloggm ver="2.3"><GO type="169" lobby="0"/><UN n0="%E3%83%9F%E3%82%B2%E3%83%BC%E3%83%AB%E6%94%B9" n1="%E6%81%8B%E3%81%AE%E3%81%86%E3%81%9F" n2="%67%6F%6B%75%61%6B%75" n3="%42%4F%53%23%31%31" dan="16,17,17,16" rate="2194.85,2208.95,2200.12,2111.89" sx="M,M,M,M"/><TAIKYOKU oya="0"/><INIT seed="0,0,0,0,2,4" ten="250,250,250,250" oya="0" hai0="120,115,130,69,73,65,58,6,102,71,47,62,81" hai1="113,46,40,114,89,127,49,128,103,9,31,8,60" hai2="28,134,21,56,43,22,99,92,44,45,35,41,109" hai3="15,88,107,50,3,0,105,29,18,27,108,36,84"/><T119/><D120/><U48/><E128/><V133/><F109/><W91/><G36/><T7/><D119/><U24/><E103/><V76/><F76/><W66/><G108/><T42/><D115/><N who="1" m="44043" /><E127/><V16/><F56/><W123/><G66/><T83/><D102/><U64/><E49/><V106/><F106/><W116/><G116/><T39/><D130/><U19/><E19/><V122/><F35/><W77/><G77/><T61/><D71/><N who="1" m="42375" /><E89/><V85/><F85/><W67/><G67/><T110/><D110/><U70/><E70/><V100/><F28/><W80/><G123/><T51/><D62/><U52/><E40/><N who="2" m="15435" /><F22/><AGARI ba="0,0" hai="8,9,22,24,31,46,48,52" m="42375,44043" machi="22" ten="30,7700,0" yaku="11,1,52,2,54,1" doraHai="4" who="1" fromWho="2" sc="250,0,250,77,250,-77,250,0" /><INIT seed="1,0,0,5,4,44" ten="250,327,173,250" oya="1" hai0="50,118,12,14,55,94,74,15,135,27,58,99,4" hai1="60,21,54,47,48,5,70,128,37,11,114,45,85" hai2="113,25,112,110,130,34,111,129,89,57,35,96,63" hai3="65,62,117,36,26,23,125,108,6,81,119,97,46"/><U40/><E128/><N who="2" m="49259" /><F96/><W132/><G108/><N who="2" m="41513" /><F89/><W9/><G132/><T116/><D135/><U90/><E114/><N who="2" m="44139" /><F25/><W100/><G125/><T86/><D74/><U19/><E70/><V84/><F84/><W87/><G46/><T1/><D86/><U13/><E60/><V61/><F61/><W0/><G36/><T93/><D93/><U77/><E77/><V51/><F51/><W41/><G41/><T22/><D1/><U101/><E101/><V104/><F104/><W80/><G80/><T49/><D4/><U105/><E105/><V133/><F133/><W33/><G33/><T73/><D73/><U29/><E29/><V82/><F82/><W120/><G81/><T124/><D124/><U71/><E71/><V24/><F24/><W78/><G87/><T30/><REACH who="0" step="1"/><D50/><REACH who="0" ten="240,327,173,250" step="2"/><U123/><E85/><V79/><F79/><W20/><G78/><T10/><D10/><U83/><E83/><V107/><F107/><W122/><G9/><T42/><D42/><U7/><E11/><V95/><F95/><W98/><G98/><T2/><D2/><U28/><E40/><V76/><F76/><W32/><G97/><T64/><D64/><AGARI ba="0,1" hai="34,35,57,63,64" m="44139,41513,49259" machi="64" ten="40,5200,0" yaku="19,1,14,1,11,1" doraHai="44" who="2" fromWho="0" sc="240,-52,327,0,173,62,250,0" /><INIT seed="2,0,0,4,1,123" ten="188,327,235,250" oya="2" hai0="105,14,42,111,39,128,75,132,127,98,70,97,103" hai1="118,37,130,4,36,27,79,93,11,99,21,23,24" hai2="5,31,91,116,94,77,8,59,106,38,49,55,65" hai3="124,121,32,80,133,110,33,6,0,53,35,46,84"/><V76/><F116/><W16/><G121/><T108/><D70/><U50/><E130/><V134/><F106/><W90/><G133/><T68/><D68/><U67/><E79/><V13/><F134/><W52/><G124/><T135/><D75/><U2/><E67/><V26/><F38/><W120/><G120/><T107/><D127/><U125/><E125/><V101/><F101/><W81/><G81/><T19/><D128/><U66/><E66/><V113/><F113/><W129/><G129/><T40/><D39/><U112/><E50/><V92/><F65/><W109/><G16/><T45/><D45/><U69/><E69/><V18/><F92/><W43/><G6/><T85/><D85/><U58/><E58/><V63/><F49/><N who="3" m="26847" /><G0/><T10/><D135/><U7/><E7/><V86/><REACH who="2" step="1"/><F5/><REACH who="2" ten="188,327,225,250" step="2"/><W41/><G41/><T88/><D132/><U48/><E37/><V57/><F57/><W62/><G62/><T47/><D107/><U126/><E126/><V54/><F54/><W56/><G56/><T114/><D114/><U12/><E112/><V44/><F44/><W28/><G28/><T9/><D47/><U61/><E36/><V25/><F25/><W3/><G3/><T1/><D42/><U115/><E115/><V117/><F117/><W96/><G96/><T74/><D40/><U89/><E118/><V73/><F73/><W87/><G84/><T34/><D74/><U22/><E2/><V17/><F17/><W104/><G104/><T82/><D105/><U30/><E30/><V15/><F15/><W119/><G119/><T102/><D14/><RYUUKYOKU ba="0,1" sc="188,-15,327,-15,225,15,250,15" hai2="8,13,18,26,31,55,59,63,76,77,86,91,94" hai3="32,33,35,52,53,80,87,90,109,110" /><INIT seed="2,1,1,1,4,77" ten="173,312,240,265" oya="2" hai0="116,13,133,56,53,52,66,59,45,1,122,128,30" hai1="73,28,126,74,14,99,121,40,103,33,65,2,71" hai2="106,78,91,0,16,12,87,24,113,95,20,47,119" hai3="123,79,88,17,18,5,44,19,68,15,41,35,84"/><V69/><F113/><W101/><G123/><T97/><D122/><U21/><E2/><V67/><F119/><W75/><G68/><T70/><D1/><U46/><E126/><V92/><F106/><W86/><G35/><T98/><D30/><U43/><E43/><V120/><F0/><W102/><G75/><T11/><D70/><U32/><E32/><V61/><F120/><W22/><G5/><T135/><D45/><U132/><E132/><V105/><F105/><W83/><G18/><T26/><D66/><U37/><E21/><V107/><F107/><W81/><G17/><T112/><D26/><U39/><E39/><AGARI ba="1,1" hai="15,19,22,39,41,44,79,81,83,84,86,88,101,102" machi="39" ten="30,7700,0" yaku="7,1,52,2,54,1" doraHai="77" who="3" fromWho="1" sc="173,0,312,-80,240,0,265,90" /><INIT seed="3,0,0,5,2,29" ten="173,232,240,355" oya="3" hai0="83,22,90,102,4,95,27,123,78,17,18,42,64" hai1="79,53,69,94,100,0,105,59,120,50,3,122,131" hai2="81,89,24,48,35,66,40,2,38,113,116,74,15" hai3="82,109,73,58,16,19,114,34,119,23,62,86,80"/><W103/><G119/><T76/><D123/><U96/><E69/><V60/><F116/><W36/><G114/><T75/><D76/><U129/><E79/><V118/><F118/><W93/><G36/><T106/><D4/><U88/><E120/><V43/><F2/><W132/><G132/><T13/><D42/><U49/><E122/><V61/><F38/><W87/><G73/><T12/><D64/><U112/><E112/><V39/><F39/><W55/><G34/><T117/><D117/><U33/><E50/><V133/><F61/><W68/><G109/><T92/><D92/><U57/><E57/><V104/><F104/><W8/><G68/><T128/><D128/><N who="1" m="49227" /><E33/><V130/><F130/><W67/><G55/><T25/><D102/><U47/><E59/><V134/><F48/><W124/><G124/><T10/><REACH who="0" step="1"/><D106/><REACH who="0" ten="163,232,240,355" step="2"/><U70/><E70/><V111/><F113/><W21/><G103/><T101/><D101/><U20/><E100/><V28/><F43/><W99/><G93/><T72/><D72/><U54/><E105/><V46/><F74/><W125/><G125/><T7/><D7/><U31/><E53/><V51/><F133/><W63/><G67/><T5/><D5/><U98/><E98/><AGARI ba="0,1" hai="10,12,13,17,18,22,25,27,75,78,83,90,95,98" machi="98" ten="30,2000,0" yaku="1,1,7,1,53,0" doraHai="29" doraHaiUra="127" who="0" fromWho="1" sc="163,30,232,-20,240,0,355,0" /><INIT seed="4,0,0,5,5,47" ten="193,212,240,355" oya="0" hai0="129,22,39,101,62,117,76,26,97,86,77,0,56" hai1="109,134,28,114,133,23,34,14,25,55,20,85,82" hai2="119,94,123,96,72,45,49,80,124,65,53,74,27" hai3="41,67,78,11,100,83,1,9,24,29,135,42,128"/><T54/><D117/><U87/><E87/><V30/><F123/><W108/><G108/><T113/><D39/><U73/><E73/><V52/><F119/><W81/><G100/><T61/><D0/><U116/><E116/><V40/><F124/><W57/><G128/><T36/><D36/><U75/><E75/><V31/><F65/><W19/><G19/><T43/><D129/><U17/><E109/><V12/><F12/><W8/><G135/><N who="1" m="51722" /><E55/><V118/><F118/><W125/><G125/><T107/><D113/><U64/><E64/><V7/><F7/><W4/><G4/><T37/><D62/><U33/><E85/><V32/><F31/><W46/><G46/><T18/><D37/><U3/><E82/><V15/><F15/><W71/><G71/><T84/><D43/><U68/><E68/><V130/><F130/><W21/><G1/><T63/><D86/><U89/><E89/><V59/><F80/><N who="3" m="30795" /><G78/><T69/><REACH who="0" step="1"/><D84/><REACH who="0" ten="183,212,240,355" step="2"/><U99/><E3/><V35/><F40/><W103/><G41/><T110/><D110/><U16/><E99/><V105/><F74/><W104/><G42/><T38/><D38/><U131/><E131/><V90/><F72/><W98/><G98/><T112/><D112/><U95/><E114/><V102/><F96/><W6/><G67/><AGARI ba="0,1" hai="18,22,26,54,56,61,63,67,69,76,77,97,101,107" machi="67" ten="40,2000,0" yaku="1,1,53,0" doraHai="47" doraHaiUra="121" who="0" fromWho="3" sc="183,30,212,0,240,0,355,-20" /><INIT seed="4,1,0,5,1,96" ten="213,212,240,335" oya="0" hai0="28,113,72,90,126,69,114,19,123,116,56,22,51" hai1="41,57,32,61,119,66,14,1,86,135,93,70,46" hai2="5,54,106,77,81,21,7,102,111,37,64,127,62" hai3="6,88,85,97,99,94,105,0,91,112,38,24,8"/><T121/><D72/><U120/><E1/><V55/><F111/><W95/><G112/><N who="0" m="43115" /><D69/><U124/><E32/><V82/><F37/><W26/><REACH who="3" step="1"/><G38/><REACH who="3" ten="213,212,240,325" step="2"/><T109/><D109/><U30/><E119/><V128/><F128/><W110/><G110/><T42/><D116/><U25/><E120/><V80/><F127/><W10/><G10/><T18/><D126/><U20/><E124/><V103/><F77/><W104/><G104/><T78/><D78/><U52/><E135/><V58/><F106/><W87/><G87/><T31/><D123/><U115/><E115/><V43/><F21/><W76/><G76/><T3/><D121/><U33/><E33/><V71/><F43/><W98/><G98/><T100/><D42/><U40/><E40/><V131/><F131/><W63/><G63/><T73/><D22/><U129/><E129/><V12/><F71/><W35/><G35/><T68/><D68/><U36/><E86/><V48/><F48/><W75/><G75/><T47/><D51/><U15/><REACH who="1" step="1"/><E93/><REACH who="1" ten="213,202,240,325" step="2"/><V130/><F130/><W92/><G92/><T11/><D73/><U16/><E16/><V49/><F5/><W60/><G60/><AGARI ba="1,2" hai="14,15,20,25,30,36,41,46,52,57,60,61,66,70" machi="60" ten="30,7700,0" yaku="1,1,7,1,54,1,53,1" doraHai="96" doraHaiUra="27" who="1" fromWho="3" sc="213,0,202,100,240,0,325,-80" /><INIT seed="5,0,0,4,0,28" ten="213,302,240,245" oya="1" hai0="49,116,86,4,99,10,118,50,133,124,79,104,16" hai1="113,48,120,115,121,94,78,15,131,33,44,60,77" hai2="9,90,8,29,42,17,88,1,63,65,43,52,81" hai3="93,41,130,122,134,111,20,96,38,128,36,30,21"/><U83/><E60/><V76/><F29/><W2/><G122/><T27/><D133/><U55/><E94/><V47/><F1/><W101/><G111/><T75/><D75/><U70/><E70/><V22/><F76/><W23/><G134/><T72/><D72/><U91/><E131/><N who="3" m="50218" /><G2/><T73/><D73/><U112/><E33/><V14/><F65/><W125/><G125/><T51/><D124/><U129/><E129/><V45/><F45/><N who="3" m="23719" /><G30/><T40/><D40/><N who="2" m="15402" /><F81/><W106/><G106/><T32/><D104/><U84/><REACH who="1" step="1"/><E15/><REACH who="1" ten="213,292,240,245" step="2"/><V102/><F63/><W18/><G38/><T85/><D32/><U123/><AGARI ba="0,1" hai="44,48,55,77,78,83,84,91,112,113,115,120,121,123" machi="123" ten="40,12000,1" yaku="1,1,2,1,0,1,15,1,53,0" doraHai="28" doraHaiUra="105" who="1" fromWho="1" sc="213,-40,292,130,240,-40,245,-40" /><INIT seed="5,1,0,5,1,52" ten="173,422,200,205" oya="1" hai0="11,125,88,98,38,91,108,39,102,114,25,79,57" hai1="1,4,134,63,101,84,89,36,31,26,51,132,73" hai2="42,70,18,96,41,5,64,56,105,13,81,127,61" hai3="17,8,15,3,67,35,111,59,43,55,118,19,68"/><U119/><E119/><V44/><F127/><W72/><G111/><T123/><D108/><U75/><E36/><V7/><F81/><W94/><G118/><T116/><D116/><U33/><E101/><V24/><F24/><W135/><G135/><N who="1" m="51754" /><E51/><V104/><F42/><W6/><G72/><T2/><D39/><U47/><E47/><V133/><F133/><W21/><G43/><T128/><D38/><U100/><E100/><V110/><F110/><W83/><G83/><T113/><D125/><U60/><E4/><V49/><F96/><W87/><G35/><T122/><D79/><U45/><E1/><V50/><F104/><W20/><G87/><T112/><D25/><U106/><E45/><V95/><F105/><W77/><G94/><N who="0" m="58711" /><D11/><U107/><E107/><V131/><F95/><W103/><G103/><T65/><D2/><U66/><E106/><V86/><F86/><W80/><G80/><T29/><D29/><U99/><E99/><V121/><F121/><N who="0" m="46090" /><D128/><U62/><E66/><V9/><REACH who="2" step="1"/><F131/><REACH who="2" ten="173,422,190,205" step="2"/><W46/><G77/><T40/><D40/><U34/><E34/><V117/><F117/><W16/><G3/><T22/><D22/><U0/><E0/><V69/><F69/><W32/><G68/><T71/><D71/><U130/><E130/><V85/><F85/><W78/><G78/><T74/><D74/><U48/><E73/><V115/><F115/><W126/><G126/><T58/><D65/><U14/><E75/><V12/><F12/><W76/><G76/><T23/><D23/><U90/><E33/><V92/><F92/><W28/><G32/><RYUUKYOKU ba="1,1" sc="173,15,422,-15,190,15,205,-15" hai0="57,58,88,91,112,113,114" hai2="5,7,9,13,18,41,44,49,50,56,61,64,70" /><INIT seed="6,2,1,3,2,52" ten="188,407,205,190" oya="2" hai0="21,18,65,77,0,6,104,70,120,33,131,50,24" hai1="64,93,108,84,5,109,42,8,46,102,78,19,90" hai2="14,38,31,71,9,72,87,95,135,17,1,60,3" hai3="23,67,107,43,128,37,49,126,111,36,89,61,62"/><V16/><F72/><W11/><G111/><T130/><D104/><U114/><E114/><V134/><F38/><W127/><G107/><T20/><D77/><U63/><E19/><V79/><F31/><W29/><G128/><N who="0" m="49195" /><D65/><U39/><E102/><V103/><F17/><W27/><G62/><T94/><D70/><U121/><E121/><V122/><F122/><W129/><G129/><T101/><D120/><U82/><E64/><N who="2" m="41351" /><F79/><W115/><G115/><T34/><D50/><U124/><E63/><V13/><F13/><W51/><G11/><N who="0" m="2503" /><D101/><U4/><E4/><V69/><F69/><W91/><G37/><T68/><D94/><U32/><E32/><N who="0" m="12393" /><D68/><U119/><E119/><V116/><F116/><W75/><G36/><T15/><D24/><U85/><E124/><V54/><F54/><W105/><G27/><T98/><D98/><U125/><E125/><V66/><F66/><W35/><G67/><T47/><D47/><U83/><E83/><V118/><F118/><W96/><G96/><T26/><D26/><U41/><E41/><V74/><F74/><W56/><G75/><T117/><D117/><U53/><E53/><V100/><F100/><W45/><G43/><T81/><D81/><U7/><E7/><V97/><F87/><W59/><G45/><T10/><AGARI ba="2,1" hai="10,15,18,20,21" m="12393,2503,49195" machi="10" ten="30,4000,0" yaku="19,1,34,2" doraHai="52" who="0" fromWho="0" sc="188,56,407,-12,205,-22,190,-12" /><INIT seed="7,0,0,2,3,11" ten="244,395,183,178" oya="3" hai0="120,64,67,110,80,68,104,6,135,34,30,69,31" hai1="26,97,54,115,61,127,77,38,102,59,18,134,23" hai2="9,129,13,78,40,75,122,52,98,51,112,116,29" hai3="28,0,111,17,19,16,3,132,25,125,124,63,128"/><W37/><G37/><T27/><D110/><U46/><E115/><V58/><F116/><W133/><G111/><T121/><D6/><U49/><E134/><N who="3" m="51818" /><G128/><T15/><D135/><U90/><E127/><N who="3" m="48714" /><G63/><T84/><D104/><U130/><E130/><V48/><F129/><W118/><G118/><T109/><D109/><U32/><E38/><V83/><F122/><W81/><G81/><T82/><D80/><U87/><E77/><V126/><F126/><W76/><G76/><T99/><D82/><U47/><E32/><AGARI ba="0,0" hai="0,3,16,17,19,25,28,32" m="48714,51818" machi="32" ten="40,12000,1" yaku="20,1,18,1,34,2,54,1" doraHai="11" who="3" fromWho="1" sc="244,0,395,-120,183,0,178,120" /><INIT seed="7,1,0,0,1,116" ten="244,275,183,298" oya="3" hai0="127,103,118,59,30,101,56,77,62,37,49,119,24" hai1="18,74,82,120,48,90,20,65,95,72,17,85,128" hai2="27,68,10,113,1,35,67,111,130,8,109,7,92" hai3="112,135,13,23,123,79,117,31,58,87,46,89,38"/><W6/><G117/><T115/><D37/><U110/><E110/><N who="2" m="41995" /><F92/><W42/><G112/><T39/><D39/><U99/><E120/><V33/><F113/><W75/><G123/><T108/><D108/><U29/><E128/><V44/><F44/><W51/><G135/><T21/><D115/><U122/><E122/><V22/><F67/><W70/><G70/><T16/><D127/><U105/><E65/><V94/><F94/><W125/><G125/><T4/><D4/><U132/><E132/><V12/><F68/><W69/><G69/><T83/><D119/><U100/><E29/><N who="2" m="17655" /><F130/><W11/><G75/><T93/><D118/><U50/><E18/><AGARI ba="1,0" hai="1,7,8,10,12,18,33,35" m="17655,41995" machi="18" ten="30,2000,0" yaku="34,2" doraHai="116" who="2" fromWho="1" sc="244,0,275,-23,183,23,298,0" /><INIT seed="8,0,0,5,2,26" ten="244,252,206,298" oya="0" hai0="86,29,41,20,69,123,113,35,81,72,21,110,13" hai1="90,57,118,79,87,68,50,27,77,36,84,132,32" hai2="42,103,130,1,15,17,75,30,7,47,120,65,39" hai3="23,93,18,131,117,70,133,55,9,107,67,43,96"/><T119/><D113/><U99/><E36/><V134/><F120/><W38/><G107/><T52/><D123/><U66/><E68/><V83/><F134/><W28/><G55/><T127/><D69/><U25/><E118/><V58/><F130/><W95/><G95/><T64/><D72/><U11/><E32/><V76/><F103/><W102/><G9/><T106/><D106/><U125/><E125/><V78/><F78/><N who="1" m="29705" /><E11/><N who="2" m="2543" /><F58/><W46/><G117/><T40/><D35/><U111/><E111/><V51/><F65/><W10/><G10/><T4/><D64/><U105/><E105/><V5/><F5/><W101/><G131/><T54/><D127/><U116/><E132/><V44/><F44/><W62/><G133/><T115/><D115/><U34/><E34/><V31/><F51/><W126/><G126/><T129/><D110/><U88/><E99/><V48/><F48/><W3/><G3/><T100/><D100/><U22/><E116/><V24/><F24/><N who="1" m="9289" /><E22/><AGARI ba="0,0" hai="15,17,22,30,31,39,42,47,75,76,83" m="2543" machi="22" ten="30,3900,0" yaku="25,1,52,2" doraHai="26" who="2" fromWho="1" sc="244,0,252,-39,206,39,298,0" /><INIT seed="9,0,0,3,3,100" ten="244,213,245,298" oya="1" hai0="54,89,135,130,24,15,37,55,3,75,34,101,96" hai1="114,127,70,77,28,134,66,124,83,117,118,110,43" hai2="2,128,53,84,10,121,22,64,51,71,0,42,95" hai3="38,17,86,107,4,41,65,20,8,44,14,126,67"/><U60/><E28/><V6/><F121/><W1/><G107/><T40/><D3/><U13/><E13/><V103/><F42/><W113/><G113/><T57/><D75/><U74/><E114/><V47/><F128/><W91/><G126/><N who="1" m="48170" /><E43/><V48/><F48/><W56/><G56/><T78/><D130/><U52/><E134/><V133/><F133/><W132/><G132/><T106/><D135/><U116/><E52/><V16/><F0/><W45/><G44/><T120/><D120/><U72/><E72/><V105/><F105/><W87/><G87/><T73/><D15/><U76/><E76/><V21/><F21/><W62/><G62/><T109/><D40/><U98/><E98/><V59/><F71/><W92/><AGARI ba="0,0" hai="1,4,8,14,17,20,38,41,45,65,67,86,91,92" machi="92" ten="20,1500,0" yaku="0,1,7,1" doraHai="100" who="3" fromWho="3" sc="244,-4,213,-7,245,-4,298,15" owari="240,-16.0,206,-29.4,241,4.1,313,41.3" /></mjloggm>