<mjloggm ver="2.3"><GO type="169" lobby="0"/><UN n0="%E6%A4%9B%E5%8D%97" n1="%E3%82%80%E3%81%97%E6%AD%AF" n2="%E2%97%8E%E3%82%88%E3%81%97%E2%97%8E" n3="%E3%81%82%E3%81%99%E3%81%AB%E3%82%83%E3%82%80" dan="18,17,17,18" rate="2206.69,2157.96,2174.85,2277.19" sx="F,M,M,F"/><TAIKYOKU oya="0"/><INIT seed="0,0,0,2,5,0" ten="250,250,250,250" oya="0" hai0="103,126,5,31,129,95,61,63,133,46,84,109,56" hai1="59,72,128,54,134,16,32,71,93,21,36,127,89" hai2="66,55,13,114,77,17,57,125,45,29,91,69,120" hai3="49,9,53,35,25,37,86,81,8,1,88,123,26"/><T116/><D116/><U43/><E32/><V15/><F120/><W6/><G37/><T130/><D133/><U2/><E71/><V106/><F106/><W14/><G35/><T62/><D31/><U90/><E72/><V87/><F29/><W33/><G33/><T41/><D126/><U68/><E68/><V67/><F77/><W51/><G123/><T97/><D109/><U85/><E127/><V101/><F101/><W22/><G22/><T64/><D5/><U132/><E2/><V80/><F69/><W70/><G70/><T82/><D130/><U11/><E11/><N who="2" m="6335" /><F114/><W28/><G28/><T7/><D7/><U108/><E108/><V3/><F3/><W99/><G99/><T24/><D24/><U52/><E128/><V23/><F45/><N who="3" m="27823" /><G51/><T65/><D65/><U12/><E90/><V117/><F117/><W73/><G73/><T111/><D111/><U113/><E113/><V42/><F42/><W39/><G39/><T100/><D100/><U38/><E54/><V10/><F23/><W105/><G105/><T107/><D107/><U122/><E122/><V119/><F119/><W74/><G74/><T135/><D129/><U124/><E124/><V104/><F104/><W83/><G81/><T96/><D135/><N who="1" m="51755" /><E43/><V60/><F125/><W94/><G94/><T75/><D75/><U19/><E19/><AGARI ba="0,0" hai="10,15,19,55,57,60,66,67,80,87,91" m="6335" machi="19" ten="30,1000,0" yaku="8,1" doraHai="0" who="2" fromWho="1" sc="250,0,250,-10,250,10,250,0" /><AGARI ba="0,0" hai="1,6,8,9,14,19,25,26,83,86,88" m="27823" machi="19" ten="30,3900,0" yaku="25,1,52,1,54,1" doraHai="0" who="3" fromWho="1" sc="250,0,240,-39,260,0,250,39" /><INIT seed="1,0,0,5,2,43" ten="250,201,260,289" oya="1" hai0="90,102,37,34,7,51,127,78,20,54,71,38,79" hai1="35,50,27,88,16,44,129,46,118,74,130,67,85" hai2="76,24,17,104,97,69,133,114,33,113,9,36,77" hai3="5,32,29,95,98,126,68,107,28,40,22,57,91"/><U13/><E74/><V18/><F69/><W41/><G68/><T135/><D34/><U25/><E118/><V61/><F61/><W8/><G32/><T60/><D135/><U121/><E121/><V0/><F133/><W84/><G126/><T26/><D102/><U21/><E67/><V111/><F36/><W128/><G128/><N who="1" m="49258" /><E35/><V99/><F111/><W2/><G57/><T120/><D127/><U110/><E110/><V52/><F0/><W94/><G107/><T106/><D106/><U115/><E115/><N who="2" m="44043" /><F9/><W14/><G2/><T75/><D7/><U109/><E109/><V58/><F24/><N who="1" m="9289" /><E50/><N who="2" m="30999" /><F33/><W116/><G116/><T105/><D120/><U108/><E108/><V15/><F104/><W96/><G28/><T47/><D105/><U31/><E31/><V82/><F76/><W100/><G29/><T117/><D117/><U39/><E39/><V112/><N who="2" m="44051" /><V131/><DORA hai="103" /><F131/><W62/><G62/><T19/><D79/><U86/><E86/><N who="2" m="48463" /><F18/><W42/><REACH who="3" step="1"/><G22/><REACH who="3" ten="250,201,260,279" step="2"/><T1/><D1/><U119/><E119/><V3/><F3/><W72/><G72/><T11/><D75/><U93/><AGARI ba="0,1" hai="13,16,21,44,46,85,88,93" m="9289,49258" machi="93" ten="30,12000,1" yaku="19,1,52,2,54,2" doraHai="43,103" who="1" fromWho="1" sc="250,-40,201,130,260,-40,279,-40" /><INIT seed="1,1,0,1,4,74" ten="210,331,220,239" oya="1" hai0="123,49,102,69,116,7,54,14,132,17,30,45,41" hai1="106,21,39,91,2,122,31,0,79,59,36,98,124" hai2="105,23,18,16,62,5,52,48,107,42,77,96,109" hai3="108,130,15,10,13,3,86,94,47,71,125,97,92"/><U120/><E124/><V67/><F109/><W8/><G71/><T111/><D111/><U33/><E21/><V135/><F42/><W134/><G108/><T117/><D132/><U55/><E39/><V104/><F5/><W60/><G134/><T44/><D123/><U28/><E36/><V119/><F119/><W72/><G72/><T11/><D69/><U56/><E98/><V53/><F135/><W133/><G133/><T75/><D75/><U99/><E99/><V103/><F77/><W81/><G3/><T4/><D102/><U51/><E91/><V87/><F87/><W25/><G25/><T80/><D80/><U46/><E106/><V61/><F18/><W70/><G47/><T114/><D30/><U50/><E46/><V6/><F6/><W118/><G118/><T29/><D7/><U89/><E89/><V131/><F131/><W93/><G130/><T22/><D29/><U43/><E33/><V115/><F53/><W27/><G97/><T1/><REACH who="0" step="1"/><D114/><REACH who="0" ten="200,331,220,239" step="2"/><U88/><E31/><V38/><F115/><W82/><G82/><T63/><D63/><U113/><E28/><V110/><F62/><W34/><G60/><T83/><D83/><U66/><E113/><V20/><F110/><W84/><G70/><T78/><D78/><U26/><E79/><V101/><F61/><W85/><G81/><T73/><D73/><U65/><E122/><V37/><F103/><W90/><G90/><T95/><D95/><U57/><E88/><V35/><F101/><W100/><G100/><T126/><D126/><U64/><E120/><V112/><F112/><RYUUKYOKU ba="1,1" sc="200,30,331,-10,220,-10,239,-10" hai0="1,4,11,14,17,22,41,44,45,49,54,116,117" /><INIT seed="2,2,1,0,3,132" ten="230,321,210,229" oya="2" hai0="118,34,12,50,108,121,120,84,44,1,27,13,57" hai1="29,18,67,16,122,43,49,30,94,68,86,3,109" hai2="127,66,9,0,37,5,63,130,47,129,14,53,48" hai3="74,78,97,80,42,117,52,115,96,55,61,19,33"/><V24/><F37/><W95/><G117/><T114/><D1/><U92/><E3/><V85/><F0/><W36/><G33/><T65/><D114/><U71/><E109/><V32/><F85/><W124/><G115/><T54/><D108/><U11/><E11/><V69/><REACH who="2" step="1"/><F127/><REACH who="2" ten="230,321,200,229" step="2"/><W20/><G124/><T125/><D125/><U8/><E86/><V7/><F7/><W2/><G2/><T4/><D4/><U35/><E122/><V51/><F51/><W126/><G126/><T73/><D84/><U101/><E49/><V91/><F91/><W111/><G111/><T39/><D121/><U75/><E101/><V110/><F110/><W72/><G72/><T6/><D6/><U56/><E75/><V79/><F79/><W28/><G36/><T40/><D120/><U41/><E8/><V77/><F77/><W134/><G74/><T10/><D73/><U62/><E71/><V99/><F99/><W133/><G97/><T116/><D10/><U15/><E68/><V46/><F46/><W59/><G78/><T90/><D90/><U31/><E35/><V17/><F17/><N who="1" m="6761" /><E15/><V83/><F83/><W98/><G80/><T82/><D82/><U64/><E29/><AGARI ba="2,2" hai="5,9,14,24,29,32,47,48,53,63,66,69,129,130" machi="29" ten="40,3900,0" yaku="1,1,53,1" doraHai="132" doraHaiUra="58" who="2" fromWho="1" sc="230,0,321,-45,200,65,229,0" /><INIT seed="2,3,0,4,2,54" ten="230,276,265,229" oya="2" hai0="116,125,126,99,119,12,24,22,29,35,42,37,41" hai1="64,75,73,23,111,79,131,3,17,51,80,100,103" hai2="117,104,36,18,114,49,92,91,4,110,11,69,58" hai3="59,57,78,47,120,1,96,45,67,95,90,71,87"/><V124/><F114/><W70/><G1/><T85/><D85/><U115/><E115/><V112/><F112/><W9/><G120/><T62/><D99/><U97/><E3/><V68/><F117/><N who="0" m="45130" /><D37/><U16/><E111/><V43/><F104/><W132/><G132/><T123/><D123/><U2/><E2/><V14/><F110/><W39/><G39/><T15/><D62/><U48/><E131/><V105/><F105/><W101/><G70/><T6/><D42/><U89/><E89/><V121/><F121/><W108/><G108/><T21/><D41/><U52/><E64/><V122/><F4/><W7/><G71/><T65/><D65/><U134/><E134/><V8/><F8/><W34/><G78/><T106/><D106/><U128/><E128/><V13/><F13/><N who="0" m="5194" /><D6/><U86/><E48/><V118/><F118/><W50/><G67/><T135/><D135/><U133/><E133/><V81/><F122/><W129/><G129/><T76/><D76/><U19/><E75/><V5/><F5/><W66/><G66/><T20/><AGARI ba="3,0" hai="20,21,22,24,29,35,125,126" m="5194,45130" machi="20" ten="40,5200,0" yaku="12,1,34,2" doraHai="54" who="0" fromWho="0" sc="230,61,276,-16,265,-29,229,-16" /><INIT seed="3,0,0,2,2,78" ten="291,260,236,213" oya="3" hai0="30,112,50,134,98,124,59,83,129,47,31,74,119" hai1="87,60,24,126,114,96,13,131,127,69,12,45,35" hai2="73,123,54,22,89,109,64,51,17,113,105,18,67" hai3="66,122,7,16,86,101,11,27,55,115,1,68,9"/><W44/><G115/><T76/><D134/><U65/><E114/><V49/><F113/><W130/><G122/><T100/><D129/><U70/><E131/><V111/><F105/><W94/><G130/><T93/><D119/><U29/><E70/><V125/><F73/><W34/><G68/><T48/><D124/><N who="1" m="47659" /><E45/><V23/><F125/><W26/><G66/><T4/><D112/><U72/><E72/><V42/><F89/><W107/><G107/><T104/><D59/><U19/><E19/><V36/><F54/><W21/><G11/><T82/><D50/><U2/><E2/><V46/><F46/><W95/><G101/><T88/><D4/><U102/><E87/><V61/><F61/><W3/><G3/><T15/><D15/><U41/><E41/><V103/><F103/><W79/><G34/><T90/><D90/><U77/><E77/><V99/><F99/><W71/><G71/><T25/><D25/><U53/><E53/><V80/><F42/><W133/><G27/><T84/><D104/><AGARI ba="0,0" hai="12,13,24,29,35,60,65,69,96,102,104" m="47659" machi="104" ten="30,2000,0" yaku="25,1,18,1" doraHai="78" who="1" fromWho="0" sc="291,-20,260,20,236,0,213,0" /><INIT seed="4,0,0,2,3,133" ten="271,280,236,213" oya="0" hai0="131,119,19,64,95,76,103,86,117,84,50,107,114" hai1="53,60,129,75,44,101,14,52,2,46,54,18,97" hai2="35,74,22,78,47,89,33,96,90,126,77,121,12" hai3="31,13,51,68,6,72,39,88,42,7,112,79,5"/><T102/><D64/><U91/><E2/><V23/><F12/><W0/><G68/><T130/><D50/><U40/><E75/><V63/><F96/><W65/><G112/><T66/><D66/><U21/><E129/><N who="0" m="49161" /><D19/><U8/><E91/><N who="2" m="34827" /><F74/><W17/><G65/><T113/><D95/><U134/><E134/><V41/><F63/><W122/><G31/><T109/><D109/><U55/><E40/><V125/><F121/><W124/><G122/><T26/><D26/><U59/><REACH who="1" step="1"/><E8/><REACH who="1" ten="271,270,236,213" step="2"/><V45/><F41/><W69/><G0/><T48/><D119/><U58/><E58/><V27/><F78/><W99/><G79/><T73/><D117/><U67/><E67/><V111/><F77/><W132/><G72/><T11/><D11/><U82/><E82/><V135/><F135/><W108/><G132/><T92/><D76/><U80/><E80/><V43/><F43/><W9/><G69/><T85/><D73/><U20/><E20/><N who="2" m="7723" /><F111/><W1/><G108/><T28/><D114/><U10/><E10/><V32/><F27/><W93/><G1/><T30/><D113/><U4/><E4/><V61/><F61/><W24/><G24/><T116/><D116/><U123/><E123/><V98/><F98/><W127/><REACH who="3" step="1"/><G39/><REACH who="3" ten="271,270,236,203" step="2"/><T57/><D30/><U120/><E120/><V34/><F34/><W3/><G3/><T56/><D28/><U38/><E38/><V94/><F35/><W71/><G71/><T36/><D36/><U87/><E87/><V106/><F33/><W105/><G105/><AGARI ba="0,2" hai="14,18,21,44,46,52,53,54,55,59,60,97,101,105" machi="105" ten="40,2600,0" yaku="1,1,54,1,53,0" doraHai="133" doraHaiUra="37" who="1" fromWho="3" sc="271,0,270,46,236,0,203,-26" /><INIT seed="5,0,0,0,3,116" ten="271,316,236,177" oya="1" hai0="30,36,37,56,65,9,1,8,51,3,72,88,25" hai1="107,78,114,53,103,94,101,111,87,55,54,133,16" hai2="120,74,90,100,104,15,61,110,27,13,12,31,43" hai3="95,45,134,57,81,4,70,82,108,109,33,14,28"/><U105/><E114/><V91/><F110/><W47/><G70/><T52/><D72/><U40/><E111/><V41/><F74/><W59/><G95/><T73/><D73/><U5/><E5/><V39/><F120/><W23/><G23/><T96/><D3/><U32/><E32/><V50/><F39/><W68/><G68/><T17/><D65/><U80/><E133/><V10/><F10/><W42/><G28/><T93/><D9/><U18/><E40/><V19/><F19/><N who="1" m="7209" /><E107/><V63/><F100/><N who="1" m="38473" /><E105/><V84/><F104/><W124/><G4/><T75/><D75/><U21/><E94/><V49/><F27/><W7/><G7/><T44/><D1/><U69/><E69/><V118/><F31/><W128/><G33/><T125/><D125/><U86/><E86/><V26/><F26/><W46/><G124/><T83/><D17/><U79/><E21/><V24/><F24/><W34/><G34/><T112/><D112/><U29/><E29/><V77/><F84/><W76/><G42/><T62/><D8/><U127/><E127/><V131/><F15/><W67/><G14/><T66/><REACH who="0" step="1"/><D83/><REACH who="0" ten="261,316,236,177" step="2"/><U115/><E115/><V2/><F2/><W117/><G82/><T20/><AGARI ba="0,1" hai="20,25,30,36,37,44,51,52,56,62,66,88,93,96" machi="20" ten="20,12000,2" yaku="1,1,2,1,0,1,7,1,54,2,53,0" doraHai="116" doraHaiUra="38" who="0" fromWho="0" sc="261,130,316,-60,236,-30,177,-30" /><INIT seed="6,0,0,0,5,100" ten="391,256,206,147" oya="2" hai0="93,135,73,29,51,36,133,125,99,85,9,128,44" hai1="24,83,19,124,92,129,130,14,87,126,52,96,89" hai2="57,61,32,60,110,23,4,18,31,3,40,91,116" hai3="77,37,66,0,107,1,76,98,12,114,68,53,79"/><V70/><F116/><W47/><G114/><T50/><D73/><U26/><E52/><V7/><F40/><W78/><N who="3" m="19456" /><DORA hai="121" /><W48/><G37/><T6/><D128/><N who="1" m="49259" /><E26/><V46/><F46/><W123/><G123/><T112/><D112/><U55/><E55/><V71/><F31/><W106/><G12/><T86/><D125/><U95/><E24/><V104/><F32/><W45/><G45/><T67/><D67/><U105/><E105/><V27/><F104/><W62/><REACH who="3" step="1"/><G98/><REACH who="3" ten="391,256,206,137" step="2"/><T10/><D44/><U41/><E96/><V101/><F3/><AGARI ba="0,1" hai="0,1,3,47,48,53,62,66,68,106,107" m="19456" machi="3" ten="50,12000,2" yaku="1,1,2,1,52,2,53,2" doraHai="100,121" doraHaiUra="103,131" who="3" fromWho="2" sc="391,0,256,0,206,-120,137,130" /><INIT seed="7,0,0,3,4,89" ten="391,256,86,267" oya="3" hai0="91,24,15,25,35,66,68,51,65,94,109,20,77" hai1="33,120,10,4,111,129,75,19,5,92,6,46,114" hai2="134,107,62,103,69,101,78,44,17,87,8,117,128" hai3="74,102,11,76,23,45,29,39,98,80,22,131,95"/><W34/><G131/><T82/><D109/><U127/><E111/><V119/><F128/><W1/><G29/><T104/><D104/><U126/><E129/><V86/><F44/><W83/><G83/><T30/><D68/><U73/><E120/><V81/><F8/><W124/><G124/><N who="1" m="47658" /><E33/><V118/><F17/><W135/><G135/><T110/><D15/><N who="1" m="7671" /><E114/><V100/><F62/><W96/><G34/><T130/><D51/><U84/><E46/><V13/><F13/><W26/><G26/><T40/><D40/><U116/><E116/><V37/><F69/><W12/><G98/><T27/><D27/><U70/><E70/><V63/><F63/><W115/><G115/><T108/><D130/><U21/><E21/><V112/><F37/><W132/><G132/><T9/><D9/><U123/><E123/><V93/><F112/><W133/><G133/><T38/><D38/><U41/><E41/><V57/><F57/><W31/><G31/><T67/><D110/><U47/><E47/><V16/><F16/><W32/><G32/><T59/><D25/><U50/><E50/><V122/><F134/><W14/><G14/><T52/><D35/><U0/><E0/><V36/><F36/><W7/><G12/><T48/><D108/><U42/><E42/><AGARI ba="0,0" hai="1,7,11,22,23,39,42,45,74,76,80,95,96,102" machi="42" ten="40,7700,0" yaku="25,2,52,1" doraHai="89" who="3" fromWho="1" sc="391,0,256,-77,86,0,267,77" /><INIT seed="7,1,0,2,5,38" ten="391,179,86,344" oya="3" hai0="5,28,1,99,88,40,82,62,14,39,104,69,60" hai1="11,103,77,72,50,0,3,21,4,63,75,17,87" hai2="65,64,7,96,24,74,20,59,106,109,44,91,110" hai3="49,18,31,22,107,15,133,51,61,43,70,78,92"/><W100/><G107/><T29/><D1/><U73/><E103/><V83/><F7/><W54/><G133/><T55/><D104/><U124/><E124/><V85/><F109/><W12/><G78/><T130/><D130/><U32/><E32/><V98/><F110/><W86/><G31/><T111/><D111/><U131/><E131/><V125/><F125/><W128/><G128/><T132/><D69/><U121/><E121/><V16/><F74/><W134/><G134/><T66/><D66/><U46/><E63/><V8/><F106/><W115/><G115/><T19/><D5/><U97/><E97/><V33/><F33/><W41/><G12/><T114/><D62/><U6/><E87/><V37/><F8/><W13/><G13/><T84/><D114/><U116/><E116/><V47/><F37/><W27/><G27/><T123/><D123/><U76/><E4/><V42/><F44/><W67/><G51/><T119/><D119/><U36/><E3/><V68/><F68/><W9/><G9/><T102/><D132/><U45/><E45/><V89/><F59/><N who="3" m="33231" /><G100/><T53/><D29/><U127/><E127/><V113/><F113/><W90/><AGARI ba="1,0" hai="15,18,22,41,43,61,67,70,86,90,92" m="33231" machi="90" ten="30,6000,0" yaku="25,1,52,2" doraHai="38" who="3" fromWho="3" sc="391,-21,179,-21,86,-21,344,63" owari="370,17.0,158,-24.2,65,-43.5,407,50.7" /></mjloggm>