<mjloggm ver="2.3"><GO type="169" lobby="0"/><UN n0="%72%61%79%6D%61%79" n1="%7A%65%52%6F" n2="%E9%95%B7%E5%A4%A7%E3%82%92%E5%87%BA%E3%81%9F%E3%81%91%E3%82%8C%E3%81%A9" n3="%E3%81%97%E3%82%87%E3%81%BC%E3%82%93%EF%BD%8E" dan="17,17,16,17" rate="2141.90,2203.76,2176.28,2270.15" sx="M,M,M,M"/><TAIKYOKU oya="0"/><INIT seed="0,0,0,1,4,104" ten="250,250,250,250" oya="0" hai0="118,116,55,99,54,35,63,27,113,121,23,135,21" hai1="3,36,44,57,133,89,24,5,39,125,38,76,92" hai2="90,87,1,73,130,93,48,84,41,10,96,69,22" hai3="25,20,59,77,102,106,60,16,72,50,132,123,29"/><T107/><D113/><U9/><E125/><V111/><F69/><W56/><G132/><T78/><D121/><U43/><E133/><V8/><F130/><W81/><G123/><T26/><D135/><U74/><E57/><V115/><F115/><W11/><G106/><T127/><D35/><U28/><E89/><V0/><F22/><W91/><G102/><T32/><D32/><N who="1" m="20487" /><E92/><V45/><F73/><W101/><G101/><T108/><D107/><U114/><E114/><V70/><F70/><W37/><G37/><T68/><D99/><U65/><E65/><V7/><REACH who="2" step="1"/><F111/><REACH who="2" ten="250,250,240,250" step="2"/><W61/><G20/><T110/><D68/><U79/><E79/><V117/><F117/><W80/><G77/><T62/><REACH who="0" step="1"/><D78/><REACH who="0" ten="240,250,240,250" step="2"/><U53/><E76/><V131/><F131/><W126/><G126/><AGARI ba="0,2" hai="21,23,26,27,54,55,62,63,108,110,116,118,126,127" machi="126" ten="25,18000,2" yaku="1,1,2,1,22,2,53,2" doraHai="104" doraHaiUra="134" who="0" fromWho="3" sc="240,200,250,0,240,0,250,-180" /><INIT seed="0,1,0,1,3,93" ten="440,250,240,70" oya="0" hai0="115,75,45,28,124,41,34,57,19,15,51,109,76" hai1="55,117,59,97,29,67,35,14,79,96,116,40,49" hai2="105,52,7,98,86,56,134,50,33,0,30,72,3" hai3="135,17,54,95,69,106,38,101,10,70,85,126,43"/><T23/><D115/><U62/><E79/><V118/><F72/><W125/><G135/><T87/><D124/><N who="3" m="47721" /><G106/><T133/><D133/><U73/><E73/><V47/><F118/><W5/><G17/><T66/><D75/><U26/><E40/><V61/><F7/><W123/><G123/><T9/><D34/><U100/><E14/><V84/><F134/><W48/><G43/><T31/><D109/><U82/><E82/><V42/><F86/><W127/><N who="3" m="47729" /><W25/><DORA hai="60" /><G25/><T2/><D2/><U22/><E35/><V107/><F84/><W13/><G38/><T8/><D28/><U63/><E63/><V89/><F105/><W91/><G101/><T58/><D58/><AGARI ba="1,0" hai="5,10,13,48,54,58,69,70,85,91,95" m="47729" machi="58" ten="40,1300,0" yaku="18,1" doraHai="93,60" who="3" fromWho="0" sc="440,-16,250,0,240,0,70,16" /><INIT seed="1,0,0,4,2,93" ten="424,250,240,86" oya="1" hai0="109,79,57,11,5,123,87,97,53,38,60,86,116" hai1="27,129,8,110,50,119,49,61,121,54,70,9,25" hai2="10,124,113,91,34,0,23,120,59,56,17,114,42" hai3="33,73,43,48,62,126,2,94,71,4,37,72,31"/><U118/><E121/><V36/><F120/><W82/><G126/><T55/><D116/><U128/><E61/><V22/><F124/><W125/><G125/><T117/><D117/><U35/><E54/><V134/><F34/><W111/><G48/><T3/><D38/><U98/><E35/><V96/><F134/><W45/><G111/><T83/><D109/><U20/><E20/><V78/><F78/><W95/><G95/><T77/><D123/><U67/><E67/><V18/><F0/><W6/><G6/><T12/><D97/><U99/><REACH who="1" step="1"/><E110/><REACH who="1" ten="424,240,240,86" step="2"/><V13/><F23/><W131/><G62/><T51/><D55/><U32/><E32/><V89/><F22/><W63/><G63/><T14/><D60/><U106/><E106/><V112/><F112/><W44/><G33/><T92/><D53/><U65/><E65/><V102/><F114/><W69/><G69/><AGARI ba="0,1" hai="8,9,25,27,49,50,69,70,98,99,118,119,128,129" machi="69" ten="25,12000,1" yaku="1,1,22,2,52,2,53,0" doraHai="93" doraHaiUra="107" who="1" fromWho="3" sc="424,0,240,130,240,0,86,-120" owari="424,52.4,370,17.0,240,-16.0,-34,-53.4" /></mjloggm>