<mjloggm ver="2.3"><GO type="169" lobby="0"/><UN n0="%70%65%6E%74%6F%6C%61" n1="%E4%BA%9C%E6%9C%88" n2="%72%65%62%6F%75%6E%64" n3="%E8%87%AA%E6%91%B8%E3%81%AE%E3%81%BF" dan="16,17,16,16" rate="2195.17,2177.19,2115.19,2101.30" sx="M,M,M,M"/><TAIKYOKU oya="0"/><INIT seed="0,0,0,4,1,110" ten="250,250,250,250" oya="0" hai0="44,127,6,65,72,69,122,82,5,126,125,99,91" hai1="37,101,130,45,107,131,116,22,36,68,17,28,86" hai2="133,12,39,112,2,102,93,13,73,132,19,75,54" hai3="121,41,0,59,106,40,77,20,58,103,4,134,51"/><T123/><D44/><U83/><E116/><V111/><F2/><W118/><G118/><T29/><D29/><U26/><E68/><V87/><F111/><W124/><G77/><N who="0" m="44327" /><D65/><U64/><E64/><V104/><F104/><W14/><G0/><T120/><D69/><U27/><E101/><V16/><F39/><W100/><G4/><T10/><D10/><U90/><E107/><V115/><F54/><W32/><G32/><T88/><D6/><U42/><REACH who="1" step="1"/><E37/><REACH who="1" ten="250,240,250,250" step="2"/><V97/><F75/><W55/><G106/><T24/><D5/><U57/><E57/><V117/><F73/><W23/><G59/><T56/><D56/><U31/><E31/><V108/><F117/><W92/><G58/><T114/><D114/><U105/><E105/><V129/><F108/><W113/><G113/><T49/><D49/><U89/><E89/><N who="0" m="34377" /><D24/><U66/><E66/><V70/><F70/><W119/><G51/><T38/><D38/><U7/><E7/><V60/><F60/><W9/><G119/><T33/><D33/><AGARI ba="0,1" hai="17,22,26,27,28,33,36,42,45,83,86,90,130,131" machi="33" ten="40,1300,0" yaku="1,1,53,0" doraHai="110" doraHaiUra="128" who="1" fromWho="0" sc="250,-13,240,23,250,0,250,0" /><INIT seed="1,0,0,3,0,46" ten="237,263,250,250" oya="1" hai0="12,133,40,91,68,55,18,73,111,109,10,99,88" hai1="28,2,14,24,47,107,131,34,33,59,3,32,84" hai2="121,8,106,15,92,134,122,93,13,19,94,30,43" hai3="29,60,27,22,7,120,128,129,112,6,48,31,65"/><U9/><E107/><V130/><F106/><W78/><G120/><T127/><D73/><U98/><E98/><V80/><F134/><W37/><G37/><T71/><D133/><U81/><E59/><V0/><F0/><N who="1" m="41" /><E47/><V82/><F130/><N who="3" m="50283" /><G78/><T56/><D40/><U135/><E84/><V38/><F38/><W125/><G125/><T20/><D127/><U116/><E81/><V45/><F30/><W61/><G31/><T53/><D53/><U25/><E116/><V64/><F64/><W104/><G104/><T110/><D10/><U35/><E131/><V90/><F90/><N who="0" m="34346" /><D99/><U132/><E25/><V97/><F97/><W51/><G112/><T23/><D20/><U123/><E123/><V117/><F117/><W16/><G29/><T89/><N who="0" m="34354" /><T85/><DORA hai="39" /><D85/><U77/><E77/><V114/><F114/><W83/><G83/><T101/><D101/><U103/><E103/><V26/><F26/><W119/><G119/><T76/><D76/><U118/><E118/><V17/><F122/><W86/><G86/><T58/><D58/><U100/><E100/><V11/><REACH who="2" step="1"/><F121/><REACH who="2" ten="237,263,240,250" step="2"/><W70/><G61/><AGARI ba="0,1" hai="12,18,23,55,56,61,68,71,109,110,111" m="34354" machi="61" ten="40,2600,0" yaku="14,1,54,1" doraHai="46,39" who="0" fromWho="3" sc="237,36,263,0,240,0,250,-26" /><INIT seed="2,0,0,4,2,11" ten="273,263,240,224" oya="2" hai0="90,73,56,49,46,117,95,103,76,22,84,67,89" hai1="96,8,7,105,129,1,41,123,28,88,79,54,18" hai2="104,32,33,61,109,27,14,78,20,55,59,15,52" hai3="9,106,115,134,130,121,63,17,102,98,112,86,80"/><V107/><F109/><W38/><G121/><T85/><D117/><U111/><E111/><V124/><F124/><W99/><G38/><T110/><D110/><U119/><E119/><V101/><F78/><W12/><G130/><T122/><D122/><U64/><E129/><V60/><F33/><W108/><G108/><T53/><D103/><U94/><E105/><V82/><F32/><W131/><G131/><T29/><D73/><U31/><E64/><V70/><F82/><W6/><G63/><T23/><D76/><U35/><E35/><V16/><F101/><W116/><G116/><T128/><D29/><U34/><E34/><V87/><F87/><W24/><G134/><T93/><D128/><U43/><E79/><V47/><F70/><W120/><G120/><T0/><D0/><U114/><E114/><N who="3" m="43562" /><G99/><T71/><D71/><U118/><E118/><V81/><F81/><W5/><G24/><T69/><D69/><U45/><E123/><V62/><F47/><W10/><G9/><T57/><D57/><U58/><E18/><V51/><REACH who="2" step="1"/><F55/><REACH who="2" ten="273,263,230,224" step="2"/><W75/><G75/><T4/><D4/><U2/><E45/><V127/><F127/><W19/><G5/><T39/><D67/><U113/><E113/><V48/><F48/><W92/><G106/><AGARI ba="0,1" hai="14,15,16,20,27,51,52,59,60,61,62,104,106,107" machi="106" ten="40,12000,1" yaku="1,1,52,2,54,2,53,0" doraHai="11" doraHaiUra="135" who="2" fromWho="3" sc="273,0,263,0,230,130,224,-120" /><INIT seed="2,1,0,4,4,0" ten="273,263,360,104" oya="2" hai0="104,134,76,51,90,106,21,77,124,87,64,114,31" hai1="38,55,8,131,81,66,56,24,4,128,93,70,45" hai2="89,71,111,2,20,17,33,103,68,88,80,61,94" hai3="65,115,54,116,100,120,132,127,49,126,135,125,78"/><V43/><F33/><W5/><G100/><T73/><D114/><U91/><E81/><V83/><F2/><W34/><G34/><T67/><D124/><U29/><E66/><V92/><F103/><W57/><G78/><T44/><D134/><N who="3" m="51241" /><G116/><T9/><D73/><U36/><E70/><V105/><F105/><W82/><G82/><T39/><D39/><U16/><E45/><V32/><F32/><W117/><G117/><T118/><D118/><U58/><E58/><V108/><F80/><W50/><G120/><T14/><D104/><U133/><E133/><V46/><F83/><W79/><G79/><N who="0" m="30283" /><D87/><U7/><E38/><V86/><F61/><W3/><G115/><T84/><D84/><N who="1" m="52455" /><E36/><V129/><F129/><N who="1" m="49737" /><E29/><V19/><F68/><W25/><G25/><N who="0" m="16815" /><D90/><U122/><E122/><V37/><F71/><W107/><G107/><T95/><D95/><U112/><E112/><V98/><REACH who="2" step="1"/><F20/><REACH who="2" ten="273,263,350,104" step="2"/><W101/><G101/><T15/><D106/><U27/><E27/><V53/><F53/><W47/><G65/><T102/><D102/><U63/><E24/><V40/><F40/><N who="3" m="24807" /><G3/><T41/><D15/><AGARI ba="1,1" hai="4,7,8,15,16,55,56,63" m="49737,52455" machi="15" ten="30,7700,0" yaku="19,1,52,2,54,1" doraHai="0" who="1" fromWho="0" sc="273,-80,263,90,350,0,104,0" /><INIT seed="3,0,0,1,3,111" ten="193,353,350,104" oya="3" hai0="118,61,126,84,85,9,73,70,121,48,115,103,15" hai1="51,76,67,53,128,23,52,36,0,98,17,135,71" hai2="49,123,77,93,19,35,106,59,42,75,100,24,114" hai3="113,134,65,72,112,80,102,122,8,18,92,3,45"/><W11/><G122/><T46/><D121/><U56/><E36/><V82/><F123/><W10/><G65/><T116/><D73/><U97/><E128/><V54/><F114/><W81/><G45/><T28/><D28/><U5/><E76/><V29/><F106/><W31/><G102/><T96/><D115/><N who="3" m="44105" /><G92/><T1/><D1/><U60/><E135/><V20/><F100/><W63/><G63/><T132/><D61/><U124/><E53/><V66/><F93/><W33/><G72/><T87/><D70/><U79/><E52/><V57/><F42/><W43/><G43/><T34/><D34/><U101/><E67/><V95/><F95/><W86/><G86/><T38/><D38/><U131/><E101/><V25/><F66/><W14/><G81/><T108/><D132/><U6/><E60/><V74/><F75/><W64/><G80/><T22/><D22/><U83/><E23/><V107/><REACH who="2" step="1"/><F107/><REACH who="2" ten="193,353,340,104" step="2"/><W37/><G64/><T91/><D103/><U127/><E71/><V110/><F110/><W58/><G37/><T119/><D108/><U78/><E98/><V105/><F105/><W109/><G109/><T88/><D96/><U41/><E97/><V47/><AGARI ba="0,1" hai="19,20,24,25,29,35,47,49,54,57,59,74,77,82" machi="47" ten="20,2700,0" yaku="1,1,0,1,7,1,53,0" doraHai="111" doraHaiUra="2" who="2" fromWho="2" sc="193,-7,353,-7,340,37,104,-13" /><INIT seed="4,0,0,4,1,118" ten="186,346,377,91" oya="0" hai0="101,130,72,37,55,45,35,7,135,0,18,122,70" hai1="34,11,106,60,82,19,39,65,104,10,2,4,96" hai2="113,52,74,93,57,38,53,77,97,73,108,13,43" hai3="100,83,71,76,109,114,81,123,105,24,26,116,112"/><T25/><D70/><U120/><E39/><V28/><F108/><W121/><G109/><T64/><D64/><U8/><E34/><V23/><F113/><N who="3" m="43627" /><G71/><T9/><D101/><U63/><E82/><N who="3" m="31242" /><G116/><T3/><D72/><U125/><E10/><V128/><F77/><W1/><G1/><T92/><D92/><U14/><E8/><V90/><F128/><W49/><G49/><T132/><D130/><U129/><E11/><V46/><F53/><W36/><G36/><T56/><D3/><U131/><E60/><V79/><F79/><W12/><G12/><T31/><D18/><U110/><E63/><V50/><REACH who="2" step="1"/><F13/><REACH who="2" ten="186,346,367,91" step="2"/><W42/><G76/><T16/><D132/><U21/><E14/><V51/><F51/><W119/><G119/><T61/><D135/><U127/><E131/><V66/><F66/><W86/><G42/><T48/><D37/><U69/><E65/><V91/><F91/><W84/><G24/><AGARI ba="0,1" hai="23,24,28,38,43,46,50,52,57,73,74,90,93,97" machi="24" ten="40,5200,0" yaku="1,1,54,1,53,1" doraHai="118" doraHaiUra="88" who="2" fromWho="3" sc="186,0,346,0,367,62,91,-52" /><INIT seed="5,0,0,4,1,9" ten="186,346,429,39" oya="1" hai0="25,10,81,93,50,135,133,23,106,17,110,84,77" hai1="20,15,107,108,116,13,41,114,76,44,88,125,29" hai2="94,73,3,32,128,117,92,119,27,132,2,42,100" hai3="53,122,75,16,62,8,112,35,111,121,38,129,67"/><U18/><E116/><V4/><F73/><W65/><G111/><T1/><D106/><U70/><E107/><V28/><F42/><W7/><G35/><T56/><D110/><U43/><E108/><V71/><F71/><W78/><G38/><T127/><D127/><U96/><E70/><V83/><F83/><W101/><G101/><T72/><D93/><N who="1" m="56359" /><E125/><V31/><F31/><W85/><G75/><T109/><D109/><U47/><E114/><V26/><F27/><W123/><G112/><T120/><D120/><U60/><E76/><V5/><F132/><W90/><G78/><T64/><D72/><U131/><E131/><V37/><F37/><W130/><G53/><T134/><D50/><U48/><E60/><V57/><F100/><W19/><G90/><T105/><D105/><U124/><E29/><V54/><F128/><N who="3" m="49259" /><G85/><T89/><D77/><U69/><E69/><V34/><F34/><W55/><G55/><T63/><D1/><U126/><E126/><V36/><F36/><W45/><G45/><N who="1" m="17482" /><E124/><V58/><F2/><W80/><G80/><T74/><D74/><U82/><E82/><V79/><F79/><W59/><G67/><T103/><D103/><U66/><E66/><V118/><F3/><AGARI ba="0,0" hai="3,7,8,16,19,59,62,65,121,122,123" m="49259" machi="3" ten="40,2600,0" yaku="19,1,54,1" doraHai="9" who="3" fromWho="2" sc="186,0,346,0,429,-26,39,26" /><INIT seed="6,0,0,3,5,30" ten="186,346,403,65" oya="2" hai0="67,1,94,40,10,116,45,61,59,4,110,76,103" hai1="55,34,37,6,63,102,58,111,70,25,28,122,85" hai2="100,19,16,96,15,83,117,78,60,121,75,57,91" hai3="73,84,50,2,95,119,98,62,130,115,68,71,64"/><V72/><F117/><W120/><G119/><T112/><D116/><U38/><E111/><V124/><F121/><W8/><G120/><T20/><D110/><U101/><E122/><V5/><F124/><W87/><G73/><T44/><D112/><U52/><E70/><V93/><F72/><W132/><G115/><T109/><D76/><U88/><E6/><V65/><F5/><W13/><G2/><T36/><D45/><U118/><E118/><V46/><F46/><W108/><G108/><T12/><D109/><U0/><E0/><V90/><REACH who="2" step="1"/><F19/><REACH who="2" ten="186,346,393,65" step="2"/><W53/><G130/><T18/><D4/><U66/><E38/><V29/><F29/><W42/><G132/><T43/><D44/><U106/><E37/><V41/><F41/><W47/><G42/><T134/><D36/><U51/><E106/><V27/><F27/><W126/><G126/><T32/><D134/><U24/><E25/><V17/><F17/><W56/><G71/><T3/><D40/><U26/><E24/><V92/><F92/><W69/><G69/><T107/><D43/><U9/><E26/><V127/><F127/><W21/><G68/><T11/><D107/><U113/><E28/><V54/><F54/><W39/><G39/><T48/><D94/><U7/><E55/><V131/><F131/><W123/><G123/><T135/><D18/><U14/><E113/><V31/><F31/><W114/><G114/><T125/><D125/><U79/><E52/><V74/><F74/><W89/><REACH who="3" step="1"/><G21/><AGARI ba="0,1" hai="15,16,21,57,60,65,75,78,83,90,91,93,96,100" machi="21" ten="30,5800,0" yaku="1,1,7,1,54,1,53,0" doraHai="30" doraHaiUra="81" who="2" fromWho="3" sc="186,0,346,0,393,68,65,-58" /><INIT seed="6,1,0,0,3,99" ten="186,346,461,7" oya="2" hai0="92,120,80,77,11,97,98,75,117,130,5,101,89" hai1="6,131,107,40,93,4,104,113,45,78,27,81,68" hai2="91,34,106,48,134,83,82,128,65,62,135,16,52" hai3="124,110,84,15,58,127,26,121,47,2,18,61,100"/><V60/><F106/><W67/><G110/><T122/><D130/><U51/><E131/><V8/><F34/><W70/><G121/><T86/><D117/><U126/><E113/><V79/><F91/><W28/><G2/><T0/><D98/><U3/><E126/><N who="3" m="48170" /><G47/><T25/><REACH who="0" step="1"/><D25/><REACH who="0" ten="176,346,461,7" step="2"/><U1/><E27/><V108/><F128/><W24/><G84/><T116/><D116/><U94/><E1/><V132/><F108/><W103/><G70/><T29/><D29/><U55/><E68/><V49/><F134/><W14/><G14/><T96/><D96/><U37/><E3/><V71/><F132/><W53/><G67/><T9/><D9/><U112/><E112/><V13/><F135/><W12/><G12/><T90/><D90/><U21/><E78/><V73/><REACH who="2" step="1"/><F82/><AGARI ba="1,1" hai="0,5,11,75,77,80,82,86,89,92,97,101,120,122" machi="82" ten="30,3900,0" yaku="1,1,7,1,52,1,53,0" doraHai="99" doraHaiUra="20" who="0" fromWho="2" sc="176,52,346,0,461,-42,7,0" /><INIT seed="7,0,0,5,0,94" ten="228,346,419,7" oya="3" hai0="115,33,66,72,48,133,87,119,91,122,97,24,103" hai1="16,108,57,132,38,105,129,53,125,55,25,84,58" hai2="41,85,68,121,109,32,21,80,118,35,61,62,104" hai3="29,51,11,63,78,90,56,52,123,74,77,101,60"/><W71/><G123/><T50/><D119/><U10/><E108/><V54/><F109/><W43/><G74/><T44/><D122/><U93/><E38/><V2/><F104/><W102/><G29/><T3/><D3/><U95/><E129/><V14/><F2/><W106/><G106/><T18/><D66/><U128/><E128/><V112/><F118/><W42/><G71/><T30/><D18/><U46/><E125/><V17/><F41/><N who="3" m="15371" /><G90/><T23/><D33/><U130/><E130/><V79/><F121/><W67/><G11/><T12/><D72/><U5/><E132/><V76/><F112/><W99/><G67/><T4/><D115/><U127/><E127/><V28/><F68/><W81/><G81/><T20/><D133/><U36/><E36/><V47/><F76/><N who="3" m="29291" /><G99/><T86/><D91/><U96/><E10/><N who="2" m="6359" /><F32/><W117/><G117/><T92/><D86/><U13/><E105/><V39/><F35/><W65/><G65/><T111/><D87/><U110/><E84/><V107/><F107/><W19/><G19/><N who="0" m="10343" /><D111/><U135/><E110/><V114/><F39/><W98/><G98/><T82/><D82/><U131/><E96/><V7/><F114/><W89/><G89/><T0/><D44/><U8/><E131/><V15/><F28/><W64/><G64/><T6/><D0/><U69/><E69/><V75/><F75/><W73/><G73/><T22/><D22/><N who="1" m="13511" /><E135/><V26/><F21/><W100/><AGARI ba="0,0" hai="51,52,56,60,63,100,101,102" m="29291,15371" machi="100" ten="30,3000,0" yaku="8,1,54,1" doraHai="94" who="3" fromWho="3" sc="228,-10,346,-10,419,-10,7,30" /><INIT seed="7,1,0,4,0,94" ten="218,336,409,37" oya="3" hai0="71,78,44,51,42,35,123,93,58,65,122,109,66" hai1="134,32,37,87,74,72,43,29,68,102,132,91,49" hai2="92,131,14,56,115,112,124,18,50,46,97,1,130" hai3="103,53,106,125,104,73,3,77,54,70,45,120,89"/><W84/><G120/><T38/><D35/><U11/><E68/><V21/><F56/><W119/><G119/><T117/><D78/><U108/><E108/><V105/><F105/><W59/><G3/><T75/><D75/><U101/><E37/><V107/><F107/><W85/><G70/><T81/><D81/><U6/><E29/><V9/><F9/><W95/><G106/><T27/><D109/><U79/><E32/><V4/><F4/><W121/><G121/><T20/><D117/><U69/><E69/><V113/><F1/><W34/><G34/><T100/><D66/><U63/><E63/><V33/><F33/><W22/><G22/><T116/><D116/><U55/><E43/><N who="2" m="24927" /><F124/><W61/><G125/><T13/><D13/><U98/><E79/><V118/><F118/><W114/><G114/><T8/><D8/><U82/><E6/><V24/><F14/><W28/><G28/><T7/><D7/><U80/><E11/><V40/><F40/><W76/><G85/><T111/><D111/><U67/><E74/><V64/><F64/><W128/><G128/><T15/><D15/><U96/><E67/><V0/><F0/><W57/><G45/><T10/><D10/><U39/><E39/><V126/><F126/><W90/><G90/><AGARI ba="1,0" hai="18,21,24,90,92,97,112,113,115,130,131" m="24927" machi="90" ten="30,2000,0" yaku="15,1,52,1" doraHai="94" who="2" fromWho="3" sc="218,0,336,0,409,23,37,-23" owari="218,-18.2,336,13.6,432,53.2,14,-48.6" /></mjloggm>