<mjloggm ver="2.3"><GO type="225" lobby="0"/><UN n0="%E3%81%AF%E3%82%88%E3%81%8A%E3%81%98%E3%81%95%E3%82%93" n1="%E3%81%82%E3%81%84%E3%81%82%E3%81%8A%E3%81%84" n2="%E5%91%A8%E6%9D%B1" n3="%2D%E8%B1%8A%E5%8F%A3%E3%82%81%E3%81%90%E3%81%BF%2D" dan="16,18,16,17" rate="2207.41,2196.82,2188.28,2203.59" sx="M,M,M,F"/><TAIKYOKU oya="0"/><INIT seed="0,0,0,1,3,95" ten="250,250,250,250" oya="0" hai0="105,51,124,47,71,7,132,14,103,75,98,131,97" hai1="24,30,56,11,43,121,112,65,134,68,88,119,58" hai2="101,85,48,104,127,26,10,0,78,23,83,81,57" hai3="20,37,28,41,64,90,32,115,42,91,113,118,123"/><T129/><D75/><U3/><E121/><V126/><F0/><W38/><G118/><T39/><D71/><U36/><E119/><V40/><F10/><W84/><G32/><T49/><D124/><U53/><E134/><V6/><F6/><W74/><G74/><T125/><D125/><N who="2" m="47626" /><F83/><W72/><G72/><T18/><D7/><U29/><E29/><V61/><F40/><W13/><G64/><T79/><D79/><U108/><E65/><V25/><F48/><W59/><G123/><T8/><D132/><U122/><E43/><V35/><F35/><W89/><G42/><T44/><D39/><U111/><E11/><V21/><F21/><W82/><G41/><T55/><D49/><U50/><E50/><V77/><F77/><N who="3" m="46159" /><G115/><T92/><REACH who="0" step="1"/><D47/><REACH who="0" ten="240,250,250,250" step="2"/><U52/><E36/><V135/><F135/><W54/><G38/><T110/><D110/><U76/><E111/><V87/><F78/><W106/><G37/><T33/><D33/><U9/><E76/><V62/><F57/><W100/><G59/><T130/><D130/><U4/><E108/><V63/><F63/><W102/><G113/><T12/><D12/><U22/><E68/><V96/><F62/><W67/><G13/><T19/><D19/><U73/><E73/><V99/><F61/><W109/><G109/><T1/><D1/><U93/><E112/><V86/><F26/><W17/><G17/><T128/><D128/><U70/><E70/><V107/><F25/><W15/><G15/><T5/><D5/><U133/><E133/><V34/><F34/><W27/><G27/><T120/><D120/><RYUUKYOKU ba="0,1" sc="240,30,250,-10,250,-10,250,-10" hai0="8,14,18,44,51,55,92,97,98,103,105,129,131" /><INIT seed="0,1,1,5,5,40" ten="270,240,240,240" oya="0" hai0="74,93,126,28,127,105,61,132,4,15,84,123,64" hai1="111,14,11,92,99,8,9,54,90,19,77,37,131" hai2="41,109,63,53,85,101,46,45,49,98,110,76,130" hai3="135,47,20,117,12,96,83,29,3,95,128,48,79"/><T119/><D74/><U116/><E111/><N who="2" m="42507" /><F130/><W18/><G3/><T55/><D105/><U22/><E131/><V32/><F32/><W97/><G128/><T23/><D119/><U30/><E116/><V129/><F129/><W42/><G117/><T60/><D123/><U68/><E68/><V115/><F115/><W7/><G135/><T50/><D132/><U62/><E37/><N who="2" m="21679" /><F63/><W21/><G7/><T27/><D15/><U66/><E77/><V24/><F24/><W104/><G104/><T33/><D4/><U67/><REACH who="1" step="1"/><E30/><REACH who="1" ten="270,230,240,240" step="2"/><V58/><F76/><W124/><G124/><T17/><D126/><U89/><E89/><V125/><F125/><W36/><G36/><T103/><D28/><U5/><E5/><V114/><F114/><W39/><G39/><T38/><D38/><U94/><E94/><N who="2" m="58583" /><F85/><N who="3" m="48383" /><G95/><T25/><D93/><U31/><E31/><V72/><F72/><W100/><G100/><T118/><D103/><U35/><E35/><V1/><F1/><W107/><G107/><T26/><D33/><U133/><E133/><V134/><F134/><W56/><G29/><T80/><D127/><U88/><E88/><V81/><F81/><W51/><G97/><T70/><D118/><U106/><E106/><V16/><F16/><W112/><G96/><T34/><D34/><U75/><E75/><V73/><F73/><W78/><G78/><T69/><D84/><U2/><E2/><V91/><F91/><W86/><G112/><T44/><D80/><U65/><E65/><AGARI ba="1,2" hai="17,23,25,26,27,44,50,55,60,61,64,65,69,70" machi="65" ten="40,3900,0" yaku="9,1,52,1" doraHai="40" who="0" fromWho="1" sc="270,62,230,-42,240,0,240,0" /><INIT seed="0,2,0,4,2,129" ten="332,188,240,240" oya="0" hai0="79,25,23,121,134,128,118,123,49,115,124,32,26" hai1="18,120,46,63,13,130,125,57,106,45,44,81,28" hai2="72,4,101,122,95,5,83,88,21,76,93,62,119" hai3="43,17,39,75,29,71,135,51,20,111,77,1,6"/><T30/><D49/><U8/><E120/><N who="0" m="46153" /><D79/><U74/><E106/><V36/><F122/><W91/><G135/><T31/><D128/><U98/><E130/><V126/><F119/><W105/><G111/><T53/><D53/><U114/><E114/><V116/><F116/><W86/><G29/><T97/><D97/><U73/><E125/><V52/><F126/><W104/><G71/><T84/><D84/><U82/><E98/><V99/><F36/><W9/><G39/><T113/><D124/><U15/><E28/><V41/><F21/><W27/><G77/><T78/><D78/><U90/><E90/><V103/><F41/><W64/><G64/><T11/><D118/><U67/><E74/><V14/><F14/><W112/><G112/><N who="0" m="43083" /><D11/><U0/><E73/><V87/><REACH who="2" step="1"/><F103/><REACH who="2" ten="332,188,230,240" step="2"/><W110/><G43/><T47/><D47/><U34/><E34/><V65/><F65/><W33/><G33/><T48/><D48/><U108/><E108/><V107/><F107/><W80/><G51/><T42/><D42/><U2/><E2/><V37/><F37/><W127/><G110/><T94/><D23/><N who="1" m="11727" /><E0/><V50/><F50/><W89/><G127/><T61/><D32/><U131/><E131/><V54/><F54/><W56/><G105/><T22/><D22/><U19/><AGARI ba="2,1" hai="8,15,19,44,45,46,57,63,67,81,82" m="11727" machi="19" ten="30,1100,0" yaku="8,1" doraHai="129" who="1" fromWho="1" sc="332,-7,188,27,230,-5,240,-5" /><INIT seed="1,0,0,0,0,47" ten="325,215,225,235" oya="1" hai0="9,78,122,131,125,66,74,90,52,27,57,26,120" hai1="135,129,82,114,33,96,119,88,19,51,37,62,109" hai2="98,85,83,36,69,117,32,101,61,77,16,121,80" hai3="107,104,64,11,5,79,10,70,50,60,106,134,110"/><U111/><E37/><V42/><F32/><W65/><G110/><N who="1" m="41994" /><E114/><V115/><F115/><W24/><G134/><T1/><D66/><U40/><E119/><V87/><F117/><W58/><G79/><T130/><D125/><U55/><E33/><V49/><F121/><N who="0" m="46698" /><D90/><U54/><E135/><V17/><F36/><W103/><G11/><T0/><D78/><U43/><E129/><N who="0" m="49161" /><D74/><U72/><E72/><V67/><F42/><W89/><G89/><T99/><D99/><U7/><E7/><V21/><F85/><W92/><G65/><T71/><D71/><U113/><E113/><V13/><F83/><W126/><G126/><T81/><D81/><U68/><E19/><V95/><F17/><W44/><G92/><T127/><D127/><U28/><E28/><V94/><F94/><W14/><G24/><N who="0" m="9259" /><D9/><U15/><E96/><V2/><F98/><W76/><G76/><T132/><D132/><U30/><E68/><V63/><F69/><W3/><G70/><T23/><D23/><U97/><E97/><V53/><F21/><W41/><REACH who="3" step="1"/><G103/><REACH who="3" ten="325,215,225,225" step="2"/><T133/><D133/><U75/><E88/><V12/><F101/><W8/><G8/><T128/><D128/><U31/><E82/><V105/><F80/><W29/><G29/><T22/><D22/><U48/><E31/><V56/><F77/><W45/><G45/><T93/><D93/><U86/><E30/><V4/><F95/><W100/><G100/><T39/><D0/><AGARI ba="0,1" hai="0,3,5,10,14,41,44,50,58,60,64,104,106,107" machi="0" ten="40,5200,0" yaku="1,1,52,1,53,1" doraHai="47" doraHaiUra="38" who="3" fromWho="0" sc="325,-52,215,0,225,0,225,62" /><INIT seed="2,0,0,0,2,103" ten="273,215,225,287" oya="2" hai0="92,98,46,42,99,94,45,82,29,10,53,124,93" hai1="78,51,62,32,25,1,86,36,15,48,64,39,7" hai2="115,90,27,105,57,135,40,104,70,79,37,33,129" hai3="8,77,54,84,21,85,63,34,118,123,14,68,4"/><V96/><F115/><W5/><G34/><T35/><D124/><U28/><E1/><V58/><F70/><W112/><G123/><T101/><D35/><U38/><E78/><V132/><F129/><W60/><G118/><T24/><D53/><U97/><E86/><V75/><F40/><W131/><G131/><T108/><D108/><U122/><E122/><V109/><F37/><W95/><G68/><T12/><D82/><U47/><E47/><V110/><F79/><W59/><G5/><T116/><D116/><U71/><E7/><V65/><F75/><W30/><G112/><T22/><D42/><U23/><E15/><V81/><F65/><W74/><G74/><T127/><D127/><U17/><E17/><V126/><F126/><W20/><G30/><T121/><D121/><U114/><E23/><V18/><F18/><W76/><G63/><T3/><D3/><U9/><E9/><V26/><F33/><W50/><G60/><T16/><D94/><U107/><E114/><V113/><F113/><W2/><G2/><T119/><D119/><U43/><E43/><V80/><F96/><W130/><G130/><T125/><D125/><U55/><E55/><V87/><F87/><N who="3" m="33355" /><G95/><T61/><D61/><U49/><E38/><V56/><F56/><W120/><G120/><T100/><AGARI ba="0,0" hai="10,12,16,22,24,29,45,46,92,93,98,99,100,101" machi="100" ten="20,8000,1" yaku="0,1,7,1,9,1,8,1,54,1" doraHai="103" who="0" fromWho="0" sc="273,80,215,-20,225,-40,287,-20" /><INIT seed="3,0,0,0,0,85" ten="353,195,185,267" oya="3" hai0="71,63,35,117,118,53,89,28,87,44,109,128,77" hai1="24,116,61,106,91,74,36,123,65,39,10,11,51" hai2="4,48,121,135,73,1,21,115,47,114,122,14,34" hai3="9,124,88,30,75,99,120,26,50,69,55,22,8"/><W108/><G120/><N who="2" m="46185" /><F73/><W43/><G69/><T6/><D77/><U134/><E123/><V67/><F67/><W40/><G75/><T97/><D6/><U25/><E74/><V113/><F34/><W80/><G124/><T102/><D109/><U59/><E116/><V112/><N who="2" m="28672" /><DORA hai="56" /><V12/><F135/><W57/><G108/><T37/><D128/><U98/><E134/><V107/><F107/><W78/><G78/><T84/><D84/><U68/><E106/><V15/><F21/><W94/><G80/><T76/><D76/><U132/><E132/><V100/><F100/><W23/><G23/><T49/><D37/><U110/><E110/><V17/><F17/><W7/><REACH who="3" step="1"/><G8/><REACH who="3" ten="353,195,185,257" step="2"/><T20/><D20/><U13/><E10/><N who="2" m="4167" /><F1/><AGARI ba="0,1" hai="1,7,9,22,26,30,40,43,50,55,57,88,94,99" machi="1" ten="30,12000,1" yaku="1,1,7,1,52,1,54,1,53,1" doraHai="85,56" doraHaiUra="111,19" who="3" fromWho="2" sc="353,0,195,0,185,-120,257,130" owari="353,15.3,195,-20.5,65,-43.5,387,48.7" /></mjloggm>