<mjloggm ver="2.3"><GO type="225" lobby="0"/><UN n0="%E6%B5%81%E3%82%8C%EF%BC%9F%53%4F%41" n1="%E3%83%A9%E3%83%BC%E3%83%A1%E3%83%B3%E4%BA%94%E9%83%8E" n2="%E3%81%BF%E3%81%BF%E3%81%9A" n3="%E6%9C%88%E5%B3%B6%E5%9F%BA" dan="17,16,17,17" rate="2257.32,2086.25,2257.35,2222.84" sx="M,M,M,M"/><TAIKYOKU oya="0"/><INIT seed="0,0,0,0,4,108" ten="250,250,250,250" oya="0" hai0="115,22,34,127,48,52,47,41,131,116,134,2,36" hai1="66,15,105,111,11,12,54,94,118,45,10,75,0" hai2="28,128,37,50,110,8,53,63,32,69,43,70,27" hai3="121,19,95,87,7,16,81,26,100,14,117,62,65"/><T129/><D116/><U83/><E118/><V114/><F110/><W60/><G117/><T120/><D34/><U125/><E105/><V55/><F128/><N who="0" m="49226" /><D2/><U107/><E107/><V5/><F114/><W92/><G121/><T46/><D120/><U82/><E111/><V71/><F37/><W98/><G95/><T90/><D90/><U57/><E0/><V29/><F29/><W51/><G7/><T133/><D22/><U61/><E125/><V86/><F86/><W6/><G6/><T20/><D20/><U56/><E75/><V126/><F126/><W102/><G102/><T135/><D115/><U99/><E45/><V80/><F80/><N who="1" m="30761" /><E10/><V13/><F63/><W78/><G26/><T101/><D101/><N who="1" m="60663" /><E11/><V64/><F64/><W104/><G65/><T21/><D21/><U31/><E31/><V24/><F27/><W58/><G104/><T3/><D3/><U124/><E124/><AGARI ba="0,0" hai="36,41,46,47,48,52,124,127,133,134,135" m="49226" machi="124" ten="40,18000,2" yaku="30,2,20,1,19,1,34,2,54,1" doraHai="108" who="0" fromWho="1" sc="250,180,250,-180,250,0,250,0" /><INIT seed="0,1,0,3,5,26" ten="430,70,250,250" oya="0" hai0="2,30,90,15,85,56,73,119,17,78,130,99,11" hai1="42,69,34,110,131,32,70,75,45,65,125,93,19" hai2="117,88,123,1,96,37,72,94,122,66,134,55,13" hai3="28,84,116,36,95,115,87,10,61,20,83,14,51"/><T76/><D119/><U107/><E107/><V49/><F1/><W62/><G115/><T79/><D73/><U25/><E75/><V128/><F37/><W133/><G36/><T48/><D2/><U111/><E125/><V121/><F117/><W112/><G112/><T38/><D38/><U108/><E131/><V59/><F128/><W16/><G116/><T6/><D99/><U98/><E19/><V21/><F134/><W27/><G133/><T9/><D130/><U82/><E82/><V44/><F72/><W24/><G24/><T46/><D56/><U12/><E12/><V81/><F81/><W91/><G51/><T129/><D129/><U97/><E97/><V103/><F21/><W64/><G64/><T39/><D39/><U71/><E65/><V109/><F109/><W3/><G3/><T120/><D120/><U4/><E4/><V80/><F13/><W57/><G57/><T135/><D135/><U127/><E25/><V104/><F80/><W40/><G40/><T100/><D100/><U63/><E63/><V102/><REACH who="2" step="1"/><F104/><REACH who="2" ten="430,70,240,250" step="2"/><W77/><AGARI ba="1,1" hai="10,14,16,20,27,28,61,62,77,83,84,87,91,95" machi="77" ten="20,8000,1" yaku="0,1,7,1,8,1,52,1,54,1" doraHai="26" who="3" fromWho="3" sc="430,-41,70,-21,240,-21,250,93" /><INIT seed="1,0,0,3,4,102" ten="389,49,219,343" oya="1" hai0="130,68,129,55,5,41,27,58,121,64,126,76,35" hai1="107,39,22,43,29,47,118,87,2,111,0,30,20" hai2="67,10,131,53,4,11,79,96,62,132,44,78,23" hai3="15,122,116,16,124,99,119,48,98,24,65,46,134"/><U115/><E115/><V113/><F131/><N who="0" m="50186" /><D126/><U6/><E118/><N who="3" m="45098" /><G122/><T90/><D76/><U100/><E111/><V38/><F11/><N who="3" m="6271" /><G134/><T59/><D41/><U71/><E71/><V49/><F96/><W7/><G124/><T57/><D5/><U109/><E109/><V101/><F101/><W26/><G7/><T81/><D121/><U50/><E39/><V14/><F132/><W72/><G72/><T86/><D68/><U112/><E112/><V34/><F34/><W61/><G26/><T123/><D64/><U18/><E87/><V12/><F113/><W73/><G24/><T17/><D123/><U84/><E84/><V21/><F38/><W83/><G83/><T120/><D120/><U108/><E108/><V77/><REACH who="2" step="1"/><F12/><REACH who="2" ten="389,49,209,343" step="2"/><W25/><G25/><T1/><D35/><U66/><E0/><V37/><F37/><W91/><G99/><T40/><D1/><U52/><E100/><V31/><F31/><W56/><G98/><T28/><D28/><N who="1" m="10859" /><E107/><V63/><F63/><W19/><G61/><T110/><D110/><U93/><E2/><V69/><AGARI ba="0,1" hai="4,10,14,21,23,44,49,53,62,67,69,77,78,79" machi="69" ten="30,2000,0" yaku="1,1,0,1,53,0" doraHai="102" doraHaiUra="13" who="2" fromWho="2" sc="389,-5,49,-10,209,30,343,-5" /><INIT seed="2,0,0,1,3,76" ten="384,39,239,338" oya="2" hai0="59,95,23,57,74,113,89,112,73,16,61,79,0" hai1="58,35,106,6,116,21,53,40,93,98,87,109,72" hai2="104,22,115,44,27,121,62,91,43,123,114,29,92" hai3="30,32,135,56,84,88,11,90,96,83,103,75,131"/><V78/><F104/><W68/><G68/><T47/><D0/><U33/><E109/><V82/><F62/><W13/><G131/><T134/><D134/><U119/><E72/><V122/><F92/><N who="3" m="58759" /><G75/><T63/><D47/><U107/><E40/><V49/><REACH who="2" step="1"/><F91/><REACH who="2" ten="384,39,229,338" step="2"/><N who="3" m="51615" /><G135/><T25/><D63/><U81/><E106/><V64/><F64/><W41/><G90/><T105/><D105/><U8/><E107/><V70/><F70/><W133/><G88/><T117/><D61/><U28/><E119/><V66/><F66/><W124/><G133/><T60/><D60/><U42/><E116/><V52/><F52/><W46/><G41/><T108/><D117/><U51/><E42/><V86/><AGARI ba="0,1" hai="22,27,29,43,44,49,78,82,86,114,115,121,122,123" machi="86" ten="30,6000,0" yaku="1,1,0,1,52,1,53,0" doraHai="76" doraHaiUra="50" who="2" fromWho="2" sc="384,-20,39,-20,229,70,338,-20" /><INIT seed="2,1,0,2,4,107" ten="364,19,299,318" oya="2" hai0="81,41,49,75,80,4,60,39,69,43,114,79,53" hai1="129,13,124,3,5,9,48,59,51,126,87,47,110" hai2="65,89,95,93,57,88,33,108,91,121,133,50,68" hai3="25,102,7,77,38,118,99,40,62,45,100,67,14"/><V106/><F121/><W123/><G118/><T30/><D114/><U122/><E122/><V120/><F120/><W134/><G123/><T113/><D113/><U21/><E110/><V112/><F112/><W26/><G134/><T1/><D30/><U86/><E129/><V130/><F106/><W22/><G77/><T36/><D80/><U73/><E73/><V29/><F133/><W11/><G99/><T44/><D41/><U109/><E109/><V103/><F108/><W20/><G20/><T94/><D94/><N who="2" m="35850" /><F68/><W78/><G78/><T54/><D54/><U116/><E116/><V135/><F33/><W117/><G117/><T105/><D105/><U52/><E3/><V97/><F135/><W55/><G55/><T61/><D69/><U27/><E126/><V71/><F71/><W64/><G26/><T37/><REACH who="0" step="1"/><D43/><REACH who="0" ten="354,19,299,318" step="2"/><U23/><E124/><V76/><F130/><W131/><G131/><T2/><D2/><U31/><REACH who="1" step="1"/><E21/><REACH who="1" ten="354,9,299,318" step="2"/><V74/><F74/><W66/><REACH who="3" step="1"/><G62/><REACH who="3" ten="354,9,299,308" step="2"/><T24/><D24/><U119/><E119/><V32/><F32/><W18/><AGARI ba="1,3" hai="7,11,14,18,22,25,38,40,45,64,66,67,100,102" machi="18" ten="30,7900,0" yaku="1,1,2,1,0,1,53,1" doraHai="107" doraHaiUra="19" who="3" fromWho="3" sc="354,-21,9,-21,299,-40,308,112" owari="333,13.3,-12,-51.2,259,-14.1,420,52.0" /></mjloggm>