<mjloggm ver="2.3"><GO type="169" lobby="0"/><UN n0="%E3%83%8F%E3%82%BF%E3%83%A2%E3%83%88%E3%83%92%E3%83%AD" n1="%41%63%75%6E%61%4A%72" n2="%E3%82%80%E3%81%97%E6%AD%AF" n3="%E3%82%A8%E3%82%B9%E3%82%AB%E3%83%AB%E3%82%B4%E3%83%B3" dan="17,17,17,16" rate="2175.27,2236.20,2175.86,2132.96" sx="M,M,M,M"/><TAIKYOKU oya="0"/><INIT seed="0,0,0,5,5,6" ten="250,250,250,250" oya="0" hai0="55,94,15,49,129,28,82,63,67,44,118,3,115" hai1="103,96,116,117,73,45,76,46,98,48,99,16,53" hai2="81,132,31,72,42,10,77,1,8,93,113,109,123" hai3="92,128,12,59,39,17,5,83,13,21,18,114,47"/><T107/><D115/><U133/><E133/><V91/><F113/><W54/><G114/><T43/><D107/><U84/><E73/><V120/><F109/><W9/><G128/><T125/><D3/><U68/><E68/><V40/><F132/><W121/><G121/><T97/><D118/><U0/><E0/><V26/><F1/><W95/><G39/><T38/><D125/><U11/><E103/><V88/><F120/><W58/><G83/><T50/><D129/><U75/><E75/><V29/><F29/><W22/><G47/><T37/><D28/><U25/><E25/><V65/><F65/><W85/><G85/><T102/><D15/><N who="1" m="7295" /><E117/><V89/><F123/><W79/><G79/><T80/><D37/><U24/><E24/><V127/><F127/><W112/><G112/><T124/><D124/><U33/><E33/><V19/><F93/><W51/><G59/><T69/><REACH who="0" step="1"/><D50/><REACH who="0" ten="240,250,250,250" step="2"/><U57/><E116/><V90/><N who="2" m="22528" /><DORA hai="100" /><V14/><REACH who="2" step="1"/><F10/><REACH who="2" ten="240,250,240,250" step="2"/><W7/><G9/><T105/><D105/><U131/><E131/><V87/><F87/><W126/><G126/><T106/><D106/><U62/><E84/><V52/><F52/><W30/><G30/><T27/><D27/><U101/><E53/><V122/><F122/><W71/><G92/><T34/><D34/><AGARI ba="0,2" hai="8,14,19,26,31,34,40,42,72,77,81" m="22528" machi="34" ten="50,6400,0" yaku="1,1,52,1,54,1,53,0" doraHai="6,100" doraHaiUra="119,60" who="2" fromWho="0" sc="240,-64,250,0,240,84,250,0" /><INIT seed="1,0,0,4,4,106" ten="176,250,324,250" oya="1" hai0="90,91,78,135,122,5,28,127,35,113,95,100,41" hai1="125,43,108,50,26,101,37,129,109,67,77,71,112" hai2="29,123,31,98,102,55,52,54,133,21,94,132,87" hai3="75,8,9,12,14,44,61,110,38,76,97,134,32"/><U4/><E112/><V99/><F123/><W103/><G32/><T74/><D113/><U40/><E4/><V24/><F31/><W17/><G110/><N who="1" m="42602" /><E101/><V80/><REACH who="2" step="1"/><F99/><REACH who="2" ten="176,250,314,250" step="2"/><W53/><G97/><T46/><D28/><U68/><E129/><V115/><F115/><W60/><G134/><T130/><D135/><U118/><E118/><V70/><F70/><W131/><G131/><T27/><D122/><U116/><E71/><V114/><F114/><W39/><G103/><T57/><D100/><U58/><E116/><V13/><F13/><W72/><G12/><T34/><D130/><U25/><E68/><V120/><F120/><W51/><G14/><T48/><D27/><U105/><E25/><V64/><F64/><W66/><G66/><T124/><D124/><U89/><E26/><V19/><F19/><W126/><G17/><T56/><D127/><U2/><E125/><V85/><F85/><W3/><G126/><T82/><D5/><U33/><E67/><V121/><F121/><W16/><G16/><T18/><D18/><U63/><E2/><V111/><F111/><W88/><G3/><T11/><D11/><U20/><E20/><V6/><F6/><W119/><G119/><T107/><D34/><U128/><E33/><V59/><F59/><W10/><G10/><T36/><D35/><U23/><E23/><V65/><F65/><W104/><G8/><T7/><D7/><U117/><E58/><V79/><AGARI ba="0,1" hai="21,24,29,52,54,55,79,80,87,94,98,102,132,133" machi="79" ten="30,4000,0" yaku="1,1,0,1,54,1,53,0" doraHai="106" doraHaiUra="30" who="2" fromWho="2" sc="176,-10,250,-20,314,50,250,-10" /><INIT seed="2,0,0,2,4,72" ten="166,230,364,240" oya="2" hai0="19,121,11,84,44,56,30,81,120,64,82,91,68" hai1="135,4,133,51,50,57,101,67,115,88,76,87,61" hai2="28,2,100,119,131,127,13,66,49,10,98,18,134" hai3="23,29,62,65,53,104,41,74,86,102,46,123,106"/><V108/><F119/><W97/><G74/><T78/><D68/><U112/><E101/><V111/><F127/><W5/><G123/><T80/><D30/><U16/><E4/><V70/><F131/><W60/><G5/><T95/><D121/><U33/><E33/><V42/><F134/><N who="1" m="51209" /><E76/><V75/><F75/><W43/><G104/><T47/><D120/><U25/><E25/><V24/><F2/><W39/><G41/><T6/><D19/><U21/><E51/><V12/><F12/><W15/><G53/><T73/><D81/><U124/><E50/><V0/><F0/><W36/><G36/><T54/><D82/><U89/><E89/><V45/><F66/><W27/><G65/><T128/><D64/><U122/><E124/><V3/><F70/><W107/><G107/><T116/><D116/><U52/><E67/><V79/><F79/><W14/><G14/><T22/><D22/><U109/><E109/><N who="2" m="42059" /><F3/><W92/><G15/><T83/><D128/><U40/><E40/><V132/><F132/><W90/><AGARI ba="0,0" hai="23,27,29,39,43,46,60,62,86,90,92,97,102,106" machi="90" ten="30,1100,0" yaku="0,1" doraHai="72" who="3" fromWho="3" sc="166,-3,230,-3,364,-5,240,11" /><INIT seed="3,0,0,1,0,79" ten="163,227,359,251" oya="3" hai0="120,56,60,111,28,40,83,115,69,68,0,55,3" hai1="110,88,123,48,20,58,23,109,26,41,11,76,117" hai2="101,91,70,116,25,52,85,89,51,114,80,54,90" hai3="10,102,9,34,129,44,36,97,122,18,95,92,130"/><W86/><G122/><T4/><D120/><U128/><E123/><V1/><F1/><W99/><G34/><T38/><D111/><N who="1" m="42507" /><E128/><N who="3" m="49258" /><G86/><T12/><D28/><U24/><E76/><V113/><F116/><W104/><G18/><T15/><D115/><U17/><E11/><N who="3" m="4106" /><G97/><T81/><D3/><U22/><E117/><V46/><F70/><W8/><N who="3" m="4114" /><W39/><DORA hai="75" /><G44/><T131/><D0/><U72/><E72/><V74/><F74/><W43/><G43/><T126/><D4/><U108/><N who="1" m="42515" /><U127/><DORA hai="105" /><E17/><V37/><F101/><W7/><G7/><T134/><D131/><U32/><E32/><V96/><F25/><W100/><G100/><T62/><D69/><U124/><E41/><V31/><F31/><W50/><G50/><T33/><D33/><U47/><E47/><V6/><F6/><W30/><G30/><T77/><D40/><U98/><E26/><V112/><F96/><W2/><G2/><T35/><D35/><U45/><E24/><V57/><F114/><W87/><G87/><T27/><D27/><U119/><E45/><V65/><F113/><W78/><G78/><T14/><D77/><U135/><E119/><V118/><F118/><W121/><G121/><T53/><D68/><U61/><E48/><V67/><F112/><W73/><G73/><T13/><D13/><U84/><E98/><V16/><F16/><W125/><G125/><T106/><D12/><U59/><E127/><V63/><F51/><W21/><G21/><T107/><D126/><U19/><E124/><V49/><F49/><W42/><G42/><RYUUKYOKU ba="0,0" sc="163,-10,227,-10,359,-10,251,30" hai3="36,39,92,95,99,102,104" /><INIT seed="3,1,0,2,4,22" ten="153,217,349,281" oya="3" hai0="72,3,68,127,130,126,69,84,132,15,71,61,79" hai1="91,66,8,129,86,43,103,122,123,58,101,131,31" hai2="74,35,90,4,49,94,30,99,73,96,128,0,16" hai3="63,29,112,51,26,119,106,28,76,23,85,118,11"/><W77/><G112/><T9/><D3/><U100/><E31/><V92/><F128/><N who="1" m="49225" /><E43/><V41/><F0/><W124/><G106/><T10/><D130/><U47/><E47/><V13/><F4/><W120/><G120/><N who="1" m="46122" /><E8/><V95/><F95/><W32/><G124/><T21/><D61/><U2/><E2/><V45/><F35/><W64/><G11/><T48/><D48/><U27/><E27/><V109/><F109/><W102/><G102/><T59/><D59/><U114/><E114/><V115/><F30/><W55/><G85/><T98/><D71/><U104/><E58/><V80/><F80/><W57/><G119/><T70/><D70/><U89/><E66/><V134/><F134/><W33/><G118/><T62/><D132/><U25/><E25/><V20/><REACH who="2" step="1"/><F115/><REACH who="2" ten="153,217,339,281" step="2"/><W117/><G117/><T6/><D6/><U108/><E108/><V7/><F7/><W14/><G28/><T40/><D127/><U37/><E37/><V111/><F111/><W83/><G83/><T107/><D126/><U82/><E104/><V116/><F116/><W56/><G32/><T113/><D107/><U75/><E75/><V12/><F12/><W135/><G135/><T133/><D15/><U54/><E82/><V42/><F42/><W60/><G33/><T78/><D40/><U67/><E103/><AGARI ba="1,1" hai="13,16,20,41,45,49,73,74,90,92,94,96,99,103" machi="103" ten="30,3900,0" yaku="1,1,7,1,54,1,53,0" doraHai="22" doraHaiUra="34" who="2" fromWho="1" sc="153,0,217,-42,339,52,281,0" /><INIT seed="4,0,0,5,1,107" ten="153,175,391,281" oya="0" hai0="2,63,47,105,123,0,68,96,7,34,57,122,9" hai1="20,130,120,14,58,98,95,83,87,62,41,97,111" hai2="116,28,12,112,126,69,53,109,125,36,55,10,17" hai3="117,45,77,113,76,31,133,101,134,102,75,3,118"/><T19/><D68/><U135/><E120/><V94/><F109/><W70/><G3/><T56/><D34/><U35/><E35/><V110/><F110/><W131/><G31/><T18/><D47/><U84/><E111/><V1/><F112/><W128/><G70/><T88/><D105/><U67/><E135/><N who="3" m="51722" /><G45/><T78/><D78/><N who="3" m="30313" /><G75/><T103/><D103/><N who="3" m="39433" /><G113/><T59/><D63/><U52/><E41/><V43/><F1/><W108/><G108/><T121/><REACH who="0" step="1"/><D0/><REACH who="0" ten="143,175,391,281" step="2"/><U32/><E32/><V8/><F69/><W86/><G86/><T73/><D73/><U33/><E33/><V114/><F114/><W6/><G6/><T65/><D65/><U124/><E67/><V91/><F43/><W49/><G49/><T99/><D99/><U40/><E40/><V51/><F51/><W72/><G72/><T54/><D54/><U115/><E98/><V5/><F53/><W37/><G37/><T30/><D30/><U92/><E97/><V25/><F55/><W29/><G29/><T104/><D104/><U38/><E38/><V81/><F28/><W13/><G13/><T64/><D64/><U21/><E87/><V93/><F12/><W16/><G16/><T42/><D42/><U82/><E84/><V26/><F17/><W46/><G46/><T61/><D61/><U50/><E62/><V85/><F5/><W27/><G27/><T22/><D22/><U132/><E115/><V11/><F36/><W60/><G60/><T4/><D4/><U100/><E132/><V80/><F26/><W66/><G66/><T15/><D15/><U89/><E14/><RYUUKYOKU ba="0,1" sc="143,15,175,-15,391,-15,281,15" hai0="2,7,9,18,19,56,57,59,88,96,121,122,123" hai3="117,118,128,131" /><INIT seed="4,1,1,3,4,103" ten="158,160,376,296" oya="0" hai0="5,72,47,7,70,41,6,135,4,97,77,127,2" hai1="60,64,9,62,134,107,31,16,84,117,82,108,51" hai2="42,21,32,15,25,116,57,29,0,38,33,98,90" hai3="87,59,58,85,1,80,34,78,63,74,111,3,93"/><T10/><D70/><U129/><E108/><V106/><F0/><W61/><G111/><T131/><D135/><U91/><E117/><V54/><F116/><W8/><G34/><T40/><D40/><U17/><E134/><V105/><F38/><W119/><G119/><T83/><D97/><U133/><E133/><V89/><F42/><W122/><G122/><T101/><D101/><U115/><E107/><V88/><F98/><W67/><G93/><T27/><D27/><U130/><E115/><V13/><F33/><W96/><G96/><T43/><D43/><U69/><E31/><V109/><F109/><W20/><G20/><T18/><D18/><U94/><E94/><V79/><F79/><W50/><G50/><T49/><D131/><N who="1" m="50187" /><E51/><V124/><F124/><W53/><G1/><T65/><REACH who="0" step="1"/><D65/><REACH who="0" ten="148,160,376,296" step="2"/><N who="1" m="41127" /><E9/><V75/><F25/><W92/><G8/><T12/><D12/><U113/><E113/><V52/><F15/><W100/><G3/><T45/><D45/><U99/><E99/><V19/><F13/><W28/><G100/><T56/><D56/><AGARI ba="1,2" hai="16,17,56,62,64,82,84,91" m="41127,50187" machi="56" ten="30,2000,0" yaku="19,1,54,1" doraHai="103" who="1" fromWho="0" sc="148,-23,160,43,376,0,296,0" /><INIT seed="5,0,0,4,1,41" ten="125,203,376,296" oya="1" hai0="118,107,25,105,134,93,133,121,22,88,62,95,80" hai1="15,39,59,28,18,129,3,58,98,37,60,33,104" hai2="30,119,79,38,130,12,109,135,114,82,101,24,27" hai3="26,51,32,14,6,91,16,69,70,64,117,96,87"/><U123/><E3/><V17/><F109/><W76/><G117/><T29/><D118/><U127/><E123/><V100/><F119/><W21/><G76/><T20/><D121/><U35/><E127/><V34/><F130/><W46/><G96/><T40/><D80/><U112/><E129/><V55/><F135/><W116/><G116/><T1/><D1/><U0/><E0/><V78/><F114/><W113/><G113/><T48/><D62/><U7/><E7/><V110/><F110/><W106/><G106/><T122/><D122/><U57/><E60/><V67/><F67/><W85/><G64/><T44/><D95/><U126/><E126/><V9/><F79/><W86/><G91/><T2/><D2/><U10/><E112/><V52/><F38/><W8/><REACH who="3" step="1"/><G32/><REACH who="3" ten="125,203,376,286" step="2"/><T54/><D107/><U56/><E35/><V13/><F100/><W99/><G99/><T65/><D105/><U74/><E74/><V131/><F101/><W47/><G47/><N who="0" m="27935" /><D65/><U43/><E98/><V61/><F131/><W92/><G92/><T53/><D53/><AGARI ba="0,1" hai="6,8,14,16,21,26,46,51,53,69,70,85,86,87" machi="53" ten="40,5200,0" yaku="1,1,52,1,54,1,53,0" doraHai="41" doraHaiUra="36" who="3" fromWho="0" sc="125,-52,203,0,376,0,286,62" /><INIT seed="6,0,0,4,1,109" ten="73,203,376,348" oya="2" hai0="76,79,52,26,67,85,31,56,58,59,132,39,73" hai1="80,110,37,114,131,105,96,11,22,24,117,95,121" hai2="99,111,14,43,29,78,4,8,100,71,101,46,90" hai3="92,91,57,36,72,54,97,33,28,34,69,16,53"/><V102/><F71/><W55/><G69/><T74/><D39/><U41/><E110/><V133/><F111/><W135/><G72/><T51/><D132/><U75/><E117/><V17/><F133/><W94/><G36/><T118/><D118/><U129/><E105/><V134/><F134/><W45/><G135/><T21/><D67/><U32/><E32/><V27/><F78/><W66/><G45/><T119/><D119/><U128/><E11/><V60/><F60/><W130/><G130/><T106/><D106/><U18/><E121/><V120/><F120/><W83/><G83/><T77/><D73/><U49/><E49/><V63/><F63/><W3/><G3/><T64/><D74/><U50/><E50/><V107/><F90/><W12/><G28/><T87/><REACH who="0" step="1"/><D64/><REACH who="0" ten="63,203,376,348" step="2"/><U127/><E37/><V25/><F107/><W124/><G66/><T40/><D40/><U19/><E41/><V125/><F43/><W7/><G53/><T68/><D68/><U70/><E70/><V84/><F125/><W113/><G54/><T112/><D112/><U44/><E114/><V116/><F116/><W48/><G113/><T126/><D126/><U98/><E127/><V61/><F46/><AGARI ba="0,1" hai="21,26,31,46,51,52,56,58,59,76,77,79,85,87" machi="46" ten="40,5200,0" yaku="1,1,8,1,54,1,53,0" doraHai="109" doraHaiUra="2" who="0" fromWho="2" sc="63,62,203,0,376,-52,348,0" /><INIT seed="7,0,0,5,4,133" ten="125,203,324,348" oya="3" hai0="125,120,60,107,110,80,111,12,98,108,84,55,115" hai1="100,43,65,25,9,36,19,85,33,94,15,82,87" hai2="95,93,54,39,16,92,77,109,10,79,128,14,23" hai3="113,124,81,32,20,31,59,52,40,58,46,86,45"/><W64/><G124/><T67/><D55/><U37/><E65/><V41/><F109/><W11/><G113/><T0/><D0/><U97/><E43/><V24/><F128/><W62/><G32/><T49/><D49/><U104/><E87/><V18/><F39/><W3/><G3/><T34/><D34/><U13/><E104/><V103/><F41/><W88/><G11/><T71/><D120/><U6/><E25/><V17/><F103/><W1/><G1/><T121/><D121/><U73/><E73/><V101/><F101/><W28/><G20/><T117/><D117/><U69/><E69/><V35/><F35/><W127/><G127/><T8/><D98/><U83/><E83/><V96/><F96/><W68/><G68/><T91/><D107/><U122/><E122/><V27/><F54/><W48/><G45/><T112/><D12/><U72/><E72/><V56/><F56/><W126/><G126/><T51/><D51/><AGARI ba="0,0" hai="28,31,40,46,48,51,52,58,59,62,64,81,86,88" machi="51" ten="30,11600,0" yaku="7,1,8,1,54,2" doraHai="133" who="3" fromWho="0" sc="125,-116,203,0,324,0,348,116" owari="9,-49.1,203,-19.7,324,12.4,464,56.4" /></mjloggm>