<mjloggm ver="2.3"><GO type="169" lobby="0"/><UN n0="%E4%BA%BA%E5%93%81%E3%81%AA%E3%81%97" n1="%E3%82%BC%E3%83%B3%E3%83%84%E3%83%9E%E3%82%B7%E3%83%BC%E3%83%B3" n2="%E3%81%9F%E3%81%8B%E3%81%AF%E3%81%97%E3%81%83%E3%81%83%E3%81%83" n3="%E3%82%AB%E3%82%AA%E3%82%B9%E3%81%8C%E6%A5%B5%E3%81%BE%E3%82%8B" dan="17,16,19,17" rate="2201.76,2157.42,2246.86,2122.00" sx="M,M,M,M"/><TAIKYOKU oya="0"/><INIT seed="0,0,0,2,3,76" ten="250,250,250,250" oya="0" hai0="95,125,100,87,51,83,101,130,124,15,40,80,43" hai1="23,57,31,37,28,88,62,90,53,34,33,35,104" hai2="103,77,59,52,14,36,114,21,75,4,86,18,60" hai3="16,79,68,5,111,121,70,1,61,71,102,113,107"/><T82/><D130/><U120/><E120/><V72/><F114/><W7/><G113/><T48/><D87/><U123/><E123/><V122/><F122/><W49/><G111/><T133/><D133/><U54/><E104/><V132/><F132/><W69/><G102/><N who="0" m="39531" /><D95/><U55/><E37/><V2/><F36/><W66/><G107/><T89/><D89/><U131/><E131/><V63/><F103/><W12/><G1/><T27/><D27/><U38/><E38/><V129/><F129/><W8/><G121/><T58/><D15/><U97/><E97/><V116/><F116/><W22/><G49/><N who="0" m="19019" /><D58/><U6/><E6/><V3/><F3/><W19/><REACH who="3" step="1"/><G79/><REACH who="3" ten="250,250,250,240" step="2"/><T9/><D9/><U39/><E39/><V17/><F77/><W45/><G45/><T25/><D25/><AGARI ba="0,1" hai="5,7,8,12,16,19,22,25,61,66,68,69,70,71" machi="25" ten="40,2600,0" yaku="1,1,54,1,53,0" doraHai="76" doraHaiUra="73" who="3" fromWho="0" sc="250,-26,250,0,250,0,240,36" /><INIT seed="1,0,0,1,3,9" ten="224,250,250,276" oya="1" hai0="38,129,85,44,84,67,87,83,134,71,131,41,132" hai1="45,82,17,101,18,48,81,89,100,106,47,34,128" hai2="75,65,24,20,27,6,74,107,14,7,30,11,102" hai3="19,39,54,46,64,121,52,110,68,56,95,127,12"/><U96/><E128/><N who="0" m="49225" /><D83/><U4/><E34/><V63/><F102/><W66/><G121/><T53/><D71/><U97/><E4/><V0/><F107/><W99/><G110/><T123/><D67/><N who="3" m="25641" /><G127/><T26/><D26/><U119/><E89/><V1/><F6/><W124/><G39/><T122/><D53/><U108/><E119/><V88/><F24/><W13/><G68/><T35/><D35/><U3/><E3/><V10/><F10/><W32/><G32/><T55/><D55/><U126/><E108/><V133/><F133/><AGARI ba="0,0" hai="38,41,44,84,85,87,122,123,132,133,134" m="49225" machi="133" ten="40,2600,0" yaku="20,1,19,1" doraHai="9" who="0" fromWho="2" sc="224,26,250,0,250,-26,276,0" /><INIT seed="2,0,0,4,2,77" ten="250,250,224,276" oya="2" hai0="1,100,125,67,23,130,18,34,88,44,51,94,71" hai1="35,101,17,58,95,118,85,47,76,82,22,15,98" hai2="104,106,72,119,105,32,135,61,29,129,134,63,13" hai3="73,70,25,64,6,10,31,55,127,90,24,122,124"/><V117/><F13/><W40/><G122/><T69/><D34/><U133/><E118/><N who="2" m="45067" /><F72/><W81/><G25/><T54/><D125/><U7/><E35/><V65/><F129/><W107/><G55/><T110/><D110/><U92/><E133/><N who="2" m="50699" /><F65/><W116/><G116/><T123/><D123/><U8/><E47/><V131/><F131/><W5/><G5/><T37/><D100/><U109/><E109/><V4/><F4/><W19/><G73/><T78/><D130/><U26/><REACH who="1" step="1"/><E58/><REACH who="1" ten="250,240,224,276" step="2"/><V0/><F0/><W96/><G70/><T45/><D1/><U115/><E115/><V38/><F38/><W132/><G132/><T14/><D69/><U9/><E9/><V62/><F32/><W113/><G10/><T49/><D37/><U121/><E121/><V28/><AGARI ba="0,1" hai="28,29,61,62,63,104,105,106" m="50699,45067" machi="28" ten="50,9600,0" yaku="28,2,20,1" doraHai="77" who="2" fromWho="2" sc="250,-32,240,-32,224,106,276,-32" /><INIT seed="2,1,0,2,4,89" ten="218,208,330,244" oya="2" hai0="103,29,134,58,36,96,59,109,76,19,117,95,79" hai1="4,129,101,53,68,81,78,28,3,111,62,54,18" hai2="119,50,14,73,5,63,106,37,94,10,8,88,2" hai3="87,0,86,115,17,122,124,41,80,102,72,132,40"/><V30/><F37/><W34/><G0/><T82/><D109/><U23/><E111/><V64/><F106/><W13/><G122/><T104/><D134/><U26/><E129/><V135/><F135/><W15/><G34/><T57/><D117/><U110/><E110/><V65/><F73/><W118/><G132/><T126/><D126/><U92/><E4/><V125/><F125/><W127/><G72/><T97/><D29/><U98/><E3/><V46/><F30/><W100/><G80/><T39/><D19/><U45/><E45/><V128/><F128/><W133/><G133/><T99/><D99/><U1/><E1/><V20/><F20/><W85/><G17/><T44/><D44/><U12/><E62/><V22/><F22/><W42/><G115/><T31/><D31/><U121/><E68/><V55/><F63/><W67/><G67/><T35/><D35/><U6/><E6/><V43/><F43/><W16/><G16/><T49/><D49/><U33/><REACH who="1" step="1"/><E121/><REACH who="1" ten="218,198,330,244" step="2"/><V71/><F71/><W74/><G127/><T131/><D131/><U120/><E120/><V130/><F130/><W93/><G124/><T51/><D51/><U108/><E108/><V113/><F113/><W24/><G42/><T83/><D36/><U27/><E27/><V84/><F119/><W112/><G118/><T21/><D39/><U66/><E66/><N who="2" m="25707" /><F2/><W52/><G24/><T11/><D58/><U7/><E7/><V105/><F105/><W32/><G40/><T47/><D59/><U61/><E61/><V107/><F107/><W48/><G41/><T70/><D104/><RYUUKYOKU ba="1,1" sc="218,-15,198,15,330,15,244,-15" hai1="12,18,23,26,28,33,53,54,78,81,92,98,101" hai2="5,8,10,14,46,50,55,84,88,94" /><INIT seed="2,2,1,0,0,82" ten="203,213,345,229" oya="2" hai0="74,34,122,22,113,76,119,62,72,117,65,125,46" hai1="106,97,26,134,64,14,24,101,94,59,32,66,13" hai2="115,79,121,18,68,44,42,111,135,51,8,109,131" hai3="47,36,35,58,102,15,80,92,54,16,133,123,30"/><V53/><F79/><W55/><G123/><T61/><D122/><U130/><E134/><V118/><F121/><W29/><G133/><T41/><D34/><U93/><E130/><V12/><F135/><W108/><G108/><N who="2" m="41545" /><F115/><W71/><G71/><T52/><D76/><U81/><E106/><V90/><F118/><N who="0" m="45066" /><D22/><U9/><E93/><V107/><F107/><W45/><G36/><N who="0" m="21799" /><D125/><U110/><E110/><V84/><F68/><W85/><G35/><T87/><D87/><U39/><E39/><V4/><F131/><W77/><G30/><T63/><D113/><U3/><E3/><V21/><F42/><W25/><G29/><T0/><D0/><U124/><E124/><V28/><F28/><W98/><G25/><N who="1" m="9834" /><E32/><V49/><F49/><N who="3" m="31055" /><G55/><T70/><D72/><U75/><E75/><V1/><F1/><W86/><G86/><T73/><D73/><U103/><E81/><N who="2" m="49423" /><F21/><AGARI ba="2,1" hai="15,16,21,45,47,77,80,85,92,98,102" m="31055" machi="21" ten="30,3900,0" yaku="8,1,52,1,54,1" doraHai="82" who="3" fromWho="2" sc="203,0,213,0,345,-45,229,55" /><INIT seed="3,0,0,1,3,92" ten="203,213,300,284" oya="3" hai0="38,39,79,124,87,32,61,17,126,28,0,31,77" hai1="64,130,121,21,41,131,55,113,114,6,54,119,101" hai2="85,82,15,99,68,67,80,27,135,53,110,107,89" hai3="34,35,43,90,112,134,29,4,125,122,11,26,63"/><W81/><G112/><T18/><D87/><U49/><E101/><V73/><F15/><W30/><G122/><T127/><D0/><U74/><E74/><V111/><F53/><N who="1" m="19977" /><E21/><V13/><F67/><W57/><G43/><T88/><D61/><U10/><E10/><V3/><F68/><W42/><G42/><T48/><D48/><U115/><E6/><V23/><F13/><W93/><G81/><T5/><D5/><U78/><E78/><N who="0" m="29705" /><D88/><U9/><E9/><V45/><F3/><W72/><G72/><T96/><D96/><U60/><E121/><V86/><F73/><W22/><G4/><T58/><D58/><N who="1" m="36887" /><E119/><V50/><F99/><W100/><G11/><T129/><D129/><N who="1" m="49163" /><E41/><V98/><F82/><W117/><G90/><T59/><D32/><U20/><E20/><V102/><F23/><W62/><G22/><T123/><D123/><U106/><E106/><V16/><F80/><W51/><G117/><T128/><D128/><U1/><E1/><V65/><F89/><W56/><G35/><T118/><D118/><U116/><E116/><V37/><F86/><W19/><G34/><T95/><D95/><U52/><E115/><V105/><F85/><W12/><G93/><T109/><D28/><U103/><E103/><V104/><F102/><W36/><G100/><T133/><D31/><U2/><E2/><V83/><F105/><W25/><G30/><T75/><D75/><U120/><E120/><V76/><F104/><W46/><G29/><T84/><D17/><U8/><E8/><V47/><F107/><W70/><G19/><T69/><D18/><RYUUKYOKU ba="0,0" sc="203,-10,213,30,300,-10,284,-10" hai1="49,52,113,114" /><INIT seed="4,1,0,4,4,133" ten="193,243,290,274" oya="0" hai0="93,45,87,100,76,60,54,81,120,62,113,69,134" hai1="39,64,99,20,41,30,128,94,112,42,124,19,43" hai2="96,5,56,66,9,35,6,105,72,37,2,92,12" hai3="109,11,59,32,68,8,77,115,26,25,36,119,82"/><T13/><D120/><U98/><E128/><V121/><F121/><W34/><G109/><T91/><D134/><U85/><E39/><V102/><F37/><W83/><G36/><T24/><D113/><U38/><E38/><V22/><F35/><W70/><G59/><T107/><D69/><U127/><E30/><V104/><F72/><W33/><G77/><T40/><D54/><U90/><E64/><V49/><F49/><W23/><G23/><T16/><D24/><U130/><E130/><V84/><F84/><W63/><G34/><T114/><D114/><U78/><E112/><V15/><F2/><W88/><G115/><T18/><D18/><U31/><E31/><V58/><F58/><W80/><G80/><T125/><D125/><N who="1" m="48203" /><E78/><V111/><F111/><W47/><G32/><T4/><D4/><U132/><E132/><V86/><F5/><W67/><G33/><T29/><D29/><U75/><E75/><V50/><F6/><W51/><G67/><T48/><D100/><U27/><AGARI ba="1,0" hai="19,20,27,41,42,43,85,90,94,98,99" m="48203" machi="27" ten="30,7900,0" yaku="18,1,52,3" doraHai="133" who="1" fromWho="1" sc="193,-40,243,82,290,-21,274,-21" /><INIT seed="5,0,0,1,3,68" ten="153,325,269,253" oya="1" hai0="128,33,15,66,94,28,27,113,32,6,134,52,121" hai1="83,47,44,104,109,87,49,75,31,20,73,119,42" hai2="111,129,23,88,105,100,13,39,74,34,103,90,126" hai3="0,59,76,19,45,16,35,110,71,89,22,82,58"/><U11/><E119/><V120/><F34/><W79/><G71/><T14/><D113/><U63/><E104/><V106/><F13/><W10/><G35/><T64/><D128/><U97/><E109/><V86/><F23/><W77/><G110/><T37/><D134/><U57/><E11/><V98/><F111/><W81/><G45/><T30/><D121/><U41/><E97/><N who="2" m="61583" /><F39/><W18/><G22/><T46/><D94/><U124/><E124/><V17/><F17/><W60/><G89/><N who="2" m="34409" /><F120/><W130/><G130/><T108/><D108/><U62/><E20/><V48/><F48/><W55/><REACH who="3" step="1"/><G59/><REACH who="3" ten="153,325,269,243" step="2"/><T5/><D46/><U123/><E57/><V53/><F129/><W93/><G93/><T26/><REACH who="0" step="1"/><D37/><REACH who="0" ten="143,325,269,243" step="2"/><U9/><E47/><V72/><F106/><W78/><N who="3" m="19456" /><DORA hai="51" /><W29/><G29/><T24/><D24/><U40/><E44/><V8/><F126/><W127/><G127/><T107/><D107/><U1/><E31/><V117/><F117/><W125/><G125/><T56/><D56/><U102/><E123/><V12/><F72/><W2/><G2/><T65/><D65/><U85/><E1/><V101/><F74/><W3/><G3/><T116/><D116/><U36/><E75/><V114/><F114/><W112/><G112/><T43/><D43/><U61/><E41/><V21/><F103/><W96/><G96/><T84/><D84/><U7/><E102/><V133/><F86/><W69/><G69/><T50/><D50/><U95/><E49/><V132/><F101/><W70/><G70/><T38/><D38/><U122/><E36/><RYUUKYOKU ba="0,2" sc="143,15,325,-15,269,-15,243,15" hai0="5,6,14,15,26,27,28,30,32,33,52,64,66" hai3="0,10,16,18,19,55,58,60,81,82" /><INIT seed="6,1,2,0,0,131" ten="158,310,254,258" oya="2" hai0="1,15,115,93,55,121,63,77,89,48,91,117,113" hai1="25,35,24,128,45,111,118,72,12,0,46,79,19" hai2="114,43,119,28,37,86,92,75,6,3,42,100,59" hai3="18,97,31,94,123,23,29,30,62,104,33,16,127"/><V39/><F75/><W78/><G123/><T49/><D121/><U87/><E111/><V61/><F119/><W17/><G104/><T68/><D1/><U73/><E118/><V32/><F37/><W40/><G127/><T126/><D126/><U53/><E0/><V34/><F114/><W134/><G134/><T54/><D117/><U20/><E128/><V71/><F71/><W8/><G40/><T65/><D77/><U90/><E35/><V106/><F106/><W44/><G44/><T110/><D110/><U85/><E73/><V129/><F129/><W108/><G78/><T122/><D122/><U82/><E72/><V101/><F32/><W2/><G108/><T51/><D15/><U80/><E53/><V112/><F112/><N who="0" m="43082" /><D91/><U130/><E130/><V88/><F34/><W10/><G2/><T57/><D89/><U11/><REACH who="1" step="1"/><E25/><REACH who="1" ten="158,300,254,258" step="2"/><V66/><F3/><W109/><G33/><T14/><D14/><U99/><E99/><V36/><F43/><W102/><G109/><T52/><D93/><U74/><E74/><V124/><F92/><W60/><G23/><T70/><AGARI ba="1,3" hai="48,49,51,52,54,55,57,63,65,68,70" m="43082" machi="70" ten="40,8000,1" yaku="15,1,34,2,54,1" doraHai="131" who="0" fromWho="0" sc="158,113,300,-21,254,-41,258,-21" /><INIT seed="7,0,0,1,1,132" ten="271,279,213,237" oya="3" hai0="16,64,8,15,24,95,101,129,123,82,96,117,122" hai1="42,1,109,87,113,22,18,120,39,77,14,46,91" hai2="7,102,2,128,56,133,26,49,47,4,126,50,65" hai3="81,27,72,76,119,33,44,112,90,48,71,55,45"/><W23/><G119/><T9/><D129/><U107/><E109/><V3/><F133/><W135/><G135/><T69/><D117/><U89/><E120/><V12/><F128/><W134/><G134/><T6/><D69/><U41/><E1/><V37/><F37/><W35/><G112/><T28/><D64/><U13/><E107/><V43/><F102/><W86/><G71/><T20/><REACH who="0" step="1"/><D82/><REACH who="0" ten="261,279,213,237" step="2"/><U92/><E113/><V118/><F118/><W63/><G33/><T98/><D98/><U25/><E77/><V74/><F65/><W29/><G35/><T105/><D105/><U59/><E89/><V68/><F68/><W97/><G97/><T116/><D116/><U111/><E91/><V40/><F2/><AGARI ba="0,1" hai="2,6,8,9,15,16,20,24,28,95,96,101,122,123" machi="2" ten="30,3900,0" yaku="1,1,7,1,54,1,53,0" doraHai="132" doraHaiUra="131" who="0" fromWho="2" sc="261,49,279,0,213,-39,237,0" owari="310,41.0,279,7.9,174,-32.6,237,-16.3" /></mjloggm>