<mjloggm ver="2.3"><GO type="169" lobby="0"/><UN n0="%5B%5B%79%75%79%75%5D%5D" n1="%E4%B9%9D%E7%B4%8B%E9%BE%8D%E5%8F%B2%E9%80%B2" n2="%E3%81%AC%E3%81%8F%E3%82%82%E3%82%8A" n3="%53%74%65%69%6E%73" dan="16,19,17,17" rate="2161.52,2288.17,2184.57,2220.49" sx="M,M,M,M"/><TAIKYOKU oya="0"/><INIT seed="0,0,0,3,1,117" ten="250,250,250,250" oya="0" hai0="13,66,33,134,24,82,15,130,59,108,71,46,31" hai1="92,101,14,32,135,67,99,129,26,132,36,122,125" hai2="44,69,27,2,17,106,100,1,11,70,97,131,28" hai3="78,86,5,53,47,57,105,84,35,73,3,9,75"/><T64/><D134/><N who="1" m="51243" /><E36/><V124/><F131/><W62/><G105/><T133/><D133/><U112/><E129/><V88/><F124/><W89/><G35/><T95/><D130/><U77/><E125/><V8/><F44/><W51/><G78/><T6/><D71/><U116/><E116/><V20/><F11/><W109/><G109/><T21/><D108/><U115/><E67/><V118/><F118/><W103/><G103/><T111/><D111/><U42/><E42/><V102/><F102/><W7/><G7/><T37/><D66/><U127/><E127/><V98/><F2/><W23/><G23/><T80/><D37/><U16/><E77/><V128/><F128/><W39/><G39/><T91/><D46/><U12/><E122/><V49/><F49/><W60/><G60/><N who="0" m="37919" /><D33/><U55/><E55/><V68/><F1/><W43/><REACH who="3" step="1"/><G84/><REACH who="3" ten="250,250,250,240" step="2"/><N who="0" m="52711" /><D6/><U94/><E32/><V121/><F106/><W90/><G90/><T119/><D119/><U85/><E85/><V18/><F100/><W45/><G45/><T30/><D30/><U79/><E79/><V107/><F107/><W81/><AGARI ba="0,1" hai="3,5,9,43,47,51,53,57,62,73,75,81,86,89" machi="81" ten="20,2700,0" yaku="1,1,0,1,7,1,53,0" doraHai="117" doraHaiUra="96" who="3" fromWho="3" sc="250,-13,250,-7,250,-7,240,37" /><INIT seed="1,0,0,4,4,116" ten="237,243,243,277" oya="1" hai0="110,60,77,7,5,88,14,28,91,18,118,39,67" hai1="36,102,16,76,135,12,20,65,24,103,55,29,109" hai2="111,15,35,9,32,47,61,34,50,106,83,93,68" hai3="78,80,129,69,84,70,37,63,40,121,43,101,126"/><U17/><E135/><V57/><F106/><W81/><G129/><T120/><D39/><U62/><E36/><V45/><F68/><W99/><G126/><T2/><D118/><U104/><E109/><V130/><F130/><W54/><G121/><T22/><D110/><U96/><E102/><V134/><F134/><W87/><G37/><T98/><D77/><U13/><E76/><V90/><F83/><W33/><G33/><T79/><D79/><U23/><E55/><V125/><F50/><W58/><G70/><T21/><D2/><U74/><E74/><V124/><F111/><W119/><G69/><T85/><D98/><U10/><E62/><V3/><F3/><W95/><REACH who="3" step="1"/><G119/><REACH who="3" ten="237,243,243,267" step="2"/><T11/><D120/><U92/><REACH who="1" step="1"/><E65/><REACH who="1" ten="237,233,243,267" step="2"/><V31/><F125/><W132/><G132/><T122/><D67/><U51/><E51/><V8/><F124/><W0/><G0/><T89/><D60/><U131/><E131/><V117/><F117/><W128/><G128/><T26/><D122/><U105/><AGARI ba="0,2" hai="10,12,13,16,17,20,23,24,29,92,96,103,104,105" machi="105" ten="30,6000,0" yaku="1,1,0,1,54,1,53,0" doraHai="116" doraHaiUra="44" who="1" fromWho="1" sc="237,-20,233,80,243,-20,267,-20" /><INIT seed="1,1,0,0,3,23" ten="217,313,223,247" oya="1" hai0="114,108,3,18,28,75,100,14,86,46,65,37,16" hai1="85,0,104,94,36,99,27,60,117,82,131,93,89" hai2="120,48,30,38,52,132,61,112,24,90,129,15,57" hai3="101,126,71,45,91,97,67,63,88,106,31,2,113"/><U77/><E117/><V69/><F120/><W130/><G113/><T72/><D3/><U4/><E36/><V107/><F38/><W111/><G111/><T51/><D37/><U39/><E39/><V58/><F112/><W110/><G110/><T115/><D108/><U9/><E131/><V64/><F129/><W119/><G130/><T59/><D100/><U1/><E104/><V128/><F128/><W5/><G119/><T11/><D114/><U41/><E41/><V13/><F132/><W6/><G126/><T20/><D28/><U105/><E105/><V79/><F107/><W124/><G124/><T7/><D115/><U68/><E68/><V133/><F133/><W70/><G70/><T43/><D86/><U53/><E60/><V62/><F90/><W44/><G6/><T34/><D34/><U84/><E53/><V33/><REACH who="2" step="1"/><F79/><REACH who="2" ten="217,313,213,247" step="2"/><W87/><G91/><T49/><D75/><U26/><E0/><V80/><F80/><W122/><G122/><T78/><D72/><U98/><E85/><V19/><F19/><W29/><G2/><T12/><D78/><U96/><E99/><V10/><F10/><W116/><G116/><T55/><D65/><AGARI ba="1,1" hai="13,15,24,30,33,48,52,57,58,61,62,64,65,69" machi="65" ten="30,12000,2" yaku="1,1,7,1,52,1,54,1,53,2" doraHai="23" doraHaiUra="8" who="2" fromWho="0" sc="217,-123,313,0,213,133,247,0" /><INIT seed="2,0,0,2,1,78" ten="94,313,346,247" oya="2" hai0="69,75,7,50,39,71,98,57,109,76,10,106,12" hai1="63,41,61,135,86,89,126,127,58,6,16,46,29" hai2="94,54,19,72,133,115,119,118,93,13,116,53,38" hai3="3,129,36,125,52,31,100,90,80,35,48,22,108"/><V92/><F115/><W111/><G36/><T130/><D39/><U104/><E104/><V55/><F38/><W2/><G35/><T14/><D130/><U101/><E101/><V20/><REACH who="2" step="1"/><F72/><REACH who="2" ten="94,313,336,247" step="2"/><W83/><G129/><T11/><D75/><U42/><E127/><V40/><F40/><W124/><G100/><T103/><D71/><U26/><E42/><V81/><F81/><N who="3" m="31307" /><G90/><T95/><D69/><U73/><E73/><V27/><F27/><N who="3" m="16887" /><G2/><T114/><D114/><U32/><E126/><N who="3" m="48746" /><G3/><T56/><D76/><U84/><E89/><V121/><F121/><W85/><G85/><T30/><D106/><U17/><E86/><V60/><F60/><W70/><G70/><T82/><D82/><U44/><E63/><V110/><F110/><W65/><G65/><T51/><D109/><U68/><E84/><V33/><F33/><W49/><G49/><T123/><D123/><U25/><E68/><V131/><F131/><W97/><G97/><T128/><D128/><U88/><E88/><V45/><F45/><AGARI ba="0,1" hai="45,48,52,108,111" m="48746,16887,31307" machi="45" ten="30,8000,1" yaku="18,1,52,3,54,1" doraHai="78" who="3" fromWho="2" sc="94,0,313,0,336,-80,247,90" /><INIT seed="3,0,0,3,0,99" ten="94,313,256,337" oya="3" hai0="33,53,85,100,77,64,55,95,16,49,108,104,57" hai1="83,62,111,105,48,123,76,113,112,86,80,20,122" hai2="126,88,6,115,56,25,50,35,67,2,70,27,103" hai3="94,23,92,101,59,65,69,78,60,71,116,102,135"/><W132/><G116/><T90/><D33/><U39/><E39/><V121/><F115/><N who="1" m="44105" /><E48/><V63/><F126/><W41/><G41/><T15/><D108/><U29/><E62/><V13/><F2/><W36/><G36/><T0/><D0/><U84/><E20/><V93/><F121/><N who="1" m="46089" /><E29/><V38/><F38/><W114/><G78/><T17/><D77/><N who="1" m="46095" /><E105/><V32/><F32/><W34/><G34/><T21/><D64/><U87/><E111/><V42/><F35/><W109/><G114/><T51/><D17/><U107/><E107/><V79/><F70/><N who="3" m="26635" /><G23/><T8/><D8/><U97/><E97/><N who="2" m="59823" /><F6/><W47/><G47/><T68/><D68/><U96/><E96/><V118/><F13/><W106/><G106/><T3/><D3/><U26/><E26/><V14/><F14/><W125/><G109/><T7/><D7/><U45/><E45/><N who="2" m="25911" /><F118/><W117/><G117/><T81/><D104/><U4/><E4/><V82/><F79/><W129/><G65/><T89/><D55/><U18/><E18/><V130/><F130/><W98/><G129/><T127/><D51/><U9/><E9/><V46/><F46/><W1/><G1/><T73/><D127/><U61/><E61/><V44/><F44/><W131/><G131/><T11/><D11/><U58/><E58/><V19/><F19/><W5/><G5/><T43/><D43/><U66/><E66/><V12/><F12/><W28/><G28/><T31/><D31/><U40/><E40/><V91/><F27/><W128/><G128/><T37/><D37/><U134/><E134/><V120/><F120/><RYUUKYOKU ba="0,0" sc="94,-10,313,30,256,-10,337,-10" hai1="76,83,86,87" /><INIT seed="4,1,0,1,2,89" ten="84,343,246,327" oya="0" hai0="121,128,33,113,99,74,37,132,64,59,62,2,111" hai1="4,76,125,35,42,3,12,102,81,73,127,97,67" hai2="39,98,50,32,80,100,104,106,29,114,66,85,51" hai3="19,116,0,45,30,7,60,46,22,105,96,131,119"/><T8/><RYUUKYOKU type="yao9" ba="1,0" sc="84,0,343,0,246,0,327,0" hai0="2,8,33,37,59,62,64,74,99,111,113,121,128,132" /><INIT seed="4,2,0,1,1,17" ten="84,343,246,327" oya="0" hai0="122,56,19,102,35,66,1,3,30,104,43,100,7" hai1="65,61,96,21,112,115,113,109,127,103,29,39,59" hai2="107,28,94,85,22,38,49,12,108,24,57,45,77" hai3="125,60,31,51,14,37,81,134,105,54,5,55,133"/><T97/><D122/><U69/><E109/><V15/><F107/><W90/><G37/><T101/><D43/><U76/><E39/><V120/><F120/><W79/><G105/><T95/><D19/><U2/><E2/><V9/><F108/><W47/><G125/><T106/><D7/><U44/><E44/><V48/><F38/><W32/><G90/><T75/><D75/><U67/><E76/><V110/><F110/><W78/><G31/><T117/><D117/><U99/><E127/><V83/><F57/><N who="3" m="34871" /><G32/><T50/><D106/><N who="1" m="63847" /><E99/><V20/><F94/><W91/><G91/><T23/><D35/><U16/><E29/><V6/><F45/><W88/><G133/><T129/><D129/><U25/><E65/><V87/><F87/><N who="3" m="50287" /><G134/><T111/><D111/><U114/><E114/><V132/><F132/><W116/><G116/><T71/><D71/><AGARI ba="2,0" hai="16,21,25,59,61,67,69,71,112,113,115" m="63847" machi="71" ten="30,7700,0" yaku="15,1,11,1,52,1,54,1" doraHai="17" who="1" fromWho="0" sc="84,-83,343,83,246,0,327,0" /><INIT seed="5,0,0,4,4,11" ten="1,426,246,327" oya="1" hai0="22,92,91,68,103,106,17,110,76,23,124,93,13" hai1="29,49,133,73,8,30,97,21,128,14,105,85,33" hai2="5,75,98,54,51,32,36,3,12,40,121,60,77" hai3="123,39,53,48,79,112,135,130,113,18,24,69,55"/><U62/><E73/><V81/><F121/><W43/><G123/><T25/><D68/><U1/><E33/><V108/><F108/><W41/><G130/><T67/><D110/><U80/><E1/><V38/><F32/><W42/><G79/><T82/><D124/><U86/><E133/><V100/><F60/><W66/><G24/><T56/><D106/><U127/><E127/><V129/><F129/><W96/><G96/><T88/><D103/><U4/><E86/><V9/><F3/><W107/><G107/><T78/><D82/><U63/><E128/><V95/><REACH who="2" step="1"/><F40/><REACH who="2" ten="1,426,236,327" step="2"/><W65/><G135/><T28/><D67/><N who="3" m="25609" /><G69/><T15/><D56/><U35/><E35/><V111/><F111/><W131/><G131/><T45/><D45/><U46/><E63/><V20/><F20/><W31/><G39/><T115/><D115/><N who="3" m="44105" /><G31/><T27/><D28/><U19/><E29/><V72/><F72/><W64/><N who="3" m="25617" /><W114/><N who="3" m="44113" /><DORA hai="116" /><W2/><DORA hai="134" /><G2/><T84/><D84/><U126/><E30/><V117/><F117/><W99/><G99/><T10/><D10/><U120/><E97/><V34/><F34/><W101/><G101/><T6/><D6/><U122/><E122/><V26/><F26/><W58/><G18/><AGARI ba="0,1" hai="13,15,17,18,22,23,25,27,76,78,88,91,92,93" machi="18" ten="25,12000,2" yaku="22,2,8,1,52,2,54,1" doraHai="11,116,134" who="0" fromWho="3" sc="1,130,426,0,236,0,327,-120" /><INIT seed="6,0,0,4,3,112" ten="131,426,236,207" oya="2" hai0="22,6,10,59,0,114,27,134,26,131,119,76,24" hai1="101,122,20,110,99,105,130,32,116,86,126,11,117" hai2="60,34,44,109,39,31,4,48,45,132,75,25,135" hai3="128,9,37,124,83,66,61,87,85,36,23,91,133"/><V70/><F75/><W16/><G128/><T33/><D114/><U77/><E32/><V1/><F109/><W103/><G133/><N who="2" m="51273" /><F39/><W40/><G124/><T7/><D134/><U115/><E115/><V127/><F127/><W78/><G103/><T104/><D104/><U30/><E126/><V21/><F21/><W94/><G9/><T96/><D96/><U106/><E110/><V82/><F82/><W28/><G40/><T50/><D131/><U73/><E106/><V93/><F93/><W68/><REACH who="3" step="1"/><G28/><REACH who="3" ten="131,426,236,197" step="2"/><T88/><D10/><U97/><E130/><V69/><F31/><W49/><G49/><T58/><D50/><U46/><E11/><V95/><F48/><W54/><G54/><T43/><D43/><U89/><E30/><V64/><F1/><W123/><G123/><T38/><D0/><U102/><E102/><V90/><F4/><W8/><G8/><T121/><D121/><U113/><E101/><V100/><F100/><W67/><G67/><T92/><D38/><U47/><E122/><V55/><F55/><W15/><AGARI ba="0,1" hai="15,16,23,36,37,61,66,68,78,83,85,87,91,94" machi="15" ten="20,8000,1" yaku="1,1,0,1,7,1,54,1,53,1" doraHai="112" doraHaiUra="79" who="3" fromWho="3" sc="131,-20,426,-20,236,-40,197,90" /><INIT seed="7,0,0,0,3,66" ten="111,406,196,287" oya="3" hai0="70,93,111,0,83,39,134,119,126,82,21,86,16" hai1="8,50,28,120,103,63,5,72,13,40,24,95,47" hai2="10,91,132,26,17,106,88,124,104,34,1,118,115" hai3="102,94,61,129,78,68,81,108,123,98,2,55,87"/><W27/><G123/><T128/><D119/><U110/><E110/><V56/><F118/><W41/><G108/><T11/><D111/><U64/><E72/><V121/><F115/><W112/><G112/><T14/><D39/><U43/><E120/><V89/><F121/><W57/><G129/><T109/><D109/><U84/><E84/><V59/><F132/><W130/><G130/><T3/><D128/><U22/><E95/><V45/><F124/><W36/><G2/><T49/><D126/><U131/><E131/><V77/><F77/><W54/><G36/><T18/><D134/><U37/><E103/><V71/><F71/><W51/><G68/><T60/><D3/><U100/><E100/><V38/><F106/><W19/><G41/><T53/><D0/><U116/><E116/><V113/><F104/><W42/><G42/><T25/><D60/><U76/><E76/><V20/><F113/><W33/><G33/><T133/><D70/><U114/><E114/><V32/><F45/><W44/><G27/><T23/><D11/><U35/><E37/><V15/><F38/><W80/><G80/><T29/><D29/><U46/><E46/><V69/><F69/><W48/><G61/><T62/><D62/><U122/><E122/><V85/><F85/><W92/><G92/><T90/><REACH who="0" step="1"/><D133/><REACH who="0" ten="101,406,196,287" step="2"/><U125/><E125/><V67/><F1/><W4/><G4/><T65/><D65/><U96/><E35/><V74/><F34/><W135/><G135/><T31/><D31/><U117/><E43/><V97/><F32/><W7/><G7/><T105/><D105/><RYUUKYOKU ba="0,1" sc="101,15,406,-15,196,-15,287,15" hai0="14,16,18,21,23,25,49,53,82,83,86,90,93" hai3="19,44,48,51,54,55,57,78,81,87,94,98,102" /><INIT seed="7,1,1,3,4,16" ten="116,391,181,302" oya="3" hai0="86,84,17,24,112,42,70,88,13,10,2,83,118" hai1="115,27,45,25,135,96,132,85,97,129,61,43,30" hai2="34,54,116,92,22,11,5,93,73,14,124,52,21" hai3="18,37,114,49,32,15,33,108,100,65,51,58,82"/><W1/><G1/><T94/><D118/><U35/><E115/><V6/><F34/><W28/><G37/><T39/><D70/><U3/><E3/><V50/><F73/><W105/><G114/><T59/><D112/><U121/><E121/><V56/><F116/><W79/><G108/><T63/><D2/><U26/><E129/><V113/><F113/><W31/><G33/><T68/><D68/><U128/><E128/><V0/><F124/><W76/><G76/><T7/><D42/><U48/><E85/><V98/><F92/><W122/><G122/><T87/><D39/><U47/><E61/><N who="2" m="35975" /><F6/><W104/><G49/><T8/><D83/><U99/><E47/><N who="2" m="27999" /><F0/><W23/><G32/><T107/><D107/><U131/><E131/><V75/><F75/><W125/><G125/><T66/><REACH who="0" step="1"/><D10/><REACH who="0" ten="106,391,181,302" step="2"/><U74/><E74/><V9/><F11/><W53/><G105/><T111/><D111/><U110/><E110/><V19/><F5/><W95/><G104/><T72/><D72/><U29/><E35/><V119/><F119/><W62/><G82/><T103/><D103/><AGARI ba="1,2" hai="9,14,19,21,22,93,98,103" m="27999,35975" machi="103" ten="30,7700,0" yaku="8,1,52,2,54,1" doraHai="16" who="2" fromWho="0" sc="106,-80,391,0,181,100,302,0" owari="26,-47.4,391,49.1,281,-11.9,302,10.2" /></mjloggm>