<mjloggm ver="2.3"><GO type="169" lobby="0"/><UN n0="%68%69%73%61%74%6F%E6%A3%92" n1="%E5%A4%A7%E4%BB%81%E7%94%B0%E8%96%84" n2="%70%6F%72%66%65%76%72%65" n3="%68%61%73%68%69%30%30%31" dan="16,17,17,16" rate="2153.38,2192.13,2161.23,2109.63" sx="M,M,M,M"/><TAIKYOKU oya="0"/><INIT seed="0,0,0,2,2,70" ten="250,250,250,250" oya="0" hai0="95,31,29,86,57,89,16,48,76,3,1,7,83" hai1="56,84,109,60,133,12,39,68,112,103,120,5,118" hai2="128,65,71,125,10,11,121,100,92,116,106,2,17" hai3="25,21,18,47,24,35,0,126,53,119,40,130,73"/><T64/><D7/><U79/><E120/><V113/><F121/><W61/><G0/><T117/><D117/><U38/><E68/><V26/><F116/><W96/><G73/><T66/><D3/><U131/><E118/><V42/><F113/><W28/><G130/><T78/><D78/><U37/><E131/><V114/><F114/><W44/><G126/><T98/><D1/><U91/><E112/><V123/><F92/><W124/><G124/><T129/><D129/><U135/><E103/><V110/><F123/><W22/><G35/><T41/><D41/><U80/><E109/><V93/><F93/><W14/><G14/><T90/><D76/><U107/><E107/><V67/><F42/><W134/><G134/><N who="1" m="51210" /><E79/><V108/><F71/><W59/><G119/><T9/><D66/><N who="1" m="39175" /><E12/><V62/><F100/><W82/><G82/><T50/><D64/><U72/><E5/><V85/><F106/><W97/><G47/><T88/><D89/><U69/><E69/><V99/><F67/><W34/><G34/><T15/><D57/><U13/><E13/><V6/><F65/><W45/><G45/><T132/><D132/><U43/><E72/><V19/><F125/><W63/><REACH who="3" step="1"/><G61/><REACH who="3" ten="250,250,250,240" step="2"/><T87/><D98/><U58/><E58/><V104/><F99/><W49/><AGARI ba="0,1" hai="18,21,22,24,25,28,40,44,49,53,59,63,96,97" machi="49" ten="20,8000,1" yaku="1,1,2,1,0,1,7,1,8,1,53,0" doraHai="70" doraHaiUra="81" who="3" fromWho="3" sc="250,-40,250,-20,250,-20,240,90" /><INIT seed="1,0,0,2,0,25" ten="210,230,230,330" oya="1" hai0="105,1,40,31,97,70,67,56,29,86,55,100,134" hai1="126,66,81,19,78,12,82,18,52,91,43,34,24" hai2="122,8,61,27,42,85,88,59,51,54,26,73,60" hai3="2,14,120,125,110,30,44,28,121,53,94,124,127"/><U92/><E126/><V113/><F122/><W68/><G68/><T23/><D1/><U133/><E133/><V57/><F73/><W111/><G94/><T104/><D104/><U112/><E112/><V45/><F8/><W47/><G2/><T62/><D40/><U21/><E43/><V71/><F71/><W69/><G69/><T76/><D23/><U98/><E66/><V7/><F7/><W48/><G14/><T93/><D134/><U102/><E34/><V13/><F13/><W0/><G0/><T79/><D79/><U32/><E78/><V16/><F16/><W39/><G47/><T115/><D115/><U90/><E32/><V74/><F74/><W123/><REACH who="3" step="1"/><G39/><REACH who="3" ten="210,230,230,320" step="2"/><T15/><D15/><U131/><E131/><V109/><F113/><W72/><G72/><T64/><D70/><U117/><E117/><V87/><F109/><AGARI ba="0,1" hai="28,30,44,48,53,109,110,111,120,121,123,124,125,127" machi="109" ten="50,8000,1" yaku="1,1,14,1,18,1,52,2,53,0" doraHai="25" doraHaiUra="84" who="3" fromWho="2" sc="210,0,230,0,230,-80,320,90" /><INIT seed="2,0,0,5,0,38" ten="210,230,150,410" oya="2" hai0="9,36,65,26,41,88,109,7,117,130,71,94,42" hai1="96,114,12,118,5,129,45,52,113,58,59,14,99" hai2="1,123,83,8,19,72,107,115,30,50,28,131,77" hai3="29,90,134,85,46,78,93,43,132,70,22,74,108"/><V112/><F123/><W64/><G70/><T54/><D36/><U47/><E5/><V106/><F50/><N who="3" m="26975" /><G64/><T98/><D109/><U87/><E87/><V103/><F30/><W57/><G57/><T73/><D73/><U11/><E11/><V97/><F19/><W89/><G89/><T68/><D130/><U124/><E124/><V40/><F131/><W39/><G39/><T18/><D54/><U6/><E6/><N who="2" m="1103" /><F40/><W95/><G78/><T23/><D117/><U76/><E129/><V37/><F37/><W111/><G95/><T51/><D51/><U110/><E76/><V2/><F2/><W79/><G79/><T125/><D68/><U69/><E69/><V60/><F60/><W53/><G53/><T16/><D18/><U135/><E52/><V44/><F44/><W128/><G74/><T49/><D49/><U0/><E0/><V100/><F28/><W126/><G126/><T33/><D33/><U10/><E10/><V102/><F102/><W80/><G80/><T120/><D120/><U119/><REACH who="1" step="1"/><E110/><REACH who="1" ten="210,220,150,410" step="2"/><N who="3" m="42026" /><G128/><T122/><D125/><U24/><E24/><AGARI ba="0,1" hai="22,24,29,85,90,93,132,134" m="42026,26975" machi="24" ten="30,2000,0" yaku="14,1,52,1" doraHai="38" who="3" fromWho="1" sc="210,0,220,-20,150,0,410,30" /><INIT seed="3,0,0,4,4,76" ten="210,200,150,440" oya="3" hai0="70,42,16,34,101,1,2,120,45,68,112,126,46" hai1="121,133,24,44,90,9,11,106,54,3,124,48,57" hai2="21,86,35,130,111,79,60,135,38,128,91,94,25" hai3="63,84,41,17,64,89,81,28,69,23,8,109,31"/><W105/><G105/><T74/><D34/><U75/><E121/><V43/><F35/><W104/><G104/><T97/><D126/><U10/><E106/><V98/><F60/><W96/><G41/><T103/><D74/><U99/><E124/><V117/><F117/><W66/><G66/><T102/><D97/><U67/><E75/><V110/><F135/><W62/><G62/><T49/><D45/><U88/><E133/><V36/><F43/><W33/><G33/><T132/><D112/><U119/><E3/><V85/><F86/><W52/><G8/><T95/><D95/><U32/><E119/><V51/><F51/><W15/><G96/><T4/><D4/><U73/><E73/><V127/><F127/><W47/><REACH who="3" step="1"/><G109/><REACH who="3" ten="210,200,150,430" step="2"/><N who="2" m="41481" /><F38/><W40/><G40/><T13/><D132/><U122/><E122/><V26/><F36/><W113/><G113/><T12/><D120/><U37/><E37/><V125/><F125/><W56/><G56/><T30/><D68/><U108/><E108/><V87/><F21/><W83/><G83/><T116/><D70/><U39/><E99/><V59/><F59/><W27/><G27/><N who="2" m="10249" /><F98/><W29/><G29/><T7/><D30/><N who="1" m="19527" /><E39/><V80/><AGARI ba="0,1" hai="79,80,85,87,91,94,128,130" m="10249,41481" machi="80" ten="40,2700,0" yaku="14,1,52,1" doraHai="76" who="2" fromWho="2" sc="210,-7,200,-7,150,37,430,-13" /><INIT seed="4,0,0,3,1,54" ten="203,193,187,417" oya="0" hai0="17,6,135,72,51,38,29,97,116,91,86,63,64" hai1="53,103,84,101,81,68,88,134,58,106,80,93,14" hai2="78,37,79,11,62,69,74,109,94,82,39,15,20" hai3="33,25,124,56,118,71,8,65,127,5,32,34,114"/><T19/><D38/><U85/><E68/><V30/><F109/><W24/><G71/><T92/><D72/><U117/><E117/><V105/><F105/><W121/><G65/><T132/><D6/><U96/><E134/><V4/><F79/><W122/><G56/><N who="0" m="36967" /><D116/><U110/><E110/><V43/><F94/><W2/><G114/><T12/><D29/><U35/><E35/><V98/><F98/><W129/><G129/><T133/><D12/><U108/><E108/><V90/><F90/><W57/><G57/><T16/><D51/><U10/><E103/><V26/><REACH who="2" step="1"/><F43/><REACH who="2" ten="203,193,177,417" step="2"/><W73/><G118/><T75/><D75/><U22/><E85/><AGARI ba="0,1" hai="16,17,19,85,86,91,92,97,132,133,135" m="36967" machi="85" ten="40,7700,0" yaku="20,1,52,1,54,1" doraHai="54" who="0" fromWho="1" sc="203,87,193,-77,177,0,417,0" /><INIT seed="4,1,0,5,5,32" ten="290,116,177,417" oya="0" hai0="25,85,93,3,104,37,10,113,112,51,56,67,69" hai1="81,110,50,41,0,5,23,133,91,20,88,125,86" hai2="18,90,15,96,126,47,111,42,52,58,130,49,73" hai3="38,75,84,19,6,103,121,95,134,21,62,100,119"/><T16/><D104/><U89/><E110/><V13/><F126/><W92/><G75/><T105/><D105/><U34/><E34/><V68/><F130/><W94/><G38/><T12/><D37/><U102/><E125/><V22/><F73/><W31/><G134/><T65/><D25/><U74/><E74/><V44/><F68/><W36/><G6/><T57/><D69/><U53/><E41/><V72/><F72/><W78/><G31/><T99/><D85/><U27/><E102/><V61/><F47/><W63/><G36/><T39/><D39/><U8/><E133/><V33/><F33/><W45/><G45/><T2/><D57/><U101/><E101/><N who="3" m="38986" /><G119/><T9/><D9/><U11/><E11/><V132/><F111/><W77/><G121/><T116/><D116/><U97/><E97/><V128/><F128/><W114/><G114/><N who="0" m="44139" /><D93/><U127/><E127/><V98/><F132/><W122/><G122/><T131/><D99/><U4/><E4/><V83/><F15/><N who="3" m="9471" /><G84/><AGARI ba="1,0" hai="13,18,22,42,44,49,52,58,61,83,84,90,96,98" machi="84" ten="40,2600,0" yaku="8,1,54,1" doraHai="32" who="2" fromWho="3" sc="290,0,116,0,177,29,417,-29" /><INIT seed="5,0,0,2,5,25" ten="290,116,206,388" oya="1" hai0="123,114,115,28,78,100,84,98,15,83,131,14,53" hai1="35,10,124,135,105,6,65,82,45,77,85,30,31" hai2="90,122,75,58,26,71,62,70,132,0,49,93,4" hai3="104,16,95,64,17,57,9,79,41,121,133,134,27"/><U13/><E35/><V129/><F75/><W56/><G104/><T47/><D131/><U29/><E105/><V19/><F122/><W54/><G41/><T43/><D53/><U3/><E124/><V5/><F132/><W69/><G79/><T24/><D123/><U50/><E135/><V72/><F72/><W33/><G69/><T11/><D11/><U37/><E37/><V99/><F129/><W60/><G121/><T73/><D73/><U34/><E65/><V7/><F49/><W81/><G81/><T108/><D108/><U89/><E34/><V127/><F0/><W52/><G64/><T38/><D114/><U92/><E3/><V67/><F127/><W20/><G33/><T102/><D102/><U94/><E89/><V126/><F126/><W36/><G36/><T18/><D18/><U113/><E113/><V106/><F106/><W51/><G95/><T8/><D115/><U46/><E46/><V86/><F86/><W110/><G110/><T61/><D61/><U39/><E39/><V119/><F119/><W21/><G9/><T117/><D117/><U128/><E128/><V59/><F71/><W125/><REACH who="3" step="1"/><G125/><REACH who="3" ten="290,116,206,378" step="2"/><T97/><D8/><U68/><E68/><V1/><F1/><W88/><G88/><T12/><REACH who="0" step="1"/><D100/><REACH who="0" ten="280,116,206,378" step="2"/><U116/><REACH who="1" step="1"/><E116/><REACH who="1" ten="280,106,206,378" step="2"/><V2/><REACH who="2" step="1"/><F2/><REACH who="2" ten="280,106,196,378" step="2"/><RYUUKYOKU type="reach4" ba="0,4" sc="280,0,106,0,196,0,378,0" hai0="12,14,15,24,28,38,43,47,78,83,84,97,98" hai1="6,10,13,29,30,31,45,50,77,82,85,92,94" hai2="4,5,7,19,26,58,59,62,67,70,90,93,99" hai3="16,17,20,21,27,51,52,54,56,57,60,133,134" /><INIT seed="5,1,4,5,2,113" ten="280,106,196,378" oya="1" hai0="21,102,9,62,24,100,94,97,91,54,11,18,80" hai1="106,3,34,129,33,22,93,121,119,6,1,5,98" hai2="77,47,67,14,41,81,36,83,95,125,8,120,66" hai3="101,25,132,128,73,71,70,13,17,59,124,90,74"/><U42/><E106/><V50/><F120/><W39/><G39/><T126/><D126/><U0/><E121/><V82/><F125/><W29/><G124/><T20/><D20/><U16/><E42/><V57/><F36/><W10/><G101/><N who="0" m="39019" /><D80/><U40/><E40/><V35/><F35/><N who="1" m="13321" /><E93/><V131/><F131/><W76/><G128/><T78/><D78/><U4/><E98/><V92/><F77/><W55/><G132/><T114/><D114/><U105/><E105/><V116/><F116/><W135/><G90/><T108/><D108/><U49/><E49/><V37/><F37/><W12/><G12/><T31/><D31/><U44/><E44/><V103/><F57/><AGARI ba="1,4" hai="9,11,18,21,24,54,57,62,91,94,97" m="39019" machi="57" ten="30,2000,0" yaku="25,1,8,1" doraHai="113" who="0" fromWho="2" sc="280,63,106,0,196,-23,378,0" /><INIT seed="6,0,0,0,5,5" ten="343,106,173,378" oya="2" hai0="101,77,121,9,46,123,26,23,60,15,29,62,125" hai1="35,92,122,129,61,51,39,10,99,100,7,32,18" hai2="104,53,0,135,98,85,64,75,134,114,82,74,105" hai3="55,43,71,111,4,11,66,107,3,42,54,130,48"/><V65/><F0/><W8/><G107/><N who="2" m="41033" /><F53/><W20/><G111/><T19/><D101/><U40/><E39/><V81/><F65/><W109/><G109/><T45/><D77/><U49/><E129/><V124/><F64/><W119/><G119/><T63/><REACH who="0" step="1"/><D125/><REACH who="0" ten="333,106,173,378" step="2"/><U56/><E122/><AGARI ba="0,1" hai="9,15,19,23,26,29,45,46,60,62,63,121,122,123" machi="122" ten="40,12000,2" yaku="1,1,2,1,52,1,53,3" doraHai="5" doraHaiUra="58" who="0" fromWho="1" sc="333,130,106,-120,173,0,378,0" owari="463,56.3,-14,-51.4,173,-22.7,378,17.8" /></mjloggm>