<mjloggm ver="2.3"><GO type="169" lobby="0"/><UN n0="%E3%83%94%E3%83%B3%E3%82%B5%E3%83%AD%E5%BA%97%E5%93%A1" n1="%E3%81%A5%E3%81%8B%E5%AD%90" n2="%E3%82%82%E3%81%BF%E3%81%95%E3%81%92" n3="%46%E5%92%B8%E9%AD%9A%E5%92%B8%E9%AD%9A%E5%92%B8" dan="17,16,16,16" rate="2190.95,2143.35,2158.32,2096.15" sx="M,M,M,M"/><TAIKYOKU oya="0"/><INIT seed="0,0,0,4,4,42" ten="250,250,250,250" oya="0" hai0="106,85,120,79,30,74,1,68,57,99,11,26,33" hai1="108,83,66,105,24,87,76,55,126,95,69,109,15" hai2="78,101,29,107,134,110,3,82,61,100,97,47,117" hai3="122,65,56,53,23,123,102,118,48,51,119,116,18"/><T114/><D57/><U9/><E105/><V7/><F29/><W41/><G102/><N who="0" m="62815" /><D85/><U32/><E126/><V10/><F101/><W111/><G111/><T104/><D104/><U2/><E2/><V14/><F110/><N who="1" m="42601" /><E55/><V80/><F134/><W133/><G133/><T36/><D114/><U129/><E129/><V67/><F117/><W49/><G18/><T25/><D25/><U81/><E95/><V70/><F78/><W96/><G96/><T12/><D12/><U44/><E66/><V19/><F47/><N who="3" m="25711" /><G23/><AGARI ba="0,0" hai="3,7,10,14,19,23,61,67,70,80,82,97,100,107" machi="23" ten="30,1000,0" yaku="7,1" doraHai="42" who="2" fromWho="3" sc="250,0,250,0,250,10,250,-10" /><INIT seed="1,0,0,0,0,6" ten="250,250,260,240" oya="1" hai0="41,16,68,55,69,7,89,42,18,97,10,19,8" hai1="61,62,47,81,0,122,110,14,88,53,51,115,30" hai2="11,48,12,65,90,95,85,40,20,111,26,72,39" hai3="130,118,43,113,25,119,34,79,45,103,52,71,54"/><U44/><E0/><V49/><F72/><W31/><G113/><T56/><D69/><U2/><E2/><V80/><F111/><W112/><G112/><T35/><D68/><U64/><E122/><V37/><F65/><W66/><G130/><T78/><D35/><U133/><E115/><V46/><F39/><W102/><G79/><T101/><D78/><U135/><E30/><V9/><F12/><W63/><G102/><T59/><D89/><U98/><E110/><V92/><F48/><W22/><G22/><T132/><D132/><U57/><E61/><V114/><F37/><W13/><G13/><T24/><D24/><U58/><E14/><V1/><F1/><W17/><G17/><T134/><D134/><N who="1" m="51211" /><E98/><V117/><F117/><N who="3" m="44555" /><G103/><T129/><D129/><U36/><E36/><AGARI ba="0,0" hai="25,31,34,36,43,45,52,54,63,66,71" m="44555" machi="36" ten="30,2000,0" yaku="12,1,54,1" doraHai="6" who="3" fromWho="1" sc="250,0,250,-20,260,0,240,20" /><INIT seed="2,0,0,1,4,80" ten="250,230,260,260" oya="2" hai0="43,53,23,30,105,69,26,129,83,19,73,59,99" hai1="50,94,14,3,21,128,93,85,34,61,135,22,16" hai2="25,102,132,9,63,54,47,117,15,115,121,39,108" hai3="45,49,79,76,111,67,38,98,118,103,96,130,90"/><V114/><F121/><W110/><G118/><T2/><D69/><U104/><E104/><V10/><F117/><W116/><G38/><T1/><D43/><U101/><E34/><V109/><F132/><W41/><G116/><T57/><D129/><U32/><E32/><V82/><F102/><W92/><G67/><T113/><D113/><U107/><E3/><V123/><F123/><W120/><G130/><T35/><D59/><U124/><E128/><V62/><F25/><W44/><G44/><T12/><D105/><U86/><E124/><V33/><F33/><W6/><G6/><T17/><D99/><N who="1" m="59631" /><E107/><V11/><F15/><W70/><G70/><T60/><D73/><U36/><E36/><V4/><F4/><W31/><G31/><T5/><D5/><U20/><E135/><V66/><F82/><W119/><G120/><T77/><REACH who="0" step="1"/><D19/><REACH who="0" ten="240,230,260,260" step="2"/><U48/><E61/><V126/><F62/><W28/><G119/><T40/><D40/><U27/><E94/><V100/><F63/><W37/><G37/><T91/><D91/><U127/><E127/><V95/><F126/><W13/><G98/><T7/><D7/><U89/><E89/><V125/><F125/><W55/><G90/><T72/><AGARI ba="0,1" hai="1,2,12,17,23,26,30,35,53,57,60,72,77,83" machi="72" ten="20,2700,0" yaku="1,1,0,1,7,1,53,0" doraHai="80" doraHaiUra="71" who="0" fromWho="0" sc="240,37,230,-7,260,-13,260,-7" /><INIT seed="3,0,0,0,3,56" ten="277,223,247,253" oya="3" hai0="123,80,5,134,82,122,63,37,107,42,25,97,74" hai1="124,36,93,59,0,61,17,32,8,72,27,101,9" hai2="55,105,77,52,48,128,58,94,62,99,11,7,71" hai3="113,135,70,106,4,20,34,127,95,51,92,83,15"/><W39/><G113/><T132/><D5/><U38/><E72/><V2/><F128/><W89/><G34/><T12/><D12/><U91/><E101/><V67/><F105/><W18/><G39/><T28/><D42/><U73/><E73/><V119/><F77/><W3/><G106/><T16/><D37/><U64/><E124/><V14/><F55/><W90/><G127/><T49/><D49/><U100/><E100/><V111/><F111/><W53/><G70/><T13/><D97/><U75/><E75/><V23/><F119/><W1/><G83/><N who="0" m="31787" /><D74/><U109/><E109/><V103/><REACH who="2" step="1"/><F23/><REACH who="2" ten="277,223,237,253" step="2"/><W65/><G65/><T26/><D107/><U130/><E130/><V41/><F41/><W87/><G135/><T81/><D134/><U45/><E64/><V121/><F121/><W129/><G129/><T118/><D118/><U21/><E21/><V88/><F88/><W115/><G115/><T104/><D104/><U112/><E91/><V110/><F110/><W29/><G90/><T35/><D132/><U84/><E112/><V96/><F96/><W98/><G98/><T54/><D123/><U47/><E32/><V22/><F22/><W40/><G40/><T102/><D122/><U50/><E8/><V33/><F33/><W46/><G95/><T60/><D102/><U120/><E93/><V68/><F68/><W117/><G117/><T24/><D81/><U10/><E120/><V85/><F85/><W116/><G116/><T44/><D54/><U79/><E84/><V133/><F133/><W108/><G108/><T131/><D131/><U86/><E86/><RYUUKYOKU ba="0,1" sc="277,-10,223,-10,237,30,253,-10" hai2="2,7,11,14,48,52,58,62,67,71,94,99,103" /><INIT seed="4,1,1,4,2,19" ten="267,213,267,243" oya="0" hai0="12,23,106,51,87,13,35,60,84,99,133,100,14" hai1="75,34,125,86,116,43,56,105,101,95,79,110,115" hai2="55,97,131,119,16,52,3,72,121,71,91,47,66" hai3="6,39,92,69,18,98,59,61,109,126,36,122,24"/><T134/><D35/><U96/><E34/><V5/><F121/><W102/><G109/><T31/><D51/><U63/><E116/><V28/><F72/><W42/><G69/><T22/><D60/><U73/><E110/><V82/><F28/><W20/><G126/><T4/><D4/><U113/><E43/><V85/><F3/><W74/><G122/><T132/><D31/><U81/><E125/><V38/><F5/><W64/><G42/><T68/><D68/><U124/><E124/><V21/><F38/><W118/><G118/><T2/><D2/><U67/><REACH who="1" step="1"/><E105/><REACH who="1" ten="267,203,267,243" step="2"/><V65/><F119/><W111/><G111/><T90/><REACH who="0" step="1"/><D84/><REACH who="0" ten="257,203,267,243" step="2"/><U27/><E27/><N who="2" m="14759" /><F85/><W49/><G74/><AGARI ba="1,3" hai="56,63,67,73,74,75,79,81,86,95,96,101,113,115" machi="74" ten="40,1300,0" yaku="1,1,53,0" doraHai="19" doraHaiUra="41" who="1" fromWho="3" sc="257,0,203,46,267,0,243,-16" /><INIT seed="5,0,0,3,2,10" ten="257,249,267,227" oya="1" hai0="6,113,120,52,105,100,38,115,123,22,44,124,62" hai1="128,110,114,116,106,0,77,51,15,58,132,109,46" hai2="3,36,133,104,91,63,9,54,28,73,53,135,13" hai3="37,74,127,41,57,121,126,95,56,27,2,129,101"/><U60/><E0/><V103/><F3/><W16/><G121/><N who="0" m="46667" /><D124/><N who="3" m="47657" /><G74/><T99/><D6/><U86/><E106/><V118/><F118/><W42/><G2/><T130/><D130/><U40/><E114/><N who="0" m="43529" /><D22/><U82/><E132/><N who="2" m="50763" /><F73/><W67/><G37/><T23/><D23/><U11/><E116/><V87/><F36/><W72/><G72/><T93/><D38/><U131/><E131/><V71/><F28/><W59/><G67/><T31/><D31/><U122/><E128/><V64/><F103/><W49/><G49/><N who="0" m="28711" /><D62/><U18/><REACH who="1" step="1"/><E122/><REACH who="1" ten="257,239,267,227" step="2"/><V97/><F104/><AGARI ba="0,1" hai="93,99,100,104,105" m="28711,43529,46667" machi="104" ten="30,3900,0" yaku="13,1,15,1,54,1" doraHai="10" who="0" fromWho="2" sc="257,49,239,0,267,-39,227,0" /><INIT seed="6,0,0,1,5,50" ten="306,239,228,227" oya="2" hai0="8,109,128,25,73,101,29,130,30,126,66,24,104" hai1="4,89,102,51,127,135,121,36,58,15,94,2,17" hai2="117,46,57,110,32,6,114,72,116,34,78,31,129" hai3="55,82,120,68,26,41,81,9,69,45,18,33,132"/><V76/><F6/><W40/><G120/><T35/><D109/><U12/><E36/><V53/><F110/><W21/><G132/><T64/><D73/><U70/><E70/><V52/><F31/><W42/><G69/><T131/><D126/><U71/><E71/><V49/><F72/><W98/><G68/><T47/><D8/><U65/><E121/><V80/><F80/><W85/><G33/><N who="0" m="20647" /><D47/><U7/><E2/><V38/><F38/><W79/><G98/><AGARI ba="0,0" hai="25,30,35,64,66,98,101,104,128,130,131" m="20647" machi="98" ten="30,1000,0" yaku="19,1" doraHai="50" who="0" fromWho="3" sc="306,10,239,0,228,0,227,-10" /><INIT seed="7,0,0,0,1,123" ten="316,239,228,217" oya="3" hai0="92,19,43,58,100,28,95,71,36,0,33,15,110" hai1="107,29,1,132,98,42,115,82,18,84,75,79,12" hai2="89,81,102,125,85,32,127,27,133,78,108,39,16" hai3="44,116,73,91,40,13,74,66,2,63,129,126,67"/><W114/><G116/><T47/><D110/><U53/><E1/><V103/><F39/><W77/><G2/><T64/><D0/><U130/><E115/><V6/><F108/><W52/><G114/><T111/><D71/><U72/><E42/><V41/><F41/><W99/><G129/><T93/><D111/><U106/><E29/><V105/><F133/><W3/><G3/><T131/><D131/><U31/><E31/><V69/><F69/><W55/><G126/><N who="2" m="48137" /><F32/><W94/><G67/><T109/><D109/><U117/><E130/><V68/><F68/><W62/><G62/><T21/><D100/><U59/><E117/><V60/><F60/><W46/><G46/><T101/><D101/><U135/><E59/><V48/><F6/><W25/><G25/><T14/><D14/><U45/><E53/><V35/><F35/><W121/><G13/><T11/><D33/><U38/><E38/><V50/><F78/><W9/><G9/><T56/><D64/><U57/><E57/><V119/><F119/><W22/><G121/><T24/><AGARI ba="0,0" hai="11,15,19,21,24,28,36,43,47,56,58,92,93,95" machi="24" ten="30,1100,0" yaku="0,1" doraHai="123" who="0" fromWho="0" sc="316,11,239,-3,228,-3,217,-5" owari="327,42.7,236,3.6,225,-17.5,212,-28.8" /></mjloggm>