<mjloggm ver="2.3"><GO type="169" lobby="0"/><UN n0="%E3%83%AD%E3%83%AD%E3%82%93" n1="%E3%81%B3%E3%82%8A%E3%81%B3%E3%82%8A%E2%98%86%E3%83%93%E3%83%AA%E3%83%BC" n2="%57%E7%BF%BC%E9%9B%AA" n3="%E7%99%BD%E7%9F%B3%E5%A5%88%E5%A5%88" dan="16,17,16,16" rate="2113.58,2222.38,2064.79,2107.44" sx="M,M,F,M"/><TAIKYOKU oya="0"/><INIT seed="0,0,0,2,5,74" ten="250,250,250,250" oya="0" hai0="16,72,127,47,113,40,10,116,88,12,1,15,61" hai1="108,117,97,66,45,76,44,86,101,8,124,41,81" hai2="75,106,59,71,109,35,91,95,133,4,68,121,0" hai3="33,114,90,107,49,110,96,128,103,17,2,34,98"/><T9/><D127/><U20/><E108/><V83/><F121/><W3/><G114/><T32/><D32/><U37/><E117/><V104/><F35/><W22/><G110/><T23/><D72/><U125/><E66/><V135/><F109/><W13/><G128/><T11/><D113/><U29/><E8/><N who="2" m="2055" /><F59/><W48/><G34/><T63/><D116/><U62/><E62/><V46/><F46/><W52/><G33/><T100/><D100/><U56/><E56/><V134/><F95/><W87/><G96/><T25/><D1/><U126/><E45/><V36/><F36/><W129/><G49/><T24/><D15/><U105/><REACH who="1" step="1"/><E20/><REACH who="1" ten="250,240,250,250" step="2"/><V115/><F115/><W94/><REACH who="3" step="1"/><G129/><REACH who="3" ten="250,240,250,240" step="2"/><T54/><D54/><U93/><E93/><V64/><F133/><W92/><G92/><T78/><D63/><U6/><E6/><V39/><F134/><W43/><G43/><T119/><D61/><U7/><E7/><V89/><F135/><W55/><G55/><T73/><D119/><U69/><E69/><V21/><F68/><W132/><G132/><T79/><D47/><AGARI ba="0,2" hai="2,3,13,17,22,47,48,52,87,90,94,98,103,107" machi="47" ten="30,7700,0" yaku="1,1,7,1,54,1,53,1" doraHai="74" doraHaiUra="85" who="3" fromWho="0" sc="250,-77,240,0,250,0,240,97" /><INIT seed="1,0,0,2,4,114" ten="173,240,250,337" oya="1" hai0="82,110,61,9,120,29,58,65,5,75,87,102,104" hai1="53,99,111,125,37,68,118,46,21,72,12,64,66" hai2="49,39,70,84,6,63,134,1,44,52,113,74,130" hai3="124,35,34,78,79,27,67,123,24,55,43,93,92"/><U30/><E72/><V28/><F74/><W107/><G55/><T50/><D75/><U73/><E73/><V10/><F113/><W36/><G43/><T116/><D116/><U121/><E121/><V2/><F134/><W88/><G124/><T47/><D29/><U126/><E118/><V62/><F130/><W57/><G57/><T7/><D120/><U25/><E111/><V41/><F28/><W0/><G123/><T94/><D104/><U31/><E31/><V91/><F2/><W122/><G122/><T11/><D110/><U101/><E12/><V109/><F70/><W119/><G107/><T117/><D117/><U32/><E21/><V80/><REACH who="2" step="1"/><F109/><REACH who="2" ten="173,240,240,337" step="2"/><W4/><G0/><T71/><D71/><U33/><E68/><V85/><F85/><W132/><G132/><T23/><D23/><U8/><E33/><V127/><F127/><N who="1" m="48649" /><E8/><V69/><F69/><W3/><G3/><T20/><D20/><U133/><E133/><V112/><F112/><W108/><G108/><T22/><D22/><U59/><E37/><V86/><F86/><W26/><G36/><T76/><D11/><U48/><E59/><AGARI ba="0,1" hai="1,6,10,39,41,44,49,52,59,62,63,80,84,91" machi="59" ten="30,7700,0" yaku="1,1,7,1,54,1,53,1" doraHai="114" doraHaiUra="45" who="2" fromWho="1" sc="173,0,240,-77,240,87,337,0" /><INIT seed="2,0,0,1,5,54" ten="173,163,327,337" oya="2" hai0="116,73,94,107,6,30,121,131,57,125,47,58,61" hai1="109,40,91,62,12,4,59,67,51,124,3,105,108" hai2="27,128,89,103,32,80,14,15,115,117,22,13,1" hai3="19,87,37,70,56,28,114,5,50,102,33,23,44"/><V45/><F115/><W21/><G114/><T135/><D107/><U63/><E105/><V49/><F117/><W29/><G70/><T99/><D116/><U65/><E3/><V132/><F1/><W0/><G102/><T93/><D73/><U41/><E91/><V52/><F128/><W84/><G33/><T85/><D131/><U2/><E2/><V97/><F132/><W78/><G5/><T118/><D118/><U112/><E112/><V100/><F32/><W25/><G0/><T96/><D30/><U46/><E124/><V86/><REACH who="2" step="1"/><F97/><REACH who="2" ten="173,163,317,337" step="2"/><W98/><G98/><T111/><D99/><U42/><E4/><V9/><F9/><W26/><G29/><AGARI ba="0,1" hai="13,14,15,22,27,29,45,49,52,80,86,89,100,103" machi="29" ten="40,7700,0" yaku="1,1,8,1,54,1,53,0" doraHai="54" doraHaiUra="69" who="2" fromWho="3" sc="173,0,163,0,317,87,337,-77" /><INIT seed="2,1,0,4,4,33" ten="173,163,404,260" oya="2" hai0="34,134,49,2,17,122,32,61,84,107,19,117,43" hai1="110,58,71,7,9,97,22,63,77,30,67,23,66" hai2="5,111,53,69,85,100,114,45,105,59,27,44,56" hai3="87,83,76,13,113,88,47,92,91,79,102,123,118"/><V90/><F114/><W74/><G47/><T16/><D107/><U6/><E110/><V80/><F69/><W127/><G13/><T31/><D122/><U119/><E119/><V54/><F111/><W62/><G62/><T50/><D134/><U52/><E77/><V128/><F128/><W41/><G41/><T3/><D61/><U115/><E115/><V108/><F108/><W46/><G46/><T70/><D70/><U8/><E97/><V81/><F100/><W95/><G118/><T25/><D117/><U10/><E30/><V104/><F27/><W101/><G123/><T132/><D132/><U131/><E131/><V94/><F5/><N who="1" m="1545" /><E71/><V15/><F15/><W126/><G113/><T72/><D72/><U103/><E103/><N who="3" m="39434" /><G79/><T133/><D133/><U135/><E135/><V121/><F121/><W55/><G55/><T20/><D84/><AGARI ba="1,0" hai="74,76,83,84,87,88,91,92,95,126,127" m="39434" machi="84" ten="30,3900,0" yaku="34,2,54,1" doraHai="33" who="3" fromWho="0" sc="173,-42,163,0,404,0,260,42" /><INIT seed="3,0,0,1,0,35" ten="131,163,404,302" oya="3" hai0="74,132,2,53,127,128,85,1,81,56,39,7,63" hai1="49,29,119,4,60,129,75,0,97,17,133,18,124" hai2="102,21,77,12,69,115,106,126,92,66,13,32,94" hai3="73,90,122,47,121,54,76,109,37,107,14,135,110"/><W36/><G107/><T131/><D39/><N who="3" m="14921" /><G14/><T5/><D127/><U86/><E75/><V70/><F115/><W68/><G90/><T48/><D74/><U34/><E124/><V40/><F126/><W83/><G68/><T24/><D24/><U118/><E133/><V100/><F32/><W38/><G135/><T30/><D30/><U117/><E129/><N who="0" m="49737" /><D132/><U105/><E86/><V65/><F77/><W27/><G27/><T28/><D28/><U19/><E60/><V125/><F125/><W57/><G57/><T15/><D15/><U31/><E34/><V89/><F89/><W95/><G95/><T130/><N who="0" m="49745" /><T71/><DORA hai="123" /><D71/><U96/><E49/><V9/><F106/><W45/><G45/><T52/><D7/><U6/><E105/><V46/><F46/><W8/><G8/><T41/><D41/><U111/><E118/><V101/><F40/><N who="3" m="22935" /><G54/><T22/><D22/><U16/><E18/><V23/><F101/><W79/><G79/><N who="0" m="46271" /><D5/><U80/><E17/><V62/><F9/><W99/><G99/><T84/><D84/><U33/><E33/><V64/><F64/><W88/><G88/><T103/><D103/><U61/><E19/><V108/><F100/><W104/><G104/><T59/><AGARI ba="0,0" hai="1,2,48,52,53,56,59,63" m="46271,49745" machi="59" ten="40,8000,1" yaku="19,1,52,2,54,1" doraHai="35,123" who="0" fromWho="0" sc="131,80,163,-20,404,-20,302,-40" /><INIT seed="4,0,0,0,1,77" ten="211,143,384,262" oya="0" hai0="42,50,21,35,53,14,132,108,105,25,119,41,76" hai1="126,72,128,29,73,27,106,19,18,24,17,22,111" hai2="116,45,97,99,39,38,125,86,43,13,91,96,83" hai3="107,64,66,8,46,7,59,117,135,74,80,75,71"/><T9/><D105/><U2/><E111/><V0/><F0/><W26/><G117/><T36/><D35/><U79/><E106/><V129/><F129/><W62/><G107/><T28/><D132/><U49/><E2/><V57/><F125/><W87/><G135/><T12/><D12/><U104/><E104/><V84/><F116/><W33/><G66/><T48/><D48/><U133/><E133/><V20/><F57/><W67/><G67/><T70/><D70/><U56/><E128/><V1/><F1/><W31/><G46/><T124/><D124/><U34/><E126/><V98/><F39/><W122/><G59/><T78/><D119/><U30/><E79/><N who="0" m="30249" /><D36/><U92/><E92/><V103/><F103/><W90/><REACH who="3" step="1"/><G122/><REACH who="3" ten="211,143,384,252" step="2"/><T134/><D134/><U88/><E56/><V109/><F109/><W55/><G55/><T89/><D108/><U16/><E49/><V51/><F38/><W112/><G112/><T85/><D53/><U131/><E131/><V130/><F130/><W61/><G61/><T127/><D50/><U4/><N who="1" m="4096" /><DORA hai="110" /><U6/><REACH who="1" step="1"/><E88/><REACH who="1" ten="211,133,384,252" step="2"/><V68/><F51/><W47/><G47/><T52/><D127/><U123/><E123/><V10/><F45/><W23/><G23/><T11/><D21/><U3/><E3/><AGARI ba="0,2" hai="3,7,8,26,31,33,62,64,71,74,75,80,87,90" machi="3" ten="30,7700,0" yaku="1,1,7,1,52,1,53,1" doraHai="77,110" doraHaiUra="113,60" who="3" fromWho="1" sc="211,0,133,-77,384,0,252,97" /><INIT seed="5,0,0,2,5,105" ten="211,56,384,349" oya="1" hai0="28,15,108,97,47,59,23,100,8,26,60,1,110" hai1="20,52,81,114,84,74,67,55,126,65,134,56,10" hai2="48,93,89,123,13,116,41,29,106,118,98,115,19" hai3="70,109,4,40,120,107,46,90,76,80,86,103,127"/><U104/><E104/><V45/><F123/><W53/><G120/><T17/><D47/><U94/><E114/><V44/><F115/><W99/><G127/><T133/><D133/><U101/><E134/><V117/><F106/><W82/><G70/><T25/><D25/><U18/><E126/><V50/><F29/><W30/><G53/><T7/><D97/><N who="1" m="59575" /><E10/><V3/><F3/><W73/><G109/><T63/><D63/><N who="1" m="36231" /><E55/><V42/><REACH who="2" step="1"/><F116/><REACH who="2" ten="211,56,374,349" step="2"/><W54/><G30/><T21/><D100/><U64/><E74/><V66/><F66/><AGARI ba="0,1" hai="1,7,8,15,17,21,23,26,28,59,60,66,108,110" machi="66" ten="30,1000,0" yaku="7,1" doraHai="105" who="0" fromWho="2" sc="211,20,56,0,374,-10,349,0" /><INIT seed="6,0,0,2,1,44" ten="231,56,364,349" oya="2" hai0="53,29,20,117,120,3,87,114,30,59,124,70,15" hai1="4,1,126,64,56,57,110,16,7,50,54,67,77" hai2="62,105,37,90,113,0,99,76,128,129,82,80,108" hai3="12,116,14,127,115,81,100,13,27,33,32,88,25"/><V6/><F37/><W98/><G116/><T125/><D70/><U73/><E110/><V21/><F113/><W119/><G119/><T122/><D114/><U97/><E126/><N who="0" m="48745" /><D87/><U34/><E34/><V92/><F108/><W84/><G127/><T60/><D117/><U26/><E73/><V51/><F105/><W47/><G115/><T19/><D3/><U135/><E135/><V10/><F62/><W103/><G103/><T106/><D106/><U85/><E1/><V49/><F21/><W58/><G47/><T24/><D30/><U17/><E97/><V102/><F102/><W86/><G86/><T5/><D5/><U68/><E68/><V11/><F11/><AGARI ba="0,0" hai="11,15,19,20,24,29,53,59,60,120,122" m="48745" machi="11" ten="30,1000,0" yaku="18,1" doraHai="44" who="0" fromWho="2" sc="231,10,56,0,364,-10,349,0" /><INIT seed="7,0,0,5,2,133" ten="241,56,354,349" oya="3" hai0="39,40,96,19,16,48,80,18,81,127,79,36,24" hai1="13,33,116,6,103,108,44,4,107,28,87,65,71" hai2="117,2,59,0,101,57,1,34,43,29,58,25,134" hai3="128,114,119,61,86,9,76,95,56,35,47,130,54"/><W121/><G119/><T106/><D24/><U122/><E108/><V89/><F117/><W94/><G35/><T21/><D21/><U66/><E116/><V50/><F134/><W46/><G121/><T41/><D48/><U113/><E122/><V132/><F132/><W3/><G114/><T63/><D63/><U31/><E113/><V123/><F123/><W49/><G47/><T131/><D131/><N who="3" m="50217" /><G76/><T52/><D52/><U98/><E44/><V30/><F30/><W26/><G26/><T23/><D23/><U109/><E109/><V14/><F101/><W110/><G110/><T102/><D127/><U78/><E13/><V129/><F129/><W85/><G86/><T91/><D91/><U112/><E112/><V92/><F14/><W37/><G85/><T17/><N who="0" m="4096" /><DORA hai="70" /><T74/><REACH who="0" step="1"/><D81/><REACH who="0" ten="231,56,354,349" step="2"/><U27/><E31/><V83/><F83/><W100/><G37/><AGARI ba="0,1" hai="36,37,39,40,41,74,79,80,96,102,106" m="4096" machi="37" ten="50,16000,3" yaku="1,1,2,1,52,3,54,1,53,3" doraHai="133,70" doraHaiUra="68,118" who="0" fromWho="3" sc="231,170,56,0,354,0,349,-160" owari="401,50.1,56,-44.4,354,15.4,189,-21.1" /></mjloggm>