<mjloggm ver="2.3"><GO type="169" lobby="0"/><UN n0="%4E%6F%73%75%6B%65" n1="%E4%B8%96%E7%95%8C%E5%B9%B3%E5%92%8C" n2="%E3%81%8B%E3%82%81%E3%81%98%E3%82%8D%E3%81%86" n3="%6B%61%74%65%72%69%6E%61" dan="16,16,16,16" rate="2158.65,2170.23,2140.12,2148.45" sx="M,M,M,M"/><TAIKYOKU oya="0"/><INIT seed="0,0,0,1,3,106" ten="250,250,250,250" oya="0" hai0="115,59,62,37,57,124,7,130,65,72,119,127,113" hai1="39,35,5,25,117,33,9,131,126,75,111,116,56" hai2="78,2,58,52,133,90,15,4,91,104,120,31,42" hai3="96,88,118,105,48,83,10,0,47,121,3,98,70"/><T30/><D7/><U77/><E56/><V40/><F120/><W55/><G118/><T69/><D30/><U122/><E122/><V64/><F133/><W45/><G121/><T112/><D119/><U76/><E111/><V17/><F64/><W22/><G70/><T12/><D12/><U67/><E67/><V36/><F104/><W49/><G22/><T100/><D100/><U125/><E39/><V1/><F31/><W50/><G50/><T74/><D37/><U129/><E5/><V43/><F78/><W6/><G3/><T84/><D84/><U73/><E9/><V135/><F135/><W86/><REACH who="3" step="1"/><G105/><REACH who="3" ten="250,250,250,240" step="2"/><T102/><D130/><U23/><E25/><V108/><F36/><W51/><G51/><T71/><D71/><U20/><AGARI ba="0,1" hai="20,23,33,35,73,75,76,77,116,117,125,126,129,131" machi="20" ten="25,8000,1" yaku="0,1,22,2,52,2" doraHai="106" who="1" fromWho="1" sc="250,-40,250,90,250,-20,240,-20" /><INIT seed="1,0,0,5,2,59" ten="210,340,230,220" oya="1" hai0="95,14,12,78,43,79,40,20,48,36,102,22,4" hai1="5,97,123,39,130,45,24,26,118,51,87,94,30" hai2="125,69,1,126,8,25,72,35,101,112,66,17,57" hai3="56,60,99,23,113,105,10,74,50,81,9,119,89"/><U11/><E118/><V131/><F131/><W58/><G113/><T128/><D128/><U34/><E123/><V109/><F112/><W133/><G119/><T64/><D36/><U7/><E130/><V62/><F109/><W100/><G133/><T53/><D64/><U91/><E39/><V68/><F72/><W103/><G103/><T70/><D70/><U2/><E7/><N who="2" m="1135" /><F101/><W104/><G104/><T67/><D67/><U83/><E26/><V122/><F122/><W77/><G50/><T110/><D110/><U6/><E6/><V38/><F38/><W13/><G58/><T71/><D71/><U85/><REACH who="1" step="1"/><E83/><REACH who="1" ten="210,330,230,220" step="2"/><V63/><F25/><W96/><G96/><T98/><D4/><U49/><E49/><V93/><F17/><W117/><G117/><T132/><D48/><U47/><E47/><V29/><F29/><W106/><G106/><T90/><D98/><U46/><E46/><V32/><F93/><W61/><G105/><T121/><D95/><U86/><E86/><V108/><F108/><W41/><G81/><T0/><D121/><U27/><E27/><V114/><F114/><W135/><G74/><T3/><D3/><U55/><AGARI ba="0,1" hai="2,5,11,24,30,34,45,51,55,85,87,91,94,97" machi="55" ten="20,3900,0" yaku="1,1,0,1,7,1,53,0" doraHai="59" doraHaiUra="107" who="1" fromWho="1" sc="210,-13,330,49,230,-13,220,-13" /><INIT seed="1,1,0,4,4,5" ten="197,379,217,207" oya="1" hai0="108,29,73,54,44,83,101,7,67,31,26,55,24" hai1="70,11,80,116,93,10,105,64,104,86,94,134,115" hai2="27,1,56,89,95,15,113,46,76,90,117,25,59" hai3="0,45,75,19,22,53,61,135,100,50,81,37,17"/><U74/><E116/><V66/><F117/><W42/><G0/><T118/><D118/><U77/><E115/><V119/><F119/><W14/><G135/><T92/><D108/><U36/><E36/><V99/><F1/><W12/><G100/><T82/><D67/><U13/><E134/><V91/><F113/><W35/><G35/><T97/><D7/><U65/><E105/><V132/><F132/><W30/><G30/><T47/><D73/><U6/><E104/><V8/><F76/><W96/><G96/><T9/><D97/><U106/><E106/><V98/><F46/><W72/><G81/><T63/><D92/><U120/><E120/><V126/><F126/><W103/><G61/><T125/><D63/><U127/><E127/><V60/><F59/><W23/><REACH who="3" step="1"/><G103/><REACH who="3" ten="197,379,217,197" step="2"/><T124/><REACH who="0" step="1"/><D101/><REACH who="0" ten="187,379,217,197" step="2"/><U49/><E70/><V121/><F99/><W78/><G78/><T110/><D110/><U16/><E74/><V4/><F121/><W32/><G32/><T40/><D40/><U87/><E94/><V128/><REACH who="2" step="1"/><F128/><REACH who="2" ten="187,379,207,197" step="2"/><W57/><AGARI ba="1,3" hai="12,14,17,19,22,23,37,42,45,50,53,57,72,75" machi="57" ten="20,8000,1" yaku="1,1,0,1,7,1,9,1,53,1" doraHai="5" doraHaiUra="71" who="3" fromWho="3" sc="187,-21,379,-41,207,-21,197,113" /><INIT seed="2,0,0,2,5,26" ten="166,338,186,310" oya="2" hai0="25,41,126,90,76,6,8,38,47,113,22,64,21" hai1="79,43,56,105,2,66,103,80,74,101,28,78,73" hai2="132,63,1,11,4,83,97,50,75,114,121,44,95" hai3="119,15,57,72,14,49,68,40,19,65,106,115,58"/><V116/><F116/><W69/><G119/><T118/><D118/><U54/><E2/><V35/><F114/><W24/><G106/><T17/><D126/><U9/><E9/><V34/><F121/><W94/><G72/><T85/><D113/><U102/><E43/><V112/><F112/><W111/><G115/><T46/><D64/><U70/><E105/><V130/><F132/><W55/><G111/><T42/><D76/><U61/><E28/><V3/><F3/><W20/><G40/><T51/><D17/><U93/><E79/><V59/><F130/><W96/><G58/><T10/><D10/><U104/><E104/><V53/><F83/><W30/><G15/><T120/><D120/><U110/><E110/><V13/><F75/><W0/><G65/><T134/><D134/><U82/><E82/><V123/><F1/><W18/><G18/><T131/><D131/><U27/><E27/><V135/><F123/><W124/><G124/><T125/><D125/><U39/><E39/><V99/><F135/><W117/><G0/><T129/><D129/><U128/><E128/><V67/><REACH who="2" step="1"/><F99/><REACH who="2" ten="166,338,176,310" step="2"/><W92/><G117/><T33/><D38/><U100/><E74/><V88/><AGARI ba="0,1" hai="4,11,13,34,35,44,50,53,59,63,67,88,95,97" machi="88" ten="20,12000,1" yaku="1,1,2,1,0,1,7,1,54,1,53,0" doraHai="26" doraHaiUra="77" who="2" fromWho="2" sc="166,-40,338,-40,176,130,310,-40" /><INIT seed="2,1,0,2,5,106" ten="126,298,306,270" oya="2" hai0="122,13,69,40,130,6,92,3,29,76,131,50,127" hai1="74,96,36,70,79,0,80,83,47,51,18,10,59" hai2="117,4,94,90,135,26,75,58,55,56,73,72,33" hai3="101,19,115,63,57,20,112,35,97,82,125,61,121"/><V64/><F117/><W66/><G121/><T134/><D122/><U38/><E70/><V16/><F135/><W28/><G125/><T48/><D134/><U88/><E59/><V42/><F42/><W8/><G8/><T126/><D69/><U110/><E110/><V54/><F4/><W109/><G109/><T123/><D123/><U45/><E45/><V95/><F64/><W108/><G108/><T46/><D3/><U17/><E17/><V39/><F39/><W128/><G128/><N who="0" m="49195" /><D29/><U5/><E18/><V27/><F16/><W34/><G82/><T1/><D1/><U11/><E11/><V53/><F33/><W133/><G63/><T78/><D92/><N who="2" m="35370" /><F90/><W25/><G133/><T37/><D6/><U93/><REACH who="1" step="1"/><E83/><REACH who="1" ten="126,288,306,270" step="2"/><V2/><F2/><W124/><G19/><T14/><D14/><U98/><E98/><V32/><F32/><W77/><G35/><T9/><D9/><U118/><E118/><V107/><F107/><W23/><G34/><T132/><D13/><U86/><E86/><V84/><F84/><W44/><G97/><T24/><D132/><U87/><E87/><V85/><F85/><W43/><G28/><T7/><D7/><U119/><E119/><V21/><F21/><W67/><G23/><T111/><D111/><U104/><E104/><V89/><F89/><W15/><G20/><T113/><D113/><U65/><E65/><V49/><F58/><W12/><G112/><T52/><D24/><U62/><E62/><V100/><F56/><W99/><G115/><T31/><D46/><U60/><E60/><V105/><F27/><RYUUKYOKU ba="1,1" sc="126,-10,288,30,306,-10,270,-10" hai1="0,5,10,36,38,47,51,74,79,80,88,93,96" /><INIT seed="3,2,1,1,2,43" ten="116,318,296,260" oya="3" hai0="14,99,27,70,133,54,104,68,78,41,48,3,60" hai1="34,123,42,7,47,106,132,25,26,124,71,125,52" hai2="67,130,50,46,110,16,76,18,98,113,59,111,115" hai3="127,109,121,77,87,100,120,12,37,116,112,131,90"/><W92/><G37/><T66/><D3/><U79/><E123/><V24/><F76/><W15/><G15/><T19/><D133/><U93/><E106/><V39/><F98/><N who="3" m="59463" /><G12/><T134/><D134/><U35/><E71/><V74/><F74/><W4/><G4/><T17/><D78/><U65/><E65/><V83/><F83/><W28/><G28/><T122/><D122/><N who="3" m="47209" /><G112/><T97/><D70/><U53/><E79/><V72/><F72/><W2/><G2/><T49/><D104/><U64/><E64/><V82/><F82/><W103/><G116/><T128/><D128/><U129/><E93/><V73/><F73/><W38/><G38/><T88/><D27/><N who="1" m="10251" /><E7/><V32/><F39/><W80/><G131/><T89/><D19/><N who="2" m="7210" /><F130/><W33/><G33/><N who="1" m="12298" /><E132/><V56/><F67/><W117/><G117/><T29/><D29/><U105/><E105/><V135/><F135/><W1/><G1/><T94/><D41/><U36/><E129/><V10/><F10/><W86/><G103/><T63/><D63/><U8/><E8/><V101/><F101/><W23/><G77/><T95/><REACH who="0" step="1"/><D54/><REACH who="0" ten="106,318,296,260" step="2"/><U91/><E91/><V75/><F113/><W20/><G90/><T13/><D13/><U114/><E114/><V108/><F115/><W31/><G31/><T61/><D61/><U51/><E53/><N who="2" m="29911" /><F75/><W57/><G57/><T21/><AGARI ba="2,2" hai="14,17,21,48,49,60,66,68,88,89,94,95,97,99" machi="21" ten="20,8000,1" yaku="1,1,0,1,7,1,9,1,54,1,53,0" doraHai="43" doraHaiUra="96" who="0" fromWho="0" sc="106,106,318,-22,296,-22,260,-42" /><INIT seed="4,0,0,5,1,109" ten="212,296,274,218" oya="0" hai0="60,11,2,86,127,19,77,59,98,28,79,123,14" hai1="45,67,43,55,73,37,111,47,89,74,58,132,131" hai2="54,129,88,21,33,30,17,124,38,93,36,112,96" hai3="44,32,99,108,133,15,6,65,10,85,35,71,23"/><T78/><D123/><U20/><E111/><V0/><F0/><W8/><G108/><T48/><D127/><U97/><E131/><V91/><F124/><W64/><G133/><T101/><D2/><U95/><E132/><V94/><F129/><W56/><G71/><T92/><D48/><U119/><E119/><V134/><F134/><W9/><G44/><T121/><D121/><U107/><E107/><V4/><F4/><W51/><G35/><T75/><D75/><U18/><E67/><N who="3" m="25674" /><G32/><T110/><D110/><U114/><E47/><V83/><F83/><W66/><G99/><T16/><D28/><U31/><E31/><V117/><F117/><W100/><G100/><T22/><D86/><U42/><E42/><V106/><F106/><W29/><G85/><T125/><D125/><U102/><E102/><V135/><F135/><W128/><G128/><T50/><D50/><U115/><E74/><V24/><F54/><N who="3" m="31839" /><G66/><N who="0" m="39199" /><D22/><U13/><REACH who="1" step="1"/><E73/><REACH who="1" ten="212,286,274,218" step="2"/><V5/><F30/><W113/><G113/><T81/><D81/><U72/><E72/><V120/><F112/><W122/><G122/><T39/><D39/><U105/><E105/><V104/><F104/><W3/><G3/><T7/><AGARI ba="0,1" hai="7,11,14,16,19,77,78,79,92,98,101" m="39199" machi="7" ten="30,3000,0" yaku="8,1,54,1" doraHai="109" who="0" fromWho="0" sc="212,40,286,-10,274,-10,218,-10" /><INIT seed="4,1,0,5,1,21" ten="252,276,264,208" oya="0" hai0="7,49,102,115,52,58,60,100,123,82,79,116,127" hai1="119,42,112,105,40,69,50,128,71,70,10,133,106" hai2="73,104,101,47,43,56,15,26,4,65,3,124,103" hai3="61,22,81,129,91,1,13,64,68,75,120,45,126"/><T107/><D116/><U95/><E119/><V84/><F73/><W111/><G111/><T39/><D39/><U33/><E33/><V118/><F118/><W108/><G108/><T94/><D123/><U36/><E36/><V83/><F3/><W113/><G1/><T44/><D115/><U92/><E112/><V88/><F124/><W16/><G113/><T74/><D127/><U96/><E133/><V93/><F104/><W23/><G126/><T77/><D107/><U86/><E128/><V34/><F65/><W55/><G120/><T37/><D37/><U66/><E66/><V48/><F56/><W29/><G129/><T53/><D7/><U9/><E86/><N who="2" m="52375" /><F26/><W125/><G125/><T35/><D35/><U18/><E18/><V46/><F46/><W24/><G75/><T0/><D0/><U122/><E122/><V27/><F27/><W131/><G131/><T59/><D79/><U6/><E6/><V57/><F57/><W41/><G55/><T54/><REACH who="0" step="1"/><D94/><REACH who="0" ten="242,276,264,208" step="2"/><U62/><E95/><V97/><F34/><W110/><G110/><T17/><D17/><U14/><E92/><V51/><F97/><W25/><G91/><T30/><D30/><U132/><E96/><V121/><F121/><W28/><G16/><T38/><D38/><U20/><E106/><V31/><F31/><W76/><G76/><T99/><D99/><U78/><E78/><V135/><F4/><W134/><G28/><T114/><D114/><U12/><E105/><V19/><F19/><W109/><G29/><T8/><D8/><U130/><E130/><V67/><F15/><RYUUKYOKU ba="1,1" sc="242,30,276,-10,264,-10,208,-10" hai0="44,49,52,53,54,58,59,60,74,77,82,100,102" /><INIT seed="4,2,1,1,3,133" ten="272,266,254,198" oya="0" hai0="113,56,108,6,66,49,116,58,134,22,72,25,53" hai1="98,2,105,91,109,8,127,99,5,107,33,54,97" hai2="24,135,20,86,63,69,55,131,43,101,26,60,64" hai3="117,48,120,128,87,85,95,29,7,38,52,111,68"/><T16/><D116/><U40/><E109/><V42/><F135/><W102/><G111/><T46/><D108/><U110/><E33/><V17/><F131/><W15/><G117/><T79/><D134/><U122/><E110/><V84/><F101/><W14/><G128/><T41/><D113/><U78/><E122/><V124/><F124/><W34/><G38/><T104/><D104/><U123/><E123/><V11/><F26/><W4/><G68/><T70/><D6/><N who="3" m="2089" /><G29/><T81/><D70/><U71/><E40/><V28/><F42/><W59/><G34/><T76/><D66/><U45/><E78/><V61/><F43/><W112/><G112/><T90/><D76/><U51/><E71/><V100/><F100/><W96/><G120/><T126/><D126/><U80/><REACH who="1" step="1"/><E127/><REACH who="1" ten="272,256,254,198" step="2"/><V57/><F69/><W12/><AGARI ba="2,2" hai="12,14,15,48,52,59,85,87,95,96,102" m="2089" machi="12" ten="30,2000,0" yaku="8,1,54,1" doraHai="133" who="3" fromWho="3" sc="272,-12,256,-7,254,-7,198,46" /><INIT seed="5,0,0,5,0,112" ten="260,249,247,244" oya="1" hai0="114,40,77,3,124,96,22,28,115,131,89,10,98" hai1="25,117,116,126,45,14,61,113,94,102,122,51,4" hai2="87,39,108,15,42,41,44,107,75,103,1,0,88" hai3="99,26,38,37,13,62,12,43,121,69,11,27,85"/><U65/><E122/><V83/><F108/><W72/><G72/><T81/><D124/><U34/><E113/><N who="0" m="43017" /><D40/><U63/><E126/><V49/><F42/><W73/><G73/><N who="0" m="43183" /><D89/><U58/><E63/><V64/><F64/><W78/><G121/><T54/><D131/><U48/><E48/><V19/><F75/><W132/><G132/><T120/><D120/><U118/><E94/><V100/><F39/><W32/><G99/><T70/><D70/><U109/><E102/><V50/><F50/><W74/><G43/><T127/><D54/><U93/><E93/><V91/><F91/><W59/><G69/><T105/><D127/><U82/><E82/><V35/><F35/><W104/><G32/><T133/><D133/><U111/><E51/><V23/><REACH who="2" step="1"/><F107/><REACH who="2" ten="260,249,237,244" step="2"/><W135/><G104/><T53/><D105/><U21/><E34/><V16/><F16/><W90/><G90/><T57/><D28/><U92/><E92/><V119/><F119/><W30/><G30/><T46/><D98/><U71/><E71/><V68/><F68/><W20/><G37/><T128/><D96/><U56/><E111/><V36/><F36/><W29/><G38/><T95/><D128/><U8/><E109/><V106/><F106/><W24/><G29/><T129/><D129/><U9/><E117/><V110/><F110/><W33/><G33/><T6/><D53/><U17/><E116/><V97/><F97/><W5/><G135/><T101/><D101/><AGARI ba="0,1" hai="0,1,15,19,23,41,44,49,83,87,88,100,101,103" machi="101" ten="40,5200,0" yaku="1,1,54,1,53,1" doraHai="112" doraHaiUra="80" who="2" fromWho="0" sc="260,-52,249,0,237,62,244,0" /><INIT seed="6,0,0,1,5,105" ten="208,249,299,244" oya="2" hai0="45,70,12,102,117,87,40,59,92,47,34,125,5" hai1="119,35,122,28,95,89,124,9,66,44,130,7,33" hai2="133,97,94,23,69,50,57,120,2,22,131,101,1" hai3="15,51,77,3,56,88,39,85,38,72,82,121,52"/><V111/><F120/><W8/><G3/><T132/><D70/><U58/><E119/><V83/><F69/><W20/><G121/><T16/><D117/><U32/><E122/><V14/><F131/><W19/><REACH who="3" step="1"/><G8/><REACH who="3" ten="208,249,299,234" step="2"/><T128/><D128/><U73/><E130/><V93/><F1/><W126/><G126/><T110/><D125/><U115/><E9/><V11/><F2/><W46/><G46/><T100/><D47/><U104/><E44/><V21/><F111/><W13/><G13/><T24/><D110/><U103/><E124/><V76/><F133/><W84/><G84/><T113/><D132/><U27/><E73/><V68/><F68/><W62/><G62/><T81/><D87/><U63/><E63/><V90/><F11/><W75/><G75/><T49/><D45/><U64/><E115/><V53/><F14/><W37/><G37/><T114/><D12/><U10/><E10/><V17/><F17/><W99/><G99/><T108/><D16/><U118/><E7/><V78/><F83/><AGARI ba="0,1" hai="15,19,20,38,39,51,52,56,72,77,82,83,85,88" machi="83" ten="30,8000,1" yaku="1,1,7,1,52,1,54,2,53,0" doraHai="105" doraHaiUra="123" who="3" fromWho="2" sc="208,0,249,0,299,-80,234,90" /><INIT seed="7,0,0,3,2,77" ten="208,249,219,324" oya="3" hai0="55,69,57,5,48,118,135,94,35,15,34,86,132" hai1="127,11,121,26,62,130,3,123,46,36,16,13,72" hai2="97,66,91,100,125,98,119,75,117,129,120,4,104" hai3="95,78,73,51,17,64,106,83,42,105,38,68,108"/><W10/><G108/><T110/><D118/><U0/><E127/><V88/><F4/><W24/><G51/><T109/><D69/><U101/><E130/><V53/><F66/><W92/><G92/><T133/><D94/><U52/><E101/><N who="2" m="62511" /><F53/><W124/><G124/><T126/><D86/><U18/><E72/><V79/><F125/><W1/><G95/><T112/><D126/><U63/><E63/><V39/><F39/><W65/><G24/><T113/><D5/><U128/><E128/><V89/><F129/><W19/><G19/><T61/><D15/><U31/><E36/><V43/><F43/><W32/><G17/><T93/><D93/><U81/><E46/><V14/><F14/><W134/><G134/><T25/><D61/><U114/><E18/><V9/><F9/><W111/><G32/><N who="0" m="12331" /><D25/><U44/><E62/><V74/><F120/><W99/><G111/><AGARI ba="0,0" hai="48,55,57,109,110,111,112,113,132,133,135" m="12331" machi="111" ten="40,1300,0" yaku="20,1" doraHai="77" who="0" fromWho="3" sc="208,13,249,0,219,0,324,-13" owari="221,-17.9,249,4.9,219,-28.1,311,41.1" /></mjloggm>