<mjloggm ver="2.3"><GO type="169" lobby="0"/><UN n0="%E3%83%91%E3%83%BC%E3%83%A9%E3%83%A1%E3%83%B3%E3%83%88" n1="%6E%69%63%6F%6E%74%6F" n2="%53%68%69%72%6C%65%79" n3="%48%41%43%4F" dan="16,16,16,16" rate="2197.03,2136.74,2086.46,2061.23" sx="M,M,M,M"/><TAIKYOKU oya="0"/><INIT seed="0,0,0,2,1,33" ten="250,250,250,250" oya="0" hai0="120,22,75,66,123,82,50,4,23,40,109,27,41" hai1="94,102,48,130,62,64,135,133,34,44,45,12,74" hai2="70,95,35,125,93,46,111,78,30,1,118,119,132" hai3="2,8,67,104,117,72,15,97,68,0,134,115,38"/><T100/><D100/><U14/><E34/><V92/><F111/><W124/><RYUUKYOKU type="yao9" ba="0,0" sc="250,0,250,0,250,0,250,0" hai3="0,2,8,15,38,67,68,72,97,104,115,117,124,134" /><INIT seed="0,1,0,1,3,77" ten="250,250,250,250" oya="0" hai0="35,134,108,107,4,58,113,73,49,70,44,64,41" hai1="110,37,13,106,47,12,131,101,6,72,39,67,119" hai2="98,40,22,80,130,75,124,29,16,129,109,8,43" hai3="42,38,51,31,95,99,85,71,81,100,0,23,5"/><T88/><D113/><U9/><E119/><V125/><F109/><W76/><G71/><T96/><D108/><U21/><E72/><V48/><F29/><W103/><G0/><T97/><D73/><U126/><E110/><V54/><F98/><W132/><G132/><T123/><D123/><U3/><E131/><N who="2" m="50187" /><F8/><W68/><G38/><T61/><D134/><U83/><E126/><N who="2" m="48747" /><F54/><W30/><G68/><T46/><D35/><U121/><E121/><V27/><F48/><W10/><G23/><T60/><D4/><U105/><E21/><V19/><F19/><W28/><G100/><T114/><D114/><U94/><E101/><V65/><F65/><W18/><G18/><T66/><D107/><U7/><E67/><V135/><F135/><W69/><G69/><T26/><D26/><U63/><E9/><V59/><F59/><W50/><G42/><T2/><D2/><U127/><E3/><V45/><F45/><W15/><AGARI ba="1,0" hai="5,10,15,28,30,31,50,51,76,81,85,95,99,103" machi="15" ten="30,4000,0" yaku="0,1,8,1,52,1" doraHai="77" who="3" fromWho="3" sc="250,-21,250,-11,250,-11,250,43" /><INIT seed="1,0,0,4,2,73" ten="229,239,239,293" oya="1" hai0="118,82,85,16,105,49,80,39,108,89,48,113,18" hai1="28,33,37,126,97,88,94,20,10,5,104,114,70" hai2="102,129,87,62,120,36,31,52,119,59,93,98,128" hai3="71,123,47,100,75,1,22,78,79,25,46,13,92"/><U15/><E114/><V121/><F119/><W103/><G75/><T109/><D113/><U77/><E126/><V26/><F36/><W27/><G71/><T67/><D118/><U115/><E115/><V117/><F117/><W63/><G1/><T124/><D39/><U111/><E37/><V4/><F4/><W69/><G69/><T74/><D105/><U29/><E70/><V3/><F3/><W57/><G13/><T133/><D67/><U44/><E104/><V41/><F41/><W81/><G81/><T91/><D124/><U95/><E111/><N who="0" m="42569" /><D133/><U106/><E106/><V131/><REACH who="2" step="1"/><F87/><REACH who="2" ten="229,239,229,293" step="2"/><W30/><G123/><T116/><D116/><U34/><E34/><AGARI ba="0,1" hai="26,31,34,52,59,62,93,98,102,120,121,128,129,131" machi="34" ten="40,8000,1" yaku="1,1,2,1,19,1,54,1,53,0" doraHai="73" doraHaiUra="6" who="2" fromWho="1" sc="229,0,239,-80,229,90,293,0" /><INIT seed="2,0,0,1,5,33" ten="229,159,319,293" oya="2" hai0="89,23,65,87,135,101,96,61,17,114,51,75,27" hai1="10,103,98,133,34,14,126,18,64,57,36,19,22" hai2="35,60,125,102,78,42,110,63,124,118,68,54,6" hai3="77,116,29,120,37,105,67,66,28,81,129,121,11"/><V123/><F123/><W132/><G116/><T24/><D135/><U86/><E133/><V83/><F118/><W122/><G132/><T97/><D114/><U69/><E126/><V7/><F35/><W8/><G37/><T84/><D75/><U26/><E36/><V111/><F42/><W128/><G105/><T79/><D51/><U113/><E113/><V9/><F102/><W40/><G40/><T2/><D2/><U82/><E34/><V92/><F92/><W127/><G77/><T16/><D79/><U47/><E69/><V95/><F95/><W31/><G81/><T52/><D65/><N who="3" m="24585" /><G127/><N who="2" m="48713" /><F68/><W45/><G45/><T49/><D61/><N who="2" m="23626" /><F54/><W21/><G21/><N who="0" m="13351" /><D101/><U32/><E32/><V43/><F43/><W131/><AGARI ba="0,0" hai="8,11,28,29,31,120,121,122,128,129,131" m="24585" machi="131" ten="50,8000,1" yaku="29,2,28,2,19,1" doraHai="33" who="3" fromWho="3" sc="229,-20,159,-20,319,-40,293,80" /><INIT seed="3,0,0,5,5,71" ten="209,139,279,373" oya="3" hai0="28,77,117,36,108,21,48,81,99,115,31,76,63" hai1="5,23,112,104,45,14,96,69,68,27,83,100,113" hai2="132,54,126,91,61,98,93,102,41,70,95,124,73" hai3="85,64,49,10,111,134,131,109,110,97,17,47,89"/><W87/><G131/><T58/><D117/><U25/><E25/><V53/><F73/><W46/><G134/><T19/><D108/><U39/><E83/><V119/><F119/><W88/><G64/><T35/><D35/><U33/><E69/><V37/><F132/><W4/><G97/><T6/><D6/><U2/><E68/><V94/><F94/><N who="3" m="54575" /><G49/><T30/><D36/><U16/><E2/><V80/><F80/><N who="3" m="49255" /><G17/><T24/><D115/><U125/><E125/><N who="2" m="48235" /><F61/><W75/><G75/><T55/><D99/><U29/><REACH who="1" step="1"/><E5/><REACH who="1" ten="209,129,279,373" step="2"/><V43/><F70/><W118/><G118/><T116/><D116/><U51/><E51/><V129/><F129/><W32/><G32/><T133/><D133/><U1/><E1/><AGARI ba="0,1" hai="1,4,10,46,47,109,110,111" m="49255,54575" machi="1" ten="30,5800,0" yaku="14,1,10,1,54,1" doraHai="71" who="3" fromWho="1" sc="209,0,129,-58,279,0,373,68" /><INIT seed="3,1,0,3,3,110" ten="209,71,279,441" oya="3" hai0="78,73,86,46,126,62,37,117,10,1,13,115,84" hai1="27,25,16,75,103,129,39,52,99,120,81,24,44" hai2="53,64,107,4,96,106,79,6,11,17,58,29,130" hai3="102,132,43,7,100,22,36,5,63,105,72,60,35"/><W0/><G35/><T51/><D117/><U33/><E120/><V74/><F130/><W119/><G119/><T18/><D126/><U55/><E129/><V70/><F29/><W9/><G7/><T131/><D131/><U23/><E33/><V68/><F64/><W48/><G132/><T124/><D124/><U121/><E121/><V31/><F31/><W2/><G2/><T76/><D37/><U41/><E75/><V125/><F17/><W14/><G72/><T87/><D1/><U8/><E8/><V80/><F125/><W104/><G36/><T122/><D122/><U113/><E113/><V50/><F4/><W20/><G0/><T71/><D73/><U45/><E81/><V38/><F38/><W85/><G104/><T49/><D49/><U59/><E45/><V97/><F107/><W133/><G105/><T93/><D93/><U82/><E82/><V116/><F116/><W123/><G85/><T56/><D71/><U128/><E128/><V95/><F97/><W40/><G48/><T94/><D94/><U3/><E3/><V127/><F106/><W42/><G133/><T83/><D115/><U66/><E66/><V57/><F57/><W69/><G69/><T88/><D78/><U67/><E67/><V77/><F77/><W34/><G34/><T47/><D76/><U118/><E118/><V54/><F127/><W111/><G123/><T28/><D28/><U135/><E135/><V12/><F54/><N who="1" m="20521" /><E59/><V91/><AGARI ba="1,0" hai="6,11,12,50,53,58,68,70,74,79,80,91,95,96" machi="91" ten="20,1500,0" yaku="0,1,7,1" doraHai="110" who="2" fromWho="2" sc="209,-5,71,-5,279,18,441,-8" /><INIT seed="4,0,0,3,4,118" ten="204,66,297,433" oya="0" hai0="1,127,38,61,100,48,59,24,76,90,54,103,135" hai1="84,12,17,94,4,10,115,2,117,113,83,91,39" hai2="132,43,87,88,52,42,18,111,121,122,104,70,15" hai3="29,120,75,53,36,89,0,105,27,31,98,45,102"/><T78/><D1/><U34/><E117/><V25/><F70/><W62/><G31/><T41/><D127/><U119/><E119/><V68/><F68/><W116/><G116/><T16/><D135/><U49/><E39/><V28/><F104/><W93/><G0/><T82/><D38/><U97/><E34/><V72/><F72/><W77/><G120/><T33/><D33/><U20/><E49/><V9/><F111/><W81/><G62/><T110/><D110/><U126/><E126/><V63/><F132/><W64/><G64/><T6/><D6/><U58/><E58/><V95/><F42/><W55/><G45/><N who="0" m="25647" /><D90/><U21/><E21/><V57/><F43/><W65/><G65/><T101/><D82/><U69/><REACH who="1" step="1"/><E69/><REACH who="1" ten="204,56,297,433" step="2"/><V107/><F107/><W125/><G36/><T92/><D92/><U123/><E123/><V3/><F3/><W19/><G125/><T130/><D130/><U86/><E86/><V26/><F26/><W114/><G29/><T14/><D24/><U23/><E23/><AGARI ba="0,1" hai="9,15,18,23,25,28,52,57,63,87,88,95,121,122" machi="23" ten="30,8000,1" yaku="7,1,52,2,54,2" doraHai="118" who="2" fromWho="1" sc="204,0,56,-80,297,90,433,0" /><AGARI ba="0,0" hai="14,16,23,54,59,61,76,78,100,101,103" m="25647" machi="23" ten="30,2900,0" yaku="8,1,54,1" doraHai="118" who="0" fromWho="1" sc="204,29,-24,-29,387,0,433,0" owari="233,-16.7,-53,-55.3,387,18.7,433,53.3" /></mjloggm>