<mjloggm ver="2.3"><GO type="169" lobby="0"/><UN n0="%E4%B8%BB%E5%A9%A6%E3%81%A8%E3%81%97%E5%AD%90" n1="%6F%6B%61%62%65%73%68%69" n2="%E4%B8%96%E7%95%8C%E5%B9%B3%E5%92%8C" n3="%E7%B4%8D%E5%8D%9A%E7%A7%91%E5%A4%AB" dan="17,17,16,16" rate="2177.07,2187.51,2188.89,2145.27" sx="M,M,M,F"/><TAIKYOKU oya="0"/><INIT seed="0,0,0,3,5,100" ten="250,250,250,250" oya="0" hai0="129,18,71,34,17,36,59,41,102,101,2,70,22" hai1="38,53,3,110,65,131,63,89,54,13,1,85,119" hai2="69,39,46,103,77,107,30,28,10,80,74,79,127" hai3="128,7,97,47,120,95,84,12,133,55,61,25,93"/><T73/><D34/><U94/><E119/><V116/><F127/><W134/><G128/><T29/><D73/><U6/><E131/><V57/><F79/><W124/><G120/><T9/><D129/><U135/><E38/><V32/><F57/><W109/><G124/><T111/><D29/><U90/><E1/><V44/><F30/><W23/><G109/><T31/><D31/><U68/><E110/><V92/><F92/><W21/><G134/><T75/><D75/><U88/><E135/><V113/><F46/><W40/><G133/><T112/><D112/><U50/><E3/><V52/><F52/><W49/><G84/><T91/><D91/><U19/><E6/><V62/><F10/><W126/><G126/><T64/><D41/><U82/><E54/><V45/><F39/><W72/><G72/><T51/><D36/><U130/><E130/><V104/><F104/><W108/><G108/><T35/><D35/><U114/><E114/><V58/><F58/><W123/><G123/><T105/><D111/><U60/><E60/><V67/><F116/><W56/><G97/><N who="0" m="61615" /><D102/><U132/><E132/><V99/><REACH who="2" step="1"/><F113/><REACH who="2" ten="250,250,240,250" step="2"/><W33/><G95/><T48/><D59/><U8/><E94/><V98/><F98/><W81/><G93/><T83/><D83/><U125/><E125/><V26/><AGARI ba="0,1" hai="26,28,32,44,45,62,67,69,74,77,80,99,103,107" machi="26" ten="30,8000,1" yaku="1,1,0,1,25,2,52,1,53,0" doraHai="100" doraHaiUra="37" who="2" fromWho="2" sc="250,-40,250,-20,240,90,250,-20" /><INIT seed="1,0,0,1,0,95" ten="210,230,330,230" oya="1" hai0="19,125,5,72,21,26,119,60,43,46,29,37,94" hai1="85,129,70,106,11,61,132,20,53,27,134,58,115" hai2="6,89,133,34,77,76,104,118,116,49,33,87,39" hai3="84,90,111,50,1,96,108,69,74,41,64,51,7"/><U4/><E115/><V31/><F39/><W66/><G74/><T127/><D119/><U121/><E121/><V25/><F34/><W16/><G7/><T92/><D72/><U17/><E70/><V10/><F133/><N who="1" m="51305" /><E85/><V28/><F28/><W0/><G69/><T88/><D92/><U113/><E113/><V62/><F104/><W14/><G84/><T83/><D83/><U12/><E106/><V68/><F116/><W91/><G14/><T55/><D5/><U122/><E122/><V8/><F8/><W30/><G30/><T81/><D81/><U15/><E129/><V80/><F118/><W3/><G3/><AGARI ba="0,0" hai="3,4,11,12,15,17,20,27,53,58,61" m="51305" machi="3" ten="30,1500,0" yaku="20,1" doraHai="95" who="1" fromWho="3" sc="210,0,230,15,330,0,230,-15" /><INIT seed="1,1,0,3,3,15" ten="210,245,330,215" oya="1" hai0="4,119,110,18,77,31,21,51,9,59,34,37,24" hai1="60,103,41,10,32,6,116,72,69,1,93,67,106" hai2="130,28,105,97,131,89,63,53,75,42,81,57,13" hai3="91,3,58,49,52,109,112,23,20,122,120,133,83"/><U38/><E93/><V102/><F28/><W100/><G112/><T99/><D37/><U96/><E116/><V129/><F42/><W117/><G117/><T54/><D119/><U25/><E72/><V16/><F89/><W2/><G133/><T40/><D110/><U44/><E25/><V118/><F118/><W0/><G109/><T123/><D123/><U108/><REACH who="1" step="1"/><E108/><REACH who="1" ten="210,235,330,215" step="2"/><V94/><F75/><W7/><G120/><T17/><D34/><AGARI ba="1,1" hai="1,6,10,32,34,38,41,44,60,67,69,96,103,106" machi="34" ten="40,18000,2" yaku="1,1,2,1,33,3,53,1" doraHai="15" doraHaiUra="43" who="1" fromWho="0" sc="210,-183,235,193,330,0,215,0" /><INIT seed="1,2,0,3,3,21" ten="27,428,330,215" oya="1" hai0="119,82,60,61,130,8,121,65,94,4,44,67,85" hai1="72,46,22,9,110,106,127,125,39,35,52,93,80" hai2="96,116,78,87,97,124,86,112,56,122,50,6,88" hai3="53,7,42,68,54,71,103,13,79,43,26,24,131"/><U118/><E35/><V83/><F116/><W3/><G3/><T135/><D119/><U32/><E32/><V41/><F122/><W29/><G29/><T101/><D121/><U126/><E118/><V95/><F124/><W115/><G103/><T70/><D135/><U64/><E106/><V102/><F112/><W123/><G123/><T0/><D44/><U98/><E64/><V11/><F102/><W84/><G115/><T17/><D130/><U57/><E9/><V27/><F27/><N who="3" m="10283" /><G71/><T59/><D17/><U34/><E34/><V62/><F50/><W47/><G68/><T108/><D108/><U132/><E132/><V105/><F41/><N who="3" m="15371" /><G47/><T15/><D101/><N who="1" m="60623" /><E22/><V5/><F105/><W38/><G38/><T2/><D2/><U109/><E46/><V36/><F36/><W114/><G114/><T76/><D0/><U74/><E39/><V69/><F69/><W55/><G131/><T30/><D30/><U1/><E1/><V49/><F49/><W81/><G13/><T23/><D70/><U99/><E99/><N who="2" m="37963" /><F11/><W10/><G10/><T128/><D128/><U133/><E133/><V111/><F111/><N who="1" m="42505" /><E80/><V51/><F51/><AGARI ba="2,0" hai="51,52,57,72,74,125,126,127" m="42505,60623" machi="51" ten="40,12000,1" yaku="18,1,14,1,10,1,54,1" doraHai="21" who="1" fromWho="2" sc="27,0,428,126,330,-126,215,0" /><INIT seed="1,3,0,2,2,23" ten="27,554,204,215" oya="1" hai0="68,76,109,24,32,28,123,125,42,44,22,45,57" hai1="63,31,80,85,121,18,131,129,50,59,11,107,65" hai2="95,111,26,4,83,133,35,119,55,12,37,8,86" hai3="94,122,101,87,61,134,38,90,67,53,118,17,74"/><U130/><E121/><V34/><F37/><W97/><G122/><T51/><D123/><U77/><E107/><V108/><F119/><W56/><G134/><T114/><D109/><N who="2" m="42058" /><F133/><W29/><G38/><T73/><D68/><U47/><E31/><V39/><F39/><W81/><G118/><T110/><D110/><U58/><E58/><V91/><F55/><W113/><G113/><T84/><D125/><U5/><E18/><V16/><F83/><W71/><G29/><T41/><D114/><U2/><E50/><V128/><F128/><W92/><G17/><T70/><D70/><U9/><E9/><V60/><F60/><W7/><G7/><T100/><D57/><U6/><E6/><V115/><F115/><W20/><G20/><AGARI ba="3,0" hai="4,8,12,16,20,26,34,35,86,91,95" m="42058" machi="20" ten="30,3900,0" yaku="14,1,52,1,54,1" doraHai="23" who="2" fromWho="3" sc="27,0,554,0,204,48,215,-48" /><INIT seed="2,0,0,4,5,133" ten="27,554,252,167" oya="2" hai0="66,115,59,48,38,45,112,27,19,85,40,31,96" hai1="11,30,81,98,22,109,58,52,118,63,125,5,124" hai2="15,69,56,13,68,127,41,46,2,103,73,24,72" hai3="92,135,25,29,128,21,102,54,121,76,8,75,94"/><V39/><F2/><W18/><G121/><T80/><D96/><U74/><E118/><V99/><F127/><N who="1" m="48713" /><E109/><V107/><F15/><W77/><G128/><T104/><D104/><U79/><E98/><V47/><F13/><N who="3" m="7463" /><G75/><T34/><D19/><U134/><E134/><V62/><F56/><W32/><G32/><T33/><D33/><U114/><E114/><V108/><F108/><W89/><G102/><T126/><D126/><U60/><E60/><V23/><F47/><W105/><G105/><T53/><REACH who="0" step="1"/><D66/><REACH who="0" ten="17,554,252,167" step="2"/><U6/><E11/><V100/><F100/><W86/><G135/><T55/><D55/><U113/><E113/><V129/><F129/><W37/><G54/><T116/><D116/><U130/><E130/><V119/><F119/><W123/><G123/><T90/><AGARI ba="0,1" hai="27,31,34,38,40,45,48,53,59,80,85,90,112,115" machi="90" ten="20,5200,0" yaku="1,1,0,1,7,1,53,1" doraHai="133" doraHaiUra="51" who="0" fromWho="0" sc="17,62,554,-13,252,-26,167,-13" /><INIT seed="3,0,0,3,4,25" ten="79,541,226,154" oya="3" hai0="31,6,37,107,41,74,54,96,45,95,8,27,61" hai1="9,122,124,102,123,17,135,87,28,72,71,110,114" hai2="134,103,39,81,52,15,117,116,62,19,58,47,36" hai3="120,44,2,42,3,57,18,49,33,59,50,20,40"/><W16/><G33/><T105/><D74/><U133/><E72/><V131/><F131/><W64/><G120/><N who="1" m="46122" /><E71/><V7/><F134/><N who="1" m="51209" /><E102/><V132/><F7/><W76/><G76/><T67/><D54/><U121/><E87/><V48/><F103/><W80/><G80/><T35/><D95/><U73/><E73/><V70/><F132/><W118/><G64/><T30/><D30/><U83/><E83/><V75/><F70/><W51/><G118/><T91/><D91/><U125/><E121/><V111/><F111/><W32/><G32/><T90/><D90/><U65/><E65/><V127/><F127/><N who="1" m="48713" /><E110/><V89/><F89/><W115/><G51/><T23/><D96/><U99/><E99/><V112/><F81/><W53/><G53/><T60/><D60/><U34/><E114/><V126/><F75/><W1/><G115/><T13/><REACH who="0" step="1"/><D35/><REACH who="0" ten="69,541,226,154" step="2"/><U113/><E113/><V24/><F112/><W93/><G93/><T100/><D100/><U5/><E17/><V69/><F126/><W68/><G18/><T84/><D84/><U46/><E46/><V101/><F101/><W21/><G16/><T104/><D104/><U29/><E34/><V0/><F19/><W4/><G44/><T22/><D22/><U88/><E88/><V94/><F47/><W92/><G21/><T128/><D128/><U130/><E130/><V77/><F62/><W10/><G20/><T98/><D98/><U85/><E85/><V56/><F77/><W119/><G92/><T66/><D66/><U97/><E97/><V55/><F94/><W14/><G42/><T82/><D82/><RYUUKYOKU ba="0,1" sc="69,15,541,15,226,-15,154,-15" hai0="6,8,13,23,27,31,37,41,45,61,67,105,107" hai1="5,9,28,29" /><INIT seed="4,1,1,1,5,7" ten="84,556,211,139" oya="0" hai0="97,104,114,82,72,61,65,101,43,36,26,54,52" hai1="109,58,128,42,44,40,69,28,4,37,112,31,30" hai2="111,135,29,70,49,83,57,88,90,108,62,34,86" hai3="89,126,39,102,122,98,51,71,117,14,119,107,76"/><T25/><D114/><U127/><E109/><V106/><F135/><W63/><G39/><T0/><D0/><U27/><E69/><V32/><F106/><W6/><G126/><T81/><D36/><U18/><E40/><V92/><F70/><W23/><G122/><T134/><D43/><U77/><E127/><V75/><F49/><W94/><G76/><T124/><D124/><U100/><E112/><V105/><F105/><W121/><G121/><T9/><D134/><U17/><E128/><V131/><F131/><W132/><G132/><T53/><D9/><U110/><E110/><V22/><F75/><W41/><G63/><T24/><REACH who="0" step="1"/><D72/><REACH who="0" ten="74,556,211,139" step="2"/><U35/><E37/><V123/><F123/><W38/><G38/><T12/><D12/><U56/><E42/><V103/><F108/><W21/><G14/><T55/><N who="0" m="13312" /><DORA hai="130" /><T48/><D48/><U3/><E3/><V50/><F50/><W118/><G51/><T64/><D64/><U115/><E115/><V13/><F13/><W78/><G41/><T60/><D60/><U113/><E113/><V74/><F62/><W96/><G119/><T19/><D19/><U59/><E17/><V85/><F74/><W80/><G118/><T11/><D11/><U5/><E18/><V67/><F67/><W87/><G117/><T93/><D93/><U46/><E30/><V1/><F92/><W20/><G6/><T116/><D116/><U79/><E31/><V15/><F15/><W129/><G129/><T73/><D73/><U133/><E133/><V10/><F111/><W120/><G120/><T66/><D66/><RYUUKYOKU ba="1,2" sc="74,15,556,-15,211,-15,139,15" hai0="24,25,26,61,65,81,82,97,101,104" hai3="20,21,23,71,78,80,87,89,94,96,98,102,107" /><INIT seed="4,2,2,2,0,51" ten="89,541,196,154" oya="0" hai0="88,134,103,73,25,118,21,57,100,130,119,2,60" hai1="94,113,40,86,68,74,97,44,85,38,131,42,45" hai2="95,83,79,37,75,110,10,70,101,28,49,4,35" hai3="8,114,0,56,27,6,91,15,54,109,108,59,63"/><T14/><D2/><U69/><E74/><V111/><F70/><W82/><G114/><T129/><D73/><U132/><E113/><V11/><F37/><W26/><G109/><T61/><D14/><U127/><E127/><V102/><F11/><W122/><G122/><T18/><D134/><U112/><E112/><V106/><F106/><W98/><G108/><T46/><D46/><U47/><E132/><V53/><F101/><N who="0" m="38986" /><D61/><U36/><E131/><N who="0" m="50185" /><D88/><U64/><E47/><V116/><F116/><W115/><G115/><T29/><D18/><U81/><E64/><AGARI ba="2,2" hai="21,25,29,57,60,64,118,119" m="50185,38986" machi="64" ten="30,1500,0" yaku="19,1" doraHai="51" who="0" fromWho="1" sc="89,41,541,-21,196,0,154,0" /><INIT seed="4,3,0,2,1,32" ten="130,520,196,154" oya="0" hai0="119,76,116,35,57,12,34,36,130,134,62,41,79" hai1="19,22,131,40,95,9,52,3,29,85,4,91,24" hai2="31,11,65,55,14,77,45,5,58,2,98,108,78" hai3="26,126,80,94,129,75,48,43,113,39,82,111,74"/><T128/><D12/><U100/><E131/><N who="0" m="50217" /><D41/><U68/><E68/><V92/><F108/><W17/><G111/><T103/><D36/><U124/><E124/><V15/><F31/><W122/><G113/><T47/><D47/><U107/><E40/><V8/><F45/><W67/><G122/><T42/><D103/><U117/><E117/><N who="0" m="45129" /><D42/><U99/><REACH who="1" step="1"/><E52/><REACH who="1" ten="130,510,196,154" step="2"/><V125/><F125/><W33/><G126/><T114/><D114/><U110/><E110/><V135/><F65/><W96/><G67/><N who="0" m="39375" /><D134/><U86/><E86/><V20/><F135/><W44/><G129/><T132/><D132/><U72/><E72/><V6/><F2/><W66/><G75/><T50/><D50/><U70/><E70/><V120/><F120/><W115/><G74/><T106/><D106/><U0/><E0/><V118/><F118/><W84/><G48/><T87/><D87/><U123/><E123/><V21/><F78/><AGARI ba="3,1" hai="34,35,76,78,79" m="39375,45129,50217" machi="78" ten="30,1500,0" yaku="19,1" doraHai="32" who="0" fromWho="2" sc="130,34,510,0,196,-24,154,0" /><INIT seed="4,4,0,1,3,85" ten="164,510,172,154" oya="0" hai0="39,27,110,35,103,19,12,109,115,4,87,53,113" hai1="37,74,76,44,86,118,89,128,71,132,42,68,56" hai2="114,10,75,65,58,100,80,1,66,121,99,2,127" hai3="111,95,135,91,64,77,16,57,133,131,112,11,88"/><T38/><D53/><U43/><E118/><V28/><F121/><W83/><G111/><N who="0" m="42507" /><D103/><U8/><E43/><V52/><F127/><W70/><G112/><N who="0" m="43083" /><D87/><U50/><E128/><V48/><F28/><W125/><G70/><T97/><D97/><U3/><E132/><N who="3" m="50762" /><G131/><T124/><D124/><U24/><E24/><V94/><F114/><W63/><G125/><T17/><D4/><N who="1" m="1055" /><E56/><V92/><F92/><W72/><G95/><T23/><D35/><U79/><E79/><V108/><F108/><W5/><G16/><N who="0" m="12775" /><D12/><AGARI ba="4,0" hai="5,11,12,57,63,64,72,77,83,88,91" m="50762" machi="12" ten="30,7700,0" yaku="20,1,52,2,54,1" doraHai="85" who="3" fromWho="0" sc="164,-89,510,0,172,0,154,89" /><INIT seed="5,0,0,2,3,117" ten="75,510,172,243" oya="1" hai0="132,135,33,42,72,14,74,18,30,116,65,27,46" hai1="24,19,50,92,75,103,128,41,38,10,47,15,4" hai2="83,98,16,22,124,105,17,66,1,106,37,111,6" hai3="68,126,32,52,100,59,49,110,71,97,85,67,104"/><U122/><E128/><V56/><F111/><W89/><G110/><T78/><D116/><U130/><E130/><V2/><F37/><W39/><G126/><T107/><D107/><U0/><E75/><V43/><F124/><W69/><G32/><T76/><D65/><U90/><E38/><V129/><F129/><W51/><G39/><T53/><D53/><U35/><E103/><V93/><F43/><W102/><G102/><T60/><D60/><U134/><E134/><N who="0" m="51241" /><D46/><U118/><E118/><V77/><F6/><W114/><G49/><T82/><D42/><U96/><E122/><V84/><F17/><W115/><REACH who="3" step="1"/><G67/><REACH who="3" ten="75,510,172,233" step="2"/><T36/><D36/><U40/><E35/><V61/><F106/><W23/><G23/><N who="0" m="11735" /><D76/><U5/><E0/><V8/><F105/><W11/><G11/><T34/><D33/><U86/><E24/><V131/><F8/><W95/><AGARI ba="0,1" hai="51,52,59,68,69,71,85,89,95,97,100,104,114,115" machi="95" ten="40,8000,1" yaku="1,1,0,1,54,1,53,1" doraHai="117" doraHaiUra="54" who="3" fromWho="3" sc="75,-20,510,-40,172,-20,233,90" /><INIT seed="6,0,0,2,4,130" ten="55,470,152,323" oya="2" hai0="16,58,74,92,99,8,120,101,26,41,106,47,13" hai1="20,62,69,128,100,87,17,83,126,51,43,49,42" hai2="52,114,19,14,132,94,72,112,50,11,63,73,53" hai3="37,104,38,93,1,88,4,96,105,32,7,46,107"/><V60/><F53/><W28/><G1/><T91/><D74/><U15/><E128/><V54/><F54/><W121/><G121/><T64/><D120/><U12/><E126/><V25/><F73/><W134/><G134/><T85/><D26/><U10/><E100/><V116/><F72/><W18/><G18/><T129/><D129/><U44/><E69/><V115/><F116/><W33/><G46/><T24/><D24/><U111/><E111/><V40/><F40/><N who="1" m="15401" /><E62/><V89/><F25/><W68/><G68/><T2/><D2/><U110/><E44/><V123/><F132/><W80/><G28/><T108/><D108/><U75/><E75/><V127/><F127/><W86/><G4/><T39/><D58/><U55/><E55/><V81/><F81/><W76/><REACH who="3" step="1"/><G7/><REACH who="3" ten="55,470,152,313" step="2"/><T125/><D125/><U27/><E110/><V122/><F122/><W30/><G30/><T113/><D113/><U79/><E15/><V78/><F123/><W57/><G57/><T21/><REACH who="0" step="1"/><D64/><REACH who="0" ten="45,470,152,313" step="2"/><U90/><E27/><V9/><F114/><W131/><G131/><T59/><D59/><U0/><E0/><V65/><F65/><W133/><G133/><T71/><D71/><U103/><E12/><N who="2" m="7567" /><F112/><W98/><G98/><T119/><D119/><U31/><E31/><V5/><F115/><W70/><G70/><T3/><D3/><U109/><E109/><V77/><F63/><W95/><G95/><T102/><D102/><U45/><E45/><N who="2" m="27727" /><F60/><W124/><G124/><T135/><D135/><U29/><E103/><V34/><F34/><AGARI ba="0,2" hai="32,33,34,37,38,76,80,86,88,93,96,104,105,107" machi="34" ten="50,3200,0" yaku="1,1,54,1,53,0" doraHai="130" doraHaiUra="23" who="3" fromWho="2" sc="45,0,470,0,152,-32,313,52" /><INIT seed="7,0,0,0,1,76" ten="45,470,120,365" oya="3" hai0="0,22,71,128,101,44,114,64,42,98,35,20,32" hai1="58,124,117,13,57,70,34,112,120,59,66,15,121" hai2="40,103,47,61,86,83,52,3,19,53,29,130,69" hai3="75,54,65,33,122,38,72,94,23,18,45,12,116"/><W6/><G116/><T28/><D128/><U67/><E34/><V56/><F130/><W135/><G122/><T85/><D35/><U102/><E102/><V68/><F3/><W78/><G135/><T115/><D0/><U119/><E124/><V73/><F73/><W51/><G33/><T105/><D85/><U74/><E74/><V5/><F5/><W91/><G38/><T80/><D20/><U81/><E81/><V55/><F29/><W82/><G75/><T88/><D22/><U108/><E57/><V97/><F69/><W96/><G6/><T126/><D126/><U43/><E43/><V41/><F68/><W25/><REACH who="3" step="1"/><G65/><REACH who="3" ten="45,470,120,355" step="2"/><T31/><D64/><U118/><E118/><V123/><F123/><W90/><G90/><T16/><D32/><U99/><E70/><V17/><F103/><W87/><G87/><N who="0" m="50279" /><D71/><U9/><E66/><V50/><F97/><W14/><AGARI ba="0,1" hai="12,14,18,23,25,45,51,54,72,78,82,91,94,96" machi="14" ten="30,6000,0" yaku="1,1,0,1,52,1,53,0" doraHai="76" doraHaiUra="109" who="3" fromWho="3" sc="45,-20,470,-20,120,-20,355,70" /><INIT seed="7,1,0,5,2,98" ten="25,450,100,425" oya="3" hai0="78,112,29,121,62,46,97,54,129,51,18,124,33" hai1="61,7,49,99,70,9,38,30,8,115,122,0,10" hai2="56,107,14,3,117,6,39,23,120,67,100,16,71" hai3="84,26,92,52,110,47,53,83,82,126,50,134,2"/><W118/><G118/><T77/><D121/><U24/><E122/><V123/><F39/><W96/><G110/><T17/><D129/><U75/><E38/><V114/><F117/><W42/><G2/><T34/><D124/><U116/><E116/><V69/><F114/><W41/><G126/><T64/><D112/><U73/><E115/><V11/><F71/><W135/><G26/><T13/><D17/><U80/><E73/><V94/><F107/><W59/><G135/><T93/><D29/><U66/><E99/><V5/><F5/><W35/><G35/><T32/><D32/><U130/><E130/><V72/><F69/><W74/><G74/><T55/><D55/><U111/><E111/><V21/><F72/><W63/><G134/><T4/><D4/><U87/><E75/><V48/><F94/><W81/><G84/><T45/><D45/><U119/><E49/><V113/><F113/><W40/><G40/><T58/><D33/><U25/><E25/><V44/><F100/><AGARI ba="1,0" hai="41,42,47,50,52,53,59,63,81,82,83,92,96,100" machi="100" ten="40,7700,0" yaku="8,1,52,1,54,1" doraHai="98" who="3" fromWho="2" sc="25,0,450,0,100,-80,425,80" owari="25,-37.5,450,25.0,20,-48.0,505,60.5" /></mjloggm>