<mjloggm ver="2.3"><GO type="169" lobby="0"/><UN n0="%E8%B5%A4%E4%BA%94%E7%AB%8B%E7%9B%B4" n1="%73%79%75%70%6F%6E" n2="%E2%97%8E%E3%82%88%E3%81%97%E2%97%8E" n3="%68%69%73%61%74%6F%E6%A3%92" dan="16,17,17,16" rate="2181.61,2214.15,2167.57,2127.36" sx="F,M,M,M"/><TAIKYOKU oya="0"/><INIT seed="0,0,0,0,2,68" ten="250,250,250,250" oya="0" hai0="114,35,134,49,51,89,4,119,50,32,103,63,39" hai1="133,97,98,1,54,77,0,121,78,130,116,65,95" hai2="42,41,92,102,29,52,45,11,19,34,113,72,88" hai3="56,73,21,84,125,101,6,83,126,22,20,26,59"/><T104/><D119/><U110/><E116/><V16/><F72/><W109/><G73/><T107/><D114/><U10/><E121/><V71/><F71/><W100/><G6/><T60/><D4/><U69/><E110/><V123/><F123/><W7/><G7/><T67/><D89/><U12/><E130/><V44/><F113/><W79/><G26/><T82/><D82/><U2/><E133/><V24/><F102/><N who="3" m="39531" /><G109/><T105/><D103/><U37/><E54/><V75/><F75/><W40/><G40/><T120/><D120/><U38/><E65/><V90/><F90/><W13/><G13/><T64/><D39/><U58/><E58/><V86/><F11/><W18/><G18/><T74/><D74/><U14/><E69/><V57/><F42/><W70/><G70/><T111/><D134/><U66/><E66/><N who="0" m="25129" /><D111/><U8/><E0/><V43/><F43/><W128/><G128/><T122/><D122/><U135/><E135/><V9/><F9/><W93/><G93/><AGARI ba="0,0" hai="1,2,8,10,12,14,37,38,77,78,93,95,97,98" machi="93" ten="25,6400,0" yaku="22,2,52,2" doraHai="68" who="1" fromWho="3" sc="250,0,250,64,250,0,250,-64" /><INIT seed="1,0,0,3,1,63" ten="250,314,250,186" oya="1" hai0="82,24,69,105,68,112,25,74,106,113,58,72,111" hai1="4,52,83,6,110,75,61,21,2,5,114,76,118" hai2="50,55,33,71,123,9,129,29,62,86,134,28,102" hai3="124,53,49,16,8,22,27,14,17,23,41,127,130"/><U47/><E114/><V30/><F123/><W81/><G41/><T122/><D58/><U117/><E2/><V56/><F129/><W103/><G103/><T77/><D122/><U135/><E135/><V89/><F134/><W19/><G81/><T93/><D93/><U60/><E110/><V0/><F102/><W90/><G90/><T38/><D82/><U85/><E75/><V54/><F0/><W100/><G100/><T45/><D45/><U11/><E11/><V51/><F9/><W39/><G39/><T92/><D92/><U80/><E80/><V13/><F13/><W94/><G94/><T10/><D10/><U133/><E133/><V31/><F71/><W7/><G130/><T131/><D38/><U26/><E117/><V32/><N who="2" m="7168" /><DORA hai="73" /><V128/><F128/><W66/><G66/><T109/><REACH who="0" step="1"/><D131/><REACH who="0" ten="240,314,250,186" step="2"/><U107/><E118/><V37/><F37/><W43/><G27/><T3/><D3/><U104/><E104/><V115/><F115/><W116/><G116/><T18/><D18/><N who="1" m="12599" /><E107/><V57/><REACH who="2" step="1"/><F62/><REACH who="2" ten="240,314,240,186" step="2"/><W132/><G132/><T67/><D67/><U36/><E36/><V1/><F1/><W65/><G65/><T42/><D42/><U101/><E101/><V98/><F98/><W48/><G43/><T64/><D64/><U99/><E99/><V79/><F79/><AGARI ba="0,2" hai="24,25,68,69,72,74,77,79,105,106,109,111,112,113" machi="79" ten="25,8000,1" yaku="1,1,22,2,52,2,53,0" doraHai="63,73" doraHaiUra="95,96" who="0" fromWho="2" sc="240,100,314,0,240,-80,186,0" /><INIT seed="2,0,0,2,5,64" ten="340,314,160,186" oya="2" hai0="78,60,51,96,93,56,118,79,112,23,7,102,131" hai1="59,34,54,2,87,90,116,38,14,124,75,74,69" hai2="46,72,111,5,66,99,47,83,135,103,68,13,28" hai3="77,119,9,108,32,82,73,57,27,37,91,104,97"/><V81/><F135/><W117/><G108/><T58/><D112/><U70/><E2/><V48/><F28/><W98/><G57/><T109/><D109/><U33/><E116/><V65/><F111/><W80/><G9/><T3/><D131/><U86/><E38/><V94/><F47/><W89/><G37/><T95/><D3/><U30/><E14/><V92/><F92/><W62/><G62/><T1/><D1/><U115/><E115/><V49/><F49/><W63/><G63/><T55/><D7/><U16/><E16/><V100/><F100/><W67/><G67/><N who="2" m="25609" /><F68/><W122/><G27/><T114/><D118/><U43/><E43/><N who="2" m="24671" /><F72/><W76/><G32/><T8/><D95/><U134/><E134/><V120/><F120/><W107/><REACH who="3" step="1"/><G73/><REACH who="3" ten="340,314,160,176" step="2"/><T10/><D114/><U26/><E34/><V127/><F127/><W61/><G61/><T36/><D36/><U50/><E124/><V130/><F130/><W101/><G101/><T40/><D58/><U44/><E59/><V42/><F42/><W0/><G0/><T53/><D40/><U106/><E74/><V15/><F15/><W6/><G6/><T123/><D60/><U125/><E75/><V110/><F110/><W129/><G129/><T133/><D56/><U105/><E125/><V41/><F41/><W52/><G52/><T22/><D55/><U18/><E54/><V12/><F12/><W25/><G25/><T45/><D53/><U113/><E26/><V31/><F31/><W21/><G21/><N who="0" m="7691" /><D45/><U128/><E44/><V132/><F132/><W121/><AGARI ba="0,1" hai="76,77,80,82,89,91,97,98,104,107,117,119,121,122" machi="121" ten="25,12000,2" yaku="1,1,0,1,22,2,34,3,53,0" doraHai="64" doraHaiUra="17" who="3" fromWho="3" sc="340,-30,314,-30,160,-60,176,130" /><INIT seed="3,0,0,2,5,112" ten="310,284,100,306" oya="3" hai0="48,30,91,99,82,11,35,37,121,100,131,21,64" hai1="26,15,2,110,101,105,69,127,22,5,55,130,47" hai2="1,18,107,45,38,117,27,66,51,118,41,74,9" hai3="24,25,49,7,36,96,86,23,8,44,4,103,115"/><W58/><G36/><T39/><D121/><U53/><E69/><V119/><F107/><W72/><G72/><T129/><D35/><U120/><E120/><V42/><F74/><W73/><G73/><T123/><D123/><U111/><E2/><V113/><F113/><W97/><G58/><T90/><D64/><U85/><E127/><V10/><F66/><W126/><G126/><T13/><D48/><U114/><E114/><V84/><F84/><W57/><G57/><T34/><D34/><U60/><E130/><N who="0" m="49673" /><D21/><U50/><E85/><V28/><F18/><W19/><G25/><T54/><D54/><U40/><E60/><V80/><F80/><W134/><G134/><T29/><D39/><U62/><E62/><V106/><F106/><W65/><G65/><T87/><D91/><U124/><E101/><V125/><F125/><W12/><G7/><N who="0" m="3327" /><D37/><U81/><E55/><V0/><F0/><W75/><G75/><T63/><D63/><U102/><E53/><V88/><F88/><W43/><G115/><T92/><AGARI ba="0,0" hai="29,30,82,87,90,92,99,100" m="3327,49673" machi="92" ten="30,1100,0" yaku="19,1" doraHai="112" who="0" fromWho="0" sc="310,11,284,-3,100,-3,306,-5" /><INIT seed="4,0,0,5,3,16" ten="321,281,97,301" oya="0" hai0="13,30,117,107,119,4,46,38,48,105,19,32,123" hai1="77,116,66,57,67,113,129,22,41,75,112,85,99" hai2="108,71,93,87,6,51,39,45,69,29,20,7,86" hai3="84,101,9,133,59,15,110,44,72,62,122,50,42"/><T65/><D123/><U106/><E116/><V28/><F39/><W118/><G72/><T21/><D38/><U17/><E75/><V53/><F108/><W130/><G133/><T127/><D127/><U33/><E33/><V14/><F71/><W88/><G130/><T3/><D65/><U26/><E129/><V135/><F69/><W74/><G74/><T8/><D117/><U91/><E41/><V83/><F135/><W111/><G101/><T73/><D73/><U109/><E109/><V121/><F121/><W40/><G40/><T31/><D119/><U43/><E43/><V79/><F28/><W60/><G60/><T115/><D115/><N who="1" m="44107" /><E57/><V55/><F53/><W95/><G118/><T24/><D31/><U126/><E77/><V23/><F29/><W96/><G96/><T54/><AGARI ba="0,0" hai="3,4,8,13,19,21,24,30,32,46,48,54,105,107" machi="54" ten="20,12000,1" yaku="0,1,7,1,24,2,52,1" doraHai="16" who="0" fromWho="0" sc="321,120,281,-40,97,-40,301,-40" /><INIT seed="4,1,0,5,1,0" ten="441,241,57,261" oya="0" hai0="11,91,26,9,120,45,8,107,89,47,135,110,85" hai1="27,125,90,84,87,44,43,121,122,52,70,29,88" hai2="15,13,30,55,67,53,109,34,83,18,63,73,48" hai3="98,32,119,101,127,108,96,33,106,132,56,50,4"/><T133/><D120/><U61/><E125/><V21/><F109/><W111/><G132/><N who="0" m="50763" /><D107/><U38/><E84/><V57/><F55/><W117/><G127/><T25/><D110/><U35/><E90/><N who="0" m="34313" /><D85/><U5/><E5/><V1/><F1/><W134/><G134/><T60/><D60/><U126/><E126/><V20/><F34/><W3/><G108/><T71/><D71/><U86/><E86/><V42/><F42/><W99/><G111/><T104/><D104/><U7/><E7/><V39/><F39/><W74/><G101/><T112/><D112/><U40/><E40/><V97/><F97/><W103/><G103/><T123/><D123/><U93/><REACH who="1" step="1"/><E70/><REACH who="1" ten="441,231,57,261" step="2"/><V58/><F73/><W72/><G106/><T128/><D128/><U68/><E68/><V6/><F83/><W130/><G74/><T92/><D92/><U78/><E78/><V49/><F6/><W115/><G72/><T76/><D76/><U19/><E19/><N who="2" m="10351" /><F30/><W116/><G130/><T69/><D69/><U23/><E23/><V105/><F105/><W31/><G115/><T16/><D16/><U28/><E28/><V41/><F41/><W81/><G31/><T2/><D2/><U129/><E129/><V64/><F18/><W94/><G94/><T114/><D114/><U79/><E79/><V51/><F21/><W124/><G124/><T36/><D36/><U24/><E24/><AGARI ba="1,1" hai="8,9,11,24,25,26,45,47" m="34313,50763" machi="24" ten="40,7700,0" yaku="28,2,20,1" doraHai="0" who="0" fromWho="1" sc="441,90,231,-80,57,0,261,0" /><INIT seed="4,2,0,0,5,33" ten="531,151,57,261" oya="0" hai0="104,114,85,10,64,68,98,129,38,91,32,72,93" hai1="4,44,122,65,47,109,48,0,60,103,57,39,87" hai2="28,121,113,84,116,29,127,8,27,95,101,88,14" hai3="125,135,18,12,108,17,89,130,126,77,100,58,92"/><T59/><D38/><U71/><E109/><V55/><F121/><W94/><G77/><T105/><D68/><U3/><E122/><V111/><F111/><W19/><G12/><T102/><D32/><U20/><E103/><V46/><F113/><W82/><G82/><T106/><D114/><U25/><E4/><V2/><F2/><W31/><G31/><T79/><D10/><U42/><E87/><V1/><F1/><W76/><G76/><T50/><D129/><U96/><E96/><V40/><F127/><W132/><G58/><T67/><D50/><U131/><E131/><V24/><F101/><W66/><G66/><T54/><D54/><U118/><E118/><V74/><F55/><W13/><G13/><T21/><D21/><U97/><E97/><V11/><F74/><W7/><G7/><T51/><D51/><U23/><E23/><V30/><F11/><W119/><G119/><T36/><D36/><U120/><E120/><V112/><F112/><W53/><G53/><T56/><D64/><U69/><E69/><V16/><REACH who="2" step="1"/><F116/><REACH who="2" ten="531,151,47,261" step="2"/><W34/><G108/><T63/><D102/><U6/><E0/><V99/><F99/><N who="3" m="59511" /><G130/><T45/><D98/><U49/><E3/><V15/><F15/><W61/><G125/><T75/><D105/><U124/><E124/><V110/><F110/><W5/><G126/><T70/><D104/><U107/><E107/><V41/><F41/><W37/><G132/><T52/><D106/><U117/><E117/><V22/><F22/><W81/><G34/><T78/><D72/><U43/><E43/><V62/><F62/><RYUUKYOKU ba="2,1" sc="531,-10,151,-10,47,30,261,-10" hai2="8,14,16,24,27,28,29,30,40,46,84,88,95" /><INIT seed="5,3,1,0,3,9" ten="521,141,77,251" oya="1" hai0="100,50,118,77,120,54,27,67,70,102,15,21,124" hai1="32,24,110,72,112,68,28,18,22,40,11,108,91" hai2="89,135,53,74,35,107,13,31,71,130,62,16,131" hai3="60,129,82,80,84,59,123,2,115,39,79,75,105"/><U98/><E72/><V56/><F74/><W37/><G105/><T81/><D118/><U64/><E40/><V121/><F107/><W92/><G2/><T134/><D124/><U12/><E64/><V49/><F121/><W43/><G92/><T117/><D117/><U103/><E91/><V29/><F135/><W97/><G97/><T93/><D134/><U78/><E78/><V63/><F89/><W23/><G43/><T41/><D41/><U101/><E68/><V133/><F133/><W106/><G106/><T44/><D70/><U113/><E98/><V45/><F71/><W0/><G0/><T47/><D67/><U10/><E101/><V38/><F38/><W19/><G115/><N who="1" m="44106" /><E103/><V52/><F35/><W57/><G129/><N who="2" m="49161" /><F63/><W86/><G75/><T30/><D120/><U17/><E10/><AGARI ba="3,1" hai="10,13,16,29,31,45,49,52,53,56,62" m="49161" machi="10" ten="30,7700,0" yaku="19,1,52,1,54,2" doraHai="9" who="2" fromWho="1" sc="521,0,141,-86,77,96,251,0" /><INIT seed="6,0,0,0,0,39" ten="521,55,173,251" oya="2" hai0="10,123,122,96,6,75,35,91,95,80,78,73,60" hai1="25,3,104,38,24,92,135,41,106,127,131,102,103" hai2="74,124,134,51,55,40,117,98,133,111,118,112,110" hai3="108,116,44,115,68,79,57,8,99,114,27,87,26"/><V89/><F74/><W61/><G68/><T70/><D35/><U107/><E3/><V63/><F98/><W2/><G99/><T54/><D73/><U129/><E127/><V4/><F89/><W93/><G44/><T83/><D83/><U18/><E135/><N who="2" m="51723" /><F4/><N who="3" m="1047" /><G108/><N who="2" m="41513" /><F124/><W9/><G9/><T105/><D105/><U101/><E92/><V14/><F14/><W7/><G7/><T84/><D75/><U21/><E21/><V42/><F63/><W46/><G116/><N who="2" m="44649" /><F112/><N who="3" m="43051" /><G93/><T85/><D96/><U119/><E119/><V100/><F100/><W36/><G87/><T5/><D60/><U20/><E25/><V16/><F16/><W62/><G79/><T126/><D126/><U113/><E113/><V88/><F88/><W67/><G62/><T45/><D91/><U19/><E19/><V17/><F17/><W56/><G27/><T81/><D5/><U28/><E18/><V71/><F71/><W53/><G26/><T130/><D70/><U90/><REACH who="1" step="1"/><E90/><REACH who="1" ten="521,45,173,251" step="2"/><V13/><F13/><W94/><G94/><T1/><D95/><U31/><E31/><V23/><F23/><W128/><G61/><T48/><D81/><U132/><E132/><V66/><F66/><W29/><G67/><T97/><D97/><U30/><E30/><V58/><AGARI ba="0,1" hai="40,42,51,55,58" m="44649,41513,51723" machi="58" ten="40,18000,2" yaku="20,1,10,1,34,2,52,2" doraHai="39" who="2" fromWho="2" sc="521,-60,45,-60,173,190,251,-60" owari="461,56.1,-15,-51.5,363,16.3,191,-20.9" /></mjloggm>