<mjloggm ver="2.3"><GO type="225" lobby="0"/><UN n0="%E7%B4%94%E6%BD%94%E3%83%94%E3%83%A9%E3%83%8B%E3%82%A2" n1="%E9%80%86%E9%80%A3%E5%B8%AF%E3%81%AE%E9%AC%BC" n2="%33%74%72%65%65" n3="%E3%83%A9%E3%82%B9%E7%8E%87%EF%BC%93%E5%89%B2" dan="16,17,17,17" rate="2198.00,2001.95,2153.07,2202.57" sx="M,M,F,F"/><TAIKYOKU oya="0"/><INIT seed="0,0,0,0,3,129" ten="250,250,250,250" oya="0" hai0="86,116,126,1,119,117,45,65,111,14,10,55,57" hai1="30,2,59,50,39,61,64,37,120,26,106,38,44" hai2="113,70,13,17,85,34,43,60,47,56,100,92,110" hai3="46,89,127,94,31,33,125,40,12,36,67,103,99"/><T15/><D126/><N who="3" m="48137" /><G67/><T135/><D111/><U68/><E120/><V131/><F113/><W49/><G31/><T80/><D65/><U71/><E106/><V78/><F131/><W5/><G33/><T74/><D74/><U90/><E2/><V84/><F34/><W76/><G76/><T133/><D45/><U115/><E90/><V105/><F70/><W124/><N who="3" m="48145" /><W95/><DORA hai="28" /><G12/><T83/><D1/><U19/><E19/><V130/><F78/><W87/><G5/><T69/><D69/><U128/><E115/><V54/><F13/><N who="0" m="4618" /><D86/><U48/><E128/><V51/><F84/><W42/><G42/><T27/><D27/><U104/><E104/><V81/><F105/><W20/><G20/><T107/><D10/><U52/><REACH who="1" step="1"/><E50/><AGARI ba="0,0" hai="36,40,46,49,50,87,89,94,95,99,103" m="48145" machi="50" ten="40,1300,0" yaku="18,1" doraHai="129,28" who="3" fromWho="1" sc="250,0,250,-13,250,0,250,13" /><INIT seed="1,0,0,0,0,61" ten="250,237,250,263" oya="1" hai0="35,32,124,36,133,45,21,120,91,94,75,7,135" hai1="96,4,69,22,44,65,37,92,83,46,110,51,106" hai2="103,127,33,116,8,121,109,73,60,13,63,79,54" hai3="18,119,26,115,130,16,108,68,84,76,128,105,77"/><U72/><E110/><V3/><F116/><W1/><G1/><T2/><D75/><U15/><E106/><V0/><F121/><W31/><G105/><T134/><D124/><U5/><E37/><V23/><F33/><W97/><G115/><T111/><D111/><U38/><E38/><V55/><F109/><W80/><G108/><T29/><D120/><U14/><E69/><V39/><F39/><W19/><G97/><T89/><D7/><U71/><E71/><V43/><F43/><W17/><G68/><T47/><D2/><U81/><E72/><V24/><F103/><W27/><G119/><T107/><D107/><U98/><E22/><V88/><F73/><W129/><N who="3" m="4096" /><DORA hai="52" /><W132/><G132/><T66/><D66/><U114/><E114/><V62/><F79/><N who="3" m="46111" /><G27/><N who="0" m="16623" /><D89/><U40/><E51/><V59/><F127/><W87/><G87/><N who="0" m="52607" /><D36/><U125/><E125/><V85/><F3/><W102/><G102/><T10/><D10/><U67/><E92/><N who="2" m="54287" /><F0/><W99/><G99/><T56/><D32/><AGARI ba="0,0" hai="26,31,32,76,77,128,129,130" m="46111,4096" machi="32" ten="50,3200,0" yaku="19,1,54,1" doraHai="61,52" who="3" fromWho="0" sc="250,-32,237,0,250,0,263,32" /><INIT seed="2,0,0,5,3,59" ten="218,237,250,295" oya="2" hai0="109,36,128,54,7,71,98,44,83,126,19,110,50" hai1="122,105,96,132,72,107,26,76,90,46,10,87,125" hai2="60,84,75,93,30,27,117,91,48,5,92,35,70" hai3="28,124,108,120,4,94,64,102,55,49,68,61,62"/><V88/><F117/><W34/><G120/><T74/><D126/><U104/><E122/><V47/><F75/><W95/><G124/><T13/><D128/><U41/><E125/><V73/><F73/><W52/><G108/><N who="0" m="41579" /><D36/><U112/><E112/><V127/><F127/><W39/><G4/><T11/><D98/><U31/><E132/><V32/><F5/><W3/><G3/><T89/><D71/><U8/><E96/><V123/><F123/><W116/><G102/><T23/><D74/><U100/><E100/><V78/><F78/><W42/><G28/><T66/><D66/><U17/><E76/><V20/><F70/><W15/><G15/><N who="0" m="9727" /><D89/><U29/><E72/><V18/><F30/><W33/><G116/><T56/><D83/><U130/><E130/><V2/><F2/><W118/><G118/><T45/><AGARI ba="0,0" hai="7,11,13,44,45,50,54,56" m="9727,41579" machi="45" ten="30,1100,0" yaku="14,1" doraHai="59" who="0" fromWho="0" sc="218,11,237,-3,250,-5,295,-3" /><INIT seed="3,0,0,4,0,119" ten="229,234,245,292" oya="3" hai0="66,18,112,71,83,92,25,68,57,10,125,29,84" hai1="130,27,65,135,85,64,59,127,50,34,41,23,32" hai2="39,48,95,19,90,75,63,109,98,31,77,80,44" hai3="111,17,11,53,81,70,47,129,97,110,36,55,7"/><W133/><G129/><T69/><D125/><U62/><E130/><V16/><F109/><N who="3" m="41483" /><G133/><T14/><D112/><U24/><E135/><V37/><F31/><W123/><G123/><T126/><D126/><U1/><E1/><V49/><F49/><W122/><G122/><T26/><D92/><U100/><E127/><V99/><F99/><W121/><G121/><T106/><D106/><U5/><E5/><V15/><F63/><W43/><G70/><T0/><D0/><U96/><E65/><V2/><F2/><N who="3" m="503" /><G17/><T73/><D73/><U9/><E9/><V30/><F30/><W104/><G81/><T103/><D103/><AGARI ba="0,0" hai="36,43,47,53,55,97,103,104" m="503,41483" machi="103" ten="30,2900,0" yaku="14,1,10,1" doraHai="119" who="3" fromWho="0" sc="229,-29,234,0,245,0,292,29" owari="200,-30.0,234,-16.6,245,4.5,321,42.1" /></mjloggm>