<mjloggm ver="2.3"><GO type="169" lobby="0"/><UN n0="%62%73%64%5F%33" n1="%31%74%61" n2="%73%61%6E%67%6F%64%64%6F" n3="%E6%8E%A2%39" dan="16,17,17,17" rate="2055.35,2243.66,2188.01,2157.97" sx="F,M,M,M"/><TAIKYOKU oya="0"/><INIT seed="0,0,0,5,1,126" ten="250,250,250,250" oya="0" hai0="127,96,115,100,59,85,3,131,40,77,88,7,30" hai1="102,72,39,14,41,17,11,34,120,51,70,98,45" hai2="92,31,66,53,67,13,105,90,78,124,46,94,119" hai3="0,16,75,109,113,58,76,4,101,50,20,25,63"/><T29/><D115/><U114/><E72/><V108/><F105/><W32/><G113/><T22/><D127/><U95/><E114/><V1/><F1/><W106/><G109/><T56/><D40/><U49/><E120/><V60/><F124/><W64/><G32/><T93/><D3/><U36/><E34/><V74/><F31/><W23/><G106/><T123/><D123/><U61/><REACH who="1" step="1"/><E51/><REACH who="1" ten="250,240,250,250" step="2"/><V111/><F108/><W82/><G101/><T117/><D100/><U87/><E87/><V128/><F111/><W91/><G50/><T69/><D85/><U84/><E84/><V35/><F74/><W83/><G75/><T6/><D117/><U80/><E80/><V37/><F35/><W55/><G82/><T38/><D38/><U116/><E116/><V86/><F37/><W10/><G83/><T134/><D134/><U135/><E135/><V81/><F119/><W121/><G121/><T33/><D33/><U44/><E44/><V12/><F46/><W8/><G76/><T65/><D77/><U133/><E133/><V132/><F132/><W130/><G91/><T68/><D88/><U18/><E18/><V112/><F112/><W125/><G125/><T89/><D29/><U9/><E9/><V103/><F78/><W15/><G10/><T73/><D73/><U54/><E54/><V27/><F90/><W2/><G55/><T110/><D30/><U21/><E21/><V52/><F53/><W104/><G20/><T5/><D22/><U28/><E28/><V122/><F52/><W48/><G23/><T19/><D110/><U57/><E57/><RYUUKYOKU ba="0,1" sc="250,-10,240,30,250,-10,250,-10" hai1="11,14,17,36,39,41,45,49,61,70,95,98,102" /><INIT seed="1,1,1,2,1,106" ten="240,270,240,240" oya="1" hai0="65,8,108,7,49,0,103,80,134,84,70,133,10" hai1="25,100,87,60,36,121,82,85,47,129,13,78,35" hai2="98,43,86,75,22,63,17,6,3,107,61,76,116" hai3="58,93,74,95,15,40,24,41,112,91,32,44,128"/><U64/><E121/><V20/><F116/><W53/><G112/><T33/><D33/><U56/><E129/><V115/><F115/><W30/><G128/><T79/><D108/><U131/><E131/><V66/><F43/><W101/><G74/><T19/><D103/><U27/><E100/><V125/><F98/><W46/><G101/><T90/><D70/><U21/><E35/><V9/><F107/><W96/><G95/><T4/><D65/><U92/><E36/><V105/><F105/><W77/><G77/><T135/><D19/><N who="1" m="10479" /><E47/><V113/><F125/><W54/><G15/><T1/><REACH who="0" step="1"/><D49/><REACH who="0" ten="230,270,240,240" step="2"/><U55/><E64/><V42/><F66/><W29/><G32/><T124/><D124/><U132/><E132/><V102/><F17/><W38/><G38/><T45/><D45/><U120/><E120/><V122/><F122/><W14/><G44/><T114/><D114/><U5/><E5/><V88/><F113/><W62/><G46/><T67/><D67/><U99/><E87/><V48/><F102/><W57/><G40/><T89/><AGARI ba="1,2" hai="0,1,4,7,8,10,79,80,84,89,90,133,134,135" machi="89" ten="40,8000,1" yaku="1,1,0,1,9,1,20,1,53,0" doraHai="106" doraHaiUra="71" who="0" fromWho="0" sc="230,103,270,-41,240,-21,240,-21" /><INIT seed="2,0,0,0,5,78" ten="333,229,219,219" oya="2" hai0="74,108,18,115,7,59,31,0,99,132,121,111,27" hai1="93,64,110,131,101,68,135,58,96,61,126,22,24" hai2="76,53,1,43,54,109,6,114,66,71,14,15,70" hai3="44,16,89,13,107,128,50,51,49,77,67,103,10"/><V97/><F114/><W94/><G128/><T19/><D121/><U125/><E110/><V98/><F109/><W40/><G67/><T134/><D74/><U45/><E131/><V52/><F1/><W25/><G77/><T119/><D59/><U72/><E135/><N who="0" m="51753" /><D99/><U63/><E45/><V39/><F76/><W102/><G25/><T117/><D115/><U26/><E72/><V56/><F39/><W88/><G107/><T48/><D48/><N who="3" m="18537" /><G89/><T8/><D111/><U84/><E84/><AGARI ba="0,0" hai="10,13,16,40,44,51,84,88,94,102,103" m="18537" machi="84" ten="30,3900,0" yaku="8,1,54,2" doraHai="78" who="3" fromWho="1" sc="333,0,229,-39,219,0,219,39" /><INIT seed="3,0,0,3,0,120" ten="333,190,219,258" oya="3" hai0="57,55,10,27,70,32,38,114,132,75,111,68,95" hai1="108,21,45,126,9,92,51,65,18,104,89,127,47" hai2="115,52,39,85,93,86,100,59,46,94,102,7,62" hai3="26,121,30,125,71,67,98,28,22,69,87,14,11"/><W74/><G74/><T79/><D38/><U17/><E104/><V109/><F115/><W101/><G121/><T35/><D132/><U116/><E116/><V133/><F133/><W41/><G125/><T33/><D27/><U118/><E118/><V42/><F7/><W40/><G28/><T123/><D123/><U124/><E65/><V54/><F54/><W103/><G87/><T117/><D114/><U58/><E108/><V19/><F19/><W80/><G80/><T76/><D95/><U15/><E58/><V16/><F109/><W4/><G103/><T134/><D134/><U97/><REACH who="1" step="1"/><E51/><REACH who="1" ten="333,180,219,258" step="2"/><V49/><F39/><W135/><G135/><T82/><D111/><U106/><E106/><V53/><F100/><W13/><G69/><T50/><D68/><U73/><E73/><V24/><F102/><W44/><G71/><T122/><D70/><U99/><E99/><V6/><F85/><W66/><G66/><T113/><D122/><U77/><E77/><V110/><F86/><W64/><G64/><T1/><D113/><U36/><E36/><V128/><F110/><W12/><G67/><T88/><D79/><U96/><E96/><V105/><F105/><N who="3" m="63671" /><G44/><T2/><D117/><U90/><E90/><V20/><F59/><W112/><G112/><T23/><D88/><U43/><E43/><V8/><F42/><W78/><G78/><T0/><D10/><U131/><E131/><V81/><F128/><W119/><G119/><T48/><D48/><U37/><E37/><V129/><F129/><W25/><G11/><T31/><D75/><U34/><E34/><RYUUKYOKU ba="0,1" sc="333,-10,180,30,219,-10,258,-10" hai1="9,15,17,18,21,45,47,89,92,97,124,126,127" /><INIT seed="4,1,1,5,1,33" ten="323,210,209,248" oya="0" hai0="79,22,13,44,67,37,62,115,119,23,61,3,106" hai1="6,110,41,51,98,20,15,97,112,117,127,31,109" hai2="2,35,60,133,17,132,91,95,8,65,86,123,50" hai3="25,14,76,11,32,122,36,64,111,130,105,125,49"/><T120/><D115/><U107/><E117/><V85/><F123/><W54/><G122/><T121/><D119/><U73/><E73/><V42/><F35/><W26/><G111/><T114/><D114/><U83/><E112/><V19/><F85/><W5/><G105/><T101/><D79/><U84/><E127/><V53/><F42/><W58/><G125/><T29/><D29/><U24/><E107/><V126/><F126/><W135/><G36/><T128/><D128/><U93/><E110/><V104/><F104/><W72/><G135/><N who="2" m="51785" /><F8/><W27/><G130/><T55/><D101/><U129/><E129/><V34/><F34/><W90/><G64/><T68/><D37/><U21/><E93/><V70/><F2/><W56/><G90/><T94/><D3/><U75/><E75/><V77/><F77/><W118/><G118/><T99/><D106/><U89/><E109/><V100/><F100/><W108/><G108/><T116/><D116/><U12/><E6/><V124/><F124/><W88/><G32/><T80/><D121/><U30/><E30/><V74/><F74/><W9/><G76/><T47/><D120/><U131/><E131/><V45/><AGARI ba="1,1" hai="17,19,45,50,53,60,65,70,86,91,95" m="51785" machi="45" ten="30,1100,0" yaku="20,1" doraHai="33" who="2" fromWho="2" sc="323,-6,210,-4,209,24,248,-4" /><INIT seed="5,0,0,2,4,11" ten="317,206,233,244" oya="1" hai0="93,117,6,75,42,7,99,16,54,38,44,14,90" hai1="96,94,35,121,113,118,88,129,49,40,80,12,9" hai2="27,116,50,114,103,134,127,108,70,74,95,64,132" hai3="73,1,67,29,17,109,126,123,85,87,131,18,3"/><U110/><E118/><V13/><F116/><W21/><G73/><T28/><D117/><U58/><E121/><V78/><F108/><W23/><G67/><T32/><D75/><U30/><E113/><V122/><F122/><W111/><G123/><T86/><D54/><U81/><E129/><V37/><F37/><W39/><G39/><T106/><D28/><U43/><E110/><V98/><F27/><W46/><G46/><T72/><D32/><U130/><E130/><V76/><F50/><W135/><G29/><T105/><D72/><U119/><E119/><V124/><F64/><W15/><G131/><T71/><D71/><U4/><E30/><V83/><F70/><W115/><G126/><N who="2" m="48169" /><F13/><W20/><G20/><T2/><D2/><U91/><E35/><V57/><F57/><W84/><G135/><N who="2" m="51753" /><F78/><W65/><G65/><T68/><D68/><U133/><E133/><V45/><F45/><W26/><G111/><T41/><D41/><N who="1" m="15947" /><E91/><V104/><F114/><W48/><G115/><T120/><D120/><U82/><E49/><V60/><F60/><W61/><G61/><T36/><D36/><U25/><E25/><V97/><F97/><W24/><G109/><T79/><D79/><U5/><E58/><V52/><F52/><W125/><G125/><T10/><D99/><U34/><E34/><V19/><F19/><AGARI ba="0,0" hai="4,5,9,12,19,80,81,82,88,94,96" m="15947" machi="19" ten="30,5800,0" yaku="8,1,52,1,54,1" doraHai="11" who="1" fromWho="2" sc="317,0,206,58,233,-58,244,0" /><INIT seed="5,1,0,3,5,55" ten="317,264,175,244" oya="1" hai0="104,33,100,82,134,96,19,51,81,24,76,6,16" hai1="106,59,43,21,41,91,28,113,52,5,30,53,39" hai2="12,50,9,20,99,121,60,86,64,105,32,31,84" hai3="10,69,61,8,48,103,89,68,85,13,135,131,71"/><U101/><E113/><V79/><F121/><W87/><G131/><T35/><D134/><U62/><E5/><V118/><F118/><W112/><G135/><T127/><D127/><U94/><E101/><V46/><F79/><W133/><G133/><T88/><D6/><U73/><E73/><V110/><F110/><W95/><G112/><T15/><D51/><U132/><E106/><V25/><F32/><W67/><G103/><T65/><D65/><U75/><E75/><V80/><F99/><W56/><G48/><T45/><D45/><U120/><E120/><V130/><F105/><W23/><G23/><T47/><D47/><U115/><E115/><V14/><F130/><W93/><G13/><T3/><D3/><U119/><E119/><V36/><F36/><W18/><G18/><T125/><D125/><U1/><E1/><V66/><F80/><W70/><N who="3" m="17408" /><DORA hai="74" /><W117/><G117/><T49/><D49/><N who="1" m="31119" /><E39/><V27/><F27/><W7/><G7/><T40/><D40/><N who="1" m="15435" /><E21/><V38/><F38/><W128/><G128/><T83/><D76/><U109/><E109/><V123/><F123/><W37/><G37/><T98/><D35/><U22/><E22/><V0/><F50/><W58/><G58/><T77/><D77/><U17/><E17/><V57/><F46/><W114/><G114/><T107/><D19/><U108/><E108/><V111/><F111/><W78/><G78/><T63/><D33/><U97/><E132/><V122/><F122/><W26/><G26/><T72/><D107/><U11/><E11/><N who="3" m="4138" /><G89/><T29/><D72/><U44/><E44/><RYUUKYOKU ba="1,0" sc="317,-15,264,15,175,-15,244,15" hai1="28,30,53,62,91,94,97" hai3="56,61,67,85,87,93,95" /><INIT seed="5,2,0,1,3,101" ten="302,279,160,259" oya="1" hai0="2,133,66,65,116,59,24,106,97,30,20,129,47" hai1="19,33,46,25,135,28,79,69,22,14,6,70,83" hai2="80,105,8,29,34,39,123,121,102,43,104,21,113" hai3="1,35,48,4,37,54,44,93,95,126,74,77,40"/><U96/><E135/><V134/><F102/><W58/><G126/><T88/><D116/><U81/><E81/><V127/><F127/><W92/><G35/><T82/><D2/><U23/><E96/><V90/><F21/><W51/><G51/><T61/><D129/><U71/><E46/><N who="2" m="23935" /><F90/><W9/><REACH who="3" step="1"/><G95/><REACH who="3" ten="302,279,160,249" step="2"/><T87/><D133/><U42/><E42/><V109/><F134/><W118/><G118/><T5/><D106/><N who="2" m="41066" /><F109/><W86/><G86/><T131/><D87/><U108/><E108/><V91/><F91/><W124/><G124/><T18/><D88/><U0/><E33/><V128/><F128/><W55/><G55/><T32/><D32/><U72/><E72/><V63/><F121/><W68/><G68/><T75/><D75/><U114/><E70/><V49/><F49/><W125/><G125/><T53/><D53/><U115/><E71/><V107/><F107/><W11/><G11/><T132/><D131/><U62/><E69/><V99/><F8/><W76/><G76/><T100/><D132/><U50/><E79/><V98/><F123/><W15/><G15/><T16/><D100/><U41/><E50/><V122/><F122/><W94/><G94/><T117/><D117/><U60/><E41/><V78/><F63/><W26/><G26/><T67/><D24/><U31/><E62/><V85/><F113/><W17/><G17/><T130/><D18/><N who="1" m="12535" /><E60/><V73/><F85/><W89/><G89/><T12/><D61/><U120/><E120/><V45/><F45/><W119/><G119/><T36/><D130/><U112/><E83/><AGARI ba="2,1" hai="1,4,9,37,40,44,48,54,58,74,77,83,92,93" machi="83" ten="40,5200,0" yaku="1,1,25,2,53,0" doraHai="101" doraHaiUra="103" who="3" fromWho="1" sc="302,0,279,-58,160,0,249,68" /><INIT seed="6,0,0,1,3,27" ten="302,221,160,317" oya="2" hai0="51,23,104,117,42,86,50,119,52,21,95,38,76" hai1="121,82,35,102,107,25,80,36,2,14,120,22,32" hai2="127,30,133,63,7,123,81,124,116,122,3,45,26" hai3="79,85,98,112,4,96,17,68,88,13,46,15,40"/><V41/><F116/><N who="0" m="44618" /><D104/><U20/><E36/><V11/><F63/><W83/><G68/><T62/><D38/><U111/><E111/><V0/><F81/><W37/><G112/><T48/><D42/><U65/><E65/><V59/><F59/><W8/><REACH who="3" step="1"/><G79/><REACH who="3" ten="302,221,160,307" step="2"/><T135/><D76/><U47/><E121/><V130/><F130/><W19/><G19/><T101/><D135/><U94/><E120/><V55/><F133/><W92/><G92/><T58/><D101/><U108/><E94/><V75/><F122/><W113/><G113/><T43/><D43/><U53/><E102/><V118/><F123/><W84/><G84/><T67/><D67/><U66/><E66/><V31/><F118/><W97/><G97/><T90/><AGARI ba="0,1" hai="21,23,48,50,51,52,58,62,86,90,95" m="44618" machi="90" ten="40,2700,0" yaku="12,1,54,1" doraHai="27" who="0" fromWho="0" sc="302,37,221,-7,160,-13,307,-7" /><INIT seed="7,0,0,4,1,90" ten="339,214,147,300" oya="3" hai0="57,83,17,89,121,31,4,72,23,45,34,75,29" hai1="47,41,21,0,94,16,65,104,119,10,1,74,92" hai2="120,49,32,42,108,128,100,105,37,13,22,11,112" hai3="132,87,25,14,51,109,52,88,66,8,19,135,81"/><W67/><G25/><T101/><D34/><U116/><E104/><V28/><F108/><W54/><G109/><T117/><D117/><N who="1" m="45131" /><E74/><V122/><F37/><W69/><G69/><T35/><D31/><U44/><E65/><N who="3" m="24586" /><G51/><T38/><D38/><N who="1" m="21559" /><E47/><V134/><F49/><W6/><G6/><T103/><D4/><N who="1" m="1287" /><E1/><V58/><F42/><W84/><G84/><T26/><D72/><U68/><E68/><V56/><F32/><W46/><G46/><T60/><D89/><U99/><E99/><V102/><F128/><W3/><G3/><T91/><D60/><U115/><E115/><V53/><F112/><W71/><G71/><T95/><D29/><U24/><AGARI ba="0,0" hai="16,21,24,92,94" m="1287,21559,45131" machi="24" ten="30,7900,0" yaku="12,1,52,2,54,1" doraHai="90" who="1" fromWho="1" sc="339,-20,214,79,147,-20,300,-39" owari="319,41.9,293,9.3,127,-37.3,261,-13.9" /></mjloggm>