<mjloggm ver="2.3"><GO type="169" lobby="0"/><UN n0="%58%E7%8C%AB" n1="%E3%81%8B%E3%82%81%E3%81%98%E3%82%8D%E3%81%86" n2="%E4%BA%8C%E6%8A%9E%E4%BA%BA" n3="%E4%B8%83%E7%94%9F%E5%A4%95" dan="16,17,16,16" rate="2055.17,2184.24,2059.68,2131.91" sx="M,M,F,M"/><TAIKYOKU oya="0"/><INIT seed="0,0,0,2,2,77" ten="250,250,250,250" oya="0" hai0="3,48,75,80,23,25,41,113,134,107,114,130,102" hai1="19,135,17,36,38,8,57,78,46,22,44,115,92" hai2="42,68,43,47,33,13,6,126,64,73,95,85,124" hai3="108,9,45,93,79,122,105,35,39,71,99,66,56"/><T112/><D3/><U49/><E135/><V62/><F33/><W7/><G108/><T91/><D134/><U51/><E115/><V125/><F73/><W70/><G122/><T101/><D130/><U53/><E78/><V131/><F131/><W26/><G56/><T61/><D61/><U98/><E8/><N who="2" m="4247" /><F47/><W116/><G116/><T106/><D106/><U0/><E0/><V31/><F31/><W37/><G105/><T54/><D41/><N who="2" m="15370" /><F85/><W118/><G45/><N who="1" m="17514" /><E36/><V128/><F128/><W123/><G118/><T97/><D75/><U69/><E38/><V82/><F95/><W5/><G35/><T58/><D97/><U55/><E69/><V90/><F90/><W32/><G99/><T60/><D107/><U83/><E19/><V133/><F133/><W111/><G32/><T20/><D112/><U63/><E53/><V40/><F40/><W16/><G71/><T65/><D113/><U104/><E104/><V120/><F120/><W18/><G70/><T30/><D114/><U50/><E92/><V81/><AGARI ba="0,0" hai="62,64,68,81,82,124,125,126" m="15370,4247" machi="81" ten="40,5200,0" yaku="18,1,52,2" doraHai="77" who="2" fromWho="2" sc="250,-26,250,-13,250,52,250,-13" /><INIT seed="1,0,0,3,2,0" ten="224,237,302,237" oya="1" hai0="67,95,3,78,47,71,101,42,103,69,45,134,121" hai1="41,82,113,9,68,2,15,39,38,75,90,32,87" hai2="58,62,107,1,128,13,43,4,53,81,125,84,54" hai3="25,24,19,74,55,94,127,28,126,108,40,122,56"/><U10/><E113/><V133/><F107/><W119/><G74/><T111/><D78/><U33/><E68/><V48/><F1/><W72/><G72/><T18/><D111/><U85/><E75/><V96/><F128/><W11/><G40/><T20/><D134/><U89/><E2/><V16/><F133/><W31/><G122/><T37/><D3/><U98/><E98/><V23/><F96/><W73/><G73/><T110/><D110/><U51/><E39/><V104/><F104/><W99/><G108/><T97/><D121/><U100/><E100/><V26/><F43/><W105/><G105/><T80/><D80/><U124/><E38/><V22/><F125/><N who="3" m="47627" /><G25/><T63/><D47/><U17/><E10/><N who="2" m="4295" /><F23/><N who="3" m="13439" /><G11/><T132/><D132/><U123/><E123/><V60/><F54/><W83/><G83/><T30/><D30/><U70/><E70/><V12/><F26/><W66/><G66/><T36/><D36/><U79/><E124/><V112/><F112/><W6/><G6/><T77/><D71/><U61/><E79/><AGARI ba="0,0" hai="12,16,22,48,53,58,60,62,79,81,84" m="4295" machi="79" ten="30,3900,0" yaku="8,1,52,1,54,1" doraHai="0" who="2" fromWho="1" sc="224,0,237,-39,302,39,237,0" /><INIT seed="2,0,0,4,2,83" ten="224,198,341,237" oya="2" hai0="71,131,37,66,106,88,104,48,87,55,81,38,14" hai1="36,11,73,135,76,39,84,56,29,113,119,9,44" hai2="70,35,23,62,94,13,123,45,60,65,16,12,124" hai3="8,128,20,27,33,130,7,72,100,103,63,30,102"/><V18/><F123/><W111/><G72/><T129/><D14/><U6/><E113/><V15/><F35/><W120/><G120/><T92/><D81/><U1/><E119/><V89/><F124/><W91/><G111/><T32/><D32/><U0/><E135/><V121/><F121/><W59/><G91/><T68/><D37/><U52/><E29/><V31/><F45/><W51/><G51/><T109/><D38/><U4/><E73/><V98/><REACH who="2" step="1"/><F60/><REACH who="2" ten="224,198,331,237" step="2"/><W40/><G33/><T28/><D109/><U97/><E44/><V115/><F115/><W24/><G128/><N who="0" m="49227" /><D28/><U77/><E97/><V112/><F112/><W41/><G130/><T22/><D22/><U114/><E114/><V67/><F67/><W105/><G105/><N who="0" m="40555" /><D66/><U110/><E110/><V17/><F17/><W116/><G20/><T80/><D80/><U64/><E64/><V46/><F46/><AGARI ba="0,1" hai="46,48,55,68,71,87,88,92" m="40555,49227" machi="46" ten="30,3900,0" yaku="19,1,52,1,54,1" doraHai="83" who="0" fromWho="2" sc="224,49,198,0,331,-39,237,0" /><INIT seed="3,0,0,1,1,91" ten="273,198,292,237" oya="3" hai0="98,0,135,5,50,60,46,114,88,16,94,107,21" hai1="106,55,39,129,133,120,119,15,49,7,13,51,108" hai2="65,122,110,97,90,23,25,83,58,28,73,111,123" hai3="80,115,9,18,125,63,44,109,34,27,36,64,87"/><W104/><G115/><T127/><D135/><U20/><E120/><N who="2" m="46123" /><F73/><W31/><G104/><T3/><D127/><U105/><E133/><V41/><F41/><W70/><G125/><T86/><D114/><U56/><E39/><V89/><F83/><W72/><G72/><T33/><D33/><U99/><E108/><N who="2" m="41515" /><F97/><W57/><G109/><T4/><D60/><AGARI ba="0,0" hai="23,25,28,58,60,65,89,90" m="41515,46123" machi="60" ten="30,2000,0" yaku="13,1,14,1" doraHai="91" who="2" fromWho="0" sc="273,-20,198,0,292,20,237,0" /><INIT seed="4,0,0,5,0,127" ten="253,198,312,237" oya="0" hai0="74,21,54,17,53,112,120,46,96,23,7,103,49" hai1="44,85,86,75,129,33,123,30,36,89,34,93,122" hai2="28,82,19,52,25,78,60,84,27,12,24,22,35" hai3="56,42,9,94,98,67,61,91,62,117,63,115,131"/><T109/><D120/><U39/><E75/><V77/><REACH who="2" step="1"/><F77/><REACH who="2" ten="253,198,302,237" step="2"/><W118/><G117/><T119/><D119/><U69/><E122/><V76/><F76/><W55/><G118/><T105/><D109/><U83/><E123/><V81/><F81/><W101/><G115/><T38/><D112/><U88/><E69/><V125/><F125/><W114/><G114/><T70/><D70/><U80/><E93/><V0/><F0/><W8/><G94/><T65/><D74/><U102/><E102/><V66/><F66/><W29/><G67/><T13/><D65/><U5/><E5/><V48/><F48/><W68/><G101/><T32/><D38/><U4/><E4/><V95/><F95/><W72/><G68/><T58/><D7/><U130/><REACH who="1" step="1"/><E44/><REACH who="1" ten="253,188,302,237" step="2"/><V132/><F132/><W79/><G72/><T110/><D110/><U2/><E2/><V135/><F135/><W3/><G3/><T97/><D103/><U47/><E47/><V1/><F1/><W26/><G63/><T10/><D105/><U90/><E90/><V20/><F20/><W71/><G62/><N who="0" m="36175" /><D32/><U11/><E11/><V18/><F18/><W92/><G71/><T116/><D116/><U6/><E6/><V15/><F15/><W124/><G124/><T31/><D10/><U50/><E50/><V108/><F108/><W59/><G9/><T121/><D121/><U100/><E100/><V104/><F104/><W113/><G8/><T126/><D126/><U57/><E57/><AGARI ba="0,2" hai="12,19,22,24,25,27,28,35,52,57,60,78,82,84" machi="57" ten="40,5200,0" yaku="21,2,54,1,53,0" doraHai="127" doraHaiUra="106" who="2" fromWho="1" sc="253,0,188,-52,302,72,237,0" /><INIT seed="5,0,0,0,2,100" ten="253,136,374,237" oya="1" hai0="7,111,113,79,1,85,91,133,65,46,124,67,104" hai1="36,56,40,120,14,39,131,129,75,48,42,62,68" hai2="74,44,110,114,127,122,88,106,45,54,11,49,58" hai3="32,37,53,76,82,6,87,71,3,78,132,128,90"/><U10/><E75/><V69/><F110/><W38/><G32/><T123/><D111/><U86/><E86/><V116/><F116/><W57/><G71/><T66/><D113/><U130/><E14/><V115/><F74/><W70/><G70/><T118/><D118/><U93/><E93/><V102/><F122/><W89/><G128/><T103/><D79/><U27/><E27/><V73/><F69/><W107/><G132/><T25/><D133/><U101/><E10/><V109/><F73/><W12/><G12/><T17/><D123/><U35/><E101/><V84/><F11/><W23/><G23/><T31/><D17/><U18/><E18/><V59/><F59/><W81/><G57/><T13/><D1/><U41/><E35/><V61/><F127/><W96/><G96/><T64/><D124/><U50/><E120/><V0/><F0/><W55/><G3/><T8/><D46/><U108/><E108/><V60/><F44/><W80/><G80/><T72/><D72/><U125/><E125/><V51/><F109/><W98/><G98/><T24/><D31/><U117/><E117/><V34/><F34/><W28/><G87/><T20/><D20/><U134/><E134/><V94/><F51/><N who="1" m="19497" /><E68/><V22/><F22/><W47/><G28/><T92/><N who="0" m="16384" /><DORA hai="2" /><T126/><REACH who="0" step="1"/><D126/><REACH who="0" ten="243,136,374,237" step="2"/><U29/><E29/><V105/><F115/><W9/><G78/><T26/><D26/><U83/><E83/><V121/><F114/><W99/><G76/><T63/><D63/><U112/><E112/><V135/><F61/><W43/><G81/><T16/><D16/><RYUUKYOKU ba="0,1" sc="243,15,136,15,374,-15,237,-15" hai0="7,8,13,24,25,85,91,92,103,104" hai1="36,39,40,41,42,56,62,129,130,131" /><INIT seed="5,1,1,4,5,90" ten="258,151,359,222" oya="1" hai0="14,31,88,84,77,122,59,115,28,112,22,18,83" hai1="13,102,35,92,91,1,116,66,8,109,86,58,25" hai2="73,72,103,101,100,97,113,30,118,3,29,48,68" hai3="61,125,135,17,33,89,52,27,63,60,95,36,6"/><U123/><E116/><V40/><F68/><W130/><G36/><T4/><D122/><U38/><E123/><V128/><F118/><W79/><G6/><T110/><D110/><U87/><E38/><V67/><F3/><W126/><G79/><T54/><D4/><U98/><E1/><V42/><F128/><W94/><G130/><T134/><D134/><U69/><E69/><V82/><F67/><W16/><G135/><T44/><D44/><U39/><E39/><V104/><F104/><W81/><G81/><T133/><D133/><U24/><E35/><V64/><F64/><W50/><G33/><T20/><D20/><U53/><E66/><V131/><F82/><W78/><G78/><T76/><D76/><U107/><E86/><V32/><F32/><W51/><G51/><N who="0" m="31199" /><D77/><U5/><REACH who="1" step="1"/><E109/><REACH who="1" ten="258,141,359,222" step="2"/><V49/><F131/><W129/><G129/><T56/><D115/><U0/><E0/><V80/><F113/><W74/><G74/><T19/><D112/><U11/><E11/><V70/><F70/><W85/><G125/><T93/><D83/><U127/><E127/><V120/><F80/><N who="3" m="49319" /><G126/><T65/><D19/><U108/><E108/><V62/><F73/><W7/><G7/><T57/><D65/><U71/><E71/><V12/><F72/><W132/><G132/><T15/><D31/><U75/><E75/><V99/><F30/><W55/><G17/><N who="0" m="10551" /><D28/><U23/><E23/><V34/><F29/><W111/><G111/><T26/><D18/><U124/><E124/><V37/><F34/><W119/><G119/><T105/><D84/><U41/><E41/><RYUUKYOKU ba="1,2" sc="258,-10,141,30,359,-10,222,-10" hai1="5,8,13,24,25,53,58,87,91,92,98,102,107" /><INIT seed="5,2,2,2,0,3" ten="248,171,349,212" oya="1" hai0="20,47,41,17,36,64,112,114,56,57,55,16,116" hai1="46,58,123,107,59,30,1,134,12,66,67,54,91" hai2="5,2,31,101,39,8,77,89,70,90,102,32,73" hai3="103,124,38,51,62,14,127,21,71,111,69,135,93"/><U87/><E123/><V9/><F70/><W53/><G38/><T121/><D121/><U92/><E134/><V65/><F65/><N who="1" m="24585" /><E1/><V119/><F119/><W49/><G111/><T45/><D116/><U23/><E107/><V80/><F31/><W60/><G135/><T35/><D35/><U33/><E33/><V28/><F28/><W42/><G103/><T74/><D74/><U18/><E30/><V15/><F32/><W110/><G93/><T96/><D96/><U100/><E100/><V84/><F39/><W130/><G110/><T61/><D17/><U128/><E128/><V108/><F90/><W29/><G130/><T99/><D99/><U115/><E115/><V82/><F108/><W98/><G98/><T13/><REACH who="0" step="1"/><D45/><REACH who="0" ten="238,171,349,212" step="2"/><U106/><E106/><V132/><F132/><W88/><G29/><T94/><D94/><U113/><E113/><V44/><F44/><W131/><G131/><T85/><D85/><U19/><E19/><AGARI ba="2,3" hai="2,5,8,9,15,19,73,77,80,82,84,89,101,102" machi="19" ten="30,2000,0" yaku="7,1,52,1" doraHai="3" who="2" fromWho="1" sc="238,0,171,-26,349,56,212,0" /><INIT seed="6,0,0,2,4,30" ten="238,145,405,212" oya="2" hai0="56,105,130,61,104,62,19,74,6,85,134,39,4" hai1="98,27,10,97,126,107,37,83,91,119,48,11,70" hai2="122,31,22,17,109,63,128,115,108,65,38,20,33" hai3="53,92,68,120,100,82,135,5,101,28,12,64,51"/><V36/><F122/><W24/><G120/><T73/><D39/><U47/><E119/><V21/><F115/><W9/><G135/><T34/><D85/><U49/><E126/><V103/><F103/><W87/><G64/><T71/><D56/><U46/><E70/><V117/><F117/><W112/><G68/><T57/><D71/><U95/><E37/><V13/><F38/><W41/><G41/><T8/><D57/><U15/><E107/><V116/><F36/><W44/><G92/><T78/><D8/><U114/><E114/><V86/><F86/><W1/><G1/><T133/><D78/><U32/><E83/><V75/><F75/><W43/><G53/><T29/><D29/><U42/><E97/><V76/><F76/><W80/><G80/><T132/><D132/><U25/><E32/><V67/><F128/><W106/><G106/><T0/><D0/><U40/><REACH who="1" step="1"/><E11/><REACH who="1" ten="238,135,405,212" step="2"/><N who="2" m="6335" /><F116/><W96/><G96/><T99/><D99/><U123/><E123/><V2/><F33/><N who="3" m="20615" /><G112/><T26/><D34/><U55/><E55/><V69/><F67/><W77/><AGARI ba="0,1" hai="5,9,12,43,44,51,77,82,87,100,101" m="20615" machi="77" ten="30,2000,0" yaku="25,1,52,1" doraHai="30" who="3" fromWho="3" sc="238,-5,135,-5,405,-10,212,30" /><INIT seed="7,0,0,0,0,69" ten="233,130,395,242" oya="3" hai0="35,21,71,59,105,110,53,56,4,90,13,64,65" hai1="20,39,115,116,18,57,40,10,130,34,32,81,134" hai2="42,132,24,49,126,79,85,83,127,8,38,108,12" hai3="82,70,101,46,123,107,41,104,125,48,47,119,37"/><W33/><G119/><T89/><D35/><U29/><E116/><V43/><F108/><W19/><G123/><T28/><D110/><U61/><E115/><V117/><F117/><W122/><G122/><T84/><D105/><U76/><E130/><V112/><F132/><W16/><G125/><N who="2" m="47625" /><F38/><W30/><G70/><T54/><D71/><U66/><E134/><V17/><F112/><W86/><G30/><T50/><D4/><U98/><E98/><V100/><F100/><W73/><G73/><T120/><D120/><U97/><E97/><V102/><F102/><W133/><G33/><T135/><D135/><U51/><E29/><V91/><F49/><W45/><G45/><T128/><D128/><U31/><E31/><V95/><F24/><W1/><G1/><T2/><D2/><U87/><E51/><V99/><AGARI ba="0,0" hai="8,12,17,42,43,79,83,85,91,95,99" m="47625" machi="99" ten="30,1100,0" yaku="18,1" doraHai="69" who="2" fromWho="2" sc="233,-3,130,-3,395,11,242,-5" owari="230,-17.0,127,-37.3,406,50.6,237,3.7" /></mjloggm>