<mjloggm ver="2.3"><GO type="169" lobby="0"/><UN n0="%41%72%69%61" n1="%E3%81%9F%E3%81%8B%E3%81%AA" n2="%E2%80%A0%E7%99%BD%E5%85%8E%E2%80%A0" n3="%6B%61%74%65%72%69%6E%61" dan="16,19,17,16" rate="2165.45,2237.21,2206.59,2116.80" sx="F,M,M,M"/><TAIKYOKU oya="0"/><INIT seed="0,0,0,0,3,29" ten="250,250,250,250" oya="0" hai0="7,51,126,60,11,93,103,96,52,120,95,119,104" hai1="79,16,130,100,40,70,18,86,36,12,61,34,127" hai2="78,106,69,109,50,113,63,112,118,81,85,121,9" hai3="8,84,26,114,20,28,24,131,19,38,48,99,133"/><T80/><D120/><U58/><E127/><V32/><F121/><W122/><G122/><T42/><D119/><U15/><E70/><V108/><F106/><W90/><G114/><T83/><D126/><U5/><E100/><V22/><F118/><W88/><G38/><T6/><D104/><U129/><E5/><V92/><F32/><W14/><G131/><T117/><D117/><U39/><E79/><V94/><F22/><W98/><G133/><T87/><D42/><U128/><E86/><V116/><F50/><W62/><G62/><T0/><D7/><U64/><E34/><V66/><F9/><W115/><G115/><N who="2" m="44105" /><F116/><W31/><G48/><T1/><D60/><U75/><E75/><V33/><F33/><W55/><G55/><T59/><REACH who="0" step="1"/><D1/><REACH who="0" ten="240,250,250,250" step="2"/><U10/><REACH who="1" step="1"/><E40/><REACH who="1" ten="240,240,250,250" step="2"/><V101/><F69/><W56/><G90/><AGARI ba="0,2" hai="0,6,11,51,52,59,80,83,87,90,93,95,96,103" machi="90" ten="40,12000,1" yaku="1,1,2,1,54,1,53,1" doraHai="29" doraHaiUra="2" who="0" fromWho="3" sc="240,140,240,0,250,0,250,-120" /><INIT seed="0,1,0,2,1,32" ten="380,240,250,130" oya="0" hai0="70,31,125,3,71,40,21,122,67,65,36,45,88" hai1="104,10,58,37,130,47,33,80,106,44,26,109,63" hai2="2,56,120,55,22,117,92,50,14,64,129,35,9" hai3="97,60,27,91,0,100,86,28,123,52,103,41,90"/><T29/><D122/><U23/><E33/><V34/><F120/><W61/><G123/><T13/><D125/><U121/><E121/><V119/><F129/><W62/><G41/><T1/><D31/><U75/><E109/><V102/><F64/><W87/><G0/><T12/><D12/><U76/><E130/><V134/><F134/><W118/><G118/><N who="2" m="45065" /><F22/><W24/><G97/><T5/><D5/><U17/><E10/><V19/><F2/><W98/><G98/><AGARI ba="1,0" hai="9,14,19,34,35,50,55,56,92,98,102" m="45065" machi="98" ten="30,1000,0" yaku="12,1" doraHai="32" who="2" fromWho="3" sc="380,0,240,0,250,13,130,-13" /><INIT seed="1,0,0,5,0,83" ten="380,240,263,117" oya="1" hai0="11,133,90,121,23,41,54,81,135,13,63,134,39" hai1="94,5,99,111,20,76,4,96,104,31,60,75,68" hai2="58,30,65,108,100,82,16,29,53,70,22,87,126" hai3="57,38,43,91,46,10,88,125,123,64,119,42,129"/><U112/><E112/><V79/><F126/><W15/><G123/><T67/><D121/><U62/><E104/><V93/><F70/><W19/><G125/><T97/><D39/><U50/><E75/><V118/><F65/><W56/><G129/><T107/><D41/><U17/><E31/><V48/><F108/><W14/><G119/><T32/><D32/><U69/><E76/><V1/><F1/><W101/><G101/><T49/><D23/><U34/><E34/><V124/><F118/><W25/><G25/><T21/><D21/><U36/><E36/><V85/><F124/><W45/><G64/><T33/><D33/><U80/><E80/><V44/><F44/><W24/><G24/><T71/><D107/><U127/><E127/><V128/><F128/><W122/><G122/><T106/><D106/><U74/><E74/><V7/><F7/><W116/><G116/><T86/><D97/><U66/><E50/><V37/><F37/><W2/><G38/><T72/><D72/><U12/><E99/><N who="2" m="59503" /><F85/><W110/><G10/><T61/><D61/><U120/><E111/><V113/><F113/><W47/><G47/><T3/><D3/><U103/><E120/><V105/><F105/><W84/><G2/><T55/><REACH who="0" step="1"/><D49/><REACH who="0" ten="370,240,263,117" step="2"/><U51/><E51/><V109/><F109/><W89/><G110/><T35/><D35/><U0/><E0/><V40/><F40/><W27/><G42/><T131/><D131/><U59/><E62/><V8/><F8/><W77/><G43/><T95/><D95/><U26/><E26/><AGARI ba="0,1" hai="16,22,26,29,30,48,53,58,79,82,87" m="59503" machi="26" ten="30,3900,0" yaku="8,1,52,1,54,1" doraHai="83" who="2" fromWho="1" sc="370,0,240,-39,263,49,117,0" /><INIT seed="2,0,0,5,0,110" ten="370,201,312,117" oya="2" hai0="6,49,90,21,106,109,24,41,38,19,99,70,97" hai1="32,64,128,44,86,120,17,113,16,126,59,30,73" hai2="129,98,3,55,45,46,135,35,12,123,87,51,61" hai3="56,103,74,58,71,82,13,66,40,68,89,43,2"/><V121/><F3/><W34/><G2/><T7/><D109/><U81/><E73/><V25/><F129/><W14/><G34/><T88/><D38/><U0/><E0/><V42/><F135/><W96/><G74/><T31/><D70/><U119/><E119/><V85/><F98/><N who="0" m="37386" /><D106/><U53/><E126/><V54/><F12/><W92/><G68/><T130/><D130/><U11/><E120/><V133/><F133/><W1/><G1/><T118/><D31/><U72/><E72/><V67/><F25/><W127/><G127/><T93/><D118/><U52/><E113/><V10/><F10/><W9/><G71/><T23/><D23/><U33/><E64/><V125/><F35/><W94/><G14/><T5/><D93/><U115/><E115/><V75/><F75/><W63/><G58/><T78/><D78/><U124/><E124/><V117/><F117/><W112/><G112/><T29/><D29/><U95/><E95/><V102/><F102/><W60/><G60/><T62/><D62/><N who="1" m="36199" /><E30/><V27/><F125/><W26/><G26/><T37/><D37/><U84/><E128/><V122/><F27/><W20/><G92/><T47/><AGARI ba="0,0" hai="5,6,7,19,21,24,41,47,49,88,90" m="37386" machi="47" ten="30,2000,0" yaku="8,1,54,1" doraHai="110" who="0" fromWho="0" sc="370,20,201,-5,312,-10,117,-5" /><INIT seed="3,0,0,5,4,77" ten="390,196,302,112" oya="3" hai0="68,100,116,42,24,83,126,72,33,101,52,91,66" hai1="113,120,7,82,117,123,26,28,74,45,0,19,31" hai2="62,15,65,105,109,20,103,122,9,36,104,38,32" hai3="80,30,43,129,87,22,121,8,58,41,102,59,57"/><W78/><G121/><T92/><D116/><U44/><E19/><V5/><F109/><W94/><G129/><T10/><D126/><U49/><E117/><V53/><F32/><W67/><G67/><T37/><D37/><U115/><E7/><V6/><F122/><W107/><G107/><T131/><D42/><U95/><E0/><V119/><F119/><W54/><G54/><T14/><D131/><U18/><E18/><V93/><F53/><W108/><G108/><T133/><D133/><U96/><E74/><V71/><F5/><W17/><G8/><T99/><D68/><U111/><E111/><V56/><F71/><W39/><G30/><T47/><D66/><U84/><E120/><V60/><F60/><W12/><REACH who="3" step="1"/><G39/><REACH who="3" ten="390,196,302,102" step="2"/><T50/><D10/><U76/><E28/><V55/><F55/><W40/><G40/><T29/><REACH who="0" step="1"/><D14/><REACH who="0" ten="380,196,302,102" step="2"/><U61/><E123/><V125/><F36/><W79/><G79/><AGARI ba="0,2" hai="24,29,33,47,50,52,72,79,83,91,92,99,100,101" machi="79" ten="40,8000,1" yaku="1,1,2,1,52,1,54,1,53,1" doraHai="77" doraHaiUra="106" who="0" fromWho="3" sc="380,100,196,0,302,0,102,-80" /><INIT seed="4,0,0,4,3,26" ten="480,196,302,22" oya="0" hai0="84,86,18,22,13,30,40,91,5,128,73,64,59" hai1="42,36,4,49,123,69,79,83,95,55,6,77,51" hai2="20,111,133,109,72,108,120,41,97,82,25,134,80" hai3="94,75,67,47,60,12,35,85,46,27,132,7,92"/><T63/><D73/><U115/><E69/><V104/><F41/><W66/><G75/><T34/><D128/><U0/><E123/><V124/><F120/><W71/><G132/><N who="2" m="50793" /><F72/><W105/><G105/><T15/><D40/><U130/><E36/><V44/><F44/><W65/><G71/><T93/><D34/><U8/><E130/><V112/><F112/><W9/><G60/><T14/><D30/><U62/><E115/><V102/><F124/><W90/><G35/><T96/><D5/><U11/><E95/><V74/><F74/><W38/><G38/><T89/><REACH who="0" step="1"/><D96/><REACH who="0" ten="470,196,302,22" step="2"/><U121/><E42/><V103/><F97/><W3/><G3/><T19/><D19/><U76/><E6/><V70/><F109/><W56/><G56/><T114/><D114/><U125/><E4/><V88/><F111/><W52/><G27/><T122/><D122/><U57/><E0/><V10/><F25/><W118/><G118/><T110/><D110/><U98/><E98/><V29/><F108/><W81/><REACH who="3" step="1"/><G47/><REACH who="3" ten="470,196,302,12" step="2"/><T32/><D32/><U31/><E121/><V78/><F70/><W131/><G131/><T116/><D116/><U33/><E33/><V113/><F113/><W126/><G126/><T100/><D100/><U16/><E125/><V1/><F103/><W129/><G129/><T101/><D101/><U48/><E57/><V68/><F102/><W23/><G23/><T21/><D21/><U53/><E8/><V117/><F10/><W107/><G107/><T2/><D2/><U39/><E11/><V135/><F104/><W54/><G54/><T50/><D50/><AGARI ba="0,2" hai="7,9,12,46,50,52,65,66,67,81,85,90,92,94" machi="50" ten="40,8000,1" yaku="1,1,6,1,8,1,54,1,53,0" doraHai="26" doraHaiUra="24" who="3" fromWho="0" sc="470,-80,196,0,302,0,12,100" /><INIT seed="5,0,0,4,2,36" ten="390,196,302,112" oya="1" hai0="123,106,102,23,1,89,12,76,53,3,122,69,75" hai1="126,64,92,2,94,16,110,120,116,56,68,84,128" hai2="42,40,113,13,124,20,25,5,111,48,83,51,105" hai3="96,21,98,130,132,65,33,79,72,24,115,85,67"/><U131/><E116/><V91/><F105/><W95/><G33/><T135/><D69/><U121/><E2/><V31/><F111/><W62/><G115/><T129/><D106/><U34/><E34/><V87/><F124/><W80/><G130/><N who="1" m="49706" /><E68/><V133/><F133/><W70/><G132/><T47/><D129/><U104/><E104/><V0/><F0/><W86/><G65/><T101/><D135/><U90/><E126/><V32/><F113/><W117/><G117/><T59/><D1/><U44/><E110/><V15/><F32/><W22/><G22/><T99/><D3/><U27/><E94/><V81/><F81/><W60/><G60/><T54/><D102/><U55/><E44/><N who="2" m="25607" /><F5/><W66/><G66/><T18/><D101/><U58/><E64/><V35/><F35/><W17/><REACH who="3" step="1"/><G96/><REACH who="3" ten="390,196,302,102" step="2"/><T100/><D99/><U39/><E120/><V9/><F9/><W4/><G4/><T82/><D123/><U30/><E121/><V38/><F20/><W28/><G28/><T26/><D23/><U50/><E30/><V49/><F31/><W108/><G108/><T74/><D122/><U119/><E119/><V52/><F25/><W73/><G73/><T29/><D75/><U10/><E27/><V93/><F87/><W109/><G109/><T125/><D26/><U63/><E10/><V103/><F13/><W88/><AGARI ba="0,1" hai="17,21,24,62,67,70,72,79,80,85,86,88,95,98" machi="88" ten="20,8000,1" yaku="1,1,0,1,7,1,54,1,53,1" doraHai="36" doraHaiUra="61" who="3" fromWho="3" sc="390,-20,196,-40,302,-20,102,90" /><INIT seed="6,0,0,3,1,102" ten="370,156,282,192" oya="2" hai0="110,58,5,89,76,38,62,70,4,69,21,39,128" hai1="132,108,47,96,126,117,120,65,100,10,3,131,2" hai2="118,60,90,82,127,50,57,46,36,0,85,67,32" hai3="99,91,133,93,49,75,37,53,101,134,87,9,34"/><V35/><F118/><W29/><G37/><T77/><D110/><U83/><E108/><V66/><F0/><W106/><G75/><T64/><D39/><U26/><E117/><V52/><F127/><W123/><G123/><T119/><D38/><U105/><E126/><V44/><REACH who="2" step="1"/><F67/><REACH who="2" ten="370,156,272,192" step="2"/><W78/><G134/><T18/><D119/><U71/><E132/><V104/><F104/><W88/><G133/><T112/><D112/><U51/><E2/><V114/><F114/><W80/><G106/><T20/><D128/><U72/><E131/><V95/><F95/><W74/><G93/><T81/><D70/><U11/><E3/><V107/><F107/><W24/><G80/><T125/><D69/><U63/><E120/><V30/><F30/><W92/><G92/><T115/><D115/><U116/><E116/><V48/><F48/><W97/><G49/><T8/><D125/><U86/><E65/><V56/><F56/><W42/><G29/><T14/><D4/><U73/><E71/><V6/><F6/><W15/><G34/><T12/><D21/><U31/><E63/><V109/><F109/><W25/><G9/><T129/><D129/><U43/><E10/><V103/><F103/><W124/><G101/><T33/><D33/><U55/><E11/><V113/><F113/><W19/><G124/><T59/><D58/><U16/><E31/><V135/><F135/><W111/><G111/><T68/><D68/><U130/><E130/><V41/><AGARI ba="0,1" hai="32,35,36,41,44,46,50,52,57,60,66,82,85,90" machi="41" ten="30,6000,0" yaku="1,1,0,1,54,1,53,0" doraHai="102" doraHaiUra="94" who="2" fromWho="2" sc="370,-20,156,-20,272,70,192,-20" /><INIT seed="6,1,0,1,4,133" ten="350,136,342,172" oya="2" hai0="103,77,110,108,37,126,0,5,85,119,4,29,10" hai1="121,114,42,44,64,11,84,105,68,59,130,23,129" hai2="71,25,112,131,43,45,17,12,91,99,16,125,89" hai3="27,97,57,49,50,65,32,93,19,124,47,87,30"/><V70/><F112/><W34/><G124/><T15/><D37/><U111/><E105/><V104/><F131/><N who="1" m="50185" /><E84/><V106/><F125/><W53/><G19/><T28/><D103/><U127/><E127/><V60/><F25/><W113/><G113/><T132/><D126/><U46/><E114/><V74/><F74/><W6/><G6/><T79/><D85/><U120/><E11/><V33/><F33/><W9/><G9/><N who="0" m="4527" /><D79/><U7/><E7/><V90/><F60/><W115/><G115/><T98/><D98/><U40/><E23/><V41/><F41/><N who="1" m="15977" /><E68/><V55/><F55/><W81/><G87/><T94/><D94/><U109/><E59/><V52/><F106/><W100/><G81/><T72/><D77/><U48/><E64/><V14/><F71/><W38/><G38/><T61/><D61/><U20/><E20/><N who="2" m="11271" /><F104/><W35/><G65/><T96/><D72/><U134/><E134/><V66/><F70/><W116/><G116/><T18/><D96/><U31/><E31/><N who="0" m="11849" /><D132/><U51/><E48/><N who="2" m="28687" /><F43/><AGARI ba="1,0" hai="27,30,32,34,35,43,47,49,50,53,57,93,97,100" machi="43" ten="30,1000,0" yaku="7,1" doraHai="133" who="3" fromWho="2" sc="350,0,136,0,342,-13,172,13" /><INIT seed="7,0,0,5,0,124" ten="350,136,329,185" oya="3" hai0="3,134,29,94,43,95,84,106,8,17,58,62,125" hai1="115,132,69,24,108,98,120,37,110,82,40,44,114" hai2="20,61,89,39,101,18,99,96,66,46,55,34,77" hai3="57,130,36,88,50,90,80,4,47,27,128,74,75"/><W30/><G36/><T67/><D106/><U38/><E82/><V71/><F34/><W127/><G4/><T2/><D125/><U126/><E126/><V76/><F89/><N who="3" m="34411" /><G57/><T64/><D2/><U100/><E24/><V33/><F33/><W65/><G65/><T102/><D3/><U118/><E98/><V48/><F99/><W122/><G80/><T119/><D67/><U60/><E100/><V117/><F117/><W97/><G97/><T72/><D119/><U92/><E92/><V11/><F39/><W105/><G105/><T56/><D95/><U79/><E79/><V113/><F113/><N who="1" m="43017" /><E118/><V26/><REACH who="2" step="1"/><F11/><REACH who="2" ten="350,136,319,185" step="2"/><W32/><G127/><T35/><D8/><U53/><E132/><V116/><F116/><W22/><G32/><T70/><D134/><U49/><E120/><V83/><F83/><W0/><G122/><T111/><D35/><U9/><E9/><V52/><F52/><N who="3" m="29791" /><G0/><T112/><D112/><U16/><E16/><V7/><F7/><W73/><G30/><T28/><D17/><U78/><E78/><V68/><F68/><W14/><G22/><T23/><D70/><U103/><E103/><V104/><AGARI ba="0,1" hai="18,20,26,46,48,55,61,66,71,76,77,96,101,104" machi="104" ten="20,2700,0" yaku="1,1,0,1,7,1,53,0" doraHai="124" doraHaiUra="91" who="2" fromWho="2" sc="350,-7,136,-7,319,37,185,-13" owari="343,14.3,129,-37.1,356,45.6,172,-22.8" /></mjloggm>