<mjloggm ver="2.3"><GO type="169" lobby="0"/><UN n0="%E3%83%8F%E3%82%A4%E3%83%A9%E3%82%A4%E3%83%88%31%37%6D" n1="%E8%B5%A4%E4%BA%94%E7%AB%8B%E7%9B%B4" n2="%E8%90%BD%E3%81%AE%E5%8D%83%E7%A7%8B" n3="%E6%B2%B3%E7%AB%A5%E3%81%AE%E3%83%AF%E3%82%AB%E3%83%9E%E3%83%84" dan="16,16,17,17" rate="2086.55,2188.71,2152.46,2167.55" sx="M,F,F,M"/><TAIKYOKU oya="0"/><INIT seed="0,0,0,4,5,117" ten="250,250,250,250" oya="0" hai0="46,86,85,126,16,67,64,102,47,60,27,72,71" hai1="77,84,17,121,62,90,113,66,38,35,133,40,88" hai2="105,10,1,15,87,68,36,54,8,33,39,0,48" hai3="49,14,76,29,106,45,12,100,92,50,89,112,97"/><T59/><D126/><U53/><E133/><V61/><F105/><W130/><G112/><T132/><D72/><U107/><E107/><V81/><F33/><W78/><G130/><T57/><D132/><U5/><E113/><V99/><F10/><W109/><G109/><T134/><D134/><U96/><E35/><V110/><F99/><W24/><G12/><T20/><D102/><U125/><E125/><V31/><F31/><W129/><G14/><T135/><D71/><U69/><E5/><V119/><F119/><W114/><G129/><T58/><D135/><U63/><E121/><V118/><F110/><W131/><G50/><T56/><REACH who="0" step="1"/><D67/><REACH who="0" ten="240,250,250,250" step="2"/><U111/><E111/><V104/><F118/><W9/><G131/><T23/><D23/><U70/><E70/><V34/><F68/><W11/><G114/><T28/><D28/><U7/><E66/><V26/><F34/><W79/><G100/><T93/><D93/><U75/><E75/><V6/><F104/><W101/><G101/><T124/><D124/><U103/><E103/><V19/><F81/><W91/><G106/><T25/><D25/><U30/><E30/><V13/><F26/><W116/><G116/><T94/><D94/><U55/><E69/><V37/><F8/><W123/><G24/><T127/><D127/><U83/><E83/><V42/><F6/><W4/><G29/><T120/><D120/><U52/><E7/><V32/><F32/><W3/><G123/><T44/><AGARI ba="0,1" hai="16,20,27,44,46,47,56,57,58,59,60,64,85,86" machi="44" ten="30,11700,0" yaku="1,1,0,1,8,1,54,1,53,0" doraHai="117" doraHaiUra="2" who="0" fromWho="0" sc="240,127,250,-39,250,-39,250,-39" /><INIT seed="0,1,0,0,1,5" ten="367,211,211,211" oya="0" hai0="78,108,107,48,20,93,52,10,49,128,42,82,124" hai1="8,102,43,81,90,24,84,85,15,18,72,89,80" hai2="100,71,113,117,116,54,95,41,76,36,2,65,91" hai3="77,63,133,28,83,30,67,25,104,11,51,3,114"/><T60/><D107/><U26/><E72/><V29/><F113/><W66/><G114/><T64/><D124/><U73/><E73/><V16/><F2/><W122/><G104/><T39/><D128/><U14/><E102/><V6/><F6/><W57/><G133/><T96/><D48/><U126/><E126/><V79/><F100/><W50/><G122/><T23/><D42/><U27/><E15/><V106/><F29/><W53/><G3/><T103/><D10/><U112/><E112/><V135/><F106/><W68/><G66/><T56/><D39/><U58/><E43/><V97/><F135/><W61/><G28/><T98/><D98/><U35/><E35/><V17/><F54/><W105/><G11/><T75/><REACH who="0" step="1"/><D108/><REACH who="0" ten="357,211,211,211" step="2"/><U31/><E58/><AGARI ba="1,1" hai="20,23,49,52,56,58,60,64,75,78,82,93,96,103" machi="58" ten="30,11600,0" yaku="1,1,2,1,7,1,54,1,53,0" doraHai="5" doraHaiUra="129" who="0" fromWho="1" sc="357,129,211,-119,211,0,211,0" /><INIT seed="0,2,0,4,4,70" ten="486,92,211,211" oya="0" hai0="93,107,124,57,23,53,5,121,113,123,40,12,118" hai1="100,84,49,94,77,122,0,112,91,127,81,65,47" hai2="110,15,59,41,52,135,117,13,83,98,129,55,72" hai3="30,11,132,69,10,87,25,2,43,114,126,37,58"/><T76/><D107/><U99/><E122/><V103/><F110/><W75/><G69/><T14/><D40/><U111/><E111/><V8/><F135/><W1/><G75/><T104/><D104/><U92/><E127/><V50/><F129/><W35/><G114/><T34/><D34/><U86/><E112/><V46/><F117/><W51/><G132/><T85/><D124/><U19/><E0/><V16/><F72/><W96/><G126/><T82/><D12/><U106/><E65/><V89/><F15/><W61/><G51/><T21/><D118/><U38/><E19/><V66/><F83/><W105/><G87/><T29/><D29/><U68/><E68/><V90/><F66/><W79/><G79/><T3/><D3/><U6/><E6/><V71/><F55/><W27/><G27/><T54/><D54/><U120/><E120/><V33/><F33/><W102/><G1/><T74/><D5/><U56/><E56/><V130/><F71/><W134/><G134/><T97/><D74/><U119/><E119/><V31/><F31/><W80/><G80/><T62/><D113/><U64/><E64/><V22/><F8/><W7/><G10/><T133/><D133/><U131/><E131/><V44/><F44/><N who="3" m="23663" /><G61/><T67/><D67/><U26/><E26/><V39/><F130/><W128/><G128/><T60/><D60/><U115/><E115/><V36/><F39/><W20/><G35/><T48/><D62/><U73/><E38/><V101/><F101/><W17/><G30/><T9/><D123/><U109/><E109/><V63/><F63/><RYUUKYOKU ba="2,0" sc="486,-15,92,-15,211,15,211,15" hai2="13,16,22,36,41,46,50,52,59,89,90,98,103" hai3="2,7,11,17,20,25,58,96,102,105" /><INIT seed="1,3,0,5,0,13" ten="471,77,226,226" oya="1" hai0="119,131,83,61,56,1,30,45,93,73,135,123,10" hai1="2,5,12,90,44,68,11,7,8,132,102,130,104" hai2="110,29,43,72,16,76,39,0,42,117,89,6,4" hai3="20,69,34,57,3,127,125,87,101,133,80,77,55"/><U105/><E130/><V122/><F0/><W111/><G34/><T78/><D119/><U81/><E132/><V129/><F29/><W67/><G3/><T66/><D135/><U47/><E68/><V109/><F122/><W96/><G133/><T18/><D123/><U88/><E81/><V95/><F117/><W19/><G111/><T26/><D131/><U94/><E102/><V21/><F129/><W64/><G69/><T98/><D45/><U120/><E120/><V48/><F39/><W97/><G125/><T82/><D82/><U27/><E27/><V53/><F76/><W92/><G97/><T38/><D38/><U71/><E71/><V108/><F72/><W107/><G107/><T84/><D18/><U124/><E124/><V17/><F4/><W60/><REACH who="3" step="1"/><G127/><REACH who="3" ten="471,77,226,216" step="2"/><T106/><D106/><U115/><E115/><V52/><F6/><W99/><G99/><T49/><D98/><U33/><E33/><V46/><F43/><W63/><G63/><T79/><D61/><U40/><E47/><V9/><F9/><W74/><G74/><T23/><D10/><U41/><E41/><V70/><F70/><W65/><G65/><T86/><D66/><U134/><E134/><V37/><F21/><W31/><G31/><T75/><D30/><U35/><E35/><V62/><F62/><W51/><G51/><T24/><D75/><U54/><E40/><V36/><F36/><W118/><G118/><T50/><D1/><U112/><E112/><V58/><F53/><W121/><G121/><T32/><D32/><U14/><E2/><V113/><F113/><RYUUKYOKU ba="3,1" sc="471,-15,77,-15,226,15,216,15" hai2="16,17,37,42,46,48,52,58,89,95,108,109,110" hai3="19,20,55,57,60,64,67,77,80,87,92,96,101" /><INIT seed="2,4,1,4,4,66" ten="456,62,241,231" oya="2" hai0="9,90,39,111,132,91,124,60,94,37,10,117,26" hai1="46,104,17,0,24,31,22,33,125,130,103,44,119" hai2="11,81,32,7,52,102,42,85,89,80,56,57,12" hai3="43,23,134,116,133,69,40,16,51,105,79,34,88"/><V59/><F32/><W21/><G116/><T70/><D111/><U122/><E119/><V47/><F102/><W53/><G34/><T61/><D94/><U77/><E125/><V64/><F64/><W65/><G105/><T1/><D132/><N who="3" m="50793" /><G79/><T75/><D75/><U35/><E130/><V108/><F108/><W74/><G74/><T5/><D5/><U106/><E122/><V38/><REACH who="2" step="1"/><F80/><REACH who="2" ten="456,62,231,231" step="2"/><W114/><G65/><T118/><D117/><U113/><E35/><V3/><F3/><W68/><G114/><T123/><D118/><U127/><E113/><V27/><F27/><W14/><G21/><T97/><D26/><U100/><E127/><V76/><F76/><W131/><G131/><T18/><D1/><U25/><E0/><V120/><F120/><W82/><G82/><T63/><D123/><U30/><E77/><V98/><F98/><W49/><G88/><T109/><D97/><U29/><E33/><V95/><F95/><W101/><G101/><N who="1" m="38986" /><E106/><V87/><F87/><W6/><G23/><T115/><D91/><U86/><E104/><V99/><F99/><W55/><G14/><T71/><D90/><U93/><E25/><V19/><F19/><W110/><G16/><T48/><D18/><U28/><E17/><V73/><F73/><W128/><G110/><T20/><D20/><U4/><E4/><V107/><F107/><W54/><G128/><T36/><D109/><U112/><E112/><V50/><AGARI ba="4,2" hai="7,11,12,38,42,47,50,52,56,57,59,81,85,89" machi="50" ten="20,7800,0" yaku="1,1,0,1,7,1,54,1,53,0" doraHai="66" doraHaiUra="135" who="2" fromWho="2" sc="456,-30,62,-30,231,110,231,-30" /><INIT seed="2,5,0,3,2,123" ten="426,32,341,201" oya="2" hai0="9,118,18,65,73,39,45,85,57,68,109,32,30" hai1="97,117,92,95,93,54,5,41,15,11,99,79,40" hai2="31,84,0,83,4,125,26,33,111,24,103,8,102" hai3="53,69,98,60,34,107,131,10,25,27,13,43,7"/><V20/><F125/><W86/><G131/><T106/><D73/><U59/><E117/><V120/><F120/><W44/><G34/><T62/><D106/><U28/><E28/><V128/><F128/><W113/><G113/><T49/><D118/><U101/><E79/><V133/><F133/><W88/><G98/><T47/><D47/><U87/><E87/><V70/><F70/><W55/><G107/><T134/><D39/><U78/><E78/><V48/><F48/><N who="3" m="26655" /><G69/><T51/><D51/><U67/><E67/><V71/><F71/><W72/><G72/><T77/><D68/><U108/><E108/><V119/><F119/><W96/><G96/><T89/><D77/><U37/><E37/><V52/><F52/><N who="3" m="20043" /><G60/><T129/><D109/><U58/><E58/><V122/><F122/><W132/><G132/><T126/><D126/><U64/><E64/><V76/><F111/><W63/><G63/><T104/><D32/><U110/><E110/><V94/><F94/><AGARI ba="5,0" hai="7,10,13,25,27,86,88,94" m="20043,26655" machi="94" ten="30,3900,0" yaku="8,1,54,2" doraHai="123" who="3" fromWho="2" sc="426,0,32,0,341,-54,201,54" /><INIT seed="3,0,0,2,2,24" ten="426,32,287,255" oya="3" hai0="94,133,81,14,28,44,79,15,75,29,0,16,57" hai1="131,120,19,39,50,99,124,61,108,119,12,117,125" hai2="102,103,54,59,37,68,114,32,106,111,88,35,100" hai3="3,38,127,56,60,93,1,118,135,41,107,7,98"/><W52/><G118/><N who="1" m="45066" /><E99/><V43/><F68/><W84/><G135/><T48/><D0/><U121/><E39/><V113/><F111/><W134/><G134/><T76/><D133/><U4/><E61/><V72/><F106/><W116/><G116/><T112/><D14/><U36/><E36/><V45/><F72/><W90/><G127/><N who="1" m="48714" /><E50/><V92/><F113/><W132/><G132/><T22/><D112/><U74/><E74/><V30/><F30/><W6/><G1/><T77/><D75/><U128/><E4/><V40/><F114/><W104/><G104/><T129/><D129/><N who="1" m="49739" /><E108/><V51/><REACH who="2" step="1"/><F40/><REACH who="2" ten="426,32,277,255" step="2"/><W130/><G130/><T91/><D57/><U31/><E31/><V11/><F11/><AGARI ba="0,1" hai="11,12,19,120,121" m="49739,48714,45066" machi="11" ten="40,8000,1" yaku="12,1,18,1,19,1,34,2" doraHai="24" who="1" fromWho="2" sc="426,0,32,90,277,-80,255,0" /><INIT seed="4,0,0,0,1,9" ten="426,122,197,255" oya="0" hai0="69,23,17,50,61,96,39,102,36,52,92,134,82" hai1="114,1,88,103,108,117,64,104,94,6,81,29,106" hai2="121,15,51,101,10,38,2,93,65,97,33,86,4" hai3="31,79,87,83,100,74,135,27,19,30,123,24,105"/><T47/><D134/><U3/><E108/><V46/><F121/><W110/><G110/><T77/><D69/><U16/><E117/><V42/><F33/><W98/><G135/><T124/><D61/><U76/><E29/><V21/><F65/><W120/><G87/><T40/><D124/><U125/><E125/><V60/><F60/><W127/><G127/><T126/><D40/><U54/><E64/><V35/><F35/><W37/><G37/><T0/><D0/><U128/><E128/><V13/><F21/><W112/><G112/><T59/><D47/><U28/><E28/><V78/><F38/><W56/><G56/><T14/><REACH who="0" step="1"/><D126/><REACH who="0" ten="416,122,197,255" step="2"/><U75/><E114/><V129/><F129/><W18/><G120/><T55/><D55/><U118/><E54/><V12/><F2/><W80/><G123/><T71/><D71/><U32/><E3/><V67/><F67/><W11/><G30/><T25/><D25/><U107/><E118/><V41/><F41/><W122/><G27/><T58/><D58/><U20/><E32/><V85/><F85/><AGARI ba="0,1" hai="14,17,23,36,39,50,52,59,77,82,85,92,96,102" machi="85" ten="30,11600,0" yaku="1,1,7,1,52,1,54,1,53,0" doraHai="9" doraHaiUra="63" who="0" fromWho="2" sc="416,126,122,0,197,-116,255,0" /><INIT seed="4,1,0,2,1,121" ten="542,122,81,255" oya="0" hai0="129,87,20,97,109,108,51,62,128,134,96,36,94" hai1="83,56,114,107,38,123,33,99,3,39,44,11,120" hai2="73,111,77,37,68,64,34,75,41,67,42,117,59" hai3="18,28,50,63,84,65,66,43,54,100,85,119,45"/><T78/><D36/><U86/><E33/><V25/><F117/><W82/><G119/><T7/><D7/><U127/><E127/><V46/><F59/><W131/><G131/><N who="0" m="50251" /><D51/><U126/><E126/><V23/><F42/><W16/><G28/><T72/><D62/><U52/><E114/><V15/><F15/><W9/><G100/><T88/><D20/><U0/><E107/><V22/><F111/><N who="0" m="42570" /><D134/><U1/><E39/><V118/><F22/><W12/><G63/><T91/><D91/><U70/><E38/><V53/><F23/><W89/><G43/><T58/><D58/><U71/><E56/><V48/><F118/><W81/><G18/><T135/><D135/><U124/><E124/><V90/><F90/><AGARI ba="1,0" hai="9,12,16,45,50,54,65,66,81,82,84,85,89,90" machi="90" ten="30,12000,2" yaku="7,1,9,1,25,2,8,1,54,1" doraHai="121" who="3" fromWho="2" sc="542,0,122,0,81,-123,255,123" owari="542,64.2,122,-27.8,-42,-54.2,378,17.8" /></mjloggm>