<mjloggm ver="2.3"><GO type="169" lobby="0"/><UN n0="%48%61%6C%66%73" n1="%E4%B9%9D%E7%B4%8B%E9%BE%8D%E5%8F%B2%E9%80%B2" n2="%62%73%64%5F%33" n3="%E3%81%A5%E3%81%8B%E5%AD%90" dan="17,19,17,16" rate="2161.61,2294.34,2115.89,2151.09" sx="M,M,F,M"/><TAIKYOKU oya="0"/><INIT seed="0,0,0,4,4,31" ten="250,250,250,250" oya="0" hai0="8,44,69,75,100,23,132,88,62,71,116,55,57" hai1="47,129,83,72,113,92,19,41,98,25,14,68,3" hai2="105,38,119,2,46,5,27,65,102,85,0,96,21" hai3="51,91,133,110,60,4,114,81,84,121,97,49,32"/><T20/><D116/><U126/><E3/><V9/><F119/><W134/><G114/><T13/><D75/><U112/><E68/><V103/><F103/><W120/><G110/><T36/><D132/><N who="3" m="50793" /><G4/><T87/><D100/><U53/><E129/><V43/><F85/><W33/><G60/><T94/><D69/><U122/><E122/><N who="3" m="47210" /><G97/><T56/><D71/><U76/><E25/><V117/><F117/><W54/><G51/><T10/><D10/><U15/><E53/><V125/><F125/><W40/><G40/><T18/><REACH who="0" step="1"/><D57/><AGARI ba="0,0" hai="32,33,49,54,57,81,84,91" m="47210,50793" machi="57" ten="30,7700,0" yaku="20,1,13,1,52,2" doraHai="31" who="3" fromWho="0" sc="250,-77,250,0,250,0,250,77" /><INIT seed="1,0,0,1,0,66" ten="173,250,250,327" oya="1" hai0="30,1,113,103,104,40,6,15,62,84,132,131,65" hai1="119,124,92,68,81,75,21,3,133,130,12,52,105" hai2="10,56,11,37,91,73,47,63,8,49,116,33,36" hai3="32,48,108,54,20,117,72,80,78,79,125,112,50"/><U60/><E119/><V59/><F116/><W135/><G32/><T42/><D113/><U86/><E105/><V44/><F33/><W98/><G117/><T97/><D1/><U134/><E3/><V26/><F73/><W22/><G112/><T14/><D131/><U27/><E130/><V35/><F35/><W126/><G108/><T51/><D132/><N who="1" m="50795" /><E124/><V122/><F122/><W7/><G135/><T53/><D30/><U120/><E120/><V83/><F26/><W0/><G98/><T31/><D31/><U61/><E12/><V18/><F18/><W25/><G79/><T106/><D106/><U95/><E75/><V128/><F128/><W58/><G50/><T118/><D84/><U2/><E2/><V85/><F59/><W16/><REACH who="3" step="1"/><G22/><REACH who="3" ten="173,250,250,317" step="2"/><T99/><D99/><U101/><E21/><V28/><F49/><W82/><G82/><T39/><D118/><U129/><E129/><V89/><F83/><W29/><G29/><T64/><D51/><U13/><E81/><V114/><F28/><W76/><G76/><T87/><D97/><U109/><E109/><V4/><F114/><W96/><G96/><T107/><D107/><U74/><E95/><V5/><F37/><W43/><G43/><T127/><D104/><U110/><E110/><V23/><F23/><W17/><G17/><T94/><D94/><U9/><E92/><N who="2" m="54319" /><F36/><W115/><G115/><T45/><D39/><U57/><E101/><V69/><F91/><W123/><G123/><T34/><D103/><U77/><E77/><V24/><F5/><W100/><G100/><T19/><D6/><RYUUKYOKU ba="0,1" sc="173,-10,250,-10,250,-10,317,30" hai3="0,7,16,20,25,48,54,58,72,78,80,125,126" /><INIT seed="2,1,1,5,5,72" ten="163,240,240,347" oya="2" hai0="101,15,106,27,62,58,104,6,131,28,91,64,80" hai1="10,40,122,135,98,110,8,105,87,9,109,18,1" hai2="52,13,102,31,90,39,77,113,3,108,45,100,115" hai3="5,74,119,82,24,103,56,134,126,47,42,69,7"/><V16/><F3/><W93/><G69/><T70/><D131/><U132/><E40/><V124/><F124/><W118/><G126/><T22/><D6/><U84/><E1/><V78/><F31/><W125/><G125/><T19/><D70/><U85/><E18/><V21/><F108/><N who="1" m="41577" /><E122/><V61/><F115/><W25/><G42/><T120/><D120/><U128/><E128/><V37/><F113/><W107/><G74/><T60/><D60/><U129/><E129/><V35/><F35/><W49/><G49/><T73/><D101/><AGARI ba="1,1" hai="8,9,10,84,85,87,98,101,105,132,135" m="41577" machi="101" ten="40,1300,0" yaku="14,1" doraHai="72" who="1" fromWho="0" sc="163,-16,240,26,240,0,347,0" /><INIT seed="3,0,0,3,2,4" ten="147,266,240,347" oya="3" hai0="1,108,129,60,64,115,83,41,96,38,58,133,103" hai1="104,44,32,26,40,125,123,24,47,51,12,48,61" hai2="10,126,81,112,71,106,127,67,15,73,39,0,19" hai3="50,119,35,135,85,131,100,20,27,116,16,59,114"/><W121/><G114/><T17/><D108/><U33/><E104/><V99/><F112/><W110/><G121/><T46/><D133/><U122/><E61/><V92/><F39/><W72/><G72/><T74/><D129/><U120/><E125/><V82/><F106/><W22/><G35/><T56/><D115/><U105/><E105/><V43/><F43/><W97/><G135/><T70/><D17/><U98/><E98/><V54/><F0/><W3/><G3/><T95/><REACH who="0" step="1"/><D1/><REACH who="0" ten="137,266,240,347" step="2"/><U36/><E123/><V57/><F19/><W130/><G110/><T76/><AGARI ba="0,1" hai="38,41,46,56,58,60,64,70,74,76,83,95,96,103" machi="76" ten="30,4000,0" yaku="1,1,2,1,0,1,53,0" doraHai="4" doraHaiUra="11" who="0" fromWho="0" sc="137,50,266,-10,240,-10,347,-20" /><INIT seed="4,0,0,0,0,119" ten="187,256,230,327" oya="0" hai0="66,96,104,1,41,128,35,12,130,23,118,87,4" hai1="86,51,55,54,9,44,75,28,122,78,99,125,25" hai2="127,61,67,102,60,107,8,3,27,134,77,31,7" hai3="58,98,111,14,42,32,17,133,90,16,2,65,46"/><T11/><D118/><U62/><E125/><V37/><F127/><W103/><G133/><T13/><D41/><U124/><E124/><V6/><F134/><W81/><G32/><T64/><D35/><U43/><E75/><V47/><F7/><W56/><G2/><T100/><D87/><U112/><E122/><V29/><F77/><W120/><G111/><T109/><D109/><U89/><E112/><V106/><F102/><W63/><G120/><T21/><D1/><U39/><E78/><V50/><F61/><W132/><G132/><T22/><REACH who="0" step="1"/><D13/><REACH who="0" ten="177,256,230,327" step="2"/><U108/><E108/><V113/><F3/><W97/><G14/><T34/><D34/><U0/><E99/><V71/><F113/><W83/><G97/><T135/><D135/><U40/><E0/><V49/><F37/><W117/><G117/><T80/><D80/><U72/><E72/><V38/><F38/><W91/><G83/><T24/><D24/><U30/><E25/><V93/><F27/><W116/><G81/><T52/><D52/><U84/><E84/><V74/><F74/><W5/><G116/><T59/><D59/><N who="1" m="35191" /><E40/><V48/><F71/><W36/><G58/><T114/><D114/><U123/><E43/><V20/><F67/><AGARI ba="0,1" hai="4,11,12,21,22,23,64,66,67,96,100,104,128,130" machi="67" ten="40,12000,1" yaku="1,1,53,3" doraHai="119" doraHaiUra="18" who="0" fromWho="2" sc="177,130,256,0,230,-120,327,0" /><INIT seed="4,1,0,2,1,126" ten="307,256,110,327" oya="0" hai0="68,35,11,2,133,47,57,44,32,76,23,71,115" hai1="12,56,48,129,98,128,95,33,4,6,91,102,65" hai2="17,38,36,21,16,119,82,69,94,67,111,134,79" hai3="135,75,61,93,106,121,81,80,64,14,63,39,5"/><T1/><D76/><U131/><E33/><V86/><F111/><W26/><G106/><T124/><D115/><U7/><E48/><V103/><F134/><W85/><G39/><T110/><D124/><U89/><REACH who="1" step="1"/><E12/><REACH who="1" ten="307,246,110,327" step="2"/><V99/><F119/><W130/><G14/><T132/><D110/><U87/><E87/><V97/><F97/><W92/><G85/><T72/><D72/><U113/><E113/><V19/><REACH who="2" step="1"/><F21/><REACH who="2" ten="307,246,100,327" step="2"/><W13/><G135/><T3/><D23/><U22/><E22/><V105/><F105/><W104/><G104/><T41/><D32/><U60/><AGARI ba="1,2" hai="4,6,7,56,60,65,89,91,95,98,102,128,129,131" machi="60" ten="40,12000,2" yaku="1,1,0,1,19,1,52,3,53,0" doraHai="126" doraHaiUra="112" who="1" fromWho="1" sc="307,-61,246,143,100,-31,327,-31" /><INIT seed="5,0,0,2,1,67" ten="246,389,69,296" oya="1" hai0="44,116,49,118,46,93,103,48,45,43,5,69,26" hai1="94,58,134,74,28,130,38,84,13,75,126,25,124" hai2="63,61,32,2,77,27,110,10,9,95,60,86,19" hai3="122,7,127,35,68,22,65,47,37,62,101,66,117"/><U72/><E38/><V39/><F110/><W107/><G22/><T16/><D5/><U132/><E13/><V42/><F39/><W18/><G18/><T40/><D69/><U20/><E58/><V6/><F42/><N who="3" m="22991" /><G7/><T55/><D116/><U115/><E115/><V73/><F73/><W125/><G122/><T105/><D105/><U70/><E70/><V23/><F32/><W56/><G66/><T82/><D118/><U29/><E29/><V114/><F114/><W121/><G121/><T21/><D82/><U3/><E3/><V108/><F108/><W30/><G56/><T78/><D78/><U41/><E41/><V14/><F77/><W111/><G111/><T76/><D76/><U113/><E113/><V51/><F51/><W97/><G117/><T135/><D135/><N who="1" m="51755" /><E130/><V34/><F34/><W98/><G98/><T102/><REACH who="0" step="1"/><D93/><REACH who="0" ten="236,389,69,296" step="2"/><U33/><E33/><V99/><F95/><W11/><G11/><T92/><D92/><U80/><E94/><V131/><F131/><W79/><G79/><AGARI ba="0,1" hai="20,25,28,72,74,75,79,80,84,124,126" m="51755" machi="79" ten="40,2000,0" yaku="20,1" doraHai="67" who="1" fromWho="3" sc="236,0,389,30,69,0,296,-20" /><INIT seed="5,1,0,4,3,34" ten="236,419,69,276" oya="1" hai0="88,104,101,21,82,114,55,74,68,99,135,64,103" hai1="25,23,128,133,124,42,48,29,69,54,131,4,111" hai2="37,125,26,121,132,134,73,2,116,130,51,3,118" hai3="109,13,120,15,127,81,38,83,115,91,31,75,6"/><U5/><E69/><V105/><F51/><W50/><G38/><T96/><D114/><U92/><E42/><V113/><F26/><W89/><G109/><T70/><D135/><N who="2" m="51754" /><F37/><W12/><G115/><T76/><D64/><U52/><E133/><V79/><F121/><W58/><G120/><T45/><D21/><U7/><E124/><V86/><F125/><W57/><G127/><T46/><D88/><N who="3" m="33865" /><G75/><T53/><D45/><U33/><E111/><V39/><F39/><W11/><G31/><T61/><D46/><U20/><E92/><V77/><F113/><W98/><G98/><T28/><D28/><U119/><E119/><N who="2" m="45611" /><F73/><W10/><G15/><T56/><REACH who="0" step="1"/><D55/><REACH who="0" ten="226,419,69,276" step="2"/><U117/><E54/><V0/><F130/><N who="1" m="49705" /><E117/><V85/><F105/><AGARI ba="1,1" hai="53,56,61,68,70,74,76,82,96,99,101,103,104,105" machi="105" ten="30,3900,0" yaku="1,1,7,1,9,1,53,0" doraHai="34" doraHaiUra="40" who="0" fromWho="2" sc="226,52,419,0,69,-42,276,0" /><INIT seed="6,0,0,2,1,36" ten="278,419,27,276" oya="2" hai0="16,85,132,105,60,101,43,74,13,117,3,75,128" hai1="39,38,29,118,7,103,102,69,114,94,32,12,4" hai2="119,63,122,109,33,99,130,54,1,82,14,9,92" hai3="57,66,26,35,88,21,23,104,55,121,58,106,59"/><V116/><F33/><W91/><G121/><T135/><D3/><U46/><E69/><V71/><F122/><W98/><G35/><T120/><D128/><U34/><E118/><V127/><F130/><W112/><G112/><T19/><D117/><U67/><E67/><V5/><F127/><W47/><G66/><T68/><D60/><U77/><E77/><V107/><F109/><W73/><G73/><T124/><D68/><U56/><E56/><V108/><F108/><W24/><G55/><T25/><D124/><U133/><E46/><V48/><F107/><N who="3" m="41003" /><G98/><T110/><D101/><U87/><E12/><V28/><F28/><W84/><G84/><T17/><D105/><U76/><E87/><V11/><F82/><W111/><G47/><T6/><D85/><U8/><E76/><V95/><F63/><W134/><G111/><T93/><D93/><U61/><E94/><V125/><F125/><W50/><G50/><T123/><D25/><N who="3" m="9833" /><G134/><N who="0" m="51243" /><D110/><U129/><E61/><V90/><F95/><W80/><G80/><T97/><D97/><U44/><E133/><V100/><F100/><W18/><G18/><T131/><D131/><U51/><E29/><V79/><F79/><W49/><G49/><T52/><D52/><U15/><E129/><V65/><F65/><W45/><G45/><T27/><D27/><U2/><E103/><V64/><F64/><W70/><G70/><T30/><D30/><U72/><E32/><V42/><F71/><W126/><G126/><T89/><D120/><U10/><E34/><V0/><F54/><W78/><G78/><T37/><D123/><RYUUKYOKU ba="0,0" sc="278,-10,419,-10,27,-10,276,30" hai3="21,23,57,58,59,88,91" /><INIT seed="7,1,0,5,5,95" ten="268,409,17,306" oya="3" hai0="135,0,8,76,19,47,116,127,109,107,91,18,4" hai1="122,20,58,71,101,38,35,66,83,78,102,129,56" hai2="125,73,87,60,81,33,24,31,98,82,99,120,68" hai3="90,119,39,108,124,15,50,117,93,97,70,134,103"/><W63/><G39/><T114/><D109/><U22/><E35/><V30/><F125/><W1/><G1/><T104/><D116/><U53/><E71/><V94/><F120/><W27/><G134/><T96/><D135/><U130/><E38/><V26/><F73/><W111/><G124/><T57/><D127/><U59/><E66/><V92/><F68/><W5/><G50/><T54/><D76/><U75/><E53/><V11/><F11/><N who="3" m="4591" /><G27/><T17/><D47/><U6/><E6/><V13/><F13/><W37/><G37/><T62/><REACH who="0" step="1"/><D114/><REACH who="0" ten="258,409,17,306" step="2"/><U113/><E113/><V79/><F60/><W64/><G90/><T45/><D45/><U2/><E78/><V28/><F28/><W67/><G64/><T88/><D88/><U85/><E122/><V9/><F9/><W12/><G12/><T7/><D7/><U106/><E2/><V48/><F79/><W77/><G77/><T32/><D32/><U42/><E75/><V46/><F46/><W40/><G40/><T14/><D14/><U44/><E44/><V29/><F29/><W3/><G3/><T121/><D121/><U86/><E42/><V49/><REACH who="2" step="1"/><F33/><REACH who="2" ten="258,409,7,306" step="2"/><W105/><G119/><T65/><D65/><U74/><E74/><V126/><F126/><W123/><G117/><T133/><D133/><U52/><E20/><V21/><F21/><W128/><G123/><T100/><D100/><U16/><E22/><V112/><F112/><W69/><G108/><T131/><D131/><U132/><E129/><V72/><F72/><W34/><G128/><T10/><D10/><U51/><E130/><RYUUKYOKU ba="1,2" sc="258,15,409,-15,7,15,306,-15" hai0="0,4,8,17,18,19,54,57,62,91,96,104,107" hai2="24,26,30,31,48,49,81,82,87,92,94,98,99" owari="273,-12.7,414,51.4,22,-47.8,291,9.1" /></mjloggm>