<mjloggm ver="2.3"><GO type="225" lobby="0"/><UN n0="%E3%81%8B%E3%82%8F%E3%81%A1%E3%82%83%E3%82%93%35%38" n1="%72%61%6B%33" n2="%E7%B4%94%E6%BD%94%E3%83%94%E3%83%A9%E3%83%8B%E3%82%A2" n3="%E3%81%A4%E3%81%A3%E3%81%B1%E3%82%8A%E3%83%9D%E3%83%BC%E3%83%AB" dan="16,16,16,17" rate="2147.80,2096.72,2192.16,2155.97" sx="M,M,M,M"/><TAIKYOKU oya="0"/><INIT seed="0,0,0,0,5,46" ten="250,250,250,250" oya="0" hai0="52,110,20,125,39,93,120,53,59,72,37,131,6" hai1="75,57,76,105,50,55,107,27,117,16,60,41,21" hai2="33,100,26,10,7,70,65,12,3,90,34,106,87" hai3="2,83,32,111,40,101,115,63,123,14,95,109,134"/><T80/><D120/><U56/><E117/><V108/><F108/><N who="3" m="41547" /><G123/><T67/><D110/><U48/><E41/><V47/><F70/><W135/><G2/><T22/><D125/><U44/><E44/><V24/><F65/><W49/><G32/><T9/><D131/><U133/><E133/><N who="3" m="50698" /><G115/><T113/><D113/><U64/><REACH who="1" step="1"/><E50/><REACH who="1" ten="250,240,250,250" step="2"/><V58/><F47/><N who="3" m="25831" /><G63/><T38/><D38/><U54/><E54/><V43/><F43/><W132/><G132/><T5/><D53/><U128/><E128/><V99/><F34/><W73/><G73/><T66/><D39/><U102/><E102/><V79/><F33/><W31/><G31/><T119/><D37/><U62/><E62/><V15/><F100/><W89/><G101/><T116/><D116/><U84/><E84/><V130/><F87/><N who="3" m="52671" /><G83/><AGARI ba="0,1" hai="16,21,27,48,55,56,57,60,64,75,76,83,105,107" machi="83" ten="40,5200,0" yaku="1,1,52,1,54,1,53,0" doraHai="46" doraHaiUra="1" who="1" fromWho="3" sc="250,0,240,62,250,0,250,-52" /><INIT seed="1,0,0,2,3,83" ten="250,302,250,198" oya="1" hai0="2,18,94,79,88,6,123,3,14,109,74,76,45" hai1="86,52,24,47,49,48,125,5,54,13,82,126,93" hai2="32,107,25,104,12,38,23,31,132,100,1,37,26" hai3="122,84,85,133,64,28,44,75,51,130,80,91,101"/><U53/><E24/><V56/><F1/><W19/><G122/><T42/><D109/><U116/><E116/><V17/><F132/><W72/><G133/><T105/><D105/><U20/><E93/><V87/><F56/><W55/><G130/><T46/><D123/><U9/><E20/><V120/><F120/><W113/><G113/><T63/><D3/><U71/><E71/><V50/><F50/><W34/><G101/><T92/><D2/><U118/><E118/><V95/><F100/><W103/><G103/><T65/><D6/><U41/><REACH who="1" step="1"/><E48/><REACH who="1" ten="250,292,250,198" step="2"/><V131/><F131/><W77/><G34/><T124/><D94/><U7/><E7/><V40/><F104/><W134/><G134/><T111/><D92/><U73/><E73/><V62/><F107/><W15/><G28/><T4/><D74/><U81/><E81/><V112/><F112/><W22/><G64/><T35/><D4/><U128/><E128/><V99/><F99/><W115/><G115/><T110/><D35/><U119/><E119/><V114/><F114/><W70/><G70/><T30/><D30/><U0/><E0/><V69/><F25/><W60/><REACH who="3" step="1"/><G60/><REACH who="3" ten="250,292,250,188" step="2"/><T129/><D63/><U11/><E11/><V16/><F62/><W61/><G61/><T96/><D129/><U90/><AGARI ba="0,2" hai="5,9,13,41,47,49,52,53,54,82,86,90,125,126" machi="90" ten="30,12000,1" yaku="1,1,0,1,52,1,54,1,53,1" doraHai="83" doraHaiUra="39" who="1" fromWho="1" sc="250,-40,292,140,250,-40,188,-40" /><INIT seed="1,1,0,3,4,4" ten="210,432,210,148" oya="1" hai0="30,68,95,109,18,62,97,106,5,28,54,6,24" hai1="20,11,96,45,46,123,52,27,105,79,13,87,42" hai2="59,38,19,125,0,84,83,14,115,33,75,130,99" hai3="92,121,122,98,57,71,110,31,48,114,37,132,113"/><U43/><E123/><N who="3" m="47114" /><G71/><T60/><D106/><U8/><E105/><V107/><F0/><W7/><G37/><T12/><D109/><U40/><E96/><V82/><F38/><W3/><G31/><T1/><D30/><N who="1" m="17767" /><E13/><V17/><F33/><W56/><G7/><T74/><D74/><U118/><E118/><V10/><F115/><W124/><G132/><T69/><D69/><U77/><E46/><V53/><F125/><W76/><G76/><N who="1" m="29258" /><E87/><V26/><F130/><W41/><G3/><T66/><D1/><U25/><E25/><V126/><F84/><W50/><G98/><T108/><D108/><U85/><E85/><V119/><F75/><W94/><G110/><T51/><D24/><U127/><E127/><V63/><F119/><W111/><G111/><T22/><D28/><U81/><E81/><V131/><F131/><W35/><G35/><T86/><D86/><U102/><E102/><V112/><F112/><N who="3" m="43115" /><G124/><T104/><D104/><U15/><E15/><V134/><F134/><W65/><G94/><T129/><D129/><U101/><E101/><V117/><F117/><W116/><G92/><T120/><D120/><U61/><E61/><V128/><F126/><W23/><G116/><T64/><D95/><U89/><E89/><V67/><F128/><W21/><G21/><T2/><D97/><U135/><E135/><V47/><F99/><W100/><G23/><T58/><D2/><U55/><E55/><V44/><F107/><W72/><G100/><T80/><D80/><N who="2" m="30762" /><F53/><N who="3" m="31783" /><G72/><T88/><D88/><U49/><AGARI ba="1,0" hai="8,11,40,42,43,45,49,52" m="29258,17767" machi="49" ten="30,11700,0" yaku="8,1,52,2,54,1" doraHai="4" who="1" fromWho="1" sc="210,-40,432,120,210,-40,148,-40" /><INIT seed="1,2,0,0,1,126" ten="170,552,170,108" oya="1" hai0="70,45,23,37,78,17,6,82,114,113,50,133,12" hai1="79,73,90,131,111,60,105,88,33,63,92,3,16" hai2="65,97,68,75,5,84,58,20,32,132,59,130,80" hai3="42,89,24,35,116,93,22,125,71,1,64,122,102"/><U38/><E38/><V31/><F132/><W9/><G122/><T47/><D70/><U74/><E105/><V99/><F75/><W123/><G123/><T14/><D133/><U36/><E36/><V109/><F32/><W10/><G125/><T51/><D37/><U77/><E33/><V53/><F5/><W128/><G35/><T87/><D50/><U104/><E104/><V18/><F31/><W135/><G102/><T95/><D47/><U100/><E100/><V110/><F68/><W57/><G71/><T107/><D95/><U26/><E3/><V40/><F40/><W96/><G1/><T115/><D107/><U49/><E49/><V85/><F65/><W30/><G135/><T66/><D66/><U52/><E111/><N who="2" m="42507" /><F85/><W61/><G116/><T117/><D117/><U118/><E118/><V103/><F130/><W124/><G124/><T56/><D56/><N who="2" m="21546" /><F53/><W129/><G42/><N who="0" m="25015" /><D114/><U29/><E29/><V44/><F44/><W127/><G127/><T13/><D115/><U4/><E4/><V27/><F103/><W0/><REACH who="3" step="1"/><G0/><REACH who="3" ten="170,552,170,98" step="2"/><T28/><D113/><U11/><E131/><AGARI ba="2,1" hai="9,10,22,24,30,57,61,64,89,93,96,128,129,131" machi="131" ten="40,12000,2" yaku="1,1,2,1,19,1,52,3,53,0" doraHai="126" doraHaiUra="69" who="3" fromWho="1" sc="170,0,552,-126,170,0,98,136" /><INIT seed="2,0,0,0,2,40" ten="170,426,170,234" oya="2" hai0="114,79,125,8,11,44,106,75,99,121,82,33,96" hai1="129,109,52,47,80,68,130,122,72,83,134,2,81" hai2="19,91,128,126,70,123,66,0,90,42,50,7,100" hai3="88,60,29,24,3,98,20,89,86,101,87,55,73"/><V110/><F123/><W116/><G116/><T76/><D121/><U21/><E122/><V113/><F113/><W117/><G117/><T22/><D114/><U14/><E2/><V28/><F126/><W15/><G3/><T12/><D33/><U38/><E68/><V56/><F128/><N who="1" m="49257" /><E109/><V62/><F110/><W105/><G73/><T84/><D125/><U10/><E134/><V45/><F19/><W31/><G31/><T5/><D106/><U93/><E93/><V71/><F28/><W124/><G124/><T43/><D22/><U9/><E72/><V131/><F100/><W6/><G6/><T41/><D41/><N who="1" m="22967" /><E52/><V23/><F131/><W118/><G118/><T78/><D11/><U48/><E48/><V85/><F23/><W54/><G60/><T32/><D32/><U59/><E59/><V95/><F0/><W102/><G102/><T63/><D63/><U135/><E135/><V103/><F103/><W94/><G15/><T18/><D18/><AGARI ba="0,0" hai="9,10,14,18,21,80,81,83" m="22967,49257" machi="18" ten="30,2000,0" yaku="19,1,52,1" doraHai="40" who="1" fromWho="0" sc="170,-20,426,20,170,0,234,0" /><INIT seed="3,0,0,2,5,20" ten="150,446,170,234" oya="3" hai0="114,67,59,14,45,84,124,77,69,19,31,127,50" hai1="101,40,131,122,21,91,80,42,120,112,135,100,27" hai2="15,47,88,52,93,32,82,48,53,71,0,29,46" hai3="111,81,72,34,129,107,73,117,126,106,37,75,98"/><W132/><G98/><T86/><D69/><U16/><E112/><V57/><F0/><W96/><G96/><T44/><D114/><U64/><E131/><V12/><F71/><W8/><G8/><T115/><D115/><U55/><E135/><V54/><F82/><W121/><G81/><T118/><D118/><U128/><E128/><V1/><F1/><W103/><G103/><T43/><D77/><U74/><E122/><V85/><F32/><W99/><G99/><T105/><D105/><U97/><E120/><V76/><F76/><W109/><G73/><T60/><D31/><U65/><E55/><N who="2" m="21003" /><F29/><W6/><G6/><T63/><D63/><U104/><E100/><V68/><F68/><W119/><G75/><T51/><D124/><U95/><E104/><V70/><F70/><W17/><G106/><T62/><D62/><U11/><E11/><V22/><F12/><W83/><G107/><T33/><D33/><U134/><E134/><V56/><F56/><W4/><G72/><T2/><D2/><U5/><E5/><V66/><F66/><N who="1" m="25705" /><E74/><V94/><F94/><W79/><G4/><T30/><D30/><U9/><E9/><V39/><F39/><W38/><G38/><T90/><D127/><U113/><E113/><V23/><F23/><W26/><G37/><T110/><D110/><U92/><E92/><V116/><F116/><W78/><G119/><T125/><D125/><U58/><E58/><V41/><F41/><N who="1" m="15977" /><E80/><V130/><F130/><W25/><G117/><T49/><D43/><U18/><E101/><V36/><F36/><W108/><G126/><RYUUKYOKU ba="0,0" sc="150,-15,446,15,170,15,234,-15" hai1="16,18,21,27,91,95,97" hai2="15,22,46,47,48,52,57,85,88,93" owari="135,-36.5,461,56.1,185,-21.5,219,1.9" /></mjloggm>