<mjloggm ver="2.3"><GO type="169" lobby="0"/><UN n0="%E3%81%95%E3%81%8F%E3%82%89%E3%81%88%E3%81%B3" n1="%61%6B%61%69%6B%69" n2="%E7%89%A7%E5%A0%B4%E3%81%AE%E5%B0%8F%E5%A5%B3" n3="%E3%81%BF%E3%81%8B%E3%82%93%EF%BC%A0%E3%82%8F%E3%81%8B%E3%82%81%E3%81%A6" dan="16,17,17,16" rate="2135.09,2202.38,2179.97,2140.75" sx="M,M,F,M"/><TAIKYOKU oya="0"/><INIT seed="0,0,0,0,4,60" ten="250,250,250,250" oya="0" hai0="4,135,131,118,116,34,42,51,125,121,95,43,0" hai1="72,16,104,107,52,110,129,59,85,53,99,77,49" hai2="22,17,58,132,13,40,126,93,2,119,50,9,11" hai3="41,19,94,105,30,31,79,18,111,91,7,75,83"/><T56/><D34/><U55/><E110/><V14/><F132/><W89/><G111/><T37/><D0/><U124/><E124/><V27/><F126/><W127/><G127/><T115/><D4/><U44/><E72/><V90/><F119/><N who="0" m="45610" /><D95/><U86/><E129/><V54/><F2/><W130/><G130/><T26/><D26/><U45/><E107/><V123/><F123/><W62/><G105/><T102/><D102/><U69/><E69/><V35/><F40/><N who="0" m="15402" /><D125/><U92/><E104/><V8/><REACH who="2" step="1"/><F35/><REACH who="2" ten="250,250,240,250" step="2"/><W87/><G41/><T29/><D121/><U133/><E133/><V1/><F1/><W5/><G5/><T64/><D135/><U134/><E134/><V28/><F28/><W113/><G7/><T117/><D37/><U71/><E45/><V21/><F21/><W66/><G31/><T101/><D117/><U128/><E44/><V36/><F36/><W57/><G30/><T120/><D29/><U46/><E46/><V98/><AGARI ba="0,1" hai="8,9,11,13,14,17,22,27,50,54,58,90,93,98" machi="98" ten="30,4000,0" yaku="1,1,0,1,8,1,53,0" doraHai="60" doraHaiUra="78" who="2" fromWho="2" sc="250,-20,250,-10,240,50,250,-10" /><INIT seed="1,0,0,5,3,15" ten="230,240,290,240" oya="1" hai0="36,6,11,8,37,27,85,80,63,123,117,65,114" hai1="79,9,108,14,133,50,7,31,94,125,92,17,118" hai2="90,111,1,33,100,93,43,91,42,40,86,95,55" hai3="49,115,26,59,130,107,77,35,106,132,87,32,20"/><U89/><E118/><V82/><F111/><W53/><G115/><T16/><D114/><U109/><E125/><V96/><F1/><W45/><G130/><T57/><D117/><U74/><E31/><V24/><F33/><W13/><G132/><T122/><D37/><U56/><E133/><V61/><F24/><W51/><G35/><T22/><D36/><U113/><E113/><V105/><F105/><W46/><G32/><T73/><D73/><U10/><E74/><V76/><F93/><W116/><G116/><T119/><D119/><U28/><E28/><V3/><F3/><W54/><G13/><T44/><D44/><U47/><E56/><AGARI ba="0,0" hai="40,42,43,55,56,61,76,82,86,90,91,95,96,100" machi="56" ten="40,1300,0" yaku="8,1" doraHai="15" who="2" fromWho="1" sc="230,0,240,-13,290,13,240,0" /><INIT seed="2,0,0,0,0,129" ten="230,227,303,240" oya="2" hai0="110,109,108,70,32,97,80,59,92,47,5,130,0" hai1="71,73,131,39,122,74,123,62,75,64,93,49,95" hai2="55,83,102,13,12,91,34,66,4,45,25,52,60" hai3="105,114,19,22,48,35,88,119,78,125,43,87,128"/><V9/><F102/><W40/><G119/><T82/><D70/><U21/><E39/><V121/><F121/><N who="1" m="46089" /><E131/><V54/><F12/><W85/><G128/><T42/><D130/><U89/><E89/><V61/><F45/><W84/><G35/><T16/><D32/><U37/><E37/><V133/><F133/><W27/><G125/><T100/><D59/><U127/><E127/><V53/><N who="2" m="13312" /><DORA hai="24" /><V3/><F3/><W90/><G114/><T98/><D98/><U30/><E49/><V106/><F106/><W72/><G105/><T8/><REACH who="0" step="1"/><D16/><REACH who="0" ten="220,227,303,240" step="2"/><U46/><E46/><V29/><REACH who="2" step="1"/><F66/><REACH who="2" ten="220,227,293,240" step="2"/><W107/><G107/><T67/><D67/><U10/><E10/><V132/><F132/><W63/><G27/><AGARI ba="0,2" hai="21,27,30,62,64,71,73,74,75,93,95" m="46089" machi="27" ten="40,2600,0" yaku="13,1,52,1" doraHai="129,24" who="1" fromWho="3" sc="220,0,227,46,293,0,240,-26" /><INIT seed="3,0,0,4,2,68" ten="220,273,293,214" oya="3" hai0="64,28,51,76,79,135,123,6,90,57,29,59,91" hai1="3,39,107,63,84,21,113,55,23,1,24,67,120" hai2="129,95,53,117,80,40,75,41,31,65,54,8,71" hai3="126,20,18,9,13,7,27,118,45,62,2,133,92"/><W11/><G118/><T42/><D123/><U50/><E113/><V58/><F31/><W74/><G133/><T114/><D135/><U5/><E120/><V132/><F95/><W19/><G126/><T34/><D114/><U25/><E107/><V36/><F8/><W125/><G125/><T85/><D6/><U81/><E23/><V43/><F80/><W44/><G74/><T17/><D17/><U124/><E124/><V108/><F75/><W35/><G35/><T103/><D103/><U89/><E39/><V38/><F132/><W115/><G115/><T112/><D112/><U61/><E25/><V106/><F106/><W104/><G104/><T100/><D100/><U119/><E119/><V121/><F121/><W96/><REACH who="3" step="1"/><G62/><REACH who="3" ten="220,273,293,204" step="2"/><T86/><D34/><U101/><E61/><V14/><F117/><W122/><G122/><T48/><REACH who="0" step="1"/><D42/><REACH who="0" ten="210,273,293,204" step="2"/><U93/><E101/><AGARI ba="0,2" hai="2,7,9,11,13,18,19,20,27,44,45,92,96,101" machi="101" ten="30,2900,0" yaku="1,1,7,1,53,0" doraHai="68" doraHaiUra="116" who="3" fromWho="1" sc="210,0,273,-29,293,0,204,49" /><INIT seed="3,1,0,3,4,57" ten="210,244,293,253" oya="3" hai0="100,72,35,97,31,103,134,73,56,111,120,135,10" hai1="34,37,26,59,96,93,62,23,83,51,4,42,53" hai2="60,38,86,88,18,112,2,104,122,14,17,39,74" hai3="114,123,118,25,87,64,115,94,95,68,69,126,12"/><W13/><G118/><T28/><D111/><U121/><E121/><V133/><F2/><W92/><G123/><T0/><D120/><U36/><E34/><V7/><F74/><W3/><G3/><T41/><D41/><U131/><E131/><V129/><F112/><W81/><G126/><T85/><D85/><U11/><E83/><V44/><F104/><W82/><G25/><T66/><D10/><U24/><E42/><V110/><F122/><W119/><G119/><T65/><D0/><U67/><E37/><V102/><F102/><W106/><G106/><T101/><D56/><U1/><E36/><V9/><F133/><N who="0" m="50698" /><D97/><U90/><REACH who="1" step="1"/><E23/><REACH who="1" ten="210,234,293,253" step="2"/><V52/><F129/><W45/><G82/><T108/><D35/><U75/><E75/><N who="0" m="28745" /><D108/><U99/><E99/><V15/><F110/><W19/><G115/><T89/><D89/><U5/><E5/><V76/><F7/><W20/><G114/><T43/><D43/><U105/><E105/><V80/><F88/><W107/><G107/><T91/><D91/><U21/><E21/><N who="2" m="11447" /><F39/><W84/><G95/><T22/><D22/><U8/><E8/><V78/><F38/><W61/><G94/><T47/><D47/><AGARI ba="1,1" hai="1,4,11,24,26,47,51,53,59,62,67,90,93,96" machi="47" ten="30,3900,0" yaku="1,1,7,1,52,1,53,0" doraHai="57" doraHaiUra="109" who="1" fromWho="0" sc="210,-42,234,52,293,0,253,0" /><INIT seed="4,0,0,0,5,5" ten="168,286,293,253" oya="0" hai0="53,59,116,88,131,78,114,64,105,77,18,91,107" hai1="10,45,44,102,39,11,19,60,92,97,66,111,98" hai2="25,2,30,109,100,106,48,132,46,79,96,29,74" hai3="26,84,21,13,56,87,15,129,50,95,34,6,58"/><T28/><D116/><U81/><E111/><V125/><F109/><W41/><G129/><T7/><D131/><U90/><E39/><V51/><F74/><W54/><G34/><T85/><D107/><U67/><E81/><V27/><F79/><N who="0" m="30218" /><D105/><U126/><E126/><V3/><F132/><W135/><G41/><T16/><D64/><N who="1" m="24619" /><E60/><V123/><F123/><W121/><G121/><T47/><D47/><N who="1" m="17995" /><E19/><N who="0" m="7209" /><D114/><U134/><E134/><V119/><F125/><W31/><G135/><T122/><D122/><U110/><E110/><V57/><F119/><W55/><G95/><AGARI ba="0,0" hai="10,11,90,92,95,97,98,102" m="17995,24619" machi="95" ten="30,3900,0" yaku="8,1,52,2" doraHai="5" who="1" fromWho="3" sc="168,0,286,39,293,0,253,-39" /><INIT seed="5,0,0,0,1,14" ten="168,325,293,214" oya="1" hai0="78,29,18,122,93,62,72,95,82,68,64,89,55" hai1="77,46,10,47,6,105,114,37,13,135,102,66,96" hai2="17,73,9,34,109,52,19,115,25,71,101,111,126" hai3="54,27,32,4,121,45,1,108,129,3,131,49,94"/><U36/><E114/><V120/><F120/><W61/><G121/><T117/><D122/><U50/><E135/><V110/><F71/><W39/><G108/><T42/><D117/><U97/><E66/><V16/><F73/><W103/><G39/><T132/><D132/><U28/><E77/><V76/><F76/><W51/><G61/><T44/><D29/><U104/><E28/><V48/><F101/><W20/><G32/><T134/><D134/><U58/><E58/><V119/><F119/><W133/><G133/><T100/><D100/><U23/><E23/><V112/><F126/><W11/><G3/><T125/><D125/><U41/><E104/><V116/><F116/><W123/><G123/><T65/><D65/><U40/><REACH who="1" step="1"/><E97/><REACH who="1" ten="168,315,293,214" step="2"/><V8/><F34/><W12/><G20/><T106/><D106/><U92/><E92/><V90/><F25/><W83/><G27/><T30/><D30/><U38/><AGARI ba="0,1" hai="6,10,13,36,37,38,40,41,46,47,50,96,102,105" machi="38" ten="20,3900,0" yaku="1,1,0,1,7,1,53,0" doraHai="14" doraHaiUra="91" who="1" fromWho="1" sc="168,-13,315,49,293,-13,214,-13" /><INIT seed="5,1,0,0,4,24" ten="155,364,280,201" oya="1" hai0="122,48,129,23,39,68,78,107,3,0,116,96,124" hai1="47,37,75,50,104,52,57,112,69,99,133,109,41" hai2="130,21,15,51,61,70,12,58,53,77,86,79,56" hai3="27,64,8,33,46,100,72,29,126,123,97,71,98"/><U131/><E75/><V89/><F70/><W45/><G123/><T10/><D96/><U85/><E112/><V35/><F35/><W36/><G126/><T66/><D78/><U7/><E131/><V55/><F130/><W80/><G36/><T101/><D101/><U20/><E133/><V1/><F1/><W22/><G98/><T125/><D48/><U113/><E113/><V63/><F51/><W88/><G8/><T5/><D66/><U84/><E109/><V34/><F34/><W87/><G72/><T42/><D42/><U32/><E32/><V26/><F77/><W16/><G64/><T114/><D23/><U59/><E69/><V92/><REACH who="2" step="1"/><F79/><REACH who="2" ten="155,364,270,201" step="2"/><W82/><G71/><T83/><D3/><U65/><E50/><V13/><F13/><W76/><G76/><T28/><D129/><U119/><E37/><V81/><F81/><W14/><REACH who="3" step="1"/><G80/><REACH who="3" ten="155,364,270,191" step="2"/><T106/><D83/><U121/><E121/><V95/><F95/><AGARI ba="1,2" hai="14,16,22,27,29,33,45,46,82,87,88,95,97,100" machi="95" ten="30,12000,2" yaku="1,1,2,1,7,1,52,1,54,2,53,0" doraHai="24" doraHaiUra="118" who="3" fromWho="2" sc="155,0,364,0,270,-123,191,143" /><INIT seed="6,0,0,1,3,80" ten="155,364,147,334" oya="2" hai0="1,91,62,27,15,31,34,95,48,118,49,59,93" hai1="111,131,112,11,57,103,106,82,73,32,64,71,33" hai2="70,122,113,21,47,56,17,46,13,65,24,97,99" hai3="66,101,0,105,8,100,135,50,129,107,25,39,2"/><V98/><F122/><W89/><G39/><T130/><D1/><U92/><E92/><V119/><F119/><W54/><G135/><T44/><D130/><U83/><E57/><V116/><F116/><W88/><G66/><T18/><D118/><U75/><E111/><V127/><F113/><W52/><G50/><T30/><D30/><U124/><E82/><V115/><F115/><W87/><G8/><T60/><D93/><U126/><E11/><V12/><F70/><W43/><G43/><T94/><D95/><U67/><E112/><V120/><F127/><N who="1" m="48681" /><E67/><V51/><F120/><W58/><G58/><T134/><D134/><U74/><E83/><V40/><REACH who="2" step="1"/><F47/><REACH who="2" ten="155,364,137,334" step="2"/><W81/><G129/><T117/><D117/><U7/><E71/><V109/><F109/><W125/><G125/><T68/><D68/><U45/><E45/><V108/><F108/><W14/><G107/><T132/><D132/><U23/><E106/><V90/><F90/><W53/><G89/><T102/><D44/><U121/><E131/><V10/><F10/><W72/><G105/><T76/><D102/><U42/><E103/><V86/><F86/><W69/><G69/><T36/><D76/><U16/><E121/><V35/><F35/><W28/><G101/><T37/><D91/><U78/><E78/><V114/><F114/><W4/><G100/><T55/><D94/><U110/><E110/><V6/><F6/><W41/><G4/><T133/><D133/><U20/><E7/><V38/><F38/><N who="0" m="14954" /><D49/><U79/><E79/><V84/><F84/><W22/><G88/><T85/><D85/><RYUUKYOKU ba="0,1" sc="155,15,364,-15,137,15,334,-15" hai0="15,18,27,31,34,48,55,59,60,62" hai2="12,13,17,21,24,40,46,51,56,65,97,98,99" /><INIT seed="6,1,1,3,4,40" ten="170,349,152,319" oya="2" hai0="77,89,74,70,112,96,8,68,27,5,91,76,116" hai1="75,110,129,109,14,66,65,115,45,84,92,133,101" hai2="47,124,80,61,99,23,97,13,42,67,59,90,52" hai3="30,46,4,114,39,29,11,56,85,48,20,1,117"/><V50/><F124/><W41/><G117/><T120/><D120/><U93/><E75/><V22/><F42/><W57/><G114/><T119/><D112/><U36/><E115/><V51/><F51/><W33/><G33/><T60/><D27/><U7/><E129/><V53/><F67/><W87/><G57/><T108/><D108/><U127/><E127/><V34/><F34/><W83/><G87/><T58/><D58/><U12/><E133/><V54/><F54/><W62/><G20/><N who="2" m="7721" /><F13/><W121/><G39/><T107/><D107/><U125/><E125/><V98/><F80/><W131/><G131/><T0/><D74/><U95/><E14/><V103/><F103/><W26/><G26/><T64/><D70/><U88/><E66/><V132/><F132/><W71/><G71/><T94/><REACH who="0" step="1"/><D91/><AGARI ba="1,1" hai="47,50,52,53,59,61,90,91,97,98,99" m="7721" machi="91" ten="30,5800,0" yaku="8,1,52,1,54,1" doraHai="40" who="2" fromWho="0" sc="170,-61,349,0,152,71,319,0" /><INIT seed="6,2,0,1,1,120" ten="109,349,223,319" oya="2" hai0="99,26,3,48,105,69,90,16,36,124,95,127,83" hai1="58,39,84,121,59,86,19,126,107,118,77,131,38" hai2="49,27,32,87,104,68,12,11,70,46,24,60,81" hai3="113,114,115,102,8,65,30,41,74,29,88,52,89"/><V15/><F104/><W130/><G130/><T0/><D36/><U85/><E118/><V122/><F122/><W54/><G74/><T37/><D37/><U47/><E121/><V40/><F12/><W133/><G133/><T76/><D69/><U25/><E107/><V108/><F108/><W119/><G119/><T63/><D63/><U57/><E126/><N who="0" m="48169" /><D105/><U10/><E131/><V72/><F72/><W93/><G41/><T53/><D76/><U34/><E34/><V103/><F103/><W35/><G65/><T4/><D83/><U28/><E28/><N who="3" m="10858" /><G35/><T2/><D4/><U13/><E25/><V97/><F32/><W6/><G102/><T134/><D134/><U7/><E77/><N who="2" m="46511" /><F97/><N who="3" m="57511" /><G89/><T128/><D128/><U55/><E7/><N who="2" m="3583" /><F70/><W101/><G101/><T66/><D66/><AGARI ba="2,0" hai="24,27,40,46,49,60,66,68" m="3583,46511" machi="66" ten="30,1500,0" yaku="25,1" doraHai="120" who="2" fromWho="0" sc="109,-21,349,0,223,21,319,0" /><INIT seed="6,3,0,3,0,89" ten="88,349,244,319" oya="2" hai0="75,85,68,91,115,52,31,61,59,14,58,57,107" hai1="96,56,132,129,98,133,95,53,73,135,44,128,28" hai2="102,114,62,4,123,112,105,120,93,76,18,5,51" hai3="84,42,108,20,26,72,69,2,104,82,34,78,49"/><V65/><F76/><W0/><G108/><T126/><D115/><N who="2" m="44074" /><F105/><W54/><G69/><T19/><D126/><U70/><E70/><N who="2" m="42295" /><F18/><W37/><G34/><T64/><D75/><U119/><E119/><V94/><F51/><W36/><G104/><T50/><D31/><U127/><E28/><V29/><F29/><W77/><G72/><T79/><D79/><U63/><E73/><V32/><F102/><W1/><G42/><T43/><D43/><U100/><E127/><V111/><F32/><W113/><G77/><T103/><D103/><N who="1" m="60831" /><E44/><V90/><F111/><W60/><G60/><T97/><D97/><U23/><E23/><V130/><F130/><W121/><G121/><N who="2" m="46665" /><F90/><W87/><G113/><T116/><D116/><U124/><E124/><V55/><F55/><W131/><G131/><T30/><D30/><U15/><E15/><V83/><F83/><W24/><G24/><T118/><D118/><U17/><E17/><V48/><F48/><W27/><G26/><T66/><D66/><U6/><E6/><AGARI ba="3,0" hai="4,5,6,93,94" m="46665,42295,44074" machi="6" ten="30,5800,0" yaku="15,1,52,2" doraHai="89" who="2" fromWho="1" sc="88,0,349,-67,244,67,319,0" /><INIT seed="6,4,0,3,1,59" ten="88,282,311,319" oya="2" hai0="37,100,109,45,69,77,123,9,27,22,34,96,38" hai1="28,108,133,2,61,40,44,99,85,47,71,70,119" hai2="54,4,15,7,74,111,122,35,107,126,114,101,134" hai3="95,66,17,129,63,68,6,64,33,48,76,0,120"/><V91/><F122/><W130/><G120/><T97/><D109/><U75/><E75/><V23/><F35/><W65/><G33/><T30/><D123/><U106/><E108/><V24/><F74/><W98/><G76/><T132/><D132/><U117/><E2/><V127/><F111/><W19/><G48/><T124/><D124/><U56/><E28/><V118/><F118/><N who="1" m="45065" /><E85/><V55/><F101/><W128/><G65/><T39/><D96/><U80/><E80/><V93/><F107/><W51/><G51/><T16/><D77/><U78/><E78/><V43/><F43/><W113/><G113/><T104/><D9/><U58/><E99/><V18/><F114/><W14/><G66/><T26/><REACH who="0" step="1"/><D69/><REACH who="0" ten="78,282,311,319" step="2"/><U82/><E70/><V25/><F134/><W49/><G98/><T42/><AGARI ba="4,1" hai="16,22,26,27,30,34,37,38,39,42,45,97,100,104" machi="42" ten="30,8000,1" yaku="1,1,2,1,0,1,54,1,53,1" doraHai="59" doraHaiUra="102" who="0" fromWho="0" sc="78,102,282,-24,311,-44,319,-24" /><INIT seed="7,0,0,2,3,33" ten="180,258,267,295" oya="3" hai0="71,104,56,129,112,32,45,133,7,122,120,82,6" hai1="15,1,30,16,124,44,41,86,117,4,34,74,17" hai2="53,119,20,97,95,116,114,65,29,67,130,89,5" hai3="88,66,108,40,96,107,77,68,0,121,125,39,73"/><W80/><G121/><T101/><D71/><U48/><E74/><V60/><F65/><W28/><G0/><T9/><D32/><U132/><E132/><V103/><F53/><W79/><G28/><T135/><D104/><U84/><E124/><V128/><F5/><W37/><G125/><T98/><D82/><U24/><E117/><V10/><F10/><W92/><G108/><T134/><D129/><N who="2" m="49770" /><F114/><W78/><G107/><T69/><D69/><U21/><REACH who="1" step="1"/><E16/><REACH who="1" ten="180,248,267,295" step="2"/><V93/><F116/><W127/><G127/><T12/><D112/><U11/><AGARI ba="0,1" hai="1,4,11,15,17,21,24,30,34,41,44,48,84,86" machi="11" ten="30,12000,2" yaku="1,1,2,1,0,1,24,2,52,1,53,1" doraHai="33" doraHaiUra="23" who="1" fromWho="1" sc="180,-30,248,130,267,-30,295,-60" owari="150,-35.0,378,47.8,237,3.7,235,-16.5" /></mjloggm>