<mjloggm ver="2.3"><GO type="225" lobby="0"/><UN n0="%E3%81%94%E3%83%BC%E3%81%A9%E3%82%93" n1="%E3%81%AF%E3%82%88%E3%81%8A%E3%81%98%E3%81%95%E3%82%93" n2="%E3%81%BF%E3%81%BF%E3%81%9A" n3="%E3%81%82%E3%81%84%E3%81%82%E3%81%8A%E3%81%84" dan="16,16,17,18" rate="2100.93,2200.65,2253.49,2216.23" sx="M,M,M,M"/><TAIKYOKU oya="0"/><INIT seed="0,0,0,2,4,27" ten="250,250,250,250" oya="0" hai0="38,17,18,84,115,105,39,132,44,35,116,72,12" hai1="131,110,86,70,74,36,56,32,30,55,117,11,78" hai2="2,92,95,114,99,41,101,1,97,65,22,62,49" hai3="102,58,85,13,9,96,53,93,14,50,89,68,21"/><T120/><D72/><U16/><E117/><V47/><F114/><W100/><G68/><T113/><D84/><U107/><E70/><V23/><F1/><W46/><G46/><T126/><D44/><U26/><E107/><V71/><REACH who="2" step="1"/><F2/><REACH who="2" ten="250,250,240,250" step="2"/><W15/><G21/><T4/><D115/><U6/><E32/><V134/><F134/><W73/><G73/><T94/><D35/><U5/><E74/><V28/><F28/><W40/><G40/><T59/><D132/><U63/><E30/><V90/><AGARI ba="0,1" hai="22,23,41,47,49,62,65,71,90,92,95,97,99,101" machi="90" ten="20,2700,0" yaku="1,1,0,1,7,1,53,0" doraHai="27" doraHaiUra="33" who="2" fromWho="2" sc="250,-13,250,-7,240,37,250,-7" /><INIT seed="1,0,0,0,1,57" ten="237,243,277,243" oya="1" hai0="116,92,111,8,71,133,105,77,73,24,27,23,83" hai1="88,75,80,131,110,37,132,55,3,97,7,40,91" hai2="69,135,14,47,1,113,106,63,123,81,86,90,41" hai3="62,101,6,31,25,72,20,58,74,61,30,127,22"/><U87/><E131/><V0/><F123/><W2/><G127/><T67/><D116/><U49/><E132/><V5/><F106/><W108/><G108/><T115/><D105/><U84/><E110/><V70/><F135/><W50/><G101/><T33/><D111/><U120/><E120/><V112/><F14/><W66/><G50/><T46/><D115/><N who="2" m="44106" /><F5/><W124/><G124/><T65/><D33/><U99/><E75/><V9/><F9/><W54/><G2/><N who="2" m="1129" /><F63/><W114/><G6/><T85/><D8/><U68/><E68/><V11/><F11/><W126/><G126/><T98/><D133/><U125/><E125/><V42/><F42/><W89/><G114/><T60/><D73/><U64/><E64/><V117/><F117/><W59/><G89/><T18/><D65/><U134/><E134/><V21/><F21/><W94/><G94/><T102/><REACH who="0" step="1"/><D46/><REACH who="0" ten="227,243,277,243" step="2"/><N who="1" m="23823" /><E3/><V129/><F129/><W19/><REACH who="3" step="1"/><G31/><REACH who="3" ten="227,243,277,233" step="2"/><T36/><D36/><AGARI ba="0,2" hai="36,41,47,69,70,81,86,90" m="1129,44106" machi="36" ten="30,1000,0" yaku="11,1" doraHai="57" who="2" fromWho="0" sc="227,-10,243,0,277,30,233,0" /><INIT seed="2,0,0,1,5,88" ten="217,243,307,233" oya="2" hai0="35,72,41,118,8,59,92,18,63,97,83,49,78" hai1="23,126,103,91,133,17,75,39,89,113,68,40,26" hai2="43,6,12,10,13,2,99,64,52,21,65,112,105" hai3="108,50,124,14,45,73,87,61,46,74,22,44,67"/><V47/><F112/><W29/><G108/><T119/><D35/><U95/><E113/><V62/><F105/><W77/><G124/><T109/><D109/><U4/><E75/><V71/><F65/><W116/><G116/><T56/><D8/><U70/><E126/><V0/><F99/><W86/><G50/><T82/><D18/><U27/><E133/><V80/><F0/><W135/><G135/><T123/><D123/><U84/><E103/><V131/><F131/><W7/><G7/><T28/><D28/><U32/><E4/><V132/><F132/><W25/><G14/><T125/><D83/><U110/><E110/><V134/><F21/><W101/><G101/><T55/><D125/><U98/><E40/><V100/><F100/><W81/><REACH who="3" step="1"/><G74/><REACH who="3" ten="217,243,307,223" step="2"/><T107/><D107/><U30/><REACH who="1" step="1"/><E39/><REACH who="1" ten="217,233,307,223" step="2"/><V53/><F134/><W1/><G1/><T34/><D119/><U127/><E127/><V58/><F2/><W24/><G24/><T115/><D118/><U121/><E121/><V120/><F120/><W38/><G38/><T36/><D36/><U102/><E102/><V94/><F6/><W130/><G130/><T90/><D115/><U31/><E31/><V122/><F122/><W57/><AGARI ba="0,2" hai="22,25,29,44,45,46,57,61,67,73,77,81,86,87" machi="57" ten="30,4000,0" yaku="1,1,0,1,53,1" doraHai="88" doraHaiUra="19" who="3" fromWho="3" sc="217,-10,233,-10,307,-20,223,60" /><INIT seed="3,0,0,1,4,9" ten="207,223,287,283" oya="3" hai0="91,57,4,120,3,39,8,40,1,96,32,18,67" hai1="133,85,41,56,132,92,19,121,24,16,123,17,50" hai2="26,107,30,93,105,65,58,118,62,101,112,44,37" hai3="111,119,12,95,43,103,124,70,86,63,45,42,130"/><W59/><G119/><T0/><D120/><U72/><E72/><V129/><F112/><W66/><G124/><T125/><D125/><U106/><E106/><V38/><F118/><W54/><G130/><T77/><D32/><U113/><E113/><V117/><F117/><W135/><G135/><N who="1" m="51786" /><E24/><V48/><F129/><W122/><G122/><T98/><D77/><U69/><E69/><V55/><F93/><W116/><G116/><T20/><D40/><U104/><E104/><V15/><F15/><W68/><G111/><T114/><D39/><U110/><E110/><V71/><F101/><W21/><G70/><T10/><D10/><U109/><E109/><V14/><F14/><W134/><G134/><T102/><D114/><U53/><E41/><N who="3" m="15370" /><G68/><T35/><D35/><U34/><E34/><N who="2" m="20823" /><F107/><W128/><G128/><T13/><D102/><U51/><E50/><V61/><F105/><W108/><G108/><T127/><D127/><U76/><E76/><V31/><F31/><W25/><G25/><T126/><D126/><U79/><E79/><V84/><F37/><W80/><G103/><T73/><D73/><U46/><E46/><V64/><F38/><W82/><G95/><T75/><D75/><U83/><E83/><N who="3" m="31786" /><G86/><T7/><D7/><U23/><E23/><V6/><F84/><W87/><G87/><T60/><D98/><U22/><E22/><V89/><F6/><W11/><G21/><T49/><D49/><U36/><E36/><V115/><F115/><W74/><G74/><T78/><D78/><U5/><E5/><V100/><F100/><W47/><G54/><RYUUKYOKU ba="0,0" sc="207,0,223,0,287,0,283,0" hai0="0,1,3,4,8,13,18,20,57,60,67,91,96" hai1="16,17,19,51,53,56,85,92,121,123" hai2="44,48,55,58,61,62,64,65,71,89" hai3="11,12,45,47,59,63,66" /><INIT seed="3,1,0,0,5,66" ten="207,223,287,283" oya="3" hai0="19,38,135,114,109,2,35,118,6,62,98,49,126" hai1="133,57,85,55,63,22,99,21,106,3,7,56,13" hai2="100,37,87,59,116,5,50,40,33,47,81,16,102" hai3="41,80,48,45,12,27,79,18,44,108,96,30,39"/><W95/><G108/><T34/><D118/><U125/><E3/><V42/><F33/><W20/><G39/><T93/><D38/><U121/><E121/><V92/><F116/><W128/><G128/><T124/><D109/><U104/><E125/><N who="0" m="48233" /><D135/><U8/><E133/><V61/><F5/><W112/><G112/><T0/><D114/><U67/><E104/><V76/><F42/><W36/><G36/><T46/><D19/><U132/><E132/><V31/><F31/><W1/><G1/><N who="0" m="619" /><D62/><U110/><E110/><V134/><F134/><W52/><G41/><N who="0" m="24783" /><D6/><U69/><E57/><V28/><F28/><W25/><G45/><T70/><D70/><U123/><E123/><V107/><F107/><W129/><G30/><T68/><D68/><U73/><E73/><V103/><F16/><W24/><G129/><T120/><D120/><U122/><E122/><V91/><F37/><W86/><G12/><T90/><AGARI ba="1,0" hai="34,35,90,93,98" m="24783,619,48233" machi="90" ten="30,1100,0" yaku="18,1" doraHai="66" who="0" fromWho="0" sc="207,14,223,-4,287,-4,283,-6" /><INIT seed="4,0,0,2,0,9" ten="221,219,283,277" oya="0" hai0="123,33,110,3,35,28,99,72,61,128,44,64,5" hai1="92,119,56,1,10,50,37,53,90,91,46,95,26" hai2="112,43,30,77,68,125,118,55,34,59,42,12,86" hai3="18,81,4,83,103,67,76,41,117,74,49,31,132"/><T7/><D123/><U21/><E119/><V106/><F68/><W15/><G117/><T29/><D72/><U14/><E1/><V84/><F106/><W51/><G132/><T79/><D79/><U48/><E37/><V36/><F36/><W17/><G31/><N who="0" m="11851" /><D44/><U73/><E73/><V47/><F30/><W27/><G103/><T20/><D99/><U60/><E21/><V69/><F69/><W63/><G83/><T129/><D61/><U6/><E26/><V114/><F34/><N who="0" m="12810" /><D64/><U16/><E6/><N who="0" m="2057" /><D3/><U87/><E46/><V93/><F77/><W120/><G120/><T82/><D82/><U88/><E91/><V75/><F47/><W89/><G89/><T22/><D110/><U58/><E56/><V97/><F59/><W52/><G81/><T85/><D85/><AGARI ba="0,0" hai="10,14,16,48,50,53,58,60,85,87,88,90,92,95" machi="85" ten="30,12000,2" yaku="7,1,9,1,8,1,52,1,54,2" doraHai="9" who="1" fromWho="0" sc="221,-120,219,120,283,0,277,0" owari="101,-39.9,339,43.9,283,8.3,277,-12.3" /></mjloggm>