<mjloggm ver="2.3"><GO type="169" lobby="0"/><UN n0="%E3%83%A8%E3%83%BC%E3%83%BB%E3%83%9E%E3%82%A4%E3%82%AB" n1="%E4%B8%8B%E7%B4%9A%E5%9B%BD%E6%B0%91" n2="%6F%6B%61%62%65%73%68%69" n3="%E3%82%BF%E3%82%A4%E4%BA%BA%EF%BC%A0%E3%83%90%E3%83%B3%E3%82%B3%E3%82%AF" dan="17,17,17,16" rate="2175.68,2139.73,2220.87,2156.47" sx="M,M,M,M"/><TAIKYOKU oya="0"/><INIT seed="0,0,0,5,1,86" ten="250,250,250,250" oya="0" hai0="59,93,8,52,115,56,7,75,23,37,120,43,113" hai1="109,102,60,76,132,17,69,32,105,104,118,124,21" hai2="1,108,98,82,95,101,125,33,55,135,29,73,123" hai3="89,2,78,16,13,129,3,38,71,65,114,45,10"/><T14/><D120/><U35/><E118/><V79/><F123/><W84/><G114/><T54/><D75/><U40/><E40/><V87/><F1/><W99/><G129/><T31/><D37/><U51/><E51/><V66/><F125/><W133/><G133/><T68/><D68/><U97/><E105/><V28/><F135/><W19/><G65/><T77/><D43/><U25/><E132/><V122/><F122/><W9/><G71/><T63/><D77/><U44/><E44/><V58/><F108/><W36/><G99/><T83/><D83/><U88/><E76/><V5/><F5/><W100/><G100/><T111/><D111/><U92/><E109/><V53/><F33/><W80/><G45/><T20/><D93/><U15/><E124/><V27/><F28/><W116/><G116/><T70/><D70/><U42/><E42/><V50/><F73/><W62/><G62/><T12/><D31/><U103/><E103/><V134/><F134/><W96/><G3/><T74/><D74/><U91/><E15/><V34/><F50/><W72/><G96/><T119/><D119/><U112/><E112/><V107/><F107/><W117/><G117/><T26/><D26/><U85/><REACH who="1" step="1"/><E91/><REACH who="1" ten="250,240,250,250" step="2"/><V121/><F121/><W131/><G131/><T127/><D127/><U46/><E46/><V41/><F41/><W48/><G48/><T106/><D106/><U39/><E39/><V67/><F53/><W47/><G47/><T61/><D12/><U11/><E11/><V4/><F4/><W126/><G126/><T64/><D54/><U94/><E94/><RYUUKYOKU ba="0,1" sc="250,10,240,10,250,10,250,-30" hai0="7,8,14,20,23,52,56,59,61,63,64,113,115" hai1="17,21,25,32,35,60,69,85,88,92,97,102,104" hai2="27,29,34,55,58,66,67,79,82,87,95,98,101" /><INIT seed="0,1,1,0,4,121" ten="260,250,260,220" oya="0" hai0="117,106,23,98,32,45,28,74,103,0,124,123,95" hai1="97,88,126,38,128,92,105,56,35,14,70,22,110" hai2="40,84,104,108,39,61,12,90,125,24,134,135,130" hai3="15,122,16,26,67,42,91,46,10,114,7,131,5"/><T72/><D123/><U99/><E70/><V9/><F104/><W80/><G122/><T83/><D117/><U34/><E38/><V101/><F101/><W36/><G114/><T85/><D124/><U119/><E119/><V75/><F75/><W44/><G131/><T127/><D127/><U51/><E126/><V19/><F125/><W118/><G118/><T63/><D32/><U96/><E128/><V93/><F130/><W25/><G67/><T17/><D0/><U52/><E110/><V113/><F113/><W100/><G100/><T64/><D45/><U71/><E71/><V4/><F40/><W62/><G62/><T79/><D106/><U109/><E109/><V81/><F39/><W86/><REACH who="3" step="1"/><G46/><REACH who="3" ten="260,250,260,210" step="2"/><T60/><D60/><U68/><E68/><V69/><F69/><W132/><G132/><N who="2" m="50729" /><F61/><W107/><G107/><T11/><D63/><U87/><REACH who="1" step="1"/><E105/><REACH who="1" ten="260,240,260,210" step="2"/><V102/><F108/><W21/><G21/><T8/><D64/><U6/><E6/><AGARI ba="1,3" hai="5,6,7,10,15,16,25,26,36,42,44,80,86,91" machi="6" ten="40,2600,0" yaku="1,1,54,1,53,0" doraHai="121" doraHaiUra="115" who="3" fromWho="1" sc="260,0,240,-29,260,0,210,59" /><INIT seed="1,0,0,4,5,24" ten="260,211,260,269" oya="1" hai0="79,96,9,33,48,108,54,116,77,128,42,25,89" hai1="46,63,129,38,52,2,78,27,112,109,118,62,135" hai2="134,5,74,23,57,22,119,3,71,123,100,127,21" hai3="101,124,93,87,125,105,73,99,16,40,106,7,107"/><U120/><E2/><V32/><F71/><W80/><G7/><T13/><D116/><U58/><E118/><V4/><F74/><W1/><G1/><T86/><D108/><U84/><E112/><V31/><F100/><W64/><G64/><T36/><D128/><U20/><E120/><V60/><F119/><W18/><G40/><T103/><D36/><U95/><E129/><V41/><F123/><W132/><G73/><T131/><D42/><U15/><E135/><V14/><F41/><W55/><G55/><T65/><D65/><U113/><E113/><V85/><F85/><W94/><G94/><T117/><D131/><U67/><E109/><V68/><F68/><W122/><G122/><T39/><D39/><U92/><E15/><V6/><F57/><W102/><G102/><T51/><D51/><N who="1" m="28791" /><E63/><V19/><F60/><W82/><G82/><T59/><D117/><U130/><E38/><V69/><F69/><W88/><REACH who="3" step="1"/><G132/><REACH who="3" ten="260,211,260,259" step="2"/><T66/><D66/><U37/><E130/><V8/><F134/><W75/><G75/><T76/><D103/><U72/><E72/><V121/><F121/><W97/><G97/><T29/><D96/><U0/><E0/><V110/><F110/><W133/><G133/><T83/><REACH who="0" step="1"/><D89/><REACH who="0" ten="250,211,260,259" step="2"/><U43/><E43/><V90/><F90/><W111/><G111/><T30/><D30/><N who="1" m="17767" /><E37/><V115/><F115/><W45/><G45/><T56/><D56/><U126/><E126/><AGARI ba="0,2" hai="16,18,80,87,88,93,99,101,105,106,107,124,125,126" machi="126" ten="50,8000,1" yaku="1,1,18,1,54,2,53,0" doraHai="24" doraHaiUra="44" who="3" fromWho="1" sc="250,0,211,-80,260,0,259,100" /><INIT seed="2,0,0,0,3,111" ten="250,131,260,359" oya="2" hai0="93,76,39,77,41,59,21,58,127,25,54,72,62" hai1="71,87,18,113,37,23,109,92,1,15,67,55,60" hai2="33,68,20,38,17,16,32,42,78,112,79,107,120" hai3="27,65,88,131,36,104,46,133,34,31,119,11,128"/><V123/><F107/><W9/><G119/><T47/><D127/><U83/><E109/><V10/><F68/><W130/><G104/><T100/><D72/><U89/><E1/><V116/><F42/><N who="3" m="22855" /><G133/><T118/><D118/><U64/><E37/><V24/><F38/><W121/><G121/><N who="2" m="46665" /><F78/><W74/><G74/><T90/><D58/><U3/><E3/><V51/><F51/><W22/><G65/><T61/><D61/><U57/><E71/><V0/><F79/><W86/><G34/><N who="2" m="13417" /><F116/><W63/><G63/><T56/><D100/><U134/><E134/><V53/><F53/><W43/><G43/><T81/><D81/><AGARI ba="0,0" hai="9,11,22,27,31,81,86,88,128,130,131" m="22855" machi="81" ten="30,2000,0" yaku="19,1,54,1" doraHai="111" who="3" fromWho="0" sc="250,-20,131,0,260,0,359,20" /><INIT seed="3,0,0,1,3,32" ten="230,131,260,379" oya="3" hai0="11,122,3,73,52,80,83,85,105,6,57,13,31" hai1="74,89,41,43,86,112,102,70,54,20,35,119,10" hai2="12,108,63,114,71,42,76,4,123,103,36,67,39" hai3="62,124,100,128,44,120,92,7,88,48,117,96,109"/><W135/><G117/><T116/><D122/><U40/><E112/><V59/><F114/><W65/><G120/><T58/><D116/><U78/><E35/><V33/><F123/><W18/><G135/><T8/><D105/><U87/><E70/><V64/><F33/><W50/><G124/><T9/><D31/><U133/><E133/><V134/><F134/><W37/><G109/><T21/><D73/><U131/><E74/><V97/><F108/><W106/><G128/><T91/><D80/><N who="1" m="47383" /><E131/><V56/><F76/><W29/><G29/><T107/><D107/><U69/><E69/><V24/><F71/><W81/><G81/><T68/><D68/><U34/><E34/><V49/><F24/><W77/><G77/><T47/><D21/><U129/><E129/><V1/><F12/><W53/><G37/><T115/><D115/><U2/><E102/><V94/><F42/><W22/><G7/><T125/><D125/><U93/><E119/><V79/><F79/><W90/><G50/><N who="0" m="28767" /><D8/><U28/><E54/><V98/><F98/><W110/><G110/><T16/><AGARI ba="0,0" hai="3,6,9,11,13,16,57,58,83,85,91" m="28767" machi="16" ten="30,7900,0" yaku="25,1,52,1,54,2" doraHai="32" who="0" fromWho="0" sc="230,79,131,-20,260,-20,379,-39" /><INIT seed="4,0,0,2,1,127" ten="309,111,240,340" oya="0" hai0="108,4,117,132,35,39,95,116,14,120,111,55,18" hai1="96,131,15,9,56,97,79,22,32,73,43,123,27" hai2="75,12,6,125,66,98,74,105,70,113,76,102,84" hai3="42,11,62,122,33,1,133,103,71,26,65,57,92"/><T99/><D55/><U80/><E123/><V19/><F125/><W124/><G122/><T8/><D39/><U17/><E43/><V134/><F134/><W48/><G124/><T28/><D95/><U2/><E56/><V24/><F113/><W53/><G133/><T40/><D99/><U78/><E78/><V63/><F6/><W29/><G1/><N who="0" m="15" /><D40/><U60/><E60/><V36/><F36/><W46/><G11/><T104/><D104/><U130/><E32/><V100/><F100/><W49/><G92/><T20/><D120/><U121/><E2/><V126/><F126/><W3/><G3/><T25/><D132/><U119/><E119/><AGARI ba="0,0" hai="14,18,20,25,28,35,108,111,116,117,119" m="15" machi="119" ten="30,5800,0" yaku="24,1,34,2" doraHai="127" who="0" fromWho="1" sc="309,58,111,-58,240,0,340,0" /><INIT seed="4,1,0,0,4,27" ten="367,53,240,340" oya="0" hai0="3,103,76,110,62,77,65,122,31,72,82,51,119" hai1="127,40,12,124,108,53,59,20,10,83,106,81,11" hai2="26,52,97,89,49,134,29,117,120,43,34,61,78" hai3="46,68,94,100,109,67,13,118,6,87,129,113,84"/><T111/><D119/><U102/><E108/><N who="0" m="41513" /><D122/><U128/><E40/><V23/><F120/><W79/><G118/><T0/><D103/><U9/><E128/><V88/><F117/><W16/><G113/><T35/><D76/><U17/><E102/><V5/><F134/><W57/><G129/><T28/><D51/><U116/><E106/><V85/><F78/><W125/><G68/><N who="0" m="42039" /><D35/><U86/><E116/><V121/><F121/><W55/><G79/><T133/><D133/><U2/><E2/><AGARI ba="1,0" hai="0,2,3,28,31,72,77,82" m="42039,41513" machi="2" ten="30,5800,0" yaku="10,1,52,2" doraHai="27" who="0" fromWho="1" sc="367,61,53,-61,240,0,340,0" owari="428,52.8,-8,-50.8,240,-16.0,340,14.0" /></mjloggm>