<mjloggm ver="2.3"><GO type="169" lobby="0"/><UN n0="%E3%81%9B%E3%81%A9%E3%81%AA%E3%82%8A%E3%81%82%E3%82%93" n1="%65%76%69%61%6E%36%31%39" n2="%E9%A6%AC%E3%81%AE%E8%80%B3%E3%81%AB%E5%BF%B5%E4%BB%8F" n3="%72%61%69%32%31%31" dan="17,16,17,16" rate="2143.37,2095.55,2179.76,2148.65" sx="F,M,M,M"/><TAIKYOKU oya="0"/><INIT seed="0,0,0,1,5,50" ten="250,250,250,250" oya="0" hai0="3,33,39,114,118,46,19,120,32,133,38,79,58" hai1="14,64,13,97,61,26,131,80,22,121,1,48,92" hai2="47,77,4,37,130,72,15,45,20,122,12,69,18" hai3="51,123,8,101,84,49,86,34,106,27,117,74,96"/><T78/><D3/><U7/><E131/><V59/><F122/><W90/><G117/><T36/><D118/><U100/><E121/><V60/><F69/><W57/><G123/><T91/><D120/><U25/><E25/><V62/><F72/><W110/><G110/><T75/><D114/><U16/><E80/><V42/><F77/><W119/><G119/><T134/><D46/><U88/><E48/><V11/><F130/><W54/><G74/><T40/><D40/><U82/><E1/><V115/><F115/><W43/><G8/><T24/><D91/><U10/><E82/><V93/><F93/><W116/><G116/><T125/><D125/><U70/><REACH who="1" step="1"/><E100/><REACH who="1" ten="250,240,250,250" step="2"/><V56/><F37/><W30/><REACH who="3" step="1"/><G90/><REACH who="3" ten="250,240,250,240" step="2"/><T85/><D78/><U126/><E126/><V108/><F108/><W41/><G41/><T94/><D79/><U23/><E23/><V132/><F42/><W9/><G9/><T63/><D75/><U95/><E95/><V71/><F20/><W29/><G29/><T107/><D94/><U113/><E113/><V128/><F11/><W66/><G66/><T124/><D124/><U2/><AGARI ba="0,2" hai="2,7,10,13,14,16,22,26,61,64,70,88,92,97" machi="2" ten="20,8000,1" yaku="1,1,0,1,7,1,54,2,53,0" doraHai="50" doraHaiUra="103" who="1" fromWho="1" sc="250,-40,240,100,250,-20,240,-20" /><INIT seed="1,0,0,5,4,8" ten="210,340,230,220" oya="1" hai0="53,19,41,100,4,65,115,57,13,112,66,95,103" hai1="12,96,56,77,132,122,32,84,45,105,68,58,63" hai2="124,109,43,28,29,94,35,44,73,67,130,81,3" hai3="51,91,88,82,110,87,46,135,55,99,78,23,33"/><U1/><E1/><V38/><F94/><W89/><G33/><T27/><D115/><U83/><E32/><V86/><F67/><W127/><G110/><T102/><D112/><U26/><E132/><V121/><F121/><W16/><G135/><T59/><D41/><U60/><E26/><V134/><F134/><W9/><G127/><T101/><D4/><U20/><E45/><V24/><F29/><W92/><G9/><T128/><D128/><U126/><E126/><V129/><F124/><W98/><G98/><T22/><D27/><AGARI ba="0,0" hai="16,23,27,46,51,55,78,82,87,88,89,91,92,99" machi="27" ten="30,7700,0" yaku="7,1,8,1,54,2" doraHai="8" who="3" fromWho="0" sc="210,-77,340,0,230,0,220,77" /><INIT seed="2,0,0,1,0,66" ten="133,340,230,297" oya="2" hai0="11,62,98,83,109,84,134,122,97,41,19,106,34" hai1="7,59,24,64,36,40,100,76,44,17,72,110,82" hai2="15,107,8,21,118,54,73,57,102,128,27,5,39" hai3="123,33,86,92,111,47,81,105,121,88,65,28,14"/><V94/><F118/><W38/><G105/><T61/><D122/><U16/><E110/><V103/><F128/><W108/><G65/><T12/><D34/><U74/><E74/><V42/><F107/><W6/><G28/><T70/><D109/><N who="3" m="42057" /><G33/><T95/><D134/><U25/><E100/><V1/><F73/><W69/><G69/><T114/><D114/><U127/><E127/><V68/><F39/><W80/><G6/><T30/><D30/><U116/><E116/><V85/><F42/><N who="3" m="22999" /><G14/><T78/><D41/><U2/><E59/><V113/><F113/><W48/><G48/><T32/><D32/><U117/><E64/><V77/><F68/><W13/><G13/><T101/><REACH who="0" step="1"/><D70/><REACH who="0" ten="123,340,230,297" step="2"/><U104/><E117/><V0/><F0/><W10/><G10/><T4/><D4/><U31/><E7/><V43/><F43/><W71/><G71/><T131/><D131/><U120/><E2/><V3/><F3/><W90/><G80/><T89/><AGARI ba="0,1" hai="11,12,19,61,62,78,83,84,89,95,97,98,101,106" machi="89" ten="20,2700,0" yaku="1,1,0,1,7,1,53,0" doraHai="66" doraHaiUra="35" who="0" fromWho="0" sc="123,37,340,-7,230,-13,297,-7" /><INIT seed="3,0,0,0,1,28" ten="160,333,217,290" oya="3" hai0="126,45,93,35,5,71,95,47,127,76,31,105,37" hai1="72,43,39,56,118,75,11,13,124,134,12,100,68" hai2="26,74,132,99,24,98,44,17,64,1,15,128,70" hai3="90,0,101,8,38,7,63,125,25,113,108,122,50"/><W80/><G113/><T103/><D71/><U9/><E68/><V91/><F74/><W59/><G122/><T86/><D5/><U48/><E39/><V83/><F1/><W32/><G38/><T120/><D120/><U55/><E43/><V18/><F132/><W102/><G125/><N who="0" m="47627" /><D105/><U20/><E20/><V54/><F70/><W77/><G108/><T79/><D103/><U110/><E110/><V129/><F64/><W52/><G90/><N who="0" m="53463" /><D95/><U112/><E134/><V10/><F129/><W111/><G111/><T82/><D37/><U115/><E118/><V87/><F128/><W49/><G102/><T84/><D79/><U131/><E100/><V53/><F18/><W42/><G101/><T119/><D119/><U46/><E131/><V81/><F81/><W27/><G42/><T94/><D94/><U78/><E124/><V117/><F117/><W73/><REACH who="3" step="1"/><G25/><AGARI ba="0,0" hai="25,31,35,45,47,76,82,84" m="53463,47627" machi="25" ten="30,2000,0" yaku="18,1,52,1" doraHai="28" who="0" fromWho="3" sc="160,20,333,0,217,0,290,-20" /><INIT seed="4,0,0,4,1,42" ten="180,333,217,270" oya="0" hai0="9,4,116,86,69,108,91,96,45,55,15,41,46" hai1="50,102,72,21,59,49,64,121,132,93,106,36,47" hai2="1,120,17,111,68,0,44,99,131,25,109,56,19" hai3="7,130,57,11,67,20,40,39,70,104,100,81,62"/><T88/><D116/><U119/><E106/><V92/><F120/><W12/><G130/><T126/><D69/><U2/><E72/><V105/><F105/><W31/><G104/><T101/><D126/><U52/><E2/><V65/><F68/><W115/><G100/><T135/><D135/><U128/><E36/><V76/><F76/><W110/><G110/><T34/><D34/><U114/><E119/><V10/><F131/><W133/><G115/><T32/><D32/><U48/><E121/><V83/><F83/><W124/><G133/><T6/><D108/><U22/><E128/><V123/><F123/><W14/><G124/><T73/><D73/><U85/><E114/><V84/><F84/><W90/><G70/><T63/><D4/><U82/><E64/><V95/><F56/><W79/><G90/><T125/><D125/><U18/><E50/><V94/><F94/><W74/><G31/><T117/><D117/><U87/><E22/><V8/><F25/><W23/><REACH who="3" step="1"/><G12/><REACH who="3" ten="180,333,217,260" step="2"/><T3/><D3/><U58/><E132/><V134/><F134/><W122/><G122/><T75/><D75/><U54/><E82/><V113/><F113/><W78/><G78/><T61/><D101/><U13/><E59/><V53/><F109/><W30/><G30/><T16/><D91/><U35/><E35/><V60/><F111/><W77/><G77/><T97/><D88/><U127/><E127/><V103/><F103/><W51/><G51/><N who="0" m="27055" /><D86/><U43/><E43/><V107/><F0/><W5/><G5/><T66/><D6/><U37/><E37/><V98/><F1/><RYUUKYOKU ba="0,1" sc="180,-15,333,15,217,-15,260,15" hai1="13,18,21,47,48,49,52,54,58,85,87,93,102" hai3="7,11,14,20,23,39,40,57,62,67,74,79,81" /><INIT seed="5,1,1,3,2,59" ten="165,348,202,275" oya="1" hai0="37,32,90,68,81,12,79,101,70,108,66,94,117" hai1="1,47,115,123,122,77,31,84,11,119,42,4,34" hai2="76,80,99,128,49,19,125,24,132,135,126,5,52" hai3="73,97,30,71,134,65,39,118,22,106,53,58,38"/><U20/><E119/><V27/><F5/><W95/><G106/><T0/><D0/><U6/><E6/><V96/><F96/><W130/><G73/><T2/><D2/><U29/><E29/><V129/><F99/><W54/><G118/><T121/><D108/><U9/><E9/><V43/><F43/><W28/><G130/><N who="2" m="50281" /><F19/><W57/><G134/><N who="2" m="51241" /><F80/><W82/><G82/><T21/><D81/><U25/><E77/><V102/><F102/><W131/><G131/><T41/><D101/><U14/><E84/><V133/><N who="2" m="51249" /><V88/><DORA hai="62" /><F88/><W74/><G74/><T23/><D90/><U55/><E42/><V98/><F98/><W36/><G97/><T26/><D41/><U92/><E92/><V103/><F103/><W75/><G75/><T33/><D79/><U63/><E4/><V10/><F10/><W113/><G95/><T86/><D86/><U8/><E11/><V107/><F107/><W116/><G116/><T45/><D94/><U15/><E8/><V78/><F78/><W109/><G30/><T114/><D117/><U104/><E104/><V3/><F3/><W35/><G28/><T7/><D7/><U51/><E1/><V83/><F83/><W56/><G22/><T89/><D23/><U46/><E20/><V69/><F69/><W127/><G71/><T61/><D68/><U91/><E91/><V72/><F72/><W44/><G35/><T85/><D33/><U16/><E31/><V120/><F120/><W40/><G40/><T50/><D121/><U93/><E123/><V111/><F111/><W64/><G109/><RYUUKYOKU ba="1,1" sc="165,0,348,0,202,0,275,0" /><INIT seed="6,2,1,0,0,73" ten="165,348,202,275" oya="2" hai0="134,81,126,11,12,53,110,111,92,117,132,104,113" hai1="49,82,116,61,55,8,88,105,80,42,68,102,19" hai2="58,108,106,18,97,1,50,93,133,76,122,95,62" hai3="23,4,98,22,5,46,91,16,71,0,66,48,75"/><V129/><F122/><W101/><G75/><T100/><D53/><U118/><E42/><V87/><F1/><W26/><G0/><T84/><D12/><U63/><E82/><V69/><F133/><N who="0" m="51306" /><D11/><U10/><E102/><V123/><F123/><W14/><G91/><T47/><D47/><U78/><E105/><V57/><F106/><W3/><G3/><T59/><D59/><U33/><E33/><V6/><F69/><W52/><G66/><T51/><D51/><U112/><E88/><N who="2" m="55463" /><F129/><W28/><G71/><T119/><D113/><U64/><E112/><V27/><F6/><W114/><G114/><T79/><D104/><AGARI ba="2,1" hai="4,5,14,16,22,23,26,28,46,48,52,98,101,104" machi="104" ten="30,3900,0" yaku="7,1,54,2" doraHai="73" who="3" fromWho="0" sc="165,-45,348,0,202,0,275,55" /><INIT seed="7,0,0,1,0,16" ten="120,348,202,330" oya="3" hai0="129,8,100,125,93,85,46,7,81,102,49,58,48" hai1="36,22,21,78,95,113,6,62,35,43,132,31,126" hai2="120,74,38,52,88,42,44,12,107,115,94,76,109" hai3="37,10,121,25,29,67,40,131,98,99,83,20,130"/><W97/><G121/><T47/><D125/><U79/><E35/><V63/><F109/><W84/><G67/><T92/><D129/><N who="3" m="49161" /><G10/><T56/><D8/><U82/><E113/><V86/><F107/><W14/><G14/><T45/><D7/><U3/><E132/><V127/><F115/><W87/><G83/><T39/><D39/><U61/><E126/><V19/><F74/><W32/><G32/><T70/><D70/><U53/><E6/><V26/><F76/><W96/><N who="3" m="24576" /><DORA hai="9" /><W18/><G29/><T28/><D28/><U60/><E3/><V90/><F127/><W71/><G71/><T68/><D68/><U135/><E95/><V118/><F90/><W27/><G27/><T73/><D73/><U5/><E135/><V111/><F111/><W122/><G122/><T134/><D134/><U103/><E78/><V119/><F120/><W1/><G1/><T77/><D92/><U0/><E5/><V33/><F26/><W101/><G101/><T106/><D106/><U4/><E103/><V59/><REACH who="2" step="1"/><F33/><REACH who="2" ten="120,348,192,330" step="2"/><W13/><G25/><T80/><D93/><U50/><E0/><V51/><F51/><W105/><G105/><T57/><D100/><U123/><E123/><V15/><F15/><W112/><G112/><T114/><D102/><U23/><E50/><V34/><F34/><W117/><G117/><T41/><D114/><U17/><E36/><V66/><F66/><W116/><G116/><T124/><D124/><U30/><E79/><V91/><F91/><W133/><G133/><T2/><D2/><U104/><E104/><V69/><F69/><RYUUKYOKU ba="0,1" sc="120,-15,348,-15,192,15,330,15" hai2="12,19,38,42,44,52,59,63,86,88,94,118,119" hai3="13,18,20,37,40,84,87" owari="105,-39.5,333,13.3,207,-19.3,355,45.5" /></mjloggm>