<mjloggm ver="2.3"><GO type="169" lobby="0"/><UN n0="%6C%6E%61%69" n1="%E8%B5%A4%E6%AF%9B%E3%81%AE%E3%82%AD%E3%83%A7%E3%83%B3" n2="%E3%82%BF%E3%83%9E%E3%83%8D%E3%82%AE" n3="%61%6E%79%61%64%72%61" dan="16,18,18,16" rate="2052.65,2344.02,2278.09,2140.65" sx="M,M,M,M"/><TAIKYOKU oya="0"/><INIT seed="0,0,0,1,0,18" ten="250,250,250,250" oya="0" hai0="112,46,95,77,68,65,15,51,107,96,123,105,23" hai1="36,19,109,45,44,115,42,3,79,47,117,7,4" hai2="27,73,103,80,14,55,6,125,62,32,10,111,135" hai3="104,122,133,126,21,85,34,63,20,75,121,92,31"/><T39/><D112/><U56/><E117/><V110/><F103/><W50/><G75/><T59/><D123/><N who="3" m="47113" /><G104/><T38/><D77/><U41/><E109/><N who="2" m="41483" /><F73/><W2/><G126/><T17/><D68/><U74/><E115/><V97/><F97/><W71/><G133/><T127/><D127/><U78/><E3/><V83/><F125/><W29/><G2/><T116/><D116/><U58/><E19/><V88/><F135/><W131/><G131/><T13/><D13/><U76/><E74/><V128/><F128/><W89/><G50/><T82/><D82/><U113/><E113/><V87/><F80/><W98/><G98/><T35/><D35/><U70/><E70/><V57/><F27/><N who="3" m="18751" /><G31/><T37/><D59/><N who="1" m="22571" /><E36/><V118/><F32/><W0/><G0/><T52/><REACH who="0" step="1"/><D65/><AGARI ba="0,0" hai="20,21,63,65,71,85,89,92" m="18751,47113" machi="65" ten="30,3900,0" yaku="13,1,52,2" doraHai="18" who="3" fromWho="0" sc="250,-39,250,0,250,0,250,39" /><INIT seed="1,0,0,2,0,121" ten="211,250,250,289" oya="1" hai0="68,16,2,56,18,4,131,9,135,11,79,126,99" hai1="92,14,104,48,20,86,52,76,90,26,107,70,23" hai2="127,65,91,103,62,59,105,44,66,117,94,129,108" hai3="12,29,82,71,57,39,7,87,73,55,106,77,125"/><U123/><E123/><V113/><F117/><W6/><G71/><T5/><D68/><U53/><E70/><V10/><F127/><W75/><G125/><T38/><D126/><U50/><E76/><V37/><F129/><W17/><G106/><T28/><D38/><U25/><E14/><V134/><F134/><W95/><G39/><T111/><D79/><U46/><E20/><V122/><F122/><W42/><G42/><T19/><D99/><U96/><E96/><V47/><F105/><W63/><G29/><T128/><D56/><U31/><REACH who="1" step="1"/><E25/><REACH who="1" ten="211,240,250,289" step="2"/><V72/><F72/><W45/><G75/><T64/><D131/><U124/><E124/><V15/><F15/><W32/><G73/><T116/><D128/><U100/><E100/><V41/><F103/><W8/><G32/><T61/><D116/><U83/><E83/><V49/><F10/><W102/><G102/><T60/><D9/><U69/><E69/><V81/><F81/><W110/><G82/><T89/><D11/><U1/><E1/><V58/><F91/><W13/><G77/><T33/><D2/><U36/><E36/><V22/><F22/><W85/><G13/><T109/><D89/><U21/><E21/><V112/><F37/><W74/><G12/><T51/><D33/><U133/><E133/><V78/><F78/><W119/><G74/><T84/><D135/><U120/><E120/><V43/><F113/><W118/><G118/><T35/><D35/><U101/><E101/><V27/><F112/><W88/><G119/><T98/><D98/><U24/><E24/><V130/><F27/><RYUUKYOKU ba="0,1" sc="211,-10,240,30,250,-10,289,-10" hai1="23,26,31,46,48,50,52,53,86,90,92,104,107" /><INIT seed="1,1,1,1,1,13" ten="201,270,240,279" oya="1" hai0="93,110,127,84,16,79,75,66,27,80,45,94,25" hai1="126,49,124,22,3,76,48,12,34,82,97,40,116" hai2="58,10,108,38,26,43,31,131,7,6,54,39,36" hai3="5,30,77,62,99,19,78,88,106,14,2,72,63"/><U29/><E116/><V41/><F108/><W9/><G30/><T101/><D110/><U83/><E3/><V119/><F131/><W128/><G128/><T20/><D127/><N who="1" m="48683" /><E40/><V35/><F119/><W114/><G114/><T57/><D75/><N who="1" m="43295" /><E83/><V111/><F111/><W74/><G74/><T42/><D101/><U24/><E97/><V105/><F105/><W89/><G72/><T46/><D25/><N who="1" m="18735" /><E12/><V32/><F32/><W92/><G106/><T95/><D42/><U107/><E107/><V18/><F41/><W28/><G28/><AGARI ba="1,1" hai="22,24,28,48,49" m="18735,43295,48683" machi="28" ten="30,1500,0" yaku="18,1" doraHai="13" who="1" fromWho="3" sc="201,0,270,28,240,0,279,-18" /><INIT seed="1,2,0,3,1,21" ten="201,298,240,261" oya="1" hai0="84,43,12,71,5,49,36,1,107,11,69,61,52" hai1="16,99,100,108,94,26,14,116,101,48,130,25,51" hai2="60,28,38,42,50,83,133,129,62,67,35,96,23" hai3="126,90,20,17,72,2,73,112,95,131,97,106,74"/><U127/><E116/><V93/><F129/><W98/><G112/><T109/><D107/><U4/><E130/><V68/><F133/><W32/><G32/><T132/><D109/><U102/><E127/><V27/><F38/><W120/><G131/><T64/><D132/><U105/><E108/><V119/><F119/><W55/><G120/><T53/><D36/><U8/><E105/><V114/><F114/><W56/><G2/><T41/><D69/><U24/><E4/><V10/><F10/><W65/><G65/><T57/><D1/><U45/><E48/><V117/><F117/><W91/><G126/><T128/><D128/><U121/><E121/><V110/><F110/><W123/><G123/><T44/><REACH who="0" step="1"/><D84/><REACH who="0" ten="191,298,240,261" step="2"/><U111/><REACH who="1" step="1"/><E111/><REACH who="1" ten="191,288,240,261" step="2"/><V63/><F68/><W85/><G106/><T22/><D22/><U113/><E113/><V13/><F23/><W92/><G85/><T6/><D6/><U18/><E18/><V33/><F33/><W0/><G0/><T19/><D19/><U30/><E30/><V59/><F28/><W134/><G134/><T9/><D9/><U77/><E77/><V40/><F35/><W79/><G79/><T47/><D47/><U46/><E46/><V3/><F3/><W34/><G34/><T104/><D104/><U66/><E66/><V7/><F67/><W29/><G29/><T124/><D124/><U70/><E70/><V31/><F31/><W115/><G115/><T125/><D125/><U80/><E80/><V15/><F83/><W76/><G76/><T118/><D118/><U39/><E39/><V58/><F7/><RYUUKYOKU ba="2,2" sc="191,15,288,15,240,-15,261,-15" hai0="5,11,12,41,43,44,49,52,53,57,61,64,71" hai1="8,14,16,24,25,26,45,51,94,99,100,101,102" /><INIT seed="1,3,2,3,0,44" ten="206,303,225,246" oya="1" hai0="39,109,79,98,55,70,11,35,80,111,27,6,97" hai1="82,41,93,104,28,67,50,47,90,100,113,101,110" hai2="84,38,85,48,62,81,88,129,14,124,61,115,46" hai3="134,77,75,19,58,132,2,117,7,127,4,49,107"/><U105/><E113/><V126/><F38/><W33/><G107/><T112/><D112/><U118/><E118/><V119/><F119/><W20/><G117/><T128/><D128/><U125/><E125/><N who="2" m="48235" /><F129/><W83/><G127/><T42/><D70/><U133/><E133/><N who="3" m="51306" /><G33/><T120/><D120/><U40/><E110/><N who="0" m="41993" /><D42/><U64/><E28/><V60/><F115/><W63/><G2/><N who="0" m="471" /><D39/><U36/><E82/><N who="2" m="49175" /><F14/><N who="3" m="9335" /><G49/><T53/><D35/><U12/><E12/><V114/><F114/><W102/><G102/><T103/><D27/><U17/><E36/><V87/><F81/><W66/><AGARI ba="3,2" hai="4,7,58,63,66,75,77,83" m="9335,51306" machi="66" ten="30,1100,0" yaku="20,1" doraHai="44" who="3" fromWho="3" sc="206,-6,303,-8,225,-6,246,40" /><INIT seed="2,0,0,0,4,41" ten="200,295,219,286" oya="2" hai0="81,4,36,8,72,82,108,110,30,21,111,135,117" hai1="132,128,131,3,95,90,120,45,134,61,70,86,11" hai2="126,76,40,26,20,73,102,53,83,27,94,78,115" hai3="105,93,127,44,109,123,80,101,19,35,49,124,24"/><V85/><F115/><W34/><G123/><T25/><D36/><U98/><E120/><V54/><F126/><N who="3" m="48171" /><G109/><T63/><D135/><N who="1" m="51755" /><E70/><V6/><F6/><W33/><G105/><T89/><D72/><U62/><E3/><V84/><F73/><W43/><G80/><T92/><D63/><N who="1" m="24075" /><E11/><V118/><F118/><W112/><G112/><T103/><D103/><N who="1" m="60895" /><E45/><V1/><F1/><W114/><G114/><T15/><REACH who="0" step="1"/><D117/><REACH who="0" ten="190,295,219,286" step="2"/><U99/><E99/><AGARI ba="0,1" hai="4,8,15,21,25,30,81,82,89,92,99,108,110,111" machi="99" ten="40,5200,0" yaku="1,1,2,1,14,1,53,0" doraHai="41" doraHaiUra="29" who="0" fromWho="1" sc="190,62,295,-52,219,0,286,0" /><INIT seed="3,0,0,2,4,101" ten="252,243,219,286" oya="3" hai0="47,90,108,24,30,54,111,114,42,64,44,122,52" hai1="112,0,88,67,29,99,103,95,4,38,124,36,75" hai2="69,21,107,121,58,98,77,128,131,55,56,85,1" hai3="20,76,40,120,28,104,13,12,116,81,105,31,3"/><W63/><G116/><T65/><D90/><U39/><E112/><V35/><F35/><W82/><G3/><T33/><D122/><U134/><E134/><V27/><F69/><W26/><G120/><T71/><D114/><U113/><E113/><V19/><F121/><W123/><G123/><T45/><D42/><U86/><E75/><V117/><F117/><W87/><G40/><T129/><D129/><N who="2" m="49738" /><F1/><W94/><G31/><T97/><D97/><U32/><E124/><V23/><F55/><N who="0" m="21034" /><D71/><U125/><E125/><V84/><F23/><W74/><G94/><T61/><D61/><U14/><E0/><V100/><F77/><W17/><G63/><T62/><D62/><U106/><E67/><V34/><F34/><W73/><G73/><T115/><D115/><U92/><E32/><V89/><F85/><W48/><G48/><T8/><D8/><U2/><E29/><V9/><F9/><W16/><G17/><T119/><D119/><U96/><E2/><V11/><F11/><W83/><G12/><T127/><D127/><U79/><E79/><V25/><F25/><W93/><G93/><AGARI ba="0,0" hai="19,21,27,56,58,84,89,93,98,100,107" m="49738" machi="93" ten="30,2000,0" yaku="19,1,52,1" doraHai="101" who="2" fromWho="3" sc="252,0,243,0,219,20,286,-20" /><INIT seed="4,0,0,5,3,129" ten="252,243,239,266" oya="0" hai0="17,65,18,82,105,112,1,53,135,121,48,69,9" hai1="32,59,116,91,0,94,58,122,95,29,133,110,77" hai2="25,97,47,88,131,106,8,49,111,11,124,72,24" hai3="128,57,62,93,55,89,123,86,76,28,10,104,44"/><T37/><D121/><U20/><E122/><V21/><F111/><W80/><G123/><T103/><D37/><U22/><E116/><V26/><F72/><W45/><G128/><T81/><D112/><U40/><E110/><V6/><F131/><W73/><G28/><T79/><D82/><U67/><E0/><V78/><F124/><W61/><G10/><T31/><D31/><U54/><E40/><V12/><F78/><W114/><G114/><T56/><D65/><U130/><E130/><V98/><F106/><W30/><G30/><T71/><D103/><U39/><E39/><V41/><F11/><W14/><G14/><T51/><D105/><U87/><E32/><V52/><F21/><W101/><REACH who="3" step="1"/><G62/><REACH who="3" ten="252,243,239,256" step="2"/><T84/><D9/><U19/><E29/><V46/><REACH who="2" step="1"/><F88/><REACH who="2" ten="252,243,229,256" step="2"/><W60/><G60/><T119/><D79/><U70/><E77/><V102/><F102/><W33/><G33/><T108/><D108/><U35/><E35/><V107/><F107/><W34/><G34/><T109/><D109/><U5/><E91/><V90/><F90/><W99/><AGARI ba="0,2" hai="44,45,55,57,61,73,76,80,86,89,93,99,101,104" machi="99" ten="30,7900,0" yaku="1,1,0,1,24,2,53,0" doraHai="129" doraHaiUra="23" who="3" fromWho="3" sc="252,-39,243,-20,229,-20,256,99" /><INIT seed="5,0,0,2,0,21" ten="213,223,209,355" oya="1" hai0="59,33,129,98,17,2,125,94,1,36,111,62,39" hai1="27,133,47,108,135,103,101,90,56,99,74,130,80" hai2="29,55,83,85,19,31,71,118,78,25,3,87,93" hai3="64,104,23,132,14,26,115,28,57,52,4,53,123"/><U60/><E130/><V112/><F118/><W38/><G123/><T68/><D111/><U42/><E108/><V134/><F3/><W7/><G38/><T34/><D68/><U120/><E120/><V16/><F71/><W46/><G104/><T113/><D129/><U127/><E127/><V79/><F134/><N who="1" m="51209" /><E74/><V114/><F55/><W69/><G132/><T109/><D109/><U61/><E27/><V13/><F13/><W12/><G115/><N who="2" m="44073" /><F31/><W50/><G69/><T121/><D1/><U49/><E61/><V45/><F45/><W105/><G105/><T0/><D125/><U51/><E51/><V89/><F79/><W124/><G64/><T107/><D107/><U100/><E60/><V70/><F70/><W75/><G75/><T82/><D113/><U119/><E56/><V102/><F102/><W117/><G117/><T92/><D62/><U8/><E119/><V15/><F15/><N who="3" m="5675" /><G124/><T67/><D121/><U5/><E8/><V73/><F73/><W54/><G57/><T32/><D59/><U66/><E66/><V106/><F106/><W86/><G86/><T10/><D67/><U131/><E5/><AGARI ba="0,0" hai="4,5,7,23,26,28,46,50,52,53,54" m="5675" machi="5" ten="30,3900,0" yaku="8,1,52,1,54,1" doraHai="21" who="3" fromWho="1" sc="213,0,223,-39,209,0,355,39" /><INIT seed="6,0,0,4,1,46" ten="213,184,209,394" oya="2" hai0="22,134,42,78,90,121,1,102,66,81,18,59,135" hai1="119,0,62,89,56,48,53,30,20,76,83,8,77" hai2="58,71,65,127,40,132,36,4,105,73,47,67,55" hai3="11,106,86,113,17,6,52,69,116,75,115,64,26"/><V84/><F73/><W107/><G75/><T25/><D121/><U101/><E119/><V92/><F105/><W31/><G116/><T5/><D102/><U98/><E0/><V39/><F39/><W38/><G17/><T61/><D90/><U114/><E114/><N who="3" m="43530" /><G86/><T129/><D42/><U32/><E32/><V60/><F127/><W125/><G38/><T123/><D129/><U70/><E8/><V27/><F132/><N who="0" m="50730" /><D123/><U95/><E70/><V14/><F27/><W49/><G64/><T133/><N who="0" m="50738" /><T19/><DORA hai="82" /><D1/><U104/><E62/><V130/><F130/><W35/><G69/><T96/><D96/><U44/><E56/><V10/><REACH who="2" step="1"/><F71/><REACH who="2" ten="213,184,199,394" step="2"/><W85/><G125/><T118/><D118/><U50/><E104/><V54/><F54/><W120/><G107/><T12/><D25/><N who="1" m="16679" /><E50/><V24/><F24/><W80/><G106/><T109/><D66/><U93/><E83/><V97/><F97/><AGARI ba="0,1" hai="44,48,53,76,77,89,93,95,97,98,101" m="16679" machi="97" ten="30,2000,0" yaku="8,1,52,1" doraHai="46,82" who="1" fromWho="2" sc="213,0,184,30,199,-20,394,0" /><INIT seed="7,0,0,3,3,76" ten="213,214,179,394" oya="3" hai0="77,98,73,47,96,106,21,82,17,68,109,80,35" hai1="26,74,24,3,121,64,29,120,65,103,31,48,108" hai2="2,101,81,13,28,112,20,97,123,86,4,92,70" hai3="100,58,41,78,46,49,32,135,113,131,107,55,116"/><W118/><G113/><T84/><D109/><U52/><E74/><V43/><F112/><W9/><G131/><T95/><D35/><U57/><E3/><V39/><F70/><W87/><G135/><T61/><D106/><U53/><E103/><V126/><F126/><W124/><G124/><T40/><D95/><U117/><E48/><V94/><F123/><W129/><G129/><T85/><D73/><U23/><E57/><V19/><F28/><W69/><G32/><T122/><D122/><U66/><E66/><V125/><F125/><W130/><G130/><T14/><D61/><U33/><E33/><V91/><F39/><W15/><G69/><T45/><D68/><U22/><E117/><V8/><F43/><W34/><G34/><T63/><D63/><U36/><E36/><V90/><REACH who="2" step="1"/><F91/><REACH who="2" ten="213,214,169,394" step="2"/><W72/><G41/><T60/><D40/><U67/><E108/><V27/><F27/><W11/><G118/><T111/><D111/><U38/><E38/><V0/><F0/><W128/><G116/><T133/><D133/><U79/><E120/><V62/><F62/><W42/><G42/><T88/><D60/><U127/><E121/><V12/><F12/><W102/><G15/><T44/><AGARI ba="0,1" hai="14,17,21,44,45,47,77,80,82,84,85,88,96,98" machi="44" ten="30,8000,1" yaku="0,1,8,1,52,2,54,1" doraHai="76" who="0" fromWho="0" sc="213,90,214,-20,169,-20,394,-40" owari="303,10.3,194,-20.6,149,-35.1,354,45.4" /></mjloggm>