<mjloggm ver="2.3"><GO type="169" lobby="0"/><UN n0="%73%65%69%67%65%6E" n1="%6B%61%74%65%72%69%6E%61" n2="%4C%C3%97%57%C3%97%4C" n3="%E3%81%99%E3%81%91%E3%81%B4%E3%82%87%E3%82%93" dan="17,16,17,16" rate="2214.67,2111.07,2166.17,2135.03" sx="M,M,M,M"/><TAIKYOKU oya="0"/><INIT seed="0,0,0,4,2,17" ten="250,250,250,250" oya="0" hai0="43,26,76,61,6,48,46,117,112,68,16,57,2" hai1="10,72,102,133,44,11,12,119,116,120,64,97,131" hai2="0,74,94,108,70,31,85,32,33,95,98,111,59" hai3="121,135,103,123,24,30,15,81,134,55,77,3,79"/><T47/><D112/><U109/><E120/><N who="3" m="46154" /><G3/><T100/><D117/><U49/><E72/><V90/><F70/><W86/><G103/><T118/><D118/><U13/><E109/><V45/><F0/><W4/><G77/><T106/><D68/><U105/><E131/><V42/><F74/><W27/><G55/><T66/><D76/><U132/><E64/><V63/><F31/><W128/><G128/><T91/><D106/><U21/><E21/><V60/><F60/><W84/><G84/><T87/><D100/><U83/><E83/><V14/><F14/><N who="1" m="5737" /><E119/><V36/><F111/><W62/><G62/><T88/><D47/><U39/><E39/><V127/><F127/><W96/><G96/><T93/><D2/><U20/><E20/><V58/><F108/><W82/><G82/><T107/><D107/><U1/><E1/><V50/><F36/><W35/><G27/><T126/><D126/><U29/><E29/><V75/><F75/><W18/><G4/><T130/><D130/><U56/><E116/><V19/><F98/><W110/><G110/><T122/><D122/><U37/><E37/><V54/><F95/><W23/><AGARI ba="0,0" hai="15,18,23,24,30,35,79,81,86,134,135" m="46154" machi="23" ten="30,2000,0" yaku="13,1,52,1" doraHai="17" who="3" fromWho="3" sc="250,-10,250,-5,250,-5,250,20" /><INIT seed="1,0,0,2,2,119" ten="240,245,245,270" oya="1" hai0="90,29,8,123,53,79,103,128,17,129,56,61,106" hai1="3,42,46,55,101,76,23,96,39,54,89,74,134" hai2="102,64,70,28,18,81,30,31,108,65,19,15,10" hai3="40,118,98,57,85,111,83,93,45,47,66,100,51"/><U133/><E3/><V11/><F70/><W132/><G118/><T68/><D79/><U110/><E89/><V91/><F108/><W126/><G111/><T116/><D116/><U2/><E2/><V131/><F131/><N who="0" m="50250" /><D29/><U44/><E110/><V25/><F102/><W77/><G126/><T33/><D33/><U49/><E55/><V92/><F81/><W130/><G130/><T36/><D36/><U75/><E23/><V86/><REACH who="2" step="1"/><F25/><REACH who="2" ten="240,245,235,270" step="2"/><W69/><G69/><T78/><D68/><U125/><E125/><V94/><F94/><W67/><G132/><N who="1" m="50794" /><E76/><V5/><F5/><W37/><G57/><T60/><D78/><U35/><E35/><V112/><F112/><W114/><G114/><T14/><D90/><U99/><E101/><V9/><F9/><W62/><G62/><T97/><D61/><U0/><E0/><V109/><F109/><W120/><G77/><T82/><D82/><U22/><E22/><V12/><AGARI ba="0,1" hai="10,11,12,15,18,19,28,30,31,64,65,86,91,92" machi="12" ten="30,7900,0" yaku="1,1,0,1,9,1,8,1,53,0" doraHai="119" doraHaiUra="115" who="2" fromWho="2" sc="240,-20,245,-39,235,89,270,-20" /><INIT seed="2,0,0,1,1,15" ten="220,206,324,250" oya="2" hai0="86,71,37,92,36,11,32,135,129,118,106,62,44" hai1="91,68,60,51,0,26,119,134,96,122,70,130,105" hai2="107,128,120,9,54,17,111,57,28,109,132,89,41" hai3="113,24,42,81,72,104,66,67,5,65,78,123,16"/><V40/><F120/><W43/><G123/><T121/><D11/><U23/><E122/><V83/><F107/><W33/><G113/><T25/><D92/><U82/><E0/><V45/><F128/><W58/><G104/><T3/><D86/><U47/><E119/><V61/><F28/><W63/><G5/><T101/><D44/><U59/><E130/><V125/><F125/><W115/><G115/><T100/><D100/><U74/><E134/><V133/><F89/><W114/><G114/><T55/><D55/><U8/><E8/><V13/><F83/><W126/><G126/><T18/><D121/><U127/><E127/><V39/><REACH who="2" step="1"/><F41/><REACH who="2" ten="220,206,314,250" step="2"/><W99/><G43/><T64/><D129/><U21/><E105/><V80/><F80/><W69/><G42/><T56/><D106/><U87/><E91/><V102/><F102/><W103/><G103/><T75/><D101/><U1/><E82/><V14/><F14/><W84/><G72/><T20/><D75/><U108/><E74/><V110/><AGARI ba="0,1" hai="9,13,17,39,40,45,54,57,61,109,110,111,132,133" machi="110" ten="40,12000,1" yaku="1,1,0,1,14,1,10,1,52,1,53,0" doraHai="15" doraHaiUra="77" who="2" fromWho="2" sc="220,-40,206,-40,314,130,250,-40" /><INIT seed="2,1,0,1,2,121" ten="180,166,444,210" oya="2" hai0="39,128,85,50,46,77,73,23,132,70,134,26,54" hai1="32,119,55,63,88,102,93,64,10,13,49,81,17" hai2="110,94,120,68,103,135,100,129,114,31,91,18,90" hai3="67,112,27,3,2,28,71,75,99,133,47,21,108"/><V12/><F68/><W106/><G75/><T48/><D70/><U104/><E119/><V72/><F31/><W79/><G79/><T45/><D39/><U34/><E102/><V4/><F120/><W37/><G112/><T53/><D73/><U74/><E104/><V40/><F114/><W6/><G6/><T66/><D66/><U127/><E127/><V51/><F72/><W82/><G82/><T122/><D122/><U8/><E8/><V52/><F129/><W24/><G24/><T98/><D98/><U86/><E74/><V9/><F135/><W38/><G38/><T105/><D105/><U87/><E63/><V84/><F40/><W89/><G133/><T107/><D107/><U83/><E64/><V36/><F36/><W20/><G20/><T7/><D7/><U123/><E123/><V56/><F110/><W59/><G108/><T101/><D101/><U115/><E115/><V126/><F126/><W14/><G106/><T42/><D42/><U22/><E22/><V57/><F57/><W113/><G71/><T92/><D128/><U30/><E30/><V131/><F131/><W124/><G124/><T0/><D0/><U19/><E19/><V41/><F41/><W69/><G69/><T80/><REACH who="0" step="1"/><D92/><REACH who="0" ten="170,166,444,210" step="2"/><U130/><E93/><N who="2" m="54471" /><F4/><W116/><G113/><T33/><D33/><U95/><E95/><V97/><AGARI ba="1,1" hai="9,12,18,51,52,56,91,94,97,100,103" m="54471" machi="97" ten="30,3000,0" yaku="8,1,54,1" doraHai="121" who="2" fromWho="2" sc="170,-11,166,-11,444,43,210,-11" /><INIT seed="2,2,0,5,3,26" ten="159,155,487,199" oya="2" hai0="51,43,98,101,106,34,71,76,125,42,36,38,133" hai1="11,54,6,84,48,52,55,59,24,104,20,89,132" hai2="110,70,17,123,81,117,22,118,7,74,2,99,12" hai3="73,88,92,10,19,47,37,131,116,39,13,112,120"/><V40/><F70/><W108/><G73/><T1/><D133/><U109/><E109/><V3/><F123/><W60/><G120/><T93/><D125/><U129/><E104/><V80/><F110/><W82/><G82/><T45/><D1/><U135/><E129/><V21/><F99/><W124/><G108/><T115/><D115/><U85/><E85/><V113/><F40/><W83/><G83/><T58/><D71/><U126/><E126/><V56/><F56/><W50/><G116/><T29/><D76/><U86/><E86/><V90/><F90/><W72/><G72/><T8/><D8/><U46/><E135/><V62/><F62/><W79/><G79/><T16/><D16/><N who="1" m="12295" /><E59/><V61/><F74/><W57/><G131/><T87/><D58/><U111/><E111/><V77/><F77/><W67/><G112/><T103/><D43/><U53/><E132/><V96/><F113/><W4/><G4/><T14/><D14/><N who="1" m="5495" /><E55/><V9/><F118/><W63/><G63/><T134/><D134/><U78/><E78/><V27/><F61/><W121/><G121/><T102/><D87/><U44/><E44/><V30/><F117/><W31/><G124/><T32/><D106/><U122/><E122/><V107/><REACH who="2" step="1"/><F2/><REACH who="2" ten="159,155,477,199" step="2"/><W41/><G60/><T75/><D75/><U69/><E69/><V5/><F5/><W91/><G57/><T66/><D103/><AGARI ba="2,1" hai="3,7,9,12,17,21,22,27,30,80,81,96,103,107" machi="103" ten="40,3900,0" yaku="1,1,52,1,53,0" doraHai="26" doraHaiUra="28" who="2" fromWho="0" sc="159,-45,155,0,477,55,199,0" /><INIT seed="2,3,0,3,1,31" ten="114,155,532,199" oya="2" hai0="69,110,45,49,120,114,63,41,79,27,97,74,119" hai1="128,96,113,15,51,22,54,64,44,39,36,78,58" hai2="2,8,125,121,70,52,25,42,68,19,26,100,53" hai3="117,66,34,17,124,129,77,0,99,56,48,11,132"/><V92/><F121/><W105/><G117/><T71/><D114/><U102/><E113/><V80/><F125/><W18/><G124/><T38/><D120/><U134/><E128/><V130/><F130/><W43/><G129/><T83/><D119/><U103/><E134/><V122/><F122/><W85/><G132/><T75/><D110/><U50/><E78/><V118/><F42/><W112/><G112/><T35/><D75/><U47/><E64/><V59/><F80/><W84/><G34/><T91/><D49/><U86/><E86/><V90/><F100/><W57/><G77/><T20/><D63/><U131/><E131/><V109/><F118/><W115/><G115/><T126/><D126/><U37/><E96/><V6/><F53/><W67/><G99/><T7/><D7/><U60/><E60/><V133/><F109/><W30/><G30/><T82/><D35/><U32/><E32/><V73/><F73/><W76/><G76/><T108/><D108/><U135/><E58/><V116/><F116/><W106/><G48/><T3/><D3/><U65/><E65/><V12/><F70/><W9/><G0/><T62/><D62/><U24/><E15/><V89/><F68/><W55/><G55/><T88/><D91/><U23/><E135/><V95/><F90/><W94/><G43/><T72/><D72/><U29/><REACH who="1" step="1"/><E23/><REACH who="1" ten="114,145,532,199" step="2"/><N who="2" m="11751" /><F133/><W101/><G66/><T61/><D61/><U93/><E93/><V87/><F95/><W123/><G94/><N who="0" m="56519" /><D83/><U4/><E4/><V14/><F2/><W104/><G123/><T98/><D98/><U1/><E1/><RYUUKYOKU ba="3,1" sc="114,10,145,10,532,10,199,-30" hai0="20,27,38,41,45,69,71,74,79,82" hai1="22,24,29,36,37,39,44,47,50,51,54,102,103" hai2="6,8,14,25,26,52,59,87,89,92" /><INIT seed="2,4,1,0,2,113" ten="124,155,542,169" oya="2" hai0="31,55,121,124,30,105,16,9,101,28,40,112,45" hai1="117,20,111,71,88,97,76,125,36,78,106,134,86" hai2="91,41,34,10,54,12,14,15,74,13,99,93,25" hai3="26,94,129,119,1,126,8,90,22,100,37,60,115"/><V64/><F74/><W63/><G37/><T75/><D112/><U132/><E71/><V108/><F108/><W2/><G115/><T114/><D114/><U104/><E20/><V80/><F64/><W6/><G2/><T50/><D121/><U58/><E58/><V62/><F41/><W116/><G100/><T33/><D75/><U32/><E32/><V5/><F80/><W85/><G126/><T123/><D123/><U61/><E61/><V130/><F130/><W57/><G129/><T56/><D124/><U73/><E36/><V66/><F54/><W92/><G92/><T38/><D101/><U110/><E125/><V120/><F120/><W98/><G85/><T18/><D105/><N who="1" m="40555" /><E97/><V102/><F102/><W128/><G128/><T96/><D96/><U23/><E23/><V83/><F83/><W131/><G131/><T48/><D33/><U47/><E47/><V53/><F53/><W135/><G135/><N who="1" m="51754" /><E117/><V7/><F34/><W67/><REACH who="3" step="1"/><G63/><REACH who="3" ten="124,155,542,159" step="2"/><T35/><D35/><U95/><E73/><V89/><F62/><W109/><G109/><AGARI ba="4,2" hai="76,78,86,88,95,109,110,111" m="51754,40555" machi="109" ten="40,8000,1" yaku="14,1,20,1,34,2,54,1" doraHai="113" who="1" fromWho="3" sc="124,0,155,112,542,0,159,-92" /><INIT seed="3,0,0,4,4,31" ten="124,267,542,67" oya="3" hai0="60,94,20,45,108,47,26,54,78,131,122,97,6" hai1="27,13,53,17,30,69,66,124,56,70,86,18,3" hai2="132,7,44,95,85,62,123,100,101,52,24,15,134" hai3="82,126,33,129,11,81,28,113,25,89,80,59,107"/><W35/><G107/><T112/><D108/><U32/><E124/><V98/><F123/><W120/><G120/><T76/><D131/><U64/><E3/><V16/><F85/><W90/><G113/><T46/><D6/><U96/><E66/><V61/><F7/><W127/><G129/><T102/><D112/><U105/><E64/><V63/><F24/><W83/><G11/><T41/><D41/><U14/><E86/><V21/><REACH who="2" step="1"/><F101/><REACH who="2" ten="124,267,532,67" step="2"/><W88/><N who="3" m="20480" /><DORA hai="117" /><W116/><G116/><T49/><D122/><U4/><E27/><V111/><F111/><W42/><G42/><T22/><D26/><U99/><E4/><V9/><F9/><W71/><G71/><T121/><D121/><U74/><E70/><V34/><F34/><N who="3" m="20751" /><G59/><T77/><D22/><U50/><E69/><V8/><F8/><W39/><G39/><T128/><D20/><U75/><E32/><V48/><AGARI ba="0,1" hai="15,16,21,44,48,52,61,62,63,95,98,100,132,134" machi="48" ten="30,8000,1" yaku="1,1,0,1,54,2,53,1" doraHai="31,117" doraHaiUra="93,115" who="2" fromWho="2" sc="124,-20,267,-20,532,90,67,-40" /><INIT seed="4,0,0,1,5,25" ten="104,247,622,27" oya="0" hai0="81,109,114,135,79,5,74,58,134,41,65,105,16" hai1="107,80,60,10,127,101,133,54,9,118,100,63,112" hai2="42,2,128,66,35,85,93,39,37,51,53,20,57" hai3="111,18,44,115,82,22,73,69,98,56,45,108,130"/><T77/><D105/><U1/><E118/><V97/><F35/><W129/><G69/><T90/><D114/><U76/><E112/><V33/><F33/><W17/><G115/><T59/><D109/><U64/><E133/><N who="0" m="50697" /><D5/><U7/><E127/><V30/><F2/><W61/><G98/><T29/><D29/><U55/><E10/><V34/><F34/><W106/><G106/><T0/><D0/><U28/><E28/><V78/><F128/><N who="3" m="49259" /><G73/><T75/><D41/><U117/><E117/><V12/><F42/><W103/><G103/><T102/><D102/><U32/><E32/><V91/><F66/><N who="3" m="39207" /><G82/><N who="0" m="45367" /><D65/><U40/><E40/><V68/><F30/><W104/><G104/><T113/><D113/><U72/><E107/><V110/><F110/><N who="3" m="42027" /><G18/><T121/><D121/><U36/><E36/><V13/><F37/><W19/><G17/><T123/><D123/><U46/><E101/><V4/><F39/><W89/><G89/><T49/><D90/><U6/><E100/><V88/><F4/><W124/><G124/><T26/><D49/><U95/><E7/><V94/><F51/><W23/><G23/><AGARI ba="0,0" hai="16,23,26,58,59,75,79,81" m="45367,50697" machi="23" ten="30,2900,0" yaku="20,1,54,1" doraHai="25" who="0" fromWho="3" sc="104,29,247,0,622,0,27,-29" owari="133,-26.7,247,4.7,622,72.2,-2,-50.2" /></mjloggm>