<mjloggm ver="2.3"><GO type="169" lobby="0"/><UN n0="%E6%99%82%E8%A8%88%E5%9D%82%E9%9B%B6" n1="%E3%81%8B%E3%82%81%E3%81%98%E3%82%8D%E3%81%86" n2="%E3%81%97%E3%82%82%E3%82%93%E3%81%AC" n3="%41%4C%50%45%52%49%4E" dan="16,17,17,17" rate="2144.54,2163.68,2168.49,2203.73" sx="M,M,M,M"/><TAIKYOKU oya="0"/><INIT seed="0,0,0,0,0,128" ten="250,250,250,250" oya="0" hai0="117,127,30,83,99,122,32,41,26,74,22,60,82" hai1="71,135,84,46,63,102,89,12,20,94,67,125,15" hai2="78,131,85,35,64,121,33,88,93,51,118,114,119" hai3="27,132,21,103,7,110,113,0,112,43,106,18,69"/><T90/><D117/><N who="2" m="44554" /><F121/><W133/><G69/><T100/><D122/><U126/><E102/><V76/><F114/><N who="3" m="44139" /><G43/><T36/><D127/><N who="1" m="48651" /><E46/><V59/><F131/><W2/><G103/><T23/><D82/><U48/><E48/><V105/><F105/><W107/><G110/><T55/><D41/><U80/><E20/><V95/><F95/><W52/><G52/><T79/><D36/><U70/><E70/><V129/><F129/><W109/><G109/><T134/><D90/><N who="1" m="51463" /><E135/><N who="3" m="51786" /><G7/><T1/><D134/><U37/><E37/><V53/><F64/><W65/><G65/><T14/><D100/><U101/><E101/><V19/><F19/><W54/><G54/><T77/><D55/><U9/><E9/><V38/><F38/><W8/><G8/><T75/><D75/><U57/><E71/><V56/><F56/><W66/><G66/><T111/><D74/><U104/><E104/><AGARI ba="0,0" hai="0,2,18,21,27,104,106,107" m="51786,44139" machi="104" ten="40,8000,1" yaku="20,1,52,3" doraHai="128" who="3" fromWho="1" sc="250,0,250,-80,250,0,250,80" /><INIT seed="1,0,0,0,5,73" ten="250,170,250,330" oya="1" hai0="90,50,65,95,81,134,55,7,103,72,62,80,41" hai1="109,59,8,76,129,13,51,102,14,2,97,74,119" hai2="101,92,64,34,127,133,75,131,15,91,61,68,78" hai3="53,77,67,99,56,1,83,100,4,123,39,111,84"/><U6/><E119/><V135/><F34/><W3/><G123/><T114/><D114/><U23/><E129/><V93/><F131/><W122/><G122/><T25/><D134/><U40/><E109/><V104/><F127/><W28/><G111/><T5/><D41/><U16/><E59/><V9/><F104/><W113/><G113/><T11/><D103/><U26/><E51/><V36/><F36/><W79/><G39/><T106/><D106/><U94/><REACH who="1" step="1"/><E40/><REACH who="1" ten="250,160,250,330" step="2"/><V33/><F133/><W60/><G56/><T44/><D50/><U71/><E71/><V132/><F132/><W22/><G60/><T121/><D62/><U20/><E20/><V27/><F135/><W21/><G22/><T89/><D44/><U10/><E10/><V38/><F38/><W87/><G21/><T57/><D11/><U116/><E116/><V30/><F9/><W49/><G49/><T110/><D57/><U112/><E112/><V52/><F68/><W42/><G42/><T69/><D69/><U98/><E98/><V63/><F63/><W115/><G115/><T58/><D58/><U117/><E117/><V105/><F61/><W29/><G99/><T120/><D110/><U128/><E128/><V70/><F70/><W19/><G67/><T96/><D65/><U118/><E118/><V86/><F64/><W126/><G126/><T45/><D120/><U82/><AGARI ba="0,1" hai="2,6,8,13,14,16,23,26,74,76,82,94,97,102" machi="82" ten="30,11700,0" yaku="1,1,0,1,52,1,54,1,53,0" doraHai="73" doraHaiUra="66" who="1" fromWho="1" sc="250,-39,160,127,250,-39,330,-39" /><INIT seed="1,1,0,1,1,17" ten="211,287,211,291" oya="1" hai0="33,110,47,82,20,22,126,106,75,127,69,100,102" hai1="99,85,5,122,52,48,119,21,30,27,98,115,56" hai2="26,24,31,120,40,63,105,46,3,67,79,131,2" hai3="19,90,43,83,15,133,62,36,54,74,44,118,6"/><U109/><E115/><V61/><F120/><W94/><G133/><T18/><D33/><U107/><E122/><V116/><F116/><W123/><G123/><T113/><D113/><U53/><E119/><V104/><F131/><W91/><G118/><T50/><D69/><U70/><E70/><V96/><F79/><W66/><G6/><T81/><D110/><U73/><E73/><V29/><F96/><W72/><G54/><T103/><D106/><U8/><E107/><V11/><F11/><W7/><G7/><T71/><D71/><U10/><E109/><V41/><REACH who="2" step="1"/><F46/><REACH who="2" ten="211,287,201,291" step="2"/><W60/><G44/><T59/><D75/><U12/><E85/><V68/><F68/><W112/><G74/><T64/><D126/><U77/><E77/><V49/><F49/><W28/><G72/><T135/><D127/><U23/><E10/><V14/><F14/><W78/><G15/><T39/><D39/><U97/><REACH who="1" step="1"/><E53/><REACH who="1" ten="211,277,201,291" step="2"/><V88/><F88/><W87/><G91/><T121/><D121/><U35/><AGARI ba="1,2" hai="5,8,12,21,23,27,30,35,48,52,56,97,98,99" machi="35" ten="30,18000,2" yaku="1,1,2,1,0,1,52,2,54,1,53,0" doraHai="17" doraHaiUra="125" who="1" fromWho="1" sc="211,-61,277,203,201,-61,291,-61" /><INIT seed="1,2,0,3,0,122" ten="150,480,140,230" oya="1" hai0="10,118,0,44,56,47,49,74,109,119,19,94,72" hai1="103,123,87,117,62,32,66,22,4,14,121,25,38" hai2="5,79,40,61,21,101,85,90,12,73,1,124,58" hai3="111,43,102,28,3,52,115,31,112,57,15,20,33"/><U120/><E117/><V7/><F124/><W68/><G3/><T130/><D130/><U96/><E38/><V105/><F40/><W76/><G111/><T81/><D94/><U30/><E87/><V34/><F34/><W29/><G33/><T92/><D92/><U132/><E132/><V18/><F1/><W65/><G102/><T27/><D27/><U39/><E39/><V108/><F108/><W37/><G76/><T95/><D95/><U26/><E4/><V17/><F73/><W51/><G20/><T80/><D0/><U107/><E14/><V9/><F79/><W83/><G83/><T78/><D78/><U125/><E125/><V97/><F85/><W126/><G126/><T135/><D135/><U134/><E134/><V8/><F90/><W60/><REACH who="3" step="1"/><G15/><REACH who="3" ten="150,480,140,220" step="2"/><T98/><D109/><U23/><REACH who="1" step="1"/><E26/><REACH who="1" ten="150,470,140,220" step="2"/><V113/><F12/><W131/><G131/><T116/><D116/><U64/><E64/><V99/><F113/><W93/><G93/><T67/><D119/><U75/><E75/><V110/><F110/><W2/><G2/><T114/><D118/><U45/><E45/><AGARI ba="2,2" hai="28,29,31,37,43,45,51,52,57,60,65,68,112,115" machi="45" ten="40,8000,1" yaku="1,1,24,2,54,1,53,0" doraHai="122" doraHaiUra="89" who="3" fromWho="1" sc="150,0,470,-86,140,0,220,106" /><INIT seed="2,0,0,2,1,79" ten="150,384,140,326" oya="2" hai0="110,33,77,44,111,103,28,47,0,59,51,88,60" hai1="49,69,134,2,20,114,119,35,46,89,96,92,121" hai2="97,19,8,55,32,11,22,78,80,68,98,93,10" hai3="87,100,18,101,38,48,23,128,30,105,21,81,5"/><V73/><F32/><W132/><G38/><T40/><D0/><U64/><E114/><V37/><F68/><W131/><G132/><T109/><D103/><U83/><E119/><V86/><F37/><W12/><G5/><T45/><D77/><U91/><E2/><V3/><F3/><W42/><G105/><T16/><D16/><U76/><E35/><V29/><F29/><W72/><G72/><T65/><REACH who="0" step="1"/><D88/><REACH who="0" ten="140,384,140,326" step="2"/><U117/><E91/><V130/><F73/><W120/><G101/><T127/><D127/><U82/><E89/><V25/><F130/><W17/><G100/><T15/><D15/><U1/><E76/><V106/><F106/><W63/><G18/><T115/><D115/><U84/><E1/><V71/><F93/><W99/><G128/><T57/><D57/><U118/><E92/><V116/><F71/><W74/><G12/><T9/><D9/><U53/><E96/><V54/><F116/><W56/><G17/><T6/><D6/><U31/><E118/><V107/><F107/><W27/><G131/><T66/><D66/><U41/><E64/><V122/><F122/><W50/><G120/><T123/><D123/><U70/><E117/><V102/><REACH who="2" step="1"/><F102/><REACH who="2" ten="140,384,130,326" step="2"/><W34/><G74/><T4/><D4/><U94/><E121/><V125/><F125/><W62/><G30/><T67/><D67/><U129/><E129/><V26/><F26/><AGARI ba="0,2" hai="26,28,33,40,44,45,47,51,59,60,65,109,110,111" machi="26" ten="40,2600,0" yaku="1,1,14,1,53,0" doraHai="79" doraHaiUra="126" who="0" fromWho="2" sc="140,46,384,0,130,-26,326,0" /><INIT seed="3,0,0,2,3,70" ten="186,384,104,326" oya="3" hai0="80,101,65,9,98,36,60,10,4,7,124,76,50" hai1="8,71,74,112,66,35,72,87,52,89,81,39,105" hai2="45,113,100,18,85,16,31,5,25,94,57,92,123" hai3="88,55,103,107,12,130,128,14,22,3,90,77,106"/><W2/><G77/><T13/><D124/><U53/><E112/><V134/><F113/><W118/><G55/><T17/><D36/><U54/><E105/><N who="3" m="39946" /><G103/><T102/><D50/><U79/><E35/><V125/><F125/><W119/><G22/><T62/><D98/><U110/><E8/><V58/><F134/><W49/><G49/><T132/><D132/><U32/><E32/><V19/><F123/><W56/><G56/><T51/><D51/><U96/><E39/><V11/><F45/><W108/><G108/><T42/><D42/><U63/><REACH who="1" step="1"/><E110/><REACH who="1" ten="186,374,104,326" step="2"/><V15/><F100/><W133/><G133/><T47/><D10/><U26/><E26/><V84/><F25/><W61/><G119/><T109/><D109/><U59/><E59/><N who="2" m="22539" /><F31/><W37/><G37/><T43/><D9/><U131/><E131/><N who="3" m="50218" /><G61/><T0/><D60/><U40/><E40/><V38/><F38/><W67/><G118/><T127/><D127/><U64/><E64/><V126/><F126/><W97/><G67/><T114/><D65/><U69/><E69/><V99/><F99/><W29/><G97/><T121/><D62/><U117/><E117/><V75/><F75/><W78/><G29/><T46/><D43/><U6/><E6/><V44/><F44/><W91/><G78/><T122/><D76/><U27/><E27/><V120/><F120/><W41/><G41/><T86/><D121/><U30/><E30/><V73/><F73/><W129/><G129/><T95/><D122/><U28/><E28/><V83/><F85/><W1/><AGARI ba="0,1" hai="1,2,3,12,14,88,90,91" m="50218,39946" machi="1" ten="50,12000,1" yaku="28,2,19,1,54,1" doraHai="70" who="3" fromWho="3" sc="186,-40,374,-40,104,-40,326,130" /><INIT seed="3,1,0,2,0,78" ten="146,334,64,456" oya="3" hai0="127,99,67,131,48,103,18,134,112,39,21,115,41" hai1="6,63,121,69,29,47,25,64,74,97,106,52,61" hai2="132,130,128,73,105,120,102,118,59,8,68,71,75" hai3="32,22,92,2,44,66,100,129,77,108,80,72,1"/><W81/><G129/><N who="2" m="49769" /><F59/><W107/><G32/><T46/><D131/><U54/><E121/><V125/><F8/><W110/><G107/><T79/><D127/><U31/><E74/><N who="2" m="28171" /><F118/><W36/><G66/><T62/><D79/><U133/><E133/><V4/><F4/><W0/><G22/><T76/><D76/><U13/><E6/><V40/><F40/><N who="3" m="22535" /><G72/><T117/><D134/><U49/><E13/><V124/><F132/><W7/><G77/><T14/><D117/><U89/><E63/><V34/><F34/><W27/><G27/><T20/><D20/><U43/><E31/><V35/><F35/><W84/><G7/><T60/><D39/><U45/><E45/><V114/><F114/><N who="0" m="43562" /><D67/><U38/><E38/><V70/><F120/><W119/><G119/><T126/><D126/><N who="2" m="48746" /><F102/><W101/><G101/><T55/><D55/><U51/><E54/><V37/><F37/><W23/><G23/><T90/><D103/><N who="1" m="62831" /><E51/><V65/><F65/><W98/><G2/><T113/><D113/><U111/><E52/><V57/><F57/><W33/><G33/><T42/><D42/><U122/><E122/><V28/><F28/><W3/><G3/><T50/><D50/><U16/><E49/><V96/><F96/><W83/><G0/><T109/><D48/><U82/><E64/><V58/><F58/><W19/><G1/><T5/><D5/><U116/><E116/><V11/><F11/><W93/><G19/><T95/><D46/><U104/><E47/><V15/><F15/><W24/><G24/><T9/><D14/><U10/><E25/><V53/><F53/><RYUUKYOKU ba="1,0" sc="146,-15,334,-15,64,15,456,15" hai2="68,70,71,105" hai3="80,81,83,84,92,93,98,100,108,110" /><INIT seed="3,2,0,1,0,120" ten="131,319,79,471" oya="3" hai0="115,111,100,89,38,98,20,81,74,19,132,46,50" hai1="82,102,51,43,27,34,52,1,4,21,2,68,11" hai2="86,88,93,30,77,117,14,135,106,59,65,119,41" hai3="18,42,90,67,7,85,124,28,31,6,99,116,114"/><W91/><G116/><T3/><D38/><U126/><E68/><V69/><F135/><W33/><G114/><T87/><D3/><U103/><E2/><V44/><F106/><W101/><G124/><T58/><D132/><U80/><E43/><V78/><F69/><W133/><G133/><T25/><D115/><U121/><E121/><V94/><F30/><W9/><G33/><T61/><D74/><U134/><E134/><V35/><F35/><W0/><G7/><T5/><D5/><U104/><E34/><V15/><F117/><W127/><G127/><T75/><D75/><U123/><E123/><V32/><F32/><W92/><G42/><T72/><D72/><U57/><E126/><V109/><F119/><W66/><G91/><T70/><D70/><U16/><REACH who="1" step="1"/><E104/><REACH who="1" ten="131,309,79,471" step="2"/><V108/><F14/><W118/><G118/><T130/><D25/><U125/><E125/><V110/><F15/><W79/><G0/><T37/><D37/><U36/><E36/><N who="2" m="21543" /><F94/><W53/><G92/><T45/><D81/><AGARI ba="2,1" hai="1,4,11,16,21,27,51,52,57,80,81,82,102,103" machi="81" ten="40,5200,0" yaku="1,1,54,2,53,0" doraHai="120" doraHaiUra="8" who="1" fromWho="0" sc="131,-58,309,68,79,0,471,0" /><INIT seed="4,0,0,4,0,83" ten="73,377,79,471" oya="0" hai0="93,134,5,43,80,79,55,91,82,125,52,14,98" hai1="15,109,66,129,106,27,89,73,48,77,46,17,7" hai2="75,26,121,111,56,3,119,74,105,126,86,96,124" hai3="72,20,19,47,37,128,29,110,60,65,45,35,23"/><T100/><D134/><U31/><E109/><V133/><F3/><W12/><G110/><T103/><D125/><N who="2" m="48234" /><F111/><W59/><G128/><T11/><D43/><U85/><E129/><V54/><F121/><W69/><G72/><T127/><D127/><U13/><E106/><V118/><F26/><W71/><G35/><T38/><D38/><U0/><E66/><V97/><F54/><N who="0" m="20522" /><D79/><U40/><E77/><V32/><F56/><W88/><G37/><T70/><D70/><U99/><E99/><N who="2" m="37963" /><F32/><W90/><G71/><T114/><D114/><U107/><E73/><N who="2" m="27659" /><F105/><W34/><G34/><T92/><D103/><U130/><E107/><V63/><F63/><W44/><G69/><T8/><D8/><U6/><E130/><V101/><F101/><W58/><G58/><T112/><D112/><U122/><E0/><V51/><F51/><W62/><G62/><T113/><D113/><U21/><E122/><V41/><F41/><W76/><G59/><T30/><D30/><U42/><E42/><V120/><F120/><W25/><G60/><T84/><AGARI ba="0,0" hai="5,11,14,80,82,84,91,92,93,98,100" m="20522" machi="84" ten="30,6000,0" yaku="8,1,52,1,54,1" doraHai="83" who="0" fromWho="0" sc="73,60,377,-20,79,-20,471,-20" /><INIT seed="4,1,0,0,0,87" ten="133,357,59,451" oya="0" hai0="84,20,56,4,44,60,16,77,83,53,0,123,71" hai1="55,125,40,41,121,97,102,131,126,10,134,29,28" hai2="117,63,75,27,101,92,50,120,11,64,45,51,122" hai3="22,58,18,74,111,105,48,98,35,95,15,17,6"/><T78/><D123/><U66/><E121/><V129/><F75/><W80/><G105/><T47/><D71/><U132/><E66/><V3/><F129/><W24/><G111/><T7/><D77/><U61/><E10/><V70/><F117/><W88/><G35/><T128/><D128/><U72/><E72/><V30/><F50/><W65/><G74/><T135/><D135/><N who="1" m="51755" /><E131/><V90/><F101/><W5/><G80/><T110/><D110/><U57/><E29/><V43/><F11/><N who="3" m="6399" /><G48/><T2/><D2/><U14/><E14/><V25/><F3/><W73/><G73/><T96/><D96/><U99/><E28/><V62/><F62/><AGARI ba="1,0" hai="5,6,18,22,24,58,62,65,88,95,98" m="6399" machi="62" ten="30,3900,0" yaku="8,1,52,1,54,1" doraHai="87" who="3" fromWho="2" sc="133,0,357,0,59,-42,451,42" /><INIT seed="5,0,0,4,1,26" ten="133,357,17,493" oya="1" hai0="69,53,61,0,62,40,82,11,131,91,108,100,101" hai1="74,78,75,132,31,45,67,129,96,7,73,4,121" hai2="128,29,66,54,49,18,65,24,88,34,118,21,98" hai3="47,20,84,35,58,114,39,41,59,130,22,28,112"/><U79/><E121/><V64/><F128/><W36/><G130/><T135/><D108/><U111/><E129/><V90/><F118/><W38/><G84/><T51/><D135/><U110/><E132/><V116/><F116/><W117/><G117/><T93/><D82/><U85/><E96/><V127/><F127/><W5/><G5/><N who="1" m="2122" /><E45/><V115/><F115/><N who="3" m="44075" /><G35/><T125/><D125/><U104/><E85/><V94/><F90/><W77/><G77/><N who="1" m="29194" /><E67/><V23/><REACH who="2" step="1"/><F18/><REACH who="2" ten="133,357,7,493" step="2"/><W71/><G71/><T1/><D69/><U25/><E104/><V15/><F15/><W10/><G36/><T12/><D131/><U81/><E81/><V55/><F55/><W14/><G39/><T102/><D53/><U6/><N who="1" m="2130" /><U107/><DORA hai="46" /><E107/><V87/><F87/><W123/><G123/><T106/><D106/><U70/><E70/><V105/><F105/><W52/><G38/><T56/><D0/><U68/><E68/><V43/><F43/><W109/><G41/><T9/><D40/><U13/><E13/><V32/><F32/><W95/><G14/><T113/><D1/><U37/><E37/><V134/><F134/><W103/><G95/><T8/><D12/><U16/><E16/><V120/><F120/><W86/><G86/><N who="0" m="52471" /><D113/><U44/><E110/><V80/><F80/><W126/><G109/><T119/><D119/><U60/><E111/><V42/><F42/><W19/><G126/><T17/><D17/><U72/><E74/><V124/><F124/><W97/><G19/><T30/><D8/><U122/><E73/><V83/><F83/><W133/><G133/><RYUUKYOKU ba="0,1" sc="133,-10,357,-10,7,30,493,-10" hai2="21,23,24,29,34,49,54,64,65,66,88,94,98" /><INIT seed="6,1,1,0,3,84" ten="123,347,37,483" oya="2" hai0="9,20,56,58,114,130,90,135,124,50,28,122,106" hai1="126,47,5,109,59,133,102,86,57,1,19,32,48" hai2="12,107,76,98,17,34,55,113,46,61,3,79,40" hai3="65,116,37,52,93,81,89,22,21,117,54,105,64"/><V16/><F113/><W74/><G105/><T45/><D122/><U60/><E109/><V11/><F34/><W2/><G37/><T95/><D106/><U91/><E32/><V119/><F119/><W96/><G2/><T112/><D135/><U66/><E133/><V75/><F75/><W94/><G74/><T51/><D130/><U27/><E126/><V53/><F3/><W70/><G81/><T30/><D9/><U87/><E102/><V10/><F107/><W38/><G38/><T42/><D124/><U99/><E5/><V103/><F61/><W35/><G35/><T29/><D20/><N who="1" m="13727" /><E59/><V71/><F71/><W97/><G70/><T100/><D100/><U15/><E15/><V13/><F79/><W33/><G33/><T101/><D101/><U43/><E1/><V83/><F98/><W80/><G80/><T134/><D134/><U6/><E6/><V44/><F103/><W69/><G69/><T110/><D110/><U78/><E78/><V120/><F120/><W129/><REACH who="3" step="1"/><G89/><REACH who="3" ten="123,347,37,473" step="2"/><T24/><D112/><U115/><E115/><V8/><F83/><W23/><G23/><T67/><D114/><U92/><AGARI ba="1,2" hai="43,47,48,57,60,66,86,87,91,92,99" m="13727" machi="92" ten="30,2000,0" yaku="8,1,52,1" doraHai="84" who="1" fromWho="1" sc="123,-6,347,43,37,-11,473,-6" /><INIT seed="7,0,0,4,0,40" ten="117,390,26,467" oya="3" hai0="78,45,46,1,80,128,107,41,16,115,86,82,14" hai1="2,7,9,84,10,90,76,19,71,135,121,26,81" hai2="127,36,35,52,96,39,126,28,8,131,3,38,72" hai3="44,66,51,105,5,132,56,88,60,15,123,130,116"/><W22/><G116/><T98/><D1/><U110/><E110/><V103/><F131/><W75/><G105/><T57/><D128/><U133/><E71/><V77/><F52/><N who="3" m="29799" /><G75/><T95/><D107/><U50/><E121/><V122/><F122/><W102/><G132/><T32/><D32/><U33/><E33/><V113/><F113/><W85/><G123/><T20/><D115/><U94/><E26/><V73/><F96/><W47/><G130/><T68/><D68/><U87/><E19/><V74/><F103/><W6/><G47/><N who="0" m="17931" /><D57/><U37/><E50/><V54/><F54/><W34/><G102/><N who="0" m="60767" /><D82/><U117/><E37/><V100/><F100/><W21/><G34/><T79/><D41/><U119/><REACH who="1" step="1"/><E10/><REACH who="1" ten="117,380,26,467" step="2"/><V62/><F62/><W23/><G15/><T55/><D14/><U104/><E104/><V108/><F108/><W24/><G24/><T112/><D112/><U59/><E59/><V83/><F126/><W120/><G120/><T89/><D16/><U48/><E48/><V25/><REACH who="2" step="1"/><F127/><REACH who="2" ten="117,380,16,467" step="2"/><W125/><G125/><T12/><D55/><U111/><E111/><V58/><F58/><W13/><G13/><T118/><D12/><U70/><E70/><V61/><F61/><W49/><G49/><T0/><D0/><U63/><E63/><V53/><F53/><W4/><G4/><AGARI ba="0,2" hai="3,4,8,25,28,35,36,38,39,72,73,74,77,83" machi="4" ten="40,8000,1" yaku="1,1,33,3,53,0" doraHai="40" doraHaiUra="67" who="2" fromWho="3" sc="117,0,380,0,16,100,467,-80" owari="117,-28.3,380,18.0,116,-38.4,387,48.7" /></mjloggm>