<mjloggm ver="2.3"><GO type="169" lobby="0"/><UN n0="%68%69%72%6F%30%33%30%39" n1="%E3%81%A6%E3%81%A4%EF%BC%A3" n2="%E3%81%82%E3%81%95%E3%81%B4%E3%82%93%EF%BC%A0%EF%BD%8D%EF%BD%8A" n3="%E3%83%94%E3%83%B3%E3%82%B5%E3%83%AD%E5%BA%97%E5%93%A1" dan="16,16,18,17" rate="2070.55,2134.39,2275.61,2278.73" sx="M,M,M,M"/><TAIKYOKU oya="0"/><INIT seed="0,0,0,3,4,113" ten="250,250,250,250" oya="0" hai0="95,114,6,118,40,75,24,97,81,21,53,15,79" hai1="126,34,121,101,64,28,91,96,27,54,100,85,131" hai2="133,44,109,13,56,4,55,52,29,103,119,102,65" hai3="20,19,99,90,120,83,125,57,12,135,18,7,45"/><T98/><D114/><U127/><E121/><V39/><F109/><W0/><G135/><T16/><D40/><U132/><E132/><V72/><F133/><W129/><G129/><T94/><D53/><U82/><E131/><V78/><F29/><W48/><G125/><T31/><D6/><U106/><E101/><V123/><F123/><W105/><G120/><T130/><D130/><U10/><E10/><V62/><F119/><W74/><G57/><T124/><D124/><U2/><E2/><V73/><F55/><W134/><G134/><T67/><D67/><U92/><E54/><V59/><F44/><W116/><G19/><T30/><D30/><U107/><E107/><V86/><F39/><W89/><G116/><T14/><D14/><U3/><E3/><V69/><F73/><W93/><G105/><T25/><D118/><U77/><REACH who="1" step="1"/><E64/><REACH who="1" ten="250,240,250,250" step="2"/><V17/><F52/><W87/><G0/><T32/><REACH who="0" step="1"/><D15/><REACH who="0" ten="240,240,250,250" step="2"/><U61/><E61/><V36/><F13/><W43/><G7/><T26/><D26/><U112/><E112/><V111/><F62/><W63/><G63/><T76/><D76/><U71/><E71/><V1/><F78/><W110/><G110/><T108/><D108/><U58/><E58/><V80/><F59/><W5/><G5/><T11/><D11/><U66/><E66/><V9/><F56/><W23/><REACH who="3" step="1"/><G74/><AGARI ba="0,2" hai="27,28,34,74,77,82,85,91,92,96,100,106,126,127" machi="74" ten="40,8000,1" yaku="1,1,24,2,53,1" doraHai="113" doraHaiUra="22" who="1" fromWho="3" sc="240,0,240,100,250,0,250,-80" /><INIT seed="1,0,0,0,4,36" ten="240,340,250,170" oya="1" hai0="22,4,70,16,66,33,62,61,72,55,115,116,92" hai1="51,117,69,67,99,56,39,110,6,101,53,106,28" hai2="78,86,14,83,58,84,126,54,76,7,44,90,5" hai3="97,37,46,105,131,11,103,43,73,134,120,133,123"/><U71/><E117/><V0/><F0/><W113/><G113/><T18/><D115/><U130/><E130/><V63/><F126/><W24/><G131/><T3/><D116/><U60/><E6/><V77/><F14/><W47/><G73/><T122/><D33/><U111/><E28/><V65/><F86/><W82/><G82/><T74/><D122/><U38/><REACH who="1" step="1"/><E69/><REACH who="1" ten="240,330,250,170" step="2"/><V93/><F83/><W41/><G11/><T119/><D4/><U15/><E15/><V50/><AGARI ba="0,1" hai="5,7,44,50,54,58,63,65,76,77,78,84,90,93" machi="50" ten="30,2000,0" yaku="0,1,8,1" doraHai="36" who="2" fromWho="2" sc="240,-5,330,-10,250,30,170,-5" /><INIT seed="2,0,0,2,1,115" ten="235,320,280,165" oya="2" hai0="21,59,85,36,13,110,104,10,3,117,62,53,41" hai1="80,120,97,103,44,39,75,18,102,11,23,2,100" hai2="112,4,34,83,128,16,114,54,66,47,106,43,124" hai3="8,6,119,20,99,72,126,91,94,76,131,17,48"/><V60/><F34/><W135/><G131/><T71/><D104/><U56/><E120/><V38/><F106/><W79/><G135/><T55/><D3/><U24/><E56/><V0/><F128/><W109/><G109/><T22/><D71/><U31/><E97/><V105/><F105/><W61/><G126/><T93/><D110/><U64/><E64/><V68/><F124/><W95/><G72/><T19/><D55/><U26/><E75/><V111/><F111/><W5/><G119/><T121/><D121/><U45/><E80/><V12/><F83/><W89/><G48/><T133/><D133/><U49/><E39/><V42/><F42/><W107/><G61/><T7/><D36/><U52/><E44/><V87/><F87/><W101/><G107/><T81/><D93/><U84/><E84/><V125/><F125/><W9/><G101/><T122/><D41/><U25/><E2/><V127/><F127/><W50/><G50/><T32/><D32/><U134/><E134/><V77/><F77/><W29/><G29/><T27/><D122/><U113/><E113/><V73/><F73/><W65/><G65/><T86/><D117/><U78/><E78/><V30/><F30/><W92/><G92/><T15/><REACH who="0" step="1"/><D81/><REACH who="0" ten="225,320,280,165" step="2"/><U58/><E58/><V108/><F108/><W88/><G95/><T33/><D33/><U35/><E35/><V123/><F123/><W129/><G129/><T82/><D82/><U69/><E69/><V132/><F132/><W130/><G130/><T74/><D74/><U28/><E28/><AGARI ba="0,1" hai="7,10,13,15,19,21,22,27,28,53,59,62,85,86" machi="28" ten="30,7700,0" yaku="1,1,7,1,8,1,53,1" doraHai="115" doraHaiUra="57" who="0" fromWho="1" sc="225,87,320,-77,280,0,165,0" /><INIT seed="3,0,0,5,0,71" ten="312,243,280,165" oya="3" hai0="5,48,63,94,31,54,69,108,60,39,14,44,85" hai1="62,133,114,35,100,111,70,84,119,51,86,59,26" hai2="122,3,117,4,34,109,29,80,9,58,130,7,43" hai3="16,101,15,99,73,61,110,32,10,17,20,52,97"/><W96/><G32/><T112/><D31/><U115/><E111/><V82/><F117/><W46/><G73/><T50/><D108/><U126/><E119/><V124/><F109/><W24/><G110/><T47/><D5/><U76/><E133/><V92/><F130/><W88/><G101/><T42/><D14/><U121/><E121/><V1/><F122/><W129/><G129/><T65/><D94/><U75/><E126/><V57/><F124/><W13/><G13/><T98/><D85/><U116/><E100/><V118/><F118/><W104/><G104/><T74/><D98/><U132/><E132/><V83/><F92/><N who="3" m="56327" /><G46/><N who="0" m="23903" /><D74/><U107/><E107/><V66/><F66/><W2/><G2/><T40/><D112/><U128/><E128/><V135/><F43/><W33/><G33/><T36/><D63/><U67/><E116/><V64/><F135/><W89/><G89/><T68/><D69/><U53/><E115/><V6/><F1/><W38/><G38/><AGARI ba="0,0" hai="36,38,40,44,47,48,50,54,60,65,68" m="23903" machi="38" ten="30,16000,3" yaku="35,5,52,3" doraHai="71" who="0" fromWho="3" sc="312,160,243,0,280,0,165,-160" /><INIT seed="4,0,0,3,5,108" ten="472,243,280,5" oya="0" hai0="61,74,91,59,30,56,17,7,135,100,127,106,28" hai1="22,104,77,1,32,3,26,96,23,75,51,97,21" hai2="72,41,19,126,43,53,44,14,130,134,83,6,120" hai3="131,111,0,99,58,20,68,109,121,63,124,117,76"/><T119/><D119/><U35/><E75/><V98/><F120/><W49/><G0/><T90/><D74/><U34/><E77/><V118/><F6/><W10/><G10/><T66/><D135/><U133/><E51/><V123/><F123/><W112/><G121/><T71/><D127/><U18/><E104/><V93/><F126/><W92/><G124/><T25/><D7/><U84/><E84/><V45/><F134/><W82/><G117/><T80/><D17/><N who="1" m="12591" /><E96/><V94/><F118/><W105/><G105/><T87/><D90/><U52/><E52/><V8/><F130/><W55/><G131/><T54/><D54/><U50/><E50/><N who="2" m="28879" /><F72/><W39/><G39/><T15/><D100/><U88/><E88/><N who="2" m="55591" /><F44/><W57/><G68/><T12/><D106/><U9/><E97/><V128/><F128/><W69/><G69/><T114/><D71/><U89/><E89/><V36/><F36/><W101/><G20/><N who="1" m="7722" /><E133/><V31/><F31/><W107/><G107/><T129/><D30/><U81/><E81/><V64/><F83/><W13/><G13/><AGARI ba="0,0" hai="1,3,9,13,18,32,34,35" m="7722,12591" machi="13" ten="40,8000,1" yaku="35,5" doraHai="108" who="1" fromWho="3" sc="472,0,243,80,280,0,5,-80" owari="472,57.2,323,12.3,280,-12.0,-75,-57.5" /></mjloggm>