<mjloggm ver="2.3"><GO type="169" lobby="0"/><UN n0="%E7%94%9F%E5%BE%92%E4%BC%9A%E3%80%90%E5%BA%8F%E3%80%91" n1="%E3%81%82%E3%81%BE%E3%81%82%E3%82%93" n2="%4E%65%6D%6F" n3="%72%65%62%65%65%72" dan="17,17,16,16" rate="2173.87,2124.37,2096.89,2170.22" sx="M,M,M,M"/><TAIKYOKU oya="0"/><INIT seed="0,0,0,2,3,84" ten="250,250,250,250" oya="0" hai0="11,122,48,128,114,93,105,89,40,88,127,68,77" hai1="33,15,117,78,110,9,112,21,67,99,7,115,24" hai2="118,50,18,131,92,133,51,26,130,71,85,36,107" hai3="79,27,73,134,54,52,90,46,121,28,35,74,82"/><T22/><D68/><U125/><E78/><V63/><F107/><W76/><G134/><T81/><D105/><U42/><E42/><V17/><F36/><W39/><G121/><T135/><D122/><U126/><E67/><N who="2" m="41471" /><F133/><W38/><G79/><T120/><D120/><U44/><E44/><V65/><F65/><W57/><G74/><T8/><D135/><U87/><E99/><V12/><F26/><W129/><G129/><N who="2" m="49161" /><F118/><W72/><G72/><T106/><D106/><U119/><E87/><V69/><F69/><W116/><G116/><N who="1" m="44618" /><E33/><V1/><F1/><W37/><G46/><N who="0" m="25671" /><D127/><N who="1" m="48651" /><E110/><V66/><F66/><W75/><G75/><T59/><D114/><U2/><E2/><V43/><F43/><W20/><G35/><T124/><D124/><U103/><E103/><V91/><F18/><AGARI ba="0,0" hai="7,9,15,18,21,24,112,115" m="48651,44618" machi="18" ten="30,3900,0" yaku="18,1,34,2" doraHai="84" who="1" fromWho="2" sc="250,0,250,39,250,-39,250,0" /><INIT seed="1,0,0,5,5,25" ten="250,289,211,250" oya="1" hai0="15,107,66,78,115,77,4,134,84,92,0,98,63" hai1="53,46,72,60,110,87,47,91,132,29,81,13,19" hai2="114,126,88,20,99,9,113,65,7,125,76,116,32" hai3="69,112,95,117,82,94,56,54,37,75,70,31,62"/><U61/><E132/><V55/><F116/><W45/><G112/><N who="2" m="43113" /><F32/><W57/><G117/><T130/><D134/><U26/><E72/><V93/><F65/><W48/><G37/><T42/><D130/><U102/><E102/><V80/><F55/><W21/><G70/><T58/><D0/><U33/><E110/><V133/><F20/><W68/><G68/><T27/><D107/><U44/><REACH who="1" step="1"/><E53/><REACH who="1" ten="250,279,211,250" step="2"/><V127/><F133/><W108/><G108/><T8/><D115/><U83/><E83/><V38/><F38/><W40/><G75/><T28/><D42/><U17/><E17/><V73/><F126/><W52/><G82/><T71/><D71/><U97/><E97/><V131/><F131/><W104/><G69/><T3/><D84/><U129/><E129/><V100/><F100/><W79/><G104/><T10/><D98/><U36/><E36/><V12/><AGARI ba="0,1" hai="7,9,12,73,76,80,88,93,99,125,127" m="43113" machi="12" ten="30,2000,0" yaku="11,1,54,1" doraHai="25" who="2" fromWho="2" sc="250,-5,279,-10,211,30,250,-5" /><INIT seed="2,0,0,2,4,44" ten="245,269,241,245" oya="2" hai0="53,59,119,135,3,83,20,31,111,51,5,86,29" hai1="101,65,57,67,43,106,11,112,76,70,25,95,69" hai2="39,88,19,62,8,72,117,97,85,37,49,74,60" hai3="63,17,107,2,130,33,116,134,94,64,127,129,103"/><V42/><F117/><W24/><G116/><T91/><D111/><U36/><E106/><V58/><F97/><W125/><G2/><T22/><D135/><U21/><E112/><V48/><F74/><W56/><G107/><T133/><D133/><U9/><E76/><V34/><F72/><W71/><G134/><T27/><D119/><U102/><E43/><V124/><F34/><W114/><G114/><T77/><D3/><U96/><E36/><V15/><F124/><N who="3" m="47691" /><G71/><T4/><D77/><U122/><E122/><V18/><F18/><W84/><G84/><T41/><D41/><U32/><E32/><V6/><F6/><W80/><G80/><T118/><D118/><U110/><E110/><V89/><F89/><W82/><G82/><T90/><D90/><U61/><E102/><V7/><F7/><W79/><G79/><T100/><D100/><U104/><E104/><V93/><F62/><W46/><G33/><T128/><D128/><U52/><E70/><V54/><REACH who="2" step="1"/><F39/><REACH who="2" ten="245,269,231,245" step="2"/><W73/><G73/><T47/><D5/><U10/><E69/><V23/><F23/><N who="3" m="13423" /><G130/><T78/><D4/><U14/><REACH who="1" step="1"/><E14/><REACH who="1" ten="245,259,231,245" step="2"/><V30/><F30/><AGARI ba="0,2" hai="9,10,11,21,25,30,52,57,61,65,67,95,96,101" machi="30" ten="40,8000,1" yaku="1,1,2,1,8,1,54,1,53,0" doraHai="44" doraHaiUra="35" who="1" fromWho="2" sc="245,0,259,100,231,-80,245,0" /><INIT seed="3,0,0,5,0,98" ten="245,359,151,245" oya="3" hai0="73,93,87,6,117,17,11,81,58,113,56,70,54" hai1="89,112,0,40,76,46,85,49,67,99,13,101,21" hai2="65,74,75,9,86,96,66,133,30,4,59,3,57" hai3="109,126,62,95,100,32,110,122,14,27,94,22,8"/><W120/><G32/><T2/><D70/><U69/><E0/><V15/><F133/><W128/><G128/><T72/><D117/><U90/><E112/><V121/><F121/><W39/><G39/><T111/><D111/><N who="3" m="42505" /><G95/><T78/><D113/><U43/><E43/><V29/><F3/><W105/><G94/><T5/><D5/><U91/><E69/><V83/><F75/><W25/><G62/><T7/><D7/><U45/><E67/><N who="2" m="25611" /><F74/><W130/><G130/><T92/><D56/><N who="2" m="21578" /><F96/><N who="3" m="61575" /><G126/><T135/><D135/><U80/><E49/><V34/><F34/><W84/><G84/><T106/><D106/><U129/><E85/><V55/><F55/><W134/><G134/><T20/><D73/><U42/><E129/><V12/><F12/><W10/><G27/><T28/><D72/><U63/><E63/><V79/><AGARI ba="0,0" hai="4,9,15,29,30,79,83,86" m="21578,25611" machi="79" ten="30,1100,0" yaku="8,1" doraHai="98" who="2" fromWho="2" sc="245,-3,359,-3,151,11,245,-5" /><INIT seed="4,0,0,1,2,106" ten="242,356,162,240" oya="0" hai0="99,116,110,36,129,58,128,127,122,109,47,63,67" hai1="111,1,39,10,120,27,18,102,86,40,43,59,90" hai2="25,84,100,42,9,135,14,50,41,89,75,124,22" hai3="132,105,104,30,103,66,108,112,46,45,119,33,71"/><T44/><D99/><U52/><E111/><N who="0" m="42505" /><D116/><U51/><E120/><V7/><F124/><W26/><G119/><T53/><D122/><U57/><E102/><V98/><F135/><W96/><G105/><T133/><D133/><U60/><E39/><V70/><F70/><W54/><G108/><T19/><D19/><U24/><E1/><V125/><F125/><W107/><G107/><T49/><D127/><U72/><E72/><V88/><F75/><W15/><G132/><T31/><D31/><U81/><E10/><V115/><F115/><W56/><G112/><T37/><D47/><U85/><E85/><V80/><F50/><W134/><G134/><T126/><D126/><U68/><E68/><V0/><F0/><W3/><G3/><T95/><D95/><U35/><E35/><V11/><F11/><W101/><G15/><T20/><D20/><N who="1" m="13335" /><E27/><V93/><REACH who="2" step="1"/><F100/><REACH who="2" ten="242,356,152,240" step="2"/><W69/><G103/><T8/><D8/><U113/><E113/><V29/><AGARI ba="0,1" hai="7,9,14,22,25,29,41,42,80,84,88,89,93,98" machi="29" ten="20,12000,2" yaku="1,1,2,1,0,1,7,1,8,1,54,1,53,0" doraHai="106" doraHaiUra="118" who="2" fromWho="2" sc="242,-60,356,-30,152,130,240,-30" /><INIT seed="5,0,0,0,0,19" ten="182,326,282,210" oya="1" hai0="38,53,35,104,13,7,89,3,33,70,21,48,101" hai1="126,49,75,36,119,90,56,94,59,73,124,92,83" hai2="4,14,10,129,80,29,41,118,107,66,31,46,125" hai3="17,93,27,88,96,63,121,18,26,55,130,47,109"/><U134/><E36/><V95/><F118/><W69/><G121/><T6/><D70/><U40/><E119/><V37/><F107/><W58/><G109/><T87/><D38/><U11/><E134/><V71/><F129/><W62/><G130/><T2/><D104/><U98/><E11/><V115/><F125/><W103/><G47/><T51/><D101/><U127/><E94/><V106/><F106/><W64/><G27/><T0/><D51/><U120/><E120/><V23/><F115/><W67/><G103/><T24/><D13/><U114/><E114/><V60/><F95/><W82/><G82/><T122/><D122/><U50/><E83/><V105/><F105/><W15/><G26/><T61/><D61/><U78/><E78/><V84/><REACH who="2" step="1"/><F23/><REACH who="2" ten="182,326,272,210" step="2"/><W34/><G34/><T9/><D33/><U131/><E131/><V44/><F44/><W76/><G76/><AGARI ba="0,1" hai="4,10,14,29,31,37,41,46,60,66,71,76,80,84" machi="76" ten="30,2000,0" yaku="1,1,7,1,53,0" doraHai="19" doraHaiUra="54" who="2" fromWho="3" sc="182,0,326,0,272,30,210,-20" /><INIT seed="6,0,0,2,5,107" ten="182,326,302,190" oya="2" hai0="17,34,42,124,58,69,48,75,127,133,114,40,111" hai1="72,3,11,43,98,119,109,90,93,54,13,84,39" hai2="35,41,85,62,117,22,53,95,73,1,130,79,65" hai3="102,96,103,89,47,71,88,37,82,4,16,112,108"/><V49/><F35/><W126/><G71/><T25/><D111/><U120/><E119/><V50/><F117/><W116/><G108/><T20/><D69/><U51/><E3/><V81/><F1/><W77/><G4/><T52/><D133/><U134/><E134/><V31/><F130/><W60/><G60/><T99/><D114/><U132/><E132/><V8/><F8/><W23/><G116/><T33/><D99/><U105/><E72/><V45/><F31/><W26/><G103/><T70/><D70/><U125/><E125/><N who="0" m="48201" /><D75/><U2/><E2/><V21/><F95/><W63/><G126/><T104/><D104/><U59/><E120/><V135/><F85/><W28/><G112/><T24/><D24/><U86/><E105/><V87/><F87/><W55/><G28/><T67/><D67/><U57/><E39/><V10/><F10/><W19/><G19/><T78/><D78/><U122/><E122/><V6/><F6/><W100/><G100/><T118/><D118/><U97/><E97/><V123/><F123/><W128/><G128/><T5/><D5/><N who="1" m="3311" /><E43/><AGARI ba="0,0" hai="17,20,25,33,34,40,42,43,48,52,58" m="48201" machi="43" ten="30,2000,0" yaku="18,1,54,1" doraHai="107" who="0" fromWho="1" sc="182,20,326,-20,302,0,190,0" /><INIT seed="7,0,0,4,5,100" ten="202,306,302,190" oya="3" hai0="97,135,88,65,25,92,44,111,15,98,84,36,31" hai1="41,16,119,75,59,62,82,96,20,105,69,131,81" hai2="130,28,109,54,76,48,9,13,74,87,50,71,132" hai3="42,85,46,7,26,12,14,30,51,22,115,39,79"/><W78/><G115/><T134/><D111/><U128/><E69/><V106/><F109/><W112/><G112/><T110/><D110/><U60/><E41/><V53/><F106/><W124/><G124/><T108/><D108/><U10/><E10/><V94/><F71/><W93/><G39/><T66/><D36/><U80/><E75/><V56/><F74/><W34/><G34/><T64/><D44/><U24/><E119/><V0/><F0/><W27/><G27/><T35/><REACH who="0" step="1"/><D15/><REACH who="0" ten="192,306,302,190" step="2"/><N who="3" m="5673" /><G7/><T104/><D104/><U72/><E105/><V52/><F132/><AGARI ba="0,1" hai="25,31,35,64,65,66,84,88,92,97,98,132,134,135" machi="132" ten="40,5200,0" yaku="1,1,20,1,54,1,53,0" doraHai="100" doraHaiUra="122" who="0" fromWho="2" sc="192,62,306,0,302,-52,190,0" owari="254,5.4,306,40.6,250,-15.0,190,-31.0" /></mjloggm>