<mjloggm ver="2.3"><GO type="169" lobby="0"/><UN n0="%63%61%72%6C%6F%73%6E" n1="%E3%81%9B%E3%81%A9%E3%81%AA%E3%82%8A%E3%81%82%E3%82%93" n2="%E3%82%AD%E3%83%B3%E3%82%B0%E3%81%82%E3%81%A4%E3%81%97" n3="%73%61%6E%64%69%72%69%73" dan="17,17,16,17" rate="2217.04,2202.43,2162.86,2206.81" sx="M,F,M,M"/><TAIKYOKU oya="0"/><INIT seed="0,0,0,5,4,46" ten="250,250,250,250" oya="0" hai0="122,27,23,24,7,85,67,100,53,117,103,112,90" hai1="40,13,113,129,134,106,4,8,104,43,5,47,96" hai2="26,22,94,57,56,59,62,9,82,35,87,28,77" hai3="126,99,84,109,6,41,131,89,111,119,55,72,108"/><T34/><D112/><U44/><E129/><V125/><F125/><W64/><G119/><T118/><D122/><U33/><E33/><V114/><F114/><W66/><G72/><T74/><D74/><U3/><E134/><V71/><F71/><W48/><G126/><T70/><D7/><U42/><E113/><V93/><F35/><W110/><N who="3" m="27648" /><DORA hai="120" /><W61/><G131/><T37/><D37/><U75/><E75/><V97/><F9/><W11/><G99/><T88/><D34/><U12/><E96/><V116/><F93/><N who="3" m="54439" /><G41/><T17/><D27/><U29/><E42/><V130/><F116/><W107/><G61/><T51/><D103/><U54/><E43/><V25/><F25/><W45/><G107/><T14/><D24/><U115/><E40/><V52/><REACH who="2" step="1"/><F130/><REACH who="2" ten="250,250,240,250" step="2"/><W76/><G76/><T1/><D118/><U133/><E115/><V86/><F86/><W0/><AGARI ba="0,1" hai="0,6,11,45,48,55,64,66" m="54439,27648" machi="0" ten="60,12000,2" yaku="14,1,52,5" doraHai="46,120" who="3" fromWho="3" sc="250,-60,250,-30,240,-30,250,130" /><INIT seed="1,0,0,4,3,13" ten="190,220,210,380" oya="1" hai0="47,83,79,117,3,113,38,70,74,95,30,14,100" hai1="32,61,52,20,57,18,109,71,48,58,1,103,78" hai2="41,55,133,101,59,104,43,88,54,39,24,91,106" hai3="72,5,0,110,122,37,11,124,31,90,82,108,135"/><U67/><E32/><V86/><F133/><W97/><G122/><T99/><D113/><U62/><E1/><V8/><F101/><W105/><G135/><T115/><D115/><U81/><E103/><V26/><F59/><W4/><G124/><T2/><D117/><U21/><E109/><N who="3" m="42090" /><G37/><T40/><D70/><U111/><E111/><V44/><F86/><N who="3" m="50519" /><G72/><T45/><D30/><U36/><E36/><V114/><F39/><W63/><G5/><T84/><D47/><U73/><REACH who="1" step="1"/><E18/><REACH who="1" ten="190,210,210,380" step="2"/><V9/><F114/><W120/><G0/><T15/><D2/><U68/><E68/><V93/><F93/><W116/><G105/><T22/><D3/><U125/><E125/><V66/><REACH who="2" step="1"/><F44/><REACH who="2" ten="190,210,200,380" step="2"/><W96/><G116/><T42/><D45/><U94/><E94/><V102/><F102/><W27/><G120/><T16/><D100/><U107/><E107/><V7/><F7/><W28/><G4/><T121/><D38/><U6/><E6/><V112/><F112/><W33/><G33/><T75/><D121/><U17/><E17/><V76/><F76/><W87/><G31/><T128/><D79/><U35/><E35/><V64/><AGARI ba="0,2" hai="8,9,24,26,41,43,54,55,64,66,88,91,104,106" machi="64" ten="25,8000,1" yaku="1,1,0,1,22,2,54,1,53,0" doraHai="13" doraHaiUra="34" who="2" fromWho="2" sc="190,-20,210,-40,200,100,380,-20" /><INIT seed="2,0,0,0,4,54" ten="170,170,300,360" oya="2" hai0="71,98,67,80,122,25,88,26,111,18,28,62,4" hai1="56,74,69,46,70,96,48,45,82,101,90,39,66" hai2="84,134,94,116,129,92,8,103,130,29,110,10,19" hai3="106,23,7,41,133,118,95,127,100,5,83,3,1"/><V107/><F29/><W93/><G23/><T12/><D122/><U73/><E90/><N who="2" m="53319" /><F19/><W59/><G83/><T52/><D111/><U87/><E87/><V49/><F49/><W109/><G100/><T135/><D135/><U27/><E27/><V30/><F10/><W14/><G106/><T11/><D28/><U125/><E125/><V119/><F8/><W31/><G41/><T13/><D52/><N who="1" m="29711" /><E82/><V108/><F30/><W47/><G31/><T64/><D64/><U42/><E96/><N who="2" m="59799" /><F107/><W68/><G68/><N who="1" m="26218" /><E101/><V99/><F99/><W55/><G14/><T104/><D104/><U35/><E35/><V50/><F50/><W32/><G32/><T105/><D105/><U63/><E74/><V33/><F33/><W113/><G1/><T36/><D98/><U128/><E73/><V22/><F22/><W51/><G3/><T43/><D13/><U79/><E79/><V20/><F20/><W102/><G5/><T37/><D18/><U120/><E120/><V91/><F91/><W97/><G7/><T6/><D6/><U15/><E15/><V124/><F124/><W121/><G97/><T16/><D4/><U76/><E76/><V89/><F89/><W58/><G127/><T34/><D34/><U77/><E77/><V86/><F86/><W0/><G0/><T24/><D43/><U2/><E2/><V123/><F123/><W65/><G121/><T112/><D25/><U21/><E21/><V72/><F72/><W38/><G102/><T44/><D26/><U85/><E85/><V57/><F110/><W117/><G109/><T53/><D24/><RYUUKYOKU ba="0,0" sc="170,-10,170,30,300,-10,360,-10" hai1="39,42,46,56,63,66,128" /><INIT seed="3,1,0,3,4,49" ten="160,200,290,350" oya="3" hai0="127,88,57,103,5,106,114,25,26,31,112,12,109" hai1="91,24,9,39,121,41,86,87,123,130,78,55,34" hai2="129,47,58,50,62,38,42,15,46,135,92,40,95" hai3="69,45,76,33,3,18,28,82,125,108,81,90,44"/><W2/><G69/><T85/><D109/><U111/><E111/><V132/><F15/><W71/><G71/><T102/><D127/><U98/><E130/><V97/><F129/><W74/><G108/><T17/><D5/><U63/><E39/><V10/><F10/><W19/><G90/><T51/><D106/><U0/><E41/><V134/><REACH who="2" step="1"/><F97/><REACH who="2" ten="160,200,280,350" step="2"/><W36/><G2/><T80/><D114/><U96/><E9/><V115/><F115/><W43/><G3/><T117/><D112/><U133/><E96/><V61/><F61/><W101/><G125/><T27/><D117/><U11/><E98/><V56/><F56/><W53/><G44/><T59/><D59/><U104/><E11/><V29/><F29/><W22/><G28/><T83/><D31/><U6/><E63/><V70/><F70/><W16/><G45/><T131/><D131/><U13/><E13/><V68/><F68/><W37/><G19/><T48/><D57/><U99/><E99/><V75/><F75/><W14/><G18/><T73/><D12/><U65/><E0/><V35/><F35/><W120/><G33/><T52/><D17/><U116/><E34/><V122/><F122/><W66/><G16/><T77/><D73/><U21/><E116/><V32/><F32/><W89/><G74/><T105/><D26/><U67/><E24/><V119/><F119/><W7/><G120/><T30/><D25/><U1/><E121/><V124/><F124/><W93/><G14/><T84/><D27/><U4/><E123/><V100/><F100/><N who="0" m="38442" /><D30/><U118/><E118/><V128/><F128/><RYUUKYOKU ba="1,1" sc="160,-10,200,-10,280,30,350,-10" hai2="38,40,42,46,47,50,58,62,92,95,132,134,135" /><INIT seed="4,2,1,2,3,67" ten="150,190,310,340" oya="0" hai0="53,4,125,81,76,59,119,21,116,87,16,34,52" hai1="17,78,77,126,101,58,100,42,84,35,71,65,127" hai2="94,48,70,82,25,124,11,40,0,107,97,49,129" hai3="47,92,28,5,60,24,128,110,69,121,37,89,120"/><T1/><D34/><U64/><E35/><V14/><F70/><W6/><G110/><T104/><D104/><U18/><E42/><V19/><F107/><W43/><G128/><T98/><D125/><U30/><E58/><V10/><F129/><W9/><G60/><T56/><D98/><U93/><E84/><V50/><F25/><W115/><G69/><T79/><D79/><U85/><E85/><V27/><F27/><W45/><G45/><T133/><D133/><U32/><E32/><V96/><F96/><N who="3" m="57359" /><G9/><T102/><D102/><U132/><E93/><V106/><F106/><W86/><G115/><T118/><D4/><U134/><E30/><V105/><F105/><W36/><G36/><T33/><D1/><U29/><E29/><V57/><F82/><W123/><G86/><T131/><D33/><AGARI ba="2,1" hai="5,6,24,28,33,37,43,47,120,121,123" m="57359" machi="33" ten="30,1000,0" yaku="13,1" doraHai="67" who="3" fromWho="0" sc="150,-16,190,0,310,0,340,26" /><INIT seed="5,0,0,1,5,5" ten="134,190,310,366" oya="1" hai0="121,8,110,66,99,71,38,117,114,43,82,41,49" hai1="3,119,26,79,59,81,13,44,12,62,19,120,54" hai2="108,86,4,17,89,118,36,75,73,31,27,124,85" hai3="98,72,63,78,131,51,92,28,106,130,30,93,47"/><U65/><E119/><V88/><F108/><W11/><G106/><T6/><D110/><U57/><E120/><V33/><F36/><W50/><G63/><T45/><D117/><U39/><E3/><V58/><F4/><W103/><G93/><T122/><D114/><U9/><E26/><V52/><F124/><W77/><G51/><T29/><D29/><U104/><E104/><V0/><F0/><W24/><G11/><T83/><D99/><U61/><E13/><V135/><F135/><W113/><G113/><T76/><D43/><U20/><E20/><V133/><F133/><W23/><G30/><T21/><D21/><U91/><E91/><V10/><F118/><W46/><G46/><T80/><D76/><U56/><E39/><V35/><F35/><W111/><G111/><T32/><D32/><U67/><E44/><V37/><F37/><W2/><G2/><T115/><D115/><U15/><E15/><V16/><F10/><W7/><G7/><T22/><D22/><U87/><E59/><V1/><F1/><W74/><G78/><T94/><D94/><U127/><E127/><V128/><F128/><N who="3" m="49195" /><G77/><T123/><D38/><U107/><E107/><V34/><F34/><W96/><G96/><T126/><D126/><U64/><AGARI ba="0,0" hai="9,12,19,54,56,57,61,62,64,65,67,79,81,87" machi="64" ten="20,7800,0" yaku="0,1,7,1,8,1,52,1" doraHai="5" who="1" fromWho="1" sc="134,-26,190,78,310,-26,366,-26" /><INIT seed="5,1,0,4,1,85" ten="108,268,284,340" oya="1" hai0="42,83,20,81,101,71,91,24,10,114,16,44,69" hai1="51,120,1,45,53,65,124,26,2,113,99,6,125" hai2="133,84,110,35,43,115,46,0,14,70,28,40,92" hai3="121,61,4,128,82,63,100,135,66,21,47,11,37"/><U54/><E120/><V111/><F0/><W68/><G121/><T64/><D114/><U122/><E122/><V103/><F70/><W108/><G108/><T109/><D109/><U117/><E117/><V12/><F35/><W94/><G135/><T87/><D101/><U88/><E65/><V15/><F28/><W33/><G33/><T49/><D64/><U38/><E38/><V90/><F133/><W132/><G128/><T75/><D75/><U93/><E113/><V98/><F40/><W112/><G21/><T86/><REACH who="0" step="1"/><D10/><REACH who="0" ten="98,268,284,340" step="2"/><U7/><E124/><V39/><REACH who="2" step="1"/><F115/><REACH who="2" ten="98,268,274,340" step="2"/><W58/><G112/><T8/><D8/><U27/><E125/><V76/><F76/><AGARI ba="1,2" hai="16,20,24,42,44,49,69,71,76,81,83,86,87,91" machi="76" ten="30,7700,0" yaku="1,1,7,1,52,1,54,1,53,0" doraHai="85" doraHaiUra="55" who="0" fromWho="2" sc="98,100,268,0,274,-80,340,0" /><INIT seed="6,0,0,1,0,59" ten="198,268,194,340" oya="2" hai0="0,19,93,123,1,17,68,134,132,21,2,57,8" hai1="66,41,125,99,128,80,60,22,24,18,114,43,111" hai2="62,74,105,86,88,54,79,49,33,34,124,90,46" hai3="121,50,51,71,16,107,70,9,44,103,96,98,106"/><V101/><F124/><W72/><G72/><T81/><D68/><U35/><E111/><V127/><F127/><W75/><G75/><T119/><D123/><U15/><E125/><V129/><F129/><W12/><G121/><T56/><D119/><U42/><E128/><V102/><F74/><W89/><G51/><T65/><D81/><U82/><E114/><V118/><F118/><W117/><G117/><T84/><D8/><U104/><E104/><V113/><F113/><W25/><G25/><T28/><D28/><U77/><E99/><V63/><F105/><W11/><G11/><T83/><D93/><U13/><E35/><V30/><F34/><W29/><G29/><T38/><D38/><U48/><E48/><V45/><F33/><W4/><G4/><T115/><D115/><U39/><E39/><V122/><F30/><W67/><G67/><T53/><D65/><U76/><E80/><N who="2" m="47391" /><F45/><W6/><G6/><T78/><D56/><N who="1" m="37127" /><E82/><V126/><F122/><W36/><G36/><T40/><D40/><U133/><E133/><N who="0" m="51305" /><D21/><U85/><E85/><V64/><F126/><W58/><G58/><T135/><N who="0" m="51313" /><T91/><DORA hai="109" /><D78/><AGARI ba="0,0" hai="13,15,18,22,24,41,42,43,76,77,78" m="37127" machi="78" ten="30,2000,0" yaku="8,1,52,1" doraHai="59,109" who="1" fromWho="0" sc="198,-20,268,20,194,0,340,0" /><INIT seed="7,0,0,2,3,129" ten="178,288,194,340" oya="3" hai0="73,80,100,18,117,43,16,130,52,105,103,68,24" hai1="2,49,31,53,60,108,88,12,122,104,107,83,41" hai2="76,125,51,28,75,34,38,69,17,128,3,44,32" hai3="77,94,59,111,27,132,33,134,93,36,64,46,26"/><W6/><G111/><T8/><D117/><U95/><E2/><V84/><F69/><W67/><G6/><T110/><D110/><U40/><E122/><V29/><F3/><W112/><G112/><T74/><D130/><U118/><E118/><V98/><F128/><W65/><G77/><T57/><D68/><U20/><E104/><V101/><F75/><W124/><G59/><T97/><D43/><U127/><E107/><V89/><F76/><W91/><G124/><T63/><D103/><U21/><E127/><V9/><F38/><W115/><G115/><T81/><D18/><N who="1" m="10311" /><E83/><N who="2" m="49311" /><F34/><W109/><G109/><T14/><REACH who="0" step="1"/><D24/><REACH who="0" ten="168,288,194,340" step="2"/><N who="1" m="16783" /><E108/><V54/><F125/><W37/><G26/><T106/><D106/><U87/><E60/><V39/><F39/><W56/><G27/><T7/><D7/><U35/><E35/><V19/><F32/><W61/><G33/><T131/><D131/><U22/><E22/><V78/><F19/><W70/><G36/><T5/><D5/><U1/><E1/><V50/><F17/><W120/><G70/><T79/><D79/><U99/><E99/><V47/><F78/><W25/><G37/><T86/><D86/><U82/><E40/><N who="2" m="24839" /><F9/><W133/><G25/><T92/><D92/><AGARI ba="0,1" hai="28,29,47,51,54,92,98,101" m="24839,49311" machi="92" ten="30,1000,0" yaku="8,1" doraHai="129" who="2" fromWho="0" sc="168,-10,288,0,194,20,340,0" owari="158,-34.2,288,8.8,214,-18.6,340,44.0" /></mjloggm>