<mjloggm ver="2.3"><GO type="169" lobby="0"/><UN n0="%E3%82%89%E3%81%84%E3%81%82%E3%82%93%E3%81%98%E3%82%83%E3%82%93" n1="%E6%B7%B3%E5%AD%90%E3%81%A7%E3%81%99" n2="%E6%B0%B4%E7%84%A1%E6%9C%88%2A%E9%9F%BF" n3="%E7%94%9F%E5%BE%92%E4%BC%9A%E3%80%90%E5%BA%8F%E3%80%91" dan="17,17,16,17" rate="2202.61,2210.81,2027.37,2153.75" sx="M,M,M,M"/><TAIKYOKU oya="0"/><INIT seed="0,0,0,0,0,39" ten="250,250,250,250" oya="0" hai0="71,47,86,0,43,100,59,91,31,16,53,46,33" hai1="57,84,82,58,17,131,38,2,10,85,89,109,122" hai2="51,19,60,20,62,92,54,68,78,73,55,35,111" hai3="101,12,76,129,107,102,52,112,15,6,118,98,40"/><T61/><D0/><U1/><E122/><V32/><F111/><W67/><G112/><T132/><D132/><U115/><E38/><V126/><F126/><W99/><G129/><T96/><D71/><U28/><E28/><V50/><F73/><W83/><G118/><T80/><D33/><U11/><E109/><V66/><F78/><W42/><G67/><T90/><D31/><U18/><E82/><V106/><F106/><W64/><G64/><T119/><D119/><U104/><E89/><V124/><F124/><W77/><G6/><T24/><D91/><U48/><E48/><V7/><F7/><W70/><G70/><T34/><D34/><U103/><E103/><V79/><F79/><W9/><G52/><T105/><REACH who="0" step="1"/><D43/><REACH who="0" ten="240,250,250,250" step="2"/><U88/><E88/><V56/><F35/><W93/><G77/><T63/><D63/><U120/><E120/><V87/><F32/><W94/><G107/><T27/><D27/><U72/><E104/><V125/><F125/><W44/><G42/><T110/><D110/><U113/><REACH who="1" step="1"/><E72/><REACH who="1" ten="240,240,250,250" step="2"/><V30/><F30/><W133/><G102/><T95/><D95/><U21/><E21/><AGARI ba="0,2" hai="16,21,24,46,47,53,59,61,80,86,90,96,100,105" machi="21" ten="40,3900,0" yaku="1,1,54,1,53,0" doraHai="39" doraHaiUra="5" who="0" fromWho="1" sc="240,59,240,-39,250,0,250,0" /><INIT seed="0,1,0,5,2,65" ten="299,201,250,250" oya="0" hai0="105,101,29,79,76,135,132,95,32,122,98,40,57" hai1="44,74,71,120,97,7,9,28,100,50,127,34,56" hai2="116,46,112,62,108,55,84,52,81,58,121,4,45" hai3="130,93,51,92,21,18,128,78,123,114,67,15,70"/><T75/><D40/><U80/><E120/><V104/><F108/><W2/><G2/><T16/><D122/><U39/><E127/><V22/><F112/><W106/><G106/><T42/><D32/><U119/><E56/><V94/><F104/><W126/><G123/><T35/><D29/><U102/><E102/><V134/><F134/><N who="0" m="51242" /><D35/><U73/><E71/><V11/><F116/><W8/><G114/><T27/><D75/><U99/><E39/><V66/><F121/><W23/><G126/><T88/><D57/><U43/><E99/><V72/><F72/><W47/><G78/><N who="0" m="29739" /><D42/><U125/><E125/><V59/><F59/><W41/><G23/><N who="0" m="13799" /><D105/><U64/><E28/><V33/><F33/><W31/><G31/><T3/><D3/><U0/><E34/><V124/><F124/><W36/><G36/><T63/><D63/><U19/><E73/><V89/><F46/><W83/><G21/><T17/><D17/><U131/><E19/><V25/><F45/><W133/><G133/><T53/><D53/><U14/><E0/><V77/><F22/><W86/><G18/><T85/><D85/><U113/><E74/><V69/><F58/><W20/><G20/><T38/><D38/><U60/><E113/><V91/><F25/><W49/><G8/><T109/><D109/><U111/><E111/><V87/><F77/><N who="3" m="46447" /><G15/><AGARI ba="1,0" hai="4,11,15,52,55,62,66,69,81,84,87,89,91,94" machi="15" ten="30,3900,0" yaku="7,1,52,1,54,1" doraHai="65" who="2" fromWho="3" sc="299,0,201,0,250,42,250,-42" /><INIT seed="1,0,0,0,0,59" ten="299,201,292,208" oya="1" hai0="115,36,25,29,103,95,26,92,105,65,10,86,77" hai1="102,50,93,113,72,128,49,109,97,101,87,94,107" hai2="42,21,127,3,2,47,76,62,134,133,123,4,58" hai3="18,32,79,89,85,13,118,108,81,43,7,132,112"/><U124/><E113/><V51/><F123/><W52/><G112/><T98/><D115/><U99/><E49/><V67/><F127/><W48/><G32/><T40/><D10/><U91/><E124/><V30/><F76/><W75/><G108/><T78/><D25/><U28/><E28/><V63/><F21/><W64/><G132/><N who="2" m="50793" /><F30/><W116/><G64/><T104/><D104/><U110/><E50/><V12/><F12/><W53/><G43/><T106/><D106/><N who="1" m="63791" /><E128/><V73/><F73/><W37/><G7/><T54/><D54/><U33/><E33/><V84/><F84/><W83/><G37/><T20/><D36/><U11/><E11/><V61/><F4/><W71/><G71/><T80/><D40/><U45/><E45/><V39/><F39/><W69/><G69/><T15/><D77/><U131/><E131/><V119/><F119/><N who="3" m="45611" /><G48/><T56/><REACH who="0" step="1"/><D15/><REACH who="0" ten="289,201,292,208" step="2"/><U100/><E72/><V68/><F68/><W130/><G130/><T126/><D126/><U135/><E135/><V17/><F17/><W96/><G18/><T6/><D6/><U22/><E22/><V46/><F46/><W122/><G13/><T16/><D16/><U23/><E23/><V129/><F129/><W1/><G122/><T31/><D31/><U35/><E35/><V74/><F74/><W117/><G117/><T24/><D24/><U125/><E125/><V111/><F111/><N who="1" m="42505" /><E107/><V88/><F3/><W120/><G1/><T66/><D66/><U121/><E121/><V8/><F2/><W60/><G120/><T44/><D44/><U90/><AGARI ba="0,1" hai="87,90,91,93,94,99,100,102" m="42505,63791" machi="90" ten="30,11700,0" yaku="14,1,10,1,34,2" doraHai="59" who="1" fromWho="1" sc="289,-39,201,127,292,-39,208,-39" /><INIT seed="1,1,0,3,3,60" ten="250,328,253,169" oya="1" hai0="104,99,101,49,121,8,15,130,77,118,107,57,76" hai1="9,126,89,43,134,63,108,78,114,24,51,88,16" hai2="74,61,106,124,6,84,65,91,129,87,19,133,73" hai3="86,5,14,7,82,123,83,70,68,56,0,18,29"/><U93/><E114/><V23/><F106/><W55/><G123/><T119/><D121/><U54/><E126/><V1/><F129/><W40/><G29/><T79/><D130/><U12/><E134/><V34/><F34/><W30/><G30/><T98/><D49/><U85/><E108/><V122/><F133/><W2/><G40/><T11/><D57/><U33/><E78/><V17/><F124/><W47/><G47/><T103/><REACH who="0" step="1"/><D8/><REACH who="0" ten="240,328,253,169" step="2"/><U66/><E43/><V113/><F122/><W111/><G56/><T62/><D62/><U115/><E115/><V42/><F42/><W50/><G50/><T58/><D58/><N who="1" m="37239" /><E51/><V36/><F61/><W125/><G125/><T132/><D132/><U32/><E54/><V128/><F128/><W10/><G55/><T64/><D64/><U20/><E33/><V22/><F65/><W75/><G70/><T53/><D53/><U52/><E52/><V69/><F69/><W131/><G68/><T4/><AGARI ba="1,1" hai="4,11,15,76,77,79,98,99,101,103,104,107,118,119" machi="4" ten="30,4000,0" yaku="1,1,0,1,9,1,53,0" doraHai="60" doraHaiUra="37" who="0" fromWho="0" sc="240,53,328,-21,253,-11,169,-11" /><INIT seed="2,0,0,1,1,58" ten="293,307,242,158" oya="2" hai0="8,23,130,118,62,73,114,24,129,38,29,12,9" hai1="34,66,78,91,7,92,18,49,35,128,88,48,69" hai2="100,10,55,86,85,45,41,56,126,82,43,93,21" hai3="61,36,67,46,135,105,11,101,74,131,83,25,52"/><V16/><F126/><W89/><G131/><N who="0" m="50187" /><D73/><U79/><E128/><V27/><F10/><N who="0" m="4202" /><D38/><U87/><E7/><V96/><F45/><W122/><G135/><T77/><D77/><U20/><E34/><V133/><F133/><W125/><G125/><T32/><D62/><U132/><E35/><V30/><F30/><W106/><G122/><T65/><D65/><U40/><E132/><V94/><F94/><W108/><G108/><T5/><D118/><U120/><E120/><V116/><F116/><W53/><G11/><N who="0" m="4207" /><D114/><U4/><E4/><V80/><F86/><W71/><G101/><T97/><D97/><U70/><E70/><V103/><F103/><W112/><G112/><T98/><D98/><N who="1" m="57607" /><E66/><V37/><F37/><W28/><G106/><T50/><D50/><N who="1" m="19563" /><E69/><V134/><F134/><W15/><G105/><T60/><D60/><U47/><E47/><V64/><F64/><W75/><G36/><T1/><D1/><U3/><E40/><N who="2" m="15435" /><F85/><W13/><G46/><T0/><D0/><U63/><E63/><AGARI ba="0,0" hai="16,21,27,55,56,63,80,82,93,96,100" m="15435" machi="63" ten="30,5800,0" yaku="8,1,52,1,54,1" doraHai="58" who="2" fromWho="1" sc="293,0,307,-58,242,58,158,0" /><INIT seed="2,1,0,3,3,11" ten="293,249,300,158" oya="2" hai0="100,83,20,101,70,45,134,114,24,50,47,111,37" hai1="17,28,119,92,97,102,7,74,31,55,5,58,89" hai2="75,0,51,85,108,71,112,42,4,103,77,72,30" hai3="8,105,40,90,123,135,10,6,96,131,48,130,18"/><V57/><F112/><W46/><G123/><T2/><D114/><U87/><E74/><V124/><F71/><W68/><G68/><T122/><D122/><U35/><E119/><V84/><F30/><W127/><G135/><T29/><D2/><U95/><E35/><V115/><F115/><W1/><G127/><T110/><D134/><U34/><E34/><V9/><F124/><W3/><G90/><T120/><D120/><U39/><E39/><V132/><F132/><W128/><G18/><T99/><D70/><U125/><E125/><V94/><F108/><N who="0" m="41514" /><D99/><U14/><E28/><V98/><F85/><W73/><G73/><T13/><D83/><U93/><E93/><V118/><F118/><W15/><REACH who="3" step="1"/><G8/><REACH who="3" ten="293,249,300,148" step="2"/><T49/><D100/><AGARI ba="1,1" hai="1,3,6,10,15,40,46,48,96,100,105,128,130,131" machi="100" ten="40,8000,1" yaku="1,1,2,1,19,1,52,1,53,0" doraHai="11" doraHaiUra="82" who="3" fromWho="0" sc="293,-83,249,0,300,0,148,93" /><INIT seed="3,0,0,2,0,19" ten="210,249,300,241" oya="3" hai0="102,38,51,81,91,44,119,55,58,53,64,111,132" hai1="43,121,40,63,59,124,5,66,56,67,99,29,126" hai2="86,12,4,7,131,83,73,1,79,46,69,70,118" hai3="100,17,125,45,75,101,80,62,8,15,110,104,92"/><W61/><G104/><T48/><D119/><U108/><E5/><V77/><F118/><W115/><G115/><T27/><D111/><U72/><E72/><V28/><F28/><W90/><G110/><T89/><D132/><U49/><E99/><V2/><F12/><W11/><G125/><N who="1" m="48234" /><E29/><V14/><F14/><W33/><G33/><T32/><D38/><U106/><E106/><V112/><F46/><W98/><G8/><T135/><D135/><U35/><E35/><V107/><F112/><W109/><G109/><T95/><D64/><U113/><E108/><V16/><F16/><W85/><G75/><T78/><D32/><U130/><E113/><V54/><F54/><W96/><REACH who="3" step="1"/><G45/><REACH who="3" ten="210,249,300,231" step="2"/><T94/><D44/><N who="1" m="25735" /><E121/><V97/><F73/><W134/><G134/><T129/><D102/><U74/><E74/><V25/><F107/><W127/><G127/><T10/><D10/><U20/><E20/><V37/><F2/><W71/><G71/><T13/><D58/><U52/><E43/><V117/><F1/><W50/><G50/><T18/><D48/><N who="1" m="30727" /><E130/><V23/><F131/><W47/><G47/><T87/><D129/><U60/><E60/><V9/><F9/><W22/><G22/><T57/><D51/><U39/><E39/><V31/><F37/><W82/><G82/><T122/><D81/><U24/><E24/><V120/><F25/><W128/><G128/><T103/><D27/><U21/><E21/><V133/><F23/><W93/><AGARI ba="0,1" hai="11,15,17,61,62,80,85,90,92,93,96,98,100,101" machi="93" ten="20,12000,1" yaku="1,1,0,1,7,1,9,1,8,1,53,0" doraHai="19" doraHaiUra="65" who="3" fromWho="3" sc="210,-40,249,-40,300,-40,231,130" /><INIT seed="3,1,0,4,0,128" ten="170,209,260,361" oya="3" hai0="119,70,11,50,102,53,107,105,25,109,135,90,134" hai1="48,116,120,130,80,44,58,3,61,86,104,16,39" hai2="42,34,18,31,0,56,9,62,110,12,52,10,23" hai3="68,132,17,115,92,40,88,14,20,5,41,113,28"/><W30/><G68/><T124/><D119/><U112/><E120/><V94/><F110/><W76/><G76/><T91/><D109/><U47/><E130/><V95/><F42/><W101/><G101/><T38/><D38/><U77/><E3/><V35/><F10/><W57/><G5/><T78/><D70/><U114/><E104/><V125/><F125/><W82/><G82/><T8/><D78/><U72/><E39/><V99/><F95/><W63/><G132/><N who="0" m="50731" /><D124/><U106/><E44/><V75/><F75/><W83/><G83/><T45/><D25/><U133/><E106/><N who="0" m="40457" /><D102/><U64/><E72/><V43/><F43/><N who="3" m="16459" /><G115/><T24/><D24/><U69/><E116/><V2/><F2/><W13/><G13/><T37/><D37/><U108/><E69/><V7/><F31/><W127/><G113/><T59/><D59/><U60/><E108/><V121/><F121/><W97/><G127/><T79/><D79/><U84/><E133/><V19/><F18/><W81/><G81/><T85/><D91/><AGARI ba="1,0" hai="0,7,9,12,19,23,34,35,52,56,62,91,94,99" machi="91" ten="30,2000,0" yaku="7,1,54,1" doraHai="128" who="2" fromWho="0" sc="170,-23,209,0,260,23,361,0" /><INIT seed="4,0,0,0,0,44" ten="147,209,283,361" oya="0" hai0="132,13,53,115,31,3,58,89,67,63,41,129,21" hai1="0,105,60,133,125,7,33,109,104,119,80,72,11" hai2="59,8,10,1,77,46,65,96,22,122,112,24,124" hai3="32,79,19,131,111,20,43,126,27,73,83,117,78"/><T92/><D115/><U85/><E109/><V54/><F122/><W2/><G117/><T106/><D129/><U64/><E119/><V98/><F124/><W134/><G111/><T5/><D132/><U6/><E125/><V127/><F112/><W12/><G126/><T34/><D106/><U50/><E33/><V42/><F65/><W93/><G2/><T75/><D75/><U113/><E72/><V51/><F77/><W86/><G131/><T81/><D81/><U70/><E133/><V68/><F68/><W37/><G134/><T114/><D114/><U107/><E6/><V55/><F55/><W47/><G78/><T23/><D41/><U17/><E17/><V40/><F40/><W102/><G102/><T135/><D135/><U128/><E113/><V120/><F120/><W82/><G82/><T130/><D130/><U108/><E108/><V118/><F118/><W30/><G93/><T121/><D121/><U15/><E0/><V103/><F1/><W66/><G66/><T116/><D116/><U48/><REACH who="1" step="1"/><E128/><REACH who="1" ten="147,199,283,361" step="2"/><V26/><F127/><W35/><G73/><T29/><D3/><U87/><E87/><V84/><F84/><W4/><G4/><T38/><D5/><U100/><E100/><V61/><F98/><W90/><G79/><AGARI ba="0,1" hai="7,11,15,48,50,60,64,70,79,80,85,104,105,107" machi="79" ten="40,5200,0" yaku="1,1,52,2,53,0" doraHai="44" doraHaiUra="123" who="1" fromWho="3" sc="147,0,199,62,283,0,361,-52" /><INIT seed="5,0,0,5,4,33" ten="147,261,283,309" oya="1" hai0="15,102,95,17,61,74,78,28,56,72,42,21,85" hai1="71,48,0,41,103,91,30,24,101,45,120,54,62" hai2="44,37,63,8,58,88,133,75,93,135,49,115,4" hai3="67,111,51,39,70,2,35,98,10,59,122,97,57"/><U6/><E120/><V131/><F131/><W26/><G39/><T77/><D42/><U68/><E91/><V89/><F115/><W9/><G70/><T112/><D112/><U16/><E68/><V27/><F75/><W64/><G35/><T104/><D104/><U38/><E16/><V114/><F27/><W116/><G26/><T82/><D28/><U19/><E19/><V87/><F37/><W108/><G51/><T32/><D32/><U52/><E54/><V94/><F114/><W90/><G90/><T117/><D117/><U14/><E14/><V66/><F8/><W126/><G126/><T106/><D106/><U50/><E50/><V124/><F4/><W118/><REACH who="3" step="1"/><G2/><REACH who="3" ten="147,261,283,299" step="2"/><T83/><D102/><U125/><E125/><V128/><F124/><W69/><G69/><T20/><D95/><U80/><E80/><V129/><F129/><W92/><G92/><T40/><D40/><U96/><E24/><V34/><F34/><W109/><G109/><T46/><D46/><U25/><E25/><V84/><F128/><W1/><G1/><T123/><D123/><AGARI ba="0,1" hai="9,10,57,59,64,67,97,98,108,111,116,118,122,123" machi="123" ten="25,3200,0" yaku="1,1,22,2,53,0" doraHai="33" doraHaiUra="107" who="3" fromWho="0" sc="147,-32,261,0,283,0,299,42" /><INIT seed="6,0,0,2,3,24" ten="115,261,283,341" oya="2" hai0="44,125,6,73,26,32,42,33,71,9,54,27,122" hai1="5,135,108,18,83,66,92,88,121,62,58,90,118" hai2="56,85,94,31,89,0,80,65,15,51,34,36,23" hai3="119,7,20,10,79,116,100,30,19,57,72,114,123"/><V50/><F36/><W16/><G100/><T128/><D73/><U22/><E108/><V81/><F0/><W69/><G69/><T124/><D71/><U21/><E118/><V112/><F112/><W47/><G47/><T61/><D61/><U1/><E135/><V91/><F34/><N who="0" m="13418" /><D54/><U131/><E131/><V101/><F101/><W76/><G57/><T67/><D67/><U48/><E1/><V3/><F3/><W46/><G46/><T102/><D102/><U133/><E5/><V41/><F41/><W107/><G107/><T38/><D38/><U14/><E22/><V53/><F65/><W113/><G20/><T129/><D44/><U84/><E133/><V106/><F106/><W95/><G95/><T40/><D42/><U35/><E35/><V25/><F51/><W130/><G130/><N who="0" m="50283" /><D40/><U82/><E121/><V74/><F74/><W103/><G123/><T127/><D122/><U78/><E48/><V109/><F109/><W97/><G103/><T49/><D49/><U115/><E115/><V63/><F63/><W126/><G72/><T8/><D8/><U132/><E132/><V86/><F94/><W99/><G10/><T120/><D120/><U105/><E105/><V11/><F11/><W4/><G114/><T70/><D70/><U52/><E66/><V29/><F56/><W64/><G113/><T37/><D37/><U13/><E82/><V93/><F81/><W68/><G68/><T43/><D43/><U59/><E59/><V87/><F80/><W110/><G64/><T96/><D96/><N who="1" m="57351" /><E90/><V77/><F91/><W117/><G119/><RYUUKYOKU ba="0,0" sc="115,15,261,15,283,-15,341,-15" hai0="6,9,26,27,124,125,127" hai1="13,14,18,21,52,58,62,78,83,84" /><INIT seed="7,1,0,5,0,93" ten="130,276,268,326" oya="3" hai0="29,1,35,34,77,15,74,96,100,76,32,102,13" hai1="123,80,112,90,10,108,117,28,16,111,114,83,124" hai2="23,73,43,133,33,127,98,130,12,113,68,92,82" hai3="46,85,128,107,56,7,37,48,45,63,53,135,59"/><W95/><G107/><T20/><D1/><U62/><E28/><V57/><F68/><W125/><G135/><T89/><D74/><U30/><E30/><V8/><F33/><W24/><G128/><T134/><D134/><U101/><E124/><V75/><F127/><W47/><G125/><T106/><D89/><U87/><E123/><V129/><F113/><N who="1" m="43625" /><E62/><V21/><F57/><W126/><G126/><T132/><D132/><U69/><E69/><V41/><F82/><W38/><G7/><T11/><D29/><U9/><E9/><V18/><F43/><W99/><G24/><T121/><D121/><U19/><E80/><V14/><F41/><W103/><REACH who="3" step="1"/><G85/><REACH who="3" ten="130,276,268,316" step="2"/><T120/><D120/><U81/><E117/><V44/><F133/><W110/><G110/><T94/><D20/><U2/><E108/><V31/><F73/><W36/><G36/><T78/><REACH who="0" step="1"/><D11/><REACH who="0" ten="120,276,268,316" step="2"/><U118/><E10/><V115/><F75/><W84/><G84/><T86/><D86/><U49/><E111/><V42/><F23/><W52/><AGARI ba="1,2" hai="37,38,45,46,47,48,52,53,56,59,63,95,99,103" machi="52" ten="30,11700,0" yaku="1,1,0,1,52,1,54,1,53,0" doraHai="93" doraHaiUra="4" who="3" fromWho="3" sc="120,-40,276,-40,268,-40,316,140" owari="80,-42.0,236,3.6,228,-17.2,456,55.6" /></mjloggm>