<mjloggm ver="2.3"><GO type="169" lobby="0"/><UN n0="%4C%61%72%72%6B" n1="%E3%81%9B%E3%81%A9%E3%81%AA%E3%82%8A%E3%81%82%E3%82%93" n2="%68%69%73%61%74%6F%E6%A3%92" n3="%E3%82%BF%E3%83%9E%E3%83%8D%E3%82%AE" dan="16,17,16,18" rate="2149.31,2178.86,2136.10,2248.76" sx="M,F,M,M"/><TAIKYOKU oya="0"/><INIT seed="0,0,0,1,3,62" ten="250,250,250,250" oya="0" hai0="105,112,48,126,86,8,38,17,95,61,69,117,31" hai1="114,11,103,35,94,72,59,98,32,57,74,128,29" hai2="130,18,9,113,134,7,37,111,92,25,87,131,14" hai3="20,47,51,80,120,71,16,21,50,97,42,124,33"/><T70/><D112/><U116/><E116/><V4/><F37/><W68/><G33/><T23/><D117/><U65/><E114/><V83/><F92/><W85/><G124/><T24/><D105/><U132/><E128/><N who="2" m="49195" /><F111/><W44/><G21/><T122/><D38/><U39/><E39/><V41/><F41/><W73/><G97/><T5/><D126/><U118/><E118/><V28/><F134/><W19/><G73/><T2/><D122/><U12/><E132/><V3/><F3/><W26/><G19/><T125/><D48/><U129/><E59/><V75/><F75/><W110/><G110/><T82/><D95/><U106/><E106/><V1/><F1/><W52/><REACH who="3" step="1"/><G120/><REACH who="3" ten="250,250,250,240" step="2"/><T43/><D125/><U119/><E35/><N who="2" m="20879" /><F113/><W0/><G0/><T58/><D17/><U96/><E129/><V77/><AGARI ba="0,1" hai="4,7,9,14,18,77,83,87" m="20879,49195" machi="77" ten="30,1100,0" yaku="19,1" doraHai="62" who="2" fromWho="2" sc="250,-5,250,-3,250,21,240,-3" /><INIT seed="1,0,0,2,3,66" ten="245,247,271,237" oya="1" hai0="87,64,3,105,60,22,99,29,109,7,25,82,75" hai1="122,36,1,67,83,27,19,31,34,63,5,106,14" hai2="71,70,108,76,115,72,101,135,41,52,18,54,40" hai3="93,86,95,89,11,126,102,88,56,53,49,110,127"/><U119/><E119/><V131/><F76/><W15/><G110/><T61/><D75/><U6/><E122/><V134/><F72/><W112/><G112/><T133/><D109/><U13/><E36/><V128/><F101/><W92/><G102/><T30/><D133/><N who="2" m="50698" /><F18/><W0/><G0/><T120/><D120/><U45/><E106/><V44/><F115/><W4/><REACH who="3" step="1"/><G89/><REACH who="3" ten="245,247,271,227" step="2"/><T103/><D3/><U116/><E1/><V37/><F108/><W9/><G9/><T80/><D103/><U39/><E116/><V123/><F123/><W68/><G68/><N who="2" m="26153" /><F40/><W46/><G46/><T111/><D111/><U84/><E45/><V38/><F37/><W74/><G74/><T12/><D105/><U73/><E39/><V62/><F62/><W129/><G129/><AGARI ba="0,1" hai="38,41,44,52,54,128,129,131" m="26153,50698" machi="129" ten="40,16000,3" yaku="19,1,20,1,34,2,52,3,54,1" doraHai="66" who="2" fromWho="3" sc="245,0,247,0,271,170,227,-160" /><INIT seed="2,0,0,1,1,8" ten="245,247,441,67" oya="2" hai0="31,97,16,86,26,50,95,119,32,11,1,130,63" hai1="91,51,35,73,13,5,85,125,94,18,118,78,52" hai2="6,126,108,79,82,0,107,117,129,103,133,96,45" hai3="114,102,120,112,33,66,64,110,106,28,72,7,24"/><V23/><F117/><W58/><G120/><T39/><D39/><U29/><E118/><V104/><F104/><W53/><G72/><T134/><D119/><U2/><E125/><V22/><F133/><W10/><G110/><T44/><D134/><U77/><E2/><V57/><F57/><W59/><G102/><T124/><D124/><U127/><E127/><V131/><F45/><W49/><G106/><T4/><D130/><N who="2" m="49674" /><F108/><W60/><REACH who="3" step="1"/><G64/><REACH who="3" ten="245,247,441,57" step="2"/><T48/><D1/><AGARI ba="0,1" hai="1,7,10,24,28,33,49,53,58,59,60,66,112,114" machi="1" ten="40,2600,0" yaku="1,1,2,1,53,0" doraHai="8" doraHaiUra="65" who="3" fromWho="0" sc="245,-26,247,0,441,0,57,36" /><INIT seed="3,0,0,0,2,55" ten="219,247,441,93" oya="3" hai0="65,91,110,83,119,54,133,73,13,121,28,62,90" hai1="125,98,111,103,53,60,128,74,14,63,56,134,132" hai2="115,104,33,114,57,99,71,39,68,37,87,43,75" hai3="36,126,131,11,50,35,66,41,94,80,31,24,59"/><W6/><G126/><T96/><D119/><U21/><E74/><V69/><F87/><W84/><G131/><T64/><D121/><U101/><E111/><V116/><F33/><W61/><G36/><T118/><D118/><U70/><E125/><V97/><F75/><W85/><G94/><T15/><D110/><U45/><E45/><V112/><F116/><W109/><G109/><T7/><D133/><N who="1" m="51307" /><E128/><V48/><F104/><W67/><G67/><T9/><D28/><U34/><E34/><V72/><F72/><W40/><G50/><T25/><D25/><U19/><E98/><V107/><F107/><W108/><G108/><T42/><D42/><U123/><E123/><V5/><F5/><W88/><REACH who="3" step="1"/><G84/><REACH who="3" ten="219,247,441,83" step="2"/><N who="0" m="50463" /><D73/><U52/><E70/><V117/><F117/><W120/><G120/><T29/><D64/><U127/><E127/><V93/><F93/><W100/><G100/><N who="1" m="38474" /><E63/><V3/><F39/><W135/><G135/><T8/><D62/><U89/><E89/><V4/><F37/><W17/><G17/><T46/><D91/><U58/><E60/><V2/><F69/><W18/><G18/><T12/><D96/><U23/><E23/><V92/><F92/><W77/><G77/><T130/><D130/><U86/><E86/><V82/><F71/><W47/><G47/><T0/><D46/><U38/><E38/><V76/><F68/><W95/><G95/><T79/><D79/><U78/><E78/><V1/><F97/><W124/><G124/><T27/><D7/><U20/><E20/><V129/><F4/><W44/><G44/><T81/><D9/><RYUUKYOKU ba="0,1" sc="219,-15,247,15,441,-15,83,15" hai1="14,19,21,52,53,56,58" hai3="6,11,24,31,35,40,41,59,61,66,80,85,88" /><INIT seed="3,1,1,4,5,26" ten="204,262,426,98" oya="3" hai0="101,49,130,27,82,65,46,37,15,43,79,75,29" hai1="125,22,0,67,21,105,81,113,33,57,24,108,86" hai2="50,61,121,40,28,17,99,59,97,90,31,5,132" hai3="76,111,18,41,95,35,117,45,60,120,39,23,10"/><W88/><G117/><T110/><D110/><U7/><E113/><V127/><F5/><W44/><G120/><T91/><D130/><U98/><E108/><V16/><F132/><W6/><G111/><T104/><D65/><U66/><E125/><V122/><F127/><W51/><G35/><T56/><D15/><U134/><E33/><V78/><F78/><W80/><G60/><T25/><D91/><U32/><E32/><V118/><F118/><W62/><G62/><T68/><D68/><U115/><E115/><V9/><F9/><W107/><G107/><T74/><D27/><U53/><E22/><V2/><F2/><W96/><G23/><T69/><D69/><U8/><E98/><V11/><F11/><W19/><G44/><T124/><D124/><U64/><E105/><V36/><F36/><W133/><G133/><T93/><D104/><U52/><E57/><V87/><F99/><W103/><G103/><T38/><D75/><U12/><E0/><V71/><F97/><W1/><G51/><T109/><D93/><U102/><E102/><V47/><F71/><W70/><G70/><T55/><D101/><U58/><E58/><V13/><F121/><W83/><G83/><T100/><D100/><U85/><E85/><AGARI ba="1,1" hai="1,6,10,18,19,39,41,45,76,80,85,88,95,96" machi="85" ten="30,2900,0" yaku="7,1,54,1" doraHai="26" who="3" fromWho="1" sc="204,0,262,-32,426,0,98,42" /><INIT seed="3,2,0,2,1,94" ten="204,230,426,140" oya="3" hai0="125,17,74,8,11,104,22,15,58,131,9,23,30" hai1="128,82,89,83,60,73,99,47,107,42,61,5,18" hai2="53,20,76,69,49,92,43,122,32,111,102,91,133" hai3="119,78,1,54,96,103,129,101,72,41,81,98,33"/><W28/><G1/><T88/><D74/><U48/><E128/><V97/><F32/><W0/><G0/><T14/><D104/><U80/><E5/><V124/><F69/><W108/><G41/><T117/><D117/><U55/><E73/><V3/><F3/><W115/><G119/><T10/><D131/><U130/><E130/><V19/><F111/><W27/><G129/><T13/><D125/><U38/><E18/><V21/><F21/><W66/><G115/><T118/><D118/><U36/><E36/><V51/><F76/><W116/><G116/><T90/><D58/><U26/><E26/><V59/><F133/><W56/><G66/><T134/><D134/><U109/><E109/><V112/><F112/><W6/><G6/><N who="0" m="3223" /><D88/><U135/><E135/><V126/><F122/><W64/><G64/><T63/><D63/><U35/><E35/><V86/><F49/><W44/><G44/><T52/><D52/><U106/><E106/><V85/><F43/><W123/><G123/><T132/><D90/><U29/><E29/><V105/><F86/><W16/><G16/><N who="0" m="10519" /><D132/><U25/><E89/><V71/><REACH who="2" step="1"/><F71/><REACH who="2" ten="204,230,416,140" step="2"/><W100/><REACH who="3" step="1"/><G108/><REACH who="3" ten="204,230,416,130" step="2"/><T31/><AGARI ba="2,2" hai="9,10,11,15,17,23,30,31" m="10519,3223" machi="31" ten="30,12000,2" yaku="8,1,35,5,54,1" doraHai="94" who="0" fromWho="0" sc="204,146,230,-32,416,-32,130,-62" /><INIT seed="4,0,0,0,2,103" ten="350,198,384,68" oya="0" hai0="35,89,42,106,132,39,92,128,127,49,44,72,30" hai1="29,119,100,114,13,68,3,6,22,125,2,121,38" hai2="111,102,82,47,57,50,17,16,118,130,123,55,81" hai3="99,74,10,51,108,73,54,85,33,94,134,122,80"/><T8/><D72/><U104/><E38/><V66/><F111/><W28/><G108/><T9/><D106/><U45/><E68/><V86/><F130/><W115/><G115/><T88/><D128/><U110/><E45/><V78/><F102/><W7/><G134/><T131/><D131/><U40/><E40/><V124/><F124/><W93/><G122/><T96/><D127/><U112/><E110/><V20/><F123/><W65/><G65/><T52/><D132/><U34/><E121/><V70/><F70/><W25/><G74/><T18/><D18/><N who="1" m="10575" /><E125/><V71/><F71/><W90/><G73/><T76/><D76/><U12/><E100/><V95/><F95/><W60/><G60/><T117/><D117/><U133/><E104/><V116/><F81/><W77/><G77/><T32/><D89/><U61/><E61/><N who="2" m="38191" /><F20/><W120/><G99/><T105/><D105/><U107/><E107/><V56/><F47/><W53/><G120/><T87/><D96/><U91/><E91/><V64/><F64/><W59/><REACH who="3" step="1"/><G53/><REACH who="3" ten="350,198,384,58" step="2"/><T58/><REACH who="0" step="1"/><D35/><REACH who="0" ten="340,198,384,58" step="2"/><U43/><E133/><V11/><F116/><W84/><G84/><T14/><D14/><AGARI ba="0,2" hai="7,10,14,25,28,33,51,54,59,80,85,90,93,94" machi="14" ten="30,3900,0" yaku="1,1,7,1,53,1" doraHai="103" doraHaiUra="1" who="3" fromWho="0" sc="340,-39,198,0,384,0,58,59" /><INIT seed="5,0,0,2,3,35" ten="301,198,384,117" oya="1" hai0="26,127,79,10,61,36,75,16,107,87,71,7,2" hai1="11,103,4,55,125,95,123,105,99,8,70,64,85" hai2="0,57,65,67,80,104,100,82,30,34,135,38,102" hai3="9,54,111,114,56,131,90,49,19,41,108,126,29"/><U116/><E116/><V15/><F38/><W89/><G114/><T120/><D107/><U76/><E123/><V6/><F15/><W130/><G29/><T48/><D120/><U20/><E125/><V118/><F135/><W69/><G69/><T17/><D127/><U73/><E70/><V24/><F65/><W44/><G126/><T109/><D109/><U78/><E64/><V23/><F34/><W47/><G19/><T14/><D36/><U86/><E20/><V132/><F132/><W93/><G9/><T43/><D75/><U83/><E55/><V60/><F104/><W96/><G89/><T115/><D115/><U74/><E8/><V58/><F58/><W52/><G54/><T98/><D98/><N who="1" m="61687" /><E11/><V31/><F31/><W53/><G53/><T33/><D33/><U91/><E4/><V40/><F40/><W18/><G18/><T117/><D26/><U106/><E85/><V5/><F6/><W13/><G13/><T46/><D117/><U25/><E25/><V39/><F39/><W113/><G113/><T27/><D27/><U77/><E106/><V66/><F66/><W12/><G12/><T119/><D119/><U121/><E121/><V81/><F118/><W28/><G28/><T128/><D14/><U68/><E68/><V22/><F22/><W50/><REACH who="3" step="1"/><G56/><REACH who="3" ten="301,198,384,107" step="2"/><T72/><D71/><U32/><E32/><V94/><F5/><W129/><AGARI ba="0,1" hai="41,44,47,49,50,52,90,93,96,108,111,129,130,131" machi="129" ten="30,12000,2" yaku="1,1,2,1,0,1,19,1,54,1,53,1" doraHai="35" doraHaiUra="92" who="3" fromWho="3" sc="301,-30,198,-60,384,-30,107,130" /><INIT seed="6,0,0,4,1,43" ten="271,138,354,237" oya="2" hai0="130,62,41,97,33,29,78,35,77,40,17,5,83" hai1="67,9,3,51,24,1,55,12,39,57,122,109,63" hai2="131,21,99,13,132,22,120,76,108,64,28,2,107" hai3="34,20,15,88,26,119,61,54,36,58,126,56,70"/><V10/><F120/><W0/><G119/><T8/><D130/><U94/><E109/><V124/><F2/><W102/><G0/><T65/><D17/><U101/><E122/><V93/><F107/><W75/><G75/><T72/><D78/><U18/><E39/><V60/><F132/><W125/><G36/><T105/><D40/><U104/><E104/><V103/><F124/><N who="3" m="47723" /><G70/><N who="0" m="42295" /><D41/><U84/><E24/><V45/><F76/><W117/><G117/><T37/><D37/><U118/><E118/><V48/><F28/><N who="3" m="19735" /><G102/><N who="0" m="62671" /><D29/><U16/><E18/><V50/><F50/><W121/><G121/><T4/><D4/><U86/><E1/><AGARI ba="0,0" hai="1,5,8,33,35,72,77,83" m="62671,42295" machi="1" ten="30,2000,0" yaku="33,2" doraHai="43" who="0" fromWho="1" sc="271,20,138,-20,354,0,237,0" /><INIT seed="7,0,0,5,2,102" ten="291,118,354,237" oya="3" hai0="103,117,32,3,8,118,113,53,69,116,15,57,100" hai1="44,73,121,37,84,106,101,35,17,104,13,87,45" hai2="96,20,83,60,133,98,43,115,7,114,63,75,23" hai3="56,95,33,99,50,97,85,64,5,25,72,27,12"/><W128/><G72/><T59/><D69/><U132/><E73/><V108/><F43/><W91/><G128/><T93/><D32/><U58/><E121/><V78/><F7/><W16/><G5/><T52/><D3/><U38/><E35/><V81/><F75/><W2/><G2/><T42/><D42/><U79/><E101/><V55/><F55/><N who="3" m="31863" /><G64/><T62/><D113/><U111/><E111/><V40/><F40/><W65/><G65/><T30/><D30/><U48/><E58/><V80/><F108/><W47/><G47/><T67/><D93/><U21/><E132/><V29/><F29/><W77/><G33/><T105/><D67/><U123/><E123/><V10/><F78/><W86/><G86/><T41/><D41/><U54/><E45/><V129/><F129/><W135/><G135/><T66/><D66/><U36/><REACH who="1" step="1"/><E84/><REACH who="1" ten="291,108,354,237" step="2"/><V109/><F133/><W134/><G134/><T92/><D103/><U89/><E89/><V14/><F109/><W39/><G39/><T119/><D119/><U88/><E88/><V9/><F80/><N who="3" m="47247" /><G99/><T61/><D118/><U19/><E19/><V71/><F71/><W122/><G122/><T24/><D117/><U28/><E28/><V131/><F131/><W112/><G97/><T49/><D116/><U120/><E120/><V31/><F31/><W127/><G16/><T124/><D100/><U76/><E76/><V18/><F18/><W1/><G91/><T94/><D59/><U130/><E130/><V34/><F34/><W125/><G112/><T46/><D57/><U126/><E126/><V0/><F114/><RYUUKYOKU ba="0,1" sc="291,-10,108,30,354,-10,237,-10" hai1="13,17,21,36,37,38,44,48,54,79,87,104,106" owari="281,8.1,138,-36.2,354,45.4,227,-17.3" /></mjloggm>