<mjloggm ver="2.3"><GO type="169" lobby="0"/><UN n0="%37%34%31%34%4E%6D%73%6C" n1="%E3%81%AA%E3%81%8B%E3%81%AE%E3%81%86%E3%81%88" n2="%E3%82%82%E3%82%8D%E3%81%BF%E3%83%BC" n3="%53%4E%4F%42%42%49%53%4D" dan="16,16,17,16" rate="2039.27,2163.64,2136.90,2137.05" sx="M,M,M,M"/><TAIKYOKU oya="0"/><INIT seed="0,0,0,0,3,4" ten="250,250,250,250" oya="0" hai0="108,14,122,23,121,9,135,131,95,93,44,117,35" hai1="111,127,87,11,27,107,51,109,54,91,8,116,29" hai2="32,94,38,2,73,97,46,40,56,120,96,78,114" hai3="99,21,76,67,13,115,103,134,66,89,7,132,19"/><T81/><D117/><U42/><E107/><V92/><F120/><W36/><G115/><T60/><D35/><N who="1" m="20927" /><E42/><V80/><F114/><W22/><G36/><T79/><D131/><U12/><E12/><V123/><F123/><W100/><G76/><T20/><D135/><N who="3" m="51753" /><G7/><T17/><D108/><N who="1" m="41547" /><E127/><V68/><F68/><W37/><G37/><T77/><D122/><U28/><E28/><V58/><F32/><W39/><G39/><T15/><D121/><U102/><E102/><N who="3" m="38954" /><G22/><T0/><D0/><U26/><E26/><V118/><F118/><W16/><G19/><T59/><D44/><N who="1" m="28007" /><E116/><V74/><F2/><W88/><G89/><T104/><D104/><U75/><E75/><V71/><F74/><W129/><G129/><T98/><D23/><U119/><E119/><V47/><F47/><W43/><G43/><T52/><D81/><AGARI ba="0,0" hai="8,11,81,87,91" m="28007,41547,20927" machi="81" ten="30,3900,0" yaku="14,1,52,2" doraHai="4" who="1" fromWho="0" sc="250,-39,250,39,250,0,250,0" /><INIT seed="1,0,0,5,2,123" ten="211,289,250,250" oya="1" hai0="111,132,59,23,58,121,131,17,56,60,95,65,8" hai1="21,86,85,77,127,71,5,105,29,57,99,63,35" hai2="24,75,133,0,106,113,98,38,14,89,42,78,62" hai3="135,40,55,100,119,134,9,27,52,41,73,50,22"/><U4/><E35/><V74/><F133/><N who="3" m="50699" /><G73/><T13/><D132/><U37/><E71/><V19/><F0/><W12/><G100/><T16/><D111/><U6/><E37/><V53/><F24/><W66/><G66/><T90/><D131/><U102/><E127/><V31/><F31/><N who="3" m="17911" /><G119/><T28/><D28/><U124/><E124/><V67/><F113/><W125/><G125/><T47/><D47/><U128/><E128/><V64/><F64/><W68/><G68/><T33/><D33/><U91/><E77/><V94/><F78/><W104/><G104/><T81/><D81/><U96/><E21/><V18/><F106/><W11/><G55/><T49/><D49/><U25/><E25/><V34/><F53/><W80/><G80/><T84/><REACH who="0" step="1"/><D121/><REACH who="0" ten="201,289,250,250" step="2"/><U110/><E29/><V108/><F34/><W48/><G50/><T32/><D32/><U129/><E129/><V70/><F38/><W97/><G41/><T83/><D83/><U43/><E43/><V87/><F42/><W122/><G40/><T2/><D2/><U79/><E110/><V51/><F108/><W120/><G120/><T15/><AGARI ba="0,1" hai="8,13,15,16,17,23,56,58,59,60,65,84,90,95" machi="15" ten="20,8000,1" yaku="1,1,0,1,7,1,8,1,54,1,53,0" doraHai="123" doraHaiUra="126" who="0" fromWho="0" sc="201,90,289,-40,250,-20,250,-20" /><INIT seed="2,0,0,5,4,22" ten="291,249,230,230" oya="2" hai0="115,42,27,99,125,75,43,89,116,31,131,37,97" hai1="113,59,65,111,74,69,126,78,102,35,48,29,10" hai2="12,13,67,34,20,101,107,73,95,58,36,8,64" hai3="5,82,63,118,18,3,2,47,103,24,87,134,28"/><V45/><F34/><W32/><G118/><T108/><D115/><U109/><E126/><V9/><F73/><W39/><G134/><T94/><D75/><U123/><E69/><V49/><F107/><W56/><G103/><T130/><D108/><U114/><E102/><V53/><F36/><W72/><G72/><T44/><D125/><U66/><E123/><V86/><F20/><W6/><G18/><T84/><D43/><U112/><E10/><V1/><F1/><W33/><G33/><T62/><D62/><U117/><E117/><V41/><F41/><W80/><G80/><T121/><D121/><U133/><E133/><V57/><F57/><W129/><G129/><N who="0" m="49163" /><D116/><U17/><E17/><N who="2" m="8327" /><F58/><W51/><G39/><T85/><D85/><U76/><E74/><V46/><F46/><W50/><G3/><T25/><D25/><N who="1" m="18863" /><E48/><V14/><F14/><W30/><G51/><T88/><D89/><U23/><E111/><V128/><F128/><W68/><G2/><T0/><D0/><U40/><E109/><V52/><F53/><W77/><G68/><T71/><D71/><U90/><E40/><V38/><F38/><W106/><G106/><T100/><D100/><U124/><E124/><V7/><F101/><W120/><G120/><T104/><D104/><U135/><E135/><V81/><F95/><W26/><G47/><T132/><D132/><U60/><E114/><V16/><F7/><W122/><G122/><T4/><D4/><N who="3" m="1641" /><G50/><T96/><D96/><U15/><E113/><V11/><F9/><W55/><G32/><AGARI ba="0,0" hai="27,31,32,37,42,44,84,88,94,97,99" m="49163" machi="32" ten="30,3900,0" yaku="19,1,52,1,54,1" doraHai="22" who="0" fromWho="3" sc="291,39,249,0,230,0,230,-39" /><INIT seed="3,0,0,0,2,28" ten="330,249,230,191" oya="3" hai0="6,72,88,34,78,70,41,114,68,5,8,134,104" hai1="27,65,71,24,127,19,55,120,14,44,75,76,69" hai2="130,39,54,47,16,53,82,45,90,61,43,118,63" hai3="67,77,129,96,73,128,97,99,46,36,113,64,17"/><W126/><G113/><T117/><D117/><U12/><E120/><V83/><F118/><W123/><G123/><T26/><D114/><U31/><E127/><V51/><F130/><N who="3" m="50283" /><G126/><T135/><D104/><U86/><E75/><V108/><F108/><W111/><G111/><T124/><D124/><U132/><E27/><V60/><F90/><W107/><G107/><T101/><D101/><U4/><E4/><V35/><F35/><W32/><G32/><T110/><D110/><U105/><E14/><V91/><F91/><W80/><G17/><T13/><D5/><U29/><E29/><V30/><F30/><W58/><G58/><T100/><D100/><U66/><E71/><V42/><F82/><W102/><G102/><T50/><D68/><U92/><E69/><V21/><REACH who="2" step="1"/><F83/><REACH who="2" ten="330,249,220,191" step="2"/><W11/><G80/><T10/><D34/><U20/><E31/><V62/><N who="2" m="15360" /><DORA hai="22" /><V95/><F95/><W119/><G119/><T7/><D88/><U18/><E92/><V40/><F40/><N who="3" m="22791" /><G77/><T84/><D78/><U3/><E76/><V115/><F115/><W93/><G93/><T48/><D70/><U89/><E89/><V1/><F1/><W94/><G94/><T57/><D72/><U49/><E3/><V59/><F59/><W116/><G116/><T98/><D57/><U38/><E105/><V85/><F85/><W0/><G73/><T81/><D41/><U23/><E86/><V56/><F56/><W33/><G33/><T15/><D84/><U106/><E106/><V109/><F109/><W52/><G52/><T131/><D131/><U125/><E125/><RYUUKYOKU ba="0,1" sc="330,-15,249,-15,220,15,191,15" hai2="16,21,39,42,43,45,47,51,53,54" hai3="0,11,64,67,96,97,99" /><INIT seed="3,1,1,1,0,36" ten="315,234,235,206" oya="3" hai0="24,65,20,99,7,124,86,70,16,94,83,26,76" hai1="47,106,63,18,126,75,15,64,114,93,39,50,2" hai2="34,41,87,92,105,69,1,8,95,125,77,108,59" hai3="130,110,58,71,78,43,121,96,85,56,117,4,49"/><W22/><G117/><T84/><D124/><U107/><E2/><V91/><F69/><W89/><G121/><T9/><D70/><U14/><E39/><V11/><F105/><W109/><G71/><T33/><D65/><U23/><E114/><V112/><F34/><W113/><G113/><T21/><D33/><U31/><E126/><V127/><F112/><W46/><G130/><T60/><D60/><U57/><E75/><V120/><F120/><W80/><G22/><T118/><D118/><U13/><E31/><V82/><F108/><N who="3" m="41579" /><G4/><T134/><D134/><U19/><E93/><AGARI ba="1,1" hai="43,46,49,56,58,78,80,85,89,93,96" m="41579" machi="93" ten="30,5800,0" yaku="14,1,10,1,52,1" doraHai="36" who="3" fromWho="1" sc="315,0,234,-61,235,0,206,71" /><INIT seed="3,2,0,2,2,81" ten="315,173,235,277" oya="3" hai0="104,74,111,66,34,42,51,70,71,105,14,93,72" hai1="0,99,17,109,11,69,31,37,73,135,20,132,61" hai2="64,28,38,83,26,63,85,121,39,89,75,123,45" hai3="78,107,101,22,110,27,5,122,86,65,106,118,57"/><W46/><G118/><T130/><D14/><U49/><E37/><V3/><F75/><W35/><G35/><T8/><D8/><U25/><E73/><V21/><F3/><W33/><G33/><T47/><D34/><U32/><E49/><V126/><F126/><W120/><G5/><T60/><D111/><U90/><E61/><V84/><F45/><W103/><G46/><T56/><D130/><U54/><E54/><V24/><F24/><W23/><G110/><T119/><D119/><U131/><E69/><V43/><F43/><W9/><G9/><T16/><D72/><U77/><E77/><V2/><F2/><W62/><G23/><T108/><D108/><U94/><E131/><V112/><F112/><W18/><G107/><T48/><D71/><U116/><E116/><V19/><F28/><W88/><G78/><T59/><D70/><U92/><E92/><N who="2" m="54311" /><F63/><W76/><G76/><T4/><D60/><U91/><E91/><N who="2" m="51647" /><F64/><W133/><G133/><T58/><D66/><U102/><E109/><V68/><F68/><W128/><G128/><T125/><D74/><U29/><E29/><V50/><F50/><W67/><G65/><T98/><D51/><U134/><E90/><V124/><F124/><W80/><REACH who="3" step="1"/><G106/><REACH who="3" ten="315,173,235,267" step="2"/><T13/><D104/><U15/><E135/><V96/><F21/><W12/><G12/><T52/><D105/><U30/><E30/><V1/><F1/><W87/><G87/><T55/><D4/><AGARI ba="2,1" hai="0,4,11,15,17,20,25,31,32,94,99,102,132,134" machi="4" ten="40,2600,0" yaku="24,2" doraHai="81" who="1" fromWho="0" sc="315,-32,173,42,235,0,267,0" /><INIT seed="4,0,0,2,3,121" ten="283,215,235,267" oya="0" hai0="38,60,75,26,51,61,17,68,64,33,112,52,83" hai1="90,0,29,123,50,2,93,53,18,21,8,116,110" hai2="101,72,111,92,125,41,5,13,56,100,27,35,107" hai3="40,15,88,119,104,97,71,85,89,69,7,109,95"/><T34/><D38/><U19/><E116/><V129/><F72/><W6/><G119/><T54/><D112/><U30/><E123/><V94/><F107/><W135/><G135/><T108/><D108/><U67/><E67/><V25/><F35/><W44/><G109/><T49/><D75/><U82/><E82/><V20/><F129/><W80/><G104/><T1/><D1/><U122/><E122/><V127/><F56/><W63/><G63/><T114/><D114/><U86/><E2/><V77/><F41/><W96/><G96/><T10/><D83/><U99/><E99/><V124/><F77/><W126/><G126/><T57/><D60/><U133/><E133/><V81/><F81/><W131/><G131/><T65/><D65/><U37/><E37/><V12/><F111/><W22/><G7/><T128/><D128/><U48/><E48/><V47/><F47/><W16/><REACH who="3" step="1"/><G6/><REACH who="3" ten="283,215,235,257" step="2"/><T105/><D105/><U31/><E110/><V113/><F5/><W14/><G14/><T98/><D98/><U103/><E0/><V106/><F106/><W43/><G43/><T73/><D33/><U36/><E103/><V3/><F125/><W11/><G11/><T39/><D10/><U66/><E8/><V76/><F113/><W70/><G70/><T102/><D68/><U78/><E21/><V74/><F124/><W134/><G134/><T87/><D34/><U115/><E115/><V79/><F127/><W28/><G28/><T42/><D42/><U132/><E31/><V4/><F3/><W46/><G46/><T9/><D61/><U62/><E132/><RYUUKYOKU ba="0,1" sc="283,-10,215,-10,235,-10,257,30" hai3="15,16,22,40,44,69,71,80,85,88,89,95,97" /><INIT seed="5,1,1,3,0,96" ten="273,205,225,287" oya="1" hai0="119,17,88,74,129,91,107,7,53,6,113,130,123" hai1="133,13,34,48,72,134,90,18,78,41,66,108,40" hai2="81,58,10,64,116,38,20,14,84,49,27,120,106" hai3="75,4,101,59,67,79,29,110,122,19,76,22,37"/><U118/><E118/><V103/><F38/><W115/><G110/><T94/><D119/><U42/><E108/><V135/><F135/><N who="1" m="51721" /><E34/><V69/><F69/><W16/><G37/><T77/><D113/><U117/><E117/><V102/><F106/><W44/><G122/><T132/><D107/><U31/><E31/><N who="2" m="17895" /><F120/><W71/><G71/><T82/><D132/><U52/><E66/><V85/><F116/><W126/><G4/><T87/><D123/><U30/><E30/><V23/><F23/><W62/><G126/><T86/><D17/><U55/><E90/><N who="2" m="51471" /><F85/><W65/><G65/><T45/><D45/><U70/><E70/><V109/><F109/><W73/><G73/><T125/><D53/><U98/><E98/><V57/><F49/><W61/><G61/><T95/><REACH who="0" step="1"/><D125/><REACH who="0" ten="263,205,225,287" step="2"/><U46/><E55/><V33/><F64/><W28/><G115/><T68/><D68/><U11/><E42/><V128/><F128/><AGARI ba="1,2" hai="6,7,74,77,82,86,87,88,91,94,95,128,129,130" machi="128" ten="40,8000,1" yaku="1,1,9,1,19,1,54,1,53,0" doraHai="96" doraHaiUra="43" who="0" fromWho="2" sc="263,103,205,0,225,-83,287,0" /><INIT seed="6,0,0,4,0,123" ten="366,205,142,287" oya="2" hai0="4,66,75,49,74,5,126,35,131,17,3,80,107" hai1="102,67,23,29,87,36,16,73,0,64,18,98,128" hai2="54,31,48,88,129,37,25,42,43,58,103,59,34" hai3="117,124,65,86,100,110,32,53,51,22,85,113,125"/><V38/><F129/><W93/><G32/><T89/><D35/><U28/><E73/><V106/><F103/><W70/><G117/><T132/><D107/><U127/><E36/><V61/><F106/><W77/><G70/><T30/><D30/><U7/><E127/><V81/><F43/><W27/><G65/><T72/><D126/><U133/><E133/><V90/><F42/><W46/><G113/><T130/><D132/><U57/><E18/><V44/><F44/><W114/><G114/><T116/><D116/><U45/><E45/><V8/><F8/><W134/><G134/><T109/><D109/><U83/><E7/><V9/><F9/><W122/><G110/><T19/><D66/><N who="1" m="25131" /><E57/><V112/><F112/><W47/><G122/><T12/><D49/><U118/><E0/><V13/><F13/><W15/><G15/><T79/><D3/><U60/><E60/><V52/><REACH who="2" step="1"/><F81/><REACH who="2" ten="366,205,132,287" step="2"/><N who="3" m="47279" /><G125/><T91/><D12/><N who="1" m="9607" /><E128/><V24/><F24/><W55/><G124/><T108/><D130/><U11/><E11/><V40/><F40/><W56/><G47/><T96/><D131/><U62/><E118/><V20/><F20/><W97/><G22/><T115/><D115/><U41/><E41/><V101/><F101/><W14/><G14/><T26/><D26/><U92/><E62/><V95/><F95/><N who="3" m="58431" /><G27/><T119/><D119/><U76/><AGARI ba="0,1" hai="28,29,76,83,87,92,98,102" m="9607,25131" machi="76" ten="30,2000,0" yaku="8,1,54,1" doraHai="123" who="1" fromWho="1" sc="366,-5,205,30,132,-10,287,-5" /><INIT seed="7,0,0,4,0,60" ten="361,235,122,282" oya="3" hai0="3,80,61,45,85,88,1,130,121,104,14,135,109" hai1="40,113,47,119,129,51,125,37,9,48,42,114,33" hai2="17,4,128,8,110,34,108,76,22,43,69,95,115" hai3="28,67,32,82,118,106,38,93,5,15,18,75,111"/><W55/><G106/><T99/><D121/><U91/><E91/><V59/><F95/><W98/><G38/><T107/><D109/><U64/><E9/><V41/><F59/><W13/><G118/><T84/><D130/><U46/><E33/><V36/><F76/><W78/><G111/><T74/><D74/><U96/><E96/><V112/><F36/><W97/><G97/><T11/><D135/><U94/><E94/><V21/><F69/><W25/><G55/><T30/><D30/><U90/><E90/><V81/><F81/><W57/><G5/><T7/><D85/><U89/><E89/><V26/><F34/><W77/><G77/><T134/><D134/><U126/><E37/><V6/><F43/><W68/><G68/><T131/><D45/><U103/><E103/><V124/><F41/><W31/><G31/><T105/><D131/><U10/><E10/><V20/><F128/><W24/><G24/><T39/><D39/><U70/><E129/><V53/><F53/><W100/><REACH who="3" step="1"/><G18/><REACH who="3" ten="361,235,122,272" step="2"/><T83/><D99/><U127/><E119/><V133/><F133/><W102/><G102/><T72/><D107/><U65/><E70/><V56/><F4/><W120/><G120/><T44/><D105/><U16/><E16/><V58/><F110/><W132/><G132/><T2/><D104/><U86/><E86/><V123/><F108/><W63/><AGARI ba="0,1" hai="13,15,25,28,32,57,63,67,75,78,82,93,98,100" machi="63" ten="30,6000,0" yaku="1,1,0,1,52,1,53,0" doraHai="60" doraHaiUra="35" who="3" fromWho="3" sc="361,-20,235,-20,122,-20,272,70" owari="341,14.1,215,-18.5,102,-39.8,342,44.2" /></mjloggm>