<mjloggm ver="2.3"><GO type="169" lobby="0"/><UN n0="%E4%B9%9D%E7%B4%8B%E9%BE%8D%E5%8F%B2%E9%80%B2" n1="%E3%81%9F%E3%81%BE%E5%AD%90" n2="%43%68%65" n3="%E8%B5%A4%E6%9C%A8%E3%81%97%E3%81%92%E3%82%8B" dan="19,16,16,16" rate="2301.75,2150.75,2182.46,2076.24" sx="M,M,M,M"/><TAIKYOKU oya="0"/><INIT seed="0,0,0,4,3,97" ten="250,250,250,250" oya="0" hai0="89,135,50,128,38,107,73,118,67,59,53,23,2" hai1="85,52,72,16,58,44,110,106,82,99,76,51,1" hai2="80,28,34,70,104,78,7,91,68,116,45,56,30" hai3="18,0,87,102,14,124,21,60,127,83,96,71,109"/><T43/><D118/><U10/><E110/><V115/><F115/><W62/><G109/><T24/><D2/><U88/><E1/><V6/><F116/><W27/><G0/><T131/><D135/><U95/><E58/><V125/><F104/><W103/><G71/><T111/><D111/><U130/><E130/><N who="0" m="49705" /><D73/><U11/><E16/><V119/><F119/><W117/><G117/><T65/><D107/><U132/><E132/><V66/><F91/><W33/><G33/><T79/><D79/><U12/><E12/><V113/><F45/><W17/><G96/><T90/><D43/><U29/><E29/><V123/><F123/><W13/><G27/><T98/><D38/><U101/><AGARI ba="0,0" hai="10,11,44,51,52,72,76,82,85,88,95,99,101,106" machi="101" ten="30,12000,2" yaku="0,1,24,2,52,1,54,2" doraHai="97" who="1" fromWho="1" sc="250,-60,250,120,250,-30,250,-30" /><INIT seed="1,0,0,0,3,110" ten="190,370,220,220" oya="1" hai0="134,44,64,14,28,61,82,16,69,133,89,18,27" hai1="3,87,93,129,83,72,90,111,121,86,67,37,95" hai2="130,74,70,60,22,75,50,98,101,12,65,51,132" hai3="108,41,49,40,78,34,107,120,73,79,17,48,118"/><U91/><E3/><V58/><F130/><W96/><G108/><T127/><D127/><U68/><E111/><V8/><F132/><N who="0" m="50794" /><D44/><U33/><E33/><V71/><F22/><W115/><G96/><T92/><D82/><U6/><E6/><V100/><F100/><W2/><G2/><T19/><D14/><U126/><E37/><V124/><F124/><W103/><G103/><T81/><D81/><U106/><E126/><V31/><F31/><W119/><G17/><T25/><D28/><U59/><E68/><V128/><F128/><W26/><G26/><T109/><D109/><U39/><E39/><V114/><F71/><W45/><G107/><T76/><D76/><N who="1" m="44423" /><E59/><V29/><F29/><W117/><G34/><T38/><D38/><U24/><E67/><V131/><F131/><W43/><G120/><T42/><D42/><U104/><E24/><V32/><F32/><W56/><G73/><T84/><AGARI ba="0,0" hai="16,18,19,25,27,61,64,69,84,89,92" m="50794" machi="84" ten="30,2000,0" yaku="20,1,54,1" doraHai="110" who="0" fromWho="0" sc="190,20,370,-10,220,-5,220,-5" /><INIT seed="2,0,0,4,0,24" ten="210,360,215,215" oya="2" hai0="129,96,71,55,32,89,122,7,56,48,30,72,82" hai1="93,9,25,125,95,104,70,63,92,12,94,19,58" hai2="111,98,101,90,77,0,17,50,69,4,64,119,34" hai3="5,36,22,54,133,113,62,23,49,68,116,118,88"/><V76/><F119/><W115/><G36/><T100/><D122/><U42/><E104/><V67/><F111/><W16/><G5/><T35/><D71/><U28/><E125/><V59/><F90/><W11/><G133/><T112/><D112/><N who="3" m="43081" /><G11/><T84/><D129/><U10/><E70/><V60/><F4/><W117/><G68/><T47/><D7/><U41/><N who="1" m="23552" /><DORA hai="131" /><U52/><REACH who="1" step="1"/><E9/><REACH who="1" ten="210,350,215,215" step="2"/><V6/><F69/><W80/><G118/><T75/><D100/><U8/><E8/><V73/><F101/><W87/><G62/><T102/><D102/><U128/><E128/><V86/><F60/><W44/><G22/><AGARI ba="0,1" hai="10,12,19,22,25,28,41,42,52,58,63" m="23552" machi="22" ten="50,8000,1" yaku="1,1,8,1,52,1,54,1,53,0" doraHai="24,131" doraHaiUra="61,123" who="1" fromWho="3" sc="210,0,350,90,215,0,215,-80" /><INIT seed="3,0,0,2,2,124" ten="210,440,215,135" oya="3" hai0="52,66,27,0,108,32,22,19,51,93,17,47,76" hai1="41,4,64,84,58,1,77,13,105,87,15,20,28" hai2="91,53,25,130,10,50,132,118,121,103,12,21,96" hai3="68,54,119,2,30,86,69,46,9,45,31,55,37"/><W90/><G119/><T56/><D108/><U49/><E105/><V98/><F118/><W127/><G127/><T114/><D114/><U18/><E1/><V92/><F132/><W78/><G78/><T44/><D0/><U104/><E104/><V94/><F130/><W129/><G86/><T63/><D32/><U117/><E117/><V107/><F121/><W23/><G23/><T115/><D115/><U39/><E39/><V7/><F107/><W65/><G2/><T85/><D19/><U34/><E34/><V99/><F99/><W74/><G9/><T123/><D123/><U48/><E28/><N who="3" m="10794" /><G90/><T97/><D76/><U43/><E64/><V116/><F116/><W113/><G74/><T101/><REACH who="0" step="1"/><D85/><REACH who="0" ten="200,440,215,135" step="2"/><U128/><E84/><V79/><F79/><W70/><G113/><T8/><D8/><U120/><E120/><V75/><F75/><W62/><G37/><T80/><D80/><U102/><E87/><V111/><F111/><W14/><G62/><T67/><D67/><U95/><E77/><V40/><F21/><W3/><G3/><T71/><AGARI ba="0,1" hai="17,22,27,44,47,51,52,56,63,66,71,93,97,101" machi="71" ten="20,5200,0" yaku="1,1,0,1,7,1,54,1,53,0" doraHai="124" doraHaiUra="36" who="0" fromWho="0" sc="200,62,440,-13,215,-13,135,-26" /><INIT seed="4,0,0,2,2,8" ten="262,427,202,109" oya="0" hai0="12,54,116,26,52,81,18,118,15,41,10,19,73" hai1="104,51,113,76,59,29,30,39,82,123,75,21,87" hai2="100,125,120,63,50,101,93,121,89,107,49,126,71" hai3="102,34,3,62,25,103,83,38,111,58,105,27,35"/><T68/><D68/><U112/><E123/><N who="2" m="47179" /><F107/><W115/><G111/><T9/><D41/><U128/><E104/><V48/><F71/><W130/><G38/><T91/><D26/><U11/><E39/><V94/><F63/><W40/><G3/><T69/><D69/><U131/><E75/><V79/><F79/><W133/><G40/><T1/><D1/><U0/><E11/><V53/><F53/><W78/><G115/><N who="1" m="44106" /><E0/><V97/><F93/><W46/><G46/><T22/><D22/><U2/><E2/><V106/><F106/><W17/><G103/><T56/><D54/><N who="1" m="32223" /><E21/><V98/><F98/><W28/><G102/><T7/><D7/><U57/><E57/><V45/><F45/><W20/><G105/><T99/><D99/><U88/><E76/><V70/><F70/><W110/><G110/><T77/><REACH who="0" step="1"/><D91/><REACH who="0" ten="252,427,202,109" step="2"/><U96/><E96/><V64/><F101/><W16/><G34/><T67/><D67/><U80/><E29/><V36/><F100/><W24/><G35/><T124/><D124/><U86/><E30/><V132/><F64/><W74/><G28/><T90/><D90/><N who="1" m="51527" /><E131/><V14/><F126/><W108/><G130/><T95/><D95/><U42/><E128/><V47/><F125/><W31/><G108/><T61/><AGARI ba="0,1" hai="9,10,12,15,18,19,52,56,61,73,77,81,116,118" machi="61" ten="20,24000,3" yaku="1,1,0,1,7,1,9,1,52,2,54,1,53,2" doraHai="8" doraHaiUra="13" who="0" fromWho="0" sc="252,250,427,-80,202,-80,109,-80" /><INIT seed="4,1,0,4,0,40" ten="502,347,122,29" oya="0" hai0="104,108,73,80,24,135,127,49,61,67,46,119,10" hai1="90,92,2,22,15,107,55,44,14,134,53,91,65" hai2="100,17,27,102,124,122,89,103,59,81,52,93,3" hai3="123,29,42,57,66,70,131,11,110,35,101,62,118"/><T126/><D119/><U111/><E2/><V63/><F122/><W98/><G110/><T34/><D108/><U97/><E111/><V18/><F3/><W83/><G131/><T78/><D135/><U94/><E134/><V19/><F124/><W38/><G123/><T9/><D104/><U114/><E107/><V13/><F81/><W51/><G118/><T112/><D112/><U12/><E114/><V87/><REACH who="2" step="1"/><F27/><REACH who="2" ten="502,347,112,29" step="2"/><W84/><G83/><T132/><D132/><U75/><E75/><V43/><F43/><W21/><G42/><T39/><D127/><U26/><E65/><V133/><F133/><W71/><G66/><T74/><D126/><U45/><E55/><V88/><F88/><W31/><G38/><T68/><D39/><U36/><E53/><V41/><F41/><W115/><G115/><T95/><D74/><U6/><E36/><V106/><F106/><W25/><G25/><T96/><D24/><U7/><E7/><V1/><F1/><W5/><G71/><T69/><D68/><U128/><E6/><V116/><F116/><W86/><G5/><T37/><D37/><U117/><E117/><V121/><F121/><W58/><G70/><T125/><D125/><U54/><E54/><V20/><AGARI ba="1,1" hai="13,17,18,19,20,52,59,63,87,89,93,100,102,103" machi="20" ten="30,8000,1" yaku="1,1,0,1,8,1,54,1,53,1" doraHai="40" doraHaiUra="8" who="2" fromWho="2" sc="502,-41,347,-21,112,93,29,-21" /><INIT seed="5,0,0,1,5,68" ten="461,326,205,8" oya="1" hai0="94,99,51,55,115,86,59,101,106,98,128,22,45" hai1="56,113,134,84,20,71,83,43,31,92,112,129,78" hai2="93,58,54,103,14,135,24,23,130,133,6,52,72" hai3="108,3,67,69,75,109,100,11,21,0,131,80,82"/><U81/><E71/><V116/><F116/><W88/><G69/><T61/><D115/><U27/><E129/><V10/><F72/><W19/><G67/><T126/><D126/><U2/><E2/><V5/><F5/><W77/><G131/><T38/><D128/><U50/><E134/><N who="2" m="51211" /><F130/><W95/><G100/><T91/><D22/><U85/><E92/><V16/><F58/><W1/><G80/><T132/><D132/><U13/><E13/><V122/><F122/><W42/><G42/><T127/><D127/><U87/><E43/><V30/><F30/><W125/><G125/><T39/><D98/><AGARI ba="0,0" hai="6,10,14,16,23,24,52,54,93,98,103" m="51211" machi="98" ten="30,3900,0" yaku="20,1,54,2" doraHai="68" who="2" fromWho="0" sc="461,-39,326,0,205,39,8,0" /><INIT seed="6,0,0,4,4,123" ten="422,326,244,8" oya="2" hai0="105,79,22,30,28,25,114,36,86,14,121,2,88" hai1="40,19,134,89,58,106,16,80,32,0,124,110,18" hai2="74,57,111,46,65,85,12,4,49,10,31,41,1" hai3="76,94,26,60,97,112,96,66,129,68,92,122,48"/><V15/><F74/><W108/><G122/><T34/><D121/><U43/><E32/><V35/><F35/><W75/><G75/><T70/><D36/><U115/><E106/><V130/><F130/><W81/><G26/><T73/><D70/><U67/><E0/><V27/><F85/><W42/><G129/><T125/><D105/><U87/><E115/><V5/><F5/><W131/><G131/><T82/><D2/><U71/><E134/><V45/><F45/><W117/><G117/><T21/><D125/><U54/><E124/><V3/><F3/><W52/><G42/><T9/><D28/><U7/><E110/><V39/><F111/><W62/><G62/><T118/><D114/><U29/><E29/><V59/><F59/><N who="3" m="37151" /><G108/><T109/><D118/><U61/><REACH who="1" step="1"/><E7/><REACH who="1" ten="422,316,244,8" step="2"/><V119/><F119/><W8/><G112/><T51/><D109/><U55/><E55/><V33/><REACH who="2" step="1"/><F65/><REACH who="2" ten="422,316,234,8" step="2"/><W56/><G68/><T90/><D34/><U135/><E135/><V53/><AGARI ba="0,2" hai="1,4,10,12,15,27,31,33,39,41,46,49,53,57" machi="53" ten="30,6000,0" yaku="1,1,2,1,0,1,53,0" doraHai="123" doraHaiUra="77" who="2" fromWho="2" sc="422,-20,316,-20,234,80,8,-20" owari="402,50.2,296,-10.4,314,11.4,-12,-51.2" /></mjloggm>