<mjloggm ver="2.3"><GO type="169" lobby="0"/><UN n0="%E3%83%94%E3%83%B3%E3%82%B5%E3%83%AD%E5%BA%97%E5%93%A1" n1="%E3%81%99%E3%81%91%E3%81%B4%E3%82%87%E3%82%93" n2="%E7%BC%B6%E3%82%B3%E3%83%92" n3="%E5%AE%8C%E5%85%A8%E5%AE%89%E7%89%8C" dan="17,16,16,18" rate="2247.07,2121.56,2035.16,2287.69" sx="M,M,M,M"/><TAIKYOKU oya="0"/><INIT seed="0,0,0,4,2,4" ten="250,250,250,250" oya="0" hai0="3,105,78,132,114,121,112,61,104,70,23,44,95" hai1="90,58,21,116,12,67,123,62,126,46,64,51,27" hai2="20,87,28,33,69,37,53,11,128,94,32,119,60" hai3="101,25,91,59,50,9,6,22,19,88,71,100,76"/><T130/><D121/><U134/><E123/><V133/><F37/><W77/><G71/><T36/><D3/><U135/><E116/><V52/><F128/><W127/><G127/><T110/><D95/><U131/><E131/><V80/><F133/><W10/><G50/><T17/><D130/><U122/><E122/><V108/><F108/><W65/><G59/><T73/><D23/><U107/><E107/><N who="0" m="41033" /><D17/><U118/><E118/><V75/><F94/><W29/><G65/><N who="0" m="41263" /><D132/><U89/><E134/><V82/><F20/><W129/><G129/><T81/><D110/><U54/><E126/><V5/><F119/><W39/><G39/><T117/><D117/><U26/><E135/><V98/><F98/><W92/><G19/><T79/><D79/><N who="3" m="30281" /><G6/><T41/><AGARI ba="0,0" hai="36,41,44,73,78,81,112,114" m="41263,41033" machi="41" ten="30,1500,0" yaku="23,1" doraHai="4" who="0" fromWho="0" sc="250,15,250,-5,250,-5,250,-5" /><INIT seed="0,1,0,1,1,19" ten="265,245,245,245" oya="0" hai0="71,126,107,130,116,1,11,91,79,64,98,90,55" hai1="40,133,13,10,110,52,93,103,78,106,24,18,50" hai2="87,89,7,108,26,57,131,135,51,41,56,39,123" hai3="47,28,8,32,118,99,2,132,63,34,48,94,100"/><T104/><D116/><U49/><E133/><V128/><F123/><W33/><G118/><T20/><D130/><N who="2" m="49706" /><F135/><W72/><G72/><T42/><D126/><U86/><E110/><V58/><F108/><W65/><G132/><T21/><D79/><U4/><E106/><V6/><F39/><W70/><G2/><T83/><D42/><U43/><E49/><V0/><F0/><W53/><REACH who="3" step="1"/><G8/><REACH who="3" ten="265,245,245,235" step="2"/><T88/><D1/><U36/><E36/><V80/><F26/><AGARI ba="1,1" hai="26,28,32,33,34,47,48,53,63,65,70,94,99,100" machi="26" ten="40,2600,0" yaku="1,1,2,1,53,0" doraHai="19" doraHaiUra="125" who="3" fromWho="2" sc="265,0,245,0,245,-29,235,39" /><INIT seed="1,0,0,2,4,79" ten="265,245,216,274" oya="1" hai0="82,14,111,24,5,34,61,112,131,69,54,113,37" hai1="83,29,80,44,53,135,122,99,43,2,120,10,94" hai2="6,56,115,88,31,124,1,16,57,134,108,30,48" hai3="121,21,15,100,64,7,32,47,85,4,49,106,84"/><U96/><E135/><V107/><F115/><W97/><G32/><T28/><D37/><U71/><E71/><V75/><F108/><W105/><G121/><T40/><D40/><U102/><E29/><V123/><F107/><W117/><G117/><T45/><D111/><U91/><E53/><V17/><F123/><W55/><G105/><T68/><D131/><U76/><E2/><V60/><F75/><W51/><G64/><T109/><D109/><U118/><E118/><V87/><F124/><W103/><G103/><T19/><D5/><U26/><E26/><V25/><F6/><W0/><G0/><T46/><D69/><U116/><E10/><V86/><F1/><W93/><G106/><T22/><D68/><U39/><E116/><V132/><F48/><W67/><G67/><T129/><D129/><U110/><E110/><V81/><F86/><N who="3" m="33387" /><G51/><T95/><D95/><U42/><E42/><V74/><F74/><W38/><G38/><T90/><D61/><U66/><E66/><N who="2" m="39175" /><F57/><W52/><G55/><T78/><D90/><U62/><E62/><V104/><F104/><W9/><G7/><T59/><D59/><U126/><E126/><V50/><F50/><W127/><G127/><T128/><D128/><U63/><E63/><V18/><F25/><W92/><G92/><T36/><D54/><U114/><E114/><N who="0" m="44137" /><D36/><U20/><E120/><V72/><F72/><W89/><G100/><T23/><D34/><U27/><E122/><V35/><F35/><W65/><G65/><T13/><D13/><U11/><E39/><V133/><AGARI ba="0,0" hai="16,17,18,30,31,81,87,88,132,133,134" m="39175" machi="133" ten="40,8000,1" yaku="20,1,52,1,54,2" doraHai="79" who="2" fromWho="2" sc="265,-20,245,-40,216,80,274,-20" /><INIT seed="2,0,0,1,5,6" ten="245,205,296,254" oya="2" hai0="133,57,47,58,51,39,42,110,84,32,37,126,118" hai1="4,98,91,29,56,38,74,40,55,78,54,15,11" hai2="13,114,52,23,65,59,70,34,49,41,135,108,120" hai3="94,25,18,20,96,53,112,63,130,125,27,97,109"/><V127/><F114/><W44/><G109/><T68/><D32/><U22/><E40/><V90/><F34/><W60/><G125/><T106/><D106/><U45/><E38/><N who="0" m="14345" /><D84/><U2/><E45/><V19/><F120/><W132/><G132/><T77/><D77/><U82/><E56/><N who="0" m="21609" /><D110/><U66/><E66/><V88/><F127/><W33/><G130/><T116/><D126/><U62/><E62/><V50/><F135/><W43/><G53/><T64/><D133/><U113/><E113/><V8/><F108/><W5/><G112/><T103/><D103/><U26/><E2/><V76/><F76/><W89/><G96/><T117/><D64/><U24/><E24/><V71/><F65/><W10/><G27/><T31/><D31/><U72/><E72/><V124/><F124/><W101/><G101/><T100/><D100/><U131/><E131/><V16/><F71/><AGARI ba="0,0" hai="42,47,51,68,71,116,117,118" m="21609,14345" machi="71" ten="40,5200,0" yaku="12,1,34,2" doraHai="6" who="0" fromWho="2" sc="245,52,205,0,296,-52,254,0" /><INIT seed="3,0,0,0,4,8" ten="297,205,244,254" oya="3" hai0="33,65,100,54,72,62,25,80,66,21,26,23,68" hai1="51,11,110,106,22,0,71,114,48,18,55,32,121" hai2="103,40,12,96,57,58,105,69,108,10,61,87,131" hai3="60,82,124,112,133,86,89,29,102,16,134,45,130"/><W42/><G112/><T64/><D33/><U91/><E32/><V98/><F108/><W123/><G123/><T113/><D113/><U27/><E71/><V109/><F109/><W132/><G124/><T81/><D68/><U129/><E106/><V6/><F131/><W116/><G116/><T17/><D72/><U118/><E110/><V104/><F40/><W126/><G126/><T77/><D100/><U95/><E121/><V120/><F120/><W13/><G29/><T75/><D80/><U1/><E114/><V53/><F69/><W117/><G117/><T19/><REACH who="0" step="1"/><D54/><REACH who="0" ten="287,205,244,254" step="2"/><U35/><E35/><V31/><F103/><W24/><G102/><T46/><D46/><U97/><E118/><V50/><F104/><W101/><G101/><T20/><D20/><U9/><E129/><V122/><F122/><W52/><G130/><T49/><D49/><U37/><E37/><V107/><F107/><W2/><G52/><T59/><AGARI ba="0,1" hai="17,19,21,23,25,26,59,62,64,65,66,75,77,81" machi="59" ten="20,5200,0" yaku="1,1,0,1,7,1,9,1,53,0" doraHai="8" doraHaiUra="47" who="0" fromWho="0" sc="287,62,205,-13,244,-13,254,-26" /><INIT seed="4,0,0,0,0,85" ten="349,192,231,228" oya="0" hai0="119,69,8,123,1,77,61,3,126,52,68,125,60" hai1="24,135,110,22,130,47,96,19,27,80,75,81,67" hai2="42,111,9,83,38,62,16,108,41,78,50,14,105" hai3="128,100,66,89,104,99,46,65,26,6,124,121,13"/><T88/><D119/><U79/><E110/><V134/><F105/><W49/><G124/><N who="0" m="47723" /><D123/><U107/><E130/><V25/><F134/><W55/><G128/><T4/><D3/><U82/><E135/><V87/><F38/><W36/><G121/><T12/><D77/><U54/><E67/><V127/><F127/><W58/><G26/><T118/><D118/><U113/><E113/><V34/><F62/><N who="0" m="24170" /><D1/><U91/><E27/><V98/><F98/><W45/><G6/><T7/><D7/><U11/><E11/><V84/><F84/><W32/><G13/><T29/><D29/><U2/><E2/><V53/><F108/><W63/><G32/><T73/><D73/><U74/><E74/><V5/><F111/><W112/><G112/><T109/><D109/><U116/><E116/><V51/><F51/><W115/><G115/><T70/><D52/><U122/><E122/><V39/><F39/><W20/><G20/><T71/><D71/><U48/><E107/><V30/><REACH who="2" step="1"/><F5/><REACH who="2" ten="349,192,221,228" step="2"/><W17/><G65/><T131/><D131/><U35/><REACH who="1" step="1"/><E35/><REACH who="1" ten="349,182,221,228" step="2"/><V44/><AGARI ba="0,2" hai="9,14,16,25,30,34,41,42,44,50,53,78,83,87" machi="44" ten="20,8000,1" yaku="1,1,2,1,0,1,7,1,54,1,53,0" doraHai="85" doraHaiUra="103" who="2" fromWho="2" sc="349,-40,182,-20,221,100,228,-20" /><INIT seed="5,0,0,4,1,43" ten="309,162,321,208" oya="1" hai0="36,96,119,87,9,93,62,135,54,22,85,115,133" hai1="125,14,79,118,68,109,129,126,112,95,130,39,42" hai2="114,12,84,78,20,33,26,76,99,1,120,88,70" hai3="80,123,61,117,74,45,53,18,116,21,15,8,89"/><U6/><E68/><V104/><F120/><W51/><G123/><T72/><D119/><U3/><E118/><V35/><F1/><W16/><G61/><T92/><D72/><U106/><E106/><V103/><F70/><W56/><G56/><N who="0" m="35095" /><D36/><U128/><E109/><V67/><F67/><W131/><G131/><T55/><D115/><U30/><E112/><V63/><F63/><W10/><G10/><T107/><D55/><U5/><E14/><V34/><F12/><N who="3" m="7175" /><G74/><T19/><D107/><U57/><E57/><V28/><REACH who="2" step="1"/><F114/><REACH who="2" ten="309,162,311,208" step="2"/><W121/><G121/><T40/><D135/><U25/><E3/><V97/><F97/><W2/><G2/><T75/><D96/><U98/><E125/><V0/><F0/><W77/><G77/><T60/><D60/><U31/><E79/><V24/><F24/><W46/><G116/><T100/><D133/><U4/><E126/><V52/><F52/><W86/><G117/><T50/><D40/><U122/><E122/><V111/><F111/><W47/><AGARI ba="0,1" hai="15,18,21,45,46,47,51,53,80,86,89" m="7175" machi="47" ten="30,12000,2" yaku="25,1,8,1,52,3,54,1" doraHai="43" who="3" fromWho="3" sc="309,-30,162,-60,311,-30,208,130" /><INIT seed="6,0,0,4,0,122" ten="279,102,281,338" oya="2" hai0="117,58,96,130,132,104,9,45,37,109,92,135,27" hai1="82,120,134,101,5,29,21,44,34,123,48,33,25" hai2="15,114,103,100,62,32,53,51,26,60,16,40,20" hai3="113,78,38,81,72,57,116,76,42,74,110,50,133"/><V105/><F114/><W80/><G116/><T118/><D104/><U11/><E101/><N who="2" m="38987" /><F105/><W24/><G110/><T47/><D130/><U121/><E82/><V95/><F32/><W19/><G133/><N who="0" m="51275" /><D109/><U87/><E87/><V13/><F40/><W41/><G38/><T35/><D58/><U111/><E134/><V36/><F36/><W43/><G113/><T127/><D127/><U69/><E69/><V73/><F73/><W12/><G24/><T6/><D35/><U0/><REACH who="1" step="1"/><E111/><REACH who="1" ten="279,92,281,338" step="2"/><V115/><F115/><W106/><G80/><T65/><D118/><U23/><E23/><N who="2" m="11663" /><F95/><W112/><G112/><T22/><D117/><U14/><E14/><V28/><F15/><W10/><G72/><T108/><D108/><U75/><E75/><V83/><F83/><W1/><G74/><T71/><D71/><U86/><E86/><V2/><F2/><W61/><G1/><T59/><D92/><U66/><E66/><V131/><F131/><W7/><G106/><T98/><D65/><U30/><E30/><V97/><F97/><W129/><G129/><T124/><D98/><U93/><E93/><V54/><F54/><AGARI ba="0,1" hai="0,5,11,21,25,29,33,34,44,48,54,120,121,123" machi="54" ten="40,2600,0" yaku="1,1,13,1,53,0" doraHai="122" doraHaiUra="88" who="1" fromWho="2" sc="279,0,92,36,281,-26,338,0" /><INIT seed="7,0,0,0,4,129" ten="279,128,255,338" oya="3" hai0="95,101,31,70,33,92,11,127,4,58,15,73,60" hai1="50,117,86,121,100,7,113,79,66,23,22,104,48" hai2="80,128,115,83,107,77,59,62,34,45,27,49,43" hai3="78,76,103,135,72,108,130,18,40,67,110,81,111"/><W24/><G135/><T42/><D73/><U120/><E66/><V61/><F107/><W105/><G130/><T97/><D127/><U19/><E117/><V51/><F128/><W17/><G76/><T63/><D42/><U1/><E113/><V69/><F115/><W112/><G112/><T30/><D33/><U54/><E48/><V82/><F69/><W91/><G67/><T53/><D70/><U122/><E19/><N who="3" m="7178" /><G40/><T134/><D134/><U125/><E125/><V126/><F126/><W21/><G91/><T114/><D114/><U38/><E38/><V90/><F77/><W119/><G119/><T46/><D46/><U68/><E68/><V3/><F3/><W28/><G103/><T56/><REACH who="0" step="1"/><D95/><REACH who="0" ten="269,128,255,338" step="2"/><U26/><E104/><AGARI ba="0,1" hai="21,24,28,72,78,81,104,105,108,110,111" m="7178" machi="104" ten="40,2000,0" yaku="10,1" doraHai="129" who="3" fromWho="1" sc="269,0,128,-20,255,0,338,30" owari="269,6.9,108,-39.2,255,-14.5,368,46.8" /></mjloggm>