<mjloggm ver="2.3"><GO type="169" lobby="0"/><UN n0="%E3%82%AB%E3%82%B6%E3%83%A9%E3%82%AD" n1="%2D%E8%B1%8A%E5%8F%A3%E3%82%81%E3%81%90%E3%81%BF%2D" n2="%6B%61%74%65%72%69%6E%61" n3="%E3%83%9F%E3%82%B2%E3%83%BC%E3%83%AB%E6%94%B9" dan="17,17,16,16" rate="2244.51,2166.79,2218.83,2209.05" sx="M,F,M,M"/><TAIKYOKU oya="0"/><INIT seed="0,0,0,0,3,57" ten="250,250,250,250" oya="0" hai0="12,110,116,26,70,115,98,121,27,24,32,83,58" hai1="44,22,48,82,14,104,19,0,122,50,80,13,71" hai2="129,102,118,79,21,67,78,124,6,65,85,10,88" hai3="119,40,120,134,76,99,108,74,93,105,135,5,8"/><T47/><D70/><U42/><E0/><V97/><F129/><W53/><G119/><T90/><D115/><U51/><E104/><V73/><F124/><W130/><G105/><T107/><D116/><U45/><E122/><V95/><F118/><W69/><G40/><T38/><D121/><U123/><E123/><V11/><F11/><W77/><G120/><T126/><D126/><U125/><E125/><V114/><F114/><W33/><G33/><T84/><D12/><U23/><E71/><V64/><F21/><W39/><G39/><T46/><D32/><U89/><E89/><V28/><F28/><W132/><G69/><T54/><D38/><U4/><E51/><V81/><REACH who="2" step="1"/><F73/><REACH who="2" ten="250,250,240,250" step="2"/><W18/><G74/><T91/><D110/><U87/><E87/><V36/><F36/><W9/><G8/><T106/><D106/><U56/><E4/><V62/><F62/><W34/><G34/><T35/><D35/><U17/><REACH who="1" step="1"/><E56/><REACH who="1" ten="250,240,240,250" step="2"/><V15/><AGARI ba="0,2" hai="6,10,15,64,65,67,78,79,81,85,88,95,97,102" machi="15" ten="30,7900,0" yaku="1,1,0,1,8,1,54,1,53,0" doraHai="57" doraHaiUra="41" who="2" fromWho="2" sc="250,-39,240,-20,240,99,250,-20" /><INIT seed="1,0,0,0,1,19" ten="211,220,339,230" oya="1" hai0="107,108,34,72,75,7,48,96,28,5,60,1,54" hai1="104,57,13,15,81,24,27,84,77,44,25,116,89" hai2="23,3,12,118,121,49,56,105,39,32,87,91,20" hai3="21,70,8,79,2,114,99,67,115,65,69,106,122"/><U101/><E116/><V53/><F118/><W41/><G79/><T134/><D108/><U127/><E127/><V125/><F121/><W85/><G122/><T68/><D134/><U38/><E57/><V130/><F32/><W76/><G41/><T94/><D1/><U22/><E38/><V36/><F3/><W97/><G76/><T10/><D5/><U133/><E133/><V71/><F71/><W103/><G2/><T126/><D126/><U129/><E129/><V17/><F125/><W40/><G40/><T132/><D132/><U82/><E44/><V50/><F105/><W16/><G8/><T83/><D83/><U128/><E128/><V59/><F130/><W111/><G85/><T4/><D4/><U42/><E42/><V124/><F124/><W33/><G33/><T90/><D107/><U31/><E101/><V26/><F50/><W100/><G106/><T9/><D7/><U0/><E0/><V62/><F62/><W123/><G123/><T135/><D135/><U61/><E61/><V102/><F102/><W47/><G47/><T80/><D80/><U117/><E117/><V73/><F59/><W64/><G64/><N who="0" m="40967" /><D9/><U92/><E82/><V46/><F73/><W131/><G131/><T29/><D10/><U37/><E37/><V86/><F86/><W30/><G30/><N who="0" m="11883" /><D34/><U43/><E43/><V18/><F46/><W55/><G55/><T6/><D6/><U109/><E109/><V45/><F45/><W88/><G111/><T110/><D110/><U52/><E104/><V63/><F63/><W113/><G114/><T51/><D51/><RYUUKYOKU ba="0,0" sc="211,15,220,-15,339,15,230,-15" hai0="48,54,72,75,90,94,96" hai2="12,17,18,20,23,26,36,39,49,53,56,87,91" /><INIT seed="2,1,0,0,4,73" ten="226,205,354,215" oya="2" hai0="15,58,65,4,11,128,107,12,64,70,6,28,54" hai1="3,126,37,89,24,127,72,88,117,100,26,81,134" hai2="44,21,92,29,43,46,17,19,115,51,2,103,1" hai3="124,84,22,85,111,113,91,45,35,57,114,90,99"/><V98/><F115/><N who="3" m="44043" /><G35/><T86/><D107/><U83/><E37/><V5/><F29/><W116/><G45/><T7/><D70/><U56/><E3/><V135/><F135/><W62/><G116/><T30/><D128/><U74/><E56/><V110/><F110/><W16/><G111/><T25/><D86/><N who="3" m="33385" /><G99/><T63/><D15/><U48/><E48/><V96/><F17/><W93/><G93/><T125/><D125/><U69/><E69/><V112/><F5/><W132/><G124/><T71/><D30/><U122/><E100/><V129/><F129/><W27/><G132/><T61/><REACH who="0" step="1"/><D65/><AGARI ba="1,0" hai="16,22,27,57,62,65,90,91" m="33385,44043" machi="65" ten="30,2000,0" yaku="11,1,54,1" doraHai="73" who="3" fromWho="0" sc="226,-23,205,0,354,0,215,23" /><INIT seed="3,0,0,1,3,84" ten="203,205,354,238" oya="3" hai0="67,72,36,22,44,118,104,95,11,75,77,120,80" hai1="127,63,18,13,59,121,45,94,38,8,97,106,126" hai2="26,51,87,82,54,57,2,17,78,33,117,116,29" hai3="119,81,124,49,42,35,50,74,24,48,110,21,102"/><W86/><G119/><T58/><D104/><U90/><E121/><V92/><F2/><W52/><G74/><T37/><D118/><U19/><E106/><V113/><F113/><W16/><G35/><T79/><D120/><U62/><E19/><V20/><REACH who="2" step="1"/><F92/><REACH who="2" ten="203,205,344,238" step="2"/><W112/><G112/><T41/><D37/><U130/><E130/><V15/><AGARI ba="0,1" hai="15,17,20,26,29,33,51,54,57,78,82,87,116,117" machi="15" ten="20,5200,0" yaku="1,1,2,1,0,1,7,1,53,0" doraHai="84" doraHaiUra="3" who="2" fromWho="2" sc="203,-13,205,-13,344,62,238,-26" /><INIT seed="4,0,0,4,5,102" ten="190,192,406,212" oya="0" hai0="92,31,122,43,127,90,28,107,5,86,67,8,76" hai1="39,19,6,117,38,7,81,56,93,79,60,133,111" hai2="87,66,37,132,135,35,1,49,118,69,128,130,112" hai3="113,89,121,70,59,126,73,108,78,96,53,11,54"/><T2/><D122/><U75/><E111/><V115/><F35/><W119/><G70/><T42/><D127/><U63/><E117/><V3/><F49/><W80/><G108/><T74/><D67/><U62/><E133/><N who="2" m="51275" /><F37/><W34/><G126/><T97/><D43/><U36/><E56/><V26/><F26/><W48/><G34/><T15/><D2/><N who="2" m="522" /><F87/><W23/><G121/><T77/><D42/><U103/><E19/><V116/><F66/><W125/><G125/><T21/><D21/><U55/><E55/><V123/><F69/><W99/><G119/><N who="2" m="45609" /><F123/><W57/><G113/><AGARI ba="0,0" hai="112,113,115,128,130" m="45609,522,51275" machi="113" ten="40,16000,3" yaku="28,2,15,1,20,1,12,1,31,2,34,2" doraHai="102" who="2" fromWho="3" sc="190,0,192,0,406,160,212,-160" /><INIT seed="5,0,0,5,2,46" ten="190,192,566,52" oya="1" hai0="43,9,70,110,64,51,98,114,71,14,16,63,23" hai1="84,94,2,54,85,55,37,105,103,26,78,50,15" hai2="48,132,116,131,3,108,7,21,20,25,5,135,127" hai3="90,72,36,8,102,17,60,73,58,129,44,39,22"/><U31/><E2/><V6/><F116/><W95/><G129/><T106/><D110/><U126/><E37/><V119/><F119/><W49/><G102/><T30/><D114/><U86/><E126/><V109/><F131/><W65/><G8/><T75/><D75/><U42/><E105/><V18/><F127/><W121/><G121/><T91/><D71/><U33/><E78/><V45/><F3/><W82/><G72/><T101/><D91/><U28/><E28/><V56/><F56/><W13/><G82/><T35/><D43/><U52/><E15/><V10/><F10/><W88/><G90/><T12/><D51/><U99/><REACH who="1" step="1"/><E42/><REACH who="1" ten="190,182,566,52" step="2"/><V47/><F108/><W130/><G130/><T69/><D14/><U40/><E40/><V1/><F109/><W57/><G73/><T92/><D106/><U111/><E111/><V79/><F79/><W53/><REACH who="3" step="1"/><G44/><AGARI ba="0,1" hai="26,31,33,44,50,52,54,55,84,85,86,94,99,103" machi="44" ten="40,18000,2" yaku="1,1,52,1,54,1,53,3" doraHai="46" doraHaiUra="83" who="1" fromWho="3" sc="190,0,182,190,566,0,52,-180" owari="190,-21.0,372,17.2,566,66.6,-128,-62.8" /></mjloggm>