<mjloggm ver="2.3"><GO type="225" lobby="0"/><UN n0="%6D%6F%75%77" n1="%E3%83%A9%E3%83%BC%E3%83%A1%E3%83%B3%E4%BA%94%E9%83%8E" n2="%E5%85%83%E3%82%AB%E3%83%8E%E7%B3%BB%E3%83%92%E3%83%AD%E3%82%A4%E3%83%B3" n3="%E3%81%BF%E3%81%BF%E3%81%9A" dan="16,16,16,17" rate="2119.90,2080.85,2176.77,2275.42" sx="M,M,M,M"/><TAIKYOKU oya="0"/><INIT seed="0,0,0,1,5,16" ten="250,250,250,250" oya="0" hai0="96,110,80,133,113,35,66,112,98,41,47,109,49" hai1="37,13,108,127,58,90,31,87,48,6,22,128,45" hai2="53,65,111,78,114,52,43,17,101,83,10,91,72" hai3="18,126,95,1,38,69,40,131,97,9,36,30,116"/><T120/><D35/><U99/><E127/><V135/><F114/><N who="0" m="44138" /><D80/><U93/><E37/><V119/><F111/><N who="0" m="42506" /><D120/><U23/><E108/><V88/><F135/><W104/><G116/><T74/><D74/><U71/><E71/><V14/><F119/><W2/><G69/><T57/><D133/><U51/><E128/><V105/><F65/><W64/><G36/><T0/><D0/><U86/><E58/><V102/><F43/><W130/><G38/><T20/><D20/><N who="1" m="7723" /><E31/><V92/><F91/><W118/><G1/><T3/><D3/><U121/><E121/><V50/><F105/><W134/><G104/><T27/><D27/><U21/><E51/><V11/><F11/><W55/><G2/><T124/><D124/><U25/><E25/><V107/><F50/><W76/><G126/><T7/><D7/><U26/><E26/><V85/><REACH who="2" step="1"/><F101/><REACH who="2" ten="250,250,240,250" step="2"/><W29/><G118/><T62/><AGARI ba="0,1" hai="41,47,49,57,62,66,96,98" m="42506,44138" machi="62" ten="40,3900,0" yaku="14,1,10,1" doraHai="16" who="0" fromWho="0" sc="250,49,250,-13,240,-13,250,-13" /><INIT seed="0,1,0,3,4,81" ten="299,237,227,237" oya="0" hai0="4,78,67,72,44,48,91,64,83,66,56,38,18" hai1="100,121,87,97,71,1,76,122,60,129,123,127,75" hai2="9,125,34,57,113,69,42,134,33,16,105,11,85" hai3="84,32,135,15,107,106,26,2,86,6,63,128,58"/><T40/><D4/><U99/><E1/><V90/><F69/><W35/><G2/><T31/><D31/><U73/><E60/><V43/><F113/><W52/><G128/><T55/><D91/><U96/><E71/><V29/><F105/><W133/><G107/><T46/><REACH who="0" step="1"/><D18/><REACH who="0" ten="289,237,227,237" step="2"/><U65/><E122/><V12/><F29/><N who="3" m="19511" /><G35/><T36/><D36/><U37/><E37/><V7/><F33/><W54/><G106/><T68/><D68/><U74/><E121/><V101/><F34/><W126/><G126/><T112/><D112/><U130/><E123/><V114/><F114/><W27/><G27/><T115/><D115/><U47/><E127/><V77/><F125/><W20/><G6/><T124/><D124/><U104/><E130/><V108/><F90/><W70/><G70/><T50/><D50/><U103/><E129/><V117/><F16/><N who="3" m="10271" /><G54/><T5/><D5/><U28/><E28/><V0/><F7/><W8/><G8/><T119/><D119/><U51/><E51/><V94/><F11/><W131/><G131/><T24/><D24/><U80/><E65/><V39/><F9/><W59/><G59/><AGARI ba="1,1" hai="38,40,44,46,48,55,56,59,64,66,67,72,78,83" machi="59" ten="40,2000,0" yaku="1,1,53,0" doraHai="81" doraHaiUra="19" who="0" fromWho="3" sc="289,33,237,0,227,0,237,-23" /><INIT seed="0,2,0,1,5,101" ten="322,237,227,214" oya="0" hai0="116,128,89,36,1,119,49,69,126,31,11,38,47" hai1="95,19,32,132,14,117,28,94,9,123,62,13,53" hai2="23,55,96,40,105,92,75,59,72,5,3,83,106" hai3="45,77,133,113,48,76,17,134,12,57,81,114,42"/><T15/><D1/><U64/><E117/><V18/><F40/><W44/><G57/><T80/><D31/><U90/><E123/><V130/><F5/><W88/><G44/><T109/><D89/><U67/><E132/><N who="3" m="50794" /><G88/><T127/><D15/><U112/><E112/><N who="3" m="43114" /><G81/><T111/><D11/><AGARI ba="2,0" hai="11,12,17,42,45,48,76,77" m="43114,50794" machi="11" ten="30,1000,0" yaku="20,1" doraHai="101" who="3" fromWho="0" sc="322,-16,237,0,227,0,214,16" /><INIT seed="1,0,0,4,1,2" ten="306,237,227,230" oya="1" hai0="5,46,62,128,88,106,42,97,119,55,20,92,34" hai1="15,32,115,90,11,65,109,84,68,108,51,27,86" hai2="53,61,125,54,123,30,69,122,58,8,10,63,31" hai3="43,36,104,52,96,82,35,107,64,114,83,28,100"/><U17/><E17/><V4/><BYE who="1" /><F125/><UN n1="%E3%83%A9%E3%83%BC%E3%83%A1%E3%83%B3%E4%BA%94%E9%83%8E" /><W111/><G114/><T60/><D34/><U127/><E115/><V120/><F69/><W3/><G111/><N who="1" m="42570" /><E127/><V101/><F101/><W78/><G107/><T98/><D128/><U75/><E75/><V37/><F37/><W118/><G118/><T9/><D20/><U74/><E74/><V91/><F91/><W117/><G117/><T135/><D55/><U124/><E124/><V130/><F130/><W45/><G3/><T77/><D77/><U126/><E126/><V99/><F99/><W23/><G23/><T24/><D24/><U121/><E121/><V1/><F10/><W16/><G16/><T7/><D7/><N who="1" m="3583" /><E51/><V26/><F26/><W110/><G110/><T12/><D135/><U94/><E65/><V113/><F113/><W103/><G64/><T40/><D40/><U105/><E68/><V29/><REACH who="2" step="1"/><F54/><REACH who="2" ten="306,237,217,230" step="2"/><W87/><G103/><T6/><D9/><U134/><E134/><V44/><F44/><W73/><G52/><T48/><D46/><U0/><E105/><V57/><F57/><W21/><G35/><T81/><D106/><U56/><E56/><V71/><F71/><W85/><G82/><T13/><D119/><U67/><E67/><V59/><F59/><W33/><G33/><T18/><D98/><N who="1" m="57687" /><E0/><V66/><F66/><W70/><G70/><T132/><D132/><U79/><E79/><V95/><F95/><W39/><G36/><T102/><D92/><U93/><E93/><V14/><F14/><W22/><G28/><AGARI ba="0,1" hai="27,28,32,84,86" m="57687,3583,42570" machi="28" ten="30,5800,0" yaku="14,1,10,1,52,1" doraHai="2" who="1" fromWho="3" sc="306,0,237,68,217,0,230,-58" /><INIT seed="1,1,0,0,1,112" ten="306,305,217,172" oya="1" hai0="113,92,15,96,109,77,75,9,93,40,16,126,25" hai1="134,64,54,56,31,115,97,70,58,24,91,11,4" hai2="29,116,28,19,84,32,118,55,121,94,45,5,135" hai3="57,27,102,85,7,69,35,53,34,21,71,98,82"/><U10/><E115/><V43/><F121/><W119/><G7/><T83/><D113/><U127/><E127/><V67/><F5/><W65/><G35/><T52/><D109/><U49/><E134/><V72/><F72/><W26/><G34/><T117/><D117/><U44/><E70/><V38/><F67/><W73/><G73/><T90/><D40/><U100/><E91/><V63/><F135/><W37/><G37/><T23/><D126/><U42/><E64/><V46/><F19/><W39/><G39/><T108/><D108/><U123/><E123/><V80/><F94/><W78/><G27/><T79/><D79/><U86/><E86/><V59/><F45/><W128/><G128/><T81/><D52/><U107/><E4/><V36/><F36/><W33/><G33/><T22/><D83/><U89/><E89/><V60/><F60/><W50/><G119/><T41/><D41/><U95/><E107/><V68/><F68/><W1/><G1/><T110/><D110/><U47/><E58/><V18/><F18/><W101/><G65/><T48/><D48/><N who="1" m="26647" /><E47/><V130/><F130/><W122/><G122/><T120/><D120/><U74/><E74/><V0/><F0/><W111/><G111/><T12/><D93/><U30/><E24/><N who="2" m="18439" /><F29/><AGARI ba="1,0" hai="10,11,29,30,31,49,54,56,95,97,100" m="26647" machi="29" ten="30,1500,0" yaku="8,1" doraHai="112" who="1" fromWho="2" sc="306,0,305,18,217,-18,172,0" /><INIT seed="1,2,0,4,0,52" ten="306,323,199,172" oya="1" hai0="51,66,114,36,92,76,56,111,126,48,97,62,82" hai1="3,86,6,83,88,103,35,58,8,87,7,64,20" hai2="124,5,81,50,42,133,41,70,4,90,78,77,104" hai3="113,15,43,73,37,80,125,84,115,68,63,47,44"/><U67/><E35/><V28/><F70/><W1/><G125/><T110/><D36/><U132/><E132/><V26/><F104/><W23/><G1/><T30/><D126/><U0/><E103/><V89/><F124/><W123/><G73/><T49/><D30/><U85/><E20/><N who="2" m="15431" /><F133/><W59/><G44/><T94/><D114/><U72/><E72/><V131/><F131/><W34/><G34/><T75/><REACH who="0" step="1"/><D97/><REACH who="0" ten="296,323,199,172" step="2"/><U9/><E67/><V11/><F41/><W18/><G123/><T10/><D10/><U25/><E25/><V40/><F11/><W57/><G115/><T109/><AGARI ba="2,1" hai="48,49,51,56,62,66,75,76,82,92,94,109,110,111" machi="109" ten="40,8000,1" yaku="1,1,0,1,14,1,52,1,53,0" doraHai="52" doraHaiUra="127" who="0" fromWho="0" sc="296,96,323,-42,199,-22,172,-22" /><INIT seed="2,0,0,3,1,48" ten="392,281,177,150" oya="2" hai0="68,53,75,131,50,19,130,97,93,23,24,55,88" hai1="31,72,77,13,83,35,76,100,71,11,1,102,85" hai2="91,44,3,49,135,86,15,8,105,20,4,45,123" hai3="66,110,52,56,132,60,124,43,118,79,104,34,84"/><V65/><F123/><W78/><G118/><T16/><D68/><U57/><E71/><V38/><F105/><W120/><G120/><T33/><D75/><U46/><E1/><V41/><F135/><W106/><G34/><T40/><D33/><U73/><E73/><V7/><F65/><W128/><G132/><T21/><D40/><U126/><E72/><V90/><F20/><W17/><G43/><T47/><REACH who="0" step="1"/><D55/><REACH who="0" ten="382,281,177,150" step="2"/><U81/><E35/><V92/><F90/><W122/><G122/><T36/><D36/><U32/><E32/><V6/><F3/><W103/><G79/><T14/><AGARI ba="0,1" hai="14,16,19,21,23,24,47,50,53,88,93,97,130,131" machi="14" ten="30,8000,1" yaku="1,1,0,1,52,1,54,2,53,0" doraHai="48" doraHaiUra="99" who="0" fromWho="0" sc="382,90,281,-20,177,-40,150,-20" /><INIT seed="3,0,0,0,1,86" ten="472,261,137,130" oya="3" hai0="11,75,33,3,73,93,106,25,26,46,70,77,16" hai1="31,60,72,120,81,85,58,105,49,7,118,88,126" hai2="8,23,129,14,53,134,110,47,82,87,10,123,29" hai3="124,34,0,125,41,121,68,48,55,111,117,64,89"/><W102/><G121/><T135/><D70/><U78/><E120/><V57/><F123/><W84/><G117/><T43/><D106/><U37/><E37/><V56/><F110/><W113/><G113/><T12/><D3/><U114/><E114/><V115/><F115/><W39/><G0/><T83/><D135/><U61/><E126/><N who="3" m="48746" /><G34/><T90/><D75/><U24/><E118/><V132/><F129/><W9/><G102/><T30/><D30/><U27/><E7/><V127/><F127/><W45/><G9/><T13/><D13/><U2/><E2/><V95/><F8/><W91/><G111/><T54/><D54/><U5/><E5/><V71/><F71/><W35/><G35/><T107/><D107/><U92/><E105/><V18/><F95/><W94/><G84/><T96/><D33/><U20/><E24/><N who="2" m="16543" /><F134/><W112/><G112/><T38/><AGARI ba="0,0" hai="11,12,16,25,26,38,43,46,73,77,83,90,93,96" machi="38" ten="20,5200,0" yaku="0,1,7,1,52,1,54,1" doraHai="86" who="0" fromWho="0" sc="472,52,261,-13,137,-13,130,-26" owari="524,62.4,248,4.8,124,-27.6,104,-39.6" /></mjloggm>