<mjloggm ver="2.3"><GO type="169" lobby="0"/><UN n0="%70%6F%6E%2D%65%6E" n1="%E3%82%B1%E3%83%AB%E3%83%B4%E3%82%A3%E3%83%B3" n2="%E8%99%B9%E8%89%B2%E3%82%B8%E3%83%A7%E3%83%BC%E3%82%AB%E3%83%BC" n3="%E7%B4%AC%E3%83%B4%E3%82%A7%E3%83%B3%E3%83%80%E3%83%BC%E3%82%B9" dan="16,16,17,16" rate="2121.69,2141.50,2192.76,2153.30" sx="F,M,M,M"/><TAIKYOKU oya="0"/><INIT seed="0,0,0,3,0,71" ten="250,250,250,250" oya="0" hai0="125,110,76,4,99,118,74,60,65,73,101,58,82" hai1="51,17,6,40,131,53,19,29,7,91,127,31,92" hai2="2,119,49,33,135,48,120,104,11,63,5,129,56" hai3="97,108,78,96,69,61,134,57,66,28,112,42,22"/><T27/><D118/><U94/><E131/><V75/><F120/><W59/><G112/><T107/><D125/><U81/><E127/><V88/><F129/><W37/><G108/><T87/><D110/><U50/><E40/><V80/><F119/><W128/><G128/><T85/><D4/><U10/><E10/><V93/><F104/><W106/><G134/><T23/><REACH who="0" step="1"/><D74/><REACH who="0" ten="240,250,250,250" step="2"/><U126/><E126/><V43/><F135/><W21/><G106/><T121/><D121/><U36/><E7/><V1/><F1/><W39/><G97/><T64/><D64/><U68/><E6/><V70/><F70/><W95/><G96/><T79/><D79/><U46/><E68/><V100/><F75/><W130/><G78/><T44/><D44/><U8/><E46/><V102/><F2/><W41/><G69/><T122/><D122/><U34/><E34/><V86/><F33/><W18/><G66/><T123/><D123/><U30/><E53/><V115/><F115/><W54/><G54/><T52/><D52/><U20/><E91/><V62/><F5/><W24/><G130/><T117/><D117/><U9/><E20/><V15/><F11/><W116/><G21/><T45/><D45/><U72/><E72/><V83/><F88/><W124/><G22/><T25/><D25/><U32/><E32/><V55/><F55/><W105/><G24/><T12/><D12/><U47/><E47/><V13/><F15/><W26/><G124/><T0/><D0/><U16/><E9/><V3/><F3/><W132/><G116/><T67/><D67/><U113/><E8/><RYUUKYOKU ba="0,1" sc="240,30,250,-10,250,-10,250,-10" hai0="23,27,58,60,65,73,76,82,85,87,99,101,107" /><INIT seed="0,1,1,5,0,73" ten="270,240,240,240" oya="0" hai0="8,127,100,134,124,116,119,32,102,46,95,25,2" hai1="112,92,27,34,90,67,37,21,17,68,40,93,47" hai2="55,106,57,5,94,130,120,98,89,0,72,1,22" hai3="59,9,42,109,84,10,126,13,110,45,7,114,128"/><T18/><D46/><U70/><E112/><V97/><F120/><W35/><G114/><T36/><D36/><U14/><E93/><V56/><F130/><W3/><G128/><T66/><D66/><U121/><E121/><V111/><F111/><N who="3" m="42507" /><G126/><N who="0" m="48171" /><D95/><U53/><E34/><V15/><F72/><W29/><G59/><T38/><D38/><U51/><E27/><V58/><F55/><W107/><G107/><T129/><D129/><U113/><E113/><V86/><F97/><W82/><G29/><N who="0" m="19503" /><D134/><U24/><E24/><V44/><F44/><W108/><G35/><T123/><D123/><U54/><E67/><V28/><F28/><W103/><G103/><T80/><D80/><U64/><E64/><V19/><F106/><W30/><G30/><T132/><D132/><U79/><E79/><V117/><F98/><W16/><N who="3" m="42515" /><W71/><DORA hai="135" /><G71/><T39/><D39/><U115/><E115/><V11/><REACH who="2" step="1"/><F117/><REACH who="2" ten="270,240,230,240" step="2"/><N who="0" m="45130" /><D18/><U52/><REACH who="1" step="1"/><E37/><REACH who="1" ten="270,230,230,240" step="2"/><V81/><F81/><W23/><G82/><T85/><D85/><AGARI ba="1,3" hai="14,17,21,40,47,51,52,53,54,68,70,85,90,92" machi="85" ten="40,5200,0" yaku="1,1,2,1,54,1,53,0" doraHai="73,135" doraHaiUra="125,104" who="1" fromWho="0" sc="270,-55,230,85,230,0,240,0" /><INIT seed="1,0,0,2,4,105" ten="215,315,230,240" oya="1" hai0="8,20,44,112,93,131,56,68,3,130,102,110,132" hai1="7,21,39,98,129,80,72,23,49,106,9,79,55" hai2="12,121,5,41,70,64,82,86,119,107,59,67,54" hai3="63,29,57,92,2,101,35,34,123,108,117,24,128"/><U14/><E39/><V99/><F121/><W17/><G123/><T116/><D68/><U53/><E129/><N who="0" m="49161" /><D110/><U11/><E53/><V62/><F119/><W18/><G128/><T113/><D116/><U61/><E61/><V78/><F41/><W103/><G117/><T73/><D132/><U77/><E77/><V94/><F107/><W135/><G108/><T60/><D20/><U97/><E11/><N who="2" m="4207" /><F70/><W125/><G125/><T134/><D134/><U111/><E111/><V0/><F0/><W51/><G135/><T45/><D93/><U10/><E10/><V33/><F33/><W76/><G2/><T28/><D102/><AGARI ba="0,0" hai="54,59,62,64,67,78,82,86,94,99,102" m="4207" machi="102" ten="30,1000,0" yaku="8,1" doraHai="105" who="2" fromWho="0" sc="215,-10,315,0,230,10,240,0" /><INIT seed="2,0,0,0,1,132" ten="205,315,240,240" oya="2" hai0="90,131,12,120,95,40,18,81,16,76,21,135,133" hai1="75,57,47,28,53,34,98,5,68,14,114,25,83" hai2="84,101,11,96,35,72,67,32,24,45,86,106,88" hai3="2,19,69,54,8,99,17,127,26,77,37,23,41"/><V74/><F35/><W65/><G65/><T87/><D131/><U110/><E68/><V0/><F67/><W125/><G69/><T89/><D120/><U49/><E110/><V109/><F109/><W124/><G77/><T105/><D105/><U33/><E114/><V60/><F60/><W55/><G99/><T13/><D40/><U97/><E34/><V62/><F62/><W107/><G107/><T64/><D64/><U126/><E126/><V27/><F84/><W128/><G128/><T115/><D115/><U29/><E29/><V31/><F27/><W121/><G121/><T42/><D42/><U79/><E5/><V36/><F36/><W66/><G66/><T117/><D117/><U129/><E129/><V108/><F108/><W104/><G104/><T51/><D51/><U44/><E14/><V58/><F58/><W39/><G17/><T48/><D48/><U30/><E30/><V7/><REACH who="2" step="1"/><F45/><REACH who="2" ten="205,315,230,240" step="2"/><N who="3" m="23727" /><G39/><T112/><D112/><U9/><E47/><V113/><F113/><W50/><G50/><T116/><D116/><U6/><E44/><V78/><F78/><W94/><G94/><AGARI ba="0,1" hai="0,7,11,24,31,32,72,74,86,88,94,96,101,106" machi="94" ten="30,11600,0" yaku="1,1,7,1,54,1,53,1" doraHai="132" doraHaiUra="85" who="2" fromWho="3" sc="205,0,315,0,230,126,240,-116" /><INIT seed="2,1,0,3,3,96" ten="205,315,356,124" oya="2" hai0="59,75,63,125,18,22,123,15,113,42,51,119,10" hai1="121,117,72,97,66,128,20,132,13,56,120,32,9" hai2="54,65,92,91,31,14,111,98,2,86,25,1,131" hai3="112,118,35,37,124,34,90,4,23,79,95,89,107"/><V8/><F131/><W94/><G118/><T57/><D113/><U28/><E117/><V84/><F65/><W116/><G116/><T3/><D125/><U105/><E72/><V134/><F134/><W110/><G124/><T60/><D119/><U109/><E132/><V27/><F111/><W106/><G110/><T74/><D123/><U87/><E109/><V80/><F86/><W69/><G112/><T135/><D135/><U50/><E128/><V71/><F71/><W64/><G37/><T39/><D39/><U99/><E32/><V61/><F61/><W133/><G133/><T130/><D130/><U108/><E108/><V6/><F54/><W55/><G79/><T0/><D42/><U122/><E87/><V45/><F45/><W29/><G4/><T5/><D3/><U82/><E82/><V101/><REACH who="2" step="1"/><F27/><REACH who="2" ten="205,315,346,124" step="2"/><W93/><G64/><T62/><D51/><U44/><E66/><V30/><F30/><W47/><G69/><T21/><D75/><U67/><E67/><V38/><F38/><W46/><G55/><T78/><D74/><U83/><E56/><V85/><F85/><W11/><G47/><T36/><D36/><U104/><E50/><V24/><F24/><W48/><G46/><T68/><D68/><U19/><E44/><V40/><F40/><W33/><G48/><T16/><REACH who="0" step="1"/><D78/><REACH who="0" ten="195,315,346,124" step="2"/><U52/><E120/><V127/><F127/><W88/><G11/><T115/><D115/><U129/><E122/><V81/><F81/><W58/><G58/><T126/><D126/><U70/><E121/><V49/><F49/><W103/><G29/><RYUUKYOKU ba="1,2" sc="195,15,315,-15,346,15,124,-15" hai0="0,5,10,15,16,18,21,22,57,59,60,62,63" hai2="1,2,6,8,14,25,31,80,84,91,92,98,101" /><INIT seed="2,2,2,5,4,121" ten="210,300,361,109" oya="2" hai0="29,107,75,18,6,34,117,5,27,105,31,102,40" hai1="67,128,80,134,72,131,119,122,68,84,86,2,109" hai2="63,58,64,35,70,100,99,39,37,28,50,87,74" hai3="82,46,8,115,55,135,61,11,83,101,130,104,76"/><V91/><F74/><W108/><G130/><N who="1" m="49706" /><E2/><V88/><F35/><W132/><G115/><T15/><D75/><U1/><E1/><V56/><F28/><W123/><G123/><T79/><D79/><N who="1" m="44135" /><E122/><V12/><F12/><W133/><G108/><T90/><D117/><U17/><E119/><V4/><F4/><W47/><G101/><T129/><D129/><U44/><E134/><V113/><F91/><W120/><G104/><T111/><D111/><U60/><E109/><V93/><F113/><W66/><G120/><T0/><D31/><U118/><E118/><V73/><F73/><W38/><G55/><T26/><D26/><U96/><E44/><N who="3" m="16938" /><G38/><T114/><D40/><U127/><E127/><V22/><F22/><W57/><G83/><T65/><D65/><U126/><E126/><V92/><REACH who="2" step="1"/><F50/><REACH who="2" ten="210,300,351,109" step="2"/><W24/><G24/><T21/><D114/><U3/><E3/><V30/><F30/><W13/><G13/><T116/><D116/><U71/><E17/><V97/><F97/><W94/><G8/><N who="0" m="2087" /><D102/><U48/><E48/><V53/><F53/><W41/><G11/><T77/><D77/><U81/><E96/><V19/><F19/><W54/><G54/><T49/><D6/><U45/><E86/><V95/><F95/><W124/><G94/><T59/><D90/><N who="1" m="51471" /><E45/><V89/><F89/><W23/><G124/><T52/><AGARI ba="2,3" hai="15,18,21,27,29,34,49,52,59,105,107" m="2087" machi="52" ten="30,2000,0" yaku="24,1,54,1" doraHai="121" who="0" fromWho="0" sc="210,56,300,-7,351,-12,109,-7" /><INIT seed="3,0,0,1,1,41" ten="266,293,339,102" oya="3" hai0="32,47,78,98,46,53,58,128,62,102,85,23,9" hai1="67,56,119,43,18,103,135,109,73,86,121,118,36" hai2="132,54,97,60,0,126,92,125,35,63,87,24,34" hai3="68,2,31,79,82,26,105,75,123,69,96,55,50"/><W21/><G123/><T8/><D32/><U48/><E121/><V111/><F0/><W6/><G6/><T124/><D124/><N who="2" m="47722" /><F111/><W122/><G2/><T4/><D128/><U110/><E73/><V45/><F87/><W7/><G7/><T3/><D9/><U108/><E103/><N who="2" m="60839" /><F132/><W89/><G122/><T129/><D129/><U84/><E18/><V115/><F115/><W113/><G113/><T80/><REACH who="0" step="1"/><D23/><REACH who="0" ten="256,293,339,102" step="2"/><U11/><E135/><V39/><F35/><W42/><G42/><T22/><D22/><U27/><E11/><V37/><F37/><W1/><G1/><T52/><D52/><N who="1" m="31751" /><E67/><V83/><F54/><W30/><G31/><T72/><D72/><U130/><E130/><V14/><F39/><W91/><G21/><T133/><D133/><U120/><E120/><V93/><F34/><W16/><G30/><T131/><D131/><U59/><E36/><V112/><F112/><W61/><G55/><T71/><D71/><U65/><E43/><V88/><F24/><W106/><G68/><T101/><D101/><U99/><E65/><V66/><F66/><N who="3" m="41167" /><G26/><T134/><D134/><U25/><E27/><V107/><F14/><W17/><G17/><T90/><D90/><U10/><E25/><V33/><F88/><N who="3" m="33867" /><G16/><T104/><AGARI ba="0,1" hai="3,4,8,46,47,53,58,62,78,80,85,98,102,104" machi="104" ten="20,8000,1" yaku="1,1,0,1,7,1,52,2,53,0" doraHai="41" doraHaiUra="29" who="0" fromWho="0" sc="256,90,293,-20,339,-20,102,-40" /><INIT seed="4,0,0,0,2,60" ten="346,273,319,62" oya="0" hai0="19,95,58,121,64,131,104,59,117,79,56,10,3" hai1="16,81,8,26,65,1,41,69,119,38,87,116,92" hai2="37,101,112,133,113,96,99,118,53,12,74,89,32" hai3="28,68,93,126,5,97,108,123,102,9,35,52,17"/><T25/><D104/><U51/><E38/><V85/><F32/><W84/><G108/><T45/><D117/><U94/><E116/><V122/><F37/><W4/><G126/><T11/><D121/><U34/><E119/><V124/><F118/><W107/><G123/><T47/><D131/><U23/><E34/><V132/><F53/><W0/><G68/><T106/><D106/><U39/><E39/><V54/><F54/><W18/><G4/><T31/><D79/><U42/><E1/><V36/><F12/><W127/><G127/><T24/><D3/><U129/><E129/><V13/><F13/><W22/><G107/><T125/><D125/><U57/><E69/><V120/><F74/><W50/><G84/><T86/><D95/><N who="1" m="36395" /><E8/><N who="0" m="3113" /><D86/><U49/><E49/><V76/><F36/><W109/><G109/><T27/><D19/><U14/><E14/><V130/><F85/><W63/><G63/><N who="0" m="37991" /><D31/><U114/><E114/><V46/><F124/><W100/><G100/><T7/><D7/><U15/><E15/><V62/><F130/><W67/><G35/><T135/><D135/><U73/><E73/><V33/><F33/><W88/><G102/><T82/><D82/><U30/><E30/><V128/><F101/><W71/><G28/><T40/><D40/><U55/><E65/><V61/><F128/><W66/><G71/><T115/><D115/><U44/><E57/><AGARI ba="0,0" hai="24,25,27,45,47,57,58,59" m="37991,3113" machi="57" ten="30,2900,0" yaku="8,1,52,1" doraHai="60" who="0" fromWho="1" sc="346,29,273,-29,319,0,62,0" /><INIT seed="4,1,0,4,1,115" ten="375,244,319,62" oya="0" hai0="72,30,78,91,52,116,102,51,88,101,38,61,94" hai1="13,104,22,93,106,57,34,130,8,117,135,125,118" hai2="76,95,107,6,10,45,131,41,5,82,17,55,99" hai3="39,73,85,79,120,33,50,59,132,49,84,80,123"/><T68/><D116/><U128/><E34/><V37/><F107/><W19/><G132/><T36/><D30/><U23/><E57/><V113/><F131/><N who="1" m="50217" /><E93/><V58/><F17/><W87/><G33/><T122/><D122/><N who="3" m="46633" /><G39/><T89/><D78/><U11/><E135/><V121/><F121/><W69/><G69/><T75/><D36/><U83/><E83/><V127/><F127/><W74/><G74/><T111/><D38/><U31/><E125/><V64/><F64/><W21/><G59/><T86/><D111/><U42/><E42/><V0/><F6/><W14/><AGARI ba="1,0" hai="14,19,21,49,50,73,79,80,84,85,87" m="46633" machi="14" ten="30,1100,0" yaku="13,1" doraHai="115" who="3" fromWho="3" sc="375,-6,244,-4,319,-4,62,14" /><INIT seed="5,0,0,5,3,132" ten="369,240,315,76" oya="1" hai0="7,125,109,9,113,116,33,76,64,126,134,95,103" hai1="45,90,58,11,0,1,120,68,79,8,51,129,115" hai2="2,77,135,24,75,26,31,40,117,50,30,21,36" hai3="39,111,105,122,84,69,100,60,99,42,19,131,94"/><U66/><E120/><V61/><F135/><W83/><G122/><T121/><D134/><U114/><E68/><V104/><F117/><W128/><G111/><T23/><D121/><U59/><E79/><V46/><F104/><W87/><G42/><T38/><D109/><U96/><E96/><V93/><F2/><N who="1" m="1129" /><E90/><V6/><F6/><W22/><G39/><T63/><D116/><U20/><E66/><V102/><F75/><W70/><G105/><T12/><D38/><U10/><E20/><V81/><F36/><W3/><G3/><T82/><D23/><U47/><E129/><N who="3" m="49738" /><G60/><T110/><D110/><U98/><E98/><V80/><F77/><N who="3" m="46191" /><G87/><T118/><D118/><U5/><E5/><V74/><F74/><W57/><G57/><N who="1" m="21514" /><E51/><V106/><F106/><W41/><G41/><T4/><D4/><U17/><E17/><V65/><F65/><W101/><G101/><T32/><D103/><U14/><E14/><AGARI ba="0,0" hai="14,19,22,69,70,94,99,100" m="46191,49738" machi="14" ten="30,1000,0" yaku="19,1" doraHai="132" who="3" fromWho="1" sc="369,0,240,-10,315,0,76,10" /><INIT seed="6,0,0,2,5,64" ten="369,230,315,86" oya="2" hai0="108,105,18,76,101,110,90,102,88,85,106,73,41" hai1="20,16,34,78,66,13,40,29,2,0,35,118,9" hai2="32,17,30,117,79,128,91,54,131,122,6,71,81" hai3="124,31,59,56,127,82,43,37,100,123,19,114,63"/><V120/><F117/><W68/><G123/><T23/><D41/><U38/><E66/><V14/><F91/><N who="0" m="34858" /><D23/><U67/><E67/><V104/><F104/><N who="0" m="40042" /><D18/><U7/><E78/><V95/><F95/><W52/><G114/><T125/><D125/><N who="3" m="48201" /><G100/><N who="0" m="38507" /><D85/><U22/><E40/><V107/><F107/><W113/><G31/><T80/><AGARI ba="0,0" hai="73,76,80,108,110" m="38507,40042,34858" machi="80" ten="40,5200,0" yaku="34,2,54,1" doraHai="64" who="0" fromWho="0" sc="369,52,230,-13,315,-26,86,-13" /><INIT seed="7,0,0,1,2,82" ten="421,217,289,73" oya="3" hai0="47,91,97,126,134,108,112,104,84,38,100,5,57" hai1="111,28,12,36,72,106,76,9,133,70,63,44,101" hai2="92,95,114,116,117,73,103,53,29,118,1,4,52" hai3="94,110,119,14,66,45,107,123,23,83,58,65,18"/><W13/><G119/><T77/><D108/><U109/><E28/><V7/><F73/><W10/><G123/><T93/><D112/><U54/><E133/><V96/><F114/><W48/><G107/><T130/><D126/><U61/><E12/><V78/><F78/><W102/><G110/><T50/><D130/><U81/><E9/><V42/><F42/><W71/><G71/><T39/><D134/><U22/><E22/><V6/><F1/><W55/><G83/><T40/><D5/><U127/><E61/><V2/><F2/><W125/><G125/><T0/><D0/><U51/><E127/><V17/><F29/><W34/><G34/><T33/><D33/><U21/><E21/><V16/><REACH who="2" step="1"/><F95/><REACH who="2" ten="421,217,279,73" step="2"/><W99/><REACH who="3" step="1"/><G45/><REACH who="3" ten="421,217,279,63" step="2"/><T80/><D57/><U90/><E70/><V124/><F124/><W129/><G129/><T62/><D62/><U69/><E63/><V35/><F35/><W128/><G128/><T41/><D41/><U113/><E69/><V74/><F74/><AGARI ba="0,2" hai="38,39,40,47,50,74,77,80,84,91,93,97,100,104" machi="74" ten="30,7700,0" yaku="7,1,24,2,52,1" doraHai="82" who="0" fromWho="2" sc="421,97,217,0,279,-77,63,0" owari="518,61.8,217,1.7,202,-19.8,63,-43.7" /></mjloggm>