<mjloggm ver="2.3"><GO type="169" lobby="0"/><UN n0="%E7%BC%B6%E3%82%B3%E3%83%92" n1="%E5%A4%9A%E6%91%A9%E3%82%BD%E3%83%BC%E3%82%B8" n2="%E3%81%97%E3%82%87%E3%81%BC%E3%82%93%EF%BD%8E" n3="%72%65%62%65%65%72" dan="16,17,17,16" rate="2021.52,2197.43,2263.98,2159.24" sx="M,M,M,M"/><TAIKYOKU oya="0"/><INIT seed="0,0,0,2,3,92" ten="250,250,250,250" oya="0" hai0="119,41,37,1,82,127,79,118,83,25,103,123,50" hai1="122,73,36,125,26,49,0,90,72,54,53,58,78" hai2="44,130,27,75,89,2,28,66,64,57,6,107,133" hai3="76,115,70,3,56,9,12,87,132,129,11,112,101"/><T95/><D1/><U61/><E122/><V80/><F107/><W39/><G70/><T85/><D123/><U126/><E36/><V69/><F69/><W93/><G39/><T52/><D127/><N who="1" m="48651" /><E0/><V91/><F130/><W81/><G129/><T55/><D25/><U74/><E90/><V30/><F44/><W88/><G132/><T31/><D31/><U21/><E78/><V65/><F57/><W45/><G45/><T14/><D37/><U34/><E34/><V24/><F133/><W134/><G134/><T20/><D41/><U108/><E108/><V94/><F6/><W71/><G71/><T22/><D118/><U4/><E4/><V99/><F2/><W5/><G101/><T104/><D104/><U84/><E84/><N who="2" m="50311" /><F75/><W40/><G40/><T98/><D119/><U117/><E117/><V121/><F121/><W8/><G8/><T86/><D14/><U59/><E73/><V116/><F116/><W42/><G42/><T47/><D55/><U67/><E54/><V62/><F62/><W124/><G56/><T29/><D29/><AGARI ba="0,0" hai="21,26,29,49,53,58,59,61,67,72,74" m="48651" machi="29" ten="30,1000,0" yaku="18,1" doraHai="92" who="1" fromWho="0" sc="250,-10,250,10,250,0,250,0" /><AGARI ba="0,0" hai="24,27,28,29,30,64,65,66,91,94,99" m="50311" machi="29" ten="30,2000,0" yaku="8,1,52,1" doraHai="92" who="2" fromWho="0" sc="240,-20,260,0,250,20,250,0" /><INIT seed="1,0,0,0,5,74" ten="220,260,270,250" oya="1" hai0="3,20,84,58,62,0,34,109,38,131,57,12,51" hai1="33,105,15,85,135,16,117,110,81,73,59,35,104" hai2="25,127,132,116,82,8,39,124,48,91,6,72,54" hai3="93,103,89,19,99,90,60,2,67,77,27,5,24"/><U129/><E117/><V10/><F39/><W29/><G2/><T83/><D34/><U37/><E73/><V95/><F116/><W115/><G5/><T47/><D109/><U61/><E37/><V76/><F132/><W56/><G115/><T102/><D131/><U94/><E94/><V63/><F63/><W75/><G24/><T7/><D38/><U108/><E135/><V43/><F43/><W66/><G19/><T36/><D36/><U4/><E4/><V118/><F25/><W23/><G67/><T50/><D102/><U30/><E129/><V53/><F10/><W86/><G75/><T32/><D32/><U78/><E33/><V52/><F48/><W71/><G71/><T107/><D107/><U130/><E30/><V123/><F123/><W45/><G45/><T97/><D97/><U22/><E35/><V13/><REACH who="2" step="1"/><F118/><REACH who="2" ten="220,260,260,250" step="2"/><W44/><G44/><T1/><D50/><U106/><REACH who="1" step="1"/><E130/><REACH who="1" ten="220,250,260,250" step="2"/><V31/><F31/><W87/><G87/><AGARI ba="0,2" hai="6,8,13,52,53,54,72,76,82,87,91,95,124,127" machi="87" ten="40,5200,0" yaku="1,1,52,1,54,1,53,0" doraHai="74" doraHaiUra="55" who="2" fromWho="3" sc="220,0,250,0,260,72,250,-52" /><INIT seed="2,0,0,4,1,104" ten="220,250,332,198" oya="2" hai0="67,111,54,99,73,12,42,93,83,36,81,19,87" hai1="85,3,66,80,20,129,51,95,38,108,10,6,5" hai2="120,75,90,118,121,134,127,29,64,110,62,132,102" hai3="61,25,43,113,69,22,123,21,100,115,71,13,109"/><V88/><F118/><W53/><G123/><N who="2" m="47177" /><F29/><W2/><G2/><T63/><D54/><U74/><E38/><V24/><F24/><W116/><G116/><T59/><D111/><U37/><E37/><V106/><F62/><W8/><G109/><T46/><D87/><U79/><E108/><V17/><F17/><W126/><G100/><T91/><REACH who="0" step="1"/><D73/><REACH who="0" ten="210,250,332,198" step="2"/><U30/><E85/><V50/><F110/><W135/><G43/><T18/><D18/><U114/><E74/><V47/><F75/><W89/><G53/><T11/><AGARI ba="0,1" hai="11,12,19,36,42,46,59,63,67,81,83,91,93,99" machi="11" ten="20,2700,0" yaku="1,1,0,1,7,1,53,0" doraHai="104" doraHaiUra="49" who="0" fromWho="0" sc="210,37,250,-7,332,-13,198,-7" /><INIT seed="3,0,0,5,4,79" ten="247,243,319,191" oya="3" hai0="115,104,56,118,45,15,41,88,97,37,50,25,90" hai1="125,70,65,47,20,57,131,89,48,77,43,18,11" hai2="112,9,120,106,81,29,135,14,74,23,101,63,0" hai3="100,75,55,78,72,53,52,132,24,26,31,103,58"/><W46/><G132/><T6/><D118/><U87/><E131/><V16/><F112/><W80/><G72/><T82/><D115/><U114/><E114/><V3/><F135/><W127/><G127/><T84/><D37/><U98/><E125/><V33/><F120/><W109/><G109/><T122/><D122/><U107/><E70/><V92/><F106/><W40/><G58/><T27/><D56/><U102/><E77/><N who="2" m="44215" /><F0/><W5/><G5/><T85/><D104/><U134/><E134/><V73/><F73/><W69/><G69/><T95/><D97/><U116/><E116/><V4/><F92/><W111/><G111/><T123/><D123/><U71/><E71/><V126/><F101/><W121/><G121/><T30/><D30/><U117/><E117/><V68/><F68/><W91/><G91/><T110/><D110/><U10/><E65/><V86/><F86/><W49/><REACH who="3" step="1"/><G24/><REACH who="3" ten="247,243,319,181" step="2"/><T94/><D82/><U67/><E57/><V32/><F126/><W19/><G19/><T133/><D133/><U130/><E130/><V7/><F7/><W1/><G1/><T34/><D34/><AGARI ba="0,1" hai="26,31,34,40,46,49,52,53,55,75,78,80,100,103" machi="34" ten="40,12000,1" yaku="1,1,52,1,54,1,53,1" doraHai="79" doraHaiUra="22" who="3" fromWho="0" sc="247,-120,243,0,319,0,181,130" /><INIT seed="3,1,0,2,1,41" ten="127,243,319,311" oya="3" hai0="51,19,17,135,124,129,28,130,35,8,78,132,79" hai1="62,83,58,1,0,109,67,85,16,14,5,65,134" hai2="60,33,20,120,119,47,53,86,32,26,95,49,84" hai3="66,24,11,30,48,102,90,77,21,115,7,122,82"/><W123/><G115/><T104/><D104/><U103/><E109/><V43/><F119/><W74/><G102/><T96/><D96/><U106/><E134/><N who="0" m="51241" /><D51/><U107/><E67/><V22/><F120/><W13/><G90/><T38/><D38/><U75/><E75/><V57/><F20/><W64/><REACH who="3" step="1"/><G48/><REACH who="3" ten="127,243,319,301" step="2"/><T89/><D89/><U118/><E103/><V10/><F32/><W52/><G52/><T29/><D35/><U81/><E118/><V121/><F33/><W6/><G6/><T71/><D124/><U76/><E83/><V68/><F121/><AGARI ba="1,1" hai="7,11,13,21,24,30,64,66,74,77,82,121,122,123" machi="121" ten="40,2000,0" yaku="1,1,53,0" doraHai="41" doraHaiUra="112" who="3" fromWho="2" sc="127,0,243,0,319,-23,301,33" /><INIT seed="3,2,0,0,5,59" ten="127,243,296,334" oya="3" hai0="87,97,25,103,107,115,58,37,63,17,35,20,47" hai1="9,121,110,126,93,108,70,32,56,112,13,19,85" hai2="66,73,29,24,119,133,128,100,12,88,90,30,89" hai3="78,61,21,38,0,67,94,81,127,129,132,111,72"/><W41/><G127/><T33/><D115/><U134/><E121/><V18/><F119/><W130/><G0/><T123/><D123/><U98/><E70/><V74/><F128/><W120/><G120/><T36/><D87/><U54/><E112/><V53/><F133/><W48/><G38/><T124/><D124/><U15/><E126/><V116/><F116/><W68/><G132/><T44/><D37/><U40/><E32/><V65/><F100/><W92/><G21/><T95/><D107/><U11/><E40/><V122/><F122/><W27/><G27/><T118/><D118/><U114/><E85/><V131/><F131/><N who="3" m="50187" /><G111/><T34/><REACH who="0" step="1"/><D36/><REACH who="0" ten="117,243,296,334" step="2"/><U79/><E114/><V102/><F74/><W83/><G83/><T96/><D96/><U7/><E134/><V45/><F73/><W23/><G94/><T82/><D82/><U69/><E79/><V64/><F24/><W135/><G92/><T39/><D39/><U106/><E106/><V4/><F4/><W31/><G135/><T49/><D49/><U104/><E104/><V62/><F102/><W3/><G48/><T86/><D86/><U8/><E93/><V52/><F90/><W91/><G91/><T6/><D6/><U42/><E98/><V71/><F89/><W105/><G105/><T113/><D113/><U80/><E80/><V28/><F88/><W14/><G81/><T46/><D46/><U57/><E7/><V125/><F125/><W77/><G72/><T109/><D109/><U60/><E110/><V75/><F75/><W51/><G51/><T117/><D117/><U22/><E108/><RYUUKYOKU ba="2,1" sc="117,30,243,-10,296,-10,334,-10" hai0="17,20,25,33,34,35,44,47,58,63,95,97,103" /><INIT seed="4,3,1,4,4,124" ten="147,233,286,324" oya="0" hai0="9,99,90,128,74,134,103,5,62,34,43,12,98" hai1="117,2,30,6,59,112,16,32,50,93,29,116,17" hai2="8,14,1,106,91,88,39,35,41,110,95,64,115" hai3="61,42,19,127,97,65,31,113,109,89,111,80,44"/><T105/><D34/><U71/><E71/><V24/><F110/><W87/><G127/><T130/><D134/><U37/><E37/><V75/><F106/><W114/><G31/><N who="1" m="11786" /><E93/><V27/><F1/><W0/><G0/><T108/><D74/><U78/><E78/><V48/><F35/><W118/><G19/><N who="1" m="7242" /><E50/><V58/><F39/><W72/><G118/><N who="1" m="45674" /><E59/><V21/><F58/><W135/><G135/><T57/><D108/><U83/><E83/><V76/><F48/><W10/><G72/><T52/><REACH who="0" step="1"/><D43/><REACH who="0" ten="137,233,286,324" step="2"/><U133/><E32/><V13/><F41/><W123/><G109/><T79/><D79/><U120/><E133/><V3/><F76/><W131/><G111/><T11/><D11/><N who="1" m="2519" /><E120/><V69/><F75/><W86/><G123/><T119/><D119/><U66/><E66/><V23/><F8/><W46/><G10/><T4/><D4/><U55/><E55/><V67/><F67/><W107/><G65/><T28/><D28/><U81/><E81/><V18/><F64/><W60/><G80/><T92/><AGARI ba="3,2" hai="5,9,12,52,57,62,90,92,98,99,103,105,128,130" machi="92" ten="30,18000,2" yaku="1,1,0,1,52,2,54,1,53,1" doraHai="124" doraHaiUra="56" who="0" fromWho="0" sc="137,209,233,-63,286,-63,324,-63" /><INIT seed="4,4,0,4,3,33" ten="346,170,223,261" oya="0" hai0="50,42,73,15,122,116,88,80,17,121,135,16,51" hai1="36,39,109,102,65,96,57,126,31,4,104,105,100" hai2="94,3,14,12,97,11,95,93,103,0,1,114,70" hai3="111,44,46,29,37,60,61,125,101,24,130,113,2"/><T43/><D116/><U25/><E109/><V108/><F108/><W92/><G111/><T83/><D73/><U115/><E126/><V30/><F70/><W8/><G113/><T58/><D58/><U82/><E115/><V62/><F114/><W77/><G77/><T86/><D135/><U98/><E4/><V34/><F62/><W9/><G130/><T49/><D80/><U41/><E41/><V99/><F11/><W5/><G9/><T89/><D89/><U21/><REACH who="1" step="1"/><E82/><REACH who="1" ten="346,160,223,261" step="2"/><V84/><F84/><W10/><G5/><T27/><D43/><U66/><E66/><V128/><F128/><W71/><G125/><T81/><D42/><U110/><E110/><V123/><F123/><W117/><G117/><T112/><D112/><U68/><E68/><V6/><F6/><W133/><G71/><T85/><D121/><U74/><E74/><V79/><F79/><W48/><G133/><T59/><D122/><U32/><E32/><V28/><F34/><W124/><G124/><T54/><D83/><U107/><E107/><V72/><F72/><W75/><G75/><T129/><D129/><U56/><E56/><V53/><F53/><W18/><G46/><T52/><D59/><U63/><AGARI ba="4,1" hai="21,25,31,36,39,57,63,65,96,98,100,102,104,105" machi="63" ten="30,7900,0" yaku="1,1,0,1,9,1,53,1" doraHai="33" doraHaiUra="22" who="1" fromWho="1" sc="346,-43,160,101,223,-24,261,-24" /><INIT seed="5,0,0,4,2,24" ten="303,261,199,237" oya="1" hai0="134,11,125,45,9,10,116,113,120,90,5,16,35" hai1="65,111,44,72,61,122,41,108,58,43,123,97,55" hai2="82,83,0,110,69,73,52,66,59,124,51,86,128" hai3="8,105,98,91,21,19,33,67,79,112,17,28,1"/><U22/><E72/><V89/><F110/><N who="1" m="42025" /><E97/><V88/><F128/><W135/><G112/><T77/><D113/><U34/><E34/><V39/><F39/><W62/><G135/><T133/><D35/><U126/><E22/><V64/><F124/><W132/><G79/><T130/><D77/><U106/><E106/><V99/><F0/><W14/><G132/><N who="0" m="50795" /><D116/><U119/><E119/><V30/><F69/><W23/><G1/><T31/><D130/><U117/><E117/><V36/><F36/><W76/><G76/><T25/><D125/><U32/><E32/><V74/><F30/><W127/><G127/><T100/><D100/><U38/><E126/><V118/><F118/><W60/><G60/><T71/><D90/><U80/><E80/><V101/><F74/><W57/><G91/><T78/><D78/><U50/><E43/><V48/><F73/><W102/><G19/><T53/><D5/><U109/><N who="1" m="42033" /><U7/><DORA hai="26" /><E7/><V131/><F131/><W94/><G105/><T12/><D16/><U4/><E4/><V129/><F129/><W3/><G3/><T93/><D93/><U63/><E63/><V68/><F68/><AGARI ba="0,0" hai="38,41,44,50,55,58,61,65,68,122,123" m="42033" machi="68" ten="40,12000,1" yaku="24,1,10,1,34,2" doraHai="24,26" who="1" fromWho="2" sc="303,0,261,120,199,-120,237,0" /><INIT seed="5,1,0,5,2,76" ten="303,381,79,237" oya="1" hai0="91,82,67,8,38,104,68,94,59,63,132,48,40" hai1="109,114,11,100,95,46,58,45,106,113,54,70,43" hai2="134,69,20,125,96,65,131,7,98,62,121,133,31" hai3="87,135,19,21,119,34,27,18,99,10,118,16,22"/><U128/><E106/><V78/><F121/><W49/><G99/><T97/><D132/><N who="2" m="50794" /><F131/><W101/><G87/><T4/><D104/><U64/><E100/><V105/><F125/><W71/><G49/><T37/><D68/><U51/><E95/><V83/><F7/><W42/><G42/><T120/><D120/><U52/><E11/><V14/><F105/><W5/><G71/><T122/><D122/><U92/><E92/><V29/><F14/><N who="3" m="5455" /><G101/><T36/><D82/><U28/><E28/><N who="2" m="10827" /><F20/><N who="3" m="7787" /><G135/><T79/><D79/><U115/><E128/><V107/><F107/><W123/><G123/><T88/><D91/><U73/><E73/><AGARI ba="1,0" hai="62,65,69,73,78,83,96,98" m="10827,50794" machi="73" ten="30,2000,0" yaku="20,1,52,1" doraHai="76" who="2" fromWho="1" sc="303,0,381,-23,79,23,237,0" /><INIT seed="6,0,0,1,1,114" ten="303,358,102,237" oya="2" hai0="1,80,123,41,11,87,96,65,72,35,5,112,15" hai1="45,60,18,27,91,88,117,73,134,49,106,22,54" hai2="69,4,89,44,43,46,128,110,98,2,79,40,67" hai3="51,108,33,102,115,61,48,29,75,113,125,47,130"/><V78/><F128/><W62/><G75/><T66/><D123/><U57/><E106/><V52/><F110/><W74/><G74/><T70/><D112/><N who="3" m="43081" /><G108/><T24/><D72/><U77/><E117/><V105/><F2/><W58/><G102/><T3/><D3/><U122/><E134/><V124/><F124/><W132/><G132/><T81/><D81/><U131/><E131/><V42/><F4/><W109/><G109/><T16/><D41/><U13/><E122/><V38/><F105/><W101/><G101/><T14/><D96/><U6/><E77/><N who="2" m="29195" /><F69/><W36/><G130/><T120/><D120/><U55/><E73/><V119/><F38/><W26/><G125/><T95/><D95/><U50/><E60/><N who="3" m="23146" /><G58/><T23/><D70/><U76/><E76/><V39/><F39/><W93/><G93/><T7/><D7/><U121/><E121/><V30/><F119/><W84/><G84/><T92/><D92/><U68/><E68/><V12/><F67/><W32/><G33/><T104/><D104/><U63/><E63/><V97/><F89/><W83/><G83/><T85/><D80/><U10/><AGARI ba="0,0" hai="6,10,13,18,22,27,45,49,50,54,55,57,88,91" machi="10" ten="30,4000,0" yaku="0,1,8,1,54,1" doraHai="114" who="1" fromWho="1" sc="303,-10,358,40,102,-20,237,-10" /><INIT seed="7,0,0,0,2,58" ten="293,398,82,227" oya="3" hai0="84,82,42,127,100,76,68,97,120,122,90,49,3" hai1="65,132,75,101,1,2,37,79,64,54,85,43,63" hai2="110,126,105,14,111,69,115,71,117,33,12,6,112" hai3="89,116,87,109,61,16,88,11,70,125,73,77,124"/><W59/><G116/><T22/><D3/><U46/><E75/><V0/><F105/><W5/><G70/><T133/><D68/><U108/><E108/><V18/><F69/><W39/><G39/><T9/><D22/><U80/><E65/><V106/><F106/><W44/><G44/><T113/><D9/><U27/><E54/><V29/><F71/><W26/><G73/><T50/><D50/><U72/><E101/><V31/><F117/><W91/><G109/><T23/><D23/><U8/><E132/><V4/><F0/><W130/><G130/><T35/><D35/><U7/><E27/><V95/><F95/><W45/><G45/><T118/><D49/><U48/><E1/><V20/><F20/><N who="3" m="13575" /><G5/><T103/><D42/><U24/><E24/><V134/><F18/><W40/><G40/><T55/><D55/><U13/><E13/><V129/><F33/><W41/><G41/><T128/><D128/><U83/><E48/><V81/><F81/><N who="3" m="47535" /><G11/><T21/><D21/><U121/><E121/><V131/><REACH who="2" step="1"/><F126/><REACH who="2" ten="293,398,72,227" step="2"/><N who="3" m="48747" /><G91/><T51/><D127/><U60/><E7/><V15/><F15/><W94/><G94/><T10/><D118/><U102/><E2/><V56/><F56/><W104/><G104/><T36/><D120/><U66/><E8/><V62/><F62/><W93/><G93/><T17/><D122/><U123/><E123/><V67/><F67/><AGARI ba="0,1" hai="59,61,67,88,89" m="48747,47535,13575" machi="67" ten="30,11600,0" yaku="18,1,52,1,54,2" doraHai="58" who="3" fromWho="2" sc="293,0,398,0,72,-116,227,126" owari="293,-10.7,398,49.8,-44,-54.4,353,15.3" /></mjloggm>