<mjloggm ver="2.3"><GO type="169" lobby="0"/><UN n0="%E7%91%9E%E5%8E%9F%E3%83%B4%E3%82%A1%E3%82%AE%E3%83%8A" n1="%E3%82%BC%E3%83%B3%E3%83%84%E3%83%9E%E3%82%B7%E3%83%BC%E3%83%B3" n2="%E8%8F%85%E7%94%B0%E5%B0%86%E6%9A%89%28%E5%81%BD%E7%89%A9%29" n3="%E8%A6%9A%E9%86%92%E3%81%97%E3%81%9F%E3%81%A8%E3%81%BE%E3%81%A8" dan="16,16,16,16" rate="2060.15,2133.75,2152.37,2136.62" sx="M,M,M,M"/><TAIKYOKU oya="0"/><INIT seed="0,0,0,2,1,74" ten="250,250,250,250" oya="0" hai0="16,58,91,67,46,92,41,53,24,85,64,95,20" hai1="130,42,60,128,133,94,87,26,86,22,49,12,117" hai2="122,100,71,103,44,56,79,93,118,40,1,121,129" hai3="112,70,75,59,134,135,119,28,108,88,62,25,106"/><T81/><D95/><U10/><E117/><V72/><F1/><W21/><G119/><T9/><D9/><U65/><E133/><N who="3" m="50698" /><G112/><T2/><D2/><U29/><E49/><V123/><F71/><W124/><G108/><T45/><D45/><U73/><E73/><V3/><F3/><W23/><G124/><T84/><D46/><U11/><E42/><V116/><F129/><N who="1" m="49769" /><E94/><V83/><F56/><W96/><G75/><T57/><D57/><N who="1" m="37007" /><E10/><V50/><REACH who="2" step="1"/><F100/><REACH who="2" ten="250,250,240,250" step="2"/><N who="3" m="62727" /><G70/><T8/><D41/><U5/><AGARI ba="0,1" hai="5,11,12,22,26,29,86,87" m="37007,49769" machi="5" ten="30,1100,0" yaku="19,1" doraHai="74" who="1" fromWho="1" sc="250,-5,250,21,240,-3,250,-3" /><INIT seed="1,0,0,3,1,72" ten="245,271,237,247" oya="1" hai0="58,77,109,70,19,54,2,6,119,112,55,59,117" hai1="73,12,5,7,21,57,4,42,10,9,26,110,11" hai2="107,98,49,18,74,22,63,46,116,30,130,81,86" hai3="32,34,17,97,91,104,40,39,61,122,25,87,114"/><U84/><E73/><V96/><F116/><W99/><G114/><T13/><D112/><U16/><E42/><V129/><F74/><W36/><G122/><T50/><D70/><U15/><E57/><V23/><F30/><W65/><G17/><T51/><D109/><U95/><E95/><V20/><F18/><W56/><G40/><T83/><D6/><N who="1" m="3127" /><E84/><V111/><F111/><W135/><G135/><T134/><D2/><N who="1" m="279" /><E110/><V66/><F107/><W101/><G99/><T75/><REACH who="0" step="1"/><D134/><REACH who="0" ten="235,271,237,247" step="2"/><U125/><E125/><V78/><F129/><W126/><G126/><T38/><BYE who="3" /><D38/><U48/><E48/><V131/><F130/><W45/><G45/><T118/><D118/><U113/><E113/><V8/><F131/><W105/><G105/><T102/><D102/><U28/><AGARI ba="0,1" hai="5,7,11,15,16,21,26,28" m="279,3127" machi="28" ten="30,18000,2" yaku="35,5,54,1" doraHai="72" who="1" fromWho="1" sc="235,-60,271,190,237,-60,247,-60" /><UN n3="%E8%A6%9A%E9%86%92%E3%81%97%E3%81%9F%E3%81%A8%E3%81%BE%E3%81%A8" /><INIT seed="1,1,0,5,0,116" ten="175,461,177,187" oya="1" hai0="78,71,127,33,5,23,121,48,17,40,87,53,90" hai1="102,35,18,76,91,51,12,63,24,4,114,118,14" hai2="7,80,54,111,129,98,68,133,100,110,77,11,38" hai3="65,60,61,84,107,69,49,0,25,94,81,106,41"/><U75/><E118/><V86/><F68/><W30/><G0/><T36/><D33/><U31/><E114/><V2/><F38/><W64/><G94/><T97/><D71/><U28/><E102/><V95/><F129/><W113/><G49/><T55/><D127/><U122/><E122/><V8/><F133/><W112/><G41/><T119/><D119/><U16/><E31/><V56/><REACH who="2" step="1"/><F8/><REACH who="2" ten="175,461,167,187" step="2"/><W88/><G113/><T21/><D36/><U47/><E4/><V15/><F15/><W92/><G112/><T125/><D5/><U43/><E12/><V62/><AGARI ba="1,1" hai="2,7,11,54,56,62,77,80,86,95,98,100,110,111" machi="62" ten="30,4000,0" yaku="1,1,0,1,53,1" doraHai="116" doraHaiUra="52" who="2" fromWho="2" sc="175,-11,461,-21,167,53,187,-11" /><INIT seed="2,0,0,5,5,74" ten="164,440,220,176" oya="2" hai0="54,44,26,14,11,103,104,113,61,95,130,73,32" hai1="48,94,0,106,41,97,22,23,13,87,66,63,108" hai2="38,9,31,4,110,18,75,133,84,15,30,77,125" hai3="112,36,35,86,57,121,114,55,50,102,85,134,43"/><V107/><F75/><W70/><G121/><T128/><D113/><N who="3" m="43625" /><G134/><T24/><D73/><U16/><E0/><V120/><F120/><W28/><G70/><T17/><D104/><U131/><E108/><V89/><F133/><W126/><G126/><T124/><D124/><U65/><E131/><N who="0" m="50217" /><D32/><U25/><E106/><V42/><F125/><W116/><G116/><T135/><D135/><U99/><E87/><N who="3" m="33290" /><G102/><T109/><D109/><U69/><E66/><V90/><F107/><W5/><G5/><T98/><D61/><U40/><E48/><AGARI ba="0,0" hai="11,14,17,24,26,44,48,54,95,98,103" m="50217" machi="48" ten="30,1000,0" yaku="19,1" doraHai="74" who="0" fromWho="1" sc="164,10,440,-10,220,0,176,0" /><INIT seed="3,0,0,5,4,64" ten="174,430,220,176" oya="3" hai0="24,4,63,32,42,76,116,31,45,122,107,30,113" hai1="28,90,14,72,25,37,21,134,9,99,114,56,67" hai2="88,97,61,87,53,98,121,65,3,96,49,51,128" hai3="10,55,131,135,105,36,17,47,100,83,111,15,59"/><W60/><G135/><T129/><D116/><U124/><E114/><V91/><F128/><W71/><G131/><T16/><D129/><U40/><E124/><V19/><F121/><W127/><G127/><T7/><D122/><U41/><E134/><V33/><F33/><W82/><G111/><T133/><D133/><U101/><E72/><V93/><F3/><W86/><G100/><T0/><D113/><U46/><E90/><V73/><F73/><W5/><G105/><T44/><D107/><U81/><E81/><V66/><F49/><W8/><G71/><T58/><D76/><U130/><E130/><V70/><F65/><W23/><G10/><T27/><D0/><U50/><E37/><V43/><F19/><W85/><G47/><T22/><D31/><U79/><E79/><V1/><F1/><W69/><G69/><T102/><D102/><U104/><E67/><V75/><F75/><W38/><G86/><T117/><D117/><U29/><E56/><V118/><F118/><W112/><G83/><T119/><D45/><U123/><E123/><V34/><F34/><W103/><G103/><T78/><D78/><U48/><E29/><V95/><REACH who="2" step="1"/><F43/><REACH who="2" ten="174,430,210,176" step="2"/><W57/><G112/><T35/><D35/><U39/><E41/><V92/><F92/><W77/><REACH who="3" step="1"/><G59/><AGARI ba="0,1" hai="51,53,59,61,66,70,87,88,91,93,95,96,97,98" machi="59" ten="30,8000,1" yaku="1,1,7,1,52,1,54,1,53,1" doraHai="64" doraHaiUra="54" who="2" fromWho="3" sc="174,0,430,0,210,90,176,-80" /><INIT seed="4,0,0,0,5,25" ten="174,430,300,96" oya="0" hai0="76,96,20,129,55,125,19,56,30,18,34,63,3" hai1="74,118,105,33,2,95,64,88,97,72,135,28,114" hai2="102,126,113,67,123,131,48,116,49,32,101,111,128" hai3="46,17,13,16,107,43,94,41,117,61,81,24,54"/><T83/><D3/><U60/><E118/><V44/><F111/><W12/><G107/><T11/><D129/><N who="2" m="49738" /><F123/><W59/><G117/><T35/><D125/><U37/><E135/><V73/><F116/><W87/><G94/><T90/><D11/><U108/><E108/><V0/><F73/><W75/><G75/><T36/><D36/><U65/><E114/><V84/><F0/><W58/><G24/><N who="0" m="16647" /><D34/><U92/><E105/><V40/><F32/><W68/><G68/><T38/><D38/><U82/><E2/><V5/><F5/><W23/><G59/><T127/><D35/><U31/><E33/><V120/><F120/><W27/><G46/><T78/><D127/><U122/><E37/><V130/><F126/><W21/><REACH who="3" step="1"/><G27/><REACH who="3" ten="174,430,300,86" step="2"/><T22/><D96/><U62/><E122/><V6/><F44/><W91/><AGARI ba="0,1" hai="12,13,16,17,21,23,41,43,54,58,61,81,87,91" machi="91" ten="20,12000,2" yaku="1,1,2,1,0,1,7,1,9,1,8,1,54,1,53,0" doraHai="25" doraHaiUra="29" who="3" fromWho="3" sc="174,-60,430,-30,300,-30,86,130" /><INIT seed="5,0,0,1,2,45" ten="114,400,270,216" oya="1" hai0="59,110,113,67,129,70,135,16,71,132,39,120,27" hai1="18,91,31,40,131,33,49,17,93,116,36,92,52" hai2="30,2,134,105,68,10,85,114,7,29,96,5,62" hai3="14,83,107,104,26,20,32,56,72,102,23,97,6"/><U1/><E116/><V51/><F134/><W50/><G107/><T54/><D27/><U69/><E131/><V125/><F125/><W8/><G72/><T87/><D87/><U133/><E69/><N who="0" m="26121" /><D16/><U109/><E1/><V77/><F114/><W58/><G83/><T48/><D110/><U123/><E123/><V103/><F5/><W112/><G112/><T4/><D4/><U75/><E75/><V0/><F0/><W106/><G104/><T80/><D80/><U88/><E133/><N who="0" m="51273" /><D113/><U57/><E109/><V124/><F124/><W66/><G32/><T74/><D74/><U90/><E40/><V115/><F115/><W76/><G76/><T11/><D11/><U98/><E36/><V53/><F85/><W108/><G108/><T128/><D120/><U127/><E127/><V100/><F100/><W119/><G102/><T42/><D67/><U47/><E31/><V64/><F77/><W126/><G66/><T55/><D55/><N who="1" m="30143" /><E33/><V81/><F81/><W34/><G126/><T21/><D21/><U130/><E130/><N who="0" m="50281" /><D42/><U12/><E12/><V15/><F2/><W117/><G34/><T35/><D35/><U43/><E43/><V13/><F13/><W118/><G20/><T65/><D65/><U25/><E25/><V95/><F105/><W78/><G23/><T84/><D84/><N who="1" m="52231" /><E90/><V61/><F29/><W111/><G26/><T37/><AGARI ba="0,0" hai="37,39,48,54,59" m="50281,51273,26121" machi="37" ten="40,8000,1" yaku="20,1,19,1,34,2,52,1" doraHai="45" who="0" fromWho="0" sc="114,80,400,-40,270,-20,216,-20" /><INIT seed="6,0,0,0,1,122" ten="194,360,250,196" oya="2" hai0="79,32,88,13,112,72,83,94,133,31,114,39,103" hai1="62,66,117,113,60,104,4,52,54,123,129,97,75" hai2="58,46,134,120,109,1,10,45,78,5,116,57,127" hai3="49,90,87,91,43,50,63,56,16,59,69,20,96"/><V115/><F116/><W15/><G69/><T55/><D133/><U23/><E117/><V41/><F120/><W98/><G56/><T6/><D39/><U40/><E123/><V100/><F134/><W35/><G35/><T12/><D103/><U11/><E113/><N who="0" m="43625" /><D6/><U105/><E129/><V65/><F115/><W80/><G43/><T84/><D55/><U18/><E75/><V121/><F121/><W77/><G91/><T64/><D64/><U73/><E73/><V107/><F127/><W8/><G8/><T3/><D3/><U51/><E40/><V68/><F78/><W82/><G50/><T130/><D130/><U2/><E97/><V48/><F45/><W131/><G49/><T61/><D61/><U86/><E86/><V25/><F25/><AGARI ba="0,0" hai="12,13,25,31,32,72,79,83,84,88,94" m="43625" machi="25" ten="30,2000,0" yaku="15,1,54,1" doraHai="122" who="0" fromWho="2" sc="194,20,360,0,250,-20,196,0" /><INIT seed="7,0,0,3,1,76" ten="214,360,230,196" oya="3" hai0="7,50,134,92,118,93,97,56,81,120,17,47,36" hai1="91,28,63,87,111,71,58,109,55,126,79,9,98" hai2="48,99,59,128,39,62,60,14,54,85,115,88,95" hai3="96,114,29,77,124,16,65,42,35,32,49,64,11"/><W108/><G114/><T4/><D118/><U51/><E126/><V131/><F39/><W82/><G124/><T113/><D120/><U12/><E28/><V105/><F115/><W41/><G108/><T104/><D113/><U34/><E34/><V53/><F14/><N who="3" m="7263" /><G35/><T86/><D104/><U25/><E25/><V123/><F123/><W31/><G32/><T20/><D36/><U80/><E71/><V0/><F0/><W68/><G68/><T5/><D56/><N who="1" m="32895" /><E111/><V8/><F8/><W18/><G18/><T10/><D10/><U129/><E129/><N who="2" m="49739" /><F53/><W46/><G96/><T102/><D93/><U133/><E133/><V13/><F13/><W122/><G122/><T27/><D134/><U72/><E72/><V89/><F105/><W69/><G69/><T66/><D66/><N who="3" m="25705" /><G41/><N who="0" m="24943" /><D4/><N who="1" m="3111" /><E109/><V135/><F135/><W15/><G15/><T22/><D22/><U61/><E58/><V121/><F121/><W45/><G46/><T127/><D127/><U116/><E116/><V37/><F37/><W75/><G75/><T90/><AGARI ba="0,0" hai="5,7,17,20,27,81,86,90,92,97,102" m="24943" machi="90" ten="30,2000,0" yaku="8,1,52,1" doraHai="76" who="0" fromWho="0" sc="214,20,360,-5,230,-5,196,-10" owari="234,3.4,355,45.5,225,-17.5,186,-31.4" /></mjloggm>