<mjloggm ver="2.3"><GO type="169" lobby="0"/><UN n0="%E3%82%A2%E3%83%A9%E3%82%B5%E3%83%BC%E3%81%A0%E3%82%88%21%21" n1="%41%62%65%73%65%6E%61%6C" n2="%E3%81%9F%E3%81%AA%E3%81%8B%E6%95%99%E7%A5%96" n3="%E7%BD%AA%E5%88%91%E6%B3%95%E5%AE%9A%E4%B8%BB%E7%BE%A9" dan="18,16,17,17" rate="2216.97,2129.84,2142.46,2208.76" sx="M,M,M,M"/><TAIKYOKU oya="0"/><INIT seed="0,0,0,1,4,43" ten="250,250,250,250" oya="0" hai0="80,82,57,68,53,37,88,103,117,125,46,10,113" hai1="81,128,9,28,17,111,6,40,124,85,72,4,127" hai2="7,38,14,101,32,129,23,34,25,56,120,64,27" hai3="121,134,55,97,61,66,30,29,2,79,76,130,51"/><T107/><D117/><U65/><E72/><V49/><F120/><W122/><G2/><T118/><D113/><U58/><E111/><V18/><F38/><W106/><G130/><T3/><D118/><U74/><E74/><V131/><F101/><W116/><G116/><T62/><D68/><U44/><E28/><V93/><F93/><W47/><G134/><T78/><D125/><N who="1" m="48203" /><E128/><N who="2" m="49227" /><F64/><W70/><G106/><T84/><D107/><U133/><E17/><V98/><F98/><W33/><G97/><T108/><D108/><U22/><E22/><N who="2" m="13527" /><F56/><W92/><G92/><T26/><D103/><U0/><E6/><V48/><F49/><W91/><G91/><T16/><D78/><N who="3" m="29737" /><G33/><N who="2" m="12905" /><F48/><W104/><G104/><T50/><D37/><N who="1" m="21519" /><E133/><V60/><F60/><W95/><G95/><T115/><D80/><U90/><E58/><V112/><F112/><W20/><G122/><T31/><D115/><U89/><E89/><V75/><F75/><W42/><G121/><T87/><D57/><U35/><E35/><V100/><F100/><W135/><G70/><T102/><D102/><U96/><E96/><V109/><F109/><W67/><G30/><T21/><D62/><U54/><E65/><V11/><F23/><W73/><G73/><T132/><D87/><U114/><E114/><V13/><F27/><N who="3" m="16615" /><G135/><T99/><D132/><U77/><E77/><V59/><F59/><AGARI ba="0,0" hai="42,47,51,55,59,61,66,67" m="16615,29737" machi="59" ten="30,2000,0" yaku="8,1,52,1" doraHai="43" who="3" fromWho="2" sc="250,0,250,0,250,-20,250,20" /><INIT seed="1,0,0,4,1,79" ten="250,250,230,270" oya="1" hai0="42,129,73,102,33,49,124,88,107,34,94,122,97" hai1="11,36,78,98,119,114,68,29,32,65,70,17,132" hai2="12,20,54,0,123,5,69,82,55,23,13,93,101" hai3="117,35,75,26,95,103,109,8,18,43,39,100,81"/><U116/><E114/><V25/><F69/><W2/><G109/><T14/><D124/><U1/><E132/><V3/><F123/><W133/><G133/><T84/><D129/><U85/><E36/><V99/><F0/><W28/><G95/><T128/><D128/><U87/><E98/><V45/><F3/><W115/><G115/><T61/><D122/><U90/><E78/><V27/><F82/><W21/><G117/><T58/><D73/><U106/><E106/><V56/><F45/><W66/><G66/><T111/><D111/><U22/><E87/><V46/><F46/><W16/><G18/><T135/><D135/><U51/><E51/><V104/><F104/><W30/><G30/><T38/><D38/><U86/><E86/><V64/><F64/><W89/><G43/><T74/><D74/><U83/><E32/><V4/><F5/><N who="3" m="1079" /><G39/><T113/><D113/><U96/><E96/><V48/><F55/><W41/><G41/><T112/><D112/><U134/><E134/><V15/><REACH who="2" step="1"/><F4/><REACH who="2" ten="250,250,220,270" step="2"/><W57/><G57/><T24/><D107/><U19/><E1/><V40/><F40/><W131/><G131/><T91/><D42/><U120/><E120/><V52/><F52/><W125/><G125/><T9/><D94/><U130/><E130/><V76/><F76/><N who="3" m="44191" /><G89/><T6/><D91/><U63/><E70/><V72/><F72/><W126/><G126/><T110/><D88/><U105/><E105/><V47/><F47/><W60/><G60/><T62/><D61/><U80/><E80/><V10/><F10/><W118/><G118/><N who="1" m="45098" /><E11/><V92/><F92/><RYUUKYOKU ba="0,1" sc="250,-30,250,10,220,10,270,10" hai1="17,19,22,29,63,65,68,83,85,90" hai2="12,13,15,20,23,25,27,48,54,56,93,99,101" hai3="16,21,26,28,35,100,103" /><INIT seed="1,1,1,2,3,19" ten="220,260,230,280" oya="1" hai0="75,35,97,50,13,95,66,107,59,92,5,9,70" hai1="114,79,99,72,36,96,112,109,25,118,86,113,89" hai2="78,135,55,73,40,125,17,49,15,23,74,87,51" hai3="43,90,77,83,126,124,81,108,93,98,48,127,63"/><U100/><E36/><V18/><F135/><W68/><G43/><T105/><D75/><U85/><E25/><V60/><F125/><W76/><G48/><T84/><D35/><U121/><E118/><V71/><F71/><W54/><G54/><T38/><D38/><U120/><E109/><V16/><F74/><N who="3" m="43159" /><G63/><T28/><D28/><U88/><E79/><V117/><F73/><N who="3" m="43439" /><G68/><T44/><D84/><N who="1" m="32363" /><E72/><V115/><F117/><W42/><G42/><T65/><D70/><U52/><E52/><V32/><F32/><W22/><G22/><T94/><D97/><N who="1" m="37451" /><E100/><V4/><F115/><W7/><G7/><T134/><D134/><U56/><E56/><N who="2" m="34847" /><F40/><W6/><G6/><T110/><D59/><U45/><E45/><V119/><F119/><W129/><G129/><T102/><D110/><AGARI ba="1,1" hai="90,93,98,108,110,124,126,127" m="43439,43159" machi="110" ten="40,5200,0" yaku="18,1,34,2" doraHai="19" who="3" fromWho="0" sc="220,-55,260,0,230,0,280,65" /><INIT seed="2,0,0,5,2,96" ten="165,260,230,345" oya="2" hai0="89,101,35,60,40,118,3,80,10,63,105,109,7" hai1="5,28,42,23,37,9,46,72,68,94,55,71,19" hai2="103,61,66,107,51,99,13,1,104,43,4,87,39" hai3="73,83,84,36,45,132,110,29,127,131,6,16,18"/><V121/><F121/><W47/><G73/><T108/><D35/><U30/><E72/><V115/><F115/><W77/><G110/><N who="0" m="42603" /><D118/><U8/><E8/><N who="2" m="2063" /><F51/><W98/><G6/><T123/><D123/><U26/><E55/><V22/><F87/><W25/><G131/><T70/><D40/><U90/><E68/><N who="2" m="42063" /><F22/><W92/><G132/><T48/><D48/><U95/><E71/><V44/><F13/><W135/><G127/><T93/><D80/><U15/><REACH who="1" step="1"/><E95/><REACH who="1" ten="165,250,230,345" step="2"/><V34/><F107/><W79/><G135/><T27/><D70/><U50/><E50/><V88/><F88/><N who="3" m="55559" /><G36/><T126/><D126/><U86/><AGARI ba="0,1" hai="5,9,15,19,23,26,28,30,37,42,46,86,90,94" machi="86" ten="20,5200,0" yaku="1,1,0,1,7,1,53,1" doraHai="96" doraHaiUra="41" who="1" fromWho="1" sc="165,-13,250,62,230,-26,345,-13" /><INIT seed="3,0,0,1,1,122" ten="152,312,204,332" oya="3" hai0="77,52,112,1,103,78,68,82,116,46,38,113,35" hai1="6,111,123,131,79,108,98,57,99,11,86,91,42" hai2="63,50,58,40,33,120,115,65,133,51,95,106,130" hai3="60,62,44,15,14,101,70,32,2,0,39,53,37"/><W64/><G32/><T26/><D116/><U93/><E123/><V135/><F106/><W7/><G101/><T118/><D68/><U4/><E131/><V94/><F33/><W117/><G117/><T56/><D118/><U10/><E42/><V126/><F120/><W41/><G39/><T55/><D103/><U67/><E11/><V19/><F115/><N who="0" m="44106" /><D1/><U134/><E134/><N who="2" m="51211" /><F130/><W96/><G96/><T104/><D104/><U73/><E73/><V3/><F3/><W127/><G127/><T72/><D78/><U47/><E47/><N who="2" m="25959" /><F126/><W18/><G7/><N who="1" m="2602" /><E10/><V45/><F19/><W12/><G18/><T61/><D38/><U121/><E79/><V88/><F88/><W28/><G28/><N who="0" m="19863" /><D46/><U110/><E121/><V36/><F36/><W97/><G97/><T89/><D89/><U17/><E17/><V100/><F100/><W125/><G125/><T59/><D59/><U76/><E76/><V24/><F24/><W54/><G0/><T43/><D43/><AGARI ba="0,0" hai="43,45,51,58,63,65,94,95" m="25959,51211" machi="43" ten="30,1000,0" yaku="20,1" doraHai="122" who="2" fromWho="0" sc="152,-10,312,0,204,10,332,0" /><INIT seed="4,0,0,4,2,54" ten="142,312,214,332" oya="0" hai0="71,109,108,79,65,40,87,10,66,64,104,23,38" hai1="113,101,7,62,88,75,52,48,67,41,122,51,60" hai2="131,111,32,106,120,68,63,123,19,14,133,26,69" hai3="9,124,28,95,1,115,45,81,57,16,49,99,100"/><T56/><D104/><U89/><E122/><V76/><F111/><N who="0" m="42570" /><D71/><U77/><E101/><V84/><F106/><W4/><G115/><T13/><D23/><U20/><E113/><V55/><F131/><W83/><G28/><T110/><N who="0" m="42578" /><T30/><DORA hai="94" /><D30/><U107/><E107/><V102/><F133/><W46/><G124/><T34/><D34/><U36/><E7/><V43/><F43/><W72/><G16/><N who="0" m="8247" /><D40/><U97/><E20/><V39/><F68/><W98/><G72/><T91/><D79/><U70/><E70/><V24/><F32/><W130/><G130/><T127/><D127/><U6/><E77/><V53/><F76/><W118/><G1/><T82/><D38/><U22/><E36/><V47/><F39/><W8/><G118/><T119/><D119/><U125/><E22/><V132/><F69/><W112/><G112/><T17/><D17/><U31/><E41/><V5/><F19/><W114/><G114/><T116/><D116/><U86/><E31/><V58/><F123/><W80/><G4/><T29/><D29/><U18/><E6/><V37/><F120/><W93/><G8/><T103/><D103/><U105/><E18/><V129/><F102/><N who="3" m="60751" /><G9/><T35/><D35/><U59/><E125/><V25/><F129/><W121/><G121/><T44/><D44/><U92/><E105/><V78/><F37/><W96/><G45/><T134/><D134/><U42/><E42/><V117/><F132/><W3/><G46/><T73/><D73/><U126/><E126/><V2/><F117/><W61/><G100/><T85/><D85/><RYUUKYOKU ba="0,0" sc="142,30,312,-10,214,-10,332,-10" hai0="56,64,65,66,82,87,91" /><INIT seed="4,1,0,1,3,83" ten="172,302,204,322" oya="0" hai0="4,14,71,91,131,107,104,19,124,123,7,17,49" hai1="26,82,119,81,42,21,125,20,18,9,23,95,1" hai2="126,134,108,118,113,127,135,6,88,94,8,106,37" hai3="76,73,25,111,90,84,96,89,45,36,69,114,41"/><T93/><D123/><U47/><E119/><V77/><F37/><W33/><G111/><T60/><D124/><N who="2" m="47658" /><F108/><W15/><G69/><T109/><D131/><U24/><E125/><V121/><F121/><W2/><G2/><T10/><D109/><U62/><E62/><V66/><F66/><W39/><G39/><T122/><D122/><U78/><E95/><V85/><F118/><W30/><G114/><T43/><D7/><U116/><E116/><V31/><F31/><W48/><G73/><T79/><D79/><U34/><E34/><V5/><F113/><W105/><G36/><T40/><D104/><U27/><E78/><V68/><F68/><W12/><G76/><T55/><D107/><U115/><E115/><V54/><F106/><W87/><G96/><N who="0" m="57407" /><D60/><U128/><E128/><V65/><F65/><W11/><G105/><T38/><D38/><U46/><E1/><N who="2" m="47" /><F6/><W58/><G58/><N who="0" m="33135" /><D71/><U117/><E117/><V3/><F3/><W28/><G33/><T70/><D70/><U101/><E47/><V132/><F77/><W80/><G45/><T67/><D67/><U53/><E46/><V22/><F54/><W52/><G52/><T120/><D120/><U56/><E53/><V16/><F135/><W35/><G35/><T44/><D44/><U57/><E57/><V100/><F100/><W99/><G48/><T51/><D51/><U32/><E56/><V63/><F63/><W102/><G102/><T0/><D0/><U50/><E101/><V13/><AGARI ba="1,0" hai="13,16,22,85,88,94,132,134" m="47,47658" machi="13" ten="30,7900,0" yaku="18,1,52,1,54,2" doraHai="83" who="2" fromWho="2" sc="172,-40,302,-21,204,82,322,-21" /><INIT seed="5,0,0,3,5,1" ten="132,281,286,301" oya="1" hai0="118,95,130,37,4,110,54,17,55,14,56,65,99" hai1="79,135,108,80,123,92,86,64,94,121,72,117,119" hai2="131,49,90,128,69,3,77,103,29,75,53,21,74" hai3="112,36,113,73,46,81,0,11,127,41,16,50,134"/><U23/><E64/><V105/><F69/><W42/><G127/><T13/><D110/><U97/><E23/><V120/><F120/><N who="1" m="46153" /><E135/><V31/><F3/><W126/><G126/><T28/><D118/><N who="1" m="45067" /><E108/><V32/><F32/><W67/><G134/><T93/><D130/><N who="2" m="49706" /><F90/><W102/><G102/><T8/><D37/><U82/><E97/><N who="2" m="61679" /><F77/><AGARI ba="0,0" hai="72,77,79,80,82,86,92,94" m="45067,46153" machi="77" ten="30,2900,0" yaku="34,2" doraHai="1" who="1" fromWho="2" sc="132,0,281,29,286,-29,301,0" /><INIT seed="5,1,0,1,5,81" ten="132,310,257,301" oya="1" hai0="119,112,86,98,111,68,75,17,88,117,36,25,14" hai1="9,92,16,20,100,13,120,79,59,58,29,18,83" hai2="55,53,126,103,22,130,7,45,99,106,82,61,87" hai3="48,90,0,76,96,85,132,35,43,107,5,57,91"/><U11/><E120/><V67/><F130/><W10/><G132/><T128/><D111/><U95/><E29/><V115/><F126/><W41/><G35/><T134/><D128/><U47/><E47/><V8/><F115/><W1/><G1/><T89/><D134/><U77/><E100/><V52/><F22/><W105/><G76/><T28/><D68/><U109/><E109/><V127/><F127/><W104/><G96/><T34/><D36/><U23/><E83/><V93/><F106/><W2/><G2/><T97/><D112/><U64/><E13/><V31/><F31/><W124/><G124/><T133/><D75/><U50/><E50/><V72/><F72/><W3/><G3/><T122/><D133/><U69/><E69/><V32/><F32/><W27/><G27/><T108/><D122/><U40/><E64/><V46/><F8/><W94/><REACH who="3" step="1"/><G91/><REACH who="3" ten="132,310,257,291" step="2"/><T26/><D108/><U15/><E15/><V37/><F37/><W56/><G56/><T110/><D110/><U42/><AGARI ba="1,1" hai="9,11,16,18,20,23,40,42,58,59,77,79,92,95" machi="42" ten="25,12000,1" yaku="0,1,22,2,8,1,54,1" doraHai="81" who="1" fromWho="1" sc="132,-41,310,133,257,-41,291,-41" /><INIT seed="5,2,0,5,3,32" ten="91,443,216,250" oya="1" hai0="89,79,69,50,16,124,82,4,110,101,42,64,47" hai1="45,20,114,76,49,53,0,65,116,51,95,13,29" hai2="33,109,56,18,17,77,112,115,81,73,63,97,38" hai3="135,93,57,117,120,122,68,59,35,133,14,132,61"/><U15/><E116/><V98/><F109/><W52/><G35/><T26/><D110/><U55/><E114/><N who="2" m="43563" /><F33/><W90/><G117/><T9/><D101/><U107/><E107/><V96/><F38/><W99/><G68/><T128/><D124/><U28/><E65/><AGARI ba="2,0" hai="17,18,56,63,65,73,77,81,96,97,98" m="43563" machi="65" ten="30,2000,0" yaku="15,1,11,1" doraHai="32" who="2" fromWho="1" sc="91,0,443,-26,216,26,250,0" /><INIT seed="6,0,0,3,0,85" ten="91,417,242,250" oya="2" hai0="106,125,16,43,53,44,132,101,134,131,73,42,116" hai1="13,23,120,50,111,97,41,86,130,24,72,89,39" hai2="35,1,77,8,80,10,25,17,119,104,0,55,20" hai3="82,15,96,91,81,2,115,90,52,9,32,28,19"/><V92/><F104/><W117/><G117/><T33/><D33/><U95/><E111/><V109/><F119/><W21/><G115/><T79/><D116/><U45/><E72/><V64/><F109/><W121/><G121/><T27/><D101/><U66/><E130/><V122/><F122/><W129/><G129/><T49/><D106/><U30/><E120/><V26/><F64/><W56/><G32/><T22/><D131/><U76/><E39/><V51/><F1/><W126/><G126/><T105/><D105/><U118/><E118/><V127/><F127/><W38/><G38/><T47/><D125/><U63/><E13/><V11/><F92/><W70/><G70/><T84/><D73/><U102/><E76/><V31/><F0/><W3/><G3/><T58/><D79/><U87/><E102/><V124/><F124/><W93/><G91/><T113/><D113/><U110/><E110/><V40/><F40/><W14/><G2/><T37/><REACH who="0" step="1"/><D84/><REACH who="0" ten="81,417,242,250" step="2"/><U103/><E103/><V83/><REACH who="2" step="1"/><F77/><REACH who="2" ten="81,417,232,250" step="2"/><W133/><G133/><T12/><D12/><U36/><E95/><V94/><F94/><W114/><G114/><T112/><D112/><U59/><E41/><V123/><F123/><W135/><G135/><T62/><AGARI ba="0,2" hai="16,22,27,37,42,43,44,47,49,53,58,62,132,134" machi="62" ten="30,8000,1" yaku="1,1,0,1,54,1,53,2" doraHai="85" doraHaiUra="128" who="0" fromWho="0" sc="81,100,417,-20,232,-40,250,-20" /><INIT seed="7,0,0,3,4,85" ten="181,397,192,230" oya="3" hai0="110,25,24,59,95,72,32,27,70,108,4,16,118" hai1="114,48,109,75,64,94,132,105,63,31,126,125,134" hai2="36,128,119,74,45,96,135,115,35,12,61,56,101" hai3="9,68,26,130,40,19,51,52,10,111,18,41,54"/><W20/><G130/><T21/><D70/><U73/><E109/><N who="0" m="42089" /><D59/><U76/><E105/><V33/><F119/><W122/><G122/><T102/><D95/><U80/><E114/><V87/><F74/><W38/><G68/><T47/><D47/><U98/><E31/><V86/><F115/><W55/><G38/><T133/><D102/><N who="1" m="60759" /><E48/><V42/><F128/><W113/><G113/><T28/><D72/><U43/><E43/><N who="3" m="16458" /><G111/><T97/><D97/><U78/><E78/><V3/><F3/><W29/><G51/><T7/><D133/><N who="1" m="51307" /><E75/><V77/><F135/><W84/><G84/><T81/><D81/><U53/><E53/><V23/><F86/><W11/><AGARI ba="0,0" hai="9,10,11,18,19,20,26,29,52,54,55" m="16458" machi="11" ten="40,3900,0" yaku="8,1,54,1" doraHai="85" who="3" fromWho="3" sc="181,-13,397,-13,192,-13,230,39" /><INIT seed="7,1,0,0,2,49" ten="168,384,179,269" oya="3" hai0="86,7,112,120,61,50,64,34,11,91,10,74,118" hai1="15,59,0,122,25,123,58,73,89,38,13,114,77" hai2="103,80,121,126,97,115,6,42,105,81,1,113,52" hai3="20,67,12,48,96,78,125,39,55,88,90,21,70"/><W111/><G39/><T37/><D37/><U101/><E0/><V72/><F126/><W95/><G125/><T117/><D120/><U60/><E38/><V104/><F104/><W84/><G78/><T132/><D34/><U133/><E114/><N who="2" m="43531" /><F121/><W102/><G111/><T56/><D74/><U98/><E89/><V107/><F107/><W16/><G70/><T4/><D112/><U82/><E58/><V51/><F42/><W45/><G67/><T2/><D132/><U75/><E73/><V93/><F105/><W35/><G35/><T108/><D50/><U100/><E98/><V3/><F6/><W99/><G99/><T23/><D23/><N who="3" m="8777" /><G84/><T22/><D22/><AGARI ba="1,0" hai="12,16,22,45,48,55,88,90,95,96,102" m="8777" machi="22" ten="30,11600,0" yaku="8,1,52,1,54,2" doraHai="49" who="3" fromWho="0" sc="168,-119,384,0,179,0,269,119" owari="49,-45.1,384,18.4,179,-22.1,388,48.8" /></mjloggm>