<mjloggm ver="2.3"><GO type="169" lobby="0"/><UN n0="%E6%A4%9B%E5%8D%97" n1="%E3%80%8C%E3%82%AD%E3%82%BF%E3%80%8D" n2="%61%6B%61%69%6B%69" n3="%2D%E8%B1%8A%E5%8F%A3%E3%82%81%E3%81%90%E3%81%BF%2D" dan="18,16,17,17" rate="2214.36,2043.59,2222.86,2162.31" sx="F,M,M,F"/><TAIKYOKU oya="0"/><INIT seed="0,0,0,5,3,47" ten="250,250,250,250" oya="0" hai0="2,16,113,59,10,131,24,124,28,11,115,77,110" hai1="109,7,119,107,64,63,112,76,18,1,50,132,48" hai2="54,44,43,114,94,9,22,95,3,30,66,89,93" hai3="101,92,75,8,55,6,87,26,38,88,37,17,79"/><T14/><D77/><U58/><E107/><V125/><F114/><N who="0" m="43530" /><D59/><U73/><E112/><V65/><F125/><W80/><G101/><T35/><D124/><U84/><E119/><V46/><F3/><W102/><G102/><T29/><D131/><U27/><E73/><V57/><F9/><N who="0" m="3082" /><D29/><U100/><E100/><V71/><F71/><W121/><G121/><T72/><D72/><U96/><E96/><V74/><F74/><W133/><G38/><T99/><D99/><U0/><E76/><V25/><F89/><W32/><G37/><T123/><D123/><U82/><E82/><V36/><REACH who="2" step="1"/><F46/><REACH who="2" ten="250,250,240,250" step="2"/><W67/><G88/><T40/><D2/><U135/><E1/><V60/><AGARI ba="0,1" hai="22,25,30,36,43,44,54,57,60,65,66,93,94,95" machi="60" ten="30,4000,0" yaku="1,1,2,1,0,1,53,0" doraHai="47" doraHaiUra="33" who="2" fromWho="2" sc="250,-20,250,-10,240,50,250,-10" /><INIT seed="1,0,0,3,0,60" ten="230,240,290,240" oya="1" hai0="101,113,100,107,0,79,133,5,112,8,135,3,108" hai1="56,38,12,18,23,36,90,97,42,84,30,122,129" hai2="39,76,119,70,134,105,37,14,22,11,115,41,124" hai3="49,92,64,55,77,130,50,47,66,86,28,19,96"/><U111/><E122/><V98/><F119/><W94/><G130/><T120/><D79/><U33/><E129/><V71/><F124/><W118/><G118/><T93/><D107/><U72/><E72/><V127/><F127/><W17/><G28/><T75/><D75/><U44/><E111/><V63/><F134/><W117/><G117/><T20/><D108/><U32/><E36/><V104/><F115/><W125/><G125/><T95/><D20/><U89/><E30/><V68/><F76/><W61/><G50/><T121/><D8/><U7/><E7/><AGARI ba="0,0" hai="0,3,5,7,93,95,100,101,112,113,120,121,133,135" machi="7" ten="25,1600,0" yaku="22,2" doraHai="60" who="0" fromWho="1" sc="230,16,240,-16,290,0,240,0" /><INIT seed="2,0,0,3,4,121" ten="246,224,290,240" oya="2" hai0="23,91,2,92,21,130,96,77,122,135,3,101,82" hai1="10,18,26,87,123,47,89,4,56,7,66,24,20" hai2="112,55,108,76,111,1,38,93,74,44,104,107,100" hai3="106,119,133,114,37,132,30,80,61,45,13,15,43"/><V117/><F1/><W9/><G119/><T42/><D122/><U64/><E123/><V51/><F117/><W85/><G106/><T36/><D135/><N who="3" m="51785" /><G30/><T125/><D130/><U19/><E47/><V46/><F112/><W115/><G61/><T6/><D125/><U72/><E72/><V134/><F134/><W98/><G98/><T41/><D3/><U67/><E56/><V113/><F113/><N who="3" m="43019" /><G9/><T110/><D2/><U60/><E60/><V75/><F107/><W50/><G37/><T28/><D6/><U131/><E131/><V127/><F104/><W86/><G86/><T32/><D36/><U16/><E10/><V128/><F128/><W22/><G22/><T63/><D63/><U58/><E58/><V81/><F127/><W62/><G62/><T99/><D28/><N who="1" m="17415" /><E26/><V11/><F11/><W40/><G40/><T126/><D42/><U25/><E25/><V116/><F116/><W83/><G83/><AGARI ba="0,0" hai="4,7,16,18,19,64,66,67,83,87,89" m="17415" machi="83" ten="30,2000,0" yaku="8,1,54,1" doraHai="121" who="1" fromWho="3" sc="246,0,224,20,290,0,240,-20" /><INIT seed="3,0,0,3,4,92" ten="246,244,290,220" oya="3" hai0="76,48,86,80,124,11,1,100,46,133,112,21,83" hai1="51,6,125,24,10,57,29,128,108,42,15,40,63" hai2="8,116,66,58,56,23,99,41,31,45,75,68,126" hai3="95,135,79,67,131,3,61,69,105,36,54,27,39"/><W18/><G105/><T74/><D133/><U64/><E108/><V89/><F116/><W104/><G104/><T121/><D124/><U88/><E125/><V70/><F75/><W37/><G3/><T55/><D121/><U22/><E128/><V87/><F126/><W120/><G120/><T129/><D129/><U90/><E51/><V101/><F8/><W13/><G131/><T106/><D112/><U77/><E77/><V52/><F66/><W49/><G79/><T62/><D21/><U71/><E71/><V113/><F58/><W25/><G95/><T28/><D28/><U127/><E127/><V34/><F34/><W30/><G30/><T59/><D11/><U122/><E122/><V123/><F113/><W2/><G2/><T110/><D1/><U96/><E90/><V47/><F70/><W4/><G4/><T12/><D12/><U85/><REACH who="1" step="1"/><E96/><REACH who="1" ten="246,234,290,220" step="2"/><V107/><F68/><W81/><G135/><T102/><D110/><U130/><E130/><V19/><F123/><W78/><G78/><T38/><D38/><U73/><E73/><V60/><F89/><W44/><REACH who="3" step="1"/><G81/><AGARI ba="0,1" hai="6,10,15,22,24,29,40,42,57,63,64,81,85,88" machi="81" ten="30,8000,1" yaku="1,1,7,1,8,1,54,1,53,1" doraHai="92" doraHaiUra="84" who="1" fromWho="3" sc="246,0,234,90,290,0,220,-80" /><INIT seed="4,0,0,5,1,3" ten="246,324,290,140" oya="0" hai0="35,102,71,103,0,46,23,70,20,105,58,52,135" hai1="30,116,91,56,120,57,11,54,83,34,18,48,90" hai2="15,117,9,88,132,99,97,41,110,27,45,7,40" hai3="60,104,26,74,61,55,62,66,50,124,82,80,101"/><T19/><D35/><U51/><E116/><V75/><F110/><W65/><G124/><T68/><D135/><U4/><E120/><V125/><F75/><W94/><G104/><T130/><D130/><U87/><E18/><V123/><F123/><W95/><G26/><T79/><D0/><U64/><E30/><V114/><F114/><W32/><G32/><T1/><D1/><U63/><E34/><V93/><F125/><W25/><G25/><T38/><D79/><U5/><E11/><V112/><F112/><W69/><G74/><T47/><D23/><U16/><E16/><V42/><F132/><W67/><G69/><T31/><D31/><U6/><E51/><V44/><F117/><W36/><G36/><T109/><D109/><U13/><E13/><V24/><F99/><W92/><REACH who="3" step="1"/><G101/><REACH who="3" ten="246,324,290,130" step="2"/><T134/><D134/><U37/><E37/><V113/><F113/><W10/><G10/><T14/><D38/><U118/><E118/><V29/><REACH who="2" step="1"/><F27/><REACH who="2" ten="246,324,280,130" step="2"/><W28/><G28/><T96/><REACH who="0" step="1"/><D103/><REACH who="0" ten="236,324,280,130" step="2"/><U126/><E126/><V12/><F12/><W89/><G89/><AGARI ba="0,3" hai="4,5,6,48,54,56,57,63,64,83,87,89,90,91" machi="89" ten="40,8000,1" yaku="8,1,52,3" doraHai="3" who="1" fromWho="3" sc="236,0,324,110,280,0,130,-80" /><INIT seed="5,0,0,2,4,134" ten="236,434,280,50" oya="1" hai0="27,5,89,16,0,92,31,74,42,72,46,20,67" hai1="104,100,102,95,93,66,70,11,4,88,25,132,81" hai2="6,7,103,47,128,14,37,84,63,35,105,12,126" hai3="29,107,52,96,116,58,43,54,133,131,38,106,19"/><U108/><E132/><V112/><F35/><W60/><G133/><T48/><D67/><U9/><E104/><V130/><F105/><W91/><G131/><N who="2" m="50217" /><F103/><W115/><G115/><T59/><D59/><U30/><E108/><V69/><F84/><W65/><G116/><T44/><D44/><U50/><E81/><V24/><F24/><W82/><G29/><T61/><D61/><U117/><E95/><V55/><F112/><W85/><G38/><T28/><D5/><U34/><E11/><V32/><F32/><W1/><G43/><T127/><D127/><U97/><E117/><V129/><F129/><W36/><G36/><T124/><D124/><U73/><E73/><V23/><F126/><W135/><G1/><T109/><D0/><U111/><E111/><V17/><F14/><W51/><G135/><T40/><D40/><U75/><E75/><V125/><F125/><W22/><G96/><T39/><D39/><U71/><E71/><V10/><F10/><W45/><REACH who="3" step="1"/><G65/><REACH who="3" ten="236,434,280,40" step="2"/><T57/><D109/><U3/><E66/><N who="2" m="41183" /><F37/><W110/><G110/><T101/><D31/><U86/><E97/><V118/><F118/><W87/><G87/><T56/><D28/><U99/><E99/><V13/><F13/><AGARI ba="0,1" hai="13,19,22,45,51,52,54,58,60,82,85,91,106,107" machi="13" ten="30,7700,0" yaku="1,1,7,1,54,1,53,1" doraHai="134" doraHaiUra="15" who="3" fromWho="2" sc="236,0,434,0,280,-77,40,87" /><INIT seed="6,0,0,2,0,125" ten="236,434,203,127" oya="2" hai0="79,6,121,3,49,5,37,55,22,4,86,14,18" hai1="68,47,100,76,113,20,129,60,19,89,51,126,69" hai2="32,25,88,91,115,17,74,35,45,105,10,118,16" hai3="39,132,70,81,96,66,101,67,56,120,104,12,95"/><V85/><F118/><W77/><G120/><T23/><D37/><U83/><E129/><V34/><F74/><W123/><G123/><T21/><D3/><U29/><E126/><V33/><F105/><W103/><G39/><T44/><REACH who="0" step="1"/><D121/><REACH who="0" ten="226,434,203,127" step="2"/><U94/><E113/><V43/><F115/><W110/><G110/><T99/><D99/><U27/><E69/><V0/><F0/><W42/><G70/><T11/><D11/><U48/><E68/><V54/><F10/><W57/><G132/><T15/><D15/><U122/><E122/><V98/><F98/><W106/><G12/><T112/><D112/><U127/><E127/><V72/><F33/><W31/><G96/><T90/><D90/><U130/><E89/><V52/><F91/><W1/><G1/><T124/><D124/><U97/><E100/><V128/><F35/><W84/><G103/><T82/><AGARI ba="0,1" hai="4,5,6,14,18,21,22,23,44,49,55,79,82,86" machi="82" ten="30,4000,0" yaku="1,1,0,1,8,1,53,0" doraHai="125" doraHaiUra="109" who="0" fromWho="0" sc="226,50,434,-10,203,-20,127,-10" /><INIT seed="7,0,0,1,0,0" ten="276,424,183,117" oya="3" hai0="117,11,22,126,100,20,69,14,56,67,27,84,29" hai1="72,70,132,86,62,31,63,97,9,60,6,2,98" hai2="82,42,90,75,58,18,87,68,44,108,46,49,23" hai3="74,89,81,1,64,10,7,77,30,107,71,103,48"/><W122/><G122/><T35/><D126/><U119/><E72/><V109/><F68/><W76/><G30/><T65/><D69/><U102/><E119/><V124/><F124/><W33/><G33/><T8/><D8/><U96/><E132/><V25/><F75/><W73/><G89/><T130/><D130/><U43/><E43/><V116/><F116/><W91/><G91/><T131/><D131/><U12/><E31/><V4/><F58/><W54/><G103/><T123/><D100/><U47/><E47/><V125/><F125/><W3/><G107/><T55/><D123/><U111/><E111/><V92/><F4/><W36/><G36/><T78/><D22/><U128/><E2/><V127/><F127/><W83/><G3/><T134/><D35/><U45/><E45/><V121/><F121/><W120/><G120/><T106/><D106/><U50/><E128/><V94/><F94/><W53/><REACH who="3" step="1"/><G48/><REACH who="3" ten="276,424,183,107" step="2"/><N who="0" m="30823" /><D117/><U79/><E50/><V39/><F92/><W57/><G57/><T101/><D101/><U129/><E129/><V34/><F34/><W95/><G95/><T28/><D28/><U114/><E70/><V41/><AGARI ba="0,1" hai="18,23,25,39,41,42,44,46,49,82,87,90,108,109" machi="41" ten="20,1500,0" yaku="0,1,7,1" doraHai="0" who="2" fromWho="2" sc="276,-4,424,-4,183,25,107,-7" owari="272,7.2,420,52.0,208,-19.2,100,-40.0" /></mjloggm>