<mjloggm ver="2.3"><GO type="169" lobby="0"/><UN n0="%6F%6B%62%6F%6B%62" n1="%33%30%63%6D%33%30%63%6D" n2="%E7%94%9F%E4%BD%93%E3%81%AE%E6%A7%8B%E9%80%A0%31" n3="%E3%81%BD%E3%81%A3%E3%81%91%E3%81%95%E3%82%93" dan="17,16,17,17" rate="2208.94,2027.29,2181.67,2174.13" sx="M,M,M,M"/><TAIKYOKU oya="0"/><INIT seed="0,0,0,5,3,0" ten="250,250,250,250" oya="0" hai0="51,121,40,26,106,132,24,110,23,82,58,83,20" hai1="29,17,60,25,100,85,99,5,2,129,123,7,16" hai2="9,50,120,1,117,38,81,103,15,116,96,97,55" hai3="49,115,76,21,6,64,124,57,14,79,12,80,28"/><T39/><D121/><U122/><E85/><V56/><F120/><N who="1" m="46121" /><E99/><V33/><F38/><W3/><G3/><T59/><D39/><U68/><E100/><V98/><F33/><W74/><G79/><T127/><D106/><U70/><E60/><V84/><F1/><W27/><G124/><T118/><D127/><U4/><E2/><V34/><F34/><W61/><G115/><T75/><D118/><U43/><E43/><V73/><F73/><W128/><G128/><T105/><D105/><U65/><E65/><V92/><F117/><W114/><G114/><T112/><D112/><U90/><E90/><V48/><F48/><W111/><G111/><T67/><D110/><U63/><E63/><V62/><F62/><W130/><G130/><T13/><D75/><U119/><E119/><V86/><F86/><W22/><G22/><T109/><D109/><U94/><E94/><V71/><F71/><N who="1" m="27177" /><E129/><V87/><F87/><W131/><G131/><T54/><D40/><U37/><E37/><V44/><F56/><W8/><G49/><T125/><D125/><U95/><E95/><V113/><F113/><W108/><G108/><T72/><D72/><U69/><N who="1" m="27185" /><U41/><DORA hai="52" /><E41/><V18/><REACH who="2" step="1"/><F116/><REACH who="2" ten="250,250,240,250" step="2"/><W36/><G36/><T19/><D51/><U11/><E11/><V42/><F42/><W47/><G47/><T31/><D23/><U102/><E102/><V126/><F126/><W46/><G46/><T32/><D20/><U134/><E134/><V133/><F133/><W45/><G45/><T107/><D132/><U88/><E88/><AGARI ba="0,1" hai="9,15,18,44,50,55,81,84,88,92,96,97,98,103" machi="88" ten="30,16000,3" yaku="1,1,7,1,25,2,8,1,54,1,53,2" doraHai="0,52" doraHaiUra="10,77" who="2" fromWho="1" sc="250,0,250,-160,240,170,250,0" /><INIT seed="1,0,0,2,2,57" ten="250,90,410,250" oya="1" hai0="99,7,6,101,133,12,98,21,8,10,121,110,71" hai1="58,75,23,44,72,17,49,127,79,35,14,122,80" hai2="68,126,77,55,1,48,128,117,43,105,60,37,129" hai3="41,103,11,39,20,0,82,116,66,83,97,9,62"/><U104/><E127/><V30/><F105/><W95/><G116/><T90/><D110/><U76/><E104/><V120/><F1/><W19/><G39/><T87/><D71/><U24/><E122/><V54/><F30/><W63/><G41/><T81/><D133/><U22/><E35/><V59/><F77/><W70/><G63/><T3/><D121/><U118/><E118/><V132/><F117/><W106/><G106/><T93/><D21/><U25/><E58/><N who="2" m="33095" /><F120/><W130/><G130/><N who="2" m="50281" /><F126/><W135/><G135/><T102/><REACH who="0" step="1"/><D98/><REACH who="0" ten="240,90,410,250" step="2"/><U18/><E14/><V53/><F132/><W119/><G119/><T15/><D15/><U32/><E32/><V50/><F68/><W56/><G70/><T69/><D69/><U27/><E27/><V31/><F31/><W42/><G0/><T108/><D108/><U123/><E123/><V33/><F33/><W67/><G67/><T85/><D85/><U114/><E114/><V100/><F100/><AGARI ba="0,1" hai="3,6,7,8,10,12,81,87,90,93,99,100,101,102" machi="100" ten="30,2000,0" yaku="1,1,7,1,53,0" doraHai="57" doraHaiUra="111" who="0" fromWho="2" sc="240,30,90,0,410,-20,250,0" /><INIT seed="2,0,0,0,1,91" ten="270,90,390,250" oya="2" hai0="95,100,75,79,61,76,99,130,52,2,65,110,1" hai1="113,41,6,5,126,27,0,64,49,77,40,26,10" hai2="8,106,57,128,33,120,13,116,36,121,107,18,92" hai3="84,94,4,59,124,72,86,125,101,35,114,133,34"/><V80/><F116/><W23/><G72/><T51/><D130/><U48/><E113/><V98/><F36/><W97/><G114/><T132/><D132/><U115/><E115/><V31/><F128/><W58/><G4/><T78/><D75/><U50/><E77/><V93/><F80/><W20/><G133/><T67/><D110/><U12/><E0/><V118/><F118/><W28/><G28/><T69/><REACH who="0" step="1"/><D67/><REACH who="0" ten="260,90,390,250" step="2"/><U103/><E64/><V71/><F121/><W46/><G124/><T108/><D108/><U55/><E126/><V22/><F120/><W104/><G125/><T19/><D19/><U112/><E112/><V90/><F18/><W60/><G35/><T131/><D131/><U129/><E129/><V63/><F33/><W44/><G34/><T7/><D7/><U29/><E5/><V25/><F31/><W45/><G59/><AGARI ba="0,1" hai="1,2,51,52,59,61,65,69,76,78,79,95,99,100" machi="59" ten="40,5200,0" yaku="1,1,52,1,54,1,53,0" doraHai="91" doraHaiUra="85" who="0" fromWho="3" sc="260,62,90,0,390,0,250,-52" /><INIT seed="3,0,0,2,2,80" ten="322,90,390,198" oya="3" hai0="99,27,86,29,83,131,84,1,40,100,101,56,21" hai1="53,67,75,48,20,82,122,6,18,12,61,38,16" hai2="134,28,64,46,69,63,58,125,31,110,55,76,22" hai3="15,14,43,9,68,93,109,17,116,112,89,106,92"/><W44/><G106/><T72/><D1/><U10/><E122/><V8/><F110/><W4/><G68/><T104/><D131/><U13/><E38/><V133/><F125/><W0/><G112/><T62/><D40/><U7/><E75/><V71/><F76/><W34/><G34/><T41/><D41/><U113/><E113/><V129/><F129/><W132/><G116/><T135/><D135/><N who="2" m="51722" /><F8/><W102/><G132/><T119/><D119/><U26/><E82/><V33/><F33/><W57/><G109/><T5/><D5/><U130/><E130/><V37/><F22/><W36/><G102/><T108/><D108/><U95/><E95/><V66/><F28/><W105/><G105/><T85/><D101/><U70/><REACH who="1" step="1"/><E12/><REACH who="1" ten="322,80,390,198" step="2"/><V128/><F128/><W3/><G93/><T107/><D107/><U91/><E91/><V23/><F37/><W2/><G15/><T49/><D72/><U94/><E94/><V73/><F73/><W124/><G124/><T54/><REACH who="0" step="1"/><D62/><REACH who="0" ten="312,80,390,198" step="2"/><U111/><E111/><V87/><F63/><W90/><G3/><T103/><D103/><U19/><E19/><V39/><F39/><W120/><G17/><T115/><D115/><U47/><AGARI ba="0,2" hai="6,7,10,13,16,18,20,26,47,48,53,61,67,70" machi="47" ten="20,5200,0" yaku="1,1,0,1,7,1,54,1,53,0" doraHai="80" doraHaiUra="126" who="1" fromWho="1" sc="312,-13,80,72,390,-13,198,-26" /><INIT seed="4,0,0,5,2,133" ten="299,152,377,172" oya="0" hai0="13,91,97,54,27,29,22,38,6,124,67,125,104" hai1="34,20,114,119,10,126,123,87,12,36,130,90,60" hai2="40,110,117,14,15,37,16,51,48,61,79,84,59" hai3="7,100,3,78,134,82,109,53,32,25,52,101,50"/><T86/><D38/><U80/><E123/><V41/><F110/><W92/><G134/><T96/><D67/><U128/><E34/><V63/><F117/><W105/><G105/><T31/><D31/><U64/><E119/><V70/><F70/><W23/><G32/><T0/><D0/><U88/><E36/><V69/><F69/><W121/><G109/><T81/><D104/><U19/><E114/><V74/><F74/><W57/><G121/><T76/><D54/><U73/><E73/><V49/><F37/><W65/><G65/><T71/><D71/><U58/><E126/><N who="0" m="48745" /><D76/><U56/><E58/><V55/><F63/><W43/><G43/><T85/><D86/><U39/><E39/><V17/><F79/><W95/><G53/><T2/><D2/><U30/><E30/><V113/><F84/><W75/><G3/><T8/><AGARI ba="0,0" hai="6,8,13,22,27,29,81,85,91,96,97" m="48745" machi="8" ten="30,11700,0" yaku="18,1,52,3" doraHai="133" who="0" fromWho="0" sc="299,117,152,-39,377,-39,172,-39" /><INIT seed="4,1,0,2,3,125" ten="416,113,338,133" oya="0" hai0="81,93,24,2,127,45,115,102,18,53,62,58,65" hai1="54,121,14,25,44,55,4,76,109,49,116,91,133" hai2="105,61,103,69,106,80,27,85,19,21,86,15,26" hai3="97,75,117,119,60,64,129,135,95,46,130,57,71"/><T78/><D127/><U3/><E109/><V43/><F43/><W28/><G75/><T72/><D2/><U111/><E111/><V79/><F86/><W36/><G135/><T5/><D5/><U56/><E133/><V94/><F106/><W68/><G28/><T112/><D102/><U6/><E121/><V9/><F105/><W107/><G107/><T89/><D24/><U99/><E76/><V33/><F33/><W104/><G104/><T30/><D30/><U84/><E99/><N who="2" m="59895" /><F69/><N who="3" m="26699" /><G95/><T110/><D110/><U88/><E116/><N who="3" m="44618" /><G97/><T13/><D45/><U123/><E123/><V66/><F66/><W82/><G82/><T101/><D65/><U35/><E3/><V10/><F61/><W34/><G34/><T11/><REACH who="0" step="1"/><D101/><REACH who="0" ten="406,113,338,133" step="2"/><U39/><E4/><V134/><F134/><W32/><G32/><T70/><D70/><U118/><E25/><AGARI ba="1,1" hai="9,10,15,19,21,25,26,27,79,80,85" m="59895" machi="25" ten="30,1000,0" yaku="8,1" doraHai="125" who="2" fromWho="1" sc="406,0,113,-13,338,23,133,0" /><INIT seed="5,0,0,4,1,40" ten="406,100,361,133" oya="1" hai0="3,92,123,70,49,88,67,51,124,94,21,116,107" hai1="79,85,29,121,16,69,39,76,22,93,50,48,81" hai2="104,30,37,135,105,128,17,57,77,45,42,102,78" hai3="4,119,33,129,31,36,131,73,90,84,35,125,115"/><U44/><E121/><V9/><F128/><W25/><G73/><T6/><D107/><U53/><E69/><V11/><F135/><W24/><G36/><T23/><D116/><U75/><E39/><V47/><F30/><W113/><G119/><T63/><D123/><U97/><E29/><V112/><F112/><N who="3" m="43083" /><G125/><T65/><D124/><U55/><E75/><V100/><F37/><W83/><G4/><T111/><D111/><U130/><E130/><N who="3" m="49674" /><G25/><T82/><D6/><U38/><E38/><V118/><F118/><W98/><G98/><T61/><D3/><U32/><E32/><AGARI ba="0,0" hai="24,31,32,33,35,83,84,90" m="49674,43083" machi="32" ten="30,2000,0" yaku="15,1,19,1" doraHai="40" who="3" fromWho="1" sc="406,0,100,-20,361,0,133,20" /><INIT seed="6,0,0,4,0,16" ten="406,80,361,153" oya="2" hai0="58,80,32,71,84,118,37,83,73,76,51,5,97" hai1="14,18,49,39,105,86,77,12,103,30,94,10,7" hai2="95,67,61,29,1,88,117,35,28,57,22,85,112" hai3="65,23,122,79,53,100,31,36,132,110,48,135,129"/><V62/><F117/><W114/><G110/><T116/><D71/><U24/><E39/><V102/><F1/><W38/><G122/><T69/><D69/><U45/><E105/><V46/><F35/><W11/><G65/><T60/><D37/><U27/><E30/><V115/><F102/><W90/><G79/><T40/><D32/><U17/><E7/><V125/><F125/><W89/><G100/><T121/><D5/><U42/><E77/><V9/><F9/><W68/><G68/><T54/><D121/><U113/><E113/><N who="2" m="43595" /><F46/><W70/><G70/><T8/><D8/><U107/><E107/><V120/><F120/><W20/><G11/><T59/><D97/><U3/><E3/><V55/><F61/><W52/><G114/><T78/><D40/><U133/><E133/><V130/><F130/><W34/><G34/><T6/><D6/><U104/><E104/><V93/><F67/><W98/><G48/><T81/><D80/><U15/><E15/><V21/><F95/><W19/><G129/><T25/><D25/><U64/><E64/><V87/><F87/><W26/><G98/><T111/><D111/><U91/><REACH who="1" step="1"/><E103/><REACH who="1" ten="406,70,361,153" step="2"/><V126/><F126/><W123/><G123/><T127/><D127/><U0/><E0/><V44/><F44/><W99/><G26/><T2/><D2/><U131/><E131/><V72/><F72/><W13/><G13/><T134/><D134/><U124/><E124/><V82/><F93/><W92/><G92/><T109/><D109/><U75/><E75/><V119/><F119/><N who="0" m="45610" /><D73/><U128/><E128/><V108/><F108/><RYUUKYOKU ba="0,1" sc="406,-15,70,15,361,15,153,-15" hai1="10,12,14,17,18,24,27,42,45,49,86,91,94" hai2="21,22,28,29,55,57,62,82,85,88" /><INIT seed="6,1,1,3,1,26" ten="391,85,376,138" oya="2" hai0="22,4,115,40,126,55,83,32,81,37,9,10,42" hai1="7,58,93,102,77,27,13,48,28,101,123,23,64" hai2="129,135,111,109,14,128,80,79,107,113,50,112,11" hai3="47,6,54,41,116,31,96,8,94,61,118,59,25"/><V5/><F107/><W108/><G108/><N who="2" m="41545" /><F50/><W49/><G8/><T30/><D32/><U85/><E123/><V62/><F62/><W39/><G6/><T74/><D126/><U103/><E7/><V125/><F125/><W70/><G70/><T35/><D35/><U67/><E13/><V130/><F135/><W105/><G105/><T46/><D74/><AGARI ba="1,1" hai="5,11,14,74,79,80,112,113,128,129,130" m="41545" machi="74" ten="40,3900,0" yaku="19,1,10,1" doraHai="26" who="2" fromWho="0" sc="391,-42,85,0,376,52,138,0" /><INIT seed="6,2,0,4,3,72" ten="349,85,428,138" oya="2" hai0="86,74,84,61,11,106,64,85,38,24,66,88,63" hai1="21,131,135,71,130,81,7,29,127,104,23,78,82" hai2="16,124,79,100,37,57,42,51,62,13,6,60,17" hai3="27,120,53,128,19,18,73,49,52,107,125,43,22"/><V93/><F124/><W48/><G120/><T33/><D38/><U54/><E104/><V111/><F111/><W121/><G121/><T108/><D106/><U113/><E82/><V101/><F37/><W97/><G73/><T92/><D108/><U44/><E71/><V103/><F79/><W0/><G0/><T12/><D74/><N who="1" m="43223" /><E29/><V110/><F110/><W15/><G43/><T68/><D24/><U34/><E34/><V45/><F93/><W31/><G19/><T47/><D47/><U98/><E127/><V122/><F122/><W80/><G80/><T41/><D41/><U25/><E98/><V112/><F112/><W133/><G125/><T50/><D50/><N who="1" m="28999" /><E113/><V126/><F126/><W109/><G97/><T10/><D33/><U76/><E76/><V59/><F6/><W67/><G67/><T40/><D40/><U114/><E114/><V83/><F83/><W116/><G116/><T28/><D28/><N who="1" m="17455" /><E23/><V3/><F3/><W91/><G22/><T26/><D26/><U4/><E135/><V14/><F14/><W99/><G15/><T69/><REACH who="0" step="1"/><D11/><REACH who="0" ten="339,85,428,138" step="2"/><U95/><E95/><V94/><F94/><W96/><G107/><T39/><D39/><U119/><E119/><V1/><F1/><W129/><G27/><T32/><D32/><U8/><E8/><V70/><F13/><W75/><G109/><T89/><D89/><U90/><E90/><V65/><F42/><W46/><G75/><T56/><D56/><U30/><E30/><V35/><F57/><W2/><G31/><T55/><D55/><U5/><E131/><V105/><F59/><RYUUKYOKU ba="2,1" sc="339,15,85,15,428,-15,138,-15" hai0="10,12,61,63,64,66,68,69,84,85,86,88,92" hai1="4,5,7,130" /><INIT seed="7,3,1,4,2,4" ten="354,100,413,123" oya="3" hai0="113,132,96,44,12,92,32,17,63,79,70,39,59" hai1="28,130,11,42,121,119,43,35,125,64,116,104,89" hai2="122,40,26,5,38,37,7,65,1,68,112,87,115" hai3="51,9,73,74,131,47,18,54,117,80,55,60,36"/><W97/><G117/><N who="1" m="45130" /><E125/><V46/><F122/><W120/><G120/><T108/><D108/><U82/><E130/><V110/><F110/><W114/><G131/><T88/><D132/><U94/><E104/><V8/><F5/><W71/><G36/><T69/><D32/><U81/><E121/><V15/><F1/><W84/><G97/><T22/><D79/><U85/><E11/><V16/><F87/><W49/><G114/><N who="2" m="43561" /><F38/><W72/><G60/><T95/><D113/><U133/><E133/><V2/><F26/><W102/><G102/><T134/><D134/><U123/><E123/><V105/><F105/><W41/><G71/><T129/><D129/><U93/><E64/><V34/><F34/><W100/><G100/><T24/><D92/><N who="1" m="35435" /><E81/><V83/><F83/><W61/><G61/><T6/><D6/><U99/><E99/><V91/><F91/><W23/><G9/><T118/><D118/><U58/><E58/><V48/><F37/><W50/><G84/><T75/><D75/><U107/><E107/><V86/><F86/><W31/><G80/><T14/><D69/><U109/><E109/><V127/><F127/><W45/><G31/><T66/><REACH who="0" step="1"/><D70/><REACH who="0" ten="344,100,413,123" step="2"/><U77/><E77/><V27/><F68/><W20/><REACH who="3" step="1"/><G18/><REACH who="3" ten="344,100,413,113" step="2"/><T3/><D3/><U19/><E19/><V135/><F135/><W106/><G106/><T126/><D126/><U98/><E98/><V0/><F0/><W124/><G124/><T25/><D25/><AGARI ba="3,3" hai="25,28,35,42,43,82,85,89" m="35435,45130" machi="25" ten="30,1000,0" yaku="12,1" doraHai="4" who="1" fromWho="0" sc="344,-19,100,49,413,0,113,0" owari="325,12.5,149,-25.1,413,51.3,113,-38.7" /></mjloggm>