<mjloggm ver="2.3"><GO type="169" lobby="0"/><UN n0="%61%6B%61%69%6B%69" n1="%E5%A4%A9%E6%89%8D%E3%82%A4%E3%83%99%E3%83%AA%E3%82%B3%E8%B1%9A" n2="%E5%B0%8F%E4%B8%89%E5%85%83%E5%8D%97%E5%8D%98%E9%A8%8E" n3="%E5%A4%A9%E6%89%8D%E9%BA%BB%E5%B0%86%E6%99%BA%E4%B9%83" dan="17,16,16,16" rate="2213.92,2068.60,2110.74,2165.42" sx="M,F,M,M"/><TAIKYOKU oya="0"/><INIT seed="0,0,0,5,3,44" ten="250,250,250,250" oya="0" hai0="59,131,55,122,26,125,83,20,127,49,135,29,57" hai1="101,105,113,47,76,128,40,84,97,14,133,112,65" hai2="63,24,106,118,21,45,48,134,67,74,58,18,94" hai3="64,108,7,37,78,10,82,51,50,104,46,92,107"/><T98/><D122/><U90/><E128/><V32/><F134/><W123/><G123/><T4/><D131/><U72/><E133/><V80/><F118/><W73/><G108/><T52/><D135/><U28/><E65/><V88/><F106/><W19/><G19/><T17/><D4/><U129/><E129/><V81/><F32/><W23/><G23/><T30/><D98/><U110/><E110/><V96/><REACH who="2" step="1"/><F74/><REACH who="2" ten="250,250,240,250" step="2"/><W9/><G107/><T109/><D109/><U99/><E113/><V93/><F93/><W126/><G92/><T89/><D127/><U119/><E119/><V71/><F71/><W43/><G104/><T75/><D125/><U79/><E112/><V85/><F85/><W117/><G126/><T22/><D75/><U31/><E99/><V8/><F8/><W3/><G117/><T39/><D22/><U12/><E72/><V100/><F100/><W87/><G10/><T68/><D68/><U130/><E130/><V111/><F111/><W38/><G87/><N who="0" m="50431" /><D39/><U114/><E114/><V62/><F62/><AGARI ba="0,1" hai="17,20,26,29,30,49,52,55,57,59,62" m="50431" machi="62" ten="30,5800,0" yaku="8,1,52,1,54,1" doraHai="44" who="0" fromWho="2" sc="250,68,250,0,240,-58,250,0" /><INIT seed="0,1,0,0,3,110" ten="318,250,182,250" oya="0" hai0="34,107,82,68,7,18,27,58,93,75,53,3,30" hai1="95,96,108,109,21,101,26,15,71,22,38,85,87" hai2="115,56,28,72,1,112,119,86,124,10,92,84,132" hai3="59,35,11,25,99,42,103,43,127,80,47,73,134"/><T128/><D107/><U65/><E38/><V111/><F72/><W102/><G127/><T60/><D128/><U20/><E26/><V90/><F28/><W33/><G134/><T48/><D75/><U105/><E15/><V121/><F121/><W123/><G123/><T41/><D82/><U135/><E135/><V117/><F132/><W69/><G69/><T83/><D83/><U36/><E36/><V29/><F111/><N who="1" m="42569" /><E105/><V0/><F29/><W2/><G43/><T16/><D93/><U23/><E23/><V98/><F124/><W5/><G59/><T79/><D79/><U57/><E57/><V61/><F86/><N who="1" m="32777" /><E65/><N who="2" m="39079" /><F98/><W113/><G25/><T46/><REACH who="0" step="1"/><D68/><AGARI ba="1,0" hai="20,21,22,68,71,95,96,101" m="32777,42569" machi="68" ten="40,1300,0" yaku="14,1" doraHai="110" who="1" fromWho="0" sc="318,-16,250,16,182,0,250,0" /><INIT seed="1,0,0,3,2,119" ten="302,266,182,250" oya="1" hai0="59,31,100,60,129,40,114,85,80,117,57,44,20" hai1="107,113,61,15,49,124,46,6,63,121,106,11,90" hai2="75,81,126,32,27,41,109,92,131,7,51,1,104" hai3="2,128,39,133,42,10,72,91,53,105,115,103,33"/><U36/><E113/><V64/><F92/><W54/><G115/><T108/><D114/><U55/><E124/><V26/><F51/><W93/><G33/><T87/><D117/><U78/><E121/><V86/><F109/><W25/><G25/><T24/><D108/><U5/><E5/><V4/><F86/><W68/><G68/><T125/><D125/><U120/><E120/><V19/><F104/><W111/><G128/><T22/><D129/><U99/><E78/><V112/><F64/><W45/><G133/><T130/><D130/><U83/><E36/><V17/><F41/><W97/><G111/><T43/><D100/><U76/><E90/><V84/><F84/><W102/><G72/><T118/><D118/><U3/><E3/><V30/><F81/><W38/><G38/><T134/><D134/><U69/><E69/><V89/><F89/><W122/><G122/><T0/><D0/><U48/><E107/><V28/><F131/><W62/><G103/><T52/><D87/><U29/><E29/><V79/><F112/><W70/><G102/><T73/><D73/><U12/><E99/><V110/><F110/><W8/><G105/><T77/><D44/><N who="1" m="28039" /><E106/><V50/><F75/><W16/><G70/><T34/><D59/><U127/><E127/><V96/><F126/><W74/><G74/><T67/><D67/><U132/><E132/><V37/><F37/><W21/><G2/><T71/><D71/><U82/><E82/><V58/><F1/><W14/><G62/><N who="1" m="23562" /><E83/><V13/><F30/><W65/><G65/><T95/><D95/><U56/><E76/><RYUUKYOKU ba="0,0" sc="302,15,266,-15,182,-15,250,15" hai0="20,22,24,31,34,40,43,52,57,60,77,80,85" hai3="8,10,14,16,21,39,42,45,53,54,91,93,97" /><INIT seed="2,1,0,5,2,83" ten="317,251,167,265" oya="2" hai0="2,108,51,26,53,123,100,110,30,97,121,80,13" hai1="84,38,102,118,106,8,66,41,125,104,50,82,68" hai2="90,4,64,3,74,33,70,47,115,98,76,135,34" hai3="32,113,78,130,6,126,112,132,59,81,62,129,101"/><V27/><F115/><N who="3" m="44107" /><G32/><T107/><D2/><U49/><E118/><V11/><F135/><W22/><G132/><T54/><D13/><U9/><E125/><V37/><F90/><W42/><G126/><T61/><D61/><U31/><E38/><V127/><F98/><W56/><G6/><T79/><D123/><U119/><E119/><V116/><F116/><W36/><G101/><T29/><D121/><U20/><E66/><V24/><F24/><W94/><G94/><T7/><D7/><U60/><E60/><N who="2" m="40199" /><F27/><W134/><G134/><T95/><D95/><U92/><E68/><V63/><F63/><W25/><G42/><T75/><D30/><U67/><E67/><V128/><F128/><N who="3" m="49259" /><G62/><T88/><D26/><U111/><E102/><V17/><F127/><W73/><G36/><T131/><D131/><U99/><E92/><V96/><F96/><W55/><G55/><T69/><D53/><U57/><E99/><V16/><F34/><W28/><AGARI ba="1,0" hai="22,25,28,56,59,73,78,81" m="49259,44107" machi="28" ten="30,2000,0" yaku="11,1,19,1" doraHai="83" who="3" fromWho="3" sc="317,-6,251,-6,167,-11,265,23" /><INIT seed="3,0,0,2,2,114" ten="311,245,156,288" oya="3" hai0="92,108,3,26,13,33,55,11,99,23,60,133,70" hai1="86,20,16,47,41,71,80,32,39,98,73,40,57" hai2="10,104,8,81,64,116,88,82,126,131,0,30,37" hai3="35,38,119,113,62,6,14,34,54,93,76,79,128"/><W105/><G105/><T102/><D108/><U46/><E71/><V129/><F126/><W130/><G113/><T19/><D133/><U135/><E135/><V124/><F124/><W56/><G38/><T111/><D111/><U25/><E73/><V103/><F37/><W53/><G93/><T22/><D3/><U75/><E75/><V2/><F30/><W45/><G6/><T120/><D120/><U49/><E57/><V15/><F64/><W72/><G14/><T78/><D78/><N who="3" m="29737" /><G72/><T106/><D92/><U123/><E123/><V58/><F58/><W21/><G21/><T27/><D55/><U112/><E112/><V65/><F65/><W61/><G61/><T109/><D109/><U51/><E39/><V84/><F104/><W69/><G69/><T118/><D27/><U36/><E36/><V107/><F107/><W67/><G54/><T9/><D23/><U94/><E32/><V63/><F63/><W100/><G100/><T83/><D83/><U91/><REACH who="1" step="1"/><E80/><REACH who="1" ten="311,235,156,288" step="2"/><V31/><F82/><W134/><G134/><T66/><REACH who="0" step="1"/><D118/><REACH who="0" ten="301,235,156,288" step="2"/><U87/><AGARI ba="0,2" hai="16,20,25,40,41,46,47,49,51,86,87,91,94,98" machi="87" ten="30,12000,2" yaku="1,1,2,1,0,1,9,1,8,1,54,1,53,0" doraHai="114" doraHaiUra="52" who="1" fromWho="1" sc="301,-30,235,140,156,-30,288,-60" /><INIT seed="4,0,0,5,1,106" ten="271,375,126,228" oya="0" hai0="105,20,111,92,94,37,40,49,68,17,4,104,46" hai1="115,15,42,31,35,82,43,79,127,29,52,23,61" hai2="96,9,107,18,12,121,83,91,1,95,71,131,22" hai3="86,44,62,108,41,14,74,130,59,38,88,78,77"/><T113/><D68/><U84/><E127/><V97/><F121/><W125/><G108/><T72/><D111/><U57/><E115/><V32/><F131/><W69/><G125/><T34/><D34/><U13/><E35/><V117/><F117/><W33/><G130/><T65/><D113/><U75/><E75/><V25/><F71/><W39/><G69/><T126/><D126/><U99/><E99/><V8/><F83/><W24/><G39/><T7/><D65/><U56/><E56/><V73/><F107/><W21/><G14/><N who="1" m="5130" /><E23/><V67/><F67/><W26/><G33/><T128/><D105/><U93/><E93/><V85/><F9/><W123/><G123/><T103/><D128/><U118/><E118/><V112/><F112/><W53/><G74/><T101/><D72/><U129/><E129/><V119/><F119/><W114/><G114/><T2/><D37/><U19/><E19/><V90/><F90/><W122/><G122/><T100/><D104/><U102/><E102/><V36/><F36/><W51/><G38/><T6/><REACH who="0" step="1"/><D2/><REACH who="0" ten="261,375,126,228" step="2"/><U27/><E27/><AGARI ba="0,1" hai="4,6,7,17,20,27,40,46,49,92,94,100,101,103" machi="27" ten="40,7700,0" yaku="1,1,2,1,8,1,53,0" doraHai="106" doraHaiUra="55" who="0" fromWho="1" sc="261,87,375,-77,126,0,228,0" /><INIT seed="4,1,0,1,1,123" ten="348,298,126,228" oya="0" hai0="111,118,4,34,63,93,49,73,72,135,117,5,8" hai1="43,121,30,22,68,115,116,9,36,124,81,2,19" hai2="129,7,44,60,54,106,88,26,77,109,14,15,104" hai3="85,61,112,95,31,128,114,11,58,0,76,131,125"/><T65/><D34/><U40/><E121/><V57/><F129/><N who="3" m="49739" /><G31/><T18/><D135/><U27/><E116/><V84/><F77/><W120/><G120/><T92/><D18/><U122/><E122/><V126/><F126/><W55/><G125/><T127/><D127/><U86/><E124/><V10/><F109/><W23/><G23/><T33/><D33/><U132/><E68/><V82/><F26/><W134/><G134/><T97/><D49/><U46/><E43/><V51/><REACH who="2" step="1"/><F15/><REACH who="2" ten="348,298,116,228" step="2"/><W99/><G76/><T110/><D118/><U41/><E132/><V66/><AGARI ba="1,1" hai="7,10,14,44,51,54,57,60,66,82,84,88,104,106" machi="66" ten="20,8000,1" yaku="1,1,2,1,0,1,7,1,54,1,53,0" doraHai="123" doraHaiUra="70" who="2" fromWho="2" sc="348,-41,298,-21,116,93,228,-21" /><INIT seed="5,0,0,5,2,6" ten="307,277,209,207" oya="1" hai0="125,12,96,89,95,22,52,121,65,134,1,113,102" hai1="87,43,47,82,44,29,20,25,27,60,131,105,117" hai2="31,17,84,71,28,54,64,59,120,15,63,92,19" hai3="0,109,124,78,61,30,81,62,35,2,100,56,93"/><U119/><E105/><V38/><F120/><W14/><G109/><T108/><D1/><U11/><E131/><V107/><F107/><W98/><G124/><T123/><D108/><U115/><E115/><V133/><F133/><W3/><G14/><T68/><D113/><U104/><E104/><V48/><F19/><W33/><G30/><T101/><D125/><U77/><E47/><V51/><F51/><W114/><G114/><T135/><D52/><U97/><E97/><V10/><REACH who="2" step="1"/><F38/><REACH who="2" ten="307,277,199,207" step="2"/><W13/><G62/><T90/><D135/><U94/><E60/><V110/><F110/><W34/><G13/><T128/><D12/><U72/><E119/><V76/><F76/><W130/><G130/><T127/><D134/><U66/><E77/><V53/><F53/><W41/><G41/><T132/><D132/><U21/><E43/><V91/><AGARI ba="0,1" hai="10,15,17,28,31,48,54,59,63,64,71,84,91,92" machi="91" ten="30,4000,0" yaku="1,1,0,1,52,1,53,0" doraHai="6" doraHaiUra="36" who="2" fromWho="2" sc="307,-10,277,-20,199,50,207,-10" /><INIT seed="6,0,0,3,3,87" ten="297,257,249,197" oya="2" hai0="13,40,18,78,67,62,58,53,42,110,14,68,116" hai1="129,80,88,5,60,63,118,122,119,130,31,82,81" hai2="21,64,95,12,109,17,30,29,70,86,85,27,33" hai3="8,72,134,79,37,91,35,126,46,28,22,89,36"/><V50/><F109/><W98/><G35/><T66/><D110/><U39/><E39/><V75/><F75/><W59/><G134/><T38/><D116/><U113/><E5/><V54/><F30/><W120/><G120/><T10/><D78/><U94/><E31/><V132/><F132/><W112/><G126/><T48/><D67/><U11/><E11/><V20/><F33/><W104/><G37/><T93/><D38/><U51/><E51/><V77/><F77/><W3/><G59/><T123/><D123/><U49/><E49/><V90/><F86/><W131/><G131/><N who="1" m="50186" /><E122/><V65/><REACH who="2" step="1"/><F70/><REACH who="2" ten="297,257,239,197" step="2"/><W44/><G79/><T99/><REACH who="0" step="1"/><D14/><REACH who="0" ten="287,257,239,197" step="2"/><U73/><E73/><V107/><F107/><W128/><G72/><T105/><D105/><U2/><E119/><V100/><F100/><AGARI ba="0,2" hai="10,13,18,40,42,48,53,58,62,66,68,93,99,100" machi="100" ten="30,3900,0" yaku="1,1,7,1,53,1" doraHai="87" doraHaiUra="7" who="0" fromWho="2" sc="287,59,257,0,239,-39,197,0" /><INIT seed="7,0,0,4,2,86" ten="346,257,200,197" oya="3" hai0="71,93,25,99,24,63,120,38,122,58,9,8,6" hai1="2,10,105,67,46,82,111,16,4,107,50,29,125" hai2="28,33,69,19,79,128,75,134,11,78,121,80,7" hai3="84,44,34,108,70,115,103,39,95,37,51,89,117"/><W98/><G117/><T68/><D38/><U43/><E111/><V60/><F134/><W118/><G118/><T123/><D71/><U129/><E125/><V49/><F128/><W81/><G108/><T100/><D68/><U3/><E3/><N who="2" m="511" /><F49/><W21/><G34/><T18/><D18/><U104/><E29/><V124/><F19/><W114/><G70/><T5/><D9/><U72/><E129/><V102/><F79/><W15/><G15/><T62/><D6/><U132/><E132/><V48/><F48/><W27/><G114/><T35/><D35/><U97/><E67/><N who="2" m="41191" /><F102/><W0/><G0/><T14/><D62/><U101/><E82/><V106/><F124/><W17/><REACH who="3" step="1"/><G115/><REACH who="3" ten="346,257,200,187" step="2"/><T55/><AGARI ba="0,1" hai="5,8,14,24,25,55,58,63,93,99,100,120,122,123" machi="55" ten="30,1100,0" yaku="0,1" doraHai="86" who="0" fromWho="0" sc="346,21,257,-3,200,-3,187,-5" owari="367,46.7,254,5.4,197,-20.3,182,-31.8" /></mjloggm>