<mjloggm ver="2.3"><GO type="169" lobby="0"/><UN n0="%E3%81%BE%E3%81%A1%E3%81%8A" n1="%E3%83%A1%E3%82%AB%E3%82%BC%E3%83%83%E3%83%88%E3%83%B3" n2="%35%30%38%30%74%61%6B%61" n3="%E5%B2%A9%E4%B8%8A%E9%80%9A%E3%82%8A" dan="16,17,16,16" rate="2178.46,2183.03,2101.76,2105.34" sx="M,M,M,M"/><TAIKYOKU oya="0"/><INIT seed="0,0,0,2,0,72" ten="250,250,250,250" oya="0" hai0="51,17,37,14,106,80,9,11,123,97,114,46,119" hai1="91,33,90,56,109,83,57,95,19,39,15,77,13" hai2="62,121,98,30,53,6,63,32,26,134,49,107,23" hai3="135,44,111,58,88,20,75,0,41,113,55,21,110"/><T48/><D114/><U104/><E109/><N who="3" m="41482" /><G0/><T24/><D119/><U102/><E39/><V79/><F121/><W43/><G113/><T50/><D123/><U105/><E33/><V81/><F134/><W76/><G135/><T82/><D24/><U70/><E70/><V66/><F6/><W29/><G29/><T101/><REACH who="0" step="1"/><D11/><REACH who="0" ten="240,250,250,250" step="2"/><U84/><E105/><V131/><F26/><W47/><G21/><T120/><D120/><U132/><E104/><V64/><F23/><W69/><G20/><T31/><D31/><U54/><E132/><V28/><F32/><W1/><G1/><T92/><D92/><U116/><E116/><V103/><F131/><W25/><G25/><T71/><D71/><U36/><E13/><V112/><F112/><W127/><G69/><T2/><D2/><U93/><E15/><V125/><F30/><W96/><G127/><T85/><D85/><U94/><E94/><V7/><F28/><W35/><G35/><T130/><D130/><U133/><E93/><V38/><F125/><W61/><G43/><AGARI ba="0,1" hai="9,14,17,37,43,46,48,50,51,80,82,97,101,106" machi="43" ten="40,2000,0" yaku="1,1,53,0" doraHai="72" doraHaiUra="52" who="0" fromWho="3" sc="240,30,250,0,250,0,250,-20" /><INIT seed="0,1,0,1,0,85" ten="270,250,250,230" oya="0" hai0="113,117,102,111,23,79,120,44,104,20,48,5,56" hai1="12,10,61,96,57,108,126,32,80,29,122,88,33" hai2="8,13,101,19,84,47,127,135,73,63,28,74,110" hai3="35,67,40,41,90,18,52,22,103,59,54,53,58"/><T34/><D113/><U60/><E122/><V112/><F112/><W42/><G35/><T27/><D117/><U94/><E108/><V55/><F110/><W77/><G77/><T130/><D111/><U125/><E61/><V50/><F127/><N who="1" m="48649" /><E29/><V14/><F135/><W69/><G103/><T93/><D120/><U70/><E70/><V132/><F132/><W68/><G90/><T65/><D130/><U72/><E80/><V75/><F28/><W78/><G78/><T37/><D37/><U91/><E72/><V43/><F101/><W64/><G22/><T107/><D79/><U76/><E76/><V98/><F98/><W121/><G18/><T86/><D5/><N who="1" m="3151" /><E91/><V21/><F84/><W4/><G4/><T129/><D129/><U87/><E96/><V114/><F114/><W36/><G36/><T71/><D71/><N who="3" m="27209" /><G121/><T100/><D100/><U105/><E105/><V116/><F116/><W106/><G106/><T134/><D134/><U99/><E99/><V128/><F128/><W15/><G15/><T133/><D133/><U119/><E119/><V39/><F39/><W2/><G2/><T46/><D107/><U123/><E123/><V89/><F89/><W9/><G9/><T45/><D104/><U31/><E31/><V131/><F131/><W51/><G51/><T25/><D102/><U38/><E38/><V124/><F124/><W11/><G11/><T1/><D1/><U3/><E3/><V7/><F75/><W6/><G6/><T16/><D48/><U115/><E115/><V81/><F81/><W109/><G109/><T95/><D86/><RYUUKYOKU ba="1,0" sc="270,-30,250,10,250,10,230,10" hai1="32,33,57,60,87,88,94" hai2="7,8,13,14,19,21,43,47,50,55,63,73,74" hai3="40,41,42,52,53,54,58,59,64,67" /><INIT seed="1,2,0,0,4,132" ten="240,260,260,240" oya="1" hai0="91,28,53,32,12,107,37,33,101,15,92,5,24" hai1="57,6,34,1,64,41,97,42,84,25,103,125,13" hai2="108,20,50,89,46,77,27,128,49,127,30,95,115" hai3="78,70,104,16,9,67,40,23,56,62,83,52,55"/><U123/><E123/><V81/><F108/><W61/><G104/><T29/><D37/><U98/><E1/><V87/><F128/><W110/><G110/><T88/><D5/><U39/><E84/><V135/><F135/><W45/><G9/><T10/><D107/><U69/><E57/><V66/><F115/><W109/><G109/><T130/><D130/><U119/><E119/><V68/><F68/><W117/><G117/><T11/><D53/><U63/><E98/><V51/><F66/><W131/><G131/><T36/><D36/><U47/><E41/><V7/><F7/><W35/><G35/><T100/><D92/><U73/><E13/><V118/><F118/><W116/><G116/><T22/><D22/><U19/><E6/><V129/><F129/><W26/><G62/><T75/><REACH who="0" step="1"/><D24/><REACH who="0" ten="230,260,260,240" step="2"/><U113/><E113/><V58/><F127/><W65/><G55/><T76/><D76/><U21/><E34/><V82/><F82/><W8/><G8/><T0/><D0/><U99/><E125/><V48/><F48/><W120/><G120/><T54/><D54/><U80/><REACH who="1" step="1"/><E103/><REACH who="1" ten="230,250,260,240" step="2"/><V86/><REACH who="2" step="1"/><F58/><REACH who="2" ten="230,250,250,240" step="2"/><W114/><G114/><T105/><D105/><U126/><E126/><V44/><AGARI ba="2,3" hai="20,27,30,44,46,49,50,51,77,81,86,87,89,95" machi="44" ten="30,8000,1" yaku="1,1,2,1,0,1,8,1,53,1" doraHai="132" doraHaiUra="17" who="2" fromWho="2" sc="230,-22,250,-42,250,116,240,-22" /><INIT seed="2,0,0,3,1,85" ten="208,208,366,218" oya="2" hai0="13,53,31,45,30,110,18,73,79,77,27,8,58" hai1="88,106,65,28,75,76,46,61,89,4,84,16,50" hai2="49,121,15,70,96,83,74,21,72,103,130,11,119" hai3="90,86,10,94,17,36,51,113,93,98,69,43,104"/><V12/><F121/><W7/><G69/><T116/><D110/><U41/><E106/><V40/><F119/><W102/><G113/><T80/><D116/><U38/><E28/><V114/><F114/><W118/><G36/><T3/><D3/><U125/><E125/><V47/><F70/><W48/><G118/><T127/><D127/><U97/><E4/><V37/><F130/><W14/><G43/><T95/><D79/><U20/><E38/><V66/><F66/><W131/><G131/><T9/><D45/><U19/><E75/><V26/><F37/><W100/><G100/><T105/><D105/><U101/><E101/><V91/><F83/><W34/><G34/><T122/><D122/><U2/><E2/><V24/><F24/><W67/><G67/><T135/><D135/><U57/><E97/><V78/><F78/><W22/><REACH who="3" step="1"/><G104/><REACH who="3" ten="208,208,366,208" step="2"/><T109/><D109/><U68/><E68/><V64/><F64/><W133/><G133/><T129/><D129/><U5/><E5/><V92/><F103/><W35/><G35/><T1/><D53/><U115/><E115/><V99/><F40/><W117/><G117/><T120/><D120/><U6/><E6/><V112/><F112/><W81/><G81/><T54/><D80/><N who="1" m="47111" /><E19/><V132/><F132/><W55/><G55/><T108/><D54/><U111/><E111/><V32/><F32/><W33/><G33/><T0/><D18/><U52/><E41/><V60/><F74/><W134/><G134/><T39/><D108/><U42/><E42/><V59/><F72/><W123/><G123/><T63/><D39/><RYUUKYOKU ba="0,1" sc="208,-15,208,15,366,-15,208,15" hai1="16,20,46,50,52,57,61,65,88,89" hai3="7,10,14,17,22,48,51,86,90,93,94,98,102" /><INIT seed="3,1,1,1,0,62" ten="193,223,351,223" oya="3" hai0="50,97,24,3,41,61,102,128,46,92,40,64,98" hai1="79,73,121,131,8,34,18,126,81,117,43,87,84" hai2="104,21,19,116,71,90,35,29,82,60,70,85,110" hai3="2,48,72,88,113,66,16,77,89,23,101,125,5"/><W109/><G113/><T57/><D128/><U83/><E34/><V14/><F116/><W68/><G101/><T32/><D3/><U80/><E18/><V15/><F104/><W96/><G125/><T31/><REACH who="0" step="1"/><D98/><REACH who="0" ten="183,223,351,223" step="2"/><U107/><E131/><V111/><F110/><W65/><G109/><T17/><D17/><U67/><E117/><V49/><F19/><W10/><G68/><T95/><D95/><U54/><E107/><V114/><F70/><W30/><G30/><T132/><D132/><U0/><E0/><V133/><F71/><W59/><G96/><T118/><D118/><U38/><E126/><V20/><F133/><W26/><G72/><T6/><D6/><U28/><E28/><V123/><F29/><W22/><G77/><T124/><D124/><U4/><E4/><V93/><F111/><W39/><G39/><T94/><D94/><U42/><E38/><V130/><F93/><W33/><G33/><T27/><D27/><U44/><E79/><V56/><F35/><W134/><G134/><T9/><D9/><U51/><E8/><V78/><F78/><W63/><G23/><T1/><D1/><U7/><E7/><V135/><F21/><W53/><REACH who="3" step="1"/><G48/><REACH who="3" ten="183,223,351,213" step="2"/><T74/><D74/><U120/><E73/><V127/><F49/><W36/><G36/><T105/><D105/><U12/><E51/><V86/><F20/><W115/><G115/><T76/><D76/><U100/><E120/><V129/><F123/><W58/><G58/><T75/><D75/><U45/><E121/><V11/><F114/><W108/><G108/><T122/><D122/><RYUUKYOKU ba="1,3" sc="183,15,223,-15,351,-15,213,15" hai0="24,31,32,40,41,46,50,57,61,64,92,97,102" hai3="2,5,10,16,22,26,53,59,63,65,66,88,89" /><INIT seed="3,2,3,1,3,9" ten="198,208,336,228" oya="3" hai0="133,123,66,3,26,15,128,86,96,114,47,57,19" hai1="81,11,106,75,132,97,72,56,104,65,121,95,45" hai2="126,100,91,93,83,8,79,49,68,39,63,80,33" hai3="18,12,41,103,20,98,101,108,53,116,120,6,102"/><W77/><G120/><T76/><D123/><U110/><E121/><V16/><F39/><W48/><G116/><T134/><D3/><U2/><E110/><V61/><F33/><W125/><G125/><T105/><D128/><U115/><E115/><V43/><F126/><W131/><G131/><T44/><D26/><U24/><E132/><N who="0" m="50793" /><D114/><U89/><E45/><V54/><F68/><W36/><G108/><T64/><D76/><U21/><E65/><N who="0" m="25193" /><D57/><U58/><E58/><V113/><F43/><W28/><G77/><T109/><D86/><U38/><E56/><N who="2" m="32847" /><F100/><W29/><G36/><T13/><D109/><U82/><E38/><V27/><F113/><W90/><G41/><T40/><D19/><U69/><E69/><V111/><F111/><W31/><G6/><T85/><D85/><U78/><E75/><V37/><F37/><W5/><G5/><T60/><D60/><N who="2" m="23114" /><F79/><W0/><G0/><T55/><D55/><U94/><E78/><V1/><F1/><W34/><G34/><T130/><D130/><U118/><E72/><V52/><F52/><W117/><G117/><T67/><N who="0" m="25201" /><T32/><DORA hai="50" /><D32/><U46/><E2/><V107/><F27/><W112/><G112/><T30/><D30/><U7/><E24/><V42/><F42/><W22/><G53/><T35/><D35/><U84/><E118/><V73/><F73/><W23/><G48/><N who="0" m="26631" /><D47/><U25/><E46/><V135/><F135/><W92/><AGARI ba="2,3" hai="12,18,20,22,23,28,29,31,90,92,98,101,102,103" machi="92" ten="40,7800,0" yaku="0,1,8,1,52,1" doraHai="9,50" who="3" fromWho="3" sc="198,-28,208,-28,336,-28,228,114" /><INIT seed="3,3,0,5,2,33" ten="170,180,308,342" oya="3" hai0="42,55,97,46,127,6,35,88,112,91,125,4,100" hai1="28,38,48,12,123,108,94,26,25,44,59,74,106" hai2="75,73,14,21,7,87,58,72,101,131,89,9,53" hai3="27,95,78,64,61,39,0,99,124,114,60,103,57"/><W93/><G39/><T121/><D121/><U29/><E106/><V69/><F69/><W8/><G114/><T65/><D35/><U52/><E74/><V67/><F67/><W104/><G124/><N who="0" m="47691" /><D65/><U76/><E76/><V107/><F131/><W120/><G120/><T122/><D55/><U133/><E108/><V86/><F107/><W31/><G78/><T111/><D111/><U132/><E123/><V126/><F101/><W37/><G37/><N who="0" m="21839" /><D112/><U5/><E94/><V51/><F126/><W80/><G80/><T81/><D122/><U47/><E12/><V3/><REACH who="2" step="1"/><F89/><REACH who="2" ten="170,180,298,342" step="2"/><N who="0" m="34378" /><D81/><U135/><E135/><V40/><F40/><W92/><G61/><T22/><D22/><U50/><E132/><V17/><AGARI ba="3,1" hai="3,7,9,14,17,21,51,53,58,72,73,75,86,87" machi="17" ten="40,8000,1" yaku="1,1,0,1,52,1,53,1" doraHai="33" doraHaiUra="19" who="2" fromWho="2" sc="170,-23,180,-23,298,99,342,-43" /><INIT seed="4,0,0,4,0,131" ten="147,157,397,299" oya="0" hai0="100,61,98,64,109,18,66,79,125,123,119,83,22" hai1="16,105,107,4,73,108,81,37,43,1,102,90,21" hai2="30,28,117,116,104,20,70,106,69,39,72,76,57" hai3="52,19,124,62,40,45,32,68,132,15,103,88,74"/><T42/><D119/><N who="2" m="45642" /><F57/><N who="3" m="35111" /><G74/><T9/><D123/><U65/><E90/><V122/><F39/><W111/><G68/><N who="2" m="26217" /><F122/><W8/><G32/><T58/><D125/><U80/><E80/><N who="2" m="45063" /><F20/><W12/><G111/><T3/><D109/><U27/><E65/><V85/><F85/><W96/><G124/><T44/><D66/><U128/><E108/><V114/><F114/><W130/><G130/><T38/><D9/><U13/><E128/><V113/><F113/><W41/><G103/><T94/><D3/><U14/><E102/><V35/><F35/><W99/><G45/><T135/><D135/><U11/><E107/><AGARI ba="0,0" hai="28,30,104,106,107" m="45063,26217,45642" machi="107" ten="40,1300,0" yaku="12,1" doraHai="131" who="2" fromWho="1" sc="147,0,157,-13,397,13,299,0" /><INIT seed="5,0,0,0,5,58" ten="147,144,410,299" oya="1" hai0="18,33,39,11,40,117,3,126,84,86,35,92,115" hai1="85,116,28,42,5,81,23,24,44,14,49,132,63" hai2="66,21,94,12,106,79,96,68,45,75,71,29,69" hai3="6,95,74,128,2,59,122,105,107,90,7,10,102"/><U25/><E132/><V89/><F66/><W32/><G122/><T125/><D117/><U135/><E135/><V60/><F106/><W114/><G114/><T55/><D115/><U119/><E24/><V50/><F75/><W118/><G32/><N who="0" m="12363" /><D92/><U99/><E99/><V103/><F79/><W37/><G37/><T65/><D65/><U133/><E133/><V121/><F121/><W130/><G74/><T110/><D55/><U78/><REACH who="1" step="1"/><E63/><REACH who="1" ten="147,134,410,299" step="2"/><V87/><F60/><W9/><G118/><T97/><D97/><U98/><E98/><V20/><F96/><W129/><G102/><T30/><D126/><U77/><E77/><V57/><F103/><W22/><G107/><T109/><D125/><U34/><E34/><V93/><F89/><W61/><G105/><T88/><D88/><U112/><E112/><V62/><F62/><W70/><G90/><T91/><D91/><U101/><E101/><V48/><F29/><W52/><G95/><T43/><D30/><U36/><E36/><V124/><F94/><W47/><G70/><T46/><D39/><U1/><E1/><V27/><F71/><W134/><G134/><T127/><D127/><U41/><E41/><V64/><F69/><W38/><G2/><T83/><D43/><U13/><E13/><V4/><F12/><W54/><G38/><N who="0" m="21783" /><D3/><U0/><E0/><V82/><F68/><W17/><G129/><T131/><D131/><U100/><E100/><V72/><F93/><W76/><G76/><N who="0" m="46183" /><D86/><U104/><E104/><V15/><F87/><W8/><G130/><T123/><D123/><U80/><E80/><RYUUKYOKU ba="0,1" sc="147,15,134,15,410,-15,299,-15" hai0="11,18,109,110" hai1="5,14,23,25,28,42,44,49,78,81,85,116,119" /><INIT seed="5,1,1,5,1,71" ten="162,149,395,284" oya="1" hai0="103,17,123,134,126,128,7,45,53,76,36,80,121" hai1="79,69,55,88,118,44,51,111,49,30,91,14,58" hai2="110,113,33,117,95,46,26,12,40,93,64,56,50" hai3="52,133,82,106,11,73,89,48,97,65,35,125,112"/><U105/><E69/><V63/><F110/><W21/><G35/><T78/><D128/><U90/><E105/><V130/><F117/><W10/><G112/><T54/><D126/><U62/><E118/><V84/><F130/><W104/><G125/><T8/><D134/><U23/><E111/><V94/><F113/><W114/><G133/><T4/><D103/><U129/><E129/><V108/><F108/><W83/><G65/><T102/><D102/><U66/><E79/><V3/><F3/><W81/><G73/><N who="0" m="43023" /><D17/><U60/><E60/><V67/><F67/><W70/><G70/><T92/><D92/><U85/><E51/><V109/><F109/><W25/><G106/><T20/><D20/><U28/><REACH who="1" step="1"/><E85/><REACH who="1" ten="162,139,395,284" step="2"/><V107/><F107/><W37/><G104/><T119/><D78/><U77/><E77/><V98/><F84/><W68/><G114/><T101/><D119/><U120/><E120/><V32/><F50/><W34/><G68/><T72/><D72/><U41/><E41/><V74/><F40/><W42/><G42/><N who="0" m="22727" /><D123/><U16/><AGARI ba="1,2" hai="14,16,23,28,30,44,49,55,58,62,66,88,90,91" machi="16" ten="30,24000,3" yaku="1,1,0,1,8,1,54,2,53,3" doraHai="71" doraHaiUra="86" who="1" fromWho="1" sc="162,-81,139,263,395,-81,284,-81" /><INIT seed="5,2,0,5,5,26" ten="81,402,314,203" oya="1" hai0="73,4,132,36,18,5,111,101,119,48,106,65,68" hai1="81,129,27,110,8,88,55,105,108,86,112,2,20" hai2="35,102,44,52,51,19,38,104,28,62,107,58,89" hai3="91,46,109,37,15,92,22,118,54,34,14,95,39"/><U9/><E105/><V57/><F102/><W76/><G34/><T70/><D18/><U47/><E112/><V10/><F89/><W135/><G109/><N who="1" m="42090" /><E2/><V100/><F100/><W79/><G22/><T123/><D5/><U99/><E99/><V127/><F127/><W12/><G135/><T120/><D4/><U133/><E129/><V0/><F0/><W82/><G118/><T49/><D101/><U13/><E13/><V103/><F103/><W85/><G37/><T116/><D106/><U134/><E55/><V121/><F121/><W66/><G66/><T69/><D73/><U72/><E47/><V115/><F115/><W63/><G39/><T93/><D93/><U60/><E60/><V21/><F10/><N who="1" m="4201" /><E72/><V130/><F130/><W25/><G46/><T83/><D111/><U30/><AGARI ba="2,0" hai="20,27,30,81,86,88,133,134" m="4201,42090" machi="30" ten="30,6000,0" yaku="10,1,52,1,54,1" doraHai="26" who="1" fromWho="1" sc="81,-22,402,66,314,-22,203,-22" /><INIT seed="5,3,0,4,3,59" ten="59,468,292,181" oya="1" hai0="6,63,87,32,35,114,37,8,36,61,128,70,119" hai1="100,34,20,120,130,80,62,16,39,45,48,107,135" hai2="54,115,113,121,132,104,18,129,52,22,103,131,24" hai3="101,90,125,40,81,111,96,38,44,43,4,21,72"/><U91/><E120/><V110/><F110/><W25/><G111/><T123/><D119/><U102/><E34/><V42/><F121/><W67/><G125/><T3/><D123/><U97/><E102/><V73/><F73/><W79/><G43/><T30/><D114/><N who="2" m="43530" /><F132/><W64/><G90/><T77/><D128/><N who="2" m="49226" /><F42/><W56/><G4/><T126/><D126/><U75/><E39/><V86/><F86/><W57/><G67/><T46/><D70/><U116/><E75/><V127/><F127/><W55/><G55/><T84/><D46/><U5/><E45/><V124/><F124/><W68/><G68/><T89/><D77/><U69/><E97/><AGARI ba="3,0" hai="18,22,24,52,54,97,103,104" m="49226,43530" machi="97" ten="30,7700,0" yaku="15,1,11,1,19,1,54,1" doraHai="59" who="2" fromWho="1" sc="59,0,468,-86,292,86,181,0" /><INIT seed="6,0,0,2,5,79" ten="59,382,378,181" oya="2" hai0="111,5,80,112,114,44,76,81,99,10,69,63,125" hai1="124,96,120,86,47,128,14,57,121,94,78,17,2" hai2="50,38,118,28,18,74,33,29,135,51,127,22,126" hai3="42,30,40,39,73,84,61,19,48,27,32,59,101"/><V1/><F74/><W98/><G73/><T15/><D111/><U117/><E2/><V64/><F38/><W0/><G39/><T66/><D125/><N who="2" m="47626" /><F64/><W70/><G0/><T132/><D132/><U43/><E124/><V90/><F90/><W21/><G84/><T68/><D68/><U46/><E57/><V58/><F58/><W7/><G7/><T89/><D44/><U104/><E104/><V41/><F41/><W52/><G70/><T82/><REACH who="0" step="1"/><D76/><REACH who="0" ten="49,382,378,181" step="2"/><U130/><E78/><V122/><F135/><W91/><G91/><T56/><D56/><U12/><E47/><V37/><F122/><W23/><G61/><T67/><D67/><U54/><E46/><V134/><F134/><W107/><G32/><T55/><D55/><U119/><E54/><V62/><F33/><W103/><G101/><T24/><D24/><AGARI ba="0,1" hai="19,21,23,24,27,30,40,42,48,52,59,98,103,107" machi="24" ten="30,2000,0" yaku="7,1,54,1" doraHai="79" who="3" fromWho="0" sc="49,-20,382,0,378,0,181,30" /><INIT seed="7,0,0,2,0,103" ten="29,382,378,211" oya="3" hai0="90,54,68,106,128,50,101,61,48,93,73,22,1" hai1="78,80,124,33,98,72,129,69,62,95,45,25,86" hai2="13,64,19,109,135,84,100,56,74,49,92,133,94" hai3="52,58,82,57,46,51,76,29,130,110,97,12,55"/><W9/><G130/><T85/><D128/><U65/><E129/><V6/><F109/><W70/><G70/><T47/><D1/><U112/><E112/><V119/><F119/><W39/><G110/><T79/><D22/><U75/><E124/><V77/><F74/><W63/><G29/><T7/><D7/><U127/><E127/><V105/><F105/><W4/><G97/><T2/><D2/><U113/><E113/><V125/><F125/><W11/><G39/><T21/><D21/><U18/><E45/><V30/><F30/><W99/><G99/><T115/><D115/><U24/><E24/><V132/><F6/><W26/><G26/><T34/><D34/><U122/><E122/><V104/><F104/><W59/><G11/><T42/><D68/><U91/><E33/><V41/><F100/><W3/><G3/><T44/><D61/><U66/><E66/><V71/><F71/><W126/><G126/><T107/><D101/><U81/><E81/><N who="2" m="47151" /><F64/><W28/><G28/><T40/><D54/><U20/><AGARI ba="0,0" hai="18,20,25,62,65,69,72,75,78,80,86,91,95,98" machi="20" ten="30,1100,0" yaku="0,1" doraHai="103" who="1" fromWho="1" sc="29,-3,382,11,378,-3,211,-5" owari="26,-47.4,393,49.3,375,17.5,206,-19.4" /></mjloggm>