<mjloggm ver="2.3"><GO type="169" lobby="0"/><UN n0="%E8%B5%A4%E7%BE%8E%E6%BF%83%E3%81%BE%E3%81%90%E3%82%8D" n1="%E4%BA%BA%E5%93%81%E3%81%AA%E3%81%97" n2="%E3%81%8D%E3%82%83%E3%82%82%E3%82%93%E3%81%AC" n3="%41%4C%50%45%52%49%4E" dan="16,17,16,17" rate="2168.58,2204.55,2111.42,2205.89" sx="M,M,M,M"/><TAIKYOKU oya="0"/><INIT seed="0,0,0,0,5,90" ten="250,250,250,250" oya="0" hai0="16,20,46,114,15,49,88,13,98,109,84,56,55" hai1="43,37,57,25,73,9,116,96,126,0,128,41,5" hai2="52,105,36,32,110,22,94,47,34,134,63,4,58" hai3="45,132,119,2,66,127,121,102,27,35,124,83,75"/><T85/><D85/><U97/><BYE who="0" /><E116/><UN n0="%E8%B5%A4%E7%BE%8E%E6%BF%83%E3%81%BE%E3%81%90%E3%82%8D" /><V30/><F105/><W7/><G119/><T130/><D114/><U29/><E126/><V103/><F110/><W44/><G121/><T112/><D112/><U101/><E128/><V129/><F129/><W70/><G102/><T38/><D109/><U82/><E57/><V1/><F134/><W10/><G132/><T24/><D130/><U6/><E6/><V18/><F30/><N who="3" m="19935" /><G66/><T53/><D98/><U76/><E37/><V74/><F74/><W113/><G70/><T71/><D71/><U11/><E11/><V93/><F103/><W60/><G60/><N who="0" m="35855" /><D38/><U131/><E97/><V26/><F4/><W62/><G62/><T81/><AGARI ba="0,0" hai="13,15,16,20,24,46,49,55,81,84,88" m="35855" machi="81" ten="30,6000,0" yaku="8,1,54,2" doraHai="90" who="0" fromWho="0" sc="250,60,250,-20,250,-20,250,-20" /><INIT seed="0,1,0,0,3,59" ten="310,230,230,230" oya="0" hai0="16,67,38,89,88,120,134,20,42,111,133,112,93" hai1="51,1,86,27,98,96,43,78,49,4,11,87,123" hai2="52,68,60,8,75,34,6,92,82,69,41,125,62" hai3="39,45,126,104,90,37,30,118,135,32,74,102,19"/><T24/><D112/><U7/><E123/><V65/><F34/><W131/><G118/><T56/><D120/><U113/><E113/><V13/><F125/><W94/><G126/><T124/><D124/><U10/><E27/><V81/><F41/><W99/><G74/><T77/><D77/><U35/><E35/><V29/><F29/><W117/><G117/><T91/><D111/><U21/><E21/><V110/><F110/><W54/><G131/><T58/><D93/><U17/><E17/><V130/><F130/><W101/><G135/><N who="0" m="51723" /><D67/><U127/><E127/><V85/><F75/><W122/><G122/><T97/><D97/><U83/><E87/><V71/><F92/><W80/><G80/><T103/><D103/><U36/><E49/><V15/><F15/><W55/><G102/><T84/><D84/><U50/><E50/><V108/><F108/><W63/><G101/><T44/><AGARI ba="1,0" hai="16,20,24,38,42,44,56,58,88,89,91" m="51723" machi="44" ten="40,7800,0" yaku="20,1,54,2" doraHai="59" who="0" fromWho="0" sc="310,81,230,-27,230,-27,230,-27" /><INIT seed="0,2,0,4,1,64" ten="391,203,203,203" oya="0" hai0="100,57,15,1,88,65,6,63,95,8,59,91,105" hai1="27,83,7,49,9,21,61,35,58,90,62,82,46" hai2="126,84,30,68,118,98,47,11,134,16,43,71,24" hai3="89,25,129,55,22,86,60,81,125,48,45,117,44"/><T34/><D34/><U87/><E35/><V115/><F115/><W54/><G125/><T3/><D105/><U78/><E58/><V77/><F126/><W130/><G117/><T66/><D100/><U73/><E21/><V52/><F118/><W51/><REACH who="3" step="1"/><G60/><REACH who="3" ten="391,203,203,193" step="2"/><T39/><D39/><U26/><E62/><V33/><F134/><W116/><G116/><T104/><D63/><U23/><E61/><V113/><F113/><W80/><G80/><T107/><D66/><U10/><E23/><V40/><F40/><W124/><G124/><T122/><D65/><U28/><E10/><V133/><F133/><W70/><G70/><T37/><D122/><U42/><REACH who="1" step="1"/><E28/><AGARI ba="2,1" hai="22,25,28,44,45,48,51,54,55,81,86,89,129,130" machi="28" ten="40,2600,0" yaku="1,1,9,1,53,0" doraHai="64" doraHaiUra="108" who="3" fromWho="1" sc="391,0,203,-32,203,0,193,42" /><INIT seed="1,0,0,1,3,56" ten="391,171,203,235" oya="1" hai0="126,19,69,35,131,44,66,27,94,36,24,7,21" hai1="80,60,134,112,59,64,103,31,5,73,115,63,28" hai2="77,75,89,11,99,79,110,51,87,41,39,71,20" hai3="119,84,114,26,40,113,91,16,47,88,102,57,17"/><U111/><E5/><V125/><F39/><W90/><G119/><T76/><D126/><U123/><E123/><V8/><F125/><W97/><G84/><T6/><D131/><U105/><E134/><V120/><F120/><W78/><G78/><T70/><D76/><U3/><E3/><V106/><F110/><W117/><G117/><T18/><D94/><U128/><E128/><V98/><F71/><W0/><G0/><T12/><D35/><U122/><E122/><V61/><F79/><W116/><G116/><T118/><D118/><U9/><E111/><V93/><F99/><W65/><G26/><T81/><D81/><U25/><E9/><V130/><F130/><W82/><G82/><T124/><D124/><U15/><E15/><V32/><F32/><W29/><G29/><T49/><D36/><U121/><E31/><V127/><F127/><W37/><G114/><T48/><D66/><U104/><E121/><V50/><F20/><W129/><G129/><T72/><D72/><U101/><E80/><N who="2" m="45119" /><F61/><N who="1" m="23625" /><E59/><V83/><F83/><W62/><REACH who="3" step="1"/><G113/><REACH who="3" ten="391,171,203,225" step="2"/><N who="1" m="43594" /><E73/><V109/><F109/><W85/><G85/><T33/><D27/><U92/><E64/><V23/><F87/><W96/><G96/><T22/><D33/><U45/><E28/><V86/><F86/><W132/><G132/><T108/><D108/><U107/><E25/><V133/><F133/><W53/><G53/><T100/><D24/><U46/><E92/><AGARI ba="0,1" hai="16,17,37,40,47,57,62,65,88,90,91,92,97,102" machi="92" ten="40,8000,1" yaku="1,1,52,1,54,2,53,1" doraHai="56" doraHaiUra="55" who="3" fromWho="1" sc="391,0,171,-80,203,0,225,90" /><INIT seed="2,0,0,0,0,119" ten="391,91,203,315" oya="2" hai0="60,16,91,20,88,127,95,26,80,102,107,31,23" hai1="37,9,104,70,24,108,12,96,61,15,114,126,111" hai2="17,71,8,124,18,57,75,125,27,133,79,73,7" hai3="65,135,43,4,93,32,130,72,121,105,67,106,39"/><V56/><F71/><W68/><G72/><T50/><D107/><U48/><E114/><V83/><F75/><W34/><G130/><T35/><D127/><N who="2" m="48714" /><F133/><W86/><G135/><T76/><D35/><U134/><E37/><V112/><F112/><W40/><G4/><T81/><D60/><U77/><E126/><V49/><F27/><W123/><G86/><N who="0" m="48391" /><D81/><U47/><E77/><V99/><F99/><W1/><G93/><T74/><D74/><U78/><E78/><V82/><F82/><W45/><G1/><T38/><D38/><U21/><E134/><V115/><F115/><W129/><G129/><T90/><D50/><U92/><E104/><N who="3" m="40042" /><G65/><T25/><D102/><U28/><E61/><V63/><F49/><W54/><G54/><T94/><AGARI ba="0,0" hai="16,20,23,25,26,31,88,90,91,94,95" m="48391" machi="94" ten="30,4000,0" yaku="8,1,54,2" doraHai="119" who="0" fromWho="0" sc="391,40,91,-10,203,-20,315,-10" /><INIT seed="3,0,0,1,5,58" ten="431,81,183,305" oya="3" hai0="112,64,47,123,30,135,63,92,60,124,81,6,17" hai1="20,90,28,54,104,55,70,110,13,113,107,11,80" hai2="122,125,103,16,132,21,36,45,84,89,72,102,116" hai3="18,15,77,128,57,44,66,61,51,109,5,65,133"/><W97/><G128/><T7/><D123/><U71/><E110/><V108/><F116/><W22/><G133/><T34/><D124/><U96/><E113/><V43/><F72/><W73/><G109/><T48/><D112/><U32/><E32/><V62/><F108/><W10/><G73/><T12/><D135/><U85/><E28/><V26/><F125/><W130/><G130/><T37/><D37/><U42/><E20/><V3/><F3/><W33/><G33/><T120/><D120/><U1/><E42/><V131/><F131/><W83/><G97/><T75/><D34/><U76/><E1/><V127/><F127/><W119/><G119/><T91/><D30/><U117/><E117/><V74/><F74/><W31/><G31/><T4/><D64/><U93/><E104/><V24/><F132/><W59/><G66/><T129/><D75/><U27/><E27/><V38/><F38/><W52/><G83/><T23/><D81/><U25/><E25/><V68/><F26/><W41/><G77/><T126/><D126/><U87/><E107/><V50/><F36/><W99/><G99/><N who="0" m="57759" /><D129/><U39/><E39/><V114/><F122/><W121/><G121/><T29/><D29/><U134/><E134/><V35/><F35/><W118/><G118/><T106/><D106/><U8/><E8/><V94/><F114/><W115/><G115/><T2/><D2/><U98/><E70/><V101/><F68/><W69/><REACH who="3" step="1"/><G41/><AGARI ba="0,0" hai="4,6,7,12,17,23,41,47,48,60,63" m="57759" machi="41" ten="30,3900,0" yaku="8,1,52,2" doraHai="58" who="0" fromWho="3" sc="431,39,81,0,183,0,305,-39" /><INIT seed="4,0,0,2,1,70" ten="470,81,183,266" oya="0" hai0="41,51,2,130,113,61,116,103,126,95,55,53,107" hai1="91,74,101,75,44,85,72,97,39,22,64,134,27" hai2="82,78,60,112,67,54,94,79,88,76,63,57,114" hai3="32,36,84,9,105,59,48,25,98,3,135,83,43"/><T96/><D116/><U131/><E131/><V111/><F111/><W117/><G117/><T49/><D2/><U122/><E122/><V66/><F82/><W10/><G135/><T102/><D130/><U87/><E134/><V77/><N who="2" m="19456" /><DORA hai="12" /><V115/><REACH who="2" step="1"/><F63/><REACH who="2" ten="470,81,173,266" step="2"/><W4/><G83/><T38/><D61/><U104/><E64/><V108/><F108/><W20/><G3/><T129/><D129/><U21/><E91/><V123/><F123/><W100/><G100/><T29/><D102/><U7/><E7/><V40/><F40/><W50/><G43/><T124/><D41/><U42/><REACH who="1" step="1"/><E22/><REACH who="1" ten="470,71,173,266" step="2"/><V118/><F118/><W86/><G20/><T62/><D103/><U33/><E33/><V47/><F47/><W120/><G32/><T17/><D126/><U121/><E121/><V35/><F35/><W30/><G4/><T19/><D124/><U81/><E81/><V71/><F71/><W65/><G120/><T127/><D127/><U89/><E89/><V68/><F68/><W80/><G80/><T6/><D6/><U109/><E109/><V8/><F8/><W133/><G9/><T52/><D113/><U99/><E99/><AGARI ba="0,2" hai="54,57,60,66,67,88,94,99,112,114,115" m="19456" machi="99" ten="60,8000,1" yaku="1,1,15,1,54,1,53,2" doraHai="70,12" doraHaiUra="93,56" who="2" fromWho="1" sc="470,0,71,-80,173,100,266,0" owari="470,57.0,-9,-50.9,273,7.3,266,-13.4" /></mjloggm>