<mjloggm ver="2.3"><GO type="169" lobby="0"/><UN n0="%E4%B8%9E%E9%A3%9B" n1="%E8%A1%A8%E7%A4%BA%E4%BE%A1%E6%A0%BC%E3%82%88%E3%82%8A%E5%8D%8A%E9%A1%8D" n2="%E3%81%B3%E3%82%8A%E3%81%B3%E3%82%8A%E2%98%86%E3%83%93%E3%83%AA%E3%83%BC" n3="%E6%97%A5%E9%99%B0%E3%81%95%E3%82%93" dan="16,16,17,17" rate="2074.66,2087.39,2216.72,2211.96" sx="F,M,M,F"/><TAIKYOKU oya="0"/><INIT seed="0,0,0,0,0,74" ten="250,250,250,250" oya="0" hai0="122,87,90,16,97,39,18,92,30,120,70,22,80" hai1="13,54,100,6,35,40,37,52,50,31,133,20,128" hai2="7,62,115,2,61,1,112,95,111,82,25,43,14" hai3="105,107,46,99,27,0,64,102,23,118,127,65,42"/><T51/><D39/><U63/><E133/><V124/><F111/><W60/><G118/><T4/><D70/><U126/><E126/><V10/><F124/><W129/><G127/><T59/><D4/><U131/><E100/><V72/><F2/><W21/><G0/><T11/><D30/><U125/><E125/><V91/><F25/><W96/><G129/><N who="1" m="49738" /><E37/><V58/><F43/><W38/><G64/><T53/><D18/><N who="1" m="10319" /><E63/><V26/><F62/><W98/><G23/><T119/><D119/><U19/><E6/><V76/><F26/><W130/><G107/><T81/><D11/><U36/><E36/><V3/><F3/><W34/><G130/><T32/><D32/><U110/><E110/><V132/><F132/><W45/><G45/><T109/><D109/><U47/><E31/><V24/><F24/><W94/><G34/><T71/><D71/><U121/><E35/><V75/><F1/><W85/><G85/><T68/><D68/><U101/><E101/><V113/><F75/><W66/><G66/><T77/><REACH who="0" step="1"/><D81/><REACH who="0" ten="240,250,250,250" step="2"/><U134/><E134/><V67/><REACH who="2" step="1"/><F113/><REACH who="2" ten="240,250,240,250" step="2"/><W93/><G105/><T8/><D8/><U44/><E19/><V106/><F106/><W48/><G38/><T12/><AGARI ba="0,2" hai="12,16,22,51,53,59,77,80,87,90,92,97,120,122" machi="12" ten="20,18000,2" yaku="1,1,0,1,7,1,52,1,54,1,53,1" doraHai="74" doraHaiUra="49" who="0" fromWho="0" sc="240,200,250,-60,240,-60,250,-60" /><INIT seed="0,1,0,3,2,12" ten="440,190,180,190" oya="0" hai0="36,2,127,59,102,30,129,75,48,73,19,105,55" hai1="97,111,86,120,40,35,71,52,85,131,32,64,130" hai2="51,11,125,9,26,118,123,3,31,42,39,17,79" hai3="77,62,74,132,60,89,47,13,101,93,110,106,109"/><T80/><D127/><U18/><E120/><V83/><F123/><W135/><G47/><T112/><D129/><N who="1" m="49163" /><E111/><N who="3" m="42506" /><G13/><T87/><D48/><U66/><E40/><V67/><F125/><W69/><G69/><T96/><D36/><U24/><E97/><V43/><F118/><W21/><G21/><T16/><D2/><U113/><E113/><V23/><F39/><W1/><G1/><T25/><D112/><U103/><E103/><V91/><F91/><W100/><G60/><T65/><D65/><U6/><E6/><V44/><F67/><N who="1" m="25641" /><E71/><V104/><F104/><W29/><G62/><T81/><D55/><U119/><E119/><V88/><F3/><W128/><G29/><T90/><D59/><U7/><E7/><V115/><F115/><W122/><G122/><T126/><D126/><U70/><E70/><V98/><F43/><W45/><G45/><T82/><D73/><U53/><E35/><V95/><F31/><W107/><G128/><T54/><D54/><N who="1" m="21099" /><E32/><V10/><REACH who="2" step="1"/><F11/><REACH who="2" ten="440,190,170,190" step="2"/><W116/><G116/><T114/><D114/><U14/><E24/><V133/><F133/><N who="3" m="51275" /><G106/><T5/><D105/><U34/><E34/><V41/><F41/><W76/><G107/><T58/><D102/><N who="3" m="39529" /><G74/><AGARI ba="1,1" hai="9,10,17,23,26,42,44,51,74,79,83,88,95,98" machi="74" ten="30,8000,1" yaku="1,1,7,1,52,1,54,1,53,1" doraHai="12" doraHaiUra="84" who="2" fromWho="3" sc="440,0,190,0,170,93,190,-83" /><INIT seed="1,0,0,0,4,119" ten="440,190,263,107" oya="1" hai0="104,9,114,132,0,100,50,17,88,76,14,5,46" hai1="123,67,24,91,118,69,34,79,116,48,41,71,86" hai2="107,112,43,90,56,15,111,125,122,58,75,62,73" hai3="6,77,35,7,81,30,65,128,8,133,80,115,42"/><U16/><E67/><V37/><F107/><W106/><G115/><T61/><D114/><U78/><E34/><V93/><F112/><W134/><G106/><T19/><D132/><N who="3" m="50793" /><G128/><T49/><D76/><U25/><E41/><V4/><F111/><W21/><G35/><T120/><D120/><U11/><E48/><V51/><F125/><W38/><G65/><T36/><D36/><U131/><E131/><V87/><F122/><W94/><G94/><T13/><D100/><U20/><E11/><V31/><F31/><W44/><G77/><T12/><D104/><U103/><E103/><V28/><F28/><W109/><G109/><T64/><D88/><U53/><E53/><V82/><F37/><W63/><G63/><T105/><D105/><U98/><E98/><V33/><F33/><W54/><G54/><T18/><REACH who="0" step="1"/><D46/><REACH who="0" ten="430,190,263,107" step="2"/><U57/><E123/><V1/><F90/><W59/><G44/><T130/><D130/><U47/><E47/><V52/><F93/><W68/><G38/><T74/><D74/><U40/><E79/><V113/><F75/><W26/><G80/><T117/><D117/><U96/><E78/><V102/><F73/><W27/><G81/><T83/><D83/><U66/><E118/><V135/><F102/><W55/><G68/><AGARI ba="0,1" hai="0,5,9,12,13,14,17,18,19,49,50,61,64,68" machi="68" ten="40,1300,0" yaku="1,1,53,0" doraHai="119" doraHaiUra="97" who="0" fromWho="3" sc="430,23,190,0,263,0,107,-13" /><INIT seed="2,0,0,0,2,71" ten="453,190,263,94" oya="2" hai0="65,9,96,28,47,56,55,37,38,85,4,133,6" hai1="34,106,120,127,19,68,8,73,10,126,90,75,83" hai2="95,79,51,105,22,109,43,48,134,53,70,131,62" hai3="67,93,13,42,135,104,110,80,84,11,29,69,76"/><V27/><F105/><W66/><G104/><T12/><D133/><U112/><E106/><V108/><F134/><W1/><G135/><T35/><D96/><U72/><E68/><V49/><F131/><W57/><G110/><N who="2" m="42601" /><F79/><W39/><G69/><T122/><D4/><U102/><E112/><V64/><F95/><W113/><G113/><T21/><D35/><U40/><E34/><V61/><F43/><W114/><G114/><T45/><D65/><U77/><E40/><V82/><F82/><W100/><G29/><T46/><D122/><U78/><E120/><V50/><F22/><W54/><G1/><T81/><D21/><U7/><E102/><V16/><F16/><W130/><G130/><T14/><D14/><U59/><E19/><V31/><F27/><W3/><G3/><T125/><D125/><N who="1" m="47627" /><E7/><V117/><F31/><W128/><G128/><T52/><D28/><U30/><E30/><V97/><F97/><W32/><G32/><T2/><D2/><U25/><E25/><V94/><F94/><W132/><G132/><T111/><D111/><U124/><E59/><N who="2" m="33191" /><F62/><N who="3" m="36151" /><G93/><T44/><N who="0" m="11264" /><DORA hai="33" /><T98/><D98/><U0/><E0/><V107/><F107/><W5/><G100/><T88/><REACH who="0" step="1"/><D55/><REACH who="0" ten="443,190,263,94" step="2"/><U119/><E124/><V17/><F17/><W91/><G5/><T24/><D24/><U92/><E8/><V20/><F20/><W63/><G11/><T118/><D118/><AGARI ba="0,1" hai="49,50,51,61,64,70,117,118" m="33191,42601" machi="118" ten="30,11600,0" yaku="14,1,10,1,34,2" doraHai="71,33" who="2" fromWho="0" sc="443,-116,190,0,263,126,94,0" /><INIT seed="2,1,0,2,5,71" ten="327,190,389,94" oya="2" hai0="78,114,12,115,103,88,85,42,35,6,9,60,45" hai1="84,76,99,64,69,95,40,13,0,41,65,17,123" hai2="75,52,57,110,21,43,113,97,16,132,5,131,20" hai3="107,111,102,63,66,18,29,34,74,62,130,92,120"/><V38/><F113/><W81/><G120/><T121/><D35/><U19/><E0/><V36/><F75/><W27/><G111/><T112/><D121/><U4/><E123/><V3/><F110/><W91/><G130/><T68/><D103/><U96/><E69/><V72/><F72/><W49/><G18/><T7/><D78/><U125/><E76/><V90/><F131/><W122/><G122/><T109/><D109/><U87/><E95/><V82/><F132/><W124/><G124/><T53/><D6/><U1/><E1/><V134/><F134/><W94/><G107/><T46/><D42/><U24/><E24/><V70/><F70/><W73/><G102/><T80/><REACH who="0" step="1"/><D53/><REACH who="0" ten="317,190,389,94" step="2"/><U101/><E4/><V129/><F43/><W67/><G34/><T100/><D100/><U133/><E133/><V117/><F5/><W50/><G91/><T105/><D105/><U26/><E101/><V58/><F52/><W119/><G73/><T25/><D25/><U116/><E26/><V14/><F90/><W55/><G74/><T11/><D11/><U44/><E65/><AGARI ba="1,1" hai="7,9,12,45,46,60,65,68,80,85,88,112,114,115" machi="65" ten="40,2600,0" yaku="1,1,54,1,53,0" doraHai="71" doraHaiUra="128" who="0" fromWho="1" sc="317,39,190,-29,389,0,94,0" /><INIT seed="3,0,0,5,0,41" ten="356,161,389,94" oya="3" hai0="7,16,6,97,66,10,30,65,112,102,82,32,113" hai1="62,59,128,27,25,120,67,96,3,48,129,71,127" hai2="91,130,52,49,58,76,132,126,28,124,70,84,90" hai3="8,131,12,77,1,15,116,24,104,53,37,125,86"/><W101/><G116/><T68/><D32/><U87/><E3/><V13/><F70/><W98/><G131/><N who="1" m="50250" /><E120/><V57/><F130/><W79/><G125/><N who="2" m="48233" /><F132/><W45/><G24/><T99/><D30/><U72/><E72/><V61/><F28/><W21/><G21/><T51/><D82/><U74/><E74/><V19/><F76/><W39/><G39/><T123/><D123/><U73/><E73/><V111/><F111/><W83/><G79/><T75/><D75/><U81/><E127/><V40/><F84/><W20/><G20/><T33/><D33/><U100/><E48/><V29/><F29/><W36/><G36/><T60/><D66/><U42/><E42/><V119/><F119/><W34/><G34/><T43/><D99/><U89/><E71/><V94/><F94/><AGARI ba="0,0" hai="25,27,59,62,67,81,87,89,94,96,100" m="50250" machi="94" ten="30,1000,0" yaku="19,1" doraHai="41" who="1" fromWho="2" sc="356,0,161,10,389,-10,94,0" /><INIT seed="4,0,0,2,4,132" ten="356,171,379,94" oya="0" hai0="62,59,79,78,56,96,97,128,88,38,120,6,114" hai1="26,39,35,74,131,104,14,129,24,122,82,25,81" hai2="126,51,32,23,4,54,73,100,94,93,19,107,124" hai3="29,101,52,70,121,30,106,86,55,85,117,27,92"/><T60/><D38/><U17/><E39/><V12/><F32/><W83/><G117/><T102/><D120/><U7/><E122/><V123/><F123/><W119/><G121/><T125/><D114/><U87/><E104/><V58/><F73/><W84/><G119/><T22/><D128/><U5/><E74/><V13/><F107/><W20/><G70/><T66/><D6/><U67/><E67/><V98/><REACH who="2" step="1"/><F93/><REACH who="2" ten="356,171,369,94" step="2"/><W89/><G106/><T99/><D125/><U118/><E35/><V50/><F50/><W108/><G108/><T130/><D130/><N who="1" m="49675" /><E118/><V112/><F112/><W36/><G36/><T44/><D60/><U34/><E34/><V75/><F75/><W42/><G92/><T48/><D102/><U68/><E82/><V116/><F116/><W31/><G101/><T127/><D127/><U103/><E103/><V21/><F21/><W72/><G72/><T15/><D22/><N who="1" m="11575" /><E68/><V110/><F110/><W11/><G83/><T45/><D62/><U65/><E65/><V69/><F69/><W95/><G95/><T10/><D66/><U80/><E80/><V28/><F28/><W37/><G11/><AGARI ba="0,1" hai="4,11,12,13,19,23,51,54,58,94,98,100,124,126" machi="11" ten="40,8000,1" yaku="1,1,52,2,53,1" doraHai="132" doraHaiUra="0" who="2" fromWho="3" sc="356,0,171,0,369,90,94,-80" /><INIT seed="5,0,0,2,0,131" ten="356,171,459,14" oya="1" hai0="37,73,14,118,39,72,89,80,132,19,104,100,97" hai1="85,29,71,35,27,2,3,91,48,70,26,75,50" hai2="120,7,106,59,78,64,62,30,92,17,82,47,11" hai3="96,88,121,103,54,66,110,105,53,38,21,129,130"/><U22/><E75/><V114/><F120/><W81/><G121/><T58/><D118/><U34/><E85/><V133/><F133/><W15/><G110/><T115/><D115/><U111/><E111/><V23/><F106/><W107/><G38/><T31/><D31/><U0/><E91/><V74/><F114/><W123/><G123/><T44/><D132/><U93/><E93/><V94/><F30/><W98/><G66/><T4/><D4/><U5/><E5/><V61/><F47/><W79/><G15/><T69/><D69/><N who="1" m="26123" /><E29/><V49/><F49/><N who="1" m="19049" /><E22/><V101/><F62/><W52/><G21/><T28/><D72/><U41/><E41/><V45/><F101/><W77/><G88/><T95/><D28/><U6/><E6/><V36/><F23/><W68/><G68/><T57/><D73/><U116/><E116/><V24/><F24/><AGARI ba="0,0" hai="0,2,3,24,26,27,34,35" m="19049,26123" machi="24" ten="40,3900,0" yaku="28,2" doraHai="131" who="1" fromWho="2" sc="356,0,171,39,459,-39,14,0" /><INIT seed="5,1,0,0,1,130" ten="356,210,420,14" oya="1" hai0="29,133,62,121,22,124,40,57,9,43,44,68,17" hai1="16,53,89,73,127,25,64,118,28,105,12,13,119" hai2="100,78,114,3,112,95,33,55,86,54,82,92,60" hai3="66,122,41,108,77,59,26,21,129,30,106,45,126"/><U15/><E105/><V75/><F33/><W88/><G122/><T71/><D124/><U103/><E103/><V31/><F3/><W39/><G108/><T125/><D125/><U42/><E73/><V81/><F31/><W107/><G126/><T110/><D110/><U90/><E127/><V4/><F4/><W7/><G129/><T8/><D29/><U79/><E79/><V58/><F55/><W76/><G7/><T94/><D121/><U117/><E64/><V98/><F95/><W123/><G123/><T115/><D115/><N who="2" m="44074" /><F82/><W131/><G131/><T116/><D40/><U32/><E42/><V97/><F98/><W18/><G106/><T101/><D116/><U132/><E53/><V47/><F47/><W87/><G107/><T120/><D71/><U102/><E102/><V83/><F83/><W109/><G109/><T84/><D68/><U49/><E49/><V99/><F99/><W69/><G69/><T72/><D72/><AGARI ba="1,0" hai="54,58,60,72,75,78,81,86,92,97,100" m="44074" machi="72" ten="30,2000,0" yaku="15,1,11,1" doraHai="130" who="2" fromWho="0" sc="356,-23,210,0,420,23,14,0" /><INIT seed="6,0,0,5,1,118" ten="333,210,443,14" oya="2" hai0="8,50,130,47,115,12,5,94,107,6,73,70,105" hai1="9,69,129,133,79,30,116,29,65,25,43,82,134" hai2="111,68,117,58,45,64,95,106,98,10,31,48,49" hai3="80,51,24,28,112,100,84,13,0,119,18,131,86"/><V3/><F117/><W19/><G119/><T123/><D70/><U41/><E116/><V135/><F106/><W26/><G0/><T4/><D73/><U91/><E129/><V27/><F135/><N who="1" m="51721" /><E9/><V22/><F68/><W114/><G131/><T89/><D130/><U14/><E14/><V32/><F111/><W113/><G100/><T88/><D115/><U62/><E91/><V66/><F32/><W77/><G51/><T72/><D72/><N who="1" m="43367" /><E30/><V85/><F85/><W127/><G127/><T126/><D126/><U42/><E42/><V38/><F38/><W1/><G1/><T76/><D76/><U87/><E87/><V92/><F10/><W74/><G26/><T132/><D89/><U75/><E75/><V46/><F3/><W83/><G13/><T101/><D101/><U56/><E69/><V122/><F31/><W103/><G103/><T128/><D107/><U71/><E71/><V102/><F27/><W16/><REACH who="3" step="1"/><G83/><REACH who="3" ten="333,210,443,4" step="2"/><T99/><D128/><U52/><E65/><V36/><F64/><W60/><G60/><T61/><D61/><U110/><E110/><V125/><F66/><W54/><G54/><N who="0" m="30047" /><D132/><U21/><AGARI ba="0,1" hai="21,25,29,41,43,52,56,62" m="43367,51721" machi="21" ten="30,2000,0" yaku="20,1,54,1" doraHai="118" who="1" fromWho="1" sc="333,-5,210,30,443,-10,4,-5" owari="328,12.8,240,-16.0,433,53.3,-1,-50.1" /></mjloggm>