<mjloggm ver="2.3"><GO type="169" lobby="0"/><UN n0="%E3%81%95%E3%81%8F%E3%82%88%E3%81%93%E3%81%A1%E3%82%83%E3%82%93" n1="%E7%99%BE%E9%87%8E%E3%81%95%E3%82%93" n2="%E3%80%90%E3%83%A1%E3%82%BF%E3%83%A9%E3%83%BC%E3%80%91" n3="%64%69%76%61" dan="16,17,17,16" rate="2058.93,2200.02,2137.97,2052.28" sx="M,M,M,M"/><TAIKYOKU oya="0"/><INIT seed="0,0,0,3,2,48" ten="250,250,250,250" oya="0" hai0="32,45,8,99,52,118,71,83,19,76,80,119,84" hai1="18,89,7,46,81,3,42,15,21,66,67,53,61" hai2="101,125,29,114,106,43,35,62,39,59,88,12,1" hai3="132,37,131,63,104,85,86,113,41,36,115,50,133"/><T126/><D126/><U30/><E30/><V130/><F114/><W70/><G104/><T103/><D71/><U5/><E3/><V97/><F1/><W64/><G131/><T25/><D32/><U112/><E112/><N who="3" m="43082" /><G85/><T0/><D25/><U6/><E61/><V14/><F125/><W100/><G100/><T93/><D83/><U107/><E107/><V17/><F14/><W79/><G79/><T75/><D75/><U20/><E20/><V109/><F109/><W55/><G41/><T9/><D19/><U73/><E73/><V120/><F120/><W102/><G102/><T94/><D94/><U129/><E129/><V77/><F77/><W44/><G86/><T47/><D47/><U2/><E2/><V116/><F116/><W54/><G54/><T123/><D123/><U65/><E42/><V74/><F74/><W134/><AGARI ba="0,0" hai="36,37,44,50,55,63,64,70,132,133,134" m="43082" machi="134" ten="40,8000,1" yaku="20,1,34,2,52,1" doraHai="48" who="3" fromWho="3" sc="250,-40,250,-20,250,-20,250,80" /><INIT seed="1,0,0,0,5,93" ten="210,230,230,330" oya="1" hai0="28,53,24,44,8,43,87,123,66,73,70,9,27" hai1="61,75,89,10,133,119,35,5,128,6,26,3,17" hai2="48,69,77,31,20,110,85,29,7,125,37,49,86" hai3="135,95,118,64,104,113,54,46,18,47,124,79,65"/><U30/><E119/><V105/><F110/><W130/><G113/><T108/><D73/><U62/><E75/><V23/><F125/><W1/><G1/><T34/><D108/><U16/><E133/><V96/><F69/><W98/><G104/><T50/><D123/><U11/><E128/><V88/><F37/><W91/><G118/><T111/><D111/><U19/><REACH who="1" step="1"/><E89/><REACH who="1" ten="210,220,230,330" step="2"/><V109/><F109/><W103/><G130/><T71/><D71/><U15/><AGARI ba="0,1" hai="3,5,6,10,11,15,16,17,19,26,30,35,61,62" machi="15" ten="30,11700,0" yaku="1,1,2,1,0,1,54,1,53,0" doraHai="93" doraHaiUra="40" who="1" fromWho="1" sc="210,-39,220,127,230,-39,330,-39" /><INIT seed="1,1,0,5,1,126" ten="171,347,191,291" oya="1" hai0="17,86,100,82,118,47,81,87,79,21,49,57,8" hai1="120,4,98,122,68,50,53,93,99,54,97,42,62" hai2="96,134,11,71,58,52,119,91,78,55,51,75,10" hai3="115,19,43,60,112,28,63,32,132,67,20,25,125"/><U114/><E114/><V30/><F119/><W23/><G125/><T9/><D57/><U80/><E42/><V123/><F123/><W103/><G132/><T65/><D65/><U70/><E4/><V1/><F134/><W16/><G103/><T33/><D33/><U111/><E111/><V95/><F71/><W110/><G110/><T83/><D100/><U2/><E2/><V7/><F30/><W35/><G43/><T116/><D116/><U85/><E93/><V64/><F11/><W117/><G117/><T31/><D31/><U59/><E70/><V34/><F34/><W102/><G102/><T135/><D135/><U13/><E13/><V14/><F1/><W41/><G41/><T88/><D83/><U84/><E84/><V128/><F128/><W73/><G28/><T0/><D0/><U90/><REACH who="1" step="1"/><E68/><REACH who="1" ten="171,337,191,291" step="2"/><V124/><F124/><W105/><G105/><T37/><D118/><U76/><E76/><V6/><F7/><W12/><G12/><N who="0" m="9383" /><D37/><U27/><E27/><V46/><F78/><W40/><G40/><AGARI ba="1,1" hai="8,9,40,47,49,79,81,82,86,87,88" m="9383" machi="40" ten="30,2000,0" yaku="8,1,54,1" doraHai="126" who="0" fromWho="3" sc="171,33,337,0,191,0,291,-23" /><INIT seed="2,0,0,0,1,65" ten="204,337,191,268" oya="2" hai0="120,135,7,21,92,43,22,59,90,124,9,41,40" hai1="47,15,130,128,99,1,116,118,66,127,123,52,100" hai2="10,5,121,76,133,86,101,64,81,122,68,44,129" hai3="34,4,108,12,11,27,74,93,88,82,53,17,38"/><V114/><F114/><W119/><G119/><T26/><D120/><U48/><E1/><V16/><F129/><N who="1" m="49769" /><E123/><V111/><F133/><W56/><G38/><T14/><D135/><U57/><E127/><V50/><F111/><W0/><G108/><T80/><D124/><U132/><E132/><V2/><F101/><W112/><G112/><T58/><D80/><U35/><E35/><V8/><F8/><W20/><G82/><T18/><REACH who="0" step="1"/><D22/><REACH who="0" ten="194,337,191,268" step="2"/><U42/><E118/><V87/><F87/><AGARI ba="0,1" hai="7,9,14,18,21,26,40,41,43,58,59,87,90,92" machi="87" ten="40,5200,0" yaku="1,1,2,1,8,1,53,0" doraHai="65" doraHaiUra="32" who="0" fromWho="2" sc="194,62,337,0,191,-52,268,0" /><INIT seed="3,0,0,0,4,85" ten="256,337,139,268" oya="3" hai0="101,98,15,54,125,69,56,20,126,47,96,18,97" hai1="113,13,109,119,36,94,21,33,88,133,92,100,26" hai2="75,127,64,131,14,28,108,116,82,73,122,57,93" hai3="61,104,90,134,78,6,107,91,132,40,30,110,0"/><W49/><G0/><T72/><D72/><U17/><E113/><V31/><F116/><W102/><G6/><T68/><D47/><U81/><E36/><V106/><F106/><W103/><G61/><T44/><D44/><U76/><E119/><V130/><F14/><W2/><G2/><T84/><D101/><N who="3" m="38409" /><G40/><T12/><D84/><N who="1" m="48167" /><E33/><V99/><F122/><W105/><G30/><T5/><D12/><U60/><E133/><N who="3" m="51306" /><G49/><N who="0" m="30799" /><D5/><U25/><E109/><V3/><F108/><W22/><G110/><T123/><D123/><U67/><E100/><V7/><F7/><W128/><G78/><T74/><D74/><U62/><E94/><V48/><F3/><W37/><G37/><T83/><D68/><U87/><E67/><V124/><F64/><W79/><G79/><T39/><D69/><U42/><E42/><V52/><F31/><W115/><G115/><T86/><D39/><U80/><E92/><V118/><F28/><W112/><G112/><T50/><D50/><U95/><E95/><V121/><F118/><W46/><G46/><T114/><D114/><U16/><E26/><V1/><F121/><W63/><G63/><T10/><D10/><AGARI ba="0,0" hai="10,13,16,17,21,25,60,62,80,87,88" m="48167" machi="10" ten="30,7700,0" yaku="8,1,52,1,54,2" doraHai="85" who="1" fromWho="0" sc="256,-77,337,77,139,0,268,0" /><INIT seed="4,0,0,3,3,0" ten="179,414,139,268" oya="0" hai0="75,91,21,27,98,78,97,5,61,71,87,29,105" hai1="38,50,58,128,86,31,107,93,132,46,7,83,82" hai2="123,32,47,92,85,34,23,116,45,49,26,102,54" hai3="134,4,53,115,10,127,68,70,77,79,11,89,96"/><T12/><D105/><U108/><E107/><V66/><F123/><W111/><G111/><T24/><D75/><U57/><E108/><V112/><F112/><W84/><G115/><T122/><D122/><U17/><E38/><V3/><F116/><W67/><G134/><T52/><D78/><U20/><E31/><V42/><F3/><W56/><G67/><T80/><D71/><U121/><E121/><V125/><F125/><W69/><G127/><T36/><D36/><U13/><E132/><V55/><F66/><W135/><G96/><T9/><D27/><U63/><E128/><V81/><F92/><W62/><G11/><T65/><D65/><U88/><E7/><V18/><F102/><W51/><G62/><T40/><D40/><U33/><E33/><V19/><F19/><W103/><G103/><T44/><D44/><U37/><E37/><V124/><F124/><W14/><REACH who="3" step="1"/><G135/><REACH who="3" ten="179,414,139,258" step="2"/><T99/><REACH who="0" step="1"/><D98/><REACH who="0" ten="169,414,139,258" step="2"/><U35/><E46/><V39/><REACH who="2" step="1"/><F55/><REACH who="2" ten="169,414,129,258" step="2"/><W106/><G106/><T41/><D41/><U113/><E113/><V101/><F101/><W48/><G48/><T73/><D73/><U74/><E74/><V100/><F100/><W109/><G109/><T133/><D133/><U60/><E50/><V8/><F8/><W110/><G110/><T119/><D119/><U22/><E60/><V72/><F72/><W118/><G118/><T2/><D2/><U94/><E63/><V59/><F59/><AGARI ba="0,3" hai="5,9,12,21,24,29,52,59,61,80,87,91,97,99" machi="59" ten="40,12000,1" yaku="1,1,8,1,52,1,54,1,53,0" doraHai="0" doraHaiUra="30" who="0" fromWho="2" sc="169,150,414,0,129,-120,258,0" /><INIT seed="4,1,0,2,0,101" ten="319,414,9,258" oya="0" hai0="15,71,90,103,129,94,107,5,12,13,112,30,133" hai1="88,95,42,14,75,97,60,115,119,83,1,64,135" hai2="102,84,4,76,29,122,6,0,131,123,132,96,54" hai3="37,20,27,49,91,46,110,65,10,114,80,17,8"/><T126/><D112/><U25/><E119/><V43/><F43/><W134/><G110/><T106/><D71/><U57/><E1/><V93/><F0/><W26/><G134/><T124/><D133/><U9/><E135/><V109/><F109/><W105/><G114/><T19/><D129/><U2/><E115/><V69/><F69/><W11/><G37/><T79/><D79/><U31/><E2/><V41/><F132/><W121/><G121/><T52/><D30/><U67/><E42/><V120/><F131/><W35/><G35/><T89/><D5/><U38/><E38/><V92/><F41/><W55/><G65/><T53/><D19/><U59/><E75/><V81/><F29/><W111/><G111/><T82/><D82/><U78/><E83/><V86/><F54/><N who="0" m="21098" /><D103/><U58/><E78/><V45/><F45/><W28/><G28/><T73/><D73/><U127/><E64/><V74/><F6/><W34/><G34/><T3/><D3/><U85/><E67/><V117/><F4/><W33/><G33/><T50/><D50/><U113/><E60/><V18/><F18/><W118/><G118/><T47/><D47/><U87/><E113/><V62/><F62/><W48/><G48/><T39/><D39/><U23/><E127/><N who="0" m="48681" /><D90/><U22/><E22/><V61/><F61/><W70/><G70/><T36/><D36/><U72/><E72/><V24/><F117/><W99/><G91/><T63/><D63/><U128/><E128/><V66/><F66/><W40/><G40/><T125/><N who="0" m="48689" /><T51/><DORA hai="56" /><D51/><U32/><E32/><RYUUKYOKU ba="1,0" sc="319,15,414,15,9,-15,258,-15" hai0="12,13,15,89,94,106,107" hai1="9,14,23,25,31,57,58,59,85,87,88,95,97" owari="334,13.4,429,52.9,-6,-50.6,243,-15.7" /></mjloggm>