<mjloggm ver="2.3"><GO type="169" lobby="0"/><UN n0="%E8%B5%A4%E7%BE%8E%E6%BF%83%E3%81%BE%E3%81%90%E3%82%8D" n1="%E3%81%AD%E3%82%93%E3%81%9B%E3%81%84%E3%81%8B%E3%81%84" n2="%E4%B8%80%E8%93%AE%E5%B3%BB%E6%BD%A4" n3="%E3%82%BC%E3%83%B3%E3%83%84%E3%83%9E%E3%82%B7%E3%83%BC%E3%83%B3" dan="17,16,17,16" rate="2213.27,2131.91,2193.42,2139.24" sx="M,M,M,M"/><TAIKYOKU oya="0"/><INIT seed="0,0,0,0,3,23" ten="250,250,250,250" oya="0" hai0="34,104,126,56,121,131,47,100,119,99,39,97,114" hai1="37,11,57,75,9,74,5,52,66,134,130,1,95" hai2="32,111,83,27,13,85,61,92,80,84,118,106,101" hai3="94,107,22,82,108,14,55,42,51,109,124,86,64"/><T65/><D119/><U49/><E134/><V58/><F118/><W128/><G107/><T132/><D114/><U26/><E130/><V19/><F106/><W120/><G128/><T113/><D113/><U122/><E122/><V17/><F111/><N who="3" m="42571" /><G64/><T36/><D121/><U78/><E37/><V53/><F101/><W8/><G94/><T18/><D34/><U20/><E78/><V25/><F92/><W133/><G42/><T30/><D30/><U6/><E66/><V46/><F32/><W73/><G73/><T112/><D97/><U38/><E38/><V68/><F68/><W87/><G120/><T88/><D112/><U16/><E95/><V40/><F84/><W77/><G124/><T3/><D3/><AGARI ba="0,0" hai="1,3,5,6,9,11,16,20,26,49,52,57,74,75" machi="3" ten="30,8000,1" yaku="7,1,9,1,52,1,54,2" doraHai="23" who="1" fromWho="0" sc="250,-80,250,80,250,0,250,0" /><INIT seed="1,0,0,4,5,112" ten="170,330,250,250" oya="1" hai0="79,111,34,116,3,66,10,32,76,77,102,103,106" hai1="80,58,15,2,53,16,42,22,46,75,63,135,35" hai2="117,134,48,40,87,11,93,105,52,47,104,41,124" hai3="45,132,55,69,107,36,67,19,90,100,68,123,0"/><U114/><E114/><V70/><F70/><W7/><G123/><T101/><D106/><U85/><E135/><V27/><F134/><W72/><G72/><T24/><D66/><U113/><E113/><V99/><F124/><W83/><G132/><T98/><D98/><U65/><E35/><V126/><F126/><W6/><G19/><T38/><D38/><U122/><E2/><V110/><F110/><W81/><G55/><T56/><D111/><U129/><E129/><V13/><F117/><W127/><G127/><T121/><D121/><U115/><E115/><V8/><F105/><W49/><G36/><T131/><D131/><U84/><E122/><V4/><F104/><W33/><G33/><T39/><D39/><U44/><E44/><V30/><F87/><W60/><G69/><T62/><D24/><U61/><E75/><V43/><F11/><W20/><G20/><T23/><D23/><U17/><E17/><V96/><REACH who="2" step="1"/><F93/><REACH who="2" ten="170,330,240,250" step="2"/><W18/><G107/><T74/><D116/><U50/><E80/><V57/><F57/><AGARI ba="0,1" hai="15,16,22,42,46,50,53,57,58,61,63,65,84,85" machi="57" ten="30,5800,0" yaku="7,1,8,1,54,1" doraHai="112" who="1" fromWho="2" sc="170,0,330,68,240,-58,250,0" /><INIT seed="1,1,0,5,5,1" ten="170,398,182,250" oya="1" hai0="12,2,29,93,132,34,38,18,13,47,89,57,0" hai1="20,9,60,102,6,14,101,125,19,131,25,79,112" hai2="58,110,35,45,4,90,117,49,107,56,37,43,52" hai3="103,54,105,118,119,86,116,108,80,99,51,88,40"/><U3/><E125/><V31/><F107/><W98/><G108/><T27/><D132/><U5/><E131/><V16/><F110/><W96/><REACH who="3" step="1"/><G40/><REACH who="3" ten="170,398,182,240" step="2"/><T83/><D83/><U82/><E112/><V124/><F124/><W26/><G26/><T44/><D27/><U69/><E25/><V106/><F43/><W109/><G109/><T114/><D114/><U134/><E134/><V113/><F113/><W74/><G74/><T127/><D127/><U50/><E50/><V128/><F49/><W91/><G91/><T8/><D89/><U23/><E102/><V78/><F90/><W121/><G121/><T62/><D38/><U126/><E101/><V24/><F37/><W73/><G73/><T122/><D122/><U115/><E115/><V7/><F24/><W41/><G41/><T63/><D63/><U87/><E126/><V120/><F120/><W33/><G33/><T28/><D62/><U64/><REACH who="1" step="1"/><E3/><REACH who="1" ten="170,388,182,240" step="2"/><V111/><F111/><W84/><G84/><T92/><D0/><U77/><E77/><V15/><F78/><W81/><G81/><T97/><D2/><U36/><E36/><V67/><F35/><W104/><G104/><T59/><D34/><U30/><E30/><V68/><F31/><W61/><G61/><T85/><D28/><U66/><E66/><V94/><F67/><W123/><G123/><T72/><D29/><U22/><AGARI ba="1,2" hai="5,6,9,14,19,20,22,23,60,64,69,79,82,87" machi="22" ten="30,11700,0" yaku="1,1,0,1,52,2,53,0" doraHai="1" doraHaiUra="39" who="1" fromWho="1" sc="170,-40,388,140,182,-40,240,-40" /><INIT seed="1,2,0,0,2,83" ten="130,528,142,200" oya="1" hai0="105,117,76,26,67,85,66,8,130,1,10,96,89" hai1="7,29,56,42,55,109,128,34,2,9,97,88,111" hai2="77,120,94,6,61,16,114,124,33,123,17,106,53" hai3="99,121,79,48,47,0,103,74,44,3,58,75,30"/><U73/><E73/><V54/><F106/><W50/><G121/><T115/><D117/><U71/><E71/><V108/><F33/><W116/><G116/><T28/><D115/><U98/><E42/><V21/><F114/><W18/><G30/><T13/><D1/><U38/><E38/><V95/><F6/><W40/><G58/><T45/><D130/><U107/><E128/><V91/><F77/><W72/><G79/><T70/><D76/><U20/><E34/><V59/><F108/><N who="1" m="41545" /><E107/><V135/><F135/><W14/><G99/><T64/><D70/><U92/><E20/><V46/><F124/><W93/><G93/><T51/><D105/><U129/><E29/><V31/><F95/><W32/><G32/><T25/><D96/><N who="1" m="57351" /><E129/><V39/><F31/><W127/><G127/><T102/><D28/><U63/><AGARI ba="2,0" hai="2,7,9,55,56,63,97,98" m="57351,41545" machi="63" ten="30,6000,0" yaku="14,1,10,1,54,1" doraHai="83" who="1" fromWho="1" sc="130,-22,528,66,142,-22,200,-22" /><INIT seed="1,3,0,0,5,118" ten="108,594,120,178" oya="1" hai0="107,132,43,72,96,54,1,4,13,124,73,30,93" hai1="83,27,39,29,101,56,55,52,105,88,127,63,48" hai2="37,9,34,98,32,46,33,60,112,85,3,68,119" hai3="12,81,115,106,45,117,23,75,36,26,47,10,77"/><U120/><E120/><V59/><F119/><W76/><G115/><T64/><D1/><U104/><E127/><V50/><F112/><W114/><G114/><T7/><D107/><U108/><E39/><V70/><F37/><W79/><G106/><T134/><D43/><U100/><E108/><V69/><F98/><W99/><G117/><T6/><D64/><U130/><E130/><V128/><F128/><W20/><G99/><T58/><D30/><U19/><E19/><V94/><F94/><W135/><G135/><N who="0" m="51755" /><D13/><U65/><E55/><V129/><F85/><W2/><G2/><T24/><D24/><U41/><E41/><V84/><F84/><W21/><G26/><T61/><D124/><U122/><E105/><V80/><F80/><W133/><G133/><T28/><D28/><U90/><E83/><V49/><F129/><W126/><G126/><T40/><D40/><U123/><E123/><V18/><F46/><N who="3" m="17419" /><G36/><T110/><D110/><U53/><E122/><V95/><F95/><W15/><G15/><T11/><D11/><U35/><E104/><V16/><F3/><W86/><G75/><T113/><D113/><U116/><E116/><V42/><F42/><W111/><G111/><T87/><D87/><U78/><E27/><V91/><F9/><W74/><G74/><T25/><D25/><U131/><E131/><V51/><F91/><AGARI ba="3,0" hai="4,6,7,54,58,61,72,73,91,93,96" m="51755" machi="91" ten="30,1000,0" yaku="20,1" doraHai="118" who="0" fromWho="2" sc="108,19,594,0,120,-19,178,0" /><INIT seed="2,0,0,1,5,42" ten="127,594,101,178" oya="2" hai0="14,11,63,6,46,118,134,36,122,128,34,57,84" hai1="25,35,105,51,16,111,83,1,131,58,17,74,27" hai2="100,22,38,43,67,124,41,70,125,52,15,110,87" hai3="73,68,13,117,106,129,33,116,82,75,90,19,56"/><V54/><F100/><W94/><G68/><T112/><D122/><U133/><E1/><V4/><F87/><W32/><G106/><T0/><D34/><U69/><E69/><V12/><F4/><W39/><G39/><T49/><D36/><U88/><E105/><V104/><F104/><W8/><G129/><T93/><D112/><U60/><E133/><V24/><F70/><W135/><G135/><T114/><D114/><U37/><E37/><V113/><F113/><W62/><G33/><T71/><D71/><U47/><E111/><V48/><F38/><W10/><G32/><T85/><D128/><U40/><E35/><V109/><F67/><W121/><G121/><T80/><D118/><U77/><E131/><V123/><F123/><W65/><G8/><T45/><D0/><U7/><E7/><V127/><F43/><W95/><G95/><T44/><D93/><U79/><E79/><V64/><F64/><W53/><G65/><N who="0" m="39151" /><D134/><U2/><E2/><V30/><F41/><W28/><G28/><T5/><D85/><N who="1" m="50239" /><E77/><V20/><F54/><W21/><G21/><T101/><D101/><U96/><E96/><V103/><F103/><W108/><G108/><N who="2" m="41577" /><F22/><W72/><REACH who="3" step="1"/><G82/><REACH who="3" ten="127,594,101,168" step="2"/><T9/><D9/><U126/><E74/><V91/><F91/><W78/><G78/><N who="0" m="46103" /><D5/><U50/><E17/><V98/><F98/><AGARI ba="0,1" hai="10,13,19,53,56,62,72,73,75,90,94,98,116,117" machi="98" ten="40,1300,0" yaku="1,1,53,0" doraHai="42" doraHaiUra="76" who="3" fromWho="2" sc="127,0,594,0,101,-13,168,23" /><INIT seed="3,0,0,2,1,0" ten="127,594,88,191" oya="3" hai0="90,108,34,28,21,15,118,39,20,63,85,73,132" hai1="122,47,42,101,102,133,27,84,66,72,48,5,120" hai2="1,41,97,89,130,3,19,135,13,37,99,128,55" hai3="71,109,17,6,61,70,81,31,96,32,59,113,26"/><W7/><G113/><T58/><D73/><U18/><E72/><V78/><F78/><W100/><G109/><T29/><D39/><U116/><E133/><V126/><F135/><W129/><G129/><N who="2" m="49769" /><F126/><W25/><G81/><T93/><D34/><U106/><E66/><V44/><F55/><W131/><G131/><T50/><D108/><U54/><E84/><V82/><F82/><W125/><G125/><T68/><D68/><U12/><E102/><V92/><F99/><W57/><G71/><T40/><D118/><U69/><E69/><V60/><F60/><W83/><G83/><T51/><D132/><U62/><E27/><V95/><F95/><W49/><G70/><T77/><D77/><U91/><E18/><V2/><F2/><W46/><G17/><N who="0" m="10303" /><D21/><AGARI ba="0,0" hai="1,3,13,19,21,37,41,44,89,92,97" m="49769" machi="21" ten="30,1000,0" yaku="19,1" doraHai="0" who="2" fromWho="0" sc="127,-10,594,0,88,10,191,0" /><INIT seed="4,0,0,2,2,60" ten="117,594,98,191" oya="0" hai0="74,119,28,115,92,25,110,32,30,35,40,33,5" hai1="103,51,89,11,44,15,125,36,6,97,0,39,63" hai2="57,1,109,121,71,113,62,47,42,102,80,50,59" hai3="4,68,135,37,123,75,101,132,69,52,43,22,3"/><T65/><D119/><U86/><E125/><V78/><F1/><W27/><G75/><T14/><D74/><U79/><E79/><V99/><F109/><W112/><G112/><T108/><D40/><U128/><E128/><V13/><F113/><W114/><G114/><T124/><D115/><U55/><E0/><V73/><F121/><W9/><G123/><T127/><D92/><U2/><E2/><V126/><F13/><W48/><G101/><T64/><D14/><U76/><E76/><V41/><F41/><W96/><G96/><T31/><D25/><U94/><E63/><V8/><F8/><W29/><G43/><T133/><D5/><U88/><E89/><V77/><F77/><W95/><G95/><AGARI ba="0,0" hai="6,11,15,36,39,44,51,55,86,88,94,95,97,103" machi="95" ten="30,2000,0" yaku="7,1,54,1" doraHai="60" who="1" fromWho="3" sc="117,0,594,20,98,0,191,-20" /><INIT seed="5,0,0,0,3,13" ten="117,614,98,171" oya="1" hai0="74,10,48,124,59,38,86,98,57,102,103,22,77" hai1="24,126,29,92,8,69,134,72,43,105,94,71,39" hai2="95,90,36,107,93,54,68,21,70,104,17,6,122" hai3="23,75,119,131,33,11,129,84,18,127,109,118,135"/><U61/><E72/><V27/><F122/><W0/><G75/><T60/><D38/><U120/><E120/><V100/><F36/><W26/><G84/><T85/><D74/><U9/><E134/><V130/><F130/><N who="3" m="49675" /><G135/><T52/><D124/><U37/><E24/><V65/><F6/><N who="3" m="1479" /><G127/><T4/><D22/><U66/><E126/><V28/><F100/><W106/><G106/><T5/><D102/><U47/><E29/><V35/><F95/><W53/><G53/><T49/><D49/><U123/><E105/><V78/><F78/><W99/><G99/><T80/><D86/><U96/><E123/><V111/><F111/><W132/><G109/><T58/><D10/><U91/><E69/><V67/><F70/><W114/><G132/><T128/><D128/><U30/><E30/><V79/><F79/><W121/><G121/><T1/><D1/><U113/><E113/><V2/><F2/><W112/><G33/><T76/><D76/><U41/><E92/><V15/><F68/><W34/><G34/><T117/><D117/><AGARI ba="0,0" hai="18,23,26,112,114,117,118,119" m="1479,49675" machi="117" ten="30,8000,1" yaku="12,1,19,1,34,2,52,1" doraHai="13" who="3" fromWho="0" sc="117,-80,614,0,98,0,171,80" /><INIT seed="6,0,0,2,0,127" ten="37,614,98,251" oya="2" hai0="87,93,33,6,132,102,42,75,50,66,45,113,73" hai1="60,79,89,108,98,13,118,96,23,30,97,130,81" hai2="111,15,35,52,122,77,53,70,71,25,82,76,112" hai3="40,26,133,47,107,100,117,28,58,64,14,62,125"/><V86/><F122/><W78/><G117/><T32/><D113/><U126/><E130/><V57/><F112/><W36/><G125/><T92/><D92/><U121/><E108/><V110/><F76/><W39/><G133/><T83/><D132/><U41/><E118/><V3/><F3/><W84/><G39/><T10/><D66/><U134/><E126/><V120/><F120/><W90/><G78/><T131/><D93/><U105/><E41/><V116/><F116/><W106/><G14/><T124/><D102/><U99/><E121/><V46/><F15/><W51/><G100/><T123/><D124/><U59/><E105/><V115/><F115/><W38/><G107/><T69/><D69/><U43/><E43/><V7/><F7/><W21/><G106/><T65/><D65/><U49/><E49/><N who="2" m="28727" /><F25/><W48/><G36/><T104/><D104/><U20/><E13/><V2/><F35/><W67/><G67/><T5/><D5/><U88/><E134/><V85/><F85/><W63/><G63/><T74/><D123/><U68/><E68/><V12/><F12/><W72/><G72/><T95/><D95/><AGARI ba="0,0" hai="21,26,28,38,40,47,48,51,58,62,64,84,90,95" machi="95" ten="30,1000,0" yaku="7,1" doraHai="127" who="3" fromWho="0" sc="37,-10,614,0,98,0,251,10" /><INIT seed="7,0,0,1,0,100" ten="27,614,98,261" oya="3" hai0="101,78,114,119,63,12,61,99,79,129,44,127,47" hai1="14,48,31,55,6,102,67,43,9,76,37,111,72" hai2="134,115,51,122,126,96,103,123,124,19,57,118,60" hai3="120,42,82,18,91,116,27,29,95,98,77,8,97"/><W22/><G120/><N who="2" m="46121" /><F115/><W131/><G131/><T106/><D119/><U69/><E111/><V117/><F51/><W26/><G116/><N who="2" m="44649" /><F19/><W66/><G42/><T41/><D114/><U50/><E14/><V33/><F33/><W3/><G66/><T112/><D112/><U109/><E102/><V132/><F57/><W121/><G121/><T88/><D129/><U83/><E55/><V15/><F15/><W10/><G3/><T107/><D127/><N who="2" m="48682" /><F60/><W130/><G26/><T56/><D61/><U110/><E83/><V125/><N who="2" m="48690" /><V45/><DORA hai="104" /><F45/><W71/><G18/><T86/><D47/><U73/><E76/><V84/><F84/><W40/><G40/><T62/><D62/><U11/><E31/><V28/><F28/><W59/><G29/><T108/><D108/><U89/><E89/><V92/><AGARI ba="0,0" hai="92,96,103,132,134" m="48690,44649,46121" machi="92" ten="50,8000,1" yaku="13,1,18,1,34,2" doraHai="100,104" who="2" fromWho="2" sc="27,-20,614,-20,98,80,261,-40" owari="7,-49.3,594,69.4,178,-22.2,221,2.1" /></mjloggm>