<mjloggm ver="2.3"><GO type="169" lobby="0"/><UN n0="%E3%81%A1%E3%82%83%E3%82%8B%E3%82%81%E3%82%89" n1="%E6%99%A8%E6%98%8F%E5%B0%8D%E5%B3%99" n2="%E3%82%BC%E3%83%B3%E3%83%84%E3%83%9E%E3%82%B7%E3%83%BC%E3%83%B3" n3="%E6%9C%88%E5%A4%9C%E3%81%AB%E9%A2%A8" dan="17,17,16,16" rate="2221.30,2204.60,2158.94,2077.89" sx="M,M,M,M"/><TAIKYOKU oya="0"/><INIT seed="0,0,0,0,1,78" ten="250,250,250,250" oya="0" hai0="5,85,77,29,80,9,35,17,72,127,121,38,31" hai1="40,89,92,47,70,22,26,54,14,11,67,46,13" hai2="42,30,19,109,3,0,115,96,97,21,113,2,112" hai3="87,75,99,111,20,50,102,108,73,34,32,100,1"/><T128/><D121/><U44/><E70/><V33/><F42/><W91/><G1/><T15/><D127/><U65/><E40/><V59/><F109/><N who="3" m="42059" /><G50/><T55/><D128/><U71/><E71/><V74/><F74/><N who="3" m="28171" /><G20/><T82/><D38/><U37/><E37/><V60/><F30/><W88/><G32/><T135/><D135/><U130/><E54/><V12/><REACH who="2" step="1"/><F33/><REACH who="2" ten="250,250,240,250" step="2"/><W61/><G34/><T57/><D35/><U45/><N who="1" m="11264" /><DORA hai="123" /><U25/><E130/><V8/><F8/><W49/><G49/><T36/><D36/><U120/><E120/><V122/><F122/><W101/><G61/><T18/><D31/><U118/><E11/><V10/><F10/><W90/><G99/><T114/><D29/><U133/><E133/><V116/><F116/><W62/><G62/><T58/><D114/><U132/><E132/><V16/><F16/><W129/><G129/><T83/><D72/><U131/><E118/><V24/><F24/><N who="1" m="9321" /><E131/><V93/><F93/><AGARI ba="0,1" hai="87,88,90,91,93,100,101,102" m="28171,42059" machi="93" ten="40,12000,2" yaku="14,1,34,2,52,3,54,1" doraHai="78,123" who="3" fromWho="2" sc="250,0,250,0,240,-120,250,130" /><INIT seed="1,0,0,1,1,72" ten="250,250,120,380" oya="1" hai0="19,33,13,38,21,1,18,40,61,115,109,78,91" hai1="126,111,102,32,49,23,101,24,31,95,121,112,125" hai2="81,93,86,56,7,0,133,129,22,65,48,82,47" hai3="51,36,110,66,90,67,34,127,11,20,83,42,98"/><U73/><E121/><V44/><F129/><W39/><G34/><T113/><D33/><U37/><E112/><V132/><F22/><W104/><G110/><T119/><D1/><U17/><E73/><V71/><F71/><W6/><G127/><N who="1" m="48650" /><E37/><V100/><F7/><W46/><G20/><T35/><D35/><U50/><E111/><V62/><F0/><W41/><G104/><T76/><D109/><U88/><E49/><V43/><F47/><W124/><G124/><T28/><D28/><U89/><E50/><V128/><F128/><W106/><G106/><T30/><D30/><U75/><E75/><V120/><F120/><W94/><G83/><T70/><D119/><U26/><E89/><V103/><F82/><W107/><G107/><T108/><D108/><U69/><E69/><V58/><F58/><W114/><G114/><T27/><D91/><U60/><E60/><V123/><F123/><W117/><G117/><T53/><D115/><U55/><E55/><V3/><F3/><W9/><G51/><T5/><D5/><U85/><AGARI ba="0,0" hai="17,23,24,26,31,32,85,88,95,101,102" m="48650" machi="85" ten="30,3000,0" yaku="18,1,54,1" doraHai="72" who="1" fromWho="1" sc="250,-10,250,30,120,-10,380,-10" /><INIT seed="1,1,0,5,4,116" ten="240,280,110,370" oya="1" hai0="23,92,112,98,14,64,111,133,12,118,95,16,88" hai1="1,87,17,67,13,5,42,86,79,124,126,25,125" hai2="48,130,103,99,21,53,30,44,93,3,132,75,51" hai3="9,33,83,135,41,4,109,20,55,115,84,107,38"/><U90/><E42/><V94/><F132/><W81/><G33/><T106/><D118/><U134/><E134/><V66/><F130/><W32/><G32/><T96/><D133/><U76/><E67/><V65/><F3/><W11/><G109/><T62/><D112/><U78/><E25/><N who="2" m="16687" /><F75/><W119/><G115/><T105/><D111/><U73/><E73/><V52/><F94/><W101/><G20/><T100/><REACH who="0" step="1"/><D12/><REACH who="0" ten="230,280,110,370" step="2"/><U35/><E35/><V77/><F77/><W39/><G119/><T8/><D8/><N who="1" m="2095" /><E90/><V2/><F2/><W89/><G11/><AGARI ba="1,1" hai="11,13,17,76,78,79,86,87,124,125,126" m="2095" machi="11" ten="40,2000,0" yaku="18,1" doraHai="116" who="1" fromWho="3" sc="230,0,280,33,110,0,370,-23" /><INIT seed="1,2,0,0,5,85" ten="230,313,110,347" oya="1" hai0="94,61,104,110,96,30,119,122,135,126,98,52,48" hai1="116,106,57,4,105,120,117,39,77,134,87,70,46" hai2="97,26,91,68,33,123,130,32,125,69,16,7,22" hai3="65,78,25,113,76,27,13,42,81,0,20,28,132"/><U55/><E120/><V72/><F123/><W128/><G0/><T115/><D122/><U100/><E70/><V14/><F130/><W86/><G128/><T56/><D115/><U38/><E134/><V23/><F125/><W95/><G132/><T50/><D135/><U101/><E4/><V34/><F72/><W41/><G113/><T3/><D119/><U24/><E24/><V19/><REACH who="2" step="1"/><F7/><REACH who="2" ten="230,313,100,347" step="2"/><W35/><G65/><T58/><D126/><U54/><E87/><V93/><AGARI ba="2,1" hai="14,16,19,22,23,26,32,33,34,68,69,91,93,97" machi="93" ten="40,8000,1" yaku="1,1,2,1,0,1,52,1,54,1,53,0" doraHai="85" doraHaiUra="124" who="2" fromWho="2" sc="230,-22,313,-42,100,96,347,-22" /><INIT seed="2,0,0,2,2,12" ten="208,271,196,325" oya="2" hai0="14,72,130,86,87,84,1,35,47,113,10,125,90" hai1="96,73,119,62,33,105,26,7,71,53,16,78,59" hai2="48,51,117,17,116,83,57,99,50,37,110,77,3" hai3="111,93,36,115,64,88,100,103,25,11,89,127,101"/><V104/><F37/><W6/><G36/><T118/><D113/><U85/><E73/><V24/><F3/><W67/><G111/><T98/><D1/><U131/><E131/><V92/><F104/><W5/><G127/><T123/><D123/><U91/><E119/><V66/><F110/><W81/><G81/><T124/><D72/><U107/><E71/><V13/><F24/><W18/><G89/><T133/><D35/><U55/><E7/><N who="3" m="2570" /><G115/><T4/><D130/><U52/><E33/><V102/><F66/><W40/><G40/><T79/><D79/><U41/><E41/><V49/><N who="2" m="12288" /><DORA hai="132" /><V63/><F63/><W121/><G121/><T38/><D133/><U114/><E114/><V76/><F57/><W23/><G11/><T29/><D29/><U46/><E46/><V30/><F30/><W42/><G42/><T82/><D118/><U44/><E44/><V65/><F65/><W68/><G68/><T22/><D22/><N who="1" m="13639" /><E107/><V120/><F120/><W28/><G28/><T27/><D27/><U0/><E105/><V60/><F60/><W75/><G75/><T56/><D56/><U129/><E0/><V2/><F2/><W54/><G54/><T20/><D47/><U61/><E61/><V112/><F112/><W34/><G34/><T45/><D45/><U74/><E74/><N who="2" m="43415" /><F77/><W8/><G8/><T69/><D69/><U94/><E129/><V80/><F80/><AGARI ba="0,0" hai="52,53,55,59,62,78,80,85,91,94,96" m="13639" machi="80" ten="30,8000,1" yaku="25,1,8,1,52,1,54,2" doraHai="12,132" who="1" fromWho="2" sc="208,0,271,80,196,-80,325,0" /><INIT seed="3,0,0,3,0,4" ten="208,351,116,325" oya="3" hai0="120,112,21,131,5,38,81,19,6,105,96,124,127" hai1="59,18,16,116,133,8,108,37,62,113,49,123,84" hai2="55,90,68,48,89,78,60,92,117,24,45,67,1" hai3="118,44,35,13,103,10,43,130,110,86,80,69,47"/><W22/><G118/><T87/><D120/><U71/><E37/><V126/><F117/><W39/><G35/><T30/><D38/><U101/><E123/><V109/><F109/><W79/><G130/><T132/><D131/><U100/><E71/><V31/><F1/><W95/><G69/><T36/><D36/><U76/><E108/><V56/><F126/><N who="0" m="48170" /><D30/><U50/><E113/><V114/><F114/><W61/><G44/><T3/><D112/><U33/><E33/><V82/><F68/><W106/><G61/><T99/><D132/><U23/><E133/><V28/><F92/><W72/><G22/><T73/><D73/><U115/><E116/><V111/><F111/><W2/><G2/><T85/><D85/><U135/><E135/><V7/><F7/><N who="0" m="2570" /><D105/><U41/><E115/><V57/><F45/><W88/><G110/><T75/><D75/><U63/><E84/><V32/><REACH who="2" step="1"/><F31/><REACH who="2" ten="208,351,106,325" step="2"/><W54/><G106/><T91/><D3/><U93/><E93/><V70/><F70/><W20/><G47/><T52/><D52/><U65/><E59/><V129/><F129/><W34/><G54/><T27/><AGARI ba="0,1" hai="19,21,27,81,87,91,96,99" m="2570,48170" machi="27" ten="30,1100,0" yaku="18,1" doraHai="4" who="0" fromWho="0" sc="208,21,351,-3,106,-3,325,-5" /><INIT seed="4,0,0,3,1,14" ten="229,348,103,320" oya="0" hai0="21,31,81,48,56,15,32,77,122,112,84,52,44" hai1="106,110,47,69,131,124,6,55,120,65,79,7,43" hai2="58,68,129,4,85,128,28,123,33,51,29,102,119" hai3="17,125,130,8,53,107,23,97,118,72,11,134,89"/><T34/><D122/><U74/><E110/><V46/><F123/><W59/><G118/><T132/><D112/><U115/><E120/><V105/><F68/><W103/><G125/><T57/><D132/><U24/><E124/><V111/><F111/><W104/><G130/><N who="2" m="50281" /><F33/><W2/><G72/><T25/><D57/><U37/><E115/><V93/><F119/><W113/><G134/><T13/><D34/><U88/><E106/><V62/><F4/><W80/><G107/><T16/><D44/><U116/><E24/><AGARI ba="0,0" hai="13,15,16,21,24,25,31,32,48,52,56,77,81,84" machi="24" ten="30,11600,0" yaku="7,1,52,1,54,2" doraHai="14" who="0" fromWho="1" sc="229,116,348,-116,103,0,320,0" /><INIT seed="4,1,0,2,5,72" ten="345,232,103,320" oya="0" hai0="33,14,92,16,129,34,11,58,86,47,79,52,1" hai1="32,23,7,26,96,56,21,27,89,81,74,53,91" hai2="95,111,97,108,116,119,2,65,71,4,122,46,66" hai3="80,41,69,128,48,103,62,75,118,0,37,57,133"/><T39/><D129/><U94/><E32/><V102/><F122/><W40/><G118/><N who="2" m="45097" /><F46/><N who="3" m="23823" /><G80/><T68/><D68/><U105/><E105/><V31/><F31/><W5/><G103/><T106/><D106/><U35/><E35/><V64/><F71/><W130/><G5/><T50/><D1/><U98/><E7/><V8/><AGARI ba="1,0" hai="2,4,8,64,65,66,95,97,102,108,111" m="45097" machi="8" ten="40,1500,0" yaku="12,1" doraHai="72" who="2" fromWho="2" sc="345,-8,232,-5,103,18,320,-5" /><INIT seed="5,0,0,1,5,122" ten="337,227,121,315" oya="1" hai0="104,32,121,53,134,18,35,113,54,92,70,58,11" hai1="91,130,125,0,67,50,63,89,40,110,99,77,24" hai2="66,78,103,129,84,76,85,120,41,114,90,68,105" hai3="131,7,49,16,115,9,8,96,52,51,72,94,101"/><U14/><E0/><V17/><F120/><W57/><G115/><T128/><D113/><U74/><E130/><V46/><F114/><W33/><G131/><T43/><D104/><U98/><E125/><V47/><F129/><W118/><G72/><T10/><D70/><U117/><E117/><V75/><F47/><W123/><G118/><T97/><D128/><U3/><E3/><V59/><F68/><W1/><G33/><T87/><D134/><U111/><E24/><V21/><F75/><W31/><G31/><T73/><D73/><U106/><E14/><V116/><F116/><W38/><G38/><T12/><D43/><U26/><E26/><V109/><F109/><N who="1" m="41481" /><E77/><V69/><F69/><W83/><G83/><T127/><D35/><U2/><E74/><V45/><F103/><W15/><REACH who="3" step="1"/><G123/><REACH who="3" ten="337,227,121,305" step="2"/><T86/><D32/><U88/><E106/><V37/><F105/><W48/><AGARI ba="0,1" hai="1,7,8,9,15,16,48,49,51,52,57,94,96,101" machi="48" ten="20,12000,2" yaku="1,1,2,1,0,1,7,1,54,2,53,0" doraHai="122" doraHaiUra="29" who="3" fromWho="3" sc="337,-30,227,-60,121,-30,305,130" /><INIT seed="6,0,0,1,4,119" ten="307,167,91,435" oya="2" hai0="97,76,14,111,42,73,115,7,98,77,135,128,112" hai1="8,60,13,121,109,90,117,51,96,58,133,37,10" hai2="17,113,64,1,80,34,28,122,32,118,56,57,89" hai3="105,35,86,40,130,62,52,126,70,54,134,100,124"/><V41/><F118/><W44/><G35/><T4/><D111/><U94/><E37/><V30/><F1/><W68/><G100/><T123/><D14/><U20/><E109/><V16/><F41/><W91/><G105/><T82/><D42/><U84/><E117/><V38/><F38/><W132/><G130/><T43/><D43/><U127/><E127/><N who="3" m="48682" /><G91/><T107/><D128/><U0/><E0/><V108/><F89/><W24/><G24/><T53/><D53/><N who="3" m="20585" /><G86/><T23/><D107/><U99/><E133/><N who="3" m="51306" /><G62/><T92/><D77/><U95/><E84/><V5/><F108/><W65/><G65/><T71/><D76/><U33/><E33/><V63/><F63/><W12/><G12/><T131/><D98/><U11/><E60/><V116/><F116/><W67/><G67/><T22/><D97/><U83/><E96/><V74/><F64/><W75/><G75/><T27/><D73/><U18/><E95/><V101/><F74/><W88/><G88/><T31/><D92/><U79/><E79/><V129/><F129/><W55/><G55/><T81/><D27/><U104/><E104/><V3/><F3/><W72/><G72/><T21/><D131/><U48/><E83/><V66/><F66/><W29/><G29/><T87/><D31/><U49/><REACH who="1" step="1"/><E58/><REACH who="1" ten="307,157,91,435" step="2"/><V39/><F80/><W69/><G69/><T45/><D71/><U6/><E6/><V61/><F5/><W85/><G85/><T110/><D135/><U102/><E102/><V120/><F101/><W46/><G70/><T15/><D82/><U47/><E47/><V93/><F61/><RYUUKYOKU ba="0,1" sc="307,-10,157,30,91,-10,435,-10" hai1="8,10,11,13,18,20,48,49,51,90,94,99,121" /><INIT seed="7,1,1,1,0,125" ten="297,187,81,425" oya="3" hai0="100,71,65,127,126,55,33,73,112,59,107,60,89" hai1="8,4,44,79,74,133,83,81,26,86,93,82,116" hai2="12,77,6,42,103,123,69,35,36,30,72,2,111" hai3="10,98,122,90,104,37,34,134,40,47,80,66,31"/><W105/><G122/><T13/><D33/><U61/><E133/><V7/><F111/><W32/><G134/><T52/><D73/><U96/><E116/><V49/><F123/><W38/><G38/><T117/><D89/><U48/><E61/><V101/><F49/><W102/><G105/><T70/><D13/><N who="1" m="5255" /><E26/><V128/><F12/><W115/><G115/><T78/><D78/><U108/><E74/><V0/><F69/><W130/><G130/><T3/><D3/><U88/><E108/><V94/><F94/><W84/><G66/><T45/><D100/><U110/><E110/><V121/><F121/><W17/><G31/><T19/><D19/><U76/><E76/><V43/><F30/><W119/><G119/><T27/><D27/><U56/><E56/><V124/><F35/><W113/><G113/><T62/><D107/><U29/><E29/><V85/><F77/><W16/><G17/><T92/><D92/><U54/><AGARI ba="1,1" hai="44,48,54,79,81,82,83,86,88,93,96" m="5255" machi="54" ten="30,2000,0" yaku="8,1,54,1" doraHai="125" who="1" fromWho="1" sc="297,-6,187,33,81,-6,425,-11" owari="291,9.1,220,-18.0,75,-42.5,414,51.4" /></mjloggm>