<mjloggm ver="2.3"><GO type="169" lobby="0"/><UN n0="%E3%81%BE%E3%81%88%E3%81%9F" n1="%E3%83%AD%E3%83%99%E3%83%AB%E3%82%BF%E3%81%95%E3%82%93%EF%BC%A0" n2="%E3%81%94%E3%82%8B%E3%81%AF%E3%82%80%33%30" n3="%E3%81%B1%E3%82%93%E3%81%AA%E3%81%93%E3%81%BE%E3%81%A3%E3%81%9F" dan="17,16,17,18" rate="2163.47,2143.04,2189.73,2250.50" sx="F,F,F,M"/><TAIKYOKU oya="0"/><INIT seed="0,0,0,4,1,99" ten="250,250,250,250" oya="0" hai0="90,124,15,48,36,63,71,11,65,86,9,13,18" hai1="85,5,125,3,6,118,120,92,49,41,32,79,59" hai2="24,106,72,20,81,61,28,113,34,109,40,127,104" hai3="67,122,53,56,1,54,88,37,12,126,87,107,111"/><T76/><D124/><U119/><E125/><V22/><F127/><W116/><G126/><T110/><D36/><U17/><E32/><V16/><F113/><W78/><G116/><T75/><D110/><U14/><E120/><V43/><F109/><W133/><G111/><T80/><D48/><U26/><E26/><V29/><F22/><W7/><G37/><T114/><D114/><U0/><E0/><V50/><F29/><W60/><G133/><T58/><D71/><U55/><E3/><V4/><F4/><W102/><G1/><T57/><D57/><U117/><E41/><V39/><F39/><W105/><G78/><T135/><D135/><U98/><E79/><V23/><F23/><W2/><G2/><T93/><REACH who="0" step="1"/><D15/><REACH who="0" ten="240,250,250,250" step="2"/><U129/><E14/><V27/><F50/><W121/><G121/><T108/><D108/><U103/><E118/><V47/><F61/><W89/><G122/><T77/><D77/><U38/><E38/><V101/><F47/><W31/><G12/><T10/><AGARI ba="0,1" hai="9,10,11,13,18,58,63,65,75,76,80,86,90,93" machi="10" ten="20,3900,0" yaku="1,1,0,1,7,1,53,0" doraHai="99" doraHaiUra="128" who="0" fromWho="0" sc="240,49,250,-13,250,-13,250,-13" /><INIT seed="0,1,0,1,2,9" ten="289,237,237,237" oya="0" hai0="46,70,60,44,25,22,97,77,84,10,0,62,58" hai1="34,50,79,93,47,65,31,129,29,64,116,52,18" hai2="42,76,37,90,7,12,83,36,56,117,125,88,119" hai3="73,32,86,113,15,23,91,5,11,35,57,106,112"/><T108/><D70/><U85/><E129/><V128/><F128/><W96/><G73/><T121/><D121/><U111/><E111/><V130/><F130/><W53/><G23/><T81/><D108/><U55/><E116/><N who="2" m="44619" /><F125/><W110/><G110/><T105/><D60/><U95/><E34/><V17/><F7/><W61/><G106/><T89/><D0/><U27/><E18/><V94/><F56/><W80/><REACH who="3" step="1"/><G96/><REACH who="3" ten="289,237,237,227" step="2"/><T8/><D10/><U2/><E31/><V49/><F37/><W103/><G103/><T21/><D8/><U30/><E29/><V123/><F36/><W63/><G63/><T69/><D21/><U6/><E30/><V33/><F33/><AGARI ba="1,1" hai="5,11,15,32,33,35,53,57,61,80,86,91,112,113" machi="33" ten="40,2600,0" yaku="1,1,52,1,53,0" doraHai="9" doraHaiUra="102" who="3" fromWho="2" sc="289,0,237,0,237,-29,227,39" /><INIT seed="1,0,0,3,1,88" ten="289,237,208,266" oya="1" hai0="98,93,84,55,11,36,43,62,44,135,132,45,0" hai1="72,58,40,76,105,71,123,48,25,13,54,128,61" hai2="5,56,60,32,31,114,53,18,79,27,64,46,122" hai3="21,133,81,116,2,73,28,87,34,70,119,110,22"/><U9/><E128/><V78/><F122/><W69/><G2/><T102/><D84/><U118/><E118/><N who="3" m="45098" /><G73/><T80/><D80/><U66/><E105/><V68/><F114/><W15/><G110/><T115/><D115/><U104/><E104/><V65/><F5/><W39/><G39/><T42/><D62/><U59/><E123/><V101/><F101/><W113/><G113/><T120/><D55/><U107/><E107/><V91/><F46/><W12/><G133/><N who="0" m="51275" /><D120/><U35/><E40/><N who="0" m="15401" /><D36/><U41/><E41/><V23/><F91/><W74/><G74/><T103/><D102/><U83/><E25/><V33/><F64/><W57/><G57/><T86/><D86/><U124/><E35/><V6/><F33/><W94/><G81/><T92/><D92/><U99/><E99/><V8/><F68/><N who="3" m="26219" /><G34/><T96/><D96/><U89/><E89/><V125/><F65/><W126/><G87/><T30/><D30/><U100/><E100/><V97/><F97/><W29/><G94/><T7/><AGARI ba="0,0" hai="0,7,11,44,45,93,98,103" m="15401,51275" machi="7" ten="30,2000,0" yaku="20,1,52,1" doraHai="88" who="0" fromWho="0" sc="289,20,237,-10,208,-5,266,-5" /><INIT seed="2,0,0,0,2,75" ten="309,227,203,261" oya="2" hai0="65,46,42,133,90,73,30,56,7,132,34,89,95" hai1="101,18,35,10,47,27,114,88,96,77,52,55,59" hai2="31,3,66,2,63,111,125,79,39,49,58,44,41" hai3="50,11,81,115,97,84,130,106,26,64,16,120,5"/><V0/><F125/><W38/><G120/><T68/><D68/><U70/><E70/><V17/><F31/><W83/><G38/><T69/><D69/><U4/><E114/><V37/><F111/><W118/><G118/><T61/><D7/><U108/><E108/><V109/><F109/><W40/><G115/><T103/><D103/><U28/><E18/><V123/><F123/><W116/><G116/><T78/><D30/><U92/><E77/><V113/><F113/><W57/><G130/><T12/><D12/><U9/><E47/><V19/><F79/><W117/><G117/><T48/><D34/><U87/><E59/><V85/><F85/><W94/><G106/><T14/><D14/><U24/><E24/><V33/><F33/><W45/><G26/><T36/><D36/><U100/><E100/><V8/><F8/><W80/><G84/><T91/><REACH who="0" step="1"/><D95/><REACH who="0" ten="299,227,203,261" step="2"/><U86/><E10/><V121/><F121/><W102/><G5/><T29/><D29/><U128/><E128/><V6/><F6/><W135/><G11/><T62/><D62/><U127/><E127/><V76/><F39/><W98/><G102/><T21/><D21/><U72/><E72/><V112/><F112/><W99/><G16/><N who="2" m="6217" /><F37/><W53/><G94/><T23/><D23/><U105/><REACH who="1" step="1"/><E86/><REACH who="1" ten="299,217,203,261" step="2"/><V104/><F3/><AGARI ba="0,2" hai="3,4,9,27,28,35,52,55,87,88,92,96,101,105" machi="3" ten="30,12000,2" yaku="1,1,2,1,7,1,54,2,53,1" doraHai="75" doraHaiUra="82" who="1" fromWho="2" sc="299,0,217,140,203,-120,261,0" /><INIT seed="3,0,0,3,3,18" ten="299,357,83,261" oya="3" hai0="77,30,57,54,10,60,56,80,114,103,95,2,135" hai1="48,109,129,70,37,81,33,39,68,13,0,34,82" hai2="108,22,89,73,23,42,35,96,92,79,71,132,126" hai3="36,64,102,84,41,115,101,28,9,15,105,7,19"/><W45/><G115/><T99/><D135/><U17/><E0/><V124/><F35/><W78/><G64/><T43/><D114/><U74/><E129/><V104/><F132/><W38/><G38/><T119/><D43/><U91/><E109/><V6/><F108/><W69/><G69/><T120/><D120/><U16/><E91/><V88/><F71/><W100/><G28/><T20/><D119/><U128/><E13/><V122/><F122/><W94/><G105/><T118/><D118/><U87/><E87/><V83/><F42/><W63/><G63/><T47/><D2/><U14/><E14/><V62/><F62/><W49/><G36/><T40/><D10/><U21/><E48/><V50/><F50/><W66/><G66/><T107/><D57/><U98/><E98/><V59/><F59/><W52/><G41/><T130/><D130/><U5/><E5/><V46/><F46/><W90/><G78/><T76/><D107/><U65/><E65/><V75/><F75/><W31/><G31/><T86/><D77/><U106/><E106/><V97/><F6/><AGARI ba="0,0" hai="6,7,9,15,19,45,49,52,84,90,94,100,101,102" machi="6" ten="40,3900,0" yaku="8,1,54,1" doraHai="18" who="3" fromWho="2" sc="299,0,357,0,83,-39,261,39" /><INIT seed="3,1,0,5,1,0" ten="299,357,44,300" oya="3" hai0="80,92,102,75,12,90,5,51,37,32,130,21,133" hai1="83,63,23,64,69,76,134,19,98,128,82,46,106" hai2="81,95,135,1,18,40,33,131,38,34,17,60,112" hai3="39,22,113,43,52,124,71,54,36,129,120,58,132"/><W35/><G35/><T110/><D32/><U27/><E128/><V9/><F131/><W99/><G113/><T29/><D37/><U108/><E134/><V10/><F112/><W117/><G117/><T45/><D130/><U24/><E108/><V25/><F135/><W114/><G114/><T13/><D133/><U62/><E62/><V123/><F40/><W125/><G132/><T84/><D110/><U87/><E46/><V118/><F38/><N who="3" m="14379" /><G129/><T14/><D75/><U85/><E98/><V8/><F60/><N who="3" m="35911" /><G22/><T7/><D29/><U105/><REACH who="1" step="1"/><E24/><REACH who="1" ten="299,347,44,300" step="2"/><V48/><F25/><W72/><G99/><N who="0" m="59751" /><D21/><U42/><E42/><AGARI ba="1,1" hai="5,7,12,13,14,42,45,51,80,84,90" m="59751" machi="42" ten="30,3900,0" yaku="8,1,52,2" doraHai="0" who="0" fromWho="1" sc="299,52,347,-42,44,0,300,0" /><INIT seed="4,0,0,3,1,36" ten="351,305,44,300" oya="0" hai0="108,53,20,128,68,109,59,43,85,15,113,130,16" hai1="96,119,51,56,46,123,84,40,1,11,80,67,61" hai2="127,76,132,29,95,14,62,35,125,22,38,107,77" hai3="134,31,129,18,54,105,116,55,13,98,92,89,44"/><T65/><D113/><U2/><E119/><V47/><F107/><W19/><G116/><T41/><D85/><U21/><E123/><V133/><F35/><W73/><G129/><N who="0" m="49771" /><D65/><U28/><E11/><V63/><F95/><W122/><G122/><T86/><D86/><U23/><E96/><V87/><F29/><W0/><G134/><N who="2" m="51817" /><F22/><W34/><G0/><T8/><D8/><U49/><E49/><V42/><F14/><W50/><G73/><T100/><D100/><U101/><E101/><V97/><F97/><W7/><G105/><T64/><D64/><U99/><E99/><V82/><F76/><W135/><G135/><T79/><D79/><U70/><E70/><V126/><AGARI ba="0,0" hai="38,42,47,62,63,77,82,87,125,126,127" m="51817" machi="126" ten="40,5200,0" yaku="18,1,20,1,52,1" doraHai="36" who="2" fromWho="2" sc="351,-26,305,-13,44,52,300,-13" /><INIT seed="5,0,0,2,5,17" ten="325,292,96,287" oya="1" hai0="37,118,24,14,70,26,88,9,106,124,47,129,39" hai1="128,61,19,95,10,44,111,43,117,30,2,48,54" hai2="77,134,83,67,133,109,27,12,51,63,13,127,20" hai3="105,90,113,0,85,72,89,108,23,122,101,123,49"/><U18/><E128/><V115/><F109/><W1/><G72/><T56/><D70/><U22/><E117/><V130/><F130/><W16/><G108/><T92/><D106/><U79/><E111/><V74/><F127/><W100/><G105/><T75/><D75/><U40/><E79/><V4/><F51/><W81/><G49/><T102/><D102/><U62/><E2/><V60/><F60/><N who="1" m="23145" /><E95/><V31/><F115/><W93/><G113/><T50/><D129/><U99/><E99/><V97/><F97/><W64/><G64/><T69/><D69/><U58/><E10/><V65/><F65/><W11/><G101/><T28/><D56/><U126/><E126/><V34/><F34/><W80/><G100/><T52/><D124/><U110/><E110/><V25/><F25/><W112/><G112/><T5/><D26/><N who="1" m="16727" /><E58/><N who="2" m="37367" /><F4/><W68/><G68/><T29/><D29/><U45/><E45/><V35/><F35/><W36/><G36/><T71/><D71/><U114/><E114/><V6/><F6/><W96/><G81/><T91/><D91/><U131/><E131/><V66/><F66/><W82/><G80/><T135/><D118/><U98/><E98/><V15/><F74/><W46/><G46/><T57/><D47/><U55/><E55/><V32/><F32/><W86/><G96/><N who="0" m="57351" /><D39/><U87/><E87/><V104/><F104/><W21/><G0/><T76/><D37/><U125/><E125/><V3/><F3/><W121/><G1/><T116/><D116/><U41/><AGARI ba="0,0" hai="18,19,40,41,43,44,48,54" m="16727,23145" machi="41" ten="30,3000,0" yaku="8,1,52,1" doraHai="17" who="1" fromWho="1" sc="325,-10,292,30,96,-10,287,-10" /><INIT seed="5,1,0,4,2,41" ten="315,322,86,277" oya="1" hai0="6,91,129,128,74,97,26,124,80,40,87,4,108" hai1="118,71,24,57,15,55,125,84,46,31,25,112,72" hai2="7,134,82,132,34,66,52,100,23,105,86,45,17" hai3="18,14,109,93,50,54,131,44,83,30,16,21,95"/><U135/><E112/><V64/><F34/><W96/><G109/><T70/><D70/><U69/><E72/><V92/><F105/><W98/><G131/><N who="0" m="50251" /><D108/><U88/><E118/><V60/><F7/><W51/><G83/><T130/><D124/><U3/><E3/><V48/><F92/><W123/><G123/><T0/><D0/><U115/><E115/><V121/><F100/><W36/><G36/><T37/><D74/><U2/><E2/><V77/><F121/><W122/><G122/><T53/><D97/><U42/><E15/><V19/><F66/><W76/><G76/><T114/><D114/><U65/><E24/><V127/><F127/><W5/><G5/><T22/><D53/><U120/><E65/><V38/><F38/><W89/><G51/><T67/><D67/><U117/><E117/><V11/><F11/><W107/><G107/><T61/><D61/><U10/><E10/><V102/><F102/><W59/><G59/><T119/><D119/><U35/><E125/><V99/><F99/><W133/><G133/><N who="2" m="51305" /><F23/><W75/><G75/><T79/><D79/><U32/><E32/><V73/><F73/><W81/><G81/><T1/><D1/><U13/><E120/><V12/><F12/><W94/><G94/><T113/><D113/><U56/><E13/><V62/><F62/><W43/><G54/><T49/><D37/><N who="1" m="21839" /><E55/><V78/><F78/><W110/><G110/><T126/><D126/><U111/><E111/><V20/><F20/><W116/><G116/><T9/><D9/><U63/><E135/><V85/><F85/><W39/><G21/><RYUUKYOKU ba="1,0" sc="315,-10,322,-10,86,30,277,-10" hai2="17,19,45,48,52,60,64,77,82,86" /><INIT seed="6,2,0,3,2,60" ten="305,312,116,267" oya="2" hai0="37,101,118,133,116,7,65,82,45,81,74,0,16" hai1="134,63,126,1,77,3,85,51,26,43,50,120,69" hai2="57,100,102,108,14,42,28,91,53,38,78,125,96" hai3="109,114,23,128,117,112,15,105,127,87,64,8,99"/><V13/><F78/><W113/><G109/><T9/><D133/><U12/><E12/><V130/><F108/><W31/><G117/><N who="0" m="45163" /><D101/><N who="2" m="39018" /><F38/><W98/><G127/><T92/><D92/><U115/><E1/><V24/><F125/><W122/><G122/><T36/><D65/><U18/><E3/><V40/><F130/><W5/><G128/><T97/><D97/><N who="3" m="36873" /><G105/><T76/><D45/><U27/><E69/><V135/><F135/><W46/><G87/><T55/><D55/><U86/><E77/><V67/><F67/><W52/><G64/><T68/><D68/><U70/><E70/><V58/><F58/><W44/><G52/><T48/><D48/><U129/><E129/><V121/><F121/><W90/><G90/><T54/><D54/><U131/><E131/><V41/><F91/><W83/><G83/><T95/><D95/><U10/><E126/><V111/><F96/><W75/><G75/><T29/><D29/><U123/><E134/><V4/><F4/><W19/><G31/><T32/><D32/><U2/><E123/><V88/><F88/><W110/><G110/><T30/><D30/><U132/><E120/><V6/><F6/><W22/><G22/><T11/><D82/><U103/><E103/><V35/><F111/><W79/><G79/><T72/><D74/><U25/><E132/><V47/><F47/><W94/><G94/><T93/><D93/><U89/><E89/><V61/><F53/><W104/><G104/><T33/><D33/><U56/><E56/><V34/><F34/><W80/><G80/><T62/><D62/><U21/><E63/><RYUUKYOKU ba="2,0" sc="305,10,312,-30,116,10,267,10" hai0="0,7,9,11,16,36,37,72,76,81" hai2="13,14,24,28,35,40,41,42,57,61" hai3="5,8,15,19,23,44,46,112,113,114" /><INIT seed="6,3,0,5,0,71" ten="315,282,126,277" oya="2" hai0="15,1,45,13,92,47,5,9,60,31,120,103,68" hai1="50,40,69,58,133,72,7,95,109,39,101,107,41" hai2="89,122,35,131,42,2,29,30,12,124,0,87,108" hai3="23,36,78,64,104,93,10,134,110,111,88,81,75"/><V11/><F122/><W67/><G134/><T4/><D120/><U43/><E107/><V86/><F131/><W84/><G36/><T128/><D128/><U33/><E69/><V46/><F124/><W48/><G23/><T54/><D31/><U6/><E72/><V24/><F30/><W116/><G116/><T113/><D113/><U20/><E109/><V80/><F87/><W19/><G48/><T82/><D82/><U55/><E39/><V14/><F108/><W119/><G119/><T90/><D103/><U8/><E8/><V85/><F85/><W127/><G127/><T123/><D123/><U99/><E33/><V32/><F32/><W34/><G34/><T121/><D121/><U18/><REACH who="1" step="1"/><E133/><REACH who="1" ten="315,272,126,277" step="2"/><V56/><F56/><W106/><G106/><T98/><D68/><U49/><E49/><V17/><REACH who="2" step="1"/><F14/><AGARI ba="3,1" hai="6,7,14,18,20,40,41,43,50,55,58,95,99,101" machi="14" ten="40,5200,0" yaku="1,1,8,1,53,1" doraHai="71" doraHaiUra="91" who="1" fromWho="2" sc="315,0,272,71,126,-61,277,0" /><INIT seed="7,0,0,5,4,128" ten="315,343,65,277" oya="3" hai0="135,71,112,129,73,2,11,131,32,35,34,10,3" hai1="1,18,69,8,21,109,62,20,68,54,67,78,60" hai2="53,96,108,58,31,27,88,107,102,16,61,15,124" hai3="94,119,29,37,86,40,104,79,82,113,43,127,84"/><W24/><G119/><T74/><D71/><U97/><E109/><V63/><F108/><W132/><G104/><T6/><D135/><U75/><E75/><V13/><F124/><W125/><G113/><T57/><D57/><U33/><E33/><V89/><F61/><W122/><G122/><T134/><D134/><U103/><E78/><V12/><F31/><W7/><G7/><N who="0" m="1399" /><D112/><U26/><E21/><V41/><F41/><W44/><G132/><T116/><D116/><U45/><E45/><V123/><F123/><W93/><G43/><T49/><D49/><U100/><E54/><V0/><F0/><W115/><G115/><T99/><D99/><U38/><E38/><V56/><F56/><W70/><G70/><T120/><D120/><U9/><E103/><V106/><F106/><W87/><G94/><T55/><D55/><U4/><E9/><V105/><F105/><W111/><G111/><T118/><D118/><U5/><E5/><V121/><F121/><W66/><G66/><T101/><D101/><U77/><E77/><V36/><F36/><W85/><REACH who="3" step="1"/><G93/><REACH who="3" ten="315,343,65,267" step="2"/><T92/><D92/><U81/><E68/><V64/><F64/><W130/><G130/><AGARI ba="0,1" hai="3,6,11,32,34,35,73,74,129,130,131" m="1399" machi="130" ten="40,2600,0" yaku="19,1,23,1" doraHai="128" who="0" fromWho="3" sc="315,36,343,0,65,0,267,-26" owari="351,45.1,343,14.3,65,-43.5,241,-15.9" /></mjloggm>