<mjloggm ver="2.3"><GO type="169" lobby="0"/><UN n0="%E3%81%95%E3%81%8F%E3%82%88%E3%81%93%E3%81%A1%E3%82%83%E3%82%93" n1="%E8%A3%8F%E7%9F%A5%E3%82%89%E3%81%9A" n2="%E3%81%B1%E3%83%BC%E3%81%9B%E3%82%93%E3%81%A8%E4%BE%8D" n3="%72%65%62%65%65%72" dan="16,17,16,16" rate="2053.95,2198.87,2098.95,2161.88" sx="M,M,M,M"/><TAIKYOKU oya="0"/><INIT seed="0,0,0,1,3,20" ten="250,250,250,250" oya="0" hai0="63,81,82,106,87,75,113,110,99,19,27,39,131" hai1="72,133,1,37,76,128,51,119,86,118,54,120,129" hai2="59,109,112,116,4,105,89,57,23,65,90,73,61" hai3="123,91,7,2,101,122,15,88,84,64,35,10,45"/><T98/><D110/><U30/><E37/><V70/><F112/><W38/><G101/><T111/><D111/><U22/><E1/><V127/><F109/><W53/><G64/><T103/><D113/><U83/><E120/><N who="3" m="46122" /><G35/><T47/><D131/><N who="1" m="50251" /><E72/><V8/><F105/><W62/><G62/><T21/><D98/><U78/><E78/><V126/><F73/><W60/><G60/><T18/><D75/><U121/><E133/><V33/><F33/><W46/><G53/><T102/><D102/><U40/><E40/><V134/><F116/><W77/><G2/><T95/><D63/><U28/><E121/><V6/><F6/><W74/><G74/><T94/><D19/><U79/><E79/><V100/><F134/><W14/><G15/><T9/><D9/><U11/><E11/><V52/><F23/><W26/><G26/><T0/><D0/><U49/><E49/><V56/><F100/><W42/><G46/><T71/><D71/><U117/><E22/><V124/><REACH who="2" step="1"/><F52/><REACH who="2" ten="250,250,240,250" step="2"/><W67/><G67/><T130/><D106/><U85/><E54/><V114/><F114/><W3/><G3/><AGARI ba="0,1" hai="3,4,8,56,57,59,61,65,70,89,90,124,126,127" machi="3" ten="50,3200,0" yaku="1,1,18,1,53,0" doraHai="20" doraHaiUra="69" who="2" fromWho="3" sc="250,0,250,0,240,42,250,-32" /><INIT seed="1,0,0,3,3,2" ten="250,250,282,218" oya="1" hai0="6,115,33,18,87,65,59,28,68,71,78,52,97" hai1="98,118,35,106,47,44,74,1,105,21,45,80,101" hai2="34,24,17,58,77,133,41,9,120,16,40,13,46" hai3="73,76,55,20,5,130,4,60,38,129,121,83,29"/><U90/><E35/><V11/><F120/><W82/><G38/><T89/><D115/><U43/><E118/><V31/><F133/><W10/><G121/><T70/><D6/><N who="3" m="2665" /><G10/><T99/><D78/><U85/><E1/><V131/><F131/><N who="3" m="50187" /><G83/><T117/><D65/><U109/><E109/><V92/><F77/><W67/><G55/><T100/><D117/><U91/><E74/><V124/><F124/><W108/><G108/><T79/><D79/><U107/><E43/><V37/><F41/><W66/><G60/><T57/><D57/><U42/><E42/><V3/><F3/><W26/><AGARI ba="0,0" hai="20,26,29,66,67,73,76,82" m="50187,2665" machi="26" ten="30,7900,0" yaku="19,1,52,3" doraHai="2" who="3" fromWho="3" sc="250,-20,250,-39,282,-20,218,79" /><INIT seed="2,0,0,2,3,13" ten="230,211,262,297" oya="2" hai0="92,62,107,30,56,75,54,93,43,23,35,112,38" hai1="19,135,46,116,133,39,27,101,61,33,132,120,110" hai2="44,130,68,26,32,58,103,117,89,95,59,115,94" hai3="128,97,125,102,123,31,45,83,0,74,2,40,60"/><V88/><F115/><W29/><G123/><T22/><D112/><U9/><E116/><V64/><F117/><W90/><G125/><T79/><D107/><U11/><E120/><V28/><F130/><W134/><G134/><T70/><D70/><U126/><E126/><V87/><F103/><W105/><G60/><T84/><D75/><U98/><E110/><V131/><F131/><W122/><G122/><T52/><D35/><U34/><E61/><V118/><F118/><W129/><G31/><T69/><D69/><U66/><E66/><V91/><F68/><W16/><G29/><T113/><D113/><U48/><E39/><V36/><F64/><W10/><G129/><T63/><D43/><N who="1" m="24671" /><E11/><V119/><F91/><W82/><G128/><T121/><D38/><U3/><E3/><V21/><F119/><W47/><G47/><T15/><D121/><U51/><E51/><V78/><F78/><W20/><G83/><N who="0" m="47231" /><D30/><U104/><E9/><V85/><REACH who="2" step="1"/><F32/><REACH who="2" ten="230,211,252,297" step="2"/><W49/><G90/><T17/><D23/><AGARI ba="0,1" hai="19,23,27,33,34,98,101,104,132,133,135" m="24671" machi="23" ten="30,2000,0" yaku="20,1,52,1" doraHai="13" who="1" fromWho="0" sc="230,-20,211,30,252,0,297,0" /><INIT seed="3,0,0,3,5,6" ten="210,241,252,297" oya="3" hai0="7,112,127,67,97,89,22,31,14,38,52,88,35" hai1="92,108,118,1,0,9,113,61,78,115,102,65,85" hai2="40,47,133,130,41,72,23,30,46,76,75,100,84" hai3="51,39,62,79,124,90,86,64,44,99,107,98,57"/><W95/><G124/><T29/><D127/><U20/><E108/><V119/><F119/><W134/><G134/><T117/><D117/><U19/><E118/><V71/><F71/><W114/><G114/><T83/><D35/><U17/><E78/><V3/><F3/><W63/><G79/><T49/><D38/><U68/><E102/><V42/><F130/><W28/><G28/><N who="0" m="10827" /><D112/><U96/><E96/><V93/><F133/><W94/><G39/><T129/><D67/><U16/><E20/><V10/><F75/><W4/><G4/><T27/><D83/><U105/><E105/><V87/><F72/><W48/><G107/><T18/><D97/><U33/><E33/><V56/><F56/><W82/><G63/><T73/><D73/><U15/><E1/><V66/><F66/><W24/><G24/><T54/><D129/><U77/><E0/><V2/><F100/><N who="3" m="60503" /><G44/><N who="0" m="27687" /><D54/><U13/><E77/><V26/><F76/><W81/><G81/><T36/><D36/><U5/><REACH who="1" step="1"/><E13/><REACH who="1" ten="210,231,252,297" step="2"/><V104/><F104/><W43/><G99/><T110/><D110/><U21/><E21/><V53/><F2/><W11/><G43/><T50/><D50/><U69/><E69/><V131/><F131/><W25/><G51/><T55/><D14/><U59/><E59/><V34/><F34/><W132/><G48/><T128/><D128/><U32/><E32/><V116/><F116/><W8/><G132/><T126/><D126/><U91/><AGARI ba="0,1" hai="5,9,15,16,17,19,61,65,68,85,91,92,113,115" machi="91" ten="30,7900,0" yaku="1,1,0,1,52,1,54,1,53,0" doraHai="6" doraHaiUra="70" who="1" fromWho="1" sc="210,-20,231,89,252,-20,297,-39" /><INIT seed="4,0,0,2,1,15" ten="190,320,232,258" oya="0" hai0="88,28,27,19,121,48,82,111,80,44,73,7,113" hai1="123,92,23,10,39,87,0,16,67,42,133,106,124" hai2="49,30,84,89,60,134,2,64,94,107,65,120,47" hai3="97,50,105,98,102,96,108,93,69,3,90,109,59"/><T5/><D121/><U129/><E106/><V52/><F120/><W18/><G3/><T110/><D113/><U115/><E67/><V128/><F2/><W4/><G4/><T53/><D73/><U34/><E34/><V100/><F134/><W68/><G97/><T122/><D122/><U32/><E32/><V51/><F128/><W11/><G69/><T62/><D62/><U70/><E42/><V31/><F65/><W85/><G68/><T76/><D76/><U54/><E54/><V95/><F107/><W125/><G125/><T135/><D135/><U132/><E87/><V1/><F1/><W41/><G98/><T126/><D126/><U75/><E92/><V58/><F49/><W101/><G101/><T66/><D66/><U12/><E39/><V57/><F47/><W29/><G29/><T117/><D117/><U118/><E129/><V131/><F131/><W38/><G38/><T22/><D28/><U36/><E75/><V79/><F79/><W112/><G112/><T104/><D104/><U45/><E70/><V21/><F21/><W9/><G9/><T33/><D33/><U81/><E118/><V25/><F25/><W77/><G77/><T24/><D24/><N who="1" m="14439" /><E124/><V20/><F20/><W114/><G114/><T13/><D27/><U74/><E115/><V91/><F100/><W78/><G78/><T37/><D37/><U40/><E123/><V83/><F83/><N who="0" m="31786" /><D88/><U8/><E0/><V6/><F6/><W63/><G63/><T56/><D44/><U99/><E133/><V46/><F46/><N who="3" m="25935" /><G59/><T26/><D26/><U43/><E132/><RYUUKYOKU ba="0,0" sc="190,10,320,-30,232,10,258,10" hai0="5,7,13,19,22,48,53,56,110,111" hai2="30,31,51,52,57,58,60,64,84,89,91,94,95" hai3="11,18,85,90,93,96,102,105,108,109" /><INIT seed="4,1,0,3,2,62" ten="200,290,242,268" oya="0" hai0="125,118,23,10,92,80,69,84,102,131,51,25,58" hai1="45,2,98,0,54,59,100,34,112,5,133,52,28" hai2="70,19,35,124,9,63,1,79,90,60,94,22,115" hai3="74,82,113,27,6,122,47,17,68,77,81,8,76"/><T89/><D118/><U132/><E112/><V126/><F35/><W134/><G113/><T48/><D69/><U32/><E45/><V20/><F115/><W128/><G134/><N who="1" m="51818" /><E54/><V111/><F111/><W16/><G128/><T130/><D125/><N who="2" m="48234" /><F79/><W71/><G122/><T85/><D10/><N who="1" m="2343" /><E28/><V15/><F1/><W61/><G47/><T119/><D119/><U43/><E43/><V121/><F121/><W129/><G129/><N who="0" m="49163" /><D58/><U83/><E83/><V33/><F33/><W39/><G39/><T56/><D56/><U135/><N who="1" m="51826" /><U57/><DORA hai="40" /><E57/><V65/><F63/><W42/><G42/><T117/><D102/><U4/><E4/><V110/><F110/><W31/><G71/><T41/><D41/><U13/><E2/><V114/><F114/><W96/><G6/><T30/><D117/><U55/><E13/><V67/><F65/><W44/><G8/><T99/><D99/><AGARI ba="1,0" hai="9,15,19,20,22,60,67,70,90,94,99" m="48234" machi="99" ten="30,2000,0" yaku="18,1,52,1" doraHai="62,40" who="2" fromWho="0" sc="200,-23,290,0,242,23,268,0" /><INIT seed="5,0,0,4,2,18" ten="177,290,265,268" oya="1" hai0="135,132,33,96,49,23,22,69,88,131,97,42,15" hai1="72,82,85,101,66,26,7,29,134,122,99,119,105" hai2="50,43,51,10,67,28,55,58,81,44,54,14,31" hai3="35,5,56,16,133,68,4,70,104,20,48,46,9"/><U115/><E119/><V103/><F103/><W17/><G104/><T109/><D109/><U61/><E122/><V45/><F67/><W36/><G35/><T52/><D69/><U113/><E7/><V64/><F64/><W0/><G133/><N who="0" m="51275" /><D33/><U65/><E72/><V130/><F130/><W1/><G36/><T11/><D42/><U120/><E120/><V78/><F58/><W37/><G37/><T34/><D34/><U59/><E66/><V98/><F98/><N who="0" m="37994" /><D88/><U92/><E105/><V111/><F43/><W91/><G91/><T39/><D39/><U95/><E95/><V8/><F111/><W126/><G56/><N who="0" m="32783" /><D131/><U128/><E128/><V74/><REACH who="2" step="1"/><F10/><REACH who="2" ten="177,290,255,268" step="2"/><W75/><G9/><T112/><D112/><U76/><E134/><V100/><F100/><W129/><G129/><T94/><D94/><U6/><E115/><V30/><F30/><W32/><G70/><T40/><D40/><U118/><E113/><V57/><F57/><W116/><G68/><T110/><D110/><U80/><E59/><V2/><F2/><W117/><G0/><T19/><AGARI ba="0,1" hai="11,15,19,22,23" m="32783,37994,51275" machi="19" ten="30,7900,0" yaku="20,1,52,2,54,1" doraHai="18" who="0" fromWho="0" sc="177,89,290,-39,255,-20,268,-20" /><INIT seed="6,0,0,5,0,14" ten="266,251,235,248" oya="2" hai0="69,115,38,18,62,45,25,48,132,4,111,97,22" hai1="9,129,78,81,98,12,40,41,86,122,32,128,53" hai2="127,31,126,74,89,63,99,8,84,43,64,34,71" hai3="59,6,5,67,95,17,15,2,76,93,30,21,49"/><V87/><F74/><W13/><G2/><T65/><D111/><U66/><E32/><V33/><F43/><W91/><G76/><T92/><D115/><U7/><E122/><V102/><F8/><W10/><G30/><T46/><D132/><U118/><E118/><V55/><F55/><N who="3" m="32239" /><G67/><T121/><D121/><U134/><E134/><V37/><F37/><W56/><G56/><T70/><D4/><U51/><E98/><V117/><F117/><W11/><G91/><T73/><D73/><U96/><E96/><V79/><F79/><W35/><G35/><T61/><D38/><U90/><E66/><V116/><F116/><W119/><G119/><T85/><D65/><U68/><E78/><V42/><F42/><W110/><G110/><T113/><D113/><U135/><E68/><V75/><F75/><W23/><G23/><T28/><D28/><U107/><E107/><V103/><F103/><W125/><G125/><N who="2" m="47625" /><F31/><W80/><G80/><T88/><D69/><U120/><E135/><V123/><F123/><W36/><G36/><T50/><D70/><U44/><E120/><V58/><F71/><W101/><G101/><N who="0" m="60583" /><D46/><U83/><E44/><V27/><F89/><W29/><G29/><T112/><D112/><U52/><E90/><V105/><F34/><W57/><G57/><T100/><D100/><U94/><E41/><V124/><F124/><W19/><G6/><T82/><D45/><U47/><E129/><V72/><F72/><W104/><G104/><T133/><D133/><U54/><E128/><V109/><F109/><W131/><G131/><T24/><D24/><RYUUKYOKU ba="0,0" sc="266,0,251,0,235,0,248,0" hai0="18,22,25,48,50,61,62,82,85,88" hai1="7,9,12,40,47,51,52,53,54,81,83,86,94" hai2="27,33,58,63,64,84,87,99,102,105" hai3="5,10,11,13,15,17,19,21,93,95" /><INIT seed="6,1,0,0,1,125" ten="266,251,235,248" oya="2" hai0="30,130,128,79,43,5,133,4,102,49,15,110,104" hai1="24,67,85,59,88,71,81,106,18,126,107,6,41" hai2="7,0,92,8,29,39,10,80,70,112,105,68,101" hai3="22,121,21,78,103,127,45,100,77,69,55,120,73"/><V58/><F112/><W44/><G69/><T60/><D110/><U64/><E71/><V76/><F105/><W37/><G37/><T117/><D133/><U95/><E126/><V115/><F115/><W40/><G127/><T23/><D117/><U16/><E107/><V113/><F113/><W66/><G55/><T132/><D132/><U36/><E106/><V20/><F39/><W34/><G34/><T27/><D79/><U28/><E6/><V17/><F29/><W38/><G38/><T47/><D60/><N who="1" m="38303" /><E41/><V97/><F10/><W111/><G66/><T89/><D89/><N who="1" m="51375" /><E64/><V82/><F58/><W98/><G98/><N who="0" m="61527" /><D15/><U62/><E62/><V75/><REACH who="2" step="1"/><F82/><REACH who="2" ten="266,251,225,248" step="2"/><W32/><G32/><T61/><D61/><U56/><E56/><V19/><F19/><W53/><G121/><T124/><D124/><U48/><E36/><V13/><AGARI ba="1,1" hai="0,7,8,13,17,20,68,70,75,76,80,92,97,101" machi="13" ten="20,3900,0" yaku="1,1,0,1,7,1,53,0" doraHai="125" doraHaiUra="118" who="2" fromWho="2" sc="266,-14,251,-14,225,52,248,-14" /><INIT seed="6,2,0,2,1,16" ten="252,237,277,234" oya="2" hai0="126,23,10,71,129,9,85,133,79,29,31,48,83" hai1="13,123,94,73,70,80,19,39,33,6,51,75,77" hai2="0,66,20,132,121,76,57,81,99,44,118,32,78" hai3="30,130,42,62,106,87,72,3,65,134,54,36,109"/><V5/><F121/><W63/><G72/><T50/><D129/><U64/><E39/><V60/><F118/><W2/><G109/><T8/><D71/><U69/><E75/><V55/><F32/><W26/><G106/><T103/><D126/><U49/><E33/><V98/><F132/><W11/><G130/><T105/><D133/><U125/><E125/><V101/><F0/><W59/><G134/><T112/><D112/><U82/><E6/><V108/><F5/><W25/><G25/><N who="0" m="16575" /><D105/><U88/><E82/><V40/><F108/><W100/><G100/><T28/><D103/><U115/><E115/><V90/><F66/><W61/><G11/><T21/><D31/><U56/><E123/><V120/><F120/><W74/><G74/><T119/><D119/><U91/><E64/><V27/><F90/><W46/><G87/><T117/><D117/><U113/><E91/><V92/><F98/><W52/><G54/><T128/><D128/><U95/><E113/><V122/><F81/><W86/><G86/><T58/><D58/><U15/><E56/><V127/><F127/><W111/><G111/><T12/><D28/><U84/><E95/><V45/><F122/><W102/><G102/><T116/><D116/><U43/><E43/><V104/><F104/><W89/><G89/><T17/><AGARI ba="2,0" hai="8,9,10,12,17,21,48,50,79,83,85" m="16575" machi="17" ten="30,4000,0" yaku="8,1,52,2" doraHai="16" who="0" fromWho="0" sc="252,46,237,-12,277,-22,234,-12" /><INIT seed="7,0,0,2,4,93" ten="298,225,255,222" oya="3" hai0="7,10,119,67,87,29,63,14,38,96,86,51,34" hai1="65,47,84,62,21,117,55,113,31,12,1,107,70" hai2="109,124,44,98,15,134,2,57,69,120,71,9,11" hai3="58,59,97,88,24,18,13,48,64,20,81,74,42"/><W125/><G125/><T131/><D38/><U116/><E1/><V101/><F109/><W56/><G74/><T3/><D119/><N who="1" m="45643" /><E113/><V35/><F35/><W79/><G79/><T133/><D133/><U40/><E107/><V121/><F134/><W85/><G64/><T27/><D131/><U83/><E55/><V94/><F124/><W32/><G32/><T129/><D129/><U17/><E31/><V73/><F73/><W53/><G42/><T90/><D51/><N who="1" m="27111" /><E84/><V60/><F44/><W122/><G122/><N who="2" m="47209" /><F2/><W43/><G43/><T80/><D3/><U45/><E45/><V102/><F102/><W30/><REACH who="3" step="1"/><G97/><REACH who="3" ten="298,225,255,212" step="2"/><T128/><D96/><U114/><E114/><V52/><F9/><W66/><G66/><T16/><D128/><U127/><E127/><V110/><F110/><W77/><G77/><T82/><D67/><U33/><E33/><V39/><F39/><W75/><G75/><T19/><D34/><U115/><E115/><V130/><F130/><W22/><AGARI ba="0,1" hai="13,18,20,22,24,30,48,53,56,58,59,81,85,88" machi="22" ten="20,12000,1" yaku="1,1,0,1,7,1,8,1,54,1,53,0" doraHai="93" doraHaiUra="89" who="3" fromWho="3" sc="298,-40,225,-40,255,-40,212,130" owari="258,5.8,185,-31.5,215,-18.5,342,44.2" /></mjloggm>