<mjloggm ver="2.3"><GO type="169" lobby="0"/><UN n0="%E5%A7%AB%E7%95%99" n1="%70%6F%6E%2D%65%6E" n2="%E5%A5%B3%E3%81%AA%E3%81%AE%E3%81%82%E3%81%8C%E3%82%89%E3%81%9B%E3%81%A6" n3="%E3%83%9F%E3%83%84%E3%83%8F%E3%82%B7%E3%82%A2%E3%82%B9%E3%83%9E" dan="16,16,16,16" rate="2132.51,2122.00,2132.44,2044.15" sx="M,F,M,M"/><TAIKYOKU oya="0"/><INIT seed="0,0,0,0,1,98" ten="250,250,250,250" oya="0" hai0="79,27,111,126,71,113,49,53,61,43,80,101,13" hai1="5,34,124,115,33,20,118,26,73,119,41,120,116" hai2="42,19,127,93,12,64,70,63,102,60,134,83,110" hai3="24,37,112,100,2,9,0,31,65,23,135,35,92"/><T86/><D113/><U30/><E73/><V52/><F110/><W85/><G112/><T15/><D111/><U46/><E115/><V131/><F131/><W122/><G37/><T58/><D126/><U103/><E120/><V45/><F127/><W128/><G128/><T130/><D130/><U16/><E124/><V109/><F109/><W94/><G135/><T17/><D71/><U25/><E5/><V21/><F134/><W68/><G122/><T107/><D107/><U38/><REACH who="1" step="1"/><E103/><REACH who="1" ten="250,240,250,250" step="2"/><V89/><F102/><W106/><G100/><T121/><D101/><U62/><E62/><V18/><F63/><W96/><G106/><T4/><D121/><U66/><E66/><V1/><F64/><W22/><G65/><T77/><D4/><U11/><E11/><V76/><F60/><W59/><G9/><T55/><D77/><U3/><E3/><V32/><F1/><W84/><G2/><T47/><REACH who="0" step="1"/><D43/><REACH who="0" ten="240,240,250,250" step="2"/><U88/><E88/><V133/><F42/><W44/><G0/><T57/><D57/><U50/><E50/><V7/><F7/><W117/><G59/><T125/><D125/><U72/><E72/><V69/><F69/><W82/><G68/><T29/><D29/><U90/><E90/><V51/><F70/><W67/><G31/><T8/><D8/><U36/><E36/><V6/><F6/><W95/><G67/><T54/><D54/><U99/><E99/><N who="2" m="57775" /><F133/><W74/><G96/><T78/><D78/><U40/><E40/><V97/><F97/><W104/><G104/><T14/><D14/><U114/><E114/><V56/><F76/><RYUUKYOKU ba="0,2" sc="240,15,240,15,250,-15,250,-15" hai0="13,15,17,27,47,49,53,55,58,61,79,80,86" hai1="16,20,25,26,30,33,34,38,41,46,116,118,119" /><INIT seed="0,1,2,0,5,2" ten="255,255,235,235" oya="0" hai0="112,95,99,39,104,10,62,101,91,98,71,23,123" hai1="31,60,51,0,94,86,73,59,119,89,19,111,33" hai2="81,96,15,72,57,11,37,47,29,133,80,114,25" hai3="115,9,50,63,22,102,93,82,127,14,42,120,53"/><T30/><D112/><U13/><E0/><V55/><F114/><W87/><G115/><T129/><D123/><U83/><E119/><V66/><F133/><W38/><G120/><T34/><D39/><U35/><E111/><V130/><F130/><W20/><G127/><T97/><D129/><U27/><E51/><V135/><F135/><W110/><G110/><T7/><D23/><U134/><E134/><V4/><F66/><W107/><G107/><T100/><D71/><U76/><E27/><V43/><F96/><N who="3" m="59663" /><G63/><T41/><D41/><U77/><E31/><V28/><F28/><W68/><G68/><T6/><D62/><U79/><E35/><V126/><F126/><W125/><G38/><T78/><D78/><U17/><E17/><V132/><F72/><W128/><G128/><T40/><D40/><U21/><REACH who="1" step="1"/><E33/><REACH who="1" ten="255,245,235,235" step="2"/><V131/><F132/><W69/><G125/><T18/><D30/><U24/><E24/><V52/><F131/><W103/><G50/><T106/><D34/><U3/><E3/><V16/><F16/><W121/><G121/><T58/><D58/><U48/><E48/><V108/><F108/><W32/><G32/><T12/><AGARI ba="1,3" hai="6,7,10,12,18,91,95,97,98,99,100,101,104,106" machi="12" ten="30,11700,0" yaku="0,1,9,1,52,2" doraHai="2" who="0" fromWho="0" sc="255,150,245,-40,235,-40,235,-40" /><INIT seed="0,2,0,1,3,77" ten="405,205,195,195" oya="0" hai0="117,22,112,3,58,121,119,69,61,125,64,68,133" hai1="65,127,42,14,1,128,4,76,92,35,48,18,134" hai2="109,84,38,107,62,26,86,81,55,89,93,53,63" hai3="31,129,126,106,36,130,75,70,120,5,47,11,28"/><T135/><D3/><U105/><E105/><V103/><F109/><W57/><G70/><N who="0" m="27243" /><D22/><U46/><E65/><V2/><F38/><W49/><G106/><T43/><D112/><U9/><E127/><V101/><F2/><W88/><G126/><T94/><D94/><U24/><E128/><V90/><F26/><W82/><G120/><T87/><D87/><U21/><E134/><N who="0" m="51209" /><D125/><U111/><E111/><V73/><F73/><W23/><G36/><T97/><D97/><U20/><E92/><V33/><F107/><W110/><G110/><T132/><N who="0" m="51217" /><T37/><DORA hai="12" /><D121/><U39/><E39/><V60/><F33/><W45/><G23/><T8/><D8/><U96/><E96/><V91/><F91/><W6/><G6/><T114/><D114/><U27/><E76/><V85/><REACH who="2" step="1"/><F86/><REACH who="2" ten="405,205,185,195" step="2"/><N who="3" m="50263" /><G75/><T80/><D80/><U44/><E35/><V67/><F67/><W16/><G130/><T34/><D34/><U52/><E1/><V116/><F116/><W17/><G129/><T25/><D25/><U13/><E13/><V72/><F72/><W66/><G31/><T29/><D29/><N who="1" m="17543" /><E42/><V115/><F115/><W41/><G28/><T51/><D37/><U71/><E71/><V40/><F40/><W79/><G79/><T113/><D113/><U131/><E131/><V99/><F99/><W118/><G118/><T54/><D43/><U0/><E0/><V78/><F78/><W124/><G124/><T56/><AGARI ba="2,1" hai="51,54,56,58,61,64,117,119" m="51217,27243" machi="56" ten="50,9600,0" yaku="20,1,34,2" doraHai="77,12" who="0" fromWho="0" sc="405,112,205,-34,185,-34,195,-34" /><INIT seed="0,3,0,3,5,53" ten="517,171,151,161" oya="0" hai0="8,40,22,107,54,79,51,125,118,60,74,116,99" hai1="26,11,56,20,127,62,61,115,27,9,64,66,29" hai2="30,89,14,105,84,23,6,77,44,106,24,69,75" hai3="80,104,114,4,87,102,83,117,18,101,133,59,1"/><T78/><D40/><U33/><E127/><V36/><F69/><W94/><G114/><T28/><BYE who="3" /><D60/><U95/><E115/><V10/><F75/><W31/><G31/><T41/><D41/><UN n3="%E3%83%9F%E3%83%84%E3%83%8F%E3%82%B7%E3%82%A2%E3%82%B9%E3%83%9E" /><U124/><E124/><V72/><F72/><W92/><G117/><T49/><D49/><U113/><E113/><V43/><REACH who="2" step="1"/><F77/><REACH who="2" ten="517,171,141,161" step="2"/><W63/><G133/><T70/><D78/><U86/><E86/><V42/><F42/><W35/><G87/><T37/><D70/><U68/><REACH who="1" step="1"/><E95/><AGARI ba="3,1" hai="6,10,14,23,24,30,36,43,44,84,89,95,105,106" machi="95" ten="30,2000,0" yaku="1,1,7,1,53,0" doraHai="53" doraHaiUra="48" who="2" fromWho="1" sc="517,0,171,-29,141,39,161,0" /><INIT seed="1,0,0,3,0,133" ten="517,142,180,161" oya="1" hai0="104,62,57,112,107,11,59,128,127,27,106,54,92" hai1="38,130,50,41,122,134,105,110,15,20,66,55,102" hai2="90,18,40,3,58,131,6,10,43,80,121,109,116" hai3="118,29,79,36,96,97,13,135,17,95,9,132,14"/><U0/><E0/><V23/><F116/><W35/><G36/><T85/><D112/><U108/><E122/><V86/><F121/><W115/><G115/><T47/><D128/><U28/><E134/><N who="3" m="51242" /><G118/><T71/><D71/><U21/><E130/><V63/><F109/><N who="1" m="42089" /><E28/><V101/><F101/><W56/><G79/><T76/><D47/><N who="1" m="23991" /><E66/><V26/><REACH who="2" step="1"/><F131/><REACH who="2" ten="517,142,170,161" step="2"/><W125/><G96/><T89/><D107/><U93/><E105/><V84/><F84/><W94/><G97/><T42/><D85/><U124/><E102/><V129/><F129/><W72/><G72/><T48/><D106/><U74/><E74/><V117/><F117/><W82/><G94/><T32/><D92/><U44/><E93/><V52/><AGARI ba="0,1" hai="3,6,10,18,23,26,40,43,52,58,63,80,86,90" machi="52" ten="20,8000,1" yaku="1,1,0,1,7,1,54,1,53,1" doraHai="133" doraHaiUra="12" who="2" fromWho="2" sc="517,-20,142,-40,170,90,161,-20" /><INIT seed="2,0,0,3,1,135" ten="497,102,260,141" oya="2" hai0="38,69,81,68,53,130,96,110,85,123,9,47,27" hai1="58,4,45,75,86,46,100,44,121,19,95,0,5" hai2="103,108,22,21,74,43,129,61,25,34,76,92,2" hai3="125,126,133,112,70,72,26,97,113,119,115,32,63"/><V132/><F2/><W66/><G119/><T107/><D123/><U118/><E75/><V49/><F132/><W79/><G133/><T116/><D116/><U83/><E121/><V65/><F129/><W134/><G134/><T42/><D130/><U56/><E118/><V11/><F108/><W13/><G13/><T14/><D110/><U87/><E0/><V94/><F74/><W40/><G40/><T64/><D64/><U6/><E19/><V101/><F76/><W33/><G97/><T7/><D53/><U31/><E31/><V84/><F11/><W111/><G111/><T41/><D41/><U91/><REACH who="1" step="1"/><E100/><REACH who="1" ten="497,92,260,141" step="2"/><V82/><F103/><W12/><G12/><T28/><D28/><U54/><E54/><V48/><F101/><W127/><G26/><T73/><D27/><U8/><E8/><V51/><F34/><W39/><G39/><T102/><D73/><U17/><E17/><V24/><F24/><W77/><G72/><T120/><D120/><U106/><E106/><V88/><F43/><W16/><G16/><T1/><D1/><U90/><AGARI ba="0,1" hai="4,5,6,44,45,46,56,58,83,86,87,90,91,95" machi="90" ten="40,5200,0" yaku="1,1,0,1,8,1,53,0" doraHai="135" doraHaiUra="23" who="1" fromWho="1" sc="497,-13,92,62,260,-26,141,-13" /><INIT seed="3,0,0,0,4,20" ten="484,154,234,128" oya="3" hai0="58,125,49,77,38,76,19,65,110,44,50,119,105" hai1="30,41,54,111,72,87,66,116,98,1,106,4,32" hai2="123,79,27,93,24,51,61,131,15,57,45,100,113" hai3="128,6,55,90,68,26,7,71,95,37,101,23,85"/><W63/><G37/><T29/><D119/><U89/><E72/><V56/><F113/><W130/><G101/><T104/><D38/><U48/><E41/><V25/><F131/><N who="3" m="50219" /><G55/><T21/><D29/><U133/><E66/><V34/><F123/><W78/><G78/><T36/><D36/><U94/><E116/><V60/><F34/><W99/><G99/><T2/><D2/><U132/><E30/><V17/><F79/><W112/><G112/><T53/><D125/><U83/><E32/><V47/><F100/><W117/><G117/><T59/><D59/><N who="2" m="22602" /><F93/><W13/><G13/><T92/><D105/><U121/><E121/><V28/><F28/><N who="3" m="17503" /><G63/><N who="2" m="24137" /><F51/><W84/><G84/><T108/><D104/><U129/><E106/><V115/><F115/><W81/><G95/><T9/><D92/><U46/><E129/><V43/><F43/><W86/><G86/><T69/><D53/><U40/><E40/><V12/><F12/><W39/><G39/><T88/><D76/><U16/><E94/><V22/><AGARI ba="0,0" hai="15,17,22,24,25,27,45,47" m="24137,22602" machi="22" ten="30,7900,0" yaku="8,1,52,3" doraHai="20" who="2" fromWho="2" sc="484,-20,154,-20,234,79,128,-39" /><INIT seed="4,0,0,3,2,79" ten="464,134,313,89" oya="0" hai0="81,37,125,67,42,29,94,10,51,4,115,132,53" hai1="52,102,69,45,33,113,133,103,7,111,6,40,58" hai2="73,121,68,9,122,120,49,41,99,118,89,106,130" hai3="5,97,126,90,88,100,15,38,86,36,75,13,11"/><T34/><D115/><U129/><E69/><V80/><F68/><W25/><G126/><T71/><D125/><U105/><E33/><V19/><F130/><W1/><G75/><T65/><D132/><U76/><E111/><V28/><F28/><W57/><G25/><T48/><D48/><U104/><E129/><V62/><F62/><W114/><G114/><T134/><D94/><U35/><E35/><V95/><F118/><W44/><G57/><T43/><D37/><U64/><E64/><N who="0" m="24649" /><D29/><U127/><E113/><V2/><F106/><W18/><G1/><T21/><D34/><U8/><E133/><V26/><F26/><W91/><G44/><T117/><D134/><U59/><E45/><V135/><F49/><W101/><G101/><T20/><D71/><U123/><E127/><V109/><F41/><N who="0" m="15370" /><D10/><U22/><E40/><V70/><F70/><W124/><G124/><T23/><D4/><U56/><E8/><V87/><F135/><W74/><G74/><T16/><D81/><U98/><E105/><V82/><F2/><W50/><G50/><T30/><D30/><U24/><E103/><N who="2" m="60927" /><F9/><W63/><G63/><T112/><D117/><U131/><E131/><V39/><F19/><W83/><G38/><T110/><D110/><U92/><E104/><V14/><F39/><W85/><G36/><T116/><D116/><U3/><E3/><V107/><F107/><W61/><G61/><T32/><D32/><U12/><E7/><V72/><F109/><W17/><G5/><T78/><D112/><U93/><E6/><V55/><F55/><W60/><G60/><RYUUKYOKU ba="0,0" sc="464,0,134,0,313,0,89,0" /><INIT seed="5,1,0,5,0,64" ten="464,134,313,89" oya="1" hai0="52,54,48,41,2,43,31,126,7,57,35,32,94" hai1="99,11,58,89,9,128,109,101,117,104,70,135,71" hai2="106,34,63,108,10,38,78,1,40,44,37,29,111" hai3="76,91,125,21,73,84,13,100,130,12,42,67,112"/><U114/><E117/><V131/><F131/><W95/><G130/><T4/><D2/><U132/><E128/><V103/><F38/><W19/><G125/><T124/><D31/><U88/><E114/><V33/><F78/><W59/><G112/><T120/><D94/><U115/><E115/><V92/><F92/><W16/><G100/><T105/><D105/><U56/><E109/><V98/><F63/><W50/><G73/><T26/><D26/><U87/><E56/><V116/><F116/><W27/><G76/><T15/><D120/><U22/><E22/><V39/><F39/><W3/><G3/><T61/><D15/><U85/><E58/><V60/><F60/><W65/><G59/><N who="0" m="33159" /><D43/><U80/><E9/><V133/><F133/><N who="1" m="51273" /><E11/><V127/><F127/><N who="0" m="48682" /><D41/><U51/><E51/><V74/><F74/><W28/><G13/><T123/><D123/><U122/><E122/><V81/><F29/><W30/><G30/><T72/><D72/><U86/><E86/><V0/><F0/><W5/><G5/><AGARI ba="1,0" hai="4,5,7,32,35,54,57,61" m="48682,33159" machi="5" ten="30,2000,0" yaku="18,1,54,1" doraHai="64" who="0" fromWho="3" sc="464,23,134,0,313,0,89,-23" /><INIT seed="6,0,0,0,2,42" ten="487,134,313,66" oya="2" hai0="58,15,122,83,133,23,105,123,86,124,100,71,109" hai1="27,131,61,120,81,96,101,52,108,12,16,116,21" hai2="88,110,3,90,117,36,107,114,63,6,60,106,32" hai3="87,43,41,38,84,47,26,35,99,112,31,102,65"/><V53/><F117/><W128/><G128/><T28/><D71/><U103/><E116/><V19/><F32/><W50/><G112/><T98/><D109/><U17/><E108/><V22/><F110/><W4/><G43/><T34/><D34/><U130/><E120/><V13/><F36/><W129/><G129/><N who="1" m="49162" /><E81/><V113/><F3/><W9/><G50/><T14/><D14/><U62/><E52/><V104/><F6/><W126/><G65/><T51/><D133/><U97/><E97/><V70/><F70/><W57/><G57/><T115/><D115/><N who="2" m="44042" /><F60/><N who="1" m="23145" /><E96/><V85/><F85/><W11/><G11/><AGARI ba="0,0" hai="11,12,16,17,21,27,101,103" m="23145,49162" machi="11" ten="30,2000,0" yaku="19,1,54,1" doraHai="42" who="1" fromWho="3" sc="487,0,134,20,313,0,66,-20" /><INIT seed="7,0,0,2,5,34" ten="487,154,313,46" oya="3" hai0="42,80,74,56,117,135,46,132,65,70,71,68,85" hai1="73,111,91,16,100,64,6,86,67,96,21,87,61" hai2="39,69,109,7,38,106,66,57,75,36,13,116,78" hai3="102,17,50,119,63,5,82,129,108,35,0,48,22"/><W47/><G119/><T3/><D3/><U59/><E73/><V26/><F109/><W30/><G108/><T115/><D74/><U130/><E130/><V72/><F26/><W93/><G129/><T103/><D103/><U83/><E6/><V54/><F13/><W95/><G82/><T52/><D117/><U37/><E37/><V90/><F90/><W23/><G35/><T15/><D15/><N who="1" m="9375" /><E111/><V124/><F106/><W134/><G134/><N who="0" m="51243" /><D115/><U94/><E87/><V29/><F29/><W98/><G5/><T107/><D65/><AGARI ba="0,0" hai="59,61,64,65,67,83,86,91,94,96,100" m="9375" machi="65" ten="30,2000,0" yaku="8,1,54,1" doraHai="34" who="1" fromWho="0" sc="487,-20,154,20,313,0,46,0" owari="467,56.7,174,-22.6,313,11.3,46,-45.4" /></mjloggm>