<mjloggm ver="2.3"><GO type="169" lobby="0"/><UN n0="%E2%91%A3%E3%82%BB%E3%83%B3%E3%83%81" n1="%E6%B2%B3%E7%AB%A5%E3%81%AE%E3%83%AF%E3%82%AB%E3%83%9E%E3%83%84" n2="%E8%B5%A4%E7%BE%8E%E6%BF%83%E3%81%BE%E3%81%90%E3%82%8D" n3="%6F%6B%62%6F%6B%62" dan="18,17,16,17" rate="2247.90,2198.75,2146.98,2193.48" sx="M,M,M,M"/><TAIKYOKU oya="0"/><INIT seed="0,0,0,0,0,125" ten="250,250,250,250" oya="0" hai0="120,80,114,92,57,74,73,22,79,123,131,96,83" hai1="126,81,65,20,44,100,104,30,62,54,110,130,113" hai2="127,56,111,31,14,24,106,117,128,55,6,118,15" hai3="39,90,4,38,10,66,35,60,76,29,18,58,135"/><T129/><D22/><U5/><E126/><V99/><F111/><W37/><G135/><T61/><D114/><U11/><E110/><V116/><F127/><W88/><G76/><N who="0" m="44047" /><D57/><U16/><E113/><V33/><F6/><W23/><G29/><T87/><D61/><U89/><E30/><V93/><F106/><W134/><G134/><T34/><D74/><U82/><E65/><V122/><F122/><N who="0" m="46634" /><D34/><U0/><E62/><V42/><F42/><W94/><G35/><T50/><D50/><U107/><E54/><V103/><F15/><W45/><G45/><T1/><D1/><U12/><E20/><V27/><F27/><W36/><G36/><T21/><D21/><U109/><E12/><V46/><F14/><W13/><REACH who="3" step="1"/><G94/><REACH who="3" ten="250,250,250,240" step="2"/><T52/><D52/><U101/><E44/><V9/><F46/><W64/><G64/><T17/><D17/><U28/><E16/><V41/><F41/><W71/><G71/><T98/><D98/><U40/><E40/><V95/><F95/><W119/><G119/><T85/><D85/><U68/><E68/><V51/><F9/><W70/><G70/><T115/><D115/><U8/><E28/><V53/><F53/><W48/><G48/><T97/><D97/><U75/><E75/><V78/><F78/><W121/><G121/><T69/><D69/><U43/><E43/><V105/><F93/><W67/><G67/><T19/><D19/><U2/><E109/><V7/><F7/><W91/><G91/><AGARI ba="0,1" hai="79,83,87,91,92,96,129,131" m="46634,44047" machi="91" ten="30,11600,0" yaku="34,2,52,2" doraHai="125" who="0" fromWho="3" sc="250,126,250,0,250,0,240,-116" /><INIT seed="0,1,0,2,4,14" ten="376,250,250,124" oya="0" hai0="115,117,22,75,94,79,68,21,84,28,0,44,99" hai1="30,33,88,59,32,61,69,5,65,124,107,46,92" hai2="51,10,101,128,45,57,71,80,53,19,97,132,37" hai3="24,82,16,111,39,6,104,54,76,43,8,77,103"/><T127/><D115/><U123/><E123/><V91/><F71/><W83/><G111/><T78/><D117/><U120/><E120/><V40/><F128/><W26/><G104/><T41/><D68/><U35/><E107/><V74/><F132/><W81/><G103/><T106/><D106/><U2/><E124/><V58/><F58/><W93/><G93/><T73/><D0/><U50/><E69/><V113/><F113/><W118/><G118/><T7/><D7/><U109/><E109/><V36/><F91/><W52/><G43/><T100/><D75/><U23/><E5/><V66/><F66/><W67/><G67/><T12/><D73/><U119/><E2/><V112/><F112/><W60/><G39/><T31/><D22/><U20/><E30/><V64/><F64/><W27/><G60/><T47/><D47/><U11/><E11/><V130/><F130/><W114/><G6/><T98/><D98/><U25/><E25/><V62/><F74/><W15/><G114/><T121/><D127/><U17/><E119/><V1/><F80/><N who="3" m="20483" /><W134/><DORA hai="48" /><G134/><T102/><D102/><U87/><REACH who="1" step="1"/><E17/><REACH who="1" ten="376,240,250,124" step="2"/><V126/><F126/><W133/><G133/><T55/><D31/><U95/><E95/><N who="2" m="58559" /><F1/><W96/><G96/><T125/><D28/><U131/><E131/><V70/><F70/><W116/><G116/><T110/><D110/><U105/><E105/><V42/><F19/><W90/><G90/><T38/><D125/><U49/><E49/><N who="2" m="26807" /><F10/><W9/><G8/><T72/><D121/><U89/><E89/><V34/><F34/><W129/><G129/><RYUUKYOKU ba="1,1" sc="376,-30,240,10,250,10,124,10" hai1="20,23,32,33,35,46,50,59,61,65,87,88,92" hai2="36,37,40,51,53,57,62" hai3="9,15,16,24,26,27,52,54,76,77" /><INIT seed="1,2,1,0,0,48" ten="346,250,260,134" oya="1" hai0="96,118,34,50,21,115,64,4,16,39,30,22,93" hai1="126,110,54,42,47,19,131,10,105,60,3,94,97" hai2="59,132,43,106,52,128,101,95,111,35,88,20,116" hai3="78,7,46,57,121,1,98,72,70,15,75,67,80"/><U41/><E105/><V84/><F116/><W23/><G70/><T58/><D39/><U92/><E131/><V83/><F128/><W63/><G121/><T117/><D115/><U114/><E114/><V8/><F35/><W29/><G1/><T12/><D34/><U112/><E112/><V73/><F132/><W85/><G98/><T122/><D122/><U53/><E126/><V127/><F127/><W133/><G133/><T65/><D4/><U87/><E110/><V109/><F43/><N who="1" m="16393" /><E3/><V134/><F134/><W13/><G46/><T74/><D74/><U49/><E87/><V55/><F8/><W119/><G119/><T26/><D118/><U2/><E2/><V44/><F44/><W5/><G5/><T120/><D120/><U103/><E94/><V32/><F32/><W45/><G45/><T113/><D113/><U129/><E129/><V108/><F20/><W89/><G75/><T38/><D38/><U17/><E10/><V71/><F71/><W61/><G7/><T77/><D77/><U18/><E60/><V79/><F59/><W37/><G61/><T25/><D117/><U11/><E11/><V125/><F125/><W100/><G37/><T107/><D107/><U68/><E68/><V36/><F36/><W76/><G76/><T0/><D0/><U135/><E135/><V6/><F6/><W51/><G51/><T69/><D69/><U91/><E103/><V86/><F86/><W66/><G100/><N who="0" m="60431" /><D50/><U28/><E28/><V82/><F82/><N who="3" m="45383" /><G67/><N who="0" m="25675" /><D58/><U102/><E102/><V124/><F124/><W24/><G66/><T56/><D56/><RYUUKYOKU ba="2,1" sc="346,0,250,0,260,0,134,0" hai0="12,16,21,22,25,26,30" hai1="17,18,19,47,49,53,54,91,92,97" hai2="52,55,73,79,83,84,88,95,101,106,108,109,111" hai3="13,15,23,24,29,57,63,80,85,89" /><INIT seed="1,3,1,0,3,101" ten="346,250,260,134" oya="1" hai0="47,58,76,34,55,88,99,72,119,36,3,39,74" hai1="134,124,128,116,8,37,52,59,80,98,53,106,6" hai2="54,64,85,127,79,45,48,19,103,111,11,23,43" hai3="108,78,117,125,7,51,90,69,70,60,81,133,17"/><U112/><E112/><V24/><F111/><W91/><G108/><T73/><D119/><U62/><E116/><V21/><F127/><W122/><G122/><T131/><D34/><U16/><E37/><V130/><F130/><W4/><G125/><T87/><D3/><U109/><E124/><V12/><F103/><W115/><G115/><T77/><D131/><U105/><E128/><V41/><F64/><W63/><G117/><T113/><D113/><U38/><E38/><V118/><F118/><W18/><G51/><T66/><D66/><U84/><E109/><V15/><F79/><W114/><G114/><T83/><D39/><U30/><E30/><N who="2" m="17679" /><F85/><W44/><G78/><T50/><REACH who="0" step="1"/><D99/><REACH who="0" ten="336,250,260,134" step="2"/><U46/><E98/><V28/><F28/><W0/><G0/><T71/><D71/><U49/><E134/><V5/><AGARI ba="3,2" hai="5,11,12,15,19,23,41,43,45,48,54" m="17679" machi="5" ten="30,1100,0" yaku="8,1" doraHai="101" who="2" fromWho="2" sc="336,-6,250,-8,260,40,134,-6" /><INIT seed="2,0,0,3,3,121" ten="330,242,300,128" oya="2" hai0="36,26,111,7,118,100,91,132,20,113,13,88,99" hai1="105,47,46,10,22,95,130,80,129,54,82,116,70" hai2="50,98,55,28,24,73,2,96,69,67,42,43,41" hai3="64,76,18,56,15,34,4,21,65,79,57,123,93"/><V119/><F119/><W37/><G37/><T9/><D113/><U23/><E105/><V74/><F2/><W84/><G34/><T60/><D36/><U117/><E70/><V124/><F124/><W90/><G123/><T134/><D118/><U102/><E95/><V61/><F96/><W44/><G44/><T1/><D1/><U131/><E102/><V35/><REACH who="2" step="1"/><F98/><REACH who="2" ten="330,242,290,128" step="2"/><W32/><G32/><T0/><D0/><U5/><E117/><V33/><F33/><W83/><G4/><T49/><D99/><U86/><E116/><V108/><F108/><W110/><G110/><T103/><D103/><U106/><E130/><V104/><F104/><W31/><G31/><T38/><D100/><U81/><E106/><V19/><F19/><W125/><G125/><T29/><D111/><U109/><E109/><V58/><AGARI ba="0,1" hai="24,28,35,41,42,43,50,55,58,61,67,69,73,74" machi="58" ten="30,6000,0" yaku="1,1,0,1,53,1" doraHai="121" doraHaiUra="45" who="2" fromWho="2" sc="330,-20,242,-20,290,70,128,-20" /><INIT seed="2,1,0,3,5,26" ten="310,222,360,108" oya="2" hai0="87,30,131,132,34,76,4,97,51,104,70,101,106" hai1="11,84,95,9,113,14,44,12,110,98,6,33,63" hai2="46,65,79,32,127,82,121,133,126,61,48,74,71" hai3="66,115,69,41,93,72,125,109,16,120,83,122,22"/><V2/><F121/><W3/><G109/><T37/><D37/><U88/><E113/><V96/><F2/><W43/><G3/><T42/><D131/><U40/><E110/><V59/><F32/><W118/><G118/><T73/><D73/><U36/><E33/><V85/><F133/><W18/><G115/><T129/><D4/><U68/><E68/><V50/><F96/><W53/><G18/><T7/><D7/><U117/><E117/><V91/><F71/><W116/><G116/><T94/><D70/><U99/><REACH who="1" step="1"/><E63/><REACH who="1" ten="310,212,360,108" step="2"/><V105/><F105/><W112/><G112/><T100/><D104/><U27/><E27/><V60/><F60/><W20/><G69/><T29/><D34/><U81/><E81/><V108/><F108/><W24/><G83/><N who="0" m="47591" /><D106/><U80/><E80/><V134/><F134/><W90/><G120/><T54/><D132/><U102/><E102/><V13/><F74/><W25/><G72/><T124/><D101/><U15/><E15/><V62/><F62/><W0/><G122/><T55/><D129/><U39/><E39/><V67/><F61/><W47/><G0/><T130/><D130/><U77/><E77/><V52/><F79/><W17/><G66/><N who="2" m="25097" /><F13/><W111/><G111/><T21/><D100/><U58/><E58/><V1/><F1/><W10/><G10/><T119/><D119/><U64/><E64/><V56/><F56/><W23/><G23/><T75/><D21/><U49/><E49/><N who="2" m="28727" /><F59/><W114/><G114/><T28/><D75/><U5/><AGARI ba="1,1" hai="5,6,9,11,12,14,36,40,44,84,88,95,98,99" machi="5" ten="20,12000,2" yaku="1,1,0,1,7,1,9,1,54,1,53,1" doraHai="26" doraHaiUra="89" who="1" fromWho="1" sc="310,-31,212,133,360,-61,108,-31" /><INIT seed="3,0,0,3,4,35" ten="279,345,299,77" oya="3" hai0="75,78,132,47,129,60,67,33,123,48,57,120,44" hai1="122,43,4,40,84,104,58,32,10,54,99,97,102" hai2="88,13,28,59,69,128,111,53,130,55,50,0,39" hai3="41,119,86,62,95,19,18,131,21,81,42,65,135"/><W24/><G135/><T71/><D33/><U49/><E122/><N who="0" m="46633" /><D78/><U77/><E32/><V134/><F134/><W70/><G119/><T124/><D75/><U56/><E97/><V79/><F79/><W8/><G131/><N who="2" m="50217" /><F111/><W34/><G34/><T96/><D96/><U2/><REACH who="1" step="1"/><E58/><REACH who="1" ten="279,335,299,77" step="2"/><V66/><F69/><W110/><G110/><T114/><D129/><U6/><E6/><V30/><F39/><W80/><G80/><AGARI ba="0,1" hai="2,4,10,40,43,49,54,56,77,80,84,99,102,104" machi="80" ten="40,8000,1" yaku="1,1,52,1,53,2" doraHai="35" doraHaiUra="36" who="1" fromWho="3" sc="279,0,335,90,299,0,77,-80" owari="279,-12.1,425,52.5,299,9.9,-3,-50.3" /></mjloggm>