<mjloggm ver="2.3"><GO type="169" lobby="0"/><UN n0="%E6%8E%A2%39" n1="%69%6B%61%6D%6F%66%75%40" n2="%E8%B5%A4%E7%BE%8E%E6%BF%83%E3%81%BE%E3%81%90%E3%82%8D" n3="%E6%B0%B4%E7%84%A1%E6%9C%88%2A%E9%9F%BF" dan="17,17,16,16" rate="2207.13,2207.71,2148.97,2032.49" sx="M,M,M,M"/><TAIKYOKU oya="0"/><INIT seed="0,0,0,4,3,1" ten="250,250,250,250" oya="0" hai0="48,77,18,40,131,93,116,58,46,42,124,66,117" hai1="27,86,106,83,101,68,109,2,127,59,134,60,11" hai2="82,120,34,67,122,71,100,94,49,20,25,6,36" hai3="130,91,129,38,104,62,0,118,75,125,45,76,110"/><T52/><D77/><U74/><E68/><V16/><F36/><W111/><G91/><T89/><D124/><U90/><E109/><N who="3" m="41482" /><G104/><T7/><D131/><U17/><E134/><V14/><F49/><W41/><G62/><N who="0" m="38231" /><D117/><U50/><E50/><V26/><F82/><N who="3" m="45343" /><G118/><T87/><D116/><U19/><E27/><V33/><F67/><W81/><G81/><T63/><D63/><U55/><E127/><V108/><F71/><W126/><G0/><T54/><D54/><U23/><E74/><V96/><F108/><W88/><G88/><N who="0" m="53407" /><D18/><U80/><E17/><V37/><F37/><W73/><G73/><T97/><D7/><U103/><E106/><V9/><REACH who="2" step="1"/><F26/><REACH who="2" ten="250,250,240,250" step="2"/><W95/><G126/><T85/><D97/><U121/><E60/><V70/><F70/><W128/><G125/><T3/><D3/><U114/><E2/><V28/><F28/><W15/><G15/><T31/><D31/><U21/><E114/><V56/><F56/><W29/><G29/><T5/><D5/><U115/><E59/><V123/><AGARI ba="0,1" hai="6,9,14,16,20,25,33,34,94,96,100,120,122,123" machi="123" ten="30,12000,2" yaku="1,1,0,1,52,1,54,1,53,3" doraHai="1" doraHaiUra="119" who="2" fromWho="2" sc="250,-60,250,-30,240,130,250,-30" /><INIT seed="1,0,0,2,1,1" ten="190,220,370,220" oya="1" hai0="119,15,123,5,63,89,61,13,35,74,100,133,114" hai1="122,14,9,134,77,80,58,115,40,26,16,83,43" hai2="129,106,8,112,52,101,125,23,50,45,0,11,57" hai3="86,41,93,37,47,60,29,113,72,95,25,18,96"/><U116/><E115/><V24/><F125/><W110/><G113/><T120/><D74/><U118/><E122/><N who="0" m="46633" /><D114/><U4/><E134/><V73/><F73/><W102/><G72/><T117/><D100/><U78/><E116/><N who="0" m="44617" /><D35/><U21/><E118/><V135/><F129/><W76/><G110/><T92/><D133/><U64/><E80/><V65/><F135/><W121/><G121/><T36/><D36/><U103/><E103/><V48/><F112/><W6/><G60/><N who="0" m="23115" /><D5/><U53/><E64/><V128/><F101/><W51/><G37/><T91/><D92/><U88/><E77/><V66/><F106/><W62/><G6/><T131/><D131/><U38/><E38/><V71/><F128/><W39/><G39/><T107/><D107/><U108/><E108/><V84/><F84/><W20/><G62/><T99/><D99/><U54/><E78/><V33/><F33/><W3/><G76/><T130/><D130/><U2/><E2/><V55/><F0/><W32/><G3/><T28/><D28/><U34/><E34/><V124/><F66/><W79/><G79/><T19/><D19/><U59/><E59/><V97/><F97/><W17/><G32/><T10/><D10/><U27/><E27/><V132/><F132/><W126/><G126/><T46/><D46/><U70/><E70/><V67/><F67/><W42/><G86/><T105/><D105/><U49/><E54/><V69/><F124/><W30/><G95/><T98/><D98/><U68/><E68/><N who="2" m="26187" /><F65/><W85/><G96/><T7/><D7/><U111/><E111/><V94/><F94/><RYUUKYOKU ba="0,0" sc="190,10,220,10,370,10,220,-30" hai0="13,15,89,91" hai1="4,9,14,16,21,26,40,43,49,53,58,83,88" hai2="8,11,23,24,45,48,50,52,55,57" /><INIT seed="1,1,0,2,1,128" ten="200,230,380,190" oya="1" hai0="25,120,117,35,103,17,116,134,130,81,122,70,19" hai1="7,3,106,16,4,14,97,68,48,115,39,113,109" hai2="64,123,95,135,55,13,61,1,41,46,28,118,89" hai3="126,85,20,87,131,67,101,36,32,8,91,92,9"/><U56/><E68/><V22/><F1/><W40/><G32/><T114/><D103/><U52/><E39/><V38/><F118/><N who="0" m="45674" /><D81/><U54/><E109/><V94/><F123/><N who="0" m="47146" /><D70/><U30/><E30/><V80/><F55/><W104/><G67/><T11/><D130/><U79/><E3/><V44/><F44/><W111/><G111/><T112/><D134/><U21/><E79/><V31/><F135/><W90/><G131/><T43/><D43/><U77/><E77/><V29/><F80/><W12/><G126/><T93/><D93/><U53/><E53/><V125/><F125/><W59/><G36/><T129/><D129/><U45/><E106/><V66/><F66/><W107/><G40/><T119/><N who="0" m="45682" /><T99/><DORA hai="5" /><D99/><U27/><E97/><V23/><F95/><N who="3" m="54735" /><G107/><T86/><D86/><U102/><E102/><V83/><F83/><W88/><G104/><T63/><D63/><U24/><E113/><N who="0" m="43625" /><D11/><N who="3" m="4169" /><G101/><T96/><D96/><U100/><E100/><V6/><F41/><W33/><G91/><T132/><D132/><U26/><E115/><V82/><F89/><W65/><G88/><T0/><D0/><U84/><E84/><V57/><F38/><W72/><G87/><T73/><D73/><U69/><E69/><V98/><F98/><W71/><G71/><T42/><D42/><U50/><AGARI ba="1,0" hai="4,7,14,16,21,24,26,27,45,48,50,52,54,56" machi="50" ten="30,11700,0" yaku="0,1,8,1,54,2" doraHai="128,5" who="1" fromWho="1" sc="200,-40,230,120,380,-40,190,-40" /><INIT seed="1,2,0,4,3,15" ten="160,350,340,150" oya="1" hai0="72,19,113,124,79,21,69,93,38,118,1,52,40" hai1="60,41,103,122,42,91,123,46,115,125,107,73,126" hai2="87,128,82,67,27,49,129,81,121,127,31,106,28" hai3="62,14,76,105,130,116,53,63,26,114,89,12,35"/><U11/><E73/><V34/><F121/><W16/><G114/><T80/><D113/><U117/><E115/><V110/><F106/><W5/><G105/><T3/><D118/><U33/><E33/><V66/><F110/><W74/><G116/><T47/><D124/><N who="1" m="47723" /><E42/><V13/><F127/><W135/><G130/><N who="2" m="50281" /><F31/><W55/><G135/><T88/><D69/><U50/><E117/><V104/><F104/><W132/><G132/><T83/><D83/><N who="2" m="31754" /><F87/><W17/><G74/><T39/><D52/><N who="3" m="20041" /><G35/><T98/><REACH who="0" step="1"/><D38/><REACH who="0" ten="150,350,340,150" step="2"/><U71/><E71/><V20/><F49/><W44/><G44/><T9/><D9/><U32/><E11/><V90/><F67/><W120/><G120/><T133/><D133/><U96/><E122/><V25/><F66/><W56/><G76/><T51/><D51/><U86/><E123/><V78/><F78/><W2/><G63/><T119/><D119/><U29/><E60/><V18/><F90/><W30/><G89/><T84/><D84/><U4/><E91/><V59/><F59/><W65/><G5/><T94/><D94/><U54/><E86/><V57/><F57/><W24/><G30/><T95/><D95/><U134/><E134/><V102/><F102/><W68/><G68/><T99/><D99/><U43/><E4/><V48/><F48/><W109/><G109/><T111/><D111/><U37/><E37/><V92/><F92/><W10/><G2/><T22/><D22/><AGARI ba="2,1" hai="10,12,14,16,17,22,24,26,56,62,65" m="20041" machi="22" ten="30,8000,1" yaku="8,1,52,2,54,2" doraHai="15" who="3" fromWho="0" sc="150,-86,350,0,340,0,150,96" /><INIT seed="2,0,0,2,2,30" ten="64,350,340,246" oya="2" hai0="70,75,64,117,4,7,1,13,38,126,99,123,127" hai1="32,41,35,48,89,28,57,90,84,55,96,98,112" hai2="46,72,2,12,120,25,109,91,77,20,15,106,6" hai3="103,17,93,44,53,69,62,113,5,10,3,105,100"/><V132/><F120/><W86/><G105/><T24/><D38/><U34/><E112/><V119/><F119/><W59/><G113/><T114/><D114/><U87/><E28/><V54/><F106/><W23/><G69/><T88/><D75/><U130/><E130/><V61/><F132/><W101/><G44/><T76/><D76/><U37/><E41/><V122/><F122/><W63/><G62/><T131/><D123/><U83/><REACH who="1" step="1"/><E37/><REACH who="1" ten="64,340,340,246" step="2"/><V133/><F133/><W107/><G107/><T58/><D131/><U81/><AGARI ba="0,1" hai="32,34,35,48,55,57,81,83,84,87,89,90,96,98" machi="81" ten="30,12000,2" yaku="1,1,2,1,0,1,9,1,52,3,53,0" doraHai="30" doraHaiUra="0" who="1" fromWho="1" sc="64,-30,340,130,340,-60,246,-30" /><INIT seed="3,0,0,3,3,97" ten="34,470,280,216" oya="3" hai0="56,111,132,28,30,112,82,99,24,4,127,86,96" hai1="23,36,32,16,102,100,47,123,51,29,12,93,76" hai2="48,33,72,101,104,55,19,59,31,46,27,10,74" hai3="21,52,78,130,124,53,64,3,37,17,40,91,6"/><W70/><G130/><T80/><D4/><U92/><E36/><V107/><F107/><W135/><G135/><T11/><D132/><U113/><E123/><V88/><F19/><W45/><G124/><T7/><D127/><U95/><E113/><V14/><F14/><W1/><G78/><T34/><D112/><U67/><E67/><V39/><F10/><W20/><G20/><T84/><D111/><U13/><E76/><V2/><F2/><W57/><G6/><T66/><D30/><U81/><E81/><V44/><F44/><W129/><G129/><T5/><D5/><U41/><REACH who="1" step="1"/><E12/><REACH who="1" ten="34,460,280,216" step="2"/><V62/><F39/><W109/><G109/><T54/><D66/><U90/><E90/><V8/><F88/><W128/><G128/><T125/><D125/><U120/><E120/><V73/><F8/><W0/><G91/><T35/><D82/><U106/><E106/><V65/><F104/><W15/><REACH who="3" step="1"/><G70/><REACH who="3" ten="34,460,280,206" step="2"/><T121/><D121/><U116/><E116/><V25/><F25/><AGARI ba="0,2" hai="13,16,23,25,29,32,41,47,51,92,93,95,100,102" machi="25" ten="40,8000,1" yaku="1,1,52,2,54,1,53,0" doraHai="97" doraHaiUra="117" who="1" fromWho="2" sc="34,0,460,100,280,-80,206,0" /><INIT seed="4,0,0,2,3,29" ten="34,560,200,206" oya="0" hai0="52,112,36,40,43,99,127,60,64,7,63,82,96" hai1="14,49,28,12,100,55,107,90,38,75,22,57,81" hai2="95,126,69,109,120,20,21,8,47,108,131,0,39" hai3="61,26,13,79,129,3,45,89,65,86,116,84,24"/><T62/><D7/><U11/><E38/><V54/><F120/><W53/><G116/><T50/><D82/><U19/><E28/><V117/><F69/><W51/><G129/><T134/><D99/><U16/><E107/><V92/><F117/><W25/><G3/><T31/><D96/><U6/><E100/><V133/><F133/><W111/><G111/><T97/><D97/><U132/><E132/><V88/><F126/><W5/><G79/><T37/><D31/><U115/><E115/><V76/><F76/><W48/><G48/><T74/><D74/><U114/><E114/><V73/><F73/><W93/><G86/><T83/><D83/><U9/><E75/><V30/><F131/><W27/><G27/><T94/><D94/><U105/><E105/><V56/><F95/><W113/><G113/><T18/><D18/><N who="1" m="8463" /><E22/><V102/><F102/><W59/><G5/><T123/><D112/><U46/><E57/><V78/><F78/><W77/><G77/><T130/><D130/><U41/><E41/><N who="0" m="15945" /><D123/><U44/><E44/><V106/><F106/><W35/><G35/><T119/><D134/><U135/><E135/><V15/><F0/><W128/><G128/><T87/><D119/><U70/><E70/><V98/><F47/><W1/><G1/><T80/><D127/><U4/><E6/><V124/><F124/><W2/><G2/><T66/><D36/><U58/><E81/><V91/><F39/><W71/><G13/><T32/><D37/><U103/><E103/><V33/><F91/><W42/><G26/><T118/><D118/><U17/><E90/><RYUUKYOKU ba="0,0" sc="34,-15,560,15,200,-15,206,15" hai1="4,11,14,16,17,19,46,49,55,58" hai3="24,25,42,45,51,53,59,61,65,71,84,89,93" /><INIT seed="5,1,0,4,0,60" ten="19,575,185,221" oya="1" hai0="88,130,73,35,21,74,46,48,62,108,25,91,111" hai1="80,19,33,55,125,85,49,50,0,109,78,67,14" hai2="13,16,70,110,126,92,29,22,20,103,76,97,44" hai3="119,72,39,4,132,54,124,18,128,71,5,93,36"/><U69/><E50/><V56/><F70/><W104/><G93/><T38/><D130/><U37/><E33/><V61/><F110/><W86/><G86/><T64/><D35/><U117/><E0/><V96/><F126/><W3/><G18/><T63/><D38/><U24/><E37/><V23/><F76/><W53/><G53/><T102/><D102/><U43/><E43/><V75/><F75/><W133/><G54/><T52/><D63/><U7/><E24/><V113/><F113/><W82/><G82/><T68/><D74/><U135/><E7/><V17/><F44/><W57/><G57/><T30/><REACH who="0" step="1"/><D73/><REACH who="0" ten="9,575,185,221" step="2"/><N who="1" m="43087" /><E109/><AGARI ba="1,1" hai="21,25,30,46,48,52,62,64,68,88,91,108,109,111" machi="109" ten="40,8000,1" yaku="1,1,52,1,54,2,53,0" doraHai="60" doraHaiUra="127" who="0" fromWho="1" sc="9,93,575,-83,185,0,221,0" /><INIT seed="6,0,0,3,2,131" ten="102,492,185,221" oya="2" hai0="4,47,100,57,76,95,20,78,11,129,33,64,22" hai1="23,130,38,71,9,12,101,86,40,94,82,128,92" hai2="134,83,15,42,117,24,74,70,67,93,27,132,135" hai3="110,51,133,68,44,17,60,10,75,90,103,97,59"/><V54/><F117/><W109/><G68/><T123/><D33/><U14/><E71/><V66/><F42/><W37/><G37/><T45/><D123/><U6/><E101/><V31/><F15/><W91/><G75/><T112/><D129/><N who="1" m="49771" /><E23/><V65/><F70/><W26/><G91/><T102/><D112/><U13/><E40/><V16/><F16/><W30/><G90/><T113/><D113/><U62/><E62/><V39/><F39/><W43/><G10/><T87/><D11/><U124/><E38/><V32/><F27/><W21/><G30/><T50/><D4/><U0/><E124/><V96/><F54/><W106/><G133/><T69/><D69/><U35/><E35/><V77/><F67/><AGARI ba="0,0" hai="17,21,26,43,44,51,59,60,67,97,103,106,109,110" machi="67" ten="30,1000,0" yaku="7,1" doraHai="131" who="3" fromWho="2" sc="102,0,492,0,185,-10,221,10" /><INIT seed="7,0,0,5,2,87" ten="102,492,175,231" oya="3" hai0="70,1,41,120,117,130,60,6,98,122,103,25,93" hai1="86,83,71,50,44,134,118,7,12,2,88,74,46" hai2="80,95,31,79,17,33,19,125,55,97,132,69,27" hai3="129,63,39,26,30,100,47,54,75,78,58,48,116"/><W64/><G100/><T131/><D41/><U94/><E71/><V127/><F69/><W14/><G78/><T62/><D6/><U67/><E2/><V8/><F55/><W40/><G75/><T59/><D1/><U43/><E67/><V85/><F132/><W108/><G129/><T35/><D117/><U90/><E118/><V29/><F29/><W110/><G14/><T123/><D70/><U16/><E46/><V126/><REACH who="2" step="1"/><F8/><REACH who="2" ten="102,492,165,231" step="2"/><W10/><G10/><T102/><D102/><AGARI ba="0,1" hai="17,19,27,31,33,79,80,85,95,97,102,125,126,127" machi="102" ten="40,5200,0" yaku="1,1,2,1,18,1,53,0" doraHai="87" doraHaiUra="112" who="2" fromWho="0" sc="102,-52,492,0,165,62,231,0" owari="50,-45.0,492,59.2,227,-17.3,231,3.1" /></mjloggm>