<mjloggm ver="2.3"><GO type="169" lobby="0"/><UN n0="%57%44%44%69%65" n1="%E8%A1%A8%E7%A4%BA%E4%BE%A1%E6%A0%BC%E3%82%88%E3%82%8A%E5%8D%8A%E9%A1%8D" n2="%E6%95%97%E5%8C%97%E8%80%85%E3%81%AD%E3%82%8B" n3="%E3%81%AE%E3%81%AF%E3%81%A3%E3%81%A1" dan="16,16,17,16" rate="2086.53,2065.43,2184.69,2196.70" sx="M,M,F,M"/><TAIKYOKU oya="0"/><INIT seed="0,0,0,2,0,50" ten="250,250,250,250" oya="0" hai0="18,113,132,40,19,53,23,58,33,24,96,98,16" hai1="124,32,14,101,110,27,59,41,76,133,36,79,116" hai2="22,122,105,55,17,37,9,29,44,43,0,75,4" hai3="127,3,93,6,104,61,62,2,85,87,5,74,69"/><T119/><D113/><U84/><E110/><V64/><F105/><W91/><G74/><T28/><D119/><U66/><E133/><V7/><F122/><W21/><G104/><T15/><D132/><U130/><E124/><V8/><F75/><W100/><G100/><T20/><D40/><U129/><E116/><V54/><F29/><W131/><G131/><N who="1" m="50186" /><E101/><V82/><F64/><W73/><G73/><T118/><D118/><U25/><E32/><V45/><F82/><W71/><G21/><T121/><D121/><U70/><E70/><V134/><F134/><W106/><G106/><T60/><D19/><U89/><E41/><V31/><F45/><W108/><G108/><T90/><D90/><U128/><E14/><AGARI ba="0,0" hai="14,15,16,18,20,23,24,28,33,53,58,60,96,98" machi="14" ten="30,11600,0" yaku="7,1,9,1,52,1,54,1" doraHai="50" who="0" fromWho="1" sc="250,116,250,-116,250,0,250,0" /><INIT seed="0,1,0,2,5,106" ten="366,134,250,250" oya="0" hai0="84,8,134,31,107,28,63,24,27,86,103,46,102" hai1="118,14,71,9,30,97,98,74,11,25,82,37,87" hai2="100,32,92,19,66,125,18,17,39,72,41,2,36" hai3="114,128,0,116,78,5,68,20,113,115,117,51,105"/><T1/><D134/><U52/><E118/><V40/><F2/><W57/><G68/><T13/><D1/><U59/><E71/><V53/><F32/><W75/><G105/><T88/><D63/><U67/><E37/><V110/><F110/><W93/><G93/><T4/><D107/><U111/><E67/><V132/><F125/><W96/><G96/><T79/><D79/><U50/><E74/><V129/><F132/><W121/><G20/><T49/><D86/><U135/><E135/><V91/><F100/><W56/><G128/><T60/><D60/><U44/><E111/><V119/><F72/><W62/><G121/><T16/><D4/><U29/><E59/><V124/><F66/><W42/><G5/><T80/><D27/><U7/><E11/><V54/><F124/><W73/><G78/><T55/><D31/><U33/><REACH who="1" step="1"/><E30/><REACH who="1" ten="366,124,250,250" step="2"/><V94/><F119/><W6/><G57/><T23/><AGARI ba="1,1" hai="8,13,16,23,24,28,46,49,55,80,84,88,102,103" machi="23" ten="20,18000,2" yaku="0,1,7,1,25,2,8,1,54,2" doraHai="106" who="0" fromWho="0" sc="366,193,124,-61,250,-61,250,-61" /><INIT seed="0,2,0,0,0,45" ten="559,63,189,189" oya="0" hai0="39,1,31,127,74,3,40,53,132,50,57,131,78" hai1="133,82,134,42,25,96,56,51,114,104,24,103,125" hai2="55,67,130,92,69,28,91,93,111,32,75,98,66" hai3="54,52,100,41,0,6,34,116,58,60,88,122,85"/><T13/><D132/><N who="1" m="50795" /><E114/><V29/><F75/><W129/><G116/><T33/><D131/><U61/><E125/><V113/><F113/><W97/><G34/><T107/><D107/><U128/><E128/><V120/><F120/><W37/><G129/><T112/><D112/><U121/><E82/><V115/><F115/><W14/><G122/><T63/><D127/><U117/><E117/><V12/><F130/><W105/><G0/><T18/><D33/><U87/><E87/><V119/><F119/><W27/><G27/><T86/><D74/><U99/><E99/><V47/><F111/><W126/><G126/><T80/><D39/><U17/><E17/><V9/><F69/><W5/><G54/><T48/><D40/><U77/><E77/><V76/><F93/><W102/><G102/><T38/><D38/><U89/><E89/><V2/><F2/><W21/><G41/><T65/><D31/><N who="2" m="11850" /><F76/><W109/><G37/><T83/><D83/><U8/><E8/><V81/><F81/><W20/><G109/><T123/><D123/><U71/><E71/><V62/><F62/><W4/><REACH who="3" step="1"/><G14/><REACH who="3" ten="559,63,189,179" step="2"/><T70/><D3/><U64/><E121/><V15/><F15/><W7/><N who="3" m="1024" /><DORA hai="73" /><W118/><G118/><T23/><D1/><U11/><E11/><V124/><F32/><W26/><G26/><N who="1" m="10346" /><E42/><V49/><F124/><W44/><G44/><T135/><D135/><U95/><E104/><V22/><F9/><W106/><G106/><T46/><D46/><U10/><E10/><V43/><F43/><W110/><G110/><T101/><D101/><U59/><E59/><RYUUKYOKU ba="2,1" sc="559,0,63,0,189,0,179,0" hai0="13,18,23,48,50,53,57,63,65,70,78,80,86" hai1="51,56,61,64,95,96,103" hai2="12,22,47,49,55,66,67,91,92,98" hai3="20,21,52,58,60,85,88,97,100,105" /><INIT seed="0,3,1,0,4,94" ten="559,63,189,179" oya="0" hai0="7,110,21,69,57,1,59,33,48,5,131,135,64" hai1="75,45,55,87,97,117,109,95,73,67,14,31,56" hai2="103,47,105,52,71,128,39,25,10,88,100,115,134" hai3="15,22,133,92,30,16,81,83,62,34,41,85,125"/><T60/><D33/><U58/><E109/><V127/><F115/><W76/><G125/><T65/><D135/><U44/><E117/><V130/><F71/><W96/><G133/><T101/><D131/><N who="2" m="50218" /><F105/><W20/><G34/><T63/><D110/><U120/><E120/><V119/><F134/><W84/><G41/><T51/><D1/><U104/><E31/><V79/><F79/><W98/><G62/><T112/><D112/><U24/><E24/><V42/><F127/><W111/><G92/><T78/><D78/><U74/><E104/><V23/><F10/><N who="3" m="6263" /><G111/><T80/><D80/><U11/><E87/><V86/><F52/><W0/><G0/><T3/><D3/><U90/><E67/><V49/><F39/><W122/><G122/><T132/><D132/><U116/><E116/><V53/><F42/><W37/><G37/><T2/><D2/><U4/><REACH who="1" step="1"/><E58/><REACH who="1" ten="559,53,189,179" step="2"/><V113/><F119/><W91/><G22/><T38/><D21/><U50/><AGARI ba="3,2" hai="4,11,14,44,45,50,55,56,73,74,75,90,95,97" machi="50" ten="30,12000,2" yaku="1,1,2,1,0,1,52,1,53,3" doraHai="94" doraHaiUra="106" who="1" fromWho="1" sc="559,-63,53,149,189,-33,179,-33" /><INIT seed="1,0,0,1,0,25" ten="496,202,156,146" oya="1" hai0="44,24,54,43,38,110,76,9,41,133,81,80,26" hai1="125,115,67,127,102,134,14,5,48,37,12,116,111" hai2="79,29,55,66,73,1,8,10,20,104,28,117,51" hai3="3,130,58,13,62,19,65,35,50,75,4,39,89"/><U135/><E116/><V30/><F104/><W92/><G130/><T118/><D118/><U42/><E37/><V98/><F117/><W60/><G39/><T91/><D110/><U2/><E115/><V84/><F73/><W23/><G75/><T59/><D133/><N who="1" m="50699" /><E102/><V87/><F1/><W103/><G103/><T71/><D71/><U52/><E67/><V72/><F72/><W128/><G128/><T132/><D132/><U113/><E42/><V126/><F66/><W100/><G100/><T107/><D107/><U7/><E113/><V77/><F98/><W17/><G35/><T105/><D105/><U129/><E111/><V109/><F126/><N who="1" m="48137" /><E129/><V108/><F108/><W34/><G65/><T32/><D43/><U88/><E88/><V121/><F20/><W16/><G23/><T46/><D32/><U33/><E33/><V120/><F109/><W119/><G34/><T36/><D36/><U86/><E86/><N who="2" m="32811" /><F121/><W114/><G114/><T96/><D91/><U63/><E63/><V122/><F122/><W101/><G101/><T131/><D131/><U31/><E31/><N who="2" m="7939" /><V85/><DORA hai="27" /><F120/><W18/><G119/><T93/><D96/><U90/><E2/><V45/><N who="2" m="32819" /><V95/><DORA hai="53" /><F95/><W69/><G3/><T61/><D93/><U99/><E99/><V47/><F45/><W0/><G0/><T112/><D46/><N who="1" m="27671" /><E90/><V124/><F124/><W106/><G106/><T68/><D112/><U6/><AGARI ba="0,0" hai="5,6,7,12,14" m="27671,48137,50699" machi="6" ten="40,7800,0" yaku="20,1,18,1,54,1" doraHai="25,27,53" who="1" fromWho="1" sc="496,-26,202,78,156,-26,146,-26" /><INIT seed="1,1,0,4,4,64" ten="470,280,130,120" oya="1" hai0="42,18,46,72,132,24,84,1,133,5,19,21,75" hai1="108,81,116,4,44,118,106,37,102,135,88,80,61" hai2="110,95,32,55,27,47,73,83,109,8,121,23,86" hai3="93,2,105,14,25,124,7,45,54,82,6,31,98"/><U96/><E4/><V107/><F121/><W41/><G124/><T39/><D84/><U90/><E135/><N who="0" m="51785" /><D1/><U127/><E127/><V3/><F107/><W53/><G105/><T91/><D5/><U49/><E37/><V134/><F134/><W33/><G2/><T34/><D34/><U36/><E36/><V126/><F126/><W68/><G68/><T35/><D35/><U63/><E108/><V77/><F32/><W12/><G6/><T113/><D113/><U28/><E28/><V100/><F8/><W29/><G29/><T129/><D129/><U111/><E111/><N who="2" m="42507" /><F3/><W89/><G82/><T60/><D91/><U30/><E30/><V66/><F66/><W78/><G78/><T56/><D19/><U99/><E106/><V74/><F55/><AGARI ba="1,0" hai="18,21,24,39,42,46,55,56,60,72,75" m="51785" machi="55" ten="30,1000,0" yaku="20,1" doraHai="64" who="0" fromWho="2" sc="470,13,280,0,130,-13,120,0" /><INIT seed="2,0,0,3,1,72" ten="483,280,117,120" oya="2" hai0="67,135,110,24,14,53,7,15,106,107,37,127,103" hai1="105,83,134,35,98,61,6,41,10,77,42,101,52" hai2="125,22,94,4,63,31,55,28,59,108,64,17,65" hai3="58,0,68,133,113,62,131,74,25,80,3,115,92"/><V13/><F125/><W19/><G68/><T1/><D37/><U128/><E35/><V85/><F108/><W75/><G131/><T12/><D67/><U90/><E128/><V81/><F4/><W119/><G119/><T116/><D127/><U60/><E90/><V8/><F94/><W45/><G133/><T33/><D135/><U32/><E32/><V96/><F96/><W93/><G45/><T114/><D114/><N who="3" m="43529" /><G25/><T104/><D110/><U49/><E134/><V30/><REACH who="2" step="1"/><F8/><REACH who="2" ten="483,280,107,120" step="2"/><W69/><G93/><T73/><D7/><U20/><E20/><V87/><F87/><W34/><G92/><T71/><D107/><U50/><E105/><V123/><F123/><W51/><G34/><T27/><D104/><U130/><E98/><V39/><F39/><W100/><G75/><T70/><D106/><U109/><E109/><V84/><F84/><W9/><G9/><T54/><D73/><U16/><E6/><V57/><F57/><W11/><G58/><T86/><D86/><U43/><E10/><V76/><AGARI ba="0,1" hai="13,17,22,28,30,31,55,59,63,64,65,76,81,85" machi="76" ten="30,11700,0" yaku="1,1,0,1,8,1,52,1,53,0" doraHai="72" doraHaiUra="112" who="2" fromWho="2" sc="483,-39,280,-39,107,127,120,-39" /><INIT seed="2,1,0,0,5,77" ten="444,241,234,81" oya="2" hai0="75,132,32,33,12,108,70,7,8,74,100,3,49" hai1="83,25,24,59,11,62,67,119,85,104,37,82,46" hai2="81,98,38,41,63,94,96,29,121,20,65,55,10" hai3="101,31,90,112,71,48,14,117,131,122,30,50,126"/><V5/><F121/><W103/><G117/><T2/><D70/><U16/><E119/><V15/><F38/><W128/><G71/><T26/><D100/><N who="3" m="38473" /><G122/><T40/><D108/><U28/><E104/><V93/><F41/><W113/><G14/><T64/><D64/><U88/><E37/><V105/><F105/><W58/><G58/><T66/><D66/><U92/><E46/><V95/><F55/><W120/><G90/><T60/><D60/><U125/><E125/><V69/><F29/><N who="3" m="10763" /><G126/><T21/><D132/><U39/><E39/><V73/><REACH who="2" step="1"/><F20/><REACH who="2" ten="444,241,224,81" step="2"/><W13/><G120/><T114/><D40/><U35/><REACH who="1" step="1"/><E11/><REACH who="1" ten="444,231,224,81" step="2"/><V57/><F57/><W68/><G68/><T86/><D8/><U102/><E102/><V4/><F4/><W89/><G112/><T130/><D7/><U97/><E97/><V53/><F53/><W87/><G113/><T19/><D114/><U61/><E61/><V52/><F52/><W110/><G50/><T72/><D49/><U44/><E44/><V109/><F109/><W99/><G48/><T36/><D36/><U91/><E91/><V133/><F133/><W111/><G99/><T17/><D33/><U34/><E34/><V124/><F124/><W42/><G42/><T51/><D51/><U129/><E129/><N who="3" m="49738" /><G111/><T115/><D130/><U107/><E107/><V127/><F127/><W43/><G110/><T118/><D115/><U23/><AGARI ba="1,2" hai="16,23,24,25,28,35,59,62,67,82,83,85,88,92" machi="23" ten="30,12000,2" yaku="1,1,0,1,52,2,54,2,53,1" doraHai="77" doraHaiUra="84" who="1" fromWho="1" sc="444,-31,231,143,224,-61,81,-31" /><INIT seed="3,0,0,2,4,108" ten="413,374,163,50" oya="3" hai0="40,65,111,79,92,66,39,68,57,37,35,20,70" hai1="81,54,126,99,119,34,72,15,19,98,58,30,43" hai2="82,112,12,101,50,23,116,18,71,123,89,22,45" hai3="67,95,76,77,8,51,4,31,6,9,75,84,85"/><W27/><G67/><N who="0" m="25611" /><D35/><U114/><E43/><V63/><F116/><W64/><G64/><T0/><D0/><U125/><E119/><V14/><F112/><W62/><G62/><T13/><D79/><U53/><E30/><V33/><F33/><W59/><G75/><T132/><D92/><U7/><E7/><V38/><F38/><N who="0" m="14346" /><D13/><U128/><E34/><V120/><F63/><W24/><G95/><T118/><D20/><U113/><E81/><V134/><F71/><N who="0" m="27178" /><D118/><U97/><E72/><V121/><F134/><W122/><G122/><T26/><D26/><U5/><E5/><V46/><F101/><W28/><G59/><T3/><D3/><U96/><E58/><V115/><F115/><N who="1" m="44041" /><E19/><V56/><F82/><W61/><G61/><T131/><D132/><U80/><E15/><V29/><F89/><W88/><REACH who="3" step="1"/><G51/><REACH who="3" ten="413,374,163,40" step="2"/><T93/><D93/><U133/><E80/><V106/><F50/><W104/><G104/><T1/><D57/><U127/><E133/><V87/><F106/><W83/><G83/><T25/><D131/><U60/><E128/><V48/><F56/><W74/><G74/><T73/><D73/><U47/><E98/><V44/><F87/><W110/><G110/><T10/><D111/><U42/><E60/><V52/><F44/><W130/><G130/><T78/><D78/><U109/><E109/><V102/><F46/><W103/><G103/><T135/><D135/><U69/><E69/><V105/><F102/><W32/><G32/><T94/><D94/><U55/><E47/><V86/><F105/><W129/><G129/><T11/><D1/><RYUUKYOKU ba="0,1" sc="413,-15,374,15,163,-15,40,15" hai1="42,53,54,55,96,97,99,125,126,127" hai3="4,6,8,9,24,27,28,31,76,77,84,85,88" /><INIT seed="3,1,1,1,5,89" ten="398,389,148,55" oya="3" hai0="94,100,54,29,50,13,30,45,118,2,81,75,35" hai1="114,48,3,21,8,57,39,104,22,1,130,6,42" hai2="107,109,41,132,97,32,102,86,47,79,108,87,93" hai3="133,33,37,0,60,69,90,20,77,84,82,43,73"/><W67/><G133/><T15/><D118/><U92/><E114/><V68/><F32/><W120/><G120/><T26/><D2/><U59/><E104/><V23/><F68/><W5/><G20/><T10/><D30/><U80/><E3/><V128/><F23/><W9/><G84/><T56/><D75/><U122/><E122/><V127/><F132/><W7/><G90/><T119/><D119/><U85/><E22/><V66/><F66/><W49/><G49/><T88/><D100/><U113/><E21/><V72/><F128/><W106/><G7/><T61/><D81/><U117/><E113/><V11/><F11/><W98/><G33/><T65/><D10/><U70/><E70/><V134/><F127/><W58/><G58/><T4/><D4/><U40/><E39/><V101/><F134/><W27/><G27/><T52/><D65/><U64/><E130/><V131/><F131/><W55/><G55/><T19/><D19/><U46/><E117/><V78/><F41/><W115/><G115/><T17/><D17/><U123/><E42/><V28/><F47/><N who="3" m="24047" /><G98/><AGARI ba="1,1" hai="13,15,26,29,35,45,50,52,54,56,61,88,94,98" machi="98" ten="30,7700,0" yaku="7,1,52,1,54,2" doraHai="89" who="0" fromWho="3" sc="398,90,389,0,148,0,55,-80" owari="488,58.8,389,18.9,148,-25.2,-25,-52.5" /></mjloggm>