<mjloggm ver="2.3"><GO type="169" lobby="0"/><UN n0="%E4%B8%89%E5%8D%81%E7%94%BB%E7%94%9F" n1="%E5%9B%9B%E5%89%AF%E9%9C%B2%E5%8D%98%E9%A8%8E" n2="%E6%81%8B%E3%81%AE%E3%81%86%E3%81%9F" n3="%31%74%61" dan="16,16,17,17" rate="2123.39,2045.83,2229.24,2238.19" sx="M,F,M,M"/><TAIKYOKU oya="0"/><INIT seed="0,0,0,0,2,112" ten="250,250,250,250" oya="0" hai0="98,87,35,118,34,56,54,0,68,14,129,131,18" hai1="66,76,100,9,58,3,27,38,133,45,61,8,91" hai2="78,7,85,72,107,116,124,64,59,15,43,73,123" hai3="39,53,99,81,108,77,90,92,105,80,21,82,4"/><T26/><D118/><U5/><E133/><V110/><F123/><W20/><G39/><T104/><D0/><U47/><E100/><V127/><F107/><W23/><G108/><T41/><D68/><U114/><E114/><V134/><F43/><W31/><G4/><T120/><D120/><U74/><E91/><V65/><F134/><W93/><G105/><T52/><D41/><N who="1" m="22711" /><E27/><V57/><F85/><W32/><G53/><T13/><D104/><U70/><E47/><V6/><F15/><W62/><G62/><T50/><D98/><U10/><E70/><V94/><F78/><W36/><G36/><T49/><D87/><U2/><E2/><V86/><F86/><W19/><G93/><T55/><D55/><U16/><E16/><V28/><F94/><W30/><G32/><T96/><D96/><U44/><E44/><V51/><F28/><N who="3" m="10795" /><G77/><T83/><D26/><AGARI ba="0,0" hai="19,20,21,23,26,80,81,82,90,92,99" m="10795" machi="26" ten="30,1000,0" yaku="8,1" doraHai="112" who="3" fromWho="0" sc="250,-10,250,0,250,0,250,10" /><INIT seed="1,0,0,1,2,50" ten="240,250,250,260" oya="1" hai0="18,78,20,35,130,118,94,5,2,32,87,80,56" hai1="88,74,132,45,41,63,9,71,112,11,21,30,49" hai2="14,28,103,127,81,54,115,108,59,82,10,83,135" hai3="110,57,7,105,42,51,52,64,60,106,107,8,86"/><U46/><E112/><V117/><F117/><W109/><G42/><T1/><D118/><U0/><E74/><V119/><F119/><W114/><G86/><T55/><D130/><U77/><E132/><V89/><F108/><W29/><G29/><T39/><D39/><U129/><E129/><V134/><F127/><W19/><G19/><T76/><D76/><U73/><E0/><V131/><F103/><W67/><G114/><T79/><D79/><U34/><E34/><V40/><F40/><W95/><G95/><T126/><D126/><U68/><E45/><V31/><F89/><W27/><G27/><T133/><D133/><N who="2" m="50698" /><F131/><W16/><G16/><T62/><D2/><U70/><E63/><N who="2" m="36343" /><F115/><W92/><G92/><T15/><REACH who="0" step="1"/><D94/><REACH who="0" ten="230,250,250,260" step="2"/><U53/><E77/><V100/><F100/><W13/><REACH who="3" step="1"/><G67/><REACH who="3" ten="230,250,250,250" step="2"/><T116/><D116/><U122/><E73/><V97/><F97/><W36/><G36/><T96/><D96/><U65/><E65/><V104/><F104/><W6/><G6/><AGARI ba="0,2" hai="6,10,14,28,31,81,82,83" m="36343,50698" machi="6" ten="30,2000,0" yaku="20,1,52,1" doraHai="50" who="2" fromWho="3" sc="230,0,250,0,250,40,250,-20" /><INIT seed="2,0,0,3,2,89" ten="230,250,290,230" oya="2" hai0="49,74,78,54,86,112,114,93,80,59,127,107,82" hai1="92,4,1,115,73,71,45,42,95,27,81,117,85" hai2="50,36,106,29,21,61,31,98,75,70,88,38,125" hai3="51,101,2,6,119,20,96,8,135,110,13,97,37"/><V11/><F75/><W7/><G37/><T77/><D107/><U14/><E115/><V87/><F125/><W62/><G119/><T126/><REACH who="0" step="1"/><D93/><REACH who="0" ten="220,250,290,230" step="2"/><U58/><E92/><V35/><F106/><W47/><G135/><T123/><D123/><U118/><E95/><V76/><F98/><W64/><G97/><T9/><D9/><U102/><E117/><V48/><F11/><W90/><G96/><T91/><D91/><U66/><E118/><V55/><F88/><W113/><G90/><T129/><D129/><U28/><E102/><V99/><F99/><W131/><G101/><T109/><D109/><U12/><E81/><V57/><F76/><W19/><G110/><T100/><D100/><U103/><E103/><V84/><F35/><W17/><G131/><T133/><D133/><U108/><E108/><V67/><F21/><W56/><G113/><AGARI ba="0,1" hai="49,54,59,74,77,78,80,82,86,112,113,114,126,127" machi="113" ten="40,2600,0" yaku="1,1,53,1" doraHai="89" doraHaiUra="104" who="0" fromWho="3" sc="220,36,250,0,290,0,230,-26" /><INIT seed="3,0,0,4,3,93" ten="256,250,290,204" oya="3" hai0="132,73,90,55,50,28,52,60,39,6,14,100,74" hai1="122,104,9,33,126,0,96,92,117,63,88,107,17" hai2="68,67,135,113,124,78,71,116,87,105,118,62,2" hai3="76,7,81,38,1,45,46,58,94,109,65,31,40"/><W111/><G31/><T59/><D39/><U89/><E122/><V54/><F2/><W110/><G46/><T80/><D132/><U123/><E123/><V44/><F87/><W23/><G23/><T84/><D28/><U69/><E33/><V70/><F78/><W12/><G12/><T108/><D108/><U3/><E126/><V32/><F105/><W26/><G26/><T37/><D37/><U114/><E114/><V112/><F32/><W29/><G29/><T36/><D36/><U21/><E117/><N who="2" m="45163" /><F124/><W42/><G42/><T43/><D43/><U19/><E104/><V11/><F11/><N who="3" m="2543" /><G94/><T75/><D100/><U57/><E107/><V98/><F135/><W34/><G58/><T25/><D25/><U66/><E57/><N who="2" m="37327" /><F98/><W79/><G65/><T121/><D121/><U120/><E120/><V72/><F72/><N who="3" m="43143" /><G79/><T27/><D27/><U133/><E133/><V61/><F61/><W119/><G119/><T106/><D106/><U125/><E125/><V95/><F95/><W115/><G34/><T82/><D82/><U127/><E127/><V24/><F24/><W56/><G56/><T53/><REACH who="0" step="1"/><D60/><REACH who="0" ten="246,250,290,204" step="2"/><U15/><E63/><V48/><AGARI ba="0,1" hai="44,48,54,68,70,71,112,113" m="37327,45163" machi="48" ten="40,2700,0" yaku="34,2" doraHai="93" who="2" fromWho="2" sc="246,-7,250,-7,290,37,204,-13" /><INIT seed="4,0,0,1,1,56" ten="239,243,327,191" oya="0" hai0="11,121,82,60,43,97,84,86,130,23,14,49,74" hai1="129,89,100,76,28,24,116,90,53,102,59,87,21" hai2="46,48,119,5,37,81,92,122,120,16,54,45,134" hai3="83,70,77,85,128,18,33,91,66,15,88,96,10"/><T6/><D121/><U34/><E116/><V123/><F5/><W25/><G128/><T50/><D130/><U39/><E39/><V104/><F104/><W62/><REACH who="3" step="1"/><G96/><REACH who="3" ten="239,243,327,181" step="2"/><T108/><D97/><U78/><E129/><V38/><F122/><W103/><G103/><T106/><D108/><U95/><E100/><V58/><F120/><W9/><G9/><T132/><D106/><U112/><E102/><V44/><F123/><W47/><G47/><T131/><D131/><U124/><E112/><V64/><F46/><W42/><G42/><T17/><D43/><U19/><E124/><V22/><F45/><W52/><G52/><T8/><D11/><U3/><E3/><V101/><F44/><W20/><G20/><T79/><D132/><U2/><E2/><V69/><F134/><W31/><AGARI ba="0,1" hai="10,15,18,25,31,33,62,66,70,77,83,85,88,91" machi="31" ten="30,7900,0" yaku="1,1,0,1,52,1,54,1,53,0" doraHai="56" doraHaiUra="105" who="3" fromWho="3" sc="239,-39,243,-20,327,-20,181,89" /><INIT seed="5,0,0,0,5,98" ten="200,223,307,270" oya="1" hai0="123,68,25,62,37,125,41,113,40,61,16,38,96" hai1="124,106,67,74,11,121,13,109,91,29,42,78,79" hai2="122,1,32,71,88,34,132,12,53,112,0,15,23" hai3="54,65,56,104,118,44,52,76,100,8,59,39,131"/><U33/><E121/><V130/><F71/><W63/><G76/><T64/><D113/><U69/><E124/><V10/><F53/><W35/><G35/><N who="2" m="13353" /><F88/><W20/><G20/><T60/><D125/><U19/><E42/><V50/><F50/><W102/><G8/><T4/><D4/><U119/><E119/><V83/><F83/><W129/><G104/><T120/><D96/><U116/><E91/><V134/><F130/><N who="3" m="49675" /><G118/><T9/><D25/><U87/><E79/><V107/><F107/><W2/><G2/><N who="2" m="1129" /><F122/><N who="0" m="46634" /><D16/><U24/><E19/><N who="2" m="10727" /><F112/><W117/><G117/><T70/><D9/><U21/><E106/><V14/><F14/><W135/><G39/><N who="0" m="14859" /><D64/><U99/><E67/><V17/><AGARI ba="0,0" hai="10,15,17,132,134" m="10727,1129,13353" machi="17" ten="40,2700,0" yaku="34,2" doraHai="98" who="2" fromWho="2" sc="200,-7,223,-13,307,27,270,-7" /><INIT seed="6,0,0,0,1,62" ten="193,210,334,263" oya="2" hai0="115,26,2,43,123,13,83,31,131,49,76,67,56" hai1="29,0,95,57,70,36,87,35,71,44,134,11,117" hai2="78,65,5,45,33,118,106,22,73,55,6,25,7" hai3="40,96,12,90,94,103,48,81,102,8,16,4,24"/><V27/><F106/><W72/><G72/><T23/><D123/><U129/><E117/><V14/><F118/><W107/><G81/><T125/><D2/><U126/><E129/><V69/><F33/><W127/><G127/><T133/><D125/><U66/><E126/><V92/><F69/><W116/><G116/><T47/><D131/><U119/><E119/><V46/><F78/><W10/><G107/><T124/><D124/><U110/><E110/><V34/><F34/><W38/><G38/><T121/><D121/><U9/><E87/><V37/><F37/><W32/><G32/><T61/><D115/><U120/><E95/><V89/><F73/><W15/><G24/><T108/><D108/><U97/><E97/><V20/><F14/><W88/><G90/><T98/><D133/><U51/><E134/><V77/><F77/><W101/><G48/><T1/><D1/><U85/><E85/><V74/><F74/><W28/><G40/><T75/><D13/><U104/><E104/><V114/><F114/><W132/><G132/><T64/><REACH who="0" step="1"/><D98/><REACH who="0" ten="183,210,334,263" step="2"/><U41/><E0/><V39/><F5/><W60/><G4/><T105/><D105/><U82/><E120/><V113/><F6/><W53/><G15/><T80/><D80/><U109/><E82/><V52/><F113/><W59/><G28/><T30/><D30/><U128/><E128/><V42/><F7/><W111/><G111/><T50/><D50/><U21/><E109/><V84/><F39/><W86/><G96/><T112/><D112/><U58/><E36/><V100/><F92/><W63/><G8/><RYUUKYOKU ba="0,1" sc="183,15,210,-15,334,-15,263,15" hai0="23,26,31,43,47,49,56,61,64,67,75,76,83" hai3="10,12,16,53,59,60,63,86,88,94,101,102,103" /><INIT seed="7,1,1,5,2,58" ten="198,195,319,278" oya="3" hai0="23,82,93,26,96,2,11,105,60,109,102,64,5" hai1="1,111,130,72,125,101,29,74,40,47,79,66,15" hai2="77,28,95,25,57,61,37,129,8,71,7,39,50" hai3="27,6,53,122,99,44,120,127,112,131,65,114,117"/><W110/><G117/><T36/><D36/><U54/><E111/><V35/><F71/><W17/><G110/><T30/><D109/><U46/><E101/><V76/><F50/><N who="3" m="28871" /><G6/><T14/><D82/><U97/><E97/><V9/><F129/><W13/><G131/><T94/><REACH who="0" step="1"/><D2/><REACH who="0" ten="188,195,319,278" step="2"/><U86/><E130/><V91/><F37/><W108/><G108/><T89/><D89/><U106/><E1/><V19/><F39/><W85/><G127/><T100/><D100/><U107/><E125/><V45/><F91/><W4/><G122/><T81/><D81/><U115/><E115/><V134/><F77/><W42/><G120/><T20/><D20/><U113/><E113/><V84/><F76/><W116/><G114/><T75/><D75/><U34/><E74/><V31/><F35/><W70/><G112/><T78/><D78/><U68/><E72/><V51/><F8/><W10/><G10/><T56/><AGARI ba="1,2" hai="5,11,14,23,26,30,56,60,64,93,94,96,102,105" machi="56" ten="20,8000,1" yaku="1,1,0,1,7,1,52,1,53,1" doraHai="58" doraHaiUra="59" who="0" fromWho="0" sc="188,103,195,-21,319,-21,278,-41" /><INIT seed="8,0,0,3,2,81" ten="291,174,298,237" oya="0" hai0="45,0,29,26,133,124,123,122,51,14,104,102,67" hai1="114,2,57,19,98,95,23,99,47,63,66,129,94" hai2="16,132,105,10,112,128,121,76,38,20,97,126,27" hai3="46,117,85,48,33,61,82,83,96,24,120,58,32"/><T28/><D0/><U5/><E129/><V92/><F121/><W110/><G120/><T74/><D74/><U30/><E2/><V100/><F38/><W8/><G110/><T111/><D29/><U118/><E114/><V6/><F112/><W131/><G131/><T22/><D111/><U42/><E118/><V84/><F128/><W87/><G96/><T107/><D107/><U113/><E113/><V64/><F64/><W130/><G130/><T25/><D25/><U44/><E5/><V80/><F132/><W134/><G134/><T71/><D133/><U52/><E30/><V39/><F39/><W108/><G108/><T77/><D77/><U37/><E66/><V75/><F126/><W49/><G117/><T31/><D31/><U17/><E44/><V62/><F62/><W9/><G24/><T93/><D104/><U54/><E54/><V53/><F53/><W69/><G69/><T68/><D14/><U79/><E79/><V115/><F115/><W65/><G33/><T106/><D106/><U86/><E23/><V34/><F34/><W119/><G32/><T56/><D124/><U101/><REACH who="1" step="1"/><E86/><REACH who="1" ten="291,164,298,237" step="2"/><N who="3" m="32778" /><G119/><T36/><D123/><U13/><E13/><V72/><F105/><W73/><G73/><T12/><D122/><U55/><E55/><V43/><F43/><N who="3" m="24671" /><G49/><T50/><D36/><U90/><AGARI ba="0,1" hai="17,19,37,42,47,52,57,63,90,94,95,98,99,101" machi="90" ten="20,12000,2" yaku="1,1,0,1,7,1,54,1,53,2" doraHai="81" doraHaiUra="89" who="1" fromWho="1" sc="291,-60,164,130,298,-30,237,-30" /><INIT seed="9,0,0,4,1,53" ten="231,294,268,207" oya="1" hai0="121,55,71,46,27,80,89,8,41,95,69,43,4" hai1="107,90,73,86,61,115,29,110,26,119,96,82,5" hai2="54,12,112,98,105,16,122,14,56,63,10,34,128" hai3="45,1,37,39,76,130,24,44,62,0,134,125,65"/><U58/><E115/><V116/><F122/><W19/><G76/><T92/><D121/><U100/><E110/><V79/><F34/><W113/><G113/><T103/><D27/><U7/><E119/><V22/><F112/><W81/><G81/><T111/><D111/><U42/><E42/><V23/><F128/><W123/><G123/><T17/><D43/><U117/><E73/><V88/><F116/><W133/><G130/><T108/><D108/><U21/><E117/><V94/><F105/><W60/><G19/><T66/><D17/><U70/><E70/><V120/><F120/><W85/><G85/><T104/><D104/><U101/><E101/><V68/><F68/><W31/><G125/><T93/><D55/><AGARI ba="0,0" hai="5,7,21,26,29,55,58,61,82,86,90,96,100,107" machi="55" ten="30,2900,0" yaku="7,1,52,1" doraHai="53" who="1" fromWho="0" sc="231,-29,294,29,268,0,207,0" owari="202,-29.8,323,42.3,268,6.8,207,-19.3" /></mjloggm>