<mjloggm ver="2.3"><GO type="169" lobby="0"/><UN n0="%E3%81%AF%E3%81%BE%E3%81%A1%E3%83%AA%E3%83%BC%E3%82%B0" n1="%6F%6B%62%6F%6B%62" n2="%61%6B%61%69%6B%69" n3="%E3%81%A5%E3%81%8B%E5%AD%90" dan="17,17,17,16" rate="2145.74,2202.21,2228.94,2137.73" sx="M,M,M,M"/><TAIKYOKU oya="0"/><INIT seed="0,0,0,0,5,7" ten="250,250,250,250" oya="0" hai0="62,99,23,33,11,112,83,60,42,44,86,73,84" hai1="56,87,125,3,70,133,65,74,36,21,75,81,118" hai2="93,100,80,10,25,34,110,96,111,108,85,78,22" hai3="16,19,4,49,59,55,43,41,14,132,123,77,46"/><T135/><D112/><U17/><E118/><V5/><F34/><W12/><G132/><T13/><D33/><U64/><E133/><V6/><F6/><W116/><G116/><T109/><D135/><U122/><E122/><V35/><F35/><W53/><G77/><T37/><D73/><U52/><E36/><V134/><F134/><W58/><G4/><T114/><D114/><U9/><E125/><V28/><REACH who="2" step="1"/><F108/><REACH who="2" ten="250,250,240,250" step="2"/><W98/><G123/><T2/><D109/><U40/><E3/><AGARI ba="0,1" hai="3,5,10,22,25,28,78,80,85,93,96,100,110,111" machi="3" ten="40,8000,1" yaku="1,1,2,1,52,1,53,1" doraHai="7" doraHaiUra="76" who="2" fromWho="1" sc="250,0,250,-80,240,90,250,0" /><INIT seed="1,0,0,5,4,61" ten="250,170,330,250" oya="1" hai0="127,76,78,1,10,6,35,121,128,5,96,134,92" hai1="51,53,20,21,83,68,11,97,55,66,59,130,132" hai2="88,95,75,126,122,91,90,41,25,47,101,56,39" hai3="60,2,37,86,8,108,114,49,102,57,43,94,69"/><U84/><E132/><V22/><F122/><W65/><G114/><T7/><D35/><U85/><E130/><V38/><F75/><W64/><G108/><T116/><D116/><U33/><E33/><V63/><F126/><W135/><G135/><T34/><D134/><U16/><E68/><V42/><F101/><W27/><G2/><T54/><D34/><U82/><E97/><V99/><F39/><W12/><G37/><T111/><D111/><U80/><E11/><V19/><REACH who="2" step="1"/><F42/><REACH who="2" ten="250,170,320,250" step="2"/><W125/><G125/><T28/><D127/><U104/><E104/><V74/><F74/><W23/><G43/><T31/><D121/><U45/><E21/><V103/><F103/><W46/><G102/><N who="0" m="60679" /><D128/><U77/><E77/><V40/><F40/><W50/><G23/><T93/><D10/><U4/><E4/><V17/><F17/><W30/><G8/><T98/><D1/><U129/><E129/><V26/><F26/><W115/><G27/><T67/><D78/><U106/><E106/><V81/><F81/><W62/><G30/><T109/><D76/><U70/><E70/><V120/><F120/><W118/><G69/><T112/><D109/><U18/><E18/><V110/><F110/><W14/><G94/><T131/><D131/><U36/><E36/><V71/><F71/><W73/><G73/><T48/><D5/><U107/><E107/><V79/><F79/><W52/><G118/><T123/><D6/><U13/><REACH who="1" step="1"/><E53/><AGARI ba="0,1" hai="19,22,25,38,41,47,53,56,63,88,90,91,95,99" machi="53" ten="30,8000,1" yaku="1,1,7,1,25,2,54,1,53,0" doraHai="61" doraHaiUra="113" who="2" fromWho="1" sc="250,0,170,-80,320,90,250,0" /><INIT seed="2,0,0,1,1,133" ten="250,90,410,250" oya="2" hai0="32,132,104,80,19,98,12,130,112,34,83,93,118" hai1="99,13,41,119,122,43,11,71,4,44,88,63,73" hai2="58,53,39,37,8,75,90,0,86,109,123,21,85" hai3="49,36,125,40,81,29,25,46,124,100,96,135,128"/><V6/><F123/><W82/><G135/><T111/><D112/><U48/><E122/><V113/><F75/><W110/><G110/><T65/><D132/><U14/><E119/><V27/><F113/><W77/><G49/><T52/><D104/><U91/><E73/><V102/><F102/><W87/><G82/><T116/><D111/><U55/><E14/><V57/><F109/><W114/><G114/><T59/><D65/><U107/><E107/><V69/><F69/><W35/><REACH who="3" step="1"/><G128/><REACH who="3" ten="250,90,410,240" step="2"/><T51/><D130/><U95/><REACH who="1" step="1"/><E91/><REACH who="1" ten="250,80,410,240" step="2"/><V106/><F90/><W9/><G9/><T30/><D118/><U38/><E38/><V10/><F8/><W67/><G67/><AGARI ba="0,2" hai="4,11,13,41,43,44,48,55,63,67,71,88,95,99" machi="67" ten="40,2600,0" yaku="1,1,54,1,53,0" doraHai="133" doraHaiUra="103" who="1" fromWho="3" sc="250,0,80,46,410,0,240,-26" /><INIT seed="3,0,0,1,1,80" ten="250,126,410,214" oya="3" hai0="99,23,110,37,89,38,86,14,117,93,44,115,78" hai1="118,42,122,69,119,77,83,116,15,102,48,25,100" hai2="26,36,135,121,65,53,64,2,12,29,104,43,84" hai3="8,71,55,52,46,105,127,109,24,134,126,75,124"/><W45/><G75/><T1/><D117/><U34/><E69/><V0/><F104/><W133/><G105/><T40/><D1/><U72/><E122/><V56/><F135/><N who="3" m="51723" /><G24/><T88/><D110/><U90/><E90/><V54/><F121/><W57/><G71/><T63/><D115/><U6/><E6/><V62/><F36/><W130/><G8/><T59/><D78/><U22/><E15/><V61/><F43/><W98/><G98/><T96/><D37/><U128/><E34/><V7/><F2/><W111/><G130/><T74/><D74/><U5/><E5/><V112/><F0/><W87/><G87/><T3/><D3/><U82/><E82/><V21/><F112/><W27/><G27/><T17/><REACH who="0" step="1"/><D89/><REACH who="0" ten="240,126,410,214" step="2"/><U30/><REACH who="1" step="1"/><E128/><REACH who="1" ten="240,116,410,214" step="2"/><V50/><F7/><W120/><G120/><T131/><D131/><U11/><E11/><V123/><F123/><W92/><G109/><T58/><D58/><U49/><E49/><V125/><F50/><N who="3" m="30871" /><G111/><T35/><D35/><U66/><E66/><AGARI ba="0,2" hai="14,17,23,38,40,44,59,63,66,86,88,93,96,99" machi="66" ten="30,7700,0" yaku="1,1,7,1,52,1,54,1,53,0" doraHai="80" doraHaiUra="4" who="0" fromWho="1" sc="240,97,116,-77,410,0,214,0" /><INIT seed="4,0,0,4,0,67" ten="337,39,410,214" oya="0" hai0="15,47,133,86,121,10,0,60,120,106,125,97,42" hai1="23,11,52,131,83,71,24,87,65,53,96,27,45" hai2="107,127,5,22,132,116,50,129,41,90,112,12,36" hai3="9,62,88,105,118,130,75,68,74,92,30,38,110"/><T3/><D133/><U2/><E131/><V63/><F36/><W13/><G110/><T91/><D125/><U94/><E24/><V16/><F107/><W104/><G118/><T100/><D3/><U44/><E11/><V70/><F132/><W64/><G38/><T126/><D0/><U7/><E7/><V135/><F135/><W29/><G105/><T84/><D60/><U8/><E8/><V93/><F127/><W115/><G104/><T85/><D91/><U111/><E2/><V55/><F112/><W37/><G37/><T1/><D1/><U33/><E33/><V57/><F129/><W99/><G130/><T54/><D54/><U59/><E111/><V79/><F116/><W80/><G115/><T6/><REACH who="0" step="1"/><D126/><REACH who="0" ten="327,39,410,214" step="2"/><U109/><E109/><V18/><F63/><W34/><G80/><T124/><D124/><U69/><E53/><V78/><F55/><W58/><G62/><T51/><AGARI ba="0,1" hai="6,10,15,42,47,51,84,85,86,97,100,106,120,121" machi="51" ten="30,3000,0" yaku="1,1,0,1,53,0" doraHai="67" doraHaiUra="48" who="0" fromWho="0" sc="327,40,39,-10,410,-10,214,-10" /><INIT seed="4,1,0,4,4,63" ten="367,29,400,204" oya="0" hai0="98,39,93,69,59,132,46,126,50,8,17,110,33" hai1="96,95,124,65,102,134,76,40,101,128,24,1,77" hai2="89,82,79,35,111,84,42,80,109,64,131,86,71" hai3="43,67,9,83,4,90,87,117,66,133,3,31,48"/><T32/><D69/><U115/><E1/><V34/><F42/><W68/><G117/><T30/><D132/><U37/><E134/><V19/><F131/><W57/><G133/><T10/><D126/><U120/><E128/><V105/><F105/><W47/><G68/><T11/><D39/><U121/><E124/><V29/><F19/><W5/><G31/><T49/><D110/><U72/><E40/><V100/><F100/><W113/><G113/><T130/><D130/><U73/><E37/><V53/><F53/><W45/><G45/><T123/><D123/><N who="1" m="47179" /><E24/><V52/><F52/><W22/><G4/><T58/><D17/><U7/><E7/><V135/><F135/><W104/><G104/><T127/><D127/><U94/><E65/><V125/><F125/><W23/><G57/><T106/><D106/><U114/><E95/><V97/><F97/><W116/><G116/><T18/><D18/><U54/><E54/><V88/><F79/><N who="1" m="30281" /><E102/><V92/><F92/><W60/><G60/><T70/><D70/><U14/><E14/><V112/><F29/><W6/><G6/><T20/><D20/><N who="3" m="7721" /><G3/><T85/><D30/><U99/><E99/><V122/><F71/><W13/><AGARI ba="1,0" hai="5,9,13,43,47,48,66,67,83,87,90" m="7721" machi="13" ten="30,4000,0" yaku="8,1,52,2" doraHai="63" who="3" fromWho="3" sc="367,-21,29,-11,400,-11,204,43" /><INIT seed="5,0,0,1,1,11" ten="346,18,389,247" oya="1" hai0="14,135,62,27,60,36,71,124,73,69,93,121,37" hai1="131,19,76,78,15,59,0,74,106,48,52,42,95" hai2="103,104,7,111,16,28,64,112,102,117,9,57,130" hai3="72,61,65,8,58,66,34,128,125,86,2,50,41"/><U118/><E106/><V82/><F111/><W89/><G34/><T44/><D73/><U85/><E0/><V31/><F117/><W24/><G72/><T120/><D27/><U25/><E131/><V84/><F130/><W80/><G128/><T100/><D100/><N who="2" m="38442" /><F112/><W68/><G125/><T6/><D93/><U4/><E74/><V109/><F7/><W105/><G105/><T21/><D6/><U53/><E118/><V108/><F104/><W54/><G2/><T91/><D91/><N who="1" m="53743" /><E4/><V81/><F109/><W13/><G24/><T70/><D14/><U32/><E32/><V88/><F82/><W12/><G8/><T40/><D21/><N who="1" m="11519" /><E25/><V10/><F108/><W63/><REACH who="3" step="1"/><G41/><REACH who="3" ten="346,18,389,237" step="2"/><T23/><D23/><U49/><E42/><V45/><F10/><W115/><G115/><T134/><D124/><U33/><E33/><V77/><F9/><W56/><AGARI ba="0,1" hai="12,13,50,54,56,58,61,63,65,66,68,80,86,89" machi="56" ten="20,8000,1" yaku="1,1,0,1,7,1,52,2,53,0" doraHai="11" doraHaiUra="29" who="3" fromWho="3" sc="346,-20,18,-40,389,-20,237,90" owari="326,-7.4,-22,-52.2,369,46.9,327,12.7" /></mjloggm>