<mjloggm ver="2.3"><GO type="169" lobby="0"/><UN n0="%41%6C%6C%2D%4C%75%63%6B" n1="%E2%97%8E%E3%82%88%E3%81%97%E2%97%8E" n2="%E8%B5%A4%E4%BA%94%E7%AB%8B%E7%9B%B4" n3="%32%38%39%30%30" dan="16,17,16,16" rate="2093.40,2180.81,2170.31,2041.27" sx="M,M,F,M"/><TAIKYOKU oya="0"/><INIT seed="0,0,0,2,0,91" ten="250,250,250,250" oya="0" hai0="98,59,114,87,73,9,117,82,16,48,23,131,35" hai1="93,36,109,101,45,106,104,71,15,129,54,134,92" hai2="7,52,88,116,69,100,120,79,123,58,115,4,2" hai3="0,124,11,38,22,75,90,126,81,30,57,83,53"/><T118/><D73/><U127/><E71/><V12/><F115/><W49/><G38/><T102/><D35/><U95/><E109/><V112/><F112/><W68/><G68/><T85/><D131/><U97/><E129/><V63/><F116/><W60/><G22/><T3/><D114/><U25/><E106/><V94/><F79/><W99/><G30/><T132/><D132/><U65/><E134/><V32/><F32/><W130/><G130/><T84/><D3/><U121/><E121/><V44/><F2/><W135/><G135/><T119/><D9/><U80/><E65/><V105/><F69/><W111/><G111/><T125/><D125/><N who="3" m="48233" /><G90/><T43/><D43/><U108/><E108/><V103/><F105/><W133/><G99/><T6/><D6/><N who="2" m="2090" /><F120/><W27/><G27/><T10/><D10/><U77/><E25/><V61/><F12/><W8/><G133/><T17/><D23/><U56/><E127/><V40/><F63/><W39/><G39/><T66/><D82/><N who="3" m="31241" /><G75/><T55/><REACH who="0" step="1"/><D66/><REACH who="0" ten="240,250,250,250" step="2"/><U33/><E33/><V19/><F123/><W41/><G0/><T76/><D76/><U47/><E15/><V46/><F40/><W72/><G72/><T20/><D20/><U21/><E21/><V28/><F28/><W26/><G26/><T78/><D78/><U29/><E29/><V128/><F128/><W96/><G41/><T89/><D89/><U122/><E122/><V13/><F13/><W107/><G8/><T5/><D5/><U42/><E42/><V67/><F67/><W86/><G11/><T51/><D51/><N who="1" m="30815" /><E36/><V37/><F37/><RYUUKYOKU ba="0,1" sc="240,15,250,15,250,-15,250,-15" hai0="16,17,48,55,59,84,85,87,98,102,117,118,119" hai1="45,47,77,80,92,93,95,97,101,104" /><INIT seed="0,1,1,0,3,6" ten="255,265,235,235" oya="0" hai0="119,13,70,83,62,7,31,84,1,76,102,80,124" hai1="68,99,9,117,20,134,26,75,110,60,105,54,100" hai2="0,132,34,111,66,27,82,103,79,14,41,65,30" hai3="131,121,118,93,106,130,53,33,85,56,10,55,115"/><T129/><D119/><U23/><E117/><V47/><F111/><W126/><G118/><T78/><D1/><U46/><E75/><V135/><F0/><W98/><G115/><T48/><D129/><N who="3" m="49161" /><G85/><T116/><D124/><U87/><E134/><N who="2" m="51243" /><F103/><N who="3" m="60879" /><G106/><T29/><D102/><U11/><E110/><V89/><F89/><W113/><G113/><T52/><D116/><U40/><E87/><N who="2" m="48607" /><F14/><W42/><G42/><T95/><D95/><U67/><E54/><V69/><F69/><W63/><G33/><T16/><D7/><U96/><E96/><V86/><F86/><W108/><G108/><T71/><D70/><U59/><E68/><V109/><F109/><W74/><G74/><T90/><D71/><U37/><REACH who="1" step="1"/><E23/><REACH who="1" ten="255,255,235,235" step="2"/><V17/><F65/><W51/><G126/><T88/><D62/><U22/><E22/><V128/><F66/><W49/><G63/><T4/><D78/><U19/><AGARI ba="1,2" hai="9,11,19,20,26,37,40,46,59,60,67,99,100,105" machi="19" ten="20,8000,1" yaku="1,1,0,1,7,1,52,2,53,0" doraHai="6" doraHaiUra="77" who="1" fromWho="1" sc="255,-41,255,103,235,-21,235,-21" /><INIT seed="1,0,0,5,4,64" ten="214,358,214,214" oya="1" hai0="132,126,81,88,71,63,52,49,133,73,68,79,53" hai1="124,37,123,46,72,105,86,4,113,34,98,134,120" hai2="54,30,0,47,76,21,94,129,38,106,8,42,32" hai3="116,44,55,97,45,17,27,90,15,50,110,19,80"/><U93/><E34/><V69/><F106/><W77/><G110/><T1/><D1/><U31/><E113/><V11/><F32/><W74/><G116/><T128/><D126/><U18/><E72/><V101/><F129/><W62/><G17/><T112/><D112/><U35/><E4/><V102/><F76/><W43/><G27/><T83/><D128/><U66/><E124/><V26/><F0/><W117/><G117/><T84/><D63/><U28/><E134/><N who="0" m="51817" /><D53/><U127/><E127/><V12/><F11/><W23/><G62/><T70/><D70/><U96/><E35/><V82/><F82/><W109/><G109/><T108/><D108/><U3/><E3/><V107/><F107/><W33/><G33/><T91/><D91/><U59/><E105/><V104/><F104/><W48/><G90/><T6/><D6/><U118/><E118/><V67/><F94/><W39/><REACH who="3" step="1"/><G97/><REACH who="3" ten="214,358,214,204" step="2"/><T29/><D29/><U92/><E18/><V75/><F101/><W115/><G115/><T122/><D122/><U125/><E125/><V58/><F102/><W95/><G95/><T22/><D22/><U2/><E28/><V119/><F119/><W24/><G24/><T20/><D20/><U10/><E31/><V114/><F114/><W85/><G85/><T56/><AGARI ba="0,1" hai="49,52,56,68,71,73,79,81,83,84,88" m="51817" machi="56" ten="30,8000,1" yaku="20,1,52,2,54,2" doraHai="64" who="0" fromWho="0" sc="214,90,358,-40,214,-20,204,-20" /><INIT seed="2,0,0,2,2,45" ten="304,318,194,184" oya="2" hai0="110,72,77,99,66,90,132,101,61,82,124,103,23" hai1="14,44,104,24,83,119,52,129,58,10,57,16,69" hai2="114,11,108,33,105,8,31,17,65,55,62,91,1" hai3="131,22,86,80,38,36,121,32,75,92,21,42,74"/><V56/><F114/><W79/><G121/><T67/><D110/><U70/><E119/><V50/><F108/><W18/><G32/><T28/><D124/><U64/><E104/><V39/><F39/><W135/><G135/><T25/><D132/><U46/><E129/><V68/><F105/><W127/><G131/><T0/><D0/><U59/><E64/><V97/><F1/><W60/><G127/><T94/><REACH who="0" step="1"/><D67/><REACH who="0" ten="294,318,194,184" step="2"/><U85/><E69/><AGARI ba="0,1" hai="23,25,28,61,66,69,72,77,82,90,94,99,101,103" machi="69" ten="30,3900,0" yaku="1,1,2,1,7,1,53,0" doraHai="45" doraHaiUra="2" who="0" fromWho="1" sc="294,49,318,-39,194,0,184,0" /><INIT seed="3,0,0,3,3,4" ten="343,279,194,184" oya="3" hai0="103,130,33,6,75,120,26,133,135,93,66,116,31" hai1="20,76,88,70,110,125,1,86,14,123,25,68,5" hai2="64,80,77,24,109,54,22,106,118,41,122,89,40" hai3="7,52,108,45,30,134,56,32,102,73,0,51,95"/><W72/><G32/><T63/><D120/><U90/><E123/><V85/><F122/><W107/><G30/><T19/><D75/><U81/><E110/><V121/><F121/><W124/><G72/><T71/><D116/><U13/><E125/><V12/><F109/><W15/><G73/><T48/><D130/><U10/><E70/><V23/><F106/><W60/><G108/><T50/><D19/><U58/><E68/><V96/><F64/><W21/><G124/><T55/><D6/><U129/><E129/><V79/><F118/><W119/><G119/><T91/><D103/><U47/><E47/><V2/><F2/><W113/><G113/><T27/><D27/><U87/><E58/><V84/><F96/><N who="3" m="59679" /><G0/><T17/><D17/><U46/><E46/><V67/><F67/><W117/><G117/><T3/><D3/><U111/><E111/><V100/><F100/><W49/><G107/><T44/><REACH who="0" step="1"/><D50/><REACH who="0" ten="333,279,194,184" step="2"/><U114/><E114/><V115/><F115/><W128/><G128/><T131/><D131/><U42/><E42/><V28/><F41/><W11/><G134/><T65/><D65/><U34/><E34/><V38/><F40/><N who="3" m="24743" /><G21/><T8/><D8/><U94/><REACH who="1" step="1"/><E76/><REACH who="1" ten="333,269,194,184" step="2"/><V105/><F79/><W99/><G51/><T78/><D78/><U83/><E83/><V101/><F77/><W16/><G7/><T97/><AGARI ba="0,2" hai="26,31,33,44,48,55,63,66,71,91,93,97,133,135" machi="97" ten="30,2000,0" yaku="1,1,0,1,53,0" doraHai="4" doraHaiUra="37" who="0" fromWho="0" sc="333,40,269,-5,194,-5,184,-10" /><INIT seed="4,0,0,2,0,30" ten="373,264,189,174" oya="0" hai0="130,74,67,47,90,23,36,12,103,97,102,42,66" hai1="112,1,131,25,108,101,87,39,14,54,34,119,120" hai2="55,5,61,58,135,73,72,0,118,99,50,63,104" hai3="51,127,71,94,17,64,13,91,24,111,84,20,28"/><T69/><D130/><U48/><E39/><V44/><F135/><W8/><G111/><T3/><D3/><U110/><E1/><V7/><F118/><W35/><G127/><T33/><D74/><U11/><E119/><V95/><F104/><W85/><G71/><T89/><D33/><U27/><E120/><V121/><F121/><W45/><G64/><T128/><D103/><U32/><E131/><V57/><F0/><W16/><G84/><T52/><D128/><U68/><E68/><V109/><F109/><N who="1" m="42089" /><E87/><V129/><F129/><W4/><REACH who="3" step="1"/><G35/><REACH who="3" ten="373,264,189,164" step="2"/><T93/><D69/><U117/><E117/><V38/><F72/><W78/><G78/><T15/><D67/><U105/><E32/><V100/><F73/><W21/><G21/><T62/><D66/><U82/><E34/><V115/><F115/><W31/><G31/><T116/><D116/><U80/><E112/><V133/><F133/><W6/><G6/><T114/><D114/><U76/><E76/><V92/><F5/><W70/><G70/><T113/><D113/><U98/><E11/><V125/><F7/><W86/><G86/><T123/><D123/><U81/><E81/><V88/><F125/><W83/><G83/><T29/><D29/><U79/><E82/><V77/><F77/><W40/><AGARI ba="0,1" hai="4,8,13,16,17,20,24,28,40,45,51,85,91,94" machi="40" ten="20,12000,2" yaku="1,1,0,1,7,1,8,1,54,1,53,1" doraHai="30" doraHaiUra="19" who="3" fromWho="3" sc="373,-60,264,-30,189,-30,164,130" /><INIT seed="5,0,0,1,4,108" ten="313,234,159,294" oya="1" hai0="62,56,77,89,42,87,47,117,71,1,61,120,94" hai1="82,44,79,15,129,84,51,130,103,65,99,46,123" hai2="127,134,106,50,30,91,55,12,66,24,9,92,40" hai3="21,27,57,118,20,6,16,74,78,31,60,18,64"/><U29/><E123/><V49/><F127/><W33/><G118/><T32/><D1/><U28/><E65/><V72/><F72/><W52/><G74/><T73/><D32/><U128/><E15/><V48/><F106/><W38/><G38/><T23/><D117/><U37/><E37/><V125/><F134/><W68/><G78/><T4/><D71/><U97/><E46/><V75/><F75/><W101/><G101/><T22/><D62/><U110/><E110/><V102/><F66/><W80/><G80/><T124/><D4/><U69/><E69/><V43/><F102/><W35/><G6/><T39/><D124/><U36/><E36/><V0/><F0/><W41/><G41/><T59/><D59/><U7/><E7/><V63/><F63/><W122/><G122/><T13/><D13/><U2/><E2/><V114/><F114/><W132/><G132/><T90/><D120/><U95/><REACH who="1" step="1"/><E97/><REACH who="1" ten="313,224,159,294" step="2"/><V85/><F125/><W112/><G68/><T54/><D39/><U116/><E116/><V19/><REACH who="2" step="1"/><F55/><AGARI ba="0,1" hai="28,29,44,51,55,79,82,84,95,99,103,128,129,130" machi="55" ten="40,7700,0" yaku="1,1,19,1,53,1" doraHai="108" doraHaiUra="93" who="1" fromWho="2" sc="313,0,224,87,159,-77,294,0" /><INIT seed="5,1,0,1,1,108" ten="313,311,82,294" oya="1" hai0="43,0,82,14,107,84,33,75,125,78,103,118,50" hai1="17,48,38,116,86,110,36,111,88,7,20,133,6" hai2="77,60,23,22,123,128,117,42,31,1,72,98,126" hai3="69,114,112,71,89,119,97,56,64,134,52,29,16"/><U73/><E73/><V34/><F123/><W121/><G121/><T4/><D33/><U99/><E116/><V106/><F117/><W27/><G119/><T113/><D125/><U10/><E99/><V109/><F109/><N who="1" m="41481" /><E48/><V63/><F1/><W67/><G134/><T61/><D118/><U12/><E133/><V74/><F126/><W66/><G89/><T8/><D61/><U127/><E127/><V129/><F34/><W62/><G97/><N who="0" m="61935" /><D0/><N who="1" m="327" /><E7/><V131/><F42/><W65/><G16/><T21/><D21/><N who="2" m="7690" /><F31/><W47/><G27/><T59/><D59/><U9/><E9/><V85/><F98/><W53/><G29/><T70/><D70/><N who="3" m="26633" /><G53/><T25/><D25/><U92/><AGARI ba="1,0" hai="12,17,20,36,38,86,88,92" m="327,41481" machi="92" ten="30,3000,0" yaku="10,1,54,1" doraHai="108" who="1" fromWho="1" sc="313,-11,311,33,82,-11,294,-11" /><INIT seed="5,2,0,3,3,15" ten="302,344,71,283" oya="1" hai0="4,20,95,123,82,28,22,32,50,135,23,112,117" hai1="111,104,119,44,118,14,52,54,18,84,97,38,88" hai2="10,77,43,19,99,37,110,130,64,81,86,29,107" hai3="128,31,55,36,6,11,116,49,61,73,35,63,3"/><U93/><E111/><V5/><F110/><W8/><G36/><T26/><D117/><U45/><E118/><V91/><F130/><W122/><G122/><T7/><D112/><U133/><E133/><V75/><F29/><W102/><G116/><T58/><D135/><U48/><E119/><V65/><F43/><W72/><G128/><T62/><D50/><N who="1" m="28743" /><E38/><V57/><F37/><W2/><G102/><T34/><D82/><N who="1" m="49175" /><E104/><V25/><F57/><W71/><G31/><T47/><D47/><U60/><E60/><V127/><F127/><W109/><G109/><T113/><D123/><U27/><E27/><V13/><F25/><W131/><G131/><T21/><D113/><U1/><E1/><V41/><F41/><W68/><G35/><T83/><D83/><U78/><E78/><V51/><F51/><W132/><G132/><T74/><D74/><U67/><E67/><V53/><F53/><W89/><G55/><N who="0" m="34143" /><D34/><U46/><E46/><V66/><F107/><W59/><G49/><T17/><D32/><U42/><E42/><V134/><F134/><W114/><G114/><T90/><D28/><U69/><E69/><V106/><F75/><W80/><G59/><T40/><D40/><U100/><E14/><V9/><F106/><W94/><G80/><T105/><D105/><U24/><E24/><V103/><F77/><W30/><G30/><T92/><D92/><U0/><E0/><N who="2" m="167" /><F66/><W98/><G72/><T96/><AGARI ba="2,0" hai="4,7,17,20,21,22,23,26,90,95,96" m="34143" machi="96" ten="30,4000,0" yaku="25,1,8,1,52,1" doraHai="15" who="0" fromWho="0" sc="302,46,344,-22,71,-12,283,-12" /><INIT seed="6,0,0,2,1,116" ten="348,322,59,271" oya="2" hai0="55,86,71,62,128,90,8,92,23,32,103,39,21" hai1="31,113,16,60,118,100,77,107,132,112,130,50,14" hai2="78,91,9,7,98,45,51,119,84,34,66,99,85" hai3="27,15,120,29,125,81,67,42,80,2,134,121,127"/><V111/><F119/><W47/><G15/><T13/><D39/><U40/><E118/><V22/><F34/><W43/><G67/><T24/><D32/><U108/><E108/><V10/><F111/><W4/><G134/><T72/><D72/><U74/><E132/><V17/><F66/><W101/><G101/><T122/><D128/><U87/><E74/><V88/><F78/><W6/><G27/><T49/><D122/><U96/><E31/><V105/><F105/><W131/><G47/><T95/><D62/><U89/><E60/><V76/><F76/><W114/><G2/><T44/><D24/><U94/><E77/><V109/><F109/><W65/><G65/><T38/><D38/><U48/><E130/><V133/><F133/><W59/><G59/><T102/><D71/><U30/><E30/><V0/><F85/><W68/><G29/><T126/><D126/><U61/><E61/><V26/><F10/><W69/><G114/><N who="1" m="44138" /><E40/><V37/><F37/><W75/><G75/><T57/><D57/><U12/><E12/><V82/><REACH who="2" step="1"/><F91/><REACH who="2" ten="348,322,49,271" step="2"/><W135/><G135/><T54/><D90/><U58/><E58/><V93/><F93/><W20/><G20/><AGARI ba="0,1" hai="14,16,20,48,50,87,89,94,96,100,107" m="44138" machi="20" ten="30,2000,0" yaku="15,1,54,1" doraHai="116" who="1" fromWho="3" sc="348,0,322,30,49,0,271,-20" /><INIT seed="7,0,0,4,5,78" ten="348,352,49,251" oya="3" hai0="64,8,125,1,94,57,66,95,15,130,132,116,65" hai1="121,6,109,67,73,129,135,106,29,89,26,21,119" hai2="14,41,56,115,11,0,112,77,74,122,22,18,38" hai3="81,127,27,85,7,51,86,71,25,3,49,70,32"/><W126/><G7/><N who="0" m="3487" /><D1/><U124/><E119/><V101/><F56/><W80/><REACH who="3" step="1"/><G3/><REACH who="3" ten="348,352,49,241" step="2"/><T75/><D116/><U24/><E6/><V53/><F122/><W16/><G16/><T31/><D31/><U96/><E29/><V55/><F101/><W97/><G97/><T61/><D125/><U42/><E96/><V47/><F112/><W83/><G83/><T120/><D120/><U59/><E124/><V105/><F115/><W4/><G4/><T19/><D130/><U45/><E129/><V58/><F105/><W134/><G134/><T13/><D132/><U43/><E106/><V44/><F0/><W87/><G87/><T30/><D30/><U100/><E100/><V131/><F131/><W133/><G133/><T118/><D75/><U36/><E73/><V108/><F108/><W107/><G107/><T117/><D118/><U102/><E102/><V110/><F110/><W62/><G62/><T60/><D117/><U48/><E109/><V114/><F114/><W34/><AGARI ba="0,1" hai="25,27,32,34,49,51,70,71,80,81,85,86,126,127" machi="34" ten="25,18000,2" yaku="1,1,0,1,22,2,52,2,53,0" doraHai="78" doraHaiUra="98" who="3" fromWho="3" sc="348,-60,352,-60,49,-60,241,190" owari="288,-11.2,292,9.2,-11,-51.1,431,53.1" /></mjloggm>