<mjloggm ver="2.3"><GO type="169" lobby="0"/><UN n0="%70%6F%6E%2D%65%6E" n1="%E3%81%86%E3%81%91%E3%81%AA%E3%81%8C%E3%81%97%E3%81%BE%E3%81%9B%E3%82%93" n2="%E5%B1%B1%E6%9C%AC%E6%83%A3%E4%B8%80%E6%9C%97" n3="%E3%81%B1%E3%82%93%E3%81%AA%E3%81%93%E3%81%BE%E3%81%A3%E3%81%9F" dan="16,17,17,17" rate="2115.60,2258.50,2189.46,2215.60" sx="F,F,M,M"/><TAIKYOKU oya="0"/><INIT seed="0,0,0,0,5,89" ten="250,250,250,250" oya="0" hai0="5,95,44,114,51,127,72,46,30,9,14,64,13" hai1="125,22,122,69,93,111,21,4,124,23,70,67,97" hai2="117,27,91,16,115,18,92,83,61,62,105,102,100" hai3="31,90,73,29,120,37,45,1,88,68,87,79,34"/><T52/><D114/><U107/><E122/><V32/><F115/><W41/><G120/><T38/><D127/><U126/><E111/><V116/><F83/><W81/><G68/><T71/><D72/><U99/><E4/><V84/><F32/><W20/><G34/><T63/><D30/><U121/><E121/><V123/><F123/><W19/><G1/><T82/><D82/><U53/><E67/><V40/><F40/><W0/><G0/><T133/><D133/><U12/><E12/><V94/><F105/><W39/><G39/><T119/><D119/><N who="2" m="45642" /><F102/><W134/><G90/><T132/><D132/><U2/><E2/><V8/><F27/><W130/><G130/><T10/><D95/><U131/><E131/><V11/><F11/><W113/><G113/><T60/><D60/><N who="2" m="23146" /><F8/><W85/><G73/><T6/><REACH who="0" step="1"/><D38/><REACH who="0" ten="240,250,250,250" step="2"/><U106/><E93/><V24/><F24/><W77/><G134/><T47/><AGARI ba="0,1" hai="5,6,9,10,13,14,44,46,47,51,52,63,64,71" machi="47" ten="20,18000,2" yaku="1,1,2,1,0,1,7,1,9,1,54,1,53,0" doraHai="89" doraHaiUra="36" who="0" fromWho="0" sc="240,190,250,-60,250,-60,250,-60" /><INIT seed="0,1,0,2,4,14" ten="430,190,190,190" oya="0" hai0="36,91,74,69,17,60,94,130,57,22,48,68,111" hai1="120,28,113,44,10,76,3,29,77,34,25,72,117" hai2="0,97,73,79,52,119,95,18,19,20,6,124,9" hai3="105,99,85,132,86,61,133,128,56,7,49,129,31"/><T114/><D74/><U106/><E117/><V53/><F119/><W11/><G31/><T107/><D36/><U15/><E120/><V8/><F124/><W50/><G99/><T83/><D114/><U116/><E116/><V24/><F79/><W101/><G101/><T37/><D37/><U96/><E113/><V80/><F80/><W59/><G105/><T110/><D107/><U115/><E115/><V2/><F73/><W30/><G30/><T21/><D83/><U123/><E123/><V131/><F131/><W126/><G11/><T41/><D130/><U65/><E3/><V39/><F39/><W81/><G81/><T87/><D41/><U47/><E29/><V63/><F63/><W88/><G61/><T58/><D58/><U82/><E76/><V75/><F75/><W112/><G7/><T92/><D92/><U108/><E65/><V42/><F42/><W90/><REACH who="3" step="1"/><G112/><REACH who="3" ten="430,190,190,180" step="2"/><T35/><D35/><U67/><E106/><V4/><F18/><W38/><G38/><T32/><D32/><U102/><E96/><V118/><F118/><W16/><G16/><T70/><D22/><U71/><E102/><AGARI ba="1,1" hai="0,2,4,6,8,9,19,20,24,52,53,95,97,102" machi="102" ten="30,7700,0" yaku="7,1,9,1,52,1,54,1" doraHai="14" who="2" fromWho="1" sc="430,0,190,-80,190,90,180,0" /><INIT seed="1,0,0,4,1,84" ten="430,110,280,180" oya="1" hai0="133,0,124,78,36,22,120,132,61,62,88,114,104" hai1="67,42,25,27,123,82,16,76,97,15,126,45,77" hai2="83,117,66,68,130,33,2,50,129,23,106,29,119" hai3="65,13,6,43,105,20,115,99,31,34,12,18,3"/><U90/><E123/><V14/><F106/><W8/><G115/><T127/><D0/><U95/><E67/><V72/><F2/><W74/><G74/><T71/><D104/><U52/><E126/><N who="0" m="48169" /><D71/><U96/><E96/><V73/><F33/><W101/><G43/><T40/><D78/><N who="1" m="30315" /><E42/><V5/><F83/><W80/><G80/><T116/><D116/><U109/><E82/><V1/><F1/><W94/><G13/><T128/><D114/><U113/><E109/><V41/><F66/><W108/><G65/><T93/><D120/><U51/><E113/><V28/><F68/><W32/><G32/><T102/><D102/><U63/><E63/><V107/><F107/><W86/><G108/><T118/><D118/><U112/><E112/><V91/><F117/><W60/><G60/><T56/><D40/><U7/><E7/><V55/><F41/><W30/><G34/><T4/><D4/><U79/><N who="1" m="30323" /><U134/><DORA hai="122" /><E134/><N who="0" m="51817" /><D36/><U24/><E24/><V135/><F135/><W131/><G105/><T54/><D62/><U75/><E75/><V38/><F73/><W48/><G3/><T21/><D128/><U26/><E26/><V70/><F72/><W19/><G131/><T110/><D110/><U46/><E46/><V125/><F129/><W53/><G6/><T87/><AGARI ba="0,0" hai="21,22,54,56,61,87,88,93" m="51817,48169" machi="87" ten="30,7900,0" yaku="18,1,20,1,52,1,54,1" doraHai="84,122" who="0" fromWho="0" sc="430,79,110,-39,280,-20,180,-20" /><INIT seed="2,0,0,0,5,118" ten="509,71,260,160" oya="2" hai0="68,107,98,105,35,97,66,25,77,71,39,34,63" hai1="11,122,53,60,125,78,58,70,38,91,93,16,121" hai2="2,79,86,43,95,56,83,0,133,33,10,27,88" hai3="114,42,13,112,14,9,81,4,8,40,76,119,113"/><V128/><F133/><W50/><G119/><T3/><D77/><U84/><E125/><V108/><F128/><W51/><G51/><T73/><D3/><U5/><E38/><V18/><F108/><W36/><G36/><T7/><D7/><U41/><E41/><V82/><F82/><W94/><G94/><T31/><D39/><U44/><E70/><V20/><F43/><W130/><G130/><T28/><D71/><U52/><E78/><V72/><F33/><W110/><G110/><T23/><D23/><U49/><REACH who="1" step="1"/><E16/><REACH who="1" ten="509,61,260,160" step="2"/><V55/><REACH who="2" step="1"/><F10/><REACH who="2" ten="509,61,250,160" step="2"/><W46/><G42/><T67/><D35/><U85/><E85/><V106/><F106/><W90/><G114/><T19/><D34/><U116/><E116/><V103/><F103/><W132/><G132/><T109/><D105/><U126/><E126/><V117/><F117/><W17/><REACH who="3" step="1"/><G90/><REACH who="3" ten="509,61,250,150" step="2"/><T134/><D134/><U65/><E65/><V57/><F57/><W89/><G89/><T69/><D67/><U100/><E100/><V45/><F45/><W127/><G127/><T15/><D66/><U29/><E29/><V111/><F111/><W120/><G120/><T129/><D31/><U75/><E75/><AGARI ba="0,3" hai="4,8,9,13,14,17,40,46,50,75,76,81,112,113" machi="75" ten="40,1300,0" yaku="1,1,53,0" doraHai="118" doraHaiUra="24" who="3" fromWho="1" sc="509,0,61,-13,250,0,150,43" /><INIT seed="3,0,0,5,2,65" ten="509,48,250,193" oya="3" hai0="113,100,131,8,68,82,86,48,35,128,30,43,132" hai1="117,5,85,130,74,15,52,93,24,28,110,66,29" hai2="22,114,62,109,50,10,27,98,77,14,81,40,56" hai3="111,71,89,104,11,1,23,64,75,125,133,94,51"/><W33/><G104/><T116/><D116/><U0/><E74/><V32/><F109/><W13/><G33/><T127/><D100/><U123/><E123/><V34/><F114/><W41/><G75/><T118/><D118/><U121/><E121/><V38/><F38/><W134/><G1/><T69/><D113/><U26/><E117/><V126/><F126/><W44/><G125/><T119/><D127/><U70/><E0/><V57/><F98/><W63/><G23/><T103/><D119/><U105/><E105/><V39/><F39/><W122/><G122/><T91/><D103/><U18/><E5/><V21/><F34/><W36/><G36/><T42/><D132/><U6/><E6/><V37/><F37/><W101/><G101/><T76/><D91/><U83/><E93/><V107/><F107/><W87/><REACH who="3" step="1"/><G111/><REACH who="3" ten="509,48,250,183" step="2"/><T9/><D35/><U58/><E110/><V46/><F32/><W12/><G12/><T72/><D72/><U17/><E26/><V61/><F27/><W16/><AGARI ba="0,1" hai="11,13,16,41,44,51,63,64,71,87,89,94,133,134" machi="16" ten="30,11700,0" yaku="1,1,0,1,52,1,54,1,53,0" doraHai="65" doraHaiUra="31" who="3" fromWho="3" sc="509,-39,48,-39,250,-39,183,127" /><INIT seed="3,1,0,0,1,91" ten="470,9,211,310" oya="3" hai0="73,9,59,77,116,3,18,12,0,21,89,47,53" hai1="87,68,46,42,95,61,24,10,70,14,7,134,23" hai2="83,37,40,62,35,128,41,82,28,60,55,99,86" hai3="125,110,79,25,20,78,88,74,26,44,11,121,106"/><W52/><G121/><T71/><D116/><U8/><E134/><V113/><F113/><W33/><G106/><T64/><D71/><U34/><E34/><V109/><F109/><W94/><G74/><T31/><D64/><U112/><E112/><V45/><F128/><W135/><G135/><T114/><D114/><U111/><E111/><V15/><F41/><W131/><G110/><T36/><D89/><N who="1" m="53695" /><E70/><V92/><F35/><W63/><G33/><T58/><D31/><N who="1" m="17823" /><E68/><V32/><F32/><W101/><G101/><T102/><D102/><U97/><E61/><V120/><F120/><W118/><G118/><T104/><D104/><U84/><E84/><V19/><F28/><N who="3" m="17447" /><G125/><T38/><D0/><U115/><E115/><V43/><F43/><W100/><G100/><T16/><D3/><U129/><E129/><V81/><F86/><N who="3" m="52503" /><G131/><T103/><D103/><U49/><E10/><V29/><F37/><W123/><G123/><T30/><D38/><U76/><E97/><V117/><F99/><W54/><G11/><T50/><D36/><U75/><E75/><V1/><F117/><W80/><G80/><N who="0" m="45103" /><D30/><U127/><E127/><V4/><F82/><W48/><G26/><T17/><D9/><U72/><E72/><V98/><F81/><W51/><G63/><T107/><D107/><U132/><E132/><V27/><F83/><W2/><G2/><T56/><D21/><U67/><E76/><V5/><F1/><W105/><G105/><T85/><D85/><U93/><E93/><V108/><F92/><W119/><G119/><T126/><D126/><U133/><E133/><RYUUKYOKU ba="1,0" sc="470,10,9,10,211,-30,310,10" hai0="12,16,17,18,47,50,53,56,58,59" hai1="7,8,14,42,46,49,67" hai3="44,48,51,52,54,78,79" /><INIT seed="3,2,0,4,0,11" ten="480,19,181,320" oya="3" hai0="27,100,35,99,65,34,14,21,81,79,46,80,49" hai1="92,20,135,43,62,71,2,28,131,118,105,55,54" hai2="109,110,30,47,133,17,94,74,91,78,119,116,107" hai3="123,132,67,58,3,42,104,9,24,32,0,101,68"/><W89/><G123/><T83/><D65/><U41/><E105/><V5/><F30/><W97/><G132/><T40/><D14/><U114/><E2/><V60/><F5/><W6/><G58/><T98/><D79/><U10/><E114/><V125/><F47/><W37/><G89/><T129/><D129/><U8/><E135/><V63/><F17/><W25/><G3/><T112/><D112/><U128/><E92/><V72/><F133/><W130/><G130/><T50/><D50/><U69/><E28/><V126/><F107/><W1/><G1/><T16/><REACH who="0" step="1"/><D99/><REACH who="0" ten="470,19,181,320" step="2"/><U93/><E93/><AGARI ba="2,1" hai="16,21,27,34,35,40,46,49,80,81,83,93,98,100" machi="93" ten="40,8000,1" yaku="1,1,2,1,54,1,53,1" doraHai="11" doraHaiUra="22" who="0" fromWho="1" sc="470,96,19,-86,181,0,320,0" owari="566,66.6,-67,-56.7,181,-21.9,320,12.0" /></mjloggm>