<mjloggm ver="2.3"><GO type="169" lobby="0"/><UN n0="%E7%A8%B2%E8%91%89%E6%B5%A9%E5%BF%97%2A" n1="%4F%4D%41%4E%54%41" n2="%E3%83%9E%E3%82%B9%E3%82%BF%E3%83%BC%E3%83%93%E3%83%BC%E3%83%AB" n3="%E3%83%8F%E3%83%81%E3%83%A5%E3%83%8A" dan="16,17,16,17" rate="2011.23,2179.42,2183.77,2215.47" sx="M,M,M,M"/><TAIKYOKU oya="0"/><INIT seed="0,0,0,2,0,94" ten="250,250,250,250" oya="0" hai0="40,8,113,88,58,101,23,98,50,17,54,47,15" hai1="9,72,41,105,3,102,116,25,46,0,111,77,52" hai2="35,5,10,45,109,22,64,75,131,114,80,16,123" hai3="55,92,130,95,81,104,78,20,100,128,133,13,120"/><T103/><D8/><U62/><E116/><V53/><F123/><W82/><G55/><T107/><D113/><U87/><E72/><V66/><F35/><W106/><G13/><T121/><D121/><U118/><E118/><V132/><F132/><W122/><G20/><T48/><D107/><U63/><E111/><V117/><F109/><W65/><G65/><T34/><D34/><U1/><E25/><V97/><F131/><W37/><G37/><T79/><D79/><U135/><E135/><V7/><F114/><W86/><G133/><T12/><D15/><U76/><E9/><V127/><F127/><W31/><G31/><T60/><D60/><U90/><E102/><V108/><F80/><W21/><G21/><T110/><D110/><U56/><E105/><V36/><F75/><W124/><G100/><T27/><D27/><U85/><E63/><V42/><F53/><W24/><G24/><T134/><D134/><U93/><REACH who="1" step="1"/><E87/><REACH who="1" ten="250,240,250,250" step="2"/><V26/><F108/><W125/><G78/><T29/><D29/><U2/><N who="1" m="0" /><DORA hai="38" /><U14/><E14/><V18/><F117/><W115/><G115/><T57/><D58/><U51/><AGARI ba="0,1" hai="41,46,51,52,56,62,76,77,85,90,93" m="0" machi="51" ten="60,16000,3" yaku="1,1,0,1,52,1,54,1,53,4" doraHai="94,38" doraHaiUra="112,32" who="1" fromWho="1" sc="250,-80,240,170,250,-40,250,-40" /><INIT seed="1,0,0,0,1,18" ten="170,410,210,210" oya="1" hai0="9,109,60,101,23,0,73,127,84,29,32,13,104" hai1="46,118,52,7,87,117,97,124,19,103,67,68,37" hai2="81,123,126,114,58,83,89,45,135,51,55,93,48" hai3="132,16,42,125,61,36,63,133,108,26,65,5,131"/><U40/><E124/><V98/><F126/><W38/><G125/><T59/><D127/><U113/><E113/><V25/><F114/><W64/><G5/><T35/><D73/><U128/><E128/><V62/><F135/><N who="3" m="51787" /><G131/><T49/><D109/><U78/><E7/><V10/><F123/><W99/><G99/><T4/><D49/><U70/><E87/><V95/><F10/><W27/><G108/><T90/><D101/><U53/><E78/><V33/><F33/><W71/><G42/><T76/><D104/><U80/><E80/><V96/><F25/><N who="3" m="9227" /><G16/><T79/><D29/><U75/><E19/><V91/><REACH who="2" step="1"/><F51/><REACH who="2" ten="170,410,200,210" step="2"/><W56/><AGARI ba="0,1" hai="36,38,56,61,63,64,65,71" m="9227,51787" machi="56" ten="30,1100,0" yaku="20,1" doraHai="18" who="3" fromWho="3" sc="170,-3,410,-5,200,-3,210,21" /><INIT seed="2,0,0,2,5,57" ten="167,405,197,231" oya="2" hai0="6,12,72,47,101,109,118,23,13,33,52,116,54" hai1="41,85,84,62,71,11,39,126,1,37,24,35,91" hai2="5,21,79,119,89,82,111,55,108,63,93,25,15" hai3="97,29,87,14,0,86,20,77,3,96,103,51,64"/><V28/><F119/><N who="0" m="45610" /><D33/><U104/><E104/><V56/><F5/><W88/><G77/><T110/><D72/><U18/><E126/><V26/><F15/><W83/><G86/><T61/><D101/><U81/><E41/><V115/><F115/><W45/><G64/><T46/><D6/><U8/><E35/><V2/><F2/><W49/><G49/><N who="0" m="28727" /><D47/><U44/><E44/><V99/><REACH who="2" step="1"/><F26/><REACH who="2" ten="167,405,187,231" step="2"/><W98/><G0/><T9/><D9/><U94/><E8/><V112/><F112/><W27/><G3/><T133/><D133/><U22/><E1/><V106/><F106/><W80/><G14/><N who="0" m="5739" /><D23/><U38/><E11/><V128/><F128/><W48/><G27/><T132/><D132/><U43/><E24/><V113/><F113/><W17/><G20/><T70/><D70/><U105/><E105/><V65/><F65/><W40/><G29/><T58/><AGARI ba="0,1" hai="54,58,61,109,110" m="5739,28727,45610" machi="58" ten="40,5200,0" yaku="12,1,52,1,54,1" doraHai="57" who="0" fromWho="0" sc="167,62,405,-13,187,-26,231,-13" /><INIT seed="3,0,0,3,3,124" ten="229,392,161,218" oya="3" hai0="79,98,84,112,101,14,83,128,117,93,6,40,19" hai1="119,121,69,11,22,53,105,92,130,58,39,110,60" hai2="7,10,62,127,37,89,126,132,35,113,87,131,67" hai3="31,63,45,88,115,0,54,56,66,51,48,82,42"/><W70/><G115/><T43/><D117/><U116/><E105/><V135/><F37/><W90/><G0/><T108/><D108/><U120/><E11/><V41/><F41/><W75/><REACH who="3" step="1"/><G31/><REACH who="3" ten="229,392,161,208" step="2"/><T109/><D112/><U44/><E116/><V27/><F113/><W47/><G47/><T111/><D111/><U50/><E119/><V8/><F127/><W71/><G71/><T104/><D109/><U85/><E110/><V107/><F126/><W91/><G91/><T32/><D79/><AGARI ba="0,1" hai="42,45,48,51,54,56,63,66,70,75,79,82,88,90" machi="79" ten="40,7700,0" yaku="1,1,54,1,53,1" doraHai="124" doraHaiUra="49" who="3" fromWho="0" sc="229,-77,392,0,161,0,208,87" /><INIT seed="3,1,0,1,1,57" ten="152,392,161,295" oya="3" hai0="85,55,114,68,48,35,22,123,91,133,5,33,125" hai1="32,126,20,36,111,96,116,97,112,86,23,130,67" hai2="58,31,16,99,108,38,34,53,88,78,30,119,60" hai3="104,106,76,9,132,28,128,62,75,71,107,127,61"/><W24/><G71/><T110/><D123/><U41/><E32/><V82/><F119/><W6/><G132/><T19/><D133/><U4/><E112/><V120/><F120/><W10/><G128/><T51/><D114/><U72/><E72/><V0/><F0/><W44/><G127/><T8/><D125/><U69/><E86/><N who="2" m="48471" /><F38/><W11/><G6/><T64/><D110/><U39/><E23/><V49/><F34/><W43/><G76/><T12/><D51/><U102/><E96/><V21/><F108/><W90/><G90/><T3/><D64/><U103/><E67/><V25/><F49/><W129/><G75/><T121/><D68/><U135/><E103/><V92/><AGARI ba="1,0" hai="16,21,25,30,31,53,58,60,88,92,99" m="48471" machi="92" ten="30,8000,1" yaku="25,1,8,1,52,1,54,2" doraHai="57" who="2" fromWho="2" sc="152,-21,392,-21,161,83,295,-41" /><INIT seed="4,0,0,4,4,13" ten="131,371,244,254" oya="0" hai0="19,101,71,88,110,10,109,106,52,69,44,115,50" hai1="60,107,68,29,72,11,39,112,120,73,94,27,82" hai2="20,40,89,93,125,81,75,12,133,90,92,116,34" hai3="62,104,49,46,84,17,0,65,103,23,63,31,70"/><T117/><D117/><U51/><E39/><V130/><F34/><W86/><G0/><T102/><D115/><U135/><E107/><V95/><F116/><W128/><G128/><T91/><D71/><U37/><E37/><V96/><F125/><W77/><G31/><T122/><D69/><U57/><E120/><V24/><F130/><W79/><G63/><T45/><D45/><U59/><E135/><V43/><F12/><W38/><G38/><T78/><D78/><U6/><E68/><V131/><F133/><W126/><G126/><T8/><D122/><U35/><E82/><V80/><F75/><W129/><G129/><T1/><D1/><U25/><E25/><V83/><F131/><W105/><G79/><T33/><D33/><U16/><E94/><N who="2" m="56399" /><F90/><N who="0" m="34346" /><D106/><U28/><E28/><AGARI ba="0,0" hai="20,24,28,40,43,80,81,83,92,93,95" m="56399" machi="28" ten="30,1000,0" yaku="8,1" doraHai="13" who="2" fromWho="1" sc="131,0,371,-10,244,10,254,0" /><INIT seed="5,0,0,0,1,127" ten="131,361,254,254" oya="1" hai0="128,5,76,1,51,54,105,20,77,37,80,108,25" hai1="42,89,132,3,2,48,122,61,62,121,93,4,18" hai2="11,31,35,79,55,63,101,34,56,64,43,107,135" hai3="0,123,57,59,120,15,36,92,45,40,47,95,70"/><U14/><E132/><V65/><F135/><W129/><G0/><T72/><D108/><U67/><E42/><V88/><F43/><W85/><G70/><T117/><D117/><U23/><E48/><V9/><F79/><W53/><G15/><T66/><D105/><U99/><E61/><V38/><F101/><W33/><G85/><T111/><D111/><U91/><E89/><V118/><F107/><W6/><G6/><T16/><D37/><U83/><E83/><V74/><F74/><W60/><G33/><T131/><D66/><U104/><E104/><V10/><F38/><W32/><G32/><T39/><D39/><U29/><E29/><V103/><F103/><W90/><G90/><T27/><D27/><U115/><E115/><V81/><F118/><W106/><G106/><T130/><D77/><U52/><E52/><N who="2" m="34183" /><F34/><W109/><G36/><T49/><D54/><U125/><E125/><V75/><F75/><W112/><G53/><T133/><D133/><U97/><E97/><V114/><F35/><W21/><G40/><T19/><D19/><U22/><E3/><V134/><F31/><W73/><G73/><T94/><D94/><U26/><E2/><V116/><F114/><W96/><G112/><T84/><D72/><U86/><E99/><V13/><F116/><W58/><G96/><T82/><D82/><U7/><E122/><V78/><F134/><W87/><G120/><T110/><D110/><U126/><E121/><V41/><F41/><W28/><G109/><T8/><AGARI ba="0,0" hai="1,5,8,16,20,25,49,51,76,80,84,128,130,131" machi="8" ten="40,12000,2" yaku="0,1,19,1,52,3,54,1" doraHai="127" who="0" fromWho="0" sc="131,120,361,-60,254,-30,254,-30" /><INIT seed="6,0,0,4,2,24" ten="251,301,224,224" oya="2" hai0="40,100,134,128,1,90,23,45,55,29,44,125,82" hai1="43,122,77,14,118,56,35,49,108,66,101,132,2" hai2="15,71,111,69,61,99,26,57,75,96,79,133,91" hai3="62,39,131,124,10,88,123,18,65,67,6,21,50"/><V68/><F133/><W78/><G123/><T102/><D1/><U81/><E2/><V120/><F120/><W7/><G39/><T92/><D134/><U20/><E35/><V98/><F111/><W5/><G131/><T8/><D128/><U83/><E118/><V135/><F135/><W41/><G124/><T9/><D125/><U19/><E108/><V73/><F91/><W113/><G78/><T84/><D55/><U54/><E132/><V97/><N who="2" m="24576" /><DORA hai="103" /><V22/><F15/><W60/><G10/><N who="0" m="4203" /><D82/><U107/><E107/><V0/><F79/><W85/><G113/><T110/><D110/><U129/><E101/><N who="0" m="39017" /><D40/><U13/><E129/><V37/><F37/><W12/><G41/><T27/><AGARI ba="0,0" hai="23,27,29,44,45,84,90,92" m="39017,4203" machi="27" ten="30,2000,0" yaku="8,1,52,1" doraHai="24,103" who="0" fromWho="0" sc="251,20,301,-5,224,-10,224,-5" /><INIT seed="7,0,0,0,5,104" ten="271,296,214,219" oya="3" hai0="69,135,10,122,8,20,80,110,48,53,60,61,67" hai1="93,102,19,117,85,103,76,40,120,14,66,52,95" hai2="125,72,84,79,6,43,31,118,116,88,16,89,74" hai3="100,5,2,50,105,36,7,11,114,75,37,86,24"/><W112/><G86/><T128/><D110/><U107/><E120/><V17/><F43/><W45/><G7/><T22/><D122/><U98/><E66/><V115/><F6/><W109/><G109/><T56/><D128/><U0/><E0/><V30/><F84/><W73/><G24/><T42/><D135/><U127/><E127/><V83/><F125/><W33/><G33/><T68/><D80/><N who="1" m="47239" /><E107/><V15/><F115/><N who="3" m="44075" /><G50/><T134/><D134/><U49/><E40/><V121/><F121/><W26/><G26/><T55/><D42/><U129/><E129/><V78/><F15/><W99/><G45/><T63/><D63/><U58/><E117/><V4/><F4/><W64/><G64/><T94/><D68/><U27/><E27/><V123/><F123/><W119/><G119/><T32/><D32/><U113/><E113/><V13/><F13/><W90/><G90/><T21/><D94/><N who="1" m="35851" /><E98/><V87/><F87/><W97/><G99/><T39/><D39/><AGARI ba="0,0" hai="2,5,11,36,37,39,73,75,97,100,105" m="44075" machi="39" ten="30,11600,0" yaku="15,1,23,1,52,2" doraHai="104" who="3" fromWho="0" sc="271,-116,296,0,214,0,219,116" owari="155,-34.5,296,9.6,214,-18.6,335,43.5" /></mjloggm>