<mjloggm ver="2.3"><GO type="169" lobby="0"/><UN n0="%E9%A2%A8%E3%81%A7%E9%B3%B4%E3%81%8F" n1="%E3%81%A6%E3%81%A4%EF%BC%A3" n2="%74%61%6E%70%69%6E%38" n3="%E3%81%97%E3%82%83%E3%82%93%E3%81%8A%E3%81%98" dan="16,16,16,17" rate="2151.74,2138.89,2150.40,2178.94" sx="M,M,M,F"/><TAIKYOKU oya="0"/><INIT seed="0,0,0,2,5,14" ten="250,250,250,250" oya="0" hai0="107,15,39,66,123,23,22,12,21,38,20,105,83" hai1="28,0,17,56,16,65,86,8,98,129,71,118,113" hai2="102,58,36,126,69,132,121,11,112,104,127,103,37" hai3="119,53,45,35,108,111,50,57,91,110,92,74,76"/><T97/><D123/><U68/><E118/><V24/><F69/><W2/><G119/><T6/><D66/><U40/><E40/><V48/><F112/><W78/><G35/><T46/><D83/><U19/><E113/><V131/><F121/><W70/><G70/><T87/><D87/><U4/><E129/><V101/><F104/><W51/><G2/><T61/><D61/><U72/><E72/><V100/><F132/><W124/><G124/><T33/><D33/><U1/><E1/><V94/><F131/><W60/><G74/><T27/><D105/><U49/><E28/><V135/><F135/><W79/><REACH who="3" step="1"/><G45/><REACH who="3" ten="250,250,250,240" step="2"/><T9/><D46/><U10/><E71/><V89/><F127/><W128/><G128/><T59/><D59/><U81/><E68/><V54/><F126/><W114/><G114/><T84/><D15/><N who="1" m="5511" /><E10/><V55/><N who="2" m="25600" /><DORA hai="7" /><V99/><F24/><W120/><G120/><T26/><D26/><U122/><E0/><V106/><F106/><W32/><G32/><T42/><D107/><U18/><E122/><V130/><F130/><W109/><N who="3" m="27648" /><DORA hai="25" /><W64/><G64/><T82/><D27/><U5/><E65/><V95/><F11/><W125/><G125/><T30/><D9/><U43/><E5/><V73/><F73/><W63/><G63/><T44/><D6/><U93/><N who="1" m="4096" /><DORA hai="133" /><U90/><E56/><V75/><F75/><W88/><G88/><T47/><N who="0" m="5120" /><DORA hai="77" /><T115/><D115/><RYUUKYOKU type="kan4" ba="0,1" sc="250,0,250,0,250,0,240,0" /><INIT seed="0,1,1,5,4,21" ten="250,250,250,240" oya="0" hai0="132,128,38,26,16,91,33,86,73,45,107,23,102" hai1="1,29,10,98,54,106,6,96,58,30,69,80,123" hai2="112,90,24,89,42,97,116,129,62,110,55,65,14" hai3="66,87,75,83,109,56,59,92,48,124,40,84,25"/><T114/><D73/><U3/><E69/><V47/><F112/><W133/><G109/><T39/><D114/><U44/><E123/><V19/><F110/><W134/><G124/><T64/><D128/><U71/><E71/><V70/><F116/><W111/><G111/><T94/><D132/><N who="3" m="50793" /><G92/><T72/><D72/><U76/><E1/><V68/><F68/><W113/><G113/><T37/><D64/><U43/><E96/><V12/><F129/><W104/><G104/><T131/><D131/><U18/><E18/><V0/><F0/><W11/><G11/><T32/><REACH who="0" step="1"/><D45/><REACH who="0" ten="240,250,250,240" step="2"/><U81/><E44/><V67/><F67/><W74/><G74/><T13/><D13/><U20/><E3/><V105/><F12/><W120/><G75/><T79/><D79/><U127/><E76/><V99/><F14/><W78/><G66/><T108/><D108/><U126/><E126/><V52/><F65/><W4/><G59/><T7/><D7/><U101/><E127/><V88/><F47/><N who="3" m="25703" /><G4/><T46/><D46/><U22/><E6/><V35/><F70/><W82/><G56/><T121/><D121/><U85/><E58/><V49/><F42/><W117/><G120/><T135/><D135/><U31/><E43/><V63/><F55/><W130/><G130/><T103/><D103/><U36/><E54/><V8/><F52/><W95/><G117/><T119/><D119/><U28/><E101/><V34/><F62/><W118/><G118/><T115/><D115/><U122/><E122/><V60/><F63/><W57/><G57/><T41/><D41/><U5/><E5/><RYUUKYOKU ba="1,2" sc="240,30,250,-10,250,-10,240,-10" hai0="16,23,26,32,33,37,38,39,86,91,94,102,107" /><INIT seed="0,2,2,5,0,40" ten="270,240,240,230" oya="0" hai0="69,122,68,22,82,21,42,123,2,76,31,64,104" hai1="60,15,33,129,38,6,5,53,34,107,20,45,3" hai2="128,72,75,41,133,66,77,52,79,25,111,49,51" hai3="127,87,43,48,14,93,90,100,74,106,9,32,55"/><T117/><D2/><U19/><E107/><V99/><F111/><W7/><G32/><T47/><D104/><U61/><E129/><V132/><F128/><W83/><G127/><T81/><D117/><U13/><E3/><V24/><F66/><W124/><G124/><T70/><D64/><U94/><E94/><V98/><F41/><W23/><G106/><T95/><D95/><U35/><E13/><V103/><REACH who="2" step="1"/><F52/><REACH who="2" ten="270,240,230,230" step="2"/><W121/><G43/><T62/><D62/><U39/><E61/><V134/><F134/><W65/><G65/><T11/><D123/><U67/><E53/><V56/><F56/><W114/><G121/><T71/><D71/><U73/><E67/><V102/><AGARI ba="2,3" hai="24,25,49,51,72,75,77,79,98,99,102,103,132,133" machi="102" ten="25,6400,0" yaku="1,1,0,1,22,2,53,0" doraHai="40" doraHaiUra="101" who="2" fromWho="2" sc="270,-34,240,-18,230,100,230,-18" /><INIT seed="1,0,0,4,1,92" ten="236,222,330,212" oya="1" hai0="21,67,129,119,82,22,30,96,54,44,79,114,65" hai1="56,105,50,38,73,112,75,18,107,101,61,16,55" hai2="12,42,33,47,118,108,117,17,124,60,43,91,89" hai3="15,126,63,1,49,57,127,81,4,24,69,68,133"/><U20/><E112/><V109/><F33/><W66/><G1/><T100/><D119/><N who="2" m="45578" /><F60/><W104/><G104/><T8/><D129/><U13/><E38/><V76/><F76/><W134/><G81/><T64/><D8/><U35/><E35/><V31/><F31/><W3/><G24/><T26/><D114/><U29/><E29/><V23/><F42/><W27/><G27/><T111/><D111/><N who="2" m="42570" /><F124/><N who="3" m="47659" /><G15/><T128/><D128/><U93/><E73/><V40/><F40/><W115/><G115/><T37/><D37/><AGARI ba="0,0" hai="12,17,23,37,43,47,89,91" m="42570,45578" machi="37" ten="30,1000,0" yaku="14,1" doraHai="92" who="2" fromWho="0" sc="236,-10,222,0,330,10,212,0" /><INIT seed="2,0,0,1,4,54" ten="226,222,340,212" oya="2" hai0="128,59,67,113,43,110,102,39,103,75,45,7,126" hai1="9,35,76,81,132,17,8,123,107,2,58,92,13" hai2="30,6,134,98,84,50,93,25,117,57,106,34,86" hai3="120,37,0,62,69,133,104,21,5,119,130,72,111"/><V135/><F106/><W51/><G51/><T49/><D75/><U36/><E132/><N who="2" m="50731" /><F6/><W16/><G16/><T125/><D7/><U83/><E107/><V114/><F114/><W97/><G97/><T64/><D102/><U96/><E123/><V131/><F131/><W19/><G19/><T85/><D103/><U124/><E124/><V24/><F24/><W90/><G90/><T40/><D85/><U3/><E35/><V116/><F50/><W100/><G100/><T112/><D128/><U68/><E68/><V82/><F57/><W94/><G21/><T47/><D110/><U44/><E8/><V12/><F12/><W101/><G62/><N who="0" m="37983" /><D67/><U38/><E83/><V109/><F109/><W73/><G94/><T105/><D105/><U108/><E108/><V66/><F66/><W11/><G5/><T118/><D118/><N who="2" m="45674" /><F82/><W88/><G104/><T70/><D70/><U22/><E58/><V32/><F34/><W60/><G69/><T78/><D78/><U10/><E44/><V15/><F15/><W89/><G111/><T71/><D71/><U4/><E10/><V26/><F26/><W18/><G119/><T63/><D63/><U42/><E2/><V74/><F74/><W122/><G72/><T79/><D79/><U53/><E42/><V91/><AGARI ba="0,0" hai="25,30,32,84,86,91,93,98" m="45674,50731" machi="91" ten="30,1500,0" yaku="20,1" doraHai="54" who="2" fromWho="2" sc="226,-5,222,-5,340,15,212,-5" /><INIT seed="2,1,0,3,4,36" ten="221,217,355,207" oya="2" hai0="68,47,50,112,62,32,20,73,121,114,38,48,37" hai1="95,17,79,83,13,58,61,113,129,44,134,25,133" hai2="18,74,82,135,108,110,11,49,6,125,8,101,29" hai3="106,10,122,123,86,69,21,3,81,96,9,75,54"/><V59/><F135/><N who="1" m="51721" /><E113/><V97/><F125/><W34/><G34/><T130/><D32/><U41/><E129/><V24/><F18/><W72/><G69/><T53/><D20/><U35/><E95/><V90/><F59/><W85/><G21/><T119/><D73/><U2/><E2/><V30/><F49/><W22/><G22/><T88/><D88/><U104/><E104/><V118/><F118/><W23/><G23/><T87/><D87/><U4/><E4/><V127/><F127/><W132/><G132/><T128/><D121/><U120/><E120/><V105/><F8/><W80/><G54/><T76/><D76/><U77/><E13/><V100/><F100/><W45/><G45/><N who="0" m="27791" /><D62/><U60/><E17/><V15/><F24/><W39/><G39/><N who="0" m="14859" /><D68/><U64/><E61/><V56/><F56/><W115/><G3/><T63/><D63/><U55/><E64/><V70/><F70/><W28/><G28/><T107/><D107/><U109/><E83/><V31/><F90/><W67/><G67/><T89/><D89/><U57/><E57/><V116/><F116/><W94/><G94/><T66/><D66/><U27/><E35/><V99/><F99/><W43/><G96/><T117/><D117/><U131/><E25/><V33/><F33/><W12/><G12/><T92/><D92/><U102/><E27/><V126/><F126/><W1/><G1/><T5/><D5/><U0/><E0/><V111/><F82/><W93/><G93/><T40/><D119/><U78/><E60/><V46/><F46/><W26/><G106/><T98/><D98/><RYUUKYOKU ba="1,0" sc="221,15,217,-15,355,15,207,-15" hai0="40,47,50,112,114,128,130" hai2="6,11,15,29,30,31,74,97,101,105,108,110,111" /><INIT seed="2,2,0,1,3,75" ten="236,202,370,192" oya="2" hai0="120,22,28,83,115,54,46,65,93,62,82,129,96" hai1="73,32,20,121,41,113,112,84,92,127,40,76,71" hai2="131,98,126,59,52,4,10,61,45,27,12,124,104" hai3="78,69,9,133,63,43,135,109,79,116,7,94,21"/><V123/><F123/><W56/><G69/><T29/><D115/><U36/><E121/><V97/><F131/><W39/><G116/><T13/><D129/><U25/><E32/><V49/><F104/><W134/><G109/><T107/><D107/><U95/><E71/><V58/><F58/><W85/><G21/><T17/><D46/><U117/><E117/><V64/><REACH who="2" step="1"/><F27/><REACH who="2" ten="236,202,360,192" step="2"/><W90/><G39/><T14/><D120/><U23/><E36/><V5/><F5/><W48/><G48/><T86/><D62/><U44/><E25/><V51/><F51/><W24/><G24/><T81/><D65/><U30/><E112/><V72/><F72/><W37/><G37/><T88/><D54/><U55/><E73/><V106/><F106/><W66/><REACH who="3" step="1"/><G43/><REACH who="3" ten="236,202,360,182" step="2"/><T102/><D29/><U60/><E40/><V11/><F11/><W47/><G47/><T130/><D28/><U57/><E113/><V77/><F77/><W128/><G128/><T38/><D38/><U119/><E119/><V74/><F74/><W8/><G8/><N who="0" m="6311" /><D130/><U108/><E44/><V42/><F42/><W6/><G6/><T35/><D35/><U16/><E41/><V2/><F2/><AGARI ba="2,2" hai="2,7,9,56,63,66,78,79,85,90,94,133,134,135" machi="2" ten="40,8000,1" yaku="1,1,20,1,52,2,53,0" doraHai="75" doraHaiUra="19" who="3" fromWho="2" sc="236,0,202,0,360,-86,182,106" /><INIT seed="3,0,0,0,3,75" ten="236,202,274,288" oya="3" hai0="29,95,89,108,122,58,56,100,22,104,8,80,63" hai1="14,98,66,50,72,101,126,131,12,21,124,9,68" hai2="97,84,57,99,71,10,27,19,15,36,116,0,44" hai3="91,103,87,42,62,55,120,102,92,61,76,48,90"/><W78/><G120/><T24/><D108/><U65/><E72/><V23/><F71/><W54/><G42/><T74/><D122/><U28/><E131/><V43/><F116/><W32/><G32/><T64/><D104/><U132/><E132/><V38/><F38/><W109/><G109/><T127/><D127/><N who="1" m="48683" /><E50/><V86/><F0/><W77/><G90/><T16/><D58/><U83/><E83/><V1/><F1/><W88/><G91/><T52/><D64/><U128/><E128/><V123/><F123/><W39/><G39/><T106/><D106/><N who="1" m="63799" /><E68/><V37/><F37/><W81/><G81/><T2/><D2/><U113/><E113/><V93/><F57/><N who="3" m="34999" /><G62/><T119/><D119/><U3/><E3/><V111/><F111/><W4/><G4/><T79/><D100/><U133/><E133/><V33/><F33/><W20/><G20/><T117/><D117/><U129/><E129/><V5/><REACH who="2" step="1"/><F99/><REACH who="2" ten="236,202,264,288" step="2"/><W134/><G134/><T31/><D8/><U110/><E110/><V41/><F41/><W135/><G135/><T82/><REACH who="0" step="1"/><D80/><REACH who="0" ten="226,202,264,288" step="2"/><U45/><E9/><V96/><F96/><AGARI ba="0,2" hai="16,22,24,29,31,52,56,63,74,79,82,89,95,96" machi="96" ten="30,16000,3" yaku="1,1,2,1,7,1,25,2,52,1,54,2,53,1" doraHai="75" doraHaiUra="73" who="0" fromWho="2" sc="226,180,202,0,264,-160,288,0" /><INIT seed="4,0,0,2,3,89" ten="406,202,104,288" oya="0" hai0="20,31,71,103,85,65,8,48,93,15,39,96,123" hai1="73,116,62,51,4,17,114,18,21,59,24,45,10" hai2="0,83,34,41,128,57,108,115,69,61,110,68,12" hai3="54,84,26,36,113,43,78,120,64,82,125,60,66"/><T38/><D123/><U72/><E116/><V52/><F0/><W27/><G120/><T70/><D48/><U58/><E114/><V124/><F34/><W7/><G113/><T129/><D129/><U104/><E104/><V101/><F115/><W126/><G7/><T133/><D133/><U105/><E105/><V77/><F101/><W81/><G54/><T117/><D117/><U119/><E119/><V91/><F91/><W75/><G43/><T16/><D85/><U33/><E33/><V11/><F124/><N who="3" m="47723" /><G36/><T86/><D65/><N who="3" m="25193" /><G60/><T130/><D130/><U63/><E51/><V49/><F128/><W55/><G55/><T1/><D1/><U102/><E45/><V44/><F110/><W56/><G56/><T46/><D46/><U23/><E4/><V88/><F88/><AGARI ba="0,0" hai="26,27,75,78,81,82,84,88" m="25193,47723" machi="88" ten="30,2000,0" yaku="18,1,54,1" doraHai="89" who="3" fromWho="2" sc="406,0,202,0,104,-20,288,20" /><INIT seed="5,0,0,0,1,100" ten="406,202,84,308" oya="1" hai0="46,90,108,121,16,92,4,107,129,93,127,120,88" hai1="60,18,32,65,130,59,36,35,54,102,113,79,126" hai2="27,118,104,81,85,83,6,13,39,21,7,69,70" hai3="28,61,78,101,31,29,111,9,5,112,26,66,76"/><U40/><E113/><V95/><F118/><W49/><G111/><T34/><D34/><U84/><E126/><V99/><F39/><W62/><G112/><T8/><D127/><U114/><E114/><V14/><F70/><W20/><G49/><T67/><D67/><U89/><E130/><V42/><F69/><W135/><G135/><T124/><D124/><U2/><E79/><V43/><F104/><W87/><G101/><T10/><D107/><U73/><E73/><V97/><F27/><W94/><G94/><N who="0" m="36459" /><D46/><U15/><E102/><V96/><F21/><W123/><G123/><N who="0" m="47179" /><D108/><U37/><E2/><V53/><F95/><W19/><G87/><T122/><D129/><U57/><E89/><V44/><F53/><W72/><G72/><T98/><D98/><U52/><E84/><V23/><F23/><W132/><G132/><T33/><D33/><U131/><E131/><V106/><F106/><W116/><G116/><T48/><D48/><U105/><E105/><V41/><F44/><W133/><G133/><T11/><D122/><U22/><E65/><V51/><F51/><W1/><REACH who="3" step="1"/><G61/><REACH who="3" ten="406,202,84,298" step="2"/><T128/><D128/><U125/><E125/><V77/><REACH who="2" step="1"/><F83/><REACH who="2" ten="406,202,74,298" step="2"/><W38/><G38/><T109/><D109/><U25/><E40/><V103/><F103/><W56/><AGARI ba="0,2" hai="1,5,9,19,20,26,28,29,31,56,62,66,76,78" machi="56" ten="30,4000,0" yaku="1,1,0,1,53,1" doraHai="100" doraHaiUra="3" who="3" fromWho="3" sc="406,-10,202,-20,74,-10,298,60" /><INIT seed="6,0,0,0,4,89" ten="396,182,64,358" oya="2" hai0="37,33,124,31,16,3,65,95,19,21,48,28,80" hai1="112,63,83,12,27,122,79,96,128,116,52,49,118" hai2="39,14,107,114,86,102,74,10,113,53,25,123,75" hai3="84,134,2,94,8,59,38,132,82,18,30,44,64"/><V58/><F123/><W13/><G30/><T81/><D37/><U34/><E122/><V15/><F39/><W97/><G2/><T45/><D3/><U103/><E112/><N who="2" m="43115" /><F86/><W66/><G38/><T7/><D7/><U93/><E63/><V54/><F25/><W105/><G105/><T133/><D133/><N who="3" m="51305" /><G44/><T1/><D1/><U9/><E128/><V41/><F41/><W17/><G59/><T47/><D124/><U125/><E125/><V108/><F108/><W115/><G18/><N who="0" m="6699" /><D33/><U57/><E27/><V55/><F58/><W72/><G72/><N who="2" m="27689" /><F10/><W35/><G35/><T91/><D65/><U43/><E43/><V126/><F126/><W11/><G11/><T61/><D61/><U109/><E34/><V92/><F107/><W90/><G115/><T6/><D6/><U101/><E109/><V24/><F24/><W51/><G51/><T111/><D111/><U127/><E127/><V69/><F69/><W120/><G120/><T0/><D0/><U131/><E131/><V121/><F121/><W29/><G29/><N who="0" m="11339" /><D21/><U88/><E118/><V85/><F85/><W104/><G104/><T119/><D119/><U62/><E116/><V98/><AGARI ba="0,0" hai="14,15,53,54,55,92,98,102" m="27689,43115" machi="98" ten="40,3900,0" yaku="15,1,52,1" doraHai="89" who="2" fromWho="2" sc="396,-13,182,-13,64,39,358,-13" /><INIT seed="6,1,0,0,5,60" ten="383,169,103,345" oya="2" hai0="104,25,10,27,108,116,9,105,97,110,84,91,8" hai1="47,55,19,106,99,74,121,72,103,117,37,102,33" hai2="130,120,95,16,73,79,113,32,59,125,107,96,23" hai3="46,1,115,94,34,88,85,123,48,124,112,38,22"/><V51/><F120/><W24/><G1/><T6/><D6/><U39/><E117/><V65/><F107/><W64/><G123/><T76/><D76/><U69/><E69/><V57/><F32/><W127/><G38/><T44/><D116/><U29/><E121/><V98/><F113/><N who="3" m="43595" /><G34/><T135/><D135/><U13/><E102/><V63/><F130/><W35/><G64/><T89/><D44/><U31/><E37/><V70/><F125/><W50/><G35/><T18/><D18/><U90/><E90/><V111/><F111/><W77/><G77/><T42/><D42/><U21/><E33/><V119/><F119/><W82/><G82/><T126/><D10/><U43/><REACH who="1" step="1"/><E55/><REACH who="1" ten="383,159,103,345" step="2"/><N who="2" m="31999" /><F70/><W133/><G133/><T78/><D78/><U87/><E87/><V132/><F132/><W86/><G86/><T101/><D84/><U100/><E100/><V17/><F73/><AGARI ba="1,1" hai="13,19,21,29,31,39,43,47,72,73,74,99,103,106" machi="73" ten="40,2600,0" yaku="1,1,53,1" doraHai="60" doraHaiUra="11" who="1" fromWho="2" sc="383,0,159,39,103,-29,345,0" /><INIT seed="7,0,0,1,5,23" ten="383,198,74,345" oya="3" hai0="22,68,122,53,85,32,130,111,104,57,66,134,39" hai1="78,2,120,116,115,0,65,21,34,94,128,90,15" hai2="18,5,64,127,76,61,37,102,77,81,87,9,69" hai3="124,48,4,52,86,40,131,101,58,3,60,97,82"/><W33/><G33/><T63/><D32/><U28/><E120/><V89/><F127/><W26/><G124/><T55/><D104/><U56/><E78/><V110/><F110/><W54/><G131/><T11/><D122/><U42/><E42/><V74/><F102/><W99/><G40/><T59/><D39/><U84/><E115/><V62/><F37/><W109/><G109/><T70/><D111/><U118/><E34/><V100/><F100/><W25/><G4/><T91/><D134/><U14/><E14/><V73/><F18/><W67/><G3/><T98/><D98/><N who="3" m="37385" /><G101/><T92/><D130/><U126/><E128/><V45/><F45/><N who="3" m="27663" /><G67/><T10/><D22/><U19/><E28/><V36/><F36/><W79/><AGARI ba="0,0" hai="25,26,54,58,60,79,82,86" m="27663,37385" machi="79" ten="30,11700,0" yaku="8,1,52,2,54,1" doraHai="23" who="3" fromWho="3" sc="383,-39,198,-39,74,-39,345,117" owari="344,14.4,159,-24.1,35,-46.5,462,56.2" /></mjloggm>