<mjloggm ver="2.3"><GO type="169" lobby="0"/><UN n0="%E3%82%BC%E3%83%B3%E3%83%84%E3%83%9E%E3%82%B7%E3%83%BC%E3%83%B3" n1="%E4%B8%8B%E7%B4%9A%E5%9B%BD%E6%B0%91" n2="%E3%82%8F%E3%81%98" n3="%E5%9C%A7%E5%80%92%E7%9A%84%E3%83%9D%E3%83%B3" dan="16,16,16,17" rate="2159.39,2125.29,2126.58,2184.00" sx="M,M,M,M"/><TAIKYOKU oya="0"/><INIT seed="0,0,0,4,5,25" ten="250,250,250,250" oya="0" hai0="77,122,85,22,9,80,56,17,90,81,43,114,30" hai1="28,29,110,63,89,129,93,115,86,27,15,119,66" hai2="62,106,126,100,133,2,103,55,78,96,75,124,60" hai3="125,101,116,59,41,5,26,67,7,53,40,76,127"/><T94/><D114/><U35/><E119/><V10/><F133/><W83/><G116/><T79/><D122/><U42/><E115/><V120/><F120/><W14/><G101/><T104/><D104/><U131/><E110/><V38/><F38/><W121/><G67/><T39/><D9/><U19/><E42/><V135/><F135/><W32/><G121/><T49/><D39/><U48/><E48/><V73/><F103/><W16/><G41/><T4/><D4/><U1/><E1/><V118/><F118/><W84/><G40/><T61/><D30/><N who="1" m="19935" /><E15/><V37/><F37/><W132/><G132/><T0/><D0/><U54/><E54/><V72/><F78/><N who="0" m="29706" /><D49/><U87/><E87/><V51/><F51/><W20/><G32/><T111/><D43/><U46/><E19/><V128/><F128/><N who="1" m="49225" /><E46/><V130/><F130/><W88/><G76/><T8/><D8/><U109/><E109/><V34/><F34/><W74/><G74/><T3/><D3/><U13/><E13/><V68/><F55/><W99/><G99/><T12/><D111/><U64/><E64/><AGARI ba="0,0" hai="12,17,22,56,61,64,80,81,85,90,94" m="29706" machi="64" ten="30,1500,0" yaku="8,1" doraHai="25" who="0" fromWho="1" sc="250,15,250,-15,250,0,250,0" /><INIT seed="0,1,0,1,5,41" ten="265,235,250,250" oya="0" hai0="58,126,17,5,10,121,65,110,22,0,87,54,51" hai1="135,115,113,30,114,20,117,59,37,107,24,16,99" hai2="95,122,6,116,12,14,36,123,118,27,67,60,119" hai3="124,83,77,76,35,125,73,128,98,78,8,66,70"/><T48/><D121/><U57/><E117/><V3/><F36/><W80/><G35/><T97/><D126/><N who="3" m="48745" /><G70/><T69/><D110/><U100/><E135/><V40/><F40/><W31/><G31/><T28/><D28/><U109/><E37/><V15/><F95/><W102/><G66/><T90/><D97/><U92/><E109/><V82/><F82/><N who="3" m="31275" /><G8/><T29/><D29/><U120/><E120/><N who="2" m="46123" /><F60/><W75/><G128/><T19/><D65/><U129/><E129/><V71/><F71/><W91/><G91/><T47/><D69/><U43/><E43/><V62/><F62/><W33/><G33/><T2/><D2/><U130/><E130/><V133/><F67/><W56/><G56/><N who="1" m="21578" /><E30/><V104/><F133/><W108/><G108/><T68/><D68/><U32/><E32/><V112/><F112/><N who="1" m="28673" /><U61/><DORA hai="55" /><E61/><V131/><F131/><W4/><G4/><T64/><D64/><U25/><E92/><AGARI ba="1,0" hai="73,75,76,77,78,92,98,102" m="31275,48745" machi="92" ten="30,3900,0" yaku="18,1,34,2" doraHai="41,55" who="3" fromWho="1" sc="265,0,235,-42,250,0,250,42" /><INIT seed="1,0,0,4,5,126" ten="265,193,250,292" oya="1" hai0="79,84,14,99,127,44,110,27,5,18,83,46,130" hai1="53,25,62,23,78,43,66,72,41,114,90,100,16" hai2="73,30,22,125,47,58,88,132,11,31,116,8,85" hai3="68,1,57,7,9,108,119,65,15,10,28,12,123"/><U69/><E114/><V129/><F116/><W2/><G119/><T77/><D127/><U40/><E100/><V124/><F73/><W48/><G68/><T80/><D110/><U117/><E117/><V51/><F132/><W74/><G74/><T93/><D5/><U61/><E90/><V55/><F125/><W20/><G123/><T50/><D27/><U38/><E38/><V21/><F124/><W37/><G37/><T111/><D111/><U128/><E128/><V133/><F133/><W121/><G121/><T0/><D0/><U45/><E62/><V134/><F129/><W4/><G108/><T95/><D130/><U82/><REACH who="1" step="1"/><E53/><REACH who="1" ten="265,183,250,292" step="2"/><V67/><F134/><W115/><G115/><T98/><D50/><U122/><E122/><V102/><F102/><W81/><G65/><T76/><D77/><U91/><E91/><V107/><F67/><W94/><G48/><T39/><D39/><U42/><E42/><V52/><F107/><W120/><G120/><T26/><D76/><U3/><E3/><V97/><F97/><W32/><G1/><T13/><D79/><U75/><E75/><V89/><F89/><W106/><G2/><T92/><D99/><U33/><E33/><V24/><F88/><W19/><G32/><T54/><D98/><U105/><E105/><V71/><F85/><W59/><G106/><T109/><D84/><U56/><E56/><V36/><F71/><W86/><G59/><T63/><D109/><U6/><E6/><V103/><F103/><W113/><G113/><T96/><D96/><U64/><E64/><V17/><F36/><RYUUKYOKU ba="0,1" sc="265,-10,183,30,250,-10,292,-10" hai1="16,23,25,40,41,43,45,61,66,69,72,78,82" /><INIT seed="1,1,1,1,5,118" ten="255,213,240,282" oya="1" hai0="91,53,124,42,117,88,35,16,46,59,103,76,112" hai1="113,81,11,131,65,49,78,57,107,108,56,133,6" hai2="48,54,32,104,34,38,2,12,37,29,14,33,8" hai3="73,20,122,93,58,135,134,19,61,52,121,123,51"/><U15/><E113/><V126/><F104/><W7/><G73/><T36/><D117/><U67/><E107/><V129/><F2/><W90/><G7/><T41/><D112/><U89/><E133/><N who="3" m="50698" /><G51/><T4/><D124/><U31/><E131/><V72/><F72/><W5/><G5/><T71/><D71/><U100/><E100/><V26/><F126/><W13/><G123/><T63/><D35/><U62/><E31/><V10/><F129/><W102/><G102/><T82/><D42/><U18/><E108/><V130/><F130/><W28/><G28/><T80/><D4/><U40/><E89/><V74/><F74/><W17/><G19/><T77/><D103/><U64/><E18/><V24/><F38/><W106/><G106/><T44/><D44/><N who="1" m="25735" /><E62/><V23/><F37/><W43/><G43/><T120/><D120/><U132/><E132/><V39/><F39/><W84/><AGARI ba="1,1" hai="13,17,20,52,58,61,84,90,93,121,122" m="50698" machi="84" ten="30,7900,0" yaku="20,1,52,2,54,1" doraHai="118" who="3" fromWho="3" sc="255,-21,213,-40,240,-21,282,92" /><INIT seed="2,0,0,1,4,67" ten="234,173,219,374" oya="2" hai0="128,134,12,92,65,19,99,94,117,47,20,68,83" hai1="110,29,33,3,8,54,16,77,119,31,18,60,89" hai2="101,72,56,13,42,107,135,104,40,112,50,52,80" hai3="100,30,6,115,88,1,46,51,26,95,132,11,116"/><V78/><F112/><W15/><G132/><T70/><D134/><U84/><E119/><V122/><F122/><W49/><G115/><T114/><D114/><U131/><E110/><V62/><F135/><W111/><G111/><T71/><D117/><U105/><E105/><V55/><F13/><W126/><G126/><T123/><D123/><U10/><E77/><V7/><F7/><W96/><G116/><T102/><D128/><U120/><E131/><V25/><F25/><W76/><G76/><T43/><D83/><U108/><E108/><V45/><REACH who="2" step="1"/><F101/><REACH who="2" ten="234,173,209,374" step="2"/><W48/><G100/><T125/><D125/><U127/><E127/><V59/><F59/><W106/><G106/><AGARI ba="0,1" hai="40,42,45,50,52,55,56,62,72,78,80,104,106,107" machi="106" ten="40,3900,0" yaku="1,1,54,1,53,0" doraHai="67" doraHaiUra="2" who="2" fromWho="3" sc="234,0,173,0,209,49,374,-39" /><INIT seed="2,1,0,3,4,8" ten="234,173,258,335" oya="2" hai0="3,80,21,26,33,87,54,78,94,59,93,86,103" hai1="1,40,110,65,90,44,18,89,22,124,24,81,50" hai2="82,14,102,55,6,104,35,76,42,51,125,25,36" hai3="58,129,53,122,84,130,98,71,97,0,9,72,68"/><V123/><F123/><W15/><G0/><T37/><D3/><U99/><E1/><V17/><F6/><W111/><G72/><T30/><D37/><U28/><E110/><V66/><F66/><W105/><G111/><T133/><D133/><U34/><E124/><V95/><F104/><W20/><G20/><T38/><D38/><U101/><E81/><V74/><F42/><W109/><G109/><T116/><D116/><U11/><E65/><V113/><F36/><W117/><G117/><T43/><D43/><U12/><REACH who="1" step="1"/><E34/><REACH who="1" ten="234,163,258,335" step="2"/><V121/><F125/><W67/><G67/><T119/><D33/><U46/><E46/><V100/><F121/><W83/><G122/><T85/><D119/><U27/><E27/><V57/><F113/><W92/><G130/><T52/><D103/><U73/><E73/><V70/><F70/><W79/><G129/><T41/><D80/><U39/><E39/><V134/><F134/><W16/><G105/><AGARI ba="1,1" hai="11,12,18,22,24,28,40,44,50,89,90,99,101,105" machi="105" ten="30,3900,0" yaku="1,1,7,1,52,1,53,0" doraHai="8" doraHaiUra="64" who="1" fromWho="3" sc="234,0,163,52,258,0,335,-42" /><INIT seed="3,0,0,4,0,34" ten="234,215,258,293" oya="3" hai0="118,22,37,17,111,50,40,25,7,75,56,104,11" hai1="21,122,33,119,74,49,77,123,15,131,3,32,87" hai2="36,43,44,29,59,82,88,109,124,0,14,130,125" hai3="100,89,135,10,112,54,41,13,127,35,117,120,1"/><W39/><G100/><T108/><D118/><U67/><E74/><V19/><F109/><N who="0" m="42058" /><D104/><U53/><E67/><V20/><F130/><W66/><G66/><T2/><D75/><U48/><E15/><V71/><F71/><W99/><G54/><N who="0" m="31831" /><D40/><U27/><E53/><V31/><F59/><W80/><G41/><T52/><D52/><U121/><E131/><V106/><F106/><W12/><G39/><AGARI ba="0,0" hai="2,7,11,17,22,25,37,39" m="31831,42058" machi="39" ten="30,2000,0" yaku="14,1,52,1" doraHai="34" who="0" fromWho="3" sc="234,20,215,0,258,0,293,-20" /><INIT seed="4,0,0,4,2,72" ten="254,215,258,273" oya="0" hai0="40,78,115,14,17,124,42,119,134,47,15,48,123" hai1="54,110,76,105,133,2,131,31,66,30,51,74,22" hai2="97,106,104,19,3,12,36,117,32,101,128,83,127" hai3="46,118,9,43,67,49,7,122,35,90,33,56,38"/><T98/><D119/><U20/><E105/><V63/><F3/><W11/><G118/><T92/><D123/><U10/><E110/><V121/><F117/><W86/><G122/><T88/><D115/><U0/><E66/><V112/><F36/><W55/><G67/><T37/><D134/><U125/><E125/><V68/><F128/><W113/><G9/><T99/><D124/><U81/><E131/><V70/><F32/><W77/><G113/><T39/><D42/><U109/><E109/><V21/><F112/><W116/><G116/><T135/><D135/><U87/><E74/><V61/><F121/><W71/><G71/><T108/><D108/><U50/><E133/><V13/><F106/><W89/><G89/><T93/><D78/><U84/><E10/><V28/><F28/><W91/><G91/><T16/><D14/><U34/><E54/><V5/><F83/><W73/><G73/><T26/><D26/><U114/><E114/><V44/><F44/><W80/><REACH who="3" step="1"/><G90/><REACH who="3" ten="254,215,258,263" step="2"/><T102/><REACH who="0" step="1"/><D17/><REACH who="0" ten="244,215,258,263" step="2"/><U79/><REACH who="1" step="1"/><E81/><REACH who="1" ten="244,205,258,263" step="2"/><V95/><F104/><W45/><G45/><T25/><D25/><U111/><E111/><V82/><F127/><W58/><G58/><T130/><D130/><U6/><E6/><V59/><F70/><W4/><G4/><T132/><D132/><U75/><E75/><V1/><F82/><W24/><G24/><T57/><D57/><U64/><E64/><V65/><F68/><W60/><G60/><T107/><D107/><U69/><E69/><V94/><F61/><W96/><G96/><T100/><D100/><U23/><E23/><AGARI ba="0,3" hai="15,16,23,37,39,40,47,48,88,92,93,98,99,102" machi="23" ten="30,18000,2" yaku="1,1,6,1,7,1,54,2,53,1" doraHai="72" doraHaiUra="85" who="0" fromWho="1" sc="244,210,205,-180,258,0,263,0" /><INIT seed="4,1,0,1,2,62" ten="454,25,258,263" oya="0" hai0="93,22,2,46,94,33,53,101,29,0,7,50,44" hai1="111,114,69,21,36,8,40,124,95,90,133,113,60" hai2="66,87,97,92,121,99,103,102,105,6,31,1,3" hai3="116,51,100,34,11,106,20,107,112,75,83,19,80"/><T110/><D33/><U84/><E111/><V32/><F121/><W38/><G38/><T61/><D110/><U54/><E124/><V28/><F6/><W15/><G116/><T123/><D123/><U9/><E133/><V17/><F17/><W57/><G34/><T125/><D125/><U52/><E21/><V23/><F23/><W130/><G112/><N who="1" m="43114" /><E40/><V109/><F109/><W68/><G68/><T30/><D7/><U132/><E36/><V16/><F16/><W72/><G130/><T117/><D117/><U13/><E132/><V129/><F129/><W135/><G100/><T131/><D131/><U5/><E8/><V108/><F108/><W85/><G135/><T47/><D61/><U67/><AGARI ba="1,0" hai="5,9,13,52,54,60,67,69,84,90,95" m="43114" machi="67" ten="30,7900,0" yaku="15,1,11,1,52,1,54,1" doraHai="62" who="1" fromWho="1" sc="454,-40,25,82,258,-21,263,-21" /><INIT seed="5,0,0,5,5,74" ten="414,107,237,242" oya="1" hai0="49,100,77,22,127,80,46,69,8,40,79,123,106" hai1="128,26,16,108,61,109,119,64,105,35,24,134,98" hai2="50,3,31,29,129,45,30,87,39,102,0,111,115" hai3="83,2,97,42,1,86,70,101,47,118,51,125,124"/><U132/><E119/><V89/><F111/><N who="1" m="42569" /><E128/><V104/><F39/><W48/><G70/><T18/><D127/><N who="3" m="48713" /><G51/><T110/><D110/><U13/><E98/><V28/><F129/><W103/><G118/><T32/><D32/><U59/><E105/><V5/><F115/><W85/><G85/><T122/><D69/><U114/><E114/><V112/><F112/><W135/><G135/><N who="1" m="51754" /><E35/><V72/><F72/><W82/><G82/><T37/><D80/><U67/><E64/><V52/><N who="2" m="7168" /><DORA hai="107" /><V57/><F5/><W25/><G25/><T6/><D100/><N who="3" m="38473" /><G97/><T93/><D106/><U75/><E75/><V88/><F102/><W94/><G94/><T36/><D93/><U121/><E121/><N who="0" m="46089" /><D36/><U27/><E27/><V58/><F104/><W68/><G68/><T41/><D37/><U126/><E126/><V9/><F89/><AGARI ba="0,0" hai="1,2,42,47,48,83,86,89" m="38473,48713" machi="89" ten="30,1000,0" yaku="18,1" doraHai="74,107" who="3" fromWho="2" sc="414,0,107,0,237,-10,242,10" /><INIT seed="6,0,0,5,4,26" ten="414,107,227,252" oya="2" hai0="123,30,121,119,38,101,105,108,129,13,112,48,70" hai1="9,12,100,59,81,45,66,33,118,37,0,20,19" hai2="116,36,64,114,71,90,23,32,34,5,8,89,130" hai3="120,51,42,103,84,57,24,56,21,2,78,61,52"/><V10/><F114/><W83/><G2/><T93/><D38/><U65/><E118/><V107/><F116/><W41/><G120/><T53/><D105/><U15/><E33/><V79/><F36/><W86/><G86/><T87/><D108/><U67/><E0/><V46/><F107/><W1/><G103/><T77/><D112/><U97/><E81/><V72/><F64/><W106/><G1/><T16/><D70/><U44/><E37/><V132/><F71/><W25/><G25/><T75/><D75/><U73/><E59/><V95/><F90/><W40/><G106/><T134/><D134/><U126/><E73/><V91/><F91/><W111/><G111/><T122/><D129/><U4/><REACH who="1" step="1"/><E126/><REACH who="1" ten="414,97,227,252" step="2"/><V6/><F130/><W92/><G57/><T49/><D119/><U85/><E85/><V47/><F132/><W55/><G83/><T82/><D87/><U29/><E29/><V62/><F32/><W99/><G84/><T117/><D82/><U60/><E60/><V14/><F34/><W39/><G61/><T115/><D117/><U104/><E104/><V68/><F68/><W88/><G39/><T133/><D133/><U102/><E102/><V96/><F62/><W128/><G128/><T54/><D101/><U94/><AGARI ba="0,1" hai="4,9,12,15,19,20,44,45,65,66,67,94,97,100" machi="94" ten="30,4000,0" yaku="1,1,0,1,8,1,53,0" doraHai="26" doraHaiUra="109" who="1" fromWho="1" sc="414,-10,97,50,227,-20,252,-10" /><INIT seed="7,0,0,1,0,107" ten="404,147,207,242" oya="3" hai0="116,61,15,25,84,53,8,79,59,41,106,113,100" hai1="39,47,55,73,21,23,17,128,94,69,103,83,133" hai2="88,26,68,86,58,54,80,78,110,135,4,93,5" hai3="77,108,38,121,9,62,42,130,124,3,75,31,46"/><W131/><G121/><T60/><D116/><U87/><E69/><V20/><F68/><W24/><G108/><T132/><D132/><U67/><E133/><V111/><F135/><W91/><G91/><T117/><D117/><U89/><E128/><V66/><F66/><W28/><G62/><T123/><D123/><U97/><E67/><V19/><F111/><W76/><G76/><T92/><D106/><U32/><E32/><V63/><REACH who="2" step="1"/><F110/><REACH who="2" ten="404,147,197,242" step="2"/><W48/><G130/><T115/><D115/><U105/><E17/><V6/><F6/><W51/><G131/><T90/><D113/><U44/><E44/><V10/><F10/><W129/><G9/><T11/><D8/><U82/><E82/><V13/><F13/><W72/><G3/><T29/><D15/><U16/><E16/><V34/><F34/><W49/><G24/><T27/><D27/><U35/><E35/><V50/><F50/><W120/><G48/><T134/><D25/><U52/><E39/><V112/><F112/><W99/><G49/><T126/><D11/><U119/><E119/><V125/><F125/><W95/><G38/><T127/><D127/><U45/><E45/><V2/><F2/><W57/><G46/><T122/><D126/><U74/><E47/><V98/><AGARI ba="0,1" hai="4,5,19,20,26,54,58,63,78,80,86,88,93,98" machi="98" ten="20,12000,2" yaku="1,1,0,1,7,1,25,2,8,1,54,1,53,0" doraHai="107" doraHaiUra="36" who="2" fromWho="2" sc="404,-30,147,-30,197,130,242,-60" owari="374,47.4,117,-38.3,327,12.7,182,-21.8" /></mjloggm>