<mjloggm ver="2.3"><GO type="169" lobby="0"/><UN n0="%E3%81%A0%E3%81%A3" n1="%E5%85%A9%E5%84%80%E4%B8%B6%E5%BC%8F" n2="%E6%98%8E%E6%98%9F%E5%B8%82%E6%B0%91" n3="%E3%82%AB%E3%82%B6%E3%83%A9%E3%82%AD" dan="16,16,17,17" rate="2182.84,2147.88,2182.53,2240.44" sx="F,M,M,M"/><TAIKYOKU oya="0"/><INIT seed="0,0,0,1,4,32" ten="250,250,250,250" oya="0" hai0="25,79,126,54,123,26,92,50,122,67,11,87,46" hai1="105,110,109,91,70,23,124,6,28,52,103,37,21" hai2="0,64,95,127,89,33,101,94,81,75,49,96,100" hai3="38,47,115,7,61,107,66,30,36,31,128,1,68"/><T45/><D126/><U82/><E70/><V60/><F33/><W125/><G115/><T73/><D67/><U56/><E37/><V17/><F127/><W74/><G125/><T113/><D113/><U58/><E124/><V16/><F0/><W57/><G31/><T22/><D73/><U130/><E58/><V48/><F75/><W5/><G5/><T55/><D11/><U12/><E103/><V88/><F81/><W135/><G128/><T42/><D25/><U104/><E130/><V39/><F39/><W129/><G129/><T18/><D55/><U83/><E28/><V20/><F101/><W76/><G30/><T71/><D71/><U134/><E134/><V9/><F9/><N who="3" m="2287" /><G57/><T99/><D79/><U97/><E97/><V27/><F17/><W78/><G78/><T86/><D123/><U131/><E131/><V8/><F8/><W34/><G34/><T29/><D29/><U121/><E6/><V43/><F43/><N who="3" m="23015" /><G38/><T63/><D122/><U14/><E121/><V19/><F19/><W120/><G120/><T51/><REACH who="0" step="1"/><D63/><REACH who="0" ten="240,250,250,250" step="2"/><U41/><E41/><V69/><F100/><AGARI ba="0,1" hai="18,22,26,42,45,46,50,51,54,86,87,92,99,100" machi="100" ten="30,18000,2" yaku="1,1,2,1,7,1,8,1,53,2" doraHai="32" doraHaiUra="80" who="0" fromWho="2" sc="240,190,250,0,250,-180,250,0" /><INIT seed="0,1,0,5,0,131" ten="430,250,70,250" oya="0" hai0="119,60,17,85,49,97,101,40,26,10,92,86,109" hai1="123,8,99,91,79,124,94,75,6,104,110,102,88" hai2="12,25,78,126,68,55,65,84,74,31,127,15,36" hai3="41,100,125,135,62,54,90,67,24,108,13,121,30"/><T46/><D119/><U11/><E123/><V19/><F74/><W51/><G108/><T111/><D60/><U64/><E110/><N who="0" m="41993" /><D26/><U9/><E124/><V56/><F36/><W93/><G41/><T45/><D45/><U89/><E64/><V16/><F68/><W132/><G100/><T66/><D66/><U28/><E28/><V106/><F65/><W63/><G13/><AGARI ba="1,0" hai="10,13,17,40,46,49,85,86,92,97,101" m="41993" machi="13" ten="30,2900,0" yaku="14,1,10,1" doraHai="131" who="0" fromWho="3" sc="430,32,250,0,70,0,250,-32" /><INIT seed="0,2,0,5,5,11" ten="462,250,70,218" oya="0" hai0="3,64,19,9,102,73,8,41,109,118,127,53,77" hai1="44,29,40,37,74,116,30,58,62,66,54,18,134" hai2="0,42,1,129,34,90,80,4,26,20,21,120,5" hai3="2,38,84,106,88,123,32,125,33,63,52,59,43"/><T112/><D118/><U128/><E74/><V51/><F42/><W60/><G106/><T15/><D112/><U76/><E116/><V47/><F47/><W131/><G131/><T12/><D3/><N who="2" m="1098" /><F51/><W36/><G125/><T24/><D127/><U93/><E128/><V81/><F90/><W14/><G2/><T68/><D109/><U105/><E134/><V95/><F95/><W65/><G123/><T130/><D130/><U23/><E76/><V86/><F86/><W104/><G104/><T117/><D117/><U103/><E105/><V61/><F61/><W27/><G14/><T96/><D41/><U49/><E93/><V46/><F46/><W13/><G13/><N who="0" m="5195" /><D68/><N who="1" m="42071" /><E103/><V89/><F89/><W94/><G43/><T110/><D110/><U83/><E83/><V132/><F81/><W72/><G72/><T99/><D64/><U45/><E45/><V85/><F80/><W31/><REACH who="3" step="1"/><G33/><REACH who="3" ten="462,250,70,208" step="2"/><T91/><D73/><U16/><E23/><N who="2" m="8779" /><F129/><W100/><G100/><T57/><D102/><U25/><E25/><V48/><F120/><W79/><G79/><T67/><D77/><U108/><E108/><V124/><F124/><W82/><G82/><T6/><D91/><U55/><E54/><V71/><F26/><W107/><G107/><T39/><D53/><U92/><E92/><V22/><F34/><W119/><G119/><T133/><D24/><U122/><E122/><V69/><F22/><W70/><AGARI ba="2,1" hai="27,31,32,36,38,52,59,60,63,65,70,84,88,94" machi="70" ten="20,8000,1" yaku="1,1,0,1,7,1,54,2,53,0" doraHai="11" doraHaiUra="97" who="3" fromWho="3" sc="462,-42,250,-22,70,-22,208,96" /><INIT seed="1,0,0,4,2,26" ten="420,228,48,304" oya="1" hai0="104,13,3,60,58,76,107,67,2,91,50,83,56" hai1="135,131,102,10,111,77,29,93,1,81,74,71,75" hai2="94,62,97,96,36,95,68,24,25,126,65,32,22" hai3="12,7,57,0,20,125,43,49,63,122,27,100,113"/><U106/><E71/><V88/><F126/><W117/><G0/><T51/><D91/><U17/><E131/><V98/><F36/><W92/><G113/><T41/><D13/><U23/><E135/><V112/><F112/><W115/><G115/><T38/><D38/><U119/><E119/><V47/><F47/><W54/><G122/><T72/><D56/><U6/><E111/><V61/><F61/><W114/><G125/><T130/><D130/><U124/><E124/><V134/><F134/><W31/><G117/><T18/><D18/><U105/><E75/><V128/><F128/><W52/><G43/><T8/><D51/><U110/><E110/><V45/><F45/><W129/><G129/><T53/><D41/><U79/><E79/><V70/><F70/><W40/><G40/><T80/><D80/><U121/><E121/><V33/><F25/><W30/><G30/><T132/><D132/><U118/><E118/><V55/><F55/><W35/><G35/><T19/><D19/><U89/><E102/><V73/><F73/><W46/><G114/><T15/><D2/><U90/><E29/><V133/><F133/><W109/><G109/><T44/><D3/><U86/><REACH who="1" step="1"/><E89/><REACH who="1" ten="420,218,48,304" step="2"/><V5/><F5/><W59/><G7/><T101/><D101/><U123/><E123/><V48/><F48/><W66/><G46/><T16/><AGARI ba="0,1" hai="8,15,16,44,50,53,58,60,67,72,76,83,104,107" machi="16" ten="20,2700,0" yaku="0,1,7,1,54,1" doraHai="26" who="0" fromWho="0" sc="420,37,218,-13,48,-7,304,-7" /><INIT seed="2,0,0,5,1,53" ten="457,205,41,297" oya="2" hai0="56,40,110,72,39,65,88,0,134,46,85,120,52" hai1="98,24,35,51,63,111,128,27,55,100,81,133,108" hai2="82,28,3,69,18,90,129,92,122,118,97,14,93" hai3="112,132,135,119,49,5,4,74,73,103,79,29,41"/><V66/><F122/><W96/><G29/><T22/><D120/><U109/><E128/><V127/><F118/><W57/><G119/><T95/><D72/><N who="3" m="27753" /><G79/><T83/><D110/><U75/><E133/><N who="3" m="51274" /><G112/><T1/><D134/><U45/><E35/><V11/><F127/><W8/><G8/><T42/><D65/><U9/><E9/><V17/><F129/><W44/><G57/><T115/><D40/><U26/><E63/><V7/><F69/><W131/><G131/><T12/><D115/><U36/><E36/><V78/><F66/><W6/><G6/><T32/><D32/><U59/><E75/><V34/><F78/><W48/><G48/><N who="0" m="30727" /><D83/><U13/><E13/><V114/><F82/><W43/><G43/><T71/><D71/><U107/><REACH who="1" step="1"/><E81/><REACH who="1" ten="457,195,41,297" step="2"/><V20/><F114/><W38/><G38/><T30/><D12/><U15/><E15/><V87/><F17/><W94/><AGARI ba="0,1" hai="4,5,41,44,49,94,96,103" m="51274,27753" machi="94" ten="30,1100,0" yaku="20,1" doraHai="53" who="3" fromWho="3" sc="457,-3,195,-3,41,-5,297,21" /><INIT seed="3,0,0,0,0,96" ten="454,192,36,318" oya="3" hai0="40,70,1,18,39,66,122,67,134,92,6,51,115" hai1="78,117,128,17,107,124,16,35,57,118,23,71,12" hai2="64,44,100,99,74,45,81,41,33,95,36,31,61" hai3="132,112,22,87,27,46,24,135,130,73,28,48,50"/><W69/><G73/><T42/><D1/><U21/><E71/><V82/><F74/><W60/><G112/><T0/><D0/><U85/><E107/><V47/><F33/><W4/><G130/><T113/><D6/><U65/><E35/><V25/><F44/><W19/><G4/><T109/><D109/><U38/><E38/><V9/><F9/><W53/><G50/><T62/><D39/><U8/><E128/><V104/><F45/><W32/><G87/><T114/><D122/><U80/><E124/><V119/><F119/><N who="1" m="45577" /><E17/><V63/><F63/><AGARI ba="0,0" hai="8,12,16,21,23,57,63,65,78,80,85" m="45577" machi="63" ten="30,2000,0" yaku="12,1,54,1" doraHai="96" who="1" fromWho="2" sc="454,0,192,20,36,-20,318,0" /><INIT seed="4,0,0,1,5,86" ten="454,212,16,318" oya="0" hai0="103,117,92,125,128,90,88,69,73,26,133,37,11" hai1="13,98,44,130,91,129,89,68,121,24,131,122,108" hai2="113,66,116,102,14,100,126,71,29,74,51,25,2" hai3="40,22,77,35,85,18,99,115,39,135,7,97,47"/><T70/><D37/><U104/><E68/><V95/><F2/><W8/><G35/><T34/><D117/><U17/><E108/><V62/><F113/><W81/><G115/><T60/><D73/><U67/><E67/><V3/><F3/><W12/><REACH who="3" step="1"/><G135/><REACH who="3" ten="454,212,16,308" step="2"/><T5/><D34/><U120/><E24/><AGARI ba="0,1" hai="7,8,12,18,22,24,39,40,47,77,81,85,97,99" machi="24" ten="30,3900,0" yaku="1,1,2,1,7,1,53,0" doraHai="86" doraHaiUra="63" who="3" fromWho="1" sc="454,0,212,-39,16,0,308,49" /><INIT seed="5,0,0,2,2,77" ten="454,173,16,357" oya="1" hai0="19,112,121,46,20,115,22,37,38,53,81,21,4" hai1="110,91,50,51,23,25,116,61,39,100,5,29,102" hai2="73,120,16,133,114,90,111,2,69,92,88,42,104" hai3="27,109,12,80,85,127,47,99,57,117,131,105,87"/><U103/><E39/><V17/><F111/><W32/><G109/><T68/><D68/><U30/><E110/><V49/><F120/><W58/><G131/><T55/><D121/><U6/><E116/><V26/><F73/><W86/><G47/><T44/><D4/><N who="1" m="1643" /><E61/><V96/><F69/><W34/><G12/><T8/><D8/><U129/><E129/><V67/><F2/><W33/><G27/><T126/><D19/><U106/><E106/><V128/><F104/><W119/><G99/><T125/><D20/><U71/><E71/><V15/><F133/><W65/><G65/><T7/><D7/><U18/><E91/><V41/><F67/><W31/><G31/><AGARI ba="0,0" hai="18,23,25,29,30,31,50,51,100,102,103" m="1643" machi="31" ten="30,1500,0" yaku="8,1" doraHai="77" who="1" fromWho="3" sc="454,0,173,15,16,0,357,-15" /><INIT seed="5,1,0,5,4,70" ten="454,188,16,342" oya="1" hai0="48,7,35,88,33,66,62,104,19,47,78,106,121" hai1="113,11,130,58,128,54,43,117,125,93,20,28,24" hai2="60,45,83,22,98,111,68,65,49,3,55,126,116" hai3="31,1,99,18,134,67,34,73,85,84,115,133,76"/><U120/><E117/><V94/><F116/><W15/><G1/><T72/><D121/><U110/><E120/><V102/><F111/><W105/><G67/><T38/><D19/><U108/><E113/><V42/><F126/><W51/><G73/><T96/><D7/><U56/><E125/><V132/><F3/><W23/><G115/><T27/><D38/><U10/><E43/><V64/><F132/><N who="3" m="50795" /><G76/><T63/><D78/><U13/><E93/><V17/><F83/><W122/><G51/><T107/><D72/><U52/><E10/><V25/><F68/><W100/><G122/><T69/><D62/><N who="1" m="36103" /><E54/><V53/><REACH who="2" step="1"/><F55/><REACH who="2" ten="454,188,6,342" step="2"/><W101/><G101/><T50/><D69/><U2/><E2/><V95/><F95/><W37/><G100/><T0/><D0/><U26/><E110/><V114/><F114/><W129/><G105/><T80/><D107/><U59/><E108/><V46/><F46/><W74/><G74/><T8/><D47/><U21/><E59/><AGARI ba="1,1" hai="17,22,25,42,45,49,53,59,60,64,65,94,98,102" machi="59" ten="40,2600,0" yaku="1,1,8,1,53,0" doraHai="70" doraHaiUra="75" who="2" fromWho="1" sc="454,0,188,-29,6,39,342,0" /><INIT seed="6,0,0,3,1,91" ten="454,159,45,342" oya="2" hai0="58,122,37,80,15,125,39,96,90,68,9,45,10" hai1="4,12,74,53,128,31,89,94,83,0,56,115,33" hai2="98,69,20,8,133,36,62,5,103,11,21,84,32" hai3="107,43,52,78,95,3,118,55,101,88,29,97,79"/><V17/><F32/><W57/><G3/><T41/><D68/><U19/><E115/><V40/><F133/><W64/><G118/><T50/><D122/><U76/><E128/><V51/><F36/><W60/><G43/><T30/><D125/><U72/><E4/><V47/><F69/><W126/><G126/><T63/><D30/><U114/><E0/><V109/><F109/><W70/><G29/><T117/><D9/><U34/><E114/><V93/><F62/><W105/><G55/><T73/><D73/><U35/><E74/><V86/><F21/><W46/><G46/><T85/><D96/><U61/><E31/><V110/><F110/><W2/><G2/><T42/><D42/><U116/><E116/><V1/><REACH who="2" step="1"/><F11/><REACH who="2" ten="454,159,35,342" step="2"/><W120/><G120/><T129/><D117/><U65/><E33/><V111/><F111/><W127/><G127/><T26/><D39/><U18/><E34/><V6/><F6/><W13/><G70/><T135/><D37/><U112/><E35/><V27/><AGARI ba="0,1" hai="1,5,8,17,20,27,40,47,51,84,86,93,98,103" machi="27" ten="20,12000,1" yaku="1,1,0,1,7,1,52,1,53,1" doraHai="91" doraHaiUra="23" who="2" fromWho="2" sc="454,-40,159,-40,35,130,342,-40" /><INIT seed="6,1,0,1,0,46" ten="414,119,165,302" oya="2" hai0="81,104,63,94,10,120,25,73,11,71,92,123,24" hai1="130,56,32,59,93,114,96,40,132,14,127,58,49" hai2="15,129,57,90,134,89,2,18,28,41,74,1,124" hai3="34,13,122,47,131,37,60,20,51,17,68,108,16"/><V65/><F129/><W112/><G108/><T126/><D104/><U0/><E0/><V4/><F134/><W113/><G34/><T79/><D71/><U98/><E32/><V35/><F74/><W135/><G131/><T39/><D39/><U83/><E130/><V70/><F70/><W116/><G135/><T75/><D63/><U48/><E132/><V55/><F65/><W91/><G37/><T121/><D121/><U97/><E114/><N who="3" m="44138" /><G17/><T36/><D36/><U66/><E127/><V115/><F41/><N who="3" m="25071" /><G91/><T23/><D79/><U53/><E83/><V78/><F78/><W100/><G100/><T109/><D81/><U19/><E66/><V87/><F90/><W64/><G116/><T105/><D126/><U33/><E33/><V95/><F4/><W42/><G42/><T38/><D38/><U72/><E72/><V101/><F101/><W76/><G76/><T84/><D75/><U118/><E118/><V50/><F124/><W86/><G86/><T111/><D84/><U30/><E30/><V103/><F103/><W52/><G52/><T9/><D73/><U128/><E128/><V80/><F80/><W69/><G69/><T45/><D111/><U44/><E93/><V31/><F115/><W6/><G6/><T7/><D7/><U26/><E26/><N who="0" m="10345" /><D109/><U117/><E117/><V54/><F54/><W8/><G8/><AGARI ba="1,0" hai="8,14,19,40,44,48,49,53,56,58,59,96,97,98" machi="8" ten="40,5200,0" yaku="8,1,52,2" doraHai="46" who="1" fromWho="3" sc="414,0,119,55,165,0,302,-55" /><INIT seed="7,0,0,0,4,94" ten="414,174,165,247" oya="3" hai0="96,77,87,21,36,4,126,17,88,134,112,3,1" hai1="105,74,48,54,76,93,81,41,114,11,67,14,34" hai2="117,24,109,97,0,66,35,84,29,82,39,43,30" hai3="92,123,110,106,9,18,55,59,33,15,116,127,124"/><W44/><G106/><T115/><D36/><U2/><E105/><V65/><F109/><W83/><G33/><T63/><D126/><U27/><E2/><V102/><F117/><W22/><G110/><T23/><D134/><U108/><E114/><N who="0" m="43561" /><D4/><U28/><E108/><V6/><F30/><W73/><G92/><N who="0" m="56327" /><D63/><U57/><E93/><V125/><F125/><W111/><G116/><T95/><D23/><U69/><E41/><V135/><F135/><W113/><G22/><T7/><D7/><U46/><E69/><V13/><F0/><W47/><G113/><T89/><D77/><U70/><E70/><V129/><F129/><W50/><G111/><T121/><D121/><U25/><E76/><V12/><F97/><W75/><G123/><T131/><D131/><U62/><E34/><V60/><F102/><W40/><G127/><T8/><D8/><U64/><E11/><V122/><F6/><W130/><G9/><T20/><D20/><U32/><E32/><V10/><F10/><W79/><G79/><T101/><D101/><U61/><E61/><V56/><F66/><W26/><G130/><T45/><D45/><U91/><E67/><V85/><F122/><W68/><G47/><T118/><D118/><U120/><E120/><V38/><F38/><W132/><G44/><T90/><D90/><U104/><E64/><V37/><F37/><W49/><G124/><T86/><D86/><N who="2" m="33386" /><F82/><W98/><G83/><T80/><D80/><U100/><E81/><V16/><F16/><W119/><G18/><T72/><D72/><U133/><E74/><N who="3" m="28170" /><G119/><T78/><D78/><RYUUKYOKU ba="0,0" sc="414,15,174,-15,165,15,247,-15" hai0="1,3,17,21,87,89,95" hai2="12,13,24,29,35,39,43,56,60,65" owari="429,52.9,159,-34.1,180,-22.0,232,3.2" /></mjloggm>