<mjloggm ver="2.3"><GO type="169" lobby="0"/><UN n0="%E6%B7%B3%E5%AD%90%E3%81%A7%E3%81%99" n1="%E3%81%86%E3%81%91%E3%81%AA%E3%81%8C%E3%81%97%E3%81%BE%E3%81%9B%E3%82%93" n2="%E6%89%8B%E6%8A%BC%E3%81%97%E8%BB%8A" n3="%70%6F%6E%2D%65%6E" dan="17,17,16,16" rate="2202.02,2247.70,2093.30,2130.72" sx="M,F,M,F"/><TAIKYOKU oya="0"/><INIT seed="0,0,0,0,3,42" ten="250,250,250,250" oya="0" hai0="93,22,104,7,108,130,13,36,21,38,71,118,69" hai1="39,6,46,31,84,10,122,92,27,44,126,59,5" hai2="114,49,97,80,16,28,131,15,51,1,129,95,86" hai3="17,72,52,91,120,35,54,68,100,83,40,63,2"/><T30/><D118/><U117/><E117/><V0/><F114/><W14/><G2/><T24/><D104/><U67/><E122/><V4/><F28/><W29/><G120/><T43/><D130/><N who="2" m="49674" /><F51/><W96/><G40/><T3/><D3/><U75/><E75/><V61/><F4/><W65/><G91/><T85/><D38/><U82/><E39/><V125/><F61/><W48/><G83/><T127/><D127/><U77/><E126/><V57/><F125/><W135/><G72/><T101/><D108/><U33/><E6/><V87/><F87/><W66/><G66/><T47/><D7/><U62/><REACH who="1" step="1"/><E92/><REACH who="1" ten="250,240,250,250" step="2"/><V34/><F95/><W79/><G135/><T70/><D85/><U98/><E98/><V50/><F97/><W55/><G96/><T37/><D36/><U119/><E119/><V32/><F86/><W99/><G99/><T78/><D93/><U132/><E132/><V115/><F80/><W11/><G100/><T105/><D105/><U9/><E9/><N who="2" m="6255" /><F1/><AGARI ba="0,1" hai="1,5,10,27,31,33,44,46,59,62,67,77,82,84" machi="1" ten="30,8000,1" yaku="1,1,7,1,52,2,53,1" doraHai="42" doraHaiUra="26" who="1" fromWho="2" sc="250,0,240,90,250,-80,250,0" /><INIT seed="1,0,0,1,3,83" ten="250,330,170,250" oya="1" hai0="117,102,59,69,111,112,1,96,34,77,72,78,71" hai1="76,49,129,130,46,99,47,62,79,26,5,51,55" hai2="90,12,127,67,75,128,124,29,68,134,85,37,3" hai3="8,7,97,13,107,64,73,105,108,17,80,54,38"/><U74/><E5/><V88/><F75/><W125/><G108/><T43/><D1/><U42/><E74/><V121/><F3/><W114/><G125/><N who="2" m="48201" /><F37/><W23/><G114/><T110/><D34/><U82/><E79/><V52/><F121/><W11/><G38/><T19/><D112/><U2/><E2/><V36/><F36/><W95/><G64/><T63/><D117/><U53/><E99/><V94/><F29/><W109/><G54/><T100/><D43/><U66/><E26/><V91/><F134/><W70/><G70/><T28/><D28/><U14/><E14/><V60/><F128/><N who="1" m="49257" /><E82/><V86/><F94/><W65/><G65/><T31/><D31/><U87/><E87/><V32/><F32/><W50/><G50/><T4/><D4/><U92/><E92/><V0/><F0/><W103/><G109/><T101/><D19/><U119/><E76/><V57/><F12/><W118/><G118/><T81/><D78/><U30/><E30/><V84/><F91/><W35/><G35/><T18/><D18/><U120/><E119/><V25/><F25/><W40/><G73/><T133/><D110/><U113/><E113/><V16/><F16/><W6/><G80/><T41/><D81/><U33/><E33/><V135/><F135/><W45/><G7/><T98/><D133/><U132/><E132/><V15/><F15/><N who="3" m="5527" /><G23/><T115/><D72/><U106/><E106/><V126/><N who="2" m="48209" /><V116/><DORA hai="131" /><F116/><W58/><G107/><T123/><D111/><U21/><E120/><V89/><F89/><W93/><G105/><T61/><D123/><RYUUKYOKU ba="0,0" sc="250,-10,330,-10,170,30,250,-10" hai2="52,57,60,67,68,84,85,86,88,90" /><INIT seed="2,1,0,5,4,130" ten="240,320,200,240" oya="2" hai0="49,112,135,107,103,20,121,39,83,106,63,9,60" hai1="46,38,87,71,102,55,22,2,6,84,114,108,13" hai2="35,92,129,53,119,45,109,123,32,122,69,11,79" hai3="62,100,23,43,8,86,50,124,30,117,52,3,110"/><V116/><F69/><W28/><G117/><T82/><D39/><U65/><E114/><V128/><F79/><W89/><G110/><T118/><D112/><U56/><E108/><V99/><F109/><W81/><G124/><T72/><D49/><U113/><E2/><V101/><F11/><W44/><G100/><T19/><D9/><U131/><E102/><V66/><F66/><W36/><G62/><T90/><D103/><U76/><E76/><V68/><F68/><W51/><G36/><T70/><D90/><U18/><E6/><V15/><F15/><W93/><G23/><T73/><D20/><U74/><E74/><V120/><F53/><W95/><G3/><T127/><D19/><U5/><E5/><V125/><F45/><N who="3" m="27727" /><G8/><T21/><D21/><U47/><E47/><V78/><F125/><W54/><G43/><T12/><D70/><U7/><E71/><V0/><F0/><W67/><G67/><T25/><D127/><U58/><E22/><V41/><F41/><W80/><G80/><T26/><D12/><U29/><E13/><V57/><F57/><W98/><G98/><T64/><D64/><U111/><E65/><V88/><F78/><W16/><G16/><T1/><D1/><U33/><E56/><V85/><F32/><W115/><G115/><T104/><D104/><U42/><E33/><V59/><F35/><W132/><G132/><T14/><D135/><U34/><E111/><V133/><F133/><W40/><G40/><T134/><D134/><U97/><E113/><V77/><F77/><W75/><G75/><T24/><D73/><RYUUKYOKU ba="1,0" sc="240,-10,320,-10,200,-10,240,30" hai3="28,30,44,51,54,81,86,89,93,95" /><INIT seed="3,2,0,4,4,63" ten="230,310,190,270" oya="3" hai0="75,121,0,1,104,7,3,37,14,13,130,50,61" hai1="129,35,9,15,57,25,117,4,118,64,65,39,52" hai2="109,8,100,115,11,102,86,96,123,88,76,17,48" hai3="70,58,132,28,20,111,71,29,44,27,60,45,113"/><W66/><G113/><T30/><D37/><U124/><E39/><V98/><F115/><W92/><G132/><T73/><D104/><U24/><E124/><V106/><F48/><W43/><G111/><T5/><D50/><N who="1" m="30871" /><E129/><V67/><F109/><W82/><G82/><T21/><D61/><U126/><E126/><V79/><F17/><W131/><G28/><T99/><D99/><U133/><E133/><V6/><F6/><W128/><G44/><T12/><D130/><N who="3" m="49705" /><G92/><T18/><D75/><U108/><E108/><V62/><F79/><W94/><G94/><T91/><D91/><U33/><E33/><V85/><F76/><W72/><G72/><T120/><D73/><U77/><E77/><V51/><F123/><N who="0" m="47178" /><D30/><N who="1" m="19911" /><E25/><AGARI ba="2,0" hai="0,1,3,5,7,12,13,14,18,21,25" m="47178" machi="25" ten="40,2600,0" yaku="34,2" doraHai="63" who="0" fromWho="1" sc="230,32,310,-32,190,0,270,0" /><INIT seed="4,0,0,4,1,49" ten="262,278,190,270" oya="0" hai0="2,37,12,14,31,109,102,9,86,104,7,124,16" hai1="132,4,108,65,125,107,19,18,44,0,6,72,122" hai2="98,85,26,84,39,13,94,45,73,5,113,114,10" hai3="22,51,54,126,57,52,48,60,33,97,88,75,55"/><T128/><D37/><U77/><E107/><V36/><F73/><W103/><G33/><T58/><D124/><U83/><E108/><V80/><F26/><W119/><G119/><T47/><D128/><U8/><E122/><V105/><F105/><W99/><G75/><T91/><D109/><U115/><E125/><V61/><F61/><W116/><G116/><T30/><D2/><U134/><E6/><V89/><F85/><W130/><G130/><T78/><D78/><U42/><E65/><V100/><REACH who="2" step="1"/><F45/><REACH who="2" ten="262,278,180,270" step="2"/><N who="3" m="27663" /><G126/><T71/><D47/><U53/><E115/><AGARI ba="0,1" hai="5,10,13,36,39,80,84,89,94,98,100,113,114,115" machi="115" ten="40,2600,0" yaku="1,1,15,1,53,0" doraHai="49" doraHaiUra="101" who="2" fromWho="1" sc="262,0,278,-26,180,36,270,0" /><INIT seed="5,0,0,1,2,104" ten="262,252,216,270" oya="1" hai0="63,118,127,106,68,74,26,0,28,108,27,70,34" hai1="60,54,36,61,129,119,13,7,82,117,124,77,1" hai2="50,85,96,128,55,109,22,2,93,19,100,20,24" hai3="31,33,30,59,95,130,25,11,135,123,16,110,79"/><U115/><E36/><V134/><F2/><W87/><G123/><T9/><D108/><U114/><E1/><V91/><F109/><W62/><G110/><T65/><D127/><U45/><E124/><V17/><F134/><W83/><G130/><T29/><D118/><U35/><E35/><V78/><F128/><W37/><G37/><T121/><D121/><U72/><E129/><V3/><F3/><W76/><G135/><T58/><D106/><U132/><E132/><V73/><F78/><W122/><G122/><T18/><D18/><U8/><E45/><V42/><F42/><W94/><G79/><T43/><D43/><U5/><E5/><V48/><F73/><W52/><REACH who="3" step="1"/><G31/><REACH who="3" ten="262,252,216,260" step="2"/><T75/><D28/><U53/><E119/><V46/><F50/><W12/><AGARI ba="0,1" hai="11,12,16,25,30,33,52,59,62,76,83,87,94,95" machi="12" ten="30,8000,1" yaku="1,1,2,1,0,1,54,2,53,0" doraHai="104" doraHaiUra="125" who="3" fromWho="3" sc="262,-20,252,-40,216,-20,260,90" /><INIT seed="6,0,0,4,0,99" ten="242,212,196,350" oya="2" hai0="97,40,82,63,52,58,135,125,59,76,20,23,19" hai1="123,7,62,70,8,60,113,126,129,84,2,101,57" hai2="41,66,121,28,102,105,83,13,133,12,104,38,69" hai3="128,16,94,11,120,107,100,1,122,17,48,115,42"/><V118/><F121/><W86/><G107/><T127/><D135/><U103/><E123/><V114/><F118/><W0/><G115/><T134/><D134/><U55/><E113/><V25/><F133/><W91/><G128/><T131/><D131/><U106/><E129/><V49/><F114/><W64/><G64/><T68/><D40/><U56/><E70/><V67/><F38/><W33/><G33/><T21/><D68/><U4/><E126/><N who="0" m="48137" /><D97/><U50/><E106/><V92/><F92/><W65/><G17/><T43/><D58/><U111/><E111/><V110/><F110/><W44/><G48/><T37/><D43/><U77/><E7/><V117/><F117/><W112/><G94/><T74/><D37/><U54/><E50/><V30/><F83/><AGARI ba="0,0" hai="2,4,8,54,55,56,57,60,62,77,83,84,101,103" machi="83" ten="40,5200,0" yaku="9,1,52,2" doraHai="99" who="1" fromWho="2" sc="242,0,212,52,196,-52,350,0" /><INIT seed="7,0,0,5,2,117" ten="242,264,144,350" oya="3" hai0="108,74,129,30,72,92,23,43,68,39,97,120,71" hai1="66,35,46,29,85,8,112,50,80,61,75,105,119" hai2="37,38,11,5,51,131,81,125,31,86,28,67,113" hai3="79,111,45,106,133,91,103,58,99,27,47,10,34"/><W56/><G10/><T60/><D108/><U18/><E119/><V2/><F125/><W3/><G91/><T41/><D129/><U128/><E105/><V40/><F131/><W100/><G58/><T55/><D39/><U59/><E128/><V121/><F67/><W25/><G56/><T90/><D55/><U123/><E75/><V122/><F113/><W118/><G47/><T48/><D48/><U82/><E112/><V64/><F64/><W13/><G45/><T6/><D6/><U107/><E107/><V9/><F51/><W116/><G13/><T98/><D23/><U12/><E35/><V49/><F49/><W17/><G133/><T135/><D30/><N who="2" m="11306" /><F11/><W69/><G17/><T78/><D78/><U93/><E29/><V15/><F2/><W84/><G3/><T110/><D92/><U134/><E82/><V57/><F57/><W77/><G69/><T19/><D19/><U114/><E93/><V83/><F40/><W89/><G34/><T21/><D21/><U0/><E0/><V54/><F54/><W73/><G106/><T1/><D1/><U53/><E134/><V42/><F42/><W130/><G130/><T126/><D135/><U32/><E32/><V124/><F124/><W52/><G52/><T127/><D60/><U88/><E114/><V70/><F70/><W95/><G116/><T44/><D44/><U76/><REACH who="1" step="1"/><E76/><REACH who="1" ten="242,254,144,350" step="2"/><N who="2" m="46375" /><F83/><W62/><G118/><T132/><D132/><U87/><E87/><V94/><F94/><W36/><G95/><T63/><D74/><U4/><E4/><V101/><F101/><W33/><G100/><RYUUKYOKU ba="0,1" sc="242,-15,254,15,144,15,350,-15" hai1="8,12,18,46,50,53,59,61,66,80,85,88,123" hai2="5,9,15,37,38,121,122" owari="227,-17.3,269,6.9,159,-34.1,345,44.5" /></mjloggm>