<mjloggm ver="2.3"><GO type="169" lobby="0"/><UN n0="%58%E7%8C%AB" n1="%E3%82%88%E3%81%B4" n2="%58%59%47%59" n3="%E3%81%8B%E3%81%AA%E3%81%8D%E3%83%BC" dan="16,17,16,17" rate="2045.74,2143.30,2071.11,2222.84" sx="M,M,M,F"/><TAIKYOKU oya="0"/><INIT seed="0,0,0,5,5,112" ten="250,250,250,250" oya="0" hai0="28,110,23,118,99,63,64,25,3,116,120,37,22" hai1="35,126,81,72,121,24,21,75,41,32,30,61,29" hai2="94,96,71,65,82,38,90,56,2,58,113,4,6" hai3="34,7,115,73,67,12,92,57,83,132,0,62,59"/><T13/><BYE who="3" /><D120/><UN n3="%E3%81%8B%E3%81%AA%E3%81%8D%E3%83%BC" /><U79/><E126/><V117/><F113/><W124/><G124/><T49/><BYE who="3" /><D37/><U122/><E41/><UN n3="%E3%81%8B%E3%81%AA%E3%81%8D%E3%83%BC" /><V107/><F38/><W51/><G115/><T88/><D3/><U43/><E43/><V54/><F71/><W101/><G34/><T5/><D49/><U45/><E45/><V135/><F135/><W53/><G132/><T46/><D46/><U98/><E21/><V40/><F40/><W108/><G108/><T15/><D110/><U97/><E61/><V134/><F134/><W50/><G0/><T11/><D15/><U69/><E69/><V17/><F17/><W102/><G92/><T87/><D99/><U93/><E75/><V66/><F96/><W42/><G73/><T19/><D23/><U14/><E14/><V100/><F107/><W27/><G83/><T119/><D28/><U130/><E130/><V114/><F82/><W8/><G27/><T1/><D1/><U39/><E39/><V26/><F26/><W76/><G76/><T52/><D52/><U133/><E133/><V123/><F54/><W47/><AGARI ba="0,0" hai="7,8,12,42,47,50,51,53,57,59,62,67,101,102" machi="47" ten="30,2000,0" yaku="0,1,8,1" doraHai="112" who="3" fromWho="3" sc="250,-10,250,-5,250,-5,250,20" /><INIT seed="1,0,0,1,3,51" ten="240,245,245,270" oya="1" hai0="18,11,65,49,92,90,3,54,7,44,1,71,83" hai1="20,100,129,39,105,110,99,125,19,36,131,9,29" hai2="45,104,56,27,30,118,74,4,5,135,130,60,0" hai3="17,123,127,88,85,82,2,134,22,91,72,133,109"/><U13/><E125/><V10/><F118/><W25/><G123/><T122/><D122/><U33/><E33/><V41/><F104/><W31/><G127/><T46/><D46/><U35/><E35/><V114/><F114/><W48/><G109/><T96/><D18/><U68/><E68/><V59/><F130/><N who="1" m="49673" /><E110/><V57/><F135/><W102/><G72/><T50/><D50/><U79/><E79/><V73/><F5/><W28/><G2/><T87/><D71/><U81/><E81/><V42/><F42/><W61/><G102/><T21/><D21/><U120/><E120/><V94/><F94/><W121/><G121/><T80/><D65/><U24/><AGARI ba="0,0" hai="9,13,19,20,24,29,36,39,99,100,105" m="49673" machi="24" ten="30,1500,0" yaku="19,1" doraHai="51" who="1" fromWho="1" sc="240,-5,245,15,245,-5,270,-5" /><INIT seed="1,1,0,3,2,92" ten="235,260,240,265" oya="1" hai0="74,130,62,51,118,109,65,77,105,3,70,96,38" hai1="41,36,68,60,37,89,44,33,67,4,114,94,132" hai2="112,53,55,75,88,119,115,35,1,100,102,5,99" hai3="122,21,71,84,40,78,54,127,6,19,45,22,48"/><U63/><E33/><V97/><F119/><W32/><G122/><T8/><D51/><U117/><E117/><V134/><F75/><W87/><G32/><T13/><D13/><U11/><E132/><V135/><F35/><W7/><G71/><T76/><D118/><U27/><E27/><V30/><F5/><W57/><G127/><T16/><D77/><U113/><E63/><V47/><F47/><W83/><G87/><T73/><D16/><U101/><E101/><V69/><F69/><W25/><REACH who="3" step="1"/><G22/><REACH who="3" ten="235,260,240,255" step="2"/><T82/><D130/><U15/><E37/><AGARI ba="1,1" hai="6,7,19,21,25,37,40,45,48,54,57,78,83,84" machi="37" ten="30,3900,0" yaku="1,1,2,1,7,1,53,0" doraHai="92" doraHaiUra="85" who="3" fromWho="1" sc="235,0,260,-42,240,0,255,52" /><INIT seed="2,0,0,4,2,8" ten="235,218,240,307" oya="2" hai0="54,14,57,76,77,95,93,56,111,99,101,124,125" hai1="28,114,120,51,25,42,5,123,62,63,128,90,102" hai2="10,52,66,106,45,86,97,107,105,47,23,82,119" hai3="115,22,122,60,112,135,127,71,55,37,68,20,118"/><V110/><F119/><W34/><G34/><T50/><D111/><U121/><E114/><N who="3" m="43562" /><G118/><T70/><D70/><N who="3" m="26665" /><G122/><T84/><D57/><U91/><E102/><V46/><F66/><W3/><G3/><T32/><D32/><U129/><E5/><V27/><F110/><W81/><G81/><T116/><D116/><U29/><E51/><V75/><F10/><W109/><G109/><T132/><D132/><U9/><E42/><V58/><F75/><W130/><G37/><T38/><D38/><U35/><E9/><V104/><F97/><W103/><G103/><T48/><D48/><U11/><E11/><V134/><F134/><W64/><G130/><N who="1" m="50282" /><E28/><V96/><F96/><W53/><G127/><T89/><REACH who="0" step="1"/><D14/><REACH who="0" ten="225,218,240,307" step="2"/><U92/><E35/><V87/><F45/><W126/><G135/><T19/><D19/><U80/><E120/><V15/><F46/><W18/><G126/><AGARI ba="0,1" hai="50,54,56,76,77,84,89,93,95,99,101,124,125,126" machi="126" ten="40,2600,0" yaku="1,1,18,1,53,0" doraHai="8" doraHaiUra="113" who="0" fromWho="3" sc="225,36,218,0,240,0,307,-26" /><INIT seed="3,0,0,5,5,132" ten="261,218,240,281" oya="3" hai0="95,30,68,119,90,52,4,47,83,113,100,59,71" hai1="108,86,14,34,125,106,96,55,129,135,62,29,105" hai2="31,85,46,121,51,36,16,11,73,78,26,123,74" hai3="61,92,35,43,56,41,44,67,54,130,133,65,81"/><W58/><G35/><T76/><D119/><U19/><E135/><V15/><F36/><W72/><G133/><T13/><D113/><U50/><E108/><V63/><F63/><W75/><G130/><T99/><D47/><U23/><E96/><V114/><F114/><W0/><G0/><T42/><D30/><U24/><E62/><V17/><F17/><W27/><G27/><T101/><D42/><U103/><E103/><V109/><F109/><W49/><G92/><T2/><D2/><U45/><E129/><V33/><F85/><W97/><G97/><T12/><D68/><U98/><E98/><V70/><F70/><W131/><G131/><T66/><D71/><U102/><E102/><V10/><F10/><W126/><G81/><T134/><D66/><N who="3" m="25097" /><G75/><T53/><D53/><U107/><REACH who="1" step="1"/><E86/><REACH who="1" ten="261,208,240,281" step="2"/><V18/><F74/><W89/><G72/><T48/><D134/><U122/><E122/><V124/><F73/><W60/><G89/><T93/><D101/><U104/><N who="1" m="26624" /><DORA hai="82" /><U94/><E94/><V22/><F121/><W118/><G118/><T115/><D100/><U9/><E9/><V80/><F123/><W117/><G117/><T3/><D95/><U79/><E79/><V120/><F120/><W6/><G61/><T110/><D115/><U77/><E77/><V127/><F78/><W84/><G84/><N who="0" m="48231" /><D110/><U8/><E8/><V88/><F88/><W7/><G60/><T57/><D99/><U91/><E91/><V20/><F80/><W28/><G6/><T40/><D93/><U112/><E112/><V5/><F5/><W32/><G7/><RYUUKYOKU ba="0,1" sc="261,-10,208,30,240,-10,281,-10" hai1="14,19,23,24,29,34,45,50,55,125" /><INIT seed="4,1,1,2,2,113" ten="251,238,230,271" oya="0" hai0="65,46,38,3,109,103,39,97,9,31,105,50,64" hai1="63,69,133,47,80,95,30,94,33,102,111,119,73" hai2="4,132,107,37,60,59,75,28,35,10,114,29,85" hai3="15,66,41,11,92,1,86,71,44,51,117,19,79"/><T104/><D31/><U78/><E111/><V72/><F37/><W45/><G1/><T74/><D105/><U112/><E133/><V131/><F107/><W27/><G71/><T83/><D39/><U17/><E112/><V76/><F114/><W130/><G66/><T82/><D82/><U100/><E47/><V110/><F131/><W36/><G130/><T108/><D50/><U125/><E63/><V56/><F110/><W16/><G117/><T40/><D64/><U21/><E30/><V127/><F127/><W120/><G120/><T20/><D20/><U116/><E33/><V2/><F59/><W68/><G68/><T91/><D91/><U22/><E69/><V123/><F132/><W25/><G19/><T32/><D65/><U99/><E125/><V6/><F6/><W126/><G126/><T98/><D98/><U49/><E49/><V90/><F76/><W8/><G8/><T58/><D58/><U122/><E122/><V54/><F29/><W121/><G121/><T84/><D84/><U101/><E22/><V67/><F67/><W124/><G124/><T18/><D18/><U55/><E55/><V106/><F106/><W43/><G79/><N who="0" m="44535" /><D32/><U134/><E134/><V26/><F123/><W5/><G5/><AGARI ba="1,1" hai="3,5,9,38,40,46,97,103,104,108,109" m="44535" machi="5" ten="30,2900,0" yaku="25,1,23,1" doraHai="113" who="0" fromWho="3" sc="251,42,238,0,230,0,271,-32" /><INIT seed="4,2,0,4,2,34" ten="293,238,230,239" oya="0" hai0="129,82,55,124,45,73,6,88,54,7,87,64,0" hai1="111,127,30,18,60,107,90,122,47,125,121,102,103" hai2="85,67,95,78,135,46,22,108,109,15,44,29,89" hai3="50,56,75,97,65,2,20,94,114,13,38,32,131"/><T92/><D129/><U8/><E111/><V36/><F67/><W132/><G38/><T100/><D124/><U74/><E30/><V91/><F135/><W40/><G32/><T101/><D64/><U11/><E74/><V84/><F36/><W10/><G75/><T120/><D120/><U70/><E47/><V14/><F78/><W31/><G114/><T79/><D7/><U134/><E90/><V116/><F29/><W39/><G39/><T93/><D93/><U66/><E18/><V35/><F22/><W68/><G68/><T98/><D45/><U1/><E134/><V17/><F35/><W21/><G40/><T25/><D25/><U19/><E19/><V12/><F17/><W96/><G96/><T4/><D4/><N who="1" m="1039" /><E11/><V42/><F116/><W123/><G31/><T77/><D77/><U5/><E103/><V41/><F15/><W16/><G2/><T83/><D101/><U80/><E80/><V104/><F95/><W52/><G123/><N who="1" m="47114" /><E5/><V106/><AGARI ba="2,0" hai="12,14,41,42,44,46,84,85,89,91,104,106,108,109" machi="106" ten="25,3200,0" yaku="0,1,22,2" doraHai="34" who="2" fromWho="2" sc="293,-18,238,-10,230,38,239,-10" /><INIT seed="5,0,0,0,1,71" ten="275,228,268,229" oya="1" hai0="20,104,49,109,3,111,126,70,94,69,22,79,25" hai1="123,78,74,68,132,29,100,16,12,83,31,86,80" hai2="64,93,95,18,98,105,55,5,128,124,7,9,102" hai3="85,51,99,61,63,76,17,58,101,35,116,122,26"/><U108/><E68/><V73/><F73/><W47/><G122/><T23/><D25/><U97/><E132/><V110/><F110/><W57/><G116/><T41/><D94/><U32/><E32/><V11/><F128/><W10/><G35/><T114/><D49/><U13/><E13/><V133/><F124/><W62/><G76/><T34/><D79/><U53/><E53/><V24/><F64/><W92/><G85/><T21/><D34/><U30/><E123/><V118/><F118/><W48/><G48/><T130/><D23/><U27/><E27/><V45/><F24/><W77/><G77/><T38/><D104/><U127/><E127/><V28/><F28/><W91/><G101/><T87/><D87/><U90/><E108/><V19/><F55/><W4/><G17/><T15/><D21/><U129/><E129/><V37/><F102/><W135/><G135/><T120/><D3/><U33/><E33/><V36/><F133/><W125/><G125/><T54/><D15/><U59/><E59/><V81/><F45/><W96/><G96/><T106/><D54/><U8/><REACH who="1" step="1"/><E31/><REACH who="1" ten="275,218,268,229" step="2"/><V88/><F7/><W44/><G26/><T2/><D126/><U6/><E6/><V46/><F5/><W82/><G57/><T14/><D130/><U134/><E134/><V0/><F0/><W107/><G58/><T113/><D2/><U115/><E115/><V50/><F46/><W121/><G47/><T65/><D111/><U42/><E42/><V84/><F19/><W117/><G44/><T66/><D109/><U75/><E75/><V39/><F18/><RYUUKYOKU ba="0,1" sc="275,-10,218,30,268,-10,229,-10" hai1="8,12,16,29,30,74,78,80,83,86,90,97,100" /><INIT seed="5,1,1,5,0,44" ten="265,248,258,219" oya="1" hai0="103,19,51,135,30,29,6,128,55,118,104,91,117" hai1="54,59,7,101,28,12,15,16,120,64,127,123,133" hai2="47,98,31,78,79,75,1,111,5,81,110,35,113" hai3="46,76,4,62,114,63,70,13,27,50,124,126,132"/><U67/><E28/><V80/><F98/><W37/><G37/><T97/><D6/><U38/><E38/><V45/><F5/><W121/><G121/><T65/><D65/><U105/><E127/><N who="3" m="48682" /><G114/><T36/><D36/><U20/><E133/><V43/><F1/><W32/><G70/><T11/><D135/><U33/><E33/><V0/><F0/><W42/><G76/><T49/><D128/><U58/><E105/><V73/><F113/><W85/><G85/><T108/><D91/><U40/><E40/><V52/><F47/><W23/><G32/><T88/><D55/><U129/><E101/><V69/><F69/><W9/><G132/><T109/><D117/><U82/><E129/><V95/><F35/><W21/><G21/><T10/><D118/><U107/><E107/><V17/><F95/><W96/><G96/><T48/><D88/><U8/><E82/><V112/><F112/><W53/><G53/><T134/><D134/><U100/><E100/><V3/><F52/><W116/><G116/><T90/><D90/><U77/><E77/><V99/><F99/><W41/><G41/><T92/><D104/><U119/><E119/><V57/><F43/><W125/><N who="3" m="48690" /><W106/><DORA hai="93" /><G106/><T18/><D109/><U84/><E84/><V94/><F79/><W74/><G74/><T130/><D108/><U26/><E59/><V60/><F57/><W102/><G102/><T39/><D39/><U89/><E89/><V66/><F78/><W2/><G2/><T122/><D130/><U56/><E120/><V87/><F3/><W86/><G86/><RYUUKYOKU ba="1,1" sc="265,-10,248,-10,258,-10,219,30" hai3="4,9,13,23,27,42,46,50,62,63" /><INIT seed="6,2,1,0,0,105" ten="255,238,248,249" oya="2" hai0="24,98,46,37,103,93,45,40,50,104,87,91,112" hai1="19,100,131,116,18,99,119,21,127,32,108,123,51" hai2="89,85,124,2,94,121,134,63,77,126,58,16,117" hai3="111,95,4,83,101,36,52,129,92,96,3,10,17"/><V1/><F117/><W122/><G111/><T67/><D67/><U15/><E32/><V27/><F121/><W30/><G36/><T71/><D112/><U22/><E108/><V97/><F134/><W31/><G129/><T106/><D71/><U86/><E127/><N who="2" m="48683" /><F77/><W76/><G122/><T28/><D104/><U70/><E70/><V56/><F85/><W20/><G95/><T90/><D90/><U135/><E135/><V39/><F39/><W79/><G79/><T60/><D60/><U8/><E8/><V11/><F58/><W43/><G43/><T55/><D24/><U133/><E131/><V42/><F42/><W74/><REACH who="3" step="1"/><G52/><REACH who="3" ten="255,238,248,239" step="2"/><T13/><D37/><U53/><E123/><V115/><F115/><W102/><G102/><T33/><D40/><U66/><E133/><V26/><F94/><W25/><AGARI ba="2,2" hai="3,4,10,17,20,25,30,31,74,76,83,92,96,101" machi="25" ten="20,5200,0" yaku="1,1,0,1,7,1,52,1,53,0" doraHai="105" doraHaiUra="120" who="3" fromWho="3" sc="255,-15,238,-15,248,-28,239,78" /><INIT seed="7,0,0,0,5,98" ten="240,223,220,317" oya="3" hai0="69,83,93,58,115,100,128,99,121,4,15,14,62" hai1="70,87,44,90,109,50,82,74,63,135,129,24,37" hai2="105,133,38,5,0,104,131,54,30,80,111,11,46" hai3="94,73,36,12,116,3,132,108,112,20,52,72,49"/><W85/><G3/><T60/><D121/><U26/><E37/><V47/><F111/><W88/><G116/><T95/><D128/><U77/><E109/><V31/><F131/><W81/><G36/><T6/><D115/><U25/><E129/><V102/><F133/><W67/><G67/><T34/><D34/><U92/><E135/><V56/><F80/><W113/><G81/><T19/><D83/><U43/><E70/><V103/><F104/><W79/><G79/><T7/><D93/><U33/><REACH who="1" step="1"/><E63/><REACH who="1" ten="240,213,220,317" step="2"/><V27/><F105/><W120/><G108/><T53/><D69/><U84/><E84/><V97/><F38/><W32/><G132/><T66/><D62/><U21/><E21/><V114/><F114/><W1/><G32/><AGARI ba="0,1" hai="24,25,26,32,33,43,44,50,74,77,82,87,90,92" machi="32" ten="40,2600,0" yaku="1,1,53,1" doraHai="98" doraHaiUra="41" who="1" fromWho="3" sc="240,0,213,36,220,0,317,-26" /><INIT seed="8,0,0,1,2,30" ten="240,249,220,291" oya="0" hai0="106,56,38,88,101,104,103,126,125,39,43,93,94" hai1="89,0,22,8,71,55,72,15,97,129,123,5,117" hai2="131,66,100,63,33,52,58,69,45,68,20,21,28" hai3="42,49,23,92,16,105,119,19,118,130,29,9,59"/><T111/><D56/><U32/><E72/><V4/><F4/><W47/><G105/><T79/><D43/><U108/><E71/><V74/><F74/><W124/><G130/><T25/><D25/><U40/><E32/><V60/><F131/><W10/><G124/><N who="0" m="47723" /><D79/><U113/><E108/><V65/><F45/><W82/><G29/><T76/><D76/><U31/><E117/><N who="3" m="44554" /><G82/><T121/><D121/><U81/><E31/><V57/><F100/><N who="0" m="38474" /><D111/><U12/><E123/><V17/><F28/><W6/><G92/><N who="0" m="35435" /><D88/><U13/><E89/><V110/><F110/><W91/><G91/><T24/><D24/><U46/><E81/><V134/><F134/><W115/><G59/><T95/><N who="0" m="35443" /><T73/><DORA hai="34" /><D73/><U96/><E40/><V75/><F75/><W80/><G80/><T36/><AGARI ba="0,0" hai="36,38,39,104,106" m="35443,38474,47723" machi="36" ten="50,9600,0" yaku="28,2,18,1" doraHai="30,34" who="0" fromWho="0" sc="240,96,249,-32,220,-32,291,-32" owari="336,43.6,217,-18.3,188,-31.2,259,5.9" /></mjloggm>