<mjloggm ver="2.3"><GO type="169" lobby="0"/><UN n0="%E8%87%AA%E6%91%B8%E3%81%AE%E3%81%BF" n1="%E3%81%B1%E3%82%93%E3%81%AA%E3%81%93%E3%81%BE%E3%81%A3%E3%81%9F" n2="%41%6C%6C%2D%4C%75%63%6B" n3="%E9%BA%BB%E9%9B%80%49%51%31%32%30" dan="16,18,16,16" rate="2091.49,2234.71,2093.19,2092.83" sx="M,M,M,M"/><TAIKYOKU oya="0"/><INIT seed="0,0,0,1,5,48" ten="250,250,250,250" oya="0" hai0="67,122,34,104,88,93,59,65,85,116,19,12,52" hai1="16,27,29,105,60,70,106,2,62,57,92,17,127" hai2="113,114,61,117,76,50,100,126,110,26,82,58,47" hai3="130,18,79,133,89,28,49,39,68,129,9,25,6"/><T86/><D116/><U10/><E127/><V108/><F100/><W73/><G68/><T55/><D122/><U44/><E70/><V107/><F107/><W71/><G71/><T121/><D34/><U38/><E62/><V90/><F90/><W103/><G103/><T37/><D37/><U74/><E74/><V75/><F126/><W96/><G39/><T23/><D104/><U22/><E92/><V87/><F75/><W125/><G79/><T78/><D121/><U66/><E17/><V35/><F117/><W1/><G89/><T112/><D112/><U118/><E118/><V123/><F123/><W99/><G73/><T101/><D101/><U80/><E80/><V0/><F0/><W54/><G18/><T5/><D5/><U128/><E128/><V14/><F14/><W21/><G125/><T109/><D109/><N who="2" m="42090" /><F26/><W120/><G120/><T95/><D95/><U51/><E38/><V42/><F35/><W72/><G72/><T83/><D55/><AGARI ba="0,0" hai="42,47,50,55,58,61,76,82,87,113,114" m="42090" machi="55" ten="30,2000,0" yaku="14,1,52,1" doraHai="48" who="2" fromWho="0" sc="250,-20,250,0,250,20,250,0" /><INIT seed="1,0,0,1,5,4" ten="230,250,270,250" oya="1" hai0="72,3,75,87,30,21,111,98,135,24,16,114,95" hai1="17,12,115,28,47,74,130,20,126,6,57,93,128" hai2="131,112,11,43,132,41,134,51,23,9,8,33,92" hai3="63,118,121,60,117,66,58,88,79,45,10,122,27"/><U48/><E74/><V49/><F33/><W89/><G79/><T73/><D114/><U102/><E115/><V85/><F112/><W37/><G27/><T96/><D3/><U52/><E126/><V101/><F23/><W80/><G60/><T81/><D135/><N who="2" m="51754" /><F131/><W105/><G105/><T38/><D38/><U34/><E6/><V116/><F116/><W110/><G110/><T59/><D111/><U120/><E120/><V0/><F0/><W76/><G122/><T61/><D30/><U7/><E7/><V104/><F104/><W35/><G35/><T99/><D95/><U127/><E127/><V86/><F101/><W1/><G121/><T42/><D42/><N who="2" m="15882" /><F92/><W82/><G1/><T107/><D107/><U108/><E108/><V2/><F2/><W67/><G82/><T84/><REACH who="0" step="1"/><D81/><REACH who="0" ten="220,250,270,250" step="2"/><U68/><E130/><V91/><F91/><W25/><G89/><T90/><D90/><U109/><E128/><V56/><F56/><W14/><G88/><T125/><D125/><U26/><E109/><V64/><F64/><AGARI ba="0,1" hai="16,21,24,59,61,64,72,73,75,84,87,96,98,99" machi="64" ten="50,8000,1" yaku="1,1,54,1,53,3" doraHai="4" doraHaiUra="106" who="0" fromWho="2" sc="220,90,250,0,270,-80,250,0" /><INIT seed="2,0,0,4,1,101" ten="310,250,190,250" oya="2" hai0="69,6,10,81,85,70,22,13,130,35,20,27,131" hai1="33,31,57,120,99,40,123,134,76,50,75,16,37" hai2="87,73,25,28,89,72,97,84,64,17,108,117,107" hai3="23,126,21,82,116,127,2,61,124,9,38,34,59"/><V39/><F117/><W48/><G38/><T32/><D85/><U42/><E134/><V29/><F39/><W44/><G34/><N who="0" m="12843" /><D81/><N who="1" m="45215" /><E37/><V54/><F108/><W90/><G116/><T14/><D70/><U63/><E31/><V49/><F64/><W46/><G90/><T110/><D69/><U30/><E30/><V5/><F5/><N who="3" m="1207" /><G82/><T74/><D74/><U133/><E33/><V56/><F84/><W58/><G58/><T96/><D96/><U66/><E133/><V98/><F98/><W41/><G44/><T8/><D110/><U24/><E99/><V62/><F72/><W122/><G122/><N who="1" m="46634" /><E50/><V11/><F73/><W132/><G132/><T112/><D112/><U113/><E113/><V52/><F11/><W55/><AGARI ba="0,0" hai="21,23,41,46,48,55,59,61,124,126,127" m="1207" machi="55" ten="30,1100,0" yaku="18,1" doraHai="101" who="3" fromWho="3" sc="310,-3,250,-3,190,-5,250,11" /><INIT seed="3,0,0,5,4,52" ten="307,247,185,261" oya="3" hai0="128,53,47,125,111,50,28,58,72,65,7,23,10" hai1="102,119,11,51,63,64,80,70,117,13,86,36,2" hai2="92,127,16,24,4,123,20,38,74,69,54,79,25" hai3="84,6,112,114,61,66,103,22,39,115,94,101,110"/><W105/><G39/><T89/><D72/><U59/><E36/><V113/><F113/><W81/><G6/><T132/><D132/><U29/><E2/><V76/><F38/><W3/><G3/><T40/><D111/><U77/><E29/><V41/><F69/><W90/><G110/><T106/><D106/><U108/><E102/><V85/><F41/><W55/><G105/><T121/><D121/><U21/><E21/><V88/><F127/><W93/><G55/><T97/><D125/><U134/><E134/><V32/><F74/><W48/><G48/><T34/><D34/><U60/><E51/><V62/><F4/><W122/><G122/><T15/><D128/><U133/><E133/><V31/><REACH who="2" step="1"/><F123/><REACH who="2" ten="307,247,175,261" step="2"/><W49/><G115/><T26/><D40/><U33/><E108/><V71/><F71/><W120/><G120/><T30/><D30/><U87/><E33/><V18/><F18/><W14/><G114/><T0/><D0/><U9/><E119/><V116/><F116/><W135/><G135/><T5/><D5/><U56/><E117/><V124/><F124/><W109/><G109/><T130/><D130/><U8/><E70/><V96/><F96/><W95/><G112/><T83/><D97/><U99/><E99/><V75/><F75/><W12/><G103/><T100/><D100/><U67/><E87/><V118/><F118/><W1/><G101/><T131/><D131/><U78/><E78/><V19/><F19/><AGARI ba="0,1" hai="8,9,11,13,19,56,59,60,63,64,67,77,80,86" machi="19" ten="30,8000,1" yaku="7,1,9,1,8,1,52,2" doraHai="52" who="1" fromWho="2" sc="307,0,247,90,175,-80,261,0" /><INIT seed="4,0,0,0,4,42" ten="307,337,95,261" oya="0" hai0="106,40,28,23,74,82,25,37,46,135,123,4,91" hai1="72,132,50,110,75,35,15,26,87,41,105,85,51" hai2="133,18,92,80,97,131,21,84,38,27,66,76,127" hai3="69,90,24,102,104,98,112,115,121,16,7,9,47"/><T111/><D123/><U2/><E2/><V95/><F38/><W125/><G69/><T5/><D135/><U128/><E105/><V31/><F131/><W13/><G121/><T103/><D111/><U70/><E70/><V79/><F127/><W86/><G125/><T34/><D91/><U12/><E41/><V52/><F133/><W62/><G62/><T116/><D116/><U55/><E132/><V58/><F66/><W39/><G24/><T99/><REACH who="0" step="1"/><D34/><REACH who="0" ten="297,337,95,261" step="2"/><U57/><E35/><V61/><F76/><AGARI ba="0,1" hai="4,5,23,25,28,37,40,46,74,76,82,99,103,106" machi="76" ten="40,7700,0" yaku="1,1,2,1,52,1,53,0" doraHai="42" doraHaiUra="64" who="0" fromWho="2" sc="297,87,337,0,95,-77,261,0" /><INIT seed="4,1,0,3,1,107" ten="384,337,18,261" oya="0" hai0="51,94,125,88,37,122,121,23,7,73,11,27,116" hai1="40,64,87,47,21,31,66,84,3,96,113,53,74" hai2="124,131,95,15,5,2,38,43,115,41,108,9,1" hai3="89,119,45,13,18,99,79,126,57,59,85,109,103"/><T111/><D116/><U44/><E3/><V4/><F108/><W0/><G0/><T25/><D37/><U82/><E113/><V32/><F124/><W127/><G109/><T61/><D73/><U135/><E135/><V118/><F32/><W90/><G119/><T93/><D111/><U123/><E123/><V120/><F131/><W117/><G117/><T130/><D94/><U101/><E53/><V19/><F118/><W16/><G79/><T91/><D91/><U100/><E31/><V134/><F115/><W75/><G45/><T63/><D51/><U77/><E21/><V86/><F134/><W128/><G13/><T20/><D130/><U70/><E70/><V81/><F95/><W50/><G50/><T30/><D125/><U72/><E77/><V49/><F38/><W78/><G128/><T42/><D42/><U58/><E40/><V114/><F114/><W29/><G29/><T112/><D112/><U106/><E106/><V98/><F98/><W133/><G133/><T71/><D71/><U48/><E48/><V65/><F65/><W35/><G78/><T92/><D92/><U55/><E58/><V68/><F68/><W34/><G99/><N who="0" m="57767" /><D121/><U14/><E96/><V24/><F120/><W69/><G69/><T60/><D122/><U76/><E76/><N who="2" m="46375" /><F41/><W67/><G85/><T28/><D63/><U56/><E56/><V36/><F36/><W97/><G97/><T62/><D61/><U104/><E104/><V39/><F39/><W46/><G67/><T83/><D83/><U110/><E110/><V54/><F43/><W26/><G127/><RYUUKYOKU ba="1,0" sc="384,30,337,-10,18,-10,261,-10" hai0="7,11,20,23,25,27,28,30,60,62" /><INIT seed="4,2,0,5,2,1" ten="414,327,8,251" oya="0" hai0="58,79,64,94,99,52,75,104,26,11,83,65,61" hai1="36,112,18,124,116,51,105,121,96,118,15,132,0" hai2="101,13,40,82,67,127,28,48,109,7,66,111,130" hai3="108,49,39,8,42,76,122,126,45,131,25,5,84"/><T73/><D73/><U85/><E36/><V72/><F101/><W38/><G108/><T63/><D104/><U9/><E121/><V89/><F28/><W87/><G126/><T3/><D26/><U92/><E124/><V23/><F127/><W106/><G131/><T46/><D46/><U20/><E132/><V119/><F130/><W129/><G106/><T74/><D74/><U17/><E105/><V33/><F33/><W35/><G122/><T22/><D22/><U69/><E69/><V123/><F119/><W44/><G76/><T54/><D3/><U77/><E112/><V81/><F123/><W115/><G115/><T120/><D11/><U113/><E113/><V133/><F133/><W98/><G98/><T90/><REACH who="0" step="1"/><D120/><REACH who="0" ten="404,327,8,251" step="2"/><U117/><E0/><V70/><F72/><W68/><G45/><T32/><D32/><U103/><E20/><V4/><F40/><W71/><G25/><T93/><D93/><U34/><E34/><V56/><F70/><AGARI ba="2,1" hai="52,54,58,61,63,64,65,70,75,79,83,90,94,99" machi="70" ten="30,11600,0" yaku="1,1,7,1,54,1,53,1" doraHai="1" doraHaiUra="55" who="0" fromWho="2" sc="404,132,327,0,8,-122,251,0" owari="536,63.6,327,12.7,-114,-61.4,251,-14.9" /></mjloggm>