<mjloggm ver="2.3"><GO type="169" lobby="0"/><UN n0="%73%79%75%70%6F%6E" n1="%E3%81%8D%E3%81%84%E3%81%AA" n2="%73%61%69%63%68%61%6E%7A" n3="%E4%B8%89%E6%B2%B3%E5%B1%8B%E3%81%AE%E3%82%B5%E3%83%96" dan="17,17,17,16" rate="2195.46,2170.99,2144.30,2152.78" sx="M,F,M,M"/><TAIKYOKU oya="0"/><INIT seed="0,0,0,2,4,75" ten="250,250,250,250" oya="0" hai0="36,41,102,23,40,88,11,26,45,126,39,61,117" hai1="12,100,119,90,120,21,65,2,0,37,93,49,130" hai2="52,132,68,124,62,81,113,127,35,15,101,108,8" hai3="86,76,131,77,22,123,116,70,125,133,92,66,51"/><T64/><D117/><U50/><E37/><V95/><F113/><W44/><G116/><T97/><D126/><N who="2" m="48170" /><F35/><W80/><G125/><T6/><D41/><U110/><E119/><V78/><F108/><W29/><G131/><T25/><D36/><U13/><E100/><V121/><F121/><W128/><G128/><T109/><D109/><U82/><E130/><V67/><F132/><W87/><G133/><T9/><D26/><U54/><E110/><V96/><F52/><N who="3" m="29799" /><G70/><T105/><D6/><U18/><E65/><V32/><F32/><W107/><G107/><T104/><D88/><U31/><E82/><V94/><F96/><W53/><G66/><T10/><D105/><U111/><E111/><V72/><F101/><W30/><G123/><T122/><D122/><U118/><E118/><V20/><F20/><W134/><G134/><T17/><REACH who="0" step="1"/><D9/><REACH who="0" ten="240,250,250,250" step="2"/><U114/><E120/><V103/><F103/><W43/><G43/><T71/><AGARI ba="0,1" hai="10,11,17,23,25,39,40,45,61,64,71,97,102,104" machi="71" ten="20,12000,1" yaku="1,1,2,1,0,1,7,1,53,1" doraHai="75" doraHaiUra="58" who="0" fromWho="0" sc="240,130,250,-40,250,-40,250,-40" /><INIT seed="0,1,0,0,2,106" ten="370,210,210,210" oya="0" hai0="40,128,82,132,35,62,59,80,78,109,91,89,133" hai1="135,37,94,33,81,87,22,48,21,34,74,24,66" hai2="76,19,26,97,108,38,90,67,70,2,9,92,50" hai3="23,12,85,101,57,99,111,131,15,28,120,93,13"/><T49/><D35/><U65/><E37/><V1/><F38/><W103/><G111/><T124/><D124/><U36/><E36/><V119/><F108/><W10/><G131/><T8/><D109/><U56/><E135/><N who="0" m="51785" /><D8/><U31/><E94/><V122/><F122/><W96/><G120/><T104/><D104/><U52/><E34/><V107/><F119/><W130/><G130/><T20/><D20/><U72/><E33/><V114/><F114/><W113/><G113/><T105/><D105/><U121/><E121/><V110/><F110/><W29/><G10/><T53/><D82/><U100/><E100/><V0/><F107/><W126/><G126/><T64/><D40/><U32/><E32/><V45/><F76/><W95/><G23/><T88/><D128/><U11/><E11/><V115/><F115/><W5/><G5/><T30/><D30/><U58/><E21/><V112/><F112/><W60/><REACH who="3" step="1"/><G85/><REACH who="3" ten="370,210,210,200" step="2"/><N who="0" m="50215" /><D78/><U84/><E84/><V55/><F9/><W25/><G25/><T77/><D77/><U54/><E87/><V44/><F26/><W42/><G42/><T118/><D118/><U14/><E24/><V61/><REACH who="2" step="1"/><F19/><REACH who="2" ten="370,210,200,200" step="2"/><W47/><G47/><AGARI ba="1,2" hai="47,49,53,59,62,64,89,91" m="50215,51785" machi="47" ten="30,2900,0" yaku="20,1,54,1" doraHai="106" who="0" fromWho="3" sc="370,52,210,0,200,0,200,-32" /><AGARI ba="1,0" hai="0,1,2,44,45,47,50,55,61,67,70,90,92,97" machi="47" ten="40,2600,0" yaku="1,1,2,1,53,0" doraHai="106" doraHaiUra="125" who="2" fromWho="3" sc="422,0,210,0,200,26,168,-26" /><INIT seed="0,2,0,2,5,119" ten="422,210,226,142" oya="0" hai0="39,125,70,41,30,43,46,13,7,89,130,59,29" hai1="58,90,121,115,124,8,128,103,14,118,99,22,61" hai2="100,42,1,92,71,72,60,109,55,74,102,91,98" hai3="73,24,25,17,12,67,104,27,77,110,40,35,123"/><T47/><D70/><U82/><E118/><V18/><F109/><W133/><G104/><T50/><D125/><U51/><E121/><V96/><F1/><W33/><G110/><T93/><D130/><U56/><E124/><V66/><F42/><W45/><G67/><T112/><D112/><U69/><E128/><V34/><F55/><W44/><G133/><T83/><D83/><U6/><E115/><V10/><F34/><W48/><G123/><T131/><D131/><U65/><E51/><V107/><F10/><W122/><G122/><T5/><D59/><U0/><E90/><V111/><F111/><W85/><G73/><T52/><D41/><U120/><E120/><V15/><REACH who="2" step="1"/><F102/><REACH who="2" ten="422,210,216,142" step="2"/><W95/><G45/><T21/><D21/><U87/><E0/><V3/><F3/><W32/><G77/><T26/><D43/><U20/><E20/><V36/><F36/><W126/><G126/><T132/><D52/><U31/><E22/><V62/><F62/><W127/><G127/><T94/><D39/><U75/><E103/><V78/><F78/><W76/><G76/><T97/><D50/><U9/><E9/><V81/><F81/><W63/><G63/><T105/><D132/><U113/><E82/><V23/><AGARI ba="2,1" hai="15,18,23,60,66,71,72,74,91,92,96,98,100,107" machi="23" ten="20,2700,0" yaku="1,1,0,1,7,1,53,0" doraHai="119" doraHaiUra="80" who="2" fromWho="2" sc="422,-15,210,-9,216,43,142,-9" /><INIT seed="1,0,0,2,2,16" ten="407,201,259,133" oya="1" hai0="79,30,67,111,102,17,78,82,118,22,107,86,95" hai1="69,101,72,106,24,60,47,121,62,130,35,81,29" hai2="109,1,71,56,55,20,3,98,127,13,73,135,119" hai3="113,10,131,90,123,7,38,23,37,12,15,36,44"/><U51/><E121/><V122/><F122/><W64/><G113/><T6/><D118/><U132/><E132/><V4/><F119/><W28/><G123/><T58/><D107/><U129/><E72/><V68/><F73/><W117/><G117/><T88/><D111/><U33/><E33/><V75/><F75/><W26/><G131/><T45/><D6/><U112/><E112/><V94/><F135/><W2/><G64/><T32/><D45/><U41/><E81/><V134/><F109/><W116/><G116/><T21/><D32/><U53/><E53/><V99/><F134/><W25/><G44/><T126/><D126/><U83/><E83/><V93/><F127/><W27/><G90/><T8/><D8/><U43/><E43/><V34/><F34/><W46/><REACH who="3" step="1"/><G46/><REACH who="3" ten="407,201,259,123" step="2"/><T52/><D67/><U31/><E130/><V70/><F70/><W18/><G18/><T108/><D17/><U59/><E129/><V96/><F71/><W97/><G97/><N who="0" m="59711" /><D30/><U57/><E69/><V114/><F68/><W65/><G65/><T48/><D108/><U105/><E47/><V40/><F114/><W11/><G11/><T0/><D0/><U128/><E128/><V103/><F3/><W77/><G77/><AGARI ba="0,1" hai="21,22,48,52,58,77,78,79,82,86,88" m="59711" machi="77" ten="30,8000,1" yaku="8,1,52,2,54,2" doraHai="16" who="0" fromWho="3" sc="407,90,201,0,259,0,123,-80" /><INIT seed="2,0,0,4,1,9" ten="497,201,259,43" oya="2" hai0="134,86,111,73,31,12,10,40,90,132,24,25,100" hai1="7,51,123,94,37,29,23,14,16,30,8,28,4" hai2="99,115,77,67,59,130,58,53,20,83,97,120,17" hai3="89,96,70,65,1,69,19,109,33,57,108,38,104"/><V62/><F120/><W61/><G38/><T92/><D73/><U27/><E37/><V44/><F115/><W85/><G1/><T32/><D111/><N who="3" m="42569" /><G33/><T119/><D119/><U91/><E123/><V55/><F44/><W135/><G135/><T39/><D100/><U76/><E76/><V56/><F130/><W2/><G2/><T101/><D101/><U5/><REACH who="1" step="1"/><E51/><REACH who="1" ten="497,191,259,43" step="2"/><N who="2" m="30783" /><F77/><W121/><G121/><T107/><D39/><U82/><E82/><V6/><F83/><N who="3" m="49343" /><G104/><T87/><D107/><U129/><E129/><V80/><F80/><W66/><G96/><AGARI ba="0,1" hai="4,5,7,8,14,16,23,27,28,29,30,91,94,96" machi="96" ten="40,8000,1" yaku="1,1,8,1,52,1,54,1,53,0" doraHai="9" doraHaiUra="47" who="1" fromWho="3" sc="497,0,191,90,259,0,43,-80" owari="497,59.7,281,8.1,259,-14.1,-37,-53.7" /></mjloggm>