<mjloggm ver="2.3"><GO type="225" lobby="0"/><UN n0="%E7%B4%94%E6%BD%94%E3%83%94%E3%83%A9%E3%83%8B%E3%82%A2" n1="%E5%85%83%E3%82%AB%E3%83%8E%E7%B3%BB%E3%83%92%E3%83%AD%E3%82%A4%E3%83%B3" n2="%E3%82%A4%E3%83%BC%E3%82%B1%E3%83%97%E3%83%A9" n3="%E3%81%BF%E3%81%BF%E3%81%9A" dan="16,16,17,17" rate="2160.32,2182.30,2157.36,2260.54" sx="M,M,M,M"/><TAIKYOKU oya="0"/><INIT seed="0,0,0,0,4,27" ten="250,250,250,250" oya="0" hai0="89,102,35,76,8,54,81,132,109,84,9,2,78" hai1="67,20,24,73,106,127,126,120,114,131,72,7,4" hai2="66,28,58,103,36,59,96,48,38,30,104,25,88" hai3="52,79,113,69,119,128,64,50,37,99,61,101,63"/><T10/><D2/><U11/><E120/><V80/><F66/><W121/><G113/><T110/><D132/><U29/><E106/><V112/><F112/><W19/><G119/><T34/><D102/><U17/><E114/><V33/><F30/><W75/><G121/><T41/><D41/><U31/><E67/><V117/><F117/><W12/><G128/><T94/><D54/><U32/><E131/><V105/><F105/><W57/><G37/><T13/><D13/><N who="1" m="7359" /><E72/><V107/><F104/><W21/><G63/><T129/><D129/><U43/><E43/><V71/><F71/><W93/><REACH who="3" step="1"/><G79/><REACH who="3" ten="250,250,250,240" step="2"/><T108/><REACH who="0" step="1"/><D78/><REACH who="0" ten="240,250,250,240" step="2"/><U125/><E73/><AGARI ba="0,2" hai="12,19,21,50,52,57,61,64,69,73,75,93,99,101" machi="73" ten="40,8000,1" yaku="1,1,2,1,54,1,53,1" doraHai="27" doraHaiUra="56" who="3" fromWho="1" sc="240,0,250,-80,250,0,240,100" /><AGARI ba="0,0" hai="8,9,10,34,35,73,76,81,84,89,94,108,109,110" machi="73" ten="50,12000,1" yaku="1,1,2,1,14,1,10,1,53,0" doraHai="27" doraHaiUra="56" who="0" fromWho="1" sc="240,120,170,-120,250,0,340,0" /><INIT seed="0,1,0,2,1,32" ten="360,50,250,340" oya="0" hai0="51,89,95,76,33,58,86,88,49,39,64,103,118" hai1="108,71,113,68,6,60,54,7,104,69,62,15,59" hai2="61,18,23,74,47,98,50,57,56,16,135,101,4" hai3="48,83,109,119,107,17,66,120,19,127,67,45,73"/><T106/><D33/><U96/><E108/><V12/><F74/><W123/><G119/><T36/><D118/><U13/><E113/><V126/><F126/><W87/><G107/><T0/><D76/><U84/><E84/><V77/><F135/><W102/><G73/><T125/><D125/><U131/><E131/><V44/><F77/><W78/><G127/><T38/><D0/><U41/><E41/><V9/><F57/><W129/><G102/><T80/><D103/><U124/><E124/><V112/><F112/><W42/><G109/><T46/><D106/><U91/><E60/><V133/><F133/><W117/><G117/><T79/><D89/><U29/><E29/><V110/><F110/><W2/><G129/><T20/><D20/><U21/><E104/><V55/><F50/><W37/><G37/><T97/><REACH who="0" step="1"/><D46/><REACH who="0" ten="350,50,250,340" step="2"/><U53/><E53/><V82/><F47/><W130/><G130/><T85/><D85/><U94/><REACH who="1" step="1"/><E21/><REACH who="1" ten="350,40,250,340" step="2"/><V34/><F34/><W35/><G35/><T105/><D105/><U81/><E81/><V75/><F82/><W134/><G134/><T31/><D31/><U52/><E52/><V22/><F75/><W8/><G67/><T111/><D111/><U14/><AGARI ba="1,2" hai="6,7,13,14,15,54,59,62,68,69,71,91,94,96" machi="14" ten="40,2700,0" yaku="1,1,0,1,53,0" doraHai="32" doraHaiUra="72" who="1" fromWho="1" sc="350,-14,40,50,250,-8,340,-8" /><INIT seed="1,0,0,2,4,134" ten="336,90,242,332" oya="1" hai0="57,86,10,89,60,92,103,120,52,35,46,16,18" hai1="50,42,117,126,4,19,67,100,97,81,3,24,132" hai2="20,40,94,66,33,65,5,55,28,70,47,41,62" hai3="37,53,122,74,79,127,133,29,84,105,73,77,104"/><U101/><E117/><V56/><F33/><W8/><G29/><T123/><D35/><U112/><E112/><V78/><F5/><W76/><G8/><T69/><D69/><U21/><E132/><V95/><F78/><N who="3" m="30315" /><G53/><T45/><D103/><U51/><E81/><V91/><F95/><W2/><G37/><T80/><D92/><U125/><E67/><V26/><F70/><W135/><G2/><T43/><D46/><N who="1" m="25943" /><E51/><N who="2" m="29183" /><F65/><W87/><G122/><N who="0" m="46635" /><D10/><N who="1" m="2335" /><E97/><AGARI ba="0,0" hai="20,26,28,40,41,56,62,66,91,94,97" m="29183" machi="97" ten="30,1000,0" yaku="8,1" doraHai="134" who="2" fromWho="1" sc="336,0,90,-10,242,10,332,0" /><INIT seed="2,0,0,3,2,51" ten="336,80,252,332" oya="2" hai0="17,97,89,74,21,115,12,126,1,48,130,109,65" hai1="20,106,129,26,16,120,90,132,123,66,24,32,52" hai2="118,84,77,8,31,76,135,88,101,64,81,80,5" hai3="96,57,134,22,70,87,73,99,13,104,78,18,98"/><V10/><F118/><W29/><G70/><T38/><D38/><U36/><E36/><V59/><F135/><W68/><G68/><T11/><D115/><U114/><E114/><V91/><F101/><W49/><G134/><T15/><D1/><U100/><E132/><V75/><F31/><W60/><G73/><T3/><D3/><U54/><E129/><V14/><F10/><W124/><G124/><T116/><D74/><U41/><E41/><V42/><F42/><W63/><G104/><T0/><D0/><U50/><E66/><V95/><F95/><W107/><G107/><T28/><D109/><U9/><E9/><V113/><F113/><W122/><G122/><N who="1" m="46634" /><E50/><V7/><F7/><W131/><G131/><T4/><D126/><U47/><E47/><V112/><F112/><W79/><G29/><T108/><D108/><U72/><E72/><V67/><F67/><W19/><G18/><T128/><D65/><U83/><E83/><V39/><F39/><W53/><G79/><T23/><D48/><U55/><E90/><V93/><F93/><W34/><G34/><T61/><D61/><U25/><E32/><V43/><F43/><W119/><G119/><T40/><D40/><U82/><E82/><AGARI ba="0,0" hai="13,19,22,49,53,57,60,63,78,82,87,96,98,99" machi="82" ten="40,2600,0" yaku="8,1,52,1" doraHai="51" who="3" fromWho="1" sc="336,0,80,-26,252,0,332,26" /><INIT seed="3,0,0,4,4,117" ten="336,54,252,358" oya="3" hai0="105,26,30,77,24,80,55,36,72,102,40,78,18" hai1="86,104,74,107,120,48,56,63,131,66,83,14,46" hai2="33,4,12,73,13,122,69,42,3,121,68,23,111" hai3="7,44,20,6,62,115,123,70,88,49,94,130,132"/><W39/><G123/><N who="2" m="47113" /><F73/><W50/><G39/><T38/><D40/><U54/><E120/><V76/><F33/><W60/><G115/><T57/><D78/><U27/><E74/><V8/><F76/><W106/><G106/><T97/><D18/><U127/><E127/><V61/><F111/><W47/><G130/><T22/><D26/><U11/><E131/><V59/><F42/><N who="3" m="24727" /><G20/><T5/><D5/><N who="3" m="1545" /><G70/><N who="2" m="27241" /><F23/><W114/><G132/><T112/><D112/><U15/><E107/><V129/><F129/><W90/><G114/><T79/><D77/><U58/><E104/><V28/><F28/><W53/><G88/><T96/><D97/><AGARI ba="0,0" hai="47,50,53,60,62,90,94,97" m="1545,24727" machi="97" ten="30,1500,0" yaku="8,1" doraHai="117" who="3" fromWho="0" sc="336,-15,54,0,252,0,358,15" owari="321,12.1,54,-44.6,252,-14.8,373,47.3" /></mjloggm>