<mjloggm ver="2.3"><GO type="169" lobby="0"/><UN n0="%43%55%4B%45%59" n1="%45%72%77%69%6E%52%64" n2="%E3%83%A8%E3%82%B7%E3%83%86%E3%83%AB%37%30%38" n3="%E3%81%B2%E3%81%90%E3%81%A1" dan="16,16,16,17" rate="2089.20,2122.92,2103.35,2234.48" sx="M,M,M,M"/><TAIKYOKU oya="0"/><INIT seed="0,0,0,1,2,52" ten="250,250,250,250" oya="0" hai0="59,61,134,9,32,102,130,12,72,22,55,104,21" hai1="124,81,132,90,96,79,88,94,87,73,75,47,30" hai2="25,14,60,39,70,49,19,110,129,5,71,135,64" hai3="50,66,133,45,82,67,53,6,56,115,46,106,42"/><T63/><D72/><U92/><E30/><V7/><F39/><W10/><G106/><T37/><D32/><U127/><E47/><V97/><F110/><W43/><G115/><T0/><D0/><U57/><E57/><V24/><F71/><W108/><G108/><T4/><D134/><U98/><E132/><V107/><F129/><W40/><G133/><T114/><D114/><U116/><E116/><V2/><F2/><W36/><G82/><T99/><D130/><U58/><E58/><V111/><F111/><W35/><G35/><T91/><D37/><U54/><E54/><V68/><F68/><W27/><G27/><T95/><REACH who="0" step="1"/><D63/><REACH who="0" ten="240,250,250,250" step="2"/><U13/><E13/><V20/><F60/><W41/><REACH who="3" step="1"/><G46/><REACH who="3" ten="240,250,250,240" step="2"/><T100/><D100/><U33/><E33/><V80/><F135/><W101/><G101/><T51/><D51/><U83/><E81/><V31/><F49/><W23/><G23/><T85/><AGARI ba="0,2" hai="4,9,12,21,22,55,59,61,85,91,95,99,102,104" machi="85" ten="20,7800,0" yaku="1,1,0,1,7,1,52,1,53,0" doraHai="52" doraHaiUra="15" who="0" fromWho="0" sc="240,98,250,-26,250,-26,240,-26" /><INIT seed="0,1,0,3,4,66" ten="338,224,224,214" oya="0" hai0="55,23,24,62,25,118,50,111,20,134,12,15,94" hai1="93,83,72,100,75,36,84,99,86,70,2,71,6" hai2="95,87,133,113,127,114,53,38,65,3,31,63,1" hai3="103,56,5,119,34,101,78,124,11,54,69,68,9"/><T14/><D118/><U92/><E36/><V64/><F38/><W131/><G119/><T47/><D111/><U130/><E130/><V132/><F31/><W106/><G34/><T33/><D33/><U97/><E6/><V110/><F53/><W49/><G78/><T46/><D134/><N who="2" m="51818" /><F110/><W17/><G131/><T120/><D120/><U0/><E83/><V61/><F127/><W115/><G115/><N who="2" m="44041" /><F95/><W51/><G124/><T129/><D129/><U108/><E108/><V77/><F87/><W89/><G106/><T81/><D81/><U105/><E105/><V7/><F7/><W126/><G126/><T58/><D94/><U121/><REACH who="1" step="1"/><E100/><REACH who="1" ten="338,214,224,214" step="2"/><V85/><F77/><W16/><G89/><T123/><D123/><AGARI ba="1,1" hai="0,2,70,71,72,75,84,86,92,93,97,99,121,123" machi="123" ten="25,16000,3" yaku="1,1,2,1,22,2,52,2,53,2" doraHai="66" doraHaiUra="90" who="1" fromWho="0" sc="338,-163,214,173,224,0,214,0" /><INIT seed="1,0,0,2,0,8" ten="175,387,224,214" oya="1" hai0="10,59,123,101,50,33,48,43,62,42,52,7,78" hai1="133,58,111,84,114,132,60,73,24,92,11,74,75" hai2="121,65,91,61,28,32,15,116,81,128,108,102,126" hai3="34,87,67,29,39,120,56,30,88,134,94,122,109"/><U1/><E114/><V51/><F116/><W27/><G109/><T112/><D112/><U18/><E111/><V107/><F121/><W3/><G3/><T98/><D33/><U129/><E129/><V79/><F128/><W97/><G39/><T38/><D123/><U17/><E24/><V16/><F32/><W49/><G134/><N who="1" m="51818" /><E1/><V90/><F28/><W21/><G34/><T41/><D78/><U55/><E11/><V96/><F126/><W64/><G30/><T13/><REACH who="0" step="1"/><D38/><REACH who="0" ten="165,387,224,214" step="2"/><U0/><E0/><V86/><F108/><W5/><G120/><T115/><D115/><U77/><E77/><V47/><F65/><W12/><G122/><T135/><D135/><U82/><E82/><V54/><REACH who="2" step="1"/><F61/><REACH who="2" ten="165,387,214,214" step="2"/><W35/><G35/><T6/><D6/><U53/><E60/><V4/><F4/><W26/><G67/><T66/><D66/><U22/><E17/><V63/><F63/><W25/><G64/><T37/><D37/><U57/><E18/><V106/><F106/><AGARI ba="0,2" hai="7,10,13,41,42,43,48,50,52,59,62,98,101,106" machi="106" ten="40,12000,2" yaku="1,1,52,1,54,1,53,3" doraHai="8" doraHaiUra="36" who="0" fromWho="2" sc="165,140,387,0,214,-120,214,0" /><INIT seed="2,0,0,4,1,86" ten="305,387,94,214" oya="2" hai0="80,70,23,33,120,108,98,74,9,39,26,66,64" hai1="49,75,110,42,22,84,50,82,91,14,94,8,44" hai2="132,90,116,67,41,73,76,127,17,24,65,16,83" hai3="109,130,135,10,18,25,15,107,126,29,128,129,5"/><V7/><F116/><W57/><G107/><T92/><D120/><U52/><E110/><V55/><F132/><W113/><G57/><T111/><D33/><U85/><E75/><V118/><F118/><W30/><G109/><N who="0" m="42059" /><D39/><U78/><E22/><V61/><F127/><W124/><G113/><T37/><D9/><U131/><E131/><V112/><F112/><W102/><G102/><T20/><D37/><U1/><E1/><V56/><F7/><W43/><G43/><T62/><D64/><U59/><E8/><V81/><F41/><W119/><G119/><T134/><D26/><U72/><E72/><V53/><F67/><W36/><G36/><T69/><D69/><U47/><E14/><V93/><F83/><W105/><G105/><T133/><D80/><U13/><E13/><V40/><F40/><W46/><G46/><AGARI ba="0,0" hai="42,44,46,47,49,50,52,59,78,82,84,85,91,94" machi="46" ten="40,5200,0" yaku="8,1,52,1,54,1" doraHai="86" who="1" fromWho="3" sc="305,0,387,52,94,0,214,-52" /><INIT seed="3,0,0,5,5,92" ten="305,439,94,162" oya="3" hai0="32,82,90,23,96,27,91,16,15,86,51,25,49" hai1="89,88,44,40,114,119,87,83,126,102,93,37,113" hai2="3,125,76,106,133,48,54,11,131,24,85,72,107" hai3="61,9,112,64,75,65,118,109,55,0,17,14,56"/><W81/><G112/><T103/><D91/><U28/><E126/><V66/><F72/><W58/><G118/><T111/><D111/><U29/><E102/><V57/><F131/><W130/><G130/><T94/><D32/><U127/><E127/><V80/><F125/><W43/><G109/><T68/><D68/><U39/><E39/><V36/><F36/><W62/><G43/><T50/><AGARI ba="0,0" hai="15,16,23,25,27,49,50,51,82,86,90,94,96,103" machi="50" ten="30,7900,0" yaku="0,1,8,1,52,1,54,1" doraHai="92" who="0" fromWho="0" sc="305,79,439,-20,94,-20,162,-39" /><INIT seed="4,0,0,4,0,27" ten="384,419,74,123" oya="0" hai0="66,2,79,88,82,71,131,118,105,57,44,8,107" hai1="40,134,3,104,41,56,30,103,117,9,4,132,69" hai2="110,24,34,31,67,109,101,53,72,84,6,23,128" hai3="120,7,96,98,52,22,94,42,81,86,33,93,62"/><T28/><D118/><U75/><E69/><V85/><F72/><W35/><G120/><T130/><D57/><U21/><E117/><V77/><F67/><W39/><G7/><N who="0" m="1143" /><D44/><U12/><E75/><V55/><F101/><W68/><G35/><T91/><D28/><U99/><E56/><V133/><F133/><N who="1" m="51305" /><E3/><V123/><F123/><W11/><G33/><T126/><D126/><U45/><E45/><V19/><F128/><N who="0" m="49194" /><D66/><U54/><E54/><V47/><F6/><W80/><G52/><T135/><D71/><U10/><E10/><V58/><F47/><W74/><G11/><T25/><D25/><AGARI ba="0,0" hai="4,9,12,21,25,30,40,41,99,103,104" m="51305" machi="25" ten="30,2000,0" yaku="20,1,52,1" doraHai="27" who="1" fromWho="0" sc="384,-20,419,20,74,0,123,0" /><INIT seed="5,0,0,2,5,73" ten="364,439,74,123" oya="1" hai0="37,63,15,35,70,12,30,120,90,23,47,129,34" hai1="10,74,89,57,2,132,118,84,86,66,5,54,121" hai2="135,71,3,117,0,97,8,111,106,76,130,80,60" hai3="114,13,38,98,91,46,69,94,100,93,102,119,31"/><U127/><E121/><V85/><F111/><W122/><G69/><T61/><D129/><U79/><E118/><V116/><F130/><W45/><G122/><T32/><D120/><U99/><E127/><V40/><F135/><W52/><G119/><T51/><D37/><U92/><E66/><V101/><F3/><W33/><G114/><T59/><D70/><U20/><E132/><V28/><F28/><W44/><G38/><T110/><D110/><U72/><E20/><V125/><F125/><W81/><G33/><T41/><D63/><U64/><E64/><V58/><F40/><W82/><G31/><T133/><D133/><U36/><E36/><V16/><F71/><W83/><G13/><T11/><D90/><U56/><E56/><V9/><F9/><W126/><G126/><T19/><D30/><U21/><E21/><V43/><F43/><W67/><G67/><T17/><D35/><U87/><REACH who="1" step="1"/><E79/><REACH who="1" ten="364,429,74,123" step="2"/><V1/><F117/><W95/><G44/><T6/><D34/><U128/><E128/><V113/><F116/><W105/><G45/><T96/><D32/><U112/><E112/><V25/><F113/><W24/><G46/><T123/><D123/><U50/><AGARI ba="0,1" hai="2,5,10,50,54,57,72,74,84,86,87,89,92,99" machi="50" ten="30,11700,0" yaku="1,1,0,1,53,2" doraHai="73" doraHaiUra="104" who="1" fromWho="1" sc="364,-39,429,127,74,-39,123,-39" /><INIT seed="5,1,0,2,1,116" ten="325,556,35,84" oya="1" hai0="133,5,72,114,108,68,1,97,82,81,48,54,31" hai1="12,59,78,56,65,2,38,45,107,106,71,33,127" hai2="3,77,4,40,74,29,98,21,93,110,105,63,109" hai3="112,104,117,83,19,11,113,70,111,119,76,55,27"/><U121/><E2/><V18/><F105/><W61/><G104/><T52/><D108/><U125/><E33/><V51/><F29/><W23/><G111/><T0/><D133/><U95/><E95/><V44/><F74/><W16/><G11/><T25/><D68/><U43/><E78/><V132/><F77/><W115/><G19/><T91/><D72/><U6/><E12/><V80/><F80/><W62/><G55/><T57/><D114/><U79/><E6/><V103/><F132/><W50/><G50/><T128/><D128/><U7/><E7/><V134/><F134/><W24/><G24/><T88/><D5/><U69/><E79/><V10/><REACH who="2" step="1"/><F63/><REACH who="2" ten="325,556,25,84" step="2"/><N who="3" m="24075" /><G70/><T100/><D82/><U53/><E106/><V135/><F135/><W66/><G66/><T120/><D81/><U22/><E107/><V90/><F90/><W92/><G92/><T84/><D91/><U46/><E65/><V131/><F131/><W96/><G96/><T36/><D97/><U58/><E69/><V89/><F89/><W85/><AGARI ba="1,1" hai="16,23,27,76,83,85,112,113,115,117,119" m="24075" machi="85" ten="40,2700,0" yaku="15,1,54,1" doraHai="116" who="3" fromWho="3" sc="325,-8,556,-14,25,-8,84,40" /><INIT seed="6,0,0,3,5,119" ten="317,542,17,124" oya="2" hai0="1,126,111,61,100,39,108,35,55,76,16,68,12" hai1="13,77,86,83,107,106,59,67,94,75,57,95,91" hai2="78,114,117,32,27,79,4,21,110,45,53,15,9" hai3="105,121,19,34,37,33,88,31,69,122,46,85,36"/><V133/><F117/><W120/><G105/><T128/><D1/><U109/><E109/><V56/><F114/><W5/><G69/><T129/><D35/><U26/><E26/><V70/><F70/><W82/><G5/><T0/><D0/><U93/><E13/><V44/><F133/><W3/><G3/><T29/><D29/><U97/><E57/><V20/><F32/><W132/><G132/><T48/><D39/><U2/><E2/><V90/><F110/><N who="0" m="42026" /><D76/><N who="2" m="29226" /><F90/><W6/><G6/><T47/><D100/><N who="1" m="60463" /><E59/><V101/><F101/><W30/><G33/><T135/><D135/><U62/><E62/><N who="2" m="36111" /><F21/><W42/><G34/><T98/><D61/><U113/><E67/><V66/><F66/><W40/><G19/><AGARI ba="0,0" hai="4,9,15,19,20,27,44,45" m="36111,29226" machi="19" ten="30,1500,0" yaku="8,1" doraHai="119" who="2" fromWho="3" sc="317,0,542,0,17,15,124,-15" /><INIT seed="6,1,0,2,5,14" ten="317,542,32,109" oya="2" hai0="128,50,107,18,78,101,133,59,47,96,4,100,93" hai1="27,54,126,44,17,123,8,102,53,33,129,113,76" hai2="111,65,34,42,130,72,106,118,1,112,23,114,62" hai3="19,48,28,119,7,89,91,41,57,104,37,38,69"/><V20/><F72/><W115/><G104/><T82/><D133/><U49/><E123/><V71/><F106/><W63/><G119/><T9/><D128/><U92/><E129/><V132/><F130/><W12/><G7/><T121/><D121/><U110/><E110/><V105/><F105/><W3/><G3/><T43/><D59/><U35/><E126/><V46/><F118/><W73/><G73/><T87/><D107/><U122/><E122/><V58/><F132/><W10/><G28/><T97/><D97/><U81/><E113/><N who="2" m="43627" /><F111/><W13/><G115/><T120/><D120/><U74/><E54/><V32/><F1/><W108/><G108/><T22/><D101/><U21/><E102/><V11/><F11/><W99/><G69/><T2/><D2/><U16/><E92/><V80/><F80/><W70/><G70/><T15/><D22/><N who="2" m="8234" /><F71/><W116/><G116/><T55/><REACH who="0" step="1"/><D55/><REACH who="0" ten="307,542,32,109" step="2"/><U83/><E53/><V124/><F124/><W67/><G99/><T75/><D75/><U131/><E74/><V0/><F0/><W77/><G57/><T95/><D95/><U64/><E131/><V60/><F60/><W98/><G63/><T25/><D25/><U61/><E61/><V127/><F127/><W6/><G98/><T5/><AGARI ba="1,1" hai="4,5,9,15,18,43,47,50,78,82,87,93,96,100" machi="5" ten="30,8000,1" yaku="1,1,0,1,8,1,52,1,53,1" doraHai="14" doraHaiUra="79" who="0" fromWho="0" sc="307,93,542,-21,32,-41,109,-21" owari="400,20.0,521,62.1,-9,-50.9,88,-31.2" /></mjloggm>