<mjloggm ver="2.3"><GO type="169" lobby="0"/><UN n0="%E3%81%AF%E3%81%AA%E3%81%B3%E3%81%AA%E3%81%B3" n1="%E3%81%97%E3%82%82%E3%82%93%E3%81%AC" n2="%E5%B2%A9%E4%B8%8A%E9%80%9A%E3%82%8A" n3="%41%6C%6C%2D%4C%75%63%6B" dan="17,17,16,16" rate="2142.09,2179.18,2107.17,2132.91" sx="M,M,M,M"/><TAIKYOKU oya="0"/><INIT seed="0,0,0,2,1,34" ten="250,250,250,250" oya="0" hai0="100,36,3,77,54,47,31,7,129,74,116,106,26" hai1="62,126,89,17,131,57,115,52,6,63,35,10,37" hai2="125,99,23,81,110,71,128,119,98,134,121,88,51" hai3="83,120,76,14,9,78,4,59,20,93,104,107,16"/><T79/><D116/><U18/><E131/><V2/><F51/><W85/><G120/><T38/><D129/><U13/><E126/><V49/><F49/><W95/><G76/><T67/><D54/><U114/><E37/><V43/><F43/><W117/><G117/><T42/><D67/><U1/><E35/><V12/><F12/><W53/><G107/><T113/><D38/><U80/><E62/><V25/><F23/><W84/><G84/><T0/><D113/><N who="1" m="43019" /><E13/><V11/><F25/><W41/><G104/><T112/><D112/><U130/><E130/><V61/><F2/><N who="0" m="554" /><D7/><U86/><AGARI ba="0,0" hai="1,6,10,17,18,52,57,63,80,86,89" m="43019" machi="86" ten="30,4000,0" yaku="11,1,52,1,54,1" doraHai="34" who="1" fromWho="1" sc="250,-20,250,40,250,-10,250,-10" /><INIT seed="1,0,0,2,3,129" ten="230,290,240,240" oya="1" hai0="41,24,22,93,95,9,26,17,53,126,130,47,35" hai1="107,12,90,25,64,46,5,121,37,33,59,76,110" hai2="15,71,13,18,29,50,11,106,34,79,73,86,40" hai3="56,117,32,91,115,128,120,20,132,19,10,7,65"/><U131/><E121/><V30/><F71/><W52/><G115/><T96/><D130/><U44/><E131/><V23/><F73/><W48/><G120/><T58/><D126/><U49/><E107/><V124/><F106/><W39/><G32/><T100/><D9/><U60/><E76/><V103/><F103/><W122/><G39/><T85/><D35/><U70/><E90/><V87/><F34/><W1/><G122/><T43/><D26/><U94/><E94/><V97/><F97/><W89/><G117/><T21/><D21/><U81/><E81/><V4/><F87/><W74/><G132/><T83/><D47/><U0/><E0/><V116/><F124/><W61/><G74/><T45/><D45/><U66/><E12/><V118/><F116/><W119/><G119/><T109/><D95/><U102/><E102/><V113/><F113/><W55/><G55/><T14/><D14/><U6/><E110/><V123/><F123/><W8/><G8/><T42/><D109/><U78/><E78/><V69/><F69/><W77/><G77/><T72/><D72/><U105/><E105/><V2/><F2/><W127/><G127/><T68/><D68/><U111/><E111/><V112/><F112/><W16/><G19/><T36/><D36/><U101/><E101/><V38/><F38/><W99/><G99/><T62/><REACH who="0" step="1"/><D42/><REACH who="0" ten="220,290,240,240" step="2"/><N who="1" m="22607" /><E25/><V125/><F118/><W84/><G128/><T104/><D104/><U133/><E33/><V134/><F125/><W114/><G114/><T135/><D135/><U31/><E133/><V67/><F134/><W28/><G1/><RYUUKYOKU ba="0,1" sc="220,30,290,-10,240,-10,240,-10" hai0="17,22,24,41,43,53,58,62,83,85,93,96,100" /><INIT seed="2,1,1,5,5,18" ten="250,280,230,230" oya="2" hai0="88,22,103,12,58,17,122,7,47,123,71,57,113" hai1="129,67,13,94,97,116,134,112,85,42,84,117,131" hai2="15,119,120,104,135,19,99,24,6,9,20,59,54" hai3="89,27,41,102,98,111,70,66,38,92,114,62,81"/><V95/><F120/><W105/><G111/><T90/><D113/><U50/><E67/><V37/><F135/><W80/><G114/><T14/><D71/><U2/><E50/><V100/><F119/><N who="1" m="45641" /><E42/><V32/><F37/><W118/><G118/><T46/><D103/><N who="1" m="60855" /><E13/><V93/><REACH who="2" step="1"/><F32/><REACH who="2" ten="250,280,220,230" step="2"/><W10/><G38/><T5/><REACH who="0" step="1"/><D17/><REACH who="0" ten="240,280,220,230" step="2"/><U16/><E16/><V3/><F3/><W107/><G70/><T49/><D49/><AGARI ba="1,3" hai="6,9,15,19,20,24,49,54,59,93,95,99,100,104" machi="49" ten="30,5800,0" yaku="1,1,7,1,52,1,53,0" doraHai="18" doraHaiUra="106" who="2" fromWho="0" sc="240,-61,280,0,220,91,230,0" /><INIT seed="2,2,0,1,2,27" ten="179,280,311,230" oya="2" hai0="25,46,11,51,113,73,112,114,102,20,59,19,124" hai1="30,86,90,101,34,93,37,38,133,96,65,89,47" hai2="62,67,128,23,39,14,50,119,100,91,41,13,105" hai3="110,122,117,83,82,57,40,78,115,28,2,17,26"/><V12/><F119/><W107/><G110/><T129/><D129/><U18/><E133/><V44/><F128/><W103/><G122/><T135/><D135/><U79/><E65/><V61/><F105/><W64/><G83/><T49/><D124/><U120/><E120/><V130/><F100/><W42/><G17/><T53/><D73/><U134/><E134/><V4/><F130/><W87/><G117/><T5/><D102/><U7/><E7/><V63/><F91/><W81/><G2/><T43/><REACH who="0" step="1"/><D113/><REACH who="0" ten="169,280,311,230" step="2"/><U106/><E101/><V111/><F111/><W58/><G115/><T16/><D16/><U22/><E18/><V0/><F39/><W52/><G103/><T36/><D36/><U109/><E37/><V33/><F4/><W99/><G107/><T35/><D35/><U69/><E38/><V72/><F33/><W56/><G99/><T32/><D32/><U118/><E34/><V121/><F72/><W77/><G64/><T45/><D45/><U48/><E47/><V92/><F121/><W98/><G98/><T76/><D76/><U3/><E79/><V97/><F67/><W123/><G123/><T94/><D94/><U21/><E93/><V60/><F92/><W70/><G78/><T10/><D10/><U71/><E106/><V54/><F97/><W132/><G132/><T15/><AGARI ba="2,1" hai="5,11,15,19,20,25,43,46,49,51,53,59,112,114" machi="15" ten="20,2700,0" yaku="1,1,0,1,7,1,53,0" doraHai="27" doraHaiUra="127" who="0" fromWho="0" sc="169,43,280,-9,311,-15,230,-9" /><INIT seed="3,0,0,2,3,47" ten="212,271,296,221" oya="3" hai0="57,11,117,83,40,81,73,5,126,91,12,125,101" hai1="4,95,80,122,1,36,55,66,123,109,50,68,13" hai2="35,8,45,87,3,92,114,67,63,72,79,113,78" hai3="53,32,134,25,124,9,18,17,94,10,111,0,132"/><W56/><G94/><T30/><D117/><U74/><E36/><V69/><F35/><W97/><G97/><T28/><D101/><U82/><E1/><V49/><F72/><W115/><G115/><T129/><D129/><U33/><E33/><V130/><F130/><W23/><G56/><T24/><D40/><U133/><E109/><V38/><F38/><W14/><G53/><T90/><D57/><U41/><E41/><V52/><F78/><W120/><G120/><T127/><D28/><U31/><E31/><V106/><F106/><W62/><G62/><T27/><D24/><U105/><E105/><V107/><F107/><W100/><G100/><T85/><D73/><U103/><E95/><V48/><F79/><W96/><G96/><T98/><D98/><U118/><E103/><V131/><F131/><W2/><G124/><T84/><REACH who="0" step="1"/><D126/><REACH who="0" ten="202,271,296,221" step="2"/><U93/><E122/><V70/><F69/><W65/><G111/><T39/><D39/><U54/><E68/><V76/><F70/><W104/><G104/><T16/><D16/><U59/><E74/><V89/><F113/><W7/><G65/><T21/><AGARI ba="0,1" hai="5,11,12,21,27,30,81,83,84,85,90,91,125,127" machi="21" ten="30,7900,0" yaku="1,1,0,1,9,1,53,1" doraHai="47" doraHaiUra="19" who="0" fromWho="0" sc="202,89,271,-20,296,-20,221,-39" /><INIT seed="4,0,0,5,3,26" ten="291,251,276,182" oya="0" hai0="33,116,77,55,76,20,53,83,38,67,133,54,35" hai1="59,105,56,24,49,68,62,93,50,32,125,124,91" hai2="94,87,30,17,64,39,82,103,119,28,21,135,43" hai3="108,52,6,60,47,41,44,36,31,123,109,3,118"/><T27/><D133/><U61/><E105/><V96/><F135/><W85/><G118/><T71/><D116/><U1/><E1/><V74/><F119/><W69/><G123/><T75/><D38/><U79/><E79/><V25/><F74/><W80/><G69/><T70/><D77/><U15/><E15/><V115/><F115/><W101/><G101/><T40/><D40/><U65/><E32/><V110/><F110/><W107/><G107/><T0/><D0/><U11/><E11/><V129/><F129/><W89/><G6/><T130/><D130/><U16/><E68/><V106/><F106/><W10/><G10/><T4/><D4/><U97/><E125/><V18/><F64/><W22/><G3/><T19/><REACH who="0" step="1"/><D71/><REACH who="0" ten="281,251,276,182" step="2"/><U12/><E124/><V127/><F43/><W14/><G109/><T78/><D78/><U5/><E5/><V126/><F39/><W122/><G108/><T98/><D98/><U120/><E120/><V84/><F127/><W13/><G122/><T81/><D81/><U121/><E121/><V90/><F126/><W92/><G80/><T112/><D112/><U111/><E111/><V42/><F42/><W46/><G41/><T63/><AGARI ba="0,1" hai="19,20,27,33,35,53,54,55,63,67,70,75,76,83" machi="63" ten="30,11700,0" yaku="1,1,0,1,53,2" doraHai="26" doraHaiUra="29" who="0" fromWho="0" sc="281,127,251,-39,276,-39,182,-39" /><INIT seed="4,1,0,3,4,20" ten="408,212,237,143" oya="0" hai0="118,123,131,75,24,63,111,104,91,50,78,67,17" hai1="101,86,120,49,85,83,59,133,121,98,36,27,88" hai2="15,117,23,18,19,69,65,12,81,31,90,106,11" hai3="41,1,32,62,134,51,13,10,43,6,46,94,84"/><T70/><D118/><U89/><E36/><V66/><F106/><W29/><G134/><T52/><D123/><U132/><E59/><V129/><F129/><W30/><G41/><T103/><D131/><U37/><E49/><V44/><F117/><W79/><G1/><T112/><D112/><U5/><E5/><V22/><F69/><W40/><G32/><T105/><D111/><U82/><E37/><V38/><F38/><W54/><G40/><T53/><D53/><U34/><E34/><V73/><F44/><W25/><G94/><T116/><D116/><U96/><E27/><N who="2" m="16887" /><F73/><W102/><G102/><AGARI ba="1,0" hai="82,83,85,86,88,89,96,98,101,102,120,121,132,133" machi="102" ten="25,12000,2" yaku="22,2,34,3,54,1" doraHai="20" who="1" fromWho="3" sc="408,0,212,123,237,0,143,-123" /><INIT seed="5,0,0,0,5,38" ten="408,335,237,20" oya="1" hai0="43,100,96,120,134,56,85,7,30,110,61,106,99" hai1="77,9,41,3,22,80,135,19,92,16,47,28,74" hai2="37,130,128,82,88,126,108,66,49,87,62,51,33" hai3="46,31,114,90,29,14,52,40,48,115,132,111,125"/><U63/><E135/><V131/><F108/><W117/><G111/><T70/><D110/><U91/><E63/><V118/><F118/><W8/><G117/><T105/><D134/><U79/><E79/><V81/><F33/><W122/><G122/><T27/><D120/><U55/><E55/><V42/><F126/><W101/><G101/><T13/><D85/><U97/><E28/><V60/><F81/><W32/><G125/><T104/><D43/><U24/><E19/><V34/><F34/><W76/><G76/><T50/><D50/><N who="2" m="18954" /><F66/><W119/><G119/><T59/><D13/><U68/><E68/><V5/><F5/><N who="3" m="3343" /><G132/><T84/><D7/><U36/><REACH who="1" step="1"/><E9/><REACH who="1" ten="408,325,237,20" step="2"/><V0/><F0/><AGARI ba="0,1" hai="0,3,16,22,24,36,41,47,74,77,80,91,92,97" machi="0" ten="40,12000,1" yaku="1,1,2,1,52,1,54,1,53,0" doraHai="38" doraHaiUra="65" who="1" fromWho="2" sc="408,0,325,130,237,-120,20,0" /><INIT seed="5,1,0,2,0,13" ten="408,455,117,20" oya="1" hai0="52,105,51,41,15,103,28,9,121,86,67,63,65" hai1="133,114,117,92,112,96,82,93,39,118,76,104,99" hai2="7,74,70,11,111,80,98,37,125,132,64,72,45" hai3="38,61,30,128,20,19,42,110,87,44,10,73,83"/><U22/><E39/><V75/><F111/><W122/><G128/><T29/><D121/><U27/><E27/><V57/><F57/><W126/><G110/><T131/><D131/><U16/><E133/><V59/><F59/><W58/><G126/><T24/><D41/><U66/><E66/><V47/><F47/><W78/><G122/><T97/><D86/><U107/><E22/><V124/><F98/><W6/><G30/><T95/><D105/><U46/><E46/><V134/><F64/><N who="0" m="24650" /><D63/><U48/><E48/><V56/><F56/><W89/><G58/><N who="0" m="33055" /><D24/><U31/><E31/><V54/><F70/><W77/><G61/><T0/><D0/><U60/><E60/><V101/><F80/><W18/><G20/><T129/><D129/><U26/><E26/><V4/><F54/><W40/><G40/><T115/><D115/><U3/><E3/><V90/><F45/><W43/><G43/><T55/><D55/><U69/><E69/><V62/><F37/><W71/><G71/><T35/><D35/><U135/><E135/><V79/><F62/><W5/><G5/><AGARI ba="1,0" hai="5,9,15,28,29,95,97,103" m="33055,24650" machi="5" ten="30,2000,0" yaku="8,1,54,1" doraHai="13" who="0" fromWho="3" sc="408,23,455,0,117,0,20,-23" owari="431,23.1,455,55.5,117,-28.3,-3,-50.3" /></mjloggm>