<mjloggm ver="2.3"><GO type="169" lobby="0"/><UN n0="%E8%B5%A4%E7%BE%8E%E6%BF%83%E3%81%BE%E3%81%90%E3%82%8D" n1="%43%68%61%72%6F%2E" n2="%53%6F%6C%69%64" n3="%E3%81%AE%E3%81%AF%E3%81%A3%E3%81%A1" dan="16,17,17,16" rate="2148.14,2190.51,2171.61,2156.94" sx="M,M,M,M"/><TAIKYOKU oya="0"/><INIT seed="0,0,0,5,0,29" ten="250,250,250,250" oya="0" hai0="130,34,11,27,127,19,28,95,125,135,62,55,104" hai1="133,43,49,18,113,103,9,24,41,70,38,53,14" hai2="12,3,25,80,68,36,109,39,23,66,99,84,100" hai3="115,98,82,114,116,45,107,102,59,30,21,131,117"/><T50/><D104/><U13/><E70/><V79/><F3/><W124/><G131/><T8/><D62/><U31/><E133/><V91/><F109/><W17/><G124/><N who="0" m="47691" /><D135/><U110/><E110/><V58/><F68/><W15/><G59/><N who="0" m="33271" /><D130/><U86/><E113/><V87/><F12/><W94/><G114/><T97/><D19/><U105/><E38/><V16/><F58/><W2/><G115/><T1/><D1/><U85/><E14/><V51/><F51/><W112/><G2/><T37/><D37/><U129/><E129/><V35/><F66/><W128/><G107/><T88/><AGARI ba="0,0" hai="8,11,27,28,34,88,95,97" m="33271,47691" machi="88" ten="30,6000,0" yaku="18,1,52,1,54,1" doraHai="29" who="0" fromWho="0" sc="250,60,250,-20,250,-20,250,-20" /><INIT seed="0,1,0,2,3,122" ten="310,230,230,230" oya="0" hai0="11,113,76,47,61,50,37,102,124,128,42,109,115" hai1="72,97,20,106,110,55,52,125,10,9,62,70,77" hai2="33,94,12,74,130,28,79,25,13,7,34,134,99" hai3="81,114,16,2,17,127,23,107,73,31,93,67,108"/><T117/><D117/><U24/><E125/><V86/><F130/><W78/><G114/><T29/><D124/><U63/><E72/><V112/><F112/><W58/><G107/><T71/><D128/><U131/><E77/><V59/><F74/><W38/><G38/><T98/><D76/><U104/><E131/><V87/><F134/><W44/><G2/><T121/><D121/><U91/><E91/><V132/><F132/><W14/><G31/><T26/><D11/><U133/><E133/><V8/><F59/><W0/><G0/><T95/><D50/><U85/><E85/><V105/><F105/><W22/><G44/><T65/><D109/><U69/><E20/><AGARI ba="1,0" hai="20,26,29,37,42,47,61,65,71,95,98,102,113,115" machi="20" ten="30,1500,0" yaku="7,1" doraHai="122" who="0" fromWho="1" sc="310,18,230,-18,230,0,230,0" /><INIT seed="0,2,0,3,2,22" ten="328,212,230,230" oya="0" hai0="117,105,58,110,78,33,60,65,102,132,9,15,26" hai1="0,108,89,61,94,72,20,130,104,75,47,2,135" hai2="79,1,51,67,116,83,120,121,101,73,38,97,21" hai3="40,18,10,12,96,114,77,69,115,42,125,66,63"/><T103/><D117/><U71/><E108/><V62/><F38/><W25/><G125/><T111/><D132/><U98/><E135/><V57/><F116/><W16/><G77/><T113/><D113/><U50/><E130/><V6/><F51/><W74/><G74/><T129/><D129/><U126/><E126/><V53/><F53/><W34/><G96/><T81/><D105/><U3/><E104/><V28/><F6/><W124/><G124/><T64/><D64/><U80/><E80/><V90/><F90/><W31/><REACH who="3" step="1"/><G18/><REACH who="3" ten="328,212,230,220" step="2"/><T91/><D78/><U112/><E112/><AGARI ba="2,1" hai="10,12,16,25,31,34,40,42,63,66,69,112,114,115" machi="112" ten="40,12000,2" yaku="1,1,2,1,52,1,54,1,53,2" doraHai="22" doraHaiUra="39" who="3" fromWho="1" sc="328,0,212,-126,230,0,220,136" /><INIT seed="1,0,0,5,5,9" ten="328,86,230,356" oya="1" hai0="32,91,3,33,30,5,16,95,57,77,24,53,34" hai1="82,40,101,124,39,2,43,118,38,63,19,18,42" hai2="135,20,87,111,50,62,51,102,28,12,96,78,106" hai3="131,105,10,25,61,86,58,89,126,116,15,134,23"/><U127/><E2/><V122/><F122/><W52/><G131/><T121/><D77/><U107/><E82/><V60/><F111/><W99/><G126/><N who="1" m="48170" /><E101/><V64/><F135/><W31/><G134/><T36/><D36/><N who="1" m="13867" /><E107/><V92/><F62/><W46/><G116/><T41/><D121/><U72/><E72/><V26/><F12/><W35/><G35/><T83/><D83/><U104/><E104/><V119/><F119/><W112/><G112/><T109/><D109/><U4/><E118/><V67/><F67/><W114/><G114/><T98/><D3/><U128/><E128/><V27/><F27/><W81/><G46/><T123/><D5/><U130/><E130/><V56/><F106/><W94/><G105/><T108/><D108/><U66/><E4/><V133/><F133/><W8/><REACH who="3" step="1"/><G15/><REACH who="3" ten="328,86,230,346" step="2"/><T37/><D123/><U93/><E93/><V14/><F14/><W48/><G48/><T97/><D33/><U47/><E47/><V45/><F45/><W55/><G55/><T13/><D34/><U73/><E73/><V6/><F51/><W85/><G85/><T74/><D74/><U84/><E84/><V88/><F50/><W0/><G0/><T65/><D37/><U54/><E54/><V29/><F87/><W11/><G11/><N who="0" m="6207" /><D53/><U21/><E21/><V100/><F20/><W80/><G80/><T68/><D32/><U70/><AGARI ba="0,1" hai="18,19,40,42,43,63,66,70" m="13867,48170" machi="70" ten="40,2100,0" yaku="18,1" doraHai="9" who="1" fromWho="1" sc="328,-7,86,31,230,-7,346,-7" /><INIT seed="1,1,0,0,1,42" ten="321,117,223,339" oya="1" hai0="23,45,14,22,19,77,108,27,29,12,93,117,107" hai1="92,116,17,96,99,41,60,1,120,72,7,123,26" hai2="10,51,47,35,133,18,36,43,104,105,50,109,131" hai3="110,61,69,25,67,0,84,126,64,49,114,39,16"/><U44/><E116/><V82/><F35/><W127/><G114/><T94/><D107/><U46/><E72/><V119/><F119/><W2/><G39/><T53/><D117/><U74/><E74/><V100/><F109/><W11/><G67/><T95/><D108/><U88/><E99/><V90/><F131/><W4/><G110/><T101/><D77/><U85/><E85/><V37/><F133/><W73/><G73/><T24/><D101/><U20/><E60/><V132/><F132/><W52/><G84/><T102/><D102/><U98/><E98/><V57/><F100/><W121/><G121/><T34/><D34/><U134/><E134/><V135/><F135/><W66/><G66/><T9/><D9/><U87/><E87/><V113/><F113/><W63/><G63/><T91/><D91/><U13/><E1/><V130/><F130/><W112/><G112/><T111/><D111/><U78/><E78/><V30/><F30/><W3/><G25/><T31/><D19/><U81/><E81/><V40/><F104/><W97/><G97/><T59/><D59/><U38/><REACH who="1" step="1"/><E44/><REACH who="1" ten="321,107,223,339" step="2"/><V71/><F82/><W129/><G129/><T76/><D76/><U8/><AGARI ba="1,1" hai="7,8,13,17,20,26,38,41,46,88,92,96,120,123" machi="8" ten="30,12000,1" yaku="1,1,2,1,0,1,52,1,54,1,53,0" doraHai="42" doraHaiUra="80" who="1" fromWho="1" sc="321,-41,107,133,223,-41,339,-41" /><INIT seed="1,2,0,4,3,24" ten="280,240,182,298" oya="1" hai0="14,97,62,43,122,89,83,0,96,125,94,104,31" hai1="32,6,119,91,63,59,67,84,7,64,106,39,130" hai2="9,29,68,55,133,113,116,65,79,42,80,70,33" hai3="61,58,128,93,74,28,101,44,100,38,99,120,17"/><U35/><E119/><V8/><F116/><W11/><G120/><T45/><D0/><U102/><E39/><V132/><F42/><W10/><G74/><T23/><D122/><U21/><E64/><V13/><F113/><W30/><G128/><T85/><D125/><U22/><E130/><V127/><F127/><W60/><G38/><T134/><D134/><N who="2" m="51818" /><F55/><W26/><G44/><T1/><D1/><U48/><E48/><V73/><F65/><W129/><G129/><T47/><D104/><U87/><E102/><V109/><F109/><W2/><G2/><T51/><D62/><U86/><E106/><V124/><F124/><W126/><G101/><T75/><D75/><U72/><E72/><V66/><F66/><N who="3" m="39191" /><G61/><T115/><D115/><U52/><E91/><V95/><F95/><W76/><G76/><T36/><D97/><U41/><E41/><V54/><F54/><W105/><G105/><T3/><D3/><U25/><E67/><V49/><F49/><W111/><G111/><T53/><D14/><U92/><E92/><V46/><F46/><W110/><G110/><T40/><D45/><U4/><REACH who="1" step="1"/><E21/><REACH who="1" ten="280,230,182,298" step="2"/><V20/><F33/><W123/><G126/><T98/><D36/><U131/><E131/><V81/><F81/><W16/><G123/><T108/><D108/><U12/><E12/><V78/><F78/><W112/><G112/><T56/><D47/><U50/><E50/><V90/><F90/><W114/><G114/><T77/><D98/><U107/><E107/><V88/><F88/><W5/><G93/><T103/><D77/><U37/><E37/><RYUUKYOKU ba="2,1" sc="280,15,230,15,182,-15,298,-15" hai0="23,31,40,43,51,53,56,83,85,89,94,96,103" hai1="4,6,7,22,25,32,35,52,59,63,84,86,87" /><INIT seed="1,3,1,4,0,77" ten="295,245,167,283" oya="1" hai0="131,104,9,70,88,118,79,101,97,111,100,71,18" hai1="16,10,102,48,22,72,130,96,38,109,63,8,57" hai2="55,35,50,105,49,124,125,23,44,39,78,36,122" hai3="17,112,103,1,121,135,42,95,107,60,92,51,120"/><U53/><E130/><V75/><F35/><W81/><G112/><T108/><D118/><U113/><E113/><V99/><F122/><W29/><G1/><T68/><D79/><U66/><E38/><V134/><F134/><W84/><G29/><T20/><D9/><U52/><E72/><V65/><F65/><W93/><G60/><T33/><D33/><U4/><E109/><N who="0" m="42057" /><D131/><U21/><E21/><V56/><F23/><W98/><G17/><T67/><D101/><U94/><E4/><V19/><F19/><W30/><G30/><T12/><D88/><U5/><E5/><V27/><F27/><W32/><G32/><T54/><D54/><U83/><E83/><N who="2" m="45535" /><F99/><W129/><G129/><T133/><D133/><U123/><E123/><V106/><F106/><W116/><G135/><T110/><N who="0" m="42065" /><T58/><DORA hai="14" /><D58/><N who="1" m="37239" /><E53/><N who="2" m="31791" /><F105/><W89/><G116/><T80/><D80/><U43/><E43/><V115/><F115/><W41/><G42/><T64/><AGARI ba="3,1" hai="12,18,20,64,67,68,70,71,97,100,104" m="42065" machi="64" ten="50,3200,0" yaku="14,1,52,1" doraHai="77,14" who="0" fromWho="0" sc="295,51,245,-19,167,-11,283,-11" /><INIT seed="2,0,0,0,1,49" ten="346,226,156,272" oya="2" hai0="77,50,120,114,125,17,129,2,110,44,97,13,122" hai1="83,16,126,64,15,115,123,92,99,103,118,104,79" hai2="37,18,51,71,116,60,70,40,95,26,130,69,117" hai3="1,80,134,32,38,98,102,66,119,72,135,90,88"/><V21/><F130/><W109/><G38/><T34/><D2/><U63/><E118/><V111/><F37/><W74/><G32/><T28/><D114/><U105/><E115/><V19/><F111/><W113/><G113/><T47/><D110/><U76/><E126/><V24/><F95/><W101/><G1/><T27/><D125/><U108/><E108/><V68/><F60/><W42/><G42/><T30/><D129/><U29/><E29/><V23/><N who="2" m="17408" /><DORA hai="124" /><V9/><REACH who="2" step="1"/><F9/><REACH who="2" ten="346,226,146,272" step="2"/><W78/><G109/><T6/><D122/><U61/><E123/><V65/><F65/><W86/><G66/><T35/><D120/><U112/><E112/><V62/><F62/><W41/><G119/><T11/><D50/><U127/><E127/><V33/><F33/><W8/><G8/><T12/><D35/><U133/><E61/><V81/><F81/><W67/><G67/><T100/><D34/><U3/><E83/><V7/><F7/><W59/><G80/><T36/><D36/><U39/><E39/><V58/><F58/><W22/><G59/><T52/><D6/><U4/><E63/><V87/><F87/><W53/><G86/><T56/><D11/><N who="1" m="2463" /><E64/><V10/><F10/><W14/><G98/><T25/><D97/><U85/><E85/><V128/><F128/><W82/><G82/><T43/><D56/><U48/><E48/><V93/><F93/><W45/><G74/><T96/><D96/><U0/><E0/><V5/><F5/><W20/><G72/><T107/><D107/><U54/><E105/><V84/><F84/><W121/><G121/><RYUUKYOKU ba="0,1" sc="346,-10,226,-10,146,30,272,-10" hai2="18,19,21,23,24,26,40,51,116,117" /><INIT seed="2,1,1,1,4,16" ten="336,216,176,262" oya="2" hai0="7,39,56,112,118,68,50,124,65,117,44,10,53" hai1="98,93,129,67,31,128,9,115,48,62,23,3,41" hai2="73,6,66,89,12,69,92,111,75,101,26,43,84" hai3="33,103,13,82,61,130,116,51,95,79,70,135,120"/><V86/><F43/><W5/><G116/><N who="0" m="44651" /><D112/><U52/><E115/><V47/><F47/><W15/><G120/><T114/><D114/><U2/><E41/><V94/><F111/><W38/><G38/><T64/><D124/><U102/><E9/><V134/><F134/><W107/><G107/><T19/><D19/><U40/><E40/><V90/><F101/><W78/><G33/><T97/><D97/><U28/><E28/><V77/><F77/><W106/><G106/><T55/><D68/><U71/><E31/><V59/><F69/><W88/><G5/><T45/><D39/><U76/><E76/><V83/><F83/><W121/><G82/><T30/><D30/><U63/><E63/><V21/><F6/><W100/><G61/><N who="0" m="35999" /><D45/><U4/><E23/><V22/><F12/><AGARI ba="1,1" hai="7,10,12,44,50,53,64,65" m="35999,44651" machi="12" ten="30,1000,0" yaku="12,1" doraHai="16" who="0" fromWho="2" sc="336,23,216,0,176,-13,262,0" /><INIT seed="3,0,0,3,1,25" ten="359,216,163,262" oya="3" hai0="54,70,107,85,126,96,88,121,83,134,16,55,87" hai1="27,32,57,114,1,28,67,127,116,15,73,58,108" hai2="119,50,60,33,81,12,106,17,97,13,75,31,68" hai3="38,61,52,105,103,34,122,95,8,0,30,113,93"/><W10/><G113/><T59/><D70/><U104/><E114/><V51/><F119/><W45/><G122/><T117/><D117/><U48/><E1/><V94/><F13/><W72/><G72/><T91/><D121/><U2/><E2/><V69/><F106/><W5/><G10/><T39/><D39/><U7/><E116/><V37/><F37/><W18/><G18/><T65/><D134/><U66/><E73/><V86/><F75/><W62/><G38/><T90/><D126/><U132/><E104/><V23/><F68/><W20/><G34/><T130/><D130/><U44/><E132/><V128/><F128/><W135/><G135/><T84/><D83/><U21/><E108/><V43/><F69/><W98/><G62/><N who="0" m="38111" /><D107/><U77/><E77/><V80/><F60/><W123/><G123/><T115/><D115/><U35/><E35/><V118/><F118/><W46/><G46/><T109/><D109/><U92/><E92/><V102/><F43/><W100/><G100/><T101/><D101/><U9/><E32/><V11/><F33/><W120/><G120/><T53/><D16/><U111/><E127/><V63/><F63/><W36/><G36/><T89/><D89/><U24/><E24/><N who="2" m="16799" /><F81/><W19/><G19/><T22/><D22/><U82/><E82/><V112/><F112/><W49/><REACH who="3" step="1"/><G61/><REACH who="3" ten="359,216,163,252" step="2"/><T79/><D79/><AGARI ba="0,1" hai="11,12,17,50,51,79,80,86,94,97,102" m="16799" machi="79" ten="30,2000,0" yaku="8,1,52,1" doraHai="25" who="2" fromWho="0" sc="359,-20,216,0,163,30,252,0" /><INIT seed="4,0,0,0,5,41" ten="339,216,193,252" oya="0" hai0="72,30,93,101,79,100,95,32,14,52,44,8,134" hai1="102,5,25,108,99,130,88,103,4,127,98,129,68" hai2="46,119,42,115,21,123,1,75,133,3,0,125,19" hai3="38,74,92,47,126,67,77,61,31,63,132,39,109"/><T29/><D134/><U104/><E68/><V34/><F123/><W97/><G109/><T85/><D72/><U16/><E108/><V54/><F34/><W59/><G126/><T36/><D32/><U76/><E76/><V114/><F133/><W18/><G132/><T55/><D36/><U56/><E127/><V64/><F125/><W20/><G31/><T90/><D79/><U10/><E56/><V105/><F75/><W69/><G77/><T122/><D122/><U17/><E25/><V89/><F105/><W106/><G106/><T80/><D95/><U70/><E70/><V45/><F64/><W48/><G74/><T78/><D78/><U91/><E104/><V135/><F135/><W24/><G63/><T131/><D131/><U22/><E22/><V116/><F89/><W65/><G65/><T37/><D37/><U49/><E49/><N who="2" m="28975" /><F21/><W23/><G23/><T15/><D15/><U2/><E2/><N who="2" m="515" /><V128/><DORA hai="66" /><F19/><W120/><G69/><T124/><D124/><U62/><REACH who="1" step="1"/><E62/><REACH who="1" ten="339,206,193,252" step="2"/><V110/><F110/><W94/><G120/><T28/><D44/><U82/><E82/><V51/><F128/><W86/><G39/><T40/><D80/><U73/><E73/><V84/><F84/><W111/><G38/><T35/><D35/><U50/><E50/><V117/><AGARI ba="0,1" hai="42,46,51,114,115,116,117,119" m="515,28975" machi="117" ten="50,6400,0" yaku="12,1,52,2" doraHai="41,66" who="2" fromWho="2" sc="339,-32,206,-16,193,74,252,-16" /><INIT seed="5,0,0,4,0,114" ten="307,190,267,236" oya="1" hai0="39,128,48,121,27,111,44,112,123,10,133,90,76" hai1="100,89,47,61,116,2,17,115,43,50,49,59,94" hai2="46,78,62,6,118,33,84,86,40,74,91,124,12" hai3="130,16,77,0,37,29,122,87,92,97,68,11,85"/><U101/><E115/><V55/><F33/><W8/><G122/><T45/><D111/><U32/><E32/><V53/><F124/><W73/><G68/><T9/><D76/><U13/><E2/><V105/><F105/><W129/><G37/><T7/><D39/><U64/><E49/><V25/><F74/><W120/><G29/><T113/><D128/><N who="3" m="49257" /><G120/><N who="0" m="46155" /><D133/><U108/><E116/><V93/><F118/><W15/><G77/><T79/><D79/><U51/><E51/><N who="2" m="27079" /><F25/><W131/><G73/><T72/><D72/><U23/><REACH who="1" step="1"/><E108/><REACH who="1" ten="307,180,267,236" step="2"/><V60/><F60/><W30/><G131/><T28/><D48/><U4/><E4/><V41/><F62/><W95/><G30/><T71/><D113/><U1/><E1/><V88/><F41/><W110/><G110/><T22/><D112/><U31/><E31/><V20/><F6/><N who="3" m="1095" /><G95/><T56/><D7/><U42/><E42/><V19/><F78/><W81/><G81/><AGARI ba="0,1" hai="12,19,20,53,55,81,84,86,88,91,93" m="27079" machi="81" ten="30,2000,0" yaku="8,1,54,1" doraHai="114" who="2" fromWho="3" sc="307,0,180,0,267,30,236,-20" /><INIT seed="6,0,0,1,5,106" ten="307,180,297,216" oya="2" hai0="50,126,2,70,20,13,132,113,121,23,28,73,108" hai1="4,85,7,112,68,115,0,69,1,44,47,51,19" hai2="49,119,82,124,41,8,29,42,76,120,52,90,3" hai3="111,103,5,24,32,40,14,84,63,71,61,43,94"/><V100/><F119/><W67/><G111/><T54/><D13/><U95/><E95/><V129/><F120/><W128/><G128/><T25/><D70/><N who="1" m="27243" /><E85/><V27/><F129/><W55/><G32/><T86/><D2/><N who="1" m="1131" /><E51/><V31/><F100/><W12/><G24/><T77/><D126/><U122/><E19/><V109/><F124/><W22/><G14/><T38/><D132/><U79/><E79/><V83/><F109/><W96/><G84/><T91/><D113/><N who="1" m="43595" /><E122/><V33/><F76/><W116/><G116/><T75/><D77/><U93/><E93/><V99/><F49/><W135/><G135/><T102/><D86/><U9/><E9/><V105/><F8/><W118/><G118/><T130/><D50/><U110/><E110/><V78/><F78/><W26/><G12/><T18/><D18/><U59/><E59/><V16/><F3/><W101/><G5/><AGARI ba="0,0" hai="4,5,7,44,47" m="43595,1131,27243" machi="5" ten="40,5200,0" yaku="28,2,15,1" doraHai="106" who="1" fromWho="3" sc="307,0,180,52,297,0,216,-52" /><INIT seed="7,0,0,1,5,57" ten="307,232,297,164" oya="3" hai0="32,79,52,72,37,51,48,128,8,110,132,131,33" hai1="96,93,111,61,42,101,104,20,105,95,116,115,119" hai2="68,129,43,83,84,41,29,15,38,36,24,55,103" hai3="35,19,12,71,44,64,112,76,121,86,127,63,30"/><W45/><G121/><T125/><D110/><U18/><E111/><V60/><F103/><W122/><G122/><T4/><D37/><U82/><E115/><V91/><F129/><N who="0" m="49738" /><D125/><U40/><E82/><V47/><F15/><W77/><G112/><T5/><D132/><U133/><E133/><V99/><F99/><W109/><G127/><T130/><N who="0" m="49746" /><T17/><DORA hai="94" /><D17/><U120/><E120/><V7/><F7/><N who="0" m="2634" /><D8/><U46/><E61/><V13/><F13/><W10/><G109/><T102/><D102/><U70/><E70/><V25/><F29/><W98/><G98/><T87/><D72/><U69/><E69/><V80/><F80/><W62/><G62/><T22/><D22/><U73/><E73/><V100/><F100/><W113/><G113/><T27/><D27/><U106/><E95/><V117/><F117/><N who="1" m="45129" /><E40/><V81/><F81/><W50/><G86/><T58/><D79/><U126/><E126/><V85/><F85/><W1/><G1/><T56/><D87/><U92/><E92/><V88/><F91/><W23/><G35/><T123/><D123/><U6/><E6/><V28/><F28/><W135/><G135/><T74/><D74/><U26/><E106/><V9/><F9/><W34/><G34/><T2/><D2/><U118/><N who="1" m="45137" /><U39/><AGARI ba="0,0" hai="18,20,26,39,42,46,93,96,101,104,105" m="45137" machi="39" ten="40,5200,0" yaku="4,1,12,1,52,1" doraHai="57,94" who="1" fromWho="1" sc="307,-13,232,52,297,-13,164,-26" /><INIT seed="8,0,0,4,1,116" ten="294,284,284,138" oya="0" hai0="40,65,120,39,5,11,43,26,34,112,114,32,131" hai1="61,7,71,41,98,127,86,109,121,88,66,80,84" hai2="117,59,60,58,124,63,79,119,129,13,21,70,123" hai3="85,125,27,106,57,56,96,90,133,17,62,99,108"/><T12/><D120/><U19/><E109/><V15/><F123/><W67/><G108/><T3/><D131/><U55/><E121/><V23/><F79/><W51/><G125/><T49/><D49/><U130/><E127/><V50/><F124/><W78/><G133/><T69/><D43/><U118/><E118/><N who="2" m="45067" /><F129/><W45/><G106/><T1/><D12/><N who="2" m="4682" /><F50/><W28/><G78/><T68/><D1/><U54/><E130/><V2/><F2/><W92/><G57/><N who="2" m="21513" /><F63/><W93/><G17/><T110/><D110/><U10/><E19/><V87/><F87/><W42/><REACH who="3" step="1"/><G93/><REACH who="3" ten="294,284,284,128" step="2"/><T14/><D114/><U100/><E71/><V16/><F16/><W91/><G91/><T105/><D112/><U0/><E88/><V9/><F9/><W35/><AGARI ba="0,1" hai="27,28,35,42,45,51,56,62,67,85,90,92,96,99" machi="35" ten="20,8000,1" yaku="1,1,0,1,7,1,53,2" doraHai="116" doraHaiUra="94" who="3" fromWho="3" sc="294,-40,284,-20,284,-20,128,90" /><INIT seed="9,0,0,4,2,124" ten="254,264,264,218" oya="1" hai0="133,17,53,102,85,80,61,23,2,44,41,132,24" hai1="114,13,75,62,0,87,18,89,69,83,112,55,88" hai2="118,60,115,81,98,38,5,43,27,94,19,71,1" hai3="52,117,74,104,123,128,48,116,105,127,6,103,40"/><U84/><E0/><V86/><F118/><N who="3" m="45675" /><G123/><T68/><D2/><U58/><E75/><V72/><F72/><W15/><G127/><T7/><D7/><U8/><REACH who="1" step="1"/><E69/><REACH who="1" ten="254,254,264,218" step="2"/><V35/><F71/><W26/><G74/><T96/><D68/><U70/><E70/><V97/><F1/><W90/><G128/><T64/><D133/><U57/><E57/><V33/><F115/><W82/><G40/><T100/><D132/><U130/><E130/><V20/><F43/><W54/><G26/><T79/><D41/><U22/><E22/><V9/><F20/><W134/><G134/><T76/><D23/><U129/><E129/><V37/><F27/><W77/><G54/><T51/><D24/><U31/><E31/><V106/><F35/><W95/><G15/><T56/><D53/><U135/><E135/><V121/><F33/><W47/><G6/><T99/><D56/><U45/><E45/><V25/><F5/><W10/><G10/><T119/><D44/><U122/><E122/><V28/><F121/><W3/><G3/><T29/><D29/><U65/><E65/><V110/><F28/><W67/><G67/><T92/><D64/><U46/><E46/><V109/><F25/><W14/><G14/><T59/><D59/><U73/><E73/><V111/><F9/><W113/><G113/><T4/><D119/><U63/><E63/><V36/><F60/><W101/><G52/><T108/><D61/><U93/><AGARI ba="0,1" hai="8,13,18,55,58,62,83,84,87,88,89,93,112,114" machi="93" ten="20,7800,0" yaku="1,1,0,1,7,1,54,1,53,0" doraHai="124" doraHaiUra="30" who="1" fromWho="1" sc="254,-26,254,88,264,-26,218,-26" owari="228,-17.2,342,44.2,238,3.8,192,-30.8" /></mjloggm>