<mjloggm ver="2.3"><GO type="225" lobby="0"/><UN n0="%33%74%72%65%65" n1="%E3%81%BF%E3%81%BF%E3%81%9A" n2="%E5%85%83%E3%82%AB%E3%83%8E%E7%B3%BB%E3%83%92%E3%83%AD%E3%82%A4%E3%83%B3" n3="%E7%B4%94%E6%BD%94%E3%83%94%E3%83%A9%E3%83%8B%E3%82%A2" dan="17,17,16,16" rate="2160.95,2266.19,2176.34,2162.47" sx="F,M,M,M"/><TAIKYOKU oya="0"/><INIT seed="0,0,0,2,4,96" ten="250,250,250,250" oya="0" hai0="126,102,93,0,3,114,84,117,32,66,41,125,110" hai1="109,85,55,49,31,74,20,21,61,65,78,94,30" hai2="99,24,14,90,69,18,124,68,119,112,22,72,45" hai3="64,58,83,100,59,129,56,6,15,87,105,13,108"/><T2/><D114/><U33/><E74/><V48/><F112/><W134/><G108/><T95/><D117/><U36/><E36/><V88/><F119/><W98/><G129/><T128/><D128/><U25/><E109/><V77/><F124/><N who="0" m="47722" /><D110/><U1/><E1/><V57/><F72/><W107/><G134/><T43/><D32/><U44/><E31/><V97/><F77/><W106/><G64/><T111/><D111/><U71/><REACH who="1" step="1"/><E94/><REACH who="1" ten="250,240,250,250" step="2"/><V73/><F73/><W130/><G130/><T37/><D37/><U118/><E118/><V62/><F68/><W52/><G105/><T92/><D84/><U131/><E131/><V47/><F69/><W91/><G106/><T127/><D127/><U115/><E115/><V79/><F97/><W67/><G67/><T38/><D38/><U86/><E86/><V103/><F79/><W53/><REACH who="3" step="1"/><G6/><REACH who="3" ten="250,240,250,240" step="2"/><T51/><D66/><U26/><E26/><V60/><F24/><W10/><G10/><T7/><D7/><U81/><AGARI ba="0,2" hai="20,21,25,30,33,44,49,55,61,65,71,78,81,85" machi="81" ten="30,4000,0" yaku="1,1,0,1,53,1" doraHai="96" doraHaiUra="46" who="1" fromWho="1" sc="250,-20,240,60,250,-10,240,-10" /><INIT seed="1,0,0,2,2,16" ten="230,300,240,230" oya="1" hai0="39,127,124,77,101,63,24,23,135,1,98,44,76" hai1="40,102,68,41,115,66,89,37,95,119,73,54,15" hai2="19,111,87,85,17,103,33,110,106,4,133,94,116" hai3="108,22,130,65,132,48,46,7,26,118,82,113,34"/><U6/><E115/><V5/><F116/><W134/><G113/><T31/><D1/><U55/><E119/><V78/><F33/><W38/><G118/><T123/><D135/><N who="3" m="51753" /><G108/><N who="2" m="41513" /><F133/><W45/><G130/><T35/><D35/><U18/><E73/><V51/><F106/><W12/><G65/><T13/><D13/><U3/><E3/><V20/><F51/><W104/><G104/><N who="0" m="63543" /><D63/><U88/><E68/><V84/><F78/><W96/><G96/><T91/><D91/><N who="1" m="34891" /><E37/><V25/><F17/><N who="3" m="12623" /><G82/><T28/><D28/><U64/><E6/><N who="2" m="2667" /><F103/><W129/><G129/><T93/><D123/><U83/><E83/><V90/><AGARI ba="0,0" hai="19,20,25,84,85,87,90,94" m="2667,41513" machi="90" ten="30,2000,0" yaku="14,1,52,1" doraHai="16" who="2" fromWho="2" sc="230,-5,300,-10,240,20,230,-5" /><INIT seed="2,0,0,2,4,20" ten="225,290,260,225" oya="2" hai0="115,78,55,65,43,73,51,53,128,120,32,135,1" hai1="84,29,13,71,49,79,3,40,104,15,88,100,18" hai2="101,30,116,27,126,110,12,91,72,47,92,63,17" hai3="16,8,130,59,122,117,45,105,62,107,37,85,58"/><V50/><F116/><W70/><G122/><T22/><D115/><U82/><E3/><V48/><F72/><W114/><G117/><T94/><D120/><U118/><E71/><V24/><F126/><W14/><G130/><T87/><D32/><U77/><E118/><V113/><F113/><W66/><G114/><T41/><D128/><U28/><E104/><V108/><F101/><W80/><G107/><T46/><D135/><U75/><E100/><V33/><F63/><W89/><REACH who="3" step="1"/><G105/><REACH who="3" ten="225,290,260,215" step="2"/><T102/><D43/><AGARI ba="0,1" hai="8,14,16,37,43,45,58,59,62,66,70,80,85,89" machi="43" ten="40,8000,1" yaku="1,1,2,1,54,1,53,1" doraHai="20" doraHaiUra="61" who="3" fromWho="0" sc="225,-80,290,0,260,0,215,90" /><INIT seed="3,0,0,1,2,105" ten="145,290,260,305" oya="3" hai0="39,131,121,78,51,115,80,127,129,34,104,77,108" hai1="45,73,44,110,97,23,24,50,4,96,100,114,123" hai2="109,75,26,89,116,132,17,117,134,25,57,68,85" hai3="12,76,67,21,8,66,11,91,119,5,103,79,27"/><W52/><G119/><N who="2" m="45641" /><F68/><W83/><G103/><T15/><D39/><U101/><E123/><V133/><F17/><W54/><G91/><T112/><D34/><U107/><E114/><N who="0" m="43561" /><D51/><U13/><E110/><V70/><F70/><W87/><G79/><N who="0" m="30219" /><D15/><U49/><E73/><V125/><F57/><W93/><G93/><T111/><D121/><U94/><E4/><V55/><F55/><N who="3" m="21035" /><G8/><T92/><D104/><U0/><E0/><V95/><F109/><N who="0" m="42058" /><D127/><U38/><E13/><V56/><F56/><W130/><G130/><N who="0" m="49675" /><D92/><N who="1" m="58375" /><E38/><V86/><F125/><W29/><AGARI ba="0,0" hai="5,11,12,21,27,29,66,67,76,83,87" m="21035" machi="29" ten="30,3000,0" yaku="8,1,54,1" doraHai="105" who="3" fromWho="3" sc="145,-10,290,-10,260,-10,305,30" owari="135,-36.5,280,8.0,250,-15.0,335,43.5" /></mjloggm>