<mjloggm ver="2.3"><GO type="169" lobby="0"/><UN n0="%E3%81%AF%E3%81%99%E3%81%9F" n1="%E3%81%93%E3%81%A3%E3%81%A8%E3%81%AB%E3%81%86%E3%82%80" n2="%E3%83%97%E3%83%AC%E3%82%B9%E3%83%97" n3="%E2%97%8E%E3%82%88%E3%81%97%E2%97%8E" dan="17,17,16,16" rate="2213.76,2178.82,2175.40,2160.72" sx="M,M,M,M"/><TAIKYOKU oya="0"/><INIT seed="0,0,0,5,3,10" ten="250,250,250,250" oya="0" hai0="20,128,61,69,31,114,112,93,72,55,81,124,102" hai1="51,74,75,40,103,97,79,5,34,122,125,43,135" hai2="64,49,3,0,109,89,1,98,110,42,116,78,120" hai3="83,8,15,126,19,100,127,13,37,27,108,105,48"/><T32/><D32/><U47/><E122/><V134/><F120/><W16/><G37/><T54/><D128/><U133/><E125/><N who="3" m="47626" /><G108/><T60/><D124/><U2/><E34/><V66/><F78/><W107/><G100/><T59/><D72/><U96/><E43/><V132/><F116/><W33/><G48/><T85/><D102/><U39/><E51/><V70/><F49/><W95/><G95/><T4/><D93/><N who="1" m="58767" /><E97/><V52/><F42/><W18/><G83/><T17/><D4/><U28/><E28/><V130/><F130/><W111/><G111/><N who="2" m="42505" /><F52/><W86/><G86/><T35/><D31/><U58/><E58/><V131/><F131/><W121/><G121/><T53/><D35/><U11/><E75/><V129/><F129/><W23/><G33/><T99/><D99/><U90/><E90/><V14/><F70/><W71/><G71/><T6/><D6/><U115/><E115/><V88/><F98/><W50/><G50/><T46/><D46/><U113/><E113/><V56/><F56/><W41/><G41/><T21/><D21/><AGARI ba="0,0" hai="8,13,15,16,18,19,21,23,27,105,107" m="47626" machi="21" ten="30,7700,0" yaku="18,1,52,2,54,1" doraHai="10" who="3" fromWho="0" sc="250,-77,250,0,250,0,250,77" /><INIT seed="1,0,0,0,1,124" ten="173,250,250,327" oya="1" hai0="97,111,46,16,38,11,77,103,73,58,37,79,19" hai1="34,51,112,30,117,22,91,118,50,119,80,13,121" hai2="75,76,113,85,53,86,67,96,10,70,83,108,32" hai3="89,105,114,44,120,18,27,69,109,8,2,122,6"/><U65/><E112/><V48/><F108/><W123/><G69/><T100/><D111/><U0/><E121/><V99/><F32/><W101/><G109/><T29/><D29/><U134/><E134/><V47/><F113/><W24/><G114/><T68/><D68/><U35/><E0/><V94/><F70/><W110/><G110/><T88/><D58/><U54/><E65/><V64/><F99/><W4/><G101/><T84/><D103/><U129/><E129/><V25/><F25/><N who="3" m="9803" /><G89/><T81/><D79/><U5/><E30/><V57/><F10/><N who="3" m="2327" /><G44/><T116/><D116/><U59/><E51/><V9/><F9/><W28/><G105/><T131/><D131/><U40/><E40/><V52/><F85/><W42/><G42/><T135/><D135/><U23/><E5/><V95/><F75/><W60/><G60/><T62/><D62/><U7/><E7/><V92/><REACH who="2" step="1"/><F96/><REACH who="2" ten="173,250,240,327" step="2"/><W125/><G125/><T33/><D33/><U82/><E35/><V72/><F72/><W45/><G8/><T87/><D11/><U102/><E34/><V74/><F74/><W12/><G120/><T31/><D87/><U104/><E118/><V26/><F26/><W15/><G122/><T133/><D31/><U39/><E119/><V106/><F106/><W61/><G123/><T56/><D133/><U78/><E104/><V41/><F41/><W14/><G28/><T17/><D97/><U1/><E117/><V3/><F3/><W66/><G6/><T107/><D107/><U130/><E1/><V20/><F20/><W49/><G15/><T128/><D73/><RYUUKYOKU ba="0,1" sc="173,-10,250,-10,240,30,327,-10" hai2="47,48,52,53,57,64,67,76,83,86,92,94,95" /><INIT seed="2,1,1,2,0,68" ten="163,240,270,317" oya="2" hai0="65,128,121,38,17,126,103,100,28,13,102,58,111" hai1="3,76,42,27,35,70,122,109,47,90,33,135,53" hai2="60,97,84,14,2,62,7,16,114,41,72,37,55" hai3="132,49,73,80,50,19,96,57,98,134,1,20,12"/><V11/><F114/><W34/><G1/><T108/><D121/><U127/><E3/><V83/><F55/><N who="3" m="31983" /><G34/><T88/><D128/><U36/><E109/><V30/><F30/><W54/><G80/><T48/><D126/><U118/><E135/><N who="3" m="51754" /><G73/><T92/><D28/><U59/><E35/><V6/><F6/><W63/><G63/><T79/><D79/><U8/><E33/><V99/><F72/><W64/><G64/><T5/><D5/><U77/><E122/><V24/><F24/><W89/><G89/><T123/><D123/><U110/><E27/><V21/><F62/><W69/><G69/><T104/><D104/><U125/><E70/><V106/><F106/><W25/><G25/><T9/><D65/><U66/><E66/><V61/><F61/><W130/><G130/><T93/><D93/><U94/><E110/><N who="0" m="42025" /><D58/><AGARI ba="1,1" hai="12,19,20,50,54,58,96,98" m="51754,31983" machi="58" ten="30,1000,0" yaku="20,1" doraHai="68" who="3" fromWho="0" sc="163,-13,240,0,270,0,317,23" /><INIT seed="3,0,0,4,4,100" ten="150,240,270,340" oya="3" hai0="50,82,92,16,13,4,57,62,125,84,115,17,89" hai1="41,64,91,96,107,54,72,23,78,61,98,15,1" hai2="106,8,94,49,75,101,73,85,77,87,55,27,130" hai3="2,20,99,127,68,32,59,47,10,39,38,113,34"/><W112/><G68/><T24/><D125/><U67/><E1/><V56/><F130/><W12/><G127/><T28/><D115/><U122/><E122/><V104/><F73/><W79/><G2/><T5/><D50/><U52/><E41/><V31/><F75/><W108/><G79/><T95/><D5/><U128/><E128/><V109/><F109/><W74/><G74/><T26/><D4/><U35/><E35/><V21/><F8/><W43/><G38/><T80/><D80/><U120/><E120/><V97/><REACH who="2" step="1"/><F77/><REACH who="2" ten="150,240,260,340" step="2"/><W76/><G76/><T93/><D28/><U103/><E78/><V9/><F9/><W51/><G10/><T69/><D69/><U114/><E72/><V83/><F83/><W118/><G108/><T123/><D123/><U132/><E114/><V18/><F18/><W33/><G113/><T133/><D17/><U0/><E0/><V25/><F25/><W46/><G112/><T134/><D133/><U36/><E132/><V102/><F102/><W124/><G124/><T60/><D134/><U90/><E103/><V44/><F44/><W105/><G47/><T66/><REACH who="0" step="1"/><D62/><REACH who="0" ten="140,240,260,340" step="2"/><U70/><E61/><V131/><F131/><W40/><G39/><T86/><D86/><AGARI ba="0,2" hai="21,27,31,49,55,56,85,86,87,94,97,101,104,106" machi="86" ten="40,5200,0" yaku="1,1,52,2,53,0" doraHai="100" doraHaiUra="14" who="2" fromWho="0" sc="140,-52,240,0,260,72,340,0" /><INIT seed="4,0,0,1,2,100" ten="88,240,332,340" oya="0" hai0="62,76,111,35,40,42,95,71,31,60,135,37,84" hai1="39,109,134,33,128,32,70,57,16,126,72,122,22" hai2="106,13,10,101,116,118,96,53,7,112,34,107,90" hai3="61,75,129,125,133,59,4,82,26,11,0,80,104"/><T48/><D135/><U74/><RYUUKYOKU type="yao9" ba="0,0" sc="88,0,240,0,332,0,340,0" hai1="16,22,32,33,39,57,70,72,74,109,122,126,128,134" /><INIT seed="4,1,0,4,0,38" ten="88,240,332,340" oya="0" hai0="91,89,108,132,13,114,30,15,99,85,80,118,78" hai1="16,27,122,56,134,113,69,107,82,7,55,135,110" hai2="37,8,117,17,48,35,5,50,116,87,10,123,63" hai3="86,98,49,11,103,19,101,64,41,92,24,20,21"/><T111/><D30/><U70/><E110/><N who="0" m="42025" /><D15/><U47/><E122/><V3/><F37/><W29/><G64/><T62/><D13/><U1/><E113/><V36/><F36/><W60/><G11/><T23/><D23/><N who="1" m="13799" /><E107/><V77/><F123/><W68/><G68/><T32/><D32/><U109/><E109/><V125/><F35/><W4/><G4/><T34/><D34/><U76/><E47/><V120/><F120/><W58/><G86/><N who="0" m="48407" /><D62/><N who="1" m="36127" /><E7/><V54/><F63/><W112/><G112/><T45/><D45/><U43/><E43/><V25/><F8/><W72/><G41/><T26/><D26/><U40/><E40/><V97/><F25/><N who="3" m="14495" /><G49/><T6/><D6/><U51/><E51/><V31/><F50/><W59/><G72/><T102/><D114/><U79/><E79/><V130/><F77/><W14/><G14/><T83/><D118/><U2/><E2/><V9/><F116/><W44/><G44/><T115/><D115/><U96/><E96/><V74/><F97/><N who="3" m="59559" /><G60/><T33/><D33/><U119/><E1/><V121/><F3/><W88/><G58/><T95/><D132/><N who="1" m="50731" /><E119/><V67/><F117/><W104/><G59/><T18/><D18/><U65/><E65/><V93/><F17/><W0/><G0/><T127/><D127/><U106/><E106/><V53/><F125/><W22/><G21/><T52/><D52/><U100/><E100/><AGARI ba="1,0" hai="83,85,89,91,95,99,100,102" m="48407,42025" machi="100" ten="30,5800,0" yaku="10,1,34,2" doraHai="38" who="0" fromWho="1" sc="88,61,240,-61,332,0,340,0" /><INIT seed="4,2,0,2,0,53" ten="149,179,332,340" oya="0" hai0="88,17,98,28,122,35,30,42,62,111,118,129,39" hai1="133,48,16,130,94,60,2,70,121,134,36,61,114" hai2="67,46,97,63,132,12,126,116,104,95,109,74,72" hai3="89,115,26,43,3,20,76,0,29,14,86,112,32"/><T38/><D118/><U102/><E2/><N who="3" m="554" /><G76/><T51/><D122/><U105/><E105/><V100/><F109/><W33/><G43/><T135/><D111/><U68/><E102/><V11/><F126/><W34/><G89/><T45/><D135/><N who="1" m="51723" /><E94/><V77/><F132/><W93/><G86/><T23/><D129/><U37/><E16/><V99/><F46/><W124/><G93/><T31/><D35/><U10/><E10/><V131/><F77/><W15/><G124/><T1/><D1/><U123/><E130/><V71/><F131/><W21/><G21/><T113/><D113/><AGARI ba="2,0" hai="14,15,20,26,29,32,33,34,112,113,115" m="554" machi="113" ten="40,5200,0" yaku="15,1,34,2" doraHai="53" who="3" fromWho="0" sc="149,-58,179,0,332,0,340,58" /><INIT seed="5,0,0,3,5,58" ten="91,179,332,398" oya="1" hai0="127,121,46,101,78,73,54,70,122,113,35,97,89" hai1="123,59,42,60,68,129,99,23,38,117,130,124,77" hai2="71,135,2,118,44,20,67,51,5,75,30,90,103" hai3="36,126,45,24,74,32,7,29,96,93,102,14,40"/><U55/><E77/><V9/><F118/><W6/><G126/><T27/><D127/><U63/><E124/><V57/><F75/><W92/><G74/><T100/><D100/><U37/><E99/><V128/><F128/><N who="1" m="49257" /><E23/><V86/><F135/><W61/><G14/><T84/><D113/><U94/><E94/><V125/><F103/><W87/><G61/><N who="1" m="23626" /><E123/><V72/><F72/><W4/><G93/><N who="0" m="54439" /><D70/><U3/><E3/><V56/><F71/><W34/><G87/><T132/><D132/><U33/><E33/><V17/><F2/><W31/><G31/><N who="0" m="19967" /><D54/><U133/><E133/><V43/><F30/><W91/><G32/><T1/><D46/><N who="1" m="23887" /><E117/><V120/><F120/><W85/><G102/><T11/><D11/><U108/><E108/><V12/><F9/><W83/><G96/><T98/><D98/><U76/><E76/><V111/><F111/><W115/><G115/><T10/><D10/><U105/><E105/><V50/><F20/><W112/><G112/><T28/><D28/><U79/><E79/><V22/><F22/><W52/><G92/><T8/><D8/><U21/><E21/><V131/><F131/><W116/><G116/><T19/><D1/><U107/><E107/><V64/><F125/><W65/><G34/><T104/><D19/><U69/><E38/><V119/><F119/><W88/><G36/><T49/><D49/><AGARI ba="0,0" hai="49,55,59,68,69" m="23887,23626,49257" machi="49" ten="30,18000,2" yaku="19,1,34,2,52,3" doraHai="58" who="1" fromWho="0" sc="91,-180,179,180,332,0,398,0" owari="-89,-58.9,359,15.9,332,-6.8,398,49.8" /></mjloggm>