<mjloggm ver="2.3"><GO type="169" lobby="0"/><UN n0="%E8%80%81%E6%A5%BD" n1="%59%75%74%74%61%6D%61%6E" n2="%E3%81%BB%E3%83%BC%E3%82%8A%E3%83%BC" n3="%70%6F%6E%2D%65%6E" dan="17,16,17,16" rate="2195.07,2045.63,2234.09,2121.77" sx="M,M,M,F"/><TAIKYOKU oya="0"/><INIT seed="0,0,0,1,4,58" ten="250,250,250,250" oya="0" hai0="120,25,10,41,49,69,34,81,20,4,133,8,65" hai1="55,103,5,122,37,17,114,102,57,118,43,135,116" hai2="95,126,93,83,68,40,82,31,23,2,90,127,54" hai3="91,35,129,84,29,19,30,99,86,52,76,16,61"/><T36/><D120/><U124/><E5/><V0/><F40/><W97/><G129/><T75/><D133/><U77/><E77/><V78/><F68/><W64/><G64/><T6/><D34/><U106/><E122/><V13/><F54/><W117/><G35/><T80/><D36/><U11/><E114/><V50/><F50/><W27/><G117/><T111/><D111/><U100/><E106/><V56/><F56/><N who="3" m="34951" /><G76/><T88/><D75/><U71/><E71/><V125/><F13/><W3/><G3/><N who="2" m="1065" /><F78/><W109/><G109/><T42/><D69/><U85/><E85/><N who="3" m="32874" /><G91/><T79/><D79/><U131/><E43/><V119/><F119/><W63/><G63/><T115/><D115/><U22/><E37/><V7/><F90/><W14/><G19/><T15/><D65/><U62/><E131/><V70/><F70/><W60/><G60/><T53/><D88/><U128/><E128/><V87/><F87/><W21/><G14/><N who="0" m="5383" /><D81/><N who="2" m="30730" /><F7/><W45/><G45/><N who="0" m="27823" /><D80/><U132/><E118/><V104/><F104/><W66/><G66/><T73/><D73/><U108/><E116/><V48/><F48/><W46/><G46/><T94/><D94/><U67/><E108/><V121/><F121/><W59/><G59/><T98/><D98/><AGARI ba="0,0" hai="16,21,27,29,30,97,98,99" m="32874,34951" machi="98" ten="30,7700,0" yaku="8,1,52,1,54,2" doraHai="58" who="3" fromWho="0" sc="250,-77,250,0,250,0,250,77" /><INIT seed="1,0,0,5,5,43" ten="173,250,250,327" oya="1" hai0="53,113,1,52,76,25,77,34,127,12,112,69,47" hai1="64,103,19,73,124,72,22,45,135,101,89,100,46" hai2="30,3,110,31,35,39,62,5,40,37,87,44,17" hai3="134,57,10,61,15,99,122,70,41,28,55,54,51"/><U109/><E124/><V90/><F110/><W8/><G122/><T105/><D1/><U84/><E64/><V91/><F39/><W50/><G134/><T71/><D105/><U75/><E109/><V96/><F96/><W18/><G70/><T11/><D127/><U85/><E135/><V63/><F90/><W97/><G28/><T49/><D34/><U128/><E128/><V67/><F17/><W33/><G33/><T23/><D23/><U131/><E131/><V106/><F106/><W0/><G41/><T130/><D25/><U38/><E38/><V117/><F117/><W95/><G95/><T123/><D130/><U56/><E56/><V2/><F62/><W26/><G26/><T48/><D123/><U80/><REACH who="1" step="1"/><E85/><REACH who="1" ten="173,240,250,327" step="2"/><V129/><F129/><W60/><G0/><T21/><D71/><U27/><AGARI ba="0,1" hai="19,22,27,45,46,72,73,75,80,84,89,100,101,103" machi="27" ten="40,18000,2" yaku="1,1,2,1,0,1,52,2,53,1" doraHai="43" doraHaiUra="79" who="1" fromWho="1" sc="173,-60,240,190,250,-60,327,-60" /><INIT seed="1,1,0,4,0,33" ten="113,430,190,267" oya="1" hai0="84,32,57,102,12,1,67,71,4,53,119,47,40" hai1="24,91,131,31,81,30,95,62,114,16,107,20,127" hai2="64,112,19,22,103,90,75,54,11,26,42,129,60" hai3="111,125,6,34,132,49,110,65,21,94,66,28,109"/><U76/><E114/><V118/><F118/><W55/><G34/><T88/><D32/><U58/><E107/><V124/><F75/><W98/><G6/><T108/><D119/><U73/><E127/><V52/><F124/><W87/><G125/><T96/><D108/><U122/><E131/><V69/><F129/><W37/><G37/><T135/><D12/><U27/><E122/><V100/><F112/><W97/><G87/><T44/><D135/><U3/><E3/><V10/><F42/><W50/><G132/><T13/><D13/><U126/><E27/><V85/><F100/><W63/><G98/><T9/><D67/><N who="3" m="25609" /><G63/><T79/><D79/><U72/><E72/><V51/><F103/><N who="3" m="60855" /><G55/><T133/><D40/><U121/><E121/><V7/><F7/><W39/><G39/><T41/><D41/><U14/><E14/><V59/><REACH who="2" step="1"/><F54/><REACH who="2" ten="113,430,180,267" step="2"/><W29/><G111/><T68/><D133/><U120/><E126/><V86/><F86/><W99/><G99/><T70/><D96/><N who="1" m="57471" /><E120/><V23/><F23/><W104/><G21/><T123/><D123/><U80/><E73/><V89/><F89/><W61/><G109/><T46/><D102/><U18/><E76/><V74/><F74/><W56/><G110/><T38/><D38/><U130/><E130/><V15/><F15/><W77/><G77/><T48/><REACH who="0" step="1"/><D71/><REACH who="0" ten="103,430,180,267" step="2"/><U78/><E78/><V35/><F35/><W0/><G0/><T43/><D43/><U17/><E24/><V36/><F36/><W82/><G104/><T8/><D8/><U116/><E116/><V93/><AGARI ba="1,2" hai="10,11,19,22,26,51,52,59,60,64,69,85,90,93" machi="93" ten="20,8000,1" yaku="1,1,0,1,7,1,54,1,53,1" doraHai="33" doraHaiUra="45" who="2" fromWho="2" sc="103,-21,430,-41,180,103,267,-21" /><INIT seed="2,0,0,4,0,112" ten="82,389,283,246" oya="2" hai0="108,83,94,15,2,64,33,45,90,49,68,98,57" hai1="119,22,46,38,1,21,85,133,24,100,129,74,36" hai2="80,73,105,79,23,34,30,75,19,26,60,4,65" hai3="27,70,82,76,28,17,132,86,122,5,121,54,48"/><V96/><F4/><W53/><G70/><T116/><D2/><U6/><E74/><V40/><F40/><W110/><G5/><T123/><D123/><U81/><E129/><V51/><F51/><W44/><G110/><T31/><D68/><U0/><E100/><V134/><F134/><W7/><G7/><T126/><D126/><U47/><E133/><V67/><F75/><W55/><G132/><T8/><D108/><U111/><E111/><V43/><F43/><W69/><G69/><T20/><D33/><U113/><E113/><V92/><F60/><W97/><G17/><T107/><D107/><U120/><E120/><V130/><F105/><W16/><G16/><T78/><D8/><U84/><E6/><V102/><REACH who="2" step="1"/><F130/><REACH who="2" ten="82,389,273,246" step="2"/><W63/><G121/><T14/><D49/><U62/><E62/><V115/><F115/><W104/><G122/><T106/><D106/><U58/><E47/><V32/><F32/><W101/><G63/><T35/><D45/><U71/><E46/><V11/><F11/><W131/><G131/><T127/><D35/><AGARI ba="0,1" hai="27,28,35,44,48,53,54,55,76,82,86,97,101,104" machi="35" ten="30,1000,0" yaku="7,1" doraHai="112" who="3" fromWho="0" sc="82,-10,389,0,273,0,246,20" /><INIT seed="3,0,0,3,4,76" ten="72,389,273,266" oya="3" hai0="37,58,66,96,48,74,130,21,131,12,117,134,38" hai1="65,46,13,49,5,3,68,90,72,129,79,135,18" hai2="26,69,43,84,55,81,111,114,97,121,45,10,19" hai3="122,53,14,124,89,62,36,83,105,8,56,24,94"/><W132/><G122/><T110/><D74/><U28/><E28/><V64/><F114/><W70/><G132/><T6/><D96/><U82/><E129/><N who="0" m="49161" /><D21/><U112/><E112/><V80/><F121/><W75/><G105/><T52/><D12/><U106/><E106/><V23/><F111/><W133/><G24/><T71/><D6/><U1/><E65/><V73/><F73/><W128/><G14/><T123/><D123/><U34/><E68/><V30/><F55/><W16/><G16/><T22/><D22/><U31/><E135/><V127/><F127/><W9/><G124/><T29/><D29/><U126/><E126/><V91/><F97/><W4/><G133/><T32/><D32/><U93/><E5/><V115/><F115/><W59/><G94/><T85/><D85/><U120/><E120/><V104/><F104/><W0/><G89/><T39/><D134/><U20/><E31/><V25/><F10/><W2/><G9/><T119/><D110/><U125/><E34/><V92/><F64/><W44/><G2/><T108/><D108/><U51/><E125/><V35/><REACH who="2" step="1"/><F69/><REACH who="2" ten="72,389,263,266" step="2"/><W54/><G128/><T88/><D88/><U78/><E72/><V107/><F107/><W33/><G75/><T41/><D41/><U57/><E3/><V17/><F17/><W67/><G0/><T61/><AGARI ba="0,1" hai="37,38,39,48,52,58,61,66,71,117,119" m="49161" machi="61" ten="40,8000,1" yaku="19,1,34,2,54,1" doraHai="76" who="0" fromWho="0" sc="72,90,389,-20,263,-20,266,-40" /><INIT seed="4,0,0,2,0,132" ten="162,369,243,226" oya="0" hai0="125,95,85,55,87,69,26,127,116,50,21,38,5" hai1="74,18,90,80,122,2,4,126,79,48,63,57,104" hai2="8,24,52,114,59,133,32,83,64,120,115,47,43" hai3="6,106,102,78,131,93,89,46,117,98,96,61,128"/><T33/><D116/><U53/><E104/><V112/><F120/><W70/><G6/><T71/><D38/><U124/><E122/><V58/><F133/><W37/><G78/><T15/><D33/><U109/><E109/><V35/><F59/><W92/><G117/><T0/><D0/><U13/><E4/><V73/><F64/><W134/><G134/><T11/><D71/><U29/><E2/><V31/><F8/><W10/><G10/><T44/><D69/><U97/><E29/><V45/><F32/><W51/><G37/><T68/><D68/><U54/><E97/><V94/><F43/><W119/><G119/><T72/><D72/><U25/><E90/><V22/><F35/><W101/><G89/><T86/><REACH who="0" step="1"/><D95/><REACH who="0" ten="152,369,243,226" step="2"/><U88/><E74/><V42/><F94/><W99/><G93/><T30/><AGARI ba="0,1" hai="5,11,15,21,26,30,44,50,55,85,86,87,125,127" machi="30" ten="30,12000,1" yaku="1,1,2,1,0,1,52,2,53,0" doraHai="132" doraHaiUra="100" who="0" fromWho="0" sc="152,130,369,-40,243,-40,226,-40" /><INIT seed="4,1,0,4,2,127" ten="282,329,203,186" oya="0" hai0="61,57,109,84,40,60,2,90,70,122,18,64,3" hai1="47,112,21,116,120,113,77,30,1,104,46,41,78" hai2="22,114,97,94,66,4,45,101,91,38,108,79,26" hai3="128,42,24,48,100,31,134,99,54,50,133,65,28"/><T110/><D122/><U49/><E104/><V12/><F108/><N who="0" m="41578" /><D18/><U131/><E1/><V23/><F114/><N who="1" m="44137" /><E116/><V8/><F66/><W62/><G128/><T130/><D40/><N who="1" m="24775" /><E120/><V119/><F119/><W53/><G133/><T75/><D75/><U74/><E74/><V115/><F115/><W7/><G7/><T80/><D130/><U95/><E131/><V14/><F79/><W107/><G42/><T52/><AGARI ba="1,0" hai="2,3,52,57,60,61,64,70,80,84,90" m="41578" machi="52" ten="30,3000,0" yaku="10,1,54,1" doraHai="127" who="0" fromWho="0" sc="282,33,329,-11,203,-11,186,-11" /><INIT seed="4,2,0,3,2,110" ten="315,318,192,175" oya="0" hai0="7,42,56,82,5,64,120,104,122,118,107,94,53" hai1="85,130,100,57,54,60,24,15,113,48,32,72,28" hai2="26,0,132,135,25,38,117,13,10,123,65,102,46" hai3="83,20,76,30,111,63,16,70,81,2,114,61,43"/><T131/><D118/><U77/><E130/><V18/><F102/><W17/><G2/><T34/><D34/><U21/><E72/><V66/><F123/><W106/><G106/><T39/><D94/><U119/><E119/><V62/><F117/><W3/><G3/><T50/><D82/><U14/><E100/><V97/><F97/><W133/><G43/><T44/><D131/><U103/><E103/><V105/><F105/><W33/><G133/><N who="2" m="51273" /><F0/><W37/><G37/><T4/><REACH who="0" step="1"/><D64/><REACH who="0" ten="305,318,192,175" step="2"/><N who="1" m="38927" /><E32/><V90/><F66/><W93/><G93/><T58/><D58/><N who="1" m="33095" /><E113/><V47/><F65/><W96/><G33/><T73/><D73/><U98/><E98/><V1/><F46/><W22/><G114/><T121/><AGARI ba="2,1" hai="4,5,7,39,42,44,50,53,56,104,107,120,121,122" machi="121" ten="40,3900,0" yaku="1,1,0,1,53,0" doraHai="110" doraHaiUra="128" who="0" fromWho="0" sc="305,55,318,-15,192,-15,175,-15" /><INIT seed="4,3,0,2,0,92" ten="360,303,177,160" oya="0" hai0="15,4,61,76,99,127,118,52,72,31,134,73,84" hai1="129,36,97,50,62,78,132,96,1,58,21,65,85" hai2="120,37,75,48,114,5,16,131,42,45,20,54,126" hai3="23,49,10,57,66,90,88,106,44,91,130,109,64"/><T135/><D118/><U27/><E1/><V77/><F120/><W17/><G109/><T108/><D31/><U26/><E36/><V105/><F105/><W63/><G130/><T41/><D41/><U55/><E132/><V2/><F131/><W39/><G106/><T0/><D0/><U79/><E129/><V125/><F114/><W56/><G39/><T19/><D4/><U116/><E116/><V12/><F77/><N who="1" m="29193" /><E85/><V81/><F81/><W82/><G10/><T9/><D127/><N who="2" m="48650" /><F75/><W94/><G82/><N who="0" m="47175" /><D108/><U33/><E33/><V35/><F35/><W117/><G57/><N who="0" m="34983" /><D99/><N who="1" m="37963" /><E21/><V24/><F2/><W80/><G80/><T87/><D87/><U83/><E83/><V112/><F112/><W102/><G117/><T32/><D32/><U133/><E133/><AGARI ba="3,0" hai="9,15,19,72,73,133,134,135" m="34983,47175" machi="133" ten="30,2900,0" yaku="20,1,54,1" doraHai="92" who="0" fromWho="1" sc="360,38,303,-38,177,0,160,0" /><INIT seed="4,4,0,4,2,17" ten="398,265,177,160" oya="0" hai0="88,46,120,106,38,72,113,89,66,2,27,131,50" hai1="33,60,123,31,5,64,35,98,4,7,74,83,67" hai2="24,19,43,32,135,127,93,54,47,130,62,92,61" hai3="112,1,102,117,84,65,105,118,6,49,73,3,56"/><T126/><D106/><U28/><E123/><V129/><F127/><W77/><G73/><T119/><D2/><U52/><E74/><V133/><F32/><W134/><G112/><T58/><D38/><U86/><E98/><V95/><F24/><W128/><G128/><N who="2" m="49257" /><F19/><W39/><G39/><T55/><D119/><U22/><E35/><V13/><F13/><W100/><G6/><T71/><D71/><U109/><E33/><V53/><F47/><W9/><G9/><T108/><D120/><U81/><E109/><V107/><F43/><W99/><G56/><T121/><D72/><U125/><E125/><V103/><F103/><W59/><G102/><T69/><D69/><U110/><E110/><V82/><F82/><N who="1" m="31241" /><E86/><V111/><F107/><W68/><G100/><T10/><D121/><U18/><E31/><V80/><F80/><W23/><G105/><T20/><D108/><U26/><E28/><V21/><F21/><W34/><G23/><T37/><D131/><U8/><E8/><V122/><F111/><W16/><G34/><T30/><D126/><U132/><E132/><N who="2" m="50763" /><F122/><W116/><G134/><T25/><D25/><U42/><E42/><V14/><F14/><W29/><G1/><T87/><D27/><U124/><E124/><V45/><F45/><W12/><G12/><T104/><D104/><U79/><E79/><V97/><F97/><W11/><G3/><T36/><D30/><U85/><E85/><V57/><F57/><AGARI ba="4,0" hai="4,5,7,18,22,26,52,57,60,64,67" m="31241" machi="57" ten="30,3900,0" yaku="8,1,52,1,54,1" doraHai="17" who="1" fromWho="2" sc="398,0,265,51,177,-51,160,0" /><INIT seed="5,0,0,1,4,11" ten="398,316,126,160" oya="1" hai0="10,92,40,131,12,80,26,4,52,132,19,33,71" hai1="79,68,65,48,63,1,100,116,74,51,119,135,35" hai2="67,123,37,90,2,61,97,60,104,110,41,17,125" hai3="14,94,5,34,93,45,82,42,25,27,87,6,106"/><U15/><E1/><V49/><F110/><W77/><G106/><T57/><D71/><U108/><E108/><V64/><F123/><W75/><G75/><T13/><D131/><U127/><E127/><V98/><F2/><W38/><G5/><T83/><D40/><U59/><E135/><V56/><F104/><W36/><G36/><T117/><D117/><U89/><E100/><V7/><F7/><W44/><G44/><T107/><D107/><U101/><E101/><V31/><F31/><W53/><G53/><T3/><D3/><U9/><E35/><V22/><F37/><W55/><G55/><T114/><D114/><U39/><E39/><V78/><F78/><W86/><G34/><T46/><D46/><U69/><E69/><V126/><F41/><W129/><G129/><T72/><D72/><U73/><E73/><V130/><F49/><N who="3" m="26807" /><G87/><T58/><D58/><U18/><E79/><V96/><F130/><W21/><G38/><T50/><D132/><U128/><E74/><V85/><F61/><W95/><G21/><N who="0" m="11495" /><D33/><U134/><E134/><V16/><F64/><W84/><G86/><T121/><D121/><U105/><E105/><V54/><F67/><W20/><G20/><T122/><D26/><U62/><E128/><V109/><F109/><W111/><G111/><T103/><D122/><U120/><E120/><V47/><F47/><W8/><AGARI ba="0,0" hai="6,8,14,25,27,77,82,84,93,94,95" m="26807" machi="8" ten="30,4000,0" yaku="25,1,8,1,52,1" doraHai="11" who="3" fromWho="3" sc="398,-10,316,-20,126,-10,160,40" /><INIT seed="6,0,0,4,5,57" ten="388,296,116,200" oya="2" hai0="22,40,116,69,80,61,119,75,12,7,89,133,66" hai1="23,131,47,129,99,77,59,21,92,134,83,102,33" hai2="50,70,55,4,123,60,37,72,29,13,27,112,86" hai3="24,84,9,96,58,103,26,36,6,8,10,128,111"/><V53/><F123/><W98/><G36/><T109/><D109/><U45/><E33/><V39/><F72/><W97/><G111/><T5/><D133/><U95/><E95/><V104/><F104/><W42/><G42/><T94/><D40/><U110/><E110/><V78/><F112/><W135/><G6/><T88/><D22/><U71/><E71/><V121/><F121/><W81/><G128/><N who="1" m="49226" /><E134/><V1/><F1/><W34/><G34/><T2/><D12/><U79/><E59/><V118/><F118/><N who="0" m="45098" /><D2/><U0/><E0/><V82/><F39/><W48/><G103/><T87/><D75/><N who="1" m="43455" /><E79/><V54/><F37/><W74/><G74/><T38/><D38/><U101/><E101/><V19/><F4/><W49/><G135/><T130/><D130/><U63/><E63/><V114/><F114/><W76/><REACH who="3" step="1"/><G58/><REACH who="3" ten="388,296,116,190" step="2"/><T46/><D46/><AGARI ba="0,1" hai="21,23,45,46,47,92,99,102" m="43455,49226" machi="46" ten="30,1000,0" yaku="19,1" doraHai="57" who="1" fromWho="0" sc="388,-10,296,20,116,0,190,0" /><INIT seed="7,0,0,4,5,120" ten="378,316,116,190" oya="3" hai0="55,127,81,114,34,58,7,42,116,12,51,13,11" hai1="101,119,128,33,110,111,99,57,67,14,49,117,132" hai2="25,113,105,115,19,135,90,69,65,124,93,87,54" hai3="68,62,71,95,74,91,63,123,64,77,70,37,31"/><W18/><G37/><T84/><D116/><N who="1" m="44619" /><E33/><V98/><F124/><W35/><G18/><T61/><D34/><U133/><E128/><V72/><F135/><N who="1" m="51785" /><E14/><V112/><F69/><W32/><G71/><T66/><D114/><U36/><E36/><V44/><F65/><W5/><G64/><T121/><D121/><U130/><E130/><V125/><F125/><W96/><G35/><T92/><D92/><N who="1" m="58599" /><E49/><V53/><F72/><W76/><G74/><T30/><D127/><U38/><E38/><V47/><F105/><W45/><G32/><T28/><D12/><U82/><E82/><V16/><F98/><W106/><G96/><T75/><D42/><U52/><E52/><N who="2" m="20075" /><F19/><W43/><G43/><T39/><D39/><U73/><E73/><V94/><F93/><W24/><G45/><N who="0" m="28143" /><D75/><U41/><E41/><V9/><F9/><W85/><G123/><T50/><D50/><U97/><E97/><V1/><F1/><W17/><G95/><T131/><D131/><U0/><E0/><V22/><AGARI ba="0,0" hai="16,22,25,44,47,87,90,94,112,113,115" m="20075" machi="22" ten="40,5200,0" yaku="15,1,54,2" doraHai="120" who="2" fromWho="2" sc="378,-13,316,-13,116,52,190,-26" owari="365,46.5,303,10.3,168,-23.2,164,-33.6" /></mjloggm>