<mjloggm ver="2.3"><GO type="169" lobby="0"/><UN n0="%E8%B4%88%E4%BA%BA%E8%A9%A9%E6%96%BC%E5%A4%A2" n1="%E6%B2%B3%E7%AB%A5%E3%81%AE%E3%83%AF%E3%82%AB%E3%83%9E%E3%83%84" n2="%E3%81%9D%E3%82%93%E3%81%97%E6%A7%98" n3="%E3%80%8E%E3%83%A8%E3%82%B9%E3%82%AC%E3%83%8E%E3%82%BD%E3%83%A9%E3%80%8F" dan="17,17,17,17" rate="2208.31,2199.33,2219.55,2149.70" sx="M,M,M,M"/><TAIKYOKU oya="0"/><INIT seed="0,0,0,5,1,82" ten="250,250,250,250" oya="0" hai0="18,48,5,37,8,43,127,101,119,11,71,70,102" hai1="131,87,55,65,114,57,17,41,75,132,93,15,115" hai2="130,77,86,95,20,67,80,88,10,7,108,68,126" hai3="28,50,111,1,22,9,112,98,21,104,34,91,56"/><T120/><D119/><U46/><E75/><V61/><F108/><W103/><G112/><N who="1" m="43050" /><E65/><V121/><F126/><W117/><G117/><T38/><D120/><U29/><E29/><V36/><F130/><W74/><G111/><T59/><D127/><U45/><E132/><V122/><F20/><W118/><G118/><T105/><D105/><U39/><E131/><V125/><F36/><W33/><G74/><T14/><D38/><U128/><E128/><V16/><F16/><W89/><G21/><T124/><D37/><U81/><E93/><V113/><F125/><W52/><G22/><T60/><D71/><U79/><E41/><V90/><F90/><W106/><G104/><T31/><D31/><U129/><E39/><V3/><REACH who="2" step="1"/><F113/><REACH who="2" ten="250,250,240,250" step="2"/><W72/><G28/><T35/><D124/><U25/><E25/><V30/><F30/><W6/><REACH who="3" step="1"/><G72/><AGARI ba="0,1" hai="3,7,10,61,67,68,72,77,80,86,88,95,121,122" machi="72" ten="30,8000,1" yaku="1,1,7,1,52,1,54,1,53,1" doraHai="82" doraHaiUra="64" who="2" fromWho="3" sc="250,0,250,0,240,90,250,-80" /><INIT seed="1,0,0,2,1,34" ten="250,250,330,170" oya="1" hai0="12,123,55,27,35,44,23,86,47,101,135,111,21" hai1="89,8,25,78,77,107,134,108,49,57,120,63,71" hai2="118,58,116,105,59,76,37,68,114,128,46,54,15" hai3="124,26,97,88,32,90,60,1,45,22,72,33,117"/><U109/><E120/><V104/><F15/><W29/><G72/><T9/><D111/><N who="1" m="42571" /><E107/><V74/><F76/><W66/><G124/><T18/><D135/><U129/><E134/><V64/><F74/><W102/><G117/><T61/><D101/><U41/><E71/><V51/><F105/><W100/><G100/><T0/><D23/><U92/><E25/><V6/><F6/><W24/><G45/><T79/><D35/><U83/><E8/><V85/><F104/><W11/><G32/><T81/><D0/><U82/><E49/><V84/><F114/><W10/><G10/><T2/><D2/><U125/><E41/><N who="2" m="22831" /><F128/><W69/><G11/><T98/><D98/><N who="1" m="57615" /><E129/><V48/><F85/><W94/><REACH who="3" step="1"/><G1/><REACH who="3" ten="250,250,330,160" step="2"/><T50/><D123/><U14/><E125/><V103/><F118/><W119/><G119/><T19/><D47/><U39/><E39/><V130/><F116/><W70/><G70/><T122/><D122/><U38/><E38/><V52/><F130/><W131/><G131/><T28/><REACH who="0" step="1"/><D61/><REACH who="0" ten="240,250,330,160" step="2"/><U4/><E63/><N who="2" m="39967" /><F103/><W62/><G62/><T13/><D13/><U75/><E14/><V126/><F126/><W42/><G42/><T93/><D93/><U132/><E132/><V80/><F48/><W67/><G67/><T40/><D40/><U127/><E127/><V95/><F95/><W91/><G91/><T30/><AGARI ba="0,2" hai="9,12,18,19,21,27,28,30,44,50,55,79,81,86" machi="30" ten="30,7900,0" yaku="1,1,0,1,8,1,53,1" doraHai="34" doraHaiUra="16" who="0" fromWho="0" sc="240,99,250,-39,330,-20,160,-20" /><INIT seed="2,0,0,4,2,68" ten="339,211,310,140" oya="2" hai0="31,32,35,128,23,94,3,93,4,81,132,96,22" hai1="89,67,13,26,131,25,6,29,123,90,21,47,129" hai2="8,24,87,33,107,51,135,14,112,59,133,82,36" hai3="105,78,27,11,50,88,118,109,44,125,66,49,106"/><V75/><F112/><W62/><G118/><T111/><D128/><N who="1" m="49227" /><E123/><V85/><F107/><W92/><G109/><T61/><D132/><N who="2" m="50762" /><F75/><W134/><G134/><T52/><D111/><U102/><E102/><V56/><F51/><W76/><G125/><T46/><D3/><U103/><E103/><V1/><F1/><W72/><G106/><T57/><D4/><U38/><E67/><V69/><F69/><W77/><G105/><T18/><D93/><U64/><E64/><V42/><F24/><W83/><G27/><N who="0" m="16895" /><D32/><N who="1" m="20527" /><E13/><V70/><F70/><W40/><G49/><T20/><D35/><U116/><E116/><V37/><F87/><W97/><REACH who="3" step="1"/><G11/><REACH who="3" ten="339,211,310,130" step="2"/><T115/><D115/><U100/><E26/><V54/><F33/><W53/><G53/><T122/><D122/><U12/><E21/><V73/><F54/><W41/><G41/><T63/><D20/><U9/><E100/><V43/><F43/><AGARI ba="0,1" hai="6,9,12,38,43,47,89,90" m="20527,49227" machi="43" ten="30,2000,0" yaku="19,1,52,1" doraHai="68" who="1" fromWho="2" sc="339,0,211,30,310,-20,130,0" /><INIT seed="3,0,0,1,0,120" ten="339,241,290,130" oya="3" hai0="24,97,74,95,10,3,38,81,109,124,73,52,17" hai1="88,53,100,51,83,39,23,8,63,115,126,21,107" hai2="78,57,44,0,87,43,56,104,84,111,135,75,35" hai3="116,69,80,113,90,72,7,42,4,118,45,29,105"/><W86/><G113/><T26/><D38/><U6/><E39/><V28/><F104/><W108/><G105/><T31/><D124/><U101/><E115/><V67/><F0/><W122/><G122/><T99/><D3/><U114/><E114/><V102/><F102/><W89/><G69/><T98/><D95/><U30/><E63/><V85/><F135/><W119/><G72/><T32/><D81/><U103/><E107/><V36/><F67/><W76/><G29/><T66/><D66/><U37/><E37/><V49/><F36/><W60/><G60/><T123/><D123/><U19/><E30/><V18/><F18/><W59/><G59/><T133/><D133/><U96/><E126/><V47/><F47/><W50/><REACH who="3" step="1"/><G108/><REACH who="3" ten="339,241,290,120" step="2"/><T121/><D121/><U70/><E70/><V55/><F111/><W5/><AGARI ba="0,1" hai="4,5,7,42,45,50,76,80,86,89,90,116,118,119" machi="5" ten="40,7800,0" yaku="1,1,2,1,0,1,53,0" doraHai="120" doraHaiUra="127" who="3" fromWho="3" sc="339,-26,241,-26,290,-26,120,88" /><INIT seed="3,1,0,5,1,100" ten="313,215,264,208" oya="3" hai0="123,112,103,0,35,74,94,72,68,73,97,132,96" hai1="63,67,45,13,6,3,86,95,113,18,20,27,118" hai2="22,51,14,66,89,62,105,52,114,107,98,77,111" hai3="134,58,125,127,85,101,99,37,17,56,88,82,50"/><W83/><G37/><T110/><D68/><U36/><E113/><V78/><F114/><W12/><G134/><T57/><D0/><U102/><E118/><V91/><F111/><W7/><G7/><T31/><D31/><U48/><E36/><V106/><F22/><W11/><G83/><T93/><D35/><U8/><E86/><V92/><F14/><W79/><G79/><T1/><D1/><U26/><E95/><N who="0" m="36361" /><D57/><U40/><REACH who="1" step="1"/><E102/><REACH who="1" ten="313,205,264,208" step="2"/><V30/><F91/><W32/><G32/><T115/><D112/><U19/><E19/><V128/><F30/><W70/><G70/><AGARI ba="1,1" hai="3,6,8,13,18,20,26,27,40,45,48,63,67,70" machi="70" ten="30,2000,0" yaku="1,1,7,1,53,0" doraHai="100" doraHaiUra="108" who="1" fromWho="3" sc="313,0,205,33,264,0,208,-23" /><INIT seed="4,0,0,5,0,46" ten="313,238,264,185" oya="0" hai0="13,47,57,21,109,29,72,44,96,11,62,32,30" hai1="92,130,89,2,26,93,115,1,73,112,37,90,119" hai2="48,14,38,111,10,9,34,69,31,85,123,0,23" hai3="50,41,116,49,91,19,43,82,104,97,65,35,87"/><T100/><D72/><U24/><E73/><V22/><F38/><W64/><G116/><T16/><D32/><U75/><E75/><V134/><F69/><W99/><G35/><T110/><D44/><U45/><E45/><V15/><F48/><N who="3" m="18539" /><G104/><T71/><D47/><U121/><E119/><V58/><F58/><W70/><G70/><T55/><D71/><U131/><REACH who="1" step="1"/><E37/><REACH who="1" ten="313,228,264,185" step="2"/><V86/><F123/><AGARI ba="0,1" hai="1,2,24,26,89,90,92,93,112,115,121,123,130,131" machi="123" ten="25,6400,0" yaku="1,1,2,1,22,2,53,0" doraHai="46" doraHaiUra="61" who="1" fromWho="2" sc="313,0,228,74,264,-64,185,0" /><INIT seed="5,0,0,2,3,10" ten="313,302,200,185" oya="1" hai0="120,68,7,62,61,59,112,95,126,75,4,122,41" hai1="76,101,44,14,1,48,84,114,53,66,74,13,11" hai2="65,86,111,77,33,78,57,54,67,132,121,58,5" hai3="133,71,109,96,50,85,56,42,118,73,39,92,18"/><U3/><E74/><V0/><F121/><N who="0" m="46698" /><D75/><U46/><E114/><V125/><F111/><W87/><G109/><T60/><D68/><U19/><E101/><V2/><F33/><W93/><G71/><T99/><D112/><U51/><E66/><V129/><F86/><W110/><G110/><T104/><D104/><U55/><REACH who="1" step="1"/><E14/><REACH who="1" ten="313,292,200,185" step="2"/><V34/><F67/><W80/><G73/><T43/><D126/><U40/><E40/><V20/><F65/><W30/><G42/><N who="0" m="15883" /><D59/><U124/><E124/><V16/><F58/><W27/><G56/><T9/><D9/><U98/><E98/><V127/><F57/><W79/><G96/><T128/><D128/><U69/><E69/><V131/><F129/><W63/><G63/><T37/><D37/><U6/><E6/><V113/><F5/><W52/><G39/><T28/><D4/><U22/><E22/><V100/><F20/><W17/><G85/><T23/><D7/><U8/><E8/><V32/><F131/><W97/><G97/><T35/><D23/><U130/><E130/><V21/><F21/><W83/><G87/><T81/><D35/><U47/><E47/><V31/><F113/><W103/><G103/><T38/><D38/><U36/><E36/><V108/><F100/><W89/><G17/><T134/><D61/><U12/><E12/><V119/><F16/><W24/><G18/><T26/><D62/><U15/><E15/><V70/><F125/><W88/><G24/><T102/><D60/><U106/><E106/><V116/><F127/><W29/><G27/><T94/><D26/><U25/><E25/><RYUUKYOKU ba="0,1" sc="313,-10,292,30,200,-10,185,-10" hai1="1,3,11,13,19,44,46,48,51,53,55,76,84" /><INIT seed="5,1,1,2,1,83" ten="303,322,190,175" oya="1" hai0="4,74,59,36,5,41,61,128,34,75,0,97,118" hai1="2,18,110,50,8,66,90,79,3,125,91,88,63" hai2="35,48,19,106,7,76,31,123,73,46,47,13,22" hai3="53,29,101,43,78,30,56,117,99,58,86,21,92"/><U57/><E125/><V112/><F123/><W40/><G117/><T32/><D118/><U103/><E110/><V80/><F106/><W81/><G58/><T16/><D36/><U17/><E79/><V94/><F112/><W131/><G131/><T24/><D41/><U55/><E103/><V39/><F39/><W1/><G1/><T111/><D128/><U68/><REACH who="1" step="1"/><E3/><REACH who="1" ten="303,312,190,175" step="2"/><V122/><F76/><W113/><G113/><T95/><D0/><U51/><E51/><V11/><F48/><N who="3" m="30759" /><G30/><T37/><D111/><U130/><E130/><V9/><F31/><W108/><G108/><T23/><D37/><U127/><E127/><V27/><F122/><W44/><G44/><T14/><D74/><U72/><E72/><V124/><F47/><W33/><G33/><T10/><D75/><U119/><E119/><V129/><F46/><W132/><G132/><T120/><D120/><U133/><E133/><V38/><F38/><W20/><G29/><N who="0" m="17567" /><D32/><U26/><E26/><V64/><F35/><W82/><G40/><T70/><D34/><U28/><E28/><V126/><F129/><W25/><G43/><T60/><D60/><U89/><N who="1" m="22528" /><DORA hai="45" /><U67/><E67/><V93/><F126/><W109/><G109/><T52/><D70/><U104/><E104/><V98/><F124/><W85/><G25/><T71/><D71/><U107/><E107/><V6/><F64/><W102/><G101/><AGARI ba="1,2" hai="4,5,10,14,16,52,59,61,95,97,101" m="17567" machi="101" ten="30,3900,0" yaku="8,1,54,2" doraHai="83,45" who="0" fromWho="3" sc="303,62,312,0,190,0,175,-42" /><INIT seed="6,0,0,2,5,92" ten="365,312,190,133" oya="2" hai0="130,100,103,97,9,58,112,38,57,90,121,131,102" hai1="14,133,132,52,18,87,13,81,88,85,79,55,114" hai2="122,95,67,66,24,37,65,59,93,17,25,98,28" hai3="1,99,128,127,11,36,129,56,29,26,48,120,106"/><V8/><F122/><W109/><G109/><T7/><D38/><U101/><E114/><V50/><F37/><W41/><G120/><T5/><D112/><U91/><E101/><V53/><F93/><W27/><G36/><T51/><D121/><U75/><E75/><V62/><F8/><W21/><G127/><T82/><D5/><U60/><E60/><V110/><F17/><W80/><G80/><T105/><D105/><U42/><E42/><V73/><F73/><W71/><G71/><T22/><D22/><U68/><E68/><V45/><F110/><W31/><G11/><T44/><D97/><U34/><E34/><V35/><REACH who="2" step="1"/><F24/><REACH who="2" ten="365,312,180,133" step="2"/><W124/><G124/><T72/><D9/><U4/><E18/><V107/><F107/><W49/><G106/><T84/><D72/><U20/><E4/><V12/><F12/><W76/><G27/><T54/><D7/><U0/><E0/><V15/><F15/><W119/><G1/><T33/><D33/><U89/><E20/><V2/><F2/><W86/><G21/><T40/><D130/><U32/><E32/><V77/><F77/><W47/><G76/><T74/><D131/><U3/><E3/><V10/><F10/><W96/><G129/><T46/><D74/><N who="1" m="43255" /><E13/><V125/><F125/><W69/><G128/><T134/><D134/><N who="1" m="51819" /><E14/><V30/><F30/><W61/><G29/><T113/><D113/><U78/><E78/><V70/><F70/><W6/><G69/><T108/><D108/><U116/><E116/><V117/><F117/><W111/><G119/><T126/><D126/><U23/><E23/><RYUUKYOKU ba="0,1" sc="365,10,312,10,180,10,133,-30" hai0="40,44,46,51,54,57,58,82,84,90,100,102,103" hai1="52,55,85,87,88,89,91" hai2="25,28,35,45,50,53,59,62,65,66,67,95,98" /><INIT seed="6,1,1,3,3,5" ten="375,322,190,103" oya="2" hai0="70,102,32,132,16,54,101,129,47,111,34,45,55" hai1="92,74,114,17,89,135,3,39,84,42,0,134,49" hai2="44,119,29,73,87,9,76,63,10,64,108,97,122" hai3="25,93,131,24,99,33,67,83,57,62,30,128,35"/><V31/><F122/><W48/><G48/><T38/><D70/><U68/><E68/><V56/><F119/><W36/><G36/><T95/><D111/><U110/><E110/><V86/><F108/><W126/><G126/><T90/><D129/><U23/><E74/><V12/><F73/><W8/><G83/><T105/><D105/><U133/><E39/><V117/><F117/><W98/><G98/><T130/><D132/><U75/><E75/><V7/><F97/><W78/><G78/><T46/><D38/><U82/><E114/><V79/><F44/><W69/><G57/><T40/><D40/><U109/><E82/><V21/><F10/><W91/><REACH who="3" step="1"/><G8/><REACH who="3" ten="375,322,190,93" step="2"/><T125/><D125/><U14/><E109/><V1/><F79/><W71/><G71/><T127/><D127/><U65/><E65/><V85/><REACH who="2" step="1"/><F76/><REACH who="2" ten="375,322,180,93" step="2"/><W96/><G96/><T19/><D130/><U104/><E104/><V124/><F124/><W77/><G77/><T53/><D46/><AGARI ba="1,3" hai="0,3,14,17,23,42,46,49,84,89,92,133,134,135" machi="46" ten="40,1300,0" yaku="20,1" doraHai="5" who="1" fromWho="0" sc="375,-16,322,46,180,0,93,0" /><INIT seed="7,0,0,4,0,126" ten="359,368,180,93" oya="3" hai0="127,85,94,107,73,120,132,128,60,29,99,8,117" hai1="93,66,98,133,23,83,33,49,129,130,35,67,96" hai2="51,74,124,71,27,102,52,15,80,84,101,77,9" hai3="116,119,41,4,81,1,36,70,63,88,37,32,121"/><W40/><G121/><T56/><D73/><U50/><E23/><V113/><F113/><W118/><G32/><N who="1" m="12362" /><E83/><V61/><F124/><W112/><G112/><T34/><D117/><U90/><E96/><V31/><F74/><W110/><G110/><T20/><D120/><U13/><E13/><V134/><F134/><W6/><G70/><T115/><D34/><U78/><E78/><V89/><F77/><W111/><G111/><T72/><D72/><U95/><E93/><V69/><F69/><W44/><G63/><T123/><D107/><U28/><E28/><V135/><F135/><W104/><G104/><T58/><D128/><N who="1" m="49259" /><E133/><V82/><F82/><W100/><G100/><N who="0" m="60535" /><D123/><U75/><E75/><V16/><F61/><W125/><G125/><T2/><D2/><U68/><E68/><V76/><F76/><W59/><G59/><T55/><D115/><U5/><E5/><V3/><F3/><W46/><REACH who="3" step="1"/><G1/><REACH who="3" ten="359,368,180,83" step="2"/><T114/><D114/><U103/><E103/><V26/><F71/><W43/><G43/><T79/><D127/><U62/><E62/><V97/><F102/><W39/><G39/><T22/><D132/><U131/><E131/><V86/><F101/><W45/><G45/><T19/><D58/><U24/><E24/><V64/><F27/><W38/><G38/><T12/><D29/><U106/><E106/><V0/><F26/><W54/><G54/><T65/><D55/><U10/><E10/><V25/><F9/><W105/><G105/><T92/><D79/><U122/><E122/><V47/><F47/><W57/><G57/><T53/><D53/><RYUUKYOKU ba="0,1" sc="359,10,368,10,180,-30,83,10" hai0="8,12,19,20,22,56,60,65,85,92" hai1="49,50,66,67,90,95,98" hai3="4,6,36,37,40,41,44,46,81,88,116,118,119" /><INIT seed="7,1,1,4,5,125" ten="369,378,150,93" oya="3" hai0="44,127,63,53,104,69,118,20,75,21,5,36,120" hai1="100,30,113,37,81,65,0,117,76,54,82,79,29" hai2="87,52,49,88,2,94,18,25,40,13,43,24,3" hai3="11,59,114,133,31,66,46,103,101,126,23,91,129"/><W50/><G126/><T58/><D75/><U124/><E124/><V90/><F2/><W89/><G114/><T85/><D104/><U109/><E109/><V134/><F134/><W130/><G133/><T98/><D118/><U131/><E0/><V84/><F3/><W60/><G11/><T48/><D120/><U72/><E37/><V105/><F105/><W71/><G71/><T119/><D119/><U8/><E117/><V12/><F25/><N who="3" m="16831" /><G103/><T116/><D127/><U102/><E65/><V128/><F128/><N who="3" m="49259" /><G101/><T111/><D69/><U57/><E131/><V97/><F24/><W110/><G110/><T74/><D111/><U123/><E123/><V39/><F39/><W70/><G70/><T112/><D36/><U4/><E113/><V135/><F135/><W28/><G28/><T92/><D112/><U17/><E17/><V42/><F90/><W47/><G47/><T108/><D108/><U27/><E8/><N who="2" m="6407" /><F13/><W26/><G26/><T77/><D116/><U61/><E4/><V107/><F107/><W45/><G45/><AGARI ba="1,1" hai="40,42,43,45,49,52,84,87,88,94,97" m="6407" machi="45" ten="30,3900,0" yaku="8,1,54,2" doraHai="125" who="2" fromWho="3" sc="369,0,378,0,150,52,93,-42" owari="369,16.9,378,47.8,202,-19.8,51,-44.9" /></mjloggm>