<mjloggm ver="2.3"><GO type="169" lobby="0"/><UN n0="%E3%81%8D%E3%81%84%E3%81%AA" n1="%E6%B7%B3%E5%AD%90%E3%81%A7%E3%81%99" n2="%62%73%64%5F%33" n3="%47%65%74%74%65%72" dan="17,17,17,16" rate="2184.33,2193.73,2160.70,2127.37" sx="F,M,F,F"/><TAIKYOKU oya="0"/><INIT seed="0,0,0,4,3,46" ten="250,250,250,250" oya="0" hai0="118,31,36,63,25,51,13,37,77,97,72,70,116" hai1="115,75,4,78,26,47,82,73,122,24,126,83,108" hai2="112,65,79,123,119,80,71,91,0,42,114,38,101" hai3="105,109,67,62,43,84,110,35,20,121,104,22,48"/><T87/><D72/><U106/><E122/><V23/><F123/><W50/><G35/><T3/><D3/><U44/><E106/><N who="3" m="41066" /><G121/><T128/><D128/><U45/><E108/><N who="3" m="41578" /><G84/><T30/><D97/><U61/><E126/><V64/><F119/><W57/><G43/><T120/><D120/><U111/><E115/><V10/><F42/><W32/><G32/><T85/><D13/><U58/><E4/><V132/><F0/><W68/><G68/><T90/><D70/><U21/><E111/><V100/><F71/><W33/><G33/><T113/><D113/><U96/><E96/><V54/><F112/><W1/><G1/><T55/><D25/><U12/><E12/><V95/><F79/><W53/><G53/><T28/><D77/><U127/><E82/><V74/><F54/><W81/><G81/><T99/><D99/><U94/><E94/><V9/><F95/><W41/><G41/><T135/><D85/><U133/><E73/><V34/><F34/><W86/><G86/><T14/><D87/><U17/><E127/><V129/><F80/><W19/><G22/><T5/><D116/><U39/><E39/><V124/><F23/><W40/><G40/><T130/><D37/><U7/><E83/><V98/><F38/><W69/><G69/><T92/><D36/><U2/><E78/><V76/><F74/><W11/><G11/><T15/><D118/><U6/><E75/><V103/><F76/><W60/><G60/><T52/><D63/><U89/><E61/><V107/><F124/><W18/><G20/><T8/><D8/><N who="2" m="3178" /><F114/><W59/><G59/><RYUUKYOKU ba="0,0" sc="250,-10,250,-10,250,-10,250,30" hai3="18,19,48,50,57,62,67" /><INIT seed="1,1,0,3,2,14" ten="240,240,240,280" oya="1" hai0="120,30,87,67,33,68,93,97,132,28,116,133,103" hai1="5,78,125,20,70,63,8,29,110,76,102,96,100" hai2="55,60,54,44,77,73,56,86,3,118,46,34,50" hai3="26,84,13,109,37,121,4,11,112,119,82,48,127"/><U45/><E125/><V108/><F73/><W51/><G121/><T115/><D116/><U83/><E110/><V111/><F3/><W6/><G112/><T64/><D115/><U25/><E45/><V32/><F118/><W24/><G119/><T135/><D120/><U1/><E100/><V79/><F86/><W129/><G109/><N who="2" m="42057" /><F46/><W128/><G37/><T2/><D2/><U10/><E10/><V85/><F85/><W39/><G39/><T98/><D33/><AGARI ba="1,0" hai="32,33,34,44,50,54,55,56,60,77,79" m="42057" machi="33" ten="30,1000,0" yaku="14,1" doraHai="14" who="2" fromWho="0" sc="240,-13,240,0,240,13,280,0" /><INIT seed="2,0,0,5,2,134" ten="227,240,253,280" oya="2" hai0="7,26,110,44,123,106,48,20,25,89,104,22,124" hai1="45,30,128,103,8,10,18,119,133,64,114,122,115" hai2="2,46,72,65,71,83,76,129,78,1,109,120,14" hai3="31,132,126,77,37,74,3,0,41,16,50,113,127"/><V58/><F120/><W105/><G132/><T84/><D123/><U102/><E64/><V98/><F71/><W81/><G105/><T43/><D110/><U15/><E30/><V88/><F129/><W5/><G113/><T85/><D7/><U117/><E133/><V40/><F78/><W17/><G31/><T42/><D48/><U54/><E122/><V86/><F109/><W61/><G50/><T130/><D89/><U67/><E67/><V92/><F14/><W51/><G51/><T24/><D24/><U79/><E79/><V9/><F9/><N who="3" m="2215" /><G61/><T125/><REACH who="0" step="1"/><D44/><REACH who="0" ten="217,240,253,280" step="2"/><U35/><E45/><V4/><F4/><W121/><G121/><T70/><D70/><U66/><E15/><V73/><F1/><W6/><G6/><T23/><D23/><U27/><E8/><V62/><REACH who="2" step="1"/><F2/><REACH who="2" ten="217,240,243,280" step="2"/><W100/><G3/><T63/><D63/><U80/><E10/><V96/><F96/><W13/><G13/><T32/><D32/><U60/><E35/><V94/><F94/><W116/><G116/><T101/><D101/><U36/><E103/><V39/><AGARI ba="0,2" hai="39,40,46,58,62,65,72,73,76,83,86,88,92,98" machi="39" ten="20,7800,0" yaku="1,1,0,1,7,1,54,1,53,0" doraHai="134" doraHaiUra="135" who="2" fromWho="2" sc="217,-26,240,-26,243,98,280,-26" /><INIT seed="2,1,0,2,3,28" ten="191,214,341,254" oya="2" hai0="53,8,131,133,10,3,71,74,46,135,9,68,89" hai1="52,94,27,123,98,103,57,121,34,97,4,16,51" hai2="93,95,47,83,54,77,50,128,21,72,70,6,132" hai3="24,73,64,82,87,15,90,42,130,92,107,59,113"/><V43/><F70/><W112/><G107/><T23/><D131/><U66/><E4/><V36/><F128/><W13/><G130/><T129/><D129/><U19/><E66/><V86/><F132/><N who="0" m="50762" /><D3/><U0/><E97/><V75/><F75/><W26/><G42/><T119/><D119/><U79/><E79/><V67/><F67/><W30/><G73/><T49/><D74/><U38/><E38/><V109/><F109/><W102/><G24/><T58/><D23/><U18/><E0/><V134/><F86/><W22/><G112/><T11/><N who="0" m="2048" /><DORA hai="33" /><T5/><D5/><U69/><E69/><N who="0" m="26697" /><D89/><U105/><E105/><V108/><F6/><W40/><G40/><T100/><D100/><U84/><E84/><V20/><F108/><W122/><G113/><T81/><D81/><U37/><E37/><V127/><F134/><W1/><G1/><T44/><AGARI ba="1,0" hai="44,46,49,53,58" m="26697,2048,50762" machi="44" ten="50,1600,0" yaku="20,1" doraHai="28,33" who="0" fromWho="0" sc="191,19,214,-5,341,-9,254,-5" /><INIT seed="3,0,0,2,3,123" ten="210,209,332,249" oya="3" hai0="5,24,50,76,4,85,31,29,17,21,120,100,130" hai1="8,39,66,64,96,37,103,132,95,81,135,131,40" hai2="57,3,60,22,105,42,52,87,47,45,98,69,55" hai3="25,125,91,35,73,121,115,83,30,43,111,70,2"/><W99/><G121/><T110/><D120/><U134/><E131/><V61/><F3/><W46/><G115/><T104/><D130/><U19/><E81/><V133/><F133/><W124/><G70/><T93/><D104/><U34/><E34/><V74/><F74/><W107/><G2/><T13/><D110/><U56/><E56/><N who="2" m="34823" /><F87/><W119/><G119/><T15/><D15/><N who="1" m="7655" /><E40/><V78/><F22/><W10/><G10/><T14/><D14/><U90/><E90/><V118/><F98/><W71/><G71/><T88/><D100/><U79/><E79/><V12/><F12/><W63/><G63/><T23/><D31/><U0/><E0/><V7/><F7/><W77/><G111/><T80/><REACH who="0" step="1"/><D50/><REACH who="0" ten="200,209,332,249" step="2"/><U114/><E114/><V116/><F116/><W49/><REACH who="3" step="1"/><G107/><REACH who="3" ten="200,209,332,239" step="2"/><T11/><D11/><U44/><E132/><V106/><F106/><W102/><G102/><T67/><D67/><U51/><E64/><N who="2" m="41103" /><F105/><W1/><G1/><T65/><D65/><U128/><E66/><V38/><F118/><W28/><G28/><T32/><D32/><U41/><E128/><V72/><F38/><W48/><G48/><T53/><D53/><U20/><E37/><V92/><F55/><W86/><G86/><AGARI ba="0,2" hai="4,5,13,17,21,23,24,29,76,80,85,86,88,93" machi="86" ten="30,7700,0" yaku="1,1,7,1,8,1,54,1,53,0" doraHai="123" doraHaiUra="58" who="0" fromWho="3" sc="200,97,209,0,332,0,239,-77" /><INIT seed="4,0,0,3,3,113" ten="297,209,332,162" oya="0" hai0="90,71,121,86,1,12,35,73,11,107,9,70,24" hai1="10,130,94,88,99,30,55,75,38,39,22,48,133" hai2="20,116,68,96,100,29,102,15,37,25,36,82,105" hai3="33,34,58,91,61,79,135,109,69,101,44,63,41"/><T117/><D121/><U40/><E130/><V19/><F68/><W2/><G109/><T8/><D73/><U89/><E133/><V110/><F110/><W111/><G135/><T74/><D74/><U78/><E40/><V103/><F103/><W81/><G101/><T6/><D107/><U84/><E78/><V49/><F102/><W80/><G2/><T98/><D98/><U16/><E30/><V14/><F14/><W3/><G3/><T23/><D9/><U42/><E42/><V4/><F116/><W124/><G124/><T7/><D35/><U47/><E75/><V87/><F49/><W59/><G91/><T92/><REACH who="0" step="1"/><D117/><REACH who="0" ten="287,209,332,162" step="2"/><U125/><E10/><V85/><F85/><W93/><G111/><T120/><D120/><U122/><E122/><V126/><F126/><W95/><G33/><T57/><D57/><U67/><E125/><V131/><F96/><W76/><G34/><T32/><D32/><U17/><E67/><V77/><F87/><W62/><G69/><T27/><D27/><U83/><E17/><AGARI ba="0,1" hai="1,6,7,8,11,12,17,23,24,70,71,86,90,92" machi="17" ten="30,2900,0" yaku="1,1,7,1,53,0" doraHai="113" doraHaiUra="43" who="0" fromWho="1" sc="287,39,209,-29,332,0,162,0" /><INIT seed="4,1,0,5,4,38" ten="326,180,332,162" oya="0" hai0="125,122,68,8,41,77,12,67,83,26,17,15,69" hai1="106,14,3,114,92,60,87,102,80,58,118,29,134" hai2="47,120,96,18,129,33,6,45,70,100,108,119,43" hai3="53,63,101,97,98,110,73,9,64,22,128,51,132"/><T35/><D122/><U107/><E3/><V81/><F70/><W112/><G110/><T57/><D125/><U115/><E29/><V94/><F33/><W49/><G73/><T82/><D35/><U90/><E14/><V79/><F108/><W62/><G112/><N who="1" m="43050" /><E60/><V40/><F129/><W85/><G132/><T28/><D57/><U72/><E58/><V117/><F120/><W54/><G85/><T113/><D113/><U133/><E118/><N who="2" m="45067" /><F18/><W36/><G101/><T109/><D109/><U27/><E27/><V99/><F99/><W11/><G22/><T30/><D67/><U24/><E24/><V13/><F13/><W21/><G21/><T126/><D126/><U93/><E93/><V116/><F6/><W39/><REACH who="3" step="1"/><G64/><REACH who="3" ten="326,180,332,152" step="2"/><T4/><D28/><U19/><E102/><V74/><F116/><W88/><G88/><T76/><D30/><U7/><E7/><V20/><F20/><W89/><G89/><T56/><D4/><U78/><E19/><V10/><F10/><W131/><AGARI ba="1,1" hai="9,11,36,39,49,51,53,54,62,63,97,98,128,131" machi="131" ten="25,12000,2" yaku="1,1,0,1,22,2,53,2" doraHai="38" doraHaiUra="46" who="3" fromWho="3" sc="326,-61,180,-31,332,-31,152,133" /><INIT seed="5,0,0,5,3,25" ten="265,149,301,285" oya="1" hai0="108,133,68,91,107,51,99,74,23,17,16,59,103" hai1="97,118,129,105,44,112,135,78,43,12,33,86,106" hai2="0,113,89,47,117,38,20,101,10,69,127,111,119" hai3="26,32,55,115,40,36,94,81,71,24,63,87,3"/><U93/><E118/><V5/><F111/><W62/><G3/><T90/><D68/><U8/><E112/><V42/><F69/><W6/><G115/><T18/><D108/><U75/><E135/><V130/><F113/><W76/><G6/><T67/><D74/><U31/><E75/><V70/><F70/><W45/><G63/><T53/><D133/><U49/><E129/><V57/><F127/><W83/><G94/><T64/><REACH who="0" step="1"/><D23/><REACH who="0" ten="255,149,301,285" step="2"/><U56/><E56/><V114/><F20/><W104/><G71/><T27/><D27/><U1/><E1/><V60/><F114/><W39/><G24/><T2/><D2/><U120/><E120/><V48/><F57/><W14/><G26/><T132/><D132/><U66/><E33/><V131/><F0/><W110/><G32/><T84/><D84/><U82/><E66/><AGARI ba="0,1" hai="16,17,18,51,53,59,64,66,67,90,91,99,103,107" machi="66" ten="40,2600,0" yaku="1,1,54,1,53,0" doraHai="25" doraHaiUra="4" who="0" fromWho="1" sc="255,36,149,-26,301,0,285,0" /><INIT seed="6,0,0,0,1,36" ten="291,123,301,285" oya="2" hai0="106,40,35,42,93,9,109,45,94,21,69,2,0" hai1="50,107,14,55,22,97,70,78,127,89,23,53,38" hai2="108,27,90,11,8,25,37,26,64,66,30,83,74" hai3="47,68,130,59,103,34,58,67,129,15,87,118,98"/><V121/><F121/><W49/><G34/><T29/><D35/><U72/><E127/><V6/><F108/><W62/><G87/><T117/><D106/><U32/><E70/><V71/><F37/><W104/><G118/><T3/><D109/><U77/><E32/><V10/><F71/><W51/><G15/><T91/><D69/><U80/><E38/><V4/><F30/><W96/><G96/><T24/><D117/><U56/><E77/><V116/><F116/><W82/><G82/><T46/><D9/><U95/><E14/><V110/><F110/><W81/><G81/><T111/><D111/><U54/><E54/><V132/><F132/><W73/><G51/><T16/><D29/><U13/><E13/><V86/><F74/><W114/><G114/><T18/><D18/><U123/><E123/><V17/><F17/><W101/><G101/><T20/><D20/><U12/><E12/><V48/><F48/><W7/><G7/><AGARI ba="0,0" hai="4,6,7,8,10,11,25,26,27,64,66,83,86,90" machi="7" ten="40,2000,0" yaku="8,1" doraHai="36" who="2" fromWho="3" sc="291,0,123,0,301,20,285,-20" /><INIT seed="6,1,0,0,3,26" ten="291,123,321,265" oya="2" hai0="40,83,69,99,49,47,23,1,77,6,108,8,115" hai1="120,17,110,33,3,70,94,130,111,101,11,32,129" hai2="121,98,63,66,45,37,102,64,30,117,84,7,36" hai3="134,79,15,71,9,60,87,89,112,58,61,88,56"/><V122/><F117/><W54/><G71/><T104/><D115/><U43/><E94/><V73/><F73/><W57/><G134/><T127/><D127/><U114/><E43/><V92/><F7/><W103/><G112/><T95/><D108/><N who="1" m="41515" /><E101/><V128/><F128/><N who="1" m="49257" /><E114/><V51/><F66/><W109/><G109/><T25/><D69/><U97/><E97/><V16/><F84/><W31/><G31/><T124/><D124/><U133/><E70/><V81/><F81/><N who="3" m="47551" /><G103/><T41/><D104/><U12/><E133/><V65/><F36/><W4/><G58/><T116/><D116/><U18/><E3/><V46/><F37/><W10/><G10/><T113/><D41/><U42/><E42/><V34/><F102/><W19/><G4/><T85/><D113/><U90/><E90/><V123/><F65/><AGARI ba="1,0" hai="9,15,19,54,56,57,60,61,65,88,89" m="47551" machi="65" ten="30,2000,0" yaku="8,1,54,1" doraHai="26" who="3" fromWho="2" sc="291,0,123,0,321,-23,265,23" /><INIT seed="7,0,0,3,3,104" ten="291,123,298,288" oya="3" hai0="19,129,97,78,12,84,72,31,83,22,110,116,7" hai1="21,74,52,1,15,66,102,37,61,82,91,111,108" hai2="86,0,131,17,55,23,69,125,29,13,63,79,103" hai3="92,60,98,48,95,127,70,118,39,65,67,49,38"/><W124/><G118/><T105/><D110/><U25/><E1/><V99/><F0/><W112/><G112/><T59/><D129/><U64/><E37/><N who="3" m="13834" /><G67/><T93/><D116/><U42/><E42/><V81/><F125/><N who="3" m="48203" /><G92/><T36/><D36/><U85/><E102/><AGARI ba="0,0" hai="48,49,60,65,70,95,98,102" m="48203,13834" machi="102" ten="30,1500,0" yaku="18,1" doraHai="104" who="3" fromWho="1" sc="291,0,123,-15,298,0,288,15" owari="291,-10.9,108,-39.2,298,9.8,303,40.3" /></mjloggm>