<mjloggm ver="2.3"><GO type="169" lobby="0"/><UN n0="%E5%A4%9A%E6%91%A9%E3%82%BD%E3%83%BC%E3%82%B8" n1="%E6%9C%A8%E5%8E%9F%E8%B1%AA%E4%B8%80" n2="%E3%81%97%E3%82%89%E3%81%99%EF%BC%A1" n3="%E9%A2%A8%E3%81%A7%E9%B3%B4%E3%81%8F" dan="17,16,16,16" rate="2189.76,2173.86,2130.78,2160.83" sx="M,M,M,M"/><TAIKYOKU oya="0"/><INIT seed="0,0,0,5,3,72" ten="250,250,250,250" oya="0" hai0="25,20,11,83,58,27,46,42,121,7,17,51,26" hai1="2,117,86,12,74,21,14,23,123,134,22,124,126" hai2="82,91,97,100,38,13,92,106,94,90,30,33,9" hai3="80,15,107,32,52,60,45,111,37,29,53,56,93"/><T85/><D121/><U127/><E74/><V101/><F38/><W36/><G107/><T5/><D58/><U71/><E71/><V104/><F30/><W77/><G111/><T113/><D113/><U44/><E123/><V102/><F33/><W35/><G15/><T114/><D114/><U88/><E117/><V120/><F13/><W130/><G130/><T62/><D62/><U122/><E122/><V59/><F59/><W109/><G109/><T116/><D116/><U103/><E2/><V34/><F9/><W132/><G132/><T78/><REACH who="0" step="1"/><D5/><REACH who="0" ten="240,250,250,250" step="2"/><U43/><E134/><V4/><F4/><W108/><G108/><T54/><D54/><U105/><E105/><V1/><F120/><W49/><G37/><T95/><D95/><N who="1" m="54679" /><E103/><V87/><F1/><AGARI ba="0,1" hai="1,7,11,17,20,25,26,27,42,46,51,78,83,85" machi="1" ten="30,5800,0" yaku="1,1,7,1,52,1,53,0" doraHai="72" doraHaiUra="48" who="0" fromWho="2" sc="240,68,250,0,250,-58,250,0" /><INIT seed="0,1,0,4,3,95" ten="308,250,192,250" oya="0" hai0="81,80,129,79,118,38,87,23,10,75,131,36,128" hai1="120,4,126,106,20,61,12,103,100,27,114,74,77" hai2="2,0,121,117,97,49,40,65,111,18,105,66,47" hai3="6,62,44,35,133,33,84,94,108,85,60,46,30"/><T76/><D118/><U93/><E120/><V1/><F111/><W104/><G94/><T67/><D67/><U14/><E106/><V134/><F121/><W32/><G30/><T39/><D23/><U16/><E126/><V43/><F134/><W41/><G41/><T91/><REACH who="0" step="1"/><D10/><REACH who="0" ten="298,250,192,250" step="2"/><U130/><E20/><V102/><F117/><W113/><G35/><T72/><D72/><U17/><E74/><V64/><F40/><W124/><G33/><T37/><N who="0" m="9216" /><DORA hai="3" /><T92/><D92/><U88/><E93/><V24/><F65/><W45/><G32/><T69/><D69/><U68/><E68/><V26/><F26/><W19/><G133/><T98/><D98/><U96/><E96/><V73/><F73/><W115/><G124/><T109/><D109/><U28/><E27/><V90/><F24/><W31/><G108/><T8/><D8/><U119/><E119/><V70/><F70/><W82/><G104/><T127/><D127/><U86/><E114/><V50/><F66/><W53/><G113/><T7/><D7/><U42/><E4/><V112/><F64/><W78/><G6/><T25/><D25/><U54/><E28/><V110/><F112/><W48/><G115/><T56/><D56/><U34/><E34/><V123/><F110/><W29/><G31/><T55/><D55/><U59/><E54/><V99/><F123/><W132/><G29/><T71/><D71/><U5/><E59/><V9/><F97/><W122/><G132/><T101/><D101/><U89/><E100/><V11/><F102/><W52/><G122/><T15/><D15/><RYUUKYOKU ba="1,1" sc="298,30,250,-10,192,-10,250,-10" hai0="75,76,79,80,81,87,91,128,129,131" /><INIT seed="0,2,1,5,2,95" ten="328,240,182,240" oya="0" hai0="58,103,134,94,51,127,81,129,100,105,23,26,34" hai1="54,85,39,15,70,64,119,84,124,68,29,72,122" hai2="14,112,113,115,43,91,3,63,104,118,30,62,45" hai3="22,35,8,108,16,13,31,86,36,33,90,5,132"/><T82/><D34/><U77/><E122/><V21/><F3/><W27/><G36/><T101/><D105/><U69/><E39/><V93/><F104/><W83/><G108/><T114/><D114/><U52/><E119/><V38/><F118/><W116/><G116/><T107/><D107/><U102/><E64/><V87/><F14/><W25/><REACH who="3" step="1"/><G132/><REACH who="3" ten="328,240,182,230" step="2"/><T75/><D134/><U48/><E124/><V135/><REACH who="2" step="1"/><F135/><REACH who="2" ten="328,240,172,230" step="2"/><W4/><G4/><T11/><D127/><U1/><E1/><V59/><F59/><W128/><G128/><T32/><D129/><U57/><E57/><V88/><F88/><W24/><G24/><AGARI ba="2,3" hai="21,24,30,38,43,45,62,63,87,91,93,112,113,115" machi="24" ten="40,2600,0" yaku="1,1,53,1" doraHai="95" doraHaiUra="41" who="2" fromWho="3" sc="328,0,240,0,172,62,230,-32" /><INIT seed="1,0,0,4,2,131" ten="328,240,234,198" oya="1" hai0="109,126,62,92,124,47,9,95,31,82,34,17,67" hai1="79,32,49,105,3,60,61,77,96,100,107,134,71" hai2="133,102,104,41,114,52,1,94,42,83,81,46,135" hai3="54,125,123,75,15,13,26,129,55,70,27,127,72"/><U2/><E107/><V45/><F104/><W39/><G129/><T23/><D109/><U88/><E32/><V110/><F110/><W101/><G70/><T106/><D106/><U6/><E49/><N who="2" m="28719" /><F1/><W24/><G39/><T53/><D9/><U19/><E19/><V35/><F35/><W69/><G69/><T22/><D34/><U84/><E134/><N who="2" m="51211" /><F114/><W33/><G33/><T30/><D53/><N who="3" m="19977" /><G101/><T21/><D17/><U132/><E132/><V10/><F10/><W121/><G15/><T73/><D47/><U58/><E6/><V66/><F66/><W68/><G13/><T103/><D67/><U78/><E60/><V80/><F46/><W40/><G68/><T76/><D62/><U85/><E71/><V130/><F130/><W18/><G18/><T28/><D103/><U16/><E16/><V99/><AGARI ba="0,0" hai="41,42,80,81,83,94,99,102" m="51211,28719" machi="99" ten="40,8000,1" yaku="20,1,52,3,54,1" doraHai="131" who="2" fromWho="2" sc="328,-20,240,-40,234,80,198,-20" /><INIT seed="2,0,0,4,4,130" ten="308,200,314,178" oya="2" hai0="93,76,37,117,68,16,129,104,36,51,21,56,134" hai1="133,77,74,14,23,1,135,71,10,122,64,126,107" hai2="35,80,31,48,52,41,94,44,50,73,55,46,113" hai3="89,18,24,124,34,78,60,7,42,32,65,106,62"/><V53/><F113/><W69/><G124/><T47/><D104/><U99/><E126/><V8/><F35/><W108/><G108/><T81/><D68/><U59/><E71/><V90/><F31/><W132/><G7/><T101/><D129/><U15/><E122/><V63/><F63/><W84/><G78/><T97/><D56/><U110/><E110/><V86/><F73/><W123/><G123/><T96/><D96/><U91/><E1/><V29/><F29/><W61/><G106/><T82/><D117/><U115/><E115/><V128/><F128/><W49/><G132/><N who="1" m="50762" /><E23/><V0/><F0/><W120/><G120/><T88/><D101/><N who="1" m="62911" /><E91/><V85/><F8/><W105/><G105/><T103/><D103/><U95/><E95/><V98/><REACH who="2" step="1"/><F85/><REACH who="2" ten="308,200,304,178" step="2"/><W131/><G84/><T30/><D134/><U70/><E10/><V4/><F4/><W45/><G131/><T118/><D118/><U116/><E116/><V100/><AGARI ba="0,1" hai="41,44,46,48,50,52,53,55,80,86,90,94,98,100" machi="100" ten="20,18000,2" yaku="1,1,0,1,7,1,8,1,54,1,53,1" doraHai="130" doraHaiUra="92" who="2" fromWho="2" sc="308,-60,200,-60,304,190,178,-60" /><INIT seed="2,1,0,3,3,65" ten="248,140,494,118" oya="2" hai0="82,36,22,81,62,112,40,56,58,71,55,131,28" hai1="60,75,106,29,48,118,100,53,103,20,121,4,39" hai2="132,105,37,97,110,96,24,95,42,80,30,109,21" hai3="72,69,83,76,79,38,50,6,111,34,11,49,102"/><V17/><F105/><W8/><G34/><T130/><D28/><U7/><E75/><V89/><F132/><W77/><G38/><T18/><D112/><U74/><E39/><V70/><F80/><W113/><G113/><T84/><D58/><U23/><E74/><V94/><F70/><W52/><G50/><T27/><D71/><U0/><E0/><V135/><F135/><W51/><G49/><T86/><D86/><U47/><E106/><V25/><F42/><W1/><G111/><N who="2" m="42505" /><F37/><W124/><G124/><T122/><D122/><U91/><E60/><V104/><F104/><W59/><G102/><T93/><D93/><N who="2" m="35338" /><F89/><W45/><G45/><N who="0" m="23687" /><D84/><U57/><E47/><V10/><F10/><W61/><REACH who="3" step="1"/><G11/><REACH who="3" ten="248,140,494,108" step="2"/><T13/><D131/><U78/><E103/><V129/><F129/><W119/><G119/><T127/><D130/><U68/><E118/><V87/><F87/><W123/><G123/><T98/><D127/><U128/><E100/><V15/><F97/><W115/><G115/><T31/><D98/><U63/><E121/><V67/><F96/><W134/><G134/><T44/><D44/><U12/><E128/><V88/><F30/><W101/><G101/><T108/><D108/><U41/><E29/><V133/><F133/><W3/><G3/><T90/><D31/><U19/><E41/><V35/><F35/><W26/><G26/><T43/><D43/><U73/><E12/><V46/><F15/><W107/><G107/><T32/><D32/><U66/><E48/><V54/><F25/><W125/><G125/><T9/><D90/><U116/><E91/><RYUUKYOKU ba="1,1" sc="248,15,140,-15,494,-15,108,15" hai0="9,13,18,22,27,55,56,62,81,82" hai3="1,6,8,51,52,59,61,69,72,76,77,79,83" /><INIT seed="3,2,1,5,1,85" ten="263,125,479,123" oya="3" hai0="78,126,0,10,102,13,21,125,114,51,42,112,60" hai1="15,48,128,4,134,54,81,19,52,25,83,79,97" hai2="38,89,46,36,7,103,33,1,65,84,6,130,93" hai3="76,50,40,133,88,66,132,117,26,77,45,24,116"/><W44/><G66/><T121/><D121/><U73/><E128/><V9/><F33/><W67/><G67/><T41/><D0/><U61/><E134/><N who="3" m="51818" /><G76/><T35/><D35/><U43/><E4/><V94/><F130/><W74/><G77/><T95/><D21/><U115/><E115/><N who="0" m="44073" /><D78/><U37/><E37/><V8/><F65/><W108/><G74/><T129/><D129/><U11/><E25/><N who="3" m="9834" /><G108/><T123/><D60/><U20/><E61/><V5/><F46/><W49/><G88/><T56/><D123/><U99/><E83/><V90/><F103/><W119/><G40/><N who="0" m="15467" /><D51/><AGARI ba="2,1" hai="44,45,49,50,51,116,117,119" m="9834,51818" machi="51" ten="40,7700,0" yaku="28,2,20,1" doraHai="85" who="3" fromWho="0" sc="263,-83,125,0,479,0,123,93" /><INIT seed="3,3,0,1,5,45" ten="180,125,479,216" oya="3" hai0="132,114,86,22,18,15,71,104,25,62,47,122,49" hai1="102,73,34,13,14,65,33,92,3,123,100,116,119" hai2="134,101,94,7,77,36,110,76,38,58,103,17,113" hai3="24,29,46,26,88,115,63,72,130,42,59,106,82"/><W131/><G106/><T40/><D122/><U68/><E73/><V67/><F110/><W51/><G115/><T64/><D132/><U83/><E3/><V12/><F113/><W52/><G24/><T41/><D114/><U128/><E83/><V11/><F134/><W20/><REACH who="3" step="1"/><G88/><REACH who="3" ten="180,125,479,206" step="2"/><T66/><D104/><U112/><E112/><V120/><F103/><W69/><G69/><T97/><D97/><U121/><E68/><V10/><F101/><W23/><G23/><T27/><D66/><U107/><E107/><V91/><F67/><W87/><G87/><T89/><REACH who="0" step="1"/><D41/><REACH who="0" ten="170,125,479,206" step="2"/><U125/><E65/><V56/><F120/><W30/><G30/><T55/><D55/><U61/><E123/><V98/><F98/><W0/><G0/><T133/><D133/><U126/><E121/><V109/><F109/><W4/><G4/><T129/><D129/><U32/><E128/><V39/><F7/><W99/><G99/><T111/><D111/><U5/><E5/><V96/><F96/><W16/><G16/><T135/><D135/><U117/><E102/><V108/><F17/><W80/><G80/><AGARI ba="3,2" hai="15,18,22,25,27,40,47,49,62,64,71,80,86,89" machi="80" ten="30,3900,0" yaku="1,1,7,1,52,1,53,0" doraHai="45" doraHaiUra="1" who="0" fromWho="3" sc="170,68,125,0,479,0,206,-48" /><INIT seed="4,0,0,2,4,122" ten="238,125,479,158" oya="0" hai0="69,87,121,67,111,57,106,53,43,33,35,81,13" hai1="83,75,58,92,79,70,124,28,125,12,49,64,103" hai2="1,63,100,40,128,5,116,127,3,73,89,109,61" hai3="20,129,66,132,32,54,114,17,27,78,19,71,119"/><T135/><D121/><U104/><E70/><V24/><F109/><W7/><G119/><T91/><D106/><U80/><E80/><V99/><F128/><W97/><G129/><T0/><D0/><U123/><E123/><V18/><F73/><W131/><G131/><T37/><D135/><U51/><E28/><V23/><F40/><W56/><G132/><T26/><D13/><U68/><E68/><V8/><F127/><N who="1" m="48713" /><E104/><V48/><F1/><W42/><G42/><T133/><D133/><U94/><E12/><V52/><F89/><W90/><G7/><T72/><D72/><U118/><E118/><V110/><F110/><W85/><G32/><T34/><D67/><U10/><E10/><V108/><F108/><W107/><G78/><T113/><D69/><U59/><E94/><V41/><F41/><W60/><G114/><T29/><D113/><U95/><E95/><V96/><F96/><W117/><G117/><T102/><D102/><U22/><E22/><V86/><F86/><W36/><G36/><T2/><D2/><U98/><E64/><V39/><F39/><W76/><G76/><T9/><D9/><U21/><E21/><V62/><F116/><W31/><G97/><T16/><D111/><U6/><E6/><V88/><F100/><W14/><G14/><T25/><D29/><U47/><E47/><N who="2" m="27679" /><F99/><W46/><G46/><T15/><D37/><U74/><E74/><V4/><F4/><W82/><G107/><T45/><D45/><U55/><E59/><V93/><F93/><W120/><G120/><T11/><D43/><U44/><E44/><RYUUKYOKU ba="0,0" sc="238,0,125,0,479,0,158,0" hai0="11,15,16,25,26,33,34,35,53,57,81,87,91" hai1="49,51,55,58,75,79,83,92,98,103" hai2="3,5,8,18,23,24,61,62,63,88" hai3="17,19,20,27,31,54,56,60,66,71,82,85,90" /><INIT seed="4,1,0,5,2,51" ten="238,125,479,158" oya="0" hai0="66,20,106,18,45,58,108,100,15,73,134,117,130" hai1="35,33,38,40,60,50,46,109,98,88,97,0,19" hai2="103,113,41,53,131,55,95,79,104,69,86,24,93" hai3="111,39,43,12,87,5,114,123,10,70,127,56,61"/><T118/><D73/><U96/><E109/><V42/><F69/><W75/><G75/><T9/><D130/><U112/><E0/><V90/><F104/><W82/><G70/><T22/><D134/><U65/><E112/><V85/><F113/><W115/><G111/><T11/><D100/><U133/><E133/><V125/><F125/><W23/><G127/><T121/><D106/><U105/><E105/><V49/><F131/><W48/><G39/><T107/><D107/><U76/><E76/><V67/><F67/><W126/><G126/><T31/><D45/><U27/><E38/><V80/><F24/><W62/><G123/><T1/><D58/><U4/><E4/><V30/><F30/><W57/><G57/><T7/><D66/><U92/><E19/><V99/><F49/><W119/><G119/><T124/><D124/><U3/><E3/><V28/><F28/><W16/><G114/><T14/><D108/><U52/><E40/><AGARI ba="1,0" hai="40,41,42,53,55,79,80,85,86,90,93,95,99,103" machi="40" ten="40,5200,0" yaku="8,1,52,2" doraHai="51" who="2" fromWho="1" sc="238,0,125,-55,479,55,158,0" /><INIT seed="5,0,0,1,1,27" ten="238,70,534,158" oya="1" hai0="43,92,79,50,90,127,71,113,94,37,107,32,9" hai1="45,41,86,66,39,21,96,128,108,75,129,74,125" hai2="102,55,104,48,52,6,58,29,35,56,131,97,99" hai3="87,47,54,3,118,130,49,77,117,105,114,51,16"/><U91/><E66/><V82/><F131/><N who="1" m="50249" /><E125/><V25/><F6/><W14/><G130/><T133/><D71/><U84/><E108/><V110/><F110/><W36/><G105/><T31/><D107/><U70/><E70/><V33/><F97/><W4/><G114/><T111/><D113/><U30/><E96/><V123/><F82/><W61/><G36/><T135/><D127/><U38/><E39/><V5/><F5/><W116/><G61/><T78/><D37/><U112/><E112/><V63/><F123/><W89/><G77/><T126/><D126/><U11/><E11/><V57/><F58/><W18/><G3/><T15/><D9/><U44/><E44/><V83/><F83/><W28/><G28/><T17/><D135/><U53/><E53/><V20/><AGARI ba="0,0" hai="20,25,29,33,35,48,52,55,56,57,63,99,102,104" machi="20" ten="20,5200,0" yaku="0,1,7,1,52,1,54,1" doraHai="27" who="2" fromWho="2" sc="238,-13,70,-26,534,52,158,-13" /><INIT seed="6,0,0,0,2,30" ten="225,44,586,145" oya="2" hai0="2,20,5,129,36,53,73,24,60,75,64,95,43" hai1="63,116,9,41,93,18,109,44,105,17,66,50,76" hai2="65,70,25,77,28,32,81,39,133,13,19,88,121" hai3="79,67,135,98,87,89,117,1,119,0,114,118,85"/><V37/><F121/><W27/><G135/><T16/><D129/><U132/><E116/><V104/><F104/><W46/><G114/><T122/><D122/><U55/><E132/><V82/><F133/><W69/><G69/><T92/><D53/><U74/><E105/><V106/><F106/><W128/><G67/><T48/><D36/><U47/><E109/><V35/><F35/><W22/><G128/><T91/><D95/><U40/><E55/><V31/><F31/><W100/><G46/><T6/><D48/><U33/><E33/><V126/><F126/><W108/><G108/><T3/><D43/><U124/><E124/><V26/><F26/><W8/><G79/><T102/><D102/><U56/><E74/><V101/><F101/><W103/><G87/><T96/><D6/><U120/><E76/><V90/><F65/><W113/><G113/><T23/><D23/><U115/><E115/><V29/><F29/><W78/><G78/><T84/><D84/><U131/><E131/><V110/><F70/><W62/><G103/><T12/><D12/><U42/><E120/><V123/><F123/><W125/><G100/><T21/><D21/><U127/><E127/><V71/><F71/><W130/><G125/><T51/><D51/><U34/><E34/><V59/><F59/><W68/><G130/><T72/><D5/><U112/><E112/><V10/><F110/><W54/><G68/><T57/><AGARI ba="0,0" hai="2,3,16,20,24,57,60,64,72,73,75,91,92,96" machi="57" ten="30,2000,0" yaku="0,1,54,1" doraHai="30" who="0" fromWho="0" sc="225,20,44,-5,586,-10,145,-5" /><INIT seed="7,0,0,1,5,83" ten="245,39,576,140" oya="3" hai0="123,40,66,93,85,41,4,122,109,34,97,119,115" hai1="55,114,10,128,46,15,103,65,106,38,24,47,12" hai2="21,76,19,127,36,54,5,25,22,45,35,1,100" hai3="23,43,62,60,95,102,74,82,57,99,78,118,126"/><W112/><G112/><T98/><D34/><U92/><E114/><V108/><F108/><W120/><G118/><T11/><D109/><U96/><E128/><V29/><F127/><W44/><G126/><T20/><D119/><U6/><E38/><V68/><F68/><W84/><G120/><T110/><D110/><U50/><E65/><V75/><F100/><W67/><G60/><T51/><D115/><U56/><E106/><V13/><F54/><W61/><G61/><T8/><D66/><U26/><E26/><V31/><F31/><W70/><G23/><T30/><D98/><U101/><E101/><V87/><F87/><W49/><REACH who="3" step="1"/><G74/><REACH who="3" ten="245,39,576,130" step="2"/><T77/><D123/><U71/><E71/><AGARI ba="0,1" hai="43,44,49,57,62,67,70,71,78,82,84,95,99,102" machi="71" ten="40,7700,0" yaku="1,1,2,1,52,1,53,0" doraHai="83" doraHaiUra="9" who="3" fromWho="1" sc="245,0,39,-77,576,0,130,87" owari="245,4.5,-38,-53.8,576,67.6,217,-18.3" /></mjloggm>