<mjloggm ver="2.3"><GO type="169" lobby="0"/><UN n0="%E6%95%97%E5%8C%97%E8%80%85%E3%81%AD%E3%82%8B" n1="%E3%82%A2%E3%83%A9%E3%82%B5%E3%83%BC%E3%81%A0%E3%82%88%21%21" n2="%E3%81%82%E3%81%95%E3%81%B4%E3%82%93%EF%BC%A0%EF%BD%8D%EF%BD%8A" n3="%E6%B3%A2%E4%B9%83%E7%90%86" dan="17,18,18,16" rate="2182.48,2211.04,2243.51,2115.07" sx="F,F,M,M"/><TAIKYOKU oya="0"/><INIT seed="0,0,0,3,3,109" ten="250,250,250,250" oya="0" hai0="129,48,7,18,75,69,47,57,97,0,104,132,122" hai1="11,62,31,68,113,36,124,39,127,108,14,9,13" hai2="32,17,135,133,61,119,52,51,98,84,33,118,70" hai3="41,10,120,53,15,21,79,77,134,117,26,4,45"/><T86/><D122/><U126/><E31/><V96/><F84/><W81/><G120/><T16/><D75/><U82/><E108/><V107/><F17/><W110/><G117/><N who="2" m="44553" /><F61/><W112/><G110/><T24/><D69/><U60/><E82/><V92/><F107/><W38/><G134/><N who="2" m="51209" /><F70/><W131/><G112/><T100/><D132/><U56/><E68/><V46/><F96/><W130/><G53/><T121/><D121/><U64/><E113/><V102/><AGARI ba="0,0" hai="32,33,46,51,52,92,98,102" m="51209,44553" machi="102" ten="30,4000,0" yaku="12,1,20,1,54,1" doraHai="109" who="2" fromWho="2" sc="250,-20,250,-10,250,40,250,-10" /><INIT seed="1,0,0,1,4,76" ten="230,240,290,240" oya="1" hai0="60,12,97,87,63,21,120,104,126,74,51,56,54" hai1="80,108,15,67,23,16,128,40,119,4,27,100,75" hai2="64,118,110,17,72,48,55,109,66,96,34,31,82" hai3="62,79,9,69,49,132,22,133,84,39,95,125,59"/><U115/><E119/><V90/><F118/><W86/><G39/><T8/><D74/><U10/><E115/><V35/><F17/><W122/><G122/><T57/><D120/><U89/><E128/><V77/><F96/><W124/><G9/><T112/><D112/><U45/><E67/><N who="2" m="25643" /><F31/><W14/><G69/><T121/><D121/><U117/><E117/><V24/><F24/><W81/><G49/><T26/><D126/><N who="3" m="48745" /><G14/><T3/><D3/><U71/><E108/><N who="2" m="41579" /><F90/><N who="3" m="53719" /><G22/><T65/><D104/><U103/><E71/><V111/><N who="2" m="41587" /><V53/><DORA hai="18" /><F53/><AGARI ba="0,0" hai="53,59,62,79,81,84,132,133" m="53719,48745" machi="53" ten="30,2000,0" yaku="18,1,52,1" doraHai="76,18" who="3" fromWho="2" sc="230,0,240,0,290,-20,240,20" /><INIT seed="2,0,0,3,1,70" ten="230,240,270,260" oya="2" hai0="35,71,115,128,28,14,3,2,87,76,91,4,96" hai1="21,126,55,43,27,9,5,59,29,16,89,54,114" hai2="86,69,8,111,75,7,13,26,107,18,66,36,39" hai3="77,85,78,44,83,19,106,124,119,15,134,73,25"/><V82/><F107/><W48/><G119/><T6/><D71/><U122/><E114/><V61/><F75/><W45/><G106/><T20/><D115/><U51/><E126/><V23/><REACH who="2" step="1"/><F111/><REACH who="2" ten="230,240,260,260" step="2"/><W56/><G124/><T63/><D128/><U32/><E122/><V102/><F102/><W93/><G73/><T65/><D2/><U34/><E89/><AGARI ba="0,1" hai="7,8,13,18,23,26,36,39,61,66,69,82,86,89" machi="89" ten="30,12000,1" yaku="1,1,7,1,52,2,53,1" doraHai="70" doraHaiUra="79" who="2" fromWho="1" sc="230,0,240,-120,260,130,260,0" /><INIT seed="2,1,0,2,4,116" ten="230,120,390,260" oya="2" hai0="97,133,44,81,5,74,19,94,89,129,93,76,56" hai1="114,135,14,82,36,121,39,22,4,88,65,79,10" hai2="108,57,3,34,16,50,20,122,103,26,35,51,98" hai3="2,63,29,73,71,43,128,7,109,124,64,17,72"/><V47/><F3/><W25/><G109/><T99/><D129/><U33/><E114/><V80/><F108/><W67/><G128/><T92/><D133/><U53/><E33/><V45/><F57/><W15/><G124/><T30/><D5/><U18/><E135/><V106/><F122/><W132/><G132/><T107/><D30/><U28/><E65/><V23/><F80/><W38/><G67/><T55/><D44/><U37/><E28/><V32/><REACH who="2" step="1"/><F23/><REACH who="2" ten="230,120,380,260" step="2"/><W54/><G2/><T61/><D81/><U101/><E22/><V49/><AGARI ba="1,1" hai="16,20,26,32,34,35,45,47,49,50,51,98,103,106" machi="49" ten="40,12000,1" yaku="1,1,2,1,0,1,54,1,53,0" doraHai="116" doraHaiUra="58" who="2" fromWho="2" sc="230,-41,120,-41,380,133,260,-41" /><INIT seed="2,2,0,4,0,57" ten="189,79,513,219" oya="2" hai0="70,135,132,6,121,61,64,117,59,37,34,72,31" hai1="82,51,134,79,77,8,100,54,35,130,125,112,19" hai2="85,16,84,124,29,55,49,96,23,52,74,22,5" hai3="50,94,87,97,48,89,86,106,39,25,109,20,46"/><V114/><F114/><W17/><G109/><T69/><D121/><U111/><E112/><V123/><F123/><W28/><G39/><T122/><D122/><U30/><E111/><V91/><F74/><W95/><G106/><T73/><D37/><U38/><E38/><V66/><F124/><W7/><G7/><T63/><D117/><U90/><E134/><N who="0" m="51241" /><D6/><U44/><E125/><V75/><F75/><N who="0" m="28746" /><D31/><U80/><E130/><V58/><F5/><W18/><G50/><T40/><D40/><U15/><E100/><V76/><F66/><W128/><G128/><T81/><D81/><U107/><E107/><V133/><F133/><W9/><G9/><T41/><D41/><U53/><E82/><V1/><F1/><W13/><G13/><T45/><D45/><U60/><E30/><V3/><F3/><W14/><G14/><T92/><D92/><U42/><E35/><V129/><F76/><W0/><G0/><T71/><D34/><U56/><E42/><V115/><F115/><W65/><G65/><AGARI ba="2,0" hai="59,61,63,64,65,69,70,71" m="28746,51241" machi="65" ten="30,3900,0" yaku="20,1,52,2" doraHai="57" who="0" fromWho="3" sc="189,45,79,0,513,0,219,-45" /><INIT seed="3,0,0,4,2,76" ten="234,79,513,174" oya="3" hai0="77,56,32,3,12,63,73,2,8,36,134,104,21" hai1="116,80,49,81,62,57,107,19,50,92,129,91,88" hai2="133,4,47,113,124,103,87,64,82,46,11,45,112" hai3="101,1,109,15,132,86,59,54,35,30,22,24,38"/><W106/><G38/><T52/><D32/><U27/><E107/><V99/><F64/><W67/><G132/><T34/><D34/><U120/><E129/><V85/><F85/><W83/><G1/><T94/><D104/><U65/><E120/><V0/><F124/><W98/><G109/><T84/><D36/><U70/><E116/><V14/><F0/><W39/><G39/><T100/><D134/><U55/><E91/><V72/><F72/><W117/><G117/><T25/><D73/><U10/><E50/><V105/><REACH who="2" step="1"/><F133/><REACH who="2" ten="234,79,503,174" step="2"/><W53/><G67/><T131/><D131/><U126/><E126/><V79/><AGARI ba="0,1" hai="4,11,14,45,46,47,79,82,87,99,103,105,112,113" machi="79" ten="30,7900,0" yaku="1,1,2,1,0,1,52,1,53,0" doraHai="76" doraHaiUra="61" who="2" fromWho="2" sc="234,-20,79,-20,503,89,174,-39" /><INIT seed="4,0,0,5,3,38" ten="214,59,592,135" oya="0" hai0="122,18,47,12,103,16,0,86,105,85,109,37,101" hai1="102,119,66,132,45,55,82,52,100,20,134,135,97" hai2="24,1,32,58,78,94,73,33,113,41,75,13,117" hai3="15,123,71,118,125,129,84,67,108,2,83,120,106"/><T68/><D122/><U114/><E119/><V133/><F1/><W48/><G48/><T61/><D0/><U124/><E66/><V30/><F33/><W22/><G22/><T130/><D130/><U76/><E124/><V35/><F35/><W59/><G59/><T31/><D31/><U116/><E116/><V43/><F117/><W64/><G15/><T93/><D105/><U54/><E114/><V11/><F113/><W77/><G2/><T6/><D68/><U19/><E45/><V50/><F133/><W131/><G67/><T96/><D109/><U26/><REACH who="1" step="1"/><E97/><REACH who="1" ten="214,49,592,135" step="2"/><V98/><F98/><W21/><G118/><T7/><D47/><U126/><E126/><V121/><F121/><W39/><G125/><T110/><D110/><U63/><E63/><V10/><F58/><W62/><G108/><T69/><D61/><U3/><E3/><V17/><F73/><AGARI ba="0,1" hai="19,20,26,52,54,55,73,76,82,100,102,132,134,135" machi="73" ten="50,6400,0" yaku="1,1,20,1,54,1,53,0" doraHai="38" doraHaiUra="70" who="1" fromWho="2" sc="214,0,49,74,592,-64,135,0" /><INIT seed="5,0,0,2,4,75" ten="214,123,528,135" oya="1" hai0="114,41,4,133,86,14,35,16,32,57,103,31,42" hai1="39,18,24,38,74,131,128,65,27,70,15,108,106" hai2="60,79,44,30,85,11,123,107,9,72,63,1,81" hai3="25,71,17,3,88,87,132,28,47,80,124,2,115"/><U99/><E74/><V54/><F123/><W97/><G71/><T64/><D133/><U61/><E106/><V94/><F107/><W113/><G132/><T20/><D114/><N who="3" m="43529" /><G124/><T50/><D4/><U78/><E99/><V33/><F33/><N who="3" m="20623" /><G47/><T66/><D103/><U84/><E108/><V77/><F60/><W119/><G119/><T52/><D32/><U23/><E39/><V121/><F11/><W96/><G17/><T116/><D116/><U7/><E38/><V36/><F81/><W89/><G97/><T73/><D73/><U26/><REACH who="1" step="1"/><E7/><REACH who="1" ten="214,113,528,135" step="2"/><V126/><F72/><W109/><G109/><T105/><D105/><U135/><E135/><V82/><F36/><W134/><G134/><T13/><D35/><U102/><E102/><V67/><F126/><W6/><G6/><T53/><D86/><U55/><E55/><V12/><F54/><W46/><G46/><T68/><D53/><U83/><AGARI ba="0,1" hai="15,18,23,24,26,27,61,65,70,78,83,84,128,131" machi="83" ten="30,6000,0" yaku="1,1,0,1,52,1,53,0" doraHai="75" doraHaiUra="129" who="1" fromWho="1" sc="214,-20,113,70,528,-20,135,-20" /><INIT seed="5,1,0,4,5,21" ten="194,183,508,115" oya="1" hai0="124,67,45,29,133,70,84,28,26,40,135,3,32" hai1="50,9,127,102,1,68,31,14,37,83,44,79,113" hai2="58,110,74,4,69,10,109,2,39,91,72,96,60" hai3="63,94,48,130,77,101,111,123,75,121,125,100,76"/><U12/><E68/><V6/><F6/><W87/><G63/><N who="0" m="40319" /><D3/><U99/><E113/><V18/><F18/><W56/><G56/><T95/><D124/><U62/><E127/><V33/><F58/><W5/><G5/><T25/><D84/><U55/><E37/><V17/><F17/><W19/><G48/><N who="0" m="26663" /><D95/><N who="1" m="58751" /><E1/><V43/><F91/><N who="3" m="53631" /><G19/><T66/><D66/><U47/><E62/><V132/><F96/><W112/><G125/><T114/><D114/><U129/><E31/><N who="0" m="11849" /><D32/><U59/><E14/><V78/><F132/><AGARI ba="1,0" hai="25,26,132,133,135" m="11849,26663,40319" machi="132" ten="30,3900,0" yaku="20,1,52,2" doraHai="21" who="0" fromWho="2" sc="194,42,183,0,508,-42,115,0" /><INIT seed="6,0,0,5,5,9" ten="236,183,466,115" oya="2" hai0="39,55,52,118,50,37,121,57,17,61,40,53,87" hai1="58,76,89,7,29,11,8,0,115,85,117,25,67" hai2="75,33,134,27,109,4,10,15,130,5,69,20,49" hai3="13,83,24,81,74,128,56,1,125,42,18,93,90"/><V97/><F69/><W26/><G1/><T34/><D34/><U116/><E115/><V23/><F75/><W110/><G110/><T38/><D121/><U60/><E76/><V32/><F97/><W19/><G128/><T95/><D118/><U22/><REACH who="1" step="1"/><E8/><REACH who="1" ten="236,173,466,115" step="2"/><V63/><F10/><N who="3" m="6455" /><G74/><T132/><D132/><U112/><E112/><V73/><F134/><W72/><G72/><T98/><D37/><U111/><E111/><V6/><F73/><W103/><G125/><T36/><D38/><U71/><E71/><V100/><F109/><W78/><G78/><T31/><D36/><U62/><E62/><V101/><F63/><W107/><G107/><T48/><D39/><U131/><E131/><V86/><F130/><W104/><G104/><T106/><D61/><U88/><E88/><V133/><F133/><W80/><G103/><T51/><D106/><U2/><E2/><V41/><F100/><W82/><G42/><T84/><D40/><U120/><E120/><V127/><F101/><W114/><G114/><T99/><D48/><U129/><E129/><V59/><F49/><W113/><G113/><T45/><D50/><U30/><E30/><V124/><F41/><W77/><G77/><T66/><D51/><U92/><AGARI ba="0,1" hai="0,7,11,22,25,29,58,60,67,85,89,92,116,117" machi="92" ten="20,2700,0" yaku="1,1,0,1,7,1,53,0" doraHai="9" doraHaiUra="12" who="1" fromWho="1" sc="236,-7,173,37,466,-13,115,-7" /><INIT seed="7,0,0,5,3,78" ten="229,210,453,108" oya="3" hai0="90,75,114,88,19,24,2,101,31,34,61,73,132" hai1="112,20,49,28,127,77,121,59,9,74,3,118,47" hai2="5,123,97,56,26,22,63,27,130,134,64,62,81" hai3="99,85,92,11,100,67,126,110,87,115,69,25,95"/><W35/><G115/><T111/><D2/><U107/><E121/><V80/><F123/><W33/><G126/><T52/><D111/><U6/><E107/><V40/><F130/><W98/><G110/><T58/><D132/><U113/><E127/><V116/><F116/><W42/><G42/><T65/><D114/><N who="1" m="44139" /><E59/><V89/><F5/><W131/><G131/><T108/><D108/><U16/><E28/><V86/><F134/><W18/><G67/><T57/><D101/><U120/><E120/><V125/><F97/><W37/><G69/><T48/><D19/><U102/><E102/><V84/><F125/><W17/><G37/><T66/><D66/><U8/><E8/><V44/><F62/><W83/><G87/><T12/><D12/><N who="1" m="9223" /><E77/><N who="2" m="46095" /><F22/><W133/><G133/><T45/><REACH who="0" step="1"/><D57/><REACH who="0" ten="219,210,453,108" step="2"/><U43/><E118/><V105/><F105/><W76/><G18/><T119/><D119/><U21/><E21/><V128/><F128/><W124/><G124/><T94/><D94/><U70/><E74/><AGARI ba="0,1" hai="24,31,34,45,48,52,58,61,65,73,74,75,88,90" machi="74" ten="40,5200,0" yaku="1,1,54,2,53,0" doraHai="78" doraHaiUra="109" who="0" fromWho="1" sc="219,62,210,-52,453,0,108,0" owari="281,8.1,158,-24.2,453,55.3,108,-39.2" /></mjloggm>