<mjloggm ver="2.3"><GO type="225" lobby="0"/><UN n0="%33%74%72%65%65" n1="%E3%81%AF%E3%82%88%E3%81%8A%E3%81%98%E3%81%95%E3%82%93" n2="%E6%98%93%E5%88%A9%E8%96%A9%E4%BC%AF" n3="%E5%8D%A0%E3%81%84%E5%B8%AB%E8%A3%8F%E3%81%AA%E3%81%84%E3%81%97" dan="17,16,17,17" rate="2175.58,2163.68,2193.63,2182.99" sx="F,M,F,M"/><TAIKYOKU oya="0"/><INIT seed="0,0,0,4,3,107" ten="250,250,250,250" oya="0" hai0="97,33,128,132,28,40,55,135,36,76,0,82,126" hai1="13,133,10,100,87,95,88,68,30,23,108,124,93" hai2="85,11,25,65,110,62,15,16,12,20,75,19,17" hai3="89,134,131,94,14,129,31,8,74,57,112,79,29"/><T2/><D128/><N who="3" m="49225" /><G112/><T52/><D126/><U119/><E119/><V84/><F75/><W66/><G134/><N who="0" m="51243" /><D97/><U37/><E133/><V86/><F110/><W4/><G66/><T72/><D33/><U21/><E37/><V38/><F38/><W77/><G57/><T69/><D28/><N who="3" m="10825" /><G74/><T43/><D69/><U54/><E68/><V27/><REACH who="2" step="1"/><F19/><REACH who="2" ten="250,250,240,250" step="2"/><W64/><G64/><T1/><D36/><U9/><E108/><V39/><F39/><W81/><G81/><T121/><D121/><U34/><E124/><V5/><F5/><W7/><G4/><T47/><D47/><U71/><E30/><V92/><F92/><W118/><G118/><T113/><D113/><U51/><E95/><V48/><F48/><W45/><G45/><T125/><D125/><U104/><E93/><V117/><F117/><W122/><G122/><T116/><D116/><U70/><E34/><V18/><F18/><W111/><G111/><T41/><AGARI ba="0,1" hai="0,1,2,40,41,43,52,55,72,76,82" m="51243" machi="41" ten="40,7800,0" yaku="20,1,52,1,54,1" doraHai="107" who="0" fromWho="0" sc="250,88,250,-26,240,-26,250,-26" /><INIT seed="0,1,0,1,4,133" ten="338,224,214,224" oya="0" hai0="6,121,122,89,61,109,66,29,73,13,37,88,118" hai1="17,28,81,96,46,47,132,86,124,125,126,43,1" hai2="21,26,123,107,52,74,40,25,110,41,70,36,15" hai3="128,131,75,8,104,5,90,57,60,45,53,49,24"/><T112/><D112/><U32/><E132/><V111/><F70/><W113/><G113/><T117/><D37/><U129/><E129/><N who="3" m="49738" /><G104/><T119/><D73/><U38/><E1/><V84/><F74/><W3/><G75/><T12/><D29/><U95/><E17/><V82/><F107/><W91/><G24/><T130/><D130/><U115/><E115/><V71/><F71/><W54/><AGARI ba="1,0" hai="3,5,8,45,49,53,54,57,60,90,91" m="49738" machi="54" ten="30,1100,0" yaku="19,1" doraHai="133" who="3" fromWho="3" sc="338,-6,224,-4,214,-4,224,14" /><INIT seed="1,0,0,3,5,27" ten="332,220,210,238" oya="1" hai0="101,94,118,51,1,48,46,88,59,9,95,23,34" hai1="100,26,44,83,87,96,103,20,85,42,134,35,12" hai2="50,64,31,135,15,8,28,84,91,104,67,16,19" hai3="73,38,132,22,75,77,52,107,6,126,32,127,56"/><U13/><E134/><V106/><F135/><W68/><G32/><T82/><D34/><U131/><E131/><V21/><F106/><W41/><G68/><T99/><D118/><U61/><E61/><V76/><F76/><W53/><G107/><T70/><D70/><U57/><E57/><V130/><F104/><W24/><G6/><T86/><D1/><U36/><E35/><V116/><F116/><W133/><G53/><N who="0" m="32167" /><D9/><U102/><E96/><V5/><F50/><N who="3" m="30743" /><G41/><N who="0" m="25039" /><D23/><U90/><REACH who="1" step="1"/><E85/><REACH who="1" ten="332,210,210,238" step="2"/><V80/><F130/><W92/><G133/><T66/><D66/><N who="2" m="25130" /><F5/><W3/><G132/><T125/><D125/><U45/><E45/><V93/><F93/><AGARI ba="0,1" hai="82,86,88,93,94,95,99,101" m="25039,32167" machi="93" ten="30,2000,0" yaku="8,1,54,1" doraHai="27" who="0" fromWho="2" sc="332,30,210,0,210,-20,238,0" /><INIT seed="2,0,0,4,0,115" ten="362,210,190,238" oya="2" hai0="31,88,75,51,35,65,133,2,33,4,85,90,34" hai1="40,50,21,107,104,61,76,69,121,26,24,47,127" hai2="60,41,15,106,59,102,28,113,22,72,74,9,7" hai3="45,67,16,11,48,114,5,66,93,62,36,53,83"/><V123/><F113/><W120/><G114/><T105/><D75/><U86/><E127/><V20/><F123/><W54/><G120/><T91/><D133/><U81/><E121/><V78/><F41/><W44/><G83/><T8/><D105/><U100/><E26/><V57/><F57/><N who="3" m="35119" /><G36/><T125/><D125/><U0/><E0/><V25/><F22/><W124/><G5/><T29/><D65/><N who="3" m="24585" /><G93/><T89/><REACH who="0" step="1"/><D51/><REACH who="0" ten="352,210,190,238" step="2"/><U96/><E104/><V32/><F74/><W46/><G124/><T98/><D98/><U84/><E69/><V17/><F72/><W116/><G48/><T39/><D39/><U87/><E61/><V132/><F132/><W70/><G70/><T55/><D55/><U99/><E96/><V135/><F135/><W79/><G54/><T109/><D109/><U38/><E38/><V122/><F122/><W126/><G126/><T68/><D68/><U80/><E80/><AGARI ba="0,1" hai="2,4,8,29,31,33,34,35,80,85,88,89,90,91" machi="80" ten="50,8000,1" yaku="1,1,54,1,53,3" doraHai="115" doraHaiUra="30" who="0" fromWho="1" sc="352,90,210,-80,190,0,238,0" /><INIT seed="3,0,0,0,1,4" ten="442,130,190,238" oya="3" hai0="45,111,78,117,81,79,89,103,88,70,24,14,51" hai1="85,19,84,33,102,123,75,46,76,38,6,131,90" hai2="104,77,56,106,37,80,134,10,31,122,96,52,133" hai3="11,29,118,57,135,64,108,63,61,93,36,124,83"/><W2/><G118/><T49/><D70/><U23/><E123/><V32/><F37/><W72/><G36/><T34/><D117/><U5/><E131/><V100/><F122/><W115/><G29/><T26/><D111/><U55/><E33/><V99/><F31/><W120/><G115/><T60/><D103/><U130/><E130/><V69/><F32/><W74/><G135/><N who="2" m="51721" /><F69/><W25/><G25/><T94/><D60/><U91/><E75/><N who="2" m="43071" /><F10/><W126/><G11/><T50/><D45/><U113/><E113/><V82/><F82/><W86/><G120/><T13/><D89/><U28/><E102/><V98/><F100/><W47/><G83/><T110/><D110/><U128/><E128/><V41/><F41/><W95/><G108/><T97/><D34/><U121/><E121/><V12/><F12/><N who="0" m="4714" /><D79/><U71/><E71/><V53/><F53/><W9/><G74/><T17/><D17/><U3/><E28/><V59/><F59/><W127/><G72/><T54/><D54/><U125/><E125/><V20/><F20/><W27/><G126/><T68/><D68/><U42/><E76/><V87/><F87/><AGARI ba="0,0" hai="24,26,49,50,51,78,81,87,88,94,97" m="4714" machi="87" ten="30,2000,0" yaku="8,1,54,1" doraHai="4" who="0" fromWho="2" sc="442,20,130,0,190,-20,238,0" owari="462,56.2,130,-37.0,170,-23.0,238,3.8" /></mjloggm>