<mjloggm ver="2.3"><GO type="225" lobby="0"/><UN n0="%E3%81%AF%E3%82%88%E3%81%8A%E3%81%98%E3%81%95%E3%82%93" n1="%E6%98%93%E5%88%A9%E8%96%A9%E4%BC%AF" n2="%E8%81%B7%E6%A5%AD%E3%80%81%E9%A2%A8%32" n3="%E9%A6%AC%E5%BC%95%E7%81%AB%33" dan="16,17,16,16" rate="2188.04,2227.08,2172.00,2142.52" sx="M,F,M,M"/><TAIKYOKU oya="0"/><INIT seed="0,0,0,4,2,31" ten="250,250,250,250" oya="0" hai0="93,8,106,87,38,109,123,22,30,133,13,92,79" hai1="3,135,55,37,64,6,46,130,36,104,47,76,75" hai2="68,26,88,61,42,49,2,12,111,7,29,101,53" hai3="105,67,20,23,91,66,83,44,90,33,72,25,110"/><T102/><D123/><U113/><E104/><V63/><F111/><W82/><G110/><T98/><D38/><U48/><E75/><V56/><F2/><W69/><G105/><T117/><D117/><U84/><E76/><V45/><F101/><W114/><G114/><T100/><D109/><U70/><E84/><V15/><F7/><W40/><G33/><T116/><D116/><U50/><E6/><V16/><F68/><W35/><G35/><T107/><D133/><U120/><E3/><V121/><F121/><W9/><G9/><T74/><D74/><U0/><E0/><V96/><F63/><W5/><G5/><T10/><D106/><U89/><E89/><V99/><F29/><W58/><G69/><T124/><D124/><U86/><E86/><V81/><F99/><W54/><G72/><T39/><D39/><U19/><E19/><V115/><F81/><N who="3" m="30731" /><G91/><N who="0" m="53375" /><D79/><U17/><E17/><V94/><F115/><W95/><G40/><T134/><D134/><U132/><E120/><V34/><F34/><W108/><G44/><T52/><D107/><U59/><E113/><V41/><F41/><W103/><G103/><T129/><D100/><U14/><E36/><V125/><F125/><W11/><G11/><N who="0" m="4139" /><D129/><U131/><E37/><V127/><F127/><W85/><G108/><T51/><D30/><U27/><E132/><V60/><F60/><N who="3" m="35927" /><G20/><AGARI ba="0,0" hai="12,15,16,20,26,42,45,49,53,56,61,88,94,96" machi="20" ten="40,8000,1" yaku="25,2,8,1,54,2" doraHai="31" who="2" fromWho="3" sc="250,0,250,0,250,80,250,-80" /><INIT seed="1,0,0,1,0,85" ten="250,250,330,170" oya="1" hai0="46,12,88,90,114,93,124,76,21,55,36,31,95" hai1="5,119,37,62,50,3,87,127,122,98,67,128,45" hai2="19,26,20,96,70,27,11,113,24,73,58,78,125" hai3="94,105,130,13,83,102,40,106,68,61,92,33,18"/><U134/><E119/><V100/><F70/><W66/><G130/><T56/><D114/><U74/><E74/><V42/><F125/><W80/><G33/><T115/><D115/><U54/><E122/><V10/><F113/><W108/><G108/><T41/><D124/><U63/><E134/><V14/><F42/><W72/><G40/><T99/><D76/><U57/><E128/><V59/><F78/><W51/><G51/><T49/><D12/><U47/><E37/><V53/><F73/><W75/><G75/><T38/><D38/><U120/><E120/><V28/><F59/><W117/><G117/><T132/><D132/><U29/><E29/><V111/><F11/><W17/><G17/><T64/><D64/><U32/><E32/><V112/><F111/><W8/><G72/><T71/><D71/><U9/><E98/><V116/><F112/><W4/><G4/><T110/><D110/><U123/><E63/><N who="2" m="36303" /><F116/><W60/><G60/><T48/><D36/><U2/><E2/><V84/><F84/><W97/><REACH who="3" step="1"/><G105/><REACH who="3" ten="250,250,330,160" step="2"/><T118/><D118/><U0/><E127/><V81/><F19/><W30/><G30/><T91/><D95/><AGARI ba="0,1" hai="8,13,18,61,66,68,80,83,92,94,95,97,102,106" machi="95" ten="40,1300,0" yaku="1,1,53,0" doraHai="85" doraHaiUra="22" who="3" fromWho="0" sc="250,-13,250,0,330,0,160,23" /><INIT seed="2,0,0,2,0,100" ten="237,250,330,183" oya="2" hai0="122,94,33,12,125,35,68,5,119,9,3,113,45" hai1="130,42,64,95,28,99,87,81,54,107,59,24,98" hai2="66,96,71,46,67,85,91,115,97,0,88,34,19" hai3="40,44,7,21,114,62,79,129,124,60,23,111,20"/><V120/><F115/><W123/><G123/><T110/><D68/><U90/><E130/><V48/><F34/><W22/><N who="3" m="5120" /><DORA hai="112" /><W72/><G129/><T37/><D113/><U82/><E64/><N who="2" m="24619" /><F0/><W63/><G114/><T8/><D122/><U4/><E42/><N who="2" m="24663" /><F71/><W52/><G111/><T6/><D110/><U25/><E4/><V58/><F19/><W13/><G124/><T76/><D125/><U14/><E14/><V84/><F58/><W17/><G7/><T11/><D11/><U78/><E107/><V51/><F51/><W106/><G106/><T92/><D76/><U18/><E18/><V43/><F43/><W49/><G79/><T75/><D75/><U83/><E78/><V36/><F36/><W89/><G89/><N who="2" m="34377" /><F120/><W32/><G32/><T55/><D35/><U50/><E25/><V118/><F118/><W109/><G109/><T108/><D33/><U116/><E116/><V1/><F1/><W74/><REACH who="3" step="1"/><G40/><REACH who="3" ten="237,250,330,173" step="2"/><N who="0" m="22671" /><D119/><U26/><E24/><V117/><F117/><W10/><AGARI ba="0,1" hai="10,13,17,44,49,52,60,62,63,72,74" m="5120" machi="10" ten="50,6400,0" yaku="1,1,0,1,54,1,53,0" doraHai="100,112" doraHaiUra="121,103" who="3" fromWho="3" sc="237,-16,250,-16,330,-32,173,74" /><INIT seed="3,0,0,0,1,38" ten="221,234,298,247" oya="3" hai0="91,112,33,81,28,105,122,0,67,115,70,118,78" hai1="1,50,64,62,20,48,119,22,75,39,73,103,41" hai2="31,16,23,125,6,69,72,131,15,26,36,99,110" hai3="116,114,121,61,120,51,93,104,37,117,77,88,53"/><W63/><G104/><T129/><D122/><N who="3" m="47209" /><G77/><T123/><D123/><U17/><E1/><V106/><F69/><W19/><G19/><T46/><D118/><N who="3" m="45673" /><G88/><T76/><D0/><U44/><E119/><V47/><F72/><W109/><G93/><T82/><D105/><U55/><E103/><V95/><F106/><W8/><G8/><T74/><D129/><U79/><E48/><V3/><F131/><W49/><G37/><T40/><D91/><U56/><E79/><V100/><F36/><W101/><G101/><T35/><D28/><U12/><REACH who="1" step="1"/><E22/><REACH who="1" ten="221,224,298,247" step="2"/><N who="2" m="11551" /><F100/><W102/><G49/><T29/><D33/><U45/><AGARI ba="0,1" hai="12,17,20,39,41,44,45,50,55,56,62,64,73,75" machi="45" ten="20,5200,0" yaku="1,1,0,1,7,1,52,1,53,0" doraHai="38" doraHaiUra="5" who="1" fromWho="1" sc="221,-13,224,62,298,-13,247,-26" /><INIT seed="4,0,0,2,1,118" ten="208,286,285,221" oya="0" hai0="40,115,32,125,114,73,79,33,27,37,93,86,109" hai1="69,54,95,107,52,106,90,58,61,94,51,3,67" hai2="53,5,72,63,45,17,64,119,8,91,4,127,129" hai3="47,35,44,112,84,134,120,57,116,81,21,122,98"/><T71/><D71/><U78/><E3/><V101/><F119/><W77/><G112/><N who="0" m="43051" /><D125/><U88/><E78/><V75/><F127/><W70/><G134/><T19/><D109/><U16/><E16/><V43/><F129/><W135/><G135/><T15/><D73/><U65/><E65/><V85/><F75/><W123/><G35/><N who="0" m="13387" /><D27/><U20/><E20/><V87/><F72/><W1/><G116/><T25/><D25/><U31/><E31/><V36/><F101/><W89/><G1/><T2/><D2/><U14/><E14/><N who="2" m="7367" /><F87/><N who="3" m="48559" /><G70/><T24/><D24/><U99/><E54/><V110/><F110/><W48/><G21/><T82/><D93/><U18/><E18/><V117/><F117/><W66/><G98/><AGARI ba="0,0" hai="51,52,58,61,67,69,88,90,94,95,98,99,106,107" machi="98" ten="30,7700,0" yaku="7,1,9,1,54,2" doraHai="118" who="1" fromWho="3" sc="208,0,286,77,285,0,221,-77" owari="208,-19.2,363,46.3,285,8.5,144,-35.6" /></mjloggm>