<mjloggm ver="2.3"><GO type="169" lobby="0"/><UN n0="%E3%81%97%E3%82%82%E3%82%93%E3%81%AC" n1="%E6%81%8B%E3%81%AE%E3%81%86%E3%81%9F" n2="%58%E7%8C%AB" n3="%E6%B2%B3%E7%AB%A5%E3%81%AE%E3%83%AF%E3%82%AB%E3%83%9E%E3%83%84" dan="17,17,16,17" rate="2185.29,2205.73,2040.50,2201.36" sx="M,M,M,M"/><TAIKYOKU oya="0"/><INIT seed="0,0,0,2,5,122" ten="250,250,250,250" oya="0" hai0="65,91,13,4,37,98,85,61,17,14,34,33,112" hai1="121,88,64,7,57,93,50,18,77,26,96,35,20" hai2="51,23,80,128,63,55,101,19,126,43,129,132,5" hai3="42,41,52,24,107,68,87,100,106,3,31,86,114"/><T74/><D74/><U36/><E36/><V113/><F113/><W79/><G114/><T12/><D112/><U76/><E121/><V1/><F101/><W102/><G3/><T8/><D37/><U27/><E7/><V116/><F116/><W108/><G68/><T118/><D98/><U62/><E35/><V78/><F63/><W123/><G24/><T92/><D118/><U56/><E26/><V109/><F132/><W120/><G79/><T83/><D83/><U104/><E104/><V125/><F43/><W28/><REACH who="3" step="1"/><G52/><AGARI ba="0,0" hai="18,20,27,50,52,56,57,62,64,76,77,88,93,96" machi="52" ten="40,5200,0" yaku="8,1,54,2" doraHai="122" who="1" fromWho="3" sc="250,0,250,52,250,0,250,-52" /><INIT seed="1,0,0,1,2,22" ten="250,302,250,198" oya="1" hai0="128,96,24,60,39,98,31,40,89,81,35,92,124" hai1="100,28,125,119,91,135,14,75,44,36,11,38,87" hai2="16,18,5,95,7,8,20,56,131,72,43,85,34" hai3="113,127,126,97,106,132,118,55,26,66,25,17,71"/><U111/><E119/><V62/><F72/><W109/><G113/><T74/><D128/><U61/><E75/><V101/><F34/><W94/><G106/><T48/><D124/><N who="3" m="47657" /><G118/><T133/><D133/><U42/><E125/><V107/><F43/><W76/><G132/><T54/><D60/><U46/><E135/><V134/><F134/><W68/><G109/><T59/><D40/><U102/><E111/><V114/><F114/><W15/><G76/><T103/><D39/><U121/><E121/><V69/><F69/><N who="3" m="26699" /><G55/><T9/><D9/><U67/><E36/><V19/><F131/><W41/><G66/><T45/><D59/><U1/><E44/><V12/><F107/><W2/><G2/><T50/><D50/><U21/><E1/><V10/><F5/><W49/><G49/><T58/><D58/><U105/><E67/><V0/><F8/><N who="3" m="6375" /><G41/><T110/><D110/><U6/><E61/><V77/><F77/><W30/><G30/><T3/><D3/><U52/><E105/><V70/><F70/><W53/><G53/><T64/><D64/><U90/><E52/><N who="2" m="34055" /><F0/><W79/><G79/><T73/><REACH who="0" step="1"/><D81/><REACH who="0" ten="240,302,250,198" step="2"/><U86/><E42/><V83/><F7/><W80/><G80/><T116/><D116/><U115/><E6/><V130/><F130/><W123/><G123/><T57/><D57/><U122/><E122/><V32/><F10/><W84/><G97/><T88/><D88/><AGARI ba="0,1" hai="25,26,84,88,94" m="6375,26699,47657" machi="88" ten="30,7700,0" yaku="18,1,52,2,54,1" doraHai="22" who="3" fromWho="0" sc="240,-77,302,0,250,0,198,87" /><INIT seed="2,0,0,2,1,56" ten="163,302,250,285" oya="2" hai0="81,37,87,12,73,42,113,28,67,58,65,64,131" hai1="106,62,39,10,128,101,75,111,54,18,122,44,112" hai2="114,41,60,117,92,46,61,126,16,97,40,7,20" hai3="124,49,94,77,21,36,31,79,53,135,110,86,99"/><V35/><F117/><W63/><G36/><T24/><D113/><U83/><E111/><V105/><F105/><W91/><G110/><T33/><D73/><U51/><E128/><V84/><F35/><W125/><G135/><T25/><D131/><U69/><E112/><V47/><F114/><W57/><G31/><T100/><D100/><U109/><E109/><V55/><F7/><W102/><G21/><T23/><D12/><U89/><E39/><V2/><F84/><W72/><G72/><T27/><D37/><U134/><E122/><V129/><F2/><W119/><G119/><T103/><D103/><U120/><E120/><V130/><F126/><N who="3" m="48747" /><G49/><T29/><D42/><N who="2" m="16490" /><F130/><W8/><G8/><T26/><REACH who="0" step="1"/><D58/><REACH who="0" ten="153,302,250,285" step="2"/><U17/><E75/><V52/><F129/><W43/><G43/><T121/><D121/><U30/><E101/><N who="2" m="60583" /><F47/><W14/><G14/><T34/><D34/><U88/><E44/><V68/><F68/><W59/><G57/><T32/><D32/><U85/><E69/><V50/><F55/><W76/><G102/><T133/><D133/><U15/><E134/><V96/><F96/><AGARI ba="0,1" hai="53,59,63,76,77,79,86,91,94,96,99" m="48747" machi="96" ten="30,2000,0" yaku="18,1,52,1" doraHai="56" who="3" fromWho="2" sc="153,0,302,0,250,-20,285,30" /><INIT seed="3,0,0,3,0,37" ten="153,302,230,315" oya="3" hai0="19,106,117,130,5,134,67,34,33,36,120,96,133" hai1="131,77,55,90,125,126,115,6,10,116,39,69,111" hai2="22,24,54,70,97,81,4,127,2,41,88,50,122" hai3="72,92,132,105,12,56,82,114,112,7,99,119,129"/><W79/><G119/><T48/><D36/><U121/><E121/><V23/><F70/><W63/><G129/><T28/><D67/><U30/><E115/><V109/><F122/><W43/><G105/><T0/><D120/><U44/><E77/><V74/><F127/><W35/><G35/><N who="0" m="13323" /><D96/><U17/><E39/><V59/><F109/><W73/><G132/><N who="0" m="50795" /><D106/><U118/><E111/><V49/><F2/><W98/><G98/><T101/><D101/><U32/><E69/><V57/><F4/><W124/><G124/><T47/><D117/><U93/><E116/><V1/><F1/><W110/><G110/><T107/><D107/><U104/><E118/><V29/><F74/><W68/><G73/><T64/><D64/><U71/><E104/><V13/><F97/><W31/><G68/><T15/><D28/><U89/><E30/><V16/><F59/><W108/><G31/><T53/><D130/><U20/><E131/><V45/><F81/><W76/><G108/><T87/><D87/><U66/><E125/><V85/><F85/><W61/><G56/><T3/><D5/><U128/><E128/><V113/><F113/><W102/><G112/><T8/><AGARI ba="0,0" hai="0,3,8,15,19,47,48,53" m="50795,13323" machi="8" ten="30,1100,0" yaku="20,1" doraHai="37" who="0" fromWho="0" sc="153,11,302,-3,230,-3,315,-5" /><INIT seed="4,0,0,3,3,91" ten="164,299,227,310" oya="0" hai0="83,108,114,5,12,80,106,96,66,104,38,94,52" hai1="133,20,31,46,19,1,59,50,116,2,95,3,37" hai2="71,58,98,135,122,110,18,14,119,74,67,55,128" hai3="16,90,127,27,64,42,111,9,85,48,79,33,100"/><T75/><D38/><U61/><E116/><V53/><F110/><W56/><G111/><T10/><D108/><U29/><E37/><V35/><F122/><W68/><G127/><T21/><D114/><U45/><E133/><V88/><F74/><W43/><G68/><T107/><D66/><U126/><E126/><V130/><F135/><W97/><G79/><T63/><D75/><U112/><E112/><V118/><F35/><W72/><G72/><T92/><D21/><U93/><E31/><V13/><F67/><W129/><G129/><N who="2" m="49769" /><F71/><W28/><G48/><T39/><D39/><U99/><E29/><V113/><F113/><W24/><G56/><T25/><D25/><U117/><E99/><V131/><F131/><W102/><G102/><T123/><D123/><U134/><E117/><N who="2" m="44555" /><F58/><W62/><G62/><T15/><D15/><N who="2" m="5642" /><F18/><W82/><G64/><T76/><D76/><U120/><E134/><V11/><F11/><W36/><G9/><T103/><REACH who="0" step="1"/><D94/><AGARI ba="0,0" hai="53,55,88,94,98" m="5642,44555,49769" machi="94" ten="40,8000,1" yaku="19,1,12,1,52,1,54,1" doraHai="91" who="2" fromWho="0" sc="164,-80,299,0,227,80,310,0" /><INIT seed="5,0,0,3,5,12" ten="84,299,307,310" oya="1" hai0="108,37,24,59,85,2,55,5,16,77,35,64,42" hai1="22,86,28,26,23,89,73,129,25,92,97,31,100" hai2="70,135,45,56,99,81,120,47,60,13,15,116,84" hai3="14,118,19,113,98,111,53,68,6,66,4,40,96"/><U121/><E129/><V109/><F120/><W127/><G111/><T83/><D108/><U1/><E1/><V58/><F109/><W8/><G113/><T48/><D64/><U91/><E73/><V87/><F70/><W0/><G127/><T62/><D37/><U3/><E3/><V82/><F116/><W110/><G110/><T133/><D133/><U57/><E121/><V119/><F135/><W27/><G118/><T51/><D35/><U88/><REACH who="1" step="1"/><E57/><REACH who="1" ten="84,289,307,310" step="2"/><V114/><F119/><W76/><G0/><T95/><D2/><U43/><E43/><V104/><F114/><W7/><G40/><T90/><D42/><U52/><E52/><V117/><F117/><W17/><G53/><T94/><D5/><U93/><AGARI ba="0,1" hai="22,23,25,26,28,31,86,88,89,91,92,93,97,100" machi="93" ten="20,24000,3" yaku="1,1,0,1,7,1,9,1,8,1,54,1,53,2" doraHai="12" doraHaiUra="21" who="1" fromWho="1" sc="84,-80,289,250,307,-80,310,-80" /><INIT seed="5,1,0,2,5,3" ten="4,539,227,230" oya="1" hai0="13,68,76,11,43,17,98,84,33,113,29,42,21" hai1="36,25,10,53,128,104,49,40,85,15,112,135,4" hai2="88,102,101,71,65,96,2,80,131,72,74,48,22" hai3="126,60,57,106,46,38,83,52,100,55,91,127,14"/><U35/><E112/><V133/><F2/><W119/><G119/><T134/><D68/><U30/><E128/><V47/><F131/><W23/><G106/><T82/><D113/><U58/><E135/><V19/><F133/><W129/><G100/><T86/><D134/><U51/><E36/><V44/><F72/><W31/><G129/><T111/><D111/><U70/><E70/><V64/><F74/><W94/><G83/><T18/><D98/><U32/><E104/><V67/><F71/><W125/><G31/><T69/><D69/><U78/><E35/><V34/><F34/><W8/><G23/><T108/><D108/><U45/><E85/><N who="2" m="50215" /><F96/><N who="3" m="57439" /><G38/><T7/><D84/><U39/><E78/><V90/><F90/><W12/><G8/><T27/><D17/><U121/><E121/><V81/><F81/><W130/><G130/><T116/><D116/><U9/><E9/><V59/><F59/><N who="3" m="34919" /><G46/><N who="2" m="17449" /><F48/><AGARI ba="1,0" hai="12,14,48,55,57,125,126,127" m="34919,57439" machi="48" ten="30,2000,0" yaku="18,1,54,1" doraHai="3" who="3" fromWho="2" sc="4,0,539,0,227,-23,230,23" /><INIT seed="6,0,0,0,0,14" ten="4,539,204,253" oya="2" hai0="83,24,1,50,20,3,131,66,26,102,49,44,106" hai1="46,7,31,85,109,47,60,12,21,79,92,22,86" hai2="45,133,67,105,28,37,27,112,34,57,107,11,0" hai3="134,35,78,101,64,36,9,53,41,58,115,100,5"/><V42/><F57/><W132/><G35/><T70/><D131/><U84/><E109/><V97/><F133/><N who="3" m="51307" /><G64/><T95/><D106/><U124/><E79/><V116/><F116/><W108/><G108/><T87/><D24/><U113/><E113/><V25/><F112/><W96/><G78/><T40/><D49/><U120/><E124/><V10/><F67/><W15/><G115/><T117/><D117/><U135/><E120/><V98/><F98/><W81/><G81/><T76/><D102/><U127/><E127/><V110/><F110/><W88/><G41/><T6/><D6/><U119/><E119/><V93/><F25/><W55/><G36/><T62/><D95/><U16/><E7/><V104/><REACH who="2" step="1"/><F0/><REACH who="2" ten="4,539,194,253" step="2"/><W129/><G129/><T56/><D56/><U32/><E135/><V13/><F13/><W38/><G58/><T2/><D2/><U4/><E12/><V69/><F69/><W91/><G96/><T121/><D121/><U65/><E65/><V29/><F29/><AGARI ba="0,1" hai="1,3,20,26,29,40,44,50,62,66,70,76,83,87" machi="29" ten="30,1000,0" yaku="7,1" doraHai="14" who="0" fromWho="2" sc="4,20,539,0,194,-10,253,0" /><INIT seed="7,0,0,0,0,60" ten="24,539,184,253" oya="3" hai0="46,41,9,20,106,13,126,54,16,28,108,118,22" hai1="117,44,70,91,7,3,122,125,45,62,27,47,120" hai2="56,36,135,82,77,129,105,97,80,2,110,17,99" hai3="51,67,42,83,23,101,90,130,96,112,5,37,15"/><W66/><G37/><T72/><D106/><U65/><E117/><V132/><F36/><W69/><G69/><T49/><D72/><U1/><E125/><V29/><F2/><W111/><G112/><T124/><D118/><U78/><E78/><V104/><F29/><W88/><G130/><T55/><D108/><U98/><E27/><V100/><F56/><W61/><G111/><T10/><D10/><U52/><E91/><N who="3" m="34858" /><G83/><T35/><D35/><U114/><E114/><V59/><F59/><W86/><G86/><T109/><D109/><U92/><E3/><V123/><F17/><N who="3" m="10687" /><G61/><T58/><D54/><U18/><E1/><V74/><F110/><W43/><G5/><T95/><D95/><U34/><E7/><V48/><F48/><W102/><G96/><T73/><D73/><U85/><E85/><V113/><F113/><W39/><G39/><T131/><D131/><U71/><E98/><V25/><F129/><W12/><G12/><T38/><REACH who="0" step="1"/><D28/><REACH who="0" ten="14,539,184,253" step="2"/><U21/><E34/><V128/><F128/><W64/><G42/><T57/><D57/><U31/><E70/><V11/><F11/><W33/><G33/><T24/><D24/><U119/><E119/><V32/><F25/><W40/><G43/><T8/><D8/><U107/><E107/><V26/><F26/><W116/><G116/><T133/><D133/><N who="2" m="51274" /><F32/><W94/><G94/><T0/><D0/><U30/><E30/><V4/><F74/><W93/><G93/><T84/><D84/><U79/><E31/><V63/><F105/><W121/><G40/><T19/><D19/><U76/><E18/><RYUUKYOKU ba="0,1" sc="14,30,539,-10,184,-10,253,-10" hai0="9,13,16,20,22,38,41,46,49,55,58,124,126" owari="44,-45.6,539,63.9,174,-22.6,243,4.3" /></mjloggm>