<mjloggm ver="2.3"><GO type="169" lobby="0"/><UN n0="%46%4C%41%52%45" n1="%E6%95%97%E5%8C%97%E8%80%85%E3%81%AD%E3%82%8B" n2="%65%2D%6D%61%6E" n3="%E3%83%94%E3%83%B3%E3%82%B5%E3%83%AD%E5%BA%97%E5%93%A1" dan="16,17,16,17" rate="2132.77,2186.94,2090.79,2227.78" sx="M,F,M,M"/><TAIKYOKU oya="0"/><INIT seed="0,0,0,0,5,3" ten="250,250,250,250" oya="0" hai0="59,102,73,7,50,110,112,90,122,128,106,27,91" hai1="82,34,31,33,95,51,40,41,2,124,126,32,16" hai2="23,0,60,129,89,111,24,123,131,43,114,19,54" hai3="37,120,72,10,22,39,36,64,18,35,28,12,53"/><T48/><D112/><U96/><E2/><V127/><F114/><W17/><G72/><T57/><D122/><U92/><E31/><V38/><F123/><W133/><G120/><T66/><D73/><U21/><E82/><V69/><F111/><W113/><G113/><T58/><D110/><U100/><E92/><V62/><F127/><N who="1" m="48681" /><E51/><N who="0" m="19497" /><D106/><U74/><E74/><V87/><F0/><W42/><G133/><T45/><D128/><N who="2" m="49226" /><F69/><W105/><G105/><T75/><D75/><U88/><E100/><V86/><F86/><W117/><G28/><T13/><D102/><U130/><E130/><V98/><F98/><W71/><G35/><N who="1" m="8962" /><U83/><DORA hai="132" /><E83/><N who="2" m="49407" /><F54/><W119/><G53/><T52/><D66/><U29/><E29/><V85/><F85/><W5/><G64/><T103/><D103/><U121/><E121/><V9/><F9/><W93/><G10/><N who="0" m="4319" /><D52/><U25/><AGARI ba="0,0" hai="16,21,25,40,41,88,95,96" m="8962,48681" machi="25" ten="50,12000,2" yaku="18,1,52,3,54,2" doraHai="3,132" who="1" fromWho="1" sc="250,-60,250,120,250,-30,250,-30" /><INIT seed="1,0,0,0,2,49" ten="190,370,220,220" oya="1" hai0="132,17,76,122,38,56,66,37,28,113,7,60,107" hai1="40,42,29,4,20,86,23,82,109,50,115,59,8" hai2="25,89,16,48,101,34,45,93,3,84,124,0,71" hai3="106,87,85,47,41,98,14,74,104,80,36,77,114"/><U88/><E115/><V61/><F124/><W64/><G114/><T5/><D113/><U18/><E109/><V15/><F101/><W30/><G64/><T112/><D112/><U31/><E23/><V110/><F110/><W105/><G30/><T121/><D107/><U33/><E33/><V39/><F39/><N who="0" m="14858" /><D28/><U12/><E59/><V67/><F25/><W92/><REACH who="3" step="1"/><G14/><REACH who="3" ten="190,370,220,210" step="2"/><T1/><D1/><U119/><E119/><V13/><F13/><W68/><G68/><T6/><D132/><U62/><E62/><V51/><F34/><W44/><G44/><T24/><D66/><U120/><E120/><V116/><F116/><W63/><G63/><T97/><D60/><U43/><REACH who="1" step="1"/><E50/><REACH who="1" ten="190,360,220,210" step="2"/><V91/><F51/><W128/><G128/><T102/><D122/><U75/><E75/><V2/><F48/><W53/><G53/><T22/><D121/><U11/><E11/><V46/><REACH who="2" step="1"/><F89/><AGARI ba="0,2" hai="36,41,47,74,77,80,85,87,89,92,98,104,105,106" machi="89" ten="40,1300,0" yaku="1,1,53,0" doraHai="49" doraHaiUra="32" who="3" fromWho="2" sc="190,0,360,0,220,-13,210,33" /><INIT seed="2,0,0,2,1,85" ten="190,360,207,243" oya="2" hai0="106,5,12,27,2,57,133,17,99,135,72,19,7" hai1="55,86,114,40,37,84,24,100,74,50,126,89,93" hai2="34,65,48,15,119,58,128,41,28,120,22,44,68" hai3="78,115,113,129,98,45,124,66,96,8,51,122,112"/><V104/><F119/><W25/><G122/><T102/><D72/><U103/><E114/><V53/><F120/><W82/><G129/><T6/><D2/><U67/><E74/><V46/><F128/><W54/><G124/><T77/><D77/><U88/><E126/><V20/><F104/><W18/><G66/><T38/><D38/><U39/><E67/><V70/><F34/><W105/><G105/><T79/><D79/><U125/><E125/><V13/><F28/><W1/><G25/><T3/><D3/><U31/><E40/><V123/><F123/><W61/><G61/><T76/><D76/><U11/><E11/><V80/><F80/><W63/><G63/><T117/><D117/><U16/><E16/><V21/><F65/><W91/><G91/><T95/><D57/><N who="1" m="33015" /><E37/><V9/><F44/><W75/><REACH who="3" step="1"/><G18/><REACH who="3" ten="190,360,207,233" step="2"/><T111/><D106/><U92/><E39/><V30/><F30/><W62/><G62/><T81/><D27/><U64/><E64/><V134/><F134/><W132/><G132/><T49/><D19/><U35/><E35/><V14/><REACH who="2" step="1"/><F9/><REACH who="2" ten="190,360,197,233" step="2"/><W0/><G0/><T116/><D116/><U47/><E47/><V52/><F52/><W60/><G60/><AGARI ba="0,2" hai="13,14,15,20,21,22,41,46,48,53,58,60,68,70" machi="60" ten="40,3900,0" yaku="1,1,53,1" doraHai="85" doraHaiUra="42" who="2" fromWho="3" sc="190,0,360,0,197,59,233,-39" /><INIT seed="2,1,0,2,2,56" ten="190,360,256,194" oya="2" hai0="128,29,35,60,67,123,59,32,50,16,105,61,43" hai1="57,125,91,70,101,15,31,90,62,65,73,93,75" hai2="88,86,64,130,95,78,115,69,102,97,44,24,87" hai3="98,103,106,76,13,51,6,47,126,27,119,132,118"/><V111/><F115/><W25/><G132/><T36/><D123/><U38/><E38/><V40/><F130/><W92/><G126/><T131/><D105/><U81/><E125/><V80/><F111/><W37/><G37/><T122/><D122/><U1/><E1/><V99/><F24/><W116/><G76/><T12/><D36/><U20/><E101/><V33/><F33/><W124/><G124/><T107/><D107/><U28/><E70/><V52/><F69/><W11/><REACH who="3" step="1"/><G106/><REACH who="3" ten="190,360,256,184" step="2"/><T22/><D131/><U114/><E114/><V26/><F78/><W2/><G2/><T0/><D0/><U96/><E73/><V34/><F34/><W66/><G66/><T89/><D128/><U46/><E75/><V53/><F64/><W74/><G74/><T71/><D35/><U45/><E31/><V134/><F134/><W55/><AGARI ba="1,1" hai="6,11,13,25,27,47,51,55,92,98,103,116,118,119" machi="55" ten="30,2000,0" yaku="1,1,0,1,53,0" doraHai="56" doraHaiUra="63" who="3" fromWho="3" sc="190,-6,360,-6,256,-11,184,33" /><INIT seed="3,0,0,5,2,96" ten="184,354,245,217" oya="3" hai0="132,25,78,65,84,98,29,77,27,64,108,47,41" hai1="117,3,2,39,133,44,67,54,135,73,46,30,50" hai2="88,35,37,81,48,32,4,115,123,23,94,24,87" hai3="70,45,100,7,83,61,20,102,79,110,16,72,15"/><W58/><G70/><T34/><D108/><U99/><E73/><V9/><F37/><W121/><G121/><T101/><D132/><N who="1" m="50763" /><E117/><V126/><F126/><W120/><G120/><T68/><D27/><U82/><E82/><V57/><F123/><W6/><G110/><T130/><D130/><U119/><E119/><V26/><F115/><W112/><G112/><T107/><D84/><U11/><E30/><V38/><F38/><W59/><G45/><T43/><D43/><N who="1" m="22655" /><E67/><V40/><F81/><W103/><REACH who="3" step="1"/><G58/><REACH who="3" ten="184,354,245,207" step="2"/><T14/><D68/><U122/><E122/><V131/><F57/><W66/><AGARI ba="0,1" hai="6,7,15,16,20,59,61,66,72,79,83,100,102,103" machi="66" ten="30,24000,3" yaku="1,1,2,1,0,1,52,3,54,1,53,1" doraHai="96" doraHaiUra="12" who="3" fromWho="3" sc="184,-80,354,-80,245,-80,207,250" /><INIT seed="3,1,0,4,1,37" ten="104,274,165,457" oya="3" hai0="3,95,34,76,64,6,112,113,125,89,132,108,23" hai1="35,134,73,10,133,79,124,29,51,14,82,91,15" hai2="71,75,54,53,100,122,42,12,1,62,20,65,57" hai3="74,92,90,32,110,9,114,87,46,96,2,123,24"/><W129/><G114/><N who="0" m="44139" /><D34/><U61/><E124/><V38/><F1/><W49/><G123/><T86/><D125/><U88/><E61/><V31/><F122/><W80/><G129/><T99/><D108/><U118/><E118/><V119/><F119/><W77/><G110/><T128/><D128/><U105/><E105/><V4/><F75/><W59/><G59/><T104/><D132/><N who="1" m="50795" /><E51/><V85/><F100/><W40/><G32/><T81/><D104/><U127/><E127/><V56/><F85/><W126/><G24/><T27/><D64/><U50/><E50/><V17/><F4/><W115/><G115/><T68/><D68/><U69/><E69/><V33/><F33/><W83/><G126/><T18/><D6/><N who="1" m="3415" /><E15/><V30/><F71/><W52/><G9/><T66/><D66/><U102/><E102/><V84/><F65/><W120/><G120/><T135/><D135/><U117/><E117/><V22/><F22/><W116/><G116/><T63/><D63/><U36/><E36/><V93/><F38/><W121/><G121/><T55/><D55/><U25/><AGARI ba="1,0" hai="25,29,35,73,79,82,88,91" m="3415,50795" machi="25" ten="30,2000,0" yaku="20,1,54,1" doraHai="37" who="1" fromWho="1" sc="104,-6,274,23,165,-6,457,-11" /><INIT seed="4,0,0,4,3,35" ten="98,297,159,446" oya="0" hai0="91,3,68,8,83,70,1,25,76,103,59,133,20" hai1="22,66,31,18,54,50,52,98,42,65,114,19,67" hai2="63,99,6,131,135,23,108,53,56,51,94,72,38" hai3="60,24,39,118,46,17,47,80,130,111,11,121,100"/><T120/><D120/><U84/><E114/><V77/><F108/><W2/><G118/><T123/><D123/><U57/><E42/><V48/><F135/><W79/><G111/><T85/><D133/><U32/><E32/><V34/><F34/><W95/><G121/><T64/><D103/><U16/><E98/><V7/><F131/><W129/><G60/><T78/><D59/><U92/><E31/><V134/><F38/><W115/><G115/><T69/><D64/><U113/><E113/><V89/><F134/><W81/><G24/><T30/><REACH who="0" step="1"/><D8/><REACH who="0" ten="88,297,159,446" step="2"/><U86/><E22/><V9/><F23/><W41/><G100/><T15/><D15/><U26/><E26/><V62/><F9/><W27/><G11/><T106/><D106/><U0/><E0/><AGARI ba="0,1" hai="0,1,3,20,25,30,68,69,70,76,78,83,85,91" machi="0" ten="50,12000,1" yaku="1,1,52,3,53,0" doraHai="35" doraHaiUra="107" who="0" fromWho="1" sc="88,130,297,-120,159,0,446,0" /><INIT seed="4,1,0,2,2,11" ten="218,177,159,446" oya="0" hai0="92,133,128,42,75,103,53,9,93,68,3,5,7" hai1="104,25,20,82,41,122,35,96,19,64,29,84,135" hai2="71,0,107,129,38,113,45,121,111,106,40,2,125" hai3="70,46,43,17,57,4,74,76,27,72,95,115,37"/><T89/><D75/><U62/><E122/><V33/><F45/><W21/><G70/><T56/><D68/><U49/><E135/><V77/><F40/><W100/><G115/><T102/><D133/><U32/><E32/><V65/><F77/><W87/><G4/><T99/><D128/><U117/><E117/><V18/><F18/><W54/><G100/><T132/><D132/><U83/><E41/><V16/><F16/><W126/><G126/><T59/><D42/><U12/><E49/><V94/><F94/><W81/><G95/><T90/><D7/><U119/><E119/><V85/><F85/><W91/><G76/><T124/><D59/><U101/><REACH who="1" step="1"/><E84/><REACH who="1" ten="218,167,159,446" step="2"/><V61/><F121/><W34/><G34/><T28/><D124/><U86/><E86/><V15/><F33/><W31/><G31/><T130/><D28/><U112/><E112/><V66/><F113/><W131/><G131/><T22/><D130/><U6/><E6/><V36/><F125/><W105/><G105/><T26/><D5/><U114/><E114/><V67/><F129/><W50/><AGARI ba="1,1" hai="17,21,27,37,43,46,50,54,57,72,74,81,87,91" machi="50" ten="20,1500,0" yaku="0,1,7,1" doraHai="11" who="3" fromWho="3" sc="218,-8,167,-5,159,-5,446,28" /><INIT seed="5,0,0,2,0,24" ten="210,162,154,474" oya="1" hai0="118,5,18,111,22,99,67,64,8,127,39,114,93" hai1="74,135,30,44,83,89,35,130,47,54,113,13,70" hai2="71,50,14,55,59,82,121,62,12,0,102,10,133" hai3="103,132,52,117,122,119,77,28,63,57,90,84,126"/><U40/><E70/><V128/><F121/><W11/><G122/><T20/><D111/><U105/><E105/><V79/><F133/><W58/><G132/><T32/><D32/><U92/><E135/><V115/><F128/><W6/><G126/><T2/><D118/><N who="3" m="45065" /><G103/><T94/><D39/><U49/><E130/><V91/><F115/><W106/><G106/><T38/><D38/><U31/><E113/><V68/><F102/><W112/><G112/><T88/><D127/><U134/><E134/><V108/><F91/><W97/><G28/><T129/><D129/><U81/><E13/><V78/><F108/><W21/><G21/><T72/><D22/><U80/><E74/><V27/><F27/><W45/><G97/><T131/><D72/><U1/><E1/><V15/><F79/><W107/><G77/><T86/><D114/><U66/><E66/><V85/><REACH who="2" step="1"/><F62/><REACH who="2" ten="210,162,144,474" step="2"/><W9/><G63/><T43/><D131/><U48/><REACH who="1" step="1"/><E35/><REACH who="1" ten="210,152,144,474" step="2"/><V73/><F73/><W95/><G107/><T65/><D65/><U76/><E76/><V124/><F124/><W16/><G6/><AGARI ba="0,2" hai="0,6,10,12,14,15,50,55,59,68,71,78,82,85" machi="6" ten="40,1300,0" yaku="1,1,53,0" doraHai="24" doraHaiUra="101" who="2" fromWho="3" sc="210,0,152,0,144,33,474,-13" /><INIT seed="6,0,0,5,1,7" ten="210,152,177,461" oya="2" hai0="30,47,23,83,12,40,70,76,82,125,111,0,95" hai1="62,96,6,64,85,89,2,73,56,54,1,29,81" hai2="99,68,63,109,65,79,128,115,92,33,86,45,17" hai3="37,97,122,35,18,116,41,28,101,13,104,129,44"/><V71/><F115/><W20/><G116/><T51/><D111/><U117/><E117/><V100/><F109/><W34/><G122/><T126/><D0/><U49/><E73/><V58/><F128/><W60/><G129/><T72/><D70/><U31/><E96/><V120/><F120/><W16/><G28/><T133/><D133/><U26/><E6/><V75/><F75/><W52/><REACH who="3" step="1"/><G18/><REACH who="3" ten="210,152,177,451" step="2"/><T124/><D30/><U113/><E31/><V9/><F33/><W19/><G19/><T118/><D118/><U69/><REACH who="1" step="1"/><E113/><REACH who="1" ten="210,142,177,451" step="2"/><V78/><F17/><W87/><G87/><N who="0" m="48583" /><D126/><U112/><E112/><V127/><F127/><W84/><G84/><T91/><D125/><U102/><E102/><V25/><F86/><W10/><G10/><T94/><D124/><U121/><E121/><V105/><F100/><W39/><G39/><T36/><D36/><U123/><E123/><V15/><F9/><W106/><G106/><T132/><D72/><U80/><E80/><V93/><F105/><W131/><G131/><T107/><D83/><U50/><E50/><V114/><F114/><W38/><G38/><T103/><D107/><U67/><E67/><V42/><F65/><W3/><G3/><T108/><D108/><U59/><E59/><AGARI ba="0,2" hai="13,16,20,34,35,37,41,44,52,59,60,97,101,104" machi="59" ten="40,8000,1" yaku="1,1,54,2,53,1" doraHai="7" doraHaiUra="98" who="3" fromWho="1" sc="210,0,142,-80,177,0,451,100" /><INIT seed="7,0,0,3,2,20" ten="210,62,177,551" oya="3" hai0="131,29,135,74,129,10,43,90,73,108,63,115,88" hai1="103,62,36,106,77,38,126,102,6,17,100,5,57" hai2="16,85,37,45,28,98,71,81,97,91,111,72,25" hai3="125,39,101,46,33,119,68,18,31,42,55,118,22"/><W26/><G68/><T1/><D108/><U65/><E106/><V124/><F111/><W112/><G112/><T2/><D135/><U116/><E126/><V80/><F124/><W107/><G125/><T128/><D115/><U105/><E116/><V49/><F71/><W8/><G55/><T93/><D43/><U134/><E105/><V76/><F37/><W52/><G8/><T40/><D40/><U50/><E134/><V60/><F60/><W4/><G4/><N who="0" m="1295" /><D2/><U61/><E77/><V110/><F110/><W58/><G101/><T32/><D63/><U59/><E102/><V15/><F15/><W47/><G47/><T94/><D29/><U12/><E50/><V66/><F66/><W89/><G89/><N who="0" m="34411" /><D32/><U34/><E12/><V123/><F123/><W109/><G107/><T96/><D96/><U44/><E17/><V127/><F127/><W121/><G121/><T83/><D74/><U64/><REACH who="1" step="1"/><E34/><REACH who="1" ten="210,52,177,551" step="2"/><V132/><F132/><W27/><G109/><T24/><D131/><U7/><E7/><V92/><F16/><W0/><G0/><T86/><D129/><U87/><E87/><V122/><F122/><W14/><G14/><T69/><D86/><U56/><E56/><V51/><F49/><AGARI ba="0,1" hai="18,22,26,27,31,33,39,42,46,49,52,58,118,119" machi="49" ten="30,11600,0" yaku="7,1,52,2,54,1" doraHai="20" who="3" fromWho="2" sc="210,0,52,0,177,-116,551,126" owari="210,1.0,52,-44.8,61,-33.9,677,77.7" /></mjloggm>