<mjloggm ver="2.3"><GO type="169" lobby="0"/><UN n0="%E3%81%93%E3%81%AB" n1="%E3%83%94%E3%83%B3%E3%82%B5%E3%83%AD%E5%BA%97%E5%93%A1" n2="%E5%90%83%E8%B2%A8%E5%B0%8F%E5%8C%97%E5%8C%97" n3="%E5%A4%A7%E4%BB%81%E7%94%B0%E8%96%84" dan="16,17,18,17" rate="2146.22,2256.89,2280.46,2192.47" sx="M,M,M,M"/><TAIKYOKU oya="0"/><INIT seed="0,0,0,0,1,38" ten="250,250,250,250" oya="0" hai0="12,19,107,118,120,95,89,58,84,26,44,1,83" hai1="34,63,131,27,37,57,48,86,18,31,72,54,40" hai2="13,35,71,68,9,101,114,17,62,45,67,129,122" hai3="76,111,116,134,15,125,41,103,81,7,87,85,121"/><T119/><D120/><U28/><E72/><V65/><F122/><W105/><G121/><T132/><D1/><U108/><E108/><V113/><F35/><W99/><G116/><T128/><D107/><U102/><E131/><V98/><F129/><W59/><G111/><T82/><D128/><U75/><E75/><V30/><F30/><W25/><G125/><T11/><D132/><U97/><E31/><V130/><F130/><W61/><G134/><T80/><D58/><U22/><E86/><V88/><F45/><W106/><G25/><T46/><D46/><U2/><E2/><V60/><REACH who="2" step="1"/><F88/><REACH who="2" ten="250,250,240,250" step="2"/><W123/><G123/><T79/><D79/><U64/><E34/><V90/><F90/><W115/><G76/><T36/><REACH who="0" step="1"/><D26/><REACH who="0" ten="240,250,240,250" step="2"/><U100/><E27/><V6/><F6/><W78/><G7/><T112/><D112/><U56/><E28/><V52/><F52/><W104/><G115/><T29/><D29/><U127/><E54/><V47/><F47/><W53/><G78/><T110/><D110/><U117/><E117/><V93/><AGARI ba="0,2" hai="9,13,17,60,62,65,67,68,71,93,98,101,113,114" machi="93" ten="20,8000,1" yaku="1,1,0,1,7,1,9,1,53,1" doraHai="38" doraHaiUra="5" who="2" fromWho="2" sc="240,-40,250,-20,240,100,250,-20" /><INIT seed="1,0,0,1,4,127" ten="200,230,340,230" oya="1" hai0="67,91,60,98,82,85,24,114,23,31,68,79,56" hai1="17,7,27,30,10,61,26,38,110,46,128,111,14" hai2="77,88,102,130,84,69,65,11,80,34,19,59,112" hai3="51,72,92,62,37,109,28,101,6,96,53,54,135"/><U93/><E93/><V74/><F34/><W122/><G109/><N who="1" m="41482" /><E61/><V35/><F35/><W0/><G135/><T42/><D114/><U117/><E46/><V18/><F69/><W106/><G37/><T39/><D39/><U78/><E78/><V52/><F65/><W40/><G72/><T70/><D42/><U5/><E38/><V89/><F112/><W99/><G122/><T124/><D124/><U49/><E49/><V58/><F58/><W48/><G28/><T97/><D97/><U64/><E64/><V50/><F130/><W22/><G22/><T132/><D132/><U131/><E117/><V25/><F102/><W113/><G62/><T47/><D47/><U133/><E133/><V66/><F66/><W43/><G113/><T123/><D123/><U57/><E57/><V116/><F116/><W15/><G0/><T3/><D3/><N who="1" m="319" /><E7/><V100/><F100/><W4/><G106/><T121/><D121/><U63/><E63/><V129/><F74/><W120/><G120/><T125/><D125/><U32/><E27/><V2/><F25/><W41/><G99/><T81/><REACH who="0" step="1"/><D98/><REACH who="0" ten="190,230,340,230" step="2"/><U83/><E83/><V119/><F80/><W12/><G41/><T126/><D126/><U87/><E87/><AGARI ba="0,1" hai="23,24,31,56,60,67,68,70,79,81,82,85,87,91" machi="87" ten="30,2000,0" yaku="1,1,7,1,53,0" doraHai="127" doraHaiUra="90" who="0" fromWho="1" sc="190,30,230,-20,340,0,230,0" /><INIT seed="2,0,0,0,0,107" ten="220,210,340,230" oya="2" hai0="121,124,61,14,46,110,53,111,72,133,64,114,74" hai1="69,7,93,31,23,28,21,119,6,33,85,60,125" hai2="49,81,55,32,37,116,73,56,1,15,47,71,84" hai3="80,82,77,115,126,67,98,16,94,108,13,117,128"/><V75/><F116/><W68/><G117/><T50/><D121/><U54/><E119/><V113/><F113/><W105/><G105/><T76/><D114/><U63/><E125/><V12/><F1/><W17/><G115/><T135/><D124/><U25/><E33/><V66/><F32/><W38/><G38/><T42/><D14/><U30/><E69/><V123/><F123/><W8/><G108/><N who="0" m="41515" /><D42/><U39/><E39/><V52/><F12/><W90/><G128/><T45/><D45/><U41/><E41/><N who="2" m="22959" /><F55/><W78/><G126/><T36/><D76/><N who="3" m="29289" /><G68/><N who="0" m="41999" /><D36/><U4/><E54/><V118/><F15/><N who="3" m="7271" /><G67/><T101/><D101/><U51/><E51/><V99/><F99/><W91/><G91/><T59/><D59/><U112/><E112/><V0/><F0/><W83/><G83/><T27/><D27/><N who="1" m="16495" /><E31/><V3/><F3/><W129/><G129/><T103/><D103/><U43/><E43/><V122/><F118/><W58/><G58/><T88/><D88/><AGARI ba="0,0" hai="4,6,7,23,25,30,60,63,85,88,93" m="16495" machi="88" ten="30,2000,0" yaku="8,1,54,1" doraHai="107" who="1" fromWho="0" sc="220,-20,210,20,340,0,230,0" /><INIT seed="3,0,0,5,4,61" ten="200,230,340,230" oya="3" hai0="47,83,25,4,101,48,132,96,71,84,14,37,16" hai1="39,106,60,64,116,131,134,97,108,43,55,117,135" hai2="98,11,51,49,63,7,53,122,12,115,89,21,9" hai3="54,17,99,107,38,8,0,78,50,114,105,104,125"/><W88/><G38/><T75/><D132/><N who="1" m="50731" /><E97/><V80/><F115/><W123/><G114/><T33/><D75/><U5/><E106/><V66/><F122/><W68/><G123/><T35/><D71/><N who="1" m="42375" /><E5/><V10/><F7/><W100/><G125/><T18/><D37/><U3/><E3/><V40/><F40/><W65/><G78/><T87/><D4/><U13/><E13/><V30/><F53/><W77/><G77/><T67/><D67/><U31/><E31/><V27/><F12/><W81/><G0/><T72/><D72/><U57/><E108/><V118/><F118/><N who="1" m="45673" /><E131/><V124/><F124/><W34/><G34/><T127/><D127/><U70/><E70/><V22/><F22/><W92/><G81/><T45/><D25/><U19/><E19/><V6/><F6/><W28/><G28/><T69/><D69/><U103/><E103/><V85/><F98/><W62/><G17/><T112/><D96/><U2/><E2/><V15/><F15/><W56/><REACH who="3" step="1"/><G8/><REACH who="3" ten="200,230,340,220" step="2"/><T32/><D32/><U26/><E26/><V133/><F133/><W110/><G110/><T90/><D33/><U82/><E82/><V41/><F10/><W79/><G79/><T129/><D35/><U126/><E126/><V29/><F29/><W113/><G113/><T20/><D112/><U23/><E23/><V59/><F9/><W130/><G130/><T95/><D129/><U86/><E39/><V36/><F11/><W73/><G73/><T46/><D18/><U120/><E120/><V102/><F102/><AGARI ba="0,1" hai="50,54,56,62,65,68,88,92,99,100,102,104,105,107" machi="102" ten="40,7700,0" yaku="1,1,52,1,54,1,53,0" doraHai="61" doraHaiUra="111" who="3" fromWho="2" sc="200,0,230,0,340,-77,220,87" /><INIT seed="3,1,0,5,1,123" ten="200,230,263,307" oya="3" hai0="98,71,25,57,31,20,12,74,73,40,134,52,80" hai1="41,53,46,103,26,4,93,96,116,59,67,35,127" hai2="85,77,128,111,112,58,122,97,72,86,49,30,109" hai3="79,56,114,76,107,8,36,101,33,94,48,130,124"/><W23/><G33/><T100/><D71/><U19/><E127/><V110/><F122/><W3/><G36/><T50/><D134/><U89/><E116/><V29/><F112/><W55/><G107/><T63/><D80/><U75/><E75/><V104/><F128/><W5/><G114/><T6/><D40/><U62/><E4/><V37/><F37/><W118/><G118/><T38/><D38/><U87/><E35/><V135/><F135/><W1/><G1/><T91/><D91/><U68/><E26/><V21/><F72/><W51/><G124/><T125/><D125/><U7/><E19/><V102/><F77/><W44/><G130/><T131/><D131/><U10/><E41/><V18/><F58/><W78/><G23/><T82/><D82/><U126/><E46/><V129/><F49/><W132/><G132/><T92/><D6/><U9/><E7/><V11/><F11/><W113/><G113/><T60/><D60/><U119/><E119/><V81/><F129/><W84/><G101/><T42/><D42/><U39/><E126/><V24/><F81/><W133/><G133/><T65/><REACH who="0" step="1"/><D12/><REACH who="0" ten="190,230,263,307" step="2"/><U34/><E39/><V45/><F45/><W88/><G78/><T108/><D108/><U43/><E43/><AGARI ba="1,1" hai="3,5,8,43,44,48,51,55,56,76,79,84,88,94" machi="43" ten="30,2900,0" yaku="7,1,54,1" doraHai="123" who="3" fromWho="1" sc="190,0,230,-32,263,0,307,42" /><INIT seed="3,2,0,0,1,66" ten="190,198,263,349" oya="3" hai0="71,99,108,101,123,121,91,63,75,53,98,60,3" hai1="124,102,119,49,103,113,44,1,32,59,80,87,20" hai2="86,65,23,106,89,122,9,39,0,68,126,85,112" hai3="72,14,31,90,117,51,111,10,130,114,96,129,24"/><W35/><G72/><T52/><D3/><U83/><E113/><V41/><F106/><W131/><G114/><T17/><D75/><U22/><E32/><V16/><F112/><W109/><G51/><T42/><D42/><U67/><E1/><V19/><F126/><W128/><G117/><T25/><D91/><U69/><E124/><V97/><F122/><W132/><G132/><T94/><D108/><N who="3" m="41545" /><G130/><T79/><D79/><U134/><E69/><V43/><F43/><W84/><G96/><T34/><D34/><U11/><E11/><V135/><F135/><W7/><G90/><T6/><D6/><U73/><E73/><V8/><F97/><W81/><G81/><T115/><D115/><U40/><E80/><V78/><F78/><W133/><G84/><T74/><D74/><U107/><E119/><V33/><F89/><W47/><G47/><T100/><D94/><U50/><E107/><V57/><F85/><W37/><G133/><T4/><D4/><U5/><E5/><V46/><F86/><W29/><G31/><T21/><D17/><U93/><E134/><V104/><F19/><W27/><G37/><T64/><D121/><U13/><E50/><V28/><F28/><N who="3" m="19847" /><G129/><T77/><D77/><N who="1" m="46575" /><E93/><V88/><F39/><W54/><G54/><N who="0" m="21099" /><D123/><U116/><E116/><V110/><F110/><W45/><G45/><T55/><D55/><U18/><E22/><AGARI ba="2,0" hai="7,10,14,22,27,29,128,131" m="19847,41545" machi="22" ten="30,11600,0" yaku="14,1,10,1,34,2" doraHai="66" who="3" fromWho="1" sc="190,0,198,-122,263,0,349,122" /><INIT seed="3,3,0,3,2,89" ten="190,76,263,471" oya="3" hai0="24,1,39,27,128,21,11,9,30,75,61,133,0" hai1="77,88,111,63,26,82,49,31,20,10,22,122,56" hai2="106,121,66,6,62,23,17,65,12,8,35,3,109" hai3="44,64,59,126,79,57,124,32,123,51,68,119,85"/><W2/><G2/><N who="0" m="1131" /><D75/><U130/><E111/><V42/><F106/><W37/><G32/><N who="0" m="20551" /><D61/><U127/><E130/><V13/><F109/><W113/><G85/><T99/><D99/><U46/><E127/><N who="3" m="48682" /><G79/><T55/><D55/><U47/><E122/><V90/><F121/><W104/><G104/><T131/><D39/><U78/><E10/><N who="0" m="3593" /><D133/><U132/><E132/><V114/><F42/><N who="3" m="22607" /><G123/><T93/><D93/><U125/><E125/><V80/><F65/><W29/><G119/><T15/><D15/><U16/><E88/><V72/><F13/><W129/><G129/><T53/><D53/><N who="1" m="29879" /><E47/><V92/><F80/><W117/><G117/><T105/><D105/><U45/><E45/><V19/><F72/><W25/><G51/><T71/><D71/><U95/><E95/><V97/><F92/><W74/><G74/><T4/><D4/><U41/><E41/><V81/><F81/><W83/><G83/><T101/><D101/><U135/><E135/><V116/><F116/><W18/><G68/><T69/><D69/><U73/><E73/><V112/><F97/><W60/><G59/><T110/><D110/><U48/><E48/><V134/><F134/><W50/><G50/><T102/><D102/><U118/><E118/><V100/><F100/><W33/><G64/><T54/><D54/><N who="1" m="34199" /><E82/><V96/><F96/><W91/><G91/><T52/><D52/><U14/><AGARI ba="3,0" hai="14,16,20,22,26,31,77,78" m="34199,29879" machi="14" ten="30,2000,0" yaku="8,1,54,1" doraHai="89" who="1" fromWho="1" sc="190,-8,76,29,263,-8,471,-13" /><INIT seed="4,0,0,2,5,110" ten="182,105,255,458" oya="0" hai0="69,11,35,57,38,48,76,9,118,75,114,52,30" hai1="89,40,26,101,125,23,129,14,131,1,115,42,78" hai2="80,81,112,74,5,49,117,21,135,103,55,70,123" hai3="109,16,105,94,27,12,92,84,54,39,17,33,20"/><T71/><D118/><U43/><E1/><V53/><F70/><W132/><G109/><T108/><D38/><U82/><E125/><V133/><F123/><W64/><G105/><T68/><D108/><U67/><E101/><V62/><F5/><W91/><G132/><T51/><D114/><U72/><E67/><V111/><F111/><W97/><G39/><T65/><D65/><U63/><E63/><V88/><F117/><W116/><G64/><T86/><D75/><U98/><E14/><V79/><F103/><W73/><G73/><T122/><D122/><U15/><E15/><V85/><F112/><W28/><G54/><T60/><D30/><U59/><E59/><V95/><F62/><W90/><G116/><T124/><D35/><U45/><E45/><V106/><F106/><W0/><G0/><T134/><D134/><N who="2" m="51210" /><F21/><N who="3" m="11399" /><G33/><T119/><D124/><U107/><E115/><V2/><F2/><W121/><G121/><T22/><D22/><U102/><REACH who="1" step="1"/><E89/><REACH who="1" ten="182,95,255,458" step="2"/><N who="2" m="51367" /><F49/><W96/><G96/><AGARI ba="0,1" hai="53,55,74,79,81,88,95,96" m="51367,51210" machi="96" ten="30,2000,0" yaku="20,1,54,1" doraHai="110" who="2" fromWho="3" sc="182,0,95,0,255,30,458,-20" /><INIT seed="5,0,0,1,3,42" ten="182,95,285,438" oya="1" hai0="17,58,79,63,100,83,108,68,102,65,127,110,48" hai1="62,97,104,135,2,36,92,99,54,84,75,47,123" hai2="71,21,116,77,4,72,93,23,38,16,107,134,1" hai3="103,120,33,35,22,98,49,43,114,96,3,31,19"/><U45/><E123/><V105/><F116/><W131/><G3/><T24/><D127/><U52/><E75/><V109/><F109/><W6/><G6/><T44/><D68/><U41/><E2/><V76/><F71/><W111/><G111/><T64/><D64/><U10/><E135/><V51/><F38/><W113/><G120/><T81/><D108/><U61/><E10/><V9/><F23/><W122/><G31/><T88/><D110/><U60/><E84/><V20/><F21/><W126/><G98/><T30/><D17/><U91/><REACH who="1" step="1"/><E47/><REACH who="1" ten="182,85,285,438" step="2"/><V57/><F72/><W37/><G122/><T115/><D79/><U27/><E27/><V78/><F134/><W121/><G121/><T129/><D83/><U124/><E124/><V74/><F74/><W56/><G126/><T101/><D115/><U14/><E14/><V90/><F77/><W12/><G12/><T66/><D81/><U106/><E106/><V18/><F76/><W125/><G125/><T55/><D129/><U89/><E89/><V119/><F78/><W80/><G80/><T29/><D24/><U112/><E112/><V73/><F73/><W46/><G131/><T128/><D128/><U25/><E25/><V32/><F105/><N who="3" m="63719" /><G114/><T15/><D15/><U118/><E118/><V53/><F107/><W82/><G82/><T0/><D0/><U87/><E87/><N who="2" m="52447" /><F119/><W26/><G113/><T132/><D132/><U28/><E28/><N who="0" m="10857" /><D88/><U59/><E59/><V8/><F8/><W50/><G56/><T40/><AGARI ba="0,1" hai="40,44,48,55,58,63,65,66,100,101,102" m="10857" machi="40" ten="30,2000,0" yaku="8,1,52,1" doraHai="42" who="0" fromWho="0" sc="182,30,85,-10,285,-5,438,-5" /><INIT seed="6,0,0,1,3,87" ten="212,75,280,433" oya="2" hai0="112,33,83,106,17,126,65,18,79,108,47,55,25" hai1="8,3,102,74,80,82,109,48,19,34,75,53,85" hai2="107,27,129,103,97,6,77,104,56,40,44,125,71" hai3="7,22,121,35,131,84,39,52,49,73,100,116,51"/><V124/><F71/><W78/><G35/><T117/><D108/><U120/><E109/><V0/><F129/><W115/><G39/><T123/><D123/><U94/><E34/><V113/><F113/><W90/><G100/><T21/><D112/><U24/><E120/><V45/><F104/><W46/><G73/><T41/><D126/><N who="2" m="48746" /><F77/><W127/><G78/><T16/><D106/><U60/><E60/><V9/><F56/><W93/><G131/><T61/><D33/><U29/><E29/><V88/><F27/><W31/><G116/><T128/><D55/><U99/><E82/><V12/><F0/><W62/><G62/><T2/><D2/><U98/><E98/><N who="2" m="61943" /><F40/><W64/><G115/><T81/><D81/><U43/><E43/><V76/><F76/><W30/><G64/><T68/><D117/><U11/><E24/><V133/><F133/><W14/><G121/><T13/><D25/><U69/><E69/><V132/><F132/><W54/><G127/><T66/><D128/><U20/><E74/><V4/><F4/><W96/><G7/><T67/><D67/><U70/><E70/><V114/><F114/><W57/><G96/><T38/><REACH who="0" step="1"/><D66/><REACH who="0" ten="202,75,280,433" step="2"/><U1/><E1/><V36/><F36/><W111/><G111/><T59/><D59/><N who="1" m="33191" /><E3/><V50/><F50/><W28/><G28/><T119/><D119/><U105/><E105/><V63/><F63/><W130/><G130/><T134/><D134/><U37/><E37/><V92/><AGARI ba="0,1" hai="6,9,12,44,45,88,92,97" m="61943,48746" machi="92" ten="30,6000,0" yaku="18,1,52,1,54,1" doraHai="87" who="2" fromWho="2" sc="202,-20,75,-20,280,70,433,-20" /><INIT seed="6,1,0,1,3,118" ten="182,55,350,413" oya="2" hai0="76,24,124,111,11,78,96,112,70,20,46,36,123" hai1="69,116,72,83,86,82,107,14,104,52,51,121,37" hai2="4,84,38,17,117,128,99,43,91,1,68,35,71" hai3="133,95,44,61,28,101,100,32,56,115,0,34,9"/><V30/><F117/><W94/><G133/><T129/><D70/><U60/><E116/><V45/><F128/><W5/><G115/><T108/><D112/><U85/><E37/><V22/><F99/><W97/><G44/><T105/><D129/><U90/><E72/><V29/><F35/><W80/><G28/><T135/><D135/><U126/><E126/><V114/><F114/><W41/><G41/><T66/><D124/><U62/><E121/><V26/><F68/><W2/><G2/><T23/><D105/><U87/><E87/><V13/><F71/><W18/><G18/><T102/><D36/><U19/><E107/><V92/><REACH who="2" step="1"/><F13/><REACH who="2" ten="182,55,340,413" step="2"/><W74/><G34/><T127/><D96/><U89/><E69/><V6/><F6/><W73/><G32/><T88/><D127/><U120/><E104/><V119/><F119/><W75/><G100/><T8/><D102/><U122/><E122/><V54/><F54/><W130/><G130/><T63/><D123/><U59/><REACH who="1" step="1"/><E120/><REACH who="1" ten="182,45,340,413" step="2"/><V93/><F93/><W40/><G95/><T7/><D108/><U58/><E58/><V65/><F65/><W50/><G56/><T47/><D111/><U109/><E109/><V25/><F25/><W67/><G67/><T64/><D24/><U42/><E42/><V57/><F57/><W48/><G40/><T98/><D66/><U134/><E134/><V15/><F15/><W113/><G113/><T106/><D64/><U10/><AGARI ba="1,2" hai="10,14,19,51,52,59,60,62,82,83,85,86,89,90" machi="10" ten="20,12000,2" yaku="1,1,0,1,7,1,9,1,8,1,54,1,53,0" doraHai="118" doraHaiUra="110" who="1" fromWho="1" sc="182,-31,45,143,340,-61,413,-31" /><INIT seed="7,0,0,2,2,35" ten="151,188,279,382" oya="3" hai0="124,72,108,88,114,60,46,20,87,33,30,98,49" hai1="4,74,106,103,126,59,133,43,115,73,39,36,18" hai2="19,23,118,6,47,112,110,99,69,12,54,84,29" hai3="101,79,51,111,130,92,28,116,70,57,61,86,1"/><W38/><G38/><N who="1" m="14378" /><E43/><V62/><F110/><W85/><G1/><T7/><D108/><U14/><E4/><V90/><F118/><W27/><G70/><T32/><D72/><U34/><E34/><V107/><F112/><W25/><G130/><T121/><D121/><U44/><E44/><V125/><F125/><W37/><G37/><T68/><D124/><U40/><E40/><V96/><F107/><W24/><G51/><T64/><D114/><U119/><E115/><V9/><F29/><W135/><G135/><T132/><D7/><U100/><E126/><V128/><F128/><W78/><G28/><T97/><D132/><U105/><E59/><V26/><F69/><W31/><G31/><T75/><D75/><N who="1" m="28683" /><E133/><V41/><F41/><W102/><G116/><T15/><D32/><U65/><E65/><V50/><REACH who="2" step="1"/><F62/><REACH who="2" ten="151,188,269,382" step="2"/><W52/><G111/><T94/><D33/><U123/><E106/><V0/><F0/><W17/><G61/><T67/><D67/><U13/><E105/><V21/><F21/><W53/><G53/><T117/><D117/><U93/><E119/><V127/><F127/><W77/><G52/><T76/><D76/><U113/><E113/><V5/><F5/><W63/><G63/><T66/><D66/><U71/><E71/><V55/><F55/><W8/><G78/><T95/><D95/><AGARI ba="0,1" hai="6,9,12,19,23,26,47,50,54,84,90,95,96,99" machi="95" ten="30,7700,0" yaku="1,1,7,1,8,1,53,1" doraHai="35" doraHaiUra="45" who="2" fromWho="0" sc="151,-77,188,0,269,87,382,0" owari="74,-42.6,188,-21.2,356,15.6,382,48.2" /></mjloggm>