<mjloggm ver="2.3"><GO type="169" lobby="0"/><UN n0="%77%61%77%61%33%30%33%30" n1="%E3%81%8B%E3%81%AA%E3%81%8D%E3%83%BC" n2="%E3%81%9E%E3%81%88%E3%82%82%E3%82%93%E3%81%A7%E3%81%83" n3="%73%6F%6C%64%69%65%72%35" dan="17,17,16,16" rate="2272.67,2227.32,2135.73,2056.55" sx="M,F,M,M"/><TAIKYOKU oya="0"/><INIT seed="0,0,0,0,2,28" ten="250,250,250,250" oya="0" hai0="12,57,76,31,120,112,41,45,47,114,128,3,103" hai1="6,33,15,72,22,61,9,1,93,23,11,68,83" hai2="53,39,74,97,132,48,118,101,8,40,17,126,77" hai3="50,2,58,107,73,4,69,91,25,36,84,86,0"/><T117/><D117/><U87/><E72/><V62/><F39/><W5/><G36/><T18/><D120/><U88/><E33/><V35/><F40/><W7/><G69/><T49/><D128/><U111/><E111/><V51/><F77/><W65/><G73/><T19/><D3/><U113/><E113/><V105/><F74/><W43/><G107/><T115/><D76/><U59/><E83/><V16/><F62/><W52/><G86/><T60/><D103/><U123/><E68/><V131/><F51/><W108/><G108/><T26/><D47/><U38/><E38/><V66/><F66/><W100/><G100/><T24/><D24/><U134/><E134/><V54/><F54/><W21/><G65/><T13/><D12/><U42/><E42/><V124/><F131/><W85/><G84/><T30/><D30/><U46/><E46/><V67/><F67/><W64/><G64/><T75/><D13/><U96/><E87/><V110/><F110/><W29/><REACH who="3" step="1"/><G43/><REACH who="3" ten="250,250,250,240" step="2"/><T133/><D75/><U92/><E123/><V20/><F101/><W129/><G129/><T70/><D70/><U109/><E109/><V78/><F105/><W135/><G135/><T130/><D133/><U56/><E96/><V32/><F97/><W127/><G127/><T55/><REACH who="0" step="1"/><D130/><REACH who="0" ten="240,250,250,240" step="2"/><U79/><E79/><V34/><F78/><W14/><G14/><T27/><D27/><U81/><E15/><N who="2" m="7271" /><F132/><W10/><G10/><T98/><D98/><U44/><E11/><V37/><F124/><W116/><G116/><T71/><D71/><U63/><E9/><V102/><F118/><RYUUKYOKU ba="0,2" sc="240,15,250,-15,250,-15,240,15" hai0="18,19,26,31,41,45,49,55,57,60,112,114,115" hai3="0,2,4,5,7,21,25,29,50,52,58,85,91" /><INIT seed="0,1,2,1,0,120" ten="255,235,235,255" oya="0" hai0="4,72,12,79,94,47,97,44,16,23,130,28,43" hai1="70,134,115,91,85,88,31,48,33,83,119,50,82" hai2="18,74,11,77,25,106,56,84,124,66,95,63,89" hai3="55,76,49,42,78,58,21,62,64,59,45,80,75"/><T20/><D130/><U107/><E119/><V126/><F106/><W99/><G78/><T3/><D3/><U133/><E107/><V14/><REACH who="2" step="1"/><F25/><REACH who="2" ten="255,235,225,255" step="2"/><W35/><G35/><T39/><D4/><U9/><E33/><V98/><F98/><W116/><G116/><T53/><D28/><U10/><E31/><V113/><F113/><W57/><G99/><T13/><D13/><U118/><E118/><V109/><F109/><W27/><REACH who="3" step="1"/><G64/><REACH who="3" ten="255,235,225,245" step="2"/><T15/><D97/><U102/><E115/><V40/><F40/><W7/><G7/><T129/><D43/><U1/><E134/><V65/><F65/><W92/><G92/><T67/><D94/><U52/><E133/><V41/><F41/><W86/><G86/><T100/><D67/><U61/><E85/><V8/><F8/><W103/><G103/><T34/><D100/><U71/><E102/><V68/><F68/><W30/><AGARI ba="1,4" hai="21,27,30,42,45,49,55,57,58,59,62,75,76,80" machi="30" ten="20,2700,0" yaku="1,1,0,1,7,1,53,0" doraHai="120" doraHaiUra="131" who="3" fromWho="3" sc="255,-14,235,-8,225,-8,245,70" /><INIT seed="1,0,0,5,1,115" ten="241,227,217,315" oya="1" hai0="118,46,58,112,119,110,121,73,114,4,132,51,88" hai1="61,128,103,80,38,10,59,5,93,135,81,45,131" hai2="125,86,79,19,106,87,105,123,107,74,82,65,99" hai3="36,122,104,116,83,22,60,124,63,72,129,120,2"/><U100/><E135/><V77/><F65/><W101/><G22/><T14/><D73/><U90/><E38/><V76/><F19/><W113/><G63/><T53/><D88/><U94/><E45/><V24/><F24/><W111/><G60/><N who="0" m="35919" /><D14/><U31/><E31/><V109/><F109/><W108/><G122/><T127/><D4/><U23/><E23/><V48/><F48/><W21/><G21/><T50/><D110/><U11/><E61/><V57/><F57/><W92/><G101/><T56/><D132/><U62/><E62/><V26/><F26/><W42/><G83/><T9/><D9/><U102/><E59/><V95/><F123/><W66/><G111/><T54/><D127/><U49/><E49/><V25/><F25/><W28/><G92/><T12/><D12/><U3/><E11/><V91/><F125/><W29/><G124/><T39/><D39/><U55/><E55/><V13/><F13/><W117/><G108/><T17/><D17/><U68/><E90/><V70/><F70/><W32/><G120/><T15/><D15/><U6/><E68/><V47/><F47/><W34/><G36/><T44/><D46/><U20/><E20/><V75/><F79/><W130/><G34/><T40/><D121/><U16/><E16/><V27/><F27/><W97/><G32/><T7/><D7/><U41/><E6/><V52/><F52/><W96/><G29/><T85/><D85/><U126/><E126/><V43/><F43/><W37/><G28/><T35/><D35/><U133/><E41/><V1/><F1/><W30/><G42/><RYUUKYOKU ba="0,0" sc="241,15,227,-15,217,15,315,-15" hai0="40,44,50,51,54,56,112,114,118,119" hai2="74,75,76,77,82,86,87,91,95,99,105,106,107" /><INIT seed="2,1,0,2,4,16" ten="256,212,232,300" oya="2" hai0="49,50,43,40,18,127,107,19,25,69,92,93,0" hai1="12,13,68,71,20,53,4,85,72,84,95,5,74" hai2="24,96,60,97,3,34,48,94,62,70,64,21,126" hai3="89,132,44,10,59,133,31,102,57,73,108,15,78"/><V27/><F3/><W7/><G108/><T105/><D0/><U41/><E95/><V14/><F126/><W67/><G102/><T135/><D69/><U75/><E53/><V117/><F117/><W90/><G31/><T28/><D28/><U29/><E29/><V55/><F60/><N who="3" m="38287" /><G44/><T111/><D127/><U46/><E46/><V23/><F96/><W26/><G26/><T37/><D25/><U104/><E75/><V33/><F14/><W51/><G78/><T115/><D111/><U128/><E41/><V100/><F27/><W124/><G73/><T76/><D76/><U134/><E104/><V77/><F77/><W82/><G82/><T129/><D37/><U125/><E125/><V61/><F61/><W35/><G35/><T6/><D6/><U91/><E91/><V120/><F120/><W131/><G131/><T114/><REACH who="0" step="1"/><D135/><REACH who="0" ten="246,212,232,300" step="2"/><N who="3" m="51785" /><G124/><T86/><D86/><U122/><E134/><V36/><F36/><W99/><G99/><T106/><D106/><U63/><E128/><AGARI ba="1,1" hai="18,19,40,43,49,50,92,93,105,107,114,115,128,129" machi="128" ten="25,3200,0" yaku="1,1,22,2,53,0" doraHai="16" doraHaiUra="2" who="0" fromWho="1" sc="246,45,212,-35,232,0,300,0" /><INIT seed="3,0,0,3,0,19" ten="291,177,232,300" oya="3" hai0="42,70,36,56,72,100,31,35,53,67,73,57,104" hai1="41,23,90,117,110,13,45,49,32,12,14,111,75" hai2="20,59,105,96,121,116,38,29,74,2,102,79,18" hai3="125,93,128,124,134,127,37,76,120,0,94,108,39"/><W7/><G120/><T81/><D57/><U8/><E32/><V133/><F116/><W84/><G108/><N who="1" m="41514" /><E75/><V4/><F38/><W64/><G64/><T46/><D81/><U15/><E117/><V27/><F133/><W131/><G7/><T126/><D126/><U9/><E90/><V123/><F79/><W85/><G0/><T118/><D118/><U58/><E58/><V21/><F74/><W24/><G24/><T40/><D40/><U1/><E1/><V60/><F4/><W34/><G34/><T98/><D53/><U91/><E91/><V11/><F11/><N who="1" m="4169" /><E12/><V86/><F86/><N who="3" m="33387" /><G76/><T26/><REACH who="0" step="1"/><D56/><REACH who="0" ten="281,177,232,300" step="2"/><U130/><E130/><N who="3" m="49706" /><G134/><T87/><D87/><U51/><E51/><V114/><F121/><W28/><G28/><T16/><D16/><AGARI ba="0,1" hai="13,14,15,16,23,41,45,49" m="4169,41514" machi="16" ten="30,3900,0" yaku="14,1,52,1,54,1" doraHai="19" who="1" fromWho="0" sc="281,-39,177,49,232,0,300,0" /><INIT seed="4,0,0,4,3,125" ten="242,226,232,300" oya="0" hai0="43,123,97,95,72,44,16,30,8,113,34,127,3" hai1="6,2,121,5,96,106,105,135,32,71,112,10,70" hai2="73,21,119,114,20,126,37,129,132,26,55,17,39" hai3="122,56,38,65,53,63,35,74,134,75,99,89,64"/><T4/><D123/><U100/><E121/><V110/><F73/><W18/><G122/><T81/><D127/><U78/><E135/><V42/><F110/><W0/><G38/><T62/><D113/><U31/><E112/><V66/><F66/><W108/><G108/><T50/><D30/><U69/><E78/><V124/><F55/><W68/><G134/><T49/><D34/><U120/><E6/><V28/><F42/><W61/><G0/><T33/><D33/><U22/><E22/><V83/><F83/><W116/><G116/><T131/><D62/><U45/><E45/><V111/><F111/><W54/><G35/><T51/><D16/><U128/><E120/><V103/><F103/><W107/><G54/><T19/><D19/><U11/><E11/><V67/><F67/><W40/><G40/><T52/><D131/><U77/><E77/><V93/><F93/><W1/><G1/><T80/><D72/><U57/><E57/><V130/><F132/><W7/><G7/><T14/><D3/><U90/><E90/><V118/><F114/><W15/><G53/><T13/><D13/><U85/><E85/><V86/><F86/><W23/><G107/><T46/><REACH who="0" step="1"/><D51/><REACH who="0" ten="232,226,232,300" step="2"/><U102/><E128/><N who="2" m="49259" /><F124/><W91/><G75/><T41/><D41/><U48/><E48/><V109/><F126/><W60/><G74/><T117/><D117/><N who="2" m="44554" /><F109/><W98/><G63/><T47/><D47/><U29/><E32/><V25/><AGARI ba="0,1" hai="17,20,21,25,26,28,37,39" m="44554,49259" machi="25" ten="40,8000,1" yaku="19,1,12,1,52,3" doraHai="125" who="2" fromWho="2" sc="232,-40,226,-20,232,90,300,-20" /><INIT seed="5,0,0,5,5,94" ten="192,206,322,280" oya="1" hai0="29,120,113,11,32,37,22,127,129,97,53,126,111" hai1="122,101,58,47,103,44,18,134,69,99,102,26,128" hai2="81,38,107,82,1,109,65,36,8,30,43,110,118" hai3="25,40,27,72,132,54,17,7,57,85,49,0,86"/><U68/><E122/><V33/><F118/><W123/><G72/><T74/><D111/><U95/><E128/><V19/><F107/><W2/><G123/><T24/><D37/><U64/><E134/><V112/><F65/><W93/><G132/><T114/><D74/><U131/><E131/><V91/><F82/><W31/><G40/><T20/><D129/><U15/><E26/><V104/><F104/><W87/><G7/><T35/><D53/><U48/><E68/><V79/><F91/><W100/><G17/><T45/><D45/><N who="1" m="17483" /><E69/><V76/><F76/><W3/><REACH who="3" step="1"/><G31/><REACH who="3" ten="192,206,322,270" step="2"/><T6/><D120/><U60/><E48/><V50/><F50/><W106/><G106/><T116/><D116/><U115/><E115/><V62/><F43/><W13/><G13/><T135/><D135/><U28/><E28/><V73/><F30/><W63/><G63/><T105/><D114/><U71/><E71/><V23/><F62/><W5/><G5/><T12/><D113/><U61/><E61/><V42/><F42/><W66/><G66/><T124/><D22/><AGARI ba="0,1" hai="15,18,22,58,60,64,95,99,101,102,103" m="17483" machi="22" ten="30,2900,0" yaku="8,1,52,1" doraHai="94" who="1" fromWho="0" sc="192,-29,206,39,322,0,270,0" /><INIT seed="5,1,0,4,1,12" ten="163,245,322,270" oya="1" hai0="92,113,1,95,101,53,31,0,86,59,29,44,100" hai1="129,121,123,72,23,25,70,43,8,74,17,75,66" hai2="122,10,19,135,102,98,40,61,112,93,88,56,107" hai3="76,5,39,80,18,87,126,117,54,9,116,83,3"/><U52/><E129/><V45/><F122/><W51/><G39/><T46/><D59/><U35/><E43/><V32/><F32/><W89/><G126/><T119/><D86/><U128/><E128/><V62/><F135/><W97/><G97/><T68/><D68/><U120/><E35/><V99/><F112/><W13/><G83/><T90/><D90/><U79/><E8/><V11/><F19/><W57/><REACH who="3" step="1"/><G89/><REACH who="3" ten="163,245,322,260" step="2"/><T58/><D113/><U82/><E82/><V91/><F91/><W38/><G38/><T96/><D119/><U118/><E118/><V71/><F99/><W42/><G42/><T67/><D96/><U77/><REACH who="1" step="1"/><E52/><REACH who="1" ten="163,235,322,260" step="2"/><V26/><F102/><W85/><G85/><T63/><D53/><U30/><E30/><V64/><F98/><W81/><G81/><T130/><D130/><U37/><E37/><V48/><F71/><W15/><G15/><T105/><D101/><U69/><E69/><V50/><F48/><W2/><G2/><N who="0" m="1131" /><D31/><U34/><E34/><V33/><F33/><W134/><G134/><T106/><D100/><U41/><E41/><V60/><F40/><W65/><G65/><T127/><D29/><U131/><E131/><V7/><F64/><W16/><G16/><T108/><D67/><U125/><E125/><V133/><F50/><W22/><AGARI ba="1,2" hai="3,5,9,13,18,22,51,54,57,76,80,87,116,117" machi="22" ten="30,4000,0" yaku="1,1,0,1,52,1,53,0" doraHai="12" doraHaiUra="36" who="3" fromWho="3" sc="163,-11,235,-21,322,-11,260,63" /><INIT seed="6,0,0,4,1,11" ten="152,214,311,323" oya="2" hai0="106,75,51,3,64,50,61,131,57,81,41,0,43" hai1="127,62,68,109,39,26,70,105,115,125,35,120,1" hai2="123,2,65,98,22,132,77,19,122,53,54,69,96" hai3="90,17,113,13,86,37,7,9,130,6,135,56,80"/><V40/><F2/><W44/><G130/><T97/><D131/><U116/><RYUUKYOKU type="yao9" ba="0,0" sc="152,0,214,0,311,0,323,0" hai1="1,26,35,39,62,68,70,105,109,115,116,120,125,127" /><INIT seed="6,1,0,5,3,31" ten="152,214,311,323" oya="2" hai0="72,68,112,45,131,102,18,91,34,115,17,71,39" hai1="105,87,111,12,48,123,52,86,54,122,62,126,46" hai2="88,127,24,66,37,97,134,70,60,25,79,6,76" hai3="14,69,110,47,1,42,36,7,2,22,16,107,85"/><V35/><F37/><W9/><G110/><T51/><D39/><U5/><E105/><V26/><F35/><W59/><G69/><T27/><D72/><U63/><E111/><V40/><F40/><W15/><G107/><T128/><D102/><U89/><E126/><V44/><F44/><W132/><G132/><T124/><D91/><U135/><E135/><V113/><F134/><W67/><G67/><T118/><D71/><U84/><E89/><V29/><F29/><W4/><G59/><T8/><D68/><U50/><E123/><V95/><F127/><W121/><G121/><T82/><D82/><U90/><E90/><V23/><F23/><W75/><G75/><T33/><D124/><U30/><E30/><V28/><F28/><W32/><G32/><N who="0" m="12395" /><D118/><U11/><E122/><V49/><F6/><W104/><G104/><T77/><D77/><U80/><E80/><V78/><F49/><W10/><REACH who="3" step="1"/><G85/><REACH who="3" ten="152,214,311,313" step="2"/><T73/><D73/><U93/><E93/><V43/><REACH who="2" step="1"/><F43/><REACH who="2" ten="152,214,301,313" step="2"/><W99/><G99/><T133/><D133/><U64/><E87/><V129/><F129/><W125/><G125/><T117/><D131/><U101/><E86/><V65/><F65/><W106/><G106/><T109/><D128/><U58/><E64/><V38/><F38/><W13/><AGARI ba="1,2" hai="1,2,4,7,9,10,13,14,15,16,22,36,42,47" machi="13" ten="20,8000,1" yaku="1,1,0,1,7,1,9,1,54,1,53,0" doraHai="31" doraHaiUra="81" who="3" fromWho="3" sc="152,-21,214,-21,301,-41,313,103" /><INIT seed="7,0,0,3,2,34" ten="131,193,260,416" oya="3" hai0="69,98,23,14,73,36,33,90,107,113,44,75,125" hai1="27,128,38,25,18,15,11,17,8,106,96,83,76" hai2="50,100,46,87,114,7,68,99,74,132,49,110,2" hai3="22,103,101,57,42,28,121,85,135,12,131,35,0"/><W32/><G0/><T122/><D122/><U21/><E38/><V117/><F74/><W123/><G42/><T133/><D33/><U13/><E128/><V89/><F110/><W104/><G104/><T66/><D133/><U53/><E21/><V86/><F68/><W52/><G131/><T105/><D125/><U94/><E53/><V61/><F61/><W109/><G135/><T130/><D130/><U41/><E41/><V59/><F59/><W58/><G52/><T116/><D116/><U63/><E63/><V26/><F26/><W126/><G85/><T93/><D107/><U1/><E1/><V64/><F64/><W62/><G62/><T95/><D105/><U115/><E115/><V6/><F2/><W51/><G12/><T60/><D113/><U40/><E40/><V92/><F86/><W79/><G58/><T31/><D36/><U91/><E106/><V48/><F117/><W118/><G57/><T65/><D65/><U10/><E11/><V119/><F119/><W129/><G118/><T43/><D93/><U5/><E5/><N who="2" m="1547" /><F114/><W77/><G129/><T88/><D90/><U24/><E24/><V37/><F37/><W134/><G134/><T30/><D30/><U45/><E45/><V3/><F3/><W9/><G109/><T102/><D102/><U55/><E55/><V80/><F132/><W81/><G126/><T111/><D111/><U56/><E56/><V16/><F46/><W78/><G123/><T124/><D124/><U127/><E127/><V71/><F71/><W72/><G121/><T47/><D47/><U70/><E70/><RYUUKYOKU ba="0,0" sc="131,-15,193,15,260,15,416,-15" hai1="8,10,13,15,17,18,25,27,76,83,91,94,96" hai2="16,48,49,50,80,87,89,92,99,100" owari="116,-38.4,208,-19.2,275,7.5,401,50.1" /></mjloggm>