<mjloggm ver="2.3"><GO type="169" lobby="0"/><UN n0="%E6%89%8B%E6%8A%BC%E3%81%97%E8%BB%8A" n1="%E3%83%AA%E3%83%B3%E3%83%8D%E3%83%B3" n2="%E8%99%9A%E6%B7%B5%E7%8E%84" n3="%E3%81%A3%E3%81%A7%E3%81%B6%E3%83%BC" dan="16,16,17,16" rate="2080.23,2105.03,2203.11,2116.84" sx="M,M,F,M"/><TAIKYOKU oya="0"/><INIT seed="0,0,0,2,4,52" ten="250,250,250,250" oya="0" hai0="98,76,70,35,60,90,97,46,95,36,64,103,116" hai1="3,100,49,108,38,47,130,24,92,109,115,74,23" hai2="33,16,118,75,110,85,5,27,61,69,32,51,43" hai3="65,114,20,99,17,2,86,81,123,129,132,71,126"/><T127/><D127/><U29/><E74/><V28/><F75/><W68/><G114/><T134/><D134/><U7/><E38/><V34/><F110/><N who="1" m="42601" /><E115/><V101/><F5/><W112/><G112/><T135/><D135/><U53/><E130/><V4/><F4/><W117/><G132/><T1/><D1/><U57/><E100/><V54/><F43/><W82/><G2/><T133/><D133/><U113/><E113/><V78/><F118/><W131/><G117/><T122/><D116/><U6/><E3/><V11/><F101/><W30/><G30/><T88/><D76/><U56/><E92/><V25/><F61/><W21/><G126/><T96/><D35/><U22/><E23/><V59/><F69/><W42/><G20/><T12/><D122/><U102/><E102/><V19/><F11/><W26/><G123/><T84/><D90/><U128/><E128/><V45/><F45/><W62/><G131/><T93/><REACH who="0" step="1"/><D12/><REACH who="0" ten="240,250,250,250" step="2"/><U31/><E31/><V89/><F78/><W15/><G15/><T58/><D58/><AGARI ba="0,1" hai="6,7,22,24,29,47,49,53,56,57,58" m="42601" machi="58" ten="30,7700,0" yaku="14,1,52,3" doraHai="52" who="1" fromWho="0" sc="240,-77,250,87,250,0,250,0" /><INIT seed="1,0,0,1,1,19" ten="163,337,250,250" oya="1" hai0="103,0,39,9,112,57,46,25,72,38,80,69,51" hai1="71,89,54,94,53,20,4,58,8,1,41,48,104" hai2="78,45,37,92,106,66,52,29,132,113,21,2,114" hai3="22,96,63,5,102,131,40,68,109,133,33,50,116"/><U31/><E104/><V115/><F106/><W30/><G109/><T47/><D69/><U76/><E71/><V26/><F2/><W123/><G123/><T67/><D103/><U10/><E76/><V110/><F110/><W105/><G131/><T119/><D119/><U36/><E36/><V99/><F66/><W85/><G116/><T77/><D112/><U62/><E41/><V60/><F78/><W127/><G133/><T118/><D118/><U16/><E31/><V81/><F81/><W59/><G127/><T61/><D46/><N who="1" m="27799" /><E4/><V83/><F83/><W97/><G68/><T126/><D126/><U91/><E91/><V86/><F86/><W84/><G33/><T17/><D0/><U49/><E62/><V55/><F60/><W74/><G5/><T101/><D101/><U7/><E7/><V122/><F132/><W117/><G74/><T70/><D70/><U134/><E1/><V3/><F122/><W35/><G35/><T88/><D88/><U108/><E108/><V73/><F73/><W23/><G30/><T28/><D28/><U120/><E120/><V64/><F3/><W27/><G40/><T100/><D100/><U121/><E134/><V95/><F64/><N who="3" m="39039" /><G50/><T42/><REACH who="0" step="1"/><D9/><REACH who="0" ten="153,337,250,250" step="2"/><U129/><E121/><V14/><F114/><W65/><G117/><T135/><D135/><U128/><E129/><V34/><F115/><W44/><G102/><T90/><D90/><U56/><E128/><V111/><F113/><W82/><G105/><T43/><D43/><U12/><E56/><V18/><F111/><W11/><G11/><T98/><D98/><AGARI ba="0,1" hai="8,10,12,16,20,49,54,58,89,94,98" m="27799" machi="98" ten="30,11600,0" yaku="6,1,8,1,52,1,54,1" doraHai="19" who="1" fromWho="0" sc="153,-116,337,126,250,0,250,0" /><INIT seed="1,1,0,0,2,62" ten="37,463,250,250" oya="1" hai0="41,97,58,9,45,34,130,56,27,126,87,35,36" hai1="48,78,69,133,11,21,50,33,18,14,79,100,115" hai2="65,125,101,54,112,49,91,68,119,60,7,73,128" hai3="67,127,121,17,16,110,113,57,61,28,55,39,117"/><U131/><E33/><V25/><F119/><W107/><G121/><T24/><D126/><U43/><E115/><V96/><F73/><W40/><G113/><T120/><D120/><U82/><E69/><V1/><F112/><W134/><G127/><T71/><D71/><U22/><E133/><V59/><F125/><W51/><G134/><T103/><D130/><U2/><E131/><V38/><F128/><W66/><G107/><T12/><D34/><U31/><E79/><V47/><F91/><W52/><G117/><T122/><D122/><U124/><E124/><V75/><F75/><W95/><G110/><T85/><D58/><U111/><E111/><V90/><F90/><W92/><G28/><T63/><D35/><U76/><E76/><V29/><F7/><W93/><G40/><T6/><D85/><U32/><E21/><V81/><F1/><W46/><G39/><T114/><D87/><N who="1" m="48599" /><E100/><V98/><F81/><W132/><G132/><T109/><D109/><U74/><E43/><N who="2" m="23031" /><F101/><W26/><G26/><T99/><D99/><U4/><E74/><V80/><F80/><W23/><G23/><AGARI ba="1,0" hai="23,25,29,49,54,59,60,65,68,96,98" m="23031" machi="23" ten="30,2000,0" yaku="24,1,52,1" doraHai="62" who="2" fromWho="3" sc="37,0,463,0,250,23,250,-23" /><INIT seed="2,0,0,0,3,108" ten="37,463,273,227" oya="2" hai0="104,18,54,30,100,87,5,25,47,1,102,56,28" hai1="77,125,98,65,19,115,66,129,71,118,37,111,121" hai2="60,101,88,110,24,73,33,74,130,132,11,122,39" hai3="52,114,43,70,45,123,46,112,34,20,22,127,103"/><V36/><F122/><W90/><G34/><T124/><D124/><U86/><E118/><V17/><F101/><W14/><G123/><T113/><D47/><U94/><E121/><V42/><F130/><W67/><G127/><T134/><D134/><U62/><E125/><V68/><F132/><W64/><G103/><T105/><D87/><U99/><E111/><V8/><F110/><W6/><G90/><T76/><D76/><U75/><E75/><V32/><F60/><N who="3" m="40199" /><G67/><T21/><D1/><U4/><E66/><V3/><F3/><W51/><G6/><T15/><D5/><U13/><E4/><V85/><F68/><W72/><G14/><T135/><D135/><U38/><E99/><V63/><F63/><W9/><G9/><T82/><D82/><U58/><E71/><V26/><F85/><W2/><G72/><T31/><D104/><U91/><E129/><V117/><F17/><W81/><G81/><T95/><D105/><U61/><E62/><V97/><F97/><W50/><G2/><T92/><D15/><U48/><E13/><V59/><F88/><W55/><G20/><T109/><D109/><U89/><E89/><V12/><F12/><W93/><G22/><T16/><D18/><U120/><E120/><V80/><F80/><W107/><G93/><N who="0" m="35915" /><D113/><N who="3" m="43625" /><G107/><T57/><D57/><N who="1" m="37039" /><E115/><V119/><F59/><W116/><G116/><T106/><D106/><U0/><E0/><V29/><F29/><W40/><AGARI ba="0,0" hai="40,43,45,46,50,51,52,55" m="43625,40199" machi="40" ten="30,12000,2" yaku="11,1,34,2,52,3,54,1" doraHai="108" who="3" fromWho="3" sc="37,-30,463,-30,273,-60,227,120" /><INIT seed="3,0,0,2,0,19" ten="7,433,213,347" oya="3" hai0="119,26,30,86,132,41,78,35,40,125,39,84,109" hai1="62,89,34,45,93,97,42,0,118,32,70,60,43" hai2="96,100,88,130,106,116,48,134,6,128,61,65,73" hai3="2,18,85,63,107,33,1,123,10,28,92,37,3"/><W17/><G107/><T111/><D119/><U101/><E0/><V126/><F116/><W133/><G37/><T69/><D69/><U108/><E118/><V56/><F73/><W58/><G123/><T112/><D78/><U102/><E43/><V66/><F6/><W83/><G92/><T15/><D132/><U25/><E108/><N who="0" m="41545" /><D125/><U23/><E34/><V59/><F126/><W16/><G133/><T21/><D112/><U13/><E32/><V72/><F72/><W44/><G44/><N who="0" m="23583" /><D41/><U11/><E70/><V24/><F134/><W110/><G110/><T51/><D51/><N who="1" m="27063" /><E102/><V114/><F114/><W135/><G135/><T122/><D122/><U74/><E101/><V64/><F48/><W95/><G95/><T115/><D115/><U82/><E82/><V104/><F104/><W22/><G33/><T129/><D129/><U77/><E77/><V31/><F128/><W87/><G10/><T29/><D29/><N who="1" m="17599" /><E74/><V75/><F75/><W68/><G68/><T99/><D99/><U27/><E27/><V105/><F130/><W94/><G94/><T71/><D71/><U54/><E54/><V57/><F106/><W8/><G8/><T49/><D49/><U121/><E121/><V124/><F124/><W20/><G28/><T131/><D131/><U52/><E52/><V50/><F50/><W55/><REACH who="3" step="1"/><G87/><REACH who="3" ten="7,433,213,337" step="2"/><T91/><D91/><AGARI ba="0,1" hai="1,2,3,16,17,18,20,22,55,58,63,83,85,91" machi="91" ten="50,12000,1" yaku="1,1,2,1,52,2,54,1,53,0" doraHai="19" doraHaiUra="67" who="3" fromWho="0" sc="7,-120,433,0,213,0,337,130" owari="-113,-61.3,433,23.3,213,-18.7,467,56.7" /></mjloggm>