<mjloggm ver="2.3"><GO type="169" lobby="0"/><UN n0="%41%4C%50%45%52%49%4E" n1="%E3%82%80%E3%83%BC%E3%82%93%E3%81%82%E3%81%84%E3%81%9A" n2="%E3%82%BF%E3%82%A4%E4%BA%BA%EF%BC%A0%E3%83%90%E3%83%B3%E3%82%B3%E3%82%AF" n3="%E3%81%82%E3%81%BE%E3%81%82%E3%82%93" dan="16,16,16,17" rate="2206.03,2109.93,2115.36,2130.77" sx="M,M,M,M"/><TAIKYOKU oya="0"/><INIT seed="0,0,0,3,0,31" ten="250,250,250,250" oya="0" hai0="85,117,47,39,40,63,98,120,25,131,28,132,20" hai1="112,69,21,23,84,78,35,9,97,95,115,60,46" hai2="57,10,103,124,134,113,80,2,64,108,66,104,32" hai3="42,125,43,86,0,29,90,127,92,107,49,17,105"/><T12/><D117/><U55/><E9/><V48/><F113/><N who="1" m="43593" /><E84/><V53/><F134/><W16/><G0/><T77/><D120/><U89/><E78/><V82/><F124/><N who="3" m="47691" /><G49/><T14/><D131/><U99/><E99/><V88/><F108/><W106/><G29/><T130/><D130/><U119/><E119/><V44/><F103/><W30/><G30/><T18/><D132/><U50/><E35/><V27/><F104/><W19/><AGARI ba="0,0" hai="16,17,19,42,43,86,90,92,105,106,107" m="47691" machi="19" ten="40,2700,0" yaku="18,1,54,1" doraHai="31" who="3" fromWho="3" sc="250,-13,250,-7,250,-7,250,27" /><INIT seed="1,0,0,5,0,93" ten="237,243,243,277" oya="1" hai0="69,118,59,67,132,102,61,80,117,40,52,99,8" hai1="66,120,64,81,89,131,50,22,13,112,27,92,73" hai2="105,36,2,4,75,68,38,123,6,133,94,100,101" hai3="0,5,116,113,130,21,106,86,3,1,79,11,125"/><U122/><E112/><V12/><F123/><W104/><G113/><T62/><D132/><U32/><E131/><V110/><F75/><W43/><G130/><T135/><D135/><U76/><E32/><V65/><F133/><W24/><G125/><T17/><D40/><U114/><E114/><V42/><F110/><W95/><G116/><T87/><D8/><U51/><E13/><V54/><F2/><W128/><G128/><T34/><D17/><U91/><E120/><V83/><F83/><W55/><G43/><T72/><D72/><U41/><E91/><V39/><F42/><W20/><G55/><T60/><D60/><U134/><E134/><V126/><F126/><W35/><G35/><T90/><REACH who="0" step="1"/><D34/><REACH who="0" ten="227,243,243,277" step="2"/><U84/><E122/><V44/><F4/><W37/><G5/><T28/><D28/><U107/><E41/><V57/><F6/><W103/><G11/><T127/><D127/><U58/><E73/><V124/><F39/><W14/><G37/><T15/><D15/><U29/><E29/><V10/><F12/><W85/><G14/><T97/><D97/><U16/><E22/><V77/><F10/><W78/><G21/><T25/><D25/><U98/><E27/><V9/><F9/><W46/><G24/><T71/><D71/><U108/><E50/><V45/><F124/><W47/><G20/><T88/><D88/><U48/><E48/><V30/><F30/><W49/><G3/><T18/><D18/><U129/><E129/><V23/><F23/><W111/><G1/><T74/><D74/><N who="1" m="43159" /><E51/><V121/><F38/><W53/><G0/><RYUUKYOKU ba="0,1" sc="227,30,243,-10,243,-10,277,-10" hai0="52,59,61,62,67,69,80,87,90,99,102,117,118" /><INIT seed="2,1,1,4,3,103" ten="257,233,233,267" oya="2" hai0="28,94,61,11,130,101,32,79,124,35,131,87,117" hai1="119,1,112,105,42,89,113,104,82,7,36,58,107" hai2="135,48,78,72,93,133,17,123,106,100,16,66,26" hai3="21,77,60,120,9,59,65,47,76,57,71,33,90"/><V108/><F123/><W30/><G120/><T114/><D114/><U97/><E119/><V39/><F39/><W63/><G33/><T80/><D117/><U75/><E58/><V22/><F108/><W25/><G71/><T18/><D124/><U0/><E97/><N who="2" m="61711" /><F93/><W12/><G90/><T129/><D28/><U24/><E24/><V13/><F66/><W56/><G47/><T134/><D134/><N who="2" m="51210" /><F48/><W51/><G51/><T121/><D121/><U46/><E89/><V88/><F88/><W5/><REACH who="3" step="1"/><G57/><REACH who="3" ten="257,233,233,257" step="2"/><T67/><D35/><U69/><E69/><V91/><F91/><W20/><G20/><T86/><D32/><U109/><E109/><V6/><F6/><W81/><G81/><T44/><D80/><U19/><E7/><V95/><F95/><W53/><AGARI ba="1,2" hai="5,9,12,21,25,30,53,56,59,60,63,65,76,77" machi="53" ten="20,8000,1" yaku="1,1,0,1,7,1,8,1,53,1" doraHai="103" doraHaiUra="27" who="3" fromWho="3" sc="257,-21,233,-21,233,-41,257,103" /><INIT seed="3,0,0,1,0,72" ten="236,212,192,360" oya="3" hai0="94,24,58,78,60,97,76,77,111,134,56,103,25" hai1="121,34,86,75,67,2,104,32,18,8,5,63,81" hai2="1,23,87,15,85,3,14,92,20,65,11,96,6" hai3="66,61,79,131,91,37,74,88,123,12,17,118,9"/><W22/><G118/><T10/><D111/><U50/><E121/><V52/><F65/><W49/><G37/><T110/><D110/><U83/><E104/><V71/><F71/><W127/><G123/><T43/><D134/><U101/><E101/><V93/><F96/><W51/><G131/><T89/><D43/><U128/><E128/><V125/><F11/><W39/><G39/><T102/><D10/><U31/><E75/><V44/><F44/><W100/><G127/><T45/><D45/><U27/><E50/><V116/><F6/><W13/><G100/><N who="0" m="38443" /><D58/><U40/><E40/><V64/><F64/><AGARI ba="0,0" hai="24,25,56,60,64,76,77,78,89,94,97" m="38443" machi="64" ten="30,7700,0" yaku="8,1,52,3" doraHai="72" who="0" fromWho="2" sc="236,77,212,0,192,-77,360,0" /><INIT seed="4,0,0,4,1,91" ten="313,212,115,360" oya="0" hai0="37,81,64,130,57,53,100,45,99,129,10,43,19" hai1="3,127,124,28,59,71,58,74,48,21,88,25,110" hai2="65,41,86,122,113,6,131,73,119,0,33,30,11" hai3="68,29,40,121,83,103,2,96,90,134,31,47,66"/><T111/><D111/><U101/><E110/><V135/><F65/><W109/><G109/><T112/><D112/><U87/><E74/><V125/><F41/><W108/><G2/><T75/><D64/><U4/><E71/><V32/><F86/><W114/><G108/><T51/><D10/><N who="1" m="2335" /><E48/><V18/><F73/><W94/><G114/><T49/><D19/><U46/><E101/><V120/><F113/><W12/><G134/><T79/><REACH who="0" step="1"/><D37/><REACH who="0" ten="303,212,115,360" step="2"/><U55/><E124/><V126/><F135/><W63/><G66/><T42/><D42/><U36/><E36/><V1/><F119/><W27/><G40/><T39/><D39/><U52/><E127/><N who="2" m="48651" /><F131/><W16/><G16/><T8/><D8/><U84/><E28/><V54/><F54/><W26/><G31/><T93/><AGARI ba="0,1" hai="43,45,49,51,53,57,75,79,81,93,99,100,129,130" machi="93" ten="30,11700,0" yaku="1,1,0,1,52,1,53,1" doraHai="91" doraHaiUra="107" who="0" fromWho="0" sc="303,127,212,-39,115,-39,360,-39" /><INIT seed="4,1,0,0,3,83" ten="430,173,76,321" oya="0" hai0="59,108,45,23,114,100,13,124,46,44,3,54,68" hai1="111,9,77,132,25,90,14,73,58,55,8,92,20" hai2="91,121,133,18,120,119,86,51,4,135,88,78,2" hai3="49,110,79,67,74,103,27,63,130,38,41,5,72"/><T34/><D68/><U6/><E111/><V82/><F2/><W43/><G110/><T71/><D71/><U122/><E132/><N who="2" m="50763" /><F4/><W125/><G125/><T36/><D3/><U35/><E35/><V56/><F18/><W28/><G130/><T113/><D34/><U21/><E122/><N who="2" m="47211" /><F51/><W85/><G103/><T87/><D36/><U48/><E9/><V69/><F69/><W105/><G105/><T99/><D108/><U107/><E107/><V12/><F12/><W98/><G98/><T22/><D124/><U32/><E32/><V26/><F26/><W94/><G38/><T64/><D64/><U66/><E66/><V11/><F11/><W1/><G5/><T93/><D13/><U10/><E10/><V76/><F56/><W62/><G1/><T129/><D129/><U0/><E0/><V40/><F40/><W24/><G49/><T16/><D23/><U39/><E39/><V116/><F91/><W84/><G28/><T131/><D131/><U109/><E109/><V15/><F15/><W19/><G19/><T118/><D16/><U75/><E21/><V42/><F42/><W50/><G50/><T70/><D70/><U112/><E20/><V96/><F96/><W127/><G67/><T123/><D22/><U117/><E25/><V17/><F17/><W81/><G127/><T106/><D99/><U37/><E37/><V31/><F31/><W60/><G27/><T7/><D7/><U115/><E6/><V47/><F47/><W65/><G24/><T29/><D29/><U52/><E14/><V102/><F102/><W95/><G65/><RYUUKYOKU ba="1,0" sc="430,-10,173,-10,76,30,321,-10" hai2="76,78,82,86,88,116,119" /><INIT seed="5,2,0,1,5,41" ten="420,163,106,311" oya="1" hai0="118,121,15,72,116,33,86,28,59,62,113,122,128" hai1="76,4,42,120,89,51,74,107,35,104,53,109,34" hai2="31,79,2,85,32,9,63,125,30,96,0,127,134" hai3="100,54,39,132,58,26,45,78,87,52,92,36,95"/><U57/><E120/><N who="0" m="46185" /><D72/><U64/><E109/><V106/><F134/><W7/><G132/><T6/><D113/><U97/><E4/><V21/><F106/><W103/><G7/><T22/><D128/><U43/><E107/><V98/><F63/><W135/><G135/><T38/><D38/><U10/><E64/><V75/><F75/><W24/><G87/><T23/><D86/><U93/><E104/><V73/><F73/><W18/><G78/><T83/><D83/><U115/><E115/><V50/><F50/><W12/><G58/><T88/><D88/><U130/><E130/><V71/><F71/><W65/><G65/><N who="0" m="39135" /><D33/><U25/><E35/><V16/><F85/><W126/><G126/><N who="2" m="48137" /><F79/><W46/><G18/><N who="0" m="10591" /><D6/><U13/><E76/><V117/><F117/><W123/><G123/><T67/><D67/><U110/><E74/><V29/><F32/><W68/><REACH who="3" step="1"/><G12/><REACH who="3" ten="420,163,106,301" step="2"/><T11/><D11/><U17/><E110/><V61/><F9/><W55/><G55/><T48/><D48/><U108/><E108/><V112/><F112/><W119/><G119/><T114/><D114/><U27/><E42/><V56/><F98/><W84/><G84/><T105/><D118/><U49/><REACH who="1" step="1"/><E34/><REACH who="1" ten="420,153,106,301" step="2"/><V5/><F5/><W14/><G14/><T20/><D116/><U1/><E1/><V111/><F111/><W82/><G82/><T90/><D105/><U77/><E77/><V47/><F0/><W44/><G44/><AGARI ba="2,2" hai="10,13,17,25,27,43,44,49,51,53,57,89,93,97" machi="44" ten="40,7700,0" yaku="1,1,8,1,52,1,53,0" doraHai="41" doraHaiUra="133" who="1" fromWho="3" sc="420,0,153,103,106,0,301,-83" /><INIT seed="5,3,0,5,0,114" ten="420,256,106,218" oya="1" hai0="79,35,120,23,110,117,97,98,103,130,135,101,40" hai1="38,22,119,126,84,87,59,127,42,4,26,132,19" hai2="66,89,85,62,112,11,8,16,78,113,2,47,43" hai3="51,73,13,131,74,58,28,80,109,56,20,41,65"/><U95/><E132/><V1/><F78/><W70/><G109/><T45/><D35/><U36/><E4/><V96/><F96/><W57/><G131/><T21/><D110/><U76/><E59/><V61/><F2/><W48/><G80/><T77/><D130/><U124/><E76/><V27/><F1/><W30/><G41/><T12/><D117/><U68/><E68/><V32/><F32/><W55/><G70/><T128/><D128/><U133/><E133/><V33/><F33/><W107/><G107/><T25/><D120/><U81/><E95/><V34/><F34/><W24/><G30/><T91/><D91/><N who="1" m="51599" /><E87/><V94/><F11/><W102/><G102/><T39/><D135/><U44/><E38/><V49/><F27/><W111/><G111/><T83/><D83/><U7/><E7/><V86/><F86/><W0/><G0/><T63/><D79/><U123/><E123/><V67/><F67/><W37/><G37/><T52/><D77/><U75/><E75/><V29/><F29/><W121/><G121/><T122/><D103/><U54/><E54/><V129/><F129/><W90/><G90/><T82/><D82/><U5/><E5/><V14/><REACH who="2" step="1"/><F66/><REACH who="2" ten="420,256,96,218" step="2"/><W53/><G13/><T17/><D122/><U6/><E6/><V93/><F93/><W10/><G10/><T60/><D98/><U50/><E126/><V118/><F118/><W31/><G31/><T69/><D97/><U106/><E119/><V64/><F64/><W72/><G65/><T125/><D125/><N who="1" m="48203" /><E106/><V104/><F104/><W116/><G116/><T92/><D92/><RYUUKYOKU ba="3,1" sc="420,-30,256,10,96,10,218,10" hai1="19,22,26,36,42,44,50" hai2="8,14,16,43,47,49,61,62,85,89,94,112,113" hai3="20,24,28,48,51,53,55,56,57,58,72,73,74" /><INIT seed="5,4,1,5,2,49" ten="390,266,106,228" oya="1" hai0="14,109,133,40,98,5,1,116,119,87,4,71,112" hai1="31,53,81,86,110,9,124,13,63,61,50,55,99" hai2="38,111,32,123,130,59,66,58,51,47,54,72,41" hai3="35,45,117,134,77,30,60,70,64,62,132,39,107"/><U79/><E124/><V27/><F72/><W8/><G107/><T57/><D71/><U2/><E2/><V78/><F78/><W23/><G35/><T36/><D109/><U28/><E110/><V94/><F111/><W69/><G77/><T67/><D112/><U65/><E99/><V52/><F123/><W11/><G117/><T126/><D126/><U95/><E95/><V118/><F118/><W6/><G30/><N who="1" m="11306" /><E65/><V43/><F27/><W73/><G73/><T89/><D1/><U102/><E102/><V93/><F32/><W129/><G23/><T101/><D133/><N who="3" m="51305" /><G129/><T7/><D14/><U68/><E68/><N who="3" m="26218" /><G64/><T22/><D67/><U120/><E120/><V88/><F130/><W97/><G97/><T83/><D22/><U96/><E96/><N who="2" m="57383" /><F94/><W85/><G85/><T106/><D119/><U121/><E121/><V115/><F115/><W90/><G90/><T33/><D33/><U37/><E37/><V15/><F38/><W16/><G39/><T12/><D116/><U56/><E55/><N who="2" m="30207" /><F66/><W19/><G8/><T92/><D106/><U80/><E81/><V127/><F15/><N who="3" m="5623" /><G45/><T24/><D12/><U122/><E122/><V91/><F91/><W75/><G75/><T29/><D36/><U125/><E125/><V76/><F76/><W108/><G108/><T18/><D89/><U103/><E103/><V48/><F127/><W74/><G74/><T105/><D105/><U44/><E44/><V21/><F21/><W46/><G46/><T17/><D101/><U10/><E10/><V114/><F114/><W100/><G100/><T84/><D98/><RYUUKYOKU ba="4,1" sc="390,-30,266,10,106,10,228,10" hai1="9,13,50,53,56,61,63,79,80,86" hai2="41,43,48,52,54,58,59" hai3="16,19,60,62" /><INIT seed="5,5,1,3,5,106" ten="360,276,116,238" oya="1" hai0="12,90,44,98,107,62,0,60,20,123,78,6,111" hai1="52,16,127,41,74,109,49,131,130,39,133,59,37" hai2="112,38,80,32,2,121,117,113,115,36,120,24,69" hai3="94,51,56,47,58,8,61,10,70,91,95,31,110"/><U35/><E35/><V99/><F99/><W18/><G110/><T102/><D111/><U66/><E109/><V71/><F117/><W118/><G118/><T34/><D123/><N who="2" m="47178" /><F80/><W33/><G70/><N who="2" m="26633" /><F2/><W125/><G125/><T85/><D34/><U108/><E108/><V53/><F32/><W48/><G33/><T129/><D129/><N who="1" m="49163" /><E127/><V100/><F100/><W29/><G47/><T135/><D135/><U134/><E74/><V15/><F15/><W22/><G61/><T103/><D0/><U23/><E66/><V75/><F24/><W93/><G91/><T11/><D102/><U124/><E124/><V17/><F17/><W1/><G1/><T57/><D78/><U119/><E119/><V114/><N who="2" m="28672" /><DORA hai="84" /><V132/><F132/><N who="1" m="50793" /><E41/><V77/><F77/><W116/><G116/><T55/><D103/><U81/><E81/><V128/><F128/><W89/><G89/><T50/><D90/><U63/><E63/><V9/><F9/><W88/><G88/><T82/><D62/><U126/><E126/><V28/><F28/><W73/><G73/><T14/><D60/><U45/><E45/><V87/><F87/><W43/><G29/><T21/><D44/><U54/><E54/><V122/><N who="2" m="47186" /><V27/><DORA hai="4" /><F27/><AGARI ba="5,1" hai="16,23,27,37,39,49,52,59" m="50793,49163" machi="27" ten="30,11600,0" yaku="19,1,20,1,54,2" doraHai="106,84,4" who="1" fromWho="2" sc="360,0,276,141,116,-131,238,0" owari="360,16.0,417,51.7,-15,-51.5,238,-16.2" /></mjloggm>