<mjloggm ver="2.3"><GO type="169" lobby="0"/><UN n0="%73%61%6E%67%6F%64%64%6F" n1="%31%74%61" n2="%E3%81%82%E3%81%95%E3%81%B4%E3%82%93%EF%BC%A0%EF%BD%8D%EF%BD%8A" n3="%E4%B8%8A%E6%B5%B7%E3%83%8B%E3%83%83%E3%82%AF" dan="17,17,18,16" rate="2170.59,2247.45,2285.78,2160.56" sx="M,M,M,M"/><TAIKYOKU oya="0"/><INIT seed="0,0,0,4,1,37" ten="250,250,250,250" oya="0" hai0="109,18,34,15,27,94,2,93,117,75,79,32,106" hai1="64,20,127,89,104,29,5,133,114,105,43,135,19" hai2="56,131,8,55,28,119,31,95,97,121,42,54,69" hai3="0,63,6,99,51,57,86,33,30,72,24,21,35"/><T76/><D106/><U102/><E127/><V122/><F69/><W38/><G72/><T101/><D117/><U53/><E29/><V59/><F119/><W50/><G38/><T129/><D2/><U48/><E114/><V13/><F131/><W81/><G6/><T124/><D129/><U126/><E126/><V70/><F70/><W108/><G108/><T112/><D112/><U68/><E5/><V58/><F121/><W107/><G0/><T100/><D27/><U3/><E3/><V45/><F122/><W134/><G134/><N who="1" m="51210" /><E89/><V60/><F31/><W46/><G107/><T71/><D71/><U80/><E80/><V39/><F55/><W62/><G99/><T115/><D115/><U11/><E11/><V1/><F28/><W82/><G82/><T111/><D18/><U25/><E102/><V91/><REACH who="2" step="1"/><F1/><REACH who="2" ten="250,250,240,250" step="2"/><W113/><G113/><T74/><D124/><U130/><E53/><V73/><F73/><W132/><G132/><T40/><REACH who="0" step="1"/><D15/><REACH who="0" ten="240,250,240,250" step="2"/><U9/><E130/><V120/><F120/><W10/><G30/><T47/><D47/><U49/><E68/><V84/><F84/><W125/><G86/><T78/><D78/><U16/><E25/><V14/><F14/><W36/><G24/><T98/><D98/><U87/><E87/><V4/><AGARI ba="0,2" hai="4,8,13,39,42,45,54,56,58,59,60,91,95,97" machi="4" ten="20,8000,1" yaku="1,1,0,1,7,1,52,1,53,1" doraHai="37" doraHaiUra="88" who="2" fromWho="2" sc="240,-40,250,-20,240,100,250,-20" /><INIT seed="1,0,0,4,4,52" ten="200,230,340,230" oya="1" hai0="105,121,48,112,46,113,59,96,24,2,73,92,94" hai1="39,120,76,124,90,107,25,20,106,98,53,31,131" hai2="74,51,95,134,41,11,118,63,122,61,75,7,109" hai3="77,5,54,128,99,123,43,27,91,114,17,89,42"/><U108/><E120/><V32/><F122/><W97/><G123/><T9/><D121/><RYUUKYOKU type="kaze4" ba="0,0" sc="200,0,230,0,340,0,230,0" /><INIT seed="1,1,0,1,4,101" ten="200,230,340,230" oya="1" hai0="117,7,122,27,114,52,4,22,14,90,130,12,35" hai1="62,64,112,103,128,71,57,68,10,121,54,127,115" hai2="48,47,100,50,56,99,95,45,19,87,39,106,93" hai3="61,94,111,108,109,13,33,135,69,17,43,104,133"/><U51/><E121/><V120/><F120/><W75/><G75/><T20/><D122/><U77/><E77/><V59/><F39/><W46/><G33/><T123/><D123/><U49/><E103/><V16/><F87/><W80/><G80/><T84/><D114/><N who="1" m="43563" /><E10/><V92/><F59/><W42/><G94/><T30/><D117/><U83/><E83/><V118/><F56/><W8/><G104/><T70/><D70/><N who="1" m="26667" /><E128/><V23/><F118/><W18/><G18/><T36/><D36/><U129/><E129/><V3/><F3/><W74/><G74/><T89/><D130/><U105/><E105/><V37/><F37/><N who="3" m="21839" /><G43/><T88/><D84/><U2/><E2/><V0/><F0/><W132/><G69/><T1/><D1/><U21/><E21/><V131/><F131/><W119/><G61/><T32/><D32/><U65/><E127/><V25/><REACH who="2" step="1"/><F19/><REACH who="2" ten="200,230,330,230" step="2"/><W125/><G119/><T58/><D4/><U124/><E124/><AGARI ba="1,1" hai="8,13,17,108,109,111,124,125,132,133,135" m="21839" machi="124" ten="40,2600,0" yaku="14,1,20,1" doraHai="101" who="3" fromWho="1" sc="200,0,230,-29,330,0,230,39" /><INIT seed="2,0,0,1,4,121" ten="200,201,330,269" oya="2" hai0="132,96,134,0,72,54,37,108,98,131,69,55,78" hai1="73,128,47,135,81,12,24,84,130,63,93,1,99" hai2="57,23,91,104,18,26,67,34,62,19,25,28,106" hai3="44,125,133,92,87,102,42,118,53,90,101,49,110"/><V112/><F112/><W60/><G118/><T22/><D69/><U107/><E1/><V58/><F18/><W38/><G133/><N who="0" m="51307" /><D0/><U114/><E114/><V36/><F36/><W66/><G125/><T35/><D22/><U41/><E135/><V52/><REACH who="2" step="1"/><F91/><REACH who="2" ten="200,201,320,269" step="2"/><W9/><G9/><T116/><D37/><U5/><E5/><V71/><F71/><W88/><G90/><T2/><D116/><U120/><E120/><V50/><AGARI ba="0,1" hai="19,23,25,26,28,34,50,52,57,58,62,67,104,106" machi="50" ten="20,7800,0" yaku="1,1,0,1,7,1,54,1,53,0" doraHai="121" doraHaiUra="85" who="2" fromWho="2" sc="200,-26,201,-26,320,88,269,-26" /><INIT seed="2,1,0,3,5,83" ten="174,175,408,243" oya="2" hai0="98,115,36,127,57,21,41,9,125,14,96,20,16" hai1="87,94,103,119,77,120,53,63,90,45,129,23,28" hai2="73,113,50,78,38,100,25,81,64,84,19,3,61" hai3="112,54,30,13,114,105,40,0,82,29,85,132,69"/><V67/><F113/><N who="3" m="43627" /><G0/><T97/><D115/><U80/><E119/><V68/><F38/><W122/><G122/><T107/><D107/><U58/><E129/><V89/><F3/><W26/><G69/><T18/><D57/><U32/><E32/><V52/><F67/><W55/><G105/><T56/><D56/><U133/><E133/><V70/><F70/><W75/><G75/><T51/><D36/><U121/><E103/><V108/><F108/><W86/><G86/><T31/><D31/><U8/><E8/><V1/><F1/><W76/><G132/><T101/><D101/><U110/><E110/><V135/><F135/><W79/><G79/><T116/><D116/><U48/><E28/><N who="3" m="10858" /><G26/><T7/><D20/><U104/><E23/><V27/><F19/><W117/><G117/><T42/><D18/><U66/><REACH who="1" step="1"/><E104/><REACH who="1" ten="174,165,408,243" step="2"/><V49/><F100/><W131/><G131/><T15/><REACH who="0" step="1"/><D42/><REACH who="0" ten="164,165,408,243" step="2"/><U91/><E91/><V60/><F89/><W109/><G109/><T106/><D106/><U59/><E59/><V12/><F68/><W43/><G43/><T128/><D128/><U47/><E47/><AGARI ba="1,2" hai="7,9,14,15,16,21,41,47,51,96,97,98,125,127" machi="47" ten="40,8000,1" yaku="1,1,54,1,53,2" doraHai="83" doraHaiUra="11" who="0" fromWho="1" sc="164,103,165,-83,408,0,243,0" /><INIT seed="3,0,0,4,0,20" ten="267,82,408,243" oya="3" hai0="19,2,124,112,30,123,92,3,29,133,1,83,117" hai1="80,135,119,23,52,86,60,31,47,68,11,4,10" hai2="32,9,126,40,100,14,71,130,82,55,96,114,15" hai3="131,5,128,105,127,107,104,90,66,78,44,28,79"/><W132/><G66/><T111/><D92/><U98/><E135/><V129/><F114/><W106/><G44/><T101/><D101/><U93/><E119/><V62/><F32/><W33/><G5/><T125/><D83/><U72/><E72/><V49/><F126/><N who="0" m="48746" /><D117/><U64/><E4/><V88/><F40/><W97/><G28/><N who="0" m="10859" /><D123/><U53/><E53/><V74/><F62/><W27/><G33/><T17/><D111/><U48/><E23/><V109/><F71/><W89/><G27/><T108/><D108/><U77/><REACH who="1" step="1"/><E31/><REACH who="1" ten="267,72,408,243" step="2"/><V37/><F74/><W43/><G127/><T91/><D133/><U0/><E0/><V35/><F35/><W95/><G132/><T39/><D3/><U75/><E75/><V120/><F109/><W34/><G34/><T76/><D2/><U36/><E36/><V22/><F37/><W51/><G43/><T24/><D1/><U87/><E87/><V59/><F22/><W46/><G51/><T42/><D42/><U6/><E6/><V85/><F120/><W102/><G46/><T99/><D39/><U54/><E54/><V103/><F9/><W110/><G110/><T18/><D17/><U8/><E8/><V45/><F45/><W67/><G67/><T118/><D18/><U41/><E41/><V134/><F134/><W69/><G69/><T116/><D19/><U13/><E13/><V7/><F7/><W121/><G121/><T25/><D118/><U84/><E84/><V73/><F14/><W56/><G56/><T115/><D116/><U38/><E38/><V12/><F12/><W70/><G70/><RYUUKYOKU ba="0,1" sc="267,-10,72,30,408,-10,243,-10" hai1="10,11,47,48,52,60,64,68,77,80,86,93,98" /><INIT seed="4,1,1,1,4,39" ten="257,102,398,233" oya="0" hai0="70,115,112,120,124,14,11,91,100,78,105,98,111" hai1="35,127,58,24,10,131,102,71,5,103,53,41,109" hai2="22,36,49,108,40,128,37,66,73,43,114,23,117" hai3="63,7,83,94,107,130,32,26,125,87,42,61,19"/><T25/><D120/><U118/><E109/><V75/><F108/><W57/><G107/><T17/><D111/><U2/><E118/><V68/><F49/><W59/><G130/><T0/><D124/><U104/><E127/><V123/><F66/><W62/><G125/><T88/><D70/><U44/><E71/><V82/><F68/><W28/><G7/><T9/><D78/><U52/><E104/><V29/><F29/><W99/><G19/><T85/><D25/><U81/><E131/><V95/><F95/><W46/><G87/><T47/><D47/><U133/><E133/><V122/><F82/><W21/><G83/><T55/><D55/><U6/><E6/><V116/><F128/><W89/><REACH who="3" step="1"/><G32/><REACH who="3" ten="257,102,398,223" step="2"/><T132/><D132/><U31/><E81/><V67/><F67/><W50/><AGARI ba="1,2" hai="21,26,28,42,46,50,57,59,61,62,63,89,94,99" machi="50" ten="30,12000,2" yaku="1,1,2,1,0,1,8,1,52,1,53,1" doraHai="39" doraHaiUra="45" who="3" fromWho="3" sc="257,-61,102,-31,398,-31,223,143" /><INIT seed="5,0,0,1,2,47" ten="196,71,367,366" oya="1" hai0="116,121,126,124,11,97,71,105,130,94,106,60,135" hai1="25,6,72,91,132,5,18,0,50,77,13,89,110" hai2="118,26,98,93,79,33,123,7,107,32,134,113,76" hai3="73,61,44,103,133,109,19,2,81,27,83,117,36"/><U128/><E128/><V131/><F118/><W31/><G109/><T10/><D116/><U1/><E132/><V101/><F123/><W85/><G117/><T129/><D71/><U48/><E110/><V34/><F131/><N who="0" m="50186" /><D60/><U111/><E111/><V8/><F134/><W17/><G2/><T56/><D56/><U122/><E122/><V55/><F113/><W80/><G73/><T4/><D121/><U104/><E104/><N who="0" m="40041" /><D135/><U67/><E67/><V12/><F107/><W46/><G103/><N who="0" m="60855" /><D10/><U95/><E25/><V75/><F75/><W125/><G133/><T112/><D112/><U66/><E66/><V119/><F119/><W16/><G125/><T3/><AGARI ba="0,0" hai="3,4,11,124,126" m="60855,40041,50186" machi="3" ten="40,1500,0" yaku="19,1" doraHai="47" who="0" fromWho="0" sc="196,15,71,-7,367,-4,366,-4" /><INIT seed="6,0,0,5,2,17" ten="211,64,363,362" oya="2" hai0="44,95,50,9,76,24,52,53,94,90,55,15,105" hai1="60,128,116,58,71,45,80,98,59,6,4,86,120" hai2="10,97,87,130,37,112,77,42,12,69,89,46,122" hai3="35,82,93,28,25,36,21,48,134,39,16,18,99"/><V110/><F122/><W118/><G118/><T23/><D105/><U22/><E128/><V113/><F69/><W67/><G134/><T3/><D3/><U26/><E116/><V123/><F123/><W64/><G39/><T43/><D76/><U75/><E75/><V127/><F130/><W33/><G36/><T19/><REACH who="0" step="1"/><D90/><REACH who="0" ten="201,64,363,362" step="2"/><U29/><E120/><V132/><F77/><W91/><G35/><T106/><D106/><U38/><E71/><V30/><F89/><W41/><G33/><T115/><D115/><U135/><E135/><V107/><F107/><W104/><G104/><T103/><D103/><U100/><E100/><V8/><F132/><W101/><G101/><T40/><D40/><U111/><E111/><V72/><F42/><W133/><G133/><T125/><D125/><U108/><E108/><V114/><F127/><W27/><G82/><T85/><D85/><U49/><E98/><V13/><F87/><W78/><G78/><T57/><D57/><U56/><E38/><V66/><F97/><W11/><G91/><T81/><D81/><U7/><E86/><V5/><F110/><W109/><G99/><T73/><D73/><U54/><REACH who="1" step="1"/><E80/><REACH who="1" ten="201,54,363,362" step="2"/><V14/><F72/><W83/><G83/><T2/><D2/><U119/><E119/><V51/><F37/><W0/><G109/><T47/><D47/><U70/><E70/><V102/><F102/><W34/><G93/><T32/><D32/><U84/><E84/><V79/><F113/><W117/><G117/><T96/><D96/><U121/><E121/><V62/><F112/><W129/><G129/><RYUUKYOKU ba="0,2" sc="201,15,54,15,363,-15,362,-15" hai0="9,15,19,23,24,43,44,50,52,53,55,94,95" hai1="4,6,7,22,26,29,45,49,54,56,58,59,60" /><INIT seed="7,1,2,4,0,62" ten="216,69,348,347" oya="3" hai0="49,129,79,107,24,78,46,8,83,0,50,43,54" hai1="88,100,32,123,73,91,17,30,48,103,95,56,15" hai2="113,71,109,22,81,85,127,76,53,132,110,35,9" hai3="60,64,67,124,57,39,63,42,44,101,34,130,74"/><W68/><G74/><T97/><D129/><U135/><E135/><V118/><F35/><W65/><G34/><T77/><D107/><U131/><E131/><V7/><F118/><W133/><G101/><T21/><D97/><U112/><E73/><V3/><F71/><N who="3" m="42375" /><G130/><T106/><D106/><U55/><E123/><V12/><F132/><W90/><G90/><T122/><D122/><U108/><E108/><V14/><F3/><W119/><G133/><T6/><D83/><U116/><E112/><V84/><F113/><W13/><G13/><T72/><D72/><U98/><E116/><V18/><F127/><W114/><G114/><T25/><D25/><U66/><E30/><V104/><F104/><W121/><G121/><T128/><D128/><U29/><E29/><V20/><F20/><W23/><G23/><T40/><D50/><U82/><E32/><V117/><F117/><W33/><G33/><T111/><D111/><U126/><E126/><V2/><F2/><W28/><G28/><T45/><D45/><U37/><E37/><V36/><F36/><W47/><G119/><T115/><D115/><U26/><E26/><V59/><F85/><W87/><G87/><T41/><D21/><U102/><E82/><V125/><F125/><W16/><G16/><T93/><D24/><U94/><E66/><N who="3" m="25098" /><G124/><T105/><D105/><U11/><REACH who="1" step="1"/><E102/><REACH who="1" ten="216,59,348,347" step="2"/><V5/><F5/><W80/><G80/><T92/><AGARI ba="1,3" hai="0,6,8,40,41,43,46,49,54,77,78,79,92,93" machi="92" ten="40,1500,0" yaku="0,1" doraHai="62" who="0" fromWho="0" sc="216,48,59,-5,348,-5,347,-8" owari="264,-13.6,54,-44.6,343,44.3,339,13.9" /></mjloggm>