<mjloggm ver="2.3"><GO type="225" lobby="0"/><UN n0="%E5%91%A8%E6%9D%B1" n1="%E3%82%A4%E3%83%BC%E3%82%B1%E3%83%97%E3%83%A9" n2="%E6%98%93%E5%88%A9%E8%96%A9%E4%BC%AF" n3="%E6%A1%9C%E8%8A%B1%E9%96%83%E3%80%85" dan="16,17,17,16" rate="2175.22,2154.46,2187.26,2235.86" sx="M,M,F,M"/><TAIKYOKU oya="0"/><INIT seed="0,0,0,0,4,93" ten="250,250,250,250" oya="0" hai0="6,76,71,60,126,4,28,103,54,41,55,22,69" hai1="133,112,73,2,116,87,80,131,62,63,83,48,58" hai2="43,30,118,21,74,33,31,89,111,34,12,24,32" hai3="119,135,105,19,94,64,57,20,23,68,56,11,82"/><T53/><D126/><U104/><E116/><V29/><F74/><W35/><G105/><T107/><D76/><U122/><E122/><V16/><F43/><W46/><G35/><N who="2" m="13385" /><F89/><W5/><G82/><T75/><D41/><U17/><E2/><V128/><F118/><W47/><G23/><T52/><D75/><U49/><E104/><V123/><F123/><W134/><G94/><T86/><D86/><U106/><E106/><V1/><F111/><W120/><G57/><T39/><D39/><U25/><E131/><V15/><F128/><W81/><G56/><T96/><N who="0" m="13312" /><DORA hai="8" /><T101/><D101/><U42/><E133/><V10/><F1/><W98/><G81/><T100/><D100/><U72/><E112/><V37/><F37/><W61/><G119/><T129/><D129/><U13/><E80/><V40/><F40/><W97/><G46/><T0/><D0/><U50/><E42/><V66/><F66/><W45/><G45/><T95/><D107/><U44/><E44/><V9/><N who="2" m="13393" /><V67/><DORA hai="51" /><F67/><W113/><G47/><T91/><D103/><U99/><E73/><V115/><F115/><W65/><G65/><T90/><D90/><U59/><E72/><V27/><F27/><N who="3" m="14751" /><G113/><T14/><D60/><N who="1" m="23083" /><E25/><V121/><F121/><W7/><G120/><T26/><REACH who="0" step="1"/><D4/><AGARI ba="0,0" hai="4,9,10,12,15,16,21,24,29,30,31" m="13393" machi="4" ten="40,16000,3" yaku="35,5,52,2,54,1" doraHai="93,8,51" who="2" fromWho="0" sc="250,-160,250,0,250,160,250,0" /><INIT seed="1,0,0,0,5,83" ten="90,250,410,250" oya="1" hai0="107,120,77,54,34,71,86,106,68,56,95,45,104" hai1="117,43,70,18,94,127,98,124,33,22,51,76,9" hai2="63,60,35,119,19,128,132,109,23,28,87,99,52" hai3="112,113,105,116,100,85,7,90,89,114,96,59,48"/><U36/><E117/><V111/><F119/><W46/><G7/><T14/><D120/><U41/><E33/><V66/><F132/><W102/><G116/><T121/><D121/><U79/><E70/><V81/><F35/><W55/><G102/><T15/><D34/><U125/><E36/><V84/><F28/><W31/><G31/><T8/><D45/><U6/><E51/><V10/><F10/><W0/><G0/><T30/><D30/><U118/><E118/><V13/><F128/><W126/><G126/><T69/><D8/><U80/><E22/><V62/><F99/><W65/><G65/><T75/><D75/><U130/><E18/><V12/><F12/><W92/><REACH who="3" step="1"/><G90/><REACH who="3" ten="90,250,410,240" step="2"/><T115/><D115/><U73/><E130/><V5/><F5/><W133/><G133/><T42/><D42/><U25/><E43/><V49/><F66/><W131/><G131/><T26/><D77/><N who="1" m="44079" /><E41/><V53/><F53/><W50/><G50/><T61/><REACH who="0" step="1"/><D26/><REACH who="0" ten="80,250,410,240" step="2"/><U1/><E25/><V88/><F111/><W74/><G74/><T129/><D129/><U3/><E3/><V110/><F110/><W24/><G24/><T58/><D58/><AGARI ba="0,2" hai="46,48,55,58,59,85,89,92,96,100,105,112,113,114" machi="58" ten="40,2600,0" yaku="1,1,52,1,53,0" doraHai="83" doraHaiUra="135" who="3" fromWho="0" sc="80,-26,250,0,410,0,240,46" /><INIT seed="2,0,0,3,0,91" ten="54,250,410,286" oya="2" hai0="112,28,41,68,23,1,83,113,53,32,63,62,109" hai1="65,45,105,33,124,81,29,119,6,71,94,79,37" hai2="100,57,36,67,82,38,59,114,7,117,17,26,50" hai3="60,22,16,104,49,3,133,73,86,39,0,90,76"/><V5/><F114/><W52/><G39/><T110/><D1/><U47/><E105/><V75/><F100/><W40/><G104/><T46/><D23/><U54/><E119/><V98/><F98/><W89/><G133/><T103/><D83/><U108/><E108/><V80/><F67/><W19/><G73/><T121/><D103/><U48/><E124/><V30/><F17/><N who="3" m="6731" /><G3/><T31/><D32/><U125/><E125/><V64/><F64/><W93/><G0/><T11/><D11/><U18/><E6/><V44/><F38/><W84/><G22/><T120/><D28/><U34/><E18/><V134/><F36/><W13/><G13/><T128/><D31/><U4/><E4/><V101/><F101/><W88/><G60/><T95/><D95/><U35/><E29/><V85/><F75/><W25/><G40/><T99/><D99/><U55/><E94/><V66/><F66/><W131/><G131/><T27/><D27/><U15/><E15/><V51/><F134/><W2/><G2/><T135/><D135/><U58/><E71/><V122/><F122/><W126/><G126/><T21/><D21/><U116/><E116/><V127/><F127/><W130/><G130/><T97/><D128/><U115/><E115/><V78/><F117/><W77/><G25/><T14/><D14/><U43/><E35/><V87/><F26/><W42/><G42/><T92/><D41/><N who="1" m="22703" /><E33/><V72/><F72/><W8/><G8/><T10/><D10/><U24/><E24/><V74/><F74/><W118/><G118/><T106/><D113/><U129/><E129/><RYUUKYOKU ba="0,0" sc="54,0,250,0,410,0,286,0" /><INIT seed="3,1,0,4,4,16" ten="54,250,410,286" oya="3" hai0="71,62,92,94,104,40,105,48,20,7,42,79,45" hai1="93,97,19,37,116,96,109,107,6,127,132,18,73" hai2="77,74,4,47,81,24,5,113,29,2,118,56,133" hai3="50,110,88,63,36,85,9,129,111,125,15,135,13"/><W11/><G36/><T101/><D105/><U46/><E73/><V121/><F113/><W126/><G63/><T14/><D104/><U33/><E33/><V98/><F118/><W59/><G129/><T22/><D71/><U76/><E116/><V25/><F121/><W53/><G135/><T57/><D79/><U35/><E35/><V21/><F133/><W65/><G65/><T119/><D119/><U123/><E123/><V44/><F56/><W103/><G103/><T90/><D42/><U52/><E132/><V87/><F74/><W31/><G31/><T8/><D101/><U99/><E107/><V1/><F98/><W70/><G13/><T43/><D43/><U130/><E109/><N who="3" m="41482" /><G70/><T122/><D122/><U10/><E130/><V72/><F2/><W106/><G106/><T131/><D131/><U34/><E34/><V80/><F1/><W17/><G11/><T58/><D58/><U120/><E120/><V115/><F115/><W83/><AGARI ba="1,0" hai="9,15,17,50,53,59,83,85,88,125,126" m="41482" machi="83" ten="30,6000,0" yaku="14,1,10,1,54,1" doraHai="16" who="3" fromWho="3" sc="54,-21,250,-21,410,-21,286,63" /><INIT seed="3,2,0,3,1,132" ten="33,229,389,349" oya="3" hai0="39,92,6,45,25,17,9,124,35,70,29,37,8" hai1="55,36,59,54,26,100,133,28,71,94,96,93,27" hai2="52,127,31,24,117,34,19,10,46,33,121,1,118" hai3="16,41,18,67,103,56,47,135,75,22,131,111,15"/><W109/><G135/><T106/><D106/><U77/><E133/><V101/><F101/><W0/><G75/><T110/><D70/><U14/><E71/><V43/><F127/><W99/><G0/><T73/><D73/><U53/><E36/><V78/><F121/><W65/><G131/><T126/><D92/><U89/><E77/><V63/><F34/><W84/><G84/><T80/><D80/><U105/><E105/><V4/><F78/><W76/><G76/><T113/><D45/><U66/><E14/><V3/><F3/><W108/><G18/><T107/><D107/><U116/><E116/><V125/><F125/><N who="0" m="48234" /><D39/><U62/><REACH who="1" step="1"/><E28/><REACH who="1" ten="33,219,389,349" step="2"/><V44/><F31/><W64/><G56/><T115/><D37/><U123/><E123/><V20/><F118/><W129/><G129/><T86/><D110/><U2/><E2/><V7/><F1/><W91/><G91/><T85/><D86/><AGARI ba="2,1" hai="26,27,53,54,55,59,62,66,86,89,93,94,96,100" machi="86" ten="40,2600,0" yaku="1,1,8,1,53,0" doraHai="132" doraHaiUra="134" who="1" fromWho="0" sc="33,-32,219,42,389,0,349,0" owari="1,-49.9,261,-13.9,389,48.9,349,14.9" /></mjloggm>