<mjloggm ver="2.3"><GO type="169" lobby="0"/><UN n0="%56%45%54%54%45%4C" n1="%52%65%61%6C%58" n2="%43%55%4B%45%59" n3="%41%63%75%6E%61%4A%72" dan="16,16,16,17" rate="2117.58,2173.55,2070.34,2255.99" sx="M,F,M,M"/><TAIKYOKU oya="0"/><INIT seed="0,0,0,5,1,108" ten="250,250,250,250" oya="0" hai0="119,4,104,135,17,65,97,95,2,67,83,114,25" hai1="28,36,49,23,106,113,60,43,112,42,101,47,8" hai2="127,77,89,54,111,3,105,82,58,31,115,93,38" hai3="131,27,1,72,45,74,134,132,124,117,69,68,48"/><T85/><D119/><U116/><E116/><V109/><F3/><W44/><G117/><T35/><D135/><N who="3" m="51753" /><G1/><T12/><D104/><U63/><E106/><V34/><F38/><W24/><G124/><T7/><D114/><N who="1" m="44139" /><E101/><V5/><F5/><W0/><G0/><T66/><D25/><N who="3" m="9801" /><G131/><T99/><D35/><U26/><E8/><V94/><F31/><W128/><G128/><T15/><D2/><U103/><E103/><V122/><F122/><W10/><G10/><N who="0" m="6391" /><D12/><U76/><E76/><V90/><F34/><W20/><G20/><T81/><D81/><U29/><E28/><V91/><F105/><W59/><G59/><T53/><D53/><N who="1" m="29887" /><E36/><V39/><F39/><W88/><G88/><N who="0" m="55527" /><D99/><U123/><E123/><V19/><F115/><W41/><G45/><T92/><D92/><U133/><E133/><V6/><F94/><W62/><G44/><T64/><N who="0" m="16384" /><DORA hai="50" /><T61/><D61/><AGARI ba="0,0" hai="23,26,29,42,43,60,61,63" m="29887,44139" machi="61" ten="30,8000,1" yaku="11,1,52,4" doraHai="108,50" who="1" fromWho="0" sc="250,-80,250,80,250,0,250,0" /><INIT seed="1,0,0,4,2,34" ten="170,330,250,250" oya="1" hai0="126,121,33,135,111,46,92,32,76,57,23,123,17" hai1="109,66,30,38,36,104,95,35,61,2,78,86,93" hai2="79,22,89,115,133,27,107,83,16,72,29,132,67" hai3="58,18,69,101,12,127,53,43,105,103,119,74,21"/><U7/><E109/><V47/><F107/><W90/><G119/><T50/><D111/><U81/><E104/><V48/><F115/><W39/><G127/><T41/><D126/><U3/><E7/><V20/><F67/><W56/><G69/><T4/><D135/><U77/><E93/><V51/><F89/><W25/><G74/><T129/><D129/><U54/><E54/><V117/><F117/><W11/><G105/><T24/><D76/><U116/><E116/><V49/><REACH who="2" step="1"/><F47/><REACH who="2" ten="170,330,240,250" step="2"/><W31/><G101/><T114/><D114/><U59/><E78/><V65/><F65/><W63/><G103/><T73/><D121/><U96/><E36/><V94/><F94/><W130/><G130/><T75/><D123/><U99/><E38/><V108/><F108/><W6/><G90/><T40/><D92/><U68/><E68/><V0/><F0/><W13/><G39/><T5/><D46/><U28/><E96/><V120/><F120/><W52/><G43/><T87/><D40/><U97/><E97/><V122/><F122/><W128/><G128/><T125/><D41/><U1/><REACH who="1" step="1"/><E35/><REACH who="1" ten="170,320,240,250" step="2"/><V9/><F9/><W44/><G44/><T82/><D32/><U64/><E64/><V37/><F37/><W112/><G112/><T14/><D33/><U124/><E124/><V45/><F45/><W98/><G98/><T26/><D125/><U91/><AGARI ba="0,2" hai="1,2,3,28,30,59,61,66,77,81,86,91,95,99" machi="91" ten="30,12000,1" yaku="1,1,0,1,52,3,53,0" doraHai="34" doraHaiUra="42" who="1" fromWho="1" sc="170,-40,320,140,240,-40,250,-40" /><INIT seed="1,1,0,5,0,56" ten="130,460,200,210" oya="1" hai0="98,33,17,5,8,32,131,127,35,72,95,68,7" hai1="114,61,45,12,16,38,27,23,88,43,44,41,53" hai2="100,128,134,31,34,80,78,20,74,42,123,75,109" hai3="48,59,69,79,22,2,28,92,105,9,83,133,89"/><U104/><E104/><V64/><F123/><W117/><G133/><T85/><D72/><U36/><E114/><V66/><F128/><W82/><G105/><T63/><D127/><U93/><E12/><V81/><F109/><W1/><G69/><T60/><D131/><U47/><E47/><V111/><F34/><W116/><G28/><T70/><D85/><U37/><E37/><V107/><F42/><W108/><G22/><T52/><D17/><U77/><E77/><V130/><F100/><W71/><G71/><T124/><D124/><U129/><E129/><V30/><F107/><W76/><G9/><T25/><D25/><U102/><E102/><V19/><F111/><W99/><G108/><T118/><D118/><N who="3" m="45673" /><G48/><T0/><D7/><U135/><E135/><V94/><F134/><W125/><G59/><T58/><REACH who="0" step="1"/><D63/><REACH who="0" ten="120,460,200,210" step="2"/><U86/><E61/><V50/><F75/><N who="3" m="43295" /><G125/><T21/><D21/><U113/><E113/><V90/><F130/><W39/><G39/><T96/><D96/><U132/><E132/><V62/><F50/><W126/><G126/><T106/><D106/><U4/><E4/><V65/><F80/><W24/><G24/><T40/><D40/><U84/><E53/><V15/><REACH who="2" step="1"/><F62/><REACH who="2" ten="120,460,190,210" step="2"/><W91/><G79/><T101/><AGARI ba="1,2" hai="0,5,8,32,33,35,52,58,60,68,70,95,98,101" machi="101" ten="30,7900,0" yaku="1,1,0,1,52,1,54,1,53,0" doraHai="56" doraHaiUra="110" who="0" fromWho="0" sc="120,102,460,-40,190,-21,210,-21" /><INIT seed="2,0,0,3,1,1" ten="222,420,169,189" oya="2" hai0="94,12,14,93,24,125,103,99,102,16,100,126,117" hai1="80,37,2,119,77,18,55,114,65,62,0,113,31" hai2="40,104,108,45,17,32,76,28,96,22,52,116,82" hai3="23,70,35,48,63,46,86,132,27,107,92,53,47"/><V111/><F32/><W118/><G118/><T83/><D117/><U59/><E119/><V84/><F28/><W131/><G107/><T39/><D39/><U121/><E37/><V128/><F116/><W95/><G132/><T20/><D83/><U43/><E43/><V88/><F128/><W130/><G35/><T42/><D42/><U135/><E135/><V41/><F104/><W15/><G47/><T106/><D106/><U122/><E31/><V25/><F96/><W79/><G15/><T109/><D109/><N who="2" m="42058" /><F76/><W67/><G79/><T30/><D14/><U8/><E2/><V112/><F112/><W68/><G68/><T6/><D6/><N who="1" m="1095" /><E18/><V72/><F72/><W74/><G74/><T87/><D87/><N who="1" m="48527" /><E65/><V3/><F3/><W33/><G33/><T13/><D13/><U127/><E127/><N who="0" m="48649" /><D99/><U60/><E113/><V38/><F41/><W44/><G86/><T10/><AGARI ba="0,0" hai="10,12,16,20,24,30,93,94,100,102,103" m="48649" machi="10" ten="30,2000,0" yaku="18,1,54,1" doraHai="1" who="0" fromWho="0" sc="222,20,420,-5,169,-10,189,-5" /><INIT seed="3,0,0,2,5,134" ten="242,415,159,184" oya="3" hai0="18,55,22,19,44,127,58,67,37,42,27,108,2" hai1="107,29,51,23,59,43,10,52,91,113,3,60,64" hai2="115,12,131,68,100,31,32,98,57,21,73,6,124" hai3="47,95,1,25,9,82,15,24,16,101,94,86,56"/><W89/><G1/><T17/><D108/><U80/><E113/><V102/><F68/><W50/><G56/><T92/><D67/><U97/><E43/><V46/><F115/><W122/><G122/><T111/><D111/><U112/><E112/><V121/><F73/><W38/><G38/><T66/><D66/><U120/><E120/><V61/><F32/><W71/><G71/><T117/><D117/><U65/><E107/><V72/><F72/><W119/><G119/><T14/><D2/><U88/><E10/><V8/><F131/><W83/><G83/><T74/><D74/><U41/><E41/><V79/><F79/><W78/><G101/><T20/><D92/><N who="3" m="35369" /><G78/><T99/><D99/><U130/><E3/><V133/><F133/><W114/><G114/><T0/><D0/><U96/><E130/><V53/><F121/><W128/><G128/><T11/><D127/><U90/><E80/><V103/><F124/><W70/><G70/><T40/><D40/><AGARI ba="0,0" hai="9,15,16,24,25,40,47,50,82,86,89" m="35369" machi="40" ten="30,2900,0" yaku="8,1,54,1" doraHai="134" who="3" fromWho="0" sc="242,-29,415,0,159,0,184,29" /><INIT seed="3,1,0,2,4,49" ten="213,415,159,213" oya="3" hai0="81,116,119,102,71,12,123,99,8,20,29,80,6" hai1="132,103,113,32,107,78,130,24,88,41,96,61,48" hai2="15,129,66,53,19,22,126,47,100,115,95,74,84" hai3="5,34,91,13,101,35,26,65,135,2,120,114,87"/><W106/><G114/><T14/><D123/><U110/><E113/><V94/><F129/><W3/><G120/><T111/><D111/><U31/><E110/><V43/><F74/><W33/><G65/><T56/><D71/><U128/><E132/><V97/><F126/><W57/><G135/><T127/><D127/><U82/><E61/><V42/><F66/><W10/><G57/><T63/><D116/><U89/><E41/><V83/><F95/><W125/><G125/><T68/><D68/><U90/><REACH who="1" step="1"/><E48/><REACH who="1" ten="213,405,159,213" step="2"/><N who="2" m="28831" /><F115/><W1/><G106/><T55/><D119/><U62/><E62/><V122/><F122/><W36/><G36/><T93/><REACH who="0" step="1"/><D14/><REACH who="0" ten="203,405,159,213" step="2"/><U58/><E58/><V73/><F73/><AGARI ba="1,2" hai="24,31,32,73,78,82,88,89,90,96,103,107,128,130" machi="73" ten="40,2600,0" yaku="1,1,54,1,53,0" doraHai="49" doraHaiUra="67" who="1" fromWho="2" sc="203,0,405,49,159,-29,213,0" /><INIT seed="4,0,0,4,1,45" ten="203,454,130,213" oya="0" hai0="87,95,67,103,60,37,58,48,74,35,121,111,124" hai1="63,53,13,22,128,88,66,131,2,97,64,102,82" hai2="49,11,51,78,117,75,106,15,123,108,54,14,133" hai3="23,127,79,57,94,28,93,80,129,19,24,114,122"/><T112/><D121/><U8/><E2/><V18/><F108/><W73/><G114/><T21/><D35/><U68/><E22/><V30/><F123/><W9/><G122/><T41/><D112/><U27/><E27/><V50/><F133/><W77/><G127/><T5/><D111/><U126/><E126/><V107/><F117/><W119/><G119/><T105/><D74/><U69/><E53/><V4/><F54/><W109/><G109/><T135/><D124/><U116/><E116/><V61/><F61/><W100/><G129/><T110/><D135/><U132/><E132/><V25/><F78/><W0/><G79/><T84/><D110/><U43/><E43/><V89/><F75/><W32/><G100/><T83/><D105/><U7/><E82/><V36/><F36/><W39/><G57/><T10/><D37/><U17/><E7/><V113/><F89/><W31/><G31/><T118/><D118/><U55/><E88/><V20/><REACH who="2" step="1"/><F113/><REACH who="2" ten="203,454,120,213" step="2"/><W3/><G39/><T91/><D103/><U70/><E55/><V26/><F26/><W56/><G77/><T76/><D41/><U125/><E125/><V12/><F12/><W52/><G73/><T40/><D40/><U65/><E63/><V72/><F72/><W71/><G0/><T120/><D120/><U46/><E128/><V104/><F104/><W99/><G3/><T96/><D76/><U59/><E131/><V81/><F81/><W134/><G80/><T92/><D83/><U1/><E1/><V115/><F115/><W38/><G38/><T6/><D91/><U34/><E102/><RYUUKYOKU ba="0,1" sc="203,-10,454,-10,120,30,213,-10" hai2="4,11,14,15,18,20,25,30,49,50,51,106,107" /><INIT seed="5,1,1,1,5,128" ten="193,444,150,203" oya="1" hai0="0,108,40,96,58,133,78,27,135,52,60,113,81" hai1="66,106,88,33,14,100,102,38,64,98,19,93,92" hai2="22,91,36,76,34,118,41,29,80,69,65,62,131" hai3="114,47,86,85,17,87,42,112,130,90,37,134,18"/><U57/><E38/><V4/><F131/><W67/><G130/><T1/><D108/><U2/><E2/><V97/><F118/><W79/><G67/><T59/><D113/><N who="3" m="43625" /><G134/><N who="0" m="51211" /><D40/><U9/><E33/><V126/><F4/><W110/><G110/><T104/><D27/><U43/><E43/><V103/><F91/><W73/><G90/><T101/><D59/><U109/><E109/><V111/><F126/><W48/><G37/><T7/><D7/><U77/><E77/><V46/><F22/><W121/><G121/><T84/><AGARI ba="1,1" hai="0,1,52,58,60,78,81,84,96,101,104" m="51211" machi="84" ten="30,8000,1" yaku="20,1,52,3,54,1" doraHai="128" who="0" fromWho="0" sc="193,93,444,-41,150,-21,203,-21" /><INIT seed="6,0,0,0,3,40" ten="286,403,129,182" oya="2" hai0="90,118,52,59,53,103,1,9,132,26,92,43,4" hai1="27,21,2,88,15,131,8,115,47,112,55,50,134" hai2="32,116,123,71,48,101,73,75,110,44,68,39,24" hai3="18,104,29,12,119,19,91,41,77,127,10,65,87"/><V56/><F116/><W117/><G104/><T14/><D118/><U133/><E2/><V54/><F123/><W0/><G77/><T121/><D132/><N who="1" m="50795" /><E88/><V49/><F101/><W94/><G127/><T96/><D121/><U67/><E67/><V108/><F24/><W93/><G65/><T80/><D43/><U95/><E95/><V69/><F32/><W62/><G62/><T17/><D26/><U86/><E86/><V99/><F99/><W111/><G111/><N who="2" m="42537" /><F75/><W34/><G94/><T129/><D129/><U46/><E131/><V57/><F73/><W23/><G41/><T25/><D25/><U109/><E109/><V82/><F82/><W58/><G34/><T106/><D80/><U122/><E122/><V66/><F39/><W38/><G38/><T37/><D37/><U78/><E78/><V81/><F81/><W22/><G117/><T120/><D120/><U33/><E33/><V126/><F126/><W60/><G119/><T102/><D102/><U70/><E70/><N who="2" m="27243" /><F49/><W20/><G29/><T3/><D103/><U28/><E50/><V7/><F7/><W42/><G19/><T63/><D17/><U30/><E30/><V74/><F74/><W16/><G18/><T13/><D4/><U11/><E27/><V89/><F89/><W6/><G16/><T130/><D90/><U5/><E21/><V64/><N who="2" m="27251" /><V98/><DORA hai="84" /><F98/><W76/><G76/><T100/><D96/><U107/><E28/><V79/><F79/><W72/><G72/><T35/><D35/><U114/><E107/><V85/><F85/><W36/><G87/><RYUUKYOKU ba="0,0" sc="286,-10,403,-10,129,30,182,-10" hai2="44,48,54,56,57,64,66" /><INIT seed="6,1,0,5,3,4" ten="276,393,159,172" oya="2" hai0="35,41,7,96,100,135,20,124,128,111,92,32,99" hai1="107,18,64,10,36,98,57,34,106,88,123,66,25" hai2="28,3,2,129,67,131,114,110,39,23,48,14,13" hai3="38,65,126,113,71,33,84,69,24,132,127,19,47"/><V55/><F39/><W105/><G105/><T5/><D111/><U0/><E36/><V37/><F37/><W68/><G132/><T52/><D135/><U16/><E66/><V91/><F67/><W27/><G65/><T83/><D128/><N who="2" m="49226" /><F110/><W118/><G118/><T115/><D115/><U89/><E34/><V30/><F91/><W31/><G113/><T104/><D41/><U103/><E106/><V130/><N who="2" m="49234" /><V53/><DORA hai="79" /><F114/><W22/><REACH who="3" step="1"/><G84/><REACH who="3" ten="276,393,159,162" step="2"/><T61/><D104/><U44/><E107/><V11/><F55/><W112/><G112/><T86/><D52/><U75/><E64/><V43/><F53/><W102/><G102/><T73/><D100/><U134/><E103/><V60/><F60/><W40/><AGARI ba="1,1" hai="19,22,24,27,31,33,38,40,47,68,69,71,126,127" machi="40" ten="40,2700,0" yaku="1,1,0,1,53,0" doraHai="4,79" doraHaiUra="54,77" who="3" fromWho="3" sc="276,-8,393,-8,159,-14,162,40" /><INIT seed="7,0,0,0,1,7" ten="268,385,145,202" oya="3" hai0="76,73,113,68,39,93,87,90,43,17,74,75,51" hai1="121,5,57,23,88,36,135,81,84,19,15,67,31" hai2="118,20,102,52,27,108,130,129,101,115,10,46,26" hai3="85,32,28,50,29,64,61,1,110,16,2,77,133"/><W119/><G119/><T8/><D39/><U48/><E36/><V128/><F118/><W0/><G133/><T105/><D68/><U69/><E69/><V41/><F108/><W112/><G112/><T14/><D105/><U92/><E121/><V42/><F115/><W86/><G32/><T34/><D34/><U97/><E31/><V83/><F83/><W12/><G110/><T117/><D117/><U13/><E5/><V96/><F96/><W38/><G38/><T71/><D71/><U56/><E67/><V11/><F52/><W44/><G61/><T40/><D113/><U111/><E111/><V3/><F3/><W24/><G64/><T91/><D76/><U114/><E135/><V116/><F116/><W125/><G125/><T53/><REACH who="0" step="1"/><D91/><REACH who="0" ten="258,385,145,202" step="2"/><N who="1" m="55455" /><E114/><V35/><F35/><W134/><G77/><T58/><AGARI ba="0,1" hai="8,14,17,40,43,51,53,58,73,74,75,87,90,93" machi="58" ten="30,4000,0" yaku="1,1,0,1,52,1,53,0" doraHai="7" doraHaiUra="131" who="0" fromWho="0" sc="258,50,385,-10,145,-10,202,-20" owari="308,10.8,375,47.5,135,-36.5,182,-21.8" /></mjloggm>