<mjloggm ver="2.3"><GO type="169" lobby="0"/><UN n0="%E5%85%A9%E5%84%80%E4%B8%B6%E5%BC%8F" n1="%E9%A6%AC%E5%BC%95%E7%81%AB%33" n2="%E7%88%86%E7%89%8C%E3%82%A6%E3%82%B7%E3%82%B8%E3%83%9E%E3%81%8F%E3%82%93" n3="%E4%B8%83%E7%94%9F%E5%A4%95" dan="16,16,16,16" rate="2129.45,2123.47,2115.93,2099.13" sx="M,M,M,M"/><TAIKYOKU oya="0"/><INIT seed="0,0,0,4,1,18" ten="250,250,250,250" oya="0" hai0="125,105,110,130,122,51,78,68,9,86,120,40,131" hai1="124,118,93,56,48,46,0,2,16,35,69,73,14" hai2="81,115,37,74,54,106,91,129,36,24,134,1,103" hai3="59,17,21,62,71,22,20,6,121,63,7,42,113"/><T83/><D68/><U12/><E118/><V49/><F115/><W97/><G113/><T133/><D9/><U70/><E35/><V29/><F1/><W126/><G126/><T52/><D40/><U112/><E73/><V13/><F129/><N who="0" m="49162" /><D105/><U117/><E117/><V3/><F3/><W31/><G121/><N who="0" m="46699" /><D125/><U60/><E112/><V84/><F134/><W107/><G42/><T53/><D133/><U11/><E124/><V44/><F74/><W111/><G111/><T38/><D38/><U132/><E132/><V30/><F30/><W41/><G41/><T67/><D67/><U57/><E93/><V19/><F103/><W79/><G79/><T50/><D110/><U61/><E11/><V98/><F98/><W101/><G31/><T123/><N who="0" m="46707" /><T95/><DORA hai="135" /><D95/><U88/><E16/><V114/><F106/><W27/><G71/><T10/><D10/><U108/><E108/><V82/><F114/><W119/><G119/><T8/><D8/><U4/><E4/><V64/><F64/><W102/><G102/><T47/><D47/><U26/><E48/><AGARI ba="0,0" hai="48,50,51,52,53,78,83,86" m="46707,49162" machi="48" ten="50,4800,0" yaku="19,1,54,1" doraHai="18,135" who="0" fromWho="1" sc="250,48,250,-48,250,0,250,0" /><INIT seed="0,1,0,5,2,60" ten="298,202,250,250" oya="0" hai0="115,11,110,79,119,70,50,93,97,42,106,1,123" hai1="129,54,49,116,31,22,63,62,15,4,134,0,66" hai2="104,108,35,105,73,76,88,7,120,133,34,8,20" hai3="112,58,103,3,77,39,91,14,98,114,55,9,81"/><T59/><D115/><U71/><E116/><V33/><F120/><W12/><G39/><T38/><D119/><U87/><E129/><V121/><F121/><W53/><G3/><T19/><D123/><U122/><E122/><V57/><F108/><W21/><G91/><T13/><D70/><U72/><E72/><V6/><F133/><W10/><G21/><T47/><D110/><U74/><E74/><V85/><F7/><W30/><G30/><T65/><D1/><U90/><E134/><V130/><F130/><W46/><G46/><T82/><D106/><U84/><E0/><V40/><F40/><W2/><G2/><T51/><D59/><U125/><E125/><V80/><F20/><W36/><G36/><T48/><D65/><U75/><E75/><V100/><F100/><W23/><G23/><T117/><D117/><U135/><E135/><V18/><F6/><W17/><G55/><T89/><REACH who="0" step="1"/><D38/><REACH who="0" ten="288,202,250,250" step="2"/><U45/><E63/><V44/><F57/><W92/><G58/><T28/><D28/><U43/><E31/><V99/><F105/><W101/><G112/><T128/><D128/><U68/><E68/><V126/><F104/><W5/><G114/><T94/><D94/><U118/><E118/><V132/><F132/><W64/><G64/><T113/><D113/><U56/><E71/><V37/><F37/><W52/><REACH who="3" step="1"/><G103/><REACH who="3" ten="288,202,250,240" step="2"/><T24/><D24/><U107/><E66/><V29/><F29/><W67/><G67/><T27/><D27/><U61/><E61/><V102/><F102/><W131/><G131/><T78/><D78/><U124/><E62/><RYUUKYOKU ba="1,2" sc="288,15,202,-15,250,-15,240,15" hai0="11,13,19,42,47,48,50,51,79,82,89,93,97" hai3="5,9,10,12,14,17,52,53,77,81,92,98,101" /><INIT seed="0,2,2,2,0,55" ten="303,187,235,255" oya="0" hai0="42,131,76,11,130,65,133,125,92,77,80,75,103" hai1="8,21,25,98,28,94,48,20,72,40,127,107,57" hai2="91,16,99,4,35,108,30,15,114,62,49,10,102" hai3="132,79,113,118,97,34,7,111,22,9,74,85,104"/><T86/><D42/><U126/><E72/><V68/><F114/><W78/><G34/><T18/><D65/><U0/><E107/><V70/><F108/><W61/><G113/><T12/><D133/><U60/><E21/><V124/><F124/><N who="1" m="47657" /><E0/><V36/><F36/><W51/><G118/><T39/><D39/><U117/><E8/><V128/><F128/><N who="0" m="49194" /><D125/><U100/><E117/><V17/><F35/><W19/><G74/><T121/><D121/><U41/><E48/><V119/><F30/><W106/><G51/><T87/><D77/><U63/><E63/><V38/><F38/><W52/><G111/><T58/><D58/><U45/><E45/><V56/><F91/><W84/><G78/><T27/><D27/><U32/><E32/><V135/><F49/><W47/><G79/><T23/><D11/><U66/><AGARI ba="2,2" hai="20,25,28,40,41,57,60,66,94,98,100" m="47657" machi="66" ten="30,4000,0" yaku="25,1,18,1,52,1" doraHai="55" who="1" fromWho="1" sc="303,-22,187,66,235,-12,255,-12" /><INIT seed="1,0,0,0,5,124" ten="281,253,223,243" oya="1" hai0="43,133,60,73,114,123,56,127,84,106,18,97,125" hai1="8,39,3,81,2,117,54,12,83,99,64,105,22" hai2="79,78,4,88,11,40,87,68,69,96,31,9,13" hai3="36,101,59,104,76,23,27,17,38,67,28,72,10"/><U82/><E117/><V48/><F31/><W118/><G118/><T44/><D73/><U119/><E119/><V93/><F69/><W19/><G72/><T75/><D75/><U98/><E39/><V66/><F68/><W74/><G101/><N who="0" m="62767" /><D114/><U135/><E135/><V34/><F34/><W33/><G104/><T113/><D84/><U103/><E64/><V58/><F11/><W92/><G92/><T94/><D94/><U25/><E99/><V120/><F120/><W86/><G74/><T121/><D113/><U55/><E2/><V80/><F66/><W122/><G122/><T111/><D18/><U51/><E3/><V24/><F24/><W21/><G10/><T132/><D111/><U70/><E70/><V20/><F20/><W63/><G33/><T130/><D130/><U1/><E1/><V65/><F65/><W7/><G7/><T32/><D32/><U29/><REACH who="1" step="1"/><E51/><REACH who="1" ten="281,243,223,243" step="2"/><V109/><F109/><W41/><G36/><N who="0" m="21607" /><D133/><U95/><E95/><V126/><F126/><N who="0" m="48138" /><D132/><U128/><E128/><V0/><F0/><W46/><G38/><T62/><D62/><U6/><AGARI ba="0,1" hai="6,8,12,22,25,29,54,55,81,82,83,98,103,105" machi="6" ten="30,6000,0" yaku="1,1,0,1,53,1" doraHai="124" doraHaiUra="16" who="1" fromWho="1" sc="281,-20,243,70,223,-20,243,-20" /><INIT seed="1,1,0,0,2,15" ten="261,313,203,223" oya="1" hai0="79,29,88,32,128,113,24,20,133,27,59,69,60" hai1="57,14,81,76,1,37,38,49,100,109,3,66,48" hai2="90,12,77,125,96,87,131,117,91,56,104,67,35" hai3="107,11,123,18,99,55,120,71,84,74,75,132,122"/><U2/><E100/><V68/><F68/><W5/><G71/><T93/><D113/><U86/><E109/><V110/><F35/><W121/><N who="3" m="30720" /><DORA hai="61" /><W70/><G70/><T105/><D69/><U43/><E14/><V108/><F117/><W54/><G132/><T115/><D133/><U17/><E17/><V42/><F42/><W34/><G34/><T112/><D105/><U94/><E94/><V44/><F44/><W0/><G84/><T80/><D128/><U62/><REACH who="1" step="1"/><E43/><REACH who="1" ten="261,303,203,223" step="2"/><V25/><F12/><W8/><G18/><T4/><D4/><U129/><E129/><V72/><F131/><W114/><G5/><T53/><D80/><U47/><E47/><V36/><F110/><W40/><G40/><T22/><D115/><U134/><E134/><V135/><F108/><W95/><G95/><T7/><D112/><U10/><E10/><V85/><F135/><W103/><G11/><T106/><D7/><U92/><E92/><V6/><F6/><W130/><G114/><T97/><D106/><U39/><AGARI ba="1,1" hai="1,2,3,37,38,39,48,49,57,62,66,76,81,86" machi="39" ten="40,12000,1" yaku="1,1,0,1,52,1,53,2" doraHai="15,61" doraHaiUra="111,45" who="1" fromWho="1" sc="261,-41,303,133,203,-41,223,-41" /><INIT seed="1,2,0,4,0,65" ten="220,436,162,182" oya="1" hai0="111,55,112,102,1,13,74,22,18,4,33,15,48" hai1="57,81,9,105,123,46,58,117,99,64,83,32,40" hai2="120,12,89,85,11,5,93,116,19,63,94,113,31" hai3="77,20,27,54,41,132,122,119,8,67,39,86,7"/><U100/><E117/><V118/><F120/><W35/><G122/><T115/><D74/><U79/><E123/><V107/><F107/><W128/><G119/><T3/><D102/><U82/><E79/><V110/><F113/><N who="0" m="43594" /><D55/><U103/><E32/><V56/><F110/><W47/><G35/><T125/><D48/><U23/><E9/><V38/><F38/><W50/><G128/><T106/><D106/><U121/><E121/><V76/><F31/><W109/><G109/><T73/><D73/><U51/><E103/><V37/><F37/><W42/><G132/><T0/><D33/><U96/><E96/><V98/><F5/><W92/><G67/><T61/><D61/><U72/><E72/><V52/><REACH who="2" step="1"/><F76/><REACH who="2" ten="220,436,152,182" step="2"/><W127/><G39/><T34/><D111/><U133/><E133/><V66/><F66/><W91/><G77/><T88/><D34/><U60/><REACH who="1" step="1"/><E23/><REACH who="1" ten="220,426,152,182" step="2"/><V78/><F78/><W45/><G20/><T75/><D75/><U53/><E53/><V6/><F6/><W43/><G54/><T25/><D4/><U130/><E130/><V97/><F97/><W36/><G7/><T62/><D22/><U24/><E24/><V49/><F49/><W90/><G27/><T30/><D25/><U87/><E87/><V70/><F70/><AGARI ba="2,2" hai="40,46,51,57,58,60,64,70,81,82,83,99,100,105" machi="70" ten="40,3900,0" yaku="1,1,52,1,53,0" doraHai="65" doraHaiUra="68" who="1" fromWho="2" sc="220,0,426,65,152,-45,182,0" /><INIT seed="1,3,0,1,4,58" ten="220,491,107,182" oya="1" hai0="80,119,46,24,7,103,129,97,16,134,21,31,42" hai1="23,106,14,12,49,47,112,48,45,78,108,55,68" hai2="102,61,87,17,130,18,10,85,73,26,120,5,95" hai3="74,63,115,77,100,66,83,107,53,15,81,65,89"/><U125/><E112/><V121/><F73/><W96/><G115/><T79/><D129/><U124/><E106/><V43/><F130/><W64/><G15/><T69/><D134/><U56/><E68/><V39/><F39/><W91/><G83/><T104/><D119/><U135/><E135/><V62/><F43/><W13/><G13/><T1/><D69/><U19/><E108/><V84/><F120/><W2/><REACH who="3" step="1"/><G2/><REACH who="3" ten="220,491,107,172" step="2"/><T75/><D1/><U92/><E78/><V116/><F121/><W44/><G44/><T132/><D132/><U33/><E33/><V110/><F110/><W90/><G90/><T28/><REACH who="0" step="1"/><D7/><REACH who="0" ten="210,491,107,172" step="2"/><U0/><E0/><V117/><F117/><W88/><G88/><T123/><D123/><U126/><E12/><N who="2" m="7319" /><F5/><W71/><G71/><T59/><D59/><AGARI ba="3,2" hai="53,59,63,64,65,66,74,77,81,89,91,96,100,107" machi="59" ten="40,5200,0" yaku="1,1,52,1,53,1" doraHai="58" doraHaiUra="99" who="3" fromWho="0" sc="210,-61,491,0,107,0,172,81" /><INIT seed="2,0,0,2,5,113" ten="149,491,107,253" oya="2" hai0="59,22,93,28,9,53,1,16,129,111,23,62,13" hai1="39,8,0,69,88,96,74,36,131,83,24,57,5" hai2="2,117,101,119,104,82,61,109,49,84,17,100,6" hai3="79,107,127,31,41,14,122,66,121,124,18,105,112"/><V46/><F109/><W7/><G66/><T75/><D75/><U25/><E69/><V123/><F123/><W126/><G41/><T102/><D111/><U97/><E131/><V90/><F2/><W58/><G112/><T35/><D129/><U56/><E74/><V26/><F6/><W128/><G79/><T89/><D102/><U94/><E83/><V70/><F70/><W132/><G128/><T110/><D110/><U73/><E73/><V30/><F61/><W87/><G132/><T37/><D37/><U67/><E67/><V91/><F91/><W20/><G87/><T92/><D92/><U133/><E133/><V95/><F17/><W78/><G58/><T103/><D103/><U85/><E85/><V4/><F4/><W72/><G31/><T106/><D106/><N who="3" m="40457" /><G7/><T34/><D1/><U120/><E120/><V55/><F82/><AGARI ba="0,0" hai="14,18,20,72,78,82,121,122,124,126,127" m="40457" machi="82" ten="40,1300,0" yaku="18,1" doraHai="113" who="3" fromWho="2" sc="149,0,491,0,107,-13,253,13" /><INIT seed="3,0,0,1,4,64" ten="149,491,94,266" oya="3" hai0="6,27,32,59,29,20,50,104,33,108,73,76,90" hai1="85,8,120,81,118,74,37,127,13,36,125,75,117" hai2="97,22,4,98,7,87,58,84,67,1,55,102,101" hai3="35,89,114,26,9,115,79,103,91,128,0,5,10"/><W96/><G128/><T31/><D104/><U51/><E120/><V83/><F1/><W47/><G79/><T106/><D106/><U54/><E36/><V135/><F135/><W18/><G47/><T126/><D108/><U17/><E37/><V46/><F67/><W112/><G10/><T19/><D126/><N who="1" m="48139" /><E74/><V131/><F131/><W123/><G123/><T28/><D90/><N who="1" m="51503" /><E75/><V121/><F121/><W94/><REACH who="3" step="1"/><G18/><REACH who="3" ten="149,491,94,256" step="2"/><T21/><D76/><U16/><E17/><V86/><F46/><AGARI ba="0,1" hai="8,13,16,46,51,54,117,118" m="51503,48139" machi="46" ten="30,3900,0" yaku="25,1,18,1,54,1" doraHai="64" who="1" fromWho="2" sc="149,0,491,49,94,-39,256,0" /><INIT seed="4,0,0,5,1,74" ten="149,540,55,256" oya="0" hai0="93,84,19,116,50,63,83,29,82,132,95,66,8" hai1="94,71,15,62,127,92,91,68,48,113,9,123,27" hai2="2,37,59,58,1,60,134,97,86,26,72,13,81" hai3="78,45,53,126,3,96,49,109,55,87,103,108,21"/><T128/><D116/><U0/><E0/><V54/><F134/><W69/><G3/><T7/><D132/><U115/><E123/><V79/><F37/><W25/><G126/><T35/><D128/><U118/><E127/><V112/><F112/><N who="1" m="43081" /><E118/><V90/><F13/><W12/><G12/><T121/><D121/><U117/><E117/><V102/><F26/><W98/><G69/><N who="1" m="26698" /><E62/><V77/><F59/><W111/><G108/><T42/><D83/><U70/><E70/><V28/><F28/><W36/><G109/><T20/><D29/><U24/><E48/><V52/><F54/><W22/><G53/><T67/><D35/><U4/><E92/><V99/><F99/><AGARI ba="0,0" hai="4,9,15,24,27,91,94,99" m="26698,43081" machi="99" ten="30,2000,0" yaku="15,1,11,1" doraHai="74" who="1" fromWho="2" sc="149,0,540,20,55,-20,256,0" /><INIT seed="5,0,0,1,5,59" ten="149,560,35,256" oya="1" hai0="114,76,18,9,97,78,60,21,115,43,15,14,95" hai1="73,11,119,117,126,127,7,130,44,33,2,105,102" hai2="81,48,45,100,74,28,50,64,19,10,39,34,5" hai3="131,70,0,128,91,72,30,99,40,58,90,92,31"/><U1/><E44/><V37/><F100/><W29/><G70/><T13/><D43/><U61/><E73/><V123/><F123/><W71/><G71/><T118/><D118/><U107/><E102/><V116/><F116/><W82/><G0/><T41/><D41/><U110/><E11/><V93/><F93/><W106/><G106/><T22/><D60/><U132/><E7/><V8/><F64/><W32/><G32/><T108/><D108/><U62/><E33/><V135/><F135/><W49/><G91/><T47/><D47/><U84/><E84/><V3/><F28/><W133/><G133/><T66/><D66/><U57/><E132/><V6/><F34/><W20/><G20/><T77/><D21/><U25/><E25/><V101/><F101/><W89/><G90/><T52/><D52/><U87/><E87/><V129/><F19/><W24/><G89/><T36/><D36/><U38/><E38/><V94/><F94/><W103/><G92/><T54/><D54/><U4/><E4/><V53/><F50/><W12/><G49/><T122/><D122/><U88/><E88/><V86/><F74/><W80/><G103/><N who="0" m="60863" /><D9/><U125/><E125/><V63/><F63/><W134/><G134/><T83/><D83/><U17/><E17/><V104/><F104/><W67/><G80/><T65/><D65/><U55/><E55/><V51/><F51/><W120/><G82/><T85/><D85/><U42/><E42/><V16/><F39/><W109/><G120/><T56/><D56/><U46/><E57/><V121/><F37/><W27/><G58/><RYUUKYOKU ba="0,0" sc="149,30,560,-10,35,-10,256,-10" hai0="13,14,15,18,22,76,77,78,114,115" /><INIT seed="6,1,0,2,0,37" ten="179,550,25,246" oya="2" hai0="99,123,26,126,127,113,20,112,77,88,86,98,111" hai1="121,9,15,84,0,81,57,92,100,1,60,130,79" hai2="80,120,14,115,97,105,96,23,93,18,41,91,8" hai3="61,66,59,73,119,33,74,104,78,124,22,107,71"/><V106/><F120/><W32/><G119/><T129/><D20/><U54/><E121/><V118/><F118/><W19/><G124/><N who="0" m="47659" /><D123/><U31/><E130/><V11/><F115/><N who="0" m="44106" /><D26/><U135/><E135/><V40/><F106/><W13/><G71/><T30/><D30/><U35/><E35/><V51/><F51/><W76/><G32/><T39/><D39/><U103/><E31/><V82/><F105/><W27/><G33/><T69/><D69/><U29/><E29/><V62/><F62/><W16/><G74/><T25/><D25/><U108/><E108/><V3/><F97/><N who="0" m="36874" /><D129/><U64/><E54/><V2/><F2/><W36/><G36/><T5/><D5/><U132/><E15/><V114/><F114/><W43/><G13/><T47/><D47/><U10/><E10/><N who="2" m="3627" /><F3/><W116/><G22/><T83/><D111/><U102/><E9/><V65/><F65/><W125/><G66/><T58/><D58/><U75/><E0/><V48/><F48/><W45/><G59/><T38/><D38/><U55/><E1/><V110/><F110/><W50/><G50/><T24/><D24/><U46/><E64/><V21/><F21/><W133/><G27/><T70/><D70/><U44/><E60/><V89/><F89/><AGARI ba="1,0" hai="77,83,86,88,89" m="36874,44106,47659" machi="89" ten="40,8000,1" yaku="18,1,15,1,34,2,54,1" doraHai="37" who="0" fromWho="2" sc="179,83,550,0,25,-83,246,0" owari="262,6.2,550,65.0,-58,-55.8,246,-15.4" /></mjloggm>