<mjloggm ver="2.3"><GO type="169" lobby="0"/><UN n0="%71%75%65%79%69%6D%65%6E" n1="%E3%81%B2%E3%81%90%E3%81%A1" n2="%E3%81%BD%E3%81%A3%E3%81%91%E3%81%95%E3%82%93" n3="%E3%81%8D%E3%81%84%E3%81%AA" dan="16,17,16,17" rate="2098.96,2224.70,2164.71,2175.19" sx="M,M,M,F"/><TAIKYOKU oya="0"/><INIT seed="0,0,0,3,4,44" ten="250,250,250,250" oya="0" hai0="69,5,3,118,53,130,24,135,82,12,106,52,46" hai1="28,2,116,8,29,86,47,101,114,54,0,51,19" hai2="6,89,65,102,113,31,34,58,30,121,72,74,80" hai3="40,15,123,97,75,77,95,91,43,61,78,25,37"/><T79/><D118/><U111/><E116/><V94/><F113/><W76/><G123/><T100/><D69/><U49/><E111/><V133/><F121/><W83/><G37/><T87/><D3/><U105/><E114/><V35/><F6/><W42/><G25/><T128/><D135/><U131/><E131/><N who="0" m="50217" /><D24/><U67/><E0/><V104/><F74/><W45/><G45/><T50/><D100/><U62/><E105/><V7/><F102/><W108/><G108/><T13/><D106/><U23/><E101/><V124/><F72/><W21/><REACH who="3" step="1"/><G61/><REACH who="3" ten="250,250,250,240" step="2"/><T39/><D39/><U99/><E47/><V20/><F133/><W68/><G68/><T11/><D13/><U73/><E62/><V71/><F71/><W132/><G132/><T90/><D79/><U98/><E2/><V119/><F119/><W1/><G1/><T81/><D81/><U125/><E125/><V93/><F80/><W96/><G96/><T14/><D14/><U41/><E99/><V115/><F124/><W117/><G117/><T10/><D11/><U70/><E98/><V59/><F115/><W64/><G64/><T84/><D84/><U129/><E86/><V120/><F65/><W110/><G110/><T36/><D36/><U103/><E8/><V122/><F120/><W63/><G63/><T17/><D5/><U57/><E103/><V107/><F7/><W18/><AGARI ba="0,1" hai="15,18,21,40,42,43,75,76,77,78,83,91,95,97" machi="18" ten="30,4000,0" yaku="1,1,0,1,53,1" doraHai="44" doraHaiUra="88" who="3" fromWho="3" sc="250,-20,250,-10,250,-10,240,50" /><INIT seed="1,0,0,5,4,61" ten="230,240,240,290" oya="1" hai0="51,48,1,62,135,63,67,5,130,111,86,127,89" hai1="66,87,24,93,94,108,15,72,27,122,41,106,9" hai2="134,38,101,49,44,8,47,110,120,78,33,76,16" hai3="2,98,42,0,19,95,88,109,85,132,128,32,53"/><U80/><E122/><V18/><F120/><W97/><G109/><T103/><D111/><U104/><E108/><V84/><F33/><W116/><G128/><T73/><D73/><U4/><E72/><V79/><F110/><W74/><G74/><T92/><D130/><U52/><E41/><V36/><F134/><W82/><G132/><T59/><D135/><U39/><E39/><V14/><F101/><W43/><G116/><T17/><D127/><U133/><E133/><V123/><F123/><W23/><G23/><T71/><D103/><U68/><E106/><V55/><F44/><W22/><G32/><T96/><D86/><U13/><E104/><V100/><F100/><W50/><G0/><T118/><D118/><U46/><E68/><V57/><F18/><W60/><G60/><T20/><D5/><U115/><E66/><V113/><F113/><W37/><G2/><T29/><D29/><U81/><E15/><V131/><F131/><W69/><G69/><T99/><D99/><U124/><E81/><V30/><F30/><W129/><G37/><T21/><D21/><U102/><E124/><V91/><REACH who="2" step="1"/><F57/><REACH who="2" ten="230,240,230,290" step="2"/><W28/><G28/><T45/><D45/><U107/><E115/><V6/><F6/><W112/><G112/><T26/><REACH who="0" step="1"/><D1/><REACH who="0" ten="220,240,230,290" step="2"/><U75/><E102/><V34/><F34/><W121/><G129/><T54/><AGARI ba="0,2" hai="17,20,26,48,51,54,59,62,63,67,71,89,92,96" machi="54" ten="20,12000,2" yaku="1,1,2,1,0,1,7,1,25,2,52,1,53,0" doraHai="61" doraHaiUra="35" who="0" fromWho="0" sc="220,140,240,-60,230,-30,290,-30" /><INIT seed="2,0,0,4,4,93" ten="360,180,200,260" oya="2" hai0="57,66,92,55,49,102,99,76,131,74,53,130,72" hai1="119,125,124,128,105,41,107,48,16,42,54,32,89" hai2="25,4,100,116,58,1,115,64,109,33,17,19,0" hai3="2,113,12,75,69,122,94,104,56,77,121,6,50"/><V134/><F115/><W46/><G104/><N who="1" m="40010" /><E32/><V52/><F116/><W24/><G69/><T9/><D76/><U71/><E71/><V36/><F36/><W31/><G113/><T34/><D34/><U82/><E119/><V83/><F100/><W91/><G2/><T20/><D66/><U67/><E67/><V45/><F83/><W26/><G56/><T110/><D110/><U29/><E29/><V61/><F109/><W108/><G108/><T120/><D120/><U28/><E28/><V68/><F134/><W118/><G77/><T18/><D55/><U86/><E16/><V85/><F85/><W21/><G75/><T27/><REACH who="0" step="1"/><D9/><REACH who="0" ten="350,180,200,260" step="2"/><U39/><E128/><AGARI ba="0,1" hai="18,20,27,49,53,57,72,74,92,99,102,128,130,131" machi="128" ten="40,8000,1" yaku="1,1,2,1,19,1,52,1,53,0" doraHai="93" doraHaiUra="3" who="0" fromWho="1" sc="350,90,180,-80,200,0,260,0" /><INIT seed="3,0,0,5,2,131" ten="440,100,200,260" oya="3" hai0="26,124,63,81,34,100,44,111,73,109,102,2,19" hai1="120,31,12,133,49,127,68,4,86,134,15,42,45" hai2="55,90,52,91,33,108,104,82,14,51,121,50,6" hai3="60,71,10,76,28,65,11,79,22,113,87,37,0"/><W32/><G113/><T57/><D2/><U85/><E120/><V29/><F104/><W69/><G37/><T84/><D73/><U129/><E68/><V13/><F108/><N who="0" m="41546" /><D44/><U40/><E129/><V30/><F82/><W16/><G69/><T103/><D124/><U9/><E127/><V99/><F99/><W23/><G23/><N who="0" m="13695" /><D34/><U95/><E31/><V8/><F121/><W116/><G116/><T21/><D21/><U80/><E95/><V24/><F30/><W3/><G3/><T72/><D72/><U64/><E64/><V118/><F118/><W83/><G0/><T114/><D114/><U123/><E123/><V66/><F66/><W92/><G79/><N who="0" m="46143" /><D103/><U27/><E27/><V46/><REACH who="2" step="1"/><F13/><REACH who="2" ten="440,100,190,260" step="2"/><W25/><REACH who="3" step="1"/><G92/><REACH who="3" ten="440,100,190,250" step="2"/><T97/><D97/><U128/><E128/><V35/><F35/><W75/><G75/><T135/><D135/><N who="1" m="51723" /><E86/><V125/><F125/><W126/><G126/><T132/><D132/><U115/><E115/><V48/><F48/><W47/><G47/><AGARI ba="0,2" hai="6,8,14,24,29,33,46,47,50,51,52,55,90,91" machi="47" ten="30,7700,0" yaku="1,1,7,1,9,1,54,1,53,0" doraHai="131" doraHaiUra="36" who="2" fromWho="3" sc="440,0,100,0,190,97,250,-77" /><INIT seed="4,0,0,5,5,36" ten="440,100,287,173" oya="0" hai0="15,119,79,120,60,123,34,111,14,109,126,37,2" hai1="67,20,24,103,31,81,89,64,94,114,6,131,7" hai2="107,66,132,68,41,75,118,29,83,39,71,33,4" hai3="85,63,25,113,42,70,52,122,82,88,90,58,104"/><T112/><D37/><U84/><E131/><V17/><F17/><W65/><G122/><N who="0" m="46635" /><D79/><U8/><E114/><V0/><F118/><W28/><G113/><T96/><D96/><U124/><E124/><V116/><F116/><W95/><G104/><T91/><D91/><U105/><E105/><V23/><F23/><W117/><G117/><T115/><D119/><U78/><E103/><V99/><F132/><W22/><G42/><T62/><D2/><U54/><E54/><V35/><F99/><W1/><G1/><T80/><D80/><U55/><E55/><V129/><F129/><W45/><G45/><T74/><D34/><N who="2" m="12810" /><F29/><W87/><REACH who="3" step="1"/><G70/><REACH who="3" ten="440,100,287,163" step="2"/><T100/><D115/><U69/><E69/><V11/><F107/><W130/><G130/><T57/><D112/><U121/><E121/><V61/><F71/><W26/><G26/><T125/><D125/><U3/><REACH who="1" step="1"/><E6/><REACH who="1" ten="440,90,287,163" step="2"/><V13/><F4/><W38/><G38/><T134/><D126/><U77/><E77/><V102/><F39/><W108/><G108/><T40/><D111/><U44/><E44/><V73/><F68/><W92/><G92/><T16/><D109/><U49/><E49/><V51/><F51/><W53/><AGARI ba="0,2" hai="22,25,28,52,53,58,63,65,82,85,87,88,90,95" machi="53" ten="30,8000,1" yaku="1,1,0,1,8,1,54,2,53,0" doraHai="36" doraHaiUra="72" who="3" fromWho="3" sc="440,-40,90,-20,287,-20,163,100" /><INIT seed="5,0,0,2,2,90" ten="400,70,267,263" oya="1" hai0="64,18,68,112,83,73,55,37,33,25,50,117,92" hai1="119,22,80,85,10,44,87,48,118,107,94,130,123" hai2="28,81,35,106,126,40,100,96,82,99,76,17,0" hai3="110,122,67,133,128,125,86,89,36,45,47,78,15"/><U34/><E34/><V79/><F0/><W131/><G122/><T27/><D37/><U2/><E123/><V57/><F40/><W52/><G110/><T70/><D117/><U66/><E107/><V60/><F126/><W111/><G111/><T95/><D64/><U105/><E105/><V93/><F35/><W19/><G133/><T91/><D33/><U121/><E121/><V7/><F7/><W72/><G125/><T74/><D83/><U9/><E66/><V71/><F28/><W41/><G67/><T84/><D18/><U31/><E130/><V39/><F39/><W75/><G78/><N who="2" m="29737" /><F17/><W16/><G19/><T69/><D25/><N who="1" m="16823" /><E2/><V6/><F57/><W4/><G4/><T108/><D27/><U88/><E119/><V11/><F60/><W135/><G135/><T51/><D108/><U32/><E32/><V23/><F23/><W42/><G131/><T38/><D51/><U115/><E115/><V97/><F11/><N who="1" m="4105" /><E118/><V29/><F29/><W3/><G3/><T101/><D38/><U30/><E30/><V59/><F6/><W54/><G128/><T114/><D114/><U56/><E56/><V77/><F59/><W26/><G72/><T13/><D13/><U46/><E48/><V109/><F109/><W20/><G75/><T58/><REACH who="0" step="1"/><D112/><REACH who="0" ten="390,70,267,263" step="2"/><U124/><E124/><V53/><F71/><W8/><G15/><T98/><AGARI ba="0,1" hai="50,55,58,68,69,70,73,74,84,91,92,95,98,101" machi="98" ten="40,8000,1" yaku="1,1,2,1,0,1,52,2,53,0" doraHai="90" doraHaiUra="134" who="0" fromWho="0" sc="390,90,70,-40,267,-20,263,-20" /><INIT seed="6,0,0,2,0,75" ten="480,30,247,243" oya="2" hai0="83,101,16,18,65,13,81,104,128,43,2,41,78" hai1="23,118,67,8,71,26,69,37,64,134,36,50,28" hai2="74,20,117,84,22,10,53,130,80,57,42,123,15" hai3="98,85,0,125,91,24,39,108,106,59,119,120,121"/><V70/><F70/><W6/><G108/><T40/><D2/><U19/><E8/><V4/><F117/><W33/><G119/><T38/><D128/><U34/><E118/><V17/><F123/><W5/><G39/><N who="1" m="14922" /><E19/><V61/><F130/><W82/><G125/><T7/><D38/><U56/><E23/><V60/><F74/><W99/><G121/><T32/><D32/><U100/><E100/><V124/><F124/><W54/><G120/><T77/><D65/><N who="1" m="25163" /><E26/><V12/><F42/><W90/><G0/><T135/><D135/><U89/><E89/><V133/><F133/><W30/><G106/><T110/><D101/><U92/><E92/><V44/><F44/><W103/><G91/><T35/><D35/><U96/><E96/><V52/><F61/><W127/><G127/><T114/><D114/><U9/><E9/><N who="2" m="4135" /><F53/><W97/><REACH who="3" step="1"/><G103/><REACH who="3" ten="480,30,247,233" step="2"/><T122/><D122/><U95/><E134/><V109/><F109/><W112/><G112/><T87/><D110/><U46/><E95/><V21/><F10/><W93/><G93/><T94/><D94/><U129/><E129/><V131/><F131/><W88/><G88/><AGARI ba="0,1" hai="15,17,20,21,22,52,57,60,80,84,88" m="4135" machi="88" ten="30,5800,0" yaku="8,1,54,2" doraHai="75" who="2" fromWho="3" sc="480,0,30,0,247,68,233,-58" /><INIT seed="6,1,0,0,1,104" ten="480,30,315,175" oya="2" hai0="8,77,49,2,93,1,115,12,7,31,83,26,17" hai1="98,21,22,107,59,15,38,78,10,69,129,34,62" hai2="121,89,85,60,74,0,90,71,82,65,99,50,88" hai3="111,32,46,103,13,94,64,70,42,132,68,30,52"/><V36/><F36/><W28/><G111/><T130/><D115/><U101/><E38/><V40/><F121/><W116/><G132/><T56/><D130/><U55/><E129/><V18/><F0/><W81/><G116/><T11/><D93/><U54/><E34/><V86/><F99/><W128/><G128/><T66/><D11/><U112/><E112/><V123/><F123/><W122/><G122/><T97/><D97/><U25/><E69/><V131/><F131/><W76/><G94/><T108/><D108/><U58/><E78/><V9/><F40/><W72/><G103/><T29/><D29/><U91/><E91/><V113/><F50/><W5/><G52/><T14/><D14/><U47/><E47/><V48/><F48/><W79/><G79/><T106/><D106/><U96/><E96/><V45/><F45/><W133/><G133/><T73/><D7/><U134/><E25/><V27/><F113/><W23/><G32/><T39/><D39/><U44/><E44/><V109/><F109/><W67/><G68/><T119/><D119/><U41/><E41/><V24/><F74/><W126/><G126/><T16/><D17/><U57/><E134/><V53/><F53/><W87/><G72/><T4/><D4/><U118/><E118/><V125/><F125/><W127/><G70/><T84/><D73/><U95/><E107/><V3/><F3/><W114/><G127/><T100/><D100/><U37/><E37/><V117/><F117/><W80/><G114/><T102/><D102/><U63/><E58/><V92/><F89/><W75/><G42/><RYUUKYOKU ba="1,0" sc="480,-15,30,15,315,15,175,-15" hai1="10,15,21,22,54,55,57,59,62,63,95,98,101" hai2="9,18,24,27,60,65,71,82,85,86,88,90,92" /><INIT seed="6,2,0,2,5,132" ten="465,45,330,160" oya="2" hai0="25,24,9,124,126,36,116,80,44,111,70,100,86" hai1="77,74,57,113,105,75,11,120,135,127,102,66,123" hai2="46,76,43,33,54,69,48,119,52,94,125,26,89" hai3="110,45,122,56,3,50,37,93,18,20,6,134,95"/><V0/><F119/><W16/><G110/><T31/><D111/><U68/><E57/><V104/><F104/><W84/><G122/><N who="1" m="46634" /><E11/><V131/><F0/><W62/><G134/><T121/><D70/><U82/><E66/><V30/><F76/><W51/><G37/><T92/><D116/><U29/><E29/><V17/><F131/><W14/><G6/><T129/><D92/><N who="3" m="35401" /><G84/><T39/><D86/><U106/><E68/><V1/><F1/><W19/><G3/><T32/><D80/><U128/><E135/><V118/><F118/><W13/><G45/><T115/><D115/><U15/><E15/><N who="3" m="5642" /><G20/><T42/><D100/><U23/><E23/><V35/><F17/><W61/><G56/><T81/><D81/><N who="1" m="45239" /><E113/><V38/><F69/><W7/><G7/><T5/><D25/><U10/><E10/><V21/><F54/><W112/><G112/><T96/><D96/><N who="1" m="61639" /><E106/><V41/><F41/><W78/><G78/><T103/><D121/><U63/><E63/><AGARI ba="2,0" hai="16,18,19,50,51,61,62,63" m="5642,35401" machi="63" ten="30,7700,0" yaku="28,2,8,1,54,1" doraHai="132" who="3" fromWho="1" sc="465,0,45,-83,330,0,160,83" owari="465,56.5,-38,-53.8,330,13.0,243,-15.7" /></mjloggm>